|j|☆Linkinfernodouglas
|j|☆Maxxxxilla
|t:|1779723254
|gametype|singles
|player|p1|Linkinfernodouglas|1|1289
|player|p2|Maxxxxilla|alder|1304
|gen|9
|tier|[Gen 9] OU
|rated|
|rule|HP Percentage Mod: HP is shown in percentages
|rule|Endless Battle Clause: Forcing endless battles is banned
|rule|Species Clause: Limit one of each Pokémon
|rule|OHKO Clause: OHKO moves are banned
|rule|Evasion Items Clause: Evasion items are banned
|rule|Evasion Moves Clause: Evasion moves are banned
|rule|Evasion Abilities Clause: Evasion abilities are banned
|rule|Sleep Moves Clause: Sleep-inducing moves are banned
|clearpoke
|poke|p1|Dragonite, M|
|poke|p1|Cinderace, M|
|poke|p1|Glimmora, F|
|poke|p1|Deoxys-Speed|
|poke|p1|Ceruledge, F|
|poke|p1|Kingambit, F|
|poke|p2|Pelipper, M|
|poke|p2|Barraskewda, F|
|poke|p2|Raging Bolt|
|poke|p2|Zapdos|
|poke|p2|Dragonite, F|
|poke|p2|Kingdra, M|
|teampreview
|inactive|Battle timer is ON: inactive players will automatically lose when time's up. (requested by Maxxxxilla)
|
|t:|1779723272
|teamsize|p1|6
|teamsize|p2|6
|start
|switch|p1a: Glimmora|Glimmora, F|100/100
|switch|p2a: Pelipper|Pelipper, M|100/100
|-weather|RainDance|[from] ability: Drizzle|[of] p2a: Pelipper
|turn|1
|
|t:|1779723281
|move|p1a: Glimmora|Toxic|p2a: Pelipper
|-status|p2a: Pelipper|tox
|move|p2a: Pelipper|Surf|p1a: Glimmora
|-supereffective|p1a: Glimmora
|-damage|p1a: Glimmora|0 fnt
|faint|p1a: Glimmora
|
|-weather|RainDance|[upkeep]
|-damage|p2a: Pelipper|94/100 tox|[from] psn
|upkeep
|inactive|Linkinfernodouglas has 120 seconds left.
|
|t:|1779723341
|switch|p1a: Kingambit|Kingambit, F|100/100
|-ability|p1a: Kingambit|Pressure
|turn|2
|
|t:|1779723352
|switch|p2a: Barraskewda|Barraskewda, F|100/100
|move|p1a: Kingambit|Protect||[still]
|-fail|p1a: Kingambit
|
|-weather|RainDance|[upkeep]
|upkeep
|turn|3
|
|t:|1779723364
|switch|p1a: Dragonite|Dragonite, M|100/100
|move|p2a: Barraskewda|Close Combat|p1a: Dragonite
|-resisted|p1a: Dragonite
|-damage|p1a: Dragonite|91/100
|-unboost|p2a: Barraskewda|def|1
|-unboost|p2a: Barraskewda|spd|1
|-damage|p2a: Barraskewda|84/100|[from] item: Rocky Helmet|[of] p1a: Dragonite
|
|-weather|RainDance|[upkeep]
|upkeep
|turn|4
|
|t:|1779723382
|switch|p2a: Kingdra|Kingdra, M|100/100
|move|p1a: Dragonite|Thunder Wave|p2a: Kingdra
|-status|p2a: Kingdra|par
|
|-weather|RainDance|[upkeep]
|upkeep
|turn|5
|inactive|Linkinfernodouglas has 120 seconds left.
|
|t:|1779723390
|switch|p1a: Kingambit|Kingambit, F|100/100
|-ability|p1a: Kingambit|Pressure
|move|p2a: Kingdra|Draco Meteor|p1a: Kingambit
|-resisted|p1a: Kingambit
|-damage|p1a: Kingambit|55/100
|-unboost|p2a: Kingdra|spa|2
|
|-weather|RainDance|[upkeep]
|-heal|p1a: Kingambit|61/100|[from] item: Leftovers
|upkeep
|turn|6
|inactive|Linkinfernodouglas has 120 seconds left.
|
|t:|1779723401
|switch|p2a: Barraskewda|Barraskewda, F|84/100
|move|p1a: Kingambit|Substitute|p1a: Kingambit
|-start|p1a: Kingambit|Substitute
|-damage|p1a: Kingambit|36/100
|
|-weather|RainDance|[upkeep]
|-heal|p1a: Kingambit|43/100|[from] item: Leftovers
|upkeep
|turn|7
|
|t:|1779723407
|move|p1a: Kingambit|Protect|p1a: Kingambit
|-singleturn|p1a: Kingambit|Protect
|move|p2a: Barraskewda|Close Combat|p1a: Kingambit
|-activate|p1a: Kingambit|move: Protect
|
|-weather|RainDance|[upkeep]
|-heal|p1a: Kingambit|49/100|[from] item: Leftovers
|upkeep
|turn|8
|
|t:|1779723413
|move|p2a: Barraskewda|Close Combat|p1a: Kingambit
|-supereffective|p1a: Kingambit
|-end|p1a: Kingambit|Substitute
|-unboost|p2a: Barraskewda|def|1
|-unboost|p2a: Barraskewda|spd|1
|move|p1a: Kingambit|Kowtow Cleave|p2a: Barraskewda
|-damage|p2a: Barraskewda|0 fnt
|faint|p2a: Barraskewda
|
|-weather|none
|-heal|p1a: Kingambit|55/100|[from] item: Leftovers
|upkeep
|
|t:|1779723419
|switch|p2a: Dragonite|Dragonite, F|100/100
|turn|9
|
|t:|1779723442
|move|p1a: Kingambit|Protect|p1a: Kingambit
|-singleturn|p1a: Kingambit|Protect
|move|p2a: Dragonite|Dragon Dance|p2a: Dragonite
|-boost|p2a: Dragonite|atk|1
|-boost|p2a: Dragonite|spe|1
|
|-heal|p1a: Kingambit|61/100|[from] item: Leftovers
|upkeep
|turn|10
|
|t:|1779723457
|move|p2a: Dragonite|Earthquake|p1a: Kingambit
|-supereffective|p1a: Kingambit
|-damage|p1a: Kingambit|0 fnt
|faint|p1a: Kingambit
|
|upkeep
|inactive|Linkinfernodouglas has 120 seconds left.
|
|t:|1779723468
|switch|p1a: Dragonite|Dragonite, M|91/100
|turn|11
|
|t:|1779723475
|-terastallize|p2a: Dragonite|Normal
|move|p2a: Dragonite|Ice Spinner|p1a: Dragonite
|-supereffective|p1a: Dragonite
|-damage|p1a: Dragonite|0 fnt
|-damage|p2a: Dragonite|84/100|[from] item: Rocky Helmet|[of] p1a: Dragonite
|faint|p1a: Dragonite
|
|upkeep
|
|t:|1779723487
|switch|p1a: Cinderace|Cinderace, M|100/100
|turn|12
|
|t:|1779723500
|-terastallize|p1a: Cinderace|Grass
|move|p2a: Dragonite|Earthquake|p1a: Cinderace
|-resisted|p1a: Cinderace
|-damage|p1a: Cinderace|64/100
|move|p1a: Cinderace|Will-O-Wisp|p2a: Dragonite
|-status|p2a: Dragonite|brn
|
|-damage|p2a: Dragonite|78/100 brn|[from] brn
|upkeep
|turn|13
|inactive|Linkinfernodouglas has 120 seconds left.
|
|t:|1779723517
|move|p2a: Dragonite|Ice Spinner|p1a: Cinderace
|-supereffective|p1a: Cinderace
|-damage|p1a: Cinderace|8/100
|move|p1a: Cinderace|U-turn|p2a: Dragonite
|-crit|p2a: Dragonite
|-damage|p2a: Dragonite|48/100 brn
|inactive|Linkinfernodouglas has 120 seconds left.
|
|t:|1779723542
|switch|p1a: Deoxys|Deoxys-Speed|100/100|[from] U-turn
|-ability|p1a: Deoxys|Pressure
|
|-damage|p2a: Dragonite|42/100 brn|[from] brn
|upkeep
|turn|14
|
|t:|1779723550
|move|p2a: Dragonite|Extreme Speed|p1a: Deoxys
|-damage|p1a: Deoxys|69/100
|move|p1a: Deoxys|Cosmic Power|p1a: Deoxys
|-boost|p1a: Deoxys|def|1
|-boost|p1a: Deoxys|spd|1
|
|-damage|p2a: Dragonite|36/100 brn|[from] brn
|upkeep
|turn|15
|inactive|Linkinfernodouglas has 120 seconds left.
|
|t:|1779723559
|move|p2a: Dragonite|Extreme Speed|p1a: Deoxys
|-damage|p1a: Deoxys|46/100
|move|p1a: Deoxys|Cosmic Power|p1a: Deoxys
|-boost|p1a: Deoxys|def|1
|-boost|p1a: Deoxys|spd|1
|
|-damage|p2a: Dragonite|30/100 brn|[from] brn
|upkeep
|turn|16
|inactive|Linkinfernodouglas has 120 seconds left.
|
|t:|1779723571
|move|p2a: Dragonite|Extreme Speed|p1a: Deoxys
|-damage|p1a: Deoxys|29/100
|move|p1a: Deoxys|Recover|p1a: Deoxys
|-heal|p1a: Deoxys|79/100
|
|-damage|p2a: Dragonite|23/100 brn|[from] brn
|upkeep
|turn|17
|
|t:|1779723577
|switch|p2a: Pelipper|Pelipper, M|94/100 tox
|-weather|RainDance|[from] ability: Drizzle|[of] p2a: Pelipper
|move|p1a: Deoxys|Cosmic Power|p1a: Deoxys
|-boost|p1a: Deoxys|def|1
|-boost|p1a: Deoxys|spd|1
|
|-weather|RainDance|[upkeep]
|-damage|p2a: Pelipper|88/100 tox|[from] psn
|upkeep
|turn|18
|
|t:|1779723585
|move|p1a: Deoxys|Cosmic Power|p1a: Deoxys
|-boost|p1a: Deoxys|def|1
|-boost|p1a: Deoxys|spd|1
|move|p2a: Pelipper|Surf|p1a: Deoxys
|-damage|p1a: Deoxys|54/100
|
|-weather|RainDance|[upkeep]
|-damage|p2a: Pelipper|76/100 tox|[from] psn
|upkeep
|turn|19
|inactive|Linkinfernodouglas has 120 seconds left.
|
|t:|1779723613
|move|p1a: Deoxys|Cosmic Power|p1a: Deoxys
|-boost|p1a: Deoxys|def|1
|-boost|p1a: Deoxys|spd|1
|move|p2a: Pelipper|U-turn|p1a: Deoxys
|-supereffective|p1a: Deoxys
|-damage|p1a: Deoxys|48/100
|-enditem|p1a: Deoxys|Weakness Policy
|-boost|p1a: Deoxys|atk|2|[from] item: Weakness Policy
|-boost|p1a: Deoxys|spa|2|[from] item: Weakness Policy
|
|t:|1779723627
|switch|p2a: Raging Bolt|Raging Bolt|100/100|[from] U-turn
|-enditem|p2a: Raging Bolt|Booster Energy
|-activate|p2a: Raging Bolt|ability: Protosynthesis|[fromitem]
|-start|p2a: Raging Bolt|protosynthesisspa
|
|-weather|RainDance|[upkeep]
|upkeep
|turn|20
|
|t:|1779723636
|move|p1a: Deoxys|Recover|p1a: Deoxys
|-heal|p1a: Deoxys|99/100
|move|p2a: Raging Bolt|Thunder|p1a: Deoxys
|-damage|p1a: Deoxys|67/100
|
|-weather|RainDance|[upkeep]
|upkeep
|turn|21
|
|t:|1779723641
|move|p1a: Deoxys|Stored Power|p2a: Raging Bolt
|-crit|p2a: Raging Bolt
|-damage|p2a: Raging Bolt|0 fnt
|faint|p2a: Raging Bolt
|-end|p2a: Raging Bolt|Protosynthesis|[silent]
|
|-weather|RainDance|[upkeep]
|upkeep
|-message|Maxxxxilla forfeited.
|
|win|Linkinfernodouglas
|raw|Linkinfernodouglas's rating: 1289 &rarr; <strong>1315</strong><br />(+26 for winning)
|raw|Maxxxxilla's rating: 1304 &rarr; <strong>1283</strong><br />(-21 for losing)
|l|☆Maxxxxilla
|player|p2|
|c|☆Linkinfernodouglas|gg
