|j|☆isa2381
|j|☆Eiyuro
|t:|1779645753
|gametype|singles
|player|p1|isa2381|lady|1348
|player|p2|Eiyuro|lance|1337
|gen|9
|tier|[Gen 9] OU
|rated|
|rule|HP Percentage Mod: HP is shown in percentages
|rule|Endless Battle Clause: Forcing endless battles is banned
|rule|Species Clause: Limit one of each Pokémon
|rule|OHKO Clause: OHKO moves are banned
|rule|Evasion Items Clause: Evasion items are banned
|rule|Evasion Moves Clause: Evasion moves are banned
|rule|Evasion Abilities Clause: Evasion abilities are banned
|rule|Sleep Moves Clause: Sleep-inducing moves are banned
|clearpoke
|poke|p1|Skeledirge, M|
|poke|p1|Corviknight, F|
|poke|p1|Ogerpon-Wellspring, F|
|poke|p1|Slowking-Galar, M|
|poke|p1|Tyranitar, F|
|poke|p1|Iron Valiant|
|poke|p2|Great Tusk|
|poke|p2|Ogerpon-Wellspring, F|
|poke|p2|Dragapult, F|
|poke|p2|Darkrai|
|poke|p2|Corviknight, M|
|poke|p2|Gholdengo|
|teampreview
|
|t:|1779645764
|teamsize|p1|6
|teamsize|p2|6
|start
|switch|p1a: Ogerpon|Ogerpon-Wellspring, F|100/100
|switch|p2a: Corviknight|Corviknight, M|100/100
|-ability|p2a: Corviknight|Pressure
|turn|1
|inactive|Battle timer is ON: inactive players will automatically lose when time's up. (requested by Eiyuro)
|
|t:|1779645772
|switch|p1a: Corviknight|Corviknight, F|100/100
|-ability|p1a: Corviknight|Pressure
|move|p2a: Corviknight|U-turn|p1a: Corviknight
|-resisted|p1a: Corviknight
|-damage|p1a: Corviknight|98/100
|-damage|p2a: Corviknight|84/100|[from] item: Rocky Helmet|[of] p1a: Corviknight
|
|t:|1779645789
|switch|p2a: Dragapult|Dragapult, F, shiny|100/100|[from] U-turn
|
|upkeep
|turn|2
|
|t:|1779645794
|move|p2a: Dragapult|Will-O-Wisp|p1a: Corviknight|[miss]
|-miss|p2a: Dragapult|p1a: Corviknight
|move|p1a: Corviknight|U-turn|p2a: Dragapult
|-resisted|p2a: Dragapult
|-damage|p2a: Dragapult|91/100
|
|t:|1779645803
|switch|p1a: Tyranitar|Tyranitar, F|100/100|[from] U-turn
|-weather|Sandstorm|[from] ability: Sand Stream|[of] p1a: Tyranitar
|
|-weather|Sandstorm|[upkeep]
|-damage|p2a: Dragapult|85/100|[from] Sandstorm
|upkeep
|turn|3
|inactive|isa2381 has 120 seconds left.
|
|t:|1779645838
|move|p2a: Dragapult|Will-O-Wisp|p1a: Tyranitar
|-status|p1a: Tyranitar|brn
|move|p1a: Tyranitar|Knock Off|p2a: Dragapult
|-supereffective|p2a: Dragapult
|-damage|p2a: Dragapult|9/100
|-enditem|p2a: Dragapult|Life Orb|[from] move: Knock Off|[of] p1a: Tyranitar
|
|-weather|Sandstorm|[upkeep]
|-damage|p2a: Dragapult|3/100|[from] Sandstorm
|-damage|p1a: Tyranitar|94/100 brn|[from] brn
|upkeep
|turn|4
|inactive|isa2381 has 120 seconds left.
|
|t:|1779645853
|move|p2a: Dragapult|Dragon Pulse|p1a: Tyranitar
|-damage|p1a: Tyranitar|68/100 brn
|move|p1a: Tyranitar|Knock Off|p2a: Dragapult
|-supereffective|p2a: Dragapult
|-damage|p2a: Dragapult|0 fnt
|faint|p2a: Dragapult
|
|-weather|Sandstorm|[upkeep]
|-damage|p1a: Tyranitar|61/100 brn|[from] brn
|upkeep
|
|t:|1779645863
|switch|p2a: Ogerpon|Ogerpon-Wellspring, F|100/100
|turn|5
|
|t:|1779645869
|switch|p1a: Ogerpon|Ogerpon-Wellspring, F|100/100
|move|p2a: Ogerpon|Swords Dance|p2a: Ogerpon
|-boost|p2a: Ogerpon|atk|2
|
|-weather|Sandstorm|[upkeep]
|-damage|p1a: Ogerpon|95/100|[from] Sandstorm
|-damage|p2a: Ogerpon|95/100|[from] Sandstorm
|upkeep
|turn|6
|inactive|isa2381 has 120 seconds left.
|
|t:|1779645891
|switch|p1a: Slowking|Slowking-Galar, M|100/100
|move|p2a: Ogerpon|Horn Leech|p1a: Slowking
|-resisted|p1a: Slowking
|-damage|p1a: Slowking|53/100
|-heal|p2a: Ogerpon|100/100|[from] drain|[of] p1a: Slowking
|
|-weather|none
|upkeep
|turn|7
|inactive|isa2381 has 120 seconds left.
|l|☆Eiyuro
|inactive|Eiyuro disconnected and has a minute to reconnect!
|player|p2|
|inactive|isa2381 has 90 seconds left.
|j|☆Eiyuro
|inactive|Eiyuro reconnected and has 105 seconds left.
|player|p2|Eiyuro|lance|
|
|t:|1779645939
|move|p2a: Ogerpon|Knock Off|p1a: Slowking
|-supereffective|p1a: Slowking
|-damage|p1a: Slowking|0 fnt
|-enditem|p1a: Slowking|Assault Vest|[from] move: Knock Off|[of] p2a: Ogerpon
|faint|p1a: Slowking
|
|upkeep
|inactive|isa2381 has 90 seconds left.
|inactiveoff|Battle timer is now OFF.
|
|t:|1779645952
|switch|p1a: Tyranitar|Tyranitar, F|61/100 brn
|-weather|Sandstorm|[from] ability: Sand Stream|[of] p1a: Tyranitar
|turn|8
|
|t:|1779645963
|move|p1a: Tyranitar|Stone Edge|p2a: Ogerpon
|-damage|p2a: Ogerpon|66/100
|move|p2a: Ogerpon|Ivy Cudgel|p1a: Tyranitar|[anim] Ivy Cudgel Water
|-supereffective|p1a: Tyranitar
|-damage|p1a: Tyranitar|0 fnt
|faint|p1a: Tyranitar
|
|-weather|Sandstorm|[upkeep]
|-damage|p2a: Ogerpon|60/100|[from] Sandstorm
|upkeep
|inactive|Battle timer is ON: inactive players will automatically lose when time's up. (requested by Eiyuro)
|
|t:|1779645978
|switch|p1a: Iron Valiant|Iron Valiant|100/100
|-enditem|p1a: Iron Valiant|Booster Energy
|-activate|p1a: Iron Valiant|ability: Quark Drive|[fromitem]
|-start|p1a: Iron Valiant|quarkdrivespe
|turn|9
|
|t:|1779645987
|-terastallize|p2a: Ogerpon|Water
|detailschange|p2a: Ogerpon|Ogerpon-Wellspring-Tera, F, tera:Water
|-ability|p2a: Ogerpon|Embody Aspect (Wellspring)|boost
|-boost|p2a: Ogerpon|spd|1
|move|p1a: Iron Valiant|Close Combat|p2a: Ogerpon
|-damage|p2a: Ogerpon|0 fnt
|-unboost|p1a: Iron Valiant|def|1
|-unboost|p1a: Iron Valiant|spd|1
|faint|p2a: Ogerpon
|detailschange|p2: Ogerpon|Ogerpon-Wellspring, F|[silent]
|
|-weather|Sandstorm|[upkeep]
|-damage|p1a: Iron Valiant|94/100|[from] Sandstorm
|upkeep
|inactive|Eiyuro has 120 seconds left.
|
|t:|1779646000
|switch|p2a: Gholdengo|Gholdengo, shiny|100/100
|turn|10
|inactive|Eiyuro has 120 seconds left.
|
|t:|1779646010
|move|p1a: Iron Valiant|Knock Off|p2a: Gholdengo
|-supereffective|p2a: Gholdengo
|-damage|p2a: Gholdengo|34/100
|-enditem|p2a: Gholdengo|Choice Scarf|[from] move: Knock Off|[of] p1a: Iron Valiant
|move|p2a: Gholdengo|Shadow Ball|p1a: Iron Valiant
|-damage|p1a: Iron Valiant|0 fnt
|faint|p1a: Iron Valiant
|-end|p1a: Iron Valiant|Quark Drive|[silent]
|
|-weather|Sandstorm|[upkeep]
|upkeep
|
|t:|1779646022
|switch|p1a: Ogerpon|Ogerpon-Wellspring, F|95/100
|turn|11
|
|t:|1779646032
|move|p1a: Ogerpon|Knock Off|p2a: Gholdengo
|-supereffective|p2a: Gholdengo
|-damage|p2a: Gholdengo|0 fnt
|faint|p2a: Gholdengo
|
|-weather|Sandstorm|[upkeep]
|-damage|p1a: Ogerpon|89/100|[from] Sandstorm
|upkeep
|
|t:|1779646041
|switch|p2a: Corviknight|Corviknight, M|84/100
|-ability|p2a: Corviknight|Pressure
|turn|12
|inactive|isa2381 has 120 seconds left.
|
|t:|1779646052
|switch|p1a: Corviknight|Corviknight, F|98/100
|-ability|p1a: Corviknight|Pressure
|move|p2a: Corviknight|Brave Bird|p1a: Corviknight
|-resisted|p1a: Corviknight
|-damage|p1a: Corviknight|88/100
|-damage|p2a: Corviknight|67/100|[from] item: Rocky Helmet|[of] p1a: Corviknight
|-damage|p2a: Corviknight|64/100|[from] Recoil
|
|-weather|none
|upkeep
|turn|13
|inactive|isa2381 has 120 seconds left.
|
|t:|1779646068
|move|p1a: Corviknight|Brave Bird|p2a: Corviknight
|-resisted|p2a: Corviknight
|-damage|p2a: Corviknight|53/100
|-damage|p1a: Corviknight|71/100|[from] item: Rocky Helmet|[of] p2a: Corviknight
|-damage|p1a: Corviknight|68/100|[from] Recoil
|move|p2a: Corviknight|Roost|p2a: Corviknight
|-heal|p2a: Corviknight|100/100
|-singleturn|p2a: Corviknight|move: Roost
|
|upkeep
|turn|14
|inactive|isa2381 has 120 seconds left.
|
|t:|1779646084
|switch|p2a: Great Tusk|Great Tusk, shiny|100/100
|-enditem|p2a: Great Tusk|Booster Energy
|-activate|p2a: Great Tusk|ability: Protosynthesis|[fromitem]
|-start|p2a: Great Tusk|protosynthesisatk
|move|p1a: Corviknight|U-turn|p2a: Great Tusk
|-resisted|p2a: Great Tusk
|-damage|p2a: Great Tusk|96/100
|
|t:|1779646092
|switch|p1a: Ogerpon|Ogerpon-Wellspring, F|89/100|[from] U-turn
|
|upkeep
|turn|15
|
|t:|1779646097
|move|p1a: Ogerpon|Horn Leech|p2a: Great Tusk
|-supereffective|p2a: Great Tusk
|-crit|p2a: Great Tusk
|-damage|p2a: Great Tusk|19/100
|-heal|p1a: Ogerpon|100/100|[from] drain|[of] p2a: Great Tusk
|move|p2a: Great Tusk|Close Combat|p1a: Ogerpon
|-damage|p1a: Ogerpon|0 fnt
|-unboost|p2a: Great Tusk|def|1
|-unboost|p2a: Great Tusk|spd|1
|faint|p1a: Ogerpon
|
|upkeep
|inactive|isa2381 has 120 seconds left.
|
|t:|1779646107
|switch|p1a: Corviknight|Corviknight, F|68/100
|-ability|p1a: Corviknight|Pressure
|turn|16
|inactive|isa2381 has 120 seconds left.
|
|t:|1779646113
|move|p2a: Great Tusk|Close Combat|p1a: Corviknight
|-damage|p1a: Corviknight|16/100
|-unboost|p2a: Great Tusk|def|1
|-unboost|p2a: Great Tusk|spd|1
|-damage|p2a: Great Tusk|2/100|[from] item: Rocky Helmet|[of] p1a: Corviknight
|move|p1a: Corviknight|Brave Bird|p2a: Great Tusk
|-supereffective|p2a: Great Tusk
|-crit|p2a: Great Tusk
|-damage|p2a: Great Tusk|0 fnt
|faint|p2a: Great Tusk
|-end|p2a: Great Tusk|Protosynthesis|[silent]
|-damage|p1a: Corviknight|15/100|[from] Recoil
|
|upkeep
|
|t:|1779646125
|switch|p2a: Darkrai|Darkrai, shiny|100/100
|turn|17
|
|t:|1779646131
|move|p2a: Darkrai|Dark Pulse|p1a: Corviknight
|-damage|p1a: Corviknight|0 fnt
|faint|p1a: Corviknight
|
|upkeep
|
|t:|1779646134
|switch|p1a: Skeledirge|Skeledirge, M|100/100
|turn|18
|
|t:|1779646139
|-terastallize|p1a: Skeledirge|Fairy
|move|p2a: Darkrai|Dark Pulse|p1a: Skeledirge
|-resisted|p1a: Skeledirge
|-damage|p1a: Skeledirge|84/100
|move|p1a: Skeledirge|Will-O-Wisp|p2a: Darkrai
|-status|p2a: Darkrai|brn
|
|-damage|p2a: Darkrai|94/100 brn|[from] brn
|upkeep
|turn|19
|
|t:|1779646150
|switch|p2a: Corviknight|Corviknight, M|100/100
|-ability|p2a: Corviknight|Pressure
|move|p1a: Skeledirge|Torch Song|p2a: Corviknight
|-supereffective|p2a: Corviknight
|-damage|p2a: Corviknight|38/100
|-boost|p1a: Skeledirge|spa|1
|
|upkeep
|turn|20
|
|t:|1779646165
|move|p2a: Corviknight|Brave Bird|p1a: Skeledirge
|-damage|p1a: Skeledirge|51/100
|-damage|p2a: Corviknight|27/100|[from] Recoil
|move|p1a: Skeledirge|Torch Song|p2a: Corviknight
|-supereffective|p2a: Corviknight
|-damage|p2a: Corviknight|0 fnt
|-boost|p1a: Skeledirge|spa|1
|faint|p2a: Corviknight
|
|upkeep
|
|t:|1779646182
|switch|p2a: Darkrai|Darkrai, shiny|94/100 brn
|turn|21
|
|t:|1779646186
|move|p2a: Darkrai|Sludge Bomb|p1a: Skeledirge
|-supereffective|p1a: Skeledirge
|-damage|p1a: Skeledirge|0 fnt
|faint|p1a: Skeledirge
|
|win|Eiyuro
|raw|isa2381's rating: 1348 &rarr; <strong>1327</strong><br />(-21 for losing)
|raw|Eiyuro's rating: 1337 &rarr; <strong>1358</strong><br />(+21 for winning)
