|j|☆Revaroommm
|j|☆24iomxx
|t:|1779616621
|gametype|singles
|player|p1|Revaroommm|roughneck|1090
|player|p2|24iomxx|hilbert-masters|1100
|gen|9
|tier|[Gen 9] OU
|rated|
|rule|HP Percentage Mod: HP is shown in percentages
|rule|Endless Battle Clause: Forcing endless battles is banned
|rule|Species Clause: Limit one of each Pokémon
|rule|OHKO Clause: OHKO moves are banned
|rule|Evasion Items Clause: Evasion items are banned
|rule|Evasion Moves Clause: Evasion moves are banned
|rule|Evasion Abilities Clause: Evasion abilities are banned
|rule|Sleep Moves Clause: Sleep-inducing moves are banned
|clearpoke
|poke|p1|Scizor, M|
|poke|p1|Manaphy|
|poke|p1|Darkrai|
|poke|p1|Kingdra, M|
|poke|p1|Pelipper, M|
|poke|p1|Mamoswine, M|
|poke|p2|Hydreigon, F|
|poke|p2|Excadrill, F|
|poke|p2|Galvantula, F|
|poke|p2|Chandelure, M|
|poke|p2|Amoonguss, M|
|poke|p2|Braviary, M|
|teampreview
|inactive|Battle timer is ON: inactive players will automatically lose when time's up. (requested by 24iomxx)
|
|t:|1779616632
|teamsize|p1|6
|teamsize|p2|6
|start
|switch|p1a: Zach Larencroften|Mamoswine, M|100/100
|switch|p2a: Galvantula|Galvantula, F|100/100
|turn|1
|
|t:|1779616641
|move|p2a: Galvantula|Sticky Web|p1a: Zach Larencroften
|-sidestart|p1: Revaroommm|move: Sticky Web
|move|p1a: Zach Larencroften|Earthquake|p2a: Galvantula
|-damage|p2a: Galvantula|13/100
|
|upkeep
|turn|2
|
|t:|1779616646
|switch|p2a: Excadrill|Excadrill, F|100/100
|-ability|p2a: Excadrill|Mold Breaker
|-item|p2a: Excadrill|Air Balloon
|move|p1a: Zach Larencroften|Ice Shard|p2a: Excadrill
|-damage|p2a: Excadrill|70/100
|-enditem|p2a: Excadrill|Air Balloon
|
|upkeep
|turn|3
|
|t:|1779616651
|move|p2a: Excadrill|Iron Head|p1a: Zach Larencroften
|-supereffective|p1a: Zach Larencroften
|-enditem|p1a: Zach Larencroften|Focus Sash
|-damage|p1a: Zach Larencroften|1/100
|cant|p1a: Zach Larencroften|flinch
|
|upkeep
|turn|4
|
|t:|1779616674
|switch|p1a: David Gerenhoff|Scizor, M, shiny|100/100
|-activate|p1a: David Gerenhoff|move: Sticky Web
|-unboost|p1a: David Gerenhoff|spe|1
|move|p2a: Excadrill|Rapid Spin|p1a: David Gerenhoff
|-resisted|p1a: David Gerenhoff
|-damage|p1a: David Gerenhoff|91/100
|-boost|p2a: Excadrill|spe|1
|
|-heal|p1a: David Gerenhoff|97/100|[from] item: Leftovers
|upkeep
|turn|5
|
|t:|1779616680
|move|p2a: Excadrill|Swords Dance|p2a: Excadrill
|-boost|p2a: Excadrill|atk|2
|move|p1a: David Gerenhoff|Defog|p2a: Excadrill
|-unboost|p2a: Excadrill|evasion|1
|-sideend|p1: Revaroommm|Sticky Web|[from] move: Defog|[of] p1a: David Gerenhoff
|
|-heal|p1a: David Gerenhoff|100/100|[from] item: Leftovers
|upkeep
|turn|6
|
|t:|1779616688
|move|p2a: Excadrill|Earthquake|p1a: David Gerenhoff
|-damage|p1a: David Gerenhoff|1/100
|move|p1a: David Gerenhoff|Knock Off|p2a: Excadrill
|-damage|p2a: Excadrill|33/100
|
|-heal|p1a: David Gerenhoff|7/100|[from] item: Leftovers
|upkeep
|turn|7
|
|t:|1779616695
|move|p1a: David Gerenhoff|Bullet Punch|p2a: Excadrill
|-resisted|p2a: Excadrill
|-damage|p2a: Excadrill|9/100
|move|p2a: Excadrill|Rapid Spin|p1a: David Gerenhoff
|-resisted|p1a: David Gerenhoff
|-damage|p1a: David Gerenhoff|0 fnt
|-boost|p2a: Excadrill|spe|1
|faint|p1a: David Gerenhoff
|
|upkeep
|
|t:|1779616708
|switch|p1a: Zach Larencroften|Mamoswine, M|1/100
|turn|8
|
|t:|1779616711
|move|p1a: Zach Larencroften|Ice Shard|p2a: Excadrill
|-damage|p2a: Excadrill|0 fnt
|faint|p2a: Excadrill
|
|upkeep
|
|t:|1779616723
|switch|p2a: Chandelure|Chandelure, M|100/100
|turn|9
|
|t:|1779616729
|move|p2a: Chandelure|Energy Ball|p1a: Zach Larencroften
|-supereffective|p1a: Zach Larencroften
|-damage|p1a: Zach Larencroften|0 fnt
|faint|p1a: Zach Larencroften
|
|upkeep
|
|t:|1779616733
|switch|p1a: Nathan|Pelipper, M|100/100
|-weather|RainDance|[from] ability: Drizzle|[of] p1a: Nathan
|turn|10
|
|t:|1779616738
|-terastallize|p2a: Chandelure|Grass
|move|p2a: Chandelure|Energy Ball|p1a: Nathan
|-damage|p1a: Nathan|32/100
|move|p1a: Nathan|Hurricane|p2a: Chandelure
|-supereffective|p2a: Chandelure
|-damage|p2a: Chandelure|0 fnt
|faint|p2a: Chandelure
|
|-weather|RainDance|[upkeep]
|upkeep
|
|t:|1779616742
|switch|p2a: Galvantula|Galvantula, F|13/100
|turn|11
|
|t:|1779616754
|switch|p1a: Geofrey Sheldon|Kingdra, M|100/100
|move|p2a: Galvantula|Thunder|p1a: Geofrey Sheldon
|-damage|p1a: Geofrey Sheldon|42/100
|
|-weather|RainDance|[upkeep]
|upkeep
|turn|12
|
|t:|1779616758
|move|p1a: Geofrey Sheldon|Surf|p2a: Galvantula
|-damage|p2a: Galvantula|0 fnt
|faint|p2a: Galvantula
|
|-weather|RainDance|[upkeep]
|upkeep
|
|t:|1779616759
|switch|p2a: Amoonguss|Amoonguss, M|100/100
|turn|13
|
|t:|1779616767
|switch|p1a: Frank Manlee|Darkrai, shiny|100/100
|move|p2a: Amoonguss|Stun Spore|p1a: Frank Manlee|[miss]
|-miss|p2a: Amoonguss|p1a: Frank Manlee
|
|-weather|RainDance|[upkeep]
|upkeep
|turn|14
|
|t:|1779616775
|move|p1a: Frank Manlee|Ice Beam|p2a: Amoonguss
|-supereffective|p2a: Amoonguss
|-damage|p2a: Amoonguss|6/100
|-status|p2a: Amoonguss|frz
|cant|p2a: Amoonguss|frz
|
|-weather|RainDance|[upkeep]
|-heal|p2a: Amoonguss|12/100 frz|[from] item: Leftovers
|upkeep
|turn|15
|
|t:|1779616781
|switch|p1a: Geofrey Sheldon|Kingdra, M|42/100
|cant|p2a: Amoonguss|frz
|
|-weather|RainDance|[upkeep]
|-heal|p2a: Amoonguss|18/100 frz|[from] item: Leftovers
|upkeep
|turn|16
|
|t:|1779616784
|move|p1a: Geofrey Sheldon|Hurricane|p2a: Amoonguss
|-supereffective|p2a: Amoonguss
|-damage|p2a: Amoonguss|0 fnt
|faint|p2a: Amoonguss
|
|-weather|RainDance|[upkeep]
|upkeep
|
|t:|1779616786
|switch|p2a: Hydreigon|Hydreigon, F|100/100
|turn|17
|
|t:|1779616793
|switch|p2a: Braviary|Braviary, M|100/100
|move|p1a: Geofrey Sheldon|Hurricane|p2a: Braviary
|-damage|p2a: Braviary|42/100
|-start|p2a: Braviary|confusion
|
|-weather|none
|upkeep
|turn|18
|
|t:|1779616797
|switch|p1a: Nathan|Pelipper, M|32/100
|-weather|RainDance|[from] ability: Drizzle|[of] p1a: Nathan
|-activate|p2a: Braviary|confusion
|move|p2a: Braviary|Sky Attack||[still]
|-prepare|p2a: Braviary|Sky Attack
|-enditem|p2a: Braviary|Power Herb
|-anim|p2a: Braviary|Sky Attack|p1a: Nathan
|-damage|p1a: Nathan|0 fnt
|faint|p1a: Nathan
|
|-weather|RainDance|[upkeep]
|upkeep
|
|t:|1779616799
|switch|p1a: Geofrey Sheldon|Kingdra, M|42/100
|turn|19
|
|t:|1779616804
|move|p1a: Geofrey Sheldon|Surf|p2a: Braviary
|-damage|p2a: Braviary|0 fnt
|faint|p2a: Braviary
|
|-weather|RainDance|[upkeep]
|upkeep
|
|t:|1779616806
|switch|p2a: Hydreigon|Hydreigon, F|100/100
|turn|20
|
|t:|1779616810
|switch|p1a: Frank Manlee|Darkrai, shiny|100/100
|move|p2a: Hydreigon|Draco Meteor|p1a: Frank Manlee
|-crit|p1a: Frank Manlee
|-damage|p1a: Frank Manlee|0 fnt
|-unboost|p2a: Hydreigon|spa|2
|faint|p1a: Frank Manlee
|
|-weather|RainDance|[upkeep]
|upkeep
|
|t:|1779616812
|switch|p1a: Geofrey Sheldon|Kingdra, M|42/100
|turn|21
|
|t:|1779616814
|move|p1a: Geofrey Sheldon|Draco Meteor|p2a: Hydreigon
|-supereffective|p2a: Hydreigon
|-damage|p2a: Hydreigon|0 fnt
|-unboost|p1a: Geofrey Sheldon|spa|2
|faint|p2a: Hydreigon
|
|win|Revaroommm
|raw|Revaroommm's rating: 1090 &rarr; <strong>1117</strong><br />(+27 for winning)
|raw|24iomxx's rating: 1100 &rarr; <strong>1074</strong><br />(-26 for losing)
|l|☆24iomxx
|player|p2|
|l|☆Revaroommm
|player|p1|
