|j|☆WintyBird
|j|☆crust king kahn
|t:|1779687515
|gametype|singles
|player|p1|WintyBird|psychic-gen4|1569
|player|p2|crust king kahn|170|1557
|gen|9
|tier|[Gen 9] OU
|rated|
|rule|HP Percentage Mod: HP is shown in percentages
|rule|Endless Battle Clause: Forcing endless battles is banned
|rule|Species Clause: Limit one of each Pokémon
|rule|OHKO Clause: OHKO moves are banned
|rule|Evasion Items Clause: Evasion items are banned
|rule|Evasion Moves Clause: Evasion moves are banned
|rule|Evasion Abilities Clause: Evasion abilities are banned
|rule|Sleep Moves Clause: Sleep-inducing moves are banned
|clearpoke
|poke|p1|Walking Wake|
|poke|p1|Great Tusk|
|poke|p1|Ninetales, M|
|poke|p1|Cresselia, F|
|poke|p1|Zarude|
|poke|p1|Ceruledge, M|
|poke|p2|Cramorant, F|
|poke|p2|Iron Treads|
|poke|p2|Dragonite, M|
|poke|p2|Deoxys-Speed|
|poke|p2|Zamazenta-*|
|poke|p2|Garganacl, M|
|teampreview
|
|t:|1779687537
|teamsize|p1|6
|teamsize|p2|6
|start
|switch|p1a: Walking Wake|Walking Wake|100/100
|switch|p2a: Cramorant|Cramorant, F, shiny|100/100
|turn|1
|inactive|Battle timer is ON: inactive players will automatically lose when time's up. (requested by WintyBird)
|
|t:|1779687540
|move|p1a: Walking Wake|Draco Meteor|p2a: Cramorant
|-damage|p2a: Cramorant|41/100
|-unboost|p1a: Walking Wake|spa|2
|move|p2a: Cramorant|Surf|p1a: Walking Wake
|-formechange|p2a: Cramorant|Cramorant-Gorging|
|-resisted|p1a: Walking Wake
|-damage|p1a: Walking Wake|92/100
|
|upkeep
|turn|2
|
|t:|1779687547
|-end|p1a: Walking Wake|Protosynthesis|[silent]
|switch|p1a: Ninetales|Ninetales, M|100/100
|-weather|SunnyDay|[from] ability: Drought|[of] p1a: Ninetales
|move|p2a: Cramorant|Roost|p2a: Cramorant
|-heal|p2a: Cramorant|91/100
|-singleturn|p2a: Cramorant|move: Roost
|
|-weather|SunnyDay|[upkeep]
|upkeep
|turn|3
|
|t:|1779687552
|move|p1a: Ninetales|Will-O-Wisp|p2a: Cramorant
|-status|p2a: Cramorant|brn
|move|p2a: Cramorant|Surf|p1a: Ninetales
|-supereffective|p1a: Ninetales
|-damage|p1a: Ninetales|73/100
|
|-weather|SunnyDay|[upkeep]
|-damage|p2a: Cramorant|85/100 brn|[from] brn
|upkeep
|turn|4
|
|t:|1779687557
|switch|p1a: Walking Wake|Walking Wake|92/100
|-activate|p1a: Walking Wake|ability: Protosynthesis
|-start|p1a: Walking Wake|protosynthesisspe
|move|p2a: Cramorant|Surf|p1a: Walking Wake
|-resisted|p1a: Walking Wake
|-damage|p1a: Walking Wake|89/100
|
|-weather|SunnyDay|[upkeep]
|-damage|p2a: Cramorant|79/100 brn|[from] brn
|upkeep
|turn|5
|
|t:|1779687578
|move|p1a: Walking Wake|Draco Meteor|p2a: Cramorant
|-damage|p2a: Cramorant|25/100 brn
|-unboost|p1a: Walking Wake|spa|2
|-damage|p1a: Walking Wake|64/100|[from] ability: Gulp Missile|[of] p2a: Cramorant
|-status|p1a: Walking Wake|par
|-formechange|p2a: Cramorant|Cramorant|
|move|p2a: Cramorant|Roost|p2a: Cramorant
|-heal|p2a: Cramorant|75/100 brn
|-singleturn|p2a: Cramorant|move: Roost
|
|-weather|SunnyDay|[upkeep]
|-damage|p2a: Cramorant|69/100 brn|[from] brn
|upkeep
|turn|6
|
|t:|1779687589
|move|p1a: Walking Wake|Flip Turn|p2a: Cramorant
|-resisted|p2a: Cramorant
|-damage|p2a: Cramorant|62/100 brn
|
|t:|1779687594
|-end|p1a: Walking Wake|Protosynthesis|[silent]
|switch|p1a: Ninetales|Ninetales, M|73/100|[from] Flip Turn
|move|p2a: Cramorant|Surf|p1a: Ninetales
|-formechange|p2a: Cramorant|Cramorant-Gulping|
|-supereffective|p1a: Ninetales
|-damage|p1a: Ninetales|46/100
|
|-weather|SunnyDay|[upkeep]
|-damage|p2a: Cramorant|56/100 brn|[from] brn
|upkeep
|turn|7
|
|t:|1779687603
|switch|p1a: Zarude|Zarude|100/100
|move|p2a: Cramorant|Roost|p2a: Cramorant
|-heal|p2a: Cramorant|100/100 brn
|-singleturn|p2a: Cramorant|move: Roost
|
|-weather|SunnyDay|[upkeep]
|-damage|p2a: Cramorant|94/100 brn|[from] brn
|upkeep
|turn|8
|
|t:|1779687616
|move|p1a: Zarude|Swords Dance|p1a: Zarude
|-boost|p1a: Zarude|atk|2
|move|p2a: Cramorant|Hurricane|p1a: Zarude
|-supereffective|p1a: Zarude
|-crit|p1a: Zarude
|-damage|p1a: Zarude|0 fnt
|faint|p1a: Zarude
|
|-weather|SunnyDay|[upkeep]
|-damage|p2a: Cramorant|88/100 brn|[from] brn
|upkeep
|c|☆WintyBird|lol love the cramorant gg
|-message|WintyBird forfeited.
|
|win|crust king kahn
|raw|WintyBird's rating: 1569 &rarr; <strong>1548</strong><br />(-21 for losing)
|raw|crust king kahn's rating: 1557 &rarr; <strong>1578</strong><br />(+21 for winning)
|c|☆crust king kahn|gg
|l|☆WintyBird
|player|p1|
|c|☆crust king kahn|!dt leaf guard
|c|☆crust king kahn|/raw <ul class="utilichart"><li class="result"><span class="col namecol"><a href="https://dex.pokemonshowdown.com/abilities/leafguard">Leaf Guard</a></span> <span class="col abilitydesccol">If Sunny Day is active, this Pokemon cannot be statused and Rest will fail for it.</span> </li><li style="clear:both"></li></ul>
|c|☆crust king kahn|/raw <font size="1"><font color="#686868">Gen:</font> 4&nbsp;|&ThickSpace;&#10003; Ignored by Mold Breaker</font>

