|j|☆betterteams123
|j|‽leifohman
|t:|1779656490
|gametype|singles
|player|p1|betterteams123|lucas|1467
|player|p2|leifohman|2|1559
|gen|9
|tier|[Gen 9] OU
|rated|
|rule|HP Percentage Mod: HP is shown in percentages
|rule|Endless Battle Clause: Forcing endless battles is banned
|rule|Species Clause: Limit one of each Pokémon
|rule|OHKO Clause: OHKO moves are banned
|rule|Evasion Items Clause: Evasion items are banned
|rule|Evasion Moves Clause: Evasion moves are banned
|rule|Evasion Abilities Clause: Evasion abilities are banned
|rule|Sleep Moves Clause: Sleep-inducing moves are banned
|clearpoke
|poke|p1|Dragapult, F|
|poke|p1|Corviknight, M|
|poke|p1|Blissey, F|
|poke|p1|Alomomola, F|
|poke|p1|Gliscor, F|
|poke|p1|Orthworm, F|
|poke|p2|Porygon2|
|poke|p2|Dragapult, F|
|poke|p2|Deoxys-Speed|
|poke|p2|Cinderace, M|
|poke|p2|Donphan, M|
|poke|p2|Gardevoir, F|
|teampreview
|inactive|Battle timer is ON: inactive players will automatically lose when time's up. (requested by leifohman)
|inactive|leifohman has 120 seconds left.
|inactive|leifohman has 90 seconds left.
|
|t:|1779656569
|teamsize|p1|6
|teamsize|p2|6
|start
|switch|p1a: Dragapult|Dragapult, F|100/100
|switch|p2a: Deoxys|Deoxys-Speed, shiny|100/100
|-ability|p2a: Deoxys|Pressure
|turn|1
|
|t:|1779656575
|switch|p1a: Gliscor|Gliscor, F|100/100
|-terastallize|p2a: Deoxys|Dark
|move|p2a: Deoxys|Knock Off|p1a: Gliscor
|-damage|p1a: Gliscor|63/100
|-enditem|p1a: Gliscor|Toxic Orb|[from] move: Knock Off|[of] p2a: Deoxys
|-damage|p2a: Deoxys|91/100|[from] item: Life Orb
|
|upkeep
|turn|2
|
|t:|1779656582
|move|p2a: Deoxys|Ice Beam|p1a: Gliscor
|-supereffective|p1a: Gliscor
|-damage|p1a: Gliscor|0 fnt
|faint|p1a: Gliscor
|-damage|p2a: Deoxys|81/100|[from] item: Life Orb
|
|upkeep
|
|t:|1779656589
|switch|p1a: Orthworm|Orthworm, F|100/100
|turn|3
|inactive|leifohman has 120 seconds left.
|
|t:|1779656627
|move|p2a: Deoxys|Superpower|p1a: Orthworm
|-supereffective|p1a: Orthworm
|-damage|p1a: Orthworm|49/100
|-unboost|p2a: Deoxys|atk|1
|-unboost|p2a: Deoxys|def|1
|-damage|p2a: Deoxys|71/100|[from] item: Life Orb
|move|p1a: Orthworm|Body Press|p2a: Deoxys
|-supereffective|p2a: Deoxys
|-damage|p2a: Deoxys|0 fnt
|faint|p2a: Deoxys
|
|-heal|p1a: Orthworm|55/100|[from] item: Leftovers
|upkeep
|
|t:|1779656636
|switch|p2a: Cinderace|Cinderace, M, shiny|100/100
|turn|4
|
|t:|1779656642
|move|p2a: Cinderace|U-turn|p1a: Orthworm
|-start|p2a: Cinderace|typechange|Bug|[from] ability: Libero
|-resisted|p1a: Orthworm
|-damage|p1a: Orthworm|44/100
|
|t:|1779656648
|switch|p2a: Dragapult|Dragapult, F, shiny|100/100|[from] U-turn
|move|p1a: Orthworm|Body Press|p2a: Dragapult
|-immune|p2a: Dragapult
|
|-heal|p1a: Orthworm|50/100|[from] item: Leftovers
|upkeep
|turn|5
|
|t:|1779656659
|move|p2a: Dragapult|U-turn|p1a: Orthworm
|-resisted|p1a: Orthworm
|-damage|p1a: Orthworm|44/100
|
|t:|1779656662
|switch|p2a: Gardevoir|Gardevoir, F, shiny|100/100|[from] U-turn
|-ability|p2a: Gardevoir|Earth Eater|Trace|[from] ability: Trace|[of] p1a: Orthworm
|move|p1a: Orthworm|Rest|p1a: Orthworm
|-status|p1a: Orthworm|slp|[from] move: Rest
|-heal|p1a: Orthworm|100/100 slp|[silent]
|
|upkeep
|turn|6
|
|t:|1779656671
|switch|p1a: Corviknight|Corviknight, M|100/100
|-ability|p1a: Corviknight|Pressure
|move|p2a: Gardevoir|Trick|p1a: Corviknight
|-activate|p2a: Gardevoir|move: Trick|[of] p1a: Corviknight
|-item|p1a: Corviknight|Choice Scarf|[from] move: Trick
|-item|p2a: Gardevoir|Leftovers|[from] move: Trick
|
|upkeep
|turn|7
|
|t:|1779656678
|switch|p2a: Cinderace|Cinderace, M, shiny|100/100
|move|p1a: Corviknight|Brave Bird|p2a: Cinderace
|-damage|p2a: Cinderace|43/100
|-damage|p1a: Corviknight|86/100|[from] Recoil
|
|upkeep
|turn|8
|
|t:|1779656686
|switch|p1a: Alomomola|Alomomola, F|100/100
|move|p2a: Cinderace|Pyro Ball|p1a: Alomomola
|-resisted|p1a: Alomomola
|-damage|p1a: Alomomola|86/100
|-status|p1a: Alomomola|brn
|
|-damage|p1a: Alomomola|80/100 brn|[from] brn
|upkeep
|turn|9
|
|t:|1779656691
|move|p2a: Cinderace|U-turn|p1a: Alomomola
|-start|p2a: Cinderace|typechange|Bug|[from] ability: Libero
|-damage|p1a: Alomomola|61/100 brn
|
|t:|1779656695
|switch|p2a: Gardevoir|Gardevoir, F, shiny|100/100|[from] U-turn
|-ability|p2a: Gardevoir|Regenerator|Trace|[from] ability: Trace|[of] p1a: Alomomola
|move|p1a: Alomomola|Flip Turn|p2a: Gardevoir
|-damage|p2a: Gardevoir|86/100
|
|t:|1779656699
|switch|p1a: Dragapult|Dragapult, F|100/100|[from] Flip Turn
|
|-heal|p2a: Gardevoir|93/100|[from] item: Leftovers
|upkeep
|turn|10
|
|t:|1779656708
|switch|p2a: Porygon2|Porygon2, shiny|100/100
|-ability|p2a: Porygon2|Infiltrator|Trace|[from] ability: Trace|[of] p1a: Dragapult
|move|p1a: Dragapult|Shadow Ball|p2a: Porygon2
|-immune|p2a: Porygon2
|
|upkeep
|turn|11
|
|t:|1779656719
|switch|p1a: Alomomola|Alomomola, F|94/100 brn
|move|p2a: Porygon2|Discharge|p1a: Alomomola
|-supereffective|p1a: Alomomola
|-damage|p1a: Alomomola|45/100 brn
|
|-damage|p1a: Alomomola|39/100 brn|[from] brn
|upkeep
|turn|12
|
|t:|1779656725
|switch|p1a: Blissey|Blissey, F|100/100
|move|p2a: Porygon2|Discharge|p1a: Blissey
|-damage|p1a: Blissey|94/100
|
|upkeep
|turn|13
|
|t:|1779656730
|switch|p2a: Donphan|Donphan, M, shiny|100/100
|move|p1a: Blissey|Seismic Toss|p2a: Donphan
|-damage|p2a: Donphan|74/100
|
|upkeep
|turn|14
|
|t:|1779656740
|switch|p1a: Alomomola|Alomomola, F|72/100 brn
|move|p2a: Donphan|Earthquake|p1a: Alomomola
|-damage|p1a: Alomomola|42/100 brn
|
|-damage|p1a: Alomomola|36/100 brn|[from] brn
|upkeep
|turn|15
|
|t:|1779656747
|switch|p1a: Corviknight|Corviknight, M|86/100
|-ability|p1a: Corviknight|Pressure
|move|p2a: Donphan|Earthquake|p1a: Corviknight
|-immune|p1a: Corviknight
|
|upkeep
|turn|16
|
|t:|1779656760
|switch|p1a: Dragapult|Dragapult, F|100/100
|switch|p2a: Porygon2|Porygon2, shiny|100/100
|-ability|p2a: Porygon2|Infiltrator|Trace|[from] ability: Trace|[of] p1a: Dragapult
|
|upkeep
|turn|17
|
|t:|1779656768
|-terastallize|p1a: Dragapult|Dragon
|move|p1a: Dragapult|Draco Meteor|p2a: Porygon2
|-damage|p2a: Porygon2|47/100
|-unboost|p1a: Dragapult|spa|2
|move|p2a: Porygon2|Discharge|p1a: Dragapult
|-resisted|p1a: Dragapult
|-damage|p1a: Dragapult|86/100
|
|upkeep
|turn|18
|
|t:|1779656781
|switch|p1a: Blissey|Blissey, F|94/100
|move|p2a: Porygon2|Recover|p2a: Porygon2
|-heal|p2a: Porygon2|97/100
|
|upkeep
|turn|19
|
|t:|1779656798
|switch|p2a: Donphan|Donphan, M, shiny|74/100
|move|p1a: Blissey|Seismic Toss|p2a: Donphan
|-damage|p2a: Donphan|48/100
|
|upkeep
|turn|20
|
|t:|1779656806
|switch|p1a: Corviknight|Corviknight, M|86/100
|-ability|p1a: Corviknight|Pressure
|move|p2a: Donphan|Earthquake|p1a: Corviknight
|-immune|p1a: Corviknight
|
|upkeep
|turn|21
|
|t:|1779656813
|move|p1a: Corviknight|Brave Bird|p2a: Donphan
|-damage|p2a: Donphan|22/100
|-damage|p1a: Corviknight|78/100|[from] Recoil
|move|p2a: Donphan|Ice Spinner|p1a: Corviknight
|-damage|p1a: Corviknight|61/100
|
|upkeep
|turn|22
|
|t:|1779656822
|move|p1a: Corviknight|Brave Bird|p2a: Donphan
|-damage|p2a: Donphan|0 fnt
|faint|p2a: Donphan
|-damage|p1a: Corviknight|54/100|[from] Recoil
|
|upkeep
|
|t:|1779656838
|switch|p2a: Cinderace|Cinderace, M, shiny|43/100
|turn|23
|
|t:|1779656849
|move|p2a: Cinderace|Pyro Ball|p1a: Corviknight
|-supereffective|p1a: Corviknight
|-damage|p1a: Corviknight|0 fnt
|faint|p1a: Corviknight
|
|upkeep
|
|t:|1779656851
|switch|p1a: Dragapult|Dragapult, F, tera:Dragon|86/100
|turn|24
|
|t:|1779656867
|switch|p2a: Porygon2|Porygon2, shiny|97/100
|-ability|p2a: Porygon2|Infiltrator|Trace|[from] ability: Trace|[of] p1a: Dragapult
|move|p1a: Dragapult|Will-O-Wisp|p2a: Porygon2|[miss]
|-miss|p1a: Dragapult|p2a: Porygon2
|
|upkeep
|turn|25
|-message|betterteams123 forfeited.
|
|win|leifohman
|raw|betterteams123's rating: 1467 &rarr; <strong>1452</strong><br />(-15 for losing)
|raw|leifohman's rating: 1559 &rarr; <strong>1574</strong><br />(+15 for winning)
|l|☆betterteams123
|player|p1|
|l|‽leifohman
|player|p2|
