|j|☆Team10thPlanet
|j|☆ImmaSunU
|t:|1779659783
|gametype|singles
|player|p1|Team10thPlanet|veteran|1610
|player|p2|ImmaSunU|lance|1596
|gen|9
|tier|[Gen 9] OU
|rated|
|rule|HP Percentage Mod: HP is shown in percentages
|rule|Endless Battle Clause: Forcing endless battles is banned
|rule|Species Clause: Limit one of each Pokémon
|rule|OHKO Clause: OHKO moves are banned
|rule|Evasion Items Clause: Evasion items are banned
|rule|Evasion Moves Clause: Evasion moves are banned
|rule|Evasion Abilities Clause: Evasion abilities are banned
|rule|Sleep Moves Clause: Sleep-inducing moves are banned
|clearpoke
|poke|p1|Zamazenta-*|
|poke|p1|Dragonite, M|
|poke|p1|Araquanid, M|
|poke|p1|Iron Treads|
|poke|p1|Raikou|
|poke|p1|Hoopa-Unbound|
|poke|p2|Torkoal, F|
|poke|p2|Walking Wake|
|poke|p2|Scizor, M|
|poke|p2|Great Tusk|
|poke|p2|Hatterene, F|
|poke|p2|Venusaur, F|
|teampreview
|
|t:|1779659799
|teamsize|p1|6
|teamsize|p2|6
|start
|switch|p1a: Diego ⚡️|Raikou|100/100
|switch|p2a: Scizor|Scizor, M|100/100
|-ability|p1a: Diego ⚡️|Pressure
|turn|1
|
|t:|1779659808
|-terastallize|p1a: Diego ⚡️|Electric
|move|p1a: Diego ⚡️|Thunderbolt|p2a: Scizor
|-damage|p2a: Scizor|0 fnt
|faint|p2a: Scizor
|
|upkeep
|
|t:|1779659813
|switch|p2a: Great Tusk|Great Tusk|100/100
|turn|2
|
|t:|1779659816
|switch|p1a: Johnny Tsunami 🌊|Araquanid, M|100/100
|move|p2a: Great Tusk|Knock Off|p1a: Johnny Tsunami 🌊
|-damage|p1a: Johnny Tsunami 🌊|66/100
|-enditem|p1a: Johnny Tsunami 🌊|Custap Berry|[from] move: Knock Off|[of] p2a: Great Tusk
|
|upkeep
|turn|3
|
|t:|1779659825
|-end|p2a: Great Tusk|Protosynthesis|[silent]
|switch|p2a: Torkoal|Torkoal, F|100/100
|-weather|SunnyDay|[from] ability: Drought|[of] p2a: Torkoal
|move|p1a: Johnny Tsunami 🌊|Surf|p2a: Torkoal
|-supereffective|p2a: Torkoal
|-damage|p2a: Torkoal|20/100
|
|-weather|SunnyDay|[upkeep]
|upkeep
|turn|4
|
|t:|1779659834
|switch|p2a: Venusaur|Venusaur, F|100/100
|move|p1a: Johnny Tsunami 🌊|Surf|p2a: Venusaur
|-resisted|p2a: Venusaur
|-damage|p2a: Venusaur|85/100
|
|-weather|SunnyDay|[upkeep]
|upkeep
|turn|5
|
|t:|1779659842
|switch|p2a: Hatterene|Hatterene, F|100/100
|move|p1a: Johnny Tsunami 🌊|Sticky Web|p2a: Hatterene
|move|p2a: Hatterene|Sticky Web|p1a: Johnny Tsunami 🌊|[from] ability: Magic Bounce
|-sidestart|p1: Team10thPlanet|move: Sticky Web
|
|-weather|SunnyDay|[upkeep]
|upkeep
|turn|6
|
|t:|1779659851
|move|p1a: Johnny Tsunami 🌊|Endeavor|p2a: Hatterene
|-damage|p2a: Hatterene|71/100
|move|p2a: Hatterene|Psyshock|p1a: Johnny Tsunami 🌊
|-damage|p1a: Johnny Tsunami 🌊|20/100
|
|-weather|SunnyDay|[upkeep]
|upkeep
|turn|7
|
|t:|1779659861
|switch|p1a: Iron Treads|Iron Treads|100/100
|-activate|p1a: Iron Treads|move: Sticky Web
|-unboost|p1a: Iron Treads|spe|1
|-enditem|p1a: Iron Treads|Booster Energy
|-activate|p1a: Iron Treads|ability: Quark Drive|[fromitem]
|-start|p1a: Iron Treads|quarkdriveatk
|move|p2a: Hatterene|Psyshock|p1a: Iron Treads
|-resisted|p1a: Iron Treads
|-damage|p1a: Iron Treads|80/100
|
|-weather|SunnyDay|[upkeep]
|upkeep
|turn|8
|
|t:|1779659874
|move|p1a: Iron Treads|Rapid Spin|p2a: Hatterene
|-damage|p2a: Hatterene|48/100
|-boost|p1a: Iron Treads|spe|1
|-sideend|p1: Team10thPlanet|Sticky Web|[from] move: Rapid Spin|[of] p1a: Iron Treads
|move|p2a: Hatterene|Mystical Fire|p1a: Iron Treads
|-supereffective|p1a: Iron Treads
|-damage|p1a: Iron Treads|0 fnt
|faint|p1a: Iron Treads
|-end|p1a: Iron Treads|Quark Drive|[silent]
|
|-weather|SunnyDay|[upkeep]
|upkeep
|c|☆Team10thPlanet|you got me there lol
|
|t:|1779659894
|switch|p1a: Diego ⚡️|Raikou, tera:Electric|100/100
|-ability|p1a: Diego ⚡️|Pressure
|turn|9
|c|☆ImmaSunU|i didnt expect the turn one tera to kill
|
|t:|1779659913
|move|p1a: Diego ⚡️|Shadow Ball|p2a: Hatterene
|-supereffective|p2a: Hatterene
|-crit|p2a: Hatterene
|-damage|p2a: Hatterene|0 fnt
|faint|p2a: Hatterene
|
|-weather|SunnyDay|[upkeep]
|upkeep
|
|t:|1779659918
|switch|p2a: Great Tusk|Great Tusk|100/100
|-activate|p2a: Great Tusk|ability: Protosynthesis
|-start|p2a: Great Tusk|protosynthesisatk
|turn|10
|
|t:|1779659932
|switch|p1a: Fat Boy|Dragonite, M, shiny|100/100
|-terastallize|p2a: Great Tusk|Ice
|move|p2a: Great Tusk|Ice Spinner|p1a: Fat Boy
|-supereffective|p1a: Fat Boy
|-damage|p1a: Fat Boy|0 fnt
|faint|p1a: Fat Boy
|
|-weather|none
|-end|p2a: Great Tusk|Protosynthesis
|upkeep
|
|t:|1779659949
|switch|p1a: Johnny Tsunami 🌊|Araquanid, M|20/100
|turn|11
|
|t:|1779659953
|move|p2a: Great Tusk|Ice Spinner|p1a: Johnny Tsunami 🌊
|-resisted|p1a: Johnny Tsunami 🌊
|-damage|p1a: Johnny Tsunami 🌊|0 fnt
|faint|p1a: Johnny Tsunami 🌊
|
|upkeep
|
|t:|1779659977
|switch|p1a: Diego ⚡️|Raikou, tera:Electric|100/100
|-ability|p1a: Diego ⚡️|Pressure
|turn|12
|
|t:|1779659985
|-end|p2a: Great Tusk|Protosynthesis|[silent]
|switch|p2a: Torkoal|Torkoal, F|20/100
|-weather|SunnyDay|[from] ability: Drought|[of] p2a: Torkoal
|move|p1a: Diego ⚡️|Thunderbolt|p2a: Torkoal
|-damage|p2a: Torkoal|0 fnt
|faint|p2a: Torkoal
|
|-weather|SunnyDay|[upkeep]
|upkeep
|
|t:|1779659993
|switch|p2a: Great Tusk|Great Tusk, tera:Ice|100/100
|-activate|p2a: Great Tusk|ability: Protosynthesis
|-start|p2a: Great Tusk|protosynthesisatk
|turn|13
|
|t:|1779660013
|switch|p1a: Zamazenta|Zamazenta|100/100
|-ability|p1a: Zamazenta|Dauntless Shield|boost
|-boost|p1a: Zamazenta|def|1
|move|p2a: Great Tusk|Headlong Rush|p1a: Zamazenta
|-damage|p1a: Zamazenta|51/100
|-unboost|p2a: Great Tusk|def|1
|-unboost|p2a: Great Tusk|spd|1
|
|-weather|SunnyDay|[upkeep]
|upkeep
|turn|14
|
|t:|1779660024
|-end|p2a: Great Tusk|Protosynthesis|[silent]
|switch|p2a: Venusaur|Venusaur, F|85/100
|move|p1a: Zamazenta|Close Combat|p2a: Venusaur
|-resisted|p2a: Venusaur
|-crit|p2a: Venusaur
|-damage|p2a: Venusaur|1/100
|-unboost|p1a: Zamazenta|def|1
|-unboost|p1a: Zamazenta|spd|1
|
|-weather|SunnyDay|[upkeep]
|upkeep
|turn|15
|
|t:|1779660039
|move|p2a: Venusaur|Weather Ball|p1a: Zamazenta
|-damage|p1a: Zamazenta|0 fnt
|faint|p1a: Zamazenta
|-damage|p2a: Venusaur|0 fnt|[from] item: Life Orb
|faint|p2a: Venusaur
|
|-weather|SunnyDay|[upkeep]
|upkeep
|
|t:|1779660055
|switch|p1a: Hoopa|Hoopa-Unbound|100/100
|switch|p2a: Great Tusk|Great Tusk, tera:Ice|100/100
|-activate|p2a: Great Tusk|ability: Protosynthesis
|-start|p2a: Great Tusk|protosynthesisatk
|turn|16
|j| nesnot
|inactive|Battle timer is ON: inactive players will automatically lose when time's up. (requested by Team10thPlanet)
|
|t:|1779660146
|-end|p2a: Great Tusk|Protosynthesis|[silent]
|switch|p2a: Walking Wake|Walking Wake|100/100
|-activate|p2a: Walking Wake|ability: Protosynthesis
|-start|p2a: Walking Wake|protosynthesisspe
|move|p1a: Hoopa|Psychic|p2a: Walking Wake
|-damage|p2a: Walking Wake|36/100
|
|-weather|SunnyDay|[upkeep]
|upkeep
|turn|17
|
|t:|1779660158
|move|p2a: Walking Wake|Hydro Steam|p1a: Hoopa
|-damage|p1a: Hoopa|20/100
|move|p1a: Hoopa|Psychic|p2a: Walking Wake
|-damage|p2a: Walking Wake|0 fnt
|faint|p2a: Walking Wake
|-end|p2a: Walking Wake|Protosynthesis|[silent]
|
|-weather|SunnyDay|[upkeep]
|upkeep
|l| nesnot
|
|t:|1779660165
|switch|p2a: Great Tusk|Great Tusk, tera:Ice|100/100
|-activate|p2a: Great Tusk|ability: Protosynthesis
|-start|p2a: Great Tusk|protosynthesisatk
|turn|18
|j| nesnot
|
|t:|1779660171
|move|p2a: Great Tusk|Headlong Rush|p1a: Hoopa
|-damage|p1a: Hoopa|0 fnt
|-unboost|p2a: Great Tusk|def|1
|-unboost|p2a: Great Tusk|spd|1
|faint|p1a: Hoopa
|
|-weather|SunnyDay|[upkeep]
|upkeep
|c|☆ImmaSunU|gg
|
|t:|1779660192
|switch|p1a: Diego ⚡️|Raikou, tera:Electric|100/100
|-ability|p1a: Diego ⚡️|Pressure
|turn|19
|
|t:|1779660196
|move|p2a: Great Tusk|Headlong Rush|p1a: Diego ⚡️
|-supereffective|p1a: Diego ⚡️
|-damage|p1a: Diego ⚡️|0 fnt
|-unboost|p2a: Great Tusk|def|1
|-unboost|p2a: Great Tusk|spd|1
|faint|p1a: Diego ⚡️
|
|win|ImmaSunU
|raw|Team10thPlanet's rating: 1610 &rarr; <strong>1589</strong><br />(-21 for losing)
|raw|ImmaSunU's rating: 1596 &rarr; <strong>1617</strong><br />(+21 for winning)
|l| nesnot
|l|☆Team10thPlanet
|player|p1|
|l|☆ImmaSunU
|player|p2|
