|j|☆sadaasdfasdasd
|j|☆1000TURNSFR
|t:|1779671371
|gametype|singles
|player|p1|sadaasdfasdasd|169|1577
|player|p2|1000TURNSFR|ghetsis|1581
|gen|9
|tier|[Gen 9] OU
|rated|
|rule|HP Percentage Mod: HP is shown in percentages
|rule|Endless Battle Clause: Forcing endless battles is banned
|rule|Species Clause: Limit one of each Pokémon
|rule|OHKO Clause: OHKO moves are banned
|rule|Evasion Items Clause: Evasion items are banned
|rule|Evasion Moves Clause: Evasion moves are banned
|rule|Evasion Abilities Clause: Evasion abilities are banned
|rule|Sleep Moves Clause: Sleep-inducing moves are banned
|clearpoke
|poke|p1|Serperior, M|
|poke|p1|Skeledirge, M|
|poke|p1|Ting-Lu|
|poke|p1|Gholdengo|
|poke|p1|Rotom-Wash|
|poke|p1|Weavile, M|
|poke|p2|Clodsire, F|
|poke|p2|Dondozo, F|
|poke|p2|Alomomola, F|
|poke|p2|Talonflame, F|
|poke|p2|Toxapex, F|
|poke|p2|Blissey, F|
|teampreview
|inactive|Battle timer is ON: inactive players will automatically lose when time's up. (requested by 1000TURNSFR)
|inactive|sadaasdfasdasd has 120 seconds left.
|
|t:|1779671453
|teamsize|p1|6
|teamsize|p2|6
|start
|switch|p1a: slow cycle|Rotom-Wash|100/100
|switch|p2a: Keep Trying.|Toxapex, F|100/100
|turn|1
|
|t:|1779671459
|-terastallize|p1a: slow cycle|Steel
|move|p1a: slow cycle|Will-O-Wisp|p2a: Keep Trying.
|-status|p2a: Keep Trying.|brn
|move|p2a: Keep Trying.|Toxic|p1a: slow cycle
|-immune|p1a: slow cycle
|
|-damage|p2a: Keep Trying.|94/100 brn|[from] brn
|upkeep
|turn|2
|
|t:|1779671464
|switch|p2a: Still Trying?|Blissey, F, shiny|100/100
|move|p1a: slow cycle|Volt Switch|p2a: Still Trying?
|-damage|p2a: Still Trying?|92/100
|
|t:|1779671466
|switch|p1a: Weavile|Weavile, M|100/100|[from] Volt Switch
|
|upkeep
|turn|3
|
|t:|1779671468
|switch|p2a: Keep Trying.|Toxapex, F|100/100 brn
|move|p1a: Weavile|Knock Off|p2a: Keep Trying.
|-damage|p2a: Keep Trying.|74/100 brn
|-enditem|p2a: Keep Trying.|Heavy-Duty Boots|[from] move: Knock Off|[of] p1a: Weavile
|
|-damage|p2a: Keep Trying.|68/100 brn|[from] brn
|upkeep
|turn|4
|
|t:|1779671472
|switch|p1a: slow cycle|Rotom-Wash, tera:Steel|100/100
|move|p2a: Keep Trying.|Toxic|p1a: slow cycle
|-immune|p1a: slow cycle
|
|-damage|p2a: Keep Trying.|61/100 brn|[from] brn
|upkeep
|turn|5
|
|t:|1779671475
|switch|p2a: Still Trying?|Blissey, F, shiny|92/100
|move|p1a: slow cycle|Volt Switch|p2a: Still Trying?
|-damage|p2a: Still Trying?|84/100
|
|t:|1779671478
|switch|p1a: Ting-Lu|Ting-Lu|100/100|[from] Volt Switch
|-ability|p1a: Ting-Lu|Vessel of Ruin
|
|upkeep
|turn|6
|
|t:|1779671480
|switch|p2a: Keep Trying.|Toxapex, F|95/100 brn
|move|p1a: Ting-Lu|Stealth Rock|p2a: Keep Trying.
|-sidestart|p2: 1000TURNSFR|move: Stealth Rock
|
|-damage|p2a: Keep Trying.|88/100 brn|[from] brn
|upkeep
|turn|7
|
|t:|1779671486
|move|p1a: Ting-Lu|Earthquake|p2a: Keep Trying.
|-supereffective|p2a: Keep Trying.
|-damage|p2a: Keep Trying.|45/100 brn
|move|p2a: Keep Trying.|Toxic|p1a: Ting-Lu
|-status|p1a: Ting-Lu|tox
|
|-damage|p1a: Ting-Lu|94/100 tox|[from] psn
|-damage|p2a: Keep Trying.|39/100 brn|[from] brn
|upkeep
|turn|8
|
|t:|1779671490
|switch|p2a: Try Harder.|Alomomola, F, shiny|100/100
|move|p1a: Ting-Lu|Spikes|p2a: Try Harder.
|-sidestart|p2: 1000TURNSFR|Spikes
|
|-heal|p1a: Ting-Lu|100/100 tox|[from] item: Leftovers
|-damage|p1a: Ting-Lu|88/100 tox|[from] psn
|upkeep
|turn|9
|
|t:|1779671494
|switch|p1a: Serperior|Serperior, M, shiny|100/100
|move|p2a: Try Harder.|Wish|p2a: Try Harder.
|
|upkeep
|turn|10
|
|t:|1779671500
|switch|p2a: Still Trying?|Blissey, F, shiny|84/100
|move|p1a: Serperior|Substitute|p1a: Serperior
|-start|p1a: Serperior|Substitute
|-damage|p1a: Serperior|76/100
|
|-heal|p2a: Still Trying?|100/100|[from] move: Wish|[wisher] Try Harder.
|-heal|p1a: Serperior|82/100|[from] item: Leftovers
|upkeep
|turn|11
|
|t:|1779671503
|move|p1a: Serperior|Leech Seed|p2a: Still Trying?
|-start|p2a: Still Trying?|move: Leech Seed
|move|p2a: Still Trying?|Seismic Toss|p1a: Serperior
|-end|p1a: Serperior|Substitute
|
|-heal|p1a: Serperior|88/100|[from] item: Leftovers
|-damage|p2a: Still Trying?|88/100|[from] Leech Seed|[of] p1a: Serperior
|-heal|p1a: Serperior|100/100|[silent]
|upkeep
|turn|12
|
|t:|1779671507
|move|p1a: Serperior|Substitute|p1a: Serperior
|-start|p1a: Serperior|Substitute
|-damage|p1a: Serperior|76/100
|move|p2a: Still Trying?|Seismic Toss|p1a: Serperior
|-end|p1a: Serperior|Substitute
|
|-heal|p1a: Serperior|82/100|[from] item: Leftovers
|-damage|p2a: Still Trying?|76/100|[from] Leech Seed|[of] p1a: Serperior
|-heal|p1a: Serperior|100/100|[silent]
|upkeep
|turn|13
|
|t:|1779671513
|switch|p1a: Weavile|Weavile, M|100/100
|move|p2a: Still Trying?|Seismic Toss|p1a: Weavile
|-damage|p1a: Weavile|65/100
|
|-damage|p2a: Still Trying?|63/100|[from] Leech Seed|[of] p1a: Weavile
|-heal|p1a: Weavile|94/100|[silent]
|upkeep
|turn|14
|
|t:|1779671517
|switch|p1a: Amascut's Promise|Gholdengo|100/100
|switch|p2a: Keep Trying.|Toxapex, F|72/100 brn
|-damage|p2a: Keep Trying.|59/100 brn|[from] Stealth Rock
|-damage|p2a: Keep Trying.|47/100 brn|[from] Spikes
|
|-damage|p2a: Keep Trying.|41/100 brn|[from] brn
|upkeep
|turn|15
|
|t:|1779671521
|switch|p2a: Still Trying?|Blissey, F, shiny|63/100
|move|p1a: Amascut's Promise|Trick|p2a: Still Trying?
|-activate|p1a: Amascut's Promise|move: Trick|[of] p2a: Still Trying?
|-item|p2a: Still Trying?|Choice Scarf|[from] move: Trick
|-item|p1a: Amascut's Promise|Heavy-Duty Boots|[from] move: Trick
|
|upkeep
|turn|16
|
|t:|1779671529
|move|p1a: Amascut's Promise|Shadow Ball|p2a: Still Trying?
|-immune|p2a: Still Trying?
|move|p2a: Still Trying?|Shadow Ball|p1a: Amascut's Promise
|-supereffective|p1a: Amascut's Promise
|-damage|p1a: Amascut's Promise|64/100
|
|upkeep
|turn|17
|
|t:|1779671534
|switch|p1a: Ting-Lu|Ting-Lu|88/100 tox
|-ability|p1a: Ting-Lu|Vessel of Ruin
|move|p2a: Still Trying?|Shadow Ball|p1a: Ting-Lu
|-resisted|p1a: Ting-Lu
|-damage|p1a: Ting-Lu|85/100 tox
|
|-heal|p1a: Ting-Lu|91/100 tox|[from] item: Leftovers
|-damage|p1a: Ting-Lu|85/100 tox|[from] psn
|upkeep
|turn|18
|
|t:|1779671538
|switch|p2a: Worth Trying.|Clodsire, F, shiny|100/100
|move|p1a: Ting-Lu|Spikes|p2a: Worth Trying.
|-sidestart|p2: 1000TURNSFR|Spikes
|
|-heal|p1a: Ting-Lu|91/100 tox|[from] item: Leftovers
|-damage|p1a: Ting-Lu|79/100 tox|[from] psn
|upkeep
|turn|19
|
|t:|1779671541
|switch|p2a: Try Harder.|Alomomola, F, shiny|100/100
|move|p1a: Ting-Lu|Spikes|p2a: Try Harder.
|-sidestart|p2: 1000TURNSFR|Spikes
|
|-heal|p1a: Ting-Lu|85/100 tox|[from] item: Leftovers
|-damage|p1a: Ting-Lu|66/100 tox|[from] psn
|upkeep
|turn|20
|
|t:|1779671544
|switch|p1a: Serperior|Serperior, M, shiny|100/100
|move|p2a: Try Harder.|Wish|p2a: Try Harder.
|
|upkeep
|turn|21
|
|t:|1779671548
|switch|p2a: Still Trying?|Blissey, F, shiny|63/100
|-damage|p2a: Still Trying?|51/100|[from] Stealth Rock
|-damage|p2a: Still Trying?|26/100|[from] Spikes
|move|p1a: Serperior|Substitute|p1a: Serperior
|-start|p1a: Serperior|Substitute
|-damage|p1a: Serperior|76/100
|
|-heal|p2a: Still Trying?|62/100|[from] move: Wish|[wisher] Try Harder.
|-heal|p1a: Serperior|82/100|[from] item: Leftovers
|upkeep
|turn|22
|j| E0_o
|
|t:|1779671553
|switch|p2a: Nice Try.|Talonflame, F, shiny|100/100
|move|p1a: Serperior|Leech Seed|p2a: Nice Try.
|-start|p2a: Nice Try.|move: Leech Seed
|
|-heal|p1a: Serperior|88/100|[from] item: Leftovers
|-damage|p2a: Nice Try.|88/100|[from] Leech Seed|[of] p1a: Serperior
|-heal|p1a: Serperior|100/100|[silent]
|upkeep
|turn|23
|
|t:|1779671557
|move|p1a: Serperior|Glare|p2a: Nice Try.
|-status|p2a: Nice Try.|par
|cant|p2a: Nice Try.|par
|
|-damage|p2a: Nice Try.|75/100 par|[from] Leech Seed|[of] p1a: Serperior
|upkeep
|turn|24
|
|t:|1779671564
|move|p1a: Serperior|Leaf Storm|p2a: Nice Try.
|-resisted|p2a: Nice Try.
|-damage|p2a: Nice Try.|63/100 par
|-boost|p1a: Serperior|spa|2
|move|p2a: Nice Try.|Defog|p1a: Serperior
|-sideend|p2: 1000TURNSFR|Spikes|[from] move: Defog|[of] p2a: Nice Try.
|-sideend|p2: 1000TURNSFR|Stealth Rock|[from] move: Defog|[of] p2a: Nice Try.
|
|-damage|p2a: Nice Try.|50/100 par|[from] Leech Seed|[of] p1a: Serperior
|upkeep
|turn|25
|
|t:|1779671568
|switch|p2a: Worth Trying.|Clodsire, F, shiny|100/100
|move|p1a: Serperior|Leaf Storm|p2a: Worth Trying.
|-damage|p2a: Worth Trying.|80/100
|-boost|p1a: Serperior|spa|2
|
|upkeep
|turn|26
|
|t:|1779671574
|move|p1a: Serperior|Glare|p2a: Worth Trying.
|-status|p2a: Worth Trying.|par
|move|p2a: Worth Trying.|Gunk Shot|p1a: Serperior
|-supereffective|p1a: Serperior
|-end|p1a: Serperior|Substitute
|
|upkeep
|turn|27
|
|t:|1779671580
|switch|p1a: Ting-Lu|Ting-Lu|66/100 tox
|-ability|p1a: Ting-Lu|Vessel of Ruin
|move|p2a: Worth Trying.|Gunk Shot|p1a: Ting-Lu|[miss]
|-miss|p2a: Worth Trying.|p1a: Ting-Lu
|
|-heal|p1a: Ting-Lu|72/100 tox|[from] item: Leftovers
|-damage|p1a: Ting-Lu|66/100 tox|[from] psn
|upkeep
|turn|28
|
|t:|1779671584
|switch|p2a: Nice Try.|Talonflame, F, shiny|50/100 par
|move|p1a: Ting-Lu|Stealth Rock|p2a: Nice Try.
|-sidestart|p2: 1000TURNSFR|move: Stealth Rock
|
|-heal|p1a: Ting-Lu|72/100 tox|[from] item: Leftovers
|-damage|p1a: Ting-Lu|60/100 tox|[from] psn
|upkeep
|turn|29
|
|t:|1779671586
|move|p2a: Nice Try.|Defog|p1a: Ting-Lu
|-unboost|p1a: Ting-Lu|evasion|1
|-sideend|p2: 1000TURNSFR|Stealth Rock|[from] move: Defog|[of] p2a: Nice Try.
|move|p1a: Ting-Lu|Whirlwind|p2a: Nice Try.
|drag|p2a: Worth Trying.|Clodsire, F, shiny|80/100 par
|
|-heal|p1a: Ting-Lu|66/100 tox|[from] item: Leftovers
|-damage|p1a: Ting-Lu|48/100 tox|[from] psn
|upkeep
|turn|30
|
|t:|1779671589
|switch|p2a: Nice Try.|Talonflame, F, shiny|50/100 par
|move|p1a: Ting-Lu|Stealth Rock|p2a: Nice Try.
|-sidestart|p2: 1000TURNSFR|move: Stealth Rock
|
|-heal|p1a: Ting-Lu|54/100 tox|[from] item: Leftovers
|-damage|p1a: Ting-Lu|29/100 tox|[from] psn
|upkeep
|turn|31
|
|t:|1779671591
|switch|p1a: slow cycle|Rotom-Wash, tera:Steel|100/100
|move|p2a: Nice Try.|Defog|p1a: slow cycle
|-unboost|p1a: slow cycle|evasion|1
|-sideend|p2: 1000TURNSFR|Stealth Rock|[from] move: Defog|[of] p2a: Nice Try.
|
|upkeep
|turn|32
|
|t:|1779671596
|switch|p2a: Still Trying?|Blissey, F, shiny|62/100
|move|p1a: slow cycle|Volt Switch|p2a: Still Trying?
|-damage|p2a: Still Trying?|54/100
|
|t:|1779671600
|switch|p1a: Ting-Lu|Ting-Lu|29/100 tox|[from] Volt Switch
|-ability|p1a: Ting-Lu|Vessel of Ruin
|
|-heal|p1a: Ting-Lu|35/100 tox|[from] item: Leftovers
|-damage|p1a: Ting-Lu|29/100 tox|[from] psn
|upkeep
|turn|33
|
|t:|1779671614
|switch|p2a: Nice Try.|Talonflame, F, shiny|50/100 par
|move|p1a: Ting-Lu|Stealth Rock|p2a: Nice Try.
|-sidestart|p2: 1000TURNSFR|move: Stealth Rock
|
|-heal|p1a: Ting-Lu|35/100 tox|[from] item: Leftovers
|-damage|p1a: Ting-Lu|23/100 tox|[from] psn
|upkeep
|turn|34
|
|t:|1779671616
|switch|p1a: Amascut's Promise|Gholdengo|64/100
|cant|p2a: Nice Try.|par
|
|upkeep
|turn|35
|
|t:|1779671621
|switch|p2a: Worth Trying.|Clodsire, F, shiny|80/100 par
|move|p1a: Amascut's Promise|Shadow Ball|p2a: Worth Trying.
|-damage|p2a: Worth Trying.|57/100 par
|
|upkeep
|turn|36
|
|t:|1779671626
|move|p1a: Amascut's Promise|Make It Rain|p2a: Worth Trying.
|-damage|p2a: Worth Trying.|24/100 par
|-unboost|p1a: Amascut's Promise|spa|1
|move|p2a: Worth Trying.|Recover|p2a: Worth Trying.
|-heal|p2a: Worth Trying.|74/100 par
|
|upkeep
|turn|37
|
|t:|1779671632
|switch|p1a: Weavile|Weavile, M|94/100
|move|p2a: Worth Trying.|Bulldoze|p1a: Weavile
|-damage|p1a: Weavile|64/100
|-unboost|p1a: Weavile|spe|1
|
|upkeep
|turn|38
|
|t:|1779671640
|switch|p2a: Keep Trying.|Toxapex, F|74/100 brn
|-damage|p2a: Keep Trying.|61/100 brn|[from] Stealth Rock
|move|p1a: Weavile|Icicle Crash|p2a: Keep Trying.
|-resisted|p2a: Keep Trying.
|-damage|p2a: Keep Trying.|48/100 brn
|
|-damage|p2a: Keep Trying.|41/100 brn|[from] brn
|upkeep
|turn|39
|
|t:|1779671648
|switch|p1a: slow cycle|Rotom-Wash, tera:Steel|100/100
|move|p2a: Keep Trying.|Recover|p2a: Keep Trying.
|-heal|p2a: Keep Trying.|91/100 brn
|
|-damage|p2a: Keep Trying.|85/100 brn|[from] brn
|upkeep
|turn|40
|
|t:|1779671674
|switch|p2a: Worth Trying.|Clodsire, F, shiny|74/100 par
|move|p1a: slow cycle|Volt Switch|p2a: Worth Trying.
|-immune|p2a: Worth Trying.
|
|upkeep
|turn|41
|j| vile furor
|
|t:|1779671679
|switch|p2a: Keep Trying.|Toxapex, F|100/100 brn
|-damage|p2a: Keep Trying.|88/100 brn|[from] Stealth Rock
|move|p1a: slow cycle|Hydro Pump|p2a: Keep Trying.
|-resisted|p2a: Keep Trying.
|-damage|p2a: Keep Trying.|71/100 brn
|
|-damage|p2a: Keep Trying.|64/100 brn|[from] brn
|upkeep
|turn|42
|
|t:|1779671687
|move|p1a: slow cycle|Volt Switch|p2a: Keep Trying.
|-supereffective|p2a: Keep Trying.
|-damage|p2a: Keep Trying.|18/100 brn
|
|t:|1779671694
|switch|p1a: Amascut's Promise|Gholdengo|64/100|[from] Volt Switch
|move|p2a: Keep Trying.|Recover|p2a: Keep Trying.
|-heal|p2a: Keep Trying.|68/100 brn
|
|-damage|p2a: Keep Trying.|62/100 brn|[from] brn
|upkeep
|turn|43
|
|t:|1779671705
|switch|p2a: Worth Trying.|Clodsire, F, shiny|74/100 par
|move|p1a: Amascut's Promise|Shadow Ball|p2a: Worth Trying.
|-damage|p2a: Worth Trying.|53/100 par
|
|upkeep
|turn|44
|
|t:|1779671726
|move|p1a: Amascut's Promise|Make It Rain|p2a: Worth Trying.
|-damage|p2a: Worth Trying.|18/100 par
|-unboost|p1a: Amascut's Promise|spa|1
|move|p2a: Worth Trying.|Recover|p2a: Worth Trying.
|-heal|p2a: Worth Trying.|68/100 par
|
|upkeep
|turn|45
|
|t:|1779671744
|switch|p1a: slow cycle|Rotom-Wash, tera:Steel|100/100
|switch|p2a: Try Harder.|Alomomola, F, shiny|100/100
|
|upkeep
|turn|46
|inactive|1000TURNSFR has 120 seconds left.
|inactive|1000TURNSFR has 90 seconds left.
|inactive|1000TURNSFR has 60 seconds left.
|
|t:|1779671843
|move|p1a: slow cycle|Volt Switch|p2a: Try Harder.
|-supereffective|p2a: Try Harder.
|-damage|p2a: Try Harder.|51/100
|
|t:|1779671847
|switch|p1a: Serperior|Serperior, M, shiny|100/100|[from] Volt Switch
|move|p2a: Try Harder.|Wish|p2a: Try Harder.
|
|upkeep
|turn|47
|
|t:|1779671853
|switch|p2a: Nice Try.|Talonflame, F, shiny|50/100 par
|move|p1a: Serperior|Leech Seed|p2a: Nice Try.
|-start|p2a: Nice Try.|move: Leech Seed
|
|-heal|p2a: Nice Try.|100/100 par|[from] move: Wish|[wisher] Try Harder.
|-damage|p2a: Nice Try.|88/100 par|[from] Leech Seed|[of] p1a: Serperior
|upkeep
|turn|48
|
|t:|1779671861
|switch|p1a: slow cycle|Rotom-Wash, tera:Steel|100/100
|switch|p2a: Still Trying?|Blissey, F, shiny|54/100
|-damage|p2a: Still Trying?|42/100|[from] Stealth Rock
|
|upkeep
|turn|49
|
|t:|1779671865
|move|p2a: Still Trying?|Soft-Boiled|p2a: Still Trying?
|-heal|p2a: Still Trying?|92/100
|move|p1a: slow cycle|Volt Switch|p2a: Still Trying?
|-damage|p2a: Still Trying?|84/100
|
|t:|1779671872
|switch|p1a: Skeledirge|Skeledirge, M|100/100|[from] Volt Switch
|
|upkeep
|turn|50
|inactive|1000TURNSFR has 90 seconds left.
|
|t:|1779671885
|switch|p2a: Keep Trying.|Toxapex, F|95/100 brn
|-damage|p2a: Keep Trying.|83/100 brn|[from] Stealth Rock
|move|p1a: Skeledirge|Torch Song|p2a: Keep Trying.
|-resisted|p2a: Keep Trying.
|-damage|p2a: Keep Trying.|70/100 brn
|-boost|p1a: Skeledirge|spa|1
|
|-damage|p2a: Keep Trying.|64/100 brn|[from] brn
|upkeep
|turn|51
|
|t:|1779671893
|switch|p1a: slow cycle|Rotom-Wash, tera:Steel|100/100
|move|p2a: Keep Trying.|Toxic|p1a: slow cycle
|-immune|p1a: slow cycle
|
|-damage|p2a: Keep Trying.|58/100 brn|[from] brn
|upkeep
|turn|52
|
|t:|1779671896
|switch|p2a: Still Trying?|Blissey, F, shiny|84/100
|-damage|p2a: Still Trying?|71/100|[from] Stealth Rock
|move|p1a: slow cycle|Volt Switch|p2a: Still Trying?
|-damage|p2a: Still Trying?|63/100
|
|t:|1779671900
|switch|p1a: Skeledirge|Skeledirge, M|100/100|[from] Volt Switch
|
|upkeep
|turn|53
|
|t:|1779671903
|switch|p2a: Worth Trying.|Clodsire, F, shiny|68/100 par
|move|p1a: Skeledirge|Torch Song|p2a: Worth Trying.
|-damage|p2a: Worth Trying.|52/100 par
|-boost|p1a: Skeledirge|spa|1
|
|upkeep
|turn|54
|
|t:|1779671910
|move|p1a: Skeledirge|Hex|p2a: Worth Trying.
|-damage|p2a: Worth Trying.|27/100 par
|cant|p2a: Worth Trying.|par
|
|upkeep
|turn|55
|
|t:|1779671915
|move|p1a: Skeledirge|Hex|p2a: Worth Trying.
|-damage|p2a: Worth Trying.|0 fnt
|faint|p2a: Worth Trying.
|
|upkeep
|-message|1000TURNSFR forfeited.
|
|win|sadaasdfasdasd
|raw|sadaasdfasdasd's rating: 1577 &rarr; <strong>1597</strong><br />(+20 for winning)
|raw|1000TURNSFR's rating: 1581 &rarr; <strong>1561</strong><br />(-20 for losing)
|l|☆1000TURNSFR
|player|p2|
|l| vile furor
|l| E0_o
