|j|☆themotherv2
|j|☆HugsSC
|t:|1779566531
|gametype|singles
|player|p1|themotherv2|lucian|1221
|player|p2|HugsSC|alder|1176
|gen|9
|tier|[Gen 9] OU
|rated|
|rule|HP Percentage Mod: HP is shown in percentages
|rule|Endless Battle Clause: Forcing endless battles is banned
|rule|Species Clause: Limit one of each Pokémon
|rule|OHKO Clause: OHKO moves are banned
|rule|Evasion Items Clause: Evasion items are banned
|rule|Evasion Moves Clause: Evasion moves are banned
|rule|Evasion Abilities Clause: Evasion abilities are banned
|rule|Sleep Moves Clause: Sleep-inducing moves are banned
|clearpoke
|poke|p1|Chandelure, M|
|poke|p1|Gastrodon, M|
|poke|p1|Sylveon, F|
|poke|p1|Breloom, F|
|poke|p1|Slowking-Galar, F|
|poke|p1|Tornadus-Therian, M|
|poke|p2|Wo-Chien|
|poke|p2|Landorus-Therian, M|
|poke|p2|Heatran, F|
|poke|p2|Alomomola, M|
|poke|p2|Mimikyu, F|
|poke|p2|Corviknight, M|
|teampreview
|inactive|Battle timer is ON: inactive players will automatically lose when time's up. (requested by themotherv2)
|inactive|HugsSC also wants the timer to be on.
|inactive|themotherv2 has 120 seconds left.
|
|t:|1779566566
|teamsize|p1|6
|teamsize|p2|6
|start
|switch|p1a: Sylveon|Sylveon, F|100/100
|switch|p2a: Larry Bird|Landorus-Therian, M|100/100
|-ability|p2a: Larry Bird|Intimidate|boost
|-unboost|p1a: Sylveon|atk|1
|turn|1
|
|t:|1779566576
|move|p2a: Larry Bird|U-turn|p1a: Sylveon
|-resisted|p1a: Sylveon
|-damage|p1a: Sylveon|81/100
|
|t:|1779566583
|switch|p2a: B-2 Bomber|Corviknight, M|100/100|[from] U-turn
|-ability|p2a: B-2 Bomber|Pressure
|move|p1a: Sylveon|Hyper Beam|p2a: B-2 Bomber
|-resisted|p2a: B-2 Bomber
|-damage|p2a: B-2 Bomber|35/100
|-mustrecharge|p1a: Sylveon
|
|upkeep
|turn|2
|
|t:|1779566599
|cant|p1a: Sylveon|recharge
|move|p2a: B-2 Bomber|Roost|p2a: B-2 Bomber
|-heal|p2a: B-2 Bomber|85/100
|-singleturn|p2a: B-2 Bomber|move: Roost
|
|upkeep
|turn|3
|inactive|HugsSC has 120 seconds left.
|
|t:|1779566632
|switch|p1a: Tornadus|Tornadus-Therian, M|100/100
|move|p2a: B-2 Bomber|Roost|p2a: B-2 Bomber
|-heal|p2a: B-2 Bomber|100/100
|-singleturn|p2a: B-2 Bomber|move: Roost
|
|upkeep
|turn|4
|
|t:|1779566640
|move|p1a: Tornadus|Heat Wave|p2a: B-2 Bomber|[miss]
|-miss|p1a: Tornadus|p2a: B-2 Bomber
|move|p2a: B-2 Bomber|Brave Bird|p1a: Tornadus
|-damage|p1a: Tornadus|56/100
|-damage|p2a: B-2 Bomber|85/100|[from] Recoil
|
|upkeep
|turn|5
|
|t:|1779566648
|switch|p2a: King of Miami|Heatran, F|100/100
|-item|p2a: King of Miami|Air Balloon
|move|p1a: Tornadus|Knock Off|p2a: King of Miami
|-damage|p2a: King of Miami|82/100
|-enditem|p2a: King of Miami|Air Balloon
|
|upkeep
|turn|6
|
|t:|1779566656
|switch|p1a: Gastrodon|Gastrodon, M|100/100
|move|p2a: King of Miami|Stealth Rock|p1a: Gastrodon
|-sidestart|p1: themotherv2|move: Stealth Rock
|
|upkeep
|turn|7
|
|t:|1779566667
|switch|p2a: B-2 Bomber|Corviknight, M|85/100
|-ability|p2a: B-2 Bomber|Pressure
|move|p1a: Gastrodon|Stealth Rock|p2a: B-2 Bomber
|-sidestart|p2: HugsSC|move: Stealth Rock
|
|upkeep
|turn|8
|
|t:|1779566677
|move|p2a: B-2 Bomber|Body Press|p1a: Gastrodon
|-damage|p1a: Gastrodon|80/100
|move|p1a: Gastrodon|Surf|p2a: B-2 Bomber
|-damage|p2a: B-2 Bomber|59/100
|
|-heal|p1a: Gastrodon|86/100|[from] item: Leftovers
|upkeep
|turn|9
|
|t:|1779566685
|switch|p1a: Chandelure|Chandelure, M|100/100
|-damage|p1a: Chandelure|76/100|[from] Stealth Rock
|move|p2a: B-2 Bomber|Roost|p2a: B-2 Bomber
|-heal|p2a: B-2 Bomber|100/100
|-singleturn|p2a: B-2 Bomber|move: Roost
|
|upkeep
|turn|10
|
|t:|1779566698
|move|p1a: Chandelure|Shadow Ball|p2a: B-2 Bomber
|-damage|p2a: B-2 Bomber|63/100
|move|p2a: B-2 Bomber|Defog|p1a: Chandelure
|-unboost|p1a: Chandelure|evasion|1
|-sideend|p1: themotherv2|Stealth Rock|[from] move: Defog|[of] p2a: B-2 Bomber
|-sideend|p2: HugsSC|Stealth Rock|[from] move: Defog|[of] p2a: B-2 Bomber
|
|upkeep
|turn|11
|
|t:|1779566715
|move|p1a: Chandelure|Shadow Ball|p2a: B-2 Bomber
|-damage|p2a: B-2 Bomber|21/100
|move|p2a: B-2 Bomber|Roost|p2a: B-2 Bomber
|-heal|p2a: B-2 Bomber|71/100
|-singleturn|p2a: B-2 Bomber|move: Roost
|
|upkeep
|turn|12
|
|t:|1779566722
|switch|p2a: King of Miami|Heatran, F|82/100
|move|p1a: Chandelure|Shadow Ball|p2a: King of Miami
|-damage|p2a: King of Miami|36/100
|
|upkeep
|turn|13
|
|t:|1779566729
|switch|p2a: Alowowowa|Alomomola, M|100/100
|move|p1a: Chandelure|Shadow Ball|p2a: Alowowowa
|-damage|p2a: Alowowowa|45/100
|
|upkeep
|turn|14
|
|t:|1779566740
|switch|p2a: Yung Slug|Wo-Chien|100/100
|-ability|p2a: Yung Slug|Tablets of Ruin
|move|p1a: Chandelure|Shadow Ball|p2a: Yung Slug
|-resisted|p2a: Yung Slug
|-damage|p2a: Yung Slug|88/100
|-unboost|p2a: Yung Slug|spd|1
|
|-heal|p2a: Yung Slug|94/100|[from] item: Leftovers
|upkeep
|turn|15
|
|t:|1779566765
|switch|p1a: Breloom|Breloom, F|100/100
|move|p2a: Yung Slug|Knock Off|p1a: Breloom
|-resisted|p1a: Breloom
|-damage|p1a: Breloom|81/100
|-enditem|p1a: Breloom|Toxic Orb|[from] move: Knock Off|[of] p2a: Yung Slug
|
|-heal|p2a: Yung Slug|99/100|[from] item: Leftovers
|upkeep
|turn|16
|
|t:|1779566778
|move|p1a: Breloom|Swords Dance|p1a: Breloom
|-boost|p1a: Breloom|atk|2
|move|p2a: Yung Slug|Mean Look|p1a: Breloom
|-activate|p1a: Breloom|trapped
|
|-heal|p2a: Yung Slug|100/100|[from] item: Leftovers
|upkeep
|turn|17
|
|t:|1779566794
|switch|p2a: Larry Bird|Landorus-Therian, M|100/100
|-ability|p2a: Larry Bird|Intimidate|boost
|-unboost|p1a: Breloom|atk|1
|move|p1a: Breloom|Swords Dance|p1a: Breloom
|-boost|p1a: Breloom|atk|2
|
|upkeep
|turn|18
|
|t:|1779566810
|move|p2a: Larry Bird|U-turn|p1a: Breloom
|-damage|p1a: Breloom|49/100
|
|t:|1779566815
|switch|p2a: B-2 Bomber|Corviknight, M|71/100|[from] U-turn
|-ability|p2a: B-2 Bomber|Pressure
|move|p1a: Breloom|Seed Bomb|p2a: B-2 Bomber
|-resisted|p2a: B-2 Bomber
|-damage|p2a: B-2 Bomber|49/100
|
|upkeep
|turn|19
|
|t:|1779566824
|move|p1a: Breloom|Mach Punch|p2a: B-2 Bomber
|-damage|p2a: B-2 Bomber|9/100
|move|p2a: B-2 Bomber|Brave Bird|p1a: Breloom
|-supereffective|p1a: Breloom
|-damage|p1a: Breloom|0 fnt
|faint|p1a: Breloom
|-damage|p2a: B-2 Bomber|0 fnt|[from] Recoil
|faint|p2a: B-2 Bomber
|
|upkeep
|
|t:|1779566836
|switch|p1a: Sylveon|Sylveon, F|81/100
|switch|p2a: Alowowowa|Alomomola, M|78/100
|turn|20
|
|t:|1779566841
|move|p2a: Alowowowa|Protect|p2a: Alowowowa
|-singleturn|p2a: Alowowowa|Protect
|move|p1a: Sylveon|Hyper Beam|p2a: Alowowowa
|-activate|p2a: Alowowowa|move: Protect
|
|upkeep
|turn|21
|
|t:|1779566847
|move|p1a: Sylveon|Hyper Beam|p2a: Alowowowa
|-damage|p2a: Alowowowa|0 fnt
|-mustrecharge|p1a: Sylveon
|faint|p2a: Alowowowa
|
|upkeep
|c|☆HugsSC|oh
|c|☆HugsSC|that's not how I thought that worked
|c|☆HugsSC|thats stupid
|c|☆themotherv2|surprised me too
|inactive|HugsSC has 120 seconds left.
|c|☆HugsSC|that feels wrong
|c|☆HugsSC|welp
|
|t:|1779566886
|switch|p2a: Wormtongue|Mimikyu, F|100/100
|turn|22
|c|☆themotherv2|if it was like solar beam it'd work
|
|t:|1779566893
|move|p2a: Wormtongue|Swords Dance|p2a: Wormtongue
|-boost|p2a: Wormtongue|atk|2
|cant|p1a: Sylveon|recharge
|
|upkeep
|turn|23
|
|t:|1779566909
|switch|p1a: Gastrodon|Gastrodon, M|86/100
|move|p2a: Wormtongue|Play Rough|p1a: Gastrodon
|-damage|p1a: Gastrodon|24/100
|
|-heal|p1a: Gastrodon|30/100|[from] item: Leftovers
|upkeep
|turn|24
|inactive|themotherv2 has 120 seconds left.
|inactive|themotherv2 has 90 seconds left.
|
|t:|1779566975
|move|p2a: Wormtongue|Shadow Claw|p1a: Gastrodon
|-damage|p1a: Gastrodon|0 fnt
|faint|p1a: Gastrodon
|
|upkeep
|
|t:|1779566981
|switch|p1a: Tornadus|Tornadus-Therian, M|90/100
|turn|25
|
|t:|1779566997
|move|p2a: Wormtongue|Shadow Claw|p1a: Tornadus
|-damage|p1a: Tornadus|22/100
|move|p1a: Tornadus|Knock Off|p2a: Wormtongue
|-activate|p2a: Wormtongue|ability: Disguise
|-damage|p2a: Wormtongue|100/100
|-enditem|p2a: Wormtongue|Red Card|[from] move: Knock Off|[of] p1a: Tornadus
|detailschange|p2a: Wormtongue|Mimikyu-Busted, F
|-damage|p2a: Wormtongue|88/100|[from] pokemon: Mimikyu-Busted
|
|upkeep
|turn|26
|inactive|themotherv2 has 90 seconds left.
|c|☆HugsSC|lol why am i faster
|c|☆HugsSC|how slow is this tornadus haha
|inactive|HugsSC has 120 seconds left.
|
|t:|1779567030
|move|p2a: Wormtongue|Shadow Claw|p1a: Tornadus
|-damage|p1a: Tornadus|0 fnt
|faint|p1a: Tornadus
|
|upkeep
|
|t:|1779567035
|switch|p1a: Chandelure|Chandelure, M|76/100
|turn|27
|
|t:|1779567038
|move|p2a: Wormtongue|Shadow Sneak|p1a: Chandelure
|-supereffective|p1a: Chandelure
|-damage|p1a: Chandelure|0 fnt
|faint|p1a: Chandelure
|
|upkeep
|
|t:|1779567042
|switch|p1a: Sylveon|Sylveon, F|81/100
|turn|28
|
|t:|1779567047
|move|p2a: Wormtongue|Play Rough|p1a: Sylveon
|-damage|p1a: Sylveon|0 fnt
|faint|p1a: Sylveon
|
|upkeep
|
|t:|1779567051
|switch|p1a: Slowking|Slowking-Galar, F|100/100
|turn|29
|
|t:|1779567054
|move|p2a: Wormtongue|Shadow Claw|p1a: Slowking
|-supereffective|p1a: Slowking
|-crit|p1a: Slowking
|-damage|p1a: Slowking|0 fnt
|faint|p1a: Slowking
|
|win|HugsSC
|raw|themotherv2's rating: 1221 &rarr; <strong>1193</strong><br />(-28 for losing)
|raw|HugsSC's rating: 1176 &rarr; <strong>1204</strong><br />(+28 for winning)
