|j|☆AwaitingCombat
|j|☆RogueNinja1738
|t:|1779664836
|gametype|singles
|player|p1|AwaitingCombat|steven-masters|1059
|player|p2|RogueNinja1738|101|1055
|gen|9
|tier|[Gen 9] OU
|rated|
|rule|HP Percentage Mod: HP is shown in percentages
|rule|Endless Battle Clause: Forcing endless battles is banned
|rule|Species Clause: Limit one of each Pokémon
|rule|OHKO Clause: OHKO moves are banned
|rule|Evasion Items Clause: Evasion items are banned
|rule|Evasion Moves Clause: Evasion moves are banned
|rule|Evasion Abilities Clause: Evasion abilities are banned
|rule|Sleep Moves Clause: Sleep-inducing moves are banned
|clearpoke
|poke|p1|Porygon-Z|
|poke|p1|Ludicolo, F|
|poke|p1|Cramorant, F|
|poke|p1|Golduck, M|
|poke|p1|Cyndaquil, M|
|poke|p1|Pikachu, M|
|poke|p2|Zoroark-Hisui, M|
|poke|p2|Kingambit, F|
|poke|p2|Gholdengo|
|poke|p2|Rotom-Wash|
|poke|p2|Metagross|
|poke|p2|Ditto|
|teampreview
|inactive|Battle timer is ON: inactive players will automatically lose when time's up. (requested by AwaitingCombat)
|inactive|RogueNinja1738 has 120 seconds left.
|
|t:|1779664874
|teamsize|p1|6
|teamsize|p2|6
|start
|switch|p1a: Flaming Duck|Cyndaquil, M|100/100
|switch|p2a: Rotom|Rotom-Wash|100/100
|turn|1
|
|t:|1779664888
|switch|p2a: Ditto|Ditto|100/100
|-transform|p2a: Ditto|p1a: Flaming Duck|[from] ability: Imposter
|move|p1a: Flaming Duck|Smokescreen|p2a: Ditto
|-unboost|p2a: Ditto|accuracy|1
|
|upkeep
|turn|2
|inactive|RogueNinja1738 has 120 seconds left.
|c|☆AwaitingCombat|QUACK
|
|t:|1779664925
|switch|p1a: Gold Duck|Golduck, M|100/100
|move|p2a: Ditto|Extrasensory|p1a: Gold Duck
|-damage|p1a: Gold Duck|81/100
|
|upkeep
|turn|3
|inactive|RogueNinja1738 has 120 seconds left.
|
|t:|1779664935
|switch|p2a: Rotom|Rotom-Wash|100/100
|move|p1a: Gold Duck|Rain Dance|p1a: Gold Duck
|-weather|RainDance
|
|-weather|RainDance|[upkeep]
|upkeep
|turn|4
|
|t:|1779664944
|move|p1a: Gold Duck|Flip Turn|p2a: Rotom
|-resisted|p2a: Rotom
|-damage|p2a: Rotom|87/100
|
|t:|1779664946
|switch|p1a: Plot Armor Duck|Pikachu, M|100/100|[from] Flip Turn
|move|p2a: Rotom|Volt Switch|p1a: Plot Armor Duck
|-ability|p1a: Plot Armor Duck|Lightning Rod|boost
|-boost|p1a: Plot Armor Duck|spa|1
|
|-weather|RainDance|[upkeep]
|upkeep
|turn|5
|
|t:|1779664961
|move|p1a: Plot Armor Duck|Fake Out|p2a: Rotom
|-crit|p2a: Rotom
|-damage|p2a: Rotom|59/100
|cant|p2a: Rotom|flinch
|
|-weather|RainDance|[upkeep]
|upkeep
|turn|6
|
|t:|1779664976
|move|p1a: Plot Armor Duck|Volt Tackle|p2a: Rotom
|-damage|p2a: Rotom|0 fnt
|faint|p2a: Rotom
|-damage|p1a: Plot Armor Duck|73/100|[from] Recoil
|
|-weather|RainDance|[upkeep]
|upkeep
|inactive|RogueNinja1738 has 120 seconds left.
|
|t:|1779665009
|switch|p2a: Ditto|Ditto|100/100
|-transform|p2a: Ditto|p1a: Plot Armor Duck|[from] ability: Imposter
|turn|7
|
|t:|1779665019
|move|p2a: Ditto|Fake Out|p1a: Plot Armor Duck
|-damage|p1a: Plot Armor Duck|42/100
|cant|p1a: Plot Armor Duck|flinch
|
|-weather|RainDance|[upkeep]
|upkeep
|turn|8
|inactive|RogueNinja1738 has 120 seconds left.
|
|t:|1779665048
|move|p2a: Ditto|Knock Off|p1a: Plot Armor Duck
|-damage|p1a: Plot Armor Duck|0 fnt
|-enditem|p1a: Plot Armor Duck|Light Ball|[from] move: Knock Off|[of] p2a: Ditto
|faint|p1a: Plot Armor Duck
|
|-weather|RainDance|[upkeep]
|upkeep
|
|t:|1779665055
|switch|p1a: Flaming Duck|Cyndaquil, M|100/100
|turn|9
|
|t:|1779665067
|move|p1a: Flaming Duck|Eruption|p2a: Ditto
|-damage|p2a: Ditto|50/100
|move|p2a: Ditto|Knock Off|p1a: Flaming Duck
|-damage|p1a: Flaming Duck|43/100
|-enditem|p1a: Flaming Duck|Choice Scarf|[from] move: Knock Off|[of] p2a: Ditto
|
|-weather|RainDance|[upkeep]
|upkeep
|turn|10
|
|t:|1779665084
|move|p2a: Ditto|Alluring Voice|p1a: Flaming Duck
|-resisted|p1a: Flaming Duck
|-damage|p1a: Flaming Duck|24/100
|move|p1a: Flaming Duck|Smokescreen|p2a: Ditto
|-unboost|p2a: Ditto|accuracy|1
|
|-weather|none
|upkeep
|turn|11
|
|t:|1779665095
|move|p2a: Ditto|Knock Off|p1a: Flaming Duck
|-damage|p1a: Flaming Duck|0 fnt
|faint|p1a: Flaming Duck
|
|upkeep
|
|t:|1779665104
|switch|p1a: Gold Duck|Golduck, M|81/100
|turn|12
|
|t:|1779665111
|move|p2a: Ditto|Alluring Voice|p1a: Gold Duck
|-damage|p1a: Gold Duck|62/100
|move|p1a: Gold Duck|Rain Dance|p1a: Gold Duck
|-weather|RainDance
|
|-weather|RainDance|[upkeep]
|upkeep
|turn|13
|
|t:|1779665129
|move|p1a: Gold Duck|Flip Turn|p2a: Ditto
|-damage|p2a: Ditto|0 fnt
|-damage|p1a: Gold Duck|45/100|[from] item: Rocky Helmet|[of] p2a: Ditto
|faint|p2a: Ditto
|
|t:|1779665134
|switch|p1a: Dance Duck|Ludicolo, F, shiny|100/100|[from] Flip Turn
|
|-weather|RainDance|[upkeep]
|upkeep
|
|t:|1779665158
|switch|p2a: Gholdengo|Gholdengo|100/100
|turn|14
|inactive|RogueNinja1738 has 90 seconds left.
|
|t:|1779665175
|move|p1a: Dance Duck|Knock Off|p2a: Gholdengo
|-supereffective|p2a: Gholdengo
|-damage|p2a: Gholdengo|70/100
|-enditem|p2a: Gholdengo|Red Card|[from] move: Knock Off|[of] p1a: Dance Duck
|move|p2a: Gholdengo|Shadow Ball|p1a: Dance Duck
|-damage|p1a: Dance Duck|72/100
|
|-weather|RainDance|[upkeep]
|upkeep
|turn|15
|inactive|RogueNinja1738 has 90 seconds left.
|
|t:|1779665196
|move|p1a: Dance Duck|Hydro Pump|p2a: Gholdengo
|-damage|p2a: Gholdengo|0 fnt
|faint|p2a: Gholdengo
|
|-weather|RainDance|[upkeep]
|upkeep
|
|t:|1779665207
|switch|p2a: Metagross|Metagross|100/100
|turn|16
|
|t:|1779665225
|move|p1a: Dance Duck|Knock Off|p2a: Metagross
|-supereffective|p2a: Metagross
|-damage|p2a: Metagross|73/100
|-enditem|p2a: Metagross|Weakness Policy
|-boost|p2a: Metagross|atk|2|[from] item: Weakness Policy
|-boost|p2a: Metagross|spa|2|[from] item: Weakness Policy
|move|p2a: Metagross|Thunder Punch|p1a: Dance Duck
|-damage|p1a: Dance Duck|0 fnt
|faint|p1a: Dance Duck
|
|-weather|RainDance|[upkeep]
|upkeep
|
|t:|1779665238
|switch|p1a: Throat Duck|Cramorant, F|100/100
|turn|17
|
|t:|1779665242
|move|p1a: Throat Duck|Surf|p2a: Metagross
|-formechange|p1a: Throat Duck|Cramorant-Gulping|
|-damage|p2a: Metagross|24/100
|move|p2a: Metagross|Thunder Punch|p1a: Throat Duck
|-supereffective|p1a: Throat Duck
|-enditem|p1a: Throat Duck|Focus Sash
|-damage|p1a: Throat Duck|1/100
|-damage|p2a: Metagross|0 fnt|[from] ability: Gulp Missile|[of] p1a: Throat Duck
|-formechange|p1a: Throat Duck|Cramorant|
|faint|p2a: Metagross
|
|-weather|RainDance|[upkeep]
|upkeep
|
|t:|1779665267
|switch|p2a: Kingambit|Kingambit, F|100/100
|turn|18
|
|t:|1779665281
|move|p2a: Kingambit|Extrasensory|p1a: Throat Duck
|-damage|p1a: Throat Duck|0 fnt
|faint|p1a: Throat Duck
|
|-weather|RainDance|[upkeep]
|upkeep
|
|t:|1779665286
|switch|p1a: Gold Duck|Golduck, M|45/100
|turn|19
|
|t:|1779665290
|move|p1a: Gold Duck|Flip Turn|p2a: Kingambit
|-damage|p2a: Kingambit|55/100
|replace|p2a: Zoroark|Zoroark-Hisui, M
|-end|p2a: Zoroark|Illusion
|
|t:|1779665293
|switch|p1a: Digital Duck|Porygon-Z|100/100|[from] Flip Turn
|move|p2a: Zoroark|Extrasensory|p1a: Digital Duck
|-damage|p1a: Digital Duck|35/100
|
|-weather|none
|upkeep
|turn|20
|inactive|RogueNinja1738 has 90 seconds left.
|
|t:|1779665302
|move|p2a: Zoroark|Extrasensory|p1a: Digital Duck
|-damage|p1a: Digital Duck|0 fnt
|faint|p1a: Digital Duck
|
|upkeep
|
|t:|1779665305
|switch|p1a: Gold Duck|Golduck, M|45/100
|turn|21
|
|t:|1779665309
|-terastallize|p1a: Gold Duck|Water
|move|p2a: Zoroark|Extrasensory|p1a: Gold Duck
|-damage|p1a: Gold Duck|0 fnt
|faint|p1a: Gold Duck
|
|win|RogueNinja1738
|raw|AwaitingCombat's rating: 1059 &rarr; <strong>1040</strong><br />(-19 for losing)
|raw|RogueNinja1738's rating: 1055 &rarr; <strong>1087</strong><br />(+32 for winning)
|l|☆AwaitingCombat
|player|p1|
|l|☆RogueNinja1738
|player|p2|
