|j|☆cheeseguy43
|j|☆ImOuTtT
|t:|1779704374
|gametype|singles
|player|p1|cheeseguy43|cynthia-gen4|1284
|player|p2|ImOuTtT|170|1221
|gen|9
|tier|[Gen 9] OU
|rated|
|rule|HP Percentage Mod: HP is shown in percentages
|rule|Endless Battle Clause: Forcing endless battles is banned
|rule|Species Clause: Limit one of each Pokémon
|rule|OHKO Clause: OHKO moves are banned
|rule|Evasion Items Clause: Evasion items are banned
|rule|Evasion Moves Clause: Evasion moves are banned
|rule|Evasion Abilities Clause: Evasion abilities are banned
|rule|Sleep Moves Clause: Sleep-inducing moves are banned
|clearpoke
|poke|p1|Tinkaton, F|
|poke|p1|Ogerpon, F|
|poke|p1|Great Tusk|
|poke|p1|Pecharunt|
|poke|p1|Alomomola, M|
|poke|p1|Hydreigon, M|
|poke|p2|Cinderace, M|
|poke|p2|Great Tusk|
|poke|p2|Iron Moth|
|poke|p2|Raging Bolt|
|poke|p2|Ribombee, M|
|poke|p2|Eelektross, M|
|teampreview
|inactive|Battle timer is ON: inactive players will automatically lose when time's up. (requested by cheeseguy43)
|
|t:|1779704381
|teamsize|p1|6
|teamsize|p2|6
|start
|switch|p1a: Smile.exe|Tinkaton, F, shiny|100/100
|switch|p2a: Ribombee|Ribombee, M|100/100
|-item|p1a: Smile.exe|Air Balloon
|turn|1
|
|t:|1779704389
|move|p2a: Ribombee|Sticky Web|p1a: Smile.exe
|-sidestart|p1: cheeseguy43|move: Sticky Web
|move|p1a: Smile.exe|Encore|p2a: Ribombee
|-start|p2a: Ribombee|Encore
|
|upkeep
|turn|2
|
|t:|1779704398
|switch|p2a: Cinderace|Cinderace, M|100/100
|move|p1a: Smile.exe|Gigaton Hammer|p2a: Cinderace
|-resisted|p2a: Cinderace
|-damage|p2a: Cinderace|63/100
|
|upkeep
|turn|3
|
|t:|1779704415
|switch|p1a: Overseer|Pecharunt|100/100
|-activate|p1a: Overseer|move: Sticky Web
|-unboost|p1a: Overseer|spe|1
|move|p2a: Cinderace|Pyro Ball|p1a: Overseer
|-damage|p1a: Overseer|72/100
|
|upkeep
|turn|4
|
|t:|1779704423
|move|p2a: Cinderace|Sucker Punch|p1a: Overseer
|-start|p2a: Cinderace|typechange|Dark|[from] ability: Libero
|-supereffective|p1a: Overseer
|-damage|p1a: Overseer|37/100
|-damage|p2a: Cinderace|46/100|[from] item: Rocky Helmet|[of] p1a: Overseer
|move|p1a: Overseer|Malignant Chain|p2a: Cinderace
|-damage|p2a: Cinderace|2/100
|
|upkeep
|turn|5
|
|t:|1779704433
|move|p2a: Cinderace|Sucker Punch||[still]
|-fail|p2a: Cinderace
|move|p1a: Overseer|Recover|p1a: Overseer
|-heal|p1a: Overseer|87/100
|
|upkeep
|turn|6
|
|t:|1779704439
|move|p2a: Cinderace|Sucker Punch|p1a: Overseer
|-supereffective|p1a: Overseer
|-damage|p1a: Overseer|55/100
|-damage|p2a: Cinderace|0 fnt|[from] item: Rocky Helmet|[of] p1a: Overseer
|faint|p2a: Cinderace
|move|p1a: Overseer|Malignant Chain|p2: Cinderace|[notarget]
|-fail|p1a: Overseer
|
|upkeep
|
|t:|1779704453
|switch|p2a: Great Tusk|Great Tusk|100/100
|-enditem|p2a: Great Tusk|Booster Energy
|-activate|p2a: Great Tusk|ability: Protosynthesis|[fromitem]
|-start|p2a: Great Tusk|protosynthesisatk
|turn|7
|
|t:|1779704459
|switch|p1a: Smile.exe|Tinkaton, F, shiny|100/100
|-item|p1a: Smile.exe|Air Balloon
|move|p2a: Great Tusk|Earthquake|p1a: Smile.exe
|-immune|p1a: Smile.exe
|
|upkeep
|turn|8
|
|t:|1779704474
|-terastallize|p2a: Great Tusk|Fire
|move|p1a: Smile.exe|Encore|p2a: Great Tusk
|-start|p2a: Great Tusk|Encore
|move|p2a: Great Tusk|Earthquake|p1a: Smile.exe
|-immune|p1a: Smile.exe
|
|upkeep
|turn|9
|
|t:|1779704483
|switch|p1a: Hybrid|Hydreigon, M, shiny|100/100
|-end|p2a: Great Tusk|Protosynthesis|[silent]
|switch|p2a: Eelektross|Eelektross, M|100/100
|
|upkeep
|turn|10
|
|t:|1779704489
|move|p1a: Hybrid|Draco Meteor|p2a: Eelektross
|-damage|p2a: Eelektross|0 fnt
|-unboost|p1a: Hybrid|spa|2
|faint|p2a: Eelektross
|
|upkeep
|
|t:|1779704497
|switch|p2a: Iron Moth|Iron Moth|100/100
|-enditem|p2a: Iron Moth|Booster Energy
|-activate|p2a: Iron Moth|ability: Quark Drive|[fromitem]
|-start|p2a: Iron Moth|quarkdrivespa
|turn|11
|
|t:|1779704502
|switch|p1a: Pisces|Alomomola, M, shiny|100/100
|-activate|p1a: Pisces|move: Sticky Web
|-unboost|p1a: Pisces|spe|1
|move|p2a: Iron Moth|Dazzling Gleam|p1a: Pisces
|-damage|p1a: Pisces|83/100
|
|upkeep
|turn|12
|
|t:|1779704509
|move|p2a: Iron Moth|Discharge|p1a: Pisces
|-supereffective|p1a: Pisces
|-damage|p1a: Pisces|45/100
|-status|p1a: Pisces|par
|move|p1a: Pisces|Mirror Coat|p2a: Iron Moth
|-damage|p2a: Iron Moth|0 fnt
|faint|p2a: Iron Moth
|-end|p2a: Iron Moth|Quark Drive|[silent]
|
|upkeep
|
|t:|1779704521
|switch|p2a: Raging Bolt|Raging Bolt|100/100
|-enditem|p2a: Raging Bolt|Booster Energy
|-activate|p2a: Raging Bolt|ability: Protosynthesis|[fromitem]
|-start|p2a: Raging Bolt|protosynthesisspa
|turn|13
|
|t:|1779704527
|switch|p1a: Behemoth|Great Tusk, shiny|100/100
|move|p2a: Raging Bolt|Dragon Pulse|p1a: Behemoth
|-damage|p1a: Behemoth|0 fnt
|faint|p1a: Behemoth
|-end|p1a: Behemoth|Protosynthesis|[silent]
|
|upkeep
|
|t:|1779704536
|switch|p1a: Hybrid|Hydreigon, M, shiny|100/100
|turn|14
|
|t:|1779704546
|-terastallize|p1a: Hybrid|Steel
|move|p2a: Raging Bolt|Thunderclap|p1a: Hybrid
|-damage|p1a: Hybrid|40/100
|move|p1a: Hybrid|Draco Meteor|p2a: Raging Bolt
|-supereffective|p2a: Raging Bolt
|-crit|p2a: Raging Bolt
|-damage|p2a: Raging Bolt|0 fnt
|-unboost|p1a: Hybrid|spa|2
|faint|p2a: Raging Bolt
|-end|p2a: Raging Bolt|Protosynthesis|[silent]
|
|upkeep
|
|t:|1779704557
|switch|p2a: Ribombee|Ribombee, M|100/100
|turn|15
|
|t:|1779704564
|switch|p1a: Smile.exe|Tinkaton, F, shiny|100/100
|-item|p1a: Smile.exe|Air Balloon
|move|p2a: Ribombee|Moonblast|p1a: Smile.exe
|-resisted|p1a: Smile.exe
|-damage|p1a: Smile.exe|79/100
|-enditem|p1a: Smile.exe|Air Balloon
|
|upkeep
|turn|16
|
|t:|1779704578
|switch|p2a: Great Tusk|Great Tusk, tera:Fire|100/100
|move|p1a: Smile.exe|Gigaton Hammer|p2a: Great Tusk
|-resisted|p2a: Great Tusk
|-damage|p2a: Great Tusk|79/100
|
|upkeep
|turn|17
|
|t:|1779704590
|switch|p1a: Pisces|Alomomola, M, shiny|78/100 par
|-activate|p1a: Pisces|move: Sticky Web
|-unboost|p1a: Pisces|spe|1
|move|p2a: Great Tusk|Earthquake|p1a: Pisces
|-damage|p1a: Pisces|41/100 par
|
|upkeep
|turn|18
|
|t:|1779704599
|move|p2a: Great Tusk|Earthquake|p1a: Pisces
|-damage|p1a: Pisces|6/100 par
|move|p1a: Pisces|Flip Turn|p2a: Great Tusk
|-supereffective|p2a: Great Tusk
|-damage|p2a: Great Tusk|56/100
|
|t:|1779704604
|switch|p1a: Hybrid|Hydreigon, M, shiny, tera:Steel|40/100|[from] Flip Turn
|
|upkeep
|turn|19
|
|t:|1779704610
|move|p1a: Hybrid|Earth Power|p2a: Great Tusk
|-supereffective|p2a: Great Tusk
|-damage|p2a: Great Tusk|0 fnt
|faint|p2a: Great Tusk
|-end|p2a: Great Tusk|Protosynthesis|[silent]
|
|upkeep
|
|t:|1779704616
|switch|p2a: Ribombee|Ribombee, M|100/100
|turn|20
|
|t:|1779704620
|switch|p1a: Smile.exe|Tinkaton, F, shiny|79/100
|-activate|p1a: Smile.exe|move: Sticky Web
|-unboost|p1a: Smile.exe|spe|1
|move|p2a: Ribombee|Moonblast|p1a: Smile.exe
|-resisted|p1a: Smile.exe
|-damage|p1a: Smile.exe|56/100
|
|upkeep
|turn|21
|c|☆cheeseguy43|Gg
|
|t:|1779704631
|move|p2a: Ribombee|Moonblast|p1a: Smile.exe
|-resisted|p1a: Smile.exe
|-damage|p1a: Smile.exe|31/100
|-unboost|p1a: Smile.exe|spa|1
|move|p1a: Smile.exe|Gigaton Hammer|p2a: Ribombee
|-supereffective|p2a: Ribombee
|-enditem|p2a: Ribombee|Focus Sash
|-damage|p2a: Ribombee|1/100
|
|upkeep
|turn|22
|
|t:|1779704641
|move|p2a: Ribombee|Moonblast|p1a: Smile.exe
|-resisted|p1a: Smile.exe
|-damage|p1a: Smile.exe|9/100
|move|p1a: Smile.exe|Ice Hammer|p2a: Ribombee
|-damage|p2a: Ribombee|0 fnt
|-unboost|p1a: Smile.exe|spe|1
|faint|p2a: Ribombee
|
|win|cheeseguy43
|raw|cheeseguy43's rating: 1284 &rarr; <strong>1305</strong><br />(+21 for winning)
|raw|ImOuTtT's rating: 1221 &rarr; <strong>1200</strong><br />(-21 for losing)
|l|☆cheeseguy43
|player|p1|
|l|☆ImOuTtT
|player|p2|
