|j|☆Leo-Chirisu
|j|☆antzinmypantz
|t:|1779556775
|gametype|singles
|player|p1|Leo-Chirisu|aaron|1372
|player|p2|antzinmypantz|266|1331
|gen|9
|tier|[Gen 9] OU
|rated|
|rule|HP Percentage Mod: HP is shown in percentages
|rule|Endless Battle Clause: Forcing endless battles is banned
|rule|Species Clause: Limit one of each Pokémon
|rule|OHKO Clause: OHKO moves are banned
|rule|Evasion Items Clause: Evasion items are banned
|rule|Evasion Moves Clause: Evasion moves are banned
|rule|Evasion Abilities Clause: Evasion abilities are banned
|rule|Sleep Moves Clause: Sleep-inducing moves are banned
|clearpoke
|poke|p1|Rillaboom, M|
|poke|p1|Hawlucha, F|
|poke|p1|Tentacruel, M|
|poke|p1|Ribombee, F|
|poke|p1|Weavile, F|
|poke|p1|Sandaconda, F|
|poke|p2|Dondozo, M|
|poke|p2|Clefable, F|
|poke|p2|Ting-Lu|
|poke|p2|Corviknight, F|
|poke|p2|Skeledirge, F|
|poke|p2|Latias, F|
|teampreview
|
|t:|1779556804
|teamsize|p1|6
|teamsize|p2|6
|start
|switch|p1a: Sandaconda|Sandaconda, F|100/100
|switch|p2a: Clefable|Clefable, F|100/100
|turn|1
|
|t:|1779556830
|move|p1a: Sandaconda|Glare|p2a: Clefable
|-status|p2a: Clefable|par
|cant|p2a: Clefable|par
|
|upkeep
|turn|2
|
|t:|1779556835
|move|p1a: Sandaconda|Stealth Rock|p2a: Clefable
|-sidestart|p2: antzinmypantz|move: Stealth Rock
|move|p2a: Clefable|Ice Beam|p1a: Sandaconda
|-supereffective|p1a: Sandaconda
|-damage|p1a: Sandaconda|23/100
|
|upkeep
|turn|3
|
|t:|1779556841
|move|p1a: Sandaconda|Earthquake|p2a: Clefable
|-damage|p2a: Clefable|56/100 par
|move|p2a: Clefable|Moonblast|p1a: Sandaconda
|-damage|p1a: Sandaconda|0 fnt
|faint|p1a: Sandaconda
|
|upkeep
|
|t:|1779556844
|switch|p1a: Rillaboom|Rillaboom, M|100/100
|-fieldstart|move: Grassy Terrain|[from] ability: Grassy Surge|[of] p1a: Rillaboom
|turn|4
|
|t:|1779556851
|switch|p2a: Corviknight|Corviknight, F|100/100
|-damage|p2a: Corviknight|88/100|[from] Stealth Rock
|-ability|p2a: Corviknight|Pressure
|move|p1a: Rillaboom|U-turn|p2a: Corviknight
|-resisted|p2a: Corviknight
|-damage|p2a: Corviknight|82/100
|
|t:|1779556858
|switch|p1a: Weavile|Weavile, F|100/100|[from] U-turn
|-ability|p1a: Weavile|Pressure
|
|upkeep
|turn|5
|
|t:|1779556872
|-terastallize|p1a: Weavile|Ice
|move|p1a: Weavile|Icicle Spear|p2a: Corviknight
|-damage|p2a: Corviknight|66/100
|-damage|p2a: Corviknight|51/100
|-damage|p2a: Corviknight|33/100
|-damage|p2a: Corviknight|17/100
|-crit|p2a: Corviknight
|-damage|p2a: Corviknight|0 fnt
|faint|p2a: Corviknight
|-hitcount|p2: Corviknight|5
|
|upkeep
|
|t:|1779556883
|switch|p2a: Dondozo|Dondozo, M|100/100
|-damage|p2a: Dondozo|88/100|[from] Stealth Rock
|turn|6
|
|t:|1779556887
|switch|p1a: Rillaboom|Rillaboom, M|100/100
|move|p2a: Dondozo|Wave Crash|p1a: Rillaboom
|-resisted|p1a: Rillaboom
|-damage|p1a: Rillaboom|54/100
|-damage|p2a: Dondozo|78/100|[from] Recoil
|
|-heal|p1a: Rillaboom|60/100|[from] Grassy Terrain
|-heal|p2a: Dondozo|84/100|[from] Grassy Terrain
|upkeep
|turn|7
|
|t:|1779556895
|switch|p2a: Clefable|Clefable, F|56/100 par
|move|p1a: Rillaboom|Wood Hammer|p2a: Clefable
|-damage|p2a: Clefable|0 fnt
|faint|p2a: Clefable
|-damage|p1a: Rillaboom|39/100|[from] Recoil
|
|-heal|p1a: Rillaboom|45/100|[from] Grassy Terrain
|upkeep
|
|t:|1779556898
|switch|p2a: Skeledirge|Skeledirge, F|100/100
|turn|8
|
|t:|1779556903
|switch|p1a: Tentacruel|Tentacruel, M|100/100
|move|p2a: Skeledirge|Will-O-Wisp|p1a: Tentacruel
|-status|p1a: Tentacruel|brn
|
|-damage|p1a: Tentacruel|95/100 brn|[from] brn
|upkeep
|turn|9
|
|t:|1779556911
|switch|p2a: Ting-Lu|Ting-Lu|100/100
|-damage|p2a: Ting-Lu|94/100|[from] Stealth Rock
|-ability|p2a: Ting-Lu|Vessel of Ruin
|move|p1a: Tentacruel|Surf|p2a: Ting-Lu
|-supereffective|p2a: Ting-Lu
|-damage|p2a: Ting-Lu|68/100
|
|-heal|p1a: Tentacruel|100/100 brn|[from] Grassy Terrain
|-heal|p2a: Ting-Lu|74/100|[from] Grassy Terrain
|-damage|p1a: Tentacruel|95/100 brn|[from] brn
|upkeep
|turn|10
|
|t:|1779556919
|move|p1a: Tentacruel|Toxic Spikes|p2a: Ting-Lu
|-sidestart|p2: antzinmypantz|move: Toxic Spikes
|move|p2a: Ting-Lu|Throat Chop|p1a: Tentacruel
|-damage|p1a: Tentacruel|27/100 brn
|-start|p1a: Tentacruel|Throat Chop|[silent]
|
|-heal|p1a: Tentacruel|33/100 brn|[from] Grassy Terrain
|-heal|p1a: Tentacruel|39/100 brn|[from] item: Leftovers
|-heal|p2a: Ting-Lu|81/100|[from] Grassy Terrain
|-damage|p1a: Tentacruel|33/100 brn|[from] brn
|upkeep
|turn|11
|
|t:|1779556925
|move|p1a: Tentacruel|Toxic Spikes|p2a: Ting-Lu
|-sidestart|p2: antzinmypantz|move: Toxic Spikes
|move|p2a: Ting-Lu|Throat Chop|p1a: Tentacruel
|-damage|p1a: Tentacruel|0 fnt
|faint|p1a: Tentacruel
|
|-heal|p2a: Ting-Lu|87/100|[from] Grassy Terrain
|-fieldend|move: Grassy Terrain
|upkeep
|
|t:|1779556930
|switch|p1a: Rillaboom|Rillaboom, M|45/100
|-fieldstart|move: Grassy Terrain|[from] ability: Grassy Surge|[of] p1a: Rillaboom
|turn|12
|
|t:|1779556943
|switch|p2a: Latias|Latias, F|100/100
|-damage|p2a: Latias|88/100|[from] Stealth Rock
|move|p1a: Rillaboom|U-turn|p2a: Latias
|-supereffective|p2a: Latias
|-crit|p2a: Latias
|-damage|p2a: Latias|0 fnt
|faint|p2a: Latias
|
|t:|1779556955
|switch|p1a: Weavile|Weavile, F, tera:Ice|100/100|[from] U-turn
|-ability|p1a: Weavile|Pressure
|
|upkeep
|
|t:|1779556981
|switch|p2a: Skeledirge|Skeledirge, F|100/100
|turn|13
|
|t:|1779556989
|-terastallize|p2a: Skeledirge|Fairy
|move|p1a: Weavile|Knock Off|p2a: Skeledirge
|-resisted|p2a: Skeledirge
|-damage|p2a: Skeledirge|80/100
|-enditem|p2a: Skeledirge|Heavy-Duty Boots|[from] move: Knock Off|[of] p1a: Weavile
|move|p2a: Skeledirge|Will-O-Wisp|p1a: Weavile
|-status|p1a: Weavile|brn
|
|-heal|p2a: Skeledirge|86/100|[from] Grassy Terrain
|-damage|p1a: Weavile|94/100 brn|[from] brn
|upkeep
|turn|14
|
|t:|1779556997
|move|p1a: Weavile|Icicle Spear|p2a: Skeledirge
|-damage|p2a: Skeledirge|79/100
|-damage|p2a: Skeledirge|73/100
|-damage|p2a: Skeledirge|65/100
|-damage|p2a: Skeledirge|58/100
|-damage|p2a: Skeledirge|51/100
|-hitcount|p2a: Skeledirge|5
|move|p2a: Skeledirge|Torch Song|p1a: Weavile
|-supereffective|p1a: Weavile
|-damage|p1a: Weavile|0 fnt
|-boost|p2a: Skeledirge|spa|1
|faint|p1a: Weavile
|
|-heal|p2a: Skeledirge|57/100|[from] Grassy Terrain
|upkeep
|
|t:|1779557000
|switch|p1a: Rillaboom|Rillaboom, M|45/100
|turn|15
|
|t:|1779557005
|move|p1a: Rillaboom|Wood Hammer|p2a: Skeledirge
|-damage|p2a: Skeledirge|0 fnt
|faint|p2a: Skeledirge
|-damage|p1a: Rillaboom|22/100|[from] Recoil
|
|-heal|p1a: Rillaboom|29/100|[from] Grassy Terrain
|upkeep
|
|t:|1779557011
|switch|p2a: Dondozo|Dondozo, M|84/100
|-damage|p2a: Dondozo|72/100|[from] Stealth Rock
|-status|p2a: Dondozo|tox
|turn|16
|
|t:|1779557019
|move|p1a: Rillaboom|Wood Hammer|p2a: Dondozo
|-supereffective|p2a: Dondozo
|-damage|p2a: Dondozo|0 fnt
|faint|p2a: Dondozo
|-damage|p1a: Rillaboom|0 fnt|[from] Recoil
|faint|p1a: Rillaboom
|
|upkeep
|
|t:|1779557025
|switch|p1a: Ribombee|Ribombee, F|100/100
|switch|p2a: Ting-Lu|Ting-Lu|87/100
|-damage|p2a: Ting-Lu|81/100|[from] Stealth Rock
|-status|p2a: Ting-Lu|tox
|-ability|p2a: Ting-Lu|Vessel of Ruin
|-enditem|p1a: Ribombee|Grassy Seed
|-boost|p1a: Ribombee|def|1|[from] item: Grassy Seed
|turn|17
|
|t:|1779557030
|move|p1a: Ribombee|Quiver Dance|p1a: Ribombee
|-boost|p1a: Ribombee|spa|1
|-boost|p1a: Ribombee|spd|1
|-boost|p1a: Ribombee|spe|1
|move|p2a: Ting-Lu|Heavy Slam|p1a: Ribombee
|-supereffective|p1a: Ribombee
|-damage|p1a: Ribombee|47/100
|
|-heal|p1a: Ribombee|53/100|[from] Grassy Terrain
|-heal|p2a: Ting-Lu|87/100 tox|[from] Grassy Terrain
|-damage|p2a: Ting-Lu|81/100 tox|[from] psn
|upkeep
|turn|18
|
|t:|1779557034
|move|p1a: Ribombee|Quiver Dance|p1a: Ribombee
|-boost|p1a: Ribombee|spa|1
|-boost|p1a: Ribombee|spd|1
|-boost|p1a: Ribombee|spe|1
|move|p2a: Ting-Lu|Heavy Slam|p1a: Ribombee
|-supereffective|p1a: Ribombee
|-damage|p1a: Ribombee|0 fnt
|faint|p1a: Ribombee
|
|-heal|p2a: Ting-Lu|87/100 tox|[from] Grassy Terrain
|-damage|p2a: Ting-Lu|74/100 tox|[from] psn
|upkeep
|
|t:|1779557039
|switch|p1a: Hawlucha|Hawlucha, F|100/100
|-enditem|p1a: Hawlucha|Grassy Seed
|-boost|p1a: Hawlucha|def|1|[from] item: Grassy Seed
|turn|19
|
|t:|1779557044
|move|p1a: Hawlucha|Swords Dance|p1a: Hawlucha
|-boost|p1a: Hawlucha|atk|2
|move|p2a: Ting-Lu|Stone Edge|p1a: Hawlucha
|-damage|p1a: Hawlucha|73/100
|
|-heal|p2a: Ting-Lu|81/100 tox|[from] Grassy Terrain
|-damage|p2a: Ting-Lu|62/100 tox|[from] psn
|-fieldend|move: Grassy Terrain
|upkeep
|turn|20
|-message|antzinmypantz forfeited.
|
|win|Leo-Chirisu
|raw|Leo-Chirisu's rating: 1356 &rarr; <strong>1375</strong><br />(+19 for winning)
|raw|antzinmypantz's rating: 1331 &rarr; <strong>1312</strong><br />(-19 for losing)
|l|☆antzinmypantz
|player|p2|
|l|☆Leo-Chirisu
|player|p1|
