|j|☆Megachamp100
|j|☆Player UNOWN
|t:|1779706653
|gametype|singles
|player|p1|Megachamp100|marshal|1063
|player|p2|Player UNOWN|scientist-gen4|1084
|gen|9
|tier|[Gen 9] OU
|rated|
|rule|HP Percentage Mod: HP is shown in percentages
|rule|Endless Battle Clause: Forcing endless battles is banned
|rule|Species Clause: Limit one of each Pokémon
|rule|OHKO Clause: OHKO moves are banned
|rule|Evasion Items Clause: Evasion items are banned
|rule|Evasion Moves Clause: Evasion moves are banned
|rule|Evasion Abilities Clause: Evasion abilities are banned
|rule|Sleep Moves Clause: Sleep-inducing moves are banned
|clearpoke
|poke|p1|Forretress, M|
|poke|p1|Slowking-Galar, F|
|poke|p1|Clefable, M|
|poke|p1|Zapdos|
|poke|p1|Arcanine, M|
|poke|p1|Ursaluna, M|
|poke|p2|Tyranitar, M|
|poke|p2|Scizor, M|
|poke|p2|Flygon, F|
|poke|p2|Empoleon, M|
|poke|p2|Hippowdon, M|
|poke|p2|Garchomp, F|
|teampreview
|
|t:|1779706665
|teamsize|p1|6
|teamsize|p2|6
|start
|switch|p1a: Clefable|Clefable, M|100/100
|switch|p2a: Hippowdon|Hippowdon, M|100/100
|-weather|Sandstorm|[from] ability: Sand Stream|[of] p2a: Hippowdon
|turn|1
|
|t:|1779706678
|move|p1a: Clefable|Calm Mind|p1a: Clefable
|-boost|p1a: Clefable|spa|1
|-boost|p1a: Clefable|spd|1
|move|p2a: Hippowdon|Stealth Rock|p1a: Clefable
|-sidestart|p1: Megachamp100|move: Stealth Rock
|
|-weather|Sandstorm|[upkeep]
|upkeep
|turn|2
|
|t:|1779706686
|move|p1a: Clefable|Moonblast|p2a: Hippowdon
|-damage|p2a: Hippowdon|50/100
|-unboost|p2a: Hippowdon|spa|1
|move|p2a: Hippowdon|Whirlwind|p1a: Clefable
|drag|p1a: Ursaluna|Ursaluna, M|100/100
|-damage|p1a: Ursaluna|94/100|[from] Stealth Rock
|
|-weather|Sandstorm|[upkeep]
|-status|p1a: Ursaluna|brn|[from] item: Flame Orb
|upkeep
|turn|3
|
|t:|1779706699
|move|p1a: Ursaluna|Facade|p2a: Hippowdon
|-damage|p2a: Hippowdon|0 fnt
|-damage|p1a: Ursaluna|78/100 brn|[from] item: Rocky Helmet|[of] p2a: Hippowdon
|faint|p2a: Hippowdon
|
|-weather|Sandstorm|[upkeep]
|-damage|p1a: Ursaluna|71/100 brn|[from] brn
|upkeep
|
|t:|1779706709
|switch|p2a: Flygon|Flygon, F|100/100
|turn|4
|
|t:|1779706714
|move|p2a: Flygon|Dragon Dance|p2a: Flygon
|-boost|p2a: Flygon|atk|1
|-boost|p2a: Flygon|spe|1
|move|p1a: Ursaluna|Facade|p2a: Flygon
|-enditem|p2a: Flygon|Focus Sash
|-damage|p2a: Flygon|1/100
|
|-weather|Sandstorm|[upkeep]
|-damage|p1a: Ursaluna|65/100 brn|[from] brn
|upkeep
|turn|5
|
|t:|1779706726
|switch|p1a: Forretress|Forretress, M, shiny|100/100
|-damage|p1a: Forretress|88/100|[from] Stealth Rock
|move|p2a: Flygon|Earthquake|p1a: Forretress
|-damage|p1a: Forretress|48/100
|
|-weather|none
|upkeep
|turn|6
|
|t:|1779706740
|move|p2a: Flygon|Earthquake|p1a: Forretress
|-damage|p1a: Forretress|6/100
|move|p1a: Forretress|Rapid Spin|p2a: Flygon
|-damage|p2a: Flygon|0 fnt
|-boost|p1a: Forretress|spe|1
|-sideend|p1: Megachamp100|Stealth Rock|[from] move: Rapid Spin|[of] p1a: Forretress
|faint|p2a: Flygon
|
|upkeep
|
|t:|1779706750
|switch|p2a: Scizor|Scizor, M|100/100
|turn|7
|
|t:|1779706753
|move|p2a: Scizor|Swords Dance|p2a: Scizor
|-boost|p2a: Scizor|atk|2
|move|p1a: Forretress|Pain Split|p2a: Scizor
|-sethp|p2a: Scizor|54/100|[from] move: Pain Split|[silent]
|-sethp|p1a: Forretress|43/100|[from] move: Pain Split
|
|upkeep
|turn|8
|
|t:|1779706762
|move|p2a: Scizor|Swords Dance|p2a: Scizor
|-boost|p2a: Scizor|atk|2
|move|p1a: Forretress|Volt Switch|p2a: Scizor
|-damage|p2a: Scizor|38/100
|
|t:|1779706767
|switch|p1a: Arcanine|Arcanine, M, shiny|100/100|[from] Volt Switch
|-ability|p1a: Arcanine|Intimidate|boost
|-unboost|p2a: Scizor|atk|1
|
|upkeep
|turn|9
|
|t:|1779706776
|-terastallize|p1a: Arcanine|Fire
|move|p2a: Scizor|Bullet Punch|p1a: Arcanine
|-resisted|p1a: Arcanine
|-damage|p1a: Arcanine|47/100
|move|p1a: Arcanine|Raging Fury|p2a: Scizor
|-supereffective|p2a: Scizor
|-damage|p2a: Scizor|0 fnt
|faint|p2a: Scizor
|
|upkeep
|
|t:|1779706787
|switch|p2a: Garchomp|Garchomp, F|100/100
|turn|10
|
|t:|1779706791
|move|p1a: Arcanine|Raging Fury|p2a: Garchomp|[from] lockedmove
|-resisted|p2a: Garchomp
|-damage|p2a: Garchomp|54/100
|move|p2a: Garchomp|Stealth Rock|p1a: Arcanine
|-sidestart|p1: Megachamp100|move: Stealth Rock
|
|upkeep
|turn|11
|
|t:|1779706798
|move|p1a: Arcanine|Raging Fury|p2a: Garchomp|[from] lockedmove
|-resisted|p2a: Garchomp
|-damage|p2a: Garchomp|4/100
|-start|p1a: Arcanine|confusion|[fatigue]
|move|p2a: Garchomp|Earthquake|p1a: Arcanine
|-supereffective|p1a: Arcanine
|-damage|p1a: Arcanine|0 fnt
|faint|p1a: Arcanine
|
|upkeep
|
|t:|1779706808
|switch|p1a: Forretress|Forretress, M, shiny|43/100
|-damage|p1a: Forretress|30/100|[from] Stealth Rock
|turn|12
|
|t:|1779706815
|move|p2a: Garchomp|Earthquake|p1a: Forretress
|-damage|p1a: Forretress|6/100
|move|p1a: Forretress|Rapid Spin|p2a: Garchomp
|-damage|p2a: Garchomp|0 fnt
|-boost|p1a: Forretress|spe|1
|-damage|p1a: Forretress|0 fnt|[from] ability: Rough Skin|[of] p2a: Garchomp
|faint|p2a: Garchomp
|faint|p1a: Forretress
|
|upkeep
|
|t:|1779706829
|switch|p2a: Tyranitar|Tyranitar, M|100/100
|switch|p1a: Clefable|Clefable, M|100/100
|-weather|Sandstorm|[from] ability: Sand Stream|[of] p2a: Tyranitar
|turn|13
|
|t:|1779706843
|move|p1a: Clefable|Moonblast|p2a: Tyranitar
|-supereffective|p2a: Tyranitar
|-damage|p2a: Tyranitar|54/100
|-unboost|p2a: Tyranitar|spa|1
|move|p2a: Tyranitar|Stone Edge|p1a: Clefable|[miss]
|-miss|p2a: Tyranitar|p1a: Clefable
|
|-weather|Sandstorm|[upkeep]
|upkeep
|turn|14
|
|t:|1779706853
|move|p1a: Clefable|Moonblast|p2a: Tyranitar
|-supereffective|p2a: Tyranitar
|-damage|p2a: Tyranitar|12/100
|move|p2a: Tyranitar|Stone Edge|p1a: Clefable
|-damage|p1a: Clefable|56/100
|
|-weather|Sandstorm|[upkeep]
|upkeep
|turn|15
|
|t:|1779706861
|move|p1a: Clefable|Moonblast|p2a: Tyranitar
|-supereffective|p2a: Tyranitar
|-damage|p2a: Tyranitar|0 fnt
|faint|p2a: Tyranitar
|
|-weather|Sandstorm|[upkeep]
|upkeep
|
|t:|1779706868
|switch|p2a: Empoleon|Empoleon, M|100/100
|turn|16
|
|t:|1779706871
|move|p2a: Empoleon|Ice Beam|p1a: Clefable
|-damage|p1a: Clefable|26/100
|move|p1a: Clefable|Thunderbolt|p2a: Empoleon
|-supereffective|p2a: Empoleon
|-damage|p2a: Empoleon|48/100
|
|-weather|Sandstorm|[upkeep]
|upkeep
|turn|17
|
|t:|1779706880
|move|p1a: Clefable|Moonlight|p1a: Clefable
|-heal|p1a: Clefable|51/100
|move|p2a: Empoleon|Ice Beam|p1a: Clefable
|-damage|p1a: Clefable|22/100
|
|-weather|none
|upkeep
|turn|18
|-message|Player UNOWN forfeited.
|
|win|Megachamp100
|raw|Megachamp100's rating: 1063 &rarr; <strong>1095</strong><br />(+32 for winning)
|raw|Player UNOWN's rating: 1084 &rarr; <strong>1060</strong><br />(-24 for losing)
|l|☆Player UNOWN
|player|p2|
|l|☆Megachamp100
|player|p1|
