|inactive|Battle timer is ON: inactive players will automatically lose when time's up.
|t:|1779648077
|gametype|singles
|player|p1|Nultiprise|2|
|player|p2|Glurakaiser|#wcop2026germany|
|gen|9
|tier|[Gen 9] OU
|rule|HP Percentage Mod: HP is shown in percentages
|rule|Endless Battle Clause: Forcing endless battles is banned
|rule|Species Clause: Limit one of each Pokémon
|rule|OHKO Clause: OHKO moves are banned
|rule|Evasion Items Clause: Evasion items are banned
|rule|Evasion Moves Clause: Evasion moves are banned
|rule|Evasion Abilities Clause: Evasion abilities are banned
|rule|Sleep Moves Clause: Sleep-inducing moves are banned
|clearpoke
|poke|p1|Rillaboom, F|
|poke|p1|Sceptile, F|
|poke|p1|Ceruledge, M|
|poke|p1|Great Tusk|
|poke|p1|Deoxys-Speed|
|poke|p1|Heatran, M|
|poke|p2|Glimmora, F|
|poke|p2|Ogerpon-Wellspring, F|
|poke|p2|Great Tusk|
|poke|p2|Raging Bolt|
|poke|p2|Zamazenta-*|
|poke|p2|Iron Valiant|
|teampreview
|c|☆Glurakaiser|hf
|c|☆Nultiprise|hf
|inactive|Glurakaiser has 270 seconds left.
|inactive|Glurakaiser has 240 seconds left.
|
|t:|1779648157
|teamsize|p1|6
|teamsize|p2|6
|start
|switch|p1a: Deoxys|Deoxys-Speed|100/100
|switch|p2a: Glimmora|Glimmora, F, shiny|100/100
|-ability|p1a: Deoxys|Pressure
|turn|1
|
|t:|1779648164
|move|p1a: Deoxys|Psycho Boost|p2a: Glimmora|[miss]
|-miss|p1a: Deoxys|p2a: Glimmora
|move|p2a: Glimmora|Power Gem|p1a: Deoxys
|-damage|p1a: Deoxys|30/100
|
|upkeep
|turn|2
|
|t:|1779648171
|move|p1a: Deoxys|Psycho Boost|p2a: Glimmora
|-supereffective|p2a: Glimmora
|-enditem|p2a: Glimmora|Focus Sash
|-damage|p2a: Glimmora|1/100
|-unboost|p1a: Deoxys|spa|2
|-damage|p1a: Deoxys|20/100|[from] item: Life Orb
|move|p2a: Glimmora|Power Gem|p1a: Deoxys
|-damage|p1a: Deoxys|0 fnt
|faint|p1a: Deoxys
|
|upkeep
|
|t:|1779648180
|switch|p1a: Great Tusk|Great Tusk|100/100
|turn|3
|
|t:|1779648189
|switch|p2a: Iron Valiant|Iron Valiant|100/100
|-enditem|p2a: Iron Valiant|Booster Energy
|-activate|p2a: Iron Valiant|ability: Quark Drive|[fromitem]
|-start|p2a: Iron Valiant|quarkdrivespe
|move|p1a: Great Tusk|Rapid Spin|p2a: Iron Valiant
|-damage|p2a: Iron Valiant|79/100
|-boost|p1a: Great Tusk|spe|1
|
|upkeep
|turn|4
|
|t:|1779648196
|-end|p1a: Great Tusk|Protosynthesis|[silent]
|switch|p1a: Rillaboom|Rillaboom, F|100/100
|-fieldstart|move: Grassy Terrain|[from] ability: Grassy Surge|[of] p1a: Rillaboom
|move|p2a: Iron Valiant|Moonblast|p1a: Rillaboom
|-damage|p1a: Rillaboom|63/100
|
|-heal|p2a: Iron Valiant|85/100|[from] Grassy Terrain
|-heal|p1a: Rillaboom|70/100|[from] Grassy Terrain
|upkeep
|turn|5
|
|t:|1779648209
|-end|p2a: Iron Valiant|Quark Drive|[silent]
|switch|p2a: Glimmora|Glimmora, F, shiny|1/100
|move|p1a: Rillaboom|Grassy Glide|p2a: Glimmora
|-damage|p2a: Glimmora|0 fnt
|-activate|p2a: Glimmora|ability: Toxic Debris
|-sidestart|p1: Nultiprise|move: Toxic Spikes
|faint|p2a: Glimmora
|
|-heal|p1a: Rillaboom|76/100|[from] Grassy Terrain
|upkeep
|
|t:|1779648224
|switch|p2a: Raging Bolt|Raging Bolt|100/100
|turn|6
|
|t:|1779648228
|move|p2a: Raging Bolt|Dragon Pulse|p1a: Rillaboom
|-damage|p1a: Rillaboom|35/100
|move|p1a: Rillaboom|Knock Off|p2a: Raging Bolt
|-damage|p2a: Raging Bolt|67/100
|-enditem|p2a: Raging Bolt|Leftovers|[from] move: Knock Off|[of] p1a: Rillaboom
|
|-heal|p2a: Raging Bolt|73/100|[from] Grassy Terrain
|-heal|p1a: Rillaboom|42/100|[from] Grassy Terrain
|upkeep
|turn|7
|
|t:|1779648241
|switch|p1a: Heatran|Heatran, M|100/100
|-item|p1a: Heatran|Air Balloon
|move|p2a: Raging Bolt|Calm Mind|p2a: Raging Bolt
|-boost|p2a: Raging Bolt|spa|1
|-boost|p2a: Raging Bolt|spd|1
|
|-heal|p2a: Raging Bolt|79/100|[from] Grassy Terrain
|upkeep
|turn|8
|
|t:|1779648248
|switch|p1a: Great Tusk|Great Tusk|100/100
|-status|p1a: Great Tusk|psn
|move|p2a: Raging Bolt|Thunderbolt|p1a: Great Tusk
|-immune|p1a: Great Tusk
|
|-heal|p2a: Raging Bolt|85/100|[from] Grassy Terrain
|-damage|p1a: Great Tusk|88/100 psn|[from] psn
|-fieldend|move: Grassy Terrain
|upkeep
|turn|9
|
|t:|1779648263
|move|p1a: Great Tusk|Headlong Rush|p2a: Raging Bolt
|-supereffective|p2a: Raging Bolt
|-damage|p2a: Raging Bolt|0 fnt
|-unboost|p1a: Great Tusk|def|1
|-unboost|p1a: Great Tusk|spd|1
|faint|p2a: Raging Bolt
|-end|p2a: Raging Bolt|Protosynthesis|[silent]
|-enditem|p1a: Great Tusk|Eject Pack
|
|t:|1779648269
|-end|p1a: Great Tusk|Protosynthesis|[silent]
|switch|p1a: Rillaboom|Rillaboom, F|42/100
|-status|p1a: Rillaboom|psn
|-fieldstart|move: Grassy Terrain|[from] ability: Grassy Surge|[of] p1a: Rillaboom
|
|-heal|p1a: Rillaboom|48/100 psn|[from] Grassy Terrain
|-damage|p1a: Rillaboom|35/100 psn|[from] psn
|upkeep
|
|t:|1779648280
|switch|p2a: Zamazenta|Zamazenta|100/100
|-ability|p2a: Zamazenta|Dauntless Shield|boost
|-boost|p2a: Zamazenta|def|1
|turn|10
|
|t:|1779648294
|move|p2a: Zamazenta|Body Press|p1a: Rillaboom
|-damage|p1a: Rillaboom|0 fnt
|faint|p1a: Rillaboom
|
|upkeep
|
|t:|1779648301
|switch|p1a: Great Tusk|Great Tusk|88/100 psn
|turn|11
|
|t:|1779648306
|move|p2a: Zamazenta|Iron Defense|p2a: Zamazenta
|-boost|p2a: Zamazenta|def|2
|move|p1a: Great Tusk|Rapid Spin|p2a: Zamazenta
|-damage|p2a: Zamazenta|95/100
|-boost|p1a: Great Tusk|spe|1
|-sideend|p1: Nultiprise|Toxic Spikes|[from] move: Rapid Spin|[of] p1a: Great Tusk
|
|-heal|p1a: Great Tusk|94/100 psn|[from] Grassy Terrain
|-heal|p2a: Zamazenta|100/100|[from] Grassy Terrain
|-damage|p1a: Great Tusk|82/100 psn|[from] psn
|upkeep
|turn|12
|
|t:|1779648311
|-end|p1a: Great Tusk|Protosynthesis|[silent]
|switch|p1a: Sceptile|Sceptile, F|100/100
|-enditem|p1a: Sceptile|Grassy Seed
|-boost|p1a: Sceptile|def|1|[from] item: Grassy Seed
|move|p2a: Zamazenta|Body Press|p1a: Sceptile
|-damage|p1a: Sceptile|10/100
|
|-heal|p1a: Sceptile|17/100|[from] Grassy Terrain
|upkeep
|turn|13
|
|t:|1779648316
|move|p1a: Sceptile|Acrobatics|p2a: Zamazenta
|-supereffective|p2a: Zamazenta
|-damage|p2a: Zamazenta|82/100
|move|p2a: Zamazenta|Body Press|p1a: Sceptile
|-damage|p1a: Sceptile|0 fnt
|faint|p1a: Sceptile
|
|-heal|p2a: Zamazenta|89/100|[from] Grassy Terrain
|-heal|p2a: Zamazenta|95/100|[from] item: Leftovers
|-fieldend|move: Grassy Terrain
|upkeep
|
|t:|1779648319
|switch|p1a: Ceruledge|Ceruledge, M|100/100
|turn|14
|
|t:|1779648323
|move|p2a: Zamazenta|Iron Defense|p2a: Zamazenta
|-boost|p2a: Zamazenta|def|2
|move|p1a: Ceruledge|Swords Dance|p1a: Ceruledge
|-boost|p1a: Ceruledge|atk|2
|
|-heal|p2a: Zamazenta|100/100|[from] item: Leftovers
|upkeep
|turn|15
|
|t:|1779648328
|move|p1a: Ceruledge|Swords Dance|p1a: Ceruledge
|-boost|p1a: Ceruledge|atk|2
|move|p2a: Zamazenta|Roar|p1a: Ceruledge
|drag|p1a: Great Tusk|Great Tusk|82/100 psn
|
|-damage|p1a: Great Tusk|70/100 psn|[from] psn
|upkeep
|turn|16
|
|t:|1779648338
|move|p2a: Zamazenta|Body Press|p1a: Great Tusk
|-damage|p1a: Great Tusk|0 fnt
|faint|p1a: Great Tusk
|-end|p1a: Great Tusk|Protosynthesis|[silent]
|
|upkeep
|
|t:|1779648340
|switch|p1a: Heatran|Heatran, M|100/100
|-item|p1a: Heatran|Air Balloon
|turn|17
|
|t:|1779648344
|-terastallize|p1a: Heatran|Ghost
|move|p2a: Zamazenta|Body Press|p1a: Heatran
|-immune|p1a: Heatran
|move|p1a: Heatran|Magma Storm|p2a: Zamazenta
|-damage|p2a: Zamazenta|58/100
|-activate|p2a: Zamazenta|move: Magma Storm|[of] p1a: Heatran
|
|-heal|p2a: Zamazenta|64/100|[from] item: Leftovers
|-damage|p2a: Zamazenta|52/100|[from] move: Magma Storm|[partiallytrapped]
|upkeep
|turn|18
|
|t:|1779648363
|move|p1a: Heatran|Earth Power|p2a: Zamazenta
|-damage|p2a: Zamazenta|26/100
|move|p2a: Zamazenta|Roar|p1a: Heatran
|drag|p1a: Ceruledge|Ceruledge, M|100/100
|
|-heal|p2a: Zamazenta|32/100|[from] item: Leftovers
|-end|p2a: Zamazenta|Magma Storm|[partiallytrapped]|[silent]
|upkeep
|turn|19
|
|t:|1779648368
|move|p2a: Zamazenta|Crunch|p1a: Ceruledge
|-supereffective|p1a: Ceruledge
|-damage|p1a: Ceruledge|35/100
|-ability|p1a: Ceruledge|Weak Armor|boost
|-unboost|p1a: Ceruledge|def|1
|-boost|p1a: Ceruledge|spe|2
|move|p1a: Ceruledge|Swords Dance|p1a: Ceruledge
|-boost|p1a: Ceruledge|atk|2
|
|-heal|p2a: Zamazenta|38/100|[from] item: Leftovers
|upkeep
|turn|20
|
|t:|1779648373
|move|p1a: Ceruledge|Poltergeist|p2a: Zamazenta
|-activate|p2a: Zamazenta|move: Poltergeist|Leftovers
|-damage|p2a: Zamazenta|13/100
|move|p2a: Zamazenta|Crunch|p1a: Ceruledge
|-supereffective|p1a: Ceruledge
|-damage|p1a: Ceruledge|0 fnt
|faint|p1a: Ceruledge
|
|-heal|p2a: Zamazenta|19/100|[from] item: Leftovers
|upkeep
|
|t:|1779648376
|switch|p1a: Heatran|Heatran, M, tera:Ghost|100/100
|-item|p1a: Heatran|Air Balloon
|turn|21
|
|t:|1779648380
|move|p2a: Zamazenta|Crunch|p1a: Heatran
|-supereffective|p1a: Heatran
|-damage|p1a: Heatran|54/100
|-enditem|p1a: Heatran|Air Balloon
|move|p1a: Heatran|Earth Power|p2a: Zamazenta
|-damage|p2a: Zamazenta|0 fnt
|faint|p2a: Zamazenta
|
|upkeep
|c|☆Nultiprise|gg
|c|☆Glurakaiser|gg
|
|t:|1779648392
|switch|p2a: Ogerpon|Ogerpon-Wellspring, F|100/100
|turn|22
|
|t:|1779648395
|move|p2a: Ogerpon|Ivy Cudgel|p1a: Heatran|[anim] Ivy Cudgel Water
|-crit|p1a: Heatran
|-damage|p1a: Heatran|0 fnt
|faint|p1a: Heatran
|
|win|Glurakaiser
