|j|☆jessies boyfriend
|j|☆drstone420
|t:|1779718931
|gametype|singles
|player|p1|jessies boyfriend|brock|1344
|player|p2|drstone420|lucas|1393
|gen|9
|tier|[Gen 9] OU
|rated|
|rule|HP Percentage Mod: HP is shown in percentages
|rule|Endless Battle Clause: Forcing endless battles is banned
|rule|Species Clause: Limit one of each Pokémon
|rule|OHKO Clause: OHKO moves are banned
|rule|Evasion Items Clause: Evasion items are banned
|rule|Evasion Moves Clause: Evasion moves are banned
|rule|Evasion Abilities Clause: Evasion abilities are banned
|rule|Sleep Moves Clause: Sleep-inducing moves are banned
|clearpoke
|poke|p1|Houndstone, M|
|poke|p1|Gholdengo|
|poke|p1|Incineroar, F|
|poke|p1|Glimmora, M|
|poke|p1|Forretress, M|
|poke|p1|Scrafty, M|
|poke|p2|Dragonite, F|
|poke|p2|Serperior, F|
|poke|p2|Tyranitar, M|
|poke|p2|Excadrill, F|
|poke|p2|Skeledirge, F|
|poke|p2|Zapdos|
|teampreview
|inactive|Battle timer is ON: inactive players will automatically lose when time's up. (requested by jessies boyfriend)
|
|t:|1779718941
|teamsize|p1|6
|teamsize|p2|6
|start
|switch|p1a: Glimmora|Glimmora, M|100/100
|switch|p2a: Skeledirge|Skeledirge, F|100/100
|-item|p1a: Glimmora|Air Balloon
|turn|1
|
|t:|1779718947
|switch|p2a: Tyranitar|Tyranitar, M, shiny|100/100
|-weather|Sandstorm|[from] ability: Sand Stream|[of] p2a: Tyranitar
|move|p1a: Glimmora|Toxic Spikes|p2a: Tyranitar
|-sidestart|p2: drstone420|move: Toxic Spikes
|
|-weather|Sandstorm|[upkeep]
|upkeep
|turn|2
|
|t:|1779718955
|move|p1a: Glimmora|Mortal Spin|p2a: Tyranitar
|-resisted|p2a: Tyranitar
|-damage|p2a: Tyranitar|98/100
|-status|p2a: Tyranitar|psn
|move|p2a: Tyranitar|Knock Off|p1a: Glimmora
|-damage|p1a: Glimmora|57/100
|-activate|p1a: Glimmora|ability: Toxic Debris
|-sidestart|p2: drstone420|move: Toxic Spikes
|-enditem|p1a: Glimmora|Air Balloon
|
|-weather|Sandstorm|[upkeep]
|-heal|p2a: Tyranitar|100/100 psn|[from] item: Leftovers
|-damage|p2a: Tyranitar|88/100 psn|[from] psn
|upkeep
|turn|3
|
|t:|1779718965
|switch|p1a: Scrafty|Scrafty, M, shiny|100/100
|-ability|p1a: Scrafty|Intimidate|boost
|-unboost|p2a: Tyranitar|atk|1
|move|p2a: Tyranitar|Stealth Rock|p1a: Scrafty
|-sidestart|p1: jessies boyfriend|move: Stealth Rock
|
|-weather|Sandstorm|[upkeep]
|-damage|p1a: Scrafty|94/100|[from] Sandstorm
|-heal|p2a: Tyranitar|94/100 psn|[from] item: Leftovers
|-damage|p2a: Tyranitar|82/100 psn|[from] psn
|upkeep
|turn|4
|
|t:|1779718974
|switch|p2a: Zapdos|Zapdos|100/100
|move|p1a: Scrafty|Dragon Tail|p2a: Zapdos
|-damage|p2a: Zapdos|85/100
|-status|p1a: Scrafty|par|[from] ability: Static|[of] p2a: Zapdos
|drag|p2a: Dragonite|Dragonite, F, shiny|100/100
|
|-weather|Sandstorm|[upkeep]
|-damage|p2a: Dragonite|94/100|[from] Sandstorm
|-damage|p1a: Scrafty|88/100 par|[from] Sandstorm
|upkeep
|turn|5
|
|t:|1779718987
|switch|p2a: Zapdos|Zapdos|85/100
|move|p1a: Scrafty|Dragon Tail|p2a: Zapdos
|-damage|p2a: Zapdos|70/100
|drag|p2a: Serperior|Serperior, F, shiny|100/100
|-status|p2a: Serperior|tox
|
|-weather|none
|-damage|p2a: Serperior|94/100 tox|[from] psn
|upkeep
|turn|6
|
|t:|1779718996
|move|p2a: Serperior|Leech Seed|p1a: Scrafty
|-start|p1a: Scrafty|move: Leech Seed
|move|p1a: Scrafty|Drain Punch|p2a: Serperior
|-damage|p2a: Serperior|60/100 tox
|-heal|p1a: Scrafty|100/100 par|[from] drain|[of] p2a: Serperior
|
|-heal|p2a: Serperior|66/100 tox|[from] item: Leftovers
|-damage|p1a: Scrafty|88/100 par|[from] Leech Seed|[of] p2a: Serperior
|-heal|p2a: Serperior|80/100 tox|[silent]
|-damage|p2a: Serperior|68/100 tox|[from] psn
|upkeep
|turn|7
|
|t:|1779719008
|switch|p2a: Skeledirge|Skeledirge, F|100/100
|move|p1a: Scrafty|Drain Punch|p2a: Skeledirge
|-immune|p2a: Skeledirge
|
|-damage|p1a: Scrafty|76/100 par|[from] Leech Seed|[of] p2a: Skeledirge
|upkeep
|turn|8
|
|t:|1779719017
|move|p2a: Skeledirge|Torch Song|p1a: Scrafty
|-damage|p1a: Scrafty|57/100 par
|-boost|p2a: Skeledirge|spa|1
|move|p1a: Scrafty|Knock Off|p2a: Skeledirge
|-supereffective|p2a: Skeledirge
|-damage|p2a: Skeledirge|61/100
|-enditem|p2a: Skeledirge|Heavy-Duty Boots|[from] move: Knock Off|[of] p1a: Scrafty
|
|-damage|p1a: Scrafty|45/100 par|[from] Leech Seed|[of] p2a: Skeledirge
|-heal|p2a: Skeledirge|71/100|[silent]
|upkeep
|turn|9
|
|t:|1779719025
|switch|p1a: Glimmora|Glimmora, M|57/100
|-damage|p1a: Glimmora|45/100|[from] Stealth Rock
|move|p2a: Skeledirge|Torch Song|p1a: Glimmora
|-resisted|p1a: Glimmora
|-damage|p1a: Glimmora|22/100
|-boost|p2a: Skeledirge|spa|1
|
|upkeep
|turn|10
|
|t:|1779719031
|move|p1a: Glimmora|Mortal Spin|p2a: Skeledirge
|-resisted|p2a: Skeledirge
|-damage|p2a: Skeledirge|69/100
|-status|p2a: Skeledirge|psn
|-sideend|p1: jessies boyfriend|Stealth Rock|[from] move: Mortal Spin|[of] p1a: Glimmora
|move|p2a: Skeledirge|Torch Song|p1a: Glimmora
|-resisted|p1a: Glimmora
|-damage|p1a: Glimmora|0 fnt
|-boost|p2a: Skeledirge|spa|1
|faint|p1a: Glimmora
|
|-damage|p2a: Skeledirge|57/100 psn|[from] psn
|upkeep
|
|t:|1779719040
|switch|p1a: Incineroar|Incineroar, F|100/100
|-ability|p1a: Incineroar|Intimidate|boost
|-unboost|p2a: Skeledirge|atk|1
|turn|11
|
|t:|1779719045
|switch|p2a: Zapdos|Zapdos|70/100
|move|p1a: Incineroar|Knock Off|p2a: Zapdos
|-damage|p2a: Zapdos|20/100
|-enditem|p2a: Zapdos|Heavy-Duty Boots|[from] move: Knock Off|[of] p1a: Incineroar
|
|upkeep
|turn|12
|
|t:|1779719053
|move|p2a: Zapdos|Roost|p2a: Zapdos
|-heal|p2a: Zapdos|70/100
|-singleturn|p2a: Zapdos|move: Roost
|move|p1a: Incineroar|Flame Charge|p2a: Zapdos
|-damage|p2a: Zapdos|45/100
|-boost|p1a: Incineroar|spe|1
|-status|p1a: Incineroar|par|[from] ability: Static|[of] p2a: Zapdos
|
|upkeep
|turn|13
|
|t:|1779719062
|move|p2a: Zapdos|Hurricane|p1a: Incineroar
|-crit|p1a: Incineroar
|-damage|p1a: Incineroar|36/100 par
|move|p1a: Incineroar|U-turn|p2a: Zapdos
|-resisted|p2a: Zapdos
|-damage|p2a: Zapdos|33/100
|
|t:|1779719069
|switch|p1a: Forretress|Forretress, M|100/100|[from] U-turn
|
|upkeep
|turn|14
|
|t:|1779719074
|move|p2a: Zapdos|Roost|p2a: Zapdos
|-heal|p2a: Zapdos|83/100
|-singleturn|p2a: Zapdos|move: Roost
|move|p1a: Forretress|Stealth Rock|p2a: Zapdos
|-sidestart|p2: drstone420|move: Stealth Rock
|
|upkeep
|turn|15
|
|t:|1779719079
|move|p2a: Zapdos|Discharge|p1a: Forretress
|-damage|p1a: Forretress|39/100
|-status|p1a: Forretress|par
|move|p1a: Forretress|Spikes|p2a: Zapdos
|-sidestart|p2: drstone420|Spikes
|
|upkeep
|turn|16
|
|t:|1779719086
|move|p2a: Zapdos|Discharge|p1a: Forretress
|-damage|p1a: Forretress|0 fnt
|faint|p1a: Forretress
|
|upkeep
|
|t:|1779719090
|switch|p1a: Scrafty|Scrafty, M, shiny|45/100 par
|-ability|p1a: Scrafty|Intimidate|boost
|-unboost|p2a: Zapdos|atk|1
|turn|17
|
|t:|1779719093
|move|p2a: Zapdos|Hurricane|p1a: Scrafty|[miss]
|-miss|p2a: Zapdos|p1a: Scrafty
|move|p1a: Scrafty|Dragon Tail|p2a: Zapdos
|-damage|p2a: Zapdos|69/100
|drag|p2a: Excadrill|Excadrill, F|100/100
|-damage|p2a: Excadrill|97/100|[from] Stealth Rock
|-damage|p2a: Excadrill|85/100|[from] Spikes
|
|upkeep
|turn|18
|
|t:|1779719099
|switch|p1a: Houndstone|Houndstone, M|100/100
|move|p2a: Excadrill|Rapid Spin|p1a: Houndstone
|-immune|p1a: Houndstone
|
|upkeep
|turn|19
|
|t:|1779719107
|switch|p2a: Tyranitar|Tyranitar, M, shiny|82/100 psn
|-damage|p2a: Tyranitar|70/100 psn|[from] Stealth Rock
|-damage|p2a: Tyranitar|57/100 psn|[from] Spikes
|-weather|Sandstorm|[from] ability: Sand Stream|[of] p2a: Tyranitar
|move|p1a: Houndstone|Roar|p2a: Tyranitar
|drag|p2a: Serperior|Serperior, F, shiny|68/100 tox
|-damage|p2a: Serperior|56/100 tox|[from] Stealth Rock
|-damage|p2a: Serperior|43/100 tox|[from] Spikes
|
|-weather|Sandstorm|[upkeep]
|-damage|p2a: Serperior|37/100 tox|[from] Sandstorm
|-damage|p1a: Houndstone|94/100|[from] Sandstorm
|-heal|p2a: Serperior|43/100 tox|[from] item: Leftovers
|-heal|p1a: Houndstone|100/100|[from] item: Leftovers
|-damage|p2a: Serperior|37/100 tox|[from] psn
|upkeep
|turn|20
|
|t:|1779719116
|move|p1a: Houndstone|Protect|p1a: Houndstone
|-singleturn|p1a: Houndstone|Protect
|move|p2a: Serperior|Leech Seed|p1a: Houndstone
|-activate|p1a: Houndstone|move: Protect
|
|-weather|Sandstorm|[upkeep]
|-damage|p2a: Serperior|31/100 tox|[from] Sandstorm
|-damage|p1a: Houndstone|94/100|[from] Sandstorm
|-heal|p2a: Serperior|37/100 tox|[from] item: Leftovers
|-heal|p1a: Houndstone|100/100|[from] item: Leftovers
|-damage|p2a: Serperior|25/100 tox|[from] psn
|upkeep
|turn|21
|
|t:|1779719122
|switch|p1a: Gholdengo|Gholdengo|100/100
|move|p2a: Serperior|Leaf Storm|p1a: Gholdengo
|-resisted|p1a: Gholdengo
|-damage|p1a: Gholdengo|76/100
|-boost|p2a: Serperior|spa|2
|-enditem|p1a: Gholdengo|Red Card|[of] p2a: Serperior
|drag|p2a: Skeledirge|Skeledirge, F|57/100 psn
|-damage|p2a: Skeledirge|32/100 psn|[from] Stealth Rock
|-damage|p2a: Skeledirge|19/100 psn|[from] Spikes
|
|-weather|Sandstorm|[upkeep]
|-damage|p2a: Skeledirge|13/100 psn|[from] Sandstorm
|-damage|p2a: Skeledirge|1/100 psn|[from] psn
|upkeep
|turn|22
|
|t:|1779719129
|switch|p1a: Incineroar|Incineroar, F|36/100 par
|-ability|p1a: Incineroar|Intimidate|boost
|-unboost|p2a: Skeledirge|atk|1
|move|p2a: Skeledirge|Torch Song|p1a: Incineroar
|-resisted|p1a: Incineroar
|-damage|p1a: Incineroar|26/100 par
|-boost|p2a: Skeledirge|spa|1
|
|-weather|Sandstorm|[upkeep]
|-damage|p2a: Skeledirge|0 fnt|[from] Sandstorm
|-damage|p1a: Incineroar|20/100 par|[from] Sandstorm
|faint|p2a: Skeledirge
|upkeep
|
|t:|1779719146
|switch|p2a: Zapdos|Zapdos|69/100
|-damage|p2a: Zapdos|44/100|[from] Stealth Rock
|turn|23
|
|t:|1779719149
|move|p2a: Zapdos|Discharge|p1a: Incineroar
|-damage|p1a: Incineroar|0 fnt
|faint|p1a: Incineroar
|
|-weather|none
|upkeep
|
|t:|1779719155
|switch|p1a: Gholdengo|Gholdengo|76/100
|turn|24
|
|t:|1779719157
|move|p2a: Zapdos|Discharge|p1a: Gholdengo
|-damage|p1a: Gholdengo|34/100
|-status|p1a: Gholdengo|par
|cant|p1a: Gholdengo|par
|
|upkeep
|turn|25
|
|t:|1779719163
|move|p2a: Zapdos|Discharge|p1a: Gholdengo
|-damage|p1a: Gholdengo|0 fnt
|faint|p1a: Gholdengo
|
|upkeep
|
|t:|1779719167
|switch|p1a: Houndstone|Houndstone, M|100/100
|turn|26
|
|t:|1779719172
|move|p2a: Zapdos|Discharge|p1a: Houndstone
|-damage|p1a: Houndstone|65/100
|move|p1a: Houndstone|Roar|p2a: Zapdos
|drag|p2a: Excadrill|Excadrill, F|85/100
|-damage|p2a: Excadrill|82/100|[from] Stealth Rock
|-damage|p2a: Excadrill|69/100|[from] Spikes
|
|-heal|p1a: Houndstone|71/100|[from] item: Leftovers
|upkeep
|turn|27
|
|t:|1779719181
|move|p1a: Houndstone|Protect|p1a: Houndstone
|-singleturn|p1a: Houndstone|Protect
|move|p2a: Excadrill|Iron Head|p1a: Houndstone
|-activate|p1a: Houndstone|move: Protect
|
|-heal|p1a: Houndstone|77/100|[from] item: Leftovers
|upkeep
|turn|28
|
|t:|1779719189
|move|p2a: Excadrill|Iron Head|p1a: Houndstone
|-damage|p1a: Houndstone|56/100
|cant|p1a: Houndstone|flinch
|
|-heal|p1a: Houndstone|62/100|[from] item: Leftovers
|upkeep
|turn|29
|
|t:|1779719194
|move|p2a: Excadrill|Iron Head|p1a: Houndstone
|-damage|p1a: Houndstone|43/100
|move|p1a: Houndstone|Roar|p2a: Excadrill
|drag|p2a: Zapdos|Zapdos|44/100
|-damage|p2a: Zapdos|20/100|[from] Stealth Rock
|
|-heal|p1a: Houndstone|49/100|[from] item: Leftovers
|upkeep
|turn|30
|
|t:|1779719205
|move|p2a: Zapdos|Roost|p2a: Zapdos
|-heal|p2a: Zapdos|70/100
|-singleturn|p2a: Zapdos|move: Roost
|move|p1a: Houndstone|Roar|p2a: Zapdos
|drag|p2a: Tyranitar|Tyranitar, M, shiny|57/100 psn
|-damage|p2a: Tyranitar|45/100 psn|[from] Stealth Rock
|-damage|p2a: Tyranitar|32/100 psn|[from] Spikes
|-weather|Sandstorm|[from] ability: Sand Stream|[of] p2a: Tyranitar
|
|-weather|Sandstorm|[upkeep]
|-damage|p1a: Houndstone|43/100|[from] Sandstorm
|-heal|p1a: Houndstone|49/100|[from] item: Leftovers
|-heal|p2a: Tyranitar|39/100 psn|[from] item: Leftovers
|-damage|p2a: Tyranitar|26/100 psn|[from] psn
|upkeep
|turn|31
|
|t:|1779719214
|move|p1a: Houndstone|Protect|p1a: Houndstone
|-singleturn|p1a: Houndstone|Protect
|move|p2a: Tyranitar|Knock Off|p1a: Houndstone
|-activate|p1a: Houndstone|move: Protect
|
|-weather|Sandstorm|[upkeep]
|-damage|p1a: Houndstone|43/100|[from] Sandstorm
|-heal|p1a: Houndstone|49/100|[from] item: Leftovers
|-heal|p2a: Tyranitar|32/100 psn|[from] item: Leftovers
|-damage|p2a: Tyranitar|20/100 psn|[from] psn
|upkeep
|turn|32
|
|t:|1779719219
|switch|p1a: Scrafty|Scrafty, M, shiny|45/100 par
|-ability|p1a: Scrafty|Intimidate|boost
|-unboost|p2a: Tyranitar|atk|1
|move|p2a: Tyranitar|Knock Off|p1a: Scrafty
|-resisted|p1a: Scrafty
|-damage|p1a: Scrafty|39/100 par
|-enditem|p1a: Scrafty|Assault Vest|[from] move: Knock Off|[of] p2a: Tyranitar
|
|-weather|Sandstorm|[upkeep]
|-damage|p1a: Scrafty|33/100 par|[from] Sandstorm
|-heal|p2a: Tyranitar|26/100 psn|[from] item: Leftovers
|-damage|p2a: Tyranitar|14/100 psn|[from] psn
|upkeep
|turn|33
|
|t:|1779719241
|move|p2a: Tyranitar|Stone Edge|p1a: Scrafty
|-resisted|p1a: Scrafty
|-crit|p1a: Scrafty
|-damage|p1a: Scrafty|8/100 par
|move|p1a: Scrafty|Drain Punch|p2a: Tyranitar
|-supereffective|p2a: Tyranitar
|-damage|p2a: Tyranitar|0 fnt
|-heal|p1a: Scrafty|16/100 par|[from] drain|[of] p2a: Tyranitar
|faint|p2a: Tyranitar
|
|-weather|Sandstorm|[upkeep]
|-damage|p1a: Scrafty|10/100 par|[from] Sandstorm
|upkeep
|
|t:|1779719248
|switch|p2a: Zapdos|Zapdos|70/100
|-damage|p2a: Zapdos|45/100|[from] Stealth Rock
|turn|34
|
|t:|1779719252
|move|p2a: Zapdos|Discharge|p1a: Scrafty
|-damage|p1a: Scrafty|0 fnt
|faint|p1a: Scrafty
|
|-weather|none
|upkeep
|
|t:|1779719254
|switch|p1a: Houndstone|Houndstone, M|49/100
|turn|35
|
|t:|1779719257
|move|p1a: Houndstone|Protect|p1a: Houndstone
|-singleturn|p1a: Houndstone|Protect
|move|p2a: Zapdos|Discharge|p1a: Houndstone
|-activate|p1a: Houndstone|move: Protect
|
|-heal|p1a: Houndstone|55/100|[from] item: Leftovers
|upkeep
|turn|36
|
|t:|1779719261
|move|p2a: Zapdos|Discharge|p1a: Houndstone
|-damage|p1a: Houndstone|20/100
|move|p1a: Houndstone|Roar|p2a: Zapdos
|drag|p2a: Excadrill|Excadrill, F|69/100
|-damage|p2a: Excadrill|66/100|[from] Stealth Rock
|-damage|p2a: Excadrill|54/100|[from] Spikes
|
|-heal|p1a: Houndstone|26/100|[from] item: Leftovers
|upkeep
|turn|37
|
|t:|1779719271
|move|p1a: Houndstone|Protect|p1a: Houndstone
|-singleturn|p1a: Houndstone|Protect
|move|p2a: Excadrill|Iron Head|p1a: Houndstone
|-activate|p1a: Houndstone|move: Protect
|
|-heal|p1a: Houndstone|32/100|[from] item: Leftovers
|upkeep
|turn|38
|
|t:|1779719276
|move|p2a: Excadrill|Iron Head|p1a: Houndstone
|-damage|p1a: Houndstone|9/100
|move|p1a: Houndstone|Roar|p2a: Excadrill
|drag|p2a: Serperior|Serperior, F, shiny|25/100 tox
|-damage|p2a: Serperior|12/100 tox|[from] Stealth Rock
|-damage|p2a: Serperior|0 fnt|[from] Spikes
|faint|p2a: Serperior
|
|-heal|p1a: Houndstone|15/100|[from] item: Leftovers
|upkeep
|
|t:|1779719283
|switch|p2a: Zapdos|Zapdos|45/100
|-damage|p2a: Zapdos|20/100|[from] Stealth Rock
|turn|39
|
|t:|1779719287
|move|p1a: Houndstone|Protect|p1a: Houndstone
|-singleturn|p1a: Houndstone|Protect
|move|p2a: Zapdos|Discharge|p1a: Houndstone
|-activate|p1a: Houndstone|move: Protect
|
|-heal|p1a: Houndstone|21/100|[from] item: Leftovers
|upkeep
|turn|40
|
|t:|1779719293
|move|p1a: Houndstone|Protect||[still]
|-fail|p1a: Houndstone
|move|p2a: Zapdos|Discharge|p1a: Houndstone
|-damage|p1a: Houndstone|0 fnt
|faint|p1a: Houndstone
|
|win|drstone420
|raw|jessies boyfriend's rating: 1344 &rarr; <strong>1327</strong><br />(-17 for losing)
|raw|drstone420's rating: 1393 &rarr; <strong>1410</strong><br />(+17 for winning)
|l|☆jessies boyfriend
|player|p1|
|l|☆drstone420
|player|p2|
