|j|☆Stallington
|j|☆miemg
|t:|1779625783
|gametype|singles
|player|p1|Stallington|juan|1127
|player|p2|miemg|hiker|1110
|gen|9
|tier|[Gen 9] OU
|rated|
|rule|HP Percentage Mod: HP is shown in percentages
|rule|Endless Battle Clause: Forcing endless battles is banned
|rule|Species Clause: Limit one of each Pokémon
|rule|OHKO Clause: OHKO moves are banned
|rule|Evasion Items Clause: Evasion items are banned
|rule|Evasion Moves Clause: Evasion moves are banned
|rule|Evasion Abilities Clause: Evasion abilities are banned
|rule|Sleep Moves Clause: Sleep-inducing moves are banned
|clearpoke
|poke|p1|Whimsicott, M|
|poke|p1|Staraptor, M|
|poke|p1|Veluza, M|
|poke|p1|Gliscor, F|
|poke|p1|Blissey, F|
|poke|p1|Corviknight, M|
|poke|p2|Blissey, F|
|poke|p2|Great Tusk|
|poke|p2|Landorus-Therian, M|
|poke|p2|Gliscor, M|
|poke|p2|Toxapex, M|
|poke|p2|Magnezone|
|teampreview
|
|t:|1779625812
|teamsize|p1|6
|teamsize|p2|6
|start
|switch|p1a: Whimsicott|Whimsicott, M|100/100
|switch|p2a: Toxapex|Toxapex, M|100/100
|turn|1
|
|t:|1779625820
|switch|p2a: Blissey|Blissey, F|100/100
|move|p1a: Whimsicott|Switcheroo|p2a: Blissey
|-activate|p1a: Whimsicott|move: Trick|[of] p2a: Blissey
|-item|p2a: Blissey|Choice Band|[from] move: Switcheroo
|-item|p1a: Whimsicott|Heavy-Duty Boots|[from] move: Switcheroo
|
|upkeep
|turn|2
|
|t:|1779625832
|switch|p1a: Gliscor|Gliscor, F|100/100
|move|p2a: Blissey|Thunder Wave|p1a: Gliscor
|-immune|p1a: Gliscor
|
|-status|p1a: Gliscor|tox|[from] item: Toxic Orb
|upkeep
|turn|3
|
|t:|1779625844
|switch|p2a: Gliscor|Gliscor, M|100/100
|move|p1a: Gliscor|Sand Tomb|p2a: Gliscor
|-immune|p2a: Gliscor
|
|-status|p2a: Gliscor|tox|[from] item: Toxic Orb
|upkeep
|turn|4
|
|t:|1779625853
|switch|p1a: Corviknight|Corviknight, M|100/100
|-ability|p1a: Corviknight|Pressure
|move|p2a: Gliscor|Knock Off|p1a: Corviknight
|-crit|p1a: Corviknight
|-damage|p1a: Corviknight|82/100
|-enditem|p1a: Corviknight|Leftovers|[from] move: Knock Off|[of] p2a: Gliscor
|
|upkeep
|turn|5
|
|t:|1779625862
|move|p2a: Gliscor|Earthquake|p1a: Corviknight
|-immune|p1a: Corviknight
|move|p1a: Corviknight|Body Press|p2a: Gliscor
|-resisted|p2a: Gliscor
|-damage|p2a: Gliscor|93/100 tox
|
|-heal|p2a: Gliscor|100/100 tox|[from] ability: Poison Heal
|upkeep
|turn|6
|
|t:|1779625873
|switch|p2a: Magnezone|Magnezone|100/100
|-item|p2a: Magnezone|Air Balloon
|switch|p1a: Staraptor|Staraptor, M|100/100
|-ability|p1a: Staraptor|Intimidate|boost
|-unboost|p2a: Magnezone|atk|1
|
|upkeep
|turn|7
|
|t:|1779625888
|switch|p2a: Landorus|Landorus-Therian, M|100/100
|-ability|p2a: Landorus|Intimidate|boost
|-unboost|p1a: Staraptor|atk|1
|move|p1a: Staraptor|U-turn|p2a: Landorus
|-resisted|p2a: Landorus
|-damage|p2a: Landorus|96/100
|-damage|p1a: Staraptor|84/100|[from] item: Rocky Helmet|[of] p2a: Landorus
|
|t:|1779625896
|switch|p1a: Veluza|Veluza, M|100/100|[from] U-turn
|-ability|p1a: Veluza|Mold Breaker
|
|upkeep
|turn|8
|
|t:|1779625903
|move|p1a: Veluza|Final Gambit|p2a: Landorus
|-damage|p2a: Landorus|0 fnt
|faint|p1a: Veluza
|faint|p2a: Landorus
|
|upkeep
|
|t:|1779625913
|switch|p1a: Staraptor|Staraptor, M|84/100
|switch|p2a: Toxapex|Toxapex, M|100/100
|-ability|p1a: Staraptor|Intimidate|boost
|-unboost|p2a: Toxapex|atk|1
|turn|9
|
|t:|1779625918
|switch|p1a: Blissey|Blissey, F|100/100
|move|p2a: Toxapex|Toxic Spikes|p1a: Blissey
|-sidestart|p1: Stallington|move: Toxic Spikes
|
|upkeep
|turn|10
|
|t:|1779625924
|move|p1a: Blissey|Trick|p2a: Toxapex
|-activate|p1a: Blissey|move: Trick|[of] p2a: Toxapex
|-item|p2a: Toxapex|Choice Scarf|[from] move: Trick
|-item|p1a: Blissey|Black Sludge|[from] move: Trick
|move|p2a: Toxapex|Toxic Spikes|p1a: Blissey
|-sidestart|p1: Stallington|move: Toxic Spikes
|
|-damage|p1a: Blissey|88/100|[from] item: Black Sludge
|upkeep
|turn|11
|
|t:|1779625947
|switch|p2a: Great Tusk|Great Tusk|100/100
|switch|p1a: Corviknight|Corviknight, M|82/100
|-ability|p1a: Corviknight|Pressure
|
|upkeep
|turn|12
|
|t:|1779625956
|move|p2a: Great Tusk|Supercell Slam|p1a: Corviknight
|-supereffective|p1a: Corviknight
|-damage|p1a: Corviknight|38/100
|move|p1a: Corviknight|Defog|p2a: Great Tusk
|-unboost|p2a: Great Tusk|evasion|1
|-sideend|p1: Stallington|Toxic Spikes|[from] move: Defog|[of] p1a: Corviknight
|
|upkeep
|turn|13
|
|t:|1779625966
|move|p1a: Corviknight|Protect|p1a: Corviknight
|-singleturn|p1a: Corviknight|Protect
|move|p2a: Great Tusk|Ice Spinner|p1a: Corviknight
|-activate|p1a: Corviknight|move: Protect
|
|upkeep
|turn|14
|
|t:|1779625984
|-end|p2a: Great Tusk|Protosynthesis|[silent]
|switch|p2a: Magnezone|Magnezone|100/100
|-item|p2a: Magnezone|Air Balloon
|move|p1a: Corviknight|Body Press|p2a: Magnezone
|-supereffective|p2a: Magnezone
|-damage|p2a: Magnezone|52/100
|-enditem|p2a: Magnezone|Air Balloon
|
|upkeep
|turn|15
|
|t:|1779625996
|move|p1a: Corviknight|Body Press|p2a: Magnezone
|-supereffective|p2a: Magnezone
|-damage|p2a: Magnezone|0 fnt
|faint|p2a: Magnezone
|
|upkeep
|
|t:|1779626017
|switch|p2a: Great Tusk|Great Tusk|100/100
|turn|16
|
|t:|1779626032
|move|p2a: Great Tusk|Supercell Slam|p1a: Corviknight|[miss]
|-miss|p2a: Great Tusk|p1a: Corviknight
|-damage|p2a: Great Tusk|51/100|[from] supercellslam
|move|p1a: Corviknight|Body Press|p2a: Great Tusk
|-damage|p2a: Great Tusk|33/100
|
|upkeep
|turn|17
|inactive|Battle timer is ON: inactive players will automatically lose when time's up. (requested by miemg)
|
|t:|1779626060
|move|p2a: Great Tusk|Supercell Slam|p1a: Corviknight
|-supereffective|p1a: Corviknight
|-damage|p1a: Corviknight|0 fnt
|faint|p1a: Corviknight
|
|upkeep
|
|t:|1779626067
|switch|p1a: Staraptor|Staraptor, M|84/100
|-ability|p1a: Staraptor|Intimidate|boost
|-unboost|p2a: Great Tusk|atk|1
|turn|18
|
|t:|1779626072
|-end|p2a: Great Tusk|Protosynthesis|[silent]
|switch|p2a: Toxapex|Toxapex, M|100/100
|move|p1a: Staraptor|U-turn|p2a: Toxapex
|-resisted|p2a: Toxapex
|-damage|p2a: Toxapex|95/100
|
|t:|1779626078
|switch|p1a: Whimsicott|Whimsicott, M|100/100|[from] U-turn
|
|upkeep
|turn|19
|
|t:|1779626090
|move|p1a: Whimsicott|Substitute|p1a: Whimsicott
|-start|p1a: Whimsicott|Substitute
|-damage|p1a: Whimsicott|75/100
|move|p2a: Toxapex|Toxic Spikes|p1a: Whimsicott
|-sidestart|p1: Stallington|move: Toxic Spikes
|
|upkeep
|turn|20
|
|t:|1779626097
|move|p1a: Whimsicott|Leech Seed|p2a: Toxapex
|-start|p2a: Toxapex|move: Leech Seed
|move|p2a: Toxapex|Toxic Spikes|p1a: Whimsicott
|-sidestart|p1: Stallington|move: Toxic Spikes
|
|-damage|p2a: Toxapex|82/100|[from] Leech Seed|[of] p1a: Whimsicott
|-heal|p1a: Whimsicott|88/100|[silent]
|upkeep
|turn|21
|
|t:|1779626110
|switch|p2a: Blissey|Blissey, F|100/100
|move|p1a: Whimsicott|Protect||[still]
|-fail|p1a: Whimsicott
|
|upkeep
|turn|22
|
|t:|1779626119
|move|p1a: Whimsicott|Leech Seed|p2a: Blissey
|-start|p2a: Blissey|move: Leech Seed
|move|p2a: Blissey|Seismic Toss|p1a: Whimsicott
|-end|p1a: Whimsicott|Substitute
|
|-damage|p2a: Blissey|88/100|[from] Leech Seed|[of] p1a: Whimsicott
|-heal|p1a: Whimsicott|100/100|[silent]
|upkeep
|turn|23
|
|t:|1779626126
|move|p1a: Whimsicott|Substitute|p1a: Whimsicott
|-start|p1a: Whimsicott|Substitute
|-damage|p1a: Whimsicott|75/100
|move|p2a: Blissey|Seismic Toss|p1a: Whimsicott
|-end|p1a: Whimsicott|Substitute
|
|-damage|p2a: Blissey|76/100|[from] Leech Seed|[of] p1a: Whimsicott
|-heal|p1a: Whimsicott|100/100|[silent]
|upkeep
|turn|24
|
|t:|1779626134
|switch|p2a: Great Tusk|Great Tusk|33/100
|move|p1a: Whimsicott|Substitute|p1a: Whimsicott
|-start|p1a: Whimsicott|Substitute
|-damage|p1a: Whimsicott|75/100
|
|upkeep
|turn|25
|
|t:|1779626140
|move|p1a: Whimsicott|Leech Seed|p2a: Great Tusk
|-start|p2a: Great Tusk|move: Leech Seed
|move|p2a: Great Tusk|Rapid Spin|p1a: Whimsicott
|-activate|p1a: Whimsicott|move: Substitute|[damage]
|-end|p2a: Great Tusk|Leech Seed|[from] move: Rapid Spin|[of] p2a: Great Tusk
|-boost|p2a: Great Tusk|spe|1
|
|upkeep
|turn|26
|
|t:|1779626149
|move|p1a: Whimsicott|Leech Seed|p2a: Great Tusk
|-start|p2a: Great Tusk|move: Leech Seed
|move|p2a: Great Tusk|Ice Spinner|p1a: Whimsicott
|-supereffective|p1a: Whimsicott
|-end|p1a: Whimsicott|Substitute
|
|-damage|p2a: Great Tusk|20/100|[from] Leech Seed|[of] p1a: Whimsicott
|-heal|p1a: Whimsicott|91/100|[silent]
|upkeep
|turn|27
|
|t:|1779626157
|move|p1a: Whimsicott|Protect|p1a: Whimsicott
|-singleturn|p1a: Whimsicott|Protect
|move|p2a: Great Tusk|Ice Spinner|p1a: Whimsicott
|-activate|p1a: Whimsicott|move: Protect
|
|-damage|p2a: Great Tusk|8/100|[from] Leech Seed|[of] p1a: Whimsicott
|-heal|p1a: Whimsicott|100/100|[silent]
|upkeep
|turn|28
|
|t:|1779626164
|move|p1a: Whimsicott|Substitute|p1a: Whimsicott
|-start|p1a: Whimsicott|Substitute
|-damage|p1a: Whimsicott|75/100
|move|p2a: Great Tusk|Rapid Spin|p1a: Whimsicott
|-activate|p1a: Whimsicott|move: Substitute|[damage]
|-end|p2a: Great Tusk|Leech Seed|[from] move: Rapid Spin|[of] p2a: Great Tusk
|-boost|p2a: Great Tusk|spe|1
|
|upkeep
|turn|29
|-message|miemg forfeited.
|
|win|Stallington
|raw|Stallington's rating: 1127 &rarr; <strong>1151</strong><br />(+24 for winning)
|raw|miemg's rating: 1110 &rarr; <strong>1086</strong><br />(-24 for losing)
|l|☆miemg
|player|p2|
|l|☆Stallington
|player|p1|
