|j|☆mikael_ita
|j|☆xavier_4ster
|t:|1779564327
|gametype|singles
|player|p1|mikael_ita|266|1220
|player|p2|xavier_4ster|lusamine-nihilego|1219
|gen|9
|tier|[Gen 9] OU
|rated|
|rule|HP Percentage Mod: HP is shown in percentages
|rule|Endless Battle Clause: Forcing endless battles is banned
|rule|Species Clause: Limit one of each Pokémon
|rule|OHKO Clause: OHKO moves are banned
|rule|Evasion Items Clause: Evasion items are banned
|rule|Evasion Moves Clause: Evasion moves are banned
|rule|Evasion Abilities Clause: Evasion abilities are banned
|rule|Sleep Moves Clause: Sleep-inducing moves are banned
|clearpoke
|poke|p1|Cinderace, F|
|poke|p1|Zoroark-Hisui, M|
|poke|p1|Ogerpon-Wellspring, F|
|poke|p1|Iron Valiant|
|poke|p1|Dragonite, M|
|poke|p1|Kingambit, M|
|poke|p2|Serperior, F|
|poke|p2|Weavile, F|
|poke|p2|Iron Crown|
|poke|p2|Great Tusk|
|poke|p2|Skeledirge, M|
|poke|p2|Spidops, F|
|teampreview
|inactive|Battle timer is ON: inactive players will automatically lose when time's up. (requested by mikael_ita)
|
|t:|1779564335
|teamsize|p1|6
|teamsize|p2|6
|start
|switch|p1a: Cinderace|Cinderace, F|100/100
|switch|p2a: Spidops|Spidops, F|100/100
|turn|1
|
|t:|1779564341
|move|p1a: Cinderace|Pyro Ball|p2a: Spidops
|-supereffective|p2a: Spidops
|-enditem|p2a: Spidops|Focus Sash
|-damage|p2a: Spidops|1/100
|move|p2a: Spidops|Sticky Web|p1a: Cinderace
|-sidestart|p1: mikael_ita|move: Sticky Web
|
|upkeep
|turn|2
|
|t:|1779564349
|switch|p2a: I no no wanna :(|Great Tusk|100/100
|-enditem|p2a: I no no wanna :(|Booster Energy
|-activate|p2a: I no no wanna :(|ability: Protosynthesis|[fromitem]
|-start|p2a: I no no wanna :(|protosynthesisatk
|move|p1a: Cinderace|Pyro Ball|p2a: I no no wanna :(
|-damage|p2a: I no no wanna :(|59/100
|
|upkeep
|turn|3
|
|t:|1779564359
|move|p1a: Cinderace|U-turn|p2a: I no no wanna :(
|-start|p1a: Cinderace|typechange|Bug|[from] ability: Libero
|-resisted|p2a: I no no wanna :(
|-damage|p2a: I no no wanna :(|47/100
|
|t:|1779564364
|switch|p1a: Dragonite|Dragonite, M|100/100|[from] U-turn
|move|p2a: I no no wanna :(|Rapid Spin|p1a: Dragonite
|-damage|p1a: Dragonite|87/100
|-boost|p2a: I no no wanna :(|spe|1
|
|upkeep
|turn|4
|
|t:|1779564373
|move|p2a: I no no wanna :(|Ice Spinner|p1a: Dragonite
|-supereffective|p1a: Dragonite
|-damage|p1a: Dragonite|0 fnt
|faint|p1a: Dragonite
|
|upkeep
|inactive|mikael_ita has 120 seconds left.
|
|t:|1779564406
|switch|p1a: Ogerpon|Ogerpon-Wellspring, F|100/100
|-activate|p1a: Ogerpon|move: Sticky Web
|-unboost|p1a: Ogerpon|spe|1
|turn|5
|
|t:|1779564411
|move|p2a: I no no wanna :(|Close Combat|p1a: Ogerpon
|-damage|p1a: Ogerpon|0 fnt
|-unboost|p2a: I no no wanna :(|def|1
|-unboost|p2a: I no no wanna :(|spd|1
|faint|p1a: Ogerpon
|
|upkeep
|
|t:|1779564422
|switch|p1a: Kingambit|Kingambit, M|100/100
|-activate|p1a: Kingambit|move: Sticky Web
|-unboost|p1a: Kingambit|spe|1
|turn|6
|
|t:|1779564426
|move|p2a: I no no wanna :(|Close Combat|p1a: Kingambit
|-immune|p1a: Kingambit
|move|p1a: Kingambit|Hyper Voice|p2a: I no no wanna :(
|-damage|p2a: I no no wanna :(|0 fnt
|faint|p2a: I no no wanna :(
|-end|p2a: I no no wanna :(|Protosynthesis|[silent]
|
|upkeep
|
|t:|1779564435
|switch|p2a: Spidops|Spidops, F|1/100
|turn|7
|
|t:|1779564440
|move|p1a: Kingambit|Shadow Ball|p2a: Spidops
|-damage|p2a: Spidops|0 fnt
|faint|p2a: Spidops
|
|upkeep
|
|t:|1779564444
|switch|p2a: Let me cook|Serperior, F|100/100
|turn|8
|
|t:|1779564447
|move|p2a: Let me cook|Glare|p1a: Kingambit
|-status|p1a: Kingambit|par
|move|p1a: Kingambit|Flamethrower|p2a: Let me cook
|-supereffective|p2a: Let me cook
|-damage|p2a: Let me cook|20/100
|
|-heal|p2a: Let me cook|26/100|[from] item: Leftovers
|upkeep
|turn|9
|
|t:|1779564454
|move|p2a: Let me cook|Leaf Storm|p1a: Kingambit
|-damage|p1a: Kingambit|10/100 par
|-boost|p2a: Let me cook|spa|2
|replace|p1a: Zoroark|Zoroark-Hisui, M
|-end|p1a: Zoroark|Illusion
|move|p1a: Zoroark|Flamethrower|p2a: Let me cook
|-supereffective|p2a: Let me cook
|-crit|p2a: Let me cook
|-damage|p2a: Let me cook|0 fnt
|faint|p2a: Let me cook
|
|upkeep
|
|t:|1779564461
|switch|p2a: Skeledirge|Skeledirge, M|100/100
|turn|10
|
|t:|1779564465
|move|p2a: Skeledirge|Flame Charge|p1a: Zoroark
|-damage|p1a: Zoroark|0 fnt
|-boost|p2a: Skeledirge|spe|1
|faint|p1a: Zoroark
|
|upkeep
|
|t:|1779564472
|switch|p1a: Cinderace|Cinderace, F|100/100
|turn|11
|
|t:|1779564481
|move|p2a: Skeledirge|Torch Song|p1a: Cinderace
|-resisted|p1a: Cinderace
|-damage|p1a: Cinderace|76/100
|-boost|p2a: Skeledirge|spa|1
|move|p1a: Cinderace|Court Change|p1a: Cinderace
|-start|p1a: Cinderace|typechange|Normal|[from] ability: Libero
|-swapsideconditions
|-activate|p1a: Cinderace|move: Court Change
|
|upkeep
|turn|12
|
|t:|1779564490
|move|p2a: Skeledirge|Torch Song|p1a: Cinderace
|-damage|p1a: Cinderace|1/100
|-boost|p2a: Skeledirge|spa|1
|move|p1a: Cinderace|U-turn|p2a: Skeledirge
|-resisted|p2a: Skeledirge
|-damage|p2a: Skeledirge|95/100
|
|t:|1779564496
|switch|p1a: Kingambit|Kingambit, M|100/100|[from] U-turn
|-activate|p1a: Kingambit|ability: Supreme Overlord
|-start|p1a: Kingambit|fallen3|[silent]
|
|-heal|p2a: Skeledirge|100/100|[from] item: Leftovers
|upkeep
|turn|13
|
|t:|1779564503
|-terastallize|p2a: Skeledirge|Fire
|move|p2a: Skeledirge|Torch Song|p1a: Kingambit
|-supereffective|p1a: Kingambit
|-enditem|p1a: Kingambit|Focus Sash
|-damage|p1a: Kingambit|1/100
|-boost|p2a: Skeledirge|spa|1
|move|p1a: Kingambit|Kowtow Cleave|p2a: Skeledirge
|-damage|p2a: Skeledirge|34/100
|
|-heal|p2a: Skeledirge|40/100|[from] item: Leftovers
|upkeep
|turn|14
|
|t:|1779564514
|move|p1a: Kingambit|Sucker Punch||[still]
|-fail|p1a: Kingambit
|move|p2a: Skeledirge|Slack Off|p2a: Skeledirge
|-heal|p2a: Skeledirge|90/100
|
|-heal|p2a: Skeledirge|96/100|[from] item: Leftovers
|upkeep
|turn|15
|-message|mikael_ita forfeited.
|
|win|xavier_4ster
|raw|mikael_ita's rating: 1220 &rarr; <strong>1195</strong><br />(-25 for losing)
|raw|xavier_4ster's rating: 1219 &rarr; <strong>1244</strong><br />(+25 for winning)
|l|☆mikael_ita
|player|p1|
|l|☆xavier_4ster
|player|p2|
