|j|☆otsuke
|j|☆a.icicleplayz
|t:|1779634797
|gametype|singles
|player|p1|otsuke|shadowtriad|1303
|player|p2|a.icicleplayz|li|1328
|gen|9
|tier|[Gen 9] OU
|rated|
|rule|HP Percentage Mod: HP is shown in percentages
|rule|Endless Battle Clause: Forcing endless battles is banned
|rule|Species Clause: Limit one of each Pokémon
|rule|OHKO Clause: OHKO moves are banned
|rule|Evasion Items Clause: Evasion items are banned
|rule|Evasion Moves Clause: Evasion moves are banned
|rule|Evasion Abilities Clause: Evasion abilities are banned
|rule|Sleep Moves Clause: Sleep-inducing moves are banned
|clearpoke
|poke|p1|Kleavor, F|
|poke|p1|Torkoal, F|
|poke|p1|Trevenant, M|
|poke|p1|Glimmora, F|
|poke|p1|Greninja-*, M|
|poke|p1|Espeon, F|
|poke|p2|Zamazenta-*|
|poke|p2|Iron Valiant|
|poke|p2|Iron Treads|
|poke|p2|Gholdengo|
|poke|p2|Samurott-Hisui, M|
|poke|p2|Ogerpon-Wellspring, F|
|teampreview
|
|t:|1779634805
|teamsize|p1|6
|teamsize|p2|6
|start
|switch|p1a: Glick|Glimmora, F|100/100
|switch|p2a: Samurott|Samurott-Hisui, M|100/100
|turn|1
|
|t:|1779634817
|move|p2a: Samurott|Flip Turn|p1a: Glick
|-supereffective|p1a: Glick
|-damage|p1a: Glick|35/100
|-activate|p1a: Glick|ability: Toxic Debris
|-sidestart|p2: a.icicleplayz|move: Toxic Spikes
|
|t:|1779634820
|switch|p2a: Iron Treads|Iron Treads|100/100|[from] Flip Turn
|-enditem|p2a: Iron Treads|Booster Energy
|-activate|p2a: Iron Treads|ability: Quark Drive|[fromitem]
|-start|p2a: Iron Treads|quarkdrivespe
|move|p1a: Glick|Energy Ball|p2a: Iron Treads
|-damage|p2a: Iron Treads|53/100
|
|upkeep
|turn|2
|
|t:|1779634838
|switch|p1a: Fire Storm|Torkoal, F|100/100
|-weather|SunnyDay|[from] ability: Drought|[of] p1a: Fire Storm
|move|p2a: Iron Treads|Earthquake|p1a: Fire Storm
|-supereffective|p1a: Fire Storm
|-damage|p1a: Fire Storm|30/100
|
|-weather|SunnyDay|[upkeep]
|upkeep
|turn|3
|
|t:|1779634848
|-terastallize|p1a: Fire Storm|Flying
|move|p2a: Iron Treads|Earthquake|p1a: Fire Storm
|-immune|p1a: Fire Storm
|move|p1a: Fire Storm|Flamethrower|p2a: Iron Treads
|-supereffective|p2a: Iron Treads
|-damage|p2a: Iron Treads|0 fnt
|faint|p2a: Iron Treads
|-end|p2a: Iron Treads|Quark Drive|[silent]
|
|-weather|SunnyDay|[upkeep]
|upkeep
|
|t:|1779634860
|switch|p2a: Samurott|Samurott-Hisui, M|100/100
|-status|p2a: Samurott|psn
|turn|4
|
|t:|1779634865
|move|p2a: Samurott|Ceaseless Edge|p1a: Fire Storm
|-damage|p1a: Fire Storm|0 fnt
|-damage|p2a: Samurott|84/100 psn|[from] item: Rocky Helmet|[of] p1a: Fire Storm
|-sidestart|p1: otsuke|Spikes
|faint|p1a: Fire Storm
|
|-weather|SunnyDay|[upkeep]
|-damage|p2a: Samurott|72/100 psn|[from] psn
|upkeep
|
|t:|1779634888
|switch|p1a: Kane|Kleavor, F|100/100
|-damage|p1a: Kane|88/100|[from] Spikes
|turn|5
|
|t:|1779634900
|switch|p2a: Iron Valiant|Iron Valiant, shiny|100/100
|-status|p2a: Iron Valiant|psn
|-enditem|p2a: Iron Valiant|Booster Energy
|-activate|p2a: Iron Valiant|ability: Quark Drive|[fromitem]
|-start|p2a: Iron Valiant|quarkdrivespe
|move|p1a: Kane|Fury Cutter|p2a: Iron Valiant
|-resisted|p2a: Iron Valiant
|-damage|p2a: Iron Valiant|89/100 psn
|
|-weather|SunnyDay|[upkeep]
|-damage|p2a: Iron Valiant|77/100 psn|[from] psn
|upkeep
|turn|6
|
|t:|1779634913
|switch|p1a: Glick|Glimmora, F|35/100
|-damage|p1a: Glick|23/100|[from] Spikes
|move|p2a: Iron Valiant|Moonblast|p1a: Glick
|-resisted|p1a: Glick
|-damage|p1a: Glick|0 fnt
|faint|p1a: Glick
|
|-weather|none
|-damage|p2a: Iron Valiant|64/100 psn|[from] psn
|upkeep
|
|t:|1779634929
|switch|p1a: Kane|Kleavor, F|88/100
|-damage|p1a: Kane|76/100|[from] Spikes
|turn|7
|
|t:|1779634933
|move|p2a: Iron Valiant|Moonblast|p1a: Kane
|-damage|p1a: Kane|3/100
|-unboost|p1a: Kane|spa|1
|move|p1a: Kane|Stone Axe|p2a: Iron Valiant
|-resisted|p2a: Iron Valiant
|-damage|p2a: Iron Valiant|33/100 psn
|-sidestart|p2: a.icicleplayz|move: Stealth Rock
|
|-damage|p2a: Iron Valiant|21/100 psn|[from] psn
|upkeep
|turn|8
|
|t:|1779634944
|move|p2a: Iron Valiant|Shadow Ball|p1a: Kane
|-damage|p1a: Kane|0 fnt
|faint|p1a: Kane
|
|-damage|p2a: Iron Valiant|8/100 psn|[from] psn
|upkeep
|
|t:|1779634953
|switch|p1a: Nitequil|Espeon, F|100/100
|-damage|p1a: Nitequil|88/100|[from] Spikes
|turn|9
|
|t:|1779634958
|move|p1a: Nitequil|Protect|p1a: Nitequil
|-singleturn|p1a: Nitequil|Protect
|move|p2a: Iron Valiant|Shadow Ball|p1a: Nitequil
|-activate|p1a: Nitequil|move: Protect
|
|-damage|p2a: Iron Valiant|0 fnt|[from] psn
|faint|p2a: Iron Valiant
|-end|p2a: Iron Valiant|Quark Drive|[silent]
|upkeep
|
|t:|1779634962
|switch|p2a: Samurott|Samurott-Hisui, M|72/100 psn
|-damage|p2a: Samurott|59/100 psn|[from] Stealth Rock
|turn|10
|
|t:|1779634976
|move|p2a: Samurott|Ceaseless Edge|p1a: Nitequil
|-supereffective|p1a: Nitequil
|-damage|p1a: Nitequil|0 fnt
|-sidestart|p1: otsuke|Spikes
|faint|p1a: Nitequil
|
|-damage|p2a: Samurott|47/100 psn|[from] psn
|upkeep
|
|t:|1779634994
|switch|p1a: Gank|Greninja, M|100/100
|-damage|p1a: Gank|84/100|[from] Spikes
|turn|11
|
|t:|1779635002
|switch|p2a: Ogerpon|Ogerpon-Wellspring, F|100/100
|-status|p2a: Ogerpon|psn
|-damage|p2a: Ogerpon|88/100 psn|[from] Stealth Rock
|move|p1a: Gank|Sludge Wave|p2a: Ogerpon
|-supereffective|p2a: Ogerpon
|-damage|p2a: Ogerpon|9/100 psn
|
|-damage|p2a: Ogerpon|0 fnt|[from] psn
|faint|p2a: Ogerpon
|upkeep
|
|t:|1779635009
|switch|p2a: Samurott|Samurott-Hisui, M|47/100 psn
|-damage|p2a: Samurott|34/100 psn|[from] Stealth Rock
|turn|12
|
|t:|1779635017
|move|p2a: Samurott|Sacred Sword|p1a: Gank
|-supereffective|p1a: Gank
|-damage|p1a: Gank|0 fnt
|faint|p1a: Gank
|
|-damage|p2a: Samurott|22/100 psn|[from] psn
|upkeep
|
|t:|1779635024
|switch|p1a: Cursed Roots|Trevenant, M|100/100
|-damage|p1a: Cursed Roots|84/100|[from] Spikes
|turn|13
|
|t:|1779635028
|move|p2a: Samurott|Sacred Sword|p1a: Cursed Roots
|-immune|p1a: Cursed Roots
|move|p1a: Cursed Roots|Substitute|p1a: Cursed Roots
|-start|p1a: Cursed Roots|Substitute
|-damage|p1a: Cursed Roots|59/100
|
|-damage|p2a: Samurott|9/100 psn|[from] psn
|upkeep
|turn|14
|
|t:|1779635039
|move|p2a: Samurott|Sacred Sword|p1a: Cursed Roots
|-immune|p1a: Cursed Roots
|move|p1a: Cursed Roots|Knock Off|p2a: Samurott
|-resisted|p2a: Samurott
|-damage|p2a: Samurott|0 fnt
|-enditem|p2a: Samurott|Choice Scarf|[from] move: Knock Off|[of] p1a: Cursed Roots
|faint|p2a: Samurott
|
|upkeep
|
|t:|1779635047
|switch|p2a: Zamazenta|Zamazenta|100/100
|-ability|p2a: Zamazenta|Dauntless Shield|boost
|-boost|p2a: Zamazenta|def|1
|turn|15
|
|t:|1779635052
|move|p2a: Zamazenta|Crunch|p1a: Cursed Roots
|-supereffective|p1a: Cursed Roots
|-end|p1a: Cursed Roots|Substitute
|move|p1a: Cursed Roots|Leech Seed|p2a: Zamazenta
|-start|p2a: Zamazenta|move: Leech Seed
|
|-damage|p2a: Zamazenta|88/100|[from] Leech Seed|[of] p1a: Cursed Roots
|-heal|p1a: Cursed Roots|70/100|[silent]
|upkeep
|turn|16
|
|t:|1779635061
|move|p2a: Zamazenta|Crunch|p1a: Cursed Roots
|-supereffective|p1a: Cursed Roots
|-damage|p1a: Cursed Roots|10/100
|-enditem|p1a: Cursed Roots|Sitrus Berry|[eat]
|-heal|p1a: Cursed Roots|35/100|[from] item: Sitrus Berry
|move|p1a: Cursed Roots|Substitute|p1a: Cursed Roots
|-start|p1a: Cursed Roots|Substitute
|-damage|p1a: Cursed Roots|10/100
|
|-damage|p2a: Zamazenta|76/100|[from] Leech Seed|[of] p1a: Cursed Roots
|-heal|p1a: Cursed Roots|21/100|[silent]
|upkeep
|turn|17
|
|t:|1779635073
|move|p2a: Zamazenta|Crunch|p1a: Cursed Roots
|-supereffective|p1a: Cursed Roots
|-end|p1a: Cursed Roots|Substitute
|move|p1a: Cursed Roots|Knock Off|p2a: Zamazenta
|-resisted|p2a: Zamazenta
|-damage|p2a: Zamazenta|68/100
|-enditem|p2a: Zamazenta|Heavy-Duty Boots|[from] move: Knock Off|[of] p1a: Cursed Roots
|
|-damage|p2a: Zamazenta|56/100|[from] Leech Seed|[of] p1a: Cursed Roots
|-heal|p1a: Cursed Roots|31/100|[silent]
|upkeep
|turn|18
|
|t:|1779635086
|move|p2a: Zamazenta|Crunch|p1a: Cursed Roots
|-supereffective|p1a: Cursed Roots
|-damage|p1a: Cursed Roots|0 fnt
|faint|p1a: Cursed Roots
|
|win|a.icicleplayz
|raw|otsuke's rating: 1303 &rarr; <strong>1284</strong><br />(-19 for losing)
|raw|a.icicleplayz's rating: 1328 &rarr; <strong>1347</strong><br />(+19 for winning)
|l|☆otsuke
|player|p1|
|c|☆a.icicleplayz|gg
|l|☆a.icicleplayz
|player|p2|
