|j|☆Player UNOWN
|j|☆tghvjhklk
|t:|1779704760
|gametype|singles
|player|p1|Player UNOWN|scientist-gen4|1077
|player|p2|tghvjhklk|102|1104
|gen|9
|tier|[Gen 9] OU
|rated|
|rule|HP Percentage Mod: HP is shown in percentages
|rule|Endless Battle Clause: Forcing endless battles is banned
|rule|Species Clause: Limit one of each Pokémon
|rule|OHKO Clause: OHKO moves are banned
|rule|Evasion Items Clause: Evasion items are banned
|rule|Evasion Moves Clause: Evasion moves are banned
|rule|Evasion Abilities Clause: Evasion abilities are banned
|rule|Sleep Moves Clause: Sleep-inducing moves are banned
|clearpoke
|poke|p1|Tyranitar, M|
|poke|p1|Scizor, M|
|poke|p1|Flygon, F|
|poke|p1|Empoleon, M|
|poke|p1|Hippowdon, M|
|poke|p1|Garchomp, F|
|poke|p2|Ursaluna, F|
|poke|p2|Azumarill, M|
|poke|p2|Indeedee-F, F|
|poke|p2|Magnezone|
|poke|p2|Iron Hands|
|poke|p2|Corviknight, F|
|teampreview
|
|t:|1779704767
|teamsize|p1|6
|teamsize|p2|6
|start
|switch|p1a: Hippowdon|Hippowdon, M|100/100
|switch|p2a: Indeedee|Indeedee-F, F|100/100
|-fieldstart|move: Psychic Terrain|[from] ability: Psychic Surge|[of] p2a: Indeedee
|-weather|Sandstorm|[from] ability: Sand Stream|[of] p1a: Hippowdon
|turn|1
|
|t:|1779704777
|move|p1a: Hippowdon|Stealth Rock|p2a: Indeedee
|-sidestart|p2: tghvjhklk|move: Stealth Rock
|move|p2a: Indeedee|Trick Room|p2a: Indeedee
|-fieldstart|move: Trick Room|[of] p2a: Indeedee
|
|-weather|Sandstorm|[upkeep]
|-damage|p2a: Indeedee|94/100|[from] Sandstorm
|-heal|p2a: Indeedee|100/100|[from] item: Leftovers
|upkeep
|turn|2
|
|t:|1779704787
|switch|p2a: Corviknight|Corviknight, F|100/100
|-damage|p2a: Corviknight|88/100|[from] Stealth Rock
|move|p1a: Hippowdon|Earthquake|p2a: Corviknight
|-immune|p2a: Corviknight
|
|-weather|Sandstorm|[upkeep]
|upkeep
|turn|3
|
|t:|1779704797
|move|p2a: Corviknight|Iron Defense|p2a: Corviknight
|-boost|p2a: Corviknight|def|2
|move|p1a: Hippowdon|Whirlwind|p2a: Corviknight
|drag|p2a: Ursaluna|Ursaluna, F|100/100
|-damage|p2a: Ursaluna|94/100|[from] Stealth Rock
|
|-weather|Sandstorm|[upkeep]
|-status|p2a: Ursaluna|brn|[from] item: Flame Orb
|upkeep
|turn|4
|
|t:|1779704808
|move|p2a: Ursaluna|Ice Punch|p1a: Hippowdon
|-supereffective|p1a: Hippowdon
|-damage|p1a: Hippowdon|40/100
|-damage|p2a: Ursaluna|78/100 brn|[from] item: Rocky Helmet|[of] p1a: Hippowdon
|move|p1a: Hippowdon|Whirlwind|p2a: Ursaluna
|drag|p2a: Azumarill|Azumarill, M|100/100
|-damage|p2a: Azumarill|88/100|[from] Stealth Rock
|
|-weather|Sandstorm|[upkeep]
|-damage|p2a: Azumarill|82/100|[from] Sandstorm
|upkeep
|turn|5
|
|t:|1779704823
|-terastallize|p1a: Hippowdon|Water
|move|p2a: Azumarill|Waterfall|p1a: Hippowdon
|-resisted|p1a: Hippowdon
|-damage|p1a: Hippowdon|23/100
|-damage|p2a: Azumarill|65/100|[from] item: Rocky Helmet|[of] p1a: Hippowdon
|move|p1a: Hippowdon|Whirlwind|p2a: Azumarill
|drag|p2a: Iron Hands|Iron Hands|100/100
|-damage|p2a: Iron Hands|94/100|[from] Stealth Rock
|
|-weather|none
|-fieldend|move: Trick Room
|-fieldend|move: Psychic Terrain
|upkeep
|turn|6
|
|t:|1779704836
|-end|p2a: Iron Hands|Quark Drive|[silent]
|switch|p2a: Corviknight|Corviknight, F|88/100
|-damage|p2a: Corviknight|76/100|[from] Stealth Rock
|move|p1a: Hippowdon|Earthquake|p2a: Corviknight
|-immune|p2a: Corviknight
|
|upkeep
|turn|7
|
|t:|1779704844
|move|p2a: Corviknight|Body Press|p1a: Hippowdon
|-damage|p1a: Hippowdon|9/100
|-damage|p2a: Corviknight|59/100|[from] item: Rocky Helmet|[of] p1a: Hippowdon
|move|p1a: Hippowdon|Whirlwind|p2a: Corviknight
|drag|p2a: Iron Hands|Iron Hands|94/100
|-damage|p2a: Iron Hands|88/100|[from] Stealth Rock
|
|upkeep
|turn|8
|
|t:|1779704853
|move|p2a: Iron Hands|Wild Charge|p1a: Hippowdon
|-supereffective|p1a: Hippowdon
|-damage|p1a: Hippowdon|0 fnt
|-damage|p2a: Iron Hands|72/100|[from] item: Rocky Helmet|[of] p1a: Hippowdon
|faint|p1a: Hippowdon
|-damage|p2a: Iron Hands|70/100|[from] Recoil
|
|upkeep
|
|t:|1779704861
|switch|p1a: Garchomp|Garchomp, F|100/100
|turn|9
|
|t:|1779704870
|-end|p2a: Iron Hands|Quark Drive|[silent]
|switch|p2a: Corviknight|Corviknight, F|59/100
|-damage|p2a: Corviknight|47/100|[from] Stealth Rock
|move|p1a: Garchomp|Earthquake|p2a: Corviknight
|-immune|p2a: Corviknight
|
|upkeep
|turn|10
|
|t:|1779704878
|move|p2a: Corviknight|Iron Defense|p2a: Corviknight
|-boost|p2a: Corviknight|def|2
|move|p1a: Garchomp|Dragon Tail|p2a: Corviknight
|-resisted|p2a: Corviknight
|-damage|p2a: Corviknight|41/100
|-damage|p1a: Garchomp|84/100|[from] item: Rocky Helmet|[of] p2a: Corviknight
|drag|p2a: Ursaluna|Ursaluna, F|78/100 brn
|-damage|p2a: Ursaluna|72/100 brn|[from] Stealth Rock
|
|-damage|p2a: Ursaluna|66/100 brn|[from] brn
|upkeep
|turn|11
|
|t:|1779704891
|move|p1a: Garchomp|Earthquake|p2a: Ursaluna
|-damage|p2a: Ursaluna|35/100 brn
|move|p2a: Ursaluna|Ice Punch|p1a: Garchomp
|-supereffective|p1a: Garchomp
|-damage|p1a: Garchomp|0 fnt
|-damage|p2a: Ursaluna|22/100 brn|[from] ability: Rough Skin|[of] p1a: Garchomp
|-damage|p2a: Ursaluna|6/100 brn|[from] item: Rocky Helmet|[of] p1a: Garchomp
|faint|p1a: Garchomp
|
|-damage|p2a: Ursaluna|0 fnt|[from] brn
|faint|p2a: Ursaluna
|upkeep
|
|t:|1779704904
|switch|p1a: Flygon|Flygon, F|100/100
|switch|p2a: Indeedee|Indeedee-F, F|100/100
|-damage|p2a: Indeedee|88/100|[from] Stealth Rock
|-fieldstart|move: Psychic Terrain|[from] ability: Psychic Surge|[of] p2a: Indeedee
|turn|12
|
|t:|1779704913
|move|p1a: Flygon|Dragon Dance|p1a: Flygon
|-boost|p1a: Flygon|atk|1
|-boost|p1a: Flygon|spe|1
|move|p2a: Indeedee|Trick Room|p2a: Indeedee
|-fieldstart|move: Trick Room|[of] p2a: Indeedee
|
|-heal|p2a: Indeedee|94/100|[from] item: Leftovers
|upkeep
|turn|13
|
|t:|1779704922
|move|p2a: Indeedee|Alluring Voice|p1a: Flygon
|-supereffective|p1a: Flygon
|-damage|p1a: Flygon|47/100
|move|p1a: Flygon|Earthquake|p2a: Indeedee
|-damage|p2a: Indeedee|0 fnt
|faint|p2a: Indeedee
|
|upkeep
|
|t:|1779704930
|switch|p2a: Iron Hands|Iron Hands|70/100
|-damage|p2a: Iron Hands|64/100|[from] Stealth Rock
|turn|14
|
|t:|1779704935
|move|p2a: Iron Hands|Ice Punch|p1a: Flygon
|-supereffective|p1a: Flygon
|-damage|p1a: Flygon|0 fnt
|faint|p1a: Flygon
|
|upkeep
|
|t:|1779704943
|switch|p1a: Scizor|Scizor, M|100/100
|turn|15
|
|t:|1779704947
|move|p2a: Iron Hands|Swords Dance|p2a: Iron Hands
|-boost|p2a: Iron Hands|atk|2
|move|p1a: Scizor|Swords Dance|p1a: Scizor
|-boost|p1a: Scizor|atk|2
|
|upkeep
|turn|16
|
|t:|1779704963
|move|p2a: Iron Hands|Close Combat|p1a: Scizor
|-damage|p1a: Scizor|0 fnt
|-unboost|p2a: Iron Hands|def|1
|-unboost|p2a: Iron Hands|spd|1
|-damage|p2a: Iron Hands|47/100|[from] item: Rocky Helmet|[of] p1a: Scizor
|faint|p1a: Scizor
|
|-fieldend|move: Trick Room
|-fieldend|move: Psychic Terrain
|upkeep
|
|t:|1779704981
|switch|p1a: Tyranitar|Tyranitar, M|100/100
|-weather|Sandstorm|[from] ability: Sand Stream|[of] p1a: Tyranitar
|turn|17
|
|t:|1779704986
|move|p1a: Tyranitar|Knock Off|p2a: Iron Hands
|-resisted|p2a: Iron Hands
|-damage|p2a: Iron Hands|19/100
|-enditem|p2a: Iron Hands|Shuca Berry|[from] move: Knock Off|[of] p1a: Tyranitar
|move|p2a: Iron Hands|Close Combat|p1a: Tyranitar
|-supereffective|p1a: Tyranitar
|-damage|p1a: Tyranitar|0 fnt
|-unboost|p2a: Iron Hands|def|1
|-unboost|p2a: Iron Hands|spd|1
|-damage|p2a: Iron Hands|3/100|[from] item: Rocky Helmet|[of] p1a: Tyranitar
|faint|p1a: Tyranitar
|
|-weather|Sandstorm|[upkeep]
|-damage|p2a: Iron Hands|0 fnt|[from] Sandstorm
|faint|p2a: Iron Hands
|-end|p2a: Iron Hands|Quark Drive|[silent]
|upkeep
|
|t:|1779705001
|switch|p1a: Empoleon|Empoleon, M|100/100
|switch|p2a: Magnezone|Magnezone|100/100
|-damage|p2a: Magnezone|94/100|[from] Stealth Rock
|turn|18
|
|t:|1779705009
|move|p1a: Empoleon|Surf|p2a: Magnezone
|-damage|p2a: Magnezone|63/100
|move|p2a: Magnezone|Thunderbolt|p1a: Empoleon
|-supereffective|p1a: Empoleon
|-damage|p1a: Empoleon|0 fnt
|faint|p1a: Empoleon
|
|win|tghvjhklk
|raw|Player UNOWN's rating: 1077 &rarr; <strong>1057</strong><br />(-20 for losing)
|raw|tghvjhklk's rating: 1104 &rarr; <strong>1127</strong><br />(+23 for winning)
|l|☆tghvjhklk
|player|p2|
|l|☆Player UNOWN
|player|p1|
