|j|‽UR FUKN RAPlST382
|j|☆Lukas21
|t:|1779621691
|gametype|singles
|player|p1|UR FUKN RAPlST382|266|1211
|player|p2|Lukas21|266|1207
|gen|9
|tier|[Gen 9] OU
|rated|
|rule|HP Percentage Mod: HP is shown in percentages
|rule|Endless Battle Clause: Forcing endless battles is banned
|rule|Species Clause: Limit one of each Pokémon
|rule|OHKO Clause: OHKO moves are banned
|rule|Evasion Items Clause: Evasion items are banned
|rule|Evasion Moves Clause: Evasion moves are banned
|rule|Evasion Abilities Clause: Evasion abilities are banned
|rule|Sleep Moves Clause: Sleep-inducing moves are banned
|clearpoke
|poke|p1|Grimmsnarl, M|
|poke|p1|Cramorant, F|
|poke|p1|Iron Hands|
|poke|p1|Kingambit, M|
|poke|p1|Enamorus-Therian, F|
|poke|p1|Slowbro-Galar, M|
|poke|p2|Scyther, F|
|poke|p2|Incineroar, F|
|poke|p2|Eelektross, M|
|poke|p2|Glimmora, M|
|poke|p2|Copperajah, M|
|poke|p2|Hydrapple, M|
|teampreview
|inactive|Battle timer is ON: inactive players will automatically lose when time's up. (requested by UR FUKN RAPlST382)
|
|t:|1779621728
|teamsize|p1|6
|teamsize|p2|6
|start
|switch|p1a: Cramorant|Cramorant, F|100/100
|switch|p2a: Copperajah|Copperajah, M|100/100
|turn|1
|
|t:|1779621745
|move|p1a: Cramorant|Surf|p2a: Copperajah
|-formechange|p1a: Cramorant|Cramorant-Gulping|
|-damage|p2a: Copperajah|63/100
|move|p2a: Copperajah|Whirlwind|p1a: Cramorant
|drag|p1a: Kingambit|Kingambit, M, shiny|100/100
|
|-heal|p2a: Copperajah|70/100|[from] item: Leftovers
|upkeep
|turn|2
|inactive|UR FUKN RAPlST382 has 120 seconds left.
|
|t:|1779621780
|-end|p1a: Kingambit|fallenundefined|[silent]
|switch|p1a: Cramorant|Cramorant, F|100/100
|move|p2a: Copperajah|Play Rough|p1a: Cramorant
|-damage|p1a: Cramorant|31/100
|
|-heal|p2a: Copperajah|76/100|[from] item: Leftovers
|upkeep
|turn|3
|
|t:|1779621791
|move|p1a: Cramorant|Surf|p2a: Copperajah
|-formechange|p1a: Cramorant|Cramorant-Gorging|
|-damage|p2a: Copperajah|39/100
|move|p2a: Copperajah|Whirlwind|p1a: Cramorant
|drag|p1a: Grimmsnarl|Grimmsnarl, M, shiny|100/100
|
|-heal|p2a: Copperajah|45/100|[from] item: Leftovers
|upkeep
|turn|4
|
|t:|1779621805
|switch|p1a: Cramorant|Cramorant, F|31/100
|move|p2a: Copperajah|Play Rough|p1a: Cramorant
|-damage|p1a: Cramorant|0 fnt
|faint|p1a: Cramorant
|
|-heal|p2a: Copperajah|51/100|[from] item: Leftovers
|upkeep
|
|t:|1779621812
|switch|p1a: Iron Hands|Iron Hands, shiny|100/100
|turn|5
|-activate|p1a: Iron Hands|item: Quick Claw
|
|t:|1779621823
|switch|p2a: Incineroar|Incineroar, F|100/100
|-ability|p2a: Incineroar|Intimidate|boost
|-unboost|p1a: Iron Hands|atk|1
|move|p1a: Iron Hands|Close Combat|p2a: Incineroar
|-supereffective|p2a: Incineroar
|-damage|p2a: Incineroar|17/100
|-unboost|p1a: Iron Hands|def|1
|-unboost|p1a: Iron Hands|spd|1
|
|upkeep
|turn|6
|
|t:|1779621833
|-end|p1a: Iron Hands|Quark Drive|[silent]
|switch|p1a: Grimmsnarl|Grimmsnarl, M, shiny|100/100
|move|p2a: Incineroar|Fake Out|p1a: Grimmsnarl
|-damage|p1a: Grimmsnarl|90/100
|
|upkeep
|turn|7
|
|t:|1779621842
|switch|p2a: Eelektross|Eelektross, M|100/100
|move|p1a: Grimmsnarl|Reflect|p1a: Grimmsnarl
|-sidestart|p1: UR FUKN RAPlST382|Reflect
|
|upkeep
|turn|8
|
|t:|1779621846
|move|p1a: Grimmsnarl|Taunt|p2a: Eelektross
|-start|p2a: Eelektross|move: Taunt
|move|p2a: Eelektross|Flash Cannon|p1a: Grimmsnarl
|-supereffective|p1a: Grimmsnarl
|-damage|p1a: Grimmsnarl|39/100
|
|upkeep
|turn|9
|
|t:|1779621853
|move|p1a: Grimmsnarl|Light Screen|p1a: Grimmsnarl
|-sidestart|p1: UR FUKN RAPlST382|move: Light Screen
|move|p2a: Eelektross|Flash Cannon|p1a: Grimmsnarl
|-supereffective|p1a: Grimmsnarl
|-damage|p1a: Grimmsnarl|11/100
|
|upkeep
|turn|10
|
|t:|1779621859
|switch|p1a: Iron Hands|Iron Hands, shiny|100/100
|move|p2a: Eelektross|Discharge|p1a: Iron Hands
|-resisted|p1a: Iron Hands
|-damage|p1a: Iron Hands|92/100
|
|-end|p2a: Eelektross|move: Taunt
|upkeep
|turn|11
|-activate|p1a: Iron Hands|item: Quick Claw
|
|t:|1779621880
|move|p1a: Iron Hands|Swords Dance|p1a: Iron Hands
|-boost|p1a: Iron Hands|atk|2
|move|p2a: Eelektross|Flamethrower|p1a: Iron Hands
|-damage|p1a: Iron Hands|79/100
|
|upkeep
|turn|12
|
|t:|1779621888
|move|p1a: Iron Hands|Close Combat|p2a: Eelektross
|-damage|p2a: Eelektross|0 fnt
|-unboost|p1a: Iron Hands|def|1
|-unboost|p1a: Iron Hands|spd|1
|faint|p2a: Eelektross
|
|upkeep
|
|t:|1779621897
|switch|p2a: Incineroar|Incineroar, F|17/100
|-ability|p2a: Incineroar|Intimidate|boost
|-unboost|p1a: Iron Hands|atk|1
|turn|13
|-activate|p1a: Iron Hands|item: Quick Claw
|
|t:|1779621902
|move|p2a: Incineroar|Fake Out|p1a: Iron Hands
|-damage|p1a: Iron Hands|73/100
|cant|p1a: Iron Hands|flinch
|
|upkeep
|turn|14
|
|t:|1779621911
|move|p2a: Incineroar|Parting Shot|p1a: Iron Hands
|-unboost|p1a: Iron Hands|atk|1
|-unboost|p1a: Iron Hands|spa|1
|
|t:|1779621923
|switch|p2a: Hydrapple|Hydrapple, M|100/100|[from] Parting Shot
|move|p1a: Iron Hands|Wild Charge|p2a: Hydrapple
|-resisted|p2a: Hydrapple
|-damage|p2a: Hydrapple|90/100
|-damage|p1a: Iron Hands|72/100|[from] Recoil
|
|-sideend|p1: UR FUKN RAPlST382|Reflect
|upkeep
|turn|15
|
|t:|1779621931
|move|p1a: Iron Hands|Ice Punch|p2a: Hydrapple
|-supereffective|p2a: Hydrapple
|-damage|p2a: Hydrapple|0 fnt
|faint|p2a: Hydrapple
|
|upkeep
|
|t:|1779621944
|switch|p2a: Scyther|Scyther, F|100/100
|turn|16
|
|t:|1779621949
|move|p2a: Scyther|U-turn|p1a: Iron Hands
|-resisted|p1a: Iron Hands
|-damage|p1a: Iron Hands|58/100
|
|t:|1779621955
|switch|p2a: Glimmora|Glimmora, M|100/100|[from] U-turn
|-item|p2a: Glimmora|Air Balloon
|move|p1a: Iron Hands|Wild Charge|p2a: Glimmora
|-damage|p2a: Glimmora|47/100
|-activate|p2a: Glimmora|ability: Toxic Debris
|-sidestart|p1: UR FUKN RAPlST382|move: Toxic Spikes
|-enditem|p2a: Glimmora|Air Balloon
|-damage|p1a: Iron Hands|50/100|[from] Recoil
|
|-sideend|p1: UR FUKN RAPlST382|move: Light Screen
|upkeep
|turn|17
|
|t:|1779621969
|move|p2a: Glimmora|Sludge Wave|p1a: Iron Hands
|-damage|p1a: Iron Hands|0 fnt
|faint|p1a: Iron Hands
|-end|p1a: Iron Hands|Quark Drive|[silent]
|
|upkeep
|
|t:|1779621984
|switch|p1a: Slowbro|Slowbro-Galar, M, shiny|100/100
|-sideend|p1: UR FUKN RAPlST382|move: Toxic Spikes|[of] p1a: Slowbro
|turn|18
|
|t:|1779621989
|move|p2a: Glimmora|Power Gem|p1a: Slowbro
|-damage|p1a: Slowbro|57/100
|move|p1a: Slowbro|Surf|p2a: Glimmora
|-supereffective|p2a: Glimmora
|-damage|p2a: Glimmora|0 fnt
|faint|p2a: Glimmora
|
|upkeep
|
|t:|1779621995
|switch|p2a: Scyther|Scyther, F|100/100
|turn|19
|
|t:|1779622002
|move|p2a: Scyther|Swords Dance|p2a: Scyther
|-boost|p2a: Scyther|atk|2
|move|p1a: Slowbro|Sludge Bomb|p2a: Scyther
|-damage|p2a: Scyther|64/100
|
|upkeep
|turn|20
|
|t:|1779622009
|move|p2a: Scyther|Dual Wingbeat|p1a: Slowbro
|-damage|p1a: Slowbro|13/100
|-damage|p1a: Slowbro|0 fnt
|faint|p1a: Slowbro
|-hitcount|p1: Slowbro|2
|
|upkeep
|
|t:|1779622032
|switch|p1a: Grimmsnarl|Grimmsnarl, M, shiny|11/100
|turn|21
|
|t:|1779622035
|move|p2a: Scyther|Quick Attack|p1a: Grimmsnarl
|-damage|p1a: Grimmsnarl|0 fnt
|faint|p1a: Grimmsnarl
|
|upkeep
|
|t:|1779622039
|switch|p1a: Enamorus|Enamorus-Therian, F, shiny|100/100
|turn|22
|
|t:|1779622047
|move|p2a: Scyther|Dual Wingbeat|p1a: Enamorus
|-damage|p1a: Enamorus|62/100
|-damage|p1a: Enamorus|22/100
|-hitcount|p1a: Enamorus|2
|move|p1a: Enamorus|Mystical Fire|p2a: Scyther
|-supereffective|p2a: Scyther
|-damage|p2a: Scyther|15/100
|-unboost|p2a: Scyther|spa|1
|
|upkeep
|turn|23
|
|t:|1779622056
|move|p2a: Scyther|Dual Wingbeat|p1a: Enamorus
|-crit|p1a: Enamorus
|-damage|p1a: Enamorus|0 fnt
|faint|p1a: Enamorus
|-hitcount|p1: Enamorus|1
|
|upkeep
|
|t:|1779622058
|switch|p1a: Kingambit|Kingambit, M, shiny|100/100
|-activate|p1a: Kingambit|ability: Supreme Overlord
|-start|p1a: Kingambit|fallen5|[silent]
|turn|24
|
|t:|1779622068
|move|p2a: Scyther|Quick Attack|p1a: Kingambit
|-resisted|p1a: Kingambit
|-damage|p1a: Kingambit|90/100
|move|p1a: Kingambit|Swords Dance|p1a: Kingambit
|-boost|p1a: Kingambit|atk|2
|
|upkeep
|turn|25
|
|t:|1779622075
|move|p1a: Kingambit|Sucker Punch|p2a: Scyther
|-damage|p2a: Scyther|0 fnt
|faint|p2a: Scyther
|
|upkeep
|
|t:|1779622079
|switch|p2a: Incineroar|Incineroar, F|17/100
|-ability|p2a: Incineroar|Intimidate|boost
|-unboost|p1a: Kingambit|atk|1
|turn|26
|
|t:|1779622085
|move|p2a: Incineroar|Fake Out|p1a: Kingambit
|-resisted|p1a: Kingambit
|-damage|p1a: Kingambit|86/100
|cant|p1a: Kingambit|flinch
|
|upkeep
|turn|27
|
|t:|1779622089
|move|p1a: Kingambit|Sucker Punch|p2a: Incineroar
|-resisted|p2a: Incineroar
|-damage|p2a: Incineroar|0 fnt
|faint|p2a: Incineroar
|
|upkeep
|
|t:|1779622094
|switch|p2a: Copperajah|Copperajah, M|51/100
|turn|28
|
|t:|1779622098
|move|p1a: Kingambit|Sucker Punch|p2a: Copperajah
|-damage|p2a: Copperajah|0 fnt
|faint|p2a: Copperajah
|
|win|UR FUKN RAPlST382
|raw|UR FUKN RAPlST382's rating: 1233 &rarr; <strong>1256</strong><br />(+23 for winning)
|raw|Lukas21's rating: 1207 &rarr; <strong>1184</strong><br />(-23 for losing)
