|j|☆lethalwolf
|j|☆tittynope89
|t:|1779604182
|gametype|singles
|player|p1|lethalwolf|ethan|1338
|player|p2|tittynope89|brawly|1322
|gen|9
|tier|[Gen 9] OU
|rated|
|rule|HP Percentage Mod: HP is shown in percentages
|rule|Endless Battle Clause: Forcing endless battles is banned
|rule|Species Clause: Limit one of each Pokémon
|rule|OHKO Clause: OHKO moves are banned
|rule|Evasion Items Clause: Evasion items are banned
|rule|Evasion Moves Clause: Evasion moves are banned
|rule|Evasion Abilities Clause: Evasion abilities are banned
|rule|Sleep Moves Clause: Sleep-inducing moves are banned
|clearpoke
|poke|p1|Magnezone|
|poke|p1|Tyranitar, M|
|poke|p1|Zapdos|
|poke|p1|Ambipom, M|
|poke|p1|Darkrai|
|poke|p1|Great Tusk|
|poke|p2|Dragonite, M|
|poke|p2|Meowscarada, F|
|poke|p2|Gengar, M|
|poke|p2|Darkrai|
|poke|p2|Iron Valiant|
|poke|p2|Enamorus, F|
|teampreview
|inactive|Battle timer is ON: inactive players will automatically lose when time's up. (requested by tittynope89)
|inactive|lethalwolf also wants the timer to be on.
|
|t:|1779604189
|teamsize|p1|6
|teamsize|p2|6
|start
|switch|p1a: Ambipom|Ambipom, M|100/100
|switch|p2a: Gengar|Gengar, M|100/100
|turn|1
|
|t:|1779604194
|switch|p1a: Tyranitar|Tyranitar, M|100/100
|-weather|Sandstorm|[from] ability: Sand Stream|[of] p1a: Tyranitar
|move|p2a: Gengar|Sludge Wave|p1a: Tyranitar
|-resisted|p1a: Tyranitar
|-damage|p1a: Tyranitar|85/100
|-status|p1a: Tyranitar|psn
|
|-weather|Sandstorm|[upkeep]
|-damage|p2a: Gengar|94/100|[from] Sandstorm
|-heal|p1a: Tyranitar|91/100 psn|[from] item: Leftovers
|-damage|p1a: Tyranitar|79/100 psn|[from] psn
|upkeep
|turn|2
|
|t:|1779604201
|move|p2a: Gengar|Destiny Bond|p2a: Gengar
|-singlemove|p2a: Gengar|Destiny Bond
|move|p1a: Tyranitar|Knock Off|p2a: Gengar
|-supereffective|p2a: Gengar
|-damage|p2a: Gengar|0 fnt
|-enditem|p2a: Gengar|Focus Sash|[from] move: Knock Off|[of] p1a: Tyranitar
|faint|p2a: Gengar
|-activate|p2a: Gengar|move: Destiny Bond
|faint|p1a: Tyranitar
|
|-weather|Sandstorm|[upkeep]
|upkeep
|
|t:|1779604210
|switch|p2a: Darkrai|Darkrai|100/100
|switch|p1a: Ambipom|Ambipom, M|100/100
|turn|3
|
|t:|1779604215
|-terastallize|p1a: Ambipom|Normal
|move|p1a: Ambipom|Fake Out|p2a: Darkrai
|-damage|p2a: Darkrai|43/100
|cant|p2a: Darkrai|flinch
|
|-weather|Sandstorm|[upkeep]
|-damage|p2a: Darkrai|37/100|[from] Sandstorm
|-damage|p1a: Ambipom|94/100|[from] Sandstorm
|upkeep
|turn|4
|
|t:|1779604226
|switch|p1a: Zapdos|Zapdos|100/100
|-ability|p1a: Zapdos|Pressure
|move|p2a: Darkrai|Dark Pulse|p1a: Zapdos
|-damage|p1a: Zapdos|48/100
|
|-weather|Sandstorm|[upkeep]
|-damage|p2a: Darkrai|31/100|[from] Sandstorm
|-damage|p1a: Zapdos|42/100|[from] Sandstorm
|upkeep
|turn|5
|
|t:|1779604234
|move|p2a: Darkrai|Dark Pulse|p1a: Zapdos
|-damage|p1a: Zapdos|0 fnt
|faint|p1a: Zapdos
|
|-weather|none
|upkeep
|
|t:|1779604236
|switch|p1a: Ambipom|Ambipom, M, tera:Normal|94/100
|turn|6
|
|t:|1779604245
|move|p1a: Ambipom|Fake Out|p2a: Darkrai
|-damage|p2a: Darkrai|0 fnt
|faint|p2a: Darkrai
|
|upkeep
|
|t:|1779604247
|switch|p2a: Meowscarada|Meowscarada, F|100/100
|turn|7
|
|t:|1779604250
|switch|p1a: Great Tusk|Great Tusk|100/100
|-enditem|p1a: Great Tusk|Booster Energy
|-activate|p1a: Great Tusk|ability: Protosynthesis|[fromitem]
|-start|p1a: Great Tusk|protosynthesisspe
|move|p2a: Meowscarada|U-turn|p1a: Great Tusk
|-start|p2a: Meowscarada|typechange|Bug|[from] ability: Protean
|-resisted|p1a: Great Tusk
|-damage|p1a: Great Tusk|90/100
|
|t:|1779604253
|switch|p2a: Enamorus|Enamorus, F|100/100|[from] U-turn
|
|upkeep
|turn|8
|
|t:|1779604270
|move|p1a: Great Tusk|Ice Spinner|p2a: Enamorus
|-supereffective|p2a: Enamorus
|-damage|p2a: Enamorus|23/100
|move|p2a: Enamorus|Moonblast|p1a: Great Tusk
|-supereffective|p1a: Great Tusk
|-damage|p1a: Great Tusk|0 fnt
|faint|p1a: Great Tusk
|-end|p1a: Great Tusk|Protosynthesis|[silent]
|
|upkeep
|
|t:|1779604277
|switch|p1a: Ambipom|Ambipom, M, tera:Normal|94/100
|turn|9
|
|t:|1779604284
|switch|p2a: Iron Valiant|Iron Valiant|100/100
|-enditem|p2a: Iron Valiant|Booster Energy
|-activate|p2a: Iron Valiant|ability: Quark Drive|[fromitem]
|-start|p2a: Iron Valiant|quarkdrivespe
|move|p1a: Ambipom|Fake Out|p2a: Iron Valiant
|-damage|p2a: Iron Valiant|50/100
|
|upkeep
|turn|10
|
|t:|1779604289
|switch|p1a: Magnezone|Magnezone|100/100
|move|p2a: Iron Valiant|Aura Sphere|p1a: Magnezone
|-supereffective|p1a: Magnezone
|-damage|p1a: Magnezone|15/100
|
|upkeep
|turn|11
|
|t:|1779604292
|move|p2a: Iron Valiant|Aura Sphere|p1a: Magnezone
|-supereffective|p1a: Magnezone
|-damage|p1a: Magnezone|0 fnt
|faint|p1a: Magnezone
|
|upkeep
|
|t:|1779604296
|switch|p1a: Ambipom|Ambipom, M, tera:Normal|94/100
|turn|12
|
|t:|1779604299
|move|p1a: Ambipom|Fake Out|p2a: Iron Valiant
|-damage|p2a: Iron Valiant|0 fnt
|faint|p2a: Iron Valiant
|-end|p2a: Iron Valiant|Quark Drive|[silent]
|
|upkeep
|
|t:|1779604306
|switch|p2a: Meowscarada|Meowscarada, F|100/100
|turn|13
|
|t:|1779604308
|move|p2a: Meowscarada|U-turn|p1a: Ambipom
|-start|p2a: Meowscarada|typechange|Bug|[from] ability: Protean
|-damage|p1a: Ambipom|40/100
|
|t:|1779604312
|switch|p2a: Enamorus|Enamorus, F|23/100|[from] U-turn
|move|p1a: Ambipom|Last Resort|p2a: Enamorus
|-damage|p2a: Enamorus|0 fnt
|faint|p2a: Enamorus
|
|upkeep
|
|t:|1779604318
|switch|p2a: Meowscarada|Meowscarada, F|100/100
|turn|14
|
|t:|1779604322
|move|p2a: Meowscarada|U-turn|p1a: Ambipom
|-start|p2a: Meowscarada|typechange|Bug|[from] ability: Protean
|-damage|p1a: Ambipom|0 fnt
|faint|p1a: Ambipom
|
|t:|1779604327
|switch|p2a: Dragonite|Dragonite, M|100/100|[from] U-turn
|
|upkeep
|
|t:|1779604329
|switch|p1a: Darkrai|Darkrai|100/100
|turn|15
|
|t:|1779604334
|-terastallize|p2a: Dragonite|Normal
|move|p1a: Darkrai|Dark Pulse|p2a: Dragonite
|-damage|p2a: Dragonite|76/100
|move|p2a: Dragonite|Dragon Dance|p2a: Dragonite
|-boost|p2a: Dragonite|atk|1
|-boost|p2a: Dragonite|spe|1
|
|upkeep
|turn|16
|
|t:|1779604341
|move|p2a: Dragonite|Extreme Speed|p1a: Darkrai
|-damage|p1a: Darkrai|9/100
|move|p1a: Darkrai|Dark Pulse|p2a: Dragonite
|-damage|p2a: Dragonite|28/100
|
|upkeep
|turn|17
|
|t:|1779604344
|move|p2a: Dragonite|Extreme Speed|p1a: Darkrai
|-damage|p1a: Darkrai|0 fnt
|faint|p1a: Darkrai
|
|win|tittynope89
|raw|lethalwolf's rating: 1338 &rarr; <strong>1317</strong><br />(-21 for losing)
|raw|tittynope89's rating: 1322 &rarr; <strong>1343</strong><br />(+21 for winning)
|l|☆lethalwolf
|player|p1|
|l|☆tittynope89
|player|p2|
