|j|☆Raijin Zerachu
|j|☆ZA.122
|t:|1779639213
|gametype|singles
|player|p1|Raijin Zerachu|volkner|1343
|player|p2|ZA.122|169|1364
|gen|9
|tier|[Gen 9] OU
|rated|
|rule|HP Percentage Mod: HP is shown in percentages
|rule|Endless Battle Clause: Forcing endless battles is banned
|rule|Species Clause: Limit one of each Pokémon
|rule|OHKO Clause: OHKO moves are banned
|rule|Evasion Items Clause: Evasion items are banned
|rule|Evasion Moves Clause: Evasion moves are banned
|rule|Evasion Abilities Clause: Evasion abilities are banned
|rule|Sleep Moves Clause: Sleep-inducing moves are banned
|clearpoke
|poke|p1|Kilowattrel, M|
|poke|p1|Glimmora, F|
|poke|p1|Tinkaton, F|
|poke|p1|Meowscarada, F|
|poke|p1|Skeledirge, M|
|poke|p1|Quaquaval, M|
|poke|p2|Walking Wake|
|poke|p2|Landorus-Therian, M|
|poke|p2|Gholdengo|
|poke|p2|Incineroar, M|
|poke|p2|Basculegion, M|
|poke|p2|Kingambit, M|
|teampreview
|inactive|Battle timer is ON: inactive players will automatically lose when time's up. (requested by Raijin Zerachu)
|
|t:|1779639220
|teamsize|p1|6
|teamsize|p2|6
|start
|switch|p1a: Zipdeus|Kilowattrel, M|100/100
|switch|p2a: Walking Wake|Walking Wake|100/100
|-enditem|p2a: Walking Wake|Booster Energy
|-activate|p2a: Walking Wake|ability: Protosynthesis|[fromitem]
|-start|p2a: Walking Wake|protosynthesisspe
|turn|1
|
|t:|1779639240
|switch|p1a: Amy Rose|Tinkaton, F|100/100
|-ability|p1a: Amy Rose|Mold Breaker
|-item|p1a: Amy Rose|Air Balloon
|move|p2a: Walking Wake|Dragon Pulse|p1a: Amy Rose
|-immune|p1a: Amy Rose
|
|upkeep
|turn|2
|
|t:|1779639250
|-terastallize|p2a: Walking Wake|Water
|move|p2a: Walking Wake|Flamethrower|p1a: Amy Rose
|-supereffective|p1a: Amy Rose
|-damage|p1a: Amy Rose|61/100
|-enditem|p1a: Amy Rose|Air Balloon
|move|p1a: Amy Rose|Thunder Wave|p2a: Walking Wake
|-status|p2a: Walking Wake|par
|
|upkeep
|turn|3
|
|t:|1779639261
|move|p2a: Walking Wake|Surf|p1a: Amy Rose
|-damage|p1a: Amy Rose|20/100
|move|p1a: Amy Rose|Stealth Rock|p2a: Walking Wake
|-sidestart|p2: ZA.122|move: Stealth Rock
|
|upkeep
|turn|4
|
|t:|1779639279
|move|p2a: Walking Wake|Surf|p1a: Amy Rose
|-damage|p1a: Amy Rose|0 fnt
|faint|p1a: Amy Rose
|
|upkeep
|
|t:|1779639290
|switch|p1a: Zipdeus|Kilowattrel, M|100/100
|turn|5
|
|t:|1779639294
|-end|p2a: Walking Wake|Protosynthesis|[silent]
|switch|p2a: Landorus|Landorus-Therian, M|100/100
|-damage|p2a: Landorus|88/100|[from] Stealth Rock
|-ability|p2a: Landorus|Intimidate|boost
|-unboost|p1a: Zipdeus|atk|1
|-ability|p1a: Zipdeus|Competitive|boost
|-boost|p1a: Zipdeus|spa|2
|move|p1a: Zipdeus|Discharge|p2a: Landorus
|-immune|p2a: Landorus
|
|upkeep
|turn|6
|
|t:|1779639305
|move|p2a: Landorus|Rock Slide|p1a: Zipdeus
|-supereffective|p1a: Zipdeus
|-enditem|p1a: Zipdeus|Focus Sash
|-damage|p1a: Zipdeus|1/100
|move|p1a: Zipdeus|Air Slash|p2a: Landorus
|-crit|p2a: Landorus
|-damage|p2a: Landorus|0 fnt
|faint|p2a: Landorus
|
|upkeep
|
|t:|1779639316
|switch|p2a: Kingambit|Kingambit, M|100/100
|-damage|p2a: Kingambit|94/100|[from] Stealth Rock
|-activate|p2a: Kingambit|ability: Supreme Overlord
|-start|p2a: Kingambit|fallen1|[silent]
|turn|7
|
|t:|1779639322
|move|p2a: Kingambit|Sucker Punch||[still]
|-fail|p2a: Kingambit
|move|p1a: Zipdeus|Tailwind|p1a: Zipdeus
|-sidestart|p1: Raijin Zerachu|move: Tailwind
|
|-heal|p2a: Kingambit|100/100|[from] item: Leftovers
|upkeep
|turn|8
|
|t:|1779639329
|switch|p1a: Duck Season|Quaquaval, M|100/100
|move|p2a: Kingambit|Sucker Punch||[still]
|-fail|p2a: Kingambit
|
|upkeep
|turn|9
|
|t:|1779639345
|switch|p1a: Selena Kyle|Meowscarada, F|100/100
|-end|p2a: Kingambit|fallen1|[silent]
|switch|p2a: Gholdengo|Gholdengo|100/100
|-damage|p2a: Gholdengo|94/100|[from] Stealth Rock
|
|upkeep
|turn|10
|
|t:|1779639365
|switch|p2a: Incineroar|Incineroar, M|100/100
|-ability|p2a: Incineroar|Intimidate|boost
|-unboost|p1a: Selena Kyle|atk|1
|move|p1a: Selena Kyle|U-turn|p2a: Incineroar
|-start|p1a: Selena Kyle|typechange|Bug|[from] ability: Protean
|-damage|p2a: Incineroar|81/100
|
|t:|1779639373
|switch|p1a: Duck Season|Quaquaval, M|100/100|[from] U-turn
|
|-sideend|p1: Raijin Zerachu|move: Tailwind
|upkeep
|turn|11
|
|t:|1779639379
|move|p2a: Incineroar|Fake Out|p1a: Duck Season
|-damage|p1a: Duck Season|87/100
|cant|p1a: Duck Season|flinch
|
|upkeep
|turn|12
|
|t:|1779639385
|move|p1a: Duck Season|Aqua Step|p2a: Incineroar
|-supereffective|p2a: Incineroar
|-damage|p2a: Incineroar|12/100
|-boost|p1a: Duck Season|spe|1
|move|p2a: Incineroar|Knock Off|p1a: Duck Season
|-resisted|p1a: Duck Season
|-damage|p1a: Duck Season|61/100
|-enditem|p1a: Duck Season|Heavy-Duty Boots|[from] move: Knock Off|[of] p2a: Incineroar
|
|upkeep
|turn|13
|
|t:|1779639399
|switch|p2a: Gholdengo|Gholdengo|94/100
|-damage|p2a: Gholdengo|88/100|[from] Stealth Rock
|move|p1a: Duck Season|Aqua Step|p2a: Gholdengo
|-damage|p2a: Gholdengo|39/100
|-boost|p1a: Duck Season|spe|1
|
|upkeep
|turn|14
|
|t:|1779639410
|move|p1a: Duck Season|Aqua Step|p2a: Gholdengo
|-damage|p2a: Gholdengo|0 fnt
|-boost|p1a: Duck Season|spe|1
|faint|p2a: Gholdengo
|-ability|p1a: Duck Season|Moxie|boost
|-boost|p1a: Duck Season|atk|1
|
|upkeep
|
|t:|1779639418
|switch|p2a: Kingambit|Kingambit, M|100/100
|-damage|p2a: Kingambit|94/100|[from] Stealth Rock
|-activate|p2a: Kingambit|ability: Supreme Overlord
|-start|p2a: Kingambit|fallen2|[silent]
|turn|15
|
|t:|1779639424
|move|p2a: Kingambit|Sucker Punch|p1a: Duck Season
|-resisted|p1a: Duck Season
|-damage|p1a: Duck Season|26/100
|move|p1a: Duck Season|Close Combat|p2a: Kingambit
|-supereffective|p2a: Kingambit
|-damage|p2a: Kingambit|0 fnt
|-unboost|p1a: Duck Season|def|1
|-unboost|p1a: Duck Season|spd|1
|faint|p2a: Kingambit
|-end|p2a: Kingambit|fallen2|[silent]
|-ability|p1a: Duck Season|Moxie|boost
|-boost|p1a: Duck Season|atk|1
|
|upkeep
|
|t:|1779639435
|switch|p2a: Incineroar|Incineroar, M|12/100
|-ability|p2a: Incineroar|Intimidate|boost
|-unboost|p1a: Duck Season|atk|1
|turn|16
|
|t:|1779639446
|move|p2a: Incineroar|Fake Out|p1a: Duck Season
|-damage|p1a: Duck Season|3/100
|cant|p1a: Duck Season|flinch
|
|upkeep
|turn|17
|
|t:|1779639452
|switch|p2a: Walking Wake|Walking Wake, tera:Water|100/100 par
|-damage|p2a: Walking Wake|88/100 par|[from] Stealth Rock
|move|p1a: Duck Season|Aqua Step|p2a: Walking Wake
|-resisted|p2a: Walking Wake
|-damage|p2a: Walking Wake|53/100 par
|-boost|p1a: Duck Season|spe|1
|
|upkeep
|turn|18
|
|t:|1779639465
|move|p1a: Duck Season|Close Combat|p2a: Walking Wake
|-damage|p2a: Walking Wake|0 fnt
|-unboost|p1a: Duck Season|def|1
|-unboost|p1a: Duck Season|spd|1
|faint|p2a: Walking Wake
|-end|p2a: Walking Wake|Protosynthesis|[silent]
|-ability|p1a: Duck Season|Moxie|boost
|-boost|p1a: Duck Season|atk|1
|
|upkeep
|
|t:|1779639473
|switch|p2a: Incineroar|Incineroar, M|12/100
|-ability|p2a: Incineroar|Intimidate|boost
|-unboost|p1a: Duck Season|atk|1
|turn|19
|
|t:|1779639478
|move|p2a: Incineroar|Fake Out|p1a: Duck Season
|-damage|p1a: Duck Season|0 fnt
|faint|p1a: Duck Season
|
|upkeep
|c|☆Raijin Zerachu|idk y u dont send bascu, water/ghost walls my water/fighting
|inactive|Raijin Zerachu has 120 seconds left.
|
|t:|1779639511
|switch|p1a: Zipdeus|Kilowattrel, M|1/100
|turn|20
|
|t:|1779639521
|move|p1a: Zipdeus|Discharge|p2a: Incineroar
|-damage|p2a: Incineroar|0 fnt
|faint|p2a: Incineroar
|
|upkeep
|
|t:|1779639527
|switch|p2a: Basculegion|Basculegion, M|100/100
|-damage|p2a: Basculegion|88/100|[from] Stealth Rock
|turn|21
|
|t:|1779639535
|move|p2a: Basculegion|Wave Crash|p1a: Zipdeus
|-damage|p1a: Zipdeus|0 fnt
|faint|p1a: Zipdeus
|-damage|p2a: Basculegion|88/100|[from] Recoil
|
|upkeep
|
|t:|1779639545
|switch|p1a: Selena Kyle|Meowscarada, F|100/100
|turn|22
|
|t:|1779639549
|move|p1a: Selena Kyle|Flower Trick|p2a: Basculegion
|-start|p1a: Selena Kyle|typechange|Grass|[from] ability: Protean
|-supereffective|p2a: Basculegion
|-crit|p2a: Basculegion
|-damage|p2a: Basculegion|0 fnt
|faint|p2a: Basculegion
|
|win|Raijin Zerachu
|raw|Raijin Zerachu's rating: 1343 &rarr; <strong>1364</strong><br />(+21 for winning)
|raw|ZA.122's rating: 1364 &rarr; <strong>1343</strong><br />(-21 for losing)
|c|☆Raijin Zerachu|gg
|l|☆ZA.122
|player|p2|
|l|☆Raijin Zerachu
|player|p1|
