|j|☆Nickthenickthenick
|j|☆rebefzreet
|t:|1779607224
|gametype|singles
|player|p1|Nickthenickthenick|2|1308
|player|p2|rebefzreet|101|1331
|gen|9
|tier|[Gen 9] OU
|rated|
|rule|HP Percentage Mod: HP is shown in percentages
|rule|Endless Battle Clause: Forcing endless battles is banned
|rule|Species Clause: Limit one of each Pokémon
|rule|OHKO Clause: OHKO moves are banned
|rule|Evasion Items Clause: Evasion items are banned
|rule|Evasion Moves Clause: Evasion moves are banned
|rule|Evasion Abilities Clause: Evasion abilities are banned
|rule|Sleep Moves Clause: Sleep-inducing moves are banned
|clearpoke
|poke|p1|Raikou|
|poke|p1|Entei|
|poke|p1|Suicune|
|poke|p1|Tyranitar, M|
|poke|p1|Porygon2|
|poke|p1|Espeon, M|
|poke|p2|Zapdos|
|poke|p2|Zangoose, M|
|poke|p2|Gholdengo|
|poke|p2|Latias, F|
|poke|p2|Weavile, M|
|poke|p2|Deoxys-Speed|
|teampreview
|inactive|Battle timer is ON: inactive players will automatically lose when time's up. (requested by rebefzreet)
|
|t:|1779607245
|teamsize|p1|6
|teamsize|p2|6
|start
|switch|p1a: Tyranitar|Tyranitar, M|100/100
|switch|p2a: Deoxys|Deoxys-Speed|100/100
|-ability|p2a: Deoxys|Pressure
|-weather|Sandstorm|[from] ability: Sand Stream|[of] p1a: Tyranitar
|turn|1
|
|t:|1779607250
|move|p2a: Deoxys|Stealth Rock|p1a: Tyranitar
|-sidestart|p1: Nickthenickthenick|move: Stealth Rock
|move|p1a: Tyranitar|Knock Off|p2a: Deoxys
|-supereffective|p2a: Deoxys
|-enditem|p2a: Deoxys|Focus Sash
|-damage|p2a: Deoxys|1/100
|
|-weather|Sandstorm|[upkeep]
|-damage|p2a: Deoxys|0 fnt|[from] Sandstorm
|faint|p2a: Deoxys
|upkeep
|
|t:|1779607257
|switch|p2a: Weavile|Weavile, M|100/100
|turn|2
|
|t:|1779607262
|move|p2a: Weavile|Low Kick|p1a: Tyranitar
|-supereffective|p1a: Tyranitar
|-damage|p1a: Tyranitar|0 fnt
|faint|p1a: Tyranitar
|
|-weather|Sandstorm|[upkeep]
|-damage|p2a: Weavile|94/100|[from] Sandstorm
|upkeep
|
|t:|1779607268
|switch|p1a: Entei|Entei|100/100
|-ability|p1a: Entei|Pressure
|turn|3
|
|t:|1779607274
|switch|p2a: Latias|Latias, F|100/100
|move|p1a: Entei|Sacred Fire|p2a: Latias
|-resisted|p2a: Latias
|-damage|p2a: Latias|77/100
|-status|p2a: Latias|brn
|
|-weather|Sandstorm|[upkeep]
|-damage|p1a: Entei|94/100|[from] Sandstorm
|-damage|p2a: Latias|71/100 brn|[from] Sandstorm
|-heal|p2a: Latias|77/100 brn|[from] item: Leftovers
|-damage|p2a: Latias|71/100 brn|[from] brn
|upkeep
|turn|4
|
|t:|1779607283
|switch|p1a: Suicune|Suicune|100/100
|-damage|p1a: Suicune|88/100|[from] Stealth Rock
|-ability|p1a: Suicune|Pressure
|move|p2a: Latias|Thunder Wave|p1a: Suicune
|-status|p1a: Suicune|par
|
|-weather|Sandstorm|[upkeep]
|-damage|p2a: Latias|65/100 brn|[from] Sandstorm
|-damage|p1a: Suicune|82/100 par|[from] Sandstorm
|-heal|p2a: Latias|71/100 brn|[from] item: Leftovers
|-heal|p1a: Suicune|88/100 par|[from] item: Leftovers
|-damage|p2a: Latias|65/100 brn|[from] brn
|upkeep
|turn|5
|
|t:|1779607287
|move|p2a: Latias|Recover|p2a: Latias
|-heal|p2a: Latias|100/100 brn
|move|p1a: Suicune|Calm Mind|p1a: Suicune
|-boost|p1a: Suicune|spa|1
|-boost|p1a: Suicune|spd|1
|
|-weather|none
|-heal|p1a: Suicune|94/100 par|[from] item: Leftovers
|-damage|p2a: Latias|94/100 brn|[from] brn
|upkeep
|turn|6
|
|t:|1779607291
|move|p2a: Latias|Mist Ball|p1a: Suicune
|-damage|p1a: Suicune|77/100 par
|move|p1a: Suicune|Calm Mind|p1a: Suicune
|-boost|p1a: Suicune|spa|1
|-boost|p1a: Suicune|spd|1
|
|-heal|p2a: Latias|100/100 brn|[from] item: Leftovers
|-heal|p1a: Suicune|83/100 par|[from] item: Leftovers
|-damage|p2a: Latias|94/100 brn|[from] brn
|upkeep
|turn|7
|
|t:|1779607296
|move|p2a: Latias|Mist Ball|p1a: Suicune
|-damage|p1a: Suicune|70/100 par
|-unboost|p1a: Suicune|spa|1
|cant|p1a: Suicune|par
|
|-heal|p2a: Latias|100/100 brn|[from] item: Leftovers
|-heal|p1a: Suicune|76/100 par|[from] item: Leftovers
|-damage|p2a: Latias|94/100 brn|[from] brn
|upkeep
|turn|8
|
|t:|1779607298
|move|p2a: Latias|Mist Ball|p1a: Suicune
|-damage|p1a: Suicune|62/100 par
|-unboost|p1a: Suicune|spa|1
|cant|p1a: Suicune|par
|
|-heal|p2a: Latias|100/100 brn|[from] item: Leftovers
|-heal|p1a: Suicune|68/100 par|[from] item: Leftovers
|-damage|p2a: Latias|94/100 brn|[from] brn
|upkeep
|turn|9
|
|t:|1779607301
|move|p2a: Latias|Mist Ball|p1a: Suicune
|-damage|p1a: Suicune|54/100 par
|move|p1a: Suicune|Substitute|p1a: Suicune
|-start|p1a: Suicune|Substitute
|-damage|p1a: Suicune|29/100 par
|
|-heal|p2a: Latias|100/100 brn|[from] item: Leftovers
|-heal|p1a: Suicune|36/100 par|[from] item: Leftovers
|-damage|p2a: Latias|94/100 brn|[from] brn
|upkeep
|turn|10
|
|t:|1779607307
|move|p2a: Latias|Draco Meteor|p1a: Suicune
|-crit|p1a: Suicune
|-end|p1a: Suicune|Substitute
|-unboost|p2a: Latias|spa|2
|move|p1a: Suicune|Calm Mind|p1a: Suicune
|-boost|p1a: Suicune|spa|1
|-boost|p1a: Suicune|spd|1
|
|-heal|p2a: Latias|100/100 brn|[from] item: Leftovers
|-heal|p1a: Suicune|42/100 par|[from] item: Leftovers
|-damage|p2a: Latias|94/100 brn|[from] brn
|upkeep
|turn|11
|
|t:|1779607311
|move|p2a: Latias|Draco Meteor|p1a: Suicune
|-damage|p1a: Suicune|34/100 par
|-unboost|p2a: Latias|spa|2
|move|p1a: Suicune|Substitute|p1a: Suicune
|-start|p1a: Suicune|Substitute
|-damage|p1a: Suicune|9/100 par
|
|-heal|p2a: Latias|100/100 brn|[from] item: Leftovers
|-heal|p1a: Suicune|15/100 par|[from] item: Leftovers
|-damage|p2a: Latias|94/100 brn|[from] brn
|upkeep
|turn|12
|
|t:|1779607323
|move|p2a: Latias|Draco Meteor|p1a: Suicune
|-activate|p1a: Suicune|move: Substitute|[damage]
|-unboost|p2a: Latias|spa|2
|cant|p1a: Suicune|par
|
|-heal|p2a: Latias|100/100 brn|[from] item: Leftovers
|-heal|p1a: Suicune|21/100 par|[from] item: Leftovers
|-damage|p2a: Latias|94/100 brn|[from] brn
|upkeep
|turn|13
|
|t:|1779607329
|switch|p2a: Weavile|Weavile, M|94/100
|cant|p1a: Suicune|par
|
|-heal|p1a: Suicune|27/100 par|[from] item: Leftovers
|upkeep
|turn|14
|
|t:|1779607332
|move|p2a: Weavile|Triple Axel|p1a: Suicune
|-resisted|p1a: Suicune
|-activate|p1a: Suicune|move: Substitute|[damage]
|-resisted|p1a: Suicune
|-activate|p1a: Suicune|move: Substitute|[damage]
|-resisted|p1a: Suicune
|-end|p1a: Suicune|Substitute
|-hitcount|p1a: Suicune|3
|move|p1a: Suicune|Ice Beam|p2a: Weavile
|-resisted|p2a: Weavile
|-damage|p2a: Weavile|75/100
|
|-heal|p1a: Suicune|33/100 par|[from] item: Leftovers
|upkeep
|turn|15
|
|t:|1779607341
|move|p2a: Weavile|Triple Axel|p1a: Suicune
|-resisted|p1a: Suicune
|-damage|p1a: Suicune|27/100 par
|-resisted|p1a: Suicune
|-damage|p1a: Suicune|16/100 par
|-resisted|p1a: Suicune
|-damage|p1a: Suicune|0 fnt
|faint|p1a: Suicune
|-hitcount|p1: Suicune|3
|
|upkeep
|c|☆Nickthenickthenick|so lol
|
|t:|1779607361
|switch|p1a: Entei|Entei|94/100
|-ability|p1a: Entei|Pressure
|turn|16
|
|t:|1779607365
|switch|p2a: Latias|Latias, F|94/100 brn
|move|p1a: Entei|Sacred Fire|p2a: Latias
|-resisted|p2a: Latias
|-damage|p2a: Latias|70/100 brn
|
|-heal|p2a: Latias|76/100 brn|[from] item: Leftovers
|-damage|p2a: Latias|70/100 brn|[from] brn
|upkeep
|turn|17
|
|t:|1779607381
|switch|p1a: Raikou|Raikou|100/100
|-damage|p1a: Raikou|88/100|[from] Stealth Rock
|-ability|p1a: Raikou|Pressure
|move|p2a: Latias|Recover|p2a: Latias
|-heal|p2a: Latias|100/100 brn
|
|-heal|p1a: Raikou|94/100|[from] item: Leftovers
|-damage|p2a: Latias|94/100 brn|[from] brn
|upkeep
|turn|18
|
|t:|1779607387
|switch|p2a: Gholdengo|Gholdengo|100/100
|move|p1a: Raikou|Calm Mind|p1a: Raikou
|-boost|p1a: Raikou|spa|1
|-boost|p1a: Raikou|spd|1
|
|-heal|p1a: Raikou|100/100|[from] item: Leftovers
|upkeep
|turn|19
|
|t:|1779607394
|move|p1a: Raikou|Discharge|p2a: Gholdengo
|-damage|p2a: Gholdengo|40/100
|-status|p2a: Gholdengo|par
|move|p2a: Gholdengo|Nasty Plot|p2a: Gholdengo
|-boost|p2a: Gholdengo|spa|2
|
|upkeep
|turn|20
|
|t:|1779607402
|move|p1a: Raikou|Discharge|p2a: Gholdengo
|-damage|p2a: Gholdengo|0 fnt
|faint|p2a: Gholdengo
|
|upkeep
|
|t:|1779607415
|switch|p2a: Latias|Latias, F|94/100 brn
|turn|21
|
|t:|1779607421
|move|p1a: Raikou|Substitute|p1a: Raikou
|-start|p1a: Raikou|Substitute
|-damage|p1a: Raikou|76/100
|move|p2a: Latias|Draco Meteor|p1a: Raikou
|-end|p1a: Raikou|Substitute
|-unboost|p2a: Latias|spa|2
|
|-heal|p1a: Raikou|82/100|[from] item: Leftovers
|-heal|p2a: Latias|100/100 brn|[from] item: Leftovers
|-damage|p2a: Latias|94/100 brn|[from] brn
|upkeep
|turn|22
|
|t:|1779607427
|switch|p2a: Weavile|Weavile, M|75/100
|move|p1a: Raikou|Substitute|p1a: Raikou
|-start|p1a: Raikou|Substitute
|-damage|p1a: Raikou|57/100
|
|-heal|p1a: Raikou|63/100|[from] item: Leftovers
|upkeep
|turn|23
|
|t:|1779607435
|-terastallize|p1a: Raikou|Water
|move|p2a: Weavile|Triple Axel|p1a: Raikou
|-resisted|p1a: Raikou
|-activate|p1a: Raikou|move: Substitute|[damage]
|-resisted|p1a: Raikou
|-end|p1a: Raikou|Substitute
|-resisted|p1a: Raikou
|-damage|p1a: Raikou|35/100
|-hitcount|p1a: Raikou|3
|move|p1a: Raikou|Discharge|p2a: Weavile
|-damage|p2a: Weavile|0 fnt
|faint|p2a: Weavile
|
|-heal|p1a: Raikou|41/100|[from] item: Leftovers
|upkeep
|
|t:|1779607448
|switch|p2a: Zapdos|Zapdos, shiny|100/100
|turn|24
|
|t:|1779607454
|move|p1a: Raikou|Scald|p2a: Zapdos
|-damage|p2a: Zapdos|47/100
|-status|p2a: Zapdos|brn
|move|p2a: Zapdos|Volt Switch|p1a: Raikou
|-supereffective|p1a: Raikou
|-damage|p1a: Raikou|4/100
|
|t:|1779607461
|switch|p2a: Zangoose|Zangoose, M|100/100|[from] Volt Switch
|
|-heal|p1a: Raikou|10/100|[from] item: Leftovers
|-status|p2a: Zangoose|tox|[from] item: Toxic Orb
|upkeep
|turn|25
|
|t:|1779607465
|move|p2a: Zangoose|Quick Attack|p1a: Raikou
|-damage|p1a: Raikou|0 fnt
|faint|p1a: Raikou
|
|-damage|p2a: Zangoose|95/100 tox|[from] psn
|upkeep
|
|t:|1779607472
|switch|p1a: Porygon2|Porygon2|100/100
|-damage|p1a: Porygon2|88/100|[from] Stealth Rock
|-ability|p1a: Porygon2|Toxic Boost|Trace|[from] ability: Trace|[of] p2a: Zangoose
|turn|26
|
|t:|1779607479
|-terastallize|p2a: Zangoose|Normal
|move|p2a: Zangoose|Facade|p1a: Porygon2
|-damage|p1a: Porygon2|26/100
|move|p1a: Porygon2|Foul Play|p2a: Zangoose
|-damage|p2a: Zangoose|43/100 tox
|
|-damage|p2a: Zangoose|31/100 tox|[from] psn
|upkeep
|turn|27
|
|t:|1779607489
|move|p2a: Zangoose|Facade|p1a: Porygon2
|-damage|p1a: Porygon2|0 fnt
|faint|p1a: Porygon2
|
|-damage|p2a: Zangoose|13/100 tox|[from] psn
|upkeep
|
|t:|1779607492
|switch|p1a: Entei|Entei|94/100
|-ability|p1a: Entei|Pressure
|turn|28
|
|t:|1779607496
|switch|p2a: Latias|Latias, F|94/100 brn
|move|p1a: Entei|Extreme Speed|p2a: Latias
|-damage|p2a: Latias|68/100 brn
|
|-heal|p2a: Latias|74/100 brn|[from] item: Leftovers
|-damage|p2a: Latias|68/100 brn|[from] brn
|upkeep
|turn|29
|
|t:|1779607510
|switch|p1a: Espeon|Espeon, M|100/100
|move|p2a: Latias|Thunder Wave|p1a: Espeon
|move|p1a: Espeon|Thunder Wave||[from] ability: Magic Bounce|[still]
|-fail|p1a: Espeon
|
|-heal|p2a: Latias|74/100 brn|[from] item: Leftovers
|-damage|p2a: Latias|68/100 brn|[from] brn
|upkeep
|turn|30
|
|t:|1779607521
|move|p1a: Espeon|Psychic Noise|p2a: Latias
|-resisted|p2a: Latias
|-damage|p2a: Latias|53/100 brn
|-start|p2a: Latias|move: Heal Block
|cant|p2a: Latias|move: Heal Block|Recover
|
|-damage|p2a: Latias|47/100 brn|[from] brn
|upkeep
|turn|31
|
|t:|1779607529
|switch|p2a: Zapdos|Zapdos, shiny|47/100 brn
|move|p1a: Espeon|Psychic Noise|p2a: Zapdos
|-damage|p2a: Zapdos|12/100 brn
|-start|p2a: Zapdos|move: Heal Block
|
|-damage|p2a: Zapdos|6/100 brn|[from] brn
|upkeep
|turn|32
|
|t:|1779607538
|move|p1a: Espeon|Psyshock|p2a: Zapdos
|-damage|p2a: Zapdos|0 fnt
|faint|p2a: Zapdos
|
|upkeep
|
|t:|1779607540
|switch|p2a: Zangoose|Zangoose, M, tera:Normal|13/100 tox
|turn|33
|
|t:|1779607545
|move|p2a: Zangoose|Quick Attack|p1a: Espeon
|-damage|p1a: Espeon|29/100
|move|p1a: Espeon|Alluring Voice|p2a: Zangoose
|-damage|p2a: Zangoose|0 fnt
|faint|p2a: Zangoose
|
|upkeep
|-message|rebefzreet forfeited.
|
|win|Nickthenickthenick
|raw|Nickthenickthenick's rating: 1308 &rarr; <strong>1329</strong><br />(+21 for winning)
|raw|rebefzreet's rating: 1331 &rarr; <strong>1310</strong><br />(-21 for losing)
|l|☆rebefzreet
|player|p2|
|l|☆Nickthenickthenick
|player|p1|
