|j|☆whisperingcloth
|j|☆fly casanova
|t:|1779672056
|gametype|singles
|player|p1|whisperingcloth|169|1685
|player|p2|fly casanova|gamer-gen3|1603
|gen|9
|tier|[Gen 9] OU
|rated|
|rule|HP Percentage Mod: HP is shown in percentages
|rule|Endless Battle Clause: Forcing endless battles is banned
|rule|Species Clause: Limit one of each Pokémon
|rule|OHKO Clause: OHKO moves are banned
|rule|Evasion Items Clause: Evasion items are banned
|rule|Evasion Moves Clause: Evasion moves are banned
|rule|Evasion Abilities Clause: Evasion abilities are banned
|rule|Sleep Moves Clause: Sleep-inducing moves are banned
|clearpoke
|poke|p1|Scizor, F|
|poke|p1|Deoxys-Speed|
|poke|p1|Garganacl, F|
|poke|p1|Kyurem|
|poke|p1|Great Tusk|
|poke|p1|Zapdos|
|poke|p2|Tornadus-Therian, M|
|poke|p2|Okidogi, M|
|poke|p2|Ogerpon, F|
|poke|p2|Slowking-Galar, M|
|poke|p2|Great Tusk|
|poke|p2|Ceruledge, M|
|teampreview
|inactive|Battle timer is ON: inactive players will automatically lose when time's up. (requested by whisperingcloth)
|
|t:|1779672068
|teamsize|p1|6
|teamsize|p2|6
|start
|switch|p1a: Zapdos|Zapdos|100/100
|switch|p2a: Ceruledge|Ceruledge, M|100/100
|turn|1
|
|t:|1779672092
|switch|p2a: Slowking|Slowking-Galar, M|100/100
|move|p1a: Zapdos|Volt Switch|p2a: Slowking
|-damage|p2a: Slowking|85/100
|
|t:|1779672097
|switch|p1a: Scizor|Scizor, F|100/100|[from] Volt Switch
|
|upkeep
|turn|2
|
|t:|1779672103
|switch|p2a: Great Tusk|Great Tusk|100/100
|move|p1a: Scizor|Knock Off|p2a: Great Tusk
|-resisted|p2a: Great Tusk
|-damage|p2a: Great Tusk|83/100
|-damage|p1a: Scizor|84/100|[from] item: Rocky Helmet|[of] p2a: Great Tusk
|-enditem|p2a: Great Tusk|Rocky Helmet|[from] move: Knock Off|[of] p1a: Scizor
|
|upkeep
|turn|3
|
|t:|1779672106
|switch|p1a: Zapdos|Zapdos|100/100
|move|p2a: Great Tusk|Stealth Rock|p1a: Zapdos
|-sidestart|p1: whisperingcloth|move: Stealth Rock
|
|upkeep
|turn|4
|
|t:|1779672111
|-end|p2a: Great Tusk|Protosynthesis|[silent]
|switch|p2a: Slowking|Slowking-Galar, M|100/100
|move|p1a: Zapdos|Volt Switch|p2a: Slowking
|-damage|p2a: Slowking|82/100
|
|t:|1779672113
|switch|p1a: Scizor|Scizor, F|84/100|[from] Volt Switch
|-damage|p1a: Scizor|72/100|[from] Stealth Rock
|
|upkeep
|turn|5
|
|t:|1779672116
|switch|p2a: Great Tusk|Great Tusk|83/100
|move|p1a: Scizor|U-turn|p2a: Great Tusk
|-resisted|p2a: Great Tusk
|-crit|p2a: Great Tusk
|-damage|p2a: Great Tusk|55/100
|
|t:|1779672127
|switch|p1a: Zapdos|Zapdos|100/100|[from] U-turn
|
|upkeep
|turn|6
|
|t:|1779672131
|-end|p2a: Great Tusk|Protosynthesis|[silent]
|switch|p2a: Slowking|Slowking-Galar, M|100/100
|move|p1a: Zapdos|Hurricane|p2a: Slowking|[miss]
|-miss|p1a: Zapdos|p2a: Slowking
|
|upkeep
|turn|7
|
|t:|1779672136
|move|p1a: Zapdos|Thunder Wave|p2a: Slowking|[miss]
|-miss|p1a: Zapdos|p2a: Slowking
|move|p2a: Slowking|Future Sight|p1a: Zapdos
|-start|p2a: Slowking|move: Future Sight
|
|upkeep
|turn|8
|
|t:|1779672139
|move|p1a: Zapdos|Thunder Wave|p2a: Slowking
|-status|p2a: Slowking|par
|-prepare|p2a: Slowking|Chilly Reception|[premajor]
|move|p2a: Slowking|Chilly Reception|p2a: Slowking
|-weather|Snowscape
|
|t:|1779672148
|switch|p2a: Ceruledge|Ceruledge, M|100/100|[from] Chilly Reception
|
|-weather|Snowscape|[upkeep]
|upkeep
|turn|9
|
|t:|1779672151
|move|p2a: Ceruledge|Swords Dance|p2a: Ceruledge
|-boost|p2a: Ceruledge|atk|2
|move|p1a: Zapdos|Thunder Wave|p2a: Ceruledge
|-status|p2a: Ceruledge|par
|
|-weather|Snowscape|[upkeep]
|-end|p1a: Zapdos|move: Future Sight
|-damage|p1a: Zapdos|56/100
|upkeep
|turn|10
|
|t:|1779672156
|move|p1a: Zapdos|Volt Switch|p2a: Ceruledge
|-damage|p2a: Ceruledge|66/100 par
|
|t:|1779672158
|switch|p1a: Great Tusk|Great Tusk|100/100|[from] Volt Switch
|move|p2a: Ceruledge|Poltergeist|p1a: Great Tusk
|-activate|p1a: Great Tusk|move: Poltergeist|Heavy-Duty Boots
|-damage|p1a: Great Tusk|0 fnt
|faint|p1a: Great Tusk
|-end|p1a: Great Tusk|Protosynthesis|[silent]
|-damage|p2a: Ceruledge|57/100 par|[from] item: Life Orb
|
|-weather|Snowscape|[upkeep]
|upkeep
|
|t:|1779672171
|switch|p1a: Kyurem|Kyurem|100/100
|-damage|p1a: Kyurem|76/100|[from] Stealth Rock
|-ability|p1a: Kyurem|Pressure
|turn|11
|
|t:|1779672176
|move|p1a: Kyurem|Dragon Dance|p1a: Kyurem
|-boost|p1a: Kyurem|atk|1
|-boost|p1a: Kyurem|spe|1
|move|p2a: Ceruledge|Bitter Blade|p1a: Kyurem
|-damage|p1a: Kyurem|0 fnt
|-heal|p2a: Ceruledge|100/100 par|[from] drain|[of] p1a: Kyurem
|faint|p1a: Kyurem
|-damage|p2a: Ceruledge|91/100 par|[from] item: Life Orb
|
|-weather|Snowscape|[upkeep]
|upkeep
|
|t:|1779672181
|switch|p1a: Scizor|Scizor, F|72/100
|-damage|p1a: Scizor|59/100|[from] Stealth Rock
|turn|12
|
|t:|1779672183
|move|p2a: Ceruledge|Shadow Sneak|p1a: Scizor
|-damage|p1a: Scizor|0 fnt
|faint|p1a: Scizor
|-damage|p2a: Ceruledge|81/100 par|[from] item: Life Orb
|
|-weather|none
|upkeep
|
|t:|1779672188
|switch|p1a: Zapdos|Zapdos|56/100
|turn|13
|
|t:|1779672192
|move|p2a: Ceruledge|Shadow Sneak|p1a: Zapdos
|-damage|p1a: Zapdos|20/100
|-damage|p2a: Ceruledge|71/100 par|[from] item: Life Orb
|move|p1a: Zapdos|Hurricane|p2a: Ceruledge
|-damage|p2a: Ceruledge|14/100 par
|
|upkeep
|turn|14
|
|t:|1779672196
|move|p2a: Ceruledge|Shadow Sneak|p1a: Zapdos
|-damage|p1a: Zapdos|0 fnt
|faint|p1a: Zapdos
|-damage|p2a: Ceruledge|4/100 par|[from] item: Life Orb
|
|upkeep
|
|t:|1779672199
|switch|p1a: Garganacl|Garganacl, F|100/100
|-damage|p1a: Garganacl|88/100|[from] Stealth Rock
|turn|15
|
|t:|1779672201
|move|p1a: Garganacl|Protect|p1a: Garganacl
|-singleturn|p1a: Garganacl|Protect
|move|p2a: Ceruledge|Bitter Blade|p1a: Garganacl
|-activate|p1a: Garganacl|move: Protect
|
|-heal|p1a: Garganacl|94/100|[from] item: Leftovers
|upkeep
|turn|16
|
|t:|1779672204
|move|p2a: Ceruledge|Bitter Blade|p1a: Garganacl
|-resisted|p1a: Garganacl
|-damage|p1a: Garganacl|56/100
|-heal|p2a: Ceruledge|31/100 par|[from] drain|[of] p1a: Garganacl
|-damage|p2a: Ceruledge|21/100 par|[from] item: Life Orb
|move|p1a: Garganacl|Salt Cure|p2a: Ceruledge
|-supereffective|p2a: Ceruledge
|-damage|p2a: Ceruledge|0 fnt
|faint|p2a: Ceruledge
|
|-heal|p1a: Garganacl|62/100|[from] item: Leftovers
|upkeep
|
|t:|1779672208
|switch|p2a: Ogerpon|Ogerpon, F|100/100
|turn|17
|
|t:|1779672212
|move|p2a: Ogerpon|Ivy Cudgel|p1a: Garganacl
|-supereffective|p1a: Garganacl
|-crit|p1a: Garganacl
|-damage|p1a: Garganacl|0 fnt
|faint|p1a: Garganacl
|
|upkeep
|-message|whisperingcloth forfeited.
|
|win|fly casanova
|raw|whisperingcloth's rating: 1685 &rarr; <strong>1660</strong><br />(-25 for losing)
|raw|fly casanova's rating: 1603 &rarr; <strong>1628</strong><br />(+25 for winning)
