|j|☆encore21768768
|j|☆Abyssal Bot
|t:|1779628848
|gametype|singles
|player|p1|encore21768768|266|
|player|p2|Abyssal Bot|supernerd|
|teamsize|p1|6
|teamsize|p2|6
|gen|9
|tier|[Gen 9] OU
|rule|Species Clause: Limit one of each Pokémon
|rule|OHKO Clause: OHKO moves are banned
|rule|Evasion Items Clause: Evasion items are banned
|rule|Evasion Moves Clause: Evasion moves are banned
|rule|Endless Battle Clause: Forcing endless battles is banned
|rule|HP Percentage Mod: HP is shown in percentages
|rule|Sleep Moves Clause: Sleep-inducing moves are banned
|clearpoke
|poke|p1|Clefable, F|
|poke|p1|Kommo-o, F|
|poke|p1|Deoxys-Speed|
|poke|p1|Arboliva, M|
|poke|p1|Dragalge, M|
|poke|p1|Ogerpon, F|
|poke|p2|Skarmory, M|
|poke|p2|Ting-Lu|
|poke|p2|Zamazenta-*|
|poke|p2|Weavile, M|
|poke|p2|Kyurem|
|poke|p2|Slowking-Galar, F|
|teampreview
|c|☆Abyssal Bot|**WARNING**: Expect much hax.
|inactive|Battle timer is ON: inactive players will automatically lose when time's up. (requested by Abyssal Bot)
|j|*Turbo Bottttt
|
|t:|1779628850
|start
|switch|p1a: financial|Deoxys-Speed|100/100
|switch|p2a: Kyurem|Kyurem|100/100
|-ability|p1a: financial|Pressure
|-ability|p2a: Kyurem|Pressure
|turn|1
|
|t:|1779628854
|move|p1a: financial|Stealth Rock|p2a: Kyurem
|-sidestart|p2: Abyssal Bot|move: Stealth Rock
|move|p2a: Kyurem|Ice Beam|p1a: financial
|-damage|p1a: financial|25/100
|
|upkeep
|turn|2
|
|t:|1779628868
|move|p1a: financial|Stealth Rock||[still]
|-fail|p1a: financial
|move|p2a: Kyurem|Ice Beam|p1a: financial
|-damage|p1a: financial|0
|faint|p1a: financial
|
|upkeep
|
|t:|1779628875
|switch|p1a: i know|Dragalge, M|100/100
|turn|3
|
|t:|1779628876
|move|p2a: Kyurem|Ice Beam|p1a: i know
|-supereffective|p1a: i know
|-damage|p1a: i know|25/100
|move|p1a: i know|Draco Meteor|p2a: Kyurem
|-supereffective|p2a: Kyurem
|-damage|p2a: Kyurem|0
|-unboost|p1a: i know|spa|2
|faint|p2a: Kyurem
|
|upkeep
|
|t:|1779628876
|switch|p2a: Skarmory|Skarmory, M|100/100
|-damage|p2a: Skarmory|88/100|[from] Stealth Rock|[of] p1: financial
|turn|4
|
|t:|1779628885
|switch|p1a: the idea|Arboliva, M|100/100
|move|p2a: Skarmory|Brave Bird|p1a: the idea
|-supereffective|p1a: the idea
|-damage|p1a: the idea|49/100
|-fieldstart|move: Grassy Terrain|[from] ability: Seed Sower|[of] p1a: the idea
|-damage|p2a: Skarmory|70/100|[from] Recoil
|
|-heal|p1a: the idea|55/100|[from] Grassy Terrain
|upkeep
|turn|5
|
|t:|1779628886
|move|p2a: Skarmory|Brave Bird|p1a: the idea
|-supereffective|p1a: the idea
|-damage|p1a: the idea|2/100
|-damage|p2a: Skarmory|52/100|[from] Recoil
|move|p1a: the idea|Leech Seed|p2a: Skarmory
|-start|p2a: Skarmory|move: Leech Seed
|
|-heal|p1a: the idea|8/100|[from] Grassy Terrain
|-damage|p2a: Skarmory|39/100|[from] Leech Seed|[of] p1a: the idea
|-heal|p1a: the idea|20/100|[silent]
|upkeep
|turn|6
|
|t:|1779628889
|move|p2a: Skarmory|Brave Bird|p1a: the idea
|-supereffective|p1a: the idea
|-damage|p1a: the idea|0
|faint|p1a: the idea
|-damage|p2a: Skarmory|32/100|[from] Recoil
|
|upkeep
|
|t:|1779628902
|switch|p1a: coconut|Kommo-o, F|100/100
|turn|7
|
|t:|1779628904
|move|p1a: coconut|Clangorous Soul|p1a: coconut
|-boost|p1a: coconut|atk|1
|-boost|p1a: coconut|def|1
|-boost|p1a: coconut|spa|1
|-boost|p1a: coconut|spd|1
|-boost|p1a: coconut|spe|1
|-damage|p1a: coconut|68/100
|move|p2a: Skarmory|Stealth Rock|p1a: coconut
|-sidestart|p1: encore21768768|move: Stealth Rock
|
|-heal|p1a: coconut|74/100|[from] Grassy Terrain
|-damage|p2a: Skarmory|20/100|[from] Leech Seed|[of] p1a: coconut
|-heal|p1a: coconut|86/100|[silent]
|upkeep
|turn|8
|
|t:|1779628906
|switch|p2a: Slowking|Slowking-Galar, F|100/100
|move|p1a: coconut|Flamethrower|p2a: Slowking
|-damage|p2a: Slowking|78/100
|-damage|p1a: coconut|76/100|[from] item: Life Orb
|
|-heal|p1a: coconut|82/100|[from] Grassy Terrain
|-heal|p2a: Slowking|85/100|[from] Grassy Terrain
|upkeep
|turn|9
|
|t:|1779628909
|move|p1a: coconut|Ice Punch|p2a: Slowking
|-damage|p2a: Slowking|49/100
|-damage|p1a: coconut|72/100|[from] item: Life Orb
|move|p2a: Slowking|Future Sight|p1a: coconut
|-start|p2a: Slowking|move: Future Sight
|
|-heal|p1a: coconut|78/100|[from] Grassy Terrain
|-heal|p2a: Slowking|55/100|[from] Grassy Terrain
|upkeep
|turn|10
|
|t:|1779628913
|move|p1a: coconut|Ice Punch|p2a: Slowking
|-damage|p2a: Slowking|18/100
|-damage|p1a: coconut|68/100|[from] item: Life Orb
|move|p2a: Slowking|Future Sight||[still]
|-fail|p2a: Slowking
|
|-heal|p1a: coconut|75/100|[from] Grassy Terrain
|-heal|p2a: Slowking|24/100|[from] Grassy Terrain
|upkeep
|turn|11
|
|t:|1779628922
|move|p1a: coconut|Ice Punch|p2a: Slowking
|-damage|p2a: Slowking|0
|faint|p2a: Slowking
|-damage|p1a: coconut|65/100|[from] item: Life Orb
|
|-end|p1a: coconut|move: Future Sight
|-supereffective|p1a: coconut
|-damage|p1a: coconut|5/100
|-heal|p1a: coconut|12/100|[from] Grassy Terrain
|-fieldend|move: Grassy Terrain
|upkeep
|
|t:|1779628922
|switch|p2a: Skarmory|Skarmory, M|20/100
|-damage|p2a: Skarmory|8/100|[from] Stealth Rock|[of] p1: financial
|turn|12
|
|t:|1779628925
|move|p1a: coconut|Flamethrower|p2a: Skarmory
|-supereffective|p2a: Skarmory
|-damage|p2a: Skarmory|0
|faint|p2a: Skarmory
|-damage|p1a: coconut|2/100|[from] item: Life Orb
|
|upkeep
|
|t:|1779628925
|switch|p2a: Zamazenta|Zamazenta|100/100
|-ability|p2a: Zamazenta|Dauntless Shield|boost
|-boost|p2a: Zamazenta|def|1
|turn|13
|
|t:|1779628928
|move|p1a: coconut|Low Kick|p2a: Zamazenta
|-damage|p2a: Zamazenta|43/100
|-damage|p1a: coconut|0|[from] item: Life Orb
|faint|p1a: coconut
|move|p2a: Zamazenta|Heavy Slam|p1: coconut|[notarget]
|-fail|p2a: Zamazenta
|
|upkeep
|
|t:|1779628935
|switch|p1a: basket|Clefable, F|100/100
|turn|14
|
|t:|1779628937
|move|p2a: Zamazenta|Heavy Slam|p1a: basket
|-supereffective|p1a: basket
|-damage|p1a: basket|33/100
|move|p1a: basket|Moonblast|p2a: Zamazenta
|-supereffective|p2a: Zamazenta
|-damage|p2a: Zamazenta|0
|faint|p2a: Zamazenta
|
|upkeep
|
|t:|1779628937
|switch|p2a: Ting-Lu|Ting-Lu|100/100
|-ability|p2a: Ting-Lu|Vessel of Ruin
|turn|15
|
|t:|1779628945
|move|p1a: basket|Moonlight|p1a: basket
|-heal|p1a: basket|83/100
|move|p2a: Ting-Lu|Earthquake|p1a: basket
|-damage|p1a: basket|52/100
|
|upkeep
|turn|16
|
|t:|1779628947
|move|p1a: basket|Moonlight|p1a: basket
|-heal|p1a: basket|100/100
|move|p2a: Ting-Lu|Earthquake|p1a: basket
|-damage|p1a: basket|74/100
|
|upkeep
|turn|17
|
|t:|1779628949
|move|p1a: basket|Moonlight|p1a: basket
|-heal|p1a: basket|100/100
|move|p2a: Ting-Lu|Spikes|p1a: basket
|-sidestart|p1: encore21768768|Spikes
|
|upkeep
|turn|18
|
|t:|1779628950
|move|p1a: basket|Moonblast|p2a: Ting-Lu
|-supereffective|p2a: Ting-Lu
|-damage|p2a: Ting-Lu|72/100
|-unboost|p2a: Ting-Lu|spa|1
|move|p2a: Ting-Lu|Earthquake|p1a: basket
|-damage|p1a: basket|71/100
|
|upkeep
|turn|19
|
|t:|1779628955
|move|p1a: basket|Moonblast|p2a: Ting-Lu
|-supereffective|p2a: Ting-Lu
|-damage|p2a: Ting-Lu|47/100
|-unboost|p2a: Ting-Lu|spa|1
|move|p2a: Ting-Lu|Spikes|p1a: basket
|-sidestart|p1: encore21768768|Spikes
|
|upkeep
|turn|20
|
|t:|1779628957
|move|p1a: basket|Moonlight|p1a: basket
|-heal|p1a: basket|100/100
|move|p2a: Ting-Lu|Earthquake|p1a: basket
|-damage|p1a: basket|74/100
|
|upkeep
|turn|21
|
|t:|1779628960
|move|p1a: basket|Moonblast|p2a: Ting-Lu
|-supereffective|p2a: Ting-Lu
|-damage|p2a: Ting-Lu|23/100
|move|p2a: Ting-Lu|Earthquake|p1a: basket
|-damage|p1a: basket|46/100
|
|upkeep
|turn|22
|
|t:|1779628963
|move|p1a: basket|Moonlight|p1a: basket
|-heal|p1a: basket|96/100
|move|p2a: Ting-Lu|Earthquake|p1a: basket
|-damage|p1a: basket|67/100
|
|upkeep
|turn|23
|
|t:|1779628969
|switch|p1a: i know|Dragalge, M|25/100
|-damage|p1a: i know|13/100|[from] Stealth Rock|[of] p2: Skarmory
|-damage|p1a: i know|0|[from] Spikes|[of] p2a: Ting-Lu
|faint|p1a: i know
|move|p2a: Ting-Lu|Earthquake|p1: i know|[notarget]
|-fail|p2a: Ting-Lu
|
|upkeep
|
|t:|1779628971
|switch|p1a: circumstances|Ogerpon, F|100/100
|turn|24
|
|t:|1779628973
|switch|p2a: Weavile|Weavile, M|100/100
|move|p1a: circumstances|Trailblaze|p2a: Weavile
|-damage|p2a: Weavile|65/100
|-boost|p1a: circumstances|spe|1
|
|upkeep
|turn|25
|
|t:|1779628975
|move|p2a: Weavile|Ice Shard|p1a: circumstances
|-supereffective|p1a: circumstances
|-damage|p1a: circumstances|56/100
|move|p1a: circumstances|Low Kick|p2a: Weavile
|-supereffective|p2a: Weavile
|-damage|p2a: Weavile|0
|faint|p2a: Weavile
|
|upkeep
|
|t:|1779628975
|switch|p2a: Ting-Lu|Ting-Lu|23/100
|-ability|p2a: Ting-Lu|Vessel of Ruin
|turn|26
|
|t:|1779628978
|move|p1a: circumstances|Trailblaze|p2a: Ting-Lu
|-supereffective|p2a: Ting-Lu
|-damage|p2a: Ting-Lu|0
|-boost|p1a: circumstances|spe|1
|faint|p2a: Ting-Lu
|
|win|encore21768768
|c|☆Abyssal Bot|Well Played.
|l|☆Abyssal Bot
|player|p2|
|l|*Turbo Bottttt
