|j|☆iamashit
|j|☆aceman2798
|t:|1779607258
|gametype|singles
|player|p1|iamashit|102|1466
|player|p2|aceman2798|sada-ai|1569
|gen|9
|tier|[Gen 9] OU
|rated|
|rule|HP Percentage Mod: HP is shown in percentages
|rule|Endless Battle Clause: Forcing endless battles is banned
|rule|Species Clause: Limit one of each Pokémon
|rule|OHKO Clause: OHKO moves are banned
|rule|Evasion Items Clause: Evasion items are banned
|rule|Evasion Moves Clause: Evasion moves are banned
|rule|Evasion Abilities Clause: Evasion abilities are banned
|rule|Sleep Moves Clause: Sleep-inducing moves are banned
|clearpoke
|poke|p1|Dragalge, F|
|poke|p1|Alomomola, M|
|poke|p1|Kingambit, F|
|poke|p1|Great Tusk|
|poke|p1|Enamorus, F|
|poke|p1|Corviknight, M|
|poke|p2|Slither Wing|
|poke|p2|Ninetales, M|
|poke|p2|Raging Bolt|
|poke|p2|Dragapult, F|
|poke|p2|Great Tusk|
|poke|p2|Fezandipiti, M|
|teampreview
|
|t:|1779607312
|teamsize|p1|6
|teamsize|p2|6
|start
|switch|p1a: Dragalge|Dragalge, F|100/100
|switch|p2a: Fezandipiti|Fezandipiti, M|100/100
|turn|1
|
|t:|1779607321
|move|p2a: Fezandipiti|Play Rough|p1a: Dragalge
|-damage|p1a: Dragalge|65/100
|move|p1a: Dragalge|Flip Turn|p2a: Fezandipiti
|-damage|p2a: Fezandipiti|91/100
|
|t:|1779607328
|switch|p1a: Kingambit|Kingambit, F|100/100|[from] Flip Turn
|
|upkeep
|turn|2
|
|t:|1779607340
|move|p2a: Fezandipiti|U-turn|p1a: Kingambit
|-damage|p1a: Kingambit|85/100
|
|t:|1779607343
|switch|p2a: Great Tusk|Great Tusk|100/100|[from] U-turn
|move|p1a: Kingambit|Iron Head|p2a: Great Tusk
|-damage|p2a: Great Tusk|74/100
|
|-heal|p1a: Kingambit|91/100|[from] item: Leftovers
|upkeep
|turn|3
|
|t:|1779607348
|-end|p1a: Kingambit|fallenundefined|[silent]
|switch|p1a: Alomomola|Alomomola, M|100/100
|move|p2a: Great Tusk|Stealth Rock|p1a: Alomomola
|-sidestart|p1: iamashit|move: Stealth Rock
|
|upkeep
|turn|4
|
|t:|1779607357
|move|p2a: Great Tusk|Knock Off|p1a: Alomomola
|-damage|p1a: Alomomola|76/100
|-enditem|p1a: Alomomola|Heavy-Duty Boots|[from] move: Knock Off|[of] p2a: Great Tusk
|move|p1a: Alomomola|Flip Turn|p2a: Great Tusk
|-supereffective|p2a: Great Tusk
|-damage|p2a: Great Tusk|52/100
|
|t:|1779607364
|switch|p1a: Enamorus|Enamorus, F|100/100|[from] Flip Turn
|-damage|p1a: Enamorus|76/100|[from] Stealth Rock
|
|upkeep
|turn|5
|
|t:|1779607371
|-end|p2a: Great Tusk|Protosynthesis|[silent]
|switch|p2a: Fezandipiti|Fezandipiti, M|91/100
|move|p1a: Enamorus|Earth Power|p2a: Fezandipiti
|-supereffective|p2a: Fezandipiti
|-damage|p2a: Fezandipiti|51/100
|-unboost|p2a: Fezandipiti|spd|1
|
|upkeep
|turn|6
|
|t:|1779607380
|switch|p2a: Slither Wing|Slither Wing|100/100
|move|p1a: Enamorus|Earth Power|p2a: Slither Wing
|-resisted|p2a: Slither Wing
|-damage|p2a: Slither Wing|83/100
|
|upkeep
|turn|7
|
|t:|1779607387
|switch|p1a: Corviknight|Corviknight, M|100/100
|-damage|p1a: Corviknight|88/100|[from] Stealth Rock
|-ability|p1a: Corviknight|Pressure
|move|p2a: Slither Wing|U-turn|p1a: Corviknight
|-resisted|p1a: Corviknight
|-crit|p1a: Corviknight
|-damage|p1a: Corviknight|73/100
|-damage|p2a: Slither Wing|67/100|[from] item: Rocky Helmet|[of] p1a: Corviknight
|
|t:|1779607389
|-end|p2a: Slither Wing|Protosynthesis|[silent]
|switch|p2a: Ninetales|Ninetales, M|100/100|[from] U-turn
|-weather|SunnyDay|[from] ability: Drought|[of] p2a: Ninetales
|
|-weather|SunnyDay|[upkeep]
|upkeep
|turn|8
|
|t:|1779607424
|switch|p2a: Raging Bolt|Raging Bolt|100/100
|-activate|p2a: Raging Bolt|ability: Protosynthesis
|-start|p2a: Raging Bolt|protosynthesisspa
|switch|p1a: Dragalge|Dragalge, F|65/100
|-damage|p1a: Dragalge|52/100|[from] Stealth Rock
|
|-weather|SunnyDay|[upkeep]
|upkeep
|turn|9
|
|t:|1779607476
|-terastallize|p1a: Dragalge|Grass
|move|p2a: Raging Bolt|Draco Meteor|p1a: Dragalge|[miss]
|-miss|p2a: Raging Bolt|p1a: Dragalge
|move|p1a: Dragalge|Draco Meteor|p2a: Raging Bolt
|-supereffective|p2a: Raging Bolt
|-damage|p2a: Raging Bolt|0 fnt
|-unboost|p1a: Dragalge|spa|2
|faint|p2a: Raging Bolt
|-end|p2a: Raging Bolt|Protosynthesis|[silent]
|
|-weather|SunnyDay|[upkeep]
|upkeep
|
|t:|1779607488
|switch|p2a: Slither Wing|Slither Wing|67/100
|-activate|p2a: Slither Wing|ability: Protosynthesis
|-start|p2a: Slither Wing|protosynthesisatk
|turn|10
|
|t:|1779607494
|switch|p1a: Alomomola|Alomomola, M|100/100
|-damage|p1a: Alomomola|88/100|[from] Stealth Rock
|move|p2a: Slither Wing|Close Combat|p1a: Alomomola
|-damage|p1a: Alomomola|0 fnt
|-unboost|p2a: Slither Wing|def|1
|-unboost|p2a: Slither Wing|spd|1
|faint|p1a: Alomomola
|
|-weather|SunnyDay|[upkeep]
|upkeep
|
|t:|1779607501
|switch|p1a: Enamorus|Enamorus, F|76/100
|-damage|p1a: Enamorus|51/100|[from] Stealth Rock
|turn|11
|
|t:|1779607519
|-end|p2a: Slither Wing|Protosynthesis|[silent]
|switch|p2a: Fezandipiti|Fezandipiti, M|51/100
|move|p1a: Enamorus|Moonblast|p2a: Fezandipiti
|-resisted|p2a: Fezandipiti
|-damage|p2a: Fezandipiti|33/100
|
|-weather|SunnyDay|[upkeep]
|upkeep
|turn|12
|
|t:|1779607526
|switch|p1a: Kingambit|Kingambit, F|91/100
|-damage|p1a: Kingambit|85/100|[from] Stealth Rock
|-activate|p1a: Kingambit|ability: Supreme Overlord
|-start|p1a: Kingambit|fallen1|[silent]
|move|p2a: Fezandipiti|Roost|p2a: Fezandipiti
|-heal|p2a: Fezandipiti|83/100
|-singleturn|p2a: Fezandipiti|move: Roost
|
|-weather|SunnyDay|[upkeep]
|-heal|p1a: Kingambit|91/100|[from] item: Leftovers
|upkeep
|turn|13
|
|t:|1779607536
|move|p2a: Fezandipiti|U-turn|p1a: Kingambit
|-damage|p1a: Kingambit|77/100
|
|t:|1779607545
|switch|p2a: Ninetales|Ninetales, M|100/100|[from] U-turn
|move|p1a: Kingambit|Iron Head|p2a: Ninetales
|-resisted|p2a: Ninetales
|-damage|p2a: Ninetales|74/100
|
|-weather|SunnyDay|[upkeep]
|-heal|p1a: Kingambit|83/100|[from] item: Leftovers
|upkeep
|turn|14
|
|t:|1779607559
|-end|p1a: Kingambit|fallen1|[silent]
|switch|p1a: Great Tusk|Great Tusk|100/100
|-activate|p1a: Great Tusk|ability: Protosynthesis
|-start|p1a: Great Tusk|protosynthesisatk
|move|p2a: Ninetales|Weather Ball|p1a: Great Tusk
|-damage|p1a: Great Tusk|35/100
|
|-weather|none
|-end|p1a: Great Tusk|Protosynthesis
|upkeep
|turn|15
|
|t:|1779607576
|switch|p2a: Dragapult|Dragapult, F|100/100
|move|p1a: Great Tusk|Stealth Rock|p2a: Dragapult
|-sidestart|p2: aceman2798|move: Stealth Rock
|
|upkeep
|turn|16
|
|t:|1779607590
|-end|p1a: Great Tusk|Protosynthesis|[silent]
|switch|p1a: Corviknight|Corviknight, M|73/100
|-damage|p1a: Corviknight|61/100|[from] Stealth Rock
|-ability|p1a: Corviknight|Pressure
|move|p2a: Dragapult|Fire Blast|p1a: Corviknight
|-supereffective|p1a: Corviknight
|-damage|p1a: Corviknight|0 fnt
|faint|p1a: Corviknight
|-damage|p2a: Dragapult|91/100|[from] item: Life Orb
|
|upkeep
|
|t:|1779607596
|switch|p1a: Enamorus|Enamorus, F|51/100
|-damage|p1a: Enamorus|26/100|[from] Stealth Rock
|turn|17
|
|t:|1779607610
|switch|p2a: Fezandipiti|Fezandipiti, M|83/100
|move|p1a: Enamorus|Moonblast|p2a: Fezandipiti
|-resisted|p2a: Fezandipiti
|-damage|p2a: Fezandipiti|66/100
|
|upkeep
|turn|18
|-message|iamashit forfeited.
|
|win|aceman2798
|raw|iamashit's rating: 1466 &rarr; <strong>1452</strong><br />(-14 for losing)
|raw|aceman2798's rating: 1569 &rarr; <strong>1583</strong><br />(+14 for winning)
|l|☆iamashit
|player|p1|
|l|☆aceman2798
|player|p2|
