|j|☆toptentilts
|j|☆SgtBrick14
|t:|1779600080
|gametype|singles
|player|p1|toptentilts|madame-gen4|1447
|player|p2|SgtBrick14|pokemonranger|1433
|gen|9
|tier|[Gen 9] OU
|rated|
|rule|HP Percentage Mod: HP is shown in percentages
|rule|Endless Battle Clause: Forcing endless battles is banned
|rule|Species Clause: Limit one of each Pokémon
|rule|OHKO Clause: OHKO moves are banned
|rule|Evasion Items Clause: Evasion items are banned
|rule|Evasion Moves Clause: Evasion moves are banned
|rule|Evasion Abilities Clause: Evasion abilities are banned
|rule|Sleep Moves Clause: Sleep-inducing moves are banned
|clearpoke
|poke|p1|Gholdengo|
|poke|p1|Sinistcha|
|poke|p1|Ting-Lu|
|poke|p1|Darkrai|
|poke|p1|Ogerpon-Wellspring, F|
|poke|p1|Iron Treads|
|poke|p2|Hatterene, F|
|poke|p2|Smeargle, F|
|poke|p2|Dragapult, F|
|poke|p2|Gengar, F|
|poke|p2|Minior-Violet|
|poke|p2|Torkoal, F|
|teampreview
|inactive|Battle timer is ON: inactive players will automatically lose when time's up. (requested by toptentilts)
|
|t:|1779600088
|teamsize|p1|6
|teamsize|p2|6
|start
|switch|p1a: Ting-Lu|Ting-Lu|100/100
|switch|p2a: Hatterene|Hatterene, F|100/100
|-ability|p1a: Ting-Lu|Vessel of Ruin
|turn|1
|
|t:|1779600094
|move|p1a: Ting-Lu|Heavy Slam|p2a: Hatterene
|-supereffective|p2a: Hatterene
|-damage|p2a: Hatterene|31/100
|move|p2a: Hatterene|Nuzzle|p1a: Ting-Lu
|-immune|p1a: Ting-Lu
|
|upkeep
|turn|2
|
|t:|1779600096
|move|p1a: Ting-Lu|Heavy Slam|p2a: Hatterene
|-supereffective|p2a: Hatterene
|-damage|p2a: Hatterene|0 fnt
|faint|p2a: Hatterene
|
|upkeep
|
|t:|1779600100
|switch|p2a: Gengar|Gengar, F|100/100
|turn|3
|
|t:|1779600107
|move|p2a: Gengar|Taunt|p1a: Ting-Lu
|-start|p1a: Ting-Lu|move: Taunt
|cant|p1a: Ting-Lu|move: Taunt|Stealth Rock
|
|upkeep
|turn|4
|
|t:|1779600110
|switch|p1a: Darkrai|Darkrai|100/100
|move|p2a: Gengar|Sludge Wave|p1a: Darkrai
|-damage|p1a: Darkrai|25/100
|
|upkeep
|turn|5
|
|t:|1779600112
|move|p1a: Darkrai|Dark Pulse|p2a: Gengar
|-supereffective|p2a: Gengar
|-enditem|p2a: Gengar|Focus Sash
|-damage|p2a: Gengar|1/100
|-start|p1a: Darkrai|Disable|Dark Pulse|[from] ability: Cursed Body|[of] p2a: Gengar
|move|p2a: Gengar|Sludge Wave|p1a: Darkrai
|-damage|p1a: Darkrai|0 fnt
|faint|p1a: Darkrai
|
|upkeep
|
|t:|1779600117
|switch|p1a: Gholdengo|Gholdengo|100/100
|turn|6
|
|t:|1779600119
|move|p1a: Gholdengo|Shadow Ball|p2a: Gengar
|-supereffective|p2a: Gengar
|-damage|p2a: Gengar|0 fnt
|-start|p1a: Gholdengo|Disable|Shadow Ball|[from] ability: Cursed Body|[of] p2a: Gengar
|faint|p2a: Gengar
|
|upkeep
|
|t:|1779600145
|switch|p2a: Smeargle|Smeargle, F|100/100
|turn|7
|
|t:|1779600156
|switch|p1a: Ting-Lu|Ting-Lu|100/100
|-ability|p1a: Ting-Lu|Vessel of Ruin
|move|p2a: Smeargle|Sticky Web|p1a: Ting-Lu
|-sidestart|p1: toptentilts|move: Sticky Web
|
|upkeep
|turn|8
|
|t:|1779600159
|move|p2a: Smeargle|Stealth Rock|p1a: Ting-Lu
|-sidestart|p1: toptentilts|move: Stealth Rock
|move|p1a: Ting-Lu|Stealth Rock|p2a: Smeargle
|-sidestart|p2: SgtBrick14|move: Stealth Rock
|
|upkeep
|turn|9
|
|t:|1779600161
|move|p2a: Smeargle|Tailwind|p2a: Smeargle
|-sidestart|p2: SgtBrick14|move: Tailwind
|move|p1a: Ting-Lu|Spikes|p2a: Smeargle
|-sidestart|p2: SgtBrick14|Spikes
|
|upkeep
|turn|10
|
|t:|1779600173
|switch|p2a: Minior|Minior-Violet|100/100
|-damage|p2a: Minior|76/100|[from] Stealth Rock
|-formechange|p2a: Minior|Minior-Meteor||[from] ability: Shields Down
|move|p1a: Ting-Lu|Whirlwind|p2a: Minior
|drag|p2a: Smeargle|Smeargle, F|100/100
|-damage|p2a: Smeargle|88/100|[from] Stealth Rock
|-damage|p2a: Smeargle|76/100|[from] Spikes
|
|upkeep
|turn|11
|
|t:|1779600182
|switch|p2a: Dragapult|Dragapult, F|100/100
|-damage|p2a: Dragapult|88/100|[from] Stealth Rock
|-damage|p2a: Dragapult|76/100|[from] Spikes
|move|p1a: Ting-Lu|Whirlwind|p2a: Dragapult
|drag|p2a: Torkoal|Torkoal, F|100/100
|-damage|p2a: Torkoal|75/100|[from] Stealth Rock
|-damage|p2a: Torkoal|63/100|[from] Spikes
|-weather|SunnyDay|[from] ability: Drought|[of] p2a: Torkoal
|
|-weather|SunnyDay|[upkeep]
|upkeep
|turn|12
|
|t:|1779600198
|move|p2a: Torkoal|Solar Beam||[still]
|-prepare|p2a: Torkoal|Solar Beam
|-anim|p2a: Torkoal|Solar Beam|p1a: Ting-Lu
|-supereffective|p1a: Ting-Lu
|-damage|p1a: Ting-Lu|55/100
|move|p1a: Ting-Lu|Whirlwind|p2a: Torkoal
|drag|p2a: Minior|Minior-Violet|76/100
|-damage|p2a: Minior|51/100|[from] Stealth Rock
|-formechange|p2a: Minior|Minior-Meteor||[from] ability: Shields Down
|
|-weather|SunnyDay|[upkeep]
|-heal|p1a: Ting-Lu|61/100|[from] item: Leftovers
|-sideend|p2: SgtBrick14|move: Tailwind
|upkeep
|turn|13
|-message|SgtBrick14 forfeited.
|
|win|toptentilts
|raw|toptentilts's rating: 1447 &rarr; <strong>1466</strong><br />(+19 for winning)
|raw|SgtBrick14's rating: 1433 &rarr; <strong>1414</strong><br />(-19 for losing)
|l|☆SgtBrick14
|player|p2|
|l|☆toptentilts
|player|p1|
