|j|☆HTF-Kraken
|j|☆stoopley
|t:|1779629180
|gametype|singles
|player|p1|HTF-Kraken|169|1054
|player|p2|stoopley|lucas|1118
|gen|9
|tier|[Gen 9] OU
|rated|
|rule|HP Percentage Mod: HP is shown in percentages
|rule|Endless Battle Clause: Forcing endless battles is banned
|rule|Species Clause: Limit one of each Pokémon
|rule|OHKO Clause: OHKO moves are banned
|rule|Evasion Items Clause: Evasion items are banned
|rule|Evasion Moves Clause: Evasion moves are banned
|rule|Evasion Abilities Clause: Evasion abilities are banned
|rule|Sleep Moves Clause: Sleep-inducing moves are banned
|clearpoke
|poke|p1|Smeargle, F|
|poke|p1|Moltres-Galar|
|poke|p1|Gholdengo|
|poke|p1|Samurott-Hisui, F|
|poke|p1|Zamazenta-*|
|poke|p1|Deoxys-Speed|
|poke|p2|Dugtrio, M|
|poke|p2|Gothitelle, F|
|poke|p2|Cloyster, M|
|poke|p2|Mienshao, F|
|poke|p2|Staraptor, F|
|poke|p2|Vileplume, M|
|teampreview
|inactive|Battle timer is ON: inactive players will automatically lose when time's up. (requested by stoopley)
|
|t:|1779629190
|teamsize|p1|6
|teamsize|p2|6
|start
|switch|p1a: Samurott|Samurott-Hisui, F|100/100
|switch|p2a: Slapsalot|Mienshao, F, shiny|100/100
|turn|1
|
|t:|1779629196
|switch|p1a: Gholdengo|Gholdengo|100/100
|move|p2a: Slapsalot|Fake Out|p1a: Gholdengo
|-immune|p1a: Gholdengo
|
|upkeep
|turn|2
|
|t:|1779629205
|-terastallize|p2a: Slapsalot|Dark
|move|p1a: Gholdengo|Shadow Ball|p2a: Slapsalot
|-resisted|p2a: Slapsalot
|-damage|p2a: Slapsalot|62/100
|move|p2a: Slapsalot|Knock Off|p1a: Gholdengo
|-supereffective|p1a: Gholdengo
|-damage|p1a: Gholdengo|0 fnt
|-enditem|p1a: Gholdengo|Choice Scarf|[from] move: Knock Off|[of] p2a: Slapsalot
|faint|p1a: Gholdengo
|-damage|p2a: Slapsalot|52/100|[from] item: Life Orb
|
|upkeep
|
|t:|1779629208
|switch|p1a: Samurott|Samurott-Hisui, F|100/100
|turn|3
|
|t:|1779629213
|move|p2a: Slapsalot|U-turn|p1a: Samurott
|-supereffective|p1a: Samurott
|-damage|p1a: Samurott|27/100
|-damage|p2a: Slapsalot|42/100|[from] item: Life Orb
|
|t:|1779629218
|switch|p2a: Bird up|Staraptor, F, shiny|100/100|[from] U-turn
|move|p1a: Samurott|Razor Shell|p2a: Bird up
|-damage|p2a: Bird up|26/100
|
|upkeep
|turn|4
|inactive|HTF-Kraken has 120 seconds left.
|
|t:|1779629254
|move|p2a: Bird up|Double-Edge|p1a: Samurott
|-damage|p1a: Samurott|0 fnt
|faint|p1a: Samurott
|-damage|p2a: Bird up|17/100|[from] Recoil
|
|upkeep
|
|t:|1779629261
|switch|p1a: Zamazenta|Zamazenta|100/100
|-ability|p1a: Zamazenta|Dauntless Shield|boost
|-boost|p1a: Zamazenta|def|1
|turn|5
|
|t:|1779629264
|move|p1a: Zamazenta|Iron Defense|p1a: Zamazenta
|-boost|p1a: Zamazenta|def|2
|move|p2a: Bird up|Double-Edge|p1a: Zamazenta
|-crit|p1a: Zamazenta
|-damage|p1a: Zamazenta|0 fnt
|faint|p1a: Zamazenta
|-damage|p2a: Bird up|0 fnt|[from] Recoil
|faint|p2a: Bird up
|
|upkeep
|-message|HTF-Kraken forfeited.
|
|win|stoopley
|raw|HTF-Kraken's rating: 1054 &rarr; <strong>1039</strong><br />(-15 for losing)
|raw|stoopley's rating: 1118 &rarr; <strong>1138</strong><br />(+20 for winning)
|l|☆HTF-Kraken
|player|p1|
|l|☆stoopley
|player|p2|
