|j|☆Vieux Paresseux
|j|☆dexagon
|t:|1779644681
|gametype|singles
|player|p1|Vieux Paresseux|collector|1365
|player|p2|dexagon|1|1392
|gen|9
|tier|[Gen 9] OU
|rated|
|rule|HP Percentage Mod: HP is shown in percentages
|rule|Endless Battle Clause: Forcing endless battles is banned
|rule|Species Clause: Limit one of each Pokémon
|rule|OHKO Clause: OHKO moves are banned
|rule|Evasion Items Clause: Evasion items are banned
|rule|Evasion Moves Clause: Evasion moves are banned
|rule|Evasion Abilities Clause: Evasion abilities are banned
|rule|Sleep Moves Clause: Sleep-inducing moves are banned
|clearpoke
|poke|p1|Dragonite, M|
|poke|p1|Snorlax, F|
|poke|p1|Lapras, F|
|poke|p1|Moltres|
|poke|p1|Gengar, M|
|poke|p1|Hitmonlee, M|
|poke|p2|Meowscarada, F|
|poke|p2|Garganacl, M|
|poke|p2|Great Tusk|
|poke|p2|Ting-Lu|
|poke|p2|Dondozo, F|
|poke|p2|Volcanion|
|teampreview
|
|t:|1779644685
|teamsize|p1|6
|teamsize|p2|6
|start
|switch|p1a: L'Eau Glace|Lapras, F|100/100
|switch|p2a: Garganacl|Garganacl, M, shiny|100/100
|turn|1
|
|t:|1779644692
|move|p1a: L'Eau Glace|Surf|p2a: Garganacl
|-supereffective|p2a: Garganacl
|-damage|p2a: Garganacl|26/100
|move|p2a: Garganacl|Salt Cure|p1a: L'Eau Glace
|-supereffective|p1a: L'Eau Glace
|-damage|p1a: L'Eau Glace|78/100
|-start|p1a: L'Eau Glace|Salt Cure
|
|-heal|p1a: L'Eau Glace|84/100|[from] item: Leftovers
|-heal|p2a: Garganacl|32/100|[from] item: Leftovers
|-damage|p1a: L'Eau Glace|59/100|[from] Salt Cure
|upkeep
|turn|2
|
|t:|1779644702
|switch|p1a: Hitmonlee|Hitmonlee, M|100/100
|switch|p2a: Volcanion|Volcanion|100/100
|
|upkeep
|turn|3
|
|t:|1779644724
|switch|p2a: Great Tusk|Great Tusk, shiny|100/100
|move|p1a: Hitmonlee|Knock Off|p2a: Great Tusk
|-resisted|p2a: Great Tusk
|-damage|p2a: Great Tusk|92/100
|-enditem|p2a: Great Tusk|Heavy-Duty Boots|[from] move: Knock Off|[of] p1a: Hitmonlee
|
|upkeep
|turn|4
|
|t:|1779644733
|switch|p1a: Fried chicken|Moltres|100/100
|move|p2a: Great Tusk|Earthquake|p1a: Fried chicken
|-immune|p1a: Fried chicken
|
|upkeep
|turn|5
|
|t:|1779644735
|-end|p2a: Great Tusk|Protosynthesis|[silent]
|switch|p2a: Ting-Lu|Ting-Lu, shiny|100/100
|-ability|p2a: Ting-Lu|Vessel of Ruin
|move|p1a: Fried chicken|U-turn|p2a: Ting-Lu
|-supereffective|p2a: Ting-Lu
|-damage|p2a: Ting-Lu|80/100
|
|t:|1779644738
|switch|p1a: Hitmonlee|Hitmonlee, M|100/100|[from] U-turn
|
|-heal|p2a: Ting-Lu|86/100|[from] item: Leftovers
|upkeep
|turn|6
|
|t:|1779644742
|switch|p2a: Great Tusk|Great Tusk, shiny|92/100
|move|p1a: Hitmonlee|High Jump Kick|p2a: Great Tusk
|-damage|p2a: Great Tusk|53/100
|
|upkeep
|turn|7
|
|t:|1779644749
|move|p1a: Hitmonlee|Knock Off|p2a: Great Tusk
|-resisted|p2a: Great Tusk
|-damage|p2a: Great Tusk|47/100
|move|p2a: Great Tusk|Earthquake|p1a: Hitmonlee
|-damage|p1a: Hitmonlee|0 fnt
|faint|p1a: Hitmonlee
|
|upkeep
|
|t:|1779644756
|switch|p1a: Gengar|Gengar, M|100/100
|turn|8
|
|t:|1779644760
|-end|p2a: Great Tusk|Protosynthesis|[silent]
|switch|p2a: Ting-Lu|Ting-Lu, shiny|86/100
|-ability|p2a: Ting-Lu|Vessel of Ruin
|move|p1a: Gengar|Shadow Ball|p2a: Ting-Lu
|-resisted|p2a: Ting-Lu
|-damage|p2a: Ting-Lu|77/100
|
|-heal|p2a: Ting-Lu|83/100|[from] item: Leftovers
|upkeep
|turn|9
|
|t:|1779644763
|switch|p1a: Fat Cat|Snorlax, F|100/100
|move|p2a: Ting-Lu|Stealth Rock|p1a: Fat Cat
|-sidestart|p1: Vieux Paresseux|move: Stealth Rock
|
|-heal|p2a: Ting-Lu|90/100|[from] item: Leftovers
|upkeep
|turn|10
|
|t:|1779644766
|switch|p2a: Garganacl|Garganacl, M, shiny|32/100
|move|p1a: Fat Cat|Body Slam|p2a: Garganacl
|-resisted|p2a: Garganacl
|-damage|p2a: Garganacl|21/100
|
|-heal|p2a: Garganacl|27/100|[from] item: Leftovers
|upkeep
|turn|11
|
|t:|1779644769
|move|p2a: Garganacl|Recover|p2a: Garganacl
|-heal|p2a: Garganacl|77/100
|move|p1a: Fat Cat|Earthquake|p2a: Garganacl
|-supereffective|p2a: Garganacl
|-damage|p2a: Garganacl|40/100
|
|-heal|p2a: Garganacl|46/100|[from] item: Leftovers
|upkeep
|turn|12
|-message|Vieux Paresseux forfeited.
|
|win|dexagon
|raw|Vieux Paresseux's rating: 1365 &rarr; <strong>1347</strong><br />(-18 for losing)
|raw|dexagon's rating: 1392 &rarr; <strong>1410</strong><br />(+18 for winning)
|l|☆Vieux Paresseux
|player|p1|
