|j|☆dw junkie
|j|☆fheiughe
|t:|1779631103
|gametype|singles
|player|p1|dw junkie|169|1245
|player|p2|fheiughe|102|1299
|gen|9
|tier|[Gen 9] OU
|rated|
|rule|HP Percentage Mod: HP is shown in percentages
|rule|Endless Battle Clause: Forcing endless battles is banned
|rule|Species Clause: Limit one of each Pokémon
|rule|OHKO Clause: OHKO moves are banned
|rule|Evasion Items Clause: Evasion items are banned
|rule|Evasion Moves Clause: Evasion moves are banned
|rule|Evasion Abilities Clause: Evasion abilities are banned
|rule|Sleep Moves Clause: Sleep-inducing moves are banned
|clearpoke
|poke|p1|Meowscarada, F|
|poke|p1|Samurott-Hisui, M|
|poke|p1|Blaziken, M|
|poke|p1|Rillaboom, M|
|poke|p1|Delphox, M|
|poke|p1|Blastoise, M|
|poke|p2|Hawlucha, F|
|poke|p2|Samurott-Hisui, F|
|poke|p2|Rillaboom, F|
|poke|p2|Gholdengo|
|poke|p2|Kyurem|
|poke|p2|Landorus-Therian, M|
|teampreview
|inactive|Battle timer is ON: inactive players will automatically lose when time's up. (requested by dw junkie)
|
|t:|1779631119
|teamsize|p1|6
|teamsize|p2|6
|start
|switch|p1a: Delphox|Delphox, M|100/100
|switch|p2a: Gholdengo|Gholdengo|100/100
|turn|1
|
|t:|1779631130
|move|p2a: Gholdengo|Shadow Ball|p1a: Delphox
|-supereffective|p1a: Delphox
|-damage|p1a: Delphox|5/100
|-enditem|p1a: Delphox|Aguav Berry|[eat]
|-heal|p1a: Delphox|38/100|[from] item: Aguav Berry
|move|p1a: Delphox|Flamethrower|p2a: Gholdengo
|-supereffective|p2a: Gholdengo
|-damage|p2a: Gholdengo|0 fnt
|faint|p2a: Gholdengo
|-item|p1a: Delphox|Choice Scarf|[from] ability: Magician|[of] p2: Gholdengo
|
|upkeep
|
|t:|1779631144
|switch|p2a: Samurott|Samurott-Hisui, F|100/100
|turn|2
|
|t:|1779631147
|switch|p1a: Blastoise|Blastoise, M|100/100
|move|p2a: Samurott|Ceaseless Edge|p1a: Blastoise
|-damage|p1a: Blastoise|64/100
|-sidestart|p1: dw junkie|Spikes
|
|-heal|p1a: Blastoise|70/100|[from] item: Leftovers
|upkeep
|turn|3
|
|t:|1779631158
|move|p2a: Samurott|Ceaseless Edge|p1a: Blastoise
|-damage|p1a: Blastoise|34/100
|-sidestart|p1: dw junkie|Spikes
|move|p1a: Blastoise|Rapid Spin|p2a: Samurott
|-damage|p2a: Samurott|91/100
|-boost|p1a: Blastoise|spe|1
|-sideend|p1: dw junkie|Spikes|[from] move: Rapid Spin|[of] p1a: Blastoise
|
|-heal|p1a: Blastoise|40/100|[from] item: Leftovers
|upkeep
|turn|4
|
|t:|1779631169
|move|p1a: Blastoise|Flip Turn|p2a: Samurott
|-resisted|p2a: Samurott
|-damage|p2a: Samurott|81/100
|
|t:|1779631179
|switch|p1a: Samurott|Samurott-Hisui, M|100/100|[from] Flip Turn
|move|p2a: Samurott|Ceaseless Edge|p1a: Samurott
|-resisted|p1a: Samurott
|-damage|p1a: Samurott|76/100
|-sidestart|p1: dw junkie|Spikes
|
|upkeep
|turn|5
|
|t:|1779631190
|switch|p2a: Landorus|Landorus-Therian, M|100/100
|-ability|p2a: Landorus|Intimidate|boost
|-unboost|p1a: Samurott|atk|1
|move|p1a: Samurott|Razor Shell|p2a: Landorus
|-supereffective|p2a: Landorus
|-damage|p2a: Landorus|29/100
|-unboost|p2a: Landorus|def|1
|-damage|p1a: Samurott|59/100|[from] item: Rocky Helmet|[of] p2a: Landorus
|
|upkeep
|turn|6
|
|t:|1779631201
|move|p1a: Samurott|Aqua Jet|p2a: Landorus
|-supereffective|p2a: Landorus
|-damage|p2a: Landorus|0 fnt
|-damage|p1a: Samurott|43/100|[from] item: Rocky Helmet|[of] p2a: Landorus
|faint|p2a: Landorus
|
|upkeep
|
|t:|1779631222
|switch|p2a: Kyurem|Kyurem|100/100
|-ability|p2a: Kyurem|Pressure
|turn|7
|
|t:|1779631226
|move|p2a: Kyurem|Freeze-Dry|p1a: Samurott
|-supereffective|p1a: Samurott
|-damage|p1a: Samurott|0 fnt
|faint|p1a: Samurott
|
|upkeep
|
|t:|1779631242
|switch|p1a: Delphox|Delphox, M|38/100
|-damage|p1a: Delphox|26/100|[from] Spikes
|turn|8
|
|t:|1779631247
|move|p1a: Delphox|Encore|p2a: Kyurem
|-start|p2a: Kyurem|Encore
|move|p2a: Kyurem|Freeze-Dry|p1a: Delphox
|-resisted|p1a: Delphox
|-damage|p1a: Delphox|5/100
|
|upkeep
|turn|9
|
|t:|1779631257
|switch|p1a: Blaziken|Blaziken, M|100/100
|-damage|p1a: Blaziken|88/100|[from] Spikes
|switch|p2a: Samurott|Samurott-Hisui, F|81/100
|
|upkeep
|turn|10
|
|t:|1779631267
|-terastallize|p2a: Samurott|Poison
|move|p1a: Blaziken|Close Combat|p2a: Samurott
|-resisted|p2a: Samurott
|-damage|p2a: Samurott|43/100
|-unboost|p1a: Blaziken|def|1
|-unboost|p1a: Blaziken|spd|1
|move|p2a: Samurott|Flip Turn|p1a: Blaziken
|-supereffective|p1a: Blaziken
|-damage|p1a: Blaziken|0 fnt
|faint|p1a: Blaziken
|
|t:|1779631282
|switch|p2a: Kyurem|Kyurem|100/100|[from] Flip Turn
|-ability|p2a: Kyurem|Pressure
|
|upkeep
|
|t:|1779631297
|switch|p1a: Blastoise|Blastoise, M|40/100
|-damage|p1a: Blastoise|27/100|[from] Spikes
|turn|11
|
|t:|1779631317
|move|p1a: Blastoise|Protect|p1a: Blastoise
|-singleturn|p1a: Blastoise|Protect
|move|p2a: Kyurem|Freeze-Dry|p1a: Blastoise
|-activate|p1a: Blastoise|move: Protect
|
|-heal|p1a: Blastoise|33/100|[from] item: Leftovers
|upkeep
|turn|12
|
|t:|1779631334
|move|p2a: Kyurem|Freeze-Dry|p1a: Blastoise
|-supereffective|p1a: Blastoise
|-damage|p1a: Blastoise|0 fnt
|faint|p1a: Blastoise
|
|upkeep
|inactive|dw junkie has 120 seconds left.
|
|t:|1779631359
|switch|p1a: Meowscarada|Meowscarada, F|100/100
|-damage|p1a: Meowscarada|88/100|[from] Spikes
|turn|13
|
|t:|1779631374
|switch|p2a: Rillaboom|Rillaboom, F|100/100
|-fieldstart|move: Grassy Terrain|[from] ability: Grassy Surge|[of] p2a: Rillaboom
|move|p1a: Meowscarada|Triple Axel|p2a: Rillaboom|[miss]
|-start|p1a: Meowscarada|typechange|Ice|[from] ability: Protean
|-miss|p1a: Meowscarada|p2a: Rillaboom
|
|-heal|p1a: Meowscarada|94/100|[from] Grassy Terrain
|upkeep
|turn|14
|
|t:|1779631391
|switch|p2a: Samurott|Samurott-Hisui, F, tera:Poison|43/100
|move|p1a: Meowscarada|Triple Axel|p2a: Samurott
|-damage|p2a: Samurott|27/100
|-damage|p2a: Samurott|0 fnt
|faint|p2a: Samurott
|-hitcount|p2: Samurott|2
|
|-heal|p1a: Meowscarada|100/100|[from] Grassy Terrain
|upkeep
|
|t:|1779631403
|switch|p2a: Kyurem|Kyurem|100/100
|-ability|p2a: Kyurem|Pressure
|turn|15
|
|t:|1779631408
|move|p1a: Meowscarada|Triple Axel|p2a: Kyurem|[miss]
|-miss|p1a: Meowscarada|p2a: Kyurem
|move|p2a: Kyurem|Focus Blast|p1a: Meowscarada
|-supereffective|p1a: Meowscarada
|-crit|p1a: Meowscarada
|-damage|p1a: Meowscarada|0 fnt
|faint|p1a: Meowscarada
|
|upkeep
|
|t:|1779631417
|switch|p1a: Delphox|Delphox, M|5/100
|-damage|p1a: Delphox|0 fnt|[from] Spikes
|faint|p1a: Delphox
|
|t:|1779631421
|switch|p1a: Rillaboom|Rillaboom, M|100/100
|-damage|p1a: Rillaboom|88/100|[from] Spikes
|turn|16
|
|t:|1779631430
|move|p2a: Kyurem|Ice Beam|p1a: Rillaboom
|-supereffective|p1a: Rillaboom
|-damage|p1a: Rillaboom|0 fnt
|faint|p1a: Rillaboom
|
|win|fheiughe
|raw|dw junkie's rating: 1245 &rarr; <strong>1224</strong><br />(-21 for losing)
|raw|fheiughe's rating: 1299 &rarr; <strong>1320</strong><br />(+21 for winning)
|l|☆dw junkie
|player|p1|
