|j|☆my 100lb pug
|j|☆Slashutu
|t:|1779567779
|gametype|singles
|player|p1|my 100lb pug|101|1596
|player|p2|Slashutu|265|1590
|gen|9
|tier|[Gen 9] OU
|rated|
|rule|HP Percentage Mod: HP is shown in percentages
|rule|Endless Battle Clause: Forcing endless battles is banned
|rule|Species Clause: Limit one of each Pokémon
|rule|OHKO Clause: OHKO moves are banned
|rule|Evasion Items Clause: Evasion items are banned
|rule|Evasion Moves Clause: Evasion moves are banned
|rule|Evasion Abilities Clause: Evasion abilities are banned
|rule|Sleep Moves Clause: Sleep-inducing moves are banned
|clearpoke
|poke|p1|Iron Crown|
|poke|p1|Raging Bolt|
|poke|p1|Samurott-Hisui, F|
|poke|p1|Hatterene, F|
|poke|p1|Great Tusk|
|poke|p1|Kyurem|
|poke|p2|Hatterene, F|
|poke|p2|Ursaluna, M|
|poke|p2|Porygon2|
|poke|p2|Cresselia, F|
|poke|p2|Iron Hands|
|poke|p2|Volcanion|
|teampreview
|j| cappie648
|
|t:|1779567789
|teamsize|p1|6
|teamsize|p2|6
|start
|switch|p1a: Iron Crown|Iron Crown|100/100
|switch|p2a: Mann|Ursaluna, M|100/100
|turn|1
|
|t:|1779567801
|-end|p1a: Iron Crown|Quark Drive|[silent]
|switch|p1a: Great Tusk|Great Tusk|100/100
|move|p2a: Mann|Protect||[still]
|-fail|p2a: Mann
|
|-status|p2a: Mann|brn|[from] item: Flame Orb
|upkeep
|turn|2
|
|t:|1779567805
|-terastallize|p2a: Mann|Normal
|move|p1a: Great Tusk|Knock Off|p2a: Mann
|-damage|p2a: Mann|80/100 brn
|-enditem|p2a: Mann|Flame Orb|[from] move: Knock Off|[of] p1a: Great Tusk
|move|p2a: Mann|Facade|p1a: Great Tusk
|-damage|p1a: Great Tusk|0 fnt
|faint|p1a: Great Tusk
|-end|p1a: Great Tusk|Protosynthesis|[silent]
|
|-damage|p2a: Mann|74/100 brn|[from] brn
|upkeep
|
|t:|1779567812
|switch|p1a: Kyurem|Kyurem|100/100
|-ability|p1a: Kyurem|Pressure
|turn|3
|
|t:|1779567817
|move|p1a: Kyurem|Icicle Spear|p2a: Mann
|-damage|p2a: Mann|64/100 brn
|-damage|p2a: Mann|55/100 brn
|-damage|p2a: Mann|45/100 brn
|-crit|p2a: Mann
|-damage|p2a: Mann|32/100 brn
|-crit|p2a: Mann
|-damage|p2a: Mann|18/100 brn
|-hitcount|p2a: Mann|5
|move|p2a: Mann|Facade|p1a: Kyurem
|-damage|p1a: Kyurem|0 fnt
|faint|p1a: Kyurem
|
|-damage|p2a: Mann|12/100 brn|[from] brn
|upkeep
|
|t:|1779567822
|switch|p1a: Samurott|Samurott-Hisui, F|100/100
|turn|4
|
|t:|1779567834
|switch|p2a: TARS|Porygon2|100/100
|-ability|p2a: TARS|Download|boost
|-boost|p2a: TARS|spa|1
|move|p1a: Samurott|Ceaseless Edge|p2a: TARS
|-damage|p2a: TARS|72/100
|-sidestart|p2: Slashutu|Spikes
|
|upkeep
|turn|5
|
|t:|1779567838
|move|p1a: Samurott|Ceaseless Edge|p2a: TARS
|-damage|p2a: TARS|43/100
|-sidestart|p2: Slashutu|Spikes
|move|p2a: TARS|Trick Room|p2a: TARS
|-fieldstart|move: Trick Room|[of] p2a: TARS
|
|upkeep
|turn|6
|
|t:|1779567843
|switch|p1a: Hatterene|Hatterene, F|100/100
|move|p2a: TARS|Tri Attack|p1a: Hatterene
|-damage|p1a: Hatterene|56/100
|-status|p1a: Hatterene|par
|
|upkeep
|turn|7
|
|t:|1779567851
|move|p1a: Hatterene|Draining Kiss|p2a: TARS
|-damage|p2a: TARS|22/100
|-heal|p1a: Hatterene|75/100 par|[from] drain|[of] p2a: TARS
|move|p2a: TARS|Hyper Beam|p1a: Hatterene
|-crit|p1a: Hatterene
|-damage|p1a: Hatterene|0 fnt
|-mustrecharge|p2a: TARS
|faint|p1a: Hatterene
|
|upkeep
|
|t:|1779567859
|switch|p1a: Iron Crown|Iron Crown|100/100
|turn|8
|
|t:|1779567863
|cant|p2a: TARS|recharge
|move|p1a: Iron Crown|Calm Mind|p1a: Iron Crown
|-boost|p1a: Iron Crown|spa|1
|-boost|p1a: Iron Crown|spd|1
|
|upkeep
|turn|9
|
|t:|1779567871
|switch|p2a: Mann|Ursaluna, M, tera:Normal|12/100 brn
|-damage|p2a: Mann|0 fnt|[from] Spikes
|faint|p2a: Mann
|move|p1a: Iron Crown|Calm Mind|p1a: Iron Crown
|-boost|p1a: Iron Crown|spa|1
|-boost|p1a: Iron Crown|spd|1
|
|-fieldend|move: Trick Room
|upkeep
|
|t:|1779567876
|switch|p2a: Miller|Cresselia, F, shiny|100/100
|turn|10
|
|t:|1779567881
|move|p1a: Iron Crown|Tachyon Cutter|p2a: Miller
|-damage|p2a: Miller|77/100
|-damage|p2a: Miller|48/100
|-hitcount|p2a: Miller|2
|move|p2a: Miller|Trick Room|p2a: Miller
|-fieldstart|move: Trick Room|[of] p2a: Miller
|
|upkeep
|turn|11
|
|t:|1779567888
|move|p2a: Miller|Lunar Dance|p2a: Miller
|faint|p2a: Miller
|move|p1a: Iron Crown|Calm Mind|p1a: Iron Crown
|-boost|p1a: Iron Crown|spa|1
|-boost|p1a: Iron Crown|spd|1
|
|upkeep
|
|t:|1779567894
|switch|p2a: Saturn|Volcanion|100/100
|-damage|p2a: Saturn|84/100|[from] Spikes
|turn|12
|
|t:|1779567912
|-terastallize|p1a: Iron Crown|Dark
|move|p2a: Saturn|Flamethrower|p1a: Iron Crown
|-damage|p1a: Iron Crown|76/100
|move|p1a: Iron Crown|Calm Mind|p1a: Iron Crown
|-boost|p1a: Iron Crown|spa|1
|-boost|p1a: Iron Crown|spd|1
|
|-heal|p1a: Iron Crown|82/100|[from] item: Leftovers
|upkeep
|turn|13
|
|t:|1779567918
|move|p2a: Saturn|Flamethrower|p1a: Iron Crown
|-damage|p1a: Iron Crown|58/100
|move|p1a: Iron Crown|Calm Mind|p1a: Iron Crown
|-boost|p1a: Iron Crown|spa|1
|-boost|p1a: Iron Crown|spd|1
|
|-heal|p1a: Iron Crown|64/100|[from] item: Leftovers
|upkeep
|turn|14
|
|t:|1779567921
|move|p2a: Saturn|Flamethrower|p1a: Iron Crown
|-crit|p1a: Iron Crown
|-damage|p1a: Iron Crown|0 fnt
|faint|p1a: Iron Crown
|-end|p1a: Iron Crown|Quark Drive|[silent]
|
|-fieldend|move: Trick Room
|upkeep
|
|t:|1779567925
|switch|p1a: Raging Bolt|Raging Bolt|100/100
|-enditem|p1a: Raging Bolt|Booster Energy
|-activate|p1a: Raging Bolt|ability: Protosynthesis|[fromitem]
|-start|p1a: Raging Bolt|protosynthesisspa
|turn|15
|
|t:|1779567938
|switch|p2a: TARS|Porygon2|22/100
|-heal|p2a: TARS|100/100|[from] move: Lunar Dance
|-damage|p2a: TARS|84/100|[from] Spikes
|-ability|p2a: TARS|Download|boost
|-boost|p2a: TARS|spa|1
|move|p1a: Raging Bolt|Calm Mind|p1a: Raging Bolt
|-boost|p1a: Raging Bolt|spa|1
|-boost|p1a: Raging Bolt|spd|1
|
|upkeep
|turn|16
|
|t:|1779567942
|move|p1a: Raging Bolt|Dragon Pulse|p2a: TARS
|-crit|p2a: TARS
|-damage|p2a: TARS|0 fnt
|faint|p2a: TARS
|
|upkeep
|
|t:|1779567948
|switch|p2a: CASE|Iron Hands|100/100
|-damage|p2a: CASE|84/100|[from] Spikes
|-enditem|p2a: CASE|Booster Energy
|-activate|p2a: CASE|ability: Quark Drive|[fromitem]
|-start|p2a: CASE|quarkdriveatk
|turn|17
|
|t:|1779567954
|move|p1a: Raging Bolt|Dragon Pulse|p2a: CASE
|-damage|p2a: CASE|0 fnt
|faint|p2a: CASE
|-end|p2a: CASE|Quark Drive|[silent]
|
|upkeep
|
|t:|1779567958
|switch|p2a: Brand|Hatterene, F, shiny|100/100
|-damage|p2a: Brand|84/100|[from] Spikes
|turn|18
|
|t:|1779567968
|move|p1a: Raging Bolt|Calm Mind|p1a: Raging Bolt
|-boost|p1a: Raging Bolt|spa|1
|-boost|p1a: Raging Bolt|spd|1
|move|p2a: Brand|Trick Room|p2a: Brand
|-fieldstart|move: Trick Room|[of] p2a: Brand
|
|upkeep
|turn|19
|
|t:|1779567971
|move|p1a: Raging Bolt|Thunderclap|p2a: Brand
|-crit|p2a: Brand
|-damage|p2a: Brand|0 fnt
|faint|p2a: Brand
|
|upkeep
|-message|Slashutu forfeited.
|
|win|my 100lb pug
|raw|my 100lb pug's rating: 1596 &rarr; <strong>1616</strong><br />(+20 for winning)
|raw|Slashutu's rating: 1590 &rarr; <strong>1570</strong><br />(-20 for losing)
|l|☆Slashutu
|player|p2|
|l|☆my 100lb pug
|player|p1|
|l| cappie648
