|j|☆psylxr
|j|‽daytime_lunar
|t:|1779661351
|gametype|singles
|player|p1|psylxr|102|1617
|player|p2|daytime_lunar|wattson|1657
|gen|9
|tier|[Gen 9] OU
|rated|
|rule|HP Percentage Mod: HP is shown in percentages
|rule|Endless Battle Clause: Forcing endless battles is banned
|rule|Species Clause: Limit one of each Pokémon
|rule|OHKO Clause: OHKO moves are banned
|rule|Evasion Items Clause: Evasion items are banned
|rule|Evasion Moves Clause: Evasion moves are banned
|rule|Evasion Abilities Clause: Evasion abilities are banned
|rule|Sleep Moves Clause: Sleep-inducing moves are banned
|clearpoke
|poke|p1|Pelipper, M|
|poke|p1|Raging Bolt|
|poke|p1|Overqwil, M|
|poke|p1|Barraskewda, F|
|poke|p1|Iron Treads|
|poke|p1|Kingambit, M|
|poke|p2|Tinkaton, F|
|poke|p2|Raging Bolt|
|poke|p2|Ogerpon, F|
|poke|p2|Moltres|
|poke|p2|Great Tusk|
|poke|p2|Pecharunt|
|teampreview
|inactive|Battle timer is ON: inactive players will automatically lose when time's up. (requested by daytime_lunar)
|
|t:|1779661362
|teamsize|p1|6
|teamsize|p2|6
|start
|switch|p1a: Iron Treads|Iron Treads|100/100
|switch|p2a: Raging Bolt|Raging Bolt|100/100
|-enditem|p1a: Iron Treads|Booster Energy
|-activate|p1a: Iron Treads|ability: Quark Drive|[fromitem]
|-start|p1a: Iron Treads|quarkdrivespe
|turn|1
|
|t:|1779661380
|-end|p2a: Raging Bolt|Protosynthesis|[silent]
|switch|p2a: Great Tusk|Great Tusk|100/100
|move|p1a: Iron Treads|Stealth Rock|p2a: Great Tusk
|-sidestart|p2: daytime_lunar|move: Stealth Rock
|
|upkeep
|turn|2
|
|t:|1779661389
|move|p1a: Iron Treads|Steel Beam|p2a: Great Tusk
|-damage|p2a: Great Tusk|29/100
|-damage|p1a: Iron Treads|50/100|[from] steelbeam
|move|p2a: Great Tusk|Rapid Spin|p1a: Iron Treads
|-resisted|p1a: Iron Treads
|-damage|p1a: Iron Treads|43/100
|-boost|p2a: Great Tusk|spe|1
|-sideend|p2: daytime_lunar|Stealth Rock|[from] move: Rapid Spin|[of] p2a: Great Tusk
|
|-heal|p2a: Great Tusk|35/100|[from] item: Leftovers
|upkeep
|turn|3
|
|t:|1779661398
|-end|p2a: Great Tusk|Protosynthesis|[silent]
|switch|p2a: Tinkaton|Tinkaton, F|100/100
|-item|p2a: Tinkaton|Air Balloon
|move|p1a: Iron Treads|Earth Power|p2a: Tinkaton
|-immune|p2a: Tinkaton
|
|upkeep
|turn|4
|
|t:|1779661411
|move|p1a: Iron Treads|Stealth Rock|p2a: Tinkaton
|-sidestart|p2: daytime_lunar|move: Stealth Rock
|move|p2a: Tinkaton|Stealth Rock|p1a: Iron Treads
|-sidestart|p1: psylxr|move: Stealth Rock
|
|upkeep
|turn|5
|
|t:|1779661416
|switch|p2a: Pecharunt|Pecharunt|100/100
|move|p1a: Iron Treads|Rapid Spin|p2a: Pecharunt
|-immune|p2a: Pecharunt
|
|upkeep
|turn|6
|
|t:|1779661419
|move|p1a: Iron Treads|Earth Power|p2a: Pecharunt
|-supereffective|p2a: Pecharunt
|-damage|p2a: Pecharunt|50/100
|move|p2a: Pecharunt|Shadow Ball|p1a: Iron Treads
|-damage|p1a: Iron Treads|10/100
|
|upkeep
|turn|7
|
|t:|1779661426
|switch|p2a: Tinkaton|Tinkaton, F|100/100
|-damage|p2a: Tinkaton|94/100|[from] Stealth Rock
|-item|p2a: Tinkaton|Air Balloon
|move|p1a: Iron Treads|Earth Power|p2a: Tinkaton
|-immune|p2a: Tinkaton
|
|upkeep
|turn|8
|
|t:|1779661429
|move|p1a: Iron Treads|Rapid Spin|p2a: Tinkaton
|-resisted|p2a: Tinkaton
|-damage|p2a: Tinkaton|88/100
|-boost|p1a: Iron Treads|spe|1
|-enditem|p2a: Tinkaton|Air Balloon
|-sideend|p1: psylxr|Stealth Rock|[from] move: Rapid Spin|[of] p1a: Iron Treads
|move|p2a: Tinkaton|Gigaton Hammer|p1a: Iron Treads
|-resisted|p1a: Iron Treads
|-damage|p1a: Iron Treads|0 fnt
|faint|p1a: Iron Treads
|-end|p1a: Iron Treads|Quark Drive|[silent]
|
|upkeep
|
|t:|1779661440
|switch|p1a: Barraskewda|Barraskewda, F|100/100
|turn|9
|
|t:|1779661445
|move|p1a: Barraskewda|Flip Turn|p2a: Tinkaton
|-damage|p2a: Tinkaton|28/100
|-enditem|p1a: Barraskewda|Choice Band|[silent]|[from] ability: Pickpocket|[of] p1a: Barraskewda
|-item|p2a: Tinkaton|Choice Band|[from] ability: Pickpocket|[of] p1a: Barraskewda
|
|t:|1779661448
|switch|p1a: Pelipper|Pelipper, M|100/100|[from] Flip Turn
|-weather|RainDance|[from] ability: Drizzle|[of] p1a: Pelipper
|move|p2a: Tinkaton|Thunder Wave|p1a: Pelipper
|-status|p1a: Pelipper|par
|
|-weather|RainDance|[upkeep]
|upkeep
|turn|10
|j| biscoitotroll
|
|t:|1779661454
|switch|p2a: Raging Bolt|Raging Bolt|100/100
|-damage|p2a: Raging Bolt|88/100|[from] Stealth Rock
|move|p1a: Pelipper|Weather Ball|p2a: Raging Bolt
|-resisted|p2a: Raging Bolt
|-damage|p2a: Raging Bolt|71/100
|
|-weather|RainDance|[upkeep]
|upkeep
|turn|11
|
|t:|1779661462
|switch|p1a: Raging Bolt|Raging Bolt|100/100
|-enditem|p1a: Raging Bolt|Booster Energy
|-activate|p1a: Raging Bolt|ability: Protosynthesis|[fromitem]
|-start|p1a: Raging Bolt|protosynthesisspa
|move|p2a: Raging Bolt|Thunderbolt|p1a: Raging Bolt
|-resisted|p1a: Raging Bolt
|-damage|p1a: Raging Bolt|89/100
|
|-weather|RainDance|[upkeep]
|upkeep
|turn|12
|
|t:|1779661477
|-end|p1a: Raging Bolt|Protosynthesis|[silent]
|switch|p1a: Kingambit|Kingambit, M|100/100
|-activate|p1a: Kingambit|ability: Supreme Overlord
|-start|p1a: Kingambit|fallen1|[silent]
|move|p2a: Raging Bolt|Draco Meteor|p1a: Kingambit
|-resisted|p1a: Kingambit
|-damage|p1a: Kingambit|63/100
|-unboost|p2a: Raging Bolt|spa|2
|
|-weather|RainDance|[upkeep]
|-heal|p1a: Kingambit|70/100|[from] item: Leftovers
|upkeep
|turn|13
|
|t:|1779661482
|move|p2a: Raging Bolt|Volt Switch|p1a: Kingambit
|-damage|p1a: Kingambit|52/100
|
|t:|1779661486
|-end|p2a: Raging Bolt|Protosynthesis|[silent]
|switch|p2a: Moltres|Moltres|100/100|[from] Volt Switch
|move|p1a: Kingambit|Swords Dance|p1a: Kingambit
|-boost|p1a: Kingambit|atk|2
|
|-weather|RainDance|[upkeep]
|-heal|p1a: Kingambit|59/100|[from] item: Leftovers
|upkeep
|turn|14
|
|t:|1779661495
|move|p2a: Moltres|Flamethrower|p1a: Kingambit
|-supereffective|p1a: Kingambit
|-damage|p1a: Kingambit|22/100
|move|p1a: Kingambit|Kowtow Cleave|p2a: Moltres
|-damage|p2a: Moltres|31/100
|
|-weather|RainDance|[upkeep]
|-heal|p1a: Kingambit|28/100|[from] item: Leftovers
|upkeep
|turn|15
|
|t:|1779661502
|move|p2a: Moltres|Roost|p2a: Moltres
|-heal|p2a: Moltres|81/100
|-singleturn|p2a: Moltres|move: Roost
|move|p1a: Kingambit|Kowtow Cleave|p2a: Moltres
|-damage|p2a: Moltres|5/100
|
|-weather|RainDance|[upkeep]
|-heal|p1a: Kingambit|35/100|[from] item: Leftovers
|upkeep
|turn|16
|
|t:|1779661507
|move|p2a: Moltres|Flamethrower|p1a: Kingambit
|-supereffective|p1a: Kingambit
|-damage|p1a: Kingambit|0 fnt
|faint|p1a: Kingambit
|-end|p1a: Kingambit|fallen1|[silent]
|
|-weather|none
|upkeep
|
|t:|1779661510
|switch|p1a: Pelipper|Pelipper, M|100/100 par
|-weather|RainDance|[from] ability: Drizzle|[of] p1a: Pelipper
|turn|17
|
|t:|1779661516
|move|p2a: Moltres|Brave Bird|p1a: Pelipper
|-damage|p1a: Pelipper|69/100 par
|-damage|p2a: Moltres|0 fnt|[from] Recoil
|faint|p2a: Moltres
|move|p1a: Pelipper|Weather Ball|p2: Moltres|[notarget]
|-fail|p1a: Pelipper
|
|-weather|RainDance|[upkeep]
|upkeep
|
|t:|1779661529
|switch|p2a: Raging Bolt|Raging Bolt|71/100
|-damage|p2a: Raging Bolt|59/100|[from] Stealth Rock
|turn|18
|
|t:|1779661532
|switch|p1a: Raging Bolt|Raging Bolt|89/100
|move|p2a: Raging Bolt|Thunderbolt|p1a: Raging Bolt
|-resisted|p1a: Raging Bolt
|-damage|p1a: Raging Bolt|78/100
|
|-weather|RainDance|[upkeep]
|upkeep
|turn|19
|
|t:|1779661538
|-terastallize|p1a: Raging Bolt|Fairy
|move|p2a: Raging Bolt|Draco Meteor|p1a: Raging Bolt
|-immune|p1a: Raging Bolt
|move|p1a: Raging Bolt|Draco Meteor|p2a: Raging Bolt
|-supereffective|p2a: Raging Bolt
|-damage|p2a: Raging Bolt|0 fnt
|-unboost|p1a: Raging Bolt|spa|2
|faint|p2a: Raging Bolt
|-end|p2a: Raging Bolt|Protosynthesis|[silent]
|
|-weather|RainDance|[upkeep]
|upkeep
|
|t:|1779661543
|switch|p2a: Ogerpon|Ogerpon, F|100/100
|turn|20
|
|t:|1779661550
|move|p2a: Ogerpon|Ivy Cudgel|p1a: Raging Bolt
|-damage|p1a: Raging Bolt|33/100
|move|p1a: Raging Bolt|Thunder|p2a: Ogerpon
|-resisted|p2a: Ogerpon
|-damage|p2a: Ogerpon|82/100
|
|-weather|RainDance|[upkeep]
|upkeep
|turn|21
|
|t:|1779661558
|move|p1a: Raging Bolt|Thunderclap|p2a: Ogerpon
|-resisted|p2a: Ogerpon
|-crit|p2a: Ogerpon
|-damage|p2a: Ogerpon|46/100
|move|p2a: Ogerpon|Ivy Cudgel|p1a: Raging Bolt
|-crit|p1a: Raging Bolt
|-damage|p1a: Raging Bolt|0 fnt
|faint|p1a: Raging Bolt
|-end|p1a: Raging Bolt|Protosynthesis|[silent]
|
|-weather|RainDance|[upkeep]
|upkeep
|
|t:|1779661561
|switch|p1a: Overqwil|Overqwil, M|100/100
|turn|22
|
|t:|1779661575
|switch|p2a: Tinkaton|Tinkaton, F|28/100
|-damage|p2a: Tinkaton|22/100|[from] Stealth Rock
|move|p1a: Overqwil|Crunch|p2a: Tinkaton
|-resisted|p2a: Tinkaton
|-damage|p2a: Tinkaton|0 fnt
|faint|p2a: Tinkaton
|-damage|p1a: Overqwil|91/100|[from] item: Life Orb
|
|-weather|RainDance|[upkeep]
|upkeep
|
|t:|1779661579
|switch|p2a: Great Tusk|Great Tusk|35/100
|-damage|p2a: Great Tusk|32/100|[from] Stealth Rock
|turn|23
|
|t:|1779661582
|move|p1a: Overqwil|Liquidation|p2a: Great Tusk
|-supereffective|p2a: Great Tusk
|-damage|p2a: Great Tusk|0 fnt
|faint|p2a: Great Tusk
|-end|p2a: Great Tusk|Protosynthesis|[silent]
|-damage|p1a: Overqwil|81/100|[from] item: Life Orb
|
|-weather|RainDance|[upkeep]
|upkeep
|
|t:|1779661586
|switch|p2a: Pecharunt|Pecharunt|50/100
|turn|24
|
|t:|1779661595
|move|p1a: Overqwil|Swords Dance|p1a: Overqwil
|-boost|p1a: Overqwil|atk|2
|move|p2a: Pecharunt|Recover|p2a: Pecharunt
|-heal|p2a: Pecharunt|99/100
|
|-weather|none
|upkeep
|turn|25
|
|t:|1779661600
|move|p1a: Overqwil|Crunch|p2a: Pecharunt
|-supereffective|p2a: Pecharunt
|-damage|p2a: Pecharunt|0 fnt
|faint|p2a: Pecharunt
|-damage|p1a: Overqwil|71/100|[from] item: Life Orb
|
|upkeep
|
|t:|1779661603
|switch|p2a: Ogerpon|Ogerpon, F|46/100
|turn|26
|
|t:|1779661609
|-terastallize|p2a: Ogerpon|Grass
|detailschange|p2a: Ogerpon|Ogerpon-Teal-Tera, F, tera:Grass
|-ability|p2a: Ogerpon|Embody Aspect (Teal)|boost
|-boost|p2a: Ogerpon|spe|1
|move|p2a: Ogerpon|Ivy Cudgel|p1a: Overqwil
|-resisted|p1a: Overqwil
|-damage|p1a: Overqwil|32/100
|move|p1a: Overqwil|Crunch|p2a: Ogerpon
|-damage|p2a: Ogerpon|0 fnt
|faint|p2a: Ogerpon
|detailschange|p2: Ogerpon|Ogerpon, F|[silent]
|-damage|p1a: Overqwil|22/100|[from] item: Life Orb
|
|win|psylxr
|raw|psylxr's rating: 1617 &rarr; <strong>1639</strong><br />(+22 for winning)
|raw|daytime_lunar's rating: 1657 &rarr; <strong>1635</strong><br />(-22 for losing)
|l|‽daytime_lunar
|player|p2|
|c|☆psylxr|gg
|l|☆psylxr
|player|p1|
