|j|☆shy&sassy alice
|j|☆el metrallas
|t:|1779723041
|gametype|singles
|player|p1|shy&sassy alice|madame-gen4dp|1466
|player|p2|el metrallas|swimmerf-gen4|1398
|gen|9
|tier|[Gen 9] OU
|rated|
|rule|HP Percentage Mod: HP is shown in percentages
|rule|Endless Battle Clause: Forcing endless battles is banned
|rule|Species Clause: Limit one of each Pokémon
|rule|OHKO Clause: OHKO moves are banned
|rule|Evasion Items Clause: Evasion items are banned
|rule|Evasion Moves Clause: Evasion moves are banned
|rule|Evasion Abilities Clause: Evasion abilities are banned
|rule|Sleep Moves Clause: Sleep-inducing moves are banned
|clearpoke
|poke|p1|Samurott-Hisui, M|
|poke|p1|Raging Bolt|
|poke|p1|Great Tusk|
|poke|p1|Iron Valiant|
|poke|p1|Gholdengo|
|poke|p1|Kingambit, F|
|poke|p2|Hydreigon, M|
|poke|p2|Ribombee, M|
|poke|p2|Tauros-Paldea-Blaze, M|
|poke|p2|Clodsire, M|
|poke|p2|Mamoswine, M|
|poke|p2|Gholdengo|
|teampreview
|inactive|Battle timer is ON: inactive players will automatically lose when time's up. (requested by el metrallas)
|
|t:|1779723054
|teamsize|p1|6
|teamsize|p2|6
|start
|switch|p1a: Samurott|Samurott-Hisui, M|100/100
|switch|p2a: Tuerta|Ribombee, M, shiny|100/100
|turn|1
|
|t:|1779723060
|move|p2a: Tuerta|Sticky Web|p1a: Samurott
|-sidestart|p1: shy&sassy alice|move: Sticky Web
|move|p1a: Samurott|Ceaseless Edge|p2a: Tuerta
|-resisted|p2a: Tuerta
|-damage|p2a: Tuerta|49/100
|-sidestart|p2: el metrallas|Spikes
|
|upkeep
|turn|2
|
|t:|1779723065
|move|p2a: Tuerta|Moonblast|p1a: Samurott
|-supereffective|p1a: Samurott
|-enditem|p1a: Samurott|Focus Sash
|-damage|p1a: Samurott|1/100
|move|p1a: Samurott|Ceaseless Edge|p2a: Tuerta
|-resisted|p2a: Tuerta
|-damage|p2a: Tuerta|0 fnt
|-sidestart|p2: el metrallas|Spikes
|faint|p2a: Tuerta
|
|upkeep
|
|t:|1779723076
|switch|p2a: Te pilla el toro|Tauros-Paldea-Blaze, M, shiny|100/100
|-damage|p2a: Te pilla el toro|84/100|[from] Spikes
|-ability|p2a: Te pilla el toro|Intimidate|boost
|-unboost|p1a: Samurott|atk|1
|turn|3
|
|t:|1779723082
|move|p1a: Samurott|Aqua Jet|p2a: Te pilla el toro
|-supereffective|p2a: Te pilla el toro
|-damage|p2a: Te pilla el toro|59/100
|move|p2a: Te pilla el toro|Flare Blitz|p1a: Samurott
|-resisted|p1a: Samurott
|-damage|p1a: Samurott|0 fnt
|faint|p1a: Samurott
|-damage|p2a: Te pilla el toro|58/100|[from] Recoil
|-damage|p2a: Te pilla el toro|48/100|[from] item: Life Orb
|
|upkeep
|
|t:|1779723090
|switch|p1a: Great Tusk|Great Tusk|100/100
|-activate|p1a: Great Tusk|move: Sticky Web
|-unboost|p1a: Great Tusk|spe|1
|turn|4
|
|t:|1779723095
|switch|p2a: Bombas|Gholdengo|100/100
|-item|p2a: Bombas|Air Balloon
|move|p1a: Great Tusk|Rapid Spin|p2a: Bombas
|-immune|p2a: Bombas
|
|upkeep
|turn|5
|
|t:|1779723107
|move|p2a: Bombas|Shadow Ball|p1a: Great Tusk
|-damage|p1a: Great Tusk|39/100
|move|p1a: Great Tusk|Ice Spinner|p2a: Bombas
|-resisted|p2a: Bombas
|-damage|p2a: Bombas|84/100
|-enditem|p2a: Bombas|Air Balloon
|
|-heal|p1a: Great Tusk|45/100|[from] item: Leftovers
|upkeep
|turn|6
|
|t:|1779723113
|move|p2a: Bombas|Shadow Ball|p1a: Great Tusk
|-damage|p1a: Great Tusk|0 fnt
|faint|p1a: Great Tusk
|-end|p1a: Great Tusk|Protosynthesis|[silent]
|
|upkeep
|
|t:|1779723116
|switch|p1a: Gholdengo|Gholdengo|100/100
|-item|p1a: Gholdengo|Air Balloon
|turn|7
|
|t:|1779723126
|move|p2a: Bombas|Shadow Ball|p1a: Gholdengo
|-supereffective|p1a: Gholdengo
|-damage|p1a: Gholdengo|0 fnt
|-enditem|p1a: Gholdengo|Air Balloon
|faint|p1a: Gholdengo
|
|upkeep
|inactive|shy&sassy alice has 120 seconds left.
|
|t:|1779723171
|switch|p1a: Kingambit|Kingambit, F, shiny|100/100
|-activate|p1a: Kingambit|move: Sticky Web
|-unboost|p1a: Kingambit|spe|1
|-activate|p1a: Kingambit|ability: Supreme Overlord
|-start|p1a: Kingambit|fallen3|[silent]
|turn|8
|
|t:|1779723175
|switch|p2a: Te pilla el toro|Tauros-Paldea-Blaze, M, shiny|48/100
|-damage|p2a: Te pilla el toro|32/100|[from] Spikes
|-ability|p2a: Te pilla el toro|Intimidate|boost
|-unboost|p1a: Kingambit|atk|1
|move|p1a: Kingambit|Kowtow Cleave|p2a: Te pilla el toro
|-resisted|p2a: Te pilla el toro
|-damage|p2a: Te pilla el toro|2/100
|
|upkeep
|turn|9
|
|t:|1779723191
|switch|p2a: Collejas|Hydreigon, M|100/100
|move|p1a: Kingambit|Sucker Punch||[still]
|-fail|p1a: Kingambit
|
|upkeep
|turn|10
|
|t:|1779723198
|-end|p1a: Kingambit|fallen3|[silent]
|switch|p1a: Iron Valiant|Iron Valiant|100/100
|-activate|p1a: Iron Valiant|move: Sticky Web
|-unboost|p1a: Iron Valiant|spe|1
|-enditem|p1a: Iron Valiant|Booster Energy
|-activate|p1a: Iron Valiant|ability: Quark Drive|[fromitem]
|-start|p1a: Iron Valiant|quarkdriveatk
|move|p2a: Collejas|Earth Power|p1a: Iron Valiant
|-damage|p1a: Iron Valiant|9/100
|
|upkeep
|turn|11
|
|t:|1779723207
|move|p2a: Collejas|Earth Power|p1a: Iron Valiant
|-damage|p1a: Iron Valiant|0 fnt
|faint|p1a: Iron Valiant
|-end|p1a: Iron Valiant|Quark Drive|[silent]
|
|upkeep
|
|t:|1779723209
|switch|p1a: Raging Bolt|Raging Bolt|100/100
|-activate|p1a: Raging Bolt|move: Sticky Web
|-unboost|p1a: Raging Bolt|spe|1
|-enditem|p1a: Raging Bolt|Booster Energy
|-activate|p1a: Raging Bolt|ability: Protosynthesis|[fromitem]
|-start|p1a: Raging Bolt|protosynthesisspa
|turn|12
|
|t:|1779723214
|switch|p2a: Director|Clodsire, M, shiny|100/100
|-damage|p2a: Director|84/100|[from] Spikes
|move|p1a: Raging Bolt|Dragon Pulse|p2a: Director
|-damage|p2a: Director|42/100
|
|-heal|p2a: Director|48/100|[from] item: Leftovers
|upkeep
|turn|13
|
|t:|1779723224
|move|p1a: Raging Bolt|Calm Mind|p1a: Raging Bolt
|-boost|p1a: Raging Bolt|spa|1
|-boost|p1a: Raging Bolt|spd|1
|move|p2a: Director|Earthquake|p1a: Raging Bolt
|-supereffective|p1a: Raging Bolt
|-crit|p1a: Raging Bolt
|-damage|p1a: Raging Bolt|32/100
|
|-heal|p2a: Director|54/100|[from] item: Leftovers
|upkeep
|turn|14
|
|t:|1779723232
|move|p1a: Raging Bolt|Dragon Pulse|p2a: Director
|-damage|p2a: Director|0 fnt
|faint|p2a: Director
|
|upkeep
|
|t:|1779723236
|switch|p2a: Mamuten|Mamoswine, M|100/100
|-damage|p2a: Mamuten|84/100|[from] Spikes
|turn|15
|
|t:|1779723240
|-terastallize|p1a: Raging Bolt|Fairy
|move|p2a: Mamuten|Earthquake|p1a: Raging Bolt
|-damage|p1a: Raging Bolt|0 fnt
|faint|p1a: Raging Bolt
|-end|p1a: Raging Bolt|Protosynthesis|[silent]
|
|upkeep
|
|t:|1779723243
|switch|p1a: Kingambit|Kingambit, F, shiny|100/100
|-activate|p1a: Kingambit|move: Sticky Web
|-unboost|p1a: Kingambit|spe|1
|-activate|p1a: Kingambit|ability: Supreme Overlord
|-start|p1a: Kingambit|fallen5|[silent]
|turn|16
|
|t:|1779723248
|move|p1a: Kingambit|Sucker Punch|p2a: Mamuten
|-damage|p2a: Mamuten|4/100
|move|p2a: Mamuten|Earthquake|p1a: Kingambit
|-supereffective|p1a: Kingambit
|-damage|p1a: Kingambit|3/100
|
|upkeep
|turn|17
|
|t:|1779723254
|move|p1a: Kingambit|Sucker Punch|p2a: Mamuten
|-damage|p2a: Mamuten|0 fnt
|faint|p2a: Mamuten
|
|upkeep
|
|t:|1779723256
|switch|p2a: Te pilla el toro|Tauros-Paldea-Blaze, M, shiny|2/100
|-damage|p2a: Te pilla el toro|0 fnt|[from] Spikes
|faint|p2a: Te pilla el toro
|
|t:|1779723258
|switch|p2a: Collejas|Hydreigon, M|100/100
|turn|18
|
|t:|1779723262
|move|p1a: Kingambit|Sucker Punch|p2a: Collejas
|-resisted|p2a: Collejas
|-damage|p2a: Collejas|59/100
|move|p2a: Collejas|Earth Power|p1a: Kingambit
|-supereffective|p1a: Kingambit
|-crit|p1a: Kingambit
|-damage|p1a: Kingambit|0 fnt
|faint|p1a: Kingambit
|-end|p1a: Kingambit|fallen5|[silent]
|
|win|el metrallas
|raw|shy&amp;sassy alice's rating: 1466 &rarr; <strong>1442</strong><br />(-24 for losing)
|raw|el metrallas's rating: 1398 &rarr; <strong>1422</strong><br />(+24 for winning)
|l|☆shy&sassy alice
|player|p1|
|l|☆el metrallas
|player|p2|
