|j|☆dragon_driller
|j|☆skinnywony
|t:|1779654371
|gametype|singles
|player|p1|dragon_driller|clown|1120
|player|p2|skinnywony|jupiter|1084
|gen|9
|tier|[Gen 9] OU
|rated|
|rule|HP Percentage Mod: HP is shown in percentages
|rule|Endless Battle Clause: Forcing endless battles is banned
|rule|Species Clause: Limit one of each Pokémon
|rule|OHKO Clause: OHKO moves are banned
|rule|Evasion Items Clause: Evasion items are banned
|rule|Evasion Moves Clause: Evasion moves are banned
|rule|Evasion Abilities Clause: Evasion abilities are banned
|rule|Sleep Moves Clause: Sleep-inducing moves are banned
|clearpoke
|poke|p1|Pelipper, M|
|poke|p1|Barraskewda, M|
|poke|p1|Beartic, F|
|poke|p1|Landorus-Therian, M|
|poke|p1|Toxtricity, F|
|poke|p1|Primarina, F|
|poke|p2|Ninetales-Alola, F|
|poke|p2|Serperior, F|
|poke|p2|Chandelure, F|
|poke|p2|Corviknight, F|
|poke|p2|Goodra-Hisui, F|
|poke|p2|Maushold-Four|
|teampreview
|
|t:|1779654385
|teamsize|p1|6
|teamsize|p2|6
|start
|switch|p1a: Mr. Moist|Pelipper, M|100/100
|switch|p2a: Maushold|Maushold-Four|100/100
|-weather|RainDance|[from] ability: Drizzle|[of] p1a: Mr. Moist
|turn|1
|inactive|Battle timer is ON: inactive players will automatically lose when time's up. (requested by skinnywony)
|
|t:|1779654396
|move|p2a: Maushold|Tidy Up|p2a: Maushold
|-boost|p2a: Maushold|atk|1
|-boost|p2a: Maushold|spe|1
|move|p1a: Mr. Moist|U-turn|p2a: Maushold
|-damage|p2a: Maushold|87/100
|
|t:|1779654404
|switch|p1a: cold Ms.Codswell|Beartic, F|100/100|[from] U-turn
|
|-weather|RainDance|[upkeep]
|upkeep
|turn|2
|
|t:|1779654415
|move|p2a: Maushold|Tidy Up|p2a: Maushold
|-boost|p2a: Maushold|atk|1
|-boost|p2a: Maushold|spe|1
|move|p1a: cold Ms.Codswell|Close Combat|p2a: Maushold
|-supereffective|p2a: Maushold
|-damage|p2a: Maushold|0 fnt
|-unboost|p1a: cold Ms.Codswell|def|1
|-unboost|p1a: cold Ms.Codswell|spd|1
|faint|p2a: Maushold
|
|-weather|RainDance|[upkeep]
|upkeep
|
|t:|1779654423
|switch|p2a: Chandelure|Chandelure, F|100/100
|turn|3
|
|t:|1779654435
|move|p1a: cold Ms.Codswell|Aqua Jet|p2a: Chandelure
|-supereffective|p2a: Chandelure
|-damage|p2a: Chandelure|26/100
|move|p2a: Chandelure|Trick|p1a: cold Ms.Codswell
|-activate|p2a: Chandelure|move: Trick|[of] p1a: cold Ms.Codswell
|-item|p1a: cold Ms.Codswell|Choice Scarf|[from] move: Trick
|-item|p2a: Chandelure|Splash Plate|[from] move: Trick
|
|-weather|RainDance|[upkeep]
|upkeep
|turn|4
|
|t:|1779654449
|switch|p2a: Serperior|Serperior, F|100/100
|move|p1a: cold Ms.Codswell|Liquidation|p2a: Serperior
|-resisted|p2a: Serperior
|-damage|p2a: Serperior|80/100
|
|-weather|RainDance|[upkeep]
|-heal|p2a: Serperior|86/100|[from] item: Leftovers
|upkeep
|turn|5
|
|t:|1779654462
|switch|p1a: Black Flag|Toxtricity, F, shiny|100/100
|move|p2a: Serperior|Glare|p1a: Black Flag
|-immune|p1a: Black Flag
|
|-weather|RainDance|[upkeep]
|-heal|p2a: Serperior|92/100|[from] item: Leftovers
|upkeep
|turn|6
|
|t:|1779654473
|move|p2a: Serperior|Leech Seed|p1a: Black Flag
|-start|p1a: Black Flag|move: Leech Seed
|move|p1a: Black Flag|Nuzzle|p2a: Serperior
|-resisted|p2a: Serperior
|-damage|p2a: Serperior|89/100
|-status|p2a: Serperior|par
|
|-weather|RainDance|[upkeep]
|-heal|p2a: Serperior|96/100 par|[from] item: Leftovers
|-damage|p1a: Black Flag|88/100|[from] Leech Seed|[of] p2a: Serperior
|-heal|p2a: Serperior|100/100 par|[silent]
|upkeep
|turn|7
|
|t:|1779654491
|move|p1a: Black Flag|Boomburst|p2a: Serperior
|-damage|p2a: Serperior|50/100 par
|cant|p2a: Serperior|par
|
|-weather|RainDance|[upkeep]
|-heal|p2a: Serperior|56/100 par|[from] item: Leftovers
|-damage|p1a: Black Flag|76/100|[from] Leech Seed|[of] p2a: Serperior
|-heal|p2a: Serperior|66/100 par|[silent]
|upkeep
|turn|8
|
|t:|1779654501
|move|p1a: Black Flag|Boomburst|p2a: Serperior
|-damage|p2a: Serperior|22/100 par
|cant|p2a: Serperior|par
|
|-weather|none
|-heal|p2a: Serperior|28/100 par|[from] item: Leftovers
|-damage|p1a: Black Flag|63/100|[from] Leech Seed|[of] p2a: Serperior
|-heal|p2a: Serperior|38/100 par|[silent]
|upkeep
|turn|9
|
|t:|1779654508
|move|p1a: Black Flag|Boomburst|p2a: Serperior
|-damage|p2a: Serperior|0 fnt
|faint|p2a: Serperior
|
|upkeep
|-message|skinnywony forfeited.
|
|win|dragon_driller
|raw|dragon_driller's rating: 1120 &rarr; <strong>1142</strong><br />(+22 for winning)
|raw|skinnywony's rating: 1084 &rarr; <strong>1064</strong><br />(-20 for losing)
|l|☆skinnywony
|player|p2|
