|j|☆catcat77
|j|☆skyrim-alberto
|t:|1779704674
|gametype|singles
|player|p1|catcat77|caitlin-masters|1464
|player|p2|skyrim-alberto|norman|1517
|gen|9
|tier|[Gen 9] OU
|rated|
|rule|HP Percentage Mod: HP is shown in percentages
|rule|Endless Battle Clause: Forcing endless battles is banned
|rule|Species Clause: Limit one of each Pokémon
|rule|OHKO Clause: OHKO moves are banned
|rule|Evasion Items Clause: Evasion items are banned
|rule|Evasion Moves Clause: Evasion moves are banned
|rule|Evasion Abilities Clause: Evasion abilities are banned
|rule|Sleep Moves Clause: Sleep-inducing moves are banned
|clearpoke
|poke|p1|Ogerpon-Wellspring, F|
|poke|p1|Kingambit, M|
|poke|p1|Great Tusk|
|poke|p1|Raging Bolt|
|poke|p1|Iron Crown|
|poke|p1|Zamazenta-*|
|poke|p2|Mimikyu, M|
|poke|p2|Ursaluna, M|
|poke|p2|Indeedee-F, F|
|poke|p2|Hatterene, F|
|poke|p2|Iron Hands|
|poke|p2|Hoopa-Unbound|
|teampreview
|
|t:|1779704700
|teamsize|p1|6
|teamsize|p2|6
|start
|switch|p1a: Iron Crown|Iron Crown|100/100
|switch|p2a: Kung Fu Panda|Iron Hands|100/100
|turn|1
|
|t:|1779704711
|move|p1a: Iron Crown|Psychic|p2a: Kung Fu Panda
|-supereffective|p2a: Kung Fu Panda
|-damage|p2a: Kung Fu Panda|16/100
|move|p2a: Kung Fu Panda|Heavy Slam|p1a: Iron Crown
|-resisted|p1a: Iron Crown
|-damage|p1a: Iron Crown|89/100
|
|upkeep
|turn|2
|
|t:|1779704720
|-end|p2a: Kung Fu Panda|Quark Drive|[silent]
|switch|p2a: Class weirdo|Mimikyu, M|100/100
|move|p1a: Iron Crown|Psychic|p2a: Class weirdo
|-activate|p2a: Class weirdo|ability: Disguise
|-damage|p2a: Class weirdo|100/100
|detailschange|p2a: Class weirdo|Mimikyu-Busted, M
|-damage|p2a: Class weirdo|88/100|[from] pokemon: Mimikyu-Busted
|-enditem|p2a: Class weirdo|Red Card|[of] p1a: Iron Crown
|-end|p1a: Iron Crown|Quark Drive|[silent]
|drag|p1a: Raging Bolt|Raging Bolt|100/100
|
|upkeep
|turn|3
|
|t:|1779704732
|move|p1a: Raging Bolt|Thunderbolt|p2a: Class weirdo
|-damage|p2a: Class weirdo|35/100
|-status|p2a: Class weirdo|par
|move|p2a: Class weirdo|Trick Room|p2a: Class weirdo
|-fieldstart|move: Trick Room|[of] p2a: Class weirdo
|
|upkeep
|turn|4
|
|t:|1779704744
|switch|p2a: I hit soft|Ursaluna, M|100/100
|move|p1a: Raging Bolt|Thunderclap||[still]
|-fail|p1a: Raging Bolt
|
|-status|p2a: I hit soft|brn|[from] item: Flame Orb
|upkeep
|turn|5
|
|t:|1779704760
|-terastallize|p2a: I hit soft|Normal
|move|p2a: I hit soft|Facade|p1a: Raging Bolt
|-damage|p1a: Raging Bolt|0 fnt
|faint|p1a: Raging Bolt
|-end|p1a: Raging Bolt|Protosynthesis|[silent]
|
|-damage|p2a: I hit soft|94/100 brn|[from] brn
|upkeep
|
|t:|1779704766
|switch|p1a: Zamazenta|Zamazenta|100/100
|-ability|p1a: Zamazenta|Dauntless Shield|boost
|-boost|p1a: Zamazenta|def|1
|turn|6
|
|t:|1779704773
|move|p2a: I hit soft|Facade|p1a: Zamazenta
|-damage|p1a: Zamazenta|36/100
|-damage|p2a: I hit soft|78/100 brn|[from] item: Rocky Helmet|[of] p1a: Zamazenta
|move|p1a: Zamazenta|Body Press|p2a: I hit soft
|-supereffective|p2a: I hit soft
|-damage|p2a: I hit soft|0 fnt
|faint|p2a: I hit soft
|
|upkeep
|
|t:|1779704795
|switch|p2a: Kung Fu Panda|Iron Hands|16/100
|turn|7
|
|t:|1779704801
|move|p2a: Kung Fu Panda|Close Combat|p1a: Zamazenta
|-damage|p1a: Zamazenta|7/100
|-unboost|p2a: Kung Fu Panda|def|1
|-unboost|p2a: Kung Fu Panda|spd|1
|-damage|p2a: Kung Fu Panda|0 fnt|[from] item: Rocky Helmet|[of] p1a: Zamazenta
|faint|p2a: Kung Fu Panda
|-end|p2a: Kung Fu Panda|Quark Drive|[silent]
|move|p1a: Zamazenta|Body Press|p2: Kung Fu Panda|[notarget]
|-fail|p1a: Zamazenta
|
|-fieldend|move: Trick Room
|upkeep
|
|t:|1779704814
|switch|p2a: Leah Gotti|Indeedee-F, F|100/100
|-fieldstart|move: Psychic Terrain|[from] ability: Psychic Surge|[of] p2a: Leah Gotti
|turn|8
|
|t:|1779704841
|move|p1a: Zamazenta|Body Press|p2a: Leah Gotti
|-damage|p2a: Leah Gotti|38/100
|move|p2a: Leah Gotti|Trick Room|p2a: Leah Gotti
|-fieldstart|move: Trick Room|[of] p2a: Leah Gotti
|
|upkeep
|turn|9
|
|t:|1779704847
|move|p2a: Leah Gotti|Healing Wish|p2a: Leah Gotti
|faint|p2a: Leah Gotti
|move|p1a: Zamazenta|Body Press|p2: Leah Gotti|[notarget]
|-fail|p1a: Zamazenta
|
|upkeep
|
|t:|1779704852
|switch|p2a: Lord of the Rings|Hoopa-Unbound|100/100
|turn|10
|
|t:|1779704880
|move|p2a: Lord of the Rings|Expanding Force|p1a: Zamazenta
|-supereffective|p1a: Zamazenta
|-damage|p1a: Zamazenta|0 fnt
|faint|p1a: Zamazenta
|-damage|p2a: Lord of the Rings|91/100|[from] item: Life Orb
|
|upkeep
|
|t:|1779704886
|switch|p1a: Kingambit|Kingambit, M|100/100
|turn|11
|
|t:|1779704890
|-terastallize|p1a: Kingambit|Flying
|move|p1a: Kingambit|Kowtow Cleave|p2a: Lord of the Rings
|-damage|p2a: Lord of the Rings|7/100
|move|p2a: Lord of the Rings|Drain Punch|p1a: Kingambit
|-resisted|p1a: Kingambit
|-damage|p1a: Kingambit|86/100
|-heal|p2a: Lord of the Rings|17/100|[from] drain|[of] p1a: Kingambit
|-damage|p2a: Lord of the Rings|7/100|[from] item: Life Orb
|
|upkeep
|turn|12
|
|t:|1779704923
|switch|p2a: Class weirdo|Mimikyu-Busted, M|35/100 par
|-heal|p2a: Class weirdo|100/100|[from] move: Healing Wish
|move|p1a: Kingambit|Kowtow Cleave|p2a: Class weirdo
|-damage|p2a: Class weirdo|54/100
|
|-fieldend|move: Trick Room
|-fieldend|move: Psychic Terrain
|upkeep
|turn|13
|
|t:|1779704939
|move|p1a: Kingambit|Iron Head|p2a: Class weirdo
|-supereffective|p2a: Class weirdo
|-damage|p2a: Class weirdo|0 fnt
|faint|p2a: Class weirdo
|
|upkeep
|
|t:|1779704946
|switch|p2a: Ariana Grande|Hatterene, F|100/100
|turn|14
|
|t:|1779704949
|move|p1a: Kingambit|Iron Head|p2a: Ariana Grande
|-supereffective|p2a: Ariana Grande
|-enditem|p2a: Ariana Grande|Focus Sash
|-damage|p2a: Ariana Grande|1/100
|move|p2a: Ariana Grande|Trick Room|p2a: Ariana Grande
|-fieldstart|move: Trick Room|[of] p2a: Ariana Grande
|
|upkeep
|turn|15
|
|t:|1779704960
|move|p2a: Ariana Grande|Expanding Force|p1a: Kingambit
|-damage|p1a: Kingambit|36/100
|move|p1a: Kingambit|Iron Head|p2a: Ariana Grande
|-supereffective|p2a: Ariana Grande
|-damage|p2a: Ariana Grande|0 fnt
|faint|p2a: Ariana Grande
|
|upkeep
|
|t:|1779704967
|switch|p2a: Lord of the Rings|Hoopa-Unbound|7/100
|turn|16
|
|t:|1779704971
|move|p1a: Kingambit|Iron Head|p2a: Lord of the Rings
|-damage|p2a: Lord of the Rings|0 fnt
|faint|p2a: Lord of the Rings
|
|win|catcat77
|raw|catcat77's rating: 1494 &rarr; <strong>1515</strong><br />(+21 for winning)
|raw|skyrim-alberto's rating: 1517 &rarr; <strong>1496</strong><br />(-21 for losing)
|l|☆catcat77
|player|p1|
|l|☆skyrim-alberto
|player|p2|
