|j|☆R0cK Bottom
|j|☆Lryuzaki13
|t:|1779654717
|gametype|singles
|player|p1|R0cK Bottom|cliff|1414
|player|p2|Lryuzaki13|102|1335
|gen|9
|tier|[Gen 9] OU
|rated|
|rule|HP Percentage Mod: HP is shown in percentages
|rule|Endless Battle Clause: Forcing endless battles is banned
|rule|Species Clause: Limit one of each Pokémon
|rule|OHKO Clause: OHKO moves are banned
|rule|Evasion Items Clause: Evasion items are banned
|rule|Evasion Moves Clause: Evasion moves are banned
|rule|Evasion Abilities Clause: Evasion abilities are banned
|rule|Sleep Moves Clause: Sleep-inducing moves are banned
|clearpoke
|poke|p1|Tyranitar, M|
|poke|p1|Excadrill, M|
|poke|p1|Tornadus-Therian, M|
|poke|p1|Hydrapple, M|
|poke|p1|Heatran, M|
|poke|p1|Keldeo-Resolute|
|poke|p2|Samurott-Hisui, F|
|poke|p2|Gholdengo|
|poke|p2|Great Tusk|
|poke|p2|Kingambit, M|
|poke|p2|Corviknight, F|
|poke|p2|Iron Valiant|
|teampreview
|l|☆R0cK Bottom
|player|p1|
|j|☆R0cK Bottom
|player|p1|R0cK Bottom|cliff|
|l|☆R0cK Bottom
|player|p1|
|j|☆R0cK Bottom
|player|p1|R0cK Bottom|cliff|
|inactive|Battle timer is ON: inactive players will automatically lose when time's up. (requested by R0cK Bottom)
|
|t:|1779654878
|teamsize|p1|6
|teamsize|p2|6
|start
|switch|p1a: Tornadus|Tornadus-Therian, M, shiny|100/100
|switch|p2a: Rook|Samurott-Hisui, F|100/100
|turn|1
|
|t:|1779654896
|move|p1a: Tornadus|Hurricane|p2a: Rook
|-damage|p2a: Rook|57/100
|move|p2a: Rook|Knock Off|p1a: Tornadus
|-damage|p1a: Tornadus|51/100
|-enditem|p1a: Tornadus|Heavy-Duty Boots|[from] move: Knock Off|[of] p2a: Rook
|
|upkeep
|turn|2
|c|☆Lryuzaki13|glhf
|
|t:|1779654906
|move|p1a: Tornadus|U-turn|p2a: Rook
|-supereffective|p2a: Rook
|-damage|p2a: Rook|22/100
|
|t:|1779654919
|switch|p1a: Tyranitar|Tyranitar, M, shiny|100/100|[from] U-turn
|-weather|Sandstorm|[from] ability: Sand Stream|[of] p1a: Tyranitar
|move|p2a: Rook|Ceaseless Edge|p1a: Tyranitar
|-resisted|p1a: Tyranitar
|-damage|p1a: Tyranitar|84/100
|-sidestart|p1: R0cK Bottom|Spikes
|
|-weather|Sandstorm|[upkeep]
|-damage|p2a: Rook|15/100|[from] Sandstorm
|upkeep
|turn|3
|
|t:|1779654931
|switch|p1a: Hydrapple|Hydrapple, M, shiny|100/100
|-damage|p1a: Hydrapple|88/100|[from] Spikes
|move|p2a: Rook|Razor Shell|p1a: Hydrapple
|-resisted|p1a: Hydrapple
|-damage|p1a: Hydrapple|81/100
|-damage|p2a: Rook|0 fnt|[from] item: Rocky Helmet|[of] p1a: Hydrapple
|faint|p2a: Rook
|
|-weather|Sandstorm|[upkeep]
|-damage|p1a: Hydrapple|75/100|[from] Sandstorm
|upkeep
|
|t:|1779654950
|switch|p2a: Great Tusk|Great Tusk|100/100
|-enditem|p2a: Great Tusk|Booster Energy
|-activate|p2a: Great Tusk|ability: Protosynthesis|[fromitem]
|-start|p2a: Great Tusk|protosynthesisatk
|turn|4
|
|t:|1779654956
|switch|p1a: Heatran|Heatran, M|100/100
|-damage|p1a: Heatran|88/100|[from] Spikes
|move|p2a: Great Tusk|Ice Spinner|p1a: Heatran
|-resisted|p1a: Heatran
|-damage|p1a: Heatran|80/100
|
|-weather|Sandstorm|[upkeep]
|-heal|p1a: Heatran|86/100|[from] item: Leftovers
|upkeep
|turn|5
|
|t:|1779654967
|switch|p1a: Tornadus|Tornadus-Therian, M, shiny|84/100
|move|p2a: Great Tusk|Headlong Rush|p1a: Tornadus
|-immune|p1a: Tornadus
|
|-weather|Sandstorm|[upkeep]
|-damage|p1a: Tornadus|78/100|[from] Sandstorm
|upkeep
|turn|6
|
|t:|1779654983
|-terastallize|p2a: Great Tusk|Ground
|move|p1a: Tornadus|Hurricane|p2a: Great Tusk|[miss]
|-miss|p1a: Tornadus|p2a: Great Tusk
|move|p2a: Great Tusk|Rapid Spin|p1a: Tornadus
|-damage|p1a: Tornadus|54/100
|-boost|p2a: Great Tusk|spe|1
|
|-weather|none
|upkeep
|turn|7
|
|t:|1779655003
|switch|p1a: Heatran|Heatran, M|86/100
|-damage|p1a: Heatran|74/100|[from] Spikes
|move|p2a: Great Tusk|Ice Spinner|p1a: Heatran
|-resisted|p1a: Heatran
|-damage|p1a: Heatran|67/100
|
|-heal|p1a: Heatran|73/100|[from] item: Leftovers
|upkeep
|turn|8
|
|t:|1779655030
|switch|p1a: Tornadus|Tornadus-Therian, M, shiny|87/100
|move|p2a: Great Tusk|Headlong Rush|p1a: Tornadus
|-immune|p1a: Tornadus
|
|upkeep
|turn|9
|
|t:|1779655037
|move|p2a: Great Tusk|Ice Spinner|p1a: Tornadus
|-supereffective|p1a: Tornadus
|-damage|p1a: Tornadus|4/100
|move|p1a: Tornadus|Hurricane|p2a: Great Tusk
|-damage|p2a: Great Tusk|41/100
|
|upkeep
|turn|10
|
|t:|1779655046
|switch|p1a: Heatran|Heatran, M|73/100
|-damage|p1a: Heatran|61/100|[from] Spikes
|move|p2a: Great Tusk|Rapid Spin|p1a: Heatran
|-resisted|p1a: Heatran
|-damage|p1a: Heatran|51/100
|-boost|p2a: Great Tusk|spe|1
|
|-heal|p1a: Heatran|57/100|[from] item: Leftovers
|upkeep
|turn|11
|
|t:|1779655060
|switch|p1a: Tornadus|Tornadus-Therian, M, shiny|37/100
|move|p2a: Great Tusk|Headlong Rush|p1a: Tornadus
|-immune|p1a: Tornadus
|
|upkeep
|turn|12
|
|t:|1779655066
|switch|p1a: Heatran|Heatran, M|57/100
|-damage|p1a: Heatran|44/100|[from] Spikes
|move|p2a: Great Tusk|Ice Spinner|p1a: Heatran
|-resisted|p1a: Heatran
|-damage|p1a: Heatran|36/100
|-status|p2a: Great Tusk|brn|[from] ability: Flame Body|[of] p1a: Heatran
|
|-heal|p1a: Heatran|42/100|[from] item: Leftovers
|-damage|p2a: Great Tusk|35/100 brn|[from] brn
|upkeep
|turn|13
|
|t:|1779655079
|switch|p1a: Hydrapple|Hydrapple, M, shiny|100/100
|-damage|p1a: Hydrapple|88/100|[from] Spikes
|move|p2a: Great Tusk|Ice Spinner|p1a: Hydrapple
|-supereffective|p1a: Hydrapple
|-damage|p1a: Hydrapple|45/100
|-damage|p2a: Great Tusk|19/100 brn|[from] item: Rocky Helmet|[of] p1a: Hydrapple
|
|-damage|p2a: Great Tusk|12/100 brn|[from] brn
|upkeep
|turn|14
|
|t:|1779655097
|switch|p1a: Tornadus|Tornadus-Therian, M, shiny|70/100
|move|p2a: Great Tusk|Stealth Rock|p1a: Tornadus
|-sidestart|p1: R0cK Bottom|move: Stealth Rock
|
|-damage|p2a: Great Tusk|6/100 brn|[from] brn
|upkeep
|turn|15
|
|t:|1779655106
|move|p2a: Great Tusk|Headlong Rush|p1a: Tornadus
|-immune|p1a: Tornadus
|move|p1a: Tornadus|U-turn|p2a: Great Tusk
|-damage|p2a: Great Tusk|0 fnt
|faint|p2a: Great Tusk
|-end|p2a: Great Tusk|Protosynthesis|[silent]
|
|t:|1779655117
|switch|p1a: Keldeo|Keldeo-Resolute|100/100|[from] U-turn
|-damage|p1a: Keldeo|88/100|[from] Spikes
|-damage|p1a: Keldeo|82/100|[from] Stealth Rock
|
|upkeep
|
|t:|1779655123
|switch|p2a: Corviknight|Corviknight, F|100/100
|-ability|p2a: Corviknight|Pressure
|turn|16
|
|t:|1779655144
|switch|p1a: Excadrill|Excadrill, M, shiny|100/100
|-damage|p1a: Excadrill|97/100|[from] Stealth Rock
|-item|p1a: Excadrill|Air Balloon
|move|p2a: Corviknight|Brave Bird|p1a: Excadrill
|-resisted|p1a: Excadrill
|-damage|p1a: Excadrill|73/100
|-enditem|p1a: Excadrill|Air Balloon
|-damage|p2a: Corviknight|93/100|[from] Recoil
|
|-heal|p2a: Corviknight|99/100|[from] item: Leftovers
|upkeep
|turn|17
|
|t:|1779655157
|move|p1a: Excadrill|Rock Slide|p2a: Corviknight
|-damage|p2a: Corviknight|80/100
|move|p2a: Corviknight|Iron Defense|p2a: Corviknight
|-boost|p2a: Corviknight|def|2
|
|-heal|p2a: Corviknight|86/100|[from] item: Leftovers
|upkeep
|turn|18
|
|t:|1779655166
|move|p1a: Excadrill|Rapid Spin|p2a: Corviknight
|-resisted|p2a: Corviknight
|-damage|p2a: Corviknight|84/100
|-boost|p1a: Excadrill|spe|1
|-sideend|p1: R0cK Bottom|Spikes|[from] move: Rapid Spin|[of] p1a: Excadrill
|-sideend|p1: R0cK Bottom|Stealth Rock|[from] move: Rapid Spin|[of] p1a: Excadrill
|move|p2a: Corviknight|Iron Defense|p2a: Corviknight
|-boost|p2a: Corviknight|def|2
|
|-heal|p2a: Corviknight|90/100|[from] item: Leftovers
|upkeep
|turn|19
|
|t:|1779655177
|switch|p1a: Tornadus|Tornadus-Therian, M, shiny|100/100
|move|p2a: Corviknight|Body Press|p1a: Tornadus
|-resisted|p1a: Tornadus
|-damage|p1a: Tornadus|56/100
|
|-heal|p2a: Corviknight|96/100|[from] item: Leftovers
|upkeep
|turn|20
|
|t:|1779655186
|move|p1a: Tornadus|Heat Wave|p2a: Corviknight|[miss]
|-miss|p1a: Tornadus|p2a: Corviknight
|move|p2a: Corviknight|Body Press|p1a: Tornadus
|-resisted|p1a: Tornadus
|-damage|p1a: Tornadus|12/100
|
|-heal|p2a: Corviknight|100/100|[from] item: Leftovers
|upkeep
|turn|21
|
|t:|1779655195
|switch|p1a: Heatran|Heatran, M|42/100
|move|p2a: Corviknight|Body Press|p1a: Heatran
|-supereffective|p1a: Heatran
|-damage|p1a: Heatran|0 fnt
|-status|p2a: Corviknight|brn|[from] ability: Flame Body|[of] p1a: Heatran
|faint|p1a: Heatran
|
|-damage|p2a: Corviknight|94/100 brn|[from] brn
|upkeep
|inactive|R0cK Bottom has 120 seconds left.
|
|t:|1779655240
|switch|p1a: Tornadus|Tornadus-Therian, M, shiny|45/100
|turn|22
|
|t:|1779655243
|switch|p1a: Tyranitar|Tyranitar, M, shiny|84/100
|-weather|Sandstorm|[from] ability: Sand Stream|[of] p1a: Tyranitar
|move|p2a: Corviknight|Body Press|p1a: Tyranitar
|-supereffective|p1a: Tyranitar
|-damage|p1a: Tyranitar|0 fnt
|faint|p1a: Tyranitar
|
|-weather|Sandstorm|[upkeep]
|-heal|p2a: Corviknight|100/100 brn|[from] item: Leftovers
|-damage|p2a: Corviknight|94/100 brn|[from] brn
|upkeep
|inactive|R0cK Bottom has 120 seconds left.
|
|t:|1779655256
|switch|p1a: Tornadus|Tornadus-Therian, M, shiny|78/100
|turn|23
|
|t:|1779655259
|move|p1a: Tornadus|Heat Wave|p2a: Corviknight
|-supereffective|p2a: Corviknight
|-damage|p2a: Corviknight|50/100 brn
|move|p2a: Corviknight|Body Press|p1a: Tornadus
|-resisted|p1a: Tornadus
|-damage|p1a: Tornadus|56/100
|
|-weather|Sandstorm|[upkeep]
|-damage|p1a: Tornadus|49/100|[from] Sandstorm
|-heal|p2a: Corviknight|56/100 brn|[from] item: Leftovers
|-damage|p2a: Corviknight|50/100 brn|[from] brn
|upkeep
|turn|24
|
|t:|1779655271
|move|p1a: Tornadus|Taunt|p2a: Corviknight
|-start|p2a: Corviknight|move: Taunt
|cant|p2a: Corviknight|move: Taunt|Roost
|
|-weather|Sandstorm|[upkeep]
|-damage|p1a: Tornadus|43/100|[from] Sandstorm
|-heal|p2a: Corviknight|56/100 brn|[from] item: Leftovers
|-damage|p2a: Corviknight|50/100 brn|[from] brn
|upkeep
|turn|25
|
|t:|1779655281
|move|p1a: Tornadus|Heat Wave|p2a: Corviknight
|-supereffective|p2a: Corviknight
|-damage|p2a: Corviknight|0 fnt
|faint|p2a: Corviknight
|
|-weather|Sandstorm|[upkeep]
|-damage|p1a: Tornadus|37/100|[from] Sandstorm
|upkeep
|
|t:|1779655293
|switch|p2a: Iron Valiant|Iron Valiant|100/100
|-enditem|p2a: Iron Valiant|Booster Energy
|-activate|p2a: Iron Valiant|ability: Quark Drive|[fromitem]
|-start|p2a: Iron Valiant|quarkdrivespe
|turn|26
|
|t:|1779655301
|-terastallize|p1a: Tornadus|Steel
|move|p2a: Iron Valiant|Moonblast|p1a: Tornadus
|-resisted|p1a: Tornadus
|-damage|p1a: Tornadus|10/100
|move|p1a: Tornadus|Hurricane|p2a: Iron Valiant
|-supereffective|p2a: Iron Valiant
|-damage|p2a: Iron Valiant|0 fnt
|faint|p2a: Iron Valiant
|-end|p2a: Iron Valiant|Quark Drive|[silent]
|
|-weather|none
|upkeep
|
|t:|1779655305
|switch|p2a: Gholdengo|Gholdengo|100/100
|-item|p2a: Gholdengo|Air Balloon
|turn|27
|
|t:|1779655315
|move|p1a: Tornadus|Heat Wave|p2a: Gholdengo
|-supereffective|p2a: Gholdengo
|-damage|p2a: Gholdengo|43/100
|-enditem|p2a: Gholdengo|Air Balloon
|move|p2a: Gholdengo|Shadow Ball|p1a: Tornadus
|-damage|p1a: Tornadus|0 fnt
|faint|p1a: Tornadus
|
|upkeep
|
|t:|1779655327
|switch|p1a: Excadrill|Excadrill, M, shiny|73/100
|turn|28
|
|t:|1779655332
|move|p2a: Gholdengo|Shadow Ball|p1a: Excadrill
|-damage|p1a: Excadrill|13/100
|move|p1a: Excadrill|Earthquake|p2a: Gholdengo
|-supereffective|p2a: Gholdengo
|-damage|p2a: Gholdengo|0 fnt
|faint|p2a: Gholdengo
|
|upkeep
|
|t:|1779655334
|switch|p2a: Kingambit|Kingambit, M|100/100
|-activate|p2a: Kingambit|ability: Supreme Overlord
|-start|p2a: Kingambit|fallen5|[silent]
|turn|29
|
|t:|1779655344
|move|p2a: Kingambit|Sucker Punch|p1a: Excadrill
|-damage|p1a: Excadrill|0 fnt
|faint|p1a: Excadrill
|
|upkeep
|
|t:|1779655349
|switch|p1a: Keldeo|Keldeo-Resolute|82/100
|turn|30
|
|t:|1779655353
|switch|p1a: Hydrapple|Hydrapple, M, shiny|79/100
|move|p2a: Kingambit|Iron Head|p1a: Hydrapple
|-damage|p1a: Hydrapple|37/100
|-damage|p2a: Kingambit|84/100|[from] item: Rocky Helmet|[of] p1a: Hydrapple
|
|-heal|p2a: Kingambit|90/100|[from] item: Leftovers
|upkeep
|turn|31
|
|t:|1779655363
|move|p2a: Kingambit|Swords Dance|p2a: Kingambit
|-boost|p2a: Kingambit|atk|2
|move|p1a: Hydrapple|Earth Power|p2a: Kingambit
|-supereffective|p2a: Kingambit
|-crit|p2a: Kingambit
|-damage|p2a: Kingambit|6/100
|
|-heal|p2a: Kingambit|13/100|[from] item: Leftovers
|upkeep
|turn|32
|c|☆Lryuzaki13|waow
|
|t:|1779655373
|move|p2a: Kingambit|Iron Head|p1a: Hydrapple
|-damage|p1a: Hydrapple|0 fnt
|-damage|p2a: Kingambit|0 fnt|[from] item: Rocky Helmet|[of] p1a: Hydrapple
|faint|p1a: Hydrapple
|faint|p2a: Kingambit
|-end|p2a: Kingambit|fallen5|[silent]
|
|win|R0cK Bottom
|raw|R0cK Bottom's rating: 1414 &rarr; <strong>1430</strong><br />(+16 for winning)
|raw|Lryuzaki13's rating: 1335 &rarr; <strong>1319</strong><br />(-16 for losing)
|c|☆Lryuzaki13|gg
|c|☆R0cK Bottom|Gg
