|j|☆NotoriousPink
|j|☆Young $lug
|t:|1779612593
|gametype|singles
|player|p1|NotoriousPink|170|1125
|player|p2|Young $lug|riley|1136
|gen|9
|tier|[Gen 9] OU
|rated|
|rule|HP Percentage Mod: HP is shown in percentages
|rule|Endless Battle Clause: Forcing endless battles is banned
|rule|Species Clause: Limit one of each Pokémon
|rule|OHKO Clause: OHKO moves are banned
|rule|Evasion Items Clause: Evasion items are banned
|rule|Evasion Moves Clause: Evasion moves are banned
|rule|Evasion Abilities Clause: Evasion abilities are banned
|rule|Sleep Moves Clause: Sleep-inducing moves are banned
|clearpoke
|poke|p1|Spidops, M|
|poke|p1|Deoxys-Defense|
|poke|p1|Corviknight, F|
|poke|p1|Weezing-Galar, M|
|poke|p1|Blissey, F|
|poke|p1|Alomomola, M|
|poke|p2|Manaphy|
|poke|p2|Veluza, M|
|poke|p2|Pelipper, F|
|poke|p2|Grimmsnarl, M|
|poke|p2|Walking Wake|
|poke|p2|Kingambit, M|
|teampreview
|inactive|Battle timer is ON: inactive players will automatically lose when time's up. (requested by NotoriousPink)
|
|t:|1779612610
|teamsize|p1|6
|teamsize|p2|6
|start
|switch|p1a: Alomomola|Alomomola, M|100/100
|switch|p2a: Grimmsnarl|Grimmsnarl, M|100/100
|turn|1
|
|t:|1779612617
|move|p2a: Grimmsnarl|Thunder Wave|p1a: Alomomola
|-status|p1a: Alomomola|par
|cant|p1a: Alomomola|par
|
|upkeep
|turn|2
|
|t:|1779612623
|move|p2a: Grimmsnarl|Reflect|p2a: Grimmsnarl
|-sidestart|p2: Young $lug|Reflect
|move|p1a: Alomomola|Flip Turn|p2a: Grimmsnarl
|-damage|p2a: Grimmsnarl|93/100
|
|t:|1779612632
|switch|p1a: Weezing|Weezing-Galar, M|100/100|[from] Flip Turn
|-ability|p1a: Weezing|Neutralizing Gas
|
|upkeep
|turn|3
|
|t:|1779612638
|move|p1a: Weezing|Will-O-Wisp|p2a: Grimmsnarl
|-status|p2a: Grimmsnarl|brn
|move|p2a: Grimmsnarl|Light Screen|p2a: Grimmsnarl
|-sidestart|p2: Young $lug|move: Light Screen
|
|-damage|p2a: Grimmsnarl|87/100 brn|[from] brn
|upkeep
|turn|4
|
|t:|1779612646
|move|p2a: Grimmsnarl|Thunder Wave|p1a: Weezing
|-status|p1a: Weezing|par
|move|p1a: Weezing|Defog|p2a: Grimmsnarl
|-unboost|p2a: Grimmsnarl|evasion|1
|-sideend|p2: Young $lug|Reflect
|-sideend|p2: Young $lug|move: Light Screen
|
|-damage|p2a: Grimmsnarl|81/100 brn|[from] brn
|upkeep
|turn|5
|
|t:|1779612658
|-end|p1a: Weezing|ability: Neutralizing Gas
|switch|p1a: Blissey|Blissey, F|100/100
|move|p2a: Grimmsnarl|Parting Shot|p1a: Blissey
|-unboost|p1a: Blissey|atk|1
|-unboost|p1a: Blissey|spa|1
|
|t:|1779612666
|switch|p2a: Pelipper|Pelipper, F|100/100|[from] Parting Shot
|-weather|RainDance|[from] ability: Drizzle|[of] p2a: Pelipper
|
|-weather|RainDance|[upkeep]
|upkeep
|turn|6
|
|t:|1779612677
|move|p2a: Pelipper|Hurricane|p1a: Blissey
|-damage|p1a: Blissey|89/100
|-start|p1a: Blissey|confusion
|-activate|p1a: Blissey|confusion
|move|p1a: Blissey|Heal Bell|p1a: Blissey
|-activate|p1a: Blissey|move: Heal Bell
|-curestatus|p1: Alomomola|par|[msg]
|-curestatus|p1: Weezing|par|[msg]
|
|-weather|RainDance|[upkeep]
|upkeep
|turn|7
|
|t:|1779612703
|move|p2a: Pelipper|U-turn|p1a: Blissey
|-damage|p1a: Blissey|80/100
|
|t:|1779612709
|switch|p2a: Manaphy|Manaphy|100/100|[from] U-turn
|-activate|p1a: Blissey|confusion
|move|p1a: Blissey|Stealth Rock|p2a: Manaphy
|-sidestart|p2: Young $lug|move: Stealth Rock
|
|-weather|RainDance|[upkeep]
|upkeep
|turn|8
|
|t:|1779612725
|switch|p1a: Deoxys|Deoxys-Defense|100/100
|-ability|p1a: Deoxys|Pressure
|move|p2a: Manaphy|Tail Glow|p2a: Manaphy
|-boost|p2a: Manaphy|spa|3
|
|-weather|RainDance|[upkeep]
|upkeep
|turn|9
|inactive|Young $lug has 120 seconds left.
|
|t:|1779612747
|-terastallize|p2a: Manaphy|Water
|move|p2a: Manaphy|Surf|p1a: Deoxys
|-damage|p1a: Deoxys|10/100
|move|p1a: Deoxys|Teleport|p1a: Deoxys
|
|t:|1779612751
|switch|p1a: Spidops|Spidops, M|100/100|[from] Teleport
|
|-weather|RainDance|[upkeep]
|upkeep
|turn|10
|
|t:|1779612760
|move|p1a: Spidops|First Impression|p2a: Manaphy
|-damage|p2a: Manaphy|69/100
|move|p2a: Manaphy|Ice Beam|p1a: Spidops
|-damage|p1a: Spidops|34/100
|
|-weather|RainDance|[upkeep]
|-heal|p2a: Manaphy|75/100|[from] item: Leftovers
|upkeep
|turn|11
|-message|NotoriousPink forfeited.
|
|win|Young $lug
|raw|NotoriousPink's rating: 1125 &rarr; <strong>1101</strong><br />(-24 for losing)
|raw|Young $lug's rating: 1136 &rarr; <strong>1160</strong><br />(+24 for winning)
|l|☆NotoriousPink
|player|p1|
|l|☆Young $lug
|player|p2|
