|j|☆joe kiske
|j|☆lunalalala333
|t:|1779705809
|gametype|singles
|player|p1|joe kiske|chuck|1145
|player|p2|lunalalala333|beauty-gen4dp|1201
|gen|9
|tier|[Gen 9] OU
|rated|
|rule|HP Percentage Mod: HP is shown in percentages
|rule|Endless Battle Clause: Forcing endless battles is banned
|rule|Species Clause: Limit one of each Pokémon
|rule|OHKO Clause: OHKO moves are banned
|rule|Evasion Items Clause: Evasion items are banned
|rule|Evasion Moves Clause: Evasion moves are banned
|rule|Evasion Abilities Clause: Evasion abilities are banned
|rule|Sleep Moves Clause: Sleep-inducing moves are banned
|clearpoke
|poke|p1|Weavile, M|
|poke|p1|Armarouge, F|
|poke|p1|Volcanion|
|poke|p1|Delibird, M|
|poke|p1|Crawdaunt, M|
|poke|p1|Reuniclus, F|
|poke|p2|Barraskewda, F|
|poke|p2|Pelipper, M|
|poke|p2|Dragapult, F|
|poke|p2|Greninja-*, F|
|poke|p2|Meowscarada, F|
|poke|p2|Thundurus-Therian, M|
|teampreview
|inactive|Battle timer is ON: inactive players will automatically lose when time's up. (requested by lunalalala333)
|c|☆joe kiske|hf
|
|t:|1779705829
|teamsize|p1|6
|teamsize|p2|6
|start
|switch|p1a: Delibird|Delibird, M|100/100
|switch|p2a: Pelipper|Pelipper, M|100/100
|-weather|RainDance|[from] ability: Drizzle|[of] p2a: Pelipper
|turn|1
|
|t:|1779705834
|move|p1a: Delibird|Spikes|p2a: Pelipper
|-sidestart|p2: lunalalala333|Spikes
|move|p2a: Pelipper|Tailwind|p2a: Pelipper
|-sidestart|p2: lunalalala333|move: Tailwind
|
|-weather|RainDance|[upkeep]
|upkeep
|turn|2
|
|t:|1779705838
|move|p2a: Pelipper|U-turn|p1a: Delibird
|-resisted|p1a: Delibird
|-damage|p1a: Delibird|91/100
|
|t:|1779705845
|switch|p2a: Thundurus|Thundurus-Therian, M|100/100|[from] U-turn
|move|p1a: Delibird|Spikes|p2a: Thundurus
|-sidestart|p2: lunalalala333|Spikes
|
|-weather|RainDance|[upkeep]
|upkeep
|turn|3
|
|t:|1779705851
|move|p2a: Thundurus|Volt Switch|p1a: Delibird
|-supereffective|p1a: Delibird
|-damage|p1a: Delibird|0 fnt
|faint|p1a: Delibird
|
|t:|1779705855
|switch|p2a: Barraskewda|Barraskewda, F|100/100|[from] Volt Switch
|-damage|p2a: Barraskewda|84/100|[from] Spikes
|
|-weather|RainDance|[upkeep]
|upkeep
|
|t:|1779705860
|switch|p1a: Volcanion|Volcanion|100/100
|turn|4
|
|t:|1779705868
|switch|p2a: Pelipper|Pelipper, M|100/100
|move|p1a: Volcanion|Explosion|p2a: Pelipper
|-enditem|p1a: Volcanion|Normal Gem|[from] gem
|-damage|p2a: Pelipper|4/100
|faint|p1a: Volcanion
|
|-weather|RainDance|[upkeep]
|-sideend|p2: lunalalala333|move: Tailwind
|upkeep
|
|t:|1779705874
|switch|p1a: Crawdaunt|Crawdaunt, M|100/100
|turn|5
|
|t:|1779705890
|switch|p2a: Thundurus|Thundurus-Therian, M|100/100
|move|p1a: Crawdaunt|Aqua Jet|p2a: Thundurus
|-damage|p2a: Thundurus|0 fnt
|faint|p2a: Thundurus
|
|-weather|RainDance|[upkeep]
|upkeep
|
|t:|1779705897
|switch|p2a: Meowscarada|Meowscarada, F|100/100
|-damage|p2a: Meowscarada|84/100|[from] Spikes
|turn|6
|
|t:|1779705911
|-terastallize|p1a: Crawdaunt|Water
|move|p1a: Crawdaunt|Aqua Jet|p2a: Meowscarada
|-resisted|p2a: Meowscarada
|-damage|p2a: Meowscarada|30/100
|move|p2a: Meowscarada|Flower Trick|p1a: Crawdaunt
|-start|p2a: Meowscarada|typechange|Grass|[from] ability: Protean
|-supereffective|p1a: Crawdaunt
|-crit|p1a: Crawdaunt
|-damage|p1a: Crawdaunt|0 fnt
|faint|p1a: Crawdaunt
|
|-weather|RainDance|[upkeep]
|upkeep
|
|t:|1779705916
|switch|p1a: Romanian|Weavile, M|100/100
|turn|7
|
|t:|1779705923
|switch|p2a: Dragapult|Dragapult, F|100/100
|-damage|p2a: Dragapult|84/100|[from] Spikes
|move|p1a: Romanian|Throat Chop|p2a: Dragapult
|-supereffective|p2a: Dragapult
|-damage|p2a: Dragapult|0 fnt
|faint|p2a: Dragapult
|
|-weather|RainDance|[upkeep]
|upkeep
|
|t:|1779705929
|switch|p2a: Barraskewda|Barraskewda, F|84/100
|-damage|p2a: Barraskewda|68/100|[from] Spikes
|turn|8
|
|t:|1779705938
|move|p2a: Barraskewda|Flip Turn|p1a: Romanian
|-damage|p1a: Romanian|0 fnt
|faint|p1a: Romanian
|
|t:|1779705945
|switch|p2a: Greninja|Greninja, F|100/100|[from] Flip Turn
|-damage|p2a: Greninja|84/100|[from] Spikes
|
|-weather|none
|upkeep
|
|t:|1779705949
|switch|p1a: Armarouge|Armarouge, F|100/100
|turn|9
|
|t:|1779705954
|move|p2a: Greninja|Dark Pulse|p1a: Armarouge
|-start|p2a: Greninja|typechange|Dark|[from] ability: Protean
|-supereffective|p1a: Armarouge
|-damage|p1a: Armarouge|0 fnt
|faint|p1a: Armarouge
|
|upkeep
|
|t:|1779705957
|switch|p1a: Reuniclus|Reuniclus, F|100/100
|turn|10
|
|t:|1779705960
|move|p2a: Greninja|Dark Pulse|p1a: Reuniclus
|-supereffective|p1a: Reuniclus
|-damage|p1a: Reuniclus|0 fnt
|faint|p1a: Reuniclus
|
|win|lunalalala333
|raw|joe kiske's rating: 1145 &rarr; <strong>1124</strong><br />(-21 for losing)
|raw|lunalalala333's rating: 1201 &rarr; <strong>1222</strong><br />(+21 for winning)
|c|☆joe kiske|gg
|l|☆joe kiske
|player|p1|
|l|☆lunalalala333
|player|p2|
