|j|☆dillonbrookssimp
|j|☆SgtBrick14
|t:|1779668233
|gametype|singles
|player|p1|dillonbrookssimp|harlequin|1378
|player|p2|SgtBrick14|pokemonranger|1442
|gen|9
|tier|[Gen 9] OU
|rated|
|rule|HP Percentage Mod: HP is shown in percentages
|rule|Endless Battle Clause: Forcing endless battles is banned
|rule|Species Clause: Limit one of each Pokémon
|rule|OHKO Clause: OHKO moves are banned
|rule|Evasion Items Clause: Evasion items are banned
|rule|Evasion Moves Clause: Evasion moves are banned
|rule|Evasion Abilities Clause: Evasion abilities are banned
|rule|Sleep Moves Clause: Sleep-inducing moves are banned
|clearpoke
|poke|p1|Ursaluna, F|
|poke|p1|Araquanid, M|
|poke|p1|Munkidori, M|
|poke|p1|Scizor, F|
|poke|p1|Mandibuzz, F|
|poke|p1|Regidrago|
|poke|p2|Hatterene, F|
|poke|p2|Kleavor, F|
|poke|p2|Dragapult, F|
|poke|p2|Gengar, F|
|poke|p2|Cloyster, F|
|poke|p2|Blaziken, F|
|teampreview
|
|t:|1779668261
|teamsize|p1|6
|teamsize|p2|6
|start
|switch|p1a: Munkidori|Munkidori, M|100/100
|switch|p2a: Kleavor|Kleavor, F|100/100
|turn|1
|
|t:|1779668269
|move|p1a: Munkidori|U-turn|p2a: Kleavor
|-damage|p2a: Kleavor|86/100
|
|t:|1779668271
|switch|p1a: Ursaluna|Ursaluna, F|100/100|[from] U-turn
|move|p2a: Kleavor|Stone Axe|p1a: Ursaluna
|-resisted|p1a: Ursaluna
|-damage|p1a: Ursaluna|82/100
|-sidestart|p1: dillonbrookssimp|move: Stealth Rock
|
|-status|p1a: Ursaluna|brn|[from] item: Flame Orb
|upkeep
|turn|2
|inactive|Battle timer is ON: inactive players will automatically lose when time's up. (requested by dillonbrookssimp)
|
|t:|1779668280
|move|p2a: Kleavor|Stone Axe|p1a: Ursaluna
|-resisted|p1a: Ursaluna
|-damage|p1a: Ursaluna|60/100 brn
|move|p1a: Ursaluna|Earthquake|p2a: Kleavor
|-damage|p2a: Kleavor|0 fnt
|faint|p2a: Kleavor
|
|-damage|p1a: Ursaluna|54/100 brn|[from] brn
|upkeep
|
|t:|1779668303
|switch|p2a: Cloyster|Cloyster, F|100/100
|turn|3
|
|t:|1779668306
|move|p2a: Cloyster|Icicle Spear|p1a: Ursaluna
|-supereffective|p1a: Ursaluna
|-damage|p1a: Ursaluna|39/100 brn
|-supereffective|p1a: Ursaluna
|-damage|p1a: Ursaluna|22/100 brn
|-supereffective|p1a: Ursaluna
|-damage|p1a: Ursaluna|5/100 brn
|-supereffective|p1a: Ursaluna
|-damage|p1a: Ursaluna|0 fnt
|faint|p1a: Ursaluna
|-hitcount|p1: Ursaluna|4
|
|upkeep
|
|t:|1779668309
|switch|p1a: Munkidori|Munkidori, M|100/100
|-damage|p1a: Munkidori|88/100|[from] Stealth Rock
|turn|4
|
|t:|1779668312
|switch|p2a: Hatterene|Hatterene, F|100/100
|move|p1a: Munkidori|Trick|p2a: Hatterene
|-activate|p1a: Munkidori|move: Trick|[of] p2a: Hatterene
|-item|p2a: Hatterene|Choice Scarf|[from] move: Trick
|-item|p1a: Munkidori|Focus Sash|[from] move: Trick
|
|upkeep
|turn|5
|
|t:|1779668318
|move|p1a: Munkidori|Sludge Bomb|p2a: Hatterene
|-supereffective|p2a: Hatterene
|-damage|p2a: Hatterene|6/100
|move|p2a: Hatterene|Nuzzle|p1a: Munkidori
|-damage|p1a: Munkidori|82/100
|-status|p1a: Munkidori|par
|
|upkeep
|turn|6
|
|t:|1779668324
|move|p1a: Munkidori|U-turn|p2a: Hatterene
|-damage|p2a: Hatterene|0 fnt
|faint|p2a: Hatterene
|
|t:|1779668330
|switch|p1a: Mandibuzz|Mandibuzz, F|100/100|[from] U-turn
|-damage|p1a: Mandibuzz|76/100|[from] Stealth Rock
|
|upkeep
|
|t:|1779668333
|switch|p2a: Cloyster|Cloyster, F|100/100
|turn|7
|
|t:|1779668342
|move|p2a: Cloyster|Shell Smash|p2a: Cloyster
|-unboost|p2a: Cloyster|def|1
|-unboost|p2a: Cloyster|spd|1
|-boost|p2a: Cloyster|atk|2
|-boost|p2a: Cloyster|spa|2
|-boost|p2a: Cloyster|spe|2
|move|p1a: Mandibuzz|Whirlwind|p2a: Cloyster
|drag|p2a: Blaziken|Blaziken, F|100/100
|
|upkeep
|turn|8
|
|t:|1779668347
|move|p2a: Blaziken|Swords Dance|p2a: Blaziken
|-boost|p2a: Blaziken|atk|2
|move|p1a: Mandibuzz|Toxic|p2a: Blaziken
|-status|p2a: Blaziken|tox
|
|-damage|p2a: Blaziken|95/100 tox|[from] psn
|-ability|p2a: Blaziken|Speed Boost|boost
|-boost|p2a: Blaziken|spe|1
|upkeep
|turn|9
|
|t:|1779668352
|move|p2a: Blaziken|Knock Off|p1a: Mandibuzz
|-resisted|p1a: Mandibuzz
|-damage|p1a: Mandibuzz|58/100
|-damage|p2a: Blaziken|78/100 tox|[from] item: Rocky Helmet|[of] p1a: Mandibuzz
|-enditem|p1a: Mandibuzz|Rocky Helmet|[from] move: Knock Off|[of] p2a: Blaziken
|move|p1a: Mandibuzz|Whirlwind|p2a: Blaziken
|drag|p2a: Cloyster|Cloyster, F|100/100
|
|upkeep
|turn|10
|-message|dillonbrookssimp forfeited.
|
|win|SgtBrick14
|raw|dillonbrookssimp's rating: 1378 &rarr; <strong>1362</strong><br />(-16 for losing)
|raw|SgtBrick14's rating: 1442 &rarr; <strong>1458</strong><br />(+16 for winning)
|l|☆dillonbrookssimp
|player|p1|
|l|☆SgtBrick14
|player|p2|
