|j|☆lupalla
|j|☆nomsprime320argt
|t:|1779712819
|gametype|singles
|player|p1|lupalla|unknown|1083
|player|p2|nomsprime320argt|cynthia|1138
|gen|9
|tier|[Gen 9] OU
|rated|
|rule|HP Percentage Mod: HP is shown in percentages
|rule|Endless Battle Clause: Forcing endless battles is banned
|rule|Species Clause: Limit one of each Pokémon
|rule|OHKO Clause: OHKO moves are banned
|rule|Evasion Items Clause: Evasion items are banned
|rule|Evasion Moves Clause: Evasion moves are banned
|rule|Evasion Abilities Clause: Evasion abilities are banned
|rule|Sleep Moves Clause: Sleep-inducing moves are banned
|clearpoke
|poke|p1|Donphan, L25, M|
|poke|p1|Cinccino, M|
|poke|p1|Ribombee, M|
|poke|p1|Oricorio-Pom-Pom, F|
|poke|p1|Azumarill, F|
|poke|p1|Whimsicott, M|
|poke|p2|Rillaboom, F|
|poke|p2|Garganacl, F|
|poke|p2|Iron Crown|
|poke|p2|Pecharunt|
|poke|p2|Ting-Lu|
|poke|p2|Hatterene, F|
|teampreview
|inactive|Battle timer is ON: inactive players will automatically lose when time's up. (requested by lupalla)
|inactive|nomsprime320argt has 120 seconds left.
|
|t:|1779712861
|teamsize|p1|6
|teamsize|p2|6
|start
|switch|p1a: Ribombee|Ribombee, M|100/100
|switch|p2a: Rillaboom|Rillaboom, F|100/100
|-fieldstart|move: Grassy Terrain|[from] ability: Grassy Surge|[of] p2a: Rillaboom
|turn|1
|
|t:|1779712865
|move|p1a: Ribombee|Sticky Web|p2a: Rillaboom
|-sidestart|p2: nomsprime320argt|move: Sticky Web
|move|p2a: Rillaboom|Leech Seed|p1a: Ribombee
|-start|p1a: Ribombee|move: Leech Seed
|
|-damage|p1a: Ribombee|88/100|[from] Leech Seed|[of] p2a: Rillaboom
|upkeep
|turn|2
|
|t:|1779712873
|move|p1a: Ribombee|Pollen Puff|p2a: Rillaboom
|-supereffective|p2a: Rillaboom
|-damage|p2a: Rillaboom|5/100
|move|p2a: Rillaboom|Swords Dance|p2a: Rillaboom
|-boost|p2a: Rillaboom|atk|2
|
|-heal|p1a: Ribombee|94/100|[from] Grassy Terrain
|-heal|p2a: Rillaboom|12/100|[from] Grassy Terrain
|-heal|p2a: Rillaboom|18/100|[from] item: Leftovers
|-damage|p1a: Ribombee|82/100|[from] Leech Seed|[of] p2a: Rillaboom
|-heal|p2a: Rillaboom|27/100|[silent]
|upkeep
|turn|3
|
|t:|1779712878
|move|p2a: Rillaboom|Grassy Glide|p1a: Ribombee
|-resisted|p1a: Ribombee
|-damage|p1a: Ribombee|14/100
|move|p1a: Ribombee|Pollen Puff|p2a: Rillaboom
|-supereffective|p2a: Rillaboom
|-damage|p2a: Rillaboom|0 fnt
|faint|p2a: Rillaboom
|
|-heal|p1a: Ribombee|20/100|[from] Grassy Terrain
|upkeep
|
|t:|1779712882
|switch|p2a: Hatterene|Hatterene, F, shiny|100/100
|-activate|p2a: Hatterene|move: Sticky Web
|-unboost|p2a: Hatterene|spe|1
|turn|4
|
|t:|1779712896
|move|p1a: Ribombee|Pollen Puff|p2a: Hatterene
|-damage|p2a: Hatterene|64/100
|move|p2a: Hatterene|Trick Room|p2a: Hatterene
|-fieldstart|move: Trick Room|[of] p2a: Hatterene
|
|-heal|p2a: Hatterene|70/100|[from] Grassy Terrain
|-heal|p2a: Hatterene|76/100|[from] item: Leftovers
|-heal|p1a: Ribombee|27/100|[from] Grassy Terrain
|-damage|p1a: Ribombee|14/100|[from] Leech Seed|[of] p2a: Hatterene
|-heal|p2a: Hatterene|86/100|[silent]
|upkeep
|turn|5
|
|t:|1779712925
|move|p2a: Hatterene|Calm Mind|p2a: Hatterene
|-boost|p2a: Hatterene|spa|1
|-boost|p2a: Hatterene|spd|1
|move|p1a: Ribombee|Pollen Puff|p2a: Hatterene
|-damage|p2a: Hatterene|60/100
|
|-heal|p2a: Hatterene|66/100|[from] Grassy Terrain
|-heal|p2a: Hatterene|72/100|[from] item: Leftovers
|-heal|p1a: Ribombee|20/100|[from] Grassy Terrain
|-damage|p1a: Ribombee|8/100|[from] Leech Seed|[of] p2a: Hatterene
|-heal|p2a: Hatterene|82/100|[silent]
|-fieldend|move: Grassy Terrain
|upkeep
|turn|6
|
|t:|1779712937
|move|p2a: Hatterene|Calm Mind|p2a: Hatterene
|-boost|p2a: Hatterene|spa|1
|-boost|p2a: Hatterene|spd|1
|move|p1a: Ribombee|Quiver Dance|p1a: Ribombee
|-boost|p1a: Ribombee|spa|1
|-boost|p1a: Ribombee|spd|1
|-boost|p1a: Ribombee|spe|1
|
|-heal|p2a: Hatterene|88/100|[from] item: Leftovers
|-damage|p1a: Ribombee|0 fnt|[from] Leech Seed|[of] p2a: Hatterene
|-heal|p2a: Hatterene|94/100|[silent]
|faint|p1a: Ribombee
|upkeep
|inactive|lupalla has 120 seconds left.
|inactive|lupalla has 90 seconds left.
|
|t:|1779712993
|switch|p1a: Donphan|Donphan, L25, M, shiny|100/100
|turn|7
|inactive|lupalla has 90 seconds left.
|
|t:|1779713003
|move|p2a: Hatterene|Psychic|p1a: Donphan
|-ability|p1a: Donphan|Sturdy
|-damage|p1a: Donphan|2/100
|move|p1a: Donphan|Endeavor|p2a: Hatterene
|-damage|p2a: Hatterene|1/100
|-heal|p1a: Donphan|44/100|[from] item: Shell Bell|[of] p2a: Hatterene
|
|-heal|p2a: Hatterene|7/100|[from] item: Leftovers
|upkeep
|turn|8
|
|t:|1779713007
|move|p1a: Donphan|Ice Shard|p2a: Hatterene
|-damage|p2a: Hatterene|6/100
|-heal|p1a: Donphan|45/100|[from] item: Shell Bell|[of] p2a: Hatterene
|move|p2a: Hatterene|Psychic|p1a: Donphan
|-damage|p1a: Donphan|0 fnt
|faint|p1a: Donphan
|
|-heal|p2a: Hatterene|12/100|[from] item: Leftovers
|-fieldend|move: Trick Room
|upkeep
|
|t:|1779713013
|switch|p1a: Cinccino|Cinccino, M, shiny|100/100
|turn|9
|
|t:|1779713016
|move|p1a: Cinccino|Tail Slap|p2a: Hatterene
|-damage|p2a: Hatterene|0 fnt
|faint|p2a: Hatterene
|-hitcount|p2: Hatterene|1
|
|upkeep
|
|t:|1779713020
|switch|p2a: Ting-Lu|Ting-Lu|100/100
|-activate|p2a: Ting-Lu|move: Sticky Web
|-unboost|p2a: Ting-Lu|spe|1
|-ability|p2a: Ting-Lu|Vessel of Ruin
|turn|10
|inactive|lupalla has 120 seconds left.
|
|t:|1779713028
|move|p1a: Cinccino|Bullet Seed|p2a: Ting-Lu
|-supereffective|p2a: Ting-Lu
|-damage|p2a: Ting-Lu|92/100
|-supereffective|p2a: Ting-Lu
|-damage|p2a: Ting-Lu|83/100
|-supereffective|p2a: Ting-Lu
|-damage|p2a: Ting-Lu|74/100
|-supereffective|p2a: Ting-Lu
|-damage|p2a: Ting-Lu|65/100
|-hitcount|p2a: Ting-Lu|4
|move|p2a: Ting-Lu|Stealth Rock|p1a: Cinccino
|-sidestart|p1: lupalla|move: Stealth Rock
|
|-heal|p2a: Ting-Lu|71/100|[from] item: Leftovers
|upkeep
|turn|11
|
|t:|1779713033
|move|p1a: Cinccino|Triple Axel|p2a: Ting-Lu
|-supereffective|p2a: Ting-Lu
|-damage|p2a: Ting-Lu|64/100
|-supereffective|p2a: Ting-Lu
|-damage|p2a: Ting-Lu|51/100
|-supereffective|p2a: Ting-Lu
|-damage|p2a: Ting-Lu|30/100
|-hitcount|p2a: Ting-Lu|3
|move|p2a: Ting-Lu|Spikes|p1a: Cinccino
|-sidestart|p1: lupalla|Spikes
|
|-heal|p2a: Ting-Lu|37/100|[from] item: Leftovers
|upkeep
|turn|12
|
|t:|1779713041
|move|p1a: Cinccino|Triple Axel|p2a: Ting-Lu
|-supereffective|p2a: Ting-Lu
|-damage|p2a: Ting-Lu|29/100
|-supereffective|p2a: Ting-Lu
|-damage|p2a: Ting-Lu|15/100
|-supereffective|p2a: Ting-Lu
|-damage|p2a: Ting-Lu|0 fnt
|faint|p2a: Ting-Lu
|-hitcount|p2: Ting-Lu|3
|
|upkeep
|
|t:|1779713046
|switch|p2a: Pecharunt|Pecharunt|100/100
|-item|p2a: Pecharunt|Air Balloon
|turn|13
|
|t:|1779713049
|move|p1a: Cinccino|Tidy Up|p1a: Cinccino
|-sideend|p1: lupalla|Spikes
|-sideend|p1: lupalla|Stealth Rock
|-sideend|p2: nomsprime320argt|Sticky Web
|-activate|p1a: Cinccino|move: Tidy Up
|-boost|p1a: Cinccino|atk|1
|-boost|p1a: Cinccino|spe|1
|move|p2a: Pecharunt|Malignant Chain|p1a: Cinccino
|-damage|p1a: Cinccino|23/100
|
|upkeep
|turn|14
|
|t:|1779713058
|move|p1a: Cinccino|Triple Axel|p2a: Pecharunt
|-damage|p2a: Pecharunt|93/100
|-enditem|p2a: Pecharunt|Air Balloon
|-damage|p2a: Pecharunt|77/100
|-damage|p2a: Pecharunt|54/100
|-hitcount|p2a: Pecharunt|3
|move|p2a: Pecharunt|Malignant Chain|p1a: Cinccino
|-damage|p1a: Cinccino|0 fnt
|faint|p1a: Cinccino
|
|upkeep
|
|t:|1779713072
|switch|p1a: Oricorio|Oricorio-Pom-Pom, F, shiny|100/100
|turn|15
|
|t:|1779713081
|move|p1a: Oricorio|Quiver Dance|p1a: Oricorio
|-boost|p1a: Oricorio|spa|1
|-boost|p1a: Oricorio|spd|1
|-boost|p1a: Oricorio|spe|1
|move|p2a: Pecharunt|Recover|p2a: Pecharunt
|-heal|p2a: Pecharunt|100/100
|
|upkeep
|turn|16
|
|t:|1779713105
|move|p1a: Oricorio|Substitute|p1a: Oricorio
|-start|p1a: Oricorio|Substitute
|-damage|p1a: Oricorio|75/100
|move|p2a: Pecharunt|Malignant Chain|p1a: Oricorio
|-crit|p1a: Oricorio
|-end|p1a: Oricorio|Substitute
|
|upkeep
|turn|17
|
|t:|1779713110
|move|p1a: Oricorio|Quiver Dance|p1a: Oricorio
|-boost|p1a: Oricorio|spa|1
|-boost|p1a: Oricorio|spd|1
|-boost|p1a: Oricorio|spe|1
|move|p2a: Pecharunt|Recover||[still]
|-fail|p2a: Pecharunt|heal
|
|upkeep
|turn|18
|
|t:|1779713118
|move|p1a: Oricorio|Quiver Dance|p1a: Oricorio
|-boost|p1a: Oricorio|spa|1
|-boost|p1a: Oricorio|spd|1
|-boost|p1a: Oricorio|spe|1
|move|p2a: Pecharunt|Malignant Chain|p1a: Oricorio
|-damage|p1a: Oricorio|48/100
|-status|p1a: Oricorio|tox
|-start|p1a: Oricorio|confusion|[from] ability: Poison Puppeteer|[of] p2a: Pecharunt
|
|-damage|p1a: Oricorio|42/100 tox|[from] psn
|upkeep
|turn|19
|
|t:|1779713126
|-activate|p1a: Oricorio|confusion
|move|p1a: Oricorio|Roost|p1a: Oricorio
|-heal|p1a: Oricorio|92/100 tox
|-singleturn|p1a: Oricorio|move: Roost
|move|p2a: Pecharunt|Malignant Chain|p1a: Oricorio
|-damage|p1a: Oricorio|65/100 tox
|
|-damage|p1a: Oricorio|52/100 tox|[from] psn
|upkeep
|turn|20
|inactive|lupalla has 120 seconds left.
|inactive|lupalla has 90 seconds left.
|
|t:|1779713187
|-activate|p1a: Oricorio|confusion
|move|p1a: Oricorio|Revelation Dance|p2a: Pecharunt
|-damage|p2a: Pecharunt|3/100
|move|p2a: Pecharunt|Malignant Chain|p1a: Oricorio
|-damage|p1a: Oricorio|23/100 tox
|
|-damage|p1a: Oricorio|5/100 tox|[from] psn
|upkeep
|turn|21
|
|t:|1779713200
|-end|p1a: Oricorio|confusion
|move|p1a: Oricorio|Roost|p1a: Oricorio
|-heal|p1a: Oricorio|55/100 tox
|-singleturn|p1a: Oricorio|move: Roost
|move|p2a: Pecharunt|Recover|p2a: Pecharunt
|-heal|p2a: Pecharunt|53/100
|
|-damage|p1a: Oricorio|30/100 tox|[from] psn
|upkeep
|turn|22
|
|t:|1779713212
|move|p1a: Oricorio|Revelation Dance|p2a: Pecharunt
|-damage|p2a: Pecharunt|0 fnt
|faint|p2a: Pecharunt
|
|-damage|p1a: Oricorio|0 fnt|[from] psn
|faint|p1a: Oricorio
|upkeep
|
|t:|1779713220
|switch|p1a: Whimsicott|Whimsicott, M, shiny|100/100
|switch|p2a: Garganacl|Garganacl, F, shiny|100/100
|turn|23
|
|t:|1779713226
|-terastallize|p2a: Garganacl|Ghost
|move|p1a: Whimsicott|Substitute|p1a: Whimsicott
|-start|p1a: Whimsicott|Substitute
|-damage|p1a: Whimsicott|76/100
|move|p2a: Garganacl|Iron Defense|p2a: Garganacl
|-boost|p2a: Garganacl|def|2
|
|-heal|p1a: Whimsicott|82/100|[from] item: Leftovers
|upkeep
|turn|24
|inactive|lupalla has 120 seconds left.
|
|t:|1779713234
|move|p1a: Whimsicott|Encore|p2a: Garganacl
|-start|p2a: Garganacl|Encore
|move|p2a: Garganacl|Iron Defense|p2a: Garganacl
|-boost|p2a: Garganacl|def|2
|
|-heal|p1a: Whimsicott|88/100|[from] item: Leftovers
|upkeep
|turn|25
|
|t:|1779713237
|switch|p2a: Iron Crown|Iron Crown|100/100
|-enditem|p2a: Iron Crown|Booster Energy
|-activate|p2a: Iron Crown|ability: Quark Drive|[fromitem]
|-start|p2a: Iron Crown|quarkdrivespa
|move|p1a: Whimsicott|Leech Seed|p2a: Iron Crown
|-start|p2a: Iron Crown|move: Leech Seed
|
|-heal|p1a: Whimsicott|94/100|[from] item: Leftovers
|-damage|p2a: Iron Crown|88/100|[from] Leech Seed|[of] p1a: Whimsicott
|-heal|p1a: Whimsicott|100/100|[silent]
|upkeep
|turn|26
|inactive|lupalla has 120 seconds left.
|
|t:|1779713258
|-terastallize|p1a: Whimsicott|Steel
|move|p1a: Whimsicott|Moonblast|p2a: Iron Crown
|-resisted|p2a: Iron Crown
|-damage|p2a: Iron Crown|70/100
|move|p2a: Iron Crown|Tachyon Cutter|p1a: Whimsicott
|-resisted|p1a: Whimsicott
|-end|p1a: Whimsicott|Substitute
|-resisted|p1a: Whimsicott
|-damage|p1a: Whimsicott|72/100
|-hitcount|p1a: Whimsicott|2
|
|-heal|p1a: Whimsicott|78/100|[from] item: Leftovers
|-damage|p2a: Iron Crown|58/100|[from] Leech Seed|[of] p1a: Whimsicott
|-heal|p1a: Whimsicott|93/100|[silent]
|upkeep
|turn|27
|inactive|lupalla has 120 seconds left.
|
|t:|1779713268
|move|p1a: Whimsicott|Encore|p2a: Iron Crown
|-start|p2a: Iron Crown|Encore
|move|p2a: Iron Crown|Tachyon Cutter|p1a: Whimsicott
|-resisted|p1a: Whimsicott
|-damage|p1a: Whimsicott|68/100
|-resisted|p1a: Whimsicott
|-damage|p1a: Whimsicott|40/100
|-hitcount|p1a: Whimsicott|2
|
|-heal|p1a: Whimsicott|46/100|[from] item: Leftovers
|-damage|p2a: Iron Crown|45/100|[from] Leech Seed|[of] p1a: Whimsicott
|-heal|p1a: Whimsicott|62/100|[silent]
|upkeep
|turn|28
|inactive|lupalla has 120 seconds left.
|
|t:|1779713279
|-end|p2a: Iron Crown|Quark Drive|[silent]
|switch|p2a: Garganacl|Garganacl, F, shiny, tera:Ghost|100/100
|move|p1a: Whimsicott|Encore||[still]
|-fail|p1a: Whimsicott
|
|-heal|p1a: Whimsicott|68/100|[from] item: Leftovers
|upkeep
|turn|29
|
|t:|1779713284
|move|p1a: Whimsicott|Substitute|p1a: Whimsicott
|-start|p1a: Whimsicott|Substitute
|-damage|p1a: Whimsicott|43/100
|move|p2a: Garganacl|Body Press|p1a: Whimsicott
|-supereffective|p1a: Whimsicott
|-end|p1a: Whimsicott|Substitute
|
|-heal|p1a: Whimsicott|49/100|[from] item: Leftovers
|upkeep
|turn|30
|
|t:|1779713295
|move|p1a: Whimsicott|Leech Seed|p2a: Garganacl
|-start|p2a: Garganacl|move: Leech Seed
|move|p2a: Garganacl|Salt Cure|p1a: Whimsicott
|-resisted|p1a: Whimsicott
|-damage|p1a: Whimsicott|39/100
|-start|p1a: Whimsicott|Salt Cure
|
|-heal|p1a: Whimsicott|45/100|[from] item: Leftovers
|-damage|p2a: Garganacl|88/100|[from] Leech Seed|[of] p1a: Whimsicott
|-heal|p1a: Whimsicott|64/100|[silent]
|-damage|p1a: Whimsicott|39/100|[from] Salt Cure
|upkeep
|turn|31
|
|t:|1779713305
|switch|p2a: Iron Crown|Iron Crown|45/100
|move|p1a: Whimsicott|Substitute|p1a: Whimsicott
|-start|p1a: Whimsicott|Substitute
|-damage|p1a: Whimsicott|14/100
|
|-heal|p1a: Whimsicott|20/100|[from] item: Leftovers
|-damage|p1a: Whimsicott|0 fnt|[from] Salt Cure
|faint|p1a: Whimsicott
|upkeep
|
|t:|1779713316
|switch|p1a: Azumarill|Azumarill, F|100/100
|turn|32
|
|t:|1779713319
|move|p2a: Iron Crown|Tachyon Cutter|p1a: Azumarill
|-damage|p1a: Azumarill|76/100
|-crit|p1a: Azumarill
|-damage|p1a: Azumarill|39/100
|-enditem|p1a: Azumarill|Sitrus Berry|[eat]
|-heal|p1a: Azumarill|64/100|[from] item: Sitrus Berry
|-hitcount|p1a: Azumarill|2
|move|p1a: Azumarill|Belly Drum|p1a: Azumarill
|-damage|p1a: Azumarill|14/100
|-setboost|p1a: Azumarill|atk|6|[from] move: Belly Drum
|
|upkeep
|turn|33
|
|t:|1779713327
|move|p1a: Azumarill|Aqua Jet|p2a: Iron Crown
|-damage|p2a: Iron Crown|0 fnt
|faint|p2a: Iron Crown
|-end|p2a: Iron Crown|Quark Drive|[silent]
|
|upkeep
|
|t:|1779713330
|switch|p2a: Garganacl|Garganacl, F, shiny, tera:Ghost|88/100
|turn|34
|
|t:|1779713336
|move|p1a: Azumarill|Aqua Jet|p2a: Garganacl
|-damage|p2a: Garganacl|20/100
|move|p2a: Garganacl|Salt Cure|p1a: Azumarill
|-damage|p1a: Azumarill|0 fnt
|faint|p1a: Azumarill
|
|win|nomsprime320argt
|raw|lupalla's rating: 1083 &rarr; <strong>1064</strong><br />(-19 for losing)
|raw|nomsprime320argt's rating: 1138 &rarr; <strong>1159</strong><br />(+21 for winning)
|l|☆lupalla
|player|p1|
|l|☆nomsprime320argt
|player|p2|
