|j|☆glimpseman
|j|☆marcodeso
|t:|1779690711
|gametype|singles
|player|p1|glimpseman|#wcor2025canada|1361
|player|p2|marcodeso|n|1334
|gen|9
|tier|[Gen 9] OU
|rated|
|rule|HP Percentage Mod: HP is shown in percentages
|rule|Endless Battle Clause: Forcing endless battles is banned
|rule|Species Clause: Limit one of each Pokémon
|rule|OHKO Clause: OHKO moves are banned
|rule|Evasion Items Clause: Evasion items are banned
|rule|Evasion Moves Clause: Evasion moves are banned
|rule|Evasion Abilities Clause: Evasion abilities are banned
|rule|Sleep Moves Clause: Sleep-inducing moves are banned
|clearpoke
|poke|p1|Toxtricity, F|
|poke|p1|Gholdengo|
|poke|p1|Ting-Lu|
|poke|p1|Glimmora, F|
|poke|p1|Iron Valiant|
|poke|p1|Rillaboom, M|
|poke|p2|Ribombee, F|
|poke|p2|Zapdos|
|poke|p2|Zoroark-Hisui, F|
|poke|p2|Kommo-o, M|
|poke|p2|Munkidori, M|
|poke|p2|Cloyster, F|
|teampreview
|inactive|Battle timer is ON: inactive players will automatically lose when time's up. (requested by marcodeso)
|inactive|glimpseman also wants the timer to be on.
|
|t:|1779690719
|teamsize|p1|6
|teamsize|p2|6
|start
|switch|p1a: Glimmora|Glimmora, F|100/100
|switch|p2a: Zapdos|Zapdos|100/100
|turn|1
|
|t:|1779690722
|move|p2a: Zapdos|Rain Dance|p2a: Zapdos
|-weather|RainDance
|move|p1a: Glimmora|Power Gem|p2a: Zapdos
|-supereffective|p2a: Zapdos
|-damage|p2a: Zapdos|18/100
|
|-weather|RainDance|[upkeep]
|upkeep
|turn|2
|
|t:|1779690726
|switch|p1a: Rillaboom|Rillaboom, M|100/100
|-fieldstart|move: Grassy Terrain|[from] ability: Grassy Surge|[of] p1a: Rillaboom
|move|p2a: Zapdos|Weather Ball|p1a: Rillaboom
|-resisted|p1a: Rillaboom
|-damage|p1a: Rillaboom|86/100
|
|-weather|RainDance|[upkeep]
|-heal|p1a: Rillaboom|92/100|[from] Grassy Terrain
|upkeep
|turn|3
|
|t:|1779690732
|move|p1a: Rillaboom|Grassy Glide|p2a: Zapdos
|-resisted|p2a: Zapdos
|-crit|p2a: Zapdos
|-damage|p2a: Zapdos|0 fnt
|-status|p1a: Rillaboom|par|[from] ability: Static|[of] p2a: Zapdos
|faint|p2a: Zapdos
|
|-weather|RainDance|[upkeep]
|-heal|p1a: Rillaboom|98/100 par|[from] Grassy Terrain
|upkeep
|
|t:|1779690737
|switch|p2a: Kommo-o|Kommo-o, M|100/100
|turn|4
|
|t:|1779690740
|move|p2a: Kommo-o|Clangorous Soul|p2a: Kommo-o
|-boost|p2a: Kommo-o|atk|1
|-boost|p2a: Kommo-o|def|1
|-boost|p2a: Kommo-o|spa|1
|-boost|p2a: Kommo-o|spd|1
|-boost|p2a: Kommo-o|spe|1
|-damage|p2a: Kommo-o|68/100
|move|p1a: Rillaboom|U-turn|p2a: Kommo-o
|-resisted|p2a: Kommo-o
|-damage|p2a: Kommo-o|61/100
|
|t:|1779690742
|switch|p1a: Iron Valiant|Iron Valiant|100/100|[from] U-turn
|-enditem|p1a: Iron Valiant|Booster Energy
|-activate|p1a: Iron Valiant|ability: Quark Drive|[fromitem]
|-start|p1a: Iron Valiant|quarkdrivespe
|
|-weather|RainDance|[upkeep]
|-heal|p2a: Kommo-o|67/100|[from] Grassy Terrain
|-heal|p2a: Kommo-o|73/100|[from] item: Leftovers
|upkeep
|turn|5
|
|t:|1779690746
|-terastallize|p2a: Kommo-o|Steel
|move|p1a: Iron Valiant|Encore|p2a: Kommo-o
|-start|p2a: Kommo-o|Encore
|move|p2a: Kommo-o|Clangorous Soul|p2a: Kommo-o
|-boost|p2a: Kommo-o|atk|1
|-boost|p2a: Kommo-o|def|1
|-boost|p2a: Kommo-o|spa|1
|-boost|p2a: Kommo-o|spd|1
|-boost|p2a: Kommo-o|spe|1
|-damage|p2a: Kommo-o|40/100
|
|-weather|none
|-heal|p2a: Kommo-o|46/100|[from] Grassy Terrain
|-heal|p2a: Kommo-o|52/100|[from] item: Leftovers
|upkeep
|turn|6
|
|t:|1779690760
|move|p2a: Kommo-o|Clangorous Soul|p2a: Kommo-o
|-boost|p2a: Kommo-o|atk|1
|-boost|p2a: Kommo-o|def|1
|-boost|p2a: Kommo-o|spa|1
|-boost|p2a: Kommo-o|spd|1
|-boost|p2a: Kommo-o|spe|1
|-damage|p2a: Kommo-o|19/100
|move|p1a: Iron Valiant|Swords Dance|p1a: Iron Valiant
|-boost|p1a: Iron Valiant|atk|2
|
|-heal|p2a: Kommo-o|26/100|[from] Grassy Terrain
|-heal|p2a: Kommo-o|32/100|[from] item: Leftovers
|-fieldend|move: Grassy Terrain
|upkeep
|turn|7
|
|t:|1779690763
|move|p2a: Kommo-o|Clangorous Soul||[still]
|-fail|p2a: Kommo-o
|move|p1a: Iron Valiant|Close Combat|p2a: Kommo-o
|-supereffective|p2a: Kommo-o
|-damage|p2a: Kommo-o|0 fnt
|-unboost|p1a: Iron Valiant|def|1
|-unboost|p1a: Iron Valiant|spd|1
|faint|p2a: Kommo-o
|
|upkeep
|
|t:|1779690770
|switch|p2a: Ribombee|Ribombee, F, shiny|100/100
|turn|8
|
|t:|1779690773
|move|p1a: Iron Valiant|Knock Off|p2a: Ribombee
|-supereffective|p2a: Ribombee
|-damage|p2a: Ribombee|0 fnt
|replace|p2a: Zoroark|Zoroark-Hisui, F, shiny
|-end|p2a: Zoroark|Illusion
|-enditem|p2a: Zoroark|Throat Spray|[from] move: Knock Off|[of] p1a: Iron Valiant
|faint|p2a: Zoroark
|
|upkeep
|
|t:|1779690778
|switch|p2a: Ribombee|Ribombee, F, shiny|100/100
|turn|9
|
|t:|1779690781
|move|p1a: Iron Valiant|Knock Off|p2a: Ribombee
|-resisted|p2a: Ribombee
|-damage|p2a: Ribombee|33/100
|-enditem|p2a: Ribombee|Focus Sash|[from] move: Knock Off|[of] p1a: Iron Valiant
|move|p2a: Ribombee|Moonblast|p1a: Iron Valiant
|-supereffective|p1a: Iron Valiant
|-damage|p1a: Iron Valiant|0 fnt
|faint|p1a: Iron Valiant
|-end|p1a: Iron Valiant|Quark Drive|[silent]
|
|upkeep
|
|t:|1779690785
|switch|p1a: Glimmora|Glimmora, F|100/100
|turn|10
|
|t:|1779690798
|move|p2a: Ribombee|Sticky Web|p1a: Glimmora
|-sidestart|p1: glimpseman|move: Sticky Web
|move|p1a: Glimmora|Mortal Spin|p2a: Ribombee
|-supereffective|p2a: Ribombee
|-damage|p2a: Ribombee|8/100
|-sideend|p1: glimpseman|Sticky Web|[from] move: Mortal Spin|[of] p1a: Glimmora
|
|upkeep
|turn|11
|
|t:|1779690805
|move|p2a: Ribombee|Sticky Web|p1a: Glimmora
|-sidestart|p1: glimpseman|move: Sticky Web
|move|p1a: Glimmora|Mortal Spin|p2a: Ribombee
|-supereffective|p2a: Ribombee
|-damage|p2a: Ribombee|0 fnt
|-sideend|p1: glimpseman|Sticky Web|[from] move: Mortal Spin|[of] p1a: Glimmora
|faint|p2a: Ribombee
|
|upkeep
|
|t:|1779690809
|switch|p2a: Cloyster|Cloyster, F, shiny|100/100
|turn|12
|
|t:|1779690811
|move|p2a: Cloyster|Shell Smash|p2a: Cloyster
|-unboost|p2a: Cloyster|def|1
|-unboost|p2a: Cloyster|spd|1
|-boost|p2a: Cloyster|atk|2
|-boost|p2a: Cloyster|spa|2
|-boost|p2a: Cloyster|spe|2
|move|p1a: Glimmora|Power Gem|p2a: Cloyster
|-supereffective|p2a: Cloyster
|-enditem|p2a: Cloyster|Focus Sash
|-damage|p2a: Cloyster|1/100
|
|upkeep
|turn|13
|
|t:|1779690816
|move|p2a: Cloyster|Drill Run|p1a: Glimmora
|-supereffective|p1a: Glimmora
|-damage|p1a: Glimmora|0 fnt
|faint|p1a: Glimmora
|
|upkeep
|
|t:|1779690817
|switch|p1a: Rillaboom|Rillaboom, M|98/100 par
|-fieldstart|move: Grassy Terrain|[from] ability: Grassy Surge|[of] p1a: Rillaboom
|turn|14
|
|t:|1779690819
|move|p1a: Rillaboom|Grassy Glide|p2a: Cloyster
|-supereffective|p2a: Cloyster
|-damage|p2a: Cloyster|0 fnt
|faint|p2a: Cloyster
|
|-heal|p1a: Rillaboom|100/100 par|[from] Grassy Terrain
|upkeep
|
|t:|1779690820
|switch|p2a: Munkidori|Munkidori, M|100/100
|-item|p2a: Munkidori|Air Balloon
|turn|15
|
|t:|1779690822
|move|p2a: Munkidori|Sludge Bomb|p1a: Rillaboom
|-supereffective|p1a: Rillaboom
|-crit|p1a: Rillaboom
|-damage|p1a: Rillaboom|14/100 par
|move|p1a: Rillaboom|Knock Off|p2a: Munkidori
|-supereffective|p2a: Munkidori
|-damage|p2a: Munkidori|7/100
|-enditem|p2a: Munkidori|Air Balloon
|
|-heal|p2a: Munkidori|13/100|[from] Grassy Terrain
|-heal|p1a: Rillaboom|20/100 par|[from] Grassy Terrain
|upkeep
|turn|16
|
|t:|1779690828
|move|p1a: Rillaboom|Grassy Glide|p2a: Munkidori
|-resisted|p2a: Munkidori
|-damage|p2a: Munkidori|0 fnt
|faint|p2a: Munkidori
|
|win|glimpseman
|raw|glimpseman's rating: 1361 &rarr; <strong>1379</strong><br />(+18 for winning)
|raw|marcodeso's rating: 1334 &rarr; <strong>1316</strong><br />(-18 for losing)
|l|☆marcodeso
|player|p2|
|l|☆glimpseman
|player|p1|
