|j|☆hey you're
|j|☆shuu0908
|t:|1779628434
|gametype|singles
|player|p1|hey you're|blackbelt-gen4dp|1492
|player|p2|shuu0908|n|1475
|gen|9
|tier|[Gen 9] OU
|rated|
|rule|HP Percentage Mod: HP is shown in percentages
|rule|Endless Battle Clause: Forcing endless battles is banned
|rule|Species Clause: Limit one of each Pokémon
|rule|OHKO Clause: OHKO moves are banned
|rule|Evasion Items Clause: Evasion items are banned
|rule|Evasion Moves Clause: Evasion moves are banned
|rule|Evasion Abilities Clause: Evasion abilities are banned
|rule|Sleep Moves Clause: Sleep-inducing moves are banned
|clearpoke
|poke|p1|Moltres|
|poke|p1|Maushold-Four|
|poke|p1|Goodra-Hisui, M|
|poke|p1|Ogerpon-Wellspring, F|
|poke|p1|Gholdengo|
|poke|p1|Zamazenta-*|
|poke|p2|Hatterene, F|
|poke|p2|Great Tusk|
|poke|p2|Tornadus-Therian, M|
|poke|p2|Kyurem|
|poke|p2|Slowking-Galar, F|
|poke|p2|Kingambit, F|
|teampreview
|inactive|Battle timer is ON: inactive players will automatically lose when time's up. (requested by hey you're)
|
|t:|1779628449
|teamsize|p1|6
|teamsize|p2|6
|start
|switch|p1a: Ogerpon|Ogerpon-Wellspring, F|100/100
|switch|p2a: Tornadus|Tornadus-Therian, M|100/100
|turn|1
|
|t:|1779628453
|-terastallize|p1a: Ogerpon|Water
|detailschange|p1a: Ogerpon|Ogerpon-Wellspring-Tera, F, tera:Water
|-ability|p1a: Ogerpon|Embody Aspect (Wellspring)|boost
|-boost|p1a: Ogerpon|spd|1
|move|p2a: Tornadus|U-turn|p1a: Ogerpon
|-crit|p1a: Ogerpon
|-damage|p1a: Ogerpon|69/100
|
|t:|1779628462
|switch|p2a: Kyurem|Kyurem|100/100|[from] U-turn
|-ability|p2a: Kyurem|Pressure
|move|p1a: Ogerpon|Ivy Cudgel|p2a: Kyurem|[anim] Ivy Cudgel Water
|-resisted|p2a: Kyurem
|-damage|p2a: Kyurem|65/100
|
|upkeep
|turn|2
|
|t:|1779628468
|switch|p1a: Gholdengo|Gholdengo|100/100
|move|p2a: Kyurem|Freeze-Dry|p1a: Gholdengo
|-resisted|p1a: Gholdengo
|-damage|p1a: Gholdengo|68/100
|
|upkeep
|turn|3
|
|t:|1779628480
|switch|p2a: Tornadus|Tornadus-Therian, M|100/100
|move|p1a: Gholdengo|Trick|p2a: Tornadus
|-activate|p1a: Gholdengo|move: Trick|[of] p2a: Tornadus
|-item|p2a: Tornadus|Choice Scarf|[from] move: Trick
|-item|p1a: Gholdengo|Assault Vest|[from] move: Trick
|
|upkeep
|turn|4
|
|t:|1779628493
|switch|p1a: Goodra|Goodra-Hisui, M|100/100
|move|p2a: Tornadus|Knock Off|p1a: Goodra
|-damage|p1a: Goodra|80/100
|-enditem|p1a: Goodra|Assault Vest|[from] move: Knock Off|[of] p2a: Tornadus
|
|upkeep
|turn|5
|
|t:|1779628501
|switch|p2a: Slowking|Slowking-Galar, F|100/100
|move|p1a: Goodra|Draco Meteor|p2a: Slowking
|-damage|p2a: Slowking|50/100
|-unboost|p1a: Goodra|spa|2
|
|-heal|p2a: Slowking|56/100|[from] item: Black Sludge
|upkeep
|turn|6
|
|t:|1779628509
|switch|p1a: Gholdengo|Gholdengo|68/100
|move|p2a: Slowking|Trick|p1a: Gholdengo
|-immune|p1a: Gholdengo|[from] ability: Good as Gold
|
|-heal|p2a: Slowking|62/100|[from] item: Black Sludge
|upkeep
|turn|7
|
|t:|1779628518
|move|p1a: Gholdengo|Shadow Ball|p2a: Slowking
|-supereffective|p2a: Slowking
|-damage|p2a: Slowking|0 fnt
|faint|p2a: Slowking
|
|upkeep
|
|t:|1779628526
|switch|p2a: Great Tusk|Great Tusk|100/100
|turn|8
|
|t:|1779628530
|switch|p1a: Moltres|Moltres|100/100
|move|p2a: Great Tusk|Stealth Rock|p1a: Moltres
|-sidestart|p1: hey you're|move: Stealth Rock
|
|upkeep
|turn|9
|
|t:|1779628533
|-end|p2a: Great Tusk|Protosynthesis|[silent]
|switch|p2a: Tornadus|Tornadus-Therian, M|100/100
|move|p1a: Moltres|U-turn|p2a: Tornadus
|-resisted|p2a: Tornadus
|-damage|p2a: Tornadus|91/100
|j| darkrat18
|
|t:|1779628541
|switch|p1a: Goodra|Goodra-Hisui, M|80/100|[from] U-turn
|-damage|p1a: Goodra|74/100|[from] Stealth Rock
|
|upkeep
|turn|10
|
|t:|1779628546
|move|p2a: Tornadus|U-turn|p1a: Goodra
|-resisted|p1a: Goodra
|-damage|p1a: Goodra|67/100
|
|t:|1779628556
|switch|p2a: Great Tusk|Great Tusk|100/100|[from] U-turn
|move|p1a: Goodra|Flash Cannon|p2a: Great Tusk
|-damage|p2a: Great Tusk|39/100
|
|upkeep
|turn|11
|
|t:|1779628562
|switch|p1a: Moltres|Moltres|100/100
|move|p2a: Great Tusk|Ice Spinner|p1a: Moltres
|-damage|p1a: Moltres|82/100
|
|upkeep
|turn|12
|
|t:|1779628569
|-end|p2a: Great Tusk|Protosynthesis|[silent]
|switch|p2a: Hatterene|Hatterene, F|100/100
|move|p1a: Moltres|U-turn|p2a: Hatterene
|-damage|p2a: Hatterene|87/100
|-damage|p1a: Moltres|66/100|[from] item: Rocky Helmet|[of] p2a: Hatterene
|
|t:|1779628576
|switch|p1a: Gholdengo|Gholdengo|68/100|[from] U-turn
|-damage|p1a: Gholdengo|62/100|[from] Stealth Rock
|
|upkeep
|turn|13
|
|t:|1779628588
|switch|p2a: Tornadus|Tornadus-Therian, M|100/100
|move|p1a: Gholdengo|Shadow Ball|p2a: Tornadus
|-damage|p2a: Tornadus|60/100
|
|upkeep
|turn|14
|
|t:|1779628597
|move|p2a: Tornadus|Knock Off|p1a: Gholdengo
|-supereffective|p1a: Gholdengo
|-damage|p1a: Gholdengo|18/100
|-enditem|p1a: Gholdengo|Assault Vest|[from] move: Knock Off|[of] p2a: Tornadus
|move|p1a: Gholdengo|Shadow Ball|p2a: Tornadus
|-damage|p2a: Tornadus|17/100
|-unboost|p2a: Tornadus|spd|1
|
|upkeep
|turn|15
|
|t:|1779628603
|switch|p1a: Moltres|Moltres|66/100
|move|p2a: Tornadus|Knock Off|p1a: Moltres
|-damage|p1a: Moltres|53/100
|-enditem|p1a: Moltres|Heavy-Duty Boots|[from] move: Knock Off|[of] p2a: Tornadus
|
|upkeep
|turn|16
|
|t:|1779628611
|switch|p2a: Great Tusk|Great Tusk|39/100
|move|p1a: Moltres|U-turn|p2a: Great Tusk
|-resisted|p2a: Great Tusk
|-damage|p2a: Great Tusk|33/100
|-damage|p1a: Moltres|37/100|[from] item: Rocky Helmet|[of] p2a: Great Tusk
|
|t:|1779628614
|switch|p1a: Ogerpon|Ogerpon-Wellspring-Tera, F, tera:Water|69/100|[from] U-turn
|-damage|p1a: Ogerpon|57/100|[from] Stealth Rock
|-ability|p1a: Ogerpon|Embody Aspect (Wellspring)|boost
|-boost|p1a: Ogerpon|spd|1
|
|upkeep
|turn|17
|
|t:|1779628622
|move|p1a: Ogerpon|Ivy Cudgel|p2a: Great Tusk|[anim] Ivy Cudgel Water
|-supereffective|p2a: Great Tusk
|-damage|p2a: Great Tusk|0 fnt
|faint|p2a: Great Tusk
|-end|p2a: Great Tusk|Protosynthesis|[silent]
|
|upkeep
|
|t:|1779628625
|switch|p2a: Kyurem|Kyurem|65/100
|-ability|p2a: Kyurem|Pressure
|turn|18
|
|t:|1779628639
|switch|p1a: Gholdengo|Gholdengo|18/100
|-damage|p1a: Gholdengo|12/100|[from] Stealth Rock
|move|p2a: Kyurem|Freeze-Dry|p1a: Gholdengo
|-resisted|p1a: Gholdengo
|-damage|p1a: Gholdengo|0 fnt
|faint|p1a: Gholdengo
|
|upkeep
|
|t:|1779628643
|switch|p1a: Maushold|Maushold-Four|100/100
|-damage|p1a: Maushold|88/100|[from] Stealth Rock
|turn|19
|
|t:|1779628652
|move|p1a: Maushold|Population Bomb|p2a: Kyurem
|-damage|p2a: Kyurem|55/100
|-damage|p2a: Kyurem|44/100
|-damage|p2a: Kyurem|33/100
|-crit|p2a: Kyurem
|-damage|p2a: Kyurem|18/100
|-damage|p2a: Kyurem|7/100
|-damage|p2a: Kyurem|0 fnt
|faint|p2a: Kyurem
|-hitcount|p2: Kyurem|6
|
|upkeep
|
|t:|1779628660
|switch|p2a: Hatterene|Hatterene, F|87/100
|turn|20
|
|t:|1779628665
|move|p1a: Maushold|Tidy Up|p1a: Maushold
|-sideend|p1: hey you're|Stealth Rock
|-activate|p1a: Maushold|move: Tidy Up
|-boost|p1a: Maushold|atk|1
|-boost|p1a: Maushold|spe|1
|move|p2a: Hatterene|Nuzzle|p1a: Maushold
|-damage|p1a: Maushold|81/100
|-status|p1a: Maushold|par
|
|upkeep
|turn|21
|
|t:|1779628670
|switch|p1a: Goodra|Goodra-Hisui, M|67/100
|move|p2a: Hatterene|Psychic Noise|p1a: Goodra
|-resisted|p1a: Goodra
|-damage|p1a: Goodra|55/100
|-start|p1a: Goodra|move: Heal Block
|
|upkeep
|turn|22
|
|t:|1779628674
|switch|p2a: Tornadus|Tornadus-Therian, M|50/100
|move|p1a: Goodra|Flash Cannon|p2a: Tornadus
|-damage|p2a: Tornadus|10/100
|
|-end|p1a: Goodra|move: Heal Block
|upkeep
|turn|23
|
|t:|1779628679
|move|p2a: Tornadus|U-turn|p1a: Goodra
|-resisted|p1a: Goodra
|-damage|p1a: Goodra|48/100
|
|t:|1779628681
|switch|p2a: Kingambit|Kingambit, F|100/100|[from] U-turn
|-activate|p2a: Kingambit|ability: Supreme Overlord
|-start|p2a: Kingambit|fallen3|[silent]
|move|p1a: Goodra|Flamethrower|p2a: Kingambit
|-supereffective|p2a: Kingambit
|-damage|p2a: Kingambit|46/100
|
|-heal|p2a: Kingambit|52/100|[from] item: Leftovers
|upkeep
|turn|24
|
|t:|1779628684
|move|p1a: Goodra|Flamethrower|p2a: Kingambit
|-supereffective|p2a: Kingambit
|-damage|p2a: Kingambit|0 fnt
|faint|p2a: Kingambit
|-end|p2a: Kingambit|fallen3|[silent]
|
|upkeep
|-message|shuu0908 forfeited.
|
|win|hey you're
|raw|hey you&apos;re's rating: 1492 &rarr; <strong>1511</strong><br />(+19 for winning)
|raw|shuu0908's rating: 1475 &rarr; <strong>1456</strong><br />(-19 for losing)
|l|☆shuu0908
|player|p2|
|l|☆hey you're
|player|p1|
|l| darkrat18
