|inactive|Battle timer is ON: inactive players will automatically lose when time's up.
|t:|1779592250
|gametype|singles
|player|p1|HereIsAlter|#wcop2026peru2|
|player|p2|Abele01✞|#wcop2025chile|
|gen|9
|tier|[Gen 9] OU
|rule|HP Percentage Mod: HP is shown in percentages
|rule|Endless Battle Clause: Forcing endless battles is banned
|rule|Species Clause: Limit one of each Pokémon
|rule|OHKO Clause: OHKO moves are banned
|rule|Evasion Items Clause: Evasion items are banned
|rule|Evasion Moves Clause: Evasion moves are banned
|rule|Evasion Abilities Clause: Evasion abilities are banned
|rule|Sleep Moves Clause: Sleep-inducing moves are banned
|clearpoke
|poke|p1|Ogerpon-Cornerstone, F|
|poke|p1|Landorus-Therian, M|
|poke|p1|Hatterene, F|
|poke|p1|Zamazenta-*|
|poke|p1|Cinderace, M|
|poke|p1|Alomomola, F|
|poke|p2|Iron Crown|
|poke|p2|Meowscarada, F|
|poke|p2|Dragonite, M|
|poke|p2|Samurott-Hisui, F|
|poke|p2|Pecharunt|
|poke|p2|Great Tusk|
|teampreview
|c|☆Abele01✞|hf
|c|☆HereIsAlter|=
|c|☆Abele01✞|/log Abele01✞ made the replay of this battle unlisted.
|c|☆HereIsAlter|oe linkeas 
|inactive|HereIsAlter has 270 seconds left.
|inactive|Abele01✞ has 270 seconds left.
|c|☆Abele01✞|ya mandaron supongo
|c|+zRyan74|ABELE KING OF THE JUNGLE
|c|+IamLowTier|VAMO ABELE
|c|+deaje|ABELE
|c|+1LDK|vamo abele vamo chile
|rated|World Cup of Pokemon
|c|☆HereIsAlter|como firmamos empate aca
|inactive|HereIsAlter has 240 seconds left.
|inactive|Abele01✞ has 240 seconds left.
|inactive|HereIsAlter has 210 seconds left.
|inactive|HereIsAlter has 180 seconds left.
|inactive|HereIsAlter has 150 seconds left.
|inactive|HereIsAlter has 120 seconds left.
|inactive|HereIsAlter has 90 seconds left.
|
|t:|1779592464
|teamsize|p1|6
|teamsize|p2|6
|start
|switch|p1a: Cinderace|Cinderace, M|100/100
|switch|p2a: Lady Brown|Meowscarada, F|100/100
|turn|1
|inactive|HereIsAlter has 150 seconds left.
|
|t:|1779592491
|move|p2a: Lady Brown|U-turn|p1a: Cinderace
|-start|p2a: Lady Brown|typechange|Bug|[from] ability: Protean
|-resisted|p1a: Cinderace
|-damage|p1a: Cinderace|79/100
|
|t:|1779592504
|switch|p2a: Don't Save Me|Pecharunt|100/100|[from] U-turn
|move|p1a: Cinderace|U-turn|p2a: Don't Save Me
|-start|p1a: Cinderace|typechange|Bug|[from] ability: Libero
|-resisted|p2a: Don't Save Me
|-damage|p2a: Don't Save Me|97/100
|
|t:|1779592511
|switch|p1a: Landorus|Landorus-Therian, M|100/100|[from] U-turn
|-ability|p1a: Landorus|Intimidate|boost
|-unboost|p2a: Don't Save Me|atk|1
|
|upkeep
|turn|2
|inactive|Abele01✞ has 270 seconds left.
|
|t:|1779592561
|switch|p2a: Lady Brown|Meowscarada, F|100/100
|move|p1a: Landorus|Earthquake|p2a: Lady Brown
|-resisted|p2a: Lady Brown
|-damage|p2a: Lady Brown|59/100
|
|upkeep
|turn|3
|inactive|Abele01✞ has 240 seconds left.
|
|t:|1779592588
|switch|p1a: Alomomola|Alomomola, F|100/100
|move|p2a: Lady Brown|Flower Trick|p1a: Alomomola
|-start|p2a: Lady Brown|typechange|Grass|[from] ability: Protean
|-supereffective|p1a: Alomomola
|-crit|p1a: Alomomola
|-damage|p1a: Alomomola|28/100
|
|upkeep
|turn|4
|
|t:|1779592598
|switch|p1a: Cinderace|Cinderace, M|79/100
|move|p2a: Lady Brown|Flower Trick|p1a: Cinderace
|-resisted|p1a: Cinderace
|-crit|p1a: Cinderace
|-damage|p1a: Cinderace|46/100
|
|upkeep
|turn|5
|
|t:|1779592610
|switch|p2a: Don't Save Me|Pecharunt|97/100
|move|p1a: Cinderace|U-turn|p2a: Don't Save Me
|-start|p1a: Cinderace|typechange|Bug|[from] ability: Libero
|-resisted|p2a: Don't Save Me
|-damage|p2a: Don't Save Me|93/100
|
|t:|1779592616
|switch|p1a: Landorus|Landorus-Therian, M|100/100|[from] U-turn
|-ability|p1a: Landorus|Intimidate|boost
|-unboost|p2a: Don't Save Me|atk|1
|
|upkeep
|turn|6
|inactive|HereIsAlter has 120 seconds left.
|inactive|Abele01✞ has 240 seconds left.
|
|t:|1779592650
|switch|p2a: Larger Than life|Great Tusk|100/100
|move|p1a: Landorus|Earthquake|p2a: Larger Than life
|-damage|p2a: Larger Than life|66/100
|
|upkeep
|turn|7
|inactive|HereIsAlter has 120 seconds left.
|inactive|Abele01✞ has 240 seconds left.
|inactive|HereIsAlter has 90 seconds left.
|
|t:|1779592693
|move|p1a: Landorus|U-turn|p2a: Larger Than life
|-resisted|p2a: Larger Than life
|-damage|p2a: Larger Than life|57/100
|-damage|p1a: Landorus|84/100|[from] item: Rocky Helmet|[of] p2a: Larger Than life
|
|t:|1779592698
|switch|p1a: Hatterene|Hatterene, F|100/100|[from] U-turn
|move|p2a: Larger Than life|Knock Off|p1a: Hatterene
|-damage|p1a: Hatterene|75/100
|-enditem|p1a: Hatterene|Leftovers|[from] move: Knock Off|[of] p2a: Larger Than life
|
|upkeep
|turn|8
|inactive|Abele01✞ has 240 seconds left.
|inactive|HereIsAlter has 90 seconds left.
|inactive|Abele01✞ has 210 seconds left.
|
|t:|1779592741
|-end|p2a: Larger Than life|Protosynthesis|[silent]
|switch|p2a: All Caps|Samurott-Hisui, F|100/100
|switch|p1a: Landorus|Landorus-Therian, M|84/100
|-ability|p1a: Landorus|Intimidate|boost
|-unboost|p2a: All Caps|atk|1
|
|upkeep
|turn|9
|
|t:|1779592751
|move|p1a: Landorus|U-turn|p2a: All Caps
|-supereffective|p2a: All Caps
|-damage|p2a: All Caps|42/100
|inactive|HereIsAlter has 60 seconds left.
|
|t:|1779592772
|switch|p1a: Alomomola|Alomomola, F|62/100|[from] U-turn
|move|p2a: All Caps|Ceaseless Edge|p1a: Alomomola
|-damage|p1a: Alomomola|40/100
|-sidestart|p1: HereIsAlter|Spikes
|
|upkeep
|turn|10
|
|t:|1779592783
|switch|p2a: Don't Save Me|Pecharunt|93/100
|move|p1a: Alomomola|Flip Turn|p2a: Don't Save Me
|-damage|p2a: Don't Save Me|85/100
|
|t:|1779592790
|switch|p1a: Landorus|Landorus-Therian, M|84/100|[from] Flip Turn
|-ability|p1a: Landorus|Intimidate|boost
|-unboost|p2a: Don't Save Me|atk|1
|
|upkeep
|turn|11
|inactive|HereIsAlter has 60 seconds left.
|
|t:|1779592811
|switch|p2a: God's Land|Dragonite, M|100/100
|move|p1a: Landorus|Earthquake|p2a: God's Land
|-immune|p2a: God's Land
|
|upkeep
|turn|12
|inactive|Abele01✞ has 210 seconds left.
|
|t:|1779592846
|switch|p2a: Don't Save Me|Pecharunt|85/100
|move|p1a: Landorus|U-turn|p2a: Don't Save Me
|-resisted|p2a: Don't Save Me
|-damage|p2a: Don't Save Me|82/100
|inactive|HereIsAlter has 60 seconds left.
|inactive|HereIsAlter has 30 seconds left.
|inactive|HereIsAlter has 20 seconds left.
|inactive|HereIsAlter has 15 seconds left.
|
|t:|1779592905
|switch|p1a: Cinderace|Cinderace, M|46/100|[from] U-turn
|
|upkeep
|turn|13
|inactive|HereIsAlter has 25 seconds left this turn.
|inactive|HereIsAlter has 20 seconds left.
|
|t:|1779592914
|move|p1a: Cinderace|Court Change|p1a: Cinderace
|-start|p1a: Cinderace|typechange|Normal|[from] ability: Libero
|-swapsideconditions
|-activate|p1a: Cinderace|move: Court Change
|move|p2a: Don't Save Me|Malignant Chain|p1a: Cinderace
|-damage|p1a: Cinderace|0 fnt
|faint|p1a: Cinderace
|
|upkeep
|inactive|HereIsAlter has 25 seconds left this turn.
|inactive|HereIsAlter has 20 seconds left.
|
|t:|1779592924
|switch|p1a: Landorus|Landorus-Therian, M|84/100
|-ability|p1a: Landorus|Intimidate|boost
|-unboost|p2a: Don't Save Me|atk|1
|turn|14
|inactive|HereIsAlter has 30 seconds left this turn.
|
|t:|1779592928
|switch|p2a: God's Land|Dragonite, M|100/100
|move|p1a: Landorus|U-turn|p2a: God's Land
|-resisted|p2a: God's Land
|-damage|p2a: God's Land|94/100
|inactive|HereIsAlter has 30 seconds left.
|
|t:|1779592933
|switch|p1a: Ogerpon|Ogerpon-Cornerstone, F|100/100|[from] U-turn
|
|upkeep
|turn|15
|inactive|Abele01✞ has 240 seconds left.
|
|t:|1779592946
|switch|p2a: Don't Save Me|Pecharunt|82/100
|move|p1a: Ogerpon|Swords Dance|p1a: Ogerpon
|-boost|p1a: Ogerpon|atk|2
|
|upkeep
|turn|16
|inactive|Abele01✞ has 240 seconds left.
|inactive|Abele01✞ has 210 seconds left.
|
|t:|1779592999
|move|p1a: Ogerpon|Knock Off|p2a: Don't Save Me
|-supereffective|p2a: Don't Save Me
|-damage|p2a: Don't Save Me|5/100
|-enditem|p2a: Don't Save Me|Heavy-Duty Boots|[from] move: Knock Off|[of] p1a: Ogerpon
|move|p2a: Don't Save Me|Foul Play|p1a: Ogerpon
|-damage|p1a: Ogerpon|15/100
|
|upkeep
|turn|17
|inactive|Abele01✞ has 180 seconds left.
|inactive|Abele01✞ has 150 seconds left.
|
|t:|1779593070
|switch|p2a: All Caps|Samurott-Hisui, F|42/100
|-damage|p2a: All Caps|30/100|[from] Spikes
|move|p1a: Ogerpon|Horn Leech|p2a: All Caps
|-supereffective|p2a: All Caps
|-damage|p2a: All Caps|0 fnt
|-heal|p1a: Ogerpon|34/100|[from] drain|[of] p2a: All Caps
|faint|p2a: All Caps
|
|upkeep
|
|t:|1779593077
|switch|p2a: Lady Brown|Meowscarada, F|59/100
|-damage|p2a: Lady Brown|46/100|[from] Spikes
|turn|18
|inactive|HereIsAlter has 30 seconds left.
|inactive|HereIsAlter has 20 seconds left.
|inactive|HereIsAlter has 15 seconds left.
|
|t:|1779593120
|move|p2a: Lady Brown|U-turn|p1a: Ogerpon
|-start|p2a: Lady Brown|typechange|Bug|[from] ability: Protean
|-supereffective|p1a: Ogerpon
|-damage|p1a: Ogerpon|0 fnt
|faint|p1a: Ogerpon
|
|t:|1779593131
|switch|p2a: Larger Than life|Great Tusk|57/100|[from] U-turn
|-damage|p2a: Larger Than life|44/100|[from] Spikes
|
|upkeep
|inactive|HereIsAlter has 25 seconds left this turn.
|inactive|HereIsAlter has 20 seconds left.
|
|t:|1779593138
|switch|p1a: Zamazenta|Zamazenta|100/100
|-ability|p1a: Zamazenta|Dauntless Shield|boost
|-boost|p1a: Zamazenta|def|1
|turn|19
|inactive|HereIsAlter has 30 seconds left this turn.
|inactive|Abele01✞ has 120 seconds left.
|
|t:|1779593179
|move|p1a: Zamazenta|Substitute|p1a: Zamazenta
|-start|p1a: Zamazenta|Substitute
|-damage|p1a: Zamazenta|75/100
|move|p2a: Larger Than life|Rapid Spin|p1a: Zamazenta
|-activate|p1a: Zamazenta|move: Substitute|[damage]
|-sideend|p2: Abele01✞|Spikes|[from] move: Rapid Spin|[of] p2a: Larger Than life
|-boost|p2a: Larger Than life|spe|1
|
|-heal|p1a: Zamazenta|82/100|[from] item: Leftovers
|upkeep
|turn|20
|inactive|HereIsAlter has 30 seconds left.
|inactive|Abele01✞ has 90 seconds left.
|
|t:|1779593223
|-end|p2a: Larger Than life|Protosynthesis|[silent]
|switch|p2a: Wesley's Theory|Iron Crown|100/100
|move|p1a: Zamazenta|Iron Defense|p1a: Zamazenta
|-boost|p1a: Zamazenta|def|2
|
|-heal|p1a: Zamazenta|88/100|[from] item: Leftovers
|upkeep
|turn|21
|inactive|HereIsAlter has 30 seconds left.
|inactive|HereIsAlter has 20 seconds left.
|
|t:|1779593246
|-terastallize|p1a: Zamazenta|Fire
|move|p1a: Zamazenta|Body Press|p2a: Wesley's Theory
|-damage|p2a: Wesley's Theory|13/100
|move|p2a: Wesley's Theory|Tachyon Cutter|p1a: Zamazenta
|-resisted|p1a: Zamazenta
|-activate|p1a: Zamazenta|move: Substitute|[damage]
|-resisted|p1a: Zamazenta
|-end|p1a: Zamazenta|Substitute
|-hitcount|p1a: Zamazenta|2
|
|-heal|p1a: Zamazenta|94/100|[from] item: Leftovers
|upkeep
|turn|22
|inactive|HereIsAlter has 30 seconds left this turn.
|inactive|HereIsAlter has 20 seconds left.
|inactive|HereIsAlter has 15 seconds left.
|inactive|HereIsAlter has 10 seconds left.
|
|t:|1779593270
|move|p1a: Zamazenta|Body Press|p2a: Wesley's Theory
|-damage|p2a: Wesley's Theory|0 fnt
|faint|p2a: Wesley's Theory
|-end|p2a: Wesley's Theory|Quark Drive|[silent]
|
|-heal|p1a: Zamazenta|99/100|[from] item: Leftovers
|upkeep
|inactive|Abele01✞ has 60 seconds left.
|inactive|Abele01✞ has 30 seconds left.
|inactive|Abele01✞ has 20 seconds left.
|inactive|Abele01✞ has 15 seconds left.
|inactive|Abele01✞ has 10 seconds left.
|
|t:|1779593335
|switch|p2a: Lady Brown|Meowscarada, F|46/100
|turn|23
|inactive|HereIsAlter has 25 seconds left this turn.
|inactive|Abele01✞ has 20 seconds left this turn.
|inactive|HereIsAlter has 20 seconds left.
|inactive|HereIsAlter has 15 seconds left.
|
|t:|1779593350
|move|p2a: Lady Brown|Knock Off|p1a: Zamazenta
|-start|p2a: Lady Brown|typechange|Dark|[from] ability: Protean
|-damage|p1a: Zamazenta|86/100
|-enditem|p1a: Zamazenta|Leftovers|[from] move: Knock Off|[of] p2a: Lady Brown
|move|p1a: Zamazenta|Body Press|p2a: Lady Brown
|-supereffective|p2a: Lady Brown
|-damage|p2a: Lady Brown|0 fnt
|faint|p2a: Lady Brown
|
|upkeep
|inactive|Abele01✞ has 25 seconds left this turn.
|inactive|Abele01✞ has 20 seconds left.
|
|t:|1779593355
|switch|p2a: God's Land|Dragonite, M|94/100
|turn|24
|inactive|HereIsAlter has 30 seconds left this turn.
|inactive|Abele01✞ has 30 seconds left this turn.
|inactive|Abele01✞ has 20 seconds left.
|inactive|Abele01✞ has 15 seconds left.
|
|t:|1779593372
|move|p1a: Zamazenta|Body Press|p2a: God's Land
|-resisted|p2a: God's Land
|-damage|p2a: God's Land|50/100
|move|p2a: God's Land|Dragon Dance|p2a: God's Land
|-boost|p2a: God's Land|atk|1
|-boost|p2a: God's Land|spe|1
|
|upkeep
|turn|25
|inactive|Abele01✞ has 25 seconds left this turn.
|inactive|HereIsAlter has 30 seconds left.
|inactive|Abele01✞ has 20 seconds left.
|inactive|Abele01✞ has 15 seconds left.
|inactive|HereIsAlter has 20 seconds left.
|
|t:|1779593388
|move|p1a: Zamazenta|Body Press|p2a: God's Land
|-resisted|p2a: God's Land
|-damage|p2a: God's Land|5/100
|move|p2a: God's Land|Earthquake|p1a: Zamazenta
|-supereffective|p1a: Zamazenta
|-damage|p1a: Zamazenta|50/100
|
|upkeep
|turn|26
|inactive|HereIsAlter has 30 seconds left this turn.
|inactive|Abele01✞ has 25 seconds left this turn.
|inactive|Abele01✞ has 20 seconds left.
|
|t:|1779593395
|move|p1a: Zamazenta|Crunch|p2a: God's Land
|-crit|p2a: God's Land
|-damage|p2a: God's Land|0 fnt
|faint|p2a: God's Land
|
|upkeep
|inactive|Abele01✞ has 25 seconds left this turn.
|inactive|Abele01✞ has 20 seconds left.
|
|t:|1779593401
|switch|p2a: Don't Save Me|Pecharunt|5/100
|turn|27
|inactive|Abele01✞ has 30 seconds left this turn.
|c|☆Abele01✞|gg
|inactive|Abele01✞ has 20 seconds left.
|inactive|Abele01✞ has 15 seconds left.
|-message|Abele01✞ forfeited.
|
|win|HereIsAlter
|c|☆HereIsAlter|gg abele gg chile
|c|☆HereIsAlter|pasen la replay por peru pe 
|player|p1|
|player|p1|HereIsAlter|#wcop2026peru2|
|player|p1|
|c|☆Abele01✞|como se hace relist
|c|☆Abele01✞|kjjj
|player|p1|HereIsAlter|#wcop2026peru2|
|player|p1|
|player|p1|HereIsAlter|#wcop2026peru2|
|player|p1|
