|j|☆baodan9113
|j|☆thehatfiend
|t:|1779717615
|gametype|singles
|player|p1|baodan9113|steven|1151
|player|p2|thehatfiend|pokemonranger-gen4|1082
|gen|9
|tier|[Gen 9] OU
|rated|
|rule|HP Percentage Mod: HP is shown in percentages
|rule|Endless Battle Clause: Forcing endless battles is banned
|rule|Species Clause: Limit one of each Pokémon
|rule|OHKO Clause: OHKO moves are banned
|rule|Evasion Items Clause: Evasion items are banned
|rule|Evasion Moves Clause: Evasion moves are banned
|rule|Evasion Abilities Clause: Evasion abilities are banned
|rule|Sleep Moves Clause: Sleep-inducing moves are banned
|clearpoke
|poke|p1|Gholdengo|
|poke|p1|Corviknight, M|
|poke|p1|Kingambit, M|
|poke|p1|Arcanine-Hisui, M|
|poke|p1|Samurott-Hisui, F|
|poke|p1|Landorus-Therian, M|
|poke|p2|Scizor, M|
|poke|p2|Greninja-*, M|
|poke|p2|Corviknight, M|
|poke|p2|Scrafty, F|
|poke|p2|Toxtricity, M|
|poke|p2|Goodra-Hisui, M|
|teampreview
|
|t:|1779717625
|teamsize|p1|6
|teamsize|p2|6
|start
|switch|p1a: Samurott|Samurott-Hisui, F|100/100
|switch|p2a: DatNinja|Greninja, M|100/100
|turn|1
|
|t:|1779717633
|move|p2a: DatNinja|Dark Pulse|p1a: Samurott
|-resisted|p1a: Samurott
|-damage|p1a: Samurott|80/100
|move|p1a: Samurott|Ceaseless Edge|p2a: DatNinja
|-resisted|p2a: DatNinja
|-damage|p2a: DatNinja|63/100
|-sidestart|p2: thehatfiend|Spikes
|
|upkeep
|turn|2
|
|t:|1779717641
|move|p2a: DatNinja|Dark Pulse|p1a: Samurott
|-resisted|p1a: Samurott
|-damage|p1a: Samurott|60/100
|move|p1a: Samurott|Ceaseless Edge|p2a: DatNinja
|-resisted|p2a: DatNinja
|-damage|p2a: DatNinja|27/100
|-sidestart|p2: thehatfiend|Spikes
|
|upkeep
|turn|3
|
|t:|1779717650
|switch|p2a: Scrafty|Scrafty, F|100/100
|-damage|p2a: Scrafty|84/100|[from] Spikes
|-ability|p2a: Scrafty|Intimidate|boost
|-unboost|p1a: Samurott|atk|1
|move|p1a: Samurott|Ceaseless Edge|p2a: Scrafty
|-resisted|p2a: Scrafty
|-damage|p2a: Scrafty|77/100
|-sidestart|p2: thehatfiend|Spikes
|
|upkeep
|turn|4
|
|t:|1779717660
|switch|p1a: Corviknight|Corviknight, M|100/100
|-ability|p1a: Corviknight|Pressure
|move|p2a: Scrafty|Fake Out|p1a: Corviknight
|-resisted|p1a: Corviknight
|-damage|p1a: Corviknight|97/100
|-damage|p2a: Scrafty|60/100|[from] item: Rocky Helmet|[of] p1a: Corviknight
|
|upkeep
|turn|5
|
|t:|1779717671
|move|p1a: Corviknight|Body Press|p2a: Scrafty
|-supereffective|p2a: Scrafty
|-damage|p2a: Scrafty|12/100
|move|p2a: Scrafty|Knock Off|p1a: Corviknight
|-damage|p1a: Corviknight|72/100
|-damage|p2a: Scrafty|0 fnt|[from] item: Rocky Helmet|[of] p1a: Corviknight
|faint|p2a: Scrafty
|
|upkeep
|
|t:|1779717683
|switch|p2a: Toxtricity|Toxtricity, M|100/100
|-damage|p2a: Toxtricity|76/100|[from] Spikes
|turn|6
|
|t:|1779717689
|switch|p1a: Samurott|Samurott-Hisui, F|60/100
|move|p2a: Toxtricity|Shift Gear|p2a: Toxtricity
|-boost|p2a: Toxtricity|spe|2
|-boost|p2a: Toxtricity|atk|1
|
|-heal|p2a: Toxtricity|82/100|[from] item: Leftovers
|upkeep
|turn|7
|
|t:|1779717700
|move|p2a: Toxtricity|Charge Beam|p1a: Samurott
|-supereffective|p1a: Samurott
|-damage|p1a: Samurott|2/100
|move|p1a: Samurott|Ceaseless Edge|p2a: Toxtricity|[miss]
|-miss|p1a: Samurott|p2a: Toxtricity
|
|-heal|p2a: Toxtricity|88/100|[from] item: Leftovers
|upkeep
|turn|8
|
|t:|1779717710
|move|p1a: Samurott|Sucker Punch||[still]
|-fail|p1a: Samurott
|move|p2a: Toxtricity|Shift Gear|p2a: Toxtricity
|-boost|p2a: Toxtricity|spe|2
|-boost|p2a: Toxtricity|atk|1
|
|-heal|p2a: Toxtricity|94/100|[from] item: Leftovers
|upkeep
|turn|9
|
|t:|1779717718
|move|p2a: Toxtricity|Hex|p1a: Samurott
|-resisted|p1a: Samurott
|-damage|p1a: Samurott|0 fnt
|faint|p1a: Samurott
|
|-heal|p2a: Toxtricity|99/100|[from] item: Leftovers
|upkeep
|
|t:|1779717734
|switch|p1a: Gholdengo|Gholdengo|100/100
|turn|10
|
|t:|1779717745
|move|p2a: Toxtricity|Hex|p1a: Gholdengo
|-supereffective|p1a: Gholdengo
|-damage|p1a: Gholdengo|58/100
|move|p1a: Gholdengo|Make It Rain|p2a: Toxtricity
|-resisted|p2a: Toxtricity
|-damage|p2a: Toxtricity|61/100
|-unboost|p1a: Gholdengo|spa|1
|
|-heal|p2a: Toxtricity|67/100|[from] item: Leftovers
|-heal|p1a: Gholdengo|64/100|[from] item: Leftovers
|upkeep
|turn|11
|
|t:|1779717761
|move|p2a: Toxtricity|Charge Beam|p1a: Gholdengo
|-damage|p1a: Gholdengo|25/100
|move|p1a: Gholdengo|Hex|p2a: Toxtricity
|-damage|p2a: Toxtricity|37/100
|
|-heal|p2a: Toxtricity|43/100|[from] item: Leftovers
|-heal|p1a: Gholdengo|31/100|[from] item: Leftovers
|upkeep
|turn|12
|
|t:|1779717778
|move|p2a: Toxtricity|Stored Power|p1a: Gholdengo
|-resisted|p1a: Gholdengo
|-damage|p1a: Gholdengo|7/100
|move|p1a: Gholdengo|Hex|p2a: Toxtricity
|-damage|p2a: Toxtricity|17/100
|
|-heal|p2a: Toxtricity|23/100|[from] item: Leftovers
|-heal|p1a: Gholdengo|13/100|[from] item: Leftovers
|upkeep
|turn|13
|
|t:|1779717788
|move|p2a: Toxtricity|Hex|p1a: Gholdengo
|-supereffective|p1a: Gholdengo
|-damage|p1a: Gholdengo|0 fnt
|faint|p1a: Gholdengo
|
|-heal|p2a: Toxtricity|29/100|[from] item: Leftovers
|upkeep
|
|t:|1779717796
|switch|p1a: Arcanine|Arcanine-Hisui, M, shiny|100/100
|turn|14
|
|t:|1779717804
|move|p1a: Arcanine|Extreme Speed|p2a: Toxtricity
|-damage|p2a: Toxtricity|0 fnt
|faint|p2a: Toxtricity
|
|upkeep
|
|t:|1779717815
|switch|p2a: DatNinja|Greninja, M|27/100
|-damage|p2a: DatNinja|2/100|[from] Spikes
|turn|15
|
|t:|1779717822
|move|p1a: Arcanine|Extreme Speed|p2a: DatNinja
|-crit|p2a: DatNinja
|-damage|p2a: DatNinja|0 fnt
|faint|p2a: DatNinja
|
|upkeep
|
|t:|1779717829
|switch|p2a: Corviknight|Corviknight, M|100/100
|turn|16
|
|t:|1779717837
|switch|p1a: Kingambit|Kingambit, M, shiny|100/100
|-activate|p1a: Kingambit|ability: Supreme Overlord
|-start|p1a: Kingambit|fallen2|[silent]
|-terastallize|p2a: Corviknight|Ground
|move|p2a: Corviknight|Bulk Up|p2a: Corviknight
|-boost|p2a: Corviknight|atk|1
|-boost|p2a: Corviknight|def|1
|
|upkeep
|turn|17
|
|t:|1779717851
|move|p2a: Corviknight|Body Press|p1a: Kingambit
|-supereffective|p1a: Kingambit
|-damage|p1a: Kingambit|21/100
|move|p1a: Kingambit|Swords Dance|p1a: Kingambit
|-boost|p1a: Kingambit|atk|2
|
|upkeep
|turn|18
|
|t:|1779717868
|-end|p1a: Kingambit|fallen2|[silent]
|switch|p1a: Landorus|Landorus-Therian, M|100/100
|-ability|p1a: Landorus|Intimidate|boost
|-ability|p2a: Corviknight|Mirror Armor
|-unboost|p1a: Landorus|atk|1
|move|p2a: Corviknight|Defog|p1a: Landorus
|-unboost|p1a: Landorus|evasion|1
|-sideend|p2: thehatfiend|Spikes|[from] move: Defog|[of] p2a: Corviknight
|
|upkeep
|turn|19
|
|t:|1779717879
|move|p1a: Landorus|U-turn|p2a: Corviknight
|-damage|p2a: Corviknight|91/100
|-damage|p1a: Landorus|84/100|[from] item: Rocky Helmet|[of] p2a: Corviknight
|
|t:|1779717894
|switch|p1a: Corviknight|Corviknight, M|72/100|[from] U-turn
|-ability|p1a: Corviknight|Pressure
|move|p2a: Corviknight|Bulk Up|p2a: Corviknight
|-boost|p2a: Corviknight|atk|1
|-boost|p2a: Corviknight|def|1
|
|upkeep
|turn|20
|
|t:|1779717906
|move|p1a: Corviknight|Body Press|p2a: Corviknight
|-damage|p2a: Corviknight|81/100
|-damage|p1a: Corviknight|55/100|[from] item: Rocky Helmet|[of] p2a: Corviknight
|move|p2a: Corviknight|Body Press|p1a: Corviknight
|-damage|p1a: Corviknight|31/100
|-damage|p2a: Corviknight|64/100|[from] item: Rocky Helmet|[of] p1a: Corviknight
|
|upkeep
|turn|21
|
|t:|1779717915
|move|p1a: Corviknight|Roost|p1a: Corviknight
|-heal|p1a: Corviknight|81/100
|-singleturn|p1a: Corviknight|move: Roost
|move|p2a: Corviknight|Body Press|p1a: Corviknight
|-supereffective|p1a: Corviknight
|-damage|p1a: Corviknight|31/100
|-damage|p2a: Corviknight|48/100|[from] item: Rocky Helmet|[of] p1a: Corviknight
|
|upkeep
|turn|22
|
|t:|1779717925
|move|p1a: Corviknight|Roost|p1a: Corviknight
|-heal|p1a: Corviknight|81/100
|-singleturn|p1a: Corviknight|move: Roost
|move|p2a: Corviknight|Roost|p2a: Corviknight
|-heal|p2a: Corviknight|98/100
|
|upkeep
|turn|23
|
|t:|1779717933
|move|p2a: Corviknight|Bulk Up|p2a: Corviknight
|-boost|p2a: Corviknight|atk|1
|-boost|p2a: Corviknight|def|1
|move|p1a: Corviknight|Defog||[still]
|-ability|p2a: Corviknight|Mirror Armor
|-unboost|p1a: Corviknight|evasion|1
|-fail|p1a: Corviknight
|
|upkeep
|turn|24
|
|t:|1779717943
|move|p2a: Corviknight|Bulk Up|p2a: Corviknight
|-boost|p2a: Corviknight|atk|1
|-boost|p2a: Corviknight|def|1
|move|p1a: Corviknight|Body Press|p2a: Corviknight
|-damage|p2a: Corviknight|91/100
|-damage|p1a: Corviknight|65/100|[from] item: Rocky Helmet|[of] p2a: Corviknight
|
|upkeep
|turn|25
|-message|baodan9113 forfeited.
|
|win|thehatfiend
|raw|baodan9113's rating: 1151 &rarr; <strong>1121</strong><br />(-30 for losing)
|raw|thehatfiend's rating: 1082 &rarr; <strong>1115</strong><br />(+33 for winning)
|l|☆baodan9113
|player|p1|
|l|☆thehatfiend
|player|p2|
