|j|☆stevstacks
|j|‽arbok fangs
|t:|1779698774
|gametype|singles
|player|p1|stevstacks|266|1624
|player|p2|arbok fangs|rocketgrunt|1692
|gen|9
|tier|[Gen 9] OU
|rated|
|rule|HP Percentage Mod: HP is shown in percentages
|rule|Endless Battle Clause: Forcing endless battles is banned
|rule|Species Clause: Limit one of each Pokémon
|rule|OHKO Clause: OHKO moves are banned
|rule|Evasion Items Clause: Evasion items are banned
|rule|Evasion Moves Clause: Evasion moves are banned
|rule|Evasion Abilities Clause: Evasion abilities are banned
|rule|Sleep Moves Clause: Sleep-inducing moves are banned
|clearpoke
|poke|p1|Torkoal, F|
|poke|p1|Corviknight, M|
|poke|p1|Walking Wake|
|poke|p1|Dragonite, M|
|poke|p1|Great Tusk|
|poke|p1|Zamazenta-*|
|poke|p2|Ninetales-Alola, F|
|poke|p2|Klefki, M|
|poke|p2|Maushold-Four|
|poke|p2|Latias, F|
|poke|p2|Okidogi, M|
|poke|p2|Kyurem|
|teampreview
|
|t:|1779698787
|teamsize|p1|6
|teamsize|p2|6
|start
|switch|p1a: Torkoal|Torkoal, F, shiny|100/100
|switch|p2a: Klefki|Klefki, M|100/100
|-weather|SunnyDay|[from] ability: Drought|[of] p1a: Torkoal
|turn|1
|inactive|Battle timer is ON: inactive players will automatically lose when time's up. (requested by arbok fangs)
|
|t:|1779698791
|move|p2a: Klefki|Light Screen|p2a: Klefki
|-sidestart|p2: arbok fangs|move: Light Screen
|move|p1a: Torkoal|Overheat|p2a: Klefki
|-supereffective|p2a: Klefki
|-damage|p2a: Klefki|31/100
|-unboost|p1a: Torkoal|spa|2
|
|-weather|SunnyDay|[upkeep]
|upkeep
|turn|2
|
|t:|1779698795
|move|p2a: Klefki|Reflect|p2a: Klefki
|-sidestart|p2: arbok fangs|Reflect
|move|p1a: Torkoal|Stealth Rock|p2a: Klefki
|-sidestart|p2: arbok fangs|move: Stealth Rock
|
|-weather|SunnyDay|[upkeep]
|upkeep
|turn|3
|
|t:|1779698798
|move|p2a: Klefki|Thunder Wave|p1a: Torkoal
|-status|p1a: Torkoal|par
|cant|p1a: Torkoal|par
|
|-weather|SunnyDay|[upkeep]
|upkeep
|turn|4
|
|t:|1779698811
|switch|p2a: Latias|Latias, F|100/100
|-damage|p2a: Latias|88/100|[from] Stealth Rock
|move|p1a: Torkoal|Will-O-Wisp|p2a: Latias
|-status|p2a: Latias|brn
|
|-weather|SunnyDay|[upkeep]
|-damage|p2a: Latias|82/100 brn|[from] brn
|upkeep
|turn|5
|
|t:|1779698820
|switch|p1a: Great Tusk|Great Tusk, shiny|100/100
|-activate|p1a: Great Tusk|ability: Protosynthesis
|-start|p1a: Great Tusk|protosynthesisatk
|move|p2a: Latias|Agility|p2a: Latias
|-boost|p2a: Latias|spe|2
|
|-weather|SunnyDay|[upkeep]
|-damage|p2a: Latias|76/100 brn|[from] brn
|upkeep
|turn|6
|
|t:|1779698822
|move|p2a: Latias|Calm Mind|p2a: Latias
|-boost|p2a: Latias|spa|1
|-boost|p2a: Latias|spd|1
|move|p1a: Great Tusk|Knock Off|p2a: Latias
|-supereffective|p2a: Latias
|-damage|p2a: Latias|24/100 brn
|-enditem|p2a: Latias|Weakness Policy
|-boost|p2a: Latias|atk|2|[from] item: Weakness Policy
|-boost|p2a: Latias|spa|2|[from] item: Weakness Policy
|-damage|p1a: Great Tusk|91/100|[from] item: Life Orb
|
|-weather|SunnyDay|[upkeep]
|-damage|p2a: Latias|18/100 brn|[from] brn
|upkeep
|turn|7
|
|t:|1779698827
|-end|p1a: Great Tusk|Protosynthesis|[silent]
|switch|p1a: Corviknight|Corviknight, M, shiny|100/100
|-ability|p1a: Corviknight|Pressure
|move|p2a: Latias|Stored Power|p1a: Corviknight
|-resisted|p1a: Corviknight
|-damage|p1a: Corviknight|23/100
|
|-weather|SunnyDay|[upkeep]
|-heal|p1a: Corviknight|29/100|[from] item: Leftovers
|-damage|p2a: Latias|12/100 brn|[from] brn
|upkeep
|turn|8
|
|t:|1779698835
|-terastallize|p1a: Corviknight|Dark
|move|p2a: Latias|Stored Power|p1a: Corviknight
|-immune|p1a: Corviknight
|move|p1a: Corviknight|Brave Bird|p2a: Latias
|-damage|p2a: Latias|0 fnt
|faint|p2a: Latias
|-damage|p1a: Corviknight|26/100|[from] Recoil
|
|-weather|none
|-heal|p1a: Corviknight|32/100|[from] item: Leftovers
|-sideend|p2: arbok fangs|move: Light Screen
|upkeep
|
|t:|1779698839
|switch|p2a: Maushold|Maushold-Four|100/100
|-damage|p2a: Maushold|88/100|[from] Stealth Rock
|turn|9
|
|t:|1779698845
|switch|p1a: Zamazenta|Zamazenta, shiny|100/100
|-ability|p1a: Zamazenta|Dauntless Shield|boost
|-boost|p1a: Zamazenta|def|1
|move|p2a: Maushold|Tidy Up|p2a: Maushold
|-sideend|p2: arbok fangs|Stealth Rock
|-activate|p2a: Maushold|move: Tidy Up
|-boost|p2a: Maushold|atk|1
|-boost|p2a: Maushold|spe|1
|
|-sideend|p2: arbok fangs|Reflect
|upkeep
|turn|10
|
|t:|1779698851
|-terastallize|p2a: Maushold|Ghost
|move|p2a: Maushold|Tidy Up|p2a: Maushold
|-boost|p2a: Maushold|atk|1
|-boost|p2a: Maushold|spe|1
|move|p1a: Zamazenta|Body Press|p2a: Maushold
|-immune|p2a: Maushold
|
|upkeep
|turn|11
|
|t:|1779698855
|switch|p1a: Torkoal|Torkoal, F, shiny|100/100 par
|-weather|SunnyDay|[from] ability: Drought|[of] p1a: Torkoal
|move|p2a: Maushold|Encore||[still]
|-fail|p2a: Maushold
|
|-weather|SunnyDay|[upkeep]
|upkeep
|turn|12
|
|t:|1779698861
|move|p2a: Maushold|Population Bomb|p1a: Torkoal
|-damage|p1a: Torkoal|83/100 par
|-damage|p1a: Torkoal|63/100 par
|-damage|p1a: Torkoal|45/100 par
|-damage|p1a: Torkoal|26/100 par
|-damage|p1a: Torkoal|9/100 par
|-crit|p1a: Torkoal
|-damage|p1a: Torkoal|0 fnt
|faint|p1a: Torkoal
|-hitcount|p1: Torkoal|6
|
|-weather|SunnyDay|[upkeep]
|upkeep
|
|t:|1779698871
|switch|p1a: Dragonite|Dragonite, M, shiny|100/100
|turn|13
|
|t:|1779698874
|move|p2a: Maushold|Population Bomb|p1a: Dragonite
|-damage|p1a: Dragonite|91/100
|-damage|p1a: Dragonite|73/100
|-damage|p1a: Dragonite|52/100
|-damage|p1a: Dragonite|33/100
|-damage|p1a: Dragonite|15/100
|-damage|p1a: Dragonite|0 fnt
|faint|p1a: Dragonite
|-hitcount|p1: Dragonite|6
|
|-weather|SunnyDay|[upkeep]
|upkeep
|
|t:|1779698882
|switch|p1a: Zamazenta|Zamazenta, shiny|100/100
|turn|14
|
|t:|1779698883
|move|p2a: Maushold|Population Bomb|p1a: Zamazenta
|-damage|p1a: Zamazenta|84/100
|-damage|p1a: Zamazenta|65/100
|-damage|p1a: Zamazenta|48/100
|-damage|p1a: Zamazenta|32/100
|-damage|p1a: Zamazenta|14/100
|-damage|p1a: Zamazenta|0 fnt
|faint|p1a: Zamazenta
|-hitcount|p1: Zamazenta|6
|
|-weather|SunnyDay|[upkeep]
|upkeep
|
|t:|1779698891
|switch|p1a: Great Tusk|Great Tusk, shiny|91/100
|-activate|p1a: Great Tusk|ability: Protosynthesis
|-start|p1a: Great Tusk|protosynthesisatk
|turn|15
|
|t:|1779698894
|move|p2a: Maushold|Population Bomb|p1a: Great Tusk
|-damage|p1a: Great Tusk|72/100
|-damage|p1a: Great Tusk|55/100
|-damage|p1a: Great Tusk|37/100
|-damage|p1a: Great Tusk|20/100
|-damage|p1a: Great Tusk|3/100
|-damage|p1a: Great Tusk|0 fnt
|faint|p1a: Great Tusk
|-end|p1a: Great Tusk|Protosynthesis|[silent]
|-hitcount|p1: Great Tusk|6
|
|-weather|SunnyDay|[upkeep]
|upkeep
|
|t:|1779698897
|switch|p1a: Walking Wake|Walking Wake|100/100
|-activate|p1a: Walking Wake|ability: Protosynthesis
|-start|p1a: Walking Wake|protosynthesisspe
|turn|16
|
|t:|1779698899
|move|p2a: Maushold|Population Bomb|p1a: Walking Wake
|-damage|p1a: Walking Wake|77/100
|-damage|p1a: Walking Wake|50/100
|-damage|p1a: Walking Wake|22/100
|-damage|p1a: Walking Wake|0 fnt
|faint|p1a: Walking Wake
|-end|p1a: Walking Wake|Protosynthesis|[silent]
|-hitcount|p1: Walking Wake|4
|
|-weather|SunnyDay|[upkeep]
|upkeep
|
|t:|1779698900
|switch|p1a: Corviknight|Corviknight, M, shiny, tera:Dark|32/100
|-ability|p1a: Corviknight|Pressure
|turn|17
|-message|stevstacks forfeited.
|
|win|arbok fangs
|raw|stevstacks's rating: 1624 &rarr; <strong>1608</strong><br />(-16 for losing)
|raw|arbok fangs's rating: 1692 &rarr; <strong>1708</strong><br />(+16 for winning)
|l|☆stevstacks
|player|p1|
|l|‽arbok fangs
|player|p2|
