|j|☆YumeKasumi76
|j|☆jekar
|t:|1779691936
|gametype|singles
|player|p1|YumeKasumi76|101|1365
|player|p2|jekar|169|1411
|gen|9
|tier|[Gen 9] OU
|rated|
|rule|HP Percentage Mod: HP is shown in percentages
|rule|Endless Battle Clause: Forcing endless battles is banned
|rule|Species Clause: Limit one of each Pokémon
|rule|OHKO Clause: OHKO moves are banned
|rule|Evasion Items Clause: Evasion items are banned
|rule|Evasion Moves Clause: Evasion moves are banned
|rule|Evasion Abilities Clause: Evasion abilities are banned
|rule|Sleep Moves Clause: Sleep-inducing moves are banned
|clearpoke
|poke|p1|Dragapult, M|
|poke|p1|Bisharp, F|
|poke|p1|Glimmora, F|
|poke|p1|Entei|
|poke|p1|Braviary-Hisui, M|
|poke|p1|Cloyster, F|
|poke|p2|Sandy Shocks|
|poke|p2|Walking Wake|
|poke|p2|Samurott-Hisui, M|
|poke|p2|Iron Valiant|
|poke|p2|Gholdengo|
|poke|p2|Dragonite, F|
|teampreview
|inactive|Battle timer is ON: inactive players will automatically lose when time's up. (requested by jekar)
|
|t:|1779691943
|teamsize|p1|6
|teamsize|p2|6
|start
|switch|p1a: Railgun|Dragapult, M|100/100
|switch|p2a: Samurott|Samurott-Hisui, M|100/100
|turn|1
|
|t:|1779691953
|switch|p1a: Hikari|Glimmora, F|100/100
|move|p2a: Samurott|Ceaseless Edge|p1a: Hikari
|-damage|p1a: Hikari|50/100
|-activate|p1a: Hikari|ability: Toxic Debris
|-sidestart|p2: jekar|move: Toxic Spikes
|-sidestart|p1: YumeKasumi76|Spikes
|
|upkeep
|turn|2
|
|t:|1779691960
|move|p1a: Hikari|Meteor Beam||[still]
|-prepare|p1a: Hikari|Meteor Beam
|-boost|p1a: Hikari|spa|1
|-enditem|p1a: Hikari|Power Herb
|-anim|p1a: Hikari|Meteor Beam|p2a: Samurott
|-enditem|p2a: Samurott|Focus Sash
|-damage|p2a: Samurott|1/100
|move|p2a: Samurott|Ceaseless Edge|p1a: Hikari
|-damage|p1a: Hikari|0 fnt
|-activate|p1a: Hikari|ability: Toxic Debris
|-sidestart|p2: jekar|move: Toxic Spikes
|-sidestart|p1: YumeKasumi76|Spikes
|faint|p1a: Hikari
|
|upkeep
|
|t:|1779691964
|switch|p1a: Railgun|Dragapult, M|100/100
|-damage|p1a: Railgun|84/100|[from] Spikes
|turn|3
|
|t:|1779691970
|move|p1a: Railgun|Reflect|p1a: Railgun
|-sidestart|p1: YumeKasumi76|Reflect
|move|p2a: Samurott|Ceaseless Edge|p1a: Railgun
|-supereffective|p1a: Railgun
|-crit|p1a: Railgun
|-damage|p1a: Railgun|0 fnt
|-sidestart|p1: YumeKasumi76|Spikes
|faint|p1a: Railgun
|
|upkeep
|
|t:|1779691974
|switch|p1a: Shellussy|Cloyster, F|100/100
|-damage|p1a: Shellussy|76/100|[from] Spikes
|turn|4
|
|t:|1779691977
|move|p2a: Samurott|Knock Off|p1a: Shellussy
|-crit|p1a: Shellussy
|-damage|p1a: Shellussy|16/100
|-enditem|p1a: Shellussy|White Herb|[from] move: Knock Off|[of] p2a: Samurott
|move|p1a: Shellussy|Shell Smash|p1a: Shellussy
|-unboost|p1a: Shellussy|def|1
|-unboost|p1a: Shellussy|spd|1
|-boost|p1a: Shellussy|atk|2
|-boost|p1a: Shellussy|spa|2
|-boost|p1a: Shellussy|spe|2
|
|upkeep
|turn|5
|
|t:|1779691982
|move|p2a: Samurott|Aqua Jet|p1a: Shellussy
|-resisted|p1a: Shellussy
|-damage|p1a: Shellussy|10/100
|move|p1a: Shellussy|Icicle Spear|p2a: Samurott
|-resisted|p2a: Samurott
|-damage|p2a: Samurott|0 fnt
|faint|p2a: Samurott
|-hitcount|p2: Samurott|1
|
|upkeep
|
|t:|1779691988
|switch|p2a: Dragonite|Dragonite, F|100/100
|turn|6
|
|t:|1779691992
|switch|p1a: Bellator|Bisharp, F, shiny|100/100
|-damage|p1a: Bellator|76/100|[from] Spikes
|move|p2a: Dragonite|Extreme Speed|p1a: Bellator
|-resisted|p1a: Bellator
|-damage|p1a: Bellator|70/100
|
|upkeep
|turn|7
|
|t:|1779692005
|move|p2a: Dragonite|Earthquake|p1a: Bellator
|-supereffective|p1a: Bellator
|-damage|p1a: Bellator|46/100
|move|p1a: Bellator|Swords Dance|p1a: Bellator
|-boost|p1a: Bellator|atk|2
|
|upkeep
|turn|8
|
|t:|1779692013
|move|p2a: Dragonite|Earthquake|p1a: Bellator
|-supereffective|p1a: Bellator
|-damage|p1a: Bellator|16/100
|move|p1a: Bellator|Iron Head|p2a: Dragonite
|-damage|p2a: Dragonite|57/100
|
|upkeep
|turn|9
|
|t:|1779692020
|move|p2a: Dragonite|Earthquake|p1a: Bellator
|-supereffective|p1a: Bellator
|-damage|p1a: Bellator|0 fnt
|faint|p1a: Bellator
|
|upkeep
|
|t:|1779692022
|switch|p1a: Mentalist|Braviary-Hisui, M|100/100
|turn|10
|
|t:|1779692027
|move|p2a: Dragonite|Dragon Dance|p2a: Dragonite
|-boost|p2a: Dragonite|atk|1
|-boost|p2a: Dragonite|spe|1
|move|p1a: Mentalist|Esper Wing|p2a: Dragonite
|-damage|p2a: Dragonite|15/100
|-boost|p1a: Mentalist|spe|1
|
|-sideend|p1: YumeKasumi76|Reflect
|upkeep
|turn|11
|
|t:|1779692030
|move|p2a: Dragonite|Dragon Claw|p1a: Mentalist
|-damage|p1a: Mentalist|17/100
|move|p1a: Mentalist|Esper Wing|p2a: Dragonite
|-damage|p2a: Dragonite|0 fnt
|-boost|p1a: Mentalist|spe|1
|faint|p2a: Dragonite
|
|upkeep
|-message|YumeKasumi76 forfeited.
|
|win|jekar
|raw|YumeKasumi76's rating: 1365 &rarr; <strong>1348</strong><br />(-17 for losing)
|raw|jekar's rating: 1411 &rarr; <strong>1428</strong><br />(+17 for winning)
|l|☆YumeKasumi76
|player|p1|
|l|☆jekar
|player|p2|
