|j|☆Zanetatansil
|j|☆H3ra_GIGI
|t:|1779624229
|gametype|singles
|player|p1|Zanetatansil|ghetsis|1142
|player|p2|H3ra_GIGI|169|1159
|gen|9
|tier|[Gen 9] OU
|rated|
|rule|HP Percentage Mod: HP is shown in percentages
|rule|Endless Battle Clause: Forcing endless battles is banned
|rule|Species Clause: Limit one of each Pokémon
|rule|OHKO Clause: OHKO moves are banned
|rule|Evasion Items Clause: Evasion items are banned
|rule|Evasion Moves Clause: Evasion moves are banned
|rule|Evasion Abilities Clause: Evasion abilities are banned
|rule|Sleep Moves Clause: Sleep-inducing moves are banned
|clearpoke
|poke|p1|Pelipper, F|
|poke|p1|Ludicolo, F|
|poke|p1|Barraskewda, F|
|poke|p1|Kingdra, M|
|poke|p1|Clodsire, F|
|poke|p1|Politoed, F|
|poke|p2|Dragonite, M|
|poke|p2|Hatterene, F|
|poke|p2|Weavile, M|
|poke|p2|Ogerpon-Wellspring, F|
|poke|p2|Kingambit, M|
|poke|p2|Great Tusk|
|teampreview
|
|t:|1779624275
|teamsize|p1|6
|teamsize|p2|6
|start
|switch|p1a: Politoed|Politoed, F, shiny|100/100
|switch|p2a: Hello .RAW-Z|Weavile, M|100/100
|-weather|RainDance|[from] ability: Drizzle|[of] p1a: Politoed
|turn|1
|
|t:|1779624287
|move|p2a: Hello .RAW-Z|Beat Up|p1a: Politoed
|-damage|p1a: Politoed|90/100
|-damage|p1a: Politoed|83/100
|-damage|p1a: Politoed|72/100
|-damage|p1a: Politoed|61/100
|-damage|p1a: Politoed|50/100
|-damage|p1a: Politoed|40/100
|-hitcount|p1a: Politoed|6
|move|p1a: Politoed|Focus Blast|p2a: Hello .RAW-Z|[miss]
|-miss|p1a: Politoed|p2a: Hello .RAW-Z
|
|-weather|RainDance|[upkeep]
|upkeep
|turn|2
|
|t:|1779624299
|move|p1a: Politoed|Protect|p1a: Politoed
|-singleturn|p1a: Politoed|Protect
|move|p2a: Hello .RAW-Z|Beat Up|p1a: Politoed
|-activate|p1a: Politoed|move: Protect
|
|-weather|RainDance|[upkeep]
|upkeep
|turn|3
|
|t:|1779624310
|switch|p1a: Clodsire|Clodsire, F, shiny|100/100
|move|p2a: Hello .RAW-Z|Beat Up|p1a: Clodsire
|-damage|p1a: Clodsire|91/100
|-damage|p1a: Clodsire|83/100
|-damage|p1a: Clodsire|73/100
|-damage|p1a: Clodsire|65/100
|-damage|p1a: Clodsire|54/100
|-damage|p1a: Clodsire|44/100
|-hitcount|p1a: Clodsire|6
|
|-weather|RainDance|[upkeep]
|-heal|p1a: Clodsire|50/100|[from] item: Leftovers
|upkeep
|turn|4
|
|t:|1779624328
|move|p1a: Clodsire|Protect|p1a: Clodsire
|-singleturn|p1a: Clodsire|Protect
|move|p2a: Hello .RAW-Z|Beat Up|p1a: Clodsire
|-activate|p1a: Clodsire|move: Protect
|
|-weather|RainDance|[upkeep]
|-heal|p1a: Clodsire|56/100|[from] item: Leftovers
|upkeep
|turn|5
|
|t:|1779624340
|move|p2a: Hello .RAW-Z|Icicle Crash|p1a: Clodsire
|-supereffective|p1a: Clodsire
|-damage|p1a: Clodsire|0 fnt
|faint|p1a: Clodsire
|
|-weather|RainDance|[upkeep]
|upkeep
|
|t:|1779624344
|switch|p1a: Kingdra|Kingdra, M, shiny|100/100
|turn|6
|
|t:|1779624354
|-terastallize|p1a: Kingdra|Fairy
|move|p1a: Kingdra|Weather Ball|p2a: Hello .RAW-Z
|-enditem|p2a: Hello .RAW-Z|Focus Sash
|-damage|p2a: Hello .RAW-Z|1/100
|move|p2a: Hello .RAW-Z|Beat Up|p1a: Kingdra
|-resisted|p1a: Kingdra
|-damage|p1a: Kingdra|95/100
|-resisted|p1a: Kingdra
|-crit|p1a: Kingdra
|-damage|p1a: Kingdra|88/100
|-resisted|p1a: Kingdra
|-damage|p1a: Kingdra|83/100
|-resisted|p1a: Kingdra
|-damage|p1a: Kingdra|78/100
|-resisted|p1a: Kingdra
|-damage|p1a: Kingdra|72/100
|-resisted|p1a: Kingdra
|-damage|p1a: Kingdra|67/100
|-hitcount|p1a: Kingdra|6
|
|-weather|RainDance|[upkeep]
|upkeep
|turn|7
|
|t:|1779624363
|move|p1a: Kingdra|Weather Ball|p2a: Hello .RAW-Z
|-damage|p2a: Hello .RAW-Z|0 fnt
|faint|p2a: Hello .RAW-Z
|
|-weather|RainDance|[upkeep]
|upkeep
|
|t:|1779624367
|switch|p2a: Maladresse|Ogerpon-Wellspring, F|100/100
|turn|8
|
|t:|1779624371
|switch|p1a: Politoed|Politoed, F, shiny|40/100
|move|p2a: Maladresse|Ivy Cudgel|p1a: Politoed|[anim] Ivy Cudgel Water
|-resisted|p1a: Politoed
|-crit|p1a: Politoed
|-damage|p1a: Politoed|0 fnt
|faint|p1a: Politoed
|
|-weather|none
|upkeep
|
|t:|1779624391
|switch|p1a: Pelipper|Pelipper, F, shiny|100/100
|-weather|RainDance|[from] ability: Drizzle|[of] p1a: Pelipper
|turn|9
|inactive|Battle timer is ON: inactive players will automatically lose when time's up. (requested by Zanetatansil)
|
|t:|1779624409
|switch|p2a: Vent de l'est|Hatterene, F|100/100
|move|p1a: Pelipper|Hurricane|p2a: Vent de l'est
|-damage|p2a: Vent de l'est|63/100
|-start|p2a: Vent de l'est|confusion
|
|-weather|RainDance|[upkeep]
|upkeep
|turn|10
|
|t:|1779624416
|move|p1a: Pelipper|U-turn|p2a: Vent de l'est
|-damage|p2a: Vent de l'est|56/100
|-damage|p1a: Pelipper|84/100|[from] item: Rocky Helmet|[of] p2a: Vent de l'est
|
|t:|1779624419
|switch|p1a: Ludicolo|Ludicolo, F, shiny|100/100|[from] U-turn
|-activate|p2a: Vent de l'est|confusion
|-damage|p2a: Vent de l'est|49/100|[from] confusion
|
|-weather|RainDance|[upkeep]
|upkeep
|turn|11
|
|t:|1779624426
|move|p1a: Ludicolo|Weather Ball|p2a: Vent de l'est
|-damage|p2a: Vent de l'est|0 fnt
|faint|p2a: Vent de l'est
|
|-weather|RainDance|[upkeep]
|upkeep
|
|t:|1779624429
|switch|p2a: Maladresse|Ogerpon-Wellspring, F|100/100
|turn|12
|
|t:|1779624440
|switch|p1a: Pelipper|Pelipper, F, shiny|84/100
|move|p2a: Maladresse|Power Whip|p1a: Pelipper
|-damage|p1a: Pelipper|27/100
|
|-weather|RainDance|[upkeep]
|upkeep
|turn|13
|
|t:|1779624453
|switch|p1a: Ludicolo|Ludicolo, F, shiny|100/100
|move|p2a: Maladresse|Play Rough|p1a: Ludicolo
|-damage|p1a: Ludicolo|48/100
|
|-weather|RainDance|[upkeep]
|upkeep
|turn|14
|
|t:|1779624463
|move|p1a: Ludicolo|Blizzard|p2a: Maladresse
|-damage|p2a: Maladresse|44/100
|move|p2a: Maladresse|Play Rough|p1a: Ludicolo
|-damage|p1a: Ludicolo|0 fnt
|faint|p1a: Ludicolo
|
|-weather|RainDance|[upkeep]
|upkeep
|
|t:|1779624470
|switch|p1a: Kingdra|Kingdra, M, shiny, tera:Fairy|67/100
|turn|15
|
|t:|1779624477
|switch|p2a: PrinceDeSangMêlé|Kingambit, M|100/100
|-activate|p2a: PrinceDeSangMêlé|ability: Supreme Overlord
|-start|p2a: PrinceDeSangMêlé|fallen2|[silent]
|move|p1a: Kingdra|Draco Meteor|p2a: PrinceDeSangMêlé
|-resisted|p2a: PrinceDeSangMêlé
|-damage|p2a: PrinceDeSangMêlé|52/100
|-unboost|p1a: Kingdra|spa|2
|
|-weather|RainDance|[upkeep]
|upkeep
|turn|16
|
|t:|1779624487
|switch|p1a: Barraskewda|Barraskewda, F, shiny|100/100
|move|p2a: PrinceDeSangMêlé|Kowtow Cleave|p1a: Barraskewda
|-crit|p1a: Barraskewda
|-damage|p1a: Barraskewda|0 fnt
|faint|p1a: Barraskewda
|
|-weather|none
|upkeep
|
|t:|1779624491
|switch|p1a: Pelipper|Pelipper, F, shiny|27/100
|-weather|RainDance|[from] ability: Drizzle|[of] p1a: Pelipper
|turn|17
|
|t:|1779624493
|move|p2a: PrinceDeSangMêlé|Kowtow Cleave|p1a: Pelipper
|-damage|p1a: Pelipper|0 fnt
|faint|p1a: Pelipper
|
|-weather|RainDance|[upkeep]
|upkeep
|
|t:|1779624496
|switch|p1a: Kingdra|Kingdra, M, shiny, tera:Fairy|67/100
|turn|18
|
|t:|1779624501
|move|p1a: Kingdra|Weather Ball|p2a: PrinceDeSangMêlé
|-damage|p2a: PrinceDeSangMêlé|0 fnt
|faint|p2a: PrinceDeSangMêlé
|-end|p2a: PrinceDeSangMêlé|fallen2|[silent]
|
|-weather|RainDance|[upkeep]
|upkeep
|-message|Zanetatansil forfeited.
|
|win|H3ra_GIGI
|raw|Zanetatansil's rating: 1142 &rarr; <strong>1118</strong><br />(-24 for losing)
|raw|H3ra_GIGI's rating: 1159 &rarr; <strong>1183</strong><br />(+24 for winning)
|l|☆Zanetatansil
|player|p1|
|l|☆H3ra_GIGI
|player|p2|
