|j|☆bug fan5762
|j|☆my 100lb pug
|t:|1779576413
|gametype|singles
|player|p1|bug fan5762|byron|1606
|player|p2|my 100lb pug|101|1621
|gen|9
|tier|[Gen 9] OU
|rated|
|rule|HP Percentage Mod: HP is shown in percentages
|rule|Endless Battle Clause: Forcing endless battles is banned
|rule|Species Clause: Limit one of each Pokémon
|rule|OHKO Clause: OHKO moves are banned
|rule|Evasion Items Clause: Evasion items are banned
|rule|Evasion Moves Clause: Evasion moves are banned
|rule|Evasion Abilities Clause: Evasion abilities are banned
|rule|Sleep Moves Clause: Sleep-inducing moves are banned
|clearpoke
|poke|p1|Kingambit, M|
|poke|p1|Regigigas|
|poke|p1|Great Tusk|
|poke|p1|Pecharunt|
|poke|p1|Zoroark-Hisui, M|
|poke|p1|Crawdaunt, F|
|poke|p2|Delphox, F|
|poke|p2|Raging Bolt|
|poke|p2|Samurott-Hisui, M|
|poke|p2|Hatterene, F|
|poke|p2|Great Tusk|
|poke|p2|Kyurem|
|teampreview
|
|t:|1779576454
|teamsize|p1|6
|teamsize|p2|6
|start
|switch|p1a: Crawdle of Filth|Crawdaunt, F|100/100
|switch|p2a: Samurott|Samurott-Hisui, M|100/100
|turn|1
|
|t:|1779576462
|move|p2a: Samurott|Ceaseless Edge|p1a: Crawdle of Filth
|-resisted|p1a: Crawdle of Filth
|-damage|p1a: Crawdle of Filth|69/100
|-sidestart|p1: bug fan5762|Spikes
|move|p1a: Crawdle of Filth|Crabhammer|p2a: Samurott
|-resisted|p2a: Samurott
|-damage|p2a: Samurott|45/100
|-damage|p1a: Crawdle of Filth|59/100|[from] item: Life Orb
|
|upkeep
|turn|2
|
|t:|1779576484
|move|p2a: Samurott|Ceaseless Edge|p1a: Crawdle of Filth
|-resisted|p1a: Crawdle of Filth
|-damage|p1a: Crawdle of Filth|28/100
|-sidestart|p1: bug fan5762|Spikes
|move|p1a: Crawdle of Filth|Knock Off|p2a: Samurott
|-resisted|p2a: Samurott
|-damage|p2a: Samurott|0 fnt
|-enditem|p2a: Samurott|Choice Scarf|[from] move: Knock Off|[of] p1a: Crawdle of Filth
|faint|p2a: Samurott
|-damage|p1a: Crawdle of Filth|18/100|[from] item: Life Orb
|
|upkeep
|
|t:|1779576491
|switch|p2a: Kyurem|Kyurem|100/100
|-ability|p2a: Kyurem|Pressure
|turn|3
|
|t:|1779576495
|move|p1a: Crawdle of Filth|Aqua Jet|p2a: Kyurem
|-resisted|p2a: Kyurem
|-damage|p2a: Kyurem|84/100
|-damage|p1a: Crawdle of Filth|8/100|[from] item: Life Orb
|move|p2a: Kyurem|Freeze-Dry|p1a: Crawdle of Filth
|-supereffective|p1a: Crawdle of Filth
|-damage|p1a: Crawdle of Filth|0 fnt
|faint|p1a: Crawdle of Filth
|
|upkeep
|
|t:|1779576499
|switch|p1a: Irönhead|Kingambit, M|100/100
|-damage|p1a: Irönhead|84/100|[from] Spikes
|turn|4
|
|t:|1779576506
|move|p2a: Kyurem|Focus Blast|p1a: Irönhead
|-supereffective|p1a: Irönhead
|-damage|p1a: Irönhead|0 fnt
|faint|p1a: Irönhead
|
|upkeep
|
|t:|1779576513
|switch|p1a: Apacherunt|Pecharunt|100/100
|-damage|p1a: Apacherunt|84/100|[from] Spikes
|turn|5
|
|t:|1779576518
|move|p2a: Kyurem|Earth Power|p1a: Apacherunt
|-supereffective|p1a: Apacherunt
|-damage|p1a: Apacherunt|16/100
|move|p1a: Apacherunt|Toxic|p2a: Kyurem
|-status|p2a: Kyurem|tox
|-start|p2a: Kyurem|confusion|[from] ability: Poison Puppeteer|[of] p1a: Apacherunt
|
|-heal|p1a: Apacherunt|22/100|[from] item: Leftovers
|-damage|p2a: Kyurem|77/100 tox|[from] psn
|upkeep
|turn|6
|
|t:|1779576522
|switch|p2a: Great Tusk|Great Tusk|100/100
|move|p1a: Apacherunt|Recover|p1a: Apacherunt
|-heal|p1a: Apacherunt|72/100
|
|-heal|p1a: Apacherunt|78/100|[from] item: Leftovers
|upkeep
|turn|7
|
|t:|1779576525
|move|p2a: Great Tusk|Stealth Rock|p1a: Apacherunt
|-sidestart|p1: bug fan5762|move: Stealth Rock
|move|p1a: Apacherunt|Toxic|p2a: Great Tusk
|-status|p2a: Great Tusk|tox
|-start|p2a: Great Tusk|confusion|[from] ability: Poison Puppeteer|[of] p1a: Apacherunt
|
|-heal|p1a: Apacherunt|84/100|[from] item: Leftovers
|-damage|p2a: Great Tusk|94/100 tox|[from] psn
|upkeep
|turn|8
|
|t:|1779576529
|-activate|p2a: Great Tusk|confusion
|move|p2a: Great Tusk|Knock Off|p1a: Apacherunt
|-supereffective|p1a: Apacherunt
|-damage|p1a: Apacherunt|60/100
|-enditem|p1a: Apacherunt|Leftovers|[from] move: Knock Off|[of] p2a: Great Tusk
|move|p1a: Apacherunt|Parting Shot|p2a: Great Tusk
|-unboost|p2a: Great Tusk|atk|1
|-unboost|p2a: Great Tusk|spa|1
|
|t:|1779576531
|switch|p1a: Steely Don|Great Tusk|100/100|[from] Parting Shot
|
|-damage|p2a: Great Tusk|82/100 tox|[from] psn
|upkeep
|turn|9
|
|t:|1779576540
|-end|p2a: Great Tusk|Protosynthesis|[silent]
|switch|p2a: Hatterene|Hatterene, F|100/100
|move|p1a: Steely Don|Rapid Spin|p2a: Hatterene
|-damage|p2a: Hatterene|79/100
|-boost|p1a: Steely Don|spe|1
|-sideend|p1: bug fan5762|Spikes|[from] move: Rapid Spin|[of] p1a: Steely Don
|-sideend|p1: bug fan5762|Stealth Rock|[from] move: Rapid Spin|[of] p1a: Steely Don
|
|upkeep
|turn|10
|j| kanitanku
|
|t:|1779576546
|-end|p1a: Steely Don|Protosynthesis|[silent]
|switch|p1a: R.E.G.R.E.M.I.X|Regigigas, shiny|100/100
|-start|p1a: R.E.G.R.E.M.I.X|ability: Slow Start
|move|p2a: Hatterene|Draining Kiss|p1a: R.E.G.R.E.M.I.X
|-damage|p1a: R.E.G.R.E.M.I.X|79/100
|-heal|p2a: Hatterene|100/100|[from] drain|[of] p1a: R.E.G.R.E.M.I.X
|
|upkeep
|turn|11
|
|t:|1779576564
|move|p2a: Hatterene|Nuzzle|p1a: R.E.G.R.E.M.I.X
|-damage|p1a: R.E.G.R.E.M.I.X|76/100
|-status|p1a: R.E.G.R.E.M.I.X|par
|move|p1a: R.E.G.R.E.M.I.X|Earth Power|p2a: Hatterene
|-damage|p2a: Hatterene|72/100
|
|upkeep
|turn|12
|
|t:|1779576571
|move|p2a: Hatterene|Dazzling Gleam|p1a: R.E.G.R.E.M.I.X
|-damage|p1a: R.E.G.R.E.M.I.X|40/100 par
|cant|p1a: R.E.G.R.E.M.I.X|par
|
|upkeep
|turn|13
|
|t:|1779576575
|move|p2a: Hatterene|Draining Kiss|p1a: R.E.G.R.E.M.I.X
|-damage|p1a: R.E.G.R.E.M.I.X|16/100 par
|-heal|p2a: Hatterene|96/100|[from] drain|[of] p1a: R.E.G.R.E.M.I.X
|move|p1a: R.E.G.R.E.M.I.X|Earth Power|p2a: Hatterene
|-crit|p2a: Hatterene
|-damage|p2a: Hatterene|58/100
|
|upkeep
|turn|14
|
|t:|1779576579
|move|p2a: Hatterene|Draining Kiss|p1a: R.E.G.R.E.M.I.X
|-damage|p1a: R.E.G.R.E.M.I.X|0 fnt
|-heal|p2a: Hatterene|74/100|[from] drain|[of] p1a: R.E.G.R.E.M.I.X
|faint|p1a: R.E.G.R.E.M.I.X
|-end|p1a: R.E.G.R.E.M.I.X|Slow Start|[silent]
|
|upkeep
|
|t:|1779576580
|switch|p1a: Apacherunt|Pecharunt|100/100
|turn|15
|
|t:|1779576596
|move|p1a: Apacherunt|Shadow Ball|p2a: Hatterene
|-supereffective|p2a: Hatterene
|-damage|p2a: Hatterene|15/100
|move|p2a: Hatterene|Psychic Noise|p1a: Apacherunt
|-damage|p1a: Apacherunt|3/100
|-start|p1a: Apacherunt|move: Heal Block
|replace|p1a: Linkin Zark|Zoroark-Hisui, M, shiny
|-end|p1a: Linkin Zark|Illusion
|
|upkeep
|turn|16
|
|t:|1779576604
|switch|p2a: Great Tusk|Great Tusk|82/100 tox
|move|p1a: Linkin Zark|Shadow Ball|p2a: Great Tusk
|-damage|p2a: Great Tusk|27/100 tox
|
|-damage|p2a: Great Tusk|20/100 tox|[from] psn
|-end|p1a: Linkin Zark|move: Heal Block
|upkeep
|turn|17
|
|t:|1779576607
|move|p1a: Linkin Zark|Shadow Ball|p2a: Great Tusk
|-damage|p2a: Great Tusk|0 fnt
|faint|p2a: Great Tusk
|-end|p2a: Great Tusk|Protosynthesis|[silent]
|
|upkeep
|
|t:|1779576612
|switch|p2a: Raging Bolt|Raging Bolt|100/100
|-enditem|p2a: Raging Bolt|Booster Energy
|-activate|p2a: Raging Bolt|ability: Protosynthesis|[fromitem]
|-start|p2a: Raging Bolt|protosynthesisspa
|turn|18
|
|t:|1779576620
|move|p1a: Linkin Zark|Shadow Ball|p2a: Raging Bolt
|-damage|p2a: Raging Bolt|65/100
|move|p2a: Raging Bolt|Dragon Pulse|p1a: Linkin Zark
|-damage|p1a: Linkin Zark|0 fnt
|faint|p1a: Linkin Zark
|
|upkeep
|
|t:|1779576627
|switch|p1a: Steely Don|Great Tusk|100/100
|turn|19
|
|t:|1779576630
|-end|p1a: Steely Don|Protosynthesis|[silent]
|switch|p1a: Apacherunt|Pecharunt|60/100
|-terastallize|p2a: Raging Bolt|Flying
|move|p2a: Raging Bolt|Dragon Pulse|p1a: Apacherunt
|-damage|p1a: Apacherunt|0 fnt
|faint|p1a: Apacherunt
|
|upkeep
|
|t:|1779576632
|switch|p1a: Steely Don|Great Tusk|100/100
|turn|20
|
|t:|1779576643
|-terastallize|p1a: Steely Don|Ice
|move|p1a: Steely Don|Ice Spinner|p2a: Raging Bolt
|-supereffective|p2a: Raging Bolt
|-damage|p2a: Raging Bolt|0 fnt
|faint|p2a: Raging Bolt
|-end|p2a: Raging Bolt|Protosynthesis|[silent]
|
|upkeep
|
|t:|1779576646
|switch|p2a: Delphox|Delphox, F|100/100
|turn|21
|
|t:|1779576649
|move|p2a: Delphox|Flamethrower|p1a: Steely Don
|-supereffective|p1a: Steely Don
|-damage|p1a: Steely Don|0 fnt
|faint|p1a: Steely Don
|-end|p1a: Steely Don|Protosynthesis|[silent]
|
|win|my 100lb pug
|raw|bug fan5762's rating: 1606 &rarr; <strong>1587</strong><br />(-19 for losing)
|raw|my 100lb pug's rating: 1621 &rarr; <strong>1640</strong><br />(+19 for winning)
|l|☆bug fan5762
|player|p1|
|l| kanitanku
|l|☆my 100lb pug
|player|p2|
