|j|☆ledvinka
|j|☆Fly to LA 4 a week
|t:|1779665328
|gametype|singles
|player|p1|ledvinka|1|1539
|player|p2|Fly to LA 4 a week|2|1513
|gen|9
|tier|[Gen 9] OU
|rated|
|rule|HP Percentage Mod: HP is shown in percentages
|rule|Endless Battle Clause: Forcing endless battles is banned
|rule|Species Clause: Limit one of each Pokémon
|rule|OHKO Clause: OHKO moves are banned
|rule|Evasion Items Clause: Evasion items are banned
|rule|Evasion Moves Clause: Evasion moves are banned
|rule|Evasion Abilities Clause: Evasion abilities are banned
|rule|Sleep Moves Clause: Sleep-inducing moves are banned
|clearpoke
|poke|p1|Ninetales, M|
|poke|p1|Whimsicott, M|
|poke|p1|Walking Wake|
|poke|p1|Raging Bolt|
|poke|p1|Corviknight, M|
|poke|p1|Ceruledge, M|
|poke|p2|Greninja-*, M|
|poke|p2|Corviknight, M|
|poke|p2|Slowking-Galar, M|
|poke|p2|Kyurem|
|poke|p2|Clefable, M|
|poke|p2|Gholdengo|
|teampreview
|inactive|Battle timer is ON: inactive players will automatically lose when time's up. (requested by ledvinka)
|
|t:|1779665349
|teamsize|p1|6
|teamsize|p2|6
|start
|switch|p1a: Ninetales|Ninetales, M|100/100
|switch|p2a: Greninja|Greninja, M|100/100
|-weather|SunnyDay|[from] ability: Drought|[of] p1a: Ninetales
|turn|1
|
|t:|1779665365
|switch|p1a: Whimsicott|Whimsicott, M|100/100
|move|p2a: Greninja|U-turn|p1a: Whimsicott
|-start|p2a: Greninja|typechange|Bug|[from] ability: Protean
|-damage|p1a: Whimsicott|75/100
|
|t:|1779665373
|switch|p2a: Slowking|Slowking-Galar, M|100/100|[from] U-turn
|
|-weather|SunnyDay|[upkeep]
|upkeep
|turn|2
|
|t:|1779665386
|-terastallize|p1a: Whimsicott|Ghost
|move|p1a: Whimsicott|Growth|p1a: Whimsicott
|-boost|p1a: Whimsicott|atk|2
|-boost|p1a: Whimsicott|spa|2
|move|p2a: Slowking|Thunder Wave|p1a: Whimsicott
|-status|p1a: Whimsicott|par
|
|-weather|SunnyDay|[upkeep]
|upkeep
|turn|3
|
|t:|1779665396
|move|p1a: Whimsicott|Shadow Ball|p2a: Slowking
|-supereffective|p2a: Slowking
|-damage|p2a: Slowking|0 fnt
|faint|p2a: Slowking
|-damage|p1a: Whimsicott|66/100 par|[from] item: Life Orb
|
|-weather|SunnyDay|[upkeep]
|upkeep
|
|t:|1779665401
|switch|p2a: Greninja|Greninja, M|100/100
|turn|4
|
|t:|1779665417
|switch|p1a: Raging Bolt|Raging Bolt|100/100
|-activate|p1a: Raging Bolt|ability: Protosynthesis
|-start|p1a: Raging Bolt|protosynthesisspa
|move|p2a: Greninja|Dark Pulse|p1a: Raging Bolt
|-start|p2a: Greninja|typechange|Dark|[from] ability: Protean
|-damage|p1a: Raging Bolt|82/100
|
|-weather|SunnyDay|[upkeep]
|upkeep
|turn|5
|
|t:|1779665430
|switch|p2a: Clefable|Clefable, M|100/100
|move|p1a: Raging Bolt|Draco Meteor|p2a: Clefable
|-immune|p2a: Clefable
|
|-weather|SunnyDay|[upkeep]
|upkeep
|turn|6
|
|t:|1779665444
|move|p1a: Raging Bolt|Thunderbolt|p2a: Clefable
|-damage|p2a: Clefable|37/100
|move|p2a: Clefable|Stealth Rock|p1a: Raging Bolt
|-sidestart|p1: ledvinka|move: Stealth Rock
|
|-weather|SunnyDay|[upkeep]
|upkeep
|turn|7
|
|t:|1779665452
|move|p1a: Raging Bolt|Thunderbolt|p2a: Clefable
|-damage|p2a: Clefable|0 fnt
|faint|p2a: Clefable
|
|-weather|SunnyDay|[upkeep]
|upkeep
|
|t:|1779665454
|switch|p2a: Kyurem|Kyurem|100/100
|-ability|p2a: Kyurem|Pressure
|turn|8
|
|t:|1779665465
|move|p2a: Kyurem|Scale Shot|p1a: Raging Bolt
|-supereffective|p1a: Raging Bolt
|-crit|p1a: Raging Bolt
|-damage|p1a: Raging Bolt|50/100
|-supereffective|p1a: Raging Bolt
|-damage|p1a: Raging Bolt|29/100
|-supereffective|p1a: Raging Bolt
|-damage|p1a: Raging Bolt|6/100
|-supereffective|p1a: Raging Bolt
|-damage|p1a: Raging Bolt|0 fnt
|faint|p1a: Raging Bolt
|-end|p1a: Raging Bolt|Protosynthesis|[silent]
|-hitcount|p1: Raging Bolt|4
|-unboost|p2a: Kyurem|def|1
|-boost|p2a: Kyurem|spe|1
|
|-weather|none
|upkeep
|
|t:|1779665485
|switch|p1a: Corviknight|Corviknight, M|100/100
|-damage|p1a: Corviknight|88/100|[from] Stealth Rock
|-ability|p1a: Corviknight|Pressure
|turn|9
|
|t:|1779665498
|switch|p2a: Gholdengo|Gholdengo|100/100
|move|p1a: Corviknight|Defog|p2a: Gholdengo
|-immune|p2a: Gholdengo|[from] ability: Good as Gold
|
|upkeep
|turn|10
|
|t:|1779665507
|switch|p1a: Ninetales|Ninetales, M|100/100
|-damage|p1a: Ninetales|75/100|[from] Stealth Rock
|-weather|SunnyDay|[from] ability: Drought|[of] p1a: Ninetales
|move|p2a: Gholdengo|Shadow Ball|p1a: Ninetales
|-damage|p1a: Ninetales|3/100
|-unboost|p1a: Ninetales|spd|1
|
|-weather|SunnyDay|[upkeep]
|upkeep
|turn|11
|
|t:|1779665525
|switch|p2a: Corviknight|Corviknight, M|100/100
|-ability|p2a: Corviknight|Pressure
|move|p1a: Ninetales|Healing Wish|p1a: Ninetales
|faint|p1a: Ninetales
|
|-weather|SunnyDay|[upkeep]
|upkeep
|
|t:|1779665533
|switch|p1a: Whimsicott|Whimsicott, M, tera:Ghost|66/100 par
|-heal|p1a: Whimsicott|100/100|[from] move: Healing Wish
|-damage|p1a: Whimsicott|88/100|[from] Stealth Rock
|turn|12
|
|t:|1779665550
|move|p1a: Whimsicott|Growth|p1a: Whimsicott
|-boost|p1a: Whimsicott|atk|2
|-boost|p1a: Whimsicott|spa|2
|move|p2a: Corviknight|Brave Bird|p1a: Whimsicott
|-damage|p1a: Whimsicott|44/100
|-damage|p2a: Corviknight|89/100|[from] Recoil
|
|-weather|SunnyDay|[upkeep]
|-heal|p2a: Corviknight|95/100|[from] item: Leftovers
|upkeep
|turn|13
|
|t:|1779665561
|move|p1a: Whimsicott|Shadow Ball|p2a: Corviknight
|-damage|p2a: Corviknight|7/100
|-damage|p1a: Whimsicott|34/100|[from] item: Life Orb
|move|p2a: Corviknight|Brave Bird|p1a: Whimsicott
|-damage|p1a: Whimsicott|0 fnt
|faint|p1a: Whimsicott
|-damage|p2a: Corviknight|0 fnt|[from] Recoil
|faint|p2a: Corviknight
|
|-weather|SunnyDay|[upkeep]
|upkeep
|
|t:|1779665574
|switch|p1a: Walking Wake|Walking Wake|100/100
|switch|p2a: Greninja|Greninja, M|100/100
|-damage|p1a: Walking Wake|88/100|[from] Stealth Rock
|-activate|p1a: Walking Wake|ability: Protosynthesis
|-start|p1a: Walking Wake|protosynthesisspe
|turn|14
|inactive|Fly to LA 4 a week has 120 seconds left.
|
|t:|1779665606
|move|p2a: Greninja|Dark Pulse|p1a: Walking Wake
|-start|p2a: Greninja|typechange|Dark|[from] ability: Protean
|-damage|p1a: Walking Wake|47/100
|move|p1a: Walking Wake|Draco Meteor|p2a: Greninja
|-damage|p2a: Greninja|0 fnt
|-unboost|p1a: Walking Wake|spa|2
|faint|p2a: Greninja
|
|-weather|SunnyDay|[upkeep]
|upkeep
|inactive|Fly to LA 4 a week has 120 seconds left.
|
|t:|1779665615
|switch|p2a: Kyurem|Kyurem|100/100
|-ability|p2a: Kyurem|Pressure
|turn|15
|inactive|Fly to LA 4 a week has 120 seconds left.
|
|t:|1779665631
|-terastallize|p2a: Kyurem|Fire
|move|p1a: Walking Wake|Draco Meteor|p2a: Kyurem
|-damage|p2a: Kyurem|51/100
|-unboost|p1a: Walking Wake|spa|2
|move|p2a: Kyurem|Dragon Dance|p2a: Kyurem
|-boost|p2a: Kyurem|atk|1
|-boost|p2a: Kyurem|spe|1
|
|-weather|SunnyDay|[upkeep]
|upkeep
|turn|16
|inactive|Fly to LA 4 a week has 120 seconds left.
|
|t:|1779665650
|move|p1a: Walking Wake|Draco Meteor|p2a: Kyurem
|-damage|p2a: Kyurem|19/100
|-unboost|p1a: Walking Wake|spa|2
|move|p2a: Kyurem|Dragon Dance|p2a: Kyurem
|-boost|p2a: Kyurem|atk|1
|-boost|p2a: Kyurem|spe|1
|
|-weather|SunnyDay|[upkeep]
|upkeep
|turn|17
|
|t:|1779665659
|move|p2a: Kyurem|Icicle Spear|p1a: Walking Wake
|-damage|p1a: Walking Wake|20/100
|-damage|p1a: Walking Wake|0 fnt
|faint|p1a: Walking Wake
|-end|p1a: Walking Wake|Protosynthesis|[silent]
|-hitcount|p1: Walking Wake|2
|
|-weather|none
|upkeep
|
|t:|1779665667
|switch|p1a: Ceruledge|Ceruledge, M|100/100
|-damage|p1a: Ceruledge|76/100|[from] Stealth Rock
|turn|18
|
|t:|1779665673
|move|p1a: Ceruledge|Shadow Sneak|p2a: Kyurem
|-damage|p2a: Kyurem|0 fnt
|faint|p2a: Kyurem
|
|upkeep
|
|t:|1779665674
|switch|p2a: Gholdengo|Gholdengo|100/100
|turn|19
|
|t:|1779665682
|move|p1a: Ceruledge|Bitter Blade|p2a: Gholdengo
|-supereffective|p2a: Gholdengo
|-damage|p2a: Gholdengo|0 fnt
|-heal|p1a: Ceruledge|100/100|[from] drain|[of] p2a: Gholdengo
|faint|p2a: Gholdengo
|
|win|ledvinka
|raw|ledvinka's rating: 1539 &rarr; <strong>1558</strong><br />(+19 for winning)
|raw|Fly to LA 4 a week's rating: 1513 &rarr; <strong>1494</strong><br />(-19 for losing)
|l|☆Fly to LA 4 a week
|player|p2|
|l|☆ledvinka
|player|p1|
