|j|☆bambamjake
|j|☆Ai Turo Larping
|t:|1779671567
|gametype|singles
|player|p1|bambamjake|1|1089
|player|p2|Ai Turo Larping|chuck|1096
|gen|9
|tier|[Gen 9] OU
|rated|
|rule|HP Percentage Mod: HP is shown in percentages
|rule|Endless Battle Clause: Forcing endless battles is banned
|rule|Species Clause: Limit one of each Pokémon
|rule|OHKO Clause: OHKO moves are banned
|rule|Evasion Items Clause: Evasion items are banned
|rule|Evasion Moves Clause: Evasion moves are banned
|rule|Evasion Abilities Clause: Evasion abilities are banned
|rule|Sleep Moves Clause: Sleep-inducing moves are banned
|clearpoke
|poke|p1|Gholdengo|
|poke|p1|Entei|
|poke|p1|Garganacl, M|
|poke|p1|Raging Bolt, L75|
|poke|p1|Ogerpon-Wellspring, L70, F|
|poke|p1|Glimmora, F|
|poke|p2|Iron Moth|
|poke|p2|Delibird, F|
|poke|p2|Iron Hands|
|poke|p2|Iron Jugulis|
|poke|p2|Iron Thorns|
|poke|p2|Iron Valiant|
|teampreview
|c|☆Ai Turo Larping|lv 70?
|inactive|Battle timer is ON: inactive players will automatically lose when time's up. (requested by Ai Turo Larping)
|
|t:|1779671598
|teamsize|p1|6
|teamsize|p2|6
|start
|switch|p1a: Garganacl|Garganacl, M|100/100
|switch|p2a: Iron Thorns|Iron Thorns|100/100
|-enditem|p2a: Iron Thorns|Booster Energy
|-activate|p2a: Iron Thorns|ability: Quark Drive|[fromitem]
|-start|p2a: Iron Thorns|quarkdriveatk
|turn|1
|
|t:|1779671615
|move|p2a: Iron Thorns|Dragon Dance|p2a: Iron Thorns
|-boost|p2a: Iron Thorns|atk|1
|-boost|p2a: Iron Thorns|spe|1
|move|p1a: Garganacl|Body Press|p2a: Iron Thorns
|-supereffective|p2a: Iron Thorns
|-damage|p2a: Iron Thorns|52/100
|
|upkeep
|turn|2
|
|t:|1779671637
|switch|p1a: Gholdengo|Gholdengo, shiny|100/100
|-item|p1a: Gholdengo|Air Balloon
|move|p2a: Iron Thorns|Stone Edge|p1a: Gholdengo
|-resisted|p1a: Gholdengo
|-damage|p1a: Gholdengo|48/100
|-enditem|p1a: Gholdengo|Air Balloon
|
|upkeep
|turn|3
|
|t:|1779671655
|move|p2a: Iron Thorns|Supercell Slam|p1a: Gholdengo
|-damage|p1a: Gholdengo|0 fnt
|faint|p1a: Gholdengo
|
|upkeep
|
|t:|1779671659
|switch|p1a: Raging Bolt|Raging Bolt, L75|100/100
|turn|4
|
|t:|1779671668
|-end|p1a: Raging Bolt|Protosynthesis|[silent]
|switch|p1a: Glimmora|Glimmora, F|100/100
|move|p2a: Iron Thorns|Ice Punch|p1a: Glimmora
|-damage|p1a: Glimmora|60/100
|-activate|p1a: Glimmora|ability: Toxic Debris
|-sidestart|p2: Ai Turo Larping|move: Toxic Spikes
|
|upkeep
|turn|5
|
|t:|1779671682
|move|p1a: Glimmora|Spiky Shield|p1a: Glimmora
|-singleturn|p1a: Glimmora|move: Protect
|move|p2a: Iron Thorns|Supercell Slam|p1a: Glimmora
|-activate|p1a: Glimmora|move: Protect
|-damage|p2a: Iron Thorns|39/100|[from] Spiky Shield|[of] p1a: Glimmora
|-damage|p2a: Iron Thorns|0 fnt|[from] supercellslam
|faint|p2a: Iron Thorns
|-end|p2a: Iron Thorns|Quark Drive|[silent]
|
|upkeep
|
|t:|1779671691
|switch|p2a: iron bundle?|Delibird, F|100/100
|turn|6
|
|t:|1779671703
|move|p2a: iron bundle?|Rapid Spin|p1a: Glimmora
|-resisted|p1a: Glimmora
|-damage|p1a: Glimmora|56/100
|-boost|p2a: iron bundle?|spe|1
|-activate|p1a: Glimmora|ability: Toxic Debris
|-sidestart|p2: Ai Turo Larping|move: Toxic Spikes
|-sideend|p2: Ai Turo Larping|Toxic Spikes|[from] move: Rapid Spin|[of] p2a: iron bundle?
|move|p1a: Glimmora|Meteor Beam||[still]
|-prepare|p1a: Glimmora|Meteor Beam
|-boost|p1a: Glimmora|spa|1
|-enditem|p1a: Glimmora|Power Herb
|-anim|p1a: Glimmora|Meteor Beam|p2a: iron bundle?
|-supereffective|p2a: iron bundle?
|-enditem|p2a: iron bundle?|Focus Sash
|-damage|p2a: iron bundle?|1/100
|
|upkeep
|turn|7
|
|t:|1779671717
|move|p1a: Glimmora|Spiky Shield|p1a: Glimmora
|-singleturn|p1a: Glimmora|move: Protect
|move|p2a: iron bundle?|Endeavor|p1a: Glimmora
|-activate|p1a: Glimmora|move: Protect
|-damage|p2a: iron bundle?|0 fnt|[from] Spiky Shield|[of] p1a: Glimmora
|faint|p2a: iron bundle?
|
|upkeep
|
|t:|1779671726
|switch|p2a: Iron Valiant|Iron Valiant|100/100
|-enditem|p2a: Iron Valiant|Booster Energy
|-activate|p2a: Iron Valiant|ability: Quark Drive|[fromitem]
|-start|p2a: Iron Valiant|quarkdrivespe
|turn|8
|
|t:|1779671741
|switch|p1a: Entei|Entei|100/100
|move|p2a: Iron Valiant|Encore||[still]
|-fail|p2a: Iron Valiant
|
|upkeep
|turn|9
|
|t:|1779671759
|move|p1a: Entei|Protect|p1a: Entei
|-singleturn|p1a: Entei|Protect
|move|p2a: Iron Valiant|Close Combat|p1a: Entei
|-activate|p1a: Entei|move: Protect
|
|upkeep
|turn|10
|
|t:|1779671774
|move|p1a: Entei|Extreme Speed|p2a: Iron Valiant
|-crit|p2a: Iron Valiant
|-damage|p2a: Iron Valiant|61/100
|move|p2a: Iron Valiant|Encore|p1a: Entei
|-start|p1a: Entei|Encore
|
|upkeep
|turn|11
|
|t:|1779671784
|move|p1a: Entei|Extreme Speed|p2a: Iron Valiant
|-damage|p2a: Iron Valiant|35/100
|move|p2a: Iron Valiant|Close Combat|p1a: Entei
|-damage|p1a: Entei|30/100
|-unboost|p2a: Iron Valiant|def|1
|-unboost|p2a: Iron Valiant|spd|1
|
|upkeep
|turn|12
|
|t:|1779671803
|move|p1a: Entei|Extreme Speed|p2a: Iron Valiant
|-damage|p2a: Iron Valiant|0 fnt
|faint|p2a: Iron Valiant
|-end|p2a: Iron Valiant|Quark Drive|[silent]
|
|upkeep
|
|t:|1779671806
|switch|p2a: Iron Moth|Iron Moth|100/100
|-enditem|p2a: Iron Moth|Booster Energy
|-activate|p2a: Iron Moth|ability: Quark Drive|[fromitem]
|-start|p2a: Iron Moth|quarkdrivespe
|turn|13
|
|t:|1779671812
|move|p1a: Entei|Extreme Speed|p2a: Iron Moth
|-damage|p2a: Iron Moth|72/100
|move|p2a: Iron Moth|Fiery Dance|p1a: Entei
|-resisted|p1a: Entei
|-damage|p1a: Entei|7/100
|
|-end|p1a: Entei|Encore
|upkeep
|turn|14
|
|t:|1779671818
|move|p1a: Entei|Protect|p1a: Entei
|-singleturn|p1a: Entei|Protect
|move|p2a: Iron Moth|Fiery Dance|p1a: Entei
|-activate|p1a: Entei|move: Protect
|
|upkeep
|turn|15
|
|t:|1779671825
|move|p1a: Entei|Extreme Speed|p2a: Iron Moth
|-damage|p2a: Iron Moth|43/100
|move|p2a: Iron Moth|Fiery Dance|p1a: Entei
|-resisted|p1a: Entei
|-damage|p1a: Entei|0 fnt
|-boost|p2a: Iron Moth|spa|1
|faint|p1a: Entei
|
|upkeep
|
|t:|1779671834
|switch|p1a: Glimmora|Glimmora, F|56/100
|turn|16
|
|t:|1779671840
|-terastallize|p1a: Glimmora|Dragon
|move|p2a: Iron Moth|Substitute|p2a: Iron Moth
|-start|p2a: Iron Moth|Substitute
|-damage|p2a: Iron Moth|18/100
|move|p1a: Glimmora|Earth Power|p2a: Iron Moth
|-supereffective|p2a: Iron Moth
|-end|p2a: Iron Moth|Substitute
|
|upkeep
|turn|17
|
|t:|1779671851
|move|p1a: Glimmora|Spiky Shield|p1a: Glimmora
|-singleturn|p1a: Glimmora|move: Protect
|move|p2a: Iron Moth|Sludge Wave|p1a: Glimmora
|-activate|p1a: Glimmora|move: Protect
|
|upkeep
|turn|18
|
|t:|1779671858
|move|p2a: Iron Moth|Sludge Wave|p1a: Glimmora
|-damage|p1a: Glimmora|0 fnt
|faint|p1a: Glimmora
|
|upkeep
|
|t:|1779671866
|switch|p1a: Garganacl|Garganacl, M|100/100
|turn|19
|
|t:|1779671872
|move|p2a: Iron Moth|Energy Ball|p1a: Garganacl
|-supereffective|p1a: Garganacl
|-damage|p1a: Garganacl|11/100
|move|p1a: Garganacl|Salt Cure|p2a: Iron Moth
|-supereffective|p2a: Iron Moth
|-damage|p2a: Iron Moth|0 fnt
|faint|p2a: Iron Moth
|-end|p2a: Iron Moth|Quark Drive|[silent]
|
|upkeep
|
|t:|1779671881
|switch|p2a: Iron Jugulis|Iron Jugulis|100/100
|-enditem|p2a: Iron Jugulis|Booster Energy
|-activate|p2a: Iron Jugulis|ability: Quark Drive|[fromitem]
|-start|p2a: Iron Jugulis|quarkdrivespe
|turn|20
|
|t:|1779671889
|move|p2a: Iron Jugulis|Knock Off|p1a: Garganacl
|-damage|p1a: Garganacl|0 fnt
|-enditem|p1a: Garganacl|Heavy-Duty Boots|[from] move: Knock Off|[of] p2a: Iron Jugulis
|faint|p1a: Garganacl
|
|upkeep
|
|t:|1779671893
|switch|p1a: Raging Bolt|Raging Bolt, L75|100/100
|turn|21
|
|t:|1779671904
|move|p1a: Raging Bolt|Thunderclap|p2a: Iron Jugulis
|-supereffective|p2a: Iron Jugulis
|-damage|p2a: Iron Jugulis|38/100
|move|p2a: Iron Jugulis|Knock Off|p1a: Raging Bolt
|-damage|p1a: Raging Bolt|42/100
|-enditem|p1a: Raging Bolt|Iron Ball|[from] move: Knock Off|[of] p2a: Iron Jugulis
|
|upkeep
|turn|22
|
|t:|1779671910
|move|p1a: Raging Bolt|Thunderclap||[still]
|-fail|p1a: Raging Bolt
|move|p2a: Iron Jugulis|Roar|p1a: Raging Bolt
|-end|p1a: Raging Bolt|Protosynthesis|[silent]
|drag|p1a: Ogerpon|Ogerpon-Wellspring, L70, F|100/100
|
|upkeep
|turn|23
|
|t:|1779671921
|move|p1a: Ogerpon|Spiky Shield|p1a: Ogerpon
|-singleturn|p1a: Ogerpon|move: Protect
|move|p2a: Iron Jugulis|Knock Off|p1a: Ogerpon
|-activate|p1a: Ogerpon|move: Protect
|-damage|p2a: Iron Jugulis|26/100|[from] Spiky Shield|[of] p1a: Ogerpon
|
|upkeep
|turn|24
|
|t:|1779671929
|switch|p1a: Raging Bolt|Raging Bolt, L75|42/100
|move|p2a: Iron Jugulis|Knock Off|p1a: Raging Bolt
|-damage|p1a: Raging Bolt|2/100
|
|upkeep
|turn|25
|
|t:|1779671935
|move|p1a: Raging Bolt|Thunderclap|p2a: Iron Jugulis
|-supereffective|p2a: Iron Jugulis
|-damage|p2a: Iron Jugulis|0 fnt
|faint|p2a: Iron Jugulis
|-end|p2a: Iron Jugulis|Quark Drive|[silent]
|
|upkeep
|
|t:|1779671937
|switch|p2a: Iron Hands|Iron Hands|100/100
|turn|26
|
|t:|1779671945
|move|p1a: Raging Bolt|Protect|p1a: Raging Bolt
|-singleturn|p1a: Raging Bolt|Protect
|move|p2a: Iron Hands|Substitute|p2a: Iron Hands
|-start|p2a: Iron Hands|Substitute
|-damage|p2a: Iron Hands|76/100
|
|-heal|p2a: Iron Hands|82/100|[from] item: Leftovers
|upkeep
|turn|27
|
|t:|1779671954
|move|p1a: Raging Bolt|Protect||[still]
|-fail|p1a: Raging Bolt
|move|p2a: Iron Hands|Drain Punch|p1a: Raging Bolt
|-damage|p1a: Raging Bolt|0 fnt
|-heal|p2a: Iron Hands|82/100|[from] drain|[of] p1a: Raging Bolt
|faint|p1a: Raging Bolt
|-end|p1a: Raging Bolt|Protosynthesis|[silent]
|
|-heal|p2a: Iron Hands|89/100|[from] item: Leftovers
|upkeep
|
|t:|1779671956
|switch|p1a: Ogerpon|Ogerpon-Wellspring, L70, F|100/100
|turn|28
|
|t:|1779671970
|-singleturn|p2a: Iron Hands|move: Focus Punch
|move|p1a: Ogerpon|Wood Hammer|p2a: Iron Hands
|-activate|p2a: Iron Hands|move: Substitute|[damage]
|-damage|p1a: Ogerpon|91/100|[from] Recoil|[of] p2a: Iron Hands
|move|p2a: Iron Hands|Focus Punch|p1a: Ogerpon
|-damage|p1a: Ogerpon|0 fnt
|faint|p1a: Ogerpon
|
|win|Ai Turo Larping
|raw|bambamjake's rating: 1089 &rarr; <strong>1066</strong><br />(-23 for losing)
|raw|Ai Turo Larping's rating: 1096 &rarr; <strong>1121</strong><br />(+25 for winning)
|l|☆Ai Turo Larping
|player|p2|
|l|☆bambamjake
|player|p1|
