|j|☆BramPlayz
|j|☆Calavium
|t:|1779721051
|gametype|singles
|player|p1|BramPlayz|101|1152
|player|p2|Calavium|karen|1160
|gen|9
|tier|[Gen 9] OU
|rated|
|rule|HP Percentage Mod: HP is shown in percentages
|rule|Endless Battle Clause: Forcing endless battles is banned
|rule|Species Clause: Limit one of each Pokémon
|rule|OHKO Clause: OHKO moves are banned
|rule|Evasion Items Clause: Evasion items are banned
|rule|Evasion Moves Clause: Evasion moves are banned
|rule|Evasion Abilities Clause: Evasion abilities are banned
|rule|Sleep Moves Clause: Sleep-inducing moves are banned
|clearpoke
|poke|p1|Ambipom, M|
|poke|p1|Bastiodon, M|
|poke|p1|Drifblim, M|
|poke|p1|Blaziken, M|
|poke|p1|Great Tusk|
|poke|p1|Comfey, F|
|poke|p2|Houndoom, M|
|poke|p2|Hydreigon, M|
|poke|p2|Meowscarada, F|
|poke|p2|Greninja-*, M|
|poke|p2|Overqwil, M|
|poke|p2|Incineroar, F|
|teampreview
|inactive|Battle timer is ON: inactive players will automatically lose when time's up. (requested by Calavium)
|inactive|BramPlayz also wants the timer to be on.
|
|t:|1779721056
|teamsize|p1|6
|teamsize|p2|6
|start
|switch|p1a: Blaziken|Blaziken, M|100/100
|switch|p2a: Hydreigon|Hydreigon, M|100/100
|turn|1
|
|t:|1779721066
|move|p2a: Hydreigon|Draco Meteor|p1a: Blaziken
|-damage|p1a: Blaziken|0 fnt
|-unboost|p2a: Hydreigon|spa|2
|faint|p1a: Blaziken
|
|upkeep
|
|t:|1779721069
|switch|p1a: Comfey|Comfey, F|100/100
|turn|2
|
|t:|1779721075
|switch|p2a: Overqwil|Overqwil, M|100/100
|-ability|p2a: Overqwil|Intimidate|boost
|-unboost|p1a: Comfey|atk|1
|move|p1a: Comfey|Calm Mind|p1a: Comfey
|-boost|p1a: Comfey|spa|1
|-boost|p1a: Comfey|spd|1
|
|upkeep
|turn|3
|
|t:|1779721094
|-terastallize|p1a: Comfey|Ground
|move|p2a: Overqwil|Toxic|p1a: Comfey
|-status|p1a: Comfey|tox
|move|p1a: Comfey|Calm Mind|p1a: Comfey
|-boost|p1a: Comfey|spa|1
|-boost|p1a: Comfey|spd|1
|
|-damage|p1a: Comfey|94/100 tox|[from] psn
|upkeep
|turn|4
|
|t:|1779721104
|move|p2a: Overqwil|Barb Barrage|p1a: Comfey
|-resisted|p1a: Comfey
|-damage|p1a: Comfey|54/100 tox
|move|p1a: Comfey|Calm Mind|p1a: Comfey
|-boost|p1a: Comfey|spa|1
|-boost|p1a: Comfey|spd|1
|
|-damage|p1a: Comfey|42/100 tox|[from] psn
|upkeep
|turn|5
|
|t:|1779721110
|move|p1a: Comfey|Draining Kiss|p2a: Overqwil
|-damage|p2a: Overqwil|0 fnt
|-heal|p1a: Comfey|100/100 tox|[from] drain|[of] p2a: Overqwil
|faint|p2a: Overqwil
|-damage|p1a: Comfey|91/100 tox|[from] item: Life Orb
|
|-damage|p1a: Comfey|72/100 tox|[from] psn
|upkeep
|
|t:|1779721118
|switch|p2a: Greninja|Greninja, M|100/100
|turn|6
|
|t:|1779721124
|-terastallize|p2a: Greninja|Poison
|move|p1a: Comfey|Draining Kiss|p2a: Greninja
|-resisted|p2a: Greninja
|-damage|p2a: Greninja|61/100
|-heal|p1a: Comfey|99/100 tox|[from] drain|[of] p2a: Greninja
|-damage|p1a: Comfey|90/100 tox|[from] item: Life Orb
|move|p2a: Greninja|Surf|p1a: Comfey
|-supereffective|p1a: Comfey
|-damage|p1a: Comfey|56/100 tox
|
|-damage|p1a: Comfey|32/100 tox|[from] psn
|upkeep
|turn|7
|
|t:|1779721146
|move|p1a: Comfey|Draining Kiss|p2a: Greninja
|-resisted|p2a: Greninja
|-damage|p2a: Greninja|24/100
|-heal|p1a: Comfey|57/100 tox|[from] drain|[of] p2a: Greninja
|-damage|p1a: Comfey|48/100 tox|[from] item: Life Orb
|move|p2a: Greninja|Surf|p1a: Comfey
|-supereffective|p1a: Comfey
|-damage|p1a: Comfey|14/100 tox
|
|-damage|p1a: Comfey|0 fnt|[from] psn
|faint|p1a: Comfey
|upkeep
|
|t:|1779721160
|switch|p1a: Drifblim|Drifblim, M|100/100
|turn|8
|
|t:|1779721180
|move|p2a: Greninja|Ice Beam|p1a: Drifblim
|-supereffective|p1a: Drifblim
|-damage|p1a: Drifblim|27/100
|-enditem|p1a: Drifblim|Sitrus Berry|[eat]
|-heal|p1a: Drifblim|52/100|[from] item: Sitrus Berry
|move|p1a: Drifblim|Hex|p2a: Greninja
|-damage|p2a: Greninja|2/100
|
|upkeep
|turn|9
|
|t:|1779721188
|move|p1a: Drifblim|Hex|p2a: Greninja
|-damage|p2a: Greninja|0 fnt
|faint|p2a: Greninja
|
|upkeep
|
|t:|1779721196
|switch|p2a: Houndoom|Houndoom, M|100/100
|turn|10
|
|t:|1779721206
|switch|p1a: Great Tusk|Great Tusk|100/100
|-enditem|p1a: Great Tusk|Booster Energy
|-activate|p1a: Great Tusk|ability: Protosynthesis|[fromitem]
|-start|p1a: Great Tusk|protosynthesisatk
|move|p2a: Houndoom|Dark Pulse|p1a: Great Tusk
|-resisted|p1a: Great Tusk
|-damage|p1a: Great Tusk|70/100
|
|upkeep
|turn|11
|
|t:|1779721217
|move|p2a: Houndoom|Will-O-Wisp|p1a: Great Tusk
|-status|p1a: Great Tusk|brn
|move|p1a: Great Tusk|Rapid Spin|p2a: Houndoom
|-damage|p2a: Houndoom|79/100
|-boost|p1a: Great Tusk|spe|1
|
|-damage|p1a: Great Tusk|64/100 brn|[from] brn
|upkeep
|turn|12
|
|t:|1779721225
|move|p1a: Great Tusk|Earthquake|p2a: Houndoom
|-supereffective|p2a: Houndoom
|-damage|p2a: Houndoom|0 fnt
|faint|p2a: Houndoom
|
|-damage|p1a: Great Tusk|57/100 brn|[from] brn
|upkeep
|
|t:|1779721229
|switch|p2a: Incineroar|Incineroar, F|100/100
|-ability|p2a: Incineroar|Intimidate|boost
|-unboost|p1a: Great Tusk|atk|1
|turn|13
|
|t:|1779721234
|switch|p2a: Hydreigon|Hydreigon, M|100/100
|move|p1a: Great Tusk|Close Combat|p2a: Hydreigon
|-supereffective|p2a: Hydreigon
|-crit|p2a: Hydreigon
|-damage|p2a: Hydreigon|0 fnt
|-unboost|p1a: Great Tusk|def|1
|-unboost|p1a: Great Tusk|spd|1
|faint|p2a: Hydreigon
|
|-damage|p1a: Great Tusk|51/100 brn|[from] brn
|upkeep
|
|t:|1779721240
|switch|p2a: Incineroar|Incineroar, F|100/100
|-ability|p2a: Incineroar|Intimidate|boost
|-unboost|p1a: Great Tusk|atk|1
|turn|14
|
|t:|1779721248
|move|p1a: Great Tusk|Close Combat|p2a: Incineroar
|-supereffective|p2a: Incineroar
|-damage|p2a: Incineroar|60/100
|-unboost|p1a: Great Tusk|def|1
|-unboost|p1a: Great Tusk|spd|1
|move|p2a: Incineroar|Flame Charge|p1a: Great Tusk
|-damage|p1a: Great Tusk|24/100 brn
|-boost|p2a: Incineroar|spe|1
|
|-damage|p1a: Great Tusk|17/100 brn|[from] brn
|upkeep
|turn|15
|
|t:|1779721253
|move|p1a: Great Tusk|Close Combat|p2a: Incineroar
|-supereffective|p2a: Incineroar
|-damage|p2a: Incineroar|14/100
|-unboost|p1a: Great Tusk|def|1
|-unboost|p1a: Great Tusk|spd|1
|move|p2a: Incineroar|Flame Charge|p1a: Great Tusk
|-damage|p1a: Great Tusk|0 fnt
|-boost|p2a: Incineroar|spe|1
|faint|p1a: Great Tusk
|-end|p1a: Great Tusk|Protosynthesis|[silent]
|
|upkeep
|
|t:|1779721257
|switch|p1a: Ambipom|Ambipom, M|100/100
|turn|16
|
|t:|1779721275
|move|p2a: Incineroar|Drain Punch|p1a: Ambipom
|-supereffective|p1a: Ambipom
|-damage|p1a: Ambipom|31/100
|-heal|p2a: Incineroar|43/100|[from] drain|[of] p1a: Ambipom
|move|p1a: Ambipom|Triple Axel|p2a: Incineroar
|-resisted|p2a: Incineroar
|-damage|p2a: Incineroar|36/100
|-resisted|p2a: Incineroar
|-damage|p2a: Incineroar|22/100
|-resisted|p2a: Incineroar
|-damage|p2a: Incineroar|1/100
|-hitcount|p2a: Incineroar|3
|
|upkeep
|turn|17
|
|t:|1779721286
|move|p2a: Incineroar|Drain Punch|p1a: Ambipom
|-supereffective|p1a: Ambipom
|-damage|p1a: Ambipom|0 fnt
|-heal|p2a: Incineroar|14/100|[from] drain|[of] p1a: Ambipom
|faint|p1a: Ambipom
|
|upkeep
|
|t:|1779721308
|switch|p1a: Drifblim|Drifblim, M|52/100
|turn|18
|
|t:|1779721312
|move|p2a: Incineroar|Power Trip|p1a: Drifblim
|-supereffective|p1a: Drifblim
|-damage|p1a: Drifblim|7/100
|move|p1a: Drifblim|Hex|p2a: Incineroar
|-resisted|p2a: Incineroar
|-damage|p2a: Incineroar|6/100
|
|upkeep
|turn|19
|
|t:|1779721322
|move|p2a: Incineroar|Flame Charge|p1a: Drifblim
|-damage|p1a: Drifblim|0 fnt
|-boost|p2a: Incineroar|spe|1
|faint|p1a: Drifblim
|
|upkeep
|
|t:|1779721324
|switch|p1a: Bastiodon|Bastiodon, M|100/100
|turn|20
|
|t:|1779721329
|move|p2a: Incineroar|Drain Punch|p1a: Bastiodon
|-supereffective|p1a: Bastiodon
|-damage|p1a: Bastiodon|50/100
|-heal|p2a: Incineroar|29/100|[from] drain|[of] p1a: Bastiodon
|move|p1a: Bastiodon|Iron Defense|p1a: Bastiodon
|-boost|p1a: Bastiodon|def|2
|
|upkeep
|turn|21
|
|t:|1779721338
|move|p2a: Incineroar|Drain Punch|p1a: Bastiodon
|-supereffective|p1a: Bastiodon
|-damage|p1a: Bastiodon|25/100
|-heal|p2a: Incineroar|40/100|[from] drain|[of] p1a: Bastiodon
|move|p1a: Bastiodon|Rest|p1a: Bastiodon
|-status|p1a: Bastiodon|slp|[from] move: Rest
|-heal|p1a: Bastiodon|100/100 slp|[silent]
|-enditem|p1a: Bastiodon|Chesto Berry|[eat]
|-curestatus|p1a: Bastiodon|slp|[msg]
|
|upkeep
|turn|22
|
|t:|1779721347
|move|p2a: Incineroar|Drain Punch|p1a: Bastiodon
|-supereffective|p1a: Bastiodon
|-damage|p1a: Bastiodon|76/100
|-heal|p2a: Incineroar|51/100|[from] drain|[of] p1a: Bastiodon
|move|p1a: Bastiodon|Iron Defense|p1a: Bastiodon
|-boost|p1a: Bastiodon|def|2
|
|upkeep
|turn|23
|
|t:|1779721355
|move|p2a: Incineroar|Drain Punch|p1a: Bastiodon
|-supereffective|p1a: Bastiodon
|-damage|p1a: Bastiodon|59/100
|-heal|p2a: Incineroar|59/100|[from] drain|[of] p1a: Bastiodon
|move|p1a: Bastiodon|Body Press|p2a: Incineroar
|-supereffective|p2a: Incineroar
|-damage|p2a: Incineroar|0 fnt
|faint|p2a: Incineroar
|
|upkeep
|
|t:|1779721362
|switch|p2a: Meowscarada|Meowscarada, F|100/100
|turn|24
|
|t:|1779721365
|move|p2a: Meowscarada|Flower Trick|p1a: Bastiodon
|-start|p2a: Meowscarada|typechange|Grass|[from] ability: Protean
|-crit|p1a: Bastiodon
|-damage|p1a: Bastiodon|9/100
|move|p1a: Bastiodon|Body Press|p2a: Meowscarada
|-damage|p2a: Meowscarada|0 fnt
|faint|p2a: Meowscarada
|
|win|BramPlayz
|raw|BramPlayz's rating: 1152 &rarr; <strong>1178</strong><br />(+26 for winning)
|raw|Calavium's rating: 1160 &rarr; <strong>1134</strong><br />(-26 for losing)
|c|☆BramPlayz|gg
|c|☆Calavium|Gh
|c|☆Calavium|Gg
|l|☆Calavium
|player|p2|
|l|☆BramPlayz
|player|p1|
