|j|☆isa2381
|j|☆wizardcow0
|t:|1779586926
|gametype|singles
|player|p1|isa2381|lady|1295
|player|p2|wizardcow0|2|1353
|gen|9
|tier|[Gen 9] OU
|rated|
|rule|HP Percentage Mod: HP is shown in percentages
|rule|Endless Battle Clause: Forcing endless battles is banned
|rule|Species Clause: Limit one of each Pokémon
|rule|OHKO Clause: OHKO moves are banned
|rule|Evasion Items Clause: Evasion items are banned
|rule|Evasion Moves Clause: Evasion moves are banned
|rule|Evasion Abilities Clause: Evasion abilities are banned
|rule|Sleep Moves Clause: Sleep-inducing moves are banned
|clearpoke
|poke|p1|Skeledirge, F|
|poke|p1|Corviknight, M|
|poke|p1|Ogerpon-Wellspring, F|
|poke|p1|Slowking-Galar, M|
|poke|p1|Tyranitar, M|
|poke|p1|Iron Valiant|
|poke|p2|Hoopa|
|poke|p2|Cinderace, F|
|poke|p2|Mandibuzz, F|
|poke|p2|Kyurem|
|poke|p2|Ting-Lu|
|poke|p2|Manaphy|
|teampreview
|inactive|Battle timer is ON: inactive players will automatically lose when time's up. (requested by isa2381)
|
|t:|1779586999
|teamsize|p1|6
|teamsize|p2|6
|start
|switch|p1a: Ogerpon|Ogerpon-Wellspring, F|100/100
|switch|p2a: Ting-Lu|Ting-Lu|100/100
|-ability|p2a: Ting-Lu|Vessel of Ruin
|turn|1
|
|t:|1779587010
|move|p1a: Ogerpon|Ivy Cudgel|p2a: Ting-Lu|[anim] Ivy Cudgel Water
|-supereffective|p2a: Ting-Lu
|-crit|p2a: Ting-Lu
|-damage|p2a: Ting-Lu|0 fnt
|faint|p2a: Ting-Lu
|
|upkeep
|
|t:|1779587020
|switch|p2a: Kyurem|Kyurem|100/100
|-ability|p2a: Kyurem|Pressure
|turn|2
|
|t:|1779587026
|switch|p1a: Corviknight|Corviknight, M|100/100
|-ability|p1a: Corviknight|Pressure
|move|p2a: Kyurem|Freeze-Dry|p1a: Corviknight
|-damage|p1a: Corviknight|67/100
|
|upkeep
|turn|3
|
|t:|1779587042
|switch|p2a: Cinderace|Cinderace, F|100/100
|move|p1a: Corviknight|U-turn|p2a: Cinderace
|-resisted|p2a: Cinderace
|-damage|p2a: Cinderace|90/100
|
|t:|1779587048
|switch|p1a: Skeledirge|Skeledirge, F|100/100|[from] U-turn
|
|upkeep
|turn|4
|
|t:|1779587059
|move|p2a: Cinderace|U-turn|p1a: Skeledirge
|-start|p2a: Cinderace|typechange|Bug|[from] ability: Libero
|-resisted|p1a: Skeledirge
|-damage|p1a: Skeledirge|94/100
|
|t:|1779587062
|switch|p2a: Mandibuzz|Mandibuzz, F, shiny|100/100|[from] U-turn
|move|p1a: Skeledirge|Hex|p2a: Mandibuzz
|-resisted|p2a: Mandibuzz
|-damage|p2a: Mandibuzz|90/100
|
|upkeep
|turn|5
|
|t:|1779587083
|switch|p1a: Corviknight|Corviknight, M|67/100
|-ability|p1a: Corviknight|Pressure
|move|p2a: Mandibuzz|Toxic|p1a: Corviknight
|-immune|p1a: Corviknight
|
|upkeep
|turn|6
|inactive|wizardcow0 has 120 seconds left.
|inactive|wizardcow0 has 90 seconds left.
|
|t:|1779587153
|switch|p2a: Manaphy|Manaphy|100/100
|move|p1a: Corviknight|U-turn|p2a: Manaphy
|-damage|p2a: Manaphy|89/100
|
|t:|1779587158
|switch|p1a: Ogerpon|Ogerpon-Wellspring, F|100/100|[from] U-turn
|
|-heal|p2a: Manaphy|96/100|[from] item: Leftovers
|upkeep
|turn|7
|inactive|wizardcow0 has 90 seconds left.
|
|t:|1779587164
|move|p1a: Ogerpon|Horn Leech|p2a: Manaphy
|-supereffective|p2a: Manaphy
|-damage|p2a: Manaphy|18/100
|move|p2a: Manaphy|Tail Glow|p2a: Manaphy
|-boost|p2a: Manaphy|spa|3
|
|-heal|p2a: Manaphy|25/100|[from] item: Leftovers
|upkeep
|turn|8
|inactive|wizardcow0 has 90 seconds left.
|
|t:|1779587186
|-terastallize|p2a: Manaphy|Poison
|move|p1a: Ogerpon|Horn Leech|p2a: Manaphy
|-resisted|p2a: Manaphy
|-damage|p2a: Manaphy|7/100
|move|p2a: Manaphy|Alluring Voice|p1a: Ogerpon
|-damage|p1a: Ogerpon|43/100
|
|-heal|p2a: Manaphy|13/100|[from] item: Leftovers
|upkeep
|turn|9
|
|t:|1779587200
|switch|p2a: Mandibuzz|Mandibuzz, F, shiny|90/100
|move|p1a: Ogerpon|Ivy Cudgel|p2a: Mandibuzz|[anim] Ivy Cudgel Water
|-damage|p2a: Mandibuzz|54/100
|
|upkeep
|turn|10
|
|t:|1779587209
|switch|p1a: Corviknight|Corviknight, M|67/100
|-ability|p1a: Corviknight|Pressure
|move|p2a: Mandibuzz|Roost|p2a: Mandibuzz
|-heal|p2a: Mandibuzz|100/100
|-singleturn|p2a: Mandibuzz|move: Roost
|
|upkeep
|turn|11
|
|t:|1779587216
|switch|p2a: Hoopa|Hoopa|100/100
|move|p1a: Corviknight|Roost|p1a: Corviknight
|-heal|p1a: Corviknight|100/100
|-singleturn|p1a: Corviknight|move: Roost
|
|upkeep
|turn|12
|
|t:|1779587224
|move|p2a: Hoopa|Substitute|p2a: Hoopa
|-start|p2a: Hoopa|Substitute
|-damage|p2a: Hoopa|76/100
|move|p1a: Corviknight|U-turn|p2a: Hoopa
|-activate|p2a: Hoopa|move: Substitute|[damage]
|
|t:|1779587254
|switch|p1a: Slowking|Slowking-Galar, M|100/100|[from] U-turn
|
|upkeep
|turn|13
|
|t:|1779587267
|move|p2a: Hoopa|Calm Mind|p2a: Hoopa
|-boost|p2a: Hoopa|spa|1
|-boost|p2a: Hoopa|spd|1
|move|p1a: Slowking|Flamethrower|p2a: Hoopa
|-end|p2a: Hoopa|Substitute
|
|upkeep
|turn|14
|inactive|wizardcow0 has 120 seconds left.
|
|t:|1779587273
|move|p2a: Hoopa|Calm Mind|p2a: Hoopa
|-boost|p2a: Hoopa|spa|1
|-boost|p2a: Hoopa|spd|1
|move|p1a: Slowking|Psychic Noise|p2a: Hoopa
|-resisted|p2a: Hoopa
|-crit|p2a: Hoopa
|-damage|p2a: Hoopa|52/100
|-start|p2a: Hoopa|move: Heal Block
|
|upkeep
|turn|15
|inactive|wizardcow0 has 120 seconds left.
|
|t:|1779587284
|move|p2a: Hoopa|Shadow Ball|p1a: Slowking
|-supereffective|p1a: Slowking
|-damage|p1a: Slowking|6/100
|-unboost|p1a: Slowking|spd|1
|move|p1a: Slowking|Flamethrower|p2a: Hoopa
|-damage|p2a: Hoopa|40/100
|
|-end|p2a: Hoopa|move: Heal Block
|upkeep
|turn|16
|
|t:|1779587294
|switch|p1a: Tyranitar|Tyranitar, M|100/100
|-weather|Sandstorm|[from] ability: Sand Stream|[of] p1a: Tyranitar
|move|p2a: Hoopa|Calm Mind|p2a: Hoopa
|-boost|p2a: Hoopa|spa|1
|-boost|p2a: Hoopa|spd|1
|
|-weather|Sandstorm|[upkeep]
|-damage|p2a: Hoopa|34/100|[from] Sandstorm
|upkeep
|turn|17
|inactive|wizardcow0 has 120 seconds left.
|
|t:|1779587328
|move|p1a: Tyranitar|Knock Off|p2a: Hoopa
|-supereffective|p2a: Hoopa
|-damage|p2a: Hoopa|0 fnt
|-enditem|p2a: Hoopa|Aguav Berry|[from] move: Knock Off|[of] p1a: Tyranitar
|faint|p2a: Hoopa
|
|-weather|Sandstorm|[upkeep]
|upkeep
|
|t:|1779587333
|switch|p2a: Kyurem|Kyurem|100/100
|-ability|p2a: Kyurem|Pressure
|turn|18
|
|t:|1779587341
|switch|p2a: Mandibuzz|Mandibuzz, F, shiny|100/100
|switch|p1a: Corviknight|Corviknight, M|100/100
|-ability|p1a: Corviknight|Pressure
|
|-weather|Sandstorm|[upkeep]
|upkeep
|turn|19
|
|t:|1779587349
|switch|p2a: Cinderace|Cinderace, F|90/100
|move|p1a: Corviknight|U-turn|p2a: Cinderace
|-resisted|p2a: Cinderace
|-damage|p2a: Cinderace|79/100
|
|t:|1779587354
|switch|p1a: Ogerpon|Ogerpon-Wellspring, F|43/100|[from] U-turn
|
|-weather|Sandstorm|[upkeep]
|-damage|p2a: Cinderace|73/100|[from] Sandstorm
|-damage|p1a: Ogerpon|37/100|[from] Sandstorm
|upkeep
|turn|20
|
|t:|1779587362
|move|p2a: Cinderace|U-turn|p1a: Ogerpon
|-start|p2a: Cinderace|typechange|Bug|[from] ability: Libero
|-supereffective|p1a: Ogerpon
|-damage|p1a: Ogerpon|0 fnt
|faint|p1a: Ogerpon
|
|t:|1779587370
|switch|p2a: Mandibuzz|Mandibuzz, F, shiny|100/100|[from] U-turn
|
|-weather|none
|upkeep
|
|t:|1779587384
|switch|p1a: Iron Valiant|Iron Valiant|100/100
|-enditem|p1a: Iron Valiant|Booster Energy
|-activate|p1a: Iron Valiant|ability: Quark Drive|[fromitem]
|-start|p1a: Iron Valiant|quarkdrivespe
|turn|21
|
|t:|1779587389
|move|p1a: Iron Valiant|Moonblast|p2a: Mandibuzz
|-supereffective|p2a: Mandibuzz
|-damage|p2a: Mandibuzz|20/100
|move|p2a: Mandibuzz|Toxic|p1a: Iron Valiant
|-status|p1a: Iron Valiant|tox
|
|-damage|p1a: Iron Valiant|94/100 tox|[from] psn
|upkeep
|turn|22
|
|t:|1779587397
|switch|p2a: Manaphy|Manaphy, tera:Poison|13/100
|move|p1a: Iron Valiant|Moonblast|p2a: Manaphy
|-resisted|p2a: Manaphy
|-damage|p2a: Manaphy|0 fnt
|faint|p2a: Manaphy
|
|-damage|p1a: Iron Valiant|82/100 tox|[from] psn
|upkeep
|
|t:|1779587416
|switch|p2a: Cinderace|Cinderace, F|73/100
|turn|23
|
|t:|1779587436
|-end|p1a: Iron Valiant|Quark Drive|[silent]
|switch|p1a: Tyranitar|Tyranitar, M|100/100
|-weather|Sandstorm|[from] ability: Sand Stream|[of] p1a: Tyranitar
|move|p2a: Cinderace|Pyro Ball|p1a: Tyranitar
|-resisted|p1a: Tyranitar
|-damage|p1a: Tyranitar|71/100
|
|-weather|Sandstorm|[upkeep]
|-damage|p2a: Cinderace|67/100|[from] Sandstorm
|upkeep
|turn|24
|
|t:|1779587454
|move|p2a: Cinderace|High Jump Kick|p1a: Tyranitar
|-start|p2a: Cinderace|typechange|Fighting|[from] ability: Libero
|-supereffective|p1a: Tyranitar
|-damage|p1a: Tyranitar|0 fnt
|faint|p1a: Tyranitar
|
|-weather|Sandstorm|[upkeep]
|-damage|p2a: Cinderace|61/100|[from] Sandstorm
|upkeep
|
|t:|1779587463
|switch|p1a: Skeledirge|Skeledirge, F|94/100
|turn|25
|
|t:|1779587470
|move|p2a: Cinderace|U-turn|p1a: Skeledirge
|-resisted|p1a: Skeledirge
|-damage|p1a: Skeledirge|89/100
|
|t:|1779587472
|switch|p2a: Mandibuzz|Mandibuzz, F, shiny|20/100|[from] U-turn
|move|p1a: Skeledirge|Will-O-Wisp|p2a: Mandibuzz
|-status|p2a: Mandibuzz|brn
|
|-weather|Sandstorm|[upkeep]
|-damage|p1a: Skeledirge|83/100|[from] Sandstorm
|-damage|p2a: Mandibuzz|14/100 brn|[from] brn
|upkeep
|turn|26
|
|t:|1779587481
|switch|p1a: Corviknight|Corviknight, M|100/100
|-ability|p1a: Corviknight|Pressure
|move|p2a: Mandibuzz|Toxic|p1a: Corviknight|[miss]
|-miss|p2a: Mandibuzz|p1a: Corviknight
|
|-weather|Sandstorm|[upkeep]
|-damage|p2a: Mandibuzz|8/100 brn|[from] brn
|upkeep
|turn|27
|
|t:|1779587491
|move|p2a: Mandibuzz|Roost|p2a: Mandibuzz
|-heal|p2a: Mandibuzz|58/100 brn
|-singleturn|p2a: Mandibuzz|move: Roost
|move|p1a: Corviknight|U-turn|p2a: Mandibuzz
|-supereffective|p2a: Mandibuzz
|-damage|p2a: Mandibuzz|41/100 brn
|-damage|p1a: Corviknight|84/100|[from] item: Rocky Helmet|[of] p2a: Mandibuzz
|
|t:|1779587503
|switch|p1a: Iron Valiant|Iron Valiant|82/100 tox|[from] U-turn
|
|-weather|none
|-damage|p1a: Iron Valiant|76/100 tox|[from] psn
|-damage|p2a: Mandibuzz|35/100 brn|[from] brn
|upkeep
|turn|28
|
|t:|1779587523
|move|p1a: Iron Valiant|Moonblast|p2a: Mandibuzz
|-supereffective|p2a: Mandibuzz
|-damage|p2a: Mandibuzz|0 fnt
|faint|p2a: Mandibuzz
|
|-damage|p1a: Iron Valiant|63/100 tox|[from] psn
|upkeep
|
|t:|1779587539
|switch|p2a: Cinderace|Cinderace, F|61/100
|turn|29
|
|t:|1779587548
|-end|p1a: Iron Valiant|Quark Drive|[silent]
|switch|p1a: Skeledirge|Skeledirge, F|83/100
|move|p2a: Cinderace|Pyro Ball|p1a: Skeledirge
|-resisted|p1a: Skeledirge
|-damage|p1a: Skeledirge|55/100
|
|upkeep
|turn|30
|
|t:|1779587559
|move|p2a: Cinderace|Pyro Ball|p1a: Skeledirge
|-resisted|p1a: Skeledirge
|-damage|p1a: Skeledirge|27/100
|move|p1a: Skeledirge|Slack Off|p1a: Skeledirge
|-heal|p1a: Skeledirge|77/100
|
|upkeep
|turn|31
|
|t:|1779587565
|move|p2a: Cinderace|Pyro Ball|p1a: Skeledirge
|-resisted|p1a: Skeledirge
|-damage|p1a: Skeledirge|47/100
|move|p1a: Skeledirge|Hex|p2a: Cinderace
|-damage|p2a: Cinderace|23/100
|
|upkeep
|turn|32
|
|t:|1779587571
|move|p2a: Cinderace|Pyro Ball|p1a: Skeledirge|[miss]
|-miss|p2a: Cinderace|p1a: Skeledirge
|move|p1a: Skeledirge|Slack Off|p1a: Skeledirge
|-heal|p1a: Skeledirge|97/100
|
|upkeep
|turn|33
|
|t:|1779587585
|move|p2a: Cinderace|Pyro Ball|p1a: Skeledirge
|-resisted|p1a: Skeledirge
|-damage|p1a: Skeledirge|68/100
|move|p1a: Skeledirge|Hex|p2a: Cinderace
|-damage|p2a: Cinderace|0 fnt
|faint|p2a: Cinderace
|
|upkeep
|
|t:|1779587588
|switch|p2a: Kyurem|Kyurem|100/100
|-ability|p2a: Kyurem|Pressure
|turn|34
|
|t:|1779587597
|move|p2a: Kyurem|Earth Power|p1a: Skeledirge
|-supereffective|p1a: Skeledirge
|-damage|p1a: Skeledirge|25/100
|move|p1a: Skeledirge|Will-O-Wisp|p2a: Kyurem
|-status|p2a: Kyurem|brn
|
|-damage|p2a: Kyurem|94/100 brn|[from] brn
|upkeep
|turn|35
|
|t:|1779587605
|switch|p1a: Corviknight|Corviknight, M|84/100
|-ability|p1a: Corviknight|Pressure
|move|p2a: Kyurem|Earth Power|p1a: Corviknight
|-immune|p1a: Corviknight
|
|-damage|p2a: Kyurem|88/100 brn|[from] brn
|upkeep
|turn|36
|
|t:|1779587617
|move|p2a: Kyurem|Earth Power|p1a: Corviknight
|-immune|p1a: Corviknight
|move|p1a: Corviknight|Brave Bird|p2a: Kyurem
|-damage|p2a: Kyurem|50/100 brn
|-damage|p1a: Corviknight|72/100|[from] Recoil
|
|-damage|p2a: Kyurem|44/100 brn|[from] brn
|upkeep
|turn|37
|-message|wizardcow0 forfeited.
|
|win|isa2381
|raw|isa2381's rating: 1295 &rarr; <strong>1324</strong><br />(+29 for winning)
|raw|wizardcow0's rating: 1353 &rarr; <strong>1330</strong><br />(-23 for losing)
|l|☆wizardcow0
|player|p2|
