|j|☆seven-iwnl
|j|☆ihymyly
|t:|1779685574
|gametype|singles
|player|p1|seven-iwnl|ghetsis|1530
|player|p2|ihymyly|266|1496
|gen|9
|tier|[Gen 9] OU
|rated|
|rule|HP Percentage Mod: HP is shown in percentages
|rule|Endless Battle Clause: Forcing endless battles is banned
|rule|Species Clause: Limit one of each Pokémon
|rule|OHKO Clause: OHKO moves are banned
|rule|Evasion Items Clause: Evasion items are banned
|rule|Evasion Moves Clause: Evasion moves are banned
|rule|Evasion Abilities Clause: Evasion abilities are banned
|rule|Sleep Moves Clause: Sleep-inducing moves are banned
|clearpoke
|poke|p1|Raging Bolt|
|poke|p1|Ribombee, F|
|poke|p1|Gholdengo|
|poke|p1|Great Tusk|
|poke|p1|Ogerpon-Cornerstone, F|
|poke|p1|Ceruledge, M|
|poke|p2|Darkrai|
|poke|p2|Skarmory, F|
|poke|p2|Great Tusk|
|poke|p2|Latios, M|
|poke|p2|Weavile, M|
|poke|p2|Ogerpon-Wellspring, F|
|teampreview
|inactive|Battle timer is ON: inactive players will automatically lose when time's up. (requested by seven-iwnl)
|
|t:|1779685599
|teamsize|p1|6
|teamsize|p2|6
|start
|switch|p1a: Ribombee|Ribombee, F, shiny|100/100
|switch|p2a: Mr. -ice Guy|Weavile, M|100/100
|-ability|p2a: Mr. -ice Guy|Pressure
|turn|1
|
|t:|1779685621
|-terastallize|p1a: Ribombee|Steel
|move|p2a: Mr. -ice Guy|Triple Axel|p1a: Ribombee
|-resisted|p1a: Ribombee
|-damage|p1a: Ribombee|90/100
|-resisted|p1a: Ribombee
|-damage|p1a: Ribombee|69/100
|-resisted|p1a: Ribombee
|-damage|p1a: Ribombee|42/100
|-hitcount|p1a: Ribombee|3
|move|p1a: Ribombee|Stun Spore|p2a: Mr. -ice Guy
|-status|p2a: Mr. -ice Guy|par
|
|upkeep
|turn|2
|
|t:|1779685632
|move|p1a: Ribombee|Moonblast|p2a: Mr. -ice Guy
|-supereffective|p2a: Mr. -ice Guy
|-damage|p2a: Mr. -ice Guy|0 fnt
|faint|p2a: Mr. -ice Guy
|
|upkeep
|
|t:|1779685640
|switch|p2a: almost*evil*jordan|Darkrai, shiny|100/100
|turn|3
|
|t:|1779685646
|switch|p1a: Ogerpon|Ogerpon-Cornerstone, F|100/100
|move|p2a: almost*evil*jordan|Dark Pulse|p1a: Ogerpon
|-damage|p1a: Ogerpon|52/100
|
|upkeep
|turn|4
|
|t:|1779685650
|move|p2a: almost*evil*jordan|Ice Beam|p1a: Ogerpon
|-supereffective|p1a: Ogerpon
|-damage|p1a: Ogerpon|0 fnt
|faint|p1a: Ogerpon
|
|upkeep
|
|t:|1779685653
|switch|p1a: Ceruledge|Ceruledge, M, shiny|100/100
|turn|5
|
|t:|1779685657
|move|p2a: almost*evil*jordan|Dark Pulse|p1a: Ceruledge
|-supereffective|p1a: Ceruledge
|-crit|p1a: Ceruledge
|-enditem|p1a: Ceruledge|Focus Sash
|-damage|p1a: Ceruledge|1/100
|move|p1a: Ceruledge|Close Combat|p2a: almost*evil*jordan
|-supereffective|p2a: almost*evil*jordan
|-damage|p2a: almost*evil*jordan|0 fnt
|-unboost|p1a: Ceruledge|def|1
|-unboost|p1a: Ceruledge|spd|1
|faint|p2a: almost*evil*jordan
|
|upkeep
|
|t:|1779685673
|switch|p2a: Ogerpon|Ogerpon-Wellspring, F|100/100
|turn|6
|
|t:|1779685676
|move|p1a: Ceruledge|Shadow Sneak|p2a: Ogerpon
|-damage|p2a: Ogerpon|70/100
|move|p2a: Ogerpon|Ivy Cudgel|p1a: Ceruledge|[anim] Ivy Cudgel Water
|-supereffective|p1a: Ceruledge
|-damage|p1a: Ceruledge|0 fnt
|faint|p1a: Ceruledge
|
|upkeep
|
|t:|1779685680
|switch|p1a: Ribombee|Ribombee, F, shiny, tera:Steel|42/100
|turn|7
|
|t:|1779685686
|move|p1a: Ribombee|Skill Swap|p2a: Ogerpon
|-activate|p1a: Ribombee|Skill Swap|Water Absorb|Shield Dust|[of] p2a: Ogerpon
|move|p2a: Ogerpon|Ivy Cudgel|p1a: Ribombee|[anim] Ivy Cudgel Water
|-heal|p1a: Ribombee|67/100|[from] ability: Water Absorb|[of] p2a: Ogerpon
|
|upkeep
|turn|8
|
|t:|1779685706
|move|p1a: Ribombee|Sticky Web|p2a: Ogerpon
|-sidestart|p2: ihymyly|move: Sticky Web
|move|p2a: Ogerpon|Knock Off|p1a: Ribombee
|-damage|p1a: Ribombee|0 fnt
|-enditem|p1a: Ribombee|Focus Sash|[from] move: Knock Off|[of] p2a: Ogerpon
|faint|p1a: Ribombee
|
|upkeep
|
|t:|1779685709
|switch|p1a: Great Tusk|Great Tusk, shiny|100/100
|-enditem|p1a: Great Tusk|Booster Energy
|-activate|p1a: Great Tusk|ability: Protosynthesis|[fromitem]
|-start|p1a: Great Tusk|protosynthesisatk
|turn|9
|
|t:|1779685719
|move|p2a: Ogerpon|Horn Leech|p1a: Great Tusk
|-supereffective|p1a: Great Tusk
|-damage|p1a: Great Tusk|40/100
|-heal|p2a: Ogerpon|100/100|[from] drain|[of] p1a: Great Tusk
|move|p1a: Great Tusk|Close Combat|p2a: Ogerpon
|-damage|p2a: Ogerpon|0 fnt
|-unboost|p1a: Great Tusk|def|1
|-unboost|p1a: Great Tusk|spd|1
|faint|p2a: Ogerpon
|
|upkeep
|
|t:|1779685728
|switch|p2a: Latios|Latios, M|100/100
|turn|10
|
|t:|1779685735
|move|p2a: Latios|Luster Purge|p1a: Great Tusk
|-supereffective|p1a: Great Tusk
|-damage|p1a: Great Tusk|0 fnt
|faint|p1a: Great Tusk
|-end|p1a: Great Tusk|Protosynthesis|[silent]
|
|upkeep
|
|t:|1779685738
|switch|p1a: Gholdengo|Gholdengo, shiny|100/100
|-item|p1a: Gholdengo|Air Balloon
|turn|11
|
|t:|1779685742
|move|p2a: Latios|Calm Mind|p2a: Latios
|-boost|p2a: Latios|spa|1
|-boost|p2a: Latios|spd|1
|move|p1a: Gholdengo|Shadow Ball|p2a: Latios
|-supereffective|p2a: Latios
|-damage|p2a: Latios|36/100
|
|upkeep
|turn|12
|
|t:|1779685747
|-terastallize|p2a: Latios|Steel
|move|p2a: Latios|Recover|p2a: Latios
|-heal|p2a: Latios|86/100
|move|p1a: Gholdengo|Shadow Ball|p2a: Latios
|-damage|p2a: Latios|53/100
|
|upkeep
|turn|13
|
|t:|1779685756
|move|p2a: Latios|Calm Mind|p2a: Latios
|-boost|p2a: Latios|spa|1
|-boost|p2a: Latios|spd|1
|move|p1a: Gholdengo|Nasty Plot|p1a: Gholdengo
|-boost|p1a: Gholdengo|spa|2
|
|upkeep
|turn|14
|
|t:|1779685761
|move|p2a: Latios|Recover|p2a: Latios
|-heal|p2a: Latios|100/100
|move|p1a: Gholdengo|Shadow Ball|p2a: Latios
|-damage|p2a: Latios|54/100
|
|upkeep
|turn|15
|
|t:|1779685766
|move|p2a: Latios|Luster Purge|p1a: Gholdengo
|-resisted|p1a: Gholdengo
|-damage|p1a: Gholdengo|39/100
|-enditem|p1a: Gholdengo|Air Balloon
|move|p1a: Gholdengo|Shadow Ball|p2a: Latios
|-damage|p2a: Latios|1/100
|
|upkeep
|turn|16
|
|t:|1779685779
|move|p2a: Latios|Luster Purge|p1a: Gholdengo
|-resisted|p1a: Gholdengo
|-damage|p1a: Gholdengo|0 fnt
|faint|p1a: Gholdengo
|
|upkeep
|
|t:|1779685781
|switch|p1a: Raging Bolt|Raging Bolt|100/100
|-enditem|p1a: Raging Bolt|Booster Energy
|-activate|p1a: Raging Bolt|ability: Protosynthesis|[fromitem]
|-start|p1a: Raging Bolt|protosynthesisspa
|turn|17
|
|t:|1779685785
|move|p1a: Raging Bolt|Thunderclap||[still]
|-fail|p1a: Raging Bolt
|move|p2a: Latios|Recover|p2a: Latios
|-heal|p2a: Latios|52/100
|
|upkeep
|turn|18
|
|t:|1779685789
|move|p2a: Latios|Draco Meteor|p1a: Raging Bolt
|-supereffective|p1a: Raging Bolt
|-damage|p1a: Raging Bolt|0 fnt
|-unboost|p2a: Latios|spa|2
|faint|p1a: Raging Bolt
|-end|p1a: Raging Bolt|Protosynthesis|[silent]
|
|win|ihymyly
|raw|seven-iwnl's rating: 1530 &rarr; <strong>1509</strong><br />(-21 for losing)
|raw|ihymyly's rating: 1511 &rarr; <strong>1532</strong><br />(+21 for winning)
|l|☆seven-iwnl
|player|p1|
|l|☆ihymyly
|player|p2|
