|j|☆stevstacks
|j|☆Auburn Hills
|t:|1779683060
|gametype|singles
|player|p1|stevstacks|101|1624
|player|p2|Auburn Hills|alder|1703
|gen|9
|tier|[Gen 9] OU
|rated|
|rule|HP Percentage Mod: HP is shown in percentages
|rule|Endless Battle Clause: Forcing endless battles is banned
|rule|Species Clause: Limit one of each Pokémon
|rule|OHKO Clause: OHKO moves are banned
|rule|Evasion Items Clause: Evasion items are banned
|rule|Evasion Moves Clause: Evasion moves are banned
|rule|Evasion Abilities Clause: Evasion abilities are banned
|rule|Sleep Moves Clause: Sleep-inducing moves are banned
|clearpoke
|poke|p1|Torkoal, F|
|poke|p1|Corviknight, M|
|poke|p1|Walking Wake|
|poke|p1|Dragonite, M|
|poke|p1|Great Tusk|
|poke|p1|Zamazenta-*|
|poke|p2|Iron Moth|
|poke|p2|Umbreon, M|
|poke|p2|Garchomp, F|
|poke|p2|Glimmora, F|
|poke|p2|Gholdengo|
|poke|p2|Dragonite, M|
|teampreview
|j| isaac_gam3r
|
|t:|1779683093
|teamsize|p1|6
|teamsize|p2|6
|start
|switch|p1a: Walking Wake|Walking Wake|100/100
|switch|p2a: Julia Jacklin|Glimmora, F|100/100
|turn|1
|
|t:|1779683096
|move|p1a: Walking Wake|Hydro Steam|p2a: Julia Jacklin
|-supereffective|p2a: Julia Jacklin
|-enditem|p2a: Julia Jacklin|Focus Sash
|-damage|p2a: Julia Jacklin|1/100
|move|p2a: Julia Jacklin|Stealth Rock|p1a: Walking Wake
|-sidestart|p1: stevstacks|move: Stealth Rock
|
|upkeep
|turn|2
|
|t:|1779683098
|switch|p2a: Alvvays|Umbreon, M|100/100
|move|p1a: Walking Wake|Hydro Steam|p2a: Alvvays
|-damage|p2a: Alvvays|75/100
|
|-heal|p2a: Alvvays|81/100|[from] item: Leftovers
|upkeep
|turn|3
|
|t:|1779683103
|move|p1a: Walking Wake|Flip Turn|p2a: Alvvays
|-damage|p2a: Alvvays|67/100
|
|t:|1779683106
|-end|p1a: Walking Wake|Protosynthesis|[silent]
|switch|p1a: Corviknight|Corviknight, M, shiny|100/100|[from] Flip Turn
|-damage|p1a: Corviknight|88/100|[from] Stealth Rock
|-ability|p1a: Corviknight|Pressure
|move|p2a: Alvvays|Thunder Wave|p1a: Corviknight
|-status|p1a: Corviknight|par
|
|-heal|p2a: Alvvays|73/100|[from] item: Leftovers
|-heal|p1a: Corviknight|94/100 par|[from] item: Leftovers
|upkeep
|turn|4
|
|t:|1779683109
|move|p2a: Alvvays|Protect|p2a: Alvvays
|-singleturn|p2a: Alvvays|Protect
|move|p1a: Corviknight|U-turn|p2a: Alvvays
|-activate|p2a: Alvvays|move: Protect
|
|-heal|p2a: Alvvays|79/100|[from] item: Leftovers
|-heal|p1a: Corviknight|100/100 par|[from] item: Leftovers
|upkeep
|turn|5
|
|t:|1779683111
|switch|p2a: Smino|Gholdengo|100/100
|move|p1a: Corviknight|U-turn|p2a: Smino
|-resisted|p2a: Smino
|-damage|p2a: Smino|96/100
|
|t:|1779683118
|switch|p1a: Great Tusk|Great Tusk, shiny|100/100|[from] U-turn
|-damage|p1a: Great Tusk|98/100|[from] Stealth Rock
|
|upkeep
|turn|6
|
|t:|1779683122
|switch|p2a: Julia Jacklin|Glimmora, F|1/100
|move|p1a: Great Tusk|Headlong Rush|p2a: Julia Jacklin
|-supereffective|p2a: Julia Jacklin
|-damage|p2a: Julia Jacklin|0 fnt
|-unboost|p1a: Great Tusk|def|1
|-unboost|p1a: Great Tusk|spd|1
|-activate|p2a: Julia Jacklin|ability: Toxic Debris
|-sidestart|p1: stevstacks|move: Toxic Spikes
|faint|p2a: Julia Jacklin
|-damage|p1a: Great Tusk|88/100|[from] item: Life Orb
|
|upkeep
|
|t:|1779683126
|switch|p2a: Carly Rae|Iron Moth|100/100
|-enditem|p2a: Carly Rae|Booster Energy
|-activate|p2a: Carly Rae|ability: Quark Drive|[fromitem]
|-start|p2a: Carly Rae|quarkdrivespe
|turn|7
|
|t:|1779683129
|move|p2a: Carly Rae|Fiery Dance|p1a: Great Tusk
|-damage|p1a: Great Tusk|0 fnt
|faint|p1a: Great Tusk
|-end|p1a: Great Tusk|Protosynthesis|[silent]
|
|upkeep
|
|t:|1779683132
|switch|p1a: Torkoal|Torkoal, F, shiny|100/100
|-damage|p1a: Torkoal|76/100|[from] Stealth Rock
|-status|p1a: Torkoal|psn
|-weather|SunnyDay|[from] ability: Drought|[of] p1a: Torkoal
|turn|8
|
|t:|1779683134
|-end|p2a: Carly Rae|Quark Drive|[silent]
|switch|p2a: Smino|Gholdengo|96/100
|move|p1a: Torkoal|Rapid Spin|p2a: Smino
|-immune|p2a: Smino
|
|-weather|SunnyDay|[upkeep]
|-damage|p1a: Torkoal|63/100 psn|[from] psn
|upkeep
|turn|9
|
|t:|1779683136
|move|p2a: Smino|Shadow Ball|p1a: Torkoal
|-damage|p1a: Torkoal|22/100 psn
|-unboost|p1a: Torkoal|spd|1
|move|p1a: Torkoal|Overheat|p2a: Smino
|-supereffective|p2a: Smino
|-damage|p2a: Smino|0 fnt
|-unboost|p1a: Torkoal|spa|2
|faint|p2a: Smino
|
|-weather|SunnyDay|[upkeep]
|-damage|p1a: Torkoal|10/100 psn|[from] psn
|upkeep
|
|t:|1779683140
|switch|p2a: Rat Tally|Garchomp, F|100/100
|turn|10
|
|t:|1779683144
|switch|p1a: Corviknight|Corviknight, M, shiny|100/100 par
|-damage|p1a: Corviknight|88/100 par|[from] Stealth Rock
|-ability|p1a: Corviknight|Pressure
|move|p2a: Rat Tally|Scale Shot|p1a: Corviknight
|-resisted|p1a: Corviknight
|-damage|p1a: Corviknight|83/100 par
|-resisted|p1a: Corviknight
|-damage|p1a: Corviknight|78/100 par
|-resisted|p1a: Corviknight
|-damage|p1a: Corviknight|72/100 par
|-resisted|p1a: Corviknight
|-crit|p1a: Corviknight
|-damage|p1a: Corviknight|63/100 par
|-resisted|p1a: Corviknight
|-damage|p1a: Corviknight|57/100 par
|-hitcount|p1a: Corviknight|5
|-unboost|p2a: Rat Tally|def|1
|-boost|p2a: Rat Tally|spe|1
|
|-weather|SunnyDay|[upkeep]
|-heal|p1a: Corviknight|64/100 par|[from] item: Leftovers
|upkeep
|turn|11
|
|t:|1779683146
|move|p2a: Rat Tally|Swords Dance|p2a: Rat Tally
|-boost|p2a: Rat Tally|atk|2
|cant|p1a: Corviknight|par
|
|-weather|SunnyDay|[upkeep]
|-heal|p1a: Corviknight|70/100 par|[from] item: Leftovers
|upkeep
|turn|12
|
|t:|1779683148
|move|p2a: Rat Tally|Swords Dance|p2a: Rat Tally
|-boost|p2a: Rat Tally|atk|2
|move|p1a: Corviknight|Defog|p2a: Rat Tally
|-unboost|p2a: Rat Tally|evasion|1
|-sideend|p1: stevstacks|Toxic Spikes|[from] move: Defog|[of] p1a: Corviknight
|-sideend|p1: stevstacks|Stealth Rock|[from] move: Defog|[of] p1a: Corviknight
|
|-weather|SunnyDay|[upkeep]
|-heal|p1a: Corviknight|76/100 par|[from] item: Leftovers
|upkeep
|turn|13
|
|t:|1779683150
|move|p2a: Rat Tally|Scale Shot|p1a: Corviknight
|-resisted|p1a: Corviknight
|-damage|p1a: Corviknight|61/100 par
|-resisted|p1a: Corviknight
|-damage|p1a: Corviknight|46/100 par
|-resisted|p1a: Corviknight
|-damage|p1a: Corviknight|29/100 par
|-resisted|p1a: Corviknight
|-damage|p1a: Corviknight|14/100 par
|-hitcount|p1a: Corviknight|4
|-unboost|p2a: Rat Tally|def|1
|-boost|p2a: Rat Tally|spe|1
|cant|p1a: Corviknight|par
|
|-weather|SunnyDay|[upkeep]
|-heal|p1a: Corviknight|20/100 par|[from] item: Leftovers
|upkeep
|turn|14
|
|t:|1779683159
|move|p2a: Rat Tally|Scale Shot|p1a: Corviknight
|-resisted|p1a: Corviknight
|-damage|p1a: Corviknight|4/100 par
|-resisted|p1a: Corviknight
|-damage|p1a: Corviknight|0 fnt
|faint|p1a: Corviknight
|-hitcount|p1: Corviknight|2
|-unboost|p2a: Rat Tally|def|1
|-boost|p2a: Rat Tally|spe|1
|
|-weather|SunnyDay|[upkeep]
|upkeep
|
|t:|1779683162
|switch|p1a: Zamazenta|Zamazenta, shiny|100/100
|-ability|p1a: Zamazenta|Dauntless Shield|boost
|-boost|p1a: Zamazenta|def|1
|turn|15
|
|t:|1779683167
|-terastallize|p2a: Rat Tally|Poison
|move|p2a: Rat Tally|Earthquake|p1a: Zamazenta
|-damage|p1a: Zamazenta|23/100
|move|p1a: Zamazenta|Body Press|p2a: Rat Tally
|-resisted|p2a: Rat Tally
|-damage|p2a: Rat Tally|34/100
|-damage|p1a: Zamazenta|11/100|[from] ability: Rough Skin|[of] p2a: Rat Tally
|
|-weather|none
|-heal|p1a: Zamazenta|17/100|[from] item: Leftovers
|upkeep
|turn|16
|
|t:|1779683175
|move|p2a: Rat Tally|Earthquake|p1a: Zamazenta
|-damage|p1a: Zamazenta|0 fnt
|faint|p1a: Zamazenta
|
|upkeep
|
|t:|1779683176
|switch|p1a: Torkoal|Torkoal, F, shiny|10/100 psn
|-weather|SunnyDay|[from] ability: Drought|[of] p1a: Torkoal
|turn|17
|
|t:|1779683179
|move|p2a: Rat Tally|Earthquake|p1a: Torkoal
|-supereffective|p1a: Torkoal
|-damage|p1a: Torkoal|0 fnt
|faint|p1a: Torkoal
|
|-weather|SunnyDay|[upkeep]
|upkeep
|
|t:|1779683180
|switch|p1a: Dragonite|Dragonite, M, shiny|100/100
|turn|18
|
|t:|1779683182
|-terastallize|p1a: Dragonite|Ghost
|move|p2a: Rat Tally|Scale Shot|p1a: Dragonite
|-damage|p1a: Dragonite|85/100
|-crit|p1a: Dragonite
|-damage|p1a: Dragonite|39/100
|-damage|p1a: Dragonite|8/100
|-damage|p1a: Dragonite|0 fnt
|faint|p1a: Dragonite
|-hitcount|p1: Dragonite|4
|-unboost|p2a: Rat Tally|def|1
|-boost|p2a: Rat Tally|spe|1
|
|-weather|SunnyDay|[upkeep]
|upkeep
|-message|stevstacks forfeited.
|
|win|Auburn Hills
|raw|stevstacks's rating: 1624 &rarr; <strong>1608</strong><br />(-16 for losing)
|raw|Auburn Hills's rating: 1703 &rarr; <strong>1719</strong><br />(+16 for winning)
|l|☆stevstacks
|player|p1|
|l|☆Auburn Hills
|player|p2|
|l| isaac_gam3r
