|j|☆claudechamp
|j|☆hz ataturk
|t:|1779700323
|gametype|singles
|player|p1|claudechamp|169|1105
|player|p2|hz ataturk|170|1175
|gen|9
|tier|[Gen 9] OU
|rated|
|rule|HP Percentage Mod: HP is shown in percentages
|rule|Endless Battle Clause: Forcing endless battles is banned
|rule|Species Clause: Limit one of each Pokémon
|rule|OHKO Clause: OHKO moves are banned
|rule|Evasion Items Clause: Evasion items are banned
|rule|Evasion Moves Clause: Evasion moves are banned
|rule|Evasion Abilities Clause: Evasion abilities are banned
|rule|Sleep Moves Clause: Sleep-inducing moves are banned
|clearpoke
|poke|p1|Gliscor, F|
|poke|p1|Ogerpon, F|
|poke|p1|Walking Wake|
|poke|p1|Blissey, F|
|poke|p1|Corviknight, M|
|poke|p1|Pecharunt|
|poke|p2|Kyurem|
|poke|p2|Ninetales-Alola, F|
|poke|p2|Cinderace, F|
|poke|p2|Great Tusk|
|poke|p2|Slowking-Galar, F|
|poke|p2|Scizor, F|
|teampreview
|inactive|Battle timer is ON: inactive players will automatically lose when time's up. (requested by hz ataturk)
|c|☆claudechamp|hf
|inactive|claudechamp also wants the timer to be on.
|
|t:|1779700339
|teamsize|p1|6
|teamsize|p2|6
|start
|switch|p1a: Gliscor|Gliscor, F|100/100
|switch|p2a: Ninetales|Ninetales-Alola, F|100/100
|-weather|Snowscape|[from] ability: Snow Warning|[of] p2a: Ninetales
|turn|1
|
|t:|1779700348
|-terastallize|p1a: Gliscor|Ghost
|move|p2a: Ninetales|Aurora Veil|p2a: Ninetales
|-sidestart|p2: hz ataturk|move: Aurora Veil
|move|p1a: Gliscor|Spikes|p2a: Ninetales
|-sidestart|p2: hz ataturk|Spikes
|
|-weather|Snowscape|[upkeep]
|-status|p1a: Gliscor|tox|[from] item: Toxic Orb
|upkeep
|turn|2
|inactive|hz ataturk has 120 seconds left.
|
|t:|1779700380
|switch|p2a: Scizor|Scizor, F|100/100
|-damage|p2a: Scizor|88/100|[from] Spikes
|move|p1a: Gliscor|Spikes|p2a: Scizor
|-sidestart|p2: hz ataturk|Spikes
|
|-weather|Snowscape|[upkeep]
|upkeep
|turn|3
|inactive|hz ataturk has 120 seconds left.
|
|t:|1779700391
|move|p1a: Gliscor|Spikes|p2a: Scizor
|-sidestart|p2: hz ataturk|Spikes
|move|p2a: Scizor|Swords Dance|p2a: Scizor
|-boost|p2a: Scizor|atk|2
|
|-weather|Snowscape|[upkeep]
|upkeep
|turn|4
|inactive|hz ataturk has 120 seconds left.
|
|t:|1779700411
|move|p1a: Gliscor|Earthquake|p2a: Scizor
|-damage|p2a: Scizor|70/100
|move|p2a: Scizor|Swords Dance|p2a: Scizor
|-boost|p2a: Scizor|atk|2
|
|-weather|Snowscape|[upkeep]
|upkeep
|turn|5
|
|t:|1779700425
|move|p1a: Gliscor|Earthquake|p2a: Scizor
|-damage|p2a: Scizor|55/100
|move|p2a: Scizor|Defog|p1a: Gliscor
|-unboost|p1a: Gliscor|evasion|1
|-sideend|p2: hz ataturk|Spikes|[from] move: Defog|[of] p2a: Scizor
|
|-weather|none
|upkeep
|turn|6
|
|t:|1779700429
|-terastallize|p2a: Scizor|Steel
|move|p2a: Scizor|Bullet Punch|p1a: Gliscor
|-damage|p1a: Gliscor|0 fnt
|faint|p1a: Gliscor
|-damage|p2a: Scizor|45/100|[from] item: Life Orb
|
|upkeep
|
|t:|1779700432
|switch|p1a: Pecharunt|Pecharunt|100/100
|turn|7
|
|t:|1779700438
|move|p2a: Scizor|Bullet Punch|p1a: Pecharunt
|-damage|p1a: Pecharunt|16/100
|-damage|p2a: Scizor|35/100|[from] item: Life Orb
|move|p1a: Pecharunt|Foul Play|p2a: Scizor
|-damage|p2a: Scizor|0 fnt
|faint|p2a: Scizor
|
|upkeep
|
|t:|1779700451
|switch|p2a: Ninetales|Ninetales-Alola, F|100/100
|-weather|Snowscape|[from] ability: Snow Warning|[of] p2a: Ninetales
|turn|8
|
|t:|1779700460
|switch|p1a: Blissey|Blissey, F|100/100
|move|p2a: Ninetales|Freeze-Dry|p1a: Blissey
|-crit|p1a: Blissey
|-damage|p1a: Blissey|91/100
|
|-weather|Snowscape|[upkeep]
|-sideend|p2: hz ataturk|move: Aurora Veil
|upkeep
|turn|9
|
|t:|1779700463
|move|p2a: Ninetales|Aurora Veil|p2a: Ninetales
|-sidestart|p2: hz ataturk|move: Aurora Veil
|move|p1a: Blissey|Seismic Toss|p2a: Ninetales
|-damage|p2a: Ninetales|72/100
|
|-weather|Snowscape|[upkeep]
|upkeep
|turn|10
|
|t:|1779700488
|switch|p2a: Great Tusk|Great Tusk|100/100
|move|p1a: Blissey|Stealth Rock|p2a: Great Tusk
|-sidestart|p2: hz ataturk|move: Stealth Rock
|
|-weather|Snowscape|[upkeep]
|upkeep
|turn|11
|
|t:|1779700496
|move|p2a: Great Tusk|Stealth Rock|p1a: Blissey
|-sidestart|p1: claudechamp|move: Stealth Rock
|move|p1a: Blissey|Seismic Toss|p2a: Great Tusk
|-damage|p2a: Great Tusk|77/100
|-damage|p1a: Blissey|74/100|[from] item: Rocky Helmet|[of] p2a: Great Tusk
|
|-weather|Snowscape|[upkeep]
|upkeep
|turn|12
|
|t:|1779700504
|move|p2a: Great Tusk|Headlong Rush|p1a: Blissey
|-damage|p1a: Blissey|18/100
|-unboost|p2a: Great Tusk|def|1
|-unboost|p2a: Great Tusk|spd|1
|move|p1a: Blissey|Soft-Boiled|p1a: Blissey
|-heal|p1a: Blissey|68/100
|
|-weather|none
|upkeep
|turn|13
|
|t:|1779700514
|switch|p1a: Ogerpon|Ogerpon, F|100/100
|move|p2a: Great Tusk|Headlong Rush|p1a: Ogerpon
|-resisted|p1a: Ogerpon
|-damage|p1a: Ogerpon|69/100
|-unboost|p2a: Great Tusk|def|1
|-unboost|p2a: Great Tusk|spd|1
|
|upkeep
|turn|14
|
|t:|1779700530
|-end|p2a: Great Tusk|Protosynthesis|[silent]
|switch|p2a: Cinderace|Cinderace, F|100/100
|move|p1a: Ogerpon|Ivy Cudgel|p2a: Cinderace
|-resisted|p2a: Cinderace
|-damage|p2a: Cinderace|84/100
|
|upkeep
|turn|15
|
|t:|1779700545
|move|p2a: Cinderace|Pyro Ball|p1a: Ogerpon
|-supereffective|p1a: Ogerpon
|-damage|p1a: Ogerpon|0 fnt
|faint|p1a: Ogerpon
|
|upkeep
|
|t:|1779700548
|switch|p1a: Walking Wake|Walking Wake|100/100
|turn|16
|
|t:|1779700562
|move|p2a: Cinderace|U-turn|p1a: Walking Wake
|-start|p2a: Cinderace|typechange|Bug|[from] ability: Libero
|-crit|p1a: Walking Wake
|-damage|p1a: Walking Wake|48/100
|
|t:|1779700571
|switch|p2a: Kyurem|Kyurem|100/100|[from] U-turn
|-damage|p2a: Kyurem|76/100|[from] Stealth Rock
|-ability|p2a: Kyurem|Pressure
|move|p1a: Walking Wake|Surf|p2a: Kyurem
|-resisted|p2a: Kyurem
|-damage|p2a: Kyurem|65/100
|
|-sideend|p2: hz ataturk|move: Aurora Veil
|upkeep
|turn|17
|
|t:|1779700587
|move|p2a: Kyurem|Freeze-Dry|p1a: Walking Wake
|-supereffective|p1a: Walking Wake
|-damage|p1a: Walking Wake|0 fnt
|faint|p1a: Walking Wake
|-end|p1a: Walking Wake|Protosynthesis|[silent]
|
|upkeep
|
|t:|1779700590
|switch|p1a: Blissey|Blissey, F|68/100
|turn|18
|
|t:|1779700594
|switch|p2a: Great Tusk|Great Tusk|77/100
|-damage|p2a: Great Tusk|74/100|[from] Stealth Rock
|move|p1a: Blissey|Soft-Boiled|p1a: Blissey
|-heal|p1a: Blissey|100/100
|
|upkeep
|turn|19
|
|t:|1779700601
|move|p2a: Great Tusk|Rapid Spin|p1a: Blissey
|-damage|p1a: Blissey|85/100
|-boost|p2a: Great Tusk|spe|1
|-sideend|p2: hz ataturk|Stealth Rock|[from] move: Rapid Spin|[of] p2a: Great Tusk
|move|p1a: Blissey|Seismic Toss|p2a: Great Tusk
|-damage|p2a: Great Tusk|51/100
|-damage|p1a: Blissey|68/100|[from] item: Rocky Helmet|[of] p2a: Great Tusk
|
|upkeep
|turn|20
|
|t:|1779700610
|-end|p2a: Great Tusk|Protosynthesis|[silent]
|switch|p2a: Cinderace|Cinderace, F|84/100
|switch|p1a: Corviknight|Corviknight, M|100/100
|-ability|p1a: Corviknight|Pressure
|
|upkeep
|turn|21
|
|t:|1779700627
|move|p2a: Cinderace|U-turn|p1a: Corviknight
|-start|p2a: Cinderace|typechange|Bug|[from] ability: Libero
|-resisted|p1a: Corviknight
|-damage|p1a: Corviknight|95/100
|
|t:|1779700632
|switch|p2a: Ninetales|Ninetales-Alola, F|72/100|[from] U-turn
|-weather|Snowscape|[from] ability: Snow Warning|[of] p2a: Ninetales
|move|p1a: Corviknight|U-turn|p2a: Ninetales
|-resisted|p2a: Ninetales
|-damage|p2a: Ninetales|66/100
|
|t:|1779700636
|switch|p1a: Blissey|Blissey, F|68/100|[from] U-turn
|
|-weather|Snowscape|[upkeep]
|upkeep
|turn|22
|
|t:|1779700643
|move|p2a: Ninetales|Aurora Veil|p2a: Ninetales
|-sidestart|p2: hz ataturk|move: Aurora Veil
|move|p1a: Blissey|Seismic Toss|p2a: Ninetales
|-damage|p2a: Ninetales|37/100
|
|-weather|Snowscape|[upkeep]
|upkeep
|turn|23
|
|t:|1779700648
|move|p2a: Ninetales|Encore|p1a: Blissey
|-start|p1a: Blissey|Encore
|move|p1a: Blissey|Seismic Toss|p2a: Ninetales
|-damage|p2a: Ninetales|9/100
|
|-weather|Snowscape|[upkeep]
|upkeep
|turn|24
|
|t:|1779700655
|switch|p2a: Cinderace|Cinderace, F|84/100
|move|p1a: Blissey|Seismic Toss|p2a: Cinderace
|-damage|p2a: Cinderace|51/100
|
|-weather|Snowscape|[upkeep]
|upkeep
|turn|25
|
|t:|1779700660
|move|p2a: Cinderace|Pyro Ball|p1a: Blissey|[miss]
|-miss|p2a: Cinderace|p1a: Blissey
|move|p1a: Blissey|Seismic Toss|p2a: Cinderace
|-damage|p2a: Cinderace|18/100
|
|-weather|none
|-end|p1a: Blissey|Encore
|upkeep
|turn|26
|
|t:|1779700665
|move|p2a: Cinderace|Pyro Ball|p1a: Blissey|[miss]
|-miss|p2a: Cinderace|p1a: Blissey
|move|p1a: Blissey|Stealth Rock|p2a: Cinderace
|-sidestart|p2: hz ataturk|move: Stealth Rock
|
|upkeep
|turn|27
|
|t:|1779700671
|move|p2a: Cinderace|Pyro Ball|p1a: Blissey|[miss]
|-miss|p2a: Cinderace|p1a: Blissey
|move|p1a: Blissey|Soft-Boiled|p1a: Blissey
|-heal|p1a: Blissey|100/100
|
|upkeep
|turn|28
|
|t:|1779700676
|move|p2a: Cinderace|Pyro Ball|p1a: Blissey
|-damage|p1a: Blissey|43/100
|move|p1a: Blissey|Seismic Toss|p2a: Cinderace
|-damage|p2a: Cinderace|0 fnt
|faint|p2a: Cinderace
|
|upkeep
|c|☆hz ataturk|wtf
|
|t:|1779700692
|switch|p2a: Great Tusk|Great Tusk|51/100
|-damage|p2a: Great Tusk|48/100|[from] Stealth Rock
|turn|29
|
|t:|1779700704
|switch|p1a: Pecharunt|Pecharunt|16/100
|move|p2a: Great Tusk|Headlong Rush|p1a: Pecharunt
|-supereffective|p1a: Pecharunt
|-damage|p1a: Pecharunt|0 fnt
|-unboost|p2a: Great Tusk|def|1
|-unboost|p2a: Great Tusk|spd|1
|faint|p1a: Pecharunt
|
|-sideend|p2: hz ataturk|move: Aurora Veil
|upkeep
|
|t:|1779700709
|switch|p1a: Corviknight|Corviknight, M|95/100
|-ability|p1a: Corviknight|Pressure
|turn|30
|
|t:|1779700736
|-end|p2a: Great Tusk|Protosynthesis|[silent]
|switch|p2a: Slowking|Slowking-Galar, F|100/100
|move|p1a: Corviknight|Body Press|p2a: Slowking
|-resisted|p2a: Slowking
|-damage|p2a: Slowking|94/100
|
|upkeep
|turn|31
|
|t:|1779700748
|move|p1a: Corviknight|Body Press|p2a: Slowking
|-resisted|p2a: Slowking
|-damage|p2a: Slowking|87/100
|move|p2a: Slowking|Sludge Bomb|p1a: Corviknight
|-immune|p1a: Corviknight
|
|upkeep
|turn|32
|
|t:|1779700754
|move|p1a: Corviknight|Body Press|p2a: Slowking
|-resisted|p2a: Slowking
|-damage|p2a: Slowking|79/100
|move|p2a: Slowking|Thunder Wave|p1a: Corviknight
|-status|p1a: Corviknight|par
|
|upkeep
|turn|33
|
|t:|1779700760
|move|p1a: Corviknight|Body Press|p2a: Slowking
|-resisted|p2a: Slowking
|-damage|p2a: Slowking|72/100
|move|p2a: Slowking|Future Sight|p1a: Corviknight
|-start|p2a: Slowking|move: Future Sight
|
|upkeep
|turn|34
|
|t:|1779700780
|move|p1a: Corviknight|Body Press|p2a: Slowking
|-resisted|p2a: Slowking
|-damage|p2a: Slowking|66/100
|-prepare|p2a: Slowking|Chilly Reception|[premajor]
|move|p2a: Slowking|Chilly Reception|p2a: Slowking
|-weather|Snowscape
|
|t:|1779700798
|switch|p2a: Kyurem|Kyurem|65/100|[from] Chilly Reception
|-damage|p2a: Kyurem|41/100|[from] Stealth Rock
|-ability|p2a: Kyurem|Pressure
|
|-weather|Snowscape|[upkeep]
|upkeep
|turn|35
|
|t:|1779700803
|move|p2a: Kyurem|Blizzard|p1a: Corviknight
|-damage|p1a: Corviknight|30/100 par
|move|p1a: Corviknight|U-turn|p2a: Kyurem
|-damage|p2a: Kyurem|32/100
|
|t:|1779700808
|switch|p1a: Blissey|Blissey, F|43/100|[from] U-turn
|
|-weather|Snowscape|[upkeep]
|-end|p1a: Blissey|move: Future Sight
|-damage|p1a: Blissey|30/100
|upkeep
|turn|36
|
|t:|1779700820
|switch|p2a: Great Tusk|Great Tusk|48/100
|-damage|p2a: Great Tusk|45/100|[from] Stealth Rock
|move|p1a: Blissey|Soft-Boiled|p1a: Blissey
|-heal|p1a: Blissey|80/100
|
|-weather|Snowscape|[upkeep]
|upkeep
|turn|37
|
|t:|1779700830
|move|p2a: Great Tusk|Headlong Rush|p1a: Blissey
|-damage|p1a: Blissey|24/100
|-unboost|p2a: Great Tusk|def|1
|-unboost|p2a: Great Tusk|spd|1
|move|p1a: Blissey|Seismic Toss|p2a: Great Tusk
|-damage|p2a: Great Tusk|22/100
|-damage|p1a: Blissey|7/100|[from] item: Rocky Helmet|[of] p2a: Great Tusk
|
|-weather|Snowscape|[upkeep]
|upkeep
|turn|38
|
|t:|1779700843
|move|p2a: Great Tusk|Rapid Spin|p1a: Blissey
|-damage|p1a: Blissey|0 fnt
|-boost|p2a: Great Tusk|spe|1
|-sideend|p2: hz ataturk|Stealth Rock|[from] move: Rapid Spin|[of] p2a: Great Tusk
|faint|p1a: Blissey
|
|-weather|none
|upkeep
|
|t:|1779700852
|switch|p1a: Corviknight|Corviknight, M|30/100 par
|-ability|p1a: Corviknight|Pressure
|turn|39
|
|t:|1779700859
|move|p2a: Great Tusk|Ice Spinner|p1a: Corviknight
|-damage|p1a: Corviknight|15/100 par
|move|p1a: Corviknight|U-turn|p2a: Great Tusk
|-resisted|p2a: Great Tusk
|-damage|p2a: Great Tusk|15/100
|-damage|p1a: Corviknight|0 fnt|[from] item: Rocky Helmet|[of] p2a: Great Tusk
|faint|p1a: Corviknight
|
|win|hz ataturk
|raw|claudechamp's rating: 1105 &rarr; <strong>1085</strong><br />(-20 for losing)
|raw|hz ataturk's rating: 1175 &rarr; <strong>1195</strong><br />(+20 for winning)
|c|☆claudechamp|gg
