|j|☆bananacookies2007
|j|☆Furious_Lu
|t:|1779588918
|gametype|singles
|player|p1|bananacookies2007|pilot|
|player|p2|Furious_Lu|2|
|gen|9
|tier|[Gen 9] OU
|rule|HP Percentage Mod: HP is shown in percentages
|rule|Endless Battle Clause: Forcing endless battles is banned
|rule|Species Clause: Limit one of each Pokémon
|rule|OHKO Clause: OHKO moves are banned
|rule|Evasion Items Clause: Evasion items are banned
|rule|Evasion Moves Clause: Evasion moves are banned
|rule|Evasion Abilities Clause: Evasion abilities are banned
|rule|Sleep Moves Clause: Sleep-inducing moves are banned
|clearpoke
|poke|p1|Dragapult, F|
|poke|p1|Kingambit, F|
|poke|p1|Corviknight, M|
|poke|p1|Garganacl, F|
|poke|p1|Skeledirge, M|
|poke|p1|Alomomola, F|
|poke|p2|Hoopa-Unbound|
|poke|p2|Zamazenta-*|
|poke|p2|Raging Bolt|
|poke|p2|Landorus-Therian, M|
|poke|p2|Mew|
|poke|p2|Deoxys-Speed|
|teampreview
|
|t:|1779588976
|teamsize|p1|6
|teamsize|p2|6
|start
|switch|p1a: Garganacl|Garganacl, F|100/100
|switch|p2a: fellisio|Mew, shiny|100/100
|turn|1
|
|t:|1779588984
|move|p2a: fellisio|Stealth Rock|p1a: Garganacl
|-sidestart|p1: bananacookies2007|move: Stealth Rock
|move|p1a: Garganacl|Stealth Rock|p2a: fellisio
|-sidestart|p2: Furious_Lu|move: Stealth Rock
|
|upkeep
|turn|2
|
|t:|1779588991
|move|p2a: fellisio|Toxic Spikes|p1a: Garganacl
|-sidestart|p1: bananacookies2007|move: Toxic Spikes
|move|p1a: Garganacl|Salt Cure|p2a: fellisio
|-damage|p2a: fellisio|88/100
|-start|p2a: fellisio|Salt Cure
|
|-damage|p2a: fellisio|76/100|[from] Salt Cure
|upkeep
|turn|3
|
|t:|1779589001
|move|p2a: fellisio|Spikes|p1a: Garganacl
|-sidestart|p1: bananacookies2007|Spikes
|move|p1a: Garganacl|Earthquake|p2a: fellisio
|-damage|p2a: fellisio|57/100
|
|-damage|p2a: fellisio|45/100|[from] Salt Cure
|upkeep
|turn|4
|
|t:|1779589009
|move|p2a: fellisio|Stealth Rock||[still]
|-fail|p2a: fellisio
|move|p1a: Garganacl|Earthquake|p2a: fellisio
|-damage|p2a: fellisio|27/100
|
|-damage|p2a: fellisio|14/100|[from] Salt Cure
|upkeep
|turn|5
|
|t:|1779589017
|move|p1a: Garganacl|Salt Cure|p2a: fellisio
|-damage|p2a: fellisio|2/100
|move|p2a: fellisio|Dragon Tail|p1a: Garganacl
|-damage|p1a: Garganacl|93/100
|drag|p1a: Kingambit|Kingambit, F|100/100
|-damage|p1a: Kingambit|94/100|[from] Stealth Rock
|-damage|p1a: Kingambit|82/100|[from] Spikes
|
|-damage|p2a: fellisio|0 fnt|[from] Salt Cure
|faint|p2a: fellisio
|upkeep
|
|t:|1779589028
|switch|p2a: khiku|Deoxys-Speed, shiny|100/100
|-damage|p2a: khiku|88/100|[from] Stealth Rock
|-ability|p2a: khiku|Pressure
|turn|6
|
|t:|1779589037
|move|p2a: khiku|Extreme Speed|p1a: Kingambit
|-resisted|p1a: Kingambit
|-damage|p1a: Kingambit|68/100
|move|p1a: Kingambit|Sucker Punch||[still]
|-fail|p1a: Kingambit
|
|upkeep
|turn|7
|
|t:|1779589045
|move|p2a: khiku|Extreme Speed|p1a: Kingambit
|-resisted|p1a: Kingambit
|-damage|p1a: Kingambit|55/100
|move|p1a: Kingambit|Swords Dance|p1a: Kingambit
|-boost|p1a: Kingambit|atk|2
|
|upkeep
|turn|8
|
|t:|1779589054
|switch|p2a: undoli|Zamazenta, shiny|100/100
|-damage|p2a: undoli|94/100|[from] Stealth Rock
|-ability|p2a: undoli|Dauntless Shield|boost
|-boost|p2a: undoli|def|1
|move|p1a: Kingambit|Low Kick|p2a: undoli
|-damage|p2a: undoli|56/100
|
|upkeep
|turn|9
|
|t:|1779589082
|move|p2a: undoli|Body Press|p1a: Kingambit
|-supereffective|p1a: Kingambit
|-damage|p1a: Kingambit|0 fnt
|faint|p1a: Kingambit
|-end|p1a: Kingambit|fallenundefined|[silent]
|
|upkeep
|
|t:|1779589088
|switch|p1a: Corviknight|Corviknight, M|100/100
|-ability|p1a: Corviknight|Unnerve
|-damage|p1a: Corviknight|88/100|[from] Stealth Rock
|turn|10
|
|t:|1779589099
|move|p2a: undoli|Iron Defense|p2a: undoli
|-boost|p2a: undoli|def|2
|move|p1a: Corviknight|Defog|p2a: undoli
|-unboost|p2a: undoli|evasion|1
|-sideend|p2: Furious_Lu|Stealth Rock|[from] move: Defog|[of] p1a: Corviknight
|-sideend|p1: bananacookies2007|Spikes|[from] move: Defog|[of] p1a: Corviknight
|-sideend|p1: bananacookies2007|Toxic Spikes|[from] move: Defog|[of] p1a: Corviknight
|-sideend|p1: bananacookies2007|Stealth Rock|[from] move: Defog|[of] p1a: Corviknight
|
|upkeep
|turn|11
|-activate|p2a: undoli|item: Quick Claw
|
|t:|1779589109
|move|p2a: undoli|Body Press|p1a: Corviknight
|-damage|p1a: Corviknight|13/100
|-damage|p2a: undoli|39/100|[from] item: Rocky Helmet|[of] p1a: Corviknight
|move|p1a: Corviknight|Brave Bird|p2a: undoli
|-supereffective|p2a: undoli
|-damage|p2a: undoli|14/100
|-damage|p1a: Corviknight|4/100|[from] Recoil
|
|upkeep
|turn|12
|
|t:|1779589121
|move|p2a: undoli|Rest|p2a: undoli
|-status|p2a: undoli|slp|[from] move: Rest
|-heal|p2a: undoli|100/100 slp|[silent]
|move|p1a: Corviknight|Brave Bird|p2a: undoli
|-supereffective|p2a: undoli
|-damage|p2a: undoli|77/100 slp
|-damage|p1a: Corviknight|0 fnt|[from] Recoil
|faint|p1a: Corviknight
|
|upkeep
|
|t:|1779589134
|switch|p1a: Garganacl|Garganacl, F|93/100
|turn|13
|
|t:|1779589141
|cant|p2a: undoli|slp
|move|p1a: Garganacl|Salt Cure|p2a: undoli
|-resisted|p2a: undoli
|-damage|p2a: undoli|75/100 slp
|-start|p2a: undoli|Salt Cure
|
|-heal|p1a: Garganacl|99/100|[from] item: Leftovers
|-damage|p2a: undoli|63/100 slp|[from] Salt Cure
|upkeep
|turn|14
|
|t:|1779589150
|cant|p2a: undoli|slp
|move|p1a: Garganacl|Earthquake|p2a: undoli
|-damage|p2a: undoli|58/100 slp
|
|-heal|p1a: Garganacl|100/100|[from] item: Leftovers
|-damage|p2a: undoli|45/100 slp|[from] Salt Cure
|upkeep
|turn|15
|-activate|p2a: undoli|item: Quick Claw
|
|t:|1779589157
|-curestatus|p2a: undoli|slp|[msg]
|move|p2a: undoli|Body Press|p1a: Garganacl
|-supereffective|p1a: Garganacl
|-damage|p1a: Garganacl|0 fnt
|faint|p1a: Garganacl
|
|-damage|p2a: undoli|33/100|[from] Salt Cure
|upkeep
|
|t:|1779589169
|switch|p1a: Alomomola|Alomomola, F|100/100
|turn|16
|
|t:|1779589176
|move|p1a: Alomomola|Protect|p1a: Alomomola
|-singleturn|p1a: Alomomola|Protect
|move|p2a: undoli|Body Press|p1a: Alomomola
|-activate|p1a: Alomomola|move: Protect
|
|-damage|p2a: undoli|21/100|[from] Salt Cure
|upkeep
|turn|17
|
|t:|1779589184
|move|p2a: undoli|Body Press|p1a: Alomomola
|-damage|p1a: Alomomola|44/100
|-damage|p2a: undoli|4/100|[from] item: Rocky Helmet|[of] p1a: Alomomola
|move|p1a: Alomomola|Wish|p1a: Alomomola
|
|-damage|p2a: undoli|0 fnt|[from] Salt Cure
|faint|p2a: undoli
|upkeep
|
|t:|1779589203
|switch|p2a: lmakosauruodon|Raging Bolt|100/100
|-enditem|p2a: lmakosauruodon|Booster Energy
|-activate|p2a: lmakosauruodon|ability: Protosynthesis|[fromitem]
|-start|p2a: lmakosauruodon|protosynthesisspa
|turn|18
|
|t:|1779589220
|move|p2a: lmakosauruodon|Thunderbolt|p1a: Alomomola
|-supereffective|p1a: Alomomola
|-crit|p1a: Alomomola
|-damage|p1a: Alomomola|0 fnt
|faint|p1a: Alomomola
|
|upkeep
|
|t:|1779589225
|switch|p1a: Dragapult|Dragapult, F|100/100
|turn|19
|
|t:|1779589229
|move|p1a: Dragapult|Draco Meteor|p2a: lmakosauruodon
|-supereffective|p2a: lmakosauruodon
|-damage|p2a: lmakosauruodon|0 fnt
|-unboost|p1a: Dragapult|spa|2
|faint|p2a: lmakosauruodon
|-end|p2a: lmakosauruodon|Protosynthesis|[silent]
|
|upkeep
|
|t:|1779589237
|switch|p2a: khiku|Deoxys-Speed, shiny|88/100
|-ability|p2a: khiku|Pressure
|turn|20
|
|t:|1779589260
|switch|p1a: Skeledirge|Skeledirge, M|100/100
|move|p2a: khiku|Poison Jab|p1a: Skeledirge
|-resisted|p1a: Skeledirge
|-damage|p1a: Skeledirge|86/100
|-status|p1a: Skeledirge|psn
|
|-damage|p1a: Skeledirge|74/100 psn|[from] psn
|upkeep
|turn|21
|
|t:|1779589275
|switch|p2a: astolo|Hoopa-Unbound|100/100
|move|p1a: Skeledirge|Torch Song|p2a: astolo
|-damage|p2a: astolo|56/100
|-boost|p1a: Skeledirge|spa|1
|
|-damage|p1a: Skeledirge|61/100 psn|[from] psn
|upkeep
|turn|22
|-activate|p2a: astolo|item: Quick Claw
|
|t:|1779589288
|move|p2a: astolo|Nasty Plot|p2a: astolo
|-boost|p2a: astolo|spa|2
|move|p1a: Skeledirge|Overheat|p2a: astolo
|-damage|p2a: astolo|0 fnt
|-unboost|p1a: Skeledirge|spa|2
|faint|p2a: astolo
|
|-damage|p1a: Skeledirge|49/100 psn|[from] psn
|upkeep
|
|t:|1779589298
|switch|p2a: gramoss|Landorus-Therian, M, shiny|100/100
|-ability|p2a: gramoss|Intimidate|boost
|-unboost|p1a: Skeledirge|atk|1
|turn|23
|
|t:|1779589318
|move|p2a: gramoss|Earthquake|p1a: Skeledirge
|-supereffective|p1a: Skeledirge
|-damage|p1a: Skeledirge|0 fnt
|faint|p1a: Skeledirge
|
|upkeep
|
|t:|1779589327
|switch|p1a: Dragapult|Dragapult, F|100/100
|turn|24
|
|t:|1779589332
|-terastallize|p2a: gramoss|Ground
|move|p1a: Dragapult|Draco Meteor|p2a: gramoss
|-damage|p2a: gramoss|0 fnt
|-unboost|p1a: Dragapult|spa|2
|faint|p2a: gramoss
|
|upkeep
|
|t:|1779589339
|switch|p2a: khiku|Deoxys-Speed, shiny|88/100
|-ability|p2a: khiku|Pressure
|turn|25
|
|t:|1779589344
|move|p2a: khiku|Poison Jab|p1a: Dragapult
|-resisted|p1a: Dragapult
|-damage|p1a: Dragapult|77/100
|move|p1a: Dragapult|Draco Meteor|p2a: khiku
|-damage|p2a: khiku|21/100
|-unboost|p1a: Dragapult|spa|2
|
|upkeep
|turn|26
|
|t:|1779589352
|move|p2a: khiku|Poison Jab|p1a: Dragapult
|-resisted|p1a: Dragapult
|-damage|p1a: Dragapult|53/100
|move|p1a: Dragapult|Draco Meteor|p2a: khiku|[miss]
|-miss|p1a: Dragapult|p2a: khiku
|
|upkeep
|turn|27
|
|t:|1779589358
|move|p2a: khiku|Poison Jab|p1a: Dragapult
|-resisted|p1a: Dragapult
|-damage|p1a: Dragapult|26/100
|-status|p1a: Dragapult|psn
|move|p1a: Dragapult|Draco Meteor|p2a: khiku
|-damage|p2a: khiku|0 fnt
|-unboost|p1a: Dragapult|spa|2
|faint|p2a: khiku
|
|win|bananacookies2007
|l|☆Furious_Lu
|player|p2|
