|j|☆wavyish
|j|☆Auburn Hills
|t:|1779688404
|gametype|singles
|player|p1|wavyish|akari|1658
|player|p2|Auburn Hills|alder|1692
|gen|9
|tier|[Gen 9] OU
|rated|
|rule|HP Percentage Mod: HP is shown in percentages
|rule|Endless Battle Clause: Forcing endless battles is banned
|rule|Species Clause: Limit one of each Pokémon
|rule|OHKO Clause: OHKO moves are banned
|rule|Evasion Items Clause: Evasion items are banned
|rule|Evasion Moves Clause: Evasion moves are banned
|rule|Evasion Abilities Clause: Evasion abilities are banned
|rule|Sleep Moves Clause: Sleep-inducing moves are banned
|clearpoke
|poke|p1|Hatterene, F|
|poke|p1|Great Tusk|
|poke|p1|Tornadus-Therian, M|
|poke|p1|Kyurem|
|poke|p1|Slowking-Galar, F|
|poke|p1|Kingambit, F|
|poke|p2|Iron Moth|
|poke|p2|Umbreon, M|
|poke|p2|Garchomp, M|
|poke|p2|Glimmora, M|
|poke|p2|Gholdengo|
|poke|p2|Dragonite, F|
|teampreview
|
|t:|1779688420
|teamsize|p1|6
|teamsize|p2|6
|start
|switch|p1a: Kyurem|Kyurem|100/100
|switch|p2a: Julia Jacklin|Glimmora, M|100/100
|-ability|p1a: Kyurem|Pressure
|turn|1
|
|t:|1779688424
|move|p1a: Kyurem|Ice Beam|p2a: Julia Jacklin
|-damage|p2a: Julia Jacklin|4/100
|move|p2a: Julia Jacklin|Mortal Spin|p1a: Kyurem
|-damage|p1a: Kyurem|94/100
|-status|p1a: Kyurem|psn
|
|-damage|p1a: Kyurem|82/100 psn|[from] psn
|upkeep
|turn|2
|
|t:|1779688431
|switch|p2a: Alvvays|Umbreon, M|100/100
|move|p1a: Kyurem|Ice Beam|p2a: Alvvays
|-crit|p2a: Alvvays
|-damage|p2a: Alvvays|48/100
|
|-heal|p2a: Alvvays|54/100|[from] item: Leftovers
|-damage|p1a: Kyurem|70/100 psn|[from] psn
|upkeep
|turn|3
|
|t:|1779688439
|switch|p1a: Hatterene|Hatterene, F|100/100
|move|p2a: Alvvays|Wish|p2a: Alvvays
|
|-heal|p2a: Alvvays|60/100|[from] item: Leftovers
|upkeep
|turn|4
|
|t:|1779688445
|move|p2a: Alvvays|Protect|p2a: Alvvays
|-singleturn|p2a: Alvvays|Protect
|move|p1a: Hatterene|Draining Kiss|p2a: Alvvays
|-activate|p2a: Alvvays|move: Protect
|
|-heal|p2a: Alvvays|100/100|[from] move: Wish|[wisher] Alvvays
|upkeep
|turn|5
|
|t:|1779688453
|switch|p2a: Smino|Gholdengo|100/100
|move|p1a: Hatterene|Nuzzle|p2a: Smino
|-damage|p2a: Smino|96/100
|-status|p2a: Smino|par
|
|upkeep
|turn|6
|
|t:|1779688460
|switch|p1a: Slowking|Slowking-Galar, F|100/100
|move|p2a: Smino|Trick|p1a: Slowking
|-activate|p2a: Smino|move: Trick|[of] p1a: Slowking
|-item|p1a: Slowking|Choice Scarf|[from] move: Trick
|-item|p2a: Smino|Black Sludge|[from] move: Trick
|
|-damage|p2a: Smino|84/100 par|[from] item: Black Sludge
|upkeep
|turn|7
|
|t:|1779688465
|move|p2a: Smino|Shadow Ball|p1a: Slowking
|-supereffective|p1a: Slowking
|-damage|p1a: Slowking|36/100
|-prepare|p1a: Slowking|Chilly Reception|[premajor]
|move|p1a: Slowking|Chilly Reception|p1a: Slowking
|-weather|Snowscape
|
|t:|1779688471
|switch|p1a: Kingambit|Kingambit, F|100/100|[from] Chilly Reception
|
|-weather|Snowscape|[upkeep]
|-damage|p2a: Smino|72/100 par|[from] item: Black Sludge
|upkeep
|turn|8
|
|t:|1779688477
|move|p1a: Kingambit|Kowtow Cleave|p2a: Smino
|-supereffective|p2a: Smino
|-damage|p2a: Smino|0 fnt
|faint|p2a: Smino
|
|-weather|Snowscape|[upkeep]
|upkeep
|
|t:|1779688480
|switch|p2a: Rat Tally|Garchomp, M|100/100
|turn|9
|
|t:|1779688484
|-end|p1a: Kingambit|fallenundefined|[silent]
|switch|p1a: Hatterene|Hatterene, F|100/100
|move|p2a: Rat Tally|Earthquake|p1a: Hatterene
|-damage|p1a: Hatterene|55/100
|
|-weather|Snowscape|[upkeep]
|upkeep
|turn|10
|
|t:|1779688486
|move|p2a: Rat Tally|Poison Jab|p1a: Hatterene
|-supereffective|p1a: Hatterene
|-damage|p1a: Hatterene|10/100
|-damage|p2a: Rat Tally|84/100|[from] item: Rocky Helmet|[of] p1a: Hatterene
|move|p1a: Hatterene|Pain Split|p2a: Rat Tally
|-sethp|p2a: Rat Tally|46/100|[from] move: Pain Split|[silent]
|-sethp|p1a: Hatterene|52/100|[from] move: Pain Split
|
|-weather|Snowscape|[upkeep]
|upkeep
|turn|11
|
|t:|1779688498
|-terastallize|p2a: Rat Tally|Poison
|move|p2a: Rat Tally|Earthquake|p1a: Hatterene
|-damage|p1a: Hatterene|9/100
|move|p1a: Hatterene|Draining Kiss|p2a: Rat Tally
|-resisted|p2a: Rat Tally
|-damage|p2a: Rat Tally|32/100
|-heal|p1a: Hatterene|21/100|[from] drain|[of] p2a: Rat Tally
|-damage|p1a: Hatterene|8/100|[from] ability: Rough Skin|[of] p2a: Rat Tally
|
|-weather|none
|upkeep
|turn|12
|
|t:|1779688510
|move|p2a: Rat Tally|Earthquake|p1a: Hatterene
|-damage|p1a: Hatterene|0 fnt
|faint|p1a: Hatterene
|
|upkeep
|
|t:|1779688516
|switch|p1a: Tornadus|Tornadus-Therian, M|100/100
|turn|13
|
|t:|1779688518
|switch|p2a: Alvvays|Umbreon, M|100/100
|move|p1a: Tornadus|Bleakwind Storm|p2a: Alvvays
|-damage|p2a: Alvvays|80/100
|
|-heal|p2a: Alvvays|86/100|[from] item: Leftovers
|upkeep
|turn|14
|
|t:|1779688522
|move|p1a: Tornadus|U-turn|p2a: Alvvays
|-supereffective|p2a: Alvvays
|-crit|p2a: Alvvays
|-damage|p2a: Alvvays|48/100
|
|t:|1779688530
|switch|p1a: Great Tusk|Great Tusk|100/100|[from] U-turn
|move|p2a: Alvvays|Wish|p2a: Alvvays
|
|-heal|p2a: Alvvays|54/100|[from] item: Leftovers
|upkeep
|turn|15
|
|t:|1779688533
|switch|p2a: Julia Jacklin|Glimmora, M|4/100
|move|p1a: Great Tusk|Stealth Rock|p2a: Julia Jacklin
|-sidestart|p2: Auburn Hills|move: Stealth Rock
|
|-heal|p2a: Julia Jacklin|68/100|[from] move: Wish|[wisher] Alvvays
|upkeep
|turn|16
|
|t:|1779688536
|move|p1a: Great Tusk|Headlong Rush|p2a: Julia Jacklin
|-supereffective|p2a: Julia Jacklin
|-damage|p2a: Julia Jacklin|0 fnt
|-unboost|p1a: Great Tusk|def|1
|-unboost|p1a: Great Tusk|spd|1
|-activate|p2a: Julia Jacklin|ability: Toxic Debris
|-sidestart|p1: wavyish|move: Toxic Spikes
|faint|p2a: Julia Jacklin
|
|upkeep
|
|t:|1779688538
|switch|p2a: Carly Rae|Iron Moth|100/100
|-damage|p2a: Carly Rae|76/100|[from] Stealth Rock
|-enditem|p2a: Carly Rae|Booster Energy
|-activate|p2a: Carly Rae|ability: Quark Drive|[fromitem]
|-start|p2a: Carly Rae|quarkdrivespe
|turn|17
|
|t:|1779688543
|-end|p1a: Great Tusk|Protosynthesis|[silent]
|switch|p1a: Tornadus|Tornadus-Therian, M|100/100
|move|p2a: Carly Rae|Fiery Dance|p1a: Tornadus
|-damage|p1a: Tornadus|72/100
|
|upkeep
|turn|18
|
|t:|1779688548
|move|p2a: Carly Rae|Fiery Dance|p1a: Tornadus
|-damage|p1a: Tornadus|46/100
|move|p1a: Tornadus|Bleakwind Storm|p2a: Carly Rae
|-damage|p2a: Carly Rae|34/100
|
|upkeep
|turn|19
|
|t:|1779688553
|move|p2a: Carly Rae|Morning Sun|p2a: Carly Rae
|-heal|p2a: Carly Rae|84/100
|move|p1a: Tornadus|Bleakwind Storm|p2a: Carly Rae
|-damage|p2a: Carly Rae|47/100
|
|upkeep
|turn|20
|
|t:|1779688560
|move|p2a: Carly Rae|Fiery Dance|p1a: Tornadus
|-damage|p1a: Tornadus|21/100
|-boost|p2a: Carly Rae|spa|1
|move|p1a: Tornadus|U-turn|p2a: Carly Rae
|-resisted|p2a: Carly Rae
|-damage|p2a: Carly Rae|42/100
|
|t:|1779688563
|switch|p1a: Slowking|Slowking-Galar, F|70/100|[from] U-turn
|-sideend|p1: wavyish|move: Toxic Spikes|[of] p1a: Slowking
|
|upkeep
|turn|21
|
|t:|1779688567
|move|p2a: Carly Rae|Fiery Dance|p1a: Slowking
|-crit|p1a: Slowking
|-damage|p1a: Slowking|0 fnt
|-boost|p2a: Carly Rae|spa|1
|faint|p1a: Slowking
|
|upkeep
|
|t:|1779688570
|switch|p1a: Kingambit|Kingambit, F|100/100
|-activate|p1a: Kingambit|ability: Supreme Overlord
|-start|p1a: Kingambit|fallen2|[silent]
|turn|22
|
|t:|1779688572
|move|p2a: Carly Rae|Fiery Dance|p1a: Kingambit
|-supereffective|p1a: Kingambit
|-damage|p1a: Kingambit|0 fnt
|-boost|p2a: Carly Rae|spa|1
|faint|p1a: Kingambit
|-end|p1a: Kingambit|fallen2|[silent]
|
|upkeep
|-message|wavyish forfeited.
|
|win|Auburn Hills
|raw|wavyish's rating: 1658 &rarr; <strong>1640</strong><br />(-18 for losing)
|raw|Auburn Hills's rating: 1692 &rarr; <strong>1710</strong><br />(+18 for winning)
|l|☆wavyish
|player|p1|
|l|☆Auburn Hills
|player|p2|
