|j|☆vanllesco
|j|☆mikael_ita
|t:|1779693235
|gametype|singles
|player|p1|vanllesco|hilbert|1257
|player|p2|mikael_ita|ethan|1194
|gen|9
|tier|[Gen 9] OU
|rated|
|rule|HP Percentage Mod: HP is shown in percentages
|rule|Endless Battle Clause: Forcing endless battles is banned
|rule|Species Clause: Limit one of each Pokémon
|rule|OHKO Clause: OHKO moves are banned
|rule|Evasion Items Clause: Evasion items are banned
|rule|Evasion Moves Clause: Evasion moves are banned
|rule|Evasion Abilities Clause: Evasion abilities are banned
|rule|Sleep Moves Clause: Sleep-inducing moves are banned
|clearpoke
|poke|p1|Samurott-Hisui, M|
|poke|p1|Corviknight, M|
|poke|p1|Hatterene, F|
|poke|p1|Umbreon, F|
|poke|p1|Toxtricity-Low-Key, M|
|poke|p1|Garchomp, M|
|poke|p2|Cinderace, F|
|poke|p2|Zoroark-Hisui, M|
|poke|p2|Ogerpon-Wellspring, F|
|poke|p2|Iron Valiant|
|poke|p2|Dragonite, M|
|poke|p2|Kingambit, M|
|teampreview
|inactive|Battle timer is ON: inactive players will automatically lose when time's up. (requested by mikael_ita)
|
|t:|1779693240
|teamsize|p1|6
|teamsize|p2|6
|start
|switch|p1a: BIRD|Corviknight, M|100/100
|switch|p2a: Cinderace|Cinderace, F|100/100
|turn|1
|
|t:|1779693246
|move|p2a: Cinderace|U-turn|p1a: BIRD
|-start|p2a: Cinderace|typechange|Bug|[from] ability: Libero
|-resisted|p1a: BIRD
|-damage|p1a: BIRD|95/100
|-damage|p2a: Cinderace|84/100|[from] item: Rocky Helmet|[of] p1a: BIRD
|
|t:|1779693252
|switch|p2a: Kingambit|Kingambit, M|100/100|[from] U-turn
|move|p1a: BIRD|U-turn|p2a: Kingambit
|-resisted|p2a: Kingambit
|-damage|p2a: Kingambit|87/100
|replace|p2a: Zoroark|Zoroark-Hisui, M
|-end|p2a: Zoroark|Illusion
|
|t:|1779693261
|switch|p1a: MC Ride|Samurott-Hisui, M|100/100|[from] U-turn
|
|upkeep
|turn|2
|
|t:|1779693267
|switch|p2a: Iron Valiant|Iron Valiant|100/100
|-enditem|p2a: Iron Valiant|Booster Energy
|-activate|p2a: Iron Valiant|ability: Quark Drive|[fromitem]
|-start|p2a: Iron Valiant|quarkdrivespe
|move|p1a: MC Ride|Sucker Punch||[still]
|-fail|p1a: MC Ride
|
|upkeep
|turn|3
|
|t:|1779693276
|switch|p1a: BIRD|Corviknight, M|95/100
|move|p2a: Iron Valiant|Calm Mind|p2a: Iron Valiant
|-boost|p2a: Iron Valiant|spa|1
|-boost|p2a: Iron Valiant|spd|1
|
|upkeep
|turn|4
|
|t:|1779693283
|move|p2a: Iron Valiant|Thunderbolt|p1a: BIRD
|-supereffective|p1a: BIRD
|-damage|p1a: BIRD|7/100
|move|p1a: BIRD|Brave Bird|p2a: Iron Valiant
|-supereffective|p2a: Iron Valiant
|-damage|p2a: Iron Valiant|8/100
|-damage|p1a: BIRD|0 fnt|[from] Recoil
|faint|p1a: BIRD
|
|upkeep
|
|t:|1779693304
|switch|p1a: MC Ride|Samurott-Hisui, M|100/100
|turn|5
|
|t:|1779693310
|-end|p2a: Iron Valiant|Quark Drive|[silent]
|switch|p2a: Cinderace|Cinderace, F|84/100
|move|p1a: MC Ride|Sucker Punch||[still]
|-fail|p1a: MC Ride
|
|upkeep
|turn|6
|
|t:|1779693316
|switch|p1a: Zachill|Garchomp, M|100/100
|move|p2a: Cinderace|U-turn|p1a: Zachill
|-start|p2a: Cinderace|typechange|Bug|[from] ability: Libero
|-damage|p1a: Zachill|68/100
|-damage|p2a: Cinderace|72/100|[from] ability: Rough Skin|[of] p1a: Zachill
|
|t:|1779693324
|switch|p2a: Dragonite|Dragonite, M|100/100|[from] U-turn
|
|upkeep
|turn|7
|
|t:|1779693328
|move|p1a: Zachill|Scale Shot|p2a: Dragonite
|-supereffective|p2a: Dragonite
|-damage|p2a: Dragonite|85/100
|-enditem|p2a: Dragonite|Weakness Policy
|-boost|p2a: Dragonite|atk|2|[from] item: Weakness Policy
|-boost|p2a: Dragonite|spa|2|[from] item: Weakness Policy
|-supereffective|p2a: Dragonite
|-damage|p2a: Dragonite|58/100
|-supereffective|p2a: Dragonite
|-damage|p2a: Dragonite|27/100
|-supereffective|p2a: Dragonite
|-damage|p2a: Dragonite|0 fnt
|faint|p2a: Dragonite
|-hitcount|p2: Dragonite|4
|-unboost|p1a: Zachill|def|1
|-boost|p1a: Zachill|spe|1
|
|upkeep
|-message|mikael_ita forfeited.
|
|win|vanllesco
|raw|vanllesco's rating: 1257 &rarr; <strong>1278</strong><br />(+21 for winning)
|raw|mikael_ita's rating: 1194 &rarr; <strong>1173</strong><br />(-21 for losing)
|l|☆mikael_ita
|player|p2|
