|j|☆fly casanova
|j|☆tommytt22
|t:|1779667165
|gametype|singles
|player|p1|fly casanova|gamer-gen3|1638
|player|p2|tommytt22|drayden|1550
|gen|9
|tier|[Gen 9] OU
|rated|
|rule|HP Percentage Mod: HP is shown in percentages
|rule|Endless Battle Clause: Forcing endless battles is banned
|rule|Species Clause: Limit one of each Pokémon
|rule|OHKO Clause: OHKO moves are banned
|rule|Evasion Items Clause: Evasion items are banned
|rule|Evasion Moves Clause: Evasion moves are banned
|rule|Evasion Abilities Clause: Evasion abilities are banned
|rule|Sleep Moves Clause: Sleep-inducing moves are banned
|clearpoke
|poke|p1|Maushold-Four|
|poke|p1|Hatterene, F|
|poke|p1|Dragonite, M|
|poke|p1|Kyurem|
|poke|p1|Glimmora, F|
|poke|p1|Ceruledge, M|
|poke|p2|Cinderace, F|
|poke|p2|Iron Valiant|
|poke|p2|Clodsire, M|
|poke|p2|Samurott-Hisui, F|
|poke|p2|Dragapult, M|
|poke|p2|Gliscor, F|
|teampreview
|
|t:|1779667176
|teamsize|p1|6
|teamsize|p2|6
|start
|switch|p1a: Glimmora|Glimmora, F|100/100
|switch|p2a: Dragapult|Dragapult, M|100/100
|turn|1
|inactive|Battle timer is ON: inactive players will automatically lose when time's up. (requested by tommytt22)
|
|t:|1779667181
|move|p2a: Dragapult|Surf|p1a: Glimmora
|-supereffective|p1a: Glimmora
|-damage|p1a: Glimmora|10/100
|move|p1a: Glimmora|Power Gem|p2a: Dragapult
|-damage|p2a: Dragapult|39/100
|
|upkeep
|turn|2
|
|t:|1779667201
|switch|p1a: Hatterene|Hatterene, F|100/100
|move|p2a: Dragapult|Surf|p1a: Hatterene
|-damage|p1a: Hatterene|72/100
|
|upkeep
|turn|3
|
|t:|1779667215
|move|p2a: Dragapult|Hex|p1a: Hatterene
|-supereffective|p1a: Hatterene
|-damage|p1a: Hatterene|0 fnt
|faint|p1a: Hatterene
|
|upkeep
|
|t:|1779667221
|switch|p1a: Ceruledge|Ceruledge, M|100/100
|turn|4
|
|t:|1779667230
|move|p2a: Dragapult|Dragon Darts|p1a: Ceruledge
|-damage|p1a: Ceruledge|72/100
|-ability|p1a: Ceruledge|Weak Armor|boost
|-unboost|p1a: Ceruledge|def|1
|-boost|p1a: Ceruledge|spe|2
|-anim|p2a: Dragapult|Dragon Darts|p1a: Ceruledge
|-damage|p1a: Ceruledge|31/100
|-ability|p1a: Ceruledge|Weak Armor|boost
|-unboost|p1a: Ceruledge|def|1
|-boost|p1a: Ceruledge|spe|2
|move|p1a: Ceruledge|Swords Dance|p1a: Ceruledge
|-boost|p1a: Ceruledge|atk|2
|
|upkeep
|turn|5
|inactive|tommytt22 has 120 seconds left.
|
|t:|1779667288
|switch|p2a: Samurott|Samurott-Hisui, F|100/100
|move|p1a: Ceruledge|Bitter Blade|p2a: Samurott
|-resisted|p2a: Samurott
|-damage|p2a: Samurott|46/100
|-heal|p1a: Ceruledge|63/100|[from] drain|[of] p2a: Samurott
|
|upkeep
|turn|6
|
|t:|1779667305
|-terastallize|p1a: Ceruledge|Fighting
|move|p2a: Samurott|Sucker Punch|p1a: Ceruledge
|-resisted|p1a: Ceruledge
|-damage|p1a: Ceruledge|10/100
|-ability|p1a: Ceruledge|Weak Armor|boost
|-unboost|p1a: Ceruledge|def|1
|-boost|p1a: Ceruledge|spe|2
|move|p1a: Ceruledge|Bitter Blade|p2a: Samurott
|-resisted|p2a: Samurott
|-damage|p2a: Samurott|0 fnt
|-heal|p1a: Ceruledge|37/100|[from] drain|[of] p2a: Samurott
|faint|p2a: Samurott
|
|upkeep
|inactive|tommytt22 has 90 seconds left.
|
|t:|1779667325
|switch|p2a: Clodsire|Clodsire, M|100/100
|turn|7
|inactive|tommytt22 has 90 seconds left.
|
|t:|1779667333
|move|p1a: Ceruledge|Bitter Blade|p2a: Clodsire
|-damage|p2a: Clodsire|64/100
|-heal|p1a: Ceruledge|64/100|[from] drain|[of] p2a: Clodsire
|move|p2a: Clodsire|Toxic|p1a: Ceruledge
|-status|p1a: Ceruledge|tox
|
|-heal|p2a: Clodsire|70/100|[from] item: Leftovers
|-damage|p1a: Ceruledge|58/100 tox|[from] psn
|upkeep
|turn|8
|
|t:|1779667340
|switch|p1a: Glimmora|Glimmora, F|10/100
|move|p2a: Clodsire|Recover|p2a: Clodsire
|-heal|p2a: Clodsire|100/100
|
|upkeep
|turn|9
|
|t:|1779667348
|move|p1a: Glimmora|Earth Power|p2a: Clodsire
|-supereffective|p2a: Clodsire
|-damage|p2a: Clodsire|61/100
|move|p2a: Clodsire|Earthquake|p1a: Glimmora
|-supereffective|p1a: Glimmora
|-damage|p1a: Glimmora|0 fnt
|-activate|p1a: Glimmora|ability: Toxic Debris
|-sidestart|p2: tommytt22|move: Toxic Spikes
|faint|p1a: Glimmora
|
|-heal|p2a: Clodsire|67/100|[from] item: Leftovers
|upkeep
|
|t:|1779667360
|switch|p1a: Kyurem|Kyurem|100/100
|-ability|p1a: Kyurem|Pressure
|turn|10
|
|t:|1779667383
|move|p1a: Kyurem|Icicle Spear|p2a: Clodsire
|-supereffective|p2a: Clodsire
|-damage|p2a: Clodsire|42/100
|-supereffective|p2a: Clodsire
|-damage|p2a: Clodsire|18/100
|-supereffective|p2a: Clodsire
|-damage|p2a: Clodsire|0 fnt
|faint|p2a: Clodsire
|-hitcount|p2: Clodsire|3
|
|upkeep
|
|t:|1779667389
|switch|p2a: Cinderace|Cinderace, F|100/100
|turn|11
|
|t:|1779667395
|move|p2a: Cinderace|Will-O-Wisp|p1a: Kyurem
|-status|p1a: Kyurem|brn
|move|p1a: Kyurem|Dragon Dance|p1a: Kyurem
|-boost|p1a: Kyurem|atk|1
|-boost|p1a: Kyurem|spe|1
|
|-damage|p1a: Kyurem|94/100 brn|[from] brn
|upkeep
|turn|12
|
|t:|1779667403
|move|p1a: Kyurem|Earth Power|p2a: Cinderace
|-supereffective|p2a: Cinderace
|-damage|p2a: Cinderace|36/100
|move|p2a: Cinderace|Court Change|p2a: Cinderace
|-swapsideconditions
|-activate|p2a: Cinderace|move: Court Change
|
|-damage|p1a: Kyurem|88/100 brn|[from] brn
|upkeep
|turn|13
|
|t:|1779667410
|switch|p2a: Iron Valiant|Iron Valiant|100/100
|move|p1a: Kyurem|Earth Power|p2a: Iron Valiant
|-damage|p2a: Iron Valiant|41/100
|
|-damage|p1a: Kyurem|82/100 brn|[from] brn
|upkeep
|turn|14
|inactive|tommytt22 has 120 seconds left.
|
|t:|1779667420
|move|p2a: Iron Valiant|Moonblast|p1a: Kyurem
|-supereffective|p1a: Kyurem
|-damage|p1a: Kyurem|0 fnt
|faint|p1a: Kyurem
|
|upkeep
|inactive|fly casanova has 120 seconds left.
|
|t:|1779667463
|switch|p1a: Dragonite|Dragonite, M|100/100
|turn|15
|
|t:|1779667473
|move|p2a: Iron Valiant|Moonblast|p1a: Dragonite
|-supereffective|p1a: Dragonite
|-damage|p1a: Dragonite|51/100
|-unboost|p1a: Dragonite|spa|1
|move|p1a: Dragonite|Dragon Dance|p1a: Dragonite
|-boost|p1a: Dragonite|atk|1
|-boost|p1a: Dragonite|spe|1
|
|upkeep
|turn|16
|
|t:|1779667479
|move|p1a: Dragonite|Extreme Speed|p2a: Iron Valiant
|-damage|p2a: Iron Valiant|0 fnt
|faint|p2a: Iron Valiant
|-end|p2a: Iron Valiant|Quark Drive|[silent]
|
|upkeep
|
|t:|1779667492
|switch|p2a: Gliscor|Gliscor, F|100/100
|turn|17
|
|t:|1779667500
|move|p1a: Dragonite|Scale Shot|p2a: Gliscor
|-damage|p2a: Gliscor|83/100
|-damage|p2a: Gliscor|66/100
|-damage|p2a: Gliscor|47/100
|-damage|p2a: Gliscor|28/100
|-hitcount|p2a: Gliscor|4
|-unboost|p1a: Dragonite|def|1
|-boost|p1a: Dragonite|spe|1
|move|p2a: Gliscor|Swords Dance|p2a: Gliscor
|-boost|p2a: Gliscor|atk|2
|
|-status|p2a: Gliscor|tox|[from] item: Toxic Orb
|upkeep
|turn|18
|j| Favorite lovestory
|
|t:|1779667510
|move|p1a: Dragonite|Scale Shot|p2a: Gliscor
|-damage|p2a: Gliscor|10/100 tox
|-damage|p2a: Gliscor|0 fnt
|faint|p2a: Gliscor
|-hitcount|p2: Gliscor|2
|-unboost|p1a: Dragonite|def|1
|-boost|p1a: Dragonite|spe|1
|
|upkeep
|
|t:|1779667520
|switch|p2a: Dragapult|Dragapult, M|39/100
|turn|19
|
|t:|1779667530
|move|p1a: Dragonite|Fire Punch|p2a: Dragapult
|-resisted|p2a: Dragapult
|-damage|p2a: Dragapult|11/100
|move|p2a: Dragapult|Dragon Darts|p1a: Dragonite
|-supereffective|p1a: Dragonite
|-damage|p1a: Dragonite|0 fnt
|faint|p1a: Dragonite
|
|upkeep
|
|t:|1779667534
|switch|p1a: Ceruledge|Ceruledge, M, tera:Fighting|58/100 tox
|turn|20
|
|t:|1779667549
|move|p1a: Ceruledge|Shadow Sneak|p2a: Dragapult
|-supereffective|p2a: Dragapult
|-crit|p2a: Dragapult
|-damage|p2a: Dragapult|0 fnt
|faint|p2a: Dragapult
|
|-damage|p1a: Ceruledge|52/100 tox|[from] psn
|upkeep
|
|t:|1779667551
|switch|p2a: Cinderace|Cinderace, F|36/100
|turn|21
|
|t:|1779667565
|move|p2a: Cinderace|Pyro Ball|p1a: Ceruledge
|-damage|p1a: Ceruledge|0 fnt
|faint|p1a: Ceruledge
|
|upkeep
|
|t:|1779667567
|switch|p1a: Maushold|Maushold-Four|100/100
|-status|p1a: Maushold|psn
|turn|22
|
|t:|1779667586
|-terastallize|p2a: Cinderace|Fire
|move|p2a: Cinderace|Pyro Ball|p1a: Maushold
|-damage|p1a: Maushold|0 fnt
|faint|p1a: Maushold
|
|win|tommytt22
|raw|fly casanova's rating: 1638 &rarr; <strong>1613</strong><br />(-25 for losing)
|raw|tommytt22's rating: 1550 &rarr; <strong>1575</strong><br />(+25 for winning)
