|j|☆pokecutieismyname
|j|☆Kolo22
|t:|1779719709
|gametype|singles
|player|p1|pokecutieismyname|scientistf|1319
|player|p2|Kolo22|102|1320
|gen|9
|tier|[Gen 9] OU
|rated|
|rule|HP Percentage Mod: HP is shown in percentages
|rule|Endless Battle Clause: Forcing endless battles is banned
|rule|Species Clause: Limit one of each Pokémon
|rule|OHKO Clause: OHKO moves are banned
|rule|Evasion Items Clause: Evasion items are banned
|rule|Evasion Moves Clause: Evasion moves are banned
|rule|Evasion Abilities Clause: Evasion abilities are banned
|rule|Sleep Moves Clause: Sleep-inducing moves are banned
|clearpoke
|poke|p1|Araquanid, M|
|poke|p1|Iron Treads|
|poke|p1|Samurott-Hisui, M|
|poke|p1|Ogerpon, F|
|poke|p1|Gholdengo|
|poke|p1|Moltres|
|poke|p2|Clodsire, M|
|poke|p2|Gholdengo|
|poke|p2|Pecharunt|
|poke|p2|Chesnaught, M|
|poke|p2|Weavile, M|
|poke|p2|Bronzong|
|teampreview
|inactive|Battle timer is ON: inactive players will automatically lose when time's up. (requested by Kolo22)
|
|t:|1779719748
|teamsize|p1|6
|teamsize|p2|6
|start
|switch|p1a: Moltres|Moltres|100/100
|switch|p2a: Weavile|Weavile, M|100/100
|-ability|p2a: Weavile|Pressure
|turn|1
|
|t:|1779719757
|switch|p2a: Clodsire|Clodsire, M|100/100
|move|p1a: Moltres|Flamethrower|p2a: Clodsire
|-crit|p2a: Clodsire
|-damage|p2a: Clodsire|69/100
|
|-heal|p2a: Clodsire|76/100|[from] item: Leftovers
|upkeep
|turn|2
|
|t:|1779719766
|move|p1a: Moltres|U-turn|p2a: Clodsire
|-resisted|p2a: Clodsire
|-damage|p2a: Clodsire|68/100
|
|t:|1779719775
|switch|p1a: Iron Treads|Iron Treads|100/100|[from] U-turn
|move|p2a: Clodsire|Spikes|p1a: Iron Treads
|-sidestart|p1: pokecutieismyname|Spikes
|
|-heal|p2a: Clodsire|74/100|[from] item: Leftovers
|upkeep
|turn|3
|
|t:|1779719785
|switch|p2a: Chesnaught|Chesnaught, M|100/100
|move|p1a: Iron Treads|Stealth Rock|p2a: Chesnaught
|-sidestart|p2: Kolo22|move: Stealth Rock
|
|upkeep
|turn|4
|
|t:|1779719801
|move|p1a: Iron Treads|Rapid Spin|p2a: Chesnaught
|-damage|p2a: Chesnaught|94/100
|-boost|p1a: Iron Treads|spe|1
|-damage|p1a: Iron Treads|84/100|[from] item: Rocky Helmet|[of] p2a: Chesnaught
|-sideend|p1: pokecutieismyname|Spikes|[from] move: Rapid Spin|[of] p1a: Iron Treads
|move|p2a: Chesnaught|Knock Off|p1a: Iron Treads
|-damage|p1a: Iron Treads|65/100
|-enditem|p1a: Iron Treads|Heavy-Duty Boots|[from] move: Knock Off|[of] p2a: Chesnaught
|
|upkeep
|turn|5
|
|t:|1779719827
|-end|p1a: Iron Treads|Quark Drive|[silent]
|switch|p1a: Gholdengo|Gholdengo|100/100
|move|p2a: Chesnaught|Knock Off|p1a: Gholdengo
|-supereffective|p1a: Gholdengo
|-damage|p1a: Gholdengo|45/100
|-enditem|p1a: Gholdengo|Choice Scarf|[from] move: Knock Off|[of] p2a: Chesnaught
|
|upkeep
|turn|6
|
|t:|1779719839
|move|p1a: Gholdengo|Recover|p1a: Gholdengo
|-heal|p1a: Gholdengo|95/100
|move|p2a: Chesnaught|Synthesis|p2a: Chesnaught
|-heal|p2a: Chesnaught|100/100
|
|upkeep
|turn|7
|
|t:|1779719847
|switch|p2a: Clodsire|Clodsire, M|74/100
|-damage|p2a: Clodsire|68/100|[from] Stealth Rock
|move|p1a: Gholdengo|Trick|p2a: Clodsire
|-activate|p1a: Gholdengo|move: Trick|[of] p2a: Clodsire
|-enditem|p2a: Clodsire|Leftovers|[silent]|[from] move: Trick
|-item|p1a: Gholdengo|Leftovers|[from] move: Trick
|
|-heal|p1a: Gholdengo|100/100|[from] item: Leftovers
|upkeep
|turn|8
|
|t:|1779719860
|move|p1a: Gholdengo|Shadow Ball|p2a: Clodsire
|-damage|p2a: Clodsire|44/100
|move|p2a: Clodsire|Recover|p2a: Clodsire
|-heal|p2a: Clodsire|94/100
|
|upkeep
|turn|9
|
|t:|1779719867
|move|p1a: Gholdengo|Shadow Ball|p2a: Clodsire
|-damage|p2a: Clodsire|72/100
|move|p2a: Clodsire|Earthquake|p1a: Gholdengo
|-supereffective|p1a: Gholdengo
|-damage|p1a: Gholdengo|36/100
|
|-heal|p1a: Gholdengo|42/100|[from] item: Leftovers
|upkeep
|turn|10
|
|t:|1779719887
|move|p1a: Gholdengo|Recover|p1a: Gholdengo
|-heal|p1a: Gholdengo|92/100
|move|p2a: Clodsire|Recover|p2a: Clodsire
|-heal|p2a: Clodsire|100/100
|
|-heal|p1a: Gholdengo|98/100|[from] item: Leftovers
|upkeep
|turn|11
|
|t:|1779719900
|switch|p1a: Ogerpon|Ogerpon, F|100/100
|move|p2a: Clodsire|Spikes|p1a: Ogerpon
|-sidestart|p1: pokecutieismyname|Spikes
|
|upkeep
|turn|12
|
|t:|1779719907
|switch|p2a: Chesnaught|Chesnaught, M|100/100
|-damage|p2a: Chesnaught|94/100|[from] Stealth Rock
|move|p1a: Ogerpon|Ivy Cudgel|p2a: Chesnaught
|-resisted|p2a: Chesnaught
|-damage|p2a: Chesnaught|74/100
|
|upkeep
|turn|13
|
|t:|1779719920
|switch|p1a: Gholdengo|Gholdengo|98/100
|-damage|p1a: Gholdengo|86/100|[from] Spikes
|move|p2a: Chesnaught|Synthesis|p2a: Chesnaught
|-heal|p2a: Chesnaught|100/100
|
|-heal|p1a: Gholdengo|92/100|[from] item: Leftovers
|upkeep
|turn|14
|
|t:|1779719930
|switch|p2a: Clodsire|Clodsire, M|100/100
|-damage|p2a: Clodsire|94/100|[from] Stealth Rock
|move|p1a: Gholdengo|Make It Rain|p2a: Clodsire
|-crit|p2a: Clodsire
|-damage|p2a: Clodsire|43/100
|-unboost|p1a: Gholdengo|spa|1
|
|-heal|p1a: Gholdengo|98/100|[from] item: Leftovers
|upkeep
|turn|15
|
|t:|1779719945
|move|p1a: Gholdengo|Shadow Ball|p2a: Clodsire
|-damage|p2a: Clodsire|20/100
|move|p2a: Clodsire|Recover|p2a: Clodsire
|-heal|p2a: Clodsire|70/100
|
|-heal|p1a: Gholdengo|100/100|[from] item: Leftovers
|upkeep
|turn|16
|
|t:|1779719955
|switch|p1a: Moltres|Moltres|100/100
|move|p2a: Clodsire|Recover|p2a: Clodsire
|-heal|p2a: Clodsire|100/100
|
|upkeep
|turn|17
|
|t:|1779719974
|move|p1a: Moltres|U-turn|p2a: Clodsire
|-resisted|p2a: Clodsire
|-damage|p2a: Clodsire|93/100
|
|t:|1779719978
|switch|p1a: Gholdengo|Gholdengo|100/100|[from] U-turn
|-damage|p1a: Gholdengo|88/100|[from] Spikes
|move|p2a: Clodsire|Toxic|p1a: Gholdengo
|-immune|p1a: Gholdengo|[from] ability: Good as Gold
|
|-heal|p1a: Gholdengo|94/100|[from] item: Leftovers
|upkeep
|turn|18
|
|t:|1779719990
|move|p1a: Gholdengo|Shadow Ball|p2a: Clodsire
|-damage|p2a: Clodsire|71/100
|move|p2a: Clodsire|Earthquake|p1a: Gholdengo
|-supereffective|p1a: Gholdengo
|-damage|p1a: Gholdengo|34/100
|
|-heal|p1a: Gholdengo|40/100|[from] item: Leftovers
|upkeep
|turn|19
|
|t:|1779720004
|move|p1a: Gholdengo|Recover|p1a: Gholdengo
|-heal|p1a: Gholdengo|91/100
|move|p2a: Clodsire|Earthquake|p1a: Gholdengo
|-supereffective|p1a: Gholdengo
|-damage|p1a: Gholdengo|33/100
|
|-heal|p1a: Gholdengo|39/100|[from] item: Leftovers
|upkeep
|turn|20
|
|t:|1779720013
|switch|p1a: Ogerpon|Ogerpon, F|100/100
|-damage|p1a: Ogerpon|88/100|[from] Spikes
|move|p2a: Clodsire|Recover|p2a: Clodsire
|-heal|p2a: Clodsire|100/100
|
|upkeep
|turn|21
|
|t:|1779720021
|switch|p2a: Chesnaught|Chesnaught, M|100/100
|-damage|p2a: Chesnaught|94/100|[from] Stealth Rock
|move|p1a: Ogerpon|Play Rough|p2a: Chesnaught|[miss]
|-miss|p1a: Ogerpon|p2a: Chesnaught
|
|upkeep
|turn|22
|
|t:|1779720036
|switch|p1a: Iron Treads|Iron Treads|65/100
|-damage|p1a: Iron Treads|53/100|[from] Spikes
|move|p2a: Chesnaught|Knock Off|p1a: Iron Treads
|-damage|p1a: Iron Treads|41/100
|
|upkeep
|turn|23
|
|t:|1779720045
|-end|p1a: Iron Treads|Quark Drive|[silent]
|switch|p1a: Moltres|Moltres|100/100
|move|p2a: Chesnaught|Body Press|p1a: Moltres
|-resisted|p1a: Moltres
|-damage|p1a: Moltres|84/100
|
|upkeep
|turn|24
|
|t:|1779720055
|switch|p2a: Clodsire|Clodsire, M|100/100
|-damage|p2a: Clodsire|94/100|[from] Stealth Rock
|move|p1a: Moltres|Flamethrower|p2a: Clodsire
|-damage|p2a: Clodsire|73/100
|
|upkeep
|turn|25
|
|t:|1779720068
|move|p1a: Moltres|U-turn|p2a: Clodsire
|-resisted|p2a: Clodsire
|-damage|p2a: Clodsire|65/100
|
|t:|1779720075
|switch|p1a: Ogerpon|Ogerpon, F|88/100|[from] U-turn
|-damage|p1a: Ogerpon|76/100|[from] Spikes
|move|p2a: Clodsire|Earthquake|p1a: Ogerpon
|-resisted|p1a: Ogerpon
|-damage|p1a: Ogerpon|58/100
|
|upkeep
|turn|26
|
|t:|1779720084
|switch|p2a: Chesnaught|Chesnaught, M|94/100
|-damage|p2a: Chesnaught|88/100|[from] Stealth Rock
|move|p1a: Ogerpon|U-turn|p2a: Chesnaught
|-damage|p2a: Chesnaught|68/100
|-damage|p1a: Ogerpon|41/100|[from] item: Rocky Helmet|[of] p2a: Chesnaught
|
|t:|1779720091
|switch|p1a: Moltres|Moltres|84/100|[from] U-turn
|
|upkeep
|turn|27
|
|t:|1779720102
|-terastallize|p2a: Chesnaught|Fire
|move|p1a: Moltres|Flamethrower|p2a: Chesnaught
|-resisted|p2a: Chesnaught
|-damage|p2a: Chesnaught|45/100
|move|p2a: Chesnaught|Synthesis|p2a: Chesnaught
|-heal|p2a: Chesnaught|95/100
|
|upkeep
|turn|28
|
|t:|1779720118
|move|p1a: Moltres|U-turn|p2a: Chesnaught
|-resisted|p2a: Chesnaught
|-crit|p2a: Chesnaught
|-damage|p2a: Chesnaught|89/100
|-damage|p1a: Moltres|67/100|[from] item: Rocky Helmet|[of] p2a: Chesnaught
|
|t:|1779720128
|switch|p1a: Araquanid|Araquanid, M|100/100|[from] U-turn
|-damage|p1a: Araquanid|88/100|[from] Spikes
|move|p2a: Chesnaught|Iron Defense|p2a: Chesnaught
|-boost|p2a: Chesnaught|def|2
|
|upkeep
|turn|29
|
|t:|1779720138
|switch|p2a: Pecharunt|Pecharunt|100/100
|move|p1a: Araquanid|Liquidation|p2a: Pecharunt
|-damage|p2a: Pecharunt|80/100
|
|upkeep
|turn|30
|
|t:|1779720147
|move|p2a: Pecharunt|Parting Shot|p1a: Araquanid
|-unboost|p1a: Araquanid|atk|1
|-unboost|p1a: Araquanid|spa|1
|
|t:|1779720152
|switch|p2a: Bronzong|Bronzong|100/100|[from] Parting Shot
|-damage|p2a: Bronzong|94/100|[from] Stealth Rock
|move|p1a: Araquanid|Liquidation|p2a: Bronzong
|-damage|p2a: Bronzong|70/100
|
|-heal|p2a: Bronzong|76/100|[from] item: Leftovers
|upkeep
|turn|31
|
|t:|1779720163
|switch|p1a: Samurott|Samurott-Hisui, M|100/100
|-damage|p1a: Samurott|88/100|[from] Spikes
|move|p2a: Bronzong|Stealth Rock|p1a: Samurott
|-sidestart|p1: pokecutieismyname|move: Stealth Rock
|
|-heal|p2a: Bronzong|82/100|[from] item: Leftovers
|upkeep
|turn|32
|
|t:|1779720189
|move|p1a: Samurott|Ceaseless Edge|p2a: Bronzong
|-supereffective|p2a: Bronzong
|-damage|p2a: Bronzong|0 fnt
|-sidestart|p2: Kolo22|Spikes
|faint|p2a: Bronzong
|
|upkeep
|inactive|Kolo22 has 120 seconds left.
|
|t:|1779720226
|switch|p2a: Pecharunt|Pecharunt|80/100
|turn|33
|
|t:|1779720233
|move|p1a: Samurott|Flip Turn|p2a: Pecharunt
|-damage|p2a: Pecharunt|67/100
|
|t:|1779720238
|switch|p1a: Iron Treads|Iron Treads|41/100|[from] Flip Turn
|-damage|p1a: Iron Treads|29/100|[from] Spikes
|-damage|p1a: Iron Treads|26/100|[from] Stealth Rock
|move|p2a: Pecharunt|Malignant Chain|p1a: Iron Treads
|-immune|p1a: Iron Treads
|
|upkeep
|turn|34
|
|t:|1779720250
|move|p1a: Iron Treads|Earthquake|p2a: Pecharunt
|-supereffective|p2a: Pecharunt
|-damage|p2a: Pecharunt|29/100
|move|p2a: Pecharunt|Foul Play|p1a: Iron Treads
|-damage|p1a: Iron Treads|6/100
|
|upkeep
|turn|35
|
|t:|1779720258
|move|p1a: Iron Treads|Earthquake|p2a: Pecharunt
|-supereffective|p2a: Pecharunt
|-damage|p2a: Pecharunt|0 fnt
|faint|p2a: Pecharunt
|
|upkeep
|
|t:|1779720263
|switch|p2a: Weavile|Weavile, M|100/100
|-ability|p2a: Weavile|Pressure
|turn|36
|inactive|Kolo22 has 120 seconds left.
|
|t:|1779720275
|move|p2a: Weavile|Swords Dance|p2a: Weavile
|-boost|p2a: Weavile|atk|2
|move|p1a: Iron Treads|Rapid Spin|p2a: Weavile
|-damage|p2a: Weavile|78/100
|-boost|p1a: Iron Treads|spe|1
|-sideend|p1: pokecutieismyname|Spikes|[from] move: Rapid Spin|[of] p1a: Iron Treads
|-sideend|p1: pokecutieismyname|Stealth Rock|[from] move: Rapid Spin|[of] p1a: Iron Treads
|
|upkeep
|turn|37
|
|t:|1779720284
|move|p2a: Weavile|Ice Shard|p1a: Iron Treads
|-damage|p1a: Iron Treads|0 fnt
|faint|p1a: Iron Treads
|-end|p1a: Iron Treads|Quark Drive|[silent]
|
|upkeep
|
|t:|1779720291
|switch|p1a: Araquanid|Araquanid, M|88/100
|turn|38
|
|t:|1779720295
|move|p2a: Weavile|Knock Off|p1a: Araquanid
|-damage|p1a: Araquanid|12/100
|-enditem|p1a: Araquanid|Custap Berry|[from] move: Knock Off|[of] p2a: Weavile
|move|p1a: Araquanid|Liquidation|p2a: Weavile
|-damage|p2a: Weavile|9/100
|
|upkeep
|turn|39
|
|t:|1779720315
|switch|p1a: Gholdengo|Gholdengo|39/100
|move|p2a: Weavile|Knock Off|p1a: Gholdengo
|-supereffective|p1a: Gholdengo
|-damage|p1a: Gholdengo|0 fnt
|-enditem|p1a: Gholdengo|Leftovers|[from] move: Knock Off|[of] p2a: Weavile
|faint|p1a: Gholdengo
|
|upkeep
|
|t:|1779720323
|switch|p1a: Samurott|Samurott-Hisui, M|88/100
|turn|40
|inactive|Kolo22 has 120 seconds left.
|
|t:|1779720360
|switch|p2a: Gholdengo|Gholdengo|100/100
|-damage|p2a: Gholdengo|94/100|[from] Stealth Rock
|-item|p2a: Gholdengo|Air Balloon
|move|p1a: Samurott|Sucker Punch||[still]
|-fail|p1a: Samurott
|
|upkeep
|turn|41
|inactive|Kolo22 has 120 seconds left.
|
|t:|1779720376
|move|p1a: Samurott|Ceaseless Edge|p2a: Gholdengo
|-supereffective|p2a: Gholdengo
|-damage|p2a: Gholdengo|0 fnt
|-enditem|p2a: Gholdengo|Air Balloon
|-sidestart|p2: Kolo22|Spikes
|faint|p2a: Gholdengo
|
|upkeep
|
|t:|1779720383
|switch|p2a: Chesnaught|Chesnaught, M, tera:Fire|89/100
|-damage|p2a: Chesnaught|64/100|[from] Stealth Rock
|-damage|p2a: Chesnaught|47/100|[from] Spikes
|turn|42
|
|t:|1779720388
|move|p1a: Samurott|Flip Turn|p2a: Chesnaught
|-supereffective|p2a: Chesnaught
|-damage|p2a: Chesnaught|17/100
|-damage|p1a: Samurott|72/100|[from] item: Rocky Helmet|[of] p2a: Chesnaught
|
|t:|1779720394
|switch|p1a: Moltres|Moltres|67/100|[from] Flip Turn
|move|p2a: Chesnaught|Synthesis|p2a: Chesnaught
|-heal|p2a: Chesnaught|67/100
|
|upkeep
|turn|43
|
|t:|1779720401
|move|p1a: Moltres|Roost|p1a: Moltres
|-heal|p1a: Moltres|100/100
|-singleturn|p1a: Moltres|move: Roost
|move|p2a: Chesnaught|Synthesis|p2a: Chesnaught
|-heal|p2a: Chesnaught|100/100
|
|upkeep
|turn|44
|
|t:|1779720409
|move|p2a: Chesnaught|Iron Defense|p2a: Chesnaught
|-boost|p2a: Chesnaught|def|2
|move|p1a: Moltres|Roar|p2a: Chesnaught
|drag|p2a: Weavile|Weavile, M|9/100
|-ability|p2a: Weavile|Pressure
|
|upkeep
|turn|45
|
|t:|1779720424
|switch|p2a: Clodsire|Clodsire, M|65/100
|-damage|p2a: Clodsire|59/100|[from] Stealth Rock
|-damage|p2a: Clodsire|42/100|[from] Spikes
|move|p1a: Moltres|Roar|p2a: Clodsire
|drag|p2a: Weavile|Weavile, M|9/100
|-ability|p2a: Weavile|Pressure
|
|upkeep
|turn|46
|
|t:|1779720440
|move|p2a: Weavile|Triple Axel|p1a: Moltres
|-damage|p1a: Moltres|92/100
|-damage|p1a: Moltres|77/100
|-status|p2a: Weavile|brn|[from] ability: Flame Body|[of] p1a: Moltres
|-hitcount|p1a: Moltres|2
|move|p1a: Moltres|Flamethrower|p2a: Weavile
|-supereffective|p2a: Weavile
|-damage|p2a: Weavile|0 fnt
|faint|p2a: Weavile
|
|upkeep
|
|t:|1779720451
|switch|p2a: Clodsire|Clodsire, M|42/100
|-damage|p2a: Clodsire|36/100|[from] Stealth Rock
|-damage|p2a: Clodsire|19/100|[from] Spikes
|turn|47
|
|t:|1779720459
|move|p1a: Moltres|Flamethrower|p2a: Clodsire
|-damage|p2a: Clodsire|0 fnt
|faint|p2a: Clodsire
|
|upkeep
|
|t:|1779720464
|switch|p2a: Chesnaught|Chesnaught, M, tera:Fire|100/100
|-damage|p2a: Chesnaught|75/100|[from] Stealth Rock
|-damage|p2a: Chesnaught|59/100|[from] Spikes
|turn|48
|
|t:|1779720475
|move|p1a: Moltres|Flamethrower|p2a: Chesnaught
|-resisted|p2a: Chesnaught
|-damage|p2a: Chesnaught|37/100
|move|p2a: Chesnaught|Synthesis|p2a: Chesnaught
|-heal|p2a: Chesnaught|87/100
|
|upkeep
|turn|49
|
|t:|1779720500
|switch|p1a: Araquanid|Araquanid, M|12/100
|move|p2a: Chesnaught|Iron Defense|p2a: Chesnaught
|-boost|p2a: Chesnaught|def|2
|
|upkeep
|turn|50
|
|t:|1779720509
|move|p2a: Chesnaught|Iron Defense|p2a: Chesnaught
|-boost|p2a: Chesnaught|def|2
|move|p1a: Araquanid|Endeavor|p2a: Chesnaught
|-damage|p2a: Chesnaught|10/100
|-damage|p1a: Araquanid|0 fnt|[from] item: Rocky Helmet|[of] p2a: Chesnaught
|faint|p1a: Araquanid
|
|upkeep
|
|t:|1779720518
|switch|p1a: Moltres|Moltres|77/100
|turn|51
|
|t:|1779720523
|move|p1a: Moltres|Flamethrower|p2a: Chesnaught
|-resisted|p2a: Chesnaught
|-damage|p2a: Chesnaught|0 fnt
|faint|p2a: Chesnaught
|
|win|pokecutieismyname
|raw|pokecutieismyname's rating: 1319 &rarr; <strong>1339</strong><br />(+20 for winning)
|raw|Kolo22's rating: 1320 &rarr; <strong>1300</strong><br />(-20 for losing)
|l|☆Kolo22
|player|p2|
