|j|☆miamiaquatic
|j|☆Infinitepi
|t:|1779636594
|gametype|singles
|player|p1|miamiaquatic|brycen|1129
|player|p2|Infinitepi|dahlia|1213
|gen|9
|tier|[Gen 9] OU
|rated|
|rule|HP Percentage Mod: HP is shown in percentages
|rule|Endless Battle Clause: Forcing endless battles is banned
|rule|Species Clause: Limit one of each Pokémon
|rule|OHKO Clause: OHKO moves are banned
|rule|Evasion Items Clause: Evasion items are banned
|rule|Evasion Moves Clause: Evasion moves are banned
|rule|Evasion Abilities Clause: Evasion abilities are banned
|rule|Sleep Moves Clause: Sleep-inducing moves are banned
|clearpoke
|poke|p1|Dragonite, F|
|poke|p1|Clefable, M|
|poke|p1|Scizor, F|
|poke|p1|Ceruledge, F|
|poke|p1|Blastoise, F|
|poke|p1|Umbreon, M|
|poke|p2|Electrode-Hisui|
|poke|p2|Pawmot, M|
|poke|p2|Oricorio-Pom-Pom, M|
|poke|p2|Iron Thorns|
|poke|p2|Sandy Shocks|
|poke|p2|Rotom|
|teampreview
|
|t:|1779636606
|teamsize|p1|6
|teamsize|p2|6
|start
|switch|p1a: Blastoise|Blastoise, F|100/100
|switch|p2a: Electrode|Electrode-Hisui|100/100
|turn|1
|
|t:|1779636617
|-terastallize|p1a: Blastoise|Electric
|move|p2a: Electrode|Stun Spore|p1a: Blastoise
|-immune|p1a: Blastoise
|move|p1a: Blastoise|Shell Smash|p1a: Blastoise
|-unboost|p1a: Blastoise|def|1
|-unboost|p1a: Blastoise|spd|1
|-boost|p1a: Blastoise|atk|2
|-boost|p1a: Blastoise|spa|2
|-boost|p1a: Blastoise|spe|2
|-enditem|p1a: Blastoise|White Herb
|-clearnegativeboost|p1a: Blastoise|[silent]
|
|upkeep
|turn|2
|
|t:|1779636629
|move|p1a: Blastoise|Ice Beam|p2a: Electrode
|-supereffective|p2a: Electrode
|-damage|p2a: Electrode|0 fnt
|faint|p2a: Electrode
|
|upkeep
|
|t:|1779636636
|switch|p2a: Oricorio|Oricorio-Pom-Pom, M|100/100
|turn|3
|
|t:|1779636656
|-terastallize|p2a: Oricorio|Fighting
|move|p1a: Blastoise|Ice Beam|p2a: Oricorio
|-damage|p2a: Oricorio|21/100
|move|p2a: Oricorio|Alluring Voice|p1a: Blastoise
|-damage|p1a: Blastoise|76/100
|
|upkeep
|turn|4
|
|t:|1779636662
|move|p1a: Blastoise|Surf|p2a: Oricorio
|-damage|p2a: Oricorio|0 fnt
|faint|p2a: Oricorio
|
|upkeep
|
|t:|1779636669
|switch|p2a: Rotom|Rotom|100/100
|turn|5
|
|t:|1779636674
|move|p1a: Blastoise|Dark Pulse|p2a: Rotom
|-supereffective|p2a: Rotom
|-damage|p2a: Rotom|0 fnt
|faint|p2a: Rotom
|
|upkeep
|c|☆Infinitepi|ggs
|
|t:|1779636681
|switch|p2a: Sandy Shocks|Sandy Shocks|100/100
|turn|6
|
|t:|1779636687
|move|p1a: Blastoise|Surf|p2a: Sandy Shocks
|-supereffective|p2a: Sandy Shocks
|-damage|p2a: Sandy Shocks|0 fnt
|faint|p2a: Sandy Shocks
|-end|p2a: Sandy Shocks|Protosynthesis|[silent]
|
|upkeep
|
|t:|1779636690
|switch|p2a: Pawmot|Pawmot, M|100/100
|turn|7
|
|t:|1779636693
|move|p1a: Blastoise|Dark Pulse|p2a: Pawmot
|-resisted|p2a: Pawmot
|-damage|p2a: Pawmot|57/100
|move|p2a: Pawmot|Ice Punch|p1a: Blastoise
|-damage|p1a: Blastoise|39/100
|
|upkeep
|turn|8
|
|t:|1779636697
|move|p2a: Pawmot|Mach Punch|p1a: Blastoise
|-damage|p1a: Blastoise|11/100
|move|p1a: Blastoise|Surf|p2a: Pawmot
|-damage|p2a: Pawmot|0 fnt
|faint|p2a: Pawmot
|
|upkeep
|
|t:|1779636699
|switch|p2a: Iron Thorns|Iron Thorns|100/100
|turn|9
|
|t:|1779636702
|move|p1a: Blastoise|Surf|p2a: Iron Thorns
|-supereffective|p2a: Iron Thorns
|-damage|p2a: Iron Thorns|0 fnt
|faint|p2a: Iron Thorns
|-end|p2a: Iron Thorns|Quark Drive|[silent]
|
|win|miamiaquatic
|raw|miamiaquatic's rating: 1129 &rarr; <strong>1160</strong><br />(+31 for winning)
|raw|Infinitepi's rating: 1213 &rarr; <strong>1182</strong><br />(-31 for losing)
|l|☆miamiaquatic
|player|p1|
|j|☆miamiaquatic
|player|p1|miamiaquatic|brycen|
|l|☆miamiaquatic
|player|p1|
