|j|☆Nateg23
|j|☆shanhuyun
|t:|1779622816
|gametype|singles
|player|p1|Nateg23|170|1000
|player|p2|shanhuyun|erika|1000
|gen|9
|tier|[Gen 9] OU
|rated|
|rule|HP Percentage Mod: HP is shown in percentages
|rule|Endless Battle Clause: Forcing endless battles is banned
|rule|Species Clause: Limit one of each Pokémon
|rule|OHKO Clause: OHKO moves are banned
|rule|Evasion Items Clause: Evasion items are banned
|rule|Evasion Moves Clause: Evasion moves are banned
|rule|Evasion Abilities Clause: Evasion abilities are banned
|rule|Sleep Moves Clause: Sleep-inducing moves are banned
|clearpoke
|poke|p1|Iron Jugulis|
|poke|p1|Dragonite, M|
|poke|p1|Mienshao, M|
|poke|p1|Glimmora, F|
|poke|p1|Gyarados, F|
|poke|p1|Talonflame, M|
|poke|p2|Ting-Lu|
|poke|p2|Tyranitar, M|
|poke|p2|Dondozo, M|
|poke|p2|Glimmora, M|
|poke|p2|Gholdengo|
|poke|p2|Ogerpon-Wellspring, F|
|teampreview
|
|t:|1779622824
|teamsize|p1|6
|teamsize|p2|6
|start
|switch|p1a: Mienshao|Mienshao, M|100/100
|switch|p2a: Ting-Lu|Ting-Lu|100/100
|-ability|p2a: Ting-Lu|Vessel of Ruin
|turn|1
|
|t:|1779622832
|move|p1a: Mienshao|High Jump Kick|p2a: Ting-Lu
|-supereffective|p2a: Ting-Lu
|-damage|p2a: Ting-Lu|32/100
|-enditem|p2a: Ting-Lu|Sitrus Berry|[eat]
|-heal|p2a: Ting-Lu|57/100|[from] item: Sitrus Berry
|move|p2a: Ting-Lu|Stealth Rock|p1a: Mienshao
|-sidestart|p1: Nateg23|move: Stealth Rock
|
|upkeep
|turn|2
|
|t:|1779622840
|move|p1a: Mienshao|Bulk Up|p1a: Mienshao
|-boost|p1a: Mienshao|atk|1
|-boost|p1a: Mienshao|def|1
|move|p2a: Ting-Lu|Body Press|p1a: Mienshao
|-damage|p1a: Mienshao|66/100
|
|upkeep
|turn|3
|
|t:|1779622847
|move|p1a: Mienshao|High Jump Kick|p2a: Ting-Lu
|-supereffective|p2a: Ting-Lu
|-damage|p2a: Ting-Lu|0 fnt
|faint|p2a: Ting-Lu
|
|upkeep
|
|t:|1779622854
|switch|p2a: Glimmora|Glimmora, M, shiny|100/100
|turn|4
|
|t:|1779622860
|move|p1a: Mienshao|High Jump Kick|p2a: Glimmora
|-damage|p2a: Glimmora|0 fnt
|-activate|p2a: Glimmora|ability: Toxic Debris
|-sidestart|p1: Nateg23|move: Toxic Spikes
|faint|p2a: Glimmora
|
|upkeep
|
|t:|1779622873
|switch|p2a: Gholdengo|Gholdengo|100/100
|turn|5
|
|t:|1779622879
|move|p1a: Mienshao|High Jump Kick|p2a: Gholdengo
|-immune|p2a: Gholdengo
|-damage|p1a: Mienshao|16/100|[from] highjumpkick
|move|p2a: Gholdengo|Dazzling Gleam|p1a: Mienshao
|-supereffective|p1a: Mienshao
|-damage|p1a: Mienshao|0 fnt
|faint|p1a: Mienshao
|
|upkeep
|
|t:|1779622891
|switch|p1a: Iron Jugulis|Iron Jugulis|100/100
|-damage|p1a: Iron Jugulis|76/100|[from] Stealth Rock
|-enditem|p1a: Iron Jugulis|Booster Energy
|-activate|p1a: Iron Jugulis|ability: Quark Drive|[fromitem]
|-start|p1a: Iron Jugulis|quarkdrivespe
|turn|6
|
|t:|1779622899
|move|p1a: Iron Jugulis|Dark Pulse|p2a: Gholdengo
|-supereffective|p2a: Gholdengo
|-damage|p2a: Gholdengo|12/100
|-enditem|p2a: Gholdengo|Salac Berry|[eat]
|-boost|p2a: Gholdengo|spe|1|[from] item: Salac Berry
|move|p2a: Gholdengo|Dazzling Gleam|p1a: Iron Jugulis
|-supereffective|p1a: Iron Jugulis
|-damage|p1a: Iron Jugulis|0 fnt
|faint|p1a: Iron Jugulis
|-end|p1a: Iron Jugulis|Quark Drive|[silent]
|
|upkeep
|
|t:|1779622913
|switch|p1a: Gyarados|Gyarados, F|100/100
|-damage|p1a: Gyarados|75/100|[from] Stealth Rock
|turn|7
|
|t:|1779622920
|move|p2a: Gholdengo|Make It Rain|p1a: Gyarados
|-resisted|p1a: Gyarados
|-damage|p1a: Gyarados|53/100
|-unboost|p2a: Gholdengo|spa|1
|move|p1a: Gyarados|Waterfall|p2a: Gholdengo
|-damage|p2a: Gholdengo|0 fnt
|faint|p2a: Gholdengo
|-ability|p1a: Gyarados|Moxie|boost
|-boost|p1a: Gyarados|atk|1
|
|-heal|p1a: Gyarados|59/100|[from] item: Leftovers
|upkeep
|
|t:|1779622924
|switch|p2a: Tyranitar|Tyranitar, M|100/100
|-weather|Sandstorm|[from] ability: Sand Stream|[of] p2a: Tyranitar
|turn|8
|
|t:|1779622939
|-terastallize|p1a: Gyarados|Water
|move|p1a: Gyarados|Waterfall|p2a: Tyranitar
|-supereffective|p2a: Tyranitar
|-damage|p2a: Tyranitar|0 fnt
|faint|p2a: Tyranitar
|-ability|p1a: Gyarados|Moxie|boost
|-boost|p1a: Gyarados|atk|1
|
|-weather|Sandstorm|[upkeep]
|-damage|p1a: Gyarados|53/100|[from] Sandstorm
|-heal|p1a: Gyarados|59/100|[from] item: Leftovers
|upkeep
|
|t:|1779622951
|switch|p2a: Dondozo|Dondozo, M|100/100
|turn|9
|
|t:|1779622957
|move|p1a: Gyarados|Dragon Dance|p1a: Gyarados
|-boost|p1a: Gyarados|atk|1
|-boost|p1a: Gyarados|spe|1
|move|p2a: Dondozo|Avalanche|p1a: Gyarados
|-resisted|p1a: Gyarados
|-damage|p1a: Gyarados|48/100
|
|-weather|Sandstorm|[upkeep]
|-damage|p1a: Gyarados|42/100|[from] Sandstorm
|-damage|p2a: Dondozo|94/100|[from] Sandstorm
|-heal|p1a: Gyarados|48/100|[from] item: Leftovers
|-heal|p2a: Dondozo|100/100|[from] item: Leftovers
|upkeep
|turn|10
|
|t:|1779622968
|move|p1a: Gyarados|Dragon Dance|p1a: Gyarados
|-boost|p1a: Gyarados|atk|1
|-boost|p1a: Gyarados|spe|1
|move|p2a: Dondozo|Avalanche|p1a: Gyarados
|-resisted|p1a: Gyarados
|-damage|p1a: Gyarados|38/100
|
|-weather|Sandstorm|[upkeep]
|-damage|p1a: Gyarados|32/100|[from] Sandstorm
|-damage|p2a: Dondozo|94/100|[from] Sandstorm
|-heal|p1a: Gyarados|38/100|[from] item: Leftovers
|-heal|p2a: Dondozo|100/100|[from] item: Leftovers
|upkeep
|turn|11
|
|t:|1779622983
|move|p1a: Gyarados|Outrage|p2a: Dondozo
|-damage|p2a: Dondozo|79/100
|move|p2a: Dondozo|Curse|p2a: Dondozo
|-unboost|p2a: Dondozo|spe|1
|-boost|p2a: Dondozo|atk|1
|-boost|p2a: Dondozo|def|1
|
|-weather|Sandstorm|[upkeep]
|-damage|p1a: Gyarados|32/100|[from] Sandstorm
|-damage|p2a: Dondozo|73/100|[from] Sandstorm
|-heal|p1a: Gyarados|38/100|[from] item: Leftovers
|-heal|p2a: Dondozo|79/100|[from] item: Leftovers
|upkeep
|turn|12
|
|t:|1779622995
|move|p1a: Gyarados|Outrage|p2a: Dondozo|[from] lockedmove
|-damage|p2a: Dondozo|64/100
|-start|p1a: Gyarados|confusion|[fatigue]
|move|p2a: Dondozo|Curse|p2a: Dondozo
|-unboost|p2a: Dondozo|spe|1
|-boost|p2a: Dondozo|atk|1
|-boost|p2a: Dondozo|def|1
|
|-weather|none
|-heal|p1a: Gyarados|44/100|[from] item: Leftovers
|-heal|p2a: Dondozo|70/100|[from] item: Leftovers
|upkeep
|turn|13
|
|t:|1779623008
|-activate|p1a: Gyarados|confusion
|-damage|p1a: Gyarados|0 fnt|[from] confusion
|faint|p1a: Gyarados
|move|p2a: Dondozo|Avalanche|p1: Gyarados|[notarget]
|-fail|p2a: Dondozo
|
|-heal|p2a: Dondozo|76/100|[from] item: Leftovers
|upkeep
|
|t:|1779623016
|switch|p1a: Glimmora|Glimmora, F|100/100
|-damage|p1a: Glimmora|88/100|[from] Stealth Rock
|-sideend|p1: Nateg23|move: Toxic Spikes|[of] p1a: Glimmora
|turn|14
|
|t:|1779623022
|move|p1a: Glimmora|Mortal Spin|p2a: Dondozo
|-damage|p2a: Dondozo|74/100
|-status|p2a: Dondozo|psn
|-sideend|p1: Nateg23|Stealth Rock|[from] move: Mortal Spin|[of] p1a: Glimmora
|move|p2a: Dondozo|Earthquake|p1a: Glimmora
|-supereffective|p1a: Glimmora
|-damage|p1a: Glimmora|0 fnt
|faint|p1a: Glimmora
|
|-heal|p2a: Dondozo|80/100 psn|[from] item: Leftovers
|-damage|p2a: Dondozo|68/100 psn|[from] psn
|upkeep
|
|t:|1779623035
|switch|p1a: Talonflame|Talonflame, M|100/100
|turn|15
|
|t:|1779623041
|move|p1a: Talonflame|Hurricane|p2a: Dondozo|[miss]
|-miss|p1a: Talonflame|p2a: Dondozo
|move|p2a: Dondozo|Avalanche|p1a: Talonflame
|-damage|p1a: Talonflame|48/100
|
|-heal|p2a: Dondozo|74/100 psn|[from] item: Leftovers
|-damage|p2a: Dondozo|61/100 psn|[from] psn
|upkeep
|turn|16
|
|t:|1779623051
|move|p1a: Talonflame|Hurricane|p2a: Dondozo|[miss]
|-miss|p1a: Talonflame|p2a: Dondozo
|move|p2a: Dondozo|Avalanche|p1a: Talonflame
|-damage|p1a: Talonflame|0 fnt
|faint|p1a: Talonflame
|
|-heal|p2a: Dondozo|67/100 psn|[from] item: Leftovers
|-damage|p2a: Dondozo|55/100 psn|[from] psn
|upkeep
|
|t:|1779623062
|switch|p1a: Dragonite|Dragonite, M|100/100
|turn|17
|
|t:|1779623067
|move|p1a: Dragonite|Dragon Dance|p1a: Dragonite
|-boost|p1a: Dragonite|atk|1
|-boost|p1a: Dragonite|spe|1
|move|p2a: Dondozo|Avalanche|p1a: Dragonite
|-supereffective|p1a: Dragonite
|-damage|p1a: Dragonite|26/100
|
|-heal|p2a: Dondozo|61/100 psn|[from] item: Leftovers
|-damage|p2a: Dondozo|49/100 psn|[from] psn
|upkeep
|turn|18
|
|t:|1779623077
|move|p1a: Dragonite|Extreme Speed|p2a: Dondozo
|-damage|p2a: Dondozo|40/100 psn
|move|p2a: Dondozo|Avalanche|p1a: Dragonite
|-supereffective|p1a: Dragonite
|-damage|p1a: Dragonite|0 fnt
|faint|p1a: Dragonite
|
|win|shanhuyun
|raw|Nateg23's rating: 1000 &rarr; <strong>1000</strong><br />(+0 for losing)
|raw|shanhuyun's rating: 1000 &rarr; <strong>1040</strong><br />(+40 for winning)
