|j|☆my shitters
|j|☆thiccdug
|t:|1779629484
|gametype|singles
|player|p1|my shitters|preschooler|1436
|player|p2|thiccdug|2|1504
|gen|9
|tier|[Gen 9] OU
|rated|
|rule|HP Percentage Mod: HP is shown in percentages
|rule|Endless Battle Clause: Forcing endless battles is banned
|rule|Species Clause: Limit one of each Pokémon
|rule|OHKO Clause: OHKO moves are banned
|rule|Evasion Items Clause: Evasion items are banned
|rule|Evasion Moves Clause: Evasion moves are banned
|rule|Evasion Abilities Clause: Evasion abilities are banned
|rule|Sleep Moves Clause: Sleep-inducing moves are banned
|clearpoke
|poke|p1|Sableye, M|
|poke|p1|Primeape, M|
|poke|p1|Alcremie-Ruby-Swirl, F|
|poke|p1|Ursaring, F|
|poke|p1|Electrode-Hisui|
|poke|p1|Brute Bonnet|
|poke|p2|Zarude-Dada|
|poke|p2|Skarmory, F|
|poke|p2|Blissey, F|
|poke|p2|Gliscor, F|
|poke|p2|Pecharunt|
|poke|p2|Keldeo|
|teampreview
|inactive|Battle timer is ON: inactive players will automatically lose when time's up. (requested by thiccdug)
|inactive|my shitters also wants the timer to be on.
|inactive|my shitters has 120 seconds left.
|
|t:|1779629543
|teamsize|p1|6
|teamsize|p2|6
|start
|switch|p1a: GenPostin|Sableye, M|100/100
|switch|p2a: Gliscor|Gliscor, F|100/100
|turn|1
|
|t:|1779629549
|move|p2a: Gliscor|Protect|p2a: Gliscor
|-singleturn|p2a: Gliscor|Protect
|move|p1a: GenPostin|Reflect|p1a: GenPostin
|-sidestart|p1: my shitters|Reflect
|
|-status|p2a: Gliscor|tox|[from] item: Toxic Orb
|upkeep
|turn|2
|
|t:|1779629551
|move|p1a: GenPostin|Encore|p2a: Gliscor
|-start|p2a: Gliscor|Encore
|move|p2a: Gliscor|Protect||[still]
|-fail|p2a: Gliscor
|
|upkeep
|turn|3
|
|t:|1779629559
|switch|p2a: Skarmory|Skarmory, F|100/100
|switch|p1a: UngaBoonguss|Brute Bonnet|100/100
|-enditem|p1a: UngaBoonguss|Booster Energy
|-activate|p1a: UngaBoonguss|ability: Protosynthesis|[fromitem]
|-start|p1a: UngaBoonguss|protosynthesisatk
|
|upkeep
|turn|4
|
|t:|1779629565
|move|p2a: Skarmory|Stealth Rock|p1a: UngaBoonguss
|-sidestart|p1: my shitters|move: Stealth Rock
|move|p1a: UngaBoonguss|Crunch|p2a: Skarmory
|-damage|p2a: Skarmory|63/100
|-damage|p1a: UngaBoonguss|84/100|[from] item: Rocky Helmet|[of] p2a: Skarmory
|
|upkeep
|turn|5
|
|t:|1779629570
|move|p2a: Skarmory|Roost|p2a: Skarmory
|-heal|p2a: Skarmory|100/100
|-singleturn|p2a: Skarmory|move: Roost
|move|p1a: UngaBoonguss|Crunch|p2a: Skarmory
|-damage|p2a: Skarmory|64/100
|-damage|p1a: UngaBoonguss|67/100|[from] item: Rocky Helmet|[of] p2a: Skarmory
|
|upkeep
|turn|6
|
|t:|1779629585
|move|p2a: Skarmory|Roost|p2a: Skarmory
|-heal|p2a: Skarmory|100/100
|-singleturn|p2a: Skarmory|move: Roost
|move|p1a: UngaBoonguss|Crunch|p2a: Skarmory
|-damage|p2a: Skarmory|64/100
|-damage|p1a: UngaBoonguss|50/100|[from] item: Rocky Helmet|[of] p2a: Skarmory
|
|upkeep
|turn|7
|
|t:|1779629593
|move|p2a: Skarmory|Roost|p2a: Skarmory
|-heal|p2a: Skarmory|100/100
|-singleturn|p2a: Skarmory|move: Roost
|move|p1a: UngaBoonguss|Close Combat|p2a: Skarmory
|-supereffective|p2a: Skarmory
|-damage|p2a: Skarmory|35/100
|-unboost|p1a: UngaBoonguss|def|1
|-unboost|p1a: UngaBoonguss|spd|1
|-damage|p1a: UngaBoonguss|34/100|[from] item: Rocky Helmet|[of] p2a: Skarmory
|
|upkeep
|turn|8
|
|t:|1779629602
|move|p2a: Skarmory|Roost|p2a: Skarmory
|-heal|p2a: Skarmory|85/100
|-singleturn|p2a: Skarmory|move: Roost
|move|p1a: UngaBoonguss|Close Combat|p2a: Skarmory
|-supereffective|p2a: Skarmory
|-damage|p2a: Skarmory|13/100
|-unboost|p1a: UngaBoonguss|def|1
|-unboost|p1a: UngaBoonguss|spd|1
|-damage|p1a: UngaBoonguss|17/100|[from] item: Rocky Helmet|[of] p2a: Skarmory
|
|-sideend|p1: my shitters|Reflect
|upkeep
|turn|9
|
|t:|1779629607
|move|p1a: UngaBoonguss|Sucker Punch|p2a: Skarmory
|-damage|p2a: Skarmory|0 fnt
|-damage|p1a: UngaBoonguss|0 fnt|[from] item: Rocky Helmet|[of] p2a: Skarmory
|faint|p2a: Skarmory
|faint|p1a: UngaBoonguss
|-end|p1a: UngaBoonguss|Protosynthesis|[silent]
|
|upkeep
|inactive|my shitters has 120 seconds left.
|
|t:|1779629652
|switch|p2a: Gliscor|Gliscor, F|100/100 tox
|switch|p1a: GenPostin|Sableye, M|100/100
|-damage|p1a: GenPostin|88/100|[from] Stealth Rock
|turn|10
|
|t:|1779629655
|move|p1a: GenPostin|Taunt|p2a: Gliscor
|-start|p2a: Gliscor|move: Taunt
|cant|p2a: Gliscor|move: Taunt|Spikes
|
|upkeep
|turn|11
|
|t:|1779629659
|move|p1a: GenPostin|Reflect|p1a: GenPostin
|-sidestart|p1: my shitters|Reflect
|move|p2a: Gliscor|Earthquake|p1a: GenPostin
|-damage|p1a: GenPostin|73/100
|
|upkeep
|turn|12
|
|t:|1779629666
|switch|p2a: Keldeo|Keldeo|100/100
|move|p1a: GenPostin|Light Screen|p1a: GenPostin
|-sidestart|p1: my shitters|move: Light Screen
|
|upkeep
|turn|13
|
|t:|1779629676
|switch|p1a: Electrode|Electrode-Hisui|100/100
|-damage|p1a: Electrode|88/100|[from] Stealth Rock
|move|p2a: Keldeo|Flip Turn|p1a: Electrode
|-resisted|p1a: Electrode
|-damage|p1a: Electrode|82/100
|
|t:|1779629682
|switch|p2a: Gliscor|Gliscor, F|100/100 tox|[from] Flip Turn
|
|upkeep
|turn|14
|
|t:|1779629694
|switch|p1a: Only4CubLinx|Ursaring, F|100/100
|-damage|p1a: Only4CubLinx|88/100|[from] Stealth Rock
|move|p2a: Gliscor|Spikes|p1a: Only4CubLinx
|-sidestart|p1: my shitters|Spikes
|
|-status|p1a: Only4CubLinx|brn|[from] item: Flame Orb
|upkeep
|turn|15
|
|t:|1779629698
|switch|p2a: Pecharunt|Pecharunt|100/100
|move|p1a: Only4CubLinx|Swords Dance|p1a: Only4CubLinx
|-boost|p1a: Only4CubLinx|atk|2
|
|-damage|p1a: Only4CubLinx|82/100 brn|[from] brn
|upkeep
|turn|16
|
|t:|1779629703
|move|p1a: Only4CubLinx|Throat Chop|p2a: Pecharunt
|-supereffective|p2a: Pecharunt
|-damage|p2a: Pecharunt|24/100
|-start|p2a: Pecharunt|Throat Chop|[silent]
|cant|p2a: Pecharunt|move: Throat Chop
|
|-damage|p1a: Only4CubLinx|76/100 brn|[from] brn
|upkeep
|turn|17
|
|t:|1779629723
|switch|p2a: Zarude|Zarude-Dada|100/100
|move|p1a: Only4CubLinx|Thunder Punch|p2a: Zarude
|-resisted|p2a: Zarude
|-damage|p2a: Zarude|72/100
|
|-damage|p1a: Only4CubLinx|70/100 brn|[from] brn
|upkeep
|turn|18
|
|t:|1779629736
|switch|p2a: Pecharunt|Pecharunt|24/100
|move|p1a: Only4CubLinx|Facade|p2a: Pecharunt
|-immune|p2a: Pecharunt
|
|-damage|p1a: Only4CubLinx|64/100 brn|[from] brn
|-sideend|p1: my shitters|Reflect
|upkeep
|turn|19
|inactive|thiccdug has 120 seconds left.
|
|t:|1779629764
|move|p1a: Only4CubLinx|Facade|p2a: Pecharunt
|-immune|p2a: Pecharunt
|move|p2a: Pecharunt|Recover|p2a: Pecharunt
|-heal|p2a: Pecharunt|74/100
|
|-damage|p1a: Only4CubLinx|57/100 brn|[from] brn
|-sideend|p1: my shitters|move: Light Screen
|upkeep
|turn|20
|inactive|thiccdug has 120 seconds left.
|
|t:|1779629776
|switch|p2a: Zarude|Zarude-Dada|72/100
|move|p1a: Only4CubLinx|Facade|p2a: Zarude
|-damage|p2a: Zarude|0 fnt
|faint|p2a: Zarude
|
|-damage|p1a: Only4CubLinx|51/100 brn|[from] brn
|upkeep
|inactive|thiccdug has 120 seconds left.
|
|t:|1779629783
|switch|p2a: Keldeo|Keldeo|100/100
|turn|21
|
|t:|1779629790
|switch|p1a: GenPostin|Sableye, M|73/100
|-damage|p1a: GenPostin|61/100|[from] Stealth Rock
|-damage|p1a: GenPostin|49/100|[from] Spikes
|move|p2a: Keldeo|Vacuum Wave|p1a: GenPostin
|-immune|p1a: GenPostin
|
|upkeep
|turn|22
|
|t:|1779629799
|switch|p2a: Pecharunt|Pecharunt|74/100
|move|p1a: GenPostin|Light Screen|p1a: GenPostin
|-sidestart|p1: my shitters|move: Light Screen
|
|upkeep
|turn|23
|
|t:|1779629803
|move|p1a: GenPostin|Taunt|p2a: Pecharunt
|-start|p2a: Pecharunt|move: Taunt
|move|p2a: Pecharunt|Malignant Chain|p1a: GenPostin
|-resisted|p1a: GenPostin
|-damage|p1a: GenPostin|37/100
|
|upkeep
|turn|24
|
|t:|1779629806
|move|p1a: GenPostin|Reflect|p1a: GenPostin
|-sidestart|p1: my shitters|Reflect
|move|p2a: Pecharunt|Malignant Chain|p1a: GenPostin
|-resisted|p1a: GenPostin
|-damage|p1a: GenPostin|25/100
|-status|p1a: GenPostin|tox
|-start|p1a: GenPostin|confusion|[from] ability: Poison Puppeteer|[of] p2a: Pecharunt
|
|-damage|p1a: GenPostin|19/100 tox|[from] psn
|upkeep
|turn|25
|
|t:|1779629812
|-activate|p1a: GenPostin|confusion
|-damage|p1a: GenPostin|14/100 tox|[from] confusion
|move|p2a: Pecharunt|Malignant Chain|p1a: GenPostin
|-resisted|p1a: GenPostin
|-damage|p1a: GenPostin|2/100 tox
|
|-damage|p1a: GenPostin|0 fnt|[from] psn
|faint|p1a: GenPostin
|-end|p2a: Pecharunt|move: Taunt
|upkeep
|
|t:|1779629816
|switch|p1a: Only4CubLinx|Ursaring, F|51/100 brn
|-damage|p1a: Only4CubLinx|39/100 brn|[from] Stealth Rock
|-damage|p1a: Only4CubLinx|27/100 brn|[from] Spikes
|turn|26
|
|t:|1779629821
|move|p1a: Only4CubLinx|Throat Chop|p2a: Pecharunt
|-supereffective|p2a: Pecharunt
|-damage|p2a: Pecharunt|34/100
|-start|p2a: Pecharunt|Throat Chop|[silent]
|move|p2a: Pecharunt|Recover|p2a: Pecharunt
|-heal|p2a: Pecharunt|84/100
|
|-damage|p1a: Only4CubLinx|20/100 brn|[from] brn
|upkeep
|turn|27
|
|t:|1779629827
|move|p1a: Only4CubLinx|Throat Chop|p2a: Pecharunt
|-supereffective|p2a: Pecharunt
|-damage|p2a: Pecharunt|44/100
|move|p2a: Pecharunt|Recover|p2a: Pecharunt
|-heal|p2a: Pecharunt|94/100
|
|-damage|p1a: Only4CubLinx|14/100 brn|[from] brn
|-end|p2a: Pecharunt|Throat Chop|[silent]
|upkeep
|turn|28
|
|t:|1779629833
|move|p1a: Only4CubLinx|Throat Chop|p2a: Pecharunt
|-supereffective|p2a: Pecharunt
|-damage|p2a: Pecharunt|53/100
|-start|p2a: Pecharunt|Throat Chop|[silent]
|move|p2a: Pecharunt|Recover|p2a: Pecharunt
|-heal|p2a: Pecharunt|100/100
|
|-damage|p1a: Only4CubLinx|8/100 brn|[from] brn
|upkeep
|turn|29
|
|t:|1779629840
|switch|p2a: Keldeo|Keldeo|100/100
|move|p1a: Only4CubLinx|Throat Chop|p2a: Keldeo
|-resisted|p2a: Keldeo
|-damage|p2a: Keldeo|75/100
|-start|p2a: Keldeo|Throat Chop|[silent]
|-ability|p2a: Keldeo|Justified|boost
|-boost|p2a: Keldeo|atk|1
|
|-damage|p1a: Only4CubLinx|2/100 brn|[from] brn
|-sideend|p1: my shitters|move: Light Screen
|upkeep
|turn|30
|
|t:|1779629844
|move|p2a: Keldeo|Vacuum Wave|p1a: Only4CubLinx
|-supereffective|p1a: Only4CubLinx
|-damage|p1a: Only4CubLinx|0 fnt
|faint|p1a: Only4CubLinx
|
|-end|p2a: Keldeo|Throat Chop|[silent]
|upkeep
|
|t:|1779629849
|switch|p1a: CremDeLaCreamie|Alcremie-Ruby-Swirl, F|100/100
|-damage|p1a: CremDeLaCreamie|88/100|[from] Stealth Rock
|-damage|p1a: CremDeLaCreamie|76/100|[from] Spikes
|turn|31
|
|t:|1779629855
|move|p2a: Keldeo|Surf|p1a: CremDeLaCreamie
|-damage|p1a: CremDeLaCreamie|35/100
|move|p1a: CremDeLaCreamie|Calm Mind|p1a: CremDeLaCreamie
|-boost|p1a: CremDeLaCreamie|spa|1
|-boost|p1a: CremDeLaCreamie|spd|1
|
|-heal|p1a: CremDeLaCreamie|41/100|[from] item: Leftovers
|-sideend|p1: my shitters|Reflect
|upkeep
|turn|32
|
|t:|1779629861
|move|p2a: Keldeo|Flip Turn|p1a: CremDeLaCreamie
|-damage|p1a: CremDeLaCreamie|21/100
|
|t:|1779629864
|switch|p2a: Pecharunt|Pecharunt|100/100|[from] Flip Turn
|move|p1a: CremDeLaCreamie|Draining Kiss|p2a: Pecharunt
|-resisted|p2a: Pecharunt
|-damage|p2a: Pecharunt|86/100
|-heal|p1a: CremDeLaCreamie|34/100|[from] drain|[of] p2a: Pecharunt
|
|-heal|p1a: CremDeLaCreamie|40/100|[from] item: Leftovers
|upkeep
|turn|33
|
|t:|1779629881
|-terastallize|p1a: CremDeLaCreamie|Steel
|move|p2a: Pecharunt|Malignant Chain|p1a: CremDeLaCreamie
|-immune|p1a: CremDeLaCreamie
|move|p1a: CremDeLaCreamie|Calm Mind|p1a: CremDeLaCreamie
|-boost|p1a: CremDeLaCreamie|spa|1
|-boost|p1a: CremDeLaCreamie|spd|1
|
|-heal|p1a: CremDeLaCreamie|46/100|[from] item: Leftovers
|upkeep
|turn|34
|
|t:|1779629899
|move|p2a: Pecharunt|Parting Shot|p1a: CremDeLaCreamie
|-unboost|p1a: CremDeLaCreamie|atk|1
|-unboost|p1a: CremDeLaCreamie|spa|1
|
|t:|1779629902
|switch|p2a: Blissey|Blissey, F|100/100|[from] Parting Shot
|move|p1a: CremDeLaCreamie|Acid Armor|p1a: CremDeLaCreamie
|-boost|p1a: CremDeLaCreamie|def|2
|
|-heal|p1a: CremDeLaCreamie|52/100|[from] item: Leftovers
|upkeep
|turn|35
|
|t:|1779629905
|move|p1a: CremDeLaCreamie|Calm Mind|p1a: CremDeLaCreamie
|-boost|p1a: CremDeLaCreamie|spa|1
|-boost|p1a: CremDeLaCreamie|spd|1
|move|p2a: Blissey|Calm Mind|p2a: Blissey
|-boost|p2a: Blissey|spa|1
|-boost|p2a: Blissey|spd|1
|
|-heal|p1a: CremDeLaCreamie|58/100|[from] item: Leftovers
|upkeep
|turn|36
|
|t:|1779629908
|move|p1a: CremDeLaCreamie|Calm Mind|p1a: CremDeLaCreamie
|-boost|p1a: CremDeLaCreamie|spa|1
|-boost|p1a: CremDeLaCreamie|spd|1
|move|p2a: Blissey|Calm Mind|p2a: Blissey
|-boost|p2a: Blissey|spa|1
|-boost|p2a: Blissey|spd|1
|
|-heal|p1a: CremDeLaCreamie|64/100|[from] item: Leftovers
|upkeep
|turn|37
|
|t:|1779629910
|move|p1a: CremDeLaCreamie|Calm Mind|p1a: CremDeLaCreamie
|-boost|p1a: CremDeLaCreamie|spa|1
|-boost|p1a: CremDeLaCreamie|spd|1
|move|p2a: Blissey|Seismic Toss|p1a: CremDeLaCreamie
|-damage|p1a: CremDeLaCreamie|34/100
|
|-heal|p1a: CremDeLaCreamie|40/100|[from] item: Leftovers
|upkeep
|turn|38
|
|t:|1779629914
|move|p1a: CremDeLaCreamie|Draining Kiss|p2a: Blissey
|-damage|p2a: Blissey|92/100
|-heal|p1a: CremDeLaCreamie|53/100|[from] drain|[of] p2a: Blissey
|move|p2a: Blissey|Seismic Toss|p1a: CremDeLaCreamie
|-damage|p1a: CremDeLaCreamie|23/100
|
|-heal|p1a: CremDeLaCreamie|29/100|[from] item: Leftovers
|upkeep
|turn|39
|
|t:|1779629921
|move|p1a: CremDeLaCreamie|Draining Kiss|p2a: Blissey
|-damage|p2a: Blissey|82/100
|-heal|p1a: CremDeLaCreamie|44/100|[from] drain|[of] p2a: Blissey
|move|p2a: Blissey|Seismic Toss|p1a: CremDeLaCreamie
|-damage|p1a: CremDeLaCreamie|14/100
|
|-heal|p1a: CremDeLaCreamie|20/100|[from] item: Leftovers
|upkeep
|turn|40
|
|t:|1779629923
|move|p1a: CremDeLaCreamie|Draining Kiss|p2a: Blissey
|-damage|p2a: Blissey|72/100
|-heal|p1a: CremDeLaCreamie|34/100|[from] drain|[of] p2a: Blissey
|move|p2a: Blissey|Seismic Toss|p1a: CremDeLaCreamie
|-damage|p1a: CremDeLaCreamie|4/100
|
|-heal|p1a: CremDeLaCreamie|10/100|[from] item: Leftovers
|upkeep
|turn|41
|
|t:|1779629927
|move|p1a: CremDeLaCreamie|Stored Power|p2a: Blissey
|-damage|p2a: Blissey|42/100
|move|p2a: Blissey|Seismic Toss|p1a: CremDeLaCreamie
|-damage|p1a: CremDeLaCreamie|0 fnt
|faint|p1a: CremDeLaCreamie
|
|upkeep
|
|t:|1779629930
|switch|p1a: PonnieColeman|Primeape, M|100/100
|-damage|p1a: PonnieColeman|95/100|[from] Stealth Rock
|-damage|p1a: PonnieColeman|82/100|[from] Spikes
|turn|42
|
|t:|1779629933
|move|p1a: PonnieColeman|Bulk Up|p1a: PonnieColeman
|-boost|p1a: PonnieColeman|atk|1
|-boost|p1a: PonnieColeman|def|1
|move|p2a: Blissey|Flamethrower|p1a: PonnieColeman
|-damage|p1a: PonnieColeman|52/100
|
|upkeep
|turn|43
|
|t:|1779629944
|switch|p2a: Pecharunt|Pecharunt|86/100
|move|p1a: PonnieColeman|Drain Punch|p2a: Pecharunt
|-immune|p2a: Pecharunt
|
|upkeep
|turn|44
|
|t:|1779629949
|move|p1a: PonnieColeman|Bulk Up|p1a: PonnieColeman
|-boost|p1a: PonnieColeman|atk|1
|-boost|p1a: PonnieColeman|def|1
|move|p2a: Pecharunt|Malignant Chain|p1a: PonnieColeman
|-damage|p1a: PonnieColeman|25/100
|-status|p1a: PonnieColeman|tox
|-start|p1a: PonnieColeman|confusion|[from] ability: Poison Puppeteer|[of] p2a: Pecharunt
|
|-damage|p1a: PonnieColeman|19/100 tox|[from] psn
|upkeep
|turn|45
|
|t:|1779629953
|-activate|p1a: PonnieColeman|confusion
|move|p1a: PonnieColeman|Rest|p1a: PonnieColeman
|-status|p1a: PonnieColeman|slp|[from] move: Rest
|-heal|p1a: PonnieColeman|100/100 slp|[silent]
|move|p2a: Pecharunt|Shadow Ball|p1a: PonnieColeman
|-damage|p1a: PonnieColeman|80/100 slp
|
|upkeep
|turn|46
|
|t:|1779629955
|cant|p1a: PonnieColeman|slp
|move|p2a: Pecharunt|Malignant Chain|p1a: PonnieColeman
|-damage|p1a: PonnieColeman|52/100 slp
|
|upkeep
|turn|47
|
|t:|1779629957
|cant|p1a: PonnieColeman|slp
|move|p2a: Pecharunt|Shadow Ball|p1a: PonnieColeman
|-damage|p1a: PonnieColeman|31/100 slp
|-unboost|p1a: PonnieColeman|spd|1
|-ability|p1a: PonnieColeman|Defiant|boost
|-boost|p1a: PonnieColeman|atk|2
|
|upkeep
|turn|48
|
|t:|1779629965
|-curestatus|p1a: PonnieColeman|slp|[msg]
|-activate|p1a: PonnieColeman|confusion
|move|p1a: PonnieColeman|Rage Fist|p2a: Pecharunt
|-supereffective|p2a: Pecharunt
|-damage|p2a: Pecharunt|0 fnt
|faint|p2a: Pecharunt
|
|upkeep
|
|t:|1779629973
|switch|p2a: Keldeo|Keldeo|75/100
|turn|49
|
|t:|1779629975
|switch|p1a: Electrode|Electrode-Hisui|82/100
|-damage|p1a: Electrode|70/100|[from] Stealth Rock
|-damage|p1a: Electrode|58/100|[from] Spikes
|move|p2a: Keldeo|Surf|p1a: Electrode
|-resisted|p1a: Electrode
|-damage|p1a: Electrode|22/100
|
|upkeep
|turn|50
|
|t:|1779629986
|switch|p2a: Gliscor|Gliscor, F|100/100 tox
|move|p1a: Electrode|Volt Switch|p2a: Gliscor
|-immune|p2a: Gliscor
|
|upkeep
|turn|51
|
|t:|1779629991
|switch|p1a: PonnieColeman|Primeape, M|31/100
|-damage|p1a: PonnieColeman|25/100|[from] Stealth Rock
|-damage|p1a: PonnieColeman|13/100|[from] Spikes
|move|p2a: Gliscor|Spikes|p1a: PonnieColeman
|-sidestart|p1: my shitters|Spikes
|
|upkeep
|turn|52
|
|t:|1779629999
|move|p1a: PonnieColeman|Rest|p1a: PonnieColeman
|-status|p1a: PonnieColeman|slp|[from] move: Rest
|-heal|p1a: PonnieColeman|100/100 slp|[silent]
|move|p2a: Gliscor|Earthquake|p1a: PonnieColeman
|-damage|p1a: PonnieColeman|65/100 slp
|
|upkeep
|turn|53
|
|t:|1779630001
|cant|p1a: PonnieColeman|slp
|move|p2a: Gliscor|Earthquake|p1a: PonnieColeman
|-damage|p1a: PonnieColeman|30/100 slp
|
|upkeep
|turn|54
|
|t:|1779630003
|cant|p1a: PonnieColeman|slp
|move|p2a: Gliscor|Earthquake|p1a: PonnieColeman
|-damage|p1a: PonnieColeman|0 fnt
|faint|p1a: PonnieColeman
|
|upkeep
|-message|my shitters forfeited.
|
|win|thiccdug
|raw|my shitters's rating: 1436 &rarr; <strong>1420</strong><br />(-16 for losing)
|raw|thiccdug's rating: 1504 &rarr; <strong>1520</strong><br />(+16 for winning)
|l|☆my shitters
|player|p1|
|l|☆thiccdug
|player|p2|
