|j|☆yueeeem
|j|☆toptentilts
|t:|1779599501
|gametype|singles
|player|p1|yueeeem|nurse|1479
|player|p2|toptentilts|madame-gen4|1453
|gen|9
|tier|[Gen 9] OU
|rated|
|rule|HP Percentage Mod: HP is shown in percentages
|rule|Endless Battle Clause: Forcing endless battles is banned
|rule|Species Clause: Limit one of each Pokémon
|rule|OHKO Clause: OHKO moves are banned
|rule|Evasion Items Clause: Evasion items are banned
|rule|Evasion Moves Clause: Evasion moves are banned
|rule|Evasion Abilities Clause: Evasion abilities are banned
|rule|Sleep Moves Clause: Sleep-inducing moves are banned
|clearpoke
|poke|p1|Braviary-Hisui, M|
|poke|p1|Pelipper, M|
|poke|p1|Iron Treads|
|poke|p1|Basculegion, M|
|poke|p1|Raging Bolt|
|poke|p1|Kingambit, F|
|poke|p2|Gholdengo|
|poke|p2|Sinistcha|
|poke|p2|Ting-Lu|
|poke|p2|Darkrai|
|poke|p2|Ogerpon-Wellspring, F|
|poke|p2|Iron Treads|
|teampreview
|inactive|Battle timer is ON: inactive players will automatically lose when time's up. (requested by toptentilts)
|
|t:|1779599518
|teamsize|p1|6
|teamsize|p2|6
|start
|switch|p1a: Pelipper|Pelipper, M|100/100
|switch|p2a: Ting-Lu|Ting-Lu|100/100
|-weather|RainDance|[from] ability: Drizzle|[of] p1a: Pelipper
|-ability|p2a: Ting-Lu|Vessel of Ruin
|turn|1
|
|t:|1779599524
|move|p1a: Pelipper|Weather Ball|p2a: Ting-Lu
|-supereffective|p2a: Ting-Lu
|-damage|p2a: Ting-Lu|56/100
|move|p2a: Ting-Lu|Stealth Rock|p1a: Pelipper
|-sidestart|p1: yueeeem|move: Stealth Rock
|
|-weather|RainDance|[upkeep]
|-heal|p2a: Ting-Lu|62/100|[from] item: Leftovers
|upkeep
|turn|2
|
|t:|1779599533
|move|p1a: Pelipper|Hurricane|p2a: Ting-Lu
|-damage|p2a: Ting-Lu|44/100
|move|p2a: Ting-Lu|Spikes|p1a: Pelipper
|-sidestart|p1: yueeeem|Spikes
|
|-weather|RainDance|[upkeep]
|-heal|p2a: Ting-Lu|50/100|[from] item: Leftovers
|upkeep
|turn|3
|
|t:|1779599538
|move|p1a: Pelipper|Weather Ball|p2a: Ting-Lu
|-supereffective|p2a: Ting-Lu
|-damage|p2a: Ting-Lu|1/100
|move|p2a: Ting-Lu|Whirlwind|p1a: Pelipper
|drag|p1a: Basculegion|Basculegion, M|100/100
|-damage|p1a: Basculegion|88/100|[from] Stealth Rock
|-damage|p1a: Basculegion|76/100|[from] Spikes
|
|-weather|RainDance|[upkeep]
|-heal|p2a: Ting-Lu|8/100|[from] item: Leftovers
|upkeep
|turn|4
|
|t:|1779599547
|switch|p2a: Sinistcha|Sinistcha|100/100
|move|p1a: Basculegion|Flip Turn|p2a: Sinistcha
|-resisted|p2a: Sinistcha
|-damage|p2a: Sinistcha|77/100
|
|t:|1779599554
|switch|p1a: Braviary|Braviary-Hisui, M|100/100|[from] Flip Turn
|-damage|p1a: Braviary|76/100|[from] Stealth Rock
|
|-weather|RainDance|[upkeep]
|upkeep
|turn|5
|
|t:|1779599559
|switch|p2a: Iron Treads|Iron Treads|100/100
|move|p1a: Braviary|Hurricane|p2a: Iron Treads
|-resisted|p2a: Iron Treads
|-damage|p2a: Iron Treads|67/100
|
|-weather|RainDance|[upkeep]
|upkeep
|turn|6
|
|t:|1779599571
|switch|p1a: Pelipper|Pelipper, M|100/100
|-damage|p1a: Pelipper|76/100|[from] Stealth Rock
|move|p2a: Iron Treads|Knock Off|p1a: Pelipper
|-damage|p1a: Pelipper|57/100
|-enditem|p1a: Pelipper|Damp Rock|[from] move: Knock Off|[of] p2a: Iron Treads
|
|-weather|RainDance|[upkeep]
|upkeep
|turn|7
|
|t:|1779599580
|-end|p2a: Iron Treads|Quark Drive|[silent]
|switch|p2a: Ogerpon|Ogerpon-Wellspring, F|100/100
|move|p1a: Pelipper|Roost|p1a: Pelipper
|-heal|p1a: Pelipper|100/100
|-singleturn|p1a: Pelipper|move: Roost
|
|-weather|RainDance|[upkeep]
|upkeep
|turn|8
|
|t:|1779599585
|move|p2a: Ogerpon|U-turn|p1a: Pelipper
|-resisted|p1a: Pelipper
|-damage|p1a: Pelipper|90/100
|
|t:|1779599588
|switch|p2a: Iron Treads|Iron Treads|67/100|[from] U-turn
|move|p1a: Pelipper|Hurricane|p2a: Iron Treads
|-resisted|p2a: Iron Treads
|-damage|p2a: Iron Treads|54/100
|
|-weather|none
|upkeep
|turn|9
|
|t:|1779599594
|move|p2a: Iron Treads|Knock Off|p1a: Pelipper
|-damage|p1a: Pelipper|76/100
|move|p1a: Pelipper|U-turn|p2a: Iron Treads
|-resisted|p2a: Iron Treads
|-damage|p2a: Iron Treads|51/100
|
|t:|1779599597
|switch|p1a: Iron Treads|Iron Treads|100/100|[from] U-turn
|-damage|p1a: Iron Treads|97/100|[from] Stealth Rock
|-damage|p1a: Iron Treads|85/100|[from] Spikes
|-enditem|p1a: Iron Treads|Booster Energy
|-activate|p1a: Iron Treads|ability: Quark Drive|[fromitem]
|-start|p1a: Iron Treads|quarkdrivespe
|
|upkeep
|turn|10
|
|t:|1779599606
|-end|p2a: Iron Treads|Quark Drive|[silent]
|switch|p2a: Sinistcha|Sinistcha|77/100
|move|p1a: Iron Treads|Ice Spinner|p2a: Sinistcha
|-supereffective|p2a: Sinistcha
|-damage|p2a: Sinistcha|47/100
|
|upkeep
|turn|11
|
|t:|1779599612
|move|p1a: Iron Treads|Ice Spinner|p2a: Sinistcha
|-supereffective|p2a: Sinistcha
|-damage|p2a: Sinistcha|15/100
|move|p2a: Sinistcha|Strength Sap|p1a: Iron Treads
|-unboost|p1a: Iron Treads|atk|1
|-heal|p2a: Sinistcha|100/100
|
|upkeep
|turn|12
|
|t:|1779599618
|-end|p1a: Iron Treads|Quark Drive|[silent]
|switch|p1a: Pelipper|Pelipper, M|76/100
|-damage|p1a: Pelipper|51/100|[from] Stealth Rock
|-weather|RainDance|[from] ability: Drizzle|[of] p1a: Pelipper
|move|p2a: Sinistcha|Calm Mind|p2a: Sinistcha
|-boost|p2a: Sinistcha|spa|1
|-boost|p2a: Sinistcha|spd|1
|
|-weather|RainDance|[upkeep]
|upkeep
|turn|13
|
|t:|1779599622
|move|p2a: Sinistcha|Matcha Gotcha|p1a: Pelipper|[miss]
|-miss|p2a: Sinistcha|p1a: Pelipper
|move|p1a: Pelipper|Hurricane|p2a: Sinistcha
|-supereffective|p2a: Sinistcha
|-damage|p2a: Sinistcha|40/100
|
|-weather|RainDance|[upkeep]
|upkeep
|turn|14
|
|t:|1779599630
|switch|p1a: Raging Bolt|Raging Bolt|100/100
|-damage|p1a: Raging Bolt|88/100|[from] Stealth Rock
|-damage|p1a: Raging Bolt|76/100|[from] Spikes
|-enditem|p1a: Raging Bolt|Booster Energy
|-activate|p1a: Raging Bolt|ability: Protosynthesis|[fromitem]
|-start|p1a: Raging Bolt|protosynthesisspa
|move|p2a: Sinistcha|Shadow Ball|p1a: Raging Bolt
|-damage|p1a: Raging Bolt|34/100
|
|-weather|RainDance|[upkeep]
|upkeep
|turn|15
|
|t:|1779599639
|move|p1a: Raging Bolt|Thunderbolt|p2a: Sinistcha
|-resisted|p2a: Sinistcha
|-damage|p2a: Sinistcha|10/100
|move|p2a: Sinistcha|Shadow Ball|p1a: Raging Bolt
|-damage|p1a: Raging Bolt|0 fnt
|faint|p1a: Raging Bolt
|-end|p1a: Raging Bolt|Protosynthesis|[silent]
|
|-weather|RainDance|[upkeep]
|upkeep
|
|t:|1779599652
|switch|p1a: Basculegion|Basculegion, M|76/100
|-damage|p1a: Basculegion|63/100|[from] Stealth Rock
|-damage|p1a: Basculegion|51/100|[from] Spikes
|turn|16
|
|t:|1779599657
|move|p1a: Basculegion|Psychic Fangs|p2a: Sinistcha
|-damage|p2a: Sinistcha|0 fnt
|faint|p2a: Sinistcha
|
|-weather|none
|upkeep
|
|t:|1779599659
|switch|p2a: Darkrai|Darkrai|100/100
|turn|17
|
|t:|1779599663
|switch|p1a: Pelipper|Pelipper, M|51/100
|-damage|p1a: Pelipper|27/100|[from] Stealth Rock
|-weather|RainDance|[from] ability: Drizzle|[of] p1a: Pelipper
|move|p2a: Darkrai|Knock Off|p1a: Pelipper
|-damage|p1a: Pelipper|12/100
|
|-weather|RainDance|[upkeep]
|upkeep
|turn|18
|
|t:|1779599674
|move|p2a: Darkrai|Dark Pulse|p1a: Pelipper
|-crit|p1a: Pelipper
|-damage|p1a: Pelipper|0 fnt
|faint|p1a: Pelipper
|
|-weather|RainDance|[upkeep]
|upkeep
|
|t:|1779599678
|switch|p1a: Basculegion|Basculegion, M|51/100
|-damage|p1a: Basculegion|39/100|[from] Stealth Rock
|-damage|p1a: Basculegion|26/100|[from] Spikes
|turn|19
|
|t:|1779599685
|switch|p2a: Ogerpon|Ogerpon-Wellspring, F|100/100
|move|p1a: Basculegion|Outrage|p2a: Ogerpon
|-damage|p2a: Ogerpon|26/100
|
|-weather|RainDance|[upkeep]
|upkeep
|turn|20
|
|t:|1779599690
|switch|p2a: Ting-Lu|Ting-Lu|8/100
|-ability|p2a: Ting-Lu|Vessel of Ruin
|move|p1a: Basculegion|Outrage|p2a: Ting-Lu|[from] lockedmove
|-damage|p2a: Ting-Lu|0 fnt
|faint|p2a: Ting-Lu
|
|-weather|RainDance|[upkeep]
|upkeep
|
|t:|1779599697
|switch|p2a: Iron Treads|Iron Treads|51/100
|turn|21
|
|t:|1779599700
|move|p1a: Basculegion|Outrage|p2a: Iron Treads|[from] lockedmove
|-resisted|p2a: Iron Treads
|-damage|p2a: Iron Treads|26/100
|-start|p1a: Basculegion|confusion|[fatigue]
|move|p2a: Iron Treads|Knock Off|p1a: Basculegion
|-supereffective|p1a: Basculegion
|-damage|p1a: Basculegion|0 fnt
|-enditem|p1a: Basculegion|Choice Band|[from] move: Knock Off|[of] p2a: Iron Treads
|faint|p1a: Basculegion
|
|-weather|none
|upkeep
|
|t:|1779599707
|switch|p1a: Iron Treads|Iron Treads|85/100
|-damage|p1a: Iron Treads|82/100|[from] Stealth Rock
|-damage|p1a: Iron Treads|69/100|[from] Spikes
|turn|22
|
|t:|1779599721
|-end|p2a: Iron Treads|Quark Drive|[silent]
|switch|p2a: Gholdengo|Gholdengo|100/100
|move|p1a: Iron Treads|Ice Spinner|p2a: Gholdengo
|-resisted|p2a: Gholdengo
|-damage|p2a: Gholdengo|88/100
|
|upkeep
|turn|23
|
|t:|1779599726
|move|p2a: Gholdengo|Shadow Ball|p1a: Iron Treads
|-damage|p1a: Iron Treads|16/100
|-unboost|p1a: Iron Treads|spd|1
|move|p1a: Iron Treads|Earthquake|p2a: Gholdengo
|-supereffective|p2a: Gholdengo
|-damage|p2a: Gholdengo|0 fnt
|faint|p2a: Gholdengo
|
|upkeep
|
|t:|1779599730
|switch|p2a: Ogerpon|Ogerpon-Wellspring, F|26/100
|turn|24
|
|t:|1779599746
|move|p2a: Ogerpon|Ivy Cudgel|p1a: Iron Treads|[anim] Ivy Cudgel Water
|-supereffective|p1a: Iron Treads
|-damage|p1a: Iron Treads|0 fnt
|faint|p1a: Iron Treads
|-end|p1a: Iron Treads|Quark Drive|[silent]
|
|upkeep
|
|t:|1779599750
|switch|p1a: Kingambit|Kingambit, F|100/100
|-damage|p1a: Kingambit|94/100|[from] Stealth Rock
|-activate|p1a: Kingambit|ability: Supreme Overlord
|-start|p1a: Kingambit|fallen4|[silent]
|-item|p1a: Kingambit|Air Balloon
|turn|25
|
|t:|1779599758
|move|p2a: Ogerpon|U-turn|p1a: Kingambit
|-damage|p1a: Kingambit|73/100
|-enditem|p1a: Kingambit|Air Balloon
|
|t:|1779599760
|switch|p2a: Darkrai|Darkrai|100/100|[from] U-turn
|move|p1a: Kingambit|Swords Dance|p1a: Kingambit
|-boost|p1a: Kingambit|atk|2
|
|upkeep
|turn|26
|
|t:|1779599767
|-terastallize|p1a: Kingambit|Ghost
|move|p2a: Darkrai|Will-O-Wisp|p1a: Kingambit
|-status|p1a: Kingambit|brn
|move|p1a: Kingambit|Low Kick|p2a: Darkrai
|-supereffective|p2a: Darkrai
|-damage|p2a: Darkrai|0 fnt
|faint|p2a: Darkrai
|
|-damage|p1a: Kingambit|66/100 brn|[from] brn
|upkeep
|
|t:|1779599776
|switch|p2a: Ogerpon|Ogerpon-Wellspring, F|26/100
|turn|27
|
|t:|1779599780
|switch|p2a: Iron Treads|Iron Treads|26/100
|move|p1a: Kingambit|Sucker Punch||[still]
|-fail|p1a: Kingambit
|
|-damage|p1a: Kingambit|60/100 brn|[from] brn
|upkeep
|turn|28
|
|t:|1779599788
|move|p2a: Iron Treads|Earthquake|p1a: Kingambit
|-damage|p1a: Kingambit|27/100 brn
|move|p1a: Kingambit|Kowtow Cleave|p2a: Iron Treads
|-damage|p2a: Iron Treads|0 fnt
|faint|p2a: Iron Treads
|-end|p2a: Iron Treads|Quark Drive|[silent]
|
|-damage|p1a: Kingambit|21/100 brn|[from] brn
|upkeep
|
|t:|1779599793
|switch|p2a: Ogerpon|Ogerpon-Wellspring, F|26/100
|turn|29
|
|t:|1779599797
|move|p1a: Kingambit|Sucker Punch|p2a: Ogerpon
|-crit|p2a: Ogerpon
|-damage|p2a: Ogerpon|0 fnt
|faint|p2a: Ogerpon
|
|win|yueeeem
|raw|yueeeem's rating: 1479 &rarr; <strong>1498</strong><br />(+19 for winning)
|raw|toptentilts's rating: 1453 &rarr; <strong>1434</strong><br />(-19 for losing)
|l|☆toptentilts
|player|p2|
