|j|☆habixia
|j|☆hillbilly z
|t:|1779600110
|gametype|singles
|player|p1|habixia|266|1542
|player|p2|hillbilly z|266|1492
|gen|9
|tier|[Gen 9] OU
|rated|
|rule|HP Percentage Mod: HP is shown in percentages
|rule|Endless Battle Clause: Forcing endless battles is banned
|rule|Species Clause: Limit one of each Pokémon
|rule|OHKO Clause: OHKO moves are banned
|rule|Evasion Items Clause: Evasion items are banned
|rule|Evasion Moves Clause: Evasion moves are banned
|rule|Evasion Abilities Clause: Evasion abilities are banned
|rule|Sleep Moves Clause: Sleep-inducing moves are banned
|clearpoke
|poke|p1|Pelipper, F|
|poke|p1|Ogerpon-Wellspring, F|
|poke|p1|Barraskewda, F|
|poke|p1|Revavroom, M|
|poke|p1|Iron Treads|
|poke|p1|Zapdos|
|poke|p2|Torkoal, F|
|poke|p2|Scovillain, F|
|poke|p2|Walking Wake|
|poke|p2|Hatterene, F|
|poke|p2|Great Tusk|
|poke|p2|Ceruledge, M|
|teampreview
|inactive|Battle timer is ON: inactive players will automatically lose when time's up. (requested by hillbilly z)
|
|t:|1779600122
|teamsize|p1|6
|teamsize|p2|6
|start
|switch|p1a: Barraskewda|Barraskewda, F|100/100
|switch|p2a: Walking Wake|Walking Wake|100/100
|turn|1
|
|t:|1779600126
|switch|p1a: Iron Treads|Iron Treads|100/100
|move|p2a: Walking Wake|Draco Meteor|p1a: Iron Treads
|-resisted|p1a: Iron Treads
|-damage|p1a: Iron Treads|32/100
|-unboost|p2a: Walking Wake|spa|2
|
|-heal|p1a: Iron Treads|39/100|[from] item: Leftovers
|upkeep
|turn|2
|
|t:|1779600130
|-end|p2a: Walking Wake|Protosynthesis|[silent]
|switch|p2a: Hatterene|Hatterene, F|100/100
|move|p1a: Iron Treads|Stealth Rock|p2a: Hatterene
|move|p2a: Hatterene|Stealth Rock|p1a: Iron Treads|[from] ability: Magic Bounce
|-sidestart|p1: habixia|move: Stealth Rock
|
|-heal|p1a: Iron Treads|45/100|[from] item: Leftovers
|upkeep
|turn|3
|
|t:|1779600133
|move|p1a: Iron Treads|Rapid Spin|p2a: Hatterene
|-damage|p2a: Hatterene|88/100
|-boost|p1a: Iron Treads|spe|1
|-sideend|p1: habixia|Stealth Rock|[from] move: Rapid Spin|[of] p1a: Iron Treads
|-enditem|p2a: Hatterene|Eject Button
|
|t:|1779600136
|switch|p2a: Torkoal|Torkoal, F|100/100
|-weather|SunnyDay|[from] ability: Drought|[of] p2a: Torkoal
|
|-weather|SunnyDay|[upkeep]
|-heal|p1a: Iron Treads|51/100|[from] item: Leftovers
|upkeep
|turn|4
|
|t:|1779600139
|switch|p2a: Hatterene|Hatterene, F|88/100
|move|p1a: Iron Treads|Volt Switch|p2a: Hatterene
|-damage|p2a: Hatterene|78/100
|
|t:|1779600144
|-end|p1a: Iron Treads|Quark Drive|[silent]
|switch|p1a: Barraskewda|Barraskewda, F|100/100|[from] Volt Switch
|
|-weather|SunnyDay|[upkeep]
|upkeep
|turn|5
|
|t:|1779600150
|move|p1a: Barraskewda|Flip Turn|p2a: Hatterene
|-damage|p2a: Hatterene|60/100
|
|t:|1779600158
|switch|p1a: Pelipper|Pelipper, F|100/100|[from] Flip Turn
|-weather|RainDance|[from] ability: Drizzle|[of] p1a: Pelipper
|move|p2a: Hatterene|Mystical Fire|p1a: Pelipper
|-resisted|p1a: Pelipper
|-damage|p1a: Pelipper|93/100
|-unboost|p1a: Pelipper|spa|1
|
|-weather|RainDance|[upkeep]
|upkeep
|turn|6
|
|t:|1779600163
|move|p1a: Pelipper|U-turn|p2a: Hatterene
|-damage|p2a: Hatterene|52/100
|
|t:|1779600167
|switch|p1a: Iron Treads|Iron Treads|51/100|[from] U-turn
|move|p2a: Hatterene|Mystical Fire|p1a: Iron Treads
|-supereffective|p1a: Iron Treads
|-damage|p1a: Iron Treads|25/100
|-unboost|p1a: Iron Treads|spa|1
|
|-weather|RainDance|[upkeep]
|-heal|p1a: Iron Treads|31/100|[from] item: Leftovers
|upkeep
|turn|7
|
|t:|1779600171
|move|p1a: Iron Treads|Earthquake|p2a: Hatterene
|-damage|p2a: Hatterene|18/100
|move|p2a: Hatterene|Mystical Fire|p1a: Iron Treads
|-supereffective|p1a: Iron Treads
|-damage|p1a: Iron Treads|5/100
|-unboost|p1a: Iron Treads|spa|1
|
|-weather|RainDance|[upkeep]
|-heal|p1a: Iron Treads|11/100|[from] item: Leftovers
|upkeep
|turn|8
|inactive|habixia has 120 seconds left.
|
|t:|1779600205
|move|p1a: Iron Treads|Earthquake|p2a: Hatterene
|-damage|p2a: Hatterene|0 fnt
|faint|p2a: Hatterene
|
|-weather|RainDance|[upkeep]
|-heal|p1a: Iron Treads|18/100|[from] item: Leftovers
|upkeep
|
|t:|1779600209
|switch|p2a: Ceruledge|Ceruledge, M|100/100
|turn|9
|
|t:|1779600212
|switch|p2a: Torkoal|Torkoal, F|100/100
|-weather|SunnyDay|[from] ability: Drought|[of] p2a: Torkoal
|move|p1a: Iron Treads|Volt Switch|p2a: Torkoal
|-damage|p2a: Torkoal|94/100
|
|t:|1779600224
|-end|p1a: Iron Treads|Quark Drive|[silent]
|switch|p1a: Pelipper|Pelipper, F|93/100|[from] Volt Switch
|-weather|RainDance|[from] ability: Drizzle|[of] p1a: Pelipper
|
|-weather|RainDance|[upkeep]
|upkeep
|turn|10
|
|t:|1779600229
|-terastallize|p2a: Torkoal|Fairy
|move|p1a: Pelipper|U-turn|p2a: Torkoal
|-resisted|p2a: Torkoal
|-damage|p2a: Torkoal|91/100
|
|t:|1779600242
|switch|p1a: Ogerpon|Ogerpon-Wellspring, F|100/100|[from] U-turn
|move|p2a: Torkoal|Stealth Rock|p1a: Ogerpon
|-sidestart|p1: habixia|move: Stealth Rock
|
|-weather|RainDance|[upkeep]
|upkeep
|turn|11
|l|☆habixia
|inactive|habixia disconnected and has a minute to reconnect!
|player|p1|
|
|t:|1779600255
|switch|p2a: Don|Great Tusk|100/100
|move|p1a: Ogerpon|Power Whip|p2a: Don|[miss]
|-miss|p1a: Ogerpon|p2a: Don
|
|-weather|RainDance|[upkeep]
|upkeep
|turn|12
|inactive|habixia has 30 seconds to reconnect!
|inactive|habixia has 20 seconds to reconnect!
|inactive|habixia has 15 seconds to reconnect!
|inactive|habixia has 10 seconds to reconnect!
|inactive|habixia has 5 seconds to reconnect!
|-message|habixia lost due to inactivity.
|
|win|hillbilly z
|raw|habixia's rating: 1542 &rarr; <strong>1519</strong><br />(-23 for losing)
|raw|hillbilly z's rating: 1492 &rarr; <strong>1515</strong><br />(+23 for winning)
|l|☆hillbilly z
|player|p2|
