|inactive|Battle timer is ON: inactive players will automatically lose when time's up.
|t:|1779567182
|gametype|singles
|player|p1|Always|#roaplxireunicluses|
|player|p2|thajester|102|
|gen|9
|tier|[Gen 9] OU
|rule|HP Percentage Mod: HP is shown in percentages
|rule|Endless Battle Clause: Forcing endless battles is banned
|rule|Species Clause: Limit one of each Pokémon
|rule|OHKO Clause: OHKO moves are banned
|rule|Evasion Items Clause: Evasion items are banned
|rule|Evasion Moves Clause: Evasion moves are banned
|rule|Evasion Abilities Clause: Evasion abilities are banned
|rule|Sleep Moves Clause: Sleep-inducing moves are banned
|clearpoke
|poke|p1|Gliscor, M|
|poke|p1|Heatran, F|
|poke|p1|Kyurem|
|poke|p1|Hatterene, F|
|poke|p1|Zamazenta-*|
|poke|p1|Tornadus-Therian, M|
|poke|p2|Samurott-Hisui, M|
|poke|p2|Slowking-Galar, M|
|poke|p2|Landorus-Therian, M|
|poke|p2|Kyurem|
|poke|p2|Gholdengo|
|poke|p2|Zamazenta-*|
|teampreview
|c|☆Always|glhf!
|c|☆thajester|hf
|inactive|Always has 270 seconds left.
|inactive|Always has 240 seconds left.
|inactive|Always has 210 seconds left.
|
|t:|1779567279
|teamsize|p1|6
|teamsize|p2|6
|start
|switch|p1a: Tornadus|Tornadus-Therian, M|100/100
|switch|p2a: Samurott|Samurott-Hisui, M|100/100
|turn|1
|inactive|thajester disconnected and has 300 seconds to reconnect!
|player|p2|
|inactive|Always has 270 seconds left.
|inactive|thajester has 270 seconds to reconnect!
|inactive|thajester reconnected and has 290 seconds left.
|player|p2|thajester|102|
|inactive|Always has 240 seconds left.
|
|t:|1779567335
|move|p1a: Tornadus|Focus Blast|p2a: Samurott
|-supereffective|p2a: Samurott
|-damage|p2a: Samurott|55/100
|move|p2a: Samurott|Ceaseless Edge|p1a: Tornadus|[miss]
|-miss|p2a: Samurott|p1a: Tornadus
|
|upkeep
|turn|2
|
|t:|1779567364
|move|p1a: Tornadus|Focus Blast|p2a: Samurott|[miss]
|-miss|p1a: Tornadus|p2a: Samurott
|move|p2a: Samurott|Ceaseless Edge|p1a: Tornadus
|-damage|p1a: Tornadus|51/100
|-sidestart|p1: Always|Spikes
|
|upkeep
|turn|3
|
|t:|1779567375
|move|p1a: Tornadus|Focus Blast|p2a: Samurott
|-supereffective|p2a: Samurott
|-damage|p2a: Samurott|15/100
|move|p2a: Samurott|Ceaseless Edge|p1a: Tornadus
|-damage|p1a: Tornadus|2/100
|-sidestart|p1: Always|Spikes
|
|upkeep
|turn|4
|
|t:|1779567383
|switch|p1a: Hatterene|Hatterene, F|100/100
|-damage|p1a: Hatterene|84/100|[from] Spikes
|move|p2a: Samurott|Aqua Jet|p1a: Hatterene
|-damage|p1a: Hatterene|70/100
|-damage|p2a: Samurott|0 fnt|[from] item: Rocky Helmet|[of] p1a: Hatterene
|faint|p2a: Samurott
|
|upkeep
|
|t:|1779567392
|switch|p2a: Gholdengo|Gholdengo|100/100
|turn|5
|inactive|Always has 210 seconds left.
|
|t:|1779567422
|switch|p1a: Heatran|Heatran, F|100/100
|-damage|p1a: Heatran|84/100|[from] Spikes
|move|p2a: Gholdengo|Shadow Ball|p1a: Heatran
|-damage|p1a: Heatran|56/100
|
|-heal|p1a: Heatran|63/100|[from] item: Leftovers
|upkeep
|turn|6
|inactive|Always has 210 seconds left.
|
|t:|1779567438
|switch|p2a: Landorus|Landorus-Therian, M|100/100
|-ability|p2a: Landorus|Intimidate|boost
|-unboost|p1a: Heatran|atk|1
|move|p1a: Heatran|Stealth Rock|p2a: Landorus
|-sidestart|p2: thajester|move: Stealth Rock
|
|-heal|p1a: Heatran|69/100|[from] item: Leftovers
|upkeep
|turn|7
|
|t:|1779567451
|switch|p1a: Hatterene|Hatterene, F|70/100
|-damage|p1a: Hatterene|53/100|[from] Spikes
|move|p2a: Landorus|Earthquake|p1a: Hatterene
|-damage|p1a: Hatterene|10/100
|
|upkeep
|turn|8
|
|t:|1779567459
|switch|p1a: Gliscor|Gliscor, M|100/100
|move|p2a: Landorus|Earthquake|p1a: Gliscor
|-immune|p1a: Gliscor
|
|-status|p1a: Gliscor|tox|[from] item: Toxic Orb
|upkeep
|turn|9
|
|t:|1779567462
|move|p2a: Landorus|Stealth Rock|p1a: Gliscor
|-sidestart|p1: Always|move: Stealth Rock
|move|p1a: Gliscor|Toxic|p2a: Landorus
|-status|p2a: Landorus|tox
|
|-damage|p2a: Landorus|94/100 tox|[from] psn
|upkeep
|turn|10
|inactive|Always has 210 seconds left.
|
|t:|1779567493
|move|p2a: Landorus|Taunt|p1a: Gliscor
|-start|p1a: Gliscor|move: Taunt
|move|p1a: Gliscor|U-turn|p2a: Landorus
|-resisted|p2a: Landorus
|-damage|p2a: Landorus|88/100 tox
|-damage|p1a: Gliscor|84/100 tox|[from] item: Rocky Helmet|[of] p2a: Landorus
|
|t:|1779567501
|switch|p1a: Tornadus|Tornadus-Therian, M|35/100|[from] U-turn
|
|-damage|p2a: Landorus|76/100 tox|[from] psn
|upkeep
|turn|11
|
|t:|1779567516
|move|p1a: Tornadus|Bleakwind Storm|p2a: Landorus
|-damage|p2a: Landorus|35/100 tox
|-unboost|p2a: Landorus|spe|1
|move|p2a: Landorus|U-turn|p1a: Tornadus
|-resisted|p1a: Tornadus
|-crit|p1a: Tornadus
|-damage|p1a: Tornadus|16/100
|
|t:|1779567520
|switch|p2a: Gholdengo|Gholdengo|100/100|[from] U-turn
|-damage|p2a: Gholdengo|94/100|[from] Stealth Rock
|
|upkeep
|turn|12
|
|t:|1779567527
|switch|p1a: Hatterene|Hatterene, F|10/100
|-damage|p1a: Hatterene|0 fnt|[from] Spikes
|faint|p1a: Hatterene
|move|p2a: Gholdengo|Shadow Ball|p1: Hatterene|[notarget]
|-fail|p2a: Gholdengo
|
|upkeep
|inactive|Always has 180 seconds left.
|inactive|Always has 150 seconds left.
|
|t:|1779567590
|switch|p1a: Heatran|Heatran, F|69/100
|-damage|p1a: Heatran|52/100|[from] Spikes
|-damage|p1a: Heatran|40/100|[from] Stealth Rock
|turn|13
|inactive|thajester has 270 seconds left.
|
|t:|1779567624
|switch|p2a: Kyurem|Kyurem|100/100
|-damage|p2a: Kyurem|76/100|[from] Stealth Rock
|-ability|p2a: Kyurem|Pressure
|move|p1a: Heatran|Lava Plume|p2a: Kyurem
|-crit|p2a: Kyurem
|-damage|p2a: Kyurem|30/100
|
|-heal|p2a: Kyurem|36/100|[from] item: Leftovers
|-heal|p1a: Heatran|46/100|[from] item: Leftovers
|upkeep
|turn|14
|inactive|thajester has 270 seconds left.
|inactive|Always has 150 seconds left.
|inactive|Always has 120 seconds left.
|
|t:|1779567691
|switch|p1a: Kyurem|Kyurem|100/100
|-damage|p1a: Kyurem|84/100|[from] Spikes
|-damage|p1a: Kyurem|59/100|[from] Stealth Rock
|-ability|p1a: Kyurem|Pressure
|move|p2a: Kyurem|Substitute|p2a: Kyurem
|-start|p2a: Kyurem|Substitute
|-damage|p2a: Kyurem|11/100
|
|-heal|p2a: Kyurem|17/100|[from] item: Leftovers
|upkeep
|turn|15
|
|t:|1779567698
|move|p2a: Kyurem|Freeze-Dry|p1a: Kyurem
|-crit|p1a: Kyurem
|-damage|p1a: Kyurem|27/100
|move|p1a: Kyurem|Ice Beam|p2a: Kyurem
|-end|p2a: Kyurem|Substitute
|
|-heal|p2a: Kyurem|23/100|[from] item: Leftovers
|upkeep
|turn|16
|inactive|Always has 90 seconds left.
|
|t:|1779567750
|move|p2a: Kyurem|Freeze-Dry|p1a: Kyurem
|-damage|p1a: Kyurem|4/100
|move|p1a: Kyurem|Body Press|p2a: Kyurem
|-supereffective|p2a: Kyurem
|-damage|p2a: Kyurem|0 fnt
|faint|p2a: Kyurem
|
|upkeep
|
|t:|1779567761
|switch|p2a: Gholdengo|Gholdengo|94/100
|-damage|p2a: Gholdengo|88/100|[from] Stealth Rock
|turn|17
|
|t:|1779567765
|move|p2a: Gholdengo|Shadow Ball|p1a: Kyurem
|-damage|p1a: Kyurem|0 fnt
|faint|p1a: Kyurem
|
|upkeep
|inactive|Always has 60 seconds left.
|
|t:|1779567801
|switch|p1a: Gliscor|Gliscor, M|84/100 tox
|-damage|p1a: Gliscor|72/100 tox|[from] Stealth Rock
|turn|18
|inactive|Always has 60 seconds left.
|
|t:|1779567814
|move|p2a: Gholdengo|Shadow Ball|p1a: Gliscor
|-damage|p1a: Gliscor|33/100 tox
|move|p1a: Gliscor|Earthquake|p2a: Gholdengo
|-supereffective|p2a: Gholdengo
|-damage|p2a: Gholdengo|19/100
|
|-heal|p1a: Gliscor|45/100 tox|[from] ability: Poison Heal
|upkeep
|turn|19
|inactive|Always has 60 seconds left.
|
|t:|1779567838
|switch|p2a: Landorus|Landorus-Therian, M|35/100 tox
|-damage|p2a: Landorus|22/100 tox|[from] Stealth Rock
|-ability|p2a: Landorus|Intimidate|boost
|-unboost|p1a: Gliscor|atk|1
|move|p1a: Gliscor|Protect||[still]
|-fail|p1a: Gliscor
|
|-damage|p2a: Landorus|16/100 tox|[from] psn
|-heal|p1a: Gliscor|58/100 tox|[from] ability: Poison Heal
|upkeep
|turn|20
|
|t:|1779567845
|move|p1a: Gliscor|Protect|p1a: Gliscor
|-singleturn|p1a: Gliscor|Protect
|move|p2a: Landorus|Taunt|p1a: Gliscor
|-activate|p1a: Gliscor|move: Protect
|
|-damage|p2a: Landorus|4/100 tox|[from] psn
|-heal|p1a: Gliscor|70/100 tox|[from] ability: Poison Heal
|upkeep
|turn|21
|
|t:|1779567875
|switch|p1a: Tornadus|Tornadus-Therian, M|49/100
|move|p2a: Landorus|Taunt|p1a: Tornadus
|-start|p1a: Tornadus|move: Taunt
|
|-damage|p2a: Landorus|0 fnt|[from] psn
|faint|p2a: Landorus
|upkeep
|
|t:|1779567885
|switch|p2a: Gholdengo|Gholdengo|19/100
|-damage|p2a: Gholdengo|13/100|[from] Stealth Rock
|turn|22
|
|t:|1779567896
|move|p2a: Gholdengo|Make It Rain|p1a: Tornadus
|-damage|p1a: Tornadus|0 fnt
|-unboost|p2a: Gholdengo|spa|1
|faint|p1a: Tornadus
|
|upkeep
|inactive|Always has 30 seconds left.
|
|t:|1779567916
|switch|p1a: Heatran|Heatran, F|46/100
|-damage|p1a: Heatran|29/100|[from] Spikes
|-damage|p1a: Heatran|17/100|[from] Stealth Rock
|turn|23
|inactive|Always has 30 seconds left.
|
|t:|1779567925
|switch|p2a: Slowking|Slowking-Galar, M|100/100
|move|p1a: Heatran|Lava Plume|p2a: Slowking
|-damage|p2a: Slowking|78/100
|
|-heal|p1a: Heatran|23/100|[from] item: Leftovers
|upkeep
|turn|24
|
|t:|1779567930
|move|p1a: Heatran|Will-O-Wisp|p2a: Slowking|[miss]
|-miss|p1a: Heatran|p2a: Slowking
|-prepare|p2a: Slowking|Chilly Reception|[premajor]
|move|p2a: Slowking|Chilly Reception|p2a: Slowking
|-weather|Snowscape
|
|t:|1779567941
|switch|p2a: Zamazenta|Zamazenta|100/100|[from] Chilly Reception
|-damage|p2a: Zamazenta|94/100|[from] Stealth Rock
|-ability|p2a: Zamazenta|Dauntless Shield|boost
|-boost|p2a: Zamazenta|def|1
|
|-weather|Snowscape|[upkeep]
|-heal|p2a: Zamazenta|100/100|[from] item: Leftovers
|-heal|p1a: Heatran|29/100|[from] item: Leftovers
|upkeep
|turn|25
|
|t:|1779567965
|move|p2a: Zamazenta|Body Press|p1a: Heatran
|-supereffective|p1a: Heatran
|-damage|p1a: Heatran|0 fnt
|faint|p1a: Heatran
|
|-weather|Snowscape|[upkeep]
|upkeep
|
|t:|1779567970
|switch|p1a: Gliscor|Gliscor, M|70/100 tox
|-damage|p1a: Gliscor|58/100 tox|[from] Stealth Rock
|turn|26
|
|t:|1779567984
|-terastallize|p2a: Zamazenta|Steel
|move|p2a: Zamazenta|Iron Defense|p2a: Zamazenta
|-boost|p2a: Zamazenta|def|2
|move|p1a: Gliscor|Earthquake|p2a: Zamazenta
|-supereffective|p2a: Zamazenta
|-damage|p2a: Zamazenta|80/100
|
|-weather|Snowscape|[upkeep]
|-heal|p2a: Zamazenta|86/100|[from] item: Leftovers
|-heal|p1a: Gliscor|70/100 tox|[from] ability: Poison Heal
|upkeep
|turn|27
|
|t:|1779567991
|move|p2a: Zamazenta|Iron Defense|p2a: Zamazenta
|-boost|p2a: Zamazenta|def|2
|move|p1a: Gliscor|U-turn|p2a: Zamazenta
|-resisted|p2a: Zamazenta
|-damage|p2a: Zamazenta|85/100
|
|t:|1779567993
|switch|p1a: Zamazenta|Zamazenta|100/100|[from] U-turn
|-damage|p1a: Zamazenta|84/100|[from] Spikes
|-damage|p1a: Zamazenta|78/100|[from] Stealth Rock
|-ability|p1a: Zamazenta|Dauntless Shield|boost
|-boost|p1a: Zamazenta|def|1
|
|-weather|Snowscape|[upkeep]
|-heal|p1a: Zamazenta|84/100|[from] item: Leftovers
|-heal|p2a: Zamazenta|91/100|[from] item: Leftovers
|upkeep
|turn|28
|
|t:|1779568001
|move|p1a: Zamazenta|Iron Defense|p1a: Zamazenta
|-boost|p1a: Zamazenta|def|2
|move|p2a: Zamazenta|Roar|p1a: Zamazenta
|drag|p1a: Gliscor|Gliscor, M|70/100 tox
|-damage|p1a: Gliscor|58/100 tox|[from] Stealth Rock
|
|-weather|none
|-heal|p2a: Zamazenta|97/100|[from] item: Leftovers
|-heal|p1a: Gliscor|70/100 tox|[from] ability: Poison Heal
|upkeep
|turn|29
|inactive|Always has 60 seconds left.
|
|t:|1779568015
|move|p2a: Zamazenta|Body Press|p1a: Gliscor
|-resisted|p1a: Gliscor
|-damage|p1a: Gliscor|25/100 tox
|move|p1a: Gliscor|Earthquake|p2a: Zamazenta
|-supereffective|p2a: Zamazenta
|-damage|p2a: Zamazenta|84/100
|
|-heal|p2a: Zamazenta|90/100|[from] item: Leftovers
|-heal|p1a: Gliscor|37/100 tox|[from] ability: Poison Heal
|upkeep
|turn|30
|
|t:|1779568021
|move|p2a: Zamazenta|Body Press|p1a: Gliscor
|-resisted|p1a: Gliscor
|-damage|p1a: Gliscor|0 fnt
|faint|p1a: Gliscor
|
|-heal|p2a: Zamazenta|96/100|[from] item: Leftovers
|upkeep
|
|t:|1779568022
|switch|p1a: Zamazenta|Zamazenta|84/100
|-damage|p1a: Zamazenta|68/100|[from] Spikes
|-damage|p1a: Zamazenta|62/100|[from] Stealth Rock
|turn|31
|
|t:|1779568026
|move|p1a: Zamazenta|Iron Defense|p1a: Zamazenta
|-boost|p1a: Zamazenta|def|2
|move|p2a: Zamazenta|Body Press|p1a: Zamazenta
|-damage|p1a: Zamazenta|18/100
|
|-heal|p1a: Zamazenta|25/100|[from] item: Leftovers
|-heal|p2a: Zamazenta|100/100|[from] item: Leftovers
|upkeep
|turn|32
|inactive|Always has 90 seconds left.
|
|t:|1779568035
|move|p1a: Zamazenta|Body Press|p2a: Zamazenta
|-supereffective|p2a: Zamazenta
|-damage|p2a: Zamazenta|68/100
|move|p2a: Zamazenta|Body Press|p1a: Zamazenta
|-damage|p1a: Zamazenta|0 fnt
|faint|p1a: Zamazenta
|
|win|thajester
|c|☆Always|ggwp
|c|☆thajester|gg
|player|p1|
|player|p2|
