|j|☆owl_with_scarf
|j|☆choispecs ironmoth
|t:|1779602246
|gametype|singles
|player|p1|owl_with_scarf|#owlwithscarf|1547
|player|p2|choispecs ironmoth|lucas|1597
|gen|9
|tier|[Gen 9] OU
|rated|
|rule|HP Percentage Mod: HP is shown in percentages
|rule|Endless Battle Clause: Forcing endless battles is banned
|rule|Species Clause: Limit one of each Pokémon
|rule|OHKO Clause: OHKO moves are banned
|rule|Evasion Items Clause: Evasion items are banned
|rule|Evasion Moves Clause: Evasion moves are banned
|rule|Evasion Abilities Clause: Evasion abilities are banned
|rule|Sleep Moves Clause: Sleep-inducing moves are banned
|clearpoke
|poke|p1|Diancie|
|poke|p1|Blaziken, M|
|poke|p1|Oricorio-Pom-Pom, F|
|poke|p1|Cinderace, F|
|poke|p1|Regidrago|
|poke|p1|Ursaluna, F|
|poke|p2|Kyurem|
|poke|p2|Cinderace, M|
|poke|p2|Kingambit, F|
|poke|p2|Landorus-Therian, M|
|poke|p2|Iron Valiant|
|poke|p2|Slowking-Galar, M|
|teampreview
|inactive|Battle timer is ON: inactive players will automatically lose when time's up. (requested by owl_with_scarf)
|
|t:|1779602256
|teamsize|p1|6
|teamsize|p2|6
|start
|switch|p1a: Diancie|Diancie|100/100
|switch|p2a: Cinderace|Cinderace, M|100/100
|turn|1
|
|t:|1779602261
|move|p2a: Cinderace|U-turn|p1a: Diancie
|-start|p2a: Cinderace|typechange|Bug|[from] ability: Libero
|-resisted|p1a: Diancie
|-damage|p1a: Diancie|86/100
|
|t:|1779602264
|switch|p2a: Slowking|Slowking-Galar, M|100/100|[from] U-turn
|move|p1a: Diancie|Meteor Beam||[still]
|-prepare|p1a: Diancie|Meteor Beam
|-boost|p1a: Diancie|spa|1
|-enditem|p1a: Diancie|Power Herb
|-anim|p1a: Diancie|Meteor Beam|p2a: Slowking
|-damage|p2a: Slowking|46/100
|
|upkeep
|turn|2
|
|t:|1779602269
|switch|p2a: Landorus|Landorus-Therian, M|100/100
|-ability|p2a: Landorus|Intimidate|boost
|-fail|p1a: Diancie|unboost|[from] ability: Clear Body|[of] p1a: Diancie
|move|p1a: Diancie|Earth Power|p2a: Landorus
|-immune|p2a: Landorus
|
|upkeep
|turn|3
|
|t:|1779602276
|move|p2a: Landorus|Earthquake|p1a: Diancie
|-supereffective|p1a: Diancie
|-damage|p1a: Diancie|8/100
|move|p1a: Diancie|Trick Room|p1a: Diancie
|-fieldstart|move: Trick Room|[of] p1a: Diancie
|
|upkeep
|turn|4
|
|t:|1779602283
|move|p1a: Diancie|Moonblast|p2a: Landorus
|-damage|p2a: Landorus|18/100
|move|p2a: Landorus|U-turn|p1a: Diancie
|-resisted|p1a: Diancie
|-crit|p1a: Diancie
|-damage|p1a: Diancie|0 fnt
|faint|p1a: Diancie
|
|t:|1779602288
|switch|p2a: Slowking|Slowking-Galar, M|80/100|[from] U-turn
|
|upkeep
|
|t:|1779602299
|switch|p1a: Ursaluna|Ursaluna, F|100/100
|turn|5
|
|t:|1779602304
|move|p2a: Slowking|Psychic Noise|p1a: Ursaluna
|-damage|p1a: Ursaluna|70/100
|-start|p1a: Ursaluna|move: Heal Block
|move|p1a: Ursaluna|Swords Dance|p1a: Ursaluna
|-boost|p1a: Ursaluna|atk|2
|
|-status|p1a: Ursaluna|brn|[from] item: Flame Orb
|upkeep
|turn|6
|
|t:|1779602312
|move|p2a: Slowking|Psychic Noise|p1a: Ursaluna
|-damage|p1a: Ursaluna|41/100 brn
|move|p1a: Ursaluna|Facade|p2a: Slowking
|-damage|p2a: Slowking|0 fnt
|faint|p2a: Slowking
|
|-damage|p1a: Ursaluna|34/100 brn|[from] brn
|-end|p1a: Ursaluna|move: Heal Block
|upkeep
|
|t:|1779602319
|switch|p2a: Landorus|Landorus-Therian, M|18/100
|-ability|p2a: Landorus|Intimidate|boost
|-unboost|p1a: Ursaluna|atk|1
|turn|7
|
|t:|1779602322
|move|p1a: Ursaluna|Trailblaze|p2a: Landorus
|-damage|p2a: Landorus|0 fnt
|-boost|p1a: Ursaluna|spe|1
|-damage|p1a: Ursaluna|18/100 brn|[from] item: Rocky Helmet|[of] p2a: Landorus
|faint|p2a: Landorus
|
|-damage|p1a: Ursaluna|11/100 brn|[from] brn
|-fieldend|move: Trick Room
|upkeep
|
|t:|1779602326
|switch|p2a: Cinderace|Cinderace, M|100/100
|turn|8
|
|t:|1779602330
|move|p2a: Cinderace|Pyro Ball|p1a: Ursaluna
|-damage|p1a: Ursaluna|0 fnt
|faint|p1a: Ursaluna
|
|upkeep
|
|t:|1779602335
|switch|p1a: Blaziken|Blaziken, M|100/100
|turn|9
|
|t:|1779602338
|move|p2a: Cinderace|Pyro Ball|p1a: Blaziken
|-resisted|p1a: Blaziken
|-damage|p1a: Blaziken|59/100
|move|p1a: Blaziken|Swords Dance|p1a: Blaziken
|-boost|p1a: Blaziken|atk|2
|
|-heal|p1a: Blaziken|65/100|[from] item: Leftovers
|-ability|p1a: Blaziken|Speed Boost|boost
|-boost|p1a: Blaziken|spe|1
|upkeep
|turn|10
|
|t:|1779602345
|-terastallize|p2a: Cinderace|Flying
|move|p1a: Blaziken|Close Combat|p2a: Cinderace
|-resisted|p2a: Cinderace
|-damage|p2a: Cinderace|0 fnt
|-unboost|p1a: Blaziken|def|1
|-unboost|p1a: Blaziken|spd|1
|faint|p2a: Cinderace
|
|-heal|p1a: Blaziken|71/100|[from] item: Leftovers
|-ability|p1a: Blaziken|Speed Boost|boost
|-boost|p1a: Blaziken|spe|1
|upkeep
|
|t:|1779602352
|switch|p2a: Kingambit|Kingambit, F|100/100
|-activate|p2a: Kingambit|ability: Supreme Overlord
|-start|p2a: Kingambit|fallen3|[silent]
|turn|11
|
|t:|1779602357
|move|p2a: Kingambit|Sucker Punch|p1a: Blaziken
|-resisted|p1a: Blaziken
|-damage|p1a: Blaziken|5/100
|move|p1a: Blaziken|Close Combat|p2a: Kingambit
|-supereffective|p2a: Kingambit
|-damage|p2a: Kingambit|0 fnt
|-unboost|p1a: Blaziken|def|1
|-unboost|p1a: Blaziken|spd|1
|faint|p2a: Kingambit
|-end|p2a: Kingambit|fallen3|[silent]
|
|-heal|p1a: Blaziken|11/100|[from] item: Leftovers
|-ability|p1a: Blaziken|Speed Boost|boost
|-boost|p1a: Blaziken|spe|1
|upkeep
|
|t:|1779602361
|switch|p2a: Iron Valiant|Iron Valiant|100/100
|-enditem|p2a: Iron Valiant|Booster Energy
|-activate|p2a: Iron Valiant|ability: Quark Drive|[fromitem]
|-start|p2a: Iron Valiant|quarkdrivespe
|turn|12
|
|t:|1779602366
|move|p1a: Blaziken|Close Combat|p2a: Iron Valiant
|-resisted|p2a: Iron Valiant
|-damage|p2a: Iron Valiant|24/100
|-unboost|p1a: Blaziken|def|1
|-unboost|p1a: Blaziken|spd|1
|move|p2a: Iron Valiant|Moonblast|p1a: Blaziken
|-damage|p1a: Blaziken|0 fnt
|faint|p1a: Blaziken
|
|upkeep
|j| crust king kahn
|
|t:|1779602371
|switch|p1a: Oricorio|Oricorio-Pom-Pom, F|100/100
|turn|13
|
|t:|1779602376
|move|p2a: Iron Valiant|Moonblast|p1a: Oricorio
|-damage|p1a: Oricorio|36/100
|move|p1a: Oricorio|Hurricane|p2a: Iron Valiant
|-supereffective|p2a: Iron Valiant
|-damage|p2a: Iron Valiant|0 fnt
|faint|p2a: Iron Valiant
|-end|p2a: Iron Valiant|Quark Drive|[silent]
|
|-heal|p1a: Oricorio|42/100|[from] item: Leftovers
|upkeep
|
|t:|1779602379
|switch|p2a: Kyurem|Kyurem|100/100
|-ability|p2a: Kyurem|Pressure
|turn|14
|
|t:|1779602381
|move|p2a: Kyurem|Freeze-Dry|p1a: Oricorio
|-supereffective|p1a: Oricorio
|-damage|p1a: Oricorio|0 fnt
|faint|p1a: Oricorio
|
|upkeep
|
|t:|1779602382
|switch|p1a: Cinderace|Cinderace, F|100/100
|turn|15
|
|t:|1779602384
|move|p1a: Cinderace|High Jump Kick|p2a: Kyurem
|-start|p1a: Cinderace|typechange|Fighting|[from] ability: Libero
|-supereffective|p2a: Kyurem
|-damage|p2a: Kyurem|15/100
|move|p2a: Kyurem|Earth Power|p1a: Cinderace
|-damage|p1a: Cinderace|53/100
|
|upkeep
|turn|16
|-message|choispecs ironmoth forfeited.
|
|win|owl_with_scarf
|raw|owl_with_scarf's rating: 1547 &rarr; <strong>1570</strong><br />(+23 for winning)
|raw|choispecs ironmoth's rating: 1597 &rarr; <strong>1574</strong><br />(-23 for losing)
|l|☆choispecs ironmoth
|player|p2|
|l|☆owl_with_scarf
|player|p1|
|l| crust king kahn
