|j|☆Ihsuzak_666
|j|☆putliopop
|t:|1779586926
|gametype|singles
|player|p1|Ihsuzak_666|n|1097
|player|p2|putliopop|101|1117
|gen|9
|tier|[Gen 9] OU
|rated|
|rule|HP Percentage Mod: HP is shown in percentages
|rule|Endless Battle Clause: Forcing endless battles is banned
|rule|Species Clause: Limit one of each Pokémon
|rule|OHKO Clause: OHKO moves are banned
|rule|Evasion Items Clause: Evasion items are banned
|rule|Evasion Moves Clause: Evasion moves are banned
|rule|Evasion Abilities Clause: Evasion abilities are banned
|rule|Sleep Moves Clause: Sleep-inducing moves are banned
|clearpoke
|poke|p1|Rillaboom, F|
|poke|p1|Grimmsnarl, M|
|poke|p1|Galvantula, F|
|poke|p1|Corviknight, F|
|poke|p1|Garganacl, M|
|poke|p1|Hatterene, F|
|poke|p2|Litleo, F|
|poke|p2|Dragonite, M|
|poke|p2|Great Tusk|
|poke|p2|Spiritomb, M|
|poke|p2|Kingdra, F|
|poke|p2|Clodsire, M|
|teampreview
|
|t:|1779586947
|teamsize|p1|6
|teamsize|p2|6
|start
|switch|p1a: Grimmsnarl|Grimmsnarl, M, shiny|100/100
|switch|p2a: Clodsire|Clodsire, M|100/100
|turn|1
|
|t:|1779586959
|move|p1a: Grimmsnarl|Light Screen|p1a: Grimmsnarl
|-sidestart|p1: Ihsuzak_666|move: Light Screen
|move|p2a: Clodsire|Toxic|p1a: Grimmsnarl
|-status|p1a: Grimmsnarl|tox
|
|-damage|p1a: Grimmsnarl|94/100 tox|[from] psn
|upkeep
|turn|2
|
|t:|1779586967
|switch|p1a: Hatterene|Hatterene, F|100/100
|move|p2a: Clodsire|Stealth Rock|p1a: Hatterene
|move|p1a: Hatterene|Stealth Rock|p2a: Clodsire|[from] ability: Magic Bounce
|-sidestart|p2: putliopop|move: Stealth Rock
|
|upkeep
|turn|3
|
|t:|1779586977
|move|p1a: Hatterene|Psyshock|p2a: Clodsire
|-supereffective|p2a: Clodsire
|-damage|p2a: Clodsire|16/100
|move|p2a: Clodsire|Toxic|p1a: Hatterene
|move|p1a: Hatterene|Toxic|p2a: Clodsire|[from] ability: Magic Bounce
|-immune|p2a: Clodsire
|
|-heal|p2a: Clodsire|23/100|[from] item: Leftovers
|upkeep
|turn|4
|
|t:|1779586991
|switch|p2a: Spiritomb|Spiritomb, M|100/100
|-damage|p2a: Spiritomb|88/100|[from] Stealth Rock
|move|p1a: Hatterene|Trick Room|p1a: Hatterene
|-fieldstart|move: Trick Room|[of] p1a: Hatterene
|
|-heal|p2a: Spiritomb|94/100|[from] item: Leftovers
|upkeep
|turn|5
|
|t:|1779587001
|move|p1a: Hatterene|Draining Kiss|p2a: Spiritomb
|-supereffective|p2a: Spiritomb
|-damage|p2a: Spiritomb|44/100
|move|p2a: Spiritomb|Shadow Ball|p1a: Hatterene
|-supereffective|p1a: Hatterene
|-damage|p1a: Hatterene|43/100
|
|-heal|p1a: Hatterene|49/100|[from] item: Leftovers
|-heal|p2a: Spiritomb|50/100|[from] item: Leftovers
|upkeep
|turn|6
|
|t:|1779587011
|switch|p1a: Rillaboom|Rillaboom, F|100/100
|-fieldstart|move: Grassy Terrain|[from] ability: Grassy Surge|[of] p1a: Rillaboom
|move|p2a: Spiritomb|Foul Play|p1a: Rillaboom
|-damage|p1a: Rillaboom|45/100
|
|-heal|p2a: Spiritomb|57/100|[from] Grassy Terrain
|-heal|p2a: Spiritomb|63/100|[from] item: Leftovers
|-heal|p1a: Rillaboom|51/100|[from] Grassy Terrain
|-heal|p1a: Rillaboom|57/100|[from] item: Leftovers
|upkeep
|turn|7
|
|t:|1779587031
|-terastallize|p1a: Rillaboom|Ghost
|move|p1a: Rillaboom|Grassy Glide|p2a: Spiritomb
|-damage|p2a: Spiritomb|34/100
|move|p2a: Spiritomb|Foul Play|p1a: Rillaboom
|-supereffective|p1a: Rillaboom
|-damage|p1a: Rillaboom|0 fnt
|faint|p1a: Rillaboom
|
|-heal|p2a: Spiritomb|41/100|[from] Grassy Terrain
|-heal|p2a: Spiritomb|47/100|[from] item: Leftovers
|upkeep
|
|t:|1779587052
|switch|p1a: Corviknight|Corviknight, F, shiny|100/100
|-ability|p1a: Corviknight|Pressure
|turn|8
|
|t:|1779587060
|move|p2a: Spiritomb|Will-O-Wisp|p1a: Corviknight|[miss]
|-miss|p2a: Spiritomb|p1a: Corviknight
|move|p1a: Corviknight|Brave Bird|p2a: Spiritomb
|-damage|p2a: Spiritomb|19/100
|-damage|p1a: Corviknight|93/100|[from] Recoil
|
|-heal|p2a: Spiritomb|25/100|[from] Grassy Terrain
|-heal|p2a: Spiritomb|32/100|[from] item: Leftovers
|-sideend|p1: Ihsuzak_666|move: Light Screen
|-fieldend|move: Trick Room
|upkeep
|turn|9
|
|t:|1779587072
|move|p1a: Corviknight|Brave Bird|p2a: Spiritomb
|-damage|p2a: Spiritomb|1/100
|-damage|p1a: Corviknight|86/100|[from] Recoil
|move|p2a: Spiritomb|Will-O-Wisp|p1a: Corviknight|[miss]
|-miss|p2a: Spiritomb|p1a: Corviknight
|
|-heal|p2a: Spiritomb|7/100|[from] Grassy Terrain
|-heal|p2a: Spiritomb|13/100|[from] item: Leftovers
|upkeep
|turn|10
|
|t:|1779587080
|move|p1a: Corviknight|Brave Bird|p2a: Spiritomb
|-damage|p2a: Spiritomb|0 fnt
|faint|p2a: Spiritomb
|-damage|p1a: Corviknight|82/100|[from] Recoil
|
|-fieldend|move: Grassy Terrain
|upkeep
|
|t:|1779587086
|switch|p2a: Dragonite|Dragonite, M|100/100
|turn|11
|
|t:|1779587091
|switch|p1a: Grimmsnarl|Grimmsnarl, M, shiny|94/100 tox
|move|p2a: Dragonite|Fire Punch|p1a: Grimmsnarl
|-crit|p1a: Grimmsnarl
|-damage|p1a: Grimmsnarl|56/100 tox
|
|-damage|p1a: Grimmsnarl|50/100 tox|[from] psn
|upkeep
|turn|12
|
|t:|1779587102
|switch|p2a: Litleo|Litleo, F|100/100
|-damage|p2a: Litleo|76/100|[from] Stealth Rock
|move|p1a: Grimmsnarl|Thunder Wave|p2a: Litleo
|-status|p2a: Litleo|par
|
|-damage|p1a: Grimmsnarl|38/100 tox|[from] psn
|upkeep
|turn|13
|
|t:|1779587115
|switch|p1a: Garganacl|Garganacl, M|100/100
|move|p2a: Litleo|Flamethrower|p1a: Garganacl
|-resisted|p1a: Garganacl
|-damage|p1a: Garganacl|89/100
|
|-heal|p1a: Garganacl|96/100|[from] item: Leftovers
|upkeep
|turn|14
|
|t:|1779587125
|move|p2a: Litleo|Hyper Voice|p1a: Garganacl
|-resisted|p1a: Garganacl
|-crit|p1a: Garganacl
|-damage|p1a: Garganacl|79/100
|move|p1a: Garganacl|Earth Power|p2a: Litleo
|-supereffective|p2a: Litleo
|-damage|p2a: Litleo|34/100 par
|
|-heal|p1a: Garganacl|86/100|[from] item: Leftovers
|upkeep
|turn|15
|
|t:|1779587137
|cant|p2a: Litleo|par
|move|p1a: Garganacl|Salt Cure|p2a: Litleo
|-supereffective|p2a: Litleo
|-damage|p2a: Litleo|0 fnt
|faint|p2a: Litleo
|
|-heal|p1a: Garganacl|92/100|[from] item: Leftovers
|upkeep
|
|t:|1779587145
|switch|p2a: Clodsire|Clodsire, M|23/100
|-damage|p2a: Clodsire|16/100|[from] Stealth Rock
|turn|16
|
|t:|1779587149
|move|p1a: Garganacl|Curse|p1a: Garganacl
|-unboost|p1a: Garganacl|spe|1
|-boost|p1a: Garganacl|atk|1
|-boost|p1a: Garganacl|def|1
|move|p2a: Clodsire|Recover|p2a: Clodsire
|-heal|p2a: Clodsire|66/100
|
|-heal|p2a: Clodsire|73/100|[from] item: Leftovers
|-heal|p1a: Garganacl|98/100|[from] item: Leftovers
|upkeep
|turn|17
|
|t:|1779587159
|move|p2a: Clodsire|Recover|p2a: Clodsire
|-heal|p2a: Clodsire|100/100
|move|p1a: Garganacl|Salt Cure|p2a: Clodsire
|-resisted|p2a: Clodsire
|-damage|p2a: Clodsire|90/100
|-start|p2a: Clodsire|Salt Cure
|
|-heal|p2a: Clodsire|96/100|[from] item: Leftovers
|-heal|p1a: Garganacl|100/100|[from] item: Leftovers
|-damage|p2a: Clodsire|83/100|[from] Salt Cure
|upkeep
|turn|18
|
|t:|1779587169
|switch|p1a: Corviknight|Corviknight, F, shiny|82/100
|-ability|p1a: Corviknight|Pressure
|move|p2a: Clodsire|Toxic|p1a: Corviknight
|-immune|p1a: Corviknight
|
|-heal|p2a: Clodsire|90/100|[from] item: Leftovers
|-damage|p2a: Clodsire|77/100|[from] Salt Cure
|upkeep
|turn|19
|
|t:|1779587184
|switch|p2a: Great Tusk|Great Tusk|100/100
|-damage|p2a: Great Tusk|98/100|[from] Stealth Rock
|-enditem|p2a: Great Tusk|Booster Energy
|-activate|p2a: Great Tusk|ability: Protosynthesis|[fromitem]
|-start|p2a: Great Tusk|protosynthesisatk
|move|p1a: Corviknight|Brave Bird|p2a: Great Tusk
|-supereffective|p2a: Great Tusk
|-damage|p2a: Great Tusk|41/100
|-damage|p1a: Corviknight|65/100|[from] Recoil
|
|upkeep
|turn|20
|
|t:|1779587199
|-end|p2a: Great Tusk|Protosynthesis|[silent]
|switch|p2a: Dragonite|Dragonite, M|100/100
|move|p1a: Corviknight|Brave Bird|p2a: Dragonite
|-damage|p2a: Dragonite|79/100
|-damage|p1a: Corviknight|59/100|[from] Recoil
|
|upkeep
|turn|21
|
|t:|1779587210
|switch|p1a: Galvantula|Galvantula, F, shiny|100/100
|move|p2a: Dragonite|Extreme Speed|p1a: Galvantula
|-damage|p1a: Galvantula|44/100
|
|upkeep
|turn|22
|
|t:|1779587218
|move|p2a: Dragonite|Extreme Speed|p1a: Galvantula
|-damage|p1a: Galvantula|0 fnt
|faint|p1a: Galvantula
|
|upkeep
|
|t:|1779587225
|switch|p1a: Hatterene|Hatterene, F|49/100
|turn|23
|
|t:|1779587228
|move|p2a: Dragonite|Extreme Speed|p1a: Hatterene
|-damage|p1a: Hatterene|25/100
|move|p1a: Hatterene|Psyshock|p2a: Dragonite
|-damage|p2a: Dragonite|41/100
|
|-heal|p1a: Hatterene|31/100|[from] item: Leftovers
|upkeep
|turn|24
|
|t:|1779587243
|move|p2a: Dragonite|Earthquake|p1a: Hatterene
|-damage|p1a: Hatterene|0 fnt
|faint|p1a: Hatterene
|
|upkeep
|
|t:|1779587247
|switch|p1a: Grimmsnarl|Grimmsnarl, M, shiny|38/100 tox
|turn|25
|
|t:|1779587250
|move|p2a: Dragonite|Earthquake|p1a: Grimmsnarl
|-damage|p1a: Grimmsnarl|6/100 tox
|move|p1a: Grimmsnarl|Spirit Break|p2a: Dragonite
|-supereffective|p2a: Dragonite
|-damage|p2a: Dragonite|0 fnt
|faint|p2a: Dragonite
|
|-damage|p1a: Grimmsnarl|0 fnt|[from] psn
|faint|p1a: Grimmsnarl
|upkeep
|
|t:|1779587262
|switch|p2a: Kingdra|Kingdra, F|100/100
|switch|p1a: Garganacl|Garganacl, M|100/100
|-damage|p2a: Kingdra|88/100|[from] Stealth Rock
|turn|26
|
|t:|1779587275
|move|p2a: Kingdra|Ice Beam|p1a: Garganacl
|-damage|p1a: Garganacl|71/100
|move|p1a: Garganacl|Earth Power|p2a: Kingdra
|-damage|p2a: Kingdra|75/100
|
|-heal|p1a: Garganacl|77/100|[from] item: Leftovers
|upkeep
|turn|27
|
|t:|1779587287
|switch|p2a: Clodsire|Clodsire, M|77/100
|-damage|p2a: Clodsire|71/100|[from] Stealth Rock
|switch|p1a: Corviknight|Corviknight, F, shiny|59/100
|-ability|p1a: Corviknight|Pressure
|
|-heal|p2a: Clodsire|77/100|[from] item: Leftovers
|upkeep
|turn|28
|
|t:|1779587298
|move|p1a: Corviknight|Roost|p1a: Corviknight
|-heal|p1a: Corviknight|100/100
|-singleturn|p1a: Corviknight|move: Roost
|move|p2a: Clodsire|Stealth Rock|p1a: Corviknight
|-sidestart|p1: Ihsuzak_666|move: Stealth Rock
|
|-heal|p2a: Clodsire|83/100|[from] item: Leftovers
|upkeep
|turn|29
|
|t:|1779587309
|move|p1a: Corviknight|Brave Bird|p2a: Clodsire
|-damage|p2a: Clodsire|43/100
|-damage|p1a: Corviknight|85/100|[from] Recoil
|move|p2a: Clodsire|Stealth Rock||[still]
|-fail|p2a: Clodsire
|
|-heal|p2a: Clodsire|49/100|[from] item: Leftovers
|upkeep
|turn|30
|
|t:|1779587318
|move|p1a: Corviknight|Brave Bird|p2a: Clodsire
|-damage|p2a: Clodsire|10/100
|-damage|p1a: Corviknight|70/100|[from] Recoil
|move|p2a: Clodsire|Recover|p2a: Clodsire
|-heal|p2a: Clodsire|60/100
|
|-heal|p2a: Clodsire|66/100|[from] item: Leftovers
|upkeep
|turn|31
|
|t:|1779587329
|switch|p2a: Kingdra|Kingdra, F|75/100
|-damage|p2a: Kingdra|63/100|[from] Stealth Rock
|move|p1a: Corviknight|Brave Bird|p2a: Kingdra
|-damage|p2a: Kingdra|19/100
|-damage|p1a: Corviknight|59/100|[from] Recoil
|
|upkeep
|turn|32
|
|t:|1779587338
|move|p2a: Kingdra|Ice Beam|p1a: Corviknight
|-damage|p1a: Corviknight|20/100
|move|p1a: Corviknight|Body Press|p2a: Kingdra
|-damage|p2a: Kingdra|0 fnt
|faint|p2a: Kingdra
|
|upkeep
|
|t:|1779587345
|switch|p2a: Great Tusk|Great Tusk|41/100
|-damage|p2a: Great Tusk|38/100|[from] Stealth Rock
|turn|33
|
|t:|1779587352
|move|p2a: Great Tusk|Close Combat|p1a: Corviknight
|-damage|p1a: Corviknight|0 fnt
|-unboost|p2a: Great Tusk|def|1
|-unboost|p2a: Great Tusk|spd|1
|-damage|p2a: Great Tusk|21/100|[from] item: Rocky Helmet|[of] p1a: Corviknight
|faint|p1a: Corviknight
|
|upkeep
|
|t:|1779587360
|switch|p1a: Garganacl|Garganacl, M|77/100
|-damage|p1a: Garganacl|65/100|[from] Stealth Rock
|turn|34
|
|t:|1779587369
|move|p2a: Great Tusk|Headlong Rush|p1a: Garganacl
|-supereffective|p1a: Garganacl
|-damage|p1a: Garganacl|0 fnt
|-unboost|p2a: Great Tusk|def|1
|-unboost|p2a: Great Tusk|spd|1
|faint|p1a: Garganacl
|
|win|putliopop
|raw|Ihsuzak_666's rating: 1097 &rarr; <strong>1074</strong><br />(-23 for losing)
|raw|putliopop's rating: 1117 &rarr; <strong>1141</strong><br />(+24 for winning)
|c|☆putliopop|gg
|l|☆Ihsuzak_666
|player|p1|
|l|☆putliopop
|player|p2|
