|inactive|Battle timer is ON: inactive players will automatically lose when time's up.
|t:|1779567107
|gametype|singles
|player|p1|Hyss|#wcop2026france2|
|player|p2|Regiboob|chuck|
|gen|9
|tier|[Gen 9] OU
|rule|HP Percentage Mod: HP is shown in percentages
|rule|Endless Battle Clause: Forcing endless battles is banned
|rule|Species Clause: Limit one of each Pokémon
|rule|OHKO Clause: OHKO moves are banned
|rule|Evasion Items Clause: Evasion items are banned
|rule|Evasion Moves Clause: Evasion moves are banned
|rule|Evasion Abilities Clause: Evasion abilities are banned
|rule|Sleep Moves Clause: Sleep-inducing moves are banned
|clearpoke
|poke|p1|Garganacl, M|
|poke|p1|Gliscor, F|
|poke|p1|Cinderace, F|
|poke|p1|Kyurem|
|poke|p1|Corviknight, F|
|poke|p1|Zamazenta-*|
|poke|p2|Landorus-Therian, M|
|poke|p2|Dragapult, F|
|poke|p2|Great Tusk|
|poke|p2|Kyurem|
|poke|p2|Slowking-Galar, F|
|poke|p2|Scizor, F|
|teampreview
|c|☆Regiboob|hf
|c|☆Hyss|Hf !
|inactive|Hyss has 270 seconds left.
|inactive|Regiboob has 270 seconds left.
|inactive|Hyss has 240 seconds left.
|inactive|Regiboob has 240 seconds left.
|inactive|Hyss has 210 seconds left.
|
|t:|1779567219
|teamsize|p1|6
|teamsize|p2|6
|start
|switch|p1a: Garganacl|Garganacl, M|100/100
|switch|p2a: Landorus|Landorus-Therian, M|100/100
|-ability|p2a: Landorus|Intimidate|boost
|-unboost|p1a: Garganacl|atk|1
|turn|1
|
|t:|1779567236
|switch|p1a: Corviknight|Corviknight, F|100/100
|-ability|p1a: Corviknight|Pressure
|move|p2a: Landorus|Stealth Rock|p1a: Corviknight
|-sidestart|p1: Hyss|move: Stealth Rock
|
|upkeep
|turn|2
|inactive|Hyss has 240 seconds left.
|
|t:|1779567260
|move|p2a: Landorus|Taunt|p1a: Corviknight
|-start|p1a: Corviknight|move: Taunt
|move|p1a: Corviknight|U-turn|p2a: Landorus
|-resisted|p2a: Landorus
|-damage|p2a: Landorus|95/100
|-damage|p1a: Corviknight|84/100|[from] item: Rocky Helmet|[of] p2a: Landorus
|
|t:|1779567272
|switch|p1a: Gliscor|Gliscor, F|100/100|[from] U-turn
|-damage|p1a: Gliscor|88/100|[from] Stealth Rock
|
|-status|p1a: Gliscor|tox|[from] item: Toxic Orb
|upkeep
|turn|3
|
|t:|1779567285
|move|p2a: Landorus|Taunt|p1a: Gliscor
|-start|p1a: Gliscor|move: Taunt
|move|p1a: Gliscor|U-turn|p2a: Landorus
|-resisted|p2a: Landorus
|-damage|p2a: Landorus|89/100
|-damage|p1a: Gliscor|72/100 tox|[from] item: Rocky Helmet|[of] p2a: Landorus
|
|t:|1779567291
|switch|p1a: Kyurem|Kyurem|100/100|[from] U-turn
|-damage|p1a: Kyurem|76/100|[from] Stealth Rock
|-ability|p1a: Kyurem|Pressure
|
|upkeep
|turn|4
|
|t:|1779567309
|switch|p2a: Slowking|Slowking-Galar, F|100/100
|move|p1a: Kyurem|Ice Beam|p2a: Slowking
|-damage|p2a: Slowking|59/100
|
|upkeep
|turn|5
|
|t:|1779567333
|switch|p1a: Garganacl|Garganacl, M|100/100
|-damage|p1a: Garganacl|88/100|[from] Stealth Rock
|-prepare|p2a: Slowking|Chilly Reception|[premajor]
|move|p2a: Slowking|Chilly Reception|p2a: Slowking
|-weather|Snowscape
|
|t:|1779567352
|switch|p2a: Scizor|Scizor, F|100/100|[from] Chilly Reception
|
|-weather|Snowscape|[upkeep]
|-heal|p1a: Garganacl|94/100|[from] item: Leftovers
|upkeep
|turn|6
|
|t:|1779567366
|switch|p1a: Cinderace|Cinderace, F|100/100
|move|p2a: Scizor|Knock Off|p1a: Cinderace
|-damage|p1a: Cinderace|21/100
|-enditem|p1a: Cinderace|Heavy-Duty Boots|[from] move: Knock Off|[of] p2a: Scizor
|
|-weather|Snowscape|[upkeep]
|upkeep
|turn|7
|
|t:|1779567378
|switch|p2a: Landorus|Landorus-Therian, M|89/100
|-ability|p2a: Landorus|Intimidate|boost
|-unboost|p1a: Cinderace|atk|1
|move|p1a: Cinderace|Court Change|p1a: Cinderace
|-start|p1a: Cinderace|typechange|Normal|[from] ability: Libero
|-swapsideconditions
|-activate|p1a: Cinderace|move: Court Change
|
|-weather|Snowscape|[upkeep]
|upkeep
|turn|8
|
|t:|1779567387
|switch|p1a: Kyurem|Kyurem|76/100
|-ability|p1a: Kyurem|Pressure
|move|p2a: Landorus|Stealth Rock|p1a: Kyurem
|-sidestart|p1: Hyss|move: Stealth Rock
|
|-weather|Snowscape|[upkeep]
|upkeep
|turn|9
|
|t:|1779567395
|switch|p2a: Slowking|Slowking-Galar, F|92/100
|move|p1a: Kyurem|Ice Beam|p2a: Slowking
|-damage|p2a: Slowking|47/100
|
|-weather|none
|upkeep
|turn|10
|
|t:|1779567405
|move|p1a: Kyurem|Ice Beam|p2a: Slowking
|-damage|p2a: Slowking|8/100
|-prepare|p2a: Slowking|Chilly Reception|[premajor]
|move|p2a: Slowking|Chilly Reception|p2a: Slowking
|-weather|Snowscape
|
|t:|1779567413
|switch|p2a: Scizor|Scizor, F|100/100|[from] Chilly Reception
|-damage|p2a: Scizor|88/100|[from] Stealth Rock
|
|-weather|Snowscape|[upkeep]
|upkeep
|turn|11
|inactive|Regiboob has 270 seconds left.
|inactive|Hyss has 240 seconds left.
|inactive|Hyss has 210 seconds left.
|
|t:|1779567503
|switch|p1a: Cinderace|Cinderace, F|21/100
|-damage|p1a: Cinderace|0 fnt|[from] Stealth Rock
|faint|p1a: Cinderace
|move|p2a: Scizor|Close Combat|p1: Cinderace|[notarget]
|-fail|p2a: Scizor
|
|-weather|Snowscape|[upkeep]
|upkeep
|
|t:|1779567520
|switch|p1a: Gliscor|Gliscor, F|72/100 tox
|-damage|p1a: Gliscor|59/100 tox|[from] Stealth Rock
|turn|12
|
|t:|1779567528
|switch|p2a: Great Tusk|Great Tusk|100/100
|move|p1a: Gliscor|Toxic|p2a: Great Tusk
|-status|p2a: Great Tusk|tox
|
|-weather|Snowscape|[upkeep]
|-damage|p2a: Great Tusk|94/100 tox|[from] psn
|-heal|p1a: Gliscor|72/100 tox|[from] ability: Poison Heal
|upkeep
|turn|13
|
|t:|1779567537
|move|p1a: Gliscor|Protect|p1a: Gliscor
|-singleturn|p1a: Gliscor|Protect
|move|p2a: Great Tusk|Ice Spinner|p1a: Gliscor
|-activate|p1a: Gliscor|move: Protect
|
|-weather|Snowscape|[upkeep]
|-damage|p2a: Great Tusk|82/100 tox|[from] psn
|-heal|p1a: Gliscor|84/100 tox|[from] ability: Poison Heal
|upkeep
|turn|14
|
|t:|1779567541
|switch|p1a: Corviknight|Corviknight, F|84/100
|-damage|p1a: Corviknight|72/100|[from] Stealth Rock
|-ability|p1a: Corviknight|Pressure
|move|p2a: Great Tusk|Rapid Spin|p1a: Corviknight
|-resisted|p1a: Corviknight
|-damage|p1a: Corviknight|66/100
|-boost|p2a: Great Tusk|spe|1
|-damage|p2a: Great Tusk|65/100 tox|[from] item: Rocky Helmet|[of] p1a: Corviknight
|-sideend|p2: Regiboob|Stealth Rock|[from] move: Rapid Spin|[of] p2a: Great Tusk
|
|-weather|none
|-damage|p2a: Great Tusk|47/100 tox|[from] psn
|upkeep
|turn|15
|
|t:|1779567550
|-end|p2a: Great Tusk|Protosynthesis|[silent]
|switch|p2a: Dragapult|Dragapult, F|100/100
|move|p1a: Corviknight|Defog|p2a: Dragapult
|-fail|p2a: Dragapult|unboost|[from] ability: Clear Body|[of] p2a: Dragapult
|-sideend|p1: Hyss|Stealth Rock|[from] move: Defog|[of] p1a: Corviknight
|
|upkeep
|turn|16
|
|t:|1779567558
|switch|p1a: Garganacl|Garganacl, M|94/100
|move|p2a: Dragapult|Dragon Darts|p1a: Garganacl
|-damage|p1a: Garganacl|78/100
|-anim|p2a: Dragapult|Dragon Darts|p1a: Garganacl
|-damage|p1a: Garganacl|61/100
|
|-heal|p1a: Garganacl|67/100|[from] item: Leftovers
|upkeep
|turn|17
|inactive|Regiboob has 270 seconds left.
|
|t:|1779567615
|switch|p2a: Landorus|Landorus-Therian, M|89/100
|-ability|p2a: Landorus|Intimidate|boost
|-unboost|p1a: Garganacl|atk|1
|move|p1a: Garganacl|Recover|p1a: Garganacl
|-heal|p1a: Garganacl|100/100
|
|upkeep
|turn|18
|
|t:|1779567624
|move|p2a: Landorus|Stealth Rock|p1a: Garganacl
|-sidestart|p1: Hyss|move: Stealth Rock
|move|p1a: Garganacl|Curse|p1a: Garganacl
|-unboost|p1a: Garganacl|spe|1
|-boost|p1a: Garganacl|atk|1
|-boost|p1a: Garganacl|def|1
|
|upkeep
|turn|19
|
|t:|1779567631
|move|p2a: Landorus|Earth Power|p1a: Garganacl
|-supereffective|p1a: Garganacl
|-damage|p1a: Garganacl|51/100
|move|p1a: Garganacl|Salt Cure|p2a: Landorus
|-damage|p2a: Landorus|78/100
|-start|p2a: Landorus|Salt Cure
|
|-heal|p1a: Garganacl|57/100|[from] item: Leftovers
|-damage|p2a: Landorus|66/100|[from] Salt Cure
|upkeep
|turn|20
|inactive|Hyss has 240 seconds left.
|
|t:|1779567649
|switch|p1a: Gliscor|Gliscor, F|84/100 tox
|-damage|p1a: Gliscor|72/100 tox|[from] Stealth Rock
|move|p2a: Landorus|Taunt|p1a: Gliscor
|-start|p1a: Gliscor|move: Taunt
|
|-heal|p1a: Gliscor|84/100 tox|[from] ability: Poison Heal
|-damage|p2a: Landorus|53/100|[from] Salt Cure
|upkeep
|turn|21
|
|t:|1779567654
|move|p2a: Landorus|U-turn|p1a: Gliscor
|-resisted|p1a: Gliscor
|-damage|p1a: Gliscor|77/100 tox
|
|t:|1779567662
|switch|p2a: Great Tusk|Great Tusk|47/100 tox|[from] U-turn
|move|p1a: Gliscor|U-turn|p2a: Great Tusk
|-resisted|p2a: Great Tusk
|-damage|p2a: Great Tusk|41/100 tox
|inactive|Hyss has 240 seconds left.
|
|t:|1779567668
|switch|p1a: Corviknight|Corviknight, F|66/100|[from] U-turn
|-damage|p1a: Corviknight|54/100|[from] Stealth Rock
|-ability|p1a: Corviknight|Pressure
|
|-damage|p2a: Great Tusk|35/100 tox|[from] psn
|upkeep
|turn|22
|
|t:|1779567674
|move|p2a: Great Tusk|Close Combat|p1a: Corviknight
|-damage|p1a: Corviknight|16/100
|-unboost|p2a: Great Tusk|def|1
|-unboost|p2a: Great Tusk|spd|1
|-damage|p2a: Great Tusk|19/100 tox|[from] item: Rocky Helmet|[of] p1a: Corviknight
|move|p1a: Corviknight|Roost|p1a: Corviknight
|-heal|p1a: Corviknight|66/100
|-singleturn|p1a: Corviknight|move: Roost
|
|-damage|p2a: Great Tusk|6/100 tox|[from] psn
|upkeep
|turn|23
|
|t:|1779567685
|-end|p2a: Great Tusk|Protosynthesis|[silent]
|switch|p2a: Dragapult|Dragapult, F|100/100
|move|p1a: Corviknight|Roost|p1a: Corviknight
|-heal|p1a: Corviknight|100/100
|-singleturn|p1a: Corviknight|move: Roost
|
|upkeep
|turn|24
|
|t:|1779567693
|move|p2a: Dragapult|Fire Blast|p1a: Corviknight
|-supereffective|p1a: Corviknight
|-damage|p1a: Corviknight|50/100
|move|p1a: Corviknight|Defog|p2a: Dragapult
|-fail|p2a: Dragapult|unboost|[from] ability: Clear Body|[of] p2a: Dragapult
|-sideend|p1: Hyss|Stealth Rock|[from] move: Defog|[of] p1a: Corviknight
|
|upkeep
|turn|25
|inactive|Hyss has 270 seconds left.
|
|t:|1779567700
|switch|p1a: Garganacl|Garganacl, M|57/100
|move|p2a: Dragapult|Will-O-Wisp|p1a: Garganacl
|-immune|p1a: Garganacl|[from] ability: Purifying Salt
|
|-heal|p1a: Garganacl|63/100|[from] item: Leftovers
|upkeep
|turn|26
|
|t:|1779567708
|switch|p2a: Landorus|Landorus-Therian, M|53/100
|-ability|p2a: Landorus|Intimidate|boost
|-unboost|p1a: Garganacl|atk|1
|move|p1a: Garganacl|Recover|p1a: Garganacl
|-heal|p1a: Garganacl|100/100
|
|upkeep
|turn|27
|
|t:|1779567715
|switch|p1a: Kyurem|Kyurem|76/100
|-ability|p1a: Kyurem|Pressure
|move|p2a: Landorus|Stealth Rock|p1a: Kyurem
|-sidestart|p1: Hyss|move: Stealth Rock
|
|upkeep
|turn|28
|
|t:|1779567738
|switch|p2a: Kyurem|Kyurem|100/100
|-ability|p2a: Kyurem|Pressure
|move|p1a: Kyurem|Ice Beam|p2a: Kyurem
|-damage|p2a: Kyurem|30/100
|
|upkeep
|turn|29
|
|t:|1779567757
|move|p2a: Kyurem|Draco Meteor|p1a: Kyurem
|-supereffective|p1a: Kyurem
|-damage|p1a: Kyurem|0 fnt
|-unboost|p2a: Kyurem|spa|2
|faint|p1a: Kyurem
|
|upkeep
|inactive|Hyss has 270 seconds left.
|
|t:|1779567790
|switch|p1a: Zamazenta|Zamazenta|100/100
|-damage|p1a: Zamazenta|94/100|[from] Stealth Rock
|-ability|p1a: Zamazenta|Dauntless Shield|boost
|-boost|p1a: Zamazenta|def|1
|turn|30
|inactive|Hyss has 270 seconds left.
|
|t:|1779567797
|switch|p2a: Landorus|Landorus-Therian, M|53/100
|-ability|p2a: Landorus|Intimidate|boost
|-unboost|p1a: Zamazenta|atk|1
|move|p1a: Zamazenta|Iron Defense|p1a: Zamazenta
|-boost|p1a: Zamazenta|def|2
|
|-heal|p1a: Zamazenta|100/100|[from] item: Leftovers
|upkeep
|turn|31
|inactive|Hyss has 270 seconds left.
|
|t:|1779567807
|move|p1a: Zamazenta|Body Press|p2a: Landorus
|-resisted|p2a: Landorus
|-damage|p2a: Landorus|15/100
|-damage|p1a: Zamazenta|84/100|[from] item: Rocky Helmet|[of] p2a: Landorus
|move|p2a: Landorus|Earth Power|p1a: Zamazenta
|-damage|p1a: Zamazenta|55/100
|
|-heal|p1a: Zamazenta|61/100|[from] item: Leftovers
|upkeep
|turn|32
|inactive|Hyss has 270 seconds left.
|
|t:|1779567825
|move|p1a: Zamazenta|Body Press|p2a: Landorus
|-resisted|p2a: Landorus
|-damage|p2a: Landorus|0 fnt
|-damage|p1a: Zamazenta|44/100|[from] item: Rocky Helmet|[of] p2a: Landorus
|faint|p2a: Landorus
|
|-heal|p1a: Zamazenta|51/100|[from] item: Leftovers
|upkeep
|
|t:|1779567833
|switch|p2a: Kyurem|Kyurem|30/100
|-ability|p2a: Kyurem|Pressure
|turn|33
|
|t:|1779567846
|-terastallize|p2a: Kyurem|Ice
|move|p2a: Kyurem|Ice Beam|p1a: Zamazenta
|-damage|p1a: Zamazenta|0 fnt
|faint|p1a: Zamazenta
|
|upkeep
|inactive|Hyss has 270 seconds left.
|
|t:|1779567871
|switch|p1a: Garganacl|Garganacl, M|100/100
|-damage|p1a: Garganacl|88/100|[from] Stealth Rock
|turn|34
|
|t:|1779567885
|switch|p2a: Great Tusk|Great Tusk|6/100 tox
|-terastallize|p1a: Garganacl|Water
|move|p1a: Garganacl|Curse|p1a: Garganacl
|-unboost|p1a: Garganacl|spe|1
|-boost|p1a: Garganacl|atk|1
|-boost|p1a: Garganacl|def|1
|
|-heal|p1a: Garganacl|94/100|[from] item: Leftovers
|-damage|p2a: Great Tusk|0 fnt|[from] psn
|faint|p2a: Great Tusk
|-end|p2a: Great Tusk|Protosynthesis|[silent]
|upkeep
|inactive|Regiboob has 270 seconds left.
|
|t:|1779567926
|switch|p2a: Scizor|Scizor, F|88/100
|turn|35
|
|t:|1779567932
|move|p2a: Scizor|Knock Off|p1a: Garganacl
|-crit|p1a: Garganacl
|-damage|p1a: Garganacl|47/100
|-enditem|p1a: Garganacl|Leftovers|[from] move: Knock Off|[of] p2a: Scizor
|move|p1a: Garganacl|Salt Cure|p2a: Scizor
|-damage|p2a: Scizor|63/100
|-start|p2a: Scizor|Salt Cure
|
|-damage|p2a: Scizor|38/100|[from] Salt Cure
|upkeep
|turn|36
|inactive|Regiboob has 270 seconds left.
|
|t:|1779567938
|switch|p2a: Slowking|Slowking-Galar, F|42/100
|move|p1a: Garganacl|Recover|p1a: Garganacl
|-heal|p1a: Garganacl|97/100
|
|upkeep
|turn|37
|inactive|Regiboob has 270 seconds left.
|
|t:|1779567950
|switch|p2a: Scizor|Scizor, F|38/100
|move|p1a: Garganacl|Earthquake|p2a: Scizor
|-damage|p2a: Scizor|0 fnt
|faint|p2a: Scizor
|
|upkeep
|inactive|Regiboob has 270 seconds left.
|
|t:|1779567962
|switch|p2a: Slowking|Slowking-Galar, F|75/100
|turn|38
|
|t:|1779567967
|move|p1a: Garganacl|Salt Cure|p2a: Slowking
|-damage|p2a: Slowking|52/100
|-start|p2a: Slowking|Salt Cure
|move|p2a: Slowking|Psychic Noise|p1a: Garganacl
|-damage|p1a: Garganacl|74/100
|-start|p1a: Garganacl|move: Heal Block
|
|-damage|p2a: Slowking|39/100|[from] Salt Cure
|upkeep
|turn|39
|
|t:|1779567975
|move|p1a: Garganacl|Earthquake|p2a: Slowking
|-supereffective|p2a: Slowking
|-damage|p2a: Slowking|0 fnt
|faint|p2a: Slowking
|
|-end|p1a: Garganacl|move: Heal Block
|upkeep
|
|t:|1779567977
|switch|p2a: Kyurem|Kyurem, tera:Ice|30/100
|-ability|p2a: Kyurem|Pressure
|turn|40
|
|t:|1779568001
|move|p2a: Kyurem|Freeze-Dry|p1a: Garganacl
|-supereffective|p1a: Garganacl
|-damage|p1a: Garganacl|0 fnt
|faint|p1a: Garganacl
|
|upkeep
|
|t:|1779568005
|switch|p1a: Corviknight|Corviknight, F|50/100
|-damage|p1a: Corviknight|38/100|[from] Stealth Rock
|-ability|p1a: Corviknight|Pressure
|turn|41
|
|t:|1779568012
|move|p2a: Kyurem|Freeze-Dry|p1a: Corviknight
|-damage|p1a: Corviknight|0 fnt
|faint|p1a: Corviknight
|
|upkeep
|
|t:|1779568015
|switch|p1a: Gliscor|Gliscor, F|77/100 tox
|-damage|p1a: Gliscor|64/100 tox|[from] Stealth Rock
|turn|42
|
|t:|1779568017
|move|p2a: Kyurem|Freeze-Dry|p1a: Gliscor
|-supereffective|p1a: Gliscor
|-damage|p1a: Gliscor|0 fnt
|faint|p1a: Gliscor
|
|win|Regiboob
|c|☆Hyss|gg
|c|☆Regiboob|gg
