|j|☆TotallyLegitMax
|j|☆lunarfae
|t:|1779669149
|gametype|singles
|player|p1|TotallyLegitMax|1|1110
|player|p2|lunarfae|doubleteam|1139
|gen|9
|tier|[Gen 9] OU
|rated|
|rule|HP Percentage Mod: HP is shown in percentages
|rule|Endless Battle Clause: Forcing endless battles is banned
|rule|Species Clause: Limit one of each Pokémon
|rule|OHKO Clause: OHKO moves are banned
|rule|Evasion Items Clause: Evasion items are banned
|rule|Evasion Moves Clause: Evasion moves are banned
|rule|Evasion Abilities Clause: Evasion abilities are banned
|rule|Sleep Moves Clause: Sleep-inducing moves are banned
|clearpoke
|poke|p1|Great Tusk|
|poke|p1|Kyurem|
|poke|p1|Gholdengo|
|poke|p1|Dragapult, M|
|poke|p1|Ogerpon-Wellspring, F|
|poke|p1|Kingambit, M|
|poke|p2|Mandibuzz, F|
|poke|p2|Goodra-Hisui, M|
|poke|p2|Registeel|
|poke|p2|Jumpluff, M|
|poke|p2|Vaporeon, M|
|poke|p2|Mudsdale, F|
|teampreview
|inactive|Battle timer is ON: inactive players will automatically lose when time's up. (requested by TotallyLegitMax)
|
|t:|1779669154
|teamsize|p1|6
|teamsize|p2|6
|start
|switch|p1a: Great Tusk|Great Tusk|100/100
|switch|p2a: Mandibuzz|Mandibuzz, F|100/100
|turn|1
|
|t:|1779669159
|move|p1a: Great Tusk|Stealth Rock|p2a: Mandibuzz
|-sidestart|p2: lunarfae|move: Stealth Rock
|move|p2a: Mandibuzz|Toxic|p1a: Great Tusk
|-status|p1a: Great Tusk|tox
|
|-damage|p1a: Great Tusk|94/100 tox|[from] psn
|upkeep
|turn|2
|
|t:|1779669167
|move|p1a: Great Tusk|Knock Off|p2a: Mandibuzz
|-resisted|p2a: Mandibuzz
|-damage|p2a: Mandibuzz|93/100
|-enditem|p2a: Mandibuzz|Heavy-Duty Boots|[from] move: Knock Off|[of] p1a: Great Tusk
|move|p2a: Mandibuzz|Roost|p2a: Mandibuzz
|-heal|p2a: Mandibuzz|100/100
|-singleturn|p2a: Mandibuzz|move: Roost
|
|-heal|p1a: Great Tusk|100/100 tox|[from] item: Leftovers
|-damage|p1a: Great Tusk|88/100 tox|[from] psn
|upkeep
|turn|3
|
|t:|1779669193
|-end|p1a: Great Tusk|Protosynthesis|[silent]
|switch|p1a: Gholdengo|Gholdengo|100/100
|-item|p1a: Gholdengo|Air Balloon
|move|p2a: Mandibuzz|Defog|p1a: Gholdengo
|-immune|p1a: Gholdengo|[from] ability: Good as Gold
|
|upkeep
|turn|4
|
|t:|1779669204
|move|p1a: Gholdengo|Nasty Plot|p1a: Gholdengo
|-boost|p1a: Gholdengo|spa|2
|move|p2a: Mandibuzz|Foul Play|p1a: Gholdengo
|-supereffective|p1a: Gholdengo
|-damage|p1a: Gholdengo|66/100
|-enditem|p1a: Gholdengo|Air Balloon
|
|upkeep
|turn|5
|
|t:|1779669214
|move|p1a: Gholdengo|Make It Rain|p2a: Mandibuzz
|-damage|p2a: Mandibuzz|0 fnt
|-unboost|p1a: Gholdengo|spa|1
|faint|p2a: Mandibuzz
|
|upkeep
|
|t:|1779669220
|switch|p2a: Goodra|Goodra-Hisui, M|100/100
|-damage|p2a: Goodra|94/100|[from] Stealth Rock
|turn|6
|
|t:|1779669229
|move|p1a: Gholdengo|Shadow Ball|p2a: Goodra
|-crit|p2a: Goodra
|-damage|p2a: Goodra|55/100
|move|p2a: Goodra|Fire Blast|p1a: Gholdengo
|-supereffective|p1a: Gholdengo
|-damage|p1a: Gholdengo|0 fnt
|faint|p1a: Gholdengo
|
|upkeep
|
|t:|1779669248
|switch|p1a: Great Tusk|Great Tusk|88/100 tox
|turn|7
|
|t:|1779669254
|switch|p2a: Jumpluff|Jumpluff, M, shiny|100/100
|-damage|p2a: Jumpluff|76/100|[from] Stealth Rock
|move|p1a: Great Tusk|Earthquake|p2a: Jumpluff
|-immune|p2a: Jumpluff
|
|-heal|p1a: Great Tusk|94/100 tox|[from] item: Leftovers
|-damage|p1a: Great Tusk|88/100 tox|[from] psn
|upkeep
|turn|8
|
|t:|1779669268
|move|p2a: Jumpluff|Encore|p1a: Great Tusk
|-start|p1a: Great Tusk|Encore
|move|p1a: Great Tusk|Earthquake|p2a: Jumpluff
|-immune|p2a: Jumpluff
|
|-heal|p1a: Great Tusk|94/100 tox|[from] item: Leftovers
|-damage|p1a: Great Tusk|82/100 tox|[from] psn
|upkeep
|turn|9
|
|t:|1779669277
|-end|p1a: Great Tusk|Protosynthesis|[silent]
|switch|p1a: Kyurem|Kyurem|100/100
|-ability|p1a: Kyurem|Pressure
|move|p2a: Jumpluff|Substitute|p2a: Jumpluff
|-start|p2a: Jumpluff|Substitute
|-damage|p2a: Jumpluff|51/100
|
|upkeep
|turn|10
|
|t:|1779669287
|-terastallize|p2a: Jumpluff|Fairy
|move|p1a: Kyurem|Freeze-Dry|p2a: Jumpluff
|-end|p2a: Jumpluff|Substitute
|move|p2a: Jumpluff|Leech Seed|p1a: Kyurem
|-start|p1a: Kyurem|move: Leech Seed
|
|-damage|p1a: Kyurem|88/100|[from] Leech Seed|[of] p2a: Jumpluff
|-heal|p2a: Jumpluff|66/100|[silent]
|upkeep
|turn|11
|
|t:|1779669304
|switch|p1a: Kingambit|Kingambit, M|100/100
|-activate|p1a: Kingambit|ability: Supreme Overlord
|-start|p1a: Kingambit|fallen1|[silent]
|move|p2a: Jumpluff|Strength Sap|p1a: Kingambit
|-unboost|p1a: Kingambit|atk|1
|-heal|p2a: Jumpluff|100/100
|
|upkeep
|turn|12
|
|t:|1779669316
|switch|p2a: Mudsdale|Mudsdale, F|100/100
|-damage|p2a: Mudsdale|94/100|[from] Stealth Rock
|move|p1a: Kingambit|Iron Head|p2a: Mudsdale
|-damage|p2a: Mudsdale|71/100
|-damage|p1a: Kingambit|84/100|[from] item: Rocky Helmet|[of] p2a: Mudsdale
|-ability|p2a: Mudsdale|Stamina|boost
|-boost|p2a: Mudsdale|def|1
|
|upkeep
|turn|13
|
|t:|1779669329
|-end|p1a: Kingambit|fallen1|[silent]
|switch|p1a: Ogerpon|Ogerpon-Wellspring, F|100/100
|move|p2a: Mudsdale|Stealth Rock|p1a: Ogerpon
|-sidestart|p1: TotallyLegitMax|move: Stealth Rock
|
|upkeep
|turn|14
|
|t:|1779669341
|move|p1a: Ogerpon|Power Whip|p2a: Mudsdale
|-supereffective|p2a: Mudsdale
|-damage|p2a: Mudsdale|14/100
|-damage|p1a: Ogerpon|84/100|[from] item: Rocky Helmet|[of] p2a: Mudsdale
|-ability|p2a: Mudsdale|Stamina|boost
|-boost|p2a: Mudsdale|def|1
|move|p2a: Mudsdale|Roar|p1a: Ogerpon
|drag|p1a: Great Tusk|Great Tusk|82/100 tox
|-damage|p1a: Great Tusk|79/100 tox|[from] Stealth Rock
|
|-heal|p1a: Great Tusk|85/100 tox|[from] item: Leftovers
|-damage|p1a: Great Tusk|79/100 tox|[from] psn
|upkeep
|turn|15
|
|t:|1779669359
|switch|p2a: Jumpluff|Jumpluff, M, shiny, tera:Fairy|100/100
|-damage|p2a: Jumpluff|88/100|[from] Stealth Rock
|move|p1a: Great Tusk|Rapid Spin|p2a: Jumpluff
|-damage|p2a: Jumpluff|67/100
|-boost|p1a: Great Tusk|spe|1
|-sideend|p1: TotallyLegitMax|Stealth Rock|[from] move: Rapid Spin|[of] p1a: Great Tusk
|-enditem|p2a: Jumpluff|Kee Berry|[eat]
|-boost|p2a: Jumpluff|def|1|[from] item: Kee Berry
|
|-heal|p1a: Great Tusk|85/100 tox|[from] item: Leftovers
|-damage|p1a: Great Tusk|73/100 tox|[from] psn
|upkeep
|turn|16
|
|t:|1779669374
|move|p1a: Great Tusk|Knock Off|p2a: Jumpluff
|-resisted|p2a: Jumpluff
|-crit|p2a: Jumpluff
|-damage|p2a: Jumpluff|47/100
|move|p2a: Jumpluff|Leech Seed|p1a: Great Tusk|[miss]
|-miss|p2a: Jumpluff|p1a: Great Tusk
|
|-heal|p1a: Great Tusk|79/100 tox|[from] item: Leftovers
|-damage|p1a: Great Tusk|60/100 tox|[from] psn
|upkeep
|turn|17
|
|t:|1779669384
|-end|p1a: Great Tusk|Protosynthesis|[silent]
|switch|p1a: Ogerpon|Ogerpon-Wellspring, F|84/100
|move|p2a: Jumpluff|Strength Sap|p1a: Ogerpon
|-unboost|p1a: Ogerpon|atk|1
|-heal|p2a: Jumpluff|100/100
|
|upkeep
|turn|18
|
|t:|1779669397
|move|p1a: Ogerpon|Ivy Cudgel|p2a: Jumpluff|[anim] Ivy Cudgel Water
|-damage|p2a: Jumpluff|63/100
|move|p2a: Jumpluff|Leech Seed|p1a: Ogerpon
|-immune|p1a: Ogerpon
|
|upkeep
|turn|19
|
|t:|1779669408
|move|p1a: Ogerpon|Encore|p2a: Jumpluff
|-start|p2a: Jumpluff|Encore
|move|p2a: Jumpluff|Leech Seed|p1a: Ogerpon
|-immune|p1a: Ogerpon
|
|upkeep
|turn|20
|
|t:|1779669413
|switch|p2a: Registeel|Registeel, shiny|100/100
|-damage|p2a: Registeel|94/100|[from] Stealth Rock
|move|p1a: Ogerpon|Ivy Cudgel|p2a: Registeel|[anim] Ivy Cudgel Water
|-damage|p2a: Registeel|71/100
|
|upkeep
|turn|21
|
|t:|1779669429
|move|p1a: Ogerpon|Ivy Cudgel|p2a: Registeel|[anim] Ivy Cudgel Water
|-damage|p2a: Registeel|43/100
|move|p2a: Registeel|Thunder Wave|p1a: Ogerpon
|-status|p1a: Ogerpon|par
|
|upkeep
|turn|22
|
|t:|1779669438
|move|p1a: Ogerpon|Encore|p2a: Registeel
|-start|p2a: Registeel|Encore
|move|p2a: Registeel|Thunder Wave|p1a: Ogerpon
|-fail|p1a: Ogerpon|par
|
|upkeep
|turn|23
|
|t:|1779669443
|switch|p2a: Vaporeon|Vaporeon, M|100/100
|-damage|p2a: Vaporeon|88/100|[from] Stealth Rock
|move|p1a: Ogerpon|Ivy Cudgel|p2a: Vaporeon|[anim] Ivy Cudgel Water
|-heal|p2a: Vaporeon|100/100|[from] ability: Water Absorb|[of] p1a: Ogerpon
|
|upkeep
|turn|24
|
|t:|1779669450
|move|p1a: Ogerpon|Power Whip|p2a: Vaporeon
|-supereffective|p2a: Vaporeon
|-damage|p2a: Vaporeon|11/100
|move|p2a: Vaporeon|Wish|p2a: Vaporeon
|
|-heal|p2a: Vaporeon|17/100|[from] item: Leftovers
|upkeep
|turn|25
|
|t:|1779669464
|move|p2a: Vaporeon|Protect|p2a: Vaporeon
|-singleturn|p2a: Vaporeon|Protect
|move|p1a: Ogerpon|Power Whip|p2a: Vaporeon
|-activate|p2a: Vaporeon|move: Protect
|
|-heal|p2a: Vaporeon|67/100|[from] move: Wish|[wisher] Vaporeon
|-heal|p2a: Vaporeon|73/100|[from] item: Leftovers
|upkeep
|turn|26
|
|t:|1779669472
|switch|p2a: Goodra|Goodra-Hisui, M|55/100
|-damage|p2a: Goodra|49/100|[from] Stealth Rock
|move|p1a: Ogerpon|Power Whip|p2a: Goodra
|-ability|p2a: Goodra|Sap Sipper|boost
|-boost|p2a: Goodra|atk|1
|
|upkeep
|turn|27
|
|t:|1779669484
|cant|p1a: Ogerpon|par
|move|p2a: Goodra|Draco Meteor|p1a: Ogerpon
|-damage|p1a: Ogerpon|8/100 par
|-unboost|p2a: Goodra|spa|2
|
|upkeep
|turn|28
|
|t:|1779669495
|cant|p1a: Ogerpon|par
|move|p2a: Goodra|Draco Meteor|p1a: Ogerpon
|-damage|p1a: Ogerpon|0 fnt
|-unboost|p2a: Goodra|spa|2
|faint|p1a: Ogerpon
|
|upkeep
|
|t:|1779669513
|switch|p1a: Kyurem|Kyurem|88/100
|-ability|p1a: Kyurem|Pressure
|turn|29
|
|t:|1779669521
|switch|p2a: Registeel|Registeel, shiny|43/100
|-damage|p2a: Registeel|37/100|[from] Stealth Rock
|move|p1a: Kyurem|Earth Power|p2a: Registeel
|-supereffective|p2a: Registeel
|-damage|p2a: Registeel|7/100
|
|upkeep
|turn|30
|
|t:|1779669535
|move|p1a: Kyurem|Freeze-Dry|p2a: Registeel
|-resisted|p2a: Registeel
|-damage|p2a: Registeel|0 fnt
|faint|p2a: Registeel
|
|upkeep
|
|t:|1779669542
|switch|p2a: Jumpluff|Jumpluff, M, shiny, tera:Fairy|63/100
|-damage|p2a: Jumpluff|50/100|[from] Stealth Rock
|turn|31
|
|t:|1779669551
|move|p1a: Kyurem|Freeze-Dry|p2a: Jumpluff
|-damage|p2a: Jumpluff|20/100
|move|p2a: Jumpluff|Strength Sap|p1a: Kyurem
|-unboost|p1a: Kyurem|atk|1
|-heal|p2a: Jumpluff|93/100
|
|upkeep
|turn|32
|
|t:|1779669567
|move|p1a: Kyurem|Freeze-Dry|p2a: Jumpluff
|-damage|p2a: Jumpluff|61/100
|move|p2a: Jumpluff|Leech Seed|p1a: Kyurem
|-start|p1a: Kyurem|move: Leech Seed
|
|-damage|p1a: Kyurem|76/100|[from] Leech Seed|[of] p2a: Jumpluff
|-heal|p2a: Jumpluff|75/100|[silent]
|upkeep
|turn|33
|
|t:|1779669574
|move|p1a: Kyurem|Freeze-Dry|p2a: Jumpluff
|-damage|p2a: Jumpluff|44/100
|move|p2a: Jumpluff|Substitute|p2a: Jumpluff
|-start|p2a: Jumpluff|Substitute
|-damage|p2a: Jumpluff|19/100
|
|-damage|p1a: Kyurem|64/100|[from] Leech Seed|[of] p2a: Jumpluff
|-heal|p2a: Jumpluff|34/100|[silent]
|upkeep
|turn|34
|
|t:|1779669582
|move|p1a: Kyurem|Freeze-Dry|p2a: Jumpluff
|-end|p2a: Jumpluff|Substitute
|move|p2a: Jumpluff|Strength Sap|p1a: Kyurem
|-unboost|p1a: Kyurem|atk|1
|-heal|p2a: Jumpluff|82/100
|
|-damage|p1a: Kyurem|51/100|[from] Leech Seed|[of] p2a: Jumpluff
|-heal|p2a: Jumpluff|97/100|[silent]
|upkeep
|turn|35
|
|t:|1779669596
|switch|p1a: Kingambit|Kingambit, M|84/100
|-activate|p1a: Kingambit|ability: Supreme Overlord
|-start|p1a: Kingambit|fallen2|[silent]
|move|p2a: Jumpluff|Substitute|p2a: Jumpluff
|-start|p2a: Jumpluff|Substitute
|-damage|p2a: Jumpluff|72/100
|
|upkeep
|turn|36
|
|t:|1779669605
|move|p2a: Jumpluff|Leech Seed|p1a: Kingambit
|-start|p1a: Kingambit|move: Leech Seed
|move|p1a: Kingambit|Iron Head|p2a: Jumpluff
|-supereffective|p2a: Jumpluff
|-end|p2a: Jumpluff|Substitute
|
|-damage|p1a: Kingambit|72/100|[from] Leech Seed|[of] p2a: Jumpluff
|-heal|p2a: Jumpluff|87/100|[silent]
|upkeep
|turn|37
|
|t:|1779669617
|move|p2a: Jumpluff|Substitute|p2a: Jumpluff
|-start|p2a: Jumpluff|Substitute
|-damage|p2a: Jumpluff|62/100
|move|p1a: Kingambit|Swords Dance|p1a: Kingambit
|-boost|p1a: Kingambit|atk|2
|
|-damage|p1a: Kingambit|59/100|[from] Leech Seed|[of] p2a: Jumpluff
|-heal|p2a: Jumpluff|77/100|[silent]
|upkeep
|turn|38
|
|t:|1779669624
|move|p2a: Jumpluff|Encore|p1a: Kingambit
|-start|p1a: Kingambit|Encore
|move|p1a: Kingambit|Swords Dance|p1a: Kingambit
|-boost|p1a: Kingambit|atk|2
|
|-damage|p1a: Kingambit|47/100|[from] Leech Seed|[of] p2a: Jumpluff
|-heal|p2a: Jumpluff|93/100|[silent]
|upkeep
|turn|39
|
|t:|1779669637
|-end|p1a: Kingambit|fallen2|[silent]
|switch|p1a: Dragapult|Dragapult, M|100/100
|move|p2a: Jumpluff|Strength Sap|p1a: Dragapult
|-unboost|p1a: Dragapult|atk|1
|-heal|p2a: Jumpluff|100/100
|
|upkeep
|turn|40
|
|t:|1779669647
|move|p1a: Dragapult|Flamethrower|p2a: Jumpluff
|-damage|p2a: Jumpluff|68/100
|move|p2a: Jumpluff|Leech Seed|p1a: Dragapult
|-start|p1a: Dragapult|move: Leech Seed
|
|-damage|p1a: Dragapult|88/100|[from] Leech Seed|[of] p2a: Jumpluff
|-heal|p2a: Jumpluff|80/100|[silent]
|upkeep
|turn|41
|
|t:|1779669668
|move|p1a: Dragapult|Flamethrower|p2a: Jumpluff
|-damage|p2a: Jumpluff|49/100
|move|p2a: Jumpluff|Strength Sap|p1a: Dragapult
|-unboost|p1a: Dragapult|atk|1
|-heal|p2a: Jumpluff|94/100
|
|-damage|p1a: Dragapult|76/100|[from] Leech Seed|[of] p2a: Jumpluff
|-heal|p2a: Jumpluff|100/100|[silent]
|upkeep
|turn|42
|
|t:|1779669687
|switch|p1a: Great Tusk|Great Tusk|60/100 tox
|switch|p2a: Vaporeon|Vaporeon, M|73/100
|-damage|p2a: Vaporeon|61/100|[from] Stealth Rock
|
|-heal|p1a: Great Tusk|66/100 tox|[from] item: Leftovers
|-heal|p2a: Vaporeon|67/100|[from] item: Leftovers
|-damage|p1a: Great Tusk|60/100 tox|[from] psn
|upkeep
|turn|43
|
|t:|1779669701
|move|p2a: Vaporeon|Protect|p2a: Vaporeon
|-singleturn|p2a: Vaporeon|Protect
|move|p1a: Great Tusk|Knock Off|p2a: Vaporeon
|-activate|p2a: Vaporeon|move: Protect
|
|-heal|p1a: Great Tusk|66/100 tox|[from] item: Leftovers
|-heal|p2a: Vaporeon|73/100|[from] item: Leftovers
|-damage|p1a: Great Tusk|54/100 tox|[from] psn
|upkeep
|turn|44
|
|t:|1779669712
|-end|p1a: Great Tusk|Protosynthesis|[silent]
|switch|p1a: Kyurem|Kyurem|51/100
|-ability|p1a: Kyurem|Pressure
|move|p2a: Vaporeon|Wish|p2a: Vaporeon
|
|-heal|p2a: Vaporeon|79/100|[from] item: Leftovers
|upkeep
|turn|45
|
|t:|1779669726
|switch|p2a: Goodra|Goodra-Hisui, M|49/100
|-damage|p2a: Goodra|43/100|[from] Stealth Rock
|move|p1a: Kyurem|Rest|p1a: Kyurem
|-status|p1a: Kyurem|slp|[from] move: Rest
|-heal|p1a: Kyurem|100/100 slp|[silent]
|
|-heal|p2a: Goodra|100/100|[from] move: Wish|[wisher] Vaporeon
|upkeep
|turn|46
|
|t:|1779669741
|cant|p1a: Kyurem|slp
|move|p2a: Goodra|Flash Cannon|p1a: Kyurem
|-supereffective|p1a: Kyurem
|-damage|p1a: Kyurem|25/100 slp
|
|upkeep
|turn|47
|
|t:|1779669754
|switch|p1a: Kingambit|Kingambit, M|47/100
|-activate|p1a: Kingambit|ability: Supreme Overlord
|-start|p1a: Kingambit|fallen2|[silent]
|move|p2a: Goodra|Fire Blast|p1a: Kingambit
|-supereffective|p1a: Kingambit
|-damage|p1a: Kingambit|0 fnt
|faint|p1a: Kingambit
|-end|p1a: Kingambit|fallen2|[silent]
|
|upkeep
|
|t:|1779669764
|switch|p1a: Dragapult|Dragapult, M|76/100
|turn|48
|
|t:|1779669769
|move|p1a: Dragapult|Flamethrower|p2a: Goodra
|-damage|p2a: Goodra|84/100
|move|p2a: Goodra|Draco Meteor|p1a: Dragapult
|-supereffective|p1a: Dragapult
|-damage|p1a: Dragapult|0 fnt
|-unboost|p2a: Goodra|spa|2
|faint|p1a: Dragapult
|
|upkeep
|
|t:|1779669779
|switch|p1a: Great Tusk|Great Tusk|54/100 tox
|turn|49
|
|t:|1779669783
|move|p1a: Great Tusk|Knock Off|p2a: Goodra
|-damage|p2a: Goodra|58/100
|-enditem|p2a: Goodra|Assault Vest|[from] move: Knock Off|[of] p1a: Great Tusk
|move|p2a: Goodra|Surf|p1a: Great Tusk
|-supereffective|p1a: Great Tusk
|-damage|p1a: Great Tusk|17/100 tox
|
|-heal|p1a: Great Tusk|23/100 tox|[from] item: Leftovers
|-damage|p1a: Great Tusk|17/100 tox|[from] psn
|upkeep
|turn|50
|
|t:|1779669792
|move|p1a: Great Tusk|Earthquake|p2a: Goodra
|-supereffective|p2a: Goodra
|-damage|p2a: Goodra|0 fnt
|faint|p2a: Goodra
|
|-heal|p1a: Great Tusk|23/100 tox|[from] item: Leftovers
|-damage|p1a: Great Tusk|10/100 tox|[from] psn
|upkeep
|
|t:|1779669800
|switch|p2a: Vaporeon|Vaporeon, M|79/100
|-damage|p2a: Vaporeon|67/100|[from] Stealth Rock
|turn|51
|
|t:|1779669820
|move|p1a: Great Tusk|Knock Off|p2a: Vaporeon
|-damage|p2a: Vaporeon|38/100
|-enditem|p2a: Vaporeon|Leftovers|[from] move: Knock Off|[of] p1a: Great Tusk
|move|p2a: Vaporeon|Wish|p2a: Vaporeon
|
|-heal|p1a: Great Tusk|17/100 tox|[from] item: Leftovers
|-damage|p1a: Great Tusk|0 fnt|[from] psn
|faint|p1a: Great Tusk
|-end|p1a: Great Tusk|Protosynthesis|[silent]
|upkeep
|
|t:|1779669827
|switch|p1a: Kyurem|Kyurem|25/100 slp
|-ability|p1a: Kyurem|Pressure
|turn|52
|
|t:|1779669832
|cant|p1a: Kyurem|slp
|move|p2a: Vaporeon|Flip Turn|p1a: Kyurem
|-resisted|p1a: Kyurem
|-damage|p1a: Kyurem|18/100 slp
|
|t:|1779669834
|switch|p2a: Mudsdale|Mudsdale, F|14/100|[from] Flip Turn
|-damage|p2a: Mudsdale|8/100|[from] Stealth Rock
|
|-heal|p2a: Mudsdale|65/100|[from] move: Wish|[wisher] Vaporeon
|upkeep
|turn|53
|
|t:|1779669843
|-curestatus|p1a: Kyurem|slp|[msg]
|move|p1a: Kyurem|Freeze-Dry|p2a: Mudsdale
|-supereffective|p2a: Mudsdale
|-damage|p2a: Mudsdale|0 fnt
|faint|p2a: Mudsdale
|
|upkeep
|
|t:|1779669848
|switch|p2a: Jumpluff|Jumpluff, M, shiny, tera:Fairy|100/100
|-damage|p2a: Jumpluff|88/100|[from] Stealth Rock
|turn|54
|
|t:|1779669856
|move|p1a: Kyurem|Rest|p1a: Kyurem
|-status|p1a: Kyurem|slp|[from] move: Rest
|-heal|p1a: Kyurem|100/100 slp|[silent]
|move|p2a: Jumpluff|Leech Seed|p1a: Kyurem
|-start|p1a: Kyurem|move: Leech Seed
|
|-damage|p1a: Kyurem|88/100 slp|[from] Leech Seed|[of] p2a: Jumpluff
|-heal|p2a: Jumpluff|100/100|[silent]
|upkeep
|turn|55
|
|t:|1779669877
|cant|p1a: Kyurem|slp
|move|p2a: Jumpluff|Substitute|p2a: Jumpluff
|-start|p2a: Jumpluff|Substitute
|-damage|p2a: Jumpluff|76/100
|
|-damage|p1a: Kyurem|76/100 slp|[from] Leech Seed|[of] p2a: Jumpluff
|-heal|p2a: Jumpluff|90/100|[silent]
|upkeep
|turn|56
|
|t:|1779669887
|cant|p1a: Kyurem|slp
|move|p2a: Jumpluff|Strength Sap|p1a: Kyurem
|-unboost|p1a: Kyurem|atk|1
|-heal|p2a: Jumpluff|100/100
|
|-damage|p1a: Kyurem|64/100 slp|[from] Leech Seed|[of] p2a: Jumpluff
|upkeep
|turn|57
|
|t:|1779669898
|-curestatus|p1a: Kyurem|slp|[msg]
|move|p1a: Kyurem|Earth Power|p2a: Jumpluff
|-crit|p2a: Jumpluff
|-end|p2a: Jumpluff|Substitute
|move|p2a: Jumpluff|Encore|p1a: Kyurem
|-start|p1a: Kyurem|Encore
|
|-damage|p1a: Kyurem|51/100|[from] Leech Seed|[of] p2a: Jumpluff
|upkeep
|turn|58
|
|t:|1779669907
|move|p1a: Kyurem|Earth Power|p2a: Jumpluff
|-damage|p2a: Jumpluff|72/100
|move|p2a: Jumpluff|Substitute|p2a: Jumpluff
|-start|p2a: Jumpluff|Substitute
|-damage|p2a: Jumpluff|47/100
|
|-damage|p1a: Kyurem|39/100|[from] Leech Seed|[of] p2a: Jumpluff
|-heal|p2a: Jumpluff|62/100|[silent]
|upkeep
|turn|59
|
|t:|1779669915
|-terastallize|p1a: Kyurem|Ground
|move|p1a: Kyurem|Earth Power|p2a: Jumpluff
|-end|p2a: Jumpluff|Substitute
|move|p2a: Jumpluff|Substitute|p2a: Jumpluff
|-start|p2a: Jumpluff|Substitute
|-damage|p2a: Jumpluff|37/100
|
|-damage|p1a: Kyurem|27/100|[from] Leech Seed|[of] p2a: Jumpluff
|-heal|p2a: Jumpluff|51/100|[silent]
|upkeep
|turn|60
|
|t:|1779669924
|move|p1a: Kyurem|Earth Power|p2a: Jumpluff
|-end|p2a: Jumpluff|Substitute
|move|p2a: Jumpluff|Substitute|p2a: Jumpluff
|-start|p2a: Jumpluff|Substitute
|-damage|p2a: Jumpluff|27/100
|
|-damage|p1a: Kyurem|15/100|[from] Leech Seed|[of] p2a: Jumpluff
|-heal|p2a: Jumpluff|41/100|[silent]
|-end|p1a: Kyurem|Encore
|upkeep
|turn|61
|
|t:|1779669933
|move|p1a: Kyurem|Earth Power|p2a: Jumpluff
|-end|p2a: Jumpluff|Substitute
|move|p2a: Jumpluff|Strength Sap|p1a: Kyurem
|-unboost|p1a: Kyurem|atk|1
|-heal|p2a: Jumpluff|90/100
|
|-damage|p1a: Kyurem|2/100|[from] Leech Seed|[of] p2a: Jumpluff
|-heal|p2a: Jumpluff|100/100|[silent]
|upkeep
|turn|62
|
|t:|1779669945
|move|p1a: Kyurem|Earth Power|p2a: Jumpluff
|-damage|p2a: Jumpluff|62/100
|move|p2a: Jumpluff|Strength Sap|p1a: Kyurem
|-unboost|p1a: Kyurem|atk|1
|-heal|p2a: Jumpluff|98/100
|
|-damage|p1a: Kyurem|0 fnt|[from] Leech Seed|[of] p2a: Jumpluff
|-heal|p2a: Jumpluff|99/100|[silent]
|faint|p1a: Kyurem
|
|win|lunarfae
|raw|TotallyLegitMax's rating: 1110 &rarr; <strong>1087</strong><br />(-23 for losing)
|raw|lunarfae's rating: 1139 &rarr; <strong>1162</strong><br />(+23 for winning)
|l|☆TotallyLegitMax
|player|p1|
