|j|☆Team10thPlanet
|j|☆whisperingcloth
|t:|1779564224
|gametype|singles
|player|p1|Team10thPlanet|veteran|1541
|player|p2|whisperingcloth|266|1702
|gen|9
|tier|[Gen 9] OU
|rated|
|rule|HP Percentage Mod: HP is shown in percentages
|rule|Endless Battle Clause: Forcing endless battles is banned
|rule|Species Clause: Limit one of each Pokémon
|rule|OHKO Clause: OHKO moves are banned
|rule|Evasion Items Clause: Evasion items are banned
|rule|Evasion Moves Clause: Evasion moves are banned
|rule|Evasion Abilities Clause: Evasion abilities are banned
|rule|Sleep Moves Clause: Sleep-inducing moves are banned
|clearpoke
|poke|p1|Zamazenta-*|
|poke|p1|Dragonite, M|
|poke|p1|Araquanid, M|
|poke|p1|Iron Treads|
|poke|p1|Raikou|
|poke|p1|Enamorus, F|
|poke|p2|Scizor, M|
|poke|p2|Deoxys-Speed|
|poke|p2|Garganacl, M|
|poke|p2|Kyurem|
|poke|p2|Great Tusk|
|poke|p2|Zapdos|
|teampreview
|inactive|Battle timer is ON: inactive players will automatically lose when time's up. (requested by whisperingcloth)
|
|t:|1779564253
|teamsize|p1|6
|teamsize|p2|6
|start
|switch|p1a: Diego ⚡️|Raikou|100/100
|switch|p2a: Scizor|Scizor, M|100/100
|-ability|p1a: Diego ⚡️|Pressure
|turn|1
|
|t:|1779564266
|switch|p2a: Great Tusk|Great Tusk|100/100
|-terastallize|p1a: Diego ⚡️|Electric
|move|p1a: Diego ⚡️|Thunderbolt|p2a: Great Tusk
|-immune|p2a: Great Tusk
|
|upkeep
|turn|2
|c|☆Team10thPlanet|you read my soul
|c|☆Team10thPlanet|lol
|
|t:|1779564284
|switch|p1a: Johnny Tsunami 🌊|Araquanid, M|100/100
|move|p2a: Great Tusk|Headlong Rush|p1a: Johnny Tsunami 🌊
|-resisted|p1a: Johnny Tsunami 🌊
|-damage|p1a: Johnny Tsunami 🌊|69/100
|-unboost|p2a: Great Tusk|def|1
|-unboost|p2a: Great Tusk|spd|1
|
|upkeep
|turn|3
|c|☆whisperingcloth|lol
|c|☆whisperingcloth|im lowkey scared of that thing
|
|t:|1779564304
|-end|p2a: Great Tusk|Protosynthesis|[silent]
|switch|p2a: Kyurem|Kyurem|100/100
|-ability|p2a: Kyurem|Pressure
|move|p1a: Johnny Tsunami 🌊|Surf|p2a: Kyurem
|-resisted|p2a: Kyurem
|-damage|p2a: Kyurem|82/100
|
|upkeep
|turn|4
|
|t:|1779564313
|move|p2a: Kyurem|Freeze-Dry|p1a: Johnny Tsunami 🌊
|-supereffective|p1a: Johnny Tsunami 🌊
|-damage|p1a: Johnny Tsunami 🌊|19/100
|move|p1a: Johnny Tsunami 🌊|Mirror Coat|p2a: Kyurem
|-damage|p2a: Kyurem|0 fnt
|faint|p2a: Kyurem
|
|upkeep
|
|t:|1779564317
|switch|p2a: Zapdos|Zapdos|100/100
|turn|5
|-enditem|p1a: Johnny Tsunami 🌊|Custap Berry|[eat]
|-activate|p1a: Johnny Tsunami 🌊|item: Custap Berry|[consumed]
|
|t:|1779564325
|move|p1a: Johnny Tsunami 🌊|Endeavor|p2a: Zapdos
|-damage|p2a: Zapdos|17/100
|move|p2a: Zapdos|Volt Switch|p1a: Johnny Tsunami 🌊
|-supereffective|p1a: Johnny Tsunami 🌊
|-damage|p1a: Johnny Tsunami 🌊|0 fnt
|faint|p1a: Johnny Tsunami 🌊
|
|t:|1779564335
|switch|p2a: Garganacl|Garganacl, M|100/100|[from] Volt Switch
|
|upkeep
|inactive|Team10thPlanet has 120 seconds left.
|
|t:|1779564375
|switch|p1a: Diego ⚡️|Raikou, tera:Electric|100/100
|-ability|p1a: Diego ⚡️|Pressure
|turn|6
|
|t:|1779564383
|move|p2a: Garganacl|Protect|p2a: Garganacl
|-singleturn|p2a: Garganacl|Protect
|move|p1a: Diego ⚡️|Scald|p2a: Garganacl
|-activate|p2a: Garganacl|move: Protect
|
|upkeep
|turn|7
|
|t:|1779564397
|switch|p1a: Iron Treads|Iron Treads|100/100
|-enditem|p1a: Iron Treads|Booster Energy
|-activate|p1a: Iron Treads|ability: Quark Drive|[fromitem]
|-start|p1a: Iron Treads|quarkdrivespe
|-terastallize|p2a: Garganacl|Water
|move|p2a: Garganacl|Stealth Rock|p1a: Iron Treads
|-sidestart|p1: Team10thPlanet|move: Stealth Rock
|
|upkeep
|turn|8
|
|t:|1779564407
|move|p1a: Iron Treads|Rapid Spin|p2a: Garganacl
|-damage|p2a: Garganacl|91/100
|-boost|p1a: Iron Treads|spe|1
|-sideend|p1: Team10thPlanet|Stealth Rock|[from] move: Rapid Spin|[of] p1a: Iron Treads
|move|p2a: Garganacl|Salt Cure|p1a: Iron Treads
|-resisted|p1a: Iron Treads
|-damage|p1a: Iron Treads|97/100
|-start|p1a: Iron Treads|Salt Cure
|
|-heal|p2a: Garganacl|97/100|[from] item: Leftovers
|-damage|p1a: Iron Treads|72/100|[from] Salt Cure
|upkeep
|turn|9
|inactive|Team10thPlanet has 120 seconds left.
|
|t:|1779564450
|switch|p2a: Zapdos|Zapdos|17/100
|move|p1a: Iron Treads|Knock Off|p2a: Zapdos
|-damage|p2a: Zapdos|0 fnt
|-enditem|p2a: Zapdos|Heavy-Duty Boots|[from] move: Knock Off|[of] p1a: Iron Treads
|faint|p2a: Zapdos
|
|-damage|p1a: Iron Treads|47/100|[from] Salt Cure
|upkeep
|
|t:|1779564466
|switch|p2a: Great Tusk|Great Tusk|100/100
|turn|10
|
|t:|1779564473
|move|p1a: Iron Treads|Endeavor|p2a: Great Tusk
|-damage|p2a: Great Tusk|41/100
|move|p2a: Great Tusk|Headlong Rush|p1a: Iron Treads
|-supereffective|p1a: Iron Treads
|-damage|p1a: Iron Treads|0 fnt
|-unboost|p2a: Great Tusk|def|1
|-unboost|p2a: Great Tusk|spd|1
|faint|p1a: Iron Treads
|-end|p1a: Iron Treads|Quark Drive|[silent]
|
|upkeep
|inactive|Team10thPlanet has 90 seconds left.
|
|t:|1779564515
|switch|p1a: Diego ⚡️|Raikou, tera:Electric|100/100
|-ability|p1a: Diego ⚡️|Pressure
|turn|11
|
|t:|1779564529
|move|p1a: Diego ⚡️|Scald|p2a: Great Tusk
|-supereffective|p2a: Great Tusk
|-damage|p2a: Great Tusk|0 fnt
|faint|p2a: Great Tusk
|-end|p2a: Great Tusk|Protosynthesis|[silent]
|
|upkeep
|
|t:|1779564534
|switch|p2a: Garganacl|Garganacl, M, tera:Water|97/100
|turn|12
|
|t:|1779564558
|switch|p1a: Fat Boy|Dragonite, M, shiny|100/100
|move|p2a: Garganacl|Salt Cure|p1a: Fat Boy
|-supereffective|p1a: Fat Boy
|-damage|p1a: Fat Boy|87/100
|-start|p1a: Fat Boy|Salt Cure
|
|-heal|p2a: Garganacl|100/100|[from] item: Leftovers
|-damage|p1a: Fat Boy|75/100|[from] Salt Cure
|upkeep
|turn|13
|
|t:|1779564570
|move|p1a: Fat Boy|Outrage|p2a: Garganacl
|-damage|p2a: Garganacl|32/100
|move|p2a: Garganacl|Stealth Rock|p1a: Fat Boy
|-sidestart|p1: Team10thPlanet|move: Stealth Rock
|
|-heal|p2a: Garganacl|38/100|[from] item: Leftovers
|-damage|p1a: Fat Boy|62/100|[from] Salt Cure
|upkeep
|turn|14
|
|t:|1779564579
|move|p2a: Garganacl|Protect|p2a: Garganacl
|-singleturn|p2a: Garganacl|Protect
|move|p1a: Fat Boy|Outrage|p2a: Garganacl|[from] lockedmove
|-activate|p2a: Garganacl|move: Protect
|-start|p1a: Fat Boy|confusion|[fatigue]
|
|-heal|p2a: Garganacl|44/100|[from] item: Leftovers
|-damage|p1a: Fat Boy|50/100|[from] Salt Cure
|upkeep
|turn|15
|
|t:|1779564590
|-activate|p1a: Fat Boy|confusion
|-damage|p1a: Fat Boy|36/100|[from] confusion
|move|p2a: Garganacl|Recover|p2a: Garganacl
|-heal|p2a: Garganacl|94/100
|
|-heal|p2a: Garganacl|100/100|[from] item: Leftovers
|-damage|p1a: Fat Boy|24/100|[from] Salt Cure
|upkeep
|turn|16
|
|t:|1779564598
|-activate|p1a: Fat Boy|confusion
|move|p1a: Fat Boy|Outrage|p2a: Garganacl
|-damage|p2a: Garganacl|36/100
|move|p2a: Garganacl|Recover|p2a: Garganacl
|-heal|p2a: Garganacl|86/100
|
|-heal|p2a: Garganacl|93/100|[from] item: Leftovers
|-damage|p1a: Fat Boy|11/100|[from] Salt Cure
|upkeep
|turn|17
|
|t:|1779564608
|move|p2a: Garganacl|Protect|p2a: Garganacl
|-singleturn|p2a: Garganacl|Protect
|-end|p1a: Fat Boy|confusion
|move|p1a: Fat Boy|Outrage|p2a: Garganacl|[from] lockedmove
|-activate|p2a: Garganacl|move: Protect
|
|-heal|p2a: Garganacl|99/100|[from] item: Leftovers
|-damage|p1a: Fat Boy|0 fnt|[from] Salt Cure
|faint|p1a: Fat Boy
|upkeep
|
|t:|1779564623
|switch|p1a: Diego ⚡️|Raikou, tera:Electric|100/100
|-damage|p1a: Diego ⚡️|88/100|[from] Stealth Rock
|-ability|p1a: Diego ⚡️|Pressure
|turn|18
|
|t:|1779564632
|move|p2a: Garganacl|Protect||[still]
|-fail|p2a: Garganacl
|move|p1a: Diego ⚡️|Thunderbolt|p2a: Garganacl
|-supereffective|p2a: Garganacl
|-damage|p2a: Garganacl|0 fnt
|faint|p2a: Garganacl
|
|upkeep
|
|t:|1779564642
|switch|p2a: Deoxys|Deoxys-Speed|100/100
|-ability|p2a: Deoxys|Pressure
|turn|19
|inactive|Team10thPlanet has 90 seconds left.
|
|t:|1779564657
|move|p2a: Deoxys|Knock Off|p1a: Diego ⚡️
|-damage|p1a: Diego ⚡️|55/100
|-enditem|p1a: Diego ⚡️|Choice Specs|[from] move: Knock Off|[of] p2a: Deoxys
|move|p1a: Diego ⚡️|Thunderbolt|p2a: Deoxys
|-damage|p2a: Deoxys|0 fnt
|faint|p2a: Deoxys
|
|upkeep
|
|t:|1779564661
|switch|p2a: Scizor|Scizor, M|100/100
|turn|20
|inactive|Team10thPlanet has 90 seconds left.
|
|t:|1779564674
|move|p2a: Scizor|Bullet Punch|p1a: Diego ⚡️
|-resisted|p1a: Diego ⚡️
|-damage|p1a: Diego ⚡️|23/100
|move|p1a: Diego ⚡️|Thunderbolt|p2a: Scizor
|-damage|p2a: Scizor|14/100
|
|upkeep
|turn|21
|
|t:|1779564683
|move|p2a: Scizor|Bullet Punch|p1a: Diego ⚡️
|-resisted|p1a: Diego ⚡️
|-damage|p1a: Diego ⚡️|0 fnt
|faint|p1a: Diego ⚡️
|
|upkeep
|inactive|Team10thPlanet has 90 seconds left.
|j| testingrainteam1
|c|☆Team10thPlanet|raikou is fun bro!
|
|t:|1779564704
|switch|p1a: Zamazenta|Zamazenta|100/100
|-damage|p1a: Zamazenta|94/100|[from] Stealth Rock
|-ability|p1a: Zamazenta|Dauntless Shield|boost
|-boost|p1a: Zamazenta|def|1
|turn|22
|c|☆whisperingcloth|yeah thats cool
|l| testingrainteam1
|c|☆whisperingcloth|hoping for the super crit here
|
|t:|1779564713
|move|p2a: Scizor|Bullet Punch|p1a: Zamazenta
|-damage|p1a: Zamazenta|59/100
|move|p1a: Zamazenta|Crunch|p2a: Scizor
|-damage|p2a: Scizor|0 fnt
|faint|p2a: Scizor
|
|win|Team10thPlanet
|raw|Team10thPlanet's rating: 1541 &rarr; <strong>1570</strong><br />(+29 for winning)
|raw|whisperingcloth's rating: 1702 &rarr; <strong>1673</strong><br />(-29 for losing)
|c|☆whisperingcloth|gg
|l|☆Team10thPlanet
|player|p1|
|l|☆whisperingcloth
|player|p2|
