|j|☆Nuke_sx
|j|☆Coryfonsucka
|t:|1779605769
|gametype|singles
|player|p1|Nuke_sx|pokemonranger-gen4|1058
|player|p2|Coryfonsucka|265|1000
|gen|9
|tier|[Gen 9] OU
|rated|
|rule|HP Percentage Mod: HP is shown in percentages
|rule|Endless Battle Clause: Forcing endless battles is banned
|rule|Species Clause: Limit one of each Pokémon
|rule|OHKO Clause: OHKO moves are banned
|rule|Evasion Items Clause: Evasion items are banned
|rule|Evasion Moves Clause: Evasion moves are banned
|rule|Evasion Abilities Clause: Evasion abilities are banned
|rule|Sleep Moves Clause: Sleep-inducing moves are banned
|clearpoke
|poke|p1|Gengar, M|
|poke|p1|Dragonite, M|
|poke|p1|Heatran, M|
|poke|p1|Corviknight, F|
|poke|p1|Iron Valiant|
|poke|p1|Ting-Lu|
|poke|p2|Forretress, F|
|poke|p2|Ribombee, M|
|poke|p2|Vikavolt, F|
|poke|p2|Yanmega, F|
|poke|p2|Lokix, M|
|poke|p2|Slither Wing|
|teampreview
|
|t:|1779605800
|teamsize|p1|6
|teamsize|p2|6
|start
|switch|p1a: Ting-Lu|Ting-Lu|100/100
|switch|p2a: Forretress|Forretress, F, shiny|100/100
|-ability|p1a: Ting-Lu|Vessel of Ruin
|turn|1
|
|t:|1779605814
|-terastallize|p1a: Ting-Lu|Dark
|move|p1a: Ting-Lu|Ruination|p2a: Forretress
|-damage|p2a: Forretress|50/100
|move|p2a: Forretress|Stealth Rock|p1a: Ting-Lu
|-sidestart|p1: Nuke_sx|move: Stealth Rock
|
|upkeep
|turn|2
|
|t:|1779605828
|move|p1a: Ting-Lu|Stealth Rock|p2a: Forretress
|-sidestart|p2: Coryfonsucka|move: Stealth Rock
|move|p2a: Forretress|Toxic Spikes|p1a: Ting-Lu
|-sidestart|p1: Nuke_sx|move: Toxic Spikes
|
|upkeep
|turn|3
|
|t:|1779605837
|move|p1a: Ting-Lu|Earthquake|p2a: Forretress
|-damage|p2a: Forretress|31/100
|move|p2a: Forretress|Rapid Spin|p1a: Ting-Lu
|-damage|p1a: Ting-Lu|95/100
|-boost|p2a: Forretress|spe|1
|-sideend|p2: Coryfonsucka|Stealth Rock|[from] move: Rapid Spin|[of] p2a: Forretress
|
|-heal|p1a: Ting-Lu|100/100|[from] item: Leftovers
|upkeep
|turn|4
|
|t:|1779605850
|move|p2a: Forretress|Iron Head|p1a: Ting-Lu
|-damage|p1a: Ting-Lu|86/100
|cant|p1a: Ting-Lu|flinch
|
|-heal|p1a: Ting-Lu|93/100|[from] item: Leftovers
|upkeep
|turn|5
|
|t:|1779605861
|move|p2a: Forretress|Rapid Spin|p1a: Ting-Lu
|-damage|p1a: Ting-Lu|86/100
|-boost|p2a: Forretress|spe|1
|move|p1a: Ting-Lu|Whirlwind|p2a: Forretress
|drag|p2a: Yanmega|Yanmega, F, shiny|100/100
|
|-heal|p1a: Ting-Lu|93/100|[from] item: Leftovers
|upkeep
|turn|6
|
|t:|1779605873
|move|p2a: Yanmega|Bug Buzz|p1a: Ting-Lu
|-supereffective|p1a: Ting-Lu
|-damage|p1a: Ting-Lu|29/100
|move|p1a: Ting-Lu|Stealth Rock|p2a: Yanmega
|-sidestart|p2: Coryfonsucka|move: Stealth Rock
|
|-heal|p1a: Ting-Lu|35/100|[from] item: Leftovers
|upkeep
|turn|7
|
|t:|1779605885
|switch|p1a: Heatran|Heatran, M|100/100
|-damage|p1a: Heatran|88/100|[from] Stealth Rock
|move|p2a: Yanmega|Bug Buzz|p1a: Heatran
|-resisted|p1a: Heatran
|-damage|p1a: Heatran|62/100
|
|-heal|p1a: Heatran|68/100|[from] item: Leftovers
|upkeep
|turn|8
|
|t:|1779605904
|move|p2a: Yanmega|Bug Buzz|p1a: Heatran
|-resisted|p1a: Heatran
|-crit|p1a: Heatran
|-damage|p1a: Heatran|33/100
|move|p1a: Heatran|Magma Storm|p2a: Yanmega
|-supereffective|p2a: Yanmega
|-damage|p2a: Yanmega|0 fnt
|faint|p2a: Yanmega
|
|-heal|p1a: Heatran|39/100|[from] item: Leftovers
|upkeep
|
|t:|1779605910
|switch|p2a: Slither Wing|Slither Wing, shiny|100/100
|-damage|p2a: Slither Wing|88/100|[from] Stealth Rock
|-enditem|p2a: Slither Wing|Booster Energy
|-activate|p2a: Slither Wing|ability: Protosynthesis|[fromitem]
|-start|p2a: Slither Wing|protosynthesisatk
|turn|9
|
|t:|1779605922
|move|p2a: Slither Wing|Earthquake|p1a: Heatran
|-supereffective|p1a: Heatran
|-damage|p1a: Heatran|0 fnt
|faint|p1a: Heatran
|
|upkeep
|
|t:|1779605927
|switch|p1a: Gengar|Gengar, M|100/100
|-damage|p1a: Gengar|88/100|[from] Stealth Rock
|-sideend|p1: Nuke_sx|move: Toxic Spikes|[of] p1a: Gengar
|turn|10
|
|t:|1779605939
|move|p1a: Gengar|Thunderbolt|p2a: Slither Wing
|-damage|p2a: Slither Wing|43/100
|-damage|p1a: Gengar|78/100|[from] item: Life Orb
|move|p2a: Slither Wing|Earthquake|p1a: Gengar
|-supereffective|p1a: Gengar
|-damage|p1a: Gengar|0 fnt
|-start|p2a: Slither Wing|Disable|Earthquake|[from] ability: Cursed Body|[of] p1a: Gengar
|faint|p1a: Gengar
|
|upkeep
|
|t:|1779605950
|switch|p1a: Corviknight|Corviknight, F|100/100
|-damage|p1a: Corviknight|88/100|[from] Stealth Rock
|-ability|p1a: Corviknight|Pressure
|turn|11
|
|t:|1779605958
|move|p2a: Slither Wing|Flare Blitz|p1a: Corviknight
|-supereffective|p1a: Corviknight
|-damage|p1a: Corviknight|20/100
|-damage|p2a: Slither Wing|14/100|[from] Recoil
|move|p1a: Corviknight|Defog|p2a: Slither Wing
|-unboost|p2a: Slither Wing|evasion|1
|-sideend|p2: Coryfonsucka|Stealth Rock|[from] move: Defog|[of] p1a: Corviknight
|-sideend|p1: Nuke_sx|Stealth Rock|[from] move: Defog|[of] p1a: Corviknight
|
|-heal|p1a: Corviknight|27/100|[from] item: Leftovers
|upkeep
|turn|12
|
|t:|1779605973
|switch|p1a: Ting-Lu|Ting-Lu, tera:Dark|35/100
|-ability|p1a: Ting-Lu|Vessel of Ruin
|move|p2a: Slither Wing|Flare Blitz|p1a: Ting-Lu
|-damage|p1a: Ting-Lu|4/100
|-damage|p2a: Slither Wing|0 fnt|[from] Recoil
|faint|p2a: Slither Wing
|-end|p2a: Slither Wing|Protosynthesis|[silent]
|
|-heal|p1a: Ting-Lu|11/100|[from] item: Leftovers
|upkeep
|
|t:|1779605981
|switch|p2a: Ribombee|Ribombee, M, shiny|100/100
|turn|13
|
|t:|1779605990
|move|p2a: Ribombee|Moonblast|p1a: Ting-Lu
|-supereffective|p1a: Ting-Lu
|-damage|p1a: Ting-Lu|0 fnt
|faint|p1a: Ting-Lu
|
|upkeep
|
|t:|1779605996
|switch|p1a: Corviknight|Corviknight, F|27/100
|-ability|p1a: Corviknight|Pressure
|turn|14
|
|t:|1779606012
|switch|p2a: Forretress|Forretress, F, shiny|31/100
|move|p1a: Corviknight|Roost|p1a: Corviknight
|-heal|p1a: Corviknight|77/100
|-singleturn|p1a: Corviknight|move: Roost
|
|-heal|p1a: Corviknight|83/100|[from] item: Leftovers
|upkeep
|turn|15
|
|t:|1779606022
|move|p1a: Corviknight|Body Press|p2a: Forretress
|-damage|p2a: Forretress|15/100
|-damage|p1a: Corviknight|66/100|[from] item: Rocky Helmet|[of] p2a: Forretress
|move|p2a: Forretress|Stealth Rock|p1a: Corviknight
|-sidestart|p1: Nuke_sx|move: Stealth Rock
|
|-heal|p1a: Corviknight|73/100|[from] item: Leftovers
|upkeep
|turn|16
|
|t:|1779606034
|move|p1a: Corviknight|Roost|p1a: Corviknight
|-heal|p1a: Corviknight|100/100
|-singleturn|p1a: Corviknight|move: Roost
|move|p2a: Forretress|Toxic Spikes|p1a: Corviknight
|-sidestart|p1: Nuke_sx|move: Toxic Spikes
|
|upkeep
|turn|17
|
|t:|1779606055
|move|p1a: Corviknight|Defog|p2a: Forretress
|-unboost|p2a: Forretress|evasion|1
|-sideend|p1: Nuke_sx|Toxic Spikes|[from] move: Defog|[of] p1a: Corviknight
|-sideend|p1: Nuke_sx|Stealth Rock|[from] move: Defog|[of] p1a: Corviknight
|move|p2a: Forretress|Rapid Spin|p1a: Corviknight
|-resisted|p1a: Corviknight
|-damage|p1a: Corviknight|97/100
|-boost|p2a: Forretress|spe|1
|
|-heal|p1a: Corviknight|100/100|[from] item: Leftovers
|upkeep
|turn|18
|
|t:|1779606066
|switch|p2a: Vikavolt|Vikavolt, F, shiny|100/100
|move|p1a: Corviknight|Body Press|p2a: Vikavolt
|-resisted|p2a: Vikavolt
|-damage|p2a: Vikavolt|83/100
|
|upkeep
|turn|19
|
|t:|1779606075
|move|p2a: Vikavolt|Thunderbolt|p1a: Corviknight
|-supereffective|p1a: Corviknight
|-damage|p1a: Corviknight|1/100
|move|p1a: Corviknight|Body Press|p2a: Vikavolt
|-resisted|p2a: Vikavolt
|-damage|p2a: Vikavolt|65/100
|
|-heal|p1a: Corviknight|7/100|[from] item: Leftovers
|upkeep
|turn|20
|
|t:|1779606087
|move|p2a: Vikavolt|Thunderbolt|p1a: Corviknight
|-supereffective|p1a: Corviknight
|-damage|p1a: Corviknight|0 fnt
|faint|p1a: Corviknight
|
|upkeep
|
|t:|1779606093
|switch|p1a: Dragonite|Dragonite, M|100/100
|turn|21
|
|t:|1779606101
|move|p2a: Vikavolt|Thunderbolt|p1a: Dragonite
|-damage|p1a: Dragonite|77/100
|move|p1a: Dragonite|Dragon Dance|p1a: Dragonite
|-boost|p1a: Dragonite|atk|1
|-boost|p1a: Dragonite|spe|1
|
|upkeep
|turn|22
|
|t:|1779606108
|switch|p2a: Ribombee|Ribombee, M, shiny|100/100
|move|p1a: Dragonite|Dragon Dance|p1a: Dragonite
|-boost|p1a: Dragonite|atk|1
|-boost|p1a: Dragonite|spe|1
|
|upkeep
|turn|23
|
|t:|1779606122
|-terastallize|p2a: Ribombee|Ghost
|move|p1a: Dragonite|Scale Shot|p2a: Ribombee
|-damage|p2a: Ribombee|41/100
|-damage|p2a: Ribombee|0 fnt
|faint|p2a: Ribombee
|-hitcount|p2: Ribombee|2
|-unboost|p1a: Dragonite|def|1
|-boost|p1a: Dragonite|spe|1
|
|upkeep
|
|t:|1779606128
|switch|p2a: Lokix|Lokix, M, shiny|100/100
|turn|24
|
|t:|1779606137
|move|p2a: Lokix|First Impression|p1a: Dragonite
|-resisted|p1a: Dragonite
|-damage|p1a: Dragonite|20/100
|move|p1a: Dragonite|Scale Shot|p2a: Lokix
|-damage|p2a: Lokix|56/100
|-damage|p2a: Lokix|10/100
|-damage|p2a: Lokix|0 fnt
|faint|p2a: Lokix
|-hitcount|p2: Lokix|3
|-unboost|p1a: Dragonite|def|1
|-boost|p1a: Dragonite|spe|1
|
|upkeep
|
|t:|1779606145
|switch|p2a: Vikavolt|Vikavolt, F, shiny|65/100
|turn|25
|
|t:|1779606157
|move|p1a: Dragonite|Scale Shot|p2a: Vikavolt
|-damage|p2a: Vikavolt|29/100
|-damage|p2a: Vikavolt|0 fnt
|faint|p2a: Vikavolt
|-hitcount|p2: Vikavolt|2
|-unboost|p1a: Dragonite|def|1
|-boost|p1a: Dragonite|spe|1
|
|upkeep
|
|t:|1779606161
|switch|p2a: Forretress|Forretress, F, shiny|15/100
|turn|26
|c|☆Coryfonsucka|nooo
|
|t:|1779606168
|move|p1a: Dragonite|Extreme Speed|p2a: Forretress
|-resisted|p2a: Forretress
|-damage|p2a: Forretress|0 fnt
|-damage|p1a: Dragonite|4/100|[from] item: Rocky Helmet|[of] p2a: Forretress
|faint|p2a: Forretress
|
|win|Nuke_sx
|raw|Nuke_sx's rating: 1058 &rarr; <strong>1084</strong><br />(+26 for winning)
|raw|Coryfonsucka's rating: 1000 &rarr; <strong>1000</strong><br />(+0 for losing)
|c|☆Coryfonsucka|ggs
|l|☆Coryfonsucka
|player|p2|
