|j|☆TwinkleLittleStars
|j|☆Ballerr
|t:|1779708143
|gametype|singles
|player|p1|TwinkleLittleStars|alec-anime|1471
|player|p2|Ballerr|miku-ground|1520
|gen|9
|tier|[Gen 9] OU
|rated|
|rule|HP Percentage Mod: HP is shown in percentages
|rule|Endless Battle Clause: Forcing endless battles is banned
|rule|Species Clause: Limit one of each Pokémon
|rule|OHKO Clause: OHKO moves are banned
|rule|Evasion Items Clause: Evasion items are banned
|rule|Evasion Moves Clause: Evasion moves are banned
|rule|Evasion Abilities Clause: Evasion abilities are banned
|rule|Sleep Moves Clause: Sleep-inducing moves are banned
|clearpoke
|poke|p1|Deoxys-Speed|
|poke|p1|Latias, F|
|poke|p1|Great Tusk|
|poke|p1|Zamazenta-*|
|poke|p1|Ceruledge, M|
|poke|p1|Metagross|
|poke|p2|Entei|
|poke|p2|Gliscor, M|
|poke|p2|Iron Treads|
|poke|p2|Dragapult, F|
|poke|p2|Samurott-Hisui, M|
|poke|p2|Weezing-Galar, F|
|teampreview
|
|t:|1779708161
|teamsize|p1|6
|teamsize|p2|6
|start
|switch|p1a: Deoxys|Deoxys-Speed|100/100
|switch|p2a: Iron Treads|Iron Treads|100/100
|-ability|p1a: Deoxys|Pressure
|turn|1
|
|t:|1779708169
|move|p1a: Deoxys|Taunt|p2a: Iron Treads
|-start|p2a: Iron Treads|move: Taunt
|move|p2a: Iron Treads|Knock Off|p1a: Deoxys
|-supereffective|p1a: Deoxys
|-damage|p1a: Deoxys|23/100
|-enditem|p1a: Deoxys|Light Clay|[from] move: Knock Off|[of] p2a: Iron Treads
|
|upkeep
|turn|2
|
|t:|1779708179
|move|p1a: Deoxys|Reflect|p1a: Deoxys
|-sidestart|p1: TwinkleLittleStars|Reflect
|move|p2a: Iron Treads|Rapid Spin|p1a: Deoxys
|-damage|p1a: Deoxys|12/100
|-boost|p2a: Iron Treads|spe|1
|
|upkeep
|turn|3
|
|t:|1779708189
|move|p2a: Iron Treads|Knock Off|p1a: Deoxys
|-supereffective|p1a: Deoxys
|-damage|p1a: Deoxys|0 fnt
|faint|p1a: Deoxys
|
|-end|p2a: Iron Treads|move: Taunt
|upkeep
|
|t:|1779708195
|switch|p1a: Metagross|Metagross|100/100
|turn|4
|
|t:|1779708210
|-end|p2a: Iron Treads|Quark Drive|[silent]
|switch|p2a: Dragapult|Dragapult, F|100/100
|move|p1a: Metagross|Agility|p1a: Metagross
|-boost|p1a: Metagross|spe|2
|
|upkeep
|turn|5
|j| testingrainteam1
|
|t:|1779708237
|switch|p2a: Iron Treads|Iron Treads|100/100
|move|p1a: Metagross|Heavy Slam|p2a: Iron Treads
|-resisted|p2a: Iron Treads
|-damage|p2a: Iron Treads|83/100
|
|-heal|p2a: Iron Treads|90/100|[from] item: Leftovers
|upkeep
|turn|6
|
|t:|1779708243
|move|p1a: Metagross|Earthquake|p2a: Iron Treads
|-supereffective|p2a: Iron Treads
|-damage|p2a: Iron Treads|13/100
|move|p2a: Iron Treads|Earthquake|p1a: Metagross
|-supereffective|p1a: Metagross
|-damage|p1a: Metagross|58/100
|-enditem|p1a: Metagross|Weakness Policy
|-boost|p1a: Metagross|atk|2|[from] item: Weakness Policy
|-boost|p1a: Metagross|spa|2|[from] item: Weakness Policy
|
|-heal|p2a: Iron Treads|19/100|[from] item: Leftovers
|-sideend|p1: TwinkleLittleStars|Reflect
|upkeep
|turn|7
|
|t:|1779708251
|move|p1a: Metagross|Heavy Slam|p2a: Iron Treads
|-resisted|p2a: Iron Treads
|-damage|p2a: Iron Treads|0 fnt
|faint|p2a: Iron Treads
|-end|p2a: Iron Treads|Quark Drive|[silent]
|
|upkeep
|
|t:|1779708254
|switch|p2a: Samurott|Samurott-Hisui, M|100/100
|turn|8
|
|t:|1779708258
|move|p1a: Metagross|Earthquake|p2a: Samurott
|-damage|p2a: Samurott|17/100
|move|p2a: Samurott|Ceaseless Edge|p1a: Metagross
|-supereffective|p1a: Metagross
|-damage|p1a: Metagross|0 fnt
|-sidestart|p1: TwinkleLittleStars|Spikes
|faint|p1a: Metagross
|
|upkeep
|
|t:|1779708265
|switch|p1a: Latias|Latias, F|100/100
|turn|9
|
|t:|1779708270
|move|p1a: Latias|Agility|p1a: Latias
|-boost|p1a: Latias|spe|2
|move|p2a: Samurott|Razor Shell|p1a: Latias
|-resisted|p1a: Latias
|-damage|p1a: Latias|82/100
|
|upkeep
|turn|10
|
|t:|1779708281
|move|p1a: Latias|Aura Sphere|p2a: Samurott
|-supereffective|p2a: Samurott
|-crit|p2a: Samurott
|-damage|p2a: Samurott|0 fnt
|faint|p2a: Samurott
|
|upkeep
|l| testingrainteam1
|
|t:|1779708298
|switch|p2a: Dragapult|Dragapult, F|100/100
|turn|11
|
|t:|1779708304
|-terastallize|p2a: Dragapult|Ghost
|move|p1a: Latias|Calm Mind|p1a: Latias
|-boost|p1a: Latias|spa|1
|-boost|p1a: Latias|spd|1
|move|p2a: Dragapult|Hex|p1a: Latias
|-supereffective|p1a: Latias
|-damage|p1a: Latias|34/100
|-enditem|p1a: Latias|Weakness Policy
|-boost|p1a: Latias|atk|2|[from] item: Weakness Policy
|-boost|p1a: Latias|spa|2|[from] item: Weakness Policy
|
|upkeep
|turn|12
|
|t:|1779708318
|switch|p2a: Weezing|Weezing-Galar, F|100/100
|-ability|p2a: Weezing|Neutralizing Gas
|move|p1a: Latias|Stored Power|p2a: Weezing
|-supereffective|p2a: Weezing
|-damage|p2a: Weezing|0 fnt
|faint|p2a: Weezing
|-end|p2a: Weezing|ability: Neutralizing Gas
|
|upkeep
|
|t:|1779708320
|switch|p2a: Entei|Entei|100/100
|turn|13
|
|t:|1779708323
|move|p2a: Entei|Extreme Speed|p1a: Latias
|-damage|p1a: Latias|3/100
|move|p1a: Latias|Stored Power|p2a: Entei
|-damage|p2a: Entei|0 fnt
|faint|p2a: Entei
|
|upkeep
|
|t:|1779708328
|switch|p2a: Gliscor|Gliscor, M|100/100
|turn|14
|
|t:|1779708331
|move|p1a: Latias|Stored Power|p2a: Gliscor
|-damage|p2a: Gliscor|0 fnt
|faint|p2a: Gliscor
|
|upkeep
|
|t:|1779708335
|switch|p2a: Dragapult|Dragapult, F, tera:Ghost|100/100
|turn|15
|
|t:|1779708338
|move|p1a: Latias|Stored Power|p2a: Dragapult
|-crit|p2a: Dragapult
|-damage|p2a: Dragapult|0 fnt
|faint|p2a: Dragapult
|
|win|TwinkleLittleStars
|raw|TwinkleLittleStars's rating: 1471 &rarr; <strong>1494</strong><br />(+23 for winning)
|raw|Ballerr's rating: 1520 &rarr; <strong>1497</strong><br />(-23 for losing)
|l|☆TwinkleLittleStars
|player|p1|
|l|☆Ballerr
|player|p2|
