|j|‽DevotedToaster
|j|☆b3dlZW5v
|t:|1779630333
|gametype|singles
|player|p1|DevotedToaster|102|1311
|player|p2|b3dlZW5v|n|1369
|gen|9
|tier|[Gen 9] OU
|rated|
|rule|HP Percentage Mod: HP is shown in percentages
|rule|Endless Battle Clause: Forcing endless battles is banned
|rule|Species Clause: Limit one of each Pokémon
|rule|OHKO Clause: OHKO moves are banned
|rule|Evasion Items Clause: Evasion items are banned
|rule|Evasion Moves Clause: Evasion moves are banned
|rule|Evasion Abilities Clause: Evasion abilities are banned
|rule|Sleep Moves Clause: Sleep-inducing moves are banned
|clearpoke
|poke|p1|Glimmora, F|
|poke|p1|Tyranitar, M|
|poke|p1|Conkeldurr, F|
|poke|p1|Sudowoodo, L1, F|
|poke|p1|Ceruledge, F|
|poke|p1|Hippowdon, F|
|poke|p2|Gholdengo|
|poke|p2|Iron Treads|
|poke|p2|Moltres|
|poke|p2|Zamazenta-*|
|poke|p2|Samurott-Hisui, M|
|poke|p2|Garganacl, M|
|teampreview
|inactive|Battle timer is ON: inactive players will automatically lose when time's up. (requested by b3dlZW5v)
|
|t:|1779630362
|teamsize|p1|6
|teamsize|p2|6
|start
|switch|p1a: Sudowoodo|Sudowoodo, L1, F|100/100
|switch|p2a: Samurott|Samurott-Hisui, M|100/100
|turn|1
|
|t:|1779630368
|move|p2a: Samurott|Flip Turn|p1a: Sudowoodo
|-supereffective|p1a: Sudowoodo
|-ability|p1a: Sudowoodo|Sturdy
|-damage|p1a: Sudowoodo|9/100
|
|t:|1779630389
|switch|p2a: Moltres|Moltres|100/100|[from] Flip Turn
|move|p1a: Sudowoodo|Endeavor|p2a: Moltres
|-damage|p2a: Moltres|1/100
|-heal|p1a: Sudowoodo|100/100|[from] item: Shell Bell|[of] p2a: Moltres
|
|upkeep
|turn|2
|
|t:|1779630405
|switch|p2a: Garganacl|Garganacl, M|100/100
|switch|p1a: Hippowdon|Hippowdon, F|100/100
|-weather|Sandstorm|[from] ability: Sand Stream|[of] p1a: Hippowdon
|
|-weather|Sandstorm|[upkeep]
|upkeep
|turn|3
|
|t:|1779630414
|move|p1a: Hippowdon|Earthquake|p2a: Garganacl
|-supereffective|p2a: Garganacl
|-damage|p2a: Garganacl|46/100
|move|p2a: Garganacl|Curse|p2a: Garganacl
|-unboost|p2a: Garganacl|spe|1
|-boost|p2a: Garganacl|atk|1
|-boost|p2a: Garganacl|def|1
|
|-weather|Sandstorm|[upkeep]
|-heal|p2a: Garganacl|52/100|[from] item: Leftovers
|upkeep
|turn|4
|
|t:|1779630422
|move|p1a: Hippowdon|Earthquake|p2a: Garganacl
|-supereffective|p2a: Garganacl
|-damage|p2a: Garganacl|19/100
|move|p2a: Garganacl|Recover|p2a: Garganacl
|-heal|p2a: Garganacl|69/100
|
|-weather|Sandstorm|[upkeep]
|-heal|p2a: Garganacl|75/100|[from] item: Leftovers
|upkeep
|turn|5
|
|t:|1779630429
|move|p1a: Hippowdon|Stealth Rock|p2a: Garganacl
|-sidestart|p2: b3dlZW5v|move: Stealth Rock
|move|p2a: Garganacl|Salt Cure|p1a: Hippowdon
|-resisted|p1a: Hippowdon
|-damage|p1a: Hippowdon|94/100
|-start|p1a: Hippowdon|Salt Cure
|
|-weather|Sandstorm|[upkeep]
|-heal|p1a: Hippowdon|99/100|[from] item: Leftovers
|-heal|p2a: Garganacl|81/100|[from] item: Leftovers
|-damage|p1a: Hippowdon|88/100|[from] Salt Cure
|upkeep
|turn|6
|
|t:|1779630439
|move|p2a: Garganacl|Curse|p2a: Garganacl
|-unboost|p2a: Garganacl|spe|1
|-boost|p2a: Garganacl|atk|1
|-boost|p2a: Garganacl|def|1
|move|p1a: Hippowdon|Whirlwind|p2a: Garganacl
|drag|p2a: Iron Treads|Iron Treads|100/100
|-damage|p2a: Iron Treads|98/100|[from] Stealth Rock
|
|-weather|none
|-heal|p1a: Hippowdon|94/100|[from] item: Leftovers
|-damage|p1a: Hippowdon|82/100|[from] Salt Cure
|upkeep
|turn|7
|
|t:|1779630455
|switch|p1a: Ceruledge|Ceruledge, F|100/100
|move|p2a: Iron Treads|Rapid Spin|p1a: Ceruledge
|-immune|p1a: Ceruledge
|
|upkeep
|turn|8
|
|t:|1779630463
|move|p2a: Iron Treads|Knock Off|p1a: Ceruledge
|-supereffective|p1a: Ceruledge
|-damage|p1a: Ceruledge|22/100
|-ability|p1a: Ceruledge|Weak Armor|boost
|-unboost|p1a: Ceruledge|def|1
|-boost|p1a: Ceruledge|spe|2
|-enditem|p1a: Ceruledge|Focus Sash|[from] move: Knock Off|[of] p2a: Iron Treads
|move|p1a: Ceruledge|Swords Dance|p1a: Ceruledge
|-boost|p1a: Ceruledge|atk|2
|
|upkeep
|turn|9
|
|t:|1779630473
|-end|p2a: Iron Treads|Quark Drive|[silent]
|switch|p2a: Moltres|Moltres|1/100
|move|p1a: Ceruledge|Bitter Blade|p2a: Moltres
|-resisted|p2a: Moltres
|-damage|p2a: Moltres|0 fnt
|-heal|p1a: Ceruledge|22/100|[from] drain|[of] p2a: Moltres
|faint|p2a: Moltres
|
|upkeep
|
|t:|1779630487
|switch|p2a: Garganacl|Garganacl, M|81/100
|-damage|p2a: Garganacl|69/100|[from] Stealth Rock
|turn|10
|
|t:|1779630494
|move|p1a: Ceruledge|Close Combat|p2a: Garganacl
|-supereffective|p2a: Garganacl
|-damage|p2a: Garganacl|0 fnt
|-unboost|p1a: Ceruledge|def|1
|-unboost|p1a: Ceruledge|spd|1
|faint|p2a: Garganacl
|
|upkeep
|
|t:|1779630499
|switch|p2a: Samurott|Samurott-Hisui, M|100/100
|-damage|p2a: Samurott|88/100|[from] Stealth Rock
|turn|11
|
|t:|1779630513
|switch|p1a: Conkeldurr|Conkeldurr, F|100/100
|move|p2a: Samurott|Ceaseless Edge|p1a: Conkeldurr
|-resisted|p1a: Conkeldurr
|-damage|p1a: Conkeldurr|84/100
|-sidestart|p1: DevotedToaster|Spikes
|
|-status|p1a: Conkeldurr|brn|[from] item: Flame Orb
|upkeep
|turn|12
|
|t:|1779630520
|switch|p2a: Gholdengo|Gholdengo|100/100
|-damage|p2a: Gholdengo|94/100|[from] Stealth Rock
|-item|p2a: Gholdengo|Air Balloon
|move|p1a: Conkeldurr|Drain Punch|p2a: Gholdengo
|-immune|p2a: Gholdengo
|
|-damage|p1a: Conkeldurr|78/100 brn|[from] brn
|upkeep
|turn|13
|
|t:|1779630537
|move|p2a: Gholdengo|Nasty Plot|p2a: Gholdengo
|-boost|p2a: Gholdengo|spa|2
|move|p1a: Conkeldurr|Ice Punch|p2a: Gholdengo
|-resisted|p2a: Gholdengo
|-damage|p2a: Gholdengo|70/100
|-enditem|p2a: Gholdengo|Air Balloon
|
|-damage|p1a: Conkeldurr|72/100 brn|[from] brn
|upkeep
|turn|14
|
|t:|1779630549
|move|p2a: Gholdengo|Make It Rain|p1a: Conkeldurr
|-damage|p1a: Conkeldurr|0 fnt
|-unboost|p2a: Gholdengo|spa|1
|faint|p1a: Conkeldurr
|
|upkeep
|
|t:|1779630558
|switch|p1a: Ceruledge|Ceruledge, F|22/100
|-damage|p1a: Ceruledge|10/100|[from] Spikes
|turn|15
|
|t:|1779630570
|move|p1a: Ceruledge|Bitter Blade|p2a: Gholdengo
|-supereffective|p2a: Gholdengo
|-damage|p2a: Gholdengo|0 fnt
|-heal|p1a: Ceruledge|51/100|[from] drain|[of] p2a: Gholdengo
|faint|p2a: Gholdengo
|
|upkeep
|
|t:|1779630574
|switch|p2a: Samurott|Samurott-Hisui, M|88/100
|-damage|p2a: Samurott|76/100|[from] Stealth Rock
|turn|16
|
|t:|1779630582
|move|p2a: Samurott|Flip Turn|p1a: Ceruledge
|-supereffective|p1a: Ceruledge
|-damage|p1a: Ceruledge|0 fnt
|faint|p1a: Ceruledge
|
|t:|1779630594
|switch|p2a: Iron Treads|Iron Treads|98/100|[from] Flip Turn
|-damage|p2a: Iron Treads|95/100|[from] Stealth Rock
|
|upkeep
|
|t:|1779630604
|switch|p1a: Hippowdon|Hippowdon, F|82/100
|-damage|p1a: Hippowdon|69/100|[from] Spikes
|-weather|Sandstorm|[from] ability: Sand Stream|[of] p1a: Hippowdon
|turn|17
|
|t:|1779630609
|move|p2a: Iron Treads|Stealth Rock|p1a: Hippowdon
|-sidestart|p1: DevotedToaster|move: Stealth Rock
|move|p1a: Hippowdon|Earthquake|p2a: Iron Treads
|-supereffective|p2a: Iron Treads
|-damage|p2a: Iron Treads|27/100
|
|-weather|Sandstorm|[upkeep]
|-heal|p1a: Hippowdon|75/100|[from] item: Leftovers
|upkeep
|turn|18
|
|t:|1779630618
|move|p2a: Iron Treads|Knock Off|p1a: Hippowdon
|-damage|p1a: Hippowdon|59/100
|-enditem|p1a: Hippowdon|Leftovers|[from] move: Knock Off|[of] p2a: Iron Treads
|move|p1a: Hippowdon|Earthquake|p2a: Iron Treads
|-supereffective|p2a: Iron Treads
|-damage|p2a: Iron Treads|0 fnt
|faint|p2a: Iron Treads
|-end|p2a: Iron Treads|Quark Drive|[silent]
|
|-weather|Sandstorm|[upkeep]
|upkeep
|
|t:|1779630624
|switch|p2a: Samurott|Samurott-Hisui, M|76/100
|-damage|p2a: Samurott|63/100|[from] Stealth Rock
|turn|19
|
|t:|1779630633
|-terastallize|p1a: Hippowdon|Water
|move|p2a: Samurott|Flip Turn|p1a: Hippowdon
|-resisted|p1a: Hippowdon
|-damage|p1a: Hippowdon|50/100
|
|t:|1779630637
|switch|p2a: Zamazenta|Zamazenta|100/100|[from] Flip Turn
|-damage|p2a: Zamazenta|94/100|[from] Stealth Rock
|-ability|p2a: Zamazenta|Dauntless Shield|boost
|-boost|p2a: Zamazenta|def|1
|move|p1a: Hippowdon|Slack Off|p1a: Hippowdon
|-heal|p1a: Hippowdon|100/100
|
|-weather|Sandstorm|[upkeep]
|-damage|p2a: Zamazenta|88/100|[from] Sandstorm
|-damage|p1a: Hippowdon|94/100|[from] Sandstorm
|upkeep
|turn|20
|
|t:|1779630645
|move|p2a: Zamazenta|Close Combat|p1a: Hippowdon
|-damage|p1a: Hippowdon|60/100
|-unboost|p2a: Zamazenta|def|1
|-unboost|p2a: Zamazenta|spd|1
|move|p1a: Hippowdon|Whirlwind|p2a: Zamazenta
|drag|p2a: Samurott|Samurott-Hisui, M|63/100
|-damage|p2a: Samurott|51/100|[from] Stealth Rock
|
|-weather|Sandstorm|[upkeep]
|-damage|p2a: Samurott|44/100|[from] Sandstorm
|-damage|p1a: Hippowdon|53/100|[from] Sandstorm
|upkeep
|turn|21
|
|t:|1779630657
|move|p2a: Samurott|Sacred Sword|p1a: Hippowdon
|-damage|p1a: Hippowdon|29/100
|move|p1a: Hippowdon|Slack Off|p1a: Hippowdon
|-heal|p1a: Hippowdon|79/100
|
|-weather|none
|upkeep
|turn|22
|
|t:|1779630666
|switch|p1a: Glimmora|Glimmora, F|100/100
|-damage|p1a: Glimmora|88/100|[from] Spikes
|-damage|p1a: Glimmora|76/100|[from] Stealth Rock
|move|p2a: Samurott|Sacred Sword|p1a: Glimmora
|-damage|p1a: Glimmora|36/100
|-activate|p1a: Glimmora|ability: Toxic Debris
|-sidestart|p2: b3dlZW5v|move: Toxic Spikes
|
|upkeep
|turn|23
|
|t:|1779630675
|move|p2a: Samurott|Sacred Sword|p1a: Glimmora
|-crit|p1a: Glimmora
|-damage|p1a: Glimmora|0 fnt
|-activate|p1a: Glimmora|ability: Toxic Debris
|-sidestart|p2: b3dlZW5v|move: Toxic Spikes
|faint|p1a: Glimmora
|
|upkeep
|
|t:|1779630697
|switch|p1a: Hippowdon|Hippowdon, F, tera:Water|79/100
|-damage|p1a: Hippowdon|67/100|[from] Spikes
|-damage|p1a: Hippowdon|54/100|[from] Stealth Rock
|-weather|Sandstorm|[from] ability: Sand Stream|[of] p1a: Hippowdon
|turn|24
|
|t:|1779630701
|move|p2a: Samurott|Sacred Sword|p1a: Hippowdon
|-damage|p1a: Hippowdon|30/100
|move|p1a: Hippowdon|Slack Off|p1a: Hippowdon
|-heal|p1a: Hippowdon|80/100
|
|-weather|Sandstorm|[upkeep]
|-damage|p2a: Samurott|38/100|[from] Sandstorm
|-damage|p1a: Hippowdon|74/100|[from] Sandstorm
|upkeep
|turn|25
|
|t:|1779630714
|move|p2a: Samurott|Sacred Sword|p1a: Hippowdon
|-damage|p1a: Hippowdon|50/100
|move|p1a: Hippowdon|Slack Off|p1a: Hippowdon
|-heal|p1a: Hippowdon|99/100
|
|-weather|Sandstorm|[upkeep]
|-damage|p2a: Samurott|32/100|[from] Sandstorm
|-damage|p1a: Hippowdon|94/100|[from] Sandstorm
|upkeep
|turn|26
|
|t:|1779630719
|move|p2a: Samurott|Sacred Sword|p1a: Hippowdon
|-damage|p1a: Hippowdon|69/100
|move|p1a: Hippowdon|Earthquake|p2a: Samurott
|-damage|p2a: Samurott|0 fnt
|faint|p2a: Samurott
|
|-weather|Sandstorm|[upkeep]
|-damage|p1a: Hippowdon|63/100|[from] Sandstorm
|upkeep
|
|t:|1779630724
|switch|p2a: Zamazenta|Zamazenta|88/100
|-damage|p2a: Zamazenta|82/100|[from] Stealth Rock
|-status|p2a: Zamazenta|tox
|turn|27
|
|t:|1779630730
|move|p2a: Zamazenta|Close Combat|p1a: Hippowdon
|-damage|p1a: Hippowdon|27/100
|-unboost|p2a: Zamazenta|def|1
|-unboost|p2a: Zamazenta|spd|1
|move|p1a: Hippowdon|Earthquake|p2a: Zamazenta
|-damage|p2a: Zamazenta|25/100 tox
|
|-weather|Sandstorm|[upkeep]
|-damage|p2a: Zamazenta|19/100 tox|[from] Sandstorm
|-damage|p1a: Hippowdon|21/100|[from] Sandstorm
|-damage|p2a: Zamazenta|13/100 tox|[from] psn
|upkeep
|turn|28
|
|t:|1779630741
|move|p2a: Zamazenta|Close Combat|p1a: Hippowdon
|-damage|p1a: Hippowdon|0 fnt
|-unboost|p2a: Zamazenta|def|1
|-unboost|p2a: Zamazenta|spd|1
|faint|p1a: Hippowdon
|
|-weather|none
|-damage|p2a: Zamazenta|1/100 tox|[from] psn
|upkeep
|
|t:|1779630746
|switch|p1a: Sudowoodo|Sudowoodo, L1, F|100/100
|-damage|p1a: Sudowoodo|92/100|[from] Spikes
|-damage|p1a: Sudowoodo|84/100|[from] Stealth Rock
|turn|29
|
|t:|1779630751
|move|p1a: Sudowoodo|Protect|p1a: Sudowoodo
|-singleturn|p1a: Sudowoodo|Protect
|move|p2a: Zamazenta|Crunch|p1a: Sudowoodo
|-activate|p1a: Sudowoodo|move: Protect
|
|-damage|p2a: Zamazenta|0 fnt|[from] psn
|faint|p2a: Zamazenta
|
|win|DevotedToaster
|raw|DevotedToaster's rating: 1311 &rarr; <strong>1334</strong><br />(+23 for winning)
|raw|b3dlZW5v's rating: 1369 &rarr; <strong>1346</strong><br />(-23 for losing)
|l|☆b3dlZW5v
|player|p2|
|l|‽DevotedToaster
|player|p1|
