|j|☆BlaziKennedy
|j|☆redmask2007
|t:|1779620940
|gametype|singles
|player|p1|BlaziKennedy|lucas|1122
|player|p2|redmask2007|palmer|1091
|gen|9
|tier|[Gen 9] OU
|rated|
|rule|HP Percentage Mod: HP is shown in percentages
|rule|Endless Battle Clause: Forcing endless battles is banned
|rule|Species Clause: Limit one of each Pokémon
|rule|OHKO Clause: OHKO moves are banned
|rule|Evasion Items Clause: Evasion items are banned
|rule|Evasion Moves Clause: Evasion moves are banned
|rule|Evasion Abilities Clause: Evasion abilities are banned
|rule|Sleep Moves Clause: Sleep-inducing moves are banned
|clearpoke
|poke|p1|Tornadus, M|
|poke|p1|Toxtricity, M|
|poke|p1|Iron Valiant|
|poke|p1|Arcanine-Hisui, M|
|poke|p1|Brambleghast, M|
|poke|p1|Hydreigon, M|
|poke|p2|Grimmsnarl, M|
|poke|p2|Necrozma|
|poke|p2|Rillaboom, M|
|poke|p2|Rotom-Wash|
|poke|p2|Dragapult, M|
|poke|p2|Iron Valiant|
|teampreview
|inactive|Battle timer is ON: inactive players will automatically lose when time's up. (requested by BlaziKennedy)
|
|t:|1779620951
|teamsize|p1|6
|teamsize|p2|6
|start
|switch|p1a: asher torrey|Tornadus, M|100/100
|switch|p2a: Grimmsnarl|Grimmsnarl, M|100/100
|turn|1
|inactive|redmask2007 has 120 seconds left.
|
|t:|1779620984
|move|p1a: asher torrey|Tailwind|p1a: asher torrey
|-sidestart|p1: BlaziKennedy|move: Tailwind
|move|p2a: Grimmsnarl|Taunt|p1a: asher torrey
|-start|p1a: asher torrey|move: Taunt
|
|upkeep
|turn|2
|
|t:|1779620992
|move|p2a: Grimmsnarl|Reflect|p2a: Grimmsnarl
|-sidestart|p2: redmask2007|Reflect
|move|p1a: asher torrey|Hurricane|p2a: Grimmsnarl|[miss]
|-miss|p1a: asher torrey|p2a: Grimmsnarl
|
|upkeep
|turn|3
|
|t:|1779620997
|move|p2a: Grimmsnarl|Light Screen|p2a: Grimmsnarl
|-sidestart|p2: redmask2007|move: Light Screen
|move|p1a: asher torrey|Hurricane|p2a: Grimmsnarl|[miss]
|-miss|p1a: asher torrey|p2a: Grimmsnarl
|
|upkeep
|turn|4
|
|t:|1779621002
|move|p2a: Grimmsnarl|Parting Shot|p1a: asher torrey
|-unboost|p1a: asher torrey|atk|1
|-unboost|p1a: asher torrey|spa|1
|
|t:|1779621008
|switch|p2a: Rotom|Rotom-Wash|100/100|[from] Parting Shot
|move|p1a: asher torrey|Hurricane|p2a: Rotom
|-resisted|p2a: Rotom
|-damage|p2a: Rotom|92/100
|
|-end|p1a: asher torrey|move: Taunt
|-sideend|p1: BlaziKennedy|move: Tailwind
|upkeep
|turn|5
|
|t:|1779621016
|move|p1a: asher torrey|Tailwind|p1a: asher torrey
|-sidestart|p1: BlaziKennedy|move: Tailwind
|move|p2a: Rotom|Thunderbolt|p1a: asher torrey
|-supereffective|p1a: asher torrey
|-damage|p1a: asher torrey|12/100
|-enditem|p1a: asher torrey|Eject Button
|
|t:|1779621024
|switch|p1a: literally meta|Brambleghast, M|100/100
|-ability|p1a: literally meta|Wind Rider|boost
|-boost|p1a: literally meta|atk|1
|
|upkeep
|turn|6
|
|t:|1779621038
|switch|p2a: Dragapult|Dragapult, M|100/100
|move|p1a: literally meta|Power Whip|p2a: Dragapult
|-resisted|p2a: Dragapult
|-damage|p2a: Dragapult|55/100
|-damage|p1a: literally meta|91/100|[from] item: Life Orb
|
|upkeep
|turn|7
|
|t:|1779621048
|move|p1a: literally meta|Poltergeist|p2a: Dragapult
|-activate|p2a: Dragapult|move: Poltergeist|Heavy-Duty Boots
|-supereffective|p2a: Dragapult
|-damage|p2a: Dragapult|0 fnt
|faint|p2a: Dragapult
|-damage|p1a: literally meta|81/100|[from] item: Life Orb
|
|upkeep
|
|t:|1779621060
|switch|p2a: Necrozma|Necrozma|100/100
|turn|8
|
|t:|1779621075
|-terastallize|p2a: Necrozma|Psychic
|move|p1a: literally meta|Poltergeist|p2a: Necrozma
|-activate|p2a: Necrozma|move: Poltergeist|Weakness Policy
|-supereffective|p2a: Necrozma
|-damage|p2a: Necrozma|15/100
|-enditem|p2a: Necrozma|Weakness Policy
|-boost|p2a: Necrozma|atk|2|[from] item: Weakness Policy
|-boost|p2a: Necrozma|spa|2|[from] item: Weakness Policy
|-damage|p1a: literally meta|71/100|[from] item: Life Orb
|move|p2a: Necrozma|Photon Geyser|p1a: literally meta
|-damage|p1a: literally meta|0 fnt
|faint|p1a: literally meta
|
|-sideend|p1: BlaziKennedy|move: Tailwind
|upkeep
|
|t:|1779621092
|switch|p1a: haribo|Arcanine-Hisui, M|100/100
|turn|9
|
|t:|1779621098
|move|p1a: haribo|Extreme Speed|p2a: Necrozma
|-damage|p2a: Necrozma|0 fnt
|faint|p2a: Necrozma
|
|-sideend|p2: redmask2007|Reflect
|upkeep
|
|t:|1779621103
|switch|p2a: Rotom|Rotom-Wash|92/100
|turn|10
|
|t:|1779621109
|switch|p1a: asher torrey|Tornadus, M|12/100
|move|p2a: Rotom|Hydro Pump|p1a: asher torrey
|-damage|p1a: asher torrey|0 fnt
|faint|p1a: asher torrey
|
|-sideend|p2: redmask2007|move: Light Screen
|upkeep
|
|t:|1779621115
|switch|p1a: drop a draco|Hydreigon, M|100/100
|turn|11
|
|t:|1779621125
|move|p1a: drop a draco|Tailwind|p1a: drop a draco
|-sidestart|p1: BlaziKennedy|move: Tailwind
|move|p2a: Rotom|Thunderbolt|p1a: drop a draco
|-resisted|p1a: drop a draco
|-damage|p1a: drop a draco|82/100
|
|upkeep
|turn|12
|
|t:|1779621134
|move|p1a: drop a draco|Draco Meteor|p2a: Rotom
|-damage|p2a: Rotom|30/100
|-unboost|p1a: drop a draco|spa|2
|-enditem|p1a: drop a draco|Eject Pack
|
|t:|1779621137
|switch|p1a: patrick stump|Toxtricity, M|100/100
|move|p2a: Rotom|Will-O-Wisp|p1a: patrick stump
|-status|p1a: patrick stump|brn
|
|-damage|p1a: patrick stump|94/100 brn|[from] brn
|upkeep
|turn|13
|
|t:|1779621152
|switch|p2a: Rillaboom|Rillaboom, M|100/100
|-fieldstart|move: Grassy Terrain|[from] ability: Grassy Surge|[of] p2a: Rillaboom
|-terastallize|p1a: patrick stump|Normal
|move|p1a: patrick stump|Boomburst|p2a: Rillaboom
|-damage|p2a: Rillaboom|0 fnt
|faint|p2a: Rillaboom
|
|-heal|p1a: patrick stump|100/100 brn|[from] Grassy Terrain
|-damage|p1a: patrick stump|94/100 brn|[from] brn
|upkeep
|c|☆BlaziKennedy|!dt boomburst
|c|☆BlaziKennedy|/raw <ul class="utilichart"><li class="result"><span class="col movenamecol"><a href="https://dex.pokemonshowdown.com/moves/boomburst">Boomburst</a></span> <span class="col typecol"><img src="//play.pokemonshowdown.com/sprites/types/Normal.png" alt="Normal" width="32" height="14"><img src="//play.pokemonshowdown.com/sprites/categories/Special.png" alt="Special" width="32" height="14"></span> <span class="col labelcol"><em>Power</em><br>140</span> <span class="col widelabelcol"><em>Accuracy</em><br>100%</span> <span class="col pplabelcol"><em>PP</em><br>16</span> <span class="col movedesccol">No additional effect. Hits adjacent Pokemon.</span> </li><li style="clear:both"></li></ul>
|c|☆BlaziKennedy|/raw <font size="1"><font color="#686868">Priority:</font> 0&nbsp;|&ThickSpace;<font color="#686868">Gen:</font> 6&nbsp;|&ThickSpace;&#10003; Sound&nbsp;|&ThickSpace;&#10003; Bypasses Substitutes&nbsp;|&ThickSpace;<font color="#686868">Z-Power:</font> 200&nbsp;|&ThickSpace;<font color="#686868">Target:</font> All Adjacent Pokémon</font>

|
|t:|1779621175
|switch|p2a: Iron Valiant|Iron Valiant|100/100
|-enditem|p2a: Iron Valiant|Booster Energy
|-activate|p2a: Iron Valiant|ability: Quark Drive|[fromitem]
|-start|p2a: Iron Valiant|quarkdrivespe
|turn|14
|
|t:|1779621182
|move|p2a: Iron Valiant|Close Combat|p1a: patrick stump
|-supereffective|p1a: patrick stump
|-damage|p1a: patrick stump|0 fnt
|-unboost|p2a: Iron Valiant|def|1
|-unboost|p2a: Iron Valiant|spd|1
|faint|p1a: patrick stump
|
|-sideend|p1: BlaziKennedy|move: Tailwind
|upkeep
|
|t:|1779621194
|switch|p1a: haribo|Arcanine-Hisui, M|100/100
|turn|15
|
|t:|1779621201
|-end|p2a: Iron Valiant|Quark Drive|[silent]
|switch|p2a: Grimmsnarl|Grimmsnarl, M|100/100
|move|p1a: haribo|Flare Blitz|p2a: Grimmsnarl
|-damage|p2a: Grimmsnarl|20/100
|
|-heal|p2a: Grimmsnarl|26/100|[from] Grassy Terrain
|upkeep
|turn|16
|
|t:|1779621210
|move|p2a: Grimmsnarl|Reflect|p2a: Grimmsnarl
|-sidestart|p2: redmask2007|Reflect
|move|p1a: haribo|Flare Blitz|p2a: Grimmsnarl
|-damage|p2a: Grimmsnarl|0 fnt
|faint|p2a: Grimmsnarl
|
|upkeep
|
|t:|1779621217
|switch|p2a: Rotom|Rotom-Wash|30/100
|turn|17
|
|t:|1779621220
|move|p1a: haribo|Flare Blitz|p2a: Rotom
|-resisted|p2a: Rotom
|-damage|p2a: Rotom|11/100
|move|p2a: Rotom|Hydro Pump|p1a: haribo
|-supereffective|p1a: haribo
|-damage|p1a: haribo|0 fnt
|faint|p1a: haribo
|
|-fieldend|move: Grassy Terrain
|upkeep
|
|t:|1779621225
|switch|p1a: drop a draco|Hydreigon, M|82/100
|turn|18
|
|t:|1779621232
|move|p1a: drop a draco|Tailwind|p1a: drop a draco
|-sidestart|p1: BlaziKennedy|move: Tailwind
|move|p2a: Rotom|Thunderbolt|p1a: drop a draco
|-resisted|p1a: drop a draco
|-damage|p1a: drop a draco|60/100
|
|upkeep
|turn|19
|
|t:|1779621237
|move|p1a: drop a draco|Draco Meteor|p2a: Rotom
|-damage|p2a: Rotom|0 fnt
|-unboost|p1a: drop a draco|spa|2
|faint|p2a: Rotom
|
|upkeep
|
|t:|1779621242
|switch|p2a: Iron Valiant|Iron Valiant|100/100
|turn|20
|
|t:|1779621255
|move|p1a: drop a draco|Stealth Rock|p2a: Iron Valiant
|-sidestart|p2: redmask2007|move: Stealth Rock
|move|p2a: Iron Valiant|Swords Dance|p2a: Iron Valiant
|-boost|p2a: Iron Valiant|atk|2
|
|upkeep
|turn|21
|
|t:|1779621263
|move|p1a: drop a draco|Taunt|p2a: Iron Valiant
|-start|p2a: Iron Valiant|move: Taunt
|move|p2a: Iron Valiant|Spirit Break|p1a: drop a draco
|-supereffective|p1a: drop a draco
|-damage|p1a: drop a draco|0 fnt
|faint|p1a: drop a draco
|
|-sideend|p1: BlaziKennedy|move: Tailwind
|upkeep
|
|t:|1779621270
|switch|p1a: w femboy|Iron Valiant, shiny|100/100
|turn|22
|inactive|redmask2007 has 120 seconds left.
|
|t:|1779621317
|move|p1a: w femboy|Moonblast|p2a: Iron Valiant
|-supereffective|p2a: Iron Valiant
|-damage|p2a: Iron Valiant|0 fnt
|faint|p2a: Iron Valiant
|-end|p2a: Iron Valiant|Quark Drive|[silent]
|
|win|BlaziKennedy
|raw|BlaziKennedy's rating: 1122 &rarr; <strong>1145</strong><br />(+23 for winning)
|raw|redmask2007's rating: 1091 &rarr; <strong>1069</strong><br />(-22 for losing)
|l|☆BlaziKennedy
|player|p1|
|l|☆redmask2007
|player|p2|
