|j|☆PRPBDM
|j|☆child3
|t:|1779616359
|gametype|singles
|player|p1|PRPBDM|266|1172
|player|p2|child3|emmet|1223
|gen|9
|tier|[Gen 9] OU
|rated|
|rule|HP Percentage Mod: HP is shown in percentages
|rule|Endless Battle Clause: Forcing endless battles is banned
|rule|Species Clause: Limit one of each Pokémon
|rule|OHKO Clause: OHKO moves are banned
|rule|Evasion Items Clause: Evasion items are banned
|rule|Evasion Moves Clause: Evasion moves are banned
|rule|Evasion Abilities Clause: Evasion abilities are banned
|rule|Sleep Moves Clause: Sleep-inducing moves are banned
|clearpoke
|poke|p1|Salamence, M|
|poke|p1|Walking Wake|
|poke|p1|Metagross|
|poke|p1|Garchomp, F|
|poke|p1|Gengar, F|
|poke|p1|Hydreigon, F|
|poke|p2|Alomomola, M|
|poke|p2|Slowking-Galar, M|
|poke|p2|Iron Moth|
|poke|p2|Rillaboom, M|
|poke|p2|Corviknight, F|
|poke|p2|Ogerpon-Wellspring, F|
|teampreview
|inactive|Battle timer is ON: inactive players will automatically lose when time's up. (requested by child3)
|
|t:|1779616378
|teamsize|p1|6
|teamsize|p2|6
|start
|switch|p1a: Salamence|Salamence, M|100/100
|switch|p2a: Alomomola|Alomomola, M|100/100
|turn|1
|inactive|PRPBDM has 120 seconds left.
|inactive|PRPBDM has 90 seconds left.
|
|t:|1779616449
|switch|p1a: Gengar|Gengar, F|100/100
|move|p2a: Alomomola|Scald|p1a: Gengar
|-damage|p1a: Gengar|76/100
|-status|p1a: Gengar|brn
|
|-damage|p1a: Gengar|70/100 brn|[from] brn
|upkeep
|turn|2
|
|t:|1779616459
|move|p1a: Gengar|Thunderbolt|p2a: Alomomola
|-supereffective|p2a: Alomomola
|-damage|p2a: Alomomola|48/100
|move|p2a: Alomomola|Flip Turn|p1a: Gengar
|-damage|p1a: Gengar|35/100 brn
|
|t:|1779616479
|switch|p2a: Rillaboom|Rillaboom, M|100/100|[from] Flip Turn
|-fieldstart|move: Grassy Terrain|[from] ability: Grassy Surge|[of] p2a: Rillaboom
|
|-heal|p1a: Gengar|41/100 brn|[from] Grassy Terrain
|-damage|p1a: Gengar|35/100 brn|[from] brn
|upkeep
|turn|3
|
|t:|1779616488
|move|p2a: Rillaboom|Grassy Glide|p1a: Gengar
|-resisted|p1a: Gengar
|-damage|p1a: Gengar|0 fnt
|faint|p1a: Gengar
|-damage|p2a: Rillaboom|91/100|[from] item: Life Orb
|
|-heal|p2a: Rillaboom|97/100|[from] Grassy Terrain
|upkeep
|inactive|PRPBDM has 90 seconds left.
|
|t:|1779616501
|switch|p1a: Salamence|Salamence, M|100/100
|turn|4
|
|t:|1779616508
|move|p1a: Salamence|Dual Wingbeat|p2a: Rillaboom
|-supereffective|p2a: Rillaboom
|-damage|p2a: Rillaboom|39/100
|-supereffective|p2a: Rillaboom
|-damage|p2a: Rillaboom|0 fnt
|faint|p2a: Rillaboom
|-ability|p1a: Salamence|Moxie|boost
|-boost|p1a: Salamence|atk|1
|-hitcount|p2: Rillaboom|2
|
|upkeep
|
|t:|1779616515
|switch|p2a: Corviknight|Corviknight, F|100/100
|-ability|p2a: Corviknight|Pressure
|turn|5
|
|t:|1779616529
|move|p1a: Salamence|Dragon Claw|p2a: Corviknight
|-resisted|p2a: Corviknight
|-damage|p2a: Corviknight|81/100
|move|p2a: Corviknight|Body Press|p1a: Salamence
|-resisted|p1a: Salamence
|-damage|p1a: Salamence|84/100
|
|-heal|p2a: Corviknight|88/100|[from] item: Leftovers
|upkeep
|turn|6
|
|t:|1779616542
|move|p1a: Salamence|Dragon Claw|p2a: Corviknight
|-resisted|p2a: Corviknight
|-crit|p2a: Corviknight
|-damage|p2a: Corviknight|56/100
|move|p2a: Corviknight|Body Press|p1a: Salamence
|-resisted|p1a: Salamence
|-damage|p1a: Salamence|69/100
|
|-heal|p2a: Corviknight|63/100|[from] item: Leftovers
|-fieldend|move: Grassy Terrain
|upkeep
|turn|7
|
|t:|1779616552
|move|p1a: Salamence|Dragon Claw|p2a: Corviknight
|-resisted|p2a: Corviknight
|-damage|p2a: Corviknight|43/100
|move|p2a: Corviknight|Body Press|p1a: Salamence
|-resisted|p1a: Salamence
|-damage|p1a: Salamence|52/100
|
|-heal|p2a: Corviknight|50/100|[from] item: Leftovers
|upkeep
|turn|8
|
|t:|1779616563
|move|p1a: Salamence|Dragon Claw|p2a: Corviknight
|-resisted|p2a: Corviknight
|-damage|p2a: Corviknight|29/100
|move|p2a: Corviknight|Roost|p2a: Corviknight
|-heal|p2a: Corviknight|79/100
|-singleturn|p2a: Corviknight|move: Roost
|
|-heal|p2a: Corviknight|85/100|[from] item: Leftovers
|upkeep
|turn|9
|
|t:|1779616573
|move|p1a: Salamence|Earthquake|p2a: Corviknight
|-immune|p2a: Corviknight
|move|p2a: Corviknight|Body Press|p1a: Salamence
|-resisted|p1a: Salamence
|-damage|p1a: Salamence|34/100
|
|-heal|p2a: Corviknight|91/100|[from] item: Leftovers
|upkeep
|turn|10
|
|t:|1779616589
|switch|p1a: Hydreigon|Hydreigon, F|100/100
|move|p2a: Corviknight|Body Press|p1a: Hydreigon
|-supereffective|p1a: Hydreigon
|-damage|p1a: Hydreigon|46/100
|
|-heal|p2a: Corviknight|97/100|[from] item: Leftovers
|upkeep
|turn|11
|
|t:|1779616598
|switch|p2a: Alomomola|Alomomola, M|81/100
|move|p1a: Hydreigon|Flamethrower|p2a: Alomomola
|-resisted|p2a: Alomomola
|-damage|p2a: Alomomola|67/100
|
|upkeep
|turn|12
|
|t:|1779616609
|move|p1a: Hydreigon|Dragon Pulse|p2a: Alomomola
|-damage|p2a: Alomomola|23/100
|move|p2a: Alomomola|Flip Turn|p1a: Hydreigon
|-resisted|p1a: Hydreigon
|-damage|p1a: Hydreigon|36/100
|
|t:|1779616621
|switch|p2a: Corviknight|Corviknight, F|97/100|[from] Flip Turn
|-ability|p2a: Corviknight|Pressure
|
|-heal|p2a: Corviknight|100/100|[from] item: Leftovers
|upkeep
|turn|13
|
|t:|1779616629
|move|p1a: Hydreigon|Flamethrower|p2a: Corviknight
|-supereffective|p2a: Corviknight
|-damage|p2a: Corviknight|19/100
|-status|p2a: Corviknight|brn
|move|p2a: Corviknight|U-turn|p1a: Hydreigon
|-supereffective|p1a: Hydreigon
|-damage|p1a: Hydreigon|20/100
|
|t:|1779616637
|switch|p2a: Alomomola|Alomomola, M|56/100|[from] U-turn
|
|upkeep
|turn|14
|
|t:|1779616642
|move|p1a: Hydreigon|Dragon Pulse|p2a: Alomomola
|-damage|p2a: Alomomola|14/100
|move|p2a: Alomomola|Wish|p2a: Alomomola
|
|upkeep
|turn|15
|
|t:|1779616651
|move|p2a: Alomomola|Protect|p2a: Alomomola
|-singleturn|p2a: Alomomola|Protect
|move|p1a: Hydreigon|Dragon Pulse|p2a: Alomomola
|-activate|p2a: Alomomola|move: Protect
|
|-heal|p2a: Alomomola|64/100|[from] move: Wish|[wisher] Alomomola
|upkeep
|turn|16
|
|t:|1779616664
|move|p1a: Hydreigon|Dragon Pulse|p2a: Alomomola
|-damage|p2a: Alomomola|25/100
|move|p2a: Alomomola|Wish|p2a: Alomomola
|
|upkeep
|turn|17
|
|t:|1779616674
|move|p2a: Alomomola|Protect|p2a: Alomomola
|-singleturn|p2a: Alomomola|Protect
|move|p1a: Hydreigon|Dark Pulse|p2a: Alomomola
|-activate|p2a: Alomomola|move: Protect
|
|-heal|p2a: Alomomola|75/100|[from] move: Wish|[wisher] Alomomola
|upkeep
|turn|18
|
|t:|1779616683
|switch|p2a: Corviknight|Corviknight, F|19/100 brn
|-ability|p2a: Corviknight|Pressure
|move|p1a: Hydreigon|Dark Pulse|p2a: Corviknight
|-damage|p2a: Corviknight|0 fnt
|faint|p2a: Corviknight
|
|upkeep
|
|t:|1779616686
|switch|p2a: Iron Moth|Iron Moth|100/100
|turn|19
|
|t:|1779616694
|move|p2a: Iron Moth|Fiery Dance|p1a: Hydreigon
|-resisted|p1a: Hydreigon
|-damage|p1a: Hydreigon|0 fnt
|faint|p1a: Hydreigon
|
|upkeep
|
|t:|1779616704
|switch|p1a: Salamence|Salamence, M|34/100
|turn|20
|
|t:|1779616709
|move|p2a: Iron Moth|Sludge Wave|p1a: Salamence
|-damage|p1a: Salamence|0 fnt
|faint|p1a: Salamence
|
|upkeep
|
|t:|1779616716
|switch|p1a: Garchomp|Garchomp, F|100/100
|turn|21
|
|t:|1779616720
|-end|p2a: Iron Moth|Quark Drive|[silent]
|switch|p2a: Alomomola|Alomomola, M|100/100
|move|p1a: Garchomp|Swords Dance|p1a: Garchomp
|-boost|p1a: Garchomp|atk|2
|
|upkeep
|turn|22
|
|t:|1779616728
|-terastallize|p2a: Alomomola|Fairy
|move|p1a: Garchomp|Scale Shot|p2a: Alomomola
|-immune|p2a: Alomomola
|move|p2a: Alomomola|Scald|p1a: Garchomp
|-damage|p1a: Garchomp|87/100
|
|upkeep
|turn|23
|
|t:|1779616737
|move|p1a: Garchomp|Poison Jab|p2a: Alomomola
|-supereffective|p2a: Alomomola
|-crit|p2a: Alomomola
|-damage|p2a: Alomomola|0 fnt
|faint|p2a: Alomomola
|
|upkeep
|
|t:|1779616745
|switch|p2a: Ogerpon|Ogerpon-Wellspring, F|100/100
|turn|24
|
|t:|1779616758
|-terastallize|p1a: Garchomp|Poison
|move|p2a: Ogerpon|Power Whip|p1a: Garchomp|[miss]
|-miss|p2a: Ogerpon|p1a: Garchomp
|move|p1a: Garchomp|Scale Shot|p2a: Ogerpon
|-damage|p2a: Ogerpon|67/100
|-damage|p2a: Ogerpon|35/100
|-damage|p2a: Ogerpon|3/100
|-damage|p2a: Ogerpon|0 fnt
|faint|p2a: Ogerpon
|-hitcount|p2: Ogerpon|4
|-unboost|p1a: Garchomp|def|1
|-boost|p1a: Garchomp|spe|1
|
|upkeep
|-message|child3 forfeited.
|
|win|PRPBDM
|raw|PRPBDM's rating: 1172 &rarr; <strong>1201</strong><br />(+29 for winning)
|raw|child3's rating: 1223 &rarr; <strong>1194</strong><br />(-29 for losing)
|l|☆child3
|player|p2|
|l|☆PRPBDM
|player|p1|
