|j|☆NFELT3AK Akechi
|j|☆pontinhu
|t:|1779557788
|gametype|singles
|player|p1|NFELT3AK Akechi|gardenia|1323
|player|p2|pontinhu|plasmagrunt-gen5bw|1320
|gen|9
|tier|[Gen 9] OU
|rated|
|rule|HP Percentage Mod: HP is shown in percentages
|rule|Endless Battle Clause: Forcing endless battles is banned
|rule|Species Clause: Limit one of each Pokémon
|rule|OHKO Clause: OHKO moves are banned
|rule|Evasion Items Clause: Evasion items are banned
|rule|Evasion Moves Clause: Evasion moves are banned
|rule|Evasion Abilities Clause: Evasion abilities are banned
|rule|Sleep Moves Clause: Sleep-inducing moves are banned
|clearpoke
|poke|p1|Raging Bolt|
|poke|p1|Slowking-Galar, F|
|poke|p1|Meowscarada, M|
|poke|p1|Iron Moth|
|poke|p1|Corviknight, F|
|poke|p1|Great Tusk|
|poke|p2|Yanmega, M|
|poke|p2|Ogerpon-Wellspring, F|
|poke|p2|Cloyster, F|
|poke|p2|Ribombee, F|
|poke|p2|Donphan, M|
|poke|p2|Metagross|
|teampreview
|inactive|Battle timer is ON: inactive players will automatically lose when time's up. (requested by NFELT3AK Akechi)
|l|☆NFELT3AK Akechi
|inactive|NFELT3AK Akechi disconnected and has a minute to reconnect!
|player|p1|
|j|☆NFELT3AK Akechi
|inactive|NFELT3AK Akechi reconnected and has 130 seconds left.
|player|p1|NFELT3AK Akechi|gardenia|
|
|t:|1779557819
|teamsize|p1|6
|teamsize|p2|6
|start
|switch|p1a: Iron Moth|Iron Moth|100/100
|switch|p2a: Ribombee|Ribombee, F|100/100
|turn|1
|
|t:|1779557826
|move|p2a: Ribombee|Sticky Web|p1a: Iron Moth
|-sidestart|p1: NFELT3AK Akechi|move: Sticky Web
|move|p1a: Iron Moth|Fiery Dance|p2a: Ribombee
|-supereffective|p2a: Ribombee
|-damage|p2a: Ribombee|0 fnt
|-boost|p1a: Iron Moth|spa|1
|faint|p2a: Ribombee
|
|upkeep
|
|t:|1779557835
|switch|p2a: Donphan|Donphan, M|100/100
|turn|2
|
|t:|1779557839
|-terastallize|p1a: Iron Moth|Fire
|move|p1a: Iron Moth|Fiery Dance|p2a: Donphan
|-ability|p2a: Donphan|Sturdy
|-damage|p2a: Donphan|1/100
|-boost|p1a: Iron Moth|spa|1
|move|p2a: Donphan|Earthquake|p1a: Iron Moth
|-supereffective|p1a: Iron Moth
|-damage|p1a: Iron Moth|0 fnt
|faint|p1a: Iron Moth
|-end|p1a: Iron Moth|Quark Drive|[silent]
|
|-heal|p2a: Donphan|7/100|[from] item: Leftovers
|upkeep
|
|t:|1779557845
|switch|p1a: Corviknight|Corviknight, F|100/100
|-ability|p1a: Corviknight|Pressure
|turn|3
|
|t:|1779557856
|move|p1a: Corviknight|Defog|p2a: Donphan
|-unboost|p2a: Donphan|evasion|1
|-sideend|p1: NFELT3AK Akechi|Sticky Web|[from] move: Defog|[of] p1a: Corviknight
|move|p2a: Donphan|Stealth Rock|p1a: Corviknight
|-sidestart|p1: NFELT3AK Akechi|move: Stealth Rock
|
|-heal|p2a: Donphan|13/100|[from] item: Leftovers
|upkeep
|turn|4
|
|t:|1779557865
|switch|p2a: Yanmega|Yanmega, M|100/100
|move|p1a: Corviknight|Taunt|p2a: Yanmega
|-start|p2a: Yanmega|move: Taunt
|
|upkeep
|turn|5
|
|t:|1779557874
|switch|p2a: Donphan|Donphan, M|13/100
|move|p1a: Corviknight|Defog|p2a: Donphan
|-unboost|p2a: Donphan|evasion|1
|-sideend|p1: NFELT3AK Akechi|Stealth Rock|[from] move: Defog|[of] p1a: Corviknight
|
|-heal|p2a: Donphan|20/100|[from] item: Leftovers
|upkeep
|turn|6
|
|t:|1779557883
|move|p1a: Corviknight|Taunt|p2a: Donphan
|-start|p2a: Donphan|move: Taunt
|cant|p2a: Donphan|move: Taunt|Stealth Rock
|
|-heal|p2a: Donphan|26/100|[from] item: Leftovers
|upkeep
|turn|7
|
|t:|1779557890
|move|p1a: Corviknight|U-turn|p2a: Donphan
|-damage|p2a: Donphan|14/100
|
|t:|1779557898
|switch|p1a: Great Tusk|Great Tusk|100/100|[from] U-turn
|move|p2a: Donphan|Earthquake|p1a: Great Tusk
|-damage|p1a: Great Tusk|62/100
|
|-heal|p2a: Donphan|20/100|[from] item: Leftovers
|upkeep
|turn|8
|
|t:|1779557907
|move|p1a: Great Tusk|Stealth Rock|p2a: Donphan
|-sidestart|p2: pontinhu|move: Stealth Rock
|move|p2a: Donphan|Earthquake|p1a: Great Tusk
|-damage|p1a: Great Tusk|24/100
|
|-heal|p2a: Donphan|27/100|[from] item: Leftovers
|-end|p2a: Donphan|move: Taunt
|upkeep
|turn|9
|
|t:|1779557916
|move|p2a: Donphan|Ice Shard|p1a: Great Tusk
|-supereffective|p1a: Great Tusk
|-damage|p1a: Great Tusk|3/100
|move|p1a: Great Tusk|Ice Spinner|p2a: Donphan
|-supereffective|p2a: Donphan
|-damage|p2a: Donphan|0 fnt
|faint|p2a: Donphan
|
|upkeep
|
|t:|1779557929
|switch|p2a: Yanmega|Yanmega, M|100/100
|-damage|p2a: Yanmega|51/100|[from] Stealth Rock
|turn|10
|
|t:|1779557933
|move|p2a: Yanmega|Protect|p2a: Yanmega
|-singleturn|p2a: Yanmega|Protect
|move|p1a: Great Tusk|Ice Spinner|p2a: Yanmega
|-activate|p2a: Yanmega|move: Protect
|
|-ability|p2a: Yanmega|Speed Boost|boost
|-boost|p2a: Yanmega|spe|1
|upkeep
|turn|11
|
|t:|1779557942
|move|p2a: Yanmega|Bug Buzz|p1a: Great Tusk
|-resisted|p1a: Great Tusk
|-damage|p1a: Great Tusk|0 fnt
|faint|p1a: Great Tusk
|-end|p1a: Great Tusk|Protosynthesis|[silent]
|-enditem|p2a: Yanmega|Throat Spray
|-boost|p2a: Yanmega|spa|1|[from] item: Throat Spray
|
|-ability|p2a: Yanmega|Speed Boost|boost
|-boost|p2a: Yanmega|spe|1
|upkeep
|
|t:|1779557949
|switch|p1a: Raging Bolt|Raging Bolt|100/100
|turn|12
|
|t:|1779557953
|move|p2a: Yanmega|Substitute|p2a: Yanmega
|-start|p2a: Yanmega|Substitute
|-damage|p2a: Yanmega|26/100
|move|p1a: Raging Bolt|Volt Switch|p2a: Yanmega
|-supereffective|p2a: Yanmega
|-end|p2a: Yanmega|Substitute
|
|t:|1779557959
|-end|p1a: Raging Bolt|Protosynthesis|[silent]
|switch|p1a: Slowking|Slowking-Galar, F, shiny|100/100|[from] Volt Switch
|
|-ability|p2a: Yanmega|Speed Boost|boost
|-boost|p2a: Yanmega|spe|1
|upkeep
|turn|13
|
|t:|1779557966
|move|p2a: Yanmega|Substitute|p2a: Yanmega
|-start|p2a: Yanmega|Substitute
|-damage|p2a: Yanmega|1/100
|move|p1a: Slowking|Sludge Bomb|p2a: Yanmega
|-end|p2a: Yanmega|Substitute
|
|-ability|p2a: Yanmega|Speed Boost|boost
|-boost|p2a: Yanmega|spe|1
|upkeep
|turn|14
|
|t:|1779557974
|move|p2a: Yanmega|Bug Buzz|p1a: Slowking
|-damage|p1a: Slowking|57/100
|move|p1a: Slowking|Sludge Bomb|p2a: Yanmega
|-damage|p2a: Yanmega|0 fnt
|faint|p2a: Yanmega
|
|upkeep
|
|t:|1779557985
|switch|p2a: Ogerpon|Ogerpon-Wellspring, F|100/100
|-damage|p2a: Ogerpon|88/100|[from] Stealth Rock
|turn|15
|
|t:|1779557990
|switch|p1a: Corviknight|Corviknight, F|100/100
|-ability|p1a: Corviknight|Pressure
|move|p2a: Ogerpon|Knock Off|p1a: Corviknight
|-damage|p1a: Corviknight|78/100
|-damage|p2a: Ogerpon|72/100|[from] item: Rocky Helmet|[of] p1a: Corviknight
|-enditem|p1a: Corviknight|Rocky Helmet|[from] move: Knock Off|[of] p2a: Ogerpon
|
|upkeep
|turn|16
|
|t:|1779558000
|move|p2a: Ogerpon|Ivy Cudgel|p1a: Corviknight|[anim] Ivy Cudgel Water
|-damage|p1a: Corviknight|46/100
|move|p1a: Corviknight|U-turn|p2a: Ogerpon
|-supereffective|p2a: Ogerpon
|-damage|p2a: Ogerpon|30/100
|
|t:|1779558003
|switch|p1a: Meowscarada|Meowscarada, M, shiny|100/100|[from] U-turn
|
|upkeep
|turn|17
|
|t:|1779558011
|move|p1a: Meowscarada|Flower Trick|p2a: Ogerpon
|-start|p1a: Meowscarada|typechange|Grass|[from] ability: Protean
|-crit|p2a: Ogerpon
|-damage|p2a: Ogerpon|0 fnt
|faint|p2a: Ogerpon
|
|upkeep
|
|t:|1779558019
|switch|p2a: Metagross|Metagross|100/100
|-damage|p2a: Metagross|95/100|[from] Stealth Rock
|turn|18
|
|t:|1779558023
|switch|p1a: Corviknight|Corviknight, F|46/100
|-ability|p1a: Corviknight|Pressure
|move|p2a: Metagross|Agility|p2a: Metagross
|-boost|p2a: Metagross|spe|2
|
|upkeep
|turn|19
|
|t:|1779558031
|move|p2a: Metagross|Psychic Fangs|p1a: Corviknight
|-resisted|p1a: Corviknight
|-damage|p1a: Corviknight|30/100
|move|p1a: Corviknight|U-turn|p2a: Metagross
|-damage|p2a: Metagross|82/100
|
|t:|1779558037
|switch|p1a: Meowscarada|Meowscarada, M, shiny|100/100|[from] U-turn
|
|upkeep
|turn|20
|
|t:|1779558041
|move|p2a: Metagross|Heavy Slam|p1a: Meowscarada
|-damage|p1a: Meowscarada|0 fnt
|faint|p1a: Meowscarada
|
|upkeep
|
|t:|1779558057
|switch|p1a: Corviknight|Corviknight, F|30/100
|-ability|p1a: Corviknight|Pressure
|turn|21
|
|t:|1779558061
|move|p2a: Metagross|Psychic Fangs|p1a: Corviknight
|-resisted|p1a: Corviknight
|-damage|p1a: Corviknight|15/100
|move|p1a: Corviknight|Roost|p1a: Corviknight
|-heal|p1a: Corviknight|65/100
|-singleturn|p1a: Corviknight|move: Roost
|
|upkeep
|turn|22
|
|t:|1779558071
|move|p2a: Metagross|Psychic Fangs|p1a: Corviknight
|-resisted|p1a: Corviknight
|-damage|p1a: Corviknight|51/100
|move|p1a: Corviknight|Roost|p1a: Corviknight
|-heal|p1a: Corviknight|100/100
|-singleturn|p1a: Corviknight|move: Roost
|
|upkeep
|turn|23
|
|t:|1779558082
|move|p2a: Metagross|Agility|p2a: Metagross
|-boost|p2a: Metagross|spe|2
|move|p1a: Corviknight|U-turn|p2a: Metagross
|-damage|p2a: Metagross|69/100
|
|t:|1779558085
|switch|p1a: Slowking|Slowking-Galar, F, shiny|90/100|[from] U-turn
|
|upkeep
|turn|24
|
|t:|1779558091
|switch|p1a: Corviknight|Corviknight, F|100/100
|-ability|p1a: Corviknight|Pressure
|move|p2a: Metagross|Earthquake|p1a: Corviknight
|-immune|p1a: Corviknight
|
|upkeep
|turn|25
|
|t:|1779558100
|move|p2a: Metagross|Agility|p2a: Metagross
|-boost|p2a: Metagross|spe|2
|move|p1a: Corviknight|U-turn|p2a: Metagross
|-damage|p2a: Metagross|56/100
|
|t:|1779558103
|switch|p1a: Slowking|Slowking-Galar, F, shiny|100/100|[from] U-turn
|
|upkeep
|turn|26
|
|t:|1779558110
|switch|p1a: Corviknight|Corviknight, F|100/100
|-ability|p1a: Corviknight|Pressure
|move|p2a: Metagross|Psychic Fangs|p1a: Corviknight
|-resisted|p1a: Corviknight
|-damage|p1a: Corviknight|85/100
|
|upkeep
|turn|27
|
|t:|1779558118
|move|p2a: Metagross|Psychic Fangs|p1a: Corviknight
|-resisted|p1a: Corviknight
|-damage|p1a: Corviknight|70/100
|move|p1a: Corviknight|U-turn|p2a: Metagross
|-damage|p2a: Metagross|44/100
|
|t:|1779558120
|switch|p1a: Slowking|Slowking-Galar, F, shiny|100/100|[from] U-turn
|
|upkeep
|turn|28
|
|t:|1779558129
|move|p2a: Metagross|Psychic Fangs|p1a: Slowking
|-damage|p1a: Slowking|46/100
|-prepare|p1a: Slowking|Chilly Reception|[premajor]
|move|p1a: Slowking|Chilly Reception|p1a: Slowking
|-weather|Snowscape
|
|t:|1779558131
|switch|p1a: Corviknight|Corviknight, F|70/100|[from] Chilly Reception
|-ability|p1a: Corviknight|Pressure
|
|-weather|Snowscape|[upkeep]
|upkeep
|turn|29
|
|t:|1779558140
|move|p2a: Metagross|Psychic Fangs|p1a: Corviknight
|-resisted|p1a: Corviknight
|-damage|p1a: Corviknight|55/100
|move|p1a: Corviknight|Roost|p1a: Corviknight
|-heal|p1a: Corviknight|100/100
|-singleturn|p1a: Corviknight|move: Roost
|
|-weather|Snowscape|[upkeep]
|upkeep
|turn|30
|
|t:|1779558149
|move|p2a: Metagross|Heavy Slam|p1a: Corviknight
|-resisted|p1a: Corviknight
|-damage|p1a: Corviknight|81/100
|move|p1a: Corviknight|U-turn|p2a: Metagross
|-damage|p2a: Metagross|31/100
|
|t:|1779558152
|switch|p1a: Slowking|Slowking-Galar, F, shiny|79/100|[from] U-turn
|
|-weather|Snowscape|[upkeep]
|upkeep
|turn|31
|
|t:|1779558159
|switch|p1a: Corviknight|Corviknight, F|81/100
|-ability|p1a: Corviknight|Pressure
|move|p2a: Metagross|Heavy Slam|p1a: Corviknight
|-resisted|p1a: Corviknight
|-damage|p1a: Corviknight|59/100
|
|-weather|Snowscape|[upkeep]
|upkeep
|turn|32
|
|t:|1779558168
|move|p2a: Metagross|Heavy Slam|p1a: Corviknight
|-resisted|p1a: Corviknight
|-damage|p1a: Corviknight|37/100
|move|p1a: Corviknight|Roost|p1a: Corviknight
|-heal|p1a: Corviknight|87/100
|-singleturn|p1a: Corviknight|move: Roost
|
|-weather|none
|upkeep
|turn|33
|
|t:|1779558178
|move|p2a: Metagross|Heavy Slam|p1a: Corviknight
|-resisted|p1a: Corviknight
|-damage|p1a: Corviknight|65/100
|move|p1a: Corviknight|U-turn|p2a: Metagross
|-damage|p2a: Metagross|17/100
|
|t:|1779558180
|switch|p1a: Raging Bolt|Raging Bolt|100/100|[from] U-turn
|
|upkeep
|turn|34
|
|t:|1779558187
|move|p1a: Raging Bolt|Thunderclap|p2a: Metagross
|-damage|p2a: Metagross|0 fnt
|faint|p2a: Metagross
|
|upkeep
|
|t:|1779558192
|switch|p2a: Cloyster|Cloyster, F|100/100
|-damage|p2a: Cloyster|76/100|[from] Stealth Rock
|turn|35
|
|t:|1779558197
|-terastallize|p2a: Cloyster|Ground
|move|p1a: Raging Bolt|Thunderbolt|p2a: Cloyster
|-immune|p2a: Cloyster
|move|p2a: Cloyster|Shell Smash|p2a: Cloyster
|-unboost|p2a: Cloyster|def|1
|-unboost|p2a: Cloyster|spd|1
|-boost|p2a: Cloyster|atk|2
|-boost|p2a: Cloyster|spa|2
|-boost|p2a: Cloyster|spe|2
|-enditem|p2a: Cloyster|White Herb
|-clearnegativeboost|p2a: Cloyster|[silent]
|
|upkeep
|turn|36
|
|t:|1779558210
|move|p2a: Cloyster|Icicle Spear|p1a: Raging Bolt
|-supereffective|p1a: Raging Bolt
|-damage|p1a: Raging Bolt|56/100
|-supereffective|p1a: Raging Bolt
|-damage|p1a: Raging Bolt|15/100
|-supereffective|p1a: Raging Bolt
|-damage|p1a: Raging Bolt|0 fnt
|faint|p1a: Raging Bolt
|-end|p1a: Raging Bolt|Protosynthesis|[silent]
|-hitcount|p1: Raging Bolt|3
|
|upkeep
|
|t:|1779558214
|switch|p1a: Slowking|Slowking-Galar, F, shiny|100/100
|turn|37
|
|t:|1779558220
|move|p2a: Cloyster|Icicle Spear|p1a: Slowking
|-damage|p1a: Slowking|78/100
|-damage|p1a: Slowking|56/100
|-damage|p1a: Slowking|30/100
|-damage|p1a: Slowking|8/100
|-damage|p1a: Slowking|0 fnt
|faint|p1a: Slowking
|-hitcount|p1: Slowking|5
|
|upkeep
|
|t:|1779558222
|switch|p1a: Corviknight|Corviknight, F|65/100
|-ability|p1a: Corviknight|Pressure
|turn|38
|
|t:|1779558232
|move|p2a: Cloyster|Icicle Spear|p1a: Corviknight
|-damage|p1a: Corviknight|50/100
|-damage|p1a: Corviknight|36/100
|-damage|p1a: Corviknight|21/100
|-damage|p1a: Corviknight|6/100
|-damage|p1a: Corviknight|0 fnt
|faint|p1a: Corviknight
|-hitcount|p1: Corviknight|5
|
|win|pontinhu
|raw|NFELT3AK Akechi's rating: 1323 &rarr; <strong>1303</strong><br />(-20 for losing)
|raw|pontinhu's rating: 1320 &rarr; <strong>1340</strong><br />(+20 for winning)
|l|☆NFELT3AK Akechi
|player|p1|
|c|☆pontinhu|Gg
|l|☆pontinhu
|player|p2|
