|j|☆onim6
|j|☆vaxanon
|t:|1779708308
|gametype|singles
|player|p1|onim6|2|1168
|player|p2|vaxanon|169|1118
|gen|9
|tier|[Gen 9] OU
|rated|
|rule|HP Percentage Mod: HP is shown in percentages
|rule|Endless Battle Clause: Forcing endless battles is banned
|rule|Species Clause: Limit one of each Pokémon
|rule|OHKO Clause: OHKO moves are banned
|rule|Evasion Items Clause: Evasion items are banned
|rule|Evasion Moves Clause: Evasion moves are banned
|rule|Evasion Abilities Clause: Evasion abilities are banned
|rule|Sleep Moves Clause: Sleep-inducing moves are banned
|clearpoke
|poke|p1|Great Tusk|
|poke|p1|Gholdengo|
|poke|p1|Kingambit, M|
|poke|p1|Dragapult, F|
|poke|p1|Ogerpon-Wellspring, F|
|poke|p1|Iron Valiant|
|poke|p2|Meowscarada, F|
|poke|p2|Gastrodon-East, M|
|poke|p2|Ambipom, M|
|poke|p2|Cinderace, M|
|poke|p2|Whimsicott, F|
|poke|p2|Sableye, F|
|teampreview
|inactive|Battle timer is ON: inactive players will automatically lose when time's up. (requested by vaxanon)
|
|t:|1779708319
|teamsize|p1|6
|teamsize|p2|6
|start
|switch|p1a: Great Tusk|Great Tusk|100/100
|switch|p2a: Ambipom|Ambipom, M, shiny|100/100
|turn|1
|
|t:|1779708333
|move|p2a: Ambipom|Fake Out|p1a: Great Tusk
|-damage|p1a: Great Tusk|85/100
|cant|p1a: Great Tusk|flinch
|
|-heal|p1a: Great Tusk|92/100|[from] item: Leftovers
|upkeep
|turn|2
|
|t:|1779708349
|move|p2a: Ambipom|Knock Off|p1a: Great Tusk
|-resisted|p1a: Great Tusk
|-damage|p1a: Great Tusk|84/100
|-enditem|p1a: Great Tusk|Leftovers|[from] move: Knock Off|[of] p2a: Ambipom
|move|p1a: Great Tusk|Stealth Rock|p2a: Ambipom
|-sidestart|p2: vaxanon|move: Stealth Rock
|
|upkeep
|turn|3
|
|t:|1779708362
|-end|p1a: Great Tusk|Protosynthesis|[silent]
|switch|p1a: Ogerpon|Ogerpon-Wellspring, F|100/100
|move|p2a: Ambipom|U-turn|p1a: Ogerpon
|-supereffective|p1a: Ogerpon
|-damage|p1a: Ogerpon|47/100
|
|t:|1779708368
|switch|p2a: Meowscarada|Meowscarada, F, shiny|100/100|[from] U-turn
|-damage|p2a: Meowscarada|88/100|[from] Stealth Rock
|
|upkeep
|turn|4
|
|t:|1779708373
|move|p2a: Meowscarada|U-turn|p1a: Ogerpon
|-start|p2a: Meowscarada|typechange|Bug|[from] ability: Protean
|-supereffective|p1a: Ogerpon
|-damage|p1a: Ogerpon|0 fnt
|faint|p1a: Ogerpon
|
|t:|1779708379
|switch|p2a: Cinderace|Cinderace, M, shiny|100/100|[from] U-turn
|
|upkeep
|
|t:|1779708388
|switch|p1a: Great Tusk|Great Tusk|84/100
|turn|5
|
|t:|1779708395
|move|p2a: Cinderace|High Jump Kick|p1a: Great Tusk
|-start|p2a: Cinderace|typechange|Fighting|[from] ability: Libero
|-damage|p1a: Great Tusk|54/100
|move|p1a: Great Tusk|Earthquake|p2a: Cinderace
|-damage|p2a: Cinderace|41/100
|
|upkeep
|turn|6
|
|t:|1779708404
|move|p2a: Cinderace|Court Change|p2a: Cinderace
|-swapsideconditions
|-activate|p2a: Cinderace|move: Court Change
|move|p1a: Great Tusk|Earthquake|p2a: Cinderace
|-damage|p2a: Cinderace|0 fnt
|faint|p2a: Cinderace
|
|upkeep
|
|t:|1779708412
|switch|p2a: Ambipom|Ambipom, M, shiny|100/100
|turn|7
|
|t:|1779708415
|move|p2a: Ambipom|Fake Out|p1a: Great Tusk
|-damage|p1a: Great Tusk|39/100
|cant|p1a: Great Tusk|flinch
|
|upkeep
|turn|8
|
|t:|1779708420
|-terastallize|p2a: Ambipom|Normal
|move|p2a: Ambipom|Double Hit|p1a: Great Tusk
|-damage|p1a: Great Tusk|21/100
|-damage|p1a: Great Tusk|3/100
|-hitcount|p1a: Great Tusk|2
|move|p1a: Great Tusk|Earthquake|p2a: Ambipom
|-damage|p2a: Ambipom|31/100
|
|upkeep
|turn|9
|
|t:|1779708430
|move|p2a: Ambipom|U-turn|p1a: Great Tusk
|-resisted|p1a: Great Tusk
|-damage|p1a: Great Tusk|0 fnt
|faint|p1a: Great Tusk
|-end|p1a: Great Tusk|Protosynthesis|[silent]
|
|t:|1779708440
|switch|p2a: Whimsicott|Whimsicott, F|100/100|[from] U-turn
|
|upkeep
|
|t:|1779708443
|switch|p1a: Dragapult|Dragapult, F|100/100
|-damage|p1a: Dragapult|88/100|[from] Stealth Rock
|turn|10
|
|t:|1779708448
|move|p2a: Whimsicott|Switcheroo|p1a: Dragapult
|-activate|p2a: Whimsicott|move: Trick|[of] p1a: Dragapult
|-item|p1a: Dragapult|Choice Specs|[from] move: Switcheroo
|-item|p2a: Whimsicott|Choice Specs|[from] move: Switcheroo
|move|p1a: Dragapult|Flamethrower|p2a: Whimsicott
|-supereffective|p2a: Whimsicott
|-damage|p2a: Whimsicott|0 fnt
|faint|p2a: Whimsicott
|
|upkeep
|
|t:|1779708458
|switch|p2a: Gastrodon|Gastrodon-East, M|100/100
|turn|11
|
|t:|1779708468
|switch|p1a: Iron Valiant|Iron Valiant|100/100
|-damage|p1a: Iron Valiant|94/100|[from] Stealth Rock
|-enditem|p1a: Iron Valiant|Booster Energy
|-activate|p1a: Iron Valiant|ability: Quark Drive|[fromitem]
|-start|p1a: Iron Valiant|quarkdrivespe
|move|p2a: Gastrodon|Earth Power|p1a: Iron Valiant
|-damage|p1a: Iron Valiant|40/100
|-unboost|p1a: Iron Valiant|spd|1
|
|upkeep
|turn|12
|
|t:|1779708484
|move|p1a: Iron Valiant|Moonblast|p2a: Gastrodon
|-damage|p2a: Gastrodon|54/100
|move|p2a: Gastrodon|Earth Power|p1a: Iron Valiant
|-damage|p1a: Iron Valiant|0 fnt
|faint|p1a: Iron Valiant
|-end|p1a: Iron Valiant|Quark Drive|[silent]
|
|upkeep
|
|t:|1779708491
|switch|p1a: Gholdengo|Gholdengo|100/100
|-damage|p1a: Gholdengo|94/100|[from] Stealth Rock
|-item|p1a: Gholdengo|Air Balloon
|turn|13
|
|t:|1779708500
|move|p1a: Gholdengo|Nasty Plot|p1a: Gholdengo
|-boost|p1a: Gholdengo|spa|2
|move|p2a: Gastrodon|Chilling Water|p1a: Gholdengo
|-damage|p1a: Gholdengo|77/100
|-unboost|p1a: Gholdengo|atk|1
|-enditem|p1a: Gholdengo|Air Balloon
|
|upkeep
|turn|14
|
|t:|1779708509
|-terastallize|p1a: Gholdengo|Flying
|move|p1a: Gholdengo|Shadow Ball|p2a: Gastrodon
|-damage|p2a: Gastrodon|0 fnt
|faint|p2a: Gastrodon
|
|upkeep
|
|t:|1779708522
|switch|p2a: Ambipom|Ambipom, M, shiny, tera:Normal|31/100
|turn|15
|
|t:|1779708527
|move|p2a: Ambipom|Fake Out|p1a: Gholdengo
|-damage|p1a: Gholdengo|30/100
|cant|p1a: Gholdengo|flinch
|
|upkeep
|turn|16
|
|t:|1779708533
|move|p2a: Ambipom|Knock Off|p1a: Gholdengo
|-damage|p1a: Gholdengo|9/100
|move|p1a: Gholdengo|Recover|p1a: Gholdengo
|-heal|p1a: Gholdengo|59/100
|
|upkeep
|turn|17
|
|t:|1779708539
|move|p2a: Ambipom|Double Hit|p1a: Gholdengo
|-damage|p1a: Gholdengo|21/100
|-damage|p1a: Gholdengo|0 fnt
|faint|p1a: Gholdengo
|-hitcount|p1: Gholdengo|2
|
|upkeep
|
|t:|1779708547
|switch|p1a: Dragapult|Dragapult, F|88/100
|-damage|p1a: Dragapult|76/100|[from] Stealth Rock
|turn|18
|
|t:|1779708555
|switch|p2a: Sableye|Sableye, F|100/100
|move|p1a: Dragapult|Flamethrower|p2a: Sableye
|-damage|p2a: Sableye|44/100
|
|-heal|p2a: Sableye|50/100|[from] item: Leftovers
|upkeep
|turn|19
|
|t:|1779708566
|move|p2a: Sableye|Thunder Wave|p1a: Dragapult
|-status|p1a: Dragapult|par
|move|p1a: Dragapult|Flamethrower|p2a: Sableye
|-damage|p2a: Sableye|0 fnt
|faint|p2a: Sableye
|
|upkeep
|
|t:|1779708574
|switch|p2a: Meowscarada|Meowscarada, F, shiny|88/100
|turn|20
|
|t:|1779708576
|move|p2a: Meowscarada|Knock Off|p1a: Dragapult
|-start|p2a: Meowscarada|typechange|Dark|[from] ability: Protean
|-supereffective|p1a: Dragapult
|-damage|p1a: Dragapult|0 fnt
|-enditem|p1a: Dragapult|Choice Specs|[from] move: Knock Off|[of] p2a: Meowscarada
|faint|p1a: Dragapult
|
|upkeep
|
|t:|1779708581
|switch|p1a: Kingambit|Kingambit, M|100/100
|-damage|p1a: Kingambit|94/100|[from] Stealth Rock
|-activate|p1a: Kingambit|ability: Supreme Overlord
|-start|p1a: Kingambit|fallen5|[silent]
|turn|21
|
|t:|1779708599
|move|p2a: Meowscarada|Knock Off|p1a: Kingambit
|-resisted|p1a: Kingambit
|-damage|p1a: Kingambit|79/100
|-enditem|p1a: Kingambit|Black Glasses|[from] move: Knock Off|[of] p2a: Meowscarada
|move|p1a: Kingambit|Iron Head|p2a: Meowscarada
|-damage|p2a: Meowscarada|0 fnt
|faint|p2a: Meowscarada
|
|upkeep
|
|t:|1779708606
|switch|p2a: Ambipom|Ambipom, M, shiny, tera:Normal|31/100
|turn|22
|
|t:|1779708610
|move|p2a: Ambipom|Fake Out|p1a: Kingambit
|-resisted|p1a: Kingambit
|-damage|p1a: Kingambit|63/100
|cant|p1a: Kingambit|flinch
|
|upkeep
|turn|23
|
|t:|1779708616
|move|p1a: Kingambit|Sucker Punch|p2a: Ambipom
|-damage|p2a: Ambipom|0 fnt
|faint|p2a: Ambipom
|
|win|onim6
|raw|onim6's rating: 1168 &rarr; <strong>1189</strong><br />(+21 for winning)
|raw|vaxanon's rating: 1118 &rarr; <strong>1097</strong><br />(-21 for losing)
|l|☆vaxanon
|player|p2|
|l|☆onim6
|player|p1|
