|j|☆Igneos901
|j|☆flowpokemon2
|t:|1779599072
|gametype|singles
|player|p1|Igneos901|2|1312
|player|p2|flowpokemon2|266|1295
|gen|9
|tier|[Gen 9] OU
|rated|
|rule|HP Percentage Mod: HP is shown in percentages
|rule|Endless Battle Clause: Forcing endless battles is banned
|rule|Species Clause: Limit one of each Pokémon
|rule|OHKO Clause: OHKO moves are banned
|rule|Evasion Items Clause: Evasion items are banned
|rule|Evasion Moves Clause: Evasion moves are banned
|rule|Evasion Abilities Clause: Evasion abilities are banned
|rule|Sleep Moves Clause: Sleep-inducing moves are banned
|clearpoke
|poke|p1|Cinderace, F|
|poke|p1|Dragapult, F|
|poke|p1|Goodra, F|
|poke|p1|Whimsicott, M|
|poke|p1|Torkoal, F|
|poke|p1|Ursaluna, F|
|poke|p2|Torkoal, M|
|poke|p2|Great Tusk|
|poke|p2|Walking Wake|
|poke|p2|Cinderace, M|
|poke|p2|Lilligant-Hisui, F|
|poke|p2|Haxorus, M|
|teampreview
|inactive|Battle timer is ON: inactive players will automatically lose when time's up. (requested by flowpokemon2)
|
|t:|1779599085
|teamsize|p1|6
|teamsize|p2|6
|start
|switch|p1a: Dragapult|Dragapult, F|100/100
|switch|p2a: Haxorus|Haxorus, M|100/100
|-ability|p2a: Haxorus|Mold Breaker
|turn|1
|
|t:|1779599090
|move|p1a: Dragapult|Dragon Darts|p2a: Haxorus
|-supereffective|p2a: Haxorus
|-damage|p2a: Haxorus|0 fnt
|faint|p2a: Haxorus
|
|upkeep
|
|t:|1779599095
|switch|p2a: Torkoal|Torkoal, M|100/100
|-weather|SunnyDay|[from] ability: Drought|[of] p2a: Torkoal
|turn|2
|
|t:|1779599103
|switch|p1a: Cinderace|Cinderace, F|100/100
|move|p2a: Torkoal|Earth Power|p1a: Cinderace
|-supereffective|p1a: Cinderace
|-damage|p1a: Cinderace|34/100
|
|-weather|SunnyDay|[upkeep]
|upkeep
|turn|3
|
|t:|1779599113
|switch|p1a: Whimsicott|Whimsicott, M|100/100
|move|p2a: Torkoal|Earth Power|p1a: Whimsicott
|-resisted|p1a: Whimsicott
|-damage|p1a: Whimsicott|85/100
|
|-weather|SunnyDay|[upkeep]
|-heal|p1a: Whimsicott|91/100|[from] item: Leftovers
|upkeep
|turn|4
|
|t:|1779599118
|move|p1a: Whimsicott|Encore|p2a: Torkoal
|-start|p2a: Torkoal|Encore
|move|p2a: Torkoal|Earth Power|p1a: Whimsicott
|-resisted|p1a: Whimsicott
|-damage|p1a: Whimsicott|75/100
|
|-weather|SunnyDay|[upkeep]
|-heal|p1a: Whimsicott|81/100|[from] item: Leftovers
|upkeep
|turn|5
|
|t:|1779599123
|switch|p2a: Lilligant|Lilligant-Hisui, F|100/100
|move|p1a: Whimsicott|Substitute|p1a: Whimsicott
|-start|p1a: Whimsicott|Substitute
|-damage|p1a: Whimsicott|56/100
|
|-weather|SunnyDay|[upkeep]
|-heal|p1a: Whimsicott|62/100|[from] item: Leftovers
|upkeep
|turn|6
|
|t:|1779599127
|move|p2a: Lilligant|Triple Axel|p1a: Whimsicott
|-supereffective|p1a: Whimsicott
|-activate|p1a: Whimsicott|move: Substitute|[damage]
|-supereffective|p1a: Whimsicott
|-end|p1a: Whimsicott|Substitute
|-supereffective|p1a: Whimsicott
|-damage|p1a: Whimsicott|10/100
|-hitcount|p1a: Whimsicott|3
|-damage|p2a: Lilligant|91/100|[from] item: Life Orb
|move|p1a: Whimsicott|Moonblast|p2a: Lilligant
|-supereffective|p2a: Lilligant
|-damage|p2a: Lilligant|7/100
|
|-weather|SunnyDay|[upkeep]
|-heal|p1a: Whimsicott|17/100|[from] item: Leftovers
|upkeep
|turn|7
|
|t:|1779599139
|switch|p1a: Torkoal|Torkoal, F|100/100
|move|p2a: Lilligant|Solar Blade||[still]
|-prepare|p2a: Lilligant|Solar Blade
|-anim|p2a: Lilligant|Solar Blade|p1a: Torkoal
|-resisted|p1a: Torkoal
|-damage|p1a: Torkoal|77/100
|-damage|p2a: Lilligant|0 fnt|[from] item: Rocky Helmet|[of] p1a: Torkoal
|faint|p2a: Lilligant
|
|-weather|SunnyDay|[upkeep]
|upkeep
|
|t:|1779599144
|switch|p2a: Walking Wake|Walking Wake|100/100
|-activate|p2a: Walking Wake|ability: Protosynthesis
|-start|p2a: Walking Wake|protosynthesisspe
|turn|8
|
|t:|1779599148
|switch|p1a: Goodra|Goodra, F|100/100
|move|p2a: Walking Wake|Hydro Steam|p1a: Goodra
|-resisted|p1a: Goodra
|-damage|p1a: Goodra|83/100
|-damage|p2a: Walking Wake|91/100|[from] item: Life Orb
|
|-weather|SunnyDay|[upkeep]
|upkeep
|turn|9
|
|t:|1779599157
|-terastallize|p1a: Goodra|Poison
|move|p2a: Walking Wake|Dragon Pulse|p1a: Goodra
|-damage|p1a: Goodra|59/100
|-damage|p2a: Walking Wake|81/100|[from] item: Life Orb
|move|p1a: Goodra|Sludge Bomb|p2a: Walking Wake
|-damage|p2a: Walking Wake|34/100
|-status|p2a: Walking Wake|psn
|
|-weather|none
|-end|p2a: Walking Wake|Protosynthesis
|-damage|p2a: Walking Wake|22/100 psn|[from] psn
|upkeep
|turn|10
|-message|flowpokemon2 forfeited.
|
|win|Igneos901
|raw|Igneos901's rating: 1312 &rarr; <strong>1331</strong><br />(+19 for winning)
|raw|flowpokemon2's rating: 1295 &rarr; <strong>1271</strong><br />(-24 for losing)
|l|☆flowpokemon2
|player|p2|
|l|☆Igneos901
|player|p1|
