|j|☆aethrx
|j|☆khoai3
|t:|1779589817
|gametype|singles
|player|p1|aethrx|169|1495
|player|p2|khoai3|n|1492
|gen|9
|tier|[Gen 9] OU
|rated|
|rule|HP Percentage Mod: HP is shown in percentages
|rule|Endless Battle Clause: Forcing endless battles is banned
|rule|Species Clause: Limit one of each Pokémon
|rule|OHKO Clause: OHKO moves are banned
|rule|Evasion Items Clause: Evasion items are banned
|rule|Evasion Moves Clause: Evasion moves are banned
|rule|Evasion Abilities Clause: Evasion abilities are banned
|rule|Sleep Moves Clause: Sleep-inducing moves are banned
|clearpoke
|poke|p1|Hydrapple, M|
|poke|p1|Slowking-Galar, M|
|poke|p1|Corviknight, F|
|poke|p1|Ting-Lu|
|poke|p1|Darkrai|
|poke|p1|Cinderace, M|
|poke|p2|Dragapult, F|
|poke|p2|Hoopa-Unbound|
|poke|p2|Lokix, F|
|poke|p2|Slowking-Galar, M|
|poke|p2|Landorus-Therian, M|
|poke|p2|Cinderace, M|
|teampreview
|
|t:|1779589849
|teamsize|p1|6
|teamsize|p2|6
|start
|switch|p1a: Cinderace|Cinderace, M|100/100
|switch|p2a: Landorus|Landorus-Therian, M|100/100
|-ability|p2a: Landorus|Intimidate|boost
|-unboost|p1a: Cinderace|atk|1
|turn|1
|j| Yamhard
|inactive|Battle timer is ON: inactive players will automatically lose when time's up. (requested by khoai3)
|
|t:|1779589874
|switch|p2a: Cinderace|Cinderace, M|100/100
|move|p1a: Cinderace|U-turn|p2a: Cinderace
|-start|p1a: Cinderace|typechange|Bug|[from] ability: Libero
|-resisted|p2a: Cinderace
|-damage|p2a: Cinderace|83/100
|
|t:|1779589892
|switch|p1a: Ting-Lu|Ting-Lu|100/100|[from] U-turn
|-ability|p1a: Ting-Lu|Vessel of Ruin
|
|upkeep
|turn|2
|
|t:|1779589905
|move|p2a: Cinderace|U-turn|p1a: Ting-Lu
|-start|p2a: Cinderace|typechange|Bug|[from] ability: Libero
|-supereffective|p1a: Ting-Lu
|-damage|p1a: Ting-Lu|75/100
|
|t:|1779589912
|switch|p2a: Landorus|Landorus-Therian, M|100/100|[from] U-turn
|-ability|p2a: Landorus|Intimidate|boost
|-unboost|p1a: Ting-Lu|atk|1
|move|p1a: Ting-Lu|Spikes|p2a: Landorus
|-sidestart|p2: khoai3|Spikes
|
|-heal|p1a: Ting-Lu|81/100|[from] item: Leftovers
|upkeep
|turn|3
|
|t:|1779589917
|move|p2a: Landorus|Taunt|p1a: Ting-Lu
|-start|p1a: Ting-Lu|move: Taunt
|cant|p1a: Ting-Lu|move: Taunt|Whirlwind
|
|-heal|p1a: Ting-Lu|87/100|[from] item: Leftovers
|upkeep
|turn|4
|
|t:|1779589922
|switch|p1a: Hydrapple|Hydrapple, M|100/100
|move|p2a: Landorus|U-turn|p1a: Hydrapple
|-supereffective|p1a: Hydrapple
|-damage|p1a: Hydrapple|75/100
|
|t:|1779589926
|switch|p2a: Lokix|Lokix, F|100/100|[from] U-turn
|
|upkeep
|turn|5
|
|t:|1779589932
|switch|p1a: Corviknight|Corviknight, F|100/100
|-ability|p1a: Corviknight|Pressure
|move|p2a: Lokix|U-turn|p1a: Corviknight
|-resisted|p1a: Corviknight
|-damage|p1a: Corviknight|91/100
|-damage|p2a: Lokix|84/100|[from] item: Rocky Helmet|[of] p1a: Corviknight
|
|t:|1779589938
|switch|p2a: Dragapult|Dragapult, F|100/100|[from] U-turn
|
|upkeep
|turn|6
|
|t:|1779589942
|move|p2a: Dragapult|Will-O-Wisp|p1a: Corviknight
|-status|p1a: Corviknight|brn
|move|p1a: Corviknight|U-turn|p2a: Dragapult
|-resisted|p2a: Dragapult
|-damage|p2a: Dragapult|96/100
|
|t:|1779589945
|switch|p1a: Darkrai|Darkrai|100/100|[from] U-turn
|
|upkeep
|turn|7
|inactive|khoai3 has 120 seconds left.
|
|t:|1779589990
|switch|p2a: Cinderace|Cinderace, M|83/100
|move|p1a: Darkrai|Dark Pulse|p2a: Cinderace
|-damage|p2a: Cinderace|13/100
|
|upkeep
|turn|8
|
|t:|1779590003
|switch|p2a: Lokix|Lokix, F|84/100
|move|p1a: Darkrai|Dark Pulse|p2a: Lokix
|-resisted|p2a: Lokix
|-damage|p2a: Lokix|38/100
|
|upkeep
|turn|9
|inactive|khoai3 has 120 seconds left.
|
|t:|1779590017
|switch|p1a: Corviknight|Corviknight, F|91/100 brn
|-ability|p1a: Corviknight|Pressure
|switch|p2a: Dragapult|Dragapult, F|96/100
|
|-damage|p1a: Corviknight|85/100 brn|[from] brn
|upkeep
|turn|10
|inactive|khoai3 has 120 seconds left.
|
|t:|1779590026
|switch|p1a: Darkrai|Darkrai|100/100
|move|p2a: Dragapult|Hex|p1a: Darkrai
|-resisted|p1a: Darkrai
|-damage|p1a: Darkrai|83/100
|
|upkeep
|turn|11
|
|t:|1779590031
|switch|p2a: Landorus|Landorus-Therian, M|100/100
|-ability|p2a: Landorus|Intimidate|boost
|-unboost|p1a: Darkrai|atk|1
|move|p1a: Darkrai|Dark Pulse|p2a: Landorus
|-damage|p2a: Landorus|49/100
|
|upkeep
|turn|12
|
|t:|1779590037
|move|p1a: Darkrai|Dark Pulse|p2a: Landorus
|-damage|p2a: Landorus|0 fnt
|faint|p2a: Landorus
|
|upkeep
|
|t:|1779590040
|switch|p2a: Lokix|Lokix, F|38/100
|turn|13
|
|t:|1779590043
|switch|p1a: Corviknight|Corviknight, F|85/100 brn
|-ability|p1a: Corviknight|Pressure
|move|p2a: Lokix|Knock Off|p1a: Corviknight
|-damage|p1a: Corviknight|58/100 brn
|-damage|p2a: Lokix|22/100|[from] item: Rocky Helmet|[of] p1a: Corviknight
|-enditem|p1a: Corviknight|Rocky Helmet|[from] move: Knock Off|[of] p2a: Lokix
|
|-damage|p1a: Corviknight|52/100 brn|[from] brn
|upkeep
|turn|14
|
|t:|1779590052
|move|p2a: Lokix|U-turn|p1a: Corviknight
|-resisted|p1a: Corviknight
|-damage|p1a: Corviknight|42/100 brn
|
|t:|1779590064
|switch|p2a: Slowking|Slowking-Galar, M|100/100|[from] U-turn
|move|p1a: Corviknight|Roost|p1a: Corviknight
|-heal|p1a: Corviknight|92/100 brn
|-singleturn|p1a: Corviknight|move: Roost
|
|-damage|p1a: Corviknight|86/100 brn|[from] brn
|upkeep
|turn|15
|
|t:|1779590073
|move|p1a: Corviknight|U-turn|p2a: Slowking
|-damage|p2a: Slowking|93/100
|
|t:|1779590079
|switch|p1a: Ting-Lu|Ting-Lu|87/100|[from] U-turn
|-ability|p1a: Ting-Lu|Vessel of Ruin
|-prepare|p2a: Slowking|Chilly Reception|[premajor]
|move|p2a: Slowking|Chilly Reception|p2a: Slowking
|-weather|Snowscape
|
|t:|1779590086
|switch|p2a: Lokix|Lokix, F|22/100|[from] Chilly Reception
|
|-weather|Snowscape|[upkeep]
|-heal|p1a: Ting-Lu|93/100|[from] item: Leftovers
|upkeep
|turn|16
|
|t:|1779590091
|switch|p1a: Cinderace|Cinderace, M|100/100
|-terastallize|p2a: Lokix|Bug
|move|p2a: Lokix|Leech Life|p1a: Cinderace
|-resisted|p1a: Cinderace
|-damage|p1a: Cinderace|29/100
|-heal|p2a: Lokix|60/100|[from] drain|[of] p1a: Cinderace
|
|-weather|Snowscape|[upkeep]
|upkeep
|turn|17
|
|t:|1779590109
|switch|p2a: Dragapult|Dragapult, F|96/100
|move|p1a: Cinderace|Pyro Ball|p2a: Dragapult|[miss]
|-miss|p1a: Cinderace|p2a: Dragapult
|
|-weather|Snowscape|[upkeep]
|upkeep
|turn|18
|
|t:|1779590130
|move|p1a: Cinderace|Sucker Punch|p2a: Dragapult
|-start|p1a: Cinderace|typechange|Dark|[from] ability: Libero
|-supereffective|p2a: Dragapult
|-damage|p2a: Dragapult|0 fnt
|faint|p2a: Dragapult
|
|-weather|Snowscape|[upkeep]
|upkeep
|inactive|khoai3 has 120 seconds left.
|
|t:|1779590156
|switch|p2a: Lokix|Lokix, F, tera:Bug|60/100
|turn|19
|
|t:|1779590164
|move|p2a: Lokix|First Impression|p1a: Cinderace
|-supereffective|p1a: Cinderace
|-damage|p1a: Cinderace|0 fnt
|faint|p1a: Cinderace
|
|-weather|none
|upkeep
|
|t:|1779590179
|switch|p1a: Corviknight|Corviknight, F|86/100 brn
|-ability|p1a: Corviknight|Pressure
|turn|20
|
|t:|1779590185
|move|p2a: Lokix|U-turn|p1a: Corviknight
|-resisted|p1a: Corviknight
|-damage|p1a: Corviknight|71/100 brn
|
|t:|1779590190
|switch|p2a: Slowking|Slowking-Galar, M|100/100|[from] U-turn
|move|p1a: Corviknight|U-turn|p2a: Slowking
|-damage|p2a: Slowking|94/100
|
|t:|1779590197
|switch|p1a: Ting-Lu|Ting-Lu|93/100|[from] U-turn
|-ability|p1a: Ting-Lu|Vessel of Ruin
|
|-heal|p1a: Ting-Lu|99/100|[from] item: Leftovers
|upkeep
|turn|21
|
|t:|1779590207
|move|p1a: Ting-Lu|Earthquake|p2a: Slowking
|-supereffective|p2a: Slowking
|-damage|p2a: Slowking|20/100
|-prepare|p2a: Slowking|Chilly Reception|[premajor]
|move|p2a: Slowking|Chilly Reception|p2a: Slowking
|-weather|Snowscape
|
|t:|1779590210
|switch|p2a: Lokix|Lokix, F, tera:Bug|60/100|[from] Chilly Reception
|
|-weather|Snowscape|[upkeep]
|-heal|p1a: Ting-Lu|100/100|[from] item: Leftovers
|upkeep
|turn|22
|
|t:|1779590214
|switch|p1a: Corviknight|Corviknight, F|71/100 brn
|-ability|p1a: Corviknight|Pressure
|move|p2a: Lokix|U-turn|p1a: Corviknight
|-resisted|p1a: Corviknight
|-damage|p1a: Corviknight|57/100 brn
|
|t:|1779590217
|switch|p2a: Cinderace|Cinderace, M|13/100|[from] U-turn
|
|-weather|Snowscape|[upkeep]
|-damage|p1a: Corviknight|51/100 brn|[from] brn
|upkeep
|turn|23
|
|t:|1779590245
|move|p2a: Cinderace|Pyro Ball|p1a: Corviknight
|-supereffective|p1a: Corviknight
|-damage|p1a: Corviknight|0 fnt
|faint|p1a: Corviknight
|
|-weather|Snowscape|[upkeep]
|upkeep
|
|t:|1779590248
|switch|p1a: Darkrai|Darkrai|83/100
|turn|24
|
|t:|1779590267
|move|p1a: Darkrai|Dark Pulse|p2a: Cinderace
|-damage|p2a: Cinderace|0 fnt
|faint|p2a: Cinderace
|
|-weather|Snowscape|[upkeep]
|upkeep
|
|t:|1779590269
|switch|p2a: Lokix|Lokix, F, tera:Bug|60/100
|turn|25
|
|t:|1779590293
|switch|p1a: Slowking|Slowking-Galar, M|100/100
|move|p2a: Lokix|First Impression|p1a: Slowking
|-damage|p1a: Slowking|38/100
|
|-weather|none
|upkeep
|turn|26
|
|t:|1779590304
|move|p2a: Lokix|U-turn|p1a: Slowking
|-damage|p1a: Slowking|0 fnt
|faint|p1a: Slowking
|
|t:|1779590307
|switch|p2a: Slowking|Slowking-Galar, M|54/100|[from] U-turn
|
|upkeep
|
|t:|1779590318
|switch|p1a: Hydrapple|Hydrapple, M|100/100
|turn|27
|
|t:|1779590331
|-terastallize|p1a: Hydrapple|Steel
|move|p1a: Hydrapple|Earth Power|p2a: Slowking
|-supereffective|p2a: Slowking
|-damage|p2a: Slowking|25/100
|move|p2a: Slowking|Thunder Wave|p1a: Hydrapple
|-status|p1a: Hydrapple|par
|
|upkeep
|turn|28
|
|t:|1779590352
|move|p1a: Hydrapple|Earth Power|p2a: Slowking
|-supereffective|p2a: Slowking
|-damage|p2a: Slowking|0 fnt
|faint|p2a: Slowking
|
|upkeep
|
|t:|1779590355
|switch|p2a: Hoopa|Hoopa-Unbound|100/100
|-damage|p2a: Hoopa|88/100|[from] Spikes
|turn|29
|
|t:|1779590359
|move|p2a: Hoopa|Drain Punch|p1a: Hydrapple
|-supereffective|p1a: Hydrapple
|-damage|p1a: Hydrapple|40/100 par
|-heal|p2a: Hoopa|100/100|[from] drain|[of] p1a: Hydrapple
|move|p1a: Hydrapple|Fickle Beam|p2a: Hoopa|[anim] Fickle Beam All Out
|-activate|p1a: Hydrapple|move: Fickle Beam
|-damage|p2a: Hoopa|47/100
|
|upkeep
|turn|30
|
|t:|1779590366
|move|p2a: Hoopa|Drain Punch|p1a: Hydrapple
|-supereffective|p1a: Hydrapple
|-damage|p1a: Hydrapple|0 fnt
|-heal|p2a: Hoopa|75/100|[from] drain|[of] p1a: Hydrapple
|faint|p1a: Hydrapple
|
|upkeep
|
|t:|1779590380
|switch|p1a: Ting-Lu|Ting-Lu|100/100
|-ability|p1a: Ting-Lu|Vessel of Ruin
|turn|31
|
|t:|1779590385
|move|p2a: Hoopa|Drain Punch|p1a: Ting-Lu
|-supereffective|p1a: Ting-Lu
|-damage|p1a: Ting-Lu|62/100
|-heal|p2a: Hoopa|100/100|[from] drain|[of] p1a: Ting-Lu
|move|p1a: Ting-Lu|Ruination|p2a: Hoopa|[miss]
|-miss|p1a: Ting-Lu|p2a: Hoopa
|
|-heal|p1a: Ting-Lu|69/100|[from] item: Leftovers
|upkeep
|turn|32
|
|t:|1779590391
|move|p2a: Hoopa|Drain Punch|p1a: Ting-Lu
|-supereffective|p1a: Ting-Lu
|-damage|p1a: Ting-Lu|24/100
|move|p1a: Ting-Lu|Ruination|p2a: Hoopa
|-damage|p2a: Hoopa|51/100
|
|-heal|p1a: Ting-Lu|30/100|[from] item: Leftovers
|upkeep
|turn|33
|
|t:|1779590396
|move|p2a: Hoopa|Drain Punch|p1a: Ting-Lu
|-supereffective|p1a: Ting-Lu
|-damage|p1a: Ting-Lu|0 fnt
|-heal|p2a: Hoopa|76/100|[from] drain|[of] p1a: Ting-Lu
|faint|p1a: Ting-Lu
|
|upkeep
|
|t:|1779590398
|switch|p1a: Darkrai|Darkrai|83/100
|turn|34
|
|t:|1779590401
|move|p1a: Darkrai|Dark Pulse|p2a: Hoopa
|-damage|p2a: Hoopa|31/100
|cant|p2a: Hoopa|flinch
|
|upkeep
|turn|35
|
|t:|1779590404
|move|p1a: Darkrai|Dark Pulse|p2a: Hoopa
|-damage|p2a: Hoopa|0 fnt
|faint|p2a: Hoopa
|
|upkeep
|
|t:|1779590409
|switch|p2a: Lokix|Lokix, F, tera:Bug|60/100
|turn|36
|
|t:|1779590412
|move|p2a: Lokix|First Impression|p1a: Darkrai
|-supereffective|p1a: Darkrai
|-damage|p1a: Darkrai|0 fnt
|faint|p1a: Darkrai
|
|win|khoai3
|raw|aethrx's rating: 1495 &rarr; <strong>1475</strong><br />(-20 for losing)
|raw|khoai3's rating: 1492 &rarr; <strong>1512</strong><br />(+20 for winning)
|c|☆aethrx|gg
|c|☆khoai3|gg
|l|☆aethrx
|player|p1|
