|j|☆esta man oe
|j|☆BluChicken
|t:|1779558886
|gametype|singles
|player|p1|esta man oe|preschooler|1411
|player|p2|BluChicken|fantina|1417
|gen|9
|tier|[Gen 9] OU
|rated|
|rule|HP Percentage Mod: HP is shown in percentages
|rule|Endless Battle Clause: Forcing endless battles is banned
|rule|Species Clause: Limit one of each Pokémon
|rule|OHKO Clause: OHKO moves are banned
|rule|Evasion Items Clause: Evasion items are banned
|rule|Evasion Moves Clause: Evasion moves are banned
|rule|Evasion Abilities Clause: Evasion abilities are banned
|rule|Sleep Moves Clause: Sleep-inducing moves are banned
|clearpoke
|poke|p1|Torkoal, M|
|poke|p1|Pelipper, M|
|poke|p1|Walking Wake|
|poke|p1|Hatterene, F|
|poke|p1|Raging Bolt|
|poke|p1|Alomomola, F|
|poke|p2|Iron Hands|
|poke|p2|Rillaboom, F|
|poke|p2|Darkrai|
|poke|p2|Hatterene, F|
|poke|p2|Cinderace, F|
|poke|p2|Primarina, F|
|teampreview
|inactive|Battle timer is ON: inactive players will automatically lose when time's up. (requested by esta man oe)
|
|t:|1779558902
|teamsize|p1|6
|teamsize|p2|6
|start
|switch|p1a: Raging Bolt|Raging Bolt|100/100
|switch|p2a: Cinderace|Cinderace, F|100/100
|turn|1
|
|t:|1779558908
|move|p1a: Raging Bolt|Volt Switch|p2a: Cinderace
|-damage|p2a: Cinderace|46/100
|
|t:|1779558910
|-end|p1a: Raging Bolt|Protosynthesis|[silent]
|switch|p1a: Torkoal|Torkoal, M|100/100|[from] Volt Switch
|-weather|SunnyDay|[from] ability: Drought|[of] p1a: Torkoal
|move|p2a: Cinderace|U-turn|p1a: Torkoal
|-start|p2a: Cinderace|typechange|Bug|[from] ability: Libero
|-resisted|p1a: Torkoal
|-damage|p1a: Torkoal|91/100
|
|t:|1779558918
|switch|p2a: Primarina|Primarina, F|100/100|[from] U-turn
|
|-weather|SunnyDay|[upkeep]
|upkeep
|turn|2
|
|t:|1779558928
|switch|p1a: Alomomola|Alomomola, F|100/100
|move|p2a: Primarina|Psychic Noise|p1a: Alomomola
|-resisted|p1a: Alomomola
|-damage|p1a: Alomomola|95/100
|-start|p1a: Alomomola|move: Heal Block
|
|-weather|SunnyDay|[upkeep]
|upkeep
|turn|3
|
|t:|1779558936
|move|p2a: Primarina|Substitute|p2a: Primarina
|-start|p2a: Primarina|Substitute
|-damage|p2a: Primarina|75/100
|move|p1a: Alomomola|Flip Turn|p2a: Primarina
|-resisted|p2a: Primarina
|-activate|p2a: Primarina|move: Substitute|[damage]
|
|t:|1779558939
|switch|p1a: Raging Bolt|Raging Bolt|100/100|[from] Flip Turn
|-activate|p1a: Raging Bolt|ability: Protosynthesis
|-start|p1a: Raging Bolt|protosynthesisspa
|
|-weather|SunnyDay|[upkeep]
|-heal|p2a: Primarina|82/100|[from] item: Leftovers
|upkeep
|turn|4
|
|t:|1779558945
|move|p1a: Raging Bolt|Volt Switch|p2a: Primarina
|-supereffective|p2a: Primarina
|-end|p2a: Primarina|Substitute
|
|t:|1779558947
|-end|p1a: Raging Bolt|Protosynthesis|[silent]
|switch|p1a: Hatterene|Hatterene, F, shiny|100/100|[from] Volt Switch
|move|p2a: Primarina|Draining Kiss|p1a: Hatterene
|-damage|p1a: Hatterene|77/100
|-heal|p2a: Primarina|97/100|[from] drain|[of] p1a: Hatterene
|-enditem|p1a: Hatterene|Eject Button
|
|t:|1779558948
|switch|p1a: Raging Bolt|Raging Bolt|100/100
|-activate|p1a: Raging Bolt|ability: Protosynthesis
|-start|p1a: Raging Bolt|protosynthesisspa
|
|-weather|SunnyDay|[upkeep]
|-heal|p2a: Primarina|100/100|[from] item: Leftovers
|upkeep
|turn|5
|
|t:|1779558962
|switch|p2a: Rillaboom|Rillaboom, F|100/100
|-fieldstart|move: Grassy Terrain|[from] ability: Grassy Surge|[of] p2a: Rillaboom
|move|p1a: Raging Bolt|Volt Switch|p2a: Rillaboom
|-resisted|p2a: Rillaboom
|-damage|p2a: Rillaboom|66/100
|
|t:|1779558969
|-end|p1a: Raging Bolt|Protosynthesis|[silent]
|switch|p1a: Walking Wake|Walking Wake|100/100|[from] Volt Switch
|-activate|p1a: Walking Wake|ability: Protosynthesis
|-start|p1a: Walking Wake|protosynthesisspa
|
|-weather|SunnyDay|[upkeep]
|-heal|p2a: Rillaboom|73/100|[from] Grassy Terrain
|upkeep
|turn|6
|
|t:|1779558973
|-terastallize|p2a: Rillaboom|Grass
|move|p2a: Rillaboom|Grassy Glide|p1a: Walking Wake
|-damage|p1a: Walking Wake|12/100
|move|p1a: Walking Wake|Flamethrower|p2a: Rillaboom
|-supereffective|p2a: Rillaboom
|-damage|p2a: Rillaboom|0 fnt
|faint|p2a: Rillaboom
|
|-weather|SunnyDay|[upkeep]
|-heal|p1a: Walking Wake|18/100|[from] Grassy Terrain
|upkeep
|
|t:|1779558981
|switch|p2a: Cinderace|Cinderace, F|46/100
|turn|7
|
|t:|1779558991
|-end|p1a: Walking Wake|Protosynthesis|[silent]
|switch|p1a: Pelipper|Pelipper, M|100/100
|-weather|RainDance|[from] ability: Drizzle|[of] p1a: Pelipper
|move|p2a: Cinderace|Sucker Punch||[still]
|-fail|p2a: Cinderace
|
|-weather|RainDance|[upkeep]
|-heal|p2a: Cinderace|52/100|[from] Grassy Terrain
|upkeep
|turn|8
|
|t:|1779558997
|move|p2a: Cinderace|U-turn|p1a: Pelipper
|-start|p2a: Cinderace|typechange|Bug|[from] ability: Libero
|-resisted|p1a: Pelipper
|-damage|p1a: Pelipper|88/100
|
|t:|1779559000
|switch|p2a: BRIAN HANDS|Iron Hands|100/100|[from] U-turn
|-enditem|p2a: BRIAN HANDS|Grassy Seed
|-boost|p2a: BRIAN HANDS|def|1|[from] item: Grassy Seed
|move|p1a: Pelipper|U-turn|p2a: BRIAN HANDS
|-resisted|p2a: BRIAN HANDS
|-damage|p2a: BRIAN HANDS|99/100
|
|t:|1779559005
|switch|p1a: Torkoal|Torkoal, M|91/100|[from] U-turn
|-weather|SunnyDay|[from] ability: Drought|[of] p1a: Torkoal
|
|-weather|SunnyDay|[upkeep]
|-heal|p2a: BRIAN HANDS|100/100|[from] Grassy Terrain
|-heal|p1a: Torkoal|97/100|[from] Grassy Terrain
|upkeep
|turn|9
|
|t:|1779559013
|move|p2a: BRIAN HANDS|Swords Dance|p2a: BRIAN HANDS
|-boost|p2a: BRIAN HANDS|atk|2
|move|p1a: Torkoal|Will-O-Wisp|p2a: BRIAN HANDS
|-status|p2a: BRIAN HANDS|brn
|
|-weather|SunnyDay|[upkeep]
|-heal|p1a: Torkoal|100/100|[from] Grassy Terrain
|-damage|p2a: BRIAN HANDS|94/100 brn|[from] brn
|-fieldend|move: Grassy Terrain
|upkeep
|turn|10
|
|t:|1779559029
|move|p2a: BRIAN HANDS|Swords Dance|p2a: BRIAN HANDS
|-boost|p2a: BRIAN HANDS|atk|2
|move|p1a: Torkoal|Lava Plume|p2a: BRIAN HANDS
|-damage|p2a: BRIAN HANDS|64/100 brn
|
|-weather|SunnyDay|[upkeep]
|-damage|p2a: BRIAN HANDS|57/100 brn|[from] brn
|upkeep
|turn|11
|
|t:|1779559035
|move|p2a: BRIAN HANDS|Drain Punch|p1a: Torkoal
|-damage|p1a: Torkoal|65/100
|-heal|p2a: BRIAN HANDS|71/100 brn|[from] drain|[of] p1a: Torkoal
|move|p1a: Torkoal|Lava Plume|p2a: BRIAN HANDS
|-crit|p2a: BRIAN HANDS
|-damage|p2a: BRIAN HANDS|23/100 brn
|
|-weather|SunnyDay|[upkeep]
|-damage|p2a: BRIAN HANDS|17/100 brn|[from] brn
|upkeep
|turn|12
|
|t:|1779559044
|move|p2a: BRIAN HANDS|Thunder Punch|p1a: Torkoal
|-damage|p1a: Torkoal|30/100
|move|p1a: Torkoal|Lava Plume|p2a: BRIAN HANDS
|-damage|p2a: BRIAN HANDS|0 fnt
|faint|p2a: BRIAN HANDS
|-end|p2a: BRIAN HANDS|Quark Drive|[silent]
|
|-weather|SunnyDay|[upkeep]
|upkeep
|
|t:|1779559049
|switch|p2a: Darkrai|Darkrai|100/100
|turn|13
|
|t:|1779559054
|switch|p1a: Alomomola|Alomomola, F|100/100
|move|p2a: Darkrai|Dark Pulse|p1a: Alomomola
|-damage|p1a: Alomomola|67/100
|
|-weather|SunnyDay|[upkeep]
|upkeep
|turn|14
|
|t:|1779559060
|move|p2a: Darkrai|Dark Pulse|p1a: Alomomola
|-damage|p1a: Alomomola|33/100
|move|p1a: Alomomola|Flip Turn|p2a: Darkrai
|-damage|p2a: Darkrai|89/100
|
|t:|1779559062
|switch|p1a: Raging Bolt|Raging Bolt|100/100|[from] Flip Turn
|-activate|p1a: Raging Bolt|ability: Protosynthesis
|-start|p1a: Raging Bolt|protosynthesisspa
|
|-weather|SunnyDay|[upkeep]
|upkeep
|turn|15
|
|t:|1779559068
|move|p2a: Darkrai|Dark Pulse|p1a: Raging Bolt
|-damage|p1a: Raging Bolt|61/100
|move|p1a: Raging Bolt|Volt Switch|p2a: Darkrai
|-damage|p2a: Darkrai|25/100
|
|t:|1779559078
|-end|p1a: Raging Bolt|Protosynthesis|[silent]
|switch|p1a: Alomomola|Alomomola, F|67/100|[from] Volt Switch
|
|-weather|none
|upkeep
|turn|16
|
|t:|1779559080
|move|p2a: Darkrai|Dark Pulse|p1a: Alomomola
|-damage|p1a: Alomomola|33/100
|cant|p1a: Alomomola|flinch
|
|upkeep
|turn|17
|
|t:|1779559084
|switch|p1a: Raging Bolt|Raging Bolt|61/100
|move|p2a: Darkrai|Dark Pulse|p1a: Raging Bolt
|-damage|p1a: Raging Bolt|22/100
|
|upkeep
|turn|18
|
|t:|1779559087
|move|p1a: Raging Bolt|Thunderclap|p2a: Darkrai
|-damage|p2a: Darkrai|0 fnt
|faint|p2a: Darkrai
|
|upkeep
|
|t:|1779559092
|switch|p2a: Hatterene|Hatterene, F|100/100
|turn|19
|
|t:|1779559096
|-end|p1a: Raging Bolt|Protosynthesis|[silent]
|switch|p1a: Torkoal|Torkoal, M|30/100
|-weather|SunnyDay|[from] ability: Drought|[of] p1a: Torkoal
|move|p2a: Hatterene|Dazzling Gleam|p1a: Torkoal
|-resisted|p1a: Torkoal
|-damage|p1a: Torkoal|4/100
|
|-weather|SunnyDay|[upkeep]
|upkeep
|turn|20
|
|t:|1779559098
|move|p2a: Hatterene|Dazzling Gleam|p1a: Torkoal
|-resisted|p1a: Torkoal
|-damage|p1a: Torkoal|0 fnt
|faint|p1a: Torkoal
|
|-weather|SunnyDay|[upkeep]
|upkeep
|
|t:|1779559104
|switch|p1a: Hatterene|Hatterene, F, shiny|77/100
|turn|21
|
|t:|1779559112
|move|p2a: Hatterene|Nuzzle|p1a: Hatterene
|-damage|p1a: Hatterene|73/100
|-status|p1a: Hatterene|par
|move|p1a: Hatterene|Mystical Fire|p2a: Hatterene
|-damage|p2a: Hatterene|67/100
|
|-weather|SunnyDay|[upkeep]
|upkeep
|turn|22
|
|t:|1779559118
|move|p2a: Hatterene|Dazzling Gleam|p1a: Hatterene
|-damage|p1a: Hatterene|35/100 par
|cant|p1a: Hatterene|par
|
|-weather|SunnyDay|[upkeep]
|upkeep
|turn|23
|
|t:|1779559123
|switch|p1a: Alomomola|Alomomola, F|67/100
|move|p2a: Hatterene|Dazzling Gleam|p1a: Alomomola
|-damage|p1a: Alomomola|38/100
|
|-weather|SunnyDay|[upkeep]
|upkeep
|turn|24
|
|t:|1779559126
|move|p1a: Alomomola|Healing Wish|p1a: Alomomola
|faint|p1a: Alomomola
|move|p2a: Hatterene|Psychic Noise|p1: Alomomola|[notarget]
|-fail|p2a: Hatterene
|
|-weather|SunnyDay|[upkeep]
|upkeep
|
|t:|1779559127
|switch|p1a: Walking Wake|Walking Wake|18/100
|-heal|p1a: Walking Wake|100/100|[from] move: Healing Wish
|-activate|p1a: Walking Wake|ability: Protosynthesis
|-start|p1a: Walking Wake|protosynthesisspa
|turn|25
|
|t:|1779559131
|-terastallize|p1a: Walking Wake|Water
|move|p1a: Walking Wake|Hydro Steam|p2a: Hatterene
|-damage|p2a: Hatterene|0 fnt
|faint|p2a: Hatterene
|
|-weather|SunnyDay|[upkeep]
|upkeep
|
|t:|1779559141
|switch|p2a: Cinderace|Cinderace, F|52/100
|turn|26
|
|t:|1779559146
|move|p2a: Cinderace|Pyro Ball|p1a: Walking Wake
|-resisted|p1a: Walking Wake
|-damage|p1a: Walking Wake|51/100
|move|p1a: Walking Wake|Hydro Steam|p2a: Cinderace
|-supereffective|p2a: Cinderace
|-damage|p2a: Cinderace|0 fnt
|faint|p2a: Cinderace
|
|-weather|none
|-end|p1a: Walking Wake|Protosynthesis
|upkeep
|-message|BluChicken forfeited.
|
|win|esta man oe
|raw|esta man oe's rating: 1411 &rarr; <strong>1431</strong><br />(+20 for winning)
|raw|BluChicken's rating: 1417 &rarr; <strong>1397</strong><br />(-20 for losing)
|l|☆BluChicken
|player|p2|
