|j|☆GrittyGamer
|j|☆Nuii09
|t:|1779564512
|gametype|singles
|player|p1|GrittyGamer|worker-gen4|1652
|player|p2|Nuii09|baker|1681
|gen|9
|tier|[Gen 9] OU
|rated|
|rule|HP Percentage Mod: HP is shown in percentages
|rule|Endless Battle Clause: Forcing endless battles is banned
|rule|Species Clause: Limit one of each Pokémon
|rule|OHKO Clause: OHKO moves are banned
|rule|Evasion Items Clause: Evasion items are banned
|rule|Evasion Moves Clause: Evasion moves are banned
|rule|Evasion Abilities Clause: Evasion abilities are banned
|rule|Sleep Moves Clause: Sleep-inducing moves are banned
|clearpoke
|poke|p1|Serperior, F|
|poke|p1|Maushold-Four|
|poke|p1|Landorus-Therian, M|
|poke|p1|Iron Hands|
|poke|p1|Gholdengo|
|poke|p1|Glimmora, F|
|poke|p2|Hydrapple, F|
|poke|p2|Darkrai|
|poke|p2|Cinderace, F|
|poke|p2|Clodsire, F|
|poke|p2|Corviknight, F|
|poke|p2|Alomomola, F|
|teampreview
|
|t:|1779564524
|teamsize|p1|6
|teamsize|p2|6
|start
|switch|p1a: Serperior|Serperior, F|100/100
|switch|p2a: Darkrai|Darkrai, shiny|100/100
|turn|1
|
|t:|1779564530
|move|p2a: Darkrai|Sludge Bomb|p1a: Serperior
|-supereffective|p1a: Serperior
|-damage|p1a: Serperior|34/100
|move|p1a: Serperior|Glare|p2a: Darkrai
|-status|p2a: Darkrai|par
|
|-heal|p1a: Serperior|40/100|[from] item: Leftovers
|upkeep
|turn|2
|
|t:|1779564543
|move|p1a: Serperior|Substitute|p1a: Serperior
|-start|p1a: Serperior|Substitute
|-damage|p1a: Serperior|15/100
|move|p2a: Darkrai|Sludge Bomb|p1a: Serperior
|-supereffective|p1a: Serperior
|-end|p1a: Serperior|Substitute
|
|-heal|p1a: Serperior|21/100|[from] item: Leftovers
|upkeep
|turn|3
|
|t:|1779564554
|switch|p1a: Gholdengo|Gholdengo|100/100
|cant|p2a: Darkrai|par
|
|upkeep
|turn|4
|
|t:|1779564561
|switch|p2a: Alomomola|Alomomola, F|100/100
|move|p1a: Gholdengo|Make It Rain|p2a: Alomomola
|-resisted|p2a: Alomomola
|-damage|p2a: Alomomola|84/100
|-unboost|p1a: Gholdengo|spa|1
|
|upkeep
|turn|5
|
|t:|1779564568
|move|p1a: Gholdengo|Thunder Wave|p2a: Alomomola
|-status|p2a: Alomomola|par
|cant|p2a: Alomomola|par
|
|upkeep
|turn|6
|
|t:|1779564573
|move|p1a: Gholdengo|Hex|p2a: Alomomola
|-damage|p2a: Alomomola|60/100 par
|move|p2a: Alomomola|Mirror Coat|p1a: Gholdengo
|-damage|p1a: Gholdengo|34/100
|
|upkeep
|turn|7
|
|t:|1779564581
|switch|p2a: Cinderace|Cinderace, F|100/100
|move|p1a: Gholdengo|Recover|p1a: Gholdengo
|-heal|p1a: Gholdengo|84/100
|
|upkeep
|turn|8
|
|t:|1779564594
|switch|p1a: Glimmora|Glimmora, F|100/100
|move|p2a: Cinderace|Pyro Ball|p1a: Glimmora
|-resisted|p1a: Glimmora
|-damage|p1a: Glimmora|47/100
|-activate|p1a: Glimmora|ability: Toxic Debris
|-sidestart|p2: Nuii09|move: Toxic Spikes
|
|upkeep
|turn|9
|
|t:|1779564606
|move|p2a: Cinderace|Pyro Ball|p1a: Glimmora
|-resisted|p1a: Glimmora
|-damage|p1a: Glimmora|0 fnt
|-activate|p1a: Glimmora|ability: Toxic Debris
|-sidestart|p2: Nuii09|move: Toxic Spikes
|faint|p1a: Glimmora
|
|upkeep
|
|t:|1779564608
|switch|p1a: Landorus|Landorus-Therian, M|100/100
|-ability|p1a: Landorus|Intimidate|boost
|-unboost|p2a: Cinderace|atk|1
|turn|10
|
|t:|1779564613
|switch|p2a: Corviknight|Corviknight, F|100/100
|-ability|p2a: Corviknight|Pressure
|move|p1a: Landorus|Stealth Rock|p2a: Corviknight
|-sidestart|p2: Nuii09|move: Stealth Rock
|
|upkeep
|turn|11
|
|t:|1779564617
|move|p1a: Landorus|U-turn|p2a: Corviknight
|-resisted|p2a: Corviknight
|-damage|p2a: Corviknight|97/100
|-damage|p1a: Landorus|84/100|[from] item: Rocky Helmet|[of] p2a: Corviknight
|
|t:|1779564621
|switch|p1a: Gholdengo|Gholdengo|84/100|[from] U-turn
|move|p2a: Corviknight|U-turn|p1a: Gholdengo
|-resisted|p1a: Gholdengo
|-damage|p1a: Gholdengo|81/100
|
|t:|1779564627
|switch|p2a: Clodsire|Clodsire, F, shiny|100/100|[from] U-turn
|-sideend|p2: Nuii09|move: Toxic Spikes|[of] p2a: Clodsire
|-damage|p2a: Clodsire|94/100|[from] Stealth Rock
|
|-heal|p2a: Clodsire|100/100|[from] item: Leftovers
|upkeep
|turn|12
|
|t:|1779564648
|switch|p1a: Serperior|Serperior, F|21/100
|switch|p2a: Alomomola|Alomomola, F|93/100 par
|-damage|p2a: Alomomola|81/100 par|[from] Stealth Rock
|
|-heal|p1a: Serperior|28/100|[from] item: Leftovers
|upkeep
|turn|13
|
|t:|1779564657
|switch|p2a: Hydrapple|Hydrapple, F|100/100
|-damage|p2a: Hydrapple|88/100|[from] Stealth Rock
|move|p1a: Serperior|Substitute|p1a: Serperior
|-start|p1a: Serperior|Substitute
|-damage|p1a: Serperior|3/100
|
|-heal|p1a: Serperior|9/100|[from] item: Leftovers
|upkeep
|turn|14
|
|t:|1779564665
|move|p1a: Serperior|Glare|p2a: Hydrapple
|-status|p2a: Hydrapple|par
|move|p2a: Hydrapple|Fickle Beam|p1a: Serperior
|-end|p1a: Serperior|Substitute
|-damage|p2a: Hydrapple|78/100 par|[from] item: Life Orb
|
|-heal|p1a: Serperior|15/100|[from] item: Leftovers
|upkeep
|turn|15
|
|t:|1779564677
|-terastallize|p1a: Serperior|Dragon
|move|p1a: Serperior|Dragon Pulse|p2a: Hydrapple
|-supereffective|p2a: Hydrapple
|-crit|p2a: Hydrapple
|-damage|p2a: Hydrapple|3/100 par
|move|p2a: Hydrapple|Fickle Beam|p1a: Serperior
|-supereffective|p1a: Serperior
|-damage|p1a: Serperior|0 fnt
|faint|p1a: Serperior
|-damage|p2a: Hydrapple|0 fnt|[from] item: Life Orb
|faint|p2a: Hydrapple
|
|upkeep
|j| testingrainteam1
|
|t:|1779564694
|switch|p1a: Maushold|Maushold-Four|100/100
|switch|p2a: Corviknight|Corviknight, F|97/100
|-damage|p2a: Corviknight|85/100|[from] Stealth Rock
|-ability|p2a: Corviknight|Pressure
|turn|16
|j| erfewrtrrt
|
|t:|1779564706
|switch|p1a: Gholdengo|Gholdengo|81/100
|move|p2a: Corviknight|U-turn|p1a: Gholdengo
|-resisted|p1a: Gholdengo
|-damage|p1a: Gholdengo|78/100
|
|t:|1779564709
|switch|p2a: Cinderace|Cinderace, F|100/100|[from] U-turn
|-damage|p2a: Cinderace|76/100|[from] Stealth Rock
|
|upkeep
|turn|17
|l| testingrainteam1
|
|t:|1779564716
|switch|p1a: Landorus|Landorus-Therian, M|84/100
|-ability|p1a: Landorus|Intimidate|boost
|-unboost|p2a: Cinderace|atk|1
|move|p2a: Cinderace|Pyro Ball|p1a: Landorus
|-damage|p1a: Landorus|28/100
|
|-heal|p1a: Landorus|34/100|[from] item: Leftovers
|upkeep
|turn|18
|
|t:|1779564737
|move|p2a: Cinderace|Pyro Ball|p1a: Landorus
|-damage|p1a: Landorus|0 fnt
|faint|p1a: Landorus
|
|upkeep
|
|t:|1779564739
|switch|p1a: Iron Hands|Iron Hands, shiny|100/100
|-enditem|p1a: Iron Hands|Booster Energy
|-activate|p1a: Iron Hands|ability: Quark Drive|[fromitem]
|-start|p1a: Iron Hands|quarkdriveatk
|turn|19
|
|t:|1779564788
|switch|p2a: Darkrai|Darkrai, shiny|100/100 par
|move|p1a: Iron Hands|Belly Drum|p1a: Iron Hands
|-damage|p1a: Iron Hands|50/100
|-setboost|p1a: Iron Hands|atk|6|[from] move: Belly Drum
|
|upkeep
|turn|20
|
|t:|1779564793
|move|p2a: Darkrai|Will-O-Wisp|p1a: Iron Hands
|-status|p1a: Iron Hands|brn
|move|p1a: Iron Hands|Drain Punch|p2a: Darkrai
|-supereffective|p2a: Darkrai
|-damage|p2a: Darkrai|0 fnt
|-heal|p1a: Iron Hands|82/100 brn|[from] drain|[of] p2a: Darkrai
|faint|p2a: Darkrai
|
|-damage|p1a: Iron Hands|76/100 brn|[from] brn
|upkeep
|
|t:|1779564798
|switch|p2a: Clodsire|Clodsire, F, shiny|100/100
|-damage|p2a: Clodsire|94/100|[from] Stealth Rock
|turn|21
|
|t:|1779564806
|move|p1a: Iron Hands|Ice Punch|p2a: Clodsire
|-supereffective|p2a: Clodsire
|-damage|p2a: Clodsire|69/100
|move|p2a: Clodsire|Counter|p1a: Iron Hands
|-damage|p1a: Iron Hands|22/100 brn
|
|-heal|p2a: Clodsire|75/100|[from] item: Leftovers
|-damage|p1a: Iron Hands|16/100 brn|[from] brn
|upkeep
|turn|22
|
|t:|1779564813
|move|p2a: Clodsire|Protect|p2a: Clodsire
|-singleturn|p2a: Clodsire|Protect
|move|p1a: Iron Hands|Ice Punch|p2a: Clodsire
|-activate|p2a: Clodsire|move: Protect
|
|-heal|p2a: Clodsire|81/100|[from] item: Leftovers
|-damage|p1a: Iron Hands|10/100 brn|[from] brn
|upkeep
|turn|23
|
|t:|1779564817
|move|p1a: Iron Hands|Ice Punch|p2a: Clodsire
|-supereffective|p2a: Clodsire
|-damage|p2a: Clodsire|54/100
|move|p2a: Clodsire|Recover|p2a: Clodsire
|-heal|p2a: Clodsire|100/100
|
|-damage|p1a: Iron Hands|4/100 brn|[from] brn
|upkeep
|turn|24
|j| Faye Asteria
|
|t:|1779564826
|move|p2a: Clodsire|Protect|p2a: Clodsire
|-singleturn|p2a: Clodsire|Protect
|move|p1a: Iron Hands|Iron Head|p2a: Clodsire
|-activate|p2a: Clodsire|move: Protect
|
|-damage|p1a: Iron Hands|0 fnt|[from] brn
|faint|p1a: Iron Hands
|-end|p1a: Iron Hands|Quark Drive|[silent]
|upkeep
|
|t:|1779564830
|switch|p1a: Maushold|Maushold-Four|100/100
|turn|25
|
|t:|1779564835
|switch|p2a: Corviknight|Corviknight, F|85/100
|-damage|p2a: Corviknight|73/100|[from] Stealth Rock
|-ability|p2a: Corviknight|Pressure
|move|p1a: Maushold|Encore||[still]
|-fail|p1a: Maushold
|
|upkeep
|turn|26
|
|t:|1779564844
|move|p1a: Maushold|Bite|p2a: Corviknight
|-damage|p2a: Corviknight|61/100
|-damage|p1a: Maushold|84/100|[from] item: Rocky Helmet|[of] p2a: Corviknight
|cant|p2a: Corviknight|flinch
|
|upkeep
|turn|27
|l| erfewrtrrt
|
|t:|1779564857
|move|p1a: Maushold|Bite|p2a: Corviknight
|-damage|p2a: Corviknight|47/100
|-damage|p1a: Maushold|67/100|[from] item: Rocky Helmet|[of] p2a: Corviknight
|cant|p2a: Corviknight|flinch
|
|upkeep
|turn|28
|
|t:|1779564862
|move|p1a: Maushold|Bite|p2a: Corviknight
|-damage|p2a: Corviknight|34/100
|-damage|p1a: Maushold|51/100|[from] item: Rocky Helmet|[of] p2a: Corviknight
|move|p2a: Corviknight|Roost|p2a: Corviknight
|-heal|p2a: Corviknight|84/100
|-singleturn|p2a: Corviknight|move: Roost
|
|upkeep
|turn|29
|
|t:|1779564876
|switch|p2a: Cinderace|Cinderace, F|76/100
|-damage|p2a: Cinderace|51/100|[from] Stealth Rock
|move|p1a: Maushold|Encore||[still]
|-fail|p1a: Maushold
|
|upkeep
|turn|30
|
|t:|1779564881
|move|p2a: Cinderace|Pyro Ball|p1a: Maushold|[miss]
|-miss|p2a: Cinderace|p1a: Maushold
|move|p1a: Maushold|Population Bomb|p2a: Cinderace
|-damage|p2a: Cinderace|36/100
|-damage|p2a: Cinderace|22/100
|-damage|p2a: Cinderace|6/100
|-damage|p2a: Cinderace|0 fnt
|faint|p2a: Cinderace
|-hitcount|p2: Cinderace|4
|
|upkeep
|
|t:|1779564893
|switch|p2a: Corviknight|Corviknight, F|84/100
|-damage|p2a: Corviknight|72/100|[from] Stealth Rock
|-ability|p2a: Corviknight|Pressure
|turn|31
|
|t:|1779564901
|move|p1a: Maushold|Bite|p2a: Corviknight
|-damage|p2a: Corviknight|59/100
|-damage|p1a: Maushold|34/100|[from] item: Rocky Helmet|[of] p2a: Corviknight
|cant|p2a: Corviknight|flinch
|
|upkeep
|turn|32
|
|t:|1779564914
|move|p1a: Maushold|Bite|p2a: Corviknight
|-damage|p2a: Corviknight|45/100
|-damage|p1a: Maushold|17/100|[from] item: Rocky Helmet|[of] p2a: Corviknight
|move|p2a: Corviknight|Roost|p2a: Corviknight
|-heal|p2a: Corviknight|95/100
|-singleturn|p2a: Corviknight|move: Roost
|
|upkeep
|turn|33
|
|t:|1779564922
|move|p1a: Maushold|Population Bomb|p2a: Corviknight
|-resisted|p2a: Corviknight
|-damage|p2a: Corviknight|92/100
|-damage|p1a: Maushold|1/100|[from] item: Rocky Helmet|[of] p2a: Corviknight
|-resisted|p2a: Corviknight
|-damage|p2a: Corviknight|89/100
|-damage|p1a: Maushold|0 fnt|[from] item: Rocky Helmet|[of] p2a: Corviknight
|faint|p1a: Maushold
|-hitcount|p2a: Corviknight|2
|move|p2a: Corviknight|Defog|p1: Maushold|[notarget]
|-fail|p2a: Corviknight
|
|upkeep
|
|t:|1779564930
|switch|p1a: Gholdengo|Gholdengo|78/100
|turn|34
|
|t:|1779564941
|move|p1a: Gholdengo|Thunder Wave|p2a: Corviknight
|-status|p2a: Corviknight|par
|move|p2a: Corviknight|U-turn|p1a: Gholdengo
|-resisted|p1a: Gholdengo
|-damage|p1a: Gholdengo|75/100
|
|t:|1779564943
|switch|p2a: Alomomola|Alomomola, F|100/100 par|[from] U-turn
|-damage|p2a: Alomomola|88/100 par|[from] Stealth Rock
|
|upkeep
|turn|35
|
|t:|1779564947
|move|p1a: Gholdengo|Hex|p2a: Alomomola
|-damage|p2a: Alomomola|52/100 par
|move|p2a: Alomomola|Mirror Coat|p1a: Gholdengo
|-damage|p1a: Gholdengo|0 fnt
|faint|p1a: Gholdengo
|
|win|Nuii09
|raw|GrittyGamer's rating: 1652 &rarr; <strong>1634</strong><br />(-18 for losing)
|raw|Nuii09's rating: 1681 &rarr; <strong>1699</strong><br />(+18 for winning)
|l|☆Nuii09
|player|p2|
|l|☆GrittyGamer
|player|p1|
|l| Faye Asteria
