|j|☆Avitross
|j|☆jlsdfhpjksdhfni
|t:|1779676720
|gametype|singles
|player|p1|Avitross|265|1498
|player|p2|jlsdfhpjksdhfni|170|1561
|gen|9
|tier|[Gen 9] OU
|rated|
|rule|HP Percentage Mod: HP is shown in percentages
|rule|Endless Battle Clause: Forcing endless battles is banned
|rule|Species Clause: Limit one of each Pokémon
|rule|OHKO Clause: OHKO moves are banned
|rule|Evasion Items Clause: Evasion items are banned
|rule|Evasion Moves Clause: Evasion moves are banned
|rule|Evasion Abilities Clause: Evasion abilities are banned
|rule|Sleep Moves Clause: Sleep-inducing moves are banned
|clearpoke
|poke|p1|Krookodile, F|
|poke|p1|Ogerpon-Wellspring, F|
|poke|p1|Iron Hands|
|poke|p1|Darkrai|
|poke|p1|Iron Treads|
|poke|p1|Garganacl, F|
|poke|p2|Hoopa-Unbound|
|poke|p2|Zoroark-Hisui, M|
|poke|p2|Zapdos|
|poke|p2|Iron Treads|
|poke|p2|Iron Moth|
|poke|p2|Samurott-Hisui, M|
|teampreview
|j| Stoaots
|c|☆jlsdfhpjksdhfni|tredz
|c|☆jlsdfhpjksdhfni|gl hf
|
|t:|1779676788
|teamsize|p1|6
|teamsize|p2|6
|start
|switch|p1a: Iron Hands|Iron Hands|100/100
|switch|p2a: Samurott|Samurott-Hisui, M|100/100
|-enditem|p1a: Iron Hands|Booster Energy
|-activate|p1a: Iron Hands|ability: Quark Drive|[fromitem]
|-start|p1a: Iron Hands|quarkdriveatk
|turn|1
|c|☆Avitross|ye u2
|
|t:|1779676799
|move|p2a: Samurott|Flip Turn|p1a: Iron Hands
|-damage|p1a: Iron Hands|82/100
|
|t:|1779676808
|switch|p2a: Iron Treads|Iron Treads|100/100|[from] Flip Turn
|-enditem|p2a: Iron Treads|Booster Energy
|-activate|p2a: Iron Treads|ability: Quark Drive|[fromitem]
|-start|p2a: Iron Treads|quarkdrivespe
|move|p1a: Iron Hands|Thunder Punch|p2a: Iron Treads
|-immune|p2a: Iron Treads
|
|upkeep
|turn|2
|
|t:|1779676845
|move|p2a: Iron Treads|Stealth Rock|p1a: Iron Hands
|-sidestart|p1: Avitross|move: Stealth Rock
|move|p1a: Iron Hands|Close Combat|p2a: Iron Treads
|-supereffective|p2a: Iron Treads
|-damage|p2a: Iron Treads|0 fnt
|-unboost|p1a: Iron Hands|def|1
|-unboost|p1a: Iron Hands|spd|1
|faint|p2a: Iron Treads
|-end|p2a: Iron Treads|Quark Drive|[silent]
|
|upkeep
|
|t:|1779676859
|switch|p2a: Iron Moth|Iron Moth|100/100
|turn|3
|
|t:|1779676872
|-end|p1a: Iron Hands|Quark Drive|[silent]
|switch|p1a: Garganacl|Garganacl, F|100/100
|-damage|p1a: Garganacl|88/100|[from] Stealth Rock
|move|p2a: Iron Moth|Fiery Dance|p1a: Garganacl
|-resisted|p1a: Garganacl
|-damage|p1a: Garganacl|68/100
|-boost|p2a: Iron Moth|spa|1
|
|-heal|p1a: Garganacl|74/100|[from] item: Leftovers
|upkeep
|turn|4
|
|t:|1779676898
|-end|p2a: Iron Moth|Quark Drive|[silent]
|switch|p2a: Hoopa|Hoopa-Unbound|100/100
|move|p1a: Garganacl|Salt Cure|p2a: Hoopa
|-damage|p2a: Hoopa|82/100
|-start|p2a: Hoopa|Salt Cure
|
|-heal|p1a: Garganacl|80/100|[from] item: Leftovers
|-damage|p2a: Hoopa|69/100|[from] Salt Cure
|upkeep
|turn|5
|
|t:|1779676922
|move|p2a: Hoopa|Drain Punch|p1a: Garganacl
|-supereffective|p1a: Garganacl
|-damage|p1a: Garganacl|17/100
|-heal|p2a: Hoopa|100/100|[from] drain|[of] p1a: Garganacl
|move|p1a: Garganacl|Recover|p1a: Garganacl
|-heal|p1a: Garganacl|67/100
|
|-heal|p1a: Garganacl|73/100|[from] item: Leftovers
|-damage|p2a: Hoopa|88/100|[from] Salt Cure
|upkeep
|turn|6
|
|t:|1779676940
|-terastallize|p1a: Garganacl|Fairy
|move|p2a: Hoopa|Drain Punch|p1a: Garganacl
|-resisted|p1a: Garganacl
|-damage|p1a: Garganacl|55/100
|-heal|p2a: Hoopa|100/100|[from] drain|[of] p1a: Garganacl
|move|p1a: Garganacl|Body Press|p2a: Hoopa
|-damage|p2a: Hoopa|67/100
|
|-heal|p1a: Garganacl|61/100|[from] item: Leftovers
|-damage|p2a: Hoopa|55/100|[from] Salt Cure
|upkeep
|turn|7
|
|t:|1779676965
|switch|p2a: Samurott|Samurott-Hisui, M|100/100
|move|p1a: Garganacl|Salt Cure|p2a: Samurott
|-damage|p2a: Samurott|83/100
|-start|p2a: Samurott|Salt Cure
|
|-heal|p1a: Garganacl|67/100|[from] item: Leftovers
|-damage|p2a: Samurott|58/100|[from] Salt Cure
|upkeep
|turn|8
|
|t:|1779676994
|move|p2a: Samurott|Flip Turn|p1a: Garganacl
|-damage|p1a: Garganacl|49/100
|
|t:|1779676998
|switch|p2a: Iron Moth|Iron Moth|100/100|[from] Flip Turn
|move|p1a: Garganacl|Body Press|p2a: Iron Moth
|-resisted|p2a: Iron Moth
|-damage|p2a: Iron Moth|82/100
|
|-heal|p1a: Garganacl|55/100|[from] item: Leftovers
|upkeep
|turn|9
|
|t:|1779677021
|switch|p1a: Iron Treads|Iron Treads|100/100
|move|p2a: Iron Moth|Sludge Wave|p1a: Iron Treads
|-immune|p1a: Iron Treads
|
|upkeep
|turn|10
|
|t:|1779677049
|-end|p2a: Iron Moth|Quark Drive|[silent]
|switch|p2a: Samurott|Samurott-Hisui, M|100/100
|move|p1a: Iron Treads|Earthquake|p2a: Samurott
|-enditem|p2a: Samurott|Focus Sash
|-damage|p2a: Samurott|1/100
|replace|p2a: Zoroark|Zoroark-Hisui, M
|-end|p2a: Zoroark|Illusion
|
|upkeep
|turn|11
|
|t:|1779677060
|-end|p1a: Iron Treads|Quark Drive|[silent]
|switch|p1a: Garganacl|Garganacl, F, tera:Fairy|55/100
|-damage|p1a: Garganacl|43/100|[from] Stealth Rock
|move|p2a: Zoroark|Focus Blast|p1a: Garganacl
|-resisted|p1a: Garganacl
|-crit|p1a: Garganacl
|-damage|p1a: Garganacl|23/100
|-unboost|p1a: Garganacl|spd|1
|
|-heal|p1a: Garganacl|29/100|[from] item: Leftovers
|upkeep
|turn|12
|
|t:|1779677072
|move|p2a: Zoroark|Hyper Voice|p1a: Garganacl
|-damage|p1a: Garganacl|0 fnt
|faint|p1a: Garganacl
|
|upkeep
|
|t:|1779677098
|switch|p1a: Darkrai|Darkrai|100/100
|turn|13
|
|t:|1779677117
|move|p1a: Darkrai|Sludge Bomb|p2a: Zoroark
|-resisted|p2a: Zoroark
|-damage|p2a: Zoroark|0 fnt
|faint|p2a: Zoroark
|
|upkeep
|
|t:|1779677122
|switch|p2a: Hoopa|Hoopa-Unbound|55/100
|turn|14
|
|t:|1779677195
|switch|p1a: Iron Hands|Iron Hands|82/100
|-damage|p1a: Iron Hands|76/100|[from] Stealth Rock
|move|p2a: Hoopa|Drain Punch|p1a: Iron Hands
|-damage|p1a: Iron Hands|40/100
|-heal|p2a: Hoopa|84/100|[from] drain|[of] p1a: Iron Hands
|
|upkeep
|turn|15
|j| hgghgbc
|
|t:|1779677222
|switch|p2a: Zapdos|Zapdos|100/100
|move|p1a: Iron Hands|Thunder Punch|p2a: Zapdos
|-damage|p2a: Zapdos|67/100
|
|upkeep
|turn|16
|
|t:|1779677239
|switch|p2a: Iron Moth|Iron Moth|82/100
|-end|p1a: Iron Hands|Quark Drive|[silent]
|switch|p1a: Iron Treads|Iron Treads|100/100
|
|upkeep
|turn|17
|
|t:|1779677269
|-end|p1a: Iron Treads|Quark Drive|[silent]
|switch|p1a: Darkrai|Darkrai|100/100
|move|p2a: Iron Moth|Fiery Dance|p1a: Darkrai
|-damage|p1a: Darkrai|16/100
|-boost|p2a: Iron Moth|spa|1
|
|upkeep
|turn|18
|
|t:|1779677291
|-end|p2a: Iron Moth|Quark Drive|[silent]
|switch|p2a: Samurott|Samurott-Hisui, M|58/100
|move|p1a: Darkrai|Dark Pulse|p2a: Samurott
|-resisted|p2a: Samurott
|-damage|p2a: Samurott|26/100
|
|upkeep
|turn|19
|l| hgghgbc
|
|t:|1779677310
|move|p2a: Samurott|Sacred Sword|p1a: Darkrai
|-supereffective|p1a: Darkrai
|-damage|p1a: Darkrai|0 fnt
|faint|p1a: Darkrai
|
|upkeep
|
|t:|1779677320
|switch|p1a: Iron Treads|Iron Treads|100/100
|turn|20
|
|t:|1779677330
|move|p2a: Samurott|Sacred Sword|p1a: Iron Treads
|-supereffective|p1a: Iron Treads
|-damage|p1a: Iron Treads|20/100
|move|p1a: Iron Treads|Rapid Spin|p2a: Samurott
|-damage|p2a: Samurott|7/100
|-boost|p1a: Iron Treads|spe|1
|-sideend|p1: Avitross|Stealth Rock|[from] move: Rapid Spin|[of] p1a: Iron Treads
|
|upkeep
|turn|21
|
|t:|1779677342
|move|p1a: Iron Treads|Ice Spinner|p2a: Samurott
|-resisted|p2a: Samurott
|-damage|p2a: Samurott|0 fnt
|faint|p2a: Samurott
|
|upkeep
|
|t:|1779677351
|switch|p2a: Zapdos|Zapdos|67/100
|turn|22
|
|t:|1779677354
|move|p1a: Iron Treads|Ice Spinner|p2a: Zapdos
|-supereffective|p2a: Zapdos
|-damage|p2a: Zapdos|32/100
|move|p2a: Zapdos|Roost|p2a: Zapdos
|-heal|p2a: Zapdos|82/100
|-singleturn|p2a: Zapdos|move: Roost
|
|upkeep
|turn|23
|
|t:|1779677362
|move|p1a: Iron Treads|Ice Spinner|p2a: Zapdos
|-supereffective|p2a: Zapdos
|-damage|p2a: Zapdos|48/100
|move|p2a: Zapdos|Hurricane|p1a: Iron Treads|[miss]
|-miss|p2a: Zapdos|p1a: Iron Treads
|
|upkeep
|turn|24
|
|t:|1779677369
|move|p1a: Iron Treads|Ice Spinner|p2a: Zapdos
|-supereffective|p2a: Zapdos
|-damage|p2a: Zapdos|14/100
|move|p2a: Zapdos|Roost|p2a: Zapdos
|-heal|p2a: Zapdos|64/100
|-singleturn|p2a: Zapdos|move: Roost
|
|upkeep
|turn|25
|
|t:|1779677374
|move|p1a: Iron Treads|Ice Spinner|p2a: Zapdos
|-supereffective|p2a: Zapdos
|-damage|p2a: Zapdos|28/100
|move|p2a: Zapdos|Roost|p2a: Zapdos
|-heal|p2a: Zapdos|79/100
|-singleturn|p2a: Zapdos|move: Roost
|
|upkeep
|turn|26
|
|t:|1779677382
|move|p1a: Iron Treads|Ice Spinner|p2a: Zapdos
|-supereffective|p2a: Zapdos
|-crit|p2a: Zapdos
|-damage|p2a: Zapdos|25/100
|move|p2a: Zapdos|Hurricane|p1a: Iron Treads
|-resisted|p1a: Iron Treads
|-damage|p1a: Iron Treads|0 fnt
|faint|p1a: Iron Treads
|-end|p1a: Iron Treads|Quark Drive|[silent]
|
|upkeep
|c|☆jlsdfhpjksdhfni|speed tie gaming from the looks of things
|
|t:|1779677413
|switch|p1a: Krookodile|Krookodile, F|100/100
|turn|27
|c|☆jlsdfhpjksdhfni|oh
|c|☆Avitross|cmon krook
|c|☆jlsdfhpjksdhfni|scarf KO might get me
|
|t:|1779677432
|switch|p2a: Hoopa|Hoopa-Unbound|84/100
|move|p1a: Krookodile|Scale Shot|p2a: Hoopa
|-damage|p2a: Hoopa|71/100
|-damage|p2a: Hoopa|60/100
|-damage|p2a: Hoopa|50/100
|-damage|p2a: Hoopa|38/100
|-hitcount|p2a: Hoopa|4
|-unboost|p1a: Krookodile|def|1
|-boost|p1a: Krookodile|spe|1
|
|upkeep
|turn|28
|c|☆jlsdfhpjksdhfni|thats bad
|
|t:|1779677453
|move|p1a: Krookodile|Scale Shot|p2a: Hoopa
|-damage|p2a: Hoopa|26/100
|-damage|p2a: Hoopa|15/100
|-damage|p2a: Hoopa|3/100
|-damage|p2a: Hoopa|0 fnt
|faint|p2a: Hoopa
|-ability|p1a: Krookodile|Moxie|boost
|-boost|p1a: Krookodile|atk|1
|-hitcount|p2: Hoopa|4
|-unboost|p1a: Krookodile|def|1
|-boost|p1a: Krookodile|spe|1
|
|upkeep
|
|t:|1779677467
|switch|p2a: Iron Moth|Iron Moth|82/100
|turn|29
|
|t:|1779677475
|-terastallize|p2a: Iron Moth|Fire
|move|p1a: Krookodile|Substitute|p1a: Krookodile
|-start|p1a: Krookodile|Substitute
|-damage|p1a: Krookodile|76/100
|move|p2a: Iron Moth|Fiery Dance|p1a: Krookodile
|-end|p1a: Krookodile|Substitute
|-boost|p2a: Iron Moth|spa|1
|
|upkeep
|turn|30
|
|t:|1779677480
|move|p1a: Krookodile|Earthquake|p2a: Iron Moth
|-supereffective|p2a: Iron Moth
|-damage|p2a: Iron Moth|0 fnt
|faint|p2a: Iron Moth
|-end|p2a: Iron Moth|Quark Drive|[silent]
|-ability|p1a: Krookodile|Moxie|boost
|-boost|p1a: Krookodile|atk|1
|
|upkeep
|c|☆jlsdfhpjksdhfni|gg
|c|☆Avitross|gg
|c|☆jlsdfhpjksdhfni|pretty boss
|c|☆Avitross|ty ty
|c|☆jlsdfhpjksdhfni|night
|-message|jlsdfhpjksdhfni forfeited.
|
|win|Avitross
|raw|Avitross's rating: 1498 &rarr; <strong>1522</strong><br />(+24 for winning)
|raw|jlsdfhpjksdhfni's rating: 1561 &rarr; <strong>1537</strong><br />(-24 for losing)
|l|☆jlsdfhpjksdhfni
|player|p2|
|l|☆Avitross
|player|p1|
|l| Stoaots
