|j|☆bubbline tshirt
|j|☆harrolux
|t:|1779671591
|gametype|singles
|player|p1|bubbline tshirt|backersf|1412
|player|p2|harrolux|steven|1447
|gen|9
|tier|[Gen 9] OU
|rated|
|rule|HP Percentage Mod: HP is shown in percentages
|rule|Endless Battle Clause: Forcing endless battles is banned
|rule|Species Clause: Limit one of each Pokémon
|rule|OHKO Clause: OHKO moves are banned
|rule|Evasion Items Clause: Evasion items are banned
|rule|Evasion Moves Clause: Evasion moves are banned
|rule|Evasion Abilities Clause: Evasion abilities are banned
|rule|Sleep Moves Clause: Sleep-inducing moves are banned
|clearpoke
|poke|p1|Blaziken, F|
|poke|p1|Regieleki|
|poke|p1|Iron Treads|
|poke|p1|Dragonite, M|
|poke|p1|Enamorus, F|
|poke|p1|Ogerpon-Wellspring, F|
|poke|p2|Garganacl, F|
|poke|p2|Mesprit|
|poke|p2|Kyurem|
|poke|p2|Iron Moth|
|poke|p2|Clefable, M|
|poke|p2|Rampardos, M|
|teampreview
|inactive|Battle timer is ON: inactive players will automatically lose when time's up. (requested by bubbline tshirt)
|
|t:|1779671601
|teamsize|p1|6
|teamsize|p2|6
|start
|switch|p1a: Regieleki|Regieleki|100/100
|switch|p2a: Levi|Mesprit, shiny|100/100
|turn|1
|
|t:|1779671608
|move|p1a: Regieleki|Light Screen|p1a: Regieleki
|-sidestart|p1: bubbline tshirt|move: Light Screen
|move|p2a: Levi|Knock Off|p1a: Regieleki
|-damage|p1a: Regieleki|49/100
|-enditem|p1a: Regieleki|Light Clay|[from] move: Knock Off|[of] p2a: Levi
|
|upkeep
|turn|2
|
|t:|1779671615
|move|p1a: Regieleki|Reflect|p1a: Regieleki
|-sidestart|p1: bubbline tshirt|Reflect
|move|p2a: Levi|Knock Off|p1a: Regieleki
|-damage|p1a: Regieleki|31/100
|
|upkeep
|turn|3
|
|t:|1779671619
|move|p1a: Regieleki|Explosion|p2a: Levi
|-damage|p2a: Levi|44/100
|faint|p1a: Regieleki
|move|p2a: Levi|Knock Off|p1: Regieleki|[notarget]
|-fail|p2a: Levi
|
|upkeep
|
|t:|1779671637
|switch|p1a: Blaziken|Blaziken, F|100/100
|turn|4
|
|t:|1779671641
|-terastallize|p1a: Blaziken|Ground
|move|p2a: Levi|Knock Off|p1a: Blaziken
|-damage|p1a: Blaziken|77/100
|-enditem|p1a: Blaziken|Black Belt|[from] move: Knock Off|[of] p2a: Levi
|move|p1a: Blaziken|Swords Dance|p1a: Blaziken
|-boost|p1a: Blaziken|atk|2
|
|-ability|p1a: Blaziken|Speed Boost|boost
|-boost|p1a: Blaziken|spe|1
|upkeep
|turn|5
|
|t:|1779671653
|move|p1a: Blaziken|Flare Blitz|p2a: Levi
|-damage|p2a: Levi|0 fnt
|faint|p2a: Levi
|-damage|p1a: Blaziken|64/100|[from] Recoil
|
|-ability|p1a: Blaziken|Speed Boost|boost
|-boost|p1a: Blaziken|spe|1
|upkeep
|
|t:|1779671660
|switch|p2a: Magic Guard|Clefable, M, shiny|100/100
|turn|6
|
|t:|1779671669
|move|p1a: Blaziken|Earthquake|p2a: Magic Guard
|-damage|p2a: Magic Guard|51/100
|move|p2a: Magic Guard|Ice Beam|p1a: Blaziken
|-supereffective|p1a: Blaziken
|-damage|p1a: Blaziken|22/100
|
|-heal|p2a: Magic Guard|57/100|[from] item: Leftovers
|-sideend|p1: bubbline tshirt|Reflect
|-ability|p1a: Blaziken|Speed Boost|boost
|-boost|p1a: Blaziken|spe|1
|upkeep
|turn|7
|
|t:|1779671679
|move|p1a: Blaziken|Flare Blitz|p2a: Magic Guard
|-damage|p2a: Magic Guard|0 fnt
|faint|p2a: Magic Guard
|-damage|p1a: Blaziken|3/100|[from] Recoil
|
|-ability|p1a: Blaziken|Speed Boost|boost
|-boost|p1a: Blaziken|spe|1
|upkeep
|inactive|harrolux has 120 seconds left.
|
|t:|1779671710
|switch|p2a: Purify|Garganacl, F, shiny|100/100
|turn|8
|inactive|harrolux has 120 seconds left.
|
|t:|1779671728
|-terastallize|p2a: Purify|Water
|move|p1a: Blaziken|Close Combat|p2a: Purify
|-damage|p2a: Purify|24/100
|-unboost|p1a: Blaziken|def|1
|-unboost|p1a: Blaziken|spd|1
|move|p2a: Purify|Salt Cure|p1a: Blaziken
|-resisted|p1a: Blaziken
|-damage|p1a: Blaziken|0 fnt
|faint|p1a: Blaziken
|
|-sideend|p1: bubbline tshirt|move: Light Screen
|upkeep
|
|t:|1779671752
|switch|p1a: Ogerpon|Ogerpon-Wellspring, F|100/100
|turn|9
|
|t:|1779671759
|switch|p2a: Pressure|Kyurem, shiny|100/100
|-ability|p2a: Pressure|Pressure
|move|p1a: Ogerpon|Power Whip|p2a: Pressure|[miss]
|-miss|p1a: Ogerpon|p2a: Pressure
|
|upkeep
|turn|10
|
|t:|1779671767
|switch|p1a: Iron Treads|Iron Treads|100/100
|-enditem|p1a: Iron Treads|Booster Energy
|-activate|p1a: Iron Treads|ability: Quark Drive|[fromitem]
|-start|p1a: Iron Treads|quarkdrivespe
|move|p2a: Pressure|Freeze-Dry|p1a: Iron Treads
|-damage|p1a: Iron Treads|50/100
|-status|p1a: Iron Treads|frz
|
|upkeep
|turn|11
|
|t:|1779671775
|cant|p1a: Iron Treads|frz
|move|p2a: Pressure|Freeze-Dry|p1a: Iron Treads
|-damage|p1a: Iron Treads|0 fnt
|faint|p1a: Iron Treads
|-end|p1a: Iron Treads|Quark Drive|[silent]
|
|upkeep
|
|t:|1779671779
|switch|p1a: Enamorus|Enamorus, F|100/100
|turn|12
|
|t:|1779671793
|switch|p2a: Quark|Iron Moth, shiny|100/100
|-enditem|p2a: Quark|Booster Energy
|-activate|p2a: Quark|ability: Quark Drive|[fromitem]
|-start|p2a: Quark|quarkdrivespa
|move|p1a: Enamorus|Superpower|p2a: Quark
|-resisted|p2a: Quark
|-damage|p2a: Quark|69/100
|-boost|p1a: Enamorus|atk|1
|-boost|p1a: Enamorus|def|1
|
|upkeep
|turn|13
|
|t:|1779671806
|move|p1a: Enamorus|Superpower|p2a: Quark
|-resisted|p2a: Quark
|-damage|p2a: Quark|24/100
|-boost|p1a: Enamorus|atk|1
|-boost|p1a: Enamorus|def|1
|move|p2a: Quark|Flash Cannon|p1a: Enamorus
|-supereffective|p1a: Enamorus
|-damage|p1a: Enamorus|0 fnt
|faint|p1a: Enamorus
|
|upkeep
|
|t:|1779671810
|switch|p1a: Ogerpon|Ogerpon-Wellspring, F|100/100
|turn|14
|
|t:|1779671820
|move|p1a: Ogerpon|Ivy Cudgel|p2a: Quark|[anim] Ivy Cudgel Water
|-supereffective|p2a: Quark
|-damage|p2a: Quark|0 fnt
|faint|p2a: Quark
|-end|p2a: Quark|Quark Drive|[silent]
|
|upkeep
|
|t:|1779671835
|switch|p2a: Pressure|Kyurem, shiny|100/100
|-ability|p2a: Pressure|Pressure
|turn|15
|
|t:|1779671842
|move|p1a: Ogerpon|Ivy Cudgel|p2a: Pressure|[anim] Ivy Cudgel Water
|-resisted|p2a: Pressure
|-damage|p2a: Pressure|77/100
|move|p2a: Pressure|Freeze-Dry|p1a: Ogerpon
|-supereffective|p1a: Ogerpon
|-damage|p1a: Ogerpon|0 fnt
|faint|p1a: Ogerpon
|
|upkeep
|
|t:|1779671846
|switch|p1a: Dragonite|Dragonite, M|100/100
|turn|16
|
|t:|1779671852
|move|p1a: Dragonite|Dragon Dance|p1a: Dragonite
|-boost|p1a: Dragonite|atk|1
|-boost|p1a: Dragonite|spe|1
|move|p2a: Pressure|Freeze-Dry|p1a: Dragonite
|-supereffective|p1a: Dragonite
|-damage|p1a: Dragonite|15/100
|
|upkeep
|turn|17
|
|t:|1779671861
|move|p1a: Dragonite|Earthquake|p2a: Pressure
|-damage|p2a: Pressure|30/100
|move|p2a: Pressure|Freeze-Dry|p1a: Dragonite
|-supereffective|p1a: Dragonite
|-damage|p1a: Dragonite|0 fnt
|faint|p1a: Dragonite
|
|win|harrolux
|raw|bubbline tshirt's rating: 1412 &rarr; <strong>1394</strong><br />(-18 for losing)
|raw|harrolux's rating: 1447 &rarr; <strong>1465</strong><br />(+18 for winning)
|l|☆bubbline tshirt
|player|p1|
|l|☆harrolux
|player|p2|
