|j|☆SaintEndless
|j|☆steeloisJP
|t:|1779556220
|gametype|singles
|player|p1|SaintEndless|cynthia-masters|1000
|player|p2|steeloisJP|1|1000
|gen|9
|tier|[Gen 9] OU
|rated|
|rule|HP Percentage Mod: HP is shown in percentages
|rule|Endless Battle Clause: Forcing endless battles is banned
|rule|Species Clause: Limit one of each Pokémon
|rule|OHKO Clause: OHKO moves are banned
|rule|Evasion Items Clause: Evasion items are banned
|rule|Evasion Moves Clause: Evasion moves are banned
|rule|Evasion Abilities Clause: Evasion abilities are banned
|rule|Sleep Moves Clause: Sleep-inducing moves are banned
|clearpoke
|poke|p1|Pelipper, M|
|poke|p1|Barraskewda, F|
|poke|p1|Iron Treads|
|poke|p1|Raging Bolt|
|poke|p1|Tornadus-Therian, M|
|poke|p1|Ogerpon-Wellspring, F|
|poke|p2|Maushold-Four|
|poke|p2|Dondozo, F|
|poke|p2|Ting-Lu|
|poke|p2|Garganacl, F|
|poke|p2|Dragonite, F|
|poke|p2|Kingambit, F|
|teampreview
|inactive|Battle timer is ON: inactive players will automatically lose when time's up. (requested by steeloisJP)
|c|☆SaintEndless|glhf
|inactive|SaintEndless has 120 seconds left.
|
|t:|1779556268
|teamsize|p1|6
|teamsize|p2|6
|start
|switch|p1a: Pelipper|Pelipper, M|100/100
|switch|p2a: Maushold|Maushold-Four, shiny|100/100
|-weather|RainDance|[from] ability: Drizzle|[of] p1a: Pelipper
|turn|1
|
|t:|1779556291
|move|p2a: Maushold|Tidy Up|p2a: Maushold
|-boost|p2a: Maushold|atk|1
|-boost|p2a: Maushold|spe|1
|move|p1a: Pelipper|Knock Off|p2a: Maushold
|-damage|p2a: Maushold|79/100
|-enditem|p2a: Maushold|Wide Lens|[from] move: Knock Off|[of] p1a: Pelipper
|
|-weather|RainDance|[upkeep]
|upkeep
|turn|2
|inactive|SaintEndless has 120 seconds left.
|
|t:|1779556315
|move|p2a: Maushold|Population Bomb|p1a: Pelipper
|-damage|p1a: Pelipper|87/100
|-damage|p1a: Pelipper|72/100
|-damage|p1a: Pelipper|58/100
|-damage|p1a: Pelipper|44/100
|-damage|p1a: Pelipper|30/100
|-damage|p1a: Pelipper|15/100
|-damage|p1a: Pelipper|2/100
|-damage|p1a: Pelipper|0 fnt
|faint|p1a: Pelipper
|-hitcount|p1: Pelipper|8
|
|-weather|RainDance|[upkeep]
|upkeep
|inactive|SaintEndless has 120 seconds left.
|
|t:|1779556336
|switch|p1a: Barraskewda|Barraskewda, F|100/100
|turn|3
|
|t:|1779556357
|move|p1a: Barraskewda|Liquidation|p2a: Maushold
|-damage|p2a: Maushold|0 fnt
|faint|p2a: Maushold
|
|-weather|RainDance|[upkeep]
|upkeep
|
|t:|1779556372
|switch|p2a: Dondozo|Dondozo, F, shiny|100/100
|turn|4
|
|t:|1779556389
|switch|p1a: Raging Bolt|Raging Bolt|100/100
|-enditem|p1a: Raging Bolt|Booster Energy
|-activate|p1a: Raging Bolt|ability: Protosynthesis|[fromitem]
|-start|p1a: Raging Bolt|protosynthesisspa
|move|p2a: Dondozo|Protect||[still]
|-fail|p2a: Dondozo
|
|-weather|RainDance|[upkeep]
|upkeep
|turn|5
|
|t:|1779556396
|move|p2a: Dondozo|Protect|p2a: Dondozo
|-singleturn|p2a: Dondozo|Protect
|move|p1a: Raging Bolt|Thunder|p2a: Dondozo
|-activate|p2a: Dondozo|move: Protect
|
|-weather|RainDance|[upkeep]
|upkeep
|turn|6
|
|t:|1779556406
|move|p1a: Raging Bolt|Dragon Pulse|p2a: Dondozo
|-damage|p2a: Dondozo|34/100
|move|p2a: Dondozo|Body Press|p1a: Raging Bolt
|-damage|p1a: Raging Bolt|75/100
|
|-weather|RainDance|[upkeep]
|-heal|p2a: Dondozo|41/100|[from] item: Leftovers
|upkeep
|turn|7
|
|t:|1779556414
|move|p1a: Raging Bolt|Dragon Pulse|p2a: Dondozo
|-damage|p2a: Dondozo|0 fnt
|faint|p2a: Dondozo
|
|-weather|RainDance|[upkeep]
|upkeep
|
|t:|1779556417
|switch|p2a: Dragonite|Dragonite, F, shiny|100/100
|turn|8
|inactive|SaintEndless has 120 seconds left.
|
|t:|1779556426
|-terastallize|p1a: Raging Bolt|Fairy
|move|p2a: Dragonite|Dragon Dance|p2a: Dragonite
|-boost|p2a: Dragonite|atk|1
|-boost|p2a: Dragonite|spe|1
|move|p1a: Raging Bolt|Dragon Pulse|p2a: Dragonite
|-supereffective|p2a: Dragonite
|-damage|p2a: Dragonite|31/100
|-enditem|p2a: Dragonite|Weakness Policy
|-boost|p2a: Dragonite|atk|2|[from] item: Weakness Policy
|-boost|p2a: Dragonite|spa|2|[from] item: Weakness Policy
|
|-weather|none
|upkeep
|turn|9
|inactive|SaintEndless has 120 seconds left.
|
|t:|1779556436
|move|p2a: Dragonite|Fire Punch|p1a: Raging Bolt
|-crit|p1a: Raging Bolt
|-damage|p1a: Raging Bolt|0 fnt
|faint|p1a: Raging Bolt
|-end|p1a: Raging Bolt|Protosynthesis|[silent]
|
|upkeep
|inactive|SaintEndless has 120 seconds left.
|inactive|SaintEndless has 90 seconds left.
|
|t:|1779556483
|switch|p1a: Tornadus|Tornadus-Therian, M|100/100
|turn|10
|
|t:|1779556493
|move|p2a: Dragonite|Outrage|p1a: Tornadus
|-damage|p1a: Tornadus|0 fnt
|faint|p1a: Tornadus
|
|upkeep
|
|t:|1779556507
|switch|p1a: Iron Treads|Iron Treads|100/100
|turn|11
|
|t:|1779556513
|move|p2a: Dragonite|Outrage|p1a: Iron Treads|[from] lockedmove
|-resisted|p1a: Iron Treads
|-damage|p1a: Iron Treads|15/100
|move|p1a: Iron Treads|Ice Spinner|p2a: Dragonite
|-supereffective|p2a: Dragonite
|-damage|p2a: Dragonite|0 fnt
|faint|p2a: Dragonite
|
|-heal|p1a: Iron Treads|22/100|[from] item: Leftovers
|upkeep
|
|t:|1779556518
|switch|p2a: Ting-Lu|Ting-Lu|100/100
|-ability|p2a: Ting-Lu|Vessel of Ruin
|turn|12
|inactive|SaintEndless has 90 seconds left.
|
|t:|1779556535
|move|p1a: Iron Treads|Ice Spinner|p2a: Ting-Lu
|-supereffective|p2a: Ting-Lu
|-damage|p2a: Ting-Lu|79/100
|move|p2a: Ting-Lu|Stealth Rock|p1a: Iron Treads
|-sidestart|p1: SaintEndless|move: Stealth Rock
|
|-heal|p1a: Iron Treads|28/100|[from] item: Leftovers
|-heal|p2a: Ting-Lu|85/100|[from] item: Leftovers
|upkeep
|turn|13
|
|t:|1779556543
|move|p1a: Iron Treads|Rapid Spin|p2a: Ting-Lu
|-damage|p2a: Ting-Lu|78/100
|-boost|p1a: Iron Treads|spe|1
|-sideend|p1: SaintEndless|Stealth Rock|[from] move: Rapid Spin|[of] p1a: Iron Treads
|move|p2a: Ting-Lu|Spikes|p1a: Iron Treads
|-sidestart|p1: SaintEndless|Spikes
|
|-heal|p1a: Iron Treads|34/100|[from] item: Leftovers
|-heal|p2a: Ting-Lu|84/100|[from] item: Leftovers
|upkeep
|turn|14
|
|t:|1779556548
|move|p1a: Iron Treads|Ice Spinner|p2a: Ting-Lu
|-supereffective|p2a: Ting-Lu
|-damage|p2a: Ting-Lu|63/100
|move|p2a: Ting-Lu|Spikes|p1a: Iron Treads
|-sidestart|p1: SaintEndless|Spikes
|
|-heal|p1a: Iron Treads|40/100|[from] item: Leftovers
|-heal|p2a: Ting-Lu|69/100|[from] item: Leftovers
|upkeep
|turn|15
|
|t:|1779556553
|move|p1a: Iron Treads|Rapid Spin|p2a: Ting-Lu
|-damage|p2a: Ting-Lu|62/100
|-boost|p1a: Iron Treads|spe|1
|-sideend|p1: SaintEndless|Spikes|[from] move: Rapid Spin|[of] p1a: Iron Treads
|move|p2a: Ting-Lu|Whirlwind|p1a: Iron Treads
|-end|p1a: Iron Treads|Quark Drive|[silent]
|drag|p1a: Ogerpon|Ogerpon-Wellspring, F|100/100
|
|-heal|p2a: Ting-Lu|68/100|[from] item: Leftovers
|upkeep
|turn|16
|
|t:|1779556563
|move|p1a: Ogerpon|Ivy Cudgel|p2a: Ting-Lu|[anim] Ivy Cudgel Water
|-supereffective|p2a: Ting-Lu
|-damage|p2a: Ting-Lu|19/100
|move|p2a: Ting-Lu|Stealth Rock|p1a: Ogerpon
|-sidestart|p1: SaintEndless|move: Stealth Rock
|
|-heal|p2a: Ting-Lu|25/100|[from] item: Leftovers
|upkeep
|turn|17
|
|t:|1779556569
|move|p1a: Ogerpon|Ivy Cudgel|p2a: Ting-Lu|[anim] Ivy Cudgel Water
|-supereffective|p2a: Ting-Lu
|-damage|p2a: Ting-Lu|0 fnt
|faint|p2a: Ting-Lu
|
|upkeep
|
|t:|1779556572
|switch|p2a: Garganacl|Garganacl, F, shiny|100/100
|turn|18
|
|t:|1779556577
|move|p1a: Ogerpon|Swords Dance|p1a: Ogerpon
|-boost|p1a: Ogerpon|atk|2
|move|p2a: Garganacl|Body Press|p1a: Ogerpon
|-damage|p1a: Ogerpon|58/100
|
|upkeep
|turn|19
|
|t:|1779556582
|move|p1a: Ogerpon|Horn Leech|p2a: Garganacl
|-supereffective|p2a: Garganacl
|-damage|p2a: Garganacl|4/100
|-heal|p1a: Ogerpon|100/100|[from] drain|[of] p2a: Garganacl
|move|p2a: Garganacl|Body Press|p1a: Ogerpon
|-damage|p1a: Ogerpon|62/100
|
|-heal|p2a: Garganacl|10/100|[from] item: Leftovers
|upkeep
|turn|20
|
|t:|1779556589
|move|p1a: Ogerpon|Ivy Cudgel|p2a: Garganacl|[anim] Ivy Cudgel Water
|-supereffective|p2a: Garganacl
|-damage|p2a: Garganacl|0 fnt
|faint|p2a: Garganacl
|
|upkeep
|
|t:|1779556593
|switch|p2a: Kingambit|Kingambit, F, shiny|100/100
|-activate|p2a: Kingambit|ability: Supreme Overlord
|-start|p2a: Kingambit|fallen5|[silent]
|turn|21
|inactive|SaintEndless has 120 seconds left.
|
|t:|1779556625
|move|p1a: Ogerpon|Ivy Cudgel|p2a: Kingambit|[anim] Ivy Cudgel Water
|-damage|p2a: Kingambit|17/100
|move|p2a: Kingambit|Kowtow Cleave|p1a: Ogerpon
|-damage|p1a: Ogerpon|0 fnt
|faint|p1a: Ogerpon
|
|upkeep
|inactive|SaintEndless has 120 seconds left.
|
|t:|1779556633
|switch|p1a: Iron Treads|Iron Treads|40/100
|-damage|p1a: Iron Treads|37/100|[from] Stealth Rock
|turn|22
|
|t:|1779556646
|move|p2a: Kingambit|Sucker Punch|p1a: Iron Treads
|-damage|p1a: Iron Treads|0 fnt
|faint|p1a: Iron Treads
|-end|p1a: Iron Treads|Quark Drive|[silent]
|
|upkeep
|
|t:|1779556649
|switch|p1a: Barraskewda|Barraskewda, F|100/100
|-damage|p1a: Barraskewda|88/100|[from] Stealth Rock
|turn|23
|
|t:|1779556659
|move|p1a: Barraskewda|Aqua Jet|p2a: Kingambit
|-damage|p2a: Kingambit|0 fnt
|faint|p2a: Kingambit
|-end|p2a: Kingambit|fallen5|[silent]
|
|win|SaintEndless
|raw|SaintEndless's rating: 1000 &rarr; <strong>1040</strong><br />(+40 for winning)
|raw|steeloisJP's rating: 1000 &rarr; <strong>1000</strong><br />(+0 for losing)
|l|☆steeloisJP
|player|p2|
|c|☆SaintEndless|ggwp
