|j|☆djchero
|j|☆my shitters
|t:|1779725211
|gametype|singles
|player|p1|djchero|n|1358
|player|p2|my shitters|preschooler|1412
|gen|9
|tier|[Gen 9] OU
|rated|
|rule|HP Percentage Mod: HP is shown in percentages
|rule|Endless Battle Clause: Forcing endless battles is banned
|rule|Species Clause: Limit one of each Pokémon
|rule|OHKO Clause: OHKO moves are banned
|rule|Evasion Items Clause: Evasion items are banned
|rule|Evasion Moves Clause: Evasion moves are banned
|rule|Evasion Abilities Clause: Evasion abilities are banned
|rule|Sleep Moves Clause: Sleep-inducing moves are banned
|clearpoke
|poke|p1|Kyurem|
|poke|p1|Slowking-Galar, M|
|poke|p1|Lokix, M|
|poke|p1|Keldeo-Resolute|
|poke|p1|Landorus-Therian, M|
|poke|p1|Ceruledge, M|
|poke|p2|Sableye, F|
|poke|p2|Alcremie-Ruby-Swirl, F|
|poke|p2|Rotom-Heat|
|poke|p2|Primeape, M|
|poke|p2|Brute Bonnet|
|poke|p2|Ursaring, F|
|teampreview
|inactive|Battle timer is ON: inactive players will automatically lose when time's up. (requested by my shitters)
|inactive|my shitters has 120 seconds left.
|inactive|my shitters has 90 seconds left.
|
|t:|1779725287
|teamsize|p1|6
|teamsize|p2|6
|start
|switch|p1a: Lokix|Lokix, M|100/100
|switch|p2a: GemPostin|Sableye, F|100/100
|turn|1
|
|t:|1779725294
|switch|p1a: Landorus|Landorus-Therian, M|100/100
|-ability|p1a: Landorus|Intimidate|boost
|-unboost|p2a: GemPostin|atk|1
|move|p2a: GemPostin|Reflect|p2a: GemPostin
|-sidestart|p2: my shitters|Reflect
|
|upkeep
|turn|2
|
|t:|1779725301
|move|p2a: GemPostin|Taunt|p1a: Landorus
|-start|p1a: Landorus|move: Taunt
|cant|p1a: Landorus|move: Taunt|Stealth Rock
|
|upkeep
|turn|3
|
|t:|1779725315
|switch|p2a: OnePunchBear|Ursaring, F|100/100
|move|p1a: Landorus|U-turn|p2a: OnePunchBear
|-damage|p2a: OnePunchBear|87/100
|
|t:|1779725324
|switch|p1a: Ceruledge|Ceruledge, M|100/100|[from] U-turn
|
|-status|p2a: OnePunchBear|brn|[from] item: Flame Orb
|upkeep
|turn|4
|
|t:|1779725329
|move|p1a: Ceruledge|Swords Dance|p1a: Ceruledge
|-boost|p1a: Ceruledge|atk|2
|move|p2a: OnePunchBear|Earthquake|p1a: Ceruledge
|-supereffective|p1a: Ceruledge
|-enditem|p1a: Ceruledge|Focus Sash
|-damage|p1a: Ceruledge|1/100
|-ability|p1a: Ceruledge|Weak Armor|boost
|-unboost|p1a: Ceruledge|def|1
|-boost|p1a: Ceruledge|spe|2
|
|-damage|p2a: OnePunchBear|81/100 brn|[from] brn
|upkeep
|turn|5
|
|t:|1779725336
|move|p1a: Ceruledge|Close Combat|p2a: OnePunchBear
|-supereffective|p2a: OnePunchBear
|-damage|p2a: OnePunchBear|0 fnt
|-unboost|p1a: Ceruledge|def|1
|-unboost|p1a: Ceruledge|spd|1
|faint|p2a: OnePunchBear
|
|upkeep
|
|t:|1779725338
|switch|p2a: UngaBoonguss|Brute Bonnet|100/100
|-enditem|p2a: UngaBoonguss|Booster Energy
|-activate|p2a: UngaBoonguss|ability: Protosynthesis|[fromitem]
|-start|p2a: UngaBoonguss|protosynthesisatk
|turn|6
|
|t:|1779725342
|move|p2a: UngaBoonguss|Sucker Punch||[still]
|-fail|p2a: UngaBoonguss
|move|p1a: Ceruledge|Swords Dance|p1a: Ceruledge
|-boost|p1a: Ceruledge|atk|2
|
|upkeep
|turn|7
|
|t:|1779725344
|move|p2a: UngaBoonguss|Sucker Punch|p1a: Ceruledge
|-supereffective|p1a: Ceruledge
|-damage|p1a: Ceruledge|0 fnt
|faint|p1a: Ceruledge
|
|upkeep
|
|t:|1779725347
|switch|p1a: Lokix|Lokix, M|100/100
|turn|8
|
|t:|1779725351
|-end|p2a: UngaBoonguss|Protosynthesis|[silent]
|switch|p2a: FaintCorona|Rotom-Heat|100/100
|move|p1a: Lokix|First Impression|p2a: FaintCorona
|-resisted|p2a: FaintCorona
|-damage|p2a: FaintCorona|64/100
|
|-sideend|p2: my shitters|Reflect
|upkeep
|turn|9
|
|t:|1779725358
|switch|p1a: Slowking|Slowking-Galar, M|100/100
|move|p2a: FaintCorona|Nasty Plot|p2a: FaintCorona
|-boost|p2a: FaintCorona|spa|2
|
|upkeep
|turn|10
|
|t:|1779725362
|move|p2a: FaintCorona|Nasty Plot|p2a: FaintCorona
|-boost|p2a: FaintCorona|spa|2
|move|p1a: Slowking|Thunder Wave|p2a: FaintCorona
|-immune|p2a: FaintCorona
|
|upkeep
|turn|11
|
|t:|1779725368
|move|p2a: FaintCorona|Overheat|p1a: Slowking
|-damage|p1a: Slowking|7/100
|-unboost|p2a: FaintCorona|spa|2
|-prepare|p1a: Slowking|Chilly Reception|[premajor]
|move|p1a: Slowking|Chilly Reception|p1a: Slowking
|-weather|Snowscape
|
|t:|1779725373
|switch|p1a: Keldeo|Keldeo-Resolute|100/100|[from] Chilly Reception
|
|-weather|Snowscape|[upkeep]
|upkeep
|turn|12
|
|t:|1779725376
|switch|p2a: UngaBoonguss|Brute Bonnet|100/100
|move|p1a: Keldeo|Surf|p2a: UngaBoonguss
|-resisted|p2a: UngaBoonguss
|-damage|p2a: UngaBoonguss|82/100
|
|-weather|Snowscape|[upkeep]
|upkeep
|turn|13
|
|t:|1779725385
|switch|p1a: Landorus|Landorus-Therian, M|100/100
|-ability|p1a: Landorus|Intimidate|boost
|-unboost|p2a: UngaBoonguss|atk|1
|-end|p2a: UngaBoonguss|Protosynthesis|[silent]
|switch|p2a: PonnieColeman|Primeape, M|100/100
|
|-weather|Snowscape|[upkeep]
|upkeep
|turn|14
|
|t:|1779725395
|move|p2a: PonnieColeman|Bulk Up|p2a: PonnieColeman
|-boost|p2a: PonnieColeman|atk|1
|-boost|p2a: PonnieColeman|def|1
|move|p1a: Landorus|Taunt|p2a: PonnieColeman
|-start|p2a: PonnieColeman|move: Taunt
|
|-weather|Snowscape|[upkeep]
|upkeep
|turn|15
|
|t:|1779725406
|switch|p1a: Kyurem|Kyurem, shiny|100/100
|-ability|p1a: Kyurem|Pressure
|move|p2a: PonnieColeman|Drain Punch|p1a: Kyurem
|-supereffective|p1a: Kyurem
|-damage|p1a: Kyurem|51/100
|
|-weather|none
|upkeep
|turn|16
|
|t:|1779725410
|move|p1a: Kyurem|Draco Meteor|p2a: PonnieColeman
|-damage|p2a: PonnieColeman|39/100
|-unboost|p1a: Kyurem|spa|2
|move|p2a: PonnieColeman|Drain Punch|p1a: Kyurem
|-supereffective|p1a: Kyurem
|-damage|p1a: Kyurem|0 fnt
|-heal|p2a: PonnieColeman|68/100|[from] drain|[of] p1a: Kyurem
|faint|p1a: Kyurem
|
|upkeep
|
|t:|1779725428
|switch|p1a: Keldeo|Keldeo-Resolute|100/100
|turn|17
|
|t:|1779725442
|-terastallize|p1a: Keldeo|Water
|move|p1a: Keldeo|Surf|p2a: PonnieColeman
|-damage|p2a: PonnieColeman|14/100
|move|p2a: PonnieColeman|Drain Punch|p1a: Keldeo
|-damage|p1a: Keldeo|53/100
|-heal|p2a: PonnieColeman|37/100|[from] drain|[of] p1a: Keldeo
|
|-heal|p1a: Keldeo|59/100|[from] item: Leftovers
|-end|p2a: PonnieColeman|move: Taunt
|upkeep
|turn|18
|
|t:|1779725451
|switch|p2a: UngaBoonguss|Brute Bonnet|82/100
|move|p1a: Keldeo|Surf|p2a: UngaBoonguss
|-resisted|p2a: UngaBoonguss
|-damage|p2a: UngaBoonguss|55/100
|
|-heal|p1a: Keldeo|65/100|[from] item: Leftovers
|upkeep
|turn|19
|
|t:|1779725457
|move|p1a: Keldeo|Secret Sword|p2a: UngaBoonguss
|-supereffective|p2a: UngaBoonguss
|-damage|p2a: UngaBoonguss|0 fnt
|faint|p2a: UngaBoonguss
|-end|p2a: UngaBoonguss|Protosynthesis|[silent]
|
|-heal|p1a: Keldeo|71/100|[from] item: Leftovers
|upkeep
|
|t:|1779725459
|switch|p2a: GemPostin|Sableye, F|100/100
|turn|20
|
|t:|1779725462
|switch|p1a: Slowking|Slowking-Galar, M|40/100
|move|p2a: GemPostin|Light Screen|p2a: GemPostin
|-sidestart|p2: my shitters|move: Light Screen
|
|upkeep
|turn|21
|
|t:|1779725465
|move|p2a: GemPostin|Taunt|p1a: Slowking
|-start|p1a: Slowking|move: Taunt
|-prepare|p1a: Slowking|Chilly Reception|[premajor]
|cant|p1a: Slowking|move: Taunt|Chilly Reception
|
|upkeep
|turn|22
|
|t:|1779725470
|switch|p1a: Landorus|Landorus-Therian, M|100/100
|-ability|p1a: Landorus|Intimidate|boost
|-unboost|p2a: GemPostin|atk|1
|move|p2a: GemPostin|Reflect|p2a: GemPostin
|-sidestart|p2: my shitters|Reflect
|
|upkeep
|turn|23
|
|t:|1779725480
|move|p2a: GemPostin|Taunt|p1a: Landorus
|-start|p1a: Landorus|move: Taunt
|move|p1a: Landorus|U-turn|p2a: GemPostin
|-damage|p2a: GemPostin|90/100
|
|t:|1779725485
|switch|p1a: Lokix|Lokix, M|100/100|[from] U-turn
|
|upkeep
|turn|24
|
|t:|1779725490
|switch|p2a: RobotAlcremicDrive|Alcremie-Ruby-Swirl, F|100/100
|move|p1a: Lokix|Knock Off|p2a: RobotAlcremicDrive
|-resisted|p2a: RobotAlcremicDrive
|-crit|p2a: RobotAlcremicDrive
|-damage|p2a: RobotAlcremicDrive|5/100
|-enditem|p2a: RobotAlcremicDrive|Leftovers|[from] move: Knock Off|[of] p1a: Lokix
|
|upkeep
|turn|25
|
|t:|1779725497
|move|p1a: Lokix|Knock Off|p2a: RobotAlcremicDrive
|-resisted|p2a: RobotAlcremicDrive
|-damage|p2a: RobotAlcremicDrive|0 fnt
|faint|p2a: RobotAlcremicDrive
|
|upkeep
|
|t:|1779725504
|switch|p2a: PonnieColeman|Primeape, M|37/100
|turn|26
|
|t:|1779725509
|switch|p1a: Landorus|Landorus-Therian, M|100/100
|-ability|p1a: Landorus|Intimidate|boost
|-unboost|p2a: PonnieColeman|atk|1
|-ability|p2a: PonnieColeman|Defiant|boost
|-boost|p2a: PonnieColeman|atk|2
|move|p2a: PonnieColeman|Drain Punch|p1a: Landorus
|-resisted|p1a: Landorus
|-damage|p1a: Landorus|80/100
|-heal|p2a: PonnieColeman|49/100|[from] drain|[of] p1a: Landorus
|-damage|p2a: PonnieColeman|33/100|[from] item: Rocky Helmet|[of] p1a: Landorus
|
|upkeep
|turn|27
|
|t:|1779725521
|move|p2a: PonnieColeman|Bulk Up|p2a: PonnieColeman
|-boost|p2a: PonnieColeman|atk|1
|-boost|p2a: PonnieColeman|def|1
|move|p1a: Landorus|Taunt|p2a: PonnieColeman
|-start|p2a: PonnieColeman|move: Taunt
|
|-sideend|p2: my shitters|move: Light Screen
|upkeep
|turn|28
|
|t:|1779725536
|move|p2a: PonnieColeman|Rage Fist|p1a: Landorus
|-damage|p1a: Landorus|16/100
|-damage|p2a: PonnieColeman|16/100|[from] item: Rocky Helmet|[of] p1a: Landorus
|move|p1a: Landorus|Earthquake|p2a: PonnieColeman
|-damage|p2a: PonnieColeman|0 fnt
|faint|p2a: PonnieColeman
|
|upkeep
|
|t:|1779725542
|switch|p2a: FaintCorona|Rotom-Heat|64/100
|turn|29
|
|t:|1779725547
|move|p1a: Landorus|Taunt|p2a: FaintCorona
|-start|p2a: FaintCorona|move: Taunt
|move|p2a: FaintCorona|Overheat|p1a: Landorus
|-damage|p1a: Landorus|0 fnt
|-unboost|p2a: FaintCorona|spa|2
|faint|p1a: Landorus
|
|-sideend|p2: my shitters|Reflect
|upkeep
|
|t:|1779725552
|switch|p1a: Keldeo|Keldeo-Resolute, tera:Water|71/100
|turn|30
|
|t:|1779725555
|switch|p2a: GemPostin|Sableye, F|90/100
|move|p1a: Keldeo|Substitute|p1a: Keldeo
|-start|p1a: Keldeo|Substitute
|-damage|p1a: Keldeo|47/100
|
|-heal|p1a: Keldeo|53/100|[from] item: Leftovers
|upkeep
|turn|31
|
|t:|1779725557
|move|p2a: GemPostin|Encore|p1a: Keldeo
|-start|p1a: Keldeo|Encore
|move|p1a: Keldeo|Substitute|p1a: Keldeo
|-fail|p1a: Keldeo|move: Substitute
|
|-heal|p1a: Keldeo|59/100|[from] item: Leftovers
|upkeep
|turn|32
|
|t:|1779725559
|switch|p1a: Lokix|Lokix, M|100/100
|switch|p2a: FaintCorona|Rotom-Heat|64/100
|
|upkeep
|turn|33
|
|t:|1779725562
|switch|p2a: GemPostin|Sableye, F|90/100
|move|p1a: Lokix|First Impression|p2a: GemPostin
|-damage|p2a: GemPostin|28/100
|
|upkeep
|turn|34
|
|t:|1779725567
|switch|p1a: Slowking|Slowking-Galar, M|73/100
|move|p2a: GemPostin|Light Screen|p2a: GemPostin
|-sidestart|p2: my shitters|move: Light Screen
|
|upkeep
|turn|35
|
|t:|1779725569
|move|p2a: GemPostin|Reflect|p2a: GemPostin
|-sidestart|p2: my shitters|Reflect
|-prepare|p1a: Slowking|Chilly Reception|[premajor]
|move|p1a: Slowking|Chilly Reception|p1a: Slowking
|-weather|Snowscape
|
|t:|1779725571
|switch|p1a: Lokix|Lokix, M|100/100|[from] Chilly Reception
|
|-weather|Snowscape|[upkeep]
|upkeep
|turn|36
|
|t:|1779725574
|move|p1a: Lokix|First Impression|p2a: GemPostin
|-damage|p2a: GemPostin|1/100
|move|p2a: GemPostin|Encore|p1a: Lokix
|-hint|Since gen 7, Dark is immune to Prankster moves.
|-immune|p1a: Lokix
|
|-weather|Snowscape|[upkeep]
|upkeep
|turn|37
|
|t:|1779725579
|switch|p1a: Slowking|Slowking-Galar, M|100/100
|switch|p2a: FaintCorona|Rotom-Heat|64/100
|
|-weather|Snowscape|[upkeep]
|upkeep
|turn|38
|
|t:|1779725585
|move|p2a: FaintCorona|Nasty Plot|p2a: FaintCorona
|-boost|p2a: FaintCorona|spa|2
|move|p1a: Slowking|Sludge Bomb|p2a: FaintCorona
|-damage|p2a: FaintCorona|42/100
|-status|p2a: FaintCorona|psn
|
|-weather|Snowscape|[upkeep]
|-damage|p2a: FaintCorona|29/100 psn|[from] psn
|upkeep
|turn|39
|
|t:|1779725591
|move|p2a: FaintCorona|Pain Split|p1a: Slowking
|-sethp|p1a: Slowking|59/100|[from] move: Pain Split|[silent]
|-sethp|p2a: FaintCorona|96/100 psn|[from] move: Pain Split
|move|p1a: Slowking|Sludge Bomb|p2a: FaintCorona
|-damage|p2a: FaintCorona|74/100 psn
|
|-weather|none
|-damage|p2a: FaintCorona|62/100 psn|[from] psn
|upkeep
|turn|40
|
|t:|1779725594
|move|p2a: FaintCorona|Overheat|p1a: Slowking
|-damage|p1a: Slowking|0 fnt
|-unboost|p2a: FaintCorona|spa|2
|faint|p1a: Slowking
|
|-damage|p2a: FaintCorona|49/100 psn|[from] psn
|upkeep
|
|t:|1779725600
|switch|p1a: Keldeo|Keldeo-Resolute, tera:Water|59/100
|turn|41
|
|t:|1779725603
|-terastallize|p2a: FaintCorona|Water
|move|p1a: Keldeo|Surf|p2a: FaintCorona
|-resisted|p2a: FaintCorona
|-damage|p2a: FaintCorona|28/100 psn
|move|p2a: FaintCorona|Thunderbolt|p1a: Keldeo
|-supereffective|p1a: Keldeo
|-damage|p1a: Keldeo|0 fnt
|faint|p1a: Keldeo
|
|-damage|p2a: FaintCorona|15/100 psn|[from] psn
|-sideend|p2: my shitters|move: Light Screen
|upkeep
|
|t:|1779725609
|switch|p1a: Lokix|Lokix, M|100/100
|turn|42
|
|t:|1779725612
|move|p1a: Lokix|Knock Off|p2a: FaintCorona
|-damage|p2a: FaintCorona|0 fnt
|-enditem|p2a: FaintCorona|Heavy-Duty Boots|[from] move: Knock Off|[of] p1a: Lokix
|faint|p2a: FaintCorona
|
|-sideend|p2: my shitters|Reflect
|upkeep
|
|t:|1779725613
|switch|p2a: GemPostin|Sableye, F|1/100
|turn|43
|
|t:|1779725615
|move|p2a: GemPostin|Taunt|p1a: Lokix
|-hint|Since gen 7, Dark is immune to Prankster moves.
|-immune|p1a: Lokix
|move|p1a: Lokix|Knock Off|p2a: GemPostin
|-damage|p2a: GemPostin|0 fnt
|-enditem|p2a: GemPostin|Light Clay|[from] move: Knock Off|[of] p1a: Lokix
|faint|p2a: GemPostin
|
|win|djchero
|raw|djchero's rating: 1358 &rarr; <strong>1382</strong><br />(+24 for winning)
|raw|my shitters's rating: 1431 &rarr; <strong>1407</strong><br />(-24 for losing)
