|j|☆npctypebeat
|j|☆blacksoulshater67
|t:|1779658629
|gametype|singles
|player|p1|npctypebeat|101|1249
|player|p2|blacksoulshater67|boarder|1230
|gen|9
|tier|[Gen 9] OU
|rated|
|rule|HP Percentage Mod: HP is shown in percentages
|rule|Endless Battle Clause: Forcing endless battles is banned
|rule|Species Clause: Limit one of each Pokémon
|rule|OHKO Clause: OHKO moves are banned
|rule|Evasion Items Clause: Evasion items are banned
|rule|Evasion Moves Clause: Evasion moves are banned
|rule|Evasion Abilities Clause: Evasion abilities are banned
|rule|Sleep Moves Clause: Sleep-inducing moves are banned
|clearpoke
|poke|p1|Gliscor, F|
|poke|p1|Gholdengo|
|poke|p1|Zamazenta-*|
|poke|p1|Blissey, F|
|poke|p1|Skarmory, M|
|poke|p1|Pecharunt|
|poke|p2|Ceruledge, F|
|poke|p2|Deoxys-Speed|
|poke|p2|Great Tusk|
|poke|p2|Landorus-Therian, M|
|poke|p2|Darkrai|
|poke|p2|Kyurem|
|teampreview
|c|☆npctypebeat|hf
|
|t:|1779658641
|teamsize|p1|6
|teamsize|p2|6
|start
|switch|p1a: Skarmory|Skarmory, M|100/100
|switch|p2a: Deoxys|Deoxys-Speed|100/100
|-ability|p2a: Deoxys|Pressure
|turn|1
|inactive|Battle timer is ON: inactive players will automatically lose when time's up. (requested by npctypebeat)
|
|t:|1779658656
|switch|p1a: Gholdengo|Gholdengo|100/100
|move|p2a: Deoxys|Reflect|p2a: Deoxys
|-sidestart|p2: blacksoulshater67|Reflect
|
|upkeep
|turn|2
|
|t:|1779658682
|move|p2a: Deoxys|Light Screen|p2a: Deoxys
|-sidestart|p2: blacksoulshater67|move: Light Screen
|move|p1a: Gholdengo|Hex|p2a: Deoxys
|-supereffective|p2a: Deoxys
|-damage|p2a: Deoxys|64/100
|
|upkeep
|turn|3
|inactive|blacksoulshater67 has 120 seconds left.
|
|t:|1779658699
|switch|p2a: Darkrai|Darkrai|100/100
|move|p1a: Gholdengo|Thunder Wave|p2a: Darkrai|[miss]
|-miss|p1a: Gholdengo|p2a: Darkrai
|
|upkeep
|turn|4
|
|t:|1779658706
|switch|p1a: Gliscor|Gliscor, F|100/100
|move|p2a: Darkrai|Dark Pulse|p1a: Gliscor
|-damage|p1a: Gliscor|46/100
|-damage|p2a: Darkrai|91/100|[from] item: Life Orb
|
|-status|p1a: Gliscor|tox|[from] item: Toxic Orb
|upkeep
|turn|5
|
|t:|1779658710
|switch|p1a: Blissey|Blissey, F|100/100
|move|p2a: Darkrai|Ice Beam|p1a: Blissey
|-damage|p1a: Blissey|88/100
|-damage|p2a: Darkrai|81/100|[from] item: Life Orb
|
|upkeep
|turn|6
|
|t:|1779658714
|switch|p2a: Ceruledge|Ceruledge, F|100/100
|move|p1a: Blissey|Stealth Rock|p2a: Ceruledge
|-sidestart|p2: blacksoulshater67|move: Stealth Rock
|
|upkeep
|turn|7
|
|t:|1779658724
|move|p2a: Ceruledge|Swords Dance|p2a: Ceruledge
|-boost|p2a: Ceruledge|atk|2
|move|p1a: Blissey|Calm Mind|p1a: Blissey
|-boost|p1a: Blissey|spa|1
|-boost|p1a: Blissey|spd|1
|
|upkeep
|turn|8
|
|t:|1779658730
|move|p2a: Ceruledge|Swords Dance|p2a: Ceruledge
|-boost|p2a: Ceruledge|atk|2
|move|p1a: Blissey|Shadow Ball|p2a: Ceruledge
|-supereffective|p2a: Ceruledge
|-damage|p2a: Ceruledge|76/100
|
|-sideend|p2: blacksoulshater67|Reflect
|upkeep
|turn|9
|
|t:|1779658754
|move|p2a: Ceruledge|Bitter Blade|p1a: Blissey
|-damage|p1a: Blissey|0 fnt
|-heal|p2a: Ceruledge|100/100|[from] drain|[of] p1a: Blissey
|faint|p1a: Blissey
|-damage|p2a: Ceruledge|91/100|[from] item: Life Orb
|
|-sideend|p2: blacksoulshater67|move: Light Screen
|upkeep
|
|t:|1779658763
|switch|p1a: Skarmory|Skarmory, M|100/100
|turn|10
|
|t:|1779658783
|move|p2a: Ceruledge|Bitter Blade|p1a: Skarmory
|-supereffective|p1a: Skarmory
|-ability|p1a: Skarmory|Sturdy
|-damage|p1a: Skarmory|1/100
|-heal|p2a: Ceruledge|100/100|[from] drain|[of] p1a: Skarmory
|-damage|p2a: Ceruledge|91/100|[from] item: Life Orb
|move|p1a: Skarmory|Whirlwind|p2a: Ceruledge
|drag|p2a: Landorus|Landorus-Therian, M|100/100
|-damage|p2a: Landorus|88/100|[from] Stealth Rock
|-ability|p2a: Landorus|Intimidate|boost
|-unboost|p1a: Skarmory|atk|1
|
|upkeep
|turn|11
|
|t:|1779658791
|switch|p1a: Gliscor|Gliscor, F|46/100 tox
|move|p2a: Landorus|Stone Edge|p1a: Gliscor
|-damage|p1a: Gliscor|18/100 tox
|
|-heal|p1a: Gliscor|31/100 tox|[from] ability: Poison Heal
|upkeep
|turn|12
|
|t:|1779658804
|switch|p1a: Zamazenta|Zamazenta|100/100
|-ability|p1a: Zamazenta|Dauntless Shield|boost
|-boost|p1a: Zamazenta|def|1
|move|p2a: Landorus|Stealth Rock|p1a: Zamazenta
|-sidestart|p1: npctypebeat|move: Stealth Rock
|
|upkeep
|turn|13
|
|t:|1779658807
|move|p1a: Zamazenta|Ice Fang|p2a: Landorus
|-supereffective|p2a: Landorus
|-damage|p2a: Landorus|0 fnt
|-damage|p1a: Zamazenta|84/100|[from] item: Rocky Helmet|[of] p2a: Landorus
|faint|p2a: Landorus
|
|upkeep
|
|t:|1779658824
|switch|p2a: Ceruledge|Ceruledge, F|91/100
|-damage|p2a: Ceruledge|66/100|[from] Stealth Rock
|turn|14
|
|t:|1779658827
|move|p1a: Zamazenta|Crunch|p2a: Ceruledge
|-supereffective|p2a: Ceruledge
|-damage|p2a: Ceruledge|0 fnt
|faint|p2a: Ceruledge
|
|upkeep
|
|t:|1779658830
|switch|p2a: Deoxys|Deoxys-Speed|64/100
|-damage|p2a: Deoxys|52/100|[from] Stealth Rock
|-ability|p2a: Deoxys|Pressure
|turn|15
|
|t:|1779658845
|switch|p1a: Gholdengo|Gholdengo|100/100
|-damage|p1a: Gholdengo|94/100|[from] Stealth Rock
|move|p2a: Deoxys|Reflect|p2a: Deoxys
|-sidestart|p2: blacksoulshater67|Reflect
|
|upkeep
|turn|16
|
|t:|1779658848
|move|p2a: Deoxys|Light Screen|p2a: Deoxys
|-sidestart|p2: blacksoulshater67|move: Light Screen
|move|p1a: Gholdengo|Thunder Wave|p2a: Deoxys
|-status|p2a: Deoxys|par
|
|upkeep
|turn|17
|
|t:|1779658852
|switch|p2a: Darkrai|Darkrai|81/100
|-damage|p2a: Darkrai|68/100|[from] Stealth Rock
|switch|p1a: Pecharunt|Pecharunt|100/100
|
|upkeep
|turn|18
|
|t:|1779658856
|switch|p1a: Zamazenta|Zamazenta|84/100
|move|p2a: Darkrai|Dark Pulse|p1a: Zamazenta
|-resisted|p1a: Zamazenta
|-damage|p1a: Zamazenta|60/100
|-damage|p2a: Darkrai|58/100|[from] item: Life Orb
|
|upkeep
|turn|19
|
|t:|1779658865
|-terastallize|p2a: Darkrai|Poison
|move|p1a: Zamazenta|Close Combat|p2a: Darkrai
|-resisted|p2a: Darkrai
|-damage|p2a: Darkrai|40/100
|-unboost|p1a: Zamazenta|def|1
|-unboost|p1a: Zamazenta|spd|1
|move|p2a: Darkrai|Sludge Bomb|p1a: Zamazenta
|-damage|p1a: Zamazenta|0 fnt
|faint|p1a: Zamazenta
|-damage|p2a: Darkrai|30/100|[from] item: Life Orb
|
|upkeep
|
|t:|1779658869
|switch|p1a: Gholdengo|Gholdengo|94/100
|-damage|p1a: Gholdengo|88/100|[from] Stealth Rock
|turn|20
|
|t:|1779658883
|move|p2a: Darkrai|Dark Pulse|p1a: Gholdengo
|-supereffective|p1a: Gholdengo
|-damage|p1a: Gholdengo|0 fnt
|faint|p1a: Gholdengo
|-damage|p2a: Darkrai|20/100|[from] item: Life Orb
|
|upkeep
|
|t:|1779658886
|switch|p1a: Skarmory|Skarmory, M|1/100
|turn|21
|
|t:|1779658898
|move|p2a: Darkrai|Ice Beam|p1a: Skarmory
|-damage|p1a: Skarmory|0 fnt
|faint|p1a: Skarmory
|-damage|p2a: Darkrai|10/100|[from] item: Life Orb
|
|upkeep
|
|t:|1779658901
|switch|p1a: Gliscor|Gliscor, F|31/100 tox
|-damage|p1a: Gliscor|18/100 tox|[from] Stealth Rock
|turn|22
|
|t:|1779658915
|move|p2a: Darkrai|Ice Beam|p1a: Gliscor
|-supereffective|p1a: Gliscor
|-damage|p1a: Gliscor|0 fnt
|faint|p1a: Gliscor
|-damage|p2a: Darkrai|0 fnt|[from] item: Life Orb
|faint|p2a: Darkrai
|
|-sideend|p2: blacksoulshater67|Reflect
|upkeep
|
|t:|1779658938
|switch|p2a: Kyurem|Kyurem|100/100
|switch|p1a: Pecharunt|Pecharunt|100/100
|-damage|p2a: Kyurem|76/100|[from] Stealth Rock
|-ability|p2a: Kyurem|Pressure
|turn|23
|
|t:|1779658942
|move|p2a: Kyurem|Earth Power|p1a: Pecharunt
|-supereffective|p1a: Pecharunt
|-damage|p1a: Pecharunt|31/100
|-unboost|p1a: Pecharunt|spd|1
|move|p1a: Pecharunt|Parting Shot|p2a: Kyurem
|-unboost|p2a: Kyurem|atk|1
|-unboost|p2a: Kyurem|spa|1
|
|-sideend|p2: blacksoulshater67|move: Light Screen
|upkeep
|turn|24
|
|t:|1779658947
|move|p2a: Kyurem|Earth Power|p1a: Pecharunt
|-supereffective|p1a: Pecharunt
|-damage|p1a: Pecharunt|0 fnt
|faint|p1a: Pecharunt
|
|win|blacksoulshater67
|raw|npctypebeat's rating: 1215 &rarr; <strong>1191</strong><br />(-24 for losing)
|raw|blacksoulshater67's rating: 1230 &rarr; <strong>1254</strong><br />(+24 for winning)
|c|☆npctypebeat|gg
