|j|☆204reptile
|j|☆Lukas21
|t:|1779558759
|gametype|singles
|player|p1|204reptile|ingo|1179
|player|p2|Lukas21|2|1187
|gen|9
|tier|[Gen 9] OU
|rated|
|rule|HP Percentage Mod: HP is shown in percentages
|rule|Endless Battle Clause: Forcing endless battles is banned
|rule|Species Clause: Limit one of each Pokémon
|rule|OHKO Clause: OHKO moves are banned
|rule|Evasion Items Clause: Evasion items are banned
|rule|Evasion Moves Clause: Evasion moves are banned
|rule|Evasion Abilities Clause: Evasion abilities are banned
|rule|Sleep Moves Clause: Sleep-inducing moves are banned
|clearpoke
|poke|p1|Darkrai|
|poke|p1|Garchomp, M|
|poke|p1|Alomomola, F|
|poke|p1|Corviknight, F|
|poke|p1|Weezing-Galar, M|
|poke|p1|Ogerpon, F|
|poke|p2|Scyther, M|
|poke|p2|Incineroar, F|
|poke|p2|Eelektross, M|
|poke|p2|Glimmora, M|
|poke|p2|Copperajah, M|
|poke|p2|Hydrapple, F|
|teampreview
|
|t:|1779558773
|teamsize|p1|6
|teamsize|p2|6
|start
|switch|p1a: chicken wing|Garchomp, M|100/100
|switch|p2a: Eelektross|Eelektross, M|100/100
|turn|1
|
|t:|1779558781
|move|p1a: chicken wing|Stealth Rock|p2a: Eelektross
|-sidestart|p2: Lukas21|move: Stealth Rock
|move|p2a: Eelektross|Giga Drain|p1a: chicken wing
|-damage|p1a: chicken wing|78/100
|
|upkeep
|turn|2
|
|t:|1779558789
|move|p1a: chicken wing|Spikes|p2a: Eelektross
|-sidestart|p2: Lukas21|Spikes
|move|p2a: Eelektross|Flash Cannon|p1a: chicken wing
|-damage|p1a: chicken wing|54/100
|
|upkeep
|turn|3
|
|t:|1779558815
|switch|p1a: salmon|Alomomola, F|100/100
|move|p2a: Eelektross|Flash Cannon|p1a: salmon
|-resisted|p1a: salmon
|-damage|p1a: salmon|94/100
|
|upkeep
|turn|4
|
|t:|1779558839
|switch|p1a: chicken wing|Garchomp, M|54/100
|move|p2a: Eelektross|Discharge|p1a: chicken wing
|-immune|p1a: chicken wing
|
|upkeep
|turn|5
|
|t:|1779558847
|move|p2a: Eelektross|Flash Cannon|p1a: chicken wing
|-damage|p1a: chicken wing|31/100
|move|p1a: chicken wing|Dragon Tail|p2a: Eelektross
|-damage|p2a: Eelektross|75/100
|drag|p2a: Hydrapple|Hydrapple, F|100/100
|-damage|p2a: Hydrapple|88/100|[from] Stealth Rock
|-damage|p2a: Hydrapple|76/100|[from] Spikes
|
|upkeep
|turn|6
|
|t:|1779558859
|switch|p1a: salmon|Alomomola, F|100/100
|-terastallize|p2a: Hydrapple|Ground
|move|p2a: Hydrapple|Fickle Beam|p1a: salmon|[anim] Fickle Beam All Out
|-activate|p2a: Hydrapple|move: Fickle Beam
|-damage|p1a: salmon|55/100
|-damage|p2a: Hydrapple|66/100|[from] item: Life Orb
|
|upkeep
|turn|7
|
|t:|1779558875
|move|p2a: Hydrapple|Giga Drain|p1a: salmon
|-supereffective|p1a: salmon
|-damage|p1a: salmon|10/100
|-heal|p2a: Hydrapple|99/100|[from] drain|[of] p1a: salmon
|-damage|p2a: Hydrapple|90/100|[from] item: Life Orb
|move|p1a: salmon|Mirror Coat|p2a: Hydrapple
|-damage|p2a: Hydrapple|0 fnt
|faint|p2a: Hydrapple
|
|upkeep
|
|t:|1779558898
|switch|p2a: Glimmora|Glimmora, M|100/100
|-damage|p2a: Glimmora|88/100|[from] Stealth Rock
|-item|p2a: Glimmora|Air Balloon
|turn|8
|
|t:|1779558917
|switch|p1a: dream eater|Darkrai|100/100
|move|p2a: Glimmora|Mortal Spin|p1a: dream eater
|-damage|p1a: dream eater|92/100
|-status|p1a: dream eater|psn
|-sideend|p2: Lukas21|Spikes|[from] move: Mortal Spin|[of] p2a: Glimmora
|-sideend|p2: Lukas21|Stealth Rock|[from] move: Mortal Spin|[of] p2a: Glimmora
|
|-damage|p1a: dream eater|80/100 psn|[from] psn
|upkeep
|turn|9
|
|t:|1779558931
|move|p1a: dream eater|Dark Pulse|p2a: Glimmora
|-damage|p2a: Glimmora|28/100
|-enditem|p2a: Glimmora|Air Balloon
|move|p2a: Glimmora|Sludge Wave|p1a: dream eater
|-damage|p1a: dream eater|20/100 psn
|
|-damage|p1a: dream eater|7/100 psn|[from] psn
|upkeep
|turn|10
|
|t:|1779558945
|move|p1a: dream eater|Dark Pulse|p2a: Glimmora
|-damage|p2a: Glimmora|0 fnt
|faint|p2a: Glimmora
|
|-damage|p1a: dream eater|0 fnt|[from] psn
|faint|p1a: dream eater
|upkeep
|
|t:|1779558969
|switch|p1a: teddy bear|Corviknight, F|100/100
|switch|p2a: Scyther|Scyther, M|100/100
|-ability|p1a: teddy bear|Pressure
|turn|11
|
|t:|1779558977
|move|p2a: Scyther|U-turn|p1a: teddy bear
|-resisted|p1a: teddy bear
|-damage|p1a: teddy bear|95/100
|
|t:|1779558982
|switch|p2a: Eelektross|Eelektross, M|75/100|[from] U-turn
|move|p1a: teddy bear|Brave Bird|p2a: Eelektross
|-resisted|p2a: Eelektross
|-damage|p2a: Eelektross|58/100
|-damage|p1a: teddy bear|91/100|[from] Recoil
|
|-heal|p1a: teddy bear|97/100|[from] item: Leftovers
|upkeep
|turn|12
|
|t:|1779558995
|move|p1a: teddy bear|U-turn|p2a: Eelektross
|-damage|p2a: Eelektross|45/100
|
|t:|1779559006
|switch|p1a: chicken wing|Garchomp, M|31/100|[from] U-turn
|move|p2a: Eelektross|Flamethrower|p1a: chicken wing
|-resisted|p1a: chicken wing
|-damage|p1a: chicken wing|18/100
|
|upkeep
|turn|13
|
|t:|1779559017
|move|p1a: chicken wing|Stealth Rock|p2a: Eelektross
|-sidestart|p2: Lukas21|move: Stealth Rock
|move|p2a: Eelektross|Giga Drain|p1a: chicken wing
|-damage|p1a: chicken wing|0 fnt
|-heal|p2a: Eelektross|57/100|[from] drain|[of] p1a: chicken wing
|faint|p1a: chicken wing
|
|upkeep
|
|t:|1779559033
|switch|p1a: fried|Weezing-Galar, M|100/100
|-ability|p1a: fried|Neutralizing Gas
|turn|14
|
|t:|1779559040
|move|p1a: fried|Will-O-Wisp|p2a: Eelektross
|-status|p2a: Eelektross|brn
|move|p2a: Eelektross|Flash Cannon|p1a: fried
|-supereffective|p1a: fried
|-damage|p1a: fried|40/100
|
|-heal|p1a: fried|46/100|[from] item: Leftovers
|-damage|p2a: Eelektross|51/100 brn|[from] brn
|upkeep
|turn|15
|
|t:|1779559051
|move|p1a: fried|Pain Split|p2a: Eelektross
|-sethp|p2a: Eelektross|50/100 brn|[from] move: Pain Split|[silent]
|-sethp|p1a: fried|47/100|[from] move: Pain Split
|move|p2a: Eelektross|Discharge|p1a: fried
|-damage|p1a: fried|0 fnt
|faint|p1a: fried
|-end|p1a: fried|ability: Neutralizing Gas
|
|-damage|p2a: Eelektross|44/100 brn|[from] brn
|upkeep
|
|t:|1779559072
|switch|p1a: i|Ogerpon, F|100/100
|turn|16
|
|t:|1779559077
|switch|p2a: Incineroar|Incineroar, F|100/100
|-ability|p2a: Incineroar|Intimidate|boost
|-unboost|p1a: i|atk|1
|-ability|p1a: i|Defiant|boost
|-boost|p1a: i|atk|2
|move|p1a: i|Swords Dance|p1a: i
|-boost|p1a: i|atk|2
|
|upkeep
|turn|17
|
|t:|1779559096
|switch|p1a: salmon|Alomomola, F|44/100
|move|p2a: Incineroar|Fake Out|p1a: salmon
|-damage|p1a: salmon|34/100
|
|upkeep
|turn|18
|
|t:|1779559109
|move|p2a: Incineroar|Darkest Lariat|p1a: salmon
|-damage|p1a: salmon|2/100
|move|p1a: salmon|Flip Turn|p2a: Incineroar
|-supereffective|p2a: Incineroar
|-damage|p2a: Incineroar|72/100
|
|t:|1779559119
|switch|p1a: teddy bear|Corviknight, F|97/100|[from] Flip Turn
|-ability|p1a: teddy bear|Pressure
|
|-heal|p1a: teddy bear|100/100|[from] item: Leftovers
|upkeep
|turn|19
|
|t:|1779559146
|move|p2a: Incineroar|Flare Blitz|p1a: teddy bear
|-supereffective|p1a: teddy bear
|-damage|p1a: teddy bear|6/100
|-damage|p2a: Incineroar|37/100|[from] Recoil
|move|p1a: teddy bear|Brave Bird|p2a: Incineroar
|-damage|p2a: Incineroar|2/100
|-damage|p1a: teddy bear|0 fnt|[from] Recoil
|faint|p1a: teddy bear
|
|upkeep
|
|t:|1779559170
|switch|p1a: i|Ogerpon, F|100/100
|turn|20
|
|t:|1779559181
|move|p1a: i|Knock Off|p2a: Incineroar
|-resisted|p2a: Incineroar
|-damage|p2a: Incineroar|0 fnt
|-enditem|p2a: Incineroar|Heavy-Duty Boots|[from] move: Knock Off|[of] p1a: i
|faint|p2a: Incineroar
|
|upkeep
|
|t:|1779559187
|switch|p2a: Scyther|Scyther, M|100/100
|-damage|p2a: Scyther|51/100|[from] Stealth Rock
|turn|21
|
|t:|1779559204
|move|p1a: i|Knock Off|p2a: Scyther
|-crit|p2a: Scyther
|-damage|p2a: Scyther|12/100
|-enditem|p2a: Scyther|Eviolite|[from] move: Knock Off|[of] p1a: i
|move|p2a: Scyther|Swords Dance|p2a: Scyther
|-boost|p2a: Scyther|atk|2
|
|upkeep
|turn|22
|
|t:|1779559212
|move|p2a: Scyther|Quick Attack|p1a: i
|-damage|p1a: i|61/100
|move|p1a: i|Knock Off|p2a: Scyther
|-damage|p2a: Scyther|0 fnt
|faint|p2a: Scyther
|
|upkeep
|
|t:|1779559219
|switch|p2a: Copperajah|Copperajah, M|100/100
|-damage|p2a: Copperajah|94/100|[from] Stealth Rock
|turn|23
|
|t:|1779559246
|move|p1a: i|Knock Off|p2a: Copperajah
|-damage|p2a: Copperajah|70/100
|-enditem|p2a: Copperajah|Leftovers|[from] move: Knock Off|[of] p1a: i
|move|p2a: Copperajah|Iron Head|p1a: i
|-damage|p1a: i|0 fnt
|faint|p1a: i
|
|upkeep
|
|t:|1779559254
|switch|p1a: salmon|Alomomola, F|35/100
|turn|24
|
|t:|1779559262
|move|p1a: salmon|Body Slam|p2a: Copperajah
|-resisted|p2a: Copperajah
|-damage|p2a: Copperajah|64/100
|-status|p2a: Copperajah|par
|move|p2a: Copperajah|Play Rough|p1a: salmon
|-damage|p1a: salmon|6/100
|
|upkeep
|turn|25
|
|t:|1779559271
|move|p1a: salmon|Aqua Jet|p2a: Copperajah
|-damage|p2a: Copperajah|55/100 par
|move|p2a: Copperajah|Play Rough|p1a: salmon
|-damage|p1a: salmon|0 fnt
|faint|p1a: salmon
|
|win|Lukas21
|raw|204reptile's rating: 1179 &rarr; <strong>1155</strong><br />(-24 for losing)
|raw|Lukas21's rating: 1187 &rarr; <strong>1211</strong><br />(+24 for winning)
|l|☆204reptile
|player|p1|
|l|☆Lukas21
|player|p2|
