|j|☆Noiir273
|j|☆AbSolitaire
|t:|1779698792
|gametype|singles
|player|p1|Noiir273|rosa|1248
|player|p2|AbSolitaire|policeman-gen4|1332
|gen|9
|tier|[Gen 9] OU
|rated|
|rule|HP Percentage Mod: HP is shown in percentages
|rule|Endless Battle Clause: Forcing endless battles is banned
|rule|Species Clause: Limit one of each Pokémon
|rule|OHKO Clause: OHKO moves are banned
|rule|Evasion Items Clause: Evasion items are banned
|rule|Evasion Moves Clause: Evasion moves are banned
|rule|Evasion Abilities Clause: Evasion abilities are banned
|rule|Sleep Moves Clause: Sleep-inducing moves are banned
|clearpoke
|poke|p1|Glimmora, F|
|poke|p1|Kingambit, M|
|poke|p1|Iron Valiant|
|poke|p1|Dragapult, M|
|poke|p1|Gholdengo|
|poke|p1|Great Tusk|
|poke|p2|Kyurem|
|poke|p2|Cobalion|
|poke|p2|Leavanny, F|
|poke|p2|Primarina, M|
|poke|p2|Chandelure, M|
|poke|p2|Komala, M|
|teampreview
|inactive|Battle timer is ON: inactive players will automatically lose when time's up. (requested by AbSolitaire)
|inactive|Noiir273 also wants the timer to be on.
|
|t:|1779698800
|teamsize|p1|6
|teamsize|p2|6
|start
|switch|p1a: Glimmora|Glimmora, F, shiny|100/100
|switch|p2a: Leavanny|Leavanny, F|100/100
|turn|1
|
|t:|1779698815
|move|p2a: Leavanny|Sticky Web|p1a: Glimmora
|-sidestart|p1: Noiir273|move: Sticky Web
|move|p1a: Glimmora|Spikes|p2a: Leavanny
|-sidestart|p2: AbSolitaire|Spikes
|
|upkeep
|turn|2
|
|t:|1779698831
|switch|p2a: Komala|Komala, M|100/100
|-ability|p2a: Komala|Comatose
|move|p1a: Glimmora|Stealth Rock|p2a: Komala
|-sidestart|p2: AbSolitaire|move: Stealth Rock
|
|upkeep
|turn|3
|
|t:|1779698840
|move|p1a: Glimmora|Spikes|p2a: Komala
|-sidestart|p2: AbSolitaire|Spikes
|move|p2a: Komala|Rapid Spin|p1a: Glimmora
|-resisted|p1a: Glimmora
|-damage|p1a: Glimmora|85/100
|-boost|p2a: Komala|spe|1
|-activate|p1a: Glimmora|ability: Toxic Debris
|-sidestart|p2: AbSolitaire|move: Toxic Spikes
|-sideend|p2: AbSolitaire|Spikes|[from] move: Rapid Spin|[of] p2a: Komala
|-sideend|p2: AbSolitaire|Toxic Spikes|[from] move: Rapid Spin|[of] p2a: Komala
|-sideend|p2: AbSolitaire|Stealth Rock|[from] move: Rapid Spin|[of] p2a: Komala
|
|upkeep
|turn|4
|
|t:|1779698856
|move|p2a: Komala|Earthquake|p1a: Glimmora
|-supereffective|p1a: Glimmora
|-damage|p1a: Glimmora|0 fnt
|-activate|p1a: Glimmora|ability: Toxic Debris
|-sidestart|p2: AbSolitaire|move: Toxic Spikes
|faint|p1a: Glimmora
|
|upkeep
|
|t:|1779698866
|switch|p1a: Dragapult|Dragapult, M|100/100
|-activate|p1a: Dragapult|move: Sticky Web
|-unboost|p1a: Dragapult|spe|1
|turn|5
|
|t:|1779698874
|move|p2a: Komala|Knock Off|p1a: Dragapult
|-supereffective|p1a: Dragapult
|-damage|p1a: Dragapult|12/100
|-enditem|p1a: Dragapult|Choice Specs|[from] move: Knock Off|[of] p2a: Komala
|move|p1a: Dragapult|Draco Meteor|p2a: Komala
|-damage|p2a: Komala|38/100
|-unboost|p1a: Dragapult|spa|2
|
|upkeep
|turn|6
|
|t:|1779698882
|switch|p1a: Great Tusk|Great Tusk|100/100
|-activate|p1a: Great Tusk|move: Sticky Web
|-unboost|p1a: Great Tusk|spe|1
|move|p2a: Komala|Ice Spinner|p1a: Great Tusk
|-supereffective|p1a: Great Tusk
|-damage|p1a: Great Tusk|56/100
|
|-heal|p1a: Great Tusk|63/100|[from] item: Leftovers
|upkeep
|turn|7
|
|t:|1779698892
|move|p2a: Komala|Rapid Spin|p1a: Great Tusk
|-damage|p1a: Great Tusk|44/100
|-boost|p2a: Komala|spe|1
|-sideend|p2: AbSolitaire|Toxic Spikes|[from] move: Rapid Spin|[of] p2a: Komala
|move|p1a: Great Tusk|Close Combat|p2a: Komala
|-supereffective|p2a: Komala
|-damage|p2a: Komala|0 fnt
|-unboost|p1a: Great Tusk|def|1
|-unboost|p1a: Great Tusk|spd|1
|faint|p2a: Komala
|
|-heal|p1a: Great Tusk|50/100|[from] item: Leftovers
|upkeep
|
|t:|1779698912
|switch|p2a: Chandelure|Chandelure, M|100/100
|turn|8
|
|t:|1779698916
|move|p2a: Chandelure|Psychic|p1a: Great Tusk
|-supereffective|p1a: Great Tusk
|-damage|p1a: Great Tusk|0 fnt
|faint|p1a: Great Tusk
|-end|p1a: Great Tusk|Protosynthesis|[silent]
|
|upkeep
|
|t:|1779698925
|switch|p1a: Gholdengo|Gholdengo|100/100
|-item|p1a: Gholdengo|Air Balloon
|turn|9
|
|t:|1779698947
|switch|p2a: Primarina|Primarina, M|100/100
|move|p1a: Gholdengo|Shadow Ball|p2a: Primarina
|-damage|p2a: Primarina|78/100
|-unboost|p2a: Primarina|spd|1
|
|upkeep
|turn|10
|inactive|Noiir273 has 120 seconds left.
|
|t:|1779698982
|move|p1a: Gholdengo|Make It Rain|p2a: Primarina
|-damage|p2a: Primarina|28/100
|-unboost|p1a: Gholdengo|spa|1
|move|p2a: Primarina|Surf|p1a: Gholdengo
|-damage|p1a: Gholdengo|5/100
|-enditem|p1a: Gholdengo|Air Balloon
|
|upkeep
|turn|11
|
|t:|1779698992
|move|p1a: Gholdengo|Shadow Ball|p2a: Primarina
|-damage|p2a: Primarina|6/100
|move|p2a: Primarina|Surf|p1a: Gholdengo
|-damage|p1a: Gholdengo|0 fnt
|faint|p1a: Gholdengo
|
|upkeep
|
|t:|1779698999
|switch|p1a: Dragapult|Dragapult, M|12/100
|-activate|p1a: Dragapult|move: Sticky Web
|-unboost|p1a: Dragapult|spe|1
|turn|12
|
|t:|1779699004
|move|p1a: Dragapult|Shadow Ball|p2a: Primarina
|-damage|p2a: Primarina|0 fnt
|faint|p2a: Primarina
|
|upkeep
|
|t:|1779699010
|switch|p2a: Chandelure|Chandelure, M|100/100
|turn|13
|
|t:|1779699015
|move|p2a: Chandelure|Shadow Ball|p1a: Dragapult
|-supereffective|p1a: Dragapult
|-damage|p1a: Dragapult|0 fnt
|faint|p1a: Dragapult
|
|upkeep
|
|t:|1779699021
|switch|p1a: Iron Valiant|Iron Valiant, shiny|100/100
|-activate|p1a: Iron Valiant|move: Sticky Web
|-unboost|p1a: Iron Valiant|spe|1
|-enditem|p1a: Iron Valiant|Booster Energy
|-activate|p1a: Iron Valiant|ability: Quark Drive|[fromitem]
|-start|p1a: Iron Valiant|quarkdrivespa
|turn|14
|
|t:|1779699033
|switch|p2a: Leavanny|Leavanny, F|100/100
|move|p1a: Iron Valiant|Knock Off|p2a: Leavanny
|-damage|p2a: Leavanny|63/100
|-enditem|p2a: Leavanny|Focus Sash|[from] move: Knock Off|[of] p1a: Iron Valiant
|
|upkeep
|turn|15
|
|t:|1779699044
|move|p2a: Leavanny|Lunge|p1a: Iron Valiant
|-resisted|p1a: Iron Valiant
|-damage|p1a: Iron Valiant|89/100
|-unboost|p1a: Iron Valiant|atk|1
|move|p1a: Iron Valiant|Moonblast|p2a: Leavanny
|-damage|p2a: Leavanny|0 fnt
|faint|p2a: Leavanny
|
|upkeep
|
|t:|1779699056
|switch|p2a: Chandelure|Chandelure, M|100/100
|turn|16
|
|t:|1779699062
|move|p2a: Chandelure|Psychic|p1a: Iron Valiant
|-supereffective|p1a: Iron Valiant
|-damage|p1a: Iron Valiant|0 fnt
|faint|p1a: Iron Valiant
|-end|p1a: Iron Valiant|Quark Drive|[silent]
|
|upkeep
|
|t:|1779699067
|switch|p1a: Kingambit|Kingambit, M|100/100
|-activate|p1a: Kingambit|move: Sticky Web
|-unboost|p1a: Kingambit|spe|1
|-activate|p1a: Kingambit|ability: Supreme Overlord
|-start|p1a: Kingambit|fallen5|[silent]
|turn|17
|
|t:|1779699074
|switch|p2a: Cobalion|Cobalion, shiny|100/100
|move|p1a: Kingambit|Kowtow Cleave|p2a: Cobalion
|-resisted|p2a: Cobalion
|-damage|p2a: Cobalion|76/100
|-ability|p2a: Cobalion|Justified|boost
|-boost|p2a: Cobalion|atk|1
|
|-heal|p2a: Cobalion|82/100|[from] item: Leftovers
|upkeep
|turn|18
|
|t:|1779699085
|move|p2a: Cobalion|Body Press|p1a: Kingambit
|-supereffective|p1a: Kingambit
|-damage|p1a: Kingambit|0 fnt
|faint|p1a: Kingambit
|-end|p1a: Kingambit|fallen5|[silent]
|
|win|AbSolitaire
|raw|Noiir273's rating: 1248 &rarr; <strong>1229</strong><br />(-19 for losing)
|raw|AbSolitaire's rating: 1332 &rarr; <strong>1347</strong><br />(+15 for winning)
|l|☆AbSolitaire
|player|p2|
|l|☆Noiir273
|player|p1|
