|j|☆imaginethat_17
|j|☆PowPowP0WER
|t:|1779698448
|gametype|singles
|player|p1|imaginethat_17|birdkeeper|1434
|player|p2|PowPowP0WER|pokemonbreederf-gen4|1464
|gen|9
|tier|[Gen 9] OU
|rated|
|rule|HP Percentage Mod: HP is shown in percentages
|rule|Endless Battle Clause: Forcing endless battles is banned
|rule|Species Clause: Limit one of each Pokémon
|rule|OHKO Clause: OHKO moves are banned
|rule|Evasion Items Clause: Evasion items are banned
|rule|Evasion Moves Clause: Evasion moves are banned
|rule|Evasion Abilities Clause: Evasion abilities are banned
|rule|Sleep Moves Clause: Sleep-inducing moves are banned
|clearpoke
|poke|p1|Ogerpon-Cornerstone, F|
|poke|p1|Dragonite, M|
|poke|p1|Weavile, F|
|poke|p1|Iron Moth|
|poke|p1|Yanmega, F|
|poke|p1|Greninja-*, M|
|poke|p2|Rillaboom, M|
|poke|p2|Incineroar, F|
|poke|p2|Hawlucha, F|
|poke|p2|Iron Hands|
|poke|p2|Hoopa-Unbound|
|poke|p2|Quaquaval, M|
|teampreview
|
|t:|1779698468
|teamsize|p1|6
|teamsize|p2|6
|start
|switch|p1a: Yanmega|Yanmega, F|100/100
|switch|p2a: Incineroar|Incineroar, F|100/100
|-ability|p2a: Incineroar|Intimidate|boost
|-unboost|p1a: Yanmega|atk|1
|turn|1
|
|t:|1779698474
|move|p1a: Yanmega|Protect|p1a: Yanmega
|-singleturn|p1a: Yanmega|Protect
|move|p2a: Incineroar|Flare Blitz|p1a: Yanmega
|-activate|p1a: Yanmega|move: Protect
|
|-ability|p1a: Yanmega|Speed Boost|boost
|-boost|p1a: Yanmega|spe|1
|upkeep
|turn|2
|
|t:|1779698483
|move|p1a: Yanmega|Bug Buzz|p2a: Incineroar
|-crit|p2a: Incineroar
|-damage|p2a: Incineroar|34/100
|-enditem|p1a: Yanmega|Throat Spray
|-boost|p1a: Yanmega|spa|1|[from] item: Throat Spray
|move|p2a: Incineroar|Parting Shot|p1a: Yanmega
|-unboost|p1a: Yanmega|atk|1
|-unboost|p1a: Yanmega|spa|1
|
|t:|1779698491
|switch|p2a: Iron Hands|Iron Hands|100/100|[from] Parting Shot
|-enditem|p2a: Iron Hands|Booster Energy
|-activate|p2a: Iron Hands|ability: Quark Drive|[fromitem]
|-start|p2a: Iron Hands|quarkdriveatk
|
|-ability|p1a: Yanmega|Speed Boost|boost
|-boost|p1a: Yanmega|spe|1
|upkeep
|turn|3
|
|t:|1779698499
|-terastallize|p1a: Yanmega|Ground
|move|p1a: Yanmega|Air Slash|p2a: Iron Hands
|-damage|p2a: Iron Hands|70/100
|move|p2a: Iron Hands|Ice Punch|p1a: Yanmega
|-supereffective|p1a: Yanmega
|-damage|p1a: Yanmega|13/100
|
|-ability|p1a: Yanmega|Speed Boost|boost
|-boost|p1a: Yanmega|spe|1
|upkeep
|turn|4
|
|t:|1779698509
|move|p1a: Yanmega|Air Slash|p2a: Iron Hands
|-damage|p2a: Iron Hands|38/100
|cant|p2a: Iron Hands|flinch
|
|-ability|p1a: Yanmega|Speed Boost|boost
|-boost|p1a: Yanmega|spe|1
|upkeep
|turn|5
|
|t:|1779698514
|move|p1a: Yanmega|Air Slash|p2a: Iron Hands
|-damage|p2a: Iron Hands|7/100
|cant|p2a: Iron Hands|flinch
|
|-ability|p1a: Yanmega|Speed Boost|boost
|-boost|p1a: Yanmega|spe|1
|upkeep
|turn|6
|
|t:|1779698522
|move|p1a: Yanmega|Giga Drain|p2a: Iron Hands
|-damage|p2a: Iron Hands|0 fnt
|-heal|p1a: Yanmega|18/100|[from] drain|[of] p2a: Iron Hands
|faint|p2a: Iron Hands
|-end|p2a: Iron Hands|Quark Drive|[silent]
|
|-ability|p1a: Yanmega|Speed Boost|boost
|-boost|p1a: Yanmega|spe|1
|upkeep
|
|t:|1779698525
|switch|p2a: Rillaboom|Rillaboom, M|100/100
|-fieldstart|move: Grassy Terrain|[from] ability: Grassy Surge|[of] p2a: Rillaboom
|turn|7
|
|t:|1779698531
|move|p2a: Rillaboom|Grassy Glide|p1a: Yanmega
|-supereffective|p1a: Yanmega
|-damage|p1a: Yanmega|0 fnt
|faint|p1a: Yanmega
|
|upkeep
|
|t:|1779698539
|switch|p1a: Weavile|Weavile, F|100/100
|-ability|p1a: Weavile|Pressure
|turn|8
|
|t:|1779698543
|switch|p2a: Incineroar|Incineroar, F|34/100
|-ability|p2a: Incineroar|Intimidate|boost
|-unboost|p1a: Weavile|atk|1
|move|p1a: Weavile|Swords Dance|p1a: Weavile
|-boost|p1a: Weavile|atk|2
|
|-heal|p2a: Incineroar|40/100|[from] Grassy Terrain
|-heal|p2a: Incineroar|46/100|[from] item: Leftovers
|upkeep
|turn|9
|
|t:|1779698554
|move|p1a: Weavile|Icicle Crash|p2a: Incineroar
|-resisted|p2a: Incineroar
|-damage|p2a: Incineroar|25/100
|move|p2a: Incineroar|Will-O-Wisp|p1a: Weavile|[miss]
|-miss|p2a: Incineroar|p1a: Weavile
|
|-heal|p2a: Incineroar|31/100|[from] Grassy Terrain
|-heal|p2a: Incineroar|37/100|[from] item: Leftovers
|upkeep
|turn|10
|
|t:|1779698562
|move|p1a: Weavile|Knock Off|p2a: Incineroar
|-resisted|p2a: Incineroar
|-damage|p2a: Incineroar|14/100
|-enditem|p2a: Incineroar|Leftovers|[from] move: Knock Off|[of] p1a: Weavile
|move|p2a: Incineroar|Will-O-Wisp|p1a: Weavile
|-status|p1a: Weavile|brn
|
|-heal|p2a: Incineroar|21/100|[from] Grassy Terrain
|-damage|p1a: Weavile|94/100 brn|[from] brn
|upkeep
|turn|11
|
|t:|1779698572
|move|p1a: Weavile|Swords Dance|p1a: Weavile
|-boost|p1a: Weavile|atk|2
|move|p2a: Incineroar|Parting Shot|p1a: Weavile
|-unboost|p1a: Weavile|atk|1
|-unboost|p1a: Weavile|spa|1
|
|t:|1779698575
|switch|p2a: Quaquaval|Quaquaval, M|100/100|[from] Parting Shot
|
|-heal|p1a: Weavile|100/100 brn|[from] Grassy Terrain
|-damage|p1a: Weavile|94/100 brn|[from] brn
|-fieldend|move: Grassy Terrain
|upkeep
|turn|12
|
|t:|1779698584
|move|p1a: Weavile|Knock Off|p2a: Quaquaval
|-resisted|p2a: Quaquaval
|-damage|p2a: Quaquaval|70/100
|-enditem|p2a: Quaquaval|Heavy-Duty Boots|[from] move: Knock Off|[of] p1a: Weavile
|move|p2a: Quaquaval|Aqua Step|p1a: Weavile
|-damage|p1a: Weavile|30/100 brn
|-boost|p2a: Quaquaval|spe|1
|
|-damage|p1a: Weavile|24/100 brn|[from] brn
|upkeep
|turn|13
|
|t:|1779698592
|move|p1a: Weavile|Ice Shard|p2a: Quaquaval
|-resisted|p2a: Quaquaval
|-damage|p2a: Quaquaval|57/100
|move|p2a: Quaquaval|Aqua Step|p1a: Weavile
|-damage|p1a: Weavile|0 fnt
|-boost|p2a: Quaquaval|spe|1
|faint|p1a: Weavile
|-ability|p2a: Quaquaval|Moxie|boost
|-boost|p2a: Quaquaval|atk|1
|
|upkeep
|
|t:|1779698601
|switch|p1a: Dragonite|Dragonite, M|100/100
|turn|14
|
|t:|1779698604
|move|p2a: Quaquaval|Triple Axel|p1a: Dragonite
|-supereffective|p1a: Dragonite
|-damage|p1a: Dragonite|78/100
|-supereffective|p1a: Dragonite
|-damage|p1a: Dragonite|0 fnt
|faint|p1a: Dragonite
|-ability|p2a: Quaquaval|Moxie|boost
|-boost|p2a: Quaquaval|atk|1
|-hitcount|p1: Dragonite|2
|
|upkeep
|
|t:|1779698611
|switch|p1a: Ogerpon|Ogerpon-Cornerstone, F|100/100
|turn|15
|
|t:|1779698618
|move|p2a: Quaquaval|Triple Axel|p1a: Ogerpon
|-supereffective|p1a: Ogerpon
|-damage|p1a: Ogerpon|68/100
|-supereffective|p1a: Ogerpon
|-damage|p1a: Ogerpon|0 fnt
|faint|p1a: Ogerpon
|-ability|p2a: Quaquaval|Moxie|boost
|-boost|p2a: Quaquaval|atk|1
|-hitcount|p1: Ogerpon|2
|
|upkeep
|-message|imaginethat_17 forfeited.
|
|win|PowPowP0WER
|raw|imaginethat_17's rating: 1434 &rarr; <strong>1416</strong><br />(-18 for losing)
|raw|PowPowP0WER's rating: 1464 &rarr; <strong>1482</strong><br />(+18 for winning)
|l|☆imaginethat_17
|player|p1|
|l|☆PowPowP0WER
|player|p2|
