|j|☆AnonymousJon
|j|☆temporarylight
|t:|1779663749
|gametype|singles
|player|p1|AnonymousJon|workerice|1658
|player|p2|temporarylight|266|1694
|gen|9
|tier|[Gen 9] OU
|rated|
|rule|HP Percentage Mod: HP is shown in percentages
|rule|Endless Battle Clause: Forcing endless battles is banned
|rule|Species Clause: Limit one of each Pokémon
|rule|OHKO Clause: OHKO moves are banned
|rule|Evasion Items Clause: Evasion items are banned
|rule|Evasion Moves Clause: Evasion moves are banned
|rule|Evasion Abilities Clause: Evasion abilities are banned
|rule|Sleep Moves Clause: Sleep-inducing moves are banned
|clearpoke
|poke|p1|Great Tusk|
|poke|p1|Ogerpon-Cornerstone, F|
|poke|p1|Rillaboom, F|
|poke|p1|Tyranitar, F|
|poke|p1|Corviknight, M|
|poke|p1|Dragapult, M|
|poke|p2|Bellibolt, M|
|poke|p2|Slowking-Galar, F|
|poke|p2|Great Tusk|
|poke|p2|Kyurem|
|poke|p2|Mandibuzz, F|
|poke|p2|Cinderace, M|
|teampreview
|inactive|Battle timer is ON: inactive players will automatically lose when time's up. (requested by AnonymousJon)
|
|t:|1779663778
|teamsize|p1|6
|teamsize|p2|6
|start
|switch|p1a: Dragapult|Dragapult, M|100/100
|switch|p2a: Cinderace|Cinderace, M|100/100
|turn|1
|
|t:|1779663793
|switch|p2a: Mandibuzz|Mandibuzz, F|100/100
|move|p1a: Dragapult|Substitute|p1a: Dragapult
|-start|p1a: Dragapult|Substitute
|-damage|p1a: Dragapult|76/100
|
|-heal|p1a: Dragapult|82/100|[from] item: Leftovers
|upkeep
|turn|2
|
|t:|1779663797
|move|p1a: Dragapult|Will-O-Wisp|p2a: Mandibuzz
|-status|p2a: Mandibuzz|brn
|move|p2a: Mandibuzz|Foul Play|p1a: Dragapult
|-supereffective|p1a: Dragapult
|-end|p1a: Dragapult|Substitute
|
|-heal|p1a: Dragapult|88/100|[from] item: Leftovers
|-damage|p2a: Mandibuzz|94/100 brn|[from] brn
|upkeep
|turn|3
|
|t:|1779663804
|switch|p1a: Corviknight|Corviknight, M|100/100
|-ability|p1a: Corviknight|Pressure
|move|p2a: Mandibuzz|Foul Play|p1a: Corviknight
|-damage|p1a: Corviknight|92/100
|-damage|p2a: Mandibuzz|78/100 brn|[from] item: Rocky Helmet|[of] p1a: Corviknight
|
|-damage|p2a: Mandibuzz|72/100 brn|[from] brn
|upkeep
|turn|4
|
|t:|1779663808
|switch|p2a: Cinderace|Cinderace, M|100/100
|move|p1a: Corviknight|U-turn|p2a: Cinderace
|-resisted|p2a: Cinderace
|-damage|p2a: Cinderace|92/100
|
|t:|1779663820
|switch|p1a: Tyranitar|Tyranitar, F|100/100|[from] U-turn
|-weather|Sandstorm|[from] ability: Sand Stream|[of] p1a: Tyranitar
|
|-weather|Sandstorm|[upkeep]
|-damage|p2a: Cinderace|86/100|[from] Sandstorm
|upkeep
|turn|5
|
|t:|1779663828
|move|p2a: Cinderace|U-turn|p1a: Tyranitar
|-supereffective|p1a: Tyranitar
|-damage|p1a: Tyranitar|71/100
|
|t:|1779663829
|switch|p2a: Great Tusk|Great Tusk|100/100|[from] U-turn
|move|p1a: Tyranitar|Stealth Rock|p2a: Great Tusk
|-sidestart|p2: temporarylight|move: Stealth Rock
|
|-weather|Sandstorm|[upkeep]
|-heal|p1a: Tyranitar|77/100|[from] item: Leftovers
|upkeep
|turn|6
|
|t:|1779663834
|switch|p1a: Corviknight|Corviknight, M|92/100
|-ability|p1a: Corviknight|Pressure
|move|p2a: Great Tusk|Stealth Rock|p1a: Corviknight
|-sidestart|p1: AnonymousJon|move: Stealth Rock
|
|-weather|Sandstorm|[upkeep]
|upkeep
|turn|7
|
|t:|1779663842
|-end|p2a: Great Tusk|Protosynthesis|[silent]
|switch|p2a: Cinderace|Cinderace, M|86/100
|move|p1a: Corviknight|Brave Bird|p2a: Cinderace
|-damage|p2a: Cinderace|38/100
|-damage|p1a: Corviknight|78/100|[from] Recoil
|
|-weather|Sandstorm|[upkeep]
|-damage|p2a: Cinderace|32/100|[from] Sandstorm
|upkeep
|turn|8
|
|t:|1779663849
|switch|p1a: Great Tusk|Great Tusk|100/100
|-damage|p1a: Great Tusk|98/100|[from] Stealth Rock
|move|p2a: Cinderace|Pyro Ball|p1a: Great Tusk
|-crit|p1a: Great Tusk
|-damage|p1a: Great Tusk|25/100
|
|-weather|none
|upkeep
|turn|9
|
|t:|1779663857
|move|p2a: Cinderace|Pyro Ball|p1a: Great Tusk
|-damage|p1a: Great Tusk|0 fnt
|faint|p1a: Great Tusk
|-end|p1a: Great Tusk|Protosynthesis|[silent]
|
|upkeep
|
|t:|1779663863
|switch|p1a: Dragapult|Dragapult, M|88/100
|-damage|p1a: Dragapult|76/100|[from] Stealth Rock
|turn|10
|
|t:|1779663872
|switch|p1a: Ogerpon|Ogerpon-Cornerstone, F|100/100
|-damage|p1a: Ogerpon|88/100|[from] Stealth Rock
|switch|p2a: Slowking|Slowking-Galar, F|100/100
|-damage|p2a: Slowking|88/100|[from] Stealth Rock
|
|upkeep
|turn|11
|
|t:|1779663877
|move|p1a: Ogerpon|Swords Dance|p1a: Ogerpon
|-boost|p1a: Ogerpon|atk|2
|-prepare|p2a: Slowking|Chilly Reception|[premajor]
|move|p2a: Slowking|Chilly Reception|p2a: Slowking
|-weather|Snowscape
|inactive|temporarylight has 120 seconds left.
|
|t:|1779663920
|switch|p2a: Cinderace|Cinderace, M|32/100|[from] Chilly Reception
|
|-weather|Snowscape|[upkeep]
|upkeep
|turn|12
|
|t:|1779663926
|-terastallize|p1a: Ogerpon|Rock
|detailschange|p1a: Ogerpon|Ogerpon-Cornerstone-Tera, F, tera:Rock
|-ability|p1a: Ogerpon|Embody Aspect (Cornerstone)|boost
|-boost|p1a: Ogerpon|def|1
|move|p2a: Cinderace|Pyro Ball|p1a: Ogerpon|[miss]
|-miss|p2a: Cinderace|p1a: Ogerpon
|move|p1a: Ogerpon|Horn Leech|p2a: Cinderace
|-resisted|p2a: Cinderace
|-damage|p2a: Cinderace|0 fnt
|-heal|p1a: Ogerpon|100/100|[from] drain|[of] p2a: Cinderace
|faint|p2a: Cinderace
|
|-weather|Snowscape|[upkeep]
|upkeep
|inactive|temporarylight has 120 seconds left.
|
|t:|1779663941
|switch|p2a: Great Tusk|Great Tusk|100/100
|-damage|p2a: Great Tusk|98/100|[from] Stealth Rock
|turn|13
|
|t:|1779663962
|switch|p1a: Corviknight|Corviknight, M|78/100
|-damage|p1a: Corviknight|65/100|[from] Stealth Rock
|-ability|p1a: Corviknight|Pressure
|-terastallize|p2a: Great Tusk|Steel
|move|p2a: Great Tusk|Rapid Spin|p1a: Corviknight
|-resisted|p1a: Corviknight
|-damage|p1a: Corviknight|60/100
|-boost|p2a: Great Tusk|spe|1
|-damage|p2a: Great Tusk|81/100|[from] item: Rocky Helmet|[of] p1a: Corviknight
|-sideend|p2: temporarylight|Stealth Rock|[from] move: Rapid Spin|[of] p2a: Great Tusk
|
|-weather|Snowscape|[upkeep]
|upkeep
|turn|14
|
|t:|1779663974
|-end|p2a: Great Tusk|Protosynthesis|[silent]
|switch|p2a: Bellibolt|Bellibolt, M|100/100
|move|p1a: Corviknight|Body Press|p2a: Bellibolt
|-damage|p2a: Bellibolt|77/100
|-start|p2a: Bellibolt|Charge|Body Press|[from] ability: Electromorphosis
|
|-weather|Snowscape|[upkeep]
|upkeep
|turn|15
|
|t:|1779663979
|switch|p1a: Tyranitar|Tyranitar, F|77/100
|-damage|p1a: Tyranitar|65/100|[from] Stealth Rock
|-weather|Sandstorm|[from] ability: Sand Stream|[of] p1a: Tyranitar
|move|p2a: Bellibolt|Discharge|p1a: Tyranitar
|-damage|p1a: Tyranitar|42/100
|-end|p2a: Bellibolt|Charge|[silent]
|
|-weather|Sandstorm|[upkeep]
|-damage|p2a: Bellibolt|70/100|[from] Sandstorm
|-heal|p1a: Tyranitar|48/100|[from] item: Leftovers
|upkeep
|turn|16
|
|t:|1779663990
|move|p1a: Tyranitar|Stealth Rock|p2a: Bellibolt
|-sidestart|p2: temporarylight|move: Stealth Rock
|move|p2a: Bellibolt|Soak|p1a: Tyranitar
|-start|p1a: Tyranitar|typechange|Water
|
|-weather|Sandstorm|[upkeep]
|-damage|p1a: Tyranitar|42/100|[from] Sandstorm
|-damage|p2a: Bellibolt|64/100|[from] Sandstorm
|-heal|p1a: Tyranitar|48/100|[from] item: Leftovers
|upkeep
|turn|17
|
|t:|1779663995
|switch|p1a: Rillaboom|Rillaboom, F|100/100
|-damage|p1a: Rillaboom|88/100|[from] Stealth Rock
|-fieldstart|move: Grassy Terrain|[from] ability: Grassy Surge|[of] p1a: Rillaboom
|move|p2a: Bellibolt|Discharge|p1a: Rillaboom
|-resisted|p1a: Rillaboom
|-damage|p1a: Rillaboom|70/100
|
|-weather|Sandstorm|[upkeep]
|-damage|p1a: Rillaboom|64/100|[from] Sandstorm
|-damage|p2a: Bellibolt|58/100|[from] Sandstorm
|-heal|p1a: Rillaboom|70/100|[from] Grassy Terrain
|-heal|p2a: Bellibolt|64/100|[from] Grassy Terrain
|upkeep
|turn|18
|
|t:|1779664002
|switch|p2a: Mandibuzz|Mandibuzz, F|72/100 brn
|move|p1a: Rillaboom|Wood Hammer|p2a: Mandibuzz
|-resisted|p2a: Mandibuzz
|-damage|p2a: Mandibuzz|37/100 brn
|-damage|p1a: Rillaboom|56/100|[from] Recoil
|
|-weather|Sandstorm|[upkeep]
|-damage|p1a: Rillaboom|50/100|[from] Sandstorm
|-heal|p1a: Rillaboom|56/100|[from] Grassy Terrain
|-damage|p2a: Mandibuzz|31/100 brn|[from] brn
|upkeep
|turn|19
|
|t:|1779664011
|move|p1a: Rillaboom|Wood Hammer|p2a: Mandibuzz
|-resisted|p2a: Mandibuzz
|-damage|p2a: Mandibuzz|0 fnt
|faint|p2a: Mandibuzz
|-damage|p1a: Rillaboom|43/100|[from] Recoil
|
|-weather|none
|-heal|p1a: Rillaboom|49/100|[from] Grassy Terrain
|upkeep
|
|t:|1779664027
|switch|p2a: Slowking|Slowking-Galar, F|100/100
|-damage|p2a: Slowking|88/100|[from] Stealth Rock
|turn|20
|j| yuureisuisei
|
|t:|1779664031
|switch|p1a: Tyranitar|Tyranitar, F|48/100
|-damage|p1a: Tyranitar|36/100|[from] Stealth Rock
|-weather|Sandstorm|[from] ability: Sand Stream|[of] p1a: Tyranitar
|-prepare|p2a: Slowking|Chilly Reception|[premajor]
|move|p2a: Slowking|Chilly Reception|p2a: Slowking
|-weather|Snowscape
|
|t:|1779664039
|switch|p2a: Kyurem|Kyurem|100/100|[from] Chilly Reception
|-damage|p2a: Kyurem|76/100|[from] Stealth Rock
|-ability|p2a: Kyurem|Pressure
|
|-weather|Snowscape|[upkeep]
|-heal|p2a: Kyurem|82/100|[from] Grassy Terrain
|-heal|p1a: Tyranitar|42/100|[from] Grassy Terrain
|-heal|p1a: Tyranitar|48/100|[from] item: Leftovers
|upkeep
|turn|21
|
|t:|1779664062
|switch|p1a: Dragapult|Dragapult, M|76/100
|-damage|p1a: Dragapult|63/100|[from] Stealth Rock
|move|p2a: Kyurem|Blizzard|p1a: Dragapult
|-supereffective|p1a: Dragapult
|-damage|p1a: Dragapult|0 fnt
|faint|p1a: Dragapult
|
|-weather|Snowscape|[upkeep]
|-heal|p2a: Kyurem|88/100|[from] Grassy Terrain
|-fieldend|move: Grassy Terrain
|upkeep
|
|t:|1779664065
|switch|p1a: Ogerpon|Ogerpon-Cornerstone-Tera, F, tera:Rock|100/100
|-damage|p1a: Ogerpon|88/100|[from] Stealth Rock
|-ability|p1a: Ogerpon|Embody Aspect (Cornerstone)|boost
|-boost|p1a: Ogerpon|def|1
|turn|22
|
|t:|1779664081
|switch|p2a: Great Tusk|Great Tusk, tera:Steel|81/100
|-damage|p2a: Great Tusk|75/100|[from] Stealth Rock
|move|p1a: Ogerpon|Ivy Cudgel|p2a: Great Tusk|[anim] Ivy Cudgel Rock
|-resisted|p2a: Great Tusk
|-crit|p2a: Great Tusk
|-damage|p2a: Great Tusk|33/100
|
|-weather|Snowscape|[upkeep]
|upkeep
|turn|23
|
|t:|1779664086
|move|p1a: Ogerpon|Low Kick|p2a: Great Tusk
|-supereffective|p2a: Great Tusk
|-damage|p2a: Great Tusk|0 fnt
|-damage|p1a: Ogerpon|72/100|[from] item: Rocky Helmet|[of] p2a: Great Tusk
|faint|p2a: Great Tusk
|-end|p2a: Great Tusk|Protosynthesis|[silent]
|
|-weather|Snowscape|[upkeep]
|upkeep
|
|t:|1779664091
|switch|p2a: Slowking|Slowking-Galar, F|100/100
|-damage|p2a: Slowking|88/100|[from] Stealth Rock
|turn|24
|
|t:|1779664098
|switch|p1a: Corviknight|Corviknight, M|60/100
|-damage|p1a: Corviknight|48/100|[from] Stealth Rock
|-ability|p1a: Corviknight|Pressure
|move|p2a: Slowking|Thunder Wave|p1a: Corviknight
|-status|p1a: Corviknight|par
|
|-weather|none
|upkeep
|turn|25
|
|t:|1779664102
|move|p1a: Corviknight|Roost|p1a: Corviknight
|-heal|p1a: Corviknight|98/100 par
|-singleturn|p1a: Corviknight|move: Roost
|move|p2a: Slowking|Future Sight|p1a: Corviknight
|-start|p2a: Slowking|move: Future Sight
|
|upkeep
|turn|26
|
|t:|1779664110
|move|p1a: Corviknight|Brave Bird|p2a: Slowking
|-damage|p2a: Slowking|50/100
|-damage|p1a: Corviknight|85/100 par|[from] Recoil
|-prepare|p2a: Slowking|Chilly Reception|[premajor]
|move|p2a: Slowking|Chilly Reception|p2a: Slowking
|-weather|Snowscape
|
|t:|1779664117
|switch|p2a: Bellibolt|Bellibolt, M|64/100|[from] Chilly Reception
|
|-weather|Snowscape|[upkeep]
|upkeep
|turn|27
|l| yuureisuisei
|
|t:|1779664125
|switch|p1a: Tyranitar|Tyranitar, F|48/100
|-damage|p1a: Tyranitar|36/100|[from] Stealth Rock
|-weather|Sandstorm|[from] ability: Sand Stream|[of] p1a: Tyranitar
|move|p2a: Bellibolt|Slack Off|p2a: Bellibolt
|-heal|p2a: Bellibolt|100/100
|
|-weather|Sandstorm|[upkeep]
|-damage|p2a: Bellibolt|94/100|[from] Sandstorm
|-end|p1a: Tyranitar|move: Future Sight
|-immune|p1a: Tyranitar
|-heal|p1a: Tyranitar|42/100|[from] item: Leftovers
|upkeep
|turn|28
|
|t:|1779664131
|move|p1a: Tyranitar|Knock Off|p2a: Bellibolt
|-damage|p2a: Bellibolt|54/100
|-start|p2a: Bellibolt|Charge|Knock Off|[from] ability: Electromorphosis
|-enditem|p2a: Bellibolt|Heavy-Duty Boots|[from] move: Knock Off|[of] p1a: Tyranitar
|move|p2a: Bellibolt|Soak|p1a: Tyranitar
|-start|p1a: Tyranitar|typechange|Water
|
|-weather|Sandstorm|[upkeep]
|-damage|p1a: Tyranitar|36/100|[from] Sandstorm
|-damage|p2a: Bellibolt|47/100|[from] Sandstorm
|-heal|p1a: Tyranitar|42/100|[from] item: Leftovers
|upkeep
|turn|29
|
|t:|1779664142
|switch|p1a: Rillaboom|Rillaboom, F|49/100
|-damage|p1a: Rillaboom|37/100|[from] Stealth Rock
|-fieldstart|move: Grassy Terrain|[from] ability: Grassy Surge|[of] p1a: Rillaboom
|move|p2a: Bellibolt|Slack Off|p2a: Bellibolt
|-heal|p2a: Bellibolt|97/100
|
|-weather|Sandstorm|[upkeep]
|-damage|p1a: Rillaboom|31/100|[from] Sandstorm
|-damage|p2a: Bellibolt|91/100|[from] Sandstorm
|-heal|p1a: Rillaboom|37/100|[from] Grassy Terrain
|-heal|p2a: Bellibolt|97/100|[from] Grassy Terrain
|upkeep
|turn|30
|
|t:|1779664146
|move|p1a: Rillaboom|Wood Hammer|p2a: Bellibolt
|-damage|p2a: Bellibolt|0 fnt
|faint|p2a: Bellibolt
|-damage|p1a: Rillaboom|0 fnt|[from] Recoil
|faint|p1a: Rillaboom
|
|-weather|Sandstorm|[upkeep]
|upkeep
|
|t:|1779664153
|switch|p1a: Tyranitar|Tyranitar, F|42/100
|switch|p2a: Slowking|Slowking-Galar, F|83/100
|-damage|p1a: Tyranitar|30/100|[from] Stealth Rock
|-damage|p2a: Slowking|71/100|[from] Stealth Rock
|turn|31
|
|t:|1779664156
|move|p1a: Tyranitar|Knock Off|p2a: Slowking
|-supereffective|p2a: Slowking
|-enditem|p2a: Slowking|Colbur Berry|[eat]
|-enditem|p2a: Slowking|Colbur Berry|[weaken]
|-damage|p2a: Slowking|22/100
|-prepare|p2a: Slowking|Chilly Reception|[premajor]
|move|p2a: Slowking|Chilly Reception|p2a: Slowking
|-weather|Snowscape
|
|t:|1779664159
|switch|p2a: Kyurem|Kyurem|88/100|[from] Chilly Reception
|-damage|p2a: Kyurem|63/100|[from] Stealth Rock
|-ability|p2a: Kyurem|Pressure
|
|-weather|Snowscape|[upkeep]
|-heal|p2a: Kyurem|69/100|[from] Grassy Terrain
|-heal|p1a: Tyranitar|36/100|[from] Grassy Terrain
|-heal|p1a: Tyranitar|42/100|[from] item: Leftovers
|upkeep
|turn|32
|
|t:|1779664163
|switch|p1a: Corviknight|Corviknight, M|85/100 par
|-damage|p1a: Corviknight|73/100 par|[from] Stealth Rock
|-ability|p1a: Corviknight|Pressure
|move|p2a: Kyurem|Blizzard|p1a: Corviknight
|-damage|p1a: Corviknight|0 fnt
|faint|p1a: Corviknight
|
|-weather|Snowscape|[upkeep]
|-heal|p2a: Kyurem|75/100|[from] Grassy Terrain
|upkeep
|
|t:|1779664165
|switch|p1a: Ogerpon|Ogerpon-Cornerstone-Tera, F, tera:Rock|72/100
|-damage|p1a: Ogerpon|59/100|[from] Stealth Rock
|-ability|p1a: Ogerpon|Embody Aspect (Cornerstone)|boost
|-boost|p1a: Ogerpon|def|1
|turn|33
|
|t:|1779664167
|move|p1a: Ogerpon|Ivy Cudgel|p2a: Kyurem|[anim] Ivy Cudgel Rock
|-supereffective|p2a: Kyurem
|-crit|p2a: Kyurem
|-damage|p2a: Kyurem|0 fnt
|faint|p2a: Kyurem
|
|-weather|Snowscape|[upkeep]
|-heal|p1a: Ogerpon|65/100|[from] Grassy Terrain
|-fieldend|move: Grassy Terrain
|upkeep
|
|t:|1779664170
|switch|p2a: Slowking|Slowking-Galar, F|55/100
|-damage|p2a: Slowking|43/100|[from] Stealth Rock
|turn|34
|
|t:|1779664173
|move|p1a: Ogerpon|Ivy Cudgel|p2a: Slowking|[anim] Ivy Cudgel Rock
|-damage|p2a: Slowking|0 fnt
|faint|p2a: Slowking
|
|win|AnonymousJon
|raw|AnonymousJon's rating: 1658 &rarr; <strong>1680</strong><br />(+22 for winning)
|raw|temporarylight's rating: 1694 &rarr; <strong>1672</strong><br />(-22 for losing)
|c|☆AnonymousJon|gg
|l|☆temporarylight
|player|p2|
|l|☆AnonymousJon
|player|p1|
