|j|☆hattybatty304
|j|☆qwp1027
|t:|1779706445
|gametype|singles
|player|p1|hattybatty304|swimmerf|1379
|player|p2|qwp1027|pokemonrangerf-gen4|1336
|gen|9
|tier|[Gen 9] OU
|rated|
|rule|HP Percentage Mod: HP is shown in percentages
|rule|Endless Battle Clause: Forcing endless battles is banned
|rule|Species Clause: Limit one of each Pokémon
|rule|OHKO Clause: OHKO moves are banned
|rule|Evasion Items Clause: Evasion items are banned
|rule|Evasion Moves Clause: Evasion moves are banned
|rule|Evasion Abilities Clause: Evasion abilities are banned
|rule|Sleep Moves Clause: Sleep-inducing moves are banned
|clearpoke
|poke|p1|Hatterene, F|
|poke|p1|Meowscarada, F|
|poke|p1|Primarina, F|
|poke|p1|Cinderace, F|
|poke|p1|Pecharunt|
|poke|p1|Inteleon, F|
|poke|p2|Enamorus, F|
|poke|p2|Great Tusk|
|poke|p2|Kingambit, M|
|poke|p2|Ogerpon, F|
|poke|p2|Primarina, M|
|poke|p2|Slowking-Galar, M|
|teampreview
|inactive|Battle timer is ON: inactive players will automatically lose when time's up. (requested by hattybatty304)
|
|t:|1779706451
|teamsize|p1|6
|teamsize|p2|6
|start
|switch|p1a: KimPossible|Inteleon, F, shiny|100/100
|switch|p2a: Ogerpon|Ogerpon, F|100/100
|turn|1
|
|t:|1779706465
|-terastallize|p2a: Ogerpon|Grass
|detailschange|p2a: Ogerpon|Ogerpon-Teal-Tera, F, tera:Grass
|-ability|p2a: Ogerpon|Embody Aspect (Teal)|boost
|-boost|p2a: Ogerpon|spe|1
|move|p2a: Ogerpon|Ivy Cudgel|p1a: KimPossible
|-supereffective|p1a: KimPossible
|-damage|p1a: KimPossible|0 fnt
|faint|p1a: KimPossible
|
|upkeep
|
|t:|1779706472
|switch|p1a: gambitDNiteCringe|Pecharunt|100/100
|turn|2
|
|t:|1779706488
|switch|p2a: Slowking|Slowking-Galar, M|100/100
|move|p1a: gambitDNiteCringe|Nasty Plot|p1a: gambitDNiteCringe
|-boost|p1a: gambitDNiteCringe|spa|2
|
|upkeep
|turn|3
|
|t:|1779706491
|move|p1a: gambitDNiteCringe|Nasty Plot|p1a: gambitDNiteCringe
|-boost|p1a: gambitDNiteCringe|spa|2
|move|p2a: Slowking|Psychic Noise|p1a: gambitDNiteCringe
|-supereffective|p1a: gambitDNiteCringe
|-damage|p1a: gambitDNiteCringe|28/100
|-start|p1a: gambitDNiteCringe|move: Heal Block
|
|upkeep
|turn|4
|
|t:|1779706495
|move|p1a: gambitDNiteCringe|Shadow Ball|p2a: Slowking
|-supereffective|p2a: Slowking
|-damage|p2a: Slowking|25/100
|move|p2a: Slowking|Psychic Noise|p1a: gambitDNiteCringe
|-supereffective|p1a: gambitDNiteCringe
|-damage|p1a: gambitDNiteCringe|0 fnt
|faint|p1a: gambitDNiteCringe
|
|upkeep
|
|t:|1779706500
|switch|p1a: TakeYoMan|Meowscarada, F|100/100
|turn|5
|
|t:|1779706503
|switch|p2a: Kingambit|Kingambit, M|100/100
|move|p1a: TakeYoMan|U-turn|p2a: Kingambit
|-start|p1a: TakeYoMan|typechange|Bug|[from] ability: Protean
|-damage|p2a: Kingambit|68/100
|
|t:|1779706509
|switch|p1a: Lm10|Cinderace, F|100/100|[from] U-turn
|
|-heal|p2a: Kingambit|75/100|[from] item: Leftovers
|upkeep
|turn|6
|inactive|qwp1027 has 120 seconds left.
|
|t:|1779706542
|move|p2a: Kingambit|Sucker Punch|p1a: Lm10
|-damage|p1a: Lm10|42/100
|move|p1a: Lm10|U-turn|p2a: Kingambit
|-start|p1a: Lm10|typechange|Bug|[from] ability: Libero
|-damage|p2a: Kingambit|48/100
|
|t:|1779706552
|switch|p1a: TakeYoMan|Meowscarada, F|100/100|[from] U-turn
|
|-heal|p2a: Kingambit|54/100|[from] item: Leftovers
|upkeep
|turn|7
|inactive|qwp1027 has 120 seconds left.
|
|t:|1779706570
|move|p1a: TakeYoMan|Flower Trick|p2a: Kingambit
|-start|p1a: TakeYoMan|typechange|Grass|[from] ability: Protean
|-resisted|p2a: Kingambit
|-crit|p2a: Kingambit
|-damage|p2a: Kingambit|26/100
|move|p2a: Kingambit|Iron Head|p1a: TakeYoMan
|-damage|p1a: TakeYoMan|23/100
|
|-heal|p2a: Kingambit|32/100|[from] item: Leftovers
|upkeep
|turn|8
|
|t:|1779706578
|move|p2a: Kingambit|Sucker Punch|p1a: TakeYoMan
|-damage|p1a: TakeYoMan|0 fnt
|faint|p1a: TakeYoMan
|
|-heal|p2a: Kingambit|38/100|[from] item: Leftovers
|upkeep
|
|t:|1779706581
|switch|p1a: Rapunzil|Primarina, F, shiny|100/100
|turn|9
|
|t:|1779706591
|move|p1a: Rapunzil|Psychic Noise|p2a: Kingambit
|-damage|p2a: Kingambit|0 fnt
|faint|p2a: Kingambit
|-end|p2a: Kingambit|fallenundefined|[silent]
|
|upkeep
|
|t:|1779706595
|switch|p2a: Ogerpon|Ogerpon-Teal-Tera, F, tera:Grass|100/100
|-ability|p2a: Ogerpon|Embody Aspect (Teal)|boost
|-boost|p2a: Ogerpon|spe|1
|turn|10
|
|t:|1779706602
|move|p2a: Ogerpon|Ivy Cudgel|p1a: Rapunzil
|-supereffective|p1a: Rapunzil
|-damage|p1a: Rapunzil|0 fnt
|faint|p1a: Rapunzil
|
|upkeep
|
|t:|1779706605
|switch|p1a: Lm10|Cinderace, F|42/100
|turn|11
|
|t:|1779706613
|move|p1a: Lm10|Sucker Punch|p2a: Ogerpon
|-start|p1a: Lm10|typechange|Dark|[from] ability: Libero
|-damage|p2a: Ogerpon|57/100
|move|p2a: Ogerpon|Ivy Cudgel|p1a: Lm10
|-damage|p1a: Lm10|0 fnt
|faint|p1a: Lm10
|
|upkeep
|
|t:|1779706620
|switch|p1a: WWakeRBoltCringe|Hatterene, F|100/100
|turn|12
|
|t:|1779706628
|move|p2a: Ogerpon|Ivy Cudgel|p1a: WWakeRBoltCringe
|-damage|p1a: WWakeRBoltCringe|0 fnt
|faint|p1a: WWakeRBoltCringe
|
|win|qwp1027
|raw|hattybatty304's rating: 1379 &rarr; <strong>1357</strong><br />(-22 for losing)
|raw|qwp1027's rating: 1336 &rarr; <strong>1358</strong><br />(+22 for winning)
|l|☆hattybatty304
|player|p1|
