|j|☆thehatfiend
|j|☆mjdj
|t:|1779715250
|gametype|singles
|player|p1|thehatfiend|pokemonranger-gen4|1159
|player|p2|mjdj|cynthia-masters4|1104
|gen|9
|tier|[Gen 9] OU
|rated|
|rule|HP Percentage Mod: HP is shown in percentages
|rule|Endless Battle Clause: Forcing endless battles is banned
|rule|Species Clause: Limit one of each Pokémon
|rule|OHKO Clause: OHKO moves are banned
|rule|Evasion Items Clause: Evasion items are banned
|rule|Evasion Moves Clause: Evasion moves are banned
|rule|Evasion Abilities Clause: Evasion abilities are banned
|rule|Sleep Moves Clause: Sleep-inducing moves are banned
|clearpoke
|poke|p1|Scizor, M|
|poke|p1|Greninja-*, M|
|poke|p1|Corviknight, F|
|poke|p1|Cinccino, M|
|poke|p1|Scrafty, F|
|poke|p1|Milotic, M|
|poke|p2|Ribombee, M|
|poke|p2|Scizor, M|
|poke|p2|Breloom, F|
|poke|p2|Maushold-Four|
|poke|p2|Scyther, M|
|poke|p2|Gholdengo|
|teampreview
|
|t:|1779715257
|teamsize|p1|6
|teamsize|p2|6
|start
|switch|p1a: Scrafty|Scrafty, F|100/100
|switch|p2a: Ribombee|Ribombee, M|100/100
|-ability|p1a: Scrafty|Intimidate|boost
|-unboost|p2a: Ribombee|atk|1
|turn|1
|
|t:|1779715265
|move|p1a: Scrafty|Fake Out|p2a: Ribombee
|-damage|p2a: Ribombee|81/100
|move|p2a: Ribombee|Moonblast|p1a: Scrafty
|-supereffective|p1a: Scrafty
|-damage|p1a: Scrafty|29/100
|-unboost|p1a: Scrafty|spa|1
|
|upkeep
|turn|2
|
|t:|1779715277
|switch|p1a: Tyson|Scizor, M, shiny|100/100
|move|p2a: Ribombee|Sticky Web|p1a: Tyson
|-sidestart|p1: thehatfiend|move: Sticky Web
|
|upkeep
|turn|3
|
|t:|1779715284
|move|p2a: Ribombee|Stun Spore|p1a: Tyson
|-status|p1a: Tyson|par
|move|p1a: Tyson|Swords Dance|p1a: Tyson
|-boost|p1a: Tyson|atk|2
|
|upkeep
|turn|4
|
|t:|1779715292
|move|p1a: Tyson|Bullet Punch|p2a: Ribombee
|-supereffective|p2a: Ribombee
|-damage|p2a: Ribombee|0 fnt
|faint|p2a: Ribombee
|-damage|p1a: Tyson|91/100 par|[from] item: Life Orb
|
|upkeep
|
|t:|1779715308
|switch|p2a: Scizor|Scizor, M|100/100
|turn|5
|
|t:|1779715311
|move|p2a: Scizor|Swords Dance|p2a: Scizor
|-boost|p2a: Scizor|atk|2
|cant|p1a: Tyson|par
|
|upkeep
|turn|6
|
|t:|1779715316
|move|p2a: Scizor|Close Combat|p1a: Tyson
|-crit|p1a: Tyson
|-damage|p1a: Tyson|0 fnt
|-unboost|p2a: Scizor|def|1
|-unboost|p2a: Scizor|spd|1
|faint|p1a: Tyson
|
|upkeep
|
|t:|1779715334
|switch|p1a: DatNinja|Greninja, M|100/100
|-activate|p1a: DatNinja|move: Sticky Web
|-unboost|p1a: DatNinja|spe|1
|turn|7
|
|t:|1779715346
|switch|p2a: Breloom|Breloom, F|100/100
|-terastallize|p1a: DatNinja|Water
|move|p1a: DatNinja|Water Shuriken|p2a: Breloom
|-resisted|p2a: Breloom
|-damage|p2a: Breloom|88/100
|-resisted|p2a: Breloom
|-damage|p2a: Breloom|76/100
|-resisted|p2a: Breloom
|-damage|p2a: Breloom|62/100
|-hitcount|p2a: Breloom|3
|
|upkeep
|turn|8
|
|t:|1779715359
|switch|p1a: Scrafty|Scrafty, F|29/100
|-activate|p1a: Scrafty|move: Sticky Web
|-unboost|p1a: Scrafty|spe|1
|-ability|p1a: Scrafty|Intimidate|boost
|-unboost|p2a: Breloom|atk|1
|move|p2a: Breloom|Bullet Seed|p1a: Scrafty
|-damage|p1a: Scrafty|16/100
|-damage|p1a: Scrafty|4/100
|-damage|p1a: Scrafty|0 fnt
|faint|p1a: Scrafty
|-hitcount|p1: Scrafty|3
|
|upkeep
|
|t:|1779715374
|switch|p1a: Corviknight|Corviknight, F|100/100
|turn|9
|
|t:|1779715383
|switch|p2a: Scizor|Scizor, M|100/100
|move|p1a: Corviknight|Defog|p2a: Scizor
|-unboost|p2a: Scizor|evasion|1
|-sideend|p1: thehatfiend|Sticky Web|[from] move: Defog|[of] p1a: Corviknight
|
|upkeep
|turn|10
|
|t:|1779715391
|move|p1a: Corviknight|Bulk Up|p1a: Corviknight
|-boost|p1a: Corviknight|atk|1
|-boost|p1a: Corviknight|def|1
|move|p2a: Scizor|Swords Dance|p2a: Scizor
|-boost|p2a: Scizor|atk|2
|
|upkeep
|turn|11
|
|t:|1779715400
|move|p1a: Corviknight|Bulk Up|p1a: Corviknight
|-boost|p1a: Corviknight|atk|1
|-boost|p1a: Corviknight|def|1
|move|p2a: Scizor|Close Combat|p1a: Corviknight
|-damage|p1a: Corviknight|71/100
|-unboost|p2a: Scizor|def|1
|-unboost|p2a: Scizor|spd|1
|-damage|p2a: Scizor|84/100|[from] item: Rocky Helmet|[of] p1a: Corviknight
|
|upkeep
|turn|12
|
|t:|1779715412
|switch|p2a: Gholdengo|Gholdengo|100/100
|-item|p2a: Gholdengo|Air Balloon
|move|p1a: Corviknight|Body Press|p2a: Gholdengo
|-immune|p2a: Gholdengo
|
|upkeep
|turn|13
|
|t:|1779715420
|move|p2a: Gholdengo|Shadow Ball|p1a: Corviknight
|-damage|p1a: Corviknight|42/100
|move|p1a: Corviknight|Roost|p1a: Corviknight
|-heal|p1a: Corviknight|92/100
|-singleturn|p1a: Corviknight|move: Roost
|
|upkeep
|turn|14
|
|t:|1779715430
|switch|p1a: DatNinja|Greninja, M, tera:Water|100/100
|move|p2a: Gholdengo|Nasty Plot|p2a: Gholdengo
|-boost|p2a: Gholdengo|spa|2
|
|upkeep
|turn|15
|
|t:|1779715445
|-terastallize|p2a: Gholdengo|Steel
|move|p1a: DatNinja|Surf|p2a: Gholdengo
|-damage|p2a: Gholdengo|10/100
|-enditem|p2a: Gholdengo|Air Balloon
|move|p2a: Gholdengo|Shadow Ball|p1a: DatNinja
|-damage|p1a: DatNinja|0 fnt
|faint|p1a: DatNinja
|
|upkeep
|
|t:|1779715464
|switch|p1a: Corviknight|Corviknight, F|92/100
|turn|16
|
|t:|1779715468
|move|p2a: Gholdengo|Shadow Ball|p1a: Corviknight
|-damage|p1a: Corviknight|36/100
|move|p1a: Corviknight|Body Press|p2a: Gholdengo
|-supereffective|p2a: Gholdengo
|-damage|p2a: Gholdengo|0 fnt
|faint|p2a: Gholdengo
|
|upkeep
|
|t:|1779715495
|switch|p2a: Scyther|Scyther, M|100/100
|turn|17
|
|t:|1779715498
|move|p2a: Scyther|Swords Dance|p2a: Scyther
|-boost|p2a: Scyther|atk|2
|move|p1a: Corviknight|Roost|p1a: Corviknight
|-heal|p1a: Corviknight|86/100
|-singleturn|p1a: Corviknight|move: Roost
|
|upkeep
|turn|18
|
|t:|1779715507
|move|p2a: Scyther|Close Combat|p1a: Corviknight
|-damage|p1a: Corviknight|34/100
|-unboost|p2a: Scyther|def|1
|-unboost|p2a: Scyther|spd|1
|-damage|p2a: Scyther|84/100|[from] item: Rocky Helmet|[of] p1a: Corviknight
|move|p1a: Corviknight|Roost|p1a: Corviknight
|-heal|p1a: Corviknight|84/100
|-singleturn|p1a: Corviknight|move: Roost
|
|upkeep
|turn|19
|
|t:|1779715520
|switch|p2a: Scizor|Scizor, M|84/100
|move|p1a: Corviknight|Bulk Up|p1a: Corviknight
|-boost|p1a: Corviknight|atk|1
|-boost|p1a: Corviknight|def|1
|
|upkeep
|turn|20
|c|☆mjdj|gg
|c|☆thehatfiend|gg?
|l|☆mjdj
|player|p2|
|c|☆thehatfiend|am i gonna get swept?
|c|☆thehatfiend|oh
|j|☆mjdj
|player|p2|mjdj|cynthia-masters4|
|inactive|Battle timer is ON: inactive players will automatically lose when time's up. (requested by thehatfiend)
|
|t:|1779715571
|move|p1a: Corviknight|Body Press|p2a: Scizor
|-damage|p2a: Scizor|56/100
|move|p2a: Scizor|Swords Dance|p2a: Scizor
|-boost|p2a: Scizor|atk|2
|
|upkeep
|turn|21
|
|t:|1779715583
|move|p1a: Corviknight|Body Press|p2a: Scizor
|-damage|p2a: Scizor|28/100
|move|p2a: Scizor|Close Combat|p1a: Corviknight
|-damage|p1a: Corviknight|44/100
|-unboost|p2a: Scizor|def|1
|-unboost|p2a: Scizor|spd|1
|-damage|p2a: Scizor|12/100|[from] item: Rocky Helmet|[of] p1a: Corviknight
|
|upkeep
|turn|22
|
|t:|1779715592
|move|p2a: Scizor|Bullet Punch|p1a: Corviknight
|-resisted|p1a: Corviknight
|-damage|p1a: Corviknight|29/100
|-damage|p2a: Scizor|0 fnt|[from] item: Rocky Helmet|[of] p1a: Corviknight
|faint|p2a: Scizor
|move|p1a: Corviknight|Roost|p1a: Corviknight
|-heal|p1a: Corviknight|79/100
|-singleturn|p1a: Corviknight|move: Roost
|
|upkeep
|
|t:|1779715601
|switch|p2a: Maushold|Maushold-Four|100/100
|turn|23
|
|t:|1779715605
|move|p2a: Maushold|Encore|p1a: Corviknight
|-start|p1a: Corviknight|Encore
|move|p1a: Corviknight|Roost|p1a: Corviknight
|-heal|p1a: Corviknight|100/100
|-singleturn|p1a: Corviknight|move: Roost
|
|upkeep
|turn|24
|
|t:|1779715615
|switch|p1a: Milotic|Milotic, M|100/100
|move|p2a: Maushold|Tidy Up|p2a: Maushold
|-boost|p2a: Maushold|atk|1
|-boost|p2a: Maushold|spe|1
|
|-status|p1a: Milotic|brn|[from] item: Flame Orb
|upkeep
|turn|25
|
|t:|1779715624
|move|p2a: Maushold|Population Bomb|p1a: Milotic
|-damage|p1a: Milotic|91/100 brn
|-damage|p1a: Milotic|79/100 brn
|-damage|p1a: Milotic|69/100 brn
|-damage|p1a: Milotic|59/100 brn
|-damage|p1a: Milotic|49/100 brn
|-damage|p1a: Milotic|37/100 brn
|-hitcount|p1a: Milotic|6
|move|p1a: Milotic|Scald|p2a: Maushold
|-damage|p2a: Maushold|48/100
|-status|p2a: Maushold|brn
|
|-damage|p2a: Maushold|42/100 brn|[from] brn
|-damage|p1a: Milotic|31/100 brn|[from] brn
|upkeep
|turn|26
|
|t:|1779715645
|switch|p1a: Corviknight|Corviknight, F|100/100
|move|p2a: Maushold|Population Bomb|p1a: Corviknight
|-resisted|p1a: Corviknight
|-damage|p1a: Corviknight|97/100
|-damage|p2a: Maushold|25/100 brn|[from] item: Rocky Helmet|[of] p1a: Corviknight
|-resisted|p1a: Corviknight
|-damage|p1a: Corviknight|94/100
|-damage|p2a: Maushold|9/100 brn|[from] item: Rocky Helmet|[of] p1a: Corviknight
|-resisted|p1a: Corviknight
|-damage|p1a: Corviknight|91/100
|-damage|p2a: Maushold|0 fnt|[from] item: Rocky Helmet|[of] p1a: Corviknight
|faint|p2a: Maushold
|-hitcount|p1a: Corviknight|3
|
|upkeep
|
|t:|1779715659
|switch|p2a: Scyther|Scyther, M|84/100
|turn|27
|
|t:|1779715664
|move|p2a: Scyther|Swords Dance|p2a: Scyther
|-boost|p2a: Scyther|atk|2
|move|p1a: Corviknight|Bulk Up|p1a: Corviknight
|-boost|p1a: Corviknight|atk|1
|-boost|p1a: Corviknight|def|1
|
|upkeep
|turn|28
|
|t:|1779715671
|move|p2a: Scyther|Swords Dance|p2a: Scyther
|-boost|p2a: Scyther|atk|2
|move|p1a: Corviknight|Bulk Up|p1a: Corviknight
|-boost|p1a: Corviknight|atk|1
|-boost|p1a: Corviknight|def|1
|
|upkeep
|turn|29
|
|t:|1779715678
|move|p2a: Scyther|Close Combat|p1a: Corviknight
|-damage|p1a: Corviknight|55/100
|-unboost|p2a: Scyther|def|1
|-unboost|p2a: Scyther|spd|1
|-damage|p2a: Scyther|67/100|[from] item: Rocky Helmet|[of] p1a: Corviknight
|move|p1a: Corviknight|Bulk Up|p1a: Corviknight
|-boost|p1a: Corviknight|atk|1
|-boost|p1a: Corviknight|def|1
|
|upkeep
|turn|30
|
|t:|1779715694
|move|p2a: Scyther|Dual Wingbeat|p1a: Corviknight
|-resisted|p1a: Corviknight
|-damage|p1a: Corviknight|44/100
|-damage|p2a: Scyther|51/100|[from] item: Rocky Helmet|[of] p1a: Corviknight
|-resisted|p1a: Corviknight
|-damage|p1a: Corviknight|33/100
|-damage|p2a: Scyther|34/100|[from] item: Rocky Helmet|[of] p1a: Corviknight
|-hitcount|p1a: Corviknight|2
|move|p1a: Corviknight|Body Press|p2a: Scyther
|-resisted|p2a: Scyther
|-damage|p2a: Scyther|20/100
|
|upkeep
|turn|31
|
|t:|1779715705
|move|p2a: Scyther|Close Combat|p1a: Corviknight
|-damage|p1a: Corviknight|0 fnt
|-unboost|p2a: Scyther|def|1
|-unboost|p2a: Scyther|spd|1
|-damage|p2a: Scyther|4/100|[from] item: Rocky Helmet|[of] p1a: Corviknight
|faint|p1a: Corviknight
|
|upkeep
|
|t:|1779715722
|switch|p1a: Mickey|Cinccino, M|100/100
|turn|32
|
|t:|1779715726
|move|p2a: Scyther|Quick Attack|p1a: Mickey
|-damage|p1a: Mickey|14/100
|move|p1a: Mickey|Triple Axel|p2a: Scyther|[miss]
|-miss|p1a: Mickey|p2a: Scyther
|
|upkeep
|turn|33
|
|t:|1779715735
|move|p2a: Scyther|Quick Attack|p1a: Mickey
|-damage|p1a: Mickey|0 fnt
|faint|p1a: Mickey
|
|upkeep
|
|t:|1779715739
|switch|p1a: Milotic|Milotic, M|31/100 brn
|turn|34
|c|☆mjdj|how did I survive!
|
|t:|1779715745
|move|p2a: Scyther|Close Combat|p1a: Milotic
|-damage|p1a: Milotic|0 fnt
|-unboost|p2a: Scyther|def|1
|-unboost|p2a: Scyther|spd|1
|faint|p1a: Milotic
|
|win|mjdj
|raw|thehatfiend's rating: 1159 &rarr; <strong>1130</strong><br />(-29 for losing)
|raw|mjdj's rating: 1104 &rarr; <strong>1133</strong><br />(+29 for winning)
|c|☆thehatfiend|gg bro
|c|☆thehatfiend|wp
|c|☆mjdj|gg
|c|☆mjdj|you too
|l|☆thehatfiend
|player|p1|
|l|☆mjdj
|player|p2|
