|badge|p2|gold|gen9ubers|3-9
|uhtml|medal-msg|<div class="broadcast-blue">Curious what those medals under the avatar are? PS now has Ladder Seasons! For more information, check out the <a href="https://www.smogon.com/forums/threads/3740067/">thread on Smogon.</a></div>
|j|☆Auburn Hills
|j|☆Thajester
|t:|1779683375
|gametype|singles
|player|p1|Auburn Hills|alder|1704
|player|p2|Thajester|1|1744
|gen|9
|tier|[Gen 9] OU
|rated|
|rule|HP Percentage Mod: HP is shown in percentages
|rule|Endless Battle Clause: Forcing endless battles is banned
|rule|Species Clause: Limit one of each Pokémon
|rule|OHKO Clause: OHKO moves are banned
|rule|Evasion Items Clause: Evasion items are banned
|rule|Evasion Moves Clause: Evasion moves are banned
|rule|Evasion Abilities Clause: Evasion abilities are banned
|rule|Sleep Moves Clause: Sleep-inducing moves are banned
|clearpoke
|poke|p1|Iron Moth|
|poke|p1|Umbreon, F|
|poke|p1|Garchomp, F|
|poke|p1|Glimmora, M|
|poke|p1|Gholdengo|
|poke|p1|Dragonite, F|
|poke|p2|Landorus-Therian, M|
|poke|p2|Iron Valiant|
|poke|p2|Iron Moth|
|poke|p2|Ogerpon-Wellspring, F|
|poke|p2|Kingambit, F|
|poke|p2|Raging Bolt|
|teampreview
|inactive|Battle timer is ON: inactive players will automatically lose when time's up. (requested by Thajester)
|inactive|Auburn Hills has 120 seconds left.
|
|t:|1779683419
|teamsize|p1|6
|teamsize|p2|6
|start
|switch|p1a: Julia Jacklin|Glimmora, M|100/100
|switch|p2a: Landorus|Landorus-Therian, M|100/100
|-ability|p2a: Landorus|Intimidate|boost
|-unboost|p1a: Julia Jacklin|atk|1
|turn|1
|
|t:|1779683423
|move|p1a: Julia Jacklin|Stealth Rock|p2a: Landorus
|-sidestart|p2: Thajester|move: Stealth Rock
|move|p2a: Landorus|Earthquake|p1a: Julia Jacklin
|-supereffective|p1a: Julia Jacklin
|-enditem|p1a: Julia Jacklin|Focus Sash
|-damage|p1a: Julia Jacklin|1/100
|-activate|p1a: Julia Jacklin|ability: Toxic Debris
|-sidestart|p2: Thajester|move: Toxic Spikes
|
|upkeep
|turn|2
|
|t:|1779683444
|switch|p1a: Elucid|Dragonite, F|100/100
|move|p2a: Landorus|Stealth Rock|p1a: Elucid
|-sidestart|p1: Auburn Hills|move: Stealth Rock
|
|upkeep
|turn|3
|
|t:|1779683471
|move|p1a: Elucid|Dragon Dance|p1a: Elucid
|-boost|p1a: Elucid|atk|1
|-boost|p1a: Elucid|spe|1
|move|p2a: Landorus|Taunt|p1a: Elucid
|-start|p1a: Elucid|move: Taunt
|
|upkeep
|turn|4
|
|t:|1779683479
|move|p1a: Elucid|Ice Spinner|p2a: Landorus
|-supereffective|p2a: Landorus
|-damage|p2a: Landorus|0 fnt
|-damage|p1a: Elucid|84/100|[from] item: Rocky Helmet|[of] p2a: Landorus
|faint|p2a: Landorus
|
|upkeep
|j| testingrainteam1
|
|t:|1779683487
|switch|p2a: Iron Moth|Iron Moth|100/100
|-damage|p2a: Iron Moth|76/100|[from] Stealth Rock
|-sideend|p2: Thajester|move: Toxic Spikes|[of] p2a: Iron Moth
|-enditem|p2a: Iron Moth|Booster Energy
|-activate|p2a: Iron Moth|ability: Quark Drive|[fromitem]
|-start|p2a: Iron Moth|quarkdrivespe
|turn|5
|
|t:|1779683495
|-terastallize|p2a: Iron Moth|Fairy
|move|p2a: Iron Moth|Dazzling Gleam|p1a: Elucid
|-supereffective|p1a: Elucid
|-damage|p1a: Elucid|0 fnt
|faint|p1a: Elucid
|
|upkeep
|
|t:|1779683499
|switch|p1a: Carly Rae|Iron Moth|100/100
|-damage|p1a: Carly Rae|76/100|[from] Stealth Rock
|-enditem|p1a: Carly Rae|Booster Energy
|-activate|p1a: Carly Rae|ability: Quark Drive|[fromitem]
|-start|p1a: Carly Rae|quarkdrivespe
|turn|6
|
|t:|1779683508
|move|p2a: Iron Moth|Sludge Wave|p1a: Carly Rae
|-resisted|p1a: Carly Rae
|-damage|p1a: Carly Rae|52/100
|move|p1a: Carly Rae|Fiery Dance|p2a: Iron Moth
|-crit|p2a: Iron Moth
|-damage|p2a: Iron Moth|15/100
|-boost|p1a: Carly Rae|spa|1
|
|upkeep
|turn|7
|
|t:|1779683511
|move|p1a: Carly Rae|Morning Sun|p1a: Carly Rae
|-heal|p1a: Carly Rae|100/100
|move|p2a: Iron Moth|Sludge Wave|p1a: Carly Rae
|-resisted|p1a: Carly Rae
|-damage|p1a: Carly Rae|74/100
|
|upkeep
|turn|8
|
|t:|1779683513
|move|p2a: Iron Moth|Fiery Dance|p1a: Carly Rae
|-resisted|p1a: Carly Rae
|-damage|p1a: Carly Rae|53/100
|-boost|p2a: Iron Moth|spa|1
|move|p1a: Carly Rae|Fiery Dance|p2a: Iron Moth
|-damage|p2a: Iron Moth|0 fnt
|faint|p2a: Iron Moth
|-end|p2a: Iron Moth|Quark Drive|[silent]
|
|upkeep
|
|t:|1779683515
|switch|p2a: Raging Bolt|Raging Bolt|100/100
|-damage|p2a: Raging Bolt|88/100|[from] Stealth Rock
|-enditem|p2a: Raging Bolt|Booster Energy
|-activate|p2a: Raging Bolt|ability: Protosynthesis|[fromitem]
|-start|p2a: Raging Bolt|protosynthesisspa
|turn|9
|l| testingrainteam1
|
|t:|1779683526
|-terastallize|p1a: Carly Rae|Fairy
|move|p1a: Carly Rae|Dazzling Gleam|p2a: Raging Bolt
|-supereffective|p2a: Raging Bolt
|-damage|p2a: Raging Bolt|0 fnt
|faint|p2a: Raging Bolt
|-end|p2a: Raging Bolt|Protosynthesis|[silent]
|
|upkeep
|
|t:|1779683533
|switch|p2a: Iron Valiant|Iron Valiant|100/100
|-damage|p2a: Iron Valiant|94/100|[from] Stealth Rock
|-enditem|p2a: Iron Valiant|Booster Energy
|-activate|p2a: Iron Valiant|ability: Quark Drive|[fromitem]
|-start|p2a: Iron Valiant|quarkdrivespe
|turn|10
|
|t:|1779683536
|move|p2a: Iron Valiant|Moonblast|p1a: Carly Rae
|-damage|p1a: Carly Rae|7/100
|-unboost|p1a: Carly Rae|spa|1
|move|p1a: Carly Rae|Morning Sun|p1a: Carly Rae
|-heal|p1a: Carly Rae|57/100
|
|upkeep
|turn|11
|
|t:|1779683540
|move|p2a: Iron Valiant|Moonblast|p1a: Carly Rae
|-damage|p1a: Carly Rae|4/100
|move|p1a: Carly Rae|Dazzling Gleam|p2a: Iron Valiant
|-supereffective|p2a: Iron Valiant
|-damage|p2a: Iron Valiant|0 fnt
|faint|p2a: Iron Valiant
|-end|p2a: Iron Valiant|Quark Drive|[silent]
|
|upkeep
|
|t:|1779683544
|switch|p2a: Ogerpon|Ogerpon-Wellspring, F|100/100
|-damage|p2a: Ogerpon|88/100|[from] Stealth Rock
|turn|12
|
|t:|1779683548
|move|p1a: Carly Rae|Discharge|p2a: Ogerpon
|-damage|p2a: Ogerpon|55/100
|move|p2a: Ogerpon|Ivy Cudgel|p1a: Carly Rae|[anim] Ivy Cudgel Water
|-damage|p1a: Carly Rae|0 fnt
|faint|p1a: Carly Rae
|-end|p1a: Carly Rae|Quark Drive|[silent]
|
|upkeep
|
|t:|1779683552
|switch|p1a: Rat Tally|Garchomp, F|100/100
|-damage|p1a: Rat Tally|94/100|[from] Stealth Rock
|turn|13
|
|t:|1779683553
|move|p1a: Rat Tally|Scale Shot|p2a: Ogerpon
|-damage|p2a: Ogerpon|39/100
|-damage|p2a: Ogerpon|21/100
|-damage|p2a: Ogerpon|5/100
|-damage|p2a: Ogerpon|0 fnt
|faint|p2a: Ogerpon
|-hitcount|p2: Ogerpon|4
|-unboost|p1a: Rat Tally|def|1
|-boost|p1a: Rat Tally|spe|1
|
|upkeep
|
|t:|1779683556
|switch|p2a: Kingambit|Kingambit, F|100/100
|-damage|p2a: Kingambit|94/100|[from] Stealth Rock
|-activate|p2a: Kingambit|ability: Supreme Overlord
|-start|p2a: Kingambit|fallen5|[silent]
|turn|14
|
|t:|1779683560
|switch|p1a: Julia Jacklin|Glimmora, M|1/100
|-damage|p1a: Julia Jacklin|0 fnt|[from] Stealth Rock
|faint|p1a: Julia Jacklin
|move|p2a: Kingambit|Sucker Punch|p1: Julia Jacklin|[notarget]
|-fail|p2a: Kingambit
|
|-heal|p2a: Kingambit|100/100|[from] item: Leftovers
|upkeep
|
|t:|1779683562
|switch|p1a: Smino|Gholdengo|100/100
|-damage|p1a: Smino|94/100|[from] Stealth Rock
|turn|15
|
|t:|1779683564
|move|p1a: Smino|Trick|p2a: Kingambit
|-activate|p1a: Smino|move: Trick|[of] p2a: Kingambit
|-item|p2a: Kingambit|Choice Scarf|[from] move: Trick
|-item|p1a: Smino|Leftovers|[from] move: Trick
|move|p2a: Kingambit|Kowtow Cleave|p1a: Smino
|-supereffective|p1a: Smino
|-damage|p1a: Smino|0 fnt
|faint|p1a: Smino
|
|upkeep
|
|t:|1779683567
|switch|p1a: Alvvays|Umbreon, F|100/100
|-damage|p1a: Alvvays|88/100|[from] Stealth Rock
|turn|16
|
|t:|1779683568
|move|p2a: Kingambit|Kowtow Cleave|p1a: Alvvays
|-resisted|p1a: Alvvays
|-damage|p1a: Alvvays|56/100
|move|p1a: Alvvays|Thunder Wave|p2a: Kingambit
|-status|p2a: Kingambit|par
|
|-heal|p1a: Alvvays|62/100|[from] item: Leftovers
|upkeep
|turn|17
|
|t:|1779683573
|move|p1a: Alvvays|Wish|p1a: Alvvays
|move|p2a: Kingambit|Kowtow Cleave|p1a: Alvvays
|-resisted|p1a: Alvvays
|-damage|p1a: Alvvays|31/100
|
|-heal|p1a: Alvvays|37/100|[from] item: Leftovers
|upkeep
|turn|18
|
|t:|1779683576
|move|p1a: Alvvays|Protect|p1a: Alvvays
|-singleturn|p1a: Alvvays|Protect
|cant|p2a: Kingambit|par
|
|-heal|p1a: Alvvays|87/100|[from] move: Wish|[wisher] Alvvays
|-heal|p1a: Alvvays|93/100|[from] item: Leftovers
|upkeep
|turn|19
|
|t:|1779683578
|move|p1a: Alvvays|Wish|p1a: Alvvays
|move|p2a: Kingambit|Kowtow Cleave|p1a: Alvvays
|-resisted|p1a: Alvvays
|-damage|p1a: Alvvays|63/100
|
|-heal|p1a: Alvvays|69/100|[from] item: Leftovers
|upkeep
|turn|20
|
|t:|1779683580
|move|p1a: Alvvays|Foul Play|p2a: Kingambit
|-resisted|p2a: Kingambit
|-damage|p2a: Kingambit|82/100 par
|move|p2a: Kingambit|Kowtow Cleave|p1a: Alvvays
|-resisted|p1a: Alvvays
|-damage|p1a: Alvvays|41/100
|
|-heal|p1a: Alvvays|91/100|[from] move: Wish|[wisher] Alvvays
|-heal|p1a: Alvvays|97/100|[from] item: Leftovers
|upkeep
|turn|21
|
|t:|1779683583
|move|p1a: Alvvays|Foul Play|p2a: Kingambit
|-resisted|p2a: Kingambit
|-damage|p2a: Kingambit|60/100 par
|cant|p2a: Kingambit|par
|
|-heal|p1a: Alvvays|100/100|[from] item: Leftovers
|upkeep
|turn|22
|
|t:|1779683585
|move|p1a: Alvvays|Foul Play|p2a: Kingambit
|-resisted|p2a: Kingambit
|-damage|p2a: Kingambit|39/100 par
|move|p2a: Kingambit|Kowtow Cleave|p1a: Alvvays
|-resisted|p1a: Alvvays
|-damage|p1a: Alvvays|70/100
|
|-heal|p1a: Alvvays|76/100|[from] item: Leftovers
|upkeep
|turn|23
|
|t:|1779683588
|move|p1a: Alvvays|Foul Play|p2a: Kingambit
|-resisted|p2a: Kingambit
|-damage|p2a: Kingambit|18/100 par
|move|p2a: Kingambit|Kowtow Cleave|p1a: Alvvays
|-resisted|p1a: Alvvays
|-damage|p1a: Alvvays|45/100
|
|-heal|p1a: Alvvays|51/100|[from] item: Leftovers
|upkeep
|turn|24
|
|t:|1779683590
|move|p1a: Alvvays|Foul Play|p2a: Kingambit
|-resisted|p2a: Kingambit
|-damage|p2a: Kingambit|0 fnt
|faint|p2a: Kingambit
|-end|p2a: Kingambit|fallen5|[silent]
|
|win|Auburn Hills
|raw|Auburn Hills's rating: 1704 &rarr; <strong>1726</strong><br />(+22 for winning)
|raw|Thajester's rating: 1744 &rarr; <strong>1722</strong><br />(-22 for losing)
|l|☆Thajester
|player|p2|
|l|☆Auburn Hills
|player|p1|
