|j|☆armando estasilla
|j|☆hquijada
|t:|1779720223
|gametype|singles
|player|p1|armando estasilla|backpacker|1193
|player|p2|hquijada|101|1210
|gen|9
|tier|[Gen 9] OU
|rated|
|rule|HP Percentage Mod: HP is shown in percentages
|rule|Endless Battle Clause: Forcing endless battles is banned
|rule|Species Clause: Limit one of each Pokémon
|rule|OHKO Clause: OHKO moves are banned
|rule|Evasion Items Clause: Evasion items are banned
|rule|Evasion Moves Clause: Evasion moves are banned
|rule|Evasion Abilities Clause: Evasion abilities are banned
|rule|Sleep Moves Clause: Sleep-inducing moves are banned
|clearpoke
|poke|p1|Staraptor, F|
|poke|p1|Ceruledge, F|
|poke|p1|Iron Treads|
|poke|p1|Weezing-Galar, F|
|poke|p1|Hatterene, F|
|poke|p1|Rabsca, F|
|poke|p2|Iron Moth|
|poke|p2|Gliscor, M|
|poke|p2|Hatterene, F|
|poke|p2|Ogerpon-Wellspring, F|
|poke|p2|Raging Bolt|
|poke|p2|Zamazenta-*|
|teampreview
|inactive|Battle timer is ON: inactive players will automatically lose when time's up. (requested by hquijada)
|
|t:|1779720232
|teamsize|p1|6
|teamsize|p2|6
|start
|switch|p1a: Staraptor|Staraptor, F|100/100
|switch|p2a: Zamazenta|Zamazenta|100/100
|-ability|p2a: Zamazenta|Dauntless Shield|boost
|-boost|p2a: Zamazenta|def|1
|turn|1
|
|t:|1779720242
|switch|p1a: Weezing|Weezing-Galar, F|100/100
|-fieldstart|move: Misty Terrain|[from] ability: Misty Surge|[of] p1a: Weezing
|-item|p1a: Weezing|Air Balloon
|move|p2a: Zamazenta|Reflect|p2a: Zamazenta
|-sidestart|p2: hquijada|Reflect
|
|upkeep
|turn|2
|
|t:|1779720248
|move|p2a: Zamazenta|Light Screen|p2a: Zamazenta
|-sidestart|p2: hquijada|move: Light Screen
|move|p1a: Weezing|Strange Steam|p2a: Zamazenta
|-supereffective|p2a: Zamazenta
|-damage|p2a: Zamazenta|70/100
|
|upkeep
|turn|3
|
|t:|1779720264
|switch|p2a: Gliscor|Gliscor, M|100/100
|switch|p1a: Hatterene|Hatterene, F|100/100
|
|-status|p2a: Gliscor|tox|[from] item: Toxic Orb
|upkeep
|turn|4
|
|t:|1779720273
|move|p2a: Gliscor|Swords Dance|p2a: Gliscor
|-boost|p2a: Gliscor|atk|2
|move|p1a: Hatterene|Draining Kiss|p2a: Gliscor
|-damage|p2a: Gliscor|83/100 tox
|
|-heal|p2a: Gliscor|95/100 tox|[from] ability: Poison Heal
|upkeep
|turn|5
|
|t:|1779720280
|move|p2a: Gliscor|Swords Dance|p2a: Gliscor
|-boost|p2a: Gliscor|atk|2
|move|p1a: Hatterene|Draining Kiss|p2a: Gliscor
|-damage|p2a: Gliscor|74/100 tox
|
|-heal|p2a: Gliscor|86/100 tox|[from] ability: Poison Heal
|-fieldend|Misty Terrain
|upkeep
|turn|6
|
|t:|1779720290
|switch|p1a: Staraptor|Staraptor, F|100/100
|move|p2a: Gliscor|Agility|p2a: Gliscor
|-boost|p2a: Gliscor|spe|2
|
|-heal|p2a: Gliscor|99/100 tox|[from] ability: Poison Heal
|upkeep
|turn|7
|
|t:|1779720297
|move|p2a: Gliscor|Facade|p1a: Staraptor
|-damage|p1a: Staraptor|0 fnt
|faint|p1a: Staraptor
|
|-heal|p2a: Gliscor|100/100 tox|[from] ability: Poison Heal
|upkeep
|
|t:|1779720300
|switch|p1a: Ceruledge|Ceruledge, F|100/100
|turn|8
|c|☆hquijada|gg
|
|t:|1779720305
|move|p1a: Ceruledge|Endure|p1a: Ceruledge
|-singleturn|p1a: Ceruledge|move: Endure
|move|p2a: Gliscor|Earthquake|p1a: Ceruledge
|-supereffective|p1a: Ceruledge
|-activate|p1a: Ceruledge|move: Endure
|-damage|p1a: Ceruledge|1/100
|-ability|p1a: Ceruledge|Weak Armor|boost
|-unboost|p1a: Ceruledge|def|1
|-boost|p1a: Ceruledge|spe|2
|
|-sideend|p2: hquijada|Reflect
|upkeep
|turn|9
|
|t:|1779720308
|move|p1a: Ceruledge|Destiny Bond|p1a: Ceruledge
|-singlemove|p1a: Ceruledge|Destiny Bond
|move|p2a: Gliscor|Earthquake|p1a: Ceruledge
|-supereffective|p1a: Ceruledge
|-damage|p1a: Ceruledge|0 fnt
|faint|p1a: Ceruledge
|-activate|p1a: Ceruledge|move: Destiny Bond
|faint|p2a: Gliscor
|
|-sideend|p2: hquijada|move: Light Screen
|upkeep
|c|☆armando estasilla|Nope
|
|t:|1779720316
|switch|p1a: Rabsca|Rabsca, F|100/100
|switch|p2a: Ogerpon|Ogerpon-Wellspring, F|100/100
|turn|10
|
|t:|1779720325
|-terastallize|p2a: Ogerpon|Water
|detailschange|p2a: Ogerpon|Ogerpon-Wellspring-Tera, F, tera:Water
|-ability|p2a: Ogerpon|Embody Aspect (Wellspring)|boost
|-boost|p2a: Ogerpon|spd|1
|move|p2a: Ogerpon|Swords Dance|p2a: Ogerpon
|-boost|p2a: Ogerpon|atk|2
|move|p1a: Rabsca|Revival Blessing|p1a: Rabsca
|-enditem|p1a: Rabsca|Leppa Berry|[eat]
|-activate|p1a: Rabsca|item: Leppa Berry|Revival Blessing|[consumed]
|
|t:|1779720331
|-heal|p1: Ceruledge|50/100|[from] move: Revival Blessing
|
|upkeep
|turn|11
|
|t:|1779720338
|move|p2a: Ogerpon|Encore|p1a: Rabsca
|-start|p1a: Rabsca|Encore
|move|p1a: Rabsca|Revival Blessing|p1a: Rabsca
|
|t:|1779720340
|-heal|p1: Staraptor|50/100|[from] move: Revival Blessing
|
|-end|p1a: Rabsca|Encore
|upkeep
|turn|12
|
|t:|1779720346
|move|p2a: Ogerpon|Ivy Cudgel|p1a: Rabsca|[anim] Ivy Cudgel Water
|-damage|p1a: Rabsca|0 fnt
|faint|p1a: Rabsca
|
|upkeep
|
|t:|1779720354
|switch|p1a: Staraptor|Staraptor, F|50/100
|turn|13
|
|t:|1779720357
|-terastallize|p1a: Staraptor|Flying
|move|p1a: Staraptor|Brave Bird|p2a: Ogerpon
|-damage|p2a: Ogerpon|0 fnt
|faint|p2a: Ogerpon
|detailschange|p2: Ogerpon|Ogerpon-Wellspring, F|[silent]
|-damage|p1a: Staraptor|19/100|[from] Recoil
|
|upkeep
|
|t:|1779720365
|switch|p2a: Raging Bolt|Raging Bolt|100/100
|-enditem|p2a: Raging Bolt|Booster Energy
|-activate|p2a: Raging Bolt|ability: Protosynthesis|[fromitem]
|-start|p2a: Raging Bolt|protosynthesisspa
|turn|14
|
|t:|1779720368
|switch|p1a: Weezing|Weezing-Galar, F|100/100
|-fieldstart|move: Misty Terrain|[from] ability: Misty Surge|[of] p1a: Weezing
|-item|p1a: Weezing|Air Balloon
|move|p2a: Raging Bolt|Thunderclap||[still]
|-fail|p2a: Raging Bolt
|
|upkeep
|turn|15
|
|t:|1779720382
|switch|p1a: Hatterene|Hatterene, F|100/100
|move|p2a: Raging Bolt|Thunderbolt|p1a: Hatterene
|-damage|p1a: Hatterene|11/100
|
|upkeep
|turn|16
|
|t:|1779720388
|move|p2a: Raging Bolt|Thunderbolt|p1a: Hatterene
|-damage|p1a: Hatterene|0 fnt
|faint|p1a: Hatterene
|
|upkeep
|
|t:|1779720390
|switch|p1a: Iron Treads|Iron Treads|100/100
|turn|17
|
|t:|1779720396
|-end|p2a: Raging Bolt|Protosynthesis|[silent]
|switch|p2a: Zamazenta|Zamazenta|70/100
|move|p1a: Iron Treads|Earthquake|p2a: Zamazenta
|-damage|p2a: Zamazenta|31/100
|
|upkeep
|turn|18
|
|t:|1779720406
|move|p2a: Zamazenta|Reflect|p2a: Zamazenta
|-sidestart|p2: hquijada|Reflect
|move|p1a: Iron Treads|Earthquake|p2a: Zamazenta
|-damage|p2a: Zamazenta|11/100
|
|-fieldend|Misty Terrain
|upkeep
|turn|19
|
|t:|1779720409
|move|p2a: Zamazenta|Close Combat|p1a: Iron Treads
|-supereffective|p1a: Iron Treads
|-damage|p1a: Iron Treads|11/100
|-unboost|p2a: Zamazenta|def|1
|-unboost|p2a: Zamazenta|spd|1
|move|p1a: Iron Treads|Volt Switch|p2a: Zamazenta
|-damage|p2a: Zamazenta|0 fnt
|faint|p2a: Zamazenta
|
|t:|1779720414
|-end|p1a: Iron Treads|Quark Drive|[silent]
|switch|p1a: Weezing|Weezing-Galar, F|100/100|[from] Volt Switch
|-fieldstart|move: Misty Terrain|[from] ability: Misty Surge|[of] p1a: Weezing
|-item|p1a: Weezing|Air Balloon
|
|upkeep
|
|t:|1779720420
|switch|p2a: Iron Moth|Iron Moth|100/100
|-enditem|p2a: Iron Moth|Booster Energy
|-activate|p2a: Iron Moth|ability: Quark Drive|[fromitem]
|-start|p2a: Iron Moth|quarkdrivespe
|turn|20
|
|t:|1779720427
|move|p2a: Iron Moth|Fiery Dance|p1a: Weezing
|-damage|p1a: Weezing|30/100
|-enditem|p1a: Weezing|Air Balloon
|move|p1a: Weezing|Pain Split|p2a: Iron Moth
|-sethp|p2a: Iron Moth|62/100|[from] move: Pain Split|[silent]
|-sethp|p1a: Weezing|76/100|[from] move: Pain Split
|
|upkeep
|turn|21
|
|t:|1779720433
|switch|p1a: Ceruledge|Ceruledge, F|50/100
|move|p2a: Iron Moth|Fiery Dance|p1a: Ceruledge
|-resisted|p1a: Ceruledge
|-crit|p1a: Ceruledge
|-damage|p1a: Ceruledge|13/100
|-boost|p2a: Iron Moth|spa|1
|
|upkeep
|turn|22
|
|t:|1779720444
|move|p2a: Iron Moth|Fiery Dance|p1a: Ceruledge
|-resisted|p1a: Ceruledge
|-damage|p1a: Ceruledge|0 fnt
|faint|p1a: Ceruledge
|
|upkeep
|
|t:|1779720449
|switch|p1a: Staraptor|Staraptor, F, tera:Flying|19/100
|turn|23
|
|t:|1779720452
|move|p2a: Iron Moth|Fiery Dance|p1a: Staraptor
|-damage|p1a: Staraptor|0 fnt
|faint|p1a: Staraptor
|
|-fieldend|Misty Terrain
|upkeep
|-message|armando estasilla forfeited.
|
|win|hquijada
|raw|armando estasilla's rating: 1193 &rarr; <strong>1169</strong><br />(-24 for losing)
|raw|hquijada's rating: 1210 &rarr; <strong>1234</strong><br />(+24 for winning)
|l|☆armando estasilla
|player|p1|
|l|☆hquijada
|player|p2|
