|j|☆KevinSPG5
|j|☆npctypebeat
|t:|1779655890
|gametype|singles
|player|p1|KevinSPG5|gambler|1164
|player|p2|npctypebeat|101|1185
|gen|9
|tier|[Gen 9] OU
|rated|
|rule|HP Percentage Mod: HP is shown in percentages
|rule|Endless Battle Clause: Forcing endless battles is banned
|rule|Species Clause: Limit one of each Pokémon
|rule|OHKO Clause: OHKO moves are banned
|rule|Evasion Items Clause: Evasion items are banned
|rule|Evasion Moves Clause: Evasion moves are banned
|rule|Evasion Abilities Clause: Evasion abilities are banned
|rule|Sleep Moves Clause: Sleep-inducing moves are banned
|clearpoke
|poke|p1|Kricketune, M|
|poke|p1|Polteageist|
|poke|p1|Gholdengo|
|poke|p1|Kingambit, F|
|poke|p1|Great Tusk|
|poke|p1|Iron Valiant|
|poke|p2|Gliscor, M|
|poke|p2|Ogerpon, F|
|poke|p2|Walking Wake|
|poke|p2|Blissey, F|
|poke|p2|Corviknight, M|
|poke|p2|Pecharunt|
|teampreview
|c|☆npctypebeat|hf
|inactive|Battle timer is ON: inactive players will automatically lose when time's up. (requested by KevinSPG5)
|
|t:|1779655905
|teamsize|p1|6
|teamsize|p2|6
|start
|switch|p1a: Kricketune|Kricketune, M|100/100
|switch|p2a: Gliscor|Gliscor, M|100/100
|turn|1
|inactive|npctypebeat also wants the timer to be on.
|
|t:|1779655912
|move|p1a: Kricketune|Sticky Web|p2a: Gliscor
|-sidestart|p2: npctypebeat|move: Sticky Web
|move|p2a: Gliscor|Spikes|p1a: Kricketune
|-sidestart|p1: KevinSPG5|Spikes
|
|-status|p2a: Gliscor|tox|[from] item: Toxic Orb
|upkeep
|turn|2
|
|t:|1779655915
|move|p1a: Kricketune|Perish Song|p1a: Kricketune
|-start|p1a: Kricketune|perish3|[silent]
|-start|p2a: Gliscor|perish3|[silent]
|-fieldactivate|move: Perish Song
|move|p2a: Gliscor|Spikes|p1a: Kricketune
|-sidestart|p1: KevinSPG5|Spikes
|
|-start|p1a: Kricketune|perish3
|-start|p2a: Gliscor|perish3
|upkeep
|turn|3
|
|t:|1779655924
|move|p1a: Kricketune|Taunt|p2a: Gliscor
|-start|p2a: Gliscor|move: Taunt
|cant|p2a: Gliscor|move: Taunt|Spikes
|
|-start|p1a: Kricketune|perish2
|-start|p2a: Gliscor|perish2
|upkeep
|turn|4
|
|t:|1779655929
|move|p1a: Kricketune|Perish Song||[still]
|-fail|p1a: Kricketune
|move|p2a: Gliscor|Earthquake|p1a: Kricketune
|-resisted|p1a: Kricketune
|-damage|p1a: Kricketune|74/100
|
|-start|p1a: Kricketune|perish1
|-start|p2a: Gliscor|perish1
|upkeep
|turn|5
|
|t:|1779655934
|switch|p2a: Walking Wake|Walking Wake|100/100
|move|p1a: Kricketune|Perish Song|p1a: Kricketune
|-start|p2a: Walking Wake|perish3|[silent]
|-fieldactivate|move: Perish Song
|
|-start|p2a: Walking Wake|perish3
|-start|p1a: Kricketune|perish0
|upkeep
|faint|p1a: Kricketune
|
|t:|1779655940
|switch|p1a: Great Tusk|Great Tusk|100/100
|turn|6
|
|t:|1779655942
|move|p2a: Walking Wake|Surf|p1a: Great Tusk
|-supereffective|p1a: Great Tusk
|-damage|p1a: Great Tusk|0 fnt
|faint|p1a: Great Tusk
|-end|p1a: Great Tusk|Protosynthesis|[silent]
|
|-start|p2a: Walking Wake|perish2
|upkeep
|
|t:|1779655948
|switch|p1a: Gholdengo|Gholdengo|100/100
|-item|p1a: Gholdengo|Air Balloon
|turn|7
|
|t:|1779655953
|move|p2a: Walking Wake|Surf|p1a: Gholdengo
|-damage|p1a: Gholdengo|47/100
|-enditem|p1a: Gholdengo|Air Balloon
|move|p1a: Gholdengo|Nasty Plot|p1a: Gholdengo
|-boost|p1a: Gholdengo|spa|2
|
|-start|p2a: Walking Wake|perish1
|upkeep
|turn|8
|
|t:|1779655959
|move|p2a: Walking Wake|Draco Meteor|p1a: Gholdengo
|-resisted|p1a: Gholdengo
|-damage|p1a: Gholdengo|7/100
|-unboost|p2a: Walking Wake|spa|2
|move|p1a: Gholdengo|Recover|p1a: Gholdengo
|-heal|p1a: Gholdengo|57/100
|
|-start|p2a: Walking Wake|perish0
|upkeep
|faint|p2a: Walking Wake
|-end|p2a: Walking Wake|Protosynthesis|[silent]
|
|t:|1779655969
|switch|p2a: Blissey|Blissey, F|100/100
|turn|9
|
|t:|1779655985
|switch|p2a: Corviknight|Corviknight, M|100/100
|-ability|p2a: Corviknight|Pressure
|move|p1a: Gholdengo|Nasty Plot|p1a: Gholdengo
|-boost|p1a: Gholdengo|spa|2
|
|upkeep
|turn|10
|
|t:|1779655997
|-terastallize|p1a: Gholdengo|Fighting
|move|p1a: Gholdengo|Shadow Ball|p2a: Corviknight
|-damage|p2a: Corviknight|0 fnt
|faint|p2a: Corviknight
|
|upkeep
|
|t:|1779656006
|switch|p2a: Ogerpon|Ogerpon, F|100/100
|turn|11
|
|t:|1779656012
|move|p2a: Ogerpon|Ivy Cudgel|p1a: Gholdengo
|-damage|p1a: Gholdengo|0 fnt
|faint|p1a: Gholdengo
|
|upkeep
|
|t:|1779656019
|switch|p1a: Iron Valiant|Iron Valiant|100/100
|-damage|p1a: Iron Valiant|84/100|[from] Spikes
|-enditem|p1a: Iron Valiant|Booster Energy
|-activate|p1a: Iron Valiant|ability: Quark Drive|[fromitem]
|-start|p1a: Iron Valiant|quarkdrivespe
|turn|12
|
|t:|1779656029
|move|p1a: Iron Valiant|Calm Mind|p1a: Iron Valiant
|-boost|p1a: Iron Valiant|spa|1
|-boost|p1a: Iron Valiant|spd|1
|move|p2a: Ogerpon|Ivy Cudgel|p1a: Iron Valiant
|-damage|p1a: Iron Valiant|20/100
|
|upkeep
|turn|13
|
|t:|1779656041
|move|p1a: Iron Valiant|Moonblast|p2a: Ogerpon
|-damage|p2a: Ogerpon|22/100
|-unboost|p2a: Ogerpon|spa|1
|-ability|p2a: Ogerpon|Defiant|boost
|-boost|p2a: Ogerpon|atk|2
|move|p2a: Ogerpon|Ivy Cudgel|p1a: Iron Valiant
|-damage|p1a: Iron Valiant|0 fnt
|faint|p1a: Iron Valiant
|-end|p1a: Iron Valiant|Quark Drive|[silent]
|
|upkeep
|
|t:|1779656057
|switch|p1a: Kingambit|Kingambit, F|100/100
|-damage|p1a: Kingambit|84/100|[from] Spikes
|-activate|p1a: Kingambit|ability: Supreme Overlord
|-start|p1a: Kingambit|fallen4|[silent]
|turn|14
|
|t:|1779656067
|move|p1a: Kingambit|Sucker Punch|p2a: Ogerpon
|-damage|p2a: Ogerpon|0 fnt
|faint|p2a: Ogerpon
|
|upkeep
|inactive|npctypebeat has 120 seconds left.
|
|t:|1779656094
|switch|p2a: Gliscor|Gliscor, M|100/100 tox
|turn|15
|
|t:|1779656101
|move|p2a: Gliscor|Spikes|p1a: Kingambit
|-sidestart|p1: KevinSPG5|Spikes
|move|p1a: Kingambit|Kowtow Cleave|p2a: Gliscor
|-damage|p2a: Gliscor|32/100 tox
|
|-heal|p2a: Gliscor|45/100 tox|[from] ability: Poison Heal
|upkeep
|turn|16
|inactive|npctypebeat has 120 seconds left.
|
|t:|1779656123
|move|p2a: Gliscor|Protect|p2a: Gliscor
|-singleturn|p2a: Gliscor|Protect
|move|p1a: Kingambit|Kowtow Cleave|p2a: Gliscor
|-activate|p2a: Gliscor|move: Protect
|
|-heal|p2a: Gliscor|57/100 tox|[from] ability: Poison Heal
|upkeep
|turn|17
|inactive|npctypebeat has 120 seconds left.
|
|t:|1779656138
|switch|p2a: Pecharunt|Pecharunt|100/100
|move|p1a: Kingambit|Kowtow Cleave|p2a: Pecharunt
|-supereffective|p2a: Pecharunt
|-damage|p2a: Pecharunt|23/100
|
|upkeep
|turn|18
|inactive|npctypebeat has 120 seconds left.
|
|t:|1779656149
|move|p1a: Kingambit|Sucker Punch||[still]
|-fail|p1a: Kingambit
|move|p2a: Pecharunt|Parting Shot|p1a: Kingambit
|-unboost|p1a: Kingambit|atk|1
|-unboost|p1a: Kingambit|spa|1
|
|t:|1779656159
|switch|p2a: Gliscor|Gliscor, M|57/100 tox|[from] Parting Shot
|
|-heal|p2a: Gliscor|70/100 tox|[from] ability: Poison Heal
|upkeep
|turn|19
|inactive|npctypebeat has 120 seconds left.
|
|t:|1779656171
|move|p2a: Gliscor|Protect|p2a: Gliscor
|-singleturn|p2a: Gliscor|Protect
|move|p1a: Kingambit|Swords Dance|p1a: Kingambit
|-boost|p1a: Kingambit|atk|2
|
|-heal|p2a: Gliscor|82/100 tox|[from] ability: Poison Heal
|upkeep
|turn|20
|inactive|npctypebeat has 120 seconds left.
|
|t:|1779656191
|move|p2a: Gliscor|Earthquake|p1a: Kingambit
|-supereffective|p1a: Kingambit
|-damage|p1a: Kingambit|24/100
|move|p1a: Kingambit|Kowtow Cleave|p2a: Gliscor
|-crit|p2a: Gliscor
|-damage|p2a: Gliscor|0 fnt
|faint|p2a: Gliscor
|
|upkeep
|
|t:|1779656205
|switch|p2a: Blissey|Blissey, F|100/100
|turn|21
|
|t:|1779656211
|move|p1a: Kingambit|Kowtow Cleave|p2a: Blissey
|-damage|p2a: Blissey|0 fnt
|faint|p2a: Blissey
|
|upkeep
|
|t:|1779656217
|switch|p2a: Pecharunt|Pecharunt|23/100
|turn|22
|
|t:|1779656220
|move|p1a: Kingambit|Sucker Punch|p2a: Pecharunt
|-supereffective|p2a: Pecharunt
|-damage|p2a: Pecharunt|0 fnt
|faint|p2a: Pecharunt
|
|win|KevinSPG5
|raw|KevinSPG5's rating: 1164 &rarr; <strong>1191</strong><br />(+27 for winning)
|raw|npctypebeat's rating: 1185 &rarr; <strong>1158</strong><br />(-27 for losing)
|l|☆KevinSPG5
|player|p1|
|c|☆npctypebeat|gg
|l|☆npctypebeat
|player|p2|
