|j|☆Moddleman
|j|☆claudechamp
|t:|1779696435
|gametype|singles
|player|p1|Moddleman|ghetsis-gen5bw|1124
|player|p2|claudechamp|169|1098
|gen|9
|tier|[Gen 9] OU
|rated|
|rule|HP Percentage Mod: HP is shown in percentages
|rule|Endless Battle Clause: Forcing endless battles is banned
|rule|Species Clause: Limit one of each Pokémon
|rule|OHKO Clause: OHKO moves are banned
|rule|Evasion Items Clause: Evasion items are banned
|rule|Evasion Moves Clause: Evasion moves are banned
|rule|Evasion Abilities Clause: Evasion abilities are banned
|rule|Sleep Moves Clause: Sleep-inducing moves are banned
|clearpoke
|poke|p1|Gliscor, F|
|poke|p1|Gallade, M|
|poke|p1|Maushold-Four|
|poke|p1|Dragonite, F|
|poke|p1|Rotom-Wash|
|poke|p1|Serperior, M|
|poke|p2|Gliscor, F|
|poke|p2|Ogerpon, F|
|poke|p2|Walking Wake|
|poke|p2|Blissey, F|
|poke|p2|Corviknight, M|
|poke|p2|Pecharunt|
|teampreview
|c|☆claudechamp|hf
|inactive|Battle timer is ON: inactive players will automatically lose when time's up. (requested by claudechamp)
|
|t:|1779696441
|teamsize|p1|6
|teamsize|p2|6
|start
|switch|p1a: Rotom|Rotom-Wash, shiny|100/100
|switch|p2a: Gliscor|Gliscor, F|100/100
|turn|1
|
|t:|1779696447
|move|p1a: Rotom|Nasty Plot|p1a: Rotom
|-boost|p1a: Rotom|spa|2
|move|p2a: Gliscor|Spikes|p1a: Rotom
|-sidestart|p1: Moddleman|Spikes
|
|-status|p2a: Gliscor|tox|[from] item: Toxic Orb
|upkeep
|turn|2
|
|t:|1779696456
|move|p1a: Rotom|Hydro Pump|p2a: Gliscor
|-supereffective|p2a: Gliscor
|-damage|p2a: Gliscor|0 fnt
|faint|p2a: Gliscor
|
|upkeep
|
|t:|1779696458
|switch|p2a: Ogerpon|Ogerpon, F|100/100
|turn|3
|
|t:|1779696482
|switch|p1a: Gliscor|Gliscor, F, shiny|100/100
|move|p2a: Ogerpon|Ivy Cudgel|p1a: Gliscor
|-damage|p1a: Gliscor|57/100
|
|-status|p1a: Gliscor|tox|[from] item: Toxic Orb
|upkeep
|turn|4
|
|t:|1779696493
|move|p2a: Ogerpon|U-turn|p1a: Gliscor
|-resisted|p1a: Gliscor
|-damage|p1a: Gliscor|47/100 tox
|
|t:|1779696496
|switch|p2a: Blissey|Blissey, F|100/100|[from] U-turn
|move|p1a: Gliscor|Toxic|p2a: Blissey
|-status|p2a: Blissey|tox
|
|-heal|p1a: Gliscor|59/100 tox|[from] ability: Poison Heal
|-damage|p2a: Blissey|94/100 tox|[from] psn
|upkeep
|turn|5
|
|t:|1779696514
|switch|p1a: Gallade|Gallade, M, shiny|100/100
|-damage|p1a: Gallade|88/100|[from] Spikes
|move|p2a: Blissey|Stealth Rock|p1a: Gallade
|-sidestart|p1: Moddleman|move: Stealth Rock
|
|-heal|p1a: Gallade|94/100|[from] item: Leftovers
|-damage|p2a: Blissey|82/100 tox|[from] psn
|upkeep
|turn|6
|
|t:|1779696523
|-curestatus|p2a: Blissey|tox|[from] ability: Natural Cure|[silent]
|switch|p2a: Pecharunt|Pecharunt|100/100
|move|p1a: Gallade|Drain Punch|p2a: Pecharunt
|-immune|p2a: Pecharunt
|
|-heal|p1a: Gallade|99/100|[from] item: Leftovers
|upkeep
|turn|7
|
|t:|1779696534
|move|p1a: Gallade|Psycho Cut|p2a: Pecharunt
|-supereffective|p2a: Pecharunt
|-damage|p2a: Pecharunt|56/100
|move|p2a: Pecharunt|Malignant Chain|p1a: Gallade
|-damage|p1a: Gallade|66/100
|-status|p1a: Gallade|tox
|-start|p1a: Gallade|confusion|[from] ability: Poison Puppeteer|[of] p2a: Pecharunt
|
|-heal|p1a: Gallade|72/100 tox|[from] item: Leftovers
|-damage|p1a: Gallade|66/100 tox|[from] psn
|upkeep
|turn|8
|
|t:|1779696544
|-activate|p1a: Gallade|confusion
|-damage|p1a: Gallade|47/100 tox|[from] confusion
|move|p2a: Pecharunt|Recover|p2a: Pecharunt
|-heal|p2a: Pecharunt|100/100
|
|-heal|p1a: Gallade|53/100 tox|[from] item: Leftovers
|-damage|p1a: Gallade|41/100 tox|[from] psn
|upkeep
|turn|9
|
|t:|1779696548
|-activate|p1a: Gallade|confusion
|-damage|p1a: Gallade|21/100 tox|[from] confusion
|move|p2a: Pecharunt|Malignant Chain|p1a: Gallade
|-damage|p1a: Gallade|0 fnt
|faint|p1a: Gallade
|
|upkeep
|
|t:|1779696553
|switch|p1a: Gliscor|Gliscor, F, shiny|59/100 tox
|-damage|p1a: Gliscor|47/100 tox|[from] Stealth Rock
|turn|10
|
|t:|1779696558
|move|p1a: Gliscor|High Horsepower|p2a: Pecharunt
|-supereffective|p2a: Pecharunt
|-damage|p2a: Pecharunt|64/100
|move|p2a: Pecharunt|Parting Shot|p1a: Gliscor
|-unboost|p1a: Gliscor|atk|1
|-unboost|p1a: Gliscor|spa|1
|
|t:|1779696561
|switch|p2a: Walking Wake|Walking Wake|100/100|[from] Parting Shot
|
|-heal|p1a: Gliscor|59/100 tox|[from] ability: Poison Heal
|upkeep
|turn|11
|
|t:|1779696574
|switch|p1a: Serperior|Serperior, M, shiny|100/100
|-damage|p1a: Serperior|88/100|[from] Spikes
|-damage|p1a: Serperior|76/100|[from] Stealth Rock
|move|p2a: Walking Wake|Surf|p1a: Serperior
|-resisted|p1a: Serperior
|-damage|p1a: Serperior|51/100
|
|-heal|p1a: Serperior|57/100|[from] item: Leftovers
|upkeep
|turn|12
|inactive|Moddleman has 120 seconds left.
|
|t:|1779696608
|move|p2a: Walking Wake|Draco Meteor|p1a: Serperior
|-damage|p1a: Serperior|0 fnt
|-unboost|p2a: Walking Wake|spa|2
|faint|p1a: Serperior
|
|upkeep
|inactive|Moddleman has 120 seconds left.
|
|t:|1779696613
|switch|p1a: Rotom|Rotom-Wash, shiny|100/100
|-damage|p1a: Rotom|88/100|[from] Stealth Rock
|turn|13
|
|t:|1779696618
|move|p2a: Walking Wake|Surf|p1a: Rotom
|-resisted|p1a: Rotom
|-damage|p1a: Rotom|75/100
|move|p1a: Rotom|Nasty Plot|p1a: Rotom
|-boost|p1a: Rotom|spa|2
|
|-heal|p1a: Rotom|81/100|[from] item: Leftovers
|upkeep
|turn|14
|
|t:|1779696626
|-end|p2a: Walking Wake|Protosynthesis|[silent]
|switch|p2a: Ogerpon|Ogerpon, F|100/100
|move|p1a: Rotom|Thunderbolt|p2a: Ogerpon
|-resisted|p2a: Ogerpon
|-damage|p2a: Ogerpon|56/100
|
|-heal|p1a: Rotom|87/100|[from] item: Leftovers
|upkeep
|turn|15
|
|t:|1779696633
|move|p2a: Ogerpon|Ivy Cudgel|p1a: Rotom
|-supereffective|p1a: Rotom
|-damage|p1a: Rotom|0 fnt
|faint|p1a: Rotom
|
|upkeep
|
|t:|1779696637
|switch|p1a: Dragonite|Dragonite, F|100/100
|-damage|p1a: Dragonite|76/100|[from] Stealth Rock
|turn|16
|
|t:|1779696643
|-terastallize|p2a: Ogerpon|Grass
|detailschange|p2a: Ogerpon|Ogerpon-Teal-Tera, F, tera:Grass
|-ability|p2a: Ogerpon|Embody Aspect (Teal)|boost
|-boost|p2a: Ogerpon|spe|1
|move|p2a: Ogerpon|Ivy Cudgel|p1a: Dragonite
|-resisted|p1a: Dragonite
|-damage|p1a: Dragonite|61/100
|move|p1a: Dragonite|Fire Blast|p2a: Ogerpon
|-supereffective|p2a: Ogerpon
|-damage|p2a: Ogerpon|0 fnt
|faint|p2a: Ogerpon
|detailschange|p2: Ogerpon|Ogerpon, F|[silent]
|
|-heal|p1a: Dragonite|67/100|[from] item: Leftovers
|upkeep
|
|t:|1779696650
|switch|p2a: Walking Wake|Walking Wake|100/100
|turn|17
|
|t:|1779696665
|-terastallize|p1a: Dragonite|Fairy
|move|p2a: Walking Wake|Draco Meteor|p1a: Dragonite
|-immune|p1a: Dragonite
|move|p1a: Dragonite|Dragon Dance|p1a: Dragonite
|-boost|p1a: Dragonite|atk|1
|-boost|p1a: Dragonite|spe|1
|
|-heal|p1a: Dragonite|73/100|[from] item: Leftovers
|upkeep
|turn|18
|
|t:|1779696677
|move|p1a: Dragonite|Extreme Speed|p2a: Walking Wake
|-damage|p2a: Walking Wake|54/100
|move|p2a: Walking Wake|Surf|p1a: Dragonite
|-damage|p1a: Dragonite|28/100
|
|-heal|p1a: Dragonite|35/100|[from] item: Leftovers
|upkeep
|turn|19
|
|t:|1779696686
|move|p1a: Dragonite|Extreme Speed|p2a: Walking Wake
|-damage|p2a: Walking Wake|10/100
|move|p2a: Walking Wake|Surf|p1a: Dragonite
|-crit|p1a: Dragonite
|-damage|p1a: Dragonite|0 fnt
|faint|p1a: Dragonite
|
|upkeep
|
|t:|1779696693
|switch|p1a: Maushold|Maushold-Four, shiny|100/100
|-damage|p1a: Maushold|88/100|[from] Spikes
|-damage|p1a: Maushold|76/100|[from] Stealth Rock
|turn|20
|
|t:|1779696699
|move|p2a: Walking Wake|Surf|p1a: Maushold
|-damage|p1a: Maushold|3/100
|move|p1a: Maushold|Bullet Seed|p2a: Walking Wake
|-damage|p2a: Walking Wake|1/100
|-damage|p2a: Walking Wake|0 fnt
|faint|p2a: Walking Wake
|-end|p2a: Walking Wake|Protosynthesis|[silent]
|-hitcount|p2: Walking Wake|2
|
|upkeep
|
|t:|1779696706
|switch|p2a: Pecharunt|Pecharunt|64/100
|turn|21
|
|t:|1779696715
|move|p1a: Maushold|Crunch|p2a: Pecharunt
|-supereffective|p2a: Pecharunt
|-damage|p2a: Pecharunt|47/100
|move|p2a: Pecharunt|Foul Play|p1a: Maushold
|-damage|p1a: Maushold|0 fnt
|faint|p1a: Maushold
|
|upkeep
|
|t:|1779696722
|switch|p1a: Gliscor|Gliscor, F, shiny|59/100 tox
|-damage|p1a: Gliscor|47/100 tox|[from] Stealth Rock
|turn|22
|
|t:|1779696727
|move|p1a: Gliscor|High Horsepower|p2a: Pecharunt
|-supereffective|p2a: Pecharunt
|-crit|p2a: Pecharunt
|-damage|p2a: Pecharunt|0 fnt
|faint|p2a: Pecharunt
|
|-heal|p1a: Gliscor|59/100 tox|[from] ability: Poison Heal
|upkeep
|
|t:|1779696735
|switch|p2a: Corviknight|Corviknight, M|100/100
|-ability|p2a: Corviknight|Pressure
|turn|23
|
|t:|1779696744
|move|p1a: Gliscor|Ice Fang|p2a: Corviknight
|-damage|p2a: Corviknight|88/100
|move|p2a: Corviknight|Body Press|p1a: Gliscor
|-resisted|p1a: Gliscor
|-damage|p1a: Gliscor|47/100 tox
|
|-heal|p1a: Gliscor|60/100 tox|[from] ability: Poison Heal
|upkeep
|turn|24
|
|t:|1779696755
|move|p1a: Gliscor|Ice Fang|p2a: Corviknight
|-damage|p2a: Corviknight|75/100
|move|p2a: Corviknight|Body Press|p1a: Gliscor
|-resisted|p1a: Gliscor
|-damage|p1a: Gliscor|48/100 tox
|
|-heal|p1a: Gliscor|60/100 tox|[from] ability: Poison Heal
|upkeep
|turn|25
|
|t:|1779696760
|move|p1a: Gliscor|Crabhammer|p2a: Corviknight
|-crit|p2a: Corviknight
|-damage|p2a: Corviknight|47/100
|move|p2a: Corviknight|Roost|p2a: Corviknight
|-heal|p2a: Corviknight|97/100
|-singleturn|p2a: Corviknight|move: Roost
|
|-heal|p1a: Gliscor|73/100 tox|[from] ability: Poison Heal
|upkeep
|turn|26
|
|t:|1779696771
|move|p1a: Gliscor|Crabhammer|p2a: Corviknight
|-damage|p2a: Corviknight|80/100
|move|p2a: Corviknight|Body Press|p1a: Gliscor
|-resisted|p1a: Gliscor
|-damage|p1a: Gliscor|60/100 tox
|
|-heal|p1a: Gliscor|73/100 tox|[from] ability: Poison Heal
|upkeep
|turn|27
|
|t:|1779696788
|move|p1a: Gliscor|Crabhammer|p2a: Corviknight
|-crit|p2a: Corviknight
|-damage|p2a: Corviknight|51/100
|move|p2a: Corviknight|Roost|p2a: Corviknight
|-heal|p2a: Corviknight|100/100
|-singleturn|p2a: Corviknight|move: Roost
|
|-heal|p1a: Gliscor|85/100 tox|[from] ability: Poison Heal
|upkeep
|turn|28
|
|t:|1779696798
|move|p1a: Gliscor|Crabhammer|p2a: Corviknight
|-damage|p2a: Corviknight|82/100
|move|p2a: Corviknight|Thief|p1a: Gliscor
|-damage|p1a: Gliscor|74/100 tox
|
|-heal|p1a: Gliscor|87/100 tox|[from] ability: Poison Heal
|upkeep
|turn|29
|
|t:|1779696803
|move|p1a: Gliscor|Crabhammer|p2a: Corviknight
|-damage|p2a: Corviknight|63/100
|move|p2a: Corviknight|Roost|p2a: Corviknight
|-heal|p2a: Corviknight|100/100
|-singleturn|p2a: Corviknight|move: Roost
|
|-heal|p1a: Gliscor|99/100 tox|[from] ability: Poison Heal
|upkeep
|turn|30
|inactive|Moddleman has 120 seconds left.
|inactive|Moddleman has 90 seconds left.
|
|t:|1779696874
|move|p1a: Gliscor|Crabhammer|p2a: Corviknight
|-damage|p2a: Corviknight|82/100
|move|p2a: Corviknight|Body Press|p1a: Gliscor
|-resisted|p1a: Gliscor
|-damage|p1a: Gliscor|87/100 tox
|
|-heal|p1a: Gliscor|99/100 tox|[from] ability: Poison Heal
|upkeep
|turn|31
|
|t:|1779696881
|move|p1a: Gliscor|Crabhammer|p2a: Corviknight|[miss]
|-miss|p1a: Gliscor|p2a: Corviknight
|move|p2a: Corviknight|Roost|p2a: Corviknight
|-heal|p2a: Corviknight|100/100
|-singleturn|p2a: Corviknight|move: Roost
|
|-heal|p1a: Gliscor|100/100 tox|[from] ability: Poison Heal
|upkeep
|turn|32
|inactive|Moddleman has 90 seconds left.
|
|t:|1779696888
|move|p1a: Gliscor|Ice Fang|p2a: Corviknight
|-damage|p2a: Corviknight|88/100
|move|p2a: Corviknight|Thief|p1a: Gliscor
|-damage|p1a: Gliscor|88/100 tox
|
|-heal|p1a: Gliscor|100/100 tox|[from] ability: Poison Heal
|upkeep
|turn|33
|
|t:|1779696897
|move|p1a: Gliscor|Ice Fang|p2a: Corviknight
|-damage|p2a: Corviknight|77/100
|move|p2a: Corviknight|Roost|p2a: Corviknight
|-heal|p2a: Corviknight|100/100
|-singleturn|p2a: Corviknight|move: Roost
|
|upkeep
|turn|34
|
|t:|1779696906
|move|p1a: Gliscor|Ice Fang|p2a: Corviknight
|-damage|p2a: Corviknight|89/100
|cant|p2a: Corviknight|flinch
|
|upkeep
|turn|35
|
|t:|1779696913
|move|p1a: Gliscor|Ice Fang|p2a: Corviknight
|-damage|p2a: Corviknight|77/100
|move|p2a: Corviknight|Roost|p2a: Corviknight
|-heal|p2a: Corviknight|100/100
|-singleturn|p2a: Corviknight|move: Roost
|
|upkeep
|turn|36
|
|t:|1779696922
|move|p1a: Gliscor|Ice Fang|p2a: Corviknight
|-damage|p2a: Corviknight|89/100
|cant|p2a: Corviknight|flinch
|
|upkeep
|turn|37
|inactive|Moddleman has 120 seconds left.
|
|t:|1779696930
|move|p1a: Gliscor|Ice Fang|p2a: Corviknight
|-damage|p2a: Corviknight|77/100
|move|p2a: Corviknight|Roost|p2a: Corviknight
|-heal|p2a: Corviknight|100/100
|-singleturn|p2a: Corviknight|move: Roost
|
|upkeep
|turn|38
|
|t:|1779696938
|move|p1a: Gliscor|Ice Fang|p2a: Corviknight|[miss]
|-miss|p1a: Gliscor|p2a: Corviknight
|move|p2a: Corviknight|U-turn|p1a: Gliscor
|-resisted|p1a: Gliscor
|-damage|p1a: Gliscor|93/100 tox
|
|t:|1779696945
|switch|p2a: Blissey|Blissey, F|82/100|[from] U-turn
|
|-heal|p1a: Gliscor|100/100 tox|[from] ability: Poison Heal
|upkeep
|turn|39
|inactive|Moddleman has 120 seconds left.
|inactive|Moddleman has 90 seconds left.
|inactive|Moddleman has 60 seconds left.
|inactive|Moddleman has 30 seconds left.
|inactive|Moddleman has 20 seconds left.
|inactive|Moddleman has 15 seconds left.
|inactive|Moddleman has 10 seconds left.
|inactive|Moddleman has 5 seconds left.
|-message|Moddleman lost due to inactivity.
|
|win|claudechamp
|raw|Moddleman's rating: 1124 &rarr; <strong>1101</strong><br />(-23 for losing)
|raw|claudechamp's rating: 1147 &rarr; <strong>1170</strong><br />(+23 for winning)
|c|☆claudechamp|gg
