|j|☆rblt ryo
|j|☆akijuen
|t:|1779568192
|gametype|singles
|player|p1|rblt ryo|grimsley-gen7|1573
|player|p2|akijuen|lucas|1645
|gen|9
|tier|[Gen 9] OU
|rated|
|rule|HP Percentage Mod: HP is shown in percentages
|rule|Endless Battle Clause: Forcing endless battles is banned
|rule|Species Clause: Limit one of each Pokémon
|rule|OHKO Clause: OHKO moves are banned
|rule|Evasion Items Clause: Evasion items are banned
|rule|Evasion Moves Clause: Evasion moves are banned
|rule|Evasion Abilities Clause: Evasion abilities are banned
|rule|Sleep Moves Clause: Sleep-inducing moves are banned
|clearpoke
|poke|p1|Metagross|
|poke|p1|Keldeo-Resolute|
|poke|p1|Ting-Lu|
|poke|p1|Pecharunt|
|poke|p1|Dragapult, M|
|poke|p1|Zapdos|
|poke|p2|Regieleki|
|poke|p2|Slowking-Galar, M|
|poke|p2|Zapdos|
|poke|p2|Ogerpon-Wellspring, F|
|poke|p2|Kingambit, M|
|poke|p2|Garchomp, M|
|teampreview
|inactive|Battle timer is ON: inactive players will automatically lose when time's up. (requested by akijuen)
|
|t:|1779568209
|teamsize|p1|6
|teamsize|p2|6
|start
|switch|p1a: Dragapult|Dragapult, M|100/100
|switch|p2a: Electrode Sr.|Regieleki|100/100
|turn|1
|
|t:|1779568211
|move|p1a: Dragapult|Draco Meteor|p2a: Electrode Sr.
|-damage|p2a: Electrode Sr.|0 fnt
|-unboost|p1a: Dragapult|spa|2
|faint|p2a: Electrode Sr.
|
|upkeep
|
|t:|1779568221
|switch|p2a: Ogerpon|Ogerpon-Wellspring, F|100/100
|turn|2
|
|t:|1779568224
|switch|p1a: Pecharunt|Pecharunt|100/100
|move|p2a: Ogerpon|Ivy Cudgel|p1a: Pecharunt|[anim] Ivy Cudgel Water
|-damage|p1a: Pecharunt|72/100
|
|upkeep
|turn|3
|
|t:|1779568227
|move|p2a: Ogerpon|U-turn|p1a: Pecharunt
|-resisted|p1a: Pecharunt
|-damage|p1a: Pecharunt|69/100
|
|t:|1779568229
|switch|p2a: Kingambit|Kingambit, M|100/100|[from] U-turn
|-activate|p2a: Kingambit|ability: Supreme Overlord
|-start|p2a: Kingambit|fallen1|[silent]
|move|p1a: Pecharunt|Malignant Chain|p2a: Kingambit
|-immune|p2a: Kingambit
|
|upkeep
|turn|4
|
|t:|1779568233
|move|p1a: Pecharunt|Parting Shot|p2a: Kingambit
|-unboost|p2a: Kingambit|atk|1
|-unboost|p2a: Kingambit|spa|1
|
|t:|1779568235
|switch|p1a: Keldeo|Keldeo-Resolute, shiny|100/100|[from] Parting Shot
|move|p2a: Kingambit|Swords Dance|p2a: Kingambit
|-boost|p2a: Kingambit|atk|2
|
|upkeep
|turn|5
|
|t:|1779568243
|-end|p2a: Kingambit|fallen1|[silent]
|switch|p2a: Slowking|Slowking-Galar, M|100/100
|move|p1a: Keldeo|Secret Sword|p2a: Slowking
|-resisted|p2a: Slowking
|-damage|p2a: Slowking|84/100
|
|upkeep
|turn|6
|
|t:|1779568250
|switch|p1a: Ting-Lu|Ting-Lu|100/100
|-ability|p1a: Ting-Lu|Vessel of Ruin
|-prepare|p2a: Slowking|Chilly Reception|[premajor]
|move|p2a: Slowking|Chilly Reception|p2a: Slowking
|-weather|Snowscape
|
|t:|1779568253
|switch|p2a: Ogerpon|Ogerpon-Wellspring, F|100/100|[from] Chilly Reception
|
|-weather|Snowscape|[upkeep]
|upkeep
|turn|7
|
|t:|1779568256
|move|p2a: Ogerpon|Knock Off|p1a: Ting-Lu
|-resisted|p1a: Ting-Lu
|-damage|p1a: Ting-Lu|90/100
|-enditem|p1a: Ting-Lu|Leftovers|[from] move: Knock Off|[of] p2a: Ogerpon
|move|p1a: Ting-Lu|Whirlwind|p2a: Ogerpon
|drag|p2a: Garchomp|Garchomp, M|100/100
|
|-weather|Snowscape|[upkeep]
|upkeep
|turn|8
|
|t:|1779568259
|move|p2a: Garchomp|Earthquake|p1a: Ting-Lu
|-damage|p1a: Ting-Lu|67/100
|move|p1a: Ting-Lu|Stealth Rock|p2a: Garchomp
|-sidestart|p2: akijuen|move: Stealth Rock
|
|-weather|Snowscape|[upkeep]
|upkeep
|turn|9
|
|t:|1779568262
|move|p2a: Garchomp|Stealth Rock|p1a: Ting-Lu
|-sidestart|p1: rblt ryo|move: Stealth Rock
|move|p1a: Ting-Lu|Ruination|p2a: Garchomp
|-damage|p2a: Garchomp|51/100
|
|-weather|Snowscape|[upkeep]
|upkeep
|turn|10
|
|t:|1779568268
|move|p2a: Garchomp|Spikes|p1a: Ting-Lu
|-sidestart|p1: rblt ryo|Spikes
|move|p1a: Ting-Lu|Earthquake|p2a: Garchomp
|-damage|p2a: Garchomp|29/100
|
|-weather|none
|upkeep
|turn|11
|
|t:|1779568271
|move|p1a: Ting-Lu|Earthquake|p2a: Garchomp
|-damage|p2a: Garchomp|4/100
|move|p2a: Garchomp|Dragon Tail|p1a: Ting-Lu
|-damage|p1a: Ting-Lu|52/100
|drag|p1a: Pecharunt|Pecharunt|69/100
|
|upkeep
|turn|12
|
|t:|1779568283
|switch|p1a: Zapdos|Zapdos|100/100
|move|p2a: Garchomp|Spikes|p1a: Zapdos
|-sidestart|p1: rblt ryo|Spikes
|
|upkeep
|turn|13
|
|t:|1779568287
|move|p1a: Zapdos|Heat Wave|p2a: Garchomp
|-resisted|p2a: Garchomp
|-damage|p2a: Garchomp|0 fnt
|faint|p2a: Garchomp
|
|upkeep
|
|t:|1779568292
|switch|p2a: Slowking|Slowking-Galar, M|100/100
|-damage|p2a: Slowking|88/100|[from] Stealth Rock
|turn|14
|
|t:|1779568296
|move|p1a: Zapdos|Volt Switch|p2a: Slowking
|-damage|p2a: Slowking|65/100
|
|t:|1779568298
|switch|p1a: Ting-Lu|Ting-Lu|52/100|[from] Volt Switch
|-damage|p1a: Ting-Lu|46/100|[from] Stealth Rock
|-damage|p1a: Ting-Lu|29/100|[from] Spikes
|-ability|p1a: Ting-Lu|Vessel of Ruin
|move|p2a: Slowking|Sludge Bomb|p1a: Ting-Lu
|-resisted|p1a: Ting-Lu
|-damage|p1a: Ting-Lu|23/100
|-status|p1a: Ting-Lu|psn
|
|-damage|p1a: Ting-Lu|10/100 psn|[from] psn
|upkeep
|turn|15
|
|t:|1779568303
|switch|p2a: Zapdos|Zapdos|100/100
|move|p1a: Ting-Lu|Earthquake|p2a: Zapdos
|-immune|p2a: Zapdos
|
|-damage|p1a: Ting-Lu|0 fnt|[from] psn
|faint|p1a: Ting-Lu
|upkeep
|
|t:|1779568325
|switch|p1a: Zapdos|Zapdos|100/100
|turn|16
|
|t:|1779568330
|move|p2a: Zapdos|Heat Wave|p1a: Zapdos
|-damage|p1a: Zapdos|66/100
|move|p1a: Zapdos|Heat Wave|p2a: Zapdos
|-damage|p2a: Zapdos|66/100
|
|upkeep
|turn|17
|
|t:|1779568336
|move|p1a: Zapdos|Roost|p1a: Zapdos
|-heal|p1a: Zapdos|100/100
|-singleturn|p1a: Zapdos|move: Roost
|move|p2a: Zapdos|Volt Switch|p1a: Zapdos
|-resisted|p1a: Zapdos
|-damage|p1a: Zapdos|79/100
|
|t:|1779568339
|switch|p2a: Ogerpon|Ogerpon-Wellspring, F|100/100|[from] Volt Switch
|-damage|p2a: Ogerpon|88/100|[from] Stealth Rock
|
|upkeep
|turn|18
|
|t:|1779568357
|move|p2a: Ogerpon|Encore|p1a: Zapdos
|-start|p1a: Zapdos|Encore
|move|p1a: Zapdos|Roost|p1a: Zapdos
|-heal|p1a: Zapdos|100/100
|-singleturn|p1a: Zapdos|move: Roost
|
|upkeep
|turn|19
|
|t:|1779568362
|switch|p1a: Pecharunt|Pecharunt|69/100
|move|p2a: Ogerpon|Ivy Cudgel|p1a: Pecharunt|[anim] Ivy Cudgel Water
|-damage|p1a: Pecharunt|39/100
|
|upkeep
|turn|20
|
|t:|1779568368
|move|p2a: Ogerpon|Knock Off|p1a: Pecharunt
|-supereffective|p1a: Pecharunt
|-damage|p1a: Pecharunt|0 fnt
|-enditem|p1a: Pecharunt|Heavy-Duty Boots|[from] move: Knock Off|[of] p2a: Ogerpon
|faint|p1a: Pecharunt
|
|upkeep
|
|t:|1779568376
|switch|p1a: Metagross|Metagross, shiny|100/100
|-damage|p1a: Metagross|94/100|[from] Stealth Rock
|-damage|p1a: Metagross|78/100|[from] Spikes
|turn|21
|
|t:|1779568378
|move|p2a: Ogerpon|Knock Off|p1a: Metagross
|-supereffective|p1a: Metagross
|-damage|p1a: Metagross|20/100
|-enditem|p1a: Metagross|Assault Vest|[from] move: Knock Off|[of] p2a: Ogerpon
|move|p1a: Metagross|Psychic Fangs|p2a: Ogerpon
|-damage|p2a: Ogerpon|28/100
|
|upkeep
|turn|22
|
|t:|1779568383
|move|p1a: Metagross|Bullet Punch|p2a: Ogerpon
|-resisted|p2a: Ogerpon
|-damage|p2a: Ogerpon|12/100
|move|p2a: Ogerpon|Ivy Cudgel|p1a: Metagross|[anim] Ivy Cudgel Water
|-damage|p1a: Metagross|0 fnt
|faint|p1a: Metagross
|
|upkeep
|
|t:|1779568388
|switch|p1a: Dragapult|Dragapult, M|100/100
|-damage|p1a: Dragapult|88/100|[from] Stealth Rock
|-damage|p1a: Dragapult|72/100|[from] Spikes
|turn|23
|
|t:|1779568391
|switch|p2a: Kingambit|Kingambit, M|100/100
|-damage|p2a: Kingambit|94/100|[from] Stealth Rock
|-activate|p2a: Kingambit|ability: Supreme Overlord
|-start|p2a: Kingambit|fallen2|[silent]
|move|p1a: Dragapult|U-turn|p2a: Kingambit
|-damage|p2a: Kingambit|81/100
|
|t:|1779568393
|switch|p1a: Keldeo|Keldeo-Resolute, shiny|100/100|[from] U-turn
|-damage|p1a: Keldeo|94/100|[from] Stealth Rock
|-damage|p1a: Keldeo|78/100|[from] Spikes
|
|-heal|p2a: Kingambit|88/100|[from] item: Leftovers
|upkeep
|turn|24
|
|t:|1779568401
|-end|p2a: Kingambit|fallen2|[silent]
|switch|p2a: Ogerpon|Ogerpon-Wellspring, F|12/100
|-damage|p2a: Ogerpon|0 fnt|[from] Stealth Rock
|faint|p2a: Ogerpon
|move|p1a: Keldeo|Surf|p2: Ogerpon|[notarget]
|-fail|p1a: Keldeo
|
|upkeep
|
|t:|1779568405
|switch|p2a: Slowking|Slowking-Galar, M|98/100
|-damage|p2a: Slowking|86/100|[from] Stealth Rock
|turn|25
|
|t:|1779568412
|switch|p1a: Zapdos|Zapdos|100/100
|move|p2a: Slowking|Future Sight|p1a: Zapdos
|-start|p2a: Slowking|move: Future Sight
|
|upkeep
|turn|26
|
|t:|1779568418
|move|p1a: Zapdos|Hurricane|p2a: Slowking|[miss]
|-miss|p1a: Zapdos|p2a: Slowking
|-prepare|p2a: Slowking|Chilly Reception|[premajor]
|move|p2a: Slowking|Chilly Reception|p2a: Slowking
|-weather|Snowscape
|
|t:|1779568420
|switch|p2a: Zapdos|Zapdos|66/100|[from] Chilly Reception
|
|-weather|Snowscape|[upkeep]
|upkeep
|turn|27
|
|t:|1779568430
|move|p1a: Zapdos|Volt Switch|p2a: Zapdos
|-damage|p2a: Zapdos|22/100
|
|t:|1779568432
|switch|p1a: Dragapult|Dragapult, M|72/100|[from] Volt Switch
|-damage|p1a: Dragapult|59/100|[from] Stealth Rock
|-damage|p1a: Dragapult|43/100|[from] Spikes
|move|p2a: Zapdos|Roost|p2a: Zapdos
|-heal|p2a: Zapdos|72/100
|-singleturn|p2a: Zapdos|move: Roost
|
|-weather|Snowscape|[upkeep]
|-end|p1a: Dragapult|move: Future Sight
|-damage|p1a: Dragapult|0 fnt
|faint|p1a: Dragapult
|upkeep
|
|t:|1779568442
|switch|p1a: Keldeo|Keldeo-Resolute, shiny|78/100
|-damage|p1a: Keldeo|72/100|[from] Stealth Rock
|-damage|p1a: Keldeo|55/100|[from] Spikes
|turn|28
|
|t:|1779568448
|-terastallize|p1a: Keldeo|Water
|move|p1a: Keldeo|Surf|p2a: Zapdos
|-damage|p2a: Zapdos|0 fnt
|faint|p2a: Zapdos
|
|-weather|Snowscape|[upkeep]
|upkeep
|
|t:|1779568452
|switch|p2a: Slowking|Slowking-Galar, M|100/100
|-damage|p2a: Slowking|88/100|[from] Stealth Rock
|turn|29
|
|t:|1779568455
|move|p1a: Keldeo|Surf|p2a: Slowking
|-damage|p2a: Slowking|31/100
|move|p2a: Slowking|Sludge Bomb|p1a: Keldeo
|-damage|p1a: Keldeo|19/100
|
|-weather|Snowscape|[upkeep]
|upkeep
|turn|30
|
|t:|1779568460
|move|p1a: Keldeo|Surf|p2a: Slowking
|-damage|p2a: Slowking|0 fnt
|faint|p2a: Slowking
|
|-weather|none
|upkeep
|
|t:|1779568462
|switch|p2a: Kingambit|Kingambit, M|88/100
|-damage|p2a: Kingambit|81/100|[from] Stealth Rock
|-activate|p2a: Kingambit|ability: Supreme Overlord
|-start|p2a: Kingambit|fallen5|[silent]
|turn|31
|
|t:|1779568465
|-terastallize|p2a: Kingambit|Ghost
|move|p1a: Keldeo|Surf|p2a: Kingambit
|-damage|p2a: Kingambit|0 fnt
|faint|p2a: Kingambit
|-end|p2a: Kingambit|fallen5|[silent]
|
|win|rblt ryo
|raw|rblt ryo's rating: 1573 &rarr; <strong>1597</strong><br />(+24 for winning)
|raw|akijuen's rating: 1645 &rarr; <strong>1621</strong><br />(-24 for losing)
|c|☆akijuen|Nice read.
|c|☆akijuen|GG
|l|☆akijuen
|player|p2|
