|inactive|Battle timer is ON: inactive players will automatically lose when time's up.
|t:|1779567203
|gametype|singles
|player|p1|Sagazinha|#ptplvidazzlingdiancies|
|player|p2|13th Nu|lillie-masters2|
|gen|9
|tier|[Gen 9] OU
|rule|HP Percentage Mod: HP is shown in percentages
|rule|Endless Battle Clause: Forcing endless battles is banned
|rule|Species Clause: Limit one of each Pokémon
|rule|OHKO Clause: OHKO moves are banned
|rule|Evasion Items Clause: Evasion items are banned
|rule|Evasion Moves Clause: Evasion moves are banned
|rule|Evasion Abilities Clause: Evasion abilities are banned
|rule|Sleep Moves Clause: Sleep-inducing moves are banned
|clearpoke
|poke|p1|Slowking-Galar, M|
|poke|p1|Gliscor, F|
|poke|p1|Sinistcha|
|poke|p1|Ting-Lu|
|poke|p1|Zamazenta-*|
|poke|p1|Skarmory, F|
|poke|p2|Dragonite, F|
|poke|p2|Zamazenta-*|
|poke|p2|Iron Valiant|
|poke|p2|Raging Bolt|
|poke|p2|Great Tusk|
|poke|p2|Deoxys-Speed|
|teampreview
|c|☆13th Nu|glhf
|c|☆Sagazinha|u2
|inactive|Sagazinha has 270 seconds left.
|inactive|13th Nu has 270 seconds left.
|
|t:|1779567238
|teamsize|p1|6
|teamsize|p2|6
|start
|switch|p1a: Slowking|Slowking-Galar, M|100/100
|switch|p2a: Deoxys|Deoxys-Speed|100/100
|-ability|p2a: Deoxys|Pressure
|turn|1
|
|t:|1779567248
|move|p2a: Deoxys|Stealth Rock|p1a: Slowking
|-sidestart|p1: Sagazinha|move: Stealth Rock
|move|p1a: Slowking|Sludge Bomb|p2a: Deoxys
|-damage|p2a: Deoxys|48/100
|
|upkeep
|turn|2
|
|t:|1779567261
|move|p2a: Deoxys|Psycho Boost|p1a: Slowking|[miss]
|-miss|p2a: Deoxys|p1a: Slowking
|move|p1a: Slowking|Sludge Bomb|p2a: Deoxys
|-damage|p2a: Deoxys|0 fnt
|faint|p2a: Deoxys
|
|upkeep
|
|t:|1779567270
|switch|p2a: Great Tusk|Great Tusk|100/100
|-enditem|p2a: Great Tusk|Booster Energy
|-activate|p2a: Great Tusk|ability: Protosynthesis|[fromitem]
|-start|p2a: Great Tusk|protosynthesisspe
|turn|3
|inactive|13th Nu has 270 seconds left.
|
|t:|1779567302
|switch|p1a: Sinistcha|Sinistcha|100/100
|move|p2a: Great Tusk|Bulk Up|p2a: Great Tusk
|-boost|p2a: Great Tusk|atk|1
|-boost|p2a: Great Tusk|def|1
|
|upkeep
|turn|4
|inactive|13th Nu has 270 seconds left.
|
|t:|1779567315
|move|p2a: Great Tusk|Ice Spinner|p1a: Sinistcha
|-supereffective|p1a: Sinistcha
|-damage|p1a: Sinistcha|50/100
|move|p1a: Sinistcha|Matcha Gotcha|p2a: Great Tusk
|-supereffective|p2a: Great Tusk
|-damage|p2a: Great Tusk|22/100
|-heal|p1a: Sinistcha|99/100|[from] drain|[of] p2a: Great Tusk
|
|upkeep
|turn|5
|
|t:|1779567324
|move|p2a: Great Tusk|Ice Spinner|p1a: Sinistcha
|-supereffective|p1a: Sinistcha
|-damage|p1a: Sinistcha|50/100
|move|p1a: Sinistcha|Strength Sap|p2a: Great Tusk
|-unboost|p2a: Great Tusk|atk|1
|-heal|p1a: Sinistcha|100/100
|
|upkeep
|turn|6
|
|t:|1779567331
|move|p2a: Great Tusk|Ice Spinner|p1a: Sinistcha
|-supereffective|p1a: Sinistcha
|-damage|p1a: Sinistcha|69/100
|move|p1a: Sinistcha|Matcha Gotcha|p2a: Great Tusk
|-supereffective|p2a: Great Tusk
|-damage|p2a: Great Tusk|0 fnt
|-heal|p1a: Sinistcha|82/100|[from] drain|[of] p2a: Great Tusk
|faint|p2a: Great Tusk
|-end|p2a: Great Tusk|Protosynthesis|[silent]
|
|upkeep
|
|t:|1779567343
|switch|p2a: Raging Bolt|Raging Bolt|100/100
|-enditem|p2a: Raging Bolt|Booster Energy
|-activate|p2a: Raging Bolt|ability: Protosynthesis|[fromitem]
|-start|p2a: Raging Bolt|protosynthesisspa
|turn|7
|
|t:|1779567348
|switch|p1a: Ting-Lu|Ting-Lu|100/100
|-damage|p1a: Ting-Lu|94/100|[from] Stealth Rock
|-ability|p1a: Ting-Lu|Vessel of Ruin
|move|p2a: Raging Bolt|Calm Mind|p2a: Raging Bolt
|-boost|p2a: Raging Bolt|spa|1
|-boost|p2a: Raging Bolt|spd|1
|
|-heal|p1a: Ting-Lu|100/100|[from] item: Leftovers
|upkeep
|turn|8
|
|t:|1779567356
|move|p2a: Raging Bolt|Dragon Pulse|p1a: Ting-Lu
|-damage|p1a: Ting-Lu|60/100
|move|p1a: Ting-Lu|Whirlwind|p2a: Raging Bolt
|-end|p2a: Raging Bolt|Protosynthesis|[silent]
|drag|p2a: Dragonite|Dragonite, F|100/100
|
|-heal|p1a: Ting-Lu|66/100|[from] item: Leftovers
|upkeep
|turn|9
|
|t:|1779567365
|move|p2a: Dragonite|Dragon Dance|p2a: Dragonite
|-boost|p2a: Dragonite|atk|1
|-boost|p2a: Dragonite|spe|1
|move|p1a: Ting-Lu|Stealth Rock|p2a: Dragonite
|-sidestart|p2: 13th Nu|move: Stealth Rock
|
|-heal|p1a: Ting-Lu|72/100|[from] item: Leftovers
|upkeep
|turn|10
|
|t:|1779567367
|move|p2a: Dragonite|Earthquake|p1a: Ting-Lu
|-damage|p1a: Ting-Lu|39/100
|move|p1a: Ting-Lu|Whirlwind|p2a: Dragonite
|drag|p2a: Zamazenta|Zamazenta|100/100
|-damage|p2a: Zamazenta|94/100|[from] Stealth Rock
|-ability|p2a: Zamazenta|Dauntless Shield|boost
|-boost|p2a: Zamazenta|def|1
|
|-heal|p1a: Ting-Lu|45/100|[from] item: Leftovers
|upkeep
|turn|11
|
|t:|1779567376
|switch|p1a: Skarmory|Skarmory, F|100/100
|-damage|p1a: Skarmory|88/100|[from] Stealth Rock
|move|p2a: Zamazenta|Close Combat|p1a: Skarmory
|-damage|p1a: Skarmory|43/100
|-unboost|p2a: Zamazenta|def|1
|-unboost|p2a: Zamazenta|spd|1
|-damage|p2a: Zamazenta|78/100|[from] item: Rocky Helmet|[of] p1a: Skarmory
|-damage|p2a: Zamazenta|68/100|[from] item: Life Orb
|
|upkeep
|turn|12
|
|t:|1779567390
|switch|p1a: Slowking|Slowking-Galar, M|100/100
|move|p2a: Zamazenta|Close Combat|p1a: Slowking
|-resisted|p1a: Slowking
|-damage|p1a: Slowking|84/100
|-unboost|p2a: Zamazenta|def|1
|-unboost|p2a: Zamazenta|spd|1
|-damage|p2a: Zamazenta|58/100|[from] item: Life Orb
|
|upkeep
|turn|13
|
|t:|1779567404
|switch|p1a: Skarmory|Skarmory, F|43/100
|-damage|p1a: Skarmory|30/100|[from] Stealth Rock
|-terastallize|p2a: Zamazenta|Dark
|move|p2a: Zamazenta|Crunch|p1a: Skarmory
|-damage|p1a: Skarmory|1/100
|-damage|p2a: Zamazenta|41/100|[from] item: Rocky Helmet|[of] p1a: Skarmory
|-damage|p2a: Zamazenta|32/100|[from] item: Life Orb
|
|upkeep
|turn|14
|
|t:|1779567407
|move|p2a: Zamazenta|Crunch|p1a: Skarmory
|-damage|p1a: Skarmory|0 fnt
|-damage|p2a: Zamazenta|15/100|[from] item: Rocky Helmet|[of] p1a: Skarmory
|faint|p1a: Skarmory
|-damage|p2a: Zamazenta|5/100|[from] item: Life Orb
|
|upkeep
|
|t:|1779567423
|switch|p1a: Sinistcha|Sinistcha|82/100
|turn|15
|
|t:|1779567429
|move|p2a: Zamazenta|Crunch|p1a: Sinistcha
|-supereffective|p1a: Sinistcha
|-damage|p1a: Sinistcha|11/100
|-damage|p2a: Zamazenta|0 fnt|[from] item: Life Orb
|faint|p2a: Zamazenta
|move|p1a: Sinistcha|Strength Sap|p2: Zamazenta|[notarget]
|-fail|p1a: Sinistcha
|
|upkeep
|
|t:|1779567452
|switch|p2a: Dragonite|Dragonite, F|100/100
|-damage|p2a: Dragonite|76/100|[from] Stealth Rock
|turn|16
|
|t:|1779567459
|switch|p1a: Zamazenta|Zamazenta|100/100
|-ability|p1a: Zamazenta|Dauntless Shield|boost
|-boost|p1a: Zamazenta|def|1
|move|p2a: Dragonite|Earthquake|p1a: Zamazenta
|-damage|p1a: Zamazenta|76/100
|
|-heal|p2a: Dragonite|82/100|[from] item: Leftovers
|upkeep
|turn|17
|
|t:|1779567466
|switch|p2a: Iron Valiant|Iron Valiant|100/100
|-damage|p2a: Iron Valiant|94/100|[from] Stealth Rock
|-enditem|p2a: Iron Valiant|Booster Energy
|-activate|p2a: Iron Valiant|ability: Quark Drive|[fromitem]
|-start|p2a: Iron Valiant|quarkdrivespe
|move|p1a: Zamazenta|Stone Edge|p2a: Iron Valiant
|-resisted|p2a: Iron Valiant
|-damage|p2a: Iron Valiant|72/100
|
|upkeep
|turn|18
|
|t:|1779567477
|-end|p2a: Iron Valiant|Quark Drive|[silent]
|switch|p2a: Dragonite|Dragonite, F|82/100
|-damage|p2a: Dragonite|57/100|[from] Stealth Rock
|switch|p1a: Slowking|Slowking-Galar, M|100/100
|
|-heal|p2a: Dragonite|63/100|[from] item: Leftovers
|upkeep
|turn|19
|
|t:|1779567482
|move|p2a: Dragonite|Roost|p2a: Dragonite
|-heal|p2a: Dragonite|100/100
|-singleturn|p2a: Dragonite|move: Roost
|move|p1a: Slowking|Thunder Wave|p2a: Dragonite
|-status|p2a: Dragonite|par
|
|upkeep
|turn|20
|
|t:|1779567485
|switch|p1a: Sinistcha|Sinistcha|11/100
|move|p2a: Dragonite|Dragon Dance|p2a: Dragonite
|-boost|p2a: Dragonite|atk|1
|-boost|p2a: Dragonite|spe|1
|
|upkeep
|turn|21
|
|t:|1779567490
|move|p2a: Dragonite|Earthquake|p1a: Sinistcha
|-resisted|p1a: Sinistcha
|-damage|p1a: Sinistcha|0 fnt
|faint|p1a: Sinistcha
|
|upkeep
|
|t:|1779567502
|switch|p1a: Ting-Lu|Ting-Lu|45/100
|-damage|p1a: Ting-Lu|39/100|[from] Stealth Rock
|-ability|p1a: Ting-Lu|Vessel of Ruin
|turn|22
|
|t:|1779567508
|cant|p2a: Dragonite|par
|move|p1a: Ting-Lu|Whirlwind|p2a: Dragonite
|drag|p2a: Iron Valiant|Iron Valiant|72/100
|-damage|p2a: Iron Valiant|66/100|[from] Stealth Rock
|
|-heal|p1a: Ting-Lu|45/100|[from] item: Leftovers
|upkeep
|turn|23
|
|t:|1779567516
|switch|p1a: Slowking|Slowking-Galar, M|100/100
|move|p2a: Iron Valiant|Moonblast|p1a: Slowking
|-resisted|p1a: Slowking
|-damage|p1a: Slowking|86/100
|-unboost|p1a: Slowking|spa|1
|
|upkeep
|turn|24
|
|t:|1779567527
|move|p2a: Iron Valiant|Calm Mind|p2a: Iron Valiant
|-boost|p2a: Iron Valiant|spa|1
|-boost|p2a: Iron Valiant|spd|1
|move|p1a: Slowking|Sludge Bomb|p2a: Iron Valiant
|-supereffective|p2a: Iron Valiant
|-damage|p2a: Iron Valiant|13/100
|
|upkeep
|turn|25
|
|t:|1779567533
|move|p2a: Iron Valiant|Thunderbolt|p1a: Slowking
|-damage|p1a: Slowking|59/100
|move|p1a: Slowking|Sludge Bomb|p2a: Iron Valiant
|-supereffective|p2a: Iron Valiant
|-damage|p2a: Iron Valiant|0 fnt
|faint|p2a: Iron Valiant
|-end|p2a: Iron Valiant|Quark Drive|[silent]
|
|upkeep
|
|t:|1779567548
|switch|p2a: Raging Bolt|Raging Bolt|100/100
|-damage|p2a: Raging Bolt|88/100|[from] Stealth Rock
|turn|26
|
|t:|1779567552
|move|p2a: Raging Bolt|Calm Mind|p2a: Raging Bolt
|-boost|p2a: Raging Bolt|spa|1
|-boost|p2a: Raging Bolt|spd|1
|-prepare|p1a: Slowking|Chilly Reception|[premajor]
|move|p1a: Slowking|Chilly Reception|p1a: Slowking
|-weather|Snowscape
|
|t:|1779567553
|switch|p1a: Ting-Lu|Ting-Lu|45/100|[from] Chilly Reception
|-damage|p1a: Ting-Lu|39/100|[from] Stealth Rock
|-ability|p1a: Ting-Lu|Vessel of Ruin
|
|-weather|Snowscape|[upkeep]
|-heal|p1a: Ting-Lu|45/100|[from] item: Leftovers
|upkeep
|turn|27
|
|t:|1779567556
|move|p2a: Raging Bolt|Dragon Pulse|p1a: Ting-Lu
|-damage|p1a: Ting-Lu|15/100
|move|p1a: Ting-Lu|Earthquake|p2a: Raging Bolt
|-supereffective|p2a: Raging Bolt
|-damage|p2a: Raging Bolt|24/100
|
|-weather|Snowscape|[upkeep]
|-heal|p1a: Ting-Lu|22/100|[from] item: Leftovers
|upkeep
|turn|28
|
|t:|1779567558
|move|p2a: Raging Bolt|Dragon Pulse|p1a: Ting-Lu
|-damage|p1a: Ting-Lu|0 fnt
|faint|p1a: Ting-Lu
|
|-weather|Snowscape|[upkeep]
|upkeep
|
|t:|1779567560
|switch|p1a: Gliscor|Gliscor, F|100/100
|-damage|p1a: Gliscor|88/100|[from] Stealth Rock
|turn|29
|
|t:|1779567569
|-end|p2a: Raging Bolt|Protosynthesis|[silent]
|switch|p2a: Dragonite|Dragonite, F|100/100 par
|-damage|p2a: Dragonite|76/100 par|[from] Stealth Rock
|move|p1a: Gliscor|Protect||[still]
|-fail|p1a: Gliscor
|
|-weather|Snowscape|[upkeep]
|-heal|p2a: Dragonite|82/100 par|[from] item: Leftovers
|-status|p1a: Gliscor|tox|[from] item: Toxic Orb
|upkeep
|turn|30
|
|t:|1779567574
|-terastallize|p1a: Gliscor|Normal
|move|p1a: Gliscor|Facade|p2a: Dragonite
|-damage|p2a: Dragonite|29/100 par
|cant|p2a: Dragonite|par
|
|-weather|none
|-heal|p2a: Dragonite|35/100 par|[from] item: Leftovers
|-heal|p1a: Gliscor|100/100 tox|[from] ability: Poison Heal
|upkeep
|turn|31
|
|t:|1779567579
|move|p1a: Gliscor|Facade|p2a: Dragonite
|-damage|p2a: Dragonite|0 fnt
|faint|p2a: Dragonite
|
|upkeep
|
|t:|1779567580
|switch|p2a: Raging Bolt|Raging Bolt|24/100
|-damage|p2a: Raging Bolt|12/100|[from] Stealth Rock
|turn|32
|
|t:|1779567582
|move|p2a: Raging Bolt|Thunderclap|p1a: Gliscor
|-damage|p1a: Gliscor|49/100 tox
|move|p1a: Gliscor|Facade|p2a: Raging Bolt
|-damage|p2a: Raging Bolt|0 fnt
|faint|p2a: Raging Bolt
|-end|p2a: Raging Bolt|Protosynthesis|[silent]
|
|win|Sagazinha
