|j|☆Vitinho1306
|j|☆jajsjsj
|t:|1779646399
|gametype|singles
|player|p1|Vitinho1306|unknown|1170
|player|p2|jajsjsj|2|1169
|gen|9
|tier|[Gen 9] OU
|rated|
|rule|HP Percentage Mod: HP is shown in percentages
|rule|Endless Battle Clause: Forcing endless battles is banned
|rule|Species Clause: Limit one of each Pokémon
|rule|OHKO Clause: OHKO moves are banned
|rule|Evasion Items Clause: Evasion items are banned
|rule|Evasion Moves Clause: Evasion moves are banned
|rule|Evasion Abilities Clause: Evasion abilities are banned
|rule|Sleep Moves Clause: Sleep-inducing moves are banned
|clearpoke
|poke|p1|Meowscarada, M|
|poke|p1|Clefable, M|
|poke|p1|Corviknight, F|
|poke|p1|Rotom-Wash|
|poke|p1|Arcanine-Hisui, M|
|poke|p1|Garchomp, F|
|poke|p2|Ninetales-Alola, F|
|poke|p2|Sandslash-Alola, F|
|poke|p2|Moltres|
|poke|p2|Great Tusk|
|poke|p2|Kyurem|
|poke|p2|Iron Valiant|
|teampreview
|inactive|Battle timer is ON: inactive players will automatically lose when time's up. (requested by jajsjsj)
|
|t:|1779646420
|teamsize|p1|6
|teamsize|p2|6
|start
|switch|p1a: Rotom|Rotom-Wash|100/100
|switch|p2a: Great Tusk|Great Tusk|100/100
|turn|1
|
|t:|1779646431
|-end|p2a: Great Tusk|Protosynthesis|[silent]
|switch|p2a: Ninetales|Ninetales-Alola, F|100/100
|-weather|Snowscape|[from] ability: Snow Warning|[of] p2a: Ninetales
|move|p1a: Rotom|Hydro Pump|p2a: Ninetales
|-damage|p2a: Ninetales|38/100
|
|-weather|Snowscape|[upkeep]
|upkeep
|turn|2
|
|t:|1779646440
|move|p1a: Rotom|Hydro Pump|p2a: Ninetales
|-damage|p2a: Ninetales|0 fnt
|faint|p2a: Ninetales
|
|-weather|Snowscape|[upkeep]
|upkeep
|
|t:|1779646443
|switch|p2a: Kyurem|Kyurem|100/100
|-ability|p2a: Kyurem|Pressure
|turn|3
|
|t:|1779646451
|switch|p1a: Clefable|Clefable, M|100/100
|move|p2a: Kyurem|Blizzard|p1a: Clefable
|-damage|p1a: Clefable|43/100
|
|-weather|Snowscape|[upkeep]
|-heal|p1a: Clefable|49/100|[from] item: Leftovers
|upkeep
|turn|4
|
|t:|1779646456
|move|p1a: Clefable|Protect|p1a: Clefable
|-singleturn|p1a: Clefable|Protect
|move|p2a: Kyurem|Blizzard|p1a: Clefable
|-activate|p1a: Clefable|move: Protect
|
|-weather|Snowscape|[upkeep]
|-heal|p1a: Clefable|56/100|[from] item: Leftovers
|upkeep
|turn|5
|
|t:|1779646467
|-terastallize|p1a: Clefable|Steel
|move|p2a: Kyurem|Blizzard|p1a: Clefable
|-resisted|p1a: Clefable
|-damage|p1a: Clefable|29/100
|move|p1a: Clefable|Wish|p1a: Clefable
|
|-weather|Snowscape|[upkeep]
|-heal|p1a: Clefable|35/100|[from] item: Leftovers
|upkeep
|turn|6
|
|t:|1779646475
|switch|p2a: Sandslash|Sandslash-Alola, F|100/100
|move|p1a: Clefable|Protect||[still]
|-fail|p1a: Clefable
|
|-weather|Snowscape|[upkeep]
|-heal|p1a: Clefable|85/100|[from] move: Wish|[wisher] Clefable
|-heal|p1a: Clefable|91/100|[from] item: Leftovers
|upkeep
|turn|7
|
|t:|1779646481
|move|p2a: Sandslash|Earthquake|p1a: Clefable
|-supereffective|p1a: Clefable
|-damage|p1a: Clefable|0 fnt
|faint|p1a: Clefable
|-damage|p2a: Sandslash|91/100|[from] item: Life Orb
|
|-weather|Snowscape|[upkeep]
|upkeep
|
|t:|1779646497
|switch|p1a: Arcanine|Arcanine-Hisui, M|100/100
|turn|8
|
|t:|1779646526
|move|p2a: Sandslash|Earthquake|p1a: Arcanine
|-supereffective|p1a: Arcanine
|-damage|p1a: Arcanine|0 fnt
|faint|p1a: Arcanine
|-damage|p2a: Sandslash|81/100|[from] item: Life Orb
|
|-weather|none
|upkeep
|inactive|Vitinho1306 has 120 seconds left.
|
|t:|1779646540
|switch|p1a: Corviknight|Corviknight, F|100/100
|turn|9
|
|t:|1779646544
|switch|p2a: Moltres|Moltres|100/100
|move|p1a: Corviknight|Body Press|p2a: Moltres
|-resisted|p2a: Moltres
|-damage|p2a: Moltres|87/100
|
|upkeep
|turn|10
|
|t:|1779646551
|move|p2a: Moltres|U-turn|p1a: Corviknight
|-resisted|p1a: Corviknight
|-damage|p1a: Corviknight|98/100
|
|t:|1779646559
|switch|p2a: Great Tusk|Great Tusk|100/100|[from] U-turn
|move|p1a: Corviknight|U-turn|p2a: Great Tusk
|-resisted|p2a: Great Tusk
|-damage|p2a: Great Tusk|97/100
|inactive|Vitinho1306 has 120 seconds left.
|
|t:|1779646590
|switch|p1a: Meowscarada|Meowscarada, M|100/100|[from] U-turn
|
|-heal|p2a: Great Tusk|100/100|[from] item: Leftovers
|upkeep
|turn|11
|
|t:|1779646596
|move|p1a: Meowscarada|Knock Off|p2a: Great Tusk
|-start|p1a: Meowscarada|typechange|Dark|[from] ability: Protean
|-resisted|p2a: Great Tusk
|-damage|p2a: Great Tusk|90/100
|-enditem|p2a: Great Tusk|Leftovers|[from] move: Knock Off|[of] p1a: Meowscarada
|move|p2a: Great Tusk|Close Combat|p1a: Meowscarada
|-supereffective|p1a: Meowscarada
|-damage|p1a: Meowscarada|0 fnt
|-unboost|p2a: Great Tusk|def|1
|-unboost|p2a: Great Tusk|spd|1
|faint|p1a: Meowscarada
|
|upkeep
|inactive|Vitinho1306 has 120 seconds left.
|
|t:|1779646607
|switch|p1a: Garchomp|Garchomp, F|100/100
|turn|12
|
|t:|1779646614
|move|p1a: Garchomp|Swords Dance|p1a: Garchomp
|-boost|p1a: Garchomp|atk|2
|move|p2a: Great Tusk|Knock Off|p1a: Garchomp
|-damage|p1a: Garchomp|74/100
|-damage|p2a: Great Tusk|78/100|[from] ability: Rough Skin|[of] p1a: Garchomp
|-damage|p2a: Great Tusk|61/100|[from] item: Rocky Helmet|[of] p1a: Garchomp
|-enditem|p1a: Garchomp|Rocky Helmet|[from] move: Knock Off|[of] p2a: Great Tusk
|
|upkeep
|turn|13
|inactive|Vitinho1306 has 120 seconds left.
|
|t:|1779646630
|move|p1a: Garchomp|Earthquake|p2a: Great Tusk
|-damage|p2a: Great Tusk|0 fnt
|faint|p2a: Great Tusk
|-end|p2a: Great Tusk|Protosynthesis|[silent]
|
|upkeep
|
|t:|1779646635
|switch|p2a: Iron Valiant|Iron Valiant|100/100
|turn|14
|inactive|Vitinho1306 has 120 seconds left.
|
|t:|1779646651
|move|p2a: Iron Valiant|Spirit Break|p1a: Garchomp
|-supereffective|p1a: Garchomp
|-damage|p1a: Garchomp|0 fnt
|-damage|p2a: Iron Valiant|88/100|[from] ability: Rough Skin|[of] p1a: Garchomp
|faint|p1a: Garchomp
|-damage|p2a: Iron Valiant|78/100|[from] item: Life Orb
|
|upkeep
|
|t:|1779646656
|switch|p1a: Rotom|Rotom-Wash|100/100
|turn|15
|
|t:|1779646667
|move|p1a: Rotom|Volt Switch|p2a: Iron Valiant
|-crit|p2a: Iron Valiant
|-damage|p2a: Iron Valiant|0 fnt
|faint|p2a: Iron Valiant
|-end|p2a: Iron Valiant|Quark Drive|[silent]
|
|t:|1779646671
|switch|p1a: Corviknight|Corviknight, F|98/100|[from] Volt Switch
|
|upkeep
|
|t:|1779646676
|switch|p2a: Moltres|Moltres|87/100
|turn|16
|
|t:|1779646680
|move|p2a: Moltres|Flamethrower|p1a: Corviknight
|-supereffective|p1a: Corviknight
|-damage|p1a: Corviknight|27/100
|move|p1a: Corviknight|U-turn|p2a: Moltres
|-resisted|p2a: Moltres
|-damage|p2a: Moltres|84/100
|
|t:|1779646686
|switch|p1a: Rotom|Rotom-Wash|100/100|[from] U-turn
|
|upkeep
|turn|17
|
|t:|1779646707
|-terastallize|p2a: Moltres|Fairy
|move|p1a: Rotom|Volt Switch|p2a: Moltres
|-damage|p2a: Moltres|60/100
|
|t:|1779646711
|switch|p1a: Corviknight|Corviknight, F|27/100|[from] Volt Switch
|move|p2a: Moltres|Roost|p2a: Moltres
|-heal|p2a: Moltres|100/100
|
|upkeep
|turn|18
|
|t:|1779646713
|move|p2a: Moltres|Flamethrower|p1a: Corviknight
|-supereffective|p1a: Corviknight
|-damage|p1a: Corviknight|0 fnt
|faint|p1a: Corviknight
|
|upkeep
|
|t:|1779646717
|switch|p1a: Rotom|Rotom-Wash|100/100
|turn|19
|
|t:|1779646727
|move|p1a: Rotom|Trick|p2a: Moltres
|-activate|p1a: Rotom|move: Trick|[of] p2a: Moltres
|-item|p2a: Moltres|Choice Scarf|[from] move: Trick
|-item|p1a: Rotom|Heavy-Duty Boots|[from] move: Trick
|move|p2a: Moltres|Will-O-Wisp|p1a: Rotom
|-status|p1a: Rotom|brn
|
|-damage|p1a: Rotom|94/100 brn|[from] brn
|upkeep
|turn|20
|
|t:|1779646733
|switch|p2a: Sandslash|Sandslash-Alola, F|81/100
|move|p1a: Rotom|Hydro Pump|p2a: Sandslash
|-damage|p2a: Sandslash|8/100
|
|-damage|p1a: Rotom|88/100 brn|[from] brn
|upkeep
|turn|21
|
|t:|1779646740
|move|p1a: Rotom|Volt Switch|p2a: Sandslash
|-damage|p2a: Sandslash|0 fnt
|faint|p2a: Sandslash
|
|-damage|p1a: Rotom|82/100 brn|[from] brn
|upkeep
|
|t:|1779646743
|switch|p2a: Kyurem|Kyurem|100/100
|-ability|p2a: Kyurem|Pressure
|turn|22
|
|t:|1779646756
|move|p2a: Kyurem|Draco Meteor|p1a: Rotom
|-damage|p1a: Rotom|0 fnt
|-unboost|p2a: Kyurem|spa|2
|faint|p1a: Rotom
|
|win|jajsjsj
|raw|Vitinho1306's rating: 1170 &rarr; <strong>1145</strong><br />(-25 for losing)
|raw|jajsjsj's rating: 1169 &rarr; <strong>1194</strong><br />(+25 for winning)
|l|☆Vitinho1306
|player|p1|
|l|☆jajsjsj
|player|p2|
