|j|☆Mynamejeeeeff
|j|‽wheezsumbeez
|t:|1779598768
|gametype|singles
|player|p1|Mynamejeeeeff|169|1397
|player|p2|wheezsumbeez|roxie|1441
|gen|9
|tier|[Gen 9] OU
|rated|
|rule|HP Percentage Mod: HP is shown in percentages
|rule|Endless Battle Clause: Forcing endless battles is banned
|rule|Species Clause: Limit one of each Pokémon
|rule|OHKO Clause: OHKO moves are banned
|rule|Evasion Items Clause: Evasion items are banned
|rule|Evasion Moves Clause: Evasion moves are banned
|rule|Evasion Abilities Clause: Evasion abilities are banned
|rule|Sleep Moves Clause: Sleep-inducing moves are banned
|clearpoke
|poke|p1|Garganacl, F|
|poke|p1|Kyurem|
|poke|p1|Rillaboom, M|
|poke|p1|Enamorus, F|
|poke|p1|Talonflame, M|
|poke|p1|Excadrill, F|
|poke|p2|Kommo-o, M|
|poke|p2|Heatran, F|
|poke|p2|Tentacruel, M|
|poke|p2|Mamoswine, M|
|poke|p2|Enamorus, F|
|poke|p2|Ogerpon-Wellspring, F|
|teampreview
|inactive|Battle timer is ON: inactive players will automatically lose when time's up. (requested by Mynamejeeeeff)
|
|t:|1779598789
|teamsize|p1|6
|teamsize|p2|6
|start
|switch|p1a: Excadrill|Excadrill, F|100/100
|switch|p2a: Enamorus|Enamorus, F|100/100
|-ability|p1a: Excadrill|Mold Breaker
|turn|1
|
|t:|1779598797
|switch|p2a: Kommo-o|Kommo-o, M|100/100
|move|p1a: Excadrill|Stealth Rock|p2a: Kommo-o
|-sidestart|p2: wheezsumbeez|move: Stealth Rock
|
|upkeep
|turn|2
|
|t:|1779598804
|move|p1a: Excadrill|Earthquake|p2a: Kommo-o
|-damage|p2a: Kommo-o|66/100
|move|p2a: Kommo-o|Stealth Rock|p1a: Excadrill
|-sidestart|p1: Mynamejeeeeff|move: Stealth Rock
|
|-heal|p2a: Kommo-o|72/100|[from] item: Leftovers
|upkeep
|turn|3
|
|t:|1779598816
|move|p1a: Excadrill|Rapid Spin|p2a: Kommo-o
|-damage|p2a: Kommo-o|61/100
|-boost|p1a: Excadrill|spe|1
|-sideend|p1: Mynamejeeeeff|Stealth Rock|[from] move: Rapid Spin|[of] p1a: Excadrill
|move|p2a: Kommo-o|Dragon Tail|p1a: Excadrill
|-resisted|p1a: Excadrill
|-damage|p1a: Excadrill|85/100
|drag|p1a: Rillaboom|Rillaboom, M|100/100
|-fieldstart|move: Grassy Terrain|[from] ability: Grassy Surge|[of] p1a: Rillaboom
|
|-heal|p2a: Kommo-o|67/100|[from] Grassy Terrain
|-heal|p2a: Kommo-o|73/100|[from] item: Leftovers
|upkeep
|turn|4
|
|t:|1779598827
|move|p2a: Kommo-o|Stealth Rock|p1a: Rillaboom
|-sidestart|p1: Mynamejeeeeff|move: Stealth Rock
|move|p1a: Rillaboom|Swords Dance|p1a: Rillaboom
|-boost|p1a: Rillaboom|atk|2
|
|-heal|p2a: Kommo-o|79/100|[from] Grassy Terrain
|-heal|p2a: Kommo-o|85/100|[from] item: Leftovers
|upkeep
|turn|5
|
|t:|1779598834
|move|p1a: Rillaboom|Knock Off|p2a: Kommo-o
|-resisted|p2a: Kommo-o
|-damage|p2a: Kommo-o|53/100
|-enditem|p2a: Kommo-o|Leftovers|[from] move: Knock Off|[of] p1a: Rillaboom
|-damage|p1a: Rillaboom|91/100|[from] item: Life Orb
|move|p2a: Kommo-o|Dragon Tail|p1a: Rillaboom
|-damage|p1a: Rillaboom|67/100
|drag|p1a: Garganacl|Garganacl, F|100/100
|-damage|p1a: Garganacl|88/100|[from] Stealth Rock
|
|-heal|p2a: Kommo-o|59/100|[from] Grassy Terrain
|-heal|p1a: Garganacl|94/100|[from] Grassy Terrain
|-heal|p1a: Garganacl|100/100|[from] item: Leftovers
|upkeep
|turn|6
|
|t:|1779598848
|move|p2a: Kommo-o|Taunt|p1a: Garganacl
|-start|p1a: Garganacl|move: Taunt
|move|p1a: Garganacl|Salt Cure|p2a: Kommo-o
|-resisted|p2a: Kommo-o
|-damage|p2a: Kommo-o|55/100
|-start|p2a: Kommo-o|Salt Cure
|
|-heal|p2a: Kommo-o|61/100|[from] Grassy Terrain
|-damage|p2a: Kommo-o|49/100|[from] Salt Cure
|upkeep
|turn|7
|
|t:|1779598859
|move|p2a: Kommo-o|Body Press|p1a: Garganacl
|-supereffective|p1a: Garganacl
|-damage|p1a: Garganacl|36/100
|move|p1a: Garganacl|Salt Cure|p2a: Kommo-o
|-resisted|p2a: Kommo-o
|-damage|p2a: Kommo-o|44/100
|
|-heal|p2a: Kommo-o|50/100|[from] Grassy Terrain
|-heal|p1a: Garganacl|42/100|[from] Grassy Terrain
|-heal|p1a: Garganacl|49/100|[from] item: Leftovers
|-damage|p2a: Kommo-o|38/100|[from] Salt Cure
|-fieldend|move: Grassy Terrain
|upkeep
|turn|8
|
|t:|1779598869
|move|p1a: Garganacl|Salt Cure|p2a: Kommo-o
|-resisted|p2a: Kommo-o
|-damage|p2a: Kommo-o|34/100
|move|p2a: Kommo-o|Dragon Tail|p1a: Garganacl
|-damage|p1a: Garganacl|33/100
|drag|p1a: Talonflame|Talonflame, M|100/100
|
|-damage|p2a: Kommo-o|22/100|[from] Salt Cure
|upkeep
|turn|9
|
|t:|1779598878
|move|p1a: Talonflame|Defog|p2a: Kommo-o
|-unboost|p2a: Kommo-o|evasion|1
|-sideend|p2: wheezsumbeez|Stealth Rock|[from] move: Defog|[of] p1a: Talonflame
|-sideend|p1: Mynamejeeeeff|Stealth Rock|[from] move: Defog|[of] p1a: Talonflame
|move|p2a: Kommo-o|Dragon Tail|p1a: Talonflame
|-damage|p1a: Talonflame|65/100
|drag|p1a: Enamorus|Enamorus, F|100/100
|
|-damage|p2a: Kommo-o|9/100|[from] Salt Cure
|upkeep
|turn|10
|
|t:|1779598886
|move|p1a: Enamorus|Superpower|p2a: Kommo-o
|-damage|p2a: Kommo-o|0 fnt
|-boost|p1a: Enamorus|atk|1
|-boost|p1a: Enamorus|def|1
|faint|p2a: Kommo-o
|
|upkeep
|
|t:|1779598891
|switch|p2a: Tentacruel|Tentacruel, M|100/100
|turn|11
|
|t:|1779598899
|move|p1a: Enamorus|Superpower|p2a: Tentacruel
|-resisted|p2a: Tentacruel
|-damage|p2a: Tentacruel|65/100
|-boost|p1a: Enamorus|atk|1
|-boost|p1a: Enamorus|def|1
|move|p2a: Tentacruel|Sludge Bomb|p1a: Enamorus
|-supereffective|p1a: Enamorus
|-crit|p1a: Enamorus
|-enditem|p1a: Enamorus|Focus Sash
|-damage|p1a: Enamorus|1/100
|
|upkeep
|turn|12
|
|t:|1779598908
|move|p1a: Enamorus|Facade|p2a: Tentacruel
|-damage|p2a: Tentacruel|4/100
|move|p2a: Tentacruel|Flip Turn|p1a: Enamorus
|-damage|p1a: Enamorus|0 fnt
|faint|p1a: Enamorus
|j| BaiAnt
|inactive|wheezsumbeez has 120 seconds left.
|inactive|wheezsumbeez has 90 seconds left.
|
|t:|1779598988
|switch|p2a: Ogerpon|Ogerpon-Wellspring, F|100/100|[from] Flip Turn
|
|upkeep
|
|t:|1779598997
|switch|p1a: Rillaboom|Rillaboom, M|67/100
|-fieldstart|move: Grassy Terrain|[from] ability: Grassy Surge|[of] p1a: Rillaboom
|turn|13
|
|t:|1779599003
|switch|p2a: Heatran|Heatran, F|100/100
|move|p1a: Rillaboom|Swords Dance|p1a: Rillaboom
|-boost|p1a: Rillaboom|atk|2
|
|-heal|p1a: Rillaboom|73/100|[from] Grassy Terrain
|upkeep
|turn|14
|inactive|wheezsumbeez has 90 seconds left.
|
|t:|1779599010
|move|p1a: Rillaboom|Drain Punch|p2a: Heatran
|-supereffective|p2a: Heatran
|-damage|p2a: Heatran|0 fnt
|-heal|p1a: Rillaboom|100/100|[from] drain|[of] p2a: Heatran
|faint|p2a: Heatran
|-damage|p1a: Rillaboom|91/100|[from] item: Life Orb
|
|-heal|p1a: Rillaboom|97/100|[from] Grassy Terrain
|upkeep
|inactive|wheezsumbeez has 90 seconds left.
|inactive|wheezsumbeez has 60 seconds left.
|
|t:|1779599048
|switch|p2a: Enamorus|Enamorus, F|100/100
|turn|15
|
|t:|1779599053
|move|p1a: Rillaboom|Grassy Glide|p2a: Enamorus
|-resisted|p2a: Enamorus
|-damage|p2a: Enamorus|21/100
|-damage|p1a: Rillaboom|87/100|[from] item: Life Orb
|move|p2a: Enamorus|Moonblast|p1a: Rillaboom
|-damage|p1a: Rillaboom|17/100
|-unboost|p1a: Rillaboom|spa|1
|
|-heal|p1a: Rillaboom|23/100|[from] Grassy Terrain
|upkeep
|turn|16
|
|t:|1779599063
|switch|p2a: Tentacruel|Tentacruel, M|4/100
|move|p1a: Rillaboom|Grassy Glide|p2a: Tentacruel
|-damage|p2a: Tentacruel|0 fnt
|faint|p2a: Tentacruel
|-damage|p1a: Rillaboom|13/100|[from] item: Life Orb
|
|-heal|p1a: Rillaboom|19/100|[from] Grassy Terrain
|upkeep
|
|t:|1779599077
|switch|p2a: Mamoswine|Mamoswine, M|100/100
|turn|17
|
|t:|1779599079
|-terastallize|p2a: Mamoswine|Ice
|move|p2a: Mamoswine|Ice Shard|p1a: Rillaboom
|-supereffective|p1a: Rillaboom
|-damage|p1a: Rillaboom|0 fnt
|faint|p1a: Rillaboom
|
|-fieldend|move: Grassy Terrain
|upkeep
|
|t:|1779599085
|switch|p1a: Excadrill|Excadrill, F|85/100
|-ability|p1a: Excadrill|Mold Breaker
|turn|18
|
|t:|1779599090
|move|p2a: Mamoswine|Ice Shard|p1a: Excadrill
|-damage|p1a: Excadrill|15/100
|move|p1a: Excadrill|Stealth Rock|p2a: Mamoswine
|-sidestart|p2: wheezsumbeez|move: Stealth Rock
|
|upkeep
|turn|19
|
|t:|1779599094
|move|p2a: Mamoswine|Ice Shard|p1a: Excadrill
|-damage|p1a: Excadrill|0 fnt
|faint|p1a: Excadrill
|
|upkeep
|
|t:|1779599097
|switch|p1a: Talonflame|Talonflame, M|65/100
|turn|20
|
|t:|1779599102
|move|p2a: Mamoswine|Ice Shard|p1a: Talonflame
|-damage|p1a: Talonflame|0 fnt
|faint|p1a: Talonflame
|
|upkeep
|
|t:|1779599105
|switch|p1a: Kyurem|Kyurem|100/100
|-ability|p1a: Kyurem|Pressure
|turn|21
|
|t:|1779599109
|move|p2a: Mamoswine|Ice Shard|p1a: Kyurem
|-damage|p1a: Kyurem|63/100
|move|p1a: Kyurem|Dragon Dance|p1a: Kyurem
|-boost|p1a: Kyurem|atk|1
|-boost|p1a: Kyurem|spe|1
|
|upkeep
|turn|22
|
|t:|1779599122
|switch|p2a: Ogerpon|Ogerpon-Wellspring, F|100/100
|-damage|p2a: Ogerpon|88/100|[from] Stealth Rock
|move|p1a: Kyurem|Icicle Spear|p2a: Ogerpon
|-damage|p2a: Ogerpon|63/100
|-damage|p2a: Ogerpon|37/100
|-damage|p2a: Ogerpon|12/100
|-damage|p2a: Ogerpon|0 fnt
|faint|p2a: Ogerpon
|-hitcount|p2: Ogerpon|4
|
|upkeep
|inactive|wheezsumbeez has 120 seconds left.
|
|t:|1779599133
|switch|p2a: Mamoswine|Mamoswine, M, tera:Ice|100/100
|-damage|p2a: Mamoswine|76/100|[from] Stealth Rock
|turn|23
|
|t:|1779599138
|move|p2a: Mamoswine|Ice Shard|p1a: Kyurem
|-damage|p1a: Kyurem|27/100
|move|p1a: Kyurem|Icicle Spear|p2a: Mamoswine
|-resisted|p2a: Mamoswine
|-damage|p2a: Mamoswine|71/100
|-resisted|p2a: Mamoswine
|-crit|p2a: Mamoswine
|-damage|p2a: Mamoswine|63/100
|-resisted|p2a: Mamoswine
|-damage|p2a: Mamoswine|57/100
|-resisted|p2a: Mamoswine
|-damage|p2a: Mamoswine|52/100
|-resisted|p2a: Mamoswine
|-damage|p2a: Mamoswine|46/100
|-hitcount|p2a: Mamoswine|5
|
|upkeep
|turn|24
|
|t:|1779599150
|move|p2a: Mamoswine|Ice Shard|p1a: Kyurem
|-damage|p1a: Kyurem|0 fnt
|faint|p1a: Kyurem
|
|upkeep
|
|t:|1779599152
|switch|p1a: Garganacl|Garganacl, F|33/100
|turn|25
|
|t:|1779599156
|switch|p2a: Enamorus|Enamorus, F|21/100
|-damage|p2a: Enamorus|0 fnt|[from] Stealth Rock
|faint|p2a: Enamorus
|-terastallize|p1a: Garganacl|Water
|move|p1a: Garganacl|Recover|p1a: Garganacl
|-heal|p1a: Garganacl|83/100
|
|-heal|p1a: Garganacl|89/100|[from] item: Leftovers
|upkeep
|
|t:|1779599164
|switch|p2a: Mamoswine|Mamoswine, M, tera:Ice|46/100
|-damage|p2a: Mamoswine|22/100|[from] Stealth Rock
|turn|26
|
|t:|1779599168
|move|p2a: Mamoswine|Earthquake|p1a: Garganacl
|-crit|p1a: Garganacl
|-damage|p1a: Garganacl|5/100
|move|p1a: Garganacl|Iron Defense|p1a: Garganacl
|-boost|p1a: Garganacl|def|2
|
|-heal|p1a: Garganacl|11/100|[from] item: Leftovers
|upkeep
|turn|27
|
|t:|1779599174
|move|p1a: Garganacl|Protect|p1a: Garganacl
|-singleturn|p1a: Garganacl|Protect
|move|p2a: Mamoswine|Earthquake|p1a: Garganacl
|-activate|p1a: Garganacl|move: Protect
|
|-heal|p1a: Garganacl|18/100|[from] item: Leftovers
|upkeep
|turn|28
|
|t:|1779599181
|move|p2a: Mamoswine|Earthquake|p1a: Garganacl
|-damage|p1a: Garganacl|0 fnt
|faint|p1a: Garganacl
|
|win|wheezsumbeez
|raw|Mynamejeeeeff's rating: 1397 &rarr; <strong>1380</strong><br />(-17 for losing)
|raw|wheezsumbeez's rating: 1441 &rarr; <strong>1458</strong><br />(+17 for winning)
|l|‽wheezsumbeez
|player|p2|
|l|☆Mynamejeeeeff
|player|p1|
|l| BaiAnt
