|j|☆Afermentado67
|j|☆Hunter Rome
|t:|1779652252
|gametype|singles
|player|p1|Afermentado67|swimmer|1122
|player|p2|Hunter Rome|gentleman-gen4|1063
|gen|9
|tier|[Gen 9] OU
|rated|
|rule|HP Percentage Mod: HP is shown in percentages
|rule|Endless Battle Clause: Forcing endless battles is banned
|rule|Species Clause: Limit one of each Pokémon
|rule|OHKO Clause: OHKO moves are banned
|rule|Evasion Items Clause: Evasion items are banned
|rule|Evasion Moves Clause: Evasion moves are banned
|rule|Evasion Abilities Clause: Evasion abilities are banned
|rule|Sleep Moves Clause: Sleep-inducing moves are banned
|clearpoke
|poke|p1|Gurdurr, F|
|poke|p1|Munkidori, M|
|poke|p1|Chandelure, M|
|poke|p1|Ditto|
|poke|p1|Basculegion, M|
|poke|p1|Whimsicott, F|
|poke|p2|Gliscor, M|
|poke|p2|Grimmsnarl, M|
|poke|p2|Garganacl, F|
|poke|p2|Dragonite, M|
|poke|p2|Darkrai|
|poke|p2|Maushold-Four|
|teampreview
|inactive|Battle timer is ON: inactive players will automatically lose when time's up. (requested by Afermentado67)
|
|t:|1779652259
|teamsize|p1|6
|teamsize|p2|6
|start
|switch|p1a: Whimsicott|Whimsicott, F, shiny|100/100
|switch|p2a: Grimmsnarl|Grimmsnarl, M|100/100
|turn|1
|
|t:|1779652264
|move|p1a: Whimsicott|Taunt|p2a: Grimmsnarl
|-hint|Since gen 7, Dark is immune to Prankster moves.
|-immune|p2a: Grimmsnarl
|move|p2a: Grimmsnarl|Trick|p1a: Whimsicott
|-activate|p2a: Grimmsnarl|move: Trick|[of] p1a: Whimsicott
|-item|p1a: Whimsicott|Lagging Tail|[from] move: Trick
|-item|p2a: Grimmsnarl|Leftovers|[from] move: Trick
|
|upkeep
|turn|2
|c|☆Afermentado67|hmm
|c|☆Afermentado67|lagging tail?
|inactive|Afermentado67 has 120 seconds left.
|c|☆Afermentado67|what does this even do
|
|t:|1779652301
|move|p2a: Grimmsnarl|Thunder Wave|p1a: Whimsicott
|-status|p1a: Whimsicott|par
|cant|p1a: Whimsicott|par
|
|upkeep
|turn|3
|
|t:|1779652313
|switch|p2a: Garganacl|Garganacl, F|100/100
|move|p1a: Whimsicott|Leech Seed|p2a: Garganacl
|-start|p2a: Garganacl|move: Leech Seed
|
|-damage|p2a: Garganacl|88/100|[from] Leech Seed|[of] p1a: Whimsicott
|upkeep
|turn|4
|
|t:|1779652319
|move|p1a: Whimsicott|Tailwind|p1a: Whimsicott
|-sidestart|p1: Afermentado67|move: Tailwind
|move|p2a: Garganacl|Salt Cure|p1a: Whimsicott
|-damage|p1a: Whimsicott|83/100 par
|-start|p1a: Whimsicott|Salt Cure
|
|-heal|p2a: Garganacl|94/100|[from] item: Leftovers
|-damage|p2a: Garganacl|82/100|[from] Leech Seed|[of] p1a: Whimsicott
|-heal|p1a: Whimsicott|100/100 par|[silent]
|-damage|p1a: Whimsicott|88/100 par|[from] Salt Cure
|upkeep
|turn|5
|
|t:|1779652333
|switch|p1a: Basculegion|Basculegion, M, shiny|100/100
|switch|p2a: Maushold|Maushold-Four|100/100
|
|upkeep
|turn|6
|
|t:|1779652340
|move|p1a: Basculegion|Flip Turn|p2a: Maushold
|-damage|p2a: Maushold|0 fnt
|faint|p2a: Maushold
|
|t:|1779652346
|switch|p1a: Chandelure|Chandelure, M|100/100|[from] Flip Turn
|-item|p1a: Chandelure|Air Balloon
|
|upkeep
|
|t:|1779652357
|switch|p2a: Dragonite|Dragonite, M|100/100
|turn|7
|
|t:|1779652364
|switch|p2a: Garganacl|Garganacl, F|82/100
|-terastallize|p1a: Chandelure|Ghost
|move|p1a: Chandelure|Shadow Ball|p2a: Garganacl
|-crit|p2a: Garganacl
|-damage|p2a: Garganacl|36/100
|
|-heal|p2a: Garganacl|43/100|[from] item: Leftovers
|-sideend|p1: Afermentado67|move: Tailwind
|upkeep
|turn|8
|
|t:|1779652373
|move|p1a: Chandelure|Shadow Ball|p2a: Garganacl
|-damage|p2a: Garganacl|11/100
|move|p2a: Garganacl|Recover|p2a: Garganacl
|-heal|p2a: Garganacl|61/100
|
|-heal|p2a: Garganacl|68/100|[from] item: Leftovers
|upkeep
|turn|9
|
|t:|1779652382
|move|p1a: Chandelure|Energy Ball|p2a: Garganacl
|-supereffective|p2a: Garganacl
|-damage|p2a: Garganacl|0 fnt
|faint|p2a: Garganacl
|
|upkeep
|
|t:|1779652385
|switch|p2a: Darkrai|Darkrai|100/100
|turn|10
|
|t:|1779652392
|switch|p1a: Whimsicott|Whimsicott, F, shiny|88/100 par
|move|p2a: Darkrai|Dark Pulse|p1a: Whimsicott
|-resisted|p1a: Whimsicott
|-damage|p1a: Whimsicott|57/100 par
|
|upkeep
|turn|11
|
|t:|1779652401
|move|p1a: Whimsicott|Tailwind|p1a: Whimsicott
|-sidestart|p1: Afermentado67|move: Tailwind
|move|p2a: Darkrai|Nasty Plot|p2a: Darkrai
|-boost|p2a: Darkrai|spa|2
|
|upkeep
|turn|12
|
|t:|1779652410
|switch|p1a: is that allowed?|Ditto, shiny|100/100
|-transform|p1a: is that allowed?|p2a: Darkrai|[from] ability: Imposter
|move|p2a: Darkrai|Sludge Bomb|p1a: is that allowed?
|-damage|p1a: is that allowed?|27/100
|-status|p1a: is that allowed?|psn
|
|-damage|p1a: is that allowed?|15/100 psn|[from] psn
|upkeep
|turn|13
|
|t:|1779652424
|switch|p2a: Gliscor|Gliscor, M|100/100
|move|p1a: is that allowed?|Sludge Bomb|p2a: Gliscor
|-resisted|p2a: Gliscor
|-damage|p2a: Gliscor|64/100
|
|-damage|p1a: is that allowed?|2/100 psn|[from] psn
|-status|p2a: Gliscor|tox|[from] item: Toxic Orb
|upkeep
|turn|14
|
|t:|1779652434
|move|p2a: Gliscor|Protect|p2a: Gliscor
|-singleturn|p2a: Gliscor|Protect
|move|p1a: is that allowed?|Dark Pulse|p2a: Gliscor
|-activate|p2a: Gliscor|move: Protect
|
|-damage|p1a: is that allowed?|0 fnt|[from] psn
|faint|p1a: is that allowed?
|-heal|p2a: Gliscor|76/100 tox|[from] ability: Poison Heal
|-sideend|p1: Afermentado67|move: Tailwind
|upkeep
|
|t:|1779652446
|switch|p1a: Basculegion|Basculegion, M, shiny|100/100
|turn|15
|
|t:|1779652452
|switch|p2a: Grimmsnarl|Grimmsnarl, M|100/100
|move|p1a: Basculegion|Flip Turn|p2a: Grimmsnarl
|-damage|p2a: Grimmsnarl|21/100
|
|t:|1779652457
|switch|p1a: Munkidori|Munkidori, M|100/100|[from] Flip Turn
|
|-heal|p2a: Grimmsnarl|27/100|[from] item: Leftovers
|upkeep
|turn|16
|
|t:|1779652472
|move|p2a: Grimmsnarl|Thunder Wave|p1a: Munkidori
|-status|p1a: Munkidori|par
|move|p1a: Munkidori|Sludge Bomb|p2a: Grimmsnarl
|-supereffective|p2a: Grimmsnarl
|-damage|p2a: Grimmsnarl|0 fnt
|faint|p2a: Grimmsnarl
|
|upkeep
|
|t:|1779652479
|switch|p2a: Darkrai|Darkrai|100/100
|turn|17
|
|t:|1779652489
|move|p2a: Darkrai|Nasty Plot|p2a: Darkrai
|-boost|p2a: Darkrai|spa|2
|move|p1a: Munkidori|Sludge Bomb|p2a: Darkrai
|-damage|p2a: Darkrai|35/100
|
|upkeep
|turn|18
|
|t:|1779652496
|move|p2a: Darkrai|Dark Pulse|p1a: Munkidori
|-supereffective|p1a: Munkidori
|-damage|p1a: Munkidori|0 fnt
|faint|p1a: Munkidori
|
|upkeep
|
|t:|1779652501
|switch|p1a: Golden boy|Gurdurr, F, shiny|100/100
|turn|19
|
|t:|1779652513
|move|p2a: Darkrai|Sludge Bomb|p1a: Golden boy
|-damage|p1a: Golden boy|50/100
|move|p1a: Golden boy|Drain Punch|p2a: Darkrai
|-supereffective|p2a: Darkrai
|-damage|p2a: Darkrai|0 fnt
|-heal|p1a: Golden boy|65/100|[from] drain|[of] p2a: Darkrai
|faint|p2a: Darkrai
|
|upkeep
|c|☆Afermentado67|such a great pokemon
|
|t:|1779652537
|switch|p2a: Gliscor|Gliscor, M|76/100 tox
|turn|20
|
|t:|1779652542
|move|p2a: Gliscor|Toxic|p1a: Golden boy
|-status|p1a: Golden boy|tox
|move|p1a: Golden boy|Curse|p1a: Golden boy
|-unboost|p1a: Golden boy|spe|1
|-boost|p1a: Golden boy|atk|1
|-boost|p1a: Golden boy|def|1
|
|-heal|p2a: Gliscor|89/100 tox|[from] ability: Poison Heal
|-damage|p1a: Golden boy|59/100 tox|[from] psn
|upkeep
|turn|21
|
|t:|1779652555
|move|p2a: Gliscor|Substitute|p2a: Gliscor
|-start|p2a: Gliscor|Substitute
|-damage|p2a: Gliscor|64/100 tox
|move|p1a: Golden boy|Curse|p1a: Golden boy
|-unboost|p1a: Golden boy|spe|1
|-boost|p1a: Golden boy|atk|1
|-boost|p1a: Golden boy|def|1
|
|-heal|p2a: Gliscor|76/100 tox|[from] ability: Poison Heal
|-damage|p1a: Golden boy|47/100 tox|[from] psn
|upkeep
|turn|22
|
|t:|1779652566
|move|p2a: Gliscor|Protect|p2a: Gliscor
|-singleturn|p2a: Gliscor|Protect
|move|p1a: Golden boy|Rest|p1a: Golden boy
|-status|p1a: Golden boy|slp|[from] move: Rest
|-heal|p1a: Golden boy|100/100 slp|[silent]
|
|-heal|p2a: Gliscor|89/100 tox|[from] ability: Poison Heal
|upkeep
|turn|23
|c|☆Afermentado67|tell me
|
|t:|1779652586
|move|p2a: Gliscor|Earthquake|p1a: Golden boy
|-damage|p1a: Golden boy|90/100 slp
|cant|p1a: Golden boy|slp
|
|-heal|p2a: Gliscor|100/100 tox|[from] ability: Poison Heal
|upkeep
|turn|24
|c|☆Afermentado67|your dragonite
|c|☆Afermentado67|is he a physical attacker?
|
|t:|1779652614
|switch|p2a: Dragonite|Dragonite, M|100/100
|cant|p1a: Golden boy|slp
|
|upkeep
|turn|25
|inactive|Hunter Rome has 120 seconds left.
|
|t:|1779652651
|move|p2a: Dragonite|Encore|p1a: Golden boy
|-start|p1a: Golden boy|Encore
|-curestatus|p1a: Golden boy|slp|[msg]
|move|p1a: Golden boy|Rest|p1a: Golden boy
|-status|p1a: Golden boy|slp|[from] move: Rest
|-heal|p1a: Golden boy|100/100 slp|[silent]
|
|upkeep
|turn|26
|inactive|Hunter Rome has 120 seconds left.
|c|☆Afermentado67|oh well
|inactive|Afermentado67 has 120 seconds left.
|c|☆Afermentado67|looks like i gonna sleep for a long time
|
|t:|1779652697
|move|p2a: Dragonite|Dragon Dance|p2a: Dragonite
|-boost|p2a: Dragonite|atk|1
|-boost|p2a: Dragonite|spe|1
|cant|p1a: Golden boy|slp
|
|upkeep
|turn|27
|
|t:|1779652703
|move|p2a: Dragonite|Dragon Dance|p2a: Dragonite
|-boost|p2a: Dragonite|atk|1
|-boost|p2a: Dragonite|spe|1
|cant|p1a: Golden boy|slp
|
|-end|p1a: Golden boy|Encore
|upkeep
|turn|28
|
|t:|1779652716
|move|p2a: Dragonite|Encore|p1a: Golden boy
|-start|p1a: Golden boy|Encore
|-curestatus|p1a: Golden boy|slp|[msg]
|move|p1a: Golden boy|Rest|p1a: Golden boy
|-fail|p1a: Golden boy|heal
|
|upkeep
|turn|29
|
|t:|1779652722
|move|p2a: Dragonite|Dragon Dance|p2a: Dragonite
|-boost|p2a: Dragonite|atk|1
|-boost|p2a: Dragonite|spe|1
|move|p1a: Golden boy|Rest|p1a: Golden boy
|-fail|p1a: Golden boy|heal
|
|upkeep
|turn|30
|
|t:|1779652729
|move|p2a: Dragonite|Dragon Dance|p2a: Dragonite
|-boost|p2a: Dragonite|atk|1
|-boost|p2a: Dragonite|spe|1
|move|p1a: Golden boy|Rest|p1a: Golden boy
|-fail|p1a: Golden boy|heal
|
|-end|p1a: Golden boy|Encore
|upkeep
|turn|31
|inactive|Afermentado67 has 120 seconds left.
|
|t:|1779652739
|move|p2a: Dragonite|Encore|p1a: Golden boy
|-start|p1a: Golden boy|Encore
|move|p1a: Golden boy|Rest|p1a: Golden boy
|-fail|p1a: Golden boy|heal
|
|upkeep
|turn|32
|
|t:|1779652746
|move|p2a: Dragonite|Dragon Dance|p2a: Dragonite
|-boost|p2a: Dragonite|atk|1
|-boost|p2a: Dragonite|spe|1
|move|p1a: Golden boy|Rest|p1a: Golden boy
|-fail|p1a: Golden boy|heal
|
|upkeep
|turn|33
|
|t:|1779652758
|move|p2a: Dragonite|Dragon Dance|p2a: Dragonite
|-boost|p2a: Dragonite|atk|1
|-boost|p2a: Dragonite|spe|1
|move|p1a: Golden boy|Rest|p1a: Golden boy
|-fail|p1a: Golden boy|heal
|
|-end|p1a: Golden boy|Encore
|upkeep
|turn|34
|
|t:|1779652769
|move|p2a: Dragonite|Encore||[still]
|-fail|p2a: Dragonite
|move|p1a: Golden boy|Curse|p1a: Golden boy
|-unboost|p1a: Golden boy|spe|1
|-boost|p1a: Golden boy|atk|1
|-boost|p1a: Golden boy|def|1
|
|upkeep
|turn|35
|
|t:|1779652776
|move|p2a: Dragonite|Encore|p1a: Golden boy
|-start|p1a: Golden boy|Encore
|move|p1a: Golden boy|Curse|p1a: Golden boy
|-unboost|p1a: Golden boy|spe|1
|-boost|p1a: Golden boy|atk|1
|-boost|p1a: Golden boy|def|1
|
|upkeep
|turn|36
|
|t:|1779652782
|switch|p2a: Gliscor|Gliscor, M|100/100 tox
|move|p1a: Golden boy|Curse|p1a: Golden boy
|-unboost|p1a: Golden boy|spe|1
|-boost|p1a: Golden boy|atk|1
|-boost|p1a: Golden boy|def|1
|
|upkeep
|turn|37
|c|☆Afermentado67|WHY?????
|
|t:|1779652795
|move|p2a: Gliscor|Toxic|p1a: Golden boy
|-status|p1a: Golden boy|tox
|move|p1a: Golden boy|Curse|p1a: Golden boy
|-unboost|p1a: Golden boy|spe|1
|-boost|p1a: Golden boy|atk|1
|-boost|p1a: Golden boy|def|1
|
|-damage|p1a: Golden boy|94/100 tox|[from] psn
|-end|p1a: Golden boy|Encore
|upkeep
|turn|38
|c|☆Afermentado67|oh
|c|☆Afermentado67|i see
|c|☆Afermentado67|such a clever move
|
|t:|1779652812
|move|p2a: Gliscor|Substitute|p2a: Gliscor
|-start|p2a: Gliscor|Substitute
|-damage|p2a: Gliscor|76/100 tox
|move|p1a: Golden boy|Knock Off|p2a: Gliscor
|-end|p2a: Gliscor|Substitute
|
|-heal|p2a: Gliscor|88/100 tox|[from] ability: Poison Heal
|-damage|p1a: Golden boy|82/100 tox|[from] psn
|upkeep
|turn|39
|
|t:|1779652821
|move|p2a: Gliscor|Protect|p2a: Gliscor
|-singleturn|p2a: Gliscor|Protect
|move|p1a: Golden boy|Knock Off|p2a: Gliscor
|-activate|p2a: Gliscor|move: Protect
|
|-heal|p2a: Gliscor|100/100 tox|[from] ability: Poison Heal
|-damage|p1a: Golden boy|64/100 tox|[from] psn
|upkeep
|turn|40
|
|t:|1779652828
|move|p2a: Gliscor|Substitute|p2a: Gliscor
|-start|p2a: Gliscor|Substitute
|-damage|p2a: Gliscor|76/100 tox
|move|p1a: Golden boy|Knock Off|p2a: Gliscor
|-crit|p2a: Gliscor
|-end|p2a: Gliscor|Substitute
|
|-heal|p2a: Gliscor|88/100 tox|[from] ability: Poison Heal
|-damage|p1a: Golden boy|40/100 tox|[from] psn
|upkeep
|turn|41
|
|t:|1779652837
|move|p2a: Gliscor|Protect|p2a: Gliscor
|-singleturn|p2a: Gliscor|Protect
|move|p1a: Golden boy|Knock Off|p2a: Gliscor
|-activate|p2a: Gliscor|move: Protect
|
|-heal|p2a: Gliscor|100/100 tox|[from] ability: Poison Heal
|-damage|p1a: Golden boy|9/100 tox|[from] psn
|upkeep
|turn|42
|
|t:|1779652844
|move|p2a: Gliscor|Substitute|p2a: Gliscor
|-start|p2a: Gliscor|Substitute
|-damage|p2a: Gliscor|76/100 tox
|move|p1a: Golden boy|Knock Off|p2a: Gliscor
|-end|p2a: Gliscor|Substitute
|
|-heal|p2a: Gliscor|88/100 tox|[from] ability: Poison Heal
|-damage|p1a: Golden boy|0 fnt|[from] psn
|faint|p1a: Golden boy
|upkeep
|
|t:|1779652854
|switch|p1a: Basculegion|Basculegion, M, shiny|100/100
|turn|43
|
|t:|1779652861
|move|p1a: Basculegion|Flip Turn|p2a: Gliscor
|-supereffective|p2a: Gliscor
|-damage|p2a: Gliscor|4/100 tox
|
|t:|1779652867
|switch|p1a: Chandelure|Chandelure, M, tera:Ghost|100/100|[from] Flip Turn
|-item|p1a: Chandelure|Air Balloon
|move|p2a: Gliscor|Toxic|p1a: Chandelure
|-status|p1a: Chandelure|tox
|
|-heal|p2a: Gliscor|17/100 tox|[from] ability: Poison Heal
|-damage|p1a: Chandelure|94/100 tox|[from] psn
|upkeep
|turn|44
|
|t:|1779652881
|move|p2a: Gliscor|Protect|p2a: Gliscor
|-singleturn|p2a: Gliscor|Protect
|move|p1a: Chandelure|Shadow Ball|p2a: Gliscor
|-activate|p2a: Gliscor|move: Protect
|
|-heal|p2a: Gliscor|29/100 tox|[from] ability: Poison Heal
|-damage|p1a: Chandelure|82/100 tox|[from] psn
|upkeep
|turn|45
|
|t:|1779652889
|move|p2a: Gliscor|Protect|p2a: Gliscor
|-singleturn|p2a: Gliscor|Protect
|move|p1a: Chandelure|Shadow Ball|p2a: Gliscor
|-activate|p2a: Gliscor|move: Protect
|
|-heal|p2a: Gliscor|42/100 tox|[from] ability: Poison Heal
|-damage|p1a: Chandelure|64/100 tox|[from] psn
|upkeep
|turn|46
|
|t:|1779652897
|move|p2a: Gliscor|Substitute|p2a: Gliscor
|-start|p2a: Gliscor|Substitute
|-damage|p2a: Gliscor|17/100 tox
|move|p1a: Chandelure|Shadow Ball|p2a: Gliscor
|-end|p2a: Gliscor|Substitute
|
|-heal|p2a: Gliscor|29/100 tox|[from] ability: Poison Heal
|-damage|p1a: Chandelure|39/100 tox|[from] psn
|upkeep
|turn|47
|
|t:|1779652906
|switch|p1a: Basculegion|Basculegion, M, shiny|100/100
|move|p2a: Gliscor|Protect||[still]
|-fail|p2a: Gliscor
|
|-heal|p2a: Gliscor|42/100 tox|[from] ability: Poison Heal
|upkeep
|turn|48
|
|t:|1779652914
|move|p2a: Gliscor|Protect|p2a: Gliscor
|-singleturn|p2a: Gliscor|Protect
|move|p1a: Basculegion|Aqua Jet|p2a: Gliscor
|-activate|p2a: Gliscor|move: Protect
|
|-heal|p2a: Gliscor|54/100 tox|[from] ability: Poison Heal
|upkeep
|turn|49
|
|t:|1779652925
|switch|p2a: Dragonite|Dragonite, M|100/100
|move|p1a: Basculegion|Aqua Jet|p2a: Dragonite
|-resisted|p2a: Dragonite
|-damage|p2a: Dragonite|89/100
|
|upkeep
|turn|50
|
|t:|1779652941
|move|p1a: Basculegion|Aqua Jet|p2a: Dragonite
|-resisted|p2a: Dragonite
|-damage|p2a: Dragonite|67/100
|move|p2a: Dragonite|Dragon Dance|p2a: Dragonite
|-boost|p2a: Dragonite|atk|1
|-boost|p2a: Dragonite|spe|1
|
|upkeep
|turn|51
|
|t:|1779652947
|move|p1a: Basculegion|Aqua Jet|p2a: Dragonite
|-resisted|p2a: Dragonite
|-damage|p2a: Dragonite|44/100
|move|p2a: Dragonite|Earthquake|p1a: Basculegion
|-damage|p1a: Basculegion|21/100
|
|upkeep
|turn|52
|
|t:|1779652954
|move|p1a: Basculegion|Aqua Jet|p2a: Dragonite
|-resisted|p2a: Dragonite
|-damage|p2a: Dragonite|20/100
|move|p2a: Dragonite|Earthquake|p1a: Basculegion
|-damage|p1a: Basculegion|0 fnt
|faint|p1a: Basculegion
|
|upkeep
|
|t:|1779652960
|switch|p1a: Chandelure|Chandelure, M, tera:Ghost|39/100 tox
|-item|p1a: Chandelure|Air Balloon
|turn|53
|c|☆Afermentado67|gg
|c|☆Afermentado67|thats it
|
|t:|1779652975
|move|p2a: Dragonite|Encore||[still]
|-fail|p2a: Dragonite
|move|p1a: Chandelure|Shadow Ball|p2a: Dragonite
|-damage|p2a: Dragonite|0 fnt
|faint|p2a: Dragonite
|
|-damage|p1a: Chandelure|33/100 tox|[from] psn
|upkeep
|
|t:|1779652980
|switch|p2a: Gliscor|Gliscor, M|54/100 tox
|turn|54
|c|☆Afermentado67|bruh
|c|☆Afermentado67|what
|
|t:|1779652989
|move|p2a: Gliscor|Protect|p2a: Gliscor
|-singleturn|p2a: Gliscor|Protect
|move|p1a: Chandelure|Overheat|p2a: Gliscor
|-activate|p2a: Gliscor|move: Protect
|
|-heal|p2a: Gliscor|67/100 tox|[from] ability: Poison Heal
|-damage|p1a: Chandelure|21/100 tox|[from] psn
|upkeep
|turn|55
|
|t:|1779653000
|move|p2a: Gliscor|Substitute|p2a: Gliscor
|-start|p2a: Gliscor|Substitute
|-damage|p2a: Gliscor|42/100 tox
|move|p1a: Chandelure|Overheat|p2a: Gliscor
|-end|p2a: Gliscor|Substitute
|-unboost|p1a: Chandelure|spa|2
|
|-heal|p2a: Gliscor|54/100 tox|[from] ability: Poison Heal
|-damage|p1a: Chandelure|2/100 tox|[from] psn
|upkeep
|turn|56
|
|t:|1779653009
|move|p2a: Gliscor|Protect|p2a: Gliscor
|-singleturn|p2a: Gliscor|Protect
|move|p1a: Chandelure|Overheat|p2a: Gliscor
|-activate|p2a: Gliscor|move: Protect
|
|-heal|p2a: Gliscor|67/100 tox|[from] ability: Poison Heal
|-damage|p1a: Chandelure|0 fnt|[from] psn
|faint|p1a: Chandelure
|upkeep
|
|t:|1779653017
|switch|p1a: Whimsicott|Whimsicott, F, shiny|57/100 par
|turn|57
|
|t:|1779653023
|move|p1a: Whimsicott|Leech Seed|p2a: Gliscor
|-start|p2a: Gliscor|move: Leech Seed
|move|p2a: Gliscor|Substitute|p2a: Gliscor
|-start|p2a: Gliscor|Substitute
|-damage|p2a: Gliscor|42/100 tox
|
|-damage|p2a: Gliscor|29/100 tox|[from] Leech Seed|[of] p1a: Whimsicott
|-heal|p1a: Whimsicott|74/100 par|[silent]
|-heal|p2a: Gliscor|42/100 tox|[from] ability: Poison Heal
|upkeep
|turn|58
|
|t:|1779653032
|move|p1a: Whimsicott|Taunt|p2a: Gliscor
|-start|p2a: Gliscor|move: Taunt
|move|p2a: Gliscor|Earthquake|p1a: Whimsicott
|-resisted|p1a: Whimsicott
|-damage|p1a: Whimsicott|51/100 par
|
|-damage|p2a: Gliscor|29/100 tox|[from] Leech Seed|[of] p1a: Whimsicott
|-heal|p1a: Whimsicott|68/100 par|[silent]
|-heal|p2a: Gliscor|42/100 tox|[from] ability: Poison Heal
|upkeep
|turn|59
|
|t:|1779653044
|cant|p1a: Whimsicott|par
|move|p2a: Gliscor|Earthquake|p1a: Whimsicott
|-resisted|p1a: Whimsicott
|-damage|p1a: Whimsicott|46/100 par
|
|-damage|p2a: Gliscor|29/100 tox|[from] Leech Seed|[of] p1a: Whimsicott
|-heal|p1a: Whimsicott|63/100 par|[silent]
|-heal|p2a: Gliscor|42/100 tox|[from] ability: Poison Heal
|upkeep
|turn|60
|
|t:|1779653055
|move|p1a: Whimsicott|Endure|p1a: Whimsicott
|-singleturn|p1a: Whimsicott|move: Endure
|move|p2a: Gliscor|Earthquake|p1a: Whimsicott
|-resisted|p1a: Whimsicott
|-damage|p1a: Whimsicott|41/100 par
|
|-damage|p2a: Gliscor|29/100 tox|[from] Leech Seed|[of] p1a: Whimsicott
|-heal|p1a: Whimsicott|58/100 par|[silent]
|-heal|p2a: Gliscor|42/100 tox|[from] ability: Poison Heal
|-end|p2a: Gliscor|move: Taunt
|upkeep
|turn|61
|
|t:|1779653066
|move|p1a: Whimsicott|Taunt|p2a: Gliscor
|-start|p2a: Gliscor|move: Taunt
|move|p2a: Gliscor|Earthquake|p1a: Whimsicott
|-resisted|p1a: Whimsicott
|-damage|p1a: Whimsicott|36/100 par
|
|-damage|p2a: Gliscor|29/100 tox|[from] Leech Seed|[of] p1a: Whimsicott
|-heal|p1a: Whimsicott|53/100 par|[silent]
|-heal|p2a: Gliscor|42/100 tox|[from] ability: Poison Heal
|upkeep
|turn|62
|
|t:|1779653077
|move|p1a: Whimsicott|Endure|p1a: Whimsicott
|-singleturn|p1a: Whimsicott|move: Endure
|move|p2a: Gliscor|Earthquake|p1a: Whimsicott
|-resisted|p1a: Whimsicott
|-damage|p1a: Whimsicott|30/100 par
|
|-damage|p2a: Gliscor|29/100 tox|[from] Leech Seed|[of] p1a: Whimsicott
|-heal|p1a: Whimsicott|47/100 par|[silent]
|-heal|p2a: Gliscor|42/100 tox|[from] ability: Poison Heal
|upkeep
|turn|63
|
|t:|1779653089
|move|p1a: Whimsicott|Tailwind|p1a: Whimsicott
|-sidestart|p1: Afermentado67|move: Tailwind
|move|p2a: Gliscor|Earthquake|p1a: Whimsicott
|-resisted|p1a: Whimsicott
|-damage|p1a: Whimsicott|25/100 par
|
|-damage|p2a: Gliscor|29/100 tox|[from] Leech Seed|[of] p1a: Whimsicott
|-heal|p1a: Whimsicott|42/100 par|[silent]
|-heal|p2a: Gliscor|42/100 tox|[from] ability: Poison Heal
|-end|p2a: Gliscor|move: Taunt
|upkeep
|turn|64
|
|t:|1779653099
|move|p1a: Whimsicott|Taunt|p2a: Gliscor
|-start|p2a: Gliscor|move: Taunt
|move|p2a: Gliscor|Earthquake|p1a: Whimsicott
|-resisted|p1a: Whimsicott
|-damage|p1a: Whimsicott|22/100 par
|
|-damage|p2a: Gliscor|29/100 tox|[from] Leech Seed|[of] p1a: Whimsicott
|-heal|p1a: Whimsicott|38/100 par|[silent]
|-heal|p2a: Gliscor|42/100 tox|[from] ability: Poison Heal
|upkeep
|turn|65
|
|t:|1779653110
|move|p1a: Whimsicott|Endure|p1a: Whimsicott
|-singleturn|p1a: Whimsicott|move: Endure
|move|p2a: Gliscor|Earthquake|p1a: Whimsicott
|-resisted|p1a: Whimsicott
|-damage|p1a: Whimsicott|18/100 par
|
|-damage|p2a: Gliscor|29/100 tox|[from] Leech Seed|[of] p1a: Whimsicott
|-heal|p1a: Whimsicott|35/100 par|[silent]
|-heal|p2a: Gliscor|42/100 tox|[from] ability: Poison Heal
|upkeep
|turn|66
|
|t:|1779653121
|cant|p1a: Whimsicott|par
|move|p2a: Gliscor|Earthquake|p1a: Whimsicott
|-resisted|p1a: Whimsicott
|-damage|p1a: Whimsicott|13/100 par
|
|-damage|p2a: Gliscor|29/100 tox|[from] Leech Seed|[of] p1a: Whimsicott
|-heal|p1a: Whimsicott|30/100 par|[silent]
|-heal|p2a: Gliscor|42/100 tox|[from] ability: Poison Heal
|-end|p2a: Gliscor|move: Taunt
|-sideend|p1: Afermentado67|move: Tailwind
|upkeep
|turn|67
|
|t:|1779653131
|move|p1a: Whimsicott|Taunt|p2a: Gliscor
|-start|p2a: Gliscor|move: Taunt
|move|p2a: Gliscor|Earthquake|p1a: Whimsicott
|-resisted|p1a: Whimsicott
|-damage|p1a: Whimsicott|8/100 par
|
|-damage|p2a: Gliscor|29/100 tox|[from] Leech Seed|[of] p1a: Whimsicott
|-heal|p1a: Whimsicott|25/100 par|[silent]
|-heal|p2a: Gliscor|42/100 tox|[from] ability: Poison Heal
|upkeep
|turn|68
|
|t:|1779653143
|move|p1a: Whimsicott|Tailwind|p1a: Whimsicott
|-sidestart|p1: Afermentado67|move: Tailwind
|move|p2a: Gliscor|Earthquake|p1a: Whimsicott
|-resisted|p1a: Whimsicott
|-damage|p1a: Whimsicott|2/100 par
|
|-damage|p2a: Gliscor|29/100 tox|[from] Leech Seed|[of] p1a: Whimsicott
|-heal|p1a: Whimsicott|19/100 par|[silent]
|-heal|p2a: Gliscor|42/100 tox|[from] ability: Poison Heal
|upkeep
|turn|69
|
|t:|1779653152
|cant|p1a: Whimsicott|par
|move|p2a: Gliscor|Earthquake|p1a: Whimsicott
|-resisted|p1a: Whimsicott
|-damage|p1a: Whimsicott|0 fnt
|faint|p1a: Whimsicott
|
|win|Hunter Rome
|raw|Afermentado67's rating: 1122 &rarr; <strong>1093</strong><br />(-29 for losing)
|raw|Hunter Rome's rating: 1063 &rarr; <strong>1099</strong><br />(+36 for winning)
|c|☆Afermentado67|gg
|l|☆Afermentado67
|player|p1|
|c|☆Hunter Rome|Gg
|l|☆Hunter Rome
|player|p2|
