|inactive|Battle timer is ON: inactive players will automatically lose when time's up.
|t:|1779569115
|gametype|singles
|player|p1|memphisdepayy|#wcop2026brazil2|
|player|p2|reversoral|lucas|
|gen|9
|tier|[Gen 9] OU
|rule|HP Percentage Mod: HP is shown in percentages
|rule|Endless Battle Clause: Forcing endless battles is banned
|rule|Species Clause: Limit one of each Pokémon
|rule|OHKO Clause: OHKO moves are banned
|rule|Evasion Items Clause: Evasion items are banned
|rule|Evasion Moves Clause: Evasion moves are banned
|rule|Evasion Abilities Clause: Evasion abilities are banned
|rule|Sleep Moves Clause: Sleep-inducing moves are banned
|clearpoke
|poke|p1|Cinderace, F|
|poke|p1|Ting-Lu|
|poke|p1|Corviknight, F|
|poke|p1|Kyurem|
|poke|p1|Slowking-Galar, F|
|poke|p1|Zamazenta-*|
|poke|p2|Ogerpon, F|
|poke|p2|Samurott-Hisui, F|
|poke|p2|Blissey, F|
|poke|p2|Gliscor, F|
|poke|p2|Skarmory, F|
|poke|p2|Pecharunt|
|teampreview
|c|☆reversoral|hf
|c|☆memphisdepayy|u2
|inactive|reversoral has 270 seconds left.
|
|t:|1779569172
|teamsize|p1|6
|teamsize|p2|6
|start
|switch|p1a: Cinderace|Cinderace, F|100/100
|switch|p2a: Gliscor|Gliscor, F|100/100
|turn|1
|
|t:|1779569177
|move|p2a: Gliscor|Protect|p2a: Gliscor
|-singleturn|p2a: Gliscor|Protect
|move|p1a: Cinderace|Will-O-Wisp|p2a: Gliscor
|-activate|p2a: Gliscor|move: Protect
|
|-status|p2a: Gliscor|tox|[from] item: Toxic Orb
|upkeep
|turn|2
|
|t:|1779569181
|move|p1a: Cinderace|U-turn|p2a: Gliscor
|-resisted|p2a: Gliscor
|-damage|p2a: Gliscor|93/100 tox
|
|t:|1779569183
|switch|p1a: Corviknight|Corviknight, F|100/100|[from] U-turn
|-ability|p1a: Corviknight|Pressure
|move|p2a: Gliscor|Swords Dance|p2a: Gliscor
|-boost|p2a: Gliscor|atk|2
|
|-heal|p2a: Gliscor|100/100 tox|[from] ability: Poison Heal
|upkeep
|turn|3
|
|t:|1779569189
|switch|p2a: Pecharunt|Pecharunt|100/100
|move|p1a: Corviknight|U-turn|p2a: Pecharunt
|-resisted|p2a: Pecharunt
|-damage|p2a: Pecharunt|99/100
|
|t:|1779569197
|switch|p1a: Kyurem|Kyurem|100/100|[from] U-turn
|-ability|p1a: Kyurem|Pressure
|
|upkeep
|turn|4
|
|t:|1779569199
|switch|p1a: Slowking|Slowking-Galar, F|100/100
|switch|p2a: Blissey|Blissey, F|100/100
|
|upkeep
|turn|5
|
|t:|1779569204
|switch|p2a: Samurott|Samurott-Hisui, F|100/100
|move|p1a: Slowking|Future Sight|p2a: Samurott
|-start|p1a: Slowking|move: Future Sight
|
|upkeep
|turn|6
|
|t:|1779569210
|switch|p1a: Zamazenta|Zamazenta|100/100
|-ability|p1a: Zamazenta|Dauntless Shield|boost
|-boost|p1a: Zamazenta|def|1
|move|p2a: Samurott|Knock Off|p1a: Zamazenta
|-resisted|p1a: Zamazenta
|-damage|p1a: Zamazenta|90/100
|-enditem|p1a: Zamazenta|Leftovers|[from] move: Knock Off|[of] p2a: Samurott
|
|upkeep
|turn|7
|
|t:|1779569217
|switch|p2a: Gliscor|Gliscor, F|100/100 tox
|move|p1a: Zamazenta|Body Press|p2a: Gliscor
|-resisted|p2a: Gliscor
|-damage|p2a: Gliscor|76/100 tox
|
|-end|p2a: Gliscor|move: Future Sight
|-damage|p2a: Gliscor|41/100 tox
|-heal|p2a: Gliscor|53/100 tox|[from] ability: Poison Heal
|upkeep
|turn|8
|
|t:|1779569220
|move|p2a: Gliscor|Protect|p2a: Gliscor
|-singleturn|p2a: Gliscor|Protect
|move|p1a: Zamazenta|Roar|p2a: Gliscor
|drag|p2a: Pecharunt|Pecharunt|99/100
|
|upkeep
|turn|9
|
|t:|1779569224
|switch|p1a: Slowking|Slowking-Galar, F|100/100
|move|p2a: Pecharunt|Parting Shot|p1a: Slowking
|-unboost|p1a: Slowking|atk|1
|-unboost|p1a: Slowking|spa|1
|
|t:|1779569227
|switch|p2a: Samurott|Samurott-Hisui, F|100/100|[from] Parting Shot
|
|upkeep
|turn|10
|
|t:|1779569229
|switch|p1a: Corviknight|Corviknight, F|100/100
|-ability|p1a: Corviknight|Pressure
|move|p2a: Samurott|Knock Off|p1a: Corviknight
|-damage|p1a: Corviknight|73/100
|-damage|p2a: Samurott|84/100|[from] item: Rocky Helmet|[of] p1a: Corviknight
|-enditem|p1a: Corviknight|Rocky Helmet|[from] move: Knock Off|[of] p2a: Samurott
|
|upkeep
|turn|11
|
|t:|1779569232
|switch|p2a: Gliscor|Gliscor, F|53/100 tox
|move|p1a: Corviknight|Roost|p1a: Corviknight
|-heal|p1a: Corviknight|100/100
|-singleturn|p1a: Corviknight|move: Roost
|
|-heal|p2a: Gliscor|66/100 tox|[from] ability: Poison Heal
|upkeep
|turn|12
|
|t:|1779569236
|move|p2a: Gliscor|Swords Dance|p2a: Gliscor
|-boost|p2a: Gliscor|atk|2
|move|p1a: Corviknight|U-turn|p2a: Gliscor
|-resisted|p2a: Gliscor
|-damage|p2a: Gliscor|60/100 tox
|
|t:|1779569239
|switch|p1a: Kyurem|Kyurem|100/100|[from] U-turn
|-ability|p1a: Kyurem|Pressure
|
|-heal|p2a: Gliscor|73/100 tox|[from] ability: Poison Heal
|upkeep
|turn|13
|
|t:|1779569242
|move|p2a: Gliscor|Protect|p2a: Gliscor
|-singleturn|p2a: Gliscor|Protect
|move|p1a: Kyurem|Ice Beam|p2a: Gliscor
|-activate|p2a: Gliscor|move: Protect
|
|-heal|p2a: Gliscor|85/100 tox|[from] ability: Poison Heal
|upkeep
|turn|14
|
|t:|1779569246
|switch|p1a: Corviknight|Corviknight, F|100/100
|-ability|p1a: Corviknight|Pressure
|switch|p2a: Blissey|Blissey, F|100/100
|
|upkeep
|turn|15
|
|t:|1779569249
|switch|p2a: Gliscor|Gliscor, F|85/100 tox
|move|p1a: Corviknight|U-turn|p2a: Gliscor
|-resisted|p2a: Gliscor
|-damage|p2a: Gliscor|80/100 tox
|
|t:|1779569251
|switch|p1a: Kyurem|Kyurem|100/100|[from] U-turn
|-ability|p1a: Kyurem|Pressure
|
|-heal|p2a: Gliscor|92/100 tox|[from] ability: Poison Heal
|upkeep
|turn|16
|
|t:|1779569253
|move|p2a: Gliscor|Protect|p2a: Gliscor
|-singleturn|p2a: Gliscor|Protect
|move|p1a: Kyurem|Ice Beam|p2a: Gliscor
|-activate|p2a: Gliscor|move: Protect
|
|-heal|p2a: Gliscor|100/100 tox|[from] ability: Poison Heal
|upkeep
|turn|17
|
|t:|1779569255
|switch|p1a: Slowking|Slowking-Galar, F|100/100
|switch|p2a: Blissey|Blissey, F|100/100
|
|upkeep
|turn|18
|
|t:|1779569263
|switch|p2a: Gliscor|Gliscor, F|100/100 tox
|-prepare|p1a: Slowking|Chilly Reception|[premajor]
|move|p1a: Slowking|Chilly Reception|p1a: Slowking
|-weather|Snowscape
|
|t:|1779569264
|switch|p1a: Kyurem|Kyurem|100/100|[from] Chilly Reception
|-ability|p1a: Kyurem|Pressure
|
|-weather|Snowscape|[upkeep]
|upkeep
|turn|19
|
|t:|1779569267
|move|p2a: Gliscor|Protect|p2a: Gliscor
|-singleturn|p2a: Gliscor|Protect
|move|p1a: Kyurem|Blizzard|p2a: Gliscor
|-activate|p2a: Gliscor|move: Protect
|
|-weather|Snowscape|[upkeep]
|upkeep
|turn|20
|
|t:|1779569272
|switch|p2a: Blissey|Blissey, F|100/100
|move|p1a: Kyurem|Blizzard|p2a: Blissey
|-damage|p2a: Blissey|75/100
|
|-weather|Snowscape|[upkeep]
|upkeep
|turn|21
|
|t:|1779569275
|switch|p1a: Slowking|Slowking-Galar, F|100/100
|move|p2a: Blissey|Soft-Boiled|p2a: Blissey
|-heal|p2a: Blissey|100/100
|
|-weather|Snowscape|[upkeep]
|upkeep
|turn|22
|
|t:|1779569278
|switch|p2a: Gliscor|Gliscor, F|100/100 tox
|move|p1a: Slowking|Sludge Bomb|p2a: Gliscor
|-resisted|p2a: Gliscor
|-damage|p2a: Gliscor|86/100 tox
|
|-weather|none
|-heal|p2a: Gliscor|99/100 tox|[from] ability: Poison Heal
|upkeep
|turn|23
|
|t:|1779569281
|switch|p1a: Corviknight|Corviknight, F|100/100
|-ability|p1a: Corviknight|Pressure
|move|p2a: Gliscor|Swords Dance|p2a: Gliscor
|-boost|p2a: Gliscor|atk|2
|
|-heal|p2a: Gliscor|100/100 tox|[from] ability: Poison Heal
|upkeep
|turn|24
|
|t:|1779569285
|move|p2a: Gliscor|Facade|p1a: Corviknight
|-resisted|p1a: Corviknight
|-damage|p1a: Corviknight|81/100
|move|p1a: Corviknight|U-turn|p2a: Gliscor
|-resisted|p2a: Gliscor
|-crit|p2a: Gliscor
|-damage|p2a: Gliscor|92/100 tox
|
|t:|1779569287
|switch|p1a: Kyurem|Kyurem|100/100|[from] U-turn
|-ability|p1a: Kyurem|Pressure
|
|-heal|p2a: Gliscor|100/100 tox|[from] ability: Poison Heal
|upkeep
|turn|25
|
|t:|1779569289
|switch|p1a: Corviknight|Corviknight, F|81/100
|-ability|p1a: Corviknight|Pressure
|move|p2a: Gliscor|Protect||[still]
|-fail|p2a: Gliscor
|
|upkeep
|turn|26
|
|t:|1779569292
|move|p2a: Gliscor|Facade|p1a: Corviknight
|-resisted|p1a: Corviknight
|-damage|p1a: Corviknight|63/100
|move|p1a: Corviknight|U-turn|p2a: Gliscor
|-resisted|p2a: Gliscor
|-damage|p2a: Gliscor|94/100 tox
|
|t:|1779569293
|switch|p1a: Kyurem|Kyurem|100/100|[from] U-turn
|-ability|p1a: Kyurem|Pressure
|
|-heal|p2a: Gliscor|100/100 tox|[from] ability: Poison Heal
|upkeep
|turn|27
|
|t:|1779569296
|move|p2a: Gliscor|Protect|p2a: Gliscor
|-singleturn|p2a: Gliscor|Protect
|move|p1a: Kyurem|Ice Beam|p2a: Gliscor
|-activate|p2a: Gliscor|move: Protect
|
|upkeep
|turn|28
|
|t:|1779569302
|switch|p1a: Corviknight|Corviknight, F|63/100
|-ability|p1a: Corviknight|Pressure
|switch|p2a: Blissey|Blissey, F|100/100
|
|upkeep
|turn|29
|
|t:|1779569308
|switch|p2a: Skarmory|Skarmory, F|100/100
|move|p1a: Corviknight|Roost|p1a: Corviknight
|-heal|p1a: Corviknight|100/100
|-singleturn|p1a: Corviknight|move: Roost
|
|upkeep
|turn|30
|
|t:|1779569312
|switch|p1a: Slowking|Slowking-Galar, F|100/100
|move|p2a: Skarmory|Stealth Rock|p1a: Slowking
|-sidestart|p1: memphisdepayy|move: Stealth Rock
|
|upkeep
|turn|31
|
|t:|1779569316
|switch|p2a: Gliscor|Gliscor, F|100/100 tox
|move|p1a: Slowking|Future Sight|p2a: Gliscor
|-start|p1a: Slowking|move: Future Sight
|
|upkeep
|turn|32
|
|t:|1779569319
|move|p2a: Gliscor|Earthquake|p1a: Slowking
|-supereffective|p1a: Slowking
|-damage|p1a: Slowking|39/100
|-prepare|p1a: Slowking|Chilly Reception|[premajor]
|move|p1a: Slowking|Chilly Reception|p1a: Slowking
|-weather|Snowscape
|
|t:|1779569337
|switch|p1a: Corviknight|Corviknight, F|100/100|[from] Chilly Reception
|-damage|p1a: Corviknight|88/100|[from] Stealth Rock
|-ability|p1a: Corviknight|Pressure
|
|-weather|Snowscape|[upkeep]
|upkeep
|turn|33
|
|t:|1779569340
|move|p2a: Gliscor|Swords Dance|p2a: Gliscor
|-boost|p2a: Gliscor|atk|2
|move|p1a: Corviknight|Defog|p2a: Gliscor
|-unboost|p2a: Gliscor|evasion|1
|-sideend|p1: memphisdepayy|Stealth Rock|[from] move: Defog|[of] p1a: Corviknight
|
|-weather|Snowscape|[upkeep]
|-end|p2a: Gliscor|move: Future Sight
|-damage|p2a: Gliscor|63/100 tox
|-heal|p2a: Gliscor|75/100 tox|[from] ability: Poison Heal
|upkeep
|turn|34
|
|t:|1779569343
|move|p2a: Gliscor|Facade|p1a: Corviknight
|-resisted|p1a: Corviknight
|-damage|p1a: Corviknight|70/100
|move|p1a: Corviknight|U-turn|p2a: Gliscor
|-resisted|p2a: Gliscor
|-damage|p2a: Gliscor|70/100 tox
|
|t:|1779569345
|switch|p1a: Kyurem|Kyurem|100/100|[from] U-turn
|-ability|p1a: Kyurem|Pressure
|
|-weather|Snowscape|[upkeep]
|-heal|p2a: Gliscor|82/100 tox|[from] ability: Poison Heal
|upkeep
|turn|35
|
|t:|1779569348
|switch|p2a: Blissey|Blissey, F|100/100
|move|p1a: Kyurem|Blizzard|p2a: Blissey
|-damage|p2a: Blissey|74/100
|
|-weather|Snowscape|[upkeep]
|upkeep
|turn|36
|
|t:|1779569351
|switch|p2a: Samurott|Samurott-Hisui, F|84/100
|move|p1a: Kyurem|Blizzard|p2a: Samurott
|-resisted|p2a: Samurott
|-damage|p2a: Samurott|19/100
|
|-weather|none
|upkeep
|turn|37
|
|t:|1779569354
|switch|p1a: Corviknight|Corviknight, F|70/100
|-ability|p1a: Corviknight|Pressure
|switch|p2a: Blissey|Blissey, F|74/100
|
|upkeep
|turn|38
|
|t:|1779569359
|switch|p2a: Skarmory|Skarmory, F|100/100
|move|p1a: Corviknight|U-turn|p2a: Skarmory
|-resisted|p2a: Skarmory
|-damage|p2a: Skarmory|98/100
|
|t:|1779569361
|switch|p1a: Kyurem|Kyurem|100/100|[from] U-turn
|-ability|p1a: Kyurem|Pressure
|
|upkeep
|turn|39
|
|t:|1779569364
|switch|p2a: Blissey|Blissey, F|74/100
|move|p1a: Kyurem|Ice Beam|p2a: Blissey
|-damage|p2a: Blissey|52/100
|
|upkeep
|turn|40
|
|t:|1779569369
|switch|p1a: Slowking|Slowking-Galar, F|72/100
|move|p2a: Blissey|Soft-Boiled|p2a: Blissey
|-heal|p2a: Blissey|100/100
|
|-heal|p1a: Slowking|78/100|[from] item: Black Sludge
|upkeep
|turn|41
|
|t:|1779569374
|switch|p2a: Skarmory|Skarmory, F|98/100
|move|p1a: Slowking|Future Sight|p2a: Skarmory
|-start|p1a: Slowking|move: Future Sight
|
|-heal|p1a: Slowking|85/100|[from] item: Black Sludge
|upkeep
|turn|42
|
|t:|1779569378
|switch|p1a: Kyurem|Kyurem|100/100
|-ability|p1a: Kyurem|Pressure
|move|p2a: Skarmory|Stealth Rock|p1a: Kyurem
|-sidestart|p1: memphisdepayy|move: Stealth Rock
|
|upkeep
|turn|43
|
|t:|1779569381
|switch|p2a: Blissey|Blissey, F|100/100
|move|p1a: Kyurem|Ice Beam|p2a: Blissey
|-damage|p2a: Blissey|79/100
|
|-end|p2a: Blissey|move: Future Sight
|-crit|p2a: Blissey
|-damage|p2a: Blissey|59/100
|upkeep
|turn|44
|
|t:|1779569388
|switch|p1a: Cinderace|Cinderace, F|100/100
|switch|p2a: Samurott|Samurott-Hisui, F|19/100
|
|upkeep
|turn|45
|
|t:|1779569392
|switch|p2a: Gliscor|Gliscor, F|82/100 tox
|move|p1a: Cinderace|Pyro Ball|p2a: Gliscor|[miss]
|-miss|p1a: Cinderace|p2a: Gliscor
|
|-heal|p2a: Gliscor|95/100 tox|[from] ability: Poison Heal
|upkeep
|turn|46
|
|t:|1779569397
|move|p1a: Cinderace|Court Change|p1a: Cinderace
|-swapsideconditions
|-activate|p1a: Cinderace|move: Court Change
|move|p2a: Gliscor|Swords Dance|p2a: Gliscor
|-boost|p2a: Gliscor|atk|2
|
|-heal|p2a: Gliscor|100/100 tox|[from] ability: Poison Heal
|upkeep
|turn|47
|
|t:|1779569400
|move|p1a: Cinderace|U-turn|p2a: Gliscor
|-resisted|p2a: Gliscor
|-damage|p2a: Gliscor|93/100 tox
|
|t:|1779569401
|switch|p1a: Corviknight|Corviknight, F|70/100|[from] U-turn
|-ability|p1a: Corviknight|Pressure
|move|p2a: Gliscor|Swords Dance|p2a: Gliscor
|-boost|p2a: Gliscor|atk|2
|
|-heal|p2a: Gliscor|100/100 tox|[from] ability: Poison Heal
|upkeep
|turn|48
|
|t:|1779569406
|move|p2a: Gliscor|Swords Dance|p2a: Gliscor
|-boost|p2a: Gliscor|atk|2
|move|p1a: Corviknight|Roost|p1a: Corviknight
|-heal|p1a: Corviknight|100/100
|-singleturn|p1a: Corviknight|move: Roost
|
|upkeep
|turn|49
|
|t:|1779569410
|move|p2a: Gliscor|Facade|p1a: Corviknight
|-resisted|p1a: Corviknight
|-damage|p1a: Corviknight|62/100
|move|p1a: Corviknight|U-turn|p2a: Gliscor
|-resisted|p2a: Gliscor
|-damage|p2a: Gliscor|95/100 tox
|
|t:|1779569413
|switch|p1a: Kyurem|Kyurem|100/100|[from] U-turn
|-ability|p1a: Kyurem|Pressure
|
|-heal|p2a: Gliscor|100/100 tox|[from] ability: Poison Heal
|upkeep
|turn|50
|
|t:|1779569416
|move|p2a: Gliscor|Protect|p2a: Gliscor
|-singleturn|p2a: Gliscor|Protect
|move|p1a: Kyurem|Ice Beam|p2a: Gliscor
|-activate|p2a: Gliscor|move: Protect
|
|upkeep
|turn|51
|
|t:|1779569419
|-terastallize|p2a: Gliscor|Normal
|move|p1a: Kyurem|Ice Beam|p2a: Gliscor
|-damage|p2a: Gliscor|44/100 tox
|move|p2a: Gliscor|Facade|p1a: Kyurem
|-damage|p1a: Kyurem|0 fnt
|faint|p1a: Kyurem
|
|-heal|p2a: Gliscor|57/100 tox|[from] ability: Poison Heal
|upkeep
|
|t:|1779569421
|switch|p1a: Zamazenta|Zamazenta|90/100
|turn|52
|
|t:|1779569424
|move|p2a: Gliscor|Protect|p2a: Gliscor
|-singleturn|p2a: Gliscor|Protect
|move|p1a: Zamazenta|Iron Defense|p1a: Zamazenta
|-boost|p1a: Zamazenta|def|2
|
|-heal|p2a: Gliscor|69/100 tox|[from] ability: Poison Heal
|upkeep
|turn|53
|
|t:|1779569429
|switch|p1a: Slowking|Slowking-Galar, F|100/100
|switch|p2a: Pecharunt|Pecharunt|99/100
|
|upkeep
|turn|54
|
|t:|1779569433
|move|p2a: Pecharunt|Parting Shot|p1a: Slowking
|-unboost|p1a: Slowking|atk|1
|-unboost|p1a: Slowking|spa|1
|
|t:|1779569438
|switch|p2a: Blissey|Blissey, F|59/100|[from] Parting Shot
|move|p1a: Slowking|Trick|p2a: Blissey
|-activate|p1a: Slowking|move: Trick|[of] p2a: Blissey
|-item|p2a: Blissey|Black Sludge|[from] move: Trick
|-item|p1a: Slowking|Heavy-Duty Boots|[from] move: Trick
|
|-damage|p2a: Blissey|46/100|[from] item: Black Sludge
|upkeep
|turn|55
|
|t:|1779569442
|move|p2a: Blissey|Soft-Boiled|p2a: Blissey
|-heal|p2a: Blissey|96/100
|move|p1a: Slowking|Future Sight|p2a: Blissey
|-start|p1a: Slowking|move: Future Sight
|
|-damage|p2a: Blissey|84/100|[from] item: Black Sludge
|upkeep
|turn|56
|
|t:|1779569452
|switch|p2a: Gliscor|Gliscor, F, tera:Normal|69/100 tox
|-damage|p2a: Gliscor|57/100 tox|[from] Stealth Rock
|-prepare|p1a: Slowking|Chilly Reception|[premajor]
|move|p1a: Slowking|Chilly Reception|p1a: Slowking
|-weather|Snowscape
|
|t:|1779569454
|switch|p1a: Zamazenta|Zamazenta|90/100|[from] Chilly Reception
|
|-weather|Snowscape|[upkeep]
|-heal|p2a: Gliscor|69/100 tox|[from] ability: Poison Heal
|upkeep
|turn|57
|
|t:|1779569458
|move|p2a: Gliscor|Protect|p2a: Gliscor
|-singleturn|p2a: Gliscor|Protect
|move|p1a: Zamazenta|Roar|p2a: Gliscor
|drag|p2a: Skarmory|Skarmory, F|98/100
|
|-weather|Snowscape|[upkeep]
|-end|p2a: Skarmory|move: Future Sight
|-resisted|p2a: Skarmory
|-damage|p2a: Skarmory|68/100
|upkeep
|turn|58
|
|t:|1779569466
|switch|p1a: Cinderace|Cinderace, F|100/100
|move|p2a: Skarmory|Stealth Rock|p1a: Cinderace
|-sidestart|p1: memphisdepayy|move: Stealth Rock
|
|-weather|Snowscape|[upkeep]
|upkeep
|turn|59
|
|t:|1779569469
|switch|p2a: Pecharunt|Pecharunt|99/100
|move|p1a: Cinderace|Pyro Ball|p2a: Pecharunt
|-damage|p2a: Pecharunt|74/100
|
|-weather|Snowscape|[upkeep]
|upkeep
|turn|60
|
|t:|1779569472
|move|p1a: Cinderace|Will-O-Wisp|p2a: Pecharunt|[miss]
|-miss|p1a: Cinderace|p2a: Pecharunt
|move|p2a: Pecharunt|Toxic|p1a: Cinderace
|-status|p1a: Cinderace|tox
|-start|p1a: Cinderace|confusion|[from] ability: Poison Puppeteer|[of] p2a: Pecharunt
|
|-weather|none
|-damage|p1a: Cinderace|94/100 tox|[from] psn
|upkeep
|turn|61
|
|t:|1779569476
|switch|p2a: Gliscor|Gliscor, F, tera:Normal|69/100 tox
|-damage|p2a: Gliscor|57/100 tox|[from] Stealth Rock
|-activate|p1a: Cinderace|confusion
|move|p1a: Cinderace|Will-O-Wisp||[still]
|-fail|p1a: Cinderace
|
|-damage|p1a: Cinderace|82/100 tox|[from] psn
|-heal|p2a: Gliscor|69/100 tox|[from] ability: Poison Heal
|upkeep
|turn|62
|
|t:|1779569480
|-activate|p1a: Cinderace|confusion
|-damage|p1a: Cinderace|69/100 tox|[from] confusion
|move|p2a: Gliscor|Facade|p1a: Cinderace
|-damage|p1a: Cinderace|17/100 tox
|
|-damage|p1a: Cinderace|0 fnt|[from] psn
|faint|p1a: Cinderace
|-heal|p2a: Gliscor|82/100 tox|[from] ability: Poison Heal
|upkeep
|
|t:|1779569484
|switch|p1a: Corviknight|Corviknight, F|62/100
|-damage|p1a: Corviknight|49/100|[from] Stealth Rock
|-ability|p1a: Corviknight|Pressure
|turn|63
|
|t:|1779569488
|switch|p2a: Ogerpon|Ogerpon, F|100/100
|move|p1a: Corviknight|Roost|p1a: Corviknight
|-heal|p1a: Corviknight|99/100
|-singleturn|p1a: Corviknight|move: Roost
|
|upkeep
|turn|64
|
|t:|1779569493
|switch|p1a: Slowking|Slowking-Galar, F|100/100
|move|p2a: Ogerpon|U-turn|p1a: Slowking
|-damage|p1a: Slowking|77/100
|
|t:|1779569495
|switch|p2a: Samurott|Samurott-Hisui, F|19/100|[from] U-turn
|
|upkeep
|turn|65
|
|t:|1779569500
|switch|p1a: Ting-Lu|Ting-Lu|100/100
|-damage|p1a: Ting-Lu|94/100|[from] Stealth Rock
|-ability|p1a: Ting-Lu|Vessel of Ruin
|move|p2a: Samurott|Ceaseless Edge|p1a: Ting-Lu
|-resisted|p1a: Ting-Lu
|-damage|p1a: Ting-Lu|82/100
|-sidestart|p1: memphisdepayy|Spikes
|
|-heal|p1a: Ting-Lu|88/100|[from] item: Leftovers
|upkeep
|turn|66
|
|t:|1779569509
|switch|p2a: Skarmory|Skarmory, F|68/100
|move|p1a: Ting-Lu|Earthquake|p2a: Skarmory
|-immune|p2a: Skarmory
|
|-heal|p1a: Ting-Lu|94/100|[from] item: Leftovers
|upkeep
|turn|67
|
|t:|1779569515
|move|p2a: Skarmory|Body Press|p1a: Ting-Lu
|-supereffective|p1a: Ting-Lu
|-damage|p1a: Ting-Lu|61/100
|move|p1a: Ting-Lu|Payback|p2a: Skarmory
|-damage|p2a: Skarmory|48/100
|
|-heal|p1a: Ting-Lu|67/100|[from] item: Leftovers
|upkeep
|turn|68
|
|t:|1779569521
|move|p2a: Skarmory|Body Press|p1a: Ting-Lu
|-supereffective|p1a: Ting-Lu
|-damage|p1a: Ting-Lu|32/100
|move|p1a: Ting-Lu|Earthquake|p2a: Skarmory
|-immune|p2a: Skarmory
|
|-heal|p1a: Ting-Lu|39/100|[from] item: Leftovers
|upkeep
|turn|69
|
|t:|1779569525
|move|p2a: Skarmory|Roost|p2a: Skarmory
|-heal|p2a: Skarmory|98/100
|-singleturn|p2a: Skarmory|move: Roost
|move|p1a: Ting-Lu|Rest|p1a: Ting-Lu
|-status|p1a: Ting-Lu|slp|[from] move: Rest
|-heal|p1a: Ting-Lu|100/100 slp|[silent]
|
|upkeep
|turn|70
|
|t:|1779569528
|switch|p1a: Slowking|Slowking-Galar, F|100/100
|move|p2a: Skarmory|Whirlwind|p1a: Slowking
|drag|p1a: Ting-Lu|Ting-Lu|100/100 slp
|-damage|p1a: Ting-Lu|94/100 slp|[from] Stealth Rock
|-damage|p1a: Ting-Lu|82/100 slp|[from] Spikes
|-ability|p1a: Ting-Lu|Vessel of Ruin
|
|-heal|p1a: Ting-Lu|88/100 slp|[from] item: Leftovers
|upkeep
|turn|71
|
|t:|1779569534
|switch|p2a: Samurott|Samurott-Hisui, F|19/100
|cant|p1a: Ting-Lu|slp
|move|p1a: Ting-Lu|Sleep Talk|p1a: Ting-Lu
|move|p1a: Ting-Lu|Rest||[from] move: Sleep Talk|[still]
|-fail|p1a: Ting-Lu
|
|-heal|p1a: Ting-Lu|94/100 slp|[from] item: Leftovers
|upkeep
|turn|72
|
|t:|1779569539
|move|p2a: Samurott|Knock Off|p1a: Ting-Lu
|-resisted|p1a: Ting-Lu
|-damage|p1a: Ting-Lu|82/100 slp
|-enditem|p1a: Ting-Lu|Leftovers|[from] move: Knock Off|[of] p2a: Samurott
|cant|p1a: Ting-Lu|slp
|
|upkeep
|turn|73
|
|t:|1779569543
|switch|p2a: Skarmory|Skarmory, F|98/100
|-curestatus|p1a: Ting-Lu|slp|[msg]
|move|p1a: Ting-Lu|Payback|p2a: Skarmory
|-damage|p2a: Skarmory|87/100
|
|upkeep
|turn|74
|
|t:|1779569546
|move|p1a: Ting-Lu|Payback|p2a: Skarmory
|-damage|p2a: Skarmory|76/100
|move|p2a: Skarmory|Whirlwind|p1a: Ting-Lu
|drag|p1a: Slowking|Slowking-Galar, F|100/100
|
|upkeep
|turn|75
|
|t:|1779569554
|switch|p2a: Gliscor|Gliscor, F, tera:Normal|82/100 tox
|-damage|p2a: Gliscor|69/100 tox|[from] Stealth Rock
|move|p1a: Slowking|Future Sight|p2a: Gliscor
|-start|p1a: Slowking|move: Future Sight
|
|-heal|p2a: Gliscor|82/100 tox|[from] ability: Poison Heal
|upkeep
|turn|76
|
|t:|1779569557
|move|p2a: Gliscor|Earthquake|p1a: Slowking
|-supereffective|p1a: Slowking
|-damage|p1a: Slowking|38/100
|-prepare|p1a: Slowking|Chilly Reception|[premajor]
|move|p1a: Slowking|Chilly Reception|p1a: Slowking
|-weather|Snowscape
|
|t:|1779569559
|switch|p1a: Zamazenta|Zamazenta|90/100|[from] Chilly Reception
|-damage|p1a: Zamazenta|84/100|[from] Stealth Rock
|-damage|p1a: Zamazenta|71/100|[from] Spikes
|
|-weather|Snowscape|[upkeep]
|-heal|p2a: Gliscor|94/100 tox|[from] ability: Poison Heal
|upkeep
|turn|77
|
|t:|1779569570
|move|p2a: Gliscor|Facade|p1a: Zamazenta
|-damage|p1a: Zamazenta|39/100
|move|p1a: Zamazenta|Roar|p2a: Gliscor
|drag|p2a: Samurott|Samurott-Hisui, F|19/100
|
|-weather|Snowscape|[upkeep]
|-end|p2a: Samurott|move: Future Sight
|-immune|p2a: Samurott
|upkeep
|turn|78
|
|t:|1779569576
|switch|p2a: Pecharunt|Pecharunt|74/100
|move|p1a: Zamazenta|Crunch|p2a: Pecharunt
|-supereffective|p2a: Pecharunt
|-damage|p2a: Pecharunt|55/100
|
|-weather|Snowscape|[upkeep]
|upkeep
|turn|79
|
|t:|1779569579
|move|p1a: Zamazenta|Crunch|p2a: Pecharunt
|-supereffective|p2a: Pecharunt
|-damage|p2a: Pecharunt|36/100
|-unboost|p2a: Pecharunt|def|1
|move|p2a: Pecharunt|Parting Shot|p1a: Zamazenta
|-unboost|p1a: Zamazenta|atk|1
|-unboost|p1a: Zamazenta|spa|1
|
|t:|1779569583
|switch|p2a: Skarmory|Skarmory, F|76/100|[from] Parting Shot
|
|-weather|Snowscape|[upkeep]
|upkeep
|turn|80
|
|t:|1779569587
|switch|p2a: Samurott|Samurott-Hisui, F|19/100
|move|p1a: Zamazenta|Iron Defense|p1a: Zamazenta
|-boost|p1a: Zamazenta|def|2
|
|-weather|none
|upkeep
|turn|81
|
|t:|1779569594
|switch|p2a: Pecharunt|Pecharunt|36/100
|move|p1a: Zamazenta|Body Press|p2a: Pecharunt
|-immune|p2a: Pecharunt
|
|upkeep
|turn|82
|
|t:|1779569598
|move|p1a: Zamazenta|Crunch|p2a: Pecharunt
|-supereffective|p2a: Pecharunt
|-damage|p2a: Pecharunt|22/100
|move|p2a: Pecharunt|Recover|p2a: Pecharunt
|-heal|p2a: Pecharunt|72/100
|
|upkeep
|turn|83
|
|t:|1779569601
|switch|p1a: Slowking|Slowking-Galar, F|71/100
|move|p2a: Pecharunt|Parting Shot|p1a: Slowking
|-unboost|p1a: Slowking|atk|1
|-unboost|p1a: Slowking|spa|1
|
|t:|1779569603
|switch|p2a: Samurott|Samurott-Hisui, F|19/100|[from] Parting Shot
|
|upkeep
|turn|84
|
|t:|1779569607
|switch|p1a: Corviknight|Corviknight, F|99/100
|-damage|p1a: Corviknight|87/100|[from] Stealth Rock
|-ability|p1a: Corviknight|Pressure
|move|p2a: Samurott|Ceaseless Edge|p1a: Corviknight
|-damage|p1a: Corviknight|59/100
|-sidestart|p1: memphisdepayy|Spikes
|
|upkeep
|turn|85
|
|t:|1779569612
|switch|p2a: Skarmory|Skarmory, F|76/100
|move|p1a: Corviknight|Defog|p2a: Skarmory
|-unboost|p2a: Skarmory|evasion|1
|-sideend|p2: reversoral|Stealth Rock|[from] move: Defog|[of] p1a: Corviknight
|-sideend|p1: memphisdepayy|Spikes|[from] move: Defog|[of] p1a: Corviknight
|-sideend|p1: memphisdepayy|Stealth Rock|[from] move: Defog|[of] p1a: Corviknight
|
|upkeep
|turn|86
|
|t:|1779569616
|move|p2a: Skarmory|Stealth Rock|p1a: Corviknight
|-sidestart|p1: memphisdepayy|move: Stealth Rock
|move|p1a: Corviknight|Roost|p1a: Corviknight
|-heal|p1a: Corviknight|100/100
|-singleturn|p1a: Corviknight|move: Roost
|
|upkeep
|turn|87
|
|t:|1779569619
|move|p1a: Corviknight|Defog|p2a: Skarmory
|-unboost|p2a: Skarmory|evasion|1
|-sideend|p1: memphisdepayy|Stealth Rock|[from] move: Defog|[of] p1a: Corviknight
|move|p2a: Skarmory|Whirlwind|p1a: Corviknight
|drag|p1a: Zamazenta|Zamazenta|39/100
|
|upkeep
|turn|88
|
|t:|1779569623
|switch|p1a: Corviknight|Corviknight, F|100/100
|-ability|p1a: Corviknight|Pressure
|move|p2a: Skarmory|Stealth Rock|p1a: Corviknight
|-sidestart|p1: memphisdepayy|move: Stealth Rock
|
|upkeep
|turn|89
|
|t:|1779569626
|switch|p2a: Gliscor|Gliscor, F, tera:Normal|94/100 tox
|move|p1a: Corviknight|Defog|p2a: Gliscor
|-unboost|p2a: Gliscor|evasion|1
|-sideend|p1: memphisdepayy|Stealth Rock|[from] move: Defog|[of] p1a: Corviknight
|
|-heal|p2a: Gliscor|100/100 tox|[from] ability: Poison Heal
|upkeep
|turn|90
|
|t:|1779569628
|move|p2a: Gliscor|Swords Dance|p2a: Gliscor
|-boost|p2a: Gliscor|atk|2
|move|p1a: Corviknight|U-turn|p2a: Gliscor
|-damage|p2a: Gliscor|90/100 tox
|
|t:|1779569633
|switch|p1a: Zamazenta|Zamazenta|39/100|[from] U-turn
|
|-heal|p2a: Gliscor|100/100 tox|[from] ability: Poison Heal
|upkeep
|turn|91
|
|t:|1779569638
|switch|p1a: Corviknight|Corviknight, F|100/100
|-ability|p1a: Corviknight|Pressure
|move|p2a: Gliscor|Facade|p1a: Corviknight
|-resisted|p1a: Corviknight
|-damage|p1a: Corviknight|73/100
|
|upkeep
|turn|92
|
|t:|1779569641
|move|p2a: Gliscor|Swords Dance|p2a: Gliscor
|-boost|p2a: Gliscor|atk|2
|move|p1a: Corviknight|Brave Bird|p2a: Gliscor
|-damage|p2a: Gliscor|71/100 tox
|-damage|p1a: Corviknight|65/100|[from] Recoil
|
|-heal|p2a: Gliscor|83/100 tox|[from] ability: Poison Heal
|upkeep
|turn|93
|
|t:|1779569648
|move|p2a: Gliscor|Swords Dance|p2a: Gliscor
|-boost|p2a: Gliscor|atk|2
|move|p1a: Corviknight|Roost|p1a: Corviknight
|-heal|p1a: Corviknight|100/100
|-singleturn|p1a: Corviknight|move: Roost
|
|-heal|p2a: Gliscor|95/100 tox|[from] ability: Poison Heal
|upkeep
|turn|94
|
|t:|1779569651
|move|p2a: Gliscor|Facade|p1a: Corviknight
|-resisted|p1a: Corviknight
|-damage|p1a: Corviknight|43/100
|move|p1a: Corviknight|Defog|p2a: Gliscor
|-unboost|p2a: Gliscor|evasion|1
|
|-heal|p2a: Gliscor|100/100 tox|[from] ability: Poison Heal
|upkeep
|turn|95
|
|t:|1779569654
|move|p2a: Gliscor|Facade|p1a: Corviknight
|-resisted|p1a: Corviknight
|-damage|p1a: Corviknight|0 fnt
|faint|p1a: Corviknight
|
|upkeep
|-message|memphisdepayy forfeited.
|
|win|reversoral
|player|p1|
|c|☆reversoral|sry for hax
|c|☆reversoral|gg
