|badge|p2|silver|gen9ou|30-9
|uhtml|medal-msg|<div class="broadcast-blue">Curious what those medals under the avatar are? PS now has Ladder Seasons! For more information, check out the <a href="https://www.smogon.com/forums/threads/3740067/">thread on Smogon.</a></div>
|j|☆AmonacookieCutter
|j|☆Trainer #39
|t:|1779564704
|gametype|singles
|player|p1|AmonacookieCutter|cyclist-gen4|1697
|player|p2|Trainer #39|bugsy|1877
|gen|9
|tier|[Gen 9] OU
|rated|
|rule|HP Percentage Mod: HP is shown in percentages
|rule|Endless Battle Clause: Forcing endless battles is banned
|rule|Species Clause: Limit one of each Pokémon
|rule|OHKO Clause: OHKO moves are banned
|rule|Evasion Items Clause: Evasion items are banned
|rule|Evasion Moves Clause: Evasion moves are banned
|rule|Evasion Abilities Clause: Evasion abilities are banned
|rule|Sleep Moves Clause: Sleep-inducing moves are banned
|clearpoke
|poke|p1|Hawlucha, F|
|poke|p1|Samurott-Hisui, F|
|poke|p1|Rillaboom, F|
|poke|p1|Gholdengo|
|poke|p1|Kyurem|
|poke|p1|Landorus-Therian, M|
|poke|p2|Blissey, F|
|poke|p2|Corviknight, M|
|poke|p2|Dondozo, M|
|poke|p2|Gliscor, M|
|poke|p2|Clefable, M|
|poke|p2|Slowking-Galar, M|
|teampreview
|inactive|Battle timer is ON: inactive players will automatically lose when time's up. (requested by AmonacookieCutter)
|j| testingrainteam1
|inactive|Trainer #39 has 120 seconds left.
|
|t:|1779564752
|teamsize|p1|6
|teamsize|p2|6
|start
|switch|p1a: Landorus|Landorus-Therian, M|100/100
|switch|p2a: Free Palestine|Gliscor, M|100/100
|-ability|p1a: Landorus|Intimidate|boost
|-unboost|p2a: Free Palestine|atk|1
|turn|1
|
|t:|1779564765
|move|p1a: Landorus|Taunt|p2a: Free Palestine
|-start|p2a: Free Palestine|move: Taunt
|cant|p2a: Free Palestine|move: Taunt|Toxic
|
|-status|p2a: Free Palestine|tox|[from] item: Toxic Orb
|upkeep
|turn|2
|
|t:|1779564769
|switch|p2a: Trump is low IQ|Corviknight, M|100/100
|-ability|p2a: Trump is low IQ|Pressure
|move|p1a: Landorus|Stealth Rock|p2a: Trump is low IQ
|-sidestart|p2: Trainer #39|move: Stealth Rock
|
|upkeep
|turn|3
|
|t:|1779564772
|move|p1a: Landorus|Taunt|p2a: Trump is low IQ
|-start|p2a: Trump is low IQ|move: Taunt
|move|p2a: Trump is low IQ|Brave Bird|p1a: Landorus
|-damage|p1a: Landorus|62/100
|-damage|p2a: Trump is low IQ|84/100|[from] item: Rocky Helmet|[of] p1a: Landorus
|-damage|p2a: Trump is low IQ|72/100|[from] Recoil
|
|upkeep
|turn|4
|
|t:|1779564778
|move|p1a: Landorus|U-turn|p2a: Trump is low IQ
|-resisted|p2a: Trump is low IQ
|-damage|p2a: Trump is low IQ|69/100
|-damage|p1a: Landorus|45/100|[from] item: Rocky Helmet|[of] p2a: Trump is low IQ
|
|t:|1779564779
|switch|p1a: Gholdengo|Gholdengo|100/100|[from] U-turn
|move|p2a: Trump is low IQ|U-turn|p1a: Gholdengo
|-resisted|p1a: Gholdengo
|-damage|p1a: Gholdengo|97/100
|
|t:|1779564786
|switch|p2a: Free Palestine|Gliscor, M|100/100 tox|[from] U-turn
|-damage|p2a: Free Palestine|88/100 tox|[from] Stealth Rock
|
|-heal|p2a: Free Palestine|100/100 tox|[from] ability: Poison Heal
|upkeep
|turn|5
|
|t:|1779564798
|move|p1a: Gholdengo|Trick|p2a: Free Palestine
|-activate|p1a: Gholdengo|move: Trick|[of] p2a: Free Palestine
|-item|p2a: Free Palestine|Choice Scarf|[from] move: Trick
|-item|p1a: Gholdengo|Toxic Orb|[from] move: Trick
|move|p2a: Free Palestine|Earthquake|p1a: Gholdengo
|-supereffective|p1a: Gholdengo
|-damage|p1a: Gholdengo|30/100
|
|upkeep
|turn|6
|
|t:|1779564803
|switch|p2a: brat|Blissey, F|100/100
|switch|p1a: Landorus|Landorus-Therian, M|45/100
|-ability|p1a: Landorus|Intimidate|boost
|-unboost|p2a: brat|atk|1
|
|upkeep
|turn|7
|
|t:|1779564808
|move|p1a: Landorus|Taunt|p2a: brat
|-start|p2a: brat|move: Taunt
|cant|p2a: brat|move: Taunt|Stealth Rock
|
|upkeep
|turn|8
|
|t:|1779564812
|switch|p2a: Free Palestine|Gliscor, M|100/100 tox
|-damage|p2a: Free Palestine|88/100 tox|[from] Stealth Rock
|move|p1a: Landorus|U-turn|p2a: Free Palestine
|-resisted|p2a: Free Palestine
|-damage|p2a: Free Palestine|82/100 tox
|j| Faye Asteria
|
|t:|1779564816
|switch|p1a: Kyurem|Kyurem|100/100|[from] U-turn
|-ability|p1a: Kyurem|Pressure
|
|-heal|p2a: Free Palestine|94/100 tox|[from] ability: Poison Heal
|upkeep
|turn|9
|
|t:|1779564819
|switch|p2a: brat|Blissey, F|100/100
|move|p1a: Kyurem|Freeze-Dry|p2a: brat
|-damage|p2a: brat|88/100
|-status|p2a: brat|frz
|
|upkeep
|turn|10
|
|t:|1779564821
|switch|p1a: Gholdengo|Gholdengo|30/100
|cant|p2a: brat|frz
|
|upkeep
|turn|11
|
|t:|1779564825
|move|p1a: Gholdengo|Recover|p1a: Gholdengo
|-heal|p1a: Gholdengo|80/100
|cant|p2a: brat|frz
|
|upkeep
|turn|12
|
|t:|1779564829
|-curestatus|p2a: brat|frz|[from] ability: Natural Cure|[silent]
|switch|p2a: Free Palestine|Gliscor, M|94/100 tox
|-damage|p2a: Free Palestine|82/100 tox|[from] Stealth Rock
|move|p1a: Gholdengo|Trick|p2a: Free Palestine
|-activate|p1a: Gholdengo|move: Trick|[of] p2a: Free Palestine
|-item|p2a: Free Palestine|Toxic Orb|[from] move: Trick
|-item|p1a: Gholdengo|Choice Scarf|[from] move: Trick
|
|-heal|p2a: Free Palestine|94/100 tox|[from] ability: Poison Heal
|upkeep
|turn|13
|
|t:|1779564835
|switch|p1a: Landorus|Landorus-Therian, M|45/100
|-ability|p1a: Landorus|Intimidate|boost
|-unboost|p2a: Free Palestine|atk|1
|move|p2a: Free Palestine|Earthquake|p1a: Landorus
|-immune|p1a: Landorus
|
|-heal|p2a: Free Palestine|100/100 tox|[from] ability: Poison Heal
|upkeep
|turn|14
|
|t:|1779564838
|move|p1a: Landorus|Taunt|p2a: Free Palestine
|-start|p2a: Free Palestine|move: Taunt
|cant|p2a: Free Palestine|move: Taunt|Substitute
|
|upkeep
|turn|15
|
|t:|1779564842
|move|p1a: Landorus|U-turn|p2a: Free Palestine
|-resisted|p2a: Free Palestine
|-damage|p2a: Free Palestine|94/100 tox
|
|t:|1779564849
|switch|p1a: Rillaboom|Rillaboom, F|100/100|[from] U-turn
|-fieldstart|move: Grassy Terrain|[from] ability: Grassy Surge|[of] p1a: Rillaboom
|move|p2a: Free Palestine|Earthquake|p1a: Rillaboom
|-resisted|p1a: Rillaboom
|-damage|p1a: Rillaboom|95/100
|
|-heal|p1a: Rillaboom|100/100|[from] Grassy Terrain
|-heal|p2a: Free Palestine|100/100 tox|[from] ability: Poison Heal
|upkeep
|turn|16
|
|t:|1779564857
|move|p2a: Free Palestine|Earthquake|p1a: Rillaboom
|-resisted|p1a: Rillaboom
|-damage|p1a: Rillaboom|95/100
|move|p1a: Rillaboom|Wood Hammer|p2a: Free Palestine
|-damage|p2a: Free Palestine|50/100 tox
|-damage|p1a: Rillaboom|79/100|[from] Recoil
|
|-heal|p1a: Rillaboom|85/100|[from] Grassy Terrain
|-heal|p2a: Free Palestine|63/100 tox|[from] ability: Poison Heal
|-end|p2a: Free Palestine|move: Taunt
|upkeep
|turn|17
|
|t:|1779564862
|switch|p1a: Gholdengo|Gholdengo|80/100
|move|p2a: Free Palestine|Substitute|p2a: Free Palestine
|-start|p2a: Free Palestine|Substitute
|-damage|p2a: Free Palestine|38/100 tox
|
|-heal|p1a: Gholdengo|86/100|[from] Grassy Terrain
|-heal|p2a: Free Palestine|50/100 tox|[from] ability: Poison Heal
|upkeep
|turn|18
|
|t:|1779564874
|move|p1a: Gholdengo|Shadow Ball|p2a: Free Palestine
|-crit|p2a: Free Palestine
|-end|p2a: Free Palestine|Substitute
|move|p2a: Free Palestine|Earthquake|p1a: Gholdengo
|-supereffective|p1a: Gholdengo
|-damage|p1a: Gholdengo|61/100
|
|-heal|p1a: Gholdengo|67/100|[from] Grassy Terrain
|-heal|p2a: Free Palestine|63/100 tox|[from] ability: Poison Heal
|upkeep
|turn|19
|
|t:|1779564884
|switch|p1a: Landorus|Landorus-Therian, M|45/100
|-ability|p1a: Landorus|Intimidate|boost
|-unboost|p2a: Free Palestine|atk|1
|move|p2a: Free Palestine|Protect||[still]
|-fail|p2a: Free Palestine
|
|-heal|p2a: Free Palestine|75/100 tox|[from] ability: Poison Heal
|-fieldend|move: Grassy Terrain
|upkeep
|turn|20
|
|t:|1779564888
|move|p1a: Landorus|Taunt|p2a: Free Palestine
|-start|p2a: Free Palestine|move: Taunt
|cant|p2a: Free Palestine|move: Taunt|Toxic
|
|-heal|p2a: Free Palestine|88/100 tox|[from] ability: Poison Heal
|upkeep
|turn|21
|
|t:|1779564892
|switch|p2a: Trump is low IQ|Corviknight, M|69/100
|-damage|p2a: Trump is low IQ|56/100|[from] Stealth Rock
|-ability|p2a: Trump is low IQ|Pressure
|move|p1a: Landorus|U-turn|p2a: Trump is low IQ
|-resisted|p2a: Trump is low IQ
|-damage|p2a: Trump is low IQ|54/100
|-damage|p1a: Landorus|29/100|[from] item: Rocky Helmet|[of] p2a: Trump is low IQ
|
|t:|1779564895
|switch|p1a: Gholdengo|Gholdengo|67/100|[from] U-turn
|
|upkeep
|turn|22
|
|t:|1779564899
|switch|p2a: Save Sudan|Slowking-Galar, M|100/100
|-damage|p2a: Save Sudan|88/100|[from] Stealth Rock
|move|p1a: Gholdengo|Trick|p2a: Save Sudan
|-activate|p1a: Gholdengo|move: Trick|[of] p2a: Save Sudan
|-item|p2a: Save Sudan|Choice Scarf|[from] move: Trick
|-item|p1a: Gholdengo|Choice Scarf|[from] move: Trick
|
|upkeep
|turn|23
|
|t:|1779564908
|move|p1a: Gholdengo|Shadow Ball|p2a: Save Sudan
|-supereffective|p2a: Save Sudan
|-damage|p2a: Save Sudan|27/100
|-unboost|p2a: Save Sudan|spd|1
|move|p2a: Save Sudan|Future Sight|p1a: Gholdengo
|-start|p2a: Save Sudan|move: Future Sight
|
|upkeep
|turn|24
|
|t:|1779564914
|switch|p2a: brat|Blissey, F|88/100
|move|p1a: Gholdengo|Shadow Ball|p2a: brat
|-immune|p2a: brat
|
|upkeep
|turn|25
|
|t:|1779564918
|switch|p1a: Rillaboom|Rillaboom, F|85/100
|-fieldstart|move: Grassy Terrain|[from] ability: Grassy Surge|[of] p1a: Rillaboom
|move|p2a: brat|Stealth Rock|p1a: Rillaboom
|-sidestart|p1: AmonacookieCutter|move: Stealth Rock
|
|-end|p1a: Rillaboom|move: Future Sight
|-damage|p1a: Rillaboom|29/100
|-heal|p1a: Rillaboom|35/100|[from] Grassy Terrain
|-heal|p2a: brat|94/100|[from] Grassy Terrain
|upkeep
|turn|26
|
|t:|1779564923
|switch|p2a: Free Palestine|Gliscor, M|88/100 tox
|-damage|p2a: Free Palestine|75/100 tox|[from] Stealth Rock
|move|p1a: Rillaboom|Wood Hammer|p2a: Free Palestine
|-damage|p2a: Free Palestine|17/100 tox
|-damage|p1a: Rillaboom|17/100|[from] Recoil
|
|-heal|p1a: Rillaboom|23/100|[from] Grassy Terrain
|-heal|p2a: Free Palestine|30/100 tox|[from] ability: Poison Heal
|upkeep
|turn|27
|j| firered27
|
|t:|1779564934
|move|p2a: Free Palestine|Substitute|p2a: Free Palestine
|-start|p2a: Free Palestine|Substitute
|-damage|p2a: Free Palestine|5/100 tox
|move|p1a: Rillaboom|Swords Dance|p1a: Rillaboom
|-boost|p1a: Rillaboom|atk|2
|
|-heal|p1a: Rillaboom|29/100|[from] Grassy Terrain
|-heal|p2a: Free Palestine|17/100 tox|[from] ability: Poison Heal
|upkeep
|turn|28
|
|t:|1779564938
|move|p2a: Free Palestine|Protect|p2a: Free Palestine
|-singleturn|p2a: Free Palestine|Protect
|move|p1a: Rillaboom|Grassy Glide|p2a: Free Palestine
|-activate|p2a: Free Palestine|move: Protect
|
|-heal|p1a: Rillaboom|35/100|[from] Grassy Terrain
|-heal|p2a: Free Palestine|30/100 tox|[from] ability: Poison Heal
|upkeep
|turn|29
|
|t:|1779564941
|move|p1a: Rillaboom|Grassy Glide|p2a: Free Palestine
|-end|p2a: Free Palestine|Substitute
|move|p2a: Free Palestine|Toxic|p1a: Rillaboom
|-status|p1a: Rillaboom|tox
|-enditem|p1a: Rillaboom|Lum Berry|[eat]
|-curestatus|p1a: Rillaboom|tox|[msg]
|
|-heal|p1a: Rillaboom|42/100|[from] Grassy Terrain
|-heal|p2a: Free Palestine|42/100 tox|[from] ability: Poison Heal
|-fieldend|move: Grassy Terrain
|upkeep
|turn|30
|
|t:|1779564945
|move|p2a: Free Palestine|Protect|p2a: Free Palestine
|-singleturn|p2a: Free Palestine|Protect
|move|p1a: Rillaboom|Wood Hammer|p2a: Free Palestine
|-activate|p2a: Free Palestine|move: Protect
|
|-heal|p2a: Free Palestine|55/100 tox|[from] ability: Poison Heal
|upkeep
|turn|31
|
|t:|1779564951
|move|p2a: Free Palestine|Substitute|p2a: Free Palestine
|-start|p2a: Free Palestine|Substitute
|-damage|p2a: Free Palestine|30/100 tox
|move|p1a: Rillaboom|Wood Hammer|p2a: Free Palestine
|-end|p2a: Free Palestine|Substitute
|-damage|p1a: Rillaboom|34/100|[from] Recoil|[of] p2a: Free Palestine
|
|-heal|p2a: Free Palestine|42/100 tox|[from] ability: Poison Heal
|upkeep
|turn|32
|
|t:|1779564955
|move|p2a: Free Palestine|Protect|p2a: Free Palestine
|-singleturn|p2a: Free Palestine|Protect
|move|p1a: Rillaboom|Knock Off|p2a: Free Palestine
|-activate|p2a: Free Palestine|move: Protect
|
|-heal|p2a: Free Palestine|55/100 tox|[from] ability: Poison Heal
|upkeep
|turn|33
|
|t:|1779564960
|move|p2a: Free Palestine|Substitute|p2a: Free Palestine
|-start|p2a: Free Palestine|Substitute
|-damage|p2a: Free Palestine|30/100 tox
|move|p1a: Rillaboom|Knock Off|p2a: Free Palestine
|-end|p2a: Free Palestine|Substitute
|
|-heal|p2a: Free Palestine|42/100 tox|[from] ability: Poison Heal
|upkeep
|turn|34
|
|t:|1779564965
|move|p2a: Free Palestine|Protect|p2a: Free Palestine
|-singleturn|p2a: Free Palestine|Protect
|move|p1a: Rillaboom|Grassy Glide|p2a: Free Palestine
|-activate|p2a: Free Palestine|move: Protect
|
|-heal|p2a: Free Palestine|55/100 tox|[from] ability: Poison Heal
|upkeep
|turn|35
|
|t:|1779564968
|move|p2a: Free Palestine|Toxic|p1a: Rillaboom
|-status|p1a: Rillaboom|tox
|move|p1a: Rillaboom|Wood Hammer|p2a: Free Palestine
|-damage|p2a: Free Palestine|0 fnt
|faint|p2a: Free Palestine
|-damage|p1a: Rillaboom|17/100 tox|[from] Recoil
|
|-damage|p1a: Rillaboom|11/100 tox|[from] psn
|upkeep
|
|t:|1779564972
|switch|p2a: Trump is low IQ|Corviknight, M|54/100
|-damage|p2a: Trump is low IQ|41/100|[from] Stealth Rock
|-ability|p2a: Trump is low IQ|Pressure
|turn|36
|
|t:|1779564976
|move|p1a: Rillaboom|Knock Off|p2a: Trump is low IQ
|-damage|p2a: Trump is low IQ|1/100
|-damage|p1a: Rillaboom|0 fnt|[from] item: Rocky Helmet|[of] p2a: Trump is low IQ
|faint|p1a: Rillaboom
|move|p2a: Trump is low IQ|Roost|p2a: Trump is low IQ
|-heal|p2a: Trump is low IQ|51/100
|-singleturn|p2a: Trump is low IQ|move: Roost
|
|upkeep
|
|t:|1779564984
|switch|p1a: Gholdengo|Gholdengo|67/100
|-damage|p1a: Gholdengo|61/100|[from] Stealth Rock
|turn|37
|
|t:|1779564991
|move|p1a: Gholdengo|Trick|p2a: Trump is low IQ
|-activate|p1a: Gholdengo|move: Trick|[of] p2a: Trump is low IQ
|-item|p2a: Trump is low IQ|Choice Scarf|[from] move: Trick
|-item|p1a: Gholdengo|Rocky Helmet|[from] move: Trick
|move|p2a: Trump is low IQ|Roost|p2a: Trump is low IQ
|-heal|p2a: Trump is low IQ|100/100
|-singleturn|p2a: Trump is low IQ|move: Roost
|
|upkeep
|turn|38
|
|t:|1779565000
|switch|p1a: Samurott|Samurott-Hisui, F|100/100
|-damage|p1a: Samurott|88/100|[from] Stealth Rock
|switch|p2a: brat|Blissey, F|94/100
|
|upkeep
|turn|39
|
|t:|1779565005
|switch|p2a: Trump is low IQ|Corviknight, M|100/100
|-damage|p2a: Trump is low IQ|88/100|[from] Stealth Rock
|-ability|p2a: Trump is low IQ|Pressure
|move|p1a: Samurott|Knock Off|p2a: Trump is low IQ
|-damage|p2a: Trump is low IQ|63/100
|-enditem|p2a: Trump is low IQ|Choice Scarf|[from] move: Knock Off|[of] p1a: Samurott
|
|upkeep
|turn|40
|l| Faye Asteria
|
|t:|1779565014
|move|p1a: Samurott|Flip Turn|p2a: Trump is low IQ
|-damage|p2a: Trump is low IQ|49/100
|
|t:|1779565016
|switch|p1a: Gholdengo|Gholdengo|61/100|[from] Flip Turn
|-damage|p1a: Gholdengo|55/100|[from] Stealth Rock
|move|p2a: Trump is low IQ|Roost|p2a: Trump is low IQ
|-heal|p2a: Trump is low IQ|99/100
|-singleturn|p2a: Trump is low IQ|move: Roost
|
|upkeep
|turn|41
|
|t:|1779565022
|switch|p2a: Free Lebanon|Clefable, M|100/100
|move|p1a: Gholdengo|Recover|p1a: Gholdengo
|-heal|p1a: Gholdengo|100/100
|
|upkeep
|turn|42
|
|t:|1779565026
|move|p2a: Free Lebanon|Protect|p2a: Free Lebanon
|-singleturn|p2a: Free Lebanon|Protect
|move|p1a: Gholdengo|Make It Rain|p2a: Free Lebanon
|-activate|p2a: Free Lebanon|move: Protect
|
|upkeep
|turn|43
|
|t:|1779565035
|switch|p2a: brat|Blissey, F|94/100
|move|p1a: Gholdengo|Shadow Ball|p2a: brat
|-immune|p2a: brat
|
|upkeep
|turn|44
|
|t:|1779565041
|switch|p1a: Samurott|Samurott-Hisui, F|88/100
|-damage|p1a: Samurott|76/100|[from] Stealth Rock
|switch|p2a: Free Lebanon|Clefable, M|100/100
|
|upkeep
|turn|45
|
|t:|1779565045
|switch|p2a: Trump is low IQ|Corviknight, M|99/100
|-damage|p2a: Trump is low IQ|86/100|[from] Stealth Rock
|-ability|p2a: Trump is low IQ|Pressure
|move|p1a: Samurott|Knock Off|p2a: Trump is low IQ
|-crit|p2a: Trump is low IQ
|-damage|p2a: Trump is low IQ|63/100
|
|upkeep
|turn|46
|
|t:|1779565048
|move|p1a: Samurott|Ceaseless Edge|p2a: Trump is low IQ
|-damage|p2a: Trump is low IQ|39/100
|-sidestart|p2: Trainer #39|Spikes
|move|p2a: Trump is low IQ|Roost|p2a: Trump is low IQ
|-heal|p2a: Trump is low IQ|89/100
|-singleturn|p2a: Trump is low IQ|move: Roost
|
|upkeep
|turn|47
|
|t:|1779565050
|switch|p1a: Gholdengo|Gholdengo|100/100
|-damage|p1a: Gholdengo|94/100|[from] Stealth Rock
|move|p2a: Trump is low IQ|Brave Bird|p1a: Gholdengo
|-resisted|p1a: Gholdengo
|-damage|p1a: Gholdengo|75/100
|-damage|p2a: Trump is low IQ|72/100|[from] item: Rocky Helmet|[of] p1a: Gholdengo
|-damage|p2a: Trump is low IQ|67/100|[from] Recoil
|
|upkeep
|turn|48
|
|t:|1779565055
|move|p1a: Gholdengo|Shadow Ball|p2a: Trump is low IQ
|-damage|p2a: Trump is low IQ|28/100
|move|p2a: Trump is low IQ|Roost|p2a: Trump is low IQ
|-heal|p2a: Trump is low IQ|78/100
|-singleturn|p2a: Trump is low IQ|move: Roost
|
|upkeep
|turn|49
|
|t:|1779565059
|switch|p2a: brat|Blissey, F|94/100
|move|p1a: Gholdengo|Shadow Ball|p2a: brat
|-immune|p2a: brat
|
|upkeep
|turn|50
|
|t:|1779565066
|switch|p2a: Free Lebanon|Clefable, M|100/100
|move|p1a: Gholdengo|Trick|p2a: Free Lebanon
|-activate|p1a: Gholdengo|move: Trick|[of] p2a: Free Lebanon
|-item|p2a: Free Lebanon|Rocky Helmet|[from] move: Trick
|-item|p1a: Gholdengo|Heavy-Duty Boots|[from] move: Trick
|
|upkeep
|turn|51
|
|t:|1779565073
|move|p1a: Gholdengo|Shadow Ball|p2a: Free Lebanon
|-damage|p2a: Free Lebanon|74/100
|move|p2a: Free Lebanon|Moonblast|p1a: Gholdengo
|-resisted|p1a: Gholdengo
|-damage|p1a: Gholdengo|55/100
|-unboost|p1a: Gholdengo|spa|1
|
|upkeep
|turn|52
|
|t:|1779565079
|move|p1a: Gholdengo|Make It Rain|p2a: Free Lebanon
|-supereffective|p2a: Free Lebanon
|-damage|p2a: Free Lebanon|0 fnt
|-unboost|p1a: Gholdengo|spa|1
|faint|p2a: Free Lebanon
|
|upkeep
|
|t:|1779565082
|switch|p2a: Trump is low IQ|Corviknight, M|78/100
|-damage|p2a: Trump is low IQ|66/100|[from] Stealth Rock
|-ability|p2a: Trump is low IQ|Pressure
|turn|53
|
|t:|1779565084
|move|p1a: Gholdengo|Recover|p1a: Gholdengo
|-heal|p1a: Gholdengo|100/100
|move|p2a: Trump is low IQ|Defog|p1a: Gholdengo
|-immune|p1a: Gholdengo|[from] ability: Good as Gold
|
|upkeep
|turn|54
|
|t:|1779565089
|move|p1a: Gholdengo|Shadow Ball|p2a: Trump is low IQ
|-damage|p2a: Trump is low IQ|44/100
|move|p2a: Trump is low IQ|Defog|p1a: Gholdengo
|-immune|p1a: Gholdengo|[from] ability: Good as Gold
|
|upkeep
|turn|55
|
|t:|1779565099
|move|p1a: Gholdengo|Shadow Ball|p2a: Trump is low IQ
|-damage|p2a: Trump is low IQ|23/100
|move|p2a: Trump is low IQ|Roost|p2a: Trump is low IQ
|-heal|p2a: Trump is low IQ|73/100
|-singleturn|p2a: Trump is low IQ|move: Roost
|
|upkeep
|turn|56
|
|t:|1779565107
|move|p1a: Gholdengo|Shadow Ball|p2a: Trump is low IQ
|-damage|p2a: Trump is low IQ|52/100
|move|p2a: Trump is low IQ|Brave Bird|p1a: Gholdengo
|-resisted|p1a: Gholdengo
|-damage|p1a: Gholdengo|81/100
|-damage|p2a: Trump is low IQ|47/100|[from] Recoil
|
|upkeep
|turn|57
|
|t:|1779565114
|switch|p1a: Landorus|Landorus-Therian, M|29/100
|-damage|p1a: Landorus|16/100|[from] Stealth Rock
|-ability|p1a: Landorus|Intimidate|boost
|-unboost|p2a: Trump is low IQ|atk|1
|move|p2a: Trump is low IQ|Roost|p2a: Trump is low IQ
|-heal|p2a: Trump is low IQ|97/100
|-singleturn|p2a: Trump is low IQ|move: Roost
|
|upkeep
|turn|58
|
|t:|1779565117
|switch|p1a: Gholdengo|Gholdengo|81/100
|move|p2a: Trump is low IQ|U-turn|p1a: Gholdengo
|-resisted|p1a: Gholdengo
|-damage|p1a: Gholdengo|78/100
|
|t:|1779565119
|switch|p2a: Save Sudan|Slowking-Galar, M|60/100|[from] U-turn
|-damage|p2a: Save Sudan|48/100|[from] Stealth Rock
|-damage|p2a: Save Sudan|35/100|[from] Spikes
|
|upkeep
|turn|59
|
|t:|1779565122
|switch|p2a: brat|Blissey, F|94/100
|move|p1a: Gholdengo|Shadow Ball|p2a: brat
|-immune|p2a: brat
|
|upkeep
|turn|60
|
|t:|1779565131
|switch|p1a: Samurott|Samurott-Hisui, F|76/100
|-damage|p1a: Samurott|63/100|[from] Stealth Rock
|move|p2a: brat|Shadow Ball|p1a: Samurott
|-resisted|p1a: Samurott
|-damage|p1a: Samurott|58/100
|
|upkeep
|turn|61
|
|t:|1779565135
|switch|p2a: Trump is low IQ|Corviknight, M|97/100
|-damage|p2a: Trump is low IQ|85/100|[from] Stealth Rock
|-ability|p2a: Trump is low IQ|Pressure
|move|p1a: Samurott|Ceaseless Edge|p2a: Trump is low IQ
|-damage|p2a: Trump is low IQ|62/100
|-sidestart|p2: Trainer #39|Spikes
|
|upkeep
|turn|62
|
|t:|1779565144
|move|p1a: Samurott|Flip Turn|p2a: Trump is low IQ
|-damage|p2a: Trump is low IQ|46/100
|
|t:|1779565149
|switch|p1a: Gholdengo|Gholdengo|78/100|[from] Flip Turn
|move|p2a: Trump is low IQ|Brave Bird|p1a: Gholdengo
|-resisted|p1a: Gholdengo
|-damage|p1a: Gholdengo|59/100
|-damage|p2a: Trump is low IQ|41/100|[from] Recoil
|
|upkeep
|turn|63
|
|t:|1779565154
|switch|p2a: brat|Blissey, F|94/100
|move|p1a: Gholdengo|Recover|p1a: Gholdengo
|-heal|p1a: Gholdengo|100/100
|
|upkeep
|turn|64
|
|t:|1779565171
|switch|p2a: Trump is low IQ|Corviknight, M|41/100
|-damage|p2a: Trump is low IQ|28/100|[from] Stealth Rock
|-ability|p2a: Trump is low IQ|Pressure
|move|p1a: Gholdengo|Make It Rain|p2a: Trump is low IQ
|-resisted|p2a: Trump is low IQ
|-damage|p2a: Trump is low IQ|0 fnt
|-unboost|p1a: Gholdengo|spa|1
|faint|p2a: Trump is low IQ
|
|upkeep
|
|t:|1779565175
|switch|p2a: Save Sudan|Slowking-Galar, M|69/100
|-damage|p2a: Save Sudan|56/100|[from] Stealth Rock
|-damage|p2a: Save Sudan|40/100|[from] Spikes
|turn|65
|
|t:|1779565178
|switch|p2a: brat|Blissey, F|94/100
|move|p1a: Gholdengo|Shadow Ball|p2a: brat
|-immune|p2a: brat
|
|upkeep
|turn|66
|
|t:|1779565184
|switch|p1a: Landorus|Landorus-Therian, M|16/100
|-damage|p1a: Landorus|4/100|[from] Stealth Rock
|-ability|p1a: Landorus|Intimidate|boost
|-unboost|p2a: brat|atk|1
|switch|p2a: 808 and curses|Dondozo, M|100/100
|-damage|p2a: 808 and curses|88/100|[from] Stealth Rock
|-damage|p2a: 808 and curses|71/100|[from] Spikes
|
|-heal|p2a: 808 and curses|77/100|[from] item: Leftovers
|upkeep
|turn|67
|
|t:|1779565189
|move|p1a: Landorus|Taunt|p2a: 808 and curses
|-start|p2a: 808 and curses|move: Taunt
|cant|p2a: 808 and curses|move: Taunt|Rest
|
|-heal|p2a: 808 and curses|84/100|[from] item: Leftovers
|upkeep
|turn|68
|
|t:|1779565191
|move|p1a: Landorus|Earth Power|p2a: 808 and curses
|-damage|p2a: 808 and curses|54/100
|move|p2a: 808 and curses|Waterfall|p1a: Landorus
|-supereffective|p1a: Landorus
|-damage|p1a: Landorus|0 fnt
|-damage|p2a: 808 and curses|38/100|[from] item: Rocky Helmet|[of] p1a: Landorus
|faint|p1a: Landorus
|
|-heal|p2a: 808 and curses|44/100|[from] item: Leftovers
|upkeep
|
|t:|1779565199
|switch|p1a: Gholdengo|Gholdengo|100/100
|turn|69
|l|☆Trainer #39
|inactive|Trainer #39 disconnected and has a minute to reconnect!
|player|p2|
|inactive|Trainer #39 has 30 seconds to reconnect!
|j| FaronAan
|inactive|Trainer #39 has 20 seconds to reconnect!
|inactive|Trainer #39 has 15 seconds to reconnect!
|inactive|Trainer #39 has 10 seconds to reconnect!
|inactive|Trainer #39 has 5 seconds to reconnect!
|-message|Trainer #39 lost due to inactivity.
|
|win|AmonacookieCutter
|raw|AmonacookieCutter's rating: 1697 &rarr; <strong>1727</strong><br />(+30 for winning)
|raw|Trainer #39's rating: 1877 &rarr; <strong>1847</strong><br />(-30 for losing)
