|j|☆xiaohui001
|j|☆Silvaaxr2011
|t:|1779657595
|gametype|singles
|player|p1|xiaohui001|nate|1146
|player|p2|Silvaaxr2011|red|1157
|gen|9
|tier|[Gen 9] OU
|rated|
|rule|HP Percentage Mod: HP is shown in percentages
|rule|Endless Battle Clause: Forcing endless battles is banned
|rule|Species Clause: Limit one of each Pokémon
|rule|OHKO Clause: OHKO moves are banned
|rule|Evasion Items Clause: Evasion items are banned
|rule|Evasion Moves Clause: Evasion moves are banned
|rule|Evasion Abilities Clause: Evasion abilities are banned
|rule|Sleep Moves Clause: Sleep-inducing moves are banned
|clearpoke
|poke|p1|Mienshao, F|
|poke|p1|Garganacl, F|
|poke|p1|Gliscor, F|
|poke|p1|Blissey, F|
|poke|p1|Heatran, M|
|poke|p1|Rotom-Wash|
|poke|p2|Gliscor, M|
|poke|p2|Garchomp, M|
|poke|p2|Incineroar, M|
|poke|p2|Quaquaval, M|
|poke|p2|Tinkaton, F|
|poke|p2|Venusaur, M|
|teampreview
|
|t:|1779657621
|teamsize|p1|6
|teamsize|p2|6
|start
|switch|p1a: Mienshao|Mienshao, F|100/100
|switch|p2a: Gliscor|Gliscor, M, shiny|100/100
|turn|1
|
|t:|1779657636
|move|p1a: Mienshao|Fake Out|p2a: Gliscor
|-damage|p2a: Gliscor|89/100
|-damage|p1a: Mienshao|91/100|[from] item: Life Orb
|cant|p2a: Gliscor|flinch
|
|-status|p2a: Gliscor|tox|[from] item: Toxic Orb
|upkeep
|turn|2
|
|t:|1779657646
|move|p1a: Mienshao|U-turn|p2a: Gliscor
|-resisted|p2a: Gliscor
|-damage|p2a: Gliscor|78/100 tox
|-damage|p1a: Mienshao|81/100|[from] item: Life Orb
|
|t:|1779657650
|switch|p1a: Gliscor|Gliscor, F|100/100|[from] U-turn
|move|p2a: Gliscor|Spikes|p1a: Gliscor
|-sidestart|p1: xiaohui001|Spikes
|
|-heal|p2a: Gliscor|91/100 tox|[from] ability: Poison Heal
|-status|p1a: Gliscor|tox|[from] item: Toxic Orb
|upkeep
|turn|3
|
|t:|1779657675
|switch|p1a: Rotom|Rotom-Wash|100/100
|move|p2a: Gliscor|Spikes|p1a: Rotom
|-sidestart|p1: xiaohui001|Spikes
|
|-heal|p2a: Gliscor|100/100 tox|[from] ability: Poison Heal
|upkeep
|turn|4
|
|t:|1779657684
|move|p1a: Rotom|Hydro Pump|p2a: Gliscor
|-supereffective|p2a: Gliscor
|-damage|p2a: Gliscor|13/100 tox
|move|p2a: Gliscor|Earthquake|p1a: Rotom
|-immune|p1a: Rotom|[from] ability: Levitate
|
|-heal|p2a: Gliscor|25/100 tox|[from] ability: Poison Heal
|upkeep
|turn|5
|
|t:|1779657694
|move|p2a: Gliscor|Protect|p2a: Gliscor
|-singleturn|p2a: Gliscor|Protect
|move|p1a: Rotom|Hydro Pump|p2a: Gliscor
|-activate|p2a: Gliscor|move: Protect
|
|-heal|p2a: Gliscor|38/100 tox|[from] ability: Poison Heal
|upkeep
|turn|6
|
|t:|1779657721
|switch|p2a: Venusaur|Venusaur, M|100/100
|move|p1a: Rotom|Hydro Pump|p2a: Venusaur
|-resisted|p2a: Venusaur
|-damage|p2a: Venusaur|74/100
|
|upkeep
|turn|7
|
|t:|1779657737
|switch|p1a: Garganacl|Garganacl, F|100/100
|-damage|p1a: Garganacl|84/100|[from] Spikes
|move|p2a: Venusaur|Solar Beam||[still]
|-prepare|p2a: Venusaur|Solar Beam
|
|-heal|p1a: Garganacl|90/100|[from] item: Leftovers
|upkeep
|turn|8
|
|t:|1779657746
|switch|p1a: Heatran|Heatran, M|100/100
|-damage|p1a: Heatran|84/100|[from] Spikes
|move|p2a: Venusaur|Solar Beam|p1a: Heatran|[from] lockedmove
|-resisted|p1a: Heatran
|-damage|p1a: Heatran|71/100
|
|upkeep
|turn|9
|
|t:|1779657760
|move|p1a: Heatran|Earth Power|p2a: Venusaur
|-damage|p2a: Venusaur|35/100
|move|p2a: Venusaur|Earth Power|p1a: Heatran
|-supereffective|p1a: Heatran
|-damage|p1a: Heatran|0 fnt
|faint|p1a: Heatran
|
|upkeep
|
|t:|1779657770
|switch|p1a: Mienshao|Mienshao, F|100/100
|-damage|p1a: Mienshao|84/100|[from] Spikes
|turn|10
|
|t:|1779657776
|move|p1a: Mienshao|High Jump Kick|p2a: Venusaur
|-resisted|p2a: Venusaur
|-damage|p2a: Venusaur|0 fnt
|faint|p2a: Venusaur
|-damage|p1a: Mienshao|74/100|[from] item: Life Orb
|
|upkeep
|
|t:|1779657786
|switch|p2a: Gliscor|Gliscor, M, shiny|38/100 tox
|turn|11
|
|t:|1779657794
|move|p2a: Gliscor|Protect|p2a: Gliscor
|-singleturn|p2a: Gliscor|Protect
|move|p1a: Mienshao|Stone Edge|p2a: Gliscor
|-activate|p2a: Gliscor|move: Protect
|
|-heal|p2a: Gliscor|50/100 tox|[from] ability: Poison Heal
|upkeep
|turn|12
|
|t:|1779657803
|move|p1a: Mienshao|U-turn|p2a: Gliscor
|-resisted|p2a: Gliscor
|-damage|p2a: Gliscor|39/100 tox
|-damage|p1a: Mienshao|64/100|[from] item: Life Orb
|
|t:|1779657809
|switch|p1a: Rotom|Rotom-Wash|100/100|[from] U-turn
|move|p2a: Gliscor|Toxic|p1a: Rotom
|-status|p1a: Rotom|tox
|
|-damage|p1a: Rotom|94/100 tox|[from] psn
|-heal|p2a: Gliscor|52/100 tox|[from] ability: Poison Heal
|upkeep
|turn|13
|
|t:|1779657820
|move|p2a: Gliscor|Protect|p2a: Gliscor
|-singleturn|p2a: Gliscor|Protect
|move|p1a: Rotom|Hydro Pump|p2a: Gliscor
|-activate|p2a: Gliscor|move: Protect
|
|-heal|p1a: Rotom|100/100 tox|[from] item: Leftovers
|-damage|p1a: Rotom|88/100 tox|[from] psn
|-heal|p2a: Gliscor|64/100 tox|[from] ability: Poison Heal
|upkeep
|turn|14
|
|t:|1779657859
|switch|p2a: Sharkboy|Garchomp, M|100/100
|move|p1a: Rotom|Hydro Pump|p2a: Sharkboy
|-damage|p2a: Sharkboy|50/100
|
|-heal|p1a: Rotom|94/100 tox|[from] item: Leftovers
|-damage|p1a: Rotom|76/100 tox|[from] psn
|upkeep
|turn|15
|
|t:|1779657871
|move|p2a: Sharkboy|Scale Shot|p1a: Rotom
|-damage|p1a: Rotom|58/100 tox
|-damage|p1a: Rotom|40/100 tox
|-damage|p1a: Rotom|22/100 tox
|-damage|p1a: Rotom|3/100 tox
|-hitcount|p1a: Rotom|4
|-unboost|p2a: Sharkboy|def|1
|-boost|p2a: Sharkboy|spe|1
|move|p1a: Rotom|Hydro Pump|p2a: Sharkboy|[miss]
|-miss|p1a: Rotom|p2a: Sharkboy
|
|-heal|p1a: Rotom|9/100 tox|[from] item: Leftovers
|-damage|p1a: Rotom|0 fnt|[from] psn
|faint|p1a: Rotom
|upkeep
|
|t:|1779657889
|switch|p1a: Mienshao|Mienshao, F|97/100
|-damage|p1a: Mienshao|81/100|[from] Spikes
|turn|16
|
|t:|1779657901
|move|p1a: Mienshao|Fake Out|p2a: Sharkboy
|-damage|p2a: Sharkboy|28/100
|-damage|p1a: Mienshao|68/100|[from] ability: Rough Skin|[of] p2a: Sharkboy
|-damage|p1a: Mienshao|58/100|[from] item: Life Orb
|cant|p2a: Sharkboy|flinch
|
|upkeep
|turn|17
|
|t:|1779657913
|switch|p1a: Garganacl|Garganacl, F|90/100
|-damage|p1a: Garganacl|74/100|[from] Spikes
|move|p2a: Sharkboy|Scale Shot|p1a: Garganacl
|-damage|p1a: Garganacl|66/100
|-damage|p1a: Garganacl|58/100
|-damage|p1a: Garganacl|51/100
|-damage|p1a: Garganacl|45/100
|-hitcount|p1a: Garganacl|4
|-unboost|p2a: Sharkboy|def|1
|-boost|p2a: Sharkboy|spe|1
|
|-heal|p1a: Garganacl|51/100|[from] item: Leftovers
|upkeep
|turn|18
|
|t:|1779657930
|-terastallize|p1a: Garganacl|Fairy
|move|p2a: Sharkboy|Earthquake|p1a: Garganacl
|-damage|p1a: Garganacl|25/100
|move|p1a: Garganacl|Recover|p1a: Garganacl
|-heal|p1a: Garganacl|75/100
|
|-heal|p1a: Garganacl|81/100|[from] item: Leftovers
|upkeep
|turn|19
|
|t:|1779657950
|-terastallize|p2a: Sharkboy|Steel
|move|p2a: Sharkboy|Earthquake|p1a: Garganacl
|-damage|p1a: Garganacl|53/100
|move|p1a: Garganacl|Salt Cure|p2a: Sharkboy
|-resisted|p2a: Sharkboy
|-damage|p2a: Sharkboy|14/100
|-start|p2a: Sharkboy|Salt Cure
|
|-heal|p1a: Garganacl|59/100|[from] item: Leftovers
|-damage|p2a: Sharkboy|0 fnt|[from] Salt Cure
|faint|p2a: Sharkboy
|upkeep
|
|t:|1779657968
|switch|p2a: Tinkaton|Tinkaton, F|100/100
|turn|20
|
|t:|1779657976
|move|p2a: Tinkaton|Gigaton Hammer|p1a: Garganacl
|-supereffective|p1a: Garganacl
|-damage|p1a: Garganacl|16/100
|move|p1a: Garganacl|Recover|p1a: Garganacl
|-heal|p1a: Garganacl|66/100
|
|-heal|p1a: Garganacl|73/100|[from] item: Leftovers
|upkeep
|turn|21
|
|t:|1779657987
|move|p1a: Garganacl|Protect|p1a: Garganacl
|-singleturn|p1a: Garganacl|Protect
|move|p2a: Tinkaton|Play Rough|p1a: Garganacl
|-activate|p1a: Garganacl|move: Protect
|
|-heal|p1a: Garganacl|79/100|[from] item: Leftovers
|upkeep
|turn|22
|
|t:|1779657997
|move|p2a: Tinkaton|Gigaton Hammer|p1a: Garganacl
|-supereffective|p1a: Garganacl
|-crit|p1a: Garganacl
|-damage|p1a: Garganacl|18/100
|move|p1a: Garganacl|Salt Cure|p2a: Tinkaton
|-resisted|p2a: Tinkaton
|-damage|p2a: Tinkaton|94/100
|-start|p2a: Tinkaton|Salt Cure
|
|-heal|p2a: Tinkaton|99/100|[from] item: Leftovers
|-heal|p1a: Garganacl|24/100|[from] item: Leftovers
|-damage|p2a: Tinkaton|75/100|[from] Salt Cure
|upkeep
|turn|23
|
|t:|1779658008
|move|p1a: Garganacl|Protect|p1a: Garganacl
|-singleturn|p1a: Garganacl|Protect
|move|p2a: Tinkaton|Play Rough|p1a: Garganacl
|-activate|p1a: Garganacl|move: Protect
|
|-heal|p2a: Tinkaton|81/100|[from] item: Leftovers
|-heal|p1a: Garganacl|30/100|[from] item: Leftovers
|-damage|p2a: Tinkaton|57/100|[from] Salt Cure
|upkeep
|turn|24
|
|t:|1779658024
|switch|p1a: Gliscor|Gliscor, F|100/100 tox
|move|p2a: Tinkaton|Gigaton Hammer|p1a: Gliscor
|-damage|p1a: Gliscor|61/100 tox
|
|-heal|p2a: Tinkaton|63/100|[from] item: Leftovers
|-heal|p1a: Gliscor|74/100 tox|[from] ability: Poison Heal
|-damage|p2a: Tinkaton|38/100|[from] Salt Cure
|upkeep
|turn|25
|
|t:|1779658039
|move|p1a: Gliscor|Protect|p1a: Gliscor
|-singleturn|p1a: Gliscor|Protect
|move|p2a: Tinkaton|Reflect|p2a: Tinkaton
|-sidestart|p2: Silvaaxr2011|Reflect
|
|-heal|p2a: Tinkaton|44/100|[from] item: Leftovers
|-heal|p1a: Gliscor|86/100 tox|[from] ability: Poison Heal
|-damage|p2a: Tinkaton|19/100|[from] Salt Cure
|upkeep
|turn|26
|
|t:|1779658050
|move|p1a: Gliscor|Protect|p1a: Gliscor
|-singleturn|p1a: Gliscor|Protect
|move|p2a: Tinkaton|Gigaton Hammer|p1a: Gliscor
|-activate|p1a: Gliscor|move: Protect
|
|-heal|p2a: Tinkaton|25/100|[from] item: Leftovers
|-heal|p1a: Gliscor|98/100 tox|[from] ability: Poison Heal
|-damage|p2a: Tinkaton|0 fnt|[from] Salt Cure
|faint|p2a: Tinkaton
|upkeep
|
|t:|1779658066
|switch|p2a: Quaquaval|Quaquaval, M|100/100
|turn|27
|
|t:|1779658077
|move|p1a: Gliscor|Toxic|p2a: Quaquaval
|-status|p2a: Quaquaval|tox
|move|p2a: Quaquaval|Triple Axel|p1a: Gliscor
|-supereffective|p1a: Gliscor
|-damage|p1a: Gliscor|72/100 tox
|-supereffective|p1a: Gliscor
|-damage|p1a: Gliscor|23/100 tox
|-supereffective|p1a: Gliscor
|-damage|p1a: Gliscor|0 fnt
|faint|p1a: Gliscor
|-ability|p2a: Quaquaval|Moxie|boost
|-boost|p2a: Quaquaval|atk|1
|-hitcount|p1: Gliscor|3
|
|-damage|p2a: Quaquaval|94/100 tox|[from] psn
|upkeep
|
|t:|1779658092
|switch|p1a: Mienshao|Mienshao, F|91/100
|-damage|p1a: Mienshao|75/100|[from] Spikes
|turn|28
|
|t:|1779658097
|move|p1a: Mienshao|Fake Out|p2a: Quaquaval
|-damage|p2a: Quaquaval|84/100 tox
|-damage|p1a: Mienshao|65/100|[from] item: Life Orb
|cant|p2a: Quaquaval|flinch
|
|-damage|p2a: Quaquaval|72/100 tox|[from] psn
|upkeep
|turn|29
|
|t:|1779658106
|move|p1a: Mienshao|High Jump Kick|p2a: Quaquaval|[miss]
|-miss|p1a: Mienshao|p2a: Quaquaval
|-damage|p1a: Mienshao|15/100|[from] highjumpkick
|move|p2a: Quaquaval|Aqua Step|p1a: Mienshao
|-damage|p1a: Mienshao|0 fnt
|-boost|p2a: Quaquaval|spe|1
|faint|p1a: Mienshao
|-ability|p2a: Quaquaval|Moxie|boost
|-boost|p2a: Quaquaval|atk|1
|
|-damage|p2a: Quaquaval|54/100 tox|[from] psn
|-sideend|p2: Silvaaxr2011|Reflect
|upkeep
|
|t:|1779658119
|switch|p1a: Garganacl|Garganacl, F, tera:Fairy|30/100
|-damage|p1a: Garganacl|14/100|[from] Spikes
|turn|30
|
|t:|1779658124
|move|p1a: Garganacl|Protect|p1a: Garganacl
|-singleturn|p1a: Garganacl|Protect
|move|p2a: Quaquaval|Aqua Step|p1a: Garganacl
|-activate|p1a: Garganacl|move: Protect
|
|-heal|p1a: Garganacl|20/100|[from] item: Leftovers
|-damage|p2a: Quaquaval|29/100 tox|[from] psn
|upkeep
|turn|31
|
|t:|1779658136
|move|p2a: Quaquaval|Aqua Step|p1a: Garganacl
|-damage|p1a: Garganacl|0 fnt
|-boost|p2a: Quaquaval|spe|1
|faint|p1a: Garganacl
|-ability|p2a: Quaquaval|Moxie|boost
|-boost|p2a: Quaquaval|atk|1
|
|-damage|p2a: Quaquaval|0 fnt|[from] psn
|faint|p2a: Quaquaval
|upkeep
|
|t:|1779658147
|switch|p2a: Gliscor|Gliscor, M, shiny|64/100 tox
|switch|p1a: Blissey|Blissey, F|100/100
|-damage|p1a: Blissey|84/100|[from] Spikes
|turn|32
|
|t:|1779658158
|move|p2a: Gliscor|Toxic|p1a: Blissey
|-status|p1a: Blissey|tox
|move|p1a: Blissey|Flamethrower|p2a: Gliscor
|-damage|p2a: Gliscor|51/100 tox
|
|-heal|p1a: Blissey|90/100 tox|[from] item: Leftovers
|-heal|p2a: Gliscor|64/100 tox|[from] ability: Poison Heal
|-damage|p1a: Blissey|84/100 tox|[from] psn
|upkeep
|turn|33
|
|t:|1779658170
|move|p2a: Gliscor|Earthquake|p1a: Blissey
|-damage|p1a: Blissey|26/100 tox
|move|p1a: Blissey|Seismic Toss|p2a: Gliscor
|-damage|p2a: Gliscor|35/100 tox
|
|-heal|p1a: Blissey|32/100 tox|[from] item: Leftovers
|-heal|p2a: Gliscor|48/100 tox|[from] ability: Poison Heal
|-damage|p1a: Blissey|20/100 tox|[from] psn
|upkeep
|turn|34
|l|☆xiaohui001
|player|p1|
|inactive|Battle timer is ON: inactive players will automatically lose when time's up. (requested by Silvaaxr2011)
|inactiveoff|Battle timer is now OFF.
|-message|Silvaaxr2011 forfeited.
|
|win|xiaohui001
|raw|xiaohui001's rating: 1146 &rarr; <strong>1172</strong><br />(+26 for winning)
|raw|Silvaaxr2011's rating: 1157 &rarr; <strong>1131</strong><br />(-26 for losing)
|l|☆Silvaaxr2011
|player|p2|
