|j|☆sdkid
|j|☆yeroVH
|t:|1779650832
|gametype|singles
|player|p1|sdkid|burglar|1100
|player|p2|yeroVH|hilbert|1073
|gen|9
|tier|[Gen 9] OU
|rated|
|rule|HP Percentage Mod: HP is shown in percentages
|rule|Endless Battle Clause: Forcing endless battles is banned
|rule|Species Clause: Limit one of each Pokémon
|rule|OHKO Clause: OHKO moves are banned
|rule|Evasion Items Clause: Evasion items are banned
|rule|Evasion Moves Clause: Evasion moves are banned
|rule|Evasion Abilities Clause: Evasion abilities are banned
|rule|Sleep Moves Clause: Sleep-inducing moves are banned
|clearpoke
|poke|p1|Gholdengo|
|poke|p1|Ting-Lu|
|poke|p1|Dragonite, F|
|poke|p1|Ogerpon-Wellspring, F|
|poke|p1|Kingambit, M|
|poke|p1|Iron Moth|
|poke|p2|Torkoal, F|
|poke|p2|Venusaur, F|
|poke|p2|Shiftry, F|
|poke|p2|Whimsicott, M|
|poke|p2|Metagross|
|poke|p2|Rampardos, M|
|teampreview
|inactive|Battle timer is ON: inactive players will automatically lose when time's up. (requested by sdkid)
|
|t:|1779650844
|teamsize|p1|6
|teamsize|p2|6
|start
|switch|p1a: Ting-Lu|Ting-Lu|100/100
|switch|p2a: Torkoal|Torkoal, F|100/100
|-ability|p1a: Ting-Lu|Vessel of Ruin
|-weather|SunnyDay|[from] ability: Drought|[of] p2a: Torkoal
|turn|1
|inactive|yeroVH has 120 seconds left.
|
|t:|1779650876
|switch|p2a: Venusaur|Venusaur, F|100/100
|move|p1a: Ting-Lu|Ruination|p2a: Venusaur
|-damage|p2a: Venusaur|50/100
|
|-weather|SunnyDay|[upkeep]
|upkeep
|turn|2
|
|t:|1779650881
|move|p2a: Venusaur|Solar Beam||[still]
|-prepare|p2a: Venusaur|Solar Beam
|-anim|p2a: Venusaur|Solar Beam|p1a: Ting-Lu
|-supereffective|p1a: Ting-Lu
|-damage|p1a: Ting-Lu|42/100
|-damage|p2a: Venusaur|41/100|[from] item: Life Orb
|move|p1a: Ting-Lu|Earthquake|p2a: Venusaur
|-damage|p2a: Venusaur|0 fnt
|faint|p2a: Venusaur
|
|-weather|SunnyDay|[upkeep]
|upkeep
|
|t:|1779650888
|switch|p2a: Whimsicott|Whimsicott, M|100/100
|turn|3
|
|t:|1779650894
|switch|p1a: Iron Moth|Iron Moth|100/100
|-enditem|p1a: Iron Moth|Booster Energy
|-activate|p1a: Iron Moth|ability: Quark Drive|[fromitem]
|-start|p1a: Iron Moth|quarkdrivespa
|move|p2a: Whimsicott|Moonblast|p1a: Iron Moth
|-resisted|p1a: Iron Moth
|-damage|p1a: Iron Moth|90/100
|
|-weather|SunnyDay|[upkeep]
|upkeep
|turn|4
|
|t:|1779650911
|switch|p2a: Rampardos|Rampardos, M|100/100
|-ability|p2a: Rampardos|Mold Breaker
|move|p1a: Iron Moth|Fiery Dance|p2a: Rampardos
|-resisted|p2a: Rampardos
|-damage|p2a: Rampardos|29/100
|
|-weather|SunnyDay|[upkeep]
|upkeep
|turn|5
|inactive|sdkid has 120 seconds left.
|
|t:|1779650952
|move|p2a: Rampardos|Earthquake|p1a: Iron Moth
|-supereffective|p1a: Iron Moth
|-damage|p1a: Iron Moth|0 fnt
|faint|p1a: Iron Moth
|-end|p1a: Iron Moth|Quark Drive|[silent]
|
|-weather|SunnyDay|[upkeep]
|upkeep
|
|t:|1779650957
|switch|p1a: Dragonite|Dragonite, F|100/100
|turn|6
|
|t:|1779650963
|switch|p2a: Whimsicott|Whimsicott, M|100/100
|move|p1a: Dragonite|Dragon Dance|p1a: Dragonite
|-boost|p1a: Dragonite|atk|1
|-boost|p1a: Dragonite|spe|1
|
|-weather|SunnyDay|[upkeep]
|upkeep
|turn|7
|inactive|sdkid has 120 seconds left.
|
|t:|1779650980
|move|p2a: Whimsicott|Encore|p1a: Dragonite
|-start|p1a: Dragonite|Encore
|move|p1a: Dragonite|Dragon Dance|p1a: Dragonite
|-boost|p1a: Dragonite|atk|1
|-boost|p1a: Dragonite|spe|1
|
|-weather|SunnyDay|[upkeep]
|upkeep
|turn|8
|inactive|sdkid has 120 seconds left.
|
|t:|1779650985
|switch|p1a: Gholdengo|Gholdengo|100/100
|move|p2a: Whimsicott|Tailwind|p2a: Whimsicott
|-sidestart|p2: yeroVH|move: Tailwind
|
|-weather|none
|upkeep
|turn|9
|
|t:|1779650993
|switch|p2a: Shiftry|Shiftry, F|100/100
|-ability|p2a: Shiftry|Wind Rider|boost
|-boost|p2a: Shiftry|atk|1
|move|p1a: Gholdengo|Shadow Ball|p2a: Shiftry
|-resisted|p2a: Shiftry
|-damage|p2a: Shiftry|67/100
|
|upkeep
|turn|10
|
|t:|1779650998
|switch|p1a: Ting-Lu|Ting-Lu|42/100
|-ability|p1a: Ting-Lu|Vessel of Ruin
|move|p2a: Shiftry|Knock Off|p1a: Ting-Lu
|-resisted|p1a: Ting-Lu
|-damage|p1a: Ting-Lu|24/100
|-damage|p2a: Shiftry|50/100|[from] item: Rocky Helmet|[of] p1a: Ting-Lu
|-enditem|p1a: Ting-Lu|Rocky Helmet|[from] move: Knock Off|[of] p2a: Shiftry
|
|upkeep
|turn|11
|
|t:|1779651007
|move|p2a: Shiftry|Leaf Blade|p1a: Ting-Lu
|-supereffective|p1a: Ting-Lu
|-damage|p1a: Ting-Lu|0 fnt
|faint|p1a: Ting-Lu
|
|-sideend|p2: yeroVH|move: Tailwind
|upkeep
|
|t:|1779651024
|switch|p1a: Gholdengo|Gholdengo|100/100
|turn|12
|
|t:|1779651028
|move|p1a: Gholdengo|Make It Rain|p2a: Shiftry
|-damage|p2a: Shiftry|0 fnt
|-unboost|p1a: Gholdengo|spa|1
|faint|p2a: Shiftry
|
|upkeep
|inactive|yeroVH has 120 seconds left.
|
|t:|1779651068
|switch|p2a: Rampardos|Rampardos, M|29/100
|-ability|p2a: Rampardos|Mold Breaker
|turn|13
|inactive|yeroVH has 120 seconds left.
|
|t:|1779651077
|move|p1a: Gholdengo|Make It Rain|p2a: Rampardos
|-supereffective|p2a: Rampardos
|-damage|p2a: Rampardos|0 fnt
|-unboost|p1a: Gholdengo|spa|1
|faint|p2a: Rampardos
|
|upkeep
|inactive|yeroVH has 120 seconds left.
|
|t:|1779651084
|switch|p2a: Torkoal|Torkoal, F|100/100
|-weather|SunnyDay|[from] ability: Drought|[of] p2a: Torkoal
|turn|14
|
|t:|1779651102
|switch|p1a: Dragonite|Dragonite, F|100/100
|move|p2a: Torkoal|Lava Plume|p1a: Dragonite
|-resisted|p1a: Dragonite
|-damage|p1a: Dragonite|89/100
|
|-weather|SunnyDay|[upkeep]
|upkeep
|turn|15
|
|t:|1779651112
|move|p1a: Dragonite|Earthquake|p2a: Torkoal
|-supereffective|p2a: Torkoal
|-damage|p2a: Torkoal|25/100
|move|p2a: Torkoal|Will-O-Wisp|p1a: Dragonite
|-status|p1a: Dragonite|brn
|
|-weather|SunnyDay|[upkeep]
|-damage|p1a: Dragonite|83/100 brn|[from] brn
|upkeep
|turn|16
|
|t:|1779651126
|switch|p2a: Metagross|Metagross|100/100
|move|p1a: Dragonite|Earthquake|p2a: Metagross
|-supereffective|p2a: Metagross
|-damage|p2a: Metagross|64/100
|
|-weather|SunnyDay|[upkeep]
|-heal|p2a: Metagross|70/100|[from] item: Leftovers
|-damage|p1a: Dragonite|77/100 brn|[from] brn
|upkeep
|turn|17
|
|t:|1779651131
|move|p2a: Metagross|Ice Punch|p1a: Dragonite
|-supereffective|p1a: Dragonite
|-damage|p1a: Dragonite|0 fnt
|faint|p1a: Dragonite
|
|-weather|SunnyDay|[upkeep]
|-heal|p2a: Metagross|76/100|[from] item: Leftovers
|upkeep
|
|t:|1779651137
|switch|p1a: Gholdengo|Gholdengo|100/100
|turn|18
|
|t:|1779651151
|move|p1a: Gholdengo|Shadow Ball|p2a: Metagross
|-supereffective|p2a: Metagross
|-damage|p2a: Metagross|0 fnt
|faint|p2a: Metagross
|
|-weather|SunnyDay|[upkeep]
|upkeep
|
|t:|1779651155
|switch|p2a: Whimsicott|Whimsicott, M|100/100
|turn|19
|
|t:|1779651160
|move|p2a: Whimsicott|Encore|p1a: Gholdengo
|-immune|p1a: Gholdengo|[from] ability: Good as Gold
|move|p1a: Gholdengo|Shadow Ball|p2a: Whimsicott
|-damage|p2a: Whimsicott|32/100
|
|-weather|SunnyDay|[upkeep]
|upkeep
|turn|20
|
|t:|1779651163
|move|p1a: Gholdengo|Shadow Ball|p2a: Whimsicott
|-crit|p2a: Whimsicott
|-damage|p2a: Whimsicott|0 fnt
|faint|p2a: Whimsicott
|
|-weather|SunnyDay|[upkeep]
|upkeep
|
|t:|1779651164
|switch|p2a: Torkoal|Torkoal, F|25/100
|turn|21
|
|t:|1779651166
|move|p1a: Gholdengo|Shadow Ball|p2a: Torkoal
|-damage|p2a: Torkoal|0 fnt
|faint|p2a: Torkoal
|
|win|sdkid
|raw|sdkid's rating: 1100 &rarr; <strong>1123</strong><br />(+23 for winning)
|raw|yeroVH's rating: 1073 &rarr; <strong>1054</strong><br />(-19 for losing)
|l|☆yeroVH
|player|p2|
