|j|☆Twinkerbell3454
|j|‽hyp4roffender
|t:|1779631316
|gametype|singles
|player|p1|Twinkerbell3454|ingo|1220
|player|p2|hyp4roffender|102|1222
|gen|9
|tier|[Gen 9] OU
|rated|
|rule|HP Percentage Mod: HP is shown in percentages
|rule|Endless Battle Clause: Forcing endless battles is banned
|rule|Species Clause: Limit one of each Pokémon
|rule|OHKO Clause: OHKO moves are banned
|rule|Evasion Items Clause: Evasion items are banned
|rule|Evasion Moves Clause: Evasion moves are banned
|rule|Evasion Abilities Clause: Evasion abilities are banned
|rule|Sleep Moves Clause: Sleep-inducing moves are banned
|clearpoke
|poke|p1|Azumarill, F|
|poke|p1|Meowscarada, M|
|poke|p1|Kingambit, F|
|poke|p1|Lucario, M|
|poke|p1|Hariyama, M|
|poke|p1|Poliwrath, F|
|poke|p2|Iron Moth|
|poke|p2|Gliscor, M|
|poke|p2|Hatterene, F|
|poke|p2|Ogerpon-Wellspring, F|
|poke|p2|Raging Bolt|
|poke|p2|Zamazenta-*|
|teampreview
|
|t:|1779631343
|teamsize|p1|6
|teamsize|p2|6
|start
|switch|p1a: Azumarill|Azumarill, F|100/100
|switch|p2a: Gliscor|Gliscor, M|100/100
|turn|1
|
|t:|1779631350
|switch|p2a: Zamazenta|Zamazenta|100/100
|-ability|p2a: Zamazenta|Dauntless Shield|boost
|-boost|p2a: Zamazenta|def|1
|move|p1a: Azumarill|Belly Drum|p1a: Azumarill
|-damage|p1a: Azumarill|50/100
|-setboost|p1a: Azumarill|atk|6|[from] move: Belly Drum
|-enditem|p1a: Azumarill|Sitrus Berry|[eat]
|-heal|p1a: Azumarill|75/100|[from] item: Sitrus Berry
|
|upkeep
|turn|2
|
|t:|1779631363
|move|p2a: Zamazenta|Reflect|p2a: Zamazenta
|-sidestart|p2: hyp4roffender|Reflect
|move|p1a: Azumarill|Play Rough|p2a: Zamazenta
|-supereffective|p2a: Zamazenta
|-damage|p2a: Zamazenta|0 fnt
|faint|p2a: Zamazenta
|
|upkeep
|
|t:|1779631372
|switch|p2a: Ogerpon|Ogerpon-Wellspring, F|100/100
|turn|3
|
|t:|1779631382
|move|p2a: Ogerpon|Trailblaze|p1a: Azumarill
|-supereffective|p1a: Azumarill
|-damage|p1a: Azumarill|9/100
|-boost|p2a: Ogerpon|spe|1
|move|p1a: Azumarill|Knock Off|p2a: Ogerpon
|-damage|p2a: Ogerpon|28/100
|
|upkeep
|turn|4
|
|t:|1779631389
|move|p1a: Azumarill|Aqua Jet|p2a: Ogerpon
|-heal|p2a: Ogerpon|53/100|[from] ability: Water Absorb|[of] p1a: Azumarill
|move|p2a: Ogerpon|Trailblaze|p1a: Azumarill
|-supereffective|p1a: Azumarill
|-damage|p1a: Azumarill|0 fnt
|-boost|p2a: Ogerpon|spe|1
|faint|p1a: Azumarill
|
|upkeep
|inactive|Battle timer is ON: inactive players will automatically lose when time's up. (requested by hyp4roffender)
|
|t:|1779631401
|switch|p1a: Lucario|Lucario, M|100/100
|turn|5
|
|t:|1779631410
|move|p2a: Ogerpon|Swords Dance|p2a: Ogerpon
|-boost|p2a: Ogerpon|atk|2
|move|p1a: Lucario|Swords Dance|p1a: Lucario
|-boost|p1a: Lucario|atk|2
|
|upkeep
|turn|6
|
|t:|1779631419
|move|p2a: Ogerpon|Ivy Cudgel|p1a: Lucario|[anim] Ivy Cudgel Water
|-damage|p1a: Lucario|0 fnt
|faint|p1a: Lucario
|
|upkeep
|
|t:|1779631424
|switch|p1a: Kingambit|Kingambit, F|100/100
|-activate|p1a: Kingambit|ability: Supreme Overlord
|-start|p1a: Kingambit|fallen2|[silent]
|turn|7
|
|t:|1779631431
|move|p1a: Kingambit|Sucker Punch|p2a: Ogerpon
|-damage|p2a: Ogerpon|17/100
|move|p2a: Ogerpon|Ivy Cudgel|p1a: Kingambit|[anim] Ivy Cudgel Water
|-damage|p1a: Kingambit|14/100
|
|upkeep
|turn|8
|
|t:|1779631436
|move|p1a: Kingambit|Sucker Punch||[still]
|-fail|p1a: Kingambit
|move|p2a: Ogerpon|Encore|p1a: Kingambit
|-start|p1a: Kingambit|Encore
|
|upkeep
|turn|9
|
|t:|1779631441
|move|p1a: Kingambit|Sucker Punch||[still]
|-fail|p1a: Kingambit
|move|p2a: Ogerpon|Swords Dance|p2a: Ogerpon
|-boost|p2a: Ogerpon|atk|2
|
|-sideend|p2: hyp4roffender|Reflect
|upkeep
|turn|10
|
|t:|1779631454
|-end|p1a: Kingambit|fallen2|[silent]
|switch|p1a: Hariyama|Hariyama, M|100/100
|move|p2a: Ogerpon|Swords Dance|p2a: Ogerpon
|-boost|p2a: Ogerpon|atk|2
|
|-status|p1a: Hariyama|brn|[from] item: Flame Orb
|upkeep
|turn|11
|
|t:|1779631461
|move|p1a: Hariyama|Fake Out|p2a: Ogerpon
|-damage|p2a: Ogerpon|0 fnt
|faint|p2a: Ogerpon
|
|-damage|p1a: Hariyama|94/100 brn|[from] brn
|upkeep
|
|t:|1779631469
|switch|p2a: Iron Moth|Iron Moth|100/100
|-enditem|p2a: Iron Moth|Booster Energy
|-activate|p2a: Iron Moth|ability: Quark Drive|[fromitem]
|-start|p2a: Iron Moth|quarkdrivespe
|turn|12
|
|t:|1779631475
|move|p2a: Iron Moth|Toxic Spikes|p1a: Hariyama
|-sidestart|p1: Twinkerbell3454|move: Toxic Spikes
|move|p1a: Hariyama|Facade|p2a: Iron Moth
|-damage|p2a: Iron Moth|0 fnt
|faint|p2a: Iron Moth
|-end|p2a: Iron Moth|Quark Drive|[silent]
|
|-damage|p1a: Hariyama|88/100 brn|[from] brn
|upkeep
|
|t:|1779631484
|switch|p2a: Hatterene|Hatterene, F|100/100
|turn|13
|
|t:|1779631487
|move|p1a: Hariyama|Bullet Punch|p2a: Hatterene
|-supereffective|p2a: Hatterene
|-damage|p2a: Hatterene|65/100
|move|p2a: Hatterene|Draining Kiss|p1a: Hariyama
|-supereffective|p1a: Hariyama
|-damage|p1a: Hariyama|40/100 brn
|-heal|p2a: Hatterene|100/100|[from] drain|[of] p1a: Hariyama
|
|-damage|p1a: Hariyama|33/100 brn|[from] brn
|upkeep
|turn|14
|
|t:|1779631500
|-terastallize|p1a: Hariyama|Steel
|move|p1a: Hariyama|Bullet Punch|p2a: Hatterene
|-supereffective|p2a: Hatterene
|-damage|p2a: Hatterene|43/100
|move|p2a: Hatterene|Draining Kiss|p1a: Hariyama
|-resisted|p1a: Hariyama
|-damage|p1a: Hariyama|21/100 brn
|-heal|p2a: Hatterene|57/100|[from] drain|[of] p1a: Hariyama
|
|-heal|p2a: Hatterene|63/100|[from] item: Leftovers
|-damage|p1a: Hariyama|15/100 brn|[from] brn
|upkeep
|turn|15
|
|t:|1779631510
|move|p1a: Hariyama|Bullet Punch|p2a: Hatterene
|-supereffective|p2a: Hatterene
|-damage|p2a: Hatterene|4/100
|move|p2a: Hatterene|Mystical Fire|p1a: Hariyama
|-supereffective|p1a: Hariyama
|-damage|p1a: Hariyama|0 fnt
|faint|p1a: Hariyama
|
|-heal|p2a: Hatterene|10/100|[from] item: Leftovers
|upkeep
|
|t:|1779631520
|switch|p1a: Kingambit|Kingambit, F|14/100
|-activate|p1a: Kingambit|ability: Supreme Overlord
|-start|p1a: Kingambit|fallen3|[silent]
|turn|16
|
|t:|1779631526
|move|p1a: Kingambit|Iron Head|p2a: Hatterene
|-supereffective|p2a: Hatterene
|-damage|p2a: Hatterene|0 fnt
|faint|p2a: Hatterene
|
|upkeep
|
|t:|1779631535
|switch|p2a: Gliscor|Gliscor, M|100/100
|turn|17
|
|t:|1779631541
|move|p1a: Kingambit|Sucker Punch||[still]
|-fail|p1a: Kingambit
|move|p2a: Gliscor|Swords Dance|p2a: Gliscor
|-boost|p2a: Gliscor|atk|2
|
|-status|p2a: Gliscor|tox|[from] item: Toxic Orb
|upkeep
|turn|18
|
|t:|1779631548
|move|p2a: Gliscor|Earthquake|p1a: Kingambit
|-supereffective|p1a: Kingambit
|-damage|p1a: Kingambit|0 fnt
|faint|p1a: Kingambit
|-end|p1a: Kingambit|fallen3|[silent]
|
|upkeep
|
|t:|1779631553
|switch|p1a: Meowscarada|Meowscarada, M|100/100
|-status|p1a: Meowscarada|psn
|turn|19
|
|t:|1779631557
|-terastallize|p2a: Gliscor|Normal
|move|p1a: Meowscarada|Triple Axel|p2a: Gliscor|[miss]
|-start|p1a: Meowscarada|typechange|Ice|[from] ability: Protean
|-miss|p1a: Meowscarada|p2a: Gliscor
|move|p2a: Gliscor|Facade|p1a: Meowscarada
|-damage|p1a: Meowscarada|0 fnt
|faint|p1a: Meowscarada
|
|upkeep
|
|t:|1779631566
|switch|p1a: Poliwrath|Poliwrath, F|100/100
|-status|p1a: Poliwrath|psn
|turn|20
|inactive|hyp4roffender has 120 seconds left.
|
|t:|1779631597
|move|p2a: Gliscor|Facade|p1a: Poliwrath
|-damage|p1a: Poliwrath|0 fnt
|faint|p1a: Poliwrath
|
|win|hyp4roffender
|raw|Twinkerbell3454's rating: 1220 &rarr; <strong>1195</strong><br />(-25 for losing)
|raw|hyp4roffender's rating: 1222 &rarr; <strong>1247</strong><br />(+25 for winning)
|l|‽hyp4roffender
|player|p2|
|l|☆Twinkerbell3454
|player|p1|
