|j|☆doaho
|j|☆OgSweetLove
|t:|1779600992
|gametype|singles
|player|p1|doaho|101|1158
|player|p2|OgSweetLove|volkner|1216
|gen|9
|tier|[Gen 9] OU
|rated|
|rule|HP Percentage Mod: HP is shown in percentages
|rule|Endless Battle Clause: Forcing endless battles is banned
|rule|Species Clause: Limit one of each Pokémon
|rule|OHKO Clause: OHKO moves are banned
|rule|Evasion Items Clause: Evasion items are banned
|rule|Evasion Moves Clause: Evasion moves are banned
|rule|Evasion Abilities Clause: Evasion abilities are banned
|rule|Sleep Moves Clause: Sleep-inducing moves are banned
|clearpoke
|poke|p1|Ogerpon-Wellspring, F|
|poke|p1|Landorus-Therian, M|
|poke|p1|Latios, M|
|poke|p1|Scizor, M|
|poke|p1|Gholdengo|
|poke|p1|Garganacl, M|
|poke|p2|Dragonite, F|
|poke|p2|Kingambit, F|
|poke|p2|Enamorus, F|
|poke|p2|Weezing-Galar, F|
|poke|p2|Cinderace, F|
|poke|p2|Clawitzer, F|
|teampreview
|
|t:|1779601020
|teamsize|p1|6
|teamsize|p2|6
|start
|switch|p1a: 土地爺|Landorus-Therian, M, shiny|100/100
|switch|p2a: Clawitzer|Clawitzer, F|100/100
|-ability|p1a: 土地爺|Intimidate|boost
|-unboost|p2a: Clawitzer|atk|1
|turn|1
|
|t:|1779601035
|switch|p1a: ぽにお|Ogerpon-Wellspring, F|100/100
|move|p2a: Clawitzer|Aura Sphere|p1a: ぽにお
|-damage|p1a: ぽにお|56/100
|
|upkeep
|turn|2
|
|t:|1779601048
|move|p1a: ぽにお|Leech Seed|p2a: Clawitzer
|-start|p2a: Clawitzer|move: Leech Seed
|move|p2a: Clawitzer|Dark Pulse|p1a: ぽにお
|-damage|p1a: ぽにお|17/100
|
|-damage|p2a: Clawitzer|88/100|[from] Leech Seed|[of] p1a: ぽにお
|-heal|p1a: ぽにお|29/100|[silent]
|upkeep
|turn|3
|inactive|Battle timer is ON: inactive players will automatically lose when time's up. (requested by doaho)
|
|t:|1779601063
|switch|p2a: Enamorus|Enamorus, F|100/100
|move|p1a: ぽにお|Synthesis|p1a: ぽにお
|-heal|p1a: ぽにお|79/100
|
|upkeep
|turn|4
|
|t:|1779601075
|move|p2a: Enamorus|Sludge Bomb|p1a: ぽにお
|-supereffective|p1a: ぽにお
|-damage|p1a: ぽにお|0 fnt
|faint|p1a: ぽにお
|
|upkeep
|
|t:|1779601081
|switch|p1a: はさみ|Scizor, M, shiny|100/100
|turn|5
|
|t:|1779601097
|switch|p2a: Cinderace|Cinderace, F|100/100
|move|p1a: はさみ|Bullet Punch|p2a: Cinderace
|-resisted|p2a: Cinderace
|-damage|p2a: Cinderace|81/100
|
|upkeep
|turn|6
|
|t:|1779601105
|switch|p1a: 博多の塩|Garganacl, M, shiny|100/100
|move|p2a: Cinderace|Pyro Ball|p1a: 博多の塩
|-resisted|p1a: 博多の塩
|-damage|p1a: 博多の塩|77/100
|
|-heal|p1a: 博多の塩|83/100|[from] item: Leftovers
|upkeep
|turn|7
|
|t:|1779601118
|switch|p2a: Clawitzer|Clawitzer, F|88/100
|move|p1a: 博多の塩|Salt Cure|p2a: Clawitzer
|-damage|p2a: Clawitzer|73/100
|-start|p2a: Clawitzer|Salt Cure
|
|-heal|p1a: 博多の塩|89/100|[from] item: Leftovers
|-damage|p2a: Clawitzer|48/100|[from] Salt Cure
|upkeep
|turn|8
|
|t:|1779601128
|move|p1a: 博多の塩|Protect|p1a: 博多の塩
|-singleturn|p1a: 博多の塩|Protect
|move|p2a: Clawitzer|Water Pulse|p1a: 博多の塩
|-activate|p1a: 博多の塩|move: Protect
|
|-heal|p1a: 博多の塩|95/100|[from] item: Leftovers
|-damage|p2a: Clawitzer|24/100|[from] Salt Cure
|upkeep
|turn|9
|
|t:|1779601144
|move|p1a: 博多の塩|Protect||[still]
|-fail|p1a: 博多の塩
|move|p2a: Clawitzer|Water Pulse|p1a: 博多の塩
|-supereffective|p1a: 博多の塩
|-damage|p1a: 博多の塩|21/100
|
|-heal|p1a: 博多の塩|27/100|[from] item: Leftovers
|-damage|p2a: Clawitzer|0 fnt|[from] Salt Cure
|faint|p2a: Clawitzer
|upkeep
|
|t:|1779601160
|switch|p2a: Enamorus|Enamorus, F|100/100
|turn|10
|
|t:|1779601168
|move|p1a: 博多の塩|Protect|p1a: 博多の塩
|-singleturn|p1a: 博多の塩|Protect
|move|p2a: Enamorus|Moonblast|p1a: 博多の塩
|-activate|p1a: 博多の塩|move: Protect
|
|-heal|p1a: 博多の塩|33/100|[from] item: Leftovers
|upkeep
|turn|11
|
|t:|1779601183
|switch|p1a: 成金ニキ|Gholdengo, shiny|100/100
|move|p2a: Enamorus|Moonblast|p1a: 成金ニキ
|-resisted|p1a: 成金ニキ
|-damage|p1a: 成金ニキ|66/100
|
|upkeep
|turn|12
|
|t:|1779601198
|switch|p2a: Cinderace|Cinderace, F|81/100
|switch|p1a: 土地爺|Landorus-Therian, M, shiny|100/100
|-ability|p1a: 土地爺|Intimidate|boost
|-unboost|p2a: Cinderace|atk|1
|
|upkeep
|turn|13
|
|t:|1779601206
|move|p2a: Cinderace|U-turn|p1a: 土地爺
|-start|p2a: Cinderace|typechange|Bug|[from] ability: Libero
|-resisted|p1a: 土地爺
|-damage|p1a: 土地爺|83/100
|
|t:|1779601212
|switch|p2a: Weezing|Weezing-Galar, F|100/100|[from] U-turn
|move|p1a: 土地爺|Rock Tomb|p2a: Weezing
|-damage|p2a: Weezing|85/100
|-unboost|p2a: Weezing|spe|1
|
|upkeep
|turn|14
|
|t:|1779601236
|move|p1a: 土地爺|Earthquake|p2a: Weezing
|-immune|p2a: Weezing|[from] ability: Levitate
|move|p2a: Weezing|Will-O-Wisp|p1a: 土地爺|[miss]
|-miss|p2a: Weezing|p1a: 土地爺
|
|upkeep
|turn|15
|
|t:|1779601245
|switch|p2a: Enamorus|Enamorus, F|100/100
|move|p1a: 土地爺|U-turn|p2a: Enamorus
|-resisted|p2a: Enamorus
|-damage|p2a: Enamorus|89/100
|-start|p1a: 土地爺|Attract|[from] ability: Cute Charm|[of] p2a: Enamorus
|
|t:|1779601256
|switch|p1a: はさみ|Scizor, M, shiny|100/100|[from] U-turn
|
|upkeep
|turn|16
|inactive|OgSweetLove has 120 seconds left.
|
|t:|1779601315
|move|p2a: Enamorus|Moonblast|p1a: はさみ
|-resisted|p1a: はさみ
|-damage|p1a: はさみ|57/100
|move|p1a: はさみ|U-turn|p2a: Enamorus
|-resisted|p2a: Enamorus
|-damage|p2a: Enamorus|75/100
|-start|p1a: はさみ|Attract|[from] ability: Cute Charm|[of] p2a: Enamorus
|
|t:|1779601330
|switch|p1a: 博多の塩|Garganacl, M, shiny|33/100|[from] U-turn
|
|-heal|p1a: 博多の塩|39/100|[from] item: Leftovers
|upkeep
|turn|17
|
|t:|1779601338
|move|p1a: 博多の塩|Protect|p1a: 博多の塩
|-singleturn|p1a: 博多の塩|Protect
|move|p2a: Enamorus|Moonblast|p1a: 博多の塩
|-activate|p1a: 博多の塩|move: Protect
|
|-heal|p1a: 博多の塩|45/100|[from] item: Leftovers
|upkeep
|turn|18
|
|t:|1779601348
|move|p2a: Enamorus|Moonblast|p1a: 博多の塩
|-damage|p1a: 博多の塩|0 fnt
|faint|p1a: 博多の塩
|
|upkeep
|
|t:|1779601355
|switch|p1a: はさみ|Scizor, M, shiny|57/100
|turn|19
|inactive|OgSweetLove has 120 seconds left.
|
|t:|1779601366
|switch|p2a: Cinderace|Cinderace, F|81/100
|move|p1a: はさみ|Bullet Punch|p2a: Cinderace
|-resisted|p2a: Cinderace
|-damage|p2a: Cinderace|58/100
|
|upkeep
|turn|20
|inactive|OgSweetLove has 120 seconds left.
|
|t:|1779601385
|move|p2a: Cinderace|Pyro Ball|p1a: はさみ
|-supereffective|p1a: はさみ
|-damage|p1a: はさみ|0 fnt
|faint|p1a: はさみ
|
|upkeep
|
|t:|1779601393
|switch|p1a: お兄ちゃんだぞ！！|Latios, M, shiny|100/100
|turn|21
|-message|doaho forfeited.
|
|win|OgSweetLove
|raw|doaho's rating: 1158 &rarr; <strong>1137</strong><br />(-21 for losing)
|raw|OgSweetLove's rating: 1216 &rarr; <strong>1237</strong><br />(+21 for winning)
|l|☆doaho
|player|p1|
|l|☆OgSweetLove
|player|p2|
