|j|☆Flexliks
|j|☆Vkjoggers
|t:|1779573411
|gametype|singles
|player|p1|Flexliks|bruno|1192
|player|p2|Vkjoggers|101|1278
|gen|9
|tier|[Gen 9] OU
|rated|
|rule|HP Percentage Mod: HP is shown in percentages
|rule|Endless Battle Clause: Forcing endless battles is banned
|rule|Species Clause: Limit one of each Pokémon
|rule|OHKO Clause: OHKO moves are banned
|rule|Evasion Items Clause: Evasion items are banned
|rule|Evasion Moves Clause: Evasion moves are banned
|rule|Evasion Abilities Clause: Evasion abilities are banned
|rule|Sleep Moves Clause: Sleep-inducing moves are banned
|clearpoke
|poke|p1|Blaziken, F|
|poke|p1|Landorus-Therian, M|
|poke|p1|Dragapult, F|
|poke|p1|Corviknight, F|
|poke|p1|Primarina, F|
|poke|p1|Gliscor, M|
|poke|p2|Tatsugiri-Droopy, F|
|poke|p2|Goodra-Hisui, M|
|poke|p2|Swampert, F|
|poke|p2|Dragonite, M|
|poke|p2|Alomomola, F|
|poke|p2|Skeledirge, F|
|teampreview
|inactive|Battle timer is ON: inactive players will automatically lose when time's up. (requested by Vkjoggers)
|
|t:|1779573449
|teamsize|p1|6
|teamsize|p2|6
|start
|switch|p1a: Landorus|Landorus-Therian, M|100/100
|switch|p2a: Swampert|Swampert, F|100/100
|-ability|p1a: Landorus|Intimidate|boost
|-unboost|p2a: Swampert|atk|1
|turn|1
|
|t:|1779573459
|move|p1a: Landorus|U-turn|p2a: Swampert
|-damage|p2a: Swampert|88/100
|
|t:|1779573462
|switch|p1a: Corviknight|Corviknight, F|100/100|[from] U-turn
|-ability|p1a: Corviknight|Pressure
|move|p2a: Swampert|Stealth Rock|p1a: Corviknight
|-sidestart|p1: Flexliks|move: Stealth Rock
|
|-heal|p2a: Swampert|95/100|[from] item: Leftovers
|upkeep
|turn|2
|
|t:|1779573470
|move|p1a: Corviknight|Brave Bird|p2a: Swampert
|-damage|p2a: Swampert|71/100
|-damage|p1a: Corviknight|93/100|[from] Recoil
|move|p2a: Swampert|Knock Off|p1a: Corviknight
|-damage|p1a: Corviknight|83/100
|-damage|p2a: Swampert|55/100|[from] item: Rocky Helmet|[of] p1a: Corviknight
|-enditem|p1a: Corviknight|Rocky Helmet|[from] move: Knock Off|[of] p2a: Swampert
|
|-heal|p2a: Swampert|61/100|[from] item: Leftovers
|upkeep
|turn|3
|
|t:|1779573482
|move|p1a: Corviknight|Defog|p2a: Swampert
|-unboost|p2a: Swampert|evasion|1
|-sideend|p1: Flexliks|Stealth Rock|[from] move: Defog|[of] p1a: Corviknight
|move|p2a: Swampert|Flip Turn|p1a: Corviknight
|-damage|p1a: Corviknight|74/100
|inactive|Vkjoggers has 120 seconds left.
|
|t:|1779573520
|switch|p2a: Goodra|Goodra-Hisui, M|100/100|[from] Flip Turn
|
|upkeep
|turn|4
|
|t:|1779573530
|switch|p1a: Landorus|Landorus-Therian, M|100/100
|-ability|p1a: Landorus|Intimidate|boost
|-unboost|p2a: Goodra|atk|1
|move|p2a: Goodra|Flamethrower|p1a: Landorus
|-damage|p1a: Landorus|67/100
|
|upkeep
|turn|5
|
|t:|1779573544
|switch|p2a: Alomomola|Alomomola, F|100/100
|move|p1a: Landorus|Stealth Rock|p2a: Alomomola
|-sidestart|p2: Vkjoggers|move: Stealth Rock
|
|upkeep
|turn|6
|
|t:|1779573556
|switch|p1a: Primarina|Primarina, F|100/100
|move|p2a: Alomomola|Scald|p1a: Primarina
|-resisted|p1a: Primarina
|-damage|p1a: Primarina|96/100
|-status|p1a: Primarina|brn
|
|-damage|p1a: Primarina|90/100 brn|[from] brn
|upkeep
|turn|7
|
|t:|1779573565
|move|p1a: Primarina|Moonblast|p2a: Alomomola
|-damage|p2a: Alomomola|38/100
|move|p2a: Alomomola|Flip Turn|p1a: Primarina
|-resisted|p1a: Primarina
|-damage|p1a: Primarina|79/100 brn
|
|t:|1779573580
|switch|p2a: Goodra|Goodra-Hisui, M|100/100|[from] Flip Turn
|-damage|p2a: Goodra|94/100|[from] Stealth Rock
|
|-damage|p1a: Primarina|73/100 brn|[from] brn
|upkeep
|turn|8
|
|t:|1779573590
|move|p1a: Primarina|Moonblast|p2a: Goodra
|-damage|p2a: Goodra|69/100
|move|p2a: Goodra|Earthquake|p1a: Primarina
|-damage|p1a: Primarina|44/100 brn
|
|-damage|p1a: Primarina|38/100 brn|[from] brn
|upkeep
|turn|9
|
|t:|1779573605
|switch|p1a: Gliscor|Gliscor, M|100/100
|move|p2a: Goodra|Earthquake|p1a: Gliscor
|-immune|p1a: Gliscor
|
|-status|p1a: Gliscor|tox|[from] item: Toxic Orb
|upkeep
|turn|10
|
|t:|1779573611
|move|p1a: Gliscor|Swords Dance|p1a: Gliscor
|-boost|p1a: Gliscor|atk|2
|move|p2a: Goodra|Ice Beam|p1a: Gliscor
|-supereffective|p1a: Gliscor
|-damage|p1a: Gliscor|0 fnt
|faint|p1a: Gliscor
|
|upkeep
|inactive|Flexliks has 120 seconds left.
|
|t:|1779573664
|switch|p1a: Dragapult|Dragapult, F|100/100
|turn|11
|inactive|Flexliks has 90 seconds left.
|
|t:|1779573687
|-terastallize|p1a: Dragapult|Ghost
|move|p1a: Dragapult|Draco Meteor|p2a: Goodra
|-damage|p2a: Goodra|33/100
|-unboost|p1a: Dragapult|spa|2
|move|p2a: Goodra|Dragon Tail|p1a: Dragapult
|-damage|p1a: Dragapult|70/100
|drag|p1a: Corviknight|Corviknight, F|74/100
|-ability|p1a: Corviknight|Pressure
|
|upkeep
|turn|12
|inactive|Flexliks has 90 seconds left.
|
|t:|1779573701
|switch|p2a: Alomomola|Alomomola, F|71/100
|move|p1a: Corviknight|U-turn|p2a: Alomomola
|-damage|p2a: Alomomola|64/100
|
|t:|1779573707
|switch|p1a: Primarina|Primarina, F|38/100 brn|[from] U-turn
|
|-damage|p1a: Primarina|32/100 brn|[from] brn
|upkeep
|turn|13
|inactive|Flexliks has 90 seconds left.
|l|☆Vkjoggers
|inactive|Vkjoggers disconnected and has a minute to reconnect!
|player|p2|
|j|☆Vkjoggers
|inactive|Vkjoggers reconnected and has 135 seconds left.
|player|p2|Vkjoggers|101|
|
|t:|1779573734
|switch|p2a: Skeledirge|Skeledirge, F|100/100
|move|p1a: Primarina|Moonblast|p2a: Skeledirge
|-resisted|p2a: Skeledirge
|-damage|p2a: Skeledirge|80/100
|
|-damage|p1a: Primarina|25/100 brn|[from] brn
|upkeep
|turn|14
|inactive|Flexliks has 90 seconds left.
|
|t:|1779573767
|move|p1a: Primarina|Surf|p2a: Skeledirge
|-supereffective|p2a: Skeledirge
|-damage|p2a: Skeledirge|0 fnt
|faint|p2a: Skeledirge
|
|-damage|p1a: Primarina|19/100 brn|[from] brn
|upkeep
|
|t:|1779573772
|switch|p2a: Tatsugiri|Tatsugiri-Droopy, F, shiny|100/100
|turn|15
|
|t:|1779573786
|move|p2a: Tatsugiri|Surf|p1a: Primarina
|-resisted|p1a: Primarina
|-damage|p1a: Primarina|5/100 brn
|move|p1a: Primarina|Moonblast|p2a: Tatsugiri
|-supereffective|p2a: Tatsugiri
|-damage|p2a: Tatsugiri|0 fnt
|faint|p2a: Tatsugiri
|
|-damage|p1a: Primarina|0 fnt|[from] brn
|faint|p1a: Primarina
|upkeep
|
|t:|1779573803
|switch|p2a: Alomomola|Alomomola, F|97/100
|switch|p1a: Dragapult|Dragapult, F, tera:Ghost|70/100
|turn|16
|inactive|Flexliks has 60 seconds left.
|
|t:|1779573832
|move|p1a: Dragapult|Draco Meteor|p2a: Alomomola
|-damage|p2a: Alomomola|0 fnt
|-unboost|p1a: Dragapult|spa|2
|faint|p2a: Alomomola
|
|upkeep
|
|t:|1779573837
|switch|p2a: Dragonite|Dragonite, M|100/100
|turn|17
|
|t:|1779573841
|switch|p1a: Corviknight|Corviknight, F|74/100
|-ability|p1a: Corviknight|Pressure
|move|p2a: Dragonite|Dragon Dance|p2a: Dragonite
|-boost|p2a: Dragonite|atk|1
|-boost|p2a: Dragonite|spe|1
|
|upkeep
|turn|18
|
|t:|1779573853
|switch|p1a: Blaziken|Blaziken, F|100/100
|move|p2a: Dragonite|Dragon Dance|p2a: Dragonite
|-boost|p2a: Dragonite|atk|1
|-boost|p2a: Dragonite|spe|1
|
|upkeep
|turn|19
|
|t:|1779573861
|switch|p1a: Landorus|Landorus-Therian, M|67/100
|-ability|p1a: Landorus|Intimidate|boost
|-unboost|p2a: Dragonite|atk|1
|move|p2a: Dragonite|Earthquake|p1a: Landorus
|-immune|p1a: Landorus
|
|upkeep
|turn|20
|
|t:|1779573873
|switch|p1a: Corviknight|Corviknight, F|74/100
|-ability|p1a: Corviknight|Pressure
|move|p2a: Dragonite|Ice Spinner|p1a: Corviknight
|-damage|p1a: Corviknight|46/100
|
|upkeep
|turn|21
|
|t:|1779573881
|switch|p1a: Landorus|Landorus-Therian, M|67/100
|-ability|p1a: Landorus|Intimidate|boost
|-unboost|p2a: Dragonite|atk|1
|move|p2a: Dragonite|Dragon Dance|p2a: Dragonite
|-boost|p2a: Dragonite|atk|1
|-boost|p2a: Dragonite|spe|1
|
|upkeep
|turn|22
|
|t:|1779573890
|switch|p1a: Corviknight|Corviknight, F|46/100
|-ability|p1a: Corviknight|Pressure
|move|p2a: Dragonite|Ice Spinner|p1a: Corviknight
|-damage|p1a: Corviknight|19/100
|
|upkeep
|turn|23
|
|t:|1779573897
|move|p2a: Dragonite|Ice Spinner|p1a: Corviknight
|-damage|p1a: Corviknight|0 fnt
|faint|p1a: Corviknight
|
|upkeep
|
|t:|1779573902
|switch|p1a: Landorus|Landorus-Therian, M|67/100
|-ability|p1a: Landorus|Intimidate|boost
|-unboost|p2a: Dragonite|atk|1
|turn|24
|inactive|Flexliks has 90 seconds left.
|
|t:|1779573920
|move|p2a: Dragonite|Dragon Dance|p2a: Dragonite
|-boost|p2a: Dragonite|atk|1
|-boost|p2a: Dragonite|spe|1
|move|p1a: Landorus|U-turn|p2a: Dragonite
|-resisted|p2a: Dragonite
|-damage|p2a: Dragonite|95/100
|
|t:|1779573925
|switch|p1a: Blaziken|Blaziken, F|100/100|[from] U-turn
|
|upkeep
|turn|25
|
|t:|1779573930
|move|p2a: Dragonite|Earthquake|p1a: Blaziken
|-supereffective|p1a: Blaziken
|-damage|p1a: Blaziken|0 fnt
|faint|p1a: Blaziken
|
|upkeep
|
|t:|1779573934
|switch|p1a: Dragapult|Dragapult, F, tera:Ghost|70/100
|turn|26
|
|t:|1779573937
|move|p2a: Dragonite|Ice Spinner|p1a: Dragapult
|-damage|p1a: Dragapult|2/100
|move|p1a: Dragapult|Draco Meteor|p2a: Dragonite
|-supereffective|p2a: Dragonite
|-damage|p2a: Dragonite|0 fnt
|-unboost|p1a: Dragapult|spa|2
|faint|p2a: Dragonite
|
|upkeep
|
|t:|1779573947
|switch|p2a: Swampert|Swampert, F|61/100
|-damage|p2a: Swampert|55/100|[from] Stealth Rock
|turn|27
|inactive|Flexliks has 120 seconds left.
|
|t:|1779573962
|switch|p2a: Goodra|Goodra-Hisui, M|33/100
|-damage|p2a: Goodra|27/100|[from] Stealth Rock
|move|p1a: Dragapult|Draco Meteor|p2a: Goodra
|-damage|p2a: Goodra|8/100
|-unboost|p1a: Dragapult|spa|2
|
|upkeep
|turn|28
|inactive|Flexliks has 120 seconds left.
|
|t:|1779573970
|move|p1a: Dragapult|Draco Meteor|p2a: Goodra
|-damage|p2a: Goodra|0 fnt
|-unboost|p1a: Dragapult|spa|2
|faint|p2a: Goodra
|
|upkeep
|
|t:|1779573973
|switch|p2a: Swampert|Swampert, F|55/100
|-damage|p2a: Swampert|49/100|[from] Stealth Rock
|turn|29
|
|t:|1779573978
|move|p1a: Dragapult|Draco Meteor|p2a: Swampert
|-damage|p2a: Swampert|30/100
|move|p2a: Swampert|Knock Off|p1a: Dragapult
|-supereffective|p1a: Dragapult
|-damage|p1a: Dragapult|0 fnt
|-enditem|p1a: Dragapult|Choice Specs|[from] move: Knock Off|[of] p2a: Swampert
|faint|p1a: Dragapult
|
|-heal|p2a: Swampert|37/100|[from] item: Leftovers
|upkeep
|
|t:|1779573987
|switch|p1a: Landorus|Landorus-Therian, M|67/100
|-ability|p1a: Landorus|Intimidate|boost
|-unboost|p2a: Swampert|atk|1
|turn|30
|
|t:|1779573999
|-terastallize|p2a: Swampert|Water
|move|p1a: Landorus|Earth Power|p2a: Swampert
|-damage|p2a: Swampert|9/100
|move|p2a: Swampert|Flip Turn|p1a: Landorus
|-supereffective|p1a: Landorus
|-damage|p1a: Landorus|7/100
|-damage|p2a: Swampert|0 fnt|[from] item: Rocky Helmet|[of] p1a: Landorus
|faint|p2a: Swampert
|
|win|Flexliks
|raw|Flexliks's rating: 1192 &rarr; <strong>1223</strong><br />(+31 for winning)
|raw|Vkjoggers's rating: 1278 &rarr; <strong>1247</strong><br />(-31 for losing)
|l|☆Vkjoggers
|player|p2|
|l|☆Flexliks
|player|p1|
