|j|☆lethalwolf
|j|☆Boulesinus15
|t:|1779718014
|gametype|singles
|player|p1|lethalwolf|ethan|1360
|player|p2|Boulesinus15|170|1381
|gen|9
|tier|[Gen 9] OU
|rated|
|rule|HP Percentage Mod: HP is shown in percentages
|rule|Endless Battle Clause: Forcing endless battles is banned
|rule|Species Clause: Limit one of each Pokémon
|rule|OHKO Clause: OHKO moves are banned
|rule|Evasion Items Clause: Evasion items are banned
|rule|Evasion Moves Clause: Evasion moves are banned
|rule|Evasion Abilities Clause: Evasion abilities are banned
|rule|Sleep Moves Clause: Sleep-inducing moves are banned
|clearpoke
|poke|p1|Banette, M|
|poke|p1|Zamazenta-*|
|poke|p1|Corviknight, F|
|poke|p1|Zapdos|
|poke|p1|Metagross|
|poke|p1|Latios, M|
|poke|p2|Greninja-*, M|
|poke|p2|Corviknight, F|
|poke|p2|Ting-Lu|
|poke|p2|Latios, M|
|poke|p2|Skeledirge, F|
|poke|p2|Zapdos|
|teampreview
|inactive|Battle timer is ON: inactive players will automatically lose when time's up. (requested by lethalwolf)
|
|t:|1779718032
|teamsize|p1|6
|teamsize|p2|6
|start
|switch|p1a: Banette|Banette, M|100/100
|switch|p2a: Ting-Lu|Ting-Lu|100/100
|-item|p2a: Ting-Lu|Leftovers|[from] ability: Frisk|[of] p1a: Banette
|-ability|p2a: Ting-Lu|Vessel of Ruin
|turn|1
|
|t:|1779718038
|move|p1a: Banette|Swords Dance|p1a: Banette
|-boost|p1a: Banette|atk|2
|move|p2a: Ting-Lu|Ruination|p1a: Banette
|-damage|p1a: Banette|51/100
|
|upkeep
|turn|2
|
|t:|1779718047
|move|p1a: Banette|Swords Dance|p1a: Banette
|-boost|p1a: Banette|atk|2
|move|p2a: Ting-Lu|Whirlwind|p1a: Banette
|drag|p1a: Zamazenta|Zamazenta|100/100
|-ability|p1a: Zamazenta|Dauntless Shield|boost
|-boost|p1a: Zamazenta|def|1
|
|upkeep
|turn|3
|
|t:|1779718051
|switch|p2a: Skeledirge|Skeledirge, F|100/100
|move|p1a: Zamazenta|Body Press|p2a: Skeledirge
|-immune|p2a: Skeledirge
|
|upkeep
|turn|4
|
|t:|1779718054
|move|p1a: Zamazenta|Crunch|p2a: Skeledirge
|-supereffective|p2a: Skeledirge
|-damage|p2a: Skeledirge|68/100
|-unboost|p2a: Skeledirge|def|1
|move|p2a: Skeledirge|Will-O-Wisp|p1a: Zamazenta
|-status|p1a: Zamazenta|brn
|
|-damage|p1a: Zamazenta|94/100 brn|[from] brn
|upkeep
|turn|5
|
|t:|1779718059
|switch|p2a: Corviknight|Corviknight, F|100/100
|-ability|p2a: Corviknight|Pressure
|move|p1a: Zamazenta|Crunch|p2a: Corviknight
|-damage|p2a: Corviknight|93/100
|-damage|p1a: Zamazenta|78/100 brn|[from] item: Rocky Helmet|[of] p2a: Corviknight
|
|-heal|p1a: Zamazenta|84/100 brn|[from] item: Leftovers
|-damage|p1a: Zamazenta|78/100 brn|[from] brn
|upkeep
|turn|6
|
|t:|1779718067
|switch|p1a: Banette|Banette, M|51/100
|-item|p2a: Corviknight|Rocky Helmet|[from] ability: Frisk|[of] p1a: Banette
|move|p2a: Corviknight|U-turn|p1a: Banette
|-resisted|p1a: Banette
|-damage|p1a: Banette|37/100
|
|t:|1779718075
|switch|p2a: Ting-Lu|Ting-Lu|100/100|[from] U-turn
|-ability|p2a: Ting-Lu|Vessel of Ruin
|
|upkeep
|turn|7
|
|t:|1779718086
|move|p1a: Banette|Swords Dance|p1a: Banette
|-boost|p1a: Banette|atk|2
|move|p2a: Ting-Lu|Stealth Rock|p1a: Banette
|-sidestart|p1: lethalwolf|move: Stealth Rock
|
|upkeep
|turn|8
|
|t:|1779718095
|move|p1a: Banette|Encore|p2a: Ting-Lu
|-start|p2a: Ting-Lu|Encore
|move|p2a: Ting-Lu|Stealth Rock||[still]
|-fail|p2a: Ting-Lu
|
|upkeep
|turn|9
|
|t:|1779718106
|switch|p2a: Skeledirge|Skeledirge, F|68/100
|move|p1a: Banette|Swords Dance|p1a: Banette
|-boost|p1a: Banette|atk|2
|
|upkeep
|turn|10
|
|t:|1779718111
|switch|p2a: Corviknight|Corviknight, F|93/100
|-ability|p2a: Corviknight|Pressure
|move|p1a: Banette|Shadow Sneak|p2a: Corviknight
|-damage|p2a: Corviknight|45/100
|-damage|p1a: Banette|21/100|[from] item: Rocky Helmet|[of] p2a: Corviknight
|-damage|p1a: Banette|11/100|[from] item: Life Orb
|
|upkeep
|turn|11
|
|t:|1779718120
|move|p1a: Banette|Poltergeist|p2a: Corviknight
|-activate|p2a: Corviknight|move: Poltergeist|Rocky Helmet
|-damage|p2a: Corviknight|0 fnt
|faint|p2a: Corviknight
|-damage|p1a: Banette|2/100|[from] item: Life Orb
|
|upkeep
|
|t:|1779718128
|switch|p2a: Greninja|Greninja, M|100/100
|turn|12
|
|t:|1779718132
|move|p2a: Greninja|Water Shuriken|p1a: Banette
|-damage|p1a: Banette|0 fnt
|faint|p1a: Banette
|-ability|p2a: Greninja|Battle Bond|boost
|-boost|p2a: Greninja|atk|1
|-boost|p2a: Greninja|spa|1
|-boost|p2a: Greninja|spe|1
|-activate|p2a: Greninja|ability: Battle Bond
|-hitcount|p1: Banette|1
|-damage|p2a: Greninja|91/100|[from] item: Life Orb
|
|upkeep
|
|t:|1779718141
|switch|p1a: Metagross|Metagross|100/100
|-damage|p1a: Metagross|94/100|[from] Stealth Rock
|turn|13
|
|t:|1779718147
|move|p2a: Greninja|Dark Pulse|p1a: Metagross
|-supereffective|p1a: Metagross
|-damage|p1a: Metagross|4/100
|-damage|p2a: Greninja|81/100|[from] item: Life Orb
|move|p1a: Metagross|Body Press|p2a: Greninja
|-supereffective|p2a: Greninja
|-damage|p2a: Greninja|10/100
|
|upkeep
|turn|14
|
|t:|1779718155
|move|p2a: Greninja|Water Shuriken|p1a: Metagross
|-damage|p1a: Metagross|0 fnt
|faint|p1a: Metagross
|-hitcount|p1: Metagross|1
|-damage|p2a: Greninja|0 fnt|[from] item: Life Orb
|faint|p2a: Greninja
|
|upkeep
|
|t:|1779718173
|switch|p2a: Zapdos|Zapdos|100/100
|switch|p1a: Corviknight|Corviknight, F|100/100
|-damage|p1a: Corviknight|88/100|[from] Stealth Rock
|-ability|p1a: Corviknight|Pressure
|turn|15
|
|t:|1779718181
|move|p2a: Zapdos|Thunder Wave|p1a: Corviknight|[miss]
|-miss|p2a: Zapdos|p1a: Corviknight
|move|p1a: Corviknight|Defog|p2a: Zapdos
|-unboost|p2a: Zapdos|evasion|1
|-sideend|p1: lethalwolf|Stealth Rock|[from] move: Defog|[of] p1a: Corviknight
|
|upkeep
|turn|16
|
|t:|1779718188
|switch|p1a: Zapdos|Zapdos|100/100
|move|p2a: Zapdos|Volt Switch|p1a: Zapdos
|-damage|p1a: Zapdos|60/100
|
|t:|1779718192
|switch|p2a: Ting-Lu|Ting-Lu|100/100|[from] Volt Switch
|-ability|p2a: Ting-Lu|Vessel of Ruin
|
|upkeep
|turn|17
|
|t:|1779718198
|move|p1a: Zapdos|Hurricane|p2a: Ting-Lu|[miss]
|-miss|p1a: Zapdos|p2a: Ting-Lu
|move|p2a: Ting-Lu|Stealth Rock|p1a: Zapdos
|-sidestart|p1: lethalwolf|move: Stealth Rock
|
|upkeep
|turn|18
|
|t:|1779718200
|move|p1a: Zapdos|Heat Wave|p2a: Ting-Lu
|-damage|p2a: Ting-Lu|87/100
|move|p2a: Ting-Lu|Ruination|p1a: Zapdos
|-damage|p1a: Zapdos|30/100
|
|-heal|p2a: Ting-Lu|93/100|[from] item: Leftovers
|upkeep
|turn|19
|
|t:|1779718205
|move|p1a: Zapdos|Roost|p1a: Zapdos
|-heal|p1a: Zapdos|81/100
|-singleturn|p1a: Zapdos|move: Roost
|move|p2a: Ting-Lu|Whirlwind|p1a: Zapdos
|drag|p1a: Corviknight|Corviknight, F|88/100
|-damage|p1a: Corviknight|75/100|[from] Stealth Rock
|-ability|p1a: Corviknight|Pressure
|
|-heal|p2a: Ting-Lu|99/100|[from] item: Leftovers
|upkeep
|turn|20
|
|t:|1779718211
|move|p1a: Corviknight|Defog|p2a: Ting-Lu
|-unboost|p2a: Ting-Lu|evasion|1
|-sideend|p1: lethalwolf|Stealth Rock|[from] move: Defog|[of] p1a: Corviknight
|move|p2a: Ting-Lu|Stealth Rock|p1a: Corviknight
|-sidestart|p1: lethalwolf|move: Stealth Rock
|
|-heal|p2a: Ting-Lu|100/100|[from] item: Leftovers
|upkeep
|turn|21
|
|t:|1779718216
|move|p1a: Corviknight|Brave Bird|p2a: Ting-Lu
|-crit|p2a: Ting-Lu
|-damage|p2a: Ting-Lu|73/100
|-damage|p1a: Corviknight|64/100|[from] Recoil
|move|p2a: Ting-Lu|Ruination|p1a: Corviknight
|-damage|p1a: Corviknight|32/100
|
|-heal|p2a: Ting-Lu|79/100|[from] item: Leftovers
|upkeep
|turn|22
|
|t:|1779718224
|move|p1a: Corviknight|Roost|p1a: Corviknight
|-heal|p1a: Corviknight|82/100
|-singleturn|p1a: Corviknight|move: Roost
|move|p2a: Ting-Lu|Whirlwind|p1a: Corviknight
|drag|p1a: Latios|Latios, M|100/100
|-damage|p1a: Latios|88/100|[from] Stealth Rock
|
|-heal|p2a: Ting-Lu|85/100|[from] item: Leftovers
|upkeep
|turn|23
|
|t:|1779718231
|move|p1a: Latios|Aura Sphere|p2a: Ting-Lu
|-supereffective|p2a: Ting-Lu
|-damage|p2a: Ting-Lu|62/100
|move|p2a: Ting-Lu|Ruination|p1a: Latios
|-damage|p1a: Latios|44/100
|
|-heal|p2a: Ting-Lu|68/100|[from] item: Leftovers
|upkeep
|turn|24
|
|t:|1779718238
|move|p1a: Latios|Aura Sphere|p2a: Ting-Lu
|-supereffective|p2a: Ting-Lu
|-damage|p2a: Ting-Lu|44/100
|move|p2a: Ting-Lu|Whirlwind|p1a: Latios
|drag|p1a: Zapdos|Zapdos|81/100
|-damage|p1a: Zapdos|56/100|[from] Stealth Rock
|
|-heal|p2a: Ting-Lu|50/100|[from] item: Leftovers
|upkeep
|turn|25
|
|t:|1779718248
|move|p1a: Zapdos|Heat Wave|p2a: Ting-Lu
|-crit|p2a: Ting-Lu
|-damage|p2a: Ting-Lu|30/100
|move|p2a: Ting-Lu|Ruination|p1a: Zapdos
|-damage|p1a: Zapdos|28/100
|
|-heal|p2a: Ting-Lu|37/100|[from] item: Leftovers
|upkeep
|turn|26
|
|t:|1779718255
|move|p1a: Zapdos|Roost|p1a: Zapdos
|-heal|p1a: Zapdos|78/100
|-singleturn|p1a: Zapdos|move: Roost
|move|p2a: Ting-Lu|Ruination|p1a: Zapdos
|-damage|p1a: Zapdos|39/100
|
|-heal|p2a: Ting-Lu|43/100|[from] item: Leftovers
|upkeep
|turn|27
|
|t:|1779718263
|switch|p2a: Latios|Latios, M|100/100
|move|p1a: Zapdos|Hurricane|p2a: Latios
|-damage|p2a: Latios|46/100
|
|upkeep
|turn|28
|
|t:|1779718272
|switch|p1a: Corviknight|Corviknight, F|82/100
|-damage|p1a: Corviknight|70/100|[from] Stealth Rock
|-ability|p1a: Corviknight|Pressure
|move|p2a: Latios|Recover|p2a: Latios
|-heal|p2a: Latios|96/100
|
|upkeep
|turn|29
|
|t:|1779718284
|move|p2a: Latios|Calm Mind|p2a: Latios
|-boost|p2a: Latios|spa|1
|-boost|p2a: Latios|spd|1
|move|p1a: Corviknight|U-turn|p2a: Latios
|-supereffective|p2a: Latios
|-damage|p2a: Latios|57/100
|
|t:|1779718291
|switch|p1a: Latios|Latios, M|44/100|[from] U-turn
|-damage|p1a: Latios|32/100|[from] Stealth Rock
|
|upkeep
|turn|30
|
|t:|1779718306
|move|p1a: Latios|Draco Meteor|p2a: Latios
|-supereffective|p2a: Latios
|-damage|p2a: Latios|0 fnt
|-unboost|p1a: Latios|spa|2
|faint|p2a: Latios
|
|upkeep
|
|t:|1779718313
|switch|p2a: Zapdos|Zapdos|100/100
|turn|31
|
|t:|1779718318
|switch|p1a: Corviknight|Corviknight, F|70/100
|-damage|p1a: Corviknight|57/100|[from] Stealth Rock
|-ability|p1a: Corviknight|Pressure
|move|p2a: Zapdos|Volt Switch|p1a: Corviknight
|-supereffective|p1a: Corviknight
|-damage|p1a: Corviknight|12/100
|
|t:|1779718322
|switch|p2a: Skeledirge|Skeledirge, F|68/100|[from] Volt Switch
|
|upkeep
|turn|32
|
|t:|1779718325
|move|p1a: Corviknight|Brave Bird|p2a: Skeledirge
|-damage|p2a: Skeledirge|45/100
|-damage|p1a: Corviknight|4/100|[from] Recoil
|move|p2a: Skeledirge|Torch Song|p1a: Corviknight
|-supereffective|p1a: Corviknight
|-damage|p1a: Corviknight|0 fnt
|-boost|p2a: Skeledirge|spa|1
|faint|p1a: Corviknight
|
|upkeep
|
|t:|1779718334
|switch|p1a: Zapdos|Zapdos|39/100
|-damage|p1a: Zapdos|15/100|[from] Stealth Rock
|turn|33
|
|t:|1779718343
|-terastallize|p2a: Skeledirge|Fairy
|move|p1a: Zapdos|Hurricane|p2a: Skeledirge|[miss]
|-miss|p1a: Zapdos|p2a: Skeledirge
|move|p2a: Skeledirge|Slack Off|p2a: Skeledirge
|-heal|p2a: Skeledirge|95/100
|
|upkeep
|turn|34
|
|t:|1779718348
|move|p1a: Zapdos|Hurricane|p2a: Skeledirge
|-damage|p2a: Skeledirge|37/100
|move|p2a: Skeledirge|Torch Song|p1a: Zapdos
|-damage|p1a: Zapdos|0 fnt
|-boost|p2a: Skeledirge|spa|1
|faint|p1a: Zapdos
|
|upkeep
|
|t:|1779718361
|switch|p1a: Latios|Latios, M|32/100
|-damage|p1a: Latios|20/100|[from] Stealth Rock
|turn|35
|
|t:|1779718367
|move|p1a: Latios|Luster Purge|p2a: Skeledirge
|-damage|p2a: Skeledirge|0 fnt
|faint|p2a: Skeledirge
|
|upkeep
|
|t:|1779718371
|switch|p2a: Zapdos|Zapdos|100/100
|turn|36
|
|t:|1779718385
|move|p1a: Latios|Luster Purge|p2a: Zapdos
|-damage|p2a: Zapdos|48/100
|-unboost|p2a: Zapdos|spd|1
|move|p2a: Zapdos|Hurricane|p1a: Latios|[miss]
|-miss|p2a: Zapdos|p1a: Latios
|
|upkeep
|turn|37
|
|t:|1779718390
|switch|p2a: Ting-Lu|Ting-Lu|43/100
|-ability|p2a: Ting-Lu|Vessel of Ruin
|move|p1a: Latios|Luster Purge|p2a: Ting-Lu
|-immune|p2a: Ting-Lu
|
|-heal|p2a: Ting-Lu|49/100|[from] item: Leftovers
|upkeep
|turn|38
|
|t:|1779718401
|switch|p1a: Zamazenta|Zamazenta|78/100 brn
|-damage|p1a: Zamazenta|72/100 brn|[from] Stealth Rock
|switch|p2a: Zapdos|Zapdos|48/100
|
|-heal|p1a: Zamazenta|78/100 brn|[from] item: Leftovers
|-damage|p1a: Zamazenta|72/100 brn|[from] brn
|upkeep
|turn|39
|
|t:|1779718415
|move|p1a: Zamazenta|Body Press|p2a: Zapdos
|-resisted|p2a: Zapdos
|-damage|p2a: Zapdos|39/100
|move|p2a: Zapdos|Roost|p2a: Zapdos
|-heal|p2a: Zapdos|89/100
|-singleturn|p2a: Zapdos|move: Roost
|
|-heal|p1a: Zamazenta|78/100 brn|[from] item: Leftovers
|-damage|p1a: Zamazenta|72/100 brn|[from] brn
|upkeep
|turn|40
|
|t:|1779718424
|move|p1a: Zamazenta|Crunch|p2a: Zapdos
|-damage|p2a: Zapdos|74/100
|move|p2a: Zapdos|Hurricane|p1a: Zamazenta
|-supereffective|p1a: Zamazenta
|-damage|p1a: Zamazenta|0 fnt
|faint|p1a: Zamazenta
|
|upkeep
|
|t:|1779718429
|switch|p1a: Latios|Latios, M|20/100
|-damage|p1a: Latios|7/100|[from] Stealth Rock
|turn|41
|
|t:|1779718436
|move|p1a: Latios|Draco Meteor|p2a: Zapdos|[miss]
|-miss|p1a: Latios|p2a: Zapdos
|move|p2a: Zapdos|Volt Switch|p1a: Latios
|-resisted|p1a: Latios
|-damage|p1a: Latios|0 fnt
|faint|p1a: Latios
|
|win|Boulesinus15
|raw|lethalwolf's rating: 1360 &rarr; <strong>1341</strong><br />(-19 for losing)
|raw|Boulesinus15's rating: 1381 &rarr; <strong>1400</strong><br />(+19 for winning)
|l|☆lethalwolf
|player|p1|
|l|☆Boulesinus15
|player|p2|
