|j|☆ChillLanturnYT
|j|☆Sweetmoney
|t:|1779715652
|gametype|singles
|player|p1|ChillLanturnYT|palmer|1161
|player|p2|Sweetmoney|2|1169
|gen|9
|tier|[Gen 9] OU
|rated|
|rule|HP Percentage Mod: HP is shown in percentages
|rule|Endless Battle Clause: Forcing endless battles is banned
|rule|Species Clause: Limit one of each Pokémon
|rule|OHKO Clause: OHKO moves are banned
|rule|Evasion Items Clause: Evasion items are banned
|rule|Evasion Moves Clause: Evasion moves are banned
|rule|Evasion Abilities Clause: Evasion abilities are banned
|rule|Sleep Moves Clause: Sleep-inducing moves are banned
|clearpoke
|poke|p1|Feraligatr, M|
|poke|p1|Sawsbuck-Summer, F|
|poke|p1|Gholdengo|
|poke|p1|Iron Treads|
|poke|p1|Weezing-Galar, F|
|poke|p1|Milotic, M|
|poke|p2|Greninja-*, M|
|poke|p2|Tropius, M|
|poke|p2|Arcanine-Hisui, F|
|poke|p2|Ursaluna, F|
|poke|p2|Enamorus, F|
|poke|p2|Bisharp, F|
|teampreview
|inactive|Battle timer is ON: inactive players will automatically lose when time's up. (requested by Sweetmoney)
|inactive|ChillLanturnYT also wants the timer to be on.
|
|t:|1779715660
|teamsize|p1|6
|teamsize|p2|6
|start
|switch|p1a: Feraligatr|Feraligatr, M|100/100
|switch|p2a: Tropius|Tropius, M|100/100
|turn|1
|
|t:|1779715666
|switch|p1a: Sawsbuck|Sawsbuck-Summer, F|100/100
|move|p2a: Tropius|Leech Seed|p1a: Sawsbuck
|-ability|p1a: Sawsbuck|Sap Sipper|boost
|-boost|p1a: Sawsbuck|atk|1
|
|upkeep
|turn|2
|
|t:|1779715674
|-terastallize|p1a: Sawsbuck|Water
|move|p1a: Sawsbuck|Swords Dance|p1a: Sawsbuck
|-boost|p1a: Sawsbuck|atk|2
|move|p2a: Tropius|Air Slash|p1a: Sawsbuck
|-damage|p1a: Sawsbuck|72/100
|
|-heal|p1a: Sawsbuck|78/100|[from] item: Leftovers
|upkeep
|turn|3
|
|t:|1779715681
|move|p1a: Sawsbuck|Trailblaze|p2a: Tropius
|-resisted|p2a: Tropius
|-damage|p2a: Tropius|91/100
|-boost|p1a: Sawsbuck|spe|1
|move|p2a: Tropius|Air Slash|p1a: Sawsbuck
|-damage|p1a: Sawsbuck|50/100
|
|-heal|p1a: Sawsbuck|56/100|[from] item: Leftovers
|upkeep
|turn|4
|
|t:|1779715688
|move|p1a: Sawsbuck|Wild Charge|p2a: Tropius
|-damage|p2a: Tropius|42/100
|-enditem|p2a: Tropius|Sitrus Berry|[eat]
|-heal|p2a: Tropius|67/100|[from] item: Sitrus Berry
|-damage|p1a: Sawsbuck|42/100|[from] Recoil
|move|p2a: Tropius|Air Slash|p1a: Sawsbuck
|-damage|p1a: Sawsbuck|11/100
|
|-heal|p1a: Sawsbuck|17/100|[from] item: Leftovers
|upkeep
|turn|5
|
|t:|1779715696
|move|p2a: Tropius|Protect|p2a: Tropius
|-singleturn|p2a: Tropius|Protect
|move|p1a: Sawsbuck|Wild Charge|p2a: Tropius
|-activate|p2a: Tropius|move: Protect
|
|-heal|p1a: Sawsbuck|23/100|[from] item: Leftovers
|upkeep
|turn|6
|
|t:|1779715704
|move|p1a: Sawsbuck|Wild Charge|p2a: Tropius
|-damage|p2a: Tropius|16/100
|-damage|p1a: Sawsbuck|8/100|[from] Recoil
|move|p2a: Tropius|Substitute|p2a: Tropius
|-fail|p2a: Tropius|move: Substitute|[weak]
|
|-heal|p1a: Sawsbuck|14/100|[from] item: Leftovers
|-item|p2a: Tropius|Sitrus Berry|[from] ability: Harvest
|upkeep
|-enditem|p2a: Tropius|Sitrus Berry|[eat]
|-heal|p2a: Tropius|41/100|[from] item: Sitrus Berry
|turn|7
|
|t:|1779715714
|move|p2a: Tropius|Protect|p2a: Tropius
|-singleturn|p2a: Tropius|Protect
|move|p1a: Sawsbuck|Swords Dance|p1a: Sawsbuck
|-boost|p1a: Sawsbuck|atk|2
|
|-heal|p1a: Sawsbuck|20/100|[from] item: Leftovers
|upkeep
|turn|8
|
|t:|1779715723
|move|p1a: Sawsbuck|Wild Charge|p2a: Tropius
|-damage|p2a: Tropius|0 fnt
|faint|p2a: Tropius
|-damage|p1a: Sawsbuck|9/100|[from] Recoil
|
|-heal|p1a: Sawsbuck|15/100|[from] item: Leftovers
|upkeep
|
|t:|1779715729
|switch|p2a: YN|Greninja, M|100/100
|turn|9
|
|t:|1779715732
|move|p2a: YN|Water Shuriken|p1a: Sawsbuck
|-resisted|p1a: Sawsbuck
|-damage|p1a: Sawsbuck|7/100
|-resisted|p1a: Sawsbuck
|-damage|p1a: Sawsbuck|1/100
|-resisted|p1a: Sawsbuck
|-damage|p1a: Sawsbuck|0 fnt
|faint|p1a: Sawsbuck
|-ability|p2a: YN|Battle Bond|boost
|-boost|p2a: YN|atk|1
|-boost|p2a: YN|spa|1
|-boost|p2a: YN|spe|1
|-activate|p2a: YN|ability: Battle Bond
|-hitcount|p1: Sawsbuck|3
|-damage|p2a: YN|91/100|[from] item: Life Orb
|
|upkeep
|
|t:|1779715739
|switch|p1a: Milotic|Milotic, M|100/100
|turn|10
|
|t:|1779715761
|move|p2a: YN|Dark Pulse|p1a: Milotic
|-damage|p1a: Milotic|54/100
|-damage|p2a: YN|81/100|[from] item: Life Orb
|move|p1a: Milotic|Aqua Ring|p1a: Milotic
|-start|p1a: Milotic|Aqua Ring
|
|-heal|p1a: Milotic|60/100|[from] item: Leftovers
|-heal|p1a: Milotic|66/100|[from] Aqua Ring
|upkeep
|turn|11
|
|t:|1779715772
|move|p2a: YN|Dark Pulse|p1a: Milotic
|-damage|p1a: Milotic|21/100
|-damage|p2a: YN|71/100|[from] item: Life Orb
|move|p1a: Milotic|Hydro Pump|p2a: YN
|-resisted|p2a: YN
|-damage|p2a: YN|38/100
|
|-heal|p1a: Milotic|27/100|[from] item: Leftovers
|-heal|p1a: Milotic|33/100|[from] Aqua Ring
|upkeep
|turn|12
|
|t:|1779715785
|move|p2a: YN|Dark Pulse|p1a: Milotic
|-damage|p1a: Milotic|0 fnt
|faint|p1a: Milotic
|-damage|p2a: YN|29/100|[from] item: Life Orb
|
|upkeep
|
|t:|1779715786
|switch|p1a: Weezing|Weezing-Galar, F|100/100
|turn|13
|
|t:|1779715792
|move|p2a: YN|Extrasensory|p1a: Weezing
|-supereffective|p1a: Weezing
|-damage|p1a: Weezing|8/100
|-damage|p2a: YN|19/100|[from] item: Life Orb
|move|p1a: Weezing|Strange Steam|p2a: YN
|-supereffective|p2a: YN
|-damage|p2a: YN|0 fnt
|faint|p2a: YN
|
|-heal|p1a: Weezing|14/100|[from] item: Leftovers
|upkeep
|
|t:|1779715804
|switch|p2a: Ursaluna|Ursaluna, F|100/100
|turn|14
|
|t:|1779715816
|move|p1a: Weezing|Pain Split|p2a: Ursaluna
|-sethp|p2a: Ursaluna|55/100|[from] move: Pain Split|[silent]
|-sethp|p1a: Weezing|77/100|[from] move: Pain Split
|move|p2a: Ursaluna|Swords Dance|p2a: Ursaluna
|-boost|p2a: Ursaluna|atk|2
|
|-heal|p1a: Weezing|83/100|[from] item: Leftovers
|-status|p2a: Ursaluna|brn|[from] item: Flame Orb
|upkeep
|turn|15
|l|☆ChillLanturnYT
|inactive|ChillLanturnYT disconnected and has a minute to reconnect!
|player|p1|
|inactive|ChillLanturnYT has 30 seconds to reconnect!
|inactive|ChillLanturnYT has 20 seconds to reconnect!
|inactive|ChillLanturnYT has 15 seconds to reconnect!
|j|☆ChillLanturnYT
|inactive|ChillLanturnYT reconnected and has 85 seconds left.
|player|p1|ChillLanturnYT|palmer|
|
|t:|1779715884
|move|p1a: Weezing|Strange Steam|p2a: Ursaluna
|-damage|p2a: Ursaluna|30/100 brn
|move|p2a: Ursaluna|Facade|p1a: Weezing
|-damage|p1a: Weezing|0 fnt
|faint|p1a: Weezing
|
|-damage|p2a: Ursaluna|24/100 brn|[from] brn
|upkeep
|
|t:|1779715893
|switch|p1a: Feraligatr|Feraligatr, M|100/100
|turn|16
|
|t:|1779715899
|move|p1a: Feraligatr|Liquidation|p2a: Ursaluna
|-supereffective|p2a: Ursaluna
|-damage|p2a: Ursaluna|0 fnt
|faint|p2a: Ursaluna
|
|upkeep
|
|t:|1779715905
|switch|p2a: Bisharp|Bisharp, F|100/100
|turn|17
|
|t:|1779715909
|move|p1a: Feraligatr|Dragon Dance|p1a: Feraligatr
|-boost|p1a: Feraligatr|atk|1
|-boost|p1a: Feraligatr|spe|1
|move|p2a: Bisharp|Swords Dance|p2a: Bisharp
|-boost|p2a: Bisharp|atk|2
|
|upkeep
|turn|18
|
|t:|1779715914
|move|p2a: Bisharp|Sucker Punch|p1a: Feraligatr
|-damage|p1a: Feraligatr|14/100
|move|p1a: Feraligatr|Earthquake|p2a: Bisharp
|-supereffective|p2a: Bisharp
|-damage|p2a: Bisharp|24/100
|-damage|p1a: Feraligatr|4/100|[from] item: Life Orb
|
|upkeep
|turn|19
|
|t:|1779715920
|move|p2a: Bisharp|Sucker Punch||[still]
|-fail|p2a: Bisharp
|move|p1a: Feraligatr|Dragon Dance|p1a: Feraligatr
|-boost|p1a: Feraligatr|atk|1
|-boost|p1a: Feraligatr|spe|1
|
|upkeep
|turn|20
|
|t:|1779715924
|move|p2a: Bisharp|Sucker Punch||[still]
|-fail|p2a: Bisharp
|move|p1a: Feraligatr|Dragon Dance|p1a: Feraligatr
|-boost|p1a: Feraligatr|atk|1
|-boost|p1a: Feraligatr|spe|1
|
|upkeep
|turn|21
|
|t:|1779715928
|move|p2a: Bisharp|Sucker Punch|p1a: Feraligatr
|-crit|p1a: Feraligatr
|-damage|p1a: Feraligatr|0 fnt
|faint|p1a: Feraligatr
|
|upkeep
|
|t:|1779715931
|switch|p1a: Iron Treads|Iron Treads|100/100
|-enditem|p1a: Iron Treads|Booster Energy
|-activate|p1a: Iron Treads|ability: Quark Drive|[fromitem]
|-start|p1a: Iron Treads|quarkdrivespe
|turn|22
|
|t:|1779715938
|move|p2a: Bisharp|Sucker Punch|p1a: Iron Treads
|-damage|p1a: Iron Treads|34/100
|move|p1a: Iron Treads|Earthquake|p2a: Bisharp
|-supereffective|p2a: Bisharp
|-damage|p2a: Bisharp|0 fnt
|faint|p2a: Bisharp
|
|upkeep
|
|t:|1779715944
|switch|p2a: Arcanine|Arcanine-Hisui, F|100/100
|turn|23
|
|t:|1779715964
|switch|p2a: Enamorus|Enamorus, F|100/100
|move|p1a: Iron Treads|Earthquake|p2a: Enamorus
|-immune|p2a: Enamorus
|
|upkeep
|turn|24
|
|t:|1779715972
|move|p1a: Iron Treads|Iron Head|p2a: Enamorus
|-supereffective|p2a: Enamorus
|-damage|p2a: Enamorus|0 fnt
|faint|p2a: Enamorus
|
|upkeep
|
|t:|1779715974
|switch|p2a: Arcanine|Arcanine-Hisui, F|100/100
|turn|25
|
|t:|1779715983
|-terastallize|p2a: Arcanine|Normal
|move|p1a: Iron Treads|Ice Spinner|p2a: Arcanine
|-damage|p2a: Arcanine|69/100
|move|p2a: Arcanine|Flare Blitz|p1a: Iron Treads
|-supereffective|p1a: Iron Treads
|-damage|p1a: Iron Treads|0 fnt
|faint|p1a: Iron Treads
|-end|p1a: Iron Treads|Quark Drive|[silent]
|
|upkeep
|
|t:|1779715989
|switch|p1a: Gholdengo|Gholdengo|100/100
|-item|p1a: Gholdengo|Air Balloon
|turn|26
|
|t:|1779715991
|move|p2a: Arcanine|Flare Blitz|p1a: Gholdengo
|-supereffective|p1a: Gholdengo
|-damage|p1a: Gholdengo|0 fnt
|-enditem|p1a: Gholdengo|Air Balloon
|faint|p1a: Gholdengo
|
|win|Sweetmoney
|raw|ChillLanturnYT's rating: 1161 &rarr; <strong>1137</strong><br />(-24 for losing)
|raw|Sweetmoney's rating: 1169 &rarr; <strong>1193</strong><br />(+24 for winning)
|l|☆ChillLanturnYT
|player|p1|
|l|☆Sweetmoney
|player|p2|
