|j|☆FeetSnifferXO
|j|☆immaterial-light
|t:|1779597634
|gametype|singles
|player|p1|FeetSnifferXO|101|1308
|player|p2|immaterial-light|170|1332
|gen|9
|tier|[Gen 9] OU
|rated|
|rule|HP Percentage Mod: HP is shown in percentages
|rule|Endless Battle Clause: Forcing endless battles is banned
|rule|Species Clause: Limit one of each Pokémon
|rule|OHKO Clause: OHKO moves are banned
|rule|Evasion Items Clause: Evasion items are banned
|rule|Evasion Moves Clause: Evasion moves are banned
|rule|Evasion Abilities Clause: Evasion abilities are banned
|rule|Sleep Moves Clause: Sleep-inducing moves are banned
|clearpoke
|poke|p1|Garganacl, F|
|poke|p1|Quaquaval, M|
|poke|p1|Dragapult, F|
|poke|p1|Pecharunt|
|poke|p1|Maushold-Four|
|poke|p1|Ninetales-Alola, F|
|poke|p2|Cresselia, F|
|poke|p2|Hatterene, F|
|poke|p2|Iron Hands|
|poke|p2|Ursaluna, M|
|poke|p2|Vikavolt, M|
|poke|p2|Porygon2|
|teampreview
|inactive|Battle timer is ON: inactive players will automatically lose when time's up. (requested by immaterial-light)
|
|t:|1779597641
|teamsize|p1|6
|teamsize|p2|6
|start
|switch|p1a: Maushold|Maushold-Four|100/100
|switch|p2a: Vikavolt|Vikavolt, M|100/100
|turn|1
|
|t:|1779597651
|switch|p2a: Porygon2|Porygon2|100/100
|-ability|p2a: Porygon2|Download|boost
|-boost|p2a: Porygon2|atk|1
|move|p1a: Maushold|Tidy Up|p1a: Maushold
|-boost|p1a: Maushold|atk|1
|-boost|p1a: Maushold|spe|1
|
|upkeep
|turn|2
|
|t:|1779597663
|-terastallize|p2a: Porygon2|Ghost
|move|p1a: Maushold|Population Bomb|p2a: Porygon2
|-immune|p2a: Porygon2
|move|p2a: Porygon2|Trick Room|p2a: Porygon2
|-fieldstart|move: Trick Room|[of] p2a: Porygon2
|
|upkeep
|turn|3
|
|t:|1779597673
|switch|p2a: Vikavolt|Vikavolt, M|100/100
|move|p1a: Maushold|Bite|p2a: Vikavolt
|-damage|p2a: Vikavolt|69/100
|
|upkeep
|turn|4
|
|t:|1779597678
|move|p2a: Vikavolt|Discharge|p1a: Maushold
|-damage|p1a: Maushold|0 fnt
|faint|p1a: Maushold
|
|upkeep
|
|t:|1779597688
|switch|p1a: Ninetales|Ninetales-Alola, F|100/100
|-weather|Snowscape|[from] ability: Snow Warning|[of] p1a: Ninetales
|turn|5
|
|t:|1779597693
|move|p2a: Vikavolt|Discharge|p1a: Ninetales
|-damage|p1a: Ninetales|34/100
|move|p1a: Ninetales|Aurora Veil|p1a: Ninetales
|-sidestart|p1: FeetSnifferXO|move: Aurora Veil
|
|-weather|Snowscape|[upkeep]
|upkeep
|turn|6
|
|t:|1779597700
|move|p2a: Vikavolt|Discharge|p1a: Ninetales
|-damage|p1a: Ninetales|0 fnt
|faint|p1a: Ninetales
|
|-weather|Snowscape|[upkeep]
|-fieldend|move: Trick Room
|upkeep
|
|t:|1779597711
|switch|p1a: Pecharunt|Pecharunt|100/100
|turn|7
|
|t:|1779597720
|switch|p2a: Cresselia|Cresselia, F|100/100
|move|p1a: Pecharunt|Nasty Plot|p1a: Pecharunt
|-boost|p1a: Pecharunt|spa|2
|
|-weather|Snowscape|[upkeep]
|upkeep
|turn|8
|
|t:|1779597727
|move|p1a: Pecharunt|Shadow Ball|p2a: Cresselia
|-supereffective|p2a: Cresselia
|-damage|p2a: Cresselia|14/100
|move|p2a: Cresselia|Trick Room|p2a: Cresselia
|-fieldstart|move: Trick Room|[of] p2a: Cresselia
|
|-weather|Snowscape|[upkeep]
|upkeep
|turn|9
|
|t:|1779597734
|move|p2a: Cresselia|Lunar Dance|p2a: Cresselia
|faint|p2a: Cresselia
|move|p1a: Pecharunt|Shadow Ball|p2: Cresselia|[notarget]
|-fail|p1a: Pecharunt
|
|-weather|none
|upkeep
|
|t:|1779597740
|switch|p2a: Vikavolt|Vikavolt, M|69/100
|-heal|p2a: Vikavolt|100/100|[from] move: Lunar Dance
|turn|10
|
|t:|1779597745
|move|p2a: Vikavolt|Volt Switch|p1a: Pecharunt
|-damage|p1a: Pecharunt|68/100
|
|t:|1779597747
|switch|p2a: Porygon2|Porygon2, tera:Ghost|100/100|[from] Volt Switch
|-ability|p2a: Porygon2|Download|boost
|-boost|p2a: Porygon2|spa|1
|move|p1a: Pecharunt|Nasty Plot|p1a: Pecharunt
|-boost|p1a: Pecharunt|spa|2
|
|-heal|p1a: Pecharunt|74/100|[from] item: Leftovers
|upkeep
|turn|11
|
|t:|1779597756
|move|p2a: Porygon2|Shadow Ball|p1a: Pecharunt
|-supereffective|p1a: Pecharunt
|-damage|p1a: Pecharunt|14/100
|-unboost|p1a: Pecharunt|spd|1
|move|p1a: Pecharunt|Shadow Ball|p2a: Porygon2
|-supereffective|p2a: Porygon2
|-damage|p2a: Porygon2|0 fnt
|faint|p2a: Porygon2
|
|-heal|p1a: Pecharunt|20/100|[from] item: Leftovers
|upkeep
|
|t:|1779597760
|switch|p2a: Vikavolt|Vikavolt, M|100/100
|turn|12
|
|t:|1779597771
|move|p2a: Vikavolt|Volt Switch|p1a: Pecharunt
|-damage|p1a: Pecharunt|0 fnt
|faint|p1a: Pecharunt
|
|t:|1779597783
|switch|p2a: Hatterene|Hatterene, F|100/100|[from] Volt Switch
|
|-sideend|p1: FeetSnifferXO|move: Aurora Veil
|-fieldend|move: Trick Room
|upkeep
|
|t:|1779597790
|switch|p1a: Quaquaval|Quaquaval, M|100/100
|turn|13
|
|t:|1779597794
|move|p1a: Quaquaval|Aqua Step|p2a: Hatterene
|-damage|p2a: Hatterene|52/100
|-boost|p1a: Quaquaval|spe|1
|move|p2a: Hatterene|Trick Room|p2a: Hatterene
|-fieldstart|move: Trick Room|[of] p2a: Hatterene
|
|upkeep
|turn|14
|
|t:|1779597803
|switch|p2a: Vikavolt|Vikavolt, M|100/100
|move|p1a: Quaquaval|Aqua Step|p2a: Vikavolt
|-damage|p2a: Vikavolt|57/100
|-boost|p1a: Quaquaval|spe|1
|
|upkeep
|turn|15
|
|t:|1779597813
|move|p2a: Vikavolt|Volt Switch|p1a: Quaquaval
|-supereffective|p1a: Quaquaval
|-damage|p1a: Quaquaval|0 fnt
|faint|p1a: Quaquaval
|
|t:|1779597816
|switch|p2a: Ursaluna|Ursaluna, M|100/100|[from] Volt Switch
|
|-status|p2a: Ursaluna|brn|[from] item: Flame Orb
|upkeep
|
|t:|1779597830
|switch|p1a: Garganacl|Garganacl, F|100/100
|turn|16
|
|t:|1779597835
|-terastallize|p1a: Garganacl|Bug
|move|p2a: Ursaluna|Headlong Rush|p1a: Garganacl
|-resisted|p1a: Garganacl
|-damage|p1a: Garganacl|72/100
|-unboost|p2a: Ursaluna|def|1
|-unboost|p2a: Ursaluna|spd|1
|move|p1a: Garganacl|Salt Cure|p2a: Ursaluna
|-resisted|p2a: Ursaluna
|-damage|p2a: Ursaluna|93/100 brn
|-start|p2a: Ursaluna|Salt Cure
|
|-heal|p1a: Garganacl|78/100|[from] item: Leftovers
|-damage|p2a: Ursaluna|87/100 brn|[from] brn
|-damage|p2a: Ursaluna|75/100 brn|[from] Salt Cure
|upkeep
|turn|17
|
|t:|1779597849
|move|p2a: Ursaluna|Facade|p1a: Garganacl
|-damage|p1a: Garganacl|4/100
|move|p1a: Garganacl|Iron Defense|p1a: Garganacl
|-boost|p1a: Garganacl|def|2
|
|-heal|p1a: Garganacl|10/100|[from] item: Leftovers
|-damage|p2a: Ursaluna|69/100 brn|[from] brn
|-damage|p2a: Ursaluna|56/100 brn|[from] Salt Cure
|-fieldend|move: Trick Room
|upkeep
|turn|18
|
|t:|1779597859
|move|p1a: Garganacl|Recover|p1a: Garganacl
|-heal|p1a: Garganacl|60/100
|move|p2a: Ursaluna|Facade|p1a: Garganacl
|-damage|p1a: Garganacl|25/100
|
|-heal|p1a: Garganacl|31/100|[from] item: Leftovers
|-damage|p2a: Ursaluna|50/100 brn|[from] brn
|-damage|p2a: Ursaluna|38/100 brn|[from] Salt Cure
|upkeep
|turn|19
|
|t:|1779597870
|switch|p2a: Vikavolt|Vikavolt, M|57/100
|move|p1a: Garganacl|Recover|p1a: Garganacl
|-heal|p1a: Garganacl|81/100
|
|-heal|p1a: Garganacl|87/100|[from] item: Leftovers
|upkeep
|turn|20
|
|t:|1779597877
|move|p1a: Garganacl|Salt Cure|p2a: Vikavolt
|-supereffective|p2a: Vikavolt
|-damage|p2a: Vikavolt|28/100
|-start|p2a: Vikavolt|Salt Cure
|move|p2a: Vikavolt|Bug Buzz|p1a: Garganacl
|-damage|p1a: Garganacl|19/100
|
|-heal|p1a: Garganacl|25/100|[from] item: Leftovers
|-damage|p2a: Vikavolt|16/100|[from] Salt Cure
|upkeep
|turn|21
|
|t:|1779597888
|move|p1a: Garganacl|Recover|p1a: Garganacl
|-heal|p1a: Garganacl|75/100
|move|p2a: Vikavolt|Bug Buzz|p1a: Garganacl
|-damage|p1a: Garganacl|14/100
|
|-heal|p1a: Garganacl|20/100|[from] item: Leftovers
|-damage|p2a: Vikavolt|4/100|[from] Salt Cure
|upkeep
|turn|22
|
|t:|1779597897
|move|p1a: Garganacl|Recover|p1a: Garganacl
|-heal|p1a: Garganacl|70/100
|move|p2a: Vikavolt|Bug Buzz|p1a: Garganacl
|-damage|p1a: Garganacl|0 fnt
|faint|p1a: Garganacl
|
|-damage|p2a: Vikavolt|0 fnt|[from] Salt Cure
|faint|p2a: Vikavolt
|upkeep
|
|t:|1779597906
|switch|p1a: Dragapult|Dragapult, F|100/100
|switch|p2a: Hatterene|Hatterene, F|52/100
|turn|23
|
|t:|1779597915
|move|p1a: Dragapult|Flamethrower|p2a: Hatterene
|-damage|p2a: Hatterene|23/100
|-damage|p1a: Dragapult|91/100|[from] item: Life Orb
|move|p2a: Hatterene|Trick Room|p2a: Hatterene
|-fieldstart|move: Trick Room|[of] p2a: Hatterene
|
|upkeep
|turn|24
|
|t:|1779597922
|move|p2a: Hatterene|Dazzling Gleam|p1a: Dragapult
|-supereffective|p1a: Dragapult
|-crit|p1a: Dragapult
|-damage|p1a: Dragapult|0 fnt
|faint|p1a: Dragapult
|
|win|immaterial-light
|raw|FeetSnifferXO's rating: 1308 &rarr; <strong>1289</strong><br />(-19 for losing)
|raw|immaterial-light's rating: 1332 &rarr; <strong>1351</strong><br />(+19 for winning)
|l|☆FeetSnifferXO
|player|p1|
