|j|☆Tobi1243
|j|‽sc0rbb
|t:|1779711255
|gametype|singles
|player|p1|Tobi1243|lance|1080
|player|p2|sc0rbb|lucas|1116
|gen|9
|tier|[Gen 9] OU
|rated|
|rule|HP Percentage Mod: HP is shown in percentages
|rule|Endless Battle Clause: Forcing endless battles is banned
|rule|Species Clause: Limit one of each Pokémon
|rule|OHKO Clause: OHKO moves are banned
|rule|Evasion Items Clause: Evasion items are banned
|rule|Evasion Moves Clause: Evasion moves are banned
|rule|Evasion Abilities Clause: Evasion abilities are banned
|rule|Sleep Moves Clause: Sleep-inducing moves are banned
|clearpoke
|poke|p1|Ogerpon-Wellspring, F|
|poke|p1|Iron Valiant|
|poke|p1|Kingambit, F|
|poke|p1|Gholdengo|
|poke|p1|Landorus-Therian, M|
|poke|p1|Great Tusk|
|poke|p2|Polteageist-Antique|
|poke|p2|Lycanroc-Dusk, M|
|poke|p2|Quaquaval, F|
|poke|p2|Spidops, F|
|poke|p2|Gastrodon, M|
|poke|p2|Toxtricity, M|
|teampreview
|inactive|Battle timer is ON: inactive players will automatically lose when time's up. (requested by Tobi1243)
|
|t:|1779711263
|teamsize|p1|6
|teamsize|p2|6
|start
|switch|p1a: Landorus|Landorus-Therian, M, shiny|100/100
|switch|p2a: Spidops|Spidops, F|100/100
|-ability|p1a: Landorus|Intimidate|boost
|-unboost|p2a: Spidops|atk|1
|turn|1
|
|t:|1779711272
|move|p1a: Landorus|Taunt|p2a: Spidops
|-start|p2a: Spidops|move: Taunt
|cant|p2a: Spidops|move: Taunt|Sticky Web
|
|upkeep
|turn|2
|
|t:|1779711287
|switch|p2a: Lycanroc|Lycanroc-Dusk, M|100/100
|move|p1a: Landorus|Stealth Rock|p2a: Lycanroc
|-sidestart|p2: sc0rbb|move: Stealth Rock
|
|upkeep
|turn|3
|
|t:|1779711294
|move|p2a: Lycanroc|Stealth Rock|p1a: Landorus
|-sidestart|p1: Tobi1243|move: Stealth Rock
|move|p1a: Landorus|Earthquake|p2a: Lycanroc
|-supereffective|p2a: Lycanroc
|-enditem|p2a: Lycanroc|Focus Sash
|-damage|p2a: Lycanroc|1/100
|
|upkeep
|turn|4
|
|t:|1779711302
|move|p2a: Lycanroc|Endeavor|p1a: Landorus
|-damage|p1a: Landorus|1/100
|-damage|p2a: Lycanroc|0 fnt|[from] item: Rocky Helmet|[of] p1a: Landorus
|faint|p2a: Lycanroc
|move|p1a: Landorus|U-turn|p2: Lycanroc|[notarget]
|-fail|p1a: Landorus
|
|upkeep
|
|t:|1779711311
|switch|p2a: Quaquaval|Quaquaval, F|100/100
|turn|5
|
|t:|1779711319
|switch|p1a: Gholdengo|Gholdengo, shiny|100/100
|-damage|p1a: Gholdengo|94/100|[from] Stealth Rock
|-item|p1a: Gholdengo|Air Balloon
|move|p2a: Quaquaval|Rapid Spin|p1a: Gholdengo
|-immune|p1a: Gholdengo
|
|upkeep
|turn|6
|
|t:|1779711343
|switch|p2a: Gastrodon|Gastrodon, M|100/100
|-damage|p2a: Gastrodon|94/100|[from] Stealth Rock
|-terastallize|p1a: Gholdengo|Dragon
|move|p1a: Gholdengo|Nasty Plot|p1a: Gholdengo
|-boost|p1a: Gholdengo|spa|2
|
|-heal|p2a: Gastrodon|100/100|[from] item: Leftovers
|upkeep
|turn|7
|
|t:|1779711358
|move|p1a: Gholdengo|Focus Blast|p2a: Gastrodon|[miss]
|-miss|p1a: Gholdengo|p2a: Gastrodon
|move|p2a: Gastrodon|Clear Smog|p1a: Gholdengo
|-damage|p1a: Gholdengo|81/100
|-clearboost|p1a: Gholdengo
|-enditem|p1a: Gholdengo|Air Balloon
|
|upkeep
|turn|8
|
|t:|1779711368
|move|p1a: Gholdengo|Nasty Plot|p1a: Gholdengo
|-boost|p1a: Gholdengo|spa|2
|move|p2a: Gastrodon|Spikes|p1a: Gholdengo
|-sidestart|p1: Tobi1243|Spikes
|
|upkeep
|turn|9
|
|t:|1779711376
|move|p1a: Gholdengo|Focus Blast|p2a: Gastrodon
|-damage|p2a: Gastrodon|42/100
|move|p2a: Gastrodon|Clear Smog|p1a: Gholdengo
|-damage|p1a: Gholdengo|67/100
|-clearboost|p1a: Gholdengo
|
|-heal|p2a: Gastrodon|48/100|[from] item: Leftovers
|upkeep
|turn|10
|
|t:|1779711388
|switch|p1a: Great Tusk|Great Tusk, shiny|100/100
|move|p2a: Gastrodon|Recover|p2a: Gastrodon
|-heal|p2a: Gastrodon|98/100
|
|-heal|p2a: Gastrodon|100/100|[from] item: Leftovers
|upkeep
|turn|11
|
|t:|1779711397
|switch|p2a: Polteageist|Polteageist-Antique, shiny|100/100
|-damage|p2a: Polteageist|88/100|[from] Stealth Rock
|move|p1a: Great Tusk|Rapid Spin|p2a: Polteageist
|-immune|p2a: Polteageist
|
|upkeep
|turn|12
|
|t:|1779711405
|move|p2a: Polteageist|Shell Smash|p2a: Polteageist
|-unboost|p2a: Polteageist|def|1
|-unboost|p2a: Polteageist|spd|1
|-boost|p2a: Polteageist|atk|2
|-boost|p2a: Polteageist|spa|2
|-boost|p2a: Polteageist|spe|2
|-enditem|p2a: Polteageist|White Herb
|-clearnegativeboost|p2a: Polteageist|[silent]
|move|p1a: Great Tusk|Knock Off|p2a: Polteageist
|-supereffective|p2a: Polteageist
|-damage|p2a: Polteageist|32/100
|-ability|p2a: Polteageist|Weak Armor|boost
|-unboost|p2a: Polteageist|def|1
|-boost|p2a: Polteageist|spe|2
|
|upkeep
|turn|13
|
|t:|1779711419
|move|p2a: Polteageist|Stored Power|p1a: Great Tusk
|-supereffective|p1a: Great Tusk
|-damage|p1a: Great Tusk|0 fnt
|faint|p1a: Great Tusk
|-end|p1a: Great Tusk|Protosynthesis|[silent]
|
|upkeep
|
|t:|1779711426
|switch|p1a: Kingambit|Kingambit, F, shiny|100/100
|-damage|p1a: Kingambit|94/100|[from] Stealth Rock
|-damage|p1a: Kingambit|82/100|[from] Spikes
|-activate|p1a: Kingambit|ability: Supreme Overlord
|-start|p1a: Kingambit|fallen1|[silent]
|turn|14
|
|t:|1779711447
|move|p1a: Kingambit|Sucker Punch|p2a: Polteageist
|-supereffective|p2a: Polteageist
|-damage|p2a: Polteageist|0 fnt
|faint|p2a: Polteageist
|
|upkeep
|
|t:|1779711452
|switch|p2a: Spidops|Spidops, F|100/100
|-damage|p2a: Spidops|75/100|[from] Stealth Rock
|turn|15
|
|t:|1779711466
|move|p1a: Kingambit|Sucker Punch||[still]
|-fail|p1a: Kingambit
|move|p2a: Spidops|Sticky Web|p1a: Kingambit
|-sidestart|p1: Tobi1243|move: Sticky Web
|
|-heal|p2a: Spidops|82/100|[from] item: Leftovers
|upkeep
|turn|16
|
|t:|1779711475
|move|p1a: Kingambit|Swords Dance|p1a: Kingambit
|-boost|p1a: Kingambit|atk|2
|move|p2a: Spidops|Counter||[still]
|-fail|p2a: Spidops
|
|-heal|p2a: Spidops|88/100|[from] item: Leftovers
|upkeep
|turn|17
|inactive|Tobi1243 has 120 seconds left.
|l|‽sc0rbb
|inactive|sc0rbb disconnected and has a minute to reconnect!
|player|p2|
|l|☆Tobi1243
|inactive|Tobi1243 disconnected and has a minute to reconnect!
|player|p1|
|j|‽sc0rbb
|inactive|sc0rbb reconnected and has 120 seconds left.
|player|p2|sc0rbb|lucas|
|n|‽sc0rbb|sc0rbb
|inactive|Tobi1243 has 30 seconds to reconnect!
|inactive|Tobi1243 has 20 seconds to reconnect!
|inactive|Tobi1243 has 15 seconds to reconnect!
|inactive|Tobi1243 has 10 seconds to reconnect!
|inactive|Tobi1243 has 5 seconds to reconnect!
|-message|Tobi1243 lost due to inactivity.
|
|win|sc0rbb
|raw|Tobi1243's rating: 1080 &rarr; <strong>1060</strong><br />(-20 for losing)
|raw|sc0rbb's rating: 1116 &rarr; <strong>1138</strong><br />(+22 for winning)
|l|‽sc0rbb
|player|p2|
