|j|☆jsmikelol
|j|☆cryrob9909
|t:|1779582586
|gametype|singles
|player|p1|jsmikelol|ninjaboy|
|player|p2|cryrob9909|plasmagruntf-gen5bw|
|gen|9
|tier|[Gen 9] OU
|rule|HP Percentage Mod: HP is shown in percentages
|rule|Endless Battle Clause: Forcing endless battles is banned
|rule|Species Clause: Limit one of each Pokémon
|rule|OHKO Clause: OHKO moves are banned
|rule|Evasion Items Clause: Evasion items are banned
|rule|Evasion Moves Clause: Evasion moves are banned
|rule|Evasion Abilities Clause: Evasion abilities are banned
|rule|Sleep Moves Clause: Sleep-inducing moves are banned
|clearpoke
|poke|p1|Blaziken, F|
|poke|p1|Iron Boulder|
|poke|p1|Iron Hands|
|poke|p1|Kingambit, M|
|poke|p1|Hatterene, F|
|poke|p1|Weavile, F|
|poke|p2|Ursaluna, M|
|poke|p2|Porygon2|
|poke|p2|Pawmot, M|
|poke|p2|Iron Hands|
|poke|p2|Arboliva, F|
|poke|p2|Kingambit, M|
|teampreview
|inactive|Battle timer is ON: inactive players will automatically lose when time's up. (requested by cryrob9909)
|inactive|jsmikelol also wants the timer to be on.
|
|t:|1779582622
|teamsize|p1|6
|teamsize|p2|6
|start
|switch|p1a: Big Man|Iron Boulder|100/100
|switch|p2a: Maxpower Smokey|Ursaluna, M, shiny|100/100
|-enditem|p1a: Big Man|Booster Energy
|-activate|p1a: Big Man|ability: Quark Drive|[fromitem]
|-start|p1a: Big Man|quarkdrivespe
|turn|1
|
|t:|1779582630
|move|p1a: Big Man|Close Combat|p2a: Maxpower Smokey
|-supereffective|p2a: Maxpower Smokey
|-damage|p2a: Maxpower Smokey|51/100
|-unboost|p1a: Big Man|def|1
|-unboost|p1a: Big Man|spd|1
|move|p2a: Maxpower Smokey|Earthquake|p1a: Big Man
|-supereffective|p1a: Big Man
|-damage|p1a: Big Man|0 fnt
|faint|p1a: Big Man
|-end|p1a: Big Man|Quark Drive|[silent]
|
|-status|p2a: Maxpower Smokey|brn|[from] item: Flame Orb
|upkeep
|
|t:|1779582644
|switch|p1a: One Punch|Iron Hands, shiny|100/100
|-enditem|p1a: One Punch|Booster Energy
|-activate|p1a: One Punch|ability: Quark Drive|[fromitem]
|-start|p1a: One Punch|quarkdriveatk
|turn|2
|
|t:|1779582652
|-terastallize|p2a: Maxpower Smokey|Ghost
|move|p1a: One Punch|Ice Punch|p2a: Maxpower Smokey
|-damage|p2a: Maxpower Smokey|28/100 brn
|move|p2a: Maxpower Smokey|Earthquake|p1a: One Punch
|-supereffective|p1a: One Punch
|-damage|p1a: One Punch|0 fnt
|faint|p1a: One Punch
|-end|p1a: One Punch|Quark Drive|[silent]
|
|-damage|p2a: Maxpower Smokey|22/100 brn|[from] brn
|upkeep
|
|t:|1779582666
|switch|p1a: Iced Out|Weavile, F, shiny|100/100
|-ability|p1a: Iced Out|Pressure
|turn|3
|
|t:|1779582676
|switch|p2a: Iron Goat|Iron Hands, shiny|100/100
|-enditem|p2a: Iron Goat|Booster Energy
|-activate|p2a: Iron Goat|ability: Quark Drive|[fromitem]
|-start|p2a: Iron Goat|quarkdriveatk
|move|p1a: Iced Out|Knock Off|p2a: Iron Goat
|-resisted|p2a: Iron Goat
|-damage|p2a: Iron Goat|91/100
|
|upkeep
|turn|4
|
|t:|1779582696
|move|p1a: Iced Out|Triple Axel|p2a: Iron Goat
|-damage|p2a: Iron Goat|84/100
|-damage|p2a: Iron Goat|72/100
|-damage|p2a: Iron Goat|54/100
|-hitcount|p2a: Iron Goat|3
|move|p2a: Iron Goat|Heavy Slam|p1a: Iced Out
|-supereffective|p1a: Iced Out
|-damage|p1a: Iced Out|0 fnt
|faint|p1a: Iced Out
|
|upkeep
|
|t:|1779582705
|switch|p1a: Familiar Face|Hatterene, F|100/100
|turn|5
|
|t:|1779582714
|move|p2a: Iron Goat|Heavy Slam|p1a: Familiar Face
|-supereffective|p1a: Familiar Face
|-damage|p1a: Familiar Face|0 fnt
|faint|p1a: Familiar Face
|
|upkeep
|
|t:|1779582723
|switch|p1a: King|Kingambit, M|100/100
|-activate|p1a: King|ability: Supreme Overlord
|-start|p1a: King|fallen4|[silent]
|turn|6
|
|t:|1779582728
|move|p1a: King|Low Kick|p2a: Iron Goat
|-damage|p2a: Iron Goat|14/100
|move|p2a: Iron Goat|Drain Punch|p1a: King
|-supereffective|p1a: King
|-damage|p1a: King|0 fnt
|-heal|p2a: Iron Goat|53/100|[from] drain|[of] p1a: King
|-damage|p2a: Iron Goat|36/100|[from] item: Rocky Helmet|[of] p1a: King
|faint|p1a: King
|-end|p1a: King|fallen4|[silent]
|
|upkeep
|
|t:|1779582737
|switch|p1a: Tori|Blaziken, F, shiny|100/100
|turn|7
|
|t:|1779582746
|-terastallize|p1a: Tori|Flying
|move|p1a: Tori|Close Combat|p2a: Iron Goat
|-damage|p2a: Iron Goat|0 fnt
|-unboost|p1a: Tori|def|1
|-unboost|p1a: Tori|spd|1
|faint|p2a: Iron Goat
|-end|p2a: Iron Goat|Quark Drive|[silent]
|
|-ability|p1a: Tori|Speed Boost|boost
|-boost|p1a: Tori|spe|1
|upkeep
|
|t:|1779582755
|switch|p2a: Domain expansion|Porygon2, shiny|100/100
|-ability|p2a: Domain expansion|Download|boost
|-boost|p2a: Domain expansion|spa|1
|turn|8
|
|t:|1779582761
|move|p1a: Tori|Close Combat|p2a: Domain expansion
|-supereffective|p2a: Domain expansion
|-damage|p2a: Domain expansion|21/100
|-unboost|p1a: Tori|def|1
|-unboost|p1a: Tori|spd|1
|move|p2a: Domain expansion|Shadow Ball|p1a: Tori
|-damage|p1a: Tori|9/100
|
|-ability|p1a: Tori|Speed Boost|boost
|-boost|p1a: Tori|spe|1
|upkeep
|turn|9
|
|t:|1779582772
|move|p1a: Tori|Close Combat|p2a: Domain expansion
|-supereffective|p2a: Domain expansion
|-damage|p2a: Domain expansion|0 fnt
|-unboost|p1a: Tori|def|1
|-unboost|p1a: Tori|spd|1
|faint|p2a: Domain expansion
|
|-ability|p1a: Tori|Speed Boost|boost
|-boost|p1a: Tori|spe|1
|upkeep
|
|t:|1779582780
|switch|p2a: King Gamble|Kingambit, M|100/100
|-activate|p2a: King Gamble|ability: Supreme Overlord
|-start|p2a: King Gamble|fallen2|[silent]
|turn|10
|
|t:|1779582785
|move|p2a: King Gamble|Sucker Punch|p1a: Tori
|-damage|p1a: Tori|0 fnt
|faint|p1a: Tori
|
|win|cryrob9909
|c|☆cryrob9909|ez
|l|☆jsmikelol
|player|p1|
