|j|☆Psyduck is stupid
|j|☆dropafreezedry
|t:|1779558779
|gametype|singles
|player|p1|Psyduck is stupid|266|1220
|player|p2|dropafreezedry|palmer|1256
|gen|9
|tier|[Gen 9] OU
|rated|
|rule|HP Percentage Mod: HP is shown in percentages
|rule|Endless Battle Clause: Forcing endless battles is banned
|rule|Species Clause: Limit one of each Pokémon
|rule|OHKO Clause: OHKO moves are banned
|rule|Evasion Items Clause: Evasion items are banned
|rule|Evasion Moves Clause: Evasion moves are banned
|rule|Evasion Abilities Clause: Evasion abilities are banned
|rule|Sleep Moves Clause: Sleep-inducing moves are banned
|clearpoke
|poke|p1|Trevenant, M|
|poke|p1|Slowking-Galar, F|
|poke|p1|Porygon2|
|poke|p1|Snorlax, M|
|poke|p1|Torkoal, M|
|poke|p1|Forretress, F|
|poke|p2|Glaceon, F|
|poke|p2|Ninetales-Alola, F|
|poke|p2|Basculegion-F, F|
|poke|p2|Ogerpon-Wellspring, F|
|poke|p2|Iron Treads|
|poke|p2|Weavile, F|
|teampreview
|inactive|Battle timer is ON: inactive players will automatically lose when time's up. (requested by dropafreezedry)
|
|t:|1779558794
|teamsize|p1|6
|teamsize|p2|6
|start
|switch|p1a: Useless turtle|Torkoal, M|100/100
|switch|p2a: Basculegion|Basculegion-F, F|100/100
|-weather|SunnyDay|[from] ability: Drought|[of] p1a: Useless turtle
|turn|1
|
|t:|1779558801
|move|p2a: Basculegion|Flip Turn|p1a: Useless turtle
|-supereffective|p1a: Useless turtle
|-damage|p1a: Useless turtle|81/100
|
|t:|1779558803
|switch|p2a: Ninetales|Ninetales-Alola, F|100/100|[from] Flip Turn
|-weather|Snowscape|[from] ability: Snow Warning|[of] p2a: Ninetales
|move|p1a: Useless turtle|Solar Beam||[still]
|-prepare|p1a: Useless turtle|Solar Beam
|
|-weather|Snowscape|[upkeep]
|upkeep
|turn|2
|
|t:|1779558806
|move|p2a: Ninetales|Aurora Veil|p2a: Ninetales
|-sidestart|p2: dropafreezedry|move: Aurora Veil
|move|p1a: Useless turtle|Solar Beam|p2a: Ninetales|[from] lockedmove
|-crit|p2a: Ninetales
|-damage|p2a: Ninetales|67/100
|-damage|p1a: Useless turtle|71/100|[from] item: Life Orb
|
|-weather|Snowscape|[upkeep]
|upkeep
|turn|3
|
|t:|1779558811
|move|p2a: Ninetales|Encore|p1a: Useless turtle
|-start|p1a: Useless turtle|Encore
|move|p1a: Useless turtle|Solar Beam||[still]
|-prepare|p1a: Useless turtle|Solar Beam
|
|-weather|Snowscape|[upkeep]
|upkeep
|turn|4
|
|t:|1779558815
|switch|p2a: Glaceon|Glaceon, F|100/100
|move|p1a: Useless turtle|Solar Beam|p2a: Glaceon|[from] lockedmove
|-damage|p2a: Glaceon|89/100
|-damage|p1a: Useless turtle|61/100|[from] item: Life Orb
|
|-weather|Snowscape|[upkeep]
|-heal|p2a: Glaceon|95/100|[from] ability: Ice Body
|upkeep
|turn|5
|
|t:|1779558821
|switch|p1a: Fat Blue Pikachu|Snorlax, M|100/100
|move|p2a: Glaceon|Shadow Ball|p1a: Fat Blue Pikachu
|-immune|p1a: Fat Blue Pikachu
|
|-weather|none
|upkeep
|turn|6
|
|t:|1779558827
|switch|p2a: Weavile|Weavile, F|100/100
|-ability|p2a: Weavile|Pressure
|move|p1a: Fat Blue Pikachu|Body Slam|p2a: Weavile
|-damage|p2a: Weavile|64/100
|
|upkeep
|turn|7
|
|t:|1779558830
|move|p2a: Weavile|Low Kick|p1a: Fat Blue Pikachu
|-supereffective|p1a: Fat Blue Pikachu
|-damage|p1a: Fat Blue Pikachu|39/100
|move|p1a: Fat Blue Pikachu|Hammer Arm|p2a: Weavile
|-supereffective|p2a: Weavile
|-damage|p2a: Weavile|0 fnt
|-unboost|p1a: Fat Blue Pikachu|spe|1
|faint|p2a: Weavile
|
|upkeep
|
|t:|1779558839
|switch|p2a: Basculegion|Basculegion-F, F|100/100
|turn|8
|
|t:|1779558846
|switch|p1a: Psyduck Gigamax|Porygon2|100/100
|-ability|p1a: Psyduck Gigamax|Download|boost
|-boost|p1a: Psyduck Gigamax|atk|1
|move|p2a: Basculegion|Surf|p1a: Psyduck Gigamax
|-damage|p1a: Psyduck Gigamax|61/100
|
|upkeep
|turn|9
|
|t:|1779558850
|switch|p2a: Iron Treads|Iron Treads|100/100
|-enditem|p2a: Iron Treads|Booster Energy
|-activate|p2a: Iron Treads|ability: Quark Drive|[fromitem]
|-start|p2a: Iron Treads|quarkdriveatk
|move|p1a: Psyduck Gigamax|Trick Room|p1a: Psyduck Gigamax
|-fieldstart|move: Trick Room|[of] p1a: Psyduck Gigamax
|
|-sideend|p2: dropafreezedry|move: Aurora Veil
|upkeep
|turn|10
|
|t:|1779558855
|move|p1a: Psyduck Gigamax|Ice Beam|p2a: Iron Treads
|-damage|p2a: Iron Treads|56/100
|move|p2a: Iron Treads|Earthquake|p1a: Psyduck Gigamax
|-damage|p1a: Psyduck Gigamax|19/100
|
|upkeep
|turn|11
|
|t:|1779558861
|-terastallize|p1a: Psyduck Gigamax|Ghost
|move|p1a: Psyduck Gigamax|Shadow Ball|p2a: Iron Treads
|-damage|p2a: Iron Treads|2/100
|move|p2a: Iron Treads|Earthquake|p1a: Psyduck Gigamax
|-damage|p1a: Psyduck Gigamax|0 fnt
|faint|p1a: Psyduck Gigamax
|
|upkeep
|
|t:|1779558867
|switch|p1a: Fat Blue Pikachu|Snorlax, M|39/100
|turn|12
|
|t:|1779558874
|move|p1a: Fat Blue Pikachu|Ice Punch|p2a: Iron Treads
|-damage|p2a: Iron Treads|0 fnt
|faint|p2a: Iron Treads
|-end|p2a: Iron Treads|Quark Drive|[silent]
|
|upkeep
|
|t:|1779558878
|switch|p2a: Basculegion|Basculegion-F, F|100/100
|turn|13
|
|t:|1779558881
|move|p1a: Fat Blue Pikachu|Supercell Slam|p2a: Basculegion
|-supereffective|p2a: Basculegion
|-damage|p2a: Basculegion|9/100
|move|p2a: Basculegion|Surf|p1a: Fat Blue Pikachu
|-damage|p1a: Fat Blue Pikachu|14/100
|
|-fieldend|move: Trick Room
|upkeep
|turn|14
|
|t:|1779558887
|move|p2a: Basculegion|Surf|p1a: Fat Blue Pikachu
|-damage|p1a: Fat Blue Pikachu|0 fnt
|faint|p1a: Fat Blue Pikachu
|
|upkeep
|
|t:|1779558891
|switch|p1a: Not Psyduck|Trevenant, M|100/100
|turn|15
|
|t:|1779558897
|switch|p2a: Ninetales|Ninetales-Alola, F|67/100
|-weather|Snowscape|[from] ability: Snow Warning|[of] p2a: Ninetales
|move|p1a: Not Psyduck|Sucker Punch||[still]
|-fail|p1a: Not Psyduck
|
|-weather|Snowscape|[upkeep]
|upkeep
|turn|16
|
|t:|1779558909
|switch|p1a: Tomato with eyes|Forretress, F|100/100
|move|p2a: Ninetales|Aurora Veil|p2a: Ninetales
|-sidestart|p2: dropafreezedry|move: Aurora Veil
|
|-weather|Snowscape|[upkeep]
|upkeep
|turn|17
|
|t:|1779558914
|switch|p2a: Glaceon|Glaceon, F|95/100
|move|p1a: Tomato with eyes|Stealth Rock|p2a: Glaceon
|-sidestart|p2: dropafreezedry|move: Stealth Rock
|
|-weather|Snowscape|[upkeep]
|-heal|p2a: Glaceon|100/100|[from] ability: Ice Body
|upkeep
|turn|18
|
|t:|1779558919
|move|p2a: Glaceon|Blizzard|p1a: Tomato with eyes
|-resisted|p1a: Tomato with eyes
|-ability|p1a: Tomato with eyes|Sturdy
|-damage|p1a: Tomato with eyes|1/100
|move|p1a: Tomato with eyes|Toxic Spikes|p2a: Glaceon
|-sidestart|p2: dropafreezedry|move: Toxic Spikes
|
|-weather|Snowscape|[upkeep]
|upkeep
|turn|19
|-enditem|p1a: Tomato with eyes|Custap Berry|[eat]
|-activate|p1a: Tomato with eyes|item: Custap Berry|[consumed]
|
|t:|1779558926
|move|p1a: Tomato with eyes|Explosion|p2a: Glaceon
|-damage|p2a: Glaceon|78/100
|faint|p1a: Tomato with eyes
|move|p2a: Glaceon|Blizzard|p1: Tomato with eyes|[notarget]
|-fail|p2a: Glaceon
|
|-weather|none
|upkeep
|
|t:|1779558931
|switch|p1a: Clefable with hat|Slowking-Galar, F|100/100
|turn|20
|
|t:|1779558934
|move|p2a: Glaceon|Blizzard|p1a: Clefable with hat|[miss]
|-miss|p2a: Glaceon|p1a: Clefable with hat
|move|p1a: Clefable with hat|Trick Room|p1a: Clefable with hat
|-fieldstart|move: Trick Room|[of] p1a: Clefable with hat
|
|upkeep
|turn|21
|
|t:|1779558937
|move|p1a: Clefable with hat|Flamethrower|p2a: Glaceon
|-supereffective|p2a: Glaceon
|-damage|p2a: Glaceon|34/100
|-damage|p1a: Clefable with hat|91/100|[from] item: Life Orb
|move|p2a: Glaceon|Blizzard|p1a: Clefable with hat
|-damage|p1a: Clefable with hat|13/100
|
|upkeep
|turn|22
|
|t:|1779558943
|move|p1a: Clefable with hat|Flamethrower|p2a: Glaceon
|-supereffective|p2a: Glaceon
|-damage|p2a: Glaceon|0 fnt
|faint|p2a: Glaceon
|-damage|p1a: Clefable with hat|4/100|[from] item: Life Orb
|
|upkeep
|
|t:|1779558948
|switch|p2a: Basculegion|Basculegion-F, F|9/100
|-damage|p2a: Basculegion|0 fnt|[from] Stealth Rock
|faint|p2a: Basculegion
|
|t:|1779558956
|switch|p2a: Ninetales|Ninetales-Alola, F|67/100
|-damage|p2a: Ninetales|42/100|[from] Stealth Rock
|-status|p2a: Ninetales|psn
|-weather|Snowscape|[from] ability: Snow Warning|[of] p2a: Ninetales
|turn|23
|
|t:|1779558960
|move|p1a: Clefable with hat|Flamethrower|p2a: Ninetales
|-supereffective|p2a: Ninetales
|-damage|p2a: Ninetales|5/100 psn
|-damage|p1a: Clefable with hat|0 fnt|[from] item: Life Orb
|faint|p1a: Clefable with hat
|move|p2a: Ninetales|Freeze-Dry|p1: Clefable with hat|[notarget]
|-fail|p2a: Ninetales
|
|-weather|Snowscape|[upkeep]
|-damage|p2a: Ninetales|0 fnt|[from] psn
|faint|p2a: Ninetales
|-sideend|p2: dropafreezedry|move: Aurora Veil
|upkeep
|
|t:|1779558963
|switch|p1a: Not Psyduck|Trevenant, M|100/100
|switch|p2a: Ogerpon|Ogerpon-Wellspring, F|100/100
|-damage|p2a: Ogerpon|88/100|[from] Stealth Rock
|-status|p2a: Ogerpon|psn
|turn|24
|
|t:|1779558968
|move|p2a: Ogerpon|U-turn|p1a: Not Psyduck
|-damage|p1a: Not Psyduck|70/100
|move|p1a: Not Psyduck|Trick Room|p1a: Not Psyduck
|-fieldend|move: Trick Room
|
|-weather|Snowscape|[upkeep]
|-damage|p2a: Ogerpon|76/100 psn|[from] psn
|upkeep
|turn|25
|
|t:|1779558974
|-terastallize|p2a: Ogerpon|Water
|detailschange|p2a: Ogerpon|Ogerpon-Wellspring-Tera, F, tera:Water
|-ability|p2a: Ogerpon|Embody Aspect (Wellspring)|boost
|-boost|p2a: Ogerpon|spd|1
|move|p2a: Ogerpon|Ivy Cudgel|p1a: Not Psyduck|[anim] Ivy Cudgel Water
|-resisted|p1a: Not Psyduck
|-damage|p1a: Not Psyduck|21/100
|move|p1a: Not Psyduck|Wood Hammer|p2a: Ogerpon
|-supereffective|p2a: Ogerpon
|-damage|p2a: Ogerpon|0 fnt
|faint|p2a: Ogerpon
|detailschange|p2: Ogerpon|Ogerpon-Wellspring, F|[silent]
|-damage|p1a: Not Psyduck|1/100|[from] Recoil
|-damage|p1a: Not Psyduck|0 fnt|[from] item: Life Orb
|faint|p1a: Not Psyduck
|
|win|Psyduck is stupid
|raw|Psyduck is stupid's rating: 1220 &rarr; <strong>1248</strong><br />(+28 for winning)
|raw|dropafreezedry's rating: 1256 &rarr; <strong>1228</strong><br />(-28 for losing)
|l|☆dropafreezedry
|player|p2|
|l|☆Psyduck is stupid
|player|p1|
