|j|☆Pelogrulla72
|j|☆MisterL47
|t:|1779713385
|gametype|singles
|player|p1|Pelogrulla72|erika|1119
|player|p2|MisterL47|veteran|1104
|gen|9
|tier|[Gen 9] OU
|rated|
|rule|HP Percentage Mod: HP is shown in percentages
|rule|Endless Battle Clause: Forcing endless battles is banned
|rule|Species Clause: Limit one of each Pokémon
|rule|OHKO Clause: OHKO moves are banned
|rule|Evasion Items Clause: Evasion items are banned
|rule|Evasion Moves Clause: Evasion moves are banned
|rule|Evasion Abilities Clause: Evasion abilities are banned
|rule|Sleep Moves Clause: Sleep-inducing moves are banned
|clearpoke
|poke|p1|Tyranitar, F|
|poke|p1|Arcanine-Hisui, M|
|poke|p1|Gallade, M|
|poke|p1|Pawmot, F|
|poke|p1|Typhlosion-Hisui, F|
|poke|p1|Corviknight, M|
|poke|p2|Garganacl, M|
|poke|p2|Gliscor, M|
|poke|p2|Mabosstiff, M|
|poke|p2|Serperior, F|
|poke|p2|Ceruledge, F|
|poke|p2|Lokix, F|
|teampreview
|
|t:|1779713395
|teamsize|p1|6
|teamsize|p2|6
|start
|switch|p1a: Bro its a woman|Tyranitar, F, shiny|100/100
|switch|p2a: Big boss|Mabosstiff, M|100/100
|-weather|Sandstorm|[from] ability: Sand Stream|[of] p1a: Bro its a woman
|turn|1
|inactive|Battle timer is ON: inactive players will automatically lose when time's up. (requested by Pelogrulla72)
|
|t:|1779713407
|move|p2a: Big boss|Jaw Lock|p1a: Bro its a woman
|-resisted|p1a: Bro its a woman
|-damage|p1a: Bro its a woman|86/100
|-activate|p2a: Big boss|trapped
|-activate|p1a: Bro its a woman|trapped
|move|p1a: Bro its a woman|Dragon Dance|p1a: Bro its a woman
|-boost|p1a: Bro its a woman|atk|1
|-boost|p1a: Bro its a woman|spe|1
|
|-weather|Sandstorm|[upkeep]
|-damage|p2a: Big boss|94/100|[from] Sandstorm
|upkeep
|turn|2
|
|t:|1779713419
|move|p1a: Bro its a woman|Dragon Dance|p1a: Bro its a woman
|-boost|p1a: Bro its a woman|atk|1
|-boost|p1a: Bro its a woman|spe|1
|move|p2a: Big boss|Comeuppance||[still]
|-fail|p2a: Big boss
|
|-weather|Sandstorm|[upkeep]
|-damage|p2a: Big boss|88/100|[from] Sandstorm
|upkeep
|turn|3
|
|t:|1779713427
|move|p1a: Bro its a woman|Stone Edge|p2a: Big boss
|-damage|p2a: Big boss|0 fnt
|faint|p2a: Big boss
|
|-weather|Sandstorm|[upkeep]
|upkeep
|
|t:|1779713434
|switch|p2a: Lokix|Lokix, F|100/100
|turn|4
|
|t:|1779713438
|move|p2a: Lokix|First Impression|p1a: Bro its a woman
|-supereffective|p1a: Bro its a woman
|-damage|p1a: Bro its a woman|18/100
|-enditem|p1a: Bro its a woman|Weakness Policy
|-boost|p1a: Bro its a woman|atk|2|[from] item: Weakness Policy
|-boost|p1a: Bro its a woman|spa|2|[from] item: Weakness Policy
|move|p1a: Bro its a woman|Stone Edge|p2a: Lokix
|-supereffective|p2a: Lokix
|-damage|p2a: Lokix|0 fnt
|faint|p2a: Lokix
|
|-weather|Sandstorm|[upkeep]
|upkeep
|
|t:|1779713460
|switch|p2a: Garganacl|Garganacl, M|100/100
|turn|5
|
|t:|1779713470
|move|p1a: Bro its a woman|Stone Edge|p2a: Garganacl
|-damage|p2a: Garganacl|5/100
|move|p2a: Garganacl|Body Press|p1a: Bro its a woman
|-supereffective|p1a: Bro its a woman
|-damage|p1a: Bro its a woman|0 fnt
|faint|p1a: Bro its a woman
|
|-weather|none
|upkeep
|
|t:|1779713478
|switch|p1a: Miriam|Pawmot, F, shiny|100/100
|turn|6
|
|t:|1779713487
|move|p1a: Miriam|Ice Punch|p2a: Garganacl
|-damage|p2a: Garganacl|0 fnt
|faint|p2a: Garganacl
|
|upkeep
|
|t:|1779713495
|switch|p2a: Gliscor|Gliscor, M|100/100
|turn|7
|
|t:|1779713499
|move|p1a: Miriam|Revival Blessing|p1a: Miriam
|-enditem|p1a: Miriam|Leppa Berry|[eat]
|-activate|p1a: Miriam|item: Leppa Berry|Revival Blessing|[consumed]
|
|t:|1779713502
|-heal|p1: Bro its a woman|50/100|[from] move: Revival Blessing
|move|p2a: Gliscor|Earthquake|p1a: Miriam
|-supereffective|p1a: Miriam
|-damage|p1a: Miriam|0 fnt
|faint|p1a: Miriam
|
|-status|p2a: Gliscor|tox|[from] item: Toxic Orb
|upkeep
|
|t:|1779713509
|switch|p1a: Bro its a woman|Tyranitar, F, shiny|50/100
|-weather|Sandstorm|[from] ability: Sand Stream|[of] p1a: Bro its a woman
|turn|8
|
|t:|1779713516
|move|p2a: Gliscor|Earthquake|p1a: Bro its a woman
|-supereffective|p1a: Bro its a woman
|-damage|p1a: Bro its a woman|0 fnt
|faint|p1a: Bro its a woman
|
|-weather|Sandstorm|[upkeep]
|upkeep
|
|t:|1779713525
|switch|p1a: Limón|Arcanine-Hisui, M, shiny|100/100
|turn|9
|
|t:|1779713536
|-terastallize|p1a: Limón|Normal
|move|p1a: Limón|Double-Edge|p2a: Gliscor
|-damage|p2a: Gliscor|35/100 tox
|-damage|p1a: Limón|91/100|[from] item: Life Orb
|move|p2a: Gliscor|Earthquake|p1a: Limón
|-damage|p1a: Limón|43/100
|
|-weather|Sandstorm|[upkeep]
|-damage|p1a: Limón|36/100|[from] Sandstorm
|-heal|p2a: Gliscor|47/100 tox|[from] ability: Poison Heal
|upkeep
|turn|10
|
|t:|1779713549
|move|p2a: Gliscor|Protect|p2a: Gliscor
|-singleturn|p2a: Gliscor|Protect
|move|p1a: Limón|Flare Blitz|p2a: Gliscor
|-activate|p2a: Gliscor|move: Protect
|
|-weather|Sandstorm|[upkeep]
|-damage|p1a: Limón|30/100|[from] Sandstorm
|-heal|p2a: Gliscor|60/100 tox|[from] ability: Poison Heal
|upkeep
|turn|11
|
|t:|1779713563
|move|p1a: Limón|Flare Blitz|p2a: Gliscor
|-damage|p2a: Gliscor|0 fnt
|faint|p2a: Gliscor
|-damage|p1a: Limón|20/100|[from] item: Life Orb
|
|-weather|Sandstorm|[upkeep]
|-damage|p1a: Limón|14/100|[from] Sandstorm
|upkeep
|
|t:|1779713576
|switch|p2a: Ceruledge|Ceruledge, F|100/100
|turn|12
|
|t:|1779713584
|move|p2a: Ceruledge|Protect|p2a: Ceruledge
|-singleturn|p2a: Ceruledge|Protect
|move|p1a: Limón|Head Smash|p2a: Ceruledge
|-activate|p2a: Ceruledge|move: Protect
|
|-weather|none
|upkeep
|turn|13
|
|t:|1779713595
|move|p1a: Limón|Head Smash|p2a: Ceruledge
|-supereffective|p2a: Ceruledge
|-damage|p2a: Ceruledge|0 fnt
|faint|p2a: Ceruledge
|-damage|p1a: Limón|4/100|[from] item: Life Orb
|
|upkeep
|-message|MisterL47 forfeited.
|
|win|Pelogrulla72
|raw|Pelogrulla72's rating: 1119 &rarr; <strong>1143</strong><br />(+24 for winning)
|raw|MisterL47's rating: 1104 &rarr; <strong>1080</strong><br />(-24 for losing)
|l|☆MisterL47
|player|p2|
|l|☆Pelogrulla72
|player|p1|
