|j|☆dudemf33
|j|☆she's my winona
|t:|1779557512
|gametype|singles
|player|p1|dudemf33|scientist-gen4dp|1305
|player|p2|she's my winona|palmer|1327
|gen|9
|tier|[Gen 9] OU
|rated|
|rule|HP Percentage Mod: HP is shown in percentages
|rule|Endless Battle Clause: Forcing endless battles is banned
|rule|Species Clause: Limit one of each Pokémon
|rule|OHKO Clause: OHKO moves are banned
|rule|Evasion Items Clause: Evasion items are banned
|rule|Evasion Moves Clause: Evasion moves are banned
|rule|Evasion Abilities Clause: Evasion abilities are banned
|rule|Sleep Moves Clause: Sleep-inducing moves are banned
|clearpoke
|poke|p1|Electivire, F|
|poke|p1|Rillaboom, M|
|poke|p1|Kingambit, F|
|poke|p1|Alomomola, F|
|poke|p1|Moltres|
|poke|p1|Iron Treads|
|poke|p2|Pelipper, M|
|poke|p2|Raging Bolt|
|poke|p2|Overqwil, F|
|poke|p2|Barraskewda, M|
|poke|p2|Iron Treads|
|poke|p2|Kingambit, M|
|teampreview
|
|t:|1779557519
|teamsize|p1|6
|teamsize|p2|6
|start
|switch|p1a: Electivire|Electivire, F|100/100
|switch|p2a: Pelipper|Pelipper, M|100/100
|-weather|RainDance|[from] ability: Drizzle|[of] p2a: Pelipper
|turn|1
|
|t:|1779557531
|-terastallize|p2a: Pelipper|Ground
|move|p1a: Electivire|Fire Punch|p2a: Pelipper
|-damage|p2a: Pelipper|90/100
|-status|p2a: Pelipper|brn
|move|p2a: Pelipper|Weather Ball|p1a: Electivire
|-damage|p1a: Electivire|39/100
|
|-weather|RainDance|[upkeep]
|-damage|p2a: Pelipper|84/100 brn|[from] brn
|upkeep
|turn|2
|
|t:|1779557542
|move|p1a: Electivire|Ice Punch|p2a: Pelipper
|-supereffective|p2a: Pelipper
|-damage|p2a: Pelipper|42/100 brn
|move|p2a: Pelipper|Weather Ball|p1a: Electivire
|-damage|p1a: Electivire|0 fnt
|faint|p1a: Electivire
|
|-weather|RainDance|[upkeep]
|-damage|p2a: Pelipper|36/100 brn|[from] brn
|upkeep
|
|t:|1779557549
|switch|p1a: Rillaboom|Rillaboom, M|100/100
|-fieldstart|move: Grassy Terrain|[from] ability: Grassy Surge|[of] p1a: Rillaboom
|turn|3
|
|t:|1779557558
|switch|p2a: Overqwil|Overqwil, F|100/100
|move|p1a: Rillaboom|Knock Off|p2a: Overqwil
|-resisted|p2a: Overqwil
|-damage|p2a: Overqwil|69/100
|-enditem|p2a: Overqwil|Life Orb|[from] move: Knock Off|[of] p1a: Rillaboom
|
|-weather|RainDance|[upkeep]
|-heal|p2a: Overqwil|75/100|[from] Grassy Terrain
|upkeep
|turn|4
|inactive|Battle timer is ON: inactive players will automatically lose when time's up. (requested by dudemf33)
|
|t:|1779557567
|switch|p1a: Alomomola|Alomomola, F|100/100
|move|p2a: Overqwil|Gunk Shot|p1a: Alomomola
|-damage|p1a: Alomomola|64/100
|
|-weather|RainDance|[upkeep]
|-heal|p2a: Overqwil|81/100|[from] Grassy Terrain
|-heal|p1a: Alomomola|70/100|[from] Grassy Terrain
|upkeep
|turn|5
|
|t:|1779557574
|move|p2a: Overqwil|Swords Dance|p2a: Overqwil
|-boost|p2a: Overqwil|atk|2
|move|p1a: Alomomola|Wish|p1a: Alomomola
|
|-weather|RainDance|[upkeep]
|-heal|p2a: Overqwil|87/100|[from] Grassy Terrain
|-heal|p1a: Alomomola|76/100|[from] Grassy Terrain
|upkeep
|turn|6
|
|t:|1779557581
|move|p2a: Overqwil|Crunch|p1a: Alomomola
|-crit|p1a: Alomomola
|-damage|p1a: Alomomola|5/100
|move|p1a: Alomomola|Flip Turn|p2a: Overqwil
|-damage|p2a: Overqwil|60/100
|
|t:|1779557591
|switch|p1a: Kingambit|Kingambit, F|100/100|[from] Flip Turn
|-activate|p1a: Kingambit|ability: Supreme Overlord
|-start|p1a: Kingambit|fallen1|[silent]
|
|-weather|RainDance|[upkeep]
|-heal|p2a: Overqwil|66/100|[from] Grassy Terrain
|upkeep
|turn|7
|
|t:|1779557599
|move|p2a: Overqwil|Liquidation|p1a: Kingambit
|-damage|p1a: Kingambit|36/100
|move|p1a: Kingambit|Swords Dance|p1a: Kingambit
|-boost|p1a: Kingambit|atk|2
|
|-weather|RainDance|[upkeep]
|-heal|p2a: Overqwil|72/100|[from] Grassy Terrain
|-heal|p1a: Kingambit|42/100|[from] Grassy Terrain
|-heal|p1a: Kingambit|48/100|[from] item: Leftovers
|-fieldend|move: Grassy Terrain
|upkeep
|turn|8
|
|t:|1779557608
|move|p1a: Kingambit|Sucker Punch|p2a: Overqwil
|-resisted|p2a: Overqwil
|-damage|p2a: Overqwil|23/100
|move|p2a: Overqwil|Liquidation|p1a: Kingambit
|-damage|p1a: Kingambit|0 fnt
|faint|p1a: Kingambit
|-end|p1a: Kingambit|fallen1|[silent]
|
|-weather|none
|upkeep
|
|t:|1779557613
|switch|p1a: Rillaboom|Rillaboom, M|100/100
|-fieldstart|move: Grassy Terrain|[from] ability: Grassy Surge|[of] p1a: Rillaboom
|turn|9
|
|t:|1779557619
|switch|p2a: Pelipper|Pelipper, M, tera:Ground|36/100 brn
|-weather|RainDance|[from] ability: Drizzle|[of] p2a: Pelipper
|move|p1a: Rillaboom|U-turn|p2a: Pelipper
|-damage|p2a: Pelipper|6/100 brn
|
|t:|1779557627
|switch|p1a: Alomomola|Alomomola, F|38/100|[from] U-turn
|
|-weather|RainDance|[upkeep]
|-heal|p2a: Pelipper|13/100 brn|[from] Grassy Terrain
|-heal|p1a: Alomomola|44/100|[from] Grassy Terrain
|-damage|p2a: Pelipper|6/100 brn|[from] brn
|upkeep
|turn|10
|
|t:|1779557649
|switch|p2a: Barraskewda|Barraskewda, M|100/100
|switch|p1a: Moltres|Moltres|100/100
|
|-weather|RainDance|[upkeep]
|upkeep
|turn|11
|
|t:|1779557659
|move|p2a: Barraskewda|Liquidation|p1a: Moltres
|-supereffective|p1a: Moltres
|-damage|p1a: Moltres|0 fnt
|faint|p1a: Moltres
|
|-weather|RainDance|[upkeep]
|upkeep
|
|t:|1779557668
|switch|p1a: Rillaboom|Rillaboom, M|100/100
|turn|12
|
|t:|1779557689
|move|p2a: Barraskewda|Liquidation|p1a: Rillaboom
|-resisted|p1a: Rillaboom
|-damage|p1a: Rillaboom|46/100
|move|p1a: Rillaboom|U-turn|p2a: Barraskewda
|-damage|p2a: Barraskewda|27/100
|
|t:|1779557695
|switch|p1a: Alomomola|Alomomola, F|78/100|[from] U-turn
|
|-weather|RainDance|[upkeep]
|-heal|p2a: Barraskewda|33/100|[from] Grassy Terrain
|-heal|p1a: Alomomola|84/100|[from] Grassy Terrain
|upkeep
|turn|13
|
|t:|1779557700
|move|p2a: Barraskewda|Liquidation|p1a: Alomomola
|-resisted|p1a: Alomomola
|-damage|p1a: Alomomola|56/100
|move|p1a: Alomomola|Wish|p1a: Alomomola
|
|-weather|RainDance|[upkeep]
|-heal|p2a: Barraskewda|39/100|[from] Grassy Terrain
|-heal|p1a: Alomomola|62/100|[from] Grassy Terrain
|-fieldend|move: Grassy Terrain
|upkeep
|turn|14
|
|t:|1779557708
|move|p2a: Barraskewda|Liquidation|p1a: Alomomola
|-resisted|p1a: Alomomola
|-damage|p1a: Alomomola|35/100
|move|p1a: Alomomola|Flip Turn|p2a: Barraskewda
|-resisted|p2a: Barraskewda
|-damage|p2a: Barraskewda|15/100
|
|t:|1779557714
|switch|p1a: Rillaboom|Rillaboom, M|46/100|[from] Flip Turn
|-fieldstart|move: Grassy Terrain|[from] ability: Grassy Surge|[of] p1a: Rillaboom
|
|-weather|RainDance|[upkeep]
|-heal|p1a: Rillaboom|100/100|[from] move: Wish|[wisher] Alomomola
|-heal|p2a: Barraskewda|21/100|[from] Grassy Terrain
|upkeep
|turn|15
|
|t:|1779557723
|switch|p2a: Kingambit|Kingambit, M|100/100
|move|p1a: Rillaboom|Grassy Glide|p2a: Kingambit
|-resisted|p2a: Kingambit
|-damage|p2a: Kingambit|79/100
|
|-weather|RainDance|[upkeep]
|-heal|p2a: Kingambit|85/100|[from] Grassy Terrain
|-heal|p2a: Kingambit|92/100|[from] item: Leftovers
|upkeep
|turn|16
|
|t:|1779557734
|switch|p1a: Iron Treads|Iron Treads|100/100
|move|p2a: Kingambit|Swords Dance|p2a: Kingambit
|-boost|p2a: Kingambit|atk|2
|
|-weather|none
|-heal|p2a: Kingambit|98/100|[from] Grassy Terrain
|-heal|p2a: Kingambit|100/100|[from] item: Leftovers
|upkeep
|turn|17
|
|t:|1779557745
|move|p1a: Iron Treads|Rapid Spin|p2a: Kingambit
|-resisted|p2a: Kingambit
|-damage|p2a: Kingambit|96/100
|-boost|p1a: Iron Treads|spe|1
|move|p2a: Kingambit|Swords Dance|p2a: Kingambit
|-boost|p2a: Kingambit|atk|2
|
|-heal|p2a: Kingambit|100/100|[from] Grassy Terrain
|upkeep
|turn|18
|
|t:|1779557754
|move|p1a: Iron Treads|Rapid Spin|p2a: Kingambit
|-resisted|p2a: Kingambit
|-damage|p2a: Kingambit|96/100
|-boost|p1a: Iron Treads|spe|1
|move|p2a: Kingambit|Kowtow Cleave|p1a: Iron Treads
|-damage|p1a: Iron Treads|0 fnt
|faint|p1a: Iron Treads
|-end|p1a: Iron Treads|Quark Drive|[silent]
|
|-heal|p2a: Kingambit|100/100|[from] Grassy Terrain
|-fieldend|move: Grassy Terrain
|upkeep
|
|t:|1779557762
|switch|p1a: Alomomola|Alomomola, F|69/100
|turn|19
|
|t:|1779557766
|move|p2a: Kingambit|Kowtow Cleave|p1a: Alomomola
|-damage|p1a: Alomomola|0 fnt
|faint|p1a: Alomomola
|
|upkeep
|-message|dudemf33 forfeited.
|
|win|she's my winona
|raw|dudemf33's rating: 1305 &rarr; <strong>1286</strong><br />(-19 for losing)
|raw|she&apos;s my winona's rating: 1327 &rarr; <strong>1346</strong><br />(+19 for winning)
|l|☆dudemf33
|player|p1|
