|j|☆Siroperation
|j|☆Hunter_of_Keys
|t:|1779663864
|gametype|singles
|player|p1|Siroperation|101|1482
|player|p2|Hunter_of_Keys|veteran|1621
|gen|9
|tier|[Gen 9] OU
|rated|
|rule|HP Percentage Mod: HP is shown in percentages
|rule|Endless Battle Clause: Forcing endless battles is banned
|rule|Species Clause: Limit one of each Pokémon
|rule|OHKO Clause: OHKO moves are banned
|rule|Evasion Items Clause: Evasion items are banned
|rule|Evasion Moves Clause: Evasion moves are banned
|rule|Evasion Abilities Clause: Evasion abilities are banned
|rule|Sleep Moves Clause: Sleep-inducing moves are banned
|clearpoke
|poke|p1|Bellibolt, M|
|poke|p1|Corviknight, M|
|poke|p1|Ting-Lu|
|poke|p1|Slowking-Galar, M|
|poke|p1|Keldeo-Resolute|
|poke|p1|Dragapult, F|
|poke|p2|Gallade, M|
|poke|p2|Armarouge, M|
|poke|p2|Indeedee, M|
|poke|p2|Cresselia, F|
|poke|p2|Rabsca, M|
|poke|p2|Braviary-Hisui, M|
|teampreview
|inactive|Battle timer is ON: inactive players will automatically lose when time's up. (requested by Hunter_of_Keys)
|
|t:|1779663877
|teamsize|p1|6
|teamsize|p2|6
|start
|switch|p1a: Ting-Lu|Ting-Lu|100/100
|switch|p2a: Indeedee|Indeedee, M|100/100
|-fieldstart|move: Psychic Terrain|[from] ability: Psychic Surge|[of] p2a: Indeedee
|-ability|p1a: Ting-Lu|Vessel of Ruin
|turn|1
|
|t:|1779663885
|switch|p2a: Gallade|Gallade, M|100/100
|move|p1a: Ting-Lu|Stealth Rock|p2a: Gallade
|-sidestart|p2: Hunter_of_Keys|move: Stealth Rock
|
|upkeep
|turn|2
|
|t:|1779663912
|move|p2a: Gallade|Psycho Cut|p1a: Ting-Lu
|-immune|p1a: Ting-Lu
|move|p1a: Ting-Lu|Earthquake|p2a: Gallade
|-damage|p2a: Gallade|30/100
|
|upkeep
|turn|3
|
|t:|1779663921
|switch|p2a: Armarouge|Armarouge, M|100/100
|-damage|p2a: Armarouge|75/100|[from] Stealth Rock
|move|p1a: Ting-Lu|Earthquake|p2a: Armarouge
|-supereffective|p2a: Armarouge
|-damage|p2a: Armarouge|0 fnt
|faint|p2a: Armarouge
|
|upkeep
|
|t:|1779663926
|switch|p2a: Gallade|Gallade, M|30/100
|-damage|p2a: Gallade|24/100|[from] Stealth Rock
|turn|4
|
|t:|1779663937
|switch|p1a: Slowking|Slowking-Galar, M|100/100
|move|p2a: Gallade|Sacred Sword|p1a: Slowking
|-resisted|p1a: Slowking
|-damage|p1a: Slowking|82/100
|
|upkeep
|turn|5
|
|t:|1779663944
|-terastallize|p2a: Gallade|Dark
|move|p2a: Gallade|Night Slash|p1a: Slowking
|-supereffective|p1a: Slowking
|-damage|p1a: Slowking|0 fnt
|faint|p1a: Slowking
|
|upkeep
|
|t:|1779663962
|switch|p1a: Dragapult|Dragapult, F|100/100
|turn|6
|
|t:|1779663969
|switch|p2a: Cresselia|Cresselia, F|100/100
|-damage|p2a: Cresselia|88/100|[from] Stealth Rock
|move|p1a: Dragapult|Dragon Darts|p2a: Cresselia
|-damage|p2a: Cresselia|76/100
|-anim|p1a: Dragapult|Dragon Darts|p2a: Cresselia
|-damage|p2a: Cresselia|64/100
|
|upkeep
|turn|7
|
|t:|1779663984
|move|p1a: Dragapult|Will-O-Wisp|p2a: Cresselia
|-status|p2a: Cresselia|brn
|move|p2a: Cresselia|Thunder Wave|p1a: Dragapult
|-status|p1a: Dragapult|par
|
|-damage|p2a: Cresselia|58/100 brn|[from] brn
|upkeep
|turn|8
|
|t:|1779663990
|cant|p1a: Dragapult|par
|move|p2a: Cresselia|Lunar Dance|p2a: Cresselia
|faint|p2a: Cresselia
|
|-fieldend|move: Psychic Terrain
|upkeep
|
|t:|1779663996
|switch|p2a: Gallade|Gallade, M, tera:Dark|24/100
|-heal|p2a: Gallade|100/100|[from] move: Lunar Dance
|-damage|p2a: Gallade|88/100|[from] Stealth Rock
|turn|9
|
|t:|1779664005
|move|p2a: Gallade|Night Slash|p1a: Dragapult
|-supereffective|p1a: Dragapult
|-crit|p1a: Dragapult
|-damage|p1a: Dragapult|0 fnt
|faint|p1a: Dragapult
|
|upkeep
|
|t:|1779664015
|switch|p1a: Keldeo|Keldeo-Resolute|100/100
|turn|10
|
|t:|1779664026
|switch|p2a: Indeedee|Indeedee, M|100/100
|-damage|p2a: Indeedee|88/100|[from] Stealth Rock
|-fieldstart|move: Psychic Terrain|[from] ability: Psychic Surge|[of] p2a: Indeedee
|move|p1a: Keldeo|Secret Sword|p2a: Indeedee
|-damage|p2a: Indeedee|0 fnt
|faint|p2a: Indeedee
|
|upkeep
|
|t:|1779664030
|switch|p2a: Braviary|Braviary-Hisui, M|100/100
|-damage|p2a: Braviary|75/100|[from] Stealth Rock
|-enditem|p2a: Braviary|Psychic Seed
|-boost|p2a: Braviary|spd|1|[from] item: Psychic Seed
|turn|11
|
|t:|1779664036
|switch|p1a: Bellibolt|Bellibolt, M|100/100
|move|p2a: Braviary|Defog|p1a: Bellibolt
|-unboost|p1a: Bellibolt|evasion|1
|-sideend|p2: Hunter_of_Keys|Stealth Rock|[from] move: Defog|[of] p2a: Braviary
|-fieldend|move: Psychic Terrain
|
|upkeep
|turn|12
|
|t:|1779664044
|move|p2a: Braviary|Psychic Noise|p1a: Bellibolt
|-damage|p1a: Bellibolt|82/100
|-start|p1a: Bellibolt|move: Heal Block
|move|p1a: Bellibolt|Volt Switch|p2a: Braviary
|-supereffective|p2a: Braviary
|-crit|p2a: Braviary
|-damage|p2a: Braviary|0 fnt
|faint|p2a: Braviary
|
|t:|1779664051
|switch|p1a: Corviknight|Corviknight, M|100/100|[from] Volt Switch
|-ability|p1a: Corviknight|Pressure
|
|upkeep
|
|t:|1779664054
|switch|p2a: Rabsca|Rabsca, M|100/100
|turn|13
|
|t:|1779664056
|move|p1a: Corviknight|Brave Bird|p2a: Rabsca
|-supereffective|p2a: Rabsca
|-damage|p2a: Rabsca|33/100
|-damage|p1a: Corviknight|81/100|[from] Recoil
|move|p2a: Rabsca|Speed Swap|p1a: Corviknight
|-activate|p2a: Rabsca|move: Speed Swap|[of] p1a: Corviknight
|
|-heal|p1a: Corviknight|87/100|[from] item: Leftovers
|upkeep
|turn|14
|
|t:|1779664062
|move|p2a: Rabsca|Revival Blessing|p2a: Rabsca
|-enditem|p2a: Rabsca|Leppa Berry|[eat]
|-activate|p2a: Rabsca|item: Leppa Berry|Revival Blessing|[consumed]
|
|t:|1779664076
|-heal|p2: Armarouge|50/100|[from] move: Revival Blessing
|move|p1a: Corviknight|Brave Bird|p2a: Rabsca
|-supereffective|p2a: Rabsca
|-damage|p2a: Rabsca|0 fnt
|faint|p2a: Rabsca
|-damage|p1a: Corviknight|77/100|[from] Recoil
|
|-heal|p1a: Corviknight|83/100|[from] item: Leftovers
|upkeep
|
|t:|1779664078
|switch|p2a: Armarouge|Armarouge, M|50/100
|turn|15
|
|t:|1779664102
|-terastallize|p1a: Corviknight|Dragon
|move|p2a: Armarouge|Endure|p2a: Armarouge
|-singleturn|p2a: Armarouge|move: Endure
|move|p1a: Corviknight|Brave Bird|p2a: Armarouge
|-damage|p2a: Armarouge|10/100
|-ability|p2a: Armarouge|Weak Armor|boost
|-unboost|p2a: Armarouge|def|1
|-boost|p2a: Armarouge|spe|2
|-damage|p1a: Corviknight|73/100|[from] Recoil
|
|-heal|p1a: Corviknight|79/100|[from] item: Leftovers
|upkeep
|turn|16
|
|t:|1779664113
|move|p2a: Armarouge|Destiny Bond|p2a: Armarouge
|-singlemove|p2a: Armarouge|Destiny Bond
|move|p1a: Corviknight|Brave Bird|p2a: Armarouge
|-damage|p2a: Armarouge|0 fnt
|faint|p2a: Armarouge
|-activate|p2a: Armarouge|move: Destiny Bond
|faint|p1a: Corviknight
|
|upkeep
|
|t:|1779664118
|switch|p2a: Gallade|Gallade, M, tera:Dark|88/100
|switch|p1a: Keldeo|Keldeo-Resolute|100/100
|turn|17
|
|t:|1779664121
|move|p1a: Keldeo|Secret Sword|p2a: Gallade
|-supereffective|p2a: Gallade
|-damage|p2a: Gallade|0 fnt
|faint|p2a: Gallade
|
|win|Siroperation
|raw|Siroperation's rating: 1482 &rarr; <strong>1510</strong><br />(+28 for winning)
|raw|Hunter_of_Keys's rating: 1621 &rarr; <strong>1593</strong><br />(-28 for losing)
|l|☆Siroperation
|player|p1|
|l|☆Hunter_of_Keys
|player|p2|
