|j|☆1331798aaa0
|j|☆Circe_336699
|t:|1779607774
|gametype|singles
|player|p1|1331798aaa0|dawn|1039
|player|p2|Circe_336699|iris-gen5bw2|1020
|gen|9
|tier|[Gen 9] OU
|rated|
|rule|HP Percentage Mod: HP is shown in percentages
|rule|Endless Battle Clause: Forcing endless battles is banned
|rule|Species Clause: Limit one of each Pokémon
|rule|OHKO Clause: OHKO moves are banned
|rule|Evasion Items Clause: Evasion items are banned
|rule|Evasion Moves Clause: Evasion moves are banned
|rule|Evasion Abilities Clause: Evasion abilities are banned
|rule|Sleep Moves Clause: Sleep-inducing moves are banned
|clearpoke
|poke|p1|Tyranitar, F|
|poke|p1|Great Tusk|
|poke|p1|Excadrill, F|
|poke|p1|Hippowdon, M|
|poke|p1|Garchomp, F|
|poke|p1|Ursaluna, F|
|poke|p2|Ceruledge, M|
|poke|p2|Gardevoir, F|
|poke|p2|Umbreon, F|
|poke|p2|Ting-Lu|
|poke|p2|Tinkaton, F|
|poke|p2|Milotic, M|
|teampreview
|inactive|Battle timer is ON: inactive players will automatically lose when time's up. (requested by 1331798aaa0)
|j| TheBergentruck1
|
|t:|1779607781
|teamsize|p1|6
|teamsize|p2|6
|start
|switch|p1a: Hippowdon|Hippowdon, M|100/100
|switch|p2a: Milotic|Milotic, M|100/100
|-weather|Sandstorm|[from] ability: Sand Stream|[of] p1a: Hippowdon
|turn|1
|l| TheBergentruck1
|
|t:|1779607792
|move|p2a: Milotic|Ice Beam|p1a: Hippowdon
|-supereffective|p1a: Hippowdon
|-damage|p1a: Hippowdon|32/100
|move|p1a: Hippowdon|Stealth Rock|p2a: Milotic
|-sidestart|p2: Circe_336699|move: Stealth Rock
|
|-weather|Sandstorm|[upkeep]
|-damage|p2a: Milotic|94/100|[from] Sandstorm
|upkeep
|turn|2
|
|t:|1779607799
|switch|p1a: Tyranitar|Tyranitar, F|100/100
|move|p2a: Milotic|Ice Beam|p1a: Tyranitar
|-damage|p1a: Tyranitar|86/100
|
|-weather|Sandstorm|[upkeep]
|-damage|p2a: Milotic|88/100|[from] Sandstorm
|upkeep
|turn|3
|
|t:|1779607808
|move|p2a: Milotic|Surf|p1a: Tyranitar
|-supereffective|p1a: Tyranitar
|-damage|p1a: Tyranitar|34/100
|-enditem|p1a: Tyranitar|Weakness Policy
|-boost|p1a: Tyranitar|atk|2|[from] item: Weakness Policy
|-boost|p1a: Tyranitar|spa|2|[from] item: Weakness Policy
|move|p1a: Tyranitar|Earthquake|p2a: Milotic
|-damage|p2a: Milotic|0 fnt
|faint|p2a: Milotic
|
|-weather|Sandstorm|[upkeep]
|upkeep
|
|t:|1779607821
|switch|p2a: Tinkaton|Tinkaton, F|100/100
|-ability|p2a: Tinkaton|Mold Breaker
|turn|4
|
|t:|1779607826
|move|p2a: Tinkaton|Flash Cannon|p1a: Tyranitar
|-supereffective|p1a: Tyranitar
|-damage|p1a: Tyranitar|12/100
|move|p1a: Tyranitar|Earthquake|p2a: Tinkaton
|-supereffective|p2a: Tinkaton
|-damage|p2a: Tinkaton|0 fnt
|faint|p2a: Tinkaton
|
|-weather|Sandstorm|[upkeep]
|upkeep
|
|t:|1779607838
|switch|p2a: Ting-Lu|Ting-Lu|100/100
|-damage|p2a: Ting-Lu|94/100|[from] Stealth Rock
|-ability|p2a: Ting-Lu|Vessel of Ruin
|turn|5
|
|t:|1779607845
|move|p1a: Tyranitar|Brick Break|p2a: Ting-Lu
|-supereffective|p2a: Ting-Lu
|-damage|p2a: Ting-Lu|43/100
|move|p2a: Ting-Lu|Earthquake|p1a: Tyranitar
|-supereffective|p1a: Tyranitar
|-damage|p1a: Tyranitar|0 fnt
|faint|p1a: Tyranitar
|
|-weather|Sandstorm|[upkeep]
|upkeep
|
|t:|1779607854
|switch|p1a: Great Tusk|Great Tusk|100/100
|-enditem|p1a: Great Tusk|Booster Energy
|-activate|p1a: Great Tusk|ability: Protosynthesis|[fromitem]
|-start|p1a: Great Tusk|protosynthesisatk
|turn|6
|
|t:|1779607873
|move|p1a: Great Tusk|Rapid Spin|p2a: Ting-Lu
|-damage|p2a: Ting-Lu|30/100
|-boost|p1a: Great Tusk|spe|1
|move|p2a: Ting-Lu|Heavy Slam|p1a: Great Tusk
|-damage|p1a: Great Tusk|89/100
|
|-weather|Sandstorm|[upkeep]
|upkeep
|turn|7
|
|t:|1779607881
|move|p1a: Great Tusk|Rapid Spin|p2a: Ting-Lu
|-damage|p2a: Ting-Lu|18/100
|-boost|p1a: Great Tusk|spe|1
|move|p2a: Ting-Lu|Earthquake|p1a: Great Tusk
|-crit|p1a: Great Tusk
|-damage|p1a: Great Tusk|48/100
|
|-weather|Sandstorm|[upkeep]
|upkeep
|turn|8
|
|t:|1779607888
|move|p1a: Great Tusk|Bulk Up|p1a: Great Tusk
|-boost|p1a: Great Tusk|atk|1
|-boost|p1a: Great Tusk|def|1
|move|p2a: Ting-Lu|Earthquake|p1a: Great Tusk
|-damage|p1a: Great Tusk|31/100
|
|-weather|none
|upkeep
|turn|9
|
|t:|1779607902
|move|p1a: Great Tusk|Bulk Up|p1a: Great Tusk
|-boost|p1a: Great Tusk|atk|1
|-boost|p1a: Great Tusk|def|1
|move|p2a: Ting-Lu|Earthquake|p1a: Great Tusk
|-damage|p1a: Great Tusk|17/100
|
|upkeep
|turn|10
|
|t:|1779607910
|move|p1a: Great Tusk|Earthquake|p2a: Ting-Lu
|-damage|p2a: Ting-Lu|0 fnt
|faint|p2a: Ting-Lu
|
|upkeep
|
|t:|1779607918
|switch|p2a: Gardevoir|Gardevoir, F|100/100
|turn|11
|
|t:|1779607926
|move|p1a: Great Tusk|Earthquake|p2a: Gardevoir
|-damage|p2a: Gardevoir|0 fnt
|faint|p2a: Gardevoir
|
|upkeep
|
|t:|1779607935
|switch|p2a: Umbreon|Umbreon, F|100/100
|-damage|p2a: Umbreon|88/100|[from] Stealth Rock
|turn|12
|
|t:|1779607941
|move|p1a: Great Tusk|Close Combat|p2a: Umbreon
|-supereffective|p2a: Umbreon
|-damage|p2a: Umbreon|0 fnt
|-unboost|p1a: Great Tusk|def|1
|-unboost|p1a: Great Tusk|spd|1
|-damage|p1a: Great Tusk|0 fnt|[from] item: Rocky Helmet|[of] p2a: Umbreon
|faint|p2a: Umbreon
|faint|p1a: Great Tusk
|-end|p1a: Great Tusk|Protosynthesis|[silent]
|
|upkeep
|
|t:|1779607950
|switch|p1a: Hippowdon|Hippowdon, M|32/100
|switch|p2a: Ceruledge|Ceruledge, M|100/100
|-damage|p2a: Ceruledge|76/100|[from] Stealth Rock
|-weather|Sandstorm|[from] ability: Sand Stream|[of] p1a: Hippowdon
|turn|13
|
|t:|1779607959
|move|p2a: Ceruledge|Shadow Claw|p1a: Hippowdon
|-damage|p1a: Hippowdon|0 fnt
|faint|p1a: Hippowdon
|-damage|p2a: Ceruledge|66/100|[from] item: Life Orb
|
|-weather|Sandstorm|[upkeep]
|-damage|p2a: Ceruledge|60/100|[from] Sandstorm
|upkeep
|
|t:|1779607966
|switch|p1a: Garchomp|Garchomp, F|100/100
|turn|14
|
|t:|1779607971
|move|p1a: Garchomp|Earthquake|p2a: Ceruledge
|-supereffective|p2a: Ceruledge
|-damage|p2a: Ceruledge|0 fnt
|faint|p2a: Ceruledge
|
|win|1331798aaa0
|raw|1331798aaa0's rating: 1039 &rarr; <strong>1071</strong><br />(+32 for winning)
|raw|Circe_336699's rating: 1020 &rarr; <strong>1008</strong><br />(-12 for losing)
|l|☆Circe_336699
|player|p2|
