|j|☆lousiv
|j|☆shun5412
|t:|1779693130
|gametype|singles
|player|p1|lousiv|ltsurge|1240
|player|p2|shun5412|az|1296
|gen|9
|tier|[Gen 9] OU
|rated|
|rule|HP Percentage Mod: HP is shown in percentages
|rule|Endless Battle Clause: Forcing endless battles is banned
|rule|Species Clause: Limit one of each Pokémon
|rule|OHKO Clause: OHKO moves are banned
|rule|Evasion Items Clause: Evasion items are banned
|rule|Evasion Moves Clause: Evasion moves are banned
|rule|Evasion Abilities Clause: Evasion abilities are banned
|rule|Sleep Moves Clause: Sleep-inducing moves are banned
|clearpoke
|poke|p1|Deoxys-Speed|
|poke|p1|Landorus-Therian, M|
|poke|p1|Primarina, M|
|poke|p1|Kingambit, F|
|poke|p1|Dragonite, M|
|poke|p1|Cinderace, M|
|poke|p2|Glimmora, M|
|poke|p2|Pelipper, M|
|poke|p2|Gholdengo|
|poke|p2|Grimmsnarl, M|
|poke|p2|Garganacl, M|
|poke|p2|Rotom-Mow|
|teampreview
|inactive|Battle timer is ON: inactive players will automatically lose when time's up. (requested by lousiv)
|
|t:|1779693137
|teamsize|p1|6
|teamsize|p2|6
|start
|switch|p1a: Landorus|Landorus-Therian, M|100/100
|switch|p2a: Rotom|Rotom-Mow|100/100
|-ability|p1a: Landorus|Intimidate|boost
|-unboost|p2a: Rotom|atk|1
|turn|1
|
|t:|1779693147
|move|p2a: Rotom|Trick|p1a: Landorus
|-activate|p2a: Rotom|move: Trick|[of] p1a: Landorus
|-item|p1a: Landorus|Choice Scarf|[from] move: Trick
|-item|p2a: Rotom|Rocky Helmet|[from] move: Trick
|move|p1a: Landorus|Stealth Rock|p2a: Rotom
|-sidestart|p2: shun5412|move: Stealth Rock
|
|upkeep
|turn|2
|
|t:|1779693156
|switch|p1a: Primarina|Primarina, M|100/100
|move|p2a: Rotom|Will-O-Wisp|p1a: Primarina
|-status|p1a: Primarina|brn
|
|-damage|p1a: Primarina|94/100 brn|[from] brn
|upkeep
|turn|3
|
|t:|1779693163
|move|p2a: Rotom|Leaf Storm|p1a: Primarina
|-supereffective|p1a: Primarina
|-damage|p1a: Primarina|49/100 brn
|-unboost|p2a: Rotom|spa|2
|move|p1a: Primarina|Flip Turn|p2a: Rotom
|-resisted|p2a: Rotom
|-damage|p2a: Rotom|97/100
|-damage|p1a: Primarina|33/100 brn|[from] item: Rocky Helmet|[of] p2a: Rotom
|
|t:|1779693168
|switch|p1a: Deoxys|Deoxys-Speed|100/100|[from] Flip Turn
|-ability|p1a: Deoxys|Pressure
|
|upkeep
|turn|4
|
|t:|1779693175
|move|p1a: Deoxys|Psycho Boost|p2a: Rotom
|-damage|p2a: Rotom|18/100
|-unboost|p1a: Deoxys|spa|2
|-damage|p1a: Deoxys|91/100|[from] item: Life Orb
|move|p2a: Rotom|Volt Switch|p1a: Deoxys
|-damage|p1a: Deoxys|71/100
|
|t:|1779693183
|switch|p2a: Garganacl|Garganacl, M|100/100|[from] Volt Switch
|-damage|p2a: Garganacl|88/100|[from] Stealth Rock
|
|-heal|p2a: Garganacl|94/100|[from] item: Leftovers
|upkeep
|turn|5
|
|t:|1779693189
|move|p1a: Deoxys|Superpower|p2a: Garganacl
|-supereffective|p2a: Garganacl
|-damage|p2a: Garganacl|40/100
|-unboost|p1a: Deoxys|atk|1
|-unboost|p1a: Deoxys|def|1
|-damage|p1a: Deoxys|61/100|[from] item: Life Orb
|move|p2a: Garganacl|Salt Cure|p1a: Deoxys
|-damage|p1a: Deoxys|27/100
|-start|p1a: Deoxys|Salt Cure
|
|-heal|p2a: Garganacl|47/100|[from] item: Leftovers
|-damage|p1a: Deoxys|15/100|[from] Salt Cure
|upkeep
|turn|6
|
|t:|1779693200
|switch|p1a: Landorus|Landorus-Therian, M|100/100
|-ability|p1a: Landorus|Intimidate|boost
|-unboost|p2a: Garganacl|atk|1
|move|p2a: Garganacl|Protect||[still]
|-fail|p2a: Garganacl
|
|-heal|p2a: Garganacl|53/100|[from] item: Leftovers
|upkeep
|turn|7
|
|t:|1779693210
|move|p2a: Garganacl|Protect|p2a: Garganacl
|-singleturn|p2a: Garganacl|Protect
|move|p1a: Landorus|Grass Knot|p2a: Garganacl
|-activate|p2a: Garganacl|move: Protect
|
|-heal|p2a: Garganacl|59/100|[from] item: Leftovers
|upkeep
|turn|8
|
|t:|1779693219
|switch|p2a: Rotom|Rotom-Mow|18/100
|-damage|p2a: Rotom|6/100|[from] Stealth Rock
|move|p1a: Landorus|Grass Knot|p2a: Rotom
|-resisted|p2a: Rotom
|-damage|p2a: Rotom|3/100
|-damage|p1a: Landorus|84/100|[from] item: Rocky Helmet|[of] p2a: Rotom
|
|upkeep
|turn|9
|
|t:|1779693227
|move|p1a: Landorus|Grass Knot|p2a: Rotom
|-resisted|p2a: Rotom
|-damage|p2a: Rotom|0 fnt
|-damage|p1a: Landorus|67/100|[from] item: Rocky Helmet|[of] p2a: Rotom
|faint|p2a: Rotom
|
|upkeep
|
|t:|1779693232
|switch|p2a: Glimmora|Glimmora, M|100/100
|-damage|p2a: Glimmora|88/100|[from] Stealth Rock
|turn|10
|
|t:|1779693238
|switch|p1a: Primarina|Primarina, M|33/100 brn
|move|p2a: Glimmora|Power Gem|p1a: Primarina
|-damage|p1a: Primarina|14/100 brn
|
|-damage|p1a: Primarina|8/100 brn|[from] brn
|upkeep
|turn|11
|
|t:|1779693245
|move|p2a: Glimmora|Mortal Spin|p1a: Primarina
|-supereffective|p1a: Primarina
|-damage|p1a: Primarina|0 fnt
|-sideend|p2: shun5412|Stealth Rock|[from] move: Mortal Spin|[of] p2a: Glimmora
|faint|p1a: Primarina
|
|upkeep
|
|t:|1779693248
|switch|p1a: Landorus|Landorus-Therian, M|67/100
|-ability|p1a: Landorus|Intimidate|boost
|-unboost|p2a: Glimmora|atk|1
|turn|12
|
|t:|1779693254
|switch|p2a: Pelipper|Pelipper, M|100/100
|-weather|RainDance|[from] ability: Drizzle|[of] p2a: Pelipper
|move|p1a: Landorus|Stealth Rock|p2a: Pelipper
|-sidestart|p2: shun5412|move: Stealth Rock
|
|-weather|RainDance|[upkeep]
|upkeep
|turn|13
|
|t:|1779693263
|switch|p1a: Deoxys|Deoxys-Speed|15/100
|-ability|p1a: Deoxys|Pressure
|move|p2a: Pelipper|Tailwind|p2a: Pelipper
|-sidestart|p2: shun5412|move: Tailwind
|
|-weather|RainDance|[upkeep]
|upkeep
|turn|14
|
|t:|1779693269
|move|p1a: Deoxys|Psycho Boost|p2a: Pelipper
|-damage|p2a: Pelipper|16/100
|-unboost|p1a: Deoxys|spa|2
|-damage|p1a: Deoxys|5/100|[from] item: Life Orb
|move|p2a: Pelipper|Weather Ball|p1a: Deoxys
|-damage|p1a: Deoxys|0 fnt
|faint|p1a: Deoxys
|
|-weather|RainDance|[upkeep]
|upkeep
|
|t:|1779693273
|switch|p1a: Dragonite|Dragonite, M|100/100
|turn|15
|
|t:|1779693281
|switch|p2a: Gholdengo|Gholdengo|100/100
|-damage|p2a: Gholdengo|94/100|[from] Stealth Rock
|-item|p2a: Gholdengo|Air Balloon
|move|p1a: Dragonite|Dragon Dance|p1a: Dragonite
|-boost|p1a: Dragonite|atk|1
|-boost|p1a: Dragonite|spe|1
|
|-weather|RainDance|[upkeep]
|upkeep
|turn|16
|
|t:|1779693290
|move|p2a: Gholdengo|Shadow Ball|p1a: Dragonite
|-damage|p1a: Dragonite|83/100
|-unboost|p1a: Dragonite|spd|1
|move|p1a: Dragonite|Ice Spinner|p2a: Gholdengo
|-resisted|p2a: Gholdengo
|-damage|p2a: Gholdengo|75/100
|-enditem|p2a: Gholdengo|Air Balloon
|
|-weather|none
|-sideend|p2: shun5412|move: Tailwind
|upkeep
|turn|17
|
|t:|1779693300
|move|p1a: Dragonite|Earthquake|p2a: Gholdengo
|-supereffective|p2a: Gholdengo
|-damage|p2a: Gholdengo|0 fnt
|faint|p2a: Gholdengo
|
|upkeep
|-message|shun5412 forfeited.
|
|win|lousiv
|raw|lousiv's rating: 1240 &rarr; <strong>1269</strong><br />(+29 for winning)
|raw|shun5412's rating: 1296 &rarr; <strong>1267</strong><br />(-29 for losing)
|l|☆shun5412
|player|p2|
|l|☆lousiv
|player|p1|
