|j|☆Coryfonsucka
|j|☆agemasen chan
|t:|1779685542
|gametype|singles
|player|p1|Coryfonsucka|bugcatcher-gen4dp|1067
|player|p2|agemasen chan|lass-gen4dp|1079
|gen|9
|tier|[Gen 9] OU
|rated|
|rule|HP Percentage Mod: HP is shown in percentages
|rule|Endless Battle Clause: Forcing endless battles is banned
|rule|Species Clause: Limit one of each Pokémon
|rule|OHKO Clause: OHKO moves are banned
|rule|Evasion Items Clause: Evasion items are banned
|rule|Evasion Moves Clause: Evasion moves are banned
|rule|Evasion Abilities Clause: Evasion abilities are banned
|rule|Sleep Moves Clause: Sleep-inducing moves are banned
|clearpoke
|poke|p1|Forretress, F|
|poke|p1|Ribombee, F|
|poke|p1|Araquanid, F|
|poke|p1|Vikavolt, F|
|poke|p1|Lokix, F|
|poke|p1|Slither Wing|
|poke|p2|Blaziken, M|
|poke|p2|Swampert, F|
|poke|p2|Ribombee, M|
|poke|p2|Haxorus, M|
|poke|p2|Hatterene, F|
|poke|p2|Glimmora, F|
|teampreview
|inactive|Battle timer is ON: inactive players will automatically lose when time's up. (requested by agemasen chan)
|j| pokemon pervert
|
|t:|1779685553
|teamsize|p1|6
|teamsize|p2|6
|start
|switch|p1a: Forretress|Forretress, F, shiny|100/100
|switch|p2a: Glimmora|Glimmora, F|100/100
|turn|1
|
|t:|1779685562
|move|p2a: Glimmora|Stealth Rock|p1a: Forretress
|-sidestart|p1: Coryfonsucka|move: Stealth Rock
|move|p1a: Forretress|Flash Cannon|p2a: Glimmora
|-supereffective|p2a: Glimmora
|-damage|p2a: Glimmora|59/100
|
|-heal|p2a: Glimmora|66/100|[from] item: Leftovers
|upkeep
|turn|2
|
|t:|1779685572
|move|p2a: Glimmora|Power Gem|p1a: Forretress
|-crit|p1a: Forretress
|-damage|p1a: Forretress|37/100
|move|p1a: Forretress|Flash Cannon|p2a: Glimmora
|-supereffective|p2a: Glimmora
|-damage|p2a: Glimmora|22/100
|
|-heal|p2a: Glimmora|28/100|[from] item: Leftovers
|-heal|p1a: Forretress|43/100|[from] item: Leftovers
|upkeep
|turn|3
|l|☆Coryfonsucka
|inactive|Coryfonsucka disconnected and has a minute to reconnect!
|player|p1|
|l| pokemon pervert
|j|☆Coryfonsucka
|inactive|Coryfonsucka reconnected and has 120 seconds left.
|player|p1|Coryfonsucka|bugcatcher-gen4dp|
|
|t:|1779685604
|move|p2a: Glimmora|Power Gem|p1a: Forretress
|-damage|p1a: Forretress|0 fnt
|faint|p1a: Forretress
|
|-heal|p2a: Glimmora|34/100|[from] item: Leftovers
|upkeep
|inactive|Coryfonsucka has 120 seconds left.
|
|t:|1779685624
|switch|p1a: Slither Wing|Slither Wing, shiny|100/100
|-damage|p1a: Slither Wing|88/100|[from] Stealth Rock
|-enditem|p1a: Slither Wing|Booster Energy
|-activate|p1a: Slither Wing|ability: Protosynthesis|[fromitem]
|-start|p1a: Slither Wing|protosynthesisatk
|turn|4
|
|t:|1779685638
|move|p2a: Glimmora|Protect|p2a: Glimmora
|-singleturn|p2a: Glimmora|Protect
|move|p1a: Slither Wing|Bulk Up|p1a: Slither Wing
|-boost|p1a: Slither Wing|atk|1
|-boost|p1a: Slither Wing|def|1
|
|-heal|p2a: Glimmora|40/100|[from] item: Leftovers
|upkeep
|turn|5
|inactive|Coryfonsucka has 120 seconds left.
|
|t:|1779685648
|move|p1a: Slither Wing|Earthquake|p2a: Glimmora
|-supereffective|p2a: Glimmora
|-damage|p2a: Glimmora|0 fnt
|-activate|p2a: Glimmora|ability: Toxic Debris
|-sidestart|p1: Coryfonsucka|move: Toxic Spikes
|faint|p2a: Glimmora
|
|upkeep
|
|t:|1779685663
|switch|p2a: Ribombee|Ribombee, M|100/100
|turn|6
|
|t:|1779685675
|-terastallize|p1a: Slither Wing|Fire
|move|p2a: Ribombee|Stun Spore|p1a: Slither Wing|[miss]
|-miss|p2a: Ribombee|p1a: Slither Wing
|move|p1a: Slither Wing|Flare Blitz|p2a: Ribombee
|-supereffective|p2a: Ribombee
|-enditem|p2a: Ribombee|Focus Sash
|-damage|p2a: Ribombee|1/100
|-damage|p1a: Slither Wing|54/100|[from] Recoil
|
|upkeep
|turn|7
|
|t:|1779685687
|move|p2a: Ribombee|Stun Spore|p1a: Slither Wing
|-status|p1a: Slither Wing|par
|cant|p1a: Slither Wing|par
|
|upkeep
|turn|8
|
|t:|1779685699
|move|p2a: Ribombee|U-turn|p1a: Slither Wing
|-resisted|p1a: Slither Wing
|-damage|p1a: Slither Wing|49/100 par
|
|t:|1779685702
|switch|p2a: Swampert|Swampert, F|100/100|[from] U-turn
|cant|p1a: Slither Wing|par
|
|upkeep
|turn|9
|
|t:|1779685711
|move|p2a: Swampert|Earthquake|p1a: Slither Wing
|-supereffective|p1a: Slither Wing
|-damage|p1a: Slither Wing|0 fnt
|faint|p1a: Slither Wing
|-end|p1a: Slither Wing|Protosynthesis|[silent]
|
|upkeep
|
|t:|1779685724
|switch|p1a: Lokix|Lokix, F, shiny|100/100
|-damage|p1a: Lokix|76/100|[from] Stealth Rock
|-status|p1a: Lokix|psn
|turn|10
|
|t:|1779685736
|move|p1a: Lokix|First Impression|p2a: Swampert
|-damage|p2a: Swampert|66/100
|move|p2a: Swampert|Liquidation|p1a: Lokix
|-damage|p1a: Lokix|8/100 psn
|-unboost|p1a: Lokix|def|1
|
|-heal|p2a: Swampert|73/100|[from] item: Leftovers
|-damage|p1a: Lokix|0 fnt|[from] psn
|faint|p1a: Lokix
|upkeep
|
|t:|1779685745
|switch|p1a: Ribombee|Ribombee, F, shiny|100/100
|-damage|p1a: Ribombee|76/100|[from] Stealth Rock
|-status|p1a: Ribombee|psn
|turn|11
|
|t:|1779685752
|move|p1a: Ribombee|Moonblast|p2a: Swampert
|-damage|p2a: Swampert|36/100
|move|p2a: Swampert|Liquidation|p1a: Ribombee
|-damage|p1a: Ribombee|0 fnt
|faint|p1a: Ribombee
|
|-heal|p2a: Swampert|42/100|[from] item: Leftovers
|upkeep
|
|t:|1779685759
|switch|p1a: Vikavolt|Vikavolt, F, shiny|100/100
|-damage|p1a: Vikavolt|76/100|[from] Stealth Rock
|turn|12
|c|☆Coryfonsucka|Hazards pmo
|
|t:|1779685775
|move|p1a: Vikavolt|Bug Buzz|p2a: Swampert
|-damage|p2a: Swampert|0 fnt
|faint|p2a: Swampert
|
|upkeep
|
|t:|1779685789
|switch|p2a: Ribombee|Ribombee, M|1/100
|turn|13
|
|t:|1779685796
|move|p2a: Ribombee|U-turn|p1a: Vikavolt
|-damage|p1a: Vikavolt|58/100
|
|t:|1779685802
|switch|p2a: Blaziken|Blaziken, M, shiny|100/100|[from] U-turn
|move|p1a: Vikavolt|Flash Cannon|p2a: Blaziken
|-resisted|p2a: Blaziken
|-damage|p2a: Blaziken|77/100
|
|upkeep
|turn|14
|
|t:|1779685813
|move|p1a: Vikavolt|Air Slash|p2a: Blaziken
|-supereffective|p2a: Blaziken
|-damage|p2a: Blaziken|0 fnt
|faint|p2a: Blaziken
|
|upkeep
|
|t:|1779685822
|switch|p2a: Haxorus|Haxorus, M, shiny|100/100
|-ability|p2a: Haxorus|Mold Breaker
|turn|15
|
|t:|1779685831
|move|p2a: Haxorus|Dragon Claw|p1a: Vikavolt
|-damage|p1a: Vikavolt|0 fnt
|faint|p1a: Vikavolt
|-damage|p2a: Haxorus|91/100|[from] item: Life Orb
|
|upkeep
|
|t:|1779685834
|switch|p1a: Araquanid|Araquanid, F, shiny|100/100
|-damage|p1a: Araquanid|76/100|[from] Stealth Rock
|-status|p1a: Araquanid|psn
|turn|16
|
|t:|1779685844
|move|p2a: Haxorus|Dragon Claw|p1a: Araquanid
|-damage|p1a: Araquanid|8/100 psn
|-damage|p2a: Haxorus|81/100|[from] item: Life Orb
|move|p1a: Araquanid|Liquidation|p2a: Haxorus
|-resisted|p2a: Haxorus
|-damage|p2a: Haxorus|41/100
|
|-damage|p1a: Araquanid|0 fnt|[from] psn
|faint|p1a: Araquanid
|
|win|agemasen chan
|raw|Coryfonsucka's rating: 1067 &rarr; <strong>1048</strong><br />(-19 for losing)
|raw|agemasen chan's rating: 1079 &rarr; <strong>1106</strong><br />(+27 for winning)
|l|☆Coryfonsucka
|player|p1|
|l|☆agemasen chan
|player|p2|
