|j|☆lllokth
|j|☆Xiguana
|t:|1779611346
|gametype|singles
|player|p1|lllokth|dancer|1263
|player|p2|Xiguana|102|1406
|gen|9
|tier|[Gen 9] OU
|rated|
|rule|HP Percentage Mod: HP is shown in percentages
|rule|Endless Battle Clause: Forcing endless battles is banned
|rule|Species Clause: Limit one of each Pokémon
|rule|OHKO Clause: OHKO moves are banned
|rule|Evasion Items Clause: Evasion items are banned
|rule|Evasion Moves Clause: Evasion moves are banned
|rule|Evasion Abilities Clause: Evasion abilities are banned
|rule|Sleep Moves Clause: Sleep-inducing moves are banned
|clearpoke
|poke|p1|Smeargle, M|
|poke|p1|Ogerpon, F|
|poke|p1|Kingambit, F|
|poke|p1|Cinderace, M|
|poke|p1|Dragonite, F|
|poke|p1|Hawlucha, M|
|poke|p2|Zamazenta-*|
|poke|p2|Dragapult, F|
|poke|p2|Pecharunt|
|poke|p2|Ogerpon-Wellspring, F|
|poke|p2|Iron Treads|
|poke|p2|Kingambit, F|
|teampreview
|inactive|Battle timer is ON: inactive players will automatically lose when time's up. (requested by lllokth)
|
|t:|1779611363
|teamsize|p1|6
|teamsize|p2|6
|start
|switch|p1a: Smeargle|Smeargle, M|100/100
|switch|p2a: Ogerpon|Ogerpon-Wellspring, F|100/100
|turn|1
|
|t:|1779611372
|move|p2a: Ogerpon|Substitute|p2a: Ogerpon
|-start|p2a: Ogerpon|Substitute
|-damage|p2a: Ogerpon|76/100
|move|p1a: Smeargle|Sticky Web|p2a: Ogerpon
|-sidestart|p2: Xiguana|move: Sticky Web
|
|upkeep
|turn|2
|
|t:|1779611377
|move|p2a: Ogerpon|Swords Dance|p2a: Ogerpon
|-boost|p2a: Ogerpon|atk|2
|move|p1a: Smeargle|Population Bomb|p2a: Ogerpon|[miss]
|-miss|p1a: Smeargle|p2a: Ogerpon
|
|upkeep
|turn|3
|
|t:|1779611382
|move|p2a: Ogerpon|Ivy Cudgel|p1a: Smeargle|[anim] Ivy Cudgel Water
|-crit|p1a: Smeargle
|-enditem|p1a: Smeargle|Focus Sash
|-damage|p1a: Smeargle|1/100
|move|p1a: Smeargle|Destiny Bond|p1a: Smeargle
|-singlemove|p1a: Smeargle|Destiny Bond
|
|upkeep
|turn|4
|
|t:|1779611391
|move|p2a: Ogerpon|Swords Dance|p2a: Ogerpon
|-boost|p2a: Ogerpon|atk|2
|move|p1a: Smeargle|Population Bomb|p2a: Ogerpon
|-activate|p2a: Ogerpon|move: Substitute|[damage]
|-activate|p2a: Ogerpon|move: Substitute|[damage]
|-activate|p2a: Ogerpon|move: Substitute|[damage]
|-activate|p2a: Ogerpon|move: Substitute|[damage]
|-activate|p2a: Ogerpon|move: Substitute|[damage]
|-end|p2a: Ogerpon|Substitute
|-damage|p2a: Ogerpon|71/100
|-damage|p2a: Ogerpon|67/100
|-crit|p2a: Ogerpon
|-damage|p2a: Ogerpon|60/100
|-damage|p2a: Ogerpon|55/100
|-hitcount|p2a: Ogerpon|10
|
|upkeep
|turn|5
|
|t:|1779611394
|move|p2a: Ogerpon|Ivy Cudgel|p1a: Smeargle|[anim] Ivy Cudgel Water
|-damage|p1a: Smeargle|0 fnt
|faint|p1a: Smeargle
|
|upkeep
|
|t:|1779611397
|switch|p1a: Cinderace|Cinderace, M|100/100
|turn|6
|
|t:|1779611412
|-terastallize|p2a: Ogerpon|Water
|detailschange|p2a: Ogerpon|Ogerpon-Wellspring-Tera, F, tera:Water
|-ability|p2a: Ogerpon|Embody Aspect (Wellspring)|boost
|-boost|p2a: Ogerpon|spd|1
|move|p1a: Cinderace|Court Change|p1a: Cinderace
|-start|p1a: Cinderace|typechange|Normal|[from] ability: Libero
|-swapsideconditions
|-activate|p1a: Cinderace|move: Court Change
|move|p2a: Ogerpon|Ivy Cudgel|p1a: Cinderace|[anim] Ivy Cudgel Water
|-damage|p1a: Cinderace|0 fnt
|faint|p1a: Cinderace
|
|upkeep
|
|t:|1779611415
|switch|p1a: Ogerpon|Ogerpon, F|100/100
|-activate|p1a: Ogerpon|move: Sticky Web
|-unboost|p1a: Ogerpon|spe|1
|-ability|p1a: Ogerpon|Defiant|boost
|-boost|p1a: Ogerpon|atk|2
|-enditem|p1a: Ogerpon|White Herb
|-clearnegativeboost|p1a: Ogerpon|[silent]
|turn|7
|
|t:|1779611422
|-terastallize|p1a: Ogerpon|Grass
|detailschange|p1a: Ogerpon|Ogerpon-Teal-Tera, F, tera:Grass
|-ability|p1a: Ogerpon|Embody Aspect (Teal)|boost
|-boost|p1a: Ogerpon|spe|1
|move|p1a: Ogerpon|Ivy Cudgel|p2a: Ogerpon
|-supereffective|p2a: Ogerpon
|-damage|p2a: Ogerpon|0 fnt
|faint|p2a: Ogerpon
|detailschange|p2: Ogerpon|Ogerpon-Wellspring, F|[silent]
|
|upkeep
|
|t:|1779611432
|switch|p2a: Pecharunt|Pecharunt|100/100
|turn|8
|
|t:|1779611444
|move|p1a: Ogerpon|Stomping Tantrum|p2a: Pecharunt
|-supereffective|p2a: Pecharunt
|-damage|p2a: Pecharunt|39/100
|move|p2a: Pecharunt|Malignant Chain|p1a: Ogerpon
|-supereffective|p1a: Ogerpon
|-damage|p1a: Ogerpon|25/100
|-status|p1a: Ogerpon|tox
|-start|p1a: Ogerpon|confusion|[from] ability: Poison Puppeteer|[of] p2a: Pecharunt
|
|-heal|p2a: Pecharunt|45/100|[from] item: Leftovers
|-damage|p1a: Ogerpon|19/100 tox|[from] psn
|upkeep
|turn|9
|
|t:|1779611463
|switch|p2a: Zamazenta|Zamazenta|100/100
|-ability|p2a: Zamazenta|Dauntless Shield|boost
|-boost|p2a: Zamazenta|def|1
|-activate|p1a: Ogerpon|confusion
|move|p1a: Ogerpon|Stomping Tantrum|p2a: Zamazenta
|-damage|p2a: Zamazenta|73/100
|
|-damage|p1a: Ogerpon|7/100 tox|[from] psn
|upkeep
|turn|10
|
|t:|1779611469
|-activate|p1a: Ogerpon|confusion
|move|p1a: Ogerpon|Play Rough|p2a: Zamazenta
|-supereffective|p2a: Zamazenta
|-damage|p2a: Zamazenta|4/100
|move|p2a: Zamazenta|Reflect|p2a: Zamazenta
|-sidestart|p2: Xiguana|Reflect
|
|-damage|p1a: Ogerpon|0 fnt|[from] psn
|faint|p1a: Ogerpon
|detailschange|p1: Ogerpon|Ogerpon, F|[silent]
|upkeep
|
|t:|1779611478
|switch|p1a: Dragonite|Dragonite, F|100/100
|turn|11
|
|t:|1779611490
|switch|p2a: Dragapult|Dragapult, F|100/100
|move|p1a: Dragonite|Dragon Dance|p1a: Dragonite
|-boost|p1a: Dragonite|atk|1
|-boost|p1a: Dragonite|spe|1
|
|upkeep
|turn|12
|
|t:|1779611505
|move|p1a: Dragonite|Scale Shot|p2a: Dragapult
|-supereffective|p2a: Dragapult
|-damage|p2a: Dragapult|74/100
|-supereffective|p2a: Dragapult
|-damage|p2a: Dragapult|44/100
|-supereffective|p2a: Dragapult
|-damage|p2a: Dragapult|16/100
|-supereffective|p2a: Dragapult
|-damage|p2a: Dragapult|0 fnt
|faint|p2a: Dragapult
|-hitcount|p2: Dragapult|4
|-unboost|p1a: Dragonite|def|1
|-boost|p1a: Dragonite|spe|1
|
|upkeep
|
|t:|1779611521
|switch|p2a: Pecharunt|Pecharunt|45/100
|turn|13
|
|t:|1779611524
|move|p1a: Dragonite|Scale Shot|p2a: Pecharunt
|-damage|p2a: Pecharunt|38/100
|-damage|p2a: Pecharunt|32/100
|-damage|p2a: Pecharunt|25/100
|-damage|p2a: Pecharunt|18/100
|-hitcount|p2a: Pecharunt|4
|-unboost|p1a: Dragonite|def|1
|-boost|p1a: Dragonite|spe|1
|move|p2a: Pecharunt|Malignant Chain|p1a: Dragonite
|-damage|p1a: Dragonite|85/100
|
|-heal|p2a: Pecharunt|24/100|[from] item: Leftovers
|upkeep
|turn|14
|
|t:|1779611533
|move|p1a: Dragonite|Dragon Dance|p1a: Dragonite
|-boost|p1a: Dragonite|atk|1
|-boost|p1a: Dragonite|spe|1
|move|p2a: Pecharunt|Malignant Chain|p1a: Dragonite
|-damage|p1a: Dragonite|54/100
|
|-heal|p2a: Pecharunt|30/100|[from] item: Leftovers
|upkeep
|turn|15
|
|t:|1779611539
|move|p1a: Dragonite|Scale Shot|p2a: Pecharunt
|-damage|p2a: Pecharunt|21/100
|-damage|p2a: Pecharunt|13/100
|-damage|p2a: Pecharunt|3/100
|-damage|p2a: Pecharunt|0 fnt
|faint|p2a: Pecharunt
|-hitcount|p2: Pecharunt|4
|-unboost|p1a: Dragonite|def|1
|-boost|p1a: Dragonite|spe|1
|
|upkeep
|
|t:|1779611543
|switch|p2a: Iron Treads|Iron Treads|100/100
|-enditem|p2a: Iron Treads|Booster Energy
|-activate|p2a: Iron Treads|ability: Quark Drive|[fromitem]
|-start|p2a: Iron Treads|quarkdrivespe
|turn|16
|
|t:|1779611545
|move|p1a: Dragonite|Fire Punch|p2a: Iron Treads
|-supereffective|p2a: Iron Treads
|-damage|p2a: Iron Treads|51/100
|move|p2a: Iron Treads|Knock Off|p1a: Dragonite
|-damage|p1a: Dragonite|0 fnt
|-enditem|p1a: Dragonite|Loaded Dice|[from] move: Knock Off|[of] p2a: Iron Treads
|faint|p1a: Dragonite
|
|upkeep
|
|t:|1779611551
|switch|p1a: Hawlucha|Hawlucha, M|100/100
|turn|17
|inactive|Xiguana has 120 seconds left.
|
|t:|1779611583
|move|p2a: Iron Treads|Knock Off|p1a: Hawlucha
|-resisted|p1a: Hawlucha
|-damage|p1a: Hawlucha|77/100
|-enditem|p1a: Hawlucha|Power Herb|[from] move: Knock Off|[of] p2a: Iron Treads
|move|p1a: Hawlucha|Close Combat|p2a: Iron Treads
|-supereffective|p2a: Iron Treads
|-damage|p2a: Iron Treads|0 fnt
|-unboost|p1a: Hawlucha|def|1
|-unboost|p1a: Hawlucha|spd|1
|faint|p2a: Iron Treads
|-end|p2a: Iron Treads|Quark Drive|[silent]
|
|-sideend|p2: Xiguana|Reflect
|upkeep
|
|t:|1779611587
|switch|p2a: Zamazenta|Zamazenta|4/100
|turn|18
|
|t:|1779611589
|move|p1a: Hawlucha|Acrobatics|p2a: Zamazenta
|-supereffective|p2a: Zamazenta
|-damage|p2a: Zamazenta|0 fnt
|faint|p2a: Zamazenta
|
|upkeep
|
|t:|1779611591
|switch|p2a: Kingambit|Kingambit, F|100/100
|-activate|p2a: Kingambit|ability: Supreme Overlord
|-start|p2a: Kingambit|fallen5|[silent]
|turn|19
|
|t:|1779611617
|move|p2a: Kingambit|Sucker Punch|p1a: Hawlucha
|-resisted|p1a: Hawlucha
|-damage|p1a: Hawlucha|11/100
|move|p1a: Hawlucha|Close Combat|p2a: Kingambit
|-supereffective|p2a: Kingambit
|-damage|p2a: Kingambit|0 fnt
|-unboost|p1a: Hawlucha|def|1
|-unboost|p1a: Hawlucha|spd|1
|faint|p2a: Kingambit
|-end|p2a: Kingambit|fallen5|[silent]
|
|win|lllokth
|raw|lllokth's rating: 1263 &rarr; <strong>1298</strong><br />(+35 for winning)
|raw|Xiguana's rating: 1406 &rarr; <strong>1378</strong><br />(-28 for losing)
|l|☆Xiguana
|player|p2|
|l|☆lllokth
|player|p1|
