|j|‽Leap Call
|j|☆Fantasmatica
|t:|1779574452
|gametype|singles
|player|p1|Leap Call|2|1317
|player|p2|Fantasmatica|akari|1236
|gen|9
|tier|[Gen 9] OU
|rated|
|rule|HP Percentage Mod: HP is shown in percentages
|rule|Endless Battle Clause: Forcing endless battles is banned
|rule|Species Clause: Limit one of each Pokémon
|rule|OHKO Clause: OHKO moves are banned
|rule|Evasion Items Clause: Evasion items are banned
|rule|Evasion Moves Clause: Evasion moves are banned
|rule|Evasion Abilities Clause: Evasion abilities are banned
|rule|Sleep Moves Clause: Sleep-inducing moves are banned
|clearpoke
|poke|p1|Iron Treads|
|poke|p1|Pelipper, F|
|poke|p1|Kingdra, M|
|poke|p1|Lokix, M|
|poke|p1|Primarina, F|
|poke|p1|Toxicroak, F|
|poke|p2|Samurott-Hisui, M|
|poke|p2|Decidueye-Hisui, M|
|poke|p2|Typhlosion-Hisui, F|
|poke|p2|Braviary-Hisui, M|
|poke|p2|Kleavor, M|
|poke|p2|Goodra-Hisui, F|
|teampreview
|inactive|Battle timer is ON: inactive players will automatically lose when time's up. (requested by Leap Call)
|
|t:|1779574472
|teamsize|p1|6
|teamsize|p2|6
|start
|switch|p1a: Iron Treads|Iron Treads|100/100
|switch|p2a: LastRonin|Samurott-Hisui, M|100/100
|turn|1
|
|t:|1779574482
|-end|p1a: Iron Treads|Quark Drive|[silent]
|switch|p1a: Toxicroak|Toxicroak, F|100/100
|move|p2a: LastRonin|Ceaseless Edge|p1a: Toxicroak
|-resisted|p1a: Toxicroak
|-damage|p1a: Toxicroak|82/100
|-damage|p2a: LastRonin|84/100|[from] item: Rocky Helmet|[of] p1a: Toxicroak
|-sidestart|p1: Leap Call|Spikes
|
|upkeep
|turn|2
|
|t:|1779574503
|move|p2a: LastRonin|Ceaseless Edge|p1a: Toxicroak
|-resisted|p1a: Toxicroak
|-damage|p1a: Toxicroak|63/100
|-damage|p2a: LastRonin|67/100|[from] item: Rocky Helmet|[of] p1a: Toxicroak
|-sidestart|p1: Leap Call|Spikes
|move|p1a: Toxicroak|Knock Off|p2a: LastRonin
|-resisted|p2a: LastRonin
|-crit|p2a: LastRonin
|-damage|p2a: LastRonin|44/100
|-enditem|p2a: LastRonin|Focus Sash|[from] move: Knock Off|[of] p1a: Toxicroak
|
|upkeep
|turn|3
|
|t:|1779574506
|move|p2a: LastRonin|Ceaseless Edge|p1a: Toxicroak
|-resisted|p1a: Toxicroak
|-damage|p1a: Toxicroak|41/100
|-damage|p2a: LastRonin|28/100|[from] item: Rocky Helmet|[of] p1a: Toxicroak
|-sidestart|p1: Leap Call|Spikes
|move|p1a: Toxicroak|Drain Punch|p2a: LastRonin
|-supereffective|p2a: LastRonin
|-damage|p2a: LastRonin|0 fnt
|-heal|p1a: Toxicroak|53/100|[from] drain|[of] p2a: LastRonin
|faint|p2a: LastRonin
|
|upkeep
|
|t:|1779574520
|switch|p2a: Executioner|Kleavor, M, shiny|100/100
|turn|4
|
|t:|1779574527
|switch|p1a: Iron Treads|Iron Treads|100/100
|move|p2a: Executioner|Tailwind|p2a: Executioner
|-sidestart|p2: Fantasmatica|move: Tailwind
|
|upkeep
|turn|5
|
|t:|1779574535
|move|p2a: Executioner|U-turn|p1a: Iron Treads
|-resisted|p1a: Iron Treads
|-damage|p1a: Iron Treads|80/100
|
|t:|1779574537
|switch|p2a: JustACigarette|Typhlosion-Hisui, F, shiny|100/100|[from] U-turn
|-item|p1a: Iron Treads|Heavy-Duty Boots|[from] ability: Frisk|[of] p2a: JustACigarette
|move|p1a: Iron Treads|Earthquake|p2a: JustACigarette
|-supereffective|p2a: JustACigarette
|-damage|p2a: JustACigarette|0 fnt
|faint|p2a: JustACigarette
|
|upkeep
|
|t:|1779574544
|switch|p2a: ICan'tFixYou|Decidueye-Hisui, M|100/100
|turn|6
|
|t:|1779574550
|-end|p1a: Iron Treads|Quark Drive|[silent]
|switch|p1a: Pelipper|Pelipper, F|100/100
|-weather|RainDance|[from] ability: Drizzle|[of] p1a: Pelipper
|move|p2a: ICan'tFixYou|Triple Arrows|p1a: Pelipper
|-resisted|p1a: Pelipper
|-damage|p1a: Pelipper|77/100
|-unboost|p1a: Pelipper|def|1
|
|-weather|RainDance|[upkeep]
|upkeep
|turn|7
|
|t:|1779574555
|move|p2a: ICan'tFixYou|Triple Arrows|p1a: Pelipper
|-resisted|p1a: Pelipper
|-damage|p1a: Pelipper|47/100
|move|p1a: Pelipper|Ice Beam|p2a: ICan'tFixYou
|-supereffective|p2a: ICan'tFixYou
|-damage|p2a: ICan'tFixYou|59/100
|
|-weather|RainDance|[upkeep]
|-sideend|p2: Fantasmatica|move: Tailwind
|upkeep
|turn|8
|
|t:|1779574572
|switch|p1a: Lokix|Lokix, M|100/100
|-damage|p1a: Lokix|76/100|[from] Spikes
|move|p2a: ICan'tFixYou|Triple Arrows|p1a: Lokix
|-crit|p1a: Lokix
|-damage|p1a: Lokix|0 fnt
|faint|p1a: Lokix
|
|-weather|RainDance|[upkeep]
|upkeep
|
|t:|1779574574
|switch|p1a: Iron Treads|Iron Treads|80/100
|turn|9
|
|t:|1779574578
|move|p2a: ICan'tFixYou|Triple Arrows|p1a: Iron Treads
|-supereffective|p1a: Iron Treads
|-damage|p1a: Iron Treads|0 fnt
|faint|p1a: Iron Treads
|-end|p1a: Iron Treads|Quark Drive|[silent]
|
|-weather|RainDance|[upkeep]
|upkeep
|
|t:|1779574582
|switch|p1a: Primarina|Primarina, F|100/100
|-damage|p1a: Primarina|76/100|[from] Spikes
|turn|10
|
|t:|1779574586
|move|p2a: ICan'tFixYou|Triple Arrows|p1a: Primarina
|-resisted|p1a: Primarina
|-damage|p1a: Primarina|46/100
|-unboost|p1a: Primarina|def|1
|move|p1a: Primarina|Moonblast|p2a: ICan'tFixYou
|-supereffective|p2a: ICan'tFixYou
|-damage|p2a: ICan'tFixYou|0 fnt
|faint|p2a: ICan'tFixYou
|
|-weather|RainDance|[upkeep]
|-heal|p1a: Primarina|52/100|[from] item: Leftovers
|upkeep
|
|t:|1779574591
|switch|p2a: Executioner|Kleavor, M, shiny|100/100
|turn|11
|
|t:|1779574596
|move|p2a: Executioner|Stone Axe|p1a: Primarina
|-damage|p1a: Primarina|0 fnt
|-sidestart|p1: Leap Call|move: Stealth Rock
|faint|p1a: Primarina
|
|-weather|RainDance|[upkeep]
|upkeep
|
|t:|1779574600
|switch|p1a: Kingdra|Kingdra, M|100/100
|-damage|p1a: Kingdra|76/100|[from] Spikes
|-damage|p1a: Kingdra|63/100|[from] Stealth Rock
|turn|12
|
|t:|1779574607
|move|p1a: Kingdra|Draco Meteor|p2a: Executioner
|-enditem|p2a: Executioner|Focus Sash
|-damage|p2a: Executioner|1/100
|-unboost|p1a: Kingdra|spa|2
|move|p2a: Executioner|Tailwind|p2a: Executioner
|-sidestart|p2: Fantasmatica|move: Tailwind
|
|-weather|RainDance|[upkeep]
|upkeep
|turn|13
|
|t:|1779574611
|move|p1a: Kingdra|Draco Meteor|p2a: Executioner
|-damage|p2a: Executioner|0 fnt
|-unboost|p1a: Kingdra|spa|2
|faint|p2a: Executioner
|
|-weather|none
|upkeep
|
|t:|1779574617
|switch|p2a: Haise Sasaki|Braviary-Hisui, M, shiny|100/100
|turn|14
|
|t:|1779574635
|switch|p1a: Pelipper|Pelipper, F|47/100
|-damage|p1a: Pelipper|22/100|[from] Stealth Rock
|-weather|RainDance|[from] ability: Drizzle|[of] p1a: Pelipper
|move|p2a: Haise Sasaki|Esper Wing|p1a: Pelipper
|-damage|p1a: Pelipper|0 fnt
|-boost|p2a: Haise Sasaki|spe|1
|faint|p1a: Pelipper
|-damage|p2a: Haise Sasaki|91/100|[from] item: Life Orb
|
|-weather|RainDance|[upkeep]
|upkeep
|
|t:|1779574638
|switch|p1a: Kingdra|Kingdra, M|63/100
|-damage|p1a: Kingdra|39/100|[from] Spikes
|-damage|p1a: Kingdra|26/100|[from] Stealth Rock
|turn|15
|
|t:|1779574644
|-terastallize|p2a: Haise Sasaki|Fairy
|move|p2a: Haise Sasaki|Esper Wing|p1a: Kingdra
|-damage|p1a: Kingdra|0 fnt
|-boost|p2a: Haise Sasaki|spe|1
|faint|p1a: Kingdra
|-damage|p2a: Haise Sasaki|81/100|[from] item: Life Orb
|
|-weather|RainDance|[upkeep]
|-sideend|p2: Fantasmatica|move: Tailwind
|upkeep
|j| jolly shinx
|-message|Leap Call forfeited.
|
|win|Fantasmatica
|raw|Leap Call's rating: 1317 &rarr; <strong>1292</strong><br />(-25 for losing)
|raw|Fantasmatica's rating: 1236 &rarr; <strong>1267</strong><br />(+31 for winning)
