|j|☆blah0blah1blah2
|j|☆traphouse timmy
|t:|1779715096
|gametype|singles
|player|p1|blah0blah1blah2|1|1453
|player|p2|traphouse timmy|ninjaboy|1421
|gen|9
|tier|[Gen 9] OU
|rated|
|rule|HP Percentage Mod: HP is shown in percentages
|rule|Endless Battle Clause: Forcing endless battles is banned
|rule|Species Clause: Limit one of each Pokémon
|rule|OHKO Clause: OHKO moves are banned
|rule|Evasion Items Clause: Evasion items are banned
|rule|Evasion Moves Clause: Evasion moves are banned
|rule|Evasion Abilities Clause: Evasion abilities are banned
|rule|Sleep Moves Clause: Sleep-inducing moves are banned
|clearpoke
|poke|p1|Regidrago|
|poke|p1|Regieleki|
|poke|p1|Iron Treads|
|poke|p1|Primarina, F|
|poke|p1|Dragonite, M|
|poke|p1|Azelf|
|poke|p2|Deoxys-Speed|
|poke|p2|Hoopa-Unbound|
|poke|p2|Manaphy|
|poke|p2|Iron Valiant|
|poke|p2|Iron Hands|
|poke|p2|Cinderace, F|
|teampreview
|inactive|Battle timer is ON: inactive players will automatically lose when time's up. (requested by traphouse timmy)
|inactive|blah0blah1blah2 also wants the timer to be on.
|
|t:|1779715118
|teamsize|p1|6
|teamsize|p2|6
|start
|switch|p1a: Regieleki|Regieleki|100/100
|switch|p2a: Deoxys|Deoxys-Speed|100/100
|-ability|p2a: Deoxys|Pressure
|turn|1
|
|t:|1779715125
|-terastallize|p1a: Regieleki|Electric
|move|p1a: Regieleki|Volt Switch|p2a: Deoxys
|-damage|p2a: Deoxys|9/100
|-damage|p1a: Regieleki|91/100|[from] item: Life Orb
|
|t:|1779715142
|switch|p1a: Dragonite|Dragonite, M|100/100|[from] Volt Switch
|move|p2a: Deoxys|Light Screen|p2a: Deoxys
|-sidestart|p2: traphouse timmy|move: Light Screen
|
|upkeep
|turn|2
|
|t:|1779715147
|move|p1a: Dragonite|Extreme Speed|p2a: Deoxys
|-damage|p2a: Deoxys|0 fnt
|faint|p2a: Deoxys
|
|upkeep
|
|t:|1779715164
|switch|p2a: Iron Hands|Iron Hands|100/100
|turn|3
|
|t:|1779715169
|move|p1a: Dragonite|Earthquake|p2a: Iron Hands
|-supereffective|p2a: Iron Hands
|-damage|p2a: Iron Hands|48/100
|move|p2a: Iron Hands|Swords Dance|p2a: Iron Hands
|-boost|p2a: Iron Hands|atk|2
|
|upkeep
|turn|4
|
|t:|1779715176
|move|p1a: Dragonite|Earthquake|p2a: Iron Hands
|-supereffective|p2a: Iron Hands
|-damage|p2a: Iron Hands|3/100
|move|p2a: Iron Hands|Ice Punch|p1a: Dragonite
|-supereffective|p1a: Dragonite
|-damage|p1a: Dragonite|0 fnt
|faint|p1a: Dragonite
|
|upkeep
|
|t:|1779715183
|switch|p1a: Regieleki|Regieleki, tera:Electric|91/100
|turn|5
|
|t:|1779715187
|move|p1a: Regieleki|Volt Switch|p2a: Iron Hands
|-resisted|p2a: Iron Hands
|-damage|p2a: Iron Hands|0 fnt
|faint|p2a: Iron Hands
|-end|p2a: Iron Hands|Quark Drive|[silent]
|-damage|p1a: Regieleki|81/100|[from] item: Life Orb
|
|t:|1779715190
|switch|p1a: Azelf|Azelf|100/100|[from] Volt Switch
|
|upkeep
|
|t:|1779715195
|switch|p2a: Hoopa|Hoopa-Unbound|100/100
|turn|6
|
|t:|1779715199
|move|p1a: Azelf|U-turn|p2a: Hoopa
|-supereffective|p2a: Hoopa
|-crit|p2a: Hoopa
|-damage|p2a: Hoopa|0 fnt
|faint|p2a: Hoopa
|
|t:|1779715204
|switch|p1a: Regieleki|Regieleki, tera:Electric|81/100|[from] U-turn
|
|upkeep
|
|t:|1779715212
|switch|p2a: Iron Valiant|Iron Valiant|100/100
|-enditem|p2a: Iron Valiant|Booster Energy
|-activate|p2a: Iron Valiant|ability: Quark Drive|[fromitem]
|-start|p2a: Iron Valiant|quarkdrivespe
|turn|7
|
|t:|1779715220
|move|p1a: Regieleki|Volt Switch|p2a: Iron Valiant
|-damage|p2a: Iron Valiant|27/100
|-damage|p1a: Regieleki|71/100|[from] item: Life Orb
|
|t:|1779715222
|switch|p1a: Primarina|Primarina, F|100/100|[from] Volt Switch
|move|p2a: Iron Valiant|Knock Off|p1a: Primarina
|-resisted|p1a: Primarina
|-damage|p1a: Primarina|84/100
|-enditem|p1a: Primarina|Assault Vest|[from] move: Knock Off|[of] p2a: Iron Valiant
|
|upkeep
|turn|8
|
|t:|1779715231
|move|p2a: Iron Valiant|Moonblast|p1a: Primarina
|-damage|p1a: Primarina|43/100
|move|p1a: Primarina|Moonblast|p2a: Iron Valiant
|-supereffective|p2a: Iron Valiant
|-damage|p2a: Iron Valiant|0 fnt
|faint|p2a: Iron Valiant
|-end|p2a: Iron Valiant|Quark Drive|[silent]
|
|-sideend|p2: traphouse timmy|move: Light Screen
|upkeep
|
|t:|1779715239
|switch|p2a: Manaphy|Manaphy|100/100
|turn|9
|
|t:|1779715243
|move|p2a: Manaphy|Take Heart|p2a: Manaphy
|-boost|p2a: Manaphy|spa|1
|-boost|p2a: Manaphy|spd|1
|move|p1a: Primarina|Moonblast|p2a: Manaphy
|-damage|p2a: Manaphy|72/100
|
|-heal|p2a: Manaphy|78/100|[from] item: Leftovers
|upkeep
|turn|10
|
|t:|1779715250
|move|p2a: Manaphy|Take Heart|p2a: Manaphy
|-boost|p2a: Manaphy|spa|1
|-boost|p2a: Manaphy|spd|1
|move|p1a: Primarina|Flip Turn|p2a: Manaphy
|-resisted|p2a: Manaphy
|-damage|p2a: Manaphy|73/100
|
|t:|1779715255
|switch|p1a: Regieleki|Regieleki, tera:Electric|71/100|[from] Flip Turn
|
|-heal|p2a: Manaphy|79/100|[from] item: Leftovers
|upkeep
|turn|11
|
|t:|1779715261
|-terastallize|p2a: Manaphy|Fairy
|move|p1a: Regieleki|Thunderbolt|p2a: Manaphy
|-damage|p2a: Manaphy|38/100
|-status|p2a: Manaphy|par
|-damage|p1a: Regieleki|61/100|[from] item: Life Orb
|move|p2a: Manaphy|Acid Armor|p2a: Manaphy
|-boost|p2a: Manaphy|def|2
|
|-heal|p2a: Manaphy|44/100 par|[from] item: Leftovers
|upkeep
|turn|12
|
|t:|1779715275
|move|p1a: Regieleki|Thunderbolt|p2a: Manaphy
|-damage|p2a: Manaphy|8/100 par
|-damage|p1a: Regieleki|51/100|[from] item: Life Orb
|move|p2a: Manaphy|Scald|p1a: Regieleki
|-damage|p1a: Regieleki|0 fnt
|faint|p1a: Regieleki
|
|-heal|p2a: Manaphy|14/100 par|[from] item: Leftovers
|upkeep
|
|t:|1779715282
|switch|p1a: Regidrago|Regidrago|100/100
|turn|13
|
|t:|1779715287
|move|p1a: Regidrago|Earth Power|p2a: Manaphy
|-damage|p2a: Manaphy|3/100 par
|cant|p2a: Manaphy|par
|
|-heal|p2a: Manaphy|9/100 par|[from] item: Leftovers
|upkeep
|turn|14
|
|t:|1779715294
|move|p1a: Regidrago|Earth Power|p2a: Manaphy
|-damage|p2a: Manaphy|0 fnt
|faint|p2a: Manaphy
|
|upkeep
|
|t:|1779715299
|switch|p2a: Cinderace|Cinderace, F|100/100
|turn|15
|
|t:|1779715304
|move|p1a: Regidrago|Earth Power|p2a: Cinderace
|-supereffective|p2a: Cinderace
|-damage|p2a: Cinderace|21/100
|move|p2a: Cinderace|U-turn|p1a: Regidrago
|-start|p2a: Cinderace|typechange|Bug|[from] ability: Libero
|-damage|p1a: Regidrago|62/100
|
|upkeep
|turn|16
|-message|traphouse timmy forfeited.
|
|win|blah0blah1blah2
|raw|blah0blah1blah2's rating: 1453 &rarr; <strong>1471</strong><br />(+18 for winning)
|raw|traphouse timmy's rating: 1421 &rarr; <strong>1403</strong><br />(-18 for losing)
|l|☆traphouse timmy
|player|p2|
|l|☆blah0blah1blah2
|player|p1|
