|j|☆my shitters
|j|☆china blu camaleon
|t:|1779632728
|gametype|singles
|player|p1|my shitters|preschooler|1410
|player|p2|china blu camaleon|169|1408
|gen|9
|tier|[Gen 9] OU
|rated|
|rule|HP Percentage Mod: HP is shown in percentages
|rule|Endless Battle Clause: Forcing endless battles is banned
|rule|Species Clause: Limit one of each Pokémon
|rule|OHKO Clause: OHKO moves are banned
|rule|Evasion Items Clause: Evasion items are banned
|rule|Evasion Moves Clause: Evasion moves are banned
|rule|Evasion Abilities Clause: Evasion abilities are banned
|rule|Sleep Moves Clause: Sleep-inducing moves are banned
|clearpoke
|poke|p1|Alcremie-Ruby-Swirl, F|
|poke|p1|Sableye, F|
|poke|p1|Primeape, F|
|poke|p1|Ursaring, F|
|poke|p1|Brute Bonnet|
|poke|p1|Squawkabilly-Blue, M|
|poke|p2|Dragonite, F|
|poke|p2|Ting-Lu|
|poke|p2|Clefable, F|
|poke|p2|Pecharunt|
|poke|p2|Heatran, M|
|poke|p2|Zamazenta-*|
|teampreview
|inactive|Battle timer is ON: inactive players will automatically lose when time's up. (requested by my shitters)
|
|t:|1779632758
|teamsize|p1|6
|teamsize|p2|6
|start
|switch|p1a: OnePunchBear|Ursaring, F|100/100
|switch|p2a: Ting-Lu|Ting-Lu|100/100
|-ability|p2a: Ting-Lu|Vessel of Ruin
|turn|1
|
|t:|1779632770
|move|p1a: OnePunchBear|Swords Dance|p1a: OnePunchBear
|-boost|p1a: OnePunchBear|atk|2
|move|p2a: Ting-Lu|Spikes|p1a: OnePunchBear
|-sidestart|p1: my shitters|Spikes
|
|-status|p1a: OnePunchBear|brn|[from] item: Flame Orb
|upkeep
|turn|2
|
|t:|1779632772
|switch|p2a: Pecharunt|Pecharunt|100/100
|move|p1a: OnePunchBear|Facade|p2a: Pecharunt
|-immune|p2a: Pecharunt
|
|-damage|p1a: OnePunchBear|94/100 brn|[from] brn
|upkeep
|turn|3
|
|t:|1779632782
|move|p1a: OnePunchBear|Throat Chop|p2a: Pecharunt
|-supereffective|p2a: Pecharunt
|-damage|p2a: Pecharunt|23/100
|-start|p2a: Pecharunt|Throat Chop|[silent]
|cant|p2a: Pecharunt|move: Throat Chop
|
|-damage|p1a: OnePunchBear|88/100 brn|[from] brn
|upkeep
|turn|4
|
|t:|1779632799
|switch|p2a: Ting-Lu|Ting-Lu|100/100
|-ability|p2a: Ting-Lu|Vessel of Ruin
|move|p1a: OnePunchBear|Swords Dance|p1a: OnePunchBear
|-boost|p1a: OnePunchBear|atk|2
|
|-damage|p1a: OnePunchBear|82/100 brn|[from] brn
|upkeep
|turn|5
|
|t:|1779632807
|move|p1a: OnePunchBear|Facade|p2a: Ting-Lu
|-damage|p2a: Ting-Lu|0 fnt
|faint|p2a: Ting-Lu
|
|-damage|p1a: OnePunchBear|76/100 brn|[from] brn
|upkeep
|
|t:|1779632812
|switch|p2a: Zamazenta|Zamazenta|100/100
|-ability|p2a: Zamazenta|Dauntless Shield|boost
|-boost|p2a: Zamazenta|def|1
|turn|6
|
|t:|1779632818
|switch|p1a: GemPostin|Sableye, F|100/100
|-damage|p1a: GemPostin|88/100|[from] Spikes
|move|p2a: Zamazenta|Close Combat|p1a: GemPostin
|-immune|p1a: GemPostin
|
|upkeep
|turn|7
|
|t:|1779632823
|switch|p2a: Heatran|Heatran, M|100/100
|move|p1a: GemPostin|Reflect|p1a: GemPostin
|-sidestart|p1: my shitters|Reflect
|
|upkeep
|turn|8
|inactive|my shitters has 120 seconds left.
|
|t:|1779632860
|move|p1a: GemPostin|Light Screen|p1a: GemPostin
|-sidestart|p1: my shitters|move: Light Screen
|move|p2a: Heatran|Magma Storm|p1a: GemPostin
|-damage|p1a: GemPostin|53/100
|-activate|p1a: GemPostin|move: Magma Storm|[of] p2a: Heatran
|
|-damage|p1a: GemPostin|41/100|[from] move: Magma Storm|[partiallytrapped]
|upkeep
|turn|9
|
|t:|1779632869
|switch|p1a: Squawkablue|Squawkabilly-Blue, M|100/100
|-ability|p1a: Squawkablue|Intimidate|boost
|-unboost|p2a: Heatran|atk|1
|move|p2a: Heatran|Magma Storm|p1a: Squawkablue
|-damage|p1a: Squawkablue|64/100
|-activate|p1a: Squawkablue|move: Magma Storm|[of] p2a: Heatran
|
|-damage|p1a: Squawkablue|51/100|[from] move: Magma Storm|[partiallytrapped]
|upkeep
|turn|10
|
|t:|1779632884
|move|p1a: Squawkablue|U-turn|p2a: Heatran
|-resisted|p2a: Heatran
|-damage|p2a: Heatran|97/100
|inactive|my shitters has 120 seconds left.
|
|t:|1779632900
|switch|p1a: UngaBoonguss|Brute Bonnet|100/100|[from] U-turn
|-damage|p1a: UngaBoonguss|88/100|[from] Spikes
|-enditem|p1a: UngaBoonguss|Booster Energy
|-activate|p1a: UngaBoonguss|ability: Protosynthesis|[fromitem]
|-start|p1a: UngaBoonguss|protosynthesisatk
|move|p2a: Heatran|Magma Storm|p1a: UngaBoonguss
|-supereffective|p1a: UngaBoonguss
|-damage|p1a: UngaBoonguss|53/100
|-activate|p1a: UngaBoonguss|move: Magma Storm|[of] p2a: Heatran
|
|-heal|p2a: Heatran|100/100|[from] item: Leftovers
|-damage|p1a: UngaBoonguss|41/100|[from] move: Magma Storm|[partiallytrapped]
|upkeep
|turn|11
|
|t:|1779632921
|switch|p2a: Dragonite|Dragonite, F|100/100
|move|p1a: UngaBoonguss|Close Combat|p2a: Dragonite
|-resisted|p2a: Dragonite
|-damage|p2a: Dragonite|88/100
|-unboost|p1a: UngaBoonguss|def|1
|-unboost|p1a: UngaBoonguss|spd|1
|
|-end|p1a: UngaBoonguss|Magma Storm|[partiallytrapped]|[silent]
|upkeep
|turn|12
|
|t:|1779632928
|move|p1a: UngaBoonguss|Crunch|p2a: Dragonite
|-damage|p2a: Dragonite|31/100
|move|p2a: Dragonite|Dragon Tail|p1a: UngaBoonguss
|-damage|p1a: UngaBoonguss|18/100
|-end|p1a: UngaBoonguss|Protosynthesis|[silent]
|drag|p1a: OnePunchBear|Ursaring, F|76/100 brn
|-damage|p1a: OnePunchBear|64/100 brn|[from] Spikes
|
|-damage|p1a: OnePunchBear|57/100 brn|[from] brn
|upkeep
|turn|13
|
|t:|1779632942
|move|p1a: OnePunchBear|Thunder Punch|p2a: Dragonite
|-damage|p2a: Dragonite|0 fnt
|faint|p2a: Dragonite
|
|-damage|p1a: OnePunchBear|51/100 brn|[from] brn
|upkeep
|
|t:|1779632945
|switch|p2a: Zamazenta|Zamazenta|100/100
|turn|14
|
|t:|1779632952
|move|p1a: OnePunchBear|Facade|p2a: Zamazenta
|-damage|p2a: Zamazenta|6/100
|move|p2a: Zamazenta|Roar|p1a: OnePunchBear
|drag|p1a: RobotAlcremicDrive|Alcremie-Ruby-Swirl, F|100/100
|-damage|p1a: RobotAlcremicDrive|88/100|[from] Spikes
|
|-heal|p1a: RobotAlcremicDrive|94/100|[from] item: Leftovers
|-sideend|p1: my shitters|Reflect
|upkeep
|turn|15
|
|t:|1779632963
|switch|p2a: Pecharunt|Pecharunt|23/100
|switch|p1a: UngaBoonguss|Brute Bonnet|18/100
|-damage|p1a: UngaBoonguss|6/100|[from] Spikes
|
|-sideend|p1: my shitters|move: Light Screen
|upkeep
|turn|16
|
|t:|1779632971
|move|p2a: Pecharunt|Recover|p2a: Pecharunt
|-heal|p2a: Pecharunt|73/100
|move|p1a: UngaBoonguss|Crunch|p2a: Pecharunt
|-supereffective|p2a: Pecharunt
|-damage|p2a: Pecharunt|33/100
|
|upkeep
|turn|17
|
|t:|1779632976
|move|p2a: Pecharunt|Recover|p2a: Pecharunt
|-heal|p2a: Pecharunt|83/100
|move|p1a: UngaBoonguss|Crunch|p2a: Pecharunt
|-supereffective|p2a: Pecharunt
|-damage|p2a: Pecharunt|43/100
|
|upkeep
|turn|18
|
|t:|1779632980
|move|p2a: Pecharunt|Recover|p2a: Pecharunt
|-heal|p2a: Pecharunt|93/100
|move|p1a: UngaBoonguss|Crunch|p2a: Pecharunt
|-supereffective|p2a: Pecharunt
|-damage|p2a: Pecharunt|53/100
|
|upkeep
|turn|19
|
|t:|1779632985
|move|p2a: Pecharunt|Shadow Ball|p1a: UngaBoonguss
|-resisted|p1a: UngaBoonguss
|-damage|p1a: UngaBoonguss|0 fnt
|faint|p1a: UngaBoonguss
|-end|p1a: UngaBoonguss|Protosynthesis|[silent]
|
|upkeep
|
|t:|1779632991
|switch|p1a: GemPostin|Sableye, F|41/100
|-damage|p1a: GemPostin|29/100|[from] Spikes
|turn|20
|
|t:|1779632997
|move|p1a: GemPostin|Taunt|p2a: Pecharunt
|-start|p2a: Pecharunt|move: Taunt
|move|p2a: Pecharunt|Shadow Ball|p1a: GemPostin
|-damage|p1a: GemPostin|0 fnt
|faint|p1a: GemPostin
|
|upkeep
|
|t:|1779633012
|switch|p1a: OnePunchBear|Ursaring, F|51/100 brn
|-damage|p1a: OnePunchBear|39/100 brn|[from] Spikes
|turn|21
|
|t:|1779633020
|switch|p2a: Zamazenta|Zamazenta|6/100
|move|p1a: OnePunchBear|Throat Chop|p2a: Zamazenta
|-resisted|p2a: Zamazenta
|-damage|p2a: Zamazenta|0 fnt
|faint|p2a: Zamazenta
|
|-damage|p1a: OnePunchBear|33/100 brn|[from] brn
|upkeep
|
|t:|1779633025
|switch|p2a: Heatran|Heatran, M|100/100
|turn|22
|
|t:|1779633029
|move|p1a: OnePunchBear|Facade|p2a: Heatran
|-resisted|p2a: Heatran
|-damage|p2a: Heatran|53/100
|move|p2a: Heatran|Magma Storm|p1a: OnePunchBear
|-damage|p1a: OnePunchBear|0 fnt
|faint|p1a: OnePunchBear
|
|-heal|p2a: Heatran|59/100|[from] item: Leftovers
|upkeep
|
|t:|1779633040
|switch|p1a: PonnieColeman|Primeape, F|100/100
|-damage|p1a: PonnieColeman|88/100|[from] Spikes
|turn|23
|
|t:|1779633044
|switch|p2a: Clefable|Clefable, F|100/100
|move|p1a: PonnieColeman|Bulk Up|p1a: PonnieColeman
|-boost|p1a: PonnieColeman|atk|1
|-boost|p1a: PonnieColeman|def|1
|
|upkeep
|turn|24
|
|t:|1779633049
|-terastallize|p1a: PonnieColeman|Fire
|move|p1a: PonnieColeman|Bulk Up|p1a: PonnieColeman
|-boost|p1a: PonnieColeman|atk|1
|-boost|p1a: PonnieColeman|def|1
|move|p2a: Clefable|Moonblast|p1a: PonnieColeman
|-resisted|p1a: PonnieColeman
|-damage|p1a: PonnieColeman|74/100
|-unboost|p1a: PonnieColeman|spa|1
|-ability|p1a: PonnieColeman|Defiant|boost
|-boost|p1a: PonnieColeman|atk|2
|
|upkeep
|turn|25
|inactive|china blu camaleon has 120 seconds left.
|
|t:|1779633083
|move|p1a: PonnieColeman|Rage Fist|p2a: Clefable
|-damage|p2a: Clefable|45/100
|move|p2a: Clefable|Knock Off|p1a: PonnieColeman
|-damage|p1a: PonnieColeman|67/100
|-enditem|p1a: PonnieColeman|Eviolite|[from] move: Knock Off|[of] p2a: Clefable
|
|-heal|p2a: Clefable|51/100|[from] item: Leftovers
|upkeep
|turn|26
|
|t:|1779633093
|move|p1a: PonnieColeman|Rage Fist|p2a: Clefable
|-damage|p2a: Clefable|0 fnt
|faint|p2a: Clefable
|
|upkeep
|inactive|china blu camaleon has 120 seconds left.
|
|t:|1779633111
|switch|p2a: Heatran|Heatran, M|59/100
|turn|27
|
|t:|1779633117
|move|p1a: PonnieColeman|Drain Punch|p2a: Heatran
|-supereffective|p2a: Heatran
|-damage|p2a: Heatran|0 fnt
|-heal|p1a: PonnieColeman|100/100|[from] drain|[of] p2a: Heatran
|faint|p2a: Heatran
|
|upkeep
|
|t:|1779633120
|switch|p2a: Pecharunt|Pecharunt|53/100
|turn|28
|
|t:|1779633123
|move|p1a: PonnieColeman|Rage Fist|p2a: Pecharunt
|-supereffective|p2a: Pecharunt
|-damage|p2a: Pecharunt|0 fnt
|faint|p2a: Pecharunt
|
|win|my shitters
|raw|my shitters's rating: 1410 &rarr; <strong>1430</strong><br />(+20 for winning)
|raw|china blu camaleon's rating: 1408 &rarr; <strong>1388</strong><br />(-20 for losing)
|l|☆my shitters
|player|p1|
|l|☆china blu camaleon
|player|p2|
