|j|☆morrrow1
|j|☆BugCatcherWeevil
|t:|1779609976
|gametype|singles
|player|p1|morrrow1|sabrina|1502
|player|p2|BugCatcherWeevil|102|1543
|gen|9
|tier|[Gen 9] OU
|rated|
|rule|HP Percentage Mod: HP is shown in percentages
|rule|Endless Battle Clause: Forcing endless battles is banned
|rule|Species Clause: Limit one of each Pokémon
|rule|OHKO Clause: OHKO moves are banned
|rule|Evasion Items Clause: Evasion items are banned
|rule|Evasion Moves Clause: Evasion moves are banned
|rule|Evasion Abilities Clause: Evasion abilities are banned
|rule|Sleep Moves Clause: Sleep-inducing moves are banned
|clearpoke
|poke|p1|Dragonite, F|
|poke|p1|Samurott-Hisui, F|
|poke|p1|Gholdengo|
|poke|p1|Pecharunt|
|poke|p1|Walking Wake|
|poke|p1|Ting-Lu|
|poke|p2|Ninetales, F|
|poke|p2|Slither Wing|
|poke|p2|Fezandipiti, M|
|poke|p2|Great Tusk|
|poke|p2|Dragapult, M|
|poke|p2|Raging Bolt|
|teampreview
|inactive|Battle timer is ON: inactive players will automatically lose when time's up. (requested by morrrow1)
|inactive|BugCatcherWeevil has 120 seconds left.
|
|t:|1779610035
|teamsize|p1|6
|teamsize|p2|6
|start
|switch|p1a: Samurott|Samurott-Hisui, F|100/100
|switch|p2a: Raging Bolt|Raging Bolt|100/100
|turn|1
|
|t:|1779610042
|switch|p1a: Ting-Lu|Ting-Lu|100/100
|-ability|p1a: Ting-Lu|Vessel of Ruin
|move|p2a: Raging Bolt|Volt Switch|p1a: Ting-Lu
|-immune|p1a: Ting-Lu
|
|upkeep
|turn|2
|
|t:|1779610048
|-end|p2a: Raging Bolt|Protosynthesis|[silent]
|switch|p2a: Great Tusk|Great Tusk|100/100
|move|p1a: Ting-Lu|Stealth Rock|p2a: Great Tusk
|-sidestart|p2: BugCatcherWeevil|move: Stealth Rock
|
|upkeep
|turn|3
|
|t:|1779610052
|move|p2a: Great Tusk|Stealth Rock|p1a: Ting-Lu
|-sidestart|p1: morrrow1|move: Stealth Rock
|move|p1a: Ting-Lu|Ruination|p2a: Great Tusk
|-damage|p2a: Great Tusk|51/100
|
|upkeep
|turn|4
|
|t:|1779610058
|switch|p1a: Pecharunt|Pecharunt|100/100
|move|p2a: Great Tusk|Knock Off|p1a: Pecharunt
|-supereffective|p1a: Pecharunt
|-crit|p1a: Pecharunt
|-damage|p1a: Pecharunt|31/100
|-enditem|p1a: Pecharunt|Heavy-Duty Boots|[from] move: Knock Off|[of] p2a: Great Tusk
|
|upkeep
|turn|5
|
|t:|1779610070
|-end|p2a: Great Tusk|Protosynthesis|[silent]
|switch|p2a: Fezandipiti|Fezandipiti, M|100/100
|move|p1a: Pecharunt|Recover|p1a: Pecharunt
|-heal|p1a: Pecharunt|82/100
|
|upkeep
|turn|6
|
|t:|1779610080
|move|p1a: Pecharunt|Nasty Plot|p1a: Pecharunt
|-boost|p1a: Pecharunt|spa|2
|move|p2a: Fezandipiti|Beat Up|p1a: Pecharunt
|-supereffective|p1a: Pecharunt
|-damage|p1a: Pecharunt|77/100
|-supereffective|p1a: Pecharunt
|-damage|p1a: Pecharunt|71/100
|-supereffective|p1a: Pecharunt
|-damage|p1a: Pecharunt|66/100
|-supereffective|p1a: Pecharunt
|-damage|p1a: Pecharunt|61/100
|-supereffective|p1a: Pecharunt
|-damage|p1a: Pecharunt|56/100
|-supereffective|p1a: Pecharunt
|-damage|p1a: Pecharunt|51/100
|-hitcount|p1a: Pecharunt|6
|
|upkeep
|turn|7
|
|t:|1779610094
|move|p1a: Pecharunt|Recover|p1a: Pecharunt
|-heal|p1a: Pecharunt|100/100
|move|p2a: Fezandipiti|U-turn|p1a: Pecharunt
|-resisted|p1a: Pecharunt
|-damage|p1a: Pecharunt|98/100
|
|t:|1779610099
|switch|p2a: Dragapult|Dragapult, M|100/100|[from] U-turn
|-damage|p2a: Dragapult|88/100|[from] Stealth Rock
|
|upkeep
|turn|8
|
|t:|1779610109
|-terastallize|p2a: Dragapult|Dragon
|-terastallize|p1a: Pecharunt|Water
|move|p2a: Dragapult|Draco Meteor|p1a: Pecharunt
|-damage|p1a: Pecharunt|0 fnt
|-unboost|p2a: Dragapult|spa|2
|faint|p1a: Pecharunt
|-damage|p2a: Dragapult|78/100|[from] item: Life Orb
|
|upkeep
|j| testingrainteam1
|
|t:|1779610124
|switch|p1a: Samurott|Samurott-Hisui, F|100/100
|-damage|p1a: Samurott|88/100|[from] Stealth Rock
|turn|9
|
|t:|1779610129
|move|p2a: Dragapult|Dragon Darts|p1a: Samurott
|-damage|p1a: Samurott|46/100
|-anim|p2a: Dragapult|Dragon Darts|p1a: Samurott
|-damage|p1a: Samurott|7/100
|-damage|p2a: Dragapult|69/100|[from] item: Life Orb
|move|p1a: Samurott|Ceaseless Edge|p2a: Dragapult
|-damage|p2a: Dragapult|12/100
|-sidestart|p2: BugCatcherWeevil|Spikes
|
|upkeep
|turn|10
|
|t:|1779610143
|switch|p2a: Fezandipiti|Fezandipiti, M|100/100
|move|p1a: Samurott|Sucker Punch||[still]
|-fail|p1a: Samurott
|
|upkeep
|turn|11
|
|t:|1779610153
|move|p2a: Fezandipiti|U-turn|p1a: Samurott
|-supereffective|p1a: Samurott
|-damage|p1a: Samurott|0 fnt
|faint|p1a: Samurott
|
|t:|1779610157
|switch|p2a: Great Tusk|Great Tusk|51/100|[from] U-turn
|
|upkeep
|
|t:|1779610161
|switch|p1a: Walking Wake|Walking Wake|100/100
|turn|12
|
|t:|1779610169
|-end|p2a: Great Tusk|Protosynthesis|[silent]
|switch|p2a: Fezandipiti|Fezandipiti, M|100/100
|move|p1a: Walking Wake|Flip Turn|p2a: Fezandipiti
|-damage|p2a: Fezandipiti|84/100
|
|t:|1779610175
|-end|p1a: Walking Wake|Protosynthesis|[silent]
|switch|p1a: Gholdengo|Gholdengo|100/100|[from] Flip Turn
|-damage|p1a: Gholdengo|94/100|[from] Stealth Rock
|
|upkeep
|turn|13
|inactive|BugCatcherWeevil has 120 seconds left.
|l| testingrainteam1
|j| testingrainteam1
|
|t:|1779610216
|switch|p1a: Walking Wake|Walking Wake|100/100
|switch|p2a: Ninetales|Ninetales, F|100/100
|-damage|p2a: Ninetales|76/100|[from] Stealth Rock
|-damage|p2a: Ninetales|63/100|[from] Spikes
|-weather|SunnyDay|[from] ability: Drought|[of] p2a: Ninetales
|-activate|p1a: Walking Wake|ability: Protosynthesis
|-start|p1a: Walking Wake|protosynthesisspe
|
|-weather|SunnyDay|[upkeep]
|upkeep
|turn|14
|
|t:|1779610231
|switch|p2a: Dragapult|Dragapult, M, tera:Dragon|12/100
|-damage|p2a: Dragapult|0 fnt|[from] Stealth Rock
|faint|p2a: Dragapult
|move|p1a: Walking Wake|Flip Turn|p2: Dragapult|[notarget]
|-fail|p1a: Walking Wake
|
|-weather|SunnyDay|[upkeep]
|upkeep
|
|t:|1779610235
|switch|p2a: Fezandipiti|Fezandipiti, M|84/100
|turn|15
|
|t:|1779610242
|move|p1a: Walking Wake|Flip Turn|p2a: Fezandipiti
|-damage|p2a: Fezandipiti|76/100
|
|t:|1779610244
|-end|p1a: Walking Wake|Protosynthesis|[silent]
|switch|p1a: Ting-Lu|Ting-Lu|100/100|[from] Flip Turn
|-damage|p1a: Ting-Lu|94/100|[from] Stealth Rock
|-ability|p1a: Ting-Lu|Vessel of Ruin
|move|p2a: Fezandipiti|Beat Up|p1a: Ting-Lu
|-resisted|p1a: Ting-Lu
|-damage|p1a: Ting-Lu|93/100
|-resisted|p1a: Ting-Lu
|-damage|p1a: Ting-Lu|92/100
|-resisted|p1a: Ting-Lu
|-damage|p1a: Ting-Lu|91/100
|-resisted|p1a: Ting-Lu
|-damage|p1a: Ting-Lu|90/100
|-resisted|p1a: Ting-Lu
|-damage|p1a: Ting-Lu|89/100
|-status|p1a: Ting-Lu|tox|[from] ability: Toxic Chain|[of] p2a: Fezandipiti
|-hitcount|p1a: Ting-Lu|5
|
|-weather|SunnyDay|[upkeep]
|-heal|p1a: Ting-Lu|96/100 tox|[from] item: Leftovers
|-damage|p1a: Ting-Lu|89/100 tox|[from] psn
|upkeep
|turn|16
|
|t:|1779610268
|move|p2a: Fezandipiti|U-turn|p1a: Ting-Lu
|-supereffective|p1a: Ting-Lu
|-damage|p1a: Ting-Lu|69/100 tox
|
|t:|1779610272
|switch|p2a: Slither Wing|Slither Wing|100/100|[from] U-turn
|-damage|p2a: Slither Wing|88/100|[from] Stealth Rock
|-damage|p2a: Slither Wing|76/100|[from] Spikes
|-activate|p2a: Slither Wing|ability: Protosynthesis
|-start|p2a: Slither Wing|protosynthesisatk
|move|p1a: Ting-Lu|Ruination|p2a: Slither Wing
|-damage|p2a: Slither Wing|38/100
|
|-weather|SunnyDay|[upkeep]
|-heal|p1a: Ting-Lu|75/100 tox|[from] item: Leftovers
|-damage|p1a: Ting-Lu|63/100 tox|[from] psn
|upkeep
|turn|17
|
|t:|1779610283
|switch|p1a: Dragonite|Dragonite, F|100/100
|move|p2a: Slither Wing|U-turn|p1a: Dragonite
|-resisted|p1a: Dragonite
|-damage|p1a: Dragonite|82/100
|
|t:|1779610289
|-end|p2a: Slither Wing|Protosynthesis|[silent]
|switch|p2a: Great Tusk|Great Tusk|51/100|[from] U-turn
|-activate|p2a: Great Tusk|ability: Protosynthesis
|-start|p2a: Great Tusk|protosynthesisatk
|
|-weather|SunnyDay|[upkeep]
|upkeep
|turn|18
|
|t:|1779610302
|move|p2a: Great Tusk|Rapid Spin|p1a: Dragonite
|-damage|p1a: Dragonite|61/100
|-boost|p2a: Great Tusk|spe|1
|-sideend|p2: BugCatcherWeevil|Spikes|[from] move: Rapid Spin|[of] p2a: Great Tusk
|-sideend|p2: BugCatcherWeevil|Stealth Rock|[from] move: Rapid Spin|[of] p2a: Great Tusk
|move|p1a: Dragonite|Low Kick|p2a: Great Tusk
|-damage|p2a: Great Tusk|20/100
|
|-weather|SunnyDay|[upkeep]
|upkeep
|turn|19
|
|t:|1779610313
|move|p1a: Dragonite|Extreme Speed|p2a: Great Tusk
|-crit|p2a: Great Tusk
|-damage|p2a: Great Tusk|0 fnt
|faint|p2a: Great Tusk
|-end|p2a: Great Tusk|Protosynthesis|[silent]
|
|-weather|SunnyDay|[upkeep]
|upkeep
|l| testingrainteam1
|j| testingrainteam1
|inactive|BugCatcherWeevil has 120 seconds left.
|
|t:|1779610344
|switch|p2a: Raging Bolt|Raging Bolt|100/100
|-activate|p2a: Raging Bolt|ability: Protosynthesis
|-start|p2a: Raging Bolt|protosynthesisspa
|turn|20
|l| testingrainteam1
|
|t:|1779610355
|move|p2a: Raging Bolt|Weather Ball|p1a: Dragonite
|-resisted|p1a: Dragonite
|-damage|p1a: Dragonite|10/100
|move|p1a: Dragonite|Dragon Tail|p2a: Raging Bolt
|-supereffective|p2a: Raging Bolt
|-damage|p2a: Raging Bolt|47/100
|-end|p2a: Raging Bolt|Protosynthesis|[silent]
|drag|p2a: Ninetales|Ninetales, F|63/100
|
|-weather|none
|upkeep
|turn|21
|inactive|BugCatcherWeevil has 120 seconds left.
|
|t:|1779610372
|switch|p1a: Ting-Lu|Ting-Lu|63/100 tox
|-damage|p1a: Ting-Lu|57/100 tox|[from] Stealth Rock
|-ability|p1a: Ting-Lu|Vessel of Ruin
|move|p2a: Ninetales|Will-O-Wisp||[still]
|-fail|p2a: Ninetales
|
|-heal|p1a: Ting-Lu|63/100 tox|[from] item: Leftovers
|-damage|p1a: Ting-Lu|57/100 tox|[from] psn
|upkeep
|turn|22
|
|t:|1779610383
|switch|p2a: Slither Wing|Slither Wing|38/100
|move|p1a: Ting-Lu|Stealth Rock|p2a: Slither Wing
|-sidestart|p2: BugCatcherWeevil|move: Stealth Rock
|
|-heal|p1a: Ting-Lu|63/100 tox|[from] item: Leftovers
|-damage|p1a: Ting-Lu|50/100 tox|[from] psn
|upkeep
|turn|23
|
|t:|1779610391
|switch|p1a: Gholdengo|Gholdengo|94/100
|-damage|p1a: Gholdengo|88/100|[from] Stealth Rock
|move|p2a: Slither Wing|U-turn|p1a: Gholdengo
|-resisted|p1a: Gholdengo
|-damage|p1a: Gholdengo|71/100
|
|t:|1779610398
|-end|p2a: Slither Wing|Protosynthesis|[silent]
|switch|p2a: Ninetales|Ninetales, F|63/100|[from] U-turn
|-damage|p2a: Ninetales|38/100|[from] Stealth Rock
|-weather|SunnyDay|[from] ability: Drought|[of] p2a: Ninetales
|
|-weather|SunnyDay|[upkeep]
|upkeep
|turn|24
|
|t:|1779610401
|move|p1a: Gholdengo|Shadow Ball|p2a: Ninetales
|-damage|p2a: Ninetales|0 fnt
|faint|p2a: Ninetales
|
|-weather|SunnyDay|[upkeep]
|upkeep
|
|t:|1779610410
|switch|p2a: Fezandipiti|Fezandipiti, M|76/100
|turn|25
|
|t:|1779610439
|switch|p1a: Dragonite|Dragonite, F|10/100
|move|p2a: Fezandipiti|Roost|p2a: Fezandipiti
|-heal|p2a: Fezandipiti|100/100
|-singleturn|p2a: Fezandipiti|move: Roost
|
|-weather|SunnyDay|[upkeep]
|upkeep
|turn|26
|
|t:|1779610446
|move|p1a: Dragonite|Extreme Speed|p2a: Fezandipiti
|-damage|p2a: Fezandipiti|69/100
|move|p2a: Fezandipiti|Play Rough|p1a: Dragonite
|-supereffective|p1a: Dragonite
|-damage|p1a: Dragonite|0 fnt
|faint|p1a: Dragonite
|
|-weather|SunnyDay|[upkeep]
|upkeep
|
|t:|1779610452
|switch|p1a: Ting-Lu|Ting-Lu|50/100 tox
|-damage|p1a: Ting-Lu|44/100 tox|[from] Stealth Rock
|-ability|p1a: Ting-Lu|Vessel of Ruin
|turn|27
|
|t:|1779610462
|move|p2a: Fezandipiti|U-turn|p1a: Ting-Lu
|-supereffective|p1a: Ting-Lu
|-damage|p1a: Ting-Lu|25/100 tox
|
|t:|1779610465
|switch|p2a: Slither Wing|Slither Wing|38/100|[from] U-turn
|-damage|p2a: Slither Wing|26/100|[from] Stealth Rock
|-activate|p2a: Slither Wing|ability: Protosynthesis
|-start|p2a: Slither Wing|protosynthesisatk
|move|p1a: Ting-Lu|Earthquake|p2a: Slither Wing
|-resisted|p2a: Slither Wing
|-damage|p2a: Slither Wing|3/100
|
|-weather|SunnyDay|[upkeep]
|-heal|p1a: Ting-Lu|32/100 tox|[from] item: Leftovers
|-damage|p1a: Ting-Lu|25/100 tox|[from] psn
|upkeep
|turn|28
|
|t:|1779610494
|move|p2a: Slither Wing|U-turn|p1a: Ting-Lu
|-supereffective|p1a: Ting-Lu
|-damage|p1a: Ting-Lu|0 fnt
|faint|p1a: Ting-Lu
|
|t:|1779610498
|-end|p2a: Slither Wing|Protosynthesis|[silent]
|switch|p2a: Fezandipiti|Fezandipiti, M|69/100|[from] U-turn
|
|-weather|SunnyDay|[upkeep]
|upkeep
|
|t:|1779610503
|switch|p1a: Gholdengo|Gholdengo|71/100
|-damage|p1a: Gholdengo|65/100|[from] Stealth Rock
|turn|29
|
|t:|1779610522
|switch|p2a: Slither Wing|Slither Wing|3/100
|-damage|p2a: Slither Wing|0 fnt|[from] Stealth Rock
|faint|p2a: Slither Wing
|-end|p2a: Slither Wing|Protosynthesis|[silent]
|move|p1a: Gholdengo|Shadow Ball|p2: Slither Wing|[notarget]
|-fail|p1a: Gholdengo
|
|-weather|SunnyDay|[upkeep]
|upkeep
|
|t:|1779610530
|switch|p2a: Fezandipiti|Fezandipiti, M|69/100
|turn|30
|
|t:|1779610532
|move|p1a: Gholdengo|Shadow Ball|p2a: Fezandipiti
|-damage|p2a: Fezandipiti|39/100
|move|p2a: Fezandipiti|Roost|p2a: Fezandipiti
|-heal|p2a: Fezandipiti|89/100
|-singleturn|p2a: Fezandipiti|move: Roost
|
|-weather|none
|upkeep
|turn|31
|
|t:|1779610540
|move|p1a: Gholdengo|Shadow Ball|p2a: Fezandipiti
|-damage|p2a: Fezandipiti|60/100
|move|p2a: Fezandipiti|Roost|p2a: Fezandipiti
|-heal|p2a: Fezandipiti|100/100
|-singleturn|p2a: Fezandipiti|move: Roost
|
|upkeep
|turn|32
|
|t:|1779610542
|move|p1a: Gholdengo|Shadow Ball|p2a: Fezandipiti
|-damage|p2a: Fezandipiti|74/100
|move|p2a: Fezandipiti|Beat Up|p1a: Gholdengo
|-supereffective|p1a: Gholdengo
|-crit|p1a: Gholdengo
|-damage|p1a: Gholdengo|53/100
|-supereffective|p1a: Gholdengo
|-crit|p1a: Gholdengo
|-damage|p1a: Gholdengo|43/100
|-hitcount|p1a: Gholdengo|2
|
|upkeep
|turn|33
|j| NoirSoumission
|
|t:|1779610553
|switch|p1a: Walking Wake|Walking Wake|100/100
|move|p2a: Fezandipiti|Roost|p2a: Fezandipiti
|-heal|p2a: Fezandipiti|100/100
|-singleturn|p2a: Fezandipiti|move: Roost
|
|upkeep
|turn|34
|
|t:|1779610557
|move|p1a: Walking Wake|Surf|p2a: Fezandipiti
|-damage|p2a: Fezandipiti|68/100
|move|p2a: Fezandipiti|Play Rough|p1a: Walking Wake
|-supereffective|p1a: Walking Wake
|-damage|p1a: Walking Wake|31/100
|
|upkeep
|turn|35
|
|t:|1779610564
|move|p1a: Walking Wake|Surf|p2a: Fezandipiti
|-damage|p2a: Fezandipiti|37/100
|move|p2a: Fezandipiti|Roost|p2a: Fezandipiti
|-heal|p2a: Fezandipiti|87/100
|-singleturn|p2a: Fezandipiti|move: Roost
|
|upkeep
|turn|36
|
|t:|1779610568
|move|p1a: Walking Wake|Surf|p2a: Fezandipiti
|-damage|p2a: Fezandipiti|58/100
|move|p2a: Fezandipiti|Play Rough|p1a: Walking Wake
|-supereffective|p1a: Walking Wake
|-damage|p1a: Walking Wake|0 fnt
|faint|p1a: Walking Wake
|-end|p1a: Walking Wake|Protosynthesis|[silent]
|
|upkeep
|
|t:|1779610571
|switch|p1a: Gholdengo|Gholdengo|43/100
|-damage|p1a: Gholdengo|37/100|[from] Stealth Rock
|turn|37
|
|t:|1779610578
|move|p1a: Gholdengo|Trick|p2a: Fezandipiti
|-activate|p1a: Gholdengo|move: Trick|[of] p2a: Fezandipiti
|-item|p2a: Fezandipiti|Choice Scarf|[from] move: Trick
|-item|p1a: Gholdengo|Heavy-Duty Boots|[from] move: Trick
|move|p2a: Fezandipiti|Roost|p2a: Fezandipiti
|-heal|p2a: Fezandipiti|100/100
|-singleturn|p2a: Fezandipiti|move: Roost
|
|upkeep
|turn|38
|
|t:|1779610584
|switch|p2a: Raging Bolt|Raging Bolt|47/100
|-damage|p2a: Raging Bolt|34/100|[from] Stealth Rock
|move|p1a: Gholdengo|Recover|p1a: Gholdengo
|-heal|p1a: Gholdengo|87/100
|
|upkeep
|turn|39
|
|t:|1779610589
|move|p1a: Gholdengo|Shadow Ball|p2a: Raging Bolt
|-damage|p2a: Raging Bolt|0 fnt
|faint|p2a: Raging Bolt
|-end|p2a: Raging Bolt|Protosynthesis|[silent]
|
|upkeep
|
|t:|1779610592
|switch|p2a: Fezandipiti|Fezandipiti, M|100/100
|-damage|p2a: Fezandipiti|88/100|[from] Stealth Rock
|turn|40
|
|t:|1779610597
|move|p2a: Fezandipiti|Beat Up|p1a: Gholdengo
|-supereffective|p1a: Gholdengo
|-damage|p1a: Gholdengo|78/100
|-hitcount|p1a: Gholdengo|1
|move|p1a: Gholdengo|Shadow Ball|p2a: Fezandipiti
|-damage|p2a: Fezandipiti|59/100
|
|upkeep
|turn|41
|-message|BugCatcherWeevil forfeited.
|
|win|morrrow1
|raw|morrrow1's rating: 1502 &rarr; <strong>1524</strong><br />(+22 for winning)
|raw|BugCatcherWeevil's rating: 1543 &rarr; <strong>1521</strong><br />(-22 for losing)
|l|☆BugCatcherWeevil
|player|p2|
|l|☆morrrow1
|player|p1|
