|j|☆kk3jj
|j|☆npctypebeat
|t:|1779594823
|gametype|singles
|player|p1|kk3jj|169|1099
|player|p2|npctypebeat|2|1136
|gen|9
|tier|[Gen 9] OU
|rated|
|rule|HP Percentage Mod: HP is shown in percentages
|rule|Endless Battle Clause: Forcing endless battles is banned
|rule|Species Clause: Limit one of each Pokémon
|rule|OHKO Clause: OHKO moves are banned
|rule|Evasion Items Clause: Evasion items are banned
|rule|Evasion Moves Clause: Evasion moves are banned
|rule|Evasion Abilities Clause: Evasion abilities are banned
|rule|Sleep Moves Clause: Sleep-inducing moves are banned
|clearpoke
|poke|p1|Totodile, M|
|poke|p1|Croconaw, F|
|poke|p1|Feraligatr, F|
|poke|p1|Ninetales-Alola, M|
|poke|p1|Samurott-Hisui, M|
|poke|p1|Heatran, F|
|poke|p2|Corviknight, F|
|poke|p2|Ting-Lu|
|poke|p2|Kyurem|
|poke|p2|Dondozo, M|
|poke|p2|Slowking-Galar, F|
|poke|p2|Cinderace, F|
|teampreview
|c|☆npctypebeat|hf
|inactive|Battle timer is ON: inactive players will automatically lose when time's up. (requested by npctypebeat)
|
|t:|1779594851
|teamsize|p1|6
|teamsize|p2|6
|start
|switch|p1a: Samurott|Samurott-Hisui, M|100/100
|switch|p2a: Cinderace|Cinderace, F|100/100
|turn|1
|
|t:|1779594859
|switch|p2a: Kyurem|Kyurem|100/100
|-ability|p2a: Kyurem|Pressure
|move|p1a: Samurott|Aqua Cutter|p2a: Kyurem
|-resisted|p2a: Kyurem
|-damage|p2a: Kyurem|77/100
|
|-heal|p2a: Kyurem|84/100|[from] item: Leftovers
|upkeep
|turn|2
|
|t:|1779594873
|switch|p1a: Heatran|Heatran, F|100/100
|move|p2a: Kyurem|Freeze-Dry|p1a: Heatran
|-resisted|p1a: Heatran
|-damage|p1a: Heatran|96/100
|-status|p1a: Heatran|frz
|
|-heal|p2a: Kyurem|90/100|[from] item: Leftovers
|upkeep
|turn|3
|
|t:|1779594888
|move|p2a: Kyurem|Freeze-Dry|p1a: Heatran
|-resisted|p1a: Heatran
|-damage|p1a: Heatran|91/100 frz
|cant|p1a: Heatran|frz
|
|-heal|p2a: Kyurem|96/100|[from] item: Leftovers
|upkeep
|turn|4
|
|t:|1779594904
|move|p2a: Kyurem|Freeze-Dry|p1a: Heatran
|-resisted|p1a: Heatran
|-damage|p1a: Heatran|86/100 frz
|cant|p1a: Heatran|frz
|
|-heal|p2a: Kyurem|100/100|[from] item: Leftovers
|upkeep
|turn|5
|inactive|npctypebeat has 120 seconds left.
|
|t:|1779594928
|move|p2a: Kyurem|Freeze-Dry|p1a: Heatran
|-resisted|p1a: Heatran
|-damage|p1a: Heatran|82/100 frz
|cant|p1a: Heatran|frz
|
|upkeep
|turn|6
|inactive|npctypebeat has 120 seconds left.
|
|t:|1779594942
|move|p2a: Kyurem|Freeze-Dry|p1a: Heatran
|-resisted|p1a: Heatran
|-damage|p1a: Heatran|77/100 frz
|cant|p1a: Heatran|frz
|
|upkeep
|turn|7
|
|t:|1779594960
|move|p2a: Kyurem|Freeze-Dry|p1a: Heatran
|-resisted|p1a: Heatran
|-damage|p1a: Heatran|72/100 frz
|cant|p1a: Heatran|frz
|
|upkeep
|turn|8
|inactive|npctypebeat has 120 seconds left.
|
|t:|1779594984
|move|p2a: Kyurem|Freeze-Dry|p1a: Heatran
|-resisted|p1a: Heatran
|-damage|p1a: Heatran|67/100 frz
|cant|p1a: Heatran|frz
|
|upkeep
|turn|9
|inactive|npctypebeat has 120 seconds left.
|
|t:|1779594994
|move|p2a: Kyurem|Freeze-Dry|p1a: Heatran
|-resisted|p1a: Heatran
|-damage|p1a: Heatran|63/100 frz
|cant|p1a: Heatran|frz
|
|upkeep
|turn|10
|
|t:|1779595000
|move|p2a: Kyurem|Freeze-Dry|p1a: Heatran
|-resisted|p1a: Heatran
|-crit|p1a: Heatran
|-damage|p1a: Heatran|56/100 frz
|cant|p1a: Heatran|frz
|
|upkeep
|turn|11
|
|t:|1779595005
|move|p2a: Kyurem|Freeze-Dry|p1a: Heatran
|-resisted|p1a: Heatran
|-damage|p1a: Heatran|52/100 frz
|cant|p1a: Heatran|frz
|
|upkeep
|turn|12
|
|t:|1779595010
|move|p2a: Kyurem|Freeze-Dry|p1a: Heatran
|-resisted|p1a: Heatran
|-damage|p1a: Heatran|47/100 frz
|cant|p1a: Heatran|frz
|
|upkeep
|turn|13
|
|t:|1779595028
|move|p2a: Kyurem|Freeze-Dry|p1a: Heatran
|-resisted|p1a: Heatran
|-damage|p1a: Heatran|42/100 frz
|cant|p1a: Heatran|frz
|
|upkeep
|turn|14
|
|t:|1779595035
|move|p2a: Kyurem|Freeze-Dry|p1a: Heatran
|-resisted|p1a: Heatran
|-damage|p1a: Heatran|37/100 frz
|cant|p1a: Heatran|frz
|
|upkeep
|turn|15
|
|t:|1779595040
|move|p2a: Kyurem|Freeze-Dry|p1a: Heatran
|-resisted|p1a: Heatran
|-crit|p1a: Heatran
|-damage|p1a: Heatran|30/100 frz
|-curestatus|p1a: Heatran|frz|[msg]
|move|p1a: Heatran|Flash Cannon|p2a: Kyurem
|-supereffective|p2a: Kyurem
|-damage|p2a: Kyurem|40/100
|
|-heal|p2a: Kyurem|46/100|[from] item: Leftovers
|upkeep
|turn|16
|
|t:|1779595055
|switch|p2a: Dondozo|Dondozo, M|100/100
|move|p1a: Heatran|Flash Cannon|p2a: Dondozo
|-resisted|p2a: Dondozo
|-damage|p2a: Dondozo|90/100
|
|-heal|p2a: Dondozo|96/100|[from] item: Leftovers
|upkeep
|turn|17
|
|t:|1779595071
|switch|p1a: Croconaw|Croconaw, F|100/100
|move|p2a: Dondozo|Body Press|p1a: Croconaw
|-damage|p1a: Croconaw|85/100
|
|-heal|p2a: Dondozo|100/100|[from] item: Leftovers
|upkeep
|turn|18
|
|t:|1779595081
|move|p1a: Croconaw|Chilling Water|p2a: Dondozo
|-resisted|p2a: Dondozo
|-damage|p2a: Dondozo|98/100
|-unboost|p2a: Dondozo|atk|1
|move|p2a: Dondozo|Body Press|p1a: Croconaw
|-damage|p1a: Croconaw|69/100
|
|-heal|p2a: Dondozo|100/100|[from] item: Leftovers
|upkeep
|turn|19
|
|t:|1779595098
|switch|p2a: Kyurem|Kyurem|46/100
|-ability|p2a: Kyurem|Pressure
|move|p1a: Croconaw|Scary Face|p2a: Kyurem
|-unboost|p2a: Kyurem|spe|2
|
|-heal|p2a: Kyurem|52/100|[from] item: Leftovers
|upkeep
|turn|20
|
|t:|1779595118
|switch|p1a: Heatran|Heatran, F|30/100
|move|p2a: Kyurem|Earth Power|p1a: Heatran
|-supereffective|p1a: Heatran
|-damage|p1a: Heatran|0 fnt
|faint|p1a: Heatran
|
|-heal|p2a: Kyurem|58/100|[from] item: Leftovers
|upkeep
|
|t:|1779595129
|switch|p1a: Samurott|Samurott-Hisui, M|100/100
|turn|21
|
|t:|1779595136
|move|p1a: Samurott|Sacred Sword|p2a: Kyurem
|-supereffective|p2a: Kyurem
|-damage|p2a: Kyurem|0 fnt
|faint|p2a: Kyurem
|
|upkeep
|
|t:|1779595153
|switch|p2a: Slowking|Slowking-Galar, F|100/100
|turn|22
|
|t:|1779595161
|switch|p1a: Croconaw|Croconaw, F|69/100
|move|p2a: Slowking|Sludge Bomb|p1a: Croconaw
|-damage|p1a: Croconaw|40/100
|
|upkeep
|turn|23
|
|t:|1779595173
|move|p1a: Croconaw|Endeavor|p2a: Slowking
|-damage|p2a: Slowking|28/100
|move|p2a: Slowking|Sludge Bomb|p1a: Croconaw
|-damage|p1a: Croconaw|14/100
|-status|p1a: Croconaw|psn
|
|-damage|p1a: Croconaw|2/100 psn|[from] psn
|upkeep
|turn|24
|
|t:|1779595192
|move|p1a: Croconaw|Endeavor|p2a: Slowking
|-damage|p2a: Slowking|2/100
|-prepare|p2a: Slowking|Chilly Reception|[premajor]
|move|p2a: Slowking|Chilly Reception|p2a: Slowking
|-weather|Snowscape
|inactive|npctypebeat has 120 seconds left.
|
|t:|1779595203
|switch|p2a: Dondozo|Dondozo, M|100/100|[from] Chilly Reception
|
|-weather|Snowscape|[upkeep]
|-damage|p1a: Croconaw|0 fnt|[from] psn
|faint|p1a: Croconaw
|upkeep
|
|t:|1779595221
|switch|p1a: Totodile|Totodile, M|100/100
|turn|25
|inactive|npctypebeat has 120 seconds left.
|
|t:|1779595249
|move|p2a: Dondozo|Body Press|p1a: Totodile
|-damage|p1a: Totodile|58/100
|move|p1a: Totodile|Counter|p2a: Dondozo
|-damage|p2a: Dondozo|59/100
|
|-weather|Snowscape|[upkeep]
|-heal|p2a: Dondozo|65/100|[from] item: Leftovers
|upkeep
|turn|26
|
|t:|1779595256
|move|p2a: Dondozo|Curse|p2a: Dondozo
|-unboost|p2a: Dondozo|spe|1
|-boost|p2a: Dondozo|atk|1
|-boost|p2a: Dondozo|def|1
|move|p1a: Totodile|Counter||[still]
|-fail|p1a: Totodile
|
|-weather|Snowscape|[upkeep]
|-heal|p2a: Dondozo|71/100|[from] item: Leftovers
|upkeep
|turn|27
|inactive|npctypebeat has 120 seconds left.
|
|t:|1779595264
|move|p1a: Totodile|Endeavor|p2a: Dondozo
|-damage|p2a: Dondozo|28/100
|move|p2a: Dondozo|Body Press|p1a: Totodile
|-crit|p1a: Totodile
|-damage|p1a: Totodile|0 fnt
|faint|p1a: Totodile
|
|-weather|Snowscape|[upkeep]
|-heal|p2a: Dondozo|34/100|[from] item: Leftovers
|upkeep
|
|t:|1779595273
|switch|p1a: Ninetales|Ninetales-Alola, M|100/100
|turn|28
|inactive|npctypebeat has 120 seconds left.
|
|t:|1779595305
|move|p1a: Ninetales|Moonblast|p2a: Dondozo
|-damage|p2a: Dondozo|15/100
|-unboost|p2a: Dondozo|spa|1
|move|p2a: Dondozo|Body Press|p1a: Ninetales
|-damage|p1a: Ninetales|73/100
|
|-weather|none
|-heal|p2a: Dondozo|21/100|[from] item: Leftovers
|upkeep
|turn|29
|
|t:|1779595330
|move|p1a: Ninetales|Moonblast|p2a: Dondozo
|-damage|p2a: Dondozo|4/100
|move|p2a: Dondozo|Rest|p2a: Dondozo
|-status|p2a: Dondozo|slp|[from] move: Rest
|-heal|p2a: Dondozo|100/100 slp|[silent]
|
|upkeep
|turn|30
|-message|kk3jj forfeited.
|
|win|npctypebeat
|raw|kk3jj's rating: 1099 &rarr; <strong>1075</strong><br />(-24 for losing)
|raw|npctypebeat's rating: 1112 &rarr; <strong>1136</strong><br />(+24 for winning)
|l|☆kk3jj
|player|p1|
|c|☆npctypebeat|gg
