|j|☆3rdIblind
|j|☆babajeje
|t:|1779639924
|gametype|singles
|player|p1|3rdIblind|shauntal|1400
|player|p2|babajeje|ghetsis-gen5bw|1376
|gen|9
|tier|[Gen 9] OU
|rated|
|rule|HP Percentage Mod: HP is shown in percentages
|rule|Endless Battle Clause: Forcing endless battles is banned
|rule|Species Clause: Limit one of each Pokémon
|rule|OHKO Clause: OHKO moves are banned
|rule|Evasion Items Clause: Evasion items are banned
|rule|Evasion Moves Clause: Evasion moves are banned
|rule|Evasion Abilities Clause: Evasion abilities are banned
|rule|Sleep Moves Clause: Sleep-inducing moves are banned
|clearpoke
|poke|p1|Gengar, M|
|poke|p1|Great Tusk|
|poke|p1|Alomomola, M|
|poke|p1|Kingambit, F|
|poke|p1|Tornadus-Therian, M|
|poke|p1|Ogerpon, F|
|poke|p2|Kleavor, F|
|poke|p2|Munkidori, M|
|poke|p2|Ogerpon-Wellspring, F|
|poke|p2|Alomomola, M|
|poke|p2|Corviknight, M|
|poke|p2|Slowking-Galar, M|
|teampreview
|
|t:|1779639962
|teamsize|p1|6
|teamsize|p2|6
|start
|switch|p1a: Great Tusk|Great Tusk|100/100
|switch|p2a: Kleavor|Kleavor, F|100/100
|turn|1
|
|t:|1779639978
|switch|p2a: Corviknight|Corviknight, M|100/100
|-ability|p2a: Corviknight|Pressure
|move|p1a: Great Tusk|Stealth Rock|p2a: Corviknight
|-sidestart|p2: babajeje|move: Stealth Rock
|
|upkeep
|turn|2
|
|t:|1779639985
|-end|p1a: Great Tusk|Protosynthesis|[silent]
|switch|p1a: Tornadus|Tornadus-Therian, M|100/100
|move|p2a: Corviknight|Roost||[still]
|-fail|p2a: Corviknight|heal
|
|upkeep
|turn|3
|
|t:|1779639995
|switch|p2a: Alomomola|Alomomola, M|100/100
|move|p1a: Tornadus|Nasty Plot|p1a: Tornadus
|-boost|p1a: Tornadus|spa|2
|
|upkeep
|turn|4
|
|t:|1779640005
|move|p1a: Tornadus|Bleakwind Storm|p2a: Alomomola|[miss]
|-miss|p1a: Tornadus|p2a: Alomomola
|move|p2a: Alomomola|Flip Turn|p1a: Tornadus
|-damage|p1a: Tornadus|81/100
|
|t:|1779640008
|switch|p2a: Kleavor|Kleavor, F|100/100|[from] Flip Turn
|-damage|p2a: Kleavor|76/100|[from] Stealth Rock
|
|upkeep
|turn|5
|
|t:|1779640015
|switch|p1a: Great Tusk|Great Tusk|100/100
|move|p2a: Kleavor|Stone Axe|p1a: Great Tusk
|-resisted|p1a: Great Tusk
|-damage|p1a: Great Tusk|91/100
|-sidestart|p1: 3rdIblind|move: Stealth Rock
|
|upkeep
|turn|6
|
|t:|1779640019
|switch|p2a: Corviknight|Corviknight, M|100/100
|-damage|p2a: Corviknight|88/100|[from] Stealth Rock
|-ability|p2a: Corviknight|Pressure
|move|p1a: Great Tusk|Rapid Spin|p2a: Corviknight
|-resisted|p2a: Corviknight
|-damage|p2a: Corviknight|83/100
|-boost|p1a: Great Tusk|spe|1
|-damage|p1a: Great Tusk|75/100|[from] item: Rocky Helmet|[of] p2a: Corviknight
|-sideend|p1: 3rdIblind|Stealth Rock|[from] move: Rapid Spin|[of] p1a: Great Tusk
|
|upkeep
|turn|7
|
|t:|1779640023
|-end|p1a: Great Tusk|Protosynthesis|[silent]
|switch|p1a: Tornadus|Tornadus-Therian, M|100/100
|move|p2a: Corviknight|U-turn|p1a: Tornadus
|-resisted|p1a: Tornadus
|-damage|p1a: Tornadus|91/100
|
|t:|1779640027
|switch|p2a: Munkidori|Munkidori, M|100/100|[from] U-turn
|-damage|p2a: Munkidori|88/100|[from] Stealth Rock
|
|upkeep
|turn|8
|
|t:|1779640037
|switch|p1a: Alomomola|Alomomola, M|100/100
|move|p2a: Munkidori|Sludge Bomb|p1a: Alomomola
|-damage|p1a: Alomomola|65/100
|
|upkeep
|turn|9
|
|t:|1779640056
|switch|p2a: Corviknight|Corviknight, M|83/100
|-damage|p2a: Corviknight|71/100|[from] Stealth Rock
|-ability|p2a: Corviknight|Pressure
|move|p1a: Alomomola|Flip Turn|p2a: Corviknight
|-damage|p2a: Corviknight|61/100
|-damage|p1a: Alomomola|49/100|[from] item: Rocky Helmet|[of] p2a: Corviknight
|
|t:|1779640062
|switch|p1a: Tornadus|Tornadus-Therian, M|100/100|[from] Flip Turn
|
|upkeep
|turn|10
|
|t:|1779640065
|move|p1a: Tornadus|Nasty Plot|p1a: Tornadus
|-boost|p1a: Tornadus|spa|2
|move|p2a: Corviknight|U-turn|p1a: Tornadus
|-resisted|p1a: Tornadus
|-damage|p1a: Tornadus|91/100
|
|t:|1779640068
|switch|p2a: Kleavor|Kleavor, F|76/100|[from] U-turn
|-damage|p2a: Kleavor|51/100|[from] Stealth Rock
|
|upkeep
|turn|11
|
|t:|1779640075
|switch|p1a: Great Tusk|Great Tusk|75/100
|move|p2a: Kleavor|Stone Axe|p1a: Great Tusk
|-resisted|p1a: Great Tusk
|-damage|p1a: Great Tusk|66/100
|-sidestart|p1: 3rdIblind|move: Stealth Rock
|
|upkeep
|turn|12
|
|t:|1779640081
|switch|p2a: Corviknight|Corviknight, M|61/100
|-damage|p2a: Corviknight|49/100|[from] Stealth Rock
|-ability|p2a: Corviknight|Pressure
|move|p1a: Great Tusk|Rapid Spin|p2a: Corviknight
|-resisted|p2a: Corviknight
|-damage|p2a: Corviknight|44/100
|-boost|p1a: Great Tusk|spe|1
|-damage|p1a: Great Tusk|50/100|[from] item: Rocky Helmet|[of] p2a: Corviknight
|-sideend|p1: 3rdIblind|Stealth Rock|[from] move: Rapid Spin|[of] p1a: Great Tusk
|
|upkeep
|turn|13
|
|t:|1779640085
|-end|p1a: Great Tusk|Protosynthesis|[silent]
|switch|p1a: Tornadus|Tornadus-Therian, M|100/100
|move|p2a: Corviknight|U-turn|p1a: Tornadus
|-resisted|p1a: Tornadus
|-damage|p1a: Tornadus|91/100
|
|t:|1779640090
|switch|p2a: Slowking|Slowking-Galar, M|100/100|[from] U-turn
|
|upkeep
|turn|14
|
|t:|1779640096
|switch|p1a: Kingambit|Kingambit, F|100/100
|move|p2a: Slowking|Future Sight|p1a: Kingambit
|-start|p2a: Slowking|move: Future Sight
|
|upkeep
|turn|15
|
|t:|1779640104
|switch|p2a: Alomomola|Alomomola, M|100/100
|move|p1a: Kingambit|Kowtow Cleave|p2a: Alomomola
|-damage|p2a: Alomomola|72/100
|
|upkeep
|turn|16
|
|t:|1779640109
|move|p1a: Kingambit|Kowtow Cleave|p2a: Alomomola
|-damage|p2a: Alomomola|47/100
|move|p2a: Alomomola|Scald|p1a: Kingambit
|-damage|p1a: Kingambit|84/100
|
|-end|p1a: Kingambit|move: Future Sight
|-immune|p1a: Kingambit
|-heal|p1a: Kingambit|90/100|[from] item: Leftovers
|upkeep
|turn|17
|
|t:|1779640117
|-end|p1a: Kingambit|fallenundefined|[silent]
|switch|p1a: Alomomola|Alomomola, M|82/100
|move|p2a: Alomomola|Scald|p1a: Alomomola
|-resisted|p1a: Alomomola
|-damage|p1a: Alomomola|79/100
|
|upkeep
|turn|18
|
|t:|1779640120
|move|p2a: Alomomola|Wish|p2a: Alomomola
|move|p1a: Alomomola|Flip Turn|p2a: Alomomola
|-resisted|p2a: Alomomola
|-damage|p2a: Alomomola|43/100
|
|t:|1779640123
|switch|p1a: Ogerpon|Ogerpon, F|100/100|[from] Flip Turn
|
|upkeep
|turn|19
|
|t:|1779640125
|switch|p2a: Corviknight|Corviknight, M|44/100
|-damage|p2a: Corviknight|31/100|[from] Stealth Rock
|-ability|p2a: Corviknight|Pressure
|move|p1a: Ogerpon|Knock Off|p2a: Corviknight
|-damage|p2a: Corviknight|1/100
|-damage|p1a: Ogerpon|84/100|[from] item: Rocky Helmet|[of] p2a: Corviknight
|-enditem|p2a: Corviknight|Rocky Helmet|[from] move: Knock Off|[of] p1a: Ogerpon
|
|-heal|p2a: Corviknight|68/100|[from] move: Wish|[wisher] Alomomola
|upkeep
|turn|20
|
|t:|1779640138
|switch|p1a: Gengar|Gengar, M|100/100
|-item|p1a: Gengar|Air Balloon
|move|p2a: Corviknight|U-turn|p1a: Gengar
|-resisted|p1a: Gengar
|-damage|p1a: Gengar|94/100
|-enditem|p1a: Gengar|Air Balloon
|
|t:|1779640150
|switch|p2a: Slowking|Slowking-Galar, M|100/100|[from] U-turn
|
|upkeep
|turn|21
|
|t:|1779640166
|switch|p1a: Ogerpon|Ogerpon, F|84/100
|move|p2a: Slowking|Future Sight|p1a: Ogerpon
|-start|p2a: Slowking|move: Future Sight
|
|upkeep
|turn|22
|
|t:|1779640174
|switch|p2a: Corviknight|Corviknight, M|68/100
|-damage|p2a: Corviknight|55/100|[from] Stealth Rock
|-ability|p2a: Corviknight|Pressure
|move|p1a: Ogerpon|U-turn|p2a: Corviknight
|-resisted|p2a: Corviknight
|-damage|p2a: Corviknight|50/100
|
|t:|1779640186
|switch|p1a: Kingambit|Kingambit, F|90/100|[from] U-turn
|
|-heal|p1a: Kingambit|96/100|[from] item: Leftovers
|upkeep
|turn|23
|
|t:|1779640191
|move|p1a: Kingambit|Swords Dance|p1a: Kingambit
|-boost|p1a: Kingambit|atk|2
|move|p2a: Corviknight|Body Press|p1a: Kingambit
|-supereffective|p1a: Kingambit
|-damage|p1a: Kingambit|0 fnt
|faint|p1a: Kingambit
|-end|p1a: Kingambit|fallenundefined|[silent]
|
|-hint|Future Sight did not hit because the target is fainted.
|upkeep
|
|t:|1779640198
|switch|p1a: Tornadus|Tornadus-Therian, M|100/100
|turn|24
|
|t:|1779640202
|switch|p2a: Slowking|Slowking-Galar, M|100/100
|move|p1a: Tornadus|Heat Wave|p2a: Slowking
|-damage|p2a: Slowking|79/100
|-damage|p1a: Tornadus|91/100|[from] item: Life Orb
|
|upkeep
|turn|25
|
|t:|1779640206
|switch|p1a: Alomomola|Alomomola, M|100/100
|-prepare|p2a: Slowking|Chilly Reception|[premajor]
|move|p2a: Slowking|Chilly Reception|p2a: Slowking
|-weather|Snowscape
|
|t:|1779640208
|switch|p2a: Corviknight|Corviknight, M|50/100|[from] Chilly Reception
|-damage|p2a: Corviknight|38/100|[from] Stealth Rock
|-ability|p2a: Corviknight|Pressure
|
|-weather|Snowscape|[upkeep]
|upkeep
|turn|26
|
|t:|1779640213
|move|p2a: Corviknight|Defog|p1a: Alomomola
|-unboost|p1a: Alomomola|evasion|1
|-sideend|p2: babajeje|Stealth Rock|[from] move: Defog|[of] p2a: Corviknight
|move|p1a: Alomomola|Flip Turn|p2a: Corviknight
|-damage|p2a: Corviknight|28/100
|
|t:|1779640216
|switch|p1a: Gengar|Gengar, M|94/100|[from] Flip Turn
|
|-weather|Snowscape|[upkeep]
|upkeep
|turn|27
|
|t:|1779640227
|switch|p2a: Munkidori|Munkidori, M|88/100
|move|p1a: Gengar|Shadow Ball|p2a: Munkidori
|-supereffective|p2a: Munkidori
|-damage|p2a: Munkidori|0 fnt
|faint|p2a: Munkidori
|
|-weather|Snowscape|[upkeep]
|upkeep
|
|t:|1779640233
|switch|p2a: Slowking|Slowking-Galar, M|100/100
|turn|28
|
|t:|1779640238
|move|p1a: Gengar|Shadow Ball|p2a: Slowking
|-supereffective|p2a: Slowking
|-damage|p2a: Slowking|54/100
|move|p2a: Slowking|Future Sight|p1a: Gengar
|-start|p2a: Slowking|move: Future Sight
|
|-weather|Snowscape|[upkeep]
|upkeep
|turn|29
|
|t:|1779640249
|-terastallize|p2a: Slowking|Poison
|move|p1a: Gengar|Shadow Ball|p2a: Slowking
|-damage|p2a: Slowking|28/100
|-prepare|p2a: Slowking|Chilly Reception|[premajor]
|move|p2a: Slowking|Chilly Reception|p2a: Slowking
|
|t:|1779640277
|switch|p2a: Kleavor|Kleavor, F|51/100|[from] Chilly Reception
|
|-weather|none
|upkeep
|turn|30
|
|t:|1779640305
|move|p2a: Kleavor|Stone Axe|p1a: Gengar
|-damage|p1a: Gengar|0 fnt
|-sidestart|p1: 3rdIblind|move: Stealth Rock
|faint|p1a: Gengar
|
|-hint|Future Sight did not hit because the target is fainted.
|upkeep
|
|t:|1779640308
|switch|p1a: Great Tusk|Great Tusk|50/100
|turn|31
|
|t:|1779640311
|switch|p2a: Alomomola|Alomomola, M|76/100
|move|p1a: Great Tusk|Rapid Spin|p2a: Alomomola
|-damage|p2a: Alomomola|67/100
|-boost|p1a: Great Tusk|spe|1
|-sideend|p1: 3rdIblind|Stealth Rock|[from] move: Rapid Spin|[of] p1a: Great Tusk
|
|upkeep
|turn|32
|
|t:|1779640315
|move|p1a: Great Tusk|Stealth Rock|p2a: Alomomola
|-sidestart|p2: babajeje|move: Stealth Rock
|move|p2a: Alomomola|Flip Turn|p1a: Great Tusk
|-supereffective|p1a: Great Tusk
|-damage|p1a: Great Tusk|28/100
|
|t:|1779640321
|switch|p2a: Slowking|Slowking-Galar, M, tera:Poison|61/100|[from] Flip Turn
|
|upkeep
|turn|33
|
|t:|1779640327
|switch|p2a: Alomomola|Alomomola, M|100/100
|move|p1a: Great Tusk|Ice Spinner|p2a: Alomomola
|-resisted|p2a: Alomomola
|-damage|p2a: Alomomola|93/100
|
|upkeep
|turn|34
|
|t:|1779640339
|-end|p1a: Great Tusk|Protosynthesis|[silent]
|switch|p1a: Tornadus|Tornadus-Therian, M|100/100
|move|p2a: Alomomola|Flip Turn|p1a: Tornadus
|-damage|p1a: Tornadus|83/100
|
|t:|1779640341
|switch|p2a: Kleavor|Kleavor, F|51/100|[from] Flip Turn
|-damage|p2a: Kleavor|26/100|[from] Stealth Rock
|
|upkeep
|turn|35
|
|t:|1779640351
|switch|p1a: Alomomola|Alomomola, M|100/100
|move|p2a: Kleavor|Stone Axe|p1a: Alomomola
|-damage|p1a: Alomomola|61/100
|-sidestart|p1: 3rdIblind|move: Stealth Rock
|
|upkeep
|turn|36
|
|t:|1779640366
|switch|p2a: Ogerpon|Ogerpon-Wellspring, F|100/100
|-damage|p2a: Ogerpon|88/100|[from] Stealth Rock
|switch|p1a: Tornadus|Tornadus-Therian, M|100/100
|-damage|p1a: Tornadus|76/100|[from] Stealth Rock
|
|upkeep
|turn|37
|
|t:|1779640370
|switch|p2a: Slowking|Slowking-Galar, M, tera:Poison|95/100
|move|p1a: Tornadus|Bleakwind Storm|p2a: Slowking|[miss]
|-miss|p1a: Tornadus|p2a: Slowking
|
|upkeep
|turn|38
|
|t:|1779640377
|switch|p1a: Great Tusk|Great Tusk|28/100
|move|p2a: Slowking|Future Sight|p1a: Great Tusk
|-start|p2a: Slowking|move: Future Sight
|
|upkeep
|turn|39
|
|t:|1779640381
|switch|p2a: Alomomola|Alomomola, M|100/100
|move|p1a: Great Tusk|Rapid Spin|p2a: Alomomola
|-damage|p2a: Alomomola|91/100
|-boost|p1a: Great Tusk|spe|1
|-sideend|p1: 3rdIblind|Stealth Rock|[from] move: Rapid Spin|[of] p1a: Great Tusk
|
|upkeep
|turn|40
|
|t:|1779640385
|-end|p1a: Great Tusk|Protosynthesis|[silent]
|switch|p1a: Alomomola|Alomomola, M|94/100
|move|p2a: Alomomola|Flip Turn|p1a: Alomomola
|-resisted|p1a: Alomomola
|-crit|p1a: Alomomola
|-damage|p1a: Alomomola|86/100
|
|t:|1779640387
|switch|p2a: Ogerpon|Ogerpon-Wellspring, F|88/100|[from] Flip Turn
|-damage|p2a: Ogerpon|76/100|[from] Stealth Rock
|
|-end|p1a: Alomomola|move: Future Sight
|-damage|p1a: Alomomola|63/100
|upkeep
|turn|41
|
|t:|1779640400
|move|p2a: Ogerpon|Knock Off|p1a: Alomomola
|-damage|p1a: Alomomola|36/100
|-enditem|p1a: Alomomola|Assault Vest|[from] move: Knock Off|[of] p2a: Ogerpon
|move|p1a: Alomomola|Play Rough|p2a: Ogerpon|[miss]
|-miss|p1a: Alomomola|p2a: Ogerpon
|
|upkeep
|turn|42
|
|t:|1779640446
|switch|p1a: Tornadus|Tornadus-Therian, M|100/100
|move|p2a: Ogerpon|Horn Leech|p1a: Tornadus
|-resisted|p1a: Tornadus
|-damage|p1a: Tornadus|72/100
|-heal|p2a: Ogerpon|92/100|[from] drain|[of] p1a: Tornadus
|
|upkeep
|turn|43
|
|t:|1779640465
|switch|p2a: Slowking|Slowking-Galar, M, tera:Poison|100/100
|move|p1a: Tornadus|Nasty Plot|p1a: Tornadus
|-boost|p1a: Tornadus|spa|2
|
|upkeep
|turn|44
|
|t:|1779640469
|move|p1a: Tornadus|Bleakwind Storm|p2a: Slowking
|-damage|p2a: Slowking|32/100
|-damage|p1a: Tornadus|62/100|[from] item: Life Orb
|move|p2a: Slowking|Thunder Wave|p1a: Tornadus
|-status|p1a: Tornadus|par
|
|upkeep
|turn|45
|
|t:|1779640478
|switch|p2a: Kleavor|Kleavor, F|26/100
|-damage|p2a: Kleavor|1/100|[from] Stealth Rock
|move|p1a: Tornadus|Bleakwind Storm|p2a: Kleavor|[miss]
|-miss|p1a: Tornadus|p2a: Kleavor
|
|upkeep
|turn|46
|
|t:|1779640506
|switch|p1a: Great Tusk|Great Tusk|28/100
|move|p2a: Kleavor|Stone Axe|p1a: Great Tusk
|-resisted|p1a: Great Tusk
|-damage|p1a: Great Tusk|20/100
|-sidestart|p1: 3rdIblind|move: Stealth Rock
|
|upkeep
|turn|47
|
|t:|1779640511
|switch|p2a: Alomomola|Alomomola, M|100/100
|move|p1a: Great Tusk|Rapid Spin|p2a: Alomomola
|-damage|p2a: Alomomola|92/100
|-boost|p1a: Great Tusk|spe|1
|-sideend|p1: 3rdIblind|Stealth Rock|[from] move: Rapid Spin|[of] p1a: Great Tusk
|
|upkeep
|turn|48
|
|t:|1779640519
|-end|p1a: Great Tusk|Protosynthesis|[silent]
|switch|p1a: Alomomola|Alomomola, M|69/100
|move|p2a: Alomomola|Wish|p2a: Alomomola
|
|upkeep
|turn|49
|
|t:|1779640525
|move|p2a: Alomomola|Flip Turn|p1a: Alomomola
|-resisted|p1a: Alomomola
|-damage|p1a: Alomomola|64/100
|
|t:|1779640526
|switch|p2a: Corviknight|Corviknight, M|28/100|[from] Flip Turn
|-damage|p2a: Corviknight|16/100|[from] Stealth Rock
|-ability|p2a: Corviknight|Pressure
|move|p1a: Alomomola|Flip Turn|p2a: Corviknight
|-damage|p2a: Corviknight|6/100
|
|t:|1779640530
|switch|p1a: Tornadus|Tornadus-Therian, M|95/100 par|[from] Flip Turn
|
|-heal|p2a: Corviknight|73/100|[from] move: Wish|[wisher] Alomomola
|upkeep
|turn|50
|
|t:|1779640533
|switch|p2a: Slowking|Slowking-Galar, M, tera:Poison|65/100
|move|p1a: Tornadus|Nasty Plot|p1a: Tornadus
|-boost|p1a: Tornadus|spa|2
|
|upkeep
|turn|51
|
|t:|1779640545
|switch|p2a: Kleavor|Kleavor, F|1/100
|-damage|p2a: Kleavor|0 fnt|[from] Stealth Rock
|faint|p2a: Kleavor
|move|p1a: Tornadus|Bleakwind Storm|p2: Kleavor|[notarget]
|-fail|p1a: Tornadus
|
|upkeep
|
|t:|1779640550
|switch|p2a: Ogerpon|Ogerpon-Wellspring, F|92/100
|-damage|p2a: Ogerpon|79/100|[from] Stealth Rock
|turn|52
|
|t:|1779640558
|switch|p2a: Slowking|Slowking-Galar, M, tera:Poison|98/100
|move|p1a: Tornadus|Bleakwind Storm|p2a: Slowking
|-damage|p2a: Slowking|30/100
|-damage|p1a: Tornadus|85/100 par|[from] item: Life Orb
|
|upkeep
|turn|53
|
|t:|1779640564
|switch|p2a: Corviknight|Corviknight, M|73/100
|-damage|p2a: Corviknight|61/100|[from] Stealth Rock
|-ability|p2a: Corviknight|Pressure
|cant|p1a: Tornadus|par
|
|upkeep
|turn|54
|
|t:|1779640570
|move|p1a: Tornadus|Heat Wave|p2a: Corviknight
|-supereffective|p2a: Corviknight
|-damage|p2a: Corviknight|0 fnt
|faint|p2a: Corviknight
|-damage|p1a: Tornadus|75/100 par|[from] item: Life Orb
|
|upkeep
|
|t:|1779640572
|switch|p2a: Slowking|Slowking-Galar, M, tera:Poison|63/100
|turn|55
|
|t:|1779640575
|switch|p2a: Alomomola|Alomomola, M|100/100
|move|p1a: Tornadus|Bleakwind Storm|p2a: Alomomola
|-damage|p2a: Alomomola|0 fnt
|faint|p2a: Alomomola
|-damage|p1a: Tornadus|65/100 par|[from] item: Life Orb
|
|upkeep
|
|t:|1779640577
|switch|p2a: Slowking|Slowking-Galar, M, tera:Poison|96/100
|turn|56
|
|t:|1779640582
|cant|p1a: Tornadus|par
|move|p2a: Slowking|Sludge Bomb|p1a: Tornadus
|-damage|p1a: Tornadus|9/100 par
|
|upkeep
|turn|57
|
|t:|1779640593
|switch|p1a: Alomomola|Alomomola, M|97/100
|-prepare|p2a: Slowking|Chilly Reception|[premajor]
|move|p2a: Slowking|Chilly Reception|p2a: Slowking
|-weather|Snowscape
|
|t:|1779640594
|switch|p2a: Ogerpon|Ogerpon-Wellspring, F|79/100|[from] Chilly Reception
|-damage|p2a: Ogerpon|67/100|[from] Stealth Rock
|
|-weather|Snowscape|[upkeep]
|upkeep
|turn|58
|
|t:|1779640630
|switch|p1a: Ogerpon|Ogerpon, F|84/100
|move|p2a: Ogerpon|Horn Leech|p1a: Ogerpon
|-resisted|p1a: Ogerpon
|-damage|p1a: Ogerpon|52/100
|-heal|p2a: Ogerpon|83/100|[from] drain|[of] p1a: Ogerpon
|
|-weather|Snowscape|[upkeep]
|upkeep
|turn|59
|
|t:|1779640639
|-terastallize|p1a: Ogerpon|Grass
|detailschange|p1a: Ogerpon|Ogerpon-Teal-Tera, F, tera:Grass
|-ability|p1a: Ogerpon|Embody Aspect (Teal)|boost
|-boost|p1a: Ogerpon|spe|1
|move|p1a: Ogerpon|Ivy Cudgel|p2a: Ogerpon
|-damage|p2a: Ogerpon|0 fnt
|faint|p2a: Ogerpon
|
|-weather|Snowscape|[upkeep]
|upkeep
|
|t:|1779640641
|switch|p2a: Slowking|Slowking-Galar, M, tera:Poison|100/100
|turn|60
|
|t:|1779640647
|move|p1a: Ogerpon|Ivy Cudgel|p2a: Slowking
|-resisted|p2a: Slowking
|-crit|p2a: Slowking
|-damage|p2a: Slowking|20/100
|move|p2a: Slowking|Thunder Wave|p1a: Ogerpon
|-status|p1a: Ogerpon|par
|
|-weather|Snowscape|[upkeep]
|upkeep
|turn|61
|
|t:|1779640650
|cant|p1a: Ogerpon|par
|move|p2a: Slowking|Future Sight|p1a: Ogerpon
|-start|p2a: Slowking|move: Future Sight
|
|-weather|none
|upkeep
|turn|62
|
|t:|1779640653
|move|p1a: Ogerpon|Ivy Cudgel|p2a: Slowking
|-resisted|p2a: Slowking
|-damage|p2a: Slowking|0 fnt
|faint|p2a: Slowking
|
|win|3rdIblind
|raw|3rdIblind's rating: 1400 &rarr; <strong>1419</strong><br />(+19 for winning)
|raw|babajeje's rating: 1376 &rarr; <strong>1357</strong><br />(-19 for losing)
|c|☆babajeje|gg
|c|☆3rdIblind|gg
|l|☆babajeje
|player|p2|
