|j|☆tauros3
|j|☆skyrakers
|t:|1779642440
|gametype|singles
|player|p1|tauros3|swimmer-gen4dp|1520
|player|p2|skyrakers|cynthia|1505
|gen|9
|tier|[Gen 9] OU
|rated|
|rule|HP Percentage Mod: HP is shown in percentages
|rule|Endless Battle Clause: Forcing endless battles is banned
|rule|Species Clause: Limit one of each Pokémon
|rule|OHKO Clause: OHKO moves are banned
|rule|Evasion Items Clause: Evasion items are banned
|rule|Evasion Moves Clause: Evasion moves are banned
|rule|Evasion Abilities Clause: Evasion abilities are banned
|rule|Sleep Moves Clause: Sleep-inducing moves are banned
|clearpoke
|poke|p1|Hatterene, F|
|poke|p1|Cresselia, F|
|poke|p1|Diancie|
|poke|p1|Iron Hands|
|poke|p1|Crawdaunt, F|
|poke|p1|Pelipper, M|
|poke|p2|Great Tusk|
|poke|p2|Cresselia, F|
|poke|p2|Walking Wake|
|poke|p2|Raging Bolt|
|poke|p2|Iron Moth|
|poke|p2|Ninetales, M|
|teampreview
|inactive|Battle timer is ON: inactive players will automatically lose when time's up. (requested by tauros3)
|
|t:|1779642454
|teamsize|p1|6
|teamsize|p2|6
|start
|switch|p1a: Pink Triangle|Hatterene, F|100/100
|switch|p2a: Raging Bolt|Raging Bolt|100/100
|turn|1
|
|t:|1779642460
|move|p2a: Raging Bolt|Thunderbolt|p1a: Pink Triangle
|-damage|p1a: Pink Triangle|31/100
|-damage|p2a: Raging Bolt|91/100|[from] item: Life Orb
|move|p1a: Pink Triangle|Trick Room|p1a: Pink Triangle
|-fieldstart|move: Trick Room|[of] p1a: Pink Triangle
|
|upkeep
|turn|2
|
|t:|1779642483
|-end|p2a: Raging Bolt|Protosynthesis|[silent]
|switch|p2a: Cresselia|Cresselia, F|100/100
|move|p1a: Pink Triangle|Dazzling Gleam|p2a: Cresselia
|-damage|p2a: Cresselia|68/100
|-enditem|p2a: Cresselia|Eject Button
|
|t:|1779642492
|switch|p2a: Ciao|Iron Moth|100/100
|-enditem|p2a: Ciao|Booster Energy
|-activate|p2a: Ciao|ability: Quark Drive|[fromitem]
|-start|p2a: Ciao|quarkdrivespe
|
|upkeep
|turn|3
|
|t:|1779642503
|move|p1a: Pink Triangle|Psychic Noise|p2a: Ciao
|-supereffective|p2a: Ciao
|-damage|p2a: Ciao|6/100
|-start|p2a: Ciao|move: Heal Block
|move|p2a: Ciao|Sludge Wave|p1a: Pink Triangle
|-supereffective|p1a: Pink Triangle
|-damage|p1a: Pink Triangle|0 fnt
|faint|p1a: Pink Triangle
|
|upkeep
|
|t:|1779642516
|switch|p1a: No Other One|Diancie|100/100
|turn|4
|
|t:|1779642525
|move|p1a: No Other One|Moonblast|p2a: Ciao
|-resisted|p2a: Ciao
|-damage|p2a: Ciao|0 fnt
|faint|p2a: Ciao
|-end|p2a: Ciao|Quark Drive|[silent]
|
|upkeep
|inactive|skyrakers has 120 seconds left.
|
|t:|1779642566
|switch|p2a: Ninetales|Ninetales, M|100/100
|-weather|SunnyDay|[from] ability: Drought|[of] p2a: Ninetales
|turn|5
|
|t:|1779642571
|switch|p2a: Great Tusk|Great Tusk|100/100
|-activate|p2a: Great Tusk|ability: Protosynthesis
|-start|p2a: Great Tusk|protosynthesisspe
|move|p1a: No Other One|Meteor Beam||[still]
|-prepare|p1a: No Other One|Meteor Beam
|-boost|p1a: No Other One|spa|1
|-enditem|p1a: No Other One|Power Herb
|-anim|p1a: No Other One|Meteor Beam|p2a: Great Tusk
|-resisted|p2a: Great Tusk
|-damage|p2a: Great Tusk|65/100
|
|-weather|SunnyDay|[upkeep]
|-fieldend|move: Trick Room
|upkeep
|turn|6
|inactive|skyrakers has 120 seconds left.
|
|t:|1779642598
|move|p2a: Great Tusk|Stealth Rock|p1a: No Other One
|-sidestart|p1: tauros3|move: Stealth Rock
|move|p1a: No Other One|Trick Room|p1a: No Other One
|-fieldstart|move: Trick Room|[of] p1a: No Other One
|
|-weather|SunnyDay|[upkeep]
|upkeep
|turn|7
|
|t:|1779642605
|move|p1a: No Other One|Moonblast|p2a: Great Tusk
|-supereffective|p2a: Great Tusk
|-damage|p2a: Great Tusk|0 fnt
|faint|p2a: Great Tusk
|-end|p2a: Great Tusk|Protosynthesis|[silent]
|
|-weather|SunnyDay|[upkeep]
|upkeep
|inactive|skyrakers has 90 seconds left.
|
|t:|1779642636
|switch|p2a: Walking Wake|Walking Wake|100/100
|-activate|p2a: Walking Wake|ability: Protosynthesis
|-start|p2a: Walking Wake|protosynthesisspa
|turn|8
|
|t:|1779642642
|-terastallize|p2a: Walking Wake|Water
|move|p1a: No Other One|Moonblast|p2a: Walking Wake
|-damage|p2a: Walking Wake|24/100
|move|p2a: Walking Wake|Hydro Steam|p1a: No Other One
|-supereffective|p1a: No Other One
|-damage|p1a: No Other One|0 fnt
|faint|p1a: No Other One
|
|-weather|SunnyDay|[upkeep]
|upkeep
|
|t:|1779642660
|switch|p1a: Butterfly|Cresselia, F|100/100
|-damage|p1a: Butterfly|88/100|[from] Stealth Rock
|turn|9
|
|t:|1779642669
|move|p1a: Butterfly|Psychic|p2a: Walking Wake
|-damage|p2a: Walking Wake|0 fnt
|faint|p2a: Walking Wake
|-end|p2a: Walking Wake|Protosynthesis|[silent]
|
|-weather|SunnyDay|[upkeep]
|upkeep
|inactive|skyrakers has 90 seconds left.
|
|t:|1779642680
|switch|p2a: Ninetales|Ninetales, M|100/100
|turn|10
|
|t:|1779642685
|move|p1a: Butterfly|Psychic|p2a: Ninetales
|-damage|p2a: Ninetales|77/100
|move|p2a: Ninetales|Encore|p1a: Butterfly
|-start|p1a: Butterfly|Encore
|-enditem|p1a: Butterfly|Mental Herb
|-end|p1a: Butterfly|Encore
|
|-weather|SunnyDay|[upkeep]
|-fieldend|move: Trick Room
|upkeep
|turn|11
|
|t:|1779642693
|switch|p1a: Across The Sea|Pelipper, M|100/100
|-damage|p1a: Across The Sea|76/100|[from] Stealth Rock
|-weather|RainDance|[from] ability: Drizzle|[of] p1a: Across The Sea
|move|p2a: Ninetales|Encore||[still]
|-fail|p2a: Ninetales
|
|-weather|RainDance|[upkeep]
|upkeep
|turn|12
|
|t:|1779642704
|switch|p2a: Raging Bolt|Raging Bolt|91/100
|move|p1a: Across The Sea|U-turn|p2a: Raging Bolt
|-damage|p2a: Raging Bolt|81/100
|
|t:|1779642709
|switch|p1a: Butterfly|Cresselia, F|88/100|[from] U-turn
|-damage|p1a: Butterfly|76/100|[from] Stealth Rock
|
|-weather|RainDance|[upkeep]
|upkeep
|turn|13
|
|t:|1779642728
|-end|p2a: Raging Bolt|Protosynthesis|[silent]
|switch|p2a: Ninetales|Ninetales, M|77/100
|-weather|SunnyDay|[from] ability: Drought|[of] p2a: Ninetales
|move|p1a: Butterfly|Trick Room|p1a: Butterfly
|-fieldstart|move: Trick Room|[of] p1a: Butterfly
|
|-weather|SunnyDay|[upkeep]
|upkeep
|turn|14
|
|t:|1779642743
|switch|p2a: Cresselia|Cresselia, F|68/100
|move|p1a: Butterfly|Lunar Dance|p1a: Butterfly
|faint|p1a: Butterfly
|
|-weather|SunnyDay|[upkeep]
|upkeep
|
|t:|1779642749
|switch|p1a: Getchoo|Crawdaunt, F|100/100
|-damage|p1a: Getchoo|88/100|[from] Stealth Rock
|turn|15
|inactive|skyrakers has 120 seconds left.
|
|t:|1779642780
|switch|p2a: Ninetales|Ninetales, M|77/100
|move|p1a: Getchoo|Knock Off|p2a: Ninetales
|-damage|p2a: Ninetales|0 fnt
|-enditem|p2a: Ninetales|Heat Rock|[from] move: Knock Off|[of] p1a: Getchoo
|faint|p2a: Ninetales
|-damage|p1a: Getchoo|78/100|[from] item: Life Orb
|
|-weather|SunnyDay|[upkeep]
|upkeep
|
|t:|1779642789
|switch|p2a: Raging Bolt|Raging Bolt|81/100
|-activate|p2a: Raging Bolt|ability: Protosynthesis
|-start|p2a: Raging Bolt|protosynthesisspa
|turn|16
|
|t:|1779642796
|switch|p1a: El Scorcho|Iron Hands|100/100
|-damage|p1a: El Scorcho|94/100|[from] Stealth Rock
|-enditem|p1a: El Scorcho|Booster Energy
|-activate|p1a: El Scorcho|ability: Quark Drive|[fromitem]
|-start|p1a: El Scorcho|quarkdriveatk
|move|p2a: Raging Bolt|Thunderclap||[still]
|-fail|p2a: Raging Bolt
|
|-weather|SunnyDay|[upkeep]
|upkeep
|turn|17
|
|t:|1779642807
|move|p1a: El Scorcho|Ice Punch|p2a: Raging Bolt
|-supereffective|p2a: Raging Bolt
|-damage|p2a: Raging Bolt|6/100
|move|p2a: Raging Bolt|Dragon Pulse|p1a: El Scorcho
|-damage|p1a: El Scorcho|10/100
|-damage|p2a: Raging Bolt|0 fnt|[from] item: Life Orb
|faint|p2a: Raging Bolt
|-end|p2a: Raging Bolt|Protosynthesis|[silent]
|
|-weather|SunnyDay|[upkeep]
|-fieldend|move: Trick Room
|upkeep
|
|t:|1779642817
|switch|p2a: Cresselia|Cresselia, F|68/100
|turn|18
|
|t:|1779642835
|move|p2a: Cresselia|Moonlight|p2a: Cresselia
|-heal|p2a: Cresselia|100/100
|move|p1a: El Scorcho|Wild Charge|p2a: Cresselia
|-damage|p2a: Cresselia|66/100
|-damage|p1a: El Scorcho|3/100|[from] Recoil
|
|-weather|SunnyDay|[upkeep]
|upkeep
|turn|19
|
|t:|1779642843
|move|p2a: Cresselia|Ice Beam|p1a: El Scorcho
|-damage|p1a: El Scorcho|0 fnt
|faint|p1a: El Scorcho
|-end|p1a: El Scorcho|Quark Drive|[silent]
|
|-weather|SunnyDay|[upkeep]
|upkeep
|
|t:|1779642845
|switch|p1a: Across The Sea|Pelipper, M|76/100
|-heal|p1a: Across The Sea|100/100|[from] move: Lunar Dance
|-damage|p1a: Across The Sea|76/100|[from] Stealth Rock
|-weather|RainDance|[from] ability: Drizzle|[of] p1a: Across The Sea
|turn|20
|
|t:|1779642857
|move|p2a: Cresselia|Ice Beam|p1a: Across The Sea
|-damage|p1a: Across The Sea|54/100
|move|p1a: Across The Sea|Surf|p2a: Cresselia
|-damage|p2a: Cresselia|0 fnt
|faint|p2a: Cresselia
|
|win|tauros3
|raw|tauros3's rating: 1520 &rarr; <strong>1539</strong><br />(+19 for winning)
|raw|skyrakers's rating: 1505 &rarr; <strong>1486</strong><br />(-19 for losing)
|l|☆skyrakers
|player|p2|
|l|☆tauros3
|player|p1|
