|j|☆ahmijahh
|j|☆BoulderJoe
|t:|1779601767
|gametype|singles
|player|p1|ahmijahh|1|1316
|player|p2|BoulderJoe|170|1268
|gen|9
|tier|[Gen 9] OU
|rated|
|rule|HP Percentage Mod: HP is shown in percentages
|rule|Endless Battle Clause: Forcing endless battles is banned
|rule|Species Clause: Limit one of each Pokémon
|rule|OHKO Clause: OHKO moves are banned
|rule|Evasion Items Clause: Evasion items are banned
|rule|Evasion Moves Clause: Evasion moves are banned
|rule|Evasion Abilities Clause: Evasion abilities are banned
|rule|Sleep Moves Clause: Sleep-inducing moves are banned
|clearpoke
|poke|p1|Garganacl, F|
|poke|p1|Dragapult, F|
|poke|p1|Cinderace, F|
|poke|p1|Darkrai|
|poke|p1|Primarina, M|
|poke|p1|Pecharunt|
|poke|p2|Walking Wake|
|poke|p2|Landorus-Therian, M|
|poke|p2|Lilligant-Hisui, F|
|poke|p2|Incineroar, M|
|poke|p2|Torkoal, F|
|poke|p2|Venusaur, F|
|teampreview
|inactive|Battle timer is ON: inactive players will automatically lose when time's up. (requested by BoulderJoe)
|
|t:|1779601785
|teamsize|p1|6
|teamsize|p2|6
|start
|switch|p1a: Darkrai|Darkrai|100/100
|switch|p2a: Gliscor 2.0|Landorus-Therian, M|100/100
|-ability|p2a: Gliscor 2.0|Intimidate|boost
|-unboost|p1a: Darkrai|atk|1
|turn|1
|inactive|ahmijahh has 120 seconds left.
|
|t:|1779601824
|switch|p2a: Incineroar|Incineroar, M|100/100
|-ability|p2a: Incineroar|Intimidate|boost
|-unboost|p1a: Darkrai|atk|1
|move|p1a: Darkrai|Ice Beam|p2a: Incineroar
|-resisted|p2a: Incineroar
|-crit|p2a: Incineroar
|-damage|p2a: Incineroar|86/100
|
|upkeep
|turn|2
|
|t:|1779601836
|switch|p1a: Garganacl|Garganacl, F|100/100
|move|p2a: Incineroar|Knock Off|p1a: Garganacl
|-damage|p1a: Garganacl|74/100
|-enditem|p1a: Garganacl|Leftovers|[from] move: Knock Off|[of] p2a: Incineroar
|
|upkeep
|turn|3
|
|t:|1779601849
|move|p2a: Incineroar|Will-O-Wisp|p1a: Garganacl|[miss]
|-miss|p2a: Incineroar|p1a: Garganacl
|move|p1a: Garganacl|Salt Cure|p2a: Incineroar
|-supereffective|p2a: Incineroar
|-damage|p2a: Incineroar|59/100
|-start|p2a: Incineroar|Salt Cure
|
|-damage|p2a: Incineroar|47/100|[from] Salt Cure
|upkeep
|turn|4
|
|t:|1779601864
|switch|p2a: PyroBall|Torkoal, F|100/100
|-weather|SunnyDay|[from] ability: Drought|[of] p2a: PyroBall
|move|p1a: Garganacl|Stealth Rock|p2a: PyroBall
|-sidestart|p2: BoulderJoe|move: Stealth Rock
|
|-weather|SunnyDay|[upkeep]
|upkeep
|turn|5
|
|t:|1779601873
|move|p1a: Garganacl|Salt Cure|p2a: PyroBall
|-supereffective|p2a: PyroBall
|-damage|p2a: PyroBall|82/100
|-start|p2a: PyroBall|Salt Cure
|move|p2a: PyroBall|Rapid Spin|p1a: Garganacl
|-resisted|p1a: Garganacl
|-damage|p1a: Garganacl|71/100
|-boost|p2a: PyroBall|spe|1
|-sideend|p2: BoulderJoe|Stealth Rock|[from] move: Rapid Spin|[of] p2a: PyroBall
|
|-weather|SunnyDay|[upkeep]
|-damage|p2a: PyroBall|70/100|[from] Salt Cure
|upkeep
|turn|6
|
|t:|1779601889
|switch|p2a: Luka Doncic|Venusaur, F|100/100
|move|p1a: Garganacl|Stealth Rock|p2a: Luka Doncic
|-sidestart|p2: BoulderJoe|move: Stealth Rock
|
|-weather|SunnyDay|[upkeep]
|upkeep
|turn|7
|
|t:|1779601901
|move|p2a: Luka Doncic|Growth|p2a: Luka Doncic
|-boost|p2a: Luka Doncic|atk|2
|-boost|p2a: Luka Doncic|spa|2
|move|p1a: Garganacl|Salt Cure|p2a: Luka Doncic
|-damage|p2a: Luka Doncic|82/100
|-start|p2a: Luka Doncic|Salt Cure
|
|-weather|SunnyDay|[upkeep]
|-damage|p2a: Luka Doncic|70/100|[from] Salt Cure
|upkeep
|turn|8
|
|t:|1779601911
|move|p1a: Garganacl|Protect|p1a: Garganacl
|-singleturn|p1a: Garganacl|Protect
|move|p2a: Luka Doncic|Solar Beam||[still]
|-prepare|p2a: Luka Doncic|Solar Beam
|-anim|p2a: Luka Doncic|Solar Beam|p1a: Garganacl
|-activate|p1a: Garganacl|move: Protect
|
|-weather|SunnyDay|[upkeep]
|-damage|p2a: Luka Doncic|58/100|[from] Salt Cure
|upkeep
|turn|9
|
|t:|1779601921
|switch|p1a: Pecharunt|Pecharunt|100/100
|move|p2a: Luka Doncic|Solar Beam||[still]
|-prepare|p2a: Luka Doncic|Solar Beam
|-anim|p2a: Luka Doncic|Solar Beam|p1a: Pecharunt
|-resisted|p1a: Pecharunt
|-damage|p1a: Pecharunt|22/100
|-damage|p2a: Luka Doncic|48/100|[from] item: Life Orb
|
|-weather|SunnyDay|[upkeep]
|-damage|p2a: Luka Doncic|35/100|[from] Salt Cure
|upkeep
|turn|10
|
|t:|1779601936
|move|p2a: Luka Doncic|Solar Beam||[still]
|-prepare|p2a: Luka Doncic|Solar Beam
|-anim|p2a: Luka Doncic|Solar Beam|p1a: Pecharunt
|-resisted|p1a: Pecharunt
|-damage|p1a: Pecharunt|0 fnt
|faint|p1a: Pecharunt
|-damage|p2a: Luka Doncic|25/100|[from] item: Life Orb
|
|-weather|SunnyDay|[upkeep]
|-damage|p2a: Luka Doncic|13/100|[from] Salt Cure
|upkeep
|
|t:|1779601949
|switch|p1a: Garganacl|Garganacl, F|71/100
|turn|11
|
|t:|1779601957
|switch|p2a: Lilligant|Lilligant-Hisui, F|100/100
|move|p1a: Garganacl|Protect||[still]
|-fail|p1a: Garganacl
|
|-weather|none
|upkeep
|turn|12
|
|t:|1779601970
|move|p2a: Lilligant|Sunny Day|p2a: Lilligant
|-weather|SunnyDay
|move|p1a: Garganacl|Recover|p1a: Garganacl
|-heal|p1a: Garganacl|100/100
|
|-weather|SunnyDay|[upkeep]
|upkeep
|turn|13
|
|t:|1779601977
|move|p2a: Lilligant|Solar Blade||[still]
|-prepare|p2a: Lilligant|Solar Blade
|-anim|p2a: Lilligant|Solar Blade|p1a: Garganacl
|-supereffective|p1a: Garganacl
|-damage|p1a: Garganacl|22/100
|move|p1a: Garganacl|Salt Cure|p2a: Lilligant
|-resisted|p2a: Lilligant
|-damage|p2a: Lilligant|89/100
|-start|p2a: Lilligant|Salt Cure
|
|-weather|SunnyDay|[upkeep]
|-damage|p2a: Lilligant|77/100|[from] Salt Cure
|upkeep
|turn|14
|
|t:|1779601990
|move|p1a: Garganacl|Protect|p1a: Garganacl
|-singleturn|p1a: Garganacl|Protect
|move|p2a: Lilligant|Defog|p1a: Garganacl
|-activate|p1a: Garganacl|move: Protect
|
|-weather|SunnyDay|[upkeep]
|-damage|p2a: Lilligant|64/100|[from] Salt Cure
|upkeep
|turn|15
|
|t:|1779602002
|move|p2a: Lilligant|Close Combat|p1a: Garganacl
|-supereffective|p1a: Garganacl
|-damage|p1a: Garganacl|0 fnt
|-unboost|p2a: Lilligant|def|1
|-unboost|p2a: Lilligant|spd|1
|faint|p1a: Garganacl
|
|-weather|SunnyDay|[upkeep]
|-damage|p2a: Lilligant|52/100|[from] Salt Cure
|upkeep
|
|t:|1779602010
|switch|p1a: Cinderace|Cinderace, F|100/100
|turn|16
|
|t:|1779602023
|move|p2a: Lilligant|Defog|p1a: Cinderace
|-unboost|p1a: Cinderace|evasion|1
|-sideend|p2: BoulderJoe|Stealth Rock|[from] move: Defog|[of] p2a: Lilligant
|move|p1a: Cinderace|Pyro Ball|p2a: Lilligant
|-supereffective|p2a: Lilligant
|-damage|p2a: Lilligant|0 fnt
|faint|p2a: Lilligant
|
|-weather|none
|upkeep
|
|t:|1779602033
|switch|p2a: Gliscor 2.0|Landorus-Therian, M|100/100
|-ability|p2a: Gliscor 2.0|Intimidate|boost
|-unboost|p1a: Cinderace|atk|1
|turn|17
|
|t:|1779602041
|move|p1a: Cinderace|U-turn|p2a: Gliscor 2.0
|-start|p1a: Cinderace|typechange|Bug|[from] ability: Libero
|-resisted|p2a: Gliscor 2.0
|-damage|p2a: Gliscor 2.0|91/100
|-damage|p1a: Cinderace|84/100|[from] item: Rocky Helmet|[of] p2a: Gliscor 2.0
|
|t:|1779602051
|switch|p1a: Primarina|Primarina, M|100/100|[from] U-turn
|move|p2a: Gliscor 2.0|U-turn|p1a: Primarina
|-resisted|p1a: Primarina
|-damage|p1a: Primarina|85/100
|
|t:|1779602062
|switch|p2a: PyroBall|Torkoal, F|70/100|[from] U-turn
|-weather|SunnyDay|[from] ability: Drought|[of] p2a: PyroBall
|
|-weather|SunnyDay|[upkeep]
|upkeep
|turn|18
|
|t:|1779602079
|switch|p2a: Gliscor 2.0|Landorus-Therian, M|91/100
|-ability|p2a: Gliscor 2.0|Intimidate|boost
|-unboost|p1a: Primarina|atk|1
|move|p1a: Primarina|Surf|p2a: Gliscor 2.0
|-supereffective|p2a: Gliscor 2.0
|-damage|p2a: Gliscor 2.0|43/100
|
|-weather|SunnyDay|[upkeep]
|upkeep
|turn|19
|
|t:|1779602090
|move|p2a: Gliscor 2.0|U-turn|p1a: Primarina
|-resisted|p1a: Primarina
|-damage|p1a: Primarina|70/100
|
|t:|1779602096
|switch|p2a: Luka Doncic|Venusaur, F|13/100|[from] U-turn
|move|p1a: Primarina|Surf|p2a: Luka Doncic
|-resisted|p2a: Luka Doncic
|-damage|p2a: Luka Doncic|0 fnt
|faint|p2a: Luka Doncic
|
|-weather|SunnyDay|[upkeep]
|upkeep
|
|t:|1779602113
|switch|p2a: Suicidon|Walking Wake|100/100
|-activate|p2a: Suicidon|ability: Protosynthesis
|-start|p2a: Suicidon|protosynthesisspa
|turn|20
|
|t:|1779602134
|-terastallize|p2a: Suicidon|Fire
|move|p2a: Suicidon|Hydro Steam|p1a: Primarina
|-resisted|p1a: Primarina
|-damage|p1a: Primarina|29/100
|move|p1a: Primarina|Moonblast|p2a: Suicidon
|-resisted|p2a: Suicidon
|-damage|p2a: Suicidon|71/100
|
|-weather|SunnyDay|[upkeep]
|upkeep
|turn|21
|
|t:|1779602146
|move|p2a: Suicidon|Hydro Steam|p1a: Primarina
|-resisted|p1a: Primarina
|-damage|p1a: Primarina|0 fnt
|faint|p1a: Primarina
|
|-weather|SunnyDay|[upkeep]
|upkeep
|
|t:|1779602158
|switch|p1a: Dragapult|Dragapult, F|100/100
|turn|22
|
|t:|1779602165
|-end|p2a: Suicidon|Protosynthesis|[silent]
|switch|p2a: Gliscor 2.0|Landorus-Therian, M|43/100
|-ability|p2a: Gliscor 2.0|Intimidate|boost
|-unboost|p1a: Dragapult|atk|1
|move|p1a: Dragapult|Draco Meteor|p2a: Gliscor 2.0
|-damage|p2a: Gliscor 2.0|0 fnt
|-unboost|p1a: Dragapult|spa|2
|faint|p2a: Gliscor 2.0
|
|-weather|SunnyDay|[upkeep]
|upkeep
|
|t:|1779602182
|switch|p2a: Suicidon|Walking Wake, tera:Fire|71/100
|-activate|p2a: Suicidon|ability: Protosynthesis
|-start|p2a: Suicidon|protosynthesisspa
|turn|23
|
|t:|1779602189
|switch|p1a: Cinderace|Cinderace, F|84/100
|move|p2a: Suicidon|Draco Meteor|p1a: Cinderace|[miss]
|-miss|p2a: Suicidon|p1a: Cinderace
|
|-weather|SunnyDay|[upkeep]
|upkeep
|turn|24
|
|t:|1779602197
|move|p1a: Cinderace|Gunk Shot|p2a: Suicidon
|-start|p1a: Cinderace|typechange|Poison|[from] ability: Libero
|-damage|p2a: Suicidon|8/100
|-status|p2a: Suicidon|psn
|move|p2a: Suicidon|Draco Meteor|p1a: Cinderace
|-damage|p1a: Cinderace|0 fnt
|-unboost|p2a: Suicidon|spa|2
|faint|p1a: Cinderace
|
|-weather|none
|-end|p2a: Suicidon|Protosynthesis
|-damage|p2a: Suicidon|0 fnt|[from] psn
|faint|p2a: Suicidon
|-end|p2a: Suicidon|Protosynthesis|[silent]
|upkeep
|
|t:|1779602216
|switch|p1a: Dragapult|Dragapult, F|100/100
|switch|p2a: PyroBall|Torkoal, F|70/100
|-weather|SunnyDay|[from] ability: Drought|[of] p2a: PyroBall
|turn|25
|
|t:|1779602228
|move|p1a: Dragapult|Draco Meteor|p2a: PyroBall
|-damage|p2a: PyroBall|0 fnt
|-unboost|p1a: Dragapult|spa|2
|faint|p2a: PyroBall
|
|-weather|SunnyDay|[upkeep]
|upkeep
|
|t:|1779602235
|switch|p2a: Incineroar|Incineroar, M|47/100
|-ability|p2a: Incineroar|Intimidate|boost
|-unboost|p1a: Dragapult|atk|1
|turn|26
|
|t:|1779602240
|switch|p1a: Darkrai|Darkrai|100/100
|move|p2a: Incineroar|Knock Off|p1a: Darkrai
|-resisted|p1a: Darkrai
|-damage|p1a: Darkrai|77/100
|-enditem|p1a: Darkrai|Choice Scarf|[from] move: Knock Off|[of] p2a: Incineroar
|
|-weather|SunnyDay|[upkeep]
|upkeep
|turn|27
|
|t:|1779602250
|move|p1a: Darkrai|Sludge Bomb|p2a: Incineroar
|-damage|p2a: Incineroar|27/100
|move|p2a: Incineroar|Flare Blitz|p1a: Darkrai
|-damage|p1a: Darkrai|0 fnt
|faint|p1a: Darkrai
|-damage|p2a: Incineroar|9/100|[from] Recoil
|
|-weather|SunnyDay|[upkeep]
|upkeep
|
|t:|1779602255
|switch|p1a: Dragapult|Dragapult, F|100/100
|turn|28
|
|t:|1779602262
|move|p1a: Dragapult|Draco Meteor|p2a: Incineroar|[miss]
|-miss|p1a: Dragapult|p2a: Incineroar
|move|p2a: Incineroar|Knock Off|p1a: Dragapult
|-supereffective|p1a: Dragapult
|-crit|p1a: Dragapult
|-damage|p1a: Dragapult|0 fnt
|-enditem|p1a: Dragapult|Choice Specs|[from] move: Knock Off|[of] p2a: Incineroar
|faint|p1a: Dragapult
|
|win|BoulderJoe
|raw|ahmijahh's rating: 1316 &rarr; <strong>1293</strong><br />(-23 for losing)
|raw|BoulderJoe's rating: 1268 &rarr; <strong>1296</strong><br />(+28 for winning)
|c|☆BoulderJoe|L.fao
|c|☆BoulderJoe|Lolllll
|c|☆BoulderJoe|Broooo
|c|☆ahmijahh|lucky as
|c|☆ahmijahh|gg
|c|☆BoulderJoe|Hahahaha
|l|☆ahmijahh
|player|p1|
|c|☆BoulderJoe|That's exactly why i didn't forfeit
|l|☆BoulderJoe
|player|p2|
