|j|‽randomnoob459
|j|☆Andher
|t:|1779644431
|gametype|singles
|player|p1|randomnoob459|2|1298
|player|p2|Andher|shadowtriad|1361
|gen|9
|tier|[Gen 9] OU
|rated|
|rule|HP Percentage Mod: HP is shown in percentages
|rule|Endless Battle Clause: Forcing endless battles is banned
|rule|Species Clause: Limit one of each Pokémon
|rule|OHKO Clause: OHKO moves are banned
|rule|Evasion Items Clause: Evasion items are banned
|rule|Evasion Moves Clause: Evasion moves are banned
|rule|Evasion Abilities Clause: Evasion abilities are banned
|rule|Sleep Moves Clause: Sleep-inducing moves are banned
|clearpoke
|poke|p1|Dragapult, M|
|poke|p1|Gliscor, M|
|poke|p1|Ogerpon-Wellspring, F|
|poke|p1|Iron Crown|
|poke|p1|Ting-Lu|
|poke|p1|Kingambit, M|
|poke|p2|Samurott-Hisui, F|
|poke|p2|Corviknight, M|
|poke|p2|Kingambit, M|
|poke|p2|Skeledirge, M|
|poke|p2|Gengar, F|
|poke|p2|Dragapult, M|
|teampreview
|
|t:|1779644444
|teamsize|p1|6
|teamsize|p2|6
|start
|switch|p1a: Gliscor|Gliscor, M|100/100
|switch|p2a: Ronin|Samurott-Hisui, F|100/100
|turn|1
|
|t:|1779644450
|move|p1a: Gliscor|Protect|p1a: Gliscor
|-singleturn|p1a: Gliscor|Protect
|move|p2a: Ronin|Flip Turn|p1a: Gliscor
|-activate|p1a: Gliscor|move: Protect
|
|-status|p1a: Gliscor|tox|[from] item: Toxic Orb
|upkeep
|turn|2
|
|t:|1779644465
|switch|p1a: Ogerpon|Ogerpon-Wellspring, F|100/100
|move|p2a: Ronin|Flip Turn|p1a: Ogerpon
|-immune|p1a: Ogerpon|[from] ability: Water Absorb
|
|upkeep
|turn|3
|
|t:|1779644475
|switch|p2a: Shogun|Kingambit, M|100/100
|move|p1a: Ogerpon|Knock Off|p2a: Shogun
|-resisted|p2a: Shogun
|-damage|p2a: Shogun|84/100
|-enditem|p2a: Shogun|Leftovers|[from] move: Knock Off|[of] p1a: Ogerpon
|
|upkeep
|turn|4
|
|t:|1779644503
|move|p1a: Ogerpon|Ivy Cudgel|p2a: Shogun|[anim] Ivy Cudgel Water
|-damage|p2a: Shogun|39/100
|move|p2a: Shogun|Kowtow Cleave|p1a: Ogerpon
|-crit|p1a: Ogerpon
|-damage|p1a: Ogerpon|13/100
|
|upkeep
|turn|5
|
|t:|1779644517
|switch|p1a: Ting-Lu|Ting-Lu|100/100
|-ability|p1a: Ting-Lu|Vessel of Ruin
|move|p2a: Shogun|Sucker Punch||[still]
|-fail|p2a: Shogun
|
|upkeep
|turn|6
|
|t:|1779644529
|-end|p2a: Shogun|fallenundefined|[silent]
|switch|p2a: Ronin|Samurott-Hisui, F|100/100
|move|p1a: Ting-Lu|Taunt|p2a: Ronin
|-start|p2a: Ronin|move: Taunt
|
|upkeep
|turn|7
|
|t:|1779644537
|move|p2a: Ronin|Ceaseless Edge|p1a: Ting-Lu
|-resisted|p1a: Ting-Lu
|-damage|p1a: Ting-Lu|87/100
|-damage|p2a: Ronin|84/100|[from] item: Rocky Helmet|[of] p1a: Ting-Lu
|-sidestart|p1: randomnoob459|Spikes
|move|p1a: Ting-Lu|Stealth Rock|p2a: Ronin
|-sidestart|p2: Andher|move: Stealth Rock
|
|upkeep
|turn|8
|
|t:|1779644545
|move|p2a: Ronin|Ceaseless Edge|p1a: Ting-Lu
|-resisted|p1a: Ting-Lu
|-damage|p1a: Ting-Lu|73/100
|-damage|p2a: Ronin|68/100|[from] item: Rocky Helmet|[of] p1a: Ting-Lu
|-sidestart|p1: randomnoob459|Spikes
|move|p1a: Ting-Lu|Ruination|p2a: Ronin
|-damage|p2a: Ronin|34/100
|
|-end|p2a: Ronin|move: Taunt
|upkeep
|turn|9
|
|t:|1779644559
|move|p2a: Ronin|Ceaseless Edge|p1a: Ting-Lu
|-resisted|p1a: Ting-Lu
|-damage|p1a: Ting-Lu|60/100
|-damage|p2a: Ronin|18/100|[from] item: Rocky Helmet|[of] p1a: Ting-Lu
|-sidestart|p1: randomnoob459|Spikes
|move|p1a: Ting-Lu|Ruination|p2a: Ronin
|-damage|p2a: Ronin|9/100
|
|upkeep
|turn|10
|
|t:|1779644569
|switch|p2a: Corax|Corviknight, M|100/100
|-damage|p2a: Corax|88/100|[from] Stealth Rock
|-ability|p2a: Corax|Pressure
|move|p1a: Ting-Lu|Heavy Slam|p2a: Corax
|-resisted|p2a: Corax
|-damage|p2a: Corax|76/100
|-damage|p1a: Ting-Lu|44/100|[from] item: Rocky Helmet|[of] p2a: Corax
|
|upkeep
|turn|11
|
|t:|1779644586
|move|p1a: Ting-Lu|Taunt|p2a: Corax
|-start|p2a: Corax|move: Taunt
|move|p2a: Corax|Body Press|p1a: Ting-Lu
|-supereffective|p1a: Ting-Lu
|-damage|p1a: Ting-Lu|18/100
|-damage|p2a: Corax|59/100|[from] item: Rocky Helmet|[of] p1a: Ting-Lu
|
|upkeep
|turn|12
|
|t:|1779644601
|move|p1a: Ting-Lu|Ruination|p2a: Corax
|-damage|p2a: Corax|30/100
|move|p2a: Corax|Brave Bird|p1a: Ting-Lu
|-damage|p1a: Ting-Lu|0 fnt
|-damage|p2a: Corax|13/100|[from] item: Rocky Helmet|[of] p1a: Ting-Lu
|faint|p1a: Ting-Lu
|-damage|p2a: Corax|7/100|[from] Recoil
|
|upkeep
|
|t:|1779644611
|switch|p1a: Dragapult|Dragapult, M|100/100
|turn|13
|
|t:|1779644619
|move|p1a: Dragapult|Hex|p2a: Corax
|-damage|p2a: Corax|0 fnt
|faint|p2a: Corax
|
|upkeep
|
|t:|1779644624
|switch|p2a: Malson|Gengar, F, shiny|100/100
|-damage|p2a: Malson|88/100|[from] Stealth Rock
|turn|14
|
|t:|1779644632
|switch|p1a: Kingambit|Kingambit, M|100/100
|-activate|p1a: Kingambit|ability: Supreme Overlord
|-start|p1a: Kingambit|fallen1|[silent]
|-item|p1a: Kingambit|Air Balloon
|move|p2a: Malson|Shadow Ball|p1a: Kingambit
|-resisted|p1a: Kingambit
|-damage|p1a: Kingambit|75/100
|-unboost|p1a: Kingambit|spd|1
|-enditem|p1a: Kingambit|Air Balloon
|
|upkeep
|turn|15
|
|t:|1779644648
|switch|p2a: Ronin|Samurott-Hisui, F|9/100
|-damage|p2a: Ronin|0 fnt|[from] Stealth Rock
|faint|p2a: Ronin
|move|p1a: Kingambit|Low Kick|p2: Ronin|[notarget]
|-fail|p1a: Kingambit
|
|upkeep
|
|t:|1779644675
|switch|p2a: Malson|Gengar, F, shiny|88/100
|-damage|p2a: Malson|76/100|[from] Stealth Rock
|turn|16
|
|t:|1779644681
|move|p1a: Kingambit|Sucker Punch||[still]
|-fail|p1a: Kingambit
|move|p2a: Malson|Trick|p1a: Kingambit
|-activate|p2a: Malson|move: Trick|[of] p1a: Kingambit
|-item|p1a: Kingambit|Choice Scarf|[from] move: Trick
|-enditem|p2a: Malson|Choice Scarf|[silent]|[from] move: Trick
|
|upkeep
|turn|17
|
|t:|1779644692
|switch|p2a: Shogun|Kingambit, M|39/100
|-damage|p2a: Shogun|33/100|[from] Stealth Rock
|-activate|p2a: Shogun|ability: Supreme Overlord
|-start|p2a: Shogun|fallen2|[silent]
|move|p1a: Kingambit|Kowtow Cleave|p2a: Shogun
|-resisted|p2a: Shogun
|-damage|p2a: Shogun|11/100
|
|upkeep
|turn|18
|
|t:|1779644701
|move|p1a: Kingambit|Kowtow Cleave|p2a: Shogun
|-resisted|p2a: Shogun
|-damage|p2a: Shogun|0 fnt
|faint|p2a: Shogun
|-end|p2a: Shogun|fallen2|[silent]
|
|upkeep
|
|t:|1779644706
|switch|p2a: Mort|Skeledirge, M|100/100
|turn|19
|
|t:|1779644710
|-terastallize|p2a: Mort|Fairy
|move|p1a: Kingambit|Kowtow Cleave|p2a: Mort
|-resisted|p2a: Mort
|-damage|p2a: Mort|80/100
|move|p2a: Mort|Torch Song|p1a: Kingambit
|-supereffective|p1a: Kingambit
|-damage|p1a: Kingambit|10/100
|-boost|p2a: Mort|spa|1
|
|upkeep
|turn|20
|
|t:|1779644730
|-end|p1a: Kingambit|fallen1|[silent]
|switch|p1a: Ogerpon|Ogerpon-Wellspring, F|13/100
|-damage|p1a: Ogerpon|0 fnt|[from] Spikes
|faint|p1a: Ogerpon
|move|p2a: Mort|Torch Song|p1: Ogerpon|[notarget]
|-fail|p2a: Mort
|
|upkeep
|
|t:|1779644736
|switch|p1a: Iron Crown|Iron Crown|100/100
|-damage|p1a: Iron Crown|76/100|[from] Spikes
|-enditem|p1a: Iron Crown|Booster Energy
|-activate|p1a: Iron Crown|ability: Quark Drive|[fromitem]
|-start|p1a: Iron Crown|quarkdrivespe
|turn|21
|
|t:|1779644751
|switch|p2a: Malson|Gengar, F, shiny|76/100
|-damage|p2a: Malson|64/100|[from] Stealth Rock
|-terastallize|p1a: Iron Crown|Fighting
|move|p1a: Iron Crown|Tachyon Cutter|p2a: Malson
|-damage|p2a: Malson|28/100
|-damage|p2a: Malson|0 fnt
|faint|p2a: Malson
|-hitcount|p2: Malson|2
|
|upkeep
|
|t:|1779644772
|switch|p2a: Ombra|Dragapult, M|100/100
|-damage|p2a: Ombra|88/100|[from] Stealth Rock
|turn|22
|
|t:|1779644780
|move|p1a: Iron Crown|Calm Mind|p1a: Iron Crown
|-boost|p1a: Iron Crown|spa|1
|-boost|p1a: Iron Crown|spd|1
|move|p2a: Ombra|Draco Meteor|p1a: Iron Crown
|-damage|p1a: Iron Crown|23/100
|-unboost|p2a: Ombra|spa|2
|
|upkeep
|turn|23
|
|t:|1779644789
|move|p1a: Iron Crown|Tachyon Cutter|p2a: Ombra
|-damage|p2a: Ombra|36/100
|-damage|p2a: Ombra|0 fnt
|faint|p2a: Ombra
|-hitcount|p2: Ombra|2
|
|upkeep
|-message|Andher forfeited.
|
|win|randomnoob459
|raw|randomnoob459's rating: 1298 &rarr; <strong>1327</strong><br />(+29 for winning)
|raw|Andher's rating: 1361 &rarr; <strong>1337</strong><br />(-24 for losing)
|l|☆Andher
|player|p2|
