|j|☆n1xx4
|j|☆Random_Impulse
|t:|1779610229
|gametype|singles
|player|p1|n1xx4|170|1075
|player|p2|Random_Impulse|170|1114
|gen|9
|tier|[Gen 9] OU
|rated|
|rule|HP Percentage Mod: HP is shown in percentages
|rule|Endless Battle Clause: Forcing endless battles is banned
|rule|Species Clause: Limit one of each Pokémon
|rule|OHKO Clause: OHKO moves are banned
|rule|Evasion Items Clause: Evasion items are banned
|rule|Evasion Moves Clause: Evasion moves are banned
|rule|Evasion Abilities Clause: Evasion abilities are banned
|rule|Sleep Moves Clause: Sleep-inducing moves are banned
|clearpoke
|poke|p1|Ceruledge, M|
|poke|p1|Sylveon, M|
|poke|p1|Dragapult, M|
|poke|p1|Skarmory, F|
|poke|p1|Meowscarada, F|
|poke|p1|Great Tusk|
|poke|p2|Scizor, F|
|poke|p2|Great Tusk|
|poke|p2|Zamazenta-*|
|poke|p2|Raging Bolt|
|poke|p2|Whimsicott, F|
|poke|p2|Ceruledge, M|
|teampreview
|
|t:|1779610237
|teamsize|p1|6
|teamsize|p2|6
|start
|switch|p1a: Sylveon|Sylveon, M|100/100
|switch|p2a: Great Tusk|Great Tusk, shiny|100/100
|turn|1
|
|t:|1779610246
|-end|p2a: Great Tusk|Protosynthesis|[silent]
|switch|p2a: Scizor|Scizor, F|100/100
|move|p1a: Sylveon|Reflect|p1a: Sylveon
|-sidestart|p1: n1xx4|Reflect
|
|upkeep
|turn|2
|
|t:|1779610251
|move|p1a: Sylveon|Light Screen|p1a: Sylveon
|-sidestart|p1: n1xx4|move: Light Screen
|move|p2a: Scizor|Swords Dance|p2a: Scizor
|-boost|p2a: Scizor|atk|2
|
|upkeep
|turn|3
|
|t:|1779610256
|switch|p1a: Ceruledge|Ceruledge, M|100/100
|move|p2a: Scizor|Swords Dance|p2a: Scizor
|-boost|p2a: Scizor|atk|2
|
|upkeep
|turn|4
|
|t:|1779610270
|move|p2a: Scizor|Bullet Punch|p1a: Ceruledge
|-resisted|p1a: Ceruledge
|-damage|p1a: Ceruledge|57/100
|-ability|p1a: Ceruledge|Weak Armor|boost
|-unboost|p1a: Ceruledge|def|1
|-boost|p1a: Ceruledge|spe|2
|-damage|p2a: Scizor|91/100|[from] item: Life Orb
|move|p1a: Ceruledge|Bitter Blade|p2a: Scizor
|-supereffective|p2a: Scizor
|-damage|p2a: Scizor|0 fnt
|-heal|p1a: Ceruledge|100/100|[from] drain|[of] p2a: Scizor
|faint|p2a: Scizor
|
|upkeep
|
|t:|1779610277
|switch|p2a: Raging Bolt|Raging Bolt|100/100
|turn|5
|inactive|Battle timer is ON: inactive players will automatically lose when time's up. (requested by Random_Impulse)
|
|t:|1779610298
|-terastallize|p1a: Ceruledge|Ghost
|move|p2a: Raging Bolt|Thunderclap|p1a: Ceruledge
|-damage|p1a: Ceruledge|77/100
|move|p1a: Ceruledge|Shadow Claw|p2a: Raging Bolt
|-damage|p2a: Raging Bolt|52/100
|
|-sideend|p1: n1xx4|Reflect
|upkeep
|turn|6
|
|t:|1779610310
|-end|p2a: Raging Bolt|Protosynthesis|[silent]
|switch|p2a: Whimsicott|Whimsicott, F|100/100
|move|p1a: Ceruledge|Shadow Claw|p2a: Whimsicott
|-damage|p2a: Whimsicott|32/100
|
|-sideend|p1: n1xx4|move: Light Screen
|upkeep
|turn|7
|
|t:|1779610316
|move|p1a: Ceruledge|Shadow Sneak|p2a: Whimsicott
|-damage|p2a: Whimsicott|0 fnt
|faint|p2a: Whimsicott
|
|upkeep
|
|t:|1779610322
|switch|p2a: Great Tusk|Great Tusk, shiny|100/100
|turn|8
|
|t:|1779610329
|move|p1a: Ceruledge|Bitter Blade|p2a: Great Tusk
|-damage|p2a: Great Tusk|73/100
|-heal|p1a: Ceruledge|98/100|[from] drain|[of] p2a: Great Tusk
|-damage|p1a: Ceruledge|81/100|[from] item: Rocky Helmet|[of] p2a: Great Tusk
|move|p2a: Great Tusk|Headlong Rush|p1a: Ceruledge
|-damage|p1a: Ceruledge|0 fnt
|-unboost|p2a: Great Tusk|def|1
|-unboost|p2a: Great Tusk|spd|1
|faint|p1a: Ceruledge
|
|upkeep
|
|t:|1779610339
|switch|p1a: Sylveon|Sylveon, M|100/100
|turn|9
|
|t:|1779610352
|move|p2a: Great Tusk|Headlong Rush|p1a: Sylveon
|-damage|p1a: Sylveon|30/100
|-unboost|p2a: Great Tusk|def|1
|-unboost|p2a: Great Tusk|spd|1
|move|p1a: Sylveon|Psychic|p2a: Great Tusk
|-supereffective|p2a: Great Tusk
|-damage|p2a: Great Tusk|0 fnt
|faint|p2a: Great Tusk
|-end|p2a: Great Tusk|Protosynthesis|[silent]
|
|upkeep
|
|t:|1779610356
|switch|p2a: Ceruledge|Ceruledge, M|100/100
|turn|10
|
|t:|1779610363
|move|p2a: Ceruledge|Bitter Blade|p1a: Sylveon
|-damage|p1a: Sylveon|0 fnt
|faint|p1a: Sylveon
|
|upkeep
|
|t:|1779610371
|switch|p1a: Meowscarada|Meowscarada, F|100/100
|turn|11
|
|t:|1779610386
|move|p1a: Meowscarada|Sucker Punch|p2a: Ceruledge
|-start|p1a: Meowscarada|typechange|Dark|[from] ability: Protean
|-supereffective|p2a: Ceruledge
|-damage|p2a: Ceruledge|0 fnt
|faint|p2a: Ceruledge
|-damage|p1a: Meowscarada|91/100|[from] item: Life Orb
|
|upkeep
|
|t:|1779610395
|switch|p2a: Zamazenta|Zamazenta|100/100
|-ability|p2a: Zamazenta|Dauntless Shield|boost
|-boost|p2a: Zamazenta|def|1
|turn|12
|
|t:|1779610403
|switch|p1a: Dragapult|Dragapult, M|100/100
|move|p2a: Zamazenta|Crunch|p1a: Dragapult
|-supereffective|p1a: Dragapult
|-damage|p1a: Dragapult|0 fnt
|faint|p1a: Dragapult
|
|upkeep
|
|t:|1779610414
|switch|p1a: Skarmory|Skarmory, F|100/100
|turn|13
|
|t:|1779610419
|switch|p2a: Raging Bolt|Raging Bolt|52/100
|move|p1a: Skarmory|Brave Bird|p2a: Raging Bolt
|-resisted|p2a: Raging Bolt
|-damage|p2a: Raging Bolt|30/100
|-damage|p1a: Skarmory|90/100|[from] Recoil
|
|upkeep
|turn|14
|
|t:|1779610432
|-terastallize|p2a: Raging Bolt|Dragon
|move|p2a: Raging Bolt|Draco Meteor|p1a: Skarmory
|-resisted|p1a: Skarmory
|-damage|p1a: Skarmory|11/100
|-unboost|p2a: Raging Bolt|spa|2
|move|p1a: Skarmory|Brave Bird|p2a: Raging Bolt
|-damage|p2a: Raging Bolt|0 fnt
|faint|p2a: Raging Bolt
|-end|p2a: Raging Bolt|Protosynthesis|[silent]
|-damage|p1a: Skarmory|0 fnt|[from] Recoil
|faint|p1a: Skarmory
|
|upkeep
|
|t:|1779610444
|switch|p2a: Zamazenta|Zamazenta|100/100
|switch|p1a: Meowscarada|Meowscarada, F|91/100
|turn|15
|
|t:|1779610456
|move|p2a: Zamazenta|Close Combat|p1a: Meowscarada
|-supereffective|p1a: Meowscarada
|-damage|p1a: Meowscarada|0 fnt
|-unboost|p2a: Zamazenta|def|1
|-unboost|p2a: Zamazenta|spd|1
|faint|p1a: Meowscarada
|
|upkeep
|
|t:|1779610459
|switch|p1a: Great Tusk|Great Tusk|100/100
|turn|16
|
|t:|1779610473
|move|p2a: Zamazenta|Close Combat|p1a: Great Tusk
|-damage|p1a: Great Tusk|51/100
|-unboost|p2a: Zamazenta|def|1
|-unboost|p2a: Zamazenta|spd|1
|move|p1a: Great Tusk|Body Press|p2a: Zamazenta
|-damage|p2a: Zamazenta|21/100
|
|upkeep
|turn|17
|
|t:|1779610477
|move|p2a: Zamazenta|Close Combat|p1a: Great Tusk
|-damage|p1a: Great Tusk|1/100
|-unboost|p2a: Zamazenta|def|1
|-unboost|p2a: Zamazenta|spd|1
|move|p1a: Great Tusk|Body Press|p2a: Zamazenta
|-damage|p2a: Zamazenta|0 fnt
|faint|p2a: Zamazenta
|
|win|n1xx4
|raw|n1xx4's rating: 1075 &rarr; <strong>1107</strong><br />(+32 for winning)
|raw|Random_Impulse's rating: 1114 &rarr; <strong>1086</strong><br />(-28 for losing)
|c|☆Random_Impulse|bru
|c|☆Random_Impulse|ggs
|l|☆n1xx4
|player|p1|
|l|☆Random_Impulse
|player|p2|
