|j|☆party girl 2004
|j|☆BiggieChed66
|t:|1779557289
|gametype|singles
|player|p1|party girl 2004|lass-gen4dp|1304
|player|p2|BiggieChed66|ghetsis-gen5bw|1245
|gen|9
|tier|[Gen 9] OU
|rated|
|rule|HP Percentage Mod: HP is shown in percentages
|rule|Endless Battle Clause: Forcing endless battles is banned
|rule|Species Clause: Limit one of each Pokémon
|rule|OHKO Clause: OHKO moves are banned
|rule|Evasion Items Clause: Evasion items are banned
|rule|Evasion Moves Clause: Evasion moves are banned
|rule|Evasion Abilities Clause: Evasion abilities are banned
|rule|Sleep Moves Clause: Sleep-inducing moves are banned
|clearpoke
|poke|p1|Mew|
|poke|p1|Emboar, F|
|poke|p1|Serperior, F|
|poke|p1|Enamorus, F|
|poke|p1|Hoopa-Unbound|
|poke|p1|Dragonite, M|
|poke|p2|Hawlucha, F|
|poke|p2|Samurott-Hisui, F|
|poke|p2|Rillaboom, F|
|poke|p2|Gholdengo|
|poke|p2|Gliscor, F|
|poke|p2|Iron Moth|
|teampreview
|inactive|Battle timer is ON: inactive players will automatically lose when time's up. (requested by party girl 2004)
|
|t:|1779557294
|teamsize|p1|6
|teamsize|p2|6
|start
|switch|p1a: 1111|Mew, shiny|100/100
|switch|p2a: Gliscor|Gliscor, F|100/100
|turn|1
|
|t:|1779557299
|move|p2a: Gliscor|Protect|p2a: Gliscor
|-singleturn|p2a: Gliscor|Protect
|move|p1a: 1111|Taunt|p2a: Gliscor
|-activate|p2a: Gliscor|move: Protect
|
|-status|p2a: Gliscor|tox|[from] item: Toxic Orb
|upkeep
|turn|2
|
|t:|1779557304
|move|p1a: 1111|Taunt|p2a: Gliscor
|-start|p2a: Gliscor|move: Taunt
|move|p2a: Gliscor|Earthquake|p1a: 1111
|-damage|p1a: 1111|72/100
|
|upkeep
|turn|3
|
|t:|1779557309
|switch|p2a: Samurott|Samurott-Hisui, F|100/100
|move|p1a: 1111|Gravity|p1a: 1111
|-fieldstart|move: Gravity
|
|upkeep
|turn|4
|
|t:|1779557314
|move|p1a: 1111|Taunt|p2a: Samurott
|-start|p2a: Samurott|move: Taunt
|move|p2a: Samurott|Ceaseless Edge|p1a: 1111
|-supereffective|p1a: 1111
|-enditem|p1a: 1111|Colbur Berry|[eat]
|-enditem|p1a: 1111|Colbur Berry|[weaken]
|-damage|p1a: 1111|35/100
|-sidestart|p1: party girl 2004|Spikes
|
|upkeep
|turn|5
|
|t:|1779557319
|move|p1a: 1111|Tailwind|p1a: 1111
|-sidestart|p1: party girl 2004|move: Tailwind
|move|p2a: Samurott|Ceaseless Edge|p1a: 1111
|-supereffective|p1a: 1111
|-damage|p1a: 1111|0 fnt
|-sidestart|p1: party girl 2004|Spikes
|faint|p1a: 1111
|
|upkeep
|
|t:|1779557322
|switch|p1a: 2222|Emboar, F, shiny|100/100
|-damage|p1a: 2222|84/100|[from] Spikes
|turn|6
|
|t:|1779557331
|switch|p2a: Iron Moth|Iron Moth|100/100
|-enditem|p2a: Iron Moth|Booster Energy
|-activate|p2a: Iron Moth|ability: Quark Drive|[fromitem]
|-start|p2a: Iron Moth|quarkdrivespe
|-terastallize|p1a: 2222|Rock
|move|p1a: 2222|Head Smash|p2a: Iron Moth
|-supereffective|p2a: Iron Moth
|-damage|p2a: Iron Moth|0 fnt
|faint|p2a: Iron Moth
|-end|p2a: Iron Moth|Quark Drive|[silent]
|-damage|p1a: 2222|42/100|[from] Recoil
|-damage|p1a: 2222|32/100|[from] item: Life Orb
|
|upkeep
|
|t:|1779557340
|switch|p2a: Rillaboom|Rillaboom, F|100/100
|-fieldstart|move: Grassy Terrain|[from] ability: Grassy Surge|[of] p2a: Rillaboom
|turn|7
|
|t:|1779557344
|move|p1a: 2222|Sucker Punch|p2a: Rillaboom
|-crit|p2a: Rillaboom
|-damage|p2a: Rillaboom|45/100
|-damage|p1a: 2222|22/100|[from] item: Life Orb
|move|p2a: Rillaboom|Grassy Glide|p1a: 2222
|-supereffective|p1a: 2222
|-damage|p1a: 2222|0 fnt
|faint|p1a: 2222
|
|-heal|p2a: Rillaboom|51/100|[from] Grassy Terrain
|-fieldend|move: Gravity
|upkeep
|
|t:|1779557352
|switch|p1a: 3333|Serperior, F, shiny|100/100
|-damage|p1a: 3333|84/100|[from] Spikes
|turn|8
|
|t:|1779557364
|move|p1a: 3333|Leaf Storm|p2a: Rillaboom
|-resisted|p2a: Rillaboom
|-damage|p2a: Rillaboom|11/100
|-boost|p1a: 3333|spa|2
|move|p2a: Rillaboom|U-turn|p1a: 3333
|-supereffective|p1a: 3333
|-damage|p1a: 3333|17/100
|
|t:|1779557369
|switch|p2a: Hawlucha|Hawlucha, F|100/100|[from] U-turn
|-enditem|p2a: Hawlucha|Grassy Seed
|-boost|p2a: Hawlucha|def|1|[from] item: Grassy Seed
|
|-heal|p1a: 3333|24/100|[from] Grassy Terrain
|-sideend|p1: party girl 2004|move: Tailwind
|upkeep
|turn|9
|
|t:|1779557376
|move|p2a: Hawlucha|Acrobatics|p1a: 3333
|-supereffective|p1a: 3333
|-damage|p1a: 3333|0 fnt
|faint|p1a: 3333
|
|upkeep
|
|t:|1779557378
|switch|p1a: 4444|Enamorus, F|100/100
|turn|10
|
|t:|1779557384
|-terastallize|p2a: Hawlucha|Steel
|move|p2a: Hawlucha|Swords Dance|p2a: Hawlucha
|-boost|p2a: Hawlucha|atk|2
|move|p1a: 4444|Tailwind|p1a: 4444
|-sidestart|p1: party girl 2004|move: Tailwind
|
|upkeep
|turn|11
|
|t:|1779557394
|move|p1a: 4444|Earth Power|p2a: Hawlucha
|-supereffective|p2a: Hawlucha
|-damage|p2a: Hawlucha|0 fnt
|faint|p2a: Hawlucha
|
|-fieldend|move: Grassy Terrain
|upkeep
|
|t:|1779557400
|switch|p2a: Gholdengo|Gholdengo|100/100
|turn|12
|
|t:|1779557405
|switch|p2a: Gliscor|Gliscor, F|100/100 tox
|move|p1a: 4444|Mystical Fire|p2a: Gliscor
|-damage|p2a: Gliscor|66/100 tox
|-unboost|p2a: Gliscor|spa|1
|
|-heal|p2a: Gliscor|78/100 tox|[from] ability: Poison Heal
|upkeep
|turn|13
|
|t:|1779557412
|move|p1a: 4444|Moonblast|p2a: Gliscor
|-damage|p2a: Gliscor|20/100 tox
|move|p2a: Gliscor|Toxic|p1a: 4444
|-status|p1a: 4444|tox
|
|-damage|p1a: 4444|94/100 tox|[from] psn
|-heal|p2a: Gliscor|33/100 tox|[from] ability: Poison Heal
|-sideend|p1: party girl 2004|move: Tailwind
|upkeep
|turn|14
|
|t:|1779557416
|move|p2a: Gliscor|Protect|p2a: Gliscor
|-singleturn|p2a: Gliscor|Protect
|move|p1a: 4444|Tailwind|p1a: 4444
|-sidestart|p1: party girl 2004|move: Tailwind
|
|-damage|p1a: 4444|82/100 tox|[from] psn
|-heal|p2a: Gliscor|45/100 tox|[from] ability: Poison Heal
|upkeep
|turn|15
|
|t:|1779557426
|switch|p2a: Gholdengo|Gholdengo|100/100
|move|p1a: 4444|Moonblast|p2a: Gholdengo
|-resisted|p2a: Gholdengo
|-damage|p2a: Gholdengo|69/100
|
|-damage|p1a: 4444|63/100 tox|[from] psn
|upkeep
|turn|16
|
|t:|1779557434
|switch|p2a: Gliscor|Gliscor, F|45/100 tox
|move|p1a: 4444|Moonblast|p2a: Gliscor
|-damage|p2a: Gliscor|0 fnt
|faint|p2a: Gliscor
|
|-damage|p1a: 4444|38/100 tox|[from] psn
|upkeep
|
|t:|1779557440
|switch|p2a: Rillaboom|Rillaboom, F|11/100
|-fieldstart|move: Grassy Terrain|[from] ability: Grassy Surge|[of] p2a: Rillaboom
|turn|17
|
|t:|1779557447
|move|p2a: Rillaboom|Grassy Glide|p1a: 4444
|-resisted|p1a: 4444
|-damage|p1a: 4444|0 fnt
|faint|p1a: 4444
|
|-heal|p2a: Rillaboom|17/100|[from] Grassy Terrain
|-sideend|p1: party girl 2004|move: Tailwind
|upkeep
|
|t:|1779557464
|switch|p1a: 6666|Dragonite, M, shiny|100/100
|turn|18
|
|t:|1779557471
|move|p1a: 6666|Dragon Dance|p1a: 6666
|-boost|p1a: 6666|atk|1
|-boost|p1a: 6666|spe|1
|move|p2a: Rillaboom|Knock Off|p1a: 6666
|-damage|p1a: 6666|82/100
|-enditem|p1a: 6666|Heavy-Duty Boots|[from] move: Knock Off|[of] p2a: Rillaboom
|
|-heal|p2a: Rillaboom|24/100|[from] Grassy Terrain
|upkeep
|turn|19
|
|t:|1779557479
|move|p1a: 6666|Roost|p1a: 6666
|-heal|p1a: 6666|100/100
|-singleturn|p1a: 6666|move: Roost
|move|p2a: Rillaboom|U-turn|p1a: 6666
|-damage|p1a: 6666|86/100
|
|t:|1779557484
|switch|p2a: Gholdengo|Gholdengo|69/100|[from] U-turn
|
|-heal|p2a: Gholdengo|75/100|[from] Grassy Terrain
|-heal|p1a: 6666|92/100|[from] Grassy Terrain
|upkeep
|turn|20
|
|t:|1779557489
|move|p2a: Gholdengo|Make It Rain|p1a: 6666
|-damage|p1a: 6666|21/100
|-unboost|p2a: Gholdengo|spa|1
|move|p1a: 6666|Fire Punch|p2a: Gholdengo
|-supereffective|p2a: Gholdengo
|-damage|p2a: Gholdengo|0 fnt
|faint|p2a: Gholdengo
|
|upkeep
|
|t:|1779557495
|switch|p2a: Samurott|Samurott-Hisui, F|100/100
|turn|21
|
|t:|1779557503
|move|p2a: Samurott|Sucker Punch||[still]
|-fail|p2a: Samurott
|move|p1a: 6666|Roost|p1a: 6666
|-heal|p1a: 6666|71/100
|-singleturn|p1a: 6666|move: Roost
|
|-heal|p1a: 6666|77/100|[from] Grassy Terrain
|-fieldend|move: Grassy Terrain
|upkeep
|turn|22
|
|t:|1779557508
|move|p1a: 6666|Roost|p1a: 6666
|-heal|p1a: 6666|100/100
|-singleturn|p1a: 6666|move: Roost
|move|p2a: Samurott|Knock Off|p1a: 6666
|-damage|p1a: 6666|86/100
|
|upkeep
|turn|23
|
|t:|1779557511
|move|p1a: 6666|Dragon Claw|p2a: Samurott
|-damage|p2a: Samurott|22/100
|move|p2a: Samurott|Ceaseless Edge|p1a: 6666
|-damage|p1a: 6666|43/100
|-sidestart|p1: party girl 2004|Spikes
|
|upkeep
|turn|24
|
|t:|1779557514
|move|p2a: Samurott|Sucker Punch||[still]
|-fail|p2a: Samurott
|move|p1a: 6666|Roost|p1a: 6666
|-heal|p1a: 6666|93/100
|-singleturn|p1a: 6666|move: Roost
|
|upkeep
|turn|25
|
|t:|1779557517
|move|p2a: Samurott|Sucker Punch||[still]
|-fail|p2a: Samurott
|move|p1a: 6666|Dragon Dance|p1a: 6666
|-boost|p1a: 6666|atk|1
|-boost|p1a: 6666|spe|1
|
|upkeep
|turn|26
|
|t:|1779557520
|move|p1a: 6666|Roost|p1a: 6666
|-heal|p1a: 6666|100/100
|-singleturn|p1a: 6666|move: Roost
|move|p2a: Samurott|Ceaseless Edge|p1a: 6666
|-damage|p1a: 6666|77/100
|
|upkeep
|turn|27
|-message|BiggieChed66 forfeited.
|
|win|party girl 2004
|raw|party girl 2004's rating: 1304 &rarr; <strong>1321</strong><br />(+17 for winning)
|raw|BiggieChed66's rating: 1245 &rarr; <strong>1224</strong><br />(-21 for losing)
|l|☆BiggieChed66
|player|p2|
|l|☆party girl 2004
|player|p1|
