|j|☆mtxmason
|j|☆serpico XD
|t:|1779616239
|gametype|singles
|player|p1|mtxmason|proton|1348
|player|p2|serpico XD|blue|1379
|gen|9
|tier|[Gen 9] OU
|rated|
|rule|HP Percentage Mod: HP is shown in percentages
|rule|Endless Battle Clause: Forcing endless battles is banned
|rule|Species Clause: Limit one of each Pokémon
|rule|OHKO Clause: OHKO moves are banned
|rule|Evasion Items Clause: Evasion items are banned
|rule|Evasion Moves Clause: Evasion moves are banned
|rule|Evasion Abilities Clause: Evasion abilities are banned
|rule|Sleep Moves Clause: Sleep-inducing moves are banned
|clearpoke
|poke|p1|Mamoswine, F|
|poke|p1|Dragonite, F|
|poke|p1|Iron Moth|
|poke|p1|Hatterene, F|
|poke|p1|Kingambit, M|
|poke|p1|Zamazenta-*|
|poke|p2|Regieleki|
|poke|p2|Cinderace, M|
|poke|p2|Meowscarada, F|
|poke|p2|Primarina, F|
|poke|p2|Corviknight, F|
|poke|p2|Iron Valiant|
|teampreview
|inactive|Battle timer is ON: inactive players will automatically lose when time's up. (requested by mtxmason)
|c|☆serpico XD|glhf´
|
|t:|1779616256
|teamsize|p1|6
|teamsize|p2|6
|start
|switch|p1a: Mamoswine|Mamoswine, F|100/100
|switch|p2a: Cinderace|Cinderace, M|100/100
|turn|1
|
|t:|1779616259
|move|p2a: Cinderace|Pyro Ball|p1a: Mamoswine
|-supereffective|p1a: Mamoswine
|-enditem|p1a: Mamoswine|Focus Sash
|-damage|p1a: Mamoswine|1/100
|move|p1a: Mamoswine|Endeavor|p2a: Cinderace
|-damage|p2a: Cinderace|1/100
|
|upkeep
|turn|2
|
|t:|1779616264
|switch|p2a: Corviknight|Corviknight, F, shiny|100/100
|move|p1a: Mamoswine|Ice Shard|p2a: Corviknight
|-damage|p2a: Corviknight|87/100
|
|upkeep
|turn|3
|
|t:|1779616270
|move|p1a: Mamoswine|Stealth Rock|p2a: Corviknight
|-sidestart|p2: serpico XD|move: Stealth Rock
|move|p2a: Corviknight|Roost|p2a: Corviknight
|-heal|p2a: Corviknight|100/100
|-singleturn|p2a: Corviknight|move: Roost
|
|upkeep
|turn|4
|
|t:|1779616272
|move|p1a: Mamoswine|Endeavor|p2a: Corviknight
|-damage|p2a: Corviknight|1/100
|-damage|p1a: Mamoswine|0 fnt|[from] item: Rocky Helmet|[of] p2a: Corviknight
|faint|p1a: Mamoswine
|move|p2a: Corviknight|Defog|p1: Mamoswine|[notarget]
|-fail|p2a: Corviknight
|
|upkeep
|
|t:|1779616281
|switch|p1a: Iron Moth|Iron Moth|100/100
|-enditem|p1a: Iron Moth|Booster Energy
|-activate|p1a: Iron Moth|ability: Quark Drive|[fromitem]
|-start|p1a: Iron Moth|quarkdrivespe
|turn|5
|
|t:|1779616285
|move|p1a: Iron Moth|Fiery Dance|p2a: Corviknight
|-supereffective|p2a: Corviknight
|-damage|p2a: Corviknight|0 fnt
|-boost|p1a: Iron Moth|spa|1
|faint|p2a: Corviknight
|
|upkeep
|
|t:|1779616287
|switch|p2a: Meowscarada|Meowscarada, F|100/100
|-damage|p2a: Meowscarada|88/100|[from] Stealth Rock
|turn|6
|
|t:|1779616290
|move|p1a: Iron Moth|Fiery Dance|p2a: Meowscarada
|-supereffective|p2a: Meowscarada
|-damage|p2a: Meowscarada|0 fnt
|faint|p2a: Meowscarada
|
|upkeep
|-message|serpico XD forfeited.
|
|win|mtxmason
|raw|mtxmason's rating: 1348 &rarr; <strong>1370</strong><br />(+22 for winning)
|raw|serpico XD's rating: 1379 &rarr; <strong>1357</strong><br />(-22 for losing)
|l|☆serpico XD
|player|p2|
