|inactive|Battle timer is ON: inactive players will automatically lose when time's up.
|t:|1779648150
|gametype|singles
|player|p1|Comepinga Returns|lucas|
|player|p2|vk|#splxvityrants|
|gen|9
|tier|[Gen 9] OU
|rule|HP Percentage Mod: HP is shown in percentages
|rule|Endless Battle Clause: Forcing endless battles is banned
|rule|Species Clause: Limit one of each Pokémon
|rule|OHKO Clause: OHKO moves are banned
|rule|Evasion Items Clause: Evasion items are banned
|rule|Evasion Moves Clause: Evasion moves are banned
|rule|Evasion Abilities Clause: Evasion abilities are banned
|rule|Sleep Moves Clause: Sleep-inducing moves are banned
|clearpoke
|poke|p1|Dragapult, F|
|poke|p1|Corviknight, M|
|poke|p1|Ting-Lu|
|poke|p1|Slowking-Galar, F|
|poke|p1|Ogerpon-Wellspring, F|
|poke|p1|Kyurem|
|poke|p2|Gliscor, M|
|poke|p2|Gholdengo|
|poke|p2|Dragonite, F|
|poke|p2|Ting-Lu|
|poke|p2|Darkrai|
|poke|p2|Zamazenta-*|
|teampreview
|c|☆Comepinga Returns|hf
|c|☆vk|u2
|inactive|vk has 270 seconds left.
|inactive|vk has 240 seconds left.
|inactive|vk has 210 seconds left.
|
|t:|1779648246
|teamsize|p1|6
|teamsize|p2|6
|start
|switch|p1a: Ogerpon|Ogerpon-Wellspring, F|100/100
|switch|p2a: Gliscor|Gliscor, M|100/100
|turn|1
|
|t:|1779648252
|move|p1a: Ogerpon|Ivy Cudgel|p2a: Gliscor|[anim] Ivy Cudgel Water
|-supereffective|p2a: Gliscor
|-damage|p2a: Gliscor|22/100
|move|p2a: Gliscor|Toxic|p1a: Ogerpon
|-status|p1a: Ogerpon|tox
|
|-damage|p1a: Ogerpon|95/100 tox|[from] psn
|-status|p2a: Gliscor|tox|[from] item: Toxic Orb
|upkeep
|turn|2
|
|t:|1779648257
|move|p2a: Gliscor|Protect|p2a: Gliscor
|-singleturn|p2a: Gliscor|Protect
|move|p1a: Ogerpon|Swords Dance|p1a: Ogerpon
|-boost|p1a: Ogerpon|atk|2
|
|-damage|p1a: Ogerpon|83/100 tox|[from] psn
|-heal|p2a: Gliscor|35/100 tox|[from] ability: Poison Heal
|upkeep
|turn|3
|
|t:|1779648263
|switch|p2a: Dragonite|Dragonite, F|100/100
|move|p1a: Ogerpon|Play Rough|p2a: Dragonite|[miss]
|-miss|p1a: Ogerpon|p2a: Dragonite
|
|-damage|p1a: Ogerpon|65/100 tox|[from] psn
|upkeep
|turn|4
|
|t:|1779648270
|move|p2a: Dragonite|Extreme Speed|p1a: Ogerpon
|-damage|p1a: Ogerpon|26/100 tox
|move|p1a: Ogerpon|Play Rough|p2a: Dragonite
|-supereffective|p2a: Dragonite
|-damage|p2a: Dragonite|21/100
|
|-damage|p1a: Ogerpon|2/100 tox|[from] psn
|upkeep
|turn|5
|
|t:|1779648277
|switch|p1a: Dragapult|Dragapult, F, shiny|100/100
|move|p2a: Dragonite|Extreme Speed|p1a: Dragapult
|-immune|p1a: Dragapult
|
|upkeep
|turn|6
|
|t:|1779648281
|switch|p2a: Ting-Lu|Ting-Lu|100/100
|-ability|p2a: Ting-Lu|Vessel of Ruin
|move|p1a: Dragapult|Dragon Darts|p2a: Ting-Lu
|-damage|p2a: Ting-Lu|76/100
|-anim|p1a: Dragapult|Dragon Darts|p2a: Ting-Lu
|-damage|p2a: Ting-Lu|55/100
|
|-heal|p2a: Ting-Lu|61/100|[from] item: Leftovers
|upkeep
|turn|7
|
|t:|1779648290
|move|p1a: Dragapult|Dragon Darts|p2a: Ting-Lu
|-damage|p2a: Ting-Lu|37/100
|-anim|p1a: Dragapult|Dragon Darts|p2a: Ting-Lu
|-damage|p2a: Ting-Lu|16/100
|move|p2a: Ting-Lu|Stealth Rock|p1a: Dragapult
|-sidestart|p1: Comepinga Returns|move: Stealth Rock
|
|-heal|p2a: Ting-Lu|22/100|[from] item: Leftovers
|upkeep
|turn|8
|
|t:|1779648294
|switch|p2a: Gholdengo|Gholdengo|100/100
|move|p1a: Dragapult|Dragon Darts|p2a: Gholdengo
|-resisted|p2a: Gholdengo
|-damage|p2a: Gholdengo|79/100
|-anim|p1a: Dragapult|Dragon Darts|p2a: Gholdengo
|-resisted|p2a: Gholdengo
|-damage|p2a: Gholdengo|55/100
|
|upkeep
|turn|9
|
|t:|1779648302
|switch|p1a: Slowking|Slowking-Galar, F, shiny|100/100
|-damage|p1a: Slowking|88/100|[from] Stealth Rock
|move|p2a: Gholdengo|Recover|p2a: Gholdengo
|-heal|p2a: Gholdengo|100/100
|
|-heal|p1a: Slowking|94/100|[from] item: Black Sludge
|upkeep
|turn|10
|
|t:|1779648307
|switch|p2a: Ting-Lu|Ting-Lu|22/100
|-ability|p2a: Ting-Lu|Vessel of Ruin
|-prepare|p1a: Slowking|Chilly Reception|[premajor]
|move|p1a: Slowking|Chilly Reception|p1a: Slowking
|-weather|Snowscape
|
|t:|1779648312
|switch|p1a: Kyurem|Kyurem, shiny|100/100|[from] Chilly Reception
|-damage|p1a: Kyurem|76/100|[from] Stealth Rock
|-ability|p1a: Kyurem|Pressure
|
|-weather|Snowscape|[upkeep]
|-heal|p2a: Ting-Lu|28/100|[from] item: Leftovers
|upkeep
|turn|11
|
|t:|1779648323
|switch|p2a: Gholdengo|Gholdengo|100/100
|move|p1a: Kyurem|Blizzard|p2a: Gholdengo
|-resisted|p2a: Gholdengo
|-damage|p2a: Gholdengo|42/100
|
|-weather|Snowscape|[upkeep]
|upkeep
|turn|12
|
|t:|1779648330
|switch|p1a: Ting-Lu|Ting-Lu|100/100
|-damage|p1a: Ting-Lu|94/100|[from] Stealth Rock
|-ability|p1a: Ting-Lu|Vessel of Ruin
|move|p2a: Gholdengo|Recover|p2a: Gholdengo
|-heal|p2a: Gholdengo|93/100
|
|-weather|Snowscape|[upkeep]
|-heal|p1a: Ting-Lu|100/100|[from] item: Leftovers
|upkeep
|turn|13
|
|t:|1779648332
|switch|p2a: Gliscor|Gliscor, M|35/100 tox
|move|p1a: Ting-Lu|Stealth Rock|p2a: Gliscor
|-sidestart|p2: vk|move: Stealth Rock
|
|-weather|Snowscape|[upkeep]
|-heal|p2a: Gliscor|47/100 tox|[from] ability: Poison Heal
|upkeep
|turn|14
|
|t:|1779648336
|switch|p1a: Corviknight|Corviknight, M, shiny|100/100
|-damage|p1a: Corviknight|88/100|[from] Stealth Rock
|-ability|p1a: Corviknight|Pressure
|move|p2a: Gliscor|Toxic|p1a: Corviknight
|-immune|p1a: Corviknight
|
|-weather|none
|-heal|p2a: Gliscor|60/100 tox|[from] ability: Poison Heal
|upkeep
|turn|15
|
|t:|1779648339
|move|p2a: Gliscor|Protect|p2a: Gliscor
|-singleturn|p2a: Gliscor|Protect
|move|p1a: Corviknight|Defog|p2a: Gliscor
|-activate|p2a: Gliscor|move: Protect
|
|-heal|p2a: Gliscor|72/100 tox|[from] ability: Poison Heal
|upkeep
|turn|16
|
|t:|1779648344
|switch|p2a: Gholdengo|Gholdengo|93/100
|-damage|p2a: Gholdengo|87/100|[from] Stealth Rock
|move|p1a: Corviknight|Roost|p1a: Corviknight
|-heal|p1a: Corviknight|100/100
|-singleturn|p1a: Corviknight|move: Roost
|
|upkeep
|turn|17
|
|t:|1779648347
|switch|p1a: Slowking|Slowking-Galar, F, shiny|100/100
|-damage|p1a: Slowking|88/100|[from] Stealth Rock
|move|p2a: Gholdengo|Trick|p1a: Slowking
|-activate|p2a: Gholdengo|move: Trick|[of] p1a: Slowking
|-item|p1a: Slowking|Choice Scarf|[from] move: Trick
|-item|p2a: Gholdengo|Black Sludge|[from] move: Trick
|
|-damage|p2a: Gholdengo|74/100|[from] item: Black Sludge
|upkeep
|turn|18
|inactive|vk has 270 seconds left.
|
|t:|1779648401
|move|p2a: Gholdengo|Trick|p1a: Slowking
|-activate|p2a: Gholdengo|move: Trick|[of] p1a: Slowking
|-item|p1a: Slowking|Black Sludge|[from] move: Trick
|-item|p2a: Gholdengo|Choice Scarf|[from] move: Trick
|-prepare|p1a: Slowking|Chilly Reception|[premajor]
|move|p1a: Slowking|Chilly Reception|p1a: Slowking
|-weather|Snowscape
|
|t:|1779648405
|switch|p1a: Ting-Lu|Ting-Lu|100/100|[from] Chilly Reception
|-damage|p1a: Ting-Lu|94/100|[from] Stealth Rock
|-ability|p1a: Ting-Lu|Vessel of Ruin
|
|-weather|Snowscape|[upkeep]
|-heal|p1a: Ting-Lu|100/100|[from] item: Leftovers
|upkeep
|turn|19
|
|t:|1779648410
|switch|p2a: Gliscor|Gliscor, M|72/100 tox
|-damage|p2a: Gliscor|60/100 tox|[from] Stealth Rock
|move|p1a: Ting-Lu|Earthquake|p2a: Gliscor
|-immune|p2a: Gliscor
|
|-weather|Snowscape|[upkeep]
|-heal|p2a: Gliscor|72/100 tox|[from] ability: Poison Heal
|upkeep
|turn|20
|
|t:|1779648413
|switch|p1a: Corviknight|Corviknight, M, shiny|100/100
|-damage|p1a: Corviknight|88/100|[from] Stealth Rock
|-ability|p1a: Corviknight|Pressure
|move|p2a: Gliscor|Spikes|p1a: Corviknight
|-sidestart|p1: Comepinga Returns|Spikes
|
|-weather|Snowscape|[upkeep]
|-heal|p2a: Gliscor|85/100 tox|[from] ability: Poison Heal
|upkeep
|turn|21
|
|t:|1779648420
|switch|p2a: Gholdengo|Gholdengo|74/100
|-damage|p2a: Gholdengo|68/100|[from] Stealth Rock
|move|p1a: Corviknight|Brave Bird|p2a: Gholdengo
|-resisted|p2a: Gholdengo
|-damage|p2a: Gholdengo|49/100
|-damage|p1a: Corviknight|83/100|[from] Recoil
|
|-weather|Snowscape|[upkeep]
|upkeep
|turn|22
|
|t:|1779648425
|move|p2a: Gholdengo|Shadow Ball|p1a: Corviknight
|-damage|p1a: Corviknight|41/100
|-unboost|p1a: Corviknight|spd|1
|move|p1a: Corviknight|Brave Bird|p2a: Gholdengo
|-resisted|p2a: Gholdengo
|-damage|p2a: Gholdengo|28/100
|-damage|p1a: Corviknight|36/100|[from] Recoil
|
|-weather|none
|upkeep
|turn|23
|
|t:|1779648429
|switch|p1a: Ting-Lu|Ting-Lu|100/100
|-damage|p1a: Ting-Lu|94/100|[from] Stealth Rock
|-damage|p1a: Ting-Lu|82/100|[from] Spikes
|-ability|p1a: Ting-Lu|Vessel of Ruin
|move|p2a: Gholdengo|Shadow Ball|p1a: Ting-Lu
|-resisted|p1a: Ting-Lu
|-damage|p1a: Ting-Lu|73/100
|-unboost|p1a: Ting-Lu|spd|1
|
|-heal|p1a: Ting-Lu|79/100|[from] item: Leftovers
|upkeep
|turn|24
|
|t:|1779648436
|switch|p2a: Dragonite|Dragonite, F|21/100
|move|p1a: Ting-Lu|Whirlwind|p2a: Dragonite
|drag|p2a: Darkrai|Darkrai|100/100
|
|-heal|p1a: Ting-Lu|85/100|[from] item: Leftovers
|upkeep
|turn|25
|
|t:|1779648442
|move|p2a: Darkrai|Knock Off|p1a: Ting-Lu
|-resisted|p1a: Ting-Lu
|-damage|p1a: Ting-Lu|78/100
|-enditem|p1a: Ting-Lu|Leftovers|[from] move: Knock Off|[of] p2a: Darkrai
|move|p1a: Ting-Lu|Ruination|p2a: Darkrai
|-damage|p2a: Darkrai|51/100
|
|upkeep
|turn|26
|
|t:|1779648449
|move|p2a: Darkrai|Will-O-Wisp|p1a: Ting-Lu
|-status|p1a: Ting-Lu|brn
|move|p1a: Ting-Lu|Earthquake|p2a: Darkrai
|-damage|p2a: Darkrai|26/100
|
|-damage|p1a: Ting-Lu|72/100 brn|[from] brn
|upkeep
|turn|27
|
|t:|1779648455
|move|p2a: Darkrai|Ice Beam|p1a: Ting-Lu
|-supereffective|p1a: Ting-Lu
|-damage|p1a: Ting-Lu|26/100 brn
|move|p1a: Ting-Lu|Earthquake|p2a: Darkrai
|-damage|p2a: Darkrai|0 fnt
|faint|p2a: Darkrai
|
|-damage|p1a: Ting-Lu|19/100 brn|[from] brn
|upkeep
|
|t:|1779648465
|switch|p2a: Dragonite|Dragonite, F|21/100
|turn|28
|
|t:|1779648468
|switch|p1a: Corviknight|Corviknight, M, shiny|36/100
|-damage|p1a: Corviknight|23/100|[from] Stealth Rock
|-ability|p1a: Corviknight|Pressure
|move|p2a: Dragonite|Roost|p2a: Dragonite
|-heal|p2a: Dragonite|71/100
|-singleturn|p2a: Dragonite|move: Roost
|
|upkeep
|turn|29
|
|t:|1779648471
|switch|p2a: Gholdengo|Gholdengo|28/100
|-damage|p2a: Gholdengo|22/100|[from] Stealth Rock
|move|p1a: Corviknight|Roost|p1a: Corviknight
|-heal|p1a: Corviknight|73/100
|-singleturn|p1a: Corviknight|move: Roost
|
|upkeep
|turn|30
|
|t:|1779648499
|move|p2a: Gholdengo|Shadow Ball|p1a: Corviknight
|-damage|p1a: Corviknight|30/100
|move|p1a: Corviknight|Roost|p1a: Corviknight
|-heal|p1a: Corviknight|80/100
|-singleturn|p1a: Corviknight|move: Roost
|
|upkeep
|turn|31
|
|t:|1779648502
|move|p2a: Gholdengo|Shadow Ball|p1a: Corviknight
|-damage|p1a: Corviknight|36/100
|move|p1a: Corviknight|Roost|p1a: Corviknight
|-heal|p1a: Corviknight|86/100
|-singleturn|p1a: Corviknight|move: Roost
|
|upkeep
|turn|32
|
|t:|1779648505
|move|p2a: Gholdengo|Shadow Ball|p1a: Corviknight
|-damage|p1a: Corviknight|44/100
|move|p1a: Corviknight|Roost|p1a: Corviknight
|-heal|p1a: Corviknight|94/100
|-singleturn|p1a: Corviknight|move: Roost
|
|upkeep
|turn|33
|
|t:|1779648512
|move|p2a: Gholdengo|Shadow Ball|p1a: Corviknight
|-damage|p1a: Corviknight|56/100
|move|p1a: Corviknight|Brave Bird|p2a: Gholdengo
|-resisted|p2a: Gholdengo
|-damage|p2a: Gholdengo|1/100
|-damage|p1a: Corviknight|50/100|[from] Recoil
|
|upkeep
|turn|34
|
|t:|1779648517
|move|p2a: Gholdengo|Shadow Ball|p1a: Corviknight
|-damage|p1a: Corviknight|7/100
|-unboost|p1a: Corviknight|spd|1
|move|p1a: Corviknight|Roost|p1a: Corviknight
|-heal|p1a: Corviknight|57/100
|-singleturn|p1a: Corviknight|move: Roost
|
|upkeep
|turn|35
|
|t:|1779648539
|switch|p1a: Ogerpon|Ogerpon-Wellspring, F|2/100 tox
|-damage|p1a: Ogerpon|0 fnt|[from] Stealth Rock
|faint|p1a: Ogerpon
|move|p2a: Gholdengo|Shadow Ball|p1: Ogerpon|[notarget]
|-fail|p2a: Gholdengo
|
|upkeep
|inactive|Comepinga Returns has 270 seconds left.
|inactive|Comepinga Returns has 240 seconds left.
|
|t:|1779648595
|switch|p1a: Dragapult|Dragapult, F, shiny|100/100
|-damage|p1a: Dragapult|88/100|[from] Stealth Rock
|-damage|p1a: Dragapult|76/100|[from] Spikes
|turn|36
|
|t:|1779648602
|-terastallize|p1a: Dragapult|Dragon
|move|p2a: Gholdengo|Shadow Ball|p1a: Dragapult
|-damage|p1a: Dragapult|9/100
|move|p1a: Dragapult|Dragon Darts|p2a: Gholdengo
|-resisted|p2a: Gholdengo
|-damage|p2a: Gholdengo|0 fnt
|faint|p2a: Gholdengo
|
|upkeep
|
|t:|1779648614
|switch|p2a: Zamazenta|Zamazenta|100/100
|-ability|p2a: Zamazenta|Dauntless Shield|boost
|-boost|p2a: Zamazenta|def|1
|turn|37
|
|t:|1779648622
|switch|p1a: Ting-Lu|Ting-Lu|19/100 brn
|-damage|p1a: Ting-Lu|13/100 brn|[from] Stealth Rock
|-damage|p1a: Ting-Lu|1/100 brn|[from] Spikes
|-ability|p1a: Ting-Lu|Vessel of Ruin
|move|p2a: Zamazenta|Crunch|p1a: Ting-Lu
|-resisted|p1a: Ting-Lu
|-damage|p1a: Ting-Lu|0 fnt
|faint|p1a: Ting-Lu
|
|upkeep
|
|t:|1779648626
|switch|p1a: Corviknight|Corviknight, M, shiny|57/100
|-damage|p1a: Corviknight|45/100|[from] Stealth Rock
|-ability|p1a: Corviknight|Pressure
|turn|38
|
|t:|1779648627
|move|p2a: Zamazenta|Close Combat|p1a: Corviknight
|-damage|p1a: Corviknight|6/100
|-unboost|p2a: Zamazenta|def|1
|-unboost|p2a: Zamazenta|spd|1
|-damage|p2a: Zamazenta|84/100|[from] item: Rocky Helmet|[of] p1a: Corviknight
|move|p1a: Corviknight|Roost|p1a: Corviknight
|-heal|p1a: Corviknight|56/100
|-singleturn|p1a: Corviknight|move: Roost
|
|upkeep
|turn|39
|
|t:|1779648635
|move|p2a: Zamazenta|Close Combat|p1a: Corviknight
|-damage|p1a: Corviknight|15/100
|-unboost|p2a: Zamazenta|def|1
|-unboost|p2a: Zamazenta|spd|1
|-damage|p2a: Zamazenta|67/100|[from] item: Rocky Helmet|[of] p1a: Corviknight
|move|p1a: Corviknight|Roost|p1a: Corviknight
|-heal|p1a: Corviknight|65/100
|-singleturn|p1a: Corviknight|move: Roost
|
|upkeep
|turn|40
|
|t:|1779648642
|move|p2a: Zamazenta|Close Combat|p1a: Corviknight
|-damage|p1a: Corviknight|23/100
|-unboost|p2a: Zamazenta|def|1
|-unboost|p2a: Zamazenta|spd|1
|-damage|p2a: Zamazenta|51/100|[from] item: Rocky Helmet|[of] p1a: Corviknight
|move|p1a: Corviknight|Brave Bird|p2a: Zamazenta
|-supereffective|p2a: Zamazenta
|-damage|p2a: Zamazenta|0 fnt
|faint|p2a: Zamazenta
|-damage|p1a: Corviknight|9/100|[from] Recoil
|
|upkeep
|
|t:|1779648647
|switch|p2a: Dragonite|Dragonite, F|71/100
|turn|41
|
|t:|1779648653
|switch|p2a: Ting-Lu|Ting-Lu|28/100
|-damage|p2a: Ting-Lu|22/100|[from] Stealth Rock
|-ability|p2a: Ting-Lu|Vessel of Ruin
|move|p1a: Corviknight|Defog|p2a: Ting-Lu
|-unboost|p2a: Ting-Lu|evasion|1
|-sideend|p2: vk|Stealth Rock|[from] move: Defog|[of] p1a: Corviknight
|-sideend|p1: Comepinga Returns|Spikes|[from] move: Defog|[of] p1a: Corviknight
|-sideend|p1: Comepinga Returns|Stealth Rock|[from] move: Defog|[of] p1a: Corviknight
|
|-heal|p2a: Ting-Lu|28/100|[from] item: Leftovers
|upkeep
|turn|42
|
|t:|1779648657
|switch|p1a: Dragapult|Dragapult, F, shiny, tera:Dragon|9/100
|move|p2a: Ting-Lu|Stealth Rock|p1a: Dragapult
|-sidestart|p1: Comepinga Returns|move: Stealth Rock
|
|-heal|p2a: Ting-Lu|35/100|[from] item: Leftovers
|upkeep
|turn|43
|
|t:|1779648664
|move|p1a: Dragapult|Dragon Darts|p2a: Ting-Lu
|-damage|p2a: Ting-Lu|7/100
|-anim|p1a: Dragapult|Dragon Darts|p2a: Ting-Lu
|-damage|p2a: Ting-Lu|0 fnt
|faint|p2a: Ting-Lu
|
|upkeep
|
|t:|1779648669
|switch|p2a: Dragonite|Dragonite, F|71/100
|turn|44
|
|t:|1779648682
|move|p2a: Dragonite|Extreme Speed|p1a: Dragapult
|-damage|p1a: Dragapult|0 fnt
|faint|p1a: Dragapult
|
|upkeep
|inactive|Comepinga Returns has 270 seconds left.
|inactive|Comepinga Returns has 240 seconds left.
|inactive|Comepinga Returns has 210 seconds left.
|inactive|Comepinga Returns has 180 seconds left.
|inactive|Comepinga Returns has 150 seconds left.
|
|t:|1779648843
|switch|p1a: Kyurem|Kyurem, shiny|76/100
|-damage|p1a: Kyurem|51/100|[from] Stealth Rock
|-ability|p1a: Kyurem|Pressure
|turn|45
|inactive|Comepinga Returns has 150 seconds left.
|
|t:|1779648862
|-terastallize|p2a: Dragonite|Normal
|move|p2a: Dragonite|Extreme Speed|p1a: Kyurem
|-damage|p1a: Kyurem|5/100
|move|p1a: Kyurem|Ice Beam|p2a: Dragonite
|-damage|p2a: Dragonite|4/100
|
|upkeep
|turn|46
|
|t:|1779648869
|move|p2a: Dragonite|Extreme Speed|p1a: Kyurem
|-damage|p1a: Kyurem|0 fnt
|faint|p1a: Kyurem
|
|upkeep
|c|☆Comepinga Returns|what
|c|☆Comepinga Returns|the 
|c|☆Comepinga Returns|fuck
|
|t:|1779648881
|switch|p1a: Slowking|Slowking-Galar, F, shiny|100/100
|-damage|p1a: Slowking|88/100|[from] Stealth Rock
|turn|47
|
|t:|1779648884
|move|p2a: Dragonite|Roost|p2a: Dragonite
|-heal|p2a: Dragonite|54/100
|move|p1a: Slowking|Sludge Bomb|p2a: Dragonite
|-damage|p2a: Dragonite|24/100
|
|-heal|p1a: Slowking|94/100|[from] item: Black Sludge
|upkeep
|turn|48
|inactive|Comepinga Returns has 150 seconds left.
|c|☆vk|I need to be killed 
|
|t:|1779648907
|move|p2a: Dragonite|Roost|p2a: Dragonite
|-heal|p2a: Dragonite|74/100
|move|p1a: Slowking|Sludge Bomb|p2a: Dragonite
|-damage|p2a: Dragonite|41/100
|
|-heal|p1a: Slowking|99/100|[from] item: Black Sludge
|upkeep
|turn|49
|
|t:|1779648912
|move|p2a: Dragonite|Roost|p2a: Dragonite
|-heal|p2a: Dragonite|91/100
|move|p1a: Slowking|Sludge Bomb|p2a: Dragonite
|-damage|p2a: Dragonite|60/100
|
|-heal|p1a: Slowking|100/100|[from] item: Black Sludge
|upkeep
|turn|50
|
|t:|1779648915
|move|p2a: Dragonite|Earthquake|p1a: Slowking
|-supereffective|p1a: Slowking
|-damage|p1a: Slowking|19/100
|move|p1a: Slowking|Sludge Bomb|p2a: Dragonite
|-damage|p2a: Dragonite|29/100
|
|-heal|p1a: Slowking|25/100|[from] item: Black Sludge
|upkeep
|turn|51
|
|t:|1779648919
|move|p2a: Dragonite|Earthquake|p1a: Slowking
|-supereffective|p1a: Slowking
|-damage|p1a: Slowking|0 fnt
|faint|p1a: Slowking
|
|upkeep
|c|☆Comepinga Returns|damn
|c|☆Comepinga Returns|im fucking ass
|c|☆Comepinga Returns|holy fucking shit
|c|☆vk|U had ice beam? 
|inactive|Comepinga Returns has 150 seconds left.
|c|☆Comepinga Returns|what do u mean
|c|☆Comepinga Returns|i had blizzard
|c|☆Comepinga Returns|jesus fuck
|inactive|Comepinga Returns has 120 seconds left.
|c|☆Comepinga Returns|gen 9 is so braindead
|c|☆Comepinga Returns|I hate fucking tera bs 
|inactive|Comepinga Returns has 90 seconds left.
|c|☆Comepinga Returns|0 skill needed to win a game
|
|t:|1779649010
|switch|p1a: Corviknight|Corviknight, M, shiny|9/100
|-damage|p1a: Corviknight|0 fnt|[from] Stealth Rock
|faint|p1a: Corviknight
|
|win|vk
|c|☆vk|truke? 
|c|☆Comepinga Returns|?
|player|p2|
|player|p1|
