|j|☆CantFindExplain
|j|☆ihymyly
|t:|1779685010
|gametype|singles
|player|p1|CantFindExplain|102|1452
|player|p2|ihymyly|266|1497
|gen|9
|tier|[Gen 9] OU
|rated|
|rule|HP Percentage Mod: HP is shown in percentages
|rule|Endless Battle Clause: Forcing endless battles is banned
|rule|Species Clause: Limit one of each Pokémon
|rule|OHKO Clause: OHKO moves are banned
|rule|Evasion Items Clause: Evasion items are banned
|rule|Evasion Moves Clause: Evasion moves are banned
|rule|Evasion Abilities Clause: Evasion abilities are banned
|rule|Sleep Moves Clause: Sleep-inducing moves are banned
|clearpoke
|poke|p1|Dragapult, F|
|poke|p1|Garganacl, F|
|poke|p1|Ogerpon-Wellspring, F|
|poke|p1|Zamazenta-*|
|poke|p1|Zapdos|
|poke|p1|Iron Treads|
|poke|p2|Darkrai|
|poke|p2|Skarmory, M|
|poke|p2|Great Tusk|
|poke|p2|Latios, M|
|poke|p2|Weavile, M|
|poke|p2|Ogerpon-Wellspring, F|
|teampreview
|
|t:|1779685029
|teamsize|p1|6
|teamsize|p2|6
|start
|switch|p1a: Dragapult|Dragapult, F|100/100
|switch|p2a: Ogerpon|Ogerpon-Wellspring, F|100/100
|turn|1
|l|☆ihymyly
|player|p2|
|inactive|Battle timer is ON: inactive players will automatically lose when time's up. (requested by CantFindExplain)
|inactive|ihymyly has 30 seconds to reconnect!
|inactive|ihymyly has 20 seconds to reconnect!
|inactive|ihymyly has 15 seconds to reconnect!
|inactive|ihymyly has 10 seconds to reconnect!
|inactive|ihymyly has 5 seconds to reconnect!
|j|☆ihymyly
|inactive|ihymyly reconnected and has 95 seconds left.
|player|p2|ihymyly|266|
|inactive|ihymyly has 90 seconds left.
|
|t:|1779685107
|move|p1a: Dragapult|U-turn|p2a: Ogerpon
|-supereffective|p2a: Ogerpon
|-damage|p2a: Ogerpon|54/100
|
|t:|1779685110
|switch|p1a: Ogerpon|Ogerpon-Wellspring, F|100/100|[from] U-turn
|move|p2a: Ogerpon|Knock Off|p1a: Ogerpon
|-damage|p1a: Ogerpon|70/100
|
|upkeep
|turn|2
|
|t:|1779685116
|switch|p1a: Zapdos|Zapdos|100/100
|move|p2a: Ogerpon|Horn Leech|p1a: Zapdos
|-resisted|p1a: Zapdos
|-crit|p1a: Zapdos
|-damage|p1a: Zapdos|75/100
|-heal|p2a: Ogerpon|70/100|[from] drain|[of] p1a: Zapdos
|
|upkeep
|turn|3
|
|t:|1779685122
|switch|p1a: Ogerpon|Ogerpon-Wellspring, F|70/100
|move|p2a: Ogerpon|Ivy Cudgel|p1a: Ogerpon|[anim] Ivy Cudgel Water
|-heal|p1a: Ogerpon|95/100|[from] ability: Water Absorb|[of] p2a: Ogerpon
|
|upkeep
|turn|4
|
|t:|1779685125
|move|p1a: Ogerpon|Horn Leech|p2a: Ogerpon
|-damage|p2a: Ogerpon|8/100
|-heal|p1a: Ogerpon|100/100|[from] drain|[of] p2a: Ogerpon
|move|p2a: Ogerpon|Horn Leech|p1a: Ogerpon
|-damage|p1a: Ogerpon|44/100
|-heal|p2a: Ogerpon|37/100|[from] drain|[of] p1a: Ogerpon
|
|upkeep
|turn|5
|
|t:|1779685136
|move|p1a: Ogerpon|Horn Leech|p2a: Ogerpon
|-damage|p2a: Ogerpon|0 fnt
|-heal|p1a: Ogerpon|62/100|[from] drain|[of] p2a: Ogerpon
|faint|p2a: Ogerpon
|
|upkeep
|
|t:|1779685144
|switch|p2a: almost*evil*jordan|Darkrai, shiny|100/100
|turn|6
|
|t:|1779685159
|move|p2a: almost*evil*jordan|Nasty Plot|p2a: almost*evil*jordan
|-boost|p2a: almost*evil*jordan|spa|2
|move|p1a: Ogerpon|U-turn|p2a: almost*evil*jordan
|-supereffective|p2a: almost*evil*jordan
|-damage|p2a: almost*evil*jordan|39/100
|
|t:|1779685165
|switch|p1a: Dragapult|Dragapult, F|100/100|[from] U-turn
|
|-heal|p2a: almost*evil*jordan|46/100|[from] item: Leftovers
|upkeep
|turn|7
|
|t:|1779685182
|switch|p2a: Red Bull|Skarmory, M|100/100
|move|p1a: Dragapult|Flamethrower|p2a: Red Bull
|-supereffective|p2a: Red Bull
|-ability|p2a: Red Bull|Sturdy
|-damage|p2a: Red Bull|1/100
|
|upkeep
|turn|8
|
|t:|1779685190
|move|p1a: Dragapult|Flamethrower|p2a: Red Bull
|-supereffective|p2a: Red Bull
|-damage|p2a: Red Bull|0 fnt
|faint|p2a: Red Bull
|
|upkeep
|
|t:|1779685193
|switch|p2a: Latios|Latios, M|100/100
|turn|9
|
|t:|1779685204
|switch|p1a: Iron Treads|Iron Treads|100/100
|move|p2a: Latios|Calm Mind|p2a: Latios
|-boost|p2a: Latios|spa|1
|-boost|p2a: Latios|spd|1
|
|upkeep
|turn|10
|
|t:|1779685211
|move|p2a: Latios|Luster Purge|p1a: Iron Treads
|-resisted|p1a: Iron Treads
|-damage|p1a: Iron Treads|68/100
|-unboost|p1a: Iron Treads|spd|1
|move|p1a: Iron Treads|Knock Off|p2a: Latios
|-supereffective|p2a: Latios
|-damage|p2a: Latios|37/100
|-enditem|p2a: Latios|Soul Dew|[from] move: Knock Off|[of] p1a: Iron Treads
|
|-heal|p1a: Iron Treads|74/100|[from] item: Leftovers
|upkeep
|turn|11
|
|t:|1779685219
|move|p2a: Latios|Recover|p2a: Latios
|-heal|p2a: Latios|87/100
|move|p1a: Iron Treads|Knock Off|p2a: Latios
|-supereffective|p2a: Latios
|-damage|p2a: Latios|40/100
|
|-heal|p1a: Iron Treads|80/100|[from] item: Leftovers
|upkeep
|turn|12
|
|t:|1779685232
|move|p2a: Latios|Recover|p2a: Latios
|-heal|p2a: Latios|90/100
|move|p1a: Iron Treads|Knock Off|p2a: Latios
|-supereffective|p2a: Latios
|-damage|p2a: Latios|44/100
|
|-heal|p1a: Iron Treads|86/100|[from] item: Leftovers
|upkeep
|turn|13
|
|t:|1779685237
|move|p2a: Latios|Recover|p2a: Latios
|-heal|p2a: Latios|94/100
|move|p1a: Iron Treads|Knock Off|p2a: Latios
|-supereffective|p2a: Latios
|-damage|p2a: Latios|53/100
|
|-heal|p1a: Iron Treads|92/100|[from] item: Leftovers
|upkeep
|turn|14
|
|t:|1779685242
|move|p2a: Latios|Luster Purge|p1a: Iron Treads
|-resisted|p1a: Iron Treads
|-damage|p1a: Iron Treads|50/100
|-unboost|p1a: Iron Treads|spd|1
|move|p1a: Iron Treads|Knock Off|p2a: Latios
|-supereffective|p2a: Latios
|-damage|p2a: Latios|4/100
|
|-heal|p1a: Iron Treads|56/100|[from] item: Leftovers
|upkeep
|turn|15
|
|t:|1779685251
|move|p2a: Latios|Luster Purge|p1a: Iron Treads
|-resisted|p1a: Iron Treads
|-damage|p1a: Iron Treads|0 fnt
|faint|p1a: Iron Treads
|-end|p1a: Iron Treads|Quark Drive|[silent]
|
|upkeep
|
|t:|1779685258
|switch|p1a: Dragapult|Dragapult, F|100/100
|turn|16
|
|t:|1779685263
|move|p1a: Dragapult|Flamethrower|p2a: Latios
|-resisted|p2a: Latios
|-damage|p2a: Latios|0 fnt
|faint|p2a: Latios
|
|upkeep
|
|t:|1779685270
|switch|p2a: almost*evil*jordan|Darkrai, shiny|46/100
|turn|17
|
|t:|1779685275
|move|p1a: Dragapult|Flamethrower|p2a: almost*evil*jordan
|-damage|p2a: almost*evil*jordan|1/100
|move|p2a: almost*evil*jordan|Dark Pulse|p1a: Dragapult
|-supereffective|p1a: Dragapult
|-damage|p1a: Dragapult|0 fnt
|faint|p1a: Dragapult
|
|-heal|p2a: almost*evil*jordan|8/100|[from] item: Leftovers
|upkeep
|
|t:|1779685300
|switch|p1a: Garganacl|Garganacl, F|100/100
|turn|18
|
|t:|1779685307
|move|p2a: almost*evil*jordan|Dark Pulse|p1a: Garganacl
|-damage|p1a: Garganacl|75/100
|move|p1a: Garganacl|Body Press|p2a: almost*evil*jordan
|-supereffective|p2a: almost*evil*jordan
|-damage|p2a: almost*evil*jordan|0 fnt
|faint|p2a: almost*evil*jordan
|
|-heal|p1a: Garganacl|81/100|[from] item: Leftovers
|upkeep
|
|t:|1779685314
|switch|p2a: Mr. -ice Guy|Weavile, M|100/100
|-ability|p2a: Mr. -ice Guy|Pressure
|turn|19
|
|t:|1779685319
|move|p2a: Mr. -ice Guy|Knock Off|p1a: Garganacl
|-damage|p1a: Garganacl|50/100
|-enditem|p1a: Garganacl|Leftovers|[from] move: Knock Off|[of] p2a: Mr. -ice Guy
|move|p1a: Garganacl|Salt Cure|p2a: Mr. -ice Guy
|-supereffective|p2a: Mr. -ice Guy
|-damage|p2a: Mr. -ice Guy|49/100
|-start|p2a: Mr. -ice Guy|Salt Cure
|
|-damage|p2a: Mr. -ice Guy|37/100|[from] Salt Cure
|upkeep
|turn|20
|
|t:|1779685322
|move|p2a: Mr. -ice Guy|Triple Axel|p1a: Garganacl
|-damage|p1a: Garganacl|43/100
|-hitcount|p1a: Garganacl|1
|move|p1a: Garganacl|Recover|p1a: Garganacl
|-heal|p1a: Garganacl|93/100
|
|-damage|p2a: Mr. -ice Guy|24/100|[from] Salt Cure
|upkeep
|turn|21
|
|t:|1779685331
|move|p2a: Mr. -ice Guy|Triple Axel|p1a: Garganacl
|-damage|p1a: Garganacl|87/100
|-damage|p1a: Garganacl|74/100
|-hitcount|p1a: Garganacl|2
|move|p1a: Garganacl|Recover|p1a: Garganacl
|-heal|p1a: Garganacl|100/100
|
|-damage|p2a: Mr. -ice Guy|12/100|[from] Salt Cure
|upkeep
|turn|22
|
|t:|1779685339
|move|p2a: Mr. -ice Guy|Triple Axel|p1a: Garganacl
|-damage|p1a: Garganacl|93/100
|-damage|p1a: Garganacl|79/100
|-damage|p1a: Garganacl|60/100
|-hitcount|p1a: Garganacl|3
|move|p1a: Garganacl|Recover|p1a: Garganacl
|-heal|p1a: Garganacl|100/100
|
|-damage|p2a: Mr. -ice Guy|0 fnt|[from] Salt Cure
|faint|p2a: Mr. -ice Guy
|upkeep
|
|t:|1779685345
|switch|p2a: Primal Schnoz|Great Tusk|100/100
|turn|23
|
|t:|1779685361
|-terastallize|p1a: Garganacl|Fairy
|move|p2a: Primal Schnoz|Stealth Rock|p1a: Garganacl
|-sidestart|p1: CantFindExplain|move: Stealth Rock
|move|p1a: Garganacl|Salt Cure|p2a: Primal Schnoz
|-resisted|p2a: Primal Schnoz
|-damage|p2a: Primal Schnoz|98/100
|-start|p2a: Primal Schnoz|Salt Cure
|
|-damage|p2a: Primal Schnoz|86/100|[from] Salt Cure
|upkeep
|turn|24
|
|t:|1779685368
|move|p2a: Primal Schnoz|Headlong Rush|p1a: Garganacl
|-damage|p1a: Garganacl|66/100
|-unboost|p2a: Primal Schnoz|def|1
|-unboost|p2a: Primal Schnoz|spd|1
|move|p1a: Garganacl|Iron Defense|p1a: Garganacl
|-boost|p1a: Garganacl|def|2
|
|-damage|p2a: Primal Schnoz|74/100|[from] Salt Cure
|upkeep
|turn|25
|-message|ihymyly forfeited.
|
|win|CantFindExplain
|raw|CantFindExplain's rating: 1452 &rarr; <strong>1475</strong><br />(+23 for winning)
|raw|ihymyly's rating: 1497 &rarr; <strong>1474</strong><br />(-23 for losing)
|l|☆ihymyly
|player|p2|
