|j|☆Panic_Attack420
|j|☆superbad69
|t:|1779659315
|gametype|singles
|player|p1|Panic_Attack420|roxie|1406
|player|p2|superbad69|2|1332
|gen|9
|tier|[Gen 9] OU
|rated|
|rule|HP Percentage Mod: HP is shown in percentages
|rule|Endless Battle Clause: Forcing endless battles is banned
|rule|Species Clause: Limit one of each Pokémon
|rule|OHKO Clause: OHKO moves are banned
|rule|Evasion Items Clause: Evasion items are banned
|rule|Evasion Moves Clause: Evasion moves are banned
|rule|Evasion Abilities Clause: Evasion abilities are banned
|rule|Sleep Moves Clause: Sleep-inducing moves are banned
|clearpoke
|poke|p1|Torkoal, F|
|poke|p1|Walking Wake|
|poke|p1|Araquanid, M|
|poke|p1|Charizard, M|
|poke|p1|Great Tusk|
|poke|p1|Kyurem|
|poke|p2|Enamorus, F|
|poke|p2|Haxorus, F|
|poke|p2|Iron Treads|
|poke|p2|Ogerpon-Wellspring, F|
|poke|p2|Tornadus, M|
|poke|p2|Skeledirge, F|
|teampreview
|inactive|Battle timer is ON: inactive players will automatically lose when time's up. (requested by Panic_Attack420)
|c|☆Panic_Attack420|gl
|
|t:|1779659329
|teamsize|p1|6
|teamsize|p2|6
|start
|switch|p1a: Stick Bug|Araquanid, M|100/100
|switch|p2a: Tornadus|Tornadus, M|100/100
|turn|1
|
|t:|1779659335
|move|p2a: Tornadus|Bleakwind Storm|p1a: Stick Bug
|-supereffective|p1a: Stick Bug
|-damage|p1a: Stick Bug|18/100
|move|p1a: Stick Bug|Sticky Web|p2a: Tornadus
|-sidestart|p2: superbad69|move: Sticky Web
|
|upkeep
|turn|2
|-enditem|p1a: Stick Bug|Custap Berry|[eat]
|-activate|p1a: Stick Bug|item: Custap Berry|[consumed]
|
|t:|1779659343
|switch|p2a: Skeledirge|Skeledirge, F|100/100
|-item|p2a: Skeledirge|Air Balloon
|move|p1a: Stick Bug|Surf|p2a: Skeledirge
|-supereffective|p2a: Skeledirge
|-damage|p2a: Skeledirge|0 fnt
|-enditem|p2a: Skeledirge|Air Balloon
|faint|p2a: Skeledirge
|
|upkeep
|
|t:|1779659359
|switch|p2a: Enamorus|Enamorus, F|100/100
|turn|3
|
|t:|1779659362
|move|p2a: Enamorus|Moonblast|p1a: Stick Bug
|-damage|p1a: Stick Bug|0 fnt
|faint|p1a: Stick Bug
|
|upkeep
|
|t:|1779659377
|switch|p1a: Red Shell|Torkoal, F|100/100
|-weather|SunnyDay|[from] ability: Drought|[of] p1a: Red Shell
|turn|4
|
|t:|1779659381
|move|p2a: Enamorus|Earth Power|p1a: Red Shell
|-supereffective|p1a: Red Shell
|-damage|p1a: Red Shell|33/100
|-unboost|p1a: Red Shell|spd|1
|move|p1a: Red Shell|Stealth Rock|p2a: Enamorus
|-sidestart|p2: superbad69|move: Stealth Rock
|
|-weather|SunnyDay|[upkeep]
|upkeep
|turn|5
|
|t:|1779659388
|move|p2a: Enamorus|Earth Power|p1a: Red Shell
|-supereffective|p1a: Red Shell
|-damage|p1a: Red Shell|0 fnt
|faint|p1a: Red Shell
|
|-weather|SunnyDay|[upkeep]
|upkeep
|
|t:|1779659390
|switch|p1a: The Speed!|Walking Wake|100/100
|-activate|p1a: The Speed!|ability: Protosynthesis
|-start|p1a: The Speed!|protosynthesisspe
|turn|6
|
|t:|1779659401
|-terastallize|p1a: The Speed!|Fire
|move|p1a: The Speed!|Flamethrower|p2a: Enamorus
|-enditem|p2a: Enamorus|Focus Sash
|-damage|p2a: Enamorus|1/100
|move|p2a: Enamorus|Moonblast|p1a: The Speed!
|-resisted|p1a: The Speed!
|-damage|p1a: The Speed!|69/100
|
|-weather|SunnyDay|[upkeep]
|upkeep
|turn|7
|
|t:|1779659407
|move|p1a: The Speed!|Flamethrower|p2a: Enamorus
|-crit|p2a: Enamorus
|-damage|p2a: Enamorus|0 fnt
|faint|p2a: Enamorus
|
|-weather|SunnyDay|[upkeep]
|upkeep
|
|t:|1779659424
|switch|p2a: Tornadus|Tornadus, M|100/100
|-damage|p2a: Tornadus|76/100|[from] Stealth Rock
|turn|8
|
|t:|1779659427
|move|p2a: Tornadus|Rain Dance|p2a: Tornadus
|-weather|RainDance
|-end|p1a: The Speed!|Protosynthesis
|move|p1a: The Speed!|Flamethrower|p2a: Tornadus
|-damage|p2a: Tornadus|32/100
|-enditem|p2a: Tornadus|Eject Button
|
|t:|1779659432
|switch|p2a: Ogerpon|Ogerpon-Wellspring, F|100/100
|-activate|p2a: Ogerpon|move: Sticky Web
|-unboost|p2a: Ogerpon|spe|1
|-damage|p2a: Ogerpon|88/100|[from] Stealth Rock
|
|-weather|RainDance|[upkeep]
|upkeep
|turn|9
|
|t:|1779659443
|-end|p1a: The Speed!|Protosynthesis|[silent]
|switch|p1a: Elon Tusk|Great Tusk|100/100
|move|p2a: Ogerpon|Ivy Cudgel|p1a: Elon Tusk|[anim] Ivy Cudgel Water
|-supereffective|p1a: Elon Tusk
|-damage|p1a: Elon Tusk|0 fnt
|faint|p1a: Elon Tusk
|-end|p1a: Elon Tusk|Protosynthesis|[silent]
|
|-weather|RainDance|[upkeep]
|upkeep
|
|t:|1779659446
|switch|p1a: Gambler|Kyurem|100/100
|-ability|p1a: Gambler|Pressure
|turn|10
|
|t:|1779659460
|switch|p2a: Iron Treads|Iron Treads|100/100
|-activate|p2a: Iron Treads|move: Sticky Web
|-unboost|p2a: Iron Treads|spe|1
|-damage|p2a: Iron Treads|97/100|[from] Stealth Rock
|-enditem|p2a: Iron Treads|Booster Energy
|-activate|p2a: Iron Treads|ability: Quark Drive|[fromitem]
|-start|p2a: Iron Treads|quarkdrivedef
|move|p1a: Gambler|Scale Shot|p2a: Iron Treads
|-resisted|p2a: Iron Treads
|-damage|p2a: Iron Treads|93/100
|-resisted|p2a: Iron Treads
|-damage|p2a: Iron Treads|88/100
|-resisted|p2a: Iron Treads
|-damage|p2a: Iron Treads|83/100
|-resisted|p2a: Iron Treads
|-damage|p2a: Iron Treads|78/100
|-hitcount|p2a: Iron Treads|4
|-unboost|p1a: Gambler|def|1
|-boost|p1a: Gambler|spe|1
|
|-weather|RainDance|[upkeep]
|upkeep
|turn|11
|
|t:|1779659477
|move|p1a: Gambler|Earth Power|p2a: Iron Treads
|-supereffective|p2a: Iron Treads
|-damage|p2a: Iron Treads|11/100
|move|p2a: Iron Treads|Rapid Spin|p1a: Gambler
|-damage|p1a: Gambler|81/100
|-boost|p2a: Iron Treads|spe|1
|-sideend|p2: superbad69|Stealth Rock|[from] move: Rapid Spin|[of] p2a: Iron Treads
|-sideend|p2: superbad69|Sticky Web|[from] move: Rapid Spin|[of] p2a: Iron Treads
|
|-weather|RainDance|[upkeep]
|upkeep
|turn|12
|
|t:|1779659489
|move|p1a: Gambler|Earth Power|p2a: Iron Treads
|-supereffective|p2a: Iron Treads
|-damage|p2a: Iron Treads|0 fnt
|faint|p2a: Iron Treads
|-end|p2a: Iron Treads|Quark Drive|[silent]
|
|-weather|none
|upkeep
|
|t:|1779659497
|switch|p2a: Haxorus|Haxorus, F|100/100
|-ability|p2a: Haxorus|Mold Breaker
|turn|13
|
|t:|1779659502
|-terastallize|p2a: Haxorus|Steel
|move|p1a: Gambler|Icicle Spear|p2a: Haxorus
|-resisted|p2a: Haxorus
|-damage|p2a: Haxorus|92/100
|-resisted|p2a: Haxorus
|-damage|p2a: Haxorus|84/100
|-resisted|p2a: Haxorus
|-crit|p2a: Haxorus
|-damage|p2a: Haxorus|70/100
|-resisted|p2a: Haxorus
|-damage|p2a: Haxorus|62/100
|-hitcount|p2a: Haxorus|4
|move|p2a: Haxorus|Scale Shot|p1a: Gambler
|-supereffective|p1a: Gambler
|-damage|p1a: Gambler|17/100
|-supereffective|p1a: Gambler
|-damage|p1a: Gambler|0 fnt
|faint|p1a: Gambler
|-hitcount|p1: Gambler|2
|-unboost|p2a: Haxorus|def|1
|-boost|p2a: Haxorus|spe|1
|-damage|p2a: Haxorus|52/100|[from] item: Life Orb
|
|upkeep
|
|t:|1779659510
|switch|p1a: The Speed!|Walking Wake, tera:Fire|69/100
|turn|14
|
|t:|1779659513
|move|p2a: Haxorus|Earthquake|p1a: The Speed!
|-supereffective|p1a: The Speed!
|-damage|p1a: The Speed!|0 fnt
|faint|p1a: The Speed!
|-end|p1a: The Speed!|Protosynthesis|[silent]
|-damage|p2a: Haxorus|42/100|[from] item: Life Orb
|
|upkeep
|
|t:|1779659516
|switch|p1a: Unsuspicious Bush|Charizard, M|100/100
|turn|15
|
|t:|1779659521
|move|p2a: Haxorus|Scale Shot|p1a: Unsuspicious Bush
|-damage|p1a: Unsuspicious Bush|71/100
|-damage|p1a: Unsuspicious Bush|41/100
|-damage|p1a: Unsuspicious Bush|11/100
|-hitcount|p1a: Unsuspicious Bush|3
|-unboost|p2a: Haxorus|def|1
|-boost|p2a: Haxorus|spe|1
|-damage|p2a: Haxorus|33/100|[from] item: Life Orb
|move|p1a: Unsuspicious Bush|Air Slash|p2a: Haxorus
|-resisted|p2a: Haxorus
|-damage|p2a: Haxorus|0 fnt
|faint|p2a: Haxorus
|
|upkeep
|
|t:|1779659524
|switch|p2a: Tornadus|Tornadus, M|32/100
|turn|16
|
|t:|1779659532
|move|p2a: Tornadus|Tailwind|p2a: Tornadus
|-sidestart|p2: superbad69|move: Tailwind
|move|p1a: Unsuspicious Bush|Air Slash|p2a: Tornadus
|-damage|p2a: Tornadus|0 fnt
|faint|p2a: Tornadus
|
|upkeep
|
|t:|1779659533
|switch|p2a: Ogerpon|Ogerpon-Wellspring, F|88/100
|turn|17
|
|t:|1779659540
|move|p2a: Ogerpon|Ivy Cudgel|p1a: Unsuspicious Bush|[anim] Ivy Cudgel Water
|-supereffective|p1a: Unsuspicious Bush
|-damage|p1a: Unsuspicious Bush|0 fnt
|faint|p1a: Unsuspicious Bush
|
|win|superbad69
|raw|Panic_Attack420's rating: 1406 &rarr; <strong>1382</strong><br />(-24 for losing)
|raw|superbad69's rating: 1332 &rarr; <strong>1356</strong><br />(+24 for winning)
|l|☆Panic_Attack420
|player|p1|
|l|☆superbad69
|player|p2|
