|j|☆Luisowbro
|j|☆Jaida Essence Hall
|t:|1779708148
|gametype|singles
|player|p1|Luisowbro|ingo|1406
|player|p2|Jaida Essence Hall|jacinthe|1392
|gen|9
|tier|[Gen 9] OU
|rated|
|rule|HP Percentage Mod: HP is shown in percentages
|rule|Endless Battle Clause: Forcing endless battles is banned
|rule|Species Clause: Limit one of each Pokémon
|rule|OHKO Clause: OHKO moves are banned
|rule|Evasion Items Clause: Evasion items are banned
|rule|Evasion Moves Clause: Evasion moves are banned
|rule|Evasion Abilities Clause: Evasion abilities are banned
|rule|Sleep Moves Clause: Sleep-inducing moves are banned
|clearpoke
|poke|p1|Haxorus, M|
|poke|p1|Moltres-Galar|
|poke|p1|Volcanion|
|poke|p1|Scizor, M|
|poke|p1|Enamorus, F|
|poke|p1|Ninetales-Alola, F|
|poke|p2|Okidogi, M|
|poke|p2|Glimmora, F|
|poke|p2|Primarina, F|
|poke|p2|Meowscarada, F|
|poke|p2|Mamoswine, F|
|poke|p2|Iron Moth|
|teampreview
|inactive|Battle timer is ON: inactive players will automatically lose when time's up. (requested by Jaida Essence Hall)
|
|t:|1779708174
|teamsize|p1|6
|teamsize|p2|6
|start
|switch|p1a: Scizor|Scizor, M, shiny|100/100
|switch|p2a: Glimmora|Glimmora, F, shiny|100/100
|turn|1
|
|t:|1779708185
|move|p1a: Scizor|Bullet Punch|p2a: Glimmora
|-supereffective|p2a: Glimmora
|-enditem|p2a: Glimmora|Focus Sash
|-damage|p2a: Glimmora|1/100
|-activate|p2a: Glimmora|ability: Toxic Debris
|-sidestart|p1: Luisowbro|move: Toxic Spikes
|move|p2a: Glimmora|Power Gem|p1a: Scizor
|-crit|p1a: Scizor
|-damage|p1a: Scizor|30/100
|
|upkeep
|turn|2
|
|t:|1779708194
|move|p1a: Scizor|Bullet Punch|p2a: Glimmora
|-supereffective|p2a: Glimmora
|-damage|p2a: Glimmora|0 fnt
|-activate|p2a: Glimmora|ability: Toxic Debris
|-sidestart|p1: Luisowbro|move: Toxic Spikes
|faint|p2a: Glimmora
|
|upkeep
|
|t:|1779708198
|switch|p2a: Iron Moth|Iron Moth, shiny|100/100
|-enditem|p2a: Iron Moth|Booster Energy
|-activate|p2a: Iron Moth|ability: Quark Drive|[fromitem]
|-start|p2a: Iron Moth|quarkdrivespe
|turn|3
|
|t:|1779708204
|switch|p1a: Volcanion|Volcanion|100/100
|-status|p1a: Volcanion|tox
|move|p2a: Iron Moth|Fiery Dance|p1a: Volcanion
|-resisted|p1a: Volcanion
|-damage|p1a: Volcanion|94/100 tox
|
|-damage|p1a: Volcanion|88/100 tox|[from] psn
|upkeep
|turn|4
|
|t:|1779708215
|move|p2a: Iron Moth|Sludge Wave|p1a: Volcanion
|-damage|p1a: Volcanion|56/100 tox
|move|p1a: Volcanion|Earth Power|p2a: Iron Moth
|-supereffective|p2a: Iron Moth
|-damage|p2a: Iron Moth|0 fnt
|faint|p2a: Iron Moth
|-end|p2a: Iron Moth|Quark Drive|[silent]
|
|-damage|p1a: Volcanion|44/100 tox|[from] psn
|upkeep
|
|t:|1779708226
|switch|p2a: Primarina|Primarina, F, shiny|100/100
|turn|5
|
|t:|1779708231
|move|p2a: Primarina|Hyper Voice|p1a: Volcanion
|-heal|p1a: Volcanion|69/100 tox|[from] ability: Water Absorb|[of] p2a: Primarina
|move|p1a: Volcanion|Sludge Bomb|p2a: Primarina
|-supereffective|p2a: Primarina
|-crit|p2a: Primarina
|-damage|p2a: Primarina|0 fnt
|faint|p2a: Primarina
|
|-damage|p1a: Volcanion|50/100 tox|[from] psn
|upkeep
|
|t:|1779708245
|switch|p2a: Mamoswine|Mamoswine, F|100/100
|turn|6
|
|t:|1779708256
|-terastallize|p1a: Volcanion|Ground
|move|p2a: Mamoswine|Earthquake|p1a: Volcanion
|-damage|p1a: Volcanion|5/100 tox
|move|p1a: Volcanion|Steam Eruption|p2a: Mamoswine
|-supereffective|p2a: Mamoswine
|-damage|p2a: Mamoswine|0 fnt
|faint|p2a: Mamoswine
|
|-damage|p1a: Volcanion|0 fnt|[from] psn
|faint|p1a: Volcanion
|upkeep
|
|t:|1779708267
|switch|p2a: Meowscarada|Meowscarada, F, shiny|100/100
|switch|p1a: Scizor|Scizor, M, shiny|30/100
|turn|7
|
|t:|1779708281
|move|p2a: Meowscarada|Low Kick|p1a: Scizor
|-start|p2a: Meowscarada|typechange|Fighting|[from] ability: Protean
|-damage|p1a: Scizor|0 fnt
|faint|p1a: Scizor
|
|upkeep
|
|t:|1779708301
|switch|p1a: Ninetales|Ninetales-Alola, F, shiny|100/100
|-status|p1a: Ninetales|tox
|-weather|Snowscape|[from] ability: Snow Warning|[of] p1a: Ninetales
|turn|8
|
|t:|1779708306
|move|p2a: Meowscarada|Low Kick|p1a: Ninetales
|-damage|p1a: Ninetales|77/100 tox
|move|p1a: Ninetales|Aurora Veil|p1a: Ninetales
|-sidestart|p1: Luisowbro|move: Aurora Veil
|
|-weather|Snowscape|[upkeep]
|-damage|p1a: Ninetales|71/100 tox|[from] psn
|upkeep
|turn|9
|
|t:|1779708313
|switch|p1a: Enamorus|Enamorus, F|100/100
|move|p2a: Meowscarada|Low Kick|p1a: Enamorus
|-resisted|p1a: Enamorus
|-damage|p1a: Enamorus|93/100
|
|-weather|Snowscape|[upkeep]
|upkeep
|turn|10
|
|t:|1779708323
|switch|p2a: Okidogi|Okidogi, M|100/100
|move|p1a: Enamorus|Moonblast|p2a: Okidogi
|-damage|p2a: Okidogi|38/100
|
|-weather|Snowscape|[upkeep]
|-heal|p2a: Okidogi|44/100|[from] item: Black Sludge
|upkeep
|turn|11
|
|t:|1779708331
|-terastallize|p2a: Okidogi|Ice
|move|p1a: Enamorus|Moonblast|p2a: Okidogi
|-damage|p2a: Okidogi|0 fnt
|faint|p2a: Okidogi
|
|-weather|Snowscape|[upkeep]
|upkeep
|
|t:|1779708336
|switch|p2a: Meowscarada|Meowscarada, F, shiny|100/100
|turn|12
|
|t:|1779708341
|move|p1a: Enamorus|Moonblast|p2a: Meowscarada
|-supereffective|p2a: Meowscarada
|-damage|p2a: Meowscarada|0 fnt
|faint|p2a: Meowscarada
|
|win|Luisowbro
|raw|Luisowbro's rating: 1406 &rarr; <strong>1425</strong><br />(+19 for winning)
|raw|Jaida Essence Hall's rating: 1392 &rarr; <strong>1373</strong><br />(-19 for losing)
|l|☆Jaida Essence Hall
|player|p2|
|l|☆Luisowbro
|player|p1|
