|j|☆enigma96
|j|☆Spashtm
|t:|1779671993
|gametype|singles
|player|p1|enigma96|jogger|1202
|player|p2|Spashtm|cress|1150
|gen|9
|tier|[Gen 9] OU
|rated|
|rule|HP Percentage Mod: HP is shown in percentages
|rule|Endless Battle Clause: Forcing endless battles is banned
|rule|Species Clause: Limit one of each Pokémon
|rule|OHKO Clause: OHKO moves are banned
|rule|Evasion Items Clause: Evasion items are banned
|rule|Evasion Moves Clause: Evasion moves are banned
|rule|Evasion Abilities Clause: Evasion abilities are banned
|rule|Sleep Moves Clause: Sleep-inducing moves are banned
|clearpoke
|poke|p1|Incineroar, M|
|poke|p1|Meowscarada, M|
|poke|p1|Luxray, M|
|poke|p1|Espeon, M|
|poke|p1|Pyroar, M|
|poke|p1|Persian-Alola, M|
|poke|p2|Mienshao, F|
|poke|p2|Greninja-*, M|
|poke|p2|Meloetta|
|poke|p2|Heatran, M|
|poke|p2|Braviary, M|
|poke|p2|Sinistcha|
|teampreview
|inactive|Battle timer is ON: inactive players will automatically lose when time's up. (requested by enigma96)
|
|t:|1779671999
|teamsize|p1|6
|teamsize|p2|6
|start
|switch|p1a: Meowscarada|Meowscarada, M, shiny|100/100
|switch|p2a: Braviary|Braviary, M|100/100
|turn|1
|
|t:|1779672006
|move|p1a: Meowscarada|Triple Axel|p2a: Braviary
|-start|p1a: Meowscarada|typechange|Ice|[from] ability: Protean
|-supereffective|p2a: Braviary
|-damage|p2a: Braviary|81/100
|-hitcount|p2a: Braviary|1
|move|p2a: Braviary|U-turn|p1a: Meowscarada
|-damage|p1a: Meowscarada|58/100
|
|t:|1779672017
|switch|p2a: Heatran|Heatran, M|100/100|[from] U-turn
|
|upkeep
|turn|2
|
|t:|1779672025
|switch|p1a: Espeon|Espeon, M|100/100
|move|p2a: Heatran|Power Gem|p1a: Espeon
|-damage|p1a: Espeon|67/100
|
|upkeep
|turn|3
|
|t:|1779672033
|switch|p2a: Greninja|Greninja, M|100/100
|move|p1a: Espeon|Trick|p2a: Greninja
|-activate|p1a: Espeon|move: Trick|[of] p2a: Greninja
|-item|p2a: Greninja|Choice Specs|[from] move: Trick
|-item|p1a: Espeon|Expert Belt|[from] move: Trick
|
|upkeep
|turn|4
|
|t:|1779672043
|move|p2a: Greninja|Dark Pulse|p1a: Espeon
|-start|p2a: Greninja|typechange|Dark|[from] ability: Protean
|-supereffective|p1a: Espeon
|-damage|p1a: Espeon|0 fnt
|faint|p1a: Espeon
|
|upkeep
|
|t:|1779672051
|switch|p1a: Meowscarada|Meowscarada, M, shiny|58/100
|turn|5
|c|☆Spashtm|Thanks chief
|
|t:|1779672060
|switch|p2a: Heatran|Heatran, M|100/100
|move|p1a: Meowscarada|U-turn|p2a: Heatran
|-start|p1a: Meowscarada|typechange|Bug|[from] ability: Protean
|-resisted|p2a: Heatran
|-damage|p2a: Heatran|93/100
|
|t:|1779672081
|switch|p1a: Incineroar|Incineroar, M, shiny|100/100|[from] U-turn
|-ability|p1a: Incineroar|Intimidate|boost
|-unboost|p2a: Heatran|atk|1
|
|upkeep
|turn|6
|
|t:|1779672089
|switch|p2a: Braviary|Braviary, M|81/100
|move|p1a: Incineroar|Drain Punch|p2a: Braviary
|-damage|p2a: Braviary|54/100
|
|-heal|p2a: Braviary|60/100|[from] item: Leftovers
|upkeep
|turn|7
|
|t:|1779672099
|switch|p1a: Luxray|Luxray, M|100/100
|move|p2a: Braviary|Roost|p2a: Braviary
|-heal|p2a: Braviary|100/100
|-singleturn|p2a: Braviary|move: Roost
|
|-status|p1a: Luxray|brn|[from] item: Flame Orb
|upkeep
|turn|8
|
|t:|1779672111
|switch|p2a: Heatran|Heatran, M|93/100
|move|p1a: Luxray|Trailblaze|p2a: Heatran
|-resisted|p2a: Heatran
|-damage|p2a: Heatran|87/100
|-boost|p1a: Luxray|spe|1
|
|-damage|p1a: Luxray|95/100 brn|[from] brn
|upkeep
|turn|9
|
|t:|1779672129
|move|p2a: Heatran|Earth Power|p1a: Luxray
|-supereffective|p1a: Luxray
|-damage|p1a: Luxray|6/100 brn
|move|p1a: Luxray|Volt Switch|p2a: Heatran
|-damage|p2a: Heatran|65/100
|
|t:|1779672138
|switch|p1a: Persian|Persian-Alola, M, shiny|100/100|[from] Volt Switch
|
|upkeep
|turn|10
|
|t:|1779672146
|switch|p2a: Braviary|Braviary, M|100/100
|move|p1a: Persian|Chilling Water|p2a: Braviary
|-damage|p2a: Braviary|88/100
|-unboost|p2a: Braviary|atk|1
|-ability|p2a: Braviary|Defiant|boost
|-boost|p2a: Braviary|atk|2
|
|-heal|p2a: Braviary|94/100|[from] item: Leftovers
|upkeep
|turn|11
|
|t:|1779672157
|move|p1a: Persian|Power Gem|p2a: Braviary
|-supereffective|p2a: Braviary
|-damage|p2a: Braviary|53/100
|move|p2a: Braviary|U-turn|p1a: Persian
|-supereffective|p1a: Persian
|-damage|p1a: Persian|20/100
|-damage|p2a: Braviary|36/100|[from] item: Rocky Helmet|[of] p1a: Persian
|
|t:|1779672174
|switch|p2a: Greninja|Greninja, M|100/100|[from] U-turn
|
|upkeep
|turn|12
|
|t:|1779672180
|switch|p1a: Meowscarada|Meowscarada, M, shiny|58/100
|move|p2a: Greninja|Water Shuriken|p1a: Meowscarada
|-start|p2a: Greninja|typechange|Water|[from] ability: Protean
|-resisted|p1a: Meowscarada
|-damage|p1a: Meowscarada|50/100
|-resisted|p1a: Meowscarada
|-damage|p1a: Meowscarada|42/100
|-resisted|p1a: Meowscarada
|-damage|p1a: Meowscarada|35/100
|-hitcount|p1a: Meowscarada|3
|
|upkeep
|turn|13
|
|t:|1779672202
|switch|p2a: Heatran|Heatran, M|65/100
|move|p1a: Meowscarada|U-turn|p2a: Heatran
|-start|p1a: Meowscarada|typechange|Bug|[from] ability: Protean
|-resisted|p2a: Heatran
|-damage|p2a: Heatran|57/100
|inactive|enigma96 has 120 seconds left.
|
|t:|1779672220
|switch|p1a: Pyroar|Pyroar, M|100/100|[from] U-turn
|-ability|p1a: Pyroar|Unnerve
|
|upkeep
|turn|14
|
|t:|1779672233
|-terastallize|p2a: Heatran|Ground
|move|p2a: Heatran|Earth Power|p1a: Pyroar
|-supereffective|p1a: Pyroar
|-damage|p1a: Pyroar|12/100
|move|p1a: Pyroar|Dark Pulse|p2a: Heatran
|-crit|p2a: Heatran
|-damage|p2a: Heatran|22/100
|
|upkeep
|turn|15
|
|t:|1779672246
|move|p2a: Heatran|Earth Power|p1a: Pyroar
|-supereffective|p1a: Pyroar
|-damage|p1a: Pyroar|0 fnt
|faint|p1a: Pyroar
|
|upkeep
|inactive|enigma96 has 120 seconds left.
|
|t:|1779672266
|switch|p1a: Meowscarada|Meowscarada, M, shiny|35/100
|turn|16
|
|t:|1779672278
|switch|p2a: Mienshao|Mienshao, F|100/100
|move|p1a: Meowscarada|Knock Off|p2a: Mienshao
|-start|p1a: Meowscarada|typechange|Dark|[from] ability: Protean
|-resisted|p2a: Mienshao
|-damage|p2a: Mienshao|61/100
|-enditem|p2a: Mienshao|Life Orb|[from] move: Knock Off|[of] p1a: Meowscarada
|
|upkeep
|turn|17
|
|t:|1779672292
|switch|p1a: Persian|Persian-Alola, M, shiny|20/100
|move|p2a: Mienshao|Fake Out|p1a: Persian
|-damage|p1a: Persian|6/100
|-damage|p2a: Mienshao|45/100|[from] item: Rocky Helmet|[of] p1a: Persian
|
|upkeep
|turn|18
|
|t:|1779672299
|move|p1a: Persian|Power Gem|p2a: Mienshao
|-resisted|p2a: Mienshao
|-damage|p2a: Mienshao|26/100
|move|p2a: Mienshao|U-turn|p1a: Persian
|-supereffective|p1a: Persian
|-damage|p1a: Persian|0 fnt
|-damage|p2a: Mienshao|10/100|[from] item: Rocky Helmet|[of] p1a: Persian
|faint|p1a: Persian
|
|t:|1779672313
|switch|p2a: Braviary|Braviary, M|36/100|[from] U-turn
|
|-heal|p2a: Braviary|42/100|[from] item: Leftovers
|upkeep
|inactive|enigma96 has 120 seconds left.
|
|t:|1779672321
|switch|p1a: Incineroar|Incineroar, M, shiny|100/100
|-ability|p1a: Incineroar|Intimidate|boost
|-unboost|p2a: Braviary|atk|1
|-ability|p2a: Braviary|Defiant|boost
|-boost|p2a: Braviary|atk|2
|turn|19
|
|t:|1779672327
|move|p1a: Incineroar|Flame Charge|p2a: Braviary
|-damage|p2a: Braviary|18/100
|-boost|p1a: Incineroar|spe|1
|move|p2a: Braviary|Roost|p2a: Braviary
|-heal|p2a: Braviary|68/100
|-singleturn|p2a: Braviary|move: Roost
|
|-heal|p2a: Braviary|74/100|[from] item: Leftovers
|upkeep
|turn|20
|
|t:|1779672338
|move|p1a: Incineroar|Knock Off|p2a: Braviary
|-damage|p2a: Braviary|22/100
|-enditem|p2a: Braviary|Leftovers|[from] move: Knock Off|[of] p1a: Incineroar
|move|p2a: Braviary|Roost|p2a: Braviary
|-heal|p2a: Braviary|72/100
|-singleturn|p2a: Braviary|move: Roost
|
|upkeep
|turn|21
|
|t:|1779672347
|move|p1a: Incineroar|Drain Punch|p2a: Braviary
|-damage|p2a: Braviary|47/100
|move|p2a: Braviary|Roost|p2a: Braviary
|-heal|p2a: Braviary|97/100
|-singleturn|p2a: Braviary|move: Roost
|
|upkeep
|turn|22
|
|t:|1779672356
|switch|p1a: Meowscarada|Meowscarada, M, shiny|35/100
|move|p2a: Braviary|U-turn|p1a: Meowscarada
|-supereffective|p1a: Meowscarada
|-damage|p1a: Meowscarada|0 fnt
|faint|p1a: Meowscarada
|-message|enigma96 forfeited.
|
|win|Spashtm
|raw|enigma96's rating: 1202 &rarr; <strong>1173</strong><br />(-29 for losing)
|raw|Spashtm's rating: 1150 &rarr; <strong>1179</strong><br />(+29 for winning)
|l|☆enigma96
|player|p1|
