|j|☆falv237
|j|☆diegotrivium
|t:|1779722599
|gametype|singles
|player|p1|falv237|dawn|1080
|player|p2|diegotrivium|265|1075
|gen|9
|tier|[Gen 9] OU
|rated|
|rule|HP Percentage Mod: HP is shown in percentages
|rule|Endless Battle Clause: Forcing endless battles is banned
|rule|Species Clause: Limit one of each Pokémon
|rule|OHKO Clause: OHKO moves are banned
|rule|Evasion Items Clause: Evasion items are banned
|rule|Evasion Moves Clause: Evasion moves are banned
|rule|Evasion Abilities Clause: Evasion abilities are banned
|rule|Sleep Moves Clause: Sleep-inducing moves are banned
|clearpoke
|poke|p1|Alomomola, M|
|poke|p1|Cinderace, M|
|poke|p1|Iron Valiant|
|poke|p1|Landorus-Therian, M|
|poke|p1|Hydrapple, F|
|poke|p1|Weavile, F|
|poke|p2|Conkeldurr, F|
|poke|p2|Serperior, F|
|poke|p2|Rotom-Wash|
|poke|p2|Incineroar, M|
|poke|p2|Cloyster, F|
|poke|p2|Weezing-Galar, F|
|teampreview
|inactive|Battle timer is ON: inactive players will automatically lose when time's up. (requested by falv237)
|
|t:|1779722610
|teamsize|p1|6
|teamsize|p2|6
|start
|switch|p1a: Iron Valiant|Iron Valiant|100/100
|switch|p2a: Rotom|Rotom-Wash|100/100
|turn|1
|
|t:|1779722621
|move|p1a: Iron Valiant|Moonblast|p2a: Rotom
|-damage|p2a: Rotom|8/100
|-unboost|p2a: Rotom|spa|1
|move|p2a: Rotom|Hydro Pump|p1a: Iron Valiant
|-damage|p1a: Iron Valiant|32/100
|
|-heal|p2a: Rotom|15/100|[from] item: Leftovers
|upkeep
|turn|2
|
|t:|1779722633
|switch|p2a: Weezing|Weezing-Galar, F|100/100
|-ability|p2a: Weezing|Neutralizing Gas
|move|p1a: Iron Valiant|Moonblast|p2a: Weezing
|-resisted|p2a: Weezing
|-damage|p2a: Weezing|62/100
|
|-heal|p2a: Weezing|68/100|[from] item: Black Sludge
|upkeep
|turn|3
|
|t:|1779722650
|-end|p1a: Iron Valiant|Quark Drive|[silent]
|switch|p1a: Alomomola|Alomomola, M|100/100
|move|p2a: Weezing|Will-O-Wisp|p1a: Alomomola
|-status|p1a: Alomomola|brn
|
|-heal|p2a: Weezing|74/100|[from] item: Black Sludge
|-damage|p1a: Alomomola|94/100 brn|[from] brn
|upkeep
|turn|4
|inactive|diegotrivium has 120 seconds left.
|
|t:|1779722686
|switch|p1a: Landorus|Landorus-Therian, M, shiny|100/100
|move|p2a: Weezing|Strange Steam|p1a: Landorus
|-crit|p1a: Landorus
|-damage|p1a: Landorus|37/100
|
|-heal|p1a: Landorus|43/100|[from] item: Leftovers
|-heal|p2a: Weezing|79/100|[from] item: Black Sludge
|upkeep
|turn|5
|inactive|diegotrivium has 120 seconds left.
|
|t:|1779722702
|move|p2a: Weezing|Protect|p2a: Weezing
|-singleturn|p2a: Weezing|Protect
|move|p1a: Landorus|Earthquake|p2a: Weezing
|-activate|p2a: Weezing|move: Protect
|
|-heal|p1a: Landorus|49/100|[from] item: Leftovers
|-heal|p2a: Weezing|85/100|[from] item: Black Sludge
|upkeep
|turn|6
|inactive|diegotrivium has 120 seconds left.
|
|t:|1779722728
|-end|p2a: Weezing|ability: Neutralizing Gas
|-ability|p1a: Landorus|Intimidate|boost
|-unboost|p2a: Weezing|atk|1
|switch|p2a: Rotom|Rotom-Wash|15/100
|move|p1a: Landorus|Earthquake|p2a: Rotom
|-immune|p2a: Rotom|[from] ability: Levitate
|
|-heal|p1a: Landorus|55/100|[from] item: Leftovers
|-heal|p2a: Rotom|21/100|[from] item: Leftovers
|upkeep
|turn|7
|inactive|falv237 has 120 seconds left.
|
|t:|1779722757
|switch|p1a: Hydrapple|Hydrapple, F, shiny|100/100
|switch|p2a: Incineroar|Incineroar, M|100/100
|-ability|p2a: Incineroar|Intimidate|boost
|-unboost|p1a: Hydrapple|atk|1
|
|upkeep
|turn|8
|inactive|falv237 has 120 seconds left.
|
|t:|1779722780
|move|p2a: Incineroar|Fake Out|p1a: Hydrapple
|-damage|p1a: Hydrapple|94/100
|cant|p1a: Hydrapple|flinch
|
|upkeep
|turn|9
|
|t:|1779722789
|move|p2a: Incineroar|U-turn|p1a: Hydrapple
|-supereffective|p1a: Hydrapple
|-damage|p1a: Hydrapple|69/100
|
|t:|1779722793
|switch|p2a: Weezing|Weezing-Galar, F|85/100|[from] U-turn
|-ability|p2a: Weezing|Neutralizing Gas
|move|p1a: Hydrapple|Nasty Plot|p1a: Hydrapple
|-boost|p1a: Hydrapple|spa|2
|
|-heal|p2a: Weezing|91/100|[from] item: Black Sludge
|upkeep
|turn|10
|
|t:|1779722803
|move|p2a: Weezing|Clear Smog|p1a: Hydrapple
|-supereffective|p1a: Hydrapple
|-damage|p1a: Hydrapple|31/100
|-clearboost|p1a: Hydrapple
|move|p1a: Hydrapple|Earth Power|p2a: Weezing
|-supereffective|p2a: Weezing
|-damage|p2a: Weezing|23/100
|
|-heal|p2a: Weezing|29/100|[from] item: Black Sludge
|upkeep
|turn|11
|
|t:|1779722814
|switch|p1a: Alomomola|Alomomola, M|94/100 brn
|move|p2a: Weezing|Strange Steam|p1a: Alomomola
|-damage|p1a: Alomomola|78/100 brn
|
|-heal|p2a: Weezing|34/100|[from] item: Black Sludge
|-damage|p1a: Alomomola|72/100 brn|[from] brn
|upkeep
|turn|12
|
|t:|1779722832
|switch|p1a: Hydrapple|Hydrapple, F, shiny|31/100
|move|p2a: Weezing|Protect||[still]
|-fail|p2a: Weezing
|
|-heal|p2a: Weezing|40/100|[from] item: Black Sludge
|upkeep
|turn|13
|
|t:|1779722843
|switch|p1a: Alomomola|Alomomola, M|72/100 brn
|move|p2a: Weezing|Strange Steam|p1a: Alomomola
|-damage|p1a: Alomomola|55/100 brn
|
|-heal|p2a: Weezing|46/100|[from] item: Black Sludge
|-damage|p1a: Alomomola|49/100 brn|[from] brn
|upkeep
|turn|14
|
|t:|1779722855
|move|p2a: Weezing|Protect|p2a: Weezing
|-singleturn|p2a: Weezing|Protect
|move|p1a: Alomomola|Liquidation|p2a: Weezing
|-activate|p2a: Weezing|move: Protect
|
|-heal|p2a: Weezing|52/100|[from] item: Black Sludge
|-damage|p1a: Alomomola|43/100 brn|[from] brn
|upkeep
|turn|15
|inactive|diegotrivium has 120 seconds left.
|
|t:|1779722868
|move|p2a: Weezing|Strange Steam|p1a: Alomomola
|-damage|p1a: Alomomola|28/100 brn
|move|p1a: Alomomola|Mirror Coat|p2a: Weezing
|-damage|p2a: Weezing|0 fnt
|faint|p2a: Weezing
|-end|p2a: Weezing|ability: Neutralizing Gas
|
|-damage|p1a: Alomomola|22/100 brn|[from] brn
|upkeep
|
|t:|1779722892
|switch|p2a: Serperior|Serperior, F|100/100
|turn|16
|l|☆diegotrivium
|inactive|diegotrivium disconnected and has a minute to reconnect!
|player|p2|
|inactive|falv237 has 120 seconds left.
|j|☆diegotrivium
|inactive|diegotrivium reconnected.
|player|p2|diegotrivium|265|
|
|t:|1779722929
|switch|p1a: Cinderace|Cinderace, M, shiny|100/100
|move|p2a: Serperior|Leaf Storm|p1a: Cinderace
|-resisted|p1a: Cinderace
|-damage|p1a: Cinderace|63/100
|-boost|p2a: Serperior|spa|2
|-damage|p2a: Serperior|91/100|[from] item: Life Orb
|
|upkeep
|turn|17
|inactive|falv237 has 120 seconds left.
|
|t:|1779722938
|move|p1a: Cinderace|Pyro Ball|p2a: Serperior
|-supereffective|p2a: Serperior
|-damage|p2a: Serperior|0 fnt
|faint|p2a: Serperior
|
|upkeep
|
|t:|1779722950
|switch|p2a: Cloyster|Cloyster, F|100/100
|turn|18
|
|t:|1779722958
|move|p1a: Cinderace|Will-O-Wisp|p2a: Cloyster
|-status|p2a: Cloyster|brn
|-enditem|p2a: Cloyster|Lum Berry|[eat]
|-curestatus|p2a: Cloyster|brn|[msg]
|move|p2a: Cloyster|Shell Smash|p2a: Cloyster
|-unboost|p2a: Cloyster|def|1
|-unboost|p2a: Cloyster|spd|1
|-boost|p2a: Cloyster|atk|2
|-boost|p2a: Cloyster|spa|2
|-boost|p2a: Cloyster|spe|2
|
|upkeep
|turn|19
|inactive|diegotrivium has 120 seconds left.
|inactive|falv237 has 120 seconds left.
|
|t:|1779722981
|move|p2a: Cloyster|Rock Blast|p1a: Cinderace
|-supereffective|p1a: Cinderace
|-damage|p1a: Cinderace|31/100
|-supereffective|p1a: Cinderace
|-damage|p1a: Cinderace|0 fnt
|faint|p1a: Cinderace
|-hitcount|p1: Cinderace|2
|
|upkeep
|inactive|falv237 has 120 seconds left.
|l|☆diegotrivium
|inactive|diegotrivium disconnected and has a minute to reconnect!
|player|p2|
|
|t:|1779723014
|switch|p1a: Weavile|Weavile, F, shiny|100/100
|-ability|p1a: Weavile|Pressure
|turn|20
|j|☆diegotrivium
|inactive|diegotrivium reconnected and has 115 seconds left.
|player|p2|diegotrivium|265|
|
|t:|1779723041
|-terastallize|p2a: Cloyster|Water
|move|p2a: Cloyster|Rock Blast|p1a: Weavile|[miss]
|-miss|p2a: Cloyster|p1a: Weavile
|move|p1a: Weavile|Knock Off|p2a: Cloyster
|-damage|p2a: Cloyster|57/100
|
|upkeep
|turn|21
|inactive|falv237 has 90 seconds left.
|
|t:|1779723069
|switch|p1a: Landorus|Landorus-Therian, M, shiny|55/100
|-ability|p1a: Landorus|Intimidate|boost
|-unboost|p2a: Cloyster|atk|1
|move|p2a: Cloyster|Rock Blast|p1a: Landorus
|-damage|p1a: Landorus|42/100
|-damage|p1a: Landorus|29/100
|-damage|p1a: Landorus|17/100
|-damage|p1a: Landorus|5/100
|-damage|p1a: Landorus|0 fnt
|faint|p1a: Landorus
|-hitcount|p1: Landorus|5
|
|upkeep
|inactive|falv237 has 60 seconds left.
|
|t:|1779723094
|switch|p1a: Weavile|Weavile, F, shiny|100/100
|-ability|p1a: Weavile|Pressure
|turn|22
|
|t:|1779723102
|switch|p2a: Rotom|Rotom-Wash|21/100
|move|p1a: Weavile|Knock Off|p2a: Rotom
|-damage|p2a: Rotom|0 fnt
|-enditem|p2a: Rotom|Leftovers|[from] move: Knock Off|[of] p1a: Weavile
|faint|p2a: Rotom
|
|upkeep
|
|t:|1779723106
|switch|p2a: Cloyster|Cloyster, F, tera:Water|57/100
|turn|23
|inactive|falv237 has 60 seconds left.
|
|t:|1779723130
|move|p1a: Weavile|Knock Off|p2a: Cloyster
|-damage|p2a: Cloyster|28/100
|move|p2a: Cloyster|Rock Blast|p1a: Weavile
|-supereffective|p1a: Weavile
|-damage|p1a: Weavile|76/100
|-supereffective|p1a: Weavile
|-damage|p1a: Weavile|51/100
|-supereffective|p1a: Weavile
|-damage|p1a: Weavile|25/100
|-supereffective|p1a: Weavile
|-damage|p1a: Weavile|0 fnt
|faint|p1a: Weavile
|-hitcount|p1: Weavile|4
|
|upkeep
|l|☆diegotrivium
|inactive|diegotrivium disconnected and has a minute to reconnect!
|player|p2|
|inactive|falv237 has 60 seconds left.
|
|t:|1779723138
|switch|p1a: Iron Valiant|Iron Valiant|32/100
|turn|24
|j|☆diegotrivium
|inactive|diegotrivium reconnected and has 120 seconds left.
|player|p2|diegotrivium|265|
|
|t:|1779723154
|move|p2a: Cloyster|Ice Shard|p1a: Iron Valiant
|-damage|p1a: Iron Valiant|8/100
|move|p1a: Iron Valiant|Moonblast|p2a: Cloyster
|-damage|p2a: Cloyster|0 fnt
|faint|p2a: Cloyster
|
|upkeep
|
|t:|1779723171
|switch|p2a: Incineroar|Incineroar, M|100/100
|-ability|p2a: Incineroar|Intimidate|boost
|-unboost|p1a: Iron Valiant|atk|1
|turn|25
|
|t:|1779723182
|-end|p1a: Iron Valiant|Quark Drive|[silent]
|switch|p1a: Alomomola|Alomomola, M|55/100 brn
|move|p2a: Incineroar|Fake Out|p1a: Alomomola
|-damage|p1a: Alomomola|47/100 brn
|
|-damage|p1a: Alomomola|41/100 brn|[from] brn
|upkeep
|turn|26
|
|t:|1779723196
|switch|p1a: Hydrapple|Hydrapple, F, shiny|31/100
|move|p2a: Incineroar|U-turn|p1a: Hydrapple
|-supereffective|p1a: Hydrapple
|-damage|p1a: Hydrapple|7/100
|
|t:|1779723211
|switch|p2a: Conkeldurr|Conkeldurr, F|100/100|[from] U-turn
|
|upkeep
|turn|27
|
|t:|1779723217
|switch|p1a: Alomomola|Alomomola, M|74/100 brn
|move|p2a: Conkeldurr|Mach Punch|p1a: Alomomola
|-damage|p1a: Alomomola|56/100 brn
|
|-damage|p1a: Alomomola|50/100 brn|[from] brn
|upkeep
|turn|28
|inactive|falv237 has 90 seconds left.
|
|t:|1779723240
|move|p1a: Alomomola|Body Slam|p2a: Conkeldurr
|-crit|p2a: Conkeldurr
|-damage|p2a: Conkeldurr|90/100
|-status|p2a: Conkeldurr|par
|move|p2a: Conkeldurr|Knock Off|p1a: Alomomola
|-damage|p1a: Alomomola|8/100 brn
|-enditem|p1a: Alomomola|Assault Vest|[from] move: Knock Off|[of] p2a: Conkeldurr
|
|-damage|p1a: Alomomola|2/100 brn|[from] brn
|upkeep
|turn|29
|
|t:|1779723257
|move|p2a: Conkeldurr|Mach Punch|p1a: Alomomola
|-damage|p1a: Alomomola|0 fnt
|faint|p1a: Alomomola
|
|upkeep
|
|t:|1779723261
|switch|p1a: Hydrapple|Hydrapple, F, shiny|40/100
|turn|30
|
|t:|1779723283
|-terastallize|p1a: Hydrapple|Fairy
|cant|p2a: Conkeldurr|par
|move|p1a: Hydrapple|Giga Drain|p2a: Conkeldurr
|-damage|p2a: Conkeldurr|63/100 par
|-heal|p1a: Hydrapple|51/100|[from] drain|[of] p2a: Conkeldurr
|
|upkeep
|turn|31
|inactive|diegotrivium has 90 seconds left.
|
|t:|1779723314
|move|p1a: Hydrapple|Giga Drain|p2a: Conkeldurr
|-damage|p2a: Conkeldurr|36/100 par
|-heal|p1a: Hydrapple|63/100|[from] drain|[of] p2a: Conkeldurr
|move|p2a: Conkeldurr|Ice Punch|p1a: Hydrapple
|-damage|p1a: Hydrapple|31/100
|-status|p1a: Hydrapple|frz
|
|upkeep
|turn|32
|inactive|diegotrivium has 90 seconds left.
|
|t:|1779723328
|cant|p1a: Hydrapple|frz
|cant|p2a: Conkeldurr|par
|
|upkeep
|turn|33
|inactive|diegotrivium has 90 seconds left.
|
|t:|1779723338
|cant|p1a: Hydrapple|frz
|move|p2a: Conkeldurr|Knock Off|p1a: Hydrapple
|-resisted|p1a: Hydrapple
|-damage|p1a: Hydrapple|11/100 frz
|-enditem|p1a: Hydrapple|Heavy-Duty Boots|[from] move: Knock Off|[of] p2a: Conkeldurr
|
|upkeep
|turn|34
|
|t:|1779723346
|cant|p1a: Hydrapple|frz
|move|p2a: Conkeldurr|Ice Punch|p1a: Hydrapple
|-damage|p1a: Hydrapple|0 fnt
|faint|p1a: Hydrapple
|
|upkeep
|
|t:|1779723350
|switch|p1a: Iron Valiant|Iron Valiant|8/100
|turn|35
|
|t:|1779723355
|move|p2a: Conkeldurr|Mach Punch|p1a: Iron Valiant
|-resisted|p1a: Iron Valiant
|-damage|p1a: Iron Valiant|0 fnt
|faint|p1a: Iron Valiant
|-end|p1a: Iron Valiant|Quark Drive|[silent]
|
|win|diegotrivium
|raw|falv237's rating: 1080 &rarr; <strong>1058</strong><br />(-22 for losing)
|raw|diegotrivium's rating: 1075 &rarr; <strong>1104</strong><br />(+29 for winning)
|l|☆diegotrivium
|player|p2|
