|j|☆Bane of Batman
|j|☆Snuffty
|inactive|Battle timer is ON: inactive players will automatically lose when time's up.
|t:|1779627044
|gametype|singles
|player|p1|Bane of Batman|cynthia-gen4|
|player|p2|Snuffty|blackbelt|
|gen|9
|tier|[Gen 9] OU
|rated|Tournament battle
|rule|HP Percentage Mod: HP is shown in percentages
|rule|Endless Battle Clause: Forcing endless battles is banned
|rule|Species Clause: Limit one of each Pokémon
|rule|OHKO Clause: OHKO moves are banned
|rule|Evasion Items Clause: Evasion items are banned
|rule|Evasion Moves Clause: Evasion moves are banned
|rule|Evasion Abilities Clause: Evasion abilities are banned
|rule|Sleep Moves Clause: Sleep-inducing moves are banned
|raw|<div class="infobox"><details class="readmore" open><summary><strong>1 custom rule:</strong></summary> -wobbuffet</details></div>
|clearpoke
|poke|p1|Azumarill, M|
|poke|p1|Pawmot, M|
|poke|p1|Rhydon, M|
|poke|p2|Gliscor, F|
|poke|p2|Bronzor|
|poke|p2|Kingambit, M|
|teampreview
|j|*Lady Monita 
|inactive|Bane of Batman also wants the timer to be on.
|inactive|Snuffty also wants the timer to be on.
|j| BluLynx
|
|t:|1779627061
|teamsize|p1|3
|teamsize|p2|3
|start
|switch|p1a: Azumarill|Azumarill, M|100/100
|switch|p2a: Bronzor|Bronzor, shiny|100/100
|turn|1
|
|t:|1779627066
|move|p1a: Azumarill|Belly Drum|p1a: Azumarill
|-damage|p1a: Azumarill|50/100
|-setboost|p1a: Azumarill|atk|6|[from] move: Belly Drum
|-enditem|p1a: Azumarill|Sitrus Berry|[eat]
|-heal|p1a: Azumarill|75/100|[from] item: Sitrus Berry
|move|p2a: Bronzor|Iron Defense|p2a: Bronzor
|-boost|p2a: Bronzor|def|2
|
|upkeep
|turn|2
|
|t:|1779627071
|-terastallize|p1a: Azumarill|Water
|-terastallize|p2a: Bronzor|Water
|move|p1a: Azumarill|Liquidation|p2a: Bronzor
|-resisted|p2a: Bronzor
|-damage|p2a: Bronzor|59/100
|-unboost|p2a: Bronzor|def|1
|move|p2a: Bronzor|Iron Defense|p2a: Bronzor
|-boost|p2a: Bronzor|def|2
|
|upkeep
|turn|3
|j|^Baddieprathikmon
|
|t:|1779627085
|move|p1a: Azumarill|Play Rough|p2a: Bronzor
|-damage|p2a: Bronzor|6/100
|-unboost|p2a: Bronzor|atk|1
|move|p2a: Bronzor|Iron Defense|p2a: Bronzor
|-boost|p2a: Bronzor|def|2
|
|upkeep
|turn|4
|c|^Baddieprathikmon|Is bane of batman an alt
|c|^Baddieprathikmon|Of bane of kanto
|c|☆Bane of Batman|Yea
|j| i_am_da_pikachu
|j| Flari64
|
|t:|1779627095
|move|p1a: Azumarill|Liquidation|p2a: Bronzor
|-resisted|p2a: Bronzor
|-damage|p2a: Bronzor|0 fnt
|faint|p2a: Bronzor
|
|upkeep
|
|t:|1779627100
|switch|p2a: Kingambit|Kingambit, M, shiny|100/100
|-item|p2a: Kingambit|Air Balloon
|turn|5
|
|t:|1779627112
|move|p1a: Azumarill|Aqua Jet|p2a: Kingambit
|-damage|p2a: Kingambit|8/100
|-enditem|p2a: Kingambit|Air Balloon
|move|p2a: Kingambit|Lash Out|p1a: Azumarill
|-damage|p1a: Azumarill|26/100
|
|upkeep
|turn|6
|
|t:|1779627118
|move|p2a: Kingambit|Sucker Punch|p1a: Azumarill
|-damage|p1a: Azumarill|0 fnt
|faint|p1a: Azumarill
|
|upkeep
|
|t:|1779627123
|switch|p1a: Pawmot|Pawmot, M|100/100
|turn|7
|
|t:|1779627133
|move|p1a: Pawmot|Close Combat|p2a: Kingambit
|-supereffective|p2a: Kingambit
|-damage|p2a: Kingambit|0 fnt
|-unboost|p1a: Pawmot|def|1
|-unboost|p1a: Pawmot|spd|1
|faint|p2a: Kingambit
|
|upkeep
|
|t:|1779627136
|switch|p2a: Gliscor|Gliscor, F, shiny|100/100
|turn|8
|
|t:|1779627140
|move|p1a: Pawmot|Close Combat|p2a: Gliscor
|-resisted|p2a: Gliscor
|-damage|p2a: Gliscor|82/100
|-unboost|p1a: Pawmot|def|1
|-unboost|p1a: Pawmot|spd|1
|move|p2a: Gliscor|Toxic|p1a: Pawmot
|-status|p1a: Pawmot|tox
|
|-damage|p1a: Pawmot|94/100 tox|[from] psn
|-status|p2a: Gliscor|tox|[from] item: Toxic Orb
|upkeep
|turn|9
|
|t:|1779627147
|move|p2a: Gliscor|Protect|p2a: Gliscor
|-singleturn|p2a: Gliscor|Protect
|move|p1a: Pawmot|Revival Blessing|p1a: Pawmot
|
|t:|1779627149
|-heal|p1: Azumarill|50/100|[from] move: Revival Blessing
|
|-damage|p1a: Pawmot|82/100 tox|[from] psn
|-heal|p2a: Gliscor|94/100 tox|[from] ability: Poison Heal
|upkeep
|turn|10
|
|t:|1779627154
|move|p1a: Pawmot|Close Combat|p2a: Gliscor
|-resisted|p2a: Gliscor
|-damage|p2a: Gliscor|75/100 tox
|-unboost|p1a: Pawmot|def|1
|-unboost|p1a: Pawmot|spd|1
|move|p2a: Gliscor|Earthquake|p1a: Pawmot
|-supereffective|p1a: Pawmot
|-damage|p1a: Pawmot|0 fnt
|faint|p1a: Pawmot
|
|-heal|p2a: Gliscor|87/100 tox|[from] ability: Poison Heal
|upkeep
|
|t:|1779627158
|switch|p1a: Azumarill|Azumarill, M|50/100
|turn|11
|
|t:|1779627164
|move|p2a: Gliscor|Protect|p2a: Gliscor
|-singleturn|p2a: Gliscor|Protect
|move|p1a: Azumarill|Liquidation|p2a: Gliscor
|-activate|p2a: Gliscor|move: Protect
|
|-heal|p2a: Gliscor|99/100 tox|[from] ability: Poison Heal
|upkeep
|turn|12
|
|t:|1779627172
|move|p2a: Gliscor|Earthquake|p1a: Azumarill
|-damage|p1a: Azumarill|19/100
|move|p1a: Azumarill|Liquidation|p2a: Gliscor
|-supereffective|p2a: Gliscor
|-damage|p2a: Gliscor|28/100 tox
|
|-heal|p2a: Gliscor|40/100 tox|[from] ability: Poison Heal
|upkeep
|turn|13
|
|t:|1779627178
|move|p2a: Gliscor|Protect|p2a: Gliscor
|-singleturn|p2a: Gliscor|Protect
|move|p1a: Azumarill|Aqua Jet|p2a: Gliscor
|-activate|p2a: Gliscor|move: Protect
|
|-heal|p2a: Gliscor|53/100 tox|[from] ability: Poison Heal
|upkeep
|turn|14
|
|t:|1779627184
|move|p1a: Azumarill|Aqua Jet|p2a: Gliscor
|-supereffective|p2a: Gliscor
|-damage|p2a: Gliscor|20/100 tox
|move|p2a: Gliscor|Earthquake|p1a: Azumarill
|-damage|p1a: Azumarill|0 fnt
|faint|p1a: Azumarill
|
|-heal|p2a: Gliscor|32/100 tox|[from] ability: Poison Heal
|upkeep
|
|t:|1779627186
|switch|p1a: Rhydon|Rhydon, M|100/100
|turn|15
|
|t:|1779627191
|move|p2a: Gliscor|Protect|p2a: Gliscor
|-singleturn|p2a: Gliscor|Protect
|move|p1a: Rhydon|Rock Polish|p1a: Rhydon
|-boost|p1a: Rhydon|spe|2
|
|-heal|p2a: Gliscor|45/100 tox|[from] ability: Poison Heal
|upkeep
|turn|16
|
|t:|1779627202
|move|p1a: Rhydon|Swords Dance|p1a: Rhydon
|-boost|p1a: Rhydon|atk|2
|move|p2a: Gliscor|Toxic|p1a: Rhydon
|-status|p1a: Rhydon|tox
|
|-damage|p1a: Rhydon|95/100 tox|[from] psn
|-heal|p2a: Gliscor|57/100 tox|[from] ability: Poison Heal
|upkeep
|turn|17
|
|t:|1779627210
|move|p1a: Rhydon|Swords Dance|p1a: Rhydon
|-boost|p1a: Rhydon|atk|2
|move|p2a: Gliscor|Earthquake|p1a: Rhydon
|-supereffective|p1a: Rhydon
|-damage|p1a: Rhydon|60/100 tox
|
|-damage|p1a: Rhydon|48/100 tox|[from] psn
|-heal|p2a: Gliscor|70/100 tox|[from] ability: Poison Heal
|upkeep
|turn|18
|
|t:|1779627215
|move|p2a: Gliscor|Protect|p2a: Gliscor
|-singleturn|p2a: Gliscor|Protect
|move|p1a: Rhydon|Stone Edge|p2a: Gliscor
|-activate|p2a: Gliscor|move: Protect
|
|-damage|p1a: Rhydon|30/100 tox|[from] psn
|-heal|p2a: Gliscor|82/100 tox|[from] ability: Poison Heal
|upkeep
|turn|19
|
|t:|1779627220
|move|p1a: Rhydon|Stone Edge|p2a: Gliscor
|-damage|p2a: Gliscor|0 fnt
|faint|p2a: Gliscor
|
|win|Bane of Batman
|n|☆Bane of Batman|baneofbatman
|n|☆Snuffty|snuffty
|n|*Lady Monita |ladymonita
|n| BluLynx|blulynx
|n| Baddieprathikmon|baddieprathikmon
|n| i_am_da_pikachu|iamdapikachu
|n| Flari64|flari64
