|j|☆psylxr
|j|☆Karmasiren
|t:|1779656362
|gametype|singles
|player|p1|psylxr|102|1618
|player|p2|Karmasiren|skyla|1599
|gen|9
|tier|[Gen 9] OU
|rated|
|rule|HP Percentage Mod: HP is shown in percentages
|rule|Endless Battle Clause: Forcing endless battles is banned
|rule|Species Clause: Limit one of each Pokémon
|rule|OHKO Clause: OHKO moves are banned
|rule|Evasion Items Clause: Evasion items are banned
|rule|Evasion Moves Clause: Evasion moves are banned
|rule|Evasion Abilities Clause: Evasion abilities are banned
|rule|Sleep Moves Clause: Sleep-inducing moves are banned
|clearpoke
|poke|p1|Pelipper, M|
|poke|p1|Raging Bolt|
|poke|p1|Overqwil, F|
|poke|p1|Barraskewda, M|
|poke|p1|Iron Treads|
|poke|p1|Kingambit, M|
|poke|p2|Tinkaton, F|
|poke|p2|Ogerpon, F|
|poke|p2|Great Tusk|
|poke|p2|Pecharunt|
|poke|p2|Alomomola, M|
|poke|p2|Hydreigon, M|
|teampreview
|inactive|Battle timer is ON: inactive players will automatically lose when time's up. (requested by Karmasiren)
|
|t:|1779656381
|teamsize|p1|6
|teamsize|p2|6
|start
|switch|p1a: Iron Treads|Iron Treads|100/100
|switch|p2a: Hybrid|Hydreigon, M, shiny|100/100
|-enditem|p1a: Iron Treads|Booster Energy
|-activate|p1a: Iron Treads|ability: Quark Drive|[fromitem]
|-start|p1a: Iron Treads|quarkdrivespe
|turn|1
|
|t:|1779656401
|-end|p1a: Iron Treads|Quark Drive|[silent]
|switch|p1a: Pelipper|Pelipper, M|100/100
|-weather|RainDance|[from] ability: Drizzle|[of] p1a: Pelipper
|move|p2a: Hybrid|Earth Power|p1a: Pelipper
|-immune|p1a: Pelipper
|
|-weather|RainDance|[upkeep]
|upkeep
|turn|2
|
|t:|1779656407
|switch|p2a: Pisces|Alomomola, M, shiny|100/100
|move|p1a: Pelipper|U-turn|p2a: Pisces
|-damage|p2a: Pisces|93/100
|
|t:|1779656425
|switch|p1a: Overqwil|Overqwil, F|100/100|[from] U-turn
|
|-weather|RainDance|[upkeep]
|upkeep
|turn|3
|
|t:|1779656431
|move|p1a: Overqwil|Swords Dance|p1a: Overqwil
|-boost|p1a: Overqwil|atk|2
|move|p2a: Pisces|Flip Turn|p1a: Overqwil
|-damage|p1a: Overqwil|72/100
|
|t:|1779656456
|switch|p2a: Hybrid|Hydreigon, M, shiny|100/100|[from] Flip Turn
|
|-weather|RainDance|[upkeep]
|upkeep
|turn|4
|
|t:|1779656465
|-terastallize|p2a: Hybrid|Steel
|move|p1a: Overqwil|Gunk Shot|p2a: Hybrid
|-immune|p2a: Hybrid
|move|p2a: Hybrid|Draco Meteor|p1a: Overqwil
|-damage|p1a: Overqwil|0 fnt
|-unboost|p2a: Hybrid|spa|2
|faint|p1a: Overqwil
|
|-weather|RainDance|[upkeep]
|upkeep
|
|t:|1779656489
|switch|p1a: Barraskewda|Barraskewda, M|100/100
|turn|5
|
|t:|1779656494
|switch|p2a: Pisces|Alomomola, M, shiny|100/100
|move|p1a: Barraskewda|Flip Turn|p2a: Pisces
|-resisted|p2a: Pisces
|-damage|p2a: Pisces|72/100
|
|t:|1779656497
|switch|p1a: Raging Bolt|Raging Bolt|100/100|[from] Flip Turn
|-enditem|p1a: Raging Bolt|Booster Energy
|-activate|p1a: Raging Bolt|ability: Protosynthesis|[fromitem]
|-start|p1a: Raging Bolt|protosynthesisspa
|
|-weather|RainDance|[upkeep]
|upkeep
|turn|6
|
|t:|1779656501
|move|p1a: Raging Bolt|Thunder|p2a: Pisces
|-supereffective|p2a: Pisces
|-damage|p2a: Pisces|0 fnt
|faint|p2a: Pisces
|
|-weather|RainDance|[upkeep]
|upkeep
|
|t:|1779656511
|switch|p2a: Hybrid|Hydreigon, M, shiny, tera:Steel|100/100
|turn|7
|c|☆psylxr|no mirror coat for you
|
|t:|1779656519
|-terastallize|p1a: Raging Bolt|Fairy
|move|p2a: Hybrid|Draco Meteor|p1a: Raging Bolt
|-immune|p1a: Raging Bolt
|move|p1a: Raging Bolt|Thunder|p2a: Hybrid
|-damage|p2a: Hybrid|3/100
|
|-weather|RainDance|[upkeep]
|upkeep
|turn|8
|
|t:|1779656529
|switch|p2a: Smile.exe|Tinkaton, F, shiny|100/100
|-item|p2a: Smile.exe|Air Balloon
|move|p1a: Raging Bolt|Weather Ball|p2a: Smile.exe
|-damage|p2a: Smile.exe|19/100
|-enditem|p2a: Smile.exe|Air Balloon
|
|-weather|none
|upkeep
|turn|9
|
|t:|1779656537
|-end|p1a: Raging Bolt|Protosynthesis|[silent]
|switch|p1a: Pelipper|Pelipper, M|100/100
|-weather|RainDance|[from] ability: Drizzle|[of] p1a: Pelipper
|move|p2a: Smile.exe|Stealth Rock|p1a: Pelipper
|-sidestart|p1: psylxr|move: Stealth Rock
|
|-weather|RainDance|[upkeep]
|upkeep
|turn|10
|
|t:|1779656555
|move|p2a: Smile.exe|Gigaton Hammer|p1a: Pelipper
|-resisted|p1a: Pelipper
|-damage|p1a: Pelipper|79/100
|move|p1a: Pelipper|U-turn|p2a: Smile.exe
|-resisted|p2a: Smile.exe
|-damage|p2a: Smile.exe|16/100
|-enditem|p1a: Pelipper|Damp Rock|[silent]|[from] ability: Pickpocket|[of] p1a: Pelipper
|-item|p2a: Smile.exe|Damp Rock|[from] ability: Pickpocket|[of] p1a: Pelipper
|
|t:|1779656558
|switch|p1a: Barraskewda|Barraskewda, M|100/100|[from] U-turn
|-damage|p1a: Barraskewda|88/100|[from] Stealth Rock
|
|-weather|RainDance|[upkeep]
|upkeep
|turn|11
|
|t:|1779656563
|move|p1a: Barraskewda|Flip Turn|p2a: Smile.exe
|-damage|p2a: Smile.exe|0 fnt
|faint|p2a: Smile.exe
|
|t:|1779656570
|switch|p1a: Raging Bolt|Raging Bolt, tera:Fairy|100/100|[from] Flip Turn
|-damage|p1a: Raging Bolt|88/100|[from] Stealth Rock
|
|-weather|RainDance|[upkeep]
|upkeep
|
|t:|1779656592
|switch|p2a: Anonymous|Ogerpon, F|100/100
|turn|12
|
|t:|1779656607
|move|p2a: Anonymous|U-turn|p1a: Raging Bolt
|-resisted|p1a: Raging Bolt
|-damage|p1a: Raging Bolt|74/100
|inactive|Karmasiren has 120 seconds left.
|
|t:|1779656633
|switch|p2a: Hybrid|Hydreigon, M, shiny, tera:Steel|3/100|[from] U-turn
|move|p1a: Raging Bolt|Draco Meteor|p2a: Hybrid|[miss]
|-miss|p1a: Raging Bolt|p2a: Hybrid
|
|-weather|RainDance|[upkeep]
|upkeep
|turn|13
|
|t:|1779656638
|move|p1a: Raging Bolt|Thunderclap|p2a: Hybrid
|-damage|p2a: Hybrid|0 fnt
|faint|p2a: Hybrid
|
|-weather|RainDance|[upkeep]
|upkeep
|
|t:|1779656640
|switch|p2a: Anonymous|Ogerpon, F|100/100
|turn|14
|
|t:|1779656648
|move|p2a: Anonymous|Ivy Cudgel|p1a: Raging Bolt
|-damage|p1a: Raging Bolt|13/100
|move|p1a: Raging Bolt|Thunder|p2a: Anonymous
|-resisted|p2a: Anonymous
|-crit|p2a: Anonymous
|-damage|p2a: Anonymous|45/100
|
|-weather|RainDance|[upkeep]
|upkeep
|turn|15
|
|t:|1779656653
|move|p1a: Raging Bolt|Thunderclap|p2a: Anonymous
|-resisted|p2a: Anonymous
|-damage|p2a: Anonymous|22/100
|move|p2a: Anonymous|Ivy Cudgel|p1a: Raging Bolt
|-damage|p1a: Raging Bolt|0 fnt
|faint|p1a: Raging Bolt
|-end|p1a: Raging Bolt|Protosynthesis|[silent]
|
|-weather|RainDance|[upkeep]
|upkeep
|
|t:|1779656657
|switch|p1a: Barraskewda|Barraskewda, M|88/100
|-damage|p1a: Barraskewda|75/100|[from] Stealth Rock
|turn|16
|
|t:|1779656666
|move|p1a: Barraskewda|Flip Turn|p2a: Anonymous
|-resisted|p2a: Anonymous
|-damage|p2a: Anonymous|0 fnt
|faint|p2a: Anonymous
|
|t:|1779656669
|switch|p1a: Iron Treads|Iron Treads|100/100|[from] Flip Turn
|-damage|p1a: Iron Treads|97/100|[from] Stealth Rock
|
|-weather|none
|upkeep
|
|t:|1779656673
|switch|p2a: Behemoth|Great Tusk, shiny|100/100
|turn|17
|
|t:|1779656677
|move|p1a: Iron Treads|Steel Beam|p2a: Behemoth
|-damage|p2a: Behemoth|22/100
|-damage|p1a: Iron Treads|47/100|[from] steelbeam
|move|p2a: Behemoth|Close Combat|p1a: Iron Treads
|-supereffective|p1a: Iron Treads
|-damage|p1a: Iron Treads|0 fnt
|-unboost|p2a: Behemoth|def|1
|-unboost|p2a: Behemoth|spd|1
|faint|p1a: Iron Treads
|-end|p1a: Iron Treads|Quark Drive|[silent]
|
|upkeep
|
|t:|1779656681
|switch|p1a: Pelipper|Pelipper, M|79/100
|-damage|p1a: Pelipper|54/100|[from] Stealth Rock
|-weather|RainDance|[from] ability: Drizzle|[of] p1a: Pelipper
|turn|18
|-message|Karmasiren forfeited.
|
|win|psylxr
|raw|psylxr's rating: 1618 &rarr; <strong>1637</strong><br />(+19 for winning)
|raw|Karmasiren's rating: 1599 &rarr; <strong>1580</strong><br />(-19 for losing)
|l|☆Karmasiren
|player|p2|
|l|☆psylxr
|player|p1|
