|j|☆lol_nymbus
|j|☆Greatox17
|t:|1779580725
|gametype|singles
|player|p1|lol_nymbus|1|1219
|player|p2|Greatox17|265|1198
|gen|9
|tier|[Gen 9] OU
|rated|
|rule|HP Percentage Mod: HP is shown in percentages
|rule|Endless Battle Clause: Forcing endless battles is banned
|rule|Species Clause: Limit one of each Pokémon
|rule|OHKO Clause: OHKO moves are banned
|rule|Evasion Items Clause: Evasion items are banned
|rule|Evasion Moves Clause: Evasion moves are banned
|rule|Evasion Abilities Clause: Evasion abilities are banned
|rule|Sleep Moves Clause: Sleep-inducing moves are banned
|clearpoke
|poke|p1|Pelipper, M|
|poke|p1|Volcanion|
|poke|p1|Barraskewda, F|
|poke|p1|Iron Treads|
|poke|p1|Lokix, M|
|poke|p1|Overqwil, M|
|poke|p2|Landorus-Therian, M|
|poke|p2|Gholdengo|
|poke|p2|Rillaboom, F|
|poke|p2|Walking Wake|
|poke|p2|Volcanion|
|poke|p2|Zamazenta-*|
|teampreview
|inactive|Battle timer is ON: inactive players will automatically lose when time's up. (requested by lol_nymbus)
|inactive|lol_nymbus has 120 seconds left.
|
|t:|1779580776
|teamsize|p1|6
|teamsize|p2|6
|start
|switch|p1a: Pelipper|Pelipper, M|100/100
|switch|p2a: Volcanion|Volcanion|100/100
|-weather|RainDance|[from] ability: Drizzle|[of] p1a: Pelipper
|turn|1
|c|☆Greatox17|GLHF
|
|t:|1779580789
|move|p2a: Volcanion|Steam Eruption|p1a: Pelipper
|-resisted|p1a: Pelipper
|-damage|p1a: Pelipper|48/100
|-status|p1a: Pelipper|brn
|move|p1a: Pelipper|Knock Off|p2a: Volcanion
|-damage|p2a: Volcanion|95/100
|-enditem|p2a: Volcanion|Shuca Berry|[from] move: Knock Off|[of] p1a: Pelipper
|
|-weather|RainDance|[upkeep]
|-damage|p1a: Pelipper|42/100 brn|[from] brn
|upkeep
|turn|2
|
|t:|1779580799
|switch|p1a: Volcanion|Volcanion|100/100
|move|p2a: Volcanion|Steam Eruption|p1a: Volcanion
|-immune|p1a: Volcanion|[from] ability: Water Absorb
|
|-weather|RainDance|[upkeep]
|upkeep
|turn|3
|
|t:|1779580817
|switch|p2a: Landorus|Landorus-Therian, M|100/100
|-ability|p2a: Landorus|Intimidate|boost
|-unboost|p1a: Volcanion|atk|1
|move|p1a: Volcanion|Earth Power|p2a: Landorus
|-immune|p2a: Landorus
|
|-weather|RainDance|[upkeep]
|upkeep
|turn|4
|
|t:|1779580826
|switch|p1a: Pelipper|Pelipper, M|42/100 brn
|move|p2a: Landorus|Earth Power|p1a: Pelipper
|-immune|p1a: Pelipper
|
|-weather|RainDance|[upkeep]
|-damage|p1a: Pelipper|35/100 brn|[from] brn
|upkeep
|turn|5
|
|t:|1779580834
|move|p2a: Landorus|Rock Slide|p1a: Pelipper
|-supereffective|p1a: Pelipper
|-damage|p1a: Pelipper|0 fnt
|faint|p1a: Pelipper
|
|-weather|RainDance|[upkeep]
|upkeep
|
|t:|1779580837
|switch|p1a: Barraskewda|Barraskewda, F|100/100
|turn|6
|
|t:|1779580846
|switch|p1a: Volcanion|Volcanion|100/100
|switch|p2a: Volcanion|Volcanion|95/100
|
|-weather|RainDance|[upkeep]
|upkeep
|turn|7
|
|t:|1779580854
|move|p1a: Volcanion|Steam Eruption|p2a: Volcanion
|-heal|p2a: Volcanion|100/100|[from] ability: Water Absorb|[of] p1a: Volcanion
|move|p2a: Volcanion|Sludge Bomb|p1a: Volcanion
|-damage|p1a: Volcanion|61/100
|-status|p1a: Volcanion|psn
|
|-weather|RainDance|[upkeep]
|-damage|p1a: Volcanion|49/100 psn|[from] psn
|upkeep
|turn|8
|
|t:|1779580862
|switch|p1a: Overqwil|Overqwil, M|100/100
|move|p2a: Volcanion|Sludge Bomb|p1a: Overqwil
|-resisted|p1a: Overqwil
|-damage|p1a: Overqwil|75/100
|
|-weather|none
|upkeep
|turn|9
|
|t:|1779580882
|switch|p2a: Zamazenta|Zamazenta|100/100
|-ability|p2a: Zamazenta|Dauntless Shield|boost
|-boost|p2a: Zamazenta|def|1
|move|p1a: Overqwil|Gunk Shot|p2a: Zamazenta|[miss]
|-miss|p1a: Overqwil|p2a: Zamazenta
|
|upkeep
|turn|10
|
|t:|1779580889
|move|p2a: Zamazenta|Close Combat|p1a: Overqwil
|-damage|p1a: Overqwil|0 fnt
|-unboost|p2a: Zamazenta|def|1
|-unboost|p2a: Zamazenta|spd|1
|faint|p1a: Overqwil
|-damage|p2a: Zamazenta|91/100|[from] item: Life Orb
|
|upkeep
|-message|lol_nymbus forfeited.
|
|win|Greatox17
|raw|lol_nymbus's rating: 1219 &rarr; <strong>1192</strong><br />(-27 for losing)
|raw|Greatox17's rating: 1198 &rarr; <strong>1225</strong><br />(+27 for winning)
|l|☆lol_nymbus
|player|p1|
