|j|☆Jzurf
|j|☆Gamer237
|inactive|Battle timer is ON: inactive players will automatically lose when time's up.
|t:|1779678758
|gametype|singles
|player|p1|Jzurf|169|
|player|p2|Gamer237|blue|
|gen|9
|tier|[Gen 9] OU
|rated|Tournament battle
|rule|HP Percentage Mod: HP is shown in percentages
|rule|Endless Battle Clause: Forcing endless battles is banned
|rule|Species Clause: Limit one of each Pokémon
|rule|OHKO Clause: OHKO moves are banned
|rule|Evasion Items Clause: Evasion items are banned
|rule|Evasion Moves Clause: Evasion moves are banned
|rule|Evasion Abilities Clause: Evasion abilities are banned
|rule|Sleep Moves Clause: Sleep-inducing moves are banned
|raw|<div class="infobox"><details class="readmore" open><summary><strong>1 custom rule:</strong></summary> -wobbuffet</details></div>
|clearpoke
|poke|p1|Drifblim, F|
|poke|p1|Snubbull, M|
|poke|p1|Shroodle, F|
|poke|p1|Munchlax, M|
|poke|p2|Murkrow, M|
|poke|p2|Elekid, F|
|poke|p2|Palossand, M|
|poke|p2|Milotic, M|
|teampreview
|inactive|Jzurf also wants the timer to be on.
|j|*Lady Monita 
|
|t:|1779678773
|teamsize|p1|4
|teamsize|p2|4
|start
|switch|p1a: Drifblim|Drifblim, F|100/100
|switch|p2a: Murkrow|Murkrow, M|100/100
|turn|1
|c|☆Gamer237|glhf
|j|@Aud890
|
|t:|1779678782
|move|p2a: Murkrow|Thunder Wave|p1a: Drifblim
|-status|p1a: Drifblim|par
|move|p1a: Drifblim|Calm Mind|p1a: Drifblim
|-boost|p1a: Drifblim|spa|1
|-boost|p1a: Drifblim|spd|1
|
|upkeep
|turn|2
|inactive|Jzurf has 120 seconds left.
|
|t:|1779678814
|move|p2a: Murkrow|Perish Song|p2a: Murkrow
|-start|p1a: Drifblim|perish3|[silent]
|-start|p2a: Murkrow|perish3|[silent]
|-fieldactivate|move: Perish Song
|move|p1a: Drifblim|Will-O-Wisp|p2a: Murkrow
|-status|p2a: Murkrow|brn
|
|-damage|p2a: Murkrow|95/100 brn|[from] brn
|-start|p2a: Murkrow|perish3
|-start|p1a: Drifblim|perish3
|upkeep
|turn|3
|inactive|Jzurf has 120 seconds left.
|
|t:|1779678826
|switch|p2a: Elekid|Elekid, F|100/100
|move|p1a: Drifblim|Hex|p2a: Elekid
|-damage|p2a: Elekid|34/100
|
|-start|p1a: Drifblim|perish2
|upkeep
|turn|4
|inactive|Jzurf has 120 seconds left.
|
|t:|1779678838
|-terastallize|p1a: Drifblim|Ghost
|move|p2a: Elekid|Volt Switch|p1a: Drifblim
|-damage|p1a: Drifblim|80/100 par
|
|t:|1779678844
|switch|p2a: Murkrow|Murkrow, M|95/100 brn|[from] Volt Switch
|move|p1a: Drifblim|Hex|p2a: Murkrow
|-resisted|p2a: Murkrow
|-damage|p2a: Murkrow|14/100 brn
|
|-damage|p2a: Murkrow|8/100 brn|[from] brn
|-start|p1a: Drifblim|perish1
|upkeep
|turn|5
|inactive|Jzurf has 120 seconds left.
|
|t:|1779678864
|switch|p1a: Snubbull|Snubbull, M|100/100
|-ability|p1a: Snubbull|Intimidate|boost
|-unboost|p2a: Murkrow|atk|1
|move|p2a: Murkrow|Thunder Wave|p1a: Snubbull
|-status|p1a: Snubbull|par
|
|-damage|p2a: Murkrow|2/100 brn|[from] brn
|upkeep
|turn|6
|inactive|Jzurf has 120 seconds left.
|
|t:|1779678880
|move|p2a: Murkrow|U-turn|p1a: Snubbull
|-resisted|p1a: Snubbull
|-damage|p1a: Snubbull|98/100 par
|
|t:|1779678886
|switch|p2a: Palossand|Palossand, M, shiny|100/100|[from] U-turn
|move|p1a: Snubbull|Thief|p2a: Palossand
|-supereffective|p2a: Palossand
|-damage|p2a: Palossand|76/100
|
|-heal|p2a: Palossand|82/100|[from] item: Leftovers
|upkeep
|turn|7
|inactive|Jzurf has 120 seconds left.
|j| Phasmyx
|
|t:|1779678916
|move|p2a: Palossand|Sludge Bomb|p1a: Snubbull
|-supereffective|p1a: Snubbull
|-damage|p1a: Snubbull|25/100 par
|move|p1a: Snubbull|Thief|p2a: Palossand
|-supereffective|p2a: Palossand
|-damage|p2a: Palossand|58/100
|
|-heal|p2a: Palossand|64/100|[from] item: Leftovers
|upkeep
|turn|8
|
|t:|1779678925
|move|p2a: Palossand|Sludge Bomb|p1a: Snubbull
|-supereffective|p1a: Snubbull
|-damage|p1a: Snubbull|0 fnt
|faint|p1a: Snubbull
|
|-heal|p2a: Palossand|70/100|[from] item: Leftovers
|upkeep
|l| Phasmyx
|
|t:|1779678933
|switch|p1a: Shroodle|Shroodle, F|100/100
|turn|9
|
|t:|1779678942
|move|p1a: Shroodle|Parting Shot|p2a: Palossand
|-unboost|p2a: Palossand|atk|1
|-unboost|p2a: Palossand|spa|1
|
|t:|1779678948
|switch|p1a: Munchlax|Munchlax, M|100/100|[from] Parting Shot
|move|p2a: Palossand|Shore Up|p2a: Palossand
|-heal|p2a: Palossand|100/100
|
|upkeep
|turn|10
|inactive|Jzurf has 120 seconds left.
|
|t:|1779678962
|move|p2a: Palossand|Sludge Bomb|p1a: Munchlax
|-damage|p1a: Munchlax|87/100
|move|p1a: Munchlax|Curse|p1a: Munchlax
|-unboost|p1a: Munchlax|spe|1
|-boost|p1a: Munchlax|atk|1
|-boost|p1a: Munchlax|def|1
|
|-heal|p1a: Munchlax|93/100|[from] item: Leftovers
|upkeep
|turn|11
|inactive|Jzurf has 120 seconds left.
|
|t:|1779678974
|switch|p2a: Milotic|Milotic, M|100/100
|move|p1a: Munchlax|Fire Punch|p2a: Milotic
|-resisted|p2a: Milotic
|-damage|p2a: Milotic|88/100
|
|-heal|p2a: Milotic|94/100|[from] item: Leftovers
|-heal|p1a: Munchlax|99/100|[from] item: Leftovers
|upkeep
|turn|12
|inactive|Jzurf has 120 seconds left.
|
|t:|1779678986
|move|p2a: Milotic|Scald|p1a: Munchlax
|-damage|p1a: Munchlax|76/100
|move|p1a: Munchlax|Body Slam|p2a: Milotic
|-damage|p2a: Milotic|53/100
|
|-heal|p2a: Milotic|59/100|[from] item: Leftovers
|-heal|p1a: Munchlax|82/100|[from] item: Leftovers
|upkeep
|turn|13
|inactive|Jzurf has 120 seconds left.
|
|t:|1779678998
|move|p2a: Milotic|Aqua Ring|p2a: Milotic
|-start|p2a: Milotic|Aqua Ring
|move|p1a: Munchlax|Curse|p1a: Munchlax
|-unboost|p1a: Munchlax|spe|1
|-boost|p1a: Munchlax|atk|1
|-boost|p1a: Munchlax|def|1
|
|-heal|p2a: Milotic|65/100|[from] item: Leftovers
|-heal|p1a: Munchlax|88/100|[from] item: Leftovers
|-heal|p2a: Milotic|71/100|[from] Aqua Ring
|upkeep
|turn|14
|inactive|Jzurf has 120 seconds left.
|
|t:|1779679009
|move|p2a: Milotic|Scald|p1a: Munchlax
|-damage|p1a: Munchlax|67/100
|move|p1a: Munchlax|Body Slam|p2a: Milotic
|-crit|p2a: Milotic
|-damage|p2a: Milotic|0 fnt
|faint|p2a: Milotic
|
|-heal|p1a: Munchlax|73/100|[from] item: Leftovers
|upkeep
|
|t:|1779679023
|switch|p2a: Murkrow|Murkrow, M|2/100 brn
|turn|15
|
|t:|1779679032
|move|p2a: Murkrow|Rain Dance|p2a: Murkrow
|-weather|RainDance
|move|p1a: Munchlax|Body Slam|p2a: Murkrow
|-damage|p2a: Murkrow|0 fnt
|faint|p2a: Murkrow
|
|-weather|RainDance|[upkeep]
|-heal|p1a: Munchlax|79/100|[from] item: Leftovers
|upkeep
|
|t:|1779679040
|switch|p2a: Elekid|Elekid, F|34/100
|turn|16
|j| v1c7oryy
|
|t:|1779679045
|move|p2a: Elekid|Thunder|p1a: Munchlax
|-damage|p1a: Munchlax|50/100
|move|p1a: Munchlax|Body Slam|p2a: Elekid
|-damage|p2a: Elekid|0 fnt
|faint|p2a: Elekid
|
|-weather|RainDance|[upkeep]
|-heal|p1a: Munchlax|56/100|[from] item: Leftovers
|upkeep
|
|t:|1779679052
|switch|p2a: Palossand|Palossand, M, shiny|100/100
|turn|17
|j| Renku
|l| Renku
|
|t:|1779679059
|move|p2a: Palossand|Earth Power|p1a: Munchlax
|-damage|p1a: Munchlax|24/100
|move|p1a: Munchlax|Fire Punch|p2a: Palossand
|-damage|p2a: Palossand|84/100
|
|-weather|RainDance|[upkeep]
|-heal|p2a: Palossand|90/100|[from] item: Leftovers
|-heal|p1a: Munchlax|30/100|[from] item: Leftovers
|upkeep
|turn|18
|
|t:|1779679073
|move|p2a: Palossand|Earth Power|p1a: Munchlax
|-damage|p1a: Munchlax|0 fnt
|faint|p1a: Munchlax
|
|-weather|RainDance|[upkeep]
|-heal|p2a: Palossand|96/100|[from] item: Leftovers
|upkeep
|
|t:|1779679081
|switch|p1a: Shroodle|Shroodle, F|100/100
|turn|19
|
|t:|1779679087
|move|p1a: Shroodle|Parting Shot|p2a: Palossand
|-unboost|p2a: Palossand|atk|1
|-unboost|p2a: Palossand|spa|1
|j| Chulbule
|
|t:|1779679091
|switch|p1a: Drifblim|Drifblim, F, tera:Ghost|80/100 par|[from] Parting Shot
|move|p2a: Palossand|Earth Power|p1a: Drifblim
|-damage|p1a: Drifblim|41/100 par
|
|-weather|none
|-heal|p2a: Palossand|100/100|[from] item: Leftovers
|upkeep
|turn|20
|
|t:|1779679103
|move|p1a: Drifblim|Strength Sap|p2a: Palossand
|-unboost|p2a: Palossand|atk|1
|-heal|p1a: Drifblim|62/100 par
|move|p2a: Palossand|Shadow Ball|p1a: Drifblim
|-supereffective|p1a: Drifblim
|-damage|p1a: Drifblim|3/100 par
|
|upkeep
|turn|21
|l| Chulbule
|
|t:|1779679118
|cant|p1a: Drifblim|par
|move|p2a: Palossand|Earth Power|p1a: Drifblim
|-damage|p1a: Drifblim|0 fnt
|faint|p1a: Drifblim
|
|upkeep
|
|t:|1779679126
|switch|p1a: Shroodle|Shroodle, F|100/100
|turn|22
|
|t:|1779679133
|move|p1a: Shroodle|Copycat|p1a: Shroodle
|move|p1a: Shroodle|Earth Power|p2a: Palossand|[from] move: Copycat
|-damage|p2a: Palossand|88/100
|move|p2a: Palossand|Earth Power|p1a: Shroodle
|-supereffective|p1a: Shroodle
|-damage|p1a: Shroodle|0 fnt
|faint|p1a: Shroodle
|
|win|Gamer237
|n|☆Jzurf|jzurf
|n|☆Gamer237|gamer237
|n|*Lady Monita |ladymonita
|n| Aud890|aud890
|n| v1c7oryy|v1c7oryy
