|j|☆cqyuno
|j|☆usurper9!!
|t:|1779592756
|gametype|singles
|player|p1|cqyuno|170|1147
|player|p2|usurper9!!|n|1212
|gen|9
|tier|[Gen 9] OU
|rated|
|rule|HP Percentage Mod: HP is shown in percentages
|rule|Endless Battle Clause: Forcing endless battles is banned
|rule|Species Clause: Limit one of each Pokémon
|rule|OHKO Clause: OHKO moves are banned
|rule|Evasion Items Clause: Evasion items are banned
|rule|Evasion Moves Clause: Evasion moves are banned
|rule|Evasion Abilities Clause: Evasion abilities are banned
|rule|Sleep Moves Clause: Sleep-inducing moves are banned
|clearpoke
|poke|p1|Kingambit, F|
|poke|p1|Great Tusk|
|poke|p1|Gholdengo|
|poke|p1|Rillaboom, F|
|poke|p1|Clefable, F|
|poke|p1|Dragapult, F|
|poke|p2|Hoopa|
|poke|p2|Cinderace, M|
|poke|p2|Mandibuzz, F|
|poke|p2|Kyurem|
|poke|p2|Ting-Lu|
|poke|p2|Manaphy|
|teampreview
|inactive|Battle timer is ON: inactive players will automatically lose when time's up. (requested by cqyuno)
|inactive|usurper9!! also wants the timer to be on.
|l|☆cqyuno
|inactive|cqyuno disconnected and has a minute to reconnect!
|player|p1|
|j|☆cqyuno
|inactive|cqyuno reconnected and has 145 seconds left.
|player|p1|cqyuno|170|
|l|☆cqyuno
|inactive|cqyuno disconnected and has a minute to reconnect!
|player|p1|
|j|☆cqyuno
|inactive|cqyuno reconnected and has 140 seconds left.
|player|p1|cqyuno|170|
|inactive|cqyuno no longer wants the timer on, but the timer is staying on because usurper9 still does.
|
|t:|1779592777
|teamsize|p1|6
|teamsize|p2|6
|start
|switch|p1a: pink dude|Clefable, F|100/100
|switch|p2a: Kyurem|Kyurem|100/100
|-ability|p2a: Kyurem|Pressure
|turn|1
|
|t:|1779592786
|move|p2a: Kyurem|Ice Beam|p1a: pink dude
|-damage|p1a: pink dude|58/100
|move|p1a: pink dude|Cosmic Power|p1a: pink dude
|-boost|p1a: pink dude|def|1
|-boost|p1a: pink dude|spd|1
|
|-heal|p1a: pink dude|64/100|[from] item: Leftovers
|upkeep
|turn|2
|
|t:|1779592797
|move|p2a: Kyurem|Ice Beam|p1a: pink dude
|-damage|p1a: pink dude|39/100
|-status|p1a: pink dude|frz
|cant|p1a: pink dude|frz
|
|-heal|p1a: pink dude|45/100 frz|[from] item: Leftovers
|upkeep
|turn|3
|
|t:|1779592808
|switch|p2a: Ting-Lucifer|Ting-Lu|100/100
|-ability|p2a: Ting-Lucifer|Vessel of Ruin
|cant|p1a: pink dude|frz
|
|-heal|p1a: pink dude|51/100 frz|[from] item: Leftovers
|upkeep
|turn|4
|
|t:|1779592818
|switch|p1a: elephant thingy|Great Tusk|100/100
|-enditem|p1a: elephant thingy|Booster Energy
|-activate|p1a: elephant thingy|ability: Protosynthesis|[fromitem]
|-start|p1a: elephant thingy|protosynthesisatk
|move|p2a: Ting-Lucifer|Stealth Rock|p1a: elephant thingy
|-sidestart|p1: cqyuno|move: Stealth Rock
|
|upkeep
|turn|5
|
|t:|1779592828
|move|p1a: elephant thingy|Knock Off|p2a: Ting-Lucifer
|-resisted|p2a: Ting-Lucifer
|-damage|p2a: Ting-Lucifer|88/100
|-enditem|p2a: Ting-Lucifer|Weakness Policy|[from] move: Knock Off|[of] p1a: elephant thingy
|move|p2a: Ting-Lucifer|Earthquake|p1a: elephant thingy
|-damage|p1a: elephant thingy|65/100
|
|upkeep
|turn|6
|
|t:|1779592836
|move|p1a: elephant thingy|Rapid Spin|p2a: Ting-Lucifer
|-damage|p2a: Ting-Lucifer|74/100
|-boost|p1a: elephant thingy|spe|1
|-sideend|p1: cqyuno|Stealth Rock|[from] move: Rapid Spin|[of] p1a: elephant thingy
|move|p2a: Ting-Lucifer|Earthquake|p1a: elephant thingy
|-damage|p1a: elephant thingy|28/100
|
|upkeep
|turn|7
|
|t:|1779592844
|move|p1a: elephant thingy|Ice Spinner|p2a: Ting-Lucifer
|-supereffective|p2a: Ting-Lucifer
|-damage|p2a: Ting-Lucifer|33/100
|move|p2a: Ting-Lucifer|Earthquake|p1a: elephant thingy
|-damage|p1a: elephant thingy|0 fnt
|faint|p1a: elephant thingy
|-end|p1a: elephant thingy|Protosynthesis|[silent]
|
|upkeep
|
|t:|1779592849
|switch|p1a: Goatdengo|Gholdengo|100/100
|turn|8
|
|t:|1779592855
|move|p1a: Goatdengo|Make It Rain|p2a: Ting-Lucifer
|-damage|p2a: Ting-Lucifer|0 fnt
|-unboost|p1a: Goatdengo|spa|1
|faint|p2a: Ting-Lucifer
|
|upkeep
|
|t:|1779592870
|switch|p2a: Cinderace|Cinderace, M|100/100
|turn|9
|
|t:|1779592879
|-terastallize|p2a: Cinderace|Fire
|move|p2a: Cinderace|Pyro Ball|p1a: Goatdengo
|-supereffective|p1a: Goatdengo
|-damage|p1a: Goatdengo|0 fnt
|faint|p1a: Goatdengo
|
|upkeep
|
|t:|1779592885
|switch|p1a: weird ass mf|Dragapult, F|100/100
|turn|10
|
|t:|1779592892
|move|p1a: weird ass mf|Dragon Darts|p2a: Cinderace
|-damage|p2a: Cinderace|63/100
|-anim|p1a: weird ass mf|Dragon Darts|p2a: Cinderace
|-damage|p2a: Cinderace|26/100
|move|p2a: Cinderace|Pyro Ball|p1a: weird ass mf
|-resisted|p1a: weird ass mf
|-damage|p1a: weird ass mf|39/100
|
|-heal|p1a: weird ass mf|45/100|[from] item: Leftovers
|upkeep
|turn|11
|
|t:|1779592907
|switch|p2a: Mandibuzz|Mandibuzz, F, shiny|100/100
|move|p1a: weird ass mf|Dragon Darts|p2a: Mandibuzz
|-damage|p2a: Mandibuzz|86/100
|-anim|p1a: weird ass mf|Dragon Darts|p2a: Mandibuzz
|-damage|p2a: Mandibuzz|69/100
|
|-heal|p1a: weird ass mf|50/100|[from] item: Leftovers
|upkeep
|turn|12
|
|t:|1779592918
|move|p1a: weird ass mf|Dragon Darts|p2a: Mandibuzz
|-damage|p2a: Mandibuzz|52/100
|-anim|p1a: weird ass mf|Dragon Darts|p2a: Mandibuzz
|-damage|p2a: Mandibuzz|37/100
|move|p2a: Mandibuzz|Foul Play|p1a: weird ass mf
|-supereffective|p1a: weird ass mf
|-damage|p1a: weird ass mf|0 fnt
|faint|p1a: weird ass mf
|
|upkeep
|
|t:|1779592921
|switch|p1a: pink dude|Clefable, F|51/100 frz
|turn|13
|
|t:|1779592934
|switch|p2a: Cinderace|Cinderace, M, tera:Fire|26/100
|cant|p1a: pink dude|frz
|
|-heal|p1a: pink dude|57/100 frz|[from] item: Leftovers
|upkeep
|turn|14
|
|t:|1779592942
|move|p2a: Cinderace|Pyro Ball|p1a: pink dude
|-damage|p1a: pink dude|0 fnt
|faint|p1a: pink dude
|
|upkeep
|
|t:|1779592946
|switch|p1a: Harambe|Rillaboom, F|100/100
|-fieldstart|move: Grassy Terrain|[from] ability: Grassy Surge|[of] p1a: Harambe
|turn|15
|
|t:|1779592953
|switch|p2a: Mandibuzz|Mandibuzz, F, shiny|37/100
|move|p1a: Harambe|Leech Seed|p2a: Mandibuzz
|-start|p2a: Mandibuzz|move: Leech Seed
|
|-damage|p2a: Mandibuzz|24/100|[from] Leech Seed|[of] p1a: Harambe
|upkeep
|turn|16
|
|t:|1779592961
|move|p2a: Mandibuzz|Toxic|p1a: Harambe
|-status|p1a: Harambe|tox
|move|p1a: Harambe|Wood Hammer|p2a: Mandibuzz
|-resisted|p2a: Mandibuzz
|-damage|p2a: Mandibuzz|5/100
|-damage|p1a: Harambe|84/100 tox|[from] item: Rocky Helmet|[of] p2a: Mandibuzz
|-damage|p1a: Harambe|77/100 tox|[from] Recoil
|
|-heal|p1a: Harambe|83/100 tox|[from] Grassy Terrain
|-heal|p1a: Harambe|90/100 tox|[from] item: Leftovers
|-damage|p2a: Mandibuzz|0 fnt|[from] Leech Seed|[of] p1a: Harambe
|-heal|p1a: Harambe|94/100 tox|[silent]
|faint|p2a: Mandibuzz
|-damage|p1a: Harambe|88/100 tox|[from] psn
|upkeep
|
|t:|1779592984
|switch|p2a: Kyurem|Kyurem|100/100
|-ability|p2a: Kyurem|Pressure
|turn|17
|
|t:|1779592989
|move|p2a: Kyurem|Earth Power|p1a: Harambe
|-resisted|p1a: Harambe
|-damage|p1a: Harambe|70/100 tox
|move|p1a: Harambe|Leech Seed|p2a: Kyurem
|-start|p2a: Kyurem|move: Leech Seed
|
|-heal|p1a: Harambe|76/100 tox|[from] Grassy Terrain
|-heal|p1a: Harambe|82/100 tox|[from] item: Leftovers
|-damage|p2a: Kyurem|88/100|[from] Leech Seed|[of] p1a: Harambe
|-heal|p1a: Harambe|94/100 tox|[silent]
|-damage|p1a: Harambe|82/100 tox|[from] psn
|upkeep
|turn|18
|
|t:|1779593002
|switch|p2a: Hoopa|Hoopa|100/100
|move|p1a: Harambe|Wood Hammer|p2a: Hoopa
|-damage|p2a: Hoopa|0 fnt
|faint|p2a: Hoopa
|-damage|p1a: Harambe|55/100 tox|[from] Recoil
|
|-heal|p1a: Harambe|61/100 tox|[from] Grassy Terrain
|-heal|p1a: Harambe|67/100 tox|[from] item: Leftovers
|-damage|p1a: Harambe|49/100 tox|[from] psn
|upkeep
|
|t:|1779593017
|switch|p2a: Cinderace|Cinderace, M, tera:Fire|26/100
|turn|19
|
|t:|1779593021
|move|p1a: Harambe|Grassy Glide|p2a: Cinderace
|-resisted|p2a: Cinderace
|-damage|p2a: Cinderace|4/100
|move|p2a: Cinderace|Pyro Ball|p1a: Harambe
|-supereffective|p1a: Harambe
|-crit|p1a: Harambe
|-damage|p1a: Harambe|0 fnt
|faint|p1a: Harambe
|
|-heal|p2a: Cinderace|10/100|[from] Grassy Terrain
|-fieldend|move: Grassy Terrain
|upkeep
|
|t:|1779593024
|switch|p1a: Kurourushi|Kingambit, F|100/100
|-activate|p1a: Kurourushi|ability: Supreme Overlord
|-start|p1a: Kurourushi|fallen5|[silent]
|turn|20
|
|t:|1779593039
|-terastallize|p1a: Kurourushi|Dark
|move|p1a: Kurourushi|Sucker Punch|p2a: Cinderace
|-damage|p2a: Cinderace|0 fnt
|faint|p2a: Cinderace
|
|upkeep
|
|t:|1779593046
|switch|p2a: Manaphy|Manaphy|100/100
|turn|21
|
|t:|1779593059
|move|p2a: Manaphy|Tail Glow|p2a: Manaphy
|-boost|p2a: Manaphy|spa|3
|move|p1a: Kurourushi|Kowtow Cleave|p2a: Manaphy
|-damage|p2a: Manaphy|4/100
|
|-heal|p2a: Manaphy|11/100|[from] item: Leftovers
|upkeep
|turn|22
|
|t:|1779593069
|move|p1a: Kurourushi|Sucker Punch|p2a: Manaphy
|-damage|p2a: Manaphy|0 fnt
|faint|p2a: Manaphy
|
|upkeep
|
|t:|1779593074
|switch|p2a: Kyurem|Kyurem|88/100
|-ability|p2a: Kyurem|Pressure
|turn|23
|
|t:|1779593083
|move|p2a: Kyurem|Earth Power|p1a: Kurourushi
|-damage|p1a: Kurourushi|66/100
|move|p1a: Kurourushi|Iron Head|p2a: Kyurem
|-supereffective|p2a: Kyurem
|-damage|p2a: Kyurem|0 fnt
|faint|p2a: Kyurem
|
|win|cqyuno
|raw|cqyuno's rating: 1147 &rarr; <strong>1177</strong><br />(+30 for winning)
|raw|usurper9!!'s rating: 1212 &rarr; <strong>1182</strong><br />(-30 for losing)
|l|☆usurper9!!
|player|p2|
