|j|☆rblt ryo
|j|☆Hallommora
|t:|1779606097
|gametype|singles
|player|p1|rblt ryo|grimsley-gen7|1510
|player|p2|Hallommora|clown|1527
|gen|9
|tier|[Gen 9] OU
|rated|
|rule|HP Percentage Mod: HP is shown in percentages
|rule|Endless Battle Clause: Forcing endless battles is banned
|rule|Species Clause: Limit one of each Pokémon
|rule|OHKO Clause: OHKO moves are banned
|rule|Evasion Items Clause: Evasion items are banned
|rule|Evasion Moves Clause: Evasion moves are banned
|rule|Evasion Abilities Clause: Evasion abilities are banned
|rule|Sleep Moves Clause: Sleep-inducing moves are banned
|clearpoke
|poke|p1|Slowking-Galar, F|
|poke|p1|Keldeo-Resolute|
|poke|p1|Ting-Lu|
|poke|p1|Cinderace, F|
|poke|p1|Hydrapple, M|
|poke|p1|Weezing-Galar, F|
|poke|p2|Garganacl, M|
|poke|p2|Gliscor, F|
|poke|p2|Clefable, F|
|poke|p2|Zamazenta-*|
|poke|p2|Gholdengo|
|poke|p2|Samurott-Hisui, F|
|teampreview
|inactive|Battle timer is ON: inactive players will automatically lose when time's up. (requested by Hallommora)
|
|t:|1779606104
|teamsize|p1|6
|teamsize|p2|6
|start
|switch|p1a: Hydrapple|Hydrapple, M|100/100
|switch|p2a: Gliscor|Gliscor, F|100/100
|turn|1
|
|t:|1779606118
|move|p2a: Gliscor|Toxic|p1a: Hydrapple
|-status|p1a: Hydrapple|tox
|move|p1a: Hydrapple|Fickle Beam|p2a: Gliscor
|-damage|p2a: Gliscor|45/100
|
|-damage|p1a: Hydrapple|94/100 tox|[from] psn
|-status|p2a: Gliscor|tox|[from] item: Toxic Orb
|upkeep
|turn|2
|
|t:|1779606131
|move|p2a: Gliscor|Protect|p2a: Gliscor
|-singleturn|p2a: Gliscor|Protect
|move|p1a: Hydrapple|Giga Drain|p2a: Gliscor
|-activate|p2a: Gliscor|move: Protect
|
|-heal|p2a: Gliscor|58/100 tox|[from] ability: Poison Heal
|-damage|p1a: Hydrapple|82/100 tox|[from] psn
|upkeep
|turn|3
|
|t:|1779606139
|switch|p2a: Clefable|Clefable, F|100/100
|move|p1a: Hydrapple|Draco Meteor|p2a: Clefable
|-immune|p2a: Clefable
|
|-damage|p1a: Hydrapple|64/100 tox|[from] psn
|upkeep
|turn|4
|
|t:|1779606155
|switch|p1a: Slowking|Slowking-Galar, F|100/100
|move|p2a: Clefable|Knock Off|p1a: Slowking
|-supereffective|p1a: Slowking
|-damage|p1a: Slowking|77/100
|-enditem|p1a: Slowking|Assault Vest|[from] move: Knock Off|[of] p2a: Clefable
|
|upkeep
|turn|5
|
|t:|1779606169
|move|p2a: Clefable|Stealth Rock|p1a: Slowking
|-sidestart|p1: rblt ryo|move: Stealth Rock
|move|p1a: Slowking|Sludge Bomb|p2a: Clefable
|-supereffective|p2a: Clefable
|-damage|p2a: Clefable|24/100
|
|upkeep
|turn|6
|
|t:|1779606177
|move|p2a: Clefable|Moonlight|p2a: Clefable
|-heal|p2a: Clefable|74/100
|move|p1a: Slowking|Psyshock|p2a: Clefable
|-damage|p2a: Clefable|50/100
|
|upkeep
|turn|7
|
|t:|1779606189
|switch|p2a: Samurott|Samurott-Hisui, F|100/100
|move|p1a: Slowking|Ice Beam|p2a: Samurott
|-resisted|p2a: Samurott
|-damage|p2a: Samurott|84/100
|
|upkeep
|turn|8
|
|t:|1779606196
|switch|p1a: Weezing|Weezing-Galar, F|100/100
|-damage|p1a: Weezing|88/100|[from] Stealth Rock
|move|p2a: Samurott|Knock Off|p1a: Weezing
|-resisted|p1a: Weezing
|-damage|p1a: Weezing|73/100
|-damage|p2a: Samurott|68/100|[from] item: Rocky Helmet|[of] p1a: Weezing
|-enditem|p1a: Weezing|Rocky Helmet|[from] move: Knock Off|[of] p2a: Samurott
|
|upkeep
|turn|9
|
|t:|1779606205
|move|p2a: Samurott|Ceaseless Edge|p1a: Weezing
|-resisted|p1a: Weezing
|-damage|p1a: Weezing|57/100
|-sidestart|p1: rblt ryo|Spikes
|move|p1a: Weezing|Will-O-Wisp|p2a: Samurott
|-status|p2a: Samurott|brn
|
|-damage|p2a: Samurott|62/100 brn|[from] brn
|upkeep
|turn|10
|
|t:|1779606210
|move|p2a: Samurott|Encore|p1a: Weezing
|-start|p1a: Weezing|Encore
|move|p1a: Weezing|Will-O-Wisp|p2a: Samurott
|-fail|p2a: Samurott|brn
|
|-damage|p2a: Samurott|55/100 brn|[from] brn
|upkeep
|turn|11
|
|t:|1779606215
|switch|p1a: Keldeo|Keldeo-Resolute|100/100
|-damage|p1a: Keldeo|94/100|[from] Stealth Rock
|-damage|p1a: Keldeo|82/100|[from] Spikes
|move|p2a: Samurott|Knock Off|p1a: Keldeo
|-resisted|p1a: Keldeo
|-damage|p1a: Keldeo|70/100
|-ability|p1a: Keldeo|Justified|boost
|-boost|p1a: Keldeo|atk|1
|-enditem|p1a: Keldeo|Choice Specs|[from] move: Knock Off|[of] p2a: Samurott
|
|-damage|p2a: Samurott|49/100 brn|[from] brn
|upkeep
|turn|12
|
|t:|1779606229
|switch|p2a: Gholdengo|Gholdengo|100/100
|move|p1a: Keldeo|Secret Sword|p2a: Gholdengo
|-immune|p2a: Gholdengo
|
|upkeep
|turn|13
|
|t:|1779606237
|move|p1a: Keldeo|Surf|p2a: Gholdengo
|-damage|p2a: Gholdengo|58/100
|move|p2a: Gholdengo|Nasty Plot|p2a: Gholdengo
|-boost|p2a: Gholdengo|spa|2
|
|upkeep
|turn|14
|
|t:|1779606251
|move|p1a: Keldeo|Surf|p2a: Gholdengo
|-damage|p2a: Gholdengo|15/100
|move|p2a: Gholdengo|Recover|p2a: Gholdengo
|-heal|p2a: Gholdengo|65/100
|
|upkeep
|turn|15
|
|t:|1779606259
|move|p1a: Keldeo|Surf|p2a: Gholdengo
|-damage|p2a: Gholdengo|17/100
|move|p2a: Gholdengo|Shadow Ball|p1a: Keldeo
|-damage|p1a: Keldeo|0 fnt
|faint|p1a: Keldeo
|
|upkeep
|
|t:|1779606261
|switch|p1a: Cinderace|Cinderace, F|100/100
|turn|16
|
|t:|1779606268
|move|p1a: Cinderace|Pyro Ball|p2a: Gholdengo
|-supereffective|p2a: Gholdengo
|-damage|p2a: Gholdengo|0 fnt
|faint|p2a: Gholdengo
|
|upkeep
|
|t:|1779606272
|switch|p2a: Garganacl|Garganacl, M|100/100
|turn|17
|
|t:|1779606282
|move|p1a: Cinderace|Court Change|p1a: Cinderace
|-swapsideconditions
|-activate|p1a: Cinderace|move: Court Change
|move|p2a: Garganacl|Salt Cure|p1a: Cinderace
|-supereffective|p1a: Cinderace
|-damage|p1a: Cinderace|65/100
|-start|p1a: Cinderace|Salt Cure
|
|-damage|p1a: Cinderace|53/100|[from] Salt Cure
|upkeep
|turn|18
|
|t:|1779606291
|switch|p1a: Weezing|Weezing-Galar, F|57/100
|move|p2a: Garganacl|Salt Cure|p1a: Weezing
|-damage|p1a: Weezing|46/100
|-start|p1a: Weezing|Salt Cure
|
|-damage|p1a: Weezing|33/100|[from] Salt Cure
|upkeep
|turn|19
|
|t:|1779606300
|switch|p2a: Samurott|Samurott-Hisui, F|49/100 brn
|move|p1a: Weezing|Pain Split|p2a: Samurott
|-sethp|p2a: Samurott|38/100 brn|[from] move: Pain Split|[silent]
|-sethp|p1a: Weezing|46/100|[from] move: Pain Split
|
|-damage|p2a: Samurott|32/100 brn|[from] brn
|-damage|p1a: Weezing|34/100|[from] Salt Cure
|upkeep
|turn|20
|
|t:|1779606316
|switch|p1a: Hydrapple|Hydrapple, M|97/100 tox
|move|p2a: Samurott|Encore||[still]
|-fail|p2a: Samurott
|
|-damage|p1a: Hydrapple|91/100 tox|[from] psn
|-damage|p2a: Samurott|26/100 brn|[from] brn
|upkeep
|turn|21
|
|t:|1779606323
|move|p2a: Samurott|Knock Off|p1a: Hydrapple
|-damage|p1a: Hydrapple|74/100 tox
|-enditem|p1a: Hydrapple|Assault Vest|[from] move: Knock Off|[of] p2a: Samurott
|move|p1a: Hydrapple|Giga Drain|p2a: Samurott
|-supereffective|p2a: Samurott
|-damage|p2a: Samurott|0 fnt
|-heal|p1a: Hydrapple|85/100 tox|[from] drain|[of] p2a: Samurott
|faint|p2a: Samurott
|
|-damage|p1a: Hydrapple|72/100 tox|[from] psn
|upkeep
|
|t:|1779606328
|switch|p2a: Clefable|Clefable, F|50/100
|turn|22
|
|t:|1779606333
|switch|p1a: Slowking|Slowking-Galar, F|100/100
|move|p2a: Clefable|Stealth Rock|p1a: Slowking
|-sidestart|p1: rblt ryo|move: Stealth Rock
|
|upkeep
|turn|23
|
|t:|1779606347
|switch|p2a: Garganacl|Garganacl, M|100/100
|move|p1a: Slowking|Sludge Bomb|p2a: Garganacl
|-resisted|p2a: Garganacl
|-damage|p2a: Garganacl|87/100
|
|upkeep
|turn|24
|
|t:|1779606352
|move|p2a: Garganacl|Salt Cure|p1a: Slowking
|-damage|p1a: Slowking|90/100
|-start|p1a: Slowking|Salt Cure
|move|p1a: Slowking|Psyshock|p2a: Garganacl
|-damage|p2a: Garganacl|64/100
|
|-damage|p1a: Slowking|77/100|[from] Salt Cure
|upkeep
|turn|25
|
|t:|1779606359
|switch|p1a: Hydrapple|Hydrapple, M|100/100 tox
|-damage|p1a: Hydrapple|88/100 tox|[from] Stealth Rock
|move|p2a: Garganacl|Recover|p2a: Garganacl
|-heal|p2a: Garganacl|100/100
|
|-damage|p1a: Hydrapple|82/100 tox|[from] psn
|upkeep
|turn|26
|
|t:|1779606366
|switch|p2a: Clefable|Clefable, F|50/100
|move|p1a: Hydrapple|Giga Drain|p2a: Clefable
|-damage|p2a: Clefable|14/100
|-heal|p1a: Hydrapple|99/100 tox|[from] drain|[of] p2a: Clefable
|
|-damage|p1a: Hydrapple|87/100 tox|[from] psn
|upkeep
|turn|27
|
|t:|1779606373
|switch|p1a: Slowking|Slowking-Galar, F|100/100
|-damage|p1a: Slowking|88/100|[from] Stealth Rock
|move|p2a: Clefable|Moonlight|p2a: Clefable
|-heal|p2a: Clefable|64/100
|
|upkeep
|turn|28
|
|t:|1779606379
|move|p2a: Clefable|Knock Off|p1a: Slowking
|-supereffective|p1a: Slowking
|-damage|p1a: Slowking|73/100
|move|p1a: Slowking|Sludge Bomb|p2a: Clefable
|-supereffective|p2a: Clefable
|-damage|p2a: Clefable|0 fnt
|faint|p2a: Clefable
|
|upkeep
|
|t:|1779606385
|switch|p2a: Gliscor|Gliscor, F|58/100 tox
|-damage|p2a: Gliscor|45/100 tox|[from] Stealth Rock
|turn|29
|
|t:|1779606398
|move|p2a: Gliscor|Earthquake|p1a: Slowking
|-supereffective|p1a: Slowking
|-damage|p1a: Slowking|20/100
|move|p1a: Slowking|Ice Beam|p2a: Gliscor
|-supereffective|p2a: Gliscor
|-damage|p2a: Gliscor|0 fnt
|faint|p2a: Gliscor
|
|upkeep
|
|t:|1779606413
|switch|p2a: Zamazenta|Zamazenta|100/100
|-ability|p2a: Zamazenta|Dauntless Shield|boost
|-boost|p2a: Zamazenta|def|1
|turn|30
|
|t:|1779606428
|switch|p1a: Cinderace|Cinderace, F|53/100
|move|p2a: Zamazenta|Heavy Slam|p1a: Cinderace
|-resisted|p1a: Cinderace
|-damage|p1a: Cinderace|31/100
|
|upkeep
|turn|31
|
|t:|1779606435
|move|p2a: Zamazenta|Close Combat|p1a: Cinderace
|-damage|p1a: Cinderace|0 fnt
|-unboost|p2a: Zamazenta|def|1
|-unboost|p2a: Zamazenta|spd|1
|faint|p1a: Cinderace
|
|upkeep
|
|t:|1779606440
|switch|p1a: Hydrapple|Hydrapple, M|100/100 tox
|-damage|p1a: Hydrapple|88/100 tox|[from] Stealth Rock
|turn|32
|
|t:|1779606446
|-terastallize|p2a: Zamazenta|Steel
|-terastallize|p1a: Hydrapple|Poison
|move|p2a: Zamazenta|Ice Fang|p1a: Hydrapple
|-damage|p1a: Hydrapple|73/100 tox
|move|p1a: Hydrapple|Giga Drain|p2a: Zamazenta
|-resisted|p2a: Zamazenta
|-damage|p2a: Zamazenta|74/100
|-heal|p1a: Hydrapple|84/100 tox|[from] drain|[of] p2a: Zamazenta
|
|-damage|p1a: Hydrapple|78/100 tox|[from] psn
|upkeep
|turn|33
|
|t:|1779606455
|move|p2a: Zamazenta|Close Combat|p1a: Hydrapple
|-resisted|p1a: Hydrapple
|-damage|p1a: Hydrapple|54/100 tox
|-unboost|p2a: Zamazenta|def|1
|-unboost|p2a: Zamazenta|spd|1
|move|p1a: Hydrapple|Earth Power|p2a: Zamazenta
|-supereffective|p2a: Zamazenta
|-damage|p2a: Zamazenta|0 fnt
|faint|p2a: Zamazenta
|
|-damage|p1a: Hydrapple|42/100 tox|[from] psn
|upkeep
|
|t:|1779606458
|switch|p2a: Garganacl|Garganacl, M|100/100
|turn|34
|
|t:|1779606462
|switch|p1a: Ting-Lu|Ting-Lu|100/100
|-damage|p1a: Ting-Lu|94/100|[from] Stealth Rock
|-ability|p1a: Ting-Lu|Vessel of Ruin
|move|p2a: Garganacl|Salt Cure|p1a: Ting-Lu
|-resisted|p1a: Ting-Lu
|-damage|p1a: Ting-Lu|91/100
|-start|p1a: Ting-Lu|Salt Cure
|
|-heal|p1a: Ting-Lu|97/100|[from] item: Leftovers
|-damage|p1a: Ting-Lu|85/100|[from] Salt Cure
|upkeep
|turn|35
|
|t:|1779606466
|switch|p1a: Hydrapple|Hydrapple, M, tera:Poison|75/100 tox
|-damage|p1a: Hydrapple|63/100 tox|[from] Stealth Rock
|move|p2a: Garganacl|Iron Defense|p2a: Garganacl
|-boost|p2a: Garganacl|def|2
|
|-damage|p1a: Hydrapple|57/100 tox|[from] psn
|upkeep
|turn|36
|
|t:|1779606474
|move|p1a: Hydrapple|Giga Drain|p2a: Garganacl
|-supereffective|p2a: Garganacl
|-damage|p2a: Garganacl|48/100
|-heal|p1a: Hydrapple|83/100 tox|[from] drain|[of] p2a: Garganacl
|move|p2a: Garganacl|Recover|p2a: Garganacl
|-heal|p2a: Garganacl|98/100
|
|-damage|p1a: Hydrapple|71/100 tox|[from] psn
|upkeep
|turn|37
|
|t:|1779606484
|switch|p1a: Slowking|Slowking-Galar, F|53/100
|-damage|p1a: Slowking|41/100|[from] Stealth Rock
|move|p2a: Garganacl|Recover|p2a: Garganacl
|-heal|p2a: Garganacl|100/100
|
|upkeep
|turn|38
|
|t:|1779606489
|move|p2a: Garganacl|Salt Cure|p1a: Slowking
|-damage|p1a: Slowking|30/100
|-start|p1a: Slowking|Salt Cure
|move|p1a: Slowking|Ice Beam|p2a: Garganacl
|-damage|p2a: Garganacl|84/100
|
|-damage|p1a: Slowking|18/100|[from] Salt Cure
|upkeep
|turn|39
|
|t:|1779606494
|move|p2a: Garganacl|Salt Cure|p1a: Slowking
|-damage|p1a: Slowking|7/100
|move|p1a: Slowking|Ice Beam|p2a: Garganacl
|-damage|p2a: Garganacl|68/100
|
|-damage|p1a: Slowking|0 fnt|[from] Salt Cure
|faint|p1a: Slowking
|upkeep
|
|t:|1779606495
|switch|p1a: Weezing|Weezing-Galar, F|34/100
|-damage|p1a: Weezing|21/100|[from] Stealth Rock
|turn|40
|
|t:|1779606499
|move|p1a: Weezing|Pain Split|p2a: Garganacl
|-sethp|p2a: Garganacl|42/100|[from] move: Pain Split|[silent]
|-sethp|p1a: Weezing|58/100|[from] move: Pain Split
|move|p2a: Garganacl|Salt Cure|p1a: Weezing
|-damage|p1a: Weezing|46/100
|-start|p1a: Weezing|Salt Cure
|
|-damage|p1a: Weezing|34/100|[from] Salt Cure
|upkeep
|turn|41
|
|t:|1779606507
|move|p1a: Weezing|Defog|p2a: Garganacl
|-unboost|p2a: Garganacl|evasion|1
|-sideend|p2: Hallommora|Spikes|[from] move: Defog|[of] p1a: Weezing
|-sideend|p2: Hallommora|Stealth Rock|[from] move: Defog|[of] p1a: Weezing
|-sideend|p1: rblt ryo|Stealth Rock|[from] move: Defog|[of] p1a: Weezing
|move|p2a: Garganacl|Recover|p2a: Garganacl
|-heal|p2a: Garganacl|92/100
|
|-damage|p1a: Weezing|21/100|[from] Salt Cure
|upkeep
|turn|42
|
|t:|1779606516
|move|p1a: Weezing|Pain Split|p2a: Garganacl
|-sethp|p2a: Garganacl|54/100|[from] move: Pain Split|[silent]
|-sethp|p1a: Weezing|74/100|[from] move: Pain Split
|move|p2a: Garganacl|Iron Defense|p2a: Garganacl
|-boost|p2a: Garganacl|def|2
|
|-damage|p1a: Weezing|62/100|[from] Salt Cure
|upkeep
|turn|43
|
|t:|1779606519
|move|p1a: Weezing|Flamethrower|p2a: Garganacl
|-resisted|p2a: Garganacl
|-damage|p2a: Garganacl|47/100
|move|p2a: Garganacl|Recover|p2a: Garganacl
|-heal|p2a: Garganacl|98/100
|
|-damage|p1a: Weezing|49/100|[from] Salt Cure
|upkeep
|turn|44
|
|t:|1779606525
|move|p1a: Weezing|Pain Split|p2a: Garganacl
|-sethp|p2a: Garganacl|67/100|[from] move: Pain Split|[silent]
|-sethp|p1a: Weezing|92/100|[from] move: Pain Split
|move|p2a: Garganacl|Iron Defense|p2a: Garganacl
|-boost|p2a: Garganacl|def|2
|
|-damage|p1a: Weezing|80/100|[from] Salt Cure
|upkeep
|turn|45
|
|t:|1779606528
|move|p1a: Weezing|Flamethrower|p2a: Garganacl
|-resisted|p2a: Garganacl
|-damage|p2a: Garganacl|60/100
|move|p2a: Garganacl|Body Press|p1a: Weezing
|-resisted|p1a: Weezing
|-damage|p1a: Weezing|60/100
|
|-damage|p1a: Weezing|48/100|[from] Salt Cure
|upkeep
|turn|46
|
|t:|1779606531
|move|p1a: Weezing|Pain Split|p2a: Garganacl
|-sethp|p2a: Garganacl|47/100|[from] move: Pain Split|[silent]
|-sethp|p1a: Weezing|65/100|[from] move: Pain Split
|move|p2a: Garganacl|Salt Cure|p1a: Weezing
|-damage|p1a: Weezing|55/100
|
|-damage|p1a: Weezing|42/100|[from] Salt Cure
|upkeep
|turn|47
|
|t:|1779606536
|move|p1a: Weezing|Flamethrower|p2a: Garganacl
|-resisted|p2a: Garganacl
|-damage|p2a: Garganacl|41/100
|move|p2a: Garganacl|Body Press|p1a: Weezing
|-resisted|p1a: Weezing
|-damage|p1a: Weezing|25/100
|
|-damage|p1a: Weezing|13/100|[from] Salt Cure
|upkeep
|turn|48
|
|t:|1779606539
|move|p1a: Weezing|Pain Split|p2a: Garganacl
|-sethp|p2a: Garganacl|25/100|[from] move: Pain Split|[silent]
|-sethp|p1a: Weezing|35/100|[from] move: Pain Split
|move|p2a: Garganacl|Recover|p2a: Garganacl
|-heal|p2a: Garganacl|75/100
|
|-damage|p1a: Weezing|22/100|[from] Salt Cure
|upkeep
|turn|49
|-message|Hallommora forfeited.
|
|win|rblt ryo
|raw|rblt ryo's rating: 1510 &rarr; <strong>1531</strong><br />(+21 for winning)
|raw|Hallommora's rating: 1527 &rarr; <strong>1506</strong><br />(-21 for losing)
|l|☆Hallommora
|player|p2|
|l|☆rblt ryo
|player|p1|
