|j|☆teamflashterry
|j|☆SiguWay
|t:|1779629758
|gametype|singles
|player|p1|teamflashterry|170|1259
|player|p2|SiguWay|265|1254
|gen|9
|tier|[Gen 9] OU
|rated|
|rule|HP Percentage Mod: HP is shown in percentages
|rule|Endless Battle Clause: Forcing endless battles is banned
|rule|Species Clause: Limit one of each Pokémon
|rule|OHKO Clause: OHKO moves are banned
|rule|Evasion Items Clause: Evasion items are banned
|rule|Evasion Moves Clause: Evasion moves are banned
|rule|Evasion Abilities Clause: Evasion abilities are banned
|rule|Sleep Moves Clause: Sleep-inducing moves are banned
|clearpoke
|poke|p1|Medicham, M|
|poke|p1|Jirachi|
|poke|p1|Clefable, M|
|poke|p1|Zapdos|
|poke|p1|Dragonite, F|
|poke|p1|Cinderace, M|
|poke|p2|Ceruledge, M|
|poke|p2|Great Tusk|
|poke|p2|Ogerpon-Wellspring, F|
|poke|p2|Darkrai|
|poke|p2|Tornadus-Therian, M|
|poke|p2|Gholdengo|
|teampreview
|inactive|Battle timer is ON: inactive players will automatically lose when time's up. (requested by SiguWay)
|
|t:|1779629787
|teamsize|p1|6
|teamsize|p2|6
|start
|switch|p1a: Clefable|Clefable, M|100/100
|switch|p2a: Tornadus|Tornadus-Therian, M|100/100
|turn|1
|
|t:|1779629800
|move|p2a: Tornadus|Knock Off|p1a: Clefable
|-resisted|p1a: Clefable
|-damage|p1a: Clefable|92/100
|-enditem|p1a: Clefable|Leftovers|[from] move: Knock Off|[of] p2a: Tornadus
|move|p1a: Clefable|Thunder Wave|p2a: Tornadus
|-status|p2a: Tornadus|par
|
|upkeep
|turn|2
|
|t:|1779629807
|move|p2a: Tornadus|U-turn|p1a: Clefable
|-resisted|p1a: Clefable
|-damage|p1a: Clefable|87/100
|
|t:|1779629811
|switch|p2a: Darkrai|Darkrai|100/100|[from] U-turn
|move|p1a: Clefable|Stealth Rock|p2a: Darkrai
|-sidestart|p2: SiguWay|move: Stealth Rock
|
|upkeep
|turn|3
|
|t:|1779629818
|move|p2a: Darkrai|Sludge Bomb|p1a: Clefable
|-supereffective|p1a: Clefable
|-damage|p1a: Clefable|14/100
|-status|p1a: Clefable|psn
|move|p1a: Clefable|Thunder Wave|p2a: Darkrai
|-status|p2a: Darkrai|par
|
|upkeep
|turn|4
|
|t:|1779629830
|switch|p2a: Tornadus|Tornadus-Therian, M|100/100 par
|-damage|p2a: Tornadus|76/100 par|[from] Stealth Rock
|move|p1a: Clefable|Moonblast|p2a: Tornadus
|-damage|p2a: Tornadus|56/100 par
|
|upkeep
|turn|5
|
|t:|1779629837
|move|p2a: Tornadus|Heat Wave|p1a: Clefable
|-damage|p1a: Clefable|0 fnt
|faint|p1a: Clefable
|
|upkeep
|inactive|teamflashterry has 120 seconds left.
|
|t:|1779629875
|switch|p1a: Jirachi|Jirachi|100/100
|turn|6
|
|t:|1779629879
|move|p1a: Jirachi|Iron Head|p2a: Tornadus
|-damage|p2a: Tornadus|9/100 par
|cant|p2a: Tornadus|flinch
|
|upkeep
|turn|7
|
|t:|1779629886
|move|p1a: Jirachi|Body Slam|p2a: Tornadus
|-damage|p2a: Tornadus|0 fnt
|faint|p2a: Tornadus
|
|upkeep
|
|t:|1779629891
|switch|p2a: Darkrai|Darkrai|100/100 par
|-damage|p2a: Darkrai|88/100 par|[from] Stealth Rock
|turn|8
|
|t:|1779629897
|move|p2a: Darkrai|Dark Pulse|p1a: Jirachi
|-supereffective|p1a: Jirachi
|-crit|p1a: Jirachi
|-damage|p1a: Jirachi|0 fnt
|faint|p1a: Jirachi
|
|upkeep
|
|t:|1779629905
|switch|p1a: Cinderace|Cinderace, M|100/100
|turn|9
|
|t:|1779629911
|move|p1a: Cinderace|Pyro Ball|p2a: Darkrai
|-damage|p2a: Darkrai|12/100 par
|move|p2a: Darkrai|Dark Pulse|p1a: Cinderace
|-damage|p1a: Cinderace|39/100
|
|upkeep
|turn|10
|
|t:|1779629917
|move|p1a: Cinderace|U-turn|p2a: Darkrai
|-start|p1a: Cinderace|typechange|Bug|[from] ability: Libero
|-supereffective|p2a: Darkrai
|-damage|p2a: Darkrai|0 fnt
|faint|p2a: Darkrai
|
|t:|1779629933
|switch|p1a: Zapdos|Zapdos|100/100|[from] U-turn
|
|upkeep
|
|t:|1779629944
|switch|p2a: Gholdengo|Gholdengo|100/100
|-damage|p2a: Gholdengo|94/100|[from] Stealth Rock
|turn|11
|
|t:|1779629955
|move|p1a: Zapdos|Heat Wave|p2a: Gholdengo
|-supereffective|p2a: Gholdengo
|-damage|p2a: Gholdengo|33/100
|move|p2a: Gholdengo|Dazzling Gleam|p1a: Zapdos
|-damage|p1a: Zapdos|73/100
|
|-heal|p2a: Gholdengo|39/100|[from] item: Leftovers
|upkeep
|turn|12
|
|t:|1779629970
|move|p1a: Zapdos|Heat Wave|p2a: Gholdengo|[miss]
|-miss|p1a: Zapdos|p2a: Gholdengo
|move|p2a: Gholdengo|Dazzling Gleam|p1a: Zapdos
|-damage|p1a: Zapdos|44/100
|
|-heal|p2a: Gholdengo|45/100|[from] item: Leftovers
|upkeep
|turn|13
|
|t:|1779629975
|move|p1a: Zapdos|Roost|p1a: Zapdos
|-heal|p1a: Zapdos|94/100
|-singleturn|p1a: Zapdos|move: Roost
|move|p2a: Gholdengo|Dazzling Gleam|p1a: Zapdos
|-damage|p1a: Zapdos|67/100
|
|-heal|p2a: Gholdengo|51/100|[from] item: Leftovers
|upkeep
|turn|14
|
|t:|1779629982
|move|p1a: Zapdos|Heat Wave|p2a: Gholdengo
|-supereffective|p2a: Gholdengo
|-damage|p2a: Gholdengo|0 fnt
|faint|p2a: Gholdengo
|
|upkeep
|
|t:|1779629985
|switch|p2a: Ogerpon|Ogerpon-Wellspring, F|100/100
|-damage|p2a: Ogerpon|88/100|[from] Stealth Rock
|turn|15
|
|t:|1779629989
|switch|p1a: Dragonite|Dragonite, F|100/100
|move|p2a: Ogerpon|Ivy Cudgel|p1a: Dragonite|[anim] Ivy Cudgel Water
|-resisted|p1a: Dragonite
|-damage|p1a: Dragonite|86/100
|
|upkeep
|turn|16
|
|t:|1779629995
|switch|p2a: Great Tusk|Great Tusk|100/100
|-damage|p2a: Great Tusk|98/100|[from] Stealth Rock
|move|p1a: Dragonite|Dragon Tail|p2a: Great Tusk
|-damage|p2a: Great Tusk|75/100
|-end|p2a: Great Tusk|Protosynthesis|[silent]
|drag|p2a: Ogerpon|Ogerpon-Wellspring, F|88/100
|-damage|p2a: Ogerpon|76/100|[from] Stealth Rock
|
|upkeep
|turn|17
|
|t:|1779630008
|move|p2a: Ogerpon|Ivy Cudgel|p1a: Dragonite|[anim] Ivy Cudgel Water
|-resisted|p1a: Dragonite
|-damage|p1a: Dragonite|60/100
|move|p1a: Dragonite|Dragon Tail|p2a: Ogerpon
|-damage|p2a: Ogerpon|31/100
|drag|p2a: Great Tusk|Great Tusk|75/100
|-damage|p2a: Great Tusk|72/100|[from] Stealth Rock
|
|-heal|p2a: Great Tusk|78/100|[from] item: Leftovers
|upkeep
|turn|18
|
|t:|1779630025
|switch|p1a: Zapdos|Zapdos|67/100
|move|p2a: Great Tusk|Rapid Spin|p1a: Zapdos
|-damage|p1a: Zapdos|49/100
|-boost|p2a: Great Tusk|spe|1
|-sideend|p2: SiguWay|Stealth Rock|[from] move: Rapid Spin|[of] p2a: Great Tusk
|
|-heal|p2a: Great Tusk|85/100|[from] item: Leftovers
|upkeep
|turn|19
|
|t:|1779630033
|move|p2a: Great Tusk|Ice Spinner|p1a: Zapdos
|-supereffective|p1a: Zapdos
|-damage|p1a: Zapdos|0 fnt
|-status|p2a: Great Tusk|par|[from] ability: Static|[of] p1a: Zapdos
|faint|p1a: Zapdos
|
|-heal|p2a: Great Tusk|91/100 par|[from] item: Leftovers
|upkeep
|
|t:|1779630039
|switch|p1a: Medicham|Medicham, M|100/100
|turn|20
|
|t:|1779630057
|cant|p2a: Great Tusk|par
|move|p1a: Medicham|Zen Headbutt|p2a: Great Tusk
|-supereffective|p2a: Great Tusk
|-damage|p2a: Great Tusk|25/100 par
|
|-heal|p2a: Great Tusk|32/100 par|[from] item: Leftovers
|upkeep
|turn|21
|
|t:|1779630075
|move|p2a: Great Tusk|Earthquake|p1a: Medicham
|-damage|p1a: Medicham|36/100
|move|p1a: Medicham|Trick Room|p1a: Medicham
|-fieldstart|move: Trick Room|[of] p1a: Medicham
|
|-heal|p2a: Great Tusk|38/100 par|[from] item: Leftovers
|upkeep
|turn|22
|
|t:|1779630083
|move|p1a: Medicham|Ice Punch|p2a: Great Tusk
|-supereffective|p2a: Great Tusk
|-damage|p2a: Great Tusk|0 fnt
|faint|p2a: Great Tusk
|-end|p2a: Great Tusk|Protosynthesis|[silent]
|
|upkeep
|
|t:|1779630088
|switch|p2a: Ogerpon|Ogerpon-Wellspring, F|31/100
|turn|23
|
|t:|1779630096
|move|p1a: Medicham|Zen Headbutt|p2a: Ogerpon
|-damage|p2a: Ogerpon|0 fnt
|faint|p2a: Ogerpon
|
|upkeep
|
|t:|1779630099
|switch|p2a: Ceruledge|Ceruledge, M|100/100
|turn|24
|
|t:|1779630104
|move|p1a: Medicham|Zen Headbutt|p2a: Ceruledge
|-damage|p2a: Ceruledge|10/100
|-ability|p2a: Ceruledge|Weak Armor|boost
|-unboost|p2a: Ceruledge|def|1
|-boost|p2a: Ceruledge|spe|2
|move|p2a: Ceruledge|Swords Dance|p2a: Ceruledge
|-boost|p2a: Ceruledge|atk|2
|
|upkeep
|turn|25
|
|t:|1779630113
|move|p2a: Ceruledge|Shadow Sneak|p1a: Medicham
|-supereffective|p1a: Medicham
|-damage|p1a: Medicham|0 fnt
|faint|p1a: Medicham
|
|-fieldend|move: Trick Room
|upkeep
|
|t:|1779630115
|switch|p1a: Cinderace|Cinderace, M|39/100
|turn|26
|
|t:|1779630124
|switch|p1a: Dragonite|Dragonite, F|60/100
|move|p2a: Ceruledge|Shadow Sneak|p1a: Dragonite
|-damage|p1a: Dragonite|20/100
|
|upkeep
|turn|27
|
|t:|1779630131
|move|p2a: Ceruledge|Shadow Sneak|p1a: Dragonite
|-crit|p1a: Dragonite
|-damage|p1a: Dragonite|0 fnt
|faint|p1a: Dragonite
|
|upkeep
|
|t:|1779630133
|switch|p1a: Cinderace|Cinderace, M|39/100
|turn|28
|
|t:|1779630137
|move|p2a: Ceruledge|Shadow Sneak|p1a: Cinderace
|-damage|p1a: Cinderace|0 fnt
|faint|p1a: Cinderace
|
|win|SiguWay
|raw|teamflashterry's rating: 1259 &rarr; <strong>1234</strong><br />(-25 for losing)
|raw|SiguWay's rating: 1254 &rarr; <strong>1279</strong><br />(+25 for winning)
|l|☆SiguWay
|player|p2|
|l|☆teamflashterry
|player|p1|
