|badge|p1|bronze|gen9ou|100-9
|uhtml|medal-msg|<div class="broadcast-blue">Curious what those medals under the avatar are? PS now has Ladder Seasons! For more information, check out the <a href="https://www.smogon.com/forums/threads/3740067/">thread on Smogon.</a></div>
|badge|p2|bronze|gen9ou|100-9
|badge|p2|bronze|gen9pu|100-9
|uhtml|medal-msg|<div class="broadcast-blue">Curious what those medals under the avatar are? PS now has Ladder Seasons! For more information, check out the <a href="https://www.smogon.com/forums/threads/3740067/">thread on Smogon.</a></div>
|j|☆goodnightnite
|j|☆Ceo O Wo Chien
|t:|1779604017
|gametype|singles
|player|p1|goodnightnite|miku-water|1786
|player|p2|Ceo O Wo Chien|fisherman-gen4|1771
|gen|9
|tier|[Gen 9] OU
|rated|
|rule|HP Percentage Mod: HP is shown in percentages
|rule|Endless Battle Clause: Forcing endless battles is banned
|rule|Species Clause: Limit one of each Pokémon
|rule|OHKO Clause: OHKO moves are banned
|rule|Evasion Items Clause: Evasion items are banned
|rule|Evasion Moves Clause: Evasion moves are banned
|rule|Evasion Abilities Clause: Evasion abilities are banned
|rule|Sleep Moves Clause: Sleep-inducing moves are banned
|clearpoke
|poke|p1|Great Tusk|
|poke|p1|Kingambit, M|
|poke|p1|Raging Bolt|
|poke|p1|Walking Wake|
|poke|p1|Ninetales, M|
|poke|p1|Ceruledge, M|
|poke|p2|Wo-Chien|
|poke|p2|Cresselia, F|
|poke|p2|Kingambit, M|
|poke|p2|Raging Bolt|
|poke|p2|Iron Treads|
|poke|p2|Ogerpon-Wellspring, F|
|teampreview
|inactive|Battle timer is ON: inactive players will automatically lose when time's up. (requested by Ceo O Wo Chien)
|inactive|goodnightnite also wants the timer to be on.
|c|☆Ceo O Wo Chien|hf
|
|t:|1779604027
|teamsize|p1|6
|teamsize|p2|6
|start
|switch|p1a: Resevoir slogs|Walking Wake|100/100
|switch|p2a: Cresselia|Cresselia, F|100/100
|turn|1
|
|t:|1779604032
|-end|p1a: Resevoir slogs|Protosynthesis|[silent]
|switch|p1a: nah i'd spin|Great Tusk|100/100
|move|p2a: Cresselia|Thunder Wave|p1a: nah i'd spin
|-immune|p1a: nah i'd spin
|
|upkeep
|turn|2
|
|t:|1779604038
|-end|p1a: nah i'd spin|Protosynthesis|[silent]
|switch|p1a: Naruto|Ninetales, M|100/100
|-weather|SunnyDay|[from] ability: Drought|[of] p1a: Naruto
|move|p2a: Cresselia|Ice Beam|p1a: Naruto
|-resisted|p1a: Naruto
|-damage|p1a: Naruto|91/100
|
|-weather|SunnyDay|[upkeep]
|upkeep
|turn|3
|
|t:|1779604047
|move|p1a: Naruto|Encore|p2a: Cresselia
|-start|p2a: Cresselia|Encore
|move|p2a: Cresselia|Ice Beam|p1a: Naruto
|-resisted|p1a: Naruto
|-damage|p1a: Naruto|81/100
|
|-weather|SunnyDay|[upkeep]
|upkeep
|turn|4
|
|t:|1779604052
|switch|p1a: Angry Nut|Raging Bolt|100/100
|-activate|p1a: Angry Nut|ability: Protosynthesis
|-start|p1a: Angry Nut|protosynthesisspa
|switch|p2a: Raging Bolt|Raging Bolt|100/100
|-activate|p2a: Raging Bolt|ability: Protosynthesis
|-start|p2a: Raging Bolt|protosynthesisspa
|
|-weather|SunnyDay|[upkeep]
|upkeep
|turn|5
|j| allee23
|
|t:|1779604061
|move|p2a: Raging Bolt|Dragon Pulse|p1a: Angry Nut
|-supereffective|p1a: Angry Nut
|-damage|p1a: Angry Nut|0 fnt
|faint|p1a: Angry Nut
|-end|p1a: Angry Nut|Protosynthesis|[silent]
|
|-weather|SunnyDay|[upkeep]
|upkeep
|
|t:|1779604065
|switch|p1a: Resevoir slogs|Walking Wake|100/100
|-activate|p1a: Resevoir slogs|ability: Protosynthesis
|-start|p1a: Resevoir slogs|protosynthesisspe
|turn|6
|
|t:|1779604071
|-end|p2a: Raging Bolt|Protosynthesis|[silent]
|switch|p2a: Escargoat|Wo-Chien|100/100
|-ability|p2a: Escargoat|Tablets of Ruin
|move|p1a: Resevoir slogs|Hydro Steam|p2a: Escargoat
|-resisted|p2a: Escargoat
|-damage|p2a: Escargoat|78/100
|
|-weather|SunnyDay|[upkeep]
|-heal|p2a: Escargoat|84/100|[from] item: Leftovers
|upkeep
|turn|7
|
|t:|1779604076
|move|p2a: Escargoat|Protect|p2a: Escargoat
|-singleturn|p2a: Escargoat|Protect
|move|p1a: Resevoir slogs|Weather Ball|p2a: Escargoat
|-activate|p2a: Escargoat|move: Protect
|
|-weather|SunnyDay|[upkeep]
|-heal|p2a: Escargoat|90/100|[from] item: Leftovers
|upkeep
|turn|8
|
|t:|1779604081
|move|p1a: Resevoir slogs|Weather Ball|p2a: Escargoat
|-supereffective|p2a: Escargoat
|-damage|p2a: Escargoat|14/100
|move|p2a: Escargoat|Stun Spore|p1a: Resevoir slogs
|-status|p1a: Resevoir slogs|par
|
|-weather|SunnyDay|[upkeep]
|-heal|p2a: Escargoat|20/100|[from] item: Leftovers
|upkeep
|turn|9
|
|t:|1779604086
|move|p2a: Escargoat|Protect|p2a: Escargoat
|-singleturn|p2a: Escargoat|Protect
|cant|p1a: Resevoir slogs|par
|
|-weather|none
|-end|p1a: Resevoir slogs|Protosynthesis
|-heal|p2a: Escargoat|26/100|[from] item: Leftovers
|upkeep
|turn|10
|
|t:|1779604091
|switch|p2a: Cresselia|Cresselia, F|100/100
|move|p1a: Resevoir slogs|Hydro Steam|p2a: Cresselia
|-damage|p2a: Cresselia|74/100
|
|upkeep
|turn|11
|
|t:|1779604099
|-end|p1a: Resevoir slogs|Protosynthesis|[silent]
|switch|p1a: Naruto|Ninetales, M|81/100
|-weather|SunnyDay|[from] ability: Drought|[of] p1a: Naruto
|move|p2a: Cresselia|Ice Beam|p1a: Naruto
|-resisted|p1a: Naruto
|-damage|p1a: Naruto|71/100
|
|-weather|SunnyDay|[upkeep]
|upkeep
|turn|12
|
|t:|1779604102
|switch|p1a: Resevoir slogs|Walking Wake|100/100 par
|-activate|p1a: Resevoir slogs|ability: Protosynthesis
|-start|p1a: Resevoir slogs|protosynthesisspe
|move|p2a: Cresselia|Thunder Wave|p1a: Resevoir slogs
|-fail|p1a: Resevoir slogs|par
|
|-weather|SunnyDay|[upkeep]
|upkeep
|turn|13
|
|t:|1779604106
|cant|p1a: Resevoir slogs|par
|move|p2a: Cresselia|Moonlight|p2a: Cresselia
|-heal|p2a: Cresselia|100/100
|
|-weather|SunnyDay|[upkeep]
|upkeep
|turn|14
|
|t:|1779604111
|cant|p1a: Resevoir slogs|par
|move|p2a: Cresselia|Ice Beam|p1a: Resevoir slogs
|-damage|p1a: Resevoir slogs|87/100 par
|
|-weather|SunnyDay|[upkeep]
|upkeep
|turn|15
|
|t:|1779604115
|move|p1a: Resevoir slogs|Hydro Steam|p2a: Cresselia
|-damage|p2a: Cresselia|63/100
|move|p2a: Cresselia|Thunder Wave|p1a: Resevoir slogs
|-fail|p1a: Resevoir slogs|par
|
|-weather|SunnyDay|[upkeep]
|upkeep
|turn|16
|
|t:|1779604120
|cant|p1a: Resevoir slogs|par
|move|p2a: Cresselia|Moonlight|p2a: Cresselia
|-heal|p2a: Cresselia|100/100
|
|-weather|SunnyDay|[upkeep]
|upkeep
|turn|17
|c|☆Ceo O Wo Chien|sorry
|
|t:|1779604125
|move|p1a: Resevoir slogs|Hydro Steam|p2a: Cresselia
|-damage|p2a: Cresselia|60/100
|move|p2a: Cresselia|Ice Beam|p1a: Resevoir slogs
|-damage|p1a: Resevoir slogs|74/100 par
|
|-weather|SunnyDay|[upkeep]
|upkeep
|turn|18
|
|t:|1779604130
|-end|p1a: Resevoir slogs|Protosynthesis|[silent]
|switch|p1a: Red judas|Ceruledge, M|100/100
|-item|p1a: Red judas|Air Balloon
|move|p2a: Cresselia|Moonlight|p2a: Cresselia
|-heal|p2a: Cresselia|100/100
|
|-weather|none
|upkeep
|turn|19
|
|t:|1779604134
|move|p1a: Red judas|Swords Dance|p1a: Red judas
|-boost|p1a: Red judas|atk|2
|move|p2a: Cresselia|Thunder Wave|p1a: Red judas
|-status|p1a: Red judas|par
|
|upkeep
|turn|20
|
|t:|1779604140
|switch|p2a: Raging Bolt|Raging Bolt|100/100
|-enditem|p2a: Raging Bolt|Booster Energy
|-activate|p2a: Raging Bolt|ability: Protosynthesis|[fromitem]
|-start|p2a: Raging Bolt|protosynthesisspa
|cant|p1a: Red judas|par
|
|upkeep
|turn|21
|c|☆goodnightnite|i clicked blitter
|c|☆goodnightnite|lol
|c|☆Ceo O Wo Chien|wo-chien plot armour
|
|t:|1779604161
|move|p2a: Raging Bolt|Dragon Pulse|p1a: Red judas
|-damage|p1a: Red judas|30/100 par
|-enditem|p1a: Red judas|Air Balloon
|cant|p1a: Red judas|par
|
|upkeep
|turn|22
|-message|goodnightnite forfeited.
|
|win|Ceo O Wo Chien
|raw|goodnightnite's rating: 1786 &rarr; <strong>1765</strong><br />(-21 for losing)
|raw|Ceo O Wo Chien's rating: 1771 &rarr; <strong>1792</strong><br />(+21 for winning)
|l| allee23
|l|☆goodnightnite
|player|p1|
