|j|☆GDYIB
|j|☆ILikedogchomp
|t:|1779555798
|gametype|singles
|player|p1|GDYIB|rocketgrunt|1135
|player|p2|ILikedogchomp|266|1101
|gen|9
|tier|[Gen 9] OU
|rated|
|rule|HP Percentage Mod: HP is shown in percentages
|rule|Endless Battle Clause: Forcing endless battles is banned
|rule|Species Clause: Limit one of each Pokémon
|rule|OHKO Clause: OHKO moves are banned
|rule|Evasion Items Clause: Evasion items are banned
|rule|Evasion Moves Clause: Evasion moves are banned
|rule|Evasion Abilities Clause: Evasion abilities are banned
|rule|Sleep Moves Clause: Sleep-inducing moves are banned
|clearpoke
|poke|p1|Kingambit, F|
|poke|p1|Gengar, F|
|poke|p1|Great Tusk|
|poke|p1|Heatran, M|
|poke|p1|Tornadus-Therian, M|
|poke|p1|Walking Wake|
|poke|p2|Garchomp, F|
|poke|p2|Empoleon, M|
|poke|p2|Hippowdon, F|
|poke|p2|Infernape, F|
|poke|p2|Gardevoir, M|
|poke|p2|Forretress, M|
|teampreview
|inactive|Battle timer is ON: inactive players will automatically lose when time's up. (requested by ILikedogchomp)
|
|t:|1779555810
|teamsize|p1|6
|teamsize|p2|6
|start
|switch|p1a: Tornadus|Tornadus-Therian, M|100/100
|switch|p2a: Empoleon|Empoleon, M, shiny|100/100
|turn|1
|
|t:|1779555817
|move|p1a: Tornadus|Knock Off|p2a: Empoleon
|-damage|p2a: Empoleon|74/100
|-enditem|p2a: Empoleon|Shuca Berry|[from] move: Knock Off|[of] p1a: Tornadus
|move|p2a: Empoleon|Agility|p2a: Empoleon
|-boost|p2a: Empoleon|spe|2
|
|upkeep
|turn|2
|
|t:|1779555829
|move|p2a: Empoleon|Ice Beam|p1a: Tornadus
|-supereffective|p1a: Tornadus
|-damage|p1a: Tornadus|57/100
|move|p1a: Tornadus|U-turn|p2a: Empoleon
|-resisted|p2a: Empoleon
|-damage|p2a: Empoleon|65/100
|
|t:|1779555835
|switch|p1a: Walking Wake|Walking Wake|100/100|[from] U-turn
|-enditem|p1a: Walking Wake|Booster Energy
|-activate|p1a: Walking Wake|ability: Protosynthesis|[fromitem]
|-start|p1a: Walking Wake|protosynthesisspa
|
|upkeep
|turn|3
|
|t:|1779555847
|move|p2a: Empoleon|Ice Beam|p1a: Walking Wake
|-damage|p1a: Walking Wake|62/100
|move|p1a: Walking Wake|Draco Meteor|p2a: Empoleon|[miss]
|-miss|p1a: Walking Wake|p2a: Empoleon
|
|upkeep
|turn|4
|
|t:|1779555854
|move|p2a: Empoleon|Ice Beam|p1a: Walking Wake
|-damage|p1a: Walking Wake|23/100
|move|p1a: Walking Wake|Draco Meteor|p2a: Empoleon
|-resisted|p2a: Empoleon
|-damage|p2a: Empoleon|22/100
|-unboost|p1a: Walking Wake|spa|2
|
|upkeep
|turn|5
|
|t:|1779555864
|move|p2a: Empoleon|Ice Beam|p1a: Walking Wake
|-crit|p1a: Walking Wake
|-damage|p1a: Walking Wake|0 fnt
|faint|p1a: Walking Wake
|-end|p1a: Walking Wake|Protosynthesis|[silent]
|
|upkeep
|
|t:|1779555876
|switch|p1a: Heatran|Heatran, M|100/100
|turn|6
|
|t:|1779555882
|-terastallize|p1a: Heatran|Grass
|move|p2a: Empoleon|Hydro Pump|p1a: Heatran|[miss]
|-miss|p2a: Empoleon|p1a: Heatran
|move|p1a: Heatran|Earth Power|p2a: Empoleon
|-supereffective|p2a: Empoleon
|-damage|p2a: Empoleon|0 fnt
|faint|p2a: Empoleon
|
|upkeep
|
|t:|1779555903
|switch|p2a: Hippowdon|Hippowdon, F|100/100
|-weather|Sandstorm|[from] ability: Sand Stream|[of] p2a: Hippowdon
|turn|7
|
|t:|1779555908
|move|p1a: Heatran|Stealth Rock|p2a: Hippowdon
|-sidestart|p2: ILikedogchomp|move: Stealth Rock
|move|p2a: Hippowdon|Stealth Rock|p1a: Heatran
|-sidestart|p1: GDYIB|move: Stealth Rock
|
|-weather|Sandstorm|[upkeep]
|-damage|p1a: Heatran|94/100|[from] Sandstorm
|upkeep
|turn|8
|
|t:|1779555917
|move|p1a: Heatran|Magma Storm|p2a: Hippowdon
|-damage|p2a: Hippowdon|55/100
|-activate|p2a: Hippowdon|move: Magma Storm|[of] p1a: Heatran
|move|p2a: Hippowdon|Earthquake|p1a: Heatran
|-resisted|p1a: Heatran
|-damage|p1a: Heatran|78/100
|
|-weather|Sandstorm|[upkeep]
|-damage|p1a: Heatran|72/100|[from] Sandstorm
|-heal|p2a: Hippowdon|62/100|[from] item: Leftovers
|-damage|p2a: Hippowdon|49/100|[from] move: Magma Storm|[partiallytrapped]
|upkeep
|turn|9
|
|t:|1779555933
|move|p1a: Heatran|Overheat|p2a: Hippowdon
|-damage|p2a: Hippowdon|0 fnt
|-unboost|p1a: Heatran|spa|2
|faint|p2a: Hippowdon
|-enditem|p1a: Heatran|Eject Pack
|
|t:|1779555940
|switch|p1a: Great Tusk|Great Tusk|100/100
|-damage|p1a: Great Tusk|98/100|[from] Stealth Rock
|
|-weather|Sandstorm|[upkeep]
|-heal|p1a: Great Tusk|100/100|[from] item: Leftovers
|upkeep
|
|t:|1779555953
|switch|p2a: Gardevoir|Gardevoir, M|100/100
|-damage|p2a: Gardevoir|88/100|[from] Stealth Rock
|turn|10
|
|t:|1779555961
|-end|p1a: Great Tusk|Protosynthesis|[silent]
|switch|p1a: Tornadus|Tornadus-Therian, M|91/100
|-damage|p1a: Tornadus|66/100|[from] Stealth Rock
|move|p2a: Gardevoir|Moonblast|p1a: Tornadus
|-damage|p1a: Tornadus|36/100
|
|-weather|Sandstorm|[upkeep]
|-damage|p2a: Gardevoir|82/100|[from] Sandstorm
|-damage|p1a: Tornadus|30/100|[from] Sandstorm
|upkeep
|turn|11
|
|t:|1779555973
|move|p2a: Gardevoir|Moonblast|p1a: Tornadus
|-damage|p1a: Tornadus|0 fnt
|faint|p1a: Tornadus
|
|-weather|none
|upkeep
|
|t:|1779555979
|switch|p1a: Gengar|Gengar, F|100/100
|-damage|p1a: Gengar|88/100|[from] Stealth Rock
|turn|12
|
|t:|1779555984
|move|p2a: Gardevoir|Moonblast|p1a: Gengar
|-resisted|p1a: Gengar
|-damage|p1a: Gengar|51/100
|-start|p2a: Gardevoir|Disable|Moonblast|[from] ability: Cursed Body|[of] p1a: Gengar
|move|p1a: Gengar|Shadow Ball|p2a: Gardevoir
|-supereffective|p2a: Gardevoir
|-damage|p2a: Gardevoir|0 fnt
|faint|p2a: Gardevoir
|
|upkeep
|
|t:|1779555990
|switch|p2a: Forretress|Forretress, M|100/100
|turn|13
|
|t:|1779555996
|move|p1a: Gengar|Shadow Ball|p2a: Forretress
|-damage|p2a: Forretress|17/100
|move|p2a: Forretress|Thunder Wave|p1a: Gengar
|-status|p1a: Gengar|par
|
|upkeep
|turn|14
|
|t:|1779556004
|switch|p2a: Garchomp|Garchomp, F|100/100
|-damage|p2a: Garchomp|94/100|[from] Stealth Rock
|move|p1a: Gengar|Shadow Ball|p2a: Garchomp
|-damage|p2a: Garchomp|30/100
|
|upkeep
|turn|15
|
|t:|1779556011
|move|p2a: Garchomp|Earthquake|p1a: Gengar
|-supereffective|p1a: Gengar
|-damage|p1a: Gengar|0 fnt
|-start|p2a: Garchomp|Disable|Earthquake|[from] ability: Cursed Body|[of] p1a: Gengar
|faint|p1a: Gengar
|-damage|p2a: Garchomp|20/100|[from] item: Life Orb
|
|upkeep
|
|t:|1779556020
|switch|p1a: Great Tusk|Great Tusk|100/100
|-damage|p1a: Great Tusk|98/100|[from] Stealth Rock
|turn|16
|
|t:|1779556025
|move|p2a: Garchomp|Liquidation|p1a: Great Tusk
|-supereffective|p1a: Great Tusk
|-damage|p1a: Great Tusk|48/100
|-damage|p2a: Garchomp|10/100|[from] item: Life Orb
|move|p1a: Great Tusk|Ice Spinner|p2a: Garchomp
|-supereffective|p2a: Garchomp
|-damage|p2a: Garchomp|0 fnt
|-damage|p1a: Great Tusk|36/100|[from] ability: Rough Skin|[of] p2a: Garchomp
|faint|p2a: Garchomp
|
|-heal|p1a: Great Tusk|42/100|[from] item: Leftovers
|upkeep
|
|t:|1779556032
|switch|p2a: Forretress|Forretress, M|17/100
|turn|17
|
|t:|1779556040
|move|p1a: Great Tusk|Headlong Rush|p2a: Forretress
|-damage|p2a: Forretress|0 fnt
|-unboost|p1a: Great Tusk|def|1
|-unboost|p1a: Great Tusk|spd|1
|faint|p2a: Forretress
|
|-heal|p1a: Great Tusk|48/100|[from] item: Leftovers
|upkeep
|
|t:|1779556043
|switch|p2a: Infernape|Infernape, F|100/100
|-damage|p2a: Infernape|88/100|[from] Stealth Rock
|turn|18
|
|t:|1779556053
|move|p2a: Infernape|Fake Out|p1a: Great Tusk
|-damage|p1a: Great Tusk|39/100
|cant|p1a: Great Tusk|flinch
|
|-heal|p1a: Great Tusk|45/100|[from] item: Leftovers
|upkeep
|turn|19
|
|t:|1779556061
|move|p2a: Infernape|Overheat|p1a: Great Tusk
|-damage|p1a: Great Tusk|0 fnt
|-unboost|p2a: Infernape|spa|2
|faint|p1a: Great Tusk
|-end|p1a: Great Tusk|Protosynthesis|[silent]
|
|upkeep
|
|t:|1779556067
|switch|p1a: Heatran|Heatran, M, tera:Grass|72/100
|-damage|p1a: Heatran|60/100|[from] Stealth Rock
|turn|20
|
|t:|1779556072
|move|p2a: Infernape|Close Combat|p1a: Heatran
|-damage|p1a: Heatran|25/100
|-unboost|p2a: Infernape|def|1
|-unboost|p2a: Infernape|spd|1
|move|p1a: Heatran|Earth Power|p2a: Infernape
|-supereffective|p2a: Infernape
|-damage|p2a: Infernape|0 fnt
|faint|p2a: Infernape
|
|win|GDYIB
|raw|GDYIB's rating: 1135 &rarr; <strong>1158</strong><br />(+23 for winning)
|raw|ILikedogchomp's rating: 1101 &rarr; <strong>1078</strong><br />(-23 for losing)
|l|☆ILikedogchomp
|player|p2|
