|j|‽Doug Douglasson
|j|☆jojothesavage666
|t:|1779624829
|gametype|singles
|player|p1|Doug Douglasson|hiker-gen4|1287
|player|p2|jojothesavage666|265|1421
|gen|9
|tier|[Gen 9] OU
|rated|
|rule|HP Percentage Mod: HP is shown in percentages
|rule|Endless Battle Clause: Forcing endless battles is banned
|rule|Species Clause: Limit one of each Pokémon
|rule|OHKO Clause: OHKO moves are banned
|rule|Evasion Items Clause: Evasion items are banned
|rule|Evasion Moves Clause: Evasion moves are banned
|rule|Evasion Abilities Clause: Evasion abilities are banned
|rule|Sleep Moves Clause: Sleep-inducing moves are banned
|clearpoke
|poke|p1|Kyurem|
|poke|p1|Corviknight, F|
|poke|p1|Ting-Lu|
|poke|p1|Dondozo, M|
|poke|p1|Slowking-Galar, F|
|poke|p1|Cinderace, M|
|poke|p2|Zapdos|
|poke|p2|Iron Treads|
|poke|p2|Samurott-Hisui, F|
|poke|p2|Ceruledge, M|
|poke|p2|Gholdengo|
|poke|p2|Kingambit, M|
|teampreview
|inactive|Battle timer is ON: inactive players will automatically lose when time's up. (requested by Doug Douglasson)
|inactive|jojothesavage666 has 120 seconds left.
|
|t:|1779624860
|teamsize|p1|6
|teamsize|p2|6
|start
|switch|p1a: Kyurem|Kyurem|100/100
|switch|p2a: Samurott|Samurott-Hisui, F|100/100
|-ability|p1a: Kyurem|Pressure
|turn|1
|
|t:|1779624875
|move|p1a: Kyurem|Freeze-Dry|p2a: Samurott
|-supereffective|p2a: Samurott
|-damage|p2a: Samurott|52/100
|move|p2a: Samurott|Ceaseless Edge|p1a: Kyurem
|-damage|p1a: Kyurem|59/100
|-sidestart|p1: Doug Douglasson|Spikes
|
|-heal|p1a: Kyurem|65/100|[from] item: Leftovers
|upkeep
|turn|2
|
|t:|1779624900
|switch|p2a: Kingambit|Kingambit, M|100/100
|move|p1a: Kyurem|Protect||[still]
|-fail|p1a: Kyurem
|
|-heal|p1a: Kyurem|71/100|[from] item: Leftovers
|upkeep
|turn|3
|
|t:|1779624908
|switch|p1a: Dondozo|Dondozo, M|100/100
|-damage|p1a: Dondozo|88/100|[from] Spikes
|move|p2a: Kingambit|Iron Head|p1a: Dondozo
|-resisted|p1a: Dondozo
|-damage|p1a: Dondozo|79/100
|
|-heal|p1a: Dondozo|85/100|[from] item: Leftovers
|upkeep
|turn|4
|inactive|jojothesavage666 has 120 seconds left.
|
|t:|1779624934
|-end|p2a: Kingambit|fallenundefined|[silent]
|switch|p2a: Zapdos|Zapdos|100/100
|move|p1a: Dondozo|Curse|p1a: Dondozo
|-unboost|p1a: Dondozo|spe|1
|-boost|p1a: Dondozo|atk|1
|-boost|p1a: Dondozo|def|1
|
|-heal|p1a: Dondozo|91/100|[from] item: Leftovers
|upkeep
|turn|5
|inactive|jojothesavage666 has 120 seconds left.
|
|t:|1779624940
|switch|p1a: Ting-Lu|Ting-Lu|100/100
|-damage|p1a: Ting-Lu|88/100|[from] Spikes
|-ability|p1a: Ting-Lu|Vessel of Ruin
|move|p2a: Zapdos|Hurricane|p1a: Ting-Lu
|-damage|p1a: Ting-Lu|69/100
|
|-heal|p1a: Ting-Lu|76/100|[from] item: Leftovers
|upkeep
|turn|6
|inactive|jojothesavage666 has 120 seconds left.
|
|t:|1779624969
|switch|p2a: Samurott|Samurott-Hisui, F|52/100
|move|p1a: Ting-Lu|Payback|p2a: Samurott
|-resisted|p2a: Samurott
|-damage|p2a: Samurott|43/100
|
|-heal|p1a: Ting-Lu|82/100|[from] item: Leftovers
|upkeep
|turn|7
|
|t:|1779624981
|switch|p1a: Corviknight|Corviknight, F|100/100
|-ability|p1a: Corviknight|Pressure
|move|p2a: Samurott|Razor Shell|p1a: Corviknight
|-damage|p1a: Corviknight|70/100
|-unboost|p1a: Corviknight|def|1
|-damage|p2a: Samurott|26/100|[from] item: Rocky Helmet|[of] p1a: Corviknight
|
|upkeep
|turn|8
|
|t:|1779625008
|switch|p2a: Gholdengo|Gholdengo|100/100
|-item|p2a: Gholdengo|Air Balloon
|switch|p1a: Dondozo|Dondozo, M|91/100
|-damage|p1a: Dondozo|79/100|[from] Spikes
|
|-heal|p1a: Dondozo|85/100|[from] item: Leftovers
|upkeep
|turn|9
|
|t:|1779625020
|switch|p1a: Slowking|Slowking-Galar, F|100/100
|move|p2a: Gholdengo|Thunder Wave|p1a: Slowking
|-status|p1a: Slowking|par
|
|upkeep
|turn|10
|inactive|jojothesavage666 has 90 seconds left.
|
|t:|1779625042
|switch|p2a: Iron Treads|Iron Treads|100/100
|-prepare|p1a: Slowking|Chilly Reception|[premajor]
|move|p1a: Slowking|Chilly Reception|p1a: Slowking
|-weather|Snowscape
|
|t:|1779625062
|switch|p1a: Corviknight|Corviknight, F|70/100|[from] Chilly Reception
|-ability|p1a: Corviknight|Pressure
|
|-weather|Snowscape|[upkeep]
|upkeep
|turn|11
|
|t:|1779625066
|move|p2a: Iron Treads|Knock Off|p1a: Corviknight
|-damage|p1a: Corviknight|53/100
|-damage|p2a: Iron Treads|84/100|[from] item: Rocky Helmet|[of] p1a: Corviknight
|-enditem|p1a: Corviknight|Rocky Helmet|[from] move: Knock Off|[of] p2a: Iron Treads
|move|p1a: Corviknight|Defog|p2a: Iron Treads
|-unboost|p2a: Iron Treads|evasion|1
|-sideend|p1: Doug Douglasson|Spikes|[from] move: Defog|[of] p1a: Corviknight
|
|-weather|Snowscape|[upkeep]
|-heal|p2a: Iron Treads|90/100|[from] item: Leftovers
|upkeep
|turn|12
|
|t:|1779625078
|move|p2a: Iron Treads|Stealth Rock|p1a: Corviknight
|-sidestart|p1: Doug Douglasson|move: Stealth Rock
|move|p1a: Corviknight|Brave Bird|p2a: Iron Treads
|-resisted|p2a: Iron Treads
|-damage|p2a: Iron Treads|73/100
|-damage|p1a: Corviknight|48/100|[from] Recoil
|
|-weather|Snowscape|[upkeep]
|-heal|p2a: Iron Treads|79/100|[from] item: Leftovers
|upkeep
|turn|13
|inactive|jojothesavage666 has 90 seconds left.
|inactive|jojothesavage666 has 60 seconds left.
|
|t:|1779625134
|-end|p2a: Iron Treads|Quark Drive|[silent]
|switch|p2a: Kingambit|Kingambit, M|100/100
|move|p1a: Corviknight|U-turn|p2a: Kingambit
|-damage|p2a: Kingambit|87/100
|
|t:|1779625144
|switch|p1a: Dondozo|Dondozo, M|85/100|[from] U-turn
|-damage|p1a: Dondozo|73/100|[from] Stealth Rock
|
|-weather|Snowscape|[upkeep]
|-heal|p2a: Kingambit|93/100|[from] item: Leftovers
|-heal|p1a: Dondozo|79/100|[from] item: Leftovers
|upkeep
|turn|14
|
|t:|1779625159
|-end|p2a: Kingambit|fallenundefined|[silent]
|switch|p2a: Zapdos|Zapdos|100/100
|move|p1a: Dondozo|Waterfall|p2a: Zapdos
|-damage|p2a: Zapdos|81/100
|
|-weather|none
|-heal|p1a: Dondozo|85/100|[from] item: Leftovers
|upkeep
|turn|15
|
|t:|1779625171
|switch|p1a: Ting-Lu|Ting-Lu|82/100
|-damage|p1a: Ting-Lu|76/100|[from] Stealth Rock
|-ability|p1a: Ting-Lu|Vessel of Ruin
|move|p2a: Zapdos|Roost|p2a: Zapdos
|-heal|p2a: Zapdos|100/100
|-singleturn|p2a: Zapdos|move: Roost
|
|-heal|p1a: Ting-Lu|82/100|[from] item: Leftovers
|upkeep
|turn|16
|inactive|jojothesavage666 has 60 seconds left.
|
|t:|1779625200
|move|p2a: Zapdos|Hurricane|p1a: Ting-Lu
|-damage|p1a: Ting-Lu|62/100
|move|p1a: Ting-Lu|Payback|p2a: Zapdos
|-damage|p2a: Zapdos|74/100
|-status|p1a: Ting-Lu|par|[from] ability: Static|[of] p2a: Zapdos
|
|-heal|p1a: Ting-Lu|68/100 par|[from] item: Leftovers
|upkeep
|turn|17
|
|t:|1779625224
|move|p2a: Zapdos|Hurricane|p1a: Ting-Lu
|-damage|p1a: Ting-Lu|48/100 par
|-start|p1a: Ting-Lu|confusion
|-activate|p1a: Ting-Lu|confusion
|-damage|p1a: Ting-Lu|42/100 par|[from] confusion
|
|-heal|p1a: Ting-Lu|48/100 par|[from] item: Leftovers
|upkeep
|turn|18
|
|t:|1779625234
|move|p2a: Zapdos|Hurricane|p1a: Ting-Lu
|-damage|p1a: Ting-Lu|30/100 par
|-activate|p1a: Ting-Lu|confusion
|move|p1a: Ting-Lu|Rest|p1a: Ting-Lu
|-status|p1a: Ting-Lu|slp|[from] move: Rest
|-heal|p1a: Ting-Lu|100/100 slp|[silent]
|
|upkeep
|turn|19
|inactive|jojothesavage666 has 30 seconds left.
|inactive|jojothesavage666 has 20 seconds left.
|
|t:|1779625269
|move|p2a: Zapdos|Roost|p2a: Zapdos
|-heal|p2a: Zapdos|100/100
|-singleturn|p2a: Zapdos|move: Roost
|cant|p1a: Ting-Lu|slp
|-activate|p1a: Ting-Lu|confusion
|-damage|p1a: Ting-Lu|95/100 slp|[from] confusion
|
|-heal|p1a: Ting-Lu|100/100 slp|[from] item: Leftovers
|upkeep
|turn|20
|inactive|jojothesavage666 has 30 seconds left this turn.
|
|t:|1779625279
|switch|p2a: Samurott|Samurott-Hisui, F|26/100
|cant|p1a: Ting-Lu|slp
|-activate|p1a: Ting-Lu|confusion
|move|p1a: Ting-Lu|Sleep Talk|p1a: Ting-Lu
|move|p1a: Ting-Lu|Payback|p2a: Samurott|[from] move: Sleep Talk
|-resisted|p2a: Samurott
|-damage|p2a: Samurott|17/100
|
|upkeep
|turn|21
|inactive|jojothesavage666 has 30 seconds left.
|
|t:|1779625291
|switch|p1a: Dondozo|Dondozo, M|85/100
|-damage|p1a: Dondozo|73/100|[from] Stealth Rock
|move|p2a: Samurott|Razor Shell|p1a: Dondozo
|-resisted|p1a: Dondozo
|-damage|p1a: Dondozo|61/100
|-unboost|p1a: Dondozo|def|1
|
|-heal|p1a: Dondozo|67/100|[from] item: Leftovers
|upkeep
|turn|22
|
|t:|1779625298
|switch|p2a: Zapdos|Zapdos|100/100
|move|p1a: Dondozo|Body Press|p2a: Zapdos
|-resisted|p2a: Zapdos
|-damage|p2a: Zapdos|94/100
|
|-heal|p1a: Dondozo|73/100|[from] item: Leftovers
|upkeep
|turn|23
|inactive|Doug Douglasson has 120 seconds left.
|inactive|jojothesavage666 has 30 seconds left.
|
|t:|1779625334
|switch|p1a: Ting-Lu|Ting-Lu|100/100 slp
|-damage|p1a: Ting-Lu|94/100 slp|[from] Stealth Rock
|-ability|p1a: Ting-Lu|Vessel of Ruin
|move|p2a: Zapdos|Volt Switch|p1a: Ting-Lu
|-immune|p1a: Ting-Lu
|
|-heal|p1a: Ting-Lu|100/100 slp|[from] item: Leftovers
|upkeep
|turn|24
|inactive|Doug Douglasson has 120 seconds left.
|
|t:|1779625345
|move|p2a: Zapdos|Hurricane|p1a: Ting-Lu
|-damage|p1a: Ting-Lu|82/100 slp
|-curestatus|p1a: Ting-Lu|slp|[msg]
|move|p1a: Ting-Lu|Payback|p2a: Zapdos
|-damage|p2a: Zapdos|66/100
|
|-heal|p1a: Ting-Lu|88/100|[from] item: Leftovers
|upkeep
|turn|25
|inactive|Doug Douglasson has 120 seconds left.
|
|t:|1779625355
|move|p2a: Zapdos|Hurricane|p1a: Ting-Lu
|-damage|p1a: Ting-Lu|69/100
|move|p1a: Ting-Lu|Payback|p2a: Zapdos
|-damage|p2a: Zapdos|38/100
|-status|p1a: Ting-Lu|par|[from] ability: Static|[of] p2a: Zapdos
|
|-heal|p1a: Ting-Lu|75/100 par|[from] item: Leftovers
|upkeep
|turn|26
|inactive|Doug Douglasson has 120 seconds left.
|
|t:|1779625366
|move|p2a: Zapdos|Roost|p2a: Zapdos
|-heal|p2a: Zapdos|88/100
|-singleturn|p2a: Zapdos|move: Roost
|move|p1a: Ting-Lu|Earthquake|p2a: Zapdos
|-supereffective|p2a: Zapdos
|-damage|p2a: Zapdos|38/100
|
|-heal|p1a: Ting-Lu|81/100 par|[from] item: Leftovers
|upkeep
|turn|27
|inactive|Doug Douglasson has 120 seconds left.
|
|t:|1779625377
|move|p2a: Zapdos|Roost|p2a: Zapdos
|-heal|p2a: Zapdos|88/100
|-singleturn|p2a: Zapdos|move: Roost
|move|p1a: Ting-Lu|Payback|p2a: Zapdos
|-damage|p2a: Zapdos|60/100
|
|-heal|p1a: Ting-Lu|88/100 par|[from] item: Leftovers
|upkeep
|turn|28
|inactive|jojothesavage666 has 30 seconds left.
|
|t:|1779625407
|switch|p2a: Iron Treads|Iron Treads|79/100
|move|p1a: Ting-Lu|Earthquake|p2a: Iron Treads
|-supereffective|p2a: Iron Treads
|-damage|p2a: Iron Treads|15/100
|
|-heal|p2a: Iron Treads|21/100|[from] item: Leftovers
|-heal|p1a: Ting-Lu|94/100 par|[from] item: Leftovers
|upkeep
|turn|29
|inactive|Doug Douglasson has 120 seconds left.
|
|t:|1779625429
|switch|p1a: Corviknight|Corviknight, F|48/100
|-damage|p1a: Corviknight|36/100|[from] Stealth Rock
|-ability|p1a: Corviknight|Pressure
|move|p2a: Iron Treads|Knock Off|p1a: Corviknight
|-damage|p1a: Corviknight|22/100
|
|-heal|p2a: Iron Treads|28/100|[from] item: Leftovers
|upkeep
|turn|30
|inactive|Doug Douglasson has 120 seconds left.
|
|t:|1779625437
|-end|p2a: Iron Treads|Quark Drive|[silent]
|switch|p2a: Zapdos|Zapdos|60/100
|move|p1a: Corviknight|Roost|p1a: Corviknight
|-heal|p1a: Corviknight|72/100
|-singleturn|p1a: Corviknight|move: Roost
|
|upkeep
|turn|31
|inactive|Doug Douglasson has 120 seconds left.
|
|t:|1779625447
|switch|p1a: Ting-Lu|Ting-Lu|94/100 par
|-damage|p1a: Ting-Lu|88/100 par|[from] Stealth Rock
|-ability|p1a: Ting-Lu|Vessel of Ruin
|move|p2a: Zapdos|Roost|p2a: Zapdos
|-heal|p2a: Zapdos|100/100
|-singleturn|p2a: Zapdos|move: Roost
|
|-heal|p1a: Ting-Lu|94/100 par|[from] item: Leftovers
|upkeep
|turn|32
|inactive|jojothesavage666 has 60 seconds left.
|inactive|Doug Douglasson has 120 seconds left.
|
|t:|1779625468
|switch|p2a: Gholdengo|Gholdengo|100/100
|-item|p2a: Gholdengo|Air Balloon
|switch|p1a: Slowking|Slowking-Galar, F|100/100 par
|
|upkeep
|turn|33
|inactive|Doug Douglasson has 120 seconds left.
|
|t:|1779625485
|move|p2a: Gholdengo|Hex|p1a: Slowking
|-supereffective|p1a: Slowking
|-damage|p1a: Slowking|27/100 par
|move|p1a: Slowking|Future Sight|p2a: Gholdengo
|-start|p1a: Slowking|move: Future Sight
|
|upkeep
|turn|34
|inactive|Doug Douglasson has 120 seconds left.
|inactive|jojothesavage666 has 60 seconds left.
|
|t:|1779625495
|switch|p1a: Ting-Lu|Ting-Lu|94/100 par
|-damage|p1a: Ting-Lu|88/100 par|[from] Stealth Rock
|-ability|p1a: Ting-Lu|Vessel of Ruin
|move|p2a: Gholdengo|Hex|p1a: Ting-Lu
|-resisted|p1a: Ting-Lu
|-damage|p1a: Ting-Lu|76/100 par
|
|-heal|p1a: Ting-Lu|82/100 par|[from] item: Leftovers
|upkeep
|turn|35
|inactive|jojothesavage666 has 60 seconds left.
|inactive|Doug Douglasson has 120 seconds left.
|
|t:|1779625511
|move|p2a: Gholdengo|Focus Blast|p1a: Ting-Lu
|-supereffective|p1a: Ting-Lu
|-damage|p1a: Ting-Lu|53/100 par
|-unboost|p1a: Ting-Lu|spd|1
|move|p1a: Ting-Lu|Payback|p2a: Gholdengo
|-supereffective|p2a: Gholdengo
|-damage|p2a: Gholdengo|45/100
|-enditem|p2a: Gholdengo|Air Balloon
|
|-end|p2a: Gholdengo|move: Future Sight
|-resisted|p2a: Gholdengo
|-damage|p2a: Gholdengo|29/100
|-heal|p1a: Ting-Lu|60/100 par|[from] item: Leftovers
|upkeep
|turn|36
|inactive|Doug Douglasson has 120 seconds left.
|
|t:|1779625536
|switch|p1a: Slowking|Slowking-Galar, F|61/100 par
|move|p2a: Gholdengo|Focus Blast|p1a: Slowking
|-resisted|p1a: Slowking
|-crit|p1a: Slowking
|-damage|p1a: Slowking|53/100 par
|
|upkeep
|turn|37
|
|t:|1779625546
|switch|p1a: Ting-Lu|Ting-Lu|60/100 par
|-damage|p1a: Ting-Lu|53/100 par|[from] Stealth Rock
|-ability|p1a: Ting-Lu|Vessel of Ruin
|move|p2a: Gholdengo|Hex|p1a: Ting-Lu
|-resisted|p1a: Ting-Lu
|-damage|p1a: Ting-Lu|41/100 par
|
|-heal|p1a: Ting-Lu|47/100 par|[from] item: Leftovers
|upkeep
|turn|38
|
|t:|1779625554
|move|p2a: Gholdengo|Focus Blast|p1a: Ting-Lu|[miss]
|-miss|p2a: Gholdengo|p1a: Ting-Lu
|move|p1a: Ting-Lu|Earthquake|p2a: Gholdengo
|-supereffective|p2a: Gholdengo
|-damage|p2a: Gholdengo|0 fnt
|faint|p2a: Gholdengo
|
|-heal|p1a: Ting-Lu|53/100 par|[from] item: Leftovers
|upkeep
|inactive|jojothesavage666 has 60 seconds left.
|inactive|jojothesavage666 has 30 seconds left.
|
|t:|1779625599
|switch|p2a: Samurott|Samurott-Hisui, F|17/100
|turn|39
|inactive|Doug Douglasson has 120 seconds left.
|
|t:|1779625605
|switch|p1a: Dondozo|Dondozo, M|73/100
|-damage|p1a: Dondozo|61/100|[from] Stealth Rock
|move|p2a: Samurott|Ceaseless Edge|p1a: Dondozo
|-damage|p1a: Dondozo|43/100
|-sidestart|p1: Doug Douglasson|Spikes
|
|-heal|p1a: Dondozo|50/100|[from] item: Leftovers
|upkeep
|turn|40
|inactive|Doug Douglasson has 120 seconds left.
|
|t:|1779625618
|switch|p2a: Zapdos|Zapdos|100/100
|move|p1a: Dondozo|Body Press|p2a: Zapdos
|-resisted|p2a: Zapdos
|-damage|p2a: Zapdos|91/100
|
|-heal|p1a: Dondozo|56/100|[from] item: Leftovers
|upkeep
|turn|41
|
|t:|1779625628
|switch|p1a: Ting-Lu|Ting-Lu|53/100 par
|-damage|p1a: Ting-Lu|47/100 par|[from] Stealth Rock
|-damage|p1a: Ting-Lu|35/100 par|[from] Spikes
|-ability|p1a: Ting-Lu|Vessel of Ruin
|move|p2a: Zapdos|Hurricane|p1a: Ting-Lu
|-damage|p1a: Ting-Lu|15/100 par
|-start|p1a: Ting-Lu|confusion
|
|-heal|p1a: Ting-Lu|22/100 par|[from] item: Leftovers
|upkeep
|turn|42
|
|t:|1779625643
|switch|p2a: Ceruledge|Ceruledge, M|100/100
|-activate|p1a: Ting-Lu|confusion
|move|p1a: Ting-Lu|Rest|p1a: Ting-Lu
|-status|p1a: Ting-Lu|slp|[from] move: Rest
|-heal|p1a: Ting-Lu|100/100 slp|[silent]
|
|upkeep
|turn|43
|
|t:|1779625662
|switch|p1a: Dondozo|Dondozo, M|56/100
|-damage|p1a: Dondozo|43/100|[from] Stealth Rock
|-damage|p1a: Dondozo|31/100|[from] Spikes
|-terastallize|p2a: Ceruledge|Fairy
|move|p2a: Ceruledge|Swords Dance|p2a: Ceruledge
|-boost|p2a: Ceruledge|atk|2
|
|-heal|p1a: Dondozo|37/100|[from] item: Leftovers
|upkeep
|turn|44
|
|t:|1779625674
|move|p2a: Ceruledge|Poltergeist|p1a: Dondozo|[miss]
|-miss|p2a: Ceruledge|p1a: Dondozo
|move|p1a: Dondozo|Curse|p1a: Dondozo
|-unboost|p1a: Dondozo|spe|1
|-boost|p1a: Dondozo|atk|1
|-boost|p1a: Dondozo|def|1
|
|-heal|p1a: Dondozo|43/100|[from] item: Leftovers
|upkeep
|turn|45
|inactive|jojothesavage666 has 60 seconds left.
|
|t:|1779625690
|switch|p2a: Zapdos|Zapdos|91/100
|move|p1a: Dondozo|Rest|p1a: Dondozo
|-status|p1a: Dondozo|slp|[from] move: Rest
|-heal|p1a: Dondozo|100/100 slp|[silent]
|
|upkeep
|turn|46
|
|t:|1779625697
|switch|p1a: Ting-Lu|Ting-Lu|100/100 slp
|-damage|p1a: Ting-Lu|94/100 slp|[from] Stealth Rock
|-damage|p1a: Ting-Lu|82/100 slp|[from] Spikes
|-ability|p1a: Ting-Lu|Vessel of Ruin
|move|p2a: Zapdos|Hurricane|p1a: Ting-Lu
|-damage|p1a: Ting-Lu|64/100 slp
|
|-heal|p1a: Ting-Lu|70/100 slp|[from] item: Leftovers
|upkeep
|turn|47
|inactive|jojothesavage666 has 60 seconds left.
|
|t:|1779625711
|switch|p2a: Iron Treads|Iron Treads|28/100
|cant|p1a: Ting-Lu|slp
|move|p1a: Ting-Lu|Sleep Talk|p1a: Ting-Lu
|move|p1a: Ting-Lu|Earthquake|p2a: Iron Treads|[from] move: Sleep Talk
|-supereffective|p2a: Iron Treads
|-damage|p2a: Iron Treads|0 fnt
|faint|p2a: Iron Treads
|-end|p2a: Iron Treads|Quark Drive|[silent]
|
|-heal|p1a: Ting-Lu|76/100 slp|[from] item: Leftovers
|upkeep
|
|t:|1779625719
|switch|p2a: Samurott|Samurott-Hisui, F|17/100
|turn|48
|
|t:|1779625727
|switch|p1a: Dondozo|Dondozo, M|100/100 slp
|-damage|p1a: Dondozo|88/100 slp|[from] Stealth Rock
|-damage|p1a: Dondozo|76/100 slp|[from] Spikes
|move|p2a: Samurott|Knock Off|p1a: Dondozo
|-damage|p1a: Dondozo|58/100 slp
|-enditem|p1a: Dondozo|Leftovers|[from] move: Knock Off|[of] p2a: Samurott
|
|upkeep
|turn|49
|
|t:|1779625738
|move|p2a: Samurott|Ceaseless Edge|p1a: Dondozo
|-damage|p1a: Dondozo|38/100 slp
|-sidestart|p1: Doug Douglasson|Spikes
|cant|p1a: Dondozo|slp
|
|upkeep
|turn|50
|
|t:|1779625744
|move|p2a: Samurott|Ceaseless Edge|p1a: Dondozo
|-damage|p1a: Dondozo|20/100 slp
|-sidestart|p1: Doug Douglasson|Spikes
|cant|p1a: Dondozo|slp
|
|upkeep
|turn|51
|
|t:|1779625752
|switch|p2a: Zapdos|Zapdos|91/100
|-curestatus|p1a: Dondozo|slp|[msg]
|move|p1a: Dondozo|Rest|p1a: Dondozo
|-status|p1a: Dondozo|slp|[from] move: Rest
|-heal|p1a: Dondozo|100/100 slp|[silent]
|
|upkeep
|turn|52
|inactive|jojothesavage666 has 90 seconds left.
|
|t:|1779625781
|-terastallize|p1a: Dondozo|Dark
|move|p2a: Zapdos|Volt Switch|p1a: Dondozo
|-damage|p1a: Dondozo|73/100 slp
|
|t:|1779625798
|switch|p2a: Samurott|Samurott-Hisui, F|17/100|[from] Volt Switch
|cant|p1a: Dondozo|slp
|
|upkeep
|turn|53
|inactive|jojothesavage666 has 60 seconds left.
|
|t:|1779625826
|switch|p2a: Zapdos|Zapdos|91/100
|cant|p1a: Dondozo|slp
|
|upkeep
|turn|54
|
|t:|1779625838
|move|p2a: Zapdos|Hurricane|p1a: Dondozo|[miss]
|-miss|p2a: Zapdos|p1a: Dondozo
|-curestatus|p1a: Dondozo|slp|[msg]
|move|p1a: Dondozo|Waterfall|p2a: Zapdos
|-damage|p2a: Zapdos|70/100
|
|upkeep
|turn|55
|
|t:|1779625851
|move|p2a: Zapdos|Roost|p2a: Zapdos
|-heal|p2a: Zapdos|100/100
|-singleturn|p2a: Zapdos|move: Roost
|move|p1a: Dondozo|Waterfall|p2a: Zapdos
|-damage|p2a: Zapdos|80/100
|-status|p1a: Dondozo|par|[from] ability: Static|[of] p2a: Zapdos
|
|upkeep
|turn|56
|
|t:|1779625858
|move|p2a: Zapdos|Hurricane|p1a: Dondozo|[miss]
|-miss|p2a: Zapdos|p1a: Dondozo
|move|p1a: Dondozo|Waterfall|p2a: Zapdos
|-damage|p2a: Zapdos|62/100
|
|upkeep
|turn|57
|
|t:|1779625865
|move|p2a: Zapdos|Hurricane|p1a: Dondozo|[miss]
|-miss|p2a: Zapdos|p1a: Dondozo
|move|p1a: Dondozo|Body Press|p2a: Zapdos
|-resisted|p2a: Zapdos
|-damage|p2a: Zapdos|51/100
|
|upkeep
|turn|58
|inactive|jojothesavage666 has 90 seconds left.
|
|t:|1779625877
|move|p2a: Zapdos|Roost|p2a: Zapdos
|-heal|p2a: Zapdos|100/100
|-singleturn|p2a: Zapdos|move: Roost
|move|p1a: Dondozo|Body Press|p2a: Zapdos
|-damage|p2a: Zapdos|80/100
|
|upkeep
|turn|59
|
|t:|1779625889
|move|p2a: Zapdos|Hurricane|p1a: Dondozo
|-crit|p1a: Dondozo
|-damage|p1a: Dondozo|6/100 par
|-start|p1a: Dondozo|confusion
|-activate|p1a: Dondozo|confusion
|-damage|p1a: Dondozo|2/100 par|[from] confusion
|
|upkeep
|turn|60
|
|t:|1779625901
|move|p2a: Zapdos|Volt Switch|p1a: Dondozo
|-damage|p1a: Dondozo|0 fnt
|faint|p1a: Dondozo
|
|t:|1779625909
|switch|p2a: Ceruledge|Ceruledge, M, tera:Fairy|100/100|[from] Volt Switch
|
|upkeep
|
|t:|1779625915
|switch|p1a: Cinderace|Cinderace, M|100/100
|turn|61
|
|t:|1779625925
|move|p1a: Cinderace|Court Change|p1a: Cinderace
|-swapsideconditions
|-activate|p1a: Cinderace|move: Court Change
|move|p2a: Ceruledge|Swords Dance|p2a: Ceruledge
|-boost|p2a: Ceruledge|atk|2
|
|upkeep
|turn|62
|
|t:|1779625942
|move|p1a: Cinderace|Will-O-Wisp|p2a: Ceruledge
|-status|p2a: Ceruledge|brn
|move|p2a: Ceruledge|Poltergeist|p1a: Cinderace
|-activate|p1a: Cinderace|move: Poltergeist|Heavy-Duty Boots
|-damage|p1a: Cinderace|21/100
|
|-damage|p2a: Ceruledge|94/100 brn|[from] brn
|upkeep
|turn|63
|
|t:|1779625954
|switch|p1a: Corviknight|Corviknight, F|72/100
|-ability|p1a: Corviknight|Pressure
|move|p2a: Ceruledge|Shadow Sneak|p1a: Corviknight
|-damage|p1a: Corviknight|59/100
|
|-damage|p2a: Ceruledge|88/100 brn|[from] brn
|upkeep
|turn|64
|
|t:|1779625972
|switch|p1a: Ting-Lu|Ting-Lu|76/100 slp
|-ability|p1a: Ting-Lu|Vessel of Ruin
|move|p2a: Ceruledge|Swords Dance|p2a: Ceruledge
|-boost|p2a: Ceruledge|atk|2
|
|-heal|p1a: Ting-Lu|82/100 slp|[from] item: Leftovers
|-damage|p2a: Ceruledge|82/100 brn|[from] brn
|upkeep
|turn|65
|
|t:|1779625989
|move|p2a: Ceruledge|Swords Dance|p2a: Ceruledge
|-boost|p2a: Ceruledge|atk|2
|cant|p1a: Ting-Lu|slp
|move|p1a: Ting-Lu|Sleep Talk|p1a: Ting-Lu
|move|p1a: Ting-Lu|Earthquake|p2a: Ceruledge|[from] move: Sleep Talk
|-crit|p2a: Ceruledge
|-damage|p2a: Ceruledge|22/100 brn
|-ability|p2a: Ceruledge|Weak Armor|boost
|-unboost|p2a: Ceruledge|def|1
|-boost|p2a: Ceruledge|spe|2
|
|-heal|p1a: Ting-Lu|88/100 slp|[from] item: Leftovers
|-damage|p2a: Ceruledge|16/100 brn|[from] brn
|upkeep
|turn|66
|
|t:|1779626005
|move|p2a: Ceruledge|Bitter Blade|p1a: Ting-Lu
|-crit|p1a: Ting-Lu
|-damage|p1a: Ting-Lu|13/100 slp
|-heal|p2a: Ceruledge|71/100 brn|[from] drain|[of] p1a: Ting-Lu
|-curestatus|p1a: Ting-Lu|slp|[msg]
|move|p1a: Ting-Lu|Earthquake|p2a: Ceruledge
|-damage|p2a: Ceruledge|2/100 brn
|-ability|p2a: Ceruledge|Weak Armor|boost
|-unboost|p2a: Ceruledge|def|1
|-boost|p2a: Ceruledge|spe|2
|
|-heal|p1a: Ting-Lu|20/100|[from] item: Leftovers
|-damage|p2a: Ceruledge|0 fnt|[from] brn
|faint|p2a: Ceruledge
|upkeep
|inactive|jojothesavage666 has 90 seconds left.
|
|t:|1779626033
|switch|p2a: Kingambit|Kingambit, M|93/100
|-damage|p2a: Kingambit|87/100|[from] Stealth Rock
|-damage|p2a: Kingambit|62/100|[from] Spikes
|-activate|p2a: Kingambit|ability: Supreme Overlord
|-start|p2a: Kingambit|fallen3|[silent]
|turn|67
|
|t:|1779626041
|switch|p1a: Corviknight|Corviknight, F|59/100
|-ability|p1a: Corviknight|Pressure
|move|p2a: Kingambit|Swords Dance|p2a: Kingambit
|-boost|p2a: Kingambit|atk|2
|
|-heal|p2a: Kingambit|69/100|[from] item: Leftovers
|upkeep
|turn|68
|inactive|jojothesavage666 has 90 seconds left.
|
|t:|1779626059
|move|p2a: Kingambit|Swords Dance|p2a: Kingambit
|-boost|p2a: Kingambit|atk|2
|move|p1a: Corviknight|Roost|p1a: Corviknight
|-heal|p1a: Corviknight|100/100
|-singleturn|p1a: Corviknight|move: Roost
|
|-heal|p2a: Kingambit|75/100|[from] item: Leftovers
|upkeep
|turn|69
|inactive|jojothesavage666 has 90 seconds left.
|
|t:|1779626071
|move|p2a: Kingambit|Iron Head|p1a: Corviknight
|-resisted|p1a: Corviknight
|-damage|p1a: Corviknight|54/100
|cant|p1a: Corviknight|flinch
|
|-heal|p2a: Kingambit|81/100|[from] item: Leftovers
|upkeep
|turn|70
|inactive|jojothesavage666 has 90 seconds left.
|
|t:|1779626099
|move|p2a: Kingambit|Low Kick|p1a: Corviknight
|-damage|p1a: Corviknight|0 fnt
|faint|p1a: Corviknight
|
|-heal|p2a: Kingambit|87/100|[from] item: Leftovers
|upkeep
|
|t:|1779626107
|switch|p1a: Cinderace|Cinderace, M|21/100
|turn|71
|
|t:|1779626112
|move|p2a: Kingambit|Sucker Punch|p1a: Cinderace
|-damage|p1a: Cinderace|0 fnt
|faint|p1a: Cinderace
|
|-heal|p2a: Kingambit|93/100|[from] item: Leftovers
|upkeep
|
|t:|1779626120
|switch|p1a: Kyurem|Kyurem|71/100
|-ability|p1a: Kyurem|Pressure
|turn|72
|
|t:|1779626123
|move|p1a: Kyurem|Substitute|p1a: Kyurem
|-start|p1a: Kyurem|Substitute
|-damage|p1a: Kyurem|46/100
|move|p2a: Kingambit|Iron Head|p1a: Kyurem
|-supereffective|p1a: Kyurem
|-end|p1a: Kyurem|Substitute
|
|-heal|p1a: Kyurem|52/100|[from] item: Leftovers
|-heal|p2a: Kingambit|99/100|[from] item: Leftovers
|upkeep
|turn|73
|
|t:|1779626135
|move|p1a: Kyurem|Protect|p1a: Kyurem
|-singleturn|p1a: Kyurem|Protect
|move|p2a: Kingambit|Iron Head|p1a: Kyurem
|-activate|p1a: Kyurem|move: Protect
|
|-heal|p1a: Kyurem|59/100|[from] item: Leftovers
|-heal|p2a: Kingambit|100/100|[from] item: Leftovers
|upkeep
|turn|74
|
|t:|1779626144
|move|p1a: Kyurem|Substitute|p1a: Kyurem
|-start|p1a: Kyurem|Substitute
|-damage|p1a: Kyurem|34/100
|move|p2a: Kingambit|Iron Head|p1a: Kyurem
|-supereffective|p1a: Kyurem
|-end|p1a: Kyurem|Substitute
|
|-heal|p1a: Kyurem|40/100|[from] item: Leftovers
|upkeep
|turn|75
|
|t:|1779626154
|move|p1a: Kyurem|Earth Power|p2a: Kingambit
|-supereffective|p2a: Kingambit
|-damage|p2a: Kingambit|34/100
|move|p2a: Kingambit|Low Kick|p1a: Kyurem
|-supereffective|p1a: Kyurem
|-damage|p1a: Kyurem|0 fnt
|faint|p1a: Kyurem
|
|-heal|p2a: Kingambit|40/100|[from] item: Leftovers
|upkeep
|
|t:|1779626161
|switch|p1a: Slowking|Slowking-Galar, F|86/100 par
|turn|76
|-message|Doug Douglasson forfeited.
|
|win|jojothesavage666
|raw|Doug Douglasson's rating: 1287 &rarr; <strong>1271</strong><br />(-16 for losing)
|raw|jojothesavage666's rating: 1421 &rarr; <strong>1434</strong><br />(+13 for winning)
|l|‽Doug Douglasson
|player|p1|
