|j|☆bundyx
|j|☆Zzzerrty
|t:|1779714689
|gametype|singles
|player|p1|bundyx|worker|1092
|player|p2|Zzzerrty|steven|1105
|gen|9
|tier|[Gen 9] OU
|rated|
|rule|HP Percentage Mod: HP is shown in percentages
|rule|Endless Battle Clause: Forcing endless battles is banned
|rule|Species Clause: Limit one of each Pokémon
|rule|OHKO Clause: OHKO moves are banned
|rule|Evasion Items Clause: Evasion items are banned
|rule|Evasion Moves Clause: Evasion moves are banned
|rule|Evasion Abilities Clause: Evasion abilities are banned
|rule|Sleep Moves Clause: Sleep-inducing moves are banned
|clearpoke
|poke|p1|Pelipper, F|
|poke|p1|Gliscor, F|
|poke|p1|Slowbro-Galar, M|
|poke|p1|Kingambit, F|
|poke|p1|Greninja-*, M|
|poke|p1|Regieleki|
|poke|p2|Pelipper, F|
|poke|p2|Thundurus-Therian, M|
|poke|p2|Gliscor, F|
|poke|p2|Walking Wake|
|poke|p2|Barraskewda, M|
|poke|p2|Corviknight, M|
|teampreview
|
|t:|1779714699
|teamsize|p1|6
|teamsize|p2|6
|start
|switch|p1a: Gliscor|Gliscor, F|100/100
|switch|p2a: Pelipper|Pelipper, F|100/100
|-weather|RainDance|[from] ability: Drizzle|[of] p2a: Pelipper
|turn|1
|
|t:|1779714707
|move|p1a: Gliscor|Protect|p1a: Gliscor
|-singleturn|p1a: Gliscor|Protect
|move|p2a: Pelipper|Weather Ball|p1a: Gliscor
|-activate|p1a: Gliscor|move: Protect
|
|-weather|RainDance|[upkeep]
|-status|p1a: Gliscor|tox|[from] item: Toxic Orb
|upkeep
|turn|2
|
|t:|1779714727
|switch|p1a: Pelipper|Pelipper, F, shiny|100/100
|move|p2a: Pelipper|Weather Ball|p1a: Pelipper
|-resisted|p1a: Pelipper
|-damage|p1a: Pelipper|53/100
|
|-weather|RainDance|[upkeep]
|upkeep
|turn|3
|
|t:|1779714737
|move|p2a: Pelipper|U-turn|p1a: Pelipper
|-resisted|p1a: Pelipper
|-damage|p1a: Pelipper|48/100
|
|t:|1779714743
|switch|p2a: Corviknight|Corviknight, M|100/100|[from] U-turn
|-ability|p2a: Corviknight|Pressure
|move|p1a: Pelipper|U-turn|p2a: Corviknight
|-resisted|p2a: Corviknight
|-damage|p2a: Corviknight|99/100
|
|t:|1779714758
|switch|p1a: Regieleki|Regieleki|100/100|[from] U-turn
|
|-weather|RainDance|[upkeep]
|-heal|p2a: Corviknight|100/100|[from] item: Leftovers
|upkeep
|turn|4
|
|t:|1779714769
|switch|p2a: Gliscor|Gliscor, F|100/100
|move|p1a: Regieleki|Thunder|p2a: Gliscor
|-immune|p2a: Gliscor
|
|-weather|RainDance|[upkeep]
|-status|p2a: Gliscor|tox|[from] item: Toxic Orb
|upkeep
|turn|5
|
|t:|1779714786
|switch|p1a: Slowbro|Slowbro-Galar, M|100/100
|move|p2a: Gliscor|Crabhammer|p1a: Slowbro
|-damage|p1a: Slowbro|70/100
|
|-weather|none
|-heal|p1a: Slowbro|76/100|[from] item: Leftovers
|upkeep
|turn|6
|
|t:|1779714795
|move|p2a: Gliscor|Swords Dance|p2a: Gliscor
|-boost|p2a: Gliscor|atk|2
|move|p1a: Slowbro|Trick Room|p1a: Slowbro
|-fieldstart|move: Trick Room|[of] p1a: Slowbro
|
|-heal|p1a: Slowbro|82/100|[from] item: Leftovers
|upkeep
|turn|7
|
|t:|1779714808
|move|p1a: Slowbro|Calm Mind|p1a: Slowbro
|-boost|p1a: Slowbro|spa|1
|-boost|p1a: Slowbro|spd|1
|move|p2a: Gliscor|Earthquake|p1a: Slowbro
|-supereffective|p1a: Slowbro
|-damage|p1a: Slowbro|0 fnt
|faint|p1a: Slowbro
|
|upkeep
|
|t:|1779714826
|switch|p1a: Pelipper|Pelipper, F, shiny|48/100
|-weather|RainDance|[from] ability: Drizzle|[of] p1a: Pelipper
|turn|8
|
|t:|1779714834
|move|p2a: Gliscor|Protect|p2a: Gliscor
|-singleturn|p2a: Gliscor|Protect
|move|p1a: Pelipper|Surf|p2a: Gliscor
|-activate|p2a: Gliscor|move: Protect
|
|-weather|RainDance|[upkeep]
|upkeep
|turn|9
|
|t:|1779714846
|switch|p2a: Corviknight|Corviknight, M|100/100
|-ability|p2a: Corviknight|Pressure
|move|p1a: Pelipper|Surf|p2a: Corviknight
|-damage|p2a: Corviknight|57/100
|
|-weather|RainDance|[upkeep]
|-heal|p2a: Corviknight|63/100|[from] item: Leftovers
|upkeep
|turn|10
|
|t:|1779714859
|move|p1a: Pelipper|Roost|p1a: Pelipper
|-heal|p1a: Pelipper|99/100
|-singleturn|p1a: Pelipper|move: Roost
|move|p2a: Corviknight|Roost|p2a: Corviknight
|-heal|p2a: Corviknight|100/100
|-singleturn|p2a: Corviknight|move: Roost
|
|-weather|RainDance|[upkeep]
|-fieldend|move: Trick Room
|upkeep
|turn|11
|
|t:|1779714871
|move|p2a: Corviknight|Iron Head|p1a: Pelipper
|-resisted|p1a: Pelipper
|-damage|p1a: Pelipper|88/100
|cant|p1a: Pelipper|flinch
|
|-weather|RainDance|[upkeep]
|upkeep
|turn|12
|
|t:|1779714879
|move|p2a: Corviknight|Brave Bird|p1a: Pelipper
|-damage|p1a: Pelipper|56/100
|-damage|p2a: Corviknight|92/100|[from] Recoil
|move|p1a: Pelipper|Surf|p2a: Corviknight
|-damage|p2a: Corviknight|52/100
|
|-weather|RainDance|[upkeep]
|-heal|p2a: Corviknight|58/100|[from] item: Leftovers
|upkeep
|turn|13
|
|t:|1779714888
|move|p2a: Corviknight|Roost|p2a: Corviknight
|-heal|p2a: Corviknight|100/100
|-singleturn|p2a: Corviknight|move: Roost
|move|p1a: Pelipper|Surf|p2a: Corviknight
|-damage|p2a: Corviknight|55/100
|
|-weather|RainDance|[upkeep]
|-heal|p2a: Corviknight|61/100|[from] item: Leftovers
|upkeep
|turn|14
|
|t:|1779714901
|move|p2a: Corviknight|Iron Head|p1a: Pelipper
|-resisted|p1a: Pelipper
|-damage|p1a: Pelipper|45/100
|move|p1a: Pelipper|Surf|p2a: Corviknight
|-damage|p2a: Corviknight|14/100
|
|-weather|RainDance|[upkeep]
|-heal|p2a: Corviknight|20/100|[from] item: Leftovers
|upkeep
|turn|15
|
|t:|1779714909
|switch|p1a: Gliscor|Gliscor, F|100/100 tox
|move|p2a: Corviknight|Roost|p2a: Corviknight
|-heal|p2a: Corviknight|70/100
|-singleturn|p2a: Corviknight|move: Roost
|
|-weather|none
|-heal|p2a: Corviknight|76/100|[from] item: Leftovers
|upkeep
|turn|16
|
|t:|1779714924
|move|p1a: Gliscor|Knock Off|p2a: Corviknight
|-damage|p2a: Corviknight|63/100
|-enditem|p2a: Corviknight|Leftovers|[from] move: Knock Off|[of] p1a: Gliscor
|move|p2a: Corviknight|Iron Head|p1a: Gliscor
|-damage|p1a: Gliscor|86/100 tox
|
|-heal|p1a: Gliscor|98/100 tox|[from] ability: Poison Heal
|upkeep
|turn|17
|
|t:|1779714939
|switch|p2a: Pelipper|Pelipper, F|100/100
|-weather|RainDance|[from] ability: Drizzle|[of] p2a: Pelipper
|move|p1a: Gliscor|Stealth Rock|p2a: Pelipper
|-sidestart|p2: Zzzerrty|move: Stealth Rock
|
|-weather|RainDance|[upkeep]
|-heal|p1a: Gliscor|100/100 tox|[from] ability: Poison Heal
|upkeep
|turn|18
|
|t:|1779714954
|move|p1a: Gliscor|Knock Off|p2a: Pelipper
|-damage|p2a: Pelipper|79/100
|-enditem|p2a: Pelipper|Mystic Water|[from] move: Knock Off|[of] p1a: Gliscor
|move|p2a: Pelipper|Hurricane|p1a: Gliscor
|-damage|p1a: Gliscor|41/100 tox
|-start|p1a: Gliscor|confusion
|
|-weather|RainDance|[upkeep]
|-heal|p1a: Gliscor|54/100 tox|[from] ability: Poison Heal
|upkeep
|turn|19
|
|t:|1779714971
|-activate|p1a: Gliscor|confusion
|move|p1a: Gliscor|Protect|p1a: Gliscor
|-singleturn|p1a: Gliscor|Protect
|move|p2a: Pelipper|Hurricane|p1a: Gliscor
|-activate|p1a: Gliscor|move: Protect
|
|-weather|RainDance|[upkeep]
|-heal|p1a: Gliscor|66/100 tox|[from] ability: Poison Heal
|upkeep
|turn|20
|
|t:|1779714980
|-activate|p1a: Gliscor|confusion
|move|p1a: Gliscor|Toxic|p2a: Pelipper
|-status|p2a: Pelipper|tox
|move|p2a: Pelipper|Weather Ball|p1a: Gliscor
|-supereffective|p1a: Gliscor
|-damage|p1a: Gliscor|0 fnt
|faint|p1a: Gliscor
|
|-weather|RainDance|[upkeep]
|-damage|p2a: Pelipper|73/100 tox|[from] psn
|upkeep
|
|t:|1779715003
|switch|p1a: Regieleki|Regieleki|100/100
|turn|21
|
|t:|1779715019
|switch|p2a: Gliscor|Gliscor, F|100/100 tox
|-damage|p2a: Gliscor|88/100 tox|[from] Stealth Rock
|move|p1a: Regieleki|Ancient Power|p2a: Gliscor
|-damage|p2a: Gliscor|51/100 tox
|-damage|p1a: Regieleki|91/100|[from] item: Life Orb
|
|-weather|none
|-heal|p2a: Gliscor|64/100 tox|[from] ability: Poison Heal
|upkeep
|turn|22
|
|t:|1779715052
|switch|p1a: Pelipper|Pelipper, F, shiny|45/100
|-weather|RainDance|[from] ability: Drizzle|[of] p1a: Pelipper
|move|p2a: Gliscor|Swords Dance|p2a: Gliscor
|-boost|p2a: Gliscor|atk|2
|
|-weather|RainDance|[upkeep]
|-heal|p2a: Gliscor|76/100 tox|[from] ability: Poison Heal
|upkeep
|turn|23
|
|t:|1779715063
|move|p2a: Gliscor|Protect|p2a: Gliscor
|-singleturn|p2a: Gliscor|Protect
|move|p1a: Pelipper|Surf|p2a: Gliscor
|-activate|p2a: Gliscor|move: Protect
|
|-weather|RainDance|[upkeep]
|-heal|p2a: Gliscor|88/100 tox|[from] ability: Poison Heal
|upkeep
|turn|24
|
|t:|1779715096
|switch|p2a: Corviknight|Corviknight, M|63/100
|-damage|p2a: Corviknight|50/100|[from] Stealth Rock
|-ability|p2a: Corviknight|Pressure
|move|p1a: Pelipper|Surf|p2a: Corviknight
|-damage|p2a: Corviknight|3/100
|
|-weather|RainDance|[upkeep]
|upkeep
|turn|25
|
|t:|1779715109
|move|p2a: Corviknight|Defog|p1a: Pelipper
|-unboost|p1a: Pelipper|evasion|1
|-sideend|p2: Zzzerrty|Stealth Rock|[from] move: Defog|[of] p2a: Corviknight
|move|p1a: Pelipper|U-turn|p2a: Corviknight
|-resisted|p2a: Corviknight
|-damage|p2a: Corviknight|1/100
|
|t:|1779715120
|switch|p1a: Regieleki|Regieleki|91/100|[from] U-turn
|
|-weather|RainDance|[upkeep]
|upkeep
|turn|26
|
|t:|1779715143
|move|p1a: Regieleki|Ancient Power|p2a: Corviknight
|-damage|p2a: Corviknight|0 fnt
|faint|p2a: Corviknight
|-damage|p1a: Regieleki|81/100|[from] item: Life Orb
|
|-weather|RainDance|[upkeep]
|upkeep
|
|t:|1779715152
|switch|p2a: Barraskewda|Barraskewda, M|100/100
|turn|27
|
|t:|1779715158
|move|p2a: Barraskewda|Drill Run|p1a: Regieleki
|-supereffective|p1a: Regieleki
|-damage|p1a: Regieleki|0 fnt
|faint|p1a: Regieleki
|-damage|p2a: Barraskewda|91/100|[from] item: Life Orb
|
|-weather|RainDance|[upkeep]
|upkeep
|inactive|Battle timer is ON: inactive players will automatically lose when time's up. (requested by Zzzerrty)
|
|t:|1779715204
|switch|p1a: Kingambit|Kingambit, F|100/100
|-activate|p1a: Kingambit|ability: Supreme Overlord
|-start|p1a: Kingambit|fallen3|[silent]
|turn|28
|
|t:|1779715217
|switch|p2a: Gliscor|Gliscor, F|88/100 tox
|move|p1a: Kingambit|Swords Dance|p1a: Kingambit
|-boost|p1a: Kingambit|atk|2
|
|-weather|RainDance|[upkeep]
|-heal|p2a: Gliscor|100/100 tox|[from] ability: Poison Heal
|upkeep
|turn|29
|
|t:|1779715230
|move|p2a: Gliscor|Earthquake|p1a: Kingambit
|-supereffective|p1a: Kingambit
|-damage|p1a: Kingambit|55/100
|move|p1a: Kingambit|Iron Head|p2a: Gliscor
|-damage|p2a: Gliscor|3/100 tox
|
|-weather|none
|-heal|p2a: Gliscor|16/100 tox|[from] ability: Poison Heal
|upkeep
|turn|30
|
|t:|1779715249
|move|p2a: Gliscor|Earthquake|p1a: Kingambit
|-supereffective|p1a: Kingambit
|-damage|p1a: Kingambit|9/100
|move|p1a: Kingambit|Kowtow Cleave|p2a: Gliscor
|-damage|p2a: Gliscor|0 fnt
|faint|p2a: Gliscor
|
|upkeep
|
|t:|1779715258
|switch|p2a: Walking Wake|Walking Wake|100/100
|turn|31
|
|t:|1779715264
|move|p1a: Kingambit|Sucker Punch|p2a: Walking Wake
|-damage|p2a: Walking Wake|0 fnt
|faint|p2a: Walking Wake
|-end|p2a: Walking Wake|Protosynthesis|[silent]
|
|upkeep
|
|t:|1779715269
|switch|p2a: Pelipper|Pelipper, F|73/100 tox
|-weather|RainDance|[from] ability: Drizzle|[of] p2a: Pelipper
|turn|32
|
|t:|1779715288
|switch|p2a: Thundurus|Thundurus-Therian, M|100/100
|move|p1a: Kingambit|Sucker Punch||[still]
|-fail|p1a: Kingambit
|
|-weather|RainDance|[upkeep]
|upkeep
|turn|33
|
|t:|1779715305
|move|p1a: Kingambit|Sucker Punch|p2a: Thundurus
|-damage|p2a: Thundurus|0 fnt
|faint|p2a: Thundurus
|
|-weather|RainDance|[upkeep]
|upkeep
|
|t:|1779715312
|switch|p2a: Pelipper|Pelipper, F|73/100 tox
|turn|34
|
|t:|1779715322
|move|p1a: Kingambit|Sucker Punch|p2a: Pelipper
|-damage|p2a: Pelipper|0 fnt
|faint|p2a: Pelipper
|
|-weather|RainDance|[upkeep]
|upkeep
|
|t:|1779715327
|switch|p2a: Barraskewda|Barraskewda, M|91/100
|turn|35
|
|t:|1779715335
|move|p1a: Kingambit|Sucker Punch|p2a: Barraskewda
|-damage|p2a: Barraskewda|0 fnt
|faint|p2a: Barraskewda
|
|win|bundyx
|raw|bundyx's rating: 1092 &rarr; <strong>1119</strong><br />(+27 for winning)
|raw|Zzzerrty's rating: 1105 &rarr; <strong>1079</strong><br />(-26 for losing)
|l|☆Zzzerrty
|player|p2|
|l|☆bundyx
|player|p1|
