|badge|p1|bronze|gen9ou|100-9
|uhtml|medal-msg|<div class="broadcast-blue">Curious what those medals under the avatar are? PS now has Ladder Seasons! For more information, check out the <a href="https://www.smogon.com/forums/threads/3740067/">thread on Smogon.</a></div>
|j|☆Igoodnamename
|j|☆JacquesDeAlderberg
|t:|1779702589
|gametype|singles
|player|p1|Igoodnamename|aaron|1737
|player|p2|JacquesDeAlderberg|169|1702
|gen|9
|tier|[Gen 9] OU
|rated|
|rule|HP Percentage Mod: HP is shown in percentages
|rule|Endless Battle Clause: Forcing endless battles is banned
|rule|Species Clause: Limit one of each Pokémon
|rule|OHKO Clause: OHKO moves are banned
|rule|Evasion Items Clause: Evasion items are banned
|rule|Evasion Moves Clause: Evasion moves are banned
|rule|Evasion Abilities Clause: Evasion abilities are banned
|rule|Sleep Moves Clause: Sleep-inducing moves are banned
|clearpoke
|poke|p1|Pecharunt|
|poke|p1|Slowking, M|
|poke|p1|Iron Treads|
|poke|p1|Zamazenta-*|
|poke|p1|Umbreon, F|
|poke|p1|Ogerpon, F|
|poke|p2|Iron Crown|
|poke|p2|Enamorus, F|
|poke|p2|Great Tusk|
|poke|p2|Probopass, F|
|poke|p2|Deoxys-Speed|
|poke|p2|Dragapult, F|
|teampreview
|inactive|Battle timer is ON: inactive players will automatically lose when time's up. (requested by JacquesDeAlderberg)
|inactive|Igoodnamename has 120 seconds left.
|
|t:|1779702638
|teamsize|p1|6
|teamsize|p2|6
|start
|switch|p1a: Ogerpon|Ogerpon, F|100/100
|switch|p2a: Deoxys|Deoxys-Speed|100/100
|-ability|p2a: Deoxys|Pressure
|turn|1
|
|t:|1779702643
|-terastallize|p1a: Ogerpon|Grass
|detailschange|p1a: Ogerpon|Ogerpon-Teal-Tera, F, tera:Grass
|-ability|p1a: Ogerpon|Embody Aspect (Teal)|boost
|-boost|p1a: Ogerpon|spe|1
|move|p1a: Ogerpon|Ivy Cudgel|p2a: Deoxys
|-damage|p2a: Deoxys|0 fnt
|faint|p2a: Deoxys
|
|upkeep
|
|t:|1779702647
|switch|p2a: Probopass|Probopass, F|100/100
|turn|2
|
|t:|1779702650
|move|p1a: Ogerpon|Ivy Cudgel|p2a: Probopass
|-crit|p2a: Probopass
|-damage|p2a: Probopass|16/100
|move|p2a: Probopass|Body Press|p1a: Ogerpon
|-damage|p1a: Ogerpon|54/100
|
|upkeep
|turn|3
|
|t:|1779702660
|move|p1a: Ogerpon|Ivy Cudgel|p2a: Probopass
|-damage|p2a: Probopass|0 fnt
|faint|p2a: Probopass
|
|upkeep
|
|t:|1779702685
|switch|p2a: Dragapult|Dragapult, F|100/100
|turn|4
|inactive|Igoodnamename has 120 seconds left.
|j| yuureisuisei
|
|t:|1779702732
|switch|p1a: Umbreon|Umbreon, F|100/100
|move|p2a: Dragapult|Dragon Dance|p2a: Dragapult
|-boost|p2a: Dragapult|atk|1
|-boost|p2a: Dragapult|spe|1
|
|upkeep
|turn|5
|
|t:|1779702738
|move|p2a: Dragapult|Substitute|p2a: Dragapult
|-start|p2a: Dragapult|Substitute
|-damage|p2a: Dragapult|76/100
|move|p1a: Umbreon|Foul Play|p2a: Dragapult
|-supereffective|p2a: Dragapult
|-end|p2a: Dragapult|Substitute
|
|-heal|p2a: Dragapult|82/100|[from] item: Leftovers
|upkeep
|turn|6
|
|t:|1779702743
|switch|p2a: Enamorus|Enamorus, F|100/100
|move|p1a: Umbreon|Foul Play|p2a: Enamorus
|-resisted|p2a: Enamorus
|-damage|p2a: Enamorus|78/100
|
|upkeep
|turn|7
|
|t:|1779702749
|switch|p1a: Iron Treads|Iron Treads|100/100
|move|p2a: Enamorus|Calm Mind|p2a: Enamorus
|-boost|p2a: Enamorus|spa|1
|-boost|p2a: Enamorus|spd|1
|
|upkeep
|turn|8
|
|t:|1779702763
|move|p2a: Enamorus|Agility|p2a: Enamorus
|-boost|p2a: Enamorus|spe|2
|move|p1a: Iron Treads|Ice Spinner|p2a: Enamorus
|-supereffective|p2a: Enamorus
|-damage|p2a: Enamorus|7/100
|
|upkeep
|turn|9
|
|t:|1779702767
|move|p2a: Enamorus|Earth Power|p1a: Iron Treads
|-supereffective|p1a: Iron Treads
|-damage|p1a: Iron Treads|2/100
|move|p1a: Iron Treads|Ice Spinner|p2a: Enamorus
|-supereffective|p2a: Enamorus
|-damage|p2a: Enamorus|0 fnt
|faint|p2a: Enamorus
|
|-heal|p1a: Iron Treads|8/100|[from] item: Leftovers
|upkeep
|
|t:|1779702773
|switch|p2a: Dragapult|Dragapult, F|82/100
|turn|10
|
|t:|1779702775
|move|p2a: Dragapult|Dragon Darts|p1a: Iron Treads
|-resisted|p1a: Iron Treads
|-damage|p1a: Iron Treads|0 fnt
|faint|p1a: Iron Treads
|-end|p1a: Iron Treads|Quark Drive|[silent]
|
|-heal|p2a: Dragapult|88/100|[from] item: Leftovers
|upkeep
|
|t:|1779702778
|switch|p1a: Umbreon|Umbreon, F|100/100
|turn|11
|
|t:|1779702782
|switch|p2a: Great Tusk|Great Tusk|100/100
|-enditem|p2a: Great Tusk|Booster Energy
|-activate|p2a: Great Tusk|ability: Protosynthesis|[fromitem]
|-start|p2a: Great Tusk|protosynthesisspe
|move|p1a: Umbreon|Foul Play|p2a: Great Tusk
|-resisted|p2a: Great Tusk
|-damage|p2a: Great Tusk|87/100
|
|upkeep
|turn|12
|
|t:|1779702801
|move|p2a: Great Tusk|Bulk Up|p2a: Great Tusk
|-boost|p2a: Great Tusk|atk|1
|-boost|p2a: Great Tusk|def|1
|move|p1a: Umbreon|Toxic|p2a: Great Tusk
|-status|p2a: Great Tusk|tox
|
|-damage|p2a: Great Tusk|81/100 tox|[from] psn
|upkeep
|turn|13
|
|t:|1779702806
|move|p1a: Umbreon|Protect|p1a: Umbreon
|-singleturn|p1a: Umbreon|Protect
|move|p2a: Great Tusk|Bulk Up|p2a: Great Tusk
|-boost|p2a: Great Tusk|atk|1
|-boost|p2a: Great Tusk|def|1
|
|-damage|p2a: Great Tusk|68/100 tox|[from] psn
|upkeep
|turn|14
|
|t:|1779702808
|switch|p1a: Pecharunt|Pecharunt|100/100
|-item|p1a: Pecharunt|Air Balloon
|move|p2a: Great Tusk|Headlong Rush|p1a: Pecharunt
|-immune|p1a: Pecharunt
|
|-damage|p2a: Great Tusk|50/100 tox|[from] psn
|upkeep
|turn|15
|
|t:|1779702814
|move|p2a: Great Tusk|Rock Slide|p1a: Pecharunt
|-damage|p1a: Pecharunt|67/100
|-enditem|p1a: Pecharunt|Air Balloon
|move|p1a: Pecharunt|Shadow Ball|p2a: Great Tusk
|-damage|p2a: Great Tusk|9/100 tox
|-unboost|p2a: Great Tusk|spd|1
|
|-damage|p2a: Great Tusk|0 fnt|[from] psn
|faint|p2a: Great Tusk
|-end|p2a: Great Tusk|Protosynthesis|[silent]
|upkeep
|
|t:|1779702819
|switch|p2a: Iron Crown|Iron Crown|100/100
|-enditem|p2a: Iron Crown|Booster Energy
|-activate|p2a: Iron Crown|ability: Quark Drive|[fromitem]
|-start|p2a: Iron Crown|quarkdrivespa
|turn|16
|
|t:|1779702827
|move|p2a: Iron Crown|Agility|p2a: Iron Crown
|-boost|p2a: Iron Crown|spe|2
|move|p1a: Pecharunt|Shadow Ball|p2a: Iron Crown
|-supereffective|p2a: Iron Crown
|-damage|p2a: Iron Crown|41/100
|
|upkeep
|turn|17
|
|t:|1779702833
|-terastallize|p2a: Iron Crown|Fighting
|move|p2a: Iron Crown|Calm Mind|p2a: Iron Crown
|-boost|p2a: Iron Crown|spa|1
|-boost|p2a: Iron Crown|spd|1
|move|p1a: Pecharunt|Shadow Ball|p2a: Iron Crown
|-damage|p2a: Iron Crown|21/100
|
|upkeep
|turn|18
|
|t:|1779702837
|move|p2a: Iron Crown|Stored Power|p1a: Pecharunt
|-supereffective|p1a: Pecharunt
|-damage|p1a: Pecharunt|0 fnt
|faint|p1a: Pecharunt
|
|upkeep
|
|t:|1779702841
|switch|p1a: Slowking|Slowking, M|100/100
|turn|19
|
|t:|1779702846
|move|p2a: Iron Crown|Stored Power|p1a: Slowking
|-resisted|p1a: Slowking
|-damage|p1a: Slowking|80/100
|move|p1a: Slowking|Psychic Noise|p2a: Iron Crown
|-supereffective|p2a: Iron Crown
|-damage|p2a: Iron Crown|0 fnt
|faint|p2a: Iron Crown
|-end|p2a: Iron Crown|Quark Drive|[silent]
|
|upkeep
|
|t:|1779702850
|switch|p2a: Dragapult|Dragapult, F|88/100
|turn|20
|
|t:|1779702853
|switch|p1a: Umbreon|Umbreon, F|100/100
|move|p2a: Dragapult|Dragon Dance|p2a: Dragapult
|-boost|p2a: Dragapult|atk|1
|-boost|p2a: Dragapult|spe|1
|
|-heal|p2a: Dragapult|94/100|[from] item: Leftovers
|upkeep
|turn|21
|
|t:|1779702858
|move|p2a: Dragapult|Dragon Darts|p1a: Umbreon
|-damage|p1a: Umbreon|79/100
|-anim|p2a: Dragapult|Dragon Darts|p1a: Umbreon
|-damage|p1a: Umbreon|57/100
|move|p1a: Umbreon|Foul Play|p2a: Dragapult
|-supereffective|p2a: Dragapult
|-damage|p2a: Dragapult|0 fnt
|faint|p2a: Dragapult
|
|win|Igoodnamename
|raw|Igoodnamename's rating: 1737 &rarr; <strong>1755</strong><br />(+18 for winning)
|raw|JacquesDeAlderberg's rating: 1702 &rarr; <strong>1684</strong><br />(-18 for losing)
|c|☆Igoodnamename|Ggs
|c|☆JacquesDeAlderberg|gg
|l|☆JacquesDeAlderberg
|player|p2|
|l|☆Igoodnamename
|player|p1|
|l| yuureisuisei
