|j|☆fenixkarde
|j|☆Darkdivinity0
|t:|1779678190
|gametype|singles
|player|p1|fenixkarde|266|1107
|player|p2|Darkdivinity0|marlon|1160
|gen|9
|tier|[Gen 9] OU
|rated|
|rule|HP Percentage Mod: HP is shown in percentages
|rule|Endless Battle Clause: Forcing endless battles is banned
|rule|Species Clause: Limit one of each Pokémon
|rule|OHKO Clause: OHKO moves are banned
|rule|Evasion Items Clause: Evasion items are banned
|rule|Evasion Moves Clause: Evasion moves are banned
|rule|Evasion Abilities Clause: Evasion abilities are banned
|rule|Sleep Moves Clause: Sleep-inducing moves are banned
|clearpoke
|poke|p1|Pikachu-Sinnoh, M|
|poke|p1|Charizard, M|
|poke|p1|Sceptile, F|
|poke|p1|Infernape, M|
|poke|p1|Krookodile, M|
|poke|p1|Greninja-*, M|
|poke|p2|Clefable, M|
|poke|p2|Walking Wake|
|poke|p2|Torkoal, M|
|poke|p2|Cinderace, F|
|poke|p2|Scream Tail|
|poke|p2|Weezing-Galar, M|
|teampreview
|inactive|Battle timer is ON: inactive players will automatically lose when time's up. (requested by Darkdivinity0)
|inactive|fenixkarde has 120 seconds left.
|
|t:|1779678256
|teamsize|p1|6
|teamsize|p2|6
|start
|switch|p1a: Charizard|Charizard, M, shiny|100/100
|switch|p2a: Torkoal|Torkoal, M|100/100
|-weather|SunnyDay|[from] ability: Drought|[of] p2a: Torkoal
|turn|1
|
|t:|1779678273
|move|p1a: Charizard|Air Slash|p2a: Torkoal
|-damage|p2a: Torkoal|54/100
|-damage|p1a: Charizard|90/100|[from] item: Life Orb
|move|p2a: Torkoal|Sludge Bomb|p1a: Charizard
|-damage|p1a: Charizard|71/100
|
|-weather|SunnyDay|[upkeep]
|-damage|p1a: Charizard|59/100|[from] ability: Solar Power|[of] p1a: Charizard
|upkeep
|turn|2
|
|t:|1779678279
|move|p1a: Charizard|Scorching Sands|p2a: Torkoal
|-supereffective|p2a: Torkoal
|-damage|p2a: Torkoal|0 fnt
|faint|p2a: Torkoal
|-damage|p1a: Charizard|49/100|[from] item: Life Orb
|
|-weather|SunnyDay|[upkeep]
|-damage|p1a: Charizard|36/100|[from] ability: Solar Power|[of] p1a: Charizard
|upkeep
|
|t:|1779678288
|switch|p2a: Scream Tail|Scream Tail|100/100
|-activate|p2a: Scream Tail|ability: Protosynthesis
|-start|p2a: Scream Tail|protosynthesisspe
|turn|3
|
|t:|1779678293
|move|p2a: Scream Tail|Psychic Fangs|p1a: Charizard
|-damage|p1a: Charizard|0 fnt
|faint|p1a: Charizard
|-damage|p2a: Scream Tail|91/100|[from] item: Life Orb
|
|-weather|SunnyDay|[upkeep]
|upkeep
|
|t:|1779678316
|switch|p1a: Krookodile|Krookodile, M, shiny|100/100
|-ability|p1a: Krookodile|Intimidate|boost
|-unboost|p2a: Scream Tail|atk|1
|turn|4
|
|t:|1779678320
|move|p2a: Scream Tail|Drain Punch|p1a: Krookodile
|-supereffective|p1a: Krookodile
|-damage|p1a: Krookodile|67/100
|-heal|p2a: Scream Tail|100/100|[from] drain|[of] p1a: Krookodile
|-damage|p2a: Scream Tail|91/100|[from] item: Life Orb
|move|p1a: Krookodile|Gunk Shot|p2a: Scream Tail
|-supereffective|p2a: Scream Tail
|-damage|p2a: Scream Tail|20/100
|
|-weather|SunnyDay|[upkeep]
|upkeep
|turn|5
|
|t:|1779678334
|-terastallize|p2a: Scream Tail|Fairy
|move|p2a: Scream Tail|Play Rough|p1a: Krookodile
|-supereffective|p1a: Krookodile
|-damage|p1a: Krookodile|0 fnt
|faint|p1a: Krookodile
|-damage|p2a: Scream Tail|10/100|[from] item: Life Orb
|
|-weather|none
|-end|p2a: Scream Tail|Protosynthesis
|upkeep
|
|t:|1779678342
|switch|p1a: Infernape|Infernape, M, shiny|100/100
|-item|p1a: Infernape|Air Balloon
|turn|6
|
|t:|1779678347
|-end|p2a: Scream Tail|Protosynthesis|[silent]
|switch|p2a: Clefable|Clefable, M|100/100
|move|p1a: Infernape|Fake Out|p2a: Clefable
|-damage|p2a: Clefable|89/100
|
|upkeep
|turn|7
|
|t:|1779678375
|switch|p1a: Pikachu|Pikachu-Sinnoh, M|100/100
|move|p2a: Clefable|Chilling Water|p1a: Pikachu
|-damage|p1a: Pikachu|69/100
|-unboost|p1a: Pikachu|atk|1
|
|upkeep
|turn|8
|
|t:|1779678379
|move|p1a: Pikachu|Iron Tail|p2a: Clefable|[miss]
|-miss|p1a: Pikachu|p2a: Clefable
|move|p2a: Clefable|Moonblast|p1a: Pikachu
|-damage|p1a: Pikachu|0 fnt
|faint|p1a: Pikachu
|
|upkeep
|
|t:|1779678382
|switch|p1a: Sceptile|Sceptile, F, shiny|100/100
|turn|9
|
|t:|1779678387
|move|p1a: Sceptile|Leaf Storm|p2a: Clefable
|-damage|p2a: Clefable|55/100
|-unboost|p1a: Sceptile|spa|2
|-enditem|p1a: Sceptile|White Herb
|-clearnegativeboost|p1a: Sceptile|[silent]
|move|p2a: Clefable|Moonblast|p1a: Sceptile
|-damage|p1a: Sceptile|63/100
|
|upkeep
|turn|10
|
|t:|1779678396
|move|p1a: Sceptile|Leech Seed|p2a: Clefable
|-start|p2a: Clefable|move: Leech Seed
|move|p2a: Clefable|Moonblast|p1a: Sceptile
|-damage|p1a: Sceptile|23/100
|
|-damage|p2a: Clefable|43/100|[from] Leech Seed|[of] p1a: Sceptile
|-heal|p1a: Sceptile|36/100|[silent]
|upkeep
|turn|11
|
|t:|1779678404
|switch|p2a: Weezing|Weezing-Galar, M|100/100
|move|p1a: Sceptile|Leaf Storm|p2a: Weezing|[miss]
|-miss|p1a: Sceptile|p2a: Weezing
|
|upkeep
|turn|12
|
|t:|1779678420
|move|p1a: Sceptile|Leech Seed|p2a: Weezing
|-start|p2a: Weezing|move: Leech Seed
|move|p2a: Weezing|Sunny Day|p2a: Weezing
|-weather|SunnyDay
|
|-weather|SunnyDay|[upkeep]
|-damage|p2a: Weezing|88/100|[from] Leech Seed|[of] p1a: Sceptile
|-heal|p1a: Sceptile|49/100|[silent]
|upkeep
|turn|13
|
|t:|1779678442
|switch|p1a: Infernape|Infernape, M, shiny|100/100
|-item|p1a: Infernape|Air Balloon
|move|p2a: Weezing|Strange Steam|p1a: Infernape
|-damage|p1a: Infernape|49/100
|-enditem|p1a: Infernape|Air Balloon
|
|-weather|SunnyDay|[upkeep]
|-heal|p2a: Weezing|94/100|[from] item: Leftovers
|-damage|p2a: Weezing|82/100|[from] Leech Seed|[of] p1a: Infernape
|-heal|p1a: Infernape|62/100|[silent]
|upkeep
|turn|14
|
|t:|1779678448
|move|p1a: Infernape|Fake Out|p2a: Weezing
|-damage|p2a: Weezing|71/100
|cant|p2a: Weezing|flinch
|
|-weather|SunnyDay|[upkeep]
|-heal|p2a: Weezing|77/100|[from] item: Leftovers
|-damage|p2a: Weezing|64/100|[from] Leech Seed|[of] p1a: Infernape
|-heal|p1a: Infernape|75/100|[silent]
|upkeep
|turn|15
|
|t:|1779678463
|-terastallize|p1a: Infernape|Rock
|move|p1a: Infernape|Stone Edge|p2a: Weezing
|-damage|p2a: Weezing|24/100
|move|p2a: Weezing|Strange Steam|p1a: Infernape
|-damage|p1a: Infernape|23/100
|
|-weather|SunnyDay|[upkeep]
|-heal|p2a: Weezing|30/100|[from] item: Leftovers
|-damage|p2a: Weezing|17/100|[from] Leech Seed|[of] p1a: Infernape
|-heal|p1a: Infernape|36/100|[silent]
|upkeep
|turn|16
|
|t:|1779678467
|move|p1a: Infernape|Stone Edge|p2a: Weezing
|-damage|p2a: Weezing|0 fnt
|faint|p2a: Weezing
|
|-weather|none
|upkeep
|
|t:|1779678472
|switch|p2a: Walking Wake|Walking Wake|100/100
|turn|17
|
|t:|1779678481
|move|p2a: Walking Wake|Hydro Steam|p1a: Infernape
|-supereffective|p1a: Infernape
|-damage|p1a: Infernape|0 fnt
|faint|p1a: Infernape
|-damage|p2a: Walking Wake|91/100|[from] item: Life Orb
|
|upkeep
|
|t:|1779678484
|switch|p1a: Sceptile|Sceptile, F, shiny|49/100
|turn|18
|
|t:|1779678487
|move|p2a: Walking Wake|Flamethrower|p1a: Sceptile
|-supereffective|p1a: Sceptile
|-crit|p1a: Sceptile
|-damage|p1a: Sceptile|0 fnt
|faint|p1a: Sceptile
|-damage|p2a: Walking Wake|81/100|[from] item: Life Orb
|
|upkeep
|
|t:|1779678490
|switch|p1a: Greninja|Greninja, M|100/100
|turn|19
|
|t:|1779678498
|move|p2a: Walking Wake|Hurricane|p1a: Greninja|[miss]
|-miss|p2a: Walking Wake|p1a: Greninja
|move|p1a: Greninja|Dark Pulse|p2a: Walking Wake
|-damage|p2a: Walking Wake|26/100
|-damage|p1a: Greninja|91/100|[from] item: Life Orb
|
|upkeep
|turn|20
|
|t:|1779678512
|move|p2a: Walking Wake|Hurricane|p1a: Greninja|[miss]
|-miss|p2a: Walking Wake|p1a: Greninja
|move|p1a: Greninja|Dark Pulse|p2a: Walking Wake
|-damage|p2a: Walking Wake|0 fnt
|faint|p2a: Walking Wake
|-end|p2a: Walking Wake|Protosynthesis|[silent]
|-ability|p1a: Greninja|Battle Bond|boost
|-boost|p1a: Greninja|atk|1
|-boost|p1a: Greninja|spa|1
|-boost|p1a: Greninja|spe|1
|-activate|p1a: Greninja|ability: Battle Bond
|-damage|p1a: Greninja|81/100|[from] item: Life Orb
|
|upkeep
|
|t:|1779678518
|switch|p2a: Clefable|Clefable, M|43/100
|turn|21
|
|t:|1779678547
|move|p1a: Greninja|Hydro Pump|p2a: Clefable
|-damage|p2a: Clefable|3/100
|-damage|p1a: Greninja|71/100|[from] item: Life Orb
|move|p2a: Clefable|Thunderbolt|p1a: Greninja
|-supereffective|p1a: Greninja
|-crit|p1a: Greninja
|-damage|p1a: Greninja|0 fnt
|faint|p1a: Greninja
|
|win|Darkdivinity0
|raw|fenixkarde's rating: 1080 &rarr; <strong>1063</strong><br />(-17 for losing)
|raw|Darkdivinity0's rating: 1160 &rarr; <strong>1179</strong><br />(+19 for winning)
|l|☆Darkdivinity0
|player|p2|
|l|☆fenixkarde
|player|p1|
