|j|☆bug fan5762
|j|☆Nuii09
|t:|1779575159
|gametype|singles
|player|p1|bug fan5762|byron|1653
|player|p2|Nuii09|baker|1698
|gen|9
|tier|[Gen 9] OU
|rated|
|rule|HP Percentage Mod: HP is shown in percentages
|rule|Endless Battle Clause: Forcing endless battles is banned
|rule|Species Clause: Limit one of each Pokémon
|rule|OHKO Clause: OHKO moves are banned
|rule|Evasion Items Clause: Evasion items are banned
|rule|Evasion Moves Clause: Evasion moves are banned
|rule|Evasion Abilities Clause: Evasion abilities are banned
|rule|Sleep Moves Clause: Sleep-inducing moves are banned
|clearpoke
|poke|p1|Yanmega, F|
|poke|p1|Garchomp, M|
|poke|p1|Ogerpon-Wellspring, F|
|poke|p1|Alomomola, M|
|poke|p1|Regieleki|
|poke|p1|Hatterene, F|
|poke|p2|Hydrapple, F|
|poke|p2|Darkrai|
|poke|p2|Cinderace, M|
|poke|p2|Clodsire, F|
|poke|p2|Corviknight, F|
|poke|p2|Alomomola, M|
|teampreview
|
|t:|1779575173
|teamsize|p1|6
|teamsize|p2|6
|start
|switch|p1a: Regieleki|Regieleki|100/100
|switch|p2a: Darkrai|Darkrai, shiny|100/100
|turn|1
|
|t:|1779575177
|switch|p2a: Clodsire|Clodsire, F, shiny|100/100
|move|p1a: Regieleki|Thunderbolt|p2a: Clodsire
|-immune|p2a: Clodsire
|
|upkeep
|turn|2
|
|t:|1779575183
|switch|p1a: Hatterene|Hatterene, F|100/100
|switch|p2a: Cinderace|Cinderace, M|100/100
|
|upkeep
|turn|3
|
|t:|1779575186
|move|p2a: Cinderace|Gunk Shot|p1a: Hatterene
|-start|p2a: Cinderace|typechange|Poison|[from] ability: Libero
|-supereffective|p1a: Hatterene
|-damage|p1a: Hatterene|0 fnt
|faint|p1a: Hatterene
|
|upkeep
|
|t:|1779575192
|switch|p1a: Yanmega|Yanmega, F, shiny|100/100
|turn|4
|
|t:|1779575195
|switch|p2a: Alomomola|Alomomola, M|100/100
|move|p1a: Yanmega|Psychic Noise|p2a: Alomomola
|-crit|p2a: Alomomola
|-damage|p2a: Alomomola|72/100
|-start|p2a: Alomomola|move: Heal Block
|
|upkeep
|turn|5
|
|t:|1779575200
|switch|p1a: Ogerpon|Ogerpon-Wellspring, F|100/100
|switch|p2a: Hydrapple|Hydrapple, F|100/100
|
|upkeep
|turn|6
|
|t:|1779575204
|move|p1a: Ogerpon|U-turn|p2a: Hydrapple
|-supereffective|p2a: Hydrapple
|-damage|p2a: Hydrapple|53/100
|
|t:|1779575207
|switch|p1a: Yanmega|Yanmega, F, shiny|100/100|[from] U-turn
|move|p2a: Hydrapple|Fickle Beam|p1a: Yanmega
|-damage|p1a: Yanmega|0 fnt
|faint|p1a: Yanmega
|-damage|p2a: Hydrapple|43/100|[from] item: Life Orb
|
|upkeep
|
|t:|1779575210
|switch|p1a: Ogerpon|Ogerpon-Wellspring, F|100/100
|turn|7
|
|t:|1779575213
|switch|p2a: Corviknight|Corviknight, F|100/100
|-ability|p2a: Corviknight|Pressure
|move|p1a: Ogerpon|U-turn|p2a: Corviknight
|-resisted|p2a: Corviknight
|-damage|p2a: Corviknight|96/100
|-damage|p1a: Ogerpon|84/100|[from] item: Rocky Helmet|[of] p2a: Corviknight
|
|t:|1779575226
|switch|p1a: Garchomp|Garchomp, M|100/100|[from] U-turn
|
|upkeep
|turn|8
|j| kanaete onegai
|-message|bug fan5762 forfeited.
|
|win|Nuii09
|raw|bug fan5762's rating: 1653 &rarr; <strong>1636</strong><br />(-17 for losing)
|raw|Nuii09's rating: 1698 &rarr; <strong>1715</strong><br />(+17 for winning)
|l|☆bug fan5762
|player|p1|
|l|☆Nuii09
|player|p2|
