|j|☆REX_1A91S
|j|☆NormalPokemons
|t:|1779607680
|gametype|singles
|player|p1|REX_1A91S|riley|1396
|player|p2|NormalPokemons|265|1361
|gen|9
|tier|[Gen 9] OU
|rated|
|rule|HP Percentage Mod: HP is shown in percentages
|rule|Endless Battle Clause: Forcing endless battles is banned
|rule|Species Clause: Limit one of each Pokémon
|rule|OHKO Clause: OHKO moves are banned
|rule|Evasion Items Clause: Evasion items are banned
|rule|Evasion Moves Clause: Evasion moves are banned
|rule|Evasion Abilities Clause: Evasion abilities are banned
|rule|Sleep Moves Clause: Sleep-inducing moves are banned
|clearpoke
|poke|p1|Slowking-Galar, F|
|poke|p1|Zapdos|
|poke|p1|Ogerpon-Wellspring, F|
|poke|p1|Iron Treads|
|poke|p1|Pecharunt|
|poke|p1|Zamazenta-*|
|poke|p2|Pincurchin, F|
|poke|p2|Iron Treads|
|poke|p2|Raging Bolt|
|poke|p2|Iron Valiant|
|poke|p2|Zapdos|
|poke|p2|Ogerpon-Wellspring, F|
|teampreview
|
|t:|1779607713
|teamsize|p1|6
|teamsize|p2|6
|start
|switch|p1a: Iron Treads|Iron Treads|100/100
|switch|p2a: Pincurchin|Pincurchin, F|100/100
|-fieldstart|move: Electric Terrain|[from] ability: Electric Surge|[of] p2a: Pincurchin
|-activate|p1a: Iron Treads|ability: Quark Drive
|-start|p1a: Iron Treads|quarkdrivespe
|turn|1
|
|t:|1779607721
|-terastallize|p2a: Pincurchin|Water
|move|p1a: Iron Treads|Stealth Rock|p2a: Pincurchin
|-sidestart|p2: NormalPokemons|move: Stealth Rock
|move|p2a: Pincurchin|Hydro Pump|p1a: Iron Treads
|-supereffective|p1a: Iron Treads
|-damage|p1a: Iron Treads|37/100
|
|-heal|p1a: Iron Treads|43/100|[from] item: Leftovers
|upkeep
|turn|2
|
|t:|1779607732
|switch|p2a: Iron Treads|Iron Treads|100/100
|-damage|p2a: Iron Treads|97/100|[from] Stealth Rock
|-item|p2a: Iron Treads|Air Balloon
|-activate|p2a: Iron Treads|ability: Quark Drive
|-start|p2a: Iron Treads|quarkdrivespe
|move|p1a: Iron Treads|Volt Switch|p2a: Iron Treads
|-immune|p2a: Iron Treads
|
|-heal|p1a: Iron Treads|49/100|[from] item: Leftovers
|upkeep
|turn|3
|
|t:|1779607745
|-end|p1a: Iron Treads|Quark Drive|[silent]
|switch|p1a: Pecharunt|Pecharunt|100/100
|move|p2a: Iron Treads|Earthquake|p1a: Pecharunt
|-supereffective|p1a: Pecharunt
|-damage|p1a: Pecharunt|54/100
|
|upkeep
|turn|4
|
|t:|1779607756
|move|p2a: Iron Treads|Zen Headbutt|p1a: Pecharunt
|-supereffective|p1a: Pecharunt
|-damage|p1a: Pecharunt|32/100
|move|p1a: Pecharunt|Recover|p1a: Pecharunt
|-heal|p1a: Pecharunt|82/100
|
|upkeep
|turn|5
|
|t:|1779607766
|move|p2a: Iron Treads|Rapid Spin|p1a: Pecharunt
|-immune|p1a: Pecharunt
|move|p1a: Pecharunt|Parting Shot|p2a: Iron Treads
|-unboost|p2a: Iron Treads|atk|1
|-unboost|p2a: Iron Treads|spa|1
|
|t:|1779607776
|switch|p1a: Slowking|Slowking-Galar, F|100/100|[from] Parting Shot
|
|upkeep
|turn|6
|
|t:|1779607786
|switch|p1a: Pecharunt|Pecharunt|82/100
|move|p2a: Iron Treads|Stealth Rock|p1a: Pecharunt
|-sidestart|p1: REX_1A91S|move: Stealth Rock
|
|upkeep
|turn|7
|
|t:|1779607794
|move|p2a: Iron Treads|Earthquake|p1a: Pecharunt
|-supereffective|p1a: Pecharunt
|-damage|p1a: Pecharunt|53/100
|move|p1a: Pecharunt|Foul Play|p2a: Iron Treads
|-damage|p2a: Iron Treads|77/100
|-enditem|p2a: Iron Treads|Air Balloon
|
|upkeep
|turn|8
|
|t:|1779607802
|-end|p2a: Iron Treads|Quark Drive|[silent]
|switch|p2a: Zapdos|Zapdos|100/100
|move|p1a: Pecharunt|Recover|p1a: Pecharunt
|-heal|p1a: Pecharunt|100/100
|
|-fieldend|move: Electric Terrain
|upkeep
|turn|9
|
|t:|1779607811
|switch|p2a: Pincurchin|Pincurchin, F, tera:Water|100/100
|-damage|p2a: Pincurchin|88/100|[from] Stealth Rock
|-fieldstart|move: Electric Terrain|[from] ability: Electric Surge|[of] p2a: Pincurchin
|switch|p1a: Slowking|Slowking-Galar, F|100/100
|
|upkeep
|turn|10
|
|t:|1779607824
|switch|p2a: Raging Bolt|Raging Bolt|100/100
|-damage|p2a: Raging Bolt|88/100|[from] Stealth Rock
|-enditem|p2a: Raging Bolt|Booster Energy
|-activate|p2a: Raging Bolt|ability: Protosynthesis|[fromitem]
|-start|p2a: Raging Bolt|protosynthesisspa
|move|p1a: Slowking|Future Sight|p2a: Raging Bolt
|-start|p1a: Slowking|move: Future Sight
|
|upkeep
|turn|11
|
|t:|1779607838
|move|p2a: Raging Bolt|Draco Meteor|p1a: Slowking
|-damage|p1a: Slowking|39/100
|-unboost|p2a: Raging Bolt|spa|2
|-prepare|p1a: Slowking|Chilly Reception|[premajor]
|move|p1a: Slowking|Chilly Reception|p1a: Slowking
|-weather|Snowscape
|
|t:|1779607846
|switch|p1a: Iron Treads|Iron Treads|49/100|[from] Chilly Reception
|-damage|p1a: Iron Treads|46/100|[from] Stealth Rock
|-activate|p1a: Iron Treads|ability: Quark Drive
|-start|p1a: Iron Treads|quarkdrivespe
|
|-weather|Snowscape|[upkeep]
|-heal|p1a: Iron Treads|52/100|[from] item: Leftovers
|upkeep
|turn|12
|
|t:|1779607857
|move|p1a: Iron Treads|Rapid Spin|p2a: Raging Bolt
|-damage|p2a: Raging Bolt|77/100
|-boost|p1a: Iron Treads|spe|1
|-sideend|p1: REX_1A91S|Stealth Rock|[from] move: Rapid Spin|[of] p1a: Iron Treads
|move|p2a: Raging Bolt|Draco Meteor|p1a: Iron Treads
|-resisted|p1a: Iron Treads
|-damage|p1a: Iron Treads|32/100
|-unboost|p2a: Raging Bolt|spa|2
|
|-weather|Snowscape|[upkeep]
|-end|p2a: Raging Bolt|move: Future Sight
|-damage|p2a: Raging Bolt|36/100
|-heal|p1a: Iron Treads|38/100|[from] item: Leftovers
|upkeep
|turn|13
|
|t:|1779607868
|-end|p2a: Raging Bolt|Protosynthesis|[silent]
|switch|p2a: Zapdos|Zapdos|100/100
|move|p1a: Iron Treads|Earthquake|p2a: Zapdos
|-immune|p2a: Zapdos
|
|-weather|Snowscape|[upkeep]
|-heal|p1a: Iron Treads|44/100|[from] item: Leftovers
|upkeep
|turn|14
|
|t:|1779607876
|move|p1a: Iron Treads|Volt Switch|p2a: Zapdos
|-crit|p2a: Zapdos
|-damage|p2a: Zapdos|78/100
|
|t:|1779607881
|-end|p1a: Iron Treads|Quark Drive|[silent]
|switch|p1a: Slowking|Slowking-Galar, F|72/100|[from] Volt Switch
|move|p2a: Zapdos|U-turn|p1a: Slowking
|-damage|p1a: Slowking|58/100
|
|t:|1779607900
|switch|p2a: Iron Valiant|Iron Valiant|100/100|[from] U-turn
|-damage|p2a: Iron Valiant|94/100|[from] Stealth Rock
|-activate|p2a: Iron Valiant|ability: Quark Drive
|-start|p2a: Iron Valiant|quarkdrivespe
|
|-weather|Snowscape|[upkeep]
|upkeep
|turn|15
|
|t:|1779607908
|-terastallize|p1a: Slowking|Water
|move|p2a: Iron Valiant|Swords Dance|p2a: Iron Valiant
|-boost|p2a: Iron Valiant|atk|2
|move|p1a: Slowking|Sludge Bomb|p2a: Iron Valiant
|-supereffective|p2a: Iron Valiant
|-damage|p2a: Iron Valiant|0 fnt
|faint|p2a: Iron Valiant
|-end|p2a: Iron Valiant|Quark Drive|[silent]
|
|-weather|none
|upkeep
|-message|NormalPokemons forfeited.
|
|win|REX_1A91S
|raw|REX_1A91S's rating: 1396 &rarr; <strong>1414</strong><br />(+18 for winning)
|raw|NormalPokemons's rating: 1361 &rarr; <strong>1343</strong><br />(-18 for losing)
|l|☆NormalPokemons
|player|p2|
|l|☆REX_1A91S
|player|p1|
