|j|☆0xdragonite
|j|☆Jeaph
|t:|1779558330
|gametype|singles
|player|p1|0xdragonite|169|1240
|player|p2|Jeaph|beauty-gen4dp|1254
|gen|9
|tier|[Gen 9] OU
|rated|
|rule|HP Percentage Mod: HP is shown in percentages
|rule|Endless Battle Clause: Forcing endless battles is banned
|rule|Species Clause: Limit one of each Pokémon
|rule|OHKO Clause: OHKO moves are banned
|rule|Evasion Items Clause: Evasion items are banned
|rule|Evasion Moves Clause: Evasion moves are banned
|rule|Evasion Abilities Clause: Evasion abilities are banned
|rule|Sleep Moves Clause: Sleep-inducing moves are banned
|clearpoke
|poke|p1|Kingambit, F|
|poke|p1|Moltres|
|poke|p1|Clefable, M|
|poke|p1|Manaphy|
|poke|p1|Ninetales-Alola, M|
|poke|p1|Iron Treads|
|poke|p2|Drifblim, M|
|poke|p2|Iron Treads|
|poke|p2|Amoonguss, M|
|poke|p2|Blaziken, M|
|poke|p2|Espeon, F|
|poke|p2|Alomomola, F|
|teampreview
|inactive|Battle timer is ON: inactive players will automatically lose when time's up. (requested by Jeaph)
|
|t:|1779558354
|teamsize|p1|6
|teamsize|p2|6
|start
|switch|p1a: DONTTREADONME|Iron Treads, shiny|100/100
|switch|p2a: Rowland|Iron Treads|100/100
|-enditem|p2a: Rowland|Booster Energy
|-activate|p2a: Rowland|ability: Quark Drive|[fromitem]
|-start|p2a: Rowland|quarkdrivespe
|turn|1
|
|t:|1779558378
|-end|p1a: DONTTREADONME|Quark Drive|[silent]
|switch|p1a: FEUER FREI|Moltres, shiny|100/100
|move|p2a: Rowland|Stealth Rock|p1a: FEUER FREI
|-sidestart|p1: 0xdragonite|move: Stealth Rock
|
|upkeep
|turn|2
|inactive|0xdragonite has 120 seconds left.
|
|t:|1779558409
|move|p2a: Rowland|Knock Off|p1a: FEUER FREI
|-damage|p1a: FEUER FREI|78/100
|-enditem|p1a: FEUER FREI|Heavy-Duty Boots|[from] move: Knock Off|[of] p2a: Rowland
|move|p1a: FEUER FREI|Flamethrower|p2a: Rowland
|-supereffective|p2a: Rowland
|-damage|p2a: Rowland|0 fnt
|faint|p2a: Rowland
|-end|p2a: Rowland|Quark Drive|[silent]
|
|upkeep
|
|t:|1779558425
|switch|p2a: Lando|Blaziken, M|100/100
|turn|3
|
|t:|1779558435
|move|p2a: Lando|Swords Dance|p2a: Lando
|-boost|p2a: Lando|atk|2
|move|p1a: FEUER FREI|Roar|p2a: Lando
|drag|p2a: Hornella|Alomomola, F|100/100
|
|upkeep
|turn|4
|
|t:|1779558443
|move|p1a: FEUER FREI|U-turn|p2a: Hornella
|-damage|p2a: Hornella|93/100
|
|t:|1779558445
|switch|p1a: DONTTREADONME|Iron Treads, shiny|100/100|[from] U-turn
|-damage|p1a: DONTTREADONME|97/100|[from] Stealth Rock
|move|p2a: Hornella|Flip Turn|p1a: DONTTREADONME
|-supereffective|p1a: DONTTREADONME
|-damage|p1a: DONTTREADONME|67/100
|
|t:|1779558455
|switch|p2a: Alvin|Espeon, F|100/100|[from] Flip Turn
|
|-heal|p1a: DONTTREADONME|74/100|[from] item: Leftovers
|upkeep
|turn|5
|
|t:|1779558473
|move|p2a: Alvin|Psychic|p1a: DONTTREADONME
|-resisted|p1a: DONTTREADONME
|-damage|p1a: DONTTREADONME|43/100
|move|p1a: DONTTREADONME|Rapid Spin|p2a: Alvin
|-damage|p2a: Alvin|72/100
|-boost|p1a: DONTTREADONME|spe|1
|-sideend|p1: 0xdragonite|Stealth Rock|[from] move: Rapid Spin|[of] p1a: DONTTREADONME
|
|-heal|p1a: DONTTREADONME|49/100|[from] item: Leftovers
|-heal|p2a: Alvin|78/100|[from] item: Leftovers
|upkeep
|turn|6
|
|t:|1779558483
|switch|p2a: Hornella|Alomomola, F|100/100
|move|p1a: DONTTREADONME|Knock Off|p2a: Hornella
|-damage|p2a: Hornella|83/100
|-enditem|p2a: Hornella|Leftovers|[from] move: Knock Off|[of] p1a: DONTTREADONME
|
|-heal|p1a: DONTTREADONME|55/100|[from] item: Leftovers
|upkeep
|turn|7
|
|t:|1779558493
|-end|p1a: DONTTREADONME|Quark Drive|[silent]
|switch|p1a: MAHALO|Ninetales-Alola, M, shiny|100/100
|-weather|Snowscape|[from] ability: Snow Warning|[of] p1a: MAHALO
|switch|p2a: Alvin|Espeon, F|78/100
|
|-weather|Snowscape|[upkeep]
|-heal|p2a: Alvin|84/100|[from] item: Leftovers
|upkeep
|turn|8
|
|t:|1779558506
|move|p2a: Alvin|Psychic|p1a: MAHALO
|-damage|p1a: MAHALO|55/100
|move|p1a: MAHALO|Aurora Veil|p1a: MAHALO
|-sidestart|p1: 0xdragonite|move: Aurora Veil
|
|-weather|Snowscape|[upkeep]
|-heal|p2a: Alvin|90/100|[from] item: Leftovers
|upkeep
|turn|9
|
|t:|1779558527
|switch|p2a: Hornella|Alomomola, F|100/100
|switch|p1a: BALZAC|Manaphy, shiny|100/100
|
|-weather|Snowscape|[upkeep]
|upkeep
|turn|10
|
|t:|1779558536
|move|p1a: BALZAC|Acid Armor|p1a: BALZAC
|-boost|p1a: BALZAC|def|2
|move|p2a: Hornella|Flip Turn|p1a: BALZAC
|-resisted|p1a: BALZAC
|-damage|p1a: BALZAC|99/100
|
|t:|1779558542
|switch|p2a: Bress|Amoonguss, M|100/100|[from] Flip Turn
|
|-weather|Snowscape|[upkeep]
|-heal|p1a: BALZAC|100/100|[from] item: Leftovers
|upkeep
|turn|11
|inactive|0xdragonite has 120 seconds left.
|
|t:|1779558574
|move|p1a: BALZAC|Take Heart|p1a: BALZAC
|-boost|p1a: BALZAC|spa|1
|-boost|p1a: BALZAC|spd|1
|move|p2a: Bress|Clear Smog|p1a: BALZAC
|-damage|p1a: BALZAC|96/100
|-clearboost|p1a: BALZAC
|
|-weather|none
|-heal|p1a: BALZAC|100/100|[from] item: Leftovers
|upkeep
|turn|12
|inactive|0xdragonite has 120 seconds left.
|
|t:|1779558590
|move|p1a: BALZAC|Stored Power|p2a: Bress
|-supereffective|p2a: Bress
|-damage|p2a: Bress|94/100
|move|p2a: Bress|Toxic|p1a: BALZAC
|-status|p1a: BALZAC|tox
|
|-damage|p1a: BALZAC|94/100 tox|[from] psn
|upkeep
|turn|13
|
|t:|1779558600
|move|p1a: BALZAC|Take Heart|p1a: BALZAC
|-boost|p1a: BALZAC|spa|1
|-boost|p1a: BALZAC|spd|1
|-curestatus|p1a: BALZAC|tox|[msg]
|move|p2a: Bress|Toxic|p1a: BALZAC
|-status|p1a: BALZAC|tox
|
|-heal|p1a: BALZAC|100/100 tox|[from] item: Leftovers
|-damage|p1a: BALZAC|94/100 tox|[from] psn
|upkeep
|turn|14
|
|t:|1779558614
|move|p1a: BALZAC|Take Heart|p1a: BALZAC
|-boost|p1a: BALZAC|spa|1
|-boost|p1a: BALZAC|spd|1
|-curestatus|p1a: BALZAC|tox|[msg]
|move|p2a: Bress|Clear Smog|p1a: BALZAC
|-damage|p1a: BALZAC|91/100
|-clearboost|p1a: BALZAC
|
|-heal|p1a: BALZAC|98/100|[from] item: Leftovers
|upkeep
|turn|15
|
|t:|1779558628
|-terastallize|p1a: BALZAC|Steel
|move|p1a: BALZAC|Take Heart|p1a: BALZAC
|-boost|p1a: BALZAC|spa|1
|-boost|p1a: BALZAC|spd|1
|move|p2a: Bress|Toxic|p1a: BALZAC
|-immune|p1a: BALZAC
|
|-heal|p1a: BALZAC|100/100|[from] item: Leftovers
|-sideend|p1: 0xdragonite|move: Aurora Veil
|upkeep
|turn|16
|
|t:|1779558638
|switch|p2a: Lando|Blaziken, M|100/100
|move|p1a: BALZAC|Take Heart|p1a: BALZAC
|-boost|p1a: BALZAC|spa|1
|-boost|p1a: BALZAC|spd|1
|
|upkeep
|turn|17
|
|t:|1779558646
|move|p2a: Lando|Protect|p2a: Lando
|-singleturn|p2a: Lando|Protect
|move|p1a: BALZAC|Scald|p2a: Lando
|-activate|p2a: Lando|move: Protect
|
|-ability|p2a: Lando|Speed Boost|boost
|-boost|p2a: Lando|spe|1
|upkeep
|turn|18
|
|t:|1779558654
|move|p2a: Lando|Swords Dance|p2a: Lando
|-boost|p2a: Lando|atk|2
|move|p1a: BALZAC|Scald|p2a: Lando
|-supereffective|p2a: Lando
|-enditem|p2a: Lando|Focus Sash
|-damage|p2a: Lando|1/100
|
|-ability|p2a: Lando|Speed Boost|boost
|-boost|p2a: Lando|spe|1
|upkeep
|turn|19
|
|t:|1779558664
|move|p2a: Lando|Fire Punch|p1a: BALZAC
|-supereffective|p1a: BALZAC
|-damage|p1a: BALZAC|0 fnt
|faint|p1a: BALZAC
|
|-ability|p2a: Lando|Speed Boost|boost
|-boost|p2a: Lando|spe|1
|upkeep
|
|t:|1779558672
|switch|p1a: KING|Kingambit, F, shiny|100/100
|-activate|p1a: KING|ability: Supreme Overlord
|-start|p1a: KING|fallen1|[silent]
|turn|20
|
|t:|1779558688
|move|p2a: Lando|Protect|p2a: Lando
|-singleturn|p2a: Lando|Protect
|move|p1a: KING|Sucker Punch||[still]
|-fail|p1a: KING
|
|-ability|p2a: Lando|Speed Boost|boost
|-boost|p2a: Lando|spe|1
|upkeep
|turn|21
|
|t:|1779558694
|move|p1a: KING|Sucker Punch||[still]
|-fail|p1a: KING
|move|p2a: Lando|Swords Dance|p2a: Lando
|-boost|p2a: Lando|atk|2
|
|-ability|p2a: Lando|Speed Boost|boost
|-boost|p2a: Lando|spe|1
|upkeep
|turn|22
|
|t:|1779558701
|move|p2a: Lando|Protect|p2a: Lando
|-singleturn|p2a: Lando|Protect
|move|p1a: KING|Sucker Punch||[still]
|-fail|p1a: KING
|
|-ability|p2a: Lando|Speed Boost|boost
|-boost|p2a: Lando|spe|1
|upkeep
|turn|23
|
|t:|1779558707
|move|p2a: Lando|Swords Dance|p2a: Lando
|-boost|p2a: Lando|atk|2
|move|p1a: KING|Brick Break|p2a: Lando
|-damage|p2a: Lando|0 fnt
|faint|p2a: Lando
|
|upkeep
|
|t:|1779558728
|switch|p2a: Wileed|Drifblim, M, shiny|100/100
|turn|24
|inactive|0xdragonite has 120 seconds left.
|
|t:|1779558764
|move|p1a: KING|Sucker Punch||[still]
|-fail|p1a: KING
|move|p2a: Wileed|Will-O-Wisp|p1a: KING
|-status|p1a: KING|brn
|
|-damage|p1a: KING|94/100 brn|[from] brn
|upkeep
|turn|25
|
|t:|1779558777
|move|p2a: Wileed|Strength Sap|p1a: KING
|-unboost|p1a: KING|atk|1
|move|p1a: KING|Swords Dance|p1a: KING
|-boost|p1a: KING|atk|2
|
|-heal|p1a: KING|100/100 brn|[from] item: Leftovers
|-damage|p1a: KING|94/100 brn|[from] brn
|upkeep
|turn|26
|
|t:|1779558785
|switch|p2a: Hornella|Alomomola, F|100/100
|move|p1a: KING|Sucker Punch||[still]
|-fail|p1a: KING
|
|-heal|p1a: KING|100/100 brn|[from] item: Leftovers
|-damage|p1a: KING|94/100 brn|[from] brn
|upkeep
|turn|27
|
|t:|1779558793
|move|p1a: KING|Brick Break|p2a: Hornella
|-damage|p2a: Hornella|87/100
|move|p2a: Hornella|Flip Turn|p1a: KING
|-damage|p1a: KING|81/100 brn
|
|t:|1779558802
|switch|p2a: Wileed|Drifblim, M, shiny|100/100|[from] Flip Turn
|
|-heal|p1a: KING|87/100 brn|[from] item: Leftovers
|-damage|p1a: KING|81/100 brn|[from] brn
|upkeep
|turn|28
|
|t:|1779558813
|move|p2a: Wileed|Strength Sap|p1a: KING
|-unboost|p1a: KING|atk|1
|move|p1a: KING|Iron Head|p2a: Wileed
|-damage|p2a: Wileed|61/100
|
|-heal|p1a: KING|87/100 brn|[from] item: Leftovers
|-damage|p1a: KING|81/100 brn|[from] brn
|upkeep
|turn|29
|
|t:|1779558826
|move|p1a: KING|Sucker Punch||[still]
|-fail|p1a: KING
|move|p2a: Wileed|Calm Mind|p2a: Wileed
|-boost|p2a: Wileed|spa|1
|-boost|p2a: Wileed|spd|1
|
|-heal|p1a: KING|87/100 brn|[from] item: Leftovers
|-damage|p1a: KING|81/100 brn|[from] brn
|upkeep
|turn|30
|
|t:|1779558834
|-end|p1a: KING|fallen1|[silent]
|switch|p1a: MAHALO|Ninetales-Alola, M, shiny|55/100
|-weather|Snowscape|[from] ability: Snow Warning|[of] p1a: MAHALO
|move|p2a: Wileed|Strength Sap|p1a: MAHALO
|-unboost|p1a: MAHALO|atk|1
|-heal|p2a: Wileed|90/100
|
|-weather|Snowscape|[upkeep]
|upkeep
|turn|31
|
|t:|1779558854
|move|p2a: Wileed|Calm Mind|p2a: Wileed
|-boost|p2a: Wileed|spa|1
|-boost|p2a: Wileed|spd|1
|move|p1a: MAHALO|Roar|p2a: Wileed
|drag|p2a: Hornella|Alomomola, F|100/100
|
|-weather|Snowscape|[upkeep]
|upkeep
|turn|32
|
|t:|1779558861
|move|p1a: MAHALO|Aurora Veil|p1a: MAHALO
|-sidestart|p1: 0xdragonite|move: Aurora Veil
|move|p2a: Hornella|Flip Turn|p1a: MAHALO
|-damage|p1a: MAHALO|48/100
|
|t:|1779558872
|switch|p2a: Bress|Amoonguss, M|100/100|[from] Flip Turn
|
|-weather|Snowscape|[upkeep]
|upkeep
|turn|33
|
|t:|1779558898
|switch|p2a: Wileed|Drifblim, M, shiny|90/100
|move|p1a: MAHALO|Freeze-Dry|p2a: Wileed
|-supereffective|p2a: Wileed
|-damage|p2a: Wileed|34/100
|-enditem|p2a: Wileed|Sitrus Berry|[eat]
|-heal|p2a: Wileed|59/100|[from] item: Sitrus Berry
|
|-weather|Snowscape|[upkeep]
|upkeep
|turn|34
|
|t:|1779558926
|switch|p2a: Hornella|Alomomola, F|100/100
|move|p1a: MAHALO|Freeze-Dry|p2a: Hornella
|-supereffective|p2a: Hornella
|-damage|p2a: Hornella|50/100
|
|-weather|none
|upkeep
|turn|35
|
|t:|1779558936
|move|p2a: Hornella|Protect|p2a: Hornella
|-singleturn|p2a: Hornella|Protect
|move|p1a: MAHALO|Freeze-Dry|p2a: Hornella
|-activate|p2a: Hornella|move: Protect
|
|upkeep
|turn|36
|
|t:|1779558943
|switch|p2a: Bress|Amoonguss, M|100/100
|move|p1a: MAHALO|Freeze-Dry|p2a: Bress
|-supereffective|p2a: Bress
|-damage|p2a: Bress|74/100
|
|upkeep
|turn|37
|
|t:|1779558957
|switch|p1a: FEUER FREI|Moltres, shiny|78/100
|move|p2a: Bress|Toxic|p1a: FEUER FREI
|-status|p1a: FEUER FREI|tox
|
|-damage|p1a: FEUER FREI|72/100 tox|[from] psn
|upkeep
|turn|38
|
|t:|1779558967
|move|p1a: FEUER FREI|Flamethrower|p2a: Bress
|-supereffective|p2a: Bress
|-damage|p2a: Bress|23/100
|move|p2a: Bress|Synthesis|p2a: Bress
|-heal|p2a: Bress|73/100
|
|-damage|p1a: FEUER FREI|60/100 tox|[from] psn
|upkeep
|turn|39
|
|t:|1779558979
|switch|p2a: Hornella|Alomomola, F|83/100
|move|p1a: FEUER FREI|Flamethrower|p2a: Hornella
|-resisted|p2a: Hornella
|-damage|p2a: Hornella|62/100
|
|-damage|p1a: FEUER FREI|42/100 tox|[from] psn
|-sideend|p1: 0xdragonite|move: Aurora Veil
|upkeep
|turn|40
|
|t:|1779558987
|move|p2a: Hornella|Protect|p2a: Hornella
|-singleturn|p2a: Hornella|Protect
|move|p1a: FEUER FREI|U-turn|p2a: Hornella
|-activate|p2a: Hornella|move: Protect
|
|-damage|p1a: FEUER FREI|18/100 tox|[from] psn
|upkeep
|turn|41
|
|t:|1779558994
|switch|p1a: MAHALO|Ninetales-Alola, M, shiny|48/100
|-weather|Snowscape|[from] ability: Snow Warning|[of] p1a: MAHALO
|move|p2a: Hornella|Aqua Jet|p1a: MAHALO
|-damage|p1a: MAHALO|39/100
|
|-weather|Snowscape|[upkeep]
|upkeep
|turn|42
|
|t:|1779559004
|move|p1a: MAHALO|Aurora Veil|p1a: MAHALO
|-sidestart|p1: 0xdragonite|move: Aurora Veil
|move|p2a: Hornella|Wish|p2a: Hornella
|
|-weather|Snowscape|[upkeep]
|upkeep
|turn|43
|
|t:|1779559011
|switch|p1a: WAP|Clefable, M|100/100
|move|p2a: Hornella|Protect||[still]
|-fail|p2a: Hornella
|
|-weather|Snowscape|[upkeep]
|-heal|p2a: Hornella|100/100|[from] move: Wish|[wisher] Hornella
|upkeep
|turn|44
|
|t:|1779559016
|move|p2a: Hornella|Flip Turn|p1a: WAP
|-damage|p1a: WAP|94/100
|
|t:|1779559020
|switch|p2a: Alvin|Espeon, F|90/100|[from] Flip Turn
|move|p1a: WAP|Calm Mind|p1a: WAP
|-boost|p1a: WAP|spa|1
|-boost|p1a: WAP|spd|1
|
|-weather|Snowscape|[upkeep]
|-heal|p2a: Alvin|96/100|[from] item: Leftovers
|-heal|p1a: WAP|100/100|[from] item: Leftovers
|upkeep
|turn|45
|
|t:|1779559034
|move|p2a: Alvin|Calm Mind|p2a: Alvin
|-boost|p2a: Alvin|spa|1
|-boost|p2a: Alvin|spd|1
|move|p1a: WAP|Calm Mind|p1a: WAP
|-boost|p1a: WAP|spa|1
|-boost|p1a: WAP|spd|1
|
|-weather|none
|-heal|p2a: Alvin|100/100|[from] item: Leftovers
|upkeep
|turn|46
|
|t:|1779559049
|move|p2a: Alvin|Calm Mind|p2a: Alvin
|-boost|p2a: Alvin|spa|1
|-boost|p2a: Alvin|spd|1
|move|p1a: WAP|Calm Mind|p1a: WAP
|-boost|p1a: WAP|spa|1
|-boost|p1a: WAP|spd|1
|
|upkeep
|turn|47
|
|t:|1779559055
|move|p2a: Alvin|Calm Mind|p2a: Alvin
|-boost|p2a: Alvin|spa|1
|-boost|p2a: Alvin|spd|1
|move|p1a: WAP|Calm Mind|p1a: WAP
|-boost|p1a: WAP|spa|1
|-boost|p1a: WAP|spd|1
|
|upkeep
|turn|48
|
|t:|1779559063
|move|p2a: Alvin|Calm Mind|p2a: Alvin
|-boost|p2a: Alvin|spa|1
|-boost|p2a: Alvin|spd|1
|move|p1a: WAP|Calm Mind|p1a: WAP
|-boost|p1a: WAP|spa|1
|-boost|p1a: WAP|spd|1
|
|upkeep
|turn|49
|
|t:|1779559069
|move|p2a: Alvin|Calm Mind|p2a: Alvin
|-boost|p2a: Alvin|spa|1
|-boost|p2a: Alvin|spd|1
|move|p1a: WAP|Calm Mind|p1a: WAP
|-boost|p1a: WAP|spa|1
|-boost|p1a: WAP|spd|1
|
|-sideend|p1: 0xdragonite|move: Aurora Veil
|upkeep
|turn|50
|
|t:|1779559078
|move|p2a: Alvin|Calm Mind|p2a: Alvin
|-boost|p2a: Alvin|spa|1
|-boost|p2a: Alvin|spd|1
|move|p1a: WAP|Stored Power|p2a: Alvin
|-resisted|p2a: Alvin
|-damage|p2a: Alvin|65/100
|
|-heal|p2a: Alvin|71/100|[from] item: Leftovers
|upkeep
|turn|51
|
|t:|1779559090
|move|p2a: Alvin|Protect|p2a: Alvin
|-singleturn|p2a: Alvin|Protect
|move|p1a: WAP|Draining Kiss|p2a: Alvin
|-activate|p2a: Alvin|move: Protect
|
|-heal|p2a: Alvin|77/100|[from] item: Leftovers
|upkeep
|turn|52
|
|t:|1779559098
|move|p2a: Alvin|Psychic|p1a: WAP
|-damage|p1a: WAP|58/100
|move|p1a: WAP|Stored Power|p2a: Alvin
|-resisted|p2a: Alvin
|-damage|p2a: Alvin|43/100
|
|-heal|p2a: Alvin|48/100|[from] item: Leftovers
|-heal|p1a: WAP|64/100|[from] item: Leftovers
|upkeep
|turn|53
|
|t:|1779559107
|move|p1a: WAP|Protect|p1a: WAP
|-singleturn|p1a: WAP|Protect
|move|p2a: Alvin|Psychic|p1a: WAP
|-activate|p1a: WAP|move: Protect
|
|-heal|p2a: Alvin|54/100|[from] item: Leftovers
|-heal|p1a: WAP|71/100|[from] item: Leftovers
|upkeep
|turn|54
|
|t:|1779559114
|move|p2a: Alvin|Psychic|p1a: WAP
|-damage|p1a: WAP|25/100
|move|p1a: WAP|Draining Kiss|p2a: Alvin
|-damage|p2a: Alvin|34/100
|-heal|p1a: WAP|36/100|[from] drain|[of] p2a: Alvin
|
|-heal|p2a: Alvin|40/100|[from] item: Leftovers
|-heal|p1a: WAP|42/100|[from] item: Leftovers
|upkeep
|turn|55
|
|t:|1779559122
|move|p1a: WAP|Protect|p1a: WAP
|-singleturn|p1a: WAP|Protect
|move|p2a: Alvin|Psychic|p1a: WAP
|-activate|p1a: WAP|move: Protect
|
|-heal|p2a: Alvin|46/100|[from] item: Leftovers
|-heal|p1a: WAP|48/100|[from] item: Leftovers
|upkeep
|turn|56
|
|t:|1779559128
|move|p2a: Alvin|Psychic|p1a: WAP
|-damage|p1a: WAP|1/100
|move|p1a: WAP|Draining Kiss|p2a: Alvin
|-damage|p2a: Alvin|25/100
|-heal|p1a: WAP|12/100|[from] drain|[of] p2a: Alvin
|
|-heal|p2a: Alvin|31/100|[from] item: Leftovers
|-heal|p1a: WAP|18/100|[from] item: Leftovers
|upkeep
|turn|57
|inactive|Jeaph has 120 seconds left.
|
|t:|1779559159
|move|p1a: WAP|Protect|p1a: WAP
|-singleturn|p1a: WAP|Protect
|move|p2a: Alvin|Dazzling Gleam|p1a: WAP
|-activate|p1a: WAP|move: Protect
|
|-heal|p2a: Alvin|37/100|[from] item: Leftovers
|-heal|p1a: WAP|24/100|[from] item: Leftovers
|upkeep
|turn|58
|
|t:|1779559168
|move|p2a: Alvin|Psychic|p1a: WAP
|-damage|p1a: WAP|0 fnt
|faint|p1a: WAP
|
|-heal|p2a: Alvin|43/100|[from] item: Leftovers
|upkeep
|
|t:|1779559179
|switch|p1a: DONTTREADONME|Iron Treads, shiny|55/100
|turn|59
|
|t:|1779559187
|move|p2a: Alvin|Psychic|p1a: DONTTREADONME
|-resisted|p1a: DONTTREADONME
|-damage|p1a: DONTTREADONME|0 fnt
|faint|p1a: DONTTREADONME
|-end|p1a: DONTTREADONME|Quark Drive|[silent]
|
|-heal|p2a: Alvin|49/100|[from] item: Leftovers
|upkeep
|
|t:|1779559194
|switch|p1a: KING|Kingambit, F, shiny|81/100 brn
|-activate|p1a: KING|ability: Supreme Overlord
|-start|p1a: KING|fallen3|[silent]
|turn|60
|
|t:|1779559199
|move|p2a: Alvin|Protect|p2a: Alvin
|-singleturn|p2a: Alvin|Protect
|move|p1a: KING|Sucker Punch||[still]
|-fail|p1a: KING
|
|-heal|p2a: Alvin|55/100|[from] item: Leftovers
|-heal|p1a: KING|87/100 brn|[from] item: Leftovers
|-damage|p1a: KING|81/100 brn|[from] brn
|upkeep
|turn|61
|
|t:|1779559209
|-terastallize|p2a: Alvin|Fairy
|move|p1a: KING|Sucker Punch|p2a: Alvin
|-resisted|p2a: Alvin
|-damage|p2a: Alvin|31/100
|move|p2a: Alvin|Dazzling Gleam|p1a: KING
|-damage|p1a: KING|0 fnt
|faint|p1a: KING
|-end|p1a: KING|fallen3|[silent]
|
|-heal|p2a: Alvin|37/100|[from] item: Leftovers
|upkeep
|
|t:|1779559213
|switch|p1a: FEUER FREI|Moltres, shiny|18/100 tox
|turn|62
|
|t:|1779559219
|move|p2a: Alvin|Psychic|p1a: FEUER FREI
|-damage|p1a: FEUER FREI|0 fnt
|faint|p1a: FEUER FREI
|
|-heal|p2a: Alvin|43/100|[from] item: Leftovers
|upkeep
|c|☆0xdragonite|gg
|-message|0xdragonite forfeited.
|
|win|Jeaph
|raw|0xdragonite's rating: 1240 &rarr; <strong>1216</strong><br />(-24 for losing)
|raw|Jeaph's rating: 1254 &rarr; <strong>1278</strong><br />(+24 for winning)
|l|☆0xdragonite
|player|p1|
|c|☆Jeaph|gg
|l|☆Jeaph
|player|p2|
