|j|☆thebestyearsofou
|j|☆claudechamp
|t:|1779714992
|gametype|singles
|player|p1|thebestyearsofou|265|1082
|player|p2|claudechamp|102|1148
|gen|9
|tier|[Gen 9] OU
|rated|
|rule|HP Percentage Mod: HP is shown in percentages
|rule|Endless Battle Clause: Forcing endless battles is banned
|rule|Species Clause: Limit one of each Pokémon
|rule|OHKO Clause: OHKO moves are banned
|rule|Evasion Items Clause: Evasion items are banned
|rule|Evasion Moves Clause: Evasion moves are banned
|rule|Evasion Abilities Clause: Evasion abilities are banned
|rule|Sleep Moves Clause: Sleep-inducing moves are banned
|clearpoke
|poke|p1|Enamorus, F|
|poke|p1|Hatterene, F|
|poke|p1|Darkrai|
|poke|p1|Weezing-Galar, F|
|poke|p1|Dragonite, F|
|poke|p1|Blaziken, F|
|poke|p2|Gliscor, M|
|poke|p2|Ogerpon, F|
|poke|p2|Walking Wake|
|poke|p2|Blissey, F|
|poke|p2|Corviknight, M|
|poke|p2|Pecharunt|
|teampreview
|c|☆claudechamp|hf
|inactive|Battle timer is ON: inactive players will automatically lose when time's up. (requested by claudechamp)
|inactive|thebestyearsofou also wants the timer to be on.
|
|t:|1779715000
|teamsize|p1|6
|teamsize|p2|6
|start
|switch|p1a: Darkrai|Darkrai, shiny|100/100
|switch|p2a: Gliscor|Gliscor, M|100/100
|turn|1
|c|☆thebestyearsofou|u2
|
|t:|1779715019
|move|p1a: Darkrai|Ice Beam|p2a: Gliscor
|-supereffective|p2a: Gliscor
|-damage|p2a: Gliscor|0 fnt
|faint|p2a: Gliscor
|
|upkeep
|
|t:|1779715021
|switch|p2a: Blissey|Blissey, F|100/100
|turn|2
|
|t:|1779715040
|switch|p1a: Blaziken|Blaziken, F|100/100
|move|p2a: Blissey|Stealth Rock|p1a: Blaziken
|-sidestart|p1: thebestyearsofou|move: Stealth Rock
|
|upkeep
|turn|3
|
|t:|1779715054
|switch|p1a: Darkrai|Darkrai, shiny|100/100
|-damage|p1a: Darkrai|88/100|[from] Stealth Rock
|move|p2a: Blissey|Seismic Toss|p1a: Darkrai
|-damage|p1a: Darkrai|52/100
|
|upkeep
|turn|4
|
|t:|1779715080
|move|p1a: Darkrai|Trick|p2a: Blissey
|-activate|p1a: Darkrai|move: Trick|[of] p2a: Blissey
|-item|p2a: Blissey|Choice Scarf|[from] move: Trick
|-item|p1a: Darkrai|Heavy-Duty Boots|[from] move: Trick
|move|p2a: Blissey|Seismic Toss|p1a: Darkrai
|-damage|p1a: Darkrai|17/100
|
|upkeep
|turn|5
|
|t:|1779715087
|-terastallize|p1a: Darkrai|Ghost
|move|p1a: Darkrai|Will-O-Wisp|p2a: Blissey
|-status|p2a: Blissey|brn
|move|p2a: Blissey|Seismic Toss|p1a: Darkrai
|-immune|p1a: Darkrai
|
|-damage|p2a: Blissey|94/100 brn|[from] brn
|upkeep
|turn|6
|
|t:|1779715092
|-curestatus|p2a: Blissey|brn|[from] ability: Natural Cure|[silent]
|switch|p2a: Pecharunt|Pecharunt|100/100
|move|p1a: Darkrai|Ice Beam|p2a: Pecharunt
|-damage|p2a: Pecharunt|68/100
|
|upkeep
|turn|7
|
|t:|1779715101
|move|p1a: Darkrai|Dark Pulse|p2a: Pecharunt
|-supereffective|p2a: Pecharunt
|-damage|p2a: Pecharunt|0 fnt
|faint|p2a: Pecharunt
|
|upkeep
|
|t:|1779715110
|switch|p2a: Walking Wake|Walking Wake|100/100
|turn|8
|
|t:|1779715122
|move|p1a: Darkrai|Ice Beam|p2a: Walking Wake
|-damage|p2a: Walking Wake|61/100
|move|p2a: Walking Wake|Surf|p1a: Darkrai
|-damage|p1a: Darkrai|0 fnt
|faint|p1a: Darkrai
|
|upkeep
|
|t:|1779715130
|switch|p1a: Dragonite|Dragonite, F, shiny|100/100
|turn|9
|
|t:|1779715132
|move|p2a: Walking Wake|Draco Meteor|p1a: Dragonite|[miss]
|-miss|p2a: Walking Wake|p1a: Dragonite
|move|p1a: Dragonite|Dragon Dance|p1a: Dragonite
|-boost|p1a: Dragonite|atk|1
|-boost|p1a: Dragonite|spe|1
|
|upkeep
|turn|10
|
|t:|1779715136
|move|p1a: Dragonite|Extreme Speed|p2a: Walking Wake
|-damage|p2a: Walking Wake|16/100
|move|p2a: Walking Wake|Surf|p1a: Dragonite
|-resisted|p1a: Dragonite
|-damage|p1a: Dragonite|91/100
|
|upkeep
|turn|11
|
|t:|1779715139
|-end|p2a: Walking Wake|Protosynthesis|[silent]
|switch|p2a: Corviknight|Corviknight, M|100/100
|-ability|p2a: Corviknight|Pressure
|move|p1a: Dragonite|Extreme Speed|p2a: Corviknight
|-resisted|p2a: Corviknight
|-damage|p2a: Corviknight|87/100
|
|upkeep
|turn|12
|
|t:|1779715146
|switch|p1a: Weezing|Weezing-Galar, F|100/100
|-damage|p1a: Weezing|88/100|[from] Stealth Rock
|move|p2a: Corviknight|U-turn|p1a: Weezing
|-resisted|p1a: Weezing
|-damage|p1a: Weezing|86/100
|
|t:|1779715149
|switch|p2a: Walking Wake|Walking Wake|16/100|[from] U-turn
|
|upkeep
|turn|13
|
|t:|1779715153
|move|p2a: Walking Wake|Knock Off|p1a: Weezing
|-resisted|p1a: Weezing
|-damage|p1a: Weezing|78/100
|-enditem|p1a: Weezing|Chesto Berry|[from] move: Knock Off|[of] p2a: Walking Wake
|move|p1a: Weezing|Will-O-Wisp|p2a: Walking Wake
|-status|p2a: Walking Wake|brn
|
|-damage|p2a: Walking Wake|10/100 brn|[from] brn
|upkeep
|turn|14
|
|t:|1779715157
|move|p2a: Walking Wake|Surf|p1a: Weezing
|-damage|p1a: Weezing|34/100
|move|p1a: Weezing|Toxic Spikes|p2a: Walking Wake
|-sidestart|p2: claudechamp|move: Toxic Spikes
|
|-damage|p2a: Walking Wake|4/100 brn|[from] brn
|upkeep
|turn|15
|
|t:|1779715165
|move|p2a: Walking Wake|Surf|p1a: Weezing
|-crit|p1a: Weezing
|-damage|p1a: Weezing|0 fnt
|faint|p1a: Weezing
|
|-damage|p2a: Walking Wake|0 fnt|[from] brn
|faint|p2a: Walking Wake
|-end|p2a: Walking Wake|Protosynthesis|[silent]
|upkeep
|
|t:|1779715171
|switch|p2a: Corviknight|Corviknight, M|87/100
|switch|p1a: Dragonite|Dragonite, F, shiny|91/100
|-ability|p2a: Corviknight|Pressure
|turn|16
|
|t:|1779715178
|move|p1a: Dragonite|Dragon Dance|p1a: Dragonite
|-boost|p1a: Dragonite|atk|1
|-boost|p1a: Dragonite|spe|1
|move|p2a: Corviknight|Body Press|p1a: Dragonite
|-resisted|p1a: Dragonite
|-damage|p1a: Dragonite|78/100
|
|upkeep
|turn|17
|
|t:|1779715183
|-terastallize|p2a: Corviknight|Ghost
|move|p1a: Dragonite|Dragon Dance|p1a: Dragonite
|-boost|p1a: Dragonite|atk|1
|-boost|p1a: Dragonite|spe|1
|move|p2a: Corviknight|Body Press|p1a: Dragonite
|-resisted|p1a: Dragonite
|-damage|p1a: Dragonite|67/100
|
|upkeep
|turn|18
|
|t:|1779715189
|move|p1a: Dragonite|Earthquake|p2a: Corviknight
|-damage|p2a: Corviknight|41/100
|move|p2a: Corviknight|Body Press|p1a: Dragonite
|-resisted|p1a: Dragonite
|-damage|p1a: Dragonite|56/100
|
|upkeep
|turn|19
|c|☆thebestyearsofou|thank god bro
|c|☆thebestyearsofou|i had nothing that effected him til you terrad
|
|t:|1779715201
|switch|p2a: Blissey|Blissey, F|94/100
|-status|p2a: Blissey|psn
|move|p1a: Dragonite|Earthquake|p2a: Blissey
|-damage|p2a: Blissey|25/100 psn
|
|-damage|p2a: Blissey|12/100 psn|[from] psn
|upkeep
|turn|20
|
|t:|1779715205
|move|p1a: Dragonite|Roost|p1a: Dragonite
|-heal|p1a: Dragonite|100/100
|-singleturn|p1a: Dragonite|move: Roost
|move|p2a: Blissey|Seismic Toss|p1a: Dragonite
|-damage|p1a: Dragonite|75/100
|
|-damage|p2a: Blissey|0 fnt|[from] psn
|faint|p2a: Blissey
|upkeep
|
|t:|1779715210
|switch|p2a: Corviknight|Corviknight, M, tera:Ghost|41/100
|-ability|p2a: Corviknight|Pressure
|turn|21
|
|t:|1779715220
|move|p1a: Dragonite|Dragon Dance|p1a: Dragonite
|-boost|p1a: Dragonite|atk|1
|-boost|p1a: Dragonite|spe|1
|move|p2a: Corviknight|Body Press|p1a: Dragonite
|-resisted|p1a: Dragonite
|-damage|p1a: Dragonite|63/100
|
|upkeep
|turn|22
|
|t:|1779715227
|switch|p2a: Ogerpon|Ogerpon, F|100/100
|move|p1a: Dragonite|Dragon Dance|p1a: Dragonite
|-boost|p1a: Dragonite|atk|1
|-boost|p1a: Dragonite|spe|1
|
|upkeep
|turn|23
|
|t:|1779715233
|move|p1a: Dragonite|Roost|p1a: Dragonite
|-heal|p1a: Dragonite|100/100
|-singleturn|p1a: Dragonite|move: Roost
|move|p2a: Ogerpon|Ivy Cudgel|p1a: Dragonite
|-resisted|p1a: Dragonite
|-damage|p1a: Dragonite|88/100
|
|upkeep
|turn|24
|
|t:|1779715240
|switch|p2a: Corviknight|Corviknight, M, tera:Ghost|41/100
|-ability|p2a: Corviknight|Pressure
|move|p1a: Dragonite|Extreme Speed|p2a: Corviknight
|-immune|p2a: Corviknight
|
|upkeep
|turn|25
|
|t:|1779715246
|move|p1a: Dragonite|Earthquake|p2a: Corviknight
|-damage|p2a: Corviknight|0 fnt
|faint|p2a: Corviknight
|
|upkeep
|
|t:|1779715250
|switch|p2a: Ogerpon|Ogerpon, F|100/100
|turn|26
|
|t:|1779715258
|move|p1a: Dragonite|Extreme Speed|p2a: Ogerpon
|-damage|p2a: Ogerpon|0 fnt
|faint|p2a: Ogerpon
|
|win|thebestyearsofou
|raw|thebestyearsofou's rating: 1082 &rarr; <strong>1117</strong><br />(+35 for winning)
|raw|claudechamp's rating: 1176 &rarr; <strong>1144</strong><br />(-32 for losing)
|l|☆thebestyearsofou
|player|p1|
|c|☆claudechamp|gg
