|inactive|Battle timer is ON: inactive players will automatically lose when time's up.
|t:|1779569513
|gametype|singles
|player|p1|Regiboob|chuck|
|player|p2|velvet|#agwliiikyogres|
|gen|9
|tier|[Gen 9] OU
|rule|HP Percentage Mod: HP is shown in percentages
|rule|Endless Battle Clause: Forcing endless battles is banned
|rule|Species Clause: Limit one of each Pokémon
|rule|OHKO Clause: OHKO moves are banned
|rule|Evasion Items Clause: Evasion items are banned
|rule|Evasion Moves Clause: Evasion moves are banned
|rule|Evasion Abilities Clause: Evasion abilities are banned
|rule|Sleep Moves Clause: Sleep-inducing moves are banned
|clearpoke
|poke|p1|Kyurem|
|poke|p1|Cinderace, M|
|poke|p1|Ting-Lu|
|poke|p1|Slowking-Galar, F|
|poke|p1|Corviknight, F|
|poke|p1|Dondozo, M|
|poke|p2|Gholdengo|
|poke|p2|Ting-Lu|
|poke|p2|Zamazenta-*|
|poke|p2|Dragonite, F|
|poke|p2|Clefable, M|
|poke|p2|Skarmory, M|
|teampreview
|c|☆Regiboob|hf
|inactive|Regiboob has 270 seconds left.
|inactive|velvet has 270 seconds left.
|inactive|Regiboob has 240 seconds left.
|inactive|velvet has 240 seconds left.
|inactive|velvet has 210 seconds left.
|c|☆velvet|Hf
|inactive|velvet has 180 seconds left.
|
|t:|1779569659
|teamsize|p1|6
|teamsize|p2|6
|start
|switch|p1a: Cinderace|Cinderace, M|100/100
|switch|p2a: Clefable|Clefable, M|100/100
|turn|1
|
|t:|1779569672
|move|p1a: Cinderace|U-turn|p2a: Clefable
|-resisted|p2a: Clefable
|-damage|p2a: Clefable|93/100
|
|t:|1779569676
|switch|p1a: Slowking|Slowking-Galar, F|100/100|[from] U-turn
|move|p2a: Clefable|Calm Mind|p2a: Clefable
|-boost|p2a: Clefable|spa|1
|-boost|p2a: Clefable|spd|1
|
|-heal|p2a: Clefable|99/100|[from] item: Leftovers
|upkeep
|turn|2
|inactive|velvet has 210 seconds left.
|
|t:|1779569706
|move|p2a: Clefable|Calm Mind|p2a: Clefable
|-boost|p2a: Clefable|spa|1
|-boost|p2a: Clefable|spd|1
|move|p1a: Slowking|Trick|p2a: Clefable
|-activate|p1a: Slowking|move: Trick|[of] p2a: Clefable
|-item|p2a: Clefable|Black Sludge|[from] move: Trick
|-item|p1a: Slowking|Leftovers|[from] move: Trick
|
|upkeep
|turn|3
|
|t:|1779569717
|move|p2a: Clefable|Calm Mind|p2a: Clefable
|-boost|p2a: Clefable|spa|1
|-boost|p2a: Clefable|spd|1
|move|p1a: Slowking|Sludge Bomb|p2a: Clefable
|-supereffective|p2a: Clefable
|-damage|p2a: Clefable|75/100
|
|upkeep
|turn|4
|
|t:|1779569720
|move|p2a: Clefable|Calm Mind|p2a: Clefable
|-boost|p2a: Clefable|spa|1
|-boost|p2a: Clefable|spd|1
|move|p1a: Slowking|Sludge Bomb|p2a: Clefable
|-supereffective|p2a: Clefable
|-damage|p2a: Clefable|53/100
|
|upkeep
|turn|5
|
|t:|1779569722
|move|p2a: Clefable|Moonlight|p2a: Clefable
|-heal|p2a: Clefable|100/100
|move|p1a: Slowking|Sludge Bomb|p2a: Clefable
|-supereffective|p2a: Clefable
|-damage|p2a: Clefable|81/100
|
|upkeep
|turn|6
|
|t:|1779569727
|move|p2a: Clefable|Calm Mind|p2a: Clefable
|-boost|p2a: Clefable|spa|1
|-boost|p2a: Clefable|spd|1
|move|p1a: Slowking|Sludge Bomb|p2a: Clefable
|-supereffective|p2a: Clefable
|-damage|p2a: Clefable|63/100
|
|upkeep
|turn|7
|inactive|velvet has 240 seconds left.
|
|t:|1779569733
|move|p2a: Clefable|Moonlight|p2a: Clefable
|-heal|p2a: Clefable|100/100
|-prepare|p1a: Slowking|Chilly Reception|[premajor]
|move|p1a: Slowking|Chilly Reception|p1a: Slowking
|-weather|Snowscape
|
|t:|1779569735
|switch|p1a: Dondozo|Dondozo, M|100/100|[from] Chilly Reception
|
|-weather|Snowscape|[upkeep]
|upkeep
|turn|8
|
|t:|1779569738
|move|p2a: Clefable|Moonblast|p1a: Dondozo
|-damage|p1a: Dondozo|71/100
|move|p1a: Dondozo|Curse|p1a: Dondozo
|-unboost|p1a: Dondozo|spe|1
|-boost|p1a: Dondozo|atk|1
|-boost|p1a: Dondozo|def|1
|
|-weather|Snowscape|[upkeep]
|-heal|p1a: Dondozo|77/100|[from] item: Leftovers
|upkeep
|turn|9
|
|t:|1779569742
|move|p2a: Clefable|Moonblast|p1a: Dondozo
|-damage|p1a: Dondozo|49/100
|move|p1a: Dondozo|Curse|p1a: Dondozo
|-unboost|p1a: Dondozo|spe|1
|-boost|p1a: Dondozo|atk|1
|-boost|p1a: Dondozo|def|1
|
|-weather|Snowscape|[upkeep]
|-heal|p1a: Dondozo|55/100|[from] item: Leftovers
|upkeep
|turn|10
|
|t:|1779569746
|move|p2a: Clefable|Moonblast|p1a: Dondozo
|-crit|p1a: Dondozo
|-damage|p1a: Dondozo|8/100
|-unboost|p1a: Dondozo|spa|1
|move|p1a: Dondozo|Rest|p1a: Dondozo
|-status|p1a: Dondozo|slp|[from] move: Rest
|-heal|p1a: Dondozo|100/100 slp|[silent]
|
|-weather|Snowscape|[upkeep]
|upkeep
|turn|11
|
|t:|1779569748
|move|p2a: Clefable|Moonblast|p1a: Dondozo
|-damage|p1a: Dondozo|72/100 slp
|cant|p1a: Dondozo|slp
|move|p1a: Dondozo|Sleep Talk|p1a: Dondozo
|move|p1a: Dondozo|Curse|p1a: Dondozo|[from] move: Sleep Talk
|-unboost|p1a: Dondozo|spe|1
|-boost|p1a: Dondozo|atk|1
|-boost|p1a: Dondozo|def|1
|
|-weather|none
|-heal|p1a: Dondozo|78/100 slp|[from] item: Leftovers
|upkeep
|turn|12
|
|t:|1779569755
|move|p2a: Clefable|Moonblast|p1a: Dondozo
|-damage|p1a: Dondozo|49/100 slp
|-unboost|p1a: Dondozo|spa|1
|cant|p1a: Dondozo|slp
|move|p1a: Dondozo|Sleep Talk|p1a: Dondozo
|move|p1a: Dondozo|Rest||[from] move: Sleep Talk|[still]
|-fail|p1a: Dondozo
|
|-heal|p1a: Dondozo|55/100 slp|[from] item: Leftovers
|upkeep
|turn|13
|
|t:|1779569761
|switch|p2a: Dragonite|Dragonite, F|100/100
|-curestatus|p1a: Dondozo|slp|[msg]
|move|p1a: Dondozo|Rest|p1a: Dondozo
|-status|p1a: Dondozo|slp|[from] move: Rest
|-heal|p1a: Dondozo|100/100 slp|[silent]
|
|upkeep
|turn|14
|
|t:|1779569764
|cant|p1a: Dondozo|slp
|move|p1a: Dondozo|Sleep Talk|p1a: Dondozo
|move|p1a: Dondozo|Curse|p1a: Dondozo|[from] move: Sleep Talk
|-unboost|p1a: Dondozo|spe|1
|-boost|p1a: Dondozo|atk|1
|-boost|p1a: Dondozo|def|1
|move|p2a: Dragonite|Dragon Tail|p1a: Dondozo
|-damage|p1a: Dondozo|96/100 slp
|drag|p1a: Slowking|Slowking-Galar, F|100/100
|
|upkeep
|turn|15
|
|t:|1779569775
|switch|p2a: Ting-Lu|Ting-Lu|100/100
|-ability|p2a: Ting-Lu|Vessel of Ruin
|move|p1a: Slowking|Future Sight|p2a: Ting-Lu
|-start|p1a: Slowking|move: Future Sight
|
|upkeep
|turn|16
|
|t:|1779569787
|move|p2a: Ting-Lu|Earthquake|p1a: Slowking
|-supereffective|p1a: Slowking
|-damage|p1a: Slowking|0 fnt
|faint|p1a: Slowking
|
|upkeep
|inactive|Regiboob has 270 seconds left.
|
|t:|1779569820
|switch|p1a: Kyurem|Kyurem|100/100
|-ability|p1a: Kyurem|Pressure
|turn|17
|
|t:|1779569836
|move|p1a: Kyurem|Freeze-Dry|p2a: Ting-Lu
|-supereffective|p2a: Ting-Lu
|-damage|p2a: Ting-Lu|62/100
|move|p2a: Ting-Lu|Heavy Slam|p1a: Kyurem
|-supereffective|p1a: Kyurem
|-damage|p1a: Kyurem|65/100
|
|-end|p2a: Ting-Lu|move: Future Sight
|-immune|p2a: Ting-Lu
|-heal|p1a: Kyurem|72/100|[from] item: Leftovers
|upkeep
|turn|18
|
|t:|1779569847
|move|p1a: Kyurem|Freeze-Dry|p2a: Ting-Lu
|-supereffective|p2a: Ting-Lu
|-damage|p2a: Ting-Lu|25/100
|move|p2a: Ting-Lu|Heavy Slam|p1a: Kyurem
|-supereffective|p1a: Kyurem
|-damage|p1a: Kyurem|34/100
|
|-heal|p1a: Kyurem|41/100|[from] item: Leftovers
|upkeep
|turn|19
|-enditem|p2a: Ting-Lu|Custap Berry|[eat]
|-activate|p2a: Ting-Lu|item: Custap Berry|[consumed]
|
|t:|1779569852
|move|p2a: Ting-Lu|Heavy Slam|p1a: Kyurem
|-supereffective|p1a: Kyurem
|-damage|p1a: Kyurem|5/100
|move|p1a: Kyurem|Freeze-Dry|p2a: Ting-Lu
|-supereffective|p2a: Ting-Lu
|-damage|p2a: Ting-Lu|0 fnt
|faint|p2a: Ting-Lu
|
|-heal|p1a: Kyurem|11/100|[from] item: Leftovers
|upkeep
|
|t:|1779569859
|switch|p2a: Zamazenta|Zamazenta|100/100
|-ability|p2a: Zamazenta|Dauntless Shield|boost
|-boost|p2a: Zamazenta|def|1
|turn|20
|
|t:|1779569868
|switch|p2a: Gholdengo|Gholdengo|100/100
|move|p1a: Kyurem|Protect||[still]
|-fail|p1a: Kyurem
|
|-heal|p1a: Kyurem|17/100|[from] item: Leftovers
|upkeep
|turn|21
|
|t:|1779569882
|switch|p1a: Ting-Lu|Ting-Lu|100/100
|-ability|p1a: Ting-Lu|Vessel of Ruin
|move|p2a: Gholdengo|Make It Rain|p1a: Ting-Lu
|-damage|p1a: Ting-Lu|72/100
|-unboost|p2a: Gholdengo|spa|1
|
|-heal|p1a: Ting-Lu|79/100|[from] item: Leftovers
|upkeep
|turn|22
|
|t:|1779569890
|switch|p2a: Skarmory|Skarmory, M|100/100
|switch|p1a: Kyurem|Kyurem|17/100
|-ability|p1a: Kyurem|Pressure
|
|-heal|p1a: Kyurem|24/100|[from] item: Leftovers
|upkeep
|turn|23
|
|t:|1779569915
|move|p1a: Kyurem|Protect|p1a: Kyurem
|-singleturn|p1a: Kyurem|Protect
|move|p2a: Skarmory|Spikes|p1a: Kyurem
|-sidestart|p1: Regiboob|Spikes
|
|-heal|p1a: Kyurem|30/100|[from] item: Leftovers
|upkeep
|turn|24
|
|t:|1779569925
|switch|p1a: Corviknight|Corviknight, F|100/100
|-ability|p1a: Corviknight|Pressure
|move|p2a: Skarmory|Brave Bird|p1a: Corviknight
|-resisted|p1a: Corviknight
|-damage|p1a: Corviknight|91/100
|-damage|p2a: Skarmory|84/100|[from] item: Rocky Helmet|[of] p1a: Corviknight
|-damage|p2a: Skarmory|80/100|[from] Recoil
|
|-heal|p2a: Skarmory|86/100|[from] item: Leftovers
|upkeep
|turn|25
|
|t:|1779569931
|move|p2a: Skarmory|Spikes|p1a: Corviknight
|-sidestart|p1: Regiboob|Spikes
|move|p1a: Corviknight|U-turn|p2a: Skarmory
|-resisted|p2a: Skarmory
|-damage|p2a: Skarmory|84/100
|
|t:|1779569934
|switch|p1a: Cinderace|Cinderace, M|100/100|[from] U-turn
|
|-heal|p2a: Skarmory|90/100|[from] item: Leftovers
|upkeep
|turn|26
|
|t:|1779569939
|move|p1a: Cinderace|Court Change|p1a: Cinderace
|-swapsideconditions
|-activate|p1a: Cinderace|move: Court Change
|move|p2a: Skarmory|Roost|p2a: Skarmory
|-heal|p2a: Skarmory|100/100
|-singleturn|p2a: Skarmory|move: Roost
|
|upkeep
|turn|27
|
|t:|1779569943
|move|p1a: Cinderace|Will-O-Wisp|p2a: Skarmory
|-status|p2a: Skarmory|brn
|move|p2a: Skarmory|Spikes|p1a: Cinderace
|-sidestart|p1: Regiboob|Spikes
|
|-damage|p2a: Skarmory|94/100 brn|[from] brn
|upkeep
|turn|28
|
|t:|1779569946
|move|p1a: Cinderace|Pyro Ball|p2a: Skarmory
|-supereffective|p2a: Skarmory
|-damage|p2a: Skarmory|35/100 brn
|move|p2a: Skarmory|Spikes|p1a: Cinderace
|-sidestart|p1: Regiboob|Spikes
|
|-heal|p2a: Skarmory|41/100 brn|[from] item: Leftovers
|-damage|p2a: Skarmory|35/100 brn|[from] brn
|upkeep
|turn|29
|inactive|velvet has 270 seconds left.
|
|t:|1779569983
|switch|p2a: Clefable|Clefable, M|100/100
|move|p1a: Cinderace|Pyro Ball|p2a: Clefable
|-damage|p2a: Clefable|66/100
|
|upkeep
|turn|30
|
|t:|1779569989
|move|p1a: Cinderace|U-turn|p2a: Clefable
|-resisted|p2a: Clefable
|-damage|p2a: Clefable|59/100
|
|t:|1779569991
|switch|p1a: Corviknight|Corviknight, F|91/100|[from] U-turn
|-ability|p1a: Corviknight|Pressure
|move|p2a: Clefable|Moonlight|p2a: Clefable
|-heal|p2a: Clefable|100/100
|
|upkeep
|turn|31
|
|t:|1779569995
|switch|p2a: Gholdengo|Gholdengo|100/100
|move|p1a: Corviknight|Defog|p2a: Gholdengo
|-immune|p2a: Gholdengo|[from] ability: Good as Gold
|
|upkeep
|turn|32
|
|t:|1779570000
|move|p2a: Gholdengo|Nasty Plot|p2a: Gholdengo
|-boost|p2a: Gholdengo|spa|2
|move|p1a: Corviknight|U-turn|p2a: Gholdengo
|-resisted|p2a: Gholdengo
|-damage|p2a: Gholdengo|97/100
|
|t:|1779570003
|switch|p1a: Ting-Lu|Ting-Lu|79/100|[from] U-turn
|-damage|p1a: Ting-Lu|62/100|[from] Spikes
|-ability|p1a: Ting-Lu|Vessel of Ruin
|
|-heal|p1a: Ting-Lu|68/100|[from] item: Leftovers
|upkeep
|turn|33
|
|t:|1779570022
|-terastallize|p2a: Gholdengo|Fairy
|move|p2a: Gholdengo|Make It Rain|p1a: Ting-Lu
|-damage|p1a: Ting-Lu|18/100
|-unboost|p2a: Gholdengo|spa|1
|move|p1a: Ting-Lu|Earthquake|p2a: Gholdengo
|-damage|p2a: Gholdengo|57/100
|
|-heal|p1a: Ting-Lu|24/100|[from] item: Leftovers
|upkeep
|turn|34
|
|t:|1779570047
|-terastallize|p1a: Ting-Lu|Water
|move|p2a: Gholdengo|Make It Rain|p1a: Ting-Lu
|-resisted|p1a: Ting-Lu
|-damage|p1a: Ting-Lu|4/100
|-unboost|p2a: Gholdengo|spa|1
|move|p1a: Ting-Lu|Rest|p1a: Ting-Lu
|-status|p1a: Ting-Lu|slp|[from] move: Rest
|-heal|p1a: Ting-Lu|100/100 slp|[silent]
|
|upkeep
|turn|35
|
|t:|1779570058
|move|p2a: Gholdengo|Nasty Plot|p2a: Gholdengo
|-boost|p2a: Gholdengo|spa|2
|cant|p1a: Ting-Lu|slp
|move|p1a: Ting-Lu|Sleep Talk|p1a: Ting-Lu
|move|p1a: Ting-Lu|Rest||[from] move: Sleep Talk|[still]
|-fail|p1a: Ting-Lu
|
|upkeep
|turn|36
|
|t:|1779570067
|switch|p1a: Dondozo|Dondozo, M|96/100 slp
|-damage|p1a: Dondozo|79/100 slp|[from] Spikes
|move|p2a: Gholdengo|Shadow Ball|p1a: Dondozo
|-crit|p1a: Dondozo
|-damage|p1a: Dondozo|18/100 slp
|
|-heal|p1a: Dondozo|24/100 slp|[from] item: Leftovers
|upkeep
|turn|37
|
|t:|1779570083
|move|p2a: Gholdengo|Recover|p2a: Gholdengo
|-heal|p2a: Gholdengo|100/100
|cant|p1a: Dondozo|slp
|move|p1a: Dondozo|Sleep Talk|p1a: Dondozo
|move|p1a: Dondozo|Waterfall|p2a: Gholdengo|[from] move: Sleep Talk
|-damage|p2a: Gholdengo|70/100
|
|-heal|p1a: Dondozo|30/100 slp|[from] item: Leftovers
|upkeep
|turn|38
|
|t:|1779570097
|move|p2a: Gholdengo|Shadow Ball|p1a: Dondozo
|-damage|p1a: Dondozo|0 fnt
|faint|p1a: Dondozo
|
|upkeep
|
|t:|1779570108
|switch|p1a: Cinderace|Cinderace, M|100/100
|turn|39
|
|t:|1779570119
|move|p1a: Cinderace|Pyro Ball|p2a: Gholdengo
|-damage|p2a: Gholdengo|17/100
|move|p2a: Gholdengo|Recover|p2a: Gholdengo
|-heal|p2a: Gholdengo|67/100
|
|upkeep
|turn|40
|
|t:|1779570126
|move|p1a: Cinderace|U-turn|p2a: Gholdengo
|-resisted|p2a: Gholdengo
|-damage|p2a: Gholdengo|58/100
|inactive|Regiboob has 270 seconds left.
|
|t:|1779570159
|switch|p1a: Kyurem|Kyurem|30/100|[from] U-turn
|-damage|p1a: Kyurem|13/100|[from] Spikes
|-ability|p1a: Kyurem|Pressure
|move|p2a: Gholdengo|Shadow Ball|p1a: Kyurem
|-damage|p1a: Kyurem|0 fnt
|faint|p1a: Kyurem
|
|upkeep
|
|t:|1779570161
|switch|p1a: Cinderace|Cinderace, M|100/100
|turn|41
|
|t:|1779570175
|move|p1a: Cinderace|Pyro Ball|p2a: Gholdengo
|-damage|p2a: Gholdengo|4/100
|move|p2a: Gholdengo|Shadow Ball|p1a: Cinderace
|-damage|p1a: Cinderace|0 fnt
|faint|p1a: Cinderace
|
|upkeep
|
|t:|1779570184
|switch|p1a: Ting-Lu|Ting-Lu, tera:Water|100/100 slp
|-damage|p1a: Ting-Lu|84/100 slp|[from] Spikes
|-ability|p1a: Ting-Lu|Vessel of Ruin
|turn|42
|inactive|velvet has 270 seconds left.
|inactive|velvet has 240 seconds left.
|inactive|velvet has 210 seconds left.
|inactive|velvet has 180 seconds left.
|inactive|velvet has 150 seconds left.
|c|☆Regiboob|u got it boss lmfao
|c|☆Regiboob|have fun in the rest 
|-message|Regiboob forfeited.
|
|win|velvet
|player|p1|
|player|p2|
