|j|☆BrainOffHeadEmpty
|j|☆Mas0n23
|t:|1779687140
|gametype|singles
|player|p1|BrainOffHeadEmpty|hilda-wonderlauncher|1489
|player|p2|Mas0n23|drayden|1517
|gen|9
|tier|[Gen 9] OU
|rated|
|rule|HP Percentage Mod: HP is shown in percentages
|rule|Endless Battle Clause: Forcing endless battles is banned
|rule|Species Clause: Limit one of each Pokémon
|rule|OHKO Clause: OHKO moves are banned
|rule|Evasion Items Clause: Evasion items are banned
|rule|Evasion Moves Clause: Evasion moves are banned
|rule|Evasion Abilities Clause: Evasion abilities are banned
|rule|Sleep Moves Clause: Sleep-inducing moves are banned
|clearpoke
|poke|p1|Great Tusk|
|poke|p1|Walking Wake|
|poke|p1|Kingambit, F|
|poke|p1|Venusaur, M|
|poke|p1|Ninetales, F|
|poke|p1|Raging Bolt|
|poke|p2|Magnezone|
|poke|p2|Deoxys-Speed|
|poke|p2|Kyurem|
|poke|p2|Gholdengo|
|poke|p2|Slowking-Galar, F|
|poke|p2|Weezing-Galar, M|
|teampreview
|inactive|Battle timer is ON: inactive players will automatically lose when time's up. (requested by BrainOffHeadEmpty)
|
|t:|1779687157
|teamsize|p1|6
|teamsize|p2|6
|start
|switch|p1a: Ninetales|Ninetales, F|100/100
|switch|p2a: Deoxys|Deoxys-Speed|100/100
|-ability|p2a: Deoxys|Pressure
|-weather|SunnyDay|[from] ability: Drought|[of] p1a: Ninetales
|turn|1
|
|t:|1779687161
|move|p2a: Deoxys|Stealth Rock|p1a: Ninetales
|-sidestart|p1: BrainOffHeadEmpty|move: Stealth Rock
|move|p1a: Ninetales|Encore|p2a: Deoxys
|-start|p2a: Deoxys|Encore
|
|-weather|SunnyDay|[upkeep]
|upkeep
|turn|2
|
|t:|1779687167
|switch|p2a: Slowking|Slowking-Galar, F|100/100
|move|p1a: Ninetales|Will-O-Wisp|p2a: Slowking
|-status|p2a: Slowking|brn
|
|-weather|SunnyDay|[upkeep]
|-damage|p2a: Slowking|94/100 brn|[from] brn
|upkeep
|turn|3
|
|t:|1779687171
|switch|p1a: Great Tusk|Great Tusk|100/100
|-damage|p1a: Great Tusk|98/100|[from] Stealth Rock
|-activate|p1a: Great Tusk|ability: Protosynthesis
|-start|p1a: Great Tusk|protosynthesisatk
|move|p2a: Slowking|Future Sight|p1a: Great Tusk
|-start|p2a: Slowking|move: Future Sight
|
|-weather|SunnyDay|[upkeep]
|-damage|p2a: Slowking|88/100 brn|[from] brn
|upkeep
|turn|4
|
|t:|1779687180
|switch|p2a: Weezing|Weezing-Galar, M|100/100
|-ability|p2a: Weezing|Neutralizing Gas
|move|p1a: Great Tusk|Headlong Rush|p2a: Weezing
|-supereffective|p2a: Weezing
|-crit|p2a: Weezing
|-damage|p2a: Weezing|0 fnt
|-unboost|p1a: Great Tusk|def|1
|-unboost|p1a: Great Tusk|spd|1
|faint|p2a: Weezing
|-end|p2a: Weezing|ability: Neutralizing Gas
|
|-weather|SunnyDay|[upkeep]
|upkeep
|
|t:|1779687196
|switch|p2a: Deoxys|Deoxys-Speed|100/100
|-ability|p2a: Deoxys|Pressure
|turn|5
|
|t:|1779687206
|-end|p1a: Great Tusk|Protosynthesis|[silent]
|switch|p1a: Kingambit|Kingambit, F|100/100
|-damage|p1a: Kingambit|94/100|[from] Stealth Rock
|-item|p1a: Kingambit|Air Balloon
|move|p2a: Deoxys|Reflect|p2a: Deoxys
|-sidestart|p2: Mas0n23|Reflect
|
|-weather|SunnyDay|[upkeep]
|-end|p1a: Kingambit|move: Future Sight
|-immune|p1a: Kingambit
|upkeep
|turn|6
|
|t:|1779687213
|switch|p2a: Magnezone|Magnezone|100/100
|move|p1a: Kingambit|Kowtow Cleave|p2a: Magnezone
|-damage|p2a: Magnezone|79/100
|
|-weather|SunnyDay|[upkeep]
|upkeep
|turn|7
|
|t:|1779687242
|move|p1a: Kingambit|Swords Dance|p1a: Kingambit
|-boost|p1a: Kingambit|atk|2
|move|p2a: Magnezone|Flash Cannon|p1a: Kingambit
|-resisted|p1a: Kingambit
|-damage|p1a: Kingambit|45/100
|-enditem|p1a: Kingambit|Air Balloon
|
|-weather|SunnyDay|[upkeep]
|upkeep
|turn|8
|
|t:|1779687246
|move|p1a: Kingambit|Kowtow Cleave|p2a: Magnezone
|-damage|p2a: Magnezone|37/100
|move|p2a: Magnezone|Flash Cannon|p1a: Kingambit
|-resisted|p1a: Kingambit
|-damage|p1a: Kingambit|0 fnt
|faint|p1a: Kingambit
|-end|p1a: Kingambit|fallenundefined|[silent]
|
|-weather|none
|upkeep
|
|t:|1779687250
|switch|p1a: Great Tusk|Great Tusk|98/100
|-damage|p1a: Great Tusk|95/100|[from] Stealth Rock
|turn|9
|
|t:|1779687254
|move|p1a: Great Tusk|Rapid Spin|p2a: Magnezone
|-resisted|p2a: Magnezone
|-damage|p2a: Magnezone|33/100
|-boost|p1a: Great Tusk|spe|1
|-sideend|p1: BrainOffHeadEmpty|Stealth Rock|[from] move: Rapid Spin|[of] p1a: Great Tusk
|move|p2a: Magnezone|Flash Cannon|p1a: Great Tusk
|-damage|p1a: Great Tusk|16/100
|
|-sideend|p2: Mas0n23|Reflect
|upkeep
|turn|10
|
|t:|1779687262
|move|p1a: Great Tusk|Headlong Rush|p2a: Magnezone
|-supereffective|p2a: Magnezone
|-damage|p2a: Magnezone|0 fnt
|-unboost|p1a: Great Tusk|def|1
|-unboost|p1a: Great Tusk|spd|1
|faint|p2a: Magnezone
|
|upkeep
|
|t:|1779687265
|switch|p2a: Deoxys|Deoxys-Speed|100/100
|-ability|p2a: Deoxys|Pressure
|turn|11
|
|t:|1779687271
|-end|p1a: Great Tusk|Protosynthesis|[silent]
|switch|p1a: Ninetales|Ninetales, F|100/100
|-weather|SunnyDay|[from] ability: Drought|[of] p1a: Ninetales
|move|p2a: Deoxys|Psycho Boost|p1a: Ninetales
|-damage|p1a: Ninetales|47/100
|-unboost|p2a: Deoxys|spa|2
|
|-weather|SunnyDay|[upkeep]
|upkeep
|turn|12
|
|t:|1779687277
|move|p2a: Deoxys|Stealth Rock|p1a: Ninetales
|-sidestart|p1: BrainOffHeadEmpty|move: Stealth Rock
|move|p1a: Ninetales|Encore|p2a: Deoxys
|-start|p2a: Deoxys|Encore
|
|-weather|SunnyDay|[upkeep]
|upkeep
|turn|13
|
|t:|1779687280
|switch|p2a: Slowking|Slowking-Galar, F|100/100 brn
|move|p1a: Ninetales|Will-O-Wisp|p2a: Slowking|[miss]
|-miss|p1a: Ninetales|p2a: Slowking
|
|-weather|SunnyDay|[upkeep]
|-damage|p2a: Slowking|94/100 brn|[from] brn
|upkeep
|turn|14
|
|t:|1779687289
|switch|p1a: Venusaur|Venusaur, M|100/100
|-damage|p1a: Venusaur|88/100|[from] Stealth Rock
|move|p2a: Slowking|Future Sight|p1a: Venusaur
|-start|p2a: Slowking|move: Future Sight
|
|-weather|SunnyDay|[upkeep]
|-damage|p2a: Slowking|88/100 brn|[from] brn
|upkeep
|turn|15
|
|t:|1779687295
|move|p1a: Venusaur|Growth|p1a: Venusaur
|-boost|p1a: Venusaur|atk|2
|-boost|p1a: Venusaur|spa|2
|move|p2a: Slowking|Flamethrower|p1a: Venusaur
|-supereffective|p1a: Venusaur
|-damage|p1a: Venusaur|14/100
|
|-weather|SunnyDay|[upkeep]
|-damage|p2a: Slowking|82/100 brn|[from] brn
|upkeep
|turn|16
|
|t:|1779687300
|move|p1a: Venusaur|Weather Ball|p2a: Slowking
|-damage|p2a: Slowking|20/100 brn
|-damage|p1a: Venusaur|4/100|[from] item: Life Orb
|move|p2a: Slowking|Flamethrower|p1a: Venusaur
|-supereffective|p1a: Venusaur
|-damage|p1a: Venusaur|0 fnt
|faint|p1a: Venusaur
|
|-weather|SunnyDay|[upkeep]
|-hint|Future Sight did not hit because the target is fainted.
|-damage|p2a: Slowking|13/100 brn|[from] brn
|upkeep
|
|t:|1779687305
|switch|p1a: Walking Wake|Walking Wake|100/100
|-damage|p1a: Walking Wake|88/100|[from] Stealth Rock
|-activate|p1a: Walking Wake|ability: Protosynthesis
|-start|p1a: Walking Wake|protosynthesisspe
|turn|17
|
|t:|1779687328
|switch|p2a: Gholdengo|Gholdengo|100/100
|move|p1a: Walking Wake|Flamethrower|p2a: Gholdengo
|-supereffective|p2a: Gholdengo
|-damage|p2a: Gholdengo|0 fnt
|faint|p2a: Gholdengo
|
|-weather|SunnyDay|[upkeep]
|upkeep
|
|t:|1779687330
|switch|p2a: Deoxys|Deoxys-Speed|100/100
|-ability|p2a: Deoxys|Pressure
|turn|18
|
|t:|1779687340
|move|p1a: Walking Wake|Draco Meteor|p2a: Deoxys
|-enditem|p2a: Deoxys|Focus Sash
|-damage|p2a: Deoxys|1/100
|-unboost|p1a: Walking Wake|spa|2
|move|p2a: Deoxys|Light Screen|p2a: Deoxys
|-sidestart|p2: Mas0n23|move: Light Screen
|
|-weather|none
|-end|p1a: Walking Wake|Protosynthesis
|upkeep
|turn|19
|
|t:|1779687361
|-end|p1a: Walking Wake|Protosynthesis|[silent]
|switch|p1a: Ninetales|Ninetales, F|47/100
|-damage|p1a: Ninetales|22/100|[from] Stealth Rock
|-weather|SunnyDay|[from] ability: Drought|[of] p1a: Ninetales
|move|p2a: Deoxys|Reflect|p2a: Deoxys
|-sidestart|p2: Mas0n23|Reflect
|
|-weather|SunnyDay|[upkeep]
|upkeep
|turn|20
|
|t:|1779687369
|move|p2a: Deoxys|Psycho Boost|p1a: Ninetales
|-damage|p1a: Ninetales|0 fnt
|-unboost|p2a: Deoxys|spa|2
|faint|p1a: Ninetales
|
|-weather|SunnyDay|[upkeep]
|upkeep
|
|t:|1779687371
|switch|p1a: Walking Wake|Walking Wake|88/100
|-damage|p1a: Walking Wake|76/100|[from] Stealth Rock
|-activate|p1a: Walking Wake|ability: Protosynthesis
|-start|p1a: Walking Wake|protosynthesisspe
|turn|21
|
|t:|1779687375
|move|p1a: Walking Wake|Hydro Steam|p2a: Deoxys
|-damage|p2a: Deoxys|0 fnt
|faint|p2a: Deoxys
|
|-weather|SunnyDay|[upkeep]
|upkeep
|
|t:|1779687388
|switch|p2a: Kyurem|Kyurem, shiny|100/100
|-ability|p2a: Kyurem|Pressure
|turn|22
|
|t:|1779687401
|-terastallize|p2a: Kyurem|Ice
|move|p1a: Walking Wake|Draco Meteor|p2a: Kyurem
|-damage|p2a: Kyurem|72/100
|-unboost|p1a: Walking Wake|spa|2
|move|p2a: Kyurem|Scale Shot|p1a: Walking Wake
|-supereffective|p1a: Walking Wake
|-damage|p1a: Walking Wake|46/100
|-supereffective|p1a: Walking Wake
|-damage|p1a: Walking Wake|16/100
|-supereffective|p1a: Walking Wake
|-damage|p1a: Walking Wake|0 fnt
|faint|p1a: Walking Wake
|-end|p1a: Walking Wake|Protosynthesis|[silent]
|-hitcount|p1: Walking Wake|3
|-unboost|p2a: Kyurem|def|1
|-boost|p2a: Kyurem|spe|1
|
|-weather|SunnyDay|[upkeep]
|-sideend|p2: Mas0n23|move: Light Screen
|upkeep
|
|t:|1779687409
|switch|p1a: Great Tusk|Great Tusk|16/100
|-damage|p1a: Great Tusk|13/100|[from] Stealth Rock
|-activate|p1a: Great Tusk|ability: Protosynthesis
|-start|p1a: Great Tusk|protosynthesisatk
|turn|23
|
|t:|1779687415
|move|p2a: Kyurem|Icicle Spear|p1a: Great Tusk
|-supereffective|p1a: Great Tusk
|-damage|p1a: Great Tusk|0 fnt
|faint|p1a: Great Tusk
|-end|p1a: Great Tusk|Protosynthesis|[silent]
|-hitcount|p1: Great Tusk|1
|
|-weather|SunnyDay|[upkeep]
|-sideend|p2: Mas0n23|Reflect
|upkeep
|
|t:|1779687417
|switch|p1a: Raging Bolt|Raging Bolt|100/100
|-damage|p1a: Raging Bolt|88/100|[from] Stealth Rock
|-item|p1a: Raging Bolt|Air Balloon
|-activate|p1a: Raging Bolt|ability: Protosynthesis
|-start|p1a: Raging Bolt|protosynthesisspa
|turn|24
|
|t:|1779687422
|-terastallize|p1a: Raging Bolt|Fairy
|move|p2a: Kyurem|Icicle Spear|p1a: Raging Bolt
|-damage|p1a: Raging Bolt|71/100
|-enditem|p1a: Raging Bolt|Air Balloon
|-damage|p1a: Raging Bolt|55/100
|-damage|p1a: Raging Bolt|38/100
|-damage|p1a: Raging Bolt|22/100
|-damage|p1a: Raging Bolt|6/100
|-hitcount|p1a: Raging Bolt|5
|move|p1a: Raging Bolt|Calm Mind|p1a: Raging Bolt
|-boost|p1a: Raging Bolt|spa|1
|-boost|p1a: Raging Bolt|spd|1
|
|-weather|SunnyDay|[upkeep]
|upkeep
|turn|25
|
|t:|1779687436
|move|p1a: Raging Bolt|Thunderclap||[still]
|-fail|p1a: Raging Bolt
|move|p2a: Kyurem|Dragon Dance|p2a: Kyurem
|-boost|p2a: Kyurem|atk|1
|-boost|p2a: Kyurem|spe|1
|
|-weather|SunnyDay|[upkeep]
|upkeep
|turn|26
|
|t:|1779687442
|move|p1a: Raging Bolt|Thunderclap|p2a: Kyurem
|-damage|p2a: Kyurem|10/100
|move|p2a: Kyurem|Icicle Spear|p1a: Raging Bolt
|-damage|p1a: Raging Bolt|0 fnt
|faint|p1a: Raging Bolt
|-end|p1a: Raging Bolt|Protosynthesis|[silent]
|-hitcount|p1: Raging Bolt|1
|
|win|Mas0n23
|raw|BrainOffHeadEmpty's rating: 1489 &rarr; <strong>1471</strong><br />(-18 for losing)
|raw|Mas0n23's rating: 1517 &rarr; <strong>1535</strong><br />(+18 for winning)
|l|☆BrainOffHeadEmpty
|player|p1|
|l|☆Mas0n23
|player|p2|
