|j|☆el papuh pro
|j|☆Bruh_king91132
|t:|1779655724
|gametype|singles
|player|p1|el papuh pro|hilda|1148
|player|p2|Bruh_king91132|2|1170
|gen|9
|tier|[Gen 9] OU
|rated|
|rule|HP Percentage Mod: HP is shown in percentages
|rule|Endless Battle Clause: Forcing endless battles is banned
|rule|Species Clause: Limit one of each Pokémon
|rule|OHKO Clause: OHKO moves are banned
|rule|Evasion Items Clause: Evasion items are banned
|rule|Evasion Moves Clause: Evasion moves are banned
|rule|Evasion Abilities Clause: Evasion abilities are banned
|rule|Sleep Moves Clause: Sleep-inducing moves are banned
|clearpoke
|poke|p1|Hatterene, F|
|poke|p1|Zoroark-Hisui, F|
|poke|p1|Rotom-Wash|
|poke|p1|Maushold-Four|
|poke|p1|Dragonite, F|
|poke|p1|Kingambit, M|
|poke|p2|Pelipper, M|
|poke|p2|Floatzel, F|
|poke|p2|Zapdos|
|poke|p2|Raging Bolt|
|poke|p2|Deoxys-Speed|
|poke|p2|Azumarill, F|
|teampreview
|
|t:|1779655734
|teamsize|p1|6
|teamsize|p2|6
|start
|switch|p1a: Rotom|Rotom-Wash|100/100
|switch|p2a: Deoxys|Deoxys-Speed|100/100
|-ability|p2a: Deoxys|Pressure
|turn|1
|inactive|Battle timer is ON: inactive players will automatically lose when time's up. (requested by el papuh pro)
|
|t:|1779655746
|move|p2a: Deoxys|Stealth Rock|p1a: Rotom
|-sidestart|p1: el papuh pro|move: Stealth Rock
|move|p1a: Rotom|Thunder Wave|p2a: Deoxys
|-status|p2a: Deoxys|par
|
|upkeep
|turn|2
|
|t:|1779655753
|move|p1a: Rotom|Hydro Pump|p2a: Deoxys
|-damage|p2a: Deoxys|48/100 par
|move|p2a: Deoxys|Spikes|p1a: Rotom
|-sidestart|p1: el papuh pro|Spikes
|
|upkeep
|turn|3
|
|t:|1779655760
|switch|p1a: Maushold|Maushold-Four|100/100
|-damage|p1a: Maushold|88/100|[from] Stealth Rock
|-damage|p1a: Maushold|76/100|[from] Spikes
|move|p2a: Deoxys|Spikes|p1a: Maushold
|-sidestart|p1: el papuh pro|Spikes
|
|upkeep
|turn|4
|
|t:|1779655766
|move|p1a: Maushold|Tidy Up|p1a: Maushold
|-sideend|p1: el papuh pro|Spikes
|-sideend|p1: el papuh pro|Stealth Rock
|-activate|p1a: Maushold|move: Tidy Up
|-boost|p1a: Maushold|atk|1
|-boost|p1a: Maushold|spe|1
|cant|p2a: Deoxys|par
|
|upkeep
|turn|5
|
|t:|1779655774
|move|p1a: Maushold|Population Bomb|p2a: Deoxys
|-damage|p2a: Deoxys|28/100 par
|-damage|p2a: Deoxys|8/100 par
|-damage|p2a: Deoxys|0 fnt
|faint|p2a: Deoxys
|-hitcount|p2: Deoxys|3
|
|upkeep
|
|t:|1779655778
|switch|p2a: Pelipper|Pelipper, M, shiny|100/100
|-weather|RainDance|[from] ability: Drizzle|[of] p2a: Pelipper
|turn|6
|
|t:|1779655782
|move|p1a: Maushold|Tidy Up|p1a: Maushold
|-boost|p1a: Maushold|atk|1
|-boost|p1a: Maushold|spe|1
|move|p2a: Pelipper|U-turn|p1a: Maushold
|-damage|p1a: Maushold|61/100
|
|t:|1779655788
|switch|p2a: Yuta walks Fast|Floatzel, F|100/100|[from] U-turn
|
|-weather|RainDance|[upkeep]
|upkeep
|turn|7
|
|t:|1779655792
|-terastallize|p2a: Yuta walks Fast|Water
|move|p1a: Maushold|Bullet Seed|p2a: Yuta walks Fast
|-supereffective|p2a: Yuta walks Fast
|-damage|p2a: Yuta walks Fast|31/100
|-supereffective|p2a: Yuta walks Fast
|-damage|p2a: Yuta walks Fast|0 fnt
|faint|p2a: Yuta walks Fast
|-hitcount|p2: Yuta walks Fast|2
|
|-weather|RainDance|[upkeep]
|upkeep
|
|t:|1779655798
|switch|p2a: Azumarill|Azumarill, F|100/100
|turn|8
|
|t:|1779655806
|move|p2a: Azumarill|Aqua Jet|p1a: Maushold
|-damage|p1a: Maushold|5/100
|move|p1a: Maushold|Bullet Seed|p2a: Azumarill
|-supereffective|p2a: Azumarill
|-damage|p2a: Azumarill|61/100
|-supereffective|p2a: Azumarill
|-damage|p2a: Azumarill|26/100
|-enditem|p2a: Azumarill|Sitrus Berry|[eat]
|-heal|p2a: Azumarill|51/100|[from] item: Sitrus Berry
|-supereffective|p2a: Azumarill
|-damage|p2a: Azumarill|12/100
|-supereffective|p2a: Azumarill
|-damage|p2a: Azumarill|0 fnt
|faint|p2a: Azumarill
|-hitcount|p2: Azumarill|4
|
|-weather|RainDance|[upkeep]
|upkeep
|
|t:|1779655815
|switch|p2a: Raging Bolt|Raging Bolt|100/100
|-enditem|p2a: Raging Bolt|Booster Energy
|-activate|p2a: Raging Bolt|ability: Protosynthesis|[fromitem]
|-start|p2a: Raging Bolt|protosynthesisspa
|turn|9
|
|t:|1779655822
|move|p2a: Raging Bolt|Thunderclap|p1a: Maushold
|-damage|p1a: Maushold|0 fnt
|faint|p1a: Maushold
|
|-weather|RainDance|[upkeep]
|upkeep
|
|t:|1779655838
|switch|p1a: Dragonite|Dragonite, F|100/100
|turn|10
|
|t:|1779655843
|move|p1a: Dragonite|Dragon Dance|p1a: Dragonite
|-boost|p1a: Dragonite|atk|1
|-boost|p1a: Dragonite|spe|1
|move|p2a: Raging Bolt|Dragon Pulse|p1a: Dragonite
|-supereffective|p1a: Dragonite
|-damage|p1a: Dragonite|42/100
|
|-weather|none
|upkeep
|turn|11
|
|t:|1779655852
|-terastallize|p1a: Dragonite|Normal
|move|p1a: Dragonite|Dragon Dance|p1a: Dragonite
|-boost|p1a: Dragonite|atk|1
|-boost|p1a: Dragonite|spe|1
|move|p2a: Raging Bolt|Dragon Pulse|p1a: Dragonite
|-damage|p1a: Dragonite|0 fnt
|faint|p1a: Dragonite
|
|upkeep
|
|t:|1779655862
|switch|p1a: Hatterene|Hatterene, F|100/100
|turn|12
|c|☆Bruh_king91132|good one
|
|t:|1779655867
|move|p2a: Raging Bolt|Thunderbolt|p1a: Hatterene
|-damage|p1a: Hatterene|34/100
|move|p1a: Hatterene|Trick|p2a: Raging Bolt
|-activate|p1a: Hatterene|move: Trick|[of] p2a: Raging Bolt
|-item|p2a: Raging Bolt|Lagging Tail|[from] move: Trick
|-enditem|p1a: Hatterene|Lagging Tail|[silent]|[from] move: Trick
|
|upkeep
|turn|13
|
|t:|1779655876
|move|p2a: Raging Bolt|Thunderclap|p1a: Hatterene
|-damage|p1a: Hatterene|0 fnt
|faint|p1a: Hatterene
|
|upkeep
|
|t:|1779655887
|switch|p1a: Kingambit|Kingambit, M|100/100
|-activate|p1a: Kingambit|ability: Supreme Overlord
|-start|p1a: Kingambit|fallen3|[silent]
|turn|14
|
|t:|1779655893
|move|p2a: Raging Bolt|Thunderclap|p1a: Kingambit
|-damage|p1a: Kingambit|67/100
|move|p1a: Kingambit|Kowtow Cleave|p2a: Raging Bolt
|-damage|p2a: Raging Bolt|50/100
|
|upkeep
|turn|15
|
|t:|1779655899
|move|p2a: Raging Bolt|Thunderclap|p1a: Kingambit
|-damage|p1a: Kingambit|31/100
|move|p1a: Kingambit|Kowtow Cleave|p2a: Raging Bolt
|-damage|p2a: Raging Bolt|2/100
|
|upkeep
|turn|16
|
|t:|1779655902
|move|p1a: Kingambit|Sucker Punch|p2a: Raging Bolt
|-damage|p2a: Raging Bolt|0 fnt
|faint|p2a: Raging Bolt
|-end|p2a: Raging Bolt|Protosynthesis|[silent]
|
|upkeep
|
|t:|1779655908
|switch|p2a: Zapdos|Zapdos|100/100
|turn|17
|
|t:|1779655912
|move|p1a: Kingambit|Sucker Punch|p2a: Zapdos
|-crit|p2a: Zapdos
|-damage|p2a: Zapdos|8/100
|move|p2a: Zapdos|Heat Wave|p1a: Kingambit
|-supereffective|p1a: Kingambit
|-damage|p1a: Kingambit|0 fnt
|faint|p1a: Kingambit
|-end|p1a: Kingambit|fallen3|[silent]
|
|upkeep
|c|☆Bruh_king91132|shi
|
|t:|1779655923
|switch|p1a: Rotom|Rotom-Wash|100/100
|turn|18
|
|t:|1779655928
|move|p1a: Rotom|Hyper Voice|p2a: Zapdos
|-damage|p2a: Zapdos|0 fnt
|faint|p2a: Zapdos
|
|upkeep
|
|t:|1779655932
|switch|p2a: Pelipper|Pelipper, M, shiny|100/100
|-weather|RainDance|[from] ability: Drizzle|[of] p2a: Pelipper
|turn|19
|
|t:|1779655938
|move|p1a: Rotom|Hyper Voice|p2a: Pelipper
|-damage|p2a: Pelipper|39/100
|move|p2a: Pelipper|Hurricane|p1a: Rotom
|-damage|p1a: Rotom|23/100
|replace|p1a: Zoroark|Zoroark-Hisui, F
|-end|p1a: Zoroark|Illusion
|
|-weather|RainDance|[upkeep]
|upkeep
|turn|20
|
|t:|1779655946
|move|p1a: Zoroark|Hyper Voice|p2a: Pelipper
|-damage|p2a: Pelipper|0 fnt
|faint|p2a: Pelipper
|
|win|el papuh pro
|raw|el papuh pro's rating: 1148 &rarr; <strong>1175</strong><br />(+27 for winning)
|raw|Bruh_king91132's rating: 1170 &rarr; <strong>1143</strong><br />(-27 for losing)
|c|☆el papuh pro|gg
|c|☆Bruh_king91132|gay
|l|☆Bruh_king91132
|player|p2|
