|j|☆milkymilkeater
|j|☆Gulptubus
|t:|1779704404
|gametype|singles
|player|p1|milkymilkeater|102|1544
|player|p2|Gulptubus|pokemonranger-gen4|1534
|gen|9
|tier|[Gen 9] OU
|rated|
|rule|HP Percentage Mod: HP is shown in percentages
|rule|Endless Battle Clause: Forcing endless battles is banned
|rule|Species Clause: Limit one of each Pokémon
|rule|OHKO Clause: OHKO moves are banned
|rule|Evasion Items Clause: Evasion items are banned
|rule|Evasion Moves Clause: Evasion moves are banned
|rule|Evasion Abilities Clause: Evasion abilities are banned
|rule|Sleep Moves Clause: Sleep-inducing moves are banned
|clearpoke
|poke|p1|Slowking-Galar, M|
|poke|p1|Great Tusk|
|poke|p1|Kyurem|
|poke|p1|Kingambit, F|
|poke|p1|Cinderace, F|
|poke|p1|Zapdos|
|poke|p2|Zamazenta-*|
|poke|p2|Zoroark-Hisui, M|
|poke|p2|Hoopa-Unbound|
|poke|p2|Iron Treads|
|poke|p2|Hydrapple, F|
|poke|p2|Iron Moth|
|teampreview
|inactive|Battle timer is ON: inactive players will automatically lose when time's up. (requested by milkymilkeater)
|j| notapokemonmaster
|inactive|Gulptubus has 120 seconds left.
|
|t:|1779704461
|teamsize|p1|6
|teamsize|p2|6
|start
|switch|p1a: Cinderace|Cinderace, F|100/100
|switch|p2a: Iron Moth|Iron Moth|100/100
|turn|1
|
|t:|1779704474
|move|p2a: Iron Moth|Sludge Wave|p1a: Cinderace
|-damage|p1a: Cinderace|38/100
|move|p1a: Cinderace|U-turn|p2a: Iron Moth
|-resisted|p2a: Iron Moth
|-damage|p2a: Iron Moth|93/100
|
|t:|1779704476
|switch|p1a: Great Tusk|Great Tusk|100/100|[from] U-turn
|
|upkeep
|turn|2
|
|t:|1779704481
|-end|p2a: Iron Moth|Quark Drive|[silent]
|switch|p2a: Hydrapple|Hydrapple, F|100/100
|-end|p1a: Great Tusk|Protosynthesis|[silent]
|switch|p1a: Slowking|Slowking-Galar, M|100/100
|
|upkeep
|turn|3
|
|t:|1779704483
|move|p2a: Hydrapple|Nasty Plot|p2a: Hydrapple
|-boost|p2a: Hydrapple|spa|2
|move|p1a: Slowking|Future Sight|p2a: Hydrapple
|-start|p1a: Slowking|move: Future Sight
|
|upkeep
|turn|4
|
|t:|1779704486
|move|p2a: Hydrapple|Earth Power|p1a: Slowking
|-supereffective|p1a: Slowking
|-damage|p1a: Slowking|43/100
|-prepare|p1a: Slowking|Chilly Reception|[premajor]
|move|p1a: Slowking|Chilly Reception|p1a: Slowking
|-weather|Snowscape
|
|t:|1779704489
|switch|p1a: Kyurem|Kyurem|100/100|[from] Chilly Reception
|-ability|p1a: Kyurem|Pressure
|
|-weather|Snowscape|[upkeep]
|upkeep
|turn|5
|
|t:|1779704494
|switch|p2a: Hoopa|Hoopa-Unbound|100/100
|move|p1a: Kyurem|Ice Beam|p2a: Hoopa
|-damage|p2a: Hoopa|66/100
|
|-weather|Snowscape|[upkeep]
|-end|p2a: Hoopa|move: Future Sight
|-immune|p2a: Hoopa
|upkeep
|turn|6
|
|t:|1779704500
|switch|p1a: Zapdos|Zapdos, shiny|100/100
|move|p2a: Hoopa|Knock Off|p1a: Zapdos
|-damage|p1a: Zapdos|70/100
|-status|p2a: Hoopa|par|[from] ability: Static|[of] p1a: Zapdos
|-enditem|p1a: Zapdos|Heavy-Duty Boots|[from] move: Knock Off|[of] p2a: Hoopa
|
|-weather|Snowscape|[upkeep]
|upkeep
|turn|7
|
|t:|1779704506
|switch|p2a: Iron Treads|Iron Treads|100/100
|move|p1a: Zapdos|Hurricane|p2a: Iron Treads|[miss]
|-miss|p1a: Zapdos|p2a: Iron Treads
|
|-weather|Snowscape|[upkeep]
|upkeep
|turn|8
|
|t:|1779704511
|switch|p1a: Great Tusk|Great Tusk|100/100
|move|p2a: Iron Treads|Stealth Rock|p1a: Great Tusk
|-sidestart|p1: milkymilkeater|move: Stealth Rock
|
|-weather|none
|upkeep
|turn|9
|
|t:|1779704515
|-end|p2a: Iron Treads|Quark Drive|[silent]
|switch|p2a: Hydrapple|Hydrapple, F|100/100
|move|p1a: Great Tusk|Rapid Spin|p2a: Hydrapple
|-immune|p2a: Hydrapple
|
|upkeep
|turn|10
|
|t:|1779704524
|move|p2a: Hydrapple|Shadow Ball|p1a: Great Tusk
|-damage|p1a: Great Tusk|15/100
|move|p1a: Great Tusk|Headlong Rush|p2a: Hydrapple
|-damage|p2a: Hydrapple|0 fnt
|-unboost|p1a: Great Tusk|def|1
|-unboost|p1a: Great Tusk|spd|1
|replace|p2a: Zoroark|Zoroark-Hisui, M
|-end|p2a: Zoroark|Illusion
|faint|p2a: Zoroark
|
|-heal|p1a: Great Tusk|22/100|[from] item: Leftovers
|upkeep
|
|t:|1779704531
|switch|p2a: Iron Moth|Iron Moth|93/100
|turn|11
|
|t:|1779704533
|-end|p1a: Great Tusk|Protosynthesis|[silent]
|switch|p1a: Slowking|Slowking-Galar, M|76/100
|-damage|p1a: Slowking|63/100|[from] Stealth Rock
|move|p2a: Iron Moth|Fiery Dance|p1a: Slowking
|-damage|p1a: Slowking|35/100
|
|upkeep
|turn|12
|
|t:|1779704536
|move|p2a: Iron Moth|Fiery Dance|p1a: Slowking
|-damage|p1a: Slowking|8/100
|move|p1a: Slowking|Thunder Wave|p2a: Iron Moth
|-status|p2a: Iron Moth|par
|
|upkeep
|turn|13
|
|t:|1779704542
|switch|p1a: Cinderace|Cinderace, F|38/100
|move|p2a: Iron Moth|Fiery Dance|p1a: Cinderace
|-resisted|p1a: Cinderace
|-damage|p1a: Cinderace|12/100
|-boost|p2a: Iron Moth|spa|1
|
|upkeep
|turn|14
|
|t:|1779704547
|move|p1a: Cinderace|Court Change|p1a: Cinderace
|-swapsideconditions
|-activate|p1a: Cinderace|move: Court Change
|move|p2a: Iron Moth|Fiery Dance|p1a: Cinderace
|-resisted|p1a: Cinderace
|-damage|p1a: Cinderace|0 fnt
|faint|p1a: Cinderace
|
|upkeep
|
|t:|1779704560
|switch|p1a: Great Tusk|Great Tusk|22/100
|turn|15
|
|t:|1779704565
|-end|p2a: Iron Moth|Quark Drive|[silent]
|switch|p2a: Hydrapple|Hydrapple, F|100/100
|-damage|p2a: Hydrapple|88/100|[from] Stealth Rock
|move|p1a: Great Tusk|Headlong Rush|p2a: Hydrapple
|-resisted|p2a: Hydrapple
|-damage|p2a: Hydrapple|72/100
|-unboost|p1a: Great Tusk|def|1
|-unboost|p1a: Great Tusk|spd|1
|-damage|p1a: Great Tusk|5/100|[from] item: Rocky Helmet|[of] p2a: Hydrapple
|
|-heal|p1a: Great Tusk|11/100|[from] item: Leftovers
|upkeep
|turn|16
|inactive|milkymilkeater has 120 seconds left.
|
|t:|1779704608
|move|p1a: Great Tusk|Ice Spinner|p2a: Hydrapple
|-supereffective|p2a: Hydrapple
|-damage|p2a: Hydrapple|11/100
|-damage|p1a: Great Tusk|0 fnt|[from] item: Rocky Helmet|[of] p2a: Hydrapple
|faint|p1a: Great Tusk
|-end|p1a: Great Tusk|Protosynthesis|[silent]
|move|p2a: Hydrapple|Fickle Beam|p1: Great Tusk|[notarget]
|-fail|p2a: Hydrapple
|
|upkeep
|
|t:|1779704619
|switch|p1a: Kyurem|Kyurem|100/100
|-ability|p1a: Kyurem|Pressure
|turn|17
|
|t:|1779704628
|move|p1a: Kyurem|Ice Beam|p2a: Hydrapple
|-supereffective|p2a: Hydrapple
|-damage|p2a: Hydrapple|0 fnt
|faint|p2a: Hydrapple
|
|upkeep
|
|t:|1779704630
|switch|p2a: Iron Treads|Iron Treads|100/100
|-damage|p2a: Iron Treads|98/100|[from] Stealth Rock
|turn|18
|inactive|milkymilkeater has 120 seconds left.
|
|t:|1779704636
|move|p1a: Kyurem|Ice Beam|p2a: Iron Treads
|-damage|p2a: Iron Treads|23/100
|move|p2a: Iron Treads|Rapid Spin|p1a: Kyurem
|-damage|p1a: Kyurem|88/100
|-boost|p2a: Iron Treads|spe|1
|-sideend|p2: Gulptubus|Stealth Rock|[from] move: Rapid Spin|[of] p2a: Iron Treads
|
|-heal|p2a: Iron Treads|29/100|[from] item: Leftovers
|upkeep
|turn|19
|
|t:|1779704642
|switch|p1a: Slowking|Slowking-Galar, M|41/100
|move|p2a: Iron Treads|Stealth Rock|p1a: Slowking
|-sidestart|p1: milkymilkeater|move: Stealth Rock
|
|-heal|p2a: Iron Treads|35/100|[from] item: Leftovers
|upkeep
|turn|20
|
|t:|1779704645
|switch|p1a: Zapdos|Zapdos, shiny|70/100
|-damage|p1a: Zapdos|46/100|[from] Stealth Rock
|move|p2a: Iron Treads|Earthquake|p1a: Zapdos
|-immune|p1a: Zapdos
|
|-heal|p2a: Iron Treads|41/100|[from] item: Leftovers
|upkeep
|turn|21
|
|t:|1779704649
|move|p2a: Iron Treads|Ice Spinner|p1a: Zapdos
|-supereffective|p1a: Zapdos
|-damage|p1a: Zapdos|18/100
|move|p1a: Zapdos|Roost|p1a: Zapdos
|-heal|p1a: Zapdos|68/100
|-singleturn|p1a: Zapdos|move: Roost
|
|-heal|p2a: Iron Treads|47/100|[from] item: Leftovers
|upkeep
|turn|22
|
|t:|1779704659
|-end|p2a: Iron Treads|Quark Drive|[silent]
|switch|p2a: Hoopa|Hoopa-Unbound|66/100 par
|switch|p1a: Kyurem|Kyurem|88/100
|-damage|p1a: Kyurem|63/100|[from] Stealth Rock
|-ability|p1a: Kyurem|Pressure
|
|upkeep
|turn|23
|
|t:|1779704665
|move|p1a: Kyurem|Ice Beam|p2a: Hoopa
|-damage|p2a: Hoopa|31/100 par
|cant|p2a: Hoopa|par
|
|upkeep
|turn|24
|
|t:|1779704670
|move|p1a: Kyurem|Ice Beam|p2a: Hoopa
|-crit|p2a: Hoopa
|-damage|p2a: Hoopa|0 fnt
|faint|p2a: Hoopa
|
|upkeep
|
|t:|1779704675
|switch|p2a: Iron Moth|Iron Moth|93/100 par
|turn|25
|
|t:|1779704677
|switch|p1a: Slowking|Slowking-Galar, M|74/100
|-damage|p1a: Slowking|62/100|[from] Stealth Rock
|move|p2a: Iron Moth|Fiery Dance|p1a: Slowking
|-damage|p1a: Slowking|35/100
|-boost|p2a: Iron Moth|spa|1
|
|upkeep
|turn|26
|
|t:|1779704690
|move|p2a: Iron Moth|Fiery Dance|p1a: Slowking
|-damage|p1a: Slowking|0 fnt
|faint|p1a: Slowking
|
|upkeep
|
|t:|1779704692
|switch|p1a: Kyurem|Kyurem|63/100
|-damage|p1a: Kyurem|38/100|[from] Stealth Rock
|-ability|p1a: Kyurem|Pressure
|turn|27
|
|t:|1779704700
|move|p1a: Kyurem|Earth Power|p2a: Iron Moth
|-supereffective|p2a: Iron Moth
|-damage|p2a: Iron Moth|0 fnt
|faint|p2a: Iron Moth
|-end|p2a: Iron Moth|Quark Drive|[silent]
|
|upkeep
|
|t:|1779704704
|switch|p2a: Zamazenta|Zamazenta|100/100
|-ability|p2a: Zamazenta|Dauntless Shield|boost
|-boost|p2a: Zamazenta|def|1
|turn|28
|
|t:|1779704708
|switch|p1a: Zapdos|Zapdos, shiny|68/100
|-damage|p1a: Zapdos|43/100|[from] Stealth Rock
|move|p2a: Zamazenta|Roar|p1a: Zapdos
|drag|p1a: Kyurem|Kyurem|38/100
|-damage|p1a: Kyurem|14/100|[from] Stealth Rock
|-ability|p1a: Kyurem|Pressure
|
|upkeep
|turn|29
|
|t:|1779704718
|move|p2a: Zamazenta|Close Combat|p1a: Kyurem
|-supereffective|p1a: Kyurem
|-damage|p1a: Kyurem|0 fnt
|-unboost|p2a: Zamazenta|def|1
|-unboost|p2a: Zamazenta|spd|1
|faint|p1a: Kyurem
|-damage|p2a: Zamazenta|91/100|[from] item: Life Orb
|
|upkeep
|
|t:|1779704723
|switch|p1a: Zapdos|Zapdos, shiny|43/100
|-damage|p1a: Zapdos|19/100|[from] Stealth Rock
|turn|30
|
|t:|1779704726
|move|p2a: Zamazenta|Crunch|p1a: Zapdos
|-damage|p1a: Zapdos|0 fnt
|faint|p1a: Zapdos
|-damage|p2a: Zamazenta|81/100|[from] item: Life Orb
|
|upkeep
|
|t:|1779704729
|switch|p1a: Kingambit|Kingambit, F|100/100
|-damage|p1a: Kingambit|94/100|[from] Stealth Rock
|-activate|p1a: Kingambit|ability: Supreme Overlord
|-start|p1a: Kingambit|fallen5|[silent]
|turn|31
|
|t:|1779704733
|-terastallize|p1a: Kingambit|Ghost
|move|p2a: Zamazenta|Close Combat|p1a: Kingambit
|-immune|p1a: Kingambit
|move|p1a: Kingambit|Swords Dance|p1a: Kingambit
|-boost|p1a: Kingambit|atk|2
|
|-heal|p1a: Kingambit|100/100|[from] item: Leftovers
|upkeep
|turn|32
|
|t:|1779704737
|move|p2a: Zamazenta|Crunch|p1a: Kingambit
|-supereffective|p1a: Kingambit
|-damage|p1a: Kingambit|55/100
|-unboost|p1a: Kingambit|def|1
|-damage|p2a: Zamazenta|71/100|[from] item: Life Orb
|move|p1a: Kingambit|Iron Head|p2a: Zamazenta
|-damage|p2a: Zamazenta|0 fnt
|faint|p2a: Zamazenta
|
|-heal|p1a: Kingambit|61/100|[from] item: Leftovers
|upkeep
|
|t:|1779704740
|switch|p2a: Iron Treads|Iron Treads|47/100
|turn|33
|
|t:|1779704743
|move|p1a: Kingambit|Sucker Punch|p2a: Iron Treads
|-damage|p2a: Iron Treads|0 fnt
|faint|p2a: Iron Treads
|-end|p2a: Iron Treads|Quark Drive|[silent]
|
|win|milkymilkeater
|raw|milkymilkeater's rating: 1544 &rarr; <strong>1563</strong><br />(+19 for winning)
|raw|Gulptubus's rating: 1534 &rarr; <strong>1515</strong><br />(-19 for losing)
|l|☆Gulptubus
|player|p2|
|l|☆milkymilkeater
|player|p1|
|l| notapokemonmaster
