|j|☆Baddieprathikmon
|j|☆Duro64
|inactive|Battle timer is ON: inactive players will automatically lose when time's up.
|t:|1779710060
|gametype|singles
|player|p1|Baddieprathikmon|acerola-masters|
|player|p2|Duro64|elesa|
|gen|9
|tier|[Gen 9] OU
|rated|Tournament battle
|rule|HP Percentage Mod: HP is shown in percentages
|rule|Endless Battle Clause: Forcing endless battles is banned
|rule|Species Clause: Limit one of each Pokémon
|rule|OHKO Clause: OHKO moves are banned
|rule|Evasion Items Clause: Evasion items are banned
|rule|Evasion Moves Clause: Evasion moves are banned
|rule|Evasion Abilities Clause: Evasion abilities are banned
|rule|Sleep Moves Clause: Sleep-inducing moves are banned
|raw|<div class="infobox"><details class="readmore" open><summary><strong>1 custom rule:</strong></summary> -wobbuffet</details></div>
|clearpoke
|poke|p1|Arcanine-Hisui, M|
|poke|p1|Shinx, M|
|poke|p1|Deerling, F|
|poke|p1|Rillaboom, M|
|poke|p2|Gliscor, M|
|poke|p2|Psyduck, M|
|poke|p2|Misdreavus, M|
|poke|p2|Drakloak, M|
|teampreview
|j|*Lady Monita 
|c|☆Duro64|glhf
|
|t:|1779710084
|teamsize|p1|4
|teamsize|p2|4
|start
|switch|p1a: Shinx|Shinx, M|100/100
|switch|p2a: Gliscor|Gliscor, M|100/100
|turn|1
|
|t:|1779710095
|move|p2a: Gliscor|Earthquake|p1a: Shinx
|-supereffective|p1a: Shinx
|-damage|p1a: Shinx|0 fnt
|faint|p1a: Shinx
|
|-status|p2a: Gliscor|tox|[from] item: Toxic Orb
|upkeep
|
|t:|1779710101
|switch|p1a: Rillaboom|Rillaboom, M|100/100
|-fieldstart|move: Grassy Terrain|[from] ability: Grassy Surge|[of] p1a: Rillaboom
|turn|2
|
|t:|1779710104
|move|p1a: Rillaboom|Swords Dance|p1a: Rillaboom
|-boost|p1a: Rillaboom|atk|2
|move|p2a: Gliscor|Toxic|p1a: Rillaboom
|-status|p1a: Rillaboom|tox
|
|-damage|p1a: Rillaboom|94/100 tox|[from] psn
|upkeep
|turn|3
|
|t:|1779710107
|move|p1a: Rillaboom|Wood Hammer|p2a: Gliscor
|-damage|p2a: Gliscor|0 fnt
|faint|p2a: Gliscor
|-damage|p1a: Rillaboom|60/100 tox|[from] Recoil
|-damage|p1a: Rillaboom|50/100 tox|[from] item: Life Orb
|
|-heal|p1a: Rillaboom|57/100 tox|[from] Grassy Terrain
|-damage|p1a: Rillaboom|44/100 tox|[from] psn
|upkeep
|
|t:|1779710119
|switch|p2a: Misdreavus|Misdreavus, M|100/100
|turn|4
|
|t:|1779710132
|move|p1a: Rillaboom|Grassy Glide|p2a: Misdreavus
|-damage|p2a: Misdreavus|0 fnt
|faint|p2a: Misdreavus
|-damage|p1a: Rillaboom|34/100 tox|[from] item: Life Orb
|
|-heal|p1a: Rillaboom|41/100 tox|[from] Grassy Terrain
|-damage|p1a: Rillaboom|22/100 tox|[from] psn
|upkeep
|
|t:|1779710135
|switch|p2a: Drakloak|Drakloak, M|100/100
|turn|5
|
|t:|1779710138
|move|p1a: Rillaboom|Grassy Glide|p2a: Drakloak
|-resisted|p2a: Drakloak
|-enditem|p2a: Drakloak|Focus Sash
|-damage|p2a: Drakloak|1/100
|-damage|p1a: Rillaboom|12/100 tox|[from] item: Life Orb
|move|p2a: Drakloak|Dragon Dance|p2a: Drakloak
|-boost|p2a: Drakloak|atk|1
|-boost|p2a: Drakloak|spe|1
|
|-heal|p2a: Drakloak|7/100|[from] Grassy Terrain
|-heal|p1a: Rillaboom|18/100 tox|[from] Grassy Terrain
|-damage|p1a: Rillaboom|0 fnt|[from] psn
|faint|p1a: Rillaboom
|upkeep
|
|t:|1779710143
|switch|p1a: Deerling|Deerling, F|100/100
|turn|6
|
|t:|1779710148
|move|p2a: Drakloak|Acrobatics|p1a: Deerling
|-supereffective|p1a: Deerling
|-enditem|p1a: Deerling|Focus Sash
|-damage|p1a: Deerling|1/100
|move|p1a: Deerling|Thunder Wave|p2a: Drakloak
|-status|p2a: Drakloak|par
|
|-heal|p1a: Deerling|7/100|[from] Grassy Terrain
|-heal|p2a: Drakloak|13/100 par|[from] Grassy Terrain
|-fieldend|move: Grassy Terrain
|upkeep
|turn|7
|j| sonyahu
|
|t:|1779710153
|move|p1a: Deerling|Seed Bomb|p2a: Drakloak
|-resisted|p2a: Drakloak
|-damage|p2a: Drakloak|0 fnt
|faint|p2a: Drakloak
|
|upkeep
|
|t:|1779710157
|switch|p2a: Psyduck|Psyduck, M|100/100
|-ability|p2a: Psyduck|Cloud Nine
|turn|8
|
|t:|1779710163
|move|p1a: Deerling|Seed Bomb|p2a: Psyduck
|-supereffective|p2a: Psyduck
|-damage|p2a: Psyduck|39/100
|move|p2a: Psyduck|Hydro Pump|p1a: Deerling
|-resisted|p1a: Deerling
|-damage|p1a: Deerling|0 fnt
|faint|p1a: Deerling
|
|upkeep
|
|t:|1779710165
|switch|p1a: Arcanine|Arcanine-Hisui, M|100/100
|turn|9
|
|t:|1779710167
|-terastallize|p1a: Arcanine|Normal
|move|p1a: Arcanine|Extreme Speed|p2a: Psyduck
|-damage|p2a: Psyduck|0 fnt
|faint|p2a: Psyduck
|
|win|Baddieprathikmon
|n|☆Baddieprathikmon|baddieprathikmon
|n|☆Duro64|duro64
|n|*Lady Monita |ladymonita
|n| sonyahu|sonyahu
