|j|☆tuffer_dih
|j|☆ImOuTtT
|t:|1779648755
|gametype|singles
|player|p1|tuffer_dih|dancer|1164
|player|p2|ImOuTtT|1|1100
|gen|9
|tier|[Gen 9] OU
|rated|
|rule|HP Percentage Mod: HP is shown in percentages
|rule|Endless Battle Clause: Forcing endless battles is banned
|rule|Species Clause: Limit one of each Pokémon
|rule|OHKO Clause: OHKO moves are banned
|rule|Evasion Items Clause: Evasion items are banned
|rule|Evasion Moves Clause: Evasion moves are banned
|rule|Evasion Abilities Clause: Evasion abilities are banned
|rule|Sleep Moves Clause: Sleep-inducing moves are banned
|clearpoke
|poke|p1|Iron Crown|
|poke|p1|Great Tusk|
|poke|p1|Glimmora, F|
|poke|p1|Deoxys-Speed|
|poke|p1|Gholdengo|
|poke|p1|Ogerpon, F|
|poke|p2|Cinderace, M|
|poke|p2|Great Tusk|
|poke|p2|Iron Moth|
|poke|p2|Serperior, F|
|poke|p2|Ribombee, F|
|poke|p2|Eelektross, F|
|teampreview
|
|t:|1779648775
|teamsize|p1|6
|teamsize|p2|6
|start
|switch|p1a: Glimmora|Glimmora, F|100/100
|switch|p2a: Ribombee|Ribombee, F|100/100
|turn|1
|
|t:|1779648787
|move|p2a: Ribombee|Sticky Web|p1a: Glimmora
|-sidestart|p1: tuffer_dih|move: Sticky Web
|move|p1a: Glimmora|Stealth Rock|p2a: Ribombee
|-sidestart|p2: ImOuTtT|move: Stealth Rock
|
|upkeep
|turn|2
|
|t:|1779648792
|move|p2a: Ribombee|Psychic|p1a: Glimmora
|-supereffective|p1a: Glimmora
|-crit|p1a: Glimmora
|-enditem|p1a: Glimmora|Focus Sash
|-damage|p1a: Glimmora|1/100
|move|p1a: Glimmora|Mortal Spin|p2a: Ribombee
|-supereffective|p2a: Ribombee
|-damage|p2a: Ribombee|75/100
|-sideend|p1: tuffer_dih|Sticky Web|[from] move: Mortal Spin|[of] p1a: Glimmora
|
|upkeep
|turn|3
|
|t:|1779648801
|move|p2a: Ribombee|Psychic|p1a: Glimmora
|-supereffective|p1a: Glimmora
|-damage|p1a: Glimmora|0 fnt
|faint|p1a: Glimmora
|
|upkeep
|
|t:|1779648809
|switch|p1a: Deoxys|Deoxys-Speed|100/100
|-ability|p1a: Deoxys|Pressure
|turn|4
|
|t:|1779648815
|move|p1a: Deoxys|Psycho Boost|p2a: Ribombee|[miss]
|-miss|p1a: Deoxys|p2a: Ribombee
|move|p2a: Ribombee|Sticky Web|p1a: Deoxys
|-sidestart|p1: tuffer_dih|move: Sticky Web
|
|upkeep
|turn|5
|
|t:|1779648829
|move|p1a: Deoxys|Psycho Boost|p2a: Ribombee|[miss]
|-miss|p1a: Deoxys|p2a: Ribombee
|move|p2a: Ribombee|Moonblast|p1a: Deoxys
|-damage|p1a: Deoxys|44/100
|
|upkeep
|turn|6
|c|☆tuffer_dih|foda viu
|
|t:|1779648837
|move|p1a: Deoxys|Psycho Boost|p2a: Ribombee
|-crit|p2a: Ribombee
|-damage|p2a: Ribombee|0 fnt
|-unboost|p1a: Deoxys|spa|2
|faint|p2a: Ribombee
|
|upkeep
|
|t:|1779648869
|switch|p2a: Cinderace|Cinderace, M|100/100
|-damage|p2a: Cinderace|76/100|[from] Stealth Rock
|turn|7
|
|t:|1779648875
|move|p2a: Cinderace|Sucker Punch||[still]
|-fail|p2a: Cinderace
|move|p1a: Deoxys|Reflect|p1a: Deoxys
|-sidestart|p1: tuffer_dih|Reflect
|
|upkeep
|turn|8
|
|t:|1779648881
|move|p1a: Deoxys|Light Screen|p1a: Deoxys
|-sidestart|p1: tuffer_dih|move: Light Screen
|move|p2a: Cinderace|Pyro Ball|p1a: Deoxys
|-damage|p1a: Deoxys|10/100
|
|upkeep
|turn|9
|
|t:|1779648886
|move|p2a: Cinderace|Sucker Punch||[still]
|-fail|p2a: Cinderace
|move|p1a: Deoxys|Taunt|p2a: Cinderace
|-start|p2a: Cinderace|move: Taunt
|
|upkeep
|turn|10
|
|t:|1779648893
|move|p2a: Cinderace|Sucker Punch|p1a: Deoxys
|-start|p2a: Cinderace|typechange|Dark|[from] ability: Libero
|-supereffective|p1a: Deoxys
|-damage|p1a: Deoxys|0 fnt
|faint|p1a: Deoxys
|
|upkeep
|
|t:|1779648898
|switch|p1a: Great Tusk|Great Tusk|100/100
|-activate|p1a: Great Tusk|move: Sticky Web
|-unboost|p1a: Great Tusk|spe|1
|-enditem|p1a: Great Tusk|Booster Energy
|-activate|p1a: Great Tusk|ability: Protosynthesis|[fromitem]
|-start|p1a: Great Tusk|protosynthesisatk
|turn|11
|
|t:|1779648908
|move|p2a: Cinderace|Pyro Ball|p1a: Great Tusk
|-damage|p1a: Great Tusk|87/100
|move|p1a: Great Tusk|Rapid Spin|p2a: Cinderace
|-damage|p2a: Cinderace|46/100
|-boost|p1a: Great Tusk|spe|1
|-sideend|p1: tuffer_dih|Sticky Web|[from] move: Rapid Spin|[of] p1a: Great Tusk
|
|upkeep
|turn|12
|
|t:|1779648916
|switch|p2a: Eelektross|Eelektross, F|100/100
|-damage|p2a: Eelektross|88/100|[from] Stealth Rock
|move|p1a: Great Tusk|Rapid Spin|p2a: Eelektross
|-damage|p2a: Eelektross|63/100
|-boost|p1a: Great Tusk|spe|1
|
|-heal|p2a: Eelektross|69/100|[from] item: Leftovers
|upkeep
|turn|13
|
|t:|1779648927
|move|p1a: Great Tusk|Rapid Spin|p2a: Eelektross
|-damage|p2a: Eelektross|46/100
|-boost|p1a: Great Tusk|spe|1
|move|p2a: Eelektross|Giga Drain|p1a: Great Tusk
|-supereffective|p1a: Great Tusk
|-damage|p1a: Great Tusk|51/100
|-heal|p2a: Eelektross|67/100|[from] drain|[of] p1a: Great Tusk
|
|-heal|p2a: Eelektross|73/100|[from] item: Leftovers
|upkeep
|turn|14
|
|t:|1779648938
|move|p1a: Great Tusk|Close Combat|p2a: Eelektross
|-damage|p2a: Eelektross|0 fnt
|-unboost|p1a: Great Tusk|def|1
|-unboost|p1a: Great Tusk|spd|1
|faint|p2a: Eelektross
|
|-sideend|p1: tuffer_dih|Reflect
|upkeep
|
|t:|1779648952
|switch|p2a: Cinderace|Cinderace, M|46/100
|-damage|p2a: Cinderace|21/100|[from] Stealth Rock
|turn|15
|
|t:|1779648958
|move|p1a: Great Tusk|Rapid Spin|p2a: Cinderace
|-damage|p2a: Cinderace|0 fnt
|-boost|p1a: Great Tusk|spe|1
|faint|p2a: Cinderace
|
|-sideend|p1: tuffer_dih|move: Light Screen
|upkeep
|
|t:|1779648965
|switch|p2a: Great Tusk|Great Tusk|100/100
|-damage|p2a: Great Tusk|98/100|[from] Stealth Rock
|-enditem|p2a: Great Tusk|Booster Energy
|-activate|p2a: Great Tusk|ability: Protosynthesis|[fromitem]
|-start|p2a: Great Tusk|protosynthesisatk
|turn|16
|
|t:|1779648971
|move|p1a: Great Tusk|Headlong Rush|p2a: Great Tusk
|-damage|p2a: Great Tusk|40/100
|-unboost|p1a: Great Tusk|def|1
|-unboost|p1a: Great Tusk|spd|1
|move|p2a: Great Tusk|Ice Spinner|p1a: Great Tusk
|-supereffective|p1a: Great Tusk
|-damage|p1a: Great Tusk|0 fnt
|faint|p1a: Great Tusk
|-end|p1a: Great Tusk|Protosynthesis|[silent]
|
|upkeep
|
|t:|1779648975
|switch|p1a: Ogerpon|Ogerpon, F|100/100
|turn|17
|
|t:|1779648985
|-terastallize|p2a: Great Tusk|Steel
|move|p1a: Ogerpon|Ivy Cudgel|p2a: Great Tusk
|-resisted|p2a: Great Tusk
|-damage|p2a: Great Tusk|13/100
|move|p2a: Great Tusk|Ice Spinner|p1a: Ogerpon
|-supereffective|p1a: Ogerpon
|-damage|p1a: Ogerpon|12/100
|
|upkeep
|turn|18
|
|t:|1779648994
|move|p1a: Ogerpon|Ivy Cudgel|p2a: Great Tusk
|-resisted|p2a: Great Tusk
|-crit|p2a: Great Tusk
|-damage|p2a: Great Tusk|0 fnt
|faint|p2a: Great Tusk
|-end|p2a: Great Tusk|Protosynthesis|[silent]
|
|upkeep
|
|t:|1779649000
|switch|p2a: Iron Moth|Iron Moth|100/100
|-damage|p2a: Iron Moth|76/100|[from] Stealth Rock
|-enditem|p2a: Iron Moth|Booster Energy
|-activate|p2a: Iron Moth|ability: Quark Drive|[fromitem]
|-start|p2a: Iron Moth|quarkdrivespa
|turn|19
|
|t:|1779649006
|move|p2a: Iron Moth|Fiery Dance|p1a: Ogerpon
|-supereffective|p1a: Ogerpon
|-damage|p1a: Ogerpon|0 fnt
|-boost|p2a: Iron Moth|spa|1
|faint|p1a: Ogerpon
|
|upkeep
|
|t:|1779649008
|switch|p1a: Iron Crown|Iron Crown|100/100
|turn|20
|
|t:|1779649015
|-terastallize|p1a: Iron Crown|Ground
|move|p2a: Iron Moth|Fiery Dance|p1a: Iron Crown
|-damage|p1a: Iron Crown|16/100
|-boost|p2a: Iron Moth|spa|1
|move|p1a: Iron Crown|Agility|p1a: Iron Crown
|-boost|p1a: Iron Crown|spe|2
|
|-heal|p1a: Iron Crown|23/100|[from] item: Leftovers
|upkeep
|turn|21
|
|t:|1779649029
|move|p1a: Iron Crown|Stored Power|p2a: Iron Moth
|-supereffective|p2a: Iron Moth
|-damage|p2a: Iron Moth|13/100
|move|p2a: Iron Moth|Fiery Dance|p1a: Iron Crown
|-damage|p1a: Iron Crown|0 fnt
|faint|p1a: Iron Crown
|-end|p1a: Iron Crown|Quark Drive|[silent]
|
|upkeep
|-message|tuffer_dih forfeited.
|
|win|ImOuTtT
|raw|tuffer_dih's rating: 1164 &rarr; <strong>1134</strong><br />(-30 for losing)
|raw|ImOuTtT's rating: 1100 &rarr; <strong>1130</strong><br />(+30 for winning)
|l|☆tuffer_dih
|player|p1|
|c|☆ImOuTtT|Gg
