|j|☆Cheribat
|j|☆D1flicted
|t:|1779578220
|gametype|singles
|player|p1|Cheribat|waitress-gen4|1142
|player|p2|D1flicted|169|1185
|gen|9
|tier|[Gen 9] OU
|rated|
|rule|HP Percentage Mod: HP is shown in percentages
|rule|Endless Battle Clause: Forcing endless battles is banned
|rule|Species Clause: Limit one of each Pokémon
|rule|OHKO Clause: OHKO moves are banned
|rule|Evasion Items Clause: Evasion items are banned
|rule|Evasion Moves Clause: Evasion moves are banned
|rule|Evasion Abilities Clause: Evasion abilities are banned
|rule|Sleep Moves Clause: Sleep-inducing moves are banned
|clearpoke
|poke|p1|Tyranitar, F|
|poke|p1|Excadrill, F|
|poke|p1|Sableye, F|
|poke|p1|Milotic, F|
|poke|p1|Landorus-Therian, M|
|poke|p1|Dugtrio, F|
|poke|p2|Metagross|
|poke|p2|Enamorus, F|
|poke|p2|Raging Bolt|
|poke|p2|Darkrai|
|poke|p2|Ogerpon-Wellspring, F|
|poke|p2|Glimmora, F|
|teampreview
|
|t:|1779578232
|teamsize|p1|6
|teamsize|p2|6
|start
|switch|p1a: Sableye|Sableye, F|100/100
|switch|p2a: Glimmora|Glimmora, F|100/100
|turn|1
|
|t:|1779578241
|move|p1a: Sableye|Gravity|p1a: Sableye
|-fieldstart|move: Gravity
|move|p2a: Glimmora|Stealth Rock|p1a: Sableye
|-sidestart|p1: Cheribat|move: Stealth Rock
|
|upkeep
|turn|2
|
|t:|1779578251
|switch|p1a: Milotic|Milotic, F|100/100
|-damage|p1a: Milotic|88/100|[from] Stealth Rock
|move|p2a: Glimmora|Mortal Spin|p1a: Milotic
|-damage|p1a: Milotic|82/100
|-status|p1a: Milotic|psn
|
|-damage|p1a: Milotic|70/100 psn|[from] psn
|upkeep
|turn|3
|
|t:|1779578269
|move|p2a: Glimmora|Power Gem|p1a: Milotic
|-damage|p1a: Milotic|45/100 psn
|move|p1a: Milotic|Blizzard|p2a: Glimmora
|-damage|p2a: Glimmora|59/100
|
|-damage|p1a: Milotic|32/100 psn|[from] psn
|upkeep
|turn|4
|
|t:|1779578281
|move|p2a: Glimmora|Earth Power|p1a: Milotic
|-damage|p1a: Milotic|13/100 psn
|-unboost|p1a: Milotic|spd|1
|move|p1a: Milotic|Recover|p1a: Milotic
|-heal|p1a: Milotic|63/100 psn
|
|-damage|p1a: Milotic|51/100 psn|[from] psn
|upkeep
|turn|5
|
|t:|1779578293
|move|p2a: Glimmora|Earth Power|p1a: Milotic
|-damage|p1a: Milotic|19/100 psn
|move|p1a: Milotic|Hydro Pump|p2a: Glimmora
|-supereffective|p2a: Glimmora
|-damage|p2a: Glimmora|0 fnt
|faint|p2a: Glimmora
|
|-damage|p1a: Milotic|6/100 psn|[from] psn
|-fieldend|move: Gravity
|upkeep
|
|t:|1779578301
|switch|p2a: Raging Bolt|Raging Bolt|100/100
|turn|6
|
|t:|1779578311
|switch|p1a: Landorus|Landorus-Therian, M|100/100
|-damage|p1a: Landorus|88/100|[from] Stealth Rock
|-ability|p1a: Landorus|Intimidate|boost
|-unboost|p2a: Raging Bolt|atk|1
|move|p2a: Raging Bolt|Dragon Pulse|p1a: Landorus
|-damage|p1a: Landorus|32/100
|
|upkeep
|turn|7
|
|t:|1779578322
|move|p1a: Landorus|U-turn|p2a: Raging Bolt
|-damage|p2a: Raging Bolt|78/100
|
|t:|1779578324
|switch|p1a: Sableye|Sableye, F|100/100|[from] U-turn
|-damage|p1a: Sableye|88/100|[from] Stealth Rock
|move|p2a: Raging Bolt|Dragon Pulse|p1a: Sableye
|-damage|p1a: Sableye|35/100
|
|upkeep
|turn|8
|
|t:|1779578334
|move|p1a: Sableye|Gravity|p1a: Sableye
|-fieldstart|move: Gravity
|move|p2a: Raging Bolt|Dragon Pulse|p1a: Sableye
|-damage|p1a: Sableye|0 fnt
|faint|p1a: Sableye
|
|upkeep
|
|t:|1779578343
|switch|p1a: Tyranitar|Tyranitar, F|100/100
|-damage|p1a: Tyranitar|88/100|[from] Stealth Rock
|-weather|Sandstorm|[from] ability: Sand Stream|[of] p1a: Tyranitar
|turn|9
|
|t:|1779578353
|move|p2a: Raging Bolt|Volt Switch|p1a: Tyranitar
|-damage|p1a: Tyranitar|73/100
|
|t:|1779578358
|-end|p2a: Raging Bolt|Protosynthesis|[silent]
|switch|p2a: Ogerpon|Ogerpon-Wellspring, F|100/100|[from] Volt Switch
|move|p1a: Tyranitar|Stomping Tantrum|p2a: Ogerpon
|-resisted|p2a: Ogerpon
|-damage|p2a: Ogerpon|82/100
|
|-weather|Sandstorm|[upkeep]
|-damage|p2a: Ogerpon|76/100|[from] Sandstorm
|upkeep
|turn|10
|
|t:|1779578371
|switch|p1a: Milotic|Milotic, F|6/100 psn
|-damage|p1a: Milotic|0 fnt|[from] Stealth Rock
|faint|p1a: Milotic
|move|p2a: Ogerpon|Ivy Cudgel|p1: Milotic|[notarget]
|-fail|p2a: Ogerpon
|
|-weather|Sandstorm|[upkeep]
|-damage|p2a: Ogerpon|70/100|[from] Sandstorm
|upkeep
|
|t:|1779578379
|switch|p1a: Dugtrio|Dugtrio, F|100/100
|-damage|p1a: Dugtrio|95/100|[from] Stealth Rock
|turn|11
|
|t:|1779578393
|-terastallize|p2a: Ogerpon|Water
|detailschange|p2a: Ogerpon|Ogerpon-Wellspring-Tera, F, tera:Water
|-ability|p2a: Ogerpon|Embody Aspect (Wellspring)|boost
|-boost|p2a: Ogerpon|spd|1
|move|p1a: Dugtrio|Sucker Punch|p2a: Ogerpon
|-damage|p2a: Ogerpon|46/100
|move|p2a: Ogerpon|Ivy Cudgel|p1a: Dugtrio|[anim] Ivy Cudgel Water
|-supereffective|p1a: Dugtrio
|-damage|p1a: Dugtrio|0 fnt
|faint|p1a: Dugtrio
|
|-weather|Sandstorm|[upkeep]
|-damage|p2a: Ogerpon|40/100|[from] Sandstorm
|upkeep
|
|t:|1779578407
|switch|p1a: Excadrill|Excadrill, F|100/100
|-damage|p1a: Excadrill|97/100|[from] Stealth Rock
|turn|12
|
|t:|1779578415
|switch|p2a: Enamorus|Enamorus, F|100/100
|move|p1a: Excadrill|High Horsepower|p2a: Enamorus
|-damage|p2a: Enamorus|0 fnt
|faint|p2a: Enamorus
|-damage|p1a: Excadrill|87/100|[from] item: Life Orb
|
|-weather|Sandstorm|[upkeep]
|-fieldend|move: Gravity
|upkeep
|
|t:|1779578422
|switch|p2a: Darkrai|Darkrai|100/100
|turn|13
|
|t:|1779578428
|move|p1a: Excadrill|Iron Head|p2a: Darkrai
|-damage|p2a: Darkrai|13/100
|-damage|p1a: Excadrill|78/100|[from] item: Life Orb
|move|p2a: Darkrai|Nasty Plot|p2a: Darkrai
|-boost|p2a: Darkrai|spa|2
|
|-weather|none
|-heal|p2a: Darkrai|19/100|[from] item: Leftovers
|upkeep
|turn|14
|
|t:|1779578437
|switch|p1a: Tyranitar|Tyranitar, F|73/100
|-damage|p1a: Tyranitar|60/100|[from] Stealth Rock
|-weather|Sandstorm|[from] ability: Sand Stream|[of] p1a: Tyranitar
|move|p2a: Darkrai|Dark Pulse|p1a: Tyranitar
|-resisted|p1a: Tyranitar
|-damage|p1a: Tyranitar|44/100
|
|-weather|Sandstorm|[upkeep]
|-damage|p2a: Darkrai|13/100|[from] Sandstorm
|-heal|p2a: Darkrai|19/100|[from] item: Leftovers
|upkeep
|turn|15
|
|t:|1779578448
|move|p2a: Darkrai|Ice Beam|p1a: Tyranitar
|-damage|p1a: Tyranitar|19/100
|move|p1a: Tyranitar|Low Kick|p2a: Darkrai
|-supereffective|p2a: Darkrai
|-damage|p2a: Darkrai|0 fnt
|faint|p2a: Darkrai
|
|-weather|Sandstorm|[upkeep]
|upkeep
|
|t:|1779578454
|switch|p2a: Raging Bolt|Raging Bolt|78/100
|turn|16
|
|t:|1779578459
|move|p2a: Raging Bolt|Thunderclap|p1a: Tyranitar
|-damage|p1a: Tyranitar|4/100
|move|p1a: Tyranitar|Knock Off|p2a: Raging Bolt
|-damage|p2a: Raging Bolt|25/100
|-enditem|p2a: Raging Bolt|Heavy-Duty Boots|[from] move: Knock Off|[of] p1a: Tyranitar
|
|-weather|Sandstorm|[upkeep]
|-damage|p2a: Raging Bolt|18/100|[from] Sandstorm
|upkeep
|turn|17
|
|t:|1779578470
|move|p2a: Raging Bolt|Dragon Pulse|p1a: Tyranitar
|-damage|p1a: Tyranitar|0 fnt
|faint|p1a: Tyranitar
|
|-weather|Sandstorm|[upkeep]
|-damage|p2a: Raging Bolt|12/100|[from] Sandstorm
|upkeep
|
|t:|1779578477
|switch|p1a: Excadrill|Excadrill, F|78/100
|-damage|p1a: Excadrill|74/100|[from] Stealth Rock
|turn|18
|
|t:|1779578482
|move|p1a: Excadrill|High Horsepower|p2a: Raging Bolt
|-supereffective|p2a: Raging Bolt
|-damage|p2a: Raging Bolt|0 fnt
|faint|p2a: Raging Bolt
|-end|p2a: Raging Bolt|Protosynthesis|[silent]
|-damage|p1a: Excadrill|64/100|[from] item: Life Orb
|
|-weather|none
|upkeep
|
|t:|1779578487
|switch|p2a: Metagross|Metagross|100/100
|turn|19
|
|t:|1779578492
|move|p1a: Excadrill|High Horsepower|p2a: Metagross
|-supereffective|p2a: Metagross
|-damage|p2a: Metagross|0 fnt
|faint|p2a: Metagross
|-damage|p1a: Excadrill|55/100|[from] item: Life Orb
|
|upkeep
|
|t:|1779578495
|switch|p2a: Ogerpon|Ogerpon-Wellspring-Tera, F, tera:Water|40/100
|-ability|p2a: Ogerpon|Embody Aspect (Wellspring)|boost
|-boost|p2a: Ogerpon|spd|1
|turn|20
|
|t:|1779578504
|move|p1a: Excadrill|Protect|p1a: Excadrill
|-singleturn|p1a: Excadrill|Protect
|move|p2a: Ogerpon|Ivy Cudgel|p1a: Excadrill|[anim] Ivy Cudgel Water
|-activate|p1a: Excadrill|move: Protect
|
|upkeep
|turn|21
|
|t:|1779578524
|move|p2a: Ogerpon|Ivy Cudgel|p1a: Excadrill|[anim] Ivy Cudgel Water
|-supereffective|p1a: Excadrill
|-damage|p1a: Excadrill|0 fnt
|faint|p1a: Excadrill
|
|upkeep
|
|t:|1779578528
|switch|p1a: Landorus|Landorus-Therian, M|32/100
|-damage|p1a: Landorus|20/100|[from] Stealth Rock
|-ability|p1a: Landorus|Intimidate|boost
|-unboost|p2a: Ogerpon|atk|1
|turn|22
|
|t:|1779578537
|move|p2a: Ogerpon|Ivy Cudgel|p1a: Landorus|[anim] Ivy Cudgel Water
|-supereffective|p1a: Landorus
|-crit|p1a: Landorus
|-damage|p1a: Landorus|0 fnt
|faint|p1a: Landorus
|
|win|D1flicted
|raw|Cheribat's rating: 1142 &rarr; <strong>1120</strong><br />(-22 for losing)
|raw|D1flicted's rating: 1185 &rarr; <strong>1207</strong><br />(+22 for winning)
|l|☆D1flicted
|player|p2|
|l|☆Cheribat
|player|p1|
