|j|☆diddlediddle
|j|☆BigCungusxRemix
|t:|1779666875
|gametype|singles
|player|p1|diddlediddle|swimmerf|1387
|player|p2|BigCungusxRemix|101|1394
|gen|9
|tier|[Gen 9] OU
|rated|
|rule|HP Percentage Mod: HP is shown in percentages
|rule|Endless Battle Clause: Forcing endless battles is banned
|rule|Species Clause: Limit one of each Pokémon
|rule|OHKO Clause: OHKO moves are banned
|rule|Evasion Items Clause: Evasion items are banned
|rule|Evasion Moves Clause: Evasion moves are banned
|rule|Evasion Abilities Clause: Evasion abilities are banned
|rule|Sleep Moves Clause: Sleep-inducing moves are banned
|clearpoke
|poke|p1|Cacturne, M|
|poke|p1|Sandy Shocks|
|poke|p1|Jirachi|
|poke|p1|Zoroark-Hisui, F|
|poke|p1|Heatran, M|
|poke|p1|Maushold-Four|
|poke|p2|Volcanion|
|poke|p2|Samurott-Hisui, M|
|poke|p2|Pecharunt|
|poke|p2|Quaquaval, F|
|poke|p2|Gliscor, F|
|poke|p2|Rotom-Wash|
|teampreview
|
|t:|1779666903
|teamsize|p1|6
|teamsize|p2|6
|start
|switch|p1a: Cacturne|Cacturne, M|100/100
|switch|p2a: Samurott|Samurott-Hisui, M|100/100
|turn|1
|
|t:|1779666911
|move|p2a: Samurott|Ceaseless Edge|p1a: Cacturne
|-resisted|p1a: Cacturne
|-damage|p1a: Cacturne|52/100
|-sidestart|p1: diddlediddle|Spikes
|move|p1a: Cacturne|Seed Bomb|p2a: Samurott
|-supereffective|p2a: Samurott
|-damage|p2a: Samurott|10/100
|
|upkeep
|turn|2
|
|t:|1779666923
|move|p2a: Samurott|Ceaseless Edge|p1a: Cacturne
|-resisted|p1a: Cacturne
|-damage|p1a: Cacturne|9/100
|-sidestart|p1: diddlediddle|Spikes
|move|p1a: Cacturne|Swords Dance|p1a: Cacturne
|-boost|p1a: Cacturne|atk|2
|
|upkeep
|turn|3
|
|t:|1779666931
|move|p2a: Samurott|Sucker Punch|p1a: Cacturne
|-resisted|p1a: Cacturne
|-damage|p1a: Cacturne|0 fnt
|faint|p1a: Cacturne
|
|upkeep
|
|t:|1779666936
|switch|p1a: Maushold|Maushold-Four|100/100
|-damage|p1a: Maushold|84/100|[from] Spikes
|turn|4
|
|t:|1779666943
|-terastallize|p1a: Maushold|Ghost
|move|p1a: Maushold|Tidy Up|p1a: Maushold
|-sideend|p1: diddlediddle|Spikes
|-activate|p1a: Maushold|move: Tidy Up
|-boost|p1a: Maushold|atk|1
|-boost|p1a: Maushold|spe|1
|move|p2a: Samurott|Ceaseless Edge|p1a: Maushold
|-supereffective|p1a: Maushold
|-damage|p1a: Maushold|0 fnt
|-sidestart|p1: diddlediddle|Spikes
|faint|p1a: Maushold
|
|upkeep
|c|☆diddlediddle|Well I fucked that up
|inactive|Battle timer is ON: inactive players will automatically lose when time's up. (requested by BigCungusxRemix)
|
|t:|1779666962
|switch|p1a: Live by the flinch|Jirachi|100/100
|-damage|p1a: Live by the flinch|88/100|[from] Spikes
|turn|5
|
|t:|1779666972
|move|p2a: Samurott|Sucker Punch|p1a: Live by the flinch
|-supereffective|p1a: Live by the flinch
|-damage|p1a: Live by the flinch|19/100
|move|p1a: Live by the flinch|Body Slam|p2a: Samurott
|-damage|p2a: Samurott|0 fnt
|faint|p2a: Samurott
|
|upkeep
|
|t:|1779666979
|switch|p2a: Rotom|Rotom-Wash|100/100
|turn|6
|
|t:|1779666990
|switch|p1a: Sandy Shocks|Sandy Shocks|100/100
|-damage|p1a: Sandy Shocks|88/100|[from] Spikes
|-enditem|p1a: Sandy Shocks|Booster Energy
|-activate|p1a: Sandy Shocks|ability: Protosynthesis|[fromitem]
|-start|p1a: Sandy Shocks|protosynthesisspe
|move|p2a: Rotom|Volt Switch|p1a: Sandy Shocks
|-immune|p1a: Sandy Shocks
|
|upkeep
|turn|7
|
|t:|1779667001
|switch|p2a: Gliscor|Gliscor, F|100/100
|move|p1a: Sandy Shocks|Mirror Coat||[still]
|-fail|p1a: Sandy Shocks
|
|-status|p2a: Gliscor|tox|[from] item: Toxic Orb
|upkeep
|turn|8
|
|t:|1779667013
|-end|p1a: Sandy Shocks|Protosynthesis|[silent]
|switch|p1a: Live by the flinch|Jirachi|19/100
|-damage|p1a: Live by the flinch|7/100|[from] Spikes
|move|p2a: Gliscor|Knock Off|p1a: Live by the flinch
|-supereffective|p1a: Live by the flinch
|-damage|p1a: Live by the flinch|0 fnt
|-enditem|p1a: Live by the flinch|Choice Scarf|[from] move: Knock Off|[of] p2a: Gliscor
|faint|p1a: Live by the flinch
|
|upkeep
|
|t:|1779667018
|switch|p1a: Heatran|Heatran, M|100/100
|-damage|p1a: Heatran|88/100|[from] Spikes
|turn|9
|
|t:|1779667030
|move|p1a: Heatran|Bitter Malice|p2a: Gliscor
|-damage|p2a: Gliscor|44/100 tox
|-unboost|p2a: Gliscor|atk|1
|move|p2a: Gliscor|Knock Off|p1a: Heatran
|-supereffective|p1a: Heatran
|-damage|p1a: Heatran|27/100
|replace|p1a: Zoroark|Zoroark-Hisui, F
|-end|p1a: Zoroark|Illusion
|-enditem|p1a: Zoroark|Choice Specs|[from] move: Knock Off|[of] p2a: Gliscor
|
|-heal|p2a: Gliscor|57/100 tox|[from] ability: Poison Heal
|upkeep
|turn|10
|
|t:|1779667046
|move|p1a: Zoroark|Hyper Voice|p2a: Gliscor
|-damage|p2a: Gliscor|8/100 tox
|move|p2a: Gliscor|Knock Off|p1a: Zoroark
|-supereffective|p1a: Zoroark
|-damage|p1a: Zoroark|0 fnt
|faint|p1a: Zoroark
|
|-heal|p2a: Gliscor|20/100 tox|[from] ability: Poison Heal
|upkeep
|inactive|diddlediddle has 120 seconds left.
|inactive|diddlediddle has 90 seconds left.
|
|t:|1779667120
|switch|p1a: Heatran|Heatran, M|100/100
|-damage|p1a: Heatran|88/100|[from] Spikes
|turn|11
|
|t:|1779667144
|move|p1a: Heatran|Flamethrower|p2a: Gliscor
|-damage|p2a: Gliscor|0 fnt
|faint|p2a: Gliscor
|
|upkeep
|
|t:|1779667149
|switch|p2a: Quaquaval|Quaquaval, F|100/100
|turn|12
|inactive|diddlediddle has 90 seconds left.
|
|t:|1779667172
|move|p1a: Heatran|Flamethrower|p2a: Quaquaval
|-resisted|p2a: Quaquaval
|-damage|p2a: Quaquaval|65/100
|move|p2a: Quaquaval|Aqua Step|p1a: Heatran
|-supereffective|p1a: Heatran
|-damage|p1a: Heatran|4/100
|-boost|p2a: Quaquaval|spe|1
|
|upkeep
|turn|13
|-message|diddlediddle forfeited.
|
|win|BigCungusxRemix
|raw|diddlediddle's rating: 1387 &rarr; <strong>1367</strong><br />(-20 for losing)
|raw|BigCungusxRemix's rating: 1394 &rarr; <strong>1414</strong><br />(+20 for winning)
|l|☆diddlediddle
|player|p1|
