|j|☆NoobishTrainerJoe
|j|☆owl_with_scarf
|t:|1779600894
|gametype|singles
|player|p1|NoobishTrainerJoe|265|1518
|player|p2|owl_with_scarf|#owlwithscarf|1550
|gen|9
|tier|[Gen 9] OU
|rated|
|rule|HP Percentage Mod: HP is shown in percentages
|rule|Endless Battle Clause: Forcing endless battles is banned
|rule|Species Clause: Limit one of each Pokémon
|rule|OHKO Clause: OHKO moves are banned
|rule|Evasion Items Clause: Evasion items are banned
|rule|Evasion Moves Clause: Evasion moves are banned
|rule|Evasion Abilities Clause: Evasion abilities are banned
|rule|Sleep Moves Clause: Sleep-inducing moves are banned
|clearpoke
|poke|p1|Greninja-*, M|
|poke|p1|Pelipper, F|
|poke|p1|Regieleki|
|poke|p1|Primarina, M|
|poke|p1|Iron Treads|
|poke|p1|Kingambit, F|
|poke|p2|Diancie|
|poke|p2|Blaziken, M|
|poke|p2|Oricorio-Pom-Pom, M|
|poke|p2|Cinderace, F|
|poke|p2|Regidrago|
|poke|p2|Ursaluna, M|
|teampreview
|inactive|Battle timer is ON: inactive players will automatically lose when time's up. (requested by owl_with_scarf)
|inactive|owl_with_scarf has 120 seconds left.
|
|t:|1779600931
|teamsize|p1|6
|teamsize|p2|6
|start
|switch|p1a: Regieleki|Regieleki|100/100
|switch|p2a: Oricorio|Oricorio-Pom-Pom, M|100/100
|turn|1
|
|t:|1779600954
|switch|p1a: Primarina|Primarina, M|100/100
|switch|p2a: Ursaluna|Ursaluna, M|100/100
|
|-status|p2a: Ursaluna|brn|[from] item: Flame Orb
|upkeep
|turn|2
|
|t:|1779600959
|move|p2a: Ursaluna|Facade|p1a: Primarina
|-damage|p1a: Primarina|0 fnt
|faint|p1a: Primarina
|
|-damage|p2a: Ursaluna|94/100 brn|[from] brn
|upkeep
|
|t:|1779600968
|switch|p1a: Greninja|Greninja, M|100/100
|turn|3
|
|t:|1779600976
|move|p1a: Greninja|Surf|p2a: Ursaluna
|-supereffective|p2a: Ursaluna
|-damage|p2a: Ursaluna|0 fnt
|faint|p2a: Ursaluna
|-ability|p1a: Greninja|Battle Bond|boost
|-boost|p1a: Greninja|atk|1
|-boost|p1a: Greninja|spa|1
|-boost|p1a: Greninja|spe|1
|-activate|p1a: Greninja|ability: Battle Bond
|
|upkeep
|
|t:|1779600981
|switch|p2a: Diancie|Diancie|100/100
|turn|4
|
|t:|1779600984
|-terastallize|p2a: Diancie|Water
|move|p1a: Greninja|Surf|p2a: Diancie
|-resisted|p2a: Diancie
|-damage|p2a: Diancie|66/100
|move|p2a: Diancie|Meteor Beam||[still]
|-prepare|p2a: Diancie|Meteor Beam
|-boost|p2a: Diancie|spa|1
|-enditem|p2a: Diancie|Power Herb
|-anim|p2a: Diancie|Meteor Beam|p1a: Greninja
|-damage|p1a: Greninja|0 fnt
|faint|p1a: Greninja
|
|upkeep
|
|t:|1779600990
|switch|p1a: Regieleki|Regieleki|100/100
|turn|5
|
|t:|1779600994
|move|p1a: Regieleki|Volt Switch|p2a: Diancie
|-supereffective|p2a: Diancie
|-damage|p2a: Diancie|0 fnt
|faint|p2a: Diancie
|
|t:|1779601005
|switch|p1a: Pelipper|Pelipper, F|100/100|[from] Volt Switch
|-weather|RainDance|[from] ability: Drizzle|[of] p1a: Pelipper
|
|-weather|RainDance|[upkeep]
|upkeep
|
|t:|1779601010
|switch|p2a: Regidrago|Regidrago|100/100
|turn|6
|
|t:|1779601013
|move|p2a: Regidrago|Dragon Energy|p1a: Pelipper
|-damage|p1a: Pelipper|0 fnt
|faint|p1a: Pelipper
|
|-weather|RainDance|[upkeep]
|upkeep
|
|t:|1779601016
|switch|p1a: Iron Treads|Iron Treads|100/100
|turn|7
|
|t:|1779601019
|switch|p2a: Cinderace|Cinderace, F|100/100
|move|p1a: Iron Treads|Knock Off|p2a: Cinderace
|-damage|p2a: Cinderace|62/100
|-enditem|p2a: Cinderace|Heavy-Duty Boots|[from] move: Knock Off|[of] p1a: Iron Treads
|
|-weather|RainDance|[upkeep]
|upkeep
|turn|8
|
|t:|1779601022
|move|p2a: Cinderace|High Jump Kick|p1a: Iron Treads
|-start|p2a: Cinderace|typechange|Fighting|[from] ability: Libero
|-supereffective|p1a: Iron Treads
|-damage|p1a: Iron Treads|0 fnt
|faint|p1a: Iron Treads
|-end|p1a: Iron Treads|Quark Drive|[silent]
|
|-weather|RainDance|[upkeep]
|upkeep
|
|t:|1779601029
|switch|p1a: Regieleki|Regieleki|100/100
|turn|9
|
|t:|1779601034
|move|p1a: Regieleki|Thunder|p2a: Cinderace
|-damage|p2a: Cinderace|0 fnt
|faint|p2a: Cinderace
|
|-weather|RainDance|[upkeep]
|upkeep
|
|t:|1779601035
|switch|p2a: Regidrago|Regidrago|100/100
|turn|10
|
|t:|1779601037
|move|p1a: Regieleki|Thunder|p2a: Regidrago
|-resisted|p2a: Regidrago
|-damage|p2a: Regidrago|65/100
|move|p2a: Regidrago|Draco Meteor|p1a: Regieleki
|-damage|p1a: Regieleki|0 fnt
|-unboost|p2a: Regidrago|spa|2
|faint|p1a: Regieleki
|
|-weather|RainDance|[upkeep]
|upkeep
|
|t:|1779601043
|switch|p1a: Kingambit|Kingambit, F|100/100
|-activate|p1a: Kingambit|ability: Supreme Overlord
|-start|p1a: Kingambit|fallen5|[silent]
|turn|11
|
|t:|1779601045
|switch|p2a: Blaziken|Blaziken, M|100/100
|move|p1a: Kingambit|Swords Dance|p1a: Kingambit
|-boost|p1a: Kingambit|atk|2
|
|-weather|RainDance|[upkeep]
|upkeep
|turn|12
|
|t:|1779601052
|switch|p2a: Regidrago|Regidrago|65/100
|-terastallize|p1a: Kingambit|Ghost
|move|p1a: Kingambit|Kowtow Cleave|p2a: Regidrago
|-damage|p2a: Regidrago|0 fnt
|faint|p2a: Regidrago
|
|-weather|none
|upkeep
|
|t:|1779601056
|switch|p2a: Blaziken|Blaziken, M|100/100
|turn|13
|
|t:|1779601060
|move|p2a: Blaziken|Knock Off|p1a: Kingambit
|-supereffective|p1a: Kingambit
|-damage|p1a: Kingambit|39/100
|-enditem|p1a: Kingambit|Leftovers|[from] move: Knock Off|[of] p2a: Blaziken
|move|p1a: Kingambit|Kowtow Cleave|p2a: Blaziken
|-resisted|p2a: Blaziken
|-damage|p2a: Blaziken|0 fnt
|faint|p2a: Blaziken
|
|upkeep
|
|t:|1779601062
|switch|p2a: Oricorio|Oricorio-Pom-Pom, M|100/100
|turn|14
|
|t:|1779601066
|move|p2a: Oricorio|Hurricane|p1a: Kingambit|[miss]
|-miss|p2a: Oricorio|p1a: Kingambit
|move|p1a: Kingambit|Kowtow Cleave|p2a: Oricorio
|-damage|p2a: Oricorio|0 fnt
|faint|p2a: Oricorio
|
|win|NoobishTrainerJoe
|raw|NoobishTrainerJoe's rating: 1518 &rarr; <strong>1540</strong><br />(+22 for winning)
|raw|owl_with_scarf's rating: 1550 &rarr; <strong>1528</strong><br />(-22 for losing)
|l|☆owl_with_scarf
|player|p2|
|l|☆NoobishTrainerJoe
|player|p1|
