|j|☆BigCungusxRemix
|j|☆Hunter_of_Keys
|t:|1779667578
|gametype|singles
|player|p1|BigCungusxRemix|101|1444
|player|p2|Hunter_of_Keys|veteran|1561
|gen|9
|tier|[Gen 9] OU
|rated|
|rule|HP Percentage Mod: HP is shown in percentages
|rule|Endless Battle Clause: Forcing endless battles is banned
|rule|Species Clause: Limit one of each Pokémon
|rule|OHKO Clause: OHKO moves are banned
|rule|Evasion Items Clause: Evasion items are banned
|rule|Evasion Moves Clause: Evasion moves are banned
|rule|Evasion Abilities Clause: Evasion abilities are banned
|rule|Sleep Moves Clause: Sleep-inducing moves are banned
|clearpoke
|poke|p1|Volcanion|
|poke|p1|Samurott-Hisui, F|
|poke|p1|Pecharunt|
|poke|p1|Quaquaval, M|
|poke|p1|Gliscor, M|
|poke|p1|Rotom-Wash|
|poke|p2|Gallade, M|
|poke|p2|Armarouge, M|
|poke|p2|Indeedee, M|
|poke|p2|Cresselia, F|
|poke|p2|Rabsca, F|
|poke|p2|Espeon, F|
|teampreview
|inactive|Battle timer is ON: inactive players will automatically lose when time's up. (requested by Hunter_of_Keys)
|
|t:|1779667591
|teamsize|p1|6
|teamsize|p2|6
|start
|switch|p1a: Samurott|Samurott-Hisui, F|100/100
|switch|p2a: Gallade|Gallade, M|100/100
|turn|1
|
|t:|1779667599
|move|p2a: Gallade|Sacred Sword|p1a: Samurott
|-supereffective|p1a: Samurott
|-enditem|p1a: Samurott|Focus Sash
|-damage|p1a: Samurott|1/100
|move|p1a: Samurott|Ceaseless Edge|p2a: Gallade
|-damage|p2a: Gallade|8/100
|-sidestart|p2: Hunter_of_Keys|Spikes
|
|upkeep
|turn|2
|
|t:|1779667607
|switch|p2a: Cresselia|Cresselia, F|100/100
|move|p1a: Samurott|Sucker Punch||[still]
|-fail|p1a: Samurott
|
|upkeep
|turn|3
|
|t:|1779667612
|move|p1a: Samurott|Taunt|p2a: Cresselia
|-start|p2a: Cresselia|move: Taunt
|move|p2a: Cresselia|Ice Beam|p1a: Samurott
|-resisted|p1a: Samurott
|-crit|p1a: Samurott
|-damage|p1a: Samurott|0 fnt
|faint|p1a: Samurott
|
|upkeep
|
|t:|1779667619
|switch|p1a: Rotom|Rotom-Wash|100/100
|turn|4
|
|t:|1779667622
|move|p1a: Rotom|Volt Switch|p2a: Cresselia
|-damage|p2a: Cresselia|81/100
|
|t:|1779667628
|switch|p1a: Pecharunt|Pecharunt|100/100|[from] Volt Switch
|-item|p1a: Pecharunt|Air Balloon
|move|p2a: Cresselia|Thunderbolt|p1a: Pecharunt
|-damage|p1a: Pecharunt|85/100
|-enditem|p1a: Pecharunt|Air Balloon
|
|upkeep
|turn|5
|
|t:|1779667636
|move|p1a: Pecharunt|Toxic|p2a: Cresselia
|-status|p2a: Cresselia|tox
|-start|p2a: Cresselia|confusion|[from] ability: Poison Puppeteer|[of] p1a: Pecharunt
|-activate|p2a: Cresselia|confusion
|move|p2a: Cresselia|Thunderbolt|p1a: Pecharunt
|-damage|p1a: Pecharunt|68/100
|
|-damage|p2a: Cresselia|75/100 tox|[from] psn
|-end|p2a: Cresselia|move: Taunt
|upkeep
|turn|6
|
|t:|1779667647
|move|p1a: Pecharunt|Malignant Chain|p2a: Cresselia
|-damage|p2a: Cresselia|58/100 tox
|-activate|p2a: Cresselia|confusion
|move|p2a: Cresselia|Thunder Wave|p1a: Pecharunt
|-status|p1a: Pecharunt|par
|
|-damage|p2a: Cresselia|46/100 tox|[from] psn
|upkeep
|turn|7
|
|t:|1779667656
|-end|p2a: Cresselia|confusion
|move|p2a: Cresselia|Lunar Dance|p2a: Cresselia
|faint|p2a: Cresselia
|move|p1a: Pecharunt|Malignant Chain|p2: Cresselia|[notarget]
|-fail|p1a: Pecharunt
|
|upkeep
|
|t:|1779667662
|switch|p2a: Gallade|Gallade, M|8/100
|-heal|p2a: Gallade|100/100|[from] move: Lunar Dance
|-damage|p2a: Gallade|88/100|[from] Spikes
|turn|8
|
|t:|1779667666
|move|p2a: Gallade|Psycho Cut|p1a: Pecharunt
|-supereffective|p1a: Pecharunt
|-damage|p1a: Pecharunt|1/100 par
|move|p1a: Pecharunt|Toxic|p2a: Gallade
|-status|p2a: Gallade|tox
|-start|p2a: Gallade|confusion|[from] ability: Poison Puppeteer|[of] p1a: Pecharunt
|
|-damage|p2a: Gallade|82/100 tox|[from] psn
|upkeep
|turn|9
|
|t:|1779667676
|switch|p2a: Indeedee|Indeedee, M|100/100
|-damage|p2a: Indeedee|88/100|[from] Spikes
|-fieldstart|move: Psychic Terrain|[from] ability: Psychic Surge|[of] p2a: Indeedee
|move|p1a: Pecharunt|Malignant Chain|p2a: Indeedee
|-damage|p2a: Indeedee|48/100
|-status|p2a: Indeedee|tox
|-start|p2a: Indeedee|confusion|[from] ability: Poison Puppeteer|[of] p1a: Pecharunt
|
|-damage|p2a: Indeedee|42/100 tox|[from] psn
|upkeep
|turn|10
|
|t:|1779667689
|-activate|p2a: Indeedee|confusion
|move|p2a: Indeedee|Healing Wish|p2a: Indeedee
|faint|p2a: Indeedee
|move|p1a: Pecharunt|Malignant Chain|p2: Indeedee|[notarget]
|-fail|p1a: Pecharunt
|
|upkeep
|
|t:|1779667693
|switch|p2a: Gallade|Gallade, M|82/100 tox
|-heal|p2a: Gallade|100/100|[from] move: Healing Wish
|-damage|p2a: Gallade|88/100|[from] Spikes
|turn|11
|
|t:|1779667697
|move|p2a: Gallade|Psycho Cut|p1a: Pecharunt
|-supereffective|p1a: Pecharunt
|-crit|p1a: Pecharunt
|-damage|p1a: Pecharunt|0 fnt
|faint|p1a: Pecharunt
|
|upkeep
|inactive|BigCungusxRemix has 120 seconds left.
|
|t:|1779667735
|switch|p1a: Volcanion|Volcanion|100/100
|turn|12
|
|t:|1779667738
|move|p2a: Gallade|Psycho Cut|p1a: Volcanion
|-damage|p1a: Volcanion|49/100
|move|p1a: Volcanion|Steam Eruption|p2a: Gallade
|-damage|p2a: Gallade|14/100
|-status|p2a: Gallade|brn
|
|-damage|p2a: Gallade|8/100 brn|[from] brn
|upkeep
|turn|13
|
|t:|1779667747
|move|p2a: Gallade|Psycho Cut|p1a: Volcanion
|-damage|p1a: Volcanion|24/100
|move|p1a: Volcanion|Sludge Bomb|p2a: Gallade
|-damage|p2a: Gallade|0 fnt
|faint|p2a: Gallade
|
|upkeep
|
|t:|1779667754
|switch|p2a: Espeon|Espeon, F|100/100
|-damage|p2a: Espeon|88/100|[from] Spikes
|turn|14
|
|t:|1779667761
|move|p2a: Espeon|Psychic Noise|p1a: Volcanion
|-damage|p1a: Volcanion|0 fnt
|faint|p1a: Volcanion
|
|upkeep
|
|t:|1779667765
|switch|p1a: Gliscor|Gliscor, M|100/100
|turn|15
|
|t:|1779667768
|move|p2a: Espeon|Psychic Noise|p1a: Gliscor
|-damage|p1a: Gliscor|59/100
|-start|p1a: Gliscor|move: Heal Block
|move|p1a: Gliscor|Knock Off|p2a: Espeon
|-supereffective|p2a: Espeon
|-damage|p2a: Espeon|42/100
|-enditem|p2a: Espeon|Ability Shield|[from] move: Knock Off|[of] p1a: Gliscor
|
|-status|p1a: Gliscor|tox|[from] item: Toxic Orb
|upkeep
|turn|16
|
|t:|1779667778
|move|p2a: Espeon|Morning Sun|p2a: Espeon
|-heal|p2a: Espeon|92/100
|move|p1a: Gliscor|Earthquake|p2a: Espeon
|-damage|p2a: Espeon|58/100
|
|-end|p1a: Gliscor|move: Heal Block
|-fieldend|move: Psychic Terrain
|upkeep
|turn|17
|
|t:|1779667790
|move|p2a: Espeon|Morning Sun|p2a: Espeon
|-heal|p2a: Espeon|100/100
|move|p1a: Gliscor|Knock Off|p2a: Espeon
|-supereffective|p2a: Espeon
|-damage|p2a: Espeon|71/100
|
|-heal|p1a: Gliscor|71/100 tox|[from] ability: Poison Heal
|upkeep
|turn|18
|
|t:|1779667799
|move|p2a: Espeon|Psychic Noise|p1a: Gliscor
|-damage|p1a: Gliscor|42/100 tox
|-start|p1a: Gliscor|move: Heal Block
|move|p1a: Gliscor|Knock Off|p2a: Espeon
|-supereffective|p2a: Espeon
|-damage|p2a: Espeon|42/100
|
|upkeep
|turn|19
|
|t:|1779667808
|move|p2a: Espeon|Morning Sun|p2a: Espeon
|-heal|p2a: Espeon|92/100
|move|p1a: Gliscor|Knock Off|p2a: Espeon
|-supereffective|p2a: Espeon
|-damage|p2a: Espeon|59/100
|
|-end|p1a: Gliscor|move: Heal Block
|upkeep
|turn|20
|
|t:|1779667814
|move|p2a: Espeon|Psychic Noise|p1a: Gliscor
|-damage|p1a: Gliscor|10/100 tox
|-start|p1a: Gliscor|move: Heal Block
|move|p1a: Gliscor|Knock Off|p2a: Espeon
|-supereffective|p2a: Espeon
|-damage|p2a: Espeon|26/100
|
|upkeep
|turn|21
|
|t:|1779667822
|move|p2a: Espeon|Morning Sun|p2a: Espeon
|-heal|p2a: Espeon|76/100
|move|p1a: Gliscor|Knock Off|p2a: Espeon
|-supereffective|p2a: Espeon
|-damage|p2a: Espeon|45/100
|
|-end|p1a: Gliscor|move: Heal Block
|upkeep
|turn|22
|
|t:|1779667831
|move|p2a: Espeon|Morning Sun|p2a: Espeon
|-heal|p2a: Espeon|95/100
|move|p1a: Gliscor|Knock Off|p2a: Espeon
|-supereffective|p2a: Espeon
|-damage|p2a: Espeon|61/100
|
|-heal|p1a: Gliscor|23/100 tox|[from] ability: Poison Heal
|upkeep
|turn|23
|
|t:|1779667839
|move|p2a: Espeon|Morning Sun|p2a: Espeon
|-heal|p2a: Espeon|100/100
|move|p1a: Gliscor|Knock Off|p2a: Espeon
|-supereffective|p2a: Espeon
|-damage|p2a: Espeon|71/100
|
|-heal|p1a: Gliscor|35/100 tox|[from] ability: Poison Heal
|upkeep
|turn|24
|
|t:|1779667846
|move|p2a: Espeon|Psychic Noise|p1a: Gliscor
|-damage|p1a: Gliscor|5/100 tox
|-start|p1a: Gliscor|move: Heal Block
|move|p1a: Gliscor|Knock Off|p2a: Espeon
|-supereffective|p2a: Espeon
|-damage|p2a: Espeon|40/100
|
|upkeep
|turn|25
|
|t:|1779667854
|move|p2a: Espeon|Morning Sun|p2a: Espeon
|-heal|p2a: Espeon|90/100
|move|p1a: Gliscor|Knock Off|p2a: Espeon
|-supereffective|p2a: Espeon
|-damage|p2a: Espeon|56/100
|
|-end|p1a: Gliscor|move: Heal Block
|upkeep
|turn|26
|
|t:|1779667861
|move|p2a: Espeon|Morning Sun|p2a: Espeon
|-heal|p2a: Espeon|100/100
|move|p1a: Gliscor|Knock Off|p2a: Espeon
|-supereffective|p2a: Espeon
|-damage|p2a: Espeon|69/100
|
|-heal|p1a: Gliscor|18/100 tox|[from] ability: Poison Heal
|upkeep
|turn|27
|
|t:|1779667868
|move|p2a: Espeon|Psychic Noise|p1a: Gliscor
|-damage|p1a: Gliscor|0 fnt
|faint|p1a: Gliscor
|
|upkeep
|
|t:|1779667873
|switch|p1a: Quaquaval|Quaquaval, M|100/100
|turn|28
|
|t:|1779667877
|-terastallize|p1a: Quaquaval|Steel
|move|p1a: Quaquaval|Aqua Step|p2a: Espeon
|-damage|p2a: Espeon|28/100
|-boost|p1a: Quaquaval|spe|1
|move|p2a: Espeon|Sand Attack|p1a: Quaquaval
|-unboost|p1a: Quaquaval|accuracy|1
|
|upkeep
|turn|29
|
|t:|1779667884
|move|p1a: Quaquaval|Aqua Step|p2a: Espeon
|-damage|p2a: Espeon|0 fnt
|-boost|p1a: Quaquaval|spe|1
|faint|p2a: Espeon
|-ability|p1a: Quaquaval|Moxie|boost
|-boost|p1a: Quaquaval|atk|1
|
|upkeep
|
|t:|1779667886
|switch|p2a: Rabsca|Rabsca, F|100/100
|-damage|p2a: Rabsca|88/100|[from] Spikes
|turn|30
|
|t:|1779667893
|-terastallize|p2a: Rabsca|Water
|move|p1a: Quaquaval|Aqua Step|p2a: Rabsca
|-resisted|p2a: Rabsca
|-damage|p2a: Rabsca|63/100
|-boost|p1a: Quaquaval|spe|1
|move|p2a: Rabsca|Speed Swap|p1a: Quaquaval
|-activate|p2a: Rabsca|move: Speed Swap|[of] p1a: Quaquaval
|
|upkeep
|turn|31
|
|t:|1779667900
|switch|p1a: Rotom|Rotom-Wash|100/100
|move|p2a: Rabsca|Revival Blessing|p2a: Rabsca
|-enditem|p2a: Rabsca|Leppa Berry|[eat]
|-activate|p2a: Rabsca|item: Leppa Berry|Revival Blessing|[consumed]
|
|t:|1779667904
|-heal|p2: Indeedee|50/100|[from] move: Revival Blessing
|
|upkeep
|turn|32
|
|t:|1779667918
|move|p1a: Rotom|Volt Switch|p2a: Rabsca
|-supereffective|p2a: Rabsca
|-damage|p2a: Rabsca|5/100
|
|t:|1779667922
|switch|p1a: Quaquaval|Quaquaval, M, tera:Steel|100/100|[from] Volt Switch
|move|p2a: Rabsca|Revival Blessing|p2a: Rabsca
|
|t:|1779667934
|-heal|p2: Cresselia|50/100|[from] move: Revival Blessing
|
|upkeep
|turn|33
|
|t:|1779667937
|move|p2a: Rabsca|Speed Swap|p1a: Quaquaval
|-activate|p2a: Rabsca|move: Speed Swap|[of] p1a: Quaquaval
|move|p1a: Quaquaval|Aqua Step|p2a: Rabsca
|-resisted|p2a: Rabsca
|-damage|p2a: Rabsca|0 fnt
|-boost|p1a: Quaquaval|spe|1
|faint|p2a: Rabsca
|-ability|p1a: Quaquaval|Moxie|boost
|-boost|p1a: Quaquaval|atk|1
|
|upkeep
|
|t:|1779667947
|switch|p2a: Cresselia|Cresselia, F|50/100
|turn|34
|
|t:|1779667962
|switch|p1a: Rotom|Rotom-Wash|100/100
|move|p2a: Cresselia|Thunder Wave|p1a: Rotom
|-immune|p1a: Rotom
|
|upkeep
|turn|35
|
|t:|1779667969
|switch|p2a: Indeedee|Indeedee, M|50/100
|-damage|p2a: Indeedee|38/100|[from] Spikes
|-fieldstart|move: Psychic Terrain|[from] ability: Psychic Surge|[of] p2a: Indeedee
|move|p1a: Rotom|Trick|p2a: Indeedee
|-activate|p1a: Rotom|move: Trick|[of] p2a: Indeedee
|-item|p2a: Indeedee|Choice Scarf|[from] move: Trick
|-item|p1a: Rotom|Terrain Extender|[from] move: Trick
|
|upkeep
|turn|36
|
|t:|1779667977
|move|p2a: Indeedee|Expanding Force|p1a: Rotom
|-damage|p1a: Rotom|2/100
|move|p1a: Rotom|Hydro Pump|p2a: Indeedee|[miss]
|-miss|p1a: Rotom|p2a: Indeedee
|
|upkeep
|turn|37
|
|t:|1779667985
|move|p2a: Indeedee|Expanding Force|p1a: Rotom
|-crit|p1a: Rotom
|-damage|p1a: Rotom|0 fnt
|faint|p1a: Rotom
|
|upkeep
|
|t:|1779667988
|switch|p1a: Quaquaval|Quaquaval, M, tera:Steel|100/100
|turn|38
|
|t:|1779667994
|move|p2a: Indeedee|Expanding Force|p1a: Quaquaval
|-resisted|p1a: Quaquaval
|-damage|p1a: Quaquaval|56/100
|move|p1a: Quaquaval|Aqua Step|p2a: Indeedee
|-damage|p2a: Indeedee|0 fnt
|-boost|p1a: Quaquaval|spe|1
|faint|p2a: Indeedee
|-ability|p1a: Quaquaval|Moxie|boost
|-boost|p1a: Quaquaval|atk|1
|
|upkeep
|
|t:|1779667996
|switch|p2a: Cresselia|Cresselia, F|50/100
|turn|39
|
|t:|1779668004
|move|p1a: Quaquaval|Aqua Step|p2a: Cresselia
|-damage|p2a: Cresselia|19/100
|-boost|p1a: Quaquaval|spe|1
|-damage|p1a: Quaquaval|40/100|[from] item: Rocky Helmet|[of] p2a: Cresselia
|move|p2a: Cresselia|Thunder Wave|p1a: Quaquaval
|-status|p1a: Quaquaval|par
|
|upkeep
|turn|40
|
|t:|1779668013
|cant|p1a: Quaquaval|par
|move|p2a: Cresselia|Thunderbolt|p1a: Quaquaval
|-damage|p1a: Quaquaval|16/100 par
|
|upkeep
|turn|41
|-message|BigCungusxRemix forfeited.
|
|win|Hunter_of_Keys
|raw|BigCungusxRemix's rating: 1444 &rarr; <strong>1430</strong><br />(-14 for losing)
|raw|Hunter_of_Keys's rating: 1561 &rarr; <strong>1575</strong><br />(+14 for winning)
