|j|☆duykhanhdzvl
|j|☆Gxrxpx
|t:|1779689280
|gametype|singles
|player|p1|duykhanhdzvl|102|1002
|player|p2|Gxrxpx|elesa|1062
|gen|9
|tier|[Gen 9] OU
|rated|
|rule|HP Percentage Mod: HP is shown in percentages
|rule|Endless Battle Clause: Forcing endless battles is banned
|rule|Species Clause: Limit one of each Pokémon
|rule|OHKO Clause: OHKO moves are banned
|rule|Evasion Items Clause: Evasion items are banned
|rule|Evasion Moves Clause: Evasion moves are banned
|rule|Evasion Abilities Clause: Evasion abilities are banned
|rule|Sleep Moves Clause: Sleep-inducing moves are banned
|clearpoke
|poke|p1|Pelipper, M|
|poke|p1|Barraskewda, F|
|poke|p1|Raging Bolt|
|poke|p1|Scizor, M|
|poke|p1|Corviknight, F|
|poke|p1|Great Tusk|
|poke|p2|Garchomp, F|
|poke|p2|Great Tusk|
|poke|p2|Darkrai|
|poke|p2|Dragonite, F|
|poke|p2|Iron Valiant|
|poke|p2|Kyurem|
|teampreview
|
|t:|1779689284
|teamsize|p1|6
|teamsize|p2|6
|start
|switch|p1a: Pelipper|Pelipper, M|100/100
|switch|p2a: Garchomp|Garchomp, F|100/100
|-weather|RainDance|[from] ability: Drizzle|[of] p1a: Pelipper
|turn|1
|
|t:|1779689297
|move|p2a: Garchomp|Spikes|p1a: Pelipper
|-sidestart|p1: duykhanhdzvl|Spikes
|move|p1a: Pelipper|U-turn|p2a: Garchomp
|-damage|p2a: Garchomp|93/100
|-damage|p1a: Pelipper|88/100|[from] ability: Rough Skin|[of] p2a: Garchomp
|-damage|p1a: Pelipper|72/100|[from] item: Rocky Helmet|[of] p2a: Garchomp
|
|t:|1779689305
|switch|p1a: Great Tusk|Great Tusk|100/100|[from] U-turn
|
|-weather|RainDance|[upkeep]
|upkeep
|turn|2
|
|t:|1779689321
|switch|p2a: Great Tusk|Great Tusk|100/100
|move|p1a: Great Tusk|Rapid Spin|p2a: Great Tusk
|-damage|p2a: Great Tusk|92/100
|-boost|p1a: Great Tusk|spe|1
|-sideend|p1: duykhanhdzvl|Spikes|[from] move: Rapid Spin|[of] p1a: Great Tusk
|
|-weather|RainDance|[upkeep]
|-heal|p2a: Great Tusk|98/100|[from] item: Leftovers
|upkeep
|turn|3
|
|t:|1779689332
|move|p1a: Great Tusk|Stealth Rock|p2a: Great Tusk
|-sidestart|p2: Gxrxpx|move: Stealth Rock
|move|p2a: Great Tusk|Stealth Rock|p1a: Great Tusk
|-sidestart|p1: duykhanhdzvl|move: Stealth Rock
|
|-weather|RainDance|[upkeep]
|-heal|p2a: Great Tusk|100/100|[from] item: Leftovers
|upkeep
|turn|4
|
|t:|1779689342
|move|p1a: Great Tusk|Rapid Spin|p2a: Great Tusk
|-damage|p2a: Great Tusk|92/100
|-boost|p1a: Great Tusk|spe|1
|-sideend|p1: duykhanhdzvl|Stealth Rock|[from] move: Rapid Spin|[of] p1a: Great Tusk
|move|p2a: Great Tusk|Headlong Rush|p1a: Great Tusk
|-damage|p1a: Great Tusk|73/100
|-unboost|p2a: Great Tusk|def|1
|-unboost|p2a: Great Tusk|spd|1
|
|-weather|RainDance|[upkeep]
|-heal|p2a: Great Tusk|98/100|[from] item: Leftovers
|upkeep
|turn|5
|
|t:|1779689355
|move|p1a: Great Tusk|Knock Off|p2a: Great Tusk
|-resisted|p2a: Great Tusk
|-damage|p2a: Great Tusk|88/100
|-enditem|p2a: Great Tusk|Leftovers|[from] move: Knock Off|[of] p1a: Great Tusk
|move|p2a: Great Tusk|Earthquake|p1a: Great Tusk
|-damage|p1a: Great Tusk|48/100
|
|-weather|RainDance|[upkeep]
|upkeep
|turn|6
|
|t:|1779689364
|move|p1a: Great Tusk|Earthquake|p2a: Great Tusk
|-damage|p2a: Great Tusk|56/100
|move|p2a: Great Tusk|Ice Spinner|p1a: Great Tusk
|-supereffective|p1a: Great Tusk
|-damage|p1a: Great Tusk|24/100
|
|-weather|RainDance|[upkeep]
|upkeep
|turn|7
|
|t:|1779689373
|move|p1a: Great Tusk|Earthquake|p2a: Great Tusk
|-damage|p2a: Great Tusk|21/100
|move|p2a: Great Tusk|Ice Spinner|p1a: Great Tusk
|-supereffective|p1a: Great Tusk
|-damage|p1a: Great Tusk|0 fnt
|faint|p1a: Great Tusk
|-end|p1a: Great Tusk|Protosynthesis|[silent]
|
|-weather|RainDance|[upkeep]
|upkeep
|
|t:|1779689382
|switch|p1a: Barraskewda|Barraskewda, F|100/100
|turn|8
|
|t:|1779689387
|move|p1a: Barraskewda|Liquidation|p2a: Great Tusk
|-supereffective|p2a: Great Tusk
|-damage|p2a: Great Tusk|0 fnt
|faint|p2a: Great Tusk
|-end|p2a: Great Tusk|Protosynthesis|[silent]
|
|-weather|none
|upkeep
|
|t:|1779689394
|switch|p2a: Garchomp|Garchomp, F|93/100
|-damage|p2a: Garchomp|87/100|[from] Stealth Rock
|turn|9
|
|t:|1779689403
|switch|p1a: Pelipper|Pelipper, M|72/100
|-weather|RainDance|[from] ability: Drizzle|[of] p1a: Pelipper
|move|p2a: Garchomp|Spikes|p1a: Pelipper
|-sidestart|p1: duykhanhdzvl|Spikes
|
|-weather|RainDance|[upkeep]
|upkeep
|turn|10
|
|t:|1779689416
|move|p2a: Garchomp|Dragon Claw|p1a: Pelipper
|-damage|p1a: Pelipper|44/100
|move|p1a: Pelipper|Hurricane|p2a: Garchomp
|-damage|p2a: Garchomp|52/100
|-start|p2a: Garchomp|confusion
|
|-weather|RainDance|[upkeep]
|upkeep
|turn|11
|
|t:|1779689426
|-activate|p2a: Garchomp|confusion
|move|p2a: Garchomp|Dragon Claw|p1a: Pelipper
|-damage|p1a: Pelipper|12/100
|move|p1a: Pelipper|Hurricane|p2a: Garchomp
|-damage|p2a: Garchomp|17/100
|
|-weather|RainDance|[upkeep]
|upkeep
|turn|12
|
|t:|1779689440
|switch|p1a: Scizor|Scizor, M|100/100
|-damage|p1a: Scizor|88/100|[from] Spikes
|-activate|p2a: Garchomp|confusion
|-damage|p2a: Garchomp|4/100|[from] confusion
|
|-weather|RainDance|[upkeep]
|-heal|p1a: Scizor|94/100|[from] item: Leftovers
|upkeep
|turn|13
|
|t:|1779689452
|move|p1a: Scizor|Bullet Punch|p2a: Garchomp
|-damage|p2a: Garchomp|0 fnt
|-damage|p1a: Scizor|82/100|[from] ability: Rough Skin|[of] p2a: Garchomp
|-damage|p1a: Scizor|65/100|[from] item: Rocky Helmet|[of] p2a: Garchomp
|faint|p2a: Garchomp
|
|-weather|RainDance|[upkeep]
|-heal|p1a: Scizor|71/100|[from] item: Leftovers
|upkeep
|
|t:|1779689464
|switch|p2a: Darkrai|Darkrai|100/100
|-damage|p2a: Darkrai|88/100|[from] Stealth Rock
|turn|14
|
|t:|1779689470
|move|p2a: Darkrai|Nasty Plot|p2a: Darkrai
|-boost|p2a: Darkrai|spa|2
|move|p1a: Scizor|U-turn|p2a: Darkrai
|-supereffective|p2a: Darkrai
|-damage|p2a: Darkrai|3/100
|
|t:|1779689482
|switch|p1a: Corviknight|Corviknight, F|100/100|[from] U-turn
|-ability|p1a: Corviknight|Pressure
|
|-weather|RainDance|[upkeep]
|upkeep
|turn|15
|
|t:|1779689491
|-terastallize|p2a: Darkrai|Dark
|move|p2a: Darkrai|Dark Pulse|p1a: Corviknight
|-damage|p1a: Corviknight|0 fnt
|faint|p1a: Corviknight
|-damage|p2a: Darkrai|0 fnt|[from] item: Life Orb
|faint|p2a: Darkrai
|
|-weather|RainDance|[upkeep]
|upkeep
|
|t:|1779689504
|switch|p2a: Dragonite|Dragonite, F|100/100
|switch|p1a: Scizor|Scizor, M|71/100
|-damage|p1a: Scizor|59/100|[from] Spikes
|turn|16
|
|t:|1779689514
|move|p1a: Scizor|Bullet Punch|p2a: Dragonite
|-damage|p2a: Dragonite|83/100
|move|p2a: Dragonite|Dragon Dance|p2a: Dragonite
|-boost|p2a: Dragonite|atk|1
|-boost|p2a: Dragonite|spe|1
|
|-weather|none
|-heal|p1a: Scizor|65/100|[from] item: Leftovers
|upkeep
|turn|17
|
|t:|1779689524
|move|p2a: Dragonite|Dragon Dance|p2a: Dragonite
|-boost|p2a: Dragonite|atk|1
|-boost|p2a: Dragonite|spe|1
|move|p1a: Scizor|U-turn|p2a: Dragonite
|-resisted|p2a: Dragonite
|-damage|p2a: Dragonite|61/100
|
|t:|1779689530
|switch|p1a: Pelipper|Pelipper, M|12/100|[from] U-turn
|-weather|RainDance|[from] ability: Drizzle|[of] p1a: Pelipper
|
|-weather|RainDance|[upkeep]
|upkeep
|turn|18
|
|t:|1779689539
|move|p2a: Dragonite|Hurricane|p1a: Pelipper
|-damage|p1a: Pelipper|0 fnt
|faint|p1a: Pelipper
|
|-weather|RainDance|[upkeep]
|upkeep
|
|t:|1779689544
|switch|p1a: Raging Bolt|Raging Bolt|100/100
|-damage|p1a: Raging Bolt|88/100|[from] Spikes
|turn|19
|
|t:|1779689557
|move|p1a: Raging Bolt|Thunderclap|p2a: Dragonite
|-damage|p2a: Dragonite|22/100
|move|p2a: Dragonite|Earthquake|p1a: Raging Bolt
|-supereffective|p1a: Raging Bolt
|-damage|p1a: Raging Bolt|0 fnt
|faint|p1a: Raging Bolt
|-end|p1a: Raging Bolt|Protosynthesis|[silent]
|
|-weather|RainDance|[upkeep]
|upkeep
|
|t:|1779689570
|switch|p1a: Scizor|Scizor, M|65/100
|-damage|p1a: Scizor|52/100|[from] Spikes
|turn|20
|
|t:|1779689578
|move|p1a: Scizor|Bullet Punch|p2a: Dragonite
|-damage|p2a: Dragonite|0 fnt
|faint|p2a: Dragonite
|
|-weather|RainDance|[upkeep]
|-heal|p1a: Scizor|58/100|[from] item: Leftovers
|upkeep
|
|t:|1779689587
|switch|p2a: Iron Valiant|Iron Valiant|100/100
|-damage|p2a: Iron Valiant|94/100|[from] Stealth Rock
|turn|21
|
|t:|1779689596
|move|p1a: Scizor|Bullet Punch|p2a: Iron Valiant
|-supereffective|p2a: Iron Valiant
|-damage|p2a: Iron Valiant|23/100
|move|p2a: Iron Valiant|Psychic|p1a: Scizor
|-resisted|p1a: Scizor
|-damage|p1a: Scizor|46/100
|
|-weather|RainDance|[upkeep]
|-heal|p1a: Scizor|52/100|[from] item: Leftovers
|upkeep
|turn|22
|
|t:|1779689606
|move|p1a: Scizor|Bullet Punch|p2a: Iron Valiant
|-supereffective|p2a: Iron Valiant
|-damage|p2a: Iron Valiant|0 fnt
|faint|p2a: Iron Valiant
|-end|p2a: Iron Valiant|Quark Drive|[silent]
|
|-weather|RainDance|[upkeep]
|-heal|p1a: Scizor|58/100|[from] item: Leftovers
|upkeep
|
|t:|1779689614
|switch|p2a: Kyurem|Kyurem|100/100
|-damage|p2a: Kyurem|76/100|[from] Stealth Rock
|-ability|p2a: Kyurem|Pressure
|turn|23
|
|t:|1779689622
|move|p1a: Scizor|Bullet Punch|p2a: Kyurem
|-supereffective|p2a: Kyurem
|-damage|p2a: Kyurem|21/100
|move|p2a: Kyurem|Dragon Dance|p2a: Kyurem
|-boost|p2a: Kyurem|atk|1
|-boost|p2a: Kyurem|spe|1
|
|-weather|RainDance|[upkeep]
|-heal|p1a: Scizor|64/100|[from] item: Leftovers
|upkeep
|turn|24
|
|t:|1779689635
|move|p1a: Scizor|Bullet Punch|p2a: Kyurem
|-supereffective|p2a: Kyurem
|-damage|p2a: Kyurem|0 fnt
|faint|p2a: Kyurem
|
|win|duykhanhdzvl
|raw|duykhanhdzvl's rating: 1002 &rarr; <strong>1048</strong><br />(+46 for winning)
|raw|Gxrxpx's rating: 1062 &rarr; <strong>1039</strong><br />(-23 for losing)
