|j|☆spaarkle
|j|☆Kaiko72
|t:|1779659855
|gametype|singles
|player|p1|spaarkle|265|1367
|player|p2|Kaiko72|265|1317
|gen|9
|tier|[Gen 9] OU
|rated|
|rule|HP Percentage Mod: HP is shown in percentages
|rule|Endless Battle Clause: Forcing endless battles is banned
|rule|Species Clause: Limit one of each Pokémon
|rule|OHKO Clause: OHKO moves are banned
|rule|Evasion Items Clause: Evasion items are banned
|rule|Evasion Moves Clause: Evasion moves are banned
|rule|Evasion Abilities Clause: Evasion abilities are banned
|rule|Sleep Moves Clause: Sleep-inducing moves are banned
|clearpoke
|poke|p1|Landorus-Therian, M|
|poke|p1|Alomomola, M|
|poke|p1|Ceruledge, F|
|poke|p1|Weezing-Galar, M|
|poke|p1|Darkrai|
|poke|p1|Raging Bolt|
|poke|p2|Uxie|
|poke|p2|Hawlucha, F|
|poke|p2|Great Tusk|
|poke|p2|Ogerpon-Wellspring, F|
|poke|p2|Ambipom, F|
|poke|p2|Iron Moth|
|teampreview
|
|t:|1779659862
|teamsize|p1|6
|teamsize|p2|6
|start
|switch|p1a: Landorus|Landorus-Therian, M|100/100
|switch|p2a: Uxie|Uxie|100/100
|-ability|p1a: Landorus|Intimidate|boost
|-unboost|p2a: Uxie|atk|1
|turn|1
|
|t:|1779659871
|move|p1a: Landorus|Stealth Rock|p2a: Uxie
|-sidestart|p2: Kaiko72|move: Stealth Rock
|move|p2a: Uxie|Calm Mind|p2a: Uxie
|-boost|p2a: Uxie|spa|1
|-boost|p2a: Uxie|spd|1
|
|upkeep
|turn|2
|inactive|Battle timer is ON: inactive players will automatically lose when time's up. (requested by Kaiko72)
|
|t:|1779659876
|move|p1a: Landorus|Taunt|p2a: Uxie
|-start|p2a: Uxie|move: Taunt
|cant|p2a: Uxie|move: Taunt|Calm Mind
|
|upkeep
|turn|3
|
|t:|1779659882
|switch|p1a: Darkrai|Darkrai|100/100
|move|p2a: Uxie|Giga Drain|p1a: Darkrai
|-damage|p1a: Darkrai|63/100
|
|upkeep
|turn|4
|
|t:|1779659891
|move|p1a: Darkrai|Dark Pulse|p2a: Uxie
|-supereffective|p2a: Uxie
|-damage|p2a: Uxie|47/100
|cant|p2a: Uxie|flinch
|
|-heal|p2a: Uxie|53/100|[from] item: Leftovers
|-end|p2a: Uxie|move: Taunt
|upkeep
|turn|5
|
|t:|1779659898
|move|p1a: Darkrai|Dark Pulse|p2a: Uxie
|-supereffective|p2a: Uxie
|-damage|p2a: Uxie|2/100
|move|p2a: Uxie|Thunderbolt|p1a: Darkrai
|-damage|p1a: Darkrai|12/100
|
|-heal|p2a: Uxie|8/100|[from] item: Leftovers
|upkeep
|turn|6
|
|t:|1779659904
|move|p1a: Darkrai|Dark Pulse|p2a: Uxie
|-supereffective|p2a: Uxie
|-damage|p2a: Uxie|0 fnt
|faint|p2a: Uxie
|
|upkeep
|
|t:|1779659908
|switch|p2a: Ambipom|Ambipom, F|100/100
|-damage|p2a: Ambipom|88/100|[from] Stealth Rock
|turn|7
|
|t:|1779659912
|switch|p1a: Landorus|Landorus-Therian, M|100/100
|-ability|p1a: Landorus|Intimidate|boost
|-unboost|p2a: Ambipom|atk|1
|move|p2a: Ambipom|Fake Out|p1a: Landorus
|-damage|p1a: Landorus|82/100
|-damage|p2a: Ambipom|72/100|[from] item: Rocky Helmet|[of] p1a: Landorus
|
|upkeep
|turn|8
|
|t:|1779659918
|move|p2a: Ambipom|U-turn|p1a: Landorus
|-resisted|p1a: Landorus
|-damage|p1a: Landorus|76/100
|-damage|p2a: Ambipom|55/100|[from] item: Rocky Helmet|[of] p1a: Landorus
|
|t:|1779659920
|switch|p2a: Great Tusk|Great Tusk|100/100|[from] U-turn
|-damage|p2a: Great Tusk|98/100|[from] Stealth Rock
|-enditem|p2a: Great Tusk|Booster Energy
|-activate|p2a: Great Tusk|ability: Protosynthesis|[fromitem]
|-start|p2a: Great Tusk|protosynthesisatk
|move|p1a: Landorus|Earth Power|p2a: Great Tusk
|-damage|p2a: Great Tusk|52/100
|
|upkeep
|turn|9
|
|t:|1779659930
|switch|p1a: Alomomola|Alomomola, M|100/100
|move|p2a: Great Tusk|Rapid Spin|p1a: Alomomola
|-damage|p1a: Alomomola|87/100
|-boost|p2a: Great Tusk|spe|1
|-sideend|p2: Kaiko72|Stealth Rock|[from] move: Rapid Spin|[of] p2a: Great Tusk
|
|upkeep
|turn|10
|
|t:|1779659935
|move|p2a: Great Tusk|Stealth Rock|p1a: Alomomola
|-sidestart|p1: spaarkle|move: Stealth Rock
|move|p1a: Alomomola|Wish|p1a: Alomomola
|
|upkeep
|turn|11
|
|t:|1779659938
|move|p2a: Great Tusk|Earthquake|p1a: Alomomola
|-damage|p1a: Alomomola|46/100
|move|p1a: Alomomola|Flip Turn|p2a: Great Tusk
|-supereffective|p2a: Great Tusk
|-damage|p2a: Great Tusk|32/100
|
|t:|1779659958
|switch|p1a: Landorus|Landorus-Therian, M|76/100|[from] Flip Turn
|-damage|p1a: Landorus|64/100|[from] Stealth Rock
|-ability|p1a: Landorus|Intimidate|boost
|-unboost|p2a: Great Tusk|atk|1
|
|-heal|p1a: Landorus|100/100|[from] move: Wish|[wisher] Alomomola
|upkeep
|turn|12
|
|t:|1779659961
|move|p2a: Great Tusk|Ice Spinner|p1a: Landorus
|-supereffective|p1a: Landorus
|-damage|p1a: Landorus|0 fnt
|-damage|p2a: Great Tusk|16/100|[from] item: Rocky Helmet|[of] p1a: Landorus
|faint|p1a: Landorus
|
|upkeep
|
|t:|1779659979
|switch|p1a: Alomomola|Alomomola, M|80/100
|turn|13
|
|t:|1779659982
|move|p2a: Great Tusk|Earthquake|p1a: Alomomola
|-damage|p1a: Alomomola|53/100
|move|p1a: Alomomola|Wish|p1a: Alomomola
|
|upkeep
|turn|14
|
|t:|1779659988
|move|p2a: Great Tusk|Earthquake|p1a: Alomomola
|-damage|p1a: Alomomola|27/100
|move|p1a: Alomomola|Flip Turn|p2a: Great Tusk
|-supereffective|p2a: Great Tusk
|-damage|p2a: Great Tusk|0 fnt
|faint|p2a: Great Tusk
|-end|p2a: Great Tusk|Protosynthesis|[silent]
|
|t:|1779659991
|switch|p1a: Weezing|Weezing-Galar, M|100/100|[from] Flip Turn
|-ability|p1a: Weezing|Neutralizing Gas
|
|upkeep
|
|t:|1779659998
|switch|p2a: Ambipom|Ambipom, F|55/100
|turn|15
|
|t:|1779660003
|move|p2a: Ambipom|Fake Out|p1a: Weezing
|-damage|p1a: Weezing|88/100
|cant|p1a: Weezing|flinch
|
|upkeep
|turn|16
|
|t:|1779660010
|move|p2a: Ambipom|Triple Axel|p1a: Weezing
|-damage|p1a: Weezing|84/100
|-damage|p1a: Weezing|75/100
|-damage|p1a: Weezing|63/100
|-hitcount|p1a: Weezing|3
|move|p1a: Weezing|Defog|p2a: Ambipom
|-unboost|p2a: Ambipom|evasion|1
|-sideend|p1: spaarkle|Stealth Rock|[from] move: Defog|[of] p1a: Weezing
|
|upkeep
|turn|17
|
|t:|1779660024
|move|p2a: Ambipom|Knock Off|p1a: Weezing
|-resisted|p1a: Weezing
|-damage|p1a: Weezing|54/100
|-enditem|p1a: Weezing|Heavy-Duty Boots|[from] move: Knock Off|[of] p2a: Ambipom
|move|p1a: Weezing|Will-O-Wisp|p2a: Ambipom
|-status|p2a: Ambipom|brn
|
|-damage|p2a: Ambipom|49/100 brn|[from] brn
|upkeep
|turn|18
|
|t:|1779660031
|-end|p1a: Weezing|ability: Neutralizing Gas
|switch|p1a: Alomomola|Alomomola, M|60/100
|move|p2a: Ambipom|Triple Axel|p1a: Alomomola
|-resisted|p1a: Alomomola
|-damage|p1a: Alomomola|59/100
|-resisted|p1a: Alomomola
|-damage|p1a: Alomomola|56/100
|-resisted|p1a: Alomomola
|-damage|p1a: Alomomola|53/100
|-hitcount|p1a: Alomomola|3
|
|-damage|p2a: Ambipom|43/100 brn|[from] brn
|upkeep
|turn|19
|
|t:|1779660034
|move|p2a: Ambipom|Knock Off|p1a: Alomomola
|-damage|p1a: Alomomola|45/100
|-enditem|p1a: Alomomola|Heavy-Duty Boots|[from] move: Knock Off|[of] p2a: Ambipom
|move|p1a: Alomomola|Wish|p1a: Alomomola
|
|-damage|p2a: Ambipom|37/100 brn|[from] brn
|upkeep
|turn|20
|
|t:|1779660041
|switch|p1a: Ceruledge|Ceruledge, F|100/100
|move|p2a: Ambipom|Triple Axel|p1a: Ceruledge
|-resisted|p1a: Ceruledge
|-damage|p1a: Ceruledge|98/100
|-ability|p1a: Ceruledge|Weak Armor|boost
|-unboost|p1a: Ceruledge|def|1
|-boost|p1a: Ceruledge|spe|2
|-resisted|p1a: Ceruledge
|-damage|p1a: Ceruledge|88/100
|-ability|p1a: Ceruledge|Weak Armor|boost
|-unboost|p1a: Ceruledge|def|1
|-boost|p1a: Ceruledge|spe|2
|-resisted|p1a: Ceruledge
|-damage|p1a: Ceruledge|70/100
|-ability|p1a: Ceruledge|Weak Armor|boost
|-unboost|p1a: Ceruledge|def|1
|-boost|p1a: Ceruledge|spe|2
|-hitcount|p1a: Ceruledge|3
|
|-heal|p1a: Ceruledge|100/100|[from] move: Wish|[wisher] Alomomola
|-damage|p2a: Ambipom|31/100 brn|[from] brn
|upkeep
|turn|21
|
|t:|1779660058
|move|p1a: Ceruledge|Swords Dance|p1a: Ceruledge
|-boost|p1a: Ceruledge|atk|2
|move|p2a: Ambipom|Knock Off|p1a: Ceruledge
|-supereffective|p1a: Ceruledge
|-damage|p1a: Ceruledge|0 fnt
|-enditem|p1a: Ceruledge|Life Orb|[from] move: Knock Off|[of] p2a: Ambipom
|faint|p1a: Ceruledge
|
|-damage|p2a: Ambipom|24/100 brn|[from] brn
|upkeep
|
|t:|1779660066
|switch|p1a: Raging Bolt|Raging Bolt|100/100
|-enditem|p1a: Raging Bolt|Booster Energy
|-activate|p1a: Raging Bolt|ability: Protosynthesis|[fromitem]
|-start|p1a: Raging Bolt|protosynthesisspa
|turn|22
|
|t:|1779660083
|move|p2a: Ambipom|Triple Axel|p1a: Raging Bolt
|-supereffective|p1a: Raging Bolt
|-damage|p1a: Raging Bolt|92/100
|-supereffective|p1a: Raging Bolt
|-crit|p1a: Raging Bolt
|-damage|p1a: Raging Bolt|66/100
|-supereffective|p1a: Raging Bolt
|-damage|p1a: Raging Bolt|41/100
|-hitcount|p1a: Raging Bolt|3
|move|p1a: Raging Bolt|Calm Mind|p1a: Raging Bolt
|-boost|p1a: Raging Bolt|spa|1
|-boost|p1a: Raging Bolt|spd|1
|
|-damage|p2a: Ambipom|18/100 brn|[from] brn
|upkeep
|turn|23
|
|t:|1779660087
|move|p1a: Raging Bolt|Thunderclap|p2a: Ambipom
|-crit|p2a: Ambipom
|-damage|p2a: Ambipom|0 fnt
|faint|p2a: Ambipom
|
|upkeep
|
|t:|1779660093
|switch|p2a: Iron Moth|Iron Moth|100/100
|-enditem|p2a: Iron Moth|Booster Energy
|-activate|p2a: Iron Moth|ability: Quark Drive|[fromitem]
|-start|p2a: Iron Moth|quarkdrivespa
|turn|24
|
|t:|1779660098
|move|p1a: Raging Bolt|Thunderclap||[still]
|-fail|p1a: Raging Bolt
|move|p2a: Iron Moth|Agility|p2a: Iron Moth
|-boost|p2a: Iron Moth|spe|2
|
|upkeep
|turn|25
|
|t:|1779660104
|move|p1a: Raging Bolt|Thunderclap|p2a: Iron Moth
|-damage|p2a: Iron Moth|10/100
|move|p2a: Iron Moth|Fiery Dance|p1a: Raging Bolt
|-resisted|p1a: Raging Bolt
|-damage|p1a: Raging Bolt|22/100
|
|upkeep
|turn|26
|
|t:|1779660110
|move|p1a: Raging Bolt|Thunderclap||[still]
|-fail|p1a: Raging Bolt
|move|p2a: Iron Moth|Agility|p2a: Iron Moth
|-boost|p2a: Iron Moth|spe|2
|
|upkeep
|turn|27
|
|t:|1779660113
|move|p1a: Raging Bolt|Thunderclap|p2a: Iron Moth
|-damage|p2a: Iron Moth|0 fnt
|faint|p2a: Iron Moth
|-end|p2a: Iron Moth|Quark Drive|[silent]
|
|upkeep
|
|t:|1779660118
|switch|p2a: Ogerpon|Ogerpon-Wellspring, F|100/100
|turn|28
|
|t:|1779660122
|move|p2a: Ogerpon|Swords Dance|p2a: Ogerpon
|-boost|p2a: Ogerpon|atk|2
|move|p1a: Raging Bolt|Thunderbolt|p2a: Ogerpon
|-damage|p2a: Ogerpon|0 fnt
|faint|p2a: Ogerpon
|
|upkeep
|
|t:|1779660125
|switch|p2a: Hawlucha|Hawlucha, F, shiny|100/100
|turn|29
|
|t:|1779660128
|-terastallize|p2a: Hawlucha|Electric
|move|p1a: Raging Bolt|Thunderclap||[still]
|-fail|p1a: Raging Bolt
|move|p2a: Hawlucha|Swords Dance|p2a: Hawlucha
|-boost|p2a: Hawlucha|atk|2
|
|upkeep
|turn|30
|
|t:|1779660135
|move|p1a: Raging Bolt|Thunderclap||[still]
|-fail|p1a: Raging Bolt
|move|p2a: Hawlucha|Swords Dance|p2a: Hawlucha
|-boost|p2a: Hawlucha|atk|2
|
|upkeep
|turn|31
|
|t:|1779660138
|move|p1a: Raging Bolt|Thunderclap|p2a: Hawlucha
|-resisted|p2a: Hawlucha
|-damage|p2a: Hawlucha|47/100
|-enditem|p2a: Hawlucha|Red Card|[of] p1a: Raging Bolt
|-end|p1a: Raging Bolt|Protosynthesis|[silent]
|drag|p1a: Alomomola|Alomomola, M|78/100
|move|p2a: Hawlucha|Drain Punch|p1a: Alomomola
|-damage|p1a: Alomomola|21/100
|-heal|p2a: Hawlucha|97/100|[from] drain|[of] p1a: Alomomola
|
|upkeep
|turn|32
|
|t:|1779660147
|move|p2a: Hawlucha|Acrobatics|p1a: Alomomola
|-damage|p1a: Alomomola|0 fnt
|faint|p1a: Alomomola
|
|upkeep
|
|t:|1779660150
|switch|p1a: Weezing|Weezing-Galar, M|54/100
|-ability|p1a: Weezing|Neutralizing Gas
|turn|33
|
|t:|1779660155
|move|p2a: Hawlucha|Acrobatics|p1a: Weezing
|-damage|p1a: Weezing|0 fnt
|faint|p1a: Weezing
|-end|p1a: Weezing|ability: Neutralizing Gas
|
|upkeep
|
|t:|1779660158
|switch|p1a: Darkrai|Darkrai|12/100
|turn|34
|
|t:|1779660160
|move|p2a: Hawlucha|Acrobatics|p1a: Darkrai
|-damage|p1a: Darkrai|0 fnt
|faint|p1a: Darkrai
|
|upkeep
|-message|spaarkle forfeited.
|
|win|Kaiko72
|raw|spaarkle's rating: 1367 &rarr; <strong>1344</strong><br />(-23 for losing)
|raw|Kaiko72's rating: 1317 &rarr; <strong>1340</strong><br />(+23 for winning)
|l|☆spaarkle
|player|p1|
|l|☆Kaiko72
|player|p2|
