|j|☆I hate my pokemon.
|j|☆Nickthenickthenick
|t:|1779712669
|gametype|singles
|player|p1|I hate my pokemon.|ghetsis-gen5bw|1380
|player|p2|Nickthenickthenick|101|1294
|gen|9
|tier|[Gen 9] OU
|rated|
|rule|HP Percentage Mod: HP is shown in percentages
|rule|Endless Battle Clause: Forcing endless battles is banned
|rule|Species Clause: Limit one of each Pokémon
|rule|OHKO Clause: OHKO moves are banned
|rule|Evasion Items Clause: Evasion items are banned
|rule|Evasion Moves Clause: Evasion moves are banned
|rule|Evasion Abilities Clause: Evasion abilities are banned
|rule|Sleep Moves Clause: Sleep-inducing moves are banned
|clearpoke
|poke|p1|Braviary-Hisui, M|
|poke|p1|Zamazenta-*|
|poke|p1|Raging Bolt|
|poke|p1|Hatterene, F|
|poke|p1|Gholdengo|
|poke|p1|Darkrai|
|poke|p2|Raikou|
|poke|p2|Entei|
|poke|p2|Suicune|
|poke|p2|Tyranitar, F|
|poke|p2|Porygon2|
|poke|p2|Espeon, M|
|teampreview
|
|t:|1779712752
|teamsize|p1|6
|teamsize|p2|6
|start
|switch|p1a: Zamazenta|Zamazenta|100/100
|switch|p2a: Raikou|Raikou|100/100
|-ability|p1a: Zamazenta|Dauntless Shield|boost
|-boost|p1a: Zamazenta|def|1
|-ability|p2a: Raikou|Pressure
|turn|1
|
|t:|1779712764
|move|p1a: Zamazenta|Light Screen|p1a: Zamazenta
|-sidestart|p1: I hate my pokemon.|move: Light Screen
|move|p2a: Raikou|Discharge|p1a: Zamazenta
|-damage|p1a: Zamazenta|86/100
|-status|p1a: Zamazenta|par
|
|upkeep
|turn|2
|
|t:|1779712768
|move|p2a: Raikou|Calm Mind|p2a: Raikou
|-boost|p2a: Raikou|spa|1
|-boost|p2a: Raikou|spd|1
|cant|p1a: Zamazenta|par
|
|upkeep
|turn|3
|
|t:|1779712775
|move|p2a: Raikou|Substitute|p2a: Raikou
|-start|p2a: Raikou|Substitute
|-damage|p2a: Raikou|76/100
|move|p1a: Zamazenta|Roar|p2a: Raikou
|drag|p2a: Porygon2|Porygon2|100/100
|-ability|p2a: Porygon2|Dauntless Shield|Trace|[from] ability: Trace|[of] p1a: Zamazenta
|-ability|p2a: Porygon2|Dauntless Shield|boost
|-boost|p2a: Porygon2|def|1
|
|upkeep
|turn|4
|
|t:|1779712783
|cant|p1a: Zamazenta|par
|move|p2a: Porygon2|Foul Play|p1a: Zamazenta
|-resisted|p1a: Zamazenta
|-damage|p1a: Zamazenta|79/100 par
|
|upkeep
|turn|5
|
|t:|1779712789
|switch|p2a: Espeon|Espeon, M|100/100
|cant|p1a: Zamazenta|par
|
|upkeep
|turn|6
|
|t:|1779712792
|move|p2a: Espeon|Psychic Noise|p1a: Zamazenta
|-supereffective|p1a: Zamazenta
|-damage|p1a: Zamazenta|46/100 par
|-start|p1a: Zamazenta|move: Heal Block
|move|p1a: Zamazenta|Reflect|p1a: Zamazenta
|-sidestart|p1: I hate my pokemon.|Reflect
|
|upkeep
|turn|7
|
|t:|1779712802
|switch|p1a: Darkrai|Darkrai|100/100
|move|p2a: Espeon|Alluring Voice|p1a: Darkrai
|-supereffective|p1a: Darkrai
|-damage|p1a: Darkrai|62/100
|
|-heal|p1a: Darkrai|68/100|[from] item: Leftovers
|upkeep
|turn|8
|
|t:|1779712813
|switch|p2a: Tyranitar|Tyranitar, F|100/100
|-weather|Sandstorm|[from] ability: Sand Stream|[of] p2a: Tyranitar
|move|p1a: Darkrai|Nasty Plot|p1a: Darkrai
|-boost|p1a: Darkrai|spa|2
|
|-weather|Sandstorm|[upkeep]
|-damage|p1a: Darkrai|62/100|[from] Sandstorm
|-heal|p1a: Darkrai|68/100|[from] item: Leftovers
|-sideend|p1: I hate my pokemon.|move: Light Screen
|upkeep
|turn|9
|
|t:|1779712827
|move|p1a: Darkrai|Ice Beam|p2a: Tyranitar
|-damage|p2a: Tyranitar|75/100
|move|p2a: Tyranitar|Stone Edge|p1a: Darkrai|[miss]
|-miss|p2a: Tyranitar|p1a: Darkrai
|
|-weather|Sandstorm|[upkeep]
|-damage|p1a: Darkrai|62/100|[from] Sandstorm
|-heal|p1a: Darkrai|68/100|[from] item: Leftovers
|-heal|p2a: Tyranitar|81/100|[from] item: Leftovers
|upkeep
|turn|10
|
|t:|1779712839
|switch|p1a: Hatterene|Hatterene, F|100/100
|move|p2a: Tyranitar|Stealth Rock|p1a: Hatterene
|move|p1a: Hatterene|Stealth Rock|p2a: Tyranitar|[from] ability: Magic Bounce
|-sidestart|p2: Nickthenickthenick|move: Stealth Rock
|
|-weather|Sandstorm|[upkeep]
|-damage|p1a: Hatterene|95/100|[from] Sandstorm
|-heal|p2a: Tyranitar|87/100|[from] item: Leftovers
|-heal|p1a: Hatterene|100/100|[from] item: Leftovers
|upkeep
|turn|11
|
|t:|1779712845
|move|p2a: Tyranitar|Knock Off|p1a: Hatterene
|-damage|p1a: Hatterene|83/100
|-enditem|p1a: Hatterene|Leftovers|[from] move: Knock Off|[of] p2a: Tyranitar
|move|p1a: Hatterene|Nuzzle|p2a: Tyranitar
|-damage|p2a: Tyranitar|84/100
|-status|p2a: Tyranitar|par
|
|-weather|Sandstorm|[upkeep]
|-damage|p1a: Hatterene|77/100|[from] Sandstorm
|-heal|p2a: Tyranitar|90/100 par|[from] item: Leftovers
|upkeep
|turn|12
|
|t:|1779712853
|move|p1a: Hatterene|Draining Kiss|p2a: Tyranitar
|-supereffective|p2a: Tyranitar
|-damage|p2a: Tyranitar|73/100 par
|-heal|p1a: Hatterene|94/100|[from] drain|[of] p2a: Tyranitar
|move|p2a: Tyranitar|Stone Edge|p1a: Hatterene
|-damage|p1a: Hatterene|74/100
|
|-weather|none
|-heal|p2a: Tyranitar|79/100 par|[from] item: Leftovers
|upkeep
|turn|13
|
|t:|1779712859
|switch|p2a: Raikou|Raikou|76/100
|-damage|p2a: Raikou|63/100|[from] Stealth Rock
|-ability|p2a: Raikou|Pressure
|move|p1a: Hatterene|Draining Kiss|p2a: Raikou
|-damage|p2a: Raikou|40/100
|-heal|p1a: Hatterene|92/100|[from] drain|[of] p2a: Raikou
|
|-heal|p2a: Raikou|46/100|[from] item: Leftovers
|-sideend|p1: I hate my pokemon.|Reflect
|upkeep
|turn|14
|
|t:|1779712866
|move|p2a: Raikou|Discharge|p1a: Hatterene
|-crit|p1a: Hatterene
|-damage|p1a: Hatterene|33/100
|-status|p1a: Hatterene|par
|move|p1a: Hatterene|Draining Kiss|p2a: Raikou
|-damage|p2a: Raikou|20/100
|-heal|p1a: Hatterene|53/100 par|[from] drain|[of] p2a: Raikou
|
|-heal|p2a: Raikou|26/100|[from] item: Leftovers
|upkeep
|turn|15
|
|t:|1779712873
|move|p2a: Raikou|Discharge|p1a: Hatterene
|-damage|p1a: Hatterene|11/100 par
|move|p1a: Hatterene|Psyshock|p2a: Raikou
|-damage|p2a: Raikou|0 fnt
|faint|p2a: Raikou
|
|upkeep
|
|t:|1779712890
|switch|p2a: Suicune|Suicune|100/100
|-damage|p2a: Suicune|88/100|[from] Stealth Rock
|-ability|p2a: Suicune|Pressure
|turn|16
|
|t:|1779712893
|move|p2a: Suicune|Substitute|p2a: Suicune
|-start|p2a: Suicune|Substitute
|-damage|p2a: Suicune|63/100
|move|p1a: Hatterene|Nuzzle|p2a: Suicune
|-supereffective|p2a: Suicune
|-activate|p2a: Suicune|move: Substitute|[damage]
|
|-heal|p2a: Suicune|69/100|[from] item: Leftovers
|upkeep
|turn|17
|
|t:|1779712898
|move|p2a: Suicune|Calm Mind|p2a: Suicune
|-boost|p2a: Suicune|spa|1
|-boost|p2a: Suicune|spd|1
|move|p1a: Hatterene|Draining Kiss|p2a: Suicune
|-activate|p2a: Suicune|move: Substitute|[damage]
|-heal|p1a: Hatterene|19/100 par|[from] drain|[of] p2a: Suicune
|
|-heal|p2a: Suicune|75/100|[from] item: Leftovers
|upkeep
|turn|18
|
|t:|1779712905
|move|p2a: Suicune|Calm Mind|p2a: Suicune
|-boost|p2a: Suicune|spa|1
|-boost|p2a: Suicune|spd|1
|move|p1a: Hatterene|Draining Kiss|p2a: Suicune
|-activate|p2a: Suicune|move: Substitute|[damage]
|-heal|p1a: Hatterene|25/100 par|[from] drain|[of] p2a: Suicune
|
|-heal|p2a: Suicune|82/100|[from] item: Leftovers
|upkeep
|turn|19
|
|t:|1779712912
|move|p2a: Suicune|Calm Mind|p2a: Suicune
|-boost|p2a: Suicune|spa|1
|-boost|p2a: Suicune|spd|1
|cant|p1a: Hatterene|par
|
|-heal|p2a: Suicune|88/100|[from] item: Leftovers
|upkeep
|turn|20
|
|t:|1779712919
|move|p2a: Suicune|Calm Mind|p2a: Suicune
|-boost|p2a: Suicune|spa|1
|-boost|p2a: Suicune|spd|1
|move|p1a: Hatterene|Draining Kiss|p2a: Suicune
|-activate|p2a: Suicune|move: Substitute|[damage]
|-heal|p1a: Hatterene|29/100 par|[from] drain|[of] p2a: Suicune
|
|-heal|p2a: Suicune|94/100|[from] item: Leftovers
|upkeep
|turn|21
|
|t:|1779712925
|move|p2a: Suicune|Calm Mind|p2a: Suicune
|-boost|p2a: Suicune|spa|1
|-boost|p2a: Suicune|spd|1
|move|p1a: Hatterene|Draining Kiss|p2a: Suicune
|-end|p2a: Suicune|Substitute
|-heal|p1a: Hatterene|30/100 par|[from] drain|[of] p2a: Suicune
|
|-heal|p2a: Suicune|99/100|[from] item: Leftovers
|upkeep
|turn|22
|
|t:|1779712928
|move|p2a: Suicune|Substitute|p2a: Suicune
|-start|p2a: Suicune|Substitute
|-damage|p2a: Suicune|75/100
|move|p1a: Hatterene|Psyshock|p2a: Suicune
|-end|p2a: Suicune|Substitute
|
|-heal|p2a: Suicune|81/100|[from] item: Leftovers
|upkeep
|turn|23
|
|t:|1779712931
|move|p2a: Suicune|Substitute|p2a: Suicune
|-start|p2a: Suicune|Substitute
|-damage|p2a: Suicune|56/100
|cant|p1a: Hatterene|par
|
|-heal|p2a: Suicune|63/100|[from] item: Leftovers
|upkeep
|turn|24
|
|t:|1779712933
|move|p2a: Suicune|Scald|p1a: Hatterene
|-damage|p1a: Hatterene|0 fnt
|faint|p1a: Hatterene
|
|-heal|p2a: Suicune|69/100|[from] item: Leftovers
|upkeep
|-message|I hate my pokemon. forfeited.
|
|win|Nickthenickthenick
|raw|I hate my pokemon.'s rating: 1380 &rarr; <strong>1355</strong><br />(-25 for losing)
|raw|Nickthenickthenick's rating: 1294 &rarr; <strong>1325</strong><br />(+31 for winning)
|l|☆I hate my pokemon.
|player|p1|
|l|☆Nickthenickthenick
|player|p2|
