|j|☆CHixxxxx122
|j|☆ToTheTopOfNatdex
|t:|1779641927
|gametype|singles
|player|p1|CHixxxxx122|2|1254
|player|p2|ToTheTopOfNatdex|tuberf|1236
|gen|9
|tier|[Gen 9] OU
|rated|
|rule|HP Percentage Mod: HP is shown in percentages
|rule|Endless Battle Clause: Forcing endless battles is banned
|rule|Species Clause: Limit one of each Pokémon
|rule|OHKO Clause: OHKO moves are banned
|rule|Evasion Items Clause: Evasion items are banned
|rule|Evasion Moves Clause: Evasion moves are banned
|rule|Evasion Abilities Clause: Evasion abilities are banned
|rule|Sleep Moves Clause: Sleep-inducing moves are banned
|clearpoke
|poke|p1|Skuntank, F|
|poke|p1|Porygon2|
|poke|p1|Mamoswine, M|
|poke|p1|Staraptor, M|
|poke|p1|Lilligant-Hisui, F|
|poke|p1|Milotic, F|
|poke|p2|Deoxys-Speed|
|poke|p2|Gholdengo|
|poke|p2|Dragonite, M|
|poke|p2|Slowbro, F|
|poke|p2|Skarmory, M|
|poke|p2|Forretress, F|
|teampreview
|
|t:|1779641935
|teamsize|p1|6
|teamsize|p2|6
|start
|switch|p1a: Mamoswine|Mamoswine, M|100/100
|switch|p2a: Forretress|Forretress, F|100/100
|turn|1
|
|t:|1779641938
|move|p1a: Mamoswine|Earthquake|p2a: Forretress
|-damage|p2a: Forretress|67/100
|move|p2a: Forretress|Stealth Rock|p1a: Mamoswine
|-sidestart|p1: CHixxxxx122|move: Stealth Rock
|
|-heal|p2a: Forretress|74/100|[from] item: Leftovers
|upkeep
|turn|2
|
|t:|1779641944
|switch|p1a: Staraptor|Staraptor, M|100/100
|-damage|p1a: Staraptor|76/100|[from] Stealth Rock
|switch|p2a: Skarmory|Skarmory, M|100/100
|
|upkeep
|turn|3
|
|t:|1779641949
|switch|p1a: Porygon2|Porygon2|100/100
|-damage|p1a: Porygon2|88/100|[from] Stealth Rock
|-ability|p1a: Porygon2|Weak Armor|Trace|[from] ability: Trace|[of] p2a: Skarmory
|move|p2a: Skarmory|Swords Dance|p2a: Skarmory
|-boost|p2a: Skarmory|atk|2
|
|upkeep
|turn|4
|
|t:|1779641953
|move|p2a: Skarmory|Brave Bird|p1a: Porygon2
|-damage|p1a: Porygon2|32/100
|-ability|p1a: Porygon2|Weak Armor|boost
|-unboost|p1a: Porygon2|def|1
|-boost|p1a: Porygon2|spe|2
|-damage|p2a: Skarmory|79/100|[from] Recoil
|move|p1a: Porygon2|Charge Beam|p2a: Skarmory|[miss]
|-miss|p1a: Porygon2|p2a: Skarmory
|
|upkeep
|turn|5
|
|t:|1779641965
|move|p1a: Porygon2|Charge Beam|p2a: Skarmory
|-supereffective|p2a: Skarmory
|-damage|p2a: Skarmory|37/100
|-boost|p1a: Porygon2|spa|1
|-enditem|p2a: Skarmory|Weakness Policy
|-boost|p2a: Skarmory|atk|2|[from] item: Weakness Policy
|-boost|p2a: Skarmory|spa|2|[from] item: Weakness Policy
|move|p2a: Skarmory|Drill Run|p1a: Porygon2
|-damage|p1a: Porygon2|0 fnt
|faint|p1a: Porygon2
|
|upkeep
|
|t:|1779641972
|switch|p1a: Lilligant|Lilligant-Hisui, F|100/100
|-damage|p1a: Lilligant|94/100|[from] Stealth Rock
|turn|6
|
|t:|1779641976
|move|p1a: Lilligant|Close Combat|p2a: Skarmory
|-damage|p2a: Skarmory|0 fnt
|-unboost|p1a: Lilligant|def|1
|-unboost|p1a: Lilligant|spd|1
|faint|p2a: Skarmory
|
|upkeep
|
|t:|1779641986
|switch|p2a: Forretress|Forretress, F|74/100
|turn|7
|
|t:|1779641989
|switch|p1a: Milotic|Milotic, F|100/100
|-damage|p1a: Milotic|88/100|[from] Stealth Rock
|move|p2a: Forretress|Ice Spinner|p1a: Milotic
|-resisted|p1a: Milotic
|-damage|p1a: Milotic|80/100
|
|-heal|p1a: Milotic|86/100|[from] item: Leftovers
|-heal|p2a: Forretress|80/100|[from] item: Leftovers
|upkeep
|turn|8
|
|t:|1779641991
|move|p1a: Milotic|Scald|p2a: Forretress
|-damage|p2a: Forretress|26/100
|move|p2a: Forretress|Volt Switch|p1a: Milotic
|-supereffective|p1a: Milotic
|-damage|p1a: Milotic|71/100
|
|t:|1779641995
|switch|p2a: Gholdengo|Gholdengo|100/100|[from] Volt Switch
|
|-heal|p1a: Milotic|77/100|[from] item: Leftovers
|upkeep
|turn|9
|
|t:|1779642000
|move|p2a: Gholdengo|Substitute|p2a: Gholdengo
|-start|p2a: Gholdengo|Substitute
|-damage|p2a: Gholdengo|76/100
|move|p1a: Milotic|Scald|p2a: Gholdengo
|-activate|p2a: Gholdengo|move: Substitute|[damage]
|
|-heal|p2a: Gholdengo|82/100|[from] item: Leftovers
|-heal|p1a: Milotic|84/100|[from] item: Leftovers
|upkeep
|turn|10
|
|t:|1779642004
|move|p2a: Gholdengo|Thunder Wave|p1a: Milotic
|-status|p1a: Milotic|par
|move|p1a: Milotic|Scald|p2a: Gholdengo
|-end|p2a: Gholdengo|Substitute
|
|-heal|p2a: Gholdengo|88/100|[from] item: Leftovers
|-heal|p1a: Milotic|90/100 par|[from] item: Leftovers
|upkeep
|turn|11
|
|t:|1779642007
|move|p2a: Gholdengo|Substitute|p2a: Gholdengo
|-start|p2a: Gholdengo|Substitute
|-damage|p2a: Gholdengo|63/100
|cant|p1a: Milotic|par
|
|-heal|p2a: Gholdengo|70/100|[from] item: Leftovers
|-heal|p1a: Milotic|96/100 par|[from] item: Leftovers
|upkeep
|turn|12
|l|☆CHixxxxx122
|player|p1|
|inactive|Battle timer is ON: inactive players will automatically lose when time's up. (requested by ToTheTopOfNatdex)
|inactive|CHixxxxx122 has 30 seconds to reconnect!
|inactive|CHixxxxx122 has 20 seconds to reconnect!
|inactive|CHixxxxx122 has 15 seconds to reconnect!
|inactive|CHixxxxx122 has 10 seconds to reconnect!
|inactive|CHixxxxx122 has 5 seconds to reconnect!
|-message|CHixxxxx122 lost due to inactivity.
|
|win|ToTheTopOfNatdex
|raw|CHixxxxx122's rating: 1254 &rarr; <strong>1228</strong><br />(-26 for losing)
|raw|ToTheTopOfNatdex's rating: 1236 &rarr; <strong>1262</strong><br />(+26 for winning)
|l|☆ToTheTopOfNatdex
|player|p2|
