|j|☆scj2012
|j|☆probabilly
|t:|1779630118
|gametype|singles
|player|p1|scj2012|2|1124
|player|p2|probabilly|fisherman-gen4|1191
|gen|9
|tier|[Gen 9] OU
|rated|
|rule|HP Percentage Mod: HP is shown in percentages
|rule|Endless Battle Clause: Forcing endless battles is banned
|rule|Species Clause: Limit one of each Pokémon
|rule|OHKO Clause: OHKO moves are banned
|rule|Evasion Items Clause: Evasion items are banned
|rule|Evasion Moves Clause: Evasion moves are banned
|rule|Evasion Abilities Clause: Evasion abilities are banned
|rule|Sleep Moves Clause: Sleep-inducing moves are banned
|clearpoke
|poke|p1|Hawlucha, F|
|poke|p1|Sudowoodo, L1, F|
|poke|p1|Kingambit, F|
|poke|p1|Dragonite, F|
|poke|p1|Ogerpon, F|
|poke|p1|Great Tusk|
|poke|p2|Dragonite, M|
|poke|p2|Great Tusk|
|poke|p2|Ting-Lu|
|poke|p2|Ogerpon-Wellspring, F|
|poke|p2|Iron Moth|
|poke|p2|Clefable, F|
|teampreview
|c|☆probabilly|i sense a gimmick
|
|t:|1779630131
|teamsize|p1|6
|teamsize|p2|6
|start
|switch|p1a: Sudowoodo|Sudowoodo, L1, F|100/100
|switch|p2a: Great Tusk|Great Tusk|100/100
|turn|1
|
|t:|1779630139
|move|p2a: Great Tusk|Stealth Rock|p1a: Sudowoodo
|-sidestart|p1: scj2012|move: Stealth Rock
|move|p1a: Sudowoodo|Stealth Rock|p2a: Great Tusk
|-sidestart|p2: probabilly|move: Stealth Rock
|
|upkeep
|turn|2
|
|t:|1779630145
|move|p2a: Great Tusk|Knock Off|p1a: Sudowoodo
|-ability|p1a: Sudowoodo|Sturdy
|-damage|p1a: Sudowoodo|8/100
|-enditem|p1a: Sudowoodo|Custap Berry|[from] move: Knock Off|[of] p2a: Great Tusk
|move|p1a: Sudowoodo|Spikes|p2a: Great Tusk
|-sidestart|p2: probabilly|Spikes
|
|upkeep
|turn|3
|
|t:|1779630152
|move|p2a: Great Tusk|Rapid Spin|p1a: Sudowoodo
|-resisted|p1a: Sudowoodo
|-damage|p1a: Sudowoodo|0 fnt
|-boost|p2a: Great Tusk|spe|1
|-sideend|p2: probabilly|Spikes|[from] move: Rapid Spin|[of] p2a: Great Tusk
|-sideend|p2: probabilly|Stealth Rock|[from] move: Rapid Spin|[of] p2a: Great Tusk
|faint|p1a: Sudowoodo
|
|upkeep
|c|☆scj2012|Well that is unfortunate
|
|t:|1779630186
|switch|p1a: Ogerpon|Ogerpon, F|100/100
|turn|4
|
|t:|1779630195
|-terastallize|p1a: Ogerpon|Grass
|detailschange|p1a: Ogerpon|Ogerpon-Teal-Tera, F, tera:Grass
|-ability|p1a: Ogerpon|Embody Aspect (Teal)|boost
|-boost|p1a: Ogerpon|spe|1
|move|p1a: Ogerpon|Ivy Cudgel|p2a: Great Tusk
|-supereffective|p2a: Great Tusk
|-damage|p2a: Great Tusk|20/100
|move|p2a: Great Tusk|Knock Off|p1a: Ogerpon
|-damage|p1a: Ogerpon|59/100
|-enditem|p1a: Ogerpon|Heavy-Duty Boots|[from] move: Knock Off|[of] p2a: Great Tusk
|
|upkeep
|turn|5
|c|☆probabilly|tusk is just cool
|
|t:|1779630208
|move|p1a: Ogerpon|Ivy Cudgel|p2a: Great Tusk
|-supereffective|p2a: Great Tusk
|-damage|p2a: Great Tusk|0 fnt
|faint|p2a: Great Tusk
|-end|p2a: Great Tusk|Protosynthesis|[silent]
|
|upkeep
|
|t:|1779630218
|switch|p2a: Iron Moth|Iron Moth|100/100
|turn|6
|
|t:|1779630229
|move|p1a: Ogerpon|Knock Off|p2a: Iron Moth
|-damage|p2a: Iron Moth|47/100
|-enditem|p2a: Iron Moth|Choice Specs|[from] move: Knock Off|[of] p1a: Ogerpon
|move|p2a: Iron Moth|Flamethrower|p1a: Ogerpon
|-supereffective|p1a: Ogerpon
|-damage|p1a: Ogerpon|0 fnt
|faint|p1a: Ogerpon
|detailschange|p1: Ogerpon|Ogerpon, F|[silent]
|
|upkeep
|
|t:|1779630238
|switch|p1a: Great Tusk|Great Tusk|100/100
|turn|7
|
|t:|1779630247
|move|p2a: Iron Moth|Dazzling Gleam|p1a: Great Tusk
|-supereffective|p1a: Great Tusk
|-damage|p1a: Great Tusk|16/100
|move|p1a: Great Tusk|Rapid Spin|p2a: Iron Moth
|-damage|p2a: Iron Moth|19/100
|-boost|p1a: Great Tusk|spe|1
|-sideend|p1: scj2012|Stealth Rock|[from] move: Rapid Spin|[of] p1a: Great Tusk
|
|upkeep
|turn|8
|
|t:|1779630255
|move|p1a: Great Tusk|Rapid Spin|p2a: Iron Moth
|-crit|p2a: Iron Moth
|-damage|p2a: Iron Moth|0 fnt
|-boost|p1a: Great Tusk|spe|1
|faint|p2a: Iron Moth
|-end|p2a: Iron Moth|Quark Drive|[silent]
|
|upkeep
|
|t:|1779630259
|switch|p2a: Dragonite|Dragonite, M|100/100
|turn|9
|
|t:|1779630264
|move|p2a: Dragonite|Extreme Speed|p1a: Great Tusk
|-damage|p1a: Great Tusk|0 fnt
|faint|p1a: Great Tusk
|-end|p1a: Great Tusk|Protosynthesis|[silent]
|
|upkeep
|
|t:|1779630272
|switch|p1a: Kingambit|Kingambit, F|100/100
|-activate|p1a: Kingambit|ability: Supreme Overlord
|-start|p1a: Kingambit|fallen3|[silent]
|turn|10
|
|t:|1779630288
|switch|p2a: Ting-Lu|Ting-Lu|100/100
|-ability|p2a: Ting-Lu|Vessel of Ruin
|move|p1a: Kingambit|Kowtow Cleave|p2a: Ting-Lu
|-resisted|p2a: Ting-Lu
|-damage|p2a: Ting-Lu|86/100
|
|-heal|p2a: Ting-Lu|92/100|[from] item: Leftovers
|upkeep
|turn|11
|
|t:|1779630295
|-end|p1a: Kingambit|fallen3|[silent]
|switch|p1a: Hawlucha|Hawlucha, F|100/100
|move|p2a: Ting-Lu|Whirlwind|p1a: Hawlucha
|drag|p1a: Kingambit|Kingambit, F|100/100
|-activate|p1a: Kingambit|ability: Supreme Overlord
|-start|p1a: Kingambit|fallen3|[silent]
|
|-heal|p2a: Ting-Lu|98/100|[from] item: Leftovers
|upkeep
|turn|12
|
|t:|1779630301
|-end|p1a: Kingambit|fallen3|[silent]
|switch|p1a: Hawlucha|Hawlucha, F|100/100
|move|p2a: Ting-Lu|Spikes|p1a: Hawlucha
|-sidestart|p1: scj2012|Spikes
|
|-heal|p2a: Ting-Lu|100/100|[from] item: Leftovers
|upkeep
|turn|13
|
|t:|1779630310
|move|p1a: Hawlucha|Close Combat|p2a: Ting-Lu
|-supereffective|p2a: Ting-Lu
|-damage|p2a: Ting-Lu|50/100
|-unboost|p1a: Hawlucha|def|1
|-unboost|p1a: Hawlucha|spd|1
|move|p2a: Ting-Lu|Whirlwind|p1a: Hawlucha
|drag|p1a: Dragonite|Dragonite, F|100/100
|
|-heal|p2a: Ting-Lu|56/100|[from] item: Leftovers
|upkeep
|turn|14
|
|t:|1779630322
|move|p1a: Dragonite|Ice Spinner|p2a: Ting-Lu
|-supereffective|p2a: Ting-Lu
|-damage|p2a: Ting-Lu|28/100
|move|p2a: Ting-Lu|Spikes|p1a: Dragonite
|-sidestart|p1: scj2012|Spikes
|
|-heal|p2a: Ting-Lu|34/100|[from] item: Leftovers
|upkeep
|turn|15
|
|t:|1779630330
|move|p1a: Dragonite|Dragon Dance|p1a: Dragonite
|-boost|p1a: Dragonite|atk|1
|-boost|p1a: Dragonite|spe|1
|move|p2a: Ting-Lu|Spikes|p1a: Dragonite
|-sidestart|p1: scj2012|Spikes
|
|-heal|p2a: Ting-Lu|41/100|[from] item: Leftovers
|upkeep
|turn|16
|
|t:|1779630335
|move|p1a: Dragonite|Ice Spinner|p2a: Ting-Lu
|-supereffective|p2a: Ting-Lu
|-damage|p2a: Ting-Lu|2/100
|move|p2a: Ting-Lu|Whirlwind|p1a: Dragonite
|drag|p1a: Hawlucha|Hawlucha, F|100/100
|
|-heal|p2a: Ting-Lu|8/100|[from] item: Leftovers
|upkeep
|turn|17
|
|t:|1779630349
|move|p1a: Hawlucha|Sky Attack||[still]
|-prepare|p1a: Hawlucha|Sky Attack
|-enditem|p1a: Hawlucha|Power Herb
|-anim|p1a: Hawlucha|Sky Attack|p2a: Ting-Lu|[miss]
|-miss|p1a: Hawlucha|p2a: Ting-Lu
|move|p2a: Ting-Lu|Throat Chop|p1a: Hawlucha
|-resisted|p1a: Hawlucha
|-damage|p1a: Hawlucha|79/100
|-start|p1a: Hawlucha|Throat Chop|[silent]
|
|-heal|p2a: Ting-Lu|15/100|[from] item: Leftovers
|upkeep
|turn|18
|c|☆probabilly|what the
|
|t:|1779630359
|move|p1a: Hawlucha|Acrobatics|p2a: Ting-Lu
|-damage|p2a: Ting-Lu|0 fnt
|faint|p2a: Ting-Lu
|
|-end|p1a: Hawlucha|Throat Chop|[silent]
|upkeep
|
|t:|1779630365
|switch|p2a: Clefable|Clefable, F|100/100
|turn|19
|
|t:|1779630374
|move|p1a: Hawlucha|Acrobatics|p2a: Clefable
|-damage|p2a: Clefable|62/100
|move|p2a: Clefable|Moonblast|p1a: Hawlucha
|-supereffective|p1a: Hawlucha
|-damage|p1a: Hawlucha|0 fnt
|faint|p1a: Hawlucha
|
|upkeep
|
|t:|1779630378
|switch|p1a: Kingambit|Kingambit, F|100/100
|-damage|p1a: Kingambit|76/100|[from] Spikes
|-activate|p1a: Kingambit|ability: Supreme Overlord
|-start|p1a: Kingambit|fallen4|[silent]
|turn|20
|
|t:|1779630385
|move|p1a: Kingambit|Iron Head|p2a: Clefable
|-supereffective|p2a: Clefable
|-damage|p2a: Clefable|0 fnt
|faint|p2a: Clefable
|
|-heal|p1a: Kingambit|82/100|[from] item: Leftovers
|upkeep
|
|t:|1779630391
|switch|p2a: Dragonite|Dragonite, M|100/100
|turn|21
|
|t:|1779630400
|move|p2a: Dragonite|Dragon Dance|p2a: Dragonite
|-boost|p2a: Dragonite|atk|1
|-boost|p2a: Dragonite|spe|1
|move|p1a: Kingambit|Kowtow Cleave|p2a: Dragonite
|-damage|p2a: Dragonite|63/100
|
|-heal|p1a: Kingambit|88/100|[from] item: Leftovers
|upkeep
|turn|22
|
|t:|1779630405
|move|p2a: Dragonite|Earthquake|p1a: Kingambit
|-supereffective|p1a: Kingambit
|-crit|p1a: Kingambit
|-damage|p1a: Kingambit|0 fnt
|faint|p1a: Kingambit
|-end|p1a: Kingambit|fallen4|[silent]
|
|upkeep
|
|t:|1779630408
|switch|p1a: Dragonite|Dragonite, F|100/100
|turn|23
|
|t:|1779630414
|-terastallize|p2a: Dragonite|Normal
|move|p2a: Dragonite|Extreme Speed|p1a: Dragonite
|-damage|p1a: Dragonite|65/100
|move|p1a: Dragonite|Ice Spinner|p2a: Dragonite
|-damage|p2a: Dragonite|28/100
|
|upkeep
|turn|24
|
|t:|1779630432
|move|p1a: Dragonite|Extreme Speed|p2a: Dragonite
|-damage|p2a: Dragonite|0 fnt
|faint|p2a: Dragonite
|
|upkeep
|
|t:|1779630434
|switch|p2a: Ogerpon|Ogerpon-Wellspring, F|100/100
|turn|25
|
|t:|1779630444
|move|p1a: Dragonite|Extreme Speed|p2a: Ogerpon
|-damage|p2a: Ogerpon|61/100
|move|p2a: Ogerpon|Play Rough|p1a: Dragonite
|-supereffective|p1a: Dragonite
|-damage|p1a: Dragonite|0 fnt
|faint|p1a: Dragonite
|
|win|probabilly
|raw|scj2012's rating: 1124 &rarr; <strong>1104</strong><br />(-20 for losing)
|raw|probabilly's rating: 1191 &rarr; <strong>1211</strong><br />(+20 for winning)
|l|☆scj2012
|player|p1|
|l|☆probabilly
|player|p2|
