|j|☆traphouse timmy
|j|☆YumeKasumi76
|t:|1779715313
|gametype|singles
|player|p1|traphouse timmy|ninjaboy|1403
|player|p2|YumeKasumi76|266|1388
|gen|9
|tier|[Gen 9] OU
|rated|
|rule|HP Percentage Mod: HP is shown in percentages
|rule|Endless Battle Clause: Forcing endless battles is banned
|rule|Species Clause: Limit one of each Pokémon
|rule|OHKO Clause: OHKO moves are banned
|rule|Evasion Items Clause: Evasion items are banned
|rule|Evasion Moves Clause: Evasion moves are banned
|rule|Evasion Abilities Clause: Evasion abilities are banned
|rule|Sleep Moves Clause: Sleep-inducing moves are banned
|clearpoke
|poke|p1|Deoxys-Speed|
|poke|p1|Hoopa-Unbound|
|poke|p1|Manaphy|
|poke|p1|Iron Valiant|
|poke|p1|Iron Hands|
|poke|p1|Cinderace, M|
|poke|p2|Dragapult, M|
|poke|p2|Bisharp, F|
|poke|p2|Glimmora, F|
|poke|p2|Entei|
|poke|p2|Braviary-Hisui, M|
|poke|p2|Cloyster, F|
|teampreview
|inactive|Battle timer is ON: inactive players will automatically lose when time's up. (requested by traphouse timmy)
|
|t:|1779715321
|teamsize|p1|6
|teamsize|p2|6
|start
|switch|p1a: Deoxys|Deoxys-Speed|100/100
|switch|p2a: Shellussy|Cloyster, F|100/100
|-ability|p1a: Deoxys|Pressure
|turn|1
|
|t:|1779715327
|move|p1a: Deoxys|Taunt|p2a: Shellussy
|-start|p2a: Shellussy|move: Taunt
|move|p2a: Shellussy|Icicle Spear|p1a: Deoxys
|-damage|p1a: Deoxys|87/100
|-damage|p1a: Deoxys|73/100
|-damage|p1a: Deoxys|59/100
|-damage|p1a: Deoxys|45/100
|-damage|p1a: Deoxys|31/100
|-hitcount|p1a: Deoxys|5
|
|upkeep
|turn|2
|
|t:|1779715341
|move|p1a: Deoxys|Reflect|p1a: Deoxys
|-sidestart|p1: traphouse timmy|Reflect
|move|p2a: Shellussy|Icicle Spear|p1a: Deoxys
|-damage|p1a: Deoxys|23/100
|-damage|p1a: Deoxys|16/100
|-damage|p1a: Deoxys|8/100
|-damage|p1a: Deoxys|1/100
|-damage|p1a: Deoxys|0 fnt
|faint|p1a: Deoxys
|-hitcount|p1: Deoxys|5
|
|upkeep
|
|t:|1779715350
|switch|p1a: Iron Hands|Iron Hands|100/100
|turn|3
|
|t:|1779715355
|move|p2a: Shellussy|Hydro Pump|p1a: Iron Hands|[miss]
|-miss|p2a: Shellussy|p1a: Iron Hands
|move|p1a: Iron Hands|Swords Dance|p1a: Iron Hands
|-boost|p1a: Iron Hands|atk|2
|
|-end|p2a: Shellussy|move: Taunt
|upkeep
|turn|4
|
|t:|1779715362
|move|p2a: Shellussy|Hydro Pump|p1a: Iron Hands
|-damage|p1a: Iron Hands|72/100
|move|p1a: Iron Hands|Drain Punch|p2a: Shellussy
|-supereffective|p2a: Shellussy
|-crit|p2a: Shellussy
|-damage|p2a: Shellussy|0 fnt
|-heal|p1a: Iron Hands|95/100|[from] drain|[of] p2a: Shellussy
|faint|p2a: Shellussy
|
|upkeep
|
|t:|1779715366
|switch|p2a: Railgun|Dragapult, M|100/100
|turn|5
|
|t:|1779715373
|move|p2a: Railgun|Reflect|p2a: Railgun
|-sidestart|p2: YumeKasumi76|Reflect
|move|p1a: Iron Hands|Ice Punch|p2a: Railgun
|-supereffective|p2a: Railgun
|-damage|p2a: Railgun|26/100
|
|upkeep
|turn|6
|
|t:|1779715381
|move|p2a: Railgun|Light Screen|p2a: Railgun
|-sidestart|p2: YumeKasumi76|move: Light Screen
|move|p1a: Iron Hands|Wild Charge|p2a: Railgun
|-resisted|p2a: Railgun
|-damage|p2a: Railgun|0 fnt
|faint|p2a: Railgun
|-damage|p1a: Iron Hands|91/100|[from] Recoil
|
|upkeep
|
|t:|1779715384
|switch|p2a: Mentalist|Braviary-Hisui, M|100/100
|turn|7
|
|t:|1779715396
|move|p2a: Mentalist|Esper Wing|p1a: Iron Hands
|-supereffective|p1a: Iron Hands
|-damage|p1a: Iron Hands|25/100
|-boost|p2a: Mentalist|spe|1
|move|p1a: Iron Hands|Wild Charge|p2a: Mentalist
|-supereffective|p2a: Mentalist
|-damage|p2a: Mentalist|0 fnt
|faint|p2a: Mentalist
|-damage|p1a: Iron Hands|7/100|[from] Recoil
|
|upkeep
|
|t:|1779715401
|switch|p2a: Bellator|Bisharp, F, shiny|100/100
|turn|8
|
|t:|1779715407
|move|p2a: Bellator|Iron Head|p1a: Iron Hands
|-resisted|p1a: Iron Hands
|-damage|p1a: Iron Hands|1/100
|cant|p1a: Iron Hands|flinch
|
|upkeep
|turn|9
|
|t:|1779715412
|move|p2a: Bellator|Iron Head|p1a: Iron Hands
|-resisted|p1a: Iron Hands
|-damage|p1a: Iron Hands|0 fnt
|faint|p1a: Iron Hands
|-end|p1a: Iron Hands|Quark Drive|[silent]
|
|-sideend|p1: traphouse timmy|Reflect
|upkeep
|
|t:|1779715418
|switch|p1a: Cinderace|Cinderace, M|100/100
|turn|10
|
|t:|1779715422
|move|p1a: Cinderace|Court Change|p1a: Cinderace
|-start|p1a: Cinderace|typechange|Normal|[from] ability: Libero
|-swapsideconditions
|-activate|p1a: Cinderace|move: Court Change
|move|p2a: Bellator|Stealth Rock|p1a: Cinderace
|-sidestart|p1: traphouse timmy|move: Stealth Rock
|
|upkeep
|turn|11
|
|t:|1779715429
|move|p1a: Cinderace|Pyro Ball|p2a: Bellator
|-supereffective|p2a: Bellator
|-damage|p2a: Bellator|49/100
|move|p2a: Bellator|Stealth Rock||[still]
|-fail|p2a: Bellator
|
|upkeep
|turn|12
|
|t:|1779715439
|move|p2a: Bellator|Sucker Punch|p1a: Cinderace
|-damage|p1a: Cinderace|76/100
|move|p1a: Cinderace|Pyro Ball|p2a: Bellator
|-supereffective|p2a: Bellator
|-damage|p2a: Bellator|0 fnt
|faint|p2a: Bellator
|
|-sideend|p1: traphouse timmy|Reflect
|upkeep
|
|t:|1779715442
|switch|p2a: Hikari|Glimmora, F|100/100
|turn|13
|
|t:|1779715448
|move|p1a: Cinderace|U-turn|p2a: Hikari
|-resisted|p2a: Hikari
|-damage|p2a: Hikari|88/100
|-activate|p2a: Hikari|ability: Toxic Debris
|-sidestart|p1: traphouse timmy|move: Toxic Spikes
|
|t:|1779715453
|switch|p1a: Hoopa|Hoopa-Unbound|100/100|[from] U-turn
|-damage|p1a: Hoopa|88/100|[from] Stealth Rock
|-status|p1a: Hoopa|psn
|move|p2a: Hikari|Mortal Spin|p1a: Hoopa
|-damage|p1a: Hoopa|78/100 psn
|
|-damage|p1a: Hoopa|66/100 psn|[from] psn
|-sideend|p1: traphouse timmy|move: Light Screen
|upkeep
|turn|14
|
|t:|1779715463
|move|p2a: Hikari|Meteor Beam||[still]
|-prepare|p2a: Hikari|Meteor Beam
|-boost|p2a: Hikari|spa|1
|-enditem|p2a: Hikari|Power Herb
|-anim|p2a: Hikari|Meteor Beam|p1a: Hoopa
|-damage|p1a: Hoopa|22/100 psn
|move|p1a: Hoopa|Psychic Noise|p2a: Hikari
|-supereffective|p2a: Hikari
|-damage|p2a: Hikari|0 fnt
|faint|p2a: Hikari
|
|-damage|p1a: Hoopa|10/100 psn|[from] psn
|upkeep
|
|t:|1779715465
|switch|p2a: Sovereign|Entei|100/100
|turn|15
|
|t:|1779715477
|move|p2a: Sovereign|Extreme Speed|p1a: Hoopa
|-damage|p1a: Hoopa|0 fnt
|faint|p1a: Hoopa
|
|upkeep
|
|t:|1779715484
|switch|p1a: Iron Valiant|Iron Valiant|100/100
|-damage|p1a: Iron Valiant|94/100|[from] Stealth Rock
|-status|p1a: Iron Valiant|psn
|-enditem|p1a: Iron Valiant|Booster Energy
|-activate|p1a: Iron Valiant|ability: Quark Drive|[fromitem]
|-start|p1a: Iron Valiant|quarkdrivespe
|turn|16
|
|t:|1779715494
|move|p1a: Iron Valiant|Close Combat|p2a: Sovereign
|-damage|p2a: Sovereign|55/100
|-unboost|p1a: Iron Valiant|def|1
|-unboost|p1a: Iron Valiant|spd|1
|move|p2a: Sovereign|Sacred Fire|p1a: Iron Valiant
|-damage|p1a: Iron Valiant|0 fnt
|faint|p1a: Iron Valiant
|-end|p1a: Iron Valiant|Quark Drive|[silent]
|
|upkeep
|
|t:|1779715505
|switch|p1a: Manaphy|Manaphy|100/100
|-damage|p1a: Manaphy|88/100|[from] Stealth Rock
|-status|p1a: Manaphy|psn
|turn|17
|
|t:|1779715512
|-terastallize|p2a: Sovereign|Normal
|move|p2a: Sovereign|Extreme Speed|p1a: Manaphy
|-damage|p1a: Manaphy|52/100 psn
|move|p1a: Manaphy|Acid Armor|p1a: Manaphy
|-boost|p1a: Manaphy|def|2
|-enditem|p2a: Sovereign|Mirror Herb
|-boost|p2a: Sovereign|def|2|[from] item: Mirror Herb
|
|-heal|p1a: Manaphy|58/100 psn|[from] item: Leftovers
|-damage|p1a: Manaphy|46/100 psn|[from] psn
|upkeep
|turn|18
|
|t:|1779715523
|move|p1a: Manaphy|Take Heart|p1a: Manaphy
|-boost|p1a: Manaphy|spa|1
|-boost|p1a: Manaphy|spd|1
|-curestatus|p1a: Manaphy|psn|[msg]
|move|p2a: Sovereign|Roar|p1a: Manaphy
|drag|p1a: Cinderace|Cinderace, M|76/100
|
|upkeep
|turn|19
|
|t:|1779715534
|-terastallize|p1a: Cinderace|Fire
|move|p2a: Sovereign|Extreme Speed|p1a: Cinderace
|-crit|p1a: Cinderace
|-damage|p1a: Cinderace|0 fnt
|faint|p1a: Cinderace
|
|upkeep
|
|t:|1779715540
|switch|p1a: Manaphy|Manaphy|46/100
|-damage|p1a: Manaphy|34/100|[from] Stealth Rock
|-status|p1a: Manaphy|psn
|turn|20
|
|t:|1779715545
|move|p2a: Sovereign|Extreme Speed|p1a: Manaphy
|-damage|p1a: Manaphy|0 fnt
|faint|p1a: Manaphy
|
|win|YumeKasumi76
|raw|traphouse timmy's rating: 1403 &rarr; <strong>1382</strong><br />(-21 for losing)
|raw|YumeKasumi76's rating: 1388 &rarr; <strong>1409</strong><br />(+21 for winning)
|l|☆traphouse timmy
|player|p1|
|l|☆YumeKasumi76
|player|p2|
