|j|☆Fear covraa
|j|☆A random breaker
|t:|1779719628
|gametype|singles
|player|p1|Fear covraa|waiter-gen4|1396
|player|p2|A random breaker|gentleman|1361
|gen|9
|tier|[Gen 9] OU
|rated|
|rule|HP Percentage Mod: HP is shown in percentages
|rule|Endless Battle Clause: Forcing endless battles is banned
|rule|Species Clause: Limit one of each Pokémon
|rule|OHKO Clause: OHKO moves are banned
|rule|Evasion Items Clause: Evasion items are banned
|rule|Evasion Moves Clause: Evasion moves are banned
|rule|Evasion Abilities Clause: Evasion abilities are banned
|rule|Sleep Moves Clause: Sleep-inducing moves are banned
|clearpoke
|poke|p1|Great Tusk|
|poke|p1|Thundurus, M|
|poke|p1|Polteageist-Antique|
|poke|p1|Glimmora, M|
|poke|p1|Darkrai|
|poke|p1|Zamazenta-*|
|poke|p2|Dragapult, F|
|poke|p2|Tornadus-Therian, M|
|poke|p2|Kingambit, F|
|poke|p2|Gholdengo|
|poke|p2|Rillaboom, M|
|poke|p2|Great Tusk|
|teampreview
|inactive|Battle timer is ON: inactive players will automatically lose when time's up. (requested by A random breaker)
|inactive|Fear covraa also wants the timer to be on.
|
|t:|1779719638
|teamsize|p1|6
|teamsize|p2|6
|start
|switch|p1a: Glimmora|Glimmora, M|100/100
|switch|p2a: Great Tusk|Great Tusk, shiny|100/100
|turn|1
|
|t:|1779719643
|move|p1a: Glimmora|Stealth Rock|p2a: Great Tusk
|-sidestart|p2: A random breaker|move: Stealth Rock
|move|p2a: Great Tusk|Headlong Rush|p1a: Glimmora
|-supereffective|p1a: Glimmora
|-crit|p1a: Glimmora
|-enditem|p1a: Glimmora|Focus Sash
|-damage|p1a: Glimmora|1/100
|-unboost|p2a: Great Tusk|def|1
|-unboost|p2a: Great Tusk|spd|1
|-activate|p1a: Glimmora|ability: Toxic Debris
|-sidestart|p2: A random breaker|move: Toxic Spikes
|
|upkeep
|turn|2
|
|t:|1779719649
|move|p1a: Glimmora|Memento|p2a: Great Tusk
|-unboost|p2a: Great Tusk|atk|2
|-unboost|p2a: Great Tusk|spa|2
|faint|p1a: Glimmora
|move|p2a: Great Tusk|Rapid Spin|p1: Glimmora|[notarget]
|-fail|p2a: Great Tusk
|
|upkeep
|
|t:|1779719654
|switch|p1a: Tea|Polteageist-Antique|100/100
|turn|3
|
|t:|1779719657
|move|p1a: Tea|Shell Smash|p1a: Tea
|-unboost|p1a: Tea|def|1
|-unboost|p1a: Tea|spd|1
|-boost|p1a: Tea|atk|2
|-boost|p1a: Tea|spa|2
|-boost|p1a: Tea|spe|2
|move|p2a: Great Tusk|Stealth Rock|p1a: Tea
|-sidestart|p1: Fear covraa|move: Stealth Rock
|
|upkeep
|turn|4
|
|t:|1779719669
|-end|p2a: Great Tusk|Protosynthesis|[silent]
|switch|p2a: Tornadus|Tornadus-Therian, M|100/100
|move|p1a: Tea|Shell Smash|p1a: Tea
|-unboost|p1a: Tea|def|1
|-unboost|p1a: Tea|spd|1
|-boost|p1a: Tea|atk|2
|-boost|p1a: Tea|spa|2
|-boost|p1a: Tea|spe|2
|
|upkeep
|turn|5
|
|t:|1779719675
|move|p1a: Tea|Stored Power|p2a: Tornadus
|-damage|p2a: Tornadus|0 fnt
|faint|p2a: Tornadus
|
|upkeep
|
|t:|1779719688
|switch|p2a: Rillaboom|Rillaboom, M, shiny|100/100
|-damage|p2a: Rillaboom|88/100|[from] Stealth Rock
|-status|p2a: Rillaboom|psn
|-fieldstart|move: Grassy Terrain|[from] ability: Grassy Surge|[of] p2a: Rillaboom
|turn|6
|
|t:|1779719690
|move|p2a: Rillaboom|Grassy Glide|p1a: Tea
|-enditem|p1a: Tea|Focus Sash
|-damage|p1a: Tea|1/100
|-ability|p1a: Tea|Weak Armor|boost
|-unboost|p1a: Tea|def|1
|-boost|p1a: Tea|spe|2
|move|p1a: Tea|Stored Power|p2a: Rillaboom
|-damage|p2a: Rillaboom|0 fnt
|faint|p2a: Rillaboom
|
|-heal|p1a: Tea|7/100|[from] Grassy Terrain
|upkeep
|
|t:|1779719694
|switch|p2a: Kingambit|Kingambit, F|100/100
|-damage|p2a: Kingambit|94/100|[from] Stealth Rock
|-activate|p2a: Kingambit|ability: Supreme Overlord
|-start|p2a: Kingambit|fallen2|[silent]
|turn|7
|
|t:|1779719696
|move|p2a: Kingambit|Sucker Punch||[still]
|-fail|p2a: Kingambit
|move|p1a: Tea|Strength Sap|p2a: Kingambit
|-unboost|p2a: Kingambit|atk|1
|-heal|p1a: Tea|100/100
|
|-heal|p2a: Kingambit|100/100|[from] Grassy Terrain
|upkeep
|turn|8
|
|t:|1779719701
|move|p2a: Kingambit|Sucker Punch||[still]
|-fail|p2a: Kingambit
|move|p1a: Tea|Strength Sap|p2a: Kingambit
|-unboost|p2a: Kingambit|atk|1
|
|upkeep
|turn|9
|
|t:|1779719703
|move|p1a: Tea|Shadow Ball|p2a: Kingambit
|-resisted|p2a: Kingambit
|-damage|p2a: Kingambit|34/100
|move|p2a: Kingambit|Kowtow Cleave|p1a: Tea
|-supereffective|p1a: Tea
|-damage|p1a: Tea|0 fnt
|faint|p1a: Tea
|
|-heal|p2a: Kingambit|40/100|[from] Grassy Terrain
|upkeep
|
|t:|1779719731
|switch|p1a: Zamazenta|Zamazenta|100/100
|-damage|p1a: Zamazenta|94/100|[from] Stealth Rock
|-ability|p1a: Zamazenta|Dauntless Shield|boost
|-boost|p1a: Zamazenta|def|1
|turn|10
|
|t:|1779719734
|-end|p2a: Kingambit|fallen2|[silent]
|switch|p2a: Gholdengo|Gholdengo|100/100
|-damage|p2a: Gholdengo|94/100|[from] Stealth Rock
|move|p1a: Zamazenta|Body Press|p2a: Gholdengo
|-immune|p2a: Gholdengo
|
|-heal|p1a: Zamazenta|100/100|[from] Grassy Terrain
|-heal|p2a: Gholdengo|100/100|[from] Grassy Terrain
|upkeep
|turn|11
|
|t:|1779719738
|move|p1a: Zamazenta|Crunch|p2a: Gholdengo
|-supereffective|p2a: Gholdengo
|-damage|p2a: Gholdengo|57/100
|move|p2a: Gholdengo|Thunder Wave|p1a: Zamazenta
|-status|p1a: Zamazenta|par
|
|-heal|p2a: Gholdengo|63/100|[from] Grassy Terrain
|upkeep
|turn|12
|
|t:|1779719742
|move|p1a: Zamazenta|Crunch|p2a: Gholdengo
|-supereffective|p2a: Gholdengo
|-damage|p2a: Gholdengo|24/100
|move|p2a: Gholdengo|Hex|p1a: Zamazenta
|-damage|p1a: Zamazenta|26/100 par
|
|-heal|p1a: Zamazenta|32/100 par|[from] Grassy Terrain
|-heal|p1a: Zamazenta|39/100 par|[from] item: Leftovers
|-heal|p2a: Gholdengo|30/100|[from] Grassy Terrain
|upkeep
|turn|13
|inactive|Fear covraa has 120 seconds left.
|
|t:|1779719793
|switch|p2a: Great Tusk|Great Tusk, shiny|100/100
|-damage|p2a: Great Tusk|98/100|[from] Stealth Rock
|-status|p2a: Great Tusk|psn
|cant|p1a: Zamazenta|par
|
|-heal|p2a: Great Tusk|100/100 psn|[from] Grassy Terrain
|-heal|p1a: Zamazenta|45/100 par|[from] Grassy Terrain
|-heal|p1a: Zamazenta|51/100 par|[from] item: Leftovers
|-damage|p2a: Great Tusk|88/100 psn|[from] psn
|-fieldend|move: Grassy Terrain
|upkeep
|turn|14
|
|t:|1779719804
|move|p2a: Great Tusk|Rapid Spin|p1a: Zamazenta
|-damage|p1a: Zamazenta|41/100 par
|-boost|p2a: Great Tusk|spe|1
|-sideend|p2: A random breaker|Toxic Spikes|[from] move: Rapid Spin|[of] p2a: Great Tusk
|-sideend|p2: A random breaker|Stealth Rock|[from] move: Rapid Spin|[of] p2a: Great Tusk
|move|p1a: Zamazenta|Body Press|p2a: Great Tusk
|-damage|p2a: Great Tusk|50/100 psn
|
|-heal|p2a: Great Tusk|57/100 psn|[from] item: Leftovers
|-heal|p1a: Zamazenta|47/100 par|[from] item: Leftovers
|-damage|p2a: Great Tusk|44/100 psn|[from] psn
|upkeep
|turn|15
|
|t:|1779719821
|move|p2a: Great Tusk|Headlong Rush|p1a: Zamazenta
|-damage|p1a: Zamazenta|14/100 par
|-unboost|p2a: Great Tusk|def|1
|-unboost|p2a: Great Tusk|spd|1
|move|p1a: Zamazenta|Body Press|p2a: Great Tusk
|-crit|p2a: Great Tusk
|-damage|p2a: Great Tusk|0 fnt
|faint|p2a: Great Tusk
|-end|p2a: Great Tusk|Protosynthesis|[silent]
|
|-heal|p1a: Zamazenta|20/100 par|[from] item: Leftovers
|upkeep
|
|t:|1779719829
|switch|p2a: Gholdengo|Gholdengo|30/100
|turn|16
|inactive|Fear covraa has 120 seconds left.
|
|t:|1779719838
|move|p1a: Zamazenta|Crunch|p2a: Gholdengo
|-supereffective|p2a: Gholdengo
|-damage|p2a: Gholdengo|0 fnt
|faint|p2a: Gholdengo
|
|-heal|p1a: Zamazenta|26/100 par|[from] item: Leftovers
|upkeep
|
|t:|1779719842
|switch|p2a: Dragapult|Dragapult, F|100/100
|turn|17
|
|t:|1779719847
|move|p2a: Dragapult|Shadow Ball|p1a: Zamazenta
|-damage|p1a: Zamazenta|0 fnt
|faint|p1a: Zamazenta
|
|upkeep
|inactive|Fear covraa has 120 seconds left.
|
|t:|1779719880
|switch|p1a: Darkrai|Darkrai|100/100
|-damage|p1a: Darkrai|88/100|[from] Stealth Rock
|turn|18
|
|t:|1779719895
|-terastallize|p2a: Dragapult|Fairy
|move|p2a: Dragapult|Shadow Ball|p1a: Darkrai
|-resisted|p1a: Darkrai
|-damage|p1a: Darkrai|55/100
|move|p1a: Darkrai|Dark Pulse|p2a: Dragapult
|-resisted|p2a: Dragapult
|-damage|p2a: Dragapult|72/100
|
|upkeep
|turn|19
|
|t:|1779719905
|switch|p2a: Kingambit|Kingambit, F|40/100
|-activate|p2a: Kingambit|ability: Supreme Overlord
|-start|p2a: Kingambit|fallen4|[silent]
|move|p1a: Darkrai|Sludge Bomb|p2a: Kingambit
|-immune|p2a: Kingambit
|
|upkeep
|turn|20
|
|t:|1779719912
|move|p1a: Darkrai|Dark Pulse|p2a: Kingambit
|-resisted|p2a: Kingambit
|-damage|p2a: Kingambit|19/100
|move|p2a: Kingambit|Iron Head|p1a: Darkrai
|-damage|p1a: Darkrai|0 fnt
|faint|p1a: Darkrai
|
|upkeep
|
|t:|1779719918
|switch|p1a: Great Tusk|Great Tusk|100/100
|-damage|p1a: Great Tusk|97/100|[from] Stealth Rock
|turn|21
|
|t:|1779719927
|move|p2a: Kingambit|Sucker Punch|p1a: Great Tusk
|-resisted|p1a: Great Tusk
|-damage|p1a: Great Tusk|78/100
|move|p1a: Great Tusk|Headlong Rush|p2a: Kingambit
|-supereffective|p2a: Kingambit
|-damage|p2a: Kingambit|0 fnt
|-unboost|p1a: Great Tusk|def|1
|-unboost|p1a: Great Tusk|spd|1
|faint|p2a: Kingambit
|-end|p2a: Kingambit|fallen4|[silent]
|
|upkeep
|
|t:|1779719932
|switch|p2a: Dragapult|Dragapult, F, tera:Fairy|72/100
|turn|22
|
|t:|1779719935
|-end|p1a: Great Tusk|Protosynthesis|[silent]
|switch|p1a: Thundurus|Thundurus, M|100/100
|-damage|p1a: Thundurus|76/100|[from] Stealth Rock
|move|p2a: Dragapult|Shadow Ball|p1a: Thundurus
|-crit|p1a: Thundurus
|-damage|p1a: Thundurus|0 fnt
|faint|p1a: Thundurus
|
|upkeep
|
|t:|1779719942
|switch|p1a: Great Tusk|Great Tusk|78/100
|-damage|p1a: Great Tusk|75/100|[from] Stealth Rock
|turn|23
|
|t:|1779719946
|move|p2a: Dragapult|Shadow Ball|p1a: Great Tusk
|-damage|p1a: Great Tusk|22/100
|-unboost|p1a: Great Tusk|spd|1
|move|p1a: Great Tusk|Headlong Rush|p2a: Dragapult
|-damage|p2a: Dragapult|0 fnt
|-unboost|p1a: Great Tusk|def|1
|-unboost|p1a: Great Tusk|spd|1
|faint|p2a: Dragapult
|
|win|Fear covraa
|raw|Fear covraa's rating: 1396 &rarr; <strong>1414</strong><br />(+18 for winning)
|raw|A random breaker's rating: 1361 &rarr; <strong>1343</strong><br />(-18 for losing)
|l|☆A random breaker
|player|p2|
|l|☆Fear covraa
|player|p1|
