|j|☆SparkyBoomBoomBoiY
|j|☆greattrainer123
|t:|1779635193
|gametype|singles
|player|p1|SparkyBoomBoomBoiY|marlon|1094
|player|p2|greattrainer123|2|1208
|gen|9
|tier|[Gen 9] OU
|rated|
|rule|HP Percentage Mod: HP is shown in percentages
|rule|Endless Battle Clause: Forcing endless battles is banned
|rule|Species Clause: Limit one of each Pokémon
|rule|OHKO Clause: OHKO moves are banned
|rule|Evasion Items Clause: Evasion items are banned
|rule|Evasion Moves Clause: Evasion moves are banned
|rule|Evasion Abilities Clause: Evasion abilities are banned
|rule|Sleep Moves Clause: Sleep-inducing moves are banned
|clearpoke
|poke|p1|Tornadus-Therian, M|
|poke|p1|Tsareena, F|
|poke|p1|Cramorant, F|
|poke|p1|Cryogonal|
|poke|p1|Grafaiai, M|
|poke|p1|Dragapult, F|
|poke|p2|Lokix, F|
|poke|p2|Barraskewda, M|
|poke|p2|Cinderace, M|
|poke|p2|Forretress, F|
|poke|p2|Milotic, F|
|poke|p2|Iron Crown|
|teampreview
|
|t:|1779635207
|teamsize|p1|6
|teamsize|p2|6
|start
|switch|p1a: Grafaiai|Grafaiai, M|100/100
|switch|p2a: Iron Crown|Iron Crown|100/100
|turn|1
|
|t:|1779635214
|-terastallize|p2a: Iron Crown|Steel
|move|p1a: Grafaiai|Switcheroo|p2a: Iron Crown
|-activate|p1a: Grafaiai|move: Trick|[of] p2a: Iron Crown
|-item|p2a: Iron Crown|Black Sludge|[from] move: Switcheroo
|-item|p1a: Grafaiai|Choice Scarf|[from] move: Switcheroo
|move|p2a: Iron Crown|Tachyon Cutter|p1a: Grafaiai
|-damage|p1a: Grafaiai|54/100
|-damage|p1a: Grafaiai|8/100
|-hitcount|p1a: Grafaiai|2
|
|-damage|p2a: Iron Crown|88/100|[from] item: Black Sludge
|upkeep
|turn|2
|
|t:|1779635226
|move|p1a: Grafaiai|Protect|p1a: Grafaiai
|-singleturn|p1a: Grafaiai|Protect
|move|p2a: Iron Crown|Volt Switch|p1a: Grafaiai
|-activate|p1a: Grafaiai|move: Protect
|
|-damage|p2a: Iron Crown|76/100|[from] item: Black Sludge
|upkeep
|turn|3
|
|t:|1779635244
|switch|p1a: Tsareena|Tsareena, F|100/100
|move|p2a: Iron Crown|Volt Switch|p1a: Tsareena
|-resisted|p1a: Tsareena
|-damage|p1a: Tsareena|85/100
|
|t:|1779635289
|-end|p2a: Iron Crown|Quark Drive|[silent]
|switch|p2a: Cinderace|Cinderace, M|100/100|[from] Volt Switch
|
|upkeep
|turn|4
|
|t:|1779635318
|-terastallize|p1a: Tsareena|Fighting
|move|p1a: Tsareena|High Jump Kick|p2a: Cinderace
|-damage|p2a: Cinderace|13/100
|move|p2a: Cinderace|Pyro Ball|p1a: Tsareena|[miss]
|-miss|p2a: Cinderace|p1a: Tsareena
|
|upkeep
|turn|5
|
|t:|1779635326
|switch|p2a: Forretress|Forretress, F|100/100
|move|p1a: Tsareena|High Jump Kick|p2a: Forretress
|-damage|p2a: Forretress|63/100
|
|-heal|p2a: Forretress|69/100|[from] item: Leftovers
|upkeep
|turn|6
|
|t:|1779635336
|move|p1a: Tsareena|High Jump Kick|p2a: Forretress
|-damage|p2a: Forretress|32/100
|move|p2a: Forretress|Body Press|p1a: Tsareena
|-damage|p1a: Tsareena|45/100
|
|-heal|p2a: Forretress|38/100|[from] item: Leftovers
|upkeep
|turn|7
|
|t:|1779635354
|move|p1a: Tsareena|High Jump Kick|p2a: Forretress
|-damage|p2a: Forretress|2/100
|move|p2a: Forretress|Body Press|p1a: Tsareena
|-damage|p1a: Tsareena|4/100
|
|-heal|p2a: Forretress|8/100|[from] item: Leftovers
|upkeep
|turn|8
|
|t:|1779635363
|move|p1a: Tsareena|High Jump Kick|p2a: Forretress
|-damage|p2a: Forretress|0 fnt
|faint|p2a: Forretress
|
|upkeep
|
|t:|1779635371
|switch|p2a: Cinderace|Cinderace, M|13/100
|turn|9
|
|t:|1779635374
|move|p2a: Cinderace|Sucker Punch||[still]
|cant|p1a: Tsareena|ability: Queenly Majesty|Sucker Punch|[of] p2a: Cinderace
|move|p1a: Tsareena|High Jump Kick|p2a: Cinderace
|-damage|p2a: Cinderace|0 fnt
|faint|p2a: Cinderace
|
|upkeep
|-message|greattrainer123 forfeited.
|
|win|SparkyBoomBoomBoiY
|raw|SparkyBoomBoomBoiY's rating: 1094 &rarr; <strong>1128</strong><br />(+34 for winning)
|raw|greattrainer123's rating: 1208 &rarr; <strong>1175</strong><br />(-33 for losing)
|l|☆greattrainer123
|player|p2|
