|j|☆dang21
|j|☆Cyndaquilled
|t:|1779682634
|gametype|singles
|player|p1|dang21|hilbert-wonderlauncher|1309
|player|p2|Cyndaquilled|2|1363
|gen|9
|tier|[Gen 9] OU
|rated|
|rule|HP Percentage Mod: HP is shown in percentages
|rule|Endless Battle Clause: Forcing endless battles is banned
|rule|Species Clause: Limit one of each Pokémon
|rule|OHKO Clause: OHKO moves are banned
|rule|Evasion Items Clause: Evasion items are banned
|rule|Evasion Moves Clause: Evasion moves are banned
|rule|Evasion Abilities Clause: Evasion abilities are banned
|rule|Sleep Moves Clause: Sleep-inducing moves are banned
|clearpoke
|poke|p1|Gholdengo|
|poke|p1|Kingambit, M|
|poke|p1|Kyurem|
|poke|p1|Primarina, M|
|poke|p1|Ogerpon, F|
|poke|p1|Cinderace, F|
|poke|p2|Garganacl, M|
|poke|p2|Moltres|
|poke|p2|Pecharunt|
|poke|p2|Corviknight, F|
|poke|p2|Dondozo, M|
|poke|p2|Ting-Lu|
|teampreview
|
|t:|1779682664
|teamsize|p1|6
|teamsize|p2|6
|start
|switch|p1a: Ogerpon|Ogerpon, F|100/100
|switch|p2a: Garganacl|Garganacl, M|100/100
|turn|1
|
|t:|1779682671
|move|p1a: Ogerpon|Rock Tomb|p2a: Garganacl
|-damage|p2a: Garganacl|81/100
|-unboost|p2a: Garganacl|spe|1
|move|p2a: Garganacl|Avalanche|p1a: Ogerpon
|-supereffective|p1a: Ogerpon
|-crit|p1a: Ogerpon
|-damage|p1a: Ogerpon|0 fnt
|faint|p1a: Ogerpon
|
|upkeep
|
|t:|1779682680
|switch|p1a: Primarina|Primarina, M|100/100
|turn|2
|
|t:|1779682688
|switch|p2a: Dondozo|Dondozo, M|100/100
|move|p1a: Primarina|Calm Mind|p1a: Primarina
|-boost|p1a: Primarina|spa|1
|-boost|p1a: Primarina|spd|1
|
|upkeep
|turn|3
|
|t:|1779682695
|move|p1a: Primarina|Calm Mind|p1a: Primarina
|-boost|p1a: Primarina|spa|1
|-boost|p1a: Primarina|spd|1
|move|p2a: Dondozo|Earthquake|p1a: Primarina
|-damage|p1a: Primarina|71/100
|
|-heal|p1a: Primarina|77/100|[from] item: Leftovers
|upkeep
|turn|4
|
|t:|1779682701
|switch|p2a: Pecharunt|Pecharunt|100/100
|move|p1a: Primarina|Calm Mind|p1a: Primarina
|-boost|p1a: Primarina|spa|1
|-boost|p1a: Primarina|spd|1
|
|-heal|p1a: Primarina|83/100|[from] item: Leftovers
|upkeep
|turn|5
|
|t:|1779682708
|-terastallize|p1a: Primarina|Water
|move|p2a: Pecharunt|Gunk Shot|p1a: Primarina
|-damage|p1a: Primarina|10/100
|move|p1a: Primarina|Surf|p2a: Pecharunt
|-damage|p2a: Pecharunt|0 fnt
|faint|p2a: Pecharunt
|
|-heal|p1a: Primarina|16/100|[from] item: Leftovers
|upkeep
|
|t:|1779682721
|switch|p2a: Corviknight|Corviknight, F|100/100
|turn|6
|
|t:|1779682728
|move|p2a: Corviknight|Brave Bird|p1a: Primarina
|-damage|p1a: Primarina|0 fnt
|faint|p1a: Primarina
|-damage|p2a: Corviknight|95/100|[from] Recoil
|
|upkeep
|
|t:|1779682737
|switch|p1a: Kyurem|Kyurem|100/100
|-ability|p1a: Kyurem|Pressure
|turn|7
|l|☆Cyndaquilled
|player|p2|
|inactive|Battle timer is ON: inactive players will automatically lose when time's up. (requested by dang21)
|j|☆Cyndaquilled
|inactive|Cyndaquilled reconnected and has 150 seconds left.
|player|p2|Cyndaquilled|2|
|
|t:|1779682770
|switch|p2a: Dondozo|Dondozo, M|100/100
|move|p1a: Kyurem|Freeze-Dry|p2a: Dondozo
|-supereffective|p2a: Dondozo
|-damage|p2a: Dondozo|35/100
|
|upkeep
|turn|8
|
|t:|1779682773
|move|p1a: Kyurem|Freeze-Dry|p2a: Dondozo
|-supereffective|p2a: Dondozo
|-damage|p2a: Dondozo|0 fnt
|faint|p2a: Dondozo
|
|upkeep
|
|t:|1779682778
|switch|p2a: Ting-Lu|Ting-Lu|100/100
|-ability|p2a: Ting-Lu|Vessel of Ruin
|turn|9
|
|t:|1779682787
|switch|p1a: Cinderace|Cinderace, F|100/100
|move|p2a: Ting-Lu|Stone Edge|p1a: Cinderace
|-supereffective|p1a: Cinderace
|-damage|p1a: Cinderace|15/100
|
|upkeep
|turn|10
|
|t:|1779682794
|switch|p2a: Moltres|Moltres|100/100
|move|p1a: Cinderace|U-turn|p2a: Moltres
|-start|p1a: Cinderace|typechange|Bug|[from] ability: Libero
|-resisted|p2a: Moltres
|-crit|p2a: Moltres
|-damage|p2a: Moltres|86/100
|
|t:|1779682801
|switch|p1a: Kyurem|Kyurem|100/100|[from] U-turn
|-ability|p1a: Kyurem|Pressure
|
|upkeep
|turn|11
|
|t:|1779682806
|move|p1a: Kyurem|Draco Meteor|p2a: Moltres
|-damage|p2a: Moltres|0 fnt
|-unboost|p1a: Kyurem|spa|2
|faint|p2a: Moltres
|
|upkeep
|
|t:|1779682812
|switch|p2a: Garganacl|Garganacl, M|81/100
|turn|12
|
|t:|1779682817
|switch|p1a: Kingambit|Kingambit, M|100/100
|-activate|p1a: Kingambit|ability: Supreme Overlord
|-start|p1a: Kingambit|fallen2|[silent]
|move|p2a: Garganacl|Salt Cure|p1a: Kingambit
|-resisted|p1a: Kingambit
|-damage|p1a: Kingambit|94/100
|-start|p1a: Kingambit|Salt Cure
|
|-damage|p1a: Kingambit|69/100|[from] Salt Cure
|upkeep
|turn|13
|
|t:|1779682821
|move|p1a: Kingambit|Swords Dance|p1a: Kingambit
|-boost|p1a: Kingambit|atk|2
|move|p2a: Garganacl|Stealth Rock|p1a: Kingambit
|-sidestart|p1: dang21|move: Stealth Rock
|
|-damage|p1a: Kingambit|44/100|[from] Salt Cure
|upkeep
|turn|14
|
|t:|1779682834
|switch|p2a: Corviknight|Corviknight, F|95/100
|move|p1a: Kingambit|Swords Dance|p1a: Kingambit
|-boost|p1a: Kingambit|atk|2
|
|-damage|p1a: Kingambit|19/100|[from] Salt Cure
|upkeep
|turn|15
|
|t:|1779682841
|switch|p2a: Garganacl|Garganacl, M|81/100
|move|p1a: Kingambit|Sucker Punch||[still]
|-fail|p1a: Kingambit
|
|-damage|p1a: Kingambit|0 fnt|[from] Salt Cure
|faint|p1a: Kingambit
|-end|p1a: Kingambit|fallen2|[silent]
|upkeep
|
|t:|1779682846
|switch|p1a: Cinderace|Cinderace, F|15/100
|turn|16
|
|t:|1779682854
|switch|p2a: Corviknight|Corviknight, F|95/100
|move|p1a: Cinderace|U-turn|p2a: Corviknight
|-start|p1a: Cinderace|typechange|Bug|[from] ability: Libero
|-resisted|p2a: Corviknight
|-damage|p2a: Corviknight|86/100
|
|t:|1779682861
|switch|p1a: Gholdengo|Gholdengo|100/100|[from] U-turn
|-damage|p1a: Gholdengo|94/100|[from] Stealth Rock
|-item|p1a: Gholdengo|Air Balloon
|
|upkeep
|turn|17
|
|t:|1779682873
|move|p2a: Corviknight|U-turn|p1a: Gholdengo
|-resisted|p1a: Gholdengo
|-damage|p1a: Gholdengo|90/100
|-enditem|p1a: Gholdengo|Air Balloon
|
|t:|1779682875
|switch|p2a: Ting-Lu|Ting-Lu|100/100|[from] U-turn
|-ability|p2a: Ting-Lu|Vessel of Ruin
|move|p1a: Gholdengo|Nasty Plot|p1a: Gholdengo
|-boost|p1a: Gholdengo|spa|2
|
|upkeep
|turn|18
|
|t:|1779682880
|move|p1a: Gholdengo|Make It Rain|p2a: Ting-Lu
|-damage|p2a: Ting-Lu|10/100
|-unboost|p1a: Gholdengo|spa|1
|move|p2a: Ting-Lu|Earthquake|p1a: Gholdengo
|-supereffective|p1a: Gholdengo
|-damage|p1a: Gholdengo|9/100
|
|upkeep
|turn|19
|
|t:|1779682888
|move|p1a: Gholdengo|Shadow Ball|p2a: Ting-Lu
|-resisted|p2a: Ting-Lu
|-damage|p2a: Ting-Lu|0 fnt
|faint|p2a: Ting-Lu
|
|upkeep
|
|t:|1779682895
|switch|p2a: Corviknight|Corviknight, F|86/100
|turn|20
|
|t:|1779682904
|move|p2a: Corviknight|Brave Bird|p1a: Gholdengo
|-resisted|p1a: Gholdengo
|-damage|p1a: Gholdengo|0 fnt
|faint|p1a: Gholdengo
|-damage|p2a: Corviknight|83/100|[from] Recoil
|
|upkeep
|
|t:|1779682911
|switch|p1a: Cinderace|Cinderace, F|15/100
|turn|21
|
|t:|1779682918
|move|p2a: Corviknight|Brave Bird|p1a: Cinderace
|-damage|p1a: Cinderace|0 fnt
|faint|p1a: Cinderace
|-damage|p2a: Corviknight|78/100|[from] Recoil
|
|upkeep
|
|t:|1779682920
|switch|p1a: Kyurem|Kyurem|100/100
|-damage|p1a: Kyurem|76/100|[from] Stealth Rock
|-ability|p1a: Kyurem|Pressure
|turn|22
|
|t:|1779682925
|move|p2a: Corviknight|Brave Bird|p1a: Kyurem
|-damage|p1a: Kyurem|32/100
|-damage|p2a: Corviknight|62/100|[from] Recoil
|move|p1a: Kyurem|Ice Beam|p2a: Corviknight
|-damage|p2a: Corviknight|0 fnt
|faint|p2a: Corviknight
|
|upkeep
|
|t:|1779682928
|switch|p2a: Garganacl|Garganacl, M|81/100
|turn|23
|
|t:|1779682932
|move|p1a: Kyurem|Ice Beam|p2a: Garganacl
|-damage|p2a: Garganacl|15/100
|move|p2a: Garganacl|Salt Cure|p1a: Kyurem
|-supereffective|p1a: Kyurem
|-damage|p1a: Kyurem|0 fnt
|faint|p1a: Kyurem
|
|win|Cyndaquilled
|raw|dang21's rating: 1309 &rarr; <strong>1292</strong><br />(-17 for losing)
|raw|Cyndaquilled's rating: 1363 &rarr; <strong>1380</strong><br />(+17 for winning)
|l|☆Cyndaquilled
|player|p2|
|l|☆dang21
|player|p1|
