|j|☆flaresun3
|j|☆kkezs
|t:|1779562357
|gametype|singles
|player|p1|flaresun3|shadowtriad|1321
|player|p2|kkezs|266|1297
|gen|9
|tier|[Gen 9] OU
|rated|
|rule|HP Percentage Mod: HP is shown in percentages
|rule|Endless Battle Clause: Forcing endless battles is banned
|rule|Species Clause: Limit one of each Pokémon
|rule|OHKO Clause: OHKO moves are banned
|rule|Evasion Items Clause: Evasion items are banned
|rule|Evasion Moves Clause: Evasion moves are banned
|rule|Evasion Abilities Clause: Evasion abilities are banned
|rule|Sleep Moves Clause: Sleep-inducing moves are banned
|clearpoke
|poke|p1|Cinderace, M|
|poke|p1|Primarina, F|
|poke|p1|Whimsicott, F|
|poke|p1|Perrserker, M|
|poke|p1|Pawmot, M|
|poke|p1|Espeon, M|
|poke|p2|Garganacl, M|
|poke|p2|Tyranitar, M|
|poke|p2|Gholdengo|
|poke|p2|Kingambit, F|
|poke|p2|Cinderace, F|
|poke|p2|Enamorus, F|
|teampreview
|inactive|Battle timer is ON: inactive players will automatically lose when time's up. (requested by kkezs)
|inactive|flaresun3 also wants the timer to be on.
|
|t:|1779562369
|teamsize|p1|6
|teamsize|p2|6
|start
|switch|p1a: Noelle|Primarina, F|100/100
|switch|p2a: Tyranitar|Tyranitar, M|100/100
|-weather|Sandstorm|[from] ability: Sand Stream|[of] p2a: Tyranitar
|turn|1
|
|t:|1779562376
|switch|p2a: Gholdengo|Gholdengo|100/100
|move|p1a: Noelle|Reflect|p1a: Noelle
|-sidestart|p1: flaresun3|Reflect
|
|-weather|Sandstorm|[upkeep]
|-damage|p1a: Noelle|94/100|[from] Sandstorm
|upkeep
|turn|2
|
|t:|1779562384
|switch|p1a: Asta|Perrserker, M|100/100
|move|p2a: Gholdengo|Shadow Ball|p1a: Asta
|-damage|p1a: Asta|37/100
|
|-weather|Sandstorm|[upkeep]
|upkeep
|turn|3
|
|t:|1779562389
|move|p2a: Gholdengo|Shadow Ball|p1a: Asta
|-damage|p1a: Asta|0 fnt
|faint|p1a: Asta
|
|-weather|Sandstorm|[upkeep]
|upkeep
|
|t:|1779562397
|switch|p1a: Magna|Cinderace, M|100/100
|turn|4
|
|t:|1779562410
|move|p1a: Magna|Sucker Punch|p2a: Gholdengo
|-start|p1a: Magna|typechange|Dark|[from] ability: Libero
|-supereffective|p2a: Gholdengo
|-damage|p2a: Gholdengo|17/100
|move|p2a: Gholdengo|Power Gem|p1a: Magna
|-damage|p1a: Magna|53/100
|
|-weather|Sandstorm|[upkeep]
|-damage|p1a: Magna|47/100|[from] Sandstorm
|upkeep
|turn|5
|
|t:|1779562424
|switch|p2a: Garganacl|Garganacl, M|100/100
|move|p1a: Magna|Pyro Ball|p2a: Garganacl
|-resisted|p2a: Garganacl
|-damage|p2a: Garganacl|84/100
|
|-weather|Sandstorm|[upkeep]
|-damage|p1a: Magna|41/100|[from] Sandstorm
|-heal|p2a: Garganacl|91/100|[from] item: Leftovers
|upkeep
|turn|6
|
|t:|1779562431
|switch|p1a: Charmy|Whimsicott, F|100/100
|move|p2a: Garganacl|Salt Cure|p1a: Charmy
|-damage|p1a: Charmy|92/100
|-start|p1a: Charmy|Salt Cure
|
|-weather|Sandstorm|[upkeep]
|-damage|p1a: Charmy|85/100|[from] Sandstorm
|-heal|p1a: Charmy|92/100|[from] item: Leftovers
|-heal|p2a: Garganacl|97/100|[from] item: Leftovers
|-damage|p1a: Charmy|79/100|[from] Salt Cure
|upkeep
|turn|7
|
|t:|1779562439
|move|p1a: Charmy|Leech Seed|p2a: Garganacl
|-start|p2a: Garganacl|move: Leech Seed
|move|p2a: Garganacl|Salt Cure|p1a: Charmy
|-damage|p1a: Charmy|71/100
|
|-weather|Sandstorm|[upkeep]
|-damage|p1a: Charmy|65/100|[from] Sandstorm
|-heal|p1a: Charmy|71/100|[from] item: Leftovers
|-heal|p2a: Garganacl|100/100|[from] item: Leftovers
|-damage|p2a: Garganacl|88/100|[from] Leech Seed|[of] p1a: Charmy
|-heal|p1a: Charmy|86/100|[silent]
|-damage|p1a: Charmy|74/100|[from] Salt Cure
|upkeep
|turn|8
|
|t:|1779562451
|switch|p1a: Luck|Pawmot, M|100/100
|switch|p2a: Gholdengo|Gholdengo|17/100
|
|-weather|none
|-sideend|p1: flaresun3|Reflect
|upkeep
|turn|9
|
|t:|1779562461
|move|p1a: Luck|Double Shock|p2a: Gholdengo
|-damage|p2a: Gholdengo|0 fnt
|-start|p1a: Luck|typechange|???/Fighting|[from] move: Double Shock
|faint|p2a: Gholdengo
|-damage|p1a: Luck|91/100|[from] item: Life Orb
|
|upkeep
|
|t:|1779562470
|switch|p2a: Cinderace|Cinderace, F|100/100
|turn|10
|
|t:|1779562477
|switch|p1a: Noelle|Primarina, F|94/100
|move|p2a: Cinderace|Acrobatics|p1a: Noelle
|-start|p2a: Cinderace|typechange|Flying|[from] ability: Libero
|-damage|p1a: Noelle|48/100
|
|upkeep
|turn|11
|
|t:|1779562487
|move|p2a: Cinderace|Acrobatics|p1a: Noelle
|-damage|p1a: Noelle|2/100
|move|p1a: Noelle|Reflect|p1a: Noelle
|-sidestart|p1: flaresun3|Reflect
|
|upkeep
|turn|12
|
|t:|1779562492
|move|p2a: Cinderace|Acrobatics|p1a: Noelle
|-damage|p1a: Noelle|0 fnt
|faint|p1a: Noelle
|
|upkeep
|
|t:|1779562494
|switch|p1a: Luck|Pawmot, M|91/100
|turn|13
|
|t:|1779562502
|switch|p2a: Tyranitar|Tyranitar, M|100/100
|-weather|Sandstorm|[from] ability: Sand Stream|[of] p2a: Tyranitar
|move|p1a: Luck|Double Shock|p2a: Tyranitar
|-damage|p2a: Tyranitar|38/100
|-start|p1a: Luck|typechange|???/Fighting|[from] move: Double Shock
|-damage|p1a: Luck|81/100|[from] item: Life Orb
|
|-weather|Sandstorm|[upkeep]
|-damage|p1a: Luck|75/100|[from] Sandstorm
|upkeep
|turn|14
|
|t:|1779562516
|move|p1a: Luck|Close Combat|p2a: Tyranitar
|-supereffective|p2a: Tyranitar
|-damage|p2a: Tyranitar|0 fnt
|-unboost|p1a: Luck|def|1
|-unboost|p1a: Luck|spd|1
|faint|p2a: Tyranitar
|-damage|p1a: Luck|65/100|[from] item: Life Orb
|
|-weather|Sandstorm|[upkeep]
|-damage|p1a: Luck|59/100|[from] Sandstorm
|upkeep
|
|t:|1779562518
|switch|p2a: Enamorus|Enamorus, F|100/100
|turn|15
|
|t:|1779562524
|switch|p1a: Gauche|Espeon, M|100/100
|move|p2a: Enamorus|Moonblast|p1a: Gauche
|-damage|p1a: Gauche|31/100
|
|-weather|Sandstorm|[upkeep]
|-damage|p1a: Gauche|26/100|[from] Sandstorm
|-damage|p2a: Enamorus|94/100|[from] Sandstorm
|upkeep
|turn|16
|
|t:|1779562529
|move|p1a: Gauche|Psychic|p2a: Enamorus
|-damage|p2a: Enamorus|32/100
|move|p2a: Enamorus|Moonblast|p1a: Gauche
|-damage|p1a: Gauche|0 fnt
|faint|p1a: Gauche
|
|-weather|Sandstorm|[upkeep]
|-damage|p2a: Enamorus|26/100|[from] Sandstorm
|upkeep
|
|t:|1779562537
|switch|p1a: Magna|Cinderace, M|41/100
|turn|17
|
|t:|1779562543
|move|p1a: Magna|Pyro Ball|p2a: Enamorus
|-crit|p2a: Enamorus
|-damage|p2a: Enamorus|0 fnt
|faint|p2a: Enamorus
|
|-weather|Sandstorm|[upkeep]
|-damage|p1a: Magna|35/100|[from] Sandstorm
|upkeep
|
|t:|1779562555
|switch|p2a: Garganacl|Garganacl, M|88/100
|turn|18
|
|t:|1779562560
|move|p1a: Magna|High Jump Kick|p2a: Garganacl
|-start|p1a: Magna|typechange|Fighting|[from] ability: Libero
|-supereffective|p2a: Garganacl
|-damage|p2a: Garganacl|0 fnt
|faint|p2a: Garganacl
|
|-weather|Sandstorm|[upkeep]
|-damage|p1a: Magna|29/100|[from] Sandstorm
|-sideend|p1: flaresun3|Reflect
|upkeep
|
|t:|1779562565
|switch|p2a: Cinderace|Cinderace, F|100/100
|turn|19
|
|t:|1779562572
|move|p2a: Cinderace|Acrobatics|p1a: Magna
|-start|p2a: Cinderace|typechange|Flying|[from] ability: Libero
|-supereffective|p1a: Magna
|-damage|p1a: Magna|0 fnt
|faint|p1a: Magna
|
|-weather|Sandstorm|[upkeep]
|-damage|p2a: Cinderace|95/100|[from] Sandstorm
|upkeep
|
|t:|1779562577
|switch|p1a: Luck|Pawmot, M|59/100
|turn|20
|
|t:|1779562585
|-terastallize|p2a: Cinderace|Flying
|move|p1a: Luck|Fake Out|p2a: Cinderace
|-damage|p2a: Cinderace|72/100
|-damage|p1a: Luck|49/100|[from] item: Life Orb
|cant|p2a: Cinderace|flinch
|
|-weather|none
|upkeep
|turn|21
|
|t:|1779562589
|-terastallize|p1a: Luck|Electric
|move|p2a: Cinderace|Acrobatics|p1a: Luck
|-resisted|p1a: Luck
|-damage|p1a: Luck|0 fnt
|faint|p1a: Luck
|
|upkeep
|
|t:|1779562593
|switch|p1a: Charmy|Whimsicott, F|74/100
|turn|22
|
|t:|1779562595
|move|p1a: Charmy|Cotton Guard|p1a: Charmy
|-boost|p1a: Charmy|def|3
|move|p2a: Cinderace|Acrobatics|p1a: Charmy
|-supereffective|p1a: Charmy
|-damage|p1a: Charmy|1/100
|
|-heal|p1a: Charmy|7/100|[from] item: Leftovers
|upkeep
|turn|23
|
|t:|1779562600
|move|p2a: Cinderace|Acrobatics|p1a: Charmy
|-supereffective|p1a: Charmy
|-damage|p1a: Charmy|0 fnt
|faint|p1a: Charmy
|
|win|kkezs
|raw|flaresun3's rating: 1321 &rarr; <strong>1300</strong><br />(-21 for losing)
|raw|kkezs's rating: 1297 &rarr; <strong>1324</strong><br />(+27 for winning)
|l|☆kkezs
|player|p2|
|c|☆flaresun3|gg
|l|☆flaresun3
|player|p1|
