|j|☆mayankreddy_8
|j|☆haricane
|t:|1779639302
|gametype|singles
|player|p1|mayankreddy_8|red|1293
|player|p2|haricane|hilbert|1347
|gen|9
|tier|[Gen 9] OU
|rated|
|rule|HP Percentage Mod: HP is shown in percentages
|rule|Endless Battle Clause: Forcing endless battles is banned
|rule|Species Clause: Limit one of each Pokémon
|rule|OHKO Clause: OHKO moves are banned
|rule|Evasion Items Clause: Evasion items are banned
|rule|Evasion Moves Clause: Evasion moves are banned
|rule|Evasion Abilities Clause: Evasion abilities are banned
|rule|Sleep Moves Clause: Sleep-inducing moves are banned
|clearpoke
|poke|p1|Kingambit, M|
|poke|p1|Cinderace, M|
|poke|p1|Garchomp, F|
|poke|p1|Metagross|
|poke|p1|Iron Valiant|
|poke|p1|Moltres|
|poke|p2|Iron Thorns|
|poke|p2|Dragapult, M|
|poke|p2|Latias, F|
|poke|p2|Pawmot, M|
|poke|p2|Noivern, M|
|poke|p2|Armarouge, M|
|teampreview
|inactive|Battle timer is ON: inactive players will automatically lose when time's up. (requested by mayankreddy_8)
|
|t:|1779639364
|teamsize|p1|6
|teamsize|p2|6
|start
|switch|p1a: Cinderace|Cinderace, M, shiny|100/100
|switch|p2a: Iron Thorns|Iron Thorns, shiny|100/100
|-enditem|p2a: Iron Thorns|Booster Energy
|-activate|p2a: Iron Thorns|ability: Quark Drive|[fromitem]
|-start|p2a: Iron Thorns|quarkdriveatk
|turn|1
|
|t:|1779639384
|move|p1a: Cinderace|High Jump Kick|p2a: Iron Thorns
|-start|p1a: Cinderace|typechange|Fighting|[from] ability: Libero
|-supereffective|p2a: Iron Thorns
|-damage|p2a: Iron Thorns|0 fnt
|faint|p2a: Iron Thorns
|-end|p2a: Iron Thorns|Quark Drive|[silent]
|
|upkeep
|
|t:|1779639391
|switch|p2a: Latias|Latias, F|100/100
|turn|2
|
|t:|1779639403
|switch|p1a: Metagross|Metagross, shiny|100/100
|move|p2a: Latias|Agility|p2a: Latias
|-boost|p2a: Latias|spe|2
|
|upkeep
|turn|3
|inactive|haricane has 120 seconds left.
|inactive|haricane has 90 seconds left.
|
|t:|1779639464
|move|p2a: Latias|Shadow Ball|p1a: Metagross
|-supereffective|p1a: Metagross
|-damage|p1a: Metagross|58/100
|move|p1a: Metagross|Ice Punch|p2a: Latias
|-supereffective|p2a: Latias
|-damage|p2a: Latias|25/100
|-enditem|p2a: Latias|Weakness Policy
|-boost|p2a: Latias|atk|2|[from] item: Weakness Policy
|-boost|p2a: Latias|spa|2|[from] item: Weakness Policy
|
|upkeep
|turn|4
|
|t:|1779639476
|move|p1a: Metagross|Bullet Punch|p2a: Latias
|-damage|p2a: Latias|0 fnt
|faint|p2a: Latias
|
|upkeep
|
|t:|1779639481
|switch|p2a: Noivern|Noivern, M|100/100
|-item|p1a: Metagross|Assault Vest|[from] ability: Frisk|[of] p2a: Noivern
|turn|5
|
|t:|1779639486
|move|p2a: Noivern|Flamethrower|p1a: Metagross
|-supereffective|p1a: Metagross
|-damage|p1a: Metagross|14/100
|-status|p1a: Metagross|brn
|move|p1a: Metagross|Ice Punch|p2a: Noivern
|-supereffective|p2a: Noivern
|-damage|p2a: Noivern|33/100
|
|-damage|p1a: Metagross|8/100 brn|[from] brn
|upkeep
|turn|6
|
|t:|1779639495
|switch|p2a: Armarouge|Armarouge, M, shiny|100/100
|move|p1a: Metagross|Bullet Punch|p2a: Armarouge
|-resisted|p2a: Armarouge
|-damage|p2a: Armarouge|95/100
|-ability|p2a: Armarouge|Weak Armor|boost
|-unboost|p2a: Armarouge|def|1
|-boost|p2a: Armarouge|spe|2
|
|-damage|p1a: Metagross|2/100 brn|[from] brn
|upkeep
|turn|7
|
|t:|1779639507
|move|p2a: Armarouge|Armor Cannon|p1a: Metagross
|-supereffective|p1a: Metagross
|-damage|p1a: Metagross|0 fnt
|-unboost|p2a: Armarouge|def|1
|-unboost|p2a: Armarouge|spd|1
|faint|p1a: Metagross
|
|upkeep
|
|t:|1779639518
|switch|p1a: Moltres|Moltres, shiny|100/100
|turn|8
|
|t:|1779639523
|move|p2a: Armarouge|Destiny Bond|p2a: Armarouge
|-singlemove|p2a: Armarouge|Destiny Bond
|move|p1a: Moltres|Scorching Sands|p2a: Armarouge
|-supereffective|p2a: Armarouge
|-damage|p2a: Armarouge|12/100
|
|upkeep
|turn|9
|-enditem|p2a: Armarouge|Custap Berry|[eat]
|-activate|p2a: Armarouge|item: Custap Berry|[consumed]
|
|t:|1779639533
|move|p2a: Armarouge|Stored Power|p1a: Moltres
|-damage|p1a: Moltres|62/100
|move|p1a: Moltres|Scorching Sands|p2a: Armarouge
|-supereffective|p2a: Armarouge
|-damage|p2a: Armarouge|0 fnt
|faint|p2a: Armarouge
|
|upkeep
|
|t:|1779639543
|switch|p2a: Noivern|Noivern, M|33/100
|-item|p1a: Moltres|Heavy-Duty Boots|[from] ability: Frisk|[of] p2a: Noivern
|turn|10
|
|t:|1779639549
|move|p2a: Noivern|Switcheroo|p1a: Moltres
|-activate|p2a: Noivern|move: Trick|[of] p1a: Moltres
|-item|p1a: Moltres|Choice Specs|[from] move: Switcheroo
|-item|p2a: Noivern|Heavy-Duty Boots|[from] move: Switcheroo
|move|p1a: Moltres|Hurricane|p2a: Noivern|[miss]
|-miss|p1a: Moltres|p2a: Noivern
|
|upkeep
|turn|11
|
|t:|1779639558
|move|p2a: Noivern|Psychic|p1a: Moltres
|-damage|p1a: Moltres|38/100
|-unboost|p1a: Moltres|spd|1
|move|p1a: Moltres|Hurricane|p2a: Noivern
|-damage|p2a: Noivern|0 fnt
|faint|p2a: Noivern
|
|upkeep
|
|t:|1779639568
|switch|p2a: Dragapult|Dragapult, M|100/100
|turn|12
|
|t:|1779639571
|move|p2a: Dragapult|Dragon Darts|p1a: Moltres
|-damage|p1a: Moltres|11/100
|-anim|p2a: Dragapult|Dragon Darts|p1a: Moltres
|-damage|p1a: Moltres|0 fnt
|faint|p1a: Moltres
|
|upkeep
|
|t:|1779639585
|switch|p1a: Iron Valiant|Iron Valiant|100/100
|-enditem|p1a: Iron Valiant|Booster Energy
|-activate|p1a: Iron Valiant|ability: Quark Drive|[fromitem]
|-start|p1a: Iron Valiant|quarkdrivespe
|turn|13
|
|t:|1779639592
|-terastallize|p2a: Dragapult|Fairy
|move|p1a: Iron Valiant|Spirit Break|p2a: Dragapult
|-damage|p2a: Dragapult|45/100
|-unboost|p2a: Dragapult|spa|1
|-enditem|p2a: Dragapult|Red Card|[of] p1a: Iron Valiant
|-end|p1a: Iron Valiant|Quark Drive|[silent]
|drag|p1a: Kingambit|Kingambit, M, shiny|100/100
|-activate|p1a: Kingambit|ability: Supreme Overlord
|-start|p1a: Kingambit|fallen2|[silent]
|move|p2a: Dragapult|Dragon Dance|p2a: Dragapult
|-boost|p2a: Dragapult|atk|1
|-boost|p2a: Dragapult|spe|1
|
|upkeep
|turn|14
|
|t:|1779639608
|move|p2a: Dragapult|Phantom Force||[still]
|-prepare|p2a: Dragapult|Phantom Force
|move|p1a: Kingambit|Iron Head|p2a: Dragapult|[miss]
|-miss|p1a: Kingambit|p2a: Dragapult
|
|upkeep
|turn|15
|
|t:|1779639617
|move|p2a: Dragapult|Phantom Force|p1a: Kingambit|[from] lockedmove
|-resisted|p1a: Kingambit
|-damage|p1a: Kingambit|77/100
|move|p1a: Kingambit|Iron Head|p2a: Dragapult
|-supereffective|p2a: Dragapult
|-damage|p2a: Dragapult|0 fnt
|faint|p2a: Dragapult
|
|-heal|p1a: Kingambit|84/100|[from] item: Leftovers
|upkeep
|
|t:|1779639625
|switch|p2a: Pawmot|Pawmot, M, shiny|100/100
|turn|16
|
|t:|1779639640
|-end|p1a: Kingambit|fallen2|[silent]
|switch|p1a: Garchomp|Garchomp, F|100/100
|move|p2a: Pawmot|Revival Blessing|p2a: Pawmot
|-enditem|p2a: Pawmot|Leppa Berry|[eat]
|-activate|p2a: Pawmot|item: Leppa Berry|Revival Blessing|[consumed]
|inactive|haricane has 120 seconds left.
|
|t:|1779639681
|-heal|p2: Armarouge|50/100|[from] move: Revival Blessing
|
|upkeep
|turn|17
|inactive|mayankreddy_8 has 120 seconds left.
|
|t:|1779639715
|move|p2a: Pawmot|Ice Punch|p1a: Garchomp
|-supereffective|p1a: Garchomp
|-damage|p1a: Garchomp|0 fnt
|-damage|p2a: Pawmot|88/100|[from] ability: Rough Skin|[of] p1a: Garchomp
|-damage|p2a: Pawmot|72/100|[from] item: Rocky Helmet|[of] p1a: Garchomp
|faint|p1a: Garchomp
|
|upkeep
|inactive|mayankreddy_8 has 120 seconds left.
|
|t:|1779639722
|switch|p1a: Cinderace|Cinderace, M, shiny|100/100
|turn|18
|
|t:|1779639726
|switch|p2a: Armarouge|Armarouge, M, shiny|50/100
|move|p1a: Cinderace|High Jump Kick|p2a: Armarouge
|-start|p1a: Cinderace|typechange|Fighting|[from] ability: Libero
|-resisted|p2a: Armarouge
|-damage|p2a: Armarouge|24/100
|-ability|p2a: Armarouge|Weak Armor|boost
|-unboost|p2a: Armarouge|def|1
|-boost|p2a: Armarouge|spe|2
|
|upkeep
|turn|19
|
|t:|1779639741
|move|p2a: Armarouge|Endure|p2a: Armarouge
|-singleturn|p2a: Armarouge|move: Endure
|move|p1a: Cinderace|High Jump Kick|p2a: Armarouge
|-resisted|p2a: Armarouge
|-activate|p2a: Armarouge|move: Endure
|-damage|p2a: Armarouge|1/100
|-ability|p2a: Armarouge|Weak Armor|boost
|-unboost|p2a: Armarouge|def|1
|-boost|p2a: Armarouge|spe|2
|
|upkeep
|turn|20
|
|t:|1779639750
|move|p2a: Armarouge|Stored Power|p1a: Cinderace
|-supereffective|p1a: Cinderace
|-damage|p1a: Cinderace|0 fnt
|faint|p1a: Cinderace
|
|upkeep
|
|t:|1779639755
|switch|p1a: Iron Valiant|Iron Valiant|100/100
|turn|21
|
|t:|1779639761
|move|p1a: Iron Valiant|Shadow Sneak|p2a: Armarouge
|-supereffective|p2a: Armarouge
|-damage|p2a: Armarouge|0 fnt
|faint|p2a: Armarouge
|
|upkeep
|
|t:|1779639765
|switch|p2a: Pawmot|Pawmot, M, shiny|72/100
|turn|22
|
|t:|1779639774
|-terastallize|p1a: Iron Valiant|Fairy
|move|p1a: Iron Valiant|Spirit Break|p2a: Pawmot
|-supereffective|p2a: Pawmot
|-damage|p2a: Pawmot|0 fnt
|faint|p2a: Pawmot
|
|win|mayankreddy_8
|raw|mayankreddy_8's rating: 1293 &rarr; <strong>1322</strong><br />(+29 for winning)
|raw|haricane's rating: 1347 &rarr; <strong>1324</strong><br />(-23 for losing)
|l|☆haricane
|player|p2|
|l|☆mayankreddy_8
|player|p1|
