|j|☆Lukas21
|j|☆Motleystew
|t:|1779634862
|gametype|singles
|player|p1|Lukas21|265|1126
|player|p2|Motleystew|biker|1133
|gen|9
|tier|[Gen 9] OU
|rated|
|rule|HP Percentage Mod: HP is shown in percentages
|rule|Endless Battle Clause: Forcing endless battles is banned
|rule|Species Clause: Limit one of each Pokémon
|rule|OHKO Clause: OHKO moves are banned
|rule|Evasion Items Clause: Evasion items are banned
|rule|Evasion Moves Clause: Evasion moves are banned
|rule|Evasion Abilities Clause: Evasion abilities are banned
|rule|Sleep Moves Clause: Sleep-inducing moves are banned
|clearpoke
|poke|p1|Scyther, F|
|poke|p1|Incineroar, F|
|poke|p1|Eelektross, F|
|poke|p1|Glimmora, M|
|poke|p1|Copperajah, F|
|poke|p1|Hydrapple, F|
|poke|p2|Quaquaval, F|
|poke|p2|Ogerpon-Cornerstone, F|
|poke|p2|Grimmsnarl, M|
|poke|p2|Salazzle, F|
|poke|p2|Blaziken, M|
|poke|p2|Reuniclus, F|
|teampreview
|inactive|Battle timer is ON: inactive players will automatically lose when time's up. (requested by Motleystew)
|
|t:|1779634876
|teamsize|p1|6
|teamsize|p2|6
|start
|switch|p1a: Copperajah|Copperajah, F|100/100
|switch|p2a: Grimmsnarl|Grimmsnarl, M|100/100
|turn|1
|
|t:|1779634882
|move|p2a: Grimmsnarl|Parting Shot|p1a: Copperajah
|-unboost|p1a: Copperajah|atk|1
|-unboost|p1a: Copperajah|spa|1
|
|t:|1779634885
|switch|p2a: Salazzle|Salazzle, F, shiny|100/100|[from] Parting Shot
|move|p1a: Copperajah|Play Rough|p2a: Salazzle
|-resisted|p2a: Salazzle
|-damage|p2a: Salazzle|89/100
|
|upkeep
|turn|2
|
|t:|1779634895
|switch|p1a: Glimmora|Glimmora, M|100/100
|-item|p1a: Glimmora|Air Balloon
|move|p2a: Salazzle|Protect||[still]
|-fail|p2a: Salazzle
|
|upkeep
|turn|3
|
|t:|1779634902
|move|p2a: Salazzle|Toxic|p1a: Glimmora
|-status|p1a: Glimmora|tox
|move|p1a: Glimmora|Power Gem|p2a: Salazzle
|-supereffective|p2a: Salazzle
|-damage|p2a: Salazzle|0 fnt
|faint|p2a: Salazzle
|
|-damage|p1a: Glimmora|94/100 tox|[from] psn
|upkeep
|
|t:|1779634912
|switch|p2a: Reuniclus|Reuniclus, F|100/100
|turn|4
|
|t:|1779634918
|move|p1a: Glimmora|Mortal Spin|p2a: Reuniclus
|-damage|p2a: Reuniclus|95/100
|-status|p2a: Reuniclus|psn
|move|p2a: Reuniclus|Calm Mind|p2a: Reuniclus
|-boost|p2a: Reuniclus|spa|1
|-boost|p2a: Reuniclus|spd|1
|
|-heal|p2a: Reuniclus|100/100 psn|[from] item: Leftovers
|-damage|p1a: Glimmora|82/100 tox|[from] psn
|upkeep
|turn|5
|
|t:|1779634930
|switch|p1a: Incineroar|Incineroar, F|100/100
|-ability|p1a: Incineroar|Intimidate|boost
|-unboost|p2a: Reuniclus|atk|1
|move|p2a: Reuniclus|Acid Armor|p2a: Reuniclus
|-boost|p2a: Reuniclus|def|2
|
|upkeep
|turn|6
|
|t:|1779634939
|-terastallize|p1a: Incineroar|Fire
|-terastallize|p2a: Reuniclus|Fairy
|move|p1a: Incineroar|Darkest Lariat|p2a: Reuniclus
|-resisted|p2a: Reuniclus
|-damage|p2a: Reuniclus|82/100 psn
|move|p2a: Reuniclus|Calm Mind|p2a: Reuniclus
|-boost|p2a: Reuniclus|spa|1
|-boost|p2a: Reuniclus|spd|1
|
|-heal|p2a: Reuniclus|88/100 psn|[from] item: Leftovers
|upkeep
|turn|7
|
|t:|1779634953
|move|p1a: Incineroar|Parting Shot|p2a: Reuniclus
|-unboost|p2a: Reuniclus|atk|1
|-unboost|p2a: Reuniclus|spa|1
|
|t:|1779634956
|switch|p1a: Copperajah|Copperajah, F|100/100|[from] Parting Shot
|move|p2a: Reuniclus|Acid Armor|p2a: Reuniclus
|-boost|p2a: Reuniclus|def|2
|
|-heal|p2a: Reuniclus|94/100 psn|[from] item: Leftovers
|upkeep
|turn|8
|
|t:|1779634965
|move|p2a: Reuniclus|Stored Power|p1a: Copperajah
|-resisted|p1a: Copperajah
|-damage|p1a: Copperajah|45/100
|move|p1a: Copperajah|Whirlwind|p2a: Reuniclus
|drag|p2a: Blaziken|Blaziken, M|100/100
|
|-heal|p1a: Copperajah|51/100|[from] item: Leftovers
|upkeep
|turn|9
|
|t:|1779634975
|switch|p1a: Incineroar|Incineroar, F, tera:Fire|100/100
|-ability|p1a: Incineroar|Intimidate|boost
|-unboost|p2a: Blaziken|atk|1
|move|p2a: Blaziken|Swords Dance|p2a: Blaziken
|-boost|p2a: Blaziken|atk|2
|
|-ability|p2a: Blaziken|Speed Boost|boost
|-boost|p2a: Blaziken|spe|1
|upkeep
|turn|10
|
|t:|1779634985
|move|p2a: Blaziken|Protect|p2a: Blaziken
|-singleturn|p2a: Blaziken|Protect
|move|p1a: Incineroar|Fake Out|p2a: Blaziken
|-activate|p2a: Blaziken|move: Protect
|
|-ability|p2a: Blaziken|Speed Boost|boost
|-boost|p2a: Blaziken|spe|1
|upkeep
|turn|11
|
|t:|1779634997
|move|p2a: Blaziken|Swords Dance|p2a: Blaziken
|-boost|p2a: Blaziken|atk|2
|move|p1a: Incineroar|Parting Shot|p2a: Blaziken
|-unboost|p2a: Blaziken|atk|1
|-unboost|p2a: Blaziken|spa|1
|
|t:|1779635002
|switch|p1a: Hydrapple|Hydrapple, F|100/100|[from] Parting Shot
|
|-ability|p2a: Blaziken|Speed Boost|boost
|-boost|p2a: Blaziken|spe|1
|upkeep
|turn|12
|
|t:|1779635009
|move|p2a: Blaziken|Swords Dance|p2a: Blaziken
|-boost|p2a: Blaziken|atk|2
|move|p1a: Hydrapple|Earth Power|p2a: Blaziken
|-supereffective|p2a: Blaziken
|-enditem|p2a: Blaziken|Focus Sash
|-damage|p2a: Blaziken|1/100
|-damage|p1a: Hydrapple|91/100|[from] item: Life Orb
|
|-ability|p2a: Blaziken|Speed Boost|boost
|-boost|p2a: Blaziken|spe|1
|upkeep
|turn|13
|
|t:|1779635019
|move|p2a: Blaziken|Close Combat|p1a: Hydrapple
|-damage|p1a: Hydrapple|0 fnt
|-unboost|p2a: Blaziken|def|1
|-unboost|p2a: Blaziken|spd|1
|faint|p1a: Hydrapple
|
|-ability|p2a: Blaziken|Speed Boost|boost
|-boost|p2a: Blaziken|spe|1
|upkeep
|
|t:|1779635027
|switch|p1a: Scyther|Scyther, F|100/100
|turn|14
|
|t:|1779635031
|move|p2a: Blaziken|Protect|p2a: Blaziken
|-singleturn|p2a: Blaziken|Protect
|move|p1a: Scyther|Quick Attack|p2a: Blaziken
|-activate|p2a: Blaziken|move: Protect
|
|-ability|p2a: Blaziken|Speed Boost|boost
|-boost|p2a: Blaziken|spe|1
|upkeep
|turn|15
|
|t:|1779635041
|switch|p2a: Grimmsnarl|Grimmsnarl, M|100/100
|move|p1a: Scyther|Quick Attack|p2a: Grimmsnarl
|-damage|p2a: Grimmsnarl|82/100
|
|upkeep
|turn|16
|
|t:|1779635047
|switch|p1a: Glimmora|Glimmora, M|82/100 tox
|-item|p1a: Glimmora|Air Balloon
|move|p2a: Grimmsnarl|Reflect|p2a: Grimmsnarl
|-sidestart|p2: Motleystew|Reflect
|
|-damage|p1a: Glimmora|76/100 tox|[from] psn
|upkeep
|turn|17
|
|t:|1779635055
|move|p2a: Grimmsnarl|Parting Shot|p1a: Glimmora
|-unboost|p1a: Glimmora|atk|1
|-unboost|p1a: Glimmora|spa|1
|
|t:|1779635059
|switch|p2a: Reuniclus|Reuniclus, F, tera:Fairy|94/100 psn|[from] Parting Shot
|move|p1a: Glimmora|Sludge Wave|p2a: Reuniclus
|-supereffective|p2a: Reuniclus
|-damage|p2a: Reuniclus|48/100 psn
|
|-heal|p2a: Reuniclus|54/100 psn|[from] item: Leftovers
|-damage|p1a: Glimmora|63/100 tox|[from] psn
|upkeep
|turn|18
|
|t:|1779635069
|switch|p1a: Copperajah|Copperajah, F|51/100
|move|p2a: Reuniclus|Calm Mind|p2a: Reuniclus
|-boost|p2a: Reuniclus|spa|1
|-boost|p2a: Reuniclus|spd|1
|
|-heal|p2a: Reuniclus|60/100 psn|[from] item: Leftovers
|-heal|p1a: Copperajah|57/100|[from] item: Leftovers
|upkeep
|turn|19
|
|t:|1779635078
|move|p2a: Reuniclus|Stored Power|p1a: Copperajah
|-resisted|p1a: Copperajah
|-damage|p1a: Copperajah|38/100
|move|p1a: Copperajah|Iron Head|p2a: Reuniclus
|-supereffective|p2a: Reuniclus
|-damage|p2a: Reuniclus|14/100 psn
|
|-heal|p2a: Reuniclus|20/100 psn|[from] item: Leftovers
|-heal|p1a: Copperajah|44/100|[from] item: Leftovers
|upkeep
|turn|20
|
|t:|1779635087
|move|p2a: Reuniclus|Stored Power|p1a: Copperajah
|-resisted|p1a: Copperajah
|-damage|p1a: Copperajah|25/100
|move|p1a: Copperajah|Iron Head|p2a: Reuniclus
|-supereffective|p2a: Reuniclus
|-damage|p2a: Reuniclus|0 fnt
|faint|p2a: Reuniclus
|
|-heal|p1a: Copperajah|31/100|[from] item: Leftovers
|upkeep
|
|t:|1779635098
|switch|p2a: Quaquaval|Quaquaval, F|100/100
|turn|21
|inactive|Lukas21 has 120 seconds left.
|
|t:|1779635129
|move|p2a: Quaquaval|Aqua Step|p1a: Copperajah
|-damage|p1a: Copperajah|0 fnt
|-boost|p2a: Quaquaval|spe|1
|faint|p1a: Copperajah
|-ability|p2a: Quaquaval|Moxie|boost
|-boost|p2a: Quaquaval|atk|1
|
|upkeep
|inactive|Lukas21 has 120 seconds left.
|
|t:|1779635136
|switch|p1a: Eelektross|Eelektross, F|100/100
|turn|22
|
|t:|1779635141
|move|p2a: Quaquaval|Knock Off|p1a: Eelektross
|-damage|p1a: Eelektross|49/100
|-enditem|p1a: Eelektross|Assault Vest|[from] move: Knock Off|[of] p2a: Quaquaval
|move|p1a: Eelektross|Giga Drain|p2a: Quaquaval
|-supereffective|p2a: Quaquaval
|-damage|p2a: Quaquaval|43/100
|-heal|p1a: Eelektross|78/100|[from] drain|[of] p2a: Quaquaval
|
|upkeep
|turn|23
|
|t:|1779635151
|move|p2a: Quaquaval|Ice Spinner|p1a: Eelektross
|-damage|p1a: Eelektross|39/100
|move|p1a: Eelektross|Discharge|p2a: Quaquaval
|-supereffective|p2a: Quaquaval
|-damage|p2a: Quaquaval|0 fnt
|faint|p2a: Quaquaval
|
|-sideend|p2: Motleystew|Reflect
|upkeep
|
|t:|1779635162
|switch|p2a: Ogerpon|Ogerpon-Cornerstone, F|100/100
|turn|24
|
|t:|1779635167
|move|p2a: Ogerpon|Ivy Cudgel|p1a: Eelektross|[anim] Ivy Cudgel Rock
|-crit|p1a: Eelektross
|-damage|p1a: Eelektross|0 fnt
|faint|p1a: Eelektross
|
|upkeep
|
|t:|1779635175
|switch|p1a: Incineroar|Incineroar, F, tera:Fire|100/100
|-ability|p1a: Incineroar|Intimidate|boost
|-unboost|p2a: Ogerpon|atk|1
|turn|25
|
|t:|1779635181
|move|p2a: Ogerpon|Spiky Shield|p2a: Ogerpon
|-singleturn|p2a: Ogerpon|move: Protect
|move|p1a: Incineroar|Fake Out|p2a: Ogerpon
|-activate|p2a: Ogerpon|move: Protect
|-damage|p1a: Incineroar|88/100|[from] Spiky Shield|[of] p2a: Ogerpon
|
|upkeep
|turn|26
|
|t:|1779635191
|move|p1a: Incineroar|Parting Shot|p2a: Ogerpon
|-unboost|p2a: Ogerpon|atk|1
|-unboost|p2a: Ogerpon|spa|1
|
|t:|1779635194
|switch|p1a: Glimmora|Glimmora, M|63/100 tox|[from] Parting Shot
|-item|p1a: Glimmora|Air Balloon
|move|p2a: Ogerpon|Counter||[still]
|-fail|p2a: Ogerpon
|
|-damage|p1a: Glimmora|57/100 tox|[from] psn
|upkeep
|turn|27
|
|t:|1779635206
|switch|p2a: Grimmsnarl|Grimmsnarl, M|82/100
|move|p1a: Glimmora|Sludge Wave|p2a: Grimmsnarl
|-supereffective|p2a: Grimmsnarl
|-damage|p2a: Grimmsnarl|0 fnt
|faint|p2a: Grimmsnarl
|
|-damage|p1a: Glimmora|45/100 tox|[from] psn
|upkeep
|
|t:|1779635217
|switch|p2a: Blaziken|Blaziken, M|1/100
|turn|28
|
|t:|1779635225
|switch|p1a: Scyther|Scyther, F|100/100
|move|p2a: Blaziken|Protect||[still]
|-fail|p2a: Blaziken
|
|-ability|p2a: Blaziken|Speed Boost|boost
|-boost|p2a: Blaziken|spe|1
|upkeep
|turn|29
|
|t:|1779635233
|switch|p2a: Ogerpon|Ogerpon-Cornerstone, F|100/100
|move|p1a: Scyther|Swords Dance|p1a: Scyther
|-boost|p1a: Scyther|atk|2
|
|upkeep
|turn|30
|
|t:|1779635243
|move|p2a: Ogerpon|Ivy Cudgel|p1a: Scyther|[anim] Ivy Cudgel Rock
|-supereffective|p1a: Scyther
|-damage|p1a: Scyther|0 fnt
|faint|p1a: Scyther
|
|upkeep
|
|t:|1779635248
|switch|p1a: Incineroar|Incineroar, F, tera:Fire|88/100
|-ability|p1a: Incineroar|Intimidate|boost
|-unboost|p2a: Ogerpon|atk|1
|turn|31
|
|t:|1779635253
|move|p2a: Ogerpon|Spiky Shield|p2a: Ogerpon
|-singleturn|p2a: Ogerpon|move: Protect
|move|p1a: Incineroar|Parting Shot|p2a: Ogerpon
|-activate|p2a: Ogerpon|move: Protect
|
|upkeep
|turn|32
|
|t:|1779635264
|move|p1a: Incineroar|Flare Blitz|p2a: Ogerpon
|-ability|p2a: Ogerpon|Sturdy
|-damage|p2a: Ogerpon|1/100
|-status|p2a: Ogerpon|brn
|-damage|p1a: Incineroar|60/100|[from] Recoil
|move|p2a: Ogerpon|Counter|p1a: Incineroar
|-damage|p1a: Incineroar|0 fnt
|faint|p1a: Incineroar
|
|-damage|p2a: Ogerpon|0 fnt|[from] brn
|faint|p2a: Ogerpon
|upkeep
|
|t:|1779635277
|switch|p2a: Blaziken|Blaziken, M|1/100
|switch|p1a: Glimmora|Glimmora, M|45/100 tox
|-item|p1a: Glimmora|Air Balloon
|turn|33
|
|t:|1779635284
|move|p2a: Blaziken|Protect|p2a: Blaziken
|-singleturn|p2a: Blaziken|Protect
|move|p1a: Glimmora|Power Gem|p2a: Blaziken
|-activate|p2a: Blaziken|move: Protect
|
|-damage|p1a: Glimmora|39/100 tox|[from] psn
|-ability|p2a: Blaziken|Speed Boost|boost
|-boost|p2a: Blaziken|spe|1
|upkeep
|turn|34
|
|t:|1779635294
|move|p2a: Blaziken|Close Combat|p1a: Glimmora
|-damage|p1a: Glimmora|0 fnt
|-unboost|p2a: Blaziken|def|1
|-unboost|p2a: Blaziken|spd|1
|-activate|p1a: Glimmora|ability: Toxic Debris
|-sidestart|p2: Motleystew|move: Toxic Spikes
|-enditem|p1a: Glimmora|Air Balloon
|faint|p1a: Glimmora
|
|win|Motleystew
|raw|Lukas21's rating: 1126 &rarr; <strong>1102</strong><br />(-24 for losing)
|raw|Motleystew's rating: 1133 &rarr; <strong>1157</strong><br />(+24 for winning)
|l|☆Lukas21
|player|p1|
|l|☆Motleystew
|player|p2|
