|inactive|Battle timer is ON: inactive players will automatically lose when time's up.
|t:|1779569275
|gametype|singles
|player|p1|impersonxtor|#wcop2026uk2|
|player|p2|Ghoulish Champ|allister|
|gen|9
|tier|[Gen 9] OU
|rule|HP Percentage Mod: HP is shown in percentages
|rule|Endless Battle Clause: Forcing endless battles is banned
|rule|Species Clause: Limit one of each Pokémon
|rule|OHKO Clause: OHKO moves are banned
|rule|Evasion Items Clause: Evasion items are banned
|rule|Evasion Moves Clause: Evasion moves are banned
|rule|Evasion Abilities Clause: Evasion abilities are banned
|rule|Sleep Moves Clause: Sleep-inducing moves are banned
|clearpoke
|poke|p1|Gholdengo|
|poke|p1|Walking Wake|
|poke|p1|Samurott-Hisui, F|
|poke|p1|Ting-Lu|
|poke|p1|Dragonite, F|
|poke|p1|Pecharunt|
|poke|p2|Heatran, F|
|poke|p2|Gliscor, F|
|poke|p2|Hydreigon, M|
|poke|p2|Pecharunt|
|poke|p2|Zamazenta-*|
|poke|p2|Ting-Lu|
|teampreview
|c|☆impersonxtor|HF
|c|☆Ghoulish Champ|hf
|inactive|Ghoulish Champ has 270 seconds left.
|inactive|Ghoulish Champ has 240 seconds left.
|inactive|Ghoulish Champ has 210 seconds left.
|
|t:|1779569367
|teamsize|p1|6
|teamsize|p2|6
|start
|switch|p1a: Ting-Lu|Ting-Lu|100/100
|switch|p2a: Tyranny's End|Hydreigon, M|100/100
|-ability|p1a: Ting-Lu|Vessel of Ruin
|turn|1
|inactive|Ghoulish Champ has 270 seconds left.
|
|t:|1779569382
|switch|p2a: Realm Ravager|Ting-Lu, shiny|100/100
|-ability|p2a: Realm Ravager|Vessel of Ruin
|move|p1a: Ting-Lu|Ruination|p2a: Realm Ravager
|-damage|p2a: Realm Ravager|51/100
|
|-heal|p2a: Realm Ravager|57/100|[from] item: Leftovers
|upkeep
|turn|2
|
|t:|1779569391
|move|p1a: Ting-Lu|Ruination|p2a: Realm Ravager
|-damage|p2a: Realm Ravager|29/100
|move|p2a: Realm Ravager|Ruination|p1a: Ting-Lu
|-damage|p1a: Ting-Lu|51/100
|
|-heal|p1a: Ting-Lu|57/100|[from] item: Leftovers
|-heal|p2a: Realm Ravager|35/100|[from] item: Leftovers
|upkeep
|turn|3
|inactive|Ghoulish Champ has 270 seconds left.
|
|t:|1779569411
|move|p1a: Ting-Lu|Stealth Rock|p2a: Realm Ravager
|-sidestart|p2: Ghoulish Champ|move: Stealth Rock
|move|p2a: Realm Ravager|Spikes|p1a: Ting-Lu
|-sidestart|p1: impersonxtor|Spikes
|
|-heal|p1a: Ting-Lu|63/100|[from] item: Leftovers
|-heal|p2a: Realm Ravager|41/100|[from] item: Leftovers
|upkeep
|turn|4
|
|t:|1779569423
|switch|p1a: Samurott|Samurott-Hisui, F|100/100
|move|p2a: Realm Ravager|Ruination|p1a: Samurott
|-damage|p1a: Samurott|51/100
|
|-heal|p2a: Realm Ravager|47/100|[from] item: Leftovers
|upkeep
|turn|5
|
|t:|1779569430
|switch|p2a: Tyranny's End|Hydreigon, M|100/100
|-damage|p2a: Tyranny's End|88/100|[from] Stealth Rock
|move|p1a: Samurott|Razor Shell|p2a: Tyranny's End
|-resisted|p2a: Tyranny's End
|-crit|p2a: Tyranny's End
|-damage|p2a: Tyranny's End|50/100
|
|-heal|p2a: Tyranny's End|56/100|[from] item: Leftovers
|upkeep
|turn|6
|
|t:|1779569440
|switch|p1a: Ting-Lu|Ting-Lu|63/100
|-damage|p1a: Ting-Lu|51/100|[from] Spikes
|-ability|p1a: Ting-Lu|Vessel of Ruin
|move|p2a: Tyranny's End|Nasty Plot|p2a: Tyranny's End
|-boost|p2a: Tyranny's End|spa|2
|
|-heal|p2a: Tyranny's End|62/100|[from] item: Leftovers
|-heal|p1a: Ting-Lu|57/100|[from] item: Leftovers
|upkeep
|turn|7
|
|t:|1779569448
|move|p2a: Tyranny's End|Draco Meteor|p1a: Ting-Lu
|-damage|p1a: Ting-Lu|8/100
|-unboost|p2a: Tyranny's End|spa|2
|move|p1a: Ting-Lu|Ruination|p2a: Tyranny's End
|-damage|p2a: Tyranny's End|31/100
|
|-heal|p2a: Tyranny's End|37/100|[from] item: Leftovers
|-heal|p1a: Ting-Lu|14/100|[from] item: Leftovers
|upkeep
|turn|8
|
|t:|1779569456
|switch|p1a: Gholdengo|Gholdengo|100/100
|-damage|p1a: Gholdengo|88/100|[from] Spikes
|move|p2a: Tyranny's End|Draco Meteor|p1a: Gholdengo
|-resisted|p1a: Gholdengo
|-damage|p1a: Gholdengo|51/100
|-unboost|p2a: Tyranny's End|spa|2
|
|-heal|p2a: Tyranny's End|43/100|[from] item: Leftovers
|upkeep
|turn|9
|
|t:|1779569466
|switch|p2a: Hadal Mantle|Heatran, F, shiny|100/100
|-damage|p2a: Hadal Mantle|88/100|[from] Stealth Rock
|move|p1a: Gholdengo|Make It Rain|p2a: Hadal Mantle
|-resisted|p2a: Hadal Mantle
|-damage|p2a: Hadal Mantle|77/100
|-unboost|p1a: Gholdengo|spa|1
|
|-heal|p2a: Hadal Mantle|83/100|[from] item: Leftovers
|upkeep
|turn|10
|
|t:|1779569481
|switch|p1a: Samurott|Samurott-Hisui, F|51/100
|move|p2a: Hadal Mantle|Will-O-Wisp|p1a: Samurott
|-status|p1a: Samurott|brn
|
|-heal|p2a: Hadal Mantle|90/100|[from] item: Leftovers
|-damage|p1a: Samurott|44/100 brn|[from] brn
|upkeep
|turn|11
|
|t:|1779569506
|switch|p2a: Tyranny's End|Hydreigon, M|43/100
|-damage|p2a: Tyranny's End|31/100|[from] Stealth Rock
|move|p1a: Samurott|Ceaseless Edge|p2a: Tyranny's End
|-resisted|p2a: Tyranny's End
|-damage|p2a: Tyranny's End|20/100
|-sidestart|p2: Ghoulish Champ|Spikes
|
|-heal|p2a: Tyranny's End|26/100|[from] item: Leftovers
|-damage|p1a: Samurott|38/100 brn|[from] brn
|upkeep
|turn|12
|
|t:|1779569517
|switch|p1a: Ting-Lu|Ting-Lu|14/100
|-damage|p1a: Ting-Lu|2/100|[from] Spikes
|-ability|p1a: Ting-Lu|Vessel of Ruin
|move|p2a: Tyranny's End|Draco Meteor|p1a: Ting-Lu
|-damage|p1a: Ting-Lu|0 fnt
|-unboost|p2a: Tyranny's End|spa|2
|faint|p1a: Ting-Lu
|
|-heal|p2a: Tyranny's End|32/100|[from] item: Leftovers
|upkeep
|
|t:|1779569531
|switch|p1a: Walking Wake|Walking Wake|100/100
|turn|13
|inactive|Ghoulish Champ has 270 seconds left.
|
|t:|1779569572
|switch|p2a: Realm Ravager|Ting-Lu, shiny|47/100
|-damage|p2a: Realm Ravager|41/100|[from] Stealth Rock
|-damage|p2a: Realm Ravager|29/100|[from] Spikes
|-ability|p2a: Realm Ravager|Vessel of Ruin
|move|p1a: Walking Wake|Draco Meteor|p2a: Realm Ravager
|-damage|p2a: Realm Ravager|0 fnt
|-unboost|p1a: Walking Wake|spa|2
|faint|p2a: Realm Ravager
|
|upkeep
|
|t:|1779569588
|switch|p2a: Contagion|Pecharunt|100/100
|turn|14
|
|t:|1779569597
|move|p1a: Walking Wake|Knock Off|p2a: Contagion
|-supereffective|p2a: Contagion
|-damage|p2a: Contagion|85/100
|-enditem|p2a: Contagion|Heavy-Duty Boots|[from] move: Knock Off|[of] p1a: Walking Wake
|move|p2a: Contagion|Shadow Ball|p1a: Walking Wake
|-damage|p1a: Walking Wake|72/100
|
|upkeep
|turn|15
|
|t:|1779569609
|move|p1a: Walking Wake|Flip Turn|p2a: Contagion
|-damage|p2a: Contagion|77/100
|
|t:|1779569623
|-end|p1a: Walking Wake|Protosynthesis|[silent]
|switch|p1a: Samurott|Samurott-Hisui, F|38/100 brn|[from] Flip Turn
|move|p2a: Contagion|Shadow Ball|p1a: Samurott
|-resisted|p1a: Samurott
|-damage|p1a: Samurott|21/100 brn
|-unboost|p1a: Samurott|spd|1
|
|-damage|p1a: Samurott|15/100 brn|[from] brn
|upkeep
|turn|16
|
|t:|1779569633
|move|p1a: Samurott|Ceaseless Edge|p2a: Contagion
|-supereffective|p2a: Contagion
|-damage|p2a: Contagion|55/100
|-sidestart|p2: Ghoulish Champ|Spikes
|move|p2a: Contagion|Shadow Ball|p1a: Samurott
|-resisted|p1a: Samurott
|-damage|p1a: Samurott|0 fnt
|faint|p1a: Samurott
|
|upkeep
|
|t:|1779569645
|switch|p1a: Walking Wake|Walking Wake|72/100
|turn|17
|
|t:|1779569651
|move|p1a: Walking Wake|Draco Meteor|p2a: Contagion
|-damage|p2a: Contagion|0 fnt
|-unboost|p1a: Walking Wake|spa|2
|faint|p2a: Contagion
|
|upkeep
|
|t:|1779569671
|switch|p2a: Violence|Zamazenta, shiny|100/100
|-damage|p2a: Violence|94/100|[from] Stealth Rock
|-damage|p2a: Violence|78/100|[from] Spikes
|-ability|p2a: Violence|Dauntless Shield|boost
|-boost|p2a: Violence|def|1
|turn|18
|
|t:|1779569678
|switch|p2a: Tyranny's End|Hydreigon, M|32/100
|-damage|p2a: Tyranny's End|19/100|[from] Stealth Rock
|-end|p1a: Walking Wake|Protosynthesis|[silent]
|switch|p1a: Pecharunt|Pecharunt|100/100
|
|-heal|p2a: Tyranny's End|25/100|[from] item: Leftovers
|upkeep
|turn|19
|
|t:|1779569684
|switch|p1a: Dragonite|Dragonite, F|100/100
|move|p2a: Tyranny's End|Dark Pulse|p1a: Dragonite
|-damage|p1a: Dragonite|83/100
|
|-heal|p2a: Tyranny's End|31/100|[from] item: Leftovers
|upkeep
|turn|20
|inactive|Ghoulish Champ has 270 seconds left.
|
|t:|1779569715
|move|p1a: Dragonite|Extreme Speed|p2a: Tyranny's End
|-damage|p2a: Tyranny's End|1/100
|move|p2a: Tyranny's End|Draco Meteor|p1a: Dragonite
|-supereffective|p1a: Dragonite
|-damage|p1a: Dragonite|0 fnt
|-unboost|p2a: Tyranny's End|spa|2
|faint|p1a: Dragonite
|
|-heal|p2a: Tyranny's End|7/100|[from] item: Leftovers
|upkeep
|
|t:|1779569722
|switch|p1a: Walking Wake|Walking Wake|72/100
|turn|21
|
|t:|1779569729
|move|p1a: Walking Wake|Surf|p2a: Tyranny's End
|-resisted|p2a: Tyranny's End
|-damage|p2a: Tyranny's End|0 fnt
|faint|p2a: Tyranny's End
|
|upkeep
|inactive|Ghoulish Champ has 270 seconds left.
|
|t:|1779569757
|switch|p2a: Violence|Zamazenta, shiny|78/100
|-damage|p2a: Violence|72/100|[from] Stealth Rock
|-damage|p2a: Violence|55/100|[from] Spikes
|turn|22
|
|t:|1779569764
|-end|p1a: Walking Wake|Protosynthesis|[silent]
|switch|p1a: Pecharunt|Pecharunt|100/100
|move|p2a: Violence|Body Press|p1a: Pecharunt
|-immune|p1a: Pecharunt
|
|-heal|p2a: Violence|61/100|[from] item: Leftovers
|upkeep
|turn|23
|
|t:|1779569777
|switch|p2a: Hadal Mantle|Heatran, F, shiny|90/100
|-damage|p2a: Hadal Mantle|77/100|[from] Stealth Rock
|-damage|p2a: Hadal Mantle|60/100|[from] Spikes
|switch|p1a: Walking Wake|Walking Wake|72/100
|
|-heal|p2a: Hadal Mantle|67/100|[from] item: Leftovers
|upkeep
|turn|24
|
|t:|1779569783
|move|p1a: Walking Wake|Surf|p2a: Hadal Mantle
|-supereffective|p2a: Hadal Mantle
|-damage|p2a: Hadal Mantle|5/100
|move|p2a: Hadal Mantle|Earth Power|p1a: Walking Wake
|-damage|p1a: Walking Wake|42/100
|
|-heal|p2a: Hadal Mantle|12/100|[from] item: Leftovers
|upkeep
|turn|25
|
|t:|1779569792
|move|p1a: Walking Wake|Surf|p2a: Hadal Mantle
|-supereffective|p2a: Hadal Mantle
|-damage|p2a: Hadal Mantle|0 fnt
|faint|p2a: Hadal Mantle
|
|upkeep
|
|t:|1779569797
|switch|p2a: Violence|Zamazenta, shiny|61/100
|-damage|p2a: Violence|55/100|[from] Stealth Rock
|-damage|p2a: Violence|39/100|[from] Spikes
|turn|26
|c|☆impersonxtor|gliscor
|c|☆impersonxtor|double
|c|☆impersonxtor|eh
|
|t:|1779569831
|move|p2a: Violence|Body Press|p1a: Walking Wake
|-damage|p1a: Walking Wake|4/100
|move|p1a: Walking Wake|Draco Meteor|p2a: Violence
|-damage|p2a: Violence|0 fnt
|-unboost|p1a: Walking Wake|spa|2
|faint|p2a: Violence
|
|upkeep
|
|t:|1779569834
|switch|p2a: Virulence|Gliscor, F, shiny|100/100
|-damage|p2a: Virulence|88/100|[from] Stealth Rock
|turn|27
|
|t:|1779569848
|move|p2a: Virulence|Protect|p2a: Virulence
|-singleturn|p2a: Virulence|Protect
|move|p1a: Walking Wake|Flip Turn|p2a: Virulence
|-activate|p2a: Virulence|move: Protect
|
|-status|p2a: Virulence|tox|[from] item: Toxic Orb
|upkeep
|turn|28
|
|t:|1779569858
|-terastallize|p2a: Virulence|Normal
|move|p1a: Walking Wake|Flip Turn|p2a: Virulence
|-damage|p2a: Virulence|75/100 tox
|
|t:|1779569861
|-end|p1a: Walking Wake|Protosynthesis|[silent]
|switch|p1a: Gholdengo|Gholdengo|51/100|[from] Flip Turn
|-damage|p1a: Gholdengo|39/100|[from] Spikes
|move|p2a: Virulence|Swords Dance|p2a: Virulence
|-boost|p2a: Virulence|atk|2
|
|-heal|p2a: Virulence|87/100 tox|[from] ability: Poison Heal
|upkeep
|turn|29
|
|t:|1779569872
|move|p2a: Virulence|Protect|p2a: Virulence
|-singleturn|p2a: Virulence|Protect
|move|p1a: Gholdengo|Trick|p2a: Virulence
|-activate|p2a: Virulence|move: Protect
|
|-heal|p2a: Virulence|99/100 tox|[from] ability: Poison Heal
|upkeep
|turn|30
|c|☆Ghoulish Champ|gg
|
|t:|1779569880
|move|p1a: Gholdengo|Trick|p2a: Virulence
|-activate|p1a: Gholdengo|move: Trick|[of] p2a: Virulence
|-item|p2a: Virulence|Choice Scarf|[from] move: Trick
|-item|p1a: Gholdengo|Toxic Orb|[from] move: Trick
|move|p2a: Virulence|Knock Off|p1a: Gholdengo
|-supereffective|p1a: Gholdengo
|-damage|p1a: Gholdengo|0 fnt
|-enditem|p1a: Gholdengo|Toxic Orb|[from] move: Knock Off|[of] p2a: Virulence
|faint|p1a: Gholdengo
|
|-heal|p2a: Virulence|100/100 tox|[from] ability: Poison Heal
|upkeep
|
|t:|1779569894
|switch|p1a: Pecharunt|Pecharunt|100/100
|turn|31
|
|t:|1779569901
|move|p2a: Virulence|Knock Off|p1a: Pecharunt
|-supereffective|p1a: Pecharunt
|-damage|p1a: Pecharunt|46/100
|-enditem|p1a: Pecharunt|Heavy-Duty Boots|[from] move: Knock Off|[of] p2a: Virulence
|move|p1a: Pecharunt|Recover|p1a: Pecharunt
|-heal|p1a: Pecharunt|96/100
|
|upkeep
|turn|32
|
|t:|1779569907
|move|p2a: Virulence|Knock Off|p1a: Pecharunt
|-supereffective|p1a: Pecharunt
|-damage|p1a: Pecharunt|64/100
|move|p1a: Pecharunt|Nasty Plot|p1a: Pecharunt
|-boost|p1a: Pecharunt|spa|2
|
|upkeep
|turn|33
|
|t:|1779569913
|move|p2a: Virulence|Knock Off|p1a: Pecharunt
|-supereffective|p1a: Pecharunt
|-damage|p1a: Pecharunt|32/100
|move|p1a: Pecharunt|Recover|p1a: Pecharunt
|-heal|p1a: Pecharunt|82/100
|
|upkeep
|turn|34
|
|t:|1779569920
|move|p2a: Virulence|Knock Off|p1a: Pecharunt
|-supereffective|p1a: Pecharunt
|-damage|p1a: Pecharunt|45/100
|move|p1a: Pecharunt|Recover|p1a: Pecharunt
|-heal|p1a: Pecharunt|95/100
|
|upkeep
|turn|35
|
|t:|1779569926
|move|p2a: Virulence|Knock Off|p1a: Pecharunt
|-supereffective|p1a: Pecharunt
|-damage|p1a: Pecharunt|63/100
|move|p1a: Pecharunt|Nasty Plot|p1a: Pecharunt
|-boost|p1a: Pecharunt|spa|2
|
|upkeep
|turn|36
|
|t:|1779569933
|move|p2a: Virulence|Knock Off|p1a: Pecharunt
|-supereffective|p1a: Pecharunt
|-damage|p1a: Pecharunt|28/100
|move|p1a: Pecharunt|Recover|p1a: Pecharunt
|-heal|p1a: Pecharunt|78/100
|
|upkeep
|turn|37
|
|t:|1779569942
|move|p2a: Virulence|Knock Off|p1a: Pecharunt
|-supereffective|p1a: Pecharunt
|-crit|p1a: Pecharunt
|-damage|p1a: Pecharunt|30/100
|move|p1a: Pecharunt|Recover|p1a: Pecharunt
|-heal|p1a: Pecharunt|80/100
|
|upkeep
|turn|38
|
|t:|1779569949
|move|p2a: Virulence|Knock Off|p1a: Pecharunt
|-supereffective|p1a: Pecharunt
|-damage|p1a: Pecharunt|49/100
|move|p1a: Pecharunt|Recover|p1a: Pecharunt
|-heal|p1a: Pecharunt|99/100
|
|upkeep
|turn|39
|
|t:|1779569955
|move|p2a: Virulence|Knock Off|p1a: Pecharunt
|-supereffective|p1a: Pecharunt
|-damage|p1a: Pecharunt|67/100
|move|p1a: Pecharunt|Malignant Chain|p2a: Virulence
|-crit|p2a: Virulence
|-damage|p2a: Virulence|0 fnt
|faint|p2a: Virulence
|
|win|impersonxtor
