|j|☆Beast911
|j|☆166w
|t:|1779624797
|gametype|singles
|player|p1|Beast911|102|1120
|player|p2|166w|steven|1102
|gen|9
|tier|[Gen 9] OU
|rated|
|rule|HP Percentage Mod: HP is shown in percentages
|rule|Endless Battle Clause: Forcing endless battles is banned
|rule|Species Clause: Limit one of each Pokémon
|rule|OHKO Clause: OHKO moves are banned
|rule|Evasion Items Clause: Evasion items are banned
|rule|Evasion Moves Clause: Evasion moves are banned
|rule|Evasion Abilities Clause: Evasion abilities are banned
|rule|Sleep Moves Clause: Sleep-inducing moves are banned
|clearpoke
|poke|p1|Gliscor, F|
|poke|p1|Gholdengo|
|poke|p1|Dragonite, M|
|poke|p1|Ting-Lu|
|poke|p1|Darkrai|
|poke|p1|Zamazenta-*|
|poke|p2|Toxapex, F|
|poke|p2|Chansey, F|
|poke|p2|Avalugg-Hisui, F|
|poke|p2|Garganacl, M|
|poke|p2|Amoonguss, F|
|poke|p2|Clodsire, F|
|teampreview
|inactive|Battle timer is ON: inactive players will automatically lose when time's up. (requested by Beast911)
|inactive|166w also wants the timer to be on.
|
|t:|1779624808
|teamsize|p1|6
|teamsize|p2|6
|start
|switch|p1a: Gliscor|Gliscor, F|100/100
|switch|p2a: Chansey|Chansey, F|100/100
|turn|1
|
|t:|1779624818
|move|p1a: Gliscor|Spikes|p2a: Chansey
|-sidestart|p2: 166w|Spikes
|move|p2a: Chansey|Stealth Rock|p1a: Gliscor
|-sidestart|p1: Beast911|move: Stealth Rock
|
|-status|p1a: Gliscor|tox|[from] item: Toxic Orb
|upkeep
|turn|2
|
|t:|1779624824
|move|p1a: Gliscor|Spikes|p2a: Chansey
|-sidestart|p2: 166w|Spikes
|move|p2a: Chansey|Calm Mind|p2a: Chansey
|-boost|p2a: Chansey|spa|1
|-boost|p2a: Chansey|spd|1
|
|upkeep
|turn|3
|
|t:|1779624829
|move|p1a: Gliscor|Spikes|p2a: Chansey
|-sidestart|p2: 166w|Spikes
|move|p2a: Chansey|Calm Mind|p2a: Chansey
|-boost|p2a: Chansey|spa|1
|-boost|p2a: Chansey|spd|1
|
|upkeep
|turn|4
|
|t:|1779624835
|switch|p1a: Ting-Lu|Ting-Lu|100/100
|-damage|p1a: Ting-Lu|94/100|[from] Stealth Rock
|-ability|p1a: Ting-Lu|Vessel of Ruin
|move|p2a: Chansey|Calm Mind|p2a: Chansey
|-boost|p2a: Chansey|spa|1
|-boost|p2a: Chansey|spd|1
|
|-heal|p1a: Ting-Lu|100/100|[from] item: Leftovers
|upkeep
|turn|5
|
|t:|1779624845
|move|p2a: Chansey|Seismic Toss|p1a: Ting-Lu
|-damage|p1a: Ting-Lu|81/100
|move|p1a: Ting-Lu|Whirlwind|p2a: Chansey
|drag|p2a: Amoonguss|Amoonguss, F|100/100
|-damage|p2a: Amoonguss|76/100|[from] Spikes
|
|-heal|p1a: Ting-Lu|87/100|[from] item: Leftovers
|upkeep
|turn|6
|
|t:|1779624857
|move|p1a: Ting-Lu|Stealth Rock|p2a: Amoonguss
|-sidestart|p2: 166w|move: Stealth Rock
|move|p2a: Amoonguss|Toxic|p1a: Ting-Lu
|-status|p1a: Ting-Lu|tox
|
|-heal|p1a: Ting-Lu|93/100 tox|[from] item: Leftovers
|-damage|p1a: Ting-Lu|87/100 tox|[from] psn
|upkeep
|turn|7
|
|t:|1779624867
|switch|p2a: Avalugg|Avalugg-Hisui, F|100/100
|move|p1a: Ting-Lu|Whirlwind|p2a: Avalugg
|drag|p2a: Toxapex|Toxapex, F|100/100
|-damage|p2a: Toxapex|76/100|[from] Spikes
|-damage|p2a: Toxapex|64/100|[from] Stealth Rock
|
|-heal|p1a: Ting-Lu|93/100 tox|[from] item: Leftovers
|-damage|p1a: Ting-Lu|81/100 tox|[from] psn
|upkeep
|turn|8
|
|t:|1779624881
|move|p1a: Ting-Lu|Earthquake|p2a: Toxapex
|-supereffective|p2a: Toxapex
|-damage|p2a: Toxapex|21/100
|move|p2a: Toxapex|Toxic Spikes|p1a: Ting-Lu
|-sidestart|p1: Beast911|move: Toxic Spikes
|
|-heal|p1a: Ting-Lu|87/100 tox|[from] item: Leftovers
|-damage|p1a: Ting-Lu|69/100 tox|[from] psn
|upkeep
|turn|9
|
|t:|1779624888
|move|p1a: Ting-Lu|Earthquake|p2a: Toxapex
|-supereffective|p2a: Toxapex
|-damage|p2a: Toxapex|0 fnt
|faint|p2a: Toxapex
|
|-heal|p1a: Ting-Lu|75/100 tox|[from] item: Leftovers
|-damage|p1a: Ting-Lu|50/100 tox|[from] psn
|upkeep
|
|t:|1779624893
|switch|p2a: Avalugg|Avalugg-Hisui, F|100/100
|turn|10
|
|t:|1779624897
|move|p2a: Avalugg|Rapid Spin|p1a: Ting-Lu
|-damage|p1a: Ting-Lu|39/100 tox
|-boost|p2a: Avalugg|spe|1
|-sideend|p2: 166w|Spikes|[from] move: Rapid Spin|[of] p2a: Avalugg
|-sideend|p2: 166w|Stealth Rock|[from] move: Rapid Spin|[of] p2a: Avalugg
|move|p1a: Ting-Lu|Whirlwind|p2a: Avalugg
|drag|p2a: Clodsire|Clodsire, F|100/100
|
|-heal|p1a: Ting-Lu|45/100 tox|[from] item: Leftovers
|-damage|p1a: Ting-Lu|14/100 tox|[from] psn
|upkeep
|turn|11
|
|t:|1779624919
|move|p1a: Ting-Lu|Stealth Rock|p2a: Clodsire
|-sidestart|p2: 166w|move: Stealth Rock
|move|p2a: Clodsire|Toxic Spikes|p1a: Ting-Lu
|-sidestart|p1: Beast911|move: Toxic Spikes
|
|-heal|p1a: Ting-Lu|21/100 tox|[from] item: Leftovers
|-damage|p1a: Ting-Lu|0 fnt|[from] psn
|faint|p1a: Ting-Lu
|upkeep
|
|t:|1779624929
|switch|p1a: Gliscor|Gliscor, F|100/100 tox
|-damage|p1a: Gliscor|88/100 tox|[from] Stealth Rock
|turn|12
|
|t:|1779624937
|move|p1a: Gliscor|Spikes|p2a: Clodsire
|-sidestart|p2: 166w|Spikes
|move|p2a: Clodsire|Amnesia|p2a: Clodsire
|-boost|p2a: Clodsire|spd|2
|
|-heal|p1a: Gliscor|100/100 tox|[from] ability: Poison Heal
|upkeep
|turn|13
|
|t:|1779624946
|move|p1a: Gliscor|Spikes|p2a: Clodsire
|-sidestart|p2: 166w|Spikes
|move|p2a: Clodsire|Amnesia|p2a: Clodsire
|-boost|p2a: Clodsire|spd|2
|
|upkeep
|turn|14
|
|t:|1779624956
|move|p1a: Gliscor|Spikes|p2a: Clodsire
|-sidestart|p2: 166w|Spikes
|move|p2a: Clodsire|Amnesia|p2a: Clodsire
|-boost|p2a: Clodsire|spd|2
|
|upkeep
|turn|15
|
|t:|1779624962
|move|p1a: Gliscor|Earthquake|p2a: Clodsire
|-supereffective|p2a: Clodsire
|-damage|p2a: Clodsire|25/100
|move|p2a: Clodsire|Toxic Spikes||[still]
|-fail|p2a: Clodsire
|
|-heal|p2a: Clodsire|31/100|[from] item: Black Sludge
|upkeep
|turn|16
|
|t:|1779624969
|move|p1a: Gliscor|Earthquake|p2a: Clodsire
|-supereffective|p2a: Clodsire
|-damage|p2a: Clodsire|0 fnt
|faint|p2a: Clodsire
|
|upkeep
|
|t:|1779624973
|switch|p2a: Avalugg|Avalugg-Hisui, F|100/100
|turn|17
|
|t:|1779624977
|move|p1a: Gliscor|Earthquake|p2a: Avalugg
|-supereffective|p2a: Avalugg
|-damage|p2a: Avalugg|66/100
|move|p2a: Avalugg|Rapid Spin|p1a: Gliscor
|-damage|p1a: Gliscor|88/100 tox
|-boost|p2a: Avalugg|spe|1
|-sideend|p2: 166w|Spikes|[from] move: Rapid Spin|[of] p2a: Avalugg
|-sideend|p2: 166w|Stealth Rock|[from] move: Rapid Spin|[of] p2a: Avalugg
|
|-heal|p1a: Gliscor|100/100 tox|[from] ability: Poison Heal
|upkeep
|turn|18
|
|t:|1779624986
|move|p1a: Gliscor|Earthquake|p2a: Avalugg
|-supereffective|p2a: Avalugg
|-damage|p2a: Avalugg|34/100
|move|p2a: Avalugg|Ice Spinner|p1a: Gliscor
|-supereffective|p1a: Gliscor
|-damage|p1a: Gliscor|0 fnt
|faint|p1a: Gliscor
|
|upkeep
|
|t:|1779624998
|switch|p1a: Gholdengo|Gholdengo|100/100
|-damage|p1a: Gholdengo|94/100|[from] Stealth Rock
|turn|19
|
|t:|1779625008
|move|p1a: Gholdengo|Trick|p2a: Avalugg
|-activate|p1a: Gholdengo|move: Trick|[of] p2a: Avalugg
|-item|p2a: Avalugg|Choice Scarf|[from] move: Trick
|-item|p1a: Gholdengo|Heavy-Duty Boots|[from] move: Trick
|move|p2a: Avalugg|Earthquake|p1a: Gholdengo
|-supereffective|p1a: Gholdengo
|-damage|p1a: Gholdengo|7/100
|
|upkeep
|turn|20
|
|t:|1779625015
|move|p1a: Gholdengo|Make It Rain|p2a: Avalugg
|-supereffective|p2a: Avalugg
|-damage|p2a: Avalugg|0 fnt
|-unboost|p1a: Gholdengo|spa|1
|faint|p2a: Avalugg
|
|upkeep
|
|t:|1779625020
|switch|p2a: Garganacl|Garganacl, M|100/100
|turn|21
|
|t:|1779625025
|-terastallize|p2a: Garganacl|Flying
|move|p1a: Gholdengo|Make It Rain|p2a: Garganacl
|-damage|p2a: Garganacl|74/100
|-unboost|p1a: Gholdengo|spa|1
|move|p2a: Garganacl|Earthquake|p1a: Gholdengo
|-supereffective|p1a: Gholdengo
|-damage|p1a: Gholdengo|0 fnt
|faint|p1a: Gholdengo
|
|-heal|p2a: Garganacl|80/100|[from] item: Leftovers
|upkeep
|
|t:|1779625038
|switch|p1a: Darkrai|Darkrai|100/100
|turn|22
|
|t:|1779625043
|move|p1a: Darkrai|Ice Beam|p2a: Garganacl
|-supereffective|p2a: Garganacl
|-damage|p2a: Garganacl|36/100
|move|p2a: Garganacl|Iron Defense|p2a: Garganacl
|-boost|p2a: Garganacl|def|2
|
|-heal|p2a: Garganacl|42/100|[from] item: Leftovers
|upkeep
|turn|23
|
|t:|1779625050
|move|p1a: Darkrai|Ice Beam|p2a: Garganacl
|-supereffective|p2a: Garganacl
|-crit|p2a: Garganacl
|-damage|p2a: Garganacl|0 fnt
|faint|p2a: Garganacl
|
|upkeep
|
|t:|1779625054
|switch|p2a: Chansey|Chansey, F|100/100
|turn|24
|
|t:|1779625061
|move|p1a: Darkrai|Knock Off|p2a: Chansey
|-damage|p2a: Chansey|83/100
|-enditem|p2a: Chansey|Eviolite|[from] move: Knock Off|[of] p1a: Darkrai
|move|p2a: Chansey|Calm Mind|p2a: Chansey
|-boost|p2a: Chansey|spa|1
|-boost|p2a: Chansey|spd|1
|
|upkeep
|turn|25
|
|t:|1779625070
|move|p1a: Darkrai|Will-O-Wisp|p2a: Chansey
|-status|p2a: Chansey|brn
|move|p2a: Chansey|Calm Mind|p2a: Chansey
|-boost|p2a: Chansey|spa|1
|-boost|p2a: Chansey|spd|1
|
|-damage|p2a: Chansey|76/100 brn|[from] brn
|upkeep
|turn|26
|
|t:|1779625082
|move|p1a: Darkrai|Dark Pulse|p2a: Chansey
|-damage|p2a: Chansey|66/100 brn
|move|p2a: Chansey|Seismic Toss|p1a: Darkrai
|-damage|p1a: Darkrai|65/100
|
|-damage|p2a: Chansey|60/100 brn|[from] brn
|upkeep
|turn|27
|
|t:|1779625090
|switch|p1a: Zamazenta|Zamazenta|100/100
|-ability|p1a: Zamazenta|Dauntless Shield|boost
|-boost|p1a: Zamazenta|def|1
|move|p2a: Chansey|Calm Mind|p2a: Chansey
|-boost|p2a: Chansey|spa|1
|-boost|p2a: Chansey|spd|1
|
|-damage|p2a: Chansey|54/100 brn|[from] brn
|upkeep
|turn|28
|
|t:|1779625098
|move|p1a: Zamazenta|Close Combat|p2a: Chansey
|-supereffective|p2a: Chansey
|-damage|p2a: Chansey|0 fnt
|-unboost|p1a: Zamazenta|def|1
|-unboost|p1a: Zamazenta|spd|1
|faint|p2a: Chansey
|
|upkeep
|
|t:|1779625101
|switch|p2a: Amoonguss|Amoonguss, F|100/100
|turn|29
|
|t:|1779625106
|move|p1a: Zamazenta|Ice Fang|p2a: Amoonguss
|-supereffective|p2a: Amoonguss
|-damage|p2a: Amoonguss|53/100
|-damage|p1a: Zamazenta|84/100|[from] item: Rocky Helmet|[of] p2a: Amoonguss
|move|p2a: Amoonguss|Toxic|p1a: Zamazenta
|-status|p1a: Zamazenta|tox
|
|-damage|p1a: Zamazenta|78/100 tox|[from] psn
|upkeep
|turn|30
|
|t:|1779625115
|move|p1a: Zamazenta|Ice Fang|p2a: Amoonguss
|-supereffective|p2a: Amoonguss
|-damage|p2a: Amoonguss|7/100
|-damage|p1a: Zamazenta|61/100 tox|[from] item: Rocky Helmet|[of] p2a: Amoonguss
|move|p2a: Amoonguss|Giga Drain|p1a: Zamazenta
|-damage|p1a: Zamazenta|27/100 tox
|-heal|p2a: Amoonguss|20/100|[from] drain|[of] p1a: Zamazenta
|
|-damage|p1a: Zamazenta|15/100 tox|[from] psn
|upkeep
|turn|31
|
|t:|1779625127
|move|p1a: Zamazenta|Ice Fang|p2a: Amoonguss
|-supereffective|p2a: Amoonguss
|-damage|p2a: Amoonguss|0 fnt
|-damage|p1a: Zamazenta|0 fnt|[from] item: Rocky Helmet|[of] p2a: Amoonguss
|faint|p2a: Amoonguss
|faint|p1a: Zamazenta
|
|win|Beast911
|raw|Beast911's rating: 1120 &rarr; <strong>1144</strong><br />(+24 for winning)
|raw|166w's rating: 1102 &rarr; <strong>1078</strong><br />(-24 for losing)
|l|☆166w
|player|p2|
|l|☆Beast911
|player|p1|
