|j|‽OYCYPKM
|j|☆Wikdchikn
|t:|1779626329
|gametype|singles
|player|p1|OYCYPKM|ninjaboy|1164
|player|p2|Wikdchikn|cameraman|1142
|gen|9
|tier|[Gen 9] OU
|rated|
|rule|HP Percentage Mod: HP is shown in percentages
|rule|Endless Battle Clause: Forcing endless battles is banned
|rule|Species Clause: Limit one of each Pokémon
|rule|OHKO Clause: OHKO moves are banned
|rule|Evasion Items Clause: Evasion items are banned
|rule|Evasion Moves Clause: Evasion moves are banned
|rule|Evasion Abilities Clause: Evasion abilities are banned
|rule|Sleep Moves Clause: Sleep-inducing moves are banned
|clearpoke
|poke|p1|Great Tusk|
|poke|p1|Gholdengo|
|poke|p1|Kingambit, F|
|poke|p1|Raging Bolt|
|poke|p1|Gliscor, F|
|poke|p1|Dragapult, M|
|poke|p2|Clodsire, F|
|poke|p2|Cryogonal|
|poke|p2|Zebstrika, M|
|poke|p2|Deoxys-Speed|
|poke|p2|Golem-Alola, M|
|poke|p2|Alomomola, M|
|teampreview
|inactive|Battle timer is ON: inactive players will automatically lose when time's up. (requested by Wikdchikn)
|inactive|OYCYPKM has 120 seconds left.
|inactive|OYCYPKM has 90 seconds left.
|
|t:|1779626394
|teamsize|p1|6
|teamsize|p2|6
|start
|switch|p1a: Dragapult|Dragapult, M|100/100
|switch|p2a: Zebstrika|Zebstrika, M|100/100
|turn|1
|
|t:|1779626422
|move|p1a: Dragapult|U-turn|p2a: Zebstrika
|-damage|p2a: Zebstrika|70/100
|inactive|OYCYPKM has 120 seconds left.
|
|t:|1779626454
|switch|p1a: Gliscor|Gliscor, F|100/100|[from] U-turn
|move|p2a: Zebstrika|Volt Switch|p1a: Gliscor
|-immune|p1a: Gliscor
|
|-status|p1a: Gliscor|tox|[from] item: Toxic Orb
|upkeep
|turn|2
|inactive|OYCYPKM has 90 seconds left.
|
|t:|1779626479
|switch|p2a: Cryogonal|Cryogonal|100/100
|move|p1a: Gliscor|Earthquake|p2a: Cryogonal
|-immune|p2a: Cryogonal|[from] ability: Levitate
|
|upkeep
|turn|3
|inactive|OYCYPKM has 90 seconds left.
|
|t:|1779626506
|switch|p1a: Gholdengo|Gholdengo|100/100
|-item|p1a: Gholdengo|Air Balloon
|move|p2a: Cryogonal|Freeze-Dry|p1a: Gholdengo
|-resisted|p1a: Gholdengo
|-damage|p1a: Gholdengo|86/100
|-enditem|p1a: Gholdengo|Air Balloon
|
|upkeep
|turn|4
|inactive|OYCYPKM has 60 seconds left.
|
|t:|1779626533
|switch|p2a: Golem|Golem-Alola, M|100/100
|move|p1a: Gholdengo|Make It Rain|p2a: Golem
|-damage|p2a: Golem|38/100
|-unboost|p1a: Gholdengo|spa|1
|
|-heal|p2a: Golem|44/100|[from] item: Leftovers
|upkeep
|turn|5
|inactive|OYCYPKM has 60 seconds left.
|
|t:|1779626562
|move|p2a: Golem|Wide Guard|p2a: Golem
|-singleturn|p2a: Golem|Wide Guard
|move|p1a: Gholdengo|Shadow Ball|p2a: Golem
|-damage|p2a: Golem|16/100
|
|-heal|p2a: Golem|22/100|[from] item: Leftovers
|upkeep
|turn|6
|inactive|OYCYPKM has 30 seconds left.
|inactive|OYCYPKM has 20 seconds left.
|inactive|OYCYPKM has 15 seconds left.
|
|t:|1779626598
|switch|p2a: Zebstrika|Zebstrika, M|70/100
|move|p1a: Gholdengo|Make It Rain|p2a: Zebstrika
|-resisted|p2a: Zebstrika
|-damage|p2a: Zebstrika|42/100
|-unboost|p1a: Gholdengo|spa|1
|
|upkeep
|turn|7
|inactive|OYCYPKM has 25 seconds left this turn.
|inactive|OYCYPKM has 20 seconds left.
|inactive|OYCYPKM has 15 seconds left.
|inactive|OYCYPKM has 10 seconds left.
|inactive|OYCYPKM has 5 seconds left.
|
|t:|1779626621
|move|p2a: Zebstrika|Volt Switch|p1a: Gholdengo
|-damage|p1a: Gholdengo|65/100
|
|t:|1779626628
|switch|p2a: Alomomola|Alomomola, M|100/100|[from] Volt Switch
|move|p1a: Gholdengo|Shadow Ball|p2a: Alomomola
|-damage|p2a: Alomomola|85/100
|-unboost|p2a: Alomomola|spd|1
|
|-heal|p2a: Alomomola|91/100|[from] item: Leftovers
|upkeep
|turn|8
|inactive|OYCYPKM has 20 seconds left this turn.
|inactive|OYCYPKM has 15 seconds left.
|inactive|OYCYPKM has 10 seconds left.
|inactive|OYCYPKM has 5 seconds left.
|
|t:|1779626647
|move|p1a: Gholdengo|Nasty Plot|p1a: Gholdengo
|-boost|p1a: Gholdengo|spa|2
|move|p2a: Alomomola|Flip Turn|p1a: Gholdengo
|-damage|p1a: Gholdengo|48/100
|
|t:|1779626657
|switch|p2a: Clodsire|Clodsire, F|100/100|[from] Flip Turn
|
|upkeep
|turn|9
|inactive|OYCYPKM has 20 seconds left this turn.
|inactive|OYCYPKM has 15 seconds left.
|inactive|OYCYPKM has 10 seconds left.
|inactive|OYCYPKM has 5 seconds left.
|
|t:|1779626673
|move|p1a: Gholdengo|Make It Rain|p2a: Clodsire
|-damage|p2a: Clodsire|67/100
|-unboost|p1a: Gholdengo|spa|1
|move|p2a: Clodsire|Bulldoze|p1a: Gholdengo
|-supereffective|p1a: Gholdengo
|-damage|p1a: Gholdengo|10/100
|-unboost|p1a: Gholdengo|spe|1
|
|-heal|p2a: Clodsire|73/100|[from] item: Black Sludge
|upkeep
|turn|10
|inactive|OYCYPKM has 15 seconds left this turn.
|inactive|OYCYPKM has 10 seconds left.
|inactive|OYCYPKM has 5 seconds left.
|
|t:|1779626685
|switch|p1a: Gliscor|Gliscor, F|100/100 tox
|move|p2a: Clodsire|Bulldoze|p1a: Gliscor
|-immune|p1a: Gliscor
|
|-heal|p2a: Clodsire|79/100|[from] item: Black Sludge
|upkeep
|turn|11
|inactive|OYCYPKM has 15 seconds left this turn.
|inactive|OYCYPKM has 10 seconds left.
|inactive|OYCYPKM has 5 seconds left.
|
|t:|1779626696
|switch|p2a: Cryogonal|Cryogonal|100/100
|move|p1a: Gliscor|Spikes|p2a: Cryogonal
|-sidestart|p2: Wikdchikn|Spikes
|
|upkeep
|turn|12
|inactive|OYCYPKM has 15 seconds left this turn.
|inactive|OYCYPKM has 10 seconds left.
|
|t:|1779626704
|move|p2a: Cryogonal|Rapid Spin|p1a: Gliscor
|-damage|p1a: Gliscor|97/100 tox
|-boost|p2a: Cryogonal|spe|1
|-sideend|p2: Wikdchikn|Spikes|[from] move: Rapid Spin|[of] p2a: Cryogonal
|move|p1a: Gliscor|Toxic|p2a: Cryogonal
|-status|p2a: Cryogonal|tox
|
|-damage|p2a: Cryogonal|95/100 tox|[from] psn
|-heal|p1a: Gliscor|100/100 tox|[from] ability: Poison Heal
|upkeep
|turn|13
|inactive|OYCYPKM has 20 seconds left this turn.
|inactive|OYCYPKM has 15 seconds left.
|
|t:|1779626714
|move|p2a: Cryogonal|Freeze-Dry|p1a: Gliscor
|-supereffective|p1a: Gliscor
|-crit|p1a: Gliscor
|-damage|p1a: Gliscor|0 fnt
|faint|p1a: Gliscor
|
|-damage|p2a: Cryogonal|83/100 tox|[from] psn
|upkeep
|inactive|OYCYPKM has 20 seconds left this turn.
|inactive|OYCYPKM has 15 seconds left.
|
|t:|1779626724
|switch|p1a: Raging Bolt|Raging Bolt|100/100
|-enditem|p1a: Raging Bolt|Booster Energy
|-activate|p1a: Raging Bolt|ability: Protosynthesis|[fromitem]
|-start|p1a: Raging Bolt|protosynthesisspa
|turn|14
|inactive|OYCYPKM has 25 seconds left this turn.
|
|t:|1779626730
|move|p1a: Raging Bolt|Thunderclap|p2a: Cryogonal
|-damage|p2a: Cryogonal|35/100 tox
|move|p2a: Cryogonal|Freeze-Dry|p1a: Raging Bolt
|-supereffective|p1a: Raging Bolt
|-damage|p1a: Raging Bolt|53/100
|
|-damage|p2a: Cryogonal|17/100 tox|[from] psn
|upkeep
|turn|15
|inactive|OYCYPKM has 30 seconds left.
|
|t:|1779626738
|move|p2a: Cryogonal|Haze|p2a: Cryogonal
|-clearallboost
|move|p1a: Raging Bolt|Thunderbolt|p2a: Cryogonal
|-damage|p2a: Cryogonal|0 fnt
|faint|p2a: Cryogonal
|
|upkeep
|
|t:|1779626754
|switch|p2a: Alomomola|Alomomola, M|100/100
|turn|16
|
|t:|1779626760
|switch|p2a: Zebstrika|Zebstrika, M|42/100
|move|p1a: Raging Bolt|Thunderclap||[still]
|-fail|p1a: Raging Bolt
|
|upkeep
|turn|17
|
|t:|1779626769
|-terastallize|p2a: Zebstrika|Fairy
|move|p2a: Zebstrika|High Horsepower|p1a: Raging Bolt
|-supereffective|p1a: Raging Bolt
|-damage|p1a: Raging Bolt|8/100
|move|p1a: Raging Bolt|Draco Meteor|p2a: Zebstrika
|-immune|p2a: Zebstrika
|
|upkeep
|turn|18
|
|t:|1779626779
|move|p1a: Raging Bolt|Thunderclap|p2a: Zebstrika
|-ability|p2a: Zebstrika|Lightning Rod|boost
|-boost|p2a: Zebstrika|spa|1
|move|p2a: Zebstrika|High Horsepower|p1a: Raging Bolt
|-supereffective|p1a: Raging Bolt
|-damage|p1a: Raging Bolt|0 fnt
|faint|p1a: Raging Bolt
|-end|p1a: Raging Bolt|Protosynthesis|[silent]
|
|upkeep
|-message|OYCYPKM forfeited.
|
|win|Wikdchikn
|raw|OYCYPKM's rating: 1164 &rarr; <strong>1137</strong><br />(-27 for losing)
|raw|Wikdchikn's rating: 1142 &rarr; <strong>1169</strong><br />(+27 for winning)
|l|‽OYCYPKM
|player|p1|
|l|☆Wikdchikn
|player|p2|
