|j|☆AmonacookieCutter
|j|☆TechBuster
|t:|1779562693
|gametype|singles
|player|p1|AmonacookieCutter|cyclist-gen4|1626
|player|p2|TechBuster|101|1727
|gen|9
|tier|[Gen 9] OU
|rated|
|rule|HP Percentage Mod: HP is shown in percentages
|rule|Endless Battle Clause: Forcing endless battles is banned
|rule|Species Clause: Limit one of each Pokémon
|rule|OHKO Clause: OHKO moves are banned
|rule|Evasion Items Clause: Evasion items are banned
|rule|Evasion Moves Clause: Evasion moves are banned
|rule|Evasion Abilities Clause: Evasion abilities are banned
|rule|Sleep Moves Clause: Sleep-inducing moves are banned
|clearpoke
|poke|p1|Hawlucha, F|
|poke|p1|Samurott-Hisui, F|
|poke|p1|Rillaboom, F|
|poke|p1|Gholdengo|
|poke|p1|Kyurem|
|poke|p1|Landorus-Therian, M|
|poke|p2|Regieleki|
|poke|p2|Slowking-Galar, M|
|poke|p2|Zapdos|
|poke|p2|Ogerpon-Wellspring, F|
|poke|p2|Kingambit, M|
|poke|p2|Garchomp, M|
|teampreview
|inactive|Battle timer is ON: inactive players will automatically lose when time's up. (requested by AmonacookieCutter)
|
|t:|1779562711
|teamsize|p1|6
|teamsize|p2|6
|start
|switch|p1a: Kyurem|Kyurem|100/100
|switch|p2a: Ogerpon|Ogerpon-Wellspring, F|100/100
|-ability|p1a: Kyurem|Pressure
|turn|1
|
|t:|1779562715
|switch|p2a: Slowking|Slowking-Galar, M|100/100
|move|p1a: Kyurem|Freeze-Dry|p2a: Slowking
|-damage|p2a: Slowking|78/100
|
|upkeep
|turn|2
|
|t:|1779562719
|switch|p1a: Gholdengo|Gholdengo|100/100
|-prepare|p2a: Slowking|Chilly Reception|[premajor]
|move|p2a: Slowking|Chilly Reception|p2a: Slowking
|-weather|Snowscape
|
|t:|1779562725
|switch|p2a: Garchomp|Garchomp, M|100/100|[from] Chilly Reception
|
|-weather|Snowscape|[upkeep]
|upkeep
|turn|3
|
|t:|1779562733
|switch|p1a: Kyurem|Kyurem|100/100
|-ability|p1a: Kyurem|Pressure
|move|p2a: Garchomp|Stealth Rock|p1a: Kyurem
|-sidestart|p1: AmonacookieCutter|move: Stealth Rock
|
|-weather|Snowscape|[upkeep]
|upkeep
|turn|4
|
|t:|1779562744
|switch|p2a: Slowking|Slowking-Galar, M|100/100
|move|p1a: Kyurem|Earth Power|p2a: Slowking
|-supereffective|p2a: Slowking
|-enditem|p2a: Slowking|Shuca Berry|[eat]
|-enditem|p2a: Slowking|Shuca Berry|[weaken]
|-damage|p2a: Slowking|81/100
|
|-weather|Snowscape|[upkeep]
|upkeep
|turn|5
|
|t:|1779562748
|move|p1a: Kyurem|Earth Power|p2a: Slowking
|-supereffective|p2a: Slowking
|-damage|p2a: Slowking|43/100
|-prepare|p2a: Slowking|Chilly Reception|[premajor]
|move|p2a: Slowking|Chilly Reception|p2a: Slowking
|
|t:|1779562752
|switch|p2a: Zapdos|Zapdos|100/100|[from] Chilly Reception
|
|-weather|Snowscape|[upkeep]
|upkeep
|turn|6
|
|t:|1779562754
|switch|p2a: Slowking|Slowking-Galar, M|77/100
|move|p1a: Kyurem|Ice Beam|p2a: Slowking
|-crit|p2a: Slowking
|-damage|p2a: Slowking|32/100
|
|-weather|none
|upkeep
|turn|7
|
|t:|1779562764
|switch|p2a: Ogerpon|Ogerpon-Wellspring, F|100/100
|move|p1a: Kyurem|Ice Beam|p2a: Ogerpon
|-damage|p2a: Ogerpon|44/100
|
|upkeep
|turn|8
|
|t:|1779562770
|move|p2a: Ogerpon|Play Rough|p1a: Kyurem
|-supereffective|p1a: Kyurem
|-damage|p1a: Kyurem|22/100
|move|p1a: Kyurem|Freeze-Dry|p2a: Ogerpon
|-supereffective|p2a: Ogerpon
|-damage|p2a: Ogerpon|0 fnt
|faint|p2a: Ogerpon
|
|upkeep
|
|t:|1779562779
|switch|p2a: Kingambit|Kingambit, M|100/100
|-activate|p2a: Kingambit|ability: Supreme Overlord
|-start|p2a: Kingambit|fallen1|[silent]
|turn|9
|
|t:|1779562780
|move|p2a: Kingambit|Sucker Punch|p1a: Kyurem
|-damage|p1a: Kyurem|0 fnt
|faint|p1a: Kyurem
|
|upkeep
|
|t:|1779562783
|switch|p1a: Landorus|Landorus-Therian, M|100/100
|-damage|p1a: Landorus|88/100|[from] Stealth Rock
|-ability|p1a: Landorus|Intimidate|boost
|-unboost|p2a: Kingambit|atk|1
|turn|10
|
|t:|1779562789
|-end|p2a: Kingambit|fallen1|[silent]
|switch|p2a: Garchomp|Garchomp, M|100/100
|move|p1a: Landorus|Stealth Rock|p2a: Garchomp
|-sidestart|p2: TechBuster|move: Stealth Rock
|
|upkeep
|turn|11
|
|t:|1779562795
|switch|p2a: Zapdos|Zapdos|100/100
|move|p1a: Landorus|Taunt|p2a: Zapdos
|-start|p2a: Zapdos|move: Taunt
|
|upkeep
|turn|12
|
|t:|1779562803
|move|p2a: Zapdos|Hurricane|p1a: Landorus|[miss]
|-miss|p2a: Zapdos|p1a: Landorus
|move|p1a: Landorus|U-turn|p2a: Zapdos
|-resisted|p2a: Zapdos
|-damage|p2a: Zapdos|89/100
|-status|p1a: Landorus|par|[from] ability: Static|[of] p2a: Zapdos
|
|t:|1779562806
|switch|p1a: Samurott|Samurott-Hisui, F|100/100|[from] U-turn
|-damage|p1a: Samurott|88/100|[from] Stealth Rock
|
|upkeep
|turn|13
|
|t:|1779562811
|move|p2a: Zapdos|Volt Switch|p1a: Samurott
|-supereffective|p1a: Samurott
|-damage|p1a: Samurott|45/100
|
|t:|1779562814
|switch|p2a: Garchomp|Garchomp, M|100/100|[from] Volt Switch
|-damage|p2a: Garchomp|94/100|[from] Stealth Rock
|move|p1a: Samurott|Knock Off|p2a: Garchomp
|-damage|p2a: Garchomp|70/100
|-damage|p1a: Samurott|32/100|[from] ability: Rough Skin|[of] p2a: Garchomp
|-damage|p1a: Samurott|16/100|[from] item: Rocky Helmet|[of] p2a: Garchomp
|-enditem|p2a: Garchomp|Rocky Helmet|[from] move: Knock Off|[of] p1a: Samurott
|
|upkeep
|turn|14
|
|t:|1779562816
|move|p2a: Garchomp|Spikes|p1a: Samurott
|-sidestart|p1: AmonacookieCutter|Spikes
|move|p1a: Samurott|Ceaseless Edge|p2a: Garchomp|[miss]
|-miss|p1a: Samurott|p2a: Garchomp
|
|upkeep
|turn|15
|
|t:|1779562819
|move|p2a: Garchomp|Spikes|p1a: Samurott
|-sidestart|p1: AmonacookieCutter|Spikes
|move|p1a: Samurott|Ceaseless Edge|p2a: Garchomp
|-damage|p2a: Garchomp|43/100
|-damage|p1a: Samurott|3/100|[from] ability: Rough Skin|[of] p2a: Garchomp
|-sidestart|p2: TechBuster|Spikes
|
|upkeep
|turn|16
|
|t:|1779562826
|move|p1a: Samurott|Sucker Punch||[still]
|-fail|p1a: Samurott
|move|p2a: Garchomp|Spikes|p1a: Samurott
|-sidestart|p1: AmonacookieCutter|Spikes
|
|upkeep
|turn|17
|
|t:|1779562831
|move|p1a: Samurott|Sucker Punch|p2a: Garchomp
|-damage|p2a: Garchomp|25/100
|-damage|p1a: Samurott|0 fnt|[from] ability: Rough Skin|[of] p2a: Garchomp
|faint|p1a: Samurott
|move|p2a: Garchomp|Dragon Tail|p1: Samurott|[notarget]
|-fail|p2a: Garchomp
|
|upkeep
|
|t:|1779562834
|switch|p1a: Rillaboom|Rillaboom, F|100/100
|-damage|p1a: Rillaboom|88/100|[from] Stealth Rock
|-damage|p1a: Rillaboom|63/100|[from] Spikes
|-fieldstart|move: Grassy Terrain|[from] ability: Grassy Surge|[of] p1a: Rillaboom
|turn|18
|
|t:|1779562839
|move|p1a: Rillaboom|Grassy Glide|p2a: Garchomp
|-damage|p2a: Garchomp|2/100
|-damage|p1a: Rillaboom|51/100|[from] ability: Rough Skin|[of] p2a: Garchomp
|move|p2a: Garchomp|Dragon Tail|p1a: Rillaboom
|-damage|p1a: Rillaboom|26/100
|drag|p1a: Hawlucha|Hawlucha, F|100/100
|-damage|p1a: Hawlucha|88/100|[from] Stealth Rock
|-enditem|p1a: Hawlucha|Grassy Seed
|-boost|p1a: Hawlucha|def|1|[from] item: Grassy Seed
|
|-heal|p2a: Garchomp|8/100|[from] Grassy Terrain
|upkeep
|turn|19
|
|t:|1779562843
|move|p1a: Hawlucha|Acrobatics|p2a: Garchomp
|-damage|p2a: Garchomp|0 fnt
|-damage|p1a: Hawlucha|76/100|[from] ability: Rough Skin|[of] p2a: Garchomp
|faint|p2a: Garchomp
|
|upkeep
|
|t:|1779562846
|switch|p2a: Zapdos|Zapdos|89/100
|turn|20
|
|t:|1779562851
|-terastallize|p1a: Hawlucha|Steel
|move|p1a: Hawlucha|Swords Dance|p1a: Hawlucha
|-boost|p1a: Hawlucha|atk|2
|move|p2a: Zapdos|Volt Switch|p1a: Hawlucha
|-damage|p1a: Hawlucha|25/100
|
|t:|1779562859
|switch|p2a: Kingambit|Kingambit, M|100/100|[from] Volt Switch
|-damage|p2a: Kingambit|94/100|[from] Stealth Rock
|-damage|p2a: Kingambit|82/100|[from] Spikes
|-activate|p2a: Kingambit|ability: Supreme Overlord
|-start|p2a: Kingambit|fallen2|[silent]
|
|-heal|p1a: Hawlucha|31/100|[from] Grassy Terrain
|-heal|p2a: Kingambit|88/100|[from] Grassy Terrain
|-heal|p2a: Kingambit|94/100|[from] item: Leftovers
|upkeep
|turn|21
|
|t:|1779562861
|move|p2a: Kingambit|Sucker Punch||[still]
|-fail|p2a: Kingambit
|move|p1a: Hawlucha|Roost|p1a: Hawlucha
|-heal|p1a: Hawlucha|81/100
|
|-heal|p1a: Hawlucha|87/100|[from] Grassy Terrain
|-heal|p2a: Kingambit|100/100|[from] Grassy Terrain
|upkeep
|turn|22
|
|t:|1779562866
|-terastallize|p2a: Kingambit|Ghost
|move|p1a: Hawlucha|Swords Dance|p1a: Hawlucha
|-boost|p1a: Hawlucha|atk|2
|move|p2a: Kingambit|Kowtow Cleave|p1a: Hawlucha
|-damage|p1a: Hawlucha|36/100
|
|-heal|p1a: Hawlucha|42/100|[from] Grassy Terrain
|-fieldend|move: Grassy Terrain
|upkeep
|turn|23
|
|t:|1779562873
|move|p2a: Kingambit|Sucker Punch||[still]
|-fail|p2a: Kingambit
|move|p1a: Hawlucha|Roost|p1a: Hawlucha
|-heal|p1a: Hawlucha|92/100
|
|upkeep
|turn|24
|
|t:|1779562876
|move|p1a: Hawlucha|Acrobatics|p2a: Kingambit
|-damage|p2a: Kingambit|0 fnt
|faint|p2a: Kingambit
|-end|p2a: Kingambit|fallen2|[silent]
|
|upkeep
|
|t:|1779562881
|switch|p2a: Zapdos|Zapdos|89/100
|turn|25
|
|t:|1779562883
|move|p1a: Hawlucha|Acrobatics|p2a: Zapdos
|-resisted|p2a: Zapdos
|-damage|p2a: Zapdos|0 fnt
|faint|p2a: Zapdos
|
|upkeep
|
|t:|1779562887
|switch|p2a: Electrode Sr.|Regieleki|100/100
|turn|26
|c|☆TechBuster|gg
|
|t:|1779562890
|move|p1a: Hawlucha|Acrobatics|p2a: Electrode Sr.
|-resisted|p2a: Electrode Sr.
|-damage|p2a: Electrode Sr.|0 fnt
|faint|p2a: Electrode Sr.
|
|upkeep
|c|☆AmonacookieCutter|Gg
|
|t:|1779562895
|switch|p2a: Slowking|Slowking-Galar, M|65/100
|-damage|p2a: Slowking|53/100|[from] Stealth Rock
|-damage|p2a: Slowking|40/100|[from] Spikes
|turn|27
|
|t:|1779562896
|move|p1a: Hawlucha|Acrobatics|p2a: Slowking
|-damage|p2a: Slowking|0 fnt
|faint|p2a: Slowking
|
|win|AmonacookieCutter
|raw|AmonacookieCutter's rating: 1626 &rarr; <strong>1652</strong><br />(+26 for winning)
|raw|TechBuster's rating: 1727 &rarr; <strong>1701</strong><br />(-26 for losing)
|l|☆TechBuster
|player|p2|
|l|☆AmonacookieCutter
|player|p1|
