|j|☆ihymyly
|j|☆Auburn Hills
|t:|1779629670
|gametype|singles
|player|p1|ihymyly|102|1602
|player|p2|Auburn Hills|alder|1694
|gen|9
|tier|[Gen 9] OU
|rated|
|rule|HP Percentage Mod: HP is shown in percentages
|rule|Endless Battle Clause: Forcing endless battles is banned
|rule|Species Clause: Limit one of each Pokémon
|rule|OHKO Clause: OHKO moves are banned
|rule|Evasion Items Clause: Evasion items are banned
|rule|Evasion Moves Clause: Evasion moves are banned
|rule|Evasion Abilities Clause: Evasion abilities are banned
|rule|Sleep Moves Clause: Sleep-inducing moves are banned
|clearpoke
|poke|p1|Darkrai|
|poke|p1|Great Tusk|
|poke|p1|Ogerpon-Wellspring, F|
|poke|p1|Garchomp, F|
|poke|p1|Mimikyu, M|
|poke|p1|Zapdos|
|poke|p2|Iron Moth|
|poke|p2|Umbreon, F|
|poke|p2|Garchomp, M|
|poke|p2|Glimmora, F|
|poke|p2|Gholdengo|
|poke|p2|Dragonite, M|
|teampreview
|
|t:|1779629680
|teamsize|p1|6
|teamsize|p2|6
|start
|switch|p1a: Garchomp|Garchomp, F, shiny|100/100
|switch|p2a: Julia Jacklin|Glimmora, F|100/100
|turn|1
|
|t:|1779629686
|move|p2a: Julia Jacklin|Stealth Rock|p1a: Garchomp
|-sidestart|p1: ihymyly|move: Stealth Rock
|move|p1a: Garchomp|Earthquake|p2a: Julia Jacklin
|-supereffective|p2a: Julia Jacklin
|-enditem|p2a: Julia Jacklin|Focus Sash
|-damage|p2a: Julia Jacklin|1/100
|-activate|p2a: Julia Jacklin|ability: Toxic Debris
|-sidestart|p1: ihymyly|move: Toxic Spikes
|
|upkeep
|turn|2
|
|t:|1779629696
|move|p2a: Julia Jacklin|Earth Power|p1a: Garchomp
|-damage|p1a: Garchomp|71/100
|move|p1a: Garchomp|Stealth Rock|p2a: Julia Jacklin
|-sidestart|p2: Auburn Hills|move: Stealth Rock
|
|upkeep
|turn|3
|
|t:|1779629702
|move|p2a: Julia Jacklin|Earth Power|p1a: Garchomp
|-damage|p1a: Garchomp|44/100
|move|p1a: Garchomp|Spikes|p2a: Julia Jacklin
|-sidestart|p2: Auburn Hills|Spikes
|
|upkeep
|turn|4
|
|t:|1779629712
|move|p2a: Julia Jacklin|Earth Power|p1a: Garchomp
|-damage|p1a: Garchomp|15/100
|move|p1a: Garchomp|Earthquake|p2a: Julia Jacklin
|-supereffective|p2a: Julia Jacklin
|-damage|p2a: Julia Jacklin|0 fnt
|-activate|p2a: Julia Jacklin|ability: Toxic Debris
|-sidestart|p1: ihymyly|move: Toxic Spikes
|faint|p2a: Julia Jacklin
|
|upkeep
|
|t:|1779629717
|switch|p2a: Rat Tally|Garchomp, M|100/100
|-damage|p2a: Rat Tally|94/100|[from] Stealth Rock
|-damage|p2a: Rat Tally|82/100|[from] Spikes
|turn|5
|
|t:|1779629721
|move|p2a: Rat Tally|Scale Shot|p1a: Garchomp
|-supereffective|p1a: Garchomp
|-crit|p1a: Garchomp
|-damage|p1a: Garchomp|0 fnt
|faint|p1a: Garchomp
|-hitcount|p1: Garchomp|1
|-unboost|p2a: Rat Tally|def|1
|-boost|p2a: Rat Tally|spe|1
|
|upkeep
|
|t:|1779629730
|switch|p1a: Perfect Schnoz|Great Tusk|100/100
|turn|6
|
|t:|1779629735
|move|p2a: Rat Tally|Scale Shot|p1a: Perfect Schnoz
|-damage|p1a: Perfect Schnoz|91/100
|-damage|p1a: Perfect Schnoz|83/100
|-damage|p1a: Perfect Schnoz|75/100
|-damage|p1a: Perfect Schnoz|67/100
|-hitcount|p1a: Perfect Schnoz|4
|-unboost|p2a: Rat Tally|def|1
|-boost|p2a: Rat Tally|spe|1
|move|p1a: Perfect Schnoz|Ice Spinner|p2a: Rat Tally
|-supereffective|p2a: Rat Tally
|-damage|p2a: Rat Tally|0 fnt
|-damage|p1a: Perfect Schnoz|55/100|[from] ability: Rough Skin|[of] p2a: Rat Tally
|faint|p2a: Rat Tally
|
|upkeep
|
|t:|1779629740
|switch|p2a: Smino|Gholdengo|100/100
|-damage|p2a: Smino|94/100|[from] Stealth Rock
|-damage|p2a: Smino|82/100|[from] Spikes
|turn|7
|
|t:|1779629748
|-end|p1a: Perfect Schnoz|Protosynthesis|[silent]
|switch|p1a: Zapdos|Zapdos|100/100
|move|p2a: Smino|Shadow Ball|p1a: Zapdos
|-damage|p1a: Zapdos|62/100
|
|upkeep
|turn|8
|
|t:|1779629755
|move|p2a: Smino|Shadow Ball|p1a: Zapdos
|-damage|p1a: Zapdos|19/100
|move|p1a: Zapdos|Volt Switch|p2a: Smino
|-damage|p2a: Smino|48/100
|
|t:|1779629781
|switch|p1a: almost*evil*jordan|Darkrai, shiny|100/100|[from] Volt Switch
|-damage|p1a: almost*evil*jordan|88/100|[from] Stealth Rock
|-status|p1a: almost*evil*jordan|tox
|
|-heal|p1a: almost*evil*jordan|94/100 tox|[from] item: Leftovers
|-damage|p1a: almost*evil*jordan|88/100 tox|[from] psn
|upkeep
|turn|9
|
|t:|1779629785
|move|p2a: Smino|Shadow Ball|p1a: almost*evil*jordan
|-resisted|p1a: almost*evil*jordan
|-damage|p1a: almost*evil*jordan|63/100 tox
|move|p1a: almost*evil*jordan|Dark Pulse|p2a: Smino
|-supereffective|p2a: Smino
|-damage|p2a: Smino|0 fnt
|faint|p2a: Smino
|
|-heal|p1a: almost*evil*jordan|70/100 tox|[from] item: Leftovers
|-damage|p1a: almost*evil*jordan|57/100 tox|[from] psn
|upkeep
|
|t:|1779629792
|switch|p2a: Elucid|Dragonite, M|100/100
|turn|10
|
|t:|1779629796
|move|p1a: almost*evil*jordan|Ice Beam|p2a: Elucid
|-supereffective|p2a: Elucid
|-damage|p2a: Elucid|35/100
|move|p2a: Elucid|Dragon Dance|p2a: Elucid
|-boost|p2a: Elucid|atk|1
|-boost|p2a: Elucid|spe|1
|
|-heal|p1a: almost*evil*jordan|63/100 tox|[from] item: Leftovers
|-damage|p1a: almost*evil*jordan|45/100 tox|[from] psn
|upkeep
|turn|11
|
|t:|1779629802
|move|p2a: Elucid|Ice Spinner|p1a: almost*evil*jordan
|-damage|p1a: almost*evil*jordan|0 fnt
|faint|p1a: almost*evil*jordan
|
|upkeep
|
|t:|1779629810
|switch|p1a: Mimikyu|Mimikyu, M|100/100
|-damage|p1a: Mimikyu|88/100|[from] Stealth Rock
|-status|p1a: Mimikyu|tox
|turn|12
|
|t:|1779629815
|move|p2a: Elucid|Earthquake|p1a: Mimikyu
|-activate|p1a: Mimikyu|ability: Disguise
|-damage|p1a: Mimikyu|88/100 tox
|detailschange|p1a: Mimikyu|Mimikyu-Busted, M
|-damage|p1a: Mimikyu|76/100 tox|[from] pokemon: Mimikyu-Busted
|-enditem|p1a: Mimikyu|Red Card|[of] p2a: Elucid
|drag|p2a: Alvvays|Umbreon, F|100/100
|-damage|p2a: Alvvays|88/100|[from] Stealth Rock
|-damage|p2a: Alvvays|76/100|[from] Spikes
|move|p1a: Mimikyu|Swords Dance|p1a: Mimikyu
|-boost|p1a: Mimikyu|atk|2
|
|-heal|p2a: Alvvays|82/100|[from] item: Leftovers
|-damage|p1a: Mimikyu|70/100 tox|[from] psn
|upkeep
|turn|13
|
|t:|1779629826
|move|p2a: Alvvays|Protect|p2a: Alvvays
|-singleturn|p2a: Alvvays|Protect
|move|p1a: Mimikyu|Play Rough|p2a: Alvvays
|-activate|p2a: Alvvays|move: Protect
|
|-heal|p2a: Alvvays|88/100|[from] item: Leftovers
|-damage|p1a: Mimikyu|57/100 tox|[from] psn
|upkeep
|turn|14
|
|t:|1779629838
|-terastallize|p2a: Alvvays|Water
|move|p1a: Mimikyu|Play Rough|p2a: Alvvays
|-damage|p2a: Alvvays|30/100
|move|p2a: Alvvays|Foul Play|p1a: Mimikyu
|-damage|p1a: Mimikyu|0 fnt
|faint|p1a: Mimikyu
|
|-heal|p2a: Alvvays|36/100|[from] item: Leftovers
|upkeep
|
|t:|1779629850
|switch|p1a: Perfect Schnoz|Great Tusk|55/100
|turn|15
|
|t:|1779629855
|move|p1a: Perfect Schnoz|Rapid Spin|p2a: Alvvays
|-damage|p2a: Alvvays|24/100
|-boost|p1a: Perfect Schnoz|spe|1
|-sideend|p1: ihymyly|Toxic Spikes|[from] move: Rapid Spin|[of] p1a: Perfect Schnoz
|-sideend|p1: ihymyly|Stealth Rock|[from] move: Rapid Spin|[of] p1a: Perfect Schnoz
|move|p2a: Alvvays|Wish|p2a: Alvvays
|
|-heal|p2a: Alvvays|31/100|[from] item: Leftovers
|upkeep
|turn|16
|
|t:|1779629863
|move|p2a: Alvvays|Protect|p2a: Alvvays
|-singleturn|p2a: Alvvays|Protect
|move|p1a: Perfect Schnoz|Headlong Rush|p2a: Alvvays
|-activate|p2a: Alvvays|move: Protect
|
|-heal|p2a: Alvvays|80/100|[from] move: Wish|[wisher] Alvvays
|-heal|p2a: Alvvays|87/100|[from] item: Leftovers
|upkeep
|turn|17
|
|t:|1779629867
|move|p1a: Perfect Schnoz|Knock Off|p2a: Alvvays
|-damage|p2a: Alvvays|64/100
|-enditem|p2a: Alvvays|Leftovers|[from] move: Knock Off|[of] p1a: Perfect Schnoz
|move|p2a: Alvvays|Wish|p2a: Alvvays
|
|upkeep
|turn|18
|
|t:|1779629872
|move|p1a: Perfect Schnoz|Headlong Rush|p2a: Alvvays
|-damage|p2a: Alvvays|22/100
|-unboost|p1a: Perfect Schnoz|def|1
|-unboost|p1a: Perfect Schnoz|spd|1
|move|p2a: Alvvays|Foul Play|p1a: Perfect Schnoz
|-resisted|p1a: Perfect Schnoz
|-damage|p1a: Perfect Schnoz|35/100
|
|-heal|p2a: Alvvays|71/100|[from] move: Wish|[wisher] Alvvays
|upkeep
|turn|19
|
|t:|1779629876
|move|p1a: Perfect Schnoz|Headlong Rush|p2a: Alvvays
|-damage|p2a: Alvvays|28/100
|-unboost|p1a: Perfect Schnoz|def|1
|-unboost|p1a: Perfect Schnoz|spd|1
|move|p2a: Alvvays|Wish|p2a: Alvvays
|
|upkeep
|turn|20
|
|t:|1779629880
|move|p2a: Alvvays|Protect|p2a: Alvvays
|-singleturn|p2a: Alvvays|Protect
|move|p1a: Perfect Schnoz|Headlong Rush|p2a: Alvvays
|-activate|p2a: Alvvays|move: Protect
|
|-heal|p2a: Alvvays|78/100|[from] move: Wish|[wisher] Alvvays
|upkeep
|turn|21
|
|t:|1779629882
|move|p1a: Perfect Schnoz|Headlong Rush|p2a: Alvvays
|-damage|p2a: Alvvays|35/100
|-unboost|p1a: Perfect Schnoz|def|1
|-unboost|p1a: Perfect Schnoz|spd|1
|move|p2a: Alvvays|Wish|p2a: Alvvays
|
|upkeep
|turn|22
|
|t:|1779629888
|move|p2a: Alvvays|Protect|p2a: Alvvays
|-singleturn|p2a: Alvvays|Protect
|move|p1a: Perfect Schnoz|Headlong Rush|p2a: Alvvays
|-activate|p2a: Alvvays|move: Protect
|
|-heal|p2a: Alvvays|85/100|[from] move: Wish|[wisher] Alvvays
|upkeep
|turn|23
|
|t:|1779629890
|move|p1a: Perfect Schnoz|Headlong Rush|p2a: Alvvays
|-damage|p2a: Alvvays|41/100
|-unboost|p1a: Perfect Schnoz|def|1
|-unboost|p1a: Perfect Schnoz|spd|1
|move|p2a: Alvvays|Wish|p2a: Alvvays
|
|upkeep
|turn|24
|
|t:|1779629895
|-end|p1a: Perfect Schnoz|Protosynthesis|[silent]
|switch|p1a: Zapdos|Zapdos|19/100
|move|p2a: Alvvays|Protect||[still]
|-fail|p2a: Alvvays
|
|-heal|p2a: Alvvays|91/100|[from] move: Wish|[wisher] Alvvays
|upkeep
|turn|25
|
|t:|1779629898
|move|p1a: Zapdos|Roost|p1a: Zapdos
|-heal|p1a: Zapdos|69/100
|-singleturn|p1a: Zapdos|move: Roost
|move|p2a: Alvvays|Wish|p2a: Alvvays
|
|upkeep
|turn|26
|
|t:|1779629905
|move|p1a: Zapdos|Volt Switch|p2a: Alvvays
|-supereffective|p2a: Alvvays
|-damage|p2a: Alvvays|62/100
|
|t:|1779629910
|switch|p1a: Perfect Schnoz|Great Tusk|35/100|[from] Volt Switch
|move|p2a: Alvvays|Foul Play|p1a: Perfect Schnoz
|-resisted|p1a: Perfect Schnoz
|-damage|p1a: Perfect Schnoz|22/100
|
|-heal|p2a: Alvvays|100/100|[from] move: Wish|[wisher] Alvvays
|upkeep
|turn|27
|
|t:|1779629925
|-end|p1a: Perfect Schnoz|Protosynthesis|[silent]
|switch|p1a: Zapdos|Zapdos|69/100
|move|p2a: Alvvays|Wish|p2a: Alvvays
|
|upkeep
|turn|28
|
|t:|1779629930
|move|p1a: Zapdos|Thunder Wave|p2a: Alvvays
|-status|p2a: Alvvays|par
|move|p2a: Alvvays|Foul Play|p1a: Zapdos
|-damage|p1a: Zapdos|54/100
|
|upkeep
|turn|29
|
|t:|1779629935
|move|p1a: Zapdos|Hurricane|p2a: Alvvays
|-damage|p2a: Alvvays|77/100 par
|move|p2a: Alvvays|Foul Play|p1a: Zapdos
|-damage|p1a: Zapdos|38/100
|
|upkeep
|turn|30
|
|t:|1779629940
|move|p1a: Zapdos|Hurricane|p2a: Alvvays
|-damage|p2a: Alvvays|55/100 par
|move|p2a: Alvvays|Wish|p2a: Alvvays
|
|upkeep
|turn|31
|
|t:|1779629944
|move|p1a: Zapdos|Roost|p1a: Zapdos
|-heal|p1a: Zapdos|88/100
|-singleturn|p1a: Zapdos|move: Roost
|move|p2a: Alvvays|Foul Play|p1a: Zapdos
|-damage|p1a: Zapdos|71/100
|
|-heal|p2a: Alvvays|100/100 par|[from] move: Wish|[wisher] Alvvays
|upkeep
|turn|32
|
|t:|1779629949
|move|p1a: Zapdos|Hurricane|p2a: Alvvays
|-damage|p2a: Alvvays|76/100 par
|-start|p2a: Alvvays|confusion
|-activate|p2a: Alvvays|confusion
|cant|p2a: Alvvays|par
|
|upkeep
|turn|33
|
|t:|1779629958
|move|p1a: Zapdos|Volt Switch|p2a: Alvvays
|-supereffective|p2a: Alvvays
|-damage|p2a: Alvvays|43/100 par
|
|t:|1779629961
|switch|p1a: Ogerpon|Ogerpon-Wellspring, F|100/100|[from] Volt Switch
|-activate|p2a: Alvvays|confusion
|-damage|p2a: Alvvays|40/100 par|[from] confusion
|
|upkeep
|turn|34
|
|t:|1779629965
|move|p1a: Ogerpon|Horn Leech|p2a: Alvvays
|-supereffective|p2a: Alvvays
|-crit|p2a: Alvvays
|-damage|p2a: Alvvays|0 fnt
|faint|p2a: Alvvays
|
|upkeep
|
|t:|1779629968
|switch|p2a: Elucid|Dragonite, M|35/100
|turn|35
|
|t:|1779629974
|-terastallize|p1a: Ogerpon|Water
|detailschange|p1a: Ogerpon|Ogerpon-Wellspring-Tera, F, tera:Water
|-ability|p1a: Ogerpon|Embody Aspect (Wellspring)|boost
|-boost|p1a: Ogerpon|spd|1
|move|p2a: Elucid|Extreme Speed|p1a: Ogerpon
|-damage|p1a: Ogerpon|57/100
|move|p1a: Ogerpon|Ivy Cudgel|p2a: Elucid|[anim] Ivy Cudgel Water
|-resisted|p2a: Elucid
|-crit|p2a: Elucid
|-damage|p2a: Elucid|0 fnt
|faint|p2a: Elucid
|
|upkeep
|
|t:|1779629977
|switch|p2a: Carly Rae|Iron Moth|100/100
|-damage|p2a: Carly Rae|76/100|[from] Stealth Rock
|-damage|p2a: Carly Rae|63/100|[from] Spikes
|-enditem|p2a: Carly Rae|Booster Energy
|-activate|p2a: Carly Rae|ability: Quark Drive|[fromitem]
|-start|p2a: Carly Rae|quarkdrivespe
|turn|36
|
|t:|1779629982
|move|p2a: Carly Rae|Discharge|p1a: Ogerpon
|-supereffective|p1a: Ogerpon
|-damage|p1a: Ogerpon|12/100
|move|p1a: Ogerpon|Ivy Cudgel|p2a: Carly Rae|[anim] Ivy Cudgel Water
|-supereffective|p2a: Carly Rae
|-damage|p2a: Carly Rae|0 fnt
|faint|p2a: Carly Rae
|-end|p2a: Carly Rae|Quark Drive|[silent]
|
|win|ihymyly
|raw|ihymyly's rating: 1602 &rarr; <strong>1627</strong><br />(+25 for winning)
|raw|Auburn Hills's rating: 1694 &rarr; <strong>1669</strong><br />(-25 for losing)
|l|☆ihymyly
|player|p1|
|l|☆Auburn Hills
|player|p2|
