|j|☆Pikadavid14
|j|☆betterteams123
|t:|1779672242
|gametype|singles
|player|p1|Pikadavid14|lucas|1472
|player|p2|betterteams123|lucas|1513
|gen|9
|tier|[Gen 9] OU
|rated|
|rule|HP Percentage Mod: HP is shown in percentages
|rule|Endless Battle Clause: Forcing endless battles is banned
|rule|Species Clause: Limit one of each Pokémon
|rule|OHKO Clause: OHKO moves are banned
|rule|Evasion Items Clause: Evasion items are banned
|rule|Evasion Moves Clause: Evasion moves are banned
|rule|Evasion Abilities Clause: Evasion abilities are banned
|rule|Sleep Moves Clause: Sleep-inducing moves are banned
|clearpoke
|poke|p1|Iron Moth|
|poke|p1|Ogerpon-Wellspring, F|
|poke|p1|Gholdengo|
|poke|p1|Great Tusk|
|poke|p1|Dragonite, M|
|poke|p1|Ribombee, F|
|poke|p2|Dragapult, M|
|poke|p2|Corviknight, M|
|poke|p2|Blissey, F|
|poke|p2|Alomomola, M|
|poke|p2|Gliscor, M|
|poke|p2|Orthworm, F|
|teampreview
|inactive|Battle timer is ON: inactive players will automatically lose when time's up. (requested by Pikadavid14)
|
|t:|1779672258
|teamsize|p1|6
|teamsize|p2|6
|start
|switch|p1a: Ribombee|Ribombee, F|100/100
|switch|p2a: Gliscor|Gliscor, M|100/100
|turn|1
|
|t:|1779672263
|switch|p1a: Great Tusk|Great Tusk|100/100
|-enditem|p1a: Great Tusk|Booster Energy
|-activate|p1a: Great Tusk|ability: Protosynthesis|[fromitem]
|-start|p1a: Great Tusk|protosynthesisatk
|move|p2a: Gliscor|Protect||[still]
|-fail|p2a: Gliscor
|
|-status|p2a: Gliscor|tox|[from] item: Toxic Orb
|upkeep
|turn|2
|
|t:|1779672271
|switch|p2a: Alomomola|Alomomola, M|100/100
|move|p1a: Great Tusk|Ice Spinner|p2a: Alomomola
|-resisted|p2a: Alomomola
|-damage|p2a: Alomomola|91/100
|
|upkeep
|turn|3
|
|t:|1779672279
|-end|p1a: Great Tusk|Protosynthesis|[silent]
|switch|p1a: Ogerpon|Ogerpon-Wellspring, F|100/100
|move|p2a: Alomomola|Flip Turn|p1a: Ogerpon
|-immune|p1a: Ogerpon|[from] ability: Water Absorb
|
|upkeep
|turn|4
|
|t:|1779672288
|switch|p2a: Dragapult|Dragapult, M|100/100
|move|p1a: Ogerpon|Ivy Cudgel|p2a: Dragapult|[anim] Ivy Cudgel Water
|-resisted|p2a: Dragapult
|-damage|p2a: Dragapult|63/100
|
|upkeep
|turn|5
|
|t:|1779672296
|switch|p1a: Ribombee|Ribombee, F|100/100
|move|p2a: Dragapult|Will-O-Wisp|p1a: Ribombee
|-status|p1a: Ribombee|brn
|
|-damage|p1a: Ribombee|94/100 brn|[from] brn
|upkeep
|turn|6
|
|t:|1779672313
|switch|p2a: Corviknight|Corviknight, M|100/100
|-ability|p2a: Corviknight|Pressure
|move|p1a: Ribombee|Moonblast|p2a: Corviknight
|-resisted|p2a: Corviknight
|-damage|p2a: Corviknight|82/100
|
|-heal|p2a: Corviknight|88/100|[from] item: Leftovers
|-damage|p1a: Ribombee|88/100 brn|[from] brn
|upkeep
|turn|7
|
|t:|1779672325
|move|p1a: Ribombee|Sticky Web|p2a: Corviknight
|-sidestart|p2: betterteams123|move: Sticky Web
|move|p2a: Corviknight|Brave Bird|p1a: Ribombee
|-supereffective|p1a: Ribombee
|-damage|p1a: Ribombee|0 fnt
|faint|p1a: Ribombee
|-damage|p2a: Corviknight|69/100|[from] Recoil
|
|-heal|p2a: Corviknight|75/100|[from] item: Leftovers
|upkeep
|
|t:|1779672332
|switch|p1a: Gholdengo|Gholdengo|100/100
|-item|p1a: Gholdengo|Air Balloon
|turn|8
|
|t:|1779672338
|switch|p2a: Blissey|Blissey, F|100/100
|move|p1a: Gholdengo|Thunderbolt|p2a: Blissey
|-damage|p2a: Blissey|91/100
|-status|p2a: Blissey|par
|
|upkeep
|turn|9
|
|t:|1779672345
|switch|p1a: Great Tusk|Great Tusk|100/100
|-curestatus|p2a: Blissey|par|[from] ability: Natural Cure|[silent]
|switch|p2a: Corviknight|Corviknight, M|75/100
|-ability|p2a: Corviknight|Pressure
|
|-heal|p2a: Corviknight|81/100|[from] item: Leftovers
|upkeep
|turn|10
|
|t:|1779672354
|move|p1a: Great Tusk|Knock Off|p2a: Corviknight
|-damage|p2a: Corviknight|61/100
|-enditem|p2a: Corviknight|Leftovers|[from] move: Knock Off|[of] p1a: Great Tusk
|move|p2a: Corviknight|Defog|p1a: Great Tusk
|-unboost|p1a: Great Tusk|evasion|1
|-sideend|p2: betterteams123|Sticky Web|[from] move: Defog|[of] p2a: Corviknight
|
|upkeep
|turn|11
|
|t:|1779672361
|move|p1a: Great Tusk|Close Combat|p2a: Corviknight
|-damage|p2a: Corviknight|22/100
|-unboost|p1a: Great Tusk|def|1
|-unboost|p1a: Great Tusk|spd|1
|move|p2a: Corviknight|Roost|p2a: Corviknight
|-heal|p2a: Corviknight|72/100
|-singleturn|p2a: Corviknight|move: Roost
|
|upkeep
|turn|12
|
|t:|1779672369
|-end|p1a: Great Tusk|Protosynthesis|[silent]
|switch|p1a: Gholdengo|Gholdengo|100/100
|-item|p1a: Gholdengo|Air Balloon
|move|p2a: Corviknight|Brave Bird|p1a: Gholdengo
|-resisted|p1a: Gholdengo
|-damage|p1a: Gholdengo|80/100
|-enditem|p1a: Gholdengo|Air Balloon
|-damage|p2a: Corviknight|66/100|[from] Recoil
|
|upkeep
|turn|13
|
|t:|1779672380
|move|p1a: Gholdengo|Thunderbolt|p2a: Corviknight
|-supereffective|p2a: Corviknight
|-damage|p2a: Corviknight|9/100
|move|p2a: Corviknight|Roost|p2a: Corviknight
|-heal|p2a: Corviknight|59/100
|-singleturn|p2a: Corviknight|move: Roost
|
|upkeep
|turn|14
|
|t:|1779672387
|switch|p2a: Gliscor|Gliscor, M|100/100 tox
|move|p1a: Gholdengo|Shadow Ball|p2a: Gliscor
|-damage|p2a: Gliscor|65/100 tox
|-unboost|p2a: Gliscor|spd|1
|
|-heal|p2a: Gliscor|77/100 tox|[from] ability: Poison Heal
|upkeep
|turn|15
|
|t:|1779672395
|move|p2a: Gliscor|Protect|p2a: Gliscor
|-singleturn|p2a: Gliscor|Protect
|move|p1a: Gholdengo|Shadow Ball|p2a: Gliscor
|-activate|p2a: Gliscor|move: Protect
|
|-heal|p2a: Gliscor|90/100 tox|[from] ability: Poison Heal
|upkeep
|turn|16
|
|t:|1779672403
|switch|p2a: Blissey|Blissey, F|91/100
|move|p1a: Gholdengo|Shadow Ball|p2a: Blissey
|-immune|p2a: Blissey
|
|upkeep
|turn|17
|
|t:|1779672413
|switch|p1a: Ogerpon|Ogerpon-Wellspring, F|100/100
|move|p2a: Blissey|Shadow Ball|p1a: Ogerpon
|-damage|p1a: Ogerpon|82/100
|-unboost|p1a: Ogerpon|spd|1
|
|upkeep
|turn|18
|
|t:|1779672431
|switch|p2a: Corviknight|Corviknight, M|59/100
|-ability|p2a: Corviknight|Pressure
|move|p1a: Ogerpon|Ivy Cudgel|p2a: Corviknight|[anim] Ivy Cudgel Water
|-damage|p2a: Corviknight|23/100
|
|upkeep
|turn|19
|
|t:|1779672443
|move|p1a: Ogerpon|Ivy Cudgel|p2a: Corviknight|[anim] Ivy Cudgel Water
|-damage|p2a: Corviknight|0 fnt
|faint|p2a: Corviknight
|
|upkeep
|
|t:|1779672446
|switch|p2a: Dragapult|Dragapult, M|63/100
|turn|20
|
|t:|1779672454
|switch|p1a: Gholdengo|Gholdengo|80/100
|-terastallize|p2a: Dragapult|Dragon
|move|p2a: Dragapult|Draco Meteor|p1a: Gholdengo
|-resisted|p1a: Gholdengo
|-damage|p1a: Gholdengo|8/100
|-unboost|p2a: Dragapult|spa|2
|
|upkeep
|turn|21
|
|t:|1779672463
|move|p2a: Dragapult|Draco Meteor|p1a: Gholdengo
|-resisted|p1a: Gholdengo
|-damage|p1a: Gholdengo|0 fnt
|-unboost|p2a: Dragapult|spa|2
|faint|p1a: Gholdengo
|
|upkeep
|
|t:|1779672470
|switch|p1a: Ogerpon|Ogerpon-Wellspring, F|82/100
|turn|22
|
|t:|1779672476
|switch|p2a: Alomomola|Alomomola, M|100/100
|move|p1a: Ogerpon|Ivy Cudgel|p2a: Alomomola|[anim] Ivy Cudgel Water
|-resisted|p2a: Alomomola
|-damage|p2a: Alomomola|86/100
|
|upkeep
|turn|23
|
|t:|1779672483
|move|p1a: Ogerpon|Horn Leech|p2a: Alomomola
|-supereffective|p2a: Alomomola
|-damage|p2a: Alomomola|42/100
|-heal|p1a: Ogerpon|100/100|[from] drain|[of] p2a: Alomomola
|move|p2a: Alomomola|Wish|p2a: Alomomola
|
|upkeep
|turn|24
|
|t:|1779672492
|switch|p2a: Gliscor|Gliscor, M|90/100 tox
|move|p1a: Ogerpon|U-turn|p2a: Gliscor
|-resisted|p2a: Gliscor
|-damage|p2a: Gliscor|79/100 tox
|
|t:|1779672499
|switch|p1a: Great Tusk|Great Tusk|100/100|[from] U-turn
|
|-heal|p2a: Gliscor|100/100 tox|[from] move: Wish|[wisher] Alomomola
|upkeep
|turn|25
|
|t:|1779672506
|switch|p2a: Alomomola|Alomomola, M|75/100
|move|p1a: Great Tusk|Ice Spinner|p2a: Alomomola
|-resisted|p2a: Alomomola
|-damage|p2a: Alomomola|68/100
|
|upkeep
|turn|26
|
|t:|1779672512
|move|p1a: Great Tusk|Close Combat|p2a: Alomomola
|-damage|p2a: Alomomola|37/100
|-unboost|p1a: Great Tusk|def|1
|-unboost|p1a: Great Tusk|spd|1
|move|p2a: Alomomola|Wish|p2a: Alomomola
|
|upkeep
|turn|27
|
|t:|1779672520
|move|p2a: Alomomola|Protect|p2a: Alomomola
|-singleturn|p2a: Alomomola|Protect
|move|p1a: Great Tusk|Ice Spinner|p2a: Alomomola
|-activate|p2a: Alomomola|move: Protect
|
|-heal|p2a: Alomomola|87/100|[from] move: Wish|[wisher] Alomomola
|upkeep
|turn|28
|
|t:|1779672528
|-end|p1a: Great Tusk|Protosynthesis|[silent]
|switch|p1a: Ogerpon|Ogerpon-Wellspring, F|100/100
|move|p2a: Alomomola|Wish|p2a: Alomomola
|
|upkeep
|turn|29
|
|t:|1779672533
|switch|p2a: Dragapult|Dragapult, M, tera:Dragon|63/100
|move|p1a: Ogerpon|Ivy Cudgel|p2a: Dragapult|[anim] Ivy Cudgel Water
|-resisted|p2a: Dragapult
|-damage|p2a: Dragapult|20/100
|
|-heal|p2a: Dragapult|100/100|[from] move: Wish|[wisher] Alomomola
|upkeep
|turn|30
|
|t:|1779672542
|switch|p1a: Dragonite|Dragonite, M|100/100
|move|p2a: Dragapult|Draco Meteor|p1a: Dragonite
|-supereffective|p1a: Dragonite
|-damage|p1a: Dragonite|0 fnt
|-unboost|p2a: Dragapult|spa|2
|faint|p1a: Dragonite
|
|upkeep
|
|t:|1779672551
|switch|p1a: Iron Moth|Iron Moth|100/100
|-enditem|p1a: Iron Moth|Booster Energy
|-activate|p1a: Iron Moth|ability: Quark Drive|[fromitem]
|-start|p1a: Iron Moth|quarkdrivespe
|turn|31
|
|t:|1779672556
|switch|p2a: Blissey|Blissey, F|91/100
|move|p1a: Iron Moth|Fiery Dance|p2a: Blissey
|-damage|p2a: Blissey|78/100
|-boost|p1a: Iron Moth|spa|1
|
|upkeep
|turn|32
|
|t:|1779672563
|move|p1a: Iron Moth|Fiery Dance|p2a: Blissey
|-crit|p2a: Blissey
|-damage|p2a: Blissey|50/100
|move|p2a: Blissey|Calm Mind|p2a: Blissey
|-boost|p2a: Blissey|spa|1
|-boost|p2a: Blissey|spd|1
|
|upkeep
|turn|33
|
|t:|1779672569
|move|p1a: Iron Moth|Fiery Dance|p2a: Blissey
|-damage|p2a: Blissey|39/100
|move|p2a: Blissey|Soft-Boiled|p2a: Blissey
|-heal|p2a: Blissey|89/100
|
|upkeep
|turn|34
|
|t:|1779672577
|move|p1a: Iron Moth|Fiery Dance|p2a: Blissey
|-damage|p2a: Blissey|77/100
|move|p2a: Blissey|Seismic Toss|p1a: Iron Moth
|-damage|p1a: Iron Moth|70/100
|
|upkeep
|turn|35
|
|t:|1779672583
|move|p1a: Iron Moth|Fiery Dance|p2a: Blissey
|-damage|p2a: Blissey|66/100
|-boost|p1a: Iron Moth|spa|1
|move|p2a: Blissey|Seismic Toss|p1a: Iron Moth
|-damage|p1a: Iron Moth|40/100
|
|upkeep
|turn|36
|
|t:|1779672589
|move|p1a: Iron Moth|Sludge Wave|p2a: Blissey
|-damage|p2a: Blissey|47/100
|move|p2a: Blissey|Seismic Toss|p1a: Iron Moth
|-damage|p1a: Iron Moth|10/100
|
|upkeep
|turn|37
|
|t:|1779672595
|move|p1a: Iron Moth|Sludge Wave|p2a: Blissey
|-damage|p2a: Blissey|27/100
|move|p2a: Blissey|Seismic Toss|p1a: Iron Moth
|-damage|p1a: Iron Moth|0 fnt
|faint|p1a: Iron Moth
|-end|p1a: Iron Moth|Quark Drive|[silent]
|
|upkeep
|
|t:|1779672605
|switch|p1a: Great Tusk|Great Tusk|100/100
|turn|38
|
|t:|1779672609
|move|p1a: Great Tusk|Rapid Spin|p2a: Blissey
|-damage|p2a: Blissey|10/100
|-boost|p1a: Great Tusk|spe|1
|move|p2a: Blissey|Seismic Toss|p1a: Great Tusk
|-damage|p1a: Great Tusk|74/100
|
|upkeep
|turn|39
|
|t:|1779672616
|switch|p2a: Alomomola|Alomomola, M|100/100
|move|p1a: Great Tusk|Rapid Spin|p2a: Alomomola
|-damage|p2a: Alomomola|91/100
|-boost|p1a: Great Tusk|spe|1
|
|upkeep
|turn|40
|
|t:|1779672624
|-end|p1a: Great Tusk|Protosynthesis|[silent]
|switch|p1a: Ogerpon|Ogerpon-Wellspring, F|100/100
|move|p2a: Alomomola|Wish|p2a: Alomomola
|
|upkeep
|turn|41
|
|t:|1779672630
|switch|p2a: Orthworm|Orthworm, F|100/100
|move|p1a: Ogerpon|Ivy Cudgel|p2a: Orthworm|[anim] Ivy Cudgel Water
|-damage|p2a: Orthworm|64/100
|
|-heal|p2a: Orthworm|100/100|[from] move: Wish|[wisher] Alomomola
|upkeep
|turn|42
|
|t:|1779672641
|move|p1a: Ogerpon|Ivy Cudgel|p2a: Orthworm|[anim] Ivy Cudgel Water
|-damage|p2a: Orthworm|63/100
|move|p2a: Orthworm|Iron Defense|p2a: Orthworm
|-boost|p2a: Orthworm|def|2
|
|-heal|p2a: Orthworm|69/100|[from] item: Leftovers
|upkeep
|turn|43
|
|t:|1779672650
|move|p1a: Ogerpon|Ivy Cudgel|p2a: Orthworm|[anim] Ivy Cudgel Water
|-damage|p2a: Orthworm|51/100
|move|p2a: Orthworm|Iron Defense|p2a: Orthworm
|-boost|p2a: Orthworm|def|2
|
|-heal|p2a: Orthworm|57/100|[from] item: Leftovers
|upkeep
|turn|44
|
|t:|1779672656
|move|p1a: Ogerpon|Ivy Cudgel|p2a: Orthworm|[anim] Ivy Cudgel Water
|-damage|p2a: Orthworm|44/100
|move|p2a: Orthworm|Rest|p2a: Orthworm
|-status|p2a: Orthworm|slp|[from] move: Rest
|-heal|p2a: Orthworm|100/100 slp|[silent]
|
|upkeep
|turn|45
|
|t:|1779672674
|move|p1a: Ogerpon|Ivy Cudgel|p2a: Orthworm|[anim] Ivy Cudgel Water
|-damage|p2a: Orthworm|88/100 slp
|cant|p2a: Orthworm|slp
|move|p2a: Orthworm|Sleep Talk|p2a: Orthworm
|move|p2a: Orthworm|Rest||[from] move: Sleep Talk|[still]
|-fail|p2a: Orthworm
|
|-heal|p2a: Orthworm|94/100 slp|[from] item: Leftovers
|upkeep
|turn|46
|
|t:|1779672684
|move|p1a: Ogerpon|Ivy Cudgel|p2a: Orthworm|[anim] Ivy Cudgel Water
|-damage|p2a: Orthworm|82/100 slp
|cant|p2a: Orthworm|slp
|move|p2a: Orthworm|Sleep Talk|p2a: Orthworm
|move|p2a: Orthworm|Rest||[from] move: Sleep Talk|[still]
|-fail|p2a: Orthworm
|
|-heal|p2a: Orthworm|88/100 slp|[from] item: Leftovers
|upkeep
|turn|47
|
|t:|1779672693
|move|p1a: Ogerpon|Ivy Cudgel|p2a: Orthworm|[anim] Ivy Cudgel Water
|-crit|p2a: Orthworm
|-damage|p2a: Orthworm|33/100 slp
|-curestatus|p2a: Orthworm|slp|[msg]
|move|p2a: Orthworm|Body Press|p1a: Ogerpon
|-damage|p1a: Ogerpon|0 fnt
|faint|p1a: Ogerpon
|
|-heal|p2a: Orthworm|39/100|[from] item: Leftovers
|upkeep
|
|t:|1779672701
|switch|p1a: Great Tusk|Great Tusk|74/100
|turn|48
|
|t:|1779672706
|move|p1a: Great Tusk|Close Combat|p2a: Orthworm
|-supereffective|p2a: Orthworm
|-damage|p2a: Orthworm|11/100
|-unboost|p1a: Great Tusk|def|1
|-unboost|p1a: Great Tusk|spd|1
|move|p2a: Orthworm|Rest|p2a: Orthworm
|-status|p2a: Orthworm|slp|[from] move: Rest
|-heal|p2a: Orthworm|100/100 slp|[silent]
|
|upkeep
|turn|49
|
|t:|1779672723
|move|p1a: Great Tusk|Close Combat|p2a: Orthworm
|-supereffective|p2a: Orthworm
|-damage|p2a: Orthworm|74/100 slp
|-unboost|p1a: Great Tusk|def|1
|-unboost|p1a: Great Tusk|spd|1
|cant|p2a: Orthworm|slp
|move|p2a: Orthworm|Sleep Talk|p2a: Orthworm
|move|p2a: Orthworm|Iron Defense|p2a: Orthworm|[from] move: Sleep Talk
|-boost|p2a: Orthworm|def|2
|
|-heal|p2a: Orthworm|80/100 slp|[from] item: Leftovers
|upkeep
|turn|50
|
|t:|1779672736
|move|p1a: Great Tusk|Close Combat|p2a: Orthworm
|-supereffective|p2a: Orthworm
|-damage|p2a: Orthworm|57/100 slp
|-unboost|p1a: Great Tusk|def|1
|-unboost|p1a: Great Tusk|spd|1
|cant|p2a: Orthworm|slp
|move|p2a: Orthworm|Sleep Talk|p2a: Orthworm
|move|p2a: Orthworm|Body Press|p1a: Great Tusk|[from] move: Sleep Talk
|-damage|p1a: Great Tusk|0 fnt
|faint|p1a: Great Tusk
|-end|p1a: Great Tusk|Protosynthesis|[silent]
|
|win|betterteams123
|raw|Pikadavid14's rating: 1472 &rarr; <strong>1454</strong><br />(-18 for losing)
|raw|betterteams123's rating: 1513 &rarr; <strong>1531</strong><br />(+18 for winning)
|l|☆betterteams123
|player|p2|
|l|☆Pikadavid14
|player|p1|
