|j|☆yotsuuba
|j|☆gameygame6
|t:|1779687424
|gametype|singles
|player|p1|yotsuuba|clair|1318
|player|p2|gameygame6|beauty-gen4dp|1348
|gen|9
|tier|[Gen 9] OU
|rated|
|rule|HP Percentage Mod: HP is shown in percentages
|rule|Endless Battle Clause: Forcing endless battles is banned
|rule|Species Clause: Limit one of each Pokémon
|rule|OHKO Clause: OHKO moves are banned
|rule|Evasion Items Clause: Evasion items are banned
|rule|Evasion Moves Clause: Evasion moves are banned
|rule|Evasion Abilities Clause: Evasion abilities are banned
|rule|Sleep Moves Clause: Sleep-inducing moves are banned
|clearpoke
|poke|p1|Crawdaunt, F|
|poke|p1|Pelipper, M|
|poke|p1|Azumarill, F|
|poke|p1|Thundurus-Therian, M|
|poke|p1|Slowking-Galar, M|
|poke|p1|Lokix, F|
|poke|p2|Iron Moth|
|poke|p2|Gliscor, F|
|poke|p2|Hatterene, F|
|poke|p2|Ogerpon-Wellspring, F|
|poke|p2|Raging Bolt|
|poke|p2|Zamazenta-*|
|teampreview
|inactive|Battle timer is ON: inactive players will automatically lose when time's up. (requested by gameygame6)
|inactive|gameygame6 has 120 seconds left.
|
|t:|1779687470
|teamsize|p1|6
|teamsize|p2|6
|start
|switch|p1a: Slowking|Slowking-Galar, M|100/100
|switch|p2a: Zamazenta|Zamazenta|100/100
|-ability|p2a: Zamazenta|Dauntless Shield|boost
|-boost|p2a: Zamazenta|def|1
|turn|1
|
|t:|1779687476
|move|p2a: Zamazenta|Light Screen|p2a: Zamazenta
|-sidestart|p2: gameygame6|move: Light Screen
|move|p1a: Slowking|Psychic Noise|p2a: Zamazenta
|-supereffective|p2a: Zamazenta
|-damage|p2a: Zamazenta|78/100
|-start|p2a: Zamazenta|move: Heal Block
|
|upkeep
|turn|2
|
|t:|1779687492
|move|p2a: Zamazenta|Reflect|p2a: Zamazenta
|-sidestart|p2: gameygame6|Reflect
|move|p1a: Slowking|Thunder Wave|p2a: Zamazenta
|-status|p2a: Zamazenta|par
|
|-end|p2a: Zamazenta|move: Heal Block
|upkeep
|turn|3
|
|t:|1779687498
|switch|p2a: Hatterene|Hatterene, F|100/100
|-prepare|p1a: Slowking|Chilly Reception|[premajor]
|move|p1a: Slowking|Chilly Reception|p1a: Slowking
|-weather|Snowscape
|
|t:|1779687505
|switch|p1a: Thundurus|Thundurus-Therian, M|100/100|[from] Chilly Reception
|
|-weather|Snowscape|[upkeep]
|upkeep
|turn|4
|
|t:|1779687523
|move|p1a: Thundurus|Substitute|p1a: Thundurus
|-start|p1a: Thundurus|Substitute
|-damage|p1a: Thundurus|76/100
|move|p2a: Hatterene|Calm Mind|p2a: Hatterene
|-boost|p2a: Hatterene|spa|1
|-boost|p2a: Hatterene|spd|1
|
|-weather|Snowscape|[upkeep]
|upkeep
|turn|5
|
|t:|1779687527
|move|p1a: Thundurus|Nasty Plot|p1a: Thundurus
|-boost|p1a: Thundurus|spa|2
|move|p2a: Hatterene|Draining Kiss|p1a: Thundurus
|-end|p1a: Thundurus|Substitute
|
|-weather|Snowscape|[upkeep]
|upkeep
|turn|6
|
|t:|1779687538
|move|p1a: Thundurus|Wildbolt Storm|p2a: Hatterene
|-damage|p2a: Hatterene|66/100
|move|p2a: Hatterene|Mystical Fire|p1a: Thundurus
|-damage|p1a: Thundurus|32/100
|-unboost|p1a: Thundurus|spa|1
|
|-weather|Snowscape|[upkeep]
|-heal|p2a: Hatterene|72/100|[from] item: Leftovers
|upkeep
|turn|7
|
|t:|1779687549
|switch|p1a: Slowking|Slowking-Galar, M|100/100
|move|p2a: Hatterene|Draining Kiss|p1a: Slowking
|-resisted|p1a: Slowking
|-damage|p1a: Slowking|90/100
|-heal|p2a: Hatterene|82/100|[from] drain|[of] p1a: Slowking
|-damage|p2a: Hatterene|66/100|[from] item: Rocky Helmet|[of] p1a: Slowking
|
|-weather|none
|-heal|p2a: Hatterene|72/100|[from] item: Leftovers
|upkeep
|turn|8
|
|t:|1779687554
|move|p2a: Hatterene|Calm Mind|p2a: Hatterene
|-boost|p2a: Hatterene|spa|1
|-boost|p2a: Hatterene|spd|1
|move|p1a: Slowking|Thunder Wave|p2a: Hatterene
|move|p2a: Hatterene|Thunder Wave|p1a: Slowking|[from] ability: Magic Bounce|[miss]
|-miss|p2a: Hatterene|p1a: Slowking
|
|-heal|p2a: Hatterene|78/100|[from] item: Leftovers
|-sideend|p2: gameygame6|move: Light Screen
|upkeep
|turn|9
|
|t:|1779687559
|move|p2a: Hatterene|Calm Mind|p2a: Hatterene
|-boost|p2a: Hatterene|spa|1
|-boost|p2a: Hatterene|spd|1
|-prepare|p1a: Slowking|Chilly Reception|[premajor]
|move|p1a: Slowking|Chilly Reception|p1a: Slowking
|-weather|Snowscape
|
|t:|1779687565
|switch|p1a: Lokix|Lokix, F|100/100|[from] Chilly Reception
|
|-weather|Snowscape|[upkeep]
|-heal|p2a: Hatterene|84/100|[from] item: Leftovers
|-sideend|p2: gameygame6|Reflect
|upkeep
|turn|10
|
|t:|1779687572
|move|p1a: Lokix|First Impression|p2a: Hatterene
|-damage|p2a: Hatterene|28/100
|move|p2a: Hatterene|Draining Kiss|p1a: Lokix
|-supereffective|p1a: Lokix
|-damage|p1a: Lokix|0 fnt
|-heal|p2a: Hatterene|95/100|[from] drain|[of] p1a: Lokix
|faint|p1a: Lokix
|
|-weather|Snowscape|[upkeep]
|-heal|p2a: Hatterene|100/100|[from] item: Leftovers
|upkeep
|
|t:|1779687583
|switch|p1a: Pelipper|Pelipper, M|100/100
|-weather|RainDance|[from] ability: Drizzle|[of] p1a: Pelipper
|turn|11
|
|t:|1779687594
|move|p1a: Pelipper|U-turn|p2a: Hatterene
|-damage|p2a: Hatterene|93/100
|
|t:|1779687597
|switch|p1a: Slowking|Slowking-Galar, M|100/100|[from] U-turn
|move|p2a: Hatterene|Draining Kiss|p1a: Slowking
|-resisted|p1a: Slowking
|-damage|p1a: Slowking|84/100
|-heal|p2a: Hatterene|100/100|[from] drain|[of] p1a: Slowking
|-damage|p2a: Hatterene|84/100|[from] item: Rocky Helmet|[of] p1a: Slowking
|
|-weather|RainDance|[upkeep]
|-heal|p2a: Hatterene|90/100|[from] item: Leftovers
|upkeep
|turn|12
|
|t:|1779687604
|switch|p1a: Azumarill|Azumarill, F|100/100
|move|p2a: Hatterene|Stored Power|p1a: Azumarill
|-damage|p1a: Azumarill|0 fnt
|faint|p1a: Azumarill
|
|-weather|RainDance|[upkeep]
|-heal|p2a: Hatterene|96/100|[from] item: Leftovers
|upkeep
|
|t:|1779687610
|switch|p1a: Crawdaunt|Crawdaunt, F|100/100
|turn|13
|
|t:|1779687615
|-terastallize|p2a: Hatterene|Water
|move|p1a: Crawdaunt|Knock Off|p2a: Hatterene
|-damage|p2a: Hatterene|5/100
|-enditem|p2a: Hatterene|Leftovers|[from] move: Knock Off|[of] p1a: Crawdaunt
|move|p2a: Hatterene|Draining Kiss|p1a: Crawdaunt
|-supereffective|p1a: Crawdaunt
|-damage|p1a: Crawdaunt|0 fnt
|-heal|p2a: Hatterene|68/100|[from] drain|[of] p1a: Crawdaunt
|faint|p1a: Crawdaunt
|
|-weather|RainDance|[upkeep]
|upkeep
|
|t:|1779687624
|switch|p1a: Slowking|Slowking-Galar, M|100/100
|turn|14
|
|t:|1779687628
|move|p2a: Hatterene|Stored Power|p1a: Slowking
|-damage|p1a: Slowking|1/100
|move|p1a: Slowking|Psychic Noise|p2a: Hatterene
|-damage|p2a: Hatterene|57/100
|-start|p2a: Hatterene|move: Heal Block
|
|-weather|RainDance|[upkeep]
|upkeep
|turn|15
|-message|yotsuuba forfeited.
|
|win|gameygame6
|raw|yotsuuba's rating: 1318 &rarr; <strong>1300</strong><br />(-18 for losing)
|raw|gameygame6's rating: 1348 &rarr; <strong>1366</strong><br />(+18 for winning)
|l|☆yotsuuba
|player|p1|
|l|☆gameygame6
|player|p2|
