|j|☆ChillLanturnYT
|j|☆OlafGrossebaf
|t:|1779623647
|gametype|singles
|player|p1|ChillLanturnYT|palmer|1357
|player|p2|OlafGrossebaf|1|1346
|gen|9
|tier|[Gen 9] OU
|rated|
|rule|HP Percentage Mod: HP is shown in percentages
|rule|Endless Battle Clause: Forcing endless battles is banned
|rule|Species Clause: Limit one of each Pokémon
|rule|OHKO Clause: OHKO moves are banned
|rule|Evasion Items Clause: Evasion items are banned
|rule|Evasion Moves Clause: Evasion moves are banned
|rule|Evasion Abilities Clause: Evasion abilities are banned
|rule|Sleep Moves Clause: Sleep-inducing moves are banned
|clearpoke
|poke|p1|Exeggutor, F|
|poke|p1|Dragonite, F|
|poke|p1|Samurott-Hisui, M|
|poke|p1|Jirachi|
|poke|p1|Iron Treads|
|poke|p1|Raging Bolt|
|poke|p2|Cinderace, M|
|poke|p2|Darkrai|
|poke|p2|Meowscarada, F|
|poke|p2|Heatran, F|
|poke|p2|Corviknight, F|
|poke|p2|Clodsire, F|
|teampreview
|inactive|Battle timer is ON: inactive players will automatically lose when time's up. (requested by ChillLanturnYT)
|
|t:|1779623664
|teamsize|p1|6
|teamsize|p2|6
|start
|switch|p1a: Raging Bolt|Raging Bolt|100/100
|switch|p2a: Meowscarada|Meowscarada, F|100/100
|turn|1
|
|t:|1779623671
|move|p2a: Meowscarada|Triple Axel|p1a: Raging Bolt
|-start|p2a: Meowscarada|typechange|Ice|[from] ability: Protean
|-supereffective|p1a: Raging Bolt
|-damage|p1a: Raging Bolt|84/100
|-supereffective|p1a: Raging Bolt
|-damage|p1a: Raging Bolt|47/100
|-supereffective|p1a: Raging Bolt
|-damage|p1a: Raging Bolt|0 fnt
|faint|p1a: Raging Bolt
|-end|p1a: Raging Bolt|Protosynthesis|[silent]
|-hitcount|p1: Raging Bolt|3
|
|upkeep
|
|t:|1779623680
|switch|p1a: Samurott|Samurott-Hisui, M|100/100
|turn|2
|j| Tsugia
|
|t:|1779623690
|switch|p2a: Darkrai|Darkrai|100/100
|move|p1a: Samurott|Flip Turn|p2a: Darkrai
|-crit|p2a: Darkrai
|-damage|p2a: Darkrai|48/100
|l| Tsugia
|
|t:|1779623698
|switch|p1a: Iron Treads|Iron Treads|100/100|[from] Flip Turn
|
|upkeep
|turn|3
|
|t:|1779623709
|move|p2a: Darkrai|Dark Pulse|p1a: Iron Treads
|-damage|p1a: Iron Treads|44/100
|cant|p1a: Iron Treads|flinch
|
|-heal|p1a: Iron Treads|51/100|[from] item: Leftovers
|upkeep
|turn|4
|
|t:|1779623713
|move|p2a: Darkrai|Dark Pulse|p1a: Iron Treads
|-damage|p1a: Iron Treads|0 fnt
|faint|p1a: Iron Treads
|-end|p1a: Iron Treads|Quark Drive|[silent]
|
|upkeep
|
|t:|1779623716
|switch|p1a: Samurott|Samurott-Hisui, M|100/100
|turn|5
|
|t:|1779623721
|move|p1a: Samurott|Sacred Sword|p2a: Darkrai
|-supereffective|p2a: Darkrai
|-damage|p2a: Darkrai|0 fnt
|faint|p2a: Darkrai
|
|upkeep
|
|t:|1779623732
|switch|p2a: Meowscarada|Meowscarada, F|100/100
|turn|6
|
|t:|1779623735
|move|p2a: Meowscarada|Flower Trick|p1a: Samurott
|-start|p2a: Meowscarada|typechange|Grass|[from] ability: Protean
|-supereffective|p1a: Samurott
|-crit|p1a: Samurott
|-damage|p1a: Samurott|0 fnt
|faint|p1a: Samurott
|
|upkeep
|
|t:|1779623738
|switch|p1a: Exeggutor|Exeggutor, F|100/100
|turn|7
|
|t:|1779623747
|switch|p2a: Clodsire|Clodsire, F|100/100
|move|p1a: Exeggutor|Substitute|p1a: Exeggutor
|-start|p1a: Exeggutor|Substitute
|-damage|p1a: Exeggutor|75/100
|
|upkeep
|turn|8
|
|t:|1779623755
|switch|p2a: Meowscarada|Meowscarada, F|100/100
|move|p1a: Exeggutor|Giga Drain|p2a: Meowscarada
|-resisted|p2a: Meowscarada
|-damage|p2a: Meowscarada|70/100
|-heal|p1a: Exeggutor|89/100|[from] drain|[of] p2a: Meowscarada
|
|upkeep
|turn|9
|
|t:|1779623766
|-terastallize|p1a: Exeggutor|Fairy
|move|p2a: Meowscarada|Triple Axel|p1a: Exeggutor
|-start|p2a: Meowscarada|typechange|Ice|[from] ability: Protean
|-activate|p1a: Exeggutor|move: Substitute|[damage]
|-end|p1a: Exeggutor|Substitute
|-damage|p1a: Exeggutor|55/100
|-hitcount|p1a: Exeggutor|3
|move|p1a: Exeggutor|Giga Drain|p2a: Meowscarada
|-damage|p2a: Meowscarada|12/100
|-heal|p1a: Exeggutor|80/100|[from] drain|[of] p2a: Meowscarada
|
|upkeep
|turn|10
|
|t:|1779623780
|move|p2a: Meowscarada|Triple Axel|p1a: Exeggutor
|-damage|p1a: Exeggutor|68/100
|-damage|p1a: Exeggutor|47/100
|-damage|p1a: Exeggutor|13/100
|-enditem|p1a: Exeggutor|Starf Berry|[eat]
|-boost|p1a: Exeggutor|spa|2|[from] item: Starf Berry
|-hitcount|p1a: Exeggutor|3
|move|p1a: Exeggutor|Substitute|p1a: Exeggutor
|-fail|p1a: Exeggutor|move: Substitute|[weak]
|
|upkeep
|turn|11
|
|t:|1779623799
|move|p2a: Meowscarada|Triple Axel|p1a: Exeggutor
|-damage|p1a: Exeggutor|2/100
|-damage|p1a: Exeggutor|0 fnt
|faint|p1a: Exeggutor
|-hitcount|p1: Exeggutor|2
|
|upkeep
|
|t:|1779623804
|switch|p1a: Jirachi|Jirachi|100/100
|turn|12
|
|t:|1779623813
|switch|p2a: Corviknight|Corviknight, F|100/100
|-ability|p2a: Corviknight|Pressure
|move|p1a: Jirachi|Cosmic Power|p1a: Jirachi
|-boost|p1a: Jirachi|def|1
|-boost|p1a: Jirachi|spd|1
|
|upkeep
|turn|13
|
|t:|1779623819
|move|p1a: Jirachi|Cosmic Power|p1a: Jirachi
|-boost|p1a: Jirachi|def|1
|-boost|p1a: Jirachi|spd|1
|move|p2a: Corviknight|Iron Defense|p2a: Corviknight
|-boost|p2a: Corviknight|def|2
|
|upkeep
|turn|14
|
|t:|1779623822
|move|p1a: Jirachi|Cosmic Power|p1a: Jirachi
|-boost|p1a: Jirachi|def|1
|-boost|p1a: Jirachi|spd|1
|move|p2a: Corviknight|Iron Defense|p2a: Corviknight
|-boost|p2a: Corviknight|def|2
|
|upkeep
|turn|15
|
|t:|1779623828
|move|p1a: Jirachi|Cosmic Power|p1a: Jirachi
|-boost|p1a: Jirachi|def|1
|-boost|p1a: Jirachi|spd|1
|move|p2a: Corviknight|Body Press|p1a: Jirachi
|-damage|p1a: Jirachi|82/100
|
|-heal|p1a: Jirachi|88/100|[from] item: Leftovers
|upkeep
|turn|16
|
|t:|1779623836
|move|p1a: Jirachi|Cosmic Power|p1a: Jirachi
|-boost|p1a: Jirachi|def|1
|-boost|p1a: Jirachi|spd|1
|move|p2a: Corviknight|Iron Defense|p2a: Corviknight
|-boost|p2a: Corviknight|def|2
|
|-heal|p1a: Jirachi|94/100|[from] item: Leftovers
|upkeep
|turn|17
|
|t:|1779623839
|move|p1a: Jirachi|Cosmic Power|p1a: Jirachi
|-boost|p1a: Jirachi|def|1
|-boost|p1a: Jirachi|spd|1
|move|p2a: Corviknight|Body Press|p1a: Jirachi
|-damage|p1a: Jirachi|76/100
|
|-heal|p1a: Jirachi|82/100|[from] item: Leftovers
|upkeep
|turn|18
|
|t:|1779623843
|move|p1a: Jirachi|Wish|p1a: Jirachi
|move|p2a: Corviknight|Body Press|p1a: Jirachi
|-damage|p1a: Jirachi|62/100
|
|-heal|p1a: Jirachi|68/100|[from] item: Leftovers
|upkeep
|turn|19
|
|t:|1779623849
|move|p1a: Jirachi|Charge Beam|p2a: Corviknight
|-supereffective|p2a: Corviknight
|-damage|p2a: Corviknight|77/100
|-boost|p1a: Jirachi|spa|1
|move|p2a: Corviknight|Iron Defense|p2a: Corviknight
|-boost|p2a: Corviknight|def|0
|
|-heal|p1a: Jirachi|100/100|[from] move: Wish|[wisher] Jirachi
|upkeep
|turn|20
|
|t:|1779623856
|-terastallize|p2a: Corviknight|Ground
|move|p1a: Jirachi|Charge Beam|p2a: Corviknight
|-immune|p2a: Corviknight
|move|p2a: Corviknight|Iron Defense|p2a: Corviknight
|-boost|p2a: Corviknight|def|0
|
|upkeep
|turn|21
|
|t:|1779623862
|move|p1a: Jirachi|Stored Power|p2a: Corviknight
|-damage|p2a: Corviknight|0 fnt
|faint|p2a: Corviknight
|
|upkeep
|
|t:|1779623876
|switch|p2a: Meowscarada|Meowscarada, F|12/100
|turn|22
|
|t:|1779623881
|move|p2a: Meowscarada|Knock Off|p1a: Jirachi
|-start|p2a: Meowscarada|typechange|Dark|[from] ability: Protean
|-supereffective|p1a: Jirachi
|-damage|p1a: Jirachi|86/100
|-enditem|p1a: Jirachi|Leftovers|[from] move: Knock Off|[of] p2a: Meowscarada
|move|p1a: Jirachi|Wish|p1a: Jirachi
|
|upkeep
|turn|23
|
|t:|1779623898
|switch|p2a: Heatran|Heatran, F|100/100
|-item|p2a: Heatran|Air Balloon
|move|p1a: Jirachi|Charge Beam|p2a: Heatran
|-damage|p2a: Heatran|86/100
|-boost|p1a: Jirachi|spa|1
|-enditem|p2a: Heatran|Air Balloon
|
|-heal|p1a: Jirachi|100/100|[from] move: Wish|[wisher] Jirachi
|upkeep
|turn|24
|
|t:|1779623905
|move|p1a: Jirachi|Stored Power|p2a: Heatran
|-resisted|p2a: Heatran
|-damage|p2a: Heatran|0 fnt
|faint|p2a: Heatran
|
|upkeep
|
|t:|1779623909
|switch|p2a: Meowscarada|Meowscarada, F|12/100
|turn|25
|
|t:|1779623915
|move|p2a: Meowscarada|Flower Trick|p1a: Jirachi
|-start|p2a: Meowscarada|typechange|Grass|[from] ability: Protean
|-resisted|p1a: Jirachi
|-crit|p1a: Jirachi
|-damage|p1a: Jirachi|84/100
|move|p1a: Jirachi|Charge Beam|p2a: Meowscarada|[miss]
|-miss|p1a: Jirachi|p2a: Meowscarada
|
|upkeep
|turn|26
|
|t:|1779623922
|move|p2a: Meowscarada|Flower Trick|p1a: Jirachi
|-resisted|p1a: Jirachi
|-crit|p1a: Jirachi
|-damage|p1a: Jirachi|67/100
|move|p1a: Jirachi|Wish|p1a: Jirachi
|
|upkeep
|turn|27
|
|t:|1779623926
|move|p2a: Meowscarada|Flower Trick|p1a: Jirachi
|-resisted|p1a: Jirachi
|-crit|p1a: Jirachi
|-damage|p1a: Jirachi|50/100
|move|p1a: Jirachi|Charge Beam|p2a: Meowscarada
|-resisted|p2a: Meowscarada
|-damage|p2a: Meowscarada|0 fnt
|-boost|p1a: Jirachi|spa|1
|faint|p2a: Meowscarada
|
|-heal|p1a: Jirachi|100/100|[from] move: Wish|[wisher] Jirachi
|upkeep
|
|t:|1779623929
|switch|p2a: Cinderace|Cinderace, M|100/100
|turn|28
|
|t:|1779623932
|move|p2a: Cinderace|Pyro Ball|p1a: Jirachi
|-supereffective|p1a: Jirachi
|-damage|p1a: Jirachi|81/100
|-status|p1a: Jirachi|brn
|move|p1a: Jirachi|Stored Power|p2a: Cinderace
|-damage|p2a: Cinderace|0 fnt
|faint|p2a: Cinderace
|
|-damage|p1a: Jirachi|75/100 brn|[from] brn
|upkeep
|-message|OlafGrossebaf forfeited.
|
|win|ChillLanturnYT
|raw|ChillLanturnYT's rating: 1357 &rarr; <strong>1376</strong><br />(+19 for winning)
|raw|OlafGrossebaf's rating: 1346 &rarr; <strong>1327</strong><br />(-19 for losing)
|l|☆OlafGrossebaf
|player|p2|
