|j|☆4W3N0
|j|☆rockeater9000
|t:|1779581999
|gametype|singles
|player|p1|4W3N0|266|1629
|player|p2|rockeater9000|102|1598
|gen|9
|tier|[Gen 9] OU
|rated|
|rule|HP Percentage Mod: HP is shown in percentages
|rule|Endless Battle Clause: Forcing endless battles is banned
|rule|Species Clause: Limit one of each Pokémon
|rule|OHKO Clause: OHKO moves are banned
|rule|Evasion Items Clause: Evasion items are banned
|rule|Evasion Moves Clause: Evasion moves are banned
|rule|Evasion Abilities Clause: Evasion abilities are banned
|rule|Sleep Moves Clause: Sleep-inducing moves are banned
|clearpoke
|poke|p1|Ninetales, F|
|poke|p1|Raging Bolt|
|poke|p1|Walking Wake|
|poke|p1|Great Tusk|
|poke|p1|Cresselia, F|
|poke|p1|Cinderace, F|
|poke|p2|Hydrapple, F|
|poke|p2|Clodsire, F|
|poke|p2|Bronzong|
|poke|p2|Regieleki|
|poke|p2|Pecharunt|
|poke|p2|Walking Wake|
|teampreview
|inactive|Battle timer is ON: inactive players will automatically lose when time's up. (requested by rockeater9000)
|
|t:|1779582005
|teamsize|p1|6
|teamsize|p2|6
|start
|switch|p1a: Ninetales|Ninetales, F|100/100
|switch|p2a: Walking Wake|Walking Wake|100/100
|-weather|SunnyDay|[from] ability: Drought|[of] p1a: Ninetales
|-activate|p2a: Walking Wake|ability: Protosynthesis
|-start|p2a: Walking Wake|protosynthesisspe
|turn|1
|
|t:|1779582009
|switch|p1a: Cresselia|Cresselia, F|100/100
|move|p2a: Walking Wake|Knock Off|p1a: Cresselia
|-supereffective|p1a: Cresselia
|-damage|p1a: Cresselia|81/100
|-enditem|p1a: Cresselia|Eject Button|[from] move: Knock Off|[of] p2a: Walking Wake
|
|-weather|SunnyDay|[upkeep]
|upkeep
|turn|2
|
|t:|1779582015
|-end|p2a: Walking Wake|Protosynthesis|[silent]
|switch|p2a: Regieleki|Regieleki|100/100
|move|p1a: Cresselia|Calm Mind|p1a: Cresselia
|-boost|p1a: Cresselia|spa|1
|-boost|p1a: Cresselia|spd|1
|
|-weather|SunnyDay|[upkeep]
|upkeep
|turn|3
|
|t:|1779582019
|move|p2a: Regieleki|Volt Switch|p1a: Cresselia
|-damage|p1a: Cresselia|64/100
|
|t:|1779582027
|switch|p2a: Bronzong|Bronzong|100/100|[from] Volt Switch
|move|p1a: Cresselia|Ice Beam|p2a: Bronzong
|-resisted|p2a: Bronzong
|-damage|p2a: Bronzong|92/100
|
|-weather|SunnyDay|[upkeep]
|-heal|p2a: Bronzong|98/100|[from] item: Leftovers
|upkeep
|turn|4
|
|t:|1779582039
|switch|p1a: Raging Bolt|Raging Bolt|100/100
|-activate|p1a: Raging Bolt|ability: Protosynthesis
|-start|p1a: Raging Bolt|protosynthesisspa
|move|p2a: Bronzong|Stealth Rock|p1a: Raging Bolt
|-sidestart|p1: 4W3N0|move: Stealth Rock
|
|-weather|SunnyDay|[upkeep]
|-heal|p2a: Bronzong|100/100|[from] item: Leftovers
|upkeep
|turn|5
|
|t:|1779582045
|switch|p2a: Walking Wake|Walking Wake|100/100
|-activate|p2a: Walking Wake|ability: Protosynthesis
|-start|p2a: Walking Wake|protosynthesisspe
|move|p1a: Raging Bolt|Dragon Pulse|p2a: Walking Wake
|-supereffective|p2a: Walking Wake
|-damage|p2a: Walking Wake|0 fnt
|faint|p2a: Walking Wake
|-end|p2a: Walking Wake|Protosynthesis|[silent]
|
|-weather|SunnyDay|[upkeep]
|upkeep
|
|t:|1779582047
|switch|p2a: Clodsire|Clodsire, F|100/100
|turn|6
|
|t:|1779582054
|-end|p1a: Raging Bolt|Protosynthesis|[silent]
|switch|p1a: Cresselia|Cresselia, F|64/100
|-damage|p1a: Cresselia|51/100|[from] Stealth Rock
|move|p2a: Clodsire|Toxic|p1a: Cresselia
|-status|p1a: Cresselia|tox
|
|-weather|SunnyDay|[upkeep]
|-damage|p1a: Cresselia|45/100 tox|[from] psn
|upkeep
|turn|7
|j| Inothtunothtino
|
|t:|1779582064
|move|p1a: Cresselia|Moonlight|p1a: Cresselia
|-heal|p1a: Cresselia|100/100 tox
|move|p2a: Clodsire|Spikes|p1a: Cresselia
|-sidestart|p1: 4W3N0|Spikes
|
|-weather|SunnyDay|[upkeep]
|-damage|p1a: Cresselia|88/100 tox|[from] psn
|upkeep
|turn|8
|
|t:|1779582067
|switch|p1a: Cinderace|Cinderace, F|100/100
|move|p2a: Clodsire|Spikes|p1a: Cinderace
|-sidestart|p1: 4W3N0|Spikes
|
|-weather|none
|upkeep
|turn|9
|
|t:|1779582072
|move|p1a: Cinderace|Will-O-Wisp|p2a: Clodsire
|-status|p2a: Clodsire|brn
|move|p2a: Clodsire|Toxic|p1a: Cinderace
|-status|p1a: Cinderace|tox
|
|-damage|p1a: Cinderace|95/100 tox|[from] psn
|-damage|p2a: Clodsire|94/100 brn|[from] brn
|upkeep
|turn|10
|
|t:|1779582074
|move|p1a: Cinderace|Court Change|p1a: Cinderace
|-start|p1a: Cinderace|typechange|Normal|[from] ability: Libero
|-swapsideconditions
|-activate|p1a: Cinderace|move: Court Change
|move|p2a: Clodsire|Spikes|p1a: Cinderace
|-sidestart|p1: 4W3N0|Spikes
|
|-heal|p2a: Clodsire|100/100 brn|[from] item: Leftovers
|-damage|p1a: Cinderace|83/100 tox|[from] psn
|-damage|p2a: Clodsire|94/100 brn|[from] brn
|upkeep
|turn|11
|
|t:|1779582077
|move|p1a: Cinderace|Court Change|p1a: Cinderace
|-swapsideconditions
|-activate|p1a: Cinderace|move: Court Change
|move|p2a: Clodsire|Spikes|p1a: Cinderace
|-sidestart|p1: 4W3N0|Spikes
|
|-heal|p2a: Clodsire|100/100 brn|[from] item: Leftovers
|-damage|p1a: Cinderace|65/100 tox|[from] psn
|-damage|p2a: Clodsire|94/100 brn|[from] brn
|upkeep
|turn|12
|
|t:|1779582080
|move|p1a: Cinderace|Court Change|p1a: Cinderace
|-swapsideconditions
|-activate|p1a: Cinderace|move: Court Change
|move|p2a: Clodsire|Spikes|p1a: Cinderace
|-sidestart|p1: 4W3N0|Spikes
|
|-heal|p2a: Clodsire|100/100 brn|[from] item: Leftovers
|-damage|p1a: Cinderace|41/100 tox|[from] psn
|-damage|p2a: Clodsire|94/100 brn|[from] brn
|upkeep
|turn|13
|
|t:|1779582083
|move|p1a: Cinderace|U-turn|p2a: Clodsire
|-resisted|p2a: Clodsire
|-crit|p2a: Clodsire
|-damage|p2a: Clodsire|75/100 brn
|
|t:|1779582085
|switch|p1a: Great Tusk|Great Tusk|100/100|[from] U-turn
|-damage|p1a: Great Tusk|84/100|[from] Spikes
|move|p2a: Clodsire|Spikes|p1a: Great Tusk
|-sidestart|p1: 4W3N0|Spikes
|
|-heal|p2a: Clodsire|82/100 brn|[from] item: Leftovers
|-damage|p2a: Clodsire|75/100 brn|[from] brn
|upkeep
|turn|14
|
|t:|1779582090
|switch|p2a: Pecharunt|Pecharunt|100/100
|move|p1a: Great Tusk|Ice Spinner|p2a: Pecharunt
|-damage|p2a: Pecharunt|88/100
|
|upkeep
|turn|15
|
|t:|1779582097
|move|p1a: Great Tusk|Headlong Rush|p2a: Pecharunt
|-supereffective|p2a: Pecharunt
|-damage|p2a: Pecharunt|23/100
|-unboost|p1a: Great Tusk|def|1
|-unboost|p1a: Great Tusk|spd|1
|move|p2a: Pecharunt|Malignant Chain|p1a: Great Tusk
|-resisted|p1a: Great Tusk
|-damage|p1a: Great Tusk|50/100
|-status|p1a: Great Tusk|tox
|-start|p1a: Great Tusk|confusion|[from] ability: Poison Puppeteer|[of] p2a: Pecharunt
|
|-damage|p1a: Great Tusk|44/100 tox|[from] psn
|upkeep
|turn|16
|
|t:|1779582110
|-end|p1a: Great Tusk|Protosynthesis|[silent]
|switch|p1a: Ninetales|Ninetales, F|100/100
|-damage|p1a: Ninetales|76/100|[from] Spikes
|-weather|SunnyDay|[from] ability: Drought|[of] p1a: Ninetales
|move|p2a: Pecharunt|Recover|p2a: Pecharunt
|-heal|p2a: Pecharunt|73/100
|
|-weather|SunnyDay|[upkeep]
|upkeep
|turn|17
|
|t:|1779582115
|move|p1a: Ninetales|Overheat|p2a: Pecharunt
|-damage|p2a: Pecharunt|0 fnt
|-unboost|p1a: Ninetales|spa|2
|faint|p2a: Pecharunt
|
|-weather|SunnyDay|[upkeep]
|upkeep
|
|t:|1779582122
|switch|p2a: Regieleki|Regieleki|100/100
|turn|18
|
|t:|1779582133
|switch|p1a: Great Tusk|Great Tusk|44/100 tox
|-damage|p1a: Great Tusk|19/100 tox|[from] Spikes
|-activate|p1a: Great Tusk|ability: Protosynthesis
|-start|p1a: Great Tusk|protosynthesisatk
|move|p2a: Regieleki|Swift|p1a: Great Tusk
|-damage|p1a: Great Tusk|0 fnt
|faint|p1a: Great Tusk
|-end|p1a: Great Tusk|Protosynthesis|[silent]
|
|-weather|SunnyDay|[upkeep]
|upkeep
|j| NoirSoumission
|
|t:|1779582152
|switch|p1a: Walking Wake|Walking Wake|100/100
|-damage|p1a: Walking Wake|76/100|[from] Spikes
|-activate|p1a: Walking Wake|ability: Protosynthesis
|-start|p1a: Walking Wake|protosynthesisspe
|turn|19
|
|t:|1779582163
|-terastallize|p2a: Regieleki|Electric
|move|p2a: Regieleki|Thunderbolt|p1a: Walking Wake
|-damage|p1a: Walking Wake|0 fnt
|faint|p1a: Walking Wake
|-end|p1a: Walking Wake|Protosynthesis|[silent]
|
|-weather|SunnyDay|[upkeep]
|upkeep
|
|t:|1779582169
|switch|p1a: Raging Bolt|Raging Bolt|100/100
|-damage|p1a: Raging Bolt|75/100|[from] Spikes
|-activate|p1a: Raging Bolt|ability: Protosynthesis
|-start|p1a: Raging Bolt|protosynthesisspa
|turn|20
|
|t:|1779582181
|move|p2a: Regieleki|Volt Switch|p1a: Raging Bolt
|-resisted|p1a: Raging Bolt
|-damage|p1a: Raging Bolt|63/100
|
|t:|1779582187
|switch|p2a: Bronzong|Bronzong|100/100|[from] Volt Switch
|-damage|p2a: Bronzong|94/100|[from] Stealth Rock
|move|p1a: Raging Bolt|Dragon Pulse|p2a: Bronzong
|-resisted|p2a: Bronzong
|-damage|p2a: Bronzong|73/100
|
|-weather|SunnyDay|[upkeep]
|-heal|p1a: Raging Bolt|69/100|[from] item: Leftovers
|-heal|p2a: Bronzong|79/100|[from] item: Leftovers
|upkeep
|turn|21
|
|t:|1779582198
|move|p1a: Raging Bolt|Calm Mind|p1a: Raging Bolt
|-boost|p1a: Raging Bolt|spa|1
|-boost|p1a: Raging Bolt|spd|1
|move|p2a: Bronzong|Body Press|p1a: Raging Bolt
|-damage|p1a: Raging Bolt|50/100
|
|-weather|SunnyDay|[upkeep]
|-heal|p1a: Raging Bolt|56/100|[from] item: Leftovers
|-heal|p2a: Bronzong|85/100|[from] item: Leftovers
|upkeep
|turn|22
|
|t:|1779582203
|move|p1a: Raging Bolt|Dragon Pulse|p2a: Bronzong
|-resisted|p2a: Bronzong
|-damage|p2a: Bronzong|53/100
|move|p2a: Bronzong|Stealth Rock|p1a: Raging Bolt
|-sidestart|p1: 4W3N0|move: Stealth Rock
|
|-weather|SunnyDay|[upkeep]
|-heal|p1a: Raging Bolt|62/100|[from] item: Leftovers
|-heal|p2a: Bronzong|60/100|[from] item: Leftovers
|upkeep
|turn|23
|
|t:|1779582208
|move|p1a: Raging Bolt|Thunderbolt|p2a: Bronzong
|-damage|p2a: Bronzong|0 fnt
|faint|p2a: Bronzong
|
|-weather|none
|-end|p1a: Raging Bolt|Protosynthesis
|-heal|p1a: Raging Bolt|68/100|[from] item: Leftovers
|upkeep
|
|t:|1779582210
|switch|p2a: Clodsire|Clodsire, F|75/100 brn
|-damage|p2a: Clodsire|69/100 brn|[from] Stealth Rock
|-damage|p2a: Clodsire|44/100 brn|[from] Spikes
|turn|24
|
|t:|1779582215
|move|p1a: Raging Bolt|Dragon Pulse|p2a: Clodsire
|-damage|p2a: Clodsire|15/100 brn
|move|p2a: Clodsire|Recover|p2a: Clodsire
|-heal|p2a: Clodsire|65/100 brn
|
|-heal|p1a: Raging Bolt|75/100|[from] item: Leftovers
|-heal|p2a: Clodsire|71/100 brn|[from] item: Leftovers
|-damage|p2a: Clodsire|65/100 brn|[from] brn
|upkeep
|turn|25
|
|t:|1779582222
|move|p1a: Raging Bolt|Dragon Pulse|p2a: Clodsire
|-damage|p2a: Clodsire|39/100 brn
|move|p2a: Clodsire|Toxic|p1a: Raging Bolt
|-status|p1a: Raging Bolt|tox
|
|-heal|p1a: Raging Bolt|81/100 tox|[from] item: Leftovers
|-heal|p2a: Clodsire|45/100 brn|[from] item: Leftovers
|-damage|p1a: Raging Bolt|75/100 tox|[from] psn
|-damage|p2a: Clodsire|39/100 brn|[from] brn
|upkeep
|turn|26
|
|t:|1779582240
|move|p1a: Raging Bolt|Dragon Pulse|p2a: Clodsire
|-damage|p2a: Clodsire|10/100 brn
|move|p2a: Clodsire|Recover|p2a: Clodsire
|-heal|p2a: Clodsire|60/100 brn
|
|-heal|p1a: Raging Bolt|81/100 tox|[from] item: Leftovers
|-heal|p2a: Clodsire|66/100 brn|[from] item: Leftovers
|-damage|p1a: Raging Bolt|68/100 tox|[from] psn
|-damage|p2a: Clodsire|60/100 brn|[from] brn
|upkeep
|turn|27
|
|t:|1779582243
|move|p1a: Raging Bolt|Dragon Pulse|p2a: Clodsire
|-damage|p2a: Clodsire|33/100 brn
|move|p2a: Clodsire|Recover|p2a: Clodsire
|-heal|p2a: Clodsire|83/100 brn
|
|-heal|p1a: Raging Bolt|75/100 tox|[from] item: Leftovers
|-heal|p2a: Clodsire|89/100 brn|[from] item: Leftovers
|-damage|p1a: Raging Bolt|56/100 tox|[from] psn
|-damage|p2a: Clodsire|83/100 brn|[from] brn
|upkeep
|turn|28
|
|t:|1779582246
|move|p1a: Raging Bolt|Dragon Pulse|p2a: Clodsire
|-damage|p2a: Clodsire|55/100 brn
|move|p2a: Clodsire|Earthquake|p1a: Raging Bolt
|-supereffective|p1a: Raging Bolt
|-damage|p1a: Raging Bolt|32/100 tox
|
|-heal|p1a: Raging Bolt|38/100 tox|[from] item: Leftovers
|-heal|p2a: Clodsire|62/100 brn|[from] item: Leftovers
|-damage|p1a: Raging Bolt|13/100 tox|[from] psn
|-damage|p2a: Clodsire|55/100 brn|[from] brn
|upkeep
|turn|29
|
|t:|1779582254
|-end|p1a: Raging Bolt|Protosynthesis|[silent]
|switch|p1a: Cresselia|Cresselia, F|88/100 tox
|-damage|p1a: Cresselia|76/100 tox|[from] Stealth Rock
|move|p2a: Clodsire|Recover|p2a: Clodsire
|-heal|p2a: Clodsire|100/100 brn
|
|-damage|p1a: Cresselia|70/100 tox|[from] psn
|-damage|p2a: Clodsire|94/100 brn|[from] brn
|upkeep
|turn|30
|j| kanaete onegai
|
|t:|1779582261
|switch|p2a: Hydrapple|Hydrapple, F|100/100
|-damage|p2a: Hydrapple|88/100|[from] Stealth Rock
|-damage|p2a: Hydrapple|63/100|[from] Spikes
|move|p1a: Cresselia|Ice Beam|p2a: Hydrapple
|-supereffective|p2a: Hydrapple
|-damage|p2a: Hydrapple|0 fnt
|faint|p2a: Hydrapple
|
|-damage|p1a: Cresselia|58/100 tox|[from] psn
|upkeep
|
|t:|1779582263
|switch|p2a: Regieleki|Regieleki, tera:Electric|100/100
|turn|31
|
|t:|1779582267
|move|p2a: Regieleki|Volt Switch|p1a: Cresselia
|-damage|p1a: Cresselia|25/100 tox
|
|t:|1779582268
|switch|p2a: Clodsire|Clodsire, F|94/100 brn|[from] Volt Switch
|-damage|p2a: Clodsire|88/100 brn|[from] Stealth Rock
|-damage|p2a: Clodsire|63/100 brn|[from] Spikes
|move|p1a: Cresselia|Lunar Dance|p1a: Cresselia
|faint|p1a: Cresselia
|
|-heal|p2a: Clodsire|69/100 brn|[from] item: Leftovers
|-damage|p2a: Clodsire|63/100 brn|[from] brn
|upkeep
|
|t:|1779582291
|switch|p1a: Cinderace|Cinderace, F|41/100 tox
|-heal|p1a: Cinderace|100/100|[from] move: Lunar Dance
|turn|32
|
|t:|1779582301
|move|p1a: Cinderace|Pyro Ball|p2a: Clodsire
|-damage|p2a: Clodsire|0 fnt
|faint|p2a: Clodsire
|
|upkeep
|
|t:|1779582304
|switch|p2a: Regieleki|Regieleki, tera:Electric|100/100
|turn|33
|
|t:|1779582315
|move|p2a: Regieleki|Thunderbolt|p1a: Cinderace
|-damage|p1a: Cinderace|2/100
|move|p1a: Cinderace|U-turn|p2a: Regieleki
|-start|p1a: Cinderace|typechange|Bug|[from] ability: Libero
|-damage|p2a: Regieleki|34/100
|
|t:|1779582323
|switch|p1a: Ninetales|Ninetales, F|76/100|[from] U-turn
|-damage|p1a: Ninetales|51/100|[from] Spikes
|-damage|p1a: Ninetales|26/100|[from] Stealth Rock
|-weather|SunnyDay|[from] ability: Drought|[of] p1a: Ninetales
|
|-weather|SunnyDay|[upkeep]
|upkeep
|turn|34
|
|t:|1779582328
|-terastallize|p1a: Ninetales|Ground
|move|p2a: Regieleki|Thunderbolt|p1a: Ninetales
|-immune|p1a: Ninetales
|move|p1a: Ninetales|Healing Wish|p1a: Ninetales
|faint|p1a: Ninetales
|
|-weather|SunnyDay|[upkeep]
|upkeep
|
|t:|1779582333
|switch|p1a: Raging Bolt|Raging Bolt|13/100 tox
|-heal|p1a: Raging Bolt|100/100|[from] move: Healing Wish
|-damage|p1a: Raging Bolt|75/100|[from] Spikes
|-damage|p1a: Raging Bolt|63/100|[from] Stealth Rock
|-activate|p1a: Raging Bolt|ability: Protosynthesis
|-start|p1a: Raging Bolt|protosynthesisspa
|turn|35
|-message|rockeater9000 forfeited.
|
|win|4W3N0
|raw|4W3N0's rating: 1629 &rarr; <strong>1647</strong><br />(+18 for winning)
|raw|rockeater9000's rating: 1598 &rarr; <strong>1580</strong><br />(-18 for losing)
|l|☆rockeater9000
|player|p2|
|l|☆4W3N0
|player|p1|
|l| NoirSoumission
|l| Inothtunothtino
