|j|☆Siroperation
|j|☆altyWIN
|t:|1779663251
|gametype|singles
|player|p1|Siroperation|101|1503
|player|p2|altyWIN|backpacker|1498
|gen|9
|tier|[Gen 9] OU
|rated|
|rule|HP Percentage Mod: HP is shown in percentages
|rule|Endless Battle Clause: Forcing endless battles is banned
|rule|Species Clause: Limit one of each Pokémon
|rule|OHKO Clause: OHKO moves are banned
|rule|Evasion Items Clause: Evasion items are banned
|rule|Evasion Moves Clause: Evasion moves are banned
|rule|Evasion Abilities Clause: Evasion abilities are banned
|rule|Sleep Moves Clause: Sleep-inducing moves are banned
|clearpoke
|poke|p1|Bellibolt, M|
|poke|p1|Corviknight, M|
|poke|p1|Ting-Lu|
|poke|p1|Slowking-Galar, M|
|poke|p1|Keldeo-Resolute|
|poke|p1|Dragapult, M|
|poke|p2|Volcanion|
|poke|p2|Pelipper, M|
|poke|p2|Iron Treads|
|poke|p2|Kingdra, M|
|poke|p2|Poliwrath, F|
|poke|p2|Iron Valiant|
|teampreview
|inactive|Battle timer is ON: inactive players will automatically lose when time's up. (requested by altyWIN)
|
|t:|1779663311
|teamsize|p1|6
|teamsize|p2|6
|start
|switch|p1a: Bellibolt|Bellibolt, M|100/100
|switch|p2a: Iron Treads|Iron Treads|100/100
|-enditem|p2a: Iron Treads|Booster Energy
|-activate|p2a: Iron Treads|ability: Quark Drive|[fromitem]
|-start|p2a: Iron Treads|quarkdrivespe
|turn|1
|
|t:|1779663329
|move|p2a: Iron Treads|Earthquake|p1a: Bellibolt
|-supereffective|p1a: Bellibolt
|-damage|p1a: Bellibolt|38/100
|move|p1a: Bellibolt|Soak|p2a: Iron Treads
|-start|p2a: Iron Treads|typechange|Water
|
|-heal|p1a: Bellibolt|44/100|[from] item: Leftovers
|upkeep
|turn|2
|inactive|altyWIN has 120 seconds left.
|
|t:|1779663366
|-end|p2a: Iron Treads|Quark Drive|[silent]
|switch|p2a: Kingdra|Kingdra, M|100/100
|switch|p1a: Corviknight|Corviknight, M|100/100
|-ability|p1a: Corviknight|Pressure
|
|upkeep
|turn|3
|inactive|altyWIN has 120 seconds left.
|
|t:|1779663373
|switch|p2a: Pelipper|Pelipper, M|100/100
|-weather|RainDance|[from] ability: Drizzle|[of] p2a: Pelipper
|switch|p1a: Slowking|Slowking-Galar, M|100/100
|
|-weather|RainDance|[upkeep]
|upkeep
|turn|4
|inactive|altyWIN has 120 seconds left.
|
|t:|1779663387
|switch|p2a: Iron Treads|Iron Treads|100/100
|move|p1a: Slowking|Future Sight|p2a: Iron Treads
|-start|p1a: Slowking|move: Future Sight
|
|-weather|RainDance|[upkeep]
|upkeep
|turn|5
|
|t:|1779663393
|switch|p1a: Corviknight|Corviknight, M|100/100
|-ability|p1a: Corviknight|Pressure
|move|p2a: Iron Treads|Stealth Rock|p1a: Corviknight
|-sidestart|p1: Siroperation|move: Stealth Rock
|
|-weather|RainDance|[upkeep]
|upkeep
|turn|6
|
|t:|1779663404
|move|p2a: Iron Treads|Earthquake|p1a: Corviknight
|-immune|p1a: Corviknight
|move|p1a: Corviknight|Defog|p2a: Iron Treads
|-unboost|p2a: Iron Treads|evasion|1
|-sideend|p1: Siroperation|Stealth Rock|[from] move: Defog|[of] p1a: Corviknight
|
|-weather|RainDance|[upkeep]
|-end|p2a: Iron Treads|move: Future Sight
|-resisted|p2a: Iron Treads
|-damage|p2a: Iron Treads|67/100
|upkeep
|turn|7
|
|t:|1779663412
|move|p2a: Iron Treads|Stealth Rock|p1a: Corviknight
|-sidestart|p1: Siroperation|move: Stealth Rock
|move|p1a: Corviknight|Brave Bird|p2a: Iron Treads
|-resisted|p2a: Iron Treads
|-damage|p2a: Iron Treads|51/100
|-damage|p1a: Corviknight|95/100|[from] Recoil
|
|-weather|RainDance|[upkeep]
|-heal|p1a: Corviknight|100/100|[from] item: Leftovers
|upkeep
|turn|8
|
|t:|1779663417
|-end|p2a: Iron Treads|Quark Drive|[silent]
|switch|p2a: Kingdra|Kingdra, M|100/100
|move|p1a: Corviknight|Defog|p2a: Kingdra
|-unboost|p2a: Kingdra|evasion|1
|-sideend|p1: Siroperation|Stealth Rock|[from] move: Defog|[of] p1a: Corviknight
|
|-weather|RainDance|[upkeep]
|upkeep
|turn|9
|
|t:|1779663424
|switch|p1a: Slowking|Slowking-Galar, M|100/100
|move|p2a: Kingdra|Weather Ball|p1a: Slowking
|-damage|p1a: Slowking|55/100
|
|-weather|RainDance|[upkeep]
|upkeep
|turn|10
|
|t:|1779663435
|-terastallize|p2a: Kingdra|Water
|move|p2a: Kingdra|Weather Ball|p1a: Slowking
|-damage|p1a: Slowking|0 fnt
|faint|p1a: Slowking
|
|-weather|none
|upkeep
|
|t:|1779663444
|switch|p1a: Keldeo|Keldeo-Resolute|100/100
|turn|11
|
|t:|1779663448
|switch|p2a: Pelipper|Pelipper, M|100/100
|-weather|RainDance|[from] ability: Drizzle|[of] p2a: Pelipper
|move|p1a: Keldeo|Surf|p2a: Pelipper
|-resisted|p2a: Pelipper
|-damage|p2a: Pelipper|23/100
|
|-weather|RainDance|[upkeep]
|upkeep
|turn|12
|
|t:|1779663464
|switch|p1a: Dragapult|Dragapult, M|100/100
|switch|p2a: Volcanion|Volcanion|100/100
|
|-weather|RainDance|[upkeep]
|upkeep
|turn|13
|
|t:|1779663479
|move|p1a: Dragapult|Dragon Darts|p2a: Volcanion
|-damage|p2a: Volcanion|87/100
|-anim|p1a: Dragapult|Dragon Darts|p2a: Volcanion
|-damage|p2a: Volcanion|73/100
|move|p2a: Volcanion|Steam Eruption|p1a: Dragapult
|-resisted|p1a: Dragapult
|-damage|p1a: Dragapult|43/100
|
|-weather|RainDance|[upkeep]
|upkeep
|turn|14
|
|t:|1779663490
|move|p1a: Dragapult|U-turn|p2a: Volcanion
|-resisted|p2a: Volcanion
|-damage|p2a: Volcanion|68/100
|
|t:|1779663492
|switch|p1a: Bellibolt|Bellibolt, M|44/100|[from] U-turn
|move|p2a: Volcanion|Steam Eruption|p1a: Bellibolt
|-damage|p1a: Bellibolt|0 fnt
|faint|p1a: Bellibolt
|
|-weather|RainDance|[upkeep]
|upkeep
|
|t:|1779663494
|switch|p1a: Ting-Lu|Ting-Lu|100/100
|-ability|p1a: Ting-Lu|Vessel of Ruin
|turn|15
|
|t:|1779663500
|move|p2a: Volcanion|Steam Eruption|p1a: Ting-Lu
|-supereffective|p1a: Ting-Lu
|-damage|p1a: Ting-Lu|10/100
|move|p1a: Ting-Lu|Earthquake|p2a: Volcanion
|-supereffective|p2a: Volcanion
|-damage|p2a: Volcanion|25/100
|
|-weather|RainDance|[upkeep]
|upkeep
|turn|16
|
|t:|1779663510
|move|p2a: Volcanion|Steam Eruption|p1a: Ting-Lu
|-supereffective|p1a: Ting-Lu
|-damage|p1a: Ting-Lu|0 fnt
|faint|p1a: Ting-Lu
|
|-weather|RainDance|[upkeep]
|upkeep
|
|t:|1779663533
|switch|p1a: Dragapult|Dragapult, M|43/100
|turn|17
|
|t:|1779663543
|switch|p2a: Iron Valiant|Iron Valiant|100/100
|-enditem|p2a: Iron Valiant|Booster Energy
|-activate|p2a: Iron Valiant|ability: Quark Drive|[fromitem]
|-start|p2a: Iron Valiant|quarkdrivespe
|move|p1a: Dragapult|Dragon Darts|p2a: Iron Valiant
|-immune|p2a: Iron Valiant
|
|-weather|RainDance|[upkeep]
|upkeep
|turn|18
|
|t:|1779663552
|switch|p1a: Corviknight|Corviknight, M|100/100
|-ability|p1a: Corviknight|Pressure
|move|p2a: Iron Valiant|Moonblast|p1a: Corviknight
|-resisted|p1a: Corviknight
|-damage|p1a: Corviknight|83/100
|-unboost|p1a: Corviknight|spa|1
|
|-weather|none
|-heal|p1a: Corviknight|89/100|[from] item: Leftovers
|upkeep
|turn|19
|
|t:|1779663560
|-end|p2a: Iron Valiant|Quark Drive|[silent]
|switch|p2a: Pelipper|Pelipper, M|23/100
|-weather|RainDance|[from] ability: Drizzle|[of] p2a: Pelipper
|move|p1a: Corviknight|Brave Bird|p2a: Pelipper
|-damage|p2a: Pelipper|0 fnt
|faint|p2a: Pelipper
|-damage|p1a: Corviknight|83/100|[from] Recoil
|
|-weather|RainDance|[upkeep]
|-heal|p1a: Corviknight|89/100|[from] item: Leftovers
|upkeep
|
|t:|1779663563
|switch|p2a: Kingdra|Kingdra, M, tera:Water|100/100
|turn|20
|
|t:|1779663572
|switch|p1a: Dragapult|Dragapult, M|43/100
|move|p2a: Kingdra|Weather Ball|p1a: Dragapult
|-resisted|p1a: Dragapult
|-damage|p1a: Dragapult|0 fnt
|faint|p1a: Dragapult
|
|-weather|RainDance|[upkeep]
|upkeep
|
|t:|1779663576
|switch|p1a: Keldeo|Keldeo-Resolute|100/100
|turn|21
|inactive|Siroperation has 120 seconds left.
|
|t:|1779663627
|move|p2a: Kingdra|Weather Ball|p1a: Keldeo
|-resisted|p1a: Keldeo
|-damage|p1a: Keldeo|22/100
|move|p1a: Keldeo|Focus Blast|p2a: Kingdra
|-damage|p2a: Kingdra|0 fnt
|faint|p2a: Kingdra
|
|-weather|RainDance|[upkeep]
|upkeep
|
|t:|1779663656
|switch|p2a: Poliwrath|Poliwrath, F|100/100
|turn|22
|
|t:|1779663665
|switch|p1a: Corviknight|Corviknight, M|89/100
|-ability|p1a: Corviknight|Pressure
|move|p2a: Poliwrath|Liquidation|p1a: Corviknight
|-damage|p1a: Corviknight|34/100
|
|-weather|RainDance|[upkeep]
|-heal|p1a: Corviknight|40/100|[from] item: Leftovers
|upkeep
|turn|23
|
|t:|1779663691
|-terastallize|p1a: Corviknight|Dragon
|move|p2a: Poliwrath|Liquidation|p1a: Corviknight
|-resisted|p1a: Corviknight
|-damage|p1a: Corviknight|15/100
|move|p1a: Corviknight|Roost|p1a: Corviknight
|-heal|p1a: Corviknight|65/100
|
|-weather|RainDance|[upkeep]
|-heal|p1a: Corviknight|71/100|[from] item: Leftovers
|upkeep
|turn|24
|
|t:|1779663702
|switch|p2a: Volcanion|Volcanion|25/100
|move|p1a: Corviknight|Roost|p1a: Corviknight
|-heal|p1a: Corviknight|100/100
|
|-weather|RainDance|[upkeep]
|upkeep
|turn|25
|
|t:|1779663716
|move|p2a: Volcanion|Steam Eruption|p1a: Corviknight
|-resisted|p1a: Corviknight
|-damage|p1a: Corviknight|64/100
|move|p1a: Corviknight|U-turn|p2a: Volcanion
|-resisted|p2a: Volcanion
|-damage|p2a: Volcanion|20/100
|
|t:|1779663721
|switch|p1a: Keldeo|Keldeo-Resolute|22/100|[from] U-turn
|
|-weather|RainDance|[upkeep]
|upkeep
|turn|26
|
|t:|1779663736
|switch|p1a: Corviknight|Corviknight, M, tera:Dragon|64/100
|-ability|p1a: Corviknight|Pressure
|move|p2a: Volcanion|Sludge Bomb|p1a: Corviknight
|-damage|p1a: Corviknight|38/100
|
|-weather|none
|-heal|p1a: Corviknight|44/100|[from] item: Leftovers
|upkeep
|turn|27
|inactive|Siroperation has 120 seconds left.
|
|t:|1779663748
|move|p2a: Volcanion|Sludge Bomb|p1a: Corviknight
|-damage|p1a: Corviknight|17/100
|move|p1a: Corviknight|Roost|p1a: Corviknight
|-heal|p1a: Corviknight|67/100
|
|-heal|p1a: Corviknight|73/100|[from] item: Leftovers
|upkeep
|turn|28
|
|t:|1779663754
|move|p2a: Volcanion|Sludge Bomb|p1a: Corviknight
|-damage|p1a: Corviknight|49/100
|move|p1a: Corviknight|Roost|p1a: Corviknight
|-heal|p1a: Corviknight|99/100
|
|-heal|p1a: Corviknight|100/100|[from] item: Leftovers
|upkeep
|turn|29
|
|t:|1779663762
|move|p2a: Volcanion|Sludge Bomb|p1a: Corviknight
|-damage|p1a: Corviknight|76/100
|-status|p1a: Corviknight|psn
|move|p1a: Corviknight|Brave Bird|p2a: Volcanion
|-damage|p2a: Volcanion|0 fnt
|faint|p2a: Volcanion
|-damage|p1a: Corviknight|70/100 psn|[from] Recoil
|
|-heal|p1a: Corviknight|76/100 psn|[from] item: Leftovers
|-damage|p1a: Corviknight|63/100 psn|[from] psn
|upkeep
|
|t:|1779663766
|switch|p2a: Iron Valiant|Iron Valiant|100/100
|turn|30
|
|t:|1779663768
|move|p2a: Iron Valiant|Moonblast|p1a: Corviknight
|-supereffective|p1a: Corviknight
|-damage|p1a: Corviknight|0 fnt
|faint|p1a: Corviknight
|
|upkeep
|
|t:|1779663770
|switch|p1a: Keldeo|Keldeo-Resolute|22/100
|turn|31
|
|t:|1779663786
|move|p2a: Iron Valiant|Moonblast|p1a: Keldeo
|-supereffective|p1a: Keldeo
|-damage|p1a: Keldeo|0 fnt
|faint|p1a: Keldeo
|
|win|altyWIN
|raw|Siroperation's rating: 1503 &rarr; <strong>1482</strong><br />(-21 for losing)
|raw|altyWIN's rating: 1481 &rarr; <strong>1502</strong><br />(+21 for winning)
|l|☆Siroperation
|player|p1|
|l|☆altyWIN
|player|p2|
