|j|☆AmonacookieCutter
|j|☆blabab
|t:|1779581354
|gametype|singles
|player|p1|AmonacookieCutter|cyclist-gen4|1571
|player|p2|blabab|miku-ground|1546
|gen|9
|tier|[Gen 9] OU
|rated|
|rule|HP Percentage Mod: HP is shown in percentages
|rule|Endless Battle Clause: Forcing endless battles is banned
|rule|Species Clause: Limit one of each Pokémon
|rule|OHKO Clause: OHKO moves are banned
|rule|Evasion Items Clause: Evasion items are banned
|rule|Evasion Moves Clause: Evasion moves are banned
|rule|Evasion Abilities Clause: Evasion abilities are banned
|rule|Sleep Moves Clause: Sleep-inducing moves are banned
|clearpoke
|poke|p1|Dragonite, F|
|poke|p1|Great Tusk|
|poke|p1|Deoxys-Speed|
|poke|p1|Gholdengo|
|poke|p1|Zamazenta-*|
|poke|p1|Iron Valiant|
|poke|p2|Thundurus, M|
|poke|p2|Kingambit, F|
|poke|p2|Ogerpon-Cornerstone, F|
|poke|p2|Primarina, M|
|poke|p2|Gholdengo|
|poke|p2|Blaziken, F|
|teampreview
|inactive|Battle timer is ON: inactive players will automatically lose when time's up. (requested by blabab)
|inactive|AmonacookieCutter also wants the timer to be on.
|
|t:|1779581364
|teamsize|p1|6
|teamsize|p2|6
|start
|switch|p1a: Deoxys|Deoxys-Speed|100/100
|switch|p2a: Primarina|Primarina, M|100/100
|-ability|p1a: Deoxys|Pressure
|turn|1
|
|t:|1779581370
|move|p1a: Deoxys|Stealth Rock|p2a: Primarina
|-sidestart|p2: blabab|move: Stealth Rock
|move|p2a: Primarina|Substitute|p2a: Primarina
|-start|p2a: Primarina|Substitute
|-damage|p2a: Primarina|75/100
|
|upkeep
|turn|2
|
|t:|1779581373
|move|p1a: Deoxys|Taunt|p2a: Primarina
|-start|p2a: Primarina|move: Taunt
|cant|p2a: Primarina|move: Taunt|Calm Mind
|
|upkeep
|turn|3
|
|t:|1779581377
|move|p1a: Deoxys|Spikes|p2a: Primarina
|-sidestart|p2: blabab|Spikes
|move|p2a: Primarina|Surf|p1a: Deoxys
|-damage|p1a: Deoxys|42/100
|
|upkeep
|turn|4
|
|t:|1779581381
|move|p1a: Deoxys|Spikes|p2a: Primarina
|-sidestart|p2: blabab|Spikes
|move|p2a: Primarina|Surf|p1a: Deoxys
|-damage|p1a: Deoxys|0 fnt
|faint|p1a: Deoxys
|
|-end|p2a: Primarina|move: Taunt
|upkeep
|
|t:|1779581387
|switch|p1a: Gholdengo|Gholdengo|100/100
|turn|5
|
|t:|1779581390
|move|p1a: Gholdengo|Shadow Ball|p2a: Primarina
|-end|p2a: Primarina|Substitute
|move|p2a: Primarina|Calm Mind|p2a: Primarina
|-boost|p2a: Primarina|spa|1
|-boost|p2a: Primarina|spd|1
|
|upkeep
|turn|6
|
|t:|1779581393
|move|p1a: Gholdengo|Nasty Plot|p1a: Gholdengo
|-boost|p1a: Gholdengo|spa|2
|move|p2a: Primarina|Surf|p1a: Gholdengo
|-damage|p1a: Gholdengo|25/100
|
|upkeep
|turn|7
|-enditem|p1a: Gholdengo|Custap Berry|[eat]
|-activate|p1a: Gholdengo|item: Custap Berry|[consumed]
|
|t:|1779581397
|move|p1a: Gholdengo|Make It Rain|p2a: Primarina
|-damage|p2a: Primarina|5/100
|-unboost|p1a: Gholdengo|spa|1
|move|p2a: Primarina|Surf|p1a: Gholdengo
|-damage|p1a: Gholdengo|0 fnt
|faint|p1a: Gholdengo
|
|upkeep
|
|t:|1779581405
|switch|p1a: Great Tusk|Great Tusk|100/100
|-enditem|p1a: Great Tusk|Booster Energy
|-activate|p1a: Great Tusk|ability: Protosynthesis|[fromitem]
|-start|p1a: Great Tusk|protosynthesisspe
|turn|8
|-enditem|p2a: Primarina|Custap Berry|[eat]
|-activate|p2a: Primarina|item: Custap Berry|[consumed]
|
|t:|1779581410
|move|p2a: Primarina|Surf|p1a: Great Tusk
|-supereffective|p1a: Great Tusk
|-damage|p1a: Great Tusk|0 fnt
|faint|p1a: Great Tusk
|-end|p1a: Great Tusk|Protosynthesis|[silent]
|
|upkeep
|
|t:|1779581419
|switch|p1a: Zamazenta|Zamazenta|100/100
|-ability|p1a: Zamazenta|Dauntless Shield|boost
|-boost|p1a: Zamazenta|def|1
|turn|9
|
|t:|1779581421
|move|p1a: Zamazenta|Heavy Slam|p2a: Primarina
|-damage|p2a: Primarina|0 fnt
|faint|p2a: Primarina
|-damage|p1a: Zamazenta|91/100|[from] item: Life Orb
|
|upkeep
|
|t:|1779581431
|switch|p2a: Gholdengo|Gholdengo|100/100
|-damage|p2a: Gholdengo|94/100|[from] Stealth Rock
|-damage|p2a: Gholdengo|78/100|[from] Spikes
|turn|10
|
|t:|1779581445
|move|p2a: Gholdengo|Thunder Wave|p1a: Zamazenta
|-status|p1a: Zamazenta|par
|move|p1a: Zamazenta|Crunch|p2a: Gholdengo
|-supereffective|p2a: Gholdengo
|-damage|p2a: Gholdengo|0 fnt
|faint|p2a: Gholdengo
|-damage|p1a: Zamazenta|81/100 par|[from] item: Life Orb
|
|upkeep
|
|t:|1779581456
|switch|p2a: Thundurus|Thundurus, M|100/100
|turn|11
|
|t:|1779581466
|move|p2a: Thundurus|Knock Off|p1a: Zamazenta
|-resisted|p1a: Zamazenta
|-damage|p1a: Zamazenta|72/100 par
|-enditem|p1a: Zamazenta|Life Orb|[from] move: Knock Off|[of] p2a: Thundurus
|move|p1a: Zamazenta|Ice Fang|p2a: Thundurus
|-supereffective|p2a: Thundurus
|-crit|p2a: Thundurus
|-damage|p2a: Thundurus|0 fnt
|faint|p2a: Thundurus
|
|upkeep
|
|t:|1779581476
|switch|p2a: Blaziken|Blaziken, F|100/100
|-damage|p2a: Blaziken|88/100|[from] Stealth Rock
|-damage|p2a: Blaziken|72/100|[from] Spikes
|turn|12
|
|t:|1779581491
|move|p2a: Blaziken|Protect|p2a: Blaziken
|-singleturn|p2a: Blaziken|Protect
|move|p1a: Zamazenta|Close Combat|p2a: Blaziken
|-activate|p2a: Blaziken|move: Protect
|
|-ability|p2a: Blaziken|Speed Boost|boost
|-boost|p2a: Blaziken|spe|1
|upkeep
|turn|13
|
|t:|1779581494
|move|p2a: Blaziken|Close Combat|p1a: Zamazenta
|-damage|p1a: Zamazenta|21/100 par
|-unboost|p2a: Blaziken|def|1
|-unboost|p2a: Blaziken|spd|1
|-damage|p2a: Blaziken|62/100|[from] item: Life Orb
|move|p1a: Zamazenta|Close Combat|p2a: Blaziken
|-damage|p2a: Blaziken|0 fnt
|-unboost|p1a: Zamazenta|def|1
|-unboost|p1a: Zamazenta|spd|1
|faint|p2a: Blaziken
|
|upkeep
|
|t:|1779581498
|switch|p2a: Ogerpon|Ogerpon-Cornerstone, F|100/100
|-damage|p2a: Ogerpon|88/100|[from] Stealth Rock
|-damage|p2a: Ogerpon|72/100|[from] Spikes
|turn|14
|
|t:|1779581502
|move|p2a: Ogerpon|Ivy Cudgel|p1a: Zamazenta|[anim] Ivy Cudgel Rock
|-resisted|p1a: Zamazenta
|-crit|p1a: Zamazenta
|-damage|p1a: Zamazenta|0 fnt
|faint|p1a: Zamazenta
|
|upkeep
|
|t:|1779581506
|switch|p1a: Iron Valiant|Iron Valiant|100/100
|-enditem|p1a: Iron Valiant|Booster Energy
|-activate|p1a: Iron Valiant|ability: Quark Drive|[fromitem]
|-start|p1a: Iron Valiant|quarkdrivespe
|turn|15
|
|t:|1779581513
|move|p1a: Iron Valiant|Moonblast|p2a: Ogerpon
|-damage|p2a: Ogerpon|19/100
|move|p2a: Ogerpon|Encore|p1a: Iron Valiant
|-start|p1a: Iron Valiant|Encore
|
|upkeep
|turn|16
|
|t:|1779581517
|move|p1a: Iron Valiant|Moonblast|p2a: Ogerpon
|-damage|p2a: Ogerpon|0 fnt
|faint|p2a: Ogerpon
|
|upkeep
|
|t:|1779581519
|switch|p2a: Kingambit|Kingambit, F|100/100
|-damage|p2a: Kingambit|94/100|[from] Stealth Rock
|-damage|p2a: Kingambit|78/100|[from] Spikes
|-activate|p2a: Kingambit|ability: Supreme Overlord
|-start|p2a: Kingambit|fallen5|[silent]
|turn|17
|
|t:|1779581522
|-end|p1a: Iron Valiant|Quark Drive|[silent]
|switch|p1a: Dragonite|Dragonite, F|100/100
|move|p2a: Kingambit|Swords Dance|p2a: Kingambit
|-boost|p2a: Kingambit|atk|2
|
|-heal|p2a: Kingambit|84/100|[from] item: Leftovers
|upkeep
|turn|18
|
|t:|1779581530
|-terastallize|p1a: Dragonite|Fire
|-terastallize|p2a: Kingambit|Flying
|move|p1a: Dragonite|Fire Punch|p2a: Kingambit
|-damage|p2a: Kingambit|41/100
|-damage|p1a: Dragonite|91/100|[from] item: Life Orb
|move|p2a: Kingambit|Kowtow Cleave|p1a: Dragonite
|-damage|p1a: Dragonite|0 fnt
|faint|p1a: Dragonite
|
|-heal|p2a: Kingambit|48/100|[from] item: Leftovers
|upkeep
|
|t:|1779581534
|switch|p1a: Iron Valiant|Iron Valiant|100/100
|turn|19
|
|t:|1779581540
|move|p1a: Iron Valiant|Moonblast|p2a: Kingambit
|-damage|p2a: Kingambit|1/100
|move|p2a: Kingambit|Swords Dance|p2a: Kingambit
|-boost|p2a: Kingambit|atk|2
|
|-heal|p2a: Kingambit|7/100|[from] item: Leftovers
|upkeep
|turn|20
|
|t:|1779581546
|move|p2a: Kingambit|Sucker Punch|p1a: Iron Valiant
|-resisted|p1a: Iron Valiant
|-damage|p1a: Iron Valiant|43/100
|move|p1a: Iron Valiant|Moonblast|p2a: Kingambit
|-damage|p2a: Kingambit|0 fnt
|faint|p2a: Kingambit
|-end|p2a: Kingambit|fallen5|[silent]
|
|win|AmonacookieCutter
|raw|AmonacookieCutter's rating: 1571 &rarr; <strong>1590</strong><br />(+19 for winning)
|raw|blabab's rating: 1546 &rarr; <strong>1527</strong><br />(-19 for losing)
|l|☆AmonacookieCutter
|player|p1|
|l|☆blabab
|player|p2|
