|j|☆ikthoizzykil
|j|☆LOTRsucks
|t:|1779656832
|gametype|singles
|player|p1|ikthoizzykil|pokemaniac-gen3rs|1364
|player|p2|LOTRsucks|169|1374
|gen|9
|tier|[Gen 9] OU
|rated|
|rule|HP Percentage Mod: HP is shown in percentages
|rule|Endless Battle Clause: Forcing endless battles is banned
|rule|Species Clause: Limit one of each Pokémon
|rule|OHKO Clause: OHKO moves are banned
|rule|Evasion Items Clause: Evasion items are banned
|rule|Evasion Moves Clause: Evasion moves are banned
|rule|Evasion Abilities Clause: Evasion abilities are banned
|rule|Sleep Moves Clause: Sleep-inducing moves are banned
|clearpoke
|poke|p1|Slaking, M|
|poke|p1|Rillaboom, M|
|poke|p1|Alomomola, F|
|poke|p1|Garganacl, F|
|poke|p1|Skeledirge, M|
|poke|p1|Skarmory, F|
|poke|p2|Hatterene, F|
|poke|p2|Great Tusk|
|poke|p2|Tornadus-Therian, M|
|poke|p2|Kyurem|
|poke|p2|Slowking-Galar, F|
|poke|p2|Kingambit, F|
|teampreview
|inactive|Battle timer is ON: inactive players will automatically lose when time's up. (requested by ikthoizzykil)
|
|t:|1779656843
|teamsize|p1|6
|teamsize|p2|6
|start
|switch|p1a: Slaking|Slaking, M|100/100
|switch|p2a: Hatterene|Hatterene, F|100/100
|turn|1
|
|t:|1779656852
|move|p1a: Slaking|Knock Off|p2a: Hatterene
|-damage|p2a: Hatterene|72/100
|-damage|p1a: Slaking|84/100|[from] item: Rocky Helmet|[of] p2a: Hatterene
|-enditem|p2a: Hatterene|Rocky Helmet|[from] move: Knock Off|[of] p1a: Slaking
|move|p2a: Hatterene|Draining Kiss|p1a: Slaking
|-damage|p1a: Slaking|72/100
|-heal|p2a: Hatterene|86/100|[from] drain|[of] p1a: Slaking
|
|upkeep
|turn|2
|
|t:|1779656860
|cant|p1a: Slaking|ability: Truant
|move|p2a: Hatterene|Psychic Noise|p1a: Slaking
|-damage|p1a: Slaking|53/100
|-start|p1a: Slaking|move: Heal Block
|
|upkeep
|turn|3
|
|t:|1779656867
|move|p1a: Slaking|Body Slam|p2a: Hatterene
|-damage|p2a: Hatterene|42/100
|move|p2a: Hatterene|Nuzzle|p1a: Slaking
|-damage|p1a: Slaking|51/100
|-status|p1a: Slaking|par
|
|-end|p1a: Slaking|move: Heal Block
|upkeep
|turn|4
|
|t:|1779656875
|cant|p1a: Slaking|ability: Truant
|move|p2a: Hatterene|Draining Kiss|p1a: Slaking
|-damage|p1a: Slaking|38/100 par
|-heal|p2a: Hatterene|57/100|[from] drain|[of] p1a: Slaking
|
|upkeep
|turn|5
|
|t:|1779656887
|switch|p2a: Kingambit|Kingambit, F|100/100
|cant|p1a: Slaking|par
|
|upkeep
|turn|6
|
|t:|1779656893
|switch|p1a: Skarmory|Skarmory, F|100/100
|move|p2a: Kingambit|Kowtow Cleave|p1a: Skarmory
|-damage|p1a: Skarmory|73/100
|-damage|p2a: Kingambit|84/100|[from] item: Rocky Helmet|[of] p1a: Skarmory
|
|-heal|p2a: Kingambit|90/100|[from] item: Leftovers
|upkeep
|turn|7
|
|t:|1779656901
|-end|p2a: Kingambit|fallenundefined|[silent]
|switch|p2a: Hatterene|Hatterene, F|57/100
|move|p1a: Skarmory|Spikes|p2a: Hatterene
|move|p2a: Hatterene|Spikes|p1a: Skarmory|[from] ability: Magic Bounce
|-sidestart|p1: ikthoizzykil|Spikes
|
|upkeep
|turn|8
|
|t:|1779656913
|switch|p1a: Alomomola|Alomomola, F|100/100
|move|p2a: Hatterene|Nuzzle|p1a: Alomomola
|-supereffective|p1a: Alomomola
|-damage|p1a: Alomomola|96/100
|-status|p1a: Alomomola|par
|
|upkeep
|turn|9
|
|t:|1779656920
|move|p2a: Hatterene|Psychic Noise|p1a: Alomomola
|-damage|p1a: Alomomola|54/100 par
|-start|p1a: Alomomola|move: Heal Block
|cant|p1a: Alomomola|move: Heal Block|Wish
|
|upkeep
|turn|10
|
|t:|1779656927
|move|p2a: Hatterene|Draining Kiss|p1a: Alomomola
|-damage|p1a: Alomomola|27/100 par
|-heal|p2a: Hatterene|90/100|[from] drain|[of] p1a: Alomomola
|move|p1a: Alomomola|Flip Turn|p2a: Hatterene
|-damage|p2a: Hatterene|76/100
|
|t:|1779656933
|switch|p1a: Rillaboom|Rillaboom, M|100/100|[from] Flip Turn
|-damage|p1a: Rillaboom|88/100|[from] Spikes
|-fieldstart|move: Grassy Terrain|[from] ability: Grassy Surge|[of] p1a: Rillaboom
|
|-heal|p1a: Rillaboom|94/100|[from] Grassy Terrain
|-heal|p2a: Hatterene|82/100|[from] Grassy Terrain
|upkeep
|turn|11
|
|t:|1779656947
|switch|p2a: Tornadus|Tornadus-Therian, M|100/100
|move|p1a: Rillaboom|Wood Hammer|p2a: Tornadus
|-resisted|p2a: Tornadus
|-damage|p2a: Tornadus|33/100
|-damage|p1a: Rillaboom|75/100|[from] Recoil
|-damage|p1a: Rillaboom|65/100|[from] item: Life Orb
|
|-heal|p1a: Rillaboom|71/100|[from] Grassy Terrain
|upkeep
|turn|12
|
|t:|1779656961
|move|p1a: Rillaboom|Grassy Glide|p2a: Tornadus
|-resisted|p2a: Tornadus
|-damage|p2a: Tornadus|4/100
|-damage|p1a: Rillaboom|61/100|[from] item: Life Orb
|move|p2a: Tornadus|Bleakwind Storm|p1a: Rillaboom
|-supereffective|p1a: Rillaboom
|-damage|p1a: Rillaboom|0 fnt
|faint|p1a: Rillaboom
|
|upkeep
|
|t:|1779656970
|switch|p1a: Alomomola|Alomomola, F|61/100 par
|turn|13
|
|t:|1779656976
|switch|p2a: Hatterene|Hatterene, F|82/100
|move|p1a: Alomomola|Wish|p1a: Alomomola
|
|-heal|p2a: Hatterene|88/100|[from] Grassy Terrain
|-heal|p1a: Alomomola|67/100 par|[from] Grassy Terrain
|upkeep
|turn|14
|
|t:|1779656987
|move|p1a: Alomomola|Protect|p1a: Alomomola
|-singleturn|p1a: Alomomola|Protect
|move|p2a: Hatterene|Psychic Noise|p1a: Alomomola
|-activate|p1a: Alomomola|move: Protect
|
|-heal|p1a: Alomomola|100/100 par|[from] move: Wish|[wisher] Alomomola
|-heal|p2a: Hatterene|94/100|[from] Grassy Terrain
|-fieldend|move: Grassy Terrain
|upkeep
|turn|15
|
|t:|1779656998
|switch|p1a: Garganacl|Garganacl, F|100/100
|-damage|p1a: Garganacl|88/100|[from] Spikes
|move|p2a: Hatterene|Psychic Noise|p1a: Garganacl
|-damage|p1a: Garganacl|63/100
|-start|p1a: Garganacl|move: Heal Block
|
|upkeep
|turn|16
|
|t:|1779657006
|move|p2a: Hatterene|Psychic Noise|p1a: Garganacl
|-damage|p1a: Garganacl|42/100
|move|p1a: Garganacl|Salt Cure|p2a: Hatterene
|-damage|p2a: Hatterene|83/100
|-start|p2a: Hatterene|Salt Cure
|
|-damage|p2a: Hatterene|70/100|[from] Salt Cure
|-end|p1a: Garganacl|move: Heal Block
|upkeep
|turn|17
|
|t:|1779657015
|move|p1a: Garganacl|Protect|p1a: Garganacl
|-singleturn|p1a: Garganacl|Protect
|move|p2a: Hatterene|Psychic Noise|p1a: Garganacl
|-activate|p1a: Garganacl|move: Protect
|
|-heal|p1a: Garganacl|48/100|[from] item: Leftovers
|-damage|p2a: Hatterene|58/100|[from] Salt Cure
|upkeep
|turn|18
|
|t:|1779657024
|move|p2a: Hatterene|Psychic Noise|p1a: Garganacl
|-damage|p1a: Garganacl|26/100
|-start|p1a: Garganacl|move: Heal Block
|cant|p1a: Garganacl|move: Heal Block|Recover
|
|-damage|p2a: Hatterene|46/100|[from] Salt Cure
|upkeep
|turn|19
|-message|ikthoizzykil forfeited.
|
|win|LOTRsucks
|raw|ikthoizzykil's rating: 1364 &rarr; <strong>1345</strong><br />(-19 for losing)
|raw|LOTRsucks's rating: 1374 &rarr; <strong>1393</strong><br />(+19 for winning)
|l|☆ikthoizzykil
|player|p1|
|l|☆LOTRsucks
|player|p2|
