|j|☆Destroyman41
|j|☆hamixio
|t:|1779578362
|gametype|singles
|player|p1|Destroyman41|brycenman|
|player|p2|hamixio|steven|
|gen|9
|tier|[Gen 9] OU
|rule|HP Percentage Mod: HP is shown in percentages
|rule|Endless Battle Clause: Forcing endless battles is banned
|rule|Species Clause: Limit one of each Pokémon
|rule|OHKO Clause: OHKO moves are banned
|rule|Evasion Items Clause: Evasion items are banned
|rule|Evasion Moves Clause: Evasion moves are banned
|rule|Evasion Abilities Clause: Evasion abilities are banned
|rule|Sleep Moves Clause: Sleep-inducing moves are banned
|clearpoke
|poke|p1|Ogerpon-Cornerstone, F|
|poke|p1|Great Tusk|
|poke|p1|Slowking-Galar, M|
|poke|p1|Raging Bolt|
|poke|p1|Kingambit, M|
|poke|p1|Alomomola, F|
|poke|p2|Dragonite, F|
|poke|p2|Great Tusk|
|poke|p2|Deoxys-Speed|
|poke|p2|Gholdengo|
|poke|p2|Zamazenta-*|
|poke|p2|Iron Valiant|
|teampreview
|c|☆Destroyman41|Glhf
|c|☆Destroyman41|Come and get some fuck
|c|☆hamixio|glhf
|
|t:|1779578410
|teamsize|p1|6
|teamsize|p2|6
|start
|switch|p1a: Kingambit|Kingambit, M|100/100
|switch|p2a: Deoxys|Deoxys-Speed|100/100
|-ability|p2a: Deoxys|Pressure
|turn|1
|c|☆hamixio|this my first OU match bro take it easy
|c|☆Destroyman41|You're gonna do fine
|
|t:|1779578433
|switch|p2a: Zamazenta|Zamazenta|100/100
|-ability|p2a: Zamazenta|Dauntless Shield|boost
|-boost|p2a: Zamazenta|def|1
|-end|p1a: Kingambit|fallenundefined|[silent]
|switch|p1a: Ogerpon|Ogerpon-Cornerstone, F|100/100
|
|upkeep
|turn|2
|
|t:|1779578459
|switch|p1a: Slowking|Slowking-Galar, M|100/100
|move|p2a: Zamazenta|Crunch|p1a: Slowking
|-supereffective|p1a: Slowking
|-damage|p1a: Slowking|29/100
|-damage|p2a: Zamazenta|91/100|[from] item: Life Orb
|
|upkeep
|turn|3
|
|t:|1779578483
|switch|p1a: Great Tusk|Great Tusk|100/100
|move|p2a: Zamazenta|Crunch|p1a: Great Tusk
|-resisted|p1a: Great Tusk
|-damage|p1a: Great Tusk|89/100
|-unboost|p1a: Great Tusk|def|1
|-damage|p2a: Zamazenta|74/100|[from] item: Rocky Helmet|[of] p1a: Great Tusk
|-damage|p2a: Zamazenta|64/100|[from] item: Life Orb
|
|upkeep
|turn|4
|
|t:|1779578509
|move|p2a: Zamazenta|Close Combat|p1a: Great Tusk
|-damage|p1a: Great Tusk|12/100
|-unboost|p2a: Zamazenta|def|1
|-unboost|p2a: Zamazenta|spd|1
|-damage|p2a: Zamazenta|48/100|[from] item: Rocky Helmet|[of] p1a: Great Tusk
|-damage|p2a: Zamazenta|38/100|[from] item: Life Orb
|move|p1a: Great Tusk|Stealth Rock|p2a: Zamazenta
|-sidestart|p2: hamixio|move: Stealth Rock
|
|upkeep
|turn|5
|
|t:|1779578547
|move|p2a: Zamazenta|Crunch|p1a: Great Tusk
|-resisted|p1a: Great Tusk
|-damage|p1a: Great Tusk|0 fnt
|-damage|p2a: Zamazenta|21/100|[from] item: Rocky Helmet|[of] p1a: Great Tusk
|faint|p1a: Great Tusk
|-end|p1a: Great Tusk|Protosynthesis|[silent]
|-damage|p2a: Zamazenta|11/100|[from] item: Life Orb
|
|upkeep
|j| son wu tang
|j| GlimStan496
|
|t:|1779578568
|switch|p1a: Alomomola|Alomomola, F|100/100
|turn|6
|c| GlimStan496|W HO team
|
|t:|1779578595
|move|p2a: Zamazenta|Close Combat|p1a: Alomomola
|-damage|p1a: Alomomola|43/100
|-unboost|p2a: Zamazenta|def|1
|-unboost|p2a: Zamazenta|spd|1
|-damage|p2a: Zamazenta|1/100|[from] item: Life Orb
|move|p1a: Alomomola|Flip Turn|p2a: Zamazenta
|-damage|p2a: Zamazenta|0 fnt
|faint|p2a: Zamazenta
|
|t:|1779578614
|switch|p1a: Slowking|Slowking-Galar, M|62/100|[from] Flip Turn
|
|upkeep
|
|t:|1779578623
|switch|p2a: Great Tusk|Great Tusk|100/100
|-damage|p2a: Great Tusk|97/100|[from] Stealth Rock
|-enditem|p2a: Great Tusk|Booster Energy
|-activate|p2a: Great Tusk|ability: Protosynthesis|[fromitem]
|-start|p2a: Great Tusk|protosynthesisspe
|turn|7
|
|t:|1779578660
|move|p2a: Great Tusk|Headlong Rush|p1a: Slowking
|-supereffective|p1a: Slowking
|-damage|p1a: Slowking|0 fnt
|-unboost|p2a: Great Tusk|def|1
|-unboost|p2a: Great Tusk|spd|1
|faint|p1a: Slowking
|
|upkeep
|
|t:|1779578664
|switch|p1a: Ogerpon|Ogerpon-Cornerstone, F|100/100
|turn|8
|
|t:|1779578673
|move|p2a: Great Tusk|Bulk Up|p2a: Great Tusk
|-boost|p2a: Great Tusk|atk|1
|-boost|p2a: Great Tusk|def|1
|move|p1a: Ogerpon|Power Whip|p2a: Great Tusk|[miss]
|-miss|p1a: Ogerpon|p2a: Great Tusk
|
|upkeep
|turn|9
|c| GlimStan496|???
|
|t:|1779578692
|move|p2a: Great Tusk|Ice Spinner|p1a: Ogerpon
|-supereffective|p1a: Ogerpon
|-damage|p1a: Ogerpon|3/100
|move|p1a: Ogerpon|Superpower|p2a: Great Tusk
|-damage|p2a: Great Tusk|69/100
|-unboost|p1a: Ogerpon|atk|1
|-unboost|p1a: Ogerpon|def|1
|
|upkeep
|turn|10
|
|t:|1779578714
|switch|p1a: Alomomola|Alomomola, F|76/100
|move|p2a: Great Tusk|Ice Spinner|p1a: Alomomola
|-resisted|p1a: Alomomola
|-damage|p1a: Alomomola|64/100
|
|upkeep
|turn|11
|
|t:|1779578727
|-terastallize|p2a: Great Tusk|Ghost
|move|p2a: Great Tusk|Headlong Rush|p1a: Alomomola
|-damage|p1a: Alomomola|8/100
|-unboost|p2a: Great Tusk|def|1
|-unboost|p2a: Great Tusk|spd|1
|move|p1a: Alomomola|Scald|p2a: Great Tusk
|-damage|p2a: Great Tusk|35/100
|-status|p2a: Great Tusk|brn
|
|-damage|p2a: Great Tusk|28/100 brn|[from] brn
|upkeep
|turn|12
|c| GlimStan496|w tera exhaust
|
|t:|1779578745
|switch|p1a: Ogerpon|Ogerpon-Cornerstone, F|3/100
|move|p2a: Great Tusk|Headlong Rush|p1a: Ogerpon
|-damage|p1a: Ogerpon|0 fnt
|-unboost|p2a: Great Tusk|def|1
|-unboost|p2a: Great Tusk|spd|1
|faint|p1a: Ogerpon
|
|-damage|p2a: Great Tusk|22/100 brn|[from] brn
|upkeep
|
|t:|1779578750
|switch|p1a: Raging Bolt|Raging Bolt|100/100
|turn|13
|
|t:|1779578757
|move|p1a: Raging Bolt|Thunderclap|p2a: Great Tusk
|-damage|p2a: Great Tusk|0 fnt
|faint|p2a: Great Tusk
|-end|p2a: Great Tusk|Protosynthesis|[silent]
|
|upkeep
|
|t:|1779578765
|switch|p2a: Iron Valiant|Iron Valiant|100/100
|-damage|p2a: Iron Valiant|94/100|[from] Stealth Rock
|-enditem|p2a: Iron Valiant|Booster Energy
|-activate|p2a: Iron Valiant|ability: Quark Drive|[fromitem]
|-start|p2a: Iron Valiant|quarkdrivespe
|turn|14
|
|t:|1779578781
|-terastallize|p1a: Raging Bolt|Fairy
|move|p2a: Iron Valiant|Moonblast|p1a: Raging Bolt
|-damage|p1a: Raging Bolt|62/100
|move|p1a: Raging Bolt|Calm Mind|p1a: Raging Bolt
|-boost|p1a: Raging Bolt|spa|1
|-boost|p1a: Raging Bolt|spd|1
|
|-heal|p1a: Raging Bolt|68/100|[from] item: Leftovers
|upkeep
|turn|15
|
|t:|1779578818
|-end|p2a: Iron Valiant|Quark Drive|[silent]
|switch|p2a: Gholdengo|Gholdengo|100/100
|-damage|p2a: Gholdengo|94/100|[from] Stealth Rock
|move|p1a: Raging Bolt|Calm Mind|p1a: Raging Bolt
|-boost|p1a: Raging Bolt|spa|1
|-boost|p1a: Raging Bolt|spd|1
|
|-heal|p1a: Raging Bolt|74/100|[from] item: Leftovers
|upkeep
|turn|16
|
|t:|1779578834
|move|p1a: Raging Bolt|Thunderclap||[still]
|-fail|p1a: Raging Bolt
|move|p2a: Gholdengo|Nasty Plot|p2a: Gholdengo
|-boost|p2a: Gholdengo|spa|2
|
|-heal|p1a: Raging Bolt|80/100|[from] item: Leftovers
|upkeep
|turn|17
|
|t:|1779578844
|move|p1a: Raging Bolt|Thunderclap||[still]
|-fail|p1a: Raging Bolt
|move|p2a: Gholdengo|Nasty Plot|p2a: Gholdengo
|-boost|p2a: Gholdengo|spa|2
|
|-heal|p1a: Raging Bolt|87/100|[from] item: Leftovers
|upkeep
|turn|18
|
|t:|1779578854
|move|p1a: Raging Bolt|Thunderclap|p2a: Gholdengo
|-damage|p2a: Gholdengo|15/100
|move|p2a: Gholdengo|Make It Rain|p1a: Raging Bolt
|-supereffective|p1a: Raging Bolt
|-damage|p1a: Raging Bolt|0 fnt
|-unboost|p2a: Gholdengo|spa|1
|faint|p1a: Raging Bolt
|-end|p1a: Raging Bolt|Protosynthesis|[silent]
|
|upkeep
|
|t:|1779578862
|switch|p1a: Kingambit|Kingambit, M|100/100
|-activate|p1a: Kingambit|ability: Supreme Overlord
|-start|p1a: Kingambit|fallen4|[silent]
|turn|19
|-enditem|p2a: Gholdengo|Custap Berry|[eat]
|-activate|p2a: Gholdengo|item: Custap Berry|[consumed]
|
|t:|1779578870
|move|p2a: Gholdengo|Recover|p2a: Gholdengo
|-heal|p2a: Gholdengo|65/100
|move|p1a: Kingambit|Swords Dance|p1a: Kingambit
|-boost|p1a: Kingambit|atk|2
|
|upkeep
|turn|20
|
|t:|1779578888
|move|p2a: Gholdengo|Make It Rain|p1a: Kingambit
|-resisted|p1a: Kingambit
|-damage|p1a: Kingambit|26/100
|-unboost|p2a: Gholdengo|spa|1
|move|p1a: Kingambit|Iron Head|p2a: Gholdengo
|-resisted|p2a: Gholdengo
|-damage|p2a: Gholdengo|16/100
|
|-heal|p1a: Kingambit|33/100|[from] item: Leftovers
|upkeep
|turn|21
|
|t:|1779578897
|move|p2a: Gholdengo|Make It Rain|p1a: Kingambit
|-resisted|p1a: Kingambit
|-damage|p1a: Kingambit|0 fnt
|-unboost|p2a: Gholdengo|spa|1
|faint|p1a: Kingambit
|-end|p1a: Kingambit|fallen4|[silent]
|
|upkeep
|c|☆Destroyman41|Yeah I fucked
|c|☆Destroyman41|If this is your first game
|c|☆Destroyman41|You did an amazing job
|c|☆Destroyman41|gg
|-message|Destroyman41 forfeited.
|
|win|hamixio
