|j|☆Tute_11
|j|☆shauryagarchamp
|t:|1779601842
|gametype|singles
|player|p1|Tute_11|170|1167
|player|p2|shauryagarchamp|elesa-masters3|1146
|gen|9
|tier|[Gen 9] OU
|rated|
|rule|HP Percentage Mod: HP is shown in percentages
|rule|Endless Battle Clause: Forcing endless battles is banned
|rule|Species Clause: Limit one of each Pokémon
|rule|OHKO Clause: OHKO moves are banned
|rule|Evasion Items Clause: Evasion items are banned
|rule|Evasion Moves Clause: Evasion moves are banned
|rule|Evasion Abilities Clause: Evasion abilities are banned
|rule|Sleep Moves Clause: Sleep-inducing moves are banned
|clearpoke
|poke|p1|Glimmora, F|
|poke|p1|Sableye, F|
|poke|p1|Dragapult, M|
|poke|p1|Toxapex, F|
|poke|p1|Mimikyu, F|
|poke|p1|Dragonite, M|
|poke|p2|Weezing-Galar, M|
|poke|p2|Goodra-Hisui, F|
|poke|p2|Thundurus-Therian, M|
|poke|p2|Ceruledge, M|
|poke|p2|Weavile, F|
|poke|p2|Gastrodon-East, F|
|teampreview
|inactive|Battle timer is ON: inactive players will automatically lose when time's up. (requested by shauryagarchamp)
|
|t:|1779601854
|teamsize|p1|6
|teamsize|p2|6
|start
|switch|p1a: Glimmora|Glimmora, F|100/100
|switch|p2a: Gastrodon|Gastrodon-East, F|100/100
|-item|p1a: Glimmora|Air Balloon
|turn|1
|
|t:|1779601865
|move|p1a: Glimmora|Stealth Rock|p2a: Gastrodon
|-sidestart|p2: shauryagarchamp|move: Stealth Rock
|move|p2a: Gastrodon|Stealth Rock|p1a: Glimmora
|-sidestart|p1: Tute_11|move: Stealth Rock
|
|upkeep
|turn|2
|
|t:|1779601869
|move|p1a: Glimmora|Mortal Spin|p2a: Gastrodon
|-resisted|p2a: Gastrodon
|-damage|p2a: Gastrodon|97/100
|-status|p2a: Gastrodon|psn
|-damage|p1a: Glimmora|84/100|[from] item: Rocky Helmet|[of] p2a: Gastrodon
|-sideend|p1: Tute_11|Stealth Rock|[from] move: Mortal Spin|[of] p1a: Glimmora
|move|p2a: Gastrodon|Clear Smog|p1a: Glimmora
|-resisted|p1a: Glimmora
|-damage|p1a: Glimmora|81/100
|-clearboost|p1a: Glimmora
|-enditem|p1a: Glimmora|Air Balloon
|
|-damage|p2a: Gastrodon|85/100 psn|[from] psn
|upkeep
|turn|3
|
|t:|1779601883
|switch|p1a: Dragonite|Dragonite, M, shiny|100/100
|move|p2a: Gastrodon|Stealth Rock|p1a: Dragonite
|-sidestart|p1: Tute_11|move: Stealth Rock
|
|-damage|p2a: Gastrodon|73/100 psn|[from] psn
|upkeep
|turn|4
|
|t:|1779601892
|move|p1a: Dragonite|Earthquake|p2a: Gastrodon
|-damage|p2a: Gastrodon|40/100 psn
|move|p2a: Gastrodon|Clear Smog|p1a: Dragonite
|-damage|p1a: Dragonite|97/100
|-clearboost|p1a: Dragonite
|
|-damage|p2a: Gastrodon|27/100 psn|[from] psn
|upkeep
|turn|5
|
|t:|1779601902
|move|p1a: Dragonite|Earthquake|p2a: Gastrodon
|-damage|p2a: Gastrodon|0 fnt
|faint|p2a: Gastrodon
|
|upkeep
|
|t:|1779601907
|switch|p2a: Ehgh ehhh|Weezing-Galar, M|100/100
|-damage|p2a: Ehgh ehhh|88/100|[from] Stealth Rock
|turn|6
|
|t:|1779601923
|move|p1a: Dragonite|Thunder Wave|p2a: Ehgh ehhh
|-status|p2a: Ehgh ehhh|par
|move|p2a: Ehgh ehhh|Will-O-Wisp|p1a: Dragonite|[miss]
|-miss|p2a: Ehgh ehhh|p1a: Dragonite
|
|-heal|p2a: Ehgh ehhh|94/100 par|[from] item: Black Sludge
|upkeep
|turn|7
|inactive|shauryagarchamp has 120 seconds left.
|inactive|shauryagarchamp has 90 seconds left.
|
|t:|1779601989
|move|p1a: Dragonite|Earthquake|p2a: Ehgh ehhh
|-immune|p2a: Ehgh ehhh|[from] ability: Levitate
|cant|p2a: Ehgh ehhh|par
|
|-heal|p2a: Ehgh ehhh|99/100 par|[from] item: Black Sludge
|upkeep
|turn|8
|inactive|Tute_11 has 120 seconds left.
|inactive|Tute_11 has 90 seconds left.
|
|t:|1779602047
|switch|p1a: Sableye|Sableye, F, shiny|100/100
|-damage|p1a: Sableye|88/100|[from] Stealth Rock
|move|p2a: Ehgh ehhh|Will-O-Wisp|p1a: Sableye
|-status|p1a: Sableye|brn
|
|-heal|p1a: Sableye|94/100 brn|[from] item: Leftovers
|-heal|p2a: Ehgh ehhh|100/100 par|[from] item: Black Sludge
|-damage|p1a: Sableye|88/100 brn|[from] brn
|upkeep
|turn|9
|inactive|Tute_11 has 90 seconds left.
|inactive|shauryagarchamp has 90 seconds left.
|
|t:|1779602063
|move|p1a: Sableye|Encore|p2a: Ehgh ehhh
|-start|p2a: Ehgh ehhh|Encore
|move|p2a: Ehgh ehhh|Will-O-Wisp|p1a: Sableye
|-fail|p1a: Sableye|brn
|
|-heal|p1a: Sableye|94/100 brn|[from] item: Leftovers
|-damage|p1a: Sableye|88/100 brn|[from] brn
|upkeep
|turn|10
|inactive|shauryagarchamp has 90 seconds left.
|
|t:|1779602083
|switch|p2a: Goodra|Goodra-Hisui, F|100/100
|-damage|p2a: Goodra|94/100|[from] Stealth Rock
|move|p1a: Sableye|Knock Off|p2a: Goodra
|-damage|p2a: Goodra|83/100
|-enditem|p2a: Goodra|Leftovers|[from] move: Knock Off|[of] p1a: Sableye
|
|-heal|p1a: Sableye|94/100 brn|[from] item: Leftovers
|-damage|p1a: Sableye|88/100 brn|[from] brn
|upkeep
|turn|11
|
|t:|1779602097
|move|p1a: Sableye|Will-O-Wisp|p2a: Goodra|[miss]
|-miss|p1a: Sableye|p2a: Goodra
|move|p2a: Goodra|Substitute|p2a: Goodra
|-start|p2a: Goodra|Substitute
|-damage|p2a: Goodra|58/100
|
|-heal|p1a: Sableye|94/100 brn|[from] item: Leftovers
|-damage|p1a: Sableye|88/100 brn|[from] brn
|upkeep
|turn|12
|inactive|Tute_11 has 90 seconds left.
|
|t:|1779602126
|move|p1a: Sableye|Encore|p2a: Goodra
|-start|p2a: Goodra|Encore
|move|p2a: Goodra|Substitute|p2a: Goodra
|-fail|p2a: Goodra|move: Substitute
|
|-heal|p1a: Sableye|94/100 brn|[from] item: Leftovers
|-damage|p1a: Sableye|88/100 brn|[from] brn
|upkeep
|turn|13
|inactive|shauryagarchamp has 90 seconds left.
|
|t:|1779602145
|switch|p2a: Ehgh ehhh|Weezing-Galar, M|100/100 par
|-damage|p2a: Ehgh ehhh|88/100 par|[from] Stealth Rock
|move|p1a: Sableye|Knock Off|p2a: Ehgh ehhh
|-resisted|p2a: Ehgh ehhh
|-damage|p2a: Ehgh ehhh|83/100 par
|-enditem|p2a: Ehgh ehhh|Black Sludge|[from] move: Knock Off|[of] p1a: Sableye
|
|-heal|p1a: Sableye|94/100 brn|[from] item: Leftovers
|-damage|p1a: Sableye|88/100 brn|[from] brn
|upkeep
|turn|14
|inactive|Tute_11 has 90 seconds left.
|
|t:|1779602179
|switch|p1a: Toxapex|Toxapex, F|100/100
|-damage|p1a: Toxapex|88/100|[from] Stealth Rock
|cant|p2a: Ehgh ehhh|par
|
|-heal|p1a: Toxapex|94/100|[from] item: Black Sludge
|upkeep
|turn|15
|inactive|Tute_11 has 60 seconds left.
|
|t:|1779602199
|move|p1a: Toxapex|Surf|p2a: Ehgh ehhh
|-damage|p2a: Ehgh ehhh|65/100 par
|move|p2a: Ehgh ehhh|Will-O-Wisp|p1a: Toxapex
|-status|p1a: Toxapex|brn
|
|-heal|p1a: Toxapex|100/100 brn|[from] item: Black Sludge
|-damage|p1a: Toxapex|94/100 brn|[from] brn
|upkeep
|turn|16
|inactive|Tute_11 has 60 seconds left.
|
|t:|1779602215
|move|p1a: Toxapex|Surf|p2a: Ehgh ehhh
|-damage|p2a: Ehgh ehhh|49/100 par
|move|p2a: Ehgh ehhh|Pain Split|p1a: Toxapex
|-sethp|p1a: Toxapex|74/100 brn|[from] move: Pain Split|[silent]
|-sethp|p2a: Ehgh ehhh|67/100 par|[from] move: Pain Split
|
|-heal|p1a: Toxapex|80/100 brn|[from] item: Black Sludge
|-damage|p1a: Toxapex|74/100 brn|[from] brn
|upkeep
|turn|17
|inactive|Tute_11 has 60 seconds left.
|inactive|shauryagarchamp has 60 seconds left.
|inactive|shauryagarchamp has 30 seconds left.
|inactive|shauryagarchamp has 20 seconds left.
|inactive|shauryagarchamp has 15 seconds left.
|inactive|shauryagarchamp has 10 seconds left.
|inactive|shauryagarchamp has 5 seconds left.
|-message|shauryagarchamp lost due to inactivity.
|
|win|Tute_11
|raw|Tute_11's rating: 1167 &rarr; <strong>1190</strong><br />(+23 for winning)
|raw|shauryagarchamp's rating: 1146 &rarr; <strong>1123</strong><br />(-23 for losing)
|l|☆Tute_11
|player|p1|
|l|☆shauryagarchamp
|player|p2|
