|j|☆hsp20040923
|j|☆cnlp
|t:|1779640389
|gametype|singles
|player|p1|hsp20040923|1|1171
|player|p2|cnlp|169|1259
|gen|9
|tier|[Gen 9] OU
|rated|
|rule|HP Percentage Mod: HP is shown in percentages
|rule|Endless Battle Clause: Forcing endless battles is banned
|rule|Species Clause: Limit one of each Pokémon
|rule|OHKO Clause: OHKO moves are banned
|rule|Evasion Items Clause: Evasion items are banned
|rule|Evasion Moves Clause: Evasion moves are banned
|rule|Evasion Abilities Clause: Evasion abilities are banned
|rule|Sleep Moves Clause: Sleep-inducing moves are banned
|clearpoke
|poke|p1|Darkrai|
|poke|p1|Haxorus, F|
|poke|p1|Torterra, M|
|poke|p1|Braviary, M|
|poke|p1|Samurott, M|
|poke|p1|Magnezone|
|poke|p2|Cinderace, F|
|poke|p2|Ogerpon-Wellspring, F|
|poke|p2|Dragapult, F|
|poke|p2|Slowking-Galar, M|
|poke|p2|Great Tusk|
|poke|p2|Gholdengo|
|teampreview
|inactive|Battle timer is ON: inactive players will automatically lose when time's up. (requested by cnlp)
|inactive|cnlp has 120 seconds left.
|inactive|hsp20040923 has 120 seconds left.
|
|t:|1779640430
|teamsize|p1|6
|teamsize|p2|6
|start
|switch|p1a: Haxorus|Haxorus, F|100/100
|switch|p2a: Cinderace|Cinderace, F|100/100
|-ability|p1a: Haxorus|Mold Breaker
|turn|1
|
|t:|1779640442
|move|p2a: Cinderace|U-turn|p1a: Haxorus
|-start|p2a: Cinderace|typechange|Bug|[from] ability: Libero
|-damage|p1a: Haxorus|60/100
|
|t:|1779640446
|switch|p2a: Great Tusk|Great Tusk|100/100|[from] U-turn
|-enditem|p2a: Great Tusk|Booster Energy
|-activate|p2a: Great Tusk|ability: Protosynthesis|[fromitem]
|-start|p2a: Great Tusk|protosynthesisatk
|move|p1a: Haxorus|Dragon Dance|p1a: Haxorus
|-boost|p1a: Haxorus|atk|1
|-boost|p1a: Haxorus|spe|1
|
|upkeep
|turn|2
|
|t:|1779640458
|move|p1a: Haxorus|Dragon Claw|p2a: Great Tusk
|-damage|p2a: Great Tusk|44/100
|move|p2a: Great Tusk|Rapid Spin|p1a: Haxorus
|-damage|p1a: Haxorus|33/100
|-boost|p2a: Great Tusk|spe|1
|
|upkeep
|turn|3
|
|t:|1779640464
|move|p2a: Great Tusk|Ice Spinner|p1a: Haxorus
|-supereffective|p1a: Haxorus
|-damage|p1a: Haxorus|0 fnt
|faint|p1a: Haxorus
|
|upkeep
|
|t:|1779640485
|switch|p1a: Samurott|Samurott, M|100/100
|turn|4
|
|t:|1779640489
|move|p2a: Great Tusk|Close Combat|p1a: Samurott
|-damage|p1a: Samurott|8/100
|-unboost|p2a: Great Tusk|def|1
|-unboost|p2a: Great Tusk|spd|1
|move|p1a: Samurott|Flip Turn|p2a: Great Tusk
|-supereffective|p2a: Great Tusk
|-damage|p2a: Great Tusk|0 fnt
|faint|p2a: Great Tusk
|-end|p2a: Great Tusk|Protosynthesis|[silent]
|inactive|hsp20040923 has 120 seconds left.
|
|t:|1779640517
|switch|p1a: Braviary|Braviary, M, shiny|100/100|[from] Flip Turn
|
|upkeep
|
|t:|1779640534
|switch|p2a: Gholdengo|Gholdengo|100/100
|turn|5
|
|t:|1779640543
|move|p2a: Gholdengo|Thunder Wave|p1a: Braviary
|-status|p1a: Braviary|par
|move|p1a: Braviary|Brave Bird|p2a: Gholdengo
|-resisted|p2a: Gholdengo
|-damage|p2a: Gholdengo|74/100
|-damage|p1a: Braviary|94/100 par|[from] Recoil
|
|upkeep
|turn|6
|
|t:|1779640554
|switch|p2a: Slowking|Slowking-Galar, M|100/100
|cant|p1a: Braviary|par
|
|upkeep
|turn|7
|
|t:|1779640561
|move|p1a: Braviary|Brave Bird|p2a: Slowking
|-damage|p2a: Slowking|53/100
|-damage|p1a: Braviary|78/100 par|[from] Recoil
|move|p2a: Slowking|Ice Beam|p1a: Braviary
|-supereffective|p1a: Braviary
|-damage|p1a: Braviary|18/100 par
|
|upkeep
|turn|8
|
|t:|1779640568
|move|p1a: Braviary|U-turn|p2a: Slowking
|-damage|p2a: Slowking|32/100
|
|t:|1779640573
|switch|p1a: Samurott|Samurott, M|8/100|[from] U-turn
|move|p2a: Slowking|Future Sight|p1a: Samurott
|-start|p2a: Slowking|move: Future Sight
|
|upkeep
|turn|9
|
|t:|1779640580
|switch|p2a: Cinderace|Cinderace, F|100/100
|move|p1a: Samurott|Knock Off|p2a: Cinderace
|-damage|p2a: Cinderace|62/100
|-enditem|p2a: Cinderace|Heavy-Duty Boots|[from] move: Knock Off|[of] p1a: Samurott
|
|upkeep
|turn|10
|
|t:|1779640596
|switch|p1a: Braviary|Braviary, M, shiny|18/100 par
|move|p2a: Cinderace|U-turn|p1a: Braviary
|-start|p2a: Cinderace|typechange|Bug|[from] ability: Libero
|-resisted|p1a: Braviary
|-damage|p1a: Braviary|6/100 par
|
|t:|1779640604
|switch|p2a: Gholdengo|Gholdengo|74/100|[from] U-turn
|
|-end|p1a: Braviary|move: Future Sight
|-crit|p1a: Braviary
|-damage|p1a: Braviary|0 fnt
|faint|p1a: Braviary
|upkeep
|
|t:|1779640615
|switch|p1a: Darkrai|Darkrai|100/100
|turn|11
|
|t:|1779640626
|move|p2a: Gholdengo|Make It Rain|p1a: Darkrai
|-damage|p1a: Darkrai|22/100
|-unboost|p2a: Gholdengo|spa|1
|move|p1a: Darkrai|Substitute|p1a: Darkrai
|-fail|p1a: Darkrai|move: Substitute|[weak]
|
|upkeep
|turn|12
|
|t:|1779640641
|move|p2a: Gholdengo|Make It Rain|p1a: Darkrai
|-damage|p1a: Darkrai|0 fnt
|-unboost|p2a: Gholdengo|spa|1
|faint|p1a: Darkrai
|
|upkeep
|
|t:|1779640643
|switch|p1a: Torterra|Torterra, M, shiny|100/100
|turn|13
|
|t:|1779640655
|switch|p2a: Cinderace|Cinderace, F|62/100
|move|p1a: Torterra|Shell Smash|p1a: Torterra
|-unboost|p1a: Torterra|def|1
|-unboost|p1a: Torterra|spd|1
|-boost|p1a: Torterra|atk|2
|-boost|p1a: Torterra|spa|2
|-boost|p1a: Torterra|spe|2
|
|upkeep
|turn|14
|
|t:|1779640661
|move|p2a: Cinderace|Sucker Punch|p1a: Torterra
|-start|p2a: Cinderace|typechange|Dark|[from] ability: Libero
|-damage|p1a: Torterra|54/100
|move|p1a: Torterra|Earthquake|p2a: Cinderace
|-damage|p2a: Cinderace|0 fnt
|faint|p2a: Cinderace
|
|upkeep
|
|t:|1779640676
|switch|p2a: Dragapult|Dragapult, F|100/100
|turn|15
|
|t:|1779640683
|move|p1a: Torterra|Earthquake|p2a: Dragapult
|-damage|p2a: Dragapult|0 fnt
|faint|p2a: Dragapult
|
|upkeep
|
|t:|1779640692
|switch|p2a: Gholdengo|Gholdengo|74/100
|turn|16
|
|t:|1779640697
|-terastallize|p2a: Gholdengo|Flying
|move|p1a: Torterra|Earthquake|p2a: Gholdengo
|-immune|p2a: Gholdengo
|move|p2a: Gholdengo|Shadow Ball|p1a: Torterra
|-damage|p1a: Torterra|0 fnt
|faint|p1a: Torterra
|
|upkeep
|
|t:|1779640722
|switch|p1a: Magnezone|Magnezone|100/100
|turn|17
|
|t:|1779640734
|switch|p2a: Slowking|Slowking-Galar, M|65/100
|move|p1a: Magnezone|Thunderbolt|p2a: Slowking
|-damage|p2a: Slowking|30/100
|
|upkeep
|turn|18
|
|t:|1779640744
|move|p1a: Magnezone|Thunderbolt|p2a: Slowking
|-damage|p2a: Slowking|4/100
|move|p2a: Slowking|Future Sight|p1a: Magnezone
|-start|p2a: Slowking|move: Future Sight
|
|upkeep
|turn|19
|
|t:|1779640750
|move|p1a: Magnezone|Thunderbolt|p2a: Slowking
|-damage|p2a: Slowking|0 fnt
|faint|p2a: Slowking
|
|upkeep
|
|t:|1779640755
|switch|p2a: Ogerpon|Ogerpon-Wellspring, F|100/100
|turn|20
|
|t:|1779640782
|move|p2a: Ogerpon|Swords Dance|p2a: Ogerpon
|-boost|p2a: Ogerpon|atk|2
|move|p1a: Magnezone|Thunderbolt|p2a: Ogerpon
|-damage|p2a: Ogerpon|16/100
|
|-end|p1a: Magnezone|move: Future Sight
|-resisted|p1a: Magnezone
|-damage|p1a: Magnezone|79/100
|upkeep
|turn|21
|
|t:|1779640790
|move|p2a: Ogerpon|Knock Off|p1a: Magnezone
|-damage|p1a: Magnezone|14/100
|-enditem|p1a: Magnezone|Assault Vest|[from] move: Knock Off|[of] p2a: Ogerpon
|move|p1a: Magnezone|Thunderbolt|p2a: Ogerpon
|-damage|p2a: Ogerpon|0 fnt
|faint|p2a: Ogerpon
|
|upkeep
|
|t:|1779640794
|switch|p2a: Gholdengo|Gholdengo, tera:Flying|74/100
|turn|22
|
|t:|1779640800
|move|p2a: Gholdengo|Shadow Ball|p1a: Magnezone
|-damage|p1a: Magnezone|0 fnt
|faint|p1a: Magnezone
|
|upkeep
|
|t:|1779640804
|switch|p1a: Samurott|Samurott, M|8/100
|turn|23
|
|t:|1779640816
|move|p2a: Gholdengo|Shadow Ball|p1a: Samurott
|-damage|p1a: Samurott|0 fnt
|faint|p1a: Samurott
|
|win|cnlp
|raw|hsp20040923's rating: 1171 &rarr; <strong>1152</strong><br />(-19 for losing)
|raw|cnlp's rating: 1259 &rarr; <strong>1278</strong><br />(+19 for winning)
|l|☆cnlp
|player|p2|
|l|☆hsp20040923
|player|p1|
