|badge|p1|bronze|gen9ou|100-9
|badge|p1|bronze|gen9randombattle|100-9
|uhtml|medal-msg|<div class="broadcast-blue">Curious what those medals under the avatar are? PS now has Ladder Seasons! For more information, check out the <a href="https://www.smogon.com/forums/threads/3740067/">thread on Smogon.</a></div>
|j|☆portobellomushroom
|j|☆whisperingcloth
|t:|1779685704
|gametype|singles
|player|p1|portobellomushroom|turo-ai|1767
|player|p2|whisperingcloth|169|1660
|gen|9
|tier|[Gen 9] OU
|rated|
|rule|HP Percentage Mod: HP is shown in percentages
|rule|Endless Battle Clause: Forcing endless battles is banned
|rule|Species Clause: Limit one of each Pokémon
|rule|OHKO Clause: OHKO moves are banned
|rule|Evasion Items Clause: Evasion items are banned
|rule|Evasion Moves Clause: Evasion moves are banned
|rule|Evasion Abilities Clause: Evasion abilities are banned
|rule|Sleep Moves Clause: Sleep-inducing moves are banned
|clearpoke
|poke|p1|Glimmora, M|
|poke|p1|Polteageist|
|poke|p1|Deoxys-Speed|
|poke|p1|Great Tusk|
|poke|p1|Dragonite, F|
|poke|p1|Iron Valiant|
|poke|p2|Scizor, F|
|poke|p2|Deoxys-Speed|
|poke|p2|Garganacl, F|
|poke|p2|Kyurem|
|poke|p2|Great Tusk|
|poke|p2|Zapdos|
|teampreview
|inactive|Battle timer is ON: inactive players will automatically lose when time's up. (requested by whisperingcloth)
|inactive|portobellomushroom also wants the timer to be on.
|
|t:|1779685716
|teamsize|p1|6
|teamsize|p2|6
|start
|switch|p1a: glim glam|Glimmora, M|100/100
|switch|p2a: Deoxys|Deoxys-Speed|100/100
|-ability|p2a: Deoxys|Pressure
|turn|1
|
|t:|1779685724
|move|p2a: Deoxys|Knock Off|p1a: glim glam
|-damage|p1a: glim glam|70/100
|-activate|p1a: glim glam|ability: Toxic Debris
|-sidestart|p2: whisperingcloth|move: Toxic Spikes
|-enditem|p1a: glim glam|Focus Sash|[from] move: Knock Off|[of] p2a: Deoxys
|move|p1a: glim glam|Stealth Rock|p2a: Deoxys
|-sidestart|p2: whisperingcloth|move: Stealth Rock
|
|upkeep
|turn|2
|j| fdsls
|
|t:|1779685732
|move|p2a: Deoxys|Psycho Boost|p1a: glim glam
|-supereffective|p1a: glim glam
|-damage|p1a: glim glam|0 fnt
|-unboost|p2a: Deoxys|spa|2
|faint|p1a: glim glam
|-enditem|p2a: Deoxys|Eject Pack
|
|t:|1779685744
|switch|p2a: Garganacl|Garganacl, F|100/100
|-damage|p2a: Garganacl|88/100|[from] Stealth Rock
|
|-heal|p2a: Garganacl|94/100|[from] item: Leftovers
|upkeep
|
|t:|1779685748
|switch|p1a: great donphan|Great Tusk|100/100
|-enditem|p1a: great donphan|Booster Energy
|-activate|p1a: great donphan|ability: Protosynthesis|[fromitem]
|-start|p1a: great donphan|protosynthesisspe
|turn|3
|
|t:|1779685752
|move|p2a: Garganacl|Protect|p2a: Garganacl
|-singleturn|p2a: Garganacl|Protect
|move|p1a: great donphan|Bulk Up|p1a: great donphan
|-boost|p1a: great donphan|atk|1
|-boost|p1a: great donphan|def|1
|
|-heal|p2a: Garganacl|100/100|[from] item: Leftovers
|upkeep
|turn|4
|
|t:|1779685761
|switch|p2a: Zapdos|Zapdos|100/100
|move|p1a: great donphan|Bulk Up|p1a: great donphan
|-boost|p1a: great donphan|atk|1
|-boost|p1a: great donphan|def|1
|
|upkeep
|turn|5
|
|t:|1779685764
|move|p1a: great donphan|Head Smash|p2a: Zapdos|[miss]
|-miss|p1a: great donphan|p2a: Zapdos
|move|p2a: Zapdos|Hurricane|p1a: great donphan|[miss]
|-miss|p2a: Zapdos|p1a: great donphan
|
|upkeep
|turn|6
|
|t:|1779685768
|-terastallize|p2a: Zapdos|Steel
|move|p1a: great donphan|Head Smash|p2a: Zapdos|[miss]
|-miss|p1a: great donphan|p2a: Zapdos
|move|p2a: Zapdos|Hurricane|p1a: great donphan|[miss]
|-miss|p2a: Zapdos|p1a: great donphan
|
|upkeep
|turn|7
|c|☆whisperingcloth|lol
|
|t:|1779685781
|move|p1a: great donphan|Headlong Rush|p2a: Zapdos
|-supereffective|p2a: Zapdos
|-damage|p2a: Zapdos|0 fnt
|-unboost|p1a: great donphan|def|1
|-unboost|p1a: great donphan|spd|1
|faint|p2a: Zapdos
|
|upkeep
|c|☆portobellomushroom|hit a move challenge: impossible
|
|t:|1779685789
|switch|p2a: Deoxys|Deoxys-Speed|100/100
|-status|p2a: Deoxys|psn
|-damage|p2a: Deoxys|88/100 psn|[from] Stealth Rock
|-ability|p2a: Deoxys|Pressure
|turn|8
|
|t:|1779685818
|-end|p1a: great donphan|Protosynthesis|[silent]
|switch|p1a: drank|Polteageist|100/100
|move|p2a: Deoxys|Psycho Boost|p1a: drank
|-damage|p1a: drank|18/100
|-unboost|p2a: Deoxys|spa|2
|
|-damage|p2a: Deoxys|76/100 psn|[from] psn
|upkeep
|turn|9
|
|t:|1779685831
|switch|p2a: Scizor|Scizor, F|100/100
|-damage|p2a: Scizor|88/100|[from] Stealth Rock
|move|p1a: drank|Shadow Ball|p2a: Scizor
|-damage|p2a: Scizor|21/100
|
|upkeep
|turn|10
|
|t:|1779685843
|switch|p1a: great donphan|Great Tusk|100/100
|move|p2a: Scizor|Bullet Punch|p1a: great donphan
|-damage|p1a: great donphan|69/100
|
|upkeep
|turn|11
|
|t:|1779685850
|switch|p2a: Great Tusk|Great Tusk|100/100
|move|p1a: great donphan|Close Combat|p2a: Great Tusk
|-damage|p2a: Great Tusk|61/100
|-unboost|p1a: great donphan|def|1
|-unboost|p1a: great donphan|spd|1
|
|upkeep
|turn|12
|
|t:|1779685855
|-end|p1a: great donphan|Protosynthesis|[silent]
|switch|p1a: drank|Polteageist|18/100
|move|p2a: Great Tusk|Knock Off|p1a: drank
|-supereffective|p1a: drank
|-damage|p1a: drank|0 fnt
|-enditem|p1a: drank|Focus Sash|[from] move: Knock Off|[of] p2a: Great Tusk
|faint|p1a: drank
|
|upkeep
|
|t:|1779685861
|switch|p1a: liting mcgoo|Deoxys-Speed|100/100
|-ability|p1a: liting mcgoo|Pressure
|turn|13
|
|t:|1779685868
|-end|p2a: Great Tusk|Protosynthesis|[silent]
|switch|p2a: Kyurem|Kyurem|100/100
|-status|p2a: Kyurem|psn
|-damage|p2a: Kyurem|76/100 psn|[from] Stealth Rock
|-ability|p2a: Kyurem|Pressure
|move|p1a: liting mcgoo|Psycho Boost|p2a: Kyurem
|-damage|p2a: Kyurem|0 fnt
|-unboost|p1a: liting mcgoo|spa|2
|faint|p2a: Kyurem
|-damage|p1a: liting mcgoo|91/100|[from] item: Life Orb
|
|upkeep
|
|t:|1779685884
|switch|p2a: Garganacl|Garganacl, F|100/100
|-damage|p2a: Garganacl|88/100|[from] Stealth Rock
|turn|14
|
|t:|1779685888
|switch|p1a: great donphan|Great Tusk|69/100
|move|p2a: Garganacl|Salt Cure|p1a: great donphan
|-resisted|p1a: great donphan
|-damage|p1a: great donphan|67/100
|-start|p1a: great donphan|Salt Cure
|
|-heal|p2a: Garganacl|94/100|[from] item: Leftovers
|-damage|p1a: great donphan|55/100|[from] Salt Cure
|upkeep
|turn|15
|
|t:|1779685893
|switch|p2a: Deoxys|Deoxys-Speed|76/100 psn
|-damage|p2a: Deoxys|63/100 psn|[from] Stealth Rock
|-ability|p2a: Deoxys|Pressure
|move|p1a: great donphan|Bulk Up|p1a: great donphan
|-boost|p1a: great donphan|atk|1
|-boost|p1a: great donphan|def|1
|
|-damage|p2a: Deoxys|51/100 psn|[from] psn
|-damage|p1a: great donphan|42/100|[from] Salt Cure
|upkeep
|turn|16
|l| fdsls
|
|t:|1779685921
|move|p2a: Deoxys|Ice Beam|p1a: great donphan
|-supereffective|p1a: great donphan
|-crit|p1a: great donphan
|-damage|p1a: great donphan|0 fnt
|faint|p1a: great donphan
|-end|p1a: great donphan|Protosynthesis|[silent]
|
|-damage|p2a: Deoxys|38/100 psn|[from] psn
|upkeep
|inactive|portobellomushroom has 120 seconds left.
|j| oophyte
|
|t:|1779685955
|switch|p1a: Dnite|Dragonite, F|100/100
|turn|17
|
|t:|1779685962
|move|p2a: Deoxys|Ice Beam|p1a: Dnite
|-supereffective|p1a: Dnite
|-damage|p1a: Dnite|52/100
|move|p1a: Dnite|Dragon Dance|p1a: Dnite
|-boost|p1a: Dnite|atk|1
|-boost|p1a: Dnite|spe|1
|
|-damage|p2a: Deoxys|26/100 psn|[from] psn
|upkeep
|turn|18
|
|t:|1779685967
|move|p1a: Dnite|Extreme Speed|p2a: Deoxys
|-damage|p2a: Deoxys|0 fnt
|faint|p2a: Deoxys
|
|upkeep
|
|t:|1779685969
|switch|p2a: Great Tusk|Great Tusk|61/100
|turn|19
|
|t:|1779685975
|move|p1a: Dnite|Earthquake|p2a: Great Tusk
|-damage|p2a: Great Tusk|15/100
|move|p2a: Great Tusk|Rapid Spin|p1a: Dnite
|-damage|p1a: Dnite|34/100
|-boost|p2a: Great Tusk|spe|1
|-sideend|p2: whisperingcloth|Toxic Spikes|[from] move: Rapid Spin|[of] p2a: Great Tusk
|-sideend|p2: whisperingcloth|Stealth Rock|[from] move: Rapid Spin|[of] p2a: Great Tusk
|
|upkeep
|turn|20
|
|t:|1779685982
|move|p1a: Dnite|Extreme Speed|p2a: Great Tusk
|-damage|p2a: Great Tusk|0 fnt
|faint|p2a: Great Tusk
|-end|p2a: Great Tusk|Protosynthesis|[silent]
|
|upkeep
|
|t:|1779685985
|switch|p2a: Garganacl|Garganacl, F|94/100
|turn|21
|
|t:|1779685988
|move|p1a: Dnite|Earthquake|p2a: Garganacl
|-supereffective|p2a: Garganacl
|-damage|p2a: Garganacl|13/100
|move|p2a: Garganacl|Salt Cure|p1a: Dnite
|-supereffective|p1a: Dnite
|-damage|p1a: Dnite|6/100
|-start|p1a: Dnite|Salt Cure
|
|-heal|p2a: Garganacl|19/100|[from] item: Leftovers
|-damage|p1a: Dnite|0 fnt|[from] Salt Cure
|faint|p1a: Dnite
|upkeep
|
|t:|1779685994
|switch|p1a: which set?|Iron Valiant|100/100
|-enditem|p1a: which set?|Booster Energy
|-activate|p1a: which set?|ability: Quark Drive|[fromitem]
|-start|p1a: which set?|quarkdrivespe
|turn|22
|
|t:|1779686001
|-terastallize|p1a: which set?|Dark
|move|p1a: which set?|Knock Off|p2a: Garganacl
|-damage|p2a: Garganacl|0 fnt
|-enditem|p2a: Garganacl|Leftovers|[from] move: Knock Off|[of] p1a: which set?
|faint|p2a: Garganacl
|
|upkeep
|
|t:|1779686002
|switch|p2a: Scizor|Scizor, F|21/100
|turn|23
|j| chillncurry
|
|t:|1779686005
|move|p2a: Scizor|Bullet Punch|p1a: which set?
|-damage|p1a: which set?|37/100
|move|p1a: which set?|Knock Off|p2a: Scizor
|-damage|p2a: Scizor|0 fnt
|-enditem|p2a: Scizor|Choice Band|[from] move: Knock Off|[of] p1a: which set?
|faint|p2a: Scizor
|
|win|portobellomushroom
|raw|portobellomushroom's rating: 1767 &rarr; <strong>1781</strong><br />(+14 for winning)
|raw|whisperingcloth's rating: 1660 &rarr; <strong>1646</strong><br />(-14 for losing)
|c|☆whisperingcloth|wpwp
|c|☆portobellomushroom|gg
|l|☆portobellomushroom
|player|p1|
|l|☆whisperingcloth
|player|p2|
