|j|☆SillySushi
|j|☆complained
|t:|1779587141
|gametype|singles
|player|p1|SillySushi|maid|1232
|player|p2|complained|1|1257
|gen|9
|tier|[Gen 9] OU
|rated|
|rule|HP Percentage Mod: HP is shown in percentages
|rule|Endless Battle Clause: Forcing endless battles is banned
|rule|Species Clause: Limit one of each Pokémon
|rule|OHKO Clause: OHKO moves are banned
|rule|Evasion Items Clause: Evasion items are banned
|rule|Evasion Moves Clause: Evasion moves are banned
|rule|Evasion Abilities Clause: Evasion abilities are banned
|rule|Sleep Moves Clause: Sleep-inducing moves are banned
|clearpoke
|poke|p1|Pelipper, F|
|poke|p1|Kingdra, F|
|poke|p1|Barraskewda, M|
|poke|p1|Tornadus-Therian, M|
|poke|p1|Iron Moth|
|poke|p1|Iron Treads|
|poke|p2|Weavile, F|
|poke|p2|Volcanion|
|poke|p2|Great Tusk|
|poke|p2|Hatterene, F|
|poke|p2|Dragonite, M|
|poke|p2|Gholdengo|
|teampreview
|inactive|Battle timer is ON: inactive players will automatically lose when time's up. (requested by SillySushi)
|
|t:|1779587162
|teamsize|p1|6
|teamsize|p2|6
|start
|switch|p1a: Iron Moth|Iron Moth|100/100
|switch|p2a: Hatterene|Hatterene, F, shiny|100/100
|turn|1
|
|t:|1779587182
|switch|p2a: Great Tusk|Great Tusk|100/100
|move|p1a: Iron Moth|U-turn|p2a: Great Tusk
|-resisted|p2a: Great Tusk
|-damage|p2a: Great Tusk|96/100
|
|t:|1779587187
|-end|p1a: Iron Moth|Quark Drive|[silent]
|switch|p1a: Pelipper|Pelipper, F|100/100|[from] U-turn
|-weather|RainDance|[from] ability: Drizzle|[of] p1a: Pelipper
|
|-weather|RainDance|[upkeep]
|upkeep
|turn|2
|
|t:|1779587196
|-end|p2a: Great Tusk|Protosynthesis|[silent]
|switch|p2a: Hatterene|Hatterene, F, shiny|100/100
|move|p1a: Pelipper|Hurricane|p2a: Hatterene
|-damage|p2a: Hatterene|64/100
|
|-weather|RainDance|[upkeep]
|upkeep
|turn|3
|
|t:|1779587203
|move|p1a: Pelipper|U-turn|p2a: Hatterene
|-damage|p2a: Hatterene|55/100
|-damage|p1a: Pelipper|84/100|[from] item: Rocky Helmet|[of] p2a: Hatterene
|
|t:|1779587205
|switch|p1a: Iron Treads|Iron Treads|100/100|[from] U-turn
|-item|p1a: Iron Treads|Air Balloon
|move|p2a: Hatterene|Nuzzle|p1a: Iron Treads
|-immune|p1a: Iron Treads
|
|-weather|RainDance|[upkeep]
|upkeep
|turn|4
|
|t:|1779587220
|switch|p2a: Volcanion|Volcanion|100/100
|move|p1a: Iron Treads|Earthquake|p2a: Volcanion
|-supereffective|p2a: Volcanion
|-enditem|p2a: Volcanion|Shuca Berry|[eat]
|-enditem|p2a: Volcanion|Shuca Berry|[weaken]
|-damage|p2a: Volcanion|60/100
|
|-weather|RainDance|[upkeep]
|upkeep
|turn|5
|
|t:|1779587229
|move|p1a: Iron Treads|Earthquake|p2a: Volcanion
|-supereffective|p2a: Volcanion
|-damage|p2a: Volcanion|0 fnt
|faint|p2a: Volcanion
|
|-weather|RainDance|[upkeep]
|upkeep
|
|t:|1779587239
|switch|p2a: Weavile|Weavile, F|100/100
|turn|6
|
|t:|1779587249
|-terastallize|p2a: Weavile|Dark
|move|p2a: Weavile|Triple Axel|p1a: Iron Treads
|-damage|p1a: Iron Treads|86/100
|-enditem|p1a: Iron Treads|Air Balloon
|-damage|p1a: Iron Treads|62/100
|-damage|p1a: Iron Treads|20/100
|-hitcount|p1a: Iron Treads|3
|move|p1a: Iron Treads|Earthquake|p2a: Weavile
|-damage|p2a: Weavile|19/100
|
|-weather|RainDance|[upkeep]
|upkeep
|turn|7
|
|t:|1779587264
|move|p2a: Weavile|Triple Axel|p1a: Iron Treads
|-damage|p1a: Iron Treads|6/100
|-damage|p1a: Iron Treads|0 fnt
|faint|p1a: Iron Treads
|-end|p1a: Iron Treads|Quark Drive|[silent]
|-hitcount|p1: Iron Treads|2
|
|-weather|RainDance|[upkeep]
|upkeep
|
|t:|1779587268
|switch|p1a: Barraskewda|Barraskewda, M|100/100
|turn|8
|
|t:|1779587273
|switch|p2a: Hatterene|Hatterene, F, shiny|55/100
|move|p1a: Barraskewda|Flip Turn|p2a: Hatterene
|-damage|p2a: Hatterene|0 fnt
|-damage|p1a: Barraskewda|84/100|[from] item: Rocky Helmet|[of] p2a: Hatterene
|faint|p2a: Hatterene
|
|t:|1779587281
|switch|p1a: Iron Moth|Iron Moth|100/100|[from] Flip Turn
|
|-weather|none
|upkeep
|
|t:|1779587286
|switch|p2a: Weavile|Weavile, F, tera:Dark|19/100
|turn|9
|
|t:|1779587291
|move|p2a: Weavile|Knock Off|p1a: Iron Moth
|-damage|p1a: Iron Moth|0 fnt
|-enditem|p1a: Iron Moth|Utility Umbrella|[from] move: Knock Off|[of] p2a: Weavile
|faint|p1a: Iron Moth
|-end|p1a: Iron Moth|Quark Drive|[silent]
|
|upkeep
|
|t:|1779587296
|switch|p1a: Pelipper|Pelipper, F|84/100
|-weather|RainDance|[from] ability: Drizzle|[of] p1a: Pelipper
|turn|10
|
|t:|1779587300
|move|p2a: Weavile|Knock Off|p1a: Pelipper
|-damage|p1a: Pelipper|12/100
|-enditem|p1a: Pelipper|Damp Rock|[from] move: Knock Off|[of] p2a: Weavile
|move|p1a: Pelipper|U-turn|p2a: Weavile
|-supereffective|p2a: Weavile
|-damage|p2a: Weavile|0 fnt
|faint|p2a: Weavile
|
|t:|1779587308
|switch|p1a: Kingdra|Kingdra, F|100/100|[from] U-turn
|
|-weather|RainDance|[upkeep]
|upkeep
|
|t:|1779587314
|switch|p2a: Gholdengo|Gholdengo|100/100
|turn|11
|
|t:|1779587321
|move|p1a: Kingdra|Weather Ball|p2a: Gholdengo
|-damage|p2a: Gholdengo|0 fnt
|faint|p2a: Gholdengo
|
|-weather|RainDance|[upkeep]
|upkeep
|
|t:|1779587327
|switch|p2a: Dragonite|Dragonite, M, shiny|100/100
|turn|12
|
|t:|1779587331
|move|p1a: Kingdra|Weather Ball|p2a: Dragonite
|-resisted|p2a: Dragonite
|-crit|p2a: Dragonite
|-damage|p2a: Dragonite|64/100
|move|p2a: Dragonite|Dragon Dance|p2a: Dragonite
|-boost|p2a: Dragonite|atk|1
|-boost|p2a: Dragonite|spe|1
|
|-weather|RainDance|[upkeep]
|-heal|p2a: Dragonite|70/100|[from] item: Leftovers
|upkeep
|turn|13
|
|t:|1779587353
|-terastallize|p1a: Kingdra|Water
|move|p1a: Kingdra|Weather Ball|p2a: Dragonite
|-resisted|p2a: Dragonite
|-damage|p2a: Dragonite|6/100
|move|p2a: Dragonite|Earthquake|p1a: Kingdra
|-damage|p1a: Kingdra|31/100
|
|-weather|RainDance|[upkeep]
|-heal|p2a: Dragonite|13/100|[from] item: Leftovers
|upkeep
|turn|14
|-message|complained forfeited.
|
|win|SillySushi
|raw|SillySushi's rating: 1232 &rarr; <strong>1259</strong><br />(+27 for winning)
|raw|complained's rating: 1257 &rarr; <strong>1230</strong><br />(-27 for losing)
|l|☆complained
|player|p2|
