|j|☆YarMathey
|j|☆tavve
|t:|1779630734
|gametype|singles
|player|p1|YarMathey|skyla|1146
|player|p2|tavve|pokekid|1143
|gen|9
|tier|[Gen 9] OU
|rated|
|rule|HP Percentage Mod: HP is shown in percentages
|rule|Endless Battle Clause: Forcing endless battles is banned
|rule|Species Clause: Limit one of each Pokémon
|rule|OHKO Clause: OHKO moves are banned
|rule|Evasion Items Clause: Evasion items are banned
|rule|Evasion Moves Clause: Evasion moves are banned
|rule|Evasion Abilities Clause: Evasion abilities are banned
|rule|Sleep Moves Clause: Sleep-inducing moves are banned
|clearpoke
|poke|p1|Sandslash-Alola, M|
|poke|p1|Slowking, M|
|poke|p1|Raging Bolt|
|poke|p1|Corviknight, F|
|poke|p1|Ting-Lu|
|poke|p1|Primarina, F|
|poke|p2|Weezing-Galar, M|
|poke|p2|Barraskewda, M|
|poke|p2|Zamazenta-*|
|poke|p2|Ogerpon-Wellspring, F|
|poke|p2|Ting-Lu|
|poke|p2|Hatterene, F|
|teampreview
|
|t:|1779630750
|teamsize|p1|6
|teamsize|p2|6
|start
|switch|p1a: Corviknight|Corviknight, F|100/100
|switch|p2a: Barraskewda|Barraskewda, M|100/100
|-ability|p1a: Corviknight|Pressure
|turn|1
|
|t:|1779630759
|move|p2a: Barraskewda|Close Combat|p1a: Corviknight
|-damage|p1a: Corviknight|50/100
|-unboost|p2a: Barraskewda|def|1
|-unboost|p2a: Barraskewda|spd|1
|move|p1a: Corviknight|Iron Defense|p1a: Corviknight
|-boost|p1a: Corviknight|def|2
|
|-heal|p1a: Corviknight|57/100|[from] item: Leftovers
|upkeep
|turn|2
|
|t:|1779630781
|switch|p2a: Hatterene|Hatterene, F|100/100
|move|p1a: Corviknight|Body Press|p2a: Hatterene
|-resisted|p2a: Hatterene
|-damage|p2a: Hatterene|90/100
|
|-heal|p1a: Corviknight|63/100|[from] item: Leftovers
|upkeep
|turn|3
|
|t:|1779630792
|move|p1a: Corviknight|Roost|p1a: Corviknight
|-heal|p1a: Corviknight|100/100
|-singleturn|p1a: Corviknight|move: Roost
|move|p2a: Hatterene|Mystical Fire|p1a: Corviknight
|-supereffective|p1a: Corviknight
|-damage|p1a: Corviknight|66/100
|-unboost|p1a: Corviknight|spa|1
|
|-heal|p1a: Corviknight|72/100|[from] item: Leftovers
|upkeep
|turn|4
|
|t:|1779630803
|switch|p1a: Slowking|Slowking, M|100/100
|move|p2a: Hatterene|Nuzzle|p1a: Slowking
|-supereffective|p1a: Slowking
|-damage|p1a: Slowking|95/100
|-status|p1a: Slowking|par
|
|upkeep
|turn|5
|
|t:|1779630826
|switch|p2a: Weezing|Weezing-Galar, M|100/100
|move|p1a: Slowking|Future Sight|p2a: Weezing
|-start|p1a: Slowking|move: Future Sight
|
|upkeep
|turn|6
|
|t:|1779630841
|move|p2a: Weezing|Play Rough|p1a: Slowking
|-damage|p1a: Slowking|75/100 par
|-prepare|p1a: Slowking|Chilly Reception|[premajor]
|move|p1a: Slowking|Chilly Reception|p1a: Slowking
|-weather|Snowscape
|
|t:|1779630853
|switch|p1a: Sandslash|Sandslash-Alola, M|100/100|[from] Chilly Reception
|
|-weather|Snowscape|[upkeep]
|upkeep
|turn|7
|
|t:|1779630863
|move|p1a: Sandslash|Icicle Crash|p2a: Weezing
|-damage|p2a: Weezing|57/100
|move|p2a: Weezing|Will-O-Wisp|p1a: Sandslash
|-status|p1a: Sandslash|brn
|
|-weather|Snowscape|[upkeep]
|-end|p2a: Weezing|move: Future Sight
|-supereffective|p2a: Weezing
|-damage|p2a: Weezing|0 fnt
|faint|p2a: Weezing
|-damage|p1a: Sandslash|94/100 brn|[from] brn
|upkeep
|
|t:|1779630879
|switch|p2a: Ogerpon|Ogerpon-Wellspring, F|100/100
|turn|8
|
|t:|1779630886
|-terastallize|p2a: Ogerpon|Water
|detailschange|p2a: Ogerpon|Ogerpon-Wellspring-Tera, F, tera:Water
|-ability|p2a: Ogerpon|Embody Aspect (Wellspring)|boost
|-boost|p2a: Ogerpon|spd|1
|move|p2a: Ogerpon|Swords Dance|p2a: Ogerpon
|-boost|p2a: Ogerpon|atk|2
|move|p1a: Sandslash|Icicle Crash|p2a: Ogerpon
|-resisted|p2a: Ogerpon
|-damage|p2a: Ogerpon|79/100
|
|-weather|Snowscape|[upkeep]
|-damage|p1a: Sandslash|88/100 brn|[from] brn
|upkeep
|turn|9
|
|t:|1779630900
|move|p2a: Ogerpon|Swords Dance|p2a: Ogerpon
|-boost|p2a: Ogerpon|atk|2
|move|p1a: Sandslash|Icicle Crash|p2a: Ogerpon
|-resisted|p2a: Ogerpon
|-damage|p2a: Ogerpon|59/100
|
|-weather|Snowscape|[upkeep]
|-damage|p1a: Sandslash|82/100 brn|[from] brn
|upkeep
|turn|10
|
|t:|1779630908
|move|p2a: Ogerpon|Trailblaze|p1a: Sandslash
|-resisted|p1a: Sandslash
|-damage|p1a: Sandslash|60/100 brn
|-boost|p2a: Ogerpon|spe|1
|move|p1a: Sandslash|Icicle Crash|p2a: Ogerpon
|-resisted|p2a: Ogerpon
|-damage|p2a: Ogerpon|40/100
|
|-weather|none
|-damage|p1a: Sandslash|53/100 brn|[from] brn
|upkeep
|turn|11
|
|t:|1779630919
|move|p2a: Ogerpon|Ivy Cudgel|p1a: Sandslash|[anim] Ivy Cudgel Water
|-damage|p1a: Sandslash|0 fnt
|faint|p1a: Sandslash
|
|upkeep
|
|t:|1779630922
|switch|p1a: Raging Bolt|Raging Bolt|100/100
|turn|12
|
|t:|1779630943
|move|p1a: Raging Bolt|Thunderclap|p2a: Ogerpon
|-supereffective|p2a: Ogerpon
|-damage|p2a: Ogerpon|0 fnt
|faint|p2a: Ogerpon
|detailschange|p2: Ogerpon|Ogerpon-Wellspring, F|[silent]
|
|upkeep
|
|t:|1779630956
|switch|p2a: Ting-Lu|Ting-Lu|100/100
|-ability|p2a: Ting-Lu|Vessel of Ruin
|turn|13
|
|t:|1779630961
|-end|p1a: Raging Bolt|Protosynthesis|[silent]
|switch|p1a: Corviknight|Corviknight, F|72/100
|-ability|p1a: Corviknight|Pressure
|move|p2a: Ting-Lu|Stealth Rock|p1a: Corviknight
|-sidestart|p1: YarMathey|move: Stealth Rock
|
|-heal|p1a: Corviknight|78/100|[from] item: Leftovers
|upkeep
|turn|14
|
|t:|1779630969
|move|p1a: Corviknight|Defog|p2a: Ting-Lu
|-unboost|p2a: Ting-Lu|evasion|1
|-sideend|p1: YarMathey|Stealth Rock|[from] move: Defog|[of] p1a: Corviknight
|move|p2a: Ting-Lu|Whirlwind|p1a: Corviknight
|drag|p1a: Raging Bolt|Raging Bolt|100/100
|
|upkeep
|turn|15
|
|t:|1779630978
|-end|p1a: Raging Bolt|Protosynthesis|[silent]
|switch|p1a: Corviknight|Corviknight, F|78/100
|-ability|p1a: Corviknight|Pressure
|move|p2a: Ting-Lu|Earthquake|p1a: Corviknight
|-immune|p1a: Corviknight
|
|-heal|p1a: Corviknight|85/100|[from] item: Leftovers
|upkeep
|turn|16
|
|t:|1779630987
|move|p1a: Corviknight|Body Press|p2a: Ting-Lu
|-supereffective|p2a: Ting-Lu
|-damage|p2a: Ting-Lu|79/100
|move|p2a: Ting-Lu|Stealth Rock|p1a: Corviknight
|-sidestart|p1: YarMathey|move: Stealth Rock
|
|-heal|p1a: Corviknight|91/100|[from] item: Leftovers
|-heal|p2a: Ting-Lu|85/100|[from] item: Leftovers
|upkeep
|turn|17
|
|t:|1779630998
|move|p1a: Corviknight|Defog|p2a: Ting-Lu
|-unboost|p2a: Ting-Lu|evasion|1
|-sideend|p1: YarMathey|Stealth Rock|[from] move: Defog|[of] p1a: Corviknight
|move|p2a: Ting-Lu|Ruination|p1a: Corviknight
|-damage|p1a: Corviknight|46/100
|
|-heal|p1a: Corviknight|52/100|[from] item: Leftovers
|-heal|p2a: Ting-Lu|92/100|[from] item: Leftovers
|upkeep
|turn|18
|
|t:|1779631006
|move|p1a: Corviknight|Body Press|p2a: Ting-Lu
|-supereffective|p2a: Ting-Lu
|-damage|p2a: Ting-Lu|71/100
|move|p2a: Ting-Lu|Stealth Rock|p1a: Corviknight
|-sidestart|p1: YarMathey|move: Stealth Rock
|
|-heal|p1a: Corviknight|58/100|[from] item: Leftovers
|-heal|p2a: Ting-Lu|78/100|[from] item: Leftovers
|upkeep
|turn|19
|
|t:|1779631026
|switch|p2a: Zamazenta|Zamazenta|100/100
|-ability|p2a: Zamazenta|Dauntless Shield|boost
|-boost|p2a: Zamazenta|def|1
|move|p1a: Corviknight|Defog|p2a: Zamazenta
|-unboost|p2a: Zamazenta|evasion|1
|-sideend|p1: YarMathey|Stealth Rock|[from] move: Defog|[of] p1a: Corviknight
|
|-heal|p1a: Corviknight|64/100|[from] item: Leftovers
|upkeep
|turn|20
|
|t:|1779631051
|switch|p1a: Slowking|Slowking, M|100/100 par
|move|p2a: Zamazenta|Crunch|p1a: Slowking
|-supereffective|p1a: Slowking
|-damage|p1a: Slowking|44/100 par
|-damage|p2a: Zamazenta|91/100|[from] item: Life Orb
|
|upkeep
|turn|21
|
|t:|1779631059
|move|p2a: Zamazenta|Crunch|p1a: Slowking
|-supereffective|p1a: Slowking
|-damage|p1a: Slowking|0 fnt
|faint|p1a: Slowking
|-damage|p2a: Zamazenta|81/100|[from] item: Life Orb
|
|upkeep
|
|t:|1779631061
|switch|p1a: Primarina|Primarina, F|100/100
|turn|22
|
|t:|1779631072
|move|p2a: Zamazenta|Heavy Slam|p1a: Primarina
|-damage|p1a: Primarina|40/100
|-damage|p2a: Zamazenta|71/100|[from] item: Life Orb
|move|p1a: Primarina|Moonblast|p2a: Zamazenta
|-supereffective|p2a: Zamazenta
|-damage|p2a: Zamazenta|0 fnt
|faint|p2a: Zamazenta
|
|-heal|p1a: Primarina|46/100|[from] item: Leftovers
|upkeep
|
|t:|1779631084
|switch|p2a: Barraskewda|Barraskewda, M|100/100
|turn|23
|
|t:|1779631096
|move|p2a: Barraskewda|Close Combat|p1a: Primarina
|-resisted|p1a: Primarina
|-damage|p1a: Primarina|8/100
|-unboost|p2a: Barraskewda|def|1
|-unboost|p2a: Barraskewda|spd|1
|move|p1a: Primarina|Moonblast|p2a: Barraskewda
|-damage|p2a: Barraskewda|0 fnt
|faint|p2a: Barraskewda
|
|-heal|p1a: Primarina|14/100|[from] item: Leftovers
|upkeep
|
|t:|1779631112
|switch|p2a: Ting-Lu|Ting-Lu|78/100
|-ability|p2a: Ting-Lu|Vessel of Ruin
|turn|24
|
|t:|1779631118
|switch|p1a: Corviknight|Corviknight, F|64/100
|-ability|p1a: Corviknight|Pressure
|move|p2a: Ting-Lu|Stealth Rock|p1a: Corviknight
|-sidestart|p1: YarMathey|move: Stealth Rock
|
|-heal|p1a: Corviknight|71/100|[from] item: Leftovers
|-heal|p2a: Ting-Lu|84/100|[from] item: Leftovers
|upkeep
|turn|25
|
|t:|1779631128
|move|p1a: Corviknight|Defog|p2a: Ting-Lu
|-unboost|p2a: Ting-Lu|evasion|1
|-sideend|p1: YarMathey|Stealth Rock|[from] move: Defog|[of] p1a: Corviknight
|move|p2a: Ting-Lu|Ruination|p1a: Corviknight
|-damage|p1a: Corviknight|36/100
|
|-heal|p1a: Corviknight|42/100|[from] item: Leftovers
|-heal|p2a: Ting-Lu|90/100|[from] item: Leftovers
|upkeep
|turn|26
|
|t:|1779631136
|move|p1a: Corviknight|Body Press|p2a: Ting-Lu
|-supereffective|p2a: Ting-Lu
|-damage|p2a: Ting-Lu|69/100
|move|p2a: Ting-Lu|Stealth Rock|p1a: Corviknight
|-sidestart|p1: YarMathey|move: Stealth Rock
|
|-heal|p1a: Corviknight|48/100|[from] item: Leftovers
|-heal|p2a: Ting-Lu|75/100|[from] item: Leftovers
|upkeep
|turn|27
|
|t:|1779631146
|move|p1a: Corviknight|Defog|p2a: Ting-Lu
|-unboost|p2a: Ting-Lu|evasion|1
|-sideend|p1: YarMathey|Stealth Rock|[from] move: Defog|[of] p1a: Corviknight
|move|p2a: Ting-Lu|Whirlwind|p1a: Corviknight
|drag|p1a: Primarina|Primarina, F|14/100
|
|-heal|p1a: Primarina|20/100|[from] item: Leftovers
|-heal|p2a: Ting-Lu|81/100|[from] item: Leftovers
|upkeep
|turn|28
|
|t:|1779631157
|move|p1a: Primarina|Hyper Voice|p2a: Ting-Lu
|-supereffective|p2a: Ting-Lu
|-damage|p2a: Ting-Lu|40/100
|move|p2a: Ting-Lu|Whirlwind|p1a: Primarina
|drag|p1a: Ting-Lu|Ting-Lu|100/100
|-ability|p1a: Ting-Lu|Vessel of Ruin
|
|-heal|p2a: Ting-Lu|46/100|[from] item: Leftovers
|upkeep
|turn|29
|
|t:|1779631167
|move|p2a: Ting-Lu|Ruination|p1a: Ting-Lu|[miss]
|-miss|p2a: Ting-Lu|p1a: Ting-Lu
|move|p1a: Ting-Lu|Earthquake|p2a: Ting-Lu
|-damage|p2a: Ting-Lu|24/100
|
|-heal|p2a: Ting-Lu|30/100|[from] item: Leftovers
|upkeep
|turn|30
|
|t:|1779631174
|move|p2a: Ting-Lu|Ruination|p1a: Ting-Lu
|-damage|p1a: Ting-Lu|50/100
|move|p1a: Ting-Lu|Earthquake|p2a: Ting-Lu
|-damage|p2a: Ting-Lu|12/100
|
|-heal|p2a: Ting-Lu|18/100|[from] item: Leftovers
|-heal|p1a: Ting-Lu|57/100|[from] item: Leftovers
|upkeep
|turn|31
|
|t:|1779631181
|move|p2a: Ting-Lu|Stealth Rock|p1a: Ting-Lu
|-sidestart|p1: YarMathey|move: Stealth Rock
|move|p1a: Ting-Lu|Earthquake|p2a: Ting-Lu
|-damage|p2a: Ting-Lu|0 fnt
|faint|p2a: Ting-Lu
|
|-heal|p1a: Ting-Lu|63/100|[from] item: Leftovers
|upkeep
|
|t:|1779631187
|switch|p2a: Hatterene|Hatterene, F|90/100
|turn|32
|
|t:|1779631194
|move|p1a: Ting-Lu|Ruination|p2a: Hatterene
|-damage|p2a: Hatterene|45/100
|move|p2a: Hatterene|Draining Kiss|p1a: Ting-Lu
|-supereffective|p1a: Ting-Lu
|-damage|p1a: Ting-Lu|31/100
|-heal|p2a: Hatterene|84/100|[from] drain|[of] p1a: Ting-Lu
|
|-heal|p1a: Ting-Lu|38/100|[from] item: Leftovers
|upkeep
|turn|33
|
|t:|1779631205
|move|p1a: Ting-Lu|Ruination|p2a: Hatterene|[miss]
|-miss|p1a: Ting-Lu|p2a: Hatterene
|move|p2a: Hatterene|Draining Kiss|p1a: Ting-Lu
|-supereffective|p1a: Ting-Lu
|-damage|p1a: Ting-Lu|5/100
|-heal|p2a: Hatterene|100/100|[from] drain|[of] p1a: Ting-Lu
|
|-heal|p1a: Ting-Lu|11/100|[from] item: Leftovers
|upkeep
|turn|34
|
|t:|1779631214
|move|p1a: Ting-Lu|Ruination|p2a: Hatterene
|-damage|p2a: Hatterene|50/100
|move|p2a: Hatterene|Draining Kiss|p1a: Ting-Lu
|-supereffective|p1a: Ting-Lu
|-damage|p1a: Ting-Lu|0 fnt
|-heal|p2a: Hatterene|63/100|[from] drain|[of] p1a: Ting-Lu
|faint|p1a: Ting-Lu
|
|upkeep
|
|t:|1779631222
|switch|p1a: Corviknight|Corviknight, F|48/100
|-damage|p1a: Corviknight|36/100|[from] Stealth Rock
|-ability|p1a: Corviknight|Pressure
|turn|35
|
|t:|1779631231
|move|p1a: Corviknight|Defog|p2a: Hatterene
|move|p2a: Hatterene|Defog|p1a: Corviknight|[from] ability: Magic Bounce
|-unboost|p1a: Corviknight|evasion|1
|-sideend|p1: YarMathey|Stealth Rock|[from] move: Defog|[of] p2a: Hatterene
|move|p2a: Hatterene|Mystical Fire|p1a: Corviknight
|-supereffective|p1a: Corviknight
|-damage|p1a: Corviknight|1/100
|-unboost|p1a: Corviknight|spa|1
|
|-heal|p1a: Corviknight|7/100|[from] item: Leftovers
|upkeep
|turn|36
|
|t:|1779631252
|move|p1a: Corviknight|Roost|p1a: Corviknight
|-heal|p1a: Corviknight|57/100
|-singleturn|p1a: Corviknight|move: Roost
|move|p2a: Hatterene|Draining Kiss|p1a: Corviknight
|-resisted|p1a: Corviknight
|-damage|p1a: Corviknight|47/100
|-heal|p2a: Hatterene|73/100|[from] drain|[of] p1a: Corviknight
|
|-heal|p1a: Corviknight|54/100|[from] item: Leftovers
|upkeep
|turn|37
|
|t:|1779631263
|move|p1a: Corviknight|Roost|p1a: Corviknight
|-heal|p1a: Corviknight|100/100
|-singleturn|p1a: Corviknight|move: Roost
|move|p2a: Hatterene|Mystical Fire|p1a: Corviknight
|-supereffective|p1a: Corviknight
|-damage|p1a: Corviknight|66/100
|-unboost|p1a: Corviknight|spa|1
|
|-heal|p1a: Corviknight|73/100|[from] item: Leftovers
|upkeep
|turn|38
|
|t:|1779631273
|move|p1a: Corviknight|Roost|p1a: Corviknight
|-heal|p1a: Corviknight|100/100
|-singleturn|p1a: Corviknight|move: Roost
|move|p2a: Hatterene|Nuzzle|p1a: Corviknight
|-crit|p1a: Corviknight
|-damage|p1a: Corviknight|95/100
|-status|p1a: Corviknight|par
|
|-heal|p1a: Corviknight|100/100 par|[from] item: Leftovers
|upkeep
|turn|39
|
|t:|1779631284
|move|p2a: Hatterene|Mystical Fire|p1a: Corviknight
|-supereffective|p1a: Corviknight
|-damage|p1a: Corviknight|63/100 par
|-unboost|p1a: Corviknight|spa|1
|move|p1a: Corviknight|Body Press|p2a: Hatterene
|-resisted|p2a: Hatterene
|-damage|p2a: Hatterene|67/100
|
|-heal|p1a: Corviknight|69/100 par|[from] item: Leftovers
|upkeep
|turn|40
|
|t:|1779631292
|move|p2a: Hatterene|Mystical Fire|p1a: Corviknight
|-supereffective|p1a: Corviknight
|-damage|p1a: Corviknight|30/100 par
|-unboost|p1a: Corviknight|spa|1
|move|p1a: Corviknight|Roost|p1a: Corviknight
|-heal|p1a: Corviknight|80/100 par
|-singleturn|p1a: Corviknight|move: Roost
|
|-heal|p1a: Corviknight|86/100 par|[from] item: Leftovers
|upkeep
|turn|41
|
|t:|1779631303
|switch|p1a: Raging Bolt|Raging Bolt|100/100
|move|p2a: Hatterene|Mystical Fire|p1a: Raging Bolt
|-resisted|p1a: Raging Bolt
|-damage|p1a: Raging Bolt|89/100
|-unboost|p1a: Raging Bolt|spa|1
|
|upkeep
|turn|42
|
|t:|1779631313
|-end|p1a: Raging Bolt|Protosynthesis|[silent]
|switch|p1a: Primarina|Primarina, F|20/100
|move|p2a: Hatterene|Draining Kiss|p1a: Primarina
|-damage|p1a: Primarina|0 fnt
|-heal|p2a: Hatterene|84/100|[from] drain|[of] p1a: Primarina
|faint|p1a: Primarina
|
|upkeep
|
|t:|1779631319
|switch|p1a: Corviknight|Corviknight, F|86/100 par
|-ability|p1a: Corviknight|Pressure
|turn|43
|
|t:|1779631329
|move|p2a: Hatterene|Mystical Fire|p1a: Corviknight
|-supereffective|p1a: Corviknight
|-damage|p1a: Corviknight|50/100 par
|-unboost|p1a: Corviknight|spa|1
|move|p1a: Corviknight|Roost|p1a: Corviknight
|-heal|p1a: Corviknight|99/100 par
|-singleturn|p1a: Corviknight|move: Roost
|
|-heal|p1a: Corviknight|100/100 par|[from] item: Leftovers
|upkeep
|turn|44
|
|t:|1779631340
|switch|p1a: Raging Bolt|Raging Bolt|89/100
|move|p2a: Hatterene|Mystical Fire|p1a: Raging Bolt
|-resisted|p1a: Raging Bolt
|-damage|p1a: Raging Bolt|78/100
|-unboost|p1a: Raging Bolt|spa|1
|
|upkeep
|turn|45
|
|t:|1779631348
|-end|p1a: Raging Bolt|Protosynthesis|[silent]
|switch|p1a: Corviknight|Corviknight, F|100/100 par
|-ability|p1a: Corviknight|Pressure
|move|p2a: Hatterene|Draining Kiss|p1a: Corviknight
|-resisted|p1a: Corviknight
|-crit|p1a: Corviknight
|-damage|p1a: Corviknight|88/100 par
|-heal|p2a: Hatterene|96/100|[from] drain|[of] p1a: Corviknight
|
|-heal|p1a: Corviknight|94/100 par|[from] item: Leftovers
|upkeep
|turn|46
|
|t:|1779631358
|move|p2a: Hatterene|Psyshock|p1a: Corviknight
|-resisted|p1a: Corviknight
|-damage|p1a: Corviknight|78/100 par
|move|p1a: Corviknight|Iron Defense|p1a: Corviknight
|-boost|p1a: Corviknight|def|2
|
|-heal|p1a: Corviknight|84/100 par|[from] item: Leftovers
|upkeep
|turn|47
|
|t:|1779631367
|move|p2a: Hatterene|Psyshock|p1a: Corviknight
|-resisted|p1a: Corviknight
|-damage|p1a: Corviknight|75/100 par
|move|p1a: Corviknight|Iron Defense|p1a: Corviknight
|-boost|p1a: Corviknight|def|2
|
|-heal|p1a: Corviknight|81/100 par|[from] item: Leftovers
|upkeep
|turn|48
|
|t:|1779631378
|move|p2a: Hatterene|Mystical Fire|p1a: Corviknight
|-supereffective|p1a: Corviknight
|-damage|p1a: Corviknight|47/100 par
|-unboost|p1a: Corviknight|spa|1
|move|p1a: Corviknight|Iron Defense|p1a: Corviknight
|-boost|p1a: Corviknight|def|2
|
|-heal|p1a: Corviknight|54/100 par|[from] item: Leftovers
|upkeep
|turn|49
|
|t:|1779631387
|move|p2a: Hatterene|Draining Kiss|p1a: Corviknight
|-resisted|p1a: Corviknight
|-damage|p1a: Corviknight|45/100 par
|-heal|p2a: Hatterene|100/100|[from] drain|[of] p1a: Corviknight
|move|p1a: Corviknight|Body Press|p2a: Hatterene
|-resisted|p2a: Hatterene
|-damage|p2a: Hatterene|78/100
|
|-heal|p1a: Corviknight|51/100 par|[from] item: Leftovers
|upkeep
|turn|50
|
|t:|1779631396
|move|p2a: Hatterene|Draining Kiss|p1a: Corviknight
|-resisted|p1a: Corviknight
|-damage|p1a: Corviknight|43/100 par
|-heal|p2a: Hatterene|85/100|[from] drain|[of] p1a: Corviknight
|move|p1a: Corviknight|Body Press|p2a: Hatterene
|-resisted|p2a: Hatterene
|-damage|p2a: Hatterene|66/100
|
|-heal|p1a: Corviknight|49/100 par|[from] item: Leftovers
|upkeep
|turn|51
|
|t:|1779631406
|move|p2a: Hatterene|Draining Kiss|p1a: Corviknight
|-resisted|p1a: Corviknight
|-damage|p1a: Corviknight|40/100 par
|-heal|p2a: Hatterene|75/100|[from] drain|[of] p1a: Corviknight
|cant|p1a: Corviknight|par
|
|-heal|p1a: Corviknight|46/100 par|[from] item: Leftovers
|upkeep
|turn|52
|
|t:|1779631421
|move|p2a: Hatterene|Draining Kiss|p1a: Corviknight
|-resisted|p1a: Corviknight
|-damage|p1a: Corviknight|37/100 par
|-heal|p2a: Hatterene|83/100|[from] drain|[of] p1a: Corviknight
|move|p1a: Corviknight|Body Press|p2a: Hatterene
|-resisted|p2a: Hatterene
|-damage|p2a: Hatterene|60/100
|
|-heal|p1a: Corviknight|44/100 par|[from] item: Leftovers
|upkeep
|turn|53
|
|t:|1779631432
|move|p2a: Hatterene|Nuzzle|p1a: Corviknight
|-supereffective|p1a: Corviknight
|-crit|p1a: Corviknight
|-damage|p1a: Corviknight|33/100 par
|move|p1a: Corviknight|Roost|p1a: Corviknight
|-heal|p1a: Corviknight|83/100 par
|-singleturn|p1a: Corviknight|move: Roost
|
|-heal|p1a: Corviknight|89/100 par|[from] item: Leftovers
|upkeep
|turn|54
|
|t:|1779631441
|move|p2a: Hatterene|Nuzzle|p1a: Corviknight
|-supereffective|p1a: Corviknight
|-damage|p1a: Corviknight|87/100 par
|move|p1a: Corviknight|Body Press|p2a: Hatterene
|-resisted|p2a: Hatterene
|-damage|p2a: Hatterene|38/100
|
|-heal|p1a: Corviknight|94/100 par|[from] item: Leftovers
|upkeep
|turn|55
|
|t:|1779631448
|move|p2a: Hatterene|Nuzzle|p1a: Corviknight
|-supereffective|p1a: Corviknight
|-damage|p1a: Corviknight|91/100 par
|move|p1a: Corviknight|Body Press|p2a: Hatterene
|-resisted|p2a: Hatterene
|-damage|p2a: Hatterene|15/100
|
|-heal|p1a: Corviknight|97/100 par|[from] item: Leftovers
|upkeep
|turn|56
|
|t:|1779631456
|move|p2a: Hatterene|Psyshock|p1a: Corviknight
|-resisted|p1a: Corviknight
|-damage|p1a: Corviknight|93/100 par
|move|p1a: Corviknight|Body Press|p2a: Hatterene
|-resisted|p2a: Hatterene
|-damage|p2a: Hatterene|0 fnt
|faint|p2a: Hatterene
|
|win|YarMathey
|raw|YarMathey's rating: 1146 &rarr; <strong>1171</strong><br />(+25 for winning)
|raw|tavve's rating: 1143 &rarr; <strong>1118</strong><br />(-25 for losing)
|l|☆tavve
|player|p2|
|l|☆YarMathey
|player|p1|
