|j|☆Ragged_Rag_King
|j|☆pizzaisbettercold
|t:|1779704004
|gametype|singles
|player|p1|Ragged_Rag_King|fisherman-gen4|1077
|player|p2|pizzaisbettercold|1|1238
|gen|9
|tier|[Gen 9] OU
|rated|
|rule|HP Percentage Mod: HP is shown in percentages
|rule|Endless Battle Clause: Forcing endless battles is banned
|rule|Species Clause: Limit one of each Pokémon
|rule|OHKO Clause: OHKO moves are banned
|rule|Evasion Items Clause: Evasion items are banned
|rule|Evasion Moves Clause: Evasion moves are banned
|rule|Evasion Abilities Clause: Evasion abilities are banned
|rule|Sleep Moves Clause: Sleep-inducing moves are banned
|clearpoke
|poke|p1|Orthworm, M|
|poke|p1|Chandelure, M|
|poke|p1|Zebstrika, M|
|poke|p1|Gastrodon-East, M|
|poke|p1|Pawmot, M|
|poke|p1|Clodsire, F|
|poke|p2|Rillaboom, F|
|poke|p2|Serperior, F|
|poke|p2|Heatran, M|
|poke|p2|Gholdengo|
|poke|p2|Zamazenta-*|
|poke|p2|Great Tusk|
|teampreview
|inactive|Battle timer is ON: inactive players will automatically lose when time's up. (requested by pizzaisbettercold)
|
|t:|1779704024
|teamsize|p1|6
|teamsize|p2|6
|start
|switch|p1a: Zebstrika|Zebstrika, M|100/100
|switch|p2a: Heatran|Heatran, M|100/100
|-item|p2a: Heatran|Air Balloon
|turn|1
|
|t:|1779704031
|switch|p1a: Chandelure|Chandelure, M|100/100
|switch|p2a: Great Tusk|Great Tusk|100/100
|-enditem|p2a: Great Tusk|Booster Energy
|-activate|p2a: Great Tusk|ability: Protosynthesis|[fromitem]
|-start|p2a: Great Tusk|protosynthesisspe
|
|upkeep
|turn|2
|
|t:|1779704046
|switch|p1a: Orthworm|Orthworm, M|100/100
|move|p2a: Great Tusk|Head Smash|p1a: Orthworm
|-resisted|p1a: Orthworm
|-damage|p1a: Orthworm|89/100
|-damage|p2a: Great Tusk|96/100|[from] Recoil
|
|-heal|p1a: Orthworm|95/100|[from] item: Leftovers
|upkeep
|turn|3
|
|t:|1779704059
|-end|p2a: Great Tusk|Protosynthesis|[silent]
|switch|p2a: Heatran|Heatran, M|100/100
|-item|p2a: Heatran|Air Balloon
|move|p1a: Orthworm|Body Slam|p2a: Heatran
|-resisted|p2a: Heatran
|-damage|p2a: Heatran|93/100
|-enditem|p2a: Heatran|Air Balloon
|
|-heal|p1a: Orthworm|100/100|[from] item: Leftovers
|upkeep
|turn|4
|
|t:|1779704069
|move|p2a: Heatran|Magma Storm|p1a: Orthworm
|-supereffective|p1a: Orthworm
|-damage|p1a: Orthworm|0 fnt
|faint|p1a: Orthworm
|
|upkeep
|
|t:|1779704074
|switch|p1a: Pawmot|Pawmot, M|100/100
|turn|5
|
|t:|1779704079
|move|p1a: Pawmot|Close Combat|p2a: Heatran
|-supereffective|p2a: Heatran
|-crit|p2a: Heatran
|-damage|p2a: Heatran|0 fnt
|-unboost|p1a: Pawmot|def|1
|-unboost|p1a: Pawmot|spd|1
|faint|p2a: Heatran
|-damage|p1a: Pawmot|91/100|[from] item: Life Orb
|
|upkeep
|
|t:|1779704087
|switch|p2a: Zamazenta|Zamazenta|100/100
|-ability|p2a: Zamazenta|Dauntless Shield|boost
|-boost|p2a: Zamazenta|def|1
|turn|6
|
|t:|1779704093
|move|p2a: Zamazenta|Psychic Fangs|p1a: Pawmot
|-supereffective|p1a: Pawmot
|-damage|p1a: Pawmot|0 fnt
|faint|p1a: Pawmot
|-damage|p2a: Zamazenta|91/100|[from] item: Life Orb
|
|upkeep
|
|t:|1779704103
|switch|p1a: Chandelure|Chandelure, M|100/100
|turn|7
|
|t:|1779704109
|move|p1a: Chandelure|Shadow Ball|p2a: Zamazenta
|-damage|p2a: Zamazenta|52/100
|move|p2a: Zamazenta|Crunch|p1a: Chandelure
|-supereffective|p1a: Chandelure
|-damage|p1a: Chandelure|0 fnt
|faint|p1a: Chandelure
|-damage|p2a: Zamazenta|42/100|[from] item: Life Orb
|
|upkeep
|
|t:|1779704116
|switch|p1a: Clodsire|Clodsire, F|100/100
|turn|8
|
|t:|1779704123
|move|p2a: Zamazenta|Psychic Fangs|p1a: Clodsire
|-supereffective|p1a: Clodsire
|-damage|p1a: Clodsire|35/100
|-damage|p2a: Zamazenta|32/100|[from] item: Life Orb
|move|p1a: Clodsire|Earthquake|p2a: Zamazenta
|-crit|p2a: Zamazenta
|-damage|p2a: Zamazenta|0 fnt
|faint|p2a: Zamazenta
|
|-heal|p1a: Clodsire|41/100|[from] item: Leftovers
|upkeep
|
|t:|1779704132
|switch|p2a: Serperior|Serperior, F|100/100
|turn|9
|
|t:|1779704135
|switch|p1a: Zebstrika|Zebstrika, M|100/100
|move|p2a: Serperior|Leaf Storm|p1a: Zebstrika
|-ability|p1a: Zebstrika|Sap Sipper|boost
|-boost|p1a: Zebstrika|atk|1
|
|upkeep
|turn|10
|
|t:|1779704150
|switch|p2a: Rillaboom|Rillaboom, F|100/100
|-fieldstart|move: Grassy Terrain|[from] ability: Grassy Surge|[of] p2a: Rillaboom
|move|p1a: Zebstrika|Flame Charge|p2a: Rillaboom
|-supereffective|p2a: Rillaboom
|-damage|p2a: Rillaboom|52/100
|-boost|p1a: Zebstrika|spe|1
|
|-heal|p2a: Rillaboom|58/100|[from] Grassy Terrain
|upkeep
|turn|11
|
|t:|1779704161
|-terastallize|p2a: Rillaboom|Fairy
|move|p1a: Zebstrika|Flame Charge|p2a: Rillaboom
|-damage|p2a: Rillaboom|34/100
|-boost|p1a: Zebstrika|spe|1
|move|p2a: Rillaboom|Knock Off|p1a: Zebstrika
|-damage|p1a: Zebstrika|25/100
|-enditem|p1a: Zebstrika|Mirror Herb|[from] move: Knock Off|[of] p2a: Rillaboom
|-damage|p2a: Rillaboom|25/100|[from] item: Life Orb
|
|-heal|p1a: Zebstrika|31/100|[from] Grassy Terrain
|-heal|p2a: Rillaboom|31/100|[from] Grassy Terrain
|upkeep
|turn|12
|
|t:|1779704173
|move|p1a: Zebstrika|Protect|p1a: Zebstrika
|-singleturn|p1a: Zebstrika|Protect
|move|p2a: Rillaboom|Body Slam|p1a: Zebstrika
|-activate|p1a: Zebstrika|move: Protect
|
|-heal|p1a: Zebstrika|37/100|[from] Grassy Terrain
|-heal|p2a: Rillaboom|37/100|[from] Grassy Terrain
|upkeep
|turn|13
|
|t:|1779704180
|move|p1a: Zebstrika|Supercell Slam|p2a: Rillaboom
|-damage|p2a: Rillaboom|0 fnt
|faint|p2a: Rillaboom
|
|-heal|p1a: Zebstrika|43/100|[from] Grassy Terrain
|upkeep
|
|t:|1779704186
|switch|p2a: Gholdengo|Gholdengo|100/100
|-enditem|p2a: Gholdengo|Grassy Seed
|-boost|p2a: Gholdengo|def|1|[from] item: Grassy Seed
|turn|14
|
|t:|1779704192
|move|p1a: Zebstrika|High Horsepower|p2a: Gholdengo
|-supereffective|p2a: Gholdengo
|-damage|p2a: Gholdengo|51/100
|move|p2a: Gholdengo|Shadow Ball|p1a: Zebstrika
|-damage|p1a: Zebstrika|0 fnt
|faint|p1a: Zebstrika
|
|-heal|p2a: Gholdengo|57/100|[from] Grassy Terrain
|-fieldend|move: Grassy Terrain
|upkeep
|
|t:|1779704221
|switch|p1a: Gastrodon|Gastrodon-East, M|100/100
|turn|15
|
|t:|1779704233
|move|p2a: Gholdengo|Shadow Ball|p1a: Gastrodon
|-damage|p1a: Gastrodon|61/100
|move|p1a: Gastrodon|Earthquake|p2a: Gholdengo
|-supereffective|p2a: Gholdengo
|-damage|p2a: Gholdengo|23/100
|
|upkeep
|turn|16
|
|t:|1779704243
|move|p2a: Gholdengo|Recover|p2a: Gholdengo
|-heal|p2a: Gholdengo|73/100
|move|p1a: Gastrodon|Earthquake|p2a: Gholdengo
|-supereffective|p2a: Gholdengo
|-damage|p2a: Gholdengo|41/100
|
|upkeep
|turn|17
|
|t:|1779704252
|move|p2a: Gholdengo|Nasty Plot|p2a: Gholdengo
|-boost|p2a: Gholdengo|spa|2
|move|p1a: Gastrodon|Earthquake|p2a: Gholdengo
|-supereffective|p2a: Gholdengo
|-damage|p2a: Gholdengo|7/100
|
|upkeep
|turn|18
|
|t:|1779704265
|move|p2a: Gholdengo|Recover|p2a: Gholdengo
|-heal|p2a: Gholdengo|57/100
|move|p1a: Gastrodon|Earthquake|p2a: Gholdengo
|-supereffective|p2a: Gholdengo
|-damage|p2a: Gholdengo|23/100
|
|upkeep
|turn|19
|
|t:|1779704272
|move|p2a: Gholdengo|Recover|p2a: Gholdengo
|-heal|p2a: Gholdengo|73/100
|move|p1a: Gastrodon|Earthquake|p2a: Gholdengo
|-supereffective|p2a: Gholdengo
|-damage|p2a: Gholdengo|38/100
|
|upkeep
|turn|20
|
|t:|1779704278
|move|p2a: Gholdengo|Shadow Ball|p1a: Gastrodon
|-damage|p1a: Gastrodon|0 fnt
|faint|p1a: Gastrodon
|
|upkeep
|
|t:|1779704282
|switch|p1a: Clodsire|Clodsire, F|41/100
|turn|21
|
|t:|1779704288
|move|p2a: Gholdengo|Shadow Ball|p1a: Clodsire
|-damage|p1a: Clodsire|0 fnt
|faint|p1a: Clodsire
|
|win|pizzaisbettercold
|raw|Ragged_Rag_King's rating: 1077 &rarr; <strong>1065</strong><br />(-12 for losing)
|raw|pizzaisbettercold's rating: 1238 &rarr; <strong>1252</strong><br />(+14 for winning)
|l|☆Ragged_Rag_King
|player|p1|
|l|☆pizzaisbettercold
|player|p2|
