|j|☆Brailleleld
|j|☆asapbunny
|t:|1779634521
|gametype|singles
|player|p1|Brailleleld|fairytalegirl|1436
|player|p2|asapbunny|2|1430
|gen|9
|tier|[Gen 9] OU
|rated|
|rule|HP Percentage Mod: HP is shown in percentages
|rule|Endless Battle Clause: Forcing endless battles is banned
|rule|Species Clause: Limit one of each Pokémon
|rule|OHKO Clause: OHKO moves are banned
|rule|Evasion Items Clause: Evasion items are banned
|rule|Evasion Moves Clause: Evasion moves are banned
|rule|Evasion Abilities Clause: Evasion abilities are banned
|rule|Sleep Moves Clause: Sleep-inducing moves are banned
|clearpoke
|poke|p1|Sableye, M|
|poke|p1|Empoleon, M|
|poke|p1|Dragonite, M|
|poke|p1|Gliscor, M|
|poke|p1|Serperior, M|
|poke|p1|Kingambit, M|
|poke|p2|Ursaluna, M|
|poke|p2|Slowking, M|
|poke|p2|Cinderace, M|
|poke|p2|Gholdengo|
|poke|p2|Dragapult, M|
|poke|p2|Iron Hands|
|teampreview
|
|t:|1779634539
|teamsize|p1|6
|teamsize|p2|6
|start
|switch|p1a: Pied Piper|Sableye, M, shiny|100/100
|switch|p2a: Dragapult|Dragapult, M|100/100
|turn|1
|
|t:|1779634547
|switch|p2a: Ursaluna|Ursaluna, M|100/100
|move|p1a: Pied Piper|Light Screen|p1a: Pied Piper
|-sidestart|p1: Brailleleld|move: Light Screen
|
|-status|p2a: Ursaluna|brn|[from] item: Flame Orb
|upkeep
|turn|2
|
|t:|1779634554
|move|p1a: Pied Piper|Reflect|p1a: Pied Piper
|-sidestart|p1: Brailleleld|Reflect
|move|p2a: Ursaluna|Headlong Rush|p1a: Pied Piper
|-damage|p1a: Pied Piper|45/100
|-unboost|p2a: Ursaluna|def|1
|-unboost|p2a: Ursaluna|spd|1
|
|-damage|p2a: Ursaluna|94/100 brn|[from] brn
|upkeep
|turn|3
|
|t:|1779634587
|switch|p1a: Chiroptera|Gliscor, M, shiny|100/100
|switch|p2a: Gholdengo|Gholdengo|100/100
|
|-status|p1a: Chiroptera|tox|[from] item: Toxic Orb
|upkeep
|turn|4
|inactive|Battle timer is ON: inactive players will automatically lose when time's up. (requested by Brailleleld)
|inactive|asapbunny has 120 seconds left.
|
|t:|1779634635
|switch|p2a: Slowking|Slowking, M|100/100
|move|p1a: Chiroptera|Swords Dance|p1a: Chiroptera
|-boost|p1a: Chiroptera|atk|2
|
|upkeep
|turn|5
|
|t:|1779634648
|move|p1a: Chiroptera|Swords Dance|p1a: Chiroptera
|-boost|p1a: Chiroptera|atk|2
|move|p2a: Slowking|Trick Room|p2a: Slowking
|-fieldstart|move: Trick Room|[of] p2a: Slowking
|
|upkeep
|turn|6
|
|t:|1779634655
|-terastallize|p1a: Chiroptera|Normal
|move|p2a: Slowking|Future Sight|p1a: Chiroptera
|-start|p2a: Slowking|move: Future Sight
|move|p1a: Chiroptera|Facade|p2a: Slowking
|-damage|p2a: Slowking|0 fnt
|faint|p2a: Slowking
|
|upkeep
|
|t:|1779634663
|switch|p2a: Iron Hands|Iron Hands, shiny|100/100
|turn|7
|
|t:|1779634667
|move|p2a: Iron Hands|Drain Punch|p1a: Chiroptera
|-supereffective|p1a: Chiroptera
|-damage|p1a: Chiroptera|73/100 tox
|move|p1a: Chiroptera|Earthquake|p2a: Iron Hands
|-supereffective|p2a: Iron Hands
|-damage|p2a: Iron Hands|0 fnt
|faint|p2a: Iron Hands
|-end|p2a: Iron Hands|Quark Drive|[silent]
|
|-heal|p1a: Chiroptera|86/100 tox|[from] ability: Poison Heal
|upkeep
|
|t:|1779634680
|switch|p2a: Ursaluna|Ursaluna, M|94/100 brn
|turn|8
|
|t:|1779634707
|-terastallize|p2a: Ursaluna|Normal
|move|p2a: Ursaluna|Facade|p1a: Chiroptera
|-damage|p1a: Chiroptera|39/100 tox
|move|p1a: Chiroptera|Facade|p2a: Ursaluna
|-damage|p2a: Ursaluna|0 fnt
|faint|p2a: Ursaluna
|
|-end|p1a: Chiroptera|move: Future Sight
|-damage|p1a: Chiroptera|15/100 tox
|-heal|p1a: Chiroptera|27/100 tox|[from] ability: Poison Heal
|-sideend|p1: Brailleleld|move: Light Screen
|upkeep
|-message|asapbunny forfeited.
|
|win|Brailleleld
|raw|Brailleleld's rating: 1436 &rarr; <strong>1456</strong><br />(+20 for winning)
|raw|asapbunny's rating: 1430 &rarr; <strong>1410</strong><br />(-20 for losing)
|l|☆asapbunny
|player|p2|
|l|☆Brailleleld
|player|p1|
