|j|☆rowlet13tb
|j|☆MrsDelacerna
|t:|1779569037
|gametype|singles
|player|p1|rowlet13tb|101|1376
|player|p2|MrsDelacerna|lucas|1367
|gen|9
|tier|[Gen 9] OU
|rated|
|rule|HP Percentage Mod: HP is shown in percentages
|rule|Endless Battle Clause: Forcing endless battles is banned
|rule|Species Clause: Limit one of each Pokémon
|rule|OHKO Clause: OHKO moves are banned
|rule|Evasion Items Clause: Evasion items are banned
|rule|Evasion Moves Clause: Evasion moves are banned
|rule|Evasion Abilities Clause: Evasion abilities are banned
|rule|Sleep Moves Clause: Sleep-inducing moves are banned
|clearpoke
|poke|p1|Blastoise, F|
|poke|p1|Heatran, F|
|poke|p1|Great Tusk|
|poke|p1|Alcremie, F|
|poke|p1|Salamence, M|
|poke|p1|Sinistcha-Masterpiece|
|poke|p2|Grimmsnarl, M|
|poke|p2|Kommo-o, M|
|poke|p2|Gholdengo|
|poke|p2|Dragapult, F|
|poke|p2|Scizor, F|
|poke|p2|Kingambit, F|
|teampreview
|inactive|Battle timer is ON: inactive players will automatically lose when time's up. (requested by rowlet13tb)
|
|t:|1779569056
|teamsize|p1|6
|teamsize|p2|6
|start
|switch|p1a: Heatran|Heatran, F|100/100
|switch|p2a: Grimmsnarl|Grimmsnarl, M|100/100
|turn|1
|
|t:|1779569067
|move|p2a: Grimmsnarl|Light Screen|p2a: Grimmsnarl
|-sidestart|p2: MrsDelacerna|move: Light Screen
|move|p1a: Heatran|Will-O-Wisp|p2a: Grimmsnarl
|-status|p2a: Grimmsnarl|brn
|
|-damage|p2a: Grimmsnarl|94/100 brn|[from] brn
|upkeep
|turn|2
|
|t:|1779569076
|move|p2a: Grimmsnarl|Reflect|p2a: Grimmsnarl
|-sidestart|p2: MrsDelacerna|Reflect
|move|p1a: Heatran|Stealth Rock|p2a: Grimmsnarl
|-sidestart|p2: MrsDelacerna|move: Stealth Rock
|
|-damage|p2a: Grimmsnarl|88/100 brn|[from] brn
|upkeep
|turn|3
|
|t:|1779569083
|move|p2a: Grimmsnarl|Parting Shot|p1a: Heatran
|-unboost|p1a: Heatran|atk|1
|-unboost|p1a: Heatran|spa|1
|
|t:|1779569108
|switch|p2a: Kommo-o|Kommo-o, M|100/100|[from] Parting Shot
|-damage|p2a: Kommo-o|94/100|[from] Stealth Rock
|move|p1a: Heatran|Flash Cannon|p2a: Kommo-o
|-damage|p2a: Kommo-o|81/100
|
|upkeep
|turn|4
|
|t:|1779569122
|move|p2a: Kommo-o|Clangorous Soul|p2a: Kommo-o
|-boost|p2a: Kommo-o|atk|1
|-boost|p2a: Kommo-o|def|1
|-boost|p2a: Kommo-o|spa|1
|-boost|p2a: Kommo-o|spd|1
|-boost|p2a: Kommo-o|spe|1
|-damage|p2a: Kommo-o|48/100
|-enditem|p2a: Kommo-o|Throat Spray
|-boost|p2a: Kommo-o|spa|1|[from] item: Throat Spray
|move|p1a: Heatran|Will-O-Wisp|p2a: Kommo-o
|-status|p2a: Kommo-o|brn
|
|-damage|p2a: Kommo-o|41/100 brn|[from] brn
|upkeep
|turn|5
|inactive|MrsDelacerna has 120 seconds left.
|
|t:|1779569144
|switch|p1a: Sinistcha|Sinistcha-Masterpiece|100/100
|move|p2a: Kommo-o|Clanging Scales|p1a: Sinistcha
|-damage|p1a: Sinistcha|0 fnt
|faint|p1a: Sinistcha
|-unboost|p2a: Kommo-o|def|1
|
|-damage|p2a: Kommo-o|35/100 brn|[from] brn
|upkeep
|
|t:|1779569163
|switch|p1a: Blastoise|Blastoise, F|100/100
|turn|6
|
|t:|1779569173
|move|p2a: Kommo-o|Clanging Scales|p1a: Blastoise
|-damage|p1a: Blastoise|8/100
|-unboost|p2a: Kommo-o|def|1
|move|p1a: Blastoise|Shell Smash|p1a: Blastoise
|-unboost|p1a: Blastoise|def|1
|-unboost|p1a: Blastoise|spd|1
|-boost|p1a: Blastoise|atk|2
|-boost|p1a: Blastoise|spa|2
|-boost|p1a: Blastoise|spe|2
|-enditem|p1a: Blastoise|White Herb
|-clearnegativeboost|p1a: Blastoise|[silent]
|
|-damage|p2a: Kommo-o|29/100 brn|[from] brn
|upkeep
|turn|7
|inactive|MrsDelacerna has 120 seconds left.
|
|t:|1779569203
|move|p2a: Kommo-o|Clanging Scales|p1a: Blastoise
|-damage|p1a: Blastoise|0 fnt
|faint|p1a: Blastoise
|-unboost|p2a: Kommo-o|def|1
|
|-damage|p2a: Kommo-o|23/100 brn|[from] brn
|upkeep
|
|t:|1779569212
|switch|p1a: Alcremie|Alcremie, F|100/100
|turn|8
|
|t:|1779569224
|-terastallize|p2a: Kommo-o|Steel
|move|p2a: Kommo-o|Flash Cannon|p1a: Alcremie
|-supereffective|p1a: Alcremie
|-damage|p1a: Alcremie|0 fnt
|faint|p1a: Alcremie
|
|-damage|p2a: Kommo-o|17/100 brn|[from] brn
|-sideend|p2: MrsDelacerna|move: Light Screen
|upkeep
|
|t:|1779569235
|switch|p1a: Heatran|Heatran, F|100/100
|turn|9
|inactive|MrsDelacerna has 120 seconds left.
|
|t:|1779569244
|move|p2a: Kommo-o|Clanging Scales|p1a: Heatran
|-resisted|p1a: Heatran
|-damage|p1a: Heatran|69/100
|-unboost|p2a: Kommo-o|def|1
|move|p1a: Heatran|Flamethrower|p2a: Kommo-o
|-supereffective|p2a: Kommo-o
|-damage|p2a: Kommo-o|0 fnt
|faint|p2a: Kommo-o
|
|-heal|p1a: Heatran|75/100|[from] item: Leftovers
|-sideend|p2: MrsDelacerna|Reflect
|upkeep
|inactive|MrsDelacerna has 120 seconds left.
|
|t:|1779569258
|switch|p2a: Grimmsnarl|Grimmsnarl, M|88/100 brn
|-damage|p2a: Grimmsnarl|76/100 brn|[from] Stealth Rock
|turn|10
|
|t:|1779569263
|move|p2a: Grimmsnarl|Light Screen|p2a: Grimmsnarl
|-sidestart|p2: MrsDelacerna|move: Light Screen
|move|p1a: Heatran|Flash Cannon|p2a: Grimmsnarl
|-supereffective|p2a: Grimmsnarl
|-damage|p2a: Grimmsnarl|43/100 brn
|
|-heal|p1a: Heatran|81/100|[from] item: Leftovers
|-damage|p2a: Grimmsnarl|37/100 brn|[from] brn
|upkeep
|turn|11
|
|t:|1779569279
|move|p2a: Grimmsnarl|Reflect|p2a: Grimmsnarl
|-sidestart|p2: MrsDelacerna|Reflect
|move|p1a: Heatran|Flash Cannon|p2a: Grimmsnarl
|-supereffective|p2a: Grimmsnarl
|-damage|p2a: Grimmsnarl|0 fnt
|faint|p2a: Grimmsnarl
|
|-heal|p1a: Heatran|88/100|[from] item: Leftovers
|upkeep
|inactive|MrsDelacerna has 120 seconds left.
|
|t:|1779569300
|switch|p2a: Dragapult|Dragapult, F|100/100
|-damage|p2a: Dragapult|88/100|[from] Stealth Rock
|turn|12
|inactive|MrsDelacerna has 120 seconds left.
|
|t:|1779569306
|move|p2a: Dragapult|Shadow Ball|p1a: Heatran
|-damage|p1a: Heatran|61/100
|move|p1a: Heatran|Will-O-Wisp|p2a: Dragapult
|-status|p2a: Dragapult|brn
|
|-heal|p1a: Heatran|67/100|[from] item: Leftovers
|-damage|p2a: Dragapult|82/100 brn|[from] brn
|upkeep
|turn|13
|
|t:|1779569317
|move|p2a: Dragapult|Shadow Ball|p1a: Heatran
|-damage|p1a: Heatran|42/100
|-unboost|p1a: Heatran|spd|1
|move|p1a: Heatran|Flash Cannon|p2a: Dragapult
|-damage|p2a: Dragapult|59/100 brn
|
|-heal|p1a: Heatran|49/100|[from] item: Leftovers
|-damage|p2a: Dragapult|53/100 brn|[from] brn
|upkeep
|turn|14
|
|t:|1779569331
|move|p2a: Dragapult|Shadow Ball|p1a: Heatran
|-damage|p1a: Heatran|10/100
|move|p1a: Heatran|Flash Cannon|p2a: Dragapult
|-damage|p2a: Dragapult|30/100 brn
|
|-heal|p1a: Heatran|16/100|[from] item: Leftovers
|-damage|p2a: Dragapult|24/100 brn|[from] brn
|upkeep
|turn|15
|
|t:|1779569342
|move|p2a: Dragapult|Shadow Ball|p1a: Heatran
|-damage|p1a: Heatran|0 fnt
|faint|p1a: Heatran
|
|-damage|p2a: Dragapult|18/100 brn|[from] brn
|upkeep
|
|t:|1779569350
|switch|p1a: Salamence|Salamence, M|100/100
|turn|16
|
|t:|1779569356
|move|p2a: Dragapult|Draco Meteor|p1a: Salamence
|-supereffective|p1a: Salamence
|-damage|p1a: Salamence|0 fnt
|-unboost|p2a: Dragapult|spa|2
|faint|p1a: Salamence
|
|-damage|p2a: Dragapult|12/100 brn|[from] brn
|upkeep
|
|t:|1779569365
|switch|p1a: Great Tusk|Great Tusk|100/100
|turn|17
|
|t:|1779569374
|move|p2a: Dragapult|Draco Meteor|p1a: Great Tusk
|-damage|p1a: Great Tusk|65/100
|-unboost|p2a: Dragapult|spa|2
|move|p1a: Great Tusk|Bulk Up|p1a: Great Tusk
|-boost|p1a: Great Tusk|atk|1
|-boost|p1a: Great Tusk|def|1
|
|-heal|p1a: Great Tusk|71/100|[from] item: Leftovers
|-damage|p2a: Dragapult|6/100 brn|[from] brn
|-sideend|p2: MrsDelacerna|move: Light Screen
|upkeep
|turn|18
|
|t:|1779569396
|move|p2a: Dragapult|U-turn|p1a: Great Tusk
|-resisted|p1a: Great Tusk
|-damage|p1a: Great Tusk|69/100
|
|t:|1779569402
|switch|p2a: Scizor|Scizor, F|100/100|[from] U-turn
|-damage|p2a: Scizor|88/100|[from] Stealth Rock
|move|p1a: Great Tusk|Bulk Up|p1a: Great Tusk
|-boost|p1a: Great Tusk|atk|1
|-boost|p1a: Great Tusk|def|1
|
|-heal|p1a: Great Tusk|75/100|[from] item: Leftovers
|-sideend|p2: MrsDelacerna|Reflect
|upkeep
|turn|19
|
|t:|1779569416
|move|p1a: Great Tusk|Rapid Spin|p2a: Scizor
|-resisted|p2a: Scizor
|-damage|p2a: Scizor|69/100
|-boost|p1a: Great Tusk|spe|1
|move|p2a: Scizor|Knock Off|p1a: Great Tusk
|-resisted|p1a: Great Tusk
|-damage|p1a: Great Tusk|68/100
|-enditem|p1a: Great Tusk|Leftovers|[from] move: Knock Off|[of] p2a: Scizor
|-damage|p2a: Scizor|59/100|[from] item: Life Orb
|
|upkeep
|turn|20
|
|t:|1779569427
|move|p1a: Great Tusk|Rapid Spin|p2a: Scizor
|-resisted|p2a: Scizor
|-damage|p2a: Scizor|39/100
|-boost|p1a: Great Tusk|spe|1
|move|p2a: Scizor|Close Combat|p1a: Great Tusk
|-damage|p1a: Great Tusk|49/100
|-unboost|p2a: Scizor|def|1
|-unboost|p2a: Scizor|spd|1
|-damage|p2a: Scizor|29/100|[from] item: Life Orb
|
|upkeep
|turn|21
|
|t:|1779569443
|move|p2a: Scizor|Bullet Punch|p1a: Great Tusk
|-damage|p1a: Great Tusk|36/100
|-damage|p2a: Scizor|19/100|[from] item: Life Orb
|move|p1a: Great Tusk|Bulk Up|p1a: Great Tusk
|-boost|p1a: Great Tusk|atk|1
|-boost|p1a: Great Tusk|def|1
|
|upkeep
|turn|22
|
|t:|1779569452
|move|p2a: Scizor|Bullet Punch|p1a: Great Tusk
|-damage|p1a: Great Tusk|25/100
|-damage|p2a: Scizor|10/100|[from] item: Life Orb
|move|p1a: Great Tusk|Rapid Spin|p2a: Scizor
|-resisted|p2a: Scizor
|-damage|p2a: Scizor|0 fnt
|-boost|p1a: Great Tusk|spe|1
|faint|p2a: Scizor
|
|upkeep
|inactive|MrsDelacerna has 120 seconds left.
|
|t:|1779569471
|switch|p2a: Gholdengo|Gholdengo|100/100
|-damage|p2a: Gholdengo|94/100|[from] Stealth Rock
|-item|p2a: Gholdengo|Air Balloon
|turn|23
|
|t:|1779569478
|move|p1a: Great Tusk|Ice Spinner|p2a: Gholdengo
|-resisted|p2a: Gholdengo
|-damage|p2a: Gholdengo|50/100
|-enditem|p2a: Gholdengo|Air Balloon
|move|p2a: Gholdengo|Make It Rain|p1a: Great Tusk
|-damage|p1a: Great Tusk|0 fnt
|-unboost|p2a: Gholdengo|spa|1
|faint|p1a: Great Tusk
|-end|p1a: Great Tusk|Protosynthesis|[silent]
|
|win|MrsDelacerna
|raw|rowlet13tb's rating: 1376 &rarr; <strong>1355</strong><br />(-21 for losing)
|raw|MrsDelacerna's rating: 1367 &rarr; <strong>1388</strong><br />(+21 for winning)
|l|☆rowlet13tb
|player|p1|
|l|☆MrsDelacerna
|player|p2|
