|j|☆I still miss her
|j|‽wheezsumbeez
|t:|1779607749
|gametype|singles
|player|p1|I still miss her|benga|1482
|player|p2|wheezsumbeez|roxie|1441
|gen|9
|tier|[Gen 9] OU
|rated|
|rule|HP Percentage Mod: HP is shown in percentages
|rule|Endless Battle Clause: Forcing endless battles is banned
|rule|Species Clause: Limit one of each Pokémon
|rule|OHKO Clause: OHKO moves are banned
|rule|Evasion Items Clause: Evasion items are banned
|rule|Evasion Moves Clause: Evasion moves are banned
|rule|Evasion Abilities Clause: Evasion abilities are banned
|rule|Sleep Moves Clause: Sleep-inducing moves are banned
|clearpoke
|poke|p1|Raging Bolt|
|poke|p1|Glimmora, F|
|poke|p1|Rotom-Wash|
|poke|p1|Heatran, F|
|poke|p1|Ting-Lu|
|poke|p1|Weezing-Galar, F|
|poke|p2|Kommo-o, M|
|poke|p2|Weezing-Galar, M|
|poke|p2|Heatran, F|
|poke|p2|Slowking, F|
|poke|p2|Mamoswine, M|
|poke|p2|Ogerpon-Wellspring, F|
|teampreview
|
|t:|1779607759
|teamsize|p1|6
|teamsize|p2|6
|start
|switch|p1a: Glimmora|Glimmora, F|100/100
|switch|p2a: Slowking|Slowking, F|100/100
|turn|1
|
|t:|1779607765
|switch|p1a: Ting-Lu|Ting-Lu|100/100
|-ability|p1a: Ting-Lu|Vessel of Ruin
|move|p2a: Slowking|Scald|p1a: Ting-Lu
|-supereffective|p1a: Ting-Lu
|-damage|p1a: Ting-Lu|79/100
|-status|p1a: Ting-Lu|brn
|
|-heal|p1a: Ting-Lu|86/100 brn|[from] item: Leftovers
|-damage|p1a: Ting-Lu|79/100 brn|[from] brn
|upkeep
|turn|2
|
|t:|1779607776
|move|p1a: Ting-Lu|Ruination|p2a: Slowking
|-damage|p2a: Slowking|51/100
|-prepare|p2a: Slowking|Chilly Reception|[premajor]
|move|p2a: Slowking|Chilly Reception|p2a: Slowking
|-weather|Snowscape
|
|t:|1779607785
|switch|p2a: Mamoswine|Mamoswine, M|100/100|[from] Chilly Reception
|
|-weather|Snowscape|[upkeep]
|-heal|p1a: Ting-Lu|86/100 brn|[from] item: Leftovers
|-damage|p1a: Ting-Lu|79/100 brn|[from] brn
|upkeep
|turn|3
|
|t:|1779607794
|switch|p1a: Rotom|Rotom-Wash|100/100
|move|p2a: Mamoswine|Icicle Crash|p1a: Rotom
|-resisted|p1a: Rotom
|-damage|p1a: Rotom|73/100
|
|-weather|Snowscape|[upkeep]
|upkeep
|turn|4
|
|t:|1779607801
|switch|p2a: Slowking|Slowking, F|84/100
|move|p1a: Rotom|Will-O-Wisp|p2a: Slowking
|-status|p2a: Slowking|brn
|
|-weather|Snowscape|[upkeep]
|-damage|p2a: Slowking|78/100 brn|[from] brn
|upkeep
|turn|5
|
|t:|1779607809
|move|p1a: Rotom|Volt Switch|p2a: Slowking
|-supereffective|p2a: Slowking
|-damage|p2a: Slowking|49/100 brn
|
|t:|1779607812
|switch|p1a: Ting-Lu|Ting-Lu|79/100 brn|[from] Volt Switch
|-ability|p1a: Ting-Lu|Vessel of Ruin
|move|p2a: Slowking|Future Sight|p1a: Ting-Lu
|-start|p2a: Slowking|move: Future Sight
|
|-weather|Snowscape|[upkeep]
|-heal|p1a: Ting-Lu|86/100 brn|[from] item: Leftovers
|-damage|p1a: Ting-Lu|79/100 brn|[from] brn
|-damage|p2a: Slowking|43/100 brn|[from] brn
|upkeep
|turn|6
|
|t:|1779607821
|move|p1a: Ting-Lu|Rest|p1a: Ting-Lu
|-status|p1a: Ting-Lu|slp|[from] move: Rest
|-heal|p1a: Ting-Lu|100/100 slp|[silent]
|move|p2a: Slowking|Slack Off|p2a: Slowking
|-heal|p2a: Slowking|93/100 brn
|
|-weather|none
|-damage|p2a: Slowking|87/100 brn|[from] brn
|upkeep
|turn|7
|
|t:|1779607830
|switch|p2a: Ogerpon|Ogerpon-Wellspring, F|100/100
|cant|p1a: Ting-Lu|slp
|move|p1a: Ting-Lu|Sleep Talk|p1a: Ting-Lu
|move|p1a: Ting-Lu|Ruination|p2a: Ogerpon|[from] move: Sleep Talk
|-damage|p2a: Ogerpon|51/100
|
|-end|p1a: Ting-Lu|move: Future Sight
|-immune|p1a: Ting-Lu
|upkeep
|turn|8
|
|t:|1779607839
|switch|p1a: Raging Bolt|Raging Bolt|100/100
|move|p2a: Ogerpon|Swords Dance|p2a: Ogerpon
|-boost|p2a: Ogerpon|atk|2
|
|upkeep
|turn|9
|
|t:|1779607844
|move|p2a: Ogerpon|Encore||[still]
|-fail|p2a: Ogerpon
|move|p1a: Raging Bolt|Draco Meteor|p2a: Ogerpon
|-damage|p2a: Ogerpon|0 fnt
|-unboost|p1a: Raging Bolt|spa|2
|faint|p2a: Ogerpon
|
|upkeep
|
|t:|1779607852
|switch|p2a: Mamoswine|Mamoswine, M|100/100
|turn|10
|
|t:|1779607856
|-end|p1a: Raging Bolt|Protosynthesis|[silent]
|switch|p1a: Rotom|Rotom-Wash|73/100
|move|p2a: Mamoswine|Icicle Crash|p1a: Rotom|[miss]
|-miss|p2a: Mamoswine|p1a: Rotom
|
|upkeep
|turn|11
|
|t:|1779607864
|switch|p2a: Slowking|Slowking, F|100/100 brn
|move|p1a: Rotom|Hydro Pump|p2a: Slowking
|-resisted|p2a: Slowking
|-damage|p2a: Slowking|89/100 brn
|
|-damage|p2a: Slowking|82/100 brn|[from] brn
|upkeep
|turn|12
|
|t:|1779607872
|move|p1a: Rotom|Volt Switch|p2a: Slowking
|-supereffective|p2a: Slowking
|-damage|p2a: Slowking|50/100 brn
|
|t:|1779607878
|switch|p1a: Ting-Lu|Ting-Lu|100/100 slp|[from] Volt Switch
|-ability|p1a: Ting-Lu|Vessel of Ruin
|-prepare|p2a: Slowking|Chilly Reception|[premajor]
|move|p2a: Slowking|Chilly Reception|p2a: Slowking
|-weather|Snowscape
|
|t:|1779607885
|switch|p2a: Mamoswine|Mamoswine, M|100/100|[from] Chilly Reception
|
|-weather|Snowscape|[upkeep]
|upkeep
|turn|13
|
|t:|1779607892
|switch|p1a: Rotom|Rotom-Wash|73/100
|move|p2a: Mamoswine|Icicle Crash|p1a: Rotom
|-resisted|p1a: Rotom
|-damage|p1a: Rotom|43/100
|
|-weather|Snowscape|[upkeep]
|upkeep
|turn|14
|
|t:|1779607902
|switch|p2a: Slowking|Slowking, F|84/100 brn
|move|p1a: Rotom|Pain Split|p2a: Slowking
|-sethp|p2a: Slowking|59/100 brn|[from] move: Pain Split|[silent]
|-sethp|p1a: Rotom|75/100|[from] move: Pain Split
|
|-weather|Snowscape|[upkeep]
|-damage|p2a: Slowking|52/100 brn|[from] brn
|upkeep
|turn|15
|
|t:|1779607914
|move|p1a: Rotom|Hydro Pump|p2a: Slowking
|-resisted|p2a: Slowking
|-damage|p2a: Slowking|40/100 brn
|-prepare|p2a: Slowking|Chilly Reception|[premajor]
|move|p2a: Slowking|Chilly Reception|p2a: Slowking
|
|t:|1779607920
|switch|p2a: Kommo-o|Kommo-o, M|100/100|[from] Chilly Reception
|
|-weather|Snowscape|[upkeep]
|upkeep
|turn|16
|
|t:|1779607925
|move|p1a: Rotom|Will-O-Wisp|p2a: Kommo-o
|-status|p2a: Kommo-o|brn
|move|p2a: Kommo-o|Dragon Tail|p1a: Rotom
|-damage|p1a: Rotom|66/100
|-damage|p2a: Kommo-o|84/100 brn|[from] item: Rocky Helmet|[of] p1a: Rotom
|drag|p1a: Heatran|Heatran, F|100/100
|
|-weather|none
|-heal|p2a: Kommo-o|90/100 brn|[from] item: Leftovers
|-damage|p2a: Kommo-o|84/100 brn|[from] brn
|upkeep
|turn|17
|
|t:|1779607935
|switch|p1a: Weezing|Weezing-Galar, F|100/100
|-ability|p1a: Weezing|Neutralizing Gas
|move|p2a: Kommo-o|Stealth Rock|p1a: Weezing
|-sidestart|p1: I still miss her|move: Stealth Rock
|
|-heal|p2a: Kommo-o|90/100 brn|[from] item: Leftovers
|-damage|p2a: Kommo-o|84/100 brn|[from] brn
|upkeep
|turn|18
|
|t:|1779607943
|move|p2a: Kommo-o|Taunt|p1a: Weezing
|-start|p1a: Weezing|move: Taunt
|cant|p1a: Weezing|move: Taunt|Defog
|
|-heal|p2a: Kommo-o|90/100 brn|[from] item: Leftovers
|-damage|p2a: Kommo-o|84/100 brn|[from] brn
|upkeep
|turn|19
|
|t:|1779607949
|switch|p2a: Mamoswine|Mamoswine, M|100/100
|move|p1a: Weezing|Sludge Bomb|p2a: Mamoswine
|-resisted|p2a: Mamoswine
|-damage|p2a: Mamoswine|82/100
|
|upkeep
|turn|20
|
|t:|1779607956
|-end|p1a: Weezing|ability: Neutralizing Gas
|switch|p1a: Rotom|Rotom-Wash|66/100
|-damage|p1a: Rotom|53/100|[from] Stealth Rock
|move|p2a: Mamoswine|Icicle Crash|p1a: Rotom|[miss]
|-miss|p2a: Mamoswine|p1a: Rotom
|
|upkeep
|turn|21
|
|t:|1779607964
|move|p2a: Mamoswine|Icicle Crash|p1a: Rotom
|-resisted|p1a: Rotom
|-damage|p1a: Rotom|25/100
|cant|p1a: Rotom|flinch
|
|upkeep
|turn|22
|
|t:|1779607973
|move|p2a: Mamoswine|Icicle Crash|p1a: Rotom
|-resisted|p1a: Rotom
|-damage|p1a: Rotom|0 fnt
|faint|p1a: Rotom
|
|upkeep
|
|t:|1779607981
|switch|p1a: Glimmora|Glimmora, F|100/100
|-damage|p1a: Glimmora|88/100|[from] Stealth Rock
|turn|23
|
|t:|1779607987
|move|p1a: Glimmora|Energy Ball|p2a: Mamoswine
|-supereffective|p2a: Mamoswine
|-damage|p2a: Mamoswine|0 fnt
|faint|p2a: Mamoswine
|
|upkeep
|
|t:|1779607992
|switch|p2a: Heatran|Heatran, F|100/100
|turn|24
|
|t:|1779608001
|switch|p1a: Ting-Lu|Ting-Lu|100/100 slp
|-damage|p1a: Ting-Lu|94/100 slp|[from] Stealth Rock
|-ability|p1a: Ting-Lu|Vessel of Ruin
|move|p2a: Heatran|Earth Power|p1a: Ting-Lu
|-damage|p1a: Ting-Lu|84/100 slp
|
|-heal|p1a: Ting-Lu|90/100 slp|[from] item: Leftovers
|upkeep
|turn|25
|
|t:|1779608010
|move|p2a: Heatran|Magma Storm|p1a: Ting-Lu
|-damage|p1a: Ting-Lu|73/100 slp
|-activate|p1a: Ting-Lu|move: Magma Storm|[of] p2a: Heatran
|cant|p1a: Ting-Lu|slp
|move|p1a: Ting-Lu|Sleep Talk|p1a: Ting-Lu
|move|p1a: Ting-Lu|Rest||[from] move: Sleep Talk|[still]
|-fail|p1a: Ting-Lu
|
|-heal|p1a: Ting-Lu|80/100 slp|[from] item: Leftovers
|-damage|p1a: Ting-Lu|67/100 slp|[from] move: Magma Storm|[partiallytrapped]
|upkeep
|turn|26
|
|t:|1779608021
|move|p2a: Heatran|Taunt|p1a: Ting-Lu
|-start|p1a: Ting-Lu|move: Taunt
|-curestatus|p1a: Ting-Lu|slp|[msg]
|move|p1a: Ting-Lu|Earthquake|p2a: Heatran
|-supereffective|p2a: Heatran
|-damage|p2a: Heatran|0 fnt
|faint|p2a: Heatran
|
|-heal|p1a: Ting-Lu|73/100|[from] item: Leftovers
|-end|p1a: Ting-Lu|Magma Storm|[partiallytrapped]|[silent]
|upkeep
|-message|wheezsumbeez forfeited.
|
|win|I still miss her
|raw|I still miss her's rating: 1482 &rarr; <strong>1500</strong><br />(+18 for winning)
|raw|wheezsumbeez's rating: 1441 &rarr; <strong>1423</strong><br />(-18 for losing)
|l|‽wheezsumbeez
|player|p2|
|l|☆I still miss her
|player|p1|
