|j|☆llamaledgend750
|j|☆Aionzo000
|t:|1779576282
|gametype|singles
|player|p1|llamaledgend750|alec-anime|1290
|player|p2|Aionzo000|benga|1271
|gen|9
|tier|[Gen 9] OU
|rated|
|rule|HP Percentage Mod: HP is shown in percentages
|rule|Endless Battle Clause: Forcing endless battles is banned
|rule|Species Clause: Limit one of each Pokémon
|rule|OHKO Clause: OHKO moves are banned
|rule|Evasion Items Clause: Evasion items are banned
|rule|Evasion Moves Clause: Evasion moves are banned
|rule|Evasion Abilities Clause: Evasion abilities are banned
|rule|Sleep Moves Clause: Sleep-inducing moves are banned
|clearpoke
|poke|p1|Ninetales-Alola, F|
|poke|p1|Samurott-Hisui, F|
|poke|p1|Iron Moth|
|poke|p1|Iron Valiant|
|poke|p1|Great Tusk|
|poke|p1|Iron Crown|
|poke|p2|Darkrai|
|poke|p2|Slowking-Galar, F|
|poke|p2|Gliscor, F|
|poke|p2|Zamazenta-*|
|poke|p2|Ogerpon-Wellspring, F|
|poke|p2|Raging Bolt|
|teampreview
|inactive|Battle timer is ON: inactive players will automatically lose when time's up. (requested by Aionzo000)
|
|t:|1779576292
|teamsize|p1|6
|teamsize|p2|6
|start
|switch|p1a: Samurott|Samurott-Hisui, F|100/100
|switch|p2a: Zamazenta|Zamazenta|100/100
|-ability|p2a: Zamazenta|Dauntless Shield|boost
|-boost|p2a: Zamazenta|def|1
|turn|1
|
|t:|1779576299
|move|p2a: Zamazenta|Body Press|p1a: Samurott
|-supereffective|p1a: Samurott
|-enditem|p1a: Samurott|Focus Sash
|-damage|p1a: Samurott|1/100
|move|p1a: Samurott|Encore|p2a: Zamazenta
|-start|p2a: Zamazenta|Encore
|
|upkeep
|turn|2
|
|t:|1779576306
|move|p1a: Samurott|Sucker Punch|p2a: Zamazenta
|-resisted|p2a: Zamazenta
|-damage|p2a: Zamazenta|93/100
|move|p2a: Zamazenta|Body Press|p1a: Samurott
|-supereffective|p1a: Samurott
|-damage|p1a: Samurott|0 fnt
|faint|p1a: Samurott
|
|upkeep
|
|t:|1779576310
|switch|p1a: Ninetales|Ninetales-Alola, F|100/100
|-weather|Snowscape|[from] ability: Snow Warning|[of] p1a: Ninetales
|turn|3
|
|t:|1779576315
|move|p2a: Zamazenta|Body Press|p1a: Ninetales
|-damage|p1a: Ninetales|62/100
|move|p1a: Ninetales|Disable|p2a: Zamazenta
|-start|p2a: Zamazenta|Disable|Body Press
|
|-weather|Snowscape|[upkeep]
|upkeep
|turn|4
|
|t:|1779576327
|switch|p2a: Slowking|Slowking-Galar, F|100/100
|move|p1a: Ninetales|Aurora Veil|p1a: Ninetales
|-sidestart|p1: llamaledgend750|move: Aurora Veil
|
|-weather|Snowscape|[upkeep]
|upkeep
|turn|5
|
|t:|1779576335
|switch|p1a: Iron Crown|Iron Crown|100/100
|-enditem|p1a: Iron Crown|Booster Energy
|-activate|p1a: Iron Crown|ability: Quark Drive|[fromitem]
|-start|p1a: Iron Crown|quarkdrivespe
|move|p2a: Slowking|Future Sight|p1a: Iron Crown
|-start|p2a: Slowking|move: Future Sight
|
|-weather|Snowscape|[upkeep]
|upkeep
|turn|6
|
|t:|1779576339
|move|p1a: Iron Crown|Calm Mind|p1a: Iron Crown
|-boost|p1a: Iron Crown|spa|1
|-boost|p1a: Iron Crown|spd|1
|-prepare|p2a: Slowking|Chilly Reception|[premajor]
|move|p2a: Slowking|Chilly Reception|p2a: Slowking
|
|t:|1779576349
|switch|p2a: Gliscor|Gliscor, F|100/100|[from] Chilly Reception
|
|-weather|Snowscape|[upkeep]
|-status|p2a: Gliscor|tox|[from] item: Toxic Orb
|upkeep
|turn|7
|
|t:|1779576360
|move|p1a: Iron Crown|Tachyon Cutter|p2a: Gliscor
|-damage|p2a: Gliscor|59/100 tox
|-damage|p2a: Gliscor|13/100 tox
|-hitcount|p2a: Gliscor|2
|move|p2a: Gliscor|Earthquake|p1a: Iron Crown
|-supereffective|p1a: Iron Crown
|-damage|p1a: Iron Crown|66/100
|
|-weather|none
|-end|p1a: Iron Crown|move: Future Sight
|-resisted|p1a: Iron Crown
|-damage|p1a: Iron Crown|63/100
|-heal|p2a: Gliscor|26/100 tox|[from] ability: Poison Heal
|upkeep
|turn|8
|
|t:|1779576370
|move|p1a: Iron Crown|Tachyon Cutter|p2a: Gliscor
|-damage|p2a: Gliscor|0 fnt
|faint|p2a: Gliscor
|-hitcount|p2: Gliscor|1
|
|upkeep
|
|t:|1779576395
|switch|p2a: Darkrai|Darkrai|100/100
|turn|9
|inactive|Aionzo000 has 120 seconds left.
|
|t:|1779576421
|move|p1a: Iron Crown|Calm Mind|p1a: Iron Crown
|-boost|p1a: Iron Crown|spa|1
|-boost|p1a: Iron Crown|spd|1
|move|p2a: Darkrai|Dark Pulse|p1a: Iron Crown
|-supereffective|p1a: Iron Crown
|-damage|p1a: Iron Crown|41/100
|
|upkeep
|turn|10
|inactive|Aionzo000 has 120 seconds left.
|
|t:|1779576430
|switch|p2a: Slowking|Slowking-Galar, F|100/100
|move|p1a: Iron Crown|Tachyon Cutter|p2a: Slowking
|-damage|p2a: Slowking|72/100
|-damage|p2a: Slowking|47/100
|-hitcount|p2a: Slowking|2
|
|upkeep
|turn|11
|inactive|Aionzo000 has 120 seconds left.
|
|t:|1779576451
|move|p1a: Iron Crown|Psyshock|p2a: Slowking
|-damage|p2a: Slowking|0 fnt
|faint|p2a: Slowking
|
|-sideend|p1: llamaledgend750|move: Aurora Veil
|upkeep
|inactive|Aionzo000 has 90 seconds left.
|
|t:|1779576480
|switch|p2a: Ogerpon|Ogerpon-Wellspring, F|100/100
|turn|12
|
|t:|1779576495
|-terastallize|p2a: Ogerpon|Water
|detailschange|p2a: Ogerpon|Ogerpon-Wellspring-Tera, F, tera:Water
|-ability|p2a: Ogerpon|Embody Aspect (Wellspring)|boost
|-boost|p2a: Ogerpon|spd|1
|move|p1a: Iron Crown|Psyshock|p2a: Ogerpon
|-damage|p2a: Ogerpon|0 fnt
|faint|p2a: Ogerpon
|detailschange|p2: Ogerpon|Ogerpon-Wellspring, F|[silent]
|
|upkeep
|-message|Aionzo000 forfeited.
|
|win|llamaledgend750
|raw|llamaledgend750's rating: 1290 &rarr; <strong>1314</strong><br />(+24 for winning)
|raw|Aionzo000's rating: 1271 &rarr; <strong>1247</strong><br />(-24 for losing)
|l|☆Aionzo000
|player|p2|
|c|☆llamaledgend750|gg
|c|☆llamaledgend750|!showteam
|c| llamaledgend750|/raw <div class="infobox"><details><summary>View team</summary>Ninetales (Ninetales-Alola) @ Light Clay  <br />Ability: Snow Warning  <br />Tera Type: Ice  <br />EVs: 252 HP &#x2f; 4 SpA &#x2f; 252 Spe  <br />Timid Nature  <br />IVs: 0 Atk  <br />- Aurora Veil  <br />- Moonblast  <br />- Encore  <br />- Disable  <br /><br />Samurott (Samurott-Hisui) @ Focus Sash  <br />Ability: Torrent  <br />Tera Type: Water  <br />EVs: 252 Atk &#x2f; 4 SpD &#x2f; 252 Spe  <br />Jolly Nature  <br />- Ceaseless Edge  <br />- Sucker Punch  <br />- Flip Turn  <br />- Encore  <br /><br />Iron Moth @ Booster Energy  <br />Ability: Quark Drive  <br />Tera Type: Fairy  <br />EVs: 124 Def &#x2f; 132 SpA &#x2f; 252 Spe  <br />Timid Nature  <br />IVs: 0 Atk  <br />- Fiery Dance  <br />- Sludge Wave  <br />- Dazzling Gleam  <br />- Substitute  <br /><br />Iron Valiant @ Booster Energy  <br />Ability: Quark Drive  <br />Tera Type: Ghost  <br />EVs: 252 SpA &#x2f; 4 SpD &#x2f; 252 Spe  <br />Timid Nature  <br />- Calm Mind  <br />- Moonblast  <br />- Shadow Ball  <br />- Encore  <br /><br />Great Tusk @ Booster Energy  <br />Ability: Protosynthesis  <br />Hidden Power: Fighting  <br />Tera Type: Ice  <br />EVs: 252 HP &#x2f; 4 Atk &#x2f; 252 Spe  <br />Jolly Nature  <br />- Bulk Up  <br />- Headlong Rush  <br />- Ice Spinner  <br />- Rapid Spin  <br /><br />Iron Crown @ Booster Energy  <br />Ability: Quark Drive  <br />Hidden Power: Fighting  <br />Tera Type: Fighting  <br />EVs: 84 HP &#x2f; 172 SpA &#x2f; 252 Spe  <br />Timid Nature  <br />IVs: 20 Atk  <br />- Calm Mind  <br />- Tachyon Cutter  <br />- Psyshock  <br />- Focus Blast  <br /><br /></details></div>
