|j|☆vwhsj
|j|☆peddypedster
|t:|1779639126
|gametype|singles
|player|p1|vwhsj|steven|1525
|player|p2|peddypedster|giovanni-masters|1497
|gen|9
|tier|[Gen 9] OU
|rated|
|rule|HP Percentage Mod: HP is shown in percentages
|rule|Endless Battle Clause: Forcing endless battles is banned
|rule|Species Clause: Limit one of each Pokémon
|rule|OHKO Clause: OHKO moves are banned
|rule|Evasion Items Clause: Evasion items are banned
|rule|Evasion Moves Clause: Evasion moves are banned
|rule|Evasion Abilities Clause: Evasion abilities are banned
|rule|Sleep Moves Clause: Sleep-inducing moves are banned
|clearpoke
|poke|p1|Dondozo, F|
|poke|p1|Blissey, F|
|poke|p1|Corviknight, F|
|poke|p1|Weezing-Galar, M|
|poke|p1|Gliscor, M|
|poke|p1|Toxapex, F|
|poke|p2|Indeedee, M|
|poke|p2|Polteageist-Antique|
|poke|p2|Hawlucha, F|
|poke|p2|Primarina, F|
|poke|p2|Iron Valiant|
|poke|p2|Great Tusk|
|teampreview
|inactive|Battle timer is ON: inactive players will automatically lose when time's up. (requested by peddypedster)
|inactive|vwhsj has 120 seconds left.
|inactive|vwhsj has 90 seconds left.
|
|t:|1779639189
|teamsize|p1|6
|teamsize|p2|6
|start
|switch|p1a: Gliscor|Gliscor, M|100/100
|switch|p2a: Great Tusk|Great Tusk|100/100
|turn|1
|
|t:|1779639198
|move|p1a: Gliscor|Knock Off|p2a: Great Tusk
|-resisted|p2a: Great Tusk
|-damage|p2a: Great Tusk|95/100
|-damage|p1a: Gliscor|84/100|[from] item: Rocky Helmet|[of] p2a: Great Tusk
|-enditem|p2a: Great Tusk|Rocky Helmet|[from] move: Knock Off|[of] p1a: Gliscor
|move|p2a: Great Tusk|Knock Off|p1a: Gliscor
|-crit|p1a: Gliscor
|-damage|p1a: Gliscor|49/100
|-enditem|p1a: Gliscor|Toxic Orb|[from] move: Knock Off|[of] p2a: Great Tusk
|
|upkeep
|turn|2
|
|t:|1779639219
|switch|p1a: Toxapex|Toxapex, F|100/100
|move|p2a: Great Tusk|Stealth Rock|p1a: Toxapex
|-sidestart|p1: vwhsj|move: Stealth Rock
|
|upkeep
|turn|3
|
|t:|1779639223
|move|p2a: Great Tusk|Earthquake|p1a: Toxapex
|-supereffective|p1a: Toxapex
|-damage|p1a: Toxapex|35/100
|move|p1a: Toxapex|Toxic|p2a: Great Tusk
|-status|p2a: Great Tusk|tox
|
|-heal|p1a: Toxapex|42/100|[from] item: Leftovers
|-damage|p2a: Great Tusk|89/100 tox|[from] psn
|upkeep
|turn|4
|
|t:|1779639232
|-end|p2a: Great Tusk|Protosynthesis|[silent]
|switch|p2a: Indeedee|Indeedee, M|100/100
|-fieldstart|move: Psychic Terrain|[from] ability: Psychic Surge|[of] p2a: Indeedee
|switch|p1a: Corviknight|Corviknight, F|100/100
|-damage|p1a: Corviknight|88/100|[from] Stealth Rock
|-ability|p1a: Corviknight|Pressure
|
|-heal|p1a: Corviknight|94/100|[from] item: Leftovers
|upkeep
|turn|5
|
|t:|1779639236
|switch|p2a: Polteageist|Polteageist-Antique|100/100
|move|p1a: Corviknight|Defog|p2a: Polteageist
|-unboost|p2a: Polteageist|evasion|1
|-sideend|p1: vwhsj|Stealth Rock|[from] move: Defog|[of] p1a: Corviknight
|-fieldend|move: Psychic Terrain
|
|-heal|p1a: Corviknight|100/100|[from] item: Leftovers
|upkeep
|turn|6
|
|t:|1779639253
|switch|p1a: Blissey|Blissey, F|100/100
|move|p2a: Polteageist|Shell Smash|p2a: Polteageist
|-unboost|p2a: Polteageist|def|1
|-unboost|p2a: Polteageist|spd|1
|-boost|p2a: Polteageist|atk|2
|-boost|p2a: Polteageist|spa|2
|-boost|p2a: Polteageist|spe|2
|
|upkeep
|turn|7
|
|t:|1779639256
|move|p2a: Polteageist|Shell Smash|p2a: Polteageist
|-unboost|p2a: Polteageist|def|1
|-unboost|p2a: Polteageist|spd|1
|-boost|p2a: Polteageist|atk|2
|-boost|p2a: Polteageist|spa|2
|-boost|p2a: Polteageist|spe|2
|move|p1a: Blissey|Calm Mind|p1a: Blissey
|-boost|p1a: Blissey|spa|1
|-boost|p1a: Blissey|spd|1
|
|upkeep
|turn|8
|
|t:|1779639260
|move|p2a: Polteageist|Shell Smash|p2a: Polteageist
|-unboost|p2a: Polteageist|def|1
|-unboost|p2a: Polteageist|spd|1
|-boost|p2a: Polteageist|atk|2
|-boost|p2a: Polteageist|spa|2
|-boost|p2a: Polteageist|spe|2
|move|p1a: Blissey|Shadow Ball|p2a: Polteageist
|-supereffective|p2a: Polteageist
|-enditem|p2a: Polteageist|Focus Sash
|-damage|p2a: Polteageist|1/100
|
|upkeep
|turn|9
|
|t:|1779639270
|-terastallize|p1a: Blissey|Dark
|move|p2a: Polteageist|Stored Power|p1a: Blissey
|-immune|p1a: Blissey
|move|p1a: Blissey|Shadow Ball|p2a: Polteageist
|-supereffective|p2a: Polteageist
|-damage|p2a: Polteageist|0 fnt
|faint|p2a: Polteageist
|
|upkeep
|
|t:|1779639278
|switch|p2a: Hawlucha|Hawlucha, F|100/100
|turn|10
|
|t:|1779639285
|switch|p2a: Indeedee|Indeedee, M|100/100
|-fieldstart|move: Psychic Terrain|[from] ability: Psychic Surge|[of] p2a: Indeedee
|switch|p1a: Weezing|Weezing-Galar, M|100/100
|-ability|p1a: Weezing|Neutralizing Gas
|
|upkeep
|turn|11
|
|t:|1779639298
|switch|p2a: Hawlucha|Hawlucha, F|100/100
|-enditem|p2a: Hawlucha|Psychic Seed
|-boost|p2a: Hawlucha|spd|1|[from] item: Psychic Seed
|-end|p1a: Weezing|ability: Neutralizing Gas
|switch|p1a: Corviknight|Corviknight, F|100/100
|-ability|p1a: Corviknight|Pressure
|
|upkeep
|turn|12
|
|t:|1779639303
|move|p2a: Hawlucha|Close Combat|p1a: Corviknight
|-damage|p1a: Corviknight|70/100
|-unboost|p2a: Hawlucha|def|1
|-unboost|p2a: Hawlucha|spd|1
|move|p1a: Corviknight|Iron Defense|p1a: Corviknight
|-boost|p1a: Corviknight|def|2
|
|-heal|p1a: Corviknight|76/100|[from] item: Leftovers
|upkeep
|turn|13
|
|t:|1779639308
|switch|p2a: Primarina|Primarina, F|100/100
|move|p1a: Corviknight|Body Press|p2a: Primarina
|-resisted|p2a: Primarina
|-damage|p2a: Primarina|69/100
|
|-heal|p1a: Corviknight|83/100|[from] item: Leftovers
|upkeep
|turn|14
|
|t:|1779639318
|switch|p1a: Blissey|Blissey, F, tera:Dark|100/100
|move|p2a: Primarina|Surf|p1a: Blissey
|-crit|p1a: Blissey
|-damage|p1a: Blissey|76/100
|
|-heal|p1a: Blissey|82/100|[from] item: Leftovers
|upkeep
|turn|15
|
|t:|1779639325
|move|p2a: Primarina|Moonblast|p1a: Blissey
|-supereffective|p1a: Blissey
|-damage|p1a: Blissey|51/100
|move|p1a: Blissey|Stealth Rock|p2a: Primarina
|-sidestart|p2: peddypedster|move: Stealth Rock
|
|-heal|p1a: Blissey|58/100|[from] item: Leftovers
|upkeep
|turn|16
|
|t:|1779639331
|move|p2a: Primarina|Moonblast|p1a: Blissey
|-supereffective|p1a: Blissey
|-damage|p1a: Blissey|26/100
|move|p1a: Blissey|Soft-Boiled|p1a: Blissey
|-heal|p1a: Blissey|76/100
|
|-heal|p1a: Blissey|83/100|[from] item: Leftovers
|upkeep
|turn|17
|
|t:|1779639336
|move|p2a: Primarina|Flip Turn|p1a: Blissey
|-crit|p1a: Blissey
|-damage|p1a: Blissey|61/100
|
|t:|1779639338
|switch|p2a: Great Tusk|Great Tusk|89/100 tox|[from] Flip Turn
|-damage|p2a: Great Tusk|86/100 tox|[from] Stealth Rock
|move|p1a: Blissey|Calm Mind|p1a: Blissey
|-boost|p1a: Blissey|spa|1
|-boost|p1a: Blissey|spd|1
|
|-heal|p1a: Blissey|67/100|[from] item: Leftovers
|-damage|p2a: Great Tusk|80/100 tox|[from] psn
|-fieldend|move: Psychic Terrain
|upkeep
|turn|18
|
|t:|1779639350
|switch|p1a: Corviknight|Corviknight, F|83/100
|-ability|p1a: Corviknight|Pressure
|move|p2a: Great Tusk|Rapid Spin|p1a: Corviknight
|-resisted|p1a: Corviknight
|-damage|p1a: Corviknight|79/100
|-boost|p2a: Great Tusk|spe|1
|-sideend|p2: peddypedster|Stealth Rock|[from] move: Rapid Spin|[of] p2a: Great Tusk
|
|-heal|p1a: Corviknight|85/100|[from] item: Leftovers
|-damage|p2a: Great Tusk|68/100 tox|[from] psn
|upkeep
|turn|19
|
|t:|1779639362
|move|p2a: Great Tusk|Stealth Rock|p1a: Corviknight
|-sidestart|p1: vwhsj|move: Stealth Rock
|move|p1a: Corviknight|Iron Defense|p1a: Corviknight
|-boost|p1a: Corviknight|def|2
|
|-heal|p1a: Corviknight|91/100|[from] item: Leftovers
|-damage|p2a: Great Tusk|49/100 tox|[from] psn
|upkeep
|turn|20
|
|t:|1779639366
|-end|p2a: Great Tusk|Protosynthesis|[silent]
|switch|p2a: Indeedee|Indeedee, M|100/100
|-fieldstart|move: Psychic Terrain|[from] ability: Psychic Surge|[of] p2a: Indeedee
|move|p1a: Corviknight|Defog|p2a: Indeedee
|-unboost|p2a: Indeedee|evasion|1
|-sideend|p1: vwhsj|Stealth Rock|[from] move: Defog|[of] p1a: Corviknight
|-fieldend|move: Psychic Terrain
|
|-heal|p1a: Corviknight|97/100|[from] item: Leftovers
|upkeep
|turn|21
|
|t:|1779639373
|move|p2a: Indeedee|Encore|p1a: Corviknight
|-start|p1a: Corviknight|Encore
|move|p1a: Corviknight|Defog|p2a: Indeedee
|-unboost|p2a: Indeedee|evasion|1
|
|-heal|p1a: Corviknight|100/100|[from] item: Leftovers
|upkeep
|turn|22
|
|t:|1779639378
|switch|p2a: Iron Valiant|Iron Valiant|100/100
|-enditem|p2a: Iron Valiant|Booster Energy
|-activate|p2a: Iron Valiant|ability: Quark Drive|[fromitem]
|-start|p2a: Iron Valiant|quarkdrivespe
|move|p1a: Corviknight|Defog|p2a: Iron Valiant
|-unboost|p2a: Iron Valiant|evasion|1
|
|upkeep
|turn|23
|
|t:|1779639383
|move|p2a: Iron Valiant|Calm Mind|p2a: Iron Valiant
|-boost|p2a: Iron Valiant|spa|1
|-boost|p2a: Iron Valiant|spd|1
|move|p1a: Corviknight|Defog|p2a: Iron Valiant
|-unboost|p2a: Iron Valiant|evasion|1
|
|-end|p1a: Corviknight|Encore
|upkeep
|turn|24
|
|t:|1779639387
|move|p2a: Iron Valiant|Calm Mind|p2a: Iron Valiant
|-boost|p2a: Iron Valiant|spa|1
|-boost|p2a: Iron Valiant|spd|1
|move|p1a: Corviknight|Body Press|p2a: Iron Valiant
|-resisted|p2a: Iron Valiant
|-damage|p2a: Iron Valiant|68/100
|
|upkeep
|turn|25
|
|t:|1779639397
|switch|p1a: Gliscor|Gliscor, M|49/100
|move|p2a: Iron Valiant|Calm Mind|p2a: Iron Valiant
|-boost|p2a: Iron Valiant|spa|1
|-boost|p2a: Iron Valiant|spd|1
|
|upkeep
|turn|26
|
|t:|1779639400
|move|p2a: Iron Valiant|Moonblast|p1a: Gliscor
|-damage|p1a: Gliscor|0 fnt
|faint|p1a: Gliscor
|
|upkeep
|
|t:|1779639405
|switch|p1a: Dondozo|Dondozo, F|100/100
|turn|27
|
|t:|1779639408
|move|p2a: Iron Valiant|Moonblast|p1a: Dondozo
|-damage|p1a: Dondozo|53/100
|move|p1a: Dondozo|Avalanche|p2a: Iron Valiant
|-damage|p2a: Iron Valiant|34/100
|
|-heal|p1a: Dondozo|59/100|[from] item: Leftovers
|upkeep
|turn|28
|
|t:|1779639415
|-terastallize|p2a: Iron Valiant|Steel
|move|p2a: Iron Valiant|Moonblast|p1a: Dondozo
|-damage|p1a: Dondozo|12/100
|-unboost|p1a: Dondozo|spa|1
|move|p1a: Dondozo|Avalanche|p2a: Iron Valiant
|-resisted|p2a: Iron Valiant
|-damage|p2a: Iron Valiant|18/100
|
|-heal|p1a: Dondozo|18/100|[from] item: Leftovers
|upkeep
|turn|29
|
|t:|1779639431
|move|p2a: Iron Valiant|Moonblast|p1a: Dondozo
|-damage|p1a: Dondozo|0 fnt
|faint|p1a: Dondozo
|
|upkeep
|
|t:|1779639442
|switch|p1a: Weezing|Weezing-Galar, M|100/100
|-ability|p1a: Weezing|Neutralizing Gas
|turn|30
|
|t:|1779639445
|move|p2a: Iron Valiant|Expanding Force|p1a: Weezing
|-supereffective|p1a: Weezing
|-damage|p1a: Weezing|0 fnt
|faint|p1a: Weezing
|-end|p1a: Weezing|ability: Neutralizing Gas
|
|upkeep
|
|t:|1779639448
|switch|p1a: Corviknight|Corviknight, F|100/100
|-ability|p1a: Corviknight|Pressure
|turn|31
|
|t:|1779639451
|move|p2a: Iron Valiant|Moonblast|p1a: Corviknight
|-resisted|p1a: Corviknight
|-damage|p1a: Corviknight|43/100
|move|p1a: Corviknight|Body Press|p2a: Iron Valiant
|-supereffective|p2a: Iron Valiant
|-damage|p2a: Iron Valiant|0 fnt
|faint|p2a: Iron Valiant
|-end|p2a: Iron Valiant|Quark Drive|[silent]
|
|-heal|p1a: Corviknight|49/100|[from] item: Leftovers
|upkeep
|
|t:|1779639461
|switch|p2a: Primarina|Primarina, F|69/100
|turn|32
|
|t:|1779639465
|switch|p1a: Toxapex|Toxapex, F|75/100
|move|p2a: Primarina|Surf|p1a: Toxapex
|-resisted|p1a: Toxapex
|-damage|p1a: Toxapex|60/100
|
|-heal|p1a: Toxapex|66/100|[from] item: Leftovers
|upkeep
|turn|33
|
|t:|1779639472
|move|p2a: Primarina|Psychic Noise|p1a: Toxapex
|-supereffective|p1a: Toxapex
|-damage|p1a: Toxapex|31/100
|-start|p1a: Toxapex|move: Heal Block
|move|p1a: Toxapex|Toxic|p2a: Primarina
|-status|p2a: Primarina|tox
|
|-damage|p2a: Primarina|63/100 tox|[from] psn
|upkeep
|turn|34
|
|t:|1779639479
|switch|p1a: Blissey|Blissey, F, tera:Dark|67/100
|move|p2a: Primarina|Moonblast|p1a: Blissey
|-supereffective|p1a: Blissey
|-damage|p1a: Blissey|33/100
|
|-heal|p1a: Blissey|39/100|[from] item: Leftovers
|-damage|p2a: Primarina|51/100 tox|[from] psn
|upkeep
|turn|35
|
|t:|1779639485
|move|p2a: Primarina|Moonblast|p1a: Blissey
|-supereffective|p1a: Blissey
|-damage|p1a: Blissey|6/100
|move|p1a: Blissey|Soft-Boiled|p1a: Blissey
|-heal|p1a: Blissey|56/100
|
|-heal|p1a: Blissey|63/100|[from] item: Leftovers
|-damage|p2a: Primarina|33/100 tox|[from] psn
|upkeep
|turn|36
|
|t:|1779639491
|move|p2a: Primarina|Flip Turn|p1a: Blissey
|-damage|p1a: Blissey|42/100
|
|t:|1779639493
|switch|p2a: Indeedee|Indeedee, M|100/100|[from] Flip Turn
|-fieldstart|move: Psychic Terrain|[from] ability: Psychic Surge|[of] p2a: Indeedee
|move|p1a: Blissey|Soft-Boiled|p1a: Blissey
|-heal|p1a: Blissey|92/100
|
|-heal|p1a: Blissey|98/100|[from] item: Leftovers
|upkeep
|turn|37
|
|t:|1779639502
|switch|p1a: Corviknight|Corviknight, F|49/100
|-ability|p1a: Corviknight|Pressure
|move|p2a: Indeedee|Expanding Force|p1a: Corviknight
|-resisted|p1a: Corviknight
|-damage|p1a: Corviknight|15/100
|
|-heal|p1a: Corviknight|22/100|[from] item: Leftovers
|upkeep
|turn|38
|
|t:|1779639508
|switch|p1a: Blissey|Blissey, F, tera:Dark|98/100
|move|p2a: Indeedee|Expanding Force|p1a: Blissey
|-immune|p1a: Blissey
|
|-heal|p1a: Blissey|100/100|[from] item: Leftovers
|upkeep
|turn|39
|
|t:|1779639513
|move|p2a: Indeedee|Dazzling Gleam|p1a: Blissey
|-supereffective|p1a: Blissey
|-damage|p1a: Blissey|85/100
|move|p1a: Blissey|Stealth Rock|p2a: Indeedee
|-sidestart|p2: peddypedster|move: Stealth Rock
|
|-heal|p1a: Blissey|91/100|[from] item: Leftovers
|upkeep
|turn|40
|
|t:|1779639517
|move|p2a: Indeedee|Dazzling Gleam|p1a: Blissey
|-supereffective|p1a: Blissey
|-crit|p1a: Blissey
|-damage|p1a: Blissey|69/100
|move|p1a: Blissey|Calm Mind|p1a: Blissey
|-boost|p1a: Blissey|spa|1
|-boost|p1a: Blissey|spd|1
|
|-heal|p1a: Blissey|75/100|[from] item: Leftovers
|upkeep
|turn|41
|
|t:|1779639523
|move|p2a: Indeedee|Encore|p1a: Blissey
|-start|p1a: Blissey|Encore
|move|p1a: Blissey|Calm Mind|p1a: Blissey
|-boost|p1a: Blissey|spa|1
|-boost|p1a: Blissey|spd|1
|
|-heal|p1a: Blissey|81/100|[from] item: Leftovers
|upkeep
|turn|42
|
|t:|1779639525
|switch|p2a: Hawlucha|Hawlucha, F|100/100
|-damage|p2a: Hawlucha|88/100|[from] Stealth Rock
|move|p1a: Blissey|Calm Mind|p1a: Blissey
|-boost|p1a: Blissey|spa|1
|-boost|p1a: Blissey|spd|1
|
|-heal|p1a: Blissey|87/100|[from] item: Leftovers
|upkeep
|turn|43
|
|t:|1779639528
|switch|p1a: Toxapex|Toxapex, F|64/100
|move|p2a: Hawlucha|Swords Dance|p2a: Hawlucha
|-boost|p2a: Hawlucha|atk|2
|
|-heal|p1a: Toxapex|71/100|[from] item: Leftovers
|-fieldend|move: Psychic Terrain
|upkeep
|turn|44
|
|t:|1779639540
|switch|p1a: Corviknight|Corviknight, F|22/100
|-ability|p1a: Corviknight|Pressure
|move|p2a: Hawlucha|Acrobatics|p1a: Corviknight
|-resisted|p1a: Corviknight
|-damage|p1a: Corviknight|0 fnt
|faint|p1a: Corviknight
|
|upkeep
|
|t:|1779639543
|switch|p1a: Toxapex|Toxapex, F|100/100
|turn|45
|
|t:|1779639546
|move|p2a: Hawlucha|Acrobatics|p1a: Toxapex
|-damage|p1a: Toxapex|16/100
|move|p1a: Toxapex|Haze|p1a: Toxapex
|-clearallboost
|
|-heal|p1a: Toxapex|23/100|[from] item: Leftovers
|upkeep
|turn|46
|
|t:|1779639550
|move|p2a: Hawlucha|Acrobatics|p1a: Toxapex
|-damage|p1a: Toxapex|0 fnt
|faint|p1a: Toxapex
|
|upkeep
|-message|vwhsj forfeited.
|
|win|peddypedster
|raw|vwhsj's rating: 1525 &rarr; <strong>1503</strong><br />(-22 for losing)
|raw|peddypedster's rating: 1497 &rarr; <strong>1519</strong><br />(+22 for winning)
|l|☆vwhsj
|player|p1|
|l|☆peddypedster
|player|p2|
