|j|☆James2464
|j|‽ClRCUS MAXIMUS
|t:|1779675195
|gametype|singles
|player|p1|James2464|miku-ghost|1771
|player|p2|ClRCUS MAXIMUS|rood|1816
|gen|9
|tier|[Gen 9] OU
|rated|
|rule|HP Percentage Mod: HP is shown in percentages
|rule|Endless Battle Clause: Forcing endless battles is banned
|rule|Species Clause: Limit one of each Pokémon
|rule|OHKO Clause: OHKO moves are banned
|rule|Evasion Items Clause: Evasion items are banned
|rule|Evasion Moves Clause: Evasion moves are banned
|rule|Evasion Abilities Clause: Evasion abilities are banned
|rule|Sleep Moves Clause: Sleep-inducing moves are banned
|clearpoke
|poke|p1|Lycanroc-Dusk, F|
|poke|p1|Kingambit, F|
|poke|p1|Moltres|
|poke|p1|Great Tusk|
|poke|p1|Ogerpon, F|
|poke|p1|Hatterene, F|
|poke|p2|Iron Valiant|
|poke|p2|Ogerpon-Wellspring, F|
|poke|p2|Kingambit, F|
|poke|p2|Great Tusk|
|poke|p2|Zamazenta-*|
|poke|p2|Gholdengo|
|teampreview
|inactive|Battle timer is ON: inactive players will automatically lose when time's up. (requested by James2464)
|inactive|ClRCUS MAXIMUS has 120 seconds left.
|
|t:|1779675246
|teamsize|p1|6
|teamsize|p2|6
|start
|switch|p1a: Lycanroc|Lycanroc-Dusk, F|100/100
|switch|p2a: Gholdengo|Gholdengo, shiny|100/100
|turn|1
|
|t:|1779675264
|switch|p1a: Kingambit|Kingambit, F|100/100
|switch|p2a: Great Tusk|Great Tusk, shiny|100/100
|
|upkeep
|turn|2
|
|t:|1779675271
|-end|p1a: Kingambit|fallenundefined|[silent]
|switch|p1a: Great Tusk|Great Tusk|100/100
|move|p2a: Great Tusk|Headlong Rush|p1a: Great Tusk
|-damage|p1a: Great Tusk|61/100
|-unboost|p2a: Great Tusk|def|1
|-unboost|p2a: Great Tusk|spd|1
|-damage|p2a: Great Tusk|84/100|[from] item: Rocky Helmet|[of] p1a: Great Tusk
|
|upkeep
|turn|3
|
|t:|1779675274
|-end|p2a: Great Tusk|Protosynthesis|[silent]
|switch|p2a: Ogerpon|Ogerpon-Wellspring, F|100/100
|move|p1a: Great Tusk|Stealth Rock|p2a: Ogerpon
|-sidestart|p2: ClRCUS MAXIMUS|move: Stealth Rock
|
|upkeep
|turn|4
|
|t:|1779675277
|-end|p1a: Great Tusk|Protosynthesis|[silent]
|switch|p1a: Ogerpon|Ogerpon, F|100/100
|move|p2a: Ogerpon|Swords Dance|p2a: Ogerpon
|-boost|p2a: Ogerpon|atk|2
|
|upkeep
|turn|5
|
|t:|1779675282
|move|p2a: Ogerpon|Ivy Cudgel|p1a: Ogerpon|[anim] Ivy Cudgel Water
|-resisted|p1a: Ogerpon
|-damage|p1a: Ogerpon|26/100
|move|p1a: Ogerpon|Encore|p2a: Ogerpon
|-start|p2a: Ogerpon|Encore
|
|upkeep
|turn|6
|
|t:|1779675288
|move|p2a: Ogerpon|Ivy Cudgel|p1a: Ogerpon|[anim] Ivy Cudgel Water
|-resisted|p1a: Ogerpon
|-damage|p1a: Ogerpon|0 fnt
|faint|p1a: Ogerpon
|
|upkeep
|
|t:|1779675304
|switch|p1a: Kingambit|Kingambit, F|100/100
|-activate|p1a: Kingambit|ability: Supreme Overlord
|-start|p1a: Kingambit|fallen1|[silent]
|turn|7
|
|t:|1779675309
|move|p2a: Ogerpon|Ivy Cudgel|p1a: Kingambit|[anim] Ivy Cudgel Water
|-damage|p1a: Kingambit|5/100
|move|p1a: Kingambit|Kowtow Cleave|p2a: Ogerpon
|-damage|p2a: Ogerpon|36/100
|
|-heal|p1a: Kingambit|11/100|[from] item: Leftovers
|upkeep
|turn|8
|
|t:|1779675316
|switch|p2a: Great Tusk|Great Tusk, shiny|84/100
|move|p1a: Kingambit|Iron Head|p2a: Great Tusk
|-damage|p2a: Great Tusk|48/100
|
|-heal|p1a: Kingambit|17/100|[from] item: Leftovers
|upkeep
|turn|9
|
|t:|1779675319
|-end|p1a: Kingambit|fallen1|[silent]
|switch|p1a: Moltres|Moltres|100/100
|move|p2a: Great Tusk|Rapid Spin|p1a: Moltres
|-damage|p1a: Moltres|89/100
|-boost|p2a: Great Tusk|spe|1
|-status|p2a: Great Tusk|brn|[from] ability: Flame Body|[of] p1a: Moltres
|-sideend|p2: ClRCUS MAXIMUS|Stealth Rock|[from] move: Rapid Spin|[of] p2a: Great Tusk
|
|-damage|p2a: Great Tusk|42/100 brn|[from] brn
|upkeep
|turn|10
|
|t:|1779675322
|move|p2a: Great Tusk|Ice Spinner|p1a: Moltres
|-damage|p1a: Moltres|80/100
|move|p1a: Moltres|U-turn|p2a: Great Tusk
|-resisted|p2a: Great Tusk
|-damage|p2a: Great Tusk|37/100 brn
|
|t:|1779675325
|switch|p1a: Great Tusk|Great Tusk|61/100|[from] U-turn
|
|-damage|p2a: Great Tusk|31/100 brn|[from] brn
|upkeep
|turn|11
|
|t:|1779675328
|move|p2a: Great Tusk|Stealth Rock|p1a: Great Tusk
|-sidestart|p1: James2464|move: Stealth Rock
|move|p1a: Great Tusk|Stealth Rock|p2a: Great Tusk
|-sidestart|p2: ClRCUS MAXIMUS|move: Stealth Rock
|
|-damage|p2a: Great Tusk|24/100 brn|[from] brn
|upkeep
|turn|12
|
|t:|1779675332
|-end|p2a: Great Tusk|Protosynthesis|[silent]
|switch|p2a: Gholdengo|Gholdengo, shiny|100/100
|-damage|p2a: Gholdengo|94/100|[from] Stealth Rock
|move|p1a: Great Tusk|Rapid Spin|p2a: Gholdengo
|-immune|p2a: Gholdengo
|
|upkeep
|turn|13
|
|t:|1779675338
|switch|p2a: Great Tusk|Great Tusk, shiny|24/100 brn
|move|p1a: Great Tusk|Headlong Rush|p2a: Great Tusk
|-damage|p2a: Great Tusk|0 fnt
|-unboost|p1a: Great Tusk|def|1
|-unboost|p1a: Great Tusk|spd|1
|faint|p2a: Great Tusk
|-end|p2a: Great Tusk|Protosynthesis|[silent]
|
|upkeep
|
|t:|1779675339
|switch|p2a: Ogerpon|Ogerpon-Wellspring, F|36/100
|-damage|p2a: Ogerpon|24/100|[from] Stealth Rock
|turn|14
|
|t:|1779675343
|-end|p1a: Great Tusk|Protosynthesis|[silent]
|switch|p1a: Kingambit|Kingambit, F|17/100
|-damage|p1a: Kingambit|11/100|[from] Stealth Rock
|-activate|p1a: Kingambit|ability: Supreme Overlord
|-start|p1a: Kingambit|fallen1|[silent]
|move|p2a: Ogerpon|Ivy Cudgel|p1a: Kingambit|[anim] Ivy Cudgel Water
|-damage|p1a: Kingambit|0 fnt
|faint|p1a: Kingambit
|-end|p1a: Kingambit|fallen1|[silent]
|
|upkeep
|
|t:|1779675346
|switch|p1a: Lycanroc|Lycanroc-Dusk, F|100/100
|-damage|p1a: Lycanroc|88/100|[from] Stealth Rock
|turn|15
|
|t:|1779675351
|switch|p2a: Gholdengo|Gholdengo, shiny|94/100
|-damage|p2a: Gholdengo|88/100|[from] Stealth Rock
|switch|p1a: Great Tusk|Great Tusk|61/100
|-damage|p1a: Great Tusk|58/100|[from] Stealth Rock
|
|upkeep
|turn|16
|
|t:|1779675362
|switch|p2a: Ogerpon|Ogerpon-Wellspring, F|24/100
|-damage|p2a: Ogerpon|12/100|[from] Stealth Rock
|move|p1a: Great Tusk|Rapid Spin|p2a: Ogerpon
|-damage|p2a: Ogerpon|0 fnt
|-boost|p1a: Great Tusk|spe|1
|-sideend|p1: James2464|Stealth Rock|[from] move: Rapid Spin|[of] p1a: Great Tusk
|faint|p2a: Ogerpon
|
|upkeep
|
|t:|1779675369
|switch|p2a: Iron Valiant|Iron Valiant, shiny|100/100
|-damage|p2a: Iron Valiant|94/100|[from] Stealth Rock
|-enditem|p2a: Iron Valiant|Booster Energy
|-activate|p2a: Iron Valiant|ability: Quark Drive|[fromitem]
|-start|p2a: Iron Valiant|quarkdrivespe
|turn|17
|
|t:|1779675374
|move|p2a: Iron Valiant|Calm Mind|p2a: Iron Valiant
|-boost|p2a: Iron Valiant|spa|1
|-boost|p2a: Iron Valiant|spd|1
|move|p1a: Great Tusk|Headlong Rush|p2a: Iron Valiant
|-damage|p2a: Iron Valiant|23/100
|-unboost|p1a: Great Tusk|def|1
|-unboost|p1a: Great Tusk|spd|1
|
|upkeep
|turn|18
|
|t:|1779675381
|move|p2a: Iron Valiant|Moonblast|p1a: Great Tusk
|-supereffective|p1a: Great Tusk
|-damage|p1a: Great Tusk|0 fnt
|faint|p1a: Great Tusk
|-end|p1a: Great Tusk|Protosynthesis|[silent]
|
|upkeep
|
|t:|1779675386
|switch|p1a: Hatterene|Hatterene, F|100/100
|turn|19
|
|t:|1779675393
|move|p2a: Iron Valiant|Moonblast|p1a: Hatterene
|-damage|p1a: Hatterene|27/100
|-unboost|p1a: Hatterene|spa|1
|move|p1a: Hatterene|Draining Kiss|p2a: Iron Valiant
|-supereffective|p2a: Iron Valiant
|-damage|p2a: Iron Valiant|0 fnt
|-heal|p1a: Hatterene|42/100|[from] drain|[of] p2a: Iron Valiant
|faint|p2a: Iron Valiant
|-end|p2a: Iron Valiant|Quark Drive|[silent]
|
|upkeep
|
|t:|1779675400
|switch|p2a: Zamazenta|Zamazenta, shiny|100/100
|-damage|p2a: Zamazenta|94/100|[from] Stealth Rock
|-ability|p2a: Zamazenta|Dauntless Shield|boost
|-boost|p2a: Zamazenta|def|1
|turn|20
|
|t:|1779675407
|move|p2a: Zamazenta|Heavy Slam|p1a: Hatterene
|-supereffective|p1a: Hatterene
|-damage|p1a: Hatterene|0 fnt
|-damage|p2a: Zamazenta|78/100|[from] item: Rocky Helmet|[of] p1a: Hatterene
|faint|p1a: Hatterene
|-damage|p2a: Zamazenta|68/100|[from] item: Life Orb
|
|upkeep
|
|t:|1779675412
|switch|p1a: Moltres|Moltres|80/100
|turn|21
|inactive|ClRCUS MAXIMUS has 120 seconds left.
|inactive|ClRCUS MAXIMUS has 90 seconds left.
|l|‽ClRCUS MAXIMUS
|inactive|ClRCUS MAXIMUS disconnected and has a minute to reconnect!
|player|p2|
|j|‽ClRCUS MAXIMUS
|inactive|ClRCUS MAXIMUS reconnected and has 80 seconds left.
|player|p2|ClRCUS MAXIMUS|rood|
|n|‽ClRCUS MAXIMUS|clrcusmaximus
|n|‽ClRCUS MAXIMUS|clrcusmaximus
|
|t:|1779675488
|move|p2a: Zamazenta|Stone Edge|p1a: Moltres
|-supereffective|p1a: Moltres
|-damage|p1a: Moltres|0 fnt
|faint|p1a: Moltres
|-damage|p2a: Zamazenta|58/100|[from] item: Life Orb
|
|upkeep
|
|t:|1779675493
|switch|p1a: Lycanroc|Lycanroc-Dusk, F|88/100
|turn|22
|
|t:|1779675497
|-terastallize|p1a: Lycanroc|Psychic
|move|p2a: Zamazenta|Close Combat|p1a: Lycanroc
|-resisted|p1a: Lycanroc
|-damage|p1a: Lycanroc|18/100
|-unboost|p2a: Zamazenta|def|1
|-unboost|p2a: Zamazenta|spd|1
|-damage|p2a: Zamazenta|48/100|[from] item: Life Orb
|move|p1a: Lycanroc|Psychic Fangs|p2a: Zamazenta
|-supereffective|p2a: Zamazenta
|-damage|p2a: Zamazenta|0 fnt
|faint|p2a: Zamazenta
|
|upkeep
|inactive|ClRCUS MAXIMUS has 90 seconds left.
|
|t:|1779675502
|switch|p2a: Gholdengo|Gholdengo, shiny|88/100
|-damage|p2a: Gholdengo|82/100|[from] Stealth Rock
|turn|23
|
|t:|1779675505
|move|p1a: Lycanroc|Swords Dance|p1a: Lycanroc
|-boost|p1a: Lycanroc|atk|2
|move|p2a: Gholdengo|Make It Rain|p1a: Lycanroc
|-damage|p1a: Lycanroc|0 fnt
|-unboost|p2a: Gholdengo|spa|1
|faint|p1a: Lycanroc
|
|win|ClRCUS MAXIMUS
|raw|James2464's rating: 1771 &rarr; <strong>1754</strong><br />(-17 for losing)
|raw|ClRCUS MAXIMUS's rating: 1816 &rarr; <strong>1833</strong><br />(+17 for winning)
|l|☆James2464
|player|p1|
|l|‽ClRCUS MAXIMUS
|player|p2|
