|j|☆trizegard
|j|☆Revelation3
|t:|1779649021
|gametype|singles
|player|p1|trizegard|266|1328
|player|p2|Revelation3|hugh|1311
|gen|9
|tier|[Gen 9] OU
|rated|
|rule|HP Percentage Mod: HP is shown in percentages
|rule|Endless Battle Clause: Forcing endless battles is banned
|rule|Species Clause: Limit one of each Pokémon
|rule|OHKO Clause: OHKO moves are banned
|rule|Evasion Items Clause: Evasion items are banned
|rule|Evasion Moves Clause: Evasion moves are banned
|rule|Evasion Abilities Clause: Evasion abilities are banned
|rule|Sleep Moves Clause: Sleep-inducing moves are banned
|clearpoke
|poke|p1|Iron Valiant|
|poke|p1|Corviknight, M|
|poke|p1|Alomomola, M|
|poke|p1|Moltres|
|poke|p1|Pecharunt|
|poke|p1|Ogerpon-Cornerstone, F|
|poke|p2|Glimmora, M|
|poke|p2|Gliscor, M|
|poke|p2|Gholdengo|
|poke|p2|Dragonite, M|
|poke|p2|Primarina, F|
|poke|p2|Slowbro, M|
|teampreview
|inactive|Battle timer is ON: inactive players will automatically lose when time's up. (requested by trizegard)
|
|t:|1779649034
|teamsize|p1|6
|teamsize|p2|6
|start
|switch|p1a: Alomomola|Alomomola, M|100/100
|switch|p2a: Glimmora|Glimmora, M|100/100
|turn|1
|
|t:|1779649043
|move|p2a: Glimmora|Stealth Rock|p1a: Alomomola
|-sidestart|p1: trizegard|move: Stealth Rock
|move|p1a: Alomomola|Scald|p2a: Glimmora
|-supereffective|p2a: Glimmora
|-damage|p2a: Glimmora|67/100
|-status|p2a: Glimmora|brn
|
|-damage|p2a: Glimmora|60/100 brn|[from] brn
|upkeep
|turn|2
|
|t:|1779649053
|switch|p1a: Corviknight|Corviknight, M|100/100
|-damage|p1a: Corviknight|88/100|[from] Stealth Rock
|-ability|p1a: Corviknight|Pressure
|move|p2a: Glimmora|Mortal Spin|p1a: Corviknight
|-immune|p1a: Corviknight
|
|-damage|p2a: Glimmora|54/100 brn|[from] brn
|upkeep
|turn|3
|
|t:|1779649066
|move|p2a: Glimmora|Power Gem|p1a: Corviknight
|-damage|p1a: Corviknight|46/100
|move|p1a: Corviknight|U-turn|p2a: Glimmora
|-resisted|p2a: Glimmora
|-damage|p2a: Glimmora|45/100 brn
|-activate|p2a: Glimmora|ability: Toxic Debris
|-sidestart|p1: trizegard|move: Toxic Spikes
|
|t:|1779649070
|switch|p1a: Pecharunt|Pecharunt|100/100|[from] U-turn
|-damage|p1a: Pecharunt|88/100|[from] Stealth Rock
|-sideend|p1: trizegard|move: Toxic Spikes|[of] p1a: Pecharunt
|
|-damage|p2a: Glimmora|39/100 brn|[from] brn
|upkeep
|turn|4
|
|t:|1779649079
|move|p2a: Glimmora|Earth Power|p1a: Pecharunt
|-supereffective|p1a: Pecharunt
|-damage|p1a: Pecharunt|21/100
|-unboost|p1a: Pecharunt|spd|1
|move|p1a: Pecharunt|Shadow Ball|p2a: Glimmora
|-damage|p2a: Glimmora|6/100 brn
|-unboost|p2a: Glimmora|spd|1
|
|-damage|p2a: Glimmora|0 fnt|[from] brn
|faint|p2a: Glimmora
|upkeep
|
|t:|1779649096
|switch|p2a: Gliscor|Gliscor, M|100/100
|turn|5
|
|t:|1779649103
|switch|p1a: Corviknight|Corviknight, M|46/100
|-damage|p1a: Corviknight|34/100|[from] Stealth Rock
|-ability|p1a: Corviknight|Pressure
|move|p2a: Gliscor|Protect||[still]
|-fail|p2a: Gliscor
|
|-status|p2a: Gliscor|tox|[from] item: Toxic Orb
|upkeep
|turn|6
|
|t:|1779649113
|switch|p2a: Slowbro|Slowbro, M|100/100
|move|p1a: Corviknight|Roost|p1a: Corviknight
|-heal|p1a: Corviknight|84/100
|-singleturn|p1a: Corviknight|move: Roost
|
|upkeep
|turn|7
|
|t:|1779649120
|move|p1a: Corviknight|Defog|p2a: Slowbro
|-unboost|p2a: Slowbro|evasion|1
|-sideend|p1: trizegard|Stealth Rock|[from] move: Defog|[of] p1a: Corviknight
|move|p2a: Slowbro|Thunder Wave|p1a: Corviknight
|-status|p1a: Corviknight|par
|
|upkeep
|turn|8
|
|t:|1779649127
|move|p2a: Slowbro|Future Sight|p1a: Corviknight
|-start|p2a: Slowbro|move: Future Sight
|move|p1a: Corviknight|U-turn|p2a: Slowbro
|-supereffective|p2a: Slowbro
|-damage|p2a: Slowbro|83/100
|
|t:|1779649130
|switch|p1a: Ogerpon|Ogerpon-Cornerstone, F|100/100|[from] U-turn
|
|upkeep
|turn|9
|
|t:|1779649139
|switch|p2a: Gliscor|Gliscor, M|100/100 tox
|move|p1a: Ogerpon|Encore||[still]
|-fail|p1a: Ogerpon
|
|upkeep
|turn|10
|
|t:|1779649150
|switch|p1a: Corviknight|Corviknight, M|84/100 par
|-ability|p1a: Corviknight|Pressure
|move|p2a: Gliscor|Toxic||[still]
|-fail|p2a: Gliscor
|
|-end|p1a: Corviknight|move: Future Sight
|-resisted|p1a: Corviknight
|-damage|p1a: Corviknight|65/100 par
|upkeep
|turn|11
|
|t:|1779649161
|switch|p2a: Slowbro|Slowbro, M|100/100
|cant|p1a: Corviknight|par
|
|upkeep
|turn|12
|
|t:|1779649168
|move|p2a: Slowbro|Future Sight|p1a: Corviknight
|-start|p2a: Slowbro|move: Future Sight
|move|p1a: Corviknight|U-turn|p2a: Slowbro
|-supereffective|p2a: Slowbro
|-damage|p2a: Slowbro|83/100
|
|t:|1779649170
|switch|p1a: Pecharunt|Pecharunt|21/100|[from] U-turn
|
|upkeep
|turn|13
|
|t:|1779649185
|switch|p2a: Gliscor|Gliscor, M|100/100 tox
|move|p1a: Pecharunt|Recover|p1a: Pecharunt
|-heal|p1a: Pecharunt|71/100
|
|upkeep
|turn|14
|
|t:|1779649200
|switch|p1a: Corviknight|Corviknight, M|65/100 par
|-ability|p1a: Corviknight|Pressure
|move|p2a: Gliscor|Earthquake|p1a: Corviknight
|-immune|p1a: Corviknight
|
|-end|p1a: Corviknight|move: Future Sight
|-resisted|p1a: Corviknight
|-damage|p1a: Corviknight|44/100 par
|upkeep
|turn|15
|
|t:|1779649210
|switch|p2a: Slowbro|Slowbro, M|100/100
|cant|p1a: Corviknight|par
|
|upkeep
|turn|16
|
|t:|1779649222
|move|p2a: Slowbro|Scald|p1a: Corviknight
|-damage|p1a: Corviknight|15/100 par
|move|p1a: Corviknight|Roost|p1a: Corviknight
|-heal|p1a: Corviknight|65/100 par
|-singleturn|p1a: Corviknight|move: Roost
|
|upkeep
|turn|17
|
|t:|1779649230
|move|p2a: Slowbro|Scald|p1a: Corviknight
|-damage|p1a: Corviknight|38/100 par
|move|p1a: Corviknight|Roost|p1a: Corviknight
|-heal|p1a: Corviknight|88/100 par
|-singleturn|p1a: Corviknight|move: Roost
|
|upkeep
|turn|18
|
|t:|1779649238
|move|p2a: Slowbro|Future Sight|p1a: Corviknight
|-start|p2a: Slowbro|move: Future Sight
|move|p1a: Corviknight|U-turn|p2a: Slowbro
|-supereffective|p2a: Slowbro
|-damage|p2a: Slowbro|85/100
|
|t:|1779649249
|switch|p1a: Ogerpon|Ogerpon-Cornerstone, F|100/100|[from] U-turn
|
|upkeep
|turn|19
|
|t:|1779649255
|move|p1a: Ogerpon|Horn Leech|p2a: Slowbro
|-supereffective|p2a: Slowbro
|-damage|p2a: Slowbro|32/100
|move|p2a: Slowbro|Thunder Wave|p1a: Ogerpon
|-status|p1a: Ogerpon|par
|
|upkeep
|turn|20
|
|t:|1779649276
|switch|p2a: Dragonite|Dragonite, M|100/100
|move|p1a: Ogerpon|Ivy Cudgel|p2a: Dragonite|[anim] Ivy Cudgel Rock
|-supereffective|p2a: Dragonite
|-crit|p2a: Dragonite
|-damage|p2a: Dragonite|14/100
|
|-end|p1a: Ogerpon|move: Future Sight
|-damage|p1a: Ogerpon|51/100 par
|upkeep
|turn|21
|
|t:|1779649286
|move|p2a: Dragonite|Ice Spinner|p1a: Ogerpon
|-supereffective|p1a: Ogerpon
|-damage|p1a: Ogerpon|0 fnt
|faint|p1a: Ogerpon
|
|upkeep
|
|t:|1779649290
|switch|p1a: Iron Valiant|Iron Valiant|100/100
|-enditem|p1a: Iron Valiant|Booster Energy
|-activate|p1a: Iron Valiant|ability: Quark Drive|[fromitem]
|-start|p1a: Iron Valiant|quarkdrivespe
|turn|22
|
|t:|1779649302
|-terastallize|p2a: Dragonite|Normal
|move|p2a: Dragonite|Extreme Speed|p1a: Iron Valiant
|-damage|p1a: Iron Valiant|43/100
|move|p1a: Iron Valiant|Moonblast|p2a: Dragonite
|-damage|p2a: Dragonite|0 fnt
|faint|p2a: Dragonite
|
|upkeep
|
|t:|1779649312
|switch|p2a: Primarina|Primarina, F|100/100
|turn|23
|
|t:|1779649316
|-end|p1a: Iron Valiant|Quark Drive|[silent]
|switch|p1a: Pecharunt|Pecharunt|71/100
|move|p2a: Primarina|Moonblast|p1a: Pecharunt
|-resisted|p1a: Pecharunt
|-damage|p1a: Pecharunt|45/100
|
|upkeep
|turn|24
|
|t:|1779649331
|switch|p1a: Alomomola|Alomomola, M|100/100
|move|p2a: Primarina|Psychic Noise|p1a: Alomomola
|-damage|p1a: Alomomola|87/100
|-start|p1a: Alomomola|move: Heal Block
|
|upkeep
|turn|25
|
|t:|1779649342
|switch|p2a: Slowbro|Slowbro, M|66/100
|move|p1a: Alomomola|Flip Turn|p2a: Slowbro
|-resisted|p2a: Slowbro
|-crit|p2a: Slowbro
|-damage|p2a: Slowbro|59/100
|
|t:|1779649346
|switch|p1a: Pecharunt|Pecharunt|45/100|[from] Flip Turn
|
|upkeep
|turn|26
|
|t:|1779649354
|move|p1a: Pecharunt|Shadow Ball|p2a: Slowbro
|-supereffective|p2a: Slowbro
|-damage|p2a: Slowbro|6/100
|move|p2a: Slowbro|Scald|p1a: Pecharunt
|-damage|p1a: Pecharunt|17/100
|
|upkeep
|turn|27
|
|t:|1779649364
|switch|p2a: Gliscor|Gliscor, M|100/100 tox
|move|p1a: Pecharunt|Recover|p1a: Pecharunt
|-heal|p1a: Pecharunt|67/100
|
|upkeep
|turn|28
|
|t:|1779649376
|switch|p2a: Slowbro|Slowbro, M|39/100
|switch|p1a: Corviknight|Corviknight, M|88/100 par
|-ability|p1a: Corviknight|Pressure
|
|upkeep
|turn|29
|
|t:|1779649384
|move|p2a: Slowbro|Slack Off|p2a: Slowbro
|-heal|p2a: Slowbro|89/100
|move|p1a: Corviknight|U-turn|p2a: Slowbro
|-supereffective|p2a: Slowbro
|-damage|p2a: Slowbro|73/100
|
|t:|1779649387
|switch|p1a: Iron Valiant|Iron Valiant|43/100|[from] U-turn
|
|upkeep
|turn|30
|
|t:|1779649394
|move|p1a: Iron Valiant|Encore|p2a: Slowbro
|-start|p2a: Slowbro|Encore
|move|p2a: Slowbro|Slack Off|p2a: Slowbro
|-heal|p2a: Slowbro|100/100
|
|upkeep
|turn|31
|
|t:|1779649405
|switch|p2a: Primarina|Primarina, F|100/100
|move|p1a: Iron Valiant|Moonblast|p2a: Primarina
|-crit|p2a: Primarina
|-damage|p2a: Primarina|65/100
|-unboost|p2a: Primarina|spa|1
|
|upkeep
|turn|32
|
|t:|1779649423
|-end|p1a: Iron Valiant|Quark Drive|[silent]
|switch|p1a: Alomomola|Alomomola, M|100/100
|move|p2a: Primarina|Surf|p1a: Alomomola
|-resisted|p1a: Alomomola
|-damage|p1a: Alomomola|93/100
|
|upkeep
|turn|33
|
|t:|1779649431
|switch|p2a: Slowbro|Slowbro, M|100/100
|move|p1a: Alomomola|Flip Turn|p2a: Slowbro
|-resisted|p2a: Slowbro
|-crit|p2a: Slowbro
|-damage|p2a: Slowbro|93/100
|
|t:|1779649435
|switch|p1a: Pecharunt|Pecharunt|67/100|[from] Flip Turn
|
|upkeep
|turn|34
|
|t:|1779649440
|move|p1a: Pecharunt|Shadow Ball|p2a: Slowbro
|-supereffective|p2a: Slowbro
|-damage|p2a: Slowbro|39/100
|move|p2a: Slowbro|Thunder Wave|p1a: Pecharunt
|-status|p1a: Pecharunt|par
|
|upkeep
|turn|35
|
|t:|1779649453
|switch|p2a: Gliscor|Gliscor, M|100/100 tox
|move|p1a: Pecharunt|Shadow Ball|p2a: Gliscor
|-damage|p2a: Gliscor|69/100 tox
|
|-heal|p2a: Gliscor|81/100 tox|[from] ability: Poison Heal
|upkeep
|turn|36
|
|t:|1779649467
|switch|p2a: Slowbro|Slowbro, M|72/100
|cant|p1a: Pecharunt|par
|
|upkeep
|turn|37
|
|t:|1779649473
|move|p1a: Pecharunt|Parting Shot|p2a: Slowbro
|-unboost|p2a: Slowbro|atk|1
|-unboost|p2a: Slowbro|spa|1
|
|t:|1779649478
|switch|p1a: Corviknight|Corviknight, M|88/100 par|[from] Parting Shot
|-ability|p1a: Corviknight|Pressure
|move|p2a: Slowbro|Future Sight|p1a: Corviknight
|-start|p2a: Slowbro|move: Future Sight
|
|upkeep
|turn|38
|
|t:|1779649495
|switch|p2a: Gholdengo|Gholdengo|100/100
|-item|p2a: Gholdengo|Air Balloon
|move|p1a: Corviknight|U-turn|p2a: Gholdengo
|-resisted|p2a: Gholdengo
|-damage|p2a: Gholdengo|97/100
|-enditem|p2a: Gholdengo|Air Balloon
|l|☆trizegard
|inactive|trizegard disconnected and has a minute to reconnect!
|player|p1|
|j|☆trizegard
|inactive|trizegard reconnected and has 140 seconds left.
|player|p1|trizegard|266|
|
|t:|1779649510
|switch|p1a: Moltres|Moltres|100/100|[from] U-turn
|
|upkeep
|turn|39
|
|t:|1779649524
|switch|p2a: Gliscor|Gliscor, M|81/100 tox
|move|p1a: Moltres|U-turn|p2a: Gliscor
|-resisted|p2a: Gliscor
|-damage|p2a: Gliscor|76/100 tox
|
|t:|1779649528
|switch|p1a: Corviknight|Corviknight, M|88/100 par|[from] U-turn
|-ability|p1a: Corviknight|Pressure
|
|-end|p1a: Corviknight|move: Future Sight
|-resisted|p1a: Corviknight
|-damage|p1a: Corviknight|67/100 par
|-heal|p2a: Gliscor|89/100 tox|[from] ability: Poison Heal
|upkeep
|turn|40
|
|t:|1779649542
|switch|p2a: Slowbro|Slowbro, M|100/100
|move|p1a: Corviknight|U-turn|p2a: Slowbro
|-supereffective|p2a: Slowbro
|-damage|p2a: Slowbro|83/100
|
|t:|1779649545
|switch|p1a: Pecharunt|Pecharunt|67/100 par|[from] U-turn
|
|upkeep
|turn|41
|
|t:|1779649551
|move|p1a: Pecharunt|Shadow Ball|p2a: Slowbro
|-supereffective|p2a: Slowbro
|-damage|p2a: Slowbro|27/100
|-unboost|p2a: Slowbro|spd|1
|move|p2a: Slowbro|Future Sight|p1a: Pecharunt
|-start|p2a: Slowbro|move: Future Sight
|
|upkeep
|turn|42
|
|t:|1779649563
|switch|p2a: Gliscor|Gliscor, M|89/100 tox
|move|p1a: Pecharunt|Shadow Ball|p2a: Gliscor
|-damage|p2a: Gliscor|57/100 tox
|-unboost|p2a: Gliscor|spd|1
|
|-heal|p2a: Gliscor|70/100 tox|[from] ability: Poison Heal
|upkeep
|turn|43
|
|t:|1779649574
|switch|p1a: Corviknight|Corviknight, M|67/100 par
|-ability|p1a: Corviknight|Pressure
|move|p2a: Gliscor|Earthquake|p1a: Corviknight
|-immune|p1a: Corviknight
|
|-end|p1a: Corviknight|move: Future Sight
|-resisted|p1a: Corviknight
|-damage|p1a: Corviknight|47/100 par
|-heal|p2a: Gliscor|82/100 tox|[from] ability: Poison Heal
|upkeep
|turn|44
|
|t:|1779649587
|switch|p2a: Primarina|Primarina, F|65/100
|move|p1a: Corviknight|U-turn|p2a: Primarina
|-resisted|p2a: Primarina
|-damage|p2a: Primarina|56/100
|
|t:|1779649590
|switch|p1a: Alomomola|Alomomola, M|100/100|[from] U-turn
|
|upkeep
|turn|45
|
|t:|1779649598
|move|p2a: Primarina|Moonblast|p1a: Alomomola
|-damage|p1a: Alomomola|75/100
|move|p1a: Alomomola|Flip Turn|p2a: Primarina
|-resisted|p2a: Primarina
|-damage|p2a: Primarina|47/100
|
|t:|1779649604
|switch|p1a: Pecharunt|Pecharunt|67/100 par|[from] Flip Turn
|
|upkeep
|turn|46
|
|t:|1779649611
|switch|p1a: Alomomola|Alomomola, M|100/100
|move|p2a: Primarina|Psychic Noise|p1a: Alomomola
|-damage|p1a: Alomomola|88/100
|-start|p1a: Alomomola|move: Heal Block
|
|upkeep
|turn|47
|
|t:|1779649619
|move|p2a: Primarina|Moonblast|p1a: Alomomola
|-damage|p1a: Alomomola|61/100
|move|p1a: Alomomola|Mirror Coat|p2a: Primarina
|-damage|p2a: Primarina|0 fnt
|faint|p2a: Primarina
|
|-end|p1a: Alomomola|move: Heal Block
|upkeep
|
|t:|1779649630
|switch|p2a: Gholdengo|Gholdengo|97/100
|turn|48
|-message|Revelation3 forfeited.
|
|win|trizegard
|raw|trizegard's rating: 1328 &rarr; <strong>1347</strong><br />(+19 for winning)
|raw|Revelation3's rating: 1311 &rarr; <strong>1292</strong><br />(-19 for losing)
|l|☆Revelation3
|player|p2|
|l|☆trizegard
|player|p1|
|j|☆trizegard
|player|p1|trizegard|266|
