|j|☆excivemaster
|j|☆swalex123
|t:|1779589794
|gametype|singles
|player|p1|excivemaster|170|1089
|player|p2|swalex123|chili|1129
|gen|9
|tier|[Gen 9] OU
|rated|
|rule|HP Percentage Mod: HP is shown in percentages
|rule|Endless Battle Clause: Forcing endless battles is banned
|rule|Species Clause: Limit one of each Pokémon
|rule|OHKO Clause: OHKO moves are banned
|rule|Evasion Items Clause: Evasion items are banned
|rule|Evasion Moves Clause: Evasion moves are banned
|rule|Evasion Abilities Clause: Evasion abilities are banned
|rule|Sleep Moves Clause: Sleep-inducing moves are banned
|clearpoke
|poke|p1|Clodsire, M|
|poke|p1|Cinderace, F|
|poke|p1|Glimmora, M|
|poke|p1|Quagsire, F|
|poke|p1|Smeargle, F|
|poke|p1|Tsareena, F|
|poke|p2|Garganacl, M|
|poke|p2|Great Tusk|
|poke|p2|Iron Moth|
|poke|p2|Ogerpon-Wellspring, F|
|poke|p2|Zapdos|
|poke|p2|Hatterene, F|
|teampreview
|
|t:|1779589820
|teamsize|p1|6
|teamsize|p2|6
|start
|switch|p1a: Glimmora|Glimmora, M|100/100
|switch|p2a: Hatterene|Hatterene, F, shiny|100/100
|turn|1
|
|t:|1779589826
|move|p1a: Glimmora|Sludge Wave|p2a: Hatterene
|-supereffective|p2a: Hatterene
|-damage|p2a: Hatterene|3/100
|move|p2a: Hatterene|Psychic|p1a: Glimmora
|-supereffective|p1a: Glimmora
|-crit|p1a: Glimmora
|-enditem|p1a: Glimmora|Focus Sash
|-damage|p1a: Glimmora|1/100
|
|-heal|p2a: Hatterene|9/100|[from] item: Leftovers
|upkeep
|turn|2
|
|t:|1779589853
|move|p1a: Glimmora|Sludge Wave|p2a: Hatterene
|-supereffective|p2a: Hatterene
|-damage|p2a: Hatterene|0 fnt
|faint|p2a: Hatterene
|
|upkeep
|
|t:|1779589868
|switch|p2a: Ogerpon|Ogerpon-Wellspring, F|100/100
|turn|3
|
|t:|1779589879
|move|p2a: Ogerpon|Horn Leech|p1a: Glimmora
|-damage|p1a: Glimmora|0 fnt
|-activate|p1a: Glimmora|ability: Toxic Debris
|-sidestart|p2: swalex123|move: Toxic Spikes
|faint|p1a: Glimmora
|
|upkeep
|
|t:|1779589891
|switch|p1a: Clodsire|Clodsire, M|100/100
|turn|4
|
|t:|1779589902
|switch|p2a: Iron Moth|Iron Moth|100/100
|-sideend|p2: swalex123|move: Toxic Spikes|[of] p2a: Iron Moth
|-enditem|p2a: Iron Moth|Booster Energy
|-activate|p2a: Iron Moth|ability: Quark Drive|[fromitem]
|-start|p2a: Iron Moth|quarkdrivespe
|move|p1a: Clodsire|Earthquake|p2a: Iron Moth
|-supereffective|p2a: Iron Moth
|-damage|p2a: Iron Moth|0 fnt
|faint|p2a: Iron Moth
|-end|p2a: Iron Moth|Quark Drive|[silent]
|
|upkeep
|
|t:|1779589914
|switch|p2a: Ogerpon|Ogerpon-Wellspring, F|100/100
|turn|5
|
|t:|1779589919
|switch|p1a: Tsareena|Tsareena, F|100/100
|move|p2a: Ogerpon|Swords Dance|p2a: Ogerpon
|-boost|p2a: Ogerpon|atk|2
|
|upkeep
|turn|6
|
|t:|1779589926
|move|p2a: Ogerpon|Play Rough|p1a: Tsareena
|-damage|p1a: Tsareena|11/100
|move|p1a: Tsareena|Knock Off|p2a: Ogerpon
|-damage|p2a: Ogerpon|71/100
|
|upkeep
|turn|7
|
|t:|1779589933
|move|p2a: Ogerpon|Play Rough|p1a: Tsareena
|-damage|p1a: Tsareena|0 fnt
|faint|p1a: Tsareena
|
|upkeep
|
|t:|1779589937
|switch|p1a: Smeargle|Smeargle, F|100/100
|turn|8
|
|t:|1779589942
|move|p1a: Smeargle|Burning Bulwark|p1a: Smeargle
|-singleturn|p1a: Smeargle|move: Protect
|move|p2a: Ogerpon|Horn Leech|p1a: Smeargle
|-activate|p1a: Smeargle|move: Protect
|-status|p2a: Ogerpon|brn
|
|-damage|p2a: Ogerpon|65/100 brn|[from] brn
|upkeep
|turn|9
|
|t:|1779589950
|move|p2a: Ogerpon|Horn Leech|p1a: Smeargle
|-enditem|p1a: Smeargle|Focus Sash
|-damage|p1a: Smeargle|1/100
|-heal|p2a: Ogerpon|100/100 brn|[from] drain|[of] p1a: Smeargle
|move|p1a: Smeargle|Stealth Rock|p2a: Ogerpon
|-sidestart|p2: swalex123|move: Stealth Rock
|
|-damage|p2a: Ogerpon|95/100 brn|[from] brn
|upkeep
|turn|10
|
|t:|1779589960
|move|p2a: Ogerpon|Horn Leech|p1a: Smeargle
|-damage|p1a: Smeargle|0 fnt
|-heal|p2a: Ogerpon|95/100 brn|[from] drain|[of] p1a: Smeargle
|faint|p1a: Smeargle
|
|-damage|p2a: Ogerpon|89/100 brn|[from] brn
|upkeep
|
|t:|1779589964
|switch|p1a: Quagsire|Quagsire, F|100/100
|turn|11
|
|t:|1779589968
|-terastallize|p1a: Quagsire|Grass
|move|p2a: Ogerpon|Horn Leech|p1a: Quagsire
|-resisted|p1a: Quagsire
|-crit|p1a: Quagsire
|-damage|p1a: Quagsire|86/100
|-heal|p2a: Ogerpon|97/100 brn|[from] drain|[of] p1a: Quagsire
|move|p1a: Quagsire|Spikes|p2a: Ogerpon
|-sidestart|p2: swalex123|Spikes
|
|-damage|p2a: Ogerpon|91/100 brn|[from] brn
|upkeep
|turn|12
|
|t:|1779589981
|move|p2a: Ogerpon|Swords Dance|p2a: Ogerpon
|-boost|p2a: Ogerpon|atk|2
|move|p1a: Quagsire|Toxic||[still]
|-fail|p1a: Quagsire
|
|-damage|p2a: Ogerpon|85/100 brn|[from] brn
|upkeep
|turn|13
|
|t:|1779589987
|move|p2a: Ogerpon|Play Rough|p1a: Quagsire
|-damage|p1a: Quagsire|69/100
|move|p1a: Quagsire|Spikes|p2a: Ogerpon
|-sidestart|p2: swalex123|Spikes
|
|-damage|p2a: Ogerpon|79/100 brn|[from] brn
|upkeep
|turn|14
|
|t:|1779590001
|move|p2a: Ogerpon|Play Rough|p1a: Quagsire
|-damage|p1a: Quagsire|52/100
|move|p1a: Quagsire|Toxic||[still]
|-fail|p1a: Quagsire
|
|-damage|p2a: Ogerpon|73/100 brn|[from] brn
|upkeep
|turn|15
|
|t:|1779590014
|move|p2a: Ogerpon|Play Rough|p1a: Quagsire
|-damage|p1a: Quagsire|35/100
|move|p1a: Quagsire|Spikes|p2a: Ogerpon
|-sidestart|p2: swalex123|Spikes
|
|-damage|p2a: Ogerpon|67/100 brn|[from] brn
|upkeep
|turn|16
|
|t:|1779590021
|move|p2a: Ogerpon|Play Rough|p1a: Quagsire
|-damage|p1a: Quagsire|19/100
|move|p1a: Quagsire|Stockpile|p1a: Quagsire
|-start|p1a: Quagsire|stockpile1
|-boost|p1a: Quagsire|def|1
|-boost|p1a: Quagsire|spd|1
|
|-damage|p2a: Ogerpon|61/100 brn|[from] brn
|upkeep
|turn|17
|
|t:|1779590029
|move|p2a: Ogerpon|Play Rough|p1a: Quagsire
|-damage|p1a: Quagsire|9/100
|move|p1a: Quagsire|Stockpile|p1a: Quagsire
|-start|p1a: Quagsire|stockpile2
|-boost|p1a: Quagsire|def|1
|-boost|p1a: Quagsire|spd|1
|
|-damage|p2a: Ogerpon|55/100 brn|[from] brn
|upkeep
|turn|18
|
|t:|1779590038
|move|p2a: Ogerpon|Play Rough|p1a: Quagsire
|-damage|p1a: Quagsire|0 fnt
|faint|p1a: Quagsire
|
|-damage|p2a: Ogerpon|49/100 brn|[from] brn
|upkeep
|
|t:|1779590042
|switch|p1a: Cinderace|Cinderace, F|100/100
|turn|19
|
|t:|1779590048
|move|p1a: Cinderace|Pyro Ball|p2a: Ogerpon
|-damage|p2a: Ogerpon|0 fnt
|faint|p2a: Ogerpon
|
|upkeep
|
|t:|1779590059
|switch|p2a: Great Tusk|Great Tusk, shiny|100/100
|-damage|p2a: Great Tusk|98/100|[from] Stealth Rock
|-damage|p2a: Great Tusk|73/100|[from] Spikes
|-enditem|p2a: Great Tusk|Booster Energy
|-activate|p2a: Great Tusk|ability: Protosynthesis|[fromitem]
|-start|p2a: Great Tusk|protosynthesisspe
|turn|20
|
|t:|1779590070
|move|p2a: Great Tusk|Rapid Spin|p1a: Cinderace
|-damage|p1a: Cinderace|78/100
|-boost|p2a: Great Tusk|spe|1
|-sideend|p2: swalex123|Spikes|[from] move: Rapid Spin|[of] p2a: Great Tusk
|-sideend|p2: swalex123|Stealth Rock|[from] move: Rapid Spin|[of] p2a: Great Tusk
|move|p1a: Cinderace|Will-O-Wisp|p2a: Great Tusk|[miss]
|-miss|p1a: Cinderace|p2a: Great Tusk
|
|upkeep
|turn|21
|-message|excivemaster forfeited.
|
|win|swalex123
|raw|excivemaster's rating: 1089 &rarr; <strong>1068</strong><br />(-21 for losing)
|raw|swalex123's rating: 1129 &rarr; <strong>1151</strong><br />(+22 for winning)
|l|☆excivemaster
|player|p1|
