|j|☆skarmory_oshiku
|j|☆TWENNY7
|t:|1779649818
|gametype|singles
|player|p1|skarmory_oshiku|lucas|1390
|player|p2|TWENNY7|hau-stance|1410
|gen|9
|tier|[Gen 9] OU
|rated|
|rule|HP Percentage Mod: HP is shown in percentages
|rule|Endless Battle Clause: Forcing endless battles is banned
|rule|Species Clause: Limit one of each Pokémon
|rule|OHKO Clause: OHKO moves are banned
|rule|Evasion Items Clause: Evasion items are banned
|rule|Evasion Moves Clause: Evasion moves are banned
|rule|Evasion Abilities Clause: Evasion abilities are banned
|rule|Sleep Moves Clause: Sleep-inducing moves are banned
|clearpoke
|poke|p1|Araquanid, F|
|poke|p1|Garchomp, M|
|poke|p1|Quaquaval, F|
|poke|p1|Pecharunt|
|poke|p1|Latios, M|
|poke|p1|Skeledirge, F|
|poke|p2|Iron Valiant|
|poke|p2|Tyranitar, F|
|poke|p2|Zapdos|
|poke|p2|Darkrai|
|poke|p2|Okidogi, M|
|poke|p2|Tornadus-Therian, M|
|teampreview
|inactive|Battle timer is ON: inactive players will automatically lose when time's up. (requested by TWENNY7)
|
|t:|1779649825
|teamsize|p1|6
|teamsize|p2|6
|start
|switch|p1a: Araquanid|Araquanid, F|100/100
|switch|p2a: SPIN A ROO|Tornadus-Therian, M|100/100
|turn|1
|
|t:|1779649829
|move|p1a: Araquanid|Endure|p1a: Araquanid
|-singleturn|p1a: Araquanid|move: Endure
|move|p2a: SPIN A ROO|Bleakwind Storm|p1a: Araquanid
|-supereffective|p1a: Araquanid
|-damage|p1a: Araquanid|12/100
|-damage|p2a: SPIN A ROO|91/100|[from] item: Life Orb
|
|upkeep
|turn|2
|-enditem|p1a: Araquanid|Custap Berry|[eat]
|-activate|p1a: Araquanid|item: Custap Berry|[consumed]
|
|t:|1779649833
|move|p1a: Araquanid|Sticky Web|p2a: SPIN A ROO
|-sidestart|p2: TWENNY7|move: Sticky Web
|move|p2a: SPIN A ROO|Psychic|p1a: Araquanid
|-damage|p1a: Araquanid|0 fnt
|faint|p1a: Araquanid
|-damage|p2a: SPIN A ROO|81/100|[from] item: Life Orb
|
|upkeep
|
|t:|1779649842
|switch|p1a: Garchomp|Garchomp, M|100/100
|turn|3
|
|t:|1779649852
|move|p2a: SPIN A ROO|Bleakwind Storm|p1a: Garchomp
|-damage|p1a: Garchomp|34/100
|-damage|p2a: SPIN A ROO|71/100|[from] item: Life Orb
|move|p1a: Garchomp|Scale Shot|p2a: SPIN A ROO
|-damage|p2a: SPIN A ROO|54/100
|-damage|p2a: SPIN A ROO|37/100
|-damage|p2a: SPIN A ROO|19/100
|-damage|p2a: SPIN A ROO|2/100
|-hitcount|p2a: SPIN A ROO|4
|-unboost|p1a: Garchomp|def|1
|-boost|p1a: Garchomp|spe|1
|
|upkeep
|turn|4
|
|t:|1779649859
|switch|p2a: CODE:red|Tyranitar, F, shiny|100/100
|-activate|p2a: CODE:red|move: Sticky Web
|-unboost|p2a: CODE:red|spe|1
|-weather|Sandstorm|[from] ability: Sand Stream|[of] p2a: CODE:red
|move|p1a: Garchomp|Scale Shot|p2a: CODE:red
|-damage|p2a: CODE:red|91/100
|-damage|p2a: CODE:red|81/100
|-damage|p2a: CODE:red|70/100
|-damage|p2a: CODE:red|60/100
|-hitcount|p2a: CODE:red|4
|-enditem|p2a: CODE:red|Red Card|[of] p1a: Garchomp
|-unboost|p1a: Garchomp|def|1
|-boost|p1a: Garchomp|spe|1
|drag|p1a: Pecharunt|Pecharunt|100/100
|-item|p1a: Pecharunt|Air Balloon
|
|-weather|Sandstorm|[upkeep]
|-damage|p1a: Pecharunt|94/100|[from] Sandstorm
|upkeep
|turn|5
|
|t:|1779649872
|move|p1a: Pecharunt|Malignant Chain|p2a: CODE:red
|-resisted|p2a: CODE:red
|-damage|p2a: CODE:red|51/100
|move|p2a: CODE:red|Stealth Rock|p1a: Pecharunt
|-sidestart|p1: skarmory_oshiku|move: Stealth Rock
|
|-weather|Sandstorm|[upkeep]
|-damage|p1a: Pecharunt|88/100|[from] Sandstorm
|upkeep
|turn|6
|
|t:|1779649878
|move|p1a: Pecharunt|Malignant Chain|p2a: CODE:red
|-resisted|p2a: CODE:red
|-damage|p2a: CODE:red|42/100
|-status|p2a: CODE:red|tox
|-start|p2a: CODE:red|confusion|[from] ability: Poison Puppeteer|[of] p1a: Pecharunt
|-activate|p2a: CODE:red|confusion
|move|p2a: CODE:red|Knock Off|p1a: Pecharunt
|-supereffective|p1a: Pecharunt
|-damage|p1a: Pecharunt|38/100
|-enditem|p1a: Pecharunt|Air Balloon
|
|-weather|Sandstorm|[upkeep]
|-damage|p1a: Pecharunt|32/100|[from] Sandstorm
|-damage|p2a: CODE:red|36/100 tox|[from] psn
|upkeep
|turn|7
|
|t:|1779649889
|switch|p2a: SPIN A ROO|Tornadus-Therian, M|35/100
|move|p1a: Pecharunt|Recover|p1a: Pecharunt
|-heal|p1a: Pecharunt|82/100
|
|-weather|Sandstorm|[upkeep]
|-damage|p2a: SPIN A ROO|29/100|[from] Sandstorm
|-damage|p1a: Pecharunt|76/100|[from] Sandstorm
|upkeep
|turn|8
|
|t:|1779649895
|move|p2a: SPIN A ROO|Psychic|p1a: Pecharunt
|-supereffective|p1a: Pecharunt
|-damage|p1a: Pecharunt|0 fnt
|faint|p1a: Pecharunt
|-damage|p2a: SPIN A ROO|19/100|[from] item: Life Orb
|
|-weather|none
|upkeep
|
|t:|1779649902
|switch|p1a: Latios|Latios, M|100/100
|-damage|p1a: Latios|88/100|[from] Stealth Rock
|turn|9
|
|t:|1779649907
|switch|p2a: CODE:red|Tyranitar, F, shiny|36/100 tox
|-activate|p2a: CODE:red|move: Sticky Web
|-unboost|p2a: CODE:red|spe|1
|-weather|Sandstorm|[from] ability: Sand Stream|[of] p2a: CODE:red
|move|p1a: Latios|Ice Beam|p2a: CODE:red
|-damage|p2a: CODE:red|19/100 tox
|-damage|p1a: Latios|78/100|[from] item: Life Orb
|
|-weather|Sandstorm|[upkeep]
|-damage|p1a: Latios|72/100|[from] Sandstorm
|-damage|p2a: CODE:red|12/100 tox|[from] psn
|upkeep
|turn|10
|
|t:|1779649921
|move|p1a: Latios|Ice Beam|p2a: CODE:red
|-damage|p2a: CODE:red|0 fnt
|faint|p2a: CODE:red
|-damage|p1a: Latios|62/100|[from] item: Life Orb
|
|-weather|Sandstorm|[upkeep]
|-damage|p1a: Latios|56/100|[from] Sandstorm
|upkeep
|
|t:|1779649930
|switch|p2a: Zzz|Darkrai|100/100
|-activate|p2a: Zzz|move: Sticky Web
|-unboost|p2a: Zzz|spe|1
|turn|11
|
|t:|1779649936
|-terastallize|p1a: Latios|Dragon
|move|p2a: Zzz|Dark Pulse|p1a: Latios
|-damage|p1a: Latios|8/100
|move|p1a: Latios|Draco Meteor|p2a: Zzz
|-damage|p2a: Zzz|0 fnt
|-unboost|p1a: Latios|spa|2
|faint|p2a: Zzz
|-damage|p1a: Latios|0 fnt|[from] item: Life Orb
|faint|p1a: Latios
|
|-weather|Sandstorm|[upkeep]
|upkeep
|
|t:|1779649946
|switch|p2a: SPIN A ROO|Tornadus-Therian, M|52/100
|switch|p1a: Skeledirge|Skeledirge, F|100/100
|-damage|p1a: Skeledirge|75/100|[from] Stealth Rock
|turn|12
|
|t:|1779649950
|move|p2a: SPIN A ROO|Bleakwind Storm|p1a: Skeledirge
|-damage|p1a: Skeledirge|8/100
|-unboost|p1a: Skeledirge|spe|1
|-damage|p2a: SPIN A ROO|43/100|[from] item: Life Orb
|move|p1a: Skeledirge|Slack Off|p1a: Skeledirge
|-heal|p1a: Skeledirge|58/100
|
|-weather|Sandstorm|[upkeep]
|-damage|p2a: SPIN A ROO|37/100|[from] Sandstorm
|-damage|p1a: Skeledirge|52/100|[from] Sandstorm
|-heal|p1a: Skeledirge|58/100|[from] item: Leftovers
|upkeep
|turn|13
|
|t:|1779649954
|move|p2a: SPIN A ROO|Bleakwind Storm|p1a: Skeledirge
|-damage|p1a: Skeledirge|0 fnt
|faint|p1a: Skeledirge
|-damage|p2a: SPIN A ROO|27/100|[from] item: Life Orb
|
|-weather|none
|upkeep
|
|t:|1779649958
|switch|p1a: Quaquaval|Quaquaval, F|100/100
|-damage|p1a: Quaquaval|94/100|[from] Stealth Rock
|turn|14
|
|t:|1779649966
|switch|p2a: CASPER|Okidogi, M|100/100
|-activate|p2a: CASPER|move: Sticky Web
|-unboost|p2a: CASPER|spe|1
|move|p1a: Quaquaval|Aqua Step|p2a: CASPER
|-crit|p2a: CASPER
|-damage|p2a: CASPER|47/100
|-boost|p1a: Quaquaval|spe|1
|
|-heal|p2a: CASPER|53/100|[from] item: Leftovers
|upkeep
|turn|15
|
|t:|1779649970
|-terastallize|p2a: CASPER|Water
|move|p1a: Quaquaval|Swords Dance|p1a: Quaquaval
|-boost|p1a: Quaquaval|atk|2
|move|p2a: CASPER|Bulk Up|p2a: CASPER
|-boost|p2a: CASPER|atk|1
|-boost|p2a: CASPER|def|1
|
|-heal|p2a: CASPER|59/100|[from] item: Leftovers
|upkeep
|turn|16
|
|t:|1779649974
|move|p1a: Quaquaval|Close Combat|p2a: CASPER
|-damage|p2a: CASPER|0 fnt
|-unboost|p1a: Quaquaval|def|1
|-unboost|p1a: Quaquaval|spd|1
|faint|p2a: CASPER
|-ability|p1a: Quaquaval|Moxie|boost
|-boost|p1a: Quaquaval|atk|1
|
|upkeep
|
|t:|1779649985
|switch|p2a: SPIN A ROO|Tornadus-Therian, M|60/100
|turn|17
|
|t:|1779649997
|switch|p2a: SHOXY|Zapdos|100/100
|move|p1a: Quaquaval|Aqua Step|p2a: SHOXY
|-damage|p2a: SHOXY|0 fnt
|-boost|p1a: Quaquaval|spe|1
|faint|p2a: SHOXY
|-ability|p1a: Quaquaval|Moxie|boost
|-boost|p1a: Quaquaval|atk|1
|
|upkeep
|
|t:|1779650008
|switch|p2a: SPIN A ROO|Tornadus-Therian, M|93/100
|turn|18
|
|t:|1779650011
|move|p1a: Quaquaval|Aqua Step|p2a: SPIN A ROO
|-damage|p2a: SPIN A ROO|0 fnt
|-boost|p1a: Quaquaval|spe|1
|faint|p2a: SPIN A ROO
|-ability|p1a: Quaquaval|Moxie|boost
|-boost|p1a: Quaquaval|atk|1
|
|upkeep
|
|t:|1779650013
|switch|p2a: RUNE 2H|Iron Valiant|100/100
|-activate|p2a: RUNE 2H|move: Sticky Web
|-unboost|p2a: RUNE 2H|spe|1
|-enditem|p2a: RUNE 2H|Booster Energy
|-activate|p2a: RUNE 2H|ability: Quark Drive|[fromitem]
|-start|p2a: RUNE 2H|quarkdriveatk
|turn|19
|
|t:|1779650015
|move|p1a: Quaquaval|Aqua Step|p2a: RUNE 2H
|-damage|p2a: RUNE 2H|0 fnt
|-boost|p1a: Quaquaval|spe|1
|faint|p2a: RUNE 2H
|-end|p2a: RUNE 2H|Quark Drive|[silent]
|
|win|skarmory_oshiku
|raw|skarmory_oshiku's rating: 1390 &rarr; <strong>1411</strong><br />(+21 for winning)
|raw|TWENNY7's rating: 1410 &rarr; <strong>1389</strong><br />(-21 for losing)
|l|☆TWENNY7
|player|p2|
