|j|☆Timbred
|j|☆Nadeko Snke
|t:|1779711111
|gametype|singles
|player|p1|Timbred|byron|1163
|player|p2|Nadeko Snke|101|1197
|gen|9
|tier|[Gen 9] OU
|rated|
|rule|HP Percentage Mod: HP is shown in percentages
|rule|Endless Battle Clause: Forcing endless battles is banned
|rule|Species Clause: Limit one of each Pokémon
|rule|OHKO Clause: OHKO moves are banned
|rule|Evasion Items Clause: Evasion items are banned
|rule|Evasion Moves Clause: Evasion moves are banned
|rule|Evasion Abilities Clause: Evasion abilities are banned
|rule|Sleep Moves Clause: Sleep-inducing moves are banned
|clearpoke
|poke|p1|Ninetales-Alola, M|
|poke|p1|Weezing-Galar, F|
|poke|p1|Clodsire, M|
|poke|p1|Jirachi|
|poke|p1|Grafaiai, F|
|poke|p1|Ursaluna, F|
|poke|p2|Samurott-Hisui, F|
|poke|p2|Kleavor, M|
|poke|p2|Heatran, M|
|poke|p2|Serperior, M|
|poke|p2|Dragonite, M|
|poke|p2|Great Tusk|
|teampreview
|
|t:|1779711115
|teamsize|p1|6
|teamsize|p2|6
|start
|switch|p1a: selling tail $4|Grafaiai, F|100/100
|switch|p2a: Kleavor|Kleavor, M|100/100
|turn|1
|
|t:|1779711127
|move|p1a: selling tail $4|Switcheroo|p2a: Kleavor
|-activate|p1a: selling tail $4|move: Trick|[of] p2a: Kleavor
|-item|p2a: Kleavor|Choice Scarf|[from] move: Switcheroo
|-item|p1a: selling tail $4|Assault Vest|[from] move: Switcheroo
|move|p2a: Kleavor|Stone Axe|p1a: selling tail $4
|-damage|p1a: selling tail $4|14/100
|-sidestart|p1: Timbred|move: Stealth Rock
|
|upkeep
|turn|2
|
|t:|1779711137
|switch|p1a: kangz rock|Jirachi|100/100
|-damage|p1a: kangz rock|94/100|[from] Stealth Rock
|move|p2a: Kleavor|Stone Axe|p1a: kangz rock
|-resisted|p1a: kangz rock
|-damage|p1a: kangz rock|74/100
|
|upkeep
|turn|3
|
|t:|1779711153
|switch|p2a: Heatran|Heatran, M|100/100
|-item|p2a: Heatran|Air Balloon
|move|p1a: kangz rock|Wish|p1a: kangz rock
|
|upkeep
|turn|4
|
|t:|1779711165
|switch|p1a: skin cancer bear|Ursaluna, F|100/100
|-damage|p1a: skin cancer bear|94/100|[from] Stealth Rock
|move|p2a: Heatran|Flamethrower|p1a: skin cancer bear
|-damage|p1a: skin cancer bear|46/100
|
|-heal|p1a: skin cancer bear|90/100|[from] move: Wish|[wisher] kangz rock
|-status|p1a: skin cancer bear|brn|[from] item: Flame Orb
|upkeep
|turn|5
|
|t:|1779711184
|move|p2a: Heatran|Flamethrower|p1a: skin cancer bear
|-damage|p1a: skin cancer bear|42/100 brn
|move|p1a: skin cancer bear|Facade|p2a: Heatran
|-resisted|p2a: Heatran
|-damage|p2a: Heatran|48/100
|-enditem|p2a: Heatran|Air Balloon
|
|-damage|p1a: skin cancer bear|36/100 brn|[from] brn
|upkeep
|turn|6
|
|t:|1779711198
|switch|p1a: selling tail $4|Grafaiai, F|14/100
|-damage|p1a: selling tail $4|2/100|[from] Stealth Rock
|move|p2a: Heatran|Flamethrower|p1a: selling tail $4
|-damage|p1a: selling tail $4|0 fnt
|faint|p1a: selling tail $4
|
|upkeep
|
|t:|1779711210
|switch|p1a: Inflatable Clod|Clodsire, M|100/100
|-damage|p1a: Inflatable Clod|94/100|[from] Stealth Rock
|turn|7
|
|t:|1779711215
|move|p2a: Heatran|Earth Power|p1a: Inflatable Clod
|-supereffective|p1a: Inflatable Clod
|-damage|p1a: Inflatable Clod|41/100
|move|p1a: Inflatable Clod|Stockpile|p1a: Inflatable Clod
|-start|p1a: Inflatable Clod|stockpile1
|-boost|p1a: Inflatable Clod|def|1
|-boost|p1a: Inflatable Clod|spd|1
|
|upkeep
|turn|8
|
|t:|1779711222
|move|p2a: Heatran|Earth Power|p1a: Inflatable Clod
|-supereffective|p1a: Inflatable Clod
|-damage|p1a: Inflatable Clod|4/100
|move|p1a: Inflatable Clod|Recover|p1a: Inflatable Clod
|-heal|p1a: Inflatable Clod|54/100
|
|upkeep
|turn|9
|-message|Timbred forfeited.
|
|win|Nadeko Snke
|raw|Timbred's rating: 1163 &rarr; <strong>1140</strong><br />(-23 for losing)
|raw|Nadeko Snke's rating: 1197 &rarr; <strong>1220</strong><br />(+23 for winning)
|l|☆Timbred
|player|p1|
|l|☆Nadeko Snke
|player|p2|
