|j|☆Owmehguh
|j|☆Brodie9069
|t:|1779647005
|gametype|singles
|player|p1|Owmehguh|iono|1137
|player|p2|Brodie9069|pokemonbreeder-gen4|1149
|gen|9
|tier|[Gen 9] OU
|rated|
|rule|HP Percentage Mod: HP is shown in percentages
|rule|Endless Battle Clause: Forcing endless battles is banned
|rule|Species Clause: Limit one of each Pokémon
|rule|OHKO Clause: OHKO moves are banned
|rule|Evasion Items Clause: Evasion items are banned
|rule|Evasion Moves Clause: Evasion moves are banned
|rule|Evasion Abilities Clause: Evasion abilities are banned
|rule|Sleep Moves Clause: Sleep-inducing moves are banned
|clearpoke
|poke|p1|Ceruledge, M|
|poke|p1|Grimmsnarl, M|
|poke|p1|Ogerpon-Wellspring, F|
|poke|p1|Raging Bolt|
|poke|p1|Iron Treads|
|poke|p1|Deoxys-Speed|
|poke|p2|Kilowattrel, M|
|poke|p2|Pelipper, F|
|poke|p2|Honchkrow, F|
|poke|p2|Masquerain, M|
|poke|p2|Staraptor, M|
|poke|p2|Skarmory, F|
|teampreview
|inactive|Battle timer is ON: inactive players will automatically lose when time's up. (requested by Brodie9069)
|
|t:|1779647017
|teamsize|p1|6
|teamsize|p2|6
|start
|switch|p1a: Madge|Raging Bolt|100/100
|switch|p2a: Toaletchy|Pelipper, F|100/100
|-weather|RainDance|[from] ability: Drizzle|[of] p2a: Toaletchy
|-enditem|p1a: Madge|Booster Energy
|-activate|p1a: Madge|ability: Protosynthesis|[fromitem]
|-start|p1a: Madge|protosynthesisspa
|turn|1
|
|t:|1779647030
|switch|p2a: Ion-Lithium|Kilowattrel, M|100/100
|-terastallize|p1a: Madge|Flying
|move|p1a: Madge|Dragon Pulse|p2a: Ion-Lithium
|-crit|p2a: Ion-Lithium
|-damage|p2a: Ion-Lithium|0 fnt
|faint|p2a: Ion-Lithium
|
|-weather|RainDance|[upkeep]
|upkeep
|
|t:|1779647040
|switch|p2a: Emobirb|Staraptor, M|100/100
|turn|2
|
|t:|1779647046
|-terastallize|p2a: Emobirb|Normal
|move|p2a: Emobirb|Double-Edge|p1a: Madge
|-damage|p1a: Madge|3/100
|-damage|p2a: Emobirb|62/100|[from] Recoil
|move|p1a: Madge|Thunderbolt|p2a: Emobirb
|-damage|p2a: Emobirb|0 fnt
|faint|p2a: Emobirb
|
|-weather|RainDance|[upkeep]
|upkeep
|
|t:|1779647050
|switch|p2a: Mister Signorita|Honchkrow, F|100/100
|turn|3
|
|t:|1779647057
|move|p2a: Mister Signorita|Sucker Punch|p1a: Madge
|-crit|p1a: Madge
|-damage|p1a: Madge|0 fnt
|faint|p1a: Madge
|-end|p1a: Madge|Protosynthesis|[silent]
|-ability|p2a: Mister Signorita|Moxie|boost
|-boost|p2a: Mister Signorita|atk|1
|
|-weather|RainDance|[upkeep]
|upkeep
|
|t:|1779647070
|switch|p1a: Grimmy|Grimmsnarl, M, shiny|100/100
|turn|4
|
|t:|1779647096
|move|p1a: Grimmy|Reflect|p1a: Grimmy
|-sidestart|p1: Owmehguh|Reflect
|move|p2a: Mister Signorita|Drill Peck|p1a: Grimmy
|-damage|p1a: Grimmy|55/100
|
|-weather|RainDance|[upkeep]
|upkeep
|turn|5
|
|t:|1779647102
|move|p1a: Grimmy|Light Screen|p1a: Grimmy
|-sidestart|p1: Owmehguh|move: Light Screen
|move|p2a: Mister Signorita|Drill Peck|p1a: Grimmy
|-damage|p1a: Grimmy|7/100
|
|-weather|RainDance|[upkeep]
|upkeep
|turn|6
|
|t:|1779647109
|move|p2a: Mister Signorita|Endure|p2a: Mister Signorita
|-singleturn|p2a: Mister Signorita|move: Endure
|move|p1a: Grimmy|Low Kick|p2a: Mister Signorita
|-damage|p2a: Mister Signorita|70/100
|
|-weather|RainDance|[upkeep]
|upkeep
|turn|7
|
|t:|1779647121
|move|p1a: Grimmy|Low Kick|p2a: Mister Signorita
|-damage|p2a: Mister Signorita|39/100
|move|p2a: Mister Signorita|Tailwind|p2a: Mister Signorita
|-sidestart|p2: Brodie9069|move: Tailwind
|
|-weather|RainDance|[upkeep]
|upkeep
|turn|8
|
|t:|1779647126
|move|p2a: Mister Signorita|Drill Peck|p1a: Grimmy
|-damage|p1a: Grimmy|0 fnt
|faint|p1a: Grimmy
|-ability|p2a: Mister Signorita|Moxie|boost
|-boost|p2a: Mister Signorita|atk|1
|
|-weather|none
|upkeep
|
|t:|1779647131
|switch|p1a: Ponpon|Ogerpon-Wellspring, F|100/100
|turn|9
|
|t:|1779647136
|move|p2a: Mister Signorita|Drill Peck|p1a: Ponpon
|-supereffective|p1a: Ponpon
|-damage|p1a: Ponpon|0 fnt
|faint|p1a: Ponpon
|-ability|p2a: Mister Signorita|Moxie|boost
|-boost|p2a: Mister Signorita|atk|1
|
|upkeep
|
|t:|1779647142
|switch|p1a: Excalibur|Ceruledge, M, shiny|100/100
|turn|10
|
|t:|1779647146
|move|p2a: Mister Signorita|Sucker Punch|p1a: Excalibur
|-supereffective|p1a: Excalibur
|-damage|p1a: Excalibur|0 fnt
|faint|p1a: Excalibur
|-ability|p2a: Mister Signorita|Moxie|boost
|-boost|p2a: Mister Signorita|atk|1
|
|-sideend|p2: Brodie9069|move: Tailwind
|upkeep
|
|t:|1779647153
|switch|p1a: Zoomies|Deoxys-Speed|100/100
|-ability|p1a: Zoomies|Pressure
|turn|11
|
|t:|1779647159
|move|p2a: Mister Signorita|Sucker Punch|p1a: Zoomies
|-supereffective|p1a: Zoomies
|-damage|p1a: Zoomies|0 fnt
|faint|p1a: Zoomies
|-ability|p2a: Mister Signorita|Moxie|boost
|-boost|p2a: Mister Signorita|atk|1
|
|-sideend|p1: Owmehguh|Reflect
|upkeep
|-message|Owmehguh forfeited.
|
|win|Brodie9069
|raw|Owmehguh's rating: 1137 &rarr; <strong>1113</strong><br />(-24 for losing)
|raw|Brodie9069's rating: 1149 &rarr; <strong>1173</strong><br />(+24 for winning)
|l|☆Owmehguh
|player|p1|
|l|☆Brodie9069
|player|p2|
