|j|☆chrisfeb1992
|j|☆1mN0tD1zzy
|t:|1779654805
|gametype|singles
|player|p1|chrisfeb1992|266|1237
|player|p2|1mN0tD1zzy|benga|1178
|gen|9
|tier|[Gen 9] OU
|rated|
|rule|HP Percentage Mod: HP is shown in percentages
|rule|Endless Battle Clause: Forcing endless battles is banned
|rule|Species Clause: Limit one of each Pokémon
|rule|OHKO Clause: OHKO moves are banned
|rule|Evasion Items Clause: Evasion items are banned
|rule|Evasion Moves Clause: Evasion moves are banned
|rule|Evasion Abilities Clause: Evasion abilities are banned
|rule|Sleep Moves Clause: Sleep-inducing moves are banned
|clearpoke
|poke|p1|Ceruledge, F|
|poke|p1|Ribombee, M|
|poke|p1|Ursaluna, F|
|poke|p1|Darkrai|
|poke|p1|Iron Treads|
|poke|p1|Regieleki|
|poke|p2|Pincurchin, F|
|poke|p2|Iron Valiant|
|poke|p2|Hawlucha, M|
|poke|p2|Raging Bolt|
|poke|p2|Iron Treads|
|poke|p2|Ogerpon-Wellspring, F|
|teampreview
|c|☆1mN0tD1zzy|glhf
|
|t:|1779654824
|teamsize|p1|6
|teamsize|p2|6
|start
|switch|p1a: Iron Treads|Iron Treads|100/100
|switch|p2a: Pincurchin|Pincurchin, F|100/100
|-fieldstart|move: Electric Terrain|[from] ability: Electric Surge|[of] p2a: Pincurchin
|-activate|p1a: Iron Treads|ability: Quark Drive
|-start|p1a: Iron Treads|quarkdrivespe
|turn|1
|
|t:|1779654833
|move|p1a: Iron Treads|Stealth Rock|p2a: Pincurchin
|-sidestart|p2: 1mN0tD1zzy|move: Stealth Rock
|move|p2a: Pincurchin|Scald|p1a: Iron Treads
|-supereffective|p1a: Iron Treads
|-damage|p1a: Iron Treads|56/100
|
|upkeep
|turn|2
|
|t:|1779654840
|switch|p2a: Hawlucha|Hawlucha, M|100/100
|-damage|p2a: Hawlucha|88/100|[from] Stealth Rock
|-enditem|p2a: Hawlucha|Electric Seed
|-boost|p2a: Hawlucha|def|1|[from] item: Electric Seed
|move|p1a: Iron Treads|Earthquake|p2a: Hawlucha
|-immune|p2a: Hawlucha
|
|upkeep
|turn|3
|
|t:|1779654851
|-terastallize|p1a: Iron Treads|Ghost
|move|p2a: Hawlucha|Close Combat|p1a: Iron Treads
|-immune|p1a: Iron Treads
|move|p1a: Iron Treads|Volt Switch|p2a: Hawlucha
|-supereffective|p2a: Hawlucha
|-damage|p2a: Hawlucha|43/100
|c|☆1mN0tD1zzy|wp
|
|t:|1779654861
|-end|p1a: Iron Treads|Quark Drive|[silent]
|switch|p1a: Ceruledge|Ceruledge, F|100/100|[from] Volt Switch
|
|upkeep
|turn|4
|
|t:|1779654866
|move|p2a: Hawlucha|Acrobatics|p1a: Ceruledge
|-damage|p1a: Ceruledge|25/100
|-ability|p1a: Ceruledge|Weak Armor|boost
|-unboost|p1a: Ceruledge|def|1
|-boost|p1a: Ceruledge|spe|2
|move|p1a: Ceruledge|Bitter Blade|p2a: Hawlucha
|-damage|p2a: Hawlucha|0 fnt
|-heal|p1a: Ceruledge|47/100|[from] drain|[of] p2a: Hawlucha
|faint|p2a: Hawlucha
|
|upkeep
|
|t:|1779654871
|switch|p2a: Raging Bolt|Raging Bolt|100/100
|-damage|p2a: Raging Bolt|88/100|[from] Stealth Rock
|turn|5
|
|t:|1779654884
|move|p2a: Raging Bolt|Thunderclap|p1a: Ceruledge
|-damage|p1a: Ceruledge|0 fnt
|faint|p1a: Ceruledge
|
|upkeep
|
|t:|1779654888
|switch|p1a: Ribombee|Ribombee, M|100/100
|turn|6
|
|t:|1779654895
|-terastallize|p2a: Raging Bolt|Electric
|move|p1a: Ribombee|Sticky Web|p2a: Raging Bolt
|-sidestart|p2: 1mN0tD1zzy|move: Sticky Web
|move|p2a: Raging Bolt|Thunderbolt|p1a: Ribombee
|-enditem|p1a: Ribombee|Focus Sash
|-damage|p1a: Ribombee|1/100
|
|upkeep
|turn|7
|
|t:|1779654903
|move|p2a: Raging Bolt|Thunderclap|p1a: Ribombee
|-damage|p1a: Ribombee|0 fnt
|faint|p1a: Ribombee
|
|upkeep
|
|t:|1779654908
|switch|p1a: Iron Treads|Iron Treads, tera:Ghost|56/100
|-activate|p1a: Iron Treads|ability: Quark Drive
|-start|p1a: Iron Treads|quarkdrivespe
|turn|8
|
|t:|1779654919
|-end|p1a: Iron Treads|Quark Drive|[silent]
|switch|p1a: Ursaluna|Ursaluna, F|100/100
|-end|p2a: Raging Bolt|Protosynthesis|[silent]
|switch|p2a: Ogerpon|Ogerpon-Wellspring, F|100/100
|-damage|p2a: Ogerpon|88/100|[from] Stealth Rock
|-activate|p2a: Ogerpon|move: Sticky Web
|-unboost|p2a: Ogerpon|spe|1
|
|-fieldend|move: Electric Terrain
|-status|p1a: Ursaluna|brn|[from] item: Flame Orb
|upkeep
|turn|9
|
|t:|1779654939
|switch|p1a: Iron Treads|Iron Treads, tera:Ghost|56/100
|-enditem|p1a: Iron Treads|Booster Energy
|-activate|p1a: Iron Treads|ability: Quark Drive|[fromitem]
|-start|p1a: Iron Treads|quarkdrivespe
|move|p2a: Ogerpon|Ivy Cudgel|p1a: Iron Treads|[anim] Ivy Cudgel Water
|-damage|p1a: Iron Treads|4/100
|
|upkeep
|turn|10
|
|t:|1779654948
|move|p1a: Iron Treads|Earthquake|p2a: Ogerpon
|-resisted|p2a: Ogerpon
|-damage|p2a: Ogerpon|55/100
|move|p2a: Ogerpon|Horn Leech|p1a: Iron Treads
|-damage|p1a: Iron Treads|0 fnt
|-heal|p2a: Ogerpon|57/100|[from] drain|[of] p1a: Iron Treads
|faint|p1a: Iron Treads
|-end|p1a: Iron Treads|Quark Drive|[silent]
|
|upkeep
|
|t:|1779654958
|switch|p1a: Regieleki|Regieleki|100/100
|turn|11
|
|t:|1779654967
|switch|p2a: Pincurchin|Pincurchin, F|100/100
|-damage|p2a: Pincurchin|88/100|[from] Stealth Rock
|-activate|p2a: Pincurchin|move: Sticky Web
|-unboost|p2a: Pincurchin|spe|1
|-fieldstart|move: Electric Terrain|[from] ability: Electric Surge|[of] p2a: Pincurchin
|move|p1a: Regieleki|Volt Switch|p2a: Pincurchin
|-resisted|p2a: Pincurchin
|-damage|p2a: Pincurchin|34/100
|
|t:|1779654976
|switch|p1a: Ursaluna|Ursaluna, F|100/100 brn|[from] Volt Switch
|
|-damage|p1a: Ursaluna|94/100 brn|[from] brn
|upkeep
|turn|12
|
|t:|1779654988
|move|p1a: Ursaluna|Trailblaze|p2a: Pincurchin
|-damage|p2a: Pincurchin|12/100
|-boost|p1a: Ursaluna|spe|1
|move|p2a: Pincurchin|Scald|p1a: Ursaluna
|-supereffective|p1a: Ursaluna
|-damage|p1a: Ursaluna|63/100 brn
|
|-damage|p1a: Ursaluna|57/100 brn|[from] brn
|upkeep
|turn|13
|
|t:|1779654999
|move|p1a: Ursaluna|Trailblaze|p2a: Pincurchin
|-damage|p2a: Pincurchin|0 fnt
|-boost|p1a: Ursaluna|spe|1
|faint|p2a: Pincurchin
|
|-damage|p1a: Ursaluna|50/100 brn|[from] brn
|upkeep
|
|t:|1779655004
|switch|p2a: Ogerpon|Ogerpon-Wellspring, F|57/100
|-damage|p2a: Ogerpon|45/100|[from] Stealth Rock
|-activate|p2a: Ogerpon|move: Sticky Web
|-unboost|p2a: Ogerpon|spe|1
|turn|14
|
|t:|1779655012
|move|p1a: Ursaluna|Facade|p2a: Ogerpon
|-damage|p2a: Ogerpon|0 fnt
|faint|p2a: Ogerpon
|
|-damage|p1a: Ursaluna|44/100 brn|[from] brn
|upkeep
|c|☆1mN0tD1zzy|how to throw 101
|
|t:|1779655025
|switch|p2a: Raging Bolt|Raging Bolt, tera:Electric|88/100
|-damage|p2a: Raging Bolt|76/100|[from] Stealth Rock
|-activate|p2a: Raging Bolt|move: Sticky Web
|-unboost|p2a: Raging Bolt|spe|1
|turn|15
|
|t:|1779655031
|move|p1a: Ursaluna|Earthquake|p2a: Raging Bolt
|-supereffective|p2a: Raging Bolt
|-damage|p2a: Raging Bolt|0 fnt
|faint|p2a: Raging Bolt
|-end|p2a: Raging Bolt|Protosynthesis|[silent]
|
|-damage|p1a: Ursaluna|38/100 brn|[from] brn
|upkeep
|
|t:|1779655044
|switch|p2a: Iron Valiant|Iron Valiant|100/100
|-damage|p2a: Iron Valiant|94/100|[from] Stealth Rock
|-activate|p2a: Iron Valiant|move: Sticky Web
|-unboost|p2a: Iron Valiant|spe|1
|-activate|p2a: Iron Valiant|ability: Quark Drive
|-start|p2a: Iron Valiant|quarkdrivespa
|turn|16
|
|t:|1779655051
|move|p1a: Ursaluna|Facade|p2a: Iron Valiant
|-damage|p2a: Iron Valiant|0 fnt
|faint|p2a: Iron Valiant
|-end|p2a: Iron Valiant|Quark Drive|[silent]
|
|-damage|p1a: Ursaluna|32/100 brn|[from] brn
|upkeep
|
|t:|1779655056
|switch|p2a: Iron Treads|Iron Treads|100/100
|-damage|p2a: Iron Treads|97/100|[from] Stealth Rock
|-activate|p2a: Iron Treads|move: Sticky Web
|-unboost|p2a: Iron Treads|spe|1
|-activate|p2a: Iron Treads|ability: Quark Drive
|-start|p2a: Iron Treads|quarkdriveatk
|turn|17
|c|☆1mN0tD1zzy|ggs
|
|t:|1779655064
|move|p1a: Ursaluna|Earthquake|p2a: Iron Treads
|-supereffective|p2a: Iron Treads
|-damage|p2a: Iron Treads|0 fnt
|faint|p2a: Iron Treads
|-end|p2a: Iron Treads|Quark Drive|[silent]
|
|win|chrisfeb1992
|raw|chrisfeb1992's rating: 1237 &rarr; <strong>1258</strong><br />(+21 for winning)
|raw|1mN0tD1zzy's rating: 1178 &rarr; <strong>1157</strong><br />(-21 for losing)
