|j|☆ainasucks
|j|☆4stackkzz
|t:|1779686941
|gametype|singles
|player|p1|ainasucks|265|1198
|player|p2|4stackkzz|169|1170
|gen|9
|tier|[Gen 9] OU
|rated|
|rule|HP Percentage Mod: HP is shown in percentages
|rule|Endless Battle Clause: Forcing endless battles is banned
|rule|Species Clause: Limit one of each Pokémon
|rule|OHKO Clause: OHKO moves are banned
|rule|Evasion Items Clause: Evasion items are banned
|rule|Evasion Moves Clause: Evasion moves are banned
|rule|Evasion Abilities Clause: Evasion abilities are banned
|rule|Sleep Moves Clause: Sleep-inducing moves are banned
|clearpoke
|poke|p1|Zamazenta-*|
|poke|p1|Garchomp, F|
|poke|p1|Kingambit, M|
|poke|p1|Iron Moth|
|poke|p1|Darkrai|
|poke|p1|Zarude-Dada|
|poke|p2|Incineroar, M|
|poke|p2|Gardevoir, M|
|poke|p2|Gyarados, F|
|poke|p2|Hawlucha, M|
|poke|p2|Glimmora, M|
|poke|p2|Thundurus-Therian, M|
|teampreview
|
|t:|1779686946
|teamsize|p1|6
|teamsize|p2|6
|start
|switch|p1a: Zamazenta|Zamazenta|100/100
|switch|p2a: Glimmora|Glimmora, M|100/100
|-ability|p1a: Zamazenta|Dauntless Shield|boost
|-boost|p1a: Zamazenta|def|1
|turn|1
|
|t:|1779686955
|move|p1a: Zamazenta|Iron Defense|p1a: Zamazenta
|-boost|p1a: Zamazenta|def|2
|move|p2a: Glimmora|Stealth Rock|p1a: Zamazenta
|-sidestart|p1: ainasucks|move: Stealth Rock
|
|upkeep
|turn|2
|
|t:|1779686961
|move|p1a: Zamazenta|Iron Defense|p1a: Zamazenta
|-boost|p1a: Zamazenta|def|2
|move|p2a: Glimmora|Mortal Spin|p1a: Zamazenta
|-damage|p1a: Zamazenta|99/100
|-status|p1a: Zamazenta|psn
|
|-heal|p1a: Zamazenta|100/100 psn|[from] item: Leftovers
|-damage|p1a: Zamazenta|88/100 psn|[from] psn
|upkeep
|turn|3
|inactive|Battle timer is ON: inactive players will automatically lose when time's up. (requested by ainasucks)
|
|t:|1779687000
|move|p1a: Zamazenta|Body Press|p2a: Glimmora
|-enditem|p2a: Glimmora|Focus Sash
|-damage|p2a: Glimmora|1/100
|-activate|p2a: Glimmora|ability: Toxic Debris
|-sidestart|p1: ainasucks|move: Toxic Spikes
|move|p2a: Glimmora|Earth Power|p1a: Zamazenta
|-damage|p1a: Zamazenta|63/100 psn
|
|-heal|p1a: Zamazenta|70/100 psn|[from] item: Leftovers
|-damage|p1a: Zamazenta|57/100 psn|[from] psn
|upkeep
|turn|4
|
|t:|1779687026
|move|p1a: Zamazenta|Body Press|p2a: Glimmora
|-damage|p2a: Glimmora|0 fnt
|-activate|p2a: Glimmora|ability: Toxic Debris
|-sidestart|p1: ainasucks|move: Toxic Spikes
|faint|p2a: Glimmora
|
|-heal|p1a: Zamazenta|63/100 psn|[from] item: Leftovers
|-damage|p1a: Zamazenta|51/100 psn|[from] psn
|upkeep
|inactive|4stackkzz has 120 seconds left.
|
|t:|1779687047
|switch|p2a: Gardevoir|Gardevoir, M|100/100
|turn|5
|
|t:|1779687060
|move|p1a: Zamazenta|Iron Head|p2a: Gardevoir
|-supereffective|p2a: Gardevoir
|-damage|p2a: Gardevoir|21/100
|cant|p2a: Gardevoir|flinch
|
|-heal|p1a: Zamazenta|57/100 psn|[from] item: Leftovers
|-damage|p1a: Zamazenta|45/100 psn|[from] psn
|upkeep
|turn|6
|inactive|4stackkzz has 120 seconds left.
|
|t:|1779687069
|move|p1a: Zamazenta|Iron Head|p2a: Gardevoir
|-supereffective|p2a: Gardevoir
|-damage|p2a: Gardevoir|0 fnt
|faint|p2a: Gardevoir
|
|-heal|p1a: Zamazenta|51/100 psn|[from] item: Leftovers
|-damage|p1a: Zamazenta|39/100 psn|[from] psn
|upkeep
|
|t:|1779687073
|switch|p2a: Gyarados|Gyarados, F|100/100
|turn|7
|inactive|4stackkzz has 120 seconds left.
|
|t:|1779687092
|-terastallize|p2a: Gyarados|Ground
|move|p1a: Zamazenta|Body Press|p2a: Gyarados
|-damage|p2a: Gyarados|0 fnt
|faint|p2a: Gyarados
|
|-heal|p1a: Zamazenta|45/100 psn|[from] item: Leftovers
|-damage|p1a: Zamazenta|32/100 psn|[from] psn
|upkeep
|inactive|4stackkzz has 120 seconds left.
|
|t:|1779687097
|switch|p2a: Hawlucha|Hawlucha, M|100/100
|turn|8
|
|t:|1779687103
|move|p2a: Hawlucha|Acrobatics|p1a: Zamazenta
|-supereffective|p1a: Zamazenta
|-damage|p1a: Zamazenta|23/100 psn
|move|p1a: Zamazenta|Body Press|p2a: Hawlucha
|-resisted|p2a: Hawlucha
|-damage|p2a: Hawlucha|0 fnt
|faint|p2a: Hawlucha
|
|-heal|p1a: Zamazenta|29/100 psn|[from] item: Leftovers
|-damage|p1a: Zamazenta|17/100 psn|[from] psn
|upkeep
|
|t:|1779687109
|switch|p2a: Thundurus|Thundurus-Therian, M|100/100
|turn|9
|
|t:|1779687113
|move|p1a: Zamazenta|Body Press|p2a: Thundurus
|-resisted|p2a: Thundurus
|-damage|p2a: Thundurus|0 fnt
|faint|p2a: Thundurus
|
|-heal|p1a: Zamazenta|23/100 psn|[from] item: Leftovers
|-damage|p1a: Zamazenta|11/100 psn|[from] psn
|upkeep
|-message|4stackkzz forfeited.
|
|win|ainasucks
|raw|ainasucks's rating: 1217 &rarr; <strong>1239</strong><br />(+22 for winning)
|raw|4stackkzz's rating: 1170 &rarr; <strong>1148</strong><br />(-22 for losing)
|l|☆4stackkzz
|player|p2|
|l|☆ainasucks
|player|p1|
