|j|☆dooozdzdz
|j|☆dsekop
|t:|1779676616
|gametype|singles
|player|p1|dooozdzdz|cilan|1625
|player|p2|dsekop|unknown|1566
|gen|9
|tier|[Gen 9] OU
|rated|
|rule|HP Percentage Mod: HP is shown in percentages
|rule|Endless Battle Clause: Forcing endless battles is banned
|rule|Species Clause: Limit one of each Pokémon
|rule|OHKO Clause: OHKO moves are banned
|rule|Evasion Items Clause: Evasion items are banned
|rule|Evasion Moves Clause: Evasion moves are banned
|rule|Evasion Abilities Clause: Evasion abilities are banned
|rule|Sleep Moves Clause: Sleep-inducing moves are banned
|clearpoke
|poke|p1|Ogerpon-Wellspring, F|
|poke|p1|Arcanine-Hisui, F|
|poke|p1|Corviknight, M|
|poke|p1|Hatterene, F|
|poke|p1|Ting-Lu|
|poke|p1|Okidogi, M|
|poke|p2|Glimmora, M|
|poke|p2|Iron Treads|
|poke|p2|Polteageist-Antique|
|poke|p2|Raging Bolt|
|poke|p2|Dragonite, F|
|poke|p2|Zamazenta-*|
|teampreview
|inactive|Battle timer is ON: inactive players will automatically lose when time's up. (requested by dsekop)
|
|t:|1779676625
|teamsize|p1|6
|teamsize|p2|6
|start
|switch|p1a: Ogerpon|Ogerpon-Wellspring, F|100/100
|switch|p2a: Iron Treads|Iron Treads|100/100
|-enditem|p2a: Iron Treads|Booster Energy
|-activate|p2a: Iron Treads|ability: Quark Drive|[fromitem]
|-start|p2a: Iron Treads|quarkdrivespe
|turn|1
|
|t:|1779676628
|move|p2a: Iron Treads|Stealth Rock|p1a: Ogerpon
|-sidestart|p1: dooozdzdz|move: Stealth Rock
|move|p1a: Ogerpon|Ivy Cudgel|p2a: Iron Treads|[anim] Ivy Cudgel Water
|-supereffective|p2a: Iron Treads
|-damage|p2a: Iron Treads|19/100
|
|upkeep
|turn|2
|
|t:|1779676633
|move|p2a: Iron Treads|Endeavor|p1a: Ogerpon
|-damage|p1a: Ogerpon|24/100
|move|p1a: Ogerpon|Ivy Cudgel|p2a: Iron Treads|[anim] Ivy Cudgel Water
|-supereffective|p2a: Iron Treads
|-damage|p2a: Iron Treads|0 fnt
|faint|p2a: Iron Treads
|-end|p2a: Iron Treads|Quark Drive|[silent]
|
|upkeep
|
|t:|1779676636
|switch|p2a: Polteageist|Polteageist-Antique|100/100
|turn|3
|
|t:|1779676640
|move|p1a: Ogerpon|Horn Leech|p2a: Polteageist
|-damage|p2a: Polteageist|20/100
|-heal|p1a: Ogerpon|59/100|[from] drain|[of] p2a: Polteageist
|-ability|p2a: Polteageist|Weak Armor|boost
|-unboost|p2a: Polteageist|def|1
|-boost|p2a: Polteageist|spe|2
|move|p2a: Polteageist|Shell Smash|p2a: Polteageist
|-unboost|p2a: Polteageist|def|1
|-unboost|p2a: Polteageist|spd|1
|-boost|p2a: Polteageist|atk|2
|-boost|p2a: Polteageist|spa|2
|-boost|p2a: Polteageist|spe|2
|
|upkeep
|turn|4
|
|t:|1779676645
|switch|p1a: Ting-Lu|Ting-Lu|100/100
|-damage|p1a: Ting-Lu|94/100|[from] Stealth Rock
|-ability|p1a: Ting-Lu|Vessel of Ruin
|move|p2a: Polteageist|Shadow Ball|p1a: Ting-Lu
|-resisted|p1a: Ting-Lu
|-damage|p1a: Ting-Lu|75/100
|
|-heal|p1a: Ting-Lu|81/100|[from] item: Leftovers
|upkeep
|turn|5
|
|t:|1779676652
|move|p2a: Polteageist|Pain Split|p1a: Ting-Lu
|-sethp|p1a: Ting-Lu|46/100|[from] move: Pain Split|[silent]
|-sethp|p2a: Polteageist|90/100|[from] move: Pain Split
|move|p1a: Ting-Lu|Earthquake|p2a: Polteageist
|-damage|p2a: Polteageist|0 fnt
|faint|p2a: Polteageist
|
|-heal|p1a: Ting-Lu|52/100|[from] item: Leftovers
|upkeep
|
|t:|1779676665
|switch|p2a: Zamazenta|Zamazenta|100/100
|-ability|p2a: Zamazenta|Dauntless Shield|boost
|-boost|p2a: Zamazenta|def|1
|turn|6
|
|t:|1779676683
|switch|p1a: Okidogi|Okidogi, M|100/100
|-damage|p1a: Okidogi|94/100|[from] Stealth Rock
|move|p2a: Zamazenta|Body Press|p1a: Okidogi
|-resisted|p1a: Okidogi
|-damage|p1a: Okidogi|70/100
|
|-heal|p1a: Okidogi|77/100|[from] item: Leftovers
|upkeep
|turn|7
|
|t:|1779676689
|switch|p2a: Glimmora|Glimmora, M|100/100
|move|p1a: Okidogi|Bulk Up|p1a: Okidogi
|-boost|p1a: Okidogi|atk|1
|-boost|p1a: Okidogi|def|1
|
|-heal|p1a: Okidogi|83/100|[from] item: Leftovers
|upkeep
|turn|8
|
|t:|1779676695
|move|p2a: Glimmora|Earth Power|p1a: Okidogi
|-supereffective|p1a: Okidogi
|-damage|p1a: Okidogi|35/100
|move|p1a: Okidogi|Drain Punch|p2a: Glimmora
|-damage|p2a: Glimmora|46/100
|-heal|p1a: Okidogi|57/100|[from] drain|[of] p2a: Glimmora
|-activate|p2a: Glimmora|ability: Toxic Debris
|-sidestart|p1: dooozdzdz|move: Toxic Spikes
|
|-heal|p1a: Okidogi|63/100|[from] item: Leftovers
|upkeep
|turn|9
|
|t:|1779676703
|switch|p2a: 快龙一定要快|Dragonite, F|100/100
|move|p1a: Okidogi|Drain Punch|p2a: 快龙一定要快
|-resisted|p2a: 快龙一定要快
|-damage|p2a: 快龙一定要快|90/100
|-heal|p1a: Okidogi|69/100|[from] drain|[of] p2a: 快龙一定要快
|
|-heal|p1a: Okidogi|75/100|[from] item: Leftovers
|upkeep
|turn|10
|
|t:|1779676709
|move|p1a: Okidogi|Ice Punch|p2a: 快龙一定要快
|-supereffective|p2a: 快龙一定要快
|-damage|p2a: 快龙一定要快|0 fnt
|faint|p2a: 快龙一定要快
|
|-heal|p1a: Okidogi|81/100|[from] item: Leftovers
|upkeep
|
|t:|1779676712
|switch|p2a: Raging Bolt|Raging Bolt|100/100
|-enditem|p2a: Raging Bolt|Booster Energy
|-activate|p2a: Raging Bolt|ability: Protosynthesis|[fromitem]
|-start|p2a: Raging Bolt|protosynthesisspa
|turn|11
|
|t:|1779676718
|move|p2a: Raging Bolt|Thunderbolt|p1a: Okidogi
|-damage|p1a: Okidogi|30/100
|move|p1a: Okidogi|Ice Punch|p2a: Raging Bolt
|-supereffective|p2a: Raging Bolt
|-damage|p2a: Raging Bolt|44/100
|-status|p2a: Raging Bolt|frz
|
|-heal|p1a: Okidogi|36/100|[from] item: Leftovers
|upkeep
|turn|12
|-message|dsekop forfeited.
|
|win|dooozdzdz
|raw|dooozdzdz's rating: 1625 &rarr; <strong>1642</strong><br />(+17 for winning)
|raw|dsekop's rating: 1566 &rarr; <strong>1549</strong><br />(-17 for losing)
|l|☆dsekop
|player|p2|
|l|☆dooozdzdz
|player|p1|
