|j|☆crust king kahn
|j|☆Karmasiren
|t:|1779619299
|gametype|singles
|player|p1|crust king kahn|102|1576
|player|p2|Karmasiren|skyla|1580
|gen|9
|tier|[Gen 9] OU
|rated|
|rule|HP Percentage Mod: HP is shown in percentages
|rule|Endless Battle Clause: Forcing endless battles is banned
|rule|Species Clause: Limit one of each Pokémon
|rule|OHKO Clause: OHKO moves are banned
|rule|Evasion Items Clause: Evasion items are banned
|rule|Evasion Moves Clause: Evasion moves are banned
|rule|Evasion Abilities Clause: Evasion abilities are banned
|rule|Sleep Moves Clause: Sleep-inducing moves are banned
|clearpoke
|poke|p1|Cramorant, F|
|poke|p1|Iron Treads|
|poke|p1|Dragonite, F|
|poke|p1|Deoxys-Speed|
|poke|p1|Zamazenta-*|
|poke|p1|Garganacl, F|
|poke|p2|Tinkaton, F|
|poke|p2|Ogerpon, F|
|poke|p2|Great Tusk|
|poke|p2|Pecharunt|
|poke|p2|Alomomola, M|
|poke|p2|Hydreigon, M|
|teampreview
|
|t:|1779619316
|teamsize|p1|6
|teamsize|p2|6
|start
|switch|p1a: Iron Treads|Iron Treads|100/100
|switch|p2a: Anonymous|Ogerpon, F|100/100
|turn|1
|
|t:|1779619369
|move|p2a: Anonymous|U-turn|p1a: Iron Treads
|-resisted|p1a: Iron Treads
|-damage|p1a: Iron Treads|85/100
|
|t:|1779619373
|switch|p2a: Behemoth|Great Tusk, shiny|100/100|[from] U-turn
|move|p1a: Iron Treads|Ice Spinner|p2a: Behemoth
|-supereffective|p2a: Behemoth
|-damage|p2a: Behemoth|62/100
|
|upkeep
|turn|2
|
|t:|1779619379
|-end|p1a: Iron Treads|Quark Drive|[silent]
|switch|p1a: Cramorant|Cramorant, F, shiny|100/100
|move|p2a: Behemoth|Close Combat|p1a: Cramorant
|-resisted|p1a: Cramorant
|-damage|p1a: Cramorant|54/100
|-unboost|p2a: Behemoth|def|1
|-unboost|p2a: Behemoth|spd|1
|
|upkeep
|turn|3
|
|t:|1779619388
|-end|p2a: Behemoth|Protosynthesis|[silent]
|switch|p2a: Anonymous|Ogerpon, F|100/100
|move|p1a: Cramorant|Surf|p2a: Anonymous
|-formechange|p1a: Cramorant|Cramorant-Gulping|
|-resisted|p2a: Anonymous
|-damage|p2a: Anonymous|84/100
|
|upkeep
|turn|4
|
|t:|1779619398
|switch|p1a: Zamazenta|Zamazenta|100/100
|-ability|p1a: Zamazenta|Dauntless Shield|boost
|-boost|p1a: Zamazenta|def|1
|move|p2a: Anonymous|Ivy Cudgel|p1a: Zamazenta
|-damage|p1a: Zamazenta|60/100
|
|-heal|p1a: Zamazenta|66/100|[from] item: Leftovers
|upkeep
|turn|5
|inactive|Battle timer is ON: inactive players will automatically lose when time's up. (requested by Karmasiren)
|
|t:|1779619410
|switch|p2a: Overseer|Pecharunt|100/100
|move|p1a: Zamazenta|Crunch|p2a: Overseer
|-supereffective|p2a: Overseer
|-damage|p2a: Overseer|79/100
|-damage|p1a: Zamazenta|50/100|[from] item: Rocky Helmet|[of] p2a: Overseer
|
|-heal|p1a: Zamazenta|56/100|[from] item: Leftovers
|upkeep
|turn|6
|
|t:|1779619431
|switch|p1a: Iron Treads|Iron Treads|85/100
|move|p2a: Overseer|Parting Shot|p1a: Iron Treads
|-unboost|p1a: Iron Treads|atk|1
|-unboost|p1a: Iron Treads|spa|1
|
|t:|1779619440
|switch|p2a: Behemoth|Great Tusk, shiny|62/100|[from] Parting Shot
|
|upkeep
|turn|7
|
|t:|1779619444
|-end|p1a: Iron Treads|Quark Drive|[silent]
|switch|p1a: Cramorant|Cramorant, F, shiny|54/100
|move|p2a: Behemoth|Close Combat|p1a: Cramorant
|-resisted|p1a: Cramorant
|-damage|p1a: Cramorant|3/100
|-unboost|p2a: Behemoth|def|1
|-unboost|p2a: Behemoth|spd|1
|
|upkeep
|turn|8
|
|t:|1779619447
|move|p2a: Behemoth|Rapid Spin|p1a: Cramorant
|-damage|p1a: Cramorant|0 fnt
|-boost|p2a: Behemoth|spe|1
|faint|p1a: Cramorant
|
|upkeep
|
|t:|1779619471
|switch|p1a: Deoxys|Deoxys-Speed|100/100
|-ability|p1a: Deoxys|Pressure
|turn|9
|
|t:|1779619477
|-end|p2a: Behemoth|Protosynthesis|[silent]
|switch|p2a: Smile.exe|Tinkaton, F, shiny|100/100
|-item|p2a: Smile.exe|Air Balloon
|move|p1a: Deoxys|Ice Beam|p2a: Smile.exe
|-resisted|p2a: Smile.exe
|-damage|p2a: Smile.exe|88/100
|-status|p2a: Smile.exe|frz
|-enditem|p2a: Smile.exe|Air Balloon
|
|upkeep
|turn|10
|
|t:|1779619484
|switch|p1a: Dragonite|Dragonite, F|100/100
|switch|p2a: Pisces|Alomomola, M, shiny|100/100
|
|upkeep
|turn|11
|
|t:|1779619491
|switch|p1a: Deoxys|Deoxys-Speed|100/100
|-ability|p1a: Deoxys|Pressure
|move|p2a: Pisces|Flip Turn|p1a: Deoxys
|-damage|p1a: Deoxys|75/100
|
|t:|1779619497
|switch|p2a: Smile.exe|Tinkaton, F, shiny|88/100 frz|[from] Flip Turn
|
|upkeep
|turn|12
|
|t:|1779619501
|switch|p2a: Pisces|Alomomola, M, shiny|100/100
|move|p1a: Deoxys|Stealth Rock|p2a: Pisces
|-sidestart|p2: Karmasiren|move: Stealth Rock
|
|upkeep
|turn|13
|
|t:|1779619508
|move|p1a: Deoxys|Psycho Boost|p2a: Pisces
|-damage|p2a: Pisces|74/100
|-unboost|p1a: Deoxys|spa|2
|move|p2a: Pisces|Flip Turn|p1a: Deoxys
|-damage|p1a: Deoxys|50/100
|
|t:|1779619518
|switch|p2a: Anonymous|Ogerpon, F|84/100|[from] Flip Turn
|-damage|p2a: Anonymous|71/100|[from] Stealth Rock
|
|upkeep
|turn|14
|
|t:|1779619529
|move|p1a: Deoxys|Ice Beam|p2a: Anonymous
|-supereffective|p2a: Anonymous
|-damage|p2a: Anonymous|43/100
|move|p2a: Anonymous|U-turn|p1a: Deoxys
|-supereffective|p1a: Deoxys
|-damage|p1a: Deoxys|0 fnt
|faint|p1a: Deoxys
|
|t:|1779619532
|switch|p2a: Behemoth|Great Tusk, shiny|62/100|[from] U-turn
|
|upkeep
|
|t:|1779619537
|switch|p1a: Zamazenta|Zamazenta|56/100
|turn|15
|
|t:|1779619542
|move|p1a: Zamazenta|Iron Defense|p1a: Zamazenta
|-boost|p1a: Zamazenta|def|2
|move|p2a: Behemoth|Rapid Spin|p1a: Zamazenta
|-damage|p1a: Zamazenta|49/100
|-boost|p2a: Behemoth|spe|1
|-sideend|p2: Karmasiren|Stealth Rock|[from] move: Rapid Spin|[of] p2a: Behemoth
|
|-heal|p1a: Zamazenta|55/100|[from] item: Leftovers
|upkeep
|turn|16
|
|t:|1779619550
|-end|p2a: Behemoth|Protosynthesis|[silent]
|switch|p2a: Overseer|Pecharunt|79/100
|move|p1a: Zamazenta|Substitute|p1a: Zamazenta
|-start|p1a: Zamazenta|Substitute
|-damage|p1a: Zamazenta|30/100
|
|-heal|p1a: Zamazenta|37/100|[from] item: Leftovers
|upkeep
|turn|17
|
|t:|1779619563
|move|p1a: Zamazenta|Crunch|p2a: Overseer
|-supereffective|p2a: Overseer
|-damage|p2a: Overseer|58/100
|-damage|p1a: Zamazenta|20/100|[from] item: Rocky Helmet|[of] p2a: Overseer
|move|p2a: Overseer|Malignant Chain|p1a: Zamazenta
|-end|p1a: Zamazenta|Substitute
|
|-heal|p1a: Zamazenta|26/100|[from] item: Leftovers
|upkeep
|turn|18
|
|t:|1779619574
|-terastallize|p1a: Zamazenta|Steel
|move|p1a: Zamazenta|Substitute|p1a: Zamazenta
|-start|p1a: Zamazenta|Substitute
|-damage|p1a: Zamazenta|2/100
|move|p2a: Overseer|Recover|p2a: Overseer
|-heal|p2a: Overseer|100/100
|
|-heal|p1a: Zamazenta|8/100|[from] item: Leftovers
|upkeep
|turn|19
|
|t:|1779619577
|move|p1a: Zamazenta|Crunch|p2a: Overseer
|-supereffective|p2a: Overseer
|-damage|p2a: Overseer|79/100
|-unboost|p2a: Overseer|def|1
|-damage|p1a: Zamazenta|0 fnt|[from] item: Rocky Helmet|[of] p2a: Overseer
|faint|p1a: Zamazenta
|move|p2a: Overseer|Shadow Ball|p1: Zamazenta|[notarget]
|-fail|p2a: Overseer
|
|upkeep
|
|t:|1779619585
|switch|p1a: Iron Treads|Iron Treads|85/100
|turn|20
|
|t:|1779619593
|switch|p2a: Smile.exe|Tinkaton, F, shiny|88/100 frz
|move|p1a: Iron Treads|Earthquake|p2a: Smile.exe
|-supereffective|p2a: Smile.exe
|-damage|p2a: Smile.exe|0 fnt
|faint|p2a: Smile.exe
|
|upkeep
|
|t:|1779619607
|switch|p2a: Behemoth|Great Tusk, shiny|62/100
|turn|21
|
|t:|1779619610
|move|p1a: Iron Treads|Ice Spinner|p2a: Behemoth
|-supereffective|p2a: Behemoth
|-damage|p2a: Behemoth|27/100
|move|p2a: Behemoth|Rapid Spin|p1a: Iron Treads
|-resisted|p1a: Iron Treads
|-damage|p1a: Iron Treads|77/100
|-boost|p2a: Behemoth|spe|1
|
|upkeep
|turn|22
|
|t:|1779619613
|move|p2a: Behemoth|Close Combat|p1a: Iron Treads
|-supereffective|p1a: Iron Treads
|-damage|p1a: Iron Treads|0 fnt
|-unboost|p2a: Behemoth|def|1
|-unboost|p2a: Behemoth|spd|1
|faint|p1a: Iron Treads
|-end|p1a: Iron Treads|Quark Drive|[silent]
|
|upkeep
|
|t:|1779619616
|switch|p1a: Dragonite|Dragonite, F|100/100
|turn|23
|
|t:|1779619620
|move|p2a: Behemoth|Ice Spinner|p1a: Dragonite
|-supereffective|p1a: Dragonite
|-damage|p1a: Dragonite|42/100
|move|p1a: Dragonite|Dragon Dance|p1a: Dragonite
|-boost|p1a: Dragonite|atk|1
|-boost|p1a: Dragonite|spe|1
|
|upkeep
|turn|24
|
|t:|1779619627
|-end|p2a: Behemoth|Protosynthesis|[silent]
|switch|p2a: Overseer|Pecharunt|79/100
|move|p1a: Dragonite|Extreme Speed|p2a: Overseer
|-immune|p2a: Overseer
|
|upkeep
|turn|25
|
|t:|1779619630
|switch|p2a: Hybrid|Hydreigon, M, shiny|100/100
|move|p1a: Dragonite|Earthquake|p2a: Hybrid
|-immune|p2a: Hybrid|[from] ability: Levitate
|
|upkeep
|turn|26
|
|t:|1779619635
|-terastallize|p2a: Hybrid|Steel
|move|p1a: Dragonite|Extreme Speed|p2a: Hybrid
|-resisted|p2a: Hybrid
|-crit|p2a: Hybrid
|-damage|p2a: Hybrid|62/100
|move|p2a: Hybrid|Flash Cannon|p1a: Dragonite
|-damage|p1a: Dragonite|0 fnt
|faint|p1a: Dragonite
|
|upkeep
|
|t:|1779619639
|switch|p1a: Garganacl|Garganacl, F|100/100
|turn|27
|
|t:|1779619652
|move|p2a: Hybrid|Flash Cannon|p1a: Garganacl
|-supereffective|p1a: Garganacl
|-damage|p1a: Garganacl|0 fnt
|faint|p1a: Garganacl
|
|win|Karmasiren
|raw|crust king kahn's rating: 1576 &rarr; <strong>1556</strong><br />(-20 for losing)
|raw|Karmasiren's rating: 1580 &rarr; <strong>1600</strong><br />(+20 for winning)
|l|☆crust king kahn
|player|p1|
