|badge|p1|bronze|gen9ou|100-9
|uhtml|medal-msg|<div class="broadcast-blue">Curious what those medals under the avatar are? PS now has Ladder Seasons! For more information, check out the <a href="https://www.smogon.com/forums/threads/3740067/">thread on Smogon.</a></div>
|j|☆diamonds cuttin
|j|☆SlimyTime
|t:|1779724828
|gametype|singles
|player|p1|diamonds cuttin|picnicker|1801
|player|p2|SlimyTime|ltsurge|1740
|gen|9
|tier|[Gen 9] OU
|rated|
|rule|HP Percentage Mod: HP is shown in percentages
|rule|Endless Battle Clause: Forcing endless battles is banned
|rule|Species Clause: Limit one of each Pokémon
|rule|OHKO Clause: OHKO moves are banned
|rule|Evasion Items Clause: Evasion items are banned
|rule|Evasion Moves Clause: Evasion moves are banned
|rule|Evasion Abilities Clause: Evasion abilities are banned
|rule|Sleep Moves Clause: Sleep-inducing moves are banned
|clearpoke
|poke|p1|Iron Valiant|
|poke|p1|Hydrapple, F|
|poke|p1|Cinderace, F|
|poke|p1|Tornadus-Therian, M|
|poke|p1|Alomomola, M|
|poke|p1|Iron Treads|
|poke|p2|Dragapult, M|
|poke|p2|Zamazenta-*|
|poke|p2|Darkrai|
|poke|p2|Iron Crown|
|poke|p2|Iron Treads|
|poke|p2|Ogerpon-Wellspring, F|
|teampreview
|inactive|Battle timer is ON: inactive players will automatically lose when time's up. (requested by diamonds cuttin)
|
|t:|1779724847
|teamsize|p1|6
|teamsize|p2|6
|start
|switch|p1a: Cinderace|Cinderace, F|100/100
|switch|p2a: Darkrai|Darkrai|100/100
|turn|1
|
|t:|1779724866
|move|p2a: Darkrai|Dark Pulse|p1a: Cinderace
|-damage|p1a: Cinderace|47/100
|move|p1a: Cinderace|U-turn|p2a: Darkrai
|-start|p1a: Cinderace|typechange|Bug|[from] ability: Libero
|-supereffective|p2a: Darkrai
|-damage|p2a: Darkrai|32/100
|
|t:|1779724874
|switch|p1a: Iron Treads|Iron Treads, shiny|100/100|[from] U-turn
|
|-heal|p2a: Darkrai|38/100|[from] item: Leftovers
|upkeep
|turn|2
|
|t:|1779724880
|switch|p2a: Ogerpon|Ogerpon-Wellspring, F|100/100
|move|p1a: Iron Treads|Earthquake|p2a: Ogerpon
|-resisted|p2a: Ogerpon
|-crit|p2a: Ogerpon
|-damage|p2a: Ogerpon|64/100
|
|upkeep
|turn|3
|
|t:|1779724884
|-end|p1a: Iron Treads|Quark Drive|[silent]
|switch|p1a: Hydrapple|Hydrapple, F|100/100
|move|p2a: Ogerpon|Ivy Cudgel|p1a: Hydrapple|[anim] Ivy Cudgel Water
|-resisted|p1a: Hydrapple
|-damage|p1a: Hydrapple|93/100
|
|upkeep
|turn|4
|
|t:|1779724899
|switch|p2a: Iron Crown|Iron Crown|100/100
|-enditem|p2a: Iron Crown|Booster Energy
|-activate|p2a: Iron Crown|ability: Quark Drive|[fromitem]
|-start|p2a: Iron Crown|quarkdrivespe
|move|p1a: Hydrapple|Giga Drain|p2a: Iron Crown
|-resisted|p2a: Iron Crown
|-damage|p2a: Iron Crown|87/100
|-heal|p1a: Hydrapple|98/100|[from] drain|[of] p2a: Iron Crown
|
|upkeep
|turn|5
|
|t:|1779724904
|switch|p1a: Iron Treads|Iron Treads, shiny|100/100
|move|p2a: Iron Crown|Calm Mind|p2a: Iron Crown
|-boost|p2a: Iron Crown|spa|1
|-boost|p2a: Iron Crown|spd|1
|
|upkeep
|turn|6
|
|t:|1779724907
|move|p2a: Iron Crown|Focus Blast|p1a: Iron Treads
|-supereffective|p1a: Iron Treads
|-damage|p1a: Iron Treads|0 fnt
|faint|p1a: Iron Treads
|-end|p1a: Iron Treads|Quark Drive|[silent]
|
|upkeep
|
|t:|1779724920
|switch|p1a: Alomomola|Alomomola, M|100/100
|turn|7
|
|t:|1779724930
|move|p2a: Iron Crown|Calm Mind|p2a: Iron Crown
|-boost|p2a: Iron Crown|spa|1
|-boost|p2a: Iron Crown|spd|1
|move|p1a: Alomomola|Scald|p2a: Iron Crown
|-damage|p2a: Iron Crown|81/100
|
|upkeep
|turn|8
|
|t:|1779724935
|move|p2a: Iron Crown|Tachyon Cutter|p1a: Alomomola
|-resisted|p1a: Alomomola
|-damage|p1a: Alomomola|87/100
|-resisted|p1a: Alomomola
|-damage|p1a: Alomomola|73/100
|-hitcount|p1a: Alomomola|2
|move|p1a: Alomomola|Scald|p2a: Iron Crown
|-damage|p2a: Iron Crown|74/100
|
|upkeep
|turn|9
|
|t:|1779724945
|move|p2a: Iron Crown|Calm Mind|p2a: Iron Crown
|-boost|p2a: Iron Crown|spa|1
|-boost|p2a: Iron Crown|spd|1
|move|p1a: Alomomola|Scald|p2a: Iron Crown
|-damage|p2a: Iron Crown|69/100
|
|upkeep
|turn|10
|
|t:|1779724964
|move|p2a: Iron Crown|Psyshock|p1a: Alomomola
|-damage|p1a: Alomomola|12/100
|move|p1a: Alomomola|Flip Turn|p2a: Iron Crown
|-damage|p2a: Iron Crown|54/100
|
|t:|1779724973
|switch|p1a: Cinderace|Cinderace, F|47/100|[from] Flip Turn
|
|upkeep
|turn|11
|
|t:|1779725002
|move|p1a: Cinderace|Sucker Punch|p2a: Iron Crown
|-start|p1a: Cinderace|typechange|Dark|[from] ability: Libero
|-supereffective|p2a: Iron Crown
|-damage|p2a: Iron Crown|0 fnt
|faint|p2a: Iron Crown
|-end|p2a: Iron Crown|Quark Drive|[silent]
|
|upkeep
|
|t:|1779725009
|switch|p2a: Zamazenta|Zamazenta|100/100
|-ability|p2a: Zamazenta|Dauntless Shield|boost
|-boost|p2a: Zamazenta|def|1
|turn|12
|
|t:|1779725016
|switch|p1a: Hydrapple|Hydrapple, F|100/100
|move|p2a: Zamazenta|Light Screen|p2a: Zamazenta
|-sidestart|p2: SlimyTime|move: Light Screen
|
|upkeep
|turn|13
|
|t:|1779725027
|switch|p2a: Darkrai|Darkrai|38/100
|move|p1a: Hydrapple|Nasty Plot|p1a: Hydrapple
|-boost|p1a: Hydrapple|spa|2
|
|-heal|p2a: Darkrai|44/100|[from] item: Leftovers
|upkeep
|turn|14
|
|t:|1779725042
|-terastallize|p1a: Hydrapple|Fairy
|move|p2a: Darkrai|Ice Beam|p1a: Hydrapple
|-damage|p1a: Hydrapple|72/100
|move|p1a: Hydrapple|Draco Meteor|p2a: Darkrai
|-damage|p2a: Darkrai|0 fnt
|-unboost|p1a: Hydrapple|spa|2
|faint|p2a: Darkrai
|
|upkeep
|
|t:|1779725053
|switch|p2a: Iron Treads|Iron Treads|100/100
|-enditem|p2a: Iron Treads|Booster Energy
|-activate|p2a: Iron Treads|ability: Quark Drive|[fromitem]
|-start|p2a: Iron Treads|quarkdrivespe
|turn|15
|
|t:|1779725058
|switch|p1a: Alomomola|Alomomola, M|45/100
|move|p2a: Iron Treads|Earthquake|p1a: Alomomola
|-damage|p1a: Alomomola|13/100
|
|upkeep
|turn|16
|
|t:|1779725066
|switch|p1a: Cinderace|Cinderace, F|47/100
|move|p2a: Iron Treads|Knock Off|p1a: Cinderace
|-damage|p1a: Cinderace|5/100
|-enditem|p1a: Cinderace|Heavy-Duty Boots|[from] move: Knock Off|[of] p2a: Iron Treads
|
|upkeep
|turn|17
|
|t:|1779725072
|move|p2a: Iron Treads|Stealth Rock|p1a: Cinderace
|-sidestart|p1: diamonds cuttin|move: Stealth Rock
|move|p1a: Cinderace|Pyro Ball|p2a: Iron Treads
|-supereffective|p2a: Iron Treads
|-damage|p2a: Iron Treads|0 fnt
|faint|p2a: Iron Treads
|-end|p2a: Iron Treads|Quark Drive|[silent]
|
|upkeep
|
|t:|1779725075
|switch|p2a: Zamazenta|Zamazenta|100/100
|turn|18
|
|t:|1779725079
|move|p2a: Zamazenta|Body Press|p1a: Cinderace
|-damage|p1a: Cinderace|0 fnt
|faint|p1a: Cinderace
|
|upkeep
|
|t:|1779725090
|switch|p1a: Hydrapple|Hydrapple, F, tera:Fairy|100/100
|-damage|p1a: Hydrapple|88/100|[from] Stealth Rock
|turn|19
|
|t:|1779725094
|move|p1a: Hydrapple|Nasty Plot|p1a: Hydrapple
|-boost|p1a: Hydrapple|spa|2
|move|p2a: Zamazenta|Roar|p1a: Hydrapple
|drag|p1a: Iron Valiant|Iron Valiant, shiny|100/100
|-damage|p1a: Iron Valiant|94/100|[from] Stealth Rock
|
|-sideend|p2: SlimyTime|move: Light Screen
|upkeep
|turn|20
|
|t:|1779725098
|move|p2a: Zamazenta|Light Screen|p2a: Zamazenta
|-sidestart|p2: SlimyTime|move: Light Screen
|move|p1a: Iron Valiant|Moonblast|p2a: Zamazenta
|-supereffective|p2a: Zamazenta
|-damage|p2a: Zamazenta|46/100
|
|upkeep
|turn|21
|
|t:|1779725104
|-end|p1a: Iron Valiant|Quark Drive|[silent]
|switch|p1a: Hydrapple|Hydrapple, F, tera:Fairy|100/100
|-damage|p1a: Hydrapple|88/100|[from] Stealth Rock
|move|p2a: Zamazenta|Body Press|p1a: Hydrapple
|-resisted|p1a: Hydrapple
|-damage|p1a: Hydrapple|79/100
|-damage|p2a: Zamazenta|30/100|[from] item: Rocky Helmet|[of] p1a: Hydrapple
|
|upkeep
|turn|22
|
|t:|1779725107
|move|p1a: Hydrapple|Nasty Plot|p1a: Hydrapple
|-boost|p1a: Hydrapple|spa|2
|move|p2a: Zamazenta|Roar|p1a: Hydrapple
|drag|p1a: Iron Valiant|Iron Valiant, shiny|94/100
|-damage|p1a: Iron Valiant|88/100|[from] Stealth Rock
|
|upkeep
|turn|23
|
|t:|1779725109
|-end|p1a: Iron Valiant|Quark Drive|[silent]
|switch|p1a: Hydrapple|Hydrapple, F, tera:Fairy|100/100
|-damage|p1a: Hydrapple|88/100|[from] Stealth Rock
|move|p2a: Zamazenta|Body Press|p1a: Hydrapple
|-resisted|p1a: Hydrapple
|-damage|p1a: Hydrapple|78/100
|-damage|p2a: Zamazenta|13/100|[from] item: Rocky Helmet|[of] p1a: Hydrapple
|
|upkeep
|turn|24
|
|t:|1779725117
|move|p2a: Zamazenta|Body Press|p1a: Hydrapple
|-resisted|p1a: Hydrapple
|-damage|p1a: Hydrapple|68/100
|-damage|p2a: Zamazenta|0 fnt|[from] item: Rocky Helmet|[of] p1a: Hydrapple
|faint|p2a: Zamazenta
|move|p1a: Hydrapple|Giga Drain|p2: Zamazenta|[notarget]
|-fail|p1a: Hydrapple
|
|upkeep
|
|t:|1779725120
|switch|p2a: Ogerpon|Ogerpon-Wellspring, F|64/100
|turn|25
|
|t:|1779725123
|move|p2a: Ogerpon|Swords Dance|p2a: Ogerpon
|-boost|p2a: Ogerpon|atk|2
|move|p1a: Hydrapple|Giga Drain|p2a: Ogerpon
|-damage|p2a: Ogerpon|47/100
|-heal|p1a: Hydrapple|74/100|[from] drain|[of] p2a: Ogerpon
|
|upkeep
|turn|26
|
|t:|1779725132
|switch|p1a: Alomomola|Alomomola, M|46/100
|-damage|p1a: Alomomola|34/100|[from] Stealth Rock
|move|p2a: Ogerpon|Ivy Cudgel|p1a: Alomomola|[anim] Ivy Cudgel Water
|-resisted|p1a: Alomomola
|-crit|p1a: Alomomola
|-damage|p1a: Alomomola|0 fnt
|faint|p1a: Alomomola
|
|upkeep
|
|t:|1779725134
|switch|p1a: Iron Valiant|Iron Valiant, shiny|88/100
|-damage|p1a: Iron Valiant|82/100|[from] Stealth Rock
|turn|27
|
|t:|1779725139
|move|p1a: Iron Valiant|Moonblast|p2a: Ogerpon
|-damage|p2a: Ogerpon|9/100
|move|p2a: Ogerpon|Horn Leech|p1a: Iron Valiant
|-damage|p1a: Iron Valiant|0 fnt
|-heal|p2a: Ogerpon|48/100|[from] drain|[of] p1a: Iron Valiant
|faint|p1a: Iron Valiant
|-end|p1a: Iron Valiant|Quark Drive|[silent]
|
|-sideend|p2: SlimyTime|move: Light Screen
|upkeep
|
|t:|1779725142
|switch|p1a: Tornadus|Tornadus-Therian, M|100/100
|-damage|p1a: Tornadus|76/100|[from] Stealth Rock
|turn|28
|
|t:|1779725147
|-terastallize|p2a: Ogerpon|Water
|detailschange|p2a: Ogerpon|Ogerpon-Wellspring-Tera, F, tera:Water
|-ability|p2a: Ogerpon|Embody Aspect (Wellspring)|boost
|-boost|p2a: Ogerpon|spd|1
|move|p1a: Tornadus|Bleakwind Storm|p2a: Ogerpon
|-damage|p2a: Ogerpon|0 fnt
|faint|p2a: Ogerpon
|detailschange|p2: Ogerpon|Ogerpon-Wellspring, F|[silent]
|
|upkeep
|
|t:|1779725153
|switch|p2a: Dragapult|Dragapult, M|100/100
|turn|29
|
|t:|1779725155
|move|p1a: Tornadus|Bleakwind Storm|p2a: Dragapult
|-damage|p2a: Dragapult|18/100
|move|p2a: Dragapult|Dragon Dance|p2a: Dragapult
|-boost|p2a: Dragapult|atk|1
|-boost|p2a: Dragapult|spe|1
|
|-heal|p2a: Dragapult|24/100|[from] item: Leftovers
|upkeep
|turn|30
|
|t:|1779725159
|move|p2a: Dragapult|Dragon Darts|p1a: Tornadus
|-damage|p1a: Tornadus|21/100
|-anim|p2a: Dragapult|Dragon Darts|p1a: Tornadus
|-damage|p1a: Tornadus|0 fnt
|faint|p1a: Tornadus
|
|-heal|p2a: Dragapult|30/100|[from] item: Leftovers
|upkeep
|
|t:|1779725161
|switch|p1a: Hydrapple|Hydrapple, F, tera:Fairy|100/100
|-damage|p1a: Hydrapple|88/100|[from] Stealth Rock
|turn|31
|
|t:|1779725163
|move|p2a: Dragapult|Phantom Force||[still]
|-prepare|p2a: Dragapult|Phantom Force
|move|p1a: Hydrapple|Draco Meteor|p2a: Dragapult|[miss]
|-miss|p1a: Hydrapple|p2a: Dragapult
|
|-heal|p2a: Dragapult|36/100|[from] item: Leftovers
|upkeep
|turn|32
|
|t:|1779725166
|move|p2a: Dragapult|Phantom Force|p1a: Hydrapple|[from] lockedmove
|-damage|p1a: Hydrapple|46/100
|-damage|p2a: Dragapult|20/100|[from] item: Rocky Helmet|[of] p1a: Hydrapple
|move|p1a: Hydrapple|Earth Power|p2a: Dragapult
|-damage|p2a: Dragapult|0 fnt
|faint|p2a: Dragapult
|
|win|diamonds cuttin
|raw|diamonds cuttin's rating: 1801 &rarr; <strong>1818</strong><br />(+17 for winning)
|raw|SlimyTime's rating: 1740 &rarr; <strong>1723</strong><br />(-17 for losing)
|l|☆SlimyTime
|player|p2|
|l|☆diamonds cuttin
|player|p1|
