|j|‽bonycrow
|j|☆beentheredonepat
|t:|1779631100
|gametype|singles
|player|p1|bonycrow|n|1325
|player|p2|beentheredonepat|spark-casual|1329
|gen|9
|tier|[Gen 9] OU
|rated|
|rule|HP Percentage Mod: HP is shown in percentages
|rule|Endless Battle Clause: Forcing endless battles is banned
|rule|Species Clause: Limit one of each Pokémon
|rule|OHKO Clause: OHKO moves are banned
|rule|Evasion Items Clause: Evasion items are banned
|rule|Evasion Moves Clause: Evasion moves are banned
|rule|Evasion Abilities Clause: Evasion abilities are banned
|rule|Sleep Moves Clause: Sleep-inducing moves are banned
|clearpoke
|poke|p1|Corviknight, M|
|poke|p1|Gastrodon-East, M|
|poke|p1|Iron Valiant|
|poke|p1|Raging Bolt|
|poke|p1|Ogerpon, F|
|poke|p1|Darkrai|
|poke|p2|Typhlosion, M|
|poke|p2|Ninetales, F|
|poke|p2|Torkoal, M|
|poke|p2|Shiftry, M|
|poke|p2|Hatterene, F|
|poke|p2|Blissey, F|
|teampreview
|inactive|Battle timer is ON: inactive players will automatically lose when time's up. (requested by beentheredonepat)
|
|t:|1779631108
|teamsize|p1|6
|teamsize|p2|6
|start
|switch|p1a: Raging Bolt|Raging Bolt|100/100
|switch|p2a: Torkoal|Torkoal, M|100/100
|-weather|SunnyDay|[from] ability: Drought|[of] p2a: Torkoal
|-activate|p1a: Raging Bolt|ability: Protosynthesis
|-start|p1a: Raging Bolt|protosynthesisspa
|turn|1
|
|t:|1779631121
|move|p1a: Raging Bolt|Thunderbolt|p2a: Torkoal
|-damage|p2a: Torkoal|0 fnt
|faint|p2a: Torkoal
|
|-weather|SunnyDay|[upkeep]
|upkeep
|
|t:|1779631124
|switch|p2a: Shiftry|Shiftry, M|100/100
|turn|2
|
|t:|1779631141
|-end|p1a: Raging Bolt|Protosynthesis|[silent]
|switch|p1a: Corviknight|Corviknight, M, shiny|100/100
|move|p2a: Shiftry|Knock Off|p1a: Corviknight
|-damage|p1a: Corviknight|76/100
|-damage|p2a: Shiftry|84/100|[from] item: Rocky Helmet|[of] p1a: Corviknight
|-enditem|p1a: Corviknight|Rocky Helmet|[from] move: Knock Off|[of] p2a: Shiftry
|
|-weather|SunnyDay|[upkeep]
|upkeep
|turn|3
|
|t:|1779631150
|switch|p2a: Ninetales|Ninetales, F|100/100
|move|p1a: Corviknight|U-turn|p2a: Ninetales
|-resisted|p2a: Ninetales
|-damage|p2a: Ninetales|92/100
|
|t:|1779631155
|switch|p1a: Raging Bolt|Raging Bolt|100/100|[from] U-turn
|-activate|p1a: Raging Bolt|ability: Protosynthesis
|-start|p1a: Raging Bolt|protosynthesisspa
|
|-weather|SunnyDay|[upkeep]
|upkeep
|turn|4
|
|t:|1779631167
|switch|p2a: Blissey|Blissey, F|100/100
|move|p1a: Raging Bolt|Thunderbolt|p2a: Blissey
|-damage|p2a: Blissey|69/100
|
|-weather|SunnyDay|[upkeep]
|upkeep
|turn|5
|
|t:|1779631174
|move|p1a: Raging Bolt|Thunderbolt|p2a: Blissey
|-damage|p2a: Blissey|39/100
|-status|p2a: Blissey|par
|move|p2a: Blissey|Trick|p1a: Raging Bolt
|-activate|p2a: Blissey|move: Trick|[of] p1a: Raging Bolt
|-item|p1a: Raging Bolt|Lagging Tail|[from] move: Trick
|-item|p2a: Blissey|Choice Specs|[from] move: Trick
|
|-weather|SunnyDay|[upkeep]
|upkeep
|turn|6
|
|t:|1779631184
|-terastallize|p1a: Raging Bolt|Dragon
|cant|p2a: Blissey|par
|move|p1a: Raging Bolt|Draco Meteor|p2a: Blissey
|-damage|p2a: Blissey|1/100 par
|-unboost|p1a: Raging Bolt|spa|2
|
|-weather|SunnyDay|[upkeep]
|upkeep
|turn|7
|
|t:|1779631195
|move|p2a: Blissey|Seismic Toss|p1a: Raging Bolt
|-damage|p1a: Raging Bolt|75/100
|move|p1a: Raging Bolt|Thunderbolt|p2a: Blissey
|-damage|p2a: Blissey|0 fnt
|faint|p2a: Blissey
|
|-weather|SunnyDay|[upkeep]
|upkeep
|
|t:|1779631200
|switch|p2a: Hatterene|Hatterene, F|100/100
|turn|8
|
|t:|1779631207
|move|p2a: Hatterene|Dazzling Gleam|p1a: Raging Bolt
|-supereffective|p1a: Raging Bolt
|-damage|p1a: Raging Bolt|0 fnt
|faint|p1a: Raging Bolt
|-end|p1a: Raging Bolt|Protosynthesis|[silent]
|
|-weather|none
|upkeep
|
|t:|1779631214
|switch|p1a: Darkrai|Darkrai|100/100
|turn|9
|
|t:|1779631220
|move|p1a: Darkrai|Sludge Bomb|p2a: Hatterene
|-supereffective|p2a: Hatterene
|-damage|p2a: Hatterene|25/100
|-status|p2a: Hatterene|psn
|move|p2a: Hatterene|Dazzling Gleam|p1a: Darkrai
|-supereffective|p1a: Darkrai
|-damage|p1a: Darkrai|0 fnt
|faint|p1a: Darkrai
|
|-heal|p2a: Hatterene|31/100 psn|[from] item: Leftovers
|-damage|p2a: Hatterene|19/100 psn|[from] psn
|upkeep
|
|t:|1779631232
|switch|p1a: Ogerpon|Ogerpon, F|100/100
|turn|10
|
|t:|1779631241
|move|p1a: Ogerpon|Knock Off|p2a: Hatterene
|-damage|p2a: Hatterene|0 fnt
|-enditem|p2a: Hatterene|Leftovers|[from] move: Knock Off|[of] p1a: Ogerpon
|faint|p2a: Hatterene
|
|upkeep
|
|t:|1779631246
|switch|p2a: Ninetales|Ninetales, F|92/100
|-weather|SunnyDay|[from] ability: Drought|[of] p2a: Ninetales
|turn|11
|
|t:|1779631252
|switch|p1a: Gastrodon|Gastrodon-East, M, shiny|100/100
|move|p2a: Ninetales|Overheat|p1a: Gastrodon
|-resisted|p1a: Gastrodon
|-damage|p1a: Gastrodon|82/100
|-unboost|p2a: Ninetales|spa|2
|-enditem|p2a: Ninetales|Eject Pack
|
|t:|1779631256
|switch|p2a: Shiftry|Shiftry, M|84/100
|
|-weather|SunnyDay|[upkeep]
|-heal|p1a: Gastrodon|88/100|[from] item: Leftovers
|upkeep
|turn|12
|
|t:|1779631267
|switch|p2a: Typhlosion|Typhlosion, M|100/100
|switch|p1a: Corviknight|Corviknight, M, shiny|76/100
|
|-weather|SunnyDay|[upkeep]
|upkeep
|turn|13
|
|t:|1779631275
|switch|p1a: Gastrodon|Gastrodon-East, M, shiny|88/100
|-terastallize|p2a: Typhlosion|Fire
|move|p2a: Typhlosion|Eruption|p1a: Gastrodon
|-resisted|p1a: Gastrodon
|-damage|p1a: Gastrodon|35/100
|
|-weather|SunnyDay|[upkeep]
|-heal|p1a: Gastrodon|41/100|[from] item: Leftovers
|upkeep
|turn|14
|
|t:|1779631286
|move|p2a: Typhlosion|Eruption|p1a: Gastrodon
|-resisted|p1a: Gastrodon
|-damage|p1a: Gastrodon|0 fnt
|faint|p1a: Gastrodon
|
|-weather|SunnyDay|[upkeep]
|upkeep
|
|t:|1779631294
|switch|p1a: Iron Valiant|Iron Valiant|100/100
|-enditem|p1a: Iron Valiant|Booster Energy
|-activate|p1a: Iron Valiant|ability: Quark Drive|[fromitem]
|-start|p1a: Iron Valiant|quarkdrivespe
|turn|15
|
|t:|1779631302
|switch|p2a: Shiftry|Shiftry, M|84/100
|move|p1a: Iron Valiant|Destiny Bond|p1a: Iron Valiant
|-singlemove|p1a: Iron Valiant|Destiny Bond
|
|-weather|none
|upkeep
|turn|16
|
|t:|1779631309
|switch|p2a: Ninetales|Ninetales, F|92/100
|-weather|SunnyDay|[from] ability: Drought|[of] p2a: Ninetales
|move|p1a: Iron Valiant|Moonblast|p2a: Ninetales
|-resisted|p2a: Ninetales
|-damage|p2a: Ninetales|72/100
|
|-weather|SunnyDay|[upkeep]
|upkeep
|turn|17
|
|t:|1779631323
|move|p1a: Iron Valiant|Close Combat|p2a: Ninetales
|-crit|p2a: Ninetales
|-damage|p2a: Ninetales|0 fnt
|-unboost|p1a: Iron Valiant|def|1
|-unboost|p1a: Iron Valiant|spd|1
|faint|p2a: Ninetales
|
|-weather|SunnyDay|[upkeep]
|upkeep
|
|t:|1779631327
|switch|p2a: Shiftry|Shiftry, M|84/100
|turn|18
|
|t:|1779631333
|-end|p1a: Iron Valiant|Quark Drive|[silent]
|switch|p1a: Corviknight|Corviknight, M, shiny|76/100
|move|p2a: Shiftry|Tailwind|p2a: Shiftry
|-sidestart|p2: beentheredonepat|move: Tailwind
|
|-weather|SunnyDay|[upkeep]
|upkeep
|turn|19
|
|t:|1779631343
|switch|p2a: Typhlosion|Typhlosion, M, tera:Fire|100/100
|move|p1a: Corviknight|Brave Bird|p2a: Typhlosion
|-damage|p2a: Typhlosion|50/100
|-damage|p1a: Corviknight|64/100|[from] Recoil
|
|-weather|SunnyDay|[upkeep]
|upkeep
|turn|20
|
|t:|1779631351
|move|p2a: Typhlosion|Flamethrower|p1a: Corviknight
|-supereffective|p1a: Corviknight
|-damage|p1a: Corviknight|0 fnt
|faint|p1a: Corviknight
|
|-weather|none
|upkeep
|
|t:|1779631363
|switch|p1a: Ogerpon|Ogerpon, F|100/100
|turn|21
|
|t:|1779631372
|switch|p2a: Shiftry|Shiftry, M|84/100
|move|p1a: Ogerpon|Knock Off|p2a: Shiftry
|-resisted|p2a: Shiftry
|-damage|p2a: Shiftry|60/100
|-enditem|p2a: Shiftry|Focus Sash|[from] move: Knock Off|[of] p1a: Ogerpon
|
|-sideend|p2: beentheredonepat|move: Tailwind
|upkeep
|turn|22
|
|t:|1779631381
|move|p1a: Ogerpon|U-turn|p2a: Shiftry
|-supereffective|p2a: Shiftry
|-damage|p2a: Shiftry|0 fnt
|faint|p2a: Shiftry
|
|t:|1779631385
|switch|p1a: Iron Valiant|Iron Valiant|100/100|[from] U-turn
|
|upkeep
|
|t:|1779631387
|switch|p2a: Typhlosion|Typhlosion, M, tera:Fire|50/100
|turn|23
|
|t:|1779631394
|move|p2a: Typhlosion|Flamethrower|p1a: Iron Valiant
|-damage|p1a: Iron Valiant|0 fnt
|faint|p1a: Iron Valiant
|-end|p1a: Iron Valiant|Quark Drive|[silent]
|
|upkeep
|
|t:|1779631399
|switch|p1a: Ogerpon|Ogerpon, F|100/100
|turn|24
|
|t:|1779631401
|move|p2a: Typhlosion|Flamethrower|p1a: Ogerpon
|-supereffective|p1a: Ogerpon
|-damage|p1a: Ogerpon|0 fnt
|faint|p1a: Ogerpon
|
|win|beentheredonepat
|raw|bonycrow's rating: 1325 &rarr; <strong>1305</strong><br />(-20 for losing)
|raw|beentheredonepat's rating: 1329 &rarr; <strong>1349</strong><br />(+20 for winning)
|l|☆beentheredonepat
|player|p2|
|l|‽bonycrow
|player|p1|
