|j|☆jarrodbennett
|j|☆wanyekestyzesty
|t:|1779684912
|gametype|singles
|player|p1|jarrodbennett|265|1436
|player|p2|wanyekestyzesty|grimsley|1407
|gen|9
|tier|[Gen 9] OU
|rated|
|rule|HP Percentage Mod: HP is shown in percentages
|rule|Endless Battle Clause: Forcing endless battles is banned
|rule|Species Clause: Limit one of each Pokémon
|rule|OHKO Clause: OHKO moves are banned
|rule|Evasion Items Clause: Evasion items are banned
|rule|Evasion Moves Clause: Evasion moves are banned
|rule|Evasion Abilities Clause: Evasion abilities are banned
|rule|Sleep Moves Clause: Sleep-inducing moves are banned
|clearpoke
|poke|p1|Ribombee, M|
|poke|p1|Cinderace, M|
|poke|p1|Serperior, F|
|poke|p1|Hitmonlee, M|
|poke|p1|Empoleon, F|
|poke|p1|Kingambit, F|
|poke|p2|Enamorus, F|
|poke|p2|Great Tusk|
|poke|p2|Iron Crown|
|poke|p2|Lokix, M|
|poke|p2|Alomomola, M|
|poke|p2|Pecharunt|
|teampreview
|
|t:|1779684921
|teamsize|p1|6
|teamsize|p2|6
|start
|switch|p1a: Ya Like Jazz?|Ribombee, M|100/100
|switch|p2a: Iron Crown|Iron Crown|100/100
|turn|1
|
|t:|1779684927
|move|p1a: Ya Like Jazz?|Sticky Web|p2a: Iron Crown
|-sidestart|p2: wanyekestyzesty|move: Sticky Web
|move|p2a: Iron Crown|Tachyon Cutter|p1a: Ya Like Jazz?
|-supereffective|p1a: Ya Like Jazz?
|-enditem|p1a: Ya Like Jazz?|Focus Sash
|-damage|p1a: Ya Like Jazz?|1/100
|-supereffective|p1a: Ya Like Jazz?
|-crit|p1a: Ya Like Jazz?
|-damage|p1a: Ya Like Jazz?|0 fnt
|faint|p1a: Ya Like Jazz?
|-hitcount|p1: Ya Like Jazz?|2
|
|upkeep
|
|t:|1779684938
|switch|p1a: What's Up Doc?|Cinderace, M|100/100
|turn|2
|
|t:|1779684942
|-end|p2a: Iron Crown|Quark Drive|[silent]
|switch|p2a: Alomomola|Alomomola, M|100/100
|-activate|p2a: Alomomola|move: Sticky Web
|-unboost|p2a: Alomomola|spe|1
|move|p1a: What's Up Doc?|Court Change|p1a: What's Up Doc?
|-start|p1a: What's Up Doc?|typechange|Normal|[from] ability: Libero
|-swapsideconditions
|-activate|p1a: What's Up Doc?|move: Court Change
|
|upkeep
|turn|3
|
|t:|1779684951
|move|p1a: What's Up Doc?|High Jump Kick|p2a: Alomomola
|-damage|p2a: Alomomola|77/100
|move|p2a: Alomomola|Flip Turn|p1a: What's Up Doc?
|-damage|p1a: What's Up Doc?|80/100
|
|t:|1779684958
|switch|p2a: Lokix|Lokix, M|100/100|[from] Flip Turn
|
|upkeep
|turn|4
|
|t:|1779684962
|move|p2a: Lokix|First Impression|p1a: What's Up Doc?
|-damage|p1a: What's Up Doc?|0 fnt
|faint|p1a: What's Up Doc?
|
|upkeep
|
|t:|1779684969
|switch|p1a: Come At Me Bro|Kingambit, F|100/100
|-activate|p1a: Come At Me Bro|move: Sticky Web
|-unboost|p1a: Come At Me Bro|spe|1
|-ability|p1a: Come At Me Bro|Defiant|boost
|-boost|p1a: Come At Me Bro|atk|2
|turn|5
|
|t:|1779684980
|switch|p2a: Alomomola|Alomomola, M|100/100
|move|p1a: Come At Me Bro|Iron Head|p2a: Alomomola
|-resisted|p2a: Alomomola
|-damage|p2a: Alomomola|69/100
|
|upkeep
|turn|6
|
|t:|1779684987
|-terastallize|p2a: Alomomola|Fairy
|move|p2a: Alomomola|Flip Turn|p1a: Come At Me Bro
|-damage|p1a: Come At Me Bro|89/100
|
|t:|1779684994
|switch|p2a: Great Tusk|Great Tusk|100/100|[from] Flip Turn
|move|p1a: Come At Me Bro|Kowtow Cleave|p2a: Great Tusk
|-resisted|p2a: Great Tusk
|-damage|p2a: Great Tusk|66/100
|-damage|p1a: Come At Me Bro|73/100|[from] item: Rocky Helmet|[of] p2a: Great Tusk
|
|upkeep
|turn|7
|
|t:|1779685003
|switch|p1a: Slytherin|Serperior, F|100/100
|-activate|p1a: Slytherin|move: Sticky Web
|-boost|p1a: Slytherin|spe|1
|move|p2a: Great Tusk|Headlong Rush|p1a: Slytherin
|-resisted|p1a: Slytherin
|-damage|p1a: Slytherin|59/100
|-unboost|p2a: Great Tusk|def|1
|-unboost|p2a: Great Tusk|spd|1
|
|upkeep
|turn|8
|
|t:|1779685015
|-end|p2a: Great Tusk|Protosynthesis|[silent]
|switch|p2a: Iron Crown|Iron Crown|100/100
|move|p1a: Slytherin|Substitute|p1a: Slytherin
|-start|p1a: Slytherin|Substitute
|-damage|p1a: Slytherin|35/100
|
|upkeep
|turn|9
|
|t:|1779685022
|move|p1a: Slytherin|Knock Off|p2a: Iron Crown
|-supereffective|p2a: Iron Crown
|-damage|p2a: Iron Crown|67/100
|-enditem|p2a: Iron Crown|Choice Specs|[from] move: Knock Off|[of] p1a: Slytherin
|move|p2a: Iron Crown|Tachyon Cutter|p1a: Slytherin
|-end|p1a: Slytherin|Substitute
|-crit|p1a: Slytherin
|-damage|p1a: Slytherin|0 fnt
|faint|p1a: Slytherin
|-hitcount|p1: Slytherin|2
|
|upkeep
|
|t:|1779685033
|switch|p1a: Come At Me Bro|Kingambit, F|73/100
|-activate|p1a: Come At Me Bro|move: Sticky Web
|-unboost|p1a: Come At Me Bro|spe|1
|-ability|p1a: Come At Me Bro|Defiant|boost
|-boost|p1a: Come At Me Bro|atk|2
|turn|10
|
|t:|1779685040
|move|p1a: Come At Me Bro|Sucker Punch|p2a: Iron Crown
|-supereffective|p2a: Iron Crown
|-damage|p2a: Iron Crown|0 fnt
|faint|p2a: Iron Crown
|-end|p2a: Iron Crown|Quark Drive|[silent]
|
|upkeep
|
|t:|1779685042
|switch|p2a: Great Tusk|Great Tusk|66/100
|turn|11
|
|t:|1779685057
|move|p1a: Come At Me Bro|Sucker Punch|p2a: Great Tusk
|-resisted|p2a: Great Tusk
|-damage|p2a: Great Tusk|36/100
|-damage|p1a: Come At Me Bro|56/100|[from] item: Rocky Helmet|[of] p2a: Great Tusk
|move|p2a: Great Tusk|Headlong Rush|p1a: Come At Me Bro
|-supereffective|p1a: Come At Me Bro
|-damage|p1a: Come At Me Bro|0 fnt
|-unboost|p2a: Great Tusk|def|1
|-unboost|p2a: Great Tusk|spd|1
|faint|p1a: Come At Me Bro
|
|upkeep
|
|t:|1779685068
|switch|p1a: Big Z|Empoleon, F|100/100
|-activate|p1a: Big Z|move: Sticky Web
|-unboost|p1a: Big Z|spe|1
|-ability|p1a: Big Z|Competitive|boost
|-boost|p1a: Big Z|spa|2
|turn|12
|
|t:|1779685074
|move|p1a: Big Z|Vacuum Wave|p2a: Great Tusk
|-damage|p2a: Great Tusk|0 fnt
|faint|p2a: Great Tusk
|-end|p2a: Great Tusk|Protosynthesis|[silent]
|
|upkeep
|
|t:|1779685086
|switch|p2a: Enamorus|Enamorus, F|100/100
|turn|13
|
|t:|1779685091
|-terastallize|p1a: Big Z|Ground
|move|p2a: Enamorus|Earth Power|p1a: Big Z
|-damage|p1a: Big Z|80/100
|-unboost|p1a: Big Z|spd|1
|-ability|p1a: Big Z|Competitive|boost
|-boost|p1a: Big Z|spa|2
|move|p1a: Big Z|Ice Beam|p2a: Enamorus
|-supereffective|p2a: Enamorus
|-damage|p2a: Enamorus|0 fnt
|faint|p2a: Enamorus
|
|upkeep
|
|t:|1779685101
|switch|p2a: Alomomola|Alomomola, M, tera:Fairy|100/100
|turn|14
|
|t:|1779685106
|move|p2a: Alomomola|Flip Turn|p1a: Big Z
|-supereffective|p1a: Big Z
|-damage|p1a: Big Z|49/100
|
|t:|1779685110
|switch|p2a: Pecharunt|Pecharunt|100/100|[from] Flip Turn
|move|p1a: Big Z|Surf|p2a: Pecharunt
|-damage|p2a: Pecharunt|0 fnt
|faint|p2a: Pecharunt
|
|upkeep
|
|t:|1779685112
|switch|p2a: Lokix|Lokix, M|100/100
|turn|15
|
|t:|1779685120
|move|p2a: Lokix|First Impression|p1a: Big Z
|-damage|p1a: Big Z|0 fnt
|faint|p1a: Big Z
|
|upkeep
|
|t:|1779685125
|switch|p1a: Kickin' Nugget|Hitmonlee, M|100/100
|-activate|p1a: Kickin' Nugget|move: Sticky Web
|-unboost|p1a: Kickin' Nugget|spe|1
|-enditem|p1a: Kickin' Nugget|White Herb
|-clearnegativeboost|p1a: Kickin' Nugget|[silent]
|turn|16
|
|t:|1779685132
|switch|p2a: Alomomola|Alomomola, M, tera:Fairy|100/100
|move|p1a: Kickin' Nugget|Swords Dance|p1a: Kickin' Nugget
|-boost|p1a: Kickin' Nugget|atk|2
|
|upkeep
|turn|17
|
|t:|1779685138
|move|p1a: Kickin' Nugget|Swords Dance|p1a: Kickin' Nugget
|-boost|p1a: Kickin' Nugget|atk|2
|move|p2a: Alomomola|Play Rough|p1a: Kickin' Nugget
|-supereffective|p1a: Kickin' Nugget
|-damage|p1a: Kickin' Nugget|0 fnt
|faint|p1a: Kickin' Nugget
|
|win|wanyekestyzesty
|raw|jarrodbennett's rating: 1436 &rarr; <strong>1414</strong><br />(-22 for losing)
|raw|wanyekestyzesty's rating: 1407 &rarr; <strong>1429</strong><br />(+22 for winning)
|l|☆jarrodbennett
|player|p1|
|l|☆wanyekestyzesty
|player|p2|
