|j|☆Avenastar
|j|☆yotsuuba
|t:|1779618110
|gametype|singles
|player|p1|Avenastar|lady|1165
|player|p2|yotsuuba|youngcouple-gen4dp|1191
|gen|9
|tier|[Gen 9] OU
|rated|
|rule|HP Percentage Mod: HP is shown in percentages
|rule|Endless Battle Clause: Forcing endless battles is banned
|rule|Species Clause: Limit one of each Pokémon
|rule|OHKO Clause: OHKO moves are banned
|rule|Evasion Items Clause: Evasion items are banned
|rule|Evasion Moves Clause: Evasion moves are banned
|rule|Evasion Abilities Clause: Evasion abilities are banned
|rule|Sleep Moves Clause: Sleep-inducing moves are banned
|clearpoke
|poke|p1|Tornadus-Therian, M|
|poke|p1|Weezing-Galar, M|
|poke|p1|Zamazenta-*|
|poke|p1|Iron Moth|
|poke|p1|Gholdengo|
|poke|p1|Primarina, M|
|poke|p2|Crawdaunt, F|
|poke|p2|Zapdos|
|poke|p2|Great Tusk|
|poke|p2|Pelipper, M|
|poke|p2|Toxicroak, F|
|poke|p2|Keldeo-Resolute|
|teampreview
|
|t:|1779618141
|teamsize|p1|6
|teamsize|p2|6
|start
|switch|p1a: Sir Robert Peel|Weezing-Galar, M|100/100
|switch|p2a: Pelipper|Pelipper, M|100/100
|-ability|p1a: Sir Robert Peel|Neutralizing Gas
|turn|1
|
|t:|1779618148
|move|p2a: Pelipper|U-turn|p1a: Sir Robert Peel
|-resisted|p1a: Sir Robert Peel
|-damage|p1a: Sir Robert Peel|99/100
|
|t:|1779618153
|switch|p2a: Great Tusk|Great Tusk|100/100|[from] U-turn
|move|p1a: Sir Robert Peel|Will-O-Wisp|p2a: Great Tusk
|-status|p2a: Great Tusk|brn
|
|-heal|p1a: Sir Robert Peel|100/100|[from] item: Leftovers
|-damage|p2a: Great Tusk|94/100 brn|[from] brn
|upkeep
|turn|2
|
|t:|1779618176
|-end|p2a: Great Tusk|Protosynthesis|[silent]
|switch|p2a: Zapdos|Zapdos|100/100
|move|p1a: Sir Robert Peel|Toxic Spikes|p2a: Zapdos
|-sidestart|p2: yotsuuba|move: Toxic Spikes
|
|upkeep
|turn|3
|
|t:|1779618185
|move|p2a: Zapdos|Thunder Wave|p1a: Sir Robert Peel
|-status|p1a: Sir Robert Peel|par
|move|p1a: Sir Robert Peel|Toxic Spikes|p2a: Zapdos
|-sidestart|p2: yotsuuba|move: Toxic Spikes
|
|upkeep
|turn|4
|
|t:|1779618191
|-end|p1a: Sir Robert Peel|ability: Neutralizing Gas
|switch|p1a: Grok|Iron Moth|100/100
|move|p2a: Zapdos|Volt Switch|p1a: Grok
|-damage|p1a: Grok|71/100
|
|t:|1779618201
|switch|p2a: Great Tusk|Great Tusk|94/100 brn|[from] Volt Switch
|
|-damage|p2a: Great Tusk|88/100 brn|[from] brn
|upkeep
|turn|5
|
|t:|1779618209
|move|p2a: Great Tusk|Headlong Rush|p1a: Grok
|-supereffective|p1a: Grok
|-damage|p1a: Grok|0 fnt
|-unboost|p2a: Great Tusk|def|1
|-unboost|p2a: Great Tusk|spd|1
|faint|p1a: Grok
|-end|p1a: Grok|Quark Drive|[silent]
|
|-damage|p2a: Great Tusk|82/100 brn|[from] brn
|upkeep
|
|t:|1779618220
|switch|p1a: Primarina|Primarina, M|100/100
|turn|6
|
|t:|1779618224
|-end|p2a: Great Tusk|Protosynthesis|[silent]
|switch|p2a: Zapdos|Zapdos|100/100
|move|p1a: Primarina|Substitute|p1a: Primarina
|-start|p1a: Primarina|Substitute
|-damage|p1a: Primarina|75/100
|
|-heal|p1a: Primarina|82/100|[from] item: Leftovers
|upkeep
|turn|7
|
|t:|1779618229
|move|p2a: Zapdos|Volt Switch|p1a: Primarina
|-supereffective|p1a: Primarina
|-end|p1a: Primarina|Substitute
|
|t:|1779618238
|switch|p2a: Toxicroak|Toxicroak, F|100/100|[from] Volt Switch
|-sideend|p2: yotsuuba|move: Toxic Spikes|[of] p2a: Toxicroak
|move|p1a: Primarina|Calm Mind|p1a: Primarina
|-boost|p1a: Primarina|spa|1
|-boost|p1a: Primarina|spd|1
|
|-heal|p1a: Primarina|88/100|[from] item: Leftovers
|upkeep
|turn|8
|
|t:|1779618249
|move|p2a: Toxicroak|Swords Dance|p2a: Toxicroak
|-boost|p2a: Toxicroak|atk|2
|move|p1a: Primarina|Psychic Noise|p2a: Toxicroak
|-immune|p2a: Toxicroak|[from] ability: Dry Skin
|
|-heal|p1a: Primarina|94/100|[from] item: Leftovers
|upkeep
|turn|9
|
|t:|1779618257
|move|p2a: Toxicroak|Gunk Shot|p1a: Primarina
|-supereffective|p1a: Primarina
|-damage|p1a: Primarina|0 fnt
|faint|p1a: Primarina
|
|upkeep
|
|t:|1779618263
|switch|p1a: Reddit Gold|Gholdengo|100/100
|turn|10
|
|t:|1779618267
|move|p2a: Toxicroak|Sucker Punch|p1a: Reddit Gold
|-supereffective|p1a: Reddit Gold
|-damage|p1a: Reddit Gold|0 fnt
|faint|p1a: Reddit Gold
|
|upkeep
|
|t:|1779618278
|switch|p1a: Liberte|Tornadus-Therian, M|100/100
|turn|11
|
|t:|1779618284
|switch|p2a: Zapdos|Zapdos|100/100
|move|p1a: Liberte|Bleakwind Storm|p2a: Zapdos
|-resisted|p2a: Zapdos
|-crit|p2a: Zapdos
|-damage|p2a: Zapdos|64/100
|-unboost|p2a: Zapdos|spe|1
|
|upkeep
|turn|12
|
|t:|1779618292
|switch|p2a: Pelipper|Pelipper, M|100/100
|-weather|RainDance|[from] ability: Drizzle|[of] p2a: Pelipper
|move|p1a: Liberte|Sludge Bomb|p2a: Pelipper
|-damage|p2a: Pelipper|60/100
|
|-weather|RainDance|[upkeep]
|upkeep
|turn|13
|
|t:|1779618299
|move|p1a: Liberte|Bleakwind Storm|p2a: Pelipper
|-damage|p2a: Pelipper|0 fnt
|faint|p2a: Pelipper
|
|-weather|RainDance|[upkeep]
|upkeep
|
|t:|1779618308
|switch|p2a: Keldeo|Keldeo-Resolute|100/100
|turn|14
|
|t:|1779618338
|switch|p2a: Great Tusk|Great Tusk|82/100 brn
|move|p1a: Liberte|Bleakwind Storm|p2a: Great Tusk
|-supereffective|p2a: Great Tusk
|-damage|p2a: Great Tusk|0 fnt
|faint|p2a: Great Tusk
|-end|p2a: Great Tusk|Protosynthesis|[silent]
|
|-weather|RainDance|[upkeep]
|upkeep
|
|t:|1779618340
|switch|p2a: Crawdaunt|Crawdaunt, F|100/100
|turn|15
|
|t:|1779618355
|switch|p1a: Sir Robert Peel|Weezing-Galar, M|100/100 par
|-ability|p1a: Sir Robert Peel|Neutralizing Gas
|-terastallize|p2a: Crawdaunt|Water
|move|p2a: Crawdaunt|Aqua Jet|p1a: Sir Robert Peel
|-damage|p1a: Sir Robert Peel|59/100 par
|
|-weather|RainDance|[upkeep]
|-heal|p1a: Sir Robert Peel|65/100 par|[from] item: Leftovers
|upkeep
|turn|16
|
|t:|1779618374
|switch|p2a: Keldeo|Keldeo-Resolute|100/100
|cant|p1a: Sir Robert Peel|par
|
|-weather|RainDance|[upkeep]
|-heal|p1a: Sir Robert Peel|71/100 par|[from] item: Leftovers
|upkeep
|turn|17
|
|t:|1779618381
|move|p2a: Keldeo|Hydro Pump|p1a: Sir Robert Peel
|-damage|p1a: Sir Robert Peel|0 fnt
|faint|p1a: Sir Robert Peel
|-end|p1a: Sir Robert Peel|ability: Neutralizing Gas
|
|-weather|RainDance|[upkeep]
|upkeep
|
|t:|1779618384
|switch|p1a: Liberte|Tornadus-Therian, M|100/100
|turn|18
|
|t:|1779618388
|move|p1a: Liberte|Bleakwind Storm|p2a: Keldeo
|-supereffective|p2a: Keldeo
|-crit|p2a: Keldeo
|-damage|p2a: Keldeo|0 fnt
|faint|p2a: Keldeo
|
|-weather|RainDance|[upkeep]
|upkeep
|
|t:|1779618397
|switch|p2a: Crawdaunt|Crawdaunt, F, tera:Water|100/100
|turn|19
|
|t:|1779618403
|switch|p1a: Reddit Silver|Zamazenta|100/100
|-ability|p1a: Reddit Silver|Dauntless Shield|boost
|-boost|p1a: Reddit Silver|def|1
|move|p2a: Crawdaunt|Aqua Jet|p1a: Reddit Silver
|-damage|p1a: Reddit Silver|65/100
|
|-weather|none
|-heal|p1a: Reddit Silver|71/100|[from] item: Leftovers
|upkeep
|turn|20
|
|t:|1779618419
|switch|p2a: Zapdos|Zapdos|64/100
|move|p1a: Reddit Silver|Iron Defense|p1a: Reddit Silver
|-boost|p1a: Reddit Silver|def|2
|
|-heal|p1a: Reddit Silver|77/100|[from] item: Leftovers
|upkeep
|turn|21
|
|t:|1779618433
|-terastallize|p1a: Reddit Silver|Fairy
|move|p1a: Reddit Silver|Body Press|p2a: Zapdos
|-resisted|p2a: Zapdos
|-damage|p2a: Zapdos|21/100
|move|p2a: Zapdos|Thunder Wave|p1a: Reddit Silver
|-status|p1a: Reddit Silver|par
|
|-heal|p1a: Reddit Silver|83/100 par|[from] item: Leftovers
|upkeep
|turn|22
|
|t:|1779618442
|move|p2a: Zapdos|Hurricane|p1a: Reddit Silver
|-damage|p1a: Reddit Silver|48/100 par
|cant|p1a: Reddit Silver|par
|
|-heal|p1a: Reddit Silver|54/100 par|[from] item: Leftovers
|upkeep
|turn|23
|
|t:|1779618447
|move|p2a: Zapdos|Roost|p2a: Zapdos
|-heal|p2a: Zapdos|72/100
|-singleturn|p2a: Zapdos|move: Roost
|cant|p1a: Reddit Silver|par
|
|-heal|p1a: Reddit Silver|60/100 par|[from] item: Leftovers
|upkeep
|turn|24
|
|t:|1779618452
|move|p2a: Zapdos|Hurricane|p1a: Reddit Silver
|-damage|p1a: Reddit Silver|26/100 par
|move|p1a: Reddit Silver|Body Press|p2a: Zapdos
|-resisted|p2a: Zapdos
|-damage|p2a: Zapdos|30/100
|
|-heal|p1a: Reddit Silver|32/100 par|[from] item: Leftovers
|upkeep
|turn|25
|inactive|Battle timer is ON: inactive players will automatically lose when time's up. (requested by yotsuuba)
|
|t:|1779618465
|move|p2a: Zapdos|Hurricane|p1a: Reddit Silver
|-damage|p1a: Reddit Silver|0 fnt
|faint|p1a: Reddit Silver
|
|upkeep
|
|t:|1779618467
|switch|p1a: Liberte|Tornadus-Therian, M|100/100
|turn|26
|
|t:|1779618471
|move|p1a: Liberte|Sludge Bomb|p2a: Zapdos
|-damage|p2a: Zapdos|0 fnt
|faint|p2a: Zapdos
|
|upkeep
|
|t:|1779618475
|switch|p2a: Crawdaunt|Crawdaunt, F, tera:Water|100/100
|turn|27
|
|t:|1779618479
|move|p2a: Crawdaunt|Aqua Jet|p1a: Liberte
|-damage|p1a: Liberte|37/100
|move|p1a: Liberte|Bleakwind Storm|p2a: Crawdaunt|[miss]
|-miss|p1a: Liberte|p2a: Crawdaunt
|
|upkeep
|turn|28
|-message|Avenastar forfeited.
|
|win|yotsuuba
|raw|Avenastar's rating: 1165 &rarr; <strong>1142</strong><br />(-23 for losing)
|raw|yotsuuba's rating: 1191 &rarr; <strong>1214</strong><br />(+23 for winning)
|l|☆Avenastar
|player|p1|
|l|☆yotsuuba
|player|p2|
