|j|☆Jules93
|j|☆rafxsainz
|t:|1779569488
|gametype|singles
|player|p1|Jules93|hilbert|1177
|player|p2|rafxsainz|youngster-gen4dp|1133
|gen|9
|tier|[Gen 9] OU
|rated|
|rule|HP Percentage Mod: HP is shown in percentages
|rule|Endless Battle Clause: Forcing endless battles is banned
|rule|Species Clause: Limit one of each Pokémon
|rule|OHKO Clause: OHKO moves are banned
|rule|Evasion Items Clause: Evasion items are banned
|rule|Evasion Moves Clause: Evasion moves are banned
|rule|Evasion Abilities Clause: Evasion abilities are banned
|rule|Sleep Moves Clause: Sleep-inducing moves are banned
|clearpoke
|poke|p1|Rotom-Fan|
|poke|p1|Dusknoir, M|
|poke|p1|Infernape, F|
|poke|p1|Luxray, M|
|poke|p1|Porygon-Z|
|poke|p1|Empoleon, F|
|poke|p2|Garchomp, F|
|poke|p2|Amoonguss, F|
|poke|p2|Cinderace, F|
|poke|p2|Greninja-*, M|
|poke|p2|Blissey, F|
|poke|p2|Corviknight, F|
|teampreview
|inactive|Battle timer is ON: inactive players will automatically lose when time's up. (requested by rafxsainz)
|
|t:|1779569503
|teamsize|p1|6
|teamsize|p2|6
|start
|switch|p1a: Rotom|Rotom-Fan|100/100
|switch|p2a: Chompy|Garchomp, F, shiny|100/100
|turn|1
|
|t:|1779569526
|move|p2a: Chompy|Spikes|p1a: Rotom
|-sidestart|p1: Jules93|Spikes
|move|p1a: Rotom|Will-O-Wisp|p2a: Chompy
|-status|p2a: Chompy|brn
|
|-damage|p2a: Chompy|94/100 brn|[from] brn
|upkeep
|turn|2
|
|t:|1779569535
|switch|p1a: Dusknoir|Dusknoir, M|100/100
|-damage|p1a: Dusknoir|88/100|[from] Spikes
|-item|p2a: Chompy|Rocky Helmet|[from] ability: Frisk|[of] p1a: Dusknoir
|move|p2a: Chompy|Spikes|p1a: Dusknoir
|-sidestart|p1: Jules93|Spikes
|
|-heal|p1a: Dusknoir|94/100|[from] item: Leftovers
|-damage|p2a: Chompy|88/100 brn|[from] brn
|upkeep
|turn|3
|
|t:|1779569548
|switch|p2a: Ninjy|Greninja, M|100/100
|move|p1a: Dusknoir|Poltergeist|p2a: Ninjy
|-activate|p2a: Ninjy|move: Poltergeist|Life Orb
|-resisted|p2a: Ninjy
|-damage|p2a: Ninjy|66/100
|
|-heal|p1a: Dusknoir|100/100|[from] item: Leftovers
|upkeep
|turn|4
|
|t:|1779569560
|move|p2a: Ninjy|Dark Pulse|p1a: Dusknoir
|-supereffective|p1a: Dusknoir
|-damage|p1a: Dusknoir|20/100
|-damage|p2a: Ninjy|56/100|[from] item: Life Orb
|move|p1a: Dusknoir|Leech Life|p2a: Ninjy
|-supereffective|p2a: Ninjy
|-damage|p2a: Ninjy|0 fnt
|-heal|p1a: Dusknoir|47/100|[from] drain|[of] p2a: Ninjy
|faint|p2a: Ninjy
|
|-heal|p1a: Dusknoir|53/100|[from] item: Leftovers
|upkeep
|
|t:|1779569568
|switch|p2a: Blissey|Blissey, F, shiny|100/100
|turn|5
|
|t:|1779569582
|move|p2a: Blissey|Shadow Ball|p1a: Dusknoir
|-supereffective|p1a: Dusknoir
|-damage|p1a: Dusknoir|26/100
|move|p1a: Dusknoir|Pain Split|p2a: Blissey
|-sethp|p2a: Blissey|56/100|[from] move: Pain Split|[silent]
|-sethp|p1a: Dusknoir|100/100|[from] move: Pain Split
|
|-heal|p2a: Blissey|63/100|[from] item: Leftovers
|upkeep
|turn|6
|
|t:|1779569595
|move|p2a: Blissey|Calm Mind|p2a: Blissey
|-boost|p2a: Blissey|spa|1
|-boost|p2a: Blissey|spd|1
|move|p1a: Dusknoir|Leech Life|p2a: Blissey
|-damage|p2a: Blissey|41/100
|
|-heal|p2a: Blissey|47/100|[from] item: Leftovers
|upkeep
|turn|7
|
|t:|1779569602
|move|p2a: Blissey|Soft-Boiled|p2a: Blissey
|-heal|p2a: Blissey|97/100
|move|p1a: Dusknoir|Haze|p1a: Dusknoir
|-clearallboost
|
|-heal|p2a: Blissey|100/100|[from] item: Leftovers
|upkeep
|turn|8
|
|t:|1779569609
|move|p2a: Blissey|Stealth Rock|p1a: Dusknoir
|-sidestart|p1: Jules93|move: Stealth Rock
|move|p1a: Dusknoir|Pain Split|p2a: Blissey
|-sethp|p2a: Blissey|73/100|[from] move: Pain Split|[silent]
|-sethp|p1a: Dusknoir|100/100|[from] move: Pain Split
|
|-heal|p2a: Blissey|79/100|[from] item: Leftovers
|upkeep
|turn|9
|
|t:|1779569626
|switch|p2a: Cindy|Cinderace, F, shiny|100/100
|move|p1a: Dusknoir|Leech Life|p2a: Cindy
|-resisted|p2a: Cindy
|-damage|p2a: Cindy|87/100
|
|upkeep
|turn|10
|
|t:|1779569634
|move|p2a: Cindy|Sucker Punch|p1a: Dusknoir
|-start|p2a: Cindy|typechange|Dark|[from] ability: Libero
|-supereffective|p1a: Dusknoir
|-damage|p1a: Dusknoir|49/100
|move|p1a: Dusknoir|Poltergeist|p2a: Cindy
|-activate|p2a: Cindy|move: Poltergeist|Heavy-Duty Boots
|-resisted|p2a: Cindy
|-damage|p2a: Cindy|55/100
|
|-heal|p1a: Dusknoir|55/100|[from] item: Leftovers
|upkeep
|turn|11
|
|t:|1779569644
|move|p2a: Cindy|U-turn|p1a: Dusknoir
|-resisted|p1a: Dusknoir
|-damage|p1a: Dusknoir|47/100
|
|t:|1779569646
|switch|p2a: Chompy|Garchomp, F, shiny|88/100 brn|[from] U-turn
|move|p1a: Dusknoir|Pain Split|p2a: Chompy
|-sethp|p2a: Chompy|60/100 brn|[from] move: Pain Split|[silent]
|-sethp|p1a: Dusknoir|86/100|[from] move: Pain Split
|
|-heal|p1a: Dusknoir|92/100|[from] item: Leftovers
|-damage|p2a: Chompy|54/100 brn|[from] brn
|upkeep
|turn|12
|
|t:|1779569656
|move|p1a: Dusknoir|Poltergeist|p2a: Chompy
|-activate|p2a: Chompy|move: Poltergeist|Rocky Helmet
|-crit|p2a: Chompy
|-damage|p2a: Chompy|15/100 brn
|move|p2a: Chompy|Dragon Tail|p1a: Dusknoir
|-damage|p1a: Dusknoir|83/100
|drag|p1a: Infernape|Infernape, F|100/100
|
|-damage|p2a: Chompy|9/100 brn|[from] brn
|upkeep
|turn|13
|
|t:|1779569669
|move|p1a: Infernape|Drain Punch|p2a: Chompy
|-damage|p2a: Chompy|0 fnt
|-damage|p1a: Infernape|88/100|[from] ability: Rough Skin|[of] p2a: Chompy
|-damage|p1a: Infernape|72/100|[from] item: Rocky Helmet|[of] p2a: Chompy
|faint|p2a: Chompy
|
|upkeep
|
|t:|1779569691
|switch|p2a: Cindy|Cinderace, F, shiny|55/100
|turn|14
|
|t:|1779569700
|move|p2a: Cindy|Pyro Ball|p1a: Infernape
|-resisted|p1a: Infernape
|-damage|p1a: Infernape|24/100
|move|p1a: Infernape|Earthquake|p2a: Cindy
|-supereffective|p2a: Cindy
|-damage|p2a: Cindy|0 fnt
|faint|p2a: Cindy
|
|upkeep
|inactive|rafxsainz has 120 seconds left.
|inactive|rafxsainz has 90 seconds left.
|inactive|rafxsainz has 60 seconds left.
|-message|rafxsainz forfeited.
|
|win|Jules93
|raw|Jules93's rating: 1149 &rarr; <strong>1173</strong><br />(+24 for winning)
|raw|rafxsainz's rating: 1133 &rarr; <strong>1109</strong><br />(-24 for losing)
|l|☆rafxsainz
|player|p2|
|l|☆Jules93
|player|p1|
