|j|☆JShotV
|j|☆koolesttt
|t:|1779596150
|gametype|singles
|player|p1|JShotV|2|1328
|player|p2|koolesttt|veteran|1348
|gen|9
|tier|[Gen 9] OU
|rated|
|rule|HP Percentage Mod: HP is shown in percentages
|rule|Endless Battle Clause: Forcing endless battles is banned
|rule|Species Clause: Limit one of each Pokémon
|rule|OHKO Clause: OHKO moves are banned
|rule|Evasion Items Clause: Evasion items are banned
|rule|Evasion Moves Clause: Evasion moves are banned
|rule|Evasion Abilities Clause: Evasion abilities are banned
|rule|Sleep Moves Clause: Sleep-inducing moves are banned
|clearpoke
|poke|p1|Ogerpon-Wellspring, F|
|poke|p1|Ceruledge, M|
|poke|p1|Raging Bolt|
|poke|p1|Deoxys-Speed|
|poke|p1|Iron Treads|
|poke|p1|Grimmsnarl, M|
|poke|p2|Noctowl, M|
|poke|p2|Mienshao, M|
|poke|p2|Darkrai|
|poke|p2|Moltres|
|poke|p2|Great Tusk|
|poke|p2|Gholdengo|
|teampreview
|
|t:|1779596190
|teamsize|p1|6
|teamsize|p2|6
|start
|switch|p1a: Grimmsnarl|Grimmsnarl, M|100/100
|switch|p2a: Noctowl|Noctowl, M|100/100
|turn|1
|
|t:|1779596197
|move|p1a: Grimmsnarl|Taunt|p2a: Noctowl
|-start|p2a: Noctowl|move: Taunt
|cant|p2a: Noctowl|move: Taunt|Agility
|
|upkeep
|turn|2
|
|t:|1779596201
|move|p1a: Grimmsnarl|Reflect|p1a: Grimmsnarl
|-sidestart|p1: JShotV|Reflect
|move|p2a: Noctowl|Moonblast|p1a: Grimmsnarl
|-supereffective|p1a: Grimmsnarl
|-damage|p1a: Grimmsnarl|38/100
|
|upkeep
|turn|3
|
|t:|1779596207
|move|p1a: Grimmsnarl|Light Screen|p1a: Grimmsnarl
|-sidestart|p1: JShotV|move: Light Screen
|move|p2a: Noctowl|Moonblast|p1a: Grimmsnarl
|-supereffective|p1a: Grimmsnarl
|-damage|p1a: Grimmsnarl|9/100
|-unboost|p1a: Grimmsnarl|spa|1
|
|-end|p2a: Noctowl|move: Taunt
|upkeep
|turn|4
|
|t:|1779596214
|move|p1a: Grimmsnarl|Taunt|p2a: Noctowl
|-start|p2a: Noctowl|move: Taunt
|move|p2a: Noctowl|Hyper Voice|p1a: Grimmsnarl
|-damage|p1a: Grimmsnarl|0 fnt
|faint|p1a: Grimmsnarl
|
|upkeep
|
|t:|1779596244
|switch|p1a: Iron Treads|Iron Treads|100/100
|-enditem|p1a: Iron Treads|Booster Energy
|-activate|p1a: Iron Treads|ability: Quark Drive|[fromitem]
|-start|p1a: Iron Treads|quarkdrivespe
|turn|5
|
|t:|1779596261
|switch|p2a: Moltres|Moltres|100/100
|move|p1a: Iron Treads|Stealth Rock|p2a: Moltres
|-sidestart|p2: koolesttt|move: Stealth Rock
|
|upkeep
|turn|6
|
|t:|1779596273
|-end|p1a: Iron Treads|Quark Drive|[silent]
|switch|p1a: Deoxys|Deoxys-Speed|100/100
|-ability|p1a: Deoxys|Pressure
|move|p2a: Moltres|Roar|p1a: Deoxys
|drag|p1a: Raging Bolt|Raging Bolt|100/100
|-enditem|p1a: Raging Bolt|Booster Energy
|-activate|p1a: Raging Bolt|ability: Protosynthesis|[fromitem]
|-start|p1a: Raging Bolt|protosynthesisspa
|
|upkeep
|turn|7
|
|t:|1779596283
|switch|p2a: Great Tusk|Great Tusk|100/100
|move|p1a: Raging Bolt|Calm Mind|p1a: Raging Bolt
|-boost|p1a: Raging Bolt|spa|1
|-boost|p1a: Raging Bolt|spd|1
|
|upkeep
|turn|8
|
|t:|1779596292
|-terastallize|p1a: Raging Bolt|Flying
|move|p2a: Great Tusk|Headlong Rush|p1a: Raging Bolt
|-immune|p1a: Raging Bolt
|move|p1a: Raging Bolt|Dragon Pulse|p2a: Great Tusk
|-damage|p2a: Great Tusk|0 fnt
|faint|p2a: Great Tusk
|-end|p2a: Great Tusk|Protosynthesis|[silent]
|
|upkeep
|
|t:|1779596306
|switch|p2a: Darkrai|Darkrai|100/100
|-damage|p2a: Darkrai|88/100|[from] Stealth Rock
|turn|9
|
|t:|1779596313
|move|p2a: Darkrai|Ice Beam|p1a: Raging Bolt
|-supereffective|p1a: Raging Bolt
|-damage|p1a: Raging Bolt|74/100
|move|p1a: Raging Bolt|Thunderbolt|p2a: Darkrai
|-damage|p2a: Darkrai|0 fnt
|faint|p2a: Darkrai
|
|-sideend|p1: JShotV|Reflect
|upkeep
|
|t:|1779596316
|switch|p2a: Mienshao|Mienshao, M|100/100
|-damage|p2a: Mienshao|95/100|[from] Stealth Rock
|turn|10
|
|t:|1779596321
|move|p1a: Raging Bolt|Thunderclap|p2a: Mienshao
|-damage|p2a: Mienshao|0 fnt
|faint|p2a: Mienshao
|
|-sideend|p1: JShotV|move: Light Screen
|upkeep
|-message|koolesttt forfeited.
|
|win|JShotV
|raw|JShotV's rating: 1328 &rarr; <strong>1349</strong><br />(+21 for winning)
|raw|koolesttt's rating: 1348 &rarr; <strong>1327</strong><br />(-21 for losing)
|l|☆koolesttt
|player|p2|
|l|☆JShotV
|player|p1|
