|j|☆gameygame6
|j|☆yzyang
|t:|1779687048
|gametype|singles
|player|p1|gameygame6|beauty-gen4dp|1331
|player|p2|yzyang|266|1285
|gen|9
|tier|[Gen 9] OU
|rated|
|rule|HP Percentage Mod: HP is shown in percentages
|rule|Endless Battle Clause: Forcing endless battles is banned
|rule|Species Clause: Limit one of each Pokémon
|rule|OHKO Clause: OHKO moves are banned
|rule|Evasion Items Clause: Evasion items are banned
|rule|Evasion Moves Clause: Evasion moves are banned
|rule|Evasion Abilities Clause: Evasion abilities are banned
|rule|Sleep Moves Clause: Sleep-inducing moves are banned
|clearpoke
|poke|p1|Iron Moth|
|poke|p1|Gliscor, F|
|poke|p1|Hatterene, F|
|poke|p1|Ogerpon-Wellspring, F|
|poke|p1|Raging Bolt|
|poke|p1|Zamazenta-*|
|poke|p2|Alomomola, F|
|poke|p2|Slowking, M|
|poke|p2|Corviknight, M|
|poke|p2|Blaziken, M|
|poke|p2|Ambipom, F|
|poke|p2|Meowscarada, F|
|teampreview
|inactive|Battle timer is ON: inactive players will automatically lose when time's up. (requested by gameygame6)
|
|t:|1779687069
|teamsize|p1|6
|teamsize|p2|6
|start
|switch|p1a: Zamazenta|Zamazenta|100/100
|switch|p2a: Meowscarada|Meowscarada, F|100/100
|-ability|p1a: Zamazenta|Dauntless Shield|boost
|-boost|p1a: Zamazenta|def|1
|turn|1
|
|t:|1779687077
|move|p2a: Meowscarada|U-turn|p1a: Zamazenta
|-start|p2a: Meowscarada|typechange|Bug|[from] ability: Protean
|-resisted|p1a: Zamazenta
|-damage|p1a: Zamazenta|92/100
|
|t:|1779687082
|switch|p2a: Alomomola|Alomomola, F|100/100|[from] U-turn
|move|p1a: Zamazenta|Reflect|p1a: Zamazenta
|-sidestart|p1: gameygame6|Reflect
|
|upkeep
|turn|2
|
|t:|1779687089
|switch|p1a: Ogerpon|Ogerpon-Wellspring, F|100/100
|move|p2a: Alomomola|Flip Turn|p1a: Ogerpon
|-immune|p1a: Ogerpon|[from] ability: Water Absorb
|
|upkeep
|turn|3
|
|t:|1779687096
|switch|p2a: Corviknight|Corviknight, M|100/100
|-ability|p2a: Corviknight|Pressure
|move|p1a: Ogerpon|Swords Dance|p1a: Ogerpon
|-boost|p1a: Ogerpon|atk|2
|
|upkeep
|turn|4
|
|t:|1779687105
|move|p1a: Ogerpon|Ivy Cudgel|p2a: Corviknight|[anim] Ivy Cudgel Water
|-damage|p2a: Corviknight|13/100
|move|p2a: Corviknight|U-turn|p1a: Ogerpon
|-supereffective|p1a: Ogerpon
|-damage|p1a: Ogerpon|82/100
|
|t:|1779687113
|switch|p2a: Ambipom|Ambipom, F|100/100|[from] U-turn
|
|upkeep
|turn|5
|
|t:|1779687119
|-terastallize|p2a: Ambipom|Normal
|move|p2a: Ambipom|Fake Out|p1a: Ogerpon
|-damage|p1a: Ogerpon|47/100
|cant|p1a: Ogerpon|flinch
|
|upkeep
|turn|6
|
|t:|1779687135
|switch|p2a: Alomomola|Alomomola, F|100/100
|move|p1a: Ogerpon|Trailblaze|p2a: Alomomola
|-supereffective|p2a: Alomomola
|-damage|p2a: Alomomola|32/100
|-boost|p1a: Ogerpon|spe|1
|-damage|p1a: Ogerpon|30/100|[from] item: Rocky Helmet|[of] p2a: Alomomola
|
|upkeep
|turn|7
|
|t:|1779687146
|switch|p2a: Blaziken|Blaziken, M|100/100
|move|p1a: Ogerpon|Ivy Cudgel|p2a: Blaziken|[anim] Ivy Cudgel Water
|-supereffective|p2a: Blaziken
|-enditem|p2a: Blaziken|Focus Sash
|-damage|p2a: Blaziken|1/100
|
|upkeep
|turn|8
|
|t:|1779687155
|move|p1a: Ogerpon|Ivy Cudgel|p2a: Blaziken|[anim] Ivy Cudgel Water
|-supereffective|p2a: Blaziken
|-damage|p2a: Blaziken|0 fnt
|faint|p2a: Blaziken
|
|-sideend|p1: gameygame6|Reflect
|upkeep
|
|t:|1779687162
|switch|p2a: Meowscarada|Meowscarada, F|100/100
|turn|9
|
|t:|1779687168
|move|p2a: Meowscarada|U-turn|p1a: Ogerpon
|-start|p2a: Meowscarada|typechange|Bug|[from] ability: Protean
|-supereffective|p1a: Ogerpon
|-damage|p1a: Ogerpon|0 fnt
|faint|p1a: Ogerpon
|
|t:|1779687180
|switch|p2a: Ambipom|Ambipom, F, tera:Normal|100/100|[from] U-turn
|
|upkeep
|
|t:|1779687184
|switch|p1a: Zamazenta|Zamazenta|92/100
|turn|10
|
|t:|1779687188
|move|p2a: Ambipom|Fake Out|p1a: Zamazenta
|-damage|p1a: Zamazenta|53/100
|cant|p1a: Zamazenta|flinch
|
|upkeep
|turn|11
|
|t:|1779687195
|switch|p2a: Slowking|Slowking, M|100/100
|move|p1a: Zamazenta|Reflect|p1a: Zamazenta
|-sidestart|p1: gameygame6|Reflect
|
|upkeep
|turn|12
|
|t:|1779687209
|move|p1a: Zamazenta|Light Screen|p1a: Zamazenta
|-sidestart|p1: gameygame6|move: Light Screen
|move|p2a: Slowking|Psychic|p1a: Zamazenta
|-supereffective|p1a: Zamazenta
|-damage|p1a: Zamazenta|17/100
|
|upkeep
|turn|13
|
|t:|1779687215
|switch|p1a: Hatterene|Hatterene, F|100/100
|move|p2a: Slowking|Psychic|p1a: Hatterene
|-resisted|p1a: Hatterene
|-damage|p1a: Hatterene|88/100
|
|-heal|p1a: Hatterene|94/100|[from] item: Leftovers
|upkeep
|turn|14
|inactive|yzyang has 120 seconds left.
|
|t:|1779687259
|move|p1a: Hatterene|Calm Mind|p1a: Hatterene
|-boost|p1a: Hatterene|spa|1
|-boost|p1a: Hatterene|spd|1
|move|p2a: Slowking|Psychic|p1a: Hatterene
|-resisted|p1a: Hatterene
|-damage|p1a: Hatterene|86/100
|
|-heal|p1a: Hatterene|92/100|[from] item: Leftovers
|upkeep
|turn|15
|
|t:|1779687278
|switch|p2a: Corviknight|Corviknight, M|13/100
|-ability|p2a: Corviknight|Pressure
|move|p1a: Hatterene|Calm Mind|p1a: Hatterene
|-boost|p1a: Hatterene|spa|1
|-boost|p1a: Hatterene|spd|1
|
|-heal|p2a: Corviknight|19/100|[from] item: Leftovers
|-heal|p1a: Hatterene|98/100|[from] item: Leftovers
|upkeep
|turn|16
|
|t:|1779687289
|move|p2a: Corviknight|Roost|p2a: Corviknight
|-heal|p2a: Corviknight|69/100
|-singleturn|p2a: Corviknight|move: Roost
|move|p1a: Hatterene|Calm Mind|p1a: Hatterene
|-boost|p1a: Hatterene|spa|1
|-boost|p1a: Hatterene|spd|1
|
|-heal|p2a: Corviknight|75/100|[from] item: Leftovers
|-heal|p1a: Hatterene|100/100|[from] item: Leftovers
|upkeep
|turn|17
|
|t:|1779687301
|move|p2a: Corviknight|Defog|p1a: Hatterene
|move|p1a: Hatterene|Defog|p2a: Corviknight|[from] ability: Magic Bounce
|-unboost|p2a: Corviknight|evasion|1
|move|p1a: Hatterene|Mystical Fire|p2a: Corviknight
|-supereffective|p2a: Corviknight
|-damage|p2a: Corviknight|0 fnt
|faint|p2a: Corviknight
|
|upkeep
|
|t:|1779687317
|switch|p2a: Slowking|Slowking, M|100/100
|turn|18
|
|t:|1779687342
|move|p1a: Hatterene|Calm Mind|p1a: Hatterene
|-boost|p1a: Hatterene|spa|1
|-boost|p1a: Hatterene|spd|1
|move|p2a: Slowking|Trick|p1a: Hatterene
|-activate|p2a: Slowking|move: Trick|[of] p1a: Hatterene
|-item|p1a: Hatterene|Choice Specs|[from] move: Trick
|-item|p2a: Slowking|Leftovers|[from] move: Trick
|
|-sideend|p1: gameygame6|Reflect
|upkeep
|turn|19
|
|t:|1779687356
|move|p1a: Hatterene|Draining Kiss|p2a: Slowking
|-damage|p2a: Slowking|43/100
|-prepare|p2a: Slowking|Chilly Reception|[premajor]
|move|p2a: Slowking|Chilly Reception|p2a: Slowking
|-weather|Snowscape
|
|t:|1779687362
|switch|p2a: Ambipom|Ambipom, F, tera:Normal|100/100|[from] Chilly Reception
|
|-weather|Snowscape|[upkeep]
|-sideend|p1: gameygame6|move: Light Screen
|upkeep
|turn|20
|
|t:|1779687370
|move|p2a: Ambipom|Double Hit|p1a: Hatterene|[miss]
|-miss|p2a: Ambipom|p1a: Hatterene
|move|p1a: Hatterene|Draining Kiss|p2a: Ambipom
|-crit|p2a: Ambipom
|-damage|p2a: Ambipom|0 fnt
|faint|p2a: Ambipom
|
|-weather|Snowscape|[upkeep]
|upkeep
|-message|yzyang forfeited.
|
|win|gameygame6
|raw|gameygame6's rating: 1331 &rarr; <strong>1348</strong><br />(+17 for winning)
|raw|yzyang's rating: 1285 &rarr; <strong>1263</strong><br />(-22 for losing)
|l|☆yzyang
|player|p2|
|l|☆gameygame6
|player|p1|
