|j|☆phreshoatmeal
|j|☆Iron Fist286
|t:|1779681855
|gametype|singles
|player|p1|phreshoatmeal|266|1406
|player|p2|Iron Fist286|n|1412
|gen|9
|tier|[Gen 9] OU
|rated|
|rule|HP Percentage Mod: HP is shown in percentages
|rule|Endless Battle Clause: Forcing endless battles is banned
|rule|Species Clause: Limit one of each Pokémon
|rule|OHKO Clause: OHKO moves are banned
|rule|Evasion Items Clause: Evasion items are banned
|rule|Evasion Moves Clause: Evasion moves are banned
|rule|Evasion Abilities Clause: Evasion abilities are banned
|rule|Sleep Moves Clause: Sleep-inducing moves are banned
|clearpoke
|poke|p1|Excadrill, F|
|poke|p1|Tyranitar, F|
|poke|p1|Indeedee, M|
|poke|p1|Amoonguss, M|
|poke|p1|Hatterene, F|
|poke|p1|Heatran, F|
|poke|p2|Tyranitar, M|
|poke|p2|Excadrill, M|
|poke|p2|Iron Valiant|
|poke|p2|Zapdos|
|poke|p2|Ogerpon, F|
|poke|p2|Toxapex, M|
|teampreview
|
|t:|1779681888
|teamsize|p1|6
|teamsize|p2|6
|start
|switch|p1a: Hatterene|Hatterene, F|100/100
|switch|p2a: Excadrill|Excadrill, M, shiny|100/100
|turn|1
|
|t:|1779681904
|move|p2a: Excadrill|Earthquake|p1a: Hatterene
|-damage|p1a: Hatterene|52/100
|move|p1a: Hatterene|Gravity|p1a: Hatterene
|-fieldstart|move: Gravity
|
|-heal|p1a: Hatterene|58/100|[from] item: Leftovers
|upkeep
|turn|2
|
|t:|1779681954
|switch|p1a: Amoonguss|Amoonguss, M|100/100
|move|p2a: Excadrill|Substitute|p2a: Excadrill
|-start|p2a: Excadrill|Substitute
|-damage|p2a: Excadrill|76/100
|
|-heal|p2a: Excadrill|82/100|[from] item: Leftovers
|upkeep
|turn|3
|
|t:|1779681964
|move|p2a: Excadrill|Earthquake|p1a: Amoonguss
|-damage|p1a: Amoonguss|59/100
|-enditem|p1a: Amoonguss|Eject Button
|
|t:|1779681985
|switch|p1a: Hatterene|Hatterene, F|58/100
|
|-heal|p2a: Excadrill|88/100|[from] item: Leftovers
|-heal|p1a: Hatterene|64/100|[from] item: Leftovers
|upkeep
|turn|4
|
|t:|1779681991
|switch|p1a: Amoonguss|Amoonguss, M|92/100
|move|p2a: Excadrill|Earthquake|p1a: Amoonguss
|-damage|p1a: Amoonguss|46/100
|
|-heal|p2a: Excadrill|94/100|[from] item: Leftovers
|upkeep
|turn|5
|
|t:|1779681998
|move|p2a: Excadrill|Earthquake|p1a: Amoonguss
|-damage|p1a: Amoonguss|5/100
|move|p1a: Amoonguss|Foul Play|p2a: Excadrill
|-end|p2a: Excadrill|Substitute
|
|-heal|p2a: Excadrill|99/100|[from] item: Leftovers
|-fieldend|move: Gravity
|upkeep
|turn|6
|
|t:|1779682016
|move|p2a: Excadrill|Earthquake|p1a: Amoonguss
|-damage|p1a: Amoonguss|0 fnt
|faint|p1a: Amoonguss
|
|-heal|p2a: Excadrill|100/100|[from] item: Leftovers
|upkeep
|
|t:|1779682022
|switch|p1a: Excadrill|Excadrill, F|100/100
|turn|7
|
|t:|1779682030
|switch|p2a: Zapdos|Zapdos, shiny|100/100
|-terastallize|p1a: Excadrill|Ground
|move|p1a: Excadrill|Earthquake|p2a: Zapdos
|-immune|p2a: Zapdos
|
|upkeep
|turn|8
|inactive|Battle timer is ON: inactive players will automatically lose when time's up. (requested by phreshoatmeal)
|
|t:|1779682060
|switch|p1a: Indeedee|Indeedee, M|100/100
|-fieldstart|move: Psychic Terrain|[from] ability: Psychic Surge|[of] p1a: Indeedee
|move|p2a: Zapdos|Hurricane|p1a: Indeedee|[miss]
|-miss|p2a: Zapdos|p1a: Indeedee
|
|upkeep
|turn|9
|
|t:|1779682084
|switch|p1a: Hatterene|Hatterene, F|64/100
|move|p2a: Zapdos|Volt Switch|p1a: Hatterene
|-damage|p1a: Hatterene|28/100
|
|t:|1779682097
|switch|p2a: Ogerpon|Ogerpon, F|100/100|[from] Volt Switch
|
|-heal|p1a: Hatterene|34/100|[from] item: Leftovers
|upkeep
|turn|10
|inactive|Iron Fist286 has 120 seconds left.
|
|t:|1779682127
|switch|p1a: Heatran|Heatran, F|100/100
|move|p2a: Ogerpon|Knock Off|p1a: Heatran
|-damage|p1a: Heatran|70/100
|-enditem|p1a: Heatran|Leftovers|[from] move: Knock Off|[of] p2a: Ogerpon
|
|upkeep
|turn|11
|inactive|Iron Fist286 has 120 seconds left.
|
|t:|1779682149
|switch|p2a: Zapdos|Zapdos, shiny|100/100
|move|p1a: Heatran|Magma Storm|p2a: Zapdos
|-damage|p2a: Zapdos|51/100
|-activate|p2a: Zapdos|move: Magma Storm|[of] p1a: Heatran
|
|-damage|p2a: Zapdos|39/100|[from] move: Magma Storm|[partiallytrapped]
|upkeep
|turn|12
|inactive|Iron Fist286 has 90 seconds left.
|
|t:|1779682180
|move|p2a: Zapdos|Volt Switch|p1a: Heatran
|-damage|p1a: Heatran|38/100
|
|t:|1779682185
|switch|p2a: Toxapex|Toxapex, M, shiny|100/100|[from] Volt Switch
|move|p1a: Heatran|Magma Storm|p2a: Toxapex|[miss]
|-miss|p1a: Heatran|p2a: Toxapex
|
|-fieldend|move: Psychic Terrain
|upkeep
|turn|13
|inactive|Iron Fist286 has 90 seconds left.
|
|t:|1779682198
|switch|p2a: Tyranitar|Tyranitar, M, shiny|100/100
|-weather|Sandstorm|[from] ability: Sand Stream|[of] p2a: Tyranitar
|move|p1a: Heatran|Magma Storm|p2a: Tyranitar|[miss]
|-miss|p1a: Heatran|p2a: Tyranitar
|
|-weather|Sandstorm|[upkeep]
|upkeep
|turn|14
|
|t:|1779682206
|switch|p1a: Excadrill|Excadrill, F, tera:Ground|100/100
|move|p2a: Tyranitar|Low Kick|p1a: Excadrill
|-damage|p1a: Excadrill|65/100
|
|-weather|Sandstorm|[upkeep]
|upkeep
|turn|15
|
|t:|1779682215
|switch|p2a: Zapdos|Zapdos, shiny|39/100
|move|p1a: Excadrill|Rock Slide|p2a: Zapdos
|-supereffective|p2a: Zapdos
|-damage|p2a: Zapdos|0 fnt
|faint|p2a: Zapdos
|
|-weather|Sandstorm|[upkeep]
|upkeep
|
|t:|1779682224
|switch|p2a: Toxapex|Toxapex, M, shiny|100/100
|turn|16
|
|t:|1779682238
|switch|p1a: Hatterene|Hatterene, F|34/100
|-terastallize|p2a: Toxapex|Fairy
|move|p2a: Toxapex|Toxic|p1a: Hatterene
|move|p1a: Hatterene|Toxic|p2a: Toxapex|[from] ability: Magic Bounce
|-status|p2a: Toxapex|tox
|
|-weather|Sandstorm|[upkeep]
|-damage|p2a: Toxapex|95/100 tox|[from] Sandstorm
|-damage|p1a: Hatterene|28/100|[from] Sandstorm
|-heal|p1a: Hatterene|34/100|[from] item: Leftovers
|-damage|p2a: Toxapex|89/100 tox|[from] psn
|upkeep
|turn|17
|
|t:|1779682254
|switch|p2a: Excadrill|Excadrill, M, shiny|100/100
|move|p1a: Hatterene|Pain Split|p2a: Excadrill
|-sethp|p2a: Excadrill|65/100|[from] move: Pain Split|[silent]
|-sethp|p1a: Hatterene|74/100|[from] move: Pain Split
|
|-weather|Sandstorm|[upkeep]
|-damage|p1a: Hatterene|68/100|[from] Sandstorm
|-heal|p2a: Excadrill|71/100|[from] item: Leftovers
|-heal|p1a: Hatterene|74/100|[from] item: Leftovers
|upkeep
|turn|18
|
|t:|1779682268
|move|p2a: Excadrill|Earthquake|p1a: Hatterene
|-damage|p1a: Hatterene|29/100
|move|p1a: Hatterene|Psychic Noise|p2a: Excadrill
|-resisted|p2a: Excadrill
|-damage|p2a: Excadrill|47/100
|-start|p2a: Excadrill|move: Heal Block
|
|-weather|Sandstorm|[upkeep]
|-damage|p1a: Hatterene|23/100|[from] Sandstorm
|-heal|p1a: Hatterene|29/100|[from] item: Leftovers
|upkeep
|turn|19
|
|t:|1779682277
|move|p2a: Excadrill|Earthquake|p1a: Hatterene
|-damage|p1a: Hatterene|0 fnt
|faint|p1a: Hatterene
|
|-weather|Sandstorm|[upkeep]
|-end|p2a: Excadrill|move: Heal Block
|upkeep
|
|t:|1779682285
|switch|p1a: Excadrill|Excadrill, F, tera:Ground|65/100
|turn|20
|inactive|Iron Fist286 has 120 seconds left.
|
|t:|1779682297
|switch|p2a: Toxapex|Toxapex, M, shiny, tera:Fairy|100/100 tox
|move|p1a: Excadrill|Earthquake|p2a: Toxapex
|-damage|p2a: Toxapex|15/100 tox
|
|-weather|none
|-damage|p2a: Toxapex|9/100 tox|[from] psn
|upkeep
|turn|21
|inactive|Iron Fist286 has 120 seconds left.
|
|t:|1779682317
|move|p1a: Excadrill|Earthquake|p2a: Toxapex
|-damage|p2a: Toxapex|0 fnt
|faint|p2a: Toxapex
|
|upkeep
|
|t:|1779682321
|switch|p2a: Ogerpon|Ogerpon, F|100/100
|turn|22
|
|t:|1779682327
|switch|p1a: Heatran|Heatran, F|38/100
|move|p2a: Ogerpon|Ivy Cudgel|p1a: Heatran
|-resisted|p1a: Heatran
|-damage|p1a: Heatran|25/100
|
|upkeep
|turn|23
|
|t:|1779682351
|switch|p2a: Excadrill|Excadrill, M, shiny|47/100
|move|p1a: Heatran|Magma Storm|p2a: Excadrill
|-supereffective|p2a: Excadrill
|-damage|p2a: Excadrill|0 fnt
|faint|p2a: Excadrill
|
|upkeep
|inactive|Iron Fist286 has 120 seconds left.
|
|t:|1779682369
|switch|p2a: Iron Valiant|Iron Valiant, shiny|100/100
|turn|24
|inactive|Iron Fist286 has 120 seconds left.
|
|t:|1779682387
|switch|p1a: Tyranitar|Tyranitar, F|100/100
|-weather|Sandstorm|[from] ability: Sand Stream|[of] p1a: Tyranitar
|move|p2a: Iron Valiant|Vacuum Wave|p1a: Tyranitar
|-supereffective|p1a: Tyranitar
|-damage|p1a: Tyranitar|50/100
|-enditem|p1a: Tyranitar|Eject Button
|
|t:|1779682394
|switch|p1a: Excadrill|Excadrill, F, tera:Ground|65/100
|
|-weather|Sandstorm|[upkeep]
|-damage|p2a: Iron Valiant|94/100|[from] Sandstorm
|upkeep
|turn|25
|inactive|Iron Fist286 has 120 seconds left.
|
|t:|1779682408
|-end|p2a: Iron Valiant|Quark Drive|[silent]
|switch|p2a: Tyranitar|Tyranitar, M, shiny|100/100
|move|p1a: Excadrill|Iron Head|p2a: Tyranitar
|-supereffective|p2a: Tyranitar
|-damage|p2a: Tyranitar|0 fnt
|faint|p2a: Tyranitar
|
|-weather|Sandstorm|[upkeep]
|upkeep
|
|t:|1779682411
|switch|p2a: Ogerpon|Ogerpon, F|100/100
|turn|26
|
|t:|1779682414
|switch|p1a: Heatran|Heatran, F|25/100
|move|p2a: Ogerpon|Ivy Cudgel|p1a: Heatran
|-resisted|p1a: Heatran
|-damage|p1a: Heatran|11/100
|
|-weather|Sandstorm|[upkeep]
|-damage|p2a: Ogerpon|95/100|[from] Sandstorm
|upkeep
|turn|27
|
|t:|1779682423
|move|p2a: Ogerpon|Ivy Cudgel|p1a: Heatran
|-resisted|p1a: Heatran
|-damage|p1a: Heatran|0 fnt
|faint|p1a: Heatran
|
|-weather|Sandstorm|[upkeep]
|-damage|p2a: Ogerpon|89/100|[from] Sandstorm
|upkeep
|
|t:|1779682426
|switch|p1a: Excadrill|Excadrill, F, tera:Ground|65/100
|turn|28
|
|t:|1779682430
|move|p1a: Excadrill|Poison Jab|p2a: Ogerpon
|-supereffective|p2a: Ogerpon
|-damage|p2a: Ogerpon|0 fnt
|faint|p2a: Ogerpon
|
|-weather|none
|upkeep
|
|t:|1779682435
|switch|p2a: Iron Valiant|Iron Valiant, shiny|94/100
|turn|29
|
|t:|1779682444
|switch|p1a: Tyranitar|Tyranitar, F|50/100
|-weather|Sandstorm|[from] ability: Sand Stream|[of] p1a: Tyranitar
|move|p2a: Iron Valiant|Moonblast|p1a: Tyranitar
|-supereffective|p1a: Tyranitar
|-damage|p1a: Tyranitar|0 fnt
|faint|p1a: Tyranitar
|
|-weather|Sandstorm|[upkeep]
|-damage|p2a: Iron Valiant|88/100|[from] Sandstorm
|upkeep
|
|t:|1779682453
|switch|p1a: Excadrill|Excadrill, F, tera:Ground|65/100
|turn|30
|c|☆Iron Fist286|gg
|
|t:|1779682460
|move|p1a: Excadrill|Earthquake|p2a: Iron Valiant
|-damage|p2a: Iron Valiant|0 fnt
|faint|p2a: Iron Valiant
|-end|p2a: Iron Valiant|Quark Drive|[silent]
|
|win|phreshoatmeal
|raw|phreshoatmeal's rating: 1406 &rarr; <strong>1426</strong><br />(+20 for winning)
|raw|Iron Fist286's rating: 1412 &rarr; <strong>1392</strong><br />(-20 for losing)
|l|☆phreshoatmeal
|player|p1|
|l|☆Iron Fist286
|player|p2|
