|inactive|Battle timer is ON: inactive players will automatically lose when time's up.
|t:|1779569342
|gametype|singles
|player|p1|Nowelle|roxanne-gen6|
|player|p2|thajester|102|
|gen|9
|tier|[Gen 9] OU
|rule|HP Percentage Mod: HP is shown in percentages
|rule|Endless Battle Clause: Forcing endless battles is banned
|rule|Species Clause: Limit one of each Pokémon
|rule|OHKO Clause: OHKO moves are banned
|rule|Evasion Items Clause: Evasion items are banned
|rule|Evasion Moves Clause: Evasion moves are banned
|rule|Evasion Abilities Clause: Evasion abilities are banned
|rule|Sleep Moves Clause: Sleep-inducing moves are banned
|clearpoke
|poke|p1|Clefable, M|
|poke|p1|Pecharunt|
|poke|p1|Corviknight, M|
|poke|p1|Weavile, F|
|poke|p1|Clodsire, F|
|poke|p1|Walking Wake|
|poke|p2|Ogerpon-Wellspring, F|
|poke|p2|Great Tusk|
|poke|p2|Darkrai|
|poke|p2|Dragapult, F|
|poke|p2|Glimmora, M|
|poke|p2|Dragonite, F|
|teampreview
|c|☆Nowelle|hf
|c|☆thajester|hf
|inactive|Nowelle has 270 seconds left.
|inactive|thajester has 270 seconds left.
|
|t:|1779569382
|teamsize|p1|6
|teamsize|p2|6
|start
|switch|p1a: Clodsire|Clodsire, F|100/100
|switch|p2a: Dragapult|Dragapult, F|100/100
|turn|1
|
|t:|1779569386
|move|p2a: Dragapult|U-turn|p1a: Clodsire
|-resisted|p1a: Clodsire
|-damage|p1a: Clodsire|89/100
|
|t:|1779569388
|switch|p2a: Glimmora|Glimmora, M|100/100|[from] U-turn
|move|p1a: Clodsire|Toxic|p2a: Glimmora
|-immune|p2a: Glimmora
|
|upkeep
|turn|2
|
|t:|1779569392
|move|p2a: Glimmora|Stealth Rock|p1a: Clodsire
|-sidestart|p1: Nowelle|move: Stealth Rock
|move|p1a: Clodsire|Spikes|p2a: Glimmora
|-sidestart|p2: thajester|Spikes
|
|upkeep
|turn|3
|
|t:|1779569396
|move|p2a: Glimmora|Earth Power|p1a: Clodsire
|-supereffective|p1a: Clodsire
|-damage|p1a: Clodsire|60/100
|move|p1a: Clodsire|Earthquake|p2a: Glimmora
|-supereffective|p2a: Glimmora
|-damage|p2a: Glimmora|15/100
|-activate|p2a: Glimmora|ability: Toxic Debris
|-sidestart|p1: Nowelle|move: Toxic Spikes
|-enditem|p2a: Glimmora|Red Card|[of] p1a: Clodsire
|drag|p1a: Corviknight|Corviknight, M|100/100
|-damage|p1a: Corviknight|88/100|[from] Stealth Rock
|-ability|p1a: Corviknight|Pressure
|
|upkeep
|turn|4
|
|t:|1779569410
|switch|p1a: Clodsire|Clodsire, F|60/100
|-sideend|p1: Nowelle|move: Toxic Spikes|[of] p1a: Clodsire
|move|p2a: Glimmora|Power Gem|p1a: Clodsire
|-resisted|p1a: Clodsire
|-damage|p1a: Clodsire|51/100
|
|upkeep
|turn|5
|
|t:|1779569426
|move|p2a: Glimmora|Earth Power|p1a: Clodsire
|-supereffective|p1a: Clodsire
|-damage|p1a: Clodsire|23/100
|move|p1a: Clodsire|Recover|p1a: Clodsire
|-heal|p1a: Clodsire|73/100
|
|upkeep
|turn|6
|
|t:|1779569431
|switch|p2a: Great Tusk|Great Tusk|100/100
|-damage|p2a: Great Tusk|88/100|[from] Spikes
|-enditem|p2a: Great Tusk|Booster Energy
|-activate|p2a: Great Tusk|ability: Protosynthesis|[fromitem]
|-start|p2a: Great Tusk|protosynthesisatk
|move|p1a: Clodsire|Recover|p1a: Clodsire
|-heal|p1a: Clodsire|100/100
|
|upkeep
|turn|7
|
|t:|1779569438
|switch|p1a: Clefable|Clefable, M|100/100
|move|p2a: Great Tusk|Close Combat|p1a: Clefable
|-resisted|p1a: Clefable
|-damage|p1a: Clefable|63/100
|-unboost|p2a: Great Tusk|def|1
|-unboost|p2a: Great Tusk|spd|1
|
|-heal|p1a: Clefable|70/100|[from] item: Leftovers
|upkeep
|turn|8
|
|t:|1779569445
|-end|p2a: Great Tusk|Protosynthesis|[silent]
|switch|p2a: Glimmora|Glimmora, M|15/100
|-damage|p2a: Glimmora|3/100|[from] Spikes
|move|p1a: Clefable|Moonblast|p2a: Glimmora
|-resisted|p2a: Glimmora
|-damage|p2a: Glimmora|0 fnt
|faint|p2a: Glimmora
|
|-heal|p1a: Clefable|76/100|[from] item: Leftovers
|upkeep
|
|t:|1779569457
|switch|p2a: Ogerpon|Ogerpon-Wellspring, F|100/100
|-damage|p2a: Ogerpon|88/100|[from] Spikes
|turn|9
|
|t:|1779569464
|move|p2a: Ogerpon|Taunt|p1a: Clefable
|-start|p1a: Clefable|move: Taunt
|cant|p1a: Clefable|move: Taunt|Encore
|
|-heal|p1a: Clefable|82/100|[from] item: Leftovers
|upkeep
|turn|10
|
|t:|1779569468
|switch|p1a: Pecharunt|Pecharunt|100/100
|move|p2a: Ogerpon|Knock Off|p1a: Pecharunt
|-supereffective|p1a: Pecharunt
|-damage|p1a: Pecharunt|53/100
|-enditem|p1a: Pecharunt|Heavy-Duty Boots|[from] move: Knock Off|[of] p2a: Ogerpon
|
|upkeep
|turn|11
|
|t:|1779569484
|move|p2a: Ogerpon|Taunt|p1a: Pecharunt
|-start|p1a: Pecharunt|move: Taunt
|cant|p1a: Pecharunt|move: Taunt|Recover
|
|upkeep
|turn|12
|
|t:|1779569492
|move|p2a: Ogerpon|Ivy Cudgel|p1a: Pecharunt|[anim] Ivy Cudgel Water
|-damage|p1a: Pecharunt|20/100
|move|p1a: Pecharunt|Malignant Chain|p2a: Ogerpon
|-supereffective|p2a: Ogerpon
|-damage|p2a: Ogerpon|10/100
|-status|p2a: Ogerpon|tox
|-start|p2a: Ogerpon|confusion|[from] ability: Poison Puppeteer|[of] p1a: Pecharunt
|
|-damage|p2a: Ogerpon|4/100 tox|[from] psn
|upkeep
|turn|13
|
|t:|1779569500
|-activate|p2a: Ogerpon|confusion
|move|p2a: Ogerpon|Ivy Cudgel|p1a: Pecharunt|[anim] Ivy Cudgel Water
|-damage|p1a: Pecharunt|0 fnt
|faint|p1a: Pecharunt
|
|-damage|p2a: Ogerpon|0 fnt|[from] psn
|faint|p2a: Ogerpon
|upkeep
|
|t:|1779569508
|switch|p2a: Darkrai|Darkrai|100/100
|switch|p1a: Clefable|Clefable, M|82/100
|-damage|p2a: Darkrai|88/100|[from] Spikes
|turn|14
|
|t:|1779569514
|switch|p1a: Clodsire|Clodsire, F|100/100
|move|p2a: Darkrai|Sludge Bomb|p1a: Clodsire
|-resisted|p1a: Clodsire
|-damage|p1a: Clodsire|95/100
|-damage|p2a: Darkrai|78/100|[from] item: Life Orb
|
|upkeep
|turn|15
|
|t:|1779569520
|switch|p2a: Dragapult|Dragapult, F|100/100
|-damage|p2a: Dragapult|88/100|[from] Spikes
|move|p1a: Clodsire|Earthquake|p2a: Dragapult
|-damage|p2a: Dragapult|54/100
|
|upkeep
|turn|16
|
|t:|1779569523
|move|p2a: Dragapult|Dragon Darts|p1a: Clodsire
|-damage|p1a: Clodsire|70/100
|-anim|p2a: Dragapult|Dragon Darts|p1a: Clodsire
|-damage|p1a: Clodsire|47/100
|move|p1a: Clodsire|Toxic|p2a: Dragapult
|-status|p2a: Dragapult|tox
|
|-damage|p2a: Dragapult|48/100 tox|[from] psn
|upkeep
|turn|17
|
|t:|1779569529
|move|p2a: Dragapult|Dragon Darts|p1a: Clodsire
|-damage|p1a: Clodsire|21/100
|-anim|p2a: Dragapult|Dragon Darts|p1a: Clodsire
|-damage|p1a: Clodsire|0 fnt
|faint|p1a: Clodsire
|
|-damage|p2a: Dragapult|36/100 tox|[from] psn
|upkeep
|
|t:|1779569531
|switch|p1a: Weavile|Weavile, F|100/100
|-ability|p1a: Weavile|Pressure
|turn|18
|
|t:|1779569538
|move|p1a: Weavile|Ice Shard|p2a: Dragapult
|-supereffective|p2a: Dragapult
|-damage|p2a: Dragapult|0 fnt
|faint|p2a: Dragapult
|
|upkeep
|
|t:|1779569553
|switch|p2a: Dragonite|Dragonite, F|100/100
|turn|19
|
|t:|1779569560
|-terastallize|p2a: Dragonite|Normal
|move|p2a: Dragonite|Extreme Speed|p1a: Weavile
|-crit|p1a: Weavile
|-damage|p1a: Weavile|0 fnt
|faint|p1a: Weavile
|
|upkeep
|
|t:|1779569567
|switch|p1a: Corviknight|Corviknight, M|88/100
|-damage|p1a: Corviknight|75/100|[from] Stealth Rock
|-ability|p1a: Corviknight|Pressure
|turn|20
|
|t:|1779569572
|switch|p2a: Darkrai|Darkrai|78/100
|-damage|p2a: Darkrai|66/100|[from] Spikes
|move|p1a: Corviknight|Body Press|p2a: Darkrai
|-supereffective|p2a: Darkrai
|-damage|p2a: Darkrai|2/100
|
|upkeep
|turn|21
|
|t:|1779569581
|switch|p1a: Clefable|Clefable, M|82/100
|move|p2a: Darkrai|Dark Pulse|p1a: Clefable
|-resisted|p1a: Clefable
|-damage|p1a: Clefable|54/100
|-damage|p2a: Darkrai|0 fnt|[from] item: Life Orb
|faint|p2a: Darkrai
|
|-heal|p1a: Clefable|60/100|[from] item: Leftovers
|upkeep
|
|t:|1779569587
|switch|p2a: Dragonite|Dragonite, F, tera:Normal|100/100
|turn|22
|
|t:|1779569589
|move|p2a: Dragonite|Dragon Dance|p2a: Dragonite
|-boost|p2a: Dragonite|atk|1
|-boost|p2a: Dragonite|spe|1
|move|p1a: Clefable|Encore|p2a: Dragonite
|-start|p2a: Dragonite|Encore
|
|-heal|p1a: Clefable|66/100|[from] item: Leftovers
|upkeep
|turn|23
|
|t:|1779569593
|switch|p2a: Great Tusk|Great Tusk|88/100
|-damage|p2a: Great Tusk|76/100|[from] Spikes
|move|p1a: Clefable|Moonblast|p2a: Great Tusk
|-supereffective|p2a: Great Tusk
|-damage|p2a: Great Tusk|0 fnt
|faint|p2a: Great Tusk
|-end|p2a: Great Tusk|Protosynthesis|[silent]
|
|-heal|p1a: Clefable|72/100|[from] item: Leftovers
|upkeep
|
|t:|1779569595
|switch|p2a: Dragonite|Dragonite, F, tera:Normal|100/100
|turn|24
|
|t:|1779569597
|move|p2a: Dragonite|Extreme Speed|p1a: Clefable
|-crit|p1a: Clefable
|-damage|p1a: Clefable|5/100
|move|p1a: Clefable|Encore|p2a: Dragonite
|-start|p2a: Dragonite|Encore
|
|-heal|p1a: Clefable|11/100|[from] item: Leftovers
|upkeep
|turn|25
|
|t:|1779569600
|switch|p1a: Corviknight|Corviknight, M|75/100
|-damage|p1a: Corviknight|63/100|[from] Stealth Rock
|-ability|p1a: Corviknight|Pressure
|move|p2a: Dragonite|Extreme Speed|p1a: Corviknight
|-resisted|p1a: Corviknight
|-damage|p1a: Corviknight|47/100
|-damage|p2a: Dragonite|84/100|[from] item: Rocky Helmet|[of] p1a: Corviknight
|
|upkeep
|turn|26
|
|t:|1779569604
|move|p2a: Dragonite|Extreme Speed|p1a: Corviknight
|-resisted|p1a: Corviknight
|-damage|p1a: Corviknight|31/100
|-damage|p2a: Dragonite|68/100|[from] item: Rocky Helmet|[of] p1a: Corviknight
|move|p1a: Corviknight|Body Press|p2a: Dragonite
|-supereffective|p2a: Dragonite
|-damage|p2a: Dragonite|19/100
|
|upkeep
|turn|27
|
|t:|1779569608
|move|p2a: Dragonite|Extreme Speed|p1a: Corviknight
|-resisted|p1a: Corviknight
|-damage|p1a: Corviknight|15/100
|-damage|p2a: Dragonite|3/100|[from] item: Rocky Helmet|[of] p1a: Corviknight
|move|p1a: Corviknight|Body Press|p2a: Dragonite
|-supereffective|p2a: Dragonite
|-damage|p2a: Dragonite|0 fnt
|faint|p2a: Dragonite
|
|win|Nowelle
