|j|☆ur doggo
|j|☆Andher
|t:|1779620424
|gametype|singles
|player|p1|ur doggo|101|1480
|player|p2|Andher|shadowtriad|1434
|gen|9
|tier|[Gen 9] OU
|rated|
|rule|HP Percentage Mod: HP is shown in percentages
|rule|Endless Battle Clause: Forcing endless battles is banned
|rule|Species Clause: Limit one of each Pokémon
|rule|OHKO Clause: OHKO moves are banned
|rule|Evasion Items Clause: Evasion items are banned
|rule|Evasion Moves Clause: Evasion moves are banned
|rule|Evasion Abilities Clause: Evasion abilities are banned
|rule|Sleep Moves Clause: Sleep-inducing moves are banned
|clearpoke
|poke|p1|Iron Valiant|
|poke|p1|Pawmot, F|
|poke|p1|Kingambit, M|
|poke|p1|Landorus-Therian, M|
|poke|p1|Slowking-Galar, M|
|poke|p1|Dragonite, M|
|poke|p2|Corviknight, M|
|poke|p2|Samurott-Hisui, F|
|poke|p2|Kingambit, M|
|poke|p2|Skeledirge, F|
|poke|p2|Gengar, F|
|poke|p2|Dragapult, F|
|teampreview
|
|t:|1779620434
|teamsize|p1|6
|teamsize|p2|6
|start
|switch|p1a: Iron Valiant|Iron Valiant|100/100
|switch|p2a: Ronin|Samurott-Hisui, F|100/100
|-enditem|p1a: Iron Valiant|Booster Energy
|-activate|p1a: Iron Valiant|ability: Quark Drive|[fromitem]
|-start|p1a: Iron Valiant|quarkdrivespe
|turn|1
|
|t:|1779620446
|switch|p2a: Corax|Corviknight, M|100/100
|-ability|p2a: Corax|Pressure
|move|p1a: Iron Valiant|Moonblast|p2a: Corax
|-resisted|p2a: Corax
|-damage|p2a: Corax|87/100
|
|upkeep
|turn|2
|
|t:|1779620460
|move|p1a: Iron Valiant|Destiny Bond|p1a: Iron Valiant
|-singlemove|p1a: Iron Valiant|Destiny Bond
|move|p2a: Corax|Brave Bird|p1a: Iron Valiant
|-supereffective|p1a: Iron Valiant
|-damage|p1a: Iron Valiant|11/100
|-damage|p2a: Corax|65/100|[from] Recoil
|
|upkeep
|turn|3
|
|t:|1779620472
|move|p1a: Iron Valiant|Close Combat|p2a: Corax
|-damage|p2a: Corax|22/100
|-unboost|p1a: Iron Valiant|def|1
|-unboost|p1a: Iron Valiant|spd|1
|-damage|p1a: Iron Valiant|0 fnt|[from] item: Rocky Helmet|[of] p2a: Corax
|faint|p1a: Iron Valiant
|-end|p1a: Iron Valiant|Quark Drive|[silent]
|move|p2a: Corax|Body Press|p1: Iron Valiant|[notarget]
|-fail|p2a: Corax
|
|upkeep
|
|t:|1779620480
|switch|p1a: Pawmot|Pawmot, F|100/100
|turn|4
|
|t:|1779620489
|switch|p2a: Ombra|Dragapult, F|100/100
|move|p1a: Pawmot|Double Shock|p2a: Ombra
|-resisted|p2a: Ombra
|-damage|p2a: Ombra|61/100
|-start|p1a: Pawmot|typechange|???/Fighting|[from] move: Double Shock
|
|upkeep
|turn|5
|
|t:|1779620498
|move|p2a: Ombra|Flamethrower|p1a: Pawmot
|-damage|p1a: Pawmot|32/100
|move|p1a: Pawmot|Revival Blessing|p1a: Pawmot
|-enditem|p1a: Pawmot|Leppa Berry|[eat]
|-activate|p1a: Pawmot|item: Leppa Berry|Revival Blessing|[consumed]
|
|t:|1779620501
|-heal|p1: Iron Valiant|50/100|[from] move: Revival Blessing
|
|upkeep
|turn|6
|
|t:|1779620510
|switch|p1a: Slowking|Slowking-Galar, M|100/100
|move|p2a: Ombra|Flamethrower|p1a: Slowking
|-damage|p1a: Slowking|79/100
|
|upkeep
|turn|7
|
|t:|1779620518
|switch|p2a: Ronin|Samurott-Hisui, F|100/100
|-prepare|p1a: Slowking|Chilly Reception|[premajor]
|move|p1a: Slowking|Chilly Reception|p1a: Slowking
|-weather|Snowscape
|
|t:|1779620520
|switch|p1a: Iron Valiant|Iron Valiant|50/100|[from] Chilly Reception
|
|-weather|Snowscape|[upkeep]
|upkeep
|turn|8
|
|t:|1779620529
|move|p2a: Ronin|Flip Turn|p1a: Iron Valiant
|-damage|p1a: Iron Valiant|12/100
|inactive|Battle timer is ON: inactive players will automatically lose when time's up. (requested by ur doggo)
|
|t:|1779620535
|switch|p2a: Malson|Gengar, F, shiny|100/100|[from] Flip Turn
|move|p1a: Iron Valiant|Close Combat|p2a: Malson
|-immune|p2a: Malson
|
|-weather|Snowscape|[upkeep]
|upkeep
|turn|9
|
|t:|1779620544
|-end|p1a: Iron Valiant|Quark Drive|[silent]
|switch|p1a: Kingambit|Kingambit, M|100/100
|-activate|p1a: Kingambit|ability: Supreme Overlord
|-start|p1a: Kingambit|fallen1|[silent]
|move|p2a: Malson|Shadow Ball|p1a: Kingambit
|-resisted|p1a: Kingambit
|-damage|p1a: Kingambit|76/100
|
|-weather|Snowscape|[upkeep]
|upkeep
|turn|10
|
|t:|1779620554
|switch|p2a: Ronin|Samurott-Hisui, F|100/100
|move|p1a: Kingambit|Kowtow Cleave|p2a: Ronin
|-resisted|p2a: Ronin
|-damage|p2a: Ronin|57/100
|
|-weather|Snowscape|[upkeep]
|upkeep
|turn|11
|
|t:|1779620575
|-end|p1a: Kingambit|fallen1|[silent]
|switch|p1a: Landorus|Landorus-Therian, M|100/100
|-ability|p1a: Landorus|Intimidate|boost
|-unboost|p2a: Ronin|atk|1
|move|p2a: Ronin|Sacred Sword|p1a: Landorus
|-resisted|p1a: Landorus
|-damage|p1a: Landorus|88/100
|-damage|p2a: Ronin|41/100|[from] item: Rocky Helmet|[of] p1a: Landorus
|
|-weather|none
|upkeep
|turn|12
|
|t:|1779620587
|switch|p2a: Ombra|Dragapult, F|61/100
|move|p1a: Landorus|Stealth Rock|p2a: Ombra
|-sidestart|p2: Andher|move: Stealth Rock
|
|upkeep
|turn|13
|
|t:|1779620594
|switch|p1a: Kingambit|Kingambit, M|76/100
|-activate|p1a: Kingambit|ability: Supreme Overlord
|-start|p1a: Kingambit|fallen1|[silent]
|move|p2a: Ombra|Surf|p1a: Kingambit
|-damage|p1a: Kingambit|27/100
|
|upkeep
|turn|14
|
|t:|1779620610
|switch|p2a: Mort|Skeledirge, F|100/100
|move|p1a: Kingambit|Sucker Punch||[still]
|-fail|p1a: Kingambit
|
|upkeep
|turn|15
|
|t:|1779620619
|-end|p1a: Kingambit|fallen1|[silent]
|switch|p1a: Slowking|Slowking-Galar, M|100/100
|-terastallize|p2a: Mort|Fairy
|move|p2a: Mort|Torch Song|p1a: Slowking
|-damage|p1a: Slowking|83/100
|-boost|p2a: Mort|spa|1
|
|upkeep
|turn|16
|
|t:|1779620629
|switch|p2a: Corax|Corviknight, M|22/100
|-damage|p2a: Corax|9/100|[from] Stealth Rock
|-ability|p2a: Corax|Pressure
|-prepare|p1a: Slowking|Chilly Reception|[premajor]
|move|p1a: Slowking|Chilly Reception|p1a: Slowking
|-weather|Snowscape
|
|t:|1779620632
|switch|p1a: Iron Valiant|Iron Valiant|12/100|[from] Chilly Reception
|
|-weather|Snowscape|[upkeep]
|upkeep
|turn|17
|
|t:|1779620649
|move|p1a: Iron Valiant|Moonblast|p2a: Corax
|-resisted|p2a: Corax
|-damage|p2a: Corax|0 fnt
|faint|p2a: Corax
|
|-weather|Snowscape|[upkeep]
|upkeep
|
|t:|1779620663
|switch|p2a: Ronin|Samurott-Hisui, F|41/100
|-damage|p2a: Ronin|28/100|[from] Stealth Rock
|turn|18
|inactive|ur doggo has 120 seconds left.
|
|t:|1779620694
|move|p2a: Ronin|Flip Turn|p1a: Iron Valiant
|-damage|p1a: Iron Valiant|0 fnt
|faint|p1a: Iron Valiant
|-end|p1a: Iron Valiant|Quark Drive|[silent]
|
|t:|1779620703
|switch|p2a: Ombra|Dragapult, F|61/100|[from] Flip Turn
|-damage|p2a: Ombra|49/100|[from] Stealth Rock
|
|-weather|Snowscape|[upkeep]
|upkeep
|
|t:|1779620709
|switch|p1a: Kingambit|Kingambit, M|27/100
|-activate|p1a: Kingambit|ability: Supreme Overlord
|-start|p1a: Kingambit|fallen2|[silent]
|turn|19
|
|t:|1779620721
|switch|p2a: Shogun|Kingambit, M|100/100
|-damage|p2a: Shogun|94/100|[from] Stealth Rock
|-activate|p2a: Shogun|ability: Supreme Overlord
|-start|p2a: Shogun|fallen1|[silent]
|move|p1a: Kingambit|Kowtow Cleave|p2a: Shogun
|-resisted|p2a: Shogun
|-damage|p2a: Shogun|65/100
|
|-weather|Snowscape|[upkeep]
|-heal|p2a: Shogun|71/100|[from] item: Leftovers
|upkeep
|turn|20
|
|t:|1779620734
|-end|p1a: Kingambit|fallen2|[silent]
|switch|p1a: Landorus|Landorus-Therian, M|88/100
|-ability|p1a: Landorus|Intimidate|boost
|-unboost|p2a: Shogun|atk|1
|move|p2a: Shogun|Iron Head|p1a: Landorus
|-damage|p1a: Landorus|59/100
|-damage|p2a: Shogun|55/100|[from] item: Rocky Helmet|[of] p1a: Landorus
|
|-weather|none
|-heal|p2a: Shogun|61/100|[from] item: Leftovers
|upkeep
|turn|21
|
|t:|1779620747
|-end|p2a: Shogun|fallen1|[silent]
|switch|p2a: Ronin|Samurott-Hisui, F|28/100
|-damage|p2a: Ronin|16/100|[from] Stealth Rock
|move|p1a: Landorus|Earthquake|p2a: Ronin
|-damage|p2a: Ronin|0 fnt
|faint|p2a: Ronin
|
|upkeep
|
|t:|1779620756
|switch|p2a: Ombra|Dragapult, F|49/100
|-damage|p2a: Ombra|37/100|[from] Stealth Rock
|turn|22
|
|t:|1779620764
|switch|p1a: Slowking|Slowking-Galar, M|100/100
|move|p2a: Ombra|Surf|p1a: Slowking
|-damage|p1a: Slowking|76/100
|
|upkeep
|turn|23
|
|t:|1779620776
|switch|p2a: Shogun|Kingambit, M|61/100
|-damage|p2a: Shogun|55/100|[from] Stealth Rock
|-activate|p2a: Shogun|ability: Supreme Overlord
|-start|p2a: Shogun|fallen2|[silent]
|-prepare|p1a: Slowking|Chilly Reception|[premajor]
|move|p1a: Slowking|Chilly Reception|p1a: Slowking
|-weather|Snowscape
|
|t:|1779620785
|switch|p1a: Pawmot|Pawmot, F|32/100|[from] Chilly Reception
|
|-weather|Snowscape|[upkeep]
|-heal|p2a: Shogun|61/100|[from] item: Leftovers
|upkeep
|turn|24
|
|t:|1779620800
|-end|p2a: Shogun|fallen2|[silent]
|switch|p2a: Mort|Skeledirge, F, tera:Fairy|100/100
|move|p1a: Pawmot|Revival Blessing|p1a: Pawmot
|
|t:|1779620803
|-heal|p1: Iron Valiant|50/100|[from] move: Revival Blessing
|
|-weather|Snowscape|[upkeep]
|upkeep
|turn|25
|
|t:|1779620812
|switch|p1a: Slowking|Slowking-Galar, M|100/100
|move|p2a: Mort|Torch Song|p1a: Slowking
|-damage|p1a: Slowking|82/100
|-boost|p2a: Mort|spa|1
|
|-weather|Snowscape|[upkeep]
|upkeep
|turn|26
|
|t:|1779620822
|move|p2a: Mort|Torch Song|p1a: Slowking
|-damage|p1a: Slowking|57/100
|-boost|p2a: Mort|spa|1
|move|p1a: Slowking|Future Sight|p2a: Mort
|-start|p1a: Slowking|move: Future Sight
|
|-weather|Snowscape|[upkeep]
|upkeep
|turn|27
|
|t:|1779620830
|move|p2a: Mort|Shadow Ball|p1a: Slowking
|-supereffective|p1a: Slowking
|-damage|p1a: Slowking|0 fnt
|faint|p1a: Slowking
|
|-weather|none
|upkeep
|
|t:|1779620836
|switch|p1a: Iron Valiant|Iron Valiant|50/100
|turn|28
|
|t:|1779620841
|move|p1a: Iron Valiant|Destiny Bond|p1a: Iron Valiant
|-singlemove|p1a: Iron Valiant|Destiny Bond
|move|p2a: Mort|Slack Off||[still]
|-fail|p2a: Mort|heal
|
|-end|p2a: Mort|move: Future Sight
|-damage|p2a: Mort|60/100
|upkeep
|turn|29
|
|t:|1779620850
|move|p1a: Iron Valiant|Moonblast|p2a: Mort
|-damage|p2a: Mort|28/100
|move|p2a: Mort|Torch Song|p1a: Iron Valiant
|-damage|p1a: Iron Valiant|0 fnt
|-boost|p2a: Mort|spa|1
|faint|p1a: Iron Valiant
|-end|p1a: Iron Valiant|Quark Drive|[silent]
|
|upkeep
|
|t:|1779620857
|switch|p1a: Pawmot|Pawmot, F|32/100
|turn|30
|
|t:|1779620866
|move|p1a: Pawmot|Double Shock|p2a: Mort
|-damage|p2a: Mort|0 fnt
|-start|p1a: Pawmot|typechange|???/Fighting|[from] move: Double Shock
|faint|p2a: Mort
|
|upkeep
|-message|Andher forfeited.
|
|win|ur doggo
|raw|ur doggo's rating: 1480 &rarr; <strong>1497</strong><br />(+17 for winning)
|raw|Andher's rating: 1434 &rarr; <strong>1417</strong><br />(-17 for losing)
|l|☆Andher
|player|p2|
|l|☆ur doggo
|player|p1|
