|j|☆nastykarma
|j|☆poyoloswag
|t:|1779603783
|gametype|singles
|player|p1|nastykarma|170|1348
|player|p2|poyoloswag|101|1364
|gen|9
|tier|[Gen 9] OU
|rated|
|rule|HP Percentage Mod: HP is shown in percentages
|rule|Endless Battle Clause: Forcing endless battles is banned
|rule|Species Clause: Limit one of each Pokémon
|rule|OHKO Clause: OHKO moves are banned
|rule|Evasion Items Clause: Evasion items are banned
|rule|Evasion Moves Clause: Evasion moves are banned
|rule|Evasion Abilities Clause: Evasion abilities are banned
|rule|Sleep Moves Clause: Sleep-inducing moves are banned
|clearpoke
|poke|p1|Lokix, F|
|poke|p1|Feraligatr, F|
|poke|p1|Great Tusk|
|poke|p1|Gholdengo|
|poke|p1|Zapdos|
|poke|p1|Iron Moth|
|poke|p2|Gliscor, F|
|poke|p2|Clefable, F|
|poke|p2|Latios, M|
|poke|p2|Gholdengo|
|poke|p2|Zapdos|
|poke|p2|Zamazenta-*|
|teampreview
|inactive|Battle timer is ON: inactive players will automatically lose when time's up. (requested by poyoloswag)
|inactive|nastykarma also wants the timer to be on.
|
|t:|1779603803
|teamsize|p1|6
|teamsize|p2|6
|start
|switch|p1a: Lokix|Lokix, F|100/100
|switch|p2a: Zapdos|Zapdos|100/100
|turn|1
|
|t:|1779603806
|move|p1a: Lokix|Knock Off|p2a: Zapdos
|-damage|p2a: Zapdos|55/100
|-enditem|p2a: Zapdos|Heavy-Duty Boots|[from] move: Knock Off|[of] p1a: Lokix
|move|p2a: Zapdos|Hurricane|p1a: Lokix
|-supereffective|p1a: Lokix
|-enditem|p1a: Lokix|Focus Sash
|-damage|p1a: Lokix|1/100
|-start|p1a: Lokix|confusion
|
|upkeep
|turn|2
|
|t:|1779603816
|-activate|p1a: Lokix|confusion
|move|p1a: Lokix|Knock Off|p2a: Zapdos
|-damage|p2a: Zapdos|23/100
|move|p2a: Zapdos|Roost|p2a: Zapdos
|-heal|p2a: Zapdos|73/100
|-singleturn|p2a: Zapdos|move: Roost
|
|upkeep
|turn|3
|
|t:|1779603821
|-activate|p1a: Lokix|confusion
|move|p1a: Lokix|Swords Dance|p1a: Lokix
|-boost|p1a: Lokix|atk|2
|move|p2a: Zapdos|Thunderbolt|p1a: Lokix
|-damage|p1a: Lokix|0 fnt
|faint|p1a: Lokix
|
|upkeep
|
|t:|1779603831
|switch|p1a: Great Tusk|Great Tusk|100/100
|turn|4
|
|t:|1779603834
|move|p2a: Zapdos|Hurricane|p1a: Great Tusk
|-supereffective|p1a: Great Tusk
|-damage|p1a: Great Tusk|0 fnt
|faint|p1a: Great Tusk
|-end|p1a: Great Tusk|Protosynthesis|[silent]
|
|upkeep
|
|t:|1779603843
|switch|p1a: Iron Moth|Iron Moth|100/100
|-enditem|p1a: Iron Moth|Booster Energy
|-activate|p1a: Iron Moth|ability: Quark Drive|[fromitem]
|-start|p1a: Iron Moth|quarkdrivespe
|turn|5
|
|t:|1779603849
|move|p1a: Iron Moth|Fiery Dance|p2a: Zapdos
|-damage|p2a: Zapdos|33/100
|move|p2a: Zapdos|Thunderbolt|p1a: Iron Moth
|-damage|p1a: Iron Moth|62/100
|
|upkeep
|turn|6
|
|t:|1779603854
|move|p1a: Iron Moth|Fiery Dance|p2a: Zapdos
|-damage|p2a: Zapdos|0 fnt
|faint|p2a: Zapdos
|
|upkeep
|
|t:|1779603865
|switch|p2a: Gliscor|Gliscor, F|100/100
|turn|7
|
|t:|1779603868
|move|p1a: Iron Moth|Fiery Dance|p2a: Gliscor
|-damage|p2a: Gliscor|63/100
|move|p2a: Gliscor|Earthquake|p1a: Iron Moth
|-supereffective|p1a: Iron Moth
|-damage|p1a: Iron Moth|0 fnt
|faint|p1a: Iron Moth
|-end|p1a: Iron Moth|Quark Drive|[silent]
|
|-status|p2a: Gliscor|tox|[from] item: Toxic Orb
|upkeep
|
|t:|1779603874
|switch|p1a: Feraligatr|Feraligatr, F|100/100
|turn|8
|
|t:|1779603876
|move|p1a: Feraligatr|Dragon Dance|p1a: Feraligatr
|-boost|p1a: Feraligatr|atk|1
|-boost|p1a: Feraligatr|spe|1
|move|p2a: Gliscor|Toxic|p1a: Feraligatr
|-status|p1a: Feraligatr|tox
|
|-damage|p1a: Feraligatr|94/100 tox|[from] psn
|-heal|p2a: Gliscor|75/100 tox|[from] ability: Poison Heal
|upkeep
|turn|9
|
|t:|1779603881
|switch|p2a: Clefable|Clefable, F|100/100
|move|p1a: Feraligatr|Ice Punch|p2a: Clefable
|-damage|p2a: Clefable|46/100
|
|-heal|p2a: Clefable|52/100|[from] item: Leftovers
|-damage|p1a: Feraligatr|82/100 tox|[from] psn
|upkeep
|turn|10
|
|t:|1779603883
|move|p1a: Feraligatr|Liquidation|p2a: Clefable
|-damage|p2a: Clefable|0 fnt
|faint|p2a: Clefable
|
|-damage|p1a: Feraligatr|64/100 tox|[from] psn
|upkeep
|
|t:|1779603885
|switch|p2a: Gliscor|Gliscor, F|75/100 tox
|turn|11
|
|t:|1779603888
|move|p2a: Gliscor|Protect|p2a: Gliscor
|-singleturn|p2a: Gliscor|Protect
|move|p1a: Feraligatr|Ice Punch|p2a: Gliscor
|-activate|p2a: Gliscor|move: Protect
|
|-damage|p1a: Feraligatr|39/100 tox|[from] psn
|-heal|p2a: Gliscor|88/100 tox|[from] ability: Poison Heal
|upkeep
|turn|12
|
|t:|1779603902
|switch|p2a: Latios|Latios, M|100/100
|move|p1a: Feraligatr|Liquidation|p2a: Latios
|-resisted|p2a: Latios
|-damage|p2a: Latios|34/100
|
|-damage|p1a: Feraligatr|9/100 tox|[from] psn
|upkeep
|turn|13
|
|t:|1779603915
|move|p1a: Feraligatr|Ice Punch|p2a: Latios
|-supereffective|p2a: Latios
|-damage|p2a: Latios|0 fnt
|faint|p2a: Latios
|
|-damage|p1a: Feraligatr|0 fnt|[from] psn
|faint|p1a: Feraligatr
|upkeep
|
|t:|1779603922
|switch|p2a: Gliscor|Gliscor, F|88/100 tox
|switch|p1a: Gholdengo|Gholdengo|100/100
|-item|p1a: Gholdengo|Air Balloon
|turn|14
|
|t:|1779603931
|switch|p2a: Zamazenta|Zamazenta|100/100
|-ability|p2a: Zamazenta|Dauntless Shield|boost
|-boost|p2a: Zamazenta|def|1
|move|p1a: Gholdengo|Nasty Plot|p1a: Gholdengo
|-boost|p1a: Gholdengo|spa|2
|
|upkeep
|turn|15
|
|t:|1779603937
|move|p2a: Zamazenta|Crunch|p1a: Gholdengo
|-supereffective|p1a: Gholdengo
|-damage|p1a: Gholdengo|51/100
|-enditem|p1a: Gholdengo|Air Balloon
|move|p1a: Gholdengo|Dazzling Gleam|p2a: Zamazenta
|-supereffective|p2a: Zamazenta
|-damage|p2a: Zamazenta|12/100
|
|-heal|p2a: Zamazenta|18/100|[from] item: Leftovers
|upkeep
|turn|16
|
|t:|1779603944
|move|p2a: Zamazenta|Crunch|p1a: Gholdengo
|-supereffective|p1a: Gholdengo
|-damage|p1a: Gholdengo|2/100
|move|p1a: Gholdengo|Dazzling Gleam|p2a: Zamazenta
|-supereffective|p2a: Zamazenta
|-damage|p2a: Zamazenta|0 fnt
|faint|p2a: Zamazenta
|
|upkeep
|
|t:|1779603947
|switch|p2a: Gholdengo|Gholdengo|100/100
|turn|17
|
|t:|1779603952
|-terastallize|p2a: Gholdengo|Fairy
|move|p2a: Gholdengo|Dazzling Gleam|p1a: Gholdengo
|-resisted|p1a: Gholdengo
|-damage|p1a: Gholdengo|0 fnt
|faint|p1a: Gholdengo
|
|upkeep
|
|t:|1779603956
|switch|p1a: Zapdos|Zapdos|100/100
|turn|18
|
|t:|1779603969
|move|p2a: Gholdengo|Dazzling Gleam|p1a: Zapdos
|-damage|p1a: Zapdos|60/100
|move|p1a: Zapdos|Hurricane|p2a: Gholdengo
|-damage|p2a: Gholdengo|42/100
|
|upkeep
|turn|19
|
|t:|1779603978
|move|p2a: Gholdengo|Dazzling Gleam|p1a: Zapdos
|-damage|p1a: Zapdos|21/100
|move|p1a: Zapdos|Discharge|p2a: Gholdengo
|-crit|p2a: Gholdengo
|-damage|p2a: Gholdengo|0 fnt
|faint|p2a: Gholdengo
|
|upkeep
|
|t:|1779603979
|switch|p2a: Gliscor|Gliscor, F|88/100 tox
|turn|20
|
|t:|1779603985
|move|p1a: Zapdos|Roost|p1a: Zapdos
|-heal|p1a: Zapdos|71/100
|-singleturn|p1a: Zapdos|move: Roost
|move|p2a: Gliscor|Toxic|p1a: Zapdos
|-status|p1a: Zapdos|tox
|
|-damage|p1a: Zapdos|65/100 tox|[from] psn
|-heal|p2a: Gliscor|99/100 tox|[from] ability: Poison Heal
|upkeep
|turn|21
|-message|nastykarma forfeited.
|
|win|poyoloswag
|raw|nastykarma's rating: 1348 &rarr; <strong>1329</strong><br />(-19 for losing)
|raw|poyoloswag's rating: 1364 &rarr; <strong>1383</strong><br />(+19 for winning)
|l|☆nastykarma
|player|p1|
|l|☆poyoloswag
|player|p2|
