|j|☆pennstcoll
|j|☆Mca player 11
|t:|1779711253
|gametype|singles
|player|p1|pennstcoll|169|1504
|player|p2|Mca player 11|lucas|1423
|gen|9
|tier|[Gen 9] OU
|rated|
|rule|HP Percentage Mod: HP is shown in percentages
|rule|Endless Battle Clause: Forcing endless battles is banned
|rule|Species Clause: Limit one of each Pokémon
|rule|OHKO Clause: OHKO moves are banned
|rule|Evasion Items Clause: Evasion items are banned
|rule|Evasion Moves Clause: Evasion moves are banned
|rule|Evasion Abilities Clause: Evasion abilities are banned
|rule|Sleep Moves Clause: Sleep-inducing moves are banned
|clearpoke
|poke|p1|Hydrapple, M|
|poke|p1|Slowking-Galar, M|
|poke|p1|Cinderace, F|
|poke|p1|Darkrai|
|poke|p1|Manaphy|
|poke|p1|Iron Boulder|
|poke|p2|Deoxys-Speed|
|poke|p2|Iron Moth|
|poke|p2|Zamazenta-*|
|poke|p2|Gholdengo|
|poke|p2|Rillaboom, M|
|poke|p2|Iron Jugulis|
|teampreview
|inactive|Battle timer is ON: inactive players will automatically lose when time's up. (requested by pennstcoll)
|
|t:|1779711278
|teamsize|p1|6
|teamsize|p2|6
|start
|switch|p1a: Darkrai|Darkrai|100/100
|switch|p2a: Iron Jugulis|Iron Jugulis|100/100
|-enditem|p2a: Iron Jugulis|Booster Energy
|-activate|p2a: Iron Jugulis|ability: Quark Drive|[fromitem]
|-start|p2a: Iron Jugulis|quarkdrivespe
|turn|1
|
|t:|1779711286
|move|p2a: Iron Jugulis|Hurricane|p1a: Darkrai|[miss]
|-miss|p2a: Iron Jugulis|p1a: Darkrai
|move|p1a: Darkrai|Ice Beam|p2a: Iron Jugulis
|-supereffective|p2a: Iron Jugulis
|-damage|p2a: Iron Jugulis|21/100
|
|upkeep
|turn|2
|
|t:|1779711293
|move|p2a: Iron Jugulis|Hurricane|p1a: Darkrai|[miss]
|-miss|p2a: Iron Jugulis|p1a: Darkrai
|move|p1a: Darkrai|Ice Beam|p2a: Iron Jugulis
|-supereffective|p2a: Iron Jugulis
|-damage|p2a: Iron Jugulis|0 fnt
|faint|p2a: Iron Jugulis
|-end|p2a: Iron Jugulis|Quark Drive|[silent]
|
|upkeep
|
|t:|1779711297
|switch|p2a: Zamazenta|Zamazenta, shiny|100/100
|-ability|p2a: Zamazenta|Dauntless Shield|boost
|-boost|p2a: Zamazenta|def|1
|turn|3
|c|☆pennstcoll|srry
|
|t:|1779711301
|switch|p2a: Deoxys|Deoxys-Speed|100/100
|-ability|p2a: Deoxys|Pressure
|switch|p1a: Slowking|Slowking-Galar, M|100/100
|
|upkeep
|turn|4
|c|☆Mca player 11|it happens
|
|t:|1779711310
|move|p2a: Deoxys|Stealth Rock|p1a: Slowking
|-sidestart|p1: pennstcoll|move: Stealth Rock
|-prepare|p1a: Slowking|Chilly Reception|[premajor]
|move|p1a: Slowking|Chilly Reception|p1a: Slowking
|-weather|Snowscape
|
|t:|1779711312
|switch|p1a: Cinderace|Cinderace, F|100/100|[from] Chilly Reception
|
|-weather|Snowscape|[upkeep]
|upkeep
|turn|5
|
|t:|1779711314
|move|p2a: Deoxys|Taunt|p1a: Cinderace
|-start|p1a: Cinderace|move: Taunt
|move|p1a: Cinderace|U-turn|p2a: Deoxys
|-start|p1a: Cinderace|typechange|Bug|[from] ability: Libero
|-supereffective|p2a: Deoxys
|-damage|p2a: Deoxys|17/100
|-damage|p1a: Cinderace|84/100|[from] item: Rocky Helmet|[of] p2a: Deoxys
|
|t:|1779711328
|switch|p1a: Slowking|Slowking-Galar, M|100/100|[from] U-turn
|-damage|p1a: Slowking|88/100|[from] Stealth Rock
|
|-weather|Snowscape|[upkeep]
|-heal|p1a: Slowking|94/100|[from] item: Black Sludge
|upkeep
|turn|6
|
|t:|1779711332
|move|p2a: Deoxys|Pain Split|p1a: Slowking
|-sethp|p1a: Slowking|54/100|[from] move: Pain Split|[silent]
|-sethp|p2a: Deoxys|69/100|[from] move: Pain Split
|move|p1a: Slowking|Flamethrower|p2a: Deoxys
|-damage|p2a: Deoxys|40/100
|
|-weather|Snowscape|[upkeep]
|-heal|p1a: Slowking|60/100|[from] item: Black Sludge
|upkeep
|turn|7
|
|t:|1779711342
|move|p2a: Deoxys|Spikes|p1a: Slowking
|-sidestart|p1: pennstcoll|Spikes
|move|p1a: Slowking|Flamethrower|p2a: Deoxys
|-damage|p2a: Deoxys|11/100
|-status|p2a: Deoxys|brn
|
|-weather|Snowscape|[upkeep]
|-heal|p1a: Slowking|66/100|[from] item: Black Sludge
|-damage|p2a: Deoxys|5/100 brn|[from] brn
|upkeep
|turn|8
|
|t:|1779711350
|move|p2a: Deoxys|Pain Split|p1a: Slowking
|-sethp|p1a: Slowking|35/100|[from] move: Pain Split|[silent]
|-sethp|p2a: Deoxys|45/100 brn|[from] move: Pain Split
|move|p1a: Slowking|Flamethrower|p2a: Deoxys
|-damage|p2a: Deoxys|19/100 brn
|
|-weather|none
|-heal|p1a: Slowking|41/100|[from] item: Black Sludge
|-damage|p2a: Deoxys|13/100 brn|[from] brn
|upkeep
|turn|9
|
|t:|1779711359
|move|p2a: Deoxys|Spikes|p1a: Slowking
|-sidestart|p1: pennstcoll|Spikes
|-prepare|p1a: Slowking|Chilly Reception|[premajor]
|move|p1a: Slowking|Chilly Reception|p1a: Slowking
|-weather|Snowscape
|
|t:|1779711379
|switch|p1a: Darkrai|Darkrai|100/100|[from] Chilly Reception
|-damage|p1a: Darkrai|88/100|[from] Stealth Rock
|-damage|p1a: Darkrai|72/100|[from] Spikes
|
|-weather|Snowscape|[upkeep]
|-heal|p1a: Darkrai|78/100|[from] item: Leftovers
|-damage|p2a: Deoxys|7/100 brn|[from] brn
|upkeep
|turn|10
|
|t:|1779711383
|switch|p2a: Iron Moth|Iron Moth|100/100
|-enditem|p2a: Iron Moth|Booster Energy
|-activate|p2a: Iron Moth|ability: Quark Drive|[fromitem]
|-start|p2a: Iron Moth|quarkdrivespe
|move|p1a: Darkrai|Ice Beam|p2a: Iron Moth
|-resisted|p2a: Iron Moth
|-damage|p2a: Iron Moth|85/100
|
|-weather|Snowscape|[upkeep]
|-heal|p1a: Darkrai|84/100|[from] item: Leftovers
|upkeep
|turn|11
|
|t:|1779711390
|move|p2a: Iron Moth|Fiery Dance|p1a: Darkrai
|-damage|p1a: Darkrai|36/100
|-boost|p2a: Iron Moth|spa|1
|move|p1a: Darkrai|Dark Pulse|p2a: Iron Moth
|-damage|p2a: Iron Moth|42/100
|
|-weather|Snowscape|[upkeep]
|-heal|p1a: Darkrai|42/100|[from] item: Leftovers
|upkeep
|turn|12
|
|t:|1779711399
|move|p2a: Iron Moth|Fiery Dance|p1a: Darkrai
|-damage|p1a: Darkrai|0 fnt
|faint|p1a: Darkrai
|
|-weather|Snowscape|[upkeep]
|upkeep
|
|t:|1779711404
|switch|p1a: Iron Boulder|Iron Boulder|100/100
|-damage|p1a: Iron Boulder|88/100|[from] Stealth Rock
|-damage|p1a: Iron Boulder|72/100|[from] Spikes
|-enditem|p1a: Iron Boulder|Booster Energy
|-activate|p1a: Iron Boulder|ability: Quark Drive|[fromitem]
|-start|p1a: Iron Boulder|quarkdrivespe
|turn|13
|
|t:|1779711429
|move|p1a: Iron Boulder|Mighty Cleave|p2a: Iron Moth
|-supereffective|p2a: Iron Moth
|-damage|p2a: Iron Moth|0 fnt
|faint|p2a: Iron Moth
|-end|p2a: Iron Moth|Quark Drive|[silent]
|
|-weather|none
|upkeep
|
|t:|1779711434
|switch|p2a: Rillaboom|Rillaboom, M|100/100
|-fieldstart|move: Grassy Terrain|[from] ability: Grassy Surge|[of] p2a: Rillaboom
|turn|14
|
|t:|1779711438
|-end|p1a: Iron Boulder|Quark Drive|[silent]
|switch|p1a: Hydrapple|Hydrapple, M|100/100
|-damage|p1a: Hydrapple|88/100|[from] Stealth Rock
|-damage|p1a: Hydrapple|72/100|[from] Spikes
|move|p2a: Rillaboom|Grassy Glide|p1a: Hydrapple
|-resisted|p1a: Hydrapple
|-damage|p1a: Hydrapple|62/100
|-damage|p2a: Rillaboom|91/100|[from] item: Life Orb
|
|-heal|p2a: Rillaboom|97/100|[from] Grassy Terrain
|-heal|p1a: Hydrapple|69/100|[from] Grassy Terrain
|upkeep
|turn|15
|
|t:|1779711442
|switch|p1a: Cinderace|Cinderace, F|84/100
|move|p2a: Rillaboom|Knock Off|p1a: Cinderace
|-damage|p1a: Cinderace|13/100
|-enditem|p1a: Cinderace|Heavy-Duty Boots|[from] move: Knock Off|[of] p2a: Rillaboom
|-damage|p2a: Rillaboom|87/100|[from] item: Life Orb
|
|-heal|p1a: Cinderace|19/100|[from] Grassy Terrain
|-heal|p2a: Rillaboom|93/100|[from] Grassy Terrain
|upkeep
|turn|16
|
|t:|1779711445
|move|p2a: Rillaboom|Grassy Glide|p1a: Cinderace
|-resisted|p1a: Cinderace
|-damage|p1a: Cinderace|0 fnt
|faint|p1a: Cinderace
|-damage|p2a: Rillaboom|83/100|[from] item: Life Orb
|
|-heal|p2a: Rillaboom|89/100|[from] Grassy Terrain
|upkeep
|
|t:|1779711451
|switch|p1a: Hydrapple|Hydrapple, M|100/100
|-damage|p1a: Hydrapple|88/100|[from] Stealth Rock
|-damage|p1a: Hydrapple|72/100|[from] Spikes
|turn|17
|
|t:|1779711453
|move|p2a: Rillaboom|Knock Off|p1a: Hydrapple
|-damage|p1a: Hydrapple|38/100
|-enditem|p1a: Hydrapple|Assault Vest|[from] move: Knock Off|[of] p2a: Rillaboom
|-damage|p2a: Rillaboom|79/100|[from] item: Life Orb
|move|p1a: Hydrapple|Fickle Beam|p2a: Rillaboom|[anim] Fickle Beam All Out
|-activate|p1a: Hydrapple|move: Fickle Beam
|-damage|p2a: Rillaboom|0 fnt
|faint|p2a: Rillaboom
|
|-heal|p1a: Hydrapple|44/100|[from] Grassy Terrain
|upkeep
|
|t:|1779711459
|switch|p2a: Zamazenta|Zamazenta, shiny|100/100
|turn|18
|
|t:|1779711463
|move|p2a: Zamazenta|Close Combat|p1a: Hydrapple
|-damage|p1a: Hydrapple|0 fnt
|-unboost|p2a: Zamazenta|def|1
|-unboost|p2a: Zamazenta|spd|1
|faint|p1a: Hydrapple
|
|-fieldend|move: Grassy Terrain
|upkeep
|
|t:|1779711468
|switch|p1a: Slowking|Slowking-Galar, M|74/100
|-damage|p1a: Slowking|62/100|[from] Stealth Rock
|-damage|p1a: Slowking|45/100|[from] Spikes
|turn|19
|
|t:|1779711471
|switch|p2a: Gholdengo|Gholdengo|100/100
|-terastallize|p1a: Slowking|Fairy
|move|p1a: Slowking|Trick|p2a: Gholdengo
|-immune|p2a: Gholdengo|[from] ability: Good as Gold
|
|-damage|p1a: Slowking|33/100|[from] item: Black Sludge
|upkeep
|turn|20
|
|t:|1779711476
|switch|p1a: Manaphy|Manaphy|100/100
|-damage|p1a: Manaphy|88/100|[from] Stealth Rock
|-damage|p1a: Manaphy|72/100|[from] Spikes
|move|p2a: Gholdengo|Make It Rain|p1a: Manaphy
|-resisted|p1a: Manaphy
|-damage|p1a: Manaphy|46/100
|-unboost|p2a: Gholdengo|spa|1
|
|-heal|p1a: Manaphy|52/100|[from] item: Leftovers
|upkeep
|turn|21
|
|t:|1779711479
|switch|p2a: Deoxys|Deoxys-Speed|7/100 brn
|-ability|p2a: Deoxys|Pressure
|move|p1a: Manaphy|Take Heart|p1a: Manaphy
|-boost|p1a: Manaphy|spa|1
|-boost|p1a: Manaphy|spd|1
|
|-heal|p1a: Manaphy|58/100|[from] item: Leftovers
|-damage|p2a: Deoxys|1/100 brn|[from] brn
|upkeep
|turn|22
|
|t:|1779711482
|move|p2a: Deoxys|Pain Split|p1a: Manaphy
|-sethp|p1a: Manaphy|30/100|[from] move: Pain Split|[silent]
|-sethp|p2a: Deoxys|36/100 brn|[from] move: Pain Split
|move|p1a: Manaphy|Scald|p2a: Deoxys
|-damage|p2a: Deoxys|0 fnt
|faint|p2a: Deoxys
|
|-heal|p1a: Manaphy|36/100|[from] item: Leftovers
|upkeep
|
|t:|1779711484
|switch|p2a: Zamazenta|Zamazenta, shiny|100/100
|turn|23
|-message|pennstcoll forfeited.
|
|win|Mca player 11
|raw|pennstcoll's rating: 1504 &rarr; <strong>1479</strong><br />(-25 for losing)
|raw|Mca player 11's rating: 1423 &rarr; <strong>1448</strong><br />(+25 for winning)
|l|☆pennstcoll
|player|p1|
