|badge|p1|silver|gen9ou|30-9
|uhtml|medal-msg|<div class="broadcast-blue">Curious what those medals under the avatar are? PS now has Ladder Seasons! For more information, check out the <a href="https://www.smogon.com/forums/threads/3740067/">thread on Smogon.</a></div>
|badge|p2|bronze|gen9ou|100-9
|uhtml|medal-msg|<div class="broadcast-blue">Curious what those medals under the avatar are? PS now has Ladder Seasons! For more information, check out the <a href="https://www.smogon.com/forums/threads/3740067/">thread on Smogon.</a></div>
|j|‽ClRCUS MAXIMUS
|j|☆omari p
|t:|1779571841
|gametype|singles
|player|p1|ClRCUS MAXIMUS|rood|1885
|player|p2|omari p|pokemonrangerf|1840
|gen|9
|tier|[Gen 9] OU
|rated|
|rule|HP Percentage Mod: HP is shown in percentages
|rule|Endless Battle Clause: Forcing endless battles is banned
|rule|Species Clause: Limit one of each Pokémon
|rule|OHKO Clause: OHKO moves are banned
|rule|Evasion Items Clause: Evasion items are banned
|rule|Evasion Moves Clause: Evasion moves are banned
|rule|Evasion Abilities Clause: Evasion abilities are banned
|rule|Sleep Moves Clause: Sleep-inducing moves are banned
|clearpoke
|poke|p1|Ribombee, M|
|poke|p1|Gholdengo|
|poke|p1|Great Tusk|
|poke|p1|Raging Bolt|
|poke|p1|Ogerpon-Cornerstone, F|
|poke|p1|Ceruledge, F|
|poke|p2|Hoopa|
|poke|p2|Cinderace, F|
|poke|p2|Mandibuzz, F|
|poke|p2|Kyurem|
|poke|p2|Ting-Lu|
|poke|p2|Manaphy|
|teampreview
|j| simplegent
|
|t:|1779571857
|teamsize|p1|6
|teamsize|p2|6
|start
|switch|p1a: Ribombee|Ribombee, M, shiny|100/100
|switch|p2a: Ting-Lucifer|Ting-Lu|100/100
|-ability|p2a: Ting-Lucifer|Vessel of Ruin
|turn|1
|
|t:|1779571863
|move|p1a: Ribombee|Sticky Web|p2a: Ting-Lucifer
|-sidestart|p2: omari p|move: Sticky Web
|move|p2a: Ting-Lucifer|Heavy Slam|p1a: Ribombee
|-supereffective|p1a: Ribombee
|-enditem|p1a: Ribombee|Focus Sash
|-damage|p1a: Ribombee|1/100
|
|upkeep
|turn|2
|inactive|Battle timer is ON: inactive players will automatically lose when time's up. (requested by omari p)
|
|t:|1779571865
|move|p1a: Ribombee|Moonblast|p2a: Ting-Lucifer
|-supereffective|p2a: Ting-Lucifer
|-damage|p2a: Ting-Lucifer|59/100
|-enditem|p2a: Ting-Lucifer|Weakness Policy
|-boost|p2a: Ting-Lucifer|atk|2|[from] item: Weakness Policy
|-boost|p2a: Ting-Lucifer|spa|2|[from] item: Weakness Policy
|move|p2a: Ting-Lucifer|Heavy Slam|p1a: Ribombee
|-supereffective|p1a: Ribombee
|-damage|p1a: Ribombee|0 fnt
|faint|p1a: Ribombee
|
|upkeep
|j| rexa2
|
|t:|1779571873
|switch|p1a: Great Tusk|Great Tusk, shiny|100/100
|-enditem|p1a: Great Tusk|Booster Energy
|-activate|p1a: Great Tusk|ability: Protosynthesis|[fromitem]
|-start|p1a: Great Tusk|protosynthesisatk
|turn|3
|inactive|omari p has 120 seconds left.
|
|t:|1779571914
|switch|p2a: Mandibuzz|Mandibuzz, F, shiny|100/100
|move|p1a: Great Tusk|Close Combat|p2a: Mandibuzz
|-damage|p2a: Mandibuzz|54/100
|-unboost|p1a: Great Tusk|def|1
|-unboost|p1a: Great Tusk|spd|1
|-damage|p1a: Great Tusk|84/100|[from] item: Rocky Helmet|[of] p2a: Mandibuzz
|
|upkeep
|turn|4
|inactive|ClRCUS MAXIMUS has 120 seconds left.
|inactive|ClRCUS MAXIMUS has 90 seconds left.
|inactive|ClRCUS MAXIMUS has 60 seconds left.
|inactive|ClRCUS MAXIMUS has 30 seconds left.
|
|t:|1779572042
|-end|p1a: Great Tusk|Protosynthesis|[silent]
|switch|p1a: Gholdengo|Gholdengo, shiny|100/100
|-item|p1a: Gholdengo|Air Balloon
|move|p2a: Mandibuzz|Roost|p2a: Mandibuzz
|-heal|p2a: Mandibuzz|100/100
|-singleturn|p2a: Mandibuzz|move: Roost
|
|upkeep
|turn|5
|inactive|ClRCUS MAXIMUS has 30 seconds left.
|
|t:|1779572048
|move|p1a: Gholdengo|Focus Blast|p2a: Mandibuzz|[miss]
|-miss|p1a: Gholdengo|p2a: Mandibuzz
|move|p2a: Mandibuzz|Foul Play|p1a: Gholdengo
|-supereffective|p1a: Gholdengo
|-damage|p1a: Gholdengo|64/100
|-enditem|p1a: Gholdengo|Air Balloon
|
|upkeep
|turn|6
|
|t:|1779572053
|switch|p2a: Manaphy|Manaphy|100/100
|-activate|p2a: Manaphy|move: Sticky Web
|-unboost|p2a: Manaphy|spe|1
|move|p1a: Gholdengo|Focus Blast|p2a: Manaphy
|-damage|p2a: Manaphy|61/100
|
|-heal|p2a: Manaphy|67/100|[from] item: Leftovers
|upkeep
|turn|7
|
|t:|1779572055
|move|p1a: Gholdengo|Nasty Plot|p1a: Gholdengo
|-boost|p1a: Gholdengo|spa|2
|move|p2a: Manaphy|Scald|p1a: Gholdengo
|-damage|p1a: Gholdengo|35/100
|-status|p1a: Gholdengo|brn
|
|-heal|p2a: Manaphy|73/100|[from] item: Leftovers
|-damage|p1a: Gholdengo|29/100 brn|[from] brn
|upkeep
|turn|8
|
|t:|1779572058
|move|p1a: Gholdengo|Focus Blast|p2a: Manaphy
|-damage|p2a: Manaphy|0 fnt
|faint|p2a: Manaphy
|
|-damage|p1a: Gholdengo|23/100 brn|[from] brn
|upkeep
|
|t:|1779572067
|switch|p2a: Kyurem|Kyurem|100/100
|-activate|p2a: Kyurem|move: Sticky Web
|-unboost|p2a: Kyurem|spe|1
|-ability|p2a: Kyurem|Pressure
|turn|9
|
|t:|1779572071
|move|p2a: Kyurem|Ice Beam|p1a: Gholdengo
|-resisted|p1a: Gholdengo
|-damage|p1a: Gholdengo|0 fnt
|faint|p1a: Gholdengo
|
|upkeep
|
|t:|1779572087
|switch|p1a: Ogerpon|Ogerpon-Cornerstone, F|100/100
|turn|10
|inactive|omari p has 120 seconds left.
|inactive|ClRCUS MAXIMUS has 60 seconds left.
|
|t:|1779572139
|move|p1a: Ogerpon|Ivy Cudgel|p2a: Kyurem|[anim] Ivy Cudgel Rock
|-supereffective|p2a: Kyurem
|-damage|p2a: Kyurem|0 fnt
|faint|p2a: Kyurem
|
|upkeep
|
|t:|1779572142
|switch|p2a: Mandibuzz|Mandibuzz, F, shiny|100/100
|turn|11
|
|t:|1779572150
|move|p1a: Ogerpon|Ivy Cudgel|p2a: Mandibuzz|[anim] Ivy Cudgel Rock
|-supereffective|p2a: Mandibuzz
|-damage|p2a: Mandibuzz|27/100
|move|p2a: Mandibuzz|Foul Play|p1a: Ogerpon
|-damage|p1a: Ogerpon|30/100
|
|upkeep
|turn|12
|
|t:|1779572155
|move|p1a: Ogerpon|Ivy Cudgel|p2a: Mandibuzz|[anim] Ivy Cudgel Rock
|-supereffective|p2a: Mandibuzz
|-damage|p2a: Mandibuzz|0 fnt
|faint|p2a: Mandibuzz
|
|upkeep
|inactive|omari p has 120 seconds left.
|inactive|omari p has 90 seconds left.
|inactive|omari p has 60 seconds left.
|-message|omari p forfeited.
|
|win|ClRCUS MAXIMUS
|raw|ClRCUS MAXIMUS's rating: 1885 &rarr; <strong>1902</strong><br />(+17 for winning)
|raw|omari p's rating: 1840 &rarr; <strong>1823</strong><br />(-17 for losing)
|l|☆omari p
|player|p2|
|l|‽ClRCUS MAXIMUS
|player|p1|
|l| rexa2
