|j|☆yeeterdieabeater
|j|☆volkron zz
|t:|1779635261
|gametype|singles
|player|p1|yeeterdieabeater|harlequin|1200
|player|p2|volkron zz|unknownf|1195
|gen|9
|tier|[Gen 9] OU
|rated|
|rule|HP Percentage Mod: HP is shown in percentages
|rule|Endless Battle Clause: Forcing endless battles is banned
|rule|Species Clause: Limit one of each Pokémon
|rule|OHKO Clause: OHKO moves are banned
|rule|Evasion Items Clause: Evasion items are banned
|rule|Evasion Moves Clause: Evasion moves are banned
|rule|Evasion Abilities Clause: Evasion abilities are banned
|rule|Sleep Moves Clause: Sleep-inducing moves are banned
|clearpoke
|poke|p1|Regieleki|
|poke|p1|Barraskewda, M|
|poke|p1|Rillaboom, F|
|poke|p1|Kyurem|
|poke|p1|Cinderace, M|
|poke|p1|Iron Moth|
|poke|p2|Flapple, F|
|poke|p2|Meowstic, M|
|poke|p2|Enamorus, F|
|poke|p2|Mew|
|poke|p2|Regieleki|
|poke|p2|Slowking-Galar, M|
|teampreview
|inactive|Battle timer is ON: inactive players will automatically lose when time's up. (requested by volkron zz)
|inactive|yeeterdieabeater also wants the timer to be on.
|c|☆yeeterdieabeater|niche team
|
|t:|1779635285
|teamsize|p1|6
|teamsize|p2|6
|start
|switch|p1a: Iron Moth|Iron Moth, shiny|100/100
|switch|p2a: Regieleki|Regieleki|100/100
|-enditem|p1a: Iron Moth|Booster Energy
|-activate|p1a: Iron Moth|ability: Quark Drive|[fromitem]
|-start|p1a: Iron Moth|quarkdrivespa
|turn|1
|
|t:|1779635296
|move|p2a: Regieleki|Volt Switch|p1a: Iron Moth
|-crit|p1a: Iron Moth
|-damage|p1a: Iron Moth|9/100
|
|t:|1779635298
|switch|p2a: Slowking|Slowking-Galar, M|100/100|[from] Volt Switch
|move|p1a: Iron Moth|Fiery Dance|p2a: Slowking
|-damage|p2a: Slowking|68/100
|
|upkeep
|turn|2
|
|t:|1779635306
|move|p1a: Iron Moth|Fiery Dance|p2a: Slowking
|-damage|p2a: Slowking|36/100
|move|p2a: Slowking|Future Sight|p1a: Iron Moth
|-start|p2a: Slowking|move: Future Sight
|
|upkeep
|turn|3
|c|☆volkron zz|Si
|c|☆volkron zz|niche
|
|t:|1779635316
|switch|p2a: Mew|Mew|100/100
|move|p1a: Iron Moth|Fiery Dance|p2a: Mew
|-damage|p2a: Mew|39/100
|-boost|p1a: Iron Moth|spa|1
|-enditem|p2a: Mew|Eject Button
|c|☆yeeterdieabeater|spanish?
|
|t:|1779635323
|switch|p2a: Regieleki|Regieleki|100/100
|
|upkeep
|turn|4
|
|t:|1779635327
|move|p2a: Regieleki|Volt Switch|p1a: Iron Moth
|-damage|p1a: Iron Moth|0 fnt
|faint|p1a: Iron Moth
|-end|p1a: Iron Moth|Quark Drive|[silent]
|c|☆volkron zz|No
|c|☆volkron zz|well a little idk
|
|t:|1779635340
|switch|p2a: Slowking|Slowking-Galar, M|70/100|[from] Volt Switch
|
|-hint|Future Sight did not hit because the target is fainted.
|upkeep
|c|☆yeeterdieabeater|real
|
|t:|1779635352
|switch|p1a: Regieleki|Regieleki, shiny|100/100
|turn|5
|
|t:|1779635362
|-terastallize|p1a: Regieleki|Electric
|move|p1a: Regieleki|Volt Switch|p2a: Slowking
|-damage|p2a: Slowking|14/100
|
|t:|1779635367
|switch|p1a: Rillaboom|Rillaboom, F, shiny|100/100|[from] Volt Switch
|-fieldstart|move: Grassy Terrain|[from] ability: Grassy Surge|[of] p1a: Rillaboom
|move|p2a: Slowking|Future Sight|p1a: Rillaboom
|-start|p2a: Slowking|move: Future Sight
|
|-heal|p2a: Slowking|20/100|[from] Grassy Terrain
|upkeep
|turn|6
|c|☆volkron zz|Why you not using pelipper
|c|☆volkron zz|its crazy with eleki and skewda
|c|☆yeeterdieabeater|he doesnt do enough damage
|c|☆yeeterdieabeater|also
|c|☆volkron zz|Use it trust me
|c|☆volkron zz|it guarantees thunders
|inactive|volkron zz has 120 seconds left.
|
|t:|1779635402
|switch|p2a: Mew|Mew|39/100
|move|p1a: Rillaboom|Swords Dance|p1a: Rillaboom
|-boost|p1a: Rillaboom|atk|2
|
|-heal|p2a: Mew|45/100|[from] Grassy Terrain
|upkeep
|turn|7
|c|☆yeeterdieabeater|he dies too quickly
|c|☆volkron zz|Yea
|c|☆yeeterdieabeater|although
|c|☆yeeterdieabeater|i guess 8 turns of rain
|c|☆yeeterdieabeater|could be enough to win a game
|c|☆volkron zz|Yea
|inactive|yeeterdieabeater has 120 seconds left.
|
|t:|1779635434
|move|p1a: Rillaboom|Grassy Glide|p2a: Mew
|-damage|p2a: Mew|0 fnt
|faint|p2a: Mew
|-damage|p1a: Rillaboom|91/100|[from] item: Life Orb
|
|-end|p1a: Rillaboom|move: Future Sight
|-damage|p1a: Rillaboom|28/100
|-heal|p1a: Rillaboom|34/100|[from] Grassy Terrain
|upkeep
|c|☆volkron zz|and you have 3 ground killers
|inactive|volkron zz has 120 seconds left.
|c|☆volkron zz|with no immunities the 1.8x thunder is insane
|
|t:|1779635456
|switch|p2a: Enamorus|Enamorus, F|100/100
|turn|8
|c|☆yeeterdieabeater|yea but transitioning into the ground killers is easier said than done
|
|t:|1779635467
|move|p2a: Enamorus|Moonblast|p1a: Rillaboom
|-damage|p1a: Rillaboom|0 fnt
|faint|p1a: Rillaboom
|
|upkeep
|
|t:|1779635474
|switch|p1a: Regieleki|Regieleki, shiny, tera:Electric|100/100
|turn|9
|
|t:|1779635479
|switch|p2a: Slowking|Slowking-Galar, M|54/100
|move|p1a: Regieleki|Thunderbolt|p2a: Slowking
|-damage|p2a: Slowking|0 fnt
|faint|p2a: Slowking
|
|-fieldend|move: Grassy Terrain
|upkeep
|
|t:|1779635481
|switch|p2a: Meowstic|Meowstic, M|100/100
|turn|10
|
|t:|1779635485
|move|p2a: Meowstic|Gravity|p2a: Meowstic
|-fieldstart|move: Gravity
|move|p1a: Regieleki|Thunderbolt|p2a: Meowstic
|-damage|p2a: Meowstic|6/100
|-enditem|p2a: Meowstic|Eject Button
|
|t:|1779635491
|switch|p2a: Flapple|Flapple, F|100/100
|
|upkeep
|turn|11
|c|☆yeeterdieabeater|how did that guy tank that
|c|☆volkron zz|Yea makes sense
|c|☆yeeterdieabeater|oh no grav apple
|c|☆volkron zz|Idek
|
|t:|1779635506
|switch|p1a: Kyurem|Kyurem, shiny|100/100
|-ability|p1a: Kyurem|Pressure
|move|p2a: Flapple|Outrage|p1a: Kyurem
|-supereffective|p1a: Kyurem
|-damage|p1a: Kyurem|0 fnt
|faint|p1a: Kyurem
|
|upkeep
|
|t:|1779635518
|switch|p1a: Cinderace|Cinderace, M|100/100
|turn|12
|
|t:|1779635527
|move|p1a: Cinderace|U-turn|p2a: Flapple
|-start|p1a: Cinderace|typechange|Bug|[from] ability: Libero
|-supereffective|p2a: Flapple
|-damage|p2a: Flapple|0 fnt
|faint|p2a: Flapple
|
|t:|1779635534
|switch|p1a: Barraskewda|Barraskewda, M, shiny|100/100|[from] U-turn
|
|upkeep
|
|t:|1779635537
|switch|p2a: Regieleki|Regieleki|100/100
|turn|13
|
|t:|1779635543
|move|p1a: Barraskewda|Aqua Jet|p2a: Regieleki
|-damage|p2a: Regieleki|38/100
|move|p2a: Regieleki|Thunder|p1a: Barraskewda
|-supereffective|p1a: Barraskewda
|-damage|p1a: Barraskewda|0 fnt
|faint|p1a: Barraskewda
|
|upkeep
|
|t:|1779635549
|switch|p1a: Cinderace|Cinderace, M|100/100
|turn|14
|
|t:|1779635553
|move|p2a: Regieleki|Thunder|p1a: Cinderace
|-damage|p1a: Cinderace|0 fnt
|faint|p1a: Cinderace
|
|-fieldend|move: Gravity
|upkeep
|
|t:|1779635556
|switch|p1a: Regieleki|Regieleki, shiny, tera:Electric|100/100
|turn|15
|c|☆yeeterdieabeater|you cant OHKO my eleki without a crit
|
|t:|1779635575
|move|p2a: Regieleki|Thunder|p1a: Regieleki|[miss]
|-miss|p2a: Regieleki|p1a: Regieleki
|move|p1a: Regieleki|Thunderbolt|p2a: Regieleki
|-resisted|p2a: Regieleki
|-damage|p2a: Regieleki|0 fnt
|faint|p2a: Regieleki
|
|upkeep
|
|t:|1779635581
|switch|p2a: Meowstic|Meowstic, M|6/100
|turn|16
|
|t:|1779635585
|move|p2a: Meowstic|Light Screen|p2a: Meowstic
|-sidestart|p2: volkron zz|move: Light Screen
|move|p1a: Regieleki|Thunderbolt|p2a: Meowstic
|-damage|p2a: Meowstic|0 fnt
|faint|p2a: Meowstic
|
|upkeep
|
|t:|1779635589
|switch|p2a: Enamorus|Enamorus, F|100/100
|turn|17
|c|☆yeeterdieabeater|oh no
|
|t:|1779635594
|-terastallize|p2a: Enamorus|Fairy
|move|p1a: Regieleki|Thunderbolt|p2a: Enamorus
|-damage|p2a: Enamorus|22/100
|move|p2a: Enamorus|Moonblast|p1a: Regieleki
|-damage|p1a: Regieleki|0 fnt
|faint|p1a: Regieleki
|
|win|volkron zz
|raw|yeeterdieabeater's rating: 1200 &rarr; <strong>1175</strong><br />(-25 for losing)
|raw|volkron zz's rating: 1195 &rarr; <strong>1220</strong><br />(+25 for winning)
|c|☆volkron zz|Son
|c|☆yeeterdieabeater|gg
|c|☆volkron zz|Ggs
|l|☆volkron zz
|player|p2|
|c|☆yeeterdieabeater|imma try pelliper
|l|☆yeeterdieabeater
|player|p1|
