|j|☆Kazuelasnt
|j|☆Boxed by Po
|t:|1779584207
|gametype|singles
|player|p1|Kazuelasnt|cress|1444
|player|p2|Boxed by Po|firebreather|1496
|gen|9
|tier|[Gen 9] OU
|rated|
|rule|HP Percentage Mod: HP is shown in percentages
|rule|Endless Battle Clause: Forcing endless battles is banned
|rule|Species Clause: Limit one of each Pokémon
|rule|OHKO Clause: OHKO moves are banned
|rule|Evasion Items Clause: Evasion items are banned
|rule|Evasion Moves Clause: Evasion moves are banned
|rule|Evasion Abilities Clause: Evasion abilities are banned
|rule|Sleep Moves Clause: Sleep-inducing moves are banned
|clearpoke
|poke|p1|Kleavor, M|
|poke|p1|Landorus-Therian, M|
|poke|p1|Gholdengo|
|poke|p1|Dragonite, F|
|poke|p1|Hatterene, F|
|poke|p1|Darkrai|
|poke|p2|Kingambit, M|
|poke|p2|Dragapult, M|
|poke|p2|Dragonite, M|
|poke|p2|Ursaluna, M|
|poke|p2|Latias, F|
|poke|p2|Lokix, F|
|teampreview
|inactive|Battle timer is ON: inactive players will automatically lose when time's up. (requested by Boxed by Po)
|inactive|Kazuelasnt has 120 seconds left.
|
|t:|1779584248
|teamsize|p1|6
|teamsize|p2|6
|start
|switch|p1a: HomeLANDOR|Landorus-Therian, M, shiny|100/100
|switch|p2a: F-13|Dragapult, M, shiny|100/100
|-ability|p1a: HomeLANDOR|Intimidate|boost
|-unboost|p2a: F-13|atk|1
|turn|1
|
|t:|1779584266
|switch|p1a: Hattie|Hatterene, F|100/100
|move|p2a: F-13|Will-O-Wisp|p1a: Hattie
|move|p1a: Hattie|Will-O-Wisp|p2a: F-13|[from] ability: Magic Bounce
|-status|p2a: F-13|brn
|
|-damage|p2a: F-13|95/100 brn|[from] brn
|upkeep
|turn|2
|
|t:|1779584279
|move|p2a: F-13|Will-O-Wisp|p1a: Hattie
|move|p1a: Hattie|Will-O-Wisp|p2a: F-13|[from] ability: Magic Bounce|[miss]
|-miss|p1a: Hattie|p2a: F-13
|move|p1a: Hattie|Nuzzle|p2a: F-13
|-resisted|p2a: F-13
|-damage|p2a: F-13|92/100 brn
|
|-damage|p2a: F-13|86/100 brn|[from] brn
|upkeep
|turn|3
|
|t:|1779584305
|switch|p1a: HomeLANDOR|Landorus-Therian, M, shiny|100/100
|-ability|p1a: HomeLANDOR|Intimidate|boost
|-unboost|p2a: F-13|atk|1
|move|p2a: F-13|Will-O-Wisp|p1a: HomeLANDOR
|-status|p1a: HomeLANDOR|brn
|
|-damage|p2a: F-13|80/100 brn|[from] brn
|-damage|p1a: HomeLANDOR|94/100 brn|[from] brn
|upkeep
|turn|4
|
|t:|1779584318
|switch|p2a: Latias|Latias, F, shiny|100/100
|move|p1a: HomeLANDOR|U-turn|p2a: Latias
|-supereffective|p2a: Latias
|-damage|p2a: Latias|79/100
|-enditem|p2a: Latias|Weakness Policy
|-boost|p2a: Latias|atk|2|[from] item: Weakness Policy
|-boost|p2a: Latias|spa|2|[from] item: Weakness Policy
|inactive|Kazuelasnt has 120 seconds left.
|
|t:|1779584348
|switch|p1a: A Penny|Gholdengo|100/100|[from] U-turn
|-item|p1a: A Penny|Air Balloon
|
|upkeep
|turn|5
|
|t:|1779584359
|-terastallize|p2a: Latias|Fairy
|move|p1a: A Penny|Make It Rain|p2a: Latias
|-supereffective|p2a: Latias
|-damage|p2a: Latias|0 fnt
|-unboost|p1a: A Penny|spa|1
|faint|p2a: Latias
|
|upkeep
|
|t:|1779584370
|switch|p2a: Dragonite|Dragonite, M|100/100
|turn|6
|
|t:|1779584376
|switch|p1a: HomeLANDOR|Landorus-Therian, M, shiny|94/100 brn
|-ability|p1a: HomeLANDOR|Intimidate|boost
|-unboost|p2a: Dragonite|atk|1
|move|p2a: Dragonite|Dragon Dance|p2a: Dragonite
|-boost|p2a: Dragonite|atk|1
|-boost|p2a: Dragonite|spe|1
|
|-damage|p1a: HomeLANDOR|88/100 brn|[from] brn
|upkeep
|turn|7
|
|t:|1779584381
|move|p2a: Dragonite|Dragon Dance|p2a: Dragonite
|-boost|p2a: Dragonite|atk|1
|-boost|p2a: Dragonite|spe|1
|move|p1a: HomeLANDOR|U-turn|p2a: Dragonite
|-resisted|p2a: Dragonite
|-damage|p2a: Dragonite|97/100
|
|t:|1779584384
|switch|p1a: Duke|Darkrai, shiny|100/100|[from] U-turn
|
|upkeep
|turn|8
|
|t:|1779584397
|-terastallize|p1a: Duke|Ghost
|move|p2a: Dragonite|Earthquake|p1a: Duke
|-damage|p1a: Duke|29/100
|move|p1a: Duke|Ice Beam|p2a: Dragonite
|-supereffective|p2a: Dragonite
|-damage|p2a: Dragonite|0 fnt
|faint|p2a: Dragonite
|
|upkeep
|
|t:|1779584405
|switch|p2a: Lokix|Lokix, F|100/100
|turn|9
|
|t:|1779584409
|switch|p1a: HomeLANDOR|Landorus-Therian, M, shiny|88/100 brn
|-ability|p1a: HomeLANDOR|Intimidate|boost
|-unboost|p2a: Lokix|atk|1
|move|p2a: Lokix|U-turn|p1a: HomeLANDOR
|-resisted|p1a: HomeLANDOR
|-damage|p1a: HomeLANDOR|57/100 brn
|-damage|p2a: Lokix|84/100|[from] item: Rocky Helmet|[of] p1a: HomeLANDOR
|
|t:|1779584414
|switch|p2a: Ursaluna|Ursaluna, M|100/100|[from] U-turn
|
|-damage|p1a: HomeLANDOR|51/100 brn|[from] brn
|-status|p2a: Ursaluna|brn|[from] item: Flame Orb
|upkeep
|turn|10
|inactive|Kazuelasnt has 120 seconds left.
|
|t:|1779584446
|move|p1a: HomeLANDOR|Taunt|p2a: Ursaluna
|-start|p2a: Ursaluna|move: Taunt
|move|p2a: Ursaluna|Facade|p1a: HomeLANDOR
|-damage|p1a: HomeLANDOR|0 fnt
|-damage|p2a: Ursaluna|84/100 brn|[from] item: Rocky Helmet|[of] p1a: HomeLANDOR
|faint|p1a: HomeLANDOR
|
|-damage|p2a: Ursaluna|78/100 brn|[from] brn
|upkeep
|inactive|Kazuelasnt has 120 seconds left.
|
|t:|1779584464
|switch|p1a: A Penny|Gholdengo|100/100
|-item|p1a: A Penny|Air Balloon
|turn|11
|
|t:|1779584474
|move|p1a: A Penny|Nasty Plot|p1a: A Penny
|-boost|p1a: A Penny|spa|2
|move|p2a: Ursaluna|Crunch|p1a: A Penny
|-supereffective|p1a: A Penny
|-damage|p1a: A Penny|0 fnt
|-enditem|p1a: A Penny|Air Balloon
|faint|p1a: A Penny
|
|-damage|p2a: Ursaluna|72/100 brn|[from] brn
|upkeep
|
|t:|1779584480
|switch|p1a: Filo Señorial|Kleavor, M|100/100
|turn|12
|
|t:|1779584485
|move|p1a: Filo Señorial|Close Combat|p2a: Ursaluna
|-supereffective|p2a: Ursaluna
|-damage|p2a: Ursaluna|9/100 brn
|-unboost|p1a: Filo Señorial|def|1
|-unboost|p1a: Filo Señorial|spd|1
|move|p2a: Ursaluna|Facade|p1a: Filo Señorial
|-resisted|p1a: Filo Señorial
|-damage|p1a: Filo Señorial|0 fnt
|faint|p1a: Filo Señorial
|
|-damage|p2a: Ursaluna|3/100 brn|[from] brn
|-end|p2a: Ursaluna|move: Taunt
|upkeep
|inactive|Kazuelasnt has 120 seconds left.
|c|☆Kazuelasnt|Just die damm it
|
|t:|1779584500
|switch|p1a: Duke|Darkrai, shiny, tera:Ghost|29/100
|turn|13
|
|t:|1779584504
|move|p1a: Duke|Dark Pulse|p2a: Ursaluna
|-damage|p2a: Ursaluna|0 fnt
|faint|p2a: Ursaluna
|
|upkeep
|
|t:|1779584507
|switch|p2a: Lokix|Lokix, F|84/100
|turn|14
|inactive|Kazuelasnt has 120 seconds left.
|-message|Kazuelasnt forfeited.
|
|win|Boxed by Po
