|j|☆1000TURNSFR
|j|☆MeioPotato
|t:|1779665498
|gametype|singles
|player|p1|1000TURNSFR|ghetsis|1645
|player|p2|MeioPotato|rosa|1579
|gen|9
|tier|[Gen 9] OU
|rated|
|rule|HP Percentage Mod: HP is shown in percentages
|rule|Endless Battle Clause: Forcing endless battles is banned
|rule|Species Clause: Limit one of each Pokémon
|rule|OHKO Clause: OHKO moves are banned
|rule|Evasion Items Clause: Evasion items are banned
|rule|Evasion Moves Clause: Evasion moves are banned
|rule|Evasion Abilities Clause: Evasion abilities are banned
|rule|Sleep Moves Clause: Sleep-inducing moves are banned
|clearpoke
|poke|p1|Clodsire, F|
|poke|p1|Dondozo, F|
|poke|p1|Alomomola, F|
|poke|p1|Talonflame, F|
|poke|p1|Toxapex, F|
|poke|p1|Blissey, F|
|poke|p2|Latias, F|
|poke|p2|Iron Moth|
|poke|p2|Polteageist|
|poke|p2|Ogerpon-Wellspring, F|
|poke|p2|Kingambit, M|
|poke|p2|Zamazenta-*|
|teampreview
|inactive|Battle timer is ON: inactive players will automatically lose when time's up. (requested by MeioPotato)
|
|t:|1779665507
|teamsize|p1|6
|teamsize|p2|6
|start
|switch|p1a: Keep Trying.|Toxapex, F|100/100
|switch|p2a: Boa|Polteageist|100/100
|turn|1
|
|t:|1779665511
|move|p2a: Boa|Shell Smash|p2a: Boa
|-unboost|p2a: Boa|def|1
|-unboost|p2a: Boa|spd|1
|-boost|p2a: Boa|atk|2
|-boost|p2a: Boa|spa|2
|-boost|p2a: Boa|spe|2
|move|p1a: Keep Trying.|Toxic|p2a: Boa
|-status|p2a: Boa|tox
|
|-damage|p2a: Boa|94/100 tox|[from] psn
|upkeep
|turn|2
|
|t:|1779665514
|switch|p1a: Still Trying?|Blissey, F, shiny|100/100
|move|p2a: Boa|Stored Power|p1a: Still Trying?
|-damage|p1a: Still Trying?|67/100
|
|-damage|p2a: Boa|82/100 tox|[from] psn
|upkeep
|turn|3
|
|t:|1779665518
|move|p2a: Boa|Shell Smash|p2a: Boa
|-unboost|p2a: Boa|def|1
|-unboost|p2a: Boa|spd|1
|-boost|p2a: Boa|atk|2
|-boost|p2a: Boa|spa|2
|-boost|p2a: Boa|spe|2
|move|p1a: Still Trying?|Shadow Ball|p2a: Boa
|-supereffective|p2a: Boa
|-damage|p2a: Boa|12/100 tox
|
|-damage|p2a: Boa|0 fnt|[from] psn
|faint|p2a: Boa
|upkeep
|
|t:|1779665523
|switch|p2a: Darkstalker|Kingambit, M|100/100
|turn|4
|j| Wildkoter
|
|t:|1779665529
|switch|p1a: Nice Try.|Talonflame, F, shiny|100/100
|move|p2a: Darkstalker|Iron Head|p1a: Nice Try.
|-resisted|p1a: Nice Try.
|-damage|p1a: Nice Try.|78/100
|
|upkeep
|turn|5
|
|t:|1779665535
|switch|p1a: Keep Trying.|Toxapex, F|100/100
|switch|p2a: Luna|Iron Moth|100/100
|
|upkeep
|turn|6
|
|t:|1779665540
|-end|p2a: Luna|Quark Drive|[silent]
|switch|p2a: Darkstalker|Kingambit, M|100/100
|switch|p1a: Worth Trying.|Clodsire, F, shiny|100/100
|
|upkeep
|turn|7
|
|t:|1779665542
|switch|p1a: Nice Try.|Talonflame, F, shiny|78/100
|move|p2a: Darkstalker|Iron Head|p1a: Nice Try.
|-resisted|p1a: Nice Try.
|-damage|p1a: Nice Try.|56/100
|-status|p2a: Darkstalker|brn|[from] ability: Flame Body|[of] p1a: Nice Try.
|
|-damage|p2a: Darkstalker|94/100 brn|[from] brn
|upkeep
|turn|8
|l| Wildkoter
|
|t:|1779665545
|move|p1a: Nice Try.|Roost|p1a: Nice Try.
|-heal|p1a: Nice Try.|100/100
|-singleturn|p1a: Nice Try.|move: Roost
|move|p2a: Darkstalker|Kowtow Cleave|p1a: Nice Try.
|-damage|p1a: Nice Try.|79/100
|
|-damage|p2a: Darkstalker|88/100 brn|[from] brn
|upkeep
|turn|9
|
|t:|1779665549
|move|p1a: Nice Try.|Flamethrower|p2a: Darkstalker
|-supereffective|p2a: Darkstalker
|-damage|p2a: Darkstalker|48/100 brn
|move|p2a: Darkstalker|Kowtow Cleave|p1a: Nice Try.
|-crit|p1a: Nice Try.
|-damage|p1a: Nice Try.|45/100
|
|-damage|p2a: Darkstalker|42/100 brn|[from] brn
|upkeep
|turn|10
|
|t:|1779665552
|move|p1a: Nice Try.|Roost|p1a: Nice Try.
|-heal|p1a: Nice Try.|95/100
|-singleturn|p1a: Nice Try.|move: Roost
|move|p2a: Darkstalker|Kowtow Cleave|p1a: Nice Try.
|-damage|p1a: Nice Try.|71/100
|
|-damage|p2a: Darkstalker|35/100 brn|[from] brn
|upkeep
|turn|11
|
|t:|1779665554
|move|p1a: Nice Try.|Flamethrower|p2a: Darkstalker
|-supereffective|p2a: Darkstalker
|-damage|p2a: Darkstalker|0 fnt
|faint|p2a: Darkstalker
|
|upkeep
|
|t:|1779665563
|switch|p2a: Clearsight|Latias, F|100/100
|turn|12
|
|t:|1779665566
|switch|p1a: Keep Trying.|Toxapex, F|100/100
|move|p2a: Clearsight|Agility|p2a: Clearsight
|-boost|p2a: Clearsight|spe|2
|
|upkeep
|turn|13
|
|t:|1779665569
|move|p2a: Clearsight|Calm Mind|p2a: Clearsight
|-boost|p2a: Clearsight|spa|1
|-boost|p2a: Clearsight|spd|1
|move|p1a: Keep Trying.|Toxic|p2a: Clearsight
|-status|p2a: Clearsight|tox
|
|-damage|p2a: Clearsight|95/100 tox|[from] psn
|upkeep
|turn|14
|
|t:|1779665571
|switch|p1a: Still Trying?|Blissey, F, shiny|67/100
|move|p2a: Clearsight|Stored Power|p1a: Still Trying?
|-damage|p1a: Still Trying?|49/100
|
|-damage|p2a: Clearsight|83/100 tox|[from] psn
|upkeep
|turn|15
|
|t:|1779665573
|-terastallize|p1a: Still Trying?|Dark
|move|p2a: Clearsight|Calm Mind|p2a: Clearsight
|-boost|p2a: Clearsight|spa|1
|-boost|p2a: Clearsight|spd|1
|move|p1a: Still Trying?|Soft-Boiled|p1a: Still Trying?
|-heal|p1a: Still Trying?|99/100
|
|-damage|p2a: Clearsight|65/100 tox|[from] psn
|upkeep
|turn|16
|
|t:|1779665576
|move|p2a: Clearsight|Draining Kiss|p1a: Still Trying?
|-supereffective|p1a: Still Trying?
|-damage|p1a: Still Trying?|82/100
|-heal|p2a: Clearsight|91/100 tox|[from] drain|[of] p1a: Still Trying?
|move|p1a: Still Trying?|Calm Mind|p1a: Still Trying?
|-boost|p1a: Still Trying?|spa|1
|-boost|p1a: Still Trying?|spd|1
|
|-damage|p2a: Clearsight|67/100 tox|[from] psn
|upkeep
|turn|17
|
|t:|1779665580
|move|p2a: Clearsight|Draining Kiss|p1a: Still Trying?
|-supereffective|p1a: Still Trying?
|-damage|p1a: Still Trying?|70/100
|-heal|p2a: Clearsight|87/100 tox|[from] drain|[of] p1a: Still Trying?
|move|p1a: Still Trying?|Shadow Ball|p2a: Clearsight
|-supereffective|p2a: Clearsight
|-damage|p2a: Clearsight|68/100 tox
|-unboost|p2a: Clearsight|spd|1
|-enditem|p2a: Clearsight|Weakness Policy
|-boost|p2a: Clearsight|atk|2|[from] item: Weakness Policy
|-boost|p2a: Clearsight|spa|2|[from] item: Weakness Policy
|
|-damage|p2a: Clearsight|38/100 tox|[from] psn
|upkeep
|turn|18
|
|t:|1779665583
|move|p2a: Clearsight|Draining Kiss|p1a: Still Trying?
|-supereffective|p1a: Still Trying?
|-damage|p1a: Still Trying?|54/100
|-heal|p2a: Clearsight|64/100 tox|[from] drain|[of] p1a: Still Trying?
|move|p1a: Still Trying?|Soft-Boiled|p1a: Still Trying?
|-heal|p1a: Still Trying?|100/100
|
|-damage|p2a: Clearsight|28/100 tox|[from] psn
|upkeep
|turn|19
|
|t:|1779665591
|move|p2a: Clearsight|Draining Kiss|p1a: Still Trying?
|-supereffective|p1a: Still Trying?
|-damage|p1a: Still Trying?|82/100
|-heal|p2a: Clearsight|58/100 tox|[from] drain|[of] p1a: Still Trying?
|move|p1a: Still Trying?|Calm Mind|p1a: Still Trying?
|-boost|p1a: Still Trying?|spa|1
|-boost|p1a: Still Trying?|spd|1
|
|-damage|p2a: Clearsight|16/100 tox|[from] psn
|upkeep
|turn|20
|
|t:|1779665600
|move|p2a: Clearsight|Draining Kiss|p1a: Still Trying?
|-supereffective|p1a: Still Trying?
|-damage|p1a: Still Trying?|69/100
|-heal|p2a: Clearsight|38/100 tox|[from] drain|[of] p1a: Still Trying?
|move|p1a: Still Trying?|Seismic Toss|p2a: Clearsight
|-damage|p2a: Clearsight|5/100 tox
|
|-damage|p2a: Clearsight|0 fnt|[from] psn
|faint|p2a: Clearsight
|upkeep
|
|t:|1779665622
|switch|p2a: Peril|Zamazenta|100/100
|-ability|p2a: Peril|Dauntless Shield|boost
|-boost|p2a: Peril|def|1
|turn|21
|
|t:|1779665647
|switch|p1a: Keep Trying.|Toxapex, F|100/100
|move|p2a: Peril|Iron Defense|p2a: Peril
|-boost|p2a: Peril|def|2
|
|upkeep
|turn|22
|
|t:|1779665649
|move|p1a: Keep Trying.|Toxic|p2a: Peril
|-status|p2a: Peril|tox
|move|p2a: Peril|Roar|p1a: Keep Trying.
|drag|p1a: Worth Trying.|Clodsire, F, shiny|100/100
|
|-damage|p2a: Peril|94/100 tox|[from] psn
|upkeep
|turn|23
|
|t:|1779665654
|move|p2a: Peril|Crunch|p1a: Worth Trying.
|-damage|p1a: Worth Trying.|72/100
|-unboost|p1a: Worth Trying.|def|1
|move|p1a: Worth Trying.|Bulldoze|p2a: Peril
|-damage|p2a: Peril|78/100 tox
|-unboost|p2a: Peril|spe|1
|
|-heal|p2a: Peril|84/100 tox|[from] item: Leftovers
|-damage|p2a: Peril|72/100 tox|[from] psn
|upkeep
|turn|24
|
|t:|1779665658
|move|p2a: Peril|Crunch|p1a: Worth Trying.
|-damage|p1a: Worth Trying.|31/100
|move|p1a: Worth Trying.|Recover|p1a: Worth Trying.
|-heal|p1a: Worth Trying.|81/100
|
|-heal|p2a: Peril|78/100 tox|[from] item: Leftovers
|-damage|p2a: Peril|60/100 tox|[from] psn
|upkeep
|turn|25
|
|t:|1779665661
|switch|p1a: Keep Trying.|Toxapex, F|100/100
|move|p2a: Peril|Crunch|p1a: Keep Trying.
|-damage|p1a: Keep Trying.|85/100
|-unboost|p1a: Keep Trying.|def|1
|
|-heal|p2a: Peril|66/100 tox|[from] item: Leftovers
|-damage|p2a: Peril|41/100 tox|[from] psn
|upkeep
|turn|26
|
|t:|1779665665
|switch|p1a: Try Harder.|Alomomola, F, shiny|100/100
|move|p2a: Peril|Crunch|p1a: Try Harder.
|-damage|p1a: Try Harder.|85/100
|
|-heal|p2a: Peril|48/100 tox|[from] item: Leftovers
|-damage|p2a: Peril|17/100 tox|[from] psn
|upkeep
|turn|27
|
|t:|1779665674
|move|p2a: Peril|Body Press|p1a: Try Harder.
|-damage|p1a: Try Harder.|41/100
|move|p1a: Try Harder.|Wish|p1a: Try Harder.
|
|-heal|p2a: Peril|23/100 tox|[from] item: Leftovers
|-damage|p2a: Peril|0 fnt|[from] psn
|faint|p2a: Peril
|upkeep
|
|t:|1779665678
|switch|p2a: Kinkajou|Ogerpon-Wellspring, F|100/100
|turn|28
|
|t:|1779665681
|switch|p1a: Keep Trying.|Toxapex, F|100/100
|move|p2a: Kinkajou|Swords Dance|p2a: Kinkajou
|-boost|p2a: Kinkajou|atk|2
|
|upkeep
|turn|29
|
|t:|1779665695
|move|p2a: Kinkajou|Knock Off|p1a: Keep Trying.
|-damage|p1a: Keep Trying.|52/100
|-enditem|p1a: Keep Trying.|Heavy-Duty Boots|[from] move: Knock Off|[of] p2a: Kinkajou
|move|p1a: Keep Trying.|Toxic|p2a: Kinkajou
|-status|p2a: Kinkajou|tox
|
|-damage|p2a: Kinkajou|95/100 tox|[from] psn
|upkeep
|turn|30
|
|t:|1779665699
|move|p1a: Keep Trying.|Baneful Bunker|p1a: Keep Trying.
|-singleturn|p1a: Keep Trying.|move: Protect
|move|p2a: Kinkajou|Horn Leech|p1a: Keep Trying.
|-activate|p1a: Keep Trying.|move: Protect
|
|-damage|p2a: Kinkajou|83/100 tox|[from] psn
|upkeep
|turn|31
|
|t:|1779665702
|switch|p1a: You Tried.|Dondozo, F, shiny|100/100
|move|p2a: Kinkajou|Horn Leech|p1a: You Tried.
|-supereffective|p1a: You Tried.
|-damage|p1a: You Tried.|59/100
|-heal|p2a: Kinkajou|100/100 tox|[from] drain|[of] p1a: You Tried.
|
|-damage|p2a: Kinkajou|83/100 tox|[from] psn
|upkeep
|turn|32
|
|t:|1779665706
|move|p2a: Kinkajou|Knock Off|p1a: You Tried.
|-damage|p1a: You Tried.|43/100
|-enditem|p1a: You Tried.|Heavy-Duty Boots|[from] move: Knock Off|[of] p2a: Kinkajou
|move|p1a: You Tried.|Rest|p1a: You Tried.
|-status|p1a: You Tried.|slp|[from] move: Rest
|-heal|p1a: You Tried.|100/100 slp|[silent]
|
|-damage|p2a: Kinkajou|59/100 tox|[from] psn
|upkeep
|turn|33
|
|t:|1779665709
|switch|p1a: Nice Try.|Talonflame, F, shiny|71/100
|move|p2a: Kinkajou|Horn Leech|p1a: Nice Try.
|-resisted|p1a: Nice Try.
|-damage|p1a: Nice Try.|51/100
|-heal|p2a: Kinkajou|71/100 tox|[from] drain|[of] p1a: Nice Try.
|
|-damage|p2a: Kinkajou|41/100 tox|[from] psn
|upkeep
|turn|34
|
|t:|1779665714
|move|p2a: Kinkajou|Ivy Cudgel|p1a: Nice Try.|[anim] Ivy Cudgel Water
|-supereffective|p1a: Nice Try.
|-damage|p1a: Nice Try.|0 fnt
|faint|p1a: Nice Try.
|
|-damage|p2a: Kinkajou|5/100 tox|[from] psn
|upkeep
|
|t:|1779665718
|switch|p1a: Keep Trying.|Toxapex, F|85/100
|turn|35
|
|t:|1779665724
|move|p1a: Keep Trying.|Baneful Bunker|p1a: Keep Trying.
|-singleturn|p1a: Keep Trying.|move: Protect
|move|p2a: Kinkajou|Horn Leech|p1a: Keep Trying.
|-activate|p1a: Keep Trying.|move: Protect
|
|-damage|p2a: Kinkajou|0 fnt|[from] psn
|faint|p2a: Kinkajou
|upkeep
|
|t:|1779665726
|switch|p2a: Luna|Iron Moth|100/100
|turn|36
|
|t:|1779665728
|switch|p1a: Worth Trying.|Clodsire, F, shiny|81/100
|move|p2a: Luna|Fiery Dance|p1a: Worth Trying.
|-damage|p1a: Worth Trying.|59/100
|
|upkeep
|turn|37
|
|t:|1779665736
|move|p2a: Luna|Fiery Dance|p1a: Worth Trying.
|-damage|p1a: Worth Trying.|35/100
|move|p1a: Worth Trying.|Recover|p1a: Worth Trying.
|-heal|p1a: Worth Trying.|85/100
|
|upkeep
|turn|38
|
|t:|1779665740
|-terastallize|p2a: Luna|Grass
|move|p2a: Luna|Fiery Dance|p1a: Worth Trying.
|-damage|p1a: Worth Trying.|60/100
|move|p1a: Worth Trying.|Bulldoze|p2a: Luna
|-resisted|p2a: Luna
|-damage|p2a: Luna|86/100
|-unboost|p2a: Luna|spe|1
|
|upkeep
|turn|39
|
|t:|1779665743
|move|p2a: Luna|Fiery Dance|p1a: Worth Trying.
|-damage|p1a: Worth Trying.|37/100
|move|p1a: Worth Trying.|Toxic|p2a: Luna
|-status|p2a: Luna|tox
|
|-damage|p2a: Luna|80/100 tox|[from] psn
|upkeep
|turn|40
|
|t:|1779665754
|move|p2a: Luna|Fiery Dance|p1a: Worth Trying.
|-damage|p1a: Worth Trying.|13/100
|-boost|p2a: Luna|spa|1
|move|p1a: Worth Trying.|Recover|p1a: Worth Trying.
|-heal|p1a: Worth Trying.|63/100
|
|-damage|p2a: Luna|68/100 tox|[from] psn
|upkeep
|turn|41
|
|t:|1779665756
|move|p2a: Luna|Fiery Dance|p1a: Worth Trying.
|-damage|p1a: Worth Trying.|40/100
|move|p1a: Worth Trying.|Recover|p1a: Worth Trying.
|-heal|p1a: Worth Trying.|90/100
|
|-damage|p2a: Luna|50/100 tox|[from] psn
|upkeep
|turn|42
|-message|MeioPotato forfeited.
|
|win|1000TURNSFR
|raw|1000TURNSFR's rating: 1645 &rarr; <strong>1661</strong><br />(+16 for winning)
|raw|MeioPotato's rating: 1579 &rarr; <strong>1563</strong><br />(-16 for losing)
|l|☆MeioPotato
|player|p2|
|l|☆1000TURNSFR
|player|p1|
