|j|☆MoncefTheW
|j|☆slowlyfadingaway
|t:|1779703492
|gametype|singles
|player|p1|MoncefTheW|psychic-gen4|1253
|player|p2|slowlyfadingaway|veteran|1197
|gen|9
|tier|[Gen 9] OU
|rated|
|rule|HP Percentage Mod: HP is shown in percentages
|rule|Endless Battle Clause: Forcing endless battles is banned
|rule|Species Clause: Limit one of each Pokémon
|rule|OHKO Clause: OHKO moves are banned
|rule|Evasion Items Clause: Evasion items are banned
|rule|Evasion Moves Clause: Evasion moves are banned
|rule|Evasion Abilities Clause: Evasion abilities are banned
|rule|Sleep Moves Clause: Sleep-inducing moves are banned
|clearpoke
|poke|p1|Meowscarada, F|
|poke|p1|Volcanion|
|poke|p1|Scizor, M|
|poke|p1|Mimikyu, M|
|poke|p1|Blissey, F|
|poke|p1|Iron Hands|
|poke|p2|Kingambit, M|
|poke|p2|Azelf|
|poke|p2|Samurott-Hisui, M|
|poke|p2|Duraludon, M|
|poke|p2|Chandelure, M|
|poke|p2|Iron Treads|
|teampreview
|inactive|Battle timer is ON: inactive players will automatically lose when time's up. (requested by slowlyfadingaway)
|inactive|MoncefTheW also wants the timer to be on.
|
|t:|1779703513
|teamsize|p1|6
|teamsize|p2|6
|start
|switch|p1a: paws with claws|Meowscarada, F, shiny|100/100
|switch|p2a: Kingambit|Kingambit, M|100/100
|turn|1
|
|t:|1779703521
|move|p1a: paws with claws|U-turn|p2a: Kingambit
|-start|p1a: paws with claws|typechange|Bug|[from] ability: Protean
|-damage|p2a: Kingambit|65/100
|inactive|MoncefTheW has 120 seconds left.
|
|t:|1779703569
|switch|p1a: Obsidian|Volcanion|100/100|[from] U-turn
|move|p2a: Kingambit|Low Kick|p1a: Obsidian
|-damage|p1a: Obsidian|62/100
|
|-heal|p1a: Obsidian|68/100|[from] item: Leftovers
|upkeep
|turn|2
|
|t:|1779703585
|switch|p2a: Chandelure|Chandelure, M|100/100
|move|p1a: Obsidian|Steam Eruption|p2a: Chandelure
|-supereffective|p2a: Chandelure
|-damage|p2a: Chandelure|0 fnt
|faint|p2a: Chandelure
|
|-heal|p1a: Obsidian|74/100|[from] item: Leftovers
|upkeep
|j| Adi4
|c|☆slowlyfadingaway|nice read
|
|t:|1779703594
|switch|p2a: Duraludon|Duraludon, M|100/100
|turn|3
|inactive|MoncefTheW has 120 seconds left.
|
|t:|1779703603
|move|p1a: Obsidian|Earth Power|p2a: Duraludon
|-supereffective|p2a: Duraludon
|-damage|p2a: Duraludon|18/100
|move|p2a: Duraludon|Thunderbolt|p1a: Obsidian
|-supereffective|p1a: Obsidian
|-damage|p1a: Obsidian|0 fnt
|faint|p1a: Obsidian
|
|upkeep
|c| Adi4|Yo great dstart
|inactive|MoncefTheW has 120 seconds left.
|
|t:|1779703614
|switch|p1a: scissors|Scizor, M|100/100
|turn|4
|c|☆slowlyfadingaway|appreciate it
|inactive|MoncefTheW has 120 seconds left.
|c|☆slowlyfadingaway|but i'm on the back foot right now
|c|☆slowlyfadingaway|got predicted pretty hard by this guy
|c| Adi4|Is it packing cc
|
|t:|1779703632
|move|p2a: Duraludon|Metal Burst||[still]
|-fail|p2a: Duraludon
|move|p1a: scissors|Swords Dance|p1a: scissors
|-boost|p1a: scissors|atk|2
|
|upkeep
|turn|5
|
|t:|1779703636
|move|p1a: scissors|Bullet Punch|p2a: Duraludon
|-resisted|p2a: Duraludon
|-damage|p2a: Duraludon|0 fnt
|faint|p2a: Duraludon
|
|upkeep
|
|t:|1779703639
|switch|p2a: Azelf|Azelf|100/100
|turn|6
|c| Adi4|Yooo
|
|t:|1779703642
|move|p2a: Azelf|Flamethrower|p1a: scissors
|-supereffective|p1a: scissors
|-damage|p1a: scissors|0 fnt
|faint|p1a: scissors
|
|upkeep
|c|☆slowlyfadingaway|wish i could tell you
|
|t:|1779703647
|switch|p1a: paws with claws|Meowscarada, F, shiny|100/100
|turn|7
|c| Adi4|Nice play
|c|☆slowlyfadingaway|thanks bro
|
|t:|1779703656
|switch|p2a: Samurott|Samurott-Hisui, M|100/100
|move|p1a: paws with claws|U-turn|p2a: Samurott
|-start|p1a: paws with claws|typechange|Bug|[from] ability: Protean
|-supereffective|p2a: Samurott
|-enditem|p2a: Samurott|Focus Sash
|-damage|p2a: Samurott|1/100
|
|t:|1779703660
|switch|p1a: pikachu wannabe|Mimikyu, M, shiny|100/100|[from] U-turn
|
|upkeep
|turn|8
|
|t:|1779703662
|move|p1a: pikachu wannabe|Shadow Sneak|p2a: Samurott
|-resisted|p2a: Samurott
|-damage|p2a: Samurott|0 fnt
|faint|p2a: Samurott
|
|upkeep
|
|t:|1779703667
|switch|p2a: Iron Treads|Iron Treads|100/100
|turn|9
|
|t:|1779703670
|move|p2a: Iron Treads|Earthquake|p1a: pikachu wannabe
|-activate|p1a: pikachu wannabe|ability: Disguise
|-damage|p1a: pikachu wannabe|100/100
|detailschange|p1a: pikachu wannabe|Mimikyu-Busted, M, shiny
|-damage|p1a: pikachu wannabe|88/100|[from] pokemon: Mimikyu-Busted
|-enditem|p1a: pikachu wannabe|Red Card|[of] p2a: Iron Treads
|-end|p2a: Iron Treads|Quark Drive|[silent]
|drag|p2a: Azelf|Azelf|100/100
|move|p1a: pikachu wannabe|Swords Dance|p1a: pikachu wannabe
|-boost|p1a: pikachu wannabe|atk|2
|
|upkeep
|turn|10
|c| Adi4|Shi
|
|t:|1779703677
|switch|p2a: Kingambit|Kingambit, M|65/100
|move|p1a: pikachu wannabe|Shadow Sneak|p2a: Kingambit
|-resisted|p2a: Kingambit
|-damage|p2a: Kingambit|53/100
|
|upkeep
|turn|11
|
|t:|1779703681
|move|p2a: Kingambit|Sucker Punch|p1a: pikachu wannabe
|-damage|p1a: pikachu wannabe|18/100
|move|p1a: pikachu wannabe|Play Rough|p2a: Kingambit
|-crit|p2a: Kingambit
|-damage|p2a: Kingambit|0 fnt
|faint|p2a: Kingambit
|
|upkeep
|c| Adi4|Bro got scorched
|
|t:|1779703685
|switch|p2a: Iron Treads|Iron Treads|100/100
|turn|12
|
|t:|1779703692
|move|p1a: pikachu wannabe|Shadow Sneak|p2a: Iron Treads
|-damage|p2a: Iron Treads|71/100
|move|p2a: Iron Treads|Earthquake|p1a: pikachu wannabe
|-damage|p1a: pikachu wannabe|0 fnt
|faint|p1a: pikachu wannabe
|
|upkeep
|
|t:|1779703697
|switch|p1a: paws with claws|Meowscarada, F, shiny|100/100
|turn|13
|c| Adi4|Nice crit
|
|t:|1779703708
|move|p1a: paws with claws|Triple Axel|p2a: Iron Treads
|-start|p1a: paws with claws|typechange|Ice|[from] ability: Protean
|-damage|p2a: Iron Treads|58/100
|-damage|p2a: Iron Treads|31/100
|-damage|p2a: Iron Treads|0 fnt
|faint|p2a: Iron Treads
|-end|p2a: Iron Treads|Quark Drive|[silent]
|-hitcount|p2: Iron Treads|3
|
|upkeep
|
|t:|1779703716
|switch|p2a: Azelf|Azelf|100/100
|turn|14
|
|t:|1779703721
|move|p1a: paws with claws|Triple Axel|p2a: Azelf
|-damage|p2a: Azelf|79/100
|-damage|p2a: Azelf|38/100
|-hitcount|p2a: Azelf|2
|move|p2a: Azelf|Flamethrower|p1a: paws with claws
|-supereffective|p1a: paws with claws
|-damage|p1a: paws with claws|7/100
|
|upkeep
|turn|15
|
|t:|1779703728
|move|p1a: paws with claws|Triple Axel|p2a: Azelf
|-damage|p2a: Azelf|16/100
|-damage|p2a: Azelf|0 fnt
|faint|p2a: Azelf
|-hitcount|p2: Azelf|2
|
|win|MoncefTheW
|raw|MoncefTheW's rating: 1253 &rarr; <strong>1274</strong><br />(+21 for winning)
|raw|slowlyfadingaway's rating: 1197 &rarr; <strong>1176</strong><br />(-21 for losing)
|c|☆slowlyfadingaway|ah man
|c|☆MoncefTheW|gg
|c|☆slowlyfadingaway|ggs
