|j|‽DevotedToaster
|j|☆StreetBoom
|t:|1779581789
|gametype|singles
|player|p1|DevotedToaster|2|1317
|player|p2|StreetBoom|#wcop2025portugal2|1283
|gen|9
|tier|[Gen 9] OU
|rated|
|rule|HP Percentage Mod: HP is shown in percentages
|rule|Endless Battle Clause: Forcing endless battles is banned
|rule|Species Clause: Limit one of each Pokémon
|rule|OHKO Clause: OHKO moves are banned
|rule|Evasion Items Clause: Evasion items are banned
|rule|Evasion Moves Clause: Evasion moves are banned
|rule|Evasion Abilities Clause: Evasion abilities are banned
|rule|Sleep Moves Clause: Sleep-inducing moves are banned
|clearpoke
|poke|p1|Glimmora, M|
|poke|p1|Tyranitar, M|
|poke|p1|Conkeldurr, M|
|poke|p1|Sudowoodo, L1, F|
|poke|p1|Ceruledge, M|
|poke|p1|Hippowdon, F|
|poke|p2|Dragonite, M|
|poke|p2|Hatterene, F|
|poke|p2|Tornadus-Therian, M|
|poke|p2|Iron Treads|
|poke|p2|Kyurem|
|poke|p2|Iron Moth|
|teampreview
|
|t:|1779581807
|teamsize|p1|6
|teamsize|p2|6
|start
|switch|p1a: Conkeldurr|Conkeldurr, M|100/100
|switch|p2a: Tornadus|Tornadus-Therian, M|100/100
|turn|1
|inactive|Battle timer is ON: inactive players will automatically lose when time's up. (requested by DevotedToaster)
|
|t:|1779581829
|move|p2a: Tornadus|Knock Off|p1a: Conkeldurr
|-resisted|p1a: Conkeldurr
|-damage|p1a: Conkeldurr|92/100
|-enditem|p1a: Conkeldurr|Flame Orb|[from] move: Knock Off|[of] p2a: Tornadus
|move|p1a: Conkeldurr|Ice Punch|p2a: Tornadus
|-supereffective|p2a: Tornadus
|-damage|p2a: Tornadus|27/100
|
|upkeep
|turn|2
|
|t:|1779581840
|switch|p1a: Glimmora|Glimmora, M|100/100
|move|p2a: Tornadus|Bleakwind Storm|p1a: Glimmora
|-resisted|p1a: Glimmora
|-damage|p1a: Glimmora|75/100
|
|upkeep
|turn|3
|
|t:|1779581857
|switch|p1a: Ceruledge|Ceruledge, M|100/100
|move|p2a: Tornadus|Taunt|p1a: Ceruledge
|-start|p1a: Ceruledge|move: Taunt
|
|upkeep
|turn|4
|
|t:|1779581865
|move|p1a: Ceruledge|Shadow Sneak|p2a: Tornadus
|-damage|p2a: Tornadus|0 fnt
|faint|p2a: Tornadus
|
|upkeep
|
|t:|1779581875
|switch|p2a: Hatterene|Hatterene, F|100/100
|turn|5
|
|t:|1779581890
|move|p1a: Ceruledge|Shadow Sneak|p2a: Hatterene
|-supereffective|p2a: Hatterene
|-damage|p2a: Hatterene|64/100
|move|p2a: Hatterene|Nuzzle|p1a: Ceruledge
|-damage|p1a: Ceruledge|95/100
|-status|p1a: Ceruledge|par
|-ability|p1a: Ceruledge|Weak Armor|boost
|-unboost|p1a: Ceruledge|def|1
|-boost|p1a: Ceruledge|spe|2
|
|-heal|p2a: Hatterene|70/100|[from] item: Leftovers
|-end|p1a: Ceruledge|move: Taunt
|upkeep
|turn|6
|
|t:|1779581898
|move|p1a: Ceruledge|Bitter Blade|p2a: Hatterene
|-damage|p2a: Hatterene|30/100
|-heal|p1a: Ceruledge|100/100 par|[from] drain|[of] p2a: Hatterene
|move|p2a: Hatterene|Psyshock|p1a: Ceruledge
|-damage|p1a: Ceruledge|23/100 par
|
|-heal|p2a: Hatterene|36/100|[from] item: Leftovers
|upkeep
|turn|7
|
|t:|1779581906
|move|p1a: Ceruledge|Bitter Blade|p2a: Hatterene
|-crit|p2a: Hatterene
|-damage|p2a: Hatterene|0 fnt
|-heal|p1a: Ceruledge|42/100 par|[from] drain|[of] p2a: Hatterene
|faint|p2a: Hatterene
|
|upkeep
|
|t:|1779581911
|switch|p2a: Iron Treads|Iron Treads|100/100
|turn|8
|
|t:|1779581923
|move|p2a: Iron Treads|Earthquake|p1a: Ceruledge
|-supereffective|p1a: Ceruledge
|-damage|p1a: Ceruledge|0 fnt
|faint|p1a: Ceruledge
|
|upkeep
|
|t:|1779581929
|switch|p1a: Conkeldurr|Conkeldurr, M|92/100
|turn|9
|
|t:|1779581933
|-end|p2a: Iron Treads|Quark Drive|[silent]
|switch|p2a: Iron Moth|Iron Moth|100/100
|-enditem|p2a: Iron Moth|Booster Energy
|-activate|p2a: Iron Moth|ability: Quark Drive|[fromitem]
|-start|p2a: Iron Moth|quarkdrivespe
|move|p1a: Conkeldurr|Drain Punch|p2a: Iron Moth
|-resisted|p2a: Iron Moth
|-damage|p2a: Iron Moth|63/100
|-heal|p1a: Conkeldurr|100/100|[from] drain|[of] p2a: Iron Moth
|
|upkeep
|turn|10
|
|t:|1779581946
|-terastallize|p1a: Conkeldurr|Fighting
|move|p2a: Iron Moth|Fiery Dance|p1a: Conkeldurr
|-damage|p1a: Conkeldurr|48/100
|move|p1a: Conkeldurr|Drain Punch|p2a: Iron Moth
|-resisted|p2a: Iron Moth
|-damage|p2a: Iron Moth|14/100
|-heal|p1a: Conkeldurr|71/100|[from] drain|[of] p2a: Iron Moth
|
|upkeep
|turn|11
|
|t:|1779581955
|move|p1a: Conkeldurr|Mach Punch|p2a: Iron Moth
|-resisted|p2a: Iron Moth
|-damage|p2a: Iron Moth|0 fnt
|faint|p2a: Iron Moth
|-end|p2a: Iron Moth|Quark Drive|[silent]
|
|upkeep
|
|t:|1779581959
|switch|p2a: Dragonite|Dragonite, M|100/100
|turn|12
|
|t:|1779581964
|move|p2a: Dragonite|Dragon Dance|p2a: Dragonite
|-boost|p2a: Dragonite|atk|1
|-boost|p2a: Dragonite|spe|1
|move|p1a: Conkeldurr|Ice Punch|p2a: Dragonite
|-supereffective|p2a: Dragonite
|-damage|p2a: Dragonite|33/100
|-status|p2a: Dragonite|frz
|
|upkeep
|turn|13
|
|t:|1779581974
|cant|p2a: Dragonite|frz
|move|p1a: Conkeldurr|Drain Punch|p2a: Dragonite
|-resisted|p2a: Dragonite
|-damage|p2a: Dragonite|0 fnt
|-heal|p1a: Conkeldurr|86/100|[from] drain|[of] p2a: Dragonite
|faint|p2a: Dragonite
|
|upkeep
|
|t:|1779581976
|switch|p2a: Kyurem|Kyurem|100/100
|-ability|p2a: Kyurem|Pressure
|turn|14
|
|t:|1779581986
|-terastallize|p2a: Kyurem|Ghost
|move|p2a: Kyurem|Dragon Dance|p2a: Kyurem
|-boost|p2a: Kyurem|atk|1
|-boost|p2a: Kyurem|spe|1
|move|p1a: Conkeldurr|Drain Punch|p2a: Kyurem
|-immune|p2a: Kyurem
|
|upkeep
|turn|15
|
|t:|1779581994
|move|p2a: Kyurem|Icicle Spear|p1a: Conkeldurr
|-damage|p1a: Conkeldurr|70/100
|-damage|p1a: Conkeldurr|54/100
|-damage|p1a: Conkeldurr|38/100
|-damage|p1a: Conkeldurr|22/100
|-hitcount|p1a: Conkeldurr|4
|move|p1a: Conkeldurr|Ice Punch|p2a: Kyurem
|-damage|p2a: Kyurem|71/100
|-status|p2a: Kyurem|frz
|
|upkeep
|turn|16
|
|t:|1779582009
|switch|p1a: Tyranitar|Tyranitar, M|100/100
|-weather|Sandstorm|[from] ability: Sand Stream|[of] p1a: Tyranitar
|cant|p2a: Kyurem|frz
|
|-weather|Sandstorm|[upkeep]
|-damage|p2a: Kyurem|65/100 frz|[from] Sandstorm
|upkeep
|turn|17
|
|t:|1779582019
|switch|p2a: Iron Treads|Iron Treads|100/100
|move|p1a: Tyranitar|Knock Off|p2a: Iron Treads
|-damage|p2a: Iron Treads|67/100
|-damage|p1a: Tyranitar|84/100|[from] item: Rocky Helmet|[of] p2a: Iron Treads
|-enditem|p2a: Iron Treads|Rocky Helmet|[from] move: Knock Off|[of] p1a: Tyranitar
|
|-weather|Sandstorm|[upkeep]
|upkeep
|turn|18
|
|t:|1779582039
|move|p2a: Iron Treads|Earthquake|p1a: Tyranitar
|-supereffective|p1a: Tyranitar
|-damage|p1a: Tyranitar|24/100
|move|p1a: Tyranitar|Body Press|p2a: Iron Treads
|-supereffective|p2a: Iron Treads
|-damage|p2a: Iron Treads|24/100
|
|-weather|Sandstorm|[upkeep]
|upkeep
|turn|19
|
|t:|1779582048
|move|p2a: Iron Treads|Earthquake|p1a: Tyranitar
|-supereffective|p1a: Tyranitar
|-damage|p1a: Tyranitar|0 fnt
|faint|p1a: Tyranitar
|
|-weather|Sandstorm|[upkeep]
|upkeep
|
|t:|1779582053
|switch|p1a: Conkeldurr|Conkeldurr, M, tera:Fighting|22/100
|turn|20
|
|t:|1779582055
|move|p1a: Conkeldurr|Mach Punch|p2a: Iron Treads
|-supereffective|p2a: Iron Treads
|-damage|p2a: Iron Treads|0 fnt
|faint|p2a: Iron Treads
|-end|p2a: Iron Treads|Quark Drive|[silent]
|
|-weather|none
|upkeep
|
|t:|1779582063
|switch|p2a: Kyurem|Kyurem, tera:Ghost|65/100 frz
|-ability|p2a: Kyurem|Pressure
|turn|21
|
|t:|1779582066
|cant|p2a: Kyurem|frz
|move|p1a: Conkeldurr|Ice Punch|p2a: Kyurem
|-damage|p2a: Kyurem|38/100 frz
|
|upkeep
|turn|22
|
|t:|1779582071
|cant|p2a: Kyurem|frz
|move|p1a: Conkeldurr|Ice Punch|p2a: Kyurem
|-damage|p2a: Kyurem|10/100 frz
|
|upkeep
|turn|23
|
|t:|1779582075
|cant|p2a: Kyurem|frz
|move|p1a: Conkeldurr|Ice Punch|p2a: Kyurem
|-damage|p2a: Kyurem|0 fnt
|faint|p2a: Kyurem
|
|win|DevotedToaster
|raw|DevotedToaster's rating: 1317 &rarr; <strong>1335</strong><br />(+18 for winning)
|raw|StreetBoom's rating: 1283 &rarr; <strong>1260</strong><br />(-23 for losing)
