|j|☆gumball froth show
|j|☆aboutbean
|t:|1779648006
|gametype|singles
|player|p1|gumball froth show|hau|1153
|player|p2|aboutbean|n|1166
|gen|9
|tier|[Gen 9] OU
|rated|
|rule|HP Percentage Mod: HP is shown in percentages
|rule|Endless Battle Clause: Forcing endless battles is banned
|rule|Species Clause: Limit one of each Pokémon
|rule|OHKO Clause: OHKO moves are banned
|rule|Evasion Items Clause: Evasion items are banned
|rule|Evasion Moves Clause: Evasion moves are banned
|rule|Evasion Abilities Clause: Evasion abilities are banned
|rule|Sleep Moves Clause: Sleep-inducing moves are banned
|clearpoke
|poke|p1|Bombirdier, M|
|poke|p1|Inteleon, M|
|poke|p1|Sableye, M|
|poke|p1|Dudunsparce-*, M|
|poke|p1|Arcanine-Hisui, M|
|poke|p1|Glastrier|
|poke|p2|Kleavor, M|
|poke|p2|Landorus-Therian, M|
|poke|p2|Gholdengo|
|poke|p2|Dragonite, F|
|poke|p2|Hatterene, F|
|poke|p2|Darkrai|
|teampreview
|inactive|Battle timer is ON: inactive players will automatically lose when time's up. (requested by aboutbean)
|
|t:|1779648024
|teamsize|p1|6
|teamsize|p2|6
|start
|switch|p1a: Sableye|Sableye, M|100/100
|switch|p2a: A Penny|Gholdengo|100/100
|-item|p2a: A Penny|Air Balloon
|turn|1
|
|t:|1779648044
|move|p2a: A Penny|Nasty Plot|p2a: A Penny
|-boost|p2a: A Penny|spa|2
|move|p1a: Sableye|Knock Off|p2a: A Penny
|-supereffective|p2a: A Penny
|-damage|p2a: A Penny|36/100
|-enditem|p2a: A Penny|Air Balloon
|
|upkeep
|turn|2
|
|t:|1779648054
|move|p1a: Sableye|Encore|p2a: A Penny
|-immune|p2a: A Penny|[from] ability: Good as Gold
|move|p2a: A Penny|Shadow Ball|p1a: Sableye
|-damage|p1a: Sableye|0 fnt
|faint|p1a: Sableye
|
|upkeep
|
|t:|1779648070
|switch|p1a: Glastrier|Glastrier|100/100
|turn|3
|
|t:|1779648074
|move|p2a: A Penny|Make It Rain|p1a: Glastrier
|-supereffective|p1a: Glastrier
|-damage|p1a: Glastrier|0 fnt
|-unboost|p2a: A Penny|spa|1
|faint|p1a: Glastrier
|
|upkeep
|
|t:|1779648082
|switch|p1a: Bombirdier|Bombirdier, M|100/100
|turn|4
|
|t:|1779648089
|-terastallize|p2a: A Penny|Fairy
|move|p1a: Bombirdier|Knock Off|p2a: A Penny
|-resisted|p2a: A Penny
|-damage|p2a: A Penny|20/100
|move|p2a: A Penny|Recover|p2a: A Penny
|-heal|p2a: A Penny|70/100
|
|upkeep
|turn|5
|
|t:|1779648104
|switch|p1a: Arcanine|Arcanine-Hisui, M|100/100
|move|p2a: A Penny|Nasty Plot|p2a: A Penny
|-boost|p2a: A Penny|spa|2
|
|upkeep
|turn|6
|
|t:|1779648113
|move|p1a: Arcanine|Flare Blitz|p2a: A Penny
|-damage|p2a: A Penny|0 fnt
|faint|p2a: A Penny
|
|upkeep
|
|t:|1779648116
|switch|p2a: Landorus|Landorus-Therian, M|100/100
|-ability|p2a: Landorus|Intimidate|boost
|-unboost|p1a: Arcanine|atk|1
|turn|7
|
|t:|1779648123
|switch|p1a: Bombirdier|Bombirdier, M|100/100
|move|p2a: Landorus|U-turn|p1a: Bombirdier
|-damage|p1a: Bombirdier|67/100
|
|t:|1779648125
|switch|p2a: Filo Señorial|Kleavor, M|100/100|[from] U-turn
|
|upkeep
|turn|8
|
|t:|1779648133
|move|p2a: Filo Señorial|Stone Axe|p1a: Bombirdier
|-supereffective|p1a: Bombirdier
|-damage|p1a: Bombirdier|0 fnt
|-sidestart|p1: gumball froth show|move: Stealth Rock
|faint|p1a: Bombirdier
|
|upkeep
|
|t:|1779648143
|switch|p1a: Inteleon|Inteleon, M|100/100
|-damage|p1a: Inteleon|88/100|[from] Stealth Rock
|turn|9
|
|t:|1779648154
|switch|p2a: Hattie|Hatterene, F|100/100
|-terastallize|p1a: Inteleon|Water
|move|p1a: Inteleon|Snipe Shot|p2a: Hattie
|-crit|p2a: Hattie
|-damage|p2a: Hattie|28/100
|
|upkeep
|turn|10
|
|t:|1779648162
|move|p1a: Inteleon|Snipe Shot|p2a: Hattie
|-crit|p2a: Hattie
|-damage|p2a: Hattie|0 fnt
|faint|p2a: Hattie
|
|upkeep
|
|t:|1779648164
|switch|p2a: Duke|Darkrai, shiny|100/100
|turn|11
|
|t:|1779648171
|move|p2a: Duke|Knock Off|p1a: Inteleon
|-damage|p1a: Inteleon|34/100
|-enditem|p1a: Inteleon|Scope Lens|[from] move: Knock Off|[of] p2a: Duke
|move|p1a: Inteleon|Snipe Shot|p2a: Duke
|-damage|p2a: Duke|25/100
|
|upkeep
|turn|12
|
|t:|1779648177
|move|p1a: Inteleon|Vacuum Wave|p2a: Duke
|-supereffective|p2a: Duke
|-damage|p2a: Duke|0 fnt
|faint|p2a: Duke
|
|upkeep
|
|t:|1779648179
|switch|p2a: Filo Señorial|Kleavor, M|100/100
|turn|13
|
|t:|1779648187
|move|p2a: Filo Señorial|Close Combat|p1a: Inteleon
|-damage|p1a: Inteleon|0 fnt
|-unboost|p2a: Filo Señorial|def|1
|-unboost|p2a: Filo Señorial|spd|1
|faint|p1a: Inteleon
|
|upkeep
|
|t:|1779648198
|switch|p1a: Arcanine|Arcanine-Hisui, M|100/100
|-damage|p1a: Arcanine|76/100|[from] Stealth Rock
|turn|14
|
|t:|1779648203
|move|p2a: Filo Señorial|Close Combat|p1a: Arcanine
|-supereffective|p1a: Arcanine
|-damage|p1a: Arcanine|0 fnt
|-unboost|p2a: Filo Señorial|def|1
|-unboost|p2a: Filo Señorial|spd|1
|faint|p1a: Arcanine
|
|upkeep
|
|t:|1779648207
|switch|p1a: Dudunsparce|Dudunsparce-Three-Segment, M|100/100
|-damage|p1a: Dudunsparce|88/100|[from] Stealth Rock
|turn|15
|
|t:|1779648211
|move|p2a: Filo Señorial|Close Combat|p1a: Dudunsparce
|-supereffective|p1a: Dudunsparce
|-damage|p1a: Dudunsparce|11/100
|-unboost|p2a: Filo Señorial|def|1
|-unboost|p2a: Filo Señorial|spd|1
|move|p1a: Dudunsparce|Earth Power|p2a: Filo Señorial
|-damage|p2a: Filo Señorial|0 fnt
|faint|p2a: Filo Señorial
|
|-heal|p1a: Dudunsparce|17/100|[from] item: Leftovers
|upkeep
|
|t:|1779648215
|switch|p2a: Landorus|Landorus-Therian, M|100/100
|-ability|p2a: Landorus|Intimidate|boost
|-unboost|p1a: Dudunsparce|atk|1
|-ability|p1a: Dudunsparce|Rattled|boost
|-boost|p1a: Dudunsparce|spe|1
|turn|16
|
|t:|1779648218
|move|p2a: Landorus|Earthquake|p1a: Dudunsparce
|-damage|p1a: Dudunsparce|0 fnt
|faint|p1a: Dudunsparce
|
|win|aboutbean
|raw|gumball froth show's rating: 1153 &rarr; <strong>1129</strong><br />(-24 for losing)
|raw|aboutbean's rating: 1166 &rarr; <strong>1190</strong><br />(+24 for winning)
|l|☆gumball froth show
|player|p1|
|l|☆aboutbean
|player|p2|
