|j|☆sasfrasa
|j|☆esotilin6967
|t:|1779601329
|gametype|singles
|player|p1|sasfrasa|mom-unova|1325
|player|p2|esotilin6967|flannery|1272
|gen|9
|tier|[Gen 9] OU
|rated|
|rule|HP Percentage Mod: HP is shown in percentages
|rule|Endless Battle Clause: Forcing endless battles is banned
|rule|Species Clause: Limit one of each Pokémon
|rule|OHKO Clause: OHKO moves are banned
|rule|Evasion Items Clause: Evasion items are banned
|rule|Evasion Moves Clause: Evasion moves are banned
|rule|Evasion Abilities Clause: Evasion abilities are banned
|rule|Sleep Moves Clause: Sleep-inducing moves are banned
|clearpoke
|poke|p1|Gholdengo|
|poke|p1|Dragapult, M|
|poke|p1|Landorus-Therian, M|
|poke|p1|Ting-Lu|
|poke|p1|Ogerpon-Wellspring, F|
|poke|p1|Kingambit, M|
|poke|p2|Gengar, M|
|poke|p2|Avalugg, F|
|poke|p2|Clodsire, M|
|poke|p2|Dragonite, F|
|poke|p2|Kingambit, M|
|poke|p2|Rotom-Heat|
|teampreview
|
|t:|1779601346
|teamsize|p1|6
|teamsize|p2|6
|start
|switch|p1a: Landorus|Landorus-Therian, M|100/100
|switch|p2a: show|Rotom-Heat|100/100
|-ability|p1a: Landorus|Intimidate|boost
|-unboost|p2a: show|atk|1
|turn|1
|
|t:|1779601348
|switch|p1a: Ting-Lu|Ting-Lu|100/100
|-ability|p1a: Ting-Lu|Vessel of Ruin
|move|p2a: show|Overheat|p1a: Ting-Lu
|-damage|p1a: Ting-Lu|77/100
|-unboost|p2a: show|spa|2
|
|-heal|p1a: Ting-Lu|83/100|[from] item: Leftovers
|upkeep
|turn|2
|
|t:|1779601351
|switch|p2a: i´m invincible|Avalugg, F|100/100
|move|p1a: Ting-Lu|Spikes|p2a: i´m invincible
|-sidestart|p2: esotilin6967|Spikes
|
|-heal|p1a: Ting-Lu|89/100|[from] item: Leftovers
|upkeep
|turn|3
|
|t:|1779601359
|switch|p1a: Gholdengo|Gholdengo|100/100
|move|p2a: i´m invincible|Earthquake|p1a: Gholdengo
|-supereffective|p1a: Gholdengo
|-damage|p1a: Gholdengo|64/100
|
|-heal|p1a: Gholdengo|70/100|[from] item: Leftovers
|upkeep
|turn|4
|
|t:|1779601365
|switch|p2a: show|Rotom-Heat|100/100
|move|p1a: Gholdengo|Shadow Ball|p2a: show
|-damage|p2a: show|53/100
|
|-heal|p1a: Gholdengo|76/100|[from] item: Leftovers
|upkeep
|turn|5
|
|t:|1779601369
|switch|p1a: Ting-Lu|Ting-Lu|89/100
|-ability|p1a: Ting-Lu|Vessel of Ruin
|move|p2a: show|Trick|p1a: Ting-Lu
|-activate|p2a: show|move: Trick|[of] p1a: Ting-Lu
|-item|p1a: Ting-Lu|Choice Scarf|[from] move: Trick
|-item|p2a: show|Leftovers|[from] move: Trick
|
|-heal|p2a: show|59/100|[from] item: Leftovers
|upkeep
|turn|6
|
|t:|1779601379
|move|p2a: show|Will-O-Wisp|p1a: Ting-Lu
|-status|p1a: Ting-Lu|brn
|move|p1a: Ting-Lu|Spikes|p2a: show
|-sidestart|p2: esotilin6967|Spikes
|
|-heal|p2a: show|65/100|[from] item: Leftovers
|-damage|p1a: Ting-Lu|83/100 brn|[from] brn
|upkeep
|turn|7
|
|t:|1779601417
|switch|p2a: i´m invincible|Avalugg, F|100/100
|move|p1a: Ting-Lu|Spikes|p2a: i´m invincible
|-sidestart|p2: esotilin6967|Spikes
|
|-damage|p1a: Ting-Lu|77/100 brn|[from] brn
|upkeep
|turn|8
|
|t:|1779601420
|switch|p1a: Gholdengo|Gholdengo|76/100
|switch|p2a: show|Rotom-Heat|65/100
|
|-heal|p2a: show|71/100|[from] item: Leftovers
|-heal|p1a: Gholdengo|82/100|[from] item: Leftovers
|upkeep
|turn|9
|
|t:|1779601425
|switch|p1a: Ting-Lu|Ting-Lu|77/100 brn
|-ability|p1a: Ting-Lu|Vessel of Ruin
|move|p2a: show|Overheat|p1a: Ting-Lu
|-damage|p1a: Ting-Lu|52/100 brn
|-unboost|p2a: show|spa|2
|
|-heal|p2a: show|78/100|[from] item: Leftovers
|-damage|p1a: Ting-Lu|46/100 brn|[from] brn
|upkeep
|turn|10
|
|t:|1779601428
|switch|p2a: i´m invincible|Avalugg, F|100/100
|switch|p1a: Landorus|Landorus-Therian, M|100/100
|-ability|p1a: Landorus|Intimidate|boost
|-unboost|p2a: i´m invincible|atk|1
|
|upkeep
|turn|11
|
|t:|1779601433
|move|p1a: Landorus|U-turn|p2a: i´m invincible
|-damage|p2a: i´m invincible|93/100
|
|t:|1779601435
|switch|p1a: Gholdengo|Gholdengo|82/100|[from] U-turn
|move|p2a: i´m invincible|Earthquake|p1a: Gholdengo
|-supereffective|p1a: Gholdengo
|-damage|p1a: Gholdengo|57/100
|
|-heal|p1a: Gholdengo|63/100|[from] item: Leftovers
|upkeep
|turn|12
|
|t:|1779601466
|switch|p2a: 0|Clodsire, M|100/100
|-damage|p2a: 0|75/100|[from] Spikes
|move|p1a: Gholdengo|Shadow Ball|p2a: 0
|-damage|p2a: 0|57/100
|
|-heal|p1a: Gholdengo|70/100|[from] item: Leftovers
|-heal|p2a: 0|63/100|[from] item: Black Sludge
|upkeep
|turn|13
|
|t:|1779601469
|move|p1a: Gholdengo|Nasty Plot|p1a: Gholdengo
|-boost|p1a: Gholdengo|spa|2
|move|p2a: 0|Recover|p2a: 0
|-heal|p2a: 0|100/100
|
|-heal|p1a: Gholdengo|76/100|[from] item: Leftovers
|upkeep
|turn|14
|
|t:|1779601473
|switch|p2a: odo|Kingambit, M|100/100
|-item|p2a: odo|Air Balloon
|move|p1a: Gholdengo|Shadow Ball|p2a: odo
|-resisted|p2a: odo
|-damage|p2a: odo|67/100
|-enditem|p2a: odo|Air Balloon
|
|-heal|p1a: Gholdengo|82/100|[from] item: Leftovers
|upkeep
|turn|15
|
|t:|1779601479
|switch|p1a: Landorus|Landorus-Therian, M|100/100
|-ability|p1a: Landorus|Intimidate|boost
|-unboost|p2a: odo|atk|1
|move|p2a: odo|Iron Head|p1a: Landorus
|-damage|p1a: Landorus|78/100
|-damage|p2a: odo|50/100|[from] item: Rocky Helmet|[of] p1a: Landorus
|
|upkeep
|turn|16
|
|t:|1779601484
|-end|p2a: odo|fallenundefined|[silent]
|switch|p2a: i´m invincible|Avalugg, F|93/100
|move|p1a: Landorus|Stealth Rock|p2a: i´m invincible
|-sidestart|p2: esotilin6967|move: Stealth Rock
|
|upkeep
|turn|17
|
|t:|1779601495
|move|p1a: Landorus|U-turn|p2a: i´m invincible
|-damage|p2a: i´m invincible|85/100
|
|t:|1779601498
|switch|p1a: Gholdengo|Gholdengo|82/100|[from] U-turn
|move|p2a: i´m invincible|Earthquake|p1a: Gholdengo
|-supereffective|p1a: Gholdengo
|-damage|p1a: Gholdengo|49/100
|
|-heal|p1a: Gholdengo|55/100|[from] item: Leftovers
|upkeep
|turn|18
|
|t:|1779601503
|switch|p2a: odo|Kingambit, M|50/100
|-damage|p2a: odo|25/100|[from] Spikes
|-damage|p2a: odo|19/100|[from] Stealth Rock
|move|p1a: Gholdengo|Recover|p1a: Gholdengo
|-heal|p1a: Gholdengo|100/100
|
|upkeep
|turn|19
|
|t:|1779601513
|switch|p1a: Landorus|Landorus-Therian, M|78/100
|-ability|p1a: Landorus|Intimidate|boost
|-unboost|p2a: odo|atk|1
|-end|p2a: odo|fallenundefined|[silent]
|switch|p2a: i´m invincible|Avalugg, F|85/100
|
|upkeep
|turn|20
|
|t:|1779601551
|switch|p2a: 0|Clodsire, M|100/100
|-damage|p2a: 0|75/100|[from] Spikes
|-damage|p2a: 0|69/100|[from] Stealth Rock
|move|p1a: Landorus|U-turn|p2a: 0
|-resisted|p2a: 0
|-damage|p2a: 0|59/100
|
|t:|1779601557
|switch|p1a: Gholdengo|Gholdengo|100/100|[from] U-turn
|
|-heal|p2a: 0|65/100|[from] item: Black Sludge
|upkeep
|turn|21
|
|t:|1779601575
|move|p1a: Gholdengo|Shadow Ball|p2a: 0
|-damage|p2a: 0|47/100
|-unboost|p2a: 0|spd|1
|move|p2a: 0|Earth Power|p1a: Gholdengo
|-supereffective|p1a: Gholdengo
|-damage|p1a: Gholdengo|69/100
|-unboost|p1a: Gholdengo|spd|1
|
|-heal|p1a: Gholdengo|75/100|[from] item: Leftovers
|-heal|p2a: 0|53/100|[from] item: Black Sludge
|upkeep
|turn|22
|
|t:|1779601588
|switch|p1a: Ogerpon|Ogerpon-Wellspring, F|100/100
|move|p2a: 0|Recover|p2a: 0
|-heal|p2a: 0|100/100
|
|upkeep
|turn|23
|
|t:|1779601591
|move|p1a: Ogerpon|Encore|p2a: 0
|-start|p2a: 0|Encore
|move|p2a: 0|Recover||[still]
|-fail|p2a: 0|heal
|
|upkeep
|turn|24
|
|t:|1779601595
|switch|p2a: i´m invincible|Avalugg, F|85/100
|move|p1a: Ogerpon|Knock Off|p2a: i´m invincible
|-damage|p2a: i´m invincible|71/100
|-enditem|p2a: i´m invincible|Heavy-Duty Boots|[from] move: Knock Off|[of] p1a: Ogerpon
|
|upkeep
|turn|25
|
|t:|1779601607
|switch|p1a: Gholdengo|Gholdengo|75/100
|move|p2a: i´m invincible|Avalanche|p1a: Gholdengo
|-resisted|p1a: Gholdengo
|-damage|p1a: Gholdengo|67/100
|
|-heal|p1a: Gholdengo|74/100|[from] item: Leftovers
|upkeep
|turn|26
|-message|esotilin6967 forfeited.
|
|win|sasfrasa
|raw|sasfrasa's rating: 1325 &rarr; <strong>1342</strong><br />(+17 for winning)
|raw|esotilin6967's rating: 1272 &rarr; <strong>1251</strong><br />(-21 for losing)
|l|☆esotilin6967
|player|p2|
