|j|☆NoobishTrainerJoe
|j|☆suifenli
|t:|1779621043
|gametype|singles
|player|p1|NoobishTrainerJoe|266|1612
|player|p2|suifenli|n|1531
|gen|9
|tier|[Gen 9] OU
|rated|
|rule|HP Percentage Mod: HP is shown in percentages
|rule|Endless Battle Clause: Forcing endless battles is banned
|rule|Species Clause: Limit one of each Pokémon
|rule|OHKO Clause: OHKO moves are banned
|rule|Evasion Items Clause: Evasion items are banned
|rule|Evasion Moves Clause: Evasion moves are banned
|rule|Evasion Abilities Clause: Evasion abilities are banned
|rule|Sleep Moves Clause: Sleep-inducing moves are banned
|clearpoke
|poke|p1|Greninja-*, M|
|poke|p1|Pelipper, M|
|poke|p1|Regieleki|
|poke|p1|Primarina, F|
|poke|p1|Iron Treads|
|poke|p1|Kingambit, F|
|poke|p2|Thundurus, M|
|poke|p2|Grimmsnarl, M|
|poke|p2|Empoleon, F|
|poke|p2|Zamazenta-*|
|poke|p2|Garganacl, M|
|poke|p2|Iron Valiant|
|teampreview
|inactive|Battle timer is ON: inactive players will automatically lose when time's up. (requested by suifenli)
|j| Concept Everything
|
|t:|1779621068
|teamsize|p1|6
|teamsize|p2|6
|start
|switch|p1a: Primarina|Primarina, F|100/100
|switch|p2a: Thundurus|Thundurus, M|100/100
|turn|1
|
|t:|1779621081
|move|p2a: Thundurus|Swagger|p1a: Primarina
|-boost|p1a: Primarina|atk|2
|-start|p1a: Primarina|confusion
|-enditem|p2a: Thundurus|Mirror Herb
|-boost|p2a: Thundurus|atk|2|[from] item: Mirror Herb
|-activate|p1a: Primarina|confusion
|-damage|p1a: Primarina|86/100|[from] confusion
|
|upkeep
|turn|2
|
|t:|1779621099
|switch|p1a: Iron Treads|Iron Treads|100/100
|move|p2a: Thundurus|Acrobatics|p1a: Iron Treads
|-resisted|p1a: Iron Treads
|-damage|p1a: Iron Treads|49/100
|
|-heal|p1a: Iron Treads|55/100|[from] item: Leftovers
|upkeep
|turn|3
|
|t:|1779621114
|move|p2a: Thundurus|Brick Break|p1a: Iron Treads
|-supereffective|p1a: Iron Treads
|-damage|p1a: Iron Treads|0 fnt
|faint|p1a: Iron Treads
|-end|p1a: Iron Treads|Quark Drive|[silent]
|
|upkeep
|
|t:|1779621122
|switch|p1a: Regieleki|Regieleki|100/100
|turn|4
|
|t:|1779621128
|move|p1a: Regieleki|Thunder|p2a: Thundurus
|-damage|p2a: Thundurus|11/100
|move|p2a: Thundurus|Acrobatics|p1a: Regieleki
|-resisted|p1a: Regieleki
|-damage|p1a: Regieleki|0 fnt
|faint|p1a: Regieleki
|
|upkeep
|
|t:|1779621138
|switch|p1a: Greninja|Greninja, M|100/100
|turn|5
|j| jojothesavage666
|
|t:|1779621144
|switch|p2a: Empoleon|Empoleon, F|100/100
|move|p1a: Greninja|Surf|p2a: Empoleon
|-resisted|p2a: Empoleon
|-damage|p2a: Empoleon|77/100
|-enditem|p2a: Empoleon|Maranga Berry|[eat]
|-boost|p2a: Empoleon|spd|1|[from] item: Maranga Berry
|
|upkeep
|turn|6
|
|t:|1779621149
|switch|p1a: Pelipper|Pelipper, M|100/100
|-weather|RainDance|[from] ability: Drizzle|[of] p1a: Pelipper
|move|p2a: Empoleon|Iron Defense|p2a: Empoleon
|-boost|p2a: Empoleon|def|2
|
|-weather|RainDance|[upkeep]
|upkeep
|turn|7
|
|t:|1779621169
|move|p2a: Empoleon|Swords Dance|p2a: Empoleon
|-boost|p2a: Empoleon|atk|2
|move|p1a: Pelipper|Hurricane|p2a: Empoleon
|-resisted|p2a: Empoleon
|-damage|p2a: Empoleon|67/100
|-start|p2a: Empoleon|confusion
|
|-weather|RainDance|[upkeep]
|upkeep
|turn|8
|
|t:|1779621176
|-activate|p2a: Empoleon|confusion
|move|p2a: Empoleon|Iron Defense|p2a: Empoleon
|-boost|p2a: Empoleon|def|2
|move|p1a: Pelipper|U-turn|p2a: Empoleon
|-resisted|p2a: Empoleon
|-damage|p2a: Empoleon|66/100
|
|t:|1779621179
|switch|p1a: Primarina|Primarina, F|86/100|[from] U-turn
|
|-weather|RainDance|[upkeep]
|upkeep
|turn|9
|
|t:|1779621185
|move|p1a: Primarina|Psychic Noise|p2a: Empoleon
|-resisted|p2a: Empoleon
|-damage|p2a: Empoleon|53/100
|-start|p2a: Empoleon|move: Heal Block
|cant|p2a: Empoleon|move: Heal Block|Roost
|
|-weather|RainDance|[upkeep]
|upkeep
|turn|10
|
|t:|1779621191
|move|p1a: Primarina|Psychic Noise|p2a: Empoleon
|-resisted|p2a: Empoleon
|-damage|p2a: Empoleon|42/100
|-activate|p2a: Empoleon|confusion
|move|p2a: Empoleon|Power Trip|p1a: Primarina
|-resisted|p1a: Primarina
|-damage|p1a: Primarina|47/100
|
|-weather|RainDance|[upkeep]
|-end|p2a: Empoleon|move: Heal Block
|upkeep
|turn|11
|
|t:|1779621201
|move|p1a: Primarina|Psychic Noise|p2a: Empoleon
|-resisted|p2a: Empoleon
|-damage|p2a: Empoleon|30/100
|-start|p2a: Empoleon|move: Heal Block
|-end|p2a: Empoleon|confusion
|move|p2a: Empoleon|Swords Dance|p2a: Empoleon
|-boost|p2a: Empoleon|atk|2
|
|-weather|RainDance|[upkeep]
|upkeep
|turn|12
|
|t:|1779621205
|move|p2a: Empoleon|Power Trip|p1a: Primarina
|-resisted|p1a: Primarina
|-damage|p1a: Primarina|0 fnt
|faint|p1a: Primarina
|
|-weather|RainDance|[upkeep]
|-end|p2a: Empoleon|move: Heal Block
|upkeep
|
|t:|1779621213
|switch|p1a: Greninja|Greninja, M|100/100
|turn|13
|
|t:|1779621216
|move|p1a: Greninja|Switcheroo|p2a: Empoleon
|-activate|p1a: Greninja|move: Trick|[of] p2a: Empoleon
|-item|p2a: Empoleon|Choice Specs|[from] move: Switcheroo
|-enditem|p1a: Greninja|Choice Specs|[silent]|[from] move: Switcheroo
|move|p2a: Empoleon|Roost|p2a: Empoleon
|-heal|p2a: Empoleon|80/100
|-singleturn|p2a: Empoleon|move: Roost
|
|-weather|none
|upkeep
|turn|14
|
|t:|1779621224
|switch|p2a: Grimmsnarl|Grimmsnarl, M|100/100
|move|p1a: Greninja|Surf|p2a: Grimmsnarl
|-damage|p2a: Grimmsnarl|65/100
|
|upkeep
|turn|15
|
|t:|1779621233
|switch|p1a: Kingambit|Kingambit, F|100/100
|-activate|p1a: Kingambit|ability: Supreme Overlord
|-start|p1a: Kingambit|fallen3|[silent]
|move|p2a: Grimmsnarl|Light Screen|p2a: Grimmsnarl
|-sidestart|p2: suifenli|move: Light Screen
|
|upkeep
|turn|16
|
|t:|1779621237
|move|p1a: Kingambit|Swords Dance|p1a: Kingambit
|-boost|p1a: Kingambit|atk|2
|move|p2a: Grimmsnarl|Spirit Break|p1a: Kingambit
|-damage|p1a: Kingambit|76/100
|-unboost|p1a: Kingambit|spa|1
|
|-heal|p1a: Kingambit|82/100|[from] item: Leftovers
|upkeep
|turn|17
|
|t:|1779621244
|move|p2a: Grimmsnarl|Reflect|p2a: Grimmsnarl
|-sidestart|p2: suifenli|Reflect
|move|p1a: Kingambit|Swords Dance|p1a: Kingambit
|-boost|p1a: Kingambit|atk|2
|
|-heal|p1a: Kingambit|88/100|[from] item: Leftovers
|upkeep
|turn|18
|
|t:|1779621247
|switch|p2a: Empoleon|Empoleon, F|80/100
|move|p1a: Kingambit|Swords Dance|p1a: Kingambit
|-boost|p1a: Kingambit|atk|2
|
|-heal|p1a: Kingambit|94/100|[from] item: Leftovers
|upkeep
|turn|19
|l| jojothesavage666
|
|t:|1779621255
|move|p1a: Kingambit|Swords Dance|p1a: Kingambit
|-boost|p1a: Kingambit|atk|0
|move|p2a: Empoleon|Power Trip|p1a: Kingambit
|-resisted|p1a: Kingambit
|-damage|p1a: Kingambit|92/100
|
|-heal|p1a: Kingambit|98/100|[from] item: Leftovers
|-sideend|p2: suifenli|move: Light Screen
|upkeep
|turn|20
|
|t:|1779621260
|move|p1a: Kingambit|Swords Dance|p1a: Kingambit
|-boost|p1a: Kingambit|atk|0
|move|p2a: Empoleon|Power Trip|p1a: Kingambit
|-resisted|p1a: Kingambit
|-damage|p1a: Kingambit|97/100
|
|-heal|p1a: Kingambit|100/100|[from] item: Leftovers
|upkeep
|turn|21
|
|t:|1779621265
|move|p1a: Kingambit|Kowtow Cleave|p2a: Empoleon
|-damage|p2a: Empoleon|0 fnt
|faint|p2a: Empoleon
|
|-sideend|p2: suifenli|Reflect
|upkeep
|
|t:|1779621267
|switch|p2a: Grimmsnarl|Grimmsnarl, M|65/100
|turn|22
|
|t:|1779621275
|move|p2a: Grimmsnarl|Reflect|p2a: Grimmsnarl
|-sidestart|p2: suifenli|Reflect
|move|p1a: Kingambit|Iron Head|p2a: Grimmsnarl
|-supereffective|p2a: Grimmsnarl
|-damage|p2a: Grimmsnarl|0 fnt
|faint|p2a: Grimmsnarl
|
|upkeep
|
|t:|1779621277
|switch|p2a: Zamazenta|Zamazenta|100/100
|-ability|p2a: Zamazenta|Dauntless Shield|boost
|-boost|p2a: Zamazenta|def|1
|turn|23
|
|t:|1779621280
|-terastallize|p1a: Kingambit|Ghost
|move|p2a: Zamazenta|Iron Defense|p2a: Zamazenta
|-boost|p2a: Zamazenta|def|2
|move|p1a: Kingambit|Iron Head|p2a: Zamazenta
|-damage|p2a: Zamazenta|65/100
|
|-heal|p2a: Zamazenta|71/100|[from] item: Leftovers
|upkeep
|turn|24
|
|t:|1779621284
|move|p2a: Zamazenta|Iron Defense|p2a: Zamazenta
|-boost|p2a: Zamazenta|def|2
|move|p1a: Kingambit|Iron Head|p2a: Zamazenta
|-damage|p2a: Zamazenta|44/100
|
|-heal|p2a: Zamazenta|50/100|[from] item: Leftovers
|upkeep
|turn|25
|
|t:|1779621297
|move|p2a: Zamazenta|Iron Defense|p2a: Zamazenta
|-boost|p2a: Zamazenta|def|1
|move|p1a: Kingambit|Iron Head|p2a: Zamazenta
|-damage|p2a: Zamazenta|25/100
|
|-heal|p2a: Zamazenta|32/100|[from] item: Leftovers
|upkeep
|turn|26
|
|t:|1779621300
|move|p2a: Zamazenta|Substitute|p2a: Zamazenta
|-start|p2a: Zamazenta|Substitute
|-damage|p2a: Zamazenta|7/100
|move|p1a: Kingambit|Iron Head|p2a: Zamazenta
|-end|p2a: Zamazenta|Substitute
|
|-heal|p2a: Zamazenta|13/100|[from] item: Leftovers
|-sideend|p2: suifenli|Reflect
|upkeep
|turn|27
|
|t:|1779621303
|move|p2a: Zamazenta|Snarl|p1a: Kingambit
|-supereffective|p1a: Kingambit
|-damage|p1a: Kingambit|76/100
|-unboost|p1a: Kingambit|spa|1
|move|p1a: Kingambit|Iron Head|p2a: Zamazenta
|-damage|p2a: Zamazenta|0 fnt
|faint|p2a: Zamazenta
|
|-heal|p1a: Kingambit|83/100|[from] item: Leftovers
|upkeep
|
|t:|1779621306
|switch|p2a: Iron Valiant|Iron Valiant|100/100
|-enditem|p2a: Iron Valiant|Booster Energy
|-activate|p2a: Iron Valiant|ability: Quark Drive|[fromitem]
|-start|p2a: Iron Valiant|quarkdrivespe
|turn|28
|
|t:|1779621310
|move|p2a: Iron Valiant|Swords Dance|p2a: Iron Valiant
|-boost|p2a: Iron Valiant|atk|2
|move|p1a: Kingambit|Iron Head|p2a: Iron Valiant
|-supereffective|p2a: Iron Valiant
|-damage|p2a: Iron Valiant|0 fnt
|faint|p2a: Iron Valiant
|-end|p2a: Iron Valiant|Quark Drive|[silent]
|
|-heal|p1a: Kingambit|89/100|[from] item: Leftovers
|upkeep
|
|t:|1779621312
|switch|p2a: Thundurus|Thundurus, M|11/100
|turn|29
|
|t:|1779621314
|move|p1a: Kingambit|Sucker Punch||[still]
|-fail|p1a: Kingambit
|move|p2a: Thundurus|Swagger|p1a: Kingambit|[miss]
|-miss|p2a: Thundurus|p1a: Kingambit
|
|-heal|p1a: Kingambit|95/100|[from] item: Leftovers
|upkeep
|turn|30
|
|t:|1779621318
|move|p2a: Thundurus|Swagger|p1a: Kingambit
|-boost|p1a: Kingambit|atk|0
|-start|p1a: Kingambit|confusion
|-activate|p1a: Kingambit|confusion
|-damage|p1a: Kingambit|46/100|[from] confusion
|
|-heal|p1a: Kingambit|52/100|[from] item: Leftovers
|upkeep
|turn|31
|
|t:|1779621324
|-activate|p1a: Kingambit|confusion
|move|p1a: Kingambit|Sucker Punch|p2a: Thundurus
|-damage|p2a: Thundurus|0 fnt
|faint|p2a: Thundurus
|
|-heal|p1a: Kingambit|58/100|[from] item: Leftovers
|upkeep
|
|t:|1779621326
|switch|p2a: Garganacl|Garganacl, M|100/100
|turn|32
|
|t:|1779621329
|-terastallize|p2a: Garganacl|Electric
|-activate|p1a: Kingambit|confusion
|move|p1a: Kingambit|Kowtow Cleave|p2a: Garganacl
|-damage|p2a: Garganacl|0 fnt
|faint|p2a: Garganacl
|
|win|NoobishTrainerJoe
|raw|NoobishTrainerJoe's rating: 1612 &rarr; <strong>1627</strong><br />(+15 for winning)
|raw|suifenli's rating: 1531 &rarr; <strong>1516</strong><br />(-15 for losing)
|c|☆NoobishTrainerJoe|Gg
|l| Concept Everything
|l|☆NoobishTrainerJoe
|player|p1|
|l|☆suifenli
|player|p2|
