|j|☆huuehuue
|j|☆stallkiller393
|t:|1779569613
|gametype|singles
|player|p1|huuehuue|steven|1040
|player|p2|stallkiller393|170|1075
|gen|9
|tier|[Gen 9] OU
|rated|
|rule|HP Percentage Mod: HP is shown in percentages
|rule|Endless Battle Clause: Forcing endless battles is banned
|rule|Species Clause: Limit one of each Pokémon
|rule|OHKO Clause: OHKO moves are banned
|rule|Evasion Items Clause: Evasion items are banned
|rule|Evasion Moves Clause: Evasion moves are banned
|rule|Evasion Abilities Clause: Evasion abilities are banned
|rule|Sleep Moves Clause: Sleep-inducing moves are banned
|clearpoke
|poke|p1|Suicune|
|poke|p1|Dragonite, M|
|poke|p1|Cinderace, M|
|poke|p1|Zamazenta-*|
|poke|p1|Latias, F|
|poke|p1|Pecharunt|
|poke|p2|Ribombee, F|
|poke|p2|Ditto|
|poke|p2|Crawdaunt, M|
|poke|p2|Ursaring, F|
|poke|p2|Cinderace, M|
|poke|p2|Empoleon, F|
|teampreview
|inactive|Battle timer is ON: inactive players will automatically lose when time's up. (requested by huuehuue)
|inactive|stallkiller393 has 120 seconds left.
|
|t:|1779569647
|teamsize|p1|6
|teamsize|p2|6
|start
|switch|p1a: Cinderace|Cinderace, M|100/100
|switch|p2a: Ribombee|Ribombee, F|100/100
|turn|1
|inactive|huuehuue has 120 seconds left.
|
|t:|1779569677
|move|p2a: Ribombee|Sticky Web|p1a: Cinderace
|-sidestart|p1: huuehuue|move: Sticky Web
|move|p1a: Cinderace|Pyro Ball|p2a: Ribombee
|-supereffective|p2a: Ribombee
|-enditem|p2a: Ribombee|Focus Sash
|-damage|p2a: Ribombee|1/100
|
|upkeep
|turn|2
|
|t:|1779569687
|move|p2a: Ribombee|U-turn|p1a: Cinderace
|-resisted|p1a: Cinderace
|-damage|p1a: Cinderace|91/100
|
|t:|1779569704
|switch|p2a: Ursaring|Ursaring, F|100/100|[from] U-turn
|move|p1a: Cinderace|Pyro Ball|p2a: Ursaring
|-damage|p2a: Ursaring|60/100
|
|upkeep
|turn|3
|
|t:|1779569717
|move|p1a: Cinderace|High Jump Kick|p2a: Ursaring
|-start|p1a: Cinderace|typechange|Fighting|[from] ability: Libero
|-supereffective|p2a: Ursaring
|-damage|p2a: Ursaring|0 fnt
|faint|p2a: Ursaring
|
|upkeep
|
|t:|1779569724
|switch|p2a: Ribombee|Ribombee, F|1/100
|turn|4
|
|t:|1779569734
|switch|p1a: Suicune|Suicune, shiny|100/100
|-activate|p1a: Suicune|move: Sticky Web
|-unboost|p1a: Suicune|spe|1
|-ability|p1a: Suicune|Pressure
|move|p2a: Ribombee|Moonblast|p1a: Suicune
|-damage|p1a: Suicune|71/100
|
|-heal|p1a: Suicune|77/100|[from] item: Leftovers
|upkeep
|turn|5
|
|t:|1779569744
|move|p2a: Ribombee|U-turn|p1a: Suicune
|-damage|p1a: Suicune|69/100
|
|t:|1779569754
|switch|p2a: Empoleon|Empoleon, F|100/100|[from] U-turn
|move|p1a: Suicune|Calm Mind|p1a: Suicune
|-boost|p1a: Suicune|spa|1
|-boost|p1a: Suicune|spd|1
|
|-heal|p1a: Suicune|75/100|[from] item: Leftovers
|upkeep
|turn|6
|
|t:|1779569775
|move|p2a: Empoleon|Ice Beam|p1a: Suicune
|-resisted|p1a: Suicune
|-damage|p1a: Suicune|67/100
|move|p1a: Suicune|Calm Mind|p1a: Suicune
|-boost|p1a: Suicune|spa|1
|-boost|p1a: Suicune|spd|1
|
|-heal|p1a: Suicune|74/100|[from] item: Leftovers
|upkeep
|turn|7
|
|t:|1779569780
|move|p2a: Empoleon|Ice Beam|p1a: Suicune
|-resisted|p1a: Suicune
|-damage|p1a: Suicune|67/100
|move|p1a: Suicune|Calm Mind|p1a: Suicune
|-boost|p1a: Suicune|spa|1
|-boost|p1a: Suicune|spd|1
|
|-heal|p1a: Suicune|74/100|[from] item: Leftovers
|upkeep
|turn|8
|
|t:|1779569785
|move|p2a: Empoleon|Ice Beam|p1a: Suicune
|-resisted|p1a: Suicune
|-damage|p1a: Suicune|69/100
|-status|p1a: Suicune|frz
|cant|p1a: Suicune|frz
|
|-heal|p1a: Suicune|75/100 frz|[from] item: Leftovers
|upkeep
|turn|9
|
|t:|1779569791
|switch|p2a: Ditto|Ditto|100/100
|-transform|p2a: Ditto|p1a: Suicune|[from] ability: Imposter
|-ability|p2a: Ditto|Pressure
|-curestatus|p1a: Suicune|frz|[from] move: Scald
|move|p1a: Suicune|Scald|p2a: Ditto
|-resisted|p2a: Ditto
|-damage|p2a: Ditto|88/100
|-status|p2a: Ditto|brn
|
|-heal|p1a: Suicune|81/100|[from] item: Leftovers
|-damage|p2a: Ditto|82/100 brn|[from] brn
|upkeep
|turn|10
|
|t:|1779569798
|move|p2a: Ditto|Scald|p1a: Suicune
|-resisted|p1a: Suicune
|-damage|p1a: Suicune|72/100
|move|p1a: Suicune|Scald|p2a: Ditto
|-resisted|p2a: Ditto
|-damage|p2a: Ditto|69/100 brn
|
|-heal|p1a: Suicune|78/100|[from] item: Leftovers
|-damage|p2a: Ditto|63/100 brn|[from] brn
|upkeep
|turn|11
|
|t:|1779569806
|move|p2a: Ditto|Scald|p1a: Suicune
|-resisted|p1a: Suicune
|-damage|p1a: Suicune|69/100
|move|p1a: Suicune|Scald|p2a: Ditto
|-resisted|p2a: Ditto
|-damage|p2a: Ditto|50/100 brn
|
|-heal|p1a: Suicune|75/100|[from] item: Leftovers
|-damage|p2a: Ditto|44/100 brn|[from] brn
|upkeep
|turn|12
|
|t:|1779569812
|move|p2a: Ditto|Scald|p1a: Suicune
|-resisted|p1a: Suicune
|-damage|p1a: Suicune|66/100
|-status|p1a: Suicune|brn
|move|p1a: Suicune|Scald|p2a: Ditto
|-resisted|p2a: Ditto
|-damage|p2a: Ditto|31/100 brn
|
|-heal|p1a: Suicune|72/100 brn|[from] item: Leftovers
|-damage|p2a: Ditto|25/100 brn|[from] brn
|-damage|p1a: Suicune|66/100 brn|[from] brn
|upkeep
|turn|13
|
|t:|1779569819
|switch|p2a: Empoleon|Empoleon, F|100/100
|move|p1a: Suicune|Scald|p2a: Empoleon
|-resisted|p2a: Empoleon
|-damage|p2a: Empoleon|65/100
|
|-heal|p1a: Suicune|72/100 brn|[from] item: Leftovers
|-damage|p1a: Suicune|66/100 brn|[from] brn
|upkeep
|turn|14
|
|t:|1779569823
|switch|p2a: Ditto|Ditto|25/100 brn
|-transform|p2a: Ditto|p1a: Suicune|[from] ability: Imposter
|-ability|p2a: Ditto|Pressure
|move|p1a: Suicune|Scald|p2a: Ditto
|-resisted|p2a: Ditto
|-damage|p2a: Ditto|13/100 brn
|
|-heal|p1a: Suicune|72/100 brn|[from] item: Leftovers
|-damage|p2a: Ditto|7/100 brn|[from] brn
|-damage|p1a: Suicune|66/100 brn|[from] brn
|upkeep
|turn|15
|
|t:|1779569826
|move|p2a: Ditto|Rest|p2a: Ditto
|-status|p2a: Ditto|slp|[from] move: Rest
|-heal|p2a: Ditto|100/100 slp|[silent]
|move|p1a: Suicune|Scald|p2a: Ditto
|-resisted|p2a: Ditto
|-damage|p2a: Ditto|88/100 slp
|
|-heal|p1a: Suicune|72/100 brn|[from] item: Leftovers
|-damage|p1a: Suicune|66/100 brn|[from] brn
|upkeep
|turn|16
|
|t:|1779569833
|switch|p2a: Empoleon|Empoleon, F|65/100
|move|p1a: Suicune|Scald|p2a: Empoleon
|-resisted|p2a: Empoleon
|-damage|p2a: Empoleon|29/100
|
|-heal|p1a: Suicune|72/100 brn|[from] item: Leftovers
|-damage|p1a: Suicune|66/100 brn|[from] brn
|upkeep
|turn|17
|
|t:|1779569839
|switch|p2a: Ditto|Ditto|88/100 slp
|-transform|p2a: Ditto|p1a: Suicune|[from] ability: Imposter
|-ability|p2a: Ditto|Pressure
|move|p1a: Suicune|Scald|p2a: Ditto
|-resisted|p2a: Ditto
|-damage|p2a: Ditto|76/100 slp
|
|-heal|p1a: Suicune|72/100 brn|[from] item: Leftovers
|-damage|p1a: Suicune|66/100 brn|[from] brn
|upkeep
|turn|18
|
|t:|1779569846
|switch|p1a: Cinderace|Cinderace, M|91/100
|-activate|p1a: Cinderace|move: Sticky Web
|-unboost|p1a: Cinderace|spe|1
|cant|p2a: Ditto|slp
|move|p2a: Ditto|Sleep Talk|p2a: Ditto
|move|p2a: Ditto|Rest||[from] move: Sleep Talk|[still]
|-fail|p2a: Ditto
|
|upkeep
|turn|19
|
|t:|1779569855
|move|p1a: Cinderace|Court Change|p1a: Cinderace
|-start|p1a: Cinderace|typechange|Normal|[from] ability: Libero
|-swapsideconditions
|-activate|p1a: Cinderace|move: Court Change
|cant|p2a: Ditto|slp
|move|p2a: Ditto|Sleep Talk|p2a: Ditto
|move|p2a: Ditto|Scald|p1a: Cinderace|[from] move: Sleep Talk
|-damage|p1a: Cinderace|0 fnt
|faint|p1a: Cinderace
|
|upkeep
|
|t:|1779569862
|switch|p1a: Suicune|Suicune, shiny|66/100 brn
|-ability|p1a: Suicune|Pressure
|turn|20
|
|t:|1779569868
|switch|p2a: Empoleon|Empoleon, F|29/100
|-activate|p2a: Empoleon|move: Sticky Web
|-unboost|p2a: Empoleon|spe|1
|-ability|p2a: Empoleon|Competitive|boost
|-boost|p2a: Empoleon|spa|2
|move|p1a: Suicune|Scald|p2a: Empoleon
|-resisted|p2a: Empoleon
|-damage|p2a: Empoleon|15/100
|
|-heal|p1a: Suicune|72/100 brn|[from] item: Leftovers
|-damage|p1a: Suicune|66/100 brn|[from] brn
|upkeep
|turn|21
|
|t:|1779569889
|move|p1a: Suicune|Scald|p2a: Empoleon
|-resisted|p2a: Empoleon
|-damage|p2a: Empoleon|3/100
|move|p2a: Empoleon|Ice Beam|p1a: Suicune
|-resisted|p1a: Suicune
|-damage|p1a: Suicune|41/100 brn
|
|-heal|p1a: Suicune|48/100 brn|[from] item: Leftovers
|-damage|p1a: Suicune|41/100 brn|[from] brn
|upkeep
|turn|22
|
|t:|1779569895
|move|p1a: Suicune|Scald|p2a: Empoleon
|-resisted|p2a: Empoleon
|-crit|p2a: Empoleon
|-damage|p2a: Empoleon|0 fnt
|faint|p2a: Empoleon
|
|-heal|p1a: Suicune|48/100 brn|[from] item: Leftovers
|-damage|p1a: Suicune|41/100 brn|[from] brn
|upkeep
|
|t:|1779569911
|switch|p2a: Cinderace|Cinderace, M|100/100
|-activate|p2a: Cinderace|move: Sticky Web
|-unboost|p2a: Cinderace|spe|1
|turn|23
|
|t:|1779569918
|move|p2a: Cinderace|High Jump Kick|p1a: Suicune
|-start|p2a: Cinderace|typechange|Fighting|[from] ability: Libero
|-damage|p1a: Suicune|2/100 brn
|move|p1a: Suicune|Rest|p1a: Suicune
|-status|p1a: Suicune|slp|[from] move: Rest
|-heal|p1a: Suicune|100/100 slp|[silent]
|
|upkeep
|turn|24
|
|t:|1779569927
|switch|p2a: Crawdaunt|Crawdaunt, M|100/100
|-activate|p2a: Crawdaunt|move: Sticky Web
|-unboost|p2a: Crawdaunt|spe|1
|cant|p1a: Suicune|slp
|move|p1a: Suicune|Sleep Talk|p1a: Suicune
|move|p1a: Suicune|Rest||[from] move: Sleep Talk|[still]
|-fail|p1a: Suicune
|
|upkeep
|turn|25
|
|t:|1779569933
|cant|p1a: Suicune|slp
|move|p1a: Suicune|Sleep Talk|p1a: Suicune
|move|p1a: Suicune|Rest||[from] move: Sleep Talk|[still]
|-fail|p1a: Suicune
|move|p2a: Crawdaunt|Close Combat|p1a: Suicune
|-damage|p1a: Suicune|62/100 slp
|-unboost|p2a: Crawdaunt|def|1
|-unboost|p2a: Crawdaunt|spd|1
|
|-heal|p1a: Suicune|68/100 slp|[from] item: Leftovers
|upkeep
|turn|26
|
|t:|1779569941
|-curestatus|p1a: Suicune|slp|[msg]
|move|p1a: Suicune|Scald|p2a: Crawdaunt
|-resisted|p2a: Crawdaunt
|-damage|p2a: Crawdaunt|68/100
|move|p2a: Crawdaunt|Close Combat|p1a: Suicune
|-damage|p1a: Suicune|32/100
|-unboost|p2a: Crawdaunt|def|1
|-unboost|p2a: Crawdaunt|spd|1
|
|-heal|p1a: Suicune|38/100|[from] item: Leftovers
|upkeep
|turn|27
|
|t:|1779569959
|switch|p1a: Pecharunt|Pecharunt|100/100
|switch|p2a: Ditto|Ditto|76/100 slp
|-activate|p2a: Ditto|move: Sticky Web
|-unboost|p2a: Ditto|spe|1
|-transform|p2a: Ditto|p1a: Pecharunt|[from] ability: Imposter
|
|upkeep
|turn|28
|
|t:|1779569966
|-curestatus|p2a: Ditto|slp|[msg]
|move|p2a: Ditto|Recover|p2a: Ditto
|-heal|p2a: Ditto|100/100
|move|p1a: Pecharunt|Shadow Ball|p2a: Ditto
|-supereffective|p2a: Ditto
|-damage|p2a: Ditto|42/100
|
|upkeep
|turn|29
|
|t:|1779569976
|move|p2a: Ditto|Recover|p2a: Ditto
|-heal|p2a: Ditto|92/100
|move|p1a: Pecharunt|Malignant Chain|p2a: Ditto
|-resisted|p2a: Ditto
|-damage|p2a: Ditto|81/100
|
|upkeep
|turn|30
|
|t:|1779569983
|switch|p2a: Cinderace|Cinderace, M|100/100
|-activate|p2a: Cinderace|move: Sticky Web
|-unboost|p2a: Cinderace|spe|1
|move|p1a: Pecharunt|Malignant Chain|p2a: Cinderace
|-damage|p2a: Cinderace|56/100
|-status|p2a: Cinderace|tox
|-start|p2a: Cinderace|confusion|[from] ability: Poison Puppeteer|[of] p1a: Pecharunt
|
|-damage|p2a: Cinderace|50/100 tox|[from] psn
|upkeep
|turn|31
|
|t:|1779569992
|switch|p1a: Suicune|Suicune, shiny|38/100
|-ability|p1a: Suicune|Pressure
|-activate|p2a: Cinderace|confusion
|-damage|p2a: Cinderace|30/100 tox|[from] confusion
|
|-heal|p1a: Suicune|44/100|[from] item: Leftovers
|-damage|p2a: Cinderace|18/100 tox|[from] psn
|upkeep
|turn|32
|-message|stallkiller393 forfeited.
|
|win|huuehuue
|raw|huuehuue's rating: 1040 &rarr; <strong>1077</strong><br />(+37 for winning)
|raw|stallkiller393's rating: 1075 &rarr; <strong>1052</strong><br />(-23 for losing)
|l|☆stallkiller393
|player|p2|
