|j|☆silky2smooth
|j|☆ilikemos
|t:|1779629033
|gametype|singles
|player|p1|silky2smooth|steven|1441
|player|p2|ilikemos|101|1517
|gen|9
|tier|[Gen 9] OU
|rated|
|rule|HP Percentage Mod: HP is shown in percentages
|rule|Endless Battle Clause: Forcing endless battles is banned
|rule|Species Clause: Limit one of each Pokémon
|rule|OHKO Clause: OHKO moves are banned
|rule|Evasion Items Clause: Evasion items are banned
|rule|Evasion Moves Clause: Evasion moves are banned
|rule|Evasion Abilities Clause: Evasion abilities are banned
|rule|Sleep Moves Clause: Sleep-inducing moves are banned
|clearpoke
|poke|p1|Torkoal, F|
|poke|p1|Walking Wake|
|poke|p1|Slither Wing|
|poke|p1|Venusaur, F|
|poke|p1|Skeledirge, F|
|poke|p1|Chesnaught, M|
|poke|p2|Iron Valiant|
|poke|p2|Rotom-Wash|
|poke|p2|Latios, M|
|poke|p2|Ting-Lu|
|poke|p2|Hydreigon, M|
|poke|p2|Gholdengo|
|teampreview
|
|t:|1779629063
|teamsize|p1|6
|teamsize|p2|6
|start
|switch|p1a: Slither Wing|Slither Wing|100/100
|switch|p2a: Hydreigon|Hydreigon, M|100/100
|turn|1
|
|t:|1779629073
|switch|p2a: Gholdengo|Gholdengo|100/100
|-item|p2a: Gholdengo|Air Balloon
|move|p1a: Slither Wing|Close Combat|p2a: Gholdengo
|-immune|p2a: Gholdengo
|
|upkeep
|turn|2
|
|t:|1779629084
|move|p1a: Slither Wing|Temper Flare|p2a: Gholdengo
|-supereffective|p2a: Gholdengo
|-damage|p2a: Gholdengo|16/100
|-enditem|p2a: Gholdengo|Air Balloon
|move|p2a: Gholdengo|Thunder Wave|p1a: Slither Wing
|-status|p1a: Slither Wing|par
|
|upkeep
|turn|3
|
|t:|1779629155
|-end|p1a: Slither Wing|Protosynthesis|[silent]
|switch|p1a: Torkoal|Torkoal, F|100/100
|-weather|SunnyDay|[from] ability: Drought|[of] p1a: Torkoal
|move|p2a: Gholdengo|Recover|p2a: Gholdengo
|-heal|p2a: Gholdengo|66/100
|
|-weather|SunnyDay|[upkeep]
|upkeep
|turn|4
|
|t:|1779629168
|switch|p2a: Ting-Lu|Ting-Lu|100/100
|-ability|p2a: Ting-Lu|Vessel of Ruin
|switch|p1a: Slither Wing|Slither Wing|100/100 par
|-activate|p1a: Slither Wing|ability: Protosynthesis
|-start|p1a: Slither Wing|protosynthesisatk
|
|-weather|SunnyDay|[upkeep]
|upkeep
|turn|5
|l|☆ilikemos
|player|p2|
|j|☆ilikemos
|player|p2|ilikemos|101|
|inactive|Battle timer is ON: inactive players will automatically lose when time's up. (requested by silky2smooth)
|inactive|ilikemos has 120 seconds left.
|
|t:|1779629266
|-terastallize|p2a: Ting-Lu|Poison
|move|p1a: Slither Wing|U-turn|p2a: Ting-Lu
|-resisted|p2a: Ting-Lu
|-damage|p2a: Ting-Lu|85/100
|
|t:|1779629286
|-end|p1a: Slither Wing|Protosynthesis|[silent]
|switch|p1a: Venusaur|Venusaur, F|100/100|[from] U-turn
|move|p2a: Ting-Lu|Ruination|p1a: Venusaur
|-damage|p1a: Venusaur|51/100
|
|-weather|SunnyDay|[upkeep]
|-heal|p2a: Ting-Lu|91/100|[from] item: Leftovers
|upkeep
|turn|6
|
|t:|1779629302
|move|p1a: Venusaur|Growth|p1a: Venusaur
|-boost|p1a: Venusaur|atk|2
|-boost|p1a: Venusaur|spa|2
|move|p2a: Ting-Lu|Earthquake|p1a: Venusaur
|-damage|p1a: Venusaur|3/100
|
|-weather|SunnyDay|[upkeep]
|-heal|p2a: Ting-Lu|97/100|[from] item: Leftovers
|upkeep
|turn|7
|
|t:|1779629313
|-terastallize|p1a: Venusaur|Ground
|move|p1a: Venusaur|Earthquake|p2a: Ting-Lu
|-supereffective|p2a: Ting-Lu
|-damage|p2a: Ting-Lu|18/100
|-damage|p1a: Venusaur|0 fnt|[from] item: Life Orb
|faint|p1a: Venusaur
|move|p2a: Ting-Lu|Earthquake|p1: Venusaur|[notarget]
|-fail|p2a: Ting-Lu
|
|-weather|SunnyDay|[upkeep]
|-heal|p2a: Ting-Lu|24/100|[from] item: Leftovers
|upkeep
|
|t:|1779629327
|switch|p1a: Walking Wake|Walking Wake|100/100
|-activate|p1a: Walking Wake|ability: Protosynthesis
|-start|p1a: Walking Wake|protosynthesisspe
|turn|8
|inactive|ilikemos has 120 seconds left.
|
|t:|1779629375
|move|p1a: Walking Wake|Hydro Steam|p2a: Ting-Lu
|-damage|p2a: Ting-Lu|0 fnt
|faint|p2a: Ting-Lu
|
|-weather|SunnyDay|[upkeep]
|upkeep
|
|t:|1779629384
|switch|p2a: Rotom|Rotom-Wash|100/100
|turn|9
|
|t:|1779629396
|-end|p1a: Walking Wake|Protosynthesis|[silent]
|switch|p1a: Slither Wing|Slither Wing|100/100 par
|-activate|p1a: Slither Wing|ability: Protosynthesis
|-start|p1a: Slither Wing|protosynthesisatk
|move|p2a: Rotom|Volt Switch|p1a: Slither Wing
|-damage|p1a: Slither Wing|82/100 par
|inactive|ilikemos has 90 seconds left.
|inactive|ilikemos has 60 seconds left.
|
|t:|1779629481
|switch|p2a: Iron Valiant|Iron Valiant|100/100|[from] Volt Switch
|
|-weather|SunnyDay|[upkeep]
|upkeep
|turn|10
|
|t:|1779629498
|move|p2a: Iron Valiant|Moonblast|p1a: Slither Wing
|-supereffective|p1a: Slither Wing
|-damage|p1a: Slither Wing|19/100 par
|move|p1a: Slither Wing|Temper Flare|p2a: Iron Valiant
|-crit|p2a: Iron Valiant
|-damage|p2a: Iron Valiant|0 fnt
|faint|p2a: Iron Valiant
|-end|p2a: Iron Valiant|Quark Drive|[silent]
|
|-weather|none
|-end|p1a: Slither Wing|Protosynthesis
|upkeep
|inactive|ilikemos has 30 seconds left.
|inactive|ilikemos has 20 seconds left.
|inactive|ilikemos has 15 seconds left.
|inactive|ilikemos has 10 seconds left.
|inactive|ilikemos has 5 seconds left.
|
|t:|1779629551
|switch|p2a: Rotom|Rotom-Wash|100/100
|turn|11
|inactive|ilikemos has 15 seconds left this turn.
|
|t:|1779629556
|-end|p1a: Slither Wing|Protosynthesis|[silent]
|switch|p1a: Torkoal|Torkoal, F|100/100
|-weather|SunnyDay|[from] ability: Drought|[of] p1a: Torkoal
|move|p2a: Rotom|Volt Switch|p1a: Torkoal
|-damage|p1a: Torkoal|77/100
|inactive|ilikemos has 20 seconds left this turn.
|
|t:|1779629559
|switch|p2a: Hydreigon|Hydreigon, M|100/100|[from] Volt Switch
|
|-weather|SunnyDay|[upkeep]
|upkeep
|turn|12
|inactive|ilikemos has 30 seconds left this turn.
|
|t:|1779629566
|move|p2a: Hydreigon|Dark Pulse|p1a: Torkoal
|-damage|p1a: Torkoal|27/100
|move|p1a: Torkoal|Stealth Rock|p2a: Hydreigon
|-sidestart|p2: ilikemos|move: Stealth Rock
|
|-weather|SunnyDay|[upkeep]
|upkeep
|turn|13
|
|t:|1779629577
|move|p2a: Hydreigon|Dark Pulse|p1a: Torkoal
|-damage|p1a: Torkoal|0 fnt
|faint|p1a: Torkoal
|
|-weather|SunnyDay|[upkeep]
|upkeep
|
|t:|1779629583
|switch|p1a: Walking Wake|Walking Wake|100/100
|-activate|p1a: Walking Wake|ability: Protosynthesis
|-start|p1a: Walking Wake|protosynthesisspe
|turn|14
|
|t:|1779629603
|switch|p2a: Rotom|Rotom-Wash|100/100
|-damage|p2a: Rotom|88/100|[from] Stealth Rock
|move|p1a: Walking Wake|Dragon Pulse|p2a: Rotom
|-damage|p2a: Rotom|19/100
|
|-weather|SunnyDay|[upkeep]
|-heal|p2a: Rotom|25/100|[from] item: Leftovers
|upkeep
|turn|15
|
|t:|1779629612
|move|p1a: Walking Wake|Dragon Pulse|p2a: Rotom
|-damage|p2a: Rotom|0 fnt
|faint|p2a: Rotom
|
|-weather|SunnyDay|[upkeep]
|upkeep
|
|t:|1779629615
|switch|p2a: Latios|Latios, M|100/100
|-damage|p2a: Latios|88/100|[from] Stealth Rock
|turn|16
|
|t:|1779629619
|move|p2a: Latios|Draco Meteor|p1a: Walking Wake|[miss]
|-miss|p2a: Latios|p1a: Walking Wake
|move|p1a: Walking Wake|Dragon Pulse|p2a: Latios
|-supereffective|p2a: Latios
|-damage|p2a: Latios|0 fnt
|faint|p2a: Latios
|
|-weather|SunnyDay|[upkeep]
|upkeep
|inactive|ilikemos has 60 seconds left.
|
|t:|1779629624
|switch|p2a: Gholdengo|Gholdengo|66/100
|-damage|p2a: Gholdengo|60/100|[from] Stealth Rock
|turn|17
|
|t:|1779629630
|move|p1a: Walking Wake|Dragon Pulse|p2a: Gholdengo
|-resisted|p2a: Gholdengo
|-damage|p2a: Gholdengo|27/100
|move|p2a: Gholdengo|Thunder Wave|p1a: Walking Wake
|-status|p1a: Walking Wake|par
|
|-weather|SunnyDay|[upkeep]
|upkeep
|turn|18
|
|t:|1779629637
|move|p1a: Walking Wake|Dragon Pulse|p2a: Gholdengo
|-resisted|p2a: Gholdengo
|-damage|p2a: Gholdengo|0 fnt
|faint|p2a: Gholdengo
|
|-weather|none
|-end|p1a: Walking Wake|Protosynthesis
|upkeep
|
|t:|1779629641
|switch|p2a: Hydreigon|Hydreigon, M|100/100
|-damage|p2a: Hydreigon|88/100|[from] Stealth Rock
|turn|19
|
|t:|1779629647
|move|p2a: Hydreigon|Dark Pulse|p1a: Walking Wake
|-damage|p1a: Walking Wake|33/100 par
|cant|p1a: Walking Wake|par
|
|upkeep
|turn|20
|
|t:|1779629652
|move|p2a: Hydreigon|Dark Pulse|p1a: Walking Wake
|-damage|p1a: Walking Wake|0 fnt
|faint|p1a: Walking Wake
|-end|p1a: Walking Wake|Protosynthesis|[silent]
|
|upkeep
|
|t:|1779629658
|switch|p1a: Slither Wing|Slither Wing|19/100 par
|turn|21
|j| T0ny V
|
|t:|1779629661
|cant|p1a: Slither Wing|par
|move|p2a: Hydreigon|Dark Pulse|p1a: Slither Wing
|-resisted|p1a: Slither Wing
|-damage|p1a: Slither Wing|0 fnt
|faint|p1a: Slither Wing
|-end|p1a: Slither Wing|Protosynthesis|[silent]
|
|upkeep
|
|t:|1779629667
|switch|p1a: Chesnaught|Chesnaught, M|100/100
|turn|22
|
|t:|1779629671
|move|p2a: Hydreigon|Dark Pulse|p1a: Chesnaught
|-resisted|p1a: Chesnaught
|-damage|p1a: Chesnaught|67/100
|move|p1a: Chesnaught|Body Press|p2a: Hydreigon
|-supereffective|p2a: Hydreigon
|-damage|p2a: Hydreigon|0 fnt
|faint|p2a: Hydreigon
|
|win|silky2smooth
|raw|silky2smooth's rating: 1441 &rarr; <strong>1465</strong><br />(+24 for winning)
|raw|ilikemos's rating: 1517 &rarr; <strong>1493</strong><br />(-24 for losing)
|l|☆ilikemos
|player|p2|
|l| T0ny V
