|j|☆roninakahito
|j|☆CyberH3
|t:|1779632558
|gametype|singles
|player|p1|roninakahito|ninjaboy|1522
|player|p2|CyberH3|266|1545
|gen|9
|tier|[Gen 9] OU
|rated|
|rule|HP Percentage Mod: HP is shown in percentages
|rule|Endless Battle Clause: Forcing endless battles is banned
|rule|Species Clause: Limit one of each Pokémon
|rule|OHKO Clause: OHKO moves are banned
|rule|Evasion Items Clause: Evasion items are banned
|rule|Evasion Moves Clause: Evasion moves are banned
|rule|Evasion Abilities Clause: Evasion abilities are banned
|rule|Sleep Moves Clause: Sleep-inducing moves are banned
|clearpoke
|poke|p1|Iron Crown|
|poke|p1|Tyranitar, M|
|poke|p1|Great Tusk|
|poke|p1|Drifblim, F|
|poke|p1|Rillaboom, M|
|poke|p1|Iron Valiant|
|poke|p2|Pecharunt|
|poke|p2|Zapdos|
|poke|p2|Araquanid, M|
|poke|p2|Ogerpon-Wellspring, F|
|poke|p2|Iron Treads|
|poke|p2|Cinderace, F|
|teampreview
|inactive|Battle timer is ON: inactive players will automatically lose when time's up. (requested by roninakahito)
|
|t:|1779632574
|teamsize|p1|6
|teamsize|p2|6
|start
|switch|p1a: Drifblim|Drifblim, F|100/100
|switch|p2a: Cinderace|Cinderace, F|100/100
|turn|1
|
|t:|1779632583
|move|p1a: Drifblim|Trick|p2a: Cinderace
|-activate|p1a: Drifblim|move: Trick|[of] p2a: Cinderace
|-item|p2a: Cinderace|Choice Scarf|[from] move: Trick
|-item|p1a: Drifblim|Life Orb|[from] move: Trick
|move|p2a: Cinderace|Pyro Ball|p1a: Drifblim
|-crit|p1a: Drifblim
|-damage|p1a: Drifblim|0 fnt
|faint|p1a: Drifblim
|
|upkeep
|
|t:|1779632590
|switch|p1a: Tyranitar|Tyranitar, M|100/100
|-weather|Sandstorm|[from] ability: Sand Stream|[of] p1a: Tyranitar
|turn|2
|
|t:|1779632594
|switch|p2a: Iron Treads|Iron Treads|100/100
|move|p1a: Tyranitar|Dragon Dance|p1a: Tyranitar
|-boost|p1a: Tyranitar|atk|1
|-boost|p1a: Tyranitar|spe|1
|
|-weather|Sandstorm|[upkeep]
|upkeep
|turn|3
|
|t:|1779632601
|move|p1a: Tyranitar|Low Kick|p2a: Iron Treads
|-supereffective|p2a: Iron Treads
|-damage|p2a: Iron Treads|0 fnt
|faint|p2a: Iron Treads
|-end|p2a: Iron Treads|Quark Drive|[silent]
|
|-weather|Sandstorm|[upkeep]
|upkeep
|
|t:|1779632606
|switch|p2a: Cinderace|Cinderace, F|100/100
|turn|4
|
|t:|1779632615
|switch|p1a: Rillaboom|Rillaboom, M|100/100
|-fieldstart|move: Grassy Terrain|[from] ability: Grassy Surge|[of] p1a: Rillaboom
|move|p2a: Cinderace|High Jump Kick|p1a: Rillaboom
|-start|p2a: Cinderace|typechange|Fighting|[from] ability: Libero
|-damage|p1a: Rillaboom|29/100
|
|-weather|Sandstorm|[upkeep]
|-damage|p2a: Cinderace|95/100|[from] Sandstorm
|-damage|p1a: Rillaboom|23/100|[from] Sandstorm
|-heal|p2a: Cinderace|100/100|[from] Grassy Terrain
|-heal|p1a: Rillaboom|29/100|[from] Grassy Terrain
|-heal|p1a: Rillaboom|35/100|[from] item: Leftovers
|upkeep
|turn|5
|
|t:|1779632619
|switch|p2a: Zapdos|Zapdos|100/100
|move|p1a: Rillaboom|U-turn|p2a: Zapdos
|-resisted|p2a: Zapdos
|-damage|p2a: Zapdos|88/100
|-damage|p1a: Rillaboom|19/100|[from] item: Rocky Helmet|[of] p2a: Zapdos
|-status|p1a: Rillaboom|par|[from] ability: Static|[of] p2a: Zapdos
|
|t:|1779632622
|switch|p1a: Tyranitar|Tyranitar, M|100/100|[from] U-turn
|
|-weather|Sandstorm|[upkeep]
|-damage|p2a: Zapdos|82/100|[from] Sandstorm
|upkeep
|turn|6
|
|t:|1779632627
|move|p1a: Tyranitar|Dragon Dance|p1a: Tyranitar
|-boost|p1a: Tyranitar|atk|1
|-boost|p1a: Tyranitar|spe|1
|move|p2a: Zapdos|Volt Switch|p1a: Tyranitar
|-damage|p1a: Tyranitar|72/100
|
|t:|1779632629
|switch|p2a: Cinderace|Cinderace, F|100/100|[from] Volt Switch
|
|-weather|none
|-heal|p1a: Tyranitar|79/100|[from] Grassy Terrain
|-heal|p1a: Tyranitar|85/100|[from] item: Leftovers
|upkeep
|turn|7
|
|t:|1779632631
|-terastallize|p1a: Tyranitar|Bug
|move|p2a: Cinderace|Pyro Ball|p1a: Tyranitar
|-supereffective|p1a: Tyranitar
|-damage|p1a: Tyranitar|0 fnt
|faint|p1a: Tyranitar
|
|upkeep
|
|t:|1779632638
|switch|p1a: Iron Valiant|Iron Valiant|100/100
|-enditem|p1a: Iron Valiant|Booster Energy
|-activate|p1a: Iron Valiant|ability: Quark Drive|[fromitem]
|-start|p1a: Iron Valiant|quarkdrivespe
|turn|8
|
|t:|1779632643
|move|p2a: Cinderace|Pyro Ball|p1a: Iron Valiant
|-damage|p1a: Iron Valiant|25/100
|move|p1a: Iron Valiant|Calm Mind|p1a: Iron Valiant
|-boost|p1a: Iron Valiant|spa|1
|-boost|p1a: Iron Valiant|spd|1
|
|-heal|p1a: Iron Valiant|31/100|[from] Grassy Terrain
|-fieldend|move: Grassy Terrain
|upkeep
|turn|9
|
|t:|1779632646
|move|p2a: Cinderace|Pyro Ball|p1a: Iron Valiant
|-damage|p1a: Iron Valiant|0 fnt
|faint|p1a: Iron Valiant
|-end|p1a: Iron Valiant|Quark Drive|[silent]
|
|upkeep
|
|t:|1779632648
|switch|p1a: Great Tusk|Great Tusk|100/100
|turn|10
|
|t:|1779632650
|move|p2a: Cinderace|Pyro Ball|p1a: Great Tusk
|-damage|p1a: Great Tusk|57/100
|move|p1a: Great Tusk|Rapid Spin|p2a: Cinderace
|-damage|p2a: Cinderace|73/100
|-boost|p1a: Great Tusk|spe|1
|
|-heal|p1a: Great Tusk|63/100|[from] item: Leftovers
|upkeep
|turn|11
|
|t:|1779632654
|switch|p2a: Zapdos|Zapdos|82/100
|move|p1a: Great Tusk|Bulk Up|p1a: Great Tusk
|-boost|p1a: Great Tusk|atk|1
|-boost|p1a: Great Tusk|def|1
|
|-heal|p1a: Great Tusk|69/100|[from] item: Leftovers
|upkeep
|turn|12
|
|t:|1779632656
|move|p1a: Great Tusk|Stone Edge|p2a: Zapdos
|-supereffective|p2a: Zapdos
|-damage|p2a: Zapdos|0 fnt
|faint|p2a: Zapdos
|
|-heal|p1a: Great Tusk|75/100|[from] item: Leftovers
|upkeep
|
|t:|1779632659
|switch|p2a: Araquanid|Araquanid, M|100/100
|turn|13
|
|t:|1779632661
|-terastallize|p2a: Araquanid|Ghost
|move|p1a: Great Tusk|Stone Edge|p2a: Araquanid
|-damage|p2a: Araquanid|44/100
|move|p2a: Araquanid|Liquidation|p1a: Great Tusk
|-supereffective|p1a: Great Tusk
|-damage|p1a: Great Tusk|9/100
|
|-heal|p1a: Great Tusk|15/100|[from] item: Leftovers
|upkeep
|turn|14
|
|t:|1779632665
|move|p2a: Araquanid|Endure|p2a: Araquanid
|-singleturn|p2a: Araquanid|move: Endure
|move|p1a: Great Tusk|Bulk Up|p1a: Great Tusk
|-boost|p1a: Great Tusk|atk|1
|-boost|p1a: Great Tusk|def|1
|
|-heal|p1a: Great Tusk|22/100|[from] item: Leftovers
|upkeep
|turn|15
|
|t:|1779632674
|switch|p2a: Ogerpon|Ogerpon-Wellspring, F|100/100
|move|p1a: Great Tusk|Headlong Rush|p2a: Ogerpon
|-resisted|p2a: Ogerpon
|-damage|p2a: Ogerpon|25/100
|-unboost|p1a: Great Tusk|def|1
|-unboost|p1a: Great Tusk|spd|1
|
|-heal|p1a: Great Tusk|28/100|[from] item: Leftovers
|upkeep
|turn|16
|
|t:|1779632678
|move|p1a: Great Tusk|Rapid Spin|p2a: Ogerpon
|-damage|p2a: Ogerpon|0 fnt
|-boost|p1a: Great Tusk|spe|1
|faint|p2a: Ogerpon
|
|-heal|p1a: Great Tusk|34/100|[from] item: Leftovers
|upkeep
|
|t:|1779632683
|switch|p2a: Cinderace|Cinderace, F|73/100
|turn|17
|
|t:|1779632689
|move|p2a: Cinderace|Sucker Punch|p1a: Great Tusk
|-start|p2a: Cinderace|typechange|Dark|[from] ability: Libero
|-resisted|p1a: Great Tusk
|-damage|p1a: Great Tusk|26/100
|move|p1a: Great Tusk|Headlong Rush|p2a: Cinderace
|-damage|p2a: Cinderace|0 fnt
|-unboost|p1a: Great Tusk|def|1
|-unboost|p1a: Great Tusk|spd|1
|faint|p2a: Cinderace
|
|-heal|p1a: Great Tusk|32/100|[from] item: Leftovers
|upkeep
|
|t:|1779632693
|switch|p2a: Araquanid|Araquanid, M, tera:Ghost|44/100
|turn|18
|
|t:|1779632697
|move|p2a: Araquanid|Endure|p2a: Araquanid
|-singleturn|p2a: Araquanid|move: Endure
|move|p1a: Great Tusk|Headlong Rush|p2a: Araquanid
|-activate|p2a: Araquanid|move: Endure
|-damage|p2a: Araquanid|1/100
|-unboost|p1a: Great Tusk|def|1
|-unboost|p1a: Great Tusk|spd|1
|
|-heal|p1a: Great Tusk|38/100|[from] item: Leftovers
|upkeep
|turn|19
|-enditem|p2a: Araquanid|Custap Berry|[eat]
|-activate|p2a: Araquanid|item: Custap Berry|[consumed]
|
|t:|1779632700
|move|p2a: Araquanid|Liquidation|p1a: Great Tusk
|-supereffective|p1a: Great Tusk
|-damage|p1a: Great Tusk|0 fnt
|faint|p1a: Great Tusk
|-end|p1a: Great Tusk|Protosynthesis|[silent]
|
|upkeep
|
|t:|1779632702
|switch|p1a: Rillaboom|Rillaboom, M|19/100 par
|-fieldstart|move: Grassy Terrain|[from] ability: Grassy Surge|[of] p1a: Rillaboom
|turn|20
|
|t:|1779632706
|move|p1a: Rillaboom|Grassy Glide|p2a: Araquanid
|-crit|p2a: Araquanid
|-damage|p2a: Araquanid|0 fnt
|faint|p2a: Araquanid
|
|-heal|p1a: Rillaboom|25/100 par|[from] Grassy Terrain
|-heal|p1a: Rillaboom|31/100 par|[from] item: Leftovers
|upkeep
|
|t:|1779632709
|switch|p2a: Pecharunt|Pecharunt|100/100
|turn|21
|
|t:|1779632710
|move|p2a: Pecharunt|Nasty Plot|p2a: Pecharunt
|-boost|p2a: Pecharunt|spa|2
|cant|p1a: Rillaboom|par
|
|-heal|p1a: Rillaboom|37/100 par|[from] Grassy Terrain
|-heal|p1a: Rillaboom|43/100 par|[from] item: Leftovers
|upkeep
|turn|22
|
|t:|1779632713
|move|p2a: Pecharunt|Nasty Plot|p2a: Pecharunt
|-boost|p2a: Pecharunt|spa|2
|cant|p1a: Rillaboom|par
|
|-heal|p1a: Rillaboom|49/100 par|[from] Grassy Terrain
|-heal|p1a: Rillaboom|56/100 par|[from] item: Leftovers
|upkeep
|turn|23
|
|t:|1779632716
|move|p2a: Pecharunt|Hex|p1a: Rillaboom
|-damage|p1a: Rillaboom|0 fnt
|faint|p1a: Rillaboom
|
|upkeep
|
|t:|1779632717
|switch|p1a: Iron Crown|Iron Crown|100/100
|turn|24
|
|t:|1779632720
|move|p1a: Iron Crown|Agility|p1a: Iron Crown
|-boost|p1a: Iron Crown|spe|2
|move|p2a: Pecharunt|Hex|p1a: Iron Crown
|-supereffective|p1a: Iron Crown
|-damage|p1a: Iron Crown|0 fnt
|faint|p1a: Iron Crown
|-end|p1a: Iron Crown|Quark Drive|[silent]
|
|win|CyberH3
|raw|roninakahito's rating: 1522 &rarr; <strong>1503</strong><br />(-19 for losing)
|raw|CyberH3's rating: 1545 &rarr; <strong>1564</strong><br />(+19 for winning)
|l|☆CyberH3
|player|p2|
|l|☆roninakahito
|player|p1|
