|j|☆ethanolli1
|j|☆WomenPostingLs
|t:|1779682745
|gametype|singles
|player|p1|ethanolli1|169|1081
|player|p2|WomenPostingLs|lady-gen4|1041
|gen|9
|tier|[Gen 9] OU
|rated|
|rule|HP Percentage Mod: HP is shown in percentages
|rule|Endless Battle Clause: Forcing endless battles is banned
|rule|Species Clause: Limit one of each Pokémon
|rule|OHKO Clause: OHKO moves are banned
|rule|Evasion Items Clause: Evasion items are banned
|rule|Evasion Moves Clause: Evasion moves are banned
|rule|Evasion Abilities Clause: Evasion abilities are banned
|rule|Sleep Moves Clause: Sleep-inducing moves are banned
|clearpoke
|poke|p1|Okidogi, M|
|poke|p1|Wo-Chien|
|poke|p1|Landorus-Therian, M|
|poke|p1|Garganacl, F|
|poke|p1|Gholdengo|
|poke|p1|Latias, F|
|poke|p2|Garganacl, F|
|poke|p2|Zamazenta-*|
|poke|p2|Tinkaton, F|
|poke|p2|Tornadus-Therian, M|
|poke|p2|Zapdos|
|poke|p2|Iron Valiant|
|teampreview
|inactive|Battle timer is ON: inactive players will automatically lose when time's up. (requested by WomenPostingLs)
|
|t:|1779682754
|teamsize|p1|6
|teamsize|p2|6
|start
|switch|p1a: Okidogi|Okidogi, M|100/100
|switch|p2a: Zapdos|Zapdos|100/100
|turn|1
|
|t:|1779682773
|switch|p1a: Garganacl|Garganacl, F|100/100
|move|p2a: Zapdos|Hurricane|p1a: Garganacl
|-resisted|p1a: Garganacl
|-damage|p1a: Garganacl|76/100
|
|upkeep
|turn|2
|
|t:|1779682779
|move|p2a: Zapdos|Volt Switch|p1a: Garganacl
|-damage|p1a: Garganacl|44/100
|
|t:|1779682783
|switch|p2a: Tinkaton|Tinkaton, F|100/100|[from] Volt Switch
|-item|p2a: Tinkaton|Air Balloon
|move|p1a: Garganacl|Stealth Rock|p2a: Tinkaton
|-sidestart|p2: WomenPostingLs|move: Stealth Rock
|
|upkeep
|turn|3
|
|t:|1779682800
|switch|p1a: Landorus|Landorus-Therian, M|100/100
|-ability|p1a: Landorus|Intimidate|boost
|-unboost|p2a: Tinkaton|atk|1
|move|p2a: Tinkaton|Stealth Rock|p1a: Landorus
|-sidestart|p1: ethanolli1|move: Stealth Rock
|
|upkeep
|turn|4
|
|t:|1779682815
|switch|p2a: Tornadus|Tornadus-Therian, M|100/100
|-damage|p2a: Tornadus|76/100|[from] Stealth Rock
|move|p1a: Landorus|U-turn|p2a: Tornadus
|-resisted|p2a: Tornadus
|-damage|p2a: Tornadus|62/100
|
|t:|1779682825
|switch|p1a: Garganacl|Garganacl, F|44/100|[from] U-turn
|-damage|p1a: Garganacl|31/100|[from] Stealth Rock
|
|upkeep
|turn|5
|
|t:|1779682832
|move|p2a: Tornadus|Knock Off|p1a: Garganacl
|-damage|p1a: Garganacl|21/100
|-damage|p2a: Tornadus|45/100|[from] item: Rocky Helmet|[of] p1a: Garganacl
|-enditem|p1a: Garganacl|Rocky Helmet|[from] move: Knock Off|[of] p2a: Tornadus
|move|p1a: Garganacl|Recover|p1a: Garganacl
|-heal|p1a: Garganacl|71/100
|
|upkeep
|turn|6
|
|t:|1779682841
|move|p2a: Tornadus|U-turn|p1a: Garganacl
|-damage|p1a: Garganacl|63/100
|
|t:|1779682847
|switch|p2a: Iron Valiant|Iron Valiant|100/100|[from] U-turn
|-damage|p2a: Iron Valiant|94/100|[from] Stealth Rock
|-enditem|p2a: Iron Valiant|Booster Energy
|-activate|p2a: Iron Valiant|ability: Quark Drive|[fromitem]
|-start|p2a: Iron Valiant|quarkdrivespe
|move|p1a: Garganacl|Recover|p1a: Garganacl
|-heal|p1a: Garganacl|100/100
|
|upkeep
|turn|7
|
|t:|1779682857
|move|p2a: Iron Valiant|Encore|p1a: Garganacl
|-start|p1a: Garganacl|Encore
|move|p1a: Garganacl|Recover||[still]
|-fail|p1a: Garganacl|heal
|
|upkeep
|turn|8
|
|t:|1779682878
|switch|p1a: Gholdengo|Gholdengo|100/100
|-damage|p1a: Gholdengo|94/100|[from] Stealth Rock
|-item|p1a: Gholdengo|Air Balloon
|move|p2a: Iron Valiant|Calm Mind|p2a: Iron Valiant
|-boost|p2a: Iron Valiant|spa|1
|-boost|p2a: Iron Valiant|spd|1
|
|upkeep
|turn|9
|
|t:|1779682886
|move|p2a: Iron Valiant|Shadow Ball|p1a: Gholdengo
|-supereffective|p1a: Gholdengo
|-damage|p1a: Gholdengo|0 fnt
|-enditem|p1a: Gholdengo|Air Balloon
|faint|p1a: Gholdengo
|
|upkeep
|
|t:|1779682906
|switch|p1a: Garganacl|Garganacl, F|100/100
|-damage|p1a: Garganacl|88/100|[from] Stealth Rock
|turn|10
|
|t:|1779682912
|move|p2a: Iron Valiant|Moonblast|p1a: Garganacl
|-damage|p1a: Garganacl|27/100
|move|p1a: Garganacl|Salt Cure|p2a: Iron Valiant
|-resisted|p2a: Iron Valiant
|-damage|p2a: Iron Valiant|85/100
|-start|p2a: Iron Valiant|Salt Cure
|
|-damage|p2a: Iron Valiant|72/100|[from] Salt Cure
|upkeep
|turn|11
|
|t:|1779682920
|move|p1a: Garganacl|Protect|p1a: Garganacl
|-singleturn|p1a: Garganacl|Protect
|move|p2a: Iron Valiant|Moonblast|p1a: Garganacl
|-activate|p1a: Garganacl|move: Protect
|
|-damage|p2a: Iron Valiant|60/100|[from] Salt Cure
|upkeep
|turn|12
|
|t:|1779682930
|switch|p1a: Okidogi|Okidogi, M|100/100
|-damage|p1a: Okidogi|94/100|[from] Stealth Rock
|move|p2a: Iron Valiant|Moonblast|p1a: Okidogi
|-damage|p1a: Okidogi|21/100
|-unboost|p1a: Okidogi|spa|1
|
|-heal|p1a: Okidogi|27/100|[from] item: Leftovers
|-damage|p2a: Iron Valiant|48/100|[from] Salt Cure
|upkeep
|turn|13
|
|t:|1779682943
|move|p2a: Iron Valiant|Moonblast|p1a: Okidogi
|-damage|p1a: Okidogi|0 fnt
|faint|p1a: Okidogi
|
|-damage|p2a: Iron Valiant|35/100|[from] Salt Cure
|upkeep
|
|t:|1779682950
|switch|p1a: Garganacl|Garganacl, F|27/100
|-damage|p1a: Garganacl|15/100|[from] Stealth Rock
|turn|14
|
|t:|1779682954
|move|p1a: Garganacl|Protect|p1a: Garganacl
|-singleturn|p1a: Garganacl|Protect
|move|p2a: Iron Valiant|Calm Mind|p2a: Iron Valiant
|-boost|p2a: Iron Valiant|spa|1
|-boost|p2a: Iron Valiant|spd|1
|
|-damage|p2a: Iron Valiant|23/100|[from] Salt Cure
|upkeep
|turn|15
|
|t:|1779682962
|move|p2a: Iron Valiant|Moonblast|p1a: Garganacl
|-damage|p1a: Garganacl|0 fnt
|faint|p1a: Garganacl
|
|-damage|p2a: Iron Valiant|10/100|[from] Salt Cure
|upkeep
|
|t:|1779682972
|switch|p1a: Wo-Chien|Wo-Chien|100/100
|-damage|p1a: Wo-Chien|88/100|[from] Stealth Rock
|-ability|p1a: Wo-Chien|Tablets of Ruin
|turn|16
|
|t:|1779682976
|move|p1a: Wo-Chien|Protect|p1a: Wo-Chien
|-singleturn|p1a: Wo-Chien|Protect
|move|p2a: Iron Valiant|Moonblast|p1a: Wo-Chien
|-activate|p1a: Wo-Chien|move: Protect
|
|-heal|p1a: Wo-Chien|94/100|[from] item: Leftovers
|-damage|p2a: Iron Valiant|0 fnt|[from] Salt Cure
|faint|p2a: Iron Valiant
|-end|p2a: Iron Valiant|Quark Drive|[silent]
|upkeep
|
|t:|1779682984
|switch|p2a: Tornadus|Tornadus-Therian, M|78/100
|-damage|p2a: Tornadus|54/100|[from] Stealth Rock
|turn|17
|
|t:|1779682993
|move|p2a: Tornadus|Knock Off|p1a: Wo-Chien
|-resisted|p1a: Wo-Chien
|-damage|p1a: Wo-Chien|89/100
|-enditem|p1a: Wo-Chien|Leftovers|[from] move: Knock Off|[of] p2a: Tornadus
|move|p1a: Wo-Chien|Leech Seed|p2a: Tornadus
|-start|p2a: Tornadus|move: Leech Seed
|
|-damage|p2a: Tornadus|41/100|[from] Leech Seed|[of] p1a: Wo-Chien
|-heal|p1a: Wo-Chien|100/100|[silent]
|upkeep
|turn|18
|
|t:|1779683002
|move|p1a: Wo-Chien|Protect|p1a: Wo-Chien
|-singleturn|p1a: Wo-Chien|Protect
|move|p2a: Tornadus|U-turn|p1a: Wo-Chien
|-activate|p1a: Wo-Chien|move: Protect
|
|-damage|p2a: Tornadus|29/100|[from] Leech Seed|[of] p1a: Wo-Chien
|upkeep
|turn|19
|
|t:|1779683010
|move|p2a: Tornadus|U-turn|p1a: Wo-Chien
|-supereffective|p1a: Wo-Chien
|-damage|p1a: Wo-Chien|66/100
|
|t:|1779683020
|switch|p2a: Tinkaton|Tinkaton, F|100/100|[from] U-turn
|-damage|p2a: Tinkaton|94/100|[from] Stealth Rock
|-item|p2a: Tinkaton|Air Balloon
|move|p1a: Wo-Chien|Ruination|p2a: Tinkaton
|-damage|p2a: Tinkaton|48/100
|-enditem|p2a: Tinkaton|Air Balloon
|
|upkeep
|turn|20
|
|t:|1779683032
|move|p2a: Tinkaton|Encore|p1a: Wo-Chien
|-start|p1a: Wo-Chien|Encore
|move|p1a: Wo-Chien|Ruination|p2a: Tinkaton|[miss]
|-miss|p1a: Wo-Chien|p2a: Tinkaton
|
|upkeep
|turn|21
|
|t:|1779683039
|switch|p1a: Landorus|Landorus-Therian, M|100/100
|-damage|p1a: Landorus|88/100|[from] Stealth Rock
|-ability|p1a: Landorus|Intimidate|boost
|-unboost|p2a: Tinkaton|atk|1
|move|p2a: Tinkaton|Gigaton Hammer|p1a: Landorus
|-damage|p1a: Landorus|56/100
|
|upkeep
|turn|22
|inactive|ethanolli1 has 120 seconds left.
|
|t:|1779683074
|switch|p2a: Zapdos|Zapdos|100/100
|move|p1a: Landorus|U-turn|p2a: Zapdos
|-resisted|p2a: Zapdos
|-damage|p2a: Zapdos|85/100
|-status|p1a: Landorus|par|[from] ability: Static|[of] p2a: Zapdos
|inactive|ethanolli1 has 120 seconds left.
|
|t:|1779683087
|switch|p1a: Latias|Latias, F|100/100|[from] U-turn
|-damage|p1a: Latias|88/100|[from] Stealth Rock
|
|upkeep
|turn|23
|inactive|ethanolli1 has 120 seconds left.
|
|t:|1779683092
|move|p1a: Latias|Calm Mind|p1a: Latias
|-boost|p1a: Latias|spa|1
|-boost|p1a: Latias|spd|1
|move|p2a: Zapdos|Hurricane|p1a: Latias|[miss]
|-miss|p2a: Zapdos|p1a: Latias
|
|upkeep
|turn|24
|
|t:|1779683100
|move|p1a: Latias|Mist Ball|p2a: Zapdos
|-damage|p2a: Zapdos|0 fnt
|faint|p2a: Zapdos
|
|upkeep
|
|t:|1779683107
|switch|p2a: Zamazenta|Zamazenta|100/100
|-damage|p2a: Zamazenta|94/100|[from] Stealth Rock
|-ability|p2a: Zamazenta|Dauntless Shield|boost
|-boost|p2a: Zamazenta|def|1
|turn|25
|
|t:|1779683114
|-terastallize|p1a: Latias|Poison
|move|p2a: Zamazenta|Light Screen|p2a: Zamazenta
|-sidestart|p2: WomenPostingLs|move: Light Screen
|move|p1a: Latias|Mist Ball|p2a: Zamazenta
|-supereffective|p2a: Zamazenta
|-damage|p2a: Zamazenta|26/100
|
|upkeep
|turn|26
|
|t:|1779683120
|move|p2a: Zamazenta|Heavy Slam|p1a: Latias
|-damage|p1a: Latias|48/100
|move|p1a: Latias|Dragon Pulse|p2a: Zamazenta
|-damage|p2a: Zamazenta|0 fnt
|faint|p2a: Zamazenta
|
|upkeep
|
|t:|1779683133
|switch|p2a: Tinkaton|Tinkaton, F|48/100
|-damage|p2a: Tinkaton|41/100|[from] Stealth Rock
|turn|27
|
|t:|1779683137
|move|p1a: Latias|Recover|p1a: Latias
|-heal|p1a: Latias|99/100
|move|p2a: Tinkaton|Gigaton Hammer|p1a: Latias
|-damage|p1a: Latias|45/100
|
|upkeep
|turn|28
|
|t:|1779683145
|move|p1a: Latias|Recover|p1a: Latias
|-heal|p1a: Latias|96/100
|move|p2a: Tinkaton|Thunder Wave|p1a: Latias
|-status|p1a: Latias|par
|
|upkeep
|turn|29
|
|t:|1779683165
|move|p2a: Tinkaton|Encore|p1a: Latias
|-start|p1a: Latias|Encore
|move|p1a: Latias|Recover|p1a: Latias
|-heal|p1a: Latias|100/100 par
|
|upkeep
|turn|30
|
|t:|1779683171
|switch|p2a: Garganacl|Garganacl, F|100/100
|-damage|p2a: Garganacl|88/100|[from] Stealth Rock
|switch|p1a: Landorus|Landorus-Therian, M|56/100 par
|-damage|p1a: Landorus|44/100 par|[from] Stealth Rock
|-ability|p1a: Landorus|Intimidate|boost
|-unboost|p2a: Garganacl|atk|1
|
|-heal|p2a: Garganacl|94/100|[from] item: Leftovers
|upkeep
|turn|31
|
|t:|1779683188
|move|p1a: Landorus|Earthquake|p2a: Garganacl
|-supereffective|p2a: Garganacl
|-damage|p2a: Garganacl|11/100
|move|p2a: Garganacl|Curse|p2a: Garganacl
|-unboost|p2a: Garganacl|spe|1
|-boost|p2a: Garganacl|atk|1
|-boost|p2a: Garganacl|def|1
|
|-heal|p2a: Garganacl|17/100|[from] item: Leftovers
|upkeep
|turn|32
|
|t:|1779683202
|cant|p1a: Landorus|par
|move|p2a: Garganacl|Recover|p2a: Garganacl
|-heal|p2a: Garganacl|67/100
|
|-heal|p2a: Garganacl|74/100|[from] item: Leftovers
|-sideend|p2: WomenPostingLs|move: Light Screen
|upkeep
|turn|33
|
|t:|1779683208
|-terastallize|p2a: Garganacl|Water
|move|p1a: Landorus|Earthquake|p2a: Garganacl
|-damage|p2a: Garganacl|44/100
|move|p2a: Garganacl|Recover|p2a: Garganacl
|-heal|p2a: Garganacl|94/100
|
|-heal|p2a: Garganacl|100/100|[from] item: Leftovers
|upkeep
|turn|34
|
|t:|1779683218
|move|p1a: Landorus|U-turn|p2a: Garganacl
|-damage|p2a: Garganacl|89/100
|
|t:|1779683221
|switch|p1a: Wo-Chien|Wo-Chien|66/100|[from] U-turn
|-damage|p1a: Wo-Chien|54/100|[from] Stealth Rock
|-ability|p1a: Wo-Chien|Tablets of Ruin
|move|p2a: Garganacl|Salt Cure|p1a: Wo-Chien
|-damage|p1a: Wo-Chien|47/100
|-start|p1a: Wo-Chien|Salt Cure
|
|-heal|p2a: Garganacl|95/100|[from] item: Leftovers
|-damage|p1a: Wo-Chien|34/100|[from] Salt Cure
|upkeep
|turn|35
|
|t:|1779683232
|move|p1a: Wo-Chien|Leech Seed|p2a: Garganacl
|-start|p2a: Garganacl|move: Leech Seed
|move|p2a: Garganacl|Curse|p2a: Garganacl
|-unboost|p2a: Garganacl|spe|1
|-boost|p2a: Garganacl|atk|1
|-boost|p2a: Garganacl|def|1
|
|-heal|p2a: Garganacl|100/100|[from] item: Leftovers
|-damage|p2a: Garganacl|88/100|[from] Leech Seed|[of] p1a: Wo-Chien
|-heal|p1a: Wo-Chien|48/100|[silent]
|-damage|p1a: Wo-Chien|36/100|[from] Salt Cure
|upkeep
|turn|36
|
|t:|1779683244
|move|p1a: Wo-Chien|Foul Play|p2a: Garganacl
|-damage|p2a: Garganacl|72/100
|move|p2a: Garganacl|Salt Cure|p1a: Wo-Chien
|-damage|p1a: Wo-Chien|25/100
|
|-heal|p2a: Garganacl|78/100|[from] item: Leftovers
|-damage|p2a: Garganacl|65/100|[from] Leech Seed|[of] p1a: Wo-Chien
|-heal|p1a: Wo-Chien|38/100|[silent]
|-damage|p1a: Wo-Chien|26/100|[from] Salt Cure
|upkeep
|turn|37
|
|t:|1779683253
|move|p1a: Wo-Chien|Ruination|p2a: Garganacl
|-damage|p2a: Garganacl|33/100
|move|p2a: Garganacl|Recover|p2a: Garganacl
|-heal|p2a: Garganacl|83/100
|
|-heal|p2a: Garganacl|89/100|[from] item: Leftovers
|-damage|p2a: Garganacl|77/100|[from] Leech Seed|[of] p1a: Wo-Chien
|-heal|p1a: Wo-Chien|40/100|[silent]
|-damage|p1a: Wo-Chien|27/100|[from] Salt Cure
|upkeep
|turn|38
|
|t:|1779683264
|move|p1a: Wo-Chien|Ruination|p2a: Garganacl
|-damage|p2a: Garganacl|39/100
|move|p2a: Garganacl|Curse|p2a: Garganacl
|-unboost|p2a: Garganacl|spe|1
|-boost|p2a: Garganacl|atk|1
|-boost|p2a: Garganacl|def|1
|
|-heal|p2a: Garganacl|45/100|[from] item: Leftovers
|-damage|p2a: Garganacl|32/100|[from] Leech Seed|[of] p1a: Wo-Chien
|-heal|p1a: Wo-Chien|41/100|[silent]
|-damage|p1a: Wo-Chien|28/100|[from] Salt Cure
|upkeep
|turn|39
|
|t:|1779683275
|switch|p1a: Latias|Latias, F, tera:Poison|100/100 par
|-damage|p1a: Latias|88/100 par|[from] Stealth Rock
|move|p2a: Garganacl|Recover|p2a: Garganacl
|-heal|p2a: Garganacl|82/100
|
|-heal|p2a: Garganacl|89/100|[from] item: Leftovers
|-damage|p2a: Garganacl|76/100|[from] Leech Seed|[of] p1a: Latias
|-heal|p1a: Latias|100/100 par|[silent]
|upkeep
|turn|40
|inactive|ethanolli1 has 120 seconds left.
|
|t:|1779683305
|cant|p1a: Latias|par
|move|p2a: Garganacl|Salt Cure|p1a: Latias
|-damage|p1a: Latias|63/100 par
|-start|p1a: Latias|Salt Cure
|
|-heal|p2a: Garganacl|82/100|[from] item: Leftovers
|-damage|p2a: Garganacl|70/100|[from] Leech Seed|[of] p1a: Latias
|-heal|p1a: Latias|80/100 par|[silent]
|-damage|p1a: Latias|68/100 par|[from] Salt Cure
|upkeep
|turn|41
|
|t:|1779683314
|move|p1a: Latias|Mist Ball|p2a: Garganacl
|-damage|p2a: Garganacl|31/100
|-unboost|p2a: Garganacl|spa|1
|move|p2a: Garganacl|Recover|p2a: Garganacl
|-heal|p2a: Garganacl|81/100
|
|-heal|p2a: Garganacl|88/100|[from] item: Leftovers
|-damage|p2a: Garganacl|75/100|[from] Leech Seed|[of] p1a: Latias
|-heal|p1a: Latias|84/100 par|[silent]
|-damage|p1a: Latias|72/100 par|[from] Salt Cure
|upkeep
|turn|42
|
|t:|1779683327
|move|p1a: Latias|Calm Mind|p1a: Latias
|-boost|p1a: Latias|spa|1
|-boost|p1a: Latias|spd|1
|move|p2a: Garganacl|Recover|p2a: Garganacl
|-heal|p2a: Garganacl|100/100
|
|-damage|p2a: Garganacl|88/100|[from] Leech Seed|[of] p1a: Latias
|-heal|p1a: Latias|89/100 par|[silent]
|-damage|p1a: Latias|76/100 par|[from] Salt Cure
|upkeep
|turn|43
|
|t:|1779683339
|move|p1a: Latias|Mist Ball|p2a: Garganacl
|-damage|p2a: Garganacl|32/100
|move|p2a: Garganacl|Salt Cure|p1a: Latias
|-damage|p1a: Latias|43/100 par
|
|-heal|p2a: Garganacl|39/100|[from] item: Leftovers
|-damage|p2a: Garganacl|26/100|[from] Leech Seed|[of] p1a: Latias
|-heal|p1a: Latias|60/100 par|[silent]
|-damage|p1a: Latias|48/100 par|[from] Salt Cure
|upkeep
|turn|44
|
|t:|1779683350
|cant|p1a: Latias|par
|move|p2a: Garganacl|Salt Cure|p1a: Latias
|-damage|p1a: Latias|13/100 par
|
|-heal|p2a: Garganacl|32/100|[from] item: Leftovers
|-damage|p2a: Garganacl|20/100|[from] Leech Seed|[of] p1a: Latias
|-heal|p1a: Latias|30/100 par|[silent]
|-damage|p1a: Latias|18/100 par|[from] Salt Cure
|upkeep
|turn|45
|
|t:|1779683358
|cant|p1a: Latias|par
|move|p2a: Garganacl|Recover|p2a: Garganacl
|-heal|p2a: Garganacl|70/100
|
|-heal|p2a: Garganacl|76/100|[from] item: Leftovers
|-damage|p2a: Garganacl|64/100|[from] Leech Seed|[of] p1a: Latias
|-heal|p1a: Latias|34/100 par|[silent]
|-damage|p1a: Latias|22/100 par|[from] Salt Cure
|upkeep
|turn|46
|
|t:|1779683367
|move|p1a: Latias|Recover|p1a: Latias
|-heal|p1a: Latias|72/100 par
|move|p2a: Garganacl|Salt Cure|p1a: Latias
|-damage|p1a: Latias|40/100 par
|
|-heal|p2a: Garganacl|70/100|[from] item: Leftovers
|-damage|p2a: Garganacl|58/100|[from] Leech Seed|[of] p1a: Latias
|-heal|p1a: Latias|57/100 par|[silent]
|-damage|p1a: Latias|44/100 par|[from] Salt Cure
|upkeep
|turn|47
|
|t:|1779683385
|move|p1a: Latias|Mist Ball|p2a: Garganacl
|-damage|p2a: Garganacl|2/100
|move|p2a: Garganacl|Recover|p2a: Garganacl
|-heal|p2a: Garganacl|52/100
|
|-heal|p2a: Garganacl|58/100|[from] item: Leftovers
|-damage|p2a: Garganacl|46/100|[from] Leech Seed|[of] p1a: Latias
|-heal|p1a: Latias|61/100 par|[silent]
|-damage|p1a: Latias|49/100 par|[from] Salt Cure
|upkeep
|turn|48
|
|t:|1779683395
|move|p1a: Latias|Mist Ball|p2a: Garganacl
|-damage|p2a: Garganacl|0 fnt
|faint|p2a: Garganacl
|
|-damage|p1a: Latias|36/100 par|[from] Salt Cure
|upkeep
|
|t:|1779683402
|switch|p2a: Tinkaton|Tinkaton, F|41/100
|-damage|p2a: Tinkaton|35/100|[from] Stealth Rock
|turn|49
|
|t:|1779683406
|move|p2a: Tinkaton|Gigaton Hammer|p1a: Latias
|-damage|p1a: Latias|0 fnt
|faint|p1a: Latias
|
|upkeep
|
|t:|1779683411
|switch|p1a: Wo-Chien|Wo-Chien|28/100
|-damage|p1a: Wo-Chien|16/100|[from] Stealth Rock
|-ability|p1a: Wo-Chien|Tablets of Ruin
|turn|50
|
|t:|1779683416
|move|p2a: Tinkaton|Thunder Wave|p1a: Wo-Chien
|-status|p1a: Wo-Chien|par
|move|p1a: Wo-Chien|Leech Seed|p2a: Tinkaton
|-start|p2a: Tinkaton|move: Leech Seed
|
|-damage|p2a: Tinkaton|23/100|[from] Leech Seed|[of] p1a: Wo-Chien
|-heal|p1a: Wo-Chien|28/100 par|[silent]
|upkeep
|turn|51
|
|t:|1779683423
|cant|p1a: Wo-Chien|par
|move|p2a: Tinkaton|Gigaton Hammer|p1a: Wo-Chien
|-damage|p1a: Wo-Chien|7/100 par
|
|-damage|p2a: Tinkaton|11/100|[from] Leech Seed|[of] p1a: Wo-Chien
|-heal|p1a: Wo-Chien|19/100 par|[silent]
|upkeep
|turn|52
|
|t:|1779683432
|switch|p2a: Tornadus|Tornadus-Therian, M|62/100
|-damage|p2a: Tornadus|37/100|[from] Stealth Rock
|move|p1a: Wo-Chien|Protect||[still]
|-fail|p1a: Wo-Chien
|
|upkeep
|turn|53
|
|t:|1779683440
|move|p2a: Tornadus|U-turn|p1a: Wo-Chien
|-supereffective|p1a: Wo-Chien
|-damage|p1a: Wo-Chien|0 fnt
|faint|p1a: Wo-Chien
|
|t:|1779683442
|switch|p2a: Tinkaton|Tinkaton, F|11/100|[from] U-turn
|-damage|p2a: Tinkaton|5/100|[from] Stealth Rock
|
|upkeep
|
|t:|1779683447
|switch|p1a: Landorus|Landorus-Therian, M|44/100 par
|-damage|p1a: Landorus|32/100 par|[from] Stealth Rock
|-ability|p1a: Landorus|Intimidate|boost
|-unboost|p2a: Tinkaton|atk|1
|turn|54
|
|t:|1779683452
|move|p2a: Tinkaton|Gigaton Hammer|p1a: Landorus
|-damage|p1a: Landorus|0 fnt
|faint|p1a: Landorus
|
|win|WomenPostingLs
|raw|ethanolli1's rating: 1081 &rarr; <strong>1056</strong><br />(-25 for losing)
|raw|WomenPostingLs's rating: 1041 &rarr; <strong>1079</strong><br />(+38 for winning)
|l|☆ethanolli1
|player|p1|
