|j|☆Gone2Heaven
|j|☆Trans Marill
|t:|1779687235
|gametype|singles
|player|p1|Gone2Heaven|1|1310
|player|p2|Trans Marill|170|1307
|gen|9
|tier|[Gen 9] OU
|rated|
|rule|HP Percentage Mod: HP is shown in percentages
|rule|Endless Battle Clause: Forcing endless battles is banned
|rule|Species Clause: Limit one of each Pokémon
|rule|OHKO Clause: OHKO moves are banned
|rule|Evasion Items Clause: Evasion items are banned
|rule|Evasion Moves Clause: Evasion moves are banned
|rule|Evasion Abilities Clause: Evasion abilities are banned
|rule|Sleep Moves Clause: Sleep-inducing moves are banned
|clearpoke
|poke|p1|Dragonite, M|
|poke|p1|Great Tusk|
|poke|p1|Deoxys-Speed|
|poke|p1|Gholdengo|
|poke|p1|Zamazenta-*|
|poke|p1|Iron Valiant|
|poke|p2|Goodra, M|
|poke|p2|Corviknight, F|
|poke|p2|Espeon, M|
|poke|p2|Moltres|
|poke|p2|Clodsire, M|
|poke|p2|Snorlax, M|
|teampreview
|inactive|Battle timer is ON: inactive players will automatically lose when time's up. (requested by Gone2Heaven)
|
|t:|1779687243
|teamsize|p1|6
|teamsize|p2|6
|start
|switch|p1a: Deoxys|Deoxys-Speed|100/100
|switch|p2a: Espeon|Espeon, M|100/100
|-ability|p1a: Deoxys|Pressure
|turn|1
|
|t:|1779687251
|move|p1a: Deoxys|Skill Swap|p2a: Espeon
|-activate|p1a: Deoxys|Skill Swap|Magic Bounce|Pressure|[of] p2a: Espeon
|-ability|p2a: Espeon|Pressure
|move|p2a: Espeon|Alluring Voice|p1a: Deoxys
|-damage|p1a: Deoxys|63/100
|
|upkeep
|turn|2
|
|t:|1779687260
|move|p1a: Deoxys|Stealth Rock|p2a: Espeon
|-sidestart|p2: Trans Marill|move: Stealth Rock
|move|p2a: Espeon|Alluring Voice|p1a: Deoxys
|-crit|p1a: Deoxys
|-damage|p1a: Deoxys|9/100
|
|upkeep
|turn|3
|
|t:|1779687271
|move|p1a: Deoxys|Spikes|p2a: Espeon
|-sidestart|p2: Trans Marill|Spikes
|move|p2a: Espeon|Alluring Voice|p1a: Deoxys
|-damage|p1a: Deoxys|0 fnt
|faint|p1a: Deoxys
|
|upkeep
|
|t:|1779687281
|switch|p1a: Gholdengo|Gholdengo|100/100
|turn|4
|
|t:|1779687289
|move|p2a: Espeon|Light Screen|p2a: Espeon
|-sidestart|p2: Trans Marill|move: Light Screen
|move|p1a: Gholdengo|Shadow Ball|p2a: Espeon
|-supereffective|p2a: Espeon
|-damage|p2a: Espeon|50/100
|
|upkeep
|turn|5
|
|t:|1779687297
|switch|p2a: Corviknight|Corviknight, F|100/100
|-damage|p2a: Corviknight|88/100|[from] Stealth Rock
|move|p1a: Gholdengo|Shadow Ball|p2a: Corviknight
|-damage|p2a: Corviknight|74/100
|
|upkeep
|turn|6
|
|t:|1779687308
|move|p1a: Gholdengo|Nasty Plot|p1a: Gholdengo
|-boost|p1a: Gholdengo|spa|2
|move|p2a: Corviknight|Agility|p2a: Corviknight
|-boost|p2a: Corviknight|spe|2
|
|upkeep
|turn|7
|
|t:|1779687315
|move|p2a: Corviknight|Iron Defense|p2a: Corviknight
|-boost|p2a: Corviknight|def|2
|move|p1a: Gholdengo|Shadow Ball|p2a: Corviknight
|-damage|p2a: Corviknight|46/100
|
|upkeep
|turn|8
|
|t:|1779687324
|move|p2a: Corviknight|Roost|p2a: Corviknight
|-heal|p2a: Corviknight|96/100
|-singleturn|p2a: Corviknight|move: Roost
|move|p1a: Gholdengo|Shadow Ball|p2a: Corviknight
|-damage|p2a: Corviknight|68/100
|
|upkeep
|turn|9
|
|t:|1779687332
|move|p2a: Corviknight|Agility|p2a: Corviknight
|-boost|p2a: Corviknight|spe|2
|move|p1a: Gholdengo|Shadow Ball|p2a: Corviknight
|-damage|p2a: Corviknight|41/100
|
|upkeep
|turn|10
|
|t:|1779687340
|move|p2a: Corviknight|Roost|p2a: Corviknight
|-heal|p2a: Corviknight|91/100
|-singleturn|p2a: Corviknight|move: Roost
|move|p1a: Gholdengo|Shadow Ball|p2a: Corviknight
|-damage|p2a: Corviknight|62/100
|
|upkeep
|turn|11
|
|t:|1779687348
|move|p2a: Corviknight|Power Trip|p1a: Gholdengo
|-supereffective|p1a: Gholdengo
|-damage|p1a: Gholdengo|55/100
|move|p1a: Gholdengo|Shadow Ball|p2a: Corviknight
|-damage|p2a: Corviknight|33/100
|
|-sideend|p2: Trans Marill|move: Light Screen
|upkeep
|turn|12
|
|t:|1779687354
|-terastallize|p2a: Corviknight|Dark
|move|p2a: Corviknight|Power Trip|p1a: Gholdengo
|-supereffective|p1a: Gholdengo
|-damage|p1a: Gholdengo|0 fnt
|faint|p1a: Gholdengo
|
|upkeep
|
|t:|1779687364
|switch|p1a: Iron Valiant|Iron Valiant|100/100
|-enditem|p1a: Iron Valiant|Booster Energy
|-activate|p1a: Iron Valiant|ability: Quark Drive|[fromitem]
|-start|p1a: Iron Valiant|quarkdrivespe
|turn|13
|
|t:|1779687370
|move|p1a: Iron Valiant|Moonblast|p2a: Corviknight
|-supereffective|p2a: Corviknight
|-damage|p2a: Corviknight|0 fnt
|faint|p2a: Corviknight
|
|upkeep
|
|t:|1779687376
|switch|p2a: Goodra|Goodra, M|100/100
|-damage|p2a: Goodra|88/100|[from] Stealth Rock
|-damage|p2a: Goodra|76/100|[from] Spikes
|turn|14
|
|t:|1779687389
|-end|p1a: Iron Valiant|Quark Drive|[silent]
|switch|p1a: Dragonite|Dragonite, M|100/100
|move|p2a: Goodra|Rain Dance|p2a: Goodra
|-weather|RainDance
|
|-weather|RainDance|[upkeep]
|upkeep
|turn|15
|
|t:|1779687398
|move|p1a: Dragonite|Outrage|p2a: Goodra
|-supereffective|p2a: Goodra
|-damage|p2a: Goodra|0 fnt
|faint|p2a: Goodra
|-damage|p1a: Dragonite|91/100|[from] item: Life Orb
|
|-weather|RainDance|[upkeep]
|upkeep
|
|t:|1779687405
|switch|p2a: Espeon|Espeon, M|50/100
|-damage|p2a: Espeon|37/100|[from] Stealth Rock
|-damage|p2a: Espeon|25/100|[from] Spikes
|turn|16
|
|t:|1779687415
|move|p2a: Espeon|Reflect|p2a: Espeon
|-sidestart|p2: Trans Marill|Reflect
|move|p1a: Dragonite|Outrage|p2a: Espeon|[from] lockedmove
|-damage|p2a: Espeon|0 fnt
|faint|p2a: Espeon
|-damage|p1a: Dragonite|81/100|[from] item: Life Orb
|
|-weather|RainDance|[upkeep]
|upkeep
|
|t:|1779687417
|switch|p2a: Snorlax|Snorlax, M|100/100
|-damage|p2a: Snorlax|88/100|[from] Stealth Rock
|-damage|p2a: Snorlax|76/100|[from] Spikes
|turn|17
|
|t:|1779687427
|move|p1a: Dragonite|Outrage|p2a: Snorlax|[from] lockedmove
|-damage|p2a: Snorlax|33/100
|-damage|p1a: Dragonite|71/100|[from] item: Life Orb
|-start|p1a: Dragonite|confusion|[fatigue]
|move|p2a: Snorlax|Curse|p2a: Snorlax
|-unboost|p2a: Snorlax|spe|1
|-boost|p2a: Snorlax|atk|1
|-boost|p2a: Snorlax|def|1
|
|-weather|RainDance|[upkeep]
|upkeep
|turn|18
|
|t:|1779687435
|-activate|p1a: Dragonite|confusion
|move|p1a: Dragonite|Outrage|p2a: Snorlax
|-damage|p2a: Snorlax|4/100
|-damage|p1a: Dragonite|61/100|[from] item: Life Orb
|move|p2a: Snorlax|Rest|p2a: Snorlax
|-status|p2a: Snorlax|slp|[from] move: Rest
|-heal|p2a: Snorlax|100/100 slp|[silent]
|
|-weather|RainDance|[upkeep]
|upkeep
|turn|19
|
|t:|1779687445
|-activate|p1a: Dragonite|confusion
|-damage|p1a: Dragonite|44/100|[from] confusion
|cant|p2a: Snorlax|slp
|
|-weather|RainDance|[upkeep]
|upkeep
|turn|20
|
|t:|1779687451
|switch|p1a: Zamazenta|Zamazenta|100/100
|-ability|p1a: Zamazenta|Dauntless Shield|boost
|-boost|p1a: Zamazenta|def|1
|cant|p2a: Snorlax|slp
|
|-weather|RainDance|[upkeep]
|upkeep
|turn|21
|
|t:|1779687463
|switch|p2a: Moltres|Moltres|100/100
|move|p1a: Zamazenta|Close Combat|p2a: Moltres
|-resisted|p2a: Moltres
|-damage|p2a: Moltres|81/100
|-unboost|p1a: Zamazenta|def|1
|-unboost|p1a: Zamazenta|spd|1
|-status|p1a: Zamazenta|brn|[from] ability: Flame Body|[of] p2a: Moltres
|-damage|p1a: Zamazenta|91/100 brn|[from] item: Life Orb
|
|-weather|none
|-damage|p1a: Zamazenta|84/100 brn|[from] brn
|upkeep
|turn|22
|
|t:|1779687474
|switch|p1a: Dragonite|Dragonite, M|44/100
|move|p2a: Moltres|Heat Wave|p1a: Dragonite
|-resisted|p1a: Dragonite
|-damage|p1a: Dragonite|18/100
|
|upkeep
|turn|23
|
|t:|1779687483
|move|p1a: Dragonite|Extreme Speed|p2a: Moltres
|-damage|p2a: Moltres|63/100
|-damage|p1a: Dragonite|8/100|[from] item: Life Orb
|move|p2a: Moltres|Heat Wave|p1a: Dragonite
|-resisted|p1a: Dragonite
|-damage|p1a: Dragonite|0 fnt
|faint|p1a: Dragonite
|
|-sideend|p2: Trans Marill|Reflect
|upkeep
|
|t:|1779687494
|switch|p1a: Zamazenta|Zamazenta|84/100 brn
|turn|24
|
|t:|1779687502
|move|p1a: Zamazenta|Close Combat|p2a: Moltres
|-resisted|p2a: Moltres
|-damage|p2a: Moltres|43/100
|-unboost|p1a: Zamazenta|def|1
|-unboost|p1a: Zamazenta|spd|1
|-damage|p1a: Zamazenta|75/100 brn|[from] item: Life Orb
|move|p2a: Moltres|Roost|p2a: Moltres
|-heal|p2a: Moltres|93/100
|-singleturn|p2a: Moltres|move: Roost
|
|-damage|p1a: Zamazenta|68/100 brn|[from] brn
|upkeep
|turn|25
|
|t:|1779687512
|move|p1a: Zamazenta|Crunch|p2a: Moltres
|-damage|p2a: Moltres|75/100
|-unboost|p2a: Moltres|def|1
|-damage|p1a: Zamazenta|59/100 brn|[from] item: Life Orb
|move|p2a: Moltres|Heat Wave|p1a: Zamazenta
|-damage|p1a: Zamazenta|0 fnt
|faint|p1a: Zamazenta
|
|upkeep
|
|t:|1779687521
|switch|p1a: Great Tusk|Great Tusk|100/100
|-enditem|p1a: Great Tusk|Booster Energy
|-activate|p1a: Great Tusk|ability: Protosynthesis|[fromitem]
|-start|p1a: Great Tusk|protosynthesisspe
|turn|26
|
|t:|1779687530
|switch|p2a: Snorlax|Snorlax, M|100/100 slp
|-damage|p2a: Snorlax|88/100 slp|[from] Stealth Rock
|-damage|p2a: Snorlax|76/100 slp|[from] Spikes
|move|p1a: Great Tusk|Taunt|p2a: Snorlax
|-start|p2a: Snorlax|move: Taunt
|
|upkeep
|turn|27
|
|t:|1779687539
|move|p1a: Great Tusk|Headlong Rush|p2a: Snorlax
|-damage|p2a: Snorlax|26/100 slp
|-unboost|p1a: Great Tusk|def|1
|-unboost|p1a: Great Tusk|spd|1
|-curestatus|p2a: Snorlax|slp|[msg]
|move|p2a: Snorlax|Earthquake|p1a: Great Tusk
|-damage|p1a: Great Tusk|76/100
|
|upkeep
|turn|28
|
|t:|1779687547
|move|p1a: Great Tusk|Headlong Rush|p2a: Snorlax
|-damage|p2a: Snorlax|0 fnt
|-unboost|p1a: Great Tusk|def|1
|-unboost|p1a: Great Tusk|spd|1
|faint|p2a: Snorlax
|
|upkeep
|
|t:|1779687550
|switch|p2a: Moltres|Moltres|75/100
|turn|29
|
|t:|1779687560
|-end|p1a: Great Tusk|Protosynthesis|[silent]
|switch|p1a: Iron Valiant|Iron Valiant|100/100
|move|p2a: Moltres|Heat Wave|p1a: Iron Valiant
|-damage|p1a: Iron Valiant|0 fnt
|faint|p1a: Iron Valiant
|-end|p1a: Iron Valiant|Quark Drive|[silent]
|
|upkeep
|
|t:|1779687567
|switch|p1a: Great Tusk|Great Tusk|76/100
|turn|30
|
|t:|1779687576
|move|p1a: Great Tusk|Taunt|p2a: Moltres
|-start|p2a: Moltres|move: Taunt
|cant|p2a: Moltres|move: Taunt|Will-O-Wisp
|
|upkeep
|turn|31
|
|t:|1779687584
|move|p1a: Great Tusk|Taunt||[still]
|-fail|p1a: Great Tusk
|move|p2a: Moltres|Heat Wave|p1a: Great Tusk|[miss]
|-miss|p2a: Moltres|p1a: Great Tusk
|
|upkeep
|turn|32
|
|t:|1779687593
|move|p1a: Great Tusk|Taunt||[still]
|-fail|p1a: Great Tusk
|move|p2a: Moltres|Heat Wave|p1a: Great Tusk
|-damage|p1a: Great Tusk|4/100
|
|-end|p2a: Moltres|move: Taunt
|upkeep
|turn|33
|
|t:|1779687603
|move|p1a: Great Tusk|Taunt|p2a: Moltres
|-start|p2a: Moltres|move: Taunt
|move|p2a: Moltres|Scorching Sands|p1a: Great Tusk
|-damage|p1a: Great Tusk|0 fnt
|faint|p1a: Great Tusk
|-end|p1a: Great Tusk|Protosynthesis|[silent]
|
|win|Trans Marill
|raw|Gone2Heaven's rating: 1310 &rarr; <strong>1290</strong><br />(-20 for losing)
|raw|Trans Marill's rating: 1307 &rarr; <strong>1327</strong><br />(+20 for winning)
|l|☆Trans Marill
|player|p2|
|l|☆Gone2Heaven
|player|p1|
