|j|☆Justgo2sleep
|j|☆RobustLoki
|t:|1779647379
|gametype|singles
|player|p1|Justgo2sleep|cheren-gen5bw2|1530
|player|p2|RobustLoki|lance|1578
|gen|9
|tier|[Gen 9] OU
|rated|
|rule|HP Percentage Mod: HP is shown in percentages
|rule|Endless Battle Clause: Forcing endless battles is banned
|rule|Species Clause: Limit one of each Pokémon
|rule|OHKO Clause: OHKO moves are banned
|rule|Evasion Items Clause: Evasion items are banned
|rule|Evasion Moves Clause: Evasion moves are banned
|rule|Evasion Abilities Clause: Evasion abilities are banned
|rule|Sleep Moves Clause: Sleep-inducing moves are banned
|clearpoke
|poke|p1|Whimsicott, M|
|poke|p1|Garganacl, F|
|poke|p1|Alomomola, M|
|poke|p1|Gliscor, M|
|poke|p1|Glimmora, F|
|poke|p1|Iron Valiant|
|poke|p2|Ninetales-Alola, M|
|poke|p2|Ceruledge, F|
|poke|p2|Gliscor, F|
|poke|p2|Hatterene, F|
|poke|p2|Farigiraf, M|
|poke|p2|Ditto|
|teampreview
|inactive|Battle timer is ON: inactive players will automatically lose when time's up. (requested by RobustLoki)
|
|t:|1779647434
|teamsize|p1|6
|teamsize|p2|6
|start
|switch|p1a: Glimmora|Glimmora, F|100/100
|switch|p2a: Ditto|Ditto|100/100
|-transform|p2a: Ditto|p1a: Glimmora|[from] ability: Imposter
|turn|1
|j| FaronAan
|
|t:|1779647452
|move|p2a: Ditto|Power Gem|p1a: Glimmora
|-damage|p1a: Glimmora|56/100
|move|p1a: Glimmora|Stealth Rock|p2a: Ditto
|-sidestart|p2: RobustLoki|move: Stealth Rock
|
|upkeep
|turn|2
|
|t:|1779647462
|move|p2a: Ditto|Power Gem|p1a: Glimmora
|-damage|p1a: Glimmora|13/100
|move|p1a: Glimmora|Power Gem|p2a: Ditto
|-damage|p2a: Ditto|46/100
|
|upkeep
|turn|3
|j| hattybatty304
|
|t:|1779647471
|switch|p1a: Garganacl|Garganacl, F|100/100
|move|p2a: Ditto|Mortal Spin|p1a: Garganacl
|-resisted|p1a: Garganacl
|-damage|p1a: Garganacl|99/100
|-sideend|p2: RobustLoki|Stealth Rock|[from] move: Mortal Spin|[of] p2a: Ditto
|
|-heal|p1a: Garganacl|100/100|[from] item: Leftovers
|upkeep
|turn|4
|
|t:|1779647487
|switch|p2a: Gliscor|Gliscor, F|100/100
|move|p1a: Garganacl|Iron Defense|p1a: Garganacl
|-boost|p1a: Garganacl|def|2
|
|-status|p2a: Gliscor|tox|[from] item: Toxic Orb
|upkeep
|turn|5
|
|t:|1779647510
|switch|p2a: Ninetales|Ninetales-Alola, M|100/100
|-weather|Snowscape|[from] ability: Snow Warning|[of] p2a: Ninetales
|move|p1a: Garganacl|Salt Cure|p2a: Ninetales
|-supereffective|p2a: Ninetales
|-damage|p2a: Ninetales|76/100
|-start|p2a: Ninetales|Salt Cure
|
|-weather|Snowscape|[upkeep]
|-damage|p2a: Ninetales|64/100|[from] Salt Cure
|upkeep
|turn|6
|
|t:|1779647515
|move|p2a: Ninetales|Aurora Veil|p2a: Ninetales
|-sidestart|p2: RobustLoki|move: Aurora Veil
|move|p1a: Garganacl|Iron Defense|p1a: Garganacl
|-boost|p1a: Garganacl|def|2
|
|-weather|Snowscape|[upkeep]
|-damage|p2a: Ninetales|51/100|[from] Salt Cure
|upkeep
|turn|7
|
|t:|1779647527
|switch|p2a: Ditto|Ditto|46/100
|-transform|p2a: Ditto|p1a: Garganacl|[from] ability: Imposter
|move|p1a: Garganacl|Salt Cure|p2a: Ditto
|-damage|p2a: Ditto|44/100
|-start|p2a: Ditto|Salt Cure
|
|-weather|Snowscape|[upkeep]
|-damage|p2a: Ditto|32/100|[from] Salt Cure
|upkeep
|turn|8
|
|t:|1779647537
|move|p2a: Ditto|Recover|p2a: Ditto
|-heal|p2a: Ditto|82/100
|move|p1a: Garganacl|Body Press|p2a: Ditto
|-supereffective|p2a: Ditto
|-damage|p2a: Ditto|59/100
|
|-weather|Snowscape|[upkeep]
|-damage|p2a: Ditto|47/100|[from] Salt Cure
|upkeep
|turn|9
|
|t:|1779647545
|move|p1a: Garganacl|Body Press|p2a: Ditto
|-supereffective|p2a: Ditto
|-damage|p2a: Ditto|27/100
|move|p2a: Ditto|Recover|p2a: Ditto
|-heal|p2a: Ditto|77/100
|
|-weather|none
|-damage|p2a: Ditto|64/100|[from] Salt Cure
|upkeep
|turn|10
|
|t:|1779647552
|move|p1a: Garganacl|Body Press|p2a: Ditto
|-supereffective|p2a: Ditto
|-damage|p2a: Ditto|44/100
|move|p2a: Ditto|Recover|p2a: Ditto
|-heal|p2a: Ditto|94/100
|
|-damage|p2a: Ditto|82/100|[from] Salt Cure
|upkeep
|turn|11
|
|t:|1779647559
|move|p2a: Ditto|Salt Cure|p1a: Garganacl
|-damage|p1a: Garganacl|98/100
|-start|p1a: Garganacl|Salt Cure
|move|p1a: Garganacl|Iron Defense|p1a: Garganacl
|-boost|p1a: Garganacl|def|2
|-enditem|p2a: Ditto|Mirror Herb
|-boost|p2a: Ditto|def|2|[from] item: Mirror Herb
|
|-heal|p1a: Garganacl|100/100|[from] item: Leftovers
|-damage|p1a: Garganacl|88/100|[from] Salt Cure
|-damage|p2a: Ditto|70/100|[from] Salt Cure
|upkeep
|turn|12
|
|t:|1779647563
|move|p1a: Garganacl|Body Press|p2a: Ditto
|-supereffective|p2a: Ditto
|-damage|p2a: Ditto|48/100
|move|p2a: Ditto|Iron Defense|p2a: Ditto
|-boost|p2a: Ditto|def|0
|
|-heal|p1a: Garganacl|94/100|[from] item: Leftovers
|-damage|p2a: Ditto|35/100|[from] Salt Cure
|-damage|p1a: Garganacl|82/100|[from] Salt Cure
|upkeep
|turn|13
|
|t:|1779647569
|move|p2a: Ditto|Recover|p2a: Ditto
|-heal|p2a: Ditto|85/100
|move|p1a: Garganacl|Body Press|p2a: Ditto
|-supereffective|p2a: Ditto
|-damage|p2a: Ditto|63/100
|
|-heal|p1a: Garganacl|88/100|[from] item: Leftovers
|-damage|p1a: Garganacl|76/100|[from] Salt Cure
|-damage|p2a: Ditto|51/100|[from] Salt Cure
|-sideend|p2: RobustLoki|move: Aurora Veil
|upkeep
|turn|14
|
|t:|1779647574
|move|p1a: Garganacl|Body Press|p2a: Ditto
|-supereffective|p2a: Ditto
|-damage|p2a: Ditto|11/100
|move|p2a: Ditto|Body Press|p1a: Garganacl
|-supereffective|p1a: Garganacl
|-damage|p1a: Garganacl|47/100
|
|-heal|p1a: Garganacl|53/100|[from] item: Leftovers
|-damage|p2a: Ditto|0 fnt|[from] Salt Cure
|faint|p2a: Ditto
|-damage|p1a: Garganacl|41/100|[from] Salt Cure
|upkeep
|
|t:|1779647578
|switch|p2a: Ninetales|Ninetales-Alola, M|51/100
|-weather|Snowscape|[from] ability: Snow Warning|[of] p2a: Ninetales
|turn|15
|inactive|Justgo2sleep has 120 seconds left.
|
|t:|1779647615
|move|p2a: Ninetales|Aurora Veil|p2a: Ninetales
|-sidestart|p2: RobustLoki|move: Aurora Veil
|move|p1a: Garganacl|Recover|p1a: Garganacl
|-heal|p1a: Garganacl|91/100
|
|-weather|Snowscape|[upkeep]
|-heal|p1a: Garganacl|97/100|[from] item: Leftovers
|-damage|p1a: Garganacl|85/100|[from] Salt Cure
|upkeep
|turn|16
|inactive|Justgo2sleep has 120 seconds left.
|
|t:|1779647620
|move|p2a: Ninetales|Encore|p1a: Garganacl
|-start|p1a: Garganacl|Encore
|move|p1a: Garganacl|Recover|p1a: Garganacl
|-heal|p1a: Garganacl|100/100
|
|-weather|Snowscape|[upkeep]
|-damage|p1a: Garganacl|88/100|[from] Salt Cure
|upkeep
|turn|17
|
|t:|1779647629
|switch|p2a: Idle Death Gamble|Farigiraf, M|100/100
|switch|p1a: Alomomola|Alomomola, M|100/100
|
|-weather|Snowscape|[upkeep]
|upkeep
|turn|18
|
|t:|1779647638
|move|p2a: Idle Death Gamble|Agility|p2a: Idle Death Gamble
|-boost|p2a: Idle Death Gamble|spe|2
|move|p1a: Alomomola|Wish|p1a: Alomomola
|
|-weather|Snowscape|[upkeep]
|upkeep
|turn|19
|
|t:|1779647661
|move|p2a: Idle Death Gamble|Agility|p2a: Idle Death Gamble
|-boost|p2a: Idle Death Gamble|spe|2
|move|p1a: Alomomola|Flip Turn|p2a: Idle Death Gamble
|-damage|p2a: Idle Death Gamble|92/100
|
|t:|1779647684
|switch|p1a: Glimmora|Glimmora, F|13/100|[from] Flip Turn
|
|-weather|none
|-heal|p1a: Glimmora|85/100|[from] move: Wish|[wisher] Alomomola
|upkeep
|turn|20
|
|t:|1779647694
|move|p2a: Idle Death Gamble|Stored Power|p1a: Glimmora
|-supereffective|p1a: Glimmora
|-damage|p1a: Glimmora|0 fnt
|faint|p1a: Glimmora
|
|upkeep
|
|t:|1779647700
|switch|p1a: Garganacl|Garganacl, F|88/100
|turn|21
|
|t:|1779647715
|-terastallize|p2a: Idle Death Gamble|Ground
|move|p2a: Idle Death Gamble|Nasty Plot|p2a: Idle Death Gamble
|-boost|p2a: Idle Death Gamble|spa|2
|move|p1a: Garganacl|Salt Cure|p2a: Idle Death Gamble
|-resisted|p2a: Idle Death Gamble
|-damage|p2a: Idle Death Gamble|88/100
|-start|p2a: Idle Death Gamble|Salt Cure
|
|-heal|p1a: Garganacl|94/100|[from] item: Leftovers
|-damage|p2a: Idle Death Gamble|76/100|[from] Salt Cure
|upkeep
|turn|22
|j| brother iggins
|
|t:|1779647741
|switch|p1a: Whimsicott|Whimsicott, M|100/100
|move|p2a: Idle Death Gamble|Nasty Plot|p2a: Idle Death Gamble
|-boost|p2a: Idle Death Gamble|spa|2
|
|-damage|p2a: Idle Death Gamble|63/100|[from] Salt Cure
|-sideend|p2: RobustLoki|move: Aurora Veil
|upkeep
|turn|23
|
|t:|1779647749
|move|p1a: Whimsicott|Stun Spore||[still]
|cant|p2a: Idle Death Gamble|ability: Armor Tail|Stun Spore|[of] p1a: Whimsicott
|move|p2a: Idle Death Gamble|Stored Power|p1a: Whimsicott
|-damage|p1a: Whimsicott|0 fnt
|faint|p1a: Whimsicott
|
|-damage|p2a: Idle Death Gamble|51/100|[from] Salt Cure
|upkeep
|
|t:|1779647759
|switch|p1a: Gliscor|Gliscor, M|100/100
|turn|24
|
|t:|1779647769
|switch|p1a: Alomomola|Alomomola, M|100/100
|move|p2a: Idle Death Gamble|Stored Power|p1a: Alomomola
|-damage|p1a: Alomomola|0 fnt
|faint|p1a: Alomomola
|
|-damage|p2a: Idle Death Gamble|39/100|[from] Salt Cure
|upkeep
|
|t:|1779647789
|switch|p1a: Iron Valiant|Iron Valiant|100/100
|turn|25
|
|t:|1779647801
|move|p1a: Iron Valiant|Vacuum Wave||[still]
|cant|p2a: Idle Death Gamble|ability: Armor Tail|Vacuum Wave|[of] p1a: Iron Valiant
|move|p2a: Idle Death Gamble|Stored Power|p1a: Iron Valiant
|-supereffective|p1a: Iron Valiant
|-damage|p1a: Iron Valiant|0 fnt
|faint|p1a: Iron Valiant
|-end|p1a: Iron Valiant|Quark Drive|[silent]
|
|-damage|p2a: Idle Death Gamble|26/100|[from] Salt Cure
|upkeep
|c|☆RobustLoki|gg
|inactive|Justgo2sleep has 120 seconds left.
|inactive|Justgo2sleep has 90 seconds left.
|-message|Justgo2sleep forfeited.
|
|win|RobustLoki
|raw|Justgo2sleep's rating: 1530 &rarr; <strong>1514</strong><br />(-16 for losing)
|raw|RobustLoki's rating: 1594 &rarr; <strong>1610</strong><br />(+16 for winning)
|l|☆Justgo2sleep
|player|p1|
|l| hattybatty304
|l|☆RobustLoki
|player|p2|
|l| brother iggins
|l| FaronAan
