|j|☆Soava
|j|☆therpyderpy87
|t:|1779697775
|gametype|singles
|player|p1|Soava|hilbert-wonderlauncher|1142
|player|p2|therpyderpy87|169|1101
|gen|9
|tier|[Gen 9] OU
|rated|
|rule|HP Percentage Mod: HP is shown in percentages
|rule|Endless Battle Clause: Forcing endless battles is banned
|rule|Species Clause: Limit one of each Pokémon
|rule|OHKO Clause: OHKO moves are banned
|rule|Evasion Items Clause: Evasion items are banned
|rule|Evasion Moves Clause: Evasion moves are banned
|rule|Evasion Abilities Clause: Evasion abilities are banned
|rule|Sleep Moves Clause: Sleep-inducing moves are banned
|clearpoke
|poke|p1|Iron Valiant|
|poke|p1|Dragapult, F|
|poke|p1|Meowscarada, F|
|poke|p1|Cinderace, M|
|poke|p1|Glimmora, M|
|poke|p1|Rillaboom, M|
|poke|p2|Basculegion-F, F|
|poke|p2|Goodra-Hisui, M|
|poke|p2|Ceruledge, F|
|poke|p2|Chansey, F|
|poke|p2|Galvantula, F|
|poke|p2|Rillaboom, M|
|teampreview
|inactive|Battle timer is ON: inactive players will automatically lose when time's up. (requested by Soava)
|
|t:|1779697787
|teamsize|p1|6
|teamsize|p2|6
|start
|switch|p1a: Glimmora|Glimmora, M, shiny|100/100
|switch|p2a: Goodra|Goodra-Hisui, M|100/100
|turn|1
|
|t:|1779697811
|switch|p2a: Basculegion|Basculegion-F, F|100/100
|-terastallize|p1a: Glimmora|Ground
|move|p1a: Glimmora|Earth Power|p2a: Basculegion
|-damage|p2a: Basculegion|53/100
|
|upkeep
|turn|2
|
|t:|1779697820
|switch|p1a: Rillaboom|Rillaboom, M, shiny|100/100
|-fieldstart|move: Grassy Terrain|[from] ability: Grassy Surge|[of] p1a: Rillaboom
|move|p2a: Basculegion|Hydro Pump|p1a: Rillaboom
|-resisted|p1a: Rillaboom
|-damage|p1a: Rillaboom|69/100
|
|-heal|p1a: Rillaboom|76/100|[from] Grassy Terrain
|-heal|p2a: Basculegion|59/100|[from] Grassy Terrain
|upkeep
|turn|3
|
|t:|1779697833
|switch|p2a: Ceruledge|Ceruledge, F|100/100
|move|p1a: Rillaboom|U-turn|p2a: Ceruledge
|-resisted|p2a: Ceruledge
|-damage|p2a: Ceruledge|93/100
|-ability|p2a: Ceruledge|Weak Armor|boost
|-unboost|p2a: Ceruledge|def|1
|-boost|p2a: Ceruledge|spe|2
|
|t:|1779697842
|switch|p1a: Meowscarada|Meowscarada, F|100/100|[from] U-turn
|
|-heal|p2a: Ceruledge|99/100|[from] Grassy Terrain
|upkeep
|turn|4
|
|t:|1779697855
|-terastallize|p2a: Ceruledge|Flying
|move|p1a: Meowscarada|Sucker Punch||[still]
|-fail|p1a: Meowscarada
|move|p2a: Ceruledge|Bulk Up|p2a: Ceruledge
|-boost|p2a: Ceruledge|atk|1
|-boost|p2a: Ceruledge|def|1
|
|upkeep
|turn|5
|
|t:|1779697865
|switch|p1a: Glimmora|Glimmora, M, shiny, tera:Ground|100/100
|move|p2a: Ceruledge|Bulk Up|p2a: Ceruledge
|-boost|p2a: Ceruledge|atk|1
|-boost|p2a: Ceruledge|def|1
|
|upkeep
|turn|6
|
|t:|1779697872
|move|p2a: Ceruledge|Close Combat|p1a: Glimmora
|-enditem|p1a: Glimmora|Focus Sash
|-damage|p1a: Glimmora|1/100
|-unboost|p2a: Ceruledge|def|1
|-unboost|p2a: Ceruledge|spd|1
|-activate|p1a: Glimmora|ability: Toxic Debris
|-sidestart|p2: therpyderpy87|move: Toxic Spikes
|-damage|p2a: Ceruledge|90/100|[from] item: Life Orb
|move|p1a: Glimmora|Power Gem|p2a: Ceruledge
|-supereffective|p2a: Ceruledge
|-damage|p2a: Ceruledge|0 fnt
|faint|p2a: Ceruledge
|
|-heal|p1a: Glimmora|7/100|[from] Grassy Terrain
|upkeep
|
|t:|1779697891
|switch|p2a: Rillaboom|Rillaboom, M|100/100
|turn|7
|
|t:|1779697904
|switch|p1a: Cinderace|Cinderace, M|100/100
|move|p2a: Rillaboom|Drum Beating|p1a: Cinderace
|-resisted|p1a: Cinderace
|-damage|p1a: Cinderace|64/100
|-unboost|p1a: Cinderace|spe|1
|
|-heal|p1a: Cinderace|70/100|[from] Grassy Terrain
|upkeep
|turn|8
|
|t:|1779697914
|move|p2a: Rillaboom|High Horsepower|p1a: Cinderace
|-supereffective|p1a: Cinderace
|-damage|p1a: Cinderace|0 fnt
|faint|p1a: Cinderace
|
|upkeep
|
|t:|1779697927
|switch|p1a: Meowscarada|Meowscarada, F|100/100
|turn|9
|
|t:|1779697934
|move|p1a: Meowscarada|U-turn|p2a: Rillaboom
|-supereffective|p2a: Rillaboom
|-damage|p2a: Rillaboom|56/100
|
|t:|1779697937
|switch|p1a: Glimmora|Glimmora, M, shiny, tera:Ground|7/100|[from] U-turn
|move|p2a: Rillaboom|Knock Off|p1a: Glimmora
|-damage|p1a: Glimmora|0 fnt
|-activate|p1a: Glimmora|ability: Toxic Debris
|-sidestart|p2: therpyderpy87|move: Toxic Spikes
|faint|p1a: Glimmora
|
|-heal|p2a: Rillaboom|62/100|[from] Grassy Terrain
|-fieldend|move: Grassy Terrain
|upkeep
|
|t:|1779697953
|switch|p1a: Dragapult|Dragapult, F, shiny|100/100
|turn|10
|
|t:|1779697959
|move|p1a: Dragapult|Draco Meteor|p2a: Rillaboom
|-damage|p2a: Rillaboom|0 fnt
|-unboost|p1a: Dragapult|spa|2
|faint|p2a: Rillaboom
|
|upkeep
|
|t:|1779697966
|switch|p2a: Goodra|Goodra-Hisui, M|100/100
|turn|11
|
|t:|1779697971
|switch|p1a: Iron Valiant|Iron Valiant|100/100
|-enditem|p1a: Iron Valiant|Booster Energy
|-activate|p1a: Iron Valiant|ability: Quark Drive|[fromitem]
|-start|p1a: Iron Valiant|quarkdrivespe
|move|p2a: Goodra|Acid Armor|p2a: Goodra
|-boost|p2a: Goodra|def|2
|
|upkeep
|turn|12
|
|t:|1779697986
|move|p1a: Iron Valiant|Calm Mind|p1a: Iron Valiant
|-boost|p1a: Iron Valiant|spa|1
|-boost|p1a: Iron Valiant|spd|1
|move|p2a: Goodra|Rain Dance|p2a: Goodra
|-weather|RainDance
|
|-weather|RainDance|[upkeep]
|upkeep
|turn|13
|
|t:|1779697994
|switch|p2a: Basculegion|Basculegion-F, F|59/100
|-status|p2a: Basculegion|tox
|move|p1a: Iron Valiant|Calm Mind|p1a: Iron Valiant
|-boost|p1a: Iron Valiant|spa|1
|-boost|p1a: Iron Valiant|spd|1
|
|-weather|RainDance|[upkeep]
|-damage|p2a: Basculegion|53/100 tox|[from] psn
|upkeep
|turn|14
|
|t:|1779698006
|move|p1a: Iron Valiant|Moonblast|p2a: Basculegion
|-damage|p2a: Basculegion|0 fnt
|faint|p2a: Basculegion
|
|-weather|RainDance|[upkeep]
|upkeep
|
|t:|1779698015
|switch|p2a: Galvantula|Galvantula, F, shiny|100/100
|-status|p2a: Galvantula|tox
|turn|15
|
|t:|1779698027
|move|p1a: Iron Valiant|Moonblast|p2a: Galvantula
|-enditem|p2a: Galvantula|Focus Sash
|-damage|p2a: Galvantula|1/100 tox
|-unboost|p2a: Galvantula|spa|1
|move|p2a: Galvantula|Thunder|p1a: Iron Valiant
|-damage|p1a: Iron Valiant|74/100
|
|-weather|RainDance|[upkeep]
|-damage|p2a: Galvantula|0 fnt|[from] psn
|faint|p2a: Galvantula
|upkeep
|
|t:|1779698039
|switch|p2a: Chansey|Chansey, F|100/100
|-status|p2a: Chansey|tox
|turn|16
|
|t:|1779698044
|move|p1a: Iron Valiant|Moonblast|p2a: Chansey
|-damage|p2a: Chansey|76/100 tox
|-unboost|p2a: Chansey|spa|1
|move|p2a: Chansey|Light Screen|p2a: Chansey
|-sidestart|p2: therpyderpy87|move: Light Screen
|
|-weather|none
|-damage|p2a: Chansey|70/100 tox|[from] psn
|upkeep
|turn|17
|
|t:|1779698059
|move|p1a: Iron Valiant|Calm Mind|p1a: Iron Valiant
|-boost|p1a: Iron Valiant|spa|1
|-boost|p1a: Iron Valiant|spd|1
|move|p2a: Chansey|Heal Bell|p2a: Chansey
|-activate|p2a: Chansey|move: Heal Bell
|-curestatus|p2a: Chansey|tox|[msg]
|
|upkeep
|turn|18
|
|t:|1779698069
|move|p1a: Iron Valiant|Calm Mind|p1a: Iron Valiant
|-boost|p1a: Iron Valiant|spa|1
|-boost|p1a: Iron Valiant|spd|1
|move|p2a: Chansey|Soft-Boiled|p2a: Chansey
|-heal|p2a: Chansey|100/100
|
|upkeep
|turn|19
|
|t:|1779698076
|move|p1a: Iron Valiant|Calm Mind|p1a: Iron Valiant
|-boost|p1a: Iron Valiant|spa|1
|-boost|p1a: Iron Valiant|spd|1
|move|p2a: Chansey|Grass Knot|p1a: Iron Valiant
|-crit|p1a: Iron Valiant
|-damage|p1a: Iron Valiant|56/100
|
|upkeep
|turn|20
|
|t:|1779698087
|move|p1a: Iron Valiant|Moonblast|p2a: Chansey
|-damage|p2a: Chansey|79/100
|move|p2a: Chansey|Grass Knot|p1a: Iron Valiant
|-damage|p1a: Iron Valiant|53/100
|
|-sideend|p2: therpyderpy87|move: Light Screen
|upkeep
|turn|21
|
|t:|1779698099
|move|p1a: Iron Valiant|Moonblast|p2a: Chansey
|-damage|p2a: Chansey|36/100
|move|p2a: Chansey|Light Screen|p2a: Chansey
|-sidestart|p2: therpyderpy87|move: Light Screen
|
|upkeep
|turn|22
|
|t:|1779698105
|switch|p2a: Goodra|Goodra-Hisui, M|100/100
|move|p1a: Iron Valiant|Calm Mind|p1a: Iron Valiant
|-boost|p1a: Iron Valiant|spa|1
|-boost|p1a: Iron Valiant|spd|1
|
|upkeep
|turn|23
|
|t:|1779698113
|move|p1a: Iron Valiant|Moonblast|p2a: Goodra
|-damage|p2a: Goodra|43/100
|move|p2a: Goodra|Acid Armor|p2a: Goodra
|-boost|p2a: Goodra|def|2
|
|-heal|p2a: Goodra|49/100|[from] item: Leftovers
|upkeep
|turn|24
|
|t:|1779698121
|move|p1a: Iron Valiant|Moonblast|p2a: Goodra
|-damage|p2a: Goodra|0 fnt
|faint|p2a: Goodra
|
|upkeep
|-message|therpyderpy87 forfeited.
|
|win|Soava
|raw|Soava's rating: 1142 &rarr; <strong>1164</strong><br />(+22 for winning)
|raw|therpyderpy87's rating: 1101 &rarr; <strong>1079</strong><br />(-22 for losing)
|l|☆therpyderpy87
|player|p2|
|l|☆Soava
|player|p1|
