|j|☆gggJESUSggg
|j|☆claudechamp
|t:|1779705147
|gametype|singles
|player|p1|gggJESUSggg|policeman-gen4|1069
|player|p2|claudechamp|169|1090
|gen|9
|tier|[Gen 9] OU
|rated|
|rule|HP Percentage Mod: HP is shown in percentages
|rule|Endless Battle Clause: Forcing endless battles is banned
|rule|Species Clause: Limit one of each Pokémon
|rule|OHKO Clause: OHKO moves are banned
|rule|Evasion Items Clause: Evasion items are banned
|rule|Evasion Moves Clause: Evasion moves are banned
|rule|Evasion Abilities Clause: Evasion abilities are banned
|rule|Sleep Moves Clause: Sleep-inducing moves are banned
|clearpoke
|poke|p1|Rotom-Wash|
|poke|p1|Iron Valiant|
|poke|p1|Corviknight, M|
|poke|p1|Landorus-Therian, M|
|poke|p1|Slowking-Galar, F|
|poke|p1|Dragapult, M|
|poke|p2|Gliscor, F|
|poke|p2|Ogerpon, F|
|poke|p2|Walking Wake|
|poke|p2|Blissey, F|
|poke|p2|Corviknight, F|
|poke|p2|Pecharunt|
|teampreview
|c|☆claudechamp|hf
|inactive|Battle timer is ON: inactive players will automatically lose when time's up. (requested by claudechamp)
|
|t:|1779705157
|teamsize|p1|6
|teamsize|p2|6
|start
|switch|p1a: Rotom|Rotom-Wash|100/100
|switch|p2a: Gliscor|Gliscor, F|100/100
|turn|1
|
|t:|1779705168
|switch|p2a: Blissey|Blissey, F|100/100
|move|p1a: Rotom|Hydro Pump|p2a: Blissey
|-damage|p2a: Blissey|88/100
|
|upkeep
|turn|2
|
|t:|1779705177
|move|p1a: Rotom|Will-O-Wisp|p2a: Blissey
|-status|p2a: Blissey|brn
|move|p2a: Blissey|Stealth Rock|p1a: Rotom
|-sidestart|p1: gggJESUSggg|move: Stealth Rock
|
|-damage|p2a: Blissey|81/100 brn|[from] brn
|upkeep
|turn|3
|
|t:|1779705184
|move|p1a: Rotom|Volt Switch|p2a: Blissey
|-damage|p2a: Blissey|74/100 brn
|
|t:|1779705187
|switch|p1a: Corviknight|Corviknight, M|100/100|[from] Volt Switch
|-damage|p1a: Corviknight|88/100|[from] Stealth Rock
|move|p2a: Blissey|Seismic Toss|p1a: Corviknight
|-damage|p1a: Corviknight|63/100
|-damage|p2a: Blissey|58/100 brn|[from] item: Rocky Helmet|[of] p1a: Corviknight
|
|-damage|p2a: Blissey|51/100 brn|[from] brn
|upkeep
|turn|4
|
|t:|1779705198
|move|p1a: Corviknight|Defog|p2a: Blissey
|-unboost|p2a: Blissey|evasion|1
|-sideend|p1: gggJESUSggg|Stealth Rock|[from] move: Defog|[of] p1a: Corviknight
|move|p2a: Blissey|Soft-Boiled|p2a: Blissey
|-heal|p2a: Blissey|100/100 brn
|
|-damage|p2a: Blissey|94/100 brn|[from] brn
|upkeep
|turn|5
|
|t:|1779705207
|move|p1a: Corviknight|Roost|p1a: Corviknight
|-heal|p1a: Corviknight|100/100
|-singleturn|p1a: Corviknight|move: Roost
|move|p2a: Blissey|Stealth Rock|p1a: Corviknight
|-sidestart|p1: gggJESUSggg|move: Stealth Rock
|
|-damage|p2a: Blissey|88/100 brn|[from] brn
|upkeep
|turn|6
|
|t:|1779705215
|move|p1a: Corviknight|Brave Bird|p2a: Blissey
|-damage|p2a: Blissey|50/100 brn
|-damage|p1a: Corviknight|80/100|[from] Recoil
|move|p2a: Blissey|Seismic Toss|p1a: Corviknight
|-damage|p1a: Corviknight|55/100
|-damage|p2a: Blissey|33/100 brn|[from] item: Rocky Helmet|[of] p1a: Corviknight
|
|-damage|p2a: Blissey|27/100 brn|[from] brn
|upkeep
|turn|7
|
|t:|1779705226
|-curestatus|p2a: Blissey|brn|[from] ability: Natural Cure|[silent]
|switch|p2a: Walking Wake|Walking Wake|100/100
|move|p1a: Corviknight|Brave Bird|p2a: Walking Wake
|-damage|p2a: Walking Wake|58/100
|-damage|p1a: Corviknight|43/100|[from] Recoil
|
|upkeep
|turn|8
|
|t:|1779705241
|move|p2a: Walking Wake|Surf|p1a: Corviknight
|-damage|p1a: Corviknight|1/100
|move|p1a: Corviknight|Defog|p2a: Walking Wake
|-unboost|p2a: Walking Wake|evasion|1
|-sideend|p1: gggJESUSggg|Stealth Rock|[from] move: Defog|[of] p1a: Corviknight
|
|upkeep
|turn|9
|
|t:|1779705249
|switch|p1a: Rotom|Rotom-Wash|100/100
|move|p2a: Walking Wake|Surf|p1a: Rotom
|-resisted|p1a: Rotom
|-damage|p1a: Rotom|78/100
|
|-heal|p1a: Rotom|84/100|[from] item: Leftovers
|upkeep
|turn|10
|
|t:|1779705259
|move|p2a: Walking Wake|Draco Meteor|p1a: Rotom
|-damage|p1a: Rotom|18/100
|-unboost|p2a: Walking Wake|spa|2
|move|p1a: Rotom|Electroweb|p2a: Walking Wake
|-damage|p2a: Walking Wake|34/100
|-unboost|p2a: Walking Wake|spe|1
|
|-heal|p1a: Rotom|24/100|[from] item: Leftovers
|upkeep
|turn|11
|
|t:|1779705279
|-end|p2a: Walking Wake|Protosynthesis|[silent]
|switch|p2a: Blissey|Blissey, F|27/100
|move|p1a: Rotom|Volt Switch|p2a: Blissey
|-damage|p2a: Blissey|19/100
|
|t:|1779705284
|switch|p1a: Landorus|Landorus-Therian, M|100/100|[from] Volt Switch
|-ability|p1a: Landorus|Intimidate|boost
|-unboost|p2a: Blissey|atk|1
|
|upkeep
|turn|12
|
|t:|1779705290
|switch|p2a: Gliscor|Gliscor, F|100/100
|move|p1a: Landorus|Earthquake|p2a: Gliscor
|-immune|p2a: Gliscor
|
|-status|p2a: Gliscor|tox|[from] item: Toxic Orb
|upkeep
|turn|13
|
|t:|1779705297
|switch|p1a: Dragapult|Dragapult, M|100/100
|move|p2a: Gliscor|Spikes|p1a: Dragapult
|-sidestart|p1: gggJESUSggg|Spikes
|
|upkeep
|turn|14
|
|t:|1779705305
|switch|p2a: Ogerpon|Ogerpon, F|100/100
|move|p1a: Dragapult|Draco Meteor|p2a: Ogerpon
|-damage|p2a: Ogerpon|4/100
|-unboost|p1a: Dragapult|spa|2
|
|upkeep
|turn|15
|
|t:|1779705313
|move|p1a: Dragapult|Draco Meteor|p2a: Ogerpon
|-damage|p2a: Ogerpon|0 fnt
|-unboost|p1a: Dragapult|spa|2
|faint|p2a: Ogerpon
|
|upkeep
|
|t:|1779705316
|switch|p2a: Blissey|Blissey, F|19/100
|turn|16
|
|t:|1779705323
|switch|p1a: Landorus|Landorus-Therian, M|100/100
|-ability|p1a: Landorus|Intimidate|boost
|-unboost|p2a: Blissey|atk|1
|move|p2a: Blissey|Stealth Rock|p1a: Landorus
|-sidestart|p1: gggJESUSggg|move: Stealth Rock
|
|upkeep
|turn|17
|
|t:|1779705332
|switch|p2a: Gliscor|Gliscor, F|100/100 tox
|move|p1a: Landorus|Stealth Rock|p2a: Gliscor
|-sidestart|p2: claudechamp|move: Stealth Rock
|
|upkeep
|turn|18
|
|t:|1779705338
|move|p2a: Gliscor|Toxic|p1a: Landorus|[miss]
|-miss|p2a: Gliscor|p1a: Landorus
|move|p1a: Landorus|Taunt|p2a: Gliscor
|-start|p2a: Gliscor|move: Taunt
|
|upkeep
|turn|19
|
|t:|1779705345
|switch|p2a: Pecharunt|Pecharunt|100/100
|move|p1a: Landorus|U-turn|p2a: Pecharunt
|-resisted|p2a: Pecharunt
|-damage|p2a: Pecharunt|98/100
|
|t:|1779705350
|switch|p1a: Corviknight|Corviknight, M|1/100|[from] U-turn
|-damage|p1a: Corviknight|0 fnt|[from] Stealth Rock
|faint|p1a: Corviknight
|
|upkeep
|
|t:|1779705357
|switch|p1a: Landorus|Landorus-Therian, M|100/100
|-damage|p1a: Landorus|88/100|[from] Stealth Rock
|-ability|p1a: Landorus|Intimidate|boost
|-unboost|p2a: Pecharunt|atk|1
|turn|20
|
|t:|1779705367
|move|p2a: Pecharunt|Malignant Chain|p1a: Landorus
|-resisted|p1a: Landorus
|-damage|p1a: Landorus|70/100
|move|p1a: Landorus|Earthquake|p2a: Pecharunt
|-supereffective|p2a: Pecharunt
|-damage|p2a: Pecharunt|55/100
|
|upkeep
|turn|21
|
|t:|1779705375
|move|p2a: Pecharunt|Recover|p2a: Pecharunt
|-heal|p2a: Pecharunt|100/100
|move|p1a: Landorus|Earthquake|p2a: Pecharunt
|-supereffective|p2a: Pecharunt
|-damage|p2a: Pecharunt|53/100
|
|upkeep
|turn|22
|
|t:|1779705382
|move|p2a: Pecharunt|Recover|p2a: Pecharunt
|-heal|p2a: Pecharunt|100/100
|move|p1a: Landorus|Earthquake|p2a: Pecharunt
|-supereffective|p2a: Pecharunt
|-damage|p2a: Pecharunt|53/100
|
|upkeep
|turn|23
|
|t:|1779705389
|switch|p2a: Gliscor|Gliscor, F|100/100 tox
|-damage|p2a: Gliscor|88/100 tox|[from] Stealth Rock
|move|p1a: Landorus|Earthquake|p2a: Gliscor
|-immune|p2a: Gliscor
|
|-heal|p2a: Gliscor|100/100 tox|[from] ability: Poison Heal
|upkeep
|turn|24
|
|t:|1779705405
|switch|p1a: Dragapult|Dragapult, M|100/100
|-damage|p1a: Dragapult|88/100|[from] Spikes
|-damage|p1a: Dragapult|76/100|[from] Stealth Rock
|move|p2a: Gliscor|Toxic|p1a: Dragapult
|-status|p1a: Dragapult|tox
|
|-damage|p1a: Dragapult|70/100 tox|[from] psn
|upkeep
|turn|25
|
|t:|1779705417
|-terastallize|p1a: Dragapult|Dragon
|move|p2a: Gliscor|Protect|p2a: Gliscor
|-singleturn|p2a: Gliscor|Protect
|move|p1a: Dragapult|Draco Meteor|p2a: Gliscor
|-activate|p2a: Gliscor|move: Protect
|
|-damage|p1a: Dragapult|58/100 tox|[from] psn
|upkeep
|turn|26
|
|t:|1779705430
|switch|p2a: Corviknight|Corviknight, F|100/100
|-ability|p2a: Corviknight|Pressure
|move|p1a: Dragapult|Draco Meteor|p2a: Corviknight
|-resisted|p2a: Corviknight
|-damage|p2a: Corviknight|41/100
|-unboost|p1a: Dragapult|spa|2
|
|-damage|p1a: Dragapult|40/100 tox|[from] psn
|upkeep
|turn|27
|
|t:|1779705441
|move|p1a: Dragapult|Draco Meteor|p2a: Corviknight
|-resisted|p2a: Corviknight
|-damage|p2a: Corviknight|13/100
|-unboost|p1a: Dragapult|spa|2
|move|p2a: Corviknight|Roost|p2a: Corviknight
|-heal|p2a: Corviknight|63/100
|-singleturn|p2a: Corviknight|move: Roost
|
|-damage|p1a: Dragapult|16/100 tox|[from] psn
|upkeep
|turn|28
|
|t:|1779705452
|switch|p1a: Landorus|Landorus-Therian, M|70/100
|-damage|p1a: Landorus|58/100|[from] Stealth Rock
|-ability|p1a: Landorus|Intimidate|boost
|-unboost|p2a: Corviknight|atk|1
|move|p2a: Corviknight|U-turn|p1a: Landorus
|-resisted|p1a: Landorus
|-damage|p1a: Landorus|55/100
|-damage|p2a: Corviknight|47/100|[from] item: Rocky Helmet|[of] p1a: Landorus
|
|t:|1779705463
|switch|p2a: Walking Wake|Walking Wake|34/100|[from] U-turn
|
|upkeep
|turn|29
|
|t:|1779705473
|move|p2a: Walking Wake|Surf|p1a: Landorus
|-supereffective|p1a: Landorus
|-damage|p1a: Landorus|0 fnt
|faint|p1a: Landorus
|
|upkeep
|
|t:|1779705477
|switch|p1a: Slowking|Slowking-Galar, F|100/100
|turn|30
|
|t:|1779705486
|-end|p2a: Walking Wake|Protosynthesis|[silent]
|switch|p2a: Blissey|Blissey, F|19/100
|move|p1a: Slowking|Future Sight|p2a: Blissey
|-start|p1a: Slowking|move: Future Sight
|
|upkeep
|turn|31
|
|t:|1779705494
|move|p2a: Blissey|Soft-Boiled|p2a: Blissey
|-heal|p2a: Blissey|69/100
|move|p1a: Slowking|Sludge Bomb|p2a: Blissey
|-damage|p2a: Blissey|59/100
|
|upkeep
|turn|32
|
|t:|1779705505
|move|p2a: Blissey|Calm Mind|p2a: Blissey
|-boost|p2a: Blissey|spa|1
|-boost|p2a: Blissey|spd|1
|move|p1a: Slowking|Sludge Bomb|p2a: Blissey
|-damage|p2a: Blissey|52/100
|
|-end|p2a: Blissey|move: Future Sight
|-damage|p2a: Blissey|44/100
|upkeep
|turn|33
|
|t:|1779705514
|switch|p1a: Iron Valiant|Iron Valiant|100/100
|-damage|p1a: Iron Valiant|88/100|[from] Spikes
|-damage|p1a: Iron Valiant|82/100|[from] Stealth Rock
|-enditem|p1a: Iron Valiant|Booster Energy
|-activate|p1a: Iron Valiant|ability: Quark Drive|[fromitem]
|-start|p1a: Iron Valiant|quarkdrivespe
|move|p2a: Blissey|Soft-Boiled|p2a: Blissey
|-heal|p2a: Blissey|94/100
|
|upkeep
|turn|34
|
|t:|1779705526
|move|p1a: Iron Valiant|Close Combat|p2a: Blissey
|-supereffective|p2a: Blissey
|-damage|p2a: Blissey|0 fnt
|-unboost|p1a: Iron Valiant|def|1
|-unboost|p1a: Iron Valiant|spd|1
|faint|p2a: Blissey
|
|upkeep
|
|t:|1779705533
|switch|p2a: Pecharunt|Pecharunt|53/100
|turn|35
|
|t:|1779705540
|move|p1a: Iron Valiant|Thunder Wave|p2a: Pecharunt|[miss]
|-miss|p1a: Iron Valiant|p2a: Pecharunt
|move|p2a: Pecharunt|Recover|p2a: Pecharunt
|-heal|p2a: Pecharunt|100/100
|
|upkeep
|turn|36
|
|t:|1779705547
|move|p1a: Iron Valiant|Thunder Wave|p2a: Pecharunt
|-status|p2a: Pecharunt|par
|move|p2a: Pecharunt|Parting Shot|p1a: Iron Valiant
|-unboost|p1a: Iron Valiant|atk|1
|-unboost|p1a: Iron Valiant|spa|1
|
|t:|1779705552
|switch|p2a: Corviknight|Corviknight, F|47/100|[from] Parting Shot
|-ability|p2a: Corviknight|Pressure
|
|upkeep
|turn|37
|
|t:|1779705560
|move|p1a: Iron Valiant|Close Combat|p2a: Corviknight
|-damage|p2a: Corviknight|23/100
|-unboost|p1a: Iron Valiant|def|1
|-unboost|p1a: Iron Valiant|spd|1
|move|p2a: Corviknight|Roost|p2a: Corviknight
|-heal|p2a: Corviknight|73/100
|-singleturn|p2a: Corviknight|move: Roost
|
|upkeep
|turn|38
|
|t:|1779705569
|move|p1a: Iron Valiant|Thunder Wave|p2a: Corviknight
|-status|p2a: Corviknight|par
|move|p2a: Corviknight|U-turn|p1a: Iron Valiant
|-resisted|p1a: Iron Valiant
|-damage|p1a: Iron Valiant|73/100
|
|t:|1779705575
|switch|p2a: Gliscor|Gliscor, F|100/100 tox|[from] U-turn
|-damage|p2a: Gliscor|88/100 tox|[from] Stealth Rock
|
|-heal|p2a: Gliscor|100/100 tox|[from] ability: Poison Heal
|upkeep
|turn|39
|
|t:|1779705584
|-end|p1a: Iron Valiant|Quark Drive|[silent]
|switch|p1a: Rotom|Rotom-Wash|24/100
|-damage|p1a: Rotom|12/100|[from] Stealth Rock
|move|p2a: Gliscor|Toxic|p1a: Rotom
|-status|p1a: Rotom|tox
|
|-heal|p1a: Rotom|18/100 tox|[from] item: Leftovers
|-damage|p1a: Rotom|12/100 tox|[from] psn
|upkeep
|turn|40
|
|t:|1779705595
|move|p2a: Gliscor|Protect|p2a: Gliscor
|-singleturn|p2a: Gliscor|Protect
|move|p1a: Rotom|Hydro Pump|p2a: Gliscor
|-activate|p2a: Gliscor|move: Protect
|
|-heal|p1a: Rotom|18/100 tox|[from] item: Leftovers
|-damage|p1a: Rotom|5/100 tox|[from] psn
|upkeep
|turn|41
|
|t:|1779705604
|move|p2a: Gliscor|Spikes|p1a: Rotom
|-sidestart|p1: gggJESUSggg|Spikes
|move|p1a: Rotom|Hydro Pump|p2a: Gliscor
|-supereffective|p2a: Gliscor
|-damage|p2a: Gliscor|33/100 tox
|
|-heal|p1a: Rotom|12/100 tox|[from] item: Leftovers
|-heal|p2a: Gliscor|45/100 tox|[from] ability: Poison Heal
|-damage|p1a: Rotom|0 fnt|[from] psn
|faint|p1a: Rotom
|upkeep
|
|t:|1779705616
|switch|p1a: Iron Valiant|Iron Valiant|73/100
|-damage|p1a: Iron Valiant|56/100|[from] Spikes
|-damage|p1a: Iron Valiant|50/100|[from] Stealth Rock
|turn|42
|
|t:|1779705625
|move|p2a: Gliscor|Protect|p2a: Gliscor
|-singleturn|p2a: Gliscor|Protect
|move|p1a: Iron Valiant|Encore|p2a: Gliscor
|-activate|p2a: Gliscor|move: Protect
|
|-heal|p2a: Gliscor|58/100 tox|[from] ability: Poison Heal
|upkeep
|turn|43
|
|t:|1779705641
|move|p1a: Iron Valiant|Moonblast|p2a: Gliscor
|-damage|p2a: Gliscor|16/100 tox
|move|p2a: Gliscor|Earthquake|p1a: Iron Valiant
|-damage|p1a: Iron Valiant|8/100
|
|-heal|p2a: Gliscor|28/100 tox|[from] ability: Poison Heal
|upkeep
|turn|44
|
|t:|1779705650
|move|p2a: Gliscor|Protect|p2a: Gliscor
|-singleturn|p2a: Gliscor|Protect
|move|p1a: Iron Valiant|Moonblast|p2a: Gliscor
|-activate|p2a: Gliscor|move: Protect
|
|-heal|p2a: Gliscor|41/100 tox|[from] ability: Poison Heal
|upkeep
|turn|45
|
|t:|1779705658
|switch|p2a: Pecharunt|Pecharunt|100/100 par
|move|p1a: Iron Valiant|Moonblast|p2a: Pecharunt
|-resisted|p2a: Pecharunt
|-damage|p2a: Pecharunt|78/100 par
|
|upkeep
|turn|46
|
|t:|1779705666
|move|p1a: Iron Valiant|Thunder Wave|p2a: Pecharunt
|-fail|p2a: Pecharunt|par
|cant|p2a: Pecharunt|par
|
|upkeep
|turn|47
|
|t:|1779705676
|move|p1a: Iron Valiant|Close Combat|p2a: Pecharunt
|-immune|p2a: Pecharunt
|cant|p2a: Pecharunt|par
|
|upkeep
|turn|48
|
|t:|1779705683
|move|p1a: Iron Valiant|Moonblast|p2a: Pecharunt
|-resisted|p2a: Pecharunt
|-damage|p2a: Pecharunt|53/100 par
|move|p2a: Pecharunt|Parting Shot|p1a: Iron Valiant
|-unboost|p1a: Iron Valiant|atk|1
|-unboost|p1a: Iron Valiant|spa|1
|
|t:|1779705687
|switch|p2a: Gliscor|Gliscor, F|41/100 tox|[from] Parting Shot
|-damage|p2a: Gliscor|28/100 tox|[from] Stealth Rock
|
|-heal|p2a: Gliscor|41/100 tox|[from] ability: Poison Heal
|upkeep
|turn|49
|
|t:|1779705696
|move|p1a: Iron Valiant|Moonblast|p2a: Gliscor
|-damage|p2a: Gliscor|11/100 tox
|move|p2a: Gliscor|Earthquake|p1a: Iron Valiant
|-damage|p1a: Iron Valiant|0 fnt
|faint|p1a: Iron Valiant
|-end|p1a: Iron Valiant|Quark Drive|[silent]
|
|-heal|p2a: Gliscor|24/100 tox|[from] ability: Poison Heal
|upkeep
|
|t:|1779705704
|switch|p1a: Slowking|Slowking-Galar, F|100/100
|turn|50
|
|t:|1779705711
|move|p2a: Gliscor|Earthquake|p1a: Slowking
|-supereffective|p1a: Slowking
|-damage|p1a: Slowking|33/100
|move|p1a: Slowking|Future Sight|p2a: Gliscor
|-start|p1a: Slowking|move: Future Sight
|
|-heal|p2a: Gliscor|36/100 tox|[from] ability: Poison Heal
|upkeep
|turn|51
|
|t:|1779705718
|switch|p1a: Dragapult|Dragapult, M, tera:Dragon|16/100 tox
|-damage|p1a: Dragapult|0 fnt|[from] Spikes
|faint|p1a: Dragapult
|move|p2a: Gliscor|Earthquake|p1: Dragapult|[notarget]
|-fail|p2a: Gliscor
|
|-heal|p2a: Gliscor|49/100 tox|[from] ability: Poison Heal
|upkeep
|
|t:|1779705726
|switch|p1a: Slowking|Slowking-Galar, F|67/100
|turn|52
|
|t:|1779705733
|move|p2a: Gliscor|Earthquake|p1a: Slowking
|-supereffective|p1a: Slowking
|-damage|p1a: Slowking|0 fnt
|faint|p1a: Slowking
|
|win|claudechamp
|raw|gggJESUSggg's rating: 1069 &rarr; <strong>1051</strong><br />(-18 for losing)
|raw|claudechamp's rating: 1116 &rarr; <strong>1138</strong><br />(+22 for winning)
|c|☆claudechamp|gg
|l|☆gggJESUSggg
|player|p1|
