|j|☆lapunchmonke
|j|☆pointymetagross
|t:|1779708021
|gametype|singles
|player|p1|lapunchmonke|palmer|1106
|player|p2|pointymetagross|169|1073
|gen|9
|tier|[Gen 9] OU
|rated|
|rule|HP Percentage Mod: HP is shown in percentages
|rule|Endless Battle Clause: Forcing endless battles is banned
|rule|Species Clause: Limit one of each Pokémon
|rule|OHKO Clause: OHKO moves are banned
|rule|Evasion Items Clause: Evasion items are banned
|rule|Evasion Moves Clause: Evasion moves are banned
|rule|Evasion Abilities Clause: Evasion abilities are banned
|rule|Sleep Moves Clause: Sleep-inducing moves are banned
|clearpoke
|poke|p1|Cinccino, F|
|poke|p1|Enamorus, F|
|poke|p1|Salamence, M|
|poke|p1|Serperior, F|
|poke|p1|Garganacl, M|
|poke|p1|Gholdengo|
|poke|p2|Inteleon, F|
|poke|p2|Blaziken, M|
|poke|p2|Iron Valiant|
|poke|p2|Electrode-Hisui|
|poke|p2|Gholdengo|
|poke|p2|Darkrai|
|teampreview
|inactive|Battle timer is ON: inactive players will automatically lose when time's up. (requested by pointymetagross)
|
|t:|1779708029
|teamsize|p1|6
|teamsize|p2|6
|start
|switch|p1a: MILE|Cinccino, F, shiny|100/100
|switch|p2a: FukKingambit|Blaziken, M|100/100
|turn|1
|
|t:|1779708049
|switch|p1a: LOUBEL|Salamence, M, shiny|100/100
|move|p2a: FukKingambit|Swords Dance|p2a: FukKingambit
|-boost|p2a: FukKingambit|atk|2
|
|-ability|p2a: FukKingambit|Speed Boost|boost
|-boost|p2a: FukKingambit|spe|1
|upkeep
|turn|2
|
|t:|1779708079
|move|p2a: FukKingambit|Swords Dance|p2a: FukKingambit
|-boost|p2a: FukKingambit|atk|2
|move|p1a: LOUBEL|Dual Wingbeat|p2a: FukKingambit
|-supereffective|p2a: FukKingambit
|-damage|p2a: FukKingambit|26/100
|-supereffective|p2a: FukKingambit
|-damage|p2a: FukKingambit|0 fnt
|faint|p2a: FukKingambit
|-ability|p1a: LOUBEL|Moxie|boost
|-boost|p1a: LOUBEL|atk|1
|-hitcount|p2: FukKingambit|2
|
|upkeep
|inactive|pointymetagross has 120 seconds left.
|
|t:|1779708090
|switch|p2a: FukYou|Darkrai|100/100
|turn|3
|
|t:|1779708094
|move|p2a: FukYou|Ice Beam|p1a: LOUBEL
|-supereffective|p1a: LOUBEL
|-damage|p1a: LOUBEL|0 fnt
|faint|p1a: LOUBEL
|
|upkeep
|
|t:|1779708098
|switch|p1a: CHARLIE|Garganacl, M, shiny|100/100
|turn|4
|
|t:|1779708105
|switch|p2a: FukGreatTusk|Iron Valiant|100/100
|-enditem|p2a: FukGreatTusk|Booster Energy
|-activate|p2a: FukGreatTusk|ability: Quark Drive|[fromitem]
|-start|p2a: FukGreatTusk|quarkdrivespe
|move|p1a: CHARLIE|Body Press|p2a: FukGreatTusk
|-resisted|p2a: FukGreatTusk
|-damage|p2a: FukGreatTusk|80/100
|
|upkeep
|turn|5
|
|t:|1779708109
|move|p2a: FukGreatTusk|Close Combat|p1a: CHARLIE
|-supereffective|p1a: CHARLIE
|-damage|p1a: CHARLIE|32/100
|-unboost|p2a: FukGreatTusk|def|1
|-unboost|p2a: FukGreatTusk|spd|1
|move|p1a: CHARLIE|Iron Defense|p1a: CHARLIE
|-boost|p1a: CHARLIE|def|2
|
|upkeep
|turn|6
|
|t:|1779708117
|move|p2a: FukGreatTusk|Leaf Blade|p1a: CHARLIE
|-supereffective|p1a: CHARLIE
|-crit|p1a: CHARLIE
|-damage|p1a: CHARLIE|0 fnt
|faint|p1a: CHARLIE
|
|upkeep
|
|t:|1779708125
|switch|p1a: JONT|Enamorus, F, shiny|100/100
|turn|7
|
|t:|1779708133
|move|p2a: FukGreatTusk|Thunder Punch|p1a: JONT
|-supereffective|p1a: JONT
|-damage|p1a: JONT|14/100
|move|p1a: JONT|Moonblast|p2a: FukGreatTusk
|-supereffective|p2a: FukGreatTusk
|-damage|p2a: FukGreatTusk|0 fnt
|faint|p2a: FukGreatTusk
|-end|p2a: FukGreatTusk|Quark Drive|[silent]
|
|upkeep
|
|t:|1779708141
|switch|p2a: FukYaChiknStrips|Electrode-Hisui|100/100
|turn|8
|
|t:|1779708154
|move|p1a: JONT|Moonblast|p2a: FukYaChiknStrips
|-damage|p2a: FukYaChiknStrips|45/100
|move|p2a: FukYaChiknStrips|Thunderbolt|p1a: JONT
|-supereffective|p1a: JONT
|-damage|p1a: JONT|0 fnt
|faint|p1a: JONT
|
|upkeep
|
|t:|1779708159
|switch|p1a: MILE|Cinccino, F, shiny|100/100
|turn|9
|
|t:|1779708163
|switch|p2a: dumbass|Gholdengo|100/100
|move|p1a: MILE|Triple Axel|p2a: dumbass
|-resisted|p2a: dumbass
|-damage|p2a: dumbass|96/100
|-resisted|p2a: dumbass
|-damage|p2a: dumbass|87/100
|-resisted|p2a: dumbass
|-damage|p2a: dumbass|71/100
|-hitcount|p2a: dumbass|3
|
|upkeep
|turn|10
|
|t:|1779708173
|move|p1a: MILE|U-turn|p2a: dumbass
|-resisted|p2a: dumbass
|-damage|p2a: dumbass|66/100
|
|t:|1779708176
|switch|p1a: ALAN|Serperior, F, shiny|100/100|[from] U-turn
|move|p2a: dumbass|Nasty Plot|p2a: dumbass
|-boost|p2a: dumbass|spa|2
|
|upkeep
|turn|11
|
|t:|1779708181
|move|p1a: ALAN|Leaf Storm|p2a: dumbass
|-resisted|p2a: dumbass
|-damage|p2a: dumbass|41/100
|-boost|p1a: ALAN|spa|2
|move|p2a: dumbass|Make It Rain|p1a: ALAN
|-damage|p1a: ALAN|0 fnt
|-unboost|p2a: dumbass|spa|1
|faint|p1a: ALAN
|-damage|p2a: dumbass|32/100|[from] item: Life Orb
|
|upkeep
|
|t:|1779708185
|switch|p1a: LIME|Gholdengo, shiny|100/100
|-item|p1a: LIME|Air Balloon
|turn|12
|
|t:|1779708195
|-terastallize|p2a: dumbass|Steel
|move|p1a: LIME|Hex|p2a: dumbass
|-damage|p2a: dumbass|0 fnt
|faint|p2a: dumbass
|
|upkeep
|
|t:|1779708202
|switch|p2a: FukYou|Darkrai|100/100
|turn|13
|
|t:|1779708207
|-terastallize|p1a: LIME|Flying
|move|p2a: FukYou|Dark Pulse|p1a: LIME
|-crit|p1a: LIME
|-damage|p1a: LIME|0 fnt
|-enditem|p1a: LIME|Air Balloon
|faint|p1a: LIME
|
|upkeep
|
|t:|1779708209
|switch|p1a: MILE|Cinccino, F, shiny|100/100
|turn|14
|
|t:|1779708217
|move|p2a: FukYou|Dark Pulse|p1a: MILE
|-damage|p1a: MILE|0 fnt
|faint|p1a: MILE
|
|win|pointymetagross
|raw|lapunchmonke's rating: 1106 &rarr; <strong>1079</strong><br />(-27 for losing)
|raw|pointymetagross's rating: 1073 &rarr; <strong>1105</strong><br />(+32 for winning)
|l|☆lapunchmonke
|player|p1|
|l|☆pointymetagross
|player|p2|
