|j|☆Nertwerve
|j|☆PoloElClouclou
|t:|1779694534
|gametype|singles
|player|p1|Nertwerve|waitress-gen4|1140
|player|p2|PoloElClouclou|ninjaboy|1083
|gen|9
|tier|[Gen 9] OU
|rated|
|rule|HP Percentage Mod: HP is shown in percentages
|rule|Endless Battle Clause: Forcing endless battles is banned
|rule|Species Clause: Limit one of each Pokémon
|rule|OHKO Clause: OHKO moves are banned
|rule|Evasion Items Clause: Evasion items are banned
|rule|Evasion Moves Clause: Evasion moves are banned
|rule|Evasion Abilities Clause: Evasion abilities are banned
|rule|Sleep Moves Clause: Sleep-inducing moves are banned
|clearpoke
|poke|p1|Conkeldurr, M|
|poke|p1|Scizor, F|
|poke|p1|Goodra, F|
|poke|p1|Clodsire, F|
|poke|p1|Dudunsparce-*, M|
|poke|p1|Zangoose, M|
|poke|p2|Torkoal, F|
|poke|p2|Walking Wake|
|poke|p2|Great Tusk|
|poke|p2|Hatterene, F|
|poke|p2|Raging Bolt|
|poke|p2|Ceruledge, M|
|teampreview
|inactive|Battle timer is ON: inactive players will automatically lose when time's up. (requested by Nertwerve)
|
|t:|1779694546
|teamsize|p1|6
|teamsize|p2|6
|start
|switch|p1a: Hercules|Conkeldurr, M, shiny|100/100
|switch|p2a: Galet Pagos|Torkoal, F, shiny|100/100
|-weather|SunnyDay|[from] ability: Drought|[of] p2a: Galet Pagos
|turn|1
|
|t:|1779694569
|switch|p2a: Yes I'm Suicune|Walking Wake|100/100
|-activate|p2a: Yes I'm Suicune|ability: Protosynthesis
|-start|p2a: Yes I'm Suicune|protosynthesisspe
|move|p1a: Hercules|Knock Off|p2a: Yes I'm Suicune
|-damage|p2a: Yes I'm Suicune|55/100
|-enditem|p2a: Yes I'm Suicune|Choice Specs|[from] move: Knock Off|[of] p1a: Hercules
|
|-weather|SunnyDay|[upkeep]
|-status|p1a: Hercules|brn|[from] item: Flame Orb
|upkeep
|turn|2
|
|t:|1779694583
|switch|p1a: Loafsire|Clodsire, F|100/100
|move|p2a: Yes I'm Suicune|Hydro Steam|p1a: Loafsire
|-immune|p1a: Loafsire|[from] ability: Water Absorb
|
|-weather|SunnyDay|[upkeep]
|upkeep
|turn|3
|
|t:|1779694592
|move|p2a: Yes I'm Suicune|Dragon Pulse|p1a: Loafsire
|-damage|p1a: Loafsire|79/100
|move|p1a: Loafsire|Toxic Spikes|p2a: Yes I'm Suicune
|-sidestart|p2: PoloElClouclou|move: Toxic Spikes
|
|-weather|SunnyDay|[upkeep]
|-heal|p1a: Loafsire|85/100|[from] item: Black Sludge
|upkeep
|turn|4
|
|t:|1779694601
|-end|p2a: Yes I'm Suicune|Protosynthesis|[silent]
|switch|p2a: NOISE NOISE|Hatterene, F, shiny|100/100
|-status|p2a: NOISE NOISE|psn
|move|p1a: Loafsire|Earthquake|p2a: NOISE NOISE
|-damage|p2a: NOISE NOISE|74/100 psn
|-enditem|p2a: NOISE NOISE|Eject Button
|
|t:|1779694616
|switch|p2a: I'm a Giraffe|Raging Bolt|100/100
|-status|p2a: I'm a Giraffe|psn
|-activate|p2a: I'm a Giraffe|ability: Protosynthesis
|-start|p2a: I'm a Giraffe|protosynthesisspa
|
|-weather|SunnyDay|[upkeep]
|-heal|p1a: Loafsire|91/100|[from] item: Black Sludge
|-damage|p2a: I'm a Giraffe|88/100 psn|[from] psn
|upkeep
|turn|5
|-message|PoloElClouclou forfeited.
|
|win|Nertwerve
|raw|Nertwerve's rating: 1140 &rarr; <strong>1161</strong><br />(+21 for winning)
|raw|PoloElClouclou's rating: 1083 &rarr; <strong>1064</strong><br />(-19 for losing)
|l|☆PoloElClouclou
|player|p2|
