|badge|p1|bronze|gen9ou|100-9
|uhtml|medal-msg|<div class="broadcast-blue">Curious what those medals under the avatar are? PS now has Ladder Seasons! For more information, check out the <a href="https://www.smogon.com/forums/threads/3740067/">thread on Smogon.</a></div>
|j|‽ClRCUS MAXIMUS
|j|☆kshuaib734
|t:|1779653022
|gametype|singles
|player|p1|ClRCUS MAXIMUS|rood|1785
|player|p2|kshuaib734|steven|1806
|gen|9
|tier|[Gen 9] OU
|rated|
|rule|HP Percentage Mod: HP is shown in percentages
|rule|Endless Battle Clause: Forcing endless battles is banned
|rule|Species Clause: Limit one of each Pokémon
|rule|OHKO Clause: OHKO moves are banned
|rule|Evasion Items Clause: Evasion items are banned
|rule|Evasion Moves Clause: Evasion moves are banned
|rule|Evasion Abilities Clause: Evasion abilities are banned
|rule|Sleep Moves Clause: Sleep-inducing moves are banned
|clearpoke
|poke|p1|Great Tusk|
|poke|p1|Gholdengo|
|poke|p1|Iron Valiant|
|poke|p1|Zamazenta-*|
|poke|p1|Kyurem|
|poke|p1|Ogerpon-Wellspring, F|
|poke|p2|Tyranitar, M|
|poke|p2|Zapdos|
|poke|p2|Pelipper, M|
|poke|p2|Quaquaval, M|
|poke|p2|Kingdra, F|
|poke|p2|Excadrill, M|
|teampreview
|inactive|Battle timer is ON: inactive players will automatically lose when time's up. (requested by kshuaib734)
|
|t:|1779653048
|teamsize|p1|6
|teamsize|p2|6
|start
|switch|p1a: Kyurem|Kyurem, shiny|100/100
|switch|p2a: King Tyrant|Tyranitar, M|100/100
|-ability|p1a: Kyurem|Pressure
|-weather|Sandstorm|[from] ability: Sand Stream|[of] p2a: King Tyrant
|turn|1
|
|t:|1779653060
|switch|p1a: Zamazenta|Zamazenta, shiny|100/100
|-ability|p1a: Zamazenta|Dauntless Shield|boost
|-boost|p1a: Zamazenta|def|1
|move|p2a: King Tyrant|Stealth Rock|p1a: Zamazenta
|-sidestart|p1: ClRCUS MAXIMUS|move: Stealth Rock
|
|-weather|Sandstorm|[upkeep]
|-damage|p1a: Zamazenta|95/100|[from] Sandstorm
|upkeep
|turn|2
|
|t:|1779653068
|-terastallize|p2a: King Tyrant|Ghost
|move|p1a: Zamazenta|Reflect|p1a: Zamazenta
|-sidestart|p1: ClRCUS MAXIMUS|Reflect
|move|p2a: King Tyrant|Knock Off|p1a: Zamazenta
|-resisted|p1a: Zamazenta
|-damage|p1a: Zamazenta|88/100
|-enditem|p1a: Zamazenta|Light Clay|[from] move: Knock Off|[of] p2a: King Tyrant
|
|-weather|Sandstorm|[upkeep]
|-damage|p1a: Zamazenta|82/100|[from] Sandstorm
|-damage|p2a: King Tyrant|94/100|[from] Sandstorm
|upkeep
|turn|3
|
|t:|1779653077
|switch|p2a: Tyrant's Downpour|Pelipper, M|100/100
|-weather|RainDance|[from] ability: Drizzle|[of] p2a: Tyrant's Downpour
|move|p1a: Zamazenta|Light Screen|p1a: Zamazenta
|-sidestart|p1: ClRCUS MAXIMUS|move: Light Screen
|
|-weather|RainDance|[upkeep]
|upkeep
|turn|4
|j| FaronAan
|
|t:|1779653091
|switch|p1a: Ogerpon|Ogerpon-Wellspring, F|100/100
|-damage|p1a: Ogerpon|88/100|[from] Stealth Rock
|move|p2a: Tyrant's Downpour|U-turn|p1a: Ogerpon
|-supereffective|p1a: Ogerpon
|-damage|p1a: Ogerpon|77/100
|
|t:|1779653097
|switch|p2a: Tyrant's Vengeance|Kingdra, F|100/100|[from] U-turn
|
|-weather|RainDance|[upkeep]
|upkeep
|turn|5
|
|t:|1779653102
|move|p2a: Tyrant's Vengeance|Draco Meteor|p1a: Ogerpon
|-damage|p1a: Ogerpon|29/100
|-unboost|p2a: Tyrant's Vengeance|spa|2
|move|p1a: Ogerpon|Play Rough|p2a: Tyrant's Vengeance
|-supereffective|p2a: Tyrant's Vengeance
|-damage|p2a: Tyrant's Vengeance|8/100
|
|-weather|RainDance|[upkeep]
|upkeep
|turn|6
|
|t:|1779653110
|move|p2a: Tyrant's Vengeance|Draco Meteor|p1a: Ogerpon
|-damage|p1a: Ogerpon|3/100
|-unboost|p2a: Tyrant's Vengeance|spa|2
|move|p1a: Ogerpon|Ivy Cudgel|p2a: Tyrant's Vengeance|[anim] Ivy Cudgel Water
|-resisted|p2a: Tyrant's Vengeance
|-damage|p2a: Tyrant's Vengeance|0 fnt
|faint|p2a: Tyrant's Vengeance
|
|-weather|RainDance|[upkeep]
|upkeep
|
|t:|1779653126
|switch|p2a: Tyrant's Downpour|Pelipper, M|100/100
|turn|7
|
|t:|1779653132
|move|p1a: Ogerpon|Ivy Cudgel|p2a: Tyrant's Downpour|[anim] Ivy Cudgel Water
|-resisted|p2a: Tyrant's Downpour
|-damage|p2a: Tyrant's Downpour|67/100
|move|p2a: Tyrant's Downpour|U-turn|p1a: Ogerpon
|-supereffective|p1a: Ogerpon
|-damage|p1a: Ogerpon|0 fnt
|faint|p1a: Ogerpon
|
|t:|1779653141
|switch|p2a: Tyrant's Enforcer|Zapdos|100/100|[from] U-turn
|
|-weather|RainDance|[upkeep]
|-sideend|p1: ClRCUS MAXIMUS|move: Light Screen
|upkeep
|
|t:|1779653145
|switch|p1a: Kyurem|Kyurem, shiny|100/100
|-damage|p1a: Kyurem|76/100|[from] Stealth Rock
|-ability|p1a: Kyurem|Pressure
|turn|8
|
|t:|1779653152
|move|p2a: Tyrant's Enforcer|Hurricane|p1a: Kyurem
|-damage|p1a: Kyurem|24/100
|move|p1a: Kyurem|Icicle Spear|p2a: Tyrant's Enforcer
|-supereffective|p2a: Tyrant's Enforcer
|-damage|p2a: Tyrant's Enforcer|60/100
|-supereffective|p2a: Tyrant's Enforcer
|-damage|p2a: Tyrant's Enforcer|22/100
|-hitcount|p2a: Tyrant's Enforcer|2
|
|-weather|RainDance|[upkeep]
|upkeep
|turn|9
|
|t:|1779653164
|move|p2a: Tyrant's Enforcer|Hurricane|p1a: Kyurem
|-damage|p1a: Kyurem|0 fnt
|faint|p1a: Kyurem
|
|-weather|RainDance|[upkeep]
|-sideend|p1: ClRCUS MAXIMUS|Reflect
|upkeep
|
|t:|1779653168
|switch|p1a: Zamazenta|Zamazenta, shiny|82/100
|-damage|p1a: Zamazenta|76/100|[from] Stealth Rock
|turn|10
|
|t:|1779653182
|move|p1a: Zamazenta|Close Combat|p2a: Tyrant's Enforcer
|-resisted|p2a: Tyrant's Enforcer
|-damage|p2a: Tyrant's Enforcer|0 fnt
|-unboost|p1a: Zamazenta|def|1
|-unboost|p1a: Zamazenta|spd|1
|faint|p2a: Tyrant's Enforcer
|
|-weather|none
|upkeep
|
|t:|1779653189
|switch|p2a: Tyrant's Downpour|Pelipper, M|67/100
|-weather|RainDance|[from] ability: Drizzle|[of] p2a: Tyrant's Downpour
|turn|11
|
|t:|1779653200
|move|p1a: Zamazenta|Reflect|p1a: Zamazenta
|-sidestart|p1: ClRCUS MAXIMUS|Reflect
|move|p2a: Tyrant's Downpour|Hurricane|p1a: Zamazenta
|-supereffective|p1a: Zamazenta
|-crit|p1a: Zamazenta
|-damage|p1a: Zamazenta|0 fnt
|faint|p1a: Zamazenta
|
|-weather|RainDance|[upkeep]
|upkeep
|
|t:|1779653209
|switch|p1a: Iron Valiant|Iron Valiant, shiny|100/100
|-damage|p1a: Iron Valiant|94/100|[from] Stealth Rock
|-enditem|p1a: Iron Valiant|Booster Energy
|-activate|p1a: Iron Valiant|ability: Quark Drive|[fromitem]
|-start|p1a: Iron Valiant|quarkdrivespe
|turn|12
|
|t:|1779653218
|switch|p2a: King Tyrant|Tyranitar, M, tera:Ghost|94/100
|-weather|Sandstorm|[from] ability: Sand Stream|[of] p2a: King Tyrant
|move|p1a: Iron Valiant|Knock Off|p2a: King Tyrant
|-supereffective|p2a: King Tyrant
|-damage|p2a: King Tyrant|51/100
|-enditem|p2a: King Tyrant|Weakness Policy
|-boost|p2a: King Tyrant|atk|2|[from] item: Weakness Policy
|-boost|p2a: King Tyrant|spa|2|[from] item: Weakness Policy
|
|-weather|Sandstorm|[upkeep]
|-damage|p1a: Iron Valiant|88/100|[from] Sandstorm
|-damage|p2a: King Tyrant|45/100|[from] Sandstorm
|upkeep
|turn|13
|
|t:|1779653229
|move|p1a: Iron Valiant|Swords Dance|p1a: Iron Valiant
|-boost|p1a: Iron Valiant|atk|2
|move|p2a: King Tyrant|Ice Beam|p1a: Iron Valiant
|-damage|p1a: Iron Valiant|7/100
|-status|p1a: Iron Valiant|frz
|
|-weather|Sandstorm|[upkeep]
|-damage|p1a: Iron Valiant|1/100 frz|[from] Sandstorm
|-damage|p2a: King Tyrant|38/100|[from] Sandstorm
|upkeep
|turn|14
|
|t:|1779653237
|cant|p1a: Iron Valiant|frz
|move|p2a: King Tyrant|Ice Beam|p1a: Iron Valiant
|-damage|p1a: Iron Valiant|0 fnt
|faint|p1a: Iron Valiant
|-end|p1a: Iron Valiant|Quark Drive|[silent]
|
|-weather|Sandstorm|[upkeep]
|-damage|p2a: King Tyrant|32/100|[from] Sandstorm
|upkeep
|
|t:|1779653243
|switch|p1a: Gholdengo|Gholdengo, shiny|100/100
|-damage|p1a: Gholdengo|94/100|[from] Stealth Rock
|-item|p1a: Gholdengo|Air Balloon
|turn|15
|
|t:|1779653250
|move|p1a: Gholdengo|Shadow Ball|p2a: King Tyrant
|-supereffective|p2a: King Tyrant
|-damage|p2a: King Tyrant|0 fnt
|faint|p2a: King Tyrant
|
|-weather|Sandstorm|[upkeep]
|-sideend|p1: ClRCUS MAXIMUS|Reflect
|upkeep
|
|t:|1779653256
|switch|p2a: Tyrant's Legacy|Excadrill, M|100/100
|turn|16
|
|t:|1779653264
|move|p2a: Tyrant's Legacy|Iron Head|p1a: Gholdengo
|-resisted|p1a: Gholdengo
|-damage|p1a: Gholdengo|61/100
|-enditem|p1a: Gholdengo|Air Balloon
|-damage|p2a: Tyrant's Legacy|91/100|[from] item: Life Orb
|cant|p1a: Gholdengo|flinch
|
|-weather|none
|upkeep
|turn|17
|
|t:|1779653273
|move|p2a: Tyrant's Legacy|Earthquake|p1a: Gholdengo
|-supereffective|p1a: Gholdengo
|-damage|p1a: Gholdengo|0 fnt
|faint|p1a: Gholdengo
|-damage|p2a: Tyrant's Legacy|81/100|[from] item: Life Orb
|
|upkeep
|
|t:|1779653277
|switch|p1a: Great Tusk|Great Tusk, shiny|100/100
|-damage|p1a: Great Tusk|98/100|[from] Stealth Rock
|-enditem|p1a: Great Tusk|Booster Energy
|-activate|p1a: Great Tusk|ability: Protosynthesis|[fromitem]
|-start|p1a: Great Tusk|protosynthesisatk
|turn|18
|
|t:|1779653283
|move|p1a: Great Tusk|Bulk Up|p1a: Great Tusk
|-boost|p1a: Great Tusk|atk|1
|-boost|p1a: Great Tusk|def|1
|move|p2a: Tyrant's Legacy|Earthquake|p1a: Great Tusk
|-damage|p1a: Great Tusk|58/100
|-damage|p2a: Tyrant's Legacy|71/100|[from] item: Life Orb
|
|upkeep
|turn|19
|inactive|ClRCUS MAXIMUS has 120 seconds left.
|
|t:|1779653313
|move|p1a: Great Tusk|Headlong Rush|p2a: Tyrant's Legacy
|-supereffective|p2a: Tyrant's Legacy
|-damage|p2a: Tyrant's Legacy|0 fnt
|-unboost|p1a: Great Tusk|def|1
|-unboost|p1a: Great Tusk|spd|1
|faint|p2a: Tyrant's Legacy
|
|upkeep
|
|t:|1779653319
|switch|p2a: Tyrant's Downpour|Pelipper, M|67/100
|-weather|RainDance|[from] ability: Drizzle|[of] p2a: Tyrant's Downpour
|turn|20
|
|t:|1779653328
|move|p1a: Great Tusk|Head Smash|p2a: Tyrant's Downpour
|-supereffective|p2a: Tyrant's Downpour
|-damage|p2a: Tyrant's Downpour|0 fnt
|faint|p2a: Tyrant's Downpour
|-damage|p1a: Great Tusk|29/100|[from] Recoil
|
|-weather|RainDance|[upkeep]
|upkeep
|j| KIRAXX200
|j| ecall
|
|t:|1779653334
|switch|p2a: Tyrant's Endgame|Quaquaval, M|100/100
|turn|21
|
|t:|1779653337
|-terastallize|p1a: Great Tusk|Fighting
|move|p2a: Tyrant's Endgame|Aqua Jet|p1a: Great Tusk
|-damage|p1a: Great Tusk|0 fnt
|faint|p1a: Great Tusk
|-end|p1a: Great Tusk|Protosynthesis|[silent]
|
|win|kshuaib734
|raw|ClRCUS MAXIMUS's rating: 1785 &rarr; <strong>1766</strong><br />(-19 for losing)
|raw|kshuaib734's rating: 1806 &rarr; <strong>1825</strong><br />(+19 for winning)
|l|‽ClRCUS MAXIMUS
|player|p1|
|l|☆kshuaib734
|player|p2|
|l| ecall
