|inactive|Battle timer is ON: inactive players will automatically lose when time's up.
|t:|1779570482
|gametype|singles
|player|p1|fardin|gentleman-gen4dp|
|player|p2|storm zone|#wcop2021latinamerica|
|gen|9
|tier|[Gen 9] OU
|rule|HP Percentage Mod: HP is shown in percentages
|rule|Endless Battle Clause: Forcing endless battles is banned
|rule|Species Clause: Limit one of each Pokémon
|rule|OHKO Clause: OHKO moves are banned
|rule|Evasion Items Clause: Evasion items are banned
|rule|Evasion Moves Clause: Evasion moves are banned
|rule|Evasion Abilities Clause: Evasion abilities are banned
|rule|Sleep Moves Clause: Sleep-inducing moves are banned
|clearpoke
|poke|p1|Cinderace, F|
|poke|p1|Slowking-Galar, F|
|poke|p1|Great Tusk|
|poke|p1|Alomomola, F|
|poke|p1|Iron Hands|
|poke|p1|Tornadus-Therian, M|
|poke|p2|Hatterene, F|
|poke|p2|Zamazenta-*|
|poke|p2|Cresselia, F|
|poke|p2|Ursaluna, M|
|poke|p2|Hoopa-Unbound|
|poke|p2|Volcanion|
|teampreview
|c|☆fardin|hf
|c|☆storm zone|u2
|inactive|fardin has 270 seconds left.
|
|t:|1779570514
|teamsize|p1|6
|teamsize|p2|6
|start
|switch|p1a: Cinderace|Cinderace, F|100/100
|switch|p2a: Magatama|Volcanion|100/100
|turn|1
|
|t:|1779570519
|move|p1a: Cinderace|U-turn|p2a: Magatama
|-resisted|p2a: Magatama
|-damage|p2a: Magatama|93/100
|
|t:|1779570521
|switch|p1a: Alomomola|Alomomola, F|100/100|[from] U-turn
|move|p2a: Magatama|Steam Eruption|p1a: Alomomola
|-resisted|p1a: Alomomola
|-damage|p1a: Alomomola|77/100
|
|upkeep
|turn|2
|
|t:|1779570529
|move|p2a: Magatama|Steam Eruption|p1a: Alomomola
|-resisted|p1a: Alomomola
|-damage|p1a: Alomomola|50/100
|move|p1a: Alomomola|Flip Turn|p2a: Magatama
|-heal|p2a: Magatama|100/100|[from] ability: Water Absorb|[of] p1a: Alomomola
|
|upkeep
|turn|3
|
|t:|1779570534
|move|p2a: Magatama|Steam Eruption|p1a: Alomomola
|-resisted|p1a: Alomomola
|-damage|p1a: Alomomola|23/100
|move|p1a: Alomomola|Flip Turn|p2a: Magatama
|-immune|p2a: Magatama|[from] ability: Water Absorb
|
|upkeep
|turn|4
|
|t:|1779570540
|switch|p1a: Slowking|Slowking-Galar, F|100/100
|move|p2a: Magatama|Steam Eruption|p1a: Slowking
|-damage|p1a: Slowking|35/100
|-status|p1a: Slowking|brn
|
|-damage|p1a: Slowking|29/100 brn|[from] brn
|upkeep
|turn|5
|
|t:|1779570545
|switch|p2a: Juggernaut|Ursaluna, M, shiny|100/100
|switch|p1a: Alomomola|Alomomola, F|57/100
|
|-status|p2a: Juggernaut|brn|[from] item: Flame Orb
|upkeep
|turn|6
|
|t:|1779570555
|switch|p1a: Great Tusk|Great Tusk|100/100
|move|p2a: Juggernaut|Facade|p1a: Great Tusk
|-damage|p1a: Great Tusk|15/100
|
|-damage|p2a: Juggernaut|94/100 brn|[from] brn
|upkeep
|turn|7
|
|t:|1779570561
|-end|p1a: Great Tusk|Protosynthesis|[silent]
|switch|p1a: Alomomola|Alomomola, F|90/100
|switch|p2a: Lacey Evans|Hatterene, F, shiny|100/100
|
|upkeep
|turn|8
|
|t:|1779570574
|move|p1a: Alomomola|Flip Turn|p2a: Lacey Evans
|-damage|p2a: Lacey Evans|86/100
|-damage|p1a: Alomomola|73/100|[from] item: Rocky Helmet|[of] p2a: Lacey Evans
|
|t:|1779570576
|switch|p1a: Slowking|Slowking-Galar, F|62/100 brn|[from] Flip Turn
|move|p2a: Lacey Evans|Trick Room|p2a: Lacey Evans
|-fieldstart|move: Trick Room|[of] p2a: Lacey Evans
|
|-damage|p1a: Slowking|56/100 brn|[from] brn
|upkeep
|turn|9
|
|t:|1779570583
|switch|p2a: Khaos|Hoopa-Unbound|100/100
|-prepare|p1a: Slowking|Chilly Reception|[premajor]
|move|p1a: Slowking|Chilly Reception|p1a: Slowking
|-weather|Snowscape
|
|t:|1779570586
|switch|p1a: Iron Hands|Iron Hands|100/100|[from] Chilly Reception
|
|-weather|Snowscape|[upkeep]
|upkeep
|turn|10
|
|t:|1779570595
|switch|p2a: Lacey Evans|Hatterene, F, shiny|86/100
|move|p1a: Iron Hands|Close Combat|p2a: Lacey Evans
|-resisted|p2a: Lacey Evans
|-damage|p2a: Lacey Evans|64/100
|-unboost|p1a: Iron Hands|def|1
|-unboost|p1a: Iron Hands|spd|1
|-damage|p1a: Iron Hands|84/100|[from] item: Rocky Helmet|[of] p2a: Lacey Evans
|
|-weather|Snowscape|[upkeep]
|upkeep
|turn|11
|
|t:|1779570603
|-end|p1a: Iron Hands|Quark Drive|[silent]
|switch|p1a: Alomomola|Alomomola, F|100/100
|move|p2a: Lacey Evans|Dazzling Gleam|p1a: Alomomola
|-damage|p1a: Alomomola|82/100
|
|-weather|Snowscape|[upkeep]
|upkeep
|turn|12
|
|t:|1779570608
|switch|p2a: Magatama|Volcanion|100/100
|move|p1a: Alomomola|Play Rough|p2a: Magatama
|-resisted|p2a: Magatama
|-damage|p2a: Magatama|94/100
|
|-weather|Snowscape|[upkeep]
|-fieldend|move: Trick Room
|upkeep
|turn|13
|
|t:|1779570615
|switch|p2a: Lacey Evans|Hatterene, F, shiny|64/100
|move|p1a: Alomomola|Mirror Coat||[still]
|-fail|p1a: Alomomola
|
|-weather|none
|upkeep
|turn|14
|
|t:|1779570620
|move|p1a: Alomomola|Flip Turn|p2a: Lacey Evans
|-damage|p2a: Lacey Evans|51/100
|-damage|p1a: Alomomola|65/100|[from] item: Rocky Helmet|[of] p2a: Lacey Evans
|
|t:|1779570624
|switch|p1a: Slowking|Slowking-Galar, F|89/100 brn|[from] Flip Turn
|move|p2a: Lacey Evans|Trick Room|p2a: Lacey Evans
|-fieldstart|move: Trick Room|[of] p2a: Lacey Evans
|
|-damage|p1a: Slowking|83/100 brn|[from] brn
|upkeep
|turn|15
|
|t:|1779570634
|switch|p2a: Juggernaut|Ursaluna, M, shiny|94/100 brn
|-prepare|p1a: Slowking|Chilly Reception|[premajor]
|move|p1a: Slowking|Chilly Reception|p1a: Slowking
|-weather|Snowscape
|inactive|fardin has 270 seconds left.
|
|t:|1779570675
|switch|p1a: Alomomola|Alomomola, F|98/100|[from] Chilly Reception
|
|-weather|Snowscape|[upkeep]
|-damage|p2a: Juggernaut|88/100 brn|[from] brn
|upkeep
|turn|16
|
|t:|1779570684
|-terastallize|p2a: Juggernaut|Normal
|move|p1a: Alomomola|Scald|p2a: Juggernaut
|-damage|p2a: Juggernaut|76/100 brn
|move|p2a: Juggernaut|Facade|p1a: Alomomola
|-damage|p1a: Alomomola|0 fnt
|faint|p1a: Alomomola
|
|-weather|Snowscape|[upkeep]
|-damage|p2a: Juggernaut|70/100 brn|[from] brn
|upkeep
|inactive|fardin has 270 seconds left.
|
|t:|1779570698
|switch|p1a: Iron Hands|Iron Hands|84/100
|turn|17
|inactive|fardin has 270 seconds left.
|
|t:|1779570709
|-end|p1a: Iron Hands|Quark Drive|[silent]
|switch|p1a: Great Tusk|Great Tusk|15/100
|move|p2a: Juggernaut|Protect||[still]
|-fail|p2a: Juggernaut
|
|-weather|Snowscape|[upkeep]
|-damage|p2a: Juggernaut|64/100 brn|[from] brn
|upkeep
|turn|18
|
|t:|1779570714
|move|p2a: Juggernaut|Facade|p1a: Great Tusk
|-damage|p1a: Great Tusk|0 fnt
|faint|p1a: Great Tusk
|-end|p1a: Great Tusk|Protosynthesis|[silent]
|
|-weather|Snowscape|[upkeep]
|-damage|p2a: Juggernaut|58/100 brn|[from] brn
|-fieldend|move: Trick Room
|upkeep
|
|t:|1779570716
|switch|p1a: Tornadus|Tornadus-Therian, M|100/100
|turn|19
|
|t:|1779570722
|switch|p2a: Crescent|Cresselia, F, shiny|100/100
|move|p1a: Tornadus|Focus Blast|p2a: Crescent|[miss]
|-miss|p1a: Tornadus|p2a: Crescent
|
|-weather|none
|upkeep
|turn|20
|
|t:|1779570730
|switch|p1a: Slowking|Slowking-Galar, F|100/100 brn
|move|p2a: Crescent|Trick Room|p2a: Crescent
|-fieldstart|move: Trick Room|[of] p2a: Crescent
|
|-damage|p1a: Slowking|94/100 brn|[from] brn
|upkeep
|turn|21
|
|t:|1779570737
|-prepare|p1a: Slowking|Chilly Reception|[premajor]
|move|p1a: Slowking|Chilly Reception|p1a: Slowking
|-weather|Snowscape
|
|t:|1779570748
|switch|p1a: Cinderace|Cinderace, F|100/100|[from] Chilly Reception
|move|p2a: Crescent|Light Screen|p2a: Crescent
|-sidestart|p2: storm zone|move: Light Screen
|
|-weather|Snowscape|[upkeep]
|upkeep
|turn|22
|
|t:|1779570754
|switch|p2a: Juggernaut|Ursaluna, M, shiny, tera:Normal|58/100 brn
|move|p1a: Cinderace|U-turn|p2a: Juggernaut
|-damage|p2a: Juggernaut|44/100 brn
|
|t:|1779570762
|switch|p1a: Iron Hands|Iron Hands|84/100|[from] U-turn
|
|-weather|Snowscape|[upkeep]
|-damage|p2a: Juggernaut|38/100 brn|[from] brn
|upkeep
|turn|23
|
|t:|1779570771
|move|p2a: Juggernaut|Protect|p2a: Juggernaut
|-singleturn|p2a: Juggernaut|Protect
|move|p1a: Iron Hands|Wild Charge|p2a: Juggernaut
|-activate|p2a: Juggernaut|move: Protect
|
|-weather|Snowscape|[upkeep]
|-damage|p2a: Juggernaut|32/100 brn|[from] brn
|upkeep
|turn|24
|
|t:|1779570779
|switch|p2a: Lacey Evans|Hatterene, F, shiny|51/100
|-end|p1a: Iron Hands|Quark Drive|[silent]
|switch|p1a: Cinderace|Cinderace, F|100/100
|
|-weather|Snowscape|[upkeep]
|-fieldend|move: Trick Room
|upkeep
|turn|25
|
|t:|1779570782
|move|p1a: Cinderace|Pyro Ball|p2a: Lacey Evans
|-damage|p2a: Lacey Evans|14/100
|move|p2a: Lacey Evans|Trick Room|p2a: Lacey Evans
|-fieldstart|move: Trick Room|[of] p2a: Lacey Evans
|
|-weather|none
|upkeep
|turn|26
|
|t:|1779570791
|switch|p1a: Tornadus|Tornadus-Therian, M|100/100
|move|p2a: Lacey Evans|Healing Wish|p2a: Lacey Evans
|faint|p2a: Lacey Evans
|
|upkeep
|
|t:|1779570795
|switch|p2a: Juggernaut|Ursaluna, M, shiny, tera:Normal|32/100 brn
|-heal|p2a: Juggernaut|100/100|[from] move: Healing Wish
|turn|27
|
|t:|1779570803
|-terastallize|p1a: Tornadus|Steel
|move|p2a: Juggernaut|Protect|p2a: Juggernaut
|-singleturn|p2a: Juggernaut|Protect
|move|p1a: Tornadus|Focus Blast|p2a: Juggernaut
|-activate|p2a: Juggernaut|move: Protect
|
|-status|p2a: Juggernaut|brn|[from] item: Flame Orb
|upkeep
|turn|28
|
|t:|1779570811
|switch|p1a: Cinderace|Cinderace, F|100/100
|move|p2a: Juggernaut|Headlong Rush|p1a: Cinderace
|-supereffective|p1a: Cinderace
|-damage|p1a: Cinderace|0 fnt
|-unboost|p2a: Juggernaut|def|1
|-unboost|p2a: Juggernaut|spd|1
|faint|p1a: Cinderace
|
|-damage|p2a: Juggernaut|94/100 brn|[from] brn
|-sideend|p2: storm zone|move: Light Screen
|upkeep
|
|t:|1779570813
|switch|p1a: Iron Hands|Iron Hands|84/100
|turn|29
|
|t:|1779570827
|switch|p2a: Crescent|Cresselia, F, shiny|100/100
|move|p1a: Iron Hands|Close Combat|p2a: Crescent
|-resisted|p2a: Crescent
|-damage|p2a: Crescent|60/100
|-unboost|p1a: Iron Hands|def|1
|-unboost|p1a: Iron Hands|spd|1
|
|-fieldend|move: Trick Room
|upkeep
|turn|30
|
|t:|1779570832
|move|p2a: Crescent|Reflect|p2a: Crescent
|-sidestart|p2: storm zone|Reflect
|move|p1a: Iron Hands|Close Combat|p2a: Crescent
|-resisted|p2a: Crescent
|-damage|p2a: Crescent|39/100
|-unboost|p1a: Iron Hands|def|1
|-unboost|p1a: Iron Hands|spd|1
|
|upkeep
|turn|31
|
|t:|1779570835
|-end|p1a: Iron Hands|Quark Drive|[silent]
|switch|p1a: Slowking|Slowking-Galar, F|100/100 brn
|move|p2a: Crescent|Light Screen|p2a: Crescent
|-sidestart|p2: storm zone|move: Light Screen
|
|-damage|p1a: Slowking|94/100 brn|[from] brn
|upkeep
|turn|32
|
|t:|1779570839
|move|p2a: Crescent|Lunar Dance|p2a: Crescent
|faint|p2a: Crescent
|move|p1a: Slowking|Future Sight|p2: Crescent
|-start|p1a: Slowking|move: Future Sight
|
|-damage|p1a: Slowking|88/100 brn|[from] brn
|upkeep
|
|t:|1779570841
|switch|p2a: Khaos|Hoopa-Unbound|100/100
|turn|33
|
|t:|1779570847
|switch|p1a: Iron Hands|Iron Hands|84/100
|move|p2a: Khaos|Dark Pulse|p1a: Iron Hands
|-resisted|p1a: Iron Hands
|-damage|p1a: Iron Hands|50/100
|-damage|p2a: Khaos|91/100|[from] item: Life Orb
|
|upkeep
|turn|34
|
|t:|1779570853
|-end|p1a: Iron Hands|Quark Drive|[silent]
|switch|p1a: Tornadus|Tornadus-Therian, M, tera:Steel|100/100
|move|p2a: Khaos|Psychic Noise|p1a: Tornadus
|-resisted|p1a: Tornadus
|-damage|p1a: Tornadus|58/100
|-start|p1a: Tornadus|move: Heal Block
|-damage|p2a: Khaos|81/100|[from] item: Life Orb
|
|-end|p2a: Khaos|move: Future Sight
|-immune|p2a: Khaos
|upkeep
|turn|35
|
|t:|1779570861
|switch|p1a: Iron Hands|Iron Hands|50/100
|move|p2a: Khaos|Dark Pulse|p1a: Iron Hands
|-resisted|p1a: Iron Hands
|-damage|p1a: Iron Hands|15/100
|-damage|p2a: Khaos|71/100|[from] item: Life Orb
|
|upkeep
|turn|36
|
|t:|1779570869
|move|p2a: Khaos|Dark Pulse|p1a: Iron Hands
|-resisted|p1a: Iron Hands
|-damage|p1a: Iron Hands|0 fnt
|faint|p1a: Iron Hands
|-end|p1a: Iron Hands|Quark Drive|[silent]
|-damage|p2a: Khaos|61/100|[from] item: Life Orb
|
|upkeep
|
|t:|1779570873
|switch|p1a: Tornadus|Tornadus-Therian, M, tera:Steel|91/100
|turn|37
|
|t:|1779570877
|move|p1a: Tornadus|Nasty Plot|p1a: Tornadus
|-boost|p1a: Tornadus|spa|2
|move|p2a: Khaos|Dark Pulse|p1a: Tornadus
|-damage|p1a: Tornadus|3/100
|-damage|p2a: Khaos|51/100|[from] item: Life Orb
|
|-sideend|p2: storm zone|Reflect
|upkeep
|turn|38
|
|t:|1779570881
|move|p1a: Tornadus|Bleakwind Storm|p2a: Khaos|[miss]
|-miss|p1a: Tornadus|p2a: Khaos
|move|p2a: Khaos|Dark Pulse|p1a: Tornadus
|-damage|p1a: Tornadus|0 fnt
|faint|p1a: Tornadus
|-damage|p2a: Khaos|41/100|[from] item: Life Orb
|
|-sideend|p2: storm zone|move: Light Screen
|upkeep
|c|☆fardin|gg
|-message|fardin forfeited.
|
|win|storm zone
|c|☆storm zone|gg
|player|p2|
|player|p1|
|player|p1|fardin|gentleman-gen4dp|
|player|p1|
