|j|☆joselui0077
|j|☆hexadecimalzz
|t:|1779633653
|gametype|singles
|player|p1|joselui0077|169|1124
|player|p2|hexadecimalzz|dawn-gen4pt|1147
|gen|9
|tier|[Gen 9] OU
|rated|
|rule|HP Percentage Mod: HP is shown in percentages
|rule|Endless Battle Clause: Forcing endless battles is banned
|rule|Species Clause: Limit one of each Pokémon
|rule|OHKO Clause: OHKO moves are banned
|rule|Evasion Items Clause: Evasion items are banned
|rule|Evasion Moves Clause: Evasion moves are banned
|rule|Evasion Abilities Clause: Evasion abilities are banned
|rule|Sleep Moves Clause: Sleep-inducing moves are banned
|clearpoke
|poke|p1|Ceruledge, M|
|poke|p1|Primarina, F|
|poke|p1|Zamazenta-*|
|poke|p1|Rillaboom, F|
|poke|p1|Gholdengo|
|poke|p1|Polteageist|
|poke|p2|Cinderace, F|
|poke|p2|Glimmora, M|
|poke|p2|Gholdengo|
|poke|p2|Toxapex, F|
|poke|p2|Kingambit, M|
|poke|p2|Scyther, M|
|teampreview
|inactive|Battle timer is ON: inactive players will automatically lose when time's up. (requested by hexadecimalzz)
|
|t:|1779633658
|teamsize|p1|6
|teamsize|p2|6
|start
|switch|p1a: Polteageist|Polteageist|100/100
|switch|p2a: Glimmora|Glimmora, M, shiny|100/100
|turn|1
|
|t:|1779633666
|move|p1a: Polteageist|Shell Smash|p1a: Polteageist
|-unboost|p1a: Polteageist|def|1
|-unboost|p1a: Polteageist|spd|1
|-boost|p1a: Polteageist|atk|2
|-boost|p1a: Polteageist|spa|2
|-boost|p1a: Polteageist|spe|2
|move|p2a: Glimmora|Stealth Rock|p1a: Polteageist
|-sidestart|p1: joselui0077|move: Stealth Rock
|
|upkeep
|turn|2
|
|t:|1779633674
|move|p1a: Polteageist|Stored Power|p2a: Glimmora
|-supereffective|p2a: Glimmora
|-crit|p2a: Glimmora
|-enditem|p2a: Glimmora|Focus Sash
|-damage|p2a: Glimmora|1/100
|move|p2a: Glimmora|Toxic|p1a: Polteageist
|-status|p1a: Polteageist|tox
|
|-damage|p1a: Polteageist|94/100 tox|[from] psn
|upkeep
|turn|3
|
|t:|1779633684
|switch|p2a: Kingambit|Kingambit, M|100/100
|move|p1a: Polteageist|Stored Power|p2a: Kingambit
|-immune|p2a: Kingambit
|
|-damage|p1a: Polteageist|82/100 tox|[from] psn
|upkeep
|turn|4
|
|t:|1779633694
|-end|p2a: Kingambit|fallenundefined|[silent]
|switch|p2a: Toxapex|Toxapex, F, shiny|100/100
|move|p1a: Polteageist|Dark Pulse|p2a: Toxapex
|-damage|p2a: Toxapex|56/100
|
|-damage|p1a: Polteageist|64/100 tox|[from] psn
|upkeep
|turn|5
|
|t:|1779633703
|move|p2a: Toxapex|Baneful Bunker|p2a: Toxapex
|-singleturn|p2a: Toxapex|move: Protect
|move|p1a: Polteageist|Dark Pulse|p2a: Toxapex
|-activate|p2a: Toxapex|move: Protect
|
|-damage|p1a: Polteageist|39/100 tox|[from] psn
|upkeep
|turn|6
|
|t:|1779633710
|move|p1a: Polteageist|Stored Power|p2a: Toxapex
|-supereffective|p2a: Toxapex
|-damage|p2a: Toxapex|0 fnt
|faint|p2a: Toxapex
|
|-damage|p1a: Polteageist|9/100 tox|[from] psn
|upkeep
|
|t:|1779633717
|switch|p2a: Scyther|Scyther, M|100/100
|turn|7
|
|t:|1779633724
|switch|p2a: Kingambit|Kingambit, M|100/100
|-activate|p2a: Kingambit|ability: Supreme Overlord
|-start|p2a: Kingambit|fallen1|[silent]
|move|p1a: Polteageist|Stored Power|p2a: Kingambit
|-immune|p2a: Kingambit
|
|-damage|p1a: Polteageist|0 fnt|[from] psn
|faint|p1a: Polteageist
|upkeep
|
|t:|1779633731
|switch|p1a: Zamazenta|Zamazenta|100/100
|-damage|p1a: Zamazenta|94/100|[from] Stealth Rock
|-ability|p1a: Zamazenta|Dauntless Shield|boost
|-boost|p1a: Zamazenta|def|1
|turn|8
|
|t:|1779633737
|-end|p2a: Kingambit|fallen1|[silent]
|switch|p2a: Glimmora|Glimmora, M, shiny|1/100
|move|p1a: Zamazenta|Close Combat|p2a: Glimmora
|-damage|p2a: Glimmora|0 fnt
|-unboost|p1a: Zamazenta|def|1
|-unboost|p1a: Zamazenta|spd|1
|-activate|p2a: Glimmora|ability: Toxic Debris
|-sidestart|p1: joselui0077|move: Toxic Spikes
|faint|p2a: Glimmora
|
|-heal|p1a: Zamazenta|100/100|[from] item: Leftovers
|upkeep
|
|t:|1779633748
|switch|p2a: Scyther|Scyther, M|100/100
|turn|9
|
|t:|1779633757
|move|p1a: Zamazenta|Stone Edge|p2a: Scyther
|-supereffective|p2a: Scyther
|-crit|p2a: Scyther
|-damage|p2a: Scyther|0 fnt
|faint|p2a: Scyther
|
|upkeep
|-message|hexadecimalzz forfeited.
|
|win|joselui0077
|raw|joselui0077's rating: 1124 &rarr; <strong>1151</strong><br />(+27 for winning)
|raw|hexadecimalzz's rating: 1147 &rarr; <strong>1120</strong><br />(-27 for losing)
|l|☆hexadecimalzz
|player|p2|
|l|☆joselui0077
|player|p1|
