|j|☆phap'a
|j|☆Shock Market
|t:|1779556102
|gametype|singles
|player|p1|phap'a|dawn|1196
|player|p2|Shock Market|canari|1242
|gen|9
|tier|[Gen 9] OU
|rated|
|rule|HP Percentage Mod: HP is shown in percentages
|rule|Endless Battle Clause: Forcing endless battles is banned
|rule|Species Clause: Limit one of each Pokémon
|rule|OHKO Clause: OHKO moves are banned
|rule|Evasion Items Clause: Evasion items are banned
|rule|Evasion Moves Clause: Evasion moves are banned
|rule|Evasion Abilities Clause: Evasion abilities are banned
|rule|Sleep Moves Clause: Sleep-inducing moves are banned
|clearpoke
|poke|p1|Iron Treads|
|poke|p1|Samurott-Hisui, M|
|poke|p1|Iron Moth|
|poke|p1|Kyurem|
|poke|p1|Ting-Lu|
|poke|p1|Regieleki|
|poke|p2|Ursaluna, F|
|poke|p2|Rillaboom, M|
|poke|p2|Corviknight, F|
|poke|p2|Hoopa-Unbound|
|poke|p2|Alomomola, M|
|poke|p2|Kyurem|
|teampreview
|inactive|Battle timer is ON: inactive players will automatically lose when time's up. (requested by phap'a)
|c|☆phap'a|GLHF
|
|t:|1779556108
|teamsize|p1|6
|teamsize|p2|6
|start
|switch|p1a: Regieleki|Regieleki|100/100
|switch|p2a: Kyurem|Kyurem|100/100
|-ability|p2a: Kyurem|Pressure
|turn|1
|
|t:|1779556115
|move|p1a: Regieleki|Reflect|p1a: Regieleki
|-sidestart|p1: phap'a|Reflect
|move|p2a: Kyurem|Freeze-Dry|p1a: Regieleki
|-damage|p1a: Regieleki|13/100
|
|upkeep
|turn|2
|
|t:|1779556119
|move|p1a: Regieleki|Light Screen|p1a: Regieleki
|-sidestart|p1: phap'a|move: Light Screen
|move|p2a: Kyurem|Freeze-Dry|p1a: Regieleki
|-damage|p1a: Regieleki|0 fnt
|faint|p1a: Regieleki
|
|upkeep
|
|t:|1779556128
|switch|p1a: Iron Moth|Iron Moth|100/100
|-enditem|p1a: Iron Moth|Booster Energy
|-activate|p1a: Iron Moth|ability: Quark Drive|[fromitem]
|-start|p1a: Iron Moth|quarkdrivespa
|turn|3
|
|t:|1779556136
|switch|p2a: Hoopa|Hoopa-Unbound|100/100
|move|p1a: Iron Moth|Fiery Dance|p2a: Hoopa
|-damage|p2a: Hoopa|70/100
|
|upkeep
|turn|4
|
|t:|1779556142
|move|p1a: Iron Moth|Dazzling Gleam|p2a: Hoopa
|-supereffective|p2a: Hoopa
|-damage|p2a: Hoopa|29/100
|move|p2a: Hoopa|Psychic Noise|p1a: Iron Moth
|-supereffective|p1a: Iron Moth
|-damage|p1a: Iron Moth|51/100
|-start|p1a: Iron Moth|move: Heal Block
|
|upkeep
|turn|5
|
|t:|1779556152
|move|p1a: Iron Moth|Dazzling Gleam|p2a: Hoopa
|-supereffective|p2a: Hoopa
|-damage|p2a: Hoopa|0 fnt
|faint|p2a: Hoopa
|
|-end|p1a: Iron Moth|move: Heal Block
|-sideend|p1: phap'a|Reflect
|upkeep
|
|t:|1779556161
|switch|p2a: Alomomola|Alomomola, M|100/100
|turn|6
|
|t:|1779556165
|-terastallize|p1a: Iron Moth|Grass
|move|p1a: Iron Moth|Energy Ball|p2a: Alomomola
|-supereffective|p2a: Alomomola
|-damage|p2a: Alomomola|0 fnt
|faint|p2a: Alomomola
|
|-sideend|p1: phap'a|move: Light Screen
|upkeep
|
|t:|1779556171
|switch|p2a: Kyurem|Kyurem|100/100
|-ability|p2a: Kyurem|Pressure
|turn|7
|
|t:|1779556178
|move|p1a: Iron Moth|Fiery Dance|p2a: Kyurem
|-damage|p2a: Kyurem|44/100
|move|p2a: Kyurem|Ice Beam|p1a: Iron Moth
|-supereffective|p1a: Iron Moth
|-damage|p1a: Iron Moth|0 fnt
|faint|p1a: Iron Moth
|-end|p1a: Iron Moth|Quark Drive|[silent]
|
|upkeep
|
|t:|1779556186
|switch|p1a: Iron Treads|Iron Treads|100/100
|-enditem|p1a: Iron Treads|Booster Energy
|-activate|p1a: Iron Treads|ability: Quark Drive|[fromitem]
|-start|p1a: Iron Treads|quarkdrivespe
|turn|8
|
|t:|1779556192
|switch|p2a: Corviknight|Corviknight, F|100/100
|-ability|p2a: Corviknight|Pressure
|move|p1a: Iron Treads|Iron Head|p2a: Corviknight
|-resisted|p2a: Corviknight
|-damage|p2a: Corviknight|89/100
|-damage|p1a: Iron Treads|84/100|[from] item: Rocky Helmet|[of] p2a: Corviknight
|
|upkeep
|turn|9
|
|t:|1779556211
|move|p1a: Iron Treads|Volt Switch|p2a: Corviknight
|-supereffective|p2a: Corviknight
|-damage|p2a: Corviknight|67/100
|
|t:|1779556217
|-end|p1a: Iron Treads|Quark Drive|[silent]
|switch|p1a: Ting-Lu|Ting-Lu|100/100|[from] Volt Switch
|-ability|p1a: Ting-Lu|Vessel of Ruin
|move|p2a: Corviknight|U-turn|p1a: Ting-Lu
|-supereffective|p1a: Ting-Lu
|-damage|p1a: Ting-Lu|83/100
|-damage|p2a: Corviknight|51/100|[from] item: Rocky Helmet|[of] p1a: Ting-Lu
|
|t:|1779556233
|switch|p2a: Rillaboom|Rillaboom, M|100/100|[from] U-turn
|-fieldstart|move: Grassy Terrain|[from] ability: Grassy Surge|[of] p2a: Rillaboom
|
|-heal|p1a: Ting-Lu|90/100|[from] Grassy Terrain
|upkeep
|turn|10
|
|t:|1779556237
|move|p2a: Rillaboom|Wood Hammer|p1a: Ting-Lu
|-supereffective|p1a: Ting-Lu
|-damage|p1a: Ting-Lu|0 fnt
|-damage|p2a: Rillaboom|84/100|[from] item: Rocky Helmet|[of] p1a: Ting-Lu
|faint|p1a: Ting-Lu
|-damage|p2a: Rillaboom|40/100|[from] Recoil
|
|-heal|p2a: Rillaboom|46/100|[from] Grassy Terrain
|upkeep
|
|t:|1779556247
|switch|p1a: Kyurem|Kyurem|100/100
|-ability|p1a: Kyurem|Pressure
|turn|11
|
|t:|1779556264
|switch|p2a: Corviknight|Corviknight, F|51/100
|-ability|p2a: Corviknight|Pressure
|move|p1a: Kyurem|Dragon Dance|p1a: Kyurem
|-boost|p1a: Kyurem|atk|1
|-boost|p1a: Kyurem|spe|1
|
|upkeep
|turn|12
|
|t:|1779556271
|move|p1a: Kyurem|Icicle Spear|p2a: Corviknight
|-damage|p2a: Corviknight|35/100
|-damage|p2a: Corviknight|19/100
|-hitcount|p2a: Corviknight|2
|move|p2a: Corviknight|Brave Bird|p1a: Kyurem
|-damage|p1a: Kyurem|63/100
|-damage|p2a: Corviknight|7/100|[from] Recoil
|
|-heal|p1a: Kyurem|69/100|[from] Grassy Terrain
|upkeep
|turn|13
|
|t:|1779556281
|move|p1a: Kyurem|Icicle Spear|p2a: Corviknight
|-damage|p2a: Corviknight|0 fnt
|faint|p2a: Corviknight
|-hitcount|p2: Corviknight|1
|
|-heal|p1a: Kyurem|75/100|[from] Grassy Terrain
|-fieldend|move: Grassy Terrain
|upkeep
|
|t:|1779556293
|switch|p2a: Ursaluna|Ursaluna, F|100/100
|turn|14
|
|t:|1779556304
|-terastallize|p2a: Ursaluna|Normal
|move|p1a: Kyurem|Icicle Spear|p2a: Ursaluna
|-damage|p2a: Ursaluna|82/100
|-damage|p2a: Ursaluna|62/100
|-damage|p2a: Ursaluna|44/100
|-hitcount|p2a: Ursaluna|3
|move|p2a: Ursaluna|Headlong Rush|p1a: Kyurem
|-damage|p1a: Kyurem|0 fnt
|-unboost|p2a: Ursaluna|def|1
|-unboost|p2a: Ursaluna|spd|1
|faint|p1a: Kyurem
|
|-status|p2a: Ursaluna|brn|[from] item: Flame Orb
|upkeep
|
|t:|1779556313
|switch|p1a: Samurott|Samurott-Hisui, M|100/100
|turn|15
|inactive|Shock Market has 120 seconds left.
|
|t:|1779556351
|move|p1a: Samurott|Sacred Sword|p2a: Ursaluna
|-supereffective|p2a: Ursaluna
|-damage|p2a: Ursaluna|0 fnt
|faint|p2a: Ursaluna
|-damage|p1a: Samurott|91/100|[from] item: Life Orb
|
|upkeep
|
|t:|1779556359
|switch|p2a: Kyurem|Kyurem|44/100
|-ability|p2a: Kyurem|Pressure
|turn|16
|
|t:|1779556364
|move|p2a: Kyurem|Freeze-Dry|p1a: Samurott
|-supereffective|p1a: Samurott
|-damage|p1a: Samurott|0 fnt
|faint|p1a: Samurott
|
|upkeep
|c|☆phap'a|ya serious?
|c|☆phap'a|i know freeze dry super effective
|c|☆phap'a|but seriously?
|
|t:|1779556388
|switch|p1a: Iron Treads|Iron Treads|84/100
|turn|17
|c|☆phap'a|ggwp
|c|☆phap'a|i am done
|
|t:|1779556399
|move|p1a: Iron Treads|Iron Head|p2a: Kyurem
|-supereffective|p2a: Kyurem
|-damage|p2a: Kyurem|0 fnt
|faint|p2a: Kyurem
|
|upkeep
|
|t:|1779556401
|switch|p2a: Rillaboom|Rillaboom, M|46/100
|-fieldstart|move: Grassy Terrain|[from] ability: Grassy Surge|[of] p2a: Rillaboom
|turn|18
|
|t:|1779556407
|move|p2a: Rillaboom|Grassy Glide|p1a: Iron Treads
|-damage|p1a: Iron Treads|29/100
|move|p1a: Iron Treads|Iron Head|p2a: Rillaboom
|-damage|p2a: Rillaboom|4/100
|
|-heal|p1a: Iron Treads|35/100|[from] Grassy Terrain
|-heal|p2a: Rillaboom|10/100|[from] Grassy Terrain
|upkeep
|turn|19
|c|☆phap'a|at least i lost to a gorilla
|
|t:|1779556426
|move|p2a: Rillaboom|Grassy Glide|p1a: Iron Treads
|-damage|p1a: Iron Treads|0 fnt
|faint|p1a: Iron Treads
|-end|p1a: Iron Treads|Quark Drive|[silent]
|
|win|Shock Market
|raw|phap&apos;a's rating: 1196 &rarr; <strong>1176</strong><br />(-20 for losing)
|raw|Shock Market's rating: 1270 &rarr; <strong>1290</strong><br />(+20 for winning)
|l|☆Shock Market
|player|p2|
