|j|☆charizardcool2017
|j|☆claudechamp
|t:|1779706411
|gametype|singles
|player|p1|charizardcool2017|169|1265
|player|p2|claudechamp|169|1225
|gen|9
|tier|[Gen 9] OU
|rated|
|rule|HP Percentage Mod: HP is shown in percentages
|rule|Endless Battle Clause: Forcing endless battles is banned
|rule|Species Clause: Limit one of each Pokémon
|rule|OHKO Clause: OHKO moves are banned
|rule|Evasion Items Clause: Evasion items are banned
|rule|Evasion Moves Clause: Evasion moves are banned
|rule|Evasion Abilities Clause: Evasion abilities are banned
|rule|Sleep Moves Clause: Sleep-inducing moves are banned
|clearpoke
|poke|p1|Araquanid, F|
|poke|p1|Iron Treads|
|poke|p1|Cinderace, F|
|poke|p1|Kingambit, M|
|poke|p1|Pecharunt|
|poke|p1|Dragonite, M|
|poke|p2|Gliscor, F|
|poke|p2|Ogerpon, F|
|poke|p2|Walking Wake|
|poke|p2|Blissey, F|
|poke|p2|Corviknight, F|
|poke|p2|Pecharunt|
|teampreview
|c|☆claudechamp|hf
|inactive|Battle timer is ON: inactive players will automatically lose when time's up. (requested by claudechamp)
|
|t:|1779706419
|teamsize|p1|6
|teamsize|p2|6
|start
|switch|p1a: Araquanid|Araquanid, F, shiny|100/100
|switch|p2a: Gliscor|Gliscor, F|100/100
|turn|1
|
|t:|1779706425
|move|p2a: Gliscor|Spikes|p1a: Araquanid
|-sidestart|p1: charizardcool2017|Spikes
|move|p1a: Araquanid|Sticky Web|p2a: Gliscor
|-sidestart|p2: claudechamp|move: Sticky Web
|
|-status|p2a: Gliscor|tox|[from] item: Toxic Orb
|upkeep
|turn|2
|
|t:|1779706427
|move|p2a: Gliscor|Spikes|p1a: Araquanid
|-sidestart|p1: charizardcool2017|Spikes
|move|p1a: Araquanid|Lunge|p2a: Gliscor
|-resisted|p2a: Gliscor
|-damage|p2a: Gliscor|93/100 tox
|-unboost|p2a: Gliscor|atk|1
|
|-heal|p2a: Gliscor|100/100 tox|[from] ability: Poison Heal
|upkeep
|turn|3
|
|t:|1779706430
|move|p2a: Gliscor|Spikes|p1a: Araquanid
|-sidestart|p1: charizardcool2017|Spikes
|move|p1a: Araquanid|Lunge|p2a: Gliscor
|-resisted|p2a: Gliscor
|-damage|p2a: Gliscor|93/100 tox
|-unboost|p2a: Gliscor|atk|1
|
|-heal|p2a: Gliscor|100/100 tox|[from] ability: Poison Heal
|upkeep
|turn|4
|
|t:|1779706434
|move|p2a: Gliscor|Toxic|p1a: Araquanid
|-status|p1a: Araquanid|tox
|move|p1a: Araquanid|Liquidation|p2a: Gliscor
|-supereffective|p2a: Gliscor
|-damage|p2a: Gliscor|33/100 tox
|
|-heal|p2a: Gliscor|45/100 tox|[from] ability: Poison Heal
|-damage|p1a: Araquanid|94/100 tox|[from] psn
|upkeep
|turn|5
|
|t:|1779706436
|switch|p2a: Pecharunt|Pecharunt|100/100
|move|p1a: Araquanid|Lunge|p2a: Pecharunt
|-resisted|p2a: Pecharunt
|-damage|p2a: Pecharunt|98/100
|-unboost|p2a: Pecharunt|atk|1
|
|-damage|p1a: Araquanid|82/100 tox|[from] psn
|upkeep
|turn|6
|
|t:|1779706440
|switch|p1a: Iron Treads|Iron Treads|100/100
|-damage|p1a: Iron Treads|76/100|[from] Spikes
|-enditem|p1a: Iron Treads|Booster Energy
|-activate|p1a: Iron Treads|ability: Quark Drive|[fromitem]
|-start|p1a: Iron Treads|quarkdriveatk
|move|p2a: Pecharunt|Malignant Chain|p1a: Iron Treads
|-immune|p1a: Iron Treads
|
|upkeep
|turn|7
|
|t:|1779706444
|move|p1a: Iron Treads|Earthquake|p2a: Pecharunt
|-supereffective|p2a: Pecharunt
|-damage|p2a: Pecharunt|36/100
|move|p2a: Pecharunt|Parting Shot|p1a: Iron Treads
|-unboost|p1a: Iron Treads|atk|1
|-unboost|p1a: Iron Treads|spa|1
|
|t:|1779706447
|switch|p2a: Walking Wake|Walking Wake|100/100|[from] Parting Shot
|
|upkeep
|turn|8
|
|t:|1779706454
|-end|p1a: Iron Treads|Quark Drive|[silent]
|switch|p1a: Dragonite|Dragonite, M|100/100
|move|p2a: Walking Wake|Surf|p1a: Dragonite
|-resisted|p1a: Dragonite
|-damage|p1a: Dragonite|88/100
|
|upkeep
|turn|9
|
|t:|1779706462
|-terastallize|p1a: Dragonite|Ground
|move|p2a: Walking Wake|Surf|p1a: Dragonite
|-supereffective|p1a: Dragonite
|-damage|p1a: Dragonite|0 fnt
|faint|p1a: Dragonite
|
|upkeep
|
|t:|1779706467
|switch|p1a: Araquanid|Araquanid, F, shiny|82/100 tox
|-damage|p1a: Araquanid|57/100 tox|[from] Spikes
|turn|10
|
|t:|1779706470
|move|p2a: Walking Wake|Draco Meteor|p1a: Araquanid
|-damage|p1a: Araquanid|2/100 tox
|-unboost|p2a: Walking Wake|spa|2
|move|p1a: Araquanid|Endeavor|p2a: Walking Wake
|-damage|p2a: Walking Wake|2/100
|
|-damage|p1a: Araquanid|0 fnt|[from] psn
|faint|p1a: Araquanid
|upkeep
|
|t:|1779706477
|switch|p1a: Cinderace|Cinderace, F|100/100
|turn|11
|
|t:|1779706480
|move|p1a: Cinderace|Pyro Ball|p2a: Walking Wake
|-resisted|p2a: Walking Wake
|-damage|p2a: Walking Wake|0 fnt
|faint|p2a: Walking Wake
|-end|p2a: Walking Wake|Protosynthesis|[silent]
|
|upkeep
|
|t:|1779706483
|switch|p2a: Pecharunt|Pecharunt|36/100
|turn|12
|
|t:|1779706488
|move|p1a: Cinderace|Sucker Punch||[still]
|-fail|p1a: Cinderace
|move|p2a: Pecharunt|Recover|p2a: Pecharunt
|-heal|p2a: Pecharunt|86/100
|
|upkeep
|turn|13
|
|t:|1779706492
|-terastallize|p2a: Pecharunt|Dark
|move|p1a: Cinderace|Pyro Ball|p2a: Pecharunt
|-damage|p2a: Pecharunt|59/100
|move|p2a: Pecharunt|Foul Play|p1a: Cinderace
|-damage|p1a: Cinderace|35/100
|
|upkeep
|turn|14
|
|t:|1779706496
|move|p1a: Cinderace|Gunk Shot|p2a: Pecharunt
|-damage|p2a: Pecharunt|40/100
|move|p2a: Pecharunt|Foul Play|p1a: Cinderace
|-damage|p1a: Cinderace|0 fnt
|faint|p1a: Cinderace
|
|upkeep
|
|t:|1779706501
|switch|p1a: Iron Treads|Iron Treads|76/100
|-damage|p1a: Iron Treads|51/100|[from] Spikes
|turn|15
|
|t:|1779706504
|switch|p2a: Gliscor|Gliscor, F|45/100 tox
|move|p1a: Iron Treads|Earthquake|p2a: Gliscor
|-immune|p2a: Gliscor
|
|-heal|p2a: Gliscor|58/100 tox|[from] ability: Poison Heal
|upkeep
|turn|16
|
|t:|1779706509
|-end|p1a: Iron Treads|Quark Drive|[silent]
|switch|p1a: Pecharunt|Pecharunt|100/100
|-item|p1a: Pecharunt|Air Balloon
|move|p2a: Gliscor|Earthquake|p1a: Pecharunt
|-immune|p1a: Pecharunt
|
|-heal|p2a: Gliscor|70/100 tox|[from] ability: Poison Heal
|upkeep
|turn|17
|
|t:|1779706514
|switch|p2a: Corviknight|Corviknight, F|100/100
|-ability|p2a: Corviknight|Pressure
|move|p1a: Pecharunt|Nasty Plot|p1a: Pecharunt
|-boost|p1a: Pecharunt|spa|2
|
|upkeep
|turn|18
|
|t:|1779706519
|move|p1a: Pecharunt|Shadow Ball|p2a: Corviknight
|-damage|p2a: Corviknight|39/100
|move|p2a: Corviknight|U-turn|p1a: Pecharunt
|-resisted|p1a: Pecharunt
|-damage|p1a: Pecharunt|98/100
|-enditem|p1a: Pecharunt|Air Balloon
|
|t:|1779706522
|switch|p2a: Gliscor|Gliscor, F|70/100 tox|[from] U-turn
|
|-heal|p2a: Gliscor|82/100 tox|[from] ability: Poison Heal
|upkeep
|turn|19
|
|t:|1779706526
|move|p1a: Pecharunt|Shadow Ball|p2a: Gliscor
|-damage|p2a: Gliscor|24/100 tox
|move|p2a: Gliscor|Earthquake|p1a: Pecharunt
|-supereffective|p1a: Pecharunt
|-damage|p1a: Pecharunt|52/100
|
|-heal|p2a: Gliscor|36/100 tox|[from] ability: Poison Heal
|upkeep
|turn|20
|
|t:|1779706531
|switch|p2a: Blissey|Blissey, F|100/100
|move|p1a: Pecharunt|Shadow Ball|p2a: Blissey
|-immune|p2a: Blissey
|
|upkeep
|turn|21
|
|t:|1779706535
|move|p1a: Pecharunt|Malignant Chain|p2a: Blissey
|-damage|p2a: Blissey|77/100
|move|p2a: Blissey|Stealth Rock|p1a: Pecharunt
|-sidestart|p1: charizardcool2017|move: Stealth Rock
|
|upkeep
|turn|22
|
|t:|1779706539
|switch|p2a: Corviknight|Corviknight, F|39/100
|-ability|p2a: Corviknight|Pressure
|move|p1a: Pecharunt|Malignant Chain|p2a: Corviknight
|-immune|p2a: Corviknight
|
|upkeep
|turn|23
|
|t:|1779706546
|switch|p2a: Blissey|Blissey, F|77/100
|move|p1a: Pecharunt|Shadow Ball|p2a: Blissey
|-immune|p2a: Blissey
|
|upkeep
|turn|24
|
|t:|1779706550
|switch|p2a: Corviknight|Corviknight, F|39/100
|-ability|p2a: Corviknight|Pressure
|move|p1a: Pecharunt|Malignant Chain|p2a: Corviknight
|-immune|p2a: Corviknight
|
|upkeep
|turn|25
|
|t:|1779706557
|switch|p2a: Blissey|Blissey, F|77/100
|move|p1a: Pecharunt|Shadow Ball|p2a: Blissey
|-immune|p2a: Blissey
|
|upkeep
|turn|26
|
|t:|1779706562
|switch|p2a: Corviknight|Corviknight, F|39/100
|-ability|p2a: Corviknight|Pressure
|move|p1a: Pecharunt|Malignant Chain|p2a: Corviknight
|-immune|p2a: Corviknight
|
|upkeep
|turn|27
|
|t:|1779706570
|switch|p2a: Blissey|Blissey, F|77/100
|move|p1a: Pecharunt|Shadow Ball|p2a: Blissey
|-immune|p2a: Blissey
|
|upkeep
|turn|28
|
|t:|1779706577
|switch|p2a: Ogerpon|Ogerpon, F|100/100
|move|p1a: Pecharunt|Shadow Ball|p2a: Ogerpon
|-damage|p2a: Ogerpon|20/100
|
|upkeep
|turn|29
|
|t:|1779706584
|move|p2a: Ogerpon|Ivy Cudgel|p1a: Pecharunt
|-resisted|p1a: Pecharunt
|-damage|p1a: Pecharunt|35/100
|move|p1a: Pecharunt|Shadow Ball|p2a: Ogerpon
|-damage|p2a: Ogerpon|0 fnt
|faint|p2a: Ogerpon
|
|upkeep
|
|t:|1779706592
|switch|p2a: Blissey|Blissey, F|77/100
|turn|30
|
|t:|1779706601
|switch|p2a: Corviknight|Corviknight, F|39/100
|-ability|p2a: Corviknight|Pressure
|move|p1a: Pecharunt|Malignant Chain|p2a: Corviknight
|-immune|p2a: Corviknight
|
|upkeep
|turn|31
|
|t:|1779706611
|switch|p2a: Blissey|Blissey, F|77/100
|move|p1a: Pecharunt|Shadow Ball|p2a: Blissey
|-immune|p2a: Blissey
|
|upkeep
|turn|32
|
|t:|1779706622
|switch|p2a: Corviknight|Corviknight, F|39/100
|-ability|p2a: Corviknight|Pressure
|move|p1a: Pecharunt|Nasty Plot|p1a: Pecharunt
|-boost|p1a: Pecharunt|spa|2
|
|upkeep
|turn|33
|
|t:|1779706632
|switch|p2a: Blissey|Blissey, F|77/100
|move|p1a: Pecharunt|Shadow Ball|p2a: Blissey
|-immune|p2a: Blissey
|
|upkeep
|turn|34
|
|t:|1779706643
|switch|p2a: Gliscor|Gliscor, F|36/100 tox
|move|p1a: Pecharunt|Nasty Plot|p1a: Pecharunt
|-boost|p1a: Pecharunt|spa|2
|
|-heal|p2a: Gliscor|49/100 tox|[from] ability: Poison Heal
|upkeep
|turn|35
|
|t:|1779706654
|move|p1a: Pecharunt|Shadow Ball|p2a: Gliscor
|-damage|p2a: Gliscor|0 fnt
|faint|p2a: Gliscor
|
|upkeep
|
|t:|1779706661
|switch|p2a: Blissey|Blissey, F|77/100
|turn|36
|
|t:|1779706673
|switch|p1a: Iron Treads|Iron Treads|51/100
|-damage|p1a: Iron Treads|26/100|[from] Spikes
|-damage|p1a: Iron Treads|23/100|[from] Stealth Rock
|switch|p2a: Corviknight|Corviknight, F|39/100
|-ability|p2a: Corviknight|Pressure
|
|upkeep
|turn|37
|
|t:|1779706681
|move|p1a: Iron Treads|Rapid Spin|p2a: Corviknight
|-resisted|p2a: Corviknight
|-damage|p2a: Corviknight|34/100
|-boost|p1a: Iron Treads|spe|1
|-sideend|p1: charizardcool2017|Spikes|[from] move: Rapid Spin|[of] p1a: Iron Treads
|-sideend|p1: charizardcool2017|Stealth Rock|[from] move: Rapid Spin|[of] p1a: Iron Treads
|move|p2a: Corviknight|Body Press|p1a: Iron Treads
|-supereffective|p1a: Iron Treads
|-damage|p1a: Iron Treads|0 fnt
|faint|p1a: Iron Treads
|-end|p1a: Iron Treads|Quark Drive|[silent]
|
|upkeep
|
|t:|1779706691
|switch|p1a: Pecharunt|Pecharunt|35/100
|turn|38
|
|t:|1779706702
|move|p1a: Pecharunt|Nasty Plot|p1a: Pecharunt
|-boost|p1a: Pecharunt|spa|2
|move|p2a: Corviknight|Roost|p2a: Corviknight
|-heal|p2a: Corviknight|84/100
|-singleturn|p2a: Corviknight|move: Roost
|
|upkeep
|turn|39
|
|t:|1779706715
|switch|p2a: Blissey|Blissey, F|77/100
|move|p1a: Pecharunt|Shadow Ball|p2a: Blissey
|-immune|p2a: Blissey
|
|upkeep
|turn|40
|
|t:|1779706722
|switch|p2a: Corviknight|Corviknight, F|84/100
|-ability|p2a: Corviknight|Pressure
|move|p1a: Pecharunt|Nasty Plot|p1a: Pecharunt
|-boost|p1a: Pecharunt|spa|2
|
|upkeep
|turn|41
|
|t:|1779706735
|switch|p2a: Blissey|Blissey, F|77/100
|move|p1a: Pecharunt|Shadow Ball|p2a: Blissey
|-immune|p2a: Blissey
|
|upkeep
|turn|42
|
|t:|1779706747
|switch|p2a: Corviknight|Corviknight, F|84/100
|-ability|p2a: Corviknight|Pressure
|move|p1a: Pecharunt|Shadow Ball|p2a: Corviknight
|-damage|p2a: Corviknight|0 fnt
|faint|p2a: Corviknight
|
|upkeep
|
|t:|1779706755
|switch|p2a: Blissey|Blissey, F|77/100
|turn|43
|
|t:|1779706768
|switch|p2a: Pecharunt|Pecharunt, tera:Dark|40/100
|move|p1a: Pecharunt|Nasty Plot|p1a: Pecharunt
|-boost|p1a: Pecharunt|spa|2
|
|upkeep
|turn|44
|
|t:|1779706776
|move|p1a: Pecharunt|Shadow Ball|p2a: Pecharunt
|-resisted|p2a: Pecharunt
|-damage|p2a: Pecharunt|0 fnt
|faint|p2a: Pecharunt
|
|upkeep
|
|t:|1779706783
|switch|p2a: Blissey|Blissey, F|77/100
|turn|45
|
|t:|1779706791
|move|p1a: Pecharunt|Destiny Bond|p1a: Pecharunt
|-singlemove|p1a: Pecharunt|Destiny Bond
|move|p2a: Blissey|Calm Mind|p2a: Blissey
|-boost|p2a: Blissey|spa|1
|-boost|p2a: Blissey|spd|1
|
|upkeep
|turn|46
|
|t:|1779706798
|switch|p1a: Kingambit|Kingambit, M|100/100
|-activate|p1a: Kingambit|ability: Supreme Overlord
|-start|p1a: Kingambit|fallen4|[silent]
|move|p2a: Blissey|Calm Mind|p2a: Blissey
|-boost|p2a: Blissey|spa|1
|-boost|p2a: Blissey|spd|1
|
|upkeep
|turn|47
|
|t:|1779706804
|move|p1a: Kingambit|Kowtow Cleave|p2a: Blissey
|-damage|p2a: Blissey|0 fnt
|faint|p2a: Blissey
|
|win|charizardcool2017
|raw|charizardcool2017's rating: 1265 &rarr; <strong>1289</strong><br />(+24 for winning)
|raw|claudechamp's rating: 1246 &rarr; <strong>1222</strong><br />(-24 for losing)
|c|☆claudechamp|gg
|c|☆charizardcool2017|gg
|l|☆charizardcool2017
|player|p1|
