|j|☆lapadaseca
|j|☆Trapsolekage
|t:|1779656040
|gametype|singles
|player|p1|lapadaseca|janitor|1344
|player|p2|Trapsolekage|shadowtriad|1344
|gen|9
|tier|[Gen 9] OU
|rated|
|rule|HP Percentage Mod: HP is shown in percentages
|rule|Endless Battle Clause: Forcing endless battles is banned
|rule|Species Clause: Limit one of each Pokémon
|rule|OHKO Clause: OHKO moves are banned
|rule|Evasion Items Clause: Evasion items are banned
|rule|Evasion Moves Clause: Evasion moves are banned
|rule|Evasion Abilities Clause: Evasion abilities are banned
|rule|Sleep Moves Clause: Sleep-inducing moves are banned
|clearpoke
|poke|p1|Golurk|
|poke|p1|Dragapult, M|
|poke|p1|Primarina, F|
|poke|p1|Great Tusk|
|poke|p1|Kingambit, M|
|poke|p1|Amoonguss, M|
|poke|p2|Blaziken, F|
|poke|p2|Enamorus, F|
|poke|p2|Dondozo, F|
|poke|p2|Gliscor, F|
|poke|p2|Ribombee, M|
|poke|p2|Raging Bolt|
|teampreview
|inactive|Battle timer is ON: inactive players will automatically lose when time's up. (requested by Trapsolekage)
|
|t:|1779656049
|teamsize|p1|6
|teamsize|p2|6
|start
|switch|p1a: Dragapult|Dragapult, M|100/100
|switch|p2a: Blaziken|Blaziken, F, shiny|100/100
|turn|1
|
|t:|1779656058
|switch|p2a: Ribombee|Ribombee, M, shiny|100/100
|move|p1a: Dragapult|Dragon Darts|p2a: Ribombee
|-immune|p2a: Ribombee
|
|upkeep
|turn|2
|
|t:|1779656064
|move|p1a: Dragapult|U-turn|p2a: Ribombee
|-resisted|p2a: Ribombee
|-damage|p2a: Ribombee|83/100
|
|t:|1779656069
|switch|p1a: Primarina|Primarina, F|100/100|[from] U-turn
|move|p2a: Ribombee|Quiver Dance|p2a: Ribombee
|-boost|p2a: Ribombee|spa|1
|-boost|p2a: Ribombee|spd|1
|-boost|p2a: Ribombee|spe|1
|
|upkeep
|turn|3
|
|t:|1779656077
|move|p2a: Ribombee|Sticky Web|p1a: Primarina
|-sidestart|p1: lapadaseca|move: Sticky Web
|move|p1a: Primarina|Moonblast|p2a: Ribombee
|-damage|p2a: Ribombee|23/100
|-enditem|p2a: Ribombee|Sitrus Berry|[eat]
|-heal|p2a: Ribombee|48/100|[from] item: Sitrus Berry
|
|upkeep
|turn|4
|
|t:|1779656081
|move|p2a: Ribombee|Quiver Dance|p2a: Ribombee
|-boost|p2a: Ribombee|spa|1
|-boost|p2a: Ribombee|spd|1
|-boost|p2a: Ribombee|spe|1
|move|p1a: Primarina|Flip Turn|p2a: Ribombee
|-damage|p2a: Ribombee|21/100
|
|t:|1779656086
|switch|p1a: Dragapult|Dragapult, M|100/100|[from] Flip Turn
|
|upkeep
|turn|5
|
|t:|1779656091
|switch|p1a: Amoonguss|Amoonguss, M|100/100
|-activate|p1a: Amoonguss|move: Sticky Web
|-unboost|p1a: Amoonguss|spe|1
|-enditem|p1a: Amoonguss|Eject Pack
|
|t:|1779656096
|switch|p1a: Primarina|Primarina, F|100/100
|-activate|p1a: Primarina|move: Sticky Web
|-unboost|p1a: Primarina|spe|1
|move|p2a: Ribombee|Moonblast|p1a: Primarina
|-damage|p1a: Primarina|49/100
|
|upkeep
|turn|6
|
|t:|1779656107
|switch|p1a: Amoonguss|Amoonguss, M|100/100
|-activate|p1a: Amoonguss|move: Sticky Web
|-unboost|p1a: Amoonguss|spe|1
|move|p2a: Ribombee|Moonblast|p1a: Amoonguss
|-resisted|p1a: Amoonguss
|-damage|p1a: Amoonguss|60/100
|
|upkeep
|turn|7
|
|t:|1779656111
|move|p2a: Ribombee|Moonblast|p1a: Amoonguss
|-resisted|p1a: Amoonguss
|-damage|p1a: Amoonguss|19/100
|move|p1a: Amoonguss|Clear Smog|p2a: Ribombee
|-supereffective|p2a: Ribombee
|-damage|p2a: Ribombee|0 fnt
|-clearboost|p2a: Ribombee
|faint|p2a: Ribombee
|
|upkeep
|
|t:|1779656116
|switch|p2a: Enamorus|Enamorus, F, shiny|100/100
|turn|8
|
|t:|1779656122
|switch|p1a: Primarina|Primarina, F|49/100
|-activate|p1a: Primarina|move: Sticky Web
|-unboost|p1a: Primarina|spe|1
|move|p2a: Enamorus|Zen Headbutt|p1a: Primarina
|-damage|p1a: Primarina|19/100
|
|upkeep
|turn|9
|
|t:|1779656133
|move|p2a: Enamorus|Superpower|p1a: Primarina
|-resisted|p1a: Primarina
|-damage|p1a: Primarina|0 fnt
|-boost|p2a: Enamorus|atk|1
|-boost|p2a: Enamorus|def|1
|faint|p1a: Primarina
|
|upkeep
|
|t:|1779656143
|switch|p1a: Dragapult|Dragapult, M|100/100
|turn|10
|
|t:|1779656146
|move|p1a: Dragapult|Will-O-Wisp|p2a: Enamorus
|-status|p2a: Enamorus|brn
|move|p2a: Enamorus|Play Rough|p1a: Dragapult
|-supereffective|p1a: Dragapult
|-damage|p1a: Dragapult|8/100
|
|-damage|p2a: Enamorus|94/100 brn|[from] brn
|upkeep
|turn|11
|
|t:|1779656155
|move|p1a: Dragapult|Hex|p2a: Enamorus
|-damage|p2a: Enamorus|41/100 brn
|move|p2a: Enamorus|Play Rough|p1a: Dragapult
|-supereffective|p1a: Dragapult
|-damage|p1a: Dragapult|0 fnt
|faint|p1a: Dragapult
|
|-damage|p2a: Enamorus|35/100 brn|[from] brn
|upkeep
|
|t:|1779656161
|switch|p1a: Great Tusk|Great Tusk|100/100
|-activate|p1a: Great Tusk|move: Sticky Web
|-unboost|p1a: Great Tusk|spe|1
|-enditem|p1a: Great Tusk|Booster Energy
|-activate|p1a: Great Tusk|ability: Protosynthesis|[fromitem]
|-start|p1a: Great Tusk|protosynthesisdef
|turn|12
|
|t:|1779656166
|move|p2a: Enamorus|Play Rough|p1a: Great Tusk
|-supereffective|p1a: Great Tusk
|-damage|p1a: Great Tusk|67/100
|move|p1a: Great Tusk|Rapid Spin|p2a: Enamorus
|-damage|p2a: Enamorus|19/100 brn
|-boost|p1a: Great Tusk|spe|1
|-sideend|p1: lapadaseca|Sticky Web|[from] move: Rapid Spin|[of] p1a: Great Tusk
|
|-damage|p2a: Enamorus|13/100 brn|[from] brn
|upkeep
|turn|13
|
|t:|1779656174
|move|p2a: Enamorus|Play Rough|p1a: Great Tusk
|-supereffective|p1a: Great Tusk
|-damage|p1a: Great Tusk|38/100
|move|p1a: Great Tusk|Rapid Spin|p2a: Enamorus
|-crit|p2a: Enamorus
|-damage|p2a: Enamorus|0 fnt
|-boost|p1a: Great Tusk|spe|1
|faint|p2a: Enamorus
|
|upkeep
|
|t:|1779656184
|switch|p2a: Dondozo|Dondozo, F, shiny|100/100
|turn|14
|
|t:|1779656194
|-end|p1a: Great Tusk|Protosynthesis|[silent]
|switch|p1a: Amoonguss|Amoonguss, M|52/100
|move|p2a: Dondozo|Avalanche|p1a: Amoonguss
|-supereffective|p1a: Amoonguss
|-damage|p1a: Amoonguss|26/100
|
|upkeep
|turn|15
|
|t:|1779656206
|switch|p1a: Kingambit|Kingambit, M|100/100
|-activate|p1a: Kingambit|ability: Supreme Overlord
|-start|p1a: Kingambit|fallen2|[silent]
|move|p2a: Dondozo|Earthquake|p1a: Kingambit
|-supereffective|p1a: Kingambit
|-damage|p1a: Kingambit|47/100
|
|upkeep
|turn|16
|
|t:|1779656214
|-end|p1a: Kingambit|fallen2|[silent]
|switch|p1a: Amoonguss|Amoonguss, M|60/100
|move|p2a: Dondozo|Earthquake|p1a: Amoonguss
|-damage|p1a: Amoonguss|38/100
|
|upkeep
|turn|17
|
|t:|1779656219
|move|p2a: Dondozo|Earthquake|p1a: Amoonguss
|-damage|p1a: Amoonguss|14/100
|move|p1a: Amoonguss|Synthesis|p1a: Amoonguss
|-heal|p1a: Amoonguss|64/100
|
|upkeep
|turn|18
|
|t:|1779656223
|move|p2a: Dondozo|Earthquake|p1a: Amoonguss
|-damage|p1a: Amoonguss|41/100
|move|p1a: Amoonguss|Toxic|p2a: Dondozo
|-status|p2a: Dondozo|tox
|
|-damage|p2a: Dondozo|94/100 tox|[from] psn
|upkeep
|turn|19
|
|t:|1779656233
|move|p2a: Dondozo|Earthquake|p1a: Amoonguss
|-damage|p1a: Amoonguss|19/100
|move|p1a: Amoonguss|Synthesis|p1a: Amoonguss
|-heal|p1a: Amoonguss|69/100
|
|-damage|p2a: Dondozo|82/100 tox|[from] psn
|upkeep
|turn|20
|
|t:|1779656238
|move|p2a: Dondozo|Earthquake|p1a: Amoonguss
|-damage|p1a: Amoonguss|46/100
|move|p1a: Amoonguss|Leaf Storm|p2a: Dondozo
|-supereffective|p2a: Dondozo
|-damage|p2a: Dondozo|28/100 tox
|-unboost|p1a: Amoonguss|spa|2
|
|-damage|p2a: Dondozo|9/100 tox|[from] psn
|upkeep
|turn|21
|
|t:|1779656241
|move|p2a: Dondozo|Earthquake|p1a: Amoonguss
|-damage|p1a: Amoonguss|25/100
|move|p1a: Amoonguss|Synthesis|p1a: Amoonguss
|-heal|p1a: Amoonguss|75/100
|
|-damage|p2a: Dondozo|0 fnt|[from] psn
|faint|p2a: Dondozo
|upkeep
|
|t:|1779656244
|switch|p2a: Blaziken|Blaziken, F, shiny|100/100
|turn|22
|
|t:|1779656251
|switch|p2a: Gliscor|Gliscor, F, shiny|100/100
|switch|p1a: Carlinhos|Golurk, shiny|100/100
|
|-status|p2a: Gliscor|tox|[from] item: Toxic Orb
|upkeep
|turn|23
|
|t:|1779656258
|move|p2a: Gliscor|Swords Dance|p2a: Gliscor
|-boost|p2a: Gliscor|atk|2
|move|p1a: Carlinhos|Ice Punch|p2a: Gliscor
|-supereffective|p2a: Gliscor
|-damage|p2a: Gliscor|0 fnt
|faint|p2a: Gliscor
|
|upkeep
|
|t:|1779656267
|switch|p2a: Blaziken|Blaziken, F, shiny|100/100
|turn|24
|
|t:|1779656270
|switch|p1a: Great Tusk|Great Tusk|38/100
|move|p2a: Blaziken|Swords Dance|p2a: Blaziken
|-boost|p2a: Blaziken|atk|2
|
|-ability|p2a: Blaziken|Speed Boost|boost
|-boost|p2a: Blaziken|spe|1
|upkeep
|turn|25
|
|t:|1779656280
|move|p2a: Blaziken|Swords Dance|p2a: Blaziken
|-boost|p2a: Blaziken|atk|2
|move|p1a: Great Tusk|Headlong Rush|p2a: Blaziken
|-supereffective|p2a: Blaziken
|-enditem|p2a: Blaziken|Focus Sash
|-damage|p2a: Blaziken|1/100
|-unboost|p1a: Great Tusk|def|1
|-unboost|p1a: Great Tusk|spd|1
|
|-ability|p2a: Blaziken|Speed Boost|boost
|-boost|p2a: Blaziken|spe|1
|upkeep
|turn|26
|
|t:|1779656285
|move|p2a: Blaziken|Close Combat|p1a: Great Tusk
|-damage|p1a: Great Tusk|0 fnt
|-unboost|p2a: Blaziken|def|1
|-unboost|p2a: Blaziken|spd|1
|faint|p1a: Great Tusk
|-end|p1a: Great Tusk|Protosynthesis|[silent]
|
|-ability|p2a: Blaziken|Speed Boost|boost
|-boost|p2a: Blaziken|spe|1
|upkeep
|
|t:|1779656288
|switch|p1a: Kingambit|Kingambit, M|47/100
|-activate|p1a: Kingambit|ability: Supreme Overlord
|-start|p1a: Kingambit|fallen3|[silent]
|turn|27
|
|t:|1779656292
|move|p1a: Kingambit|Sucker Punch||[still]
|-fail|p1a: Kingambit
|move|p2a: Blaziken|Swords Dance|p2a: Blaziken
|-boost|p2a: Blaziken|atk|2
|
|-ability|p2a: Blaziken|Speed Boost|boost
|-boost|p2a: Blaziken|spe|1
|upkeep
|turn|28
|
|t:|1779656297
|move|p2a: Blaziken|Quick Attack|p1a: Kingambit
|-resisted|p1a: Kingambit
|-damage|p1a: Kingambit|22/100
|move|p1a: Kingambit|Sucker Punch||[still]
|-fail|p1a: Kingambit
|
|-ability|p2a: Blaziken|Speed Boost|boost
|-boost|p2a: Blaziken|spe|1
|upkeep
|turn|29
|
|t:|1779656305
|move|p1a: Kingambit|Sucker Punch|p2a: Blaziken
|-resisted|p2a: Blaziken
|-damage|p2a: Blaziken|0 fnt
|faint|p2a: Blaziken
|
|upkeep
|
|t:|1779656307
|switch|p2a: Raging Bolt|Raging Bolt|100/100
|turn|30
|
|t:|1779656312
|move|p1a: Kingambit|Kowtow Cleave|p2a: Raging Bolt
|-damage|p2a: Raging Bolt|34/100
|move|p2a: Raging Bolt|Calm Mind|p2a: Raging Bolt
|-boost|p2a: Raging Bolt|spa|1
|-boost|p2a: Raging Bolt|spd|1
|
|upkeep
|turn|31
|
|t:|1779656316
|move|p1a: Kingambit|Kowtow Cleave|p2a: Raging Bolt
|-damage|p2a: Raging Bolt|0 fnt
|faint|p2a: Raging Bolt
|-end|p2a: Raging Bolt|Protosynthesis|[silent]
|
|win|lapadaseca
|raw|lapadaseca's rating: 1344 &rarr; <strong>1364</strong><br />(+20 for winning)
|raw|Trapsolekage's rating: 1344 &rarr; <strong>1324</strong><br />(-20 for losing)
|l|☆Trapsolekage
|player|p2|
|l|☆lapadaseca
|player|p1|
