|j|☆ejejdjfhfjfjf
|j|☆Demerrog
|t:|1779620290
|gametype|singles
|player|p1|ejejdjfhfjfjf|scientist|1111
|player|p2|Demerrog|266|1087
|gen|9
|tier|[Gen 9] OU
|rated|
|rule|HP Percentage Mod: HP is shown in percentages
|rule|Endless Battle Clause: Forcing endless battles is banned
|rule|Species Clause: Limit one of each Pokémon
|rule|OHKO Clause: OHKO moves are banned
|rule|Evasion Items Clause: Evasion items are banned
|rule|Evasion Moves Clause: Evasion moves are banned
|rule|Evasion Abilities Clause: Evasion abilities are banned
|rule|Sleep Moves Clause: Sleep-inducing moves are banned
|clearpoke
|poke|p1|Smeargle, F|
|poke|p1|Gholdengo|
|poke|p1|Glimmora, M|
|poke|p1|Alomomola, M|
|poke|p1|Dragonite, F|
|poke|p1|Dondozo, M|
|poke|p2|Revavroom, F|
|poke|p2|Arcanine-Hisui, M|
|poke|p2|Corviknight, M|
|poke|p2|Great Tusk|
|poke|p2|Alomomola, F|
|poke|p2|Dragapult, M|
|teampreview
|inactive|Battle timer is ON: inactive players will automatically lose when time's up. (requested by Demerrog)
|
|t:|1779620295
|teamsize|p1|6
|teamsize|p2|6
|start
|switch|p1a: Smeargle|Smeargle, F|100/100
|switch|p2a: Great Tusk|Great Tusk|100/100
|-enditem|p2a: Great Tusk|Booster Energy
|-activate|p2a: Great Tusk|ability: Protosynthesis|[fromitem]
|-start|p2a: Great Tusk|protosynthesisatk
|turn|1
|
|t:|1779620307
|move|p1a: Smeargle|Destiny Bond|p1a: Smeargle
|-singlemove|p1a: Smeargle|Destiny Bond
|move|p2a: Great Tusk|Headlong Rush|p1a: Smeargle
|-enditem|p1a: Smeargle|Focus Sash
|-damage|p1a: Smeargle|1/100
|-unboost|p2a: Great Tusk|def|1
|-unboost|p2a: Great Tusk|spd|1
|
|upkeep
|turn|2
|
|t:|1779620317
|move|p1a: Smeargle|Destiny Bond||[still]
|-fail|p1a: Smeargle
|move|p2a: Great Tusk|Bulk Up|p2a: Great Tusk
|-boost|p2a: Great Tusk|atk|1
|-boost|p2a: Great Tusk|def|1
|
|upkeep
|turn|3
|c|☆ejejdjfhfjfjf|That's crazy
|
|t:|1779620339
|-end|p2a: Great Tusk|Protosynthesis|[silent]
|switch|p2a: Corviknight|Corviknight, M|100/100
|-ability|p2a: Corviknight|Unnerve
|move|p1a: Smeargle|Destiny Bond|p1a: Smeargle
|-singlemove|p1a: Smeargle|Destiny Bond
|
|upkeep
|turn|4
|
|t:|1779620352
|move|p1a: Smeargle|Stealth Rock|p2a: Corviknight
|-sidestart|p2: Demerrog|move: Stealth Rock
|move|p2a: Corviknight|Defog|p1a: Smeargle
|-unboost|p1a: Smeargle|evasion|1
|-sideend|p2: Demerrog|Stealth Rock|[from] move: Defog|[of] p2a: Corviknight
|
|upkeep
|turn|5
|
|t:|1779620358
|move|p1a: Smeargle|Destiny Bond|p1a: Smeargle
|-singlemove|p1a: Smeargle|Destiny Bond
|move|p2a: Corviknight|U-turn|p1a: Smeargle
|-damage|p1a: Smeargle|0 fnt
|faint|p1a: Smeargle
|-activate|p1a: Smeargle|move: Destiny Bond
|faint|p2a: Corviknight
|
|upkeep
|
|t:|1779620378
|switch|p1a: Glimmora|Glimmora, M|100/100
|switch|p2a: Arcanine|Arcanine-Hisui, M|100/100
|turn|6
|
|t:|1779620390
|move|p2a: Arcanine|Head Smash|p1a: Glimmora
|-damage|p1a: Glimmora|10/100
|-activate|p1a: Glimmora|ability: Toxic Debris
|-sidestart|p2: Demerrog|move: Toxic Spikes
|move|p1a: Glimmora|Earth Power|p2a: Arcanine
|-supereffective|p2a: Arcanine
|-damage|p2a: Arcanine|0 fnt
|faint|p2a: Arcanine
|
|upkeep
|
|t:|1779620401
|switch|p2a: Revavroom|Revavroom, F|100/100
|-item|p2a: Revavroom|Air Balloon
|turn|7
|
|t:|1779620426
|move|p1a: Glimmora|Energy Ball|p2a: Revavroom
|-resisted|p2a: Revavroom
|-damage|p2a: Revavroom|89/100
|-enditem|p2a: Revavroom|Air Balloon
|move|p2a: Revavroom|High Horsepower|p1a: Glimmora
|-supereffective|p1a: Glimmora
|-damage|p1a: Glimmora|0 fnt
|-activate|p1a: Glimmora|ability: Toxic Debris
|-sidestart|p2: Demerrog|move: Toxic Spikes
|faint|p1a: Glimmora
|
|upkeep
|
|t:|1779620439
|switch|p1a: Dragonite|Dragonite, F|100/100
|turn|8
|
|t:|1779620447
|-terastallize|p2a: Revavroom|Flying
|move|p2a: Revavroom|Gunk Shot|p1a: Dragonite
|-damage|p1a: Dragonite|71/100
|move|p1a: Dragonite|Dragon Dance|p1a: Dragonite
|-boost|p1a: Dragonite|atk|1
|-boost|p1a: Dragonite|spe|1
|
|upkeep
|turn|9
|
|t:|1779620460
|move|p1a: Dragonite|Ice Spinner|p2a: Revavroom
|-supereffective|p2a: Revavroom
|-damage|p2a: Revavroom|0 fnt
|faint|p2a: Revavroom
|
|upkeep
|
|t:|1779620472
|switch|p2a: Alomomola|Alomomola, F|100/100
|turn|10
|
|t:|1779620476
|move|p1a: Dragonite|Dragon Dance|p1a: Dragonite
|-boost|p1a: Dragonite|atk|1
|-boost|p1a: Dragonite|spe|1
|move|p2a: Alomomola|Scald|p1a: Dragonite
|-resisted|p1a: Dragonite
|-damage|p1a: Dragonite|65/100
|
|upkeep
|turn|11
|
|t:|1779620486
|move|p1a: Dragonite|Dragon Dance|p1a: Dragonite
|-boost|p1a: Dragonite|atk|1
|-boost|p1a: Dragonite|spe|1
|move|p2a: Alomomola|Flip Turn|p1a: Dragonite
|-resisted|p1a: Dragonite
|-damage|p1a: Dragonite|58/100
|
|t:|1779620494
|switch|p2a: Dragapult|Dragapult, M|100/100|[from] Flip Turn
|-status|p2a: Dragapult|tox
|
|-damage|p2a: Dragapult|95/100 tox|[from] psn
|upkeep
|turn|12
|
|t:|1779620506
|move|p1a: Dragonite|Ice Spinner|p2a: Dragapult
|-supereffective|p2a: Dragapult
|-damage|p2a: Dragapult|0 fnt
|faint|p2a: Dragapult
|
|upkeep
|-message|Demerrog forfeited.
|
|win|ejejdjfhfjfjf
|raw|ejejdjfhfjfjf's rating: 1111 &rarr; <strong>1134</strong><br />(+23 for winning)
|raw|Demerrog's rating: 1087 &rarr; <strong>1066</strong><br />(-21 for losing)
|l|☆Demerrog
|player|p2|
|l|☆ejejdjfhfjfjf
|player|p1|
|j|☆ejejdjfhfjfjf
|player|p1|ejejdjfhfjfjf|scientist|
