|j|☆redskyatnight
|j|☆SpectralsAce
|t:|1779659215
|gametype|singles
|player|p1|redskyatnight|grimsley-gen7|1474
|player|p2|SpectralsAce|zinzolin|1498
|gen|9
|tier|[Gen 9] OU
|rated|
|rule|HP Percentage Mod: HP is shown in percentages
|rule|Endless Battle Clause: Forcing endless battles is banned
|rule|Species Clause: Limit one of each Pokémon
|rule|OHKO Clause: OHKO moves are banned
|rule|Evasion Items Clause: Evasion items are banned
|rule|Evasion Moves Clause: Evasion moves are banned
|rule|Evasion Abilities Clause: Evasion abilities are banned
|rule|Sleep Moves Clause: Sleep-inducing moves are banned
|clearpoke
|poke|p1|Zoroark-Hisui, M|
|poke|p1|Ogerpon-Wellspring, F|
|poke|p1|Great Tusk|
|poke|p1|Garganacl, F|
|poke|p1|Pecharunt|
|poke|p1|Alomomola, M|
|poke|p2|Dragapult, F|
|poke|p2|Iron Valiant|
|poke|p2|Zamazenta-*|
|poke|p2|Landorus-Therian, M|
|poke|p2|Iron Moth|
|poke|p2|Kingambit, M|
|teampreview
|inactive|Battle timer is ON: inactive players will automatically lose when time's up. (requested by SpectralsAce)
|
|t:|1779659277
|teamsize|p1|6
|teamsize|p2|6
|start
|switch|p1a: Alomomola|Alomomola, M|100/100
|switch|p2a: Landorus|Landorus-Therian, M|100/100
|-ability|p2a: Landorus|Intimidate|boost
|-unboost|p1a: Alomomola|atk|1
|turn|1
|
|t:|1779659285
|move|p2a: Landorus|Stealth Rock|p1a: Alomomola
|-sidestart|p1: redskyatnight|move: Stealth Rock
|move|p1a: Alomomola|Scald|p2a: Landorus
|-supereffective|p2a: Landorus
|-damage|p2a: Landorus|72/100
|
|upkeep
|turn|2
|
|t:|1779659289
|move|p2a: Landorus|U-turn|p1a: Alomomola
|-damage|p1a: Alomomola|86/100
|
|t:|1779659295
|switch|p2a: Dragapult|Dragapult, F|100/100|[from] U-turn
|move|p1a: Alomomola|Flip Turn|p2a: Dragapult
|-resisted|p2a: Dragapult
|-damage|p2a: Dragapult|93/100
|
|t:|1779659310
|switch|p1a: Pecharunt|Pecharunt|100/100|[from] Flip Turn
|-damage|p1a: Pecharunt|88/100|[from] Stealth Rock
|
|upkeep
|turn|3
|
|t:|1779659325
|move|p2a: Dragapult|Shadow Ball|p1a: Pecharunt
|-immune|p1a: Pecharunt
|move|p1a: Pecharunt|Shadow Ball|p2a: Dragapult
|-supereffective|p2a: Dragapult
|-damage|p2a: Dragapult|0 fnt
|faint|p2a: Dragapult
|
|upkeep
|inactive|SpectralsAce has 120 seconds left.
|
|t:|1779659356
|switch|p2a: Iron Moth|Iron Moth|100/100
|-enditem|p2a: Iron Moth|Booster Energy
|-activate|p2a: Iron Moth|ability: Quark Drive|[fromitem]
|-start|p2a: Iron Moth|quarkdrivespe
|turn|4
|
|t:|1779659374
|move|p2a: Iron Moth|Fiery Dance|p1a: Pecharunt
|-damage|p1a: Pecharunt|8/100
|-boost|p2a: Iron Moth|spa|1
|replace|p1a: Zoroark|Zoroark-Hisui, M, shiny
|-end|p1a: Zoroark|Illusion
|move|p1a: Zoroark|Shadow Ball|p2a: Iron Moth
|-damage|p2a: Iron Moth|38/100
|
|upkeep
|turn|5
|inactive|SpectralsAce has 120 seconds left.
|
|t:|1779659385
|move|p2a: Iron Moth|Fiery Dance|p1a: Zoroark
|-damage|p1a: Zoroark|0 fnt
|-boost|p2a: Iron Moth|spa|1
|faint|p1a: Zoroark
|
|upkeep
|
|t:|1779659393
|switch|p1a: Alomomola|Alomomola, M|100/100
|-damage|p1a: Alomomola|88/100|[from] Stealth Rock
|turn|6
|
|t:|1779659397
|-terastallize|p2a: Iron Moth|Fairy
|move|p2a: Iron Moth|Energy Ball|p1a: Alomomola
|-supereffective|p1a: Alomomola
|-damage|p1a: Alomomola|25/100
|move|p1a: Alomomola|Flip Turn|p2a: Iron Moth
|-damage|p2a: Iron Moth|16/100
|inactive|redskyatnight has 120 seconds left.
|
|t:|1779659431
|switch|p1a: Ogerpon|Ogerpon-Wellspring, F|100/100|[from] Flip Turn
|-damage|p1a: Ogerpon|88/100|[from] Stealth Rock
|
|upkeep
|turn|7
|inactive|SpectralsAce has 120 seconds left.
|
|t:|1779659461
|-terastallize|p1a: Ogerpon|Water
|detailschange|p1a: Ogerpon|Ogerpon-Wellspring-Tera, F, tera:Water
|-ability|p1a: Ogerpon|Embody Aspect (Wellspring)|boost
|-boost|p1a: Ogerpon|spd|1
|move|p2a: Iron Moth|Energy Ball|p1a: Ogerpon
|-supereffective|p1a: Ogerpon
|-damage|p1a: Ogerpon|0 fnt
|faint|p1a: Ogerpon
|detailschange|p1: Ogerpon|Ogerpon-Wellspring, F|[silent]
|
|upkeep
|
|t:|1779659477
|switch|p1a: Pecharunt|Pecharunt|100/100
|turn|8
|inactive|SpectralsAce has 120 seconds left.
|l|☆SpectralsAce
|inactive|SpectralsAce disconnected and has a minute to reconnect!
|player|p2|
|inactive|SpectralsAce has 30 seconds to reconnect!
|inactive|SpectralsAce has 20 seconds to reconnect!
|inactive|SpectralsAce has 15 seconds to reconnect!
|inactive|SpectralsAce has 10 seconds to reconnect!
|inactive|SpectralsAce has 5 seconds to reconnect!
|-message|SpectralsAce lost due to inactivity.
|
|win|redskyatnight
|raw|redskyatnight's rating: 1474 &rarr; <strong>1495</strong><br />(+21 for winning)
|raw|SpectralsAce's rating: 1498 &rarr; <strong>1477</strong><br />(-21 for losing)
|l|☆redskyatnight
|player|p1|
