|j|☆VelvetLeveilleur
|j|☆jinseinoim_i o
|t:|1779563654
|gametype|singles
|player|p1|VelvetLeveilleur|hilda|1062
|player|p2|jinseinoim_i o|1|1094
|gen|9
|tier|[Gen 9] OU
|rated|
|rule|HP Percentage Mod: HP is shown in percentages
|rule|Endless Battle Clause: Forcing endless battles is banned
|rule|Species Clause: Limit one of each Pokémon
|rule|OHKO Clause: OHKO moves are banned
|rule|Evasion Items Clause: Evasion items are banned
|rule|Evasion Moves Clause: Evasion moves are banned
|rule|Evasion Abilities Clause: Evasion abilities are banned
|rule|Sleep Moves Clause: Sleep-inducing moves are banned
|clearpoke
|poke|p1|Iron Moth|
|poke|p1|Gliscor, F|
|poke|p1|Hatterene, F|
|poke|p1|Ogerpon-Wellspring, F|
|poke|p1|Raging Bolt|
|poke|p1|Zamazenta-*|
|poke|p2|Samurott-Hisui, M|
|poke|p2|Gholdengo|
|poke|p2|Kyurem|
|poke|p2|Kingambit, F|
|poke|p2|Great Tusk|
|poke|p2|Dragapult, M|
|teampreview
|
|t:|1779563664
|teamsize|p1|6
|teamsize|p2|6
|start
|switch|p1a: Zamazenta|Zamazenta|100/100
|switch|p2a: Samurott|Samurott-Hisui, M|100/100
|-ability|p1a: Zamazenta|Dauntless Shield|boost
|-boost|p1a: Zamazenta|def|1
|turn|1
|
|t:|1779563672
|move|p1a: Zamazenta|Reflect|p1a: Zamazenta
|-sidestart|p1: VelvetLeveilleur|Reflect
|move|p2a: Samurott|Razor Shell|p1a: Zamazenta
|-damage|p1a: Zamazenta|88/100
|
|upkeep
|turn|2
|
|t:|1779563678
|move|p1a: Zamazenta|Light Screen|p1a: Zamazenta
|-sidestart|p1: VelvetLeveilleur|move: Light Screen
|move|p2a: Samurott|Razor Shell|p1a: Zamazenta
|-damage|p1a: Zamazenta|75/100
|
|upkeep
|turn|3
|
|t:|1779563685
|switch|p2a: Great Tusk|Great Tusk|100/100
|move|p1a: Zamazenta|Close Combat|p2a: Great Tusk
|-damage|p2a: Great Tusk|65/100
|-unboost|p1a: Zamazenta|def|1
|-unboost|p1a: Zamazenta|spd|1
|
|-heal|p2a: Great Tusk|71/100|[from] item: Leftovers
|upkeep
|turn|4
|
|t:|1779563695
|switch|p1a: Hatterene|Hatterene, F|100/100
|move|p2a: Great Tusk|Ice Spinner|p1a: Hatterene
|-damage|p1a: Hatterene|90/100
|
|-heal|p2a: Great Tusk|77/100|[from] item: Leftovers
|-heal|p1a: Hatterene|96/100|[from] item: Leftovers
|upkeep
|turn|5
|
|t:|1779563710
|-end|p2a: Great Tusk|Protosynthesis|[silent]
|switch|p2a: Samurott|Samurott-Hisui, M|100/100
|move|p1a: Hatterene|Calm Mind|p1a: Hatterene
|-boost|p1a: Hatterene|spa|1
|-boost|p1a: Hatterene|spd|1
|
|-heal|p1a: Hatterene|100/100|[from] item: Leftovers
|upkeep
|turn|6
|
|t:|1779563725
|move|p2a: Samurott|Ceaseless Edge|p1a: Hatterene
|-damage|p1a: Hatterene|82/100
|-sidestart|p1: VelvetLeveilleur|Spikes
|move|p1a: Hatterene|Calm Mind|p1a: Hatterene
|-boost|p1a: Hatterene|spa|1
|-boost|p1a: Hatterene|spd|1
|
|-heal|p1a: Hatterene|88/100|[from] item: Leftovers
|upkeep
|turn|7
|
|t:|1779563734
|move|p2a: Samurott|Ceaseless Edge|p1a: Hatterene
|-damage|p1a: Hatterene|71/100
|-sidestart|p1: VelvetLeveilleur|Spikes
|move|p1a: Hatterene|Calm Mind|p1a: Hatterene
|-boost|p1a: Hatterene|spa|1
|-boost|p1a: Hatterene|spd|1
|
|-heal|p1a: Hatterene|77/100|[from] item: Leftovers
|upkeep
|turn|8
|
|t:|1779563744
|move|p2a: Samurott|Ceaseless Edge|p1a: Hatterene
|-damage|p1a: Hatterene|59/100
|-sidestart|p1: VelvetLeveilleur|Spikes
|move|p1a: Hatterene|Calm Mind|p1a: Hatterene
|-boost|p1a: Hatterene|spa|1
|-boost|p1a: Hatterene|spd|1
|
|-heal|p1a: Hatterene|65/100|[from] item: Leftovers
|-sideend|p1: VelvetLeveilleur|Reflect
|upkeep
|turn|9
|
|t:|1779563755
|switch|p2a: Dragapult|Dragapult, M|100/100
|move|p1a: Hatterene|Draining Kiss|p2a: Dragapult
|-supereffective|p2a: Dragapult
|-damage|p2a: Dragapult|0 fnt
|-heal|p1a: Hatterene|100/100|[from] drain|[of] p2a: Dragapult
|faint|p2a: Dragapult
|
|-sideend|p1: VelvetLeveilleur|move: Light Screen
|upkeep
|-message|jinseinoim_i o forfeited.
|
|win|VelvetLeveilleur
|raw|VelvetLeveilleur's rating: 1062 &rarr; <strong>1096</strong><br />(+34 for winning)
|raw|jinseinoim_i o's rating: 1094 &rarr; <strong>1068</strong><br />(-26 for losing)
|l|☆jinseinoim_i o
|player|p2|
