|j|‽happyking123
|j|☆NotoriousPink
|t:|1779606771
|gametype|singles
|player|p1|happyking123|cynthia-gen4|1064
|player|p2|NotoriousPink|170|1124
|gen|9
|tier|[Gen 9] OU
|rated|
|rule|HP Percentage Mod: HP is shown in percentages
|rule|Endless Battle Clause: Forcing endless battles is banned
|rule|Species Clause: Limit one of each Pokémon
|rule|OHKO Clause: OHKO moves are banned
|rule|Evasion Items Clause: Evasion items are banned
|rule|Evasion Moves Clause: Evasion moves are banned
|rule|Evasion Abilities Clause: Evasion abilities are banned
|rule|Sleep Moves Clause: Sleep-inducing moves are banned
|clearpoke
|poke|p1|Toxtricity, F|
|poke|p1|Blaziken, M|
|poke|p1|Raging Bolt|
|poke|p1|Gastrodon, F|
|poke|p1|Dragapult, M|
|poke|p1|Iron Valiant|
|poke|p2|Spidops, M|
|poke|p2|Deoxys-Defense|
|poke|p2|Corviknight, M|
|poke|p2|Weezing-Galar, F|
|poke|p2|Blissey, F|
|poke|p2|Alomomola, M|
|teampreview
|inactive|Battle timer is ON: inactive players will automatically lose when time's up. (requested by happyking123)
|
|t:|1779606788
|teamsize|p1|6
|teamsize|p2|6
|start
|switch|p1a: Blaziken|Blaziken, M|100/100
|switch|p2a: Spidops|Spidops, M|100/100
|turn|1
|
|t:|1779606798
|switch|p2a: Alomomola|Alomomola, M|100/100
|move|p1a: Blaziken|Flare Blitz|p2a: Alomomola
|-resisted|p2a: Alomomola
|-damage|p2a: Alomomola|77/100
|-damage|p1a: Blaziken|88/100|[from] Recoil
|-damage|p1a: Blaziken|78/100|[from] item: Life Orb
|
|-ability|p1a: Blaziken|Speed Boost|boost
|-boost|p1a: Blaziken|spe|1
|upkeep
|turn|2
|
|t:|1779606814
|-terastallize|p1a: Blaziken|Water
|move|p1a: Blaziken|Close Combat|p2a: Alomomola
|-damage|p2a: Alomomola|22/100
|-unboost|p1a: Blaziken|def|1
|-unboost|p1a: Blaziken|spd|1
|-damage|p1a: Blaziken|68/100|[from] item: Life Orb
|move|p2a: Alomomola|Wish|p2a: Alomomola
|
|-ability|p1a: Blaziken|Speed Boost|boost
|-boost|p1a: Blaziken|spe|1
|upkeep
|turn|3
|
|t:|1779606834
|move|p2a: Alomomola|Protect|p2a: Alomomola
|-singleturn|p2a: Alomomola|Protect
|move|p1a: Blaziken|Close Combat|p2a: Alomomola
|-activate|p2a: Alomomola|move: Protect
|
|-heal|p2a: Alomomola|72/100|[from] move: Wish|[wisher] Alomomola
|-ability|p1a: Blaziken|Speed Boost|boost
|-boost|p1a: Blaziken|spe|1
|upkeep
|turn|4
|
|t:|1779606846
|move|p1a: Blaziken|Swords Dance|p1a: Blaziken
|-boost|p1a: Blaziken|atk|2
|move|p2a: Alomomola|Flip Turn|p1a: Blaziken
|-resisted|p1a: Blaziken
|-damage|p1a: Blaziken|48/100
|
|t:|1779606854
|switch|p2a: Spidops|Spidops, M|100/100|[from] Flip Turn
|
|-ability|p1a: Blaziken|Speed Boost|boost
|-boost|p1a: Blaziken|spe|1
|upkeep
|turn|5
|
|t:|1779606859
|move|p2a: Spidops|First Impression|p1a: Blaziken
|-damage|p1a: Blaziken|0 fnt
|faint|p1a: Blaziken
|
|upkeep
|
|t:|1779606865
|switch|p1a: Dragapult|Dragapult, M|100/100
|turn|6
|
|t:|1779606871
|switch|p2a: Alomomola|Alomomola, M|100/100
|move|p1a: Dragapult|Flamethrower|p2a: Alomomola
|-resisted|p2a: Alomomola
|-damage|p2a: Alomomola|89/100
|-damage|p1a: Dragapult|91/100|[from] item: Life Orb
|
|upkeep
|turn|7
|
|t:|1779606883
|move|p1a: Dragapult|Phantom Force||[still]
|-prepare|p1a: Dragapult|Phantom Force
|move|p2a: Alomomola|Flip Turn|p1a: Dragapult|[miss]
|-miss|p2a: Alomomola|p1a: Dragapult
|
|upkeep
|turn|8
|
|t:|1779606889
|move|p2a: Alomomola|Protect|p2a: Alomomola
|-singleturn|p2a: Alomomola|Protect
|move|p1a: Dragapult|Phantom Force|p2a: Alomomola|[from] lockedmove
|-activate|p2a: Alomomola|move: Phantom Force|[broken]
|-damage|p2a: Alomomola|56/100
|-damage|p1a: Dragapult|81/100|[from] item: Life Orb
|
|upkeep
|turn|9
|
|t:|1779606894
|move|p1a: Dragapult|Phantom Force||[still]
|-prepare|p1a: Dragapult|Phantom Force
|move|p2a: Alomomola|Wish|p2a: Alomomola
|
|upkeep
|turn|10
|
|t:|1779606905
|switch|p2a: Blissey|Blissey, F|100/100
|move|p1a: Dragapult|Phantom Force|p2a: Blissey|[from] lockedmove
|-immune|p2a: Blissey
|
|upkeep
|turn|11
|
|t:|1779606920
|move|p1a: Dragapult|Dragon Darts|p2a: Blissey
|-damage|p2a: Blissey|68/100
|-anim|p1a: Dragapult|Dragon Darts|p2a: Blissey
|-damage|p2a: Blissey|32/100
|-damage|p1a: Dragapult|71/100|[from] item: Life Orb
|move|p2a: Blissey|Stealth Rock|p1a: Dragapult
|-sidestart|p1: happyking123|move: Stealth Rock
|
|upkeep
|turn|12
|
|t:|1779606933
|switch|p2a: Weezing|Weezing-Galar, F|100/100
|-ability|p2a: Weezing|Neutralizing Gas
|move|p1a: Dragapult|Dragon Darts|p2a: Weezing
|-immune|p2a: Weezing
|
|upkeep
|turn|13
|
|t:|1779606958
|switch|p1a: Toxtricity|Toxtricity, F|100/100
|-damage|p1a: Toxtricity|88/100|[from] Stealth Rock
|move|p2a: Weezing|Will-O-Wisp|p1a: Toxtricity
|-status|p1a: Toxtricity|brn
|
|-damage|p1a: Toxtricity|82/100 brn|[from] brn
|upkeep
|turn|14
|
|t:|1779606970
|-end|p2a: Weezing|ability: Neutralizing Gas
|switch|p2a: Deoxys|Deoxys-Defense|100/100
|-ability|p2a: Deoxys|Pressure
|move|p1a: Toxtricity|Sludge Bomb|p2a: Deoxys
|-damage|p2a: Deoxys|77/100
|
|-damage|p1a: Toxtricity|76/100 brn|[from] brn
|upkeep
|turn|15
|
|t:|1779606990
|switch|p1a: Dragapult|Dragapult, M|71/100
|-damage|p1a: Dragapult|59/100|[from] Stealth Rock
|move|p2a: Deoxys|Teleport|p2a: Deoxys
|
|t:|1779606993
|switch|p2a: Alomomola|Alomomola, M|89/100|[from] Teleport
|
|upkeep
|turn|16
|
|t:|1779607001
|move|p1a: Dragapult|Dragon Darts|p2a: Alomomola
|-damage|p2a: Alomomola|69/100
|-anim|p1a: Dragapult|Dragon Darts|p2a: Alomomola
|-damage|p2a: Alomomola|49/100
|-damage|p1a: Dragapult|49/100|[from] item: Life Orb
|move|p2a: Alomomola|Wish|p2a: Alomomola
|
|upkeep
|turn|17
|
|t:|1779607010
|move|p2a: Alomomola|Protect|p2a: Alomomola
|-singleturn|p2a: Alomomola|Protect
|move|p1a: Dragapult|Phantom Force||[still]
|-prepare|p1a: Dragapult|Phantom Force
|
|-heal|p2a: Alomomola|99/100|[from] move: Wish|[wisher] Alomomola
|upkeep
|turn|18
|
|t:|1779607018
|move|p1a: Dragapult|Phantom Force|p2a: Alomomola|[from] lockedmove
|-damage|p2a: Alomomola|66/100
|-damage|p1a: Dragapult|39/100|[from] item: Life Orb
|move|p2a: Alomomola|Wish|p2a: Alomomola
|
|upkeep
|turn|19
|
|t:|1779607029
|move|p2a: Alomomola|Protect|p2a: Alomomola
|-singleturn|p2a: Alomomola|Protect
|move|p1a: Dragapult|Sucker Punch||[still]
|-fail|p1a: Dragapult
|
|-heal|p2a: Alomomola|100/100|[from] move: Wish|[wisher] Alomomola
|upkeep
|turn|20
|
|t:|1779607037
|move|p1a: Dragapult|Sucker Punch||[still]
|-fail|p1a: Dragapult
|move|p2a: Alomomola|Wish|p2a: Alomomola
|
|upkeep
|turn|21
|
|t:|1779607044
|move|p1a: Dragapult|Dragon Darts|p2a: Alomomola
|-damage|p2a: Alomomola|80/100
|-anim|p1a: Dragapult|Dragon Darts|p2a: Alomomola
|-damage|p2a: Alomomola|60/100
|-damage|p1a: Dragapult|30/100|[from] item: Life Orb
|move|p2a: Alomomola|Flip Turn|p1a: Dragapult
|-resisted|p1a: Dragapult
|-damage|p1a: Dragapult|18/100
|
|t:|1779607052
|switch|p2a: Blissey|Blissey, F|32/100|[from] Flip Turn
|
|-heal|p2a: Blissey|69/100|[from] move: Wish|[wisher] Alomomola
|upkeep
|turn|22
|
|t:|1779607066
|switch|p2a: Alomomola|Alomomola, M|93/100
|move|p1a: Dragapult|Dragon Darts|p2a: Alomomola
|-damage|p2a: Alomomola|75/100
|-anim|p1a: Dragapult|Dragon Darts|p2a: Alomomola
|-damage|p2a: Alomomola|55/100
|-damage|p1a: Dragapult|9/100|[from] item: Life Orb
|
|upkeep
|turn|23
|
|t:|1779607076
|switch|p1a: Raging Bolt|Raging Bolt|100/100
|-damage|p1a: Raging Bolt|88/100|[from] Stealth Rock
|move|p2a: Alomomola|Wish|p2a: Alomomola
|
|-heal|p1a: Raging Bolt|94/100|[from] item: Leftovers
|upkeep
|turn|24
|
|t:|1779607087
|switch|p2a: Blissey|Blissey, F|69/100
|move|p1a: Raging Bolt|Thunderbolt|p2a: Blissey
|-damage|p2a: Blissey|52/100
|
|-heal|p2a: Blissey|88/100|[from] move: Wish|[wisher] Alomomola
|-heal|p1a: Raging Bolt|100/100|[from] item: Leftovers
|upkeep
|turn|25
|
|t:|1779607098
|move|p1a: Raging Bolt|Draco Meteor|p2a: Blissey
|-damage|p2a: Blissey|65/100
|-unboost|p1a: Raging Bolt|spa|2
|move|p2a: Blissey|Seismic Toss|p1a: Raging Bolt
|-damage|p1a: Raging Bolt|78/100
|
|-heal|p1a: Raging Bolt|85/100|[from] item: Leftovers
|upkeep
|turn|26
|
|t:|1779607108
|move|p1a: Raging Bolt|Draco Meteor|p2a: Blissey
|-damage|p2a: Blissey|53/100
|-unboost|p1a: Raging Bolt|spa|2
|move|p2a: Blissey|Soft-Boiled|p2a: Blissey
|-heal|p2a: Blissey|100/100
|
|-heal|p1a: Raging Bolt|91/100|[from] item: Leftovers
|upkeep
|turn|27
|
|t:|1779607122
|switch|p2a: Deoxys|Deoxys-Defense|77/100
|-ability|p2a: Deoxys|Pressure
|move|p1a: Raging Bolt|Earthquake|p2a: Deoxys
|-damage|p2a: Deoxys|65/100
|
|-heal|p1a: Raging Bolt|97/100|[from] item: Leftovers
|upkeep
|turn|28
|
|t:|1779607133
|move|p1a: Raging Bolt|Thunderclap||[still]
|-fail|p1a: Raging Bolt
|move|p2a: Deoxys|Recover|p2a: Deoxys
|-heal|p2a: Deoxys|100/100
|
|-heal|p1a: Raging Bolt|100/100|[from] item: Leftovers
|upkeep
|turn|29
|inactiveoff|Battle timer is now OFF.
|
|t:|1779607148
|move|p1a: Raging Bolt|Draco Meteor|p2a: Deoxys
|-damage|p2a: Deoxys|85/100
|-unboost|p1a: Raging Bolt|spa|2
|move|p2a: Deoxys|Teleport|p2a: Deoxys
|
|t:|1779607158
|switch|p2a: Spidops|Spidops, M|100/100|[from] Teleport
|
|upkeep
|turn|30
|
|t:|1779607165
|move|p1a: Raging Bolt|Draco Meteor|p2a: Spidops
|-damage|p2a: Spidops|77/100
|move|p2a: Spidops|Knock Off|p1a: Raging Bolt
|-damage|p1a: Raging Bolt|69/100
|-enditem|p1a: Raging Bolt|Leftovers|[from] move: Knock Off|[of] p2a: Spidops
|
|upkeep
|turn|31
|
|t:|1779607192
|switch|p2a: Weezing|Weezing-Galar, F|100/100
|-ability|p2a: Weezing|Neutralizing Gas
|move|p1a: Raging Bolt|Draco Meteor|p2a: Weezing
|-immune|p2a: Weezing
|
|upkeep
|turn|32
|
|t:|1779607204
|-end|p1a: Raging Bolt|Protosynthesis|[silent]
|switch|p1a: Toxtricity|Toxtricity, F|76/100 brn
|-damage|p1a: Toxtricity|64/100 brn|[from] Stealth Rock
|move|p2a: Weezing|Will-O-Wisp|p1a: Toxtricity
|-fail|p1a: Toxtricity|brn
|
|-damage|p1a: Toxtricity|57/100 brn|[from] brn
|upkeep
|turn|33
|
|t:|1779607217
|-end|p2a: Weezing|ability: Neutralizing Gas
|switch|p2a: Alomomola|Alomomola, M|88/100
|move|p1a: Toxtricity|Overdrive|p2a: Alomomola
|-supereffective|p2a: Alomomola
|-damage|p2a: Alomomola|2/100
|-enditem|p1a: Toxtricity|Throat Spray
|-boost|p1a: Toxtricity|spa|1|[from] item: Throat Spray
|
|-damage|p1a: Toxtricity|51/100 brn|[from] brn
|upkeep
|turn|34
|
|t:|1779607233
|switch|p2a: Deoxys|Deoxys-Defense|85/100
|-ability|p2a: Deoxys|Pressure
|move|p1a: Toxtricity|Drain Punch|p2a: Deoxys
|-resisted|p2a: Deoxys
|-damage|p2a: Deoxys|83/100
|-heal|p1a: Toxtricity|53/100 brn|[from] drain|[of] p2a: Deoxys
|
|-damage|p1a: Toxtricity|46/100 brn|[from] brn
|upkeep
|turn|35
|
|t:|1779607252
|switch|p1a: Iron Valiant|Iron Valiant|100/100
|-damage|p1a: Iron Valiant|94/100|[from] Stealth Rock
|-enditem|p1a: Iron Valiant|Booster Energy
|-activate|p1a: Iron Valiant|ability: Quark Drive|[fromitem]
|-start|p1a: Iron Valiant|quarkdriveatk
|move|p2a: Deoxys|Psychic Noise|p1a: Iron Valiant
|-supereffective|p1a: Iron Valiant
|-damage|p1a: Iron Valiant|35/100
|-start|p1a: Iron Valiant|move: Heal Block
|
|upkeep
|turn|36
|
|t:|1779607267
|move|p2a: Deoxys|Protect|p2a: Deoxys
|-singleturn|p2a: Deoxys|Protect
|move|p1a: Iron Valiant|Knock Off|p2a: Deoxys
|-activate|p2a: Deoxys|move: Protect
|
|-end|p1a: Iron Valiant|move: Heal Block
|upkeep
|turn|37
|
|t:|1779607287
|switch|p2a: Corviknight|Corviknight, M|100/100
|-ability|p2a: Corviknight|Pressure
|move|p1a: Iron Valiant|Knock Off|p2a: Corviknight
|-damage|p2a: Corviknight|73/100
|-enditem|p2a: Corviknight|Heavy-Duty Boots|[from] move: Knock Off|[of] p1a: Iron Valiant
|
|upkeep
|turn|38
|
|t:|1779607304
|-end|p1a: Iron Valiant|Quark Drive|[silent]
|switch|p1a: Raging Bolt|Raging Bolt|69/100
|-damage|p1a: Raging Bolt|56/100|[from] Stealth Rock
|move|p2a: Corviknight|Iron Head|p1a: Raging Bolt
|-resisted|p1a: Raging Bolt
|-crit|p1a: Raging Bolt
|-damage|p1a: Raging Bolt|41/100
|
|upkeep
|turn|39
|
|t:|1779607318
|switch|p2a: Deoxys|Deoxys-Defense|83/100
|-ability|p2a: Deoxys|Pressure
|move|p1a: Raging Bolt|Thunderbolt|p2a: Deoxys
|-damage|p2a: Deoxys|50/100
|
|upkeep
|turn|40
|
|t:|1779607327
|move|p2a: Deoxys|Recover|p2a: Deoxys
|-heal|p2a: Deoxys|99/100
|move|p1a: Raging Bolt|Thunderbolt|p2a: Deoxys
|-damage|p2a: Deoxys|66/100
|
|upkeep
|turn|41
|
|t:|1779607339
|move|p1a: Raging Bolt|Thunderbolt|p2a: Deoxys
|-damage|p2a: Deoxys|37/100
|move|p2a: Deoxys|Teleport|p2a: Deoxys
|
|t:|1779607343
|switch|p2a: Spidops|Spidops, M|77/100|[from] Teleport
|
|upkeep
|turn|42
|
|t:|1779607363
|move|p2a: Spidops|First Impression|p1a: Raging Bolt
|-damage|p1a: Raging Bolt|0 fnt
|faint|p1a: Raging Bolt
|-end|p1a: Raging Bolt|Protosynthesis|[silent]
|
|upkeep
|inactive|Battle timer is ON: inactive players will automatically lose when time's up. (requested by NotoriousPink)
|inactive|happyking123 has 120 seconds left.
|inactive|happyking123 has 90 seconds left.
|inactive|happyking123 has 60 seconds left.
|inactive|happyking123 has 30 seconds left.
|inactive|happyking123 has 20 seconds left.
|inactive|happyking123 has 15 seconds left.
|
|t:|1779607598
|switch|p1a: Gastrodon|Gastrodon, F|100/100
|-damage|p1a: Gastrodon|94/100|[from] Stealth Rock
|turn|43
|inactive|happyking123 has 25 seconds left this turn.
|inactive|happyking123 has 20 seconds left.
|inactive|happyking123 has 15 seconds left.
|
|t:|1779607609
|switch|p2a: Alomomola|Alomomola, M|35/100
|move|p1a: Gastrodon|Ice Beam|p2a: Alomomola
|-resisted|p2a: Alomomola
|-damage|p2a: Alomomola|24/100
|
|-heal|p1a: Gastrodon|100/100|[from] item: Leftovers
|upkeep
|turn|44
|inactive|happyking123 has 25 seconds left this turn.
|inactive|happyking123 has 20 seconds left.
|inactive|happyking123 has 15 seconds left.
|
|t:|1779607621
|switch|p2a: Blissey|Blissey, F|100/100
|move|p1a: Gastrodon|Earth Power|p2a: Blissey
|-damage|p2a: Blissey|89/100
|
|upkeep
|turn|45
|inactive|happyking123 has 25 seconds left this turn.
|inactive|happyking123 has 20 seconds left.
|inactive|happyking123 has 15 seconds left.
|inactive|happyking123 has 10 seconds left.
|inactive|happyking123 has 5 seconds left.
|-message|happyking123 lost due to inactivity.
|
|win|NotoriousPink
|raw|happyking123's rating: 1064 &rarr; <strong>1048</strong><br />(-16 for losing)
|raw|NotoriousPink's rating: 1124 &rarr; <strong>1145</strong><br />(+21 for winning)
