|j|☆22-chicken
|j|☆npctypebeat
|t:|1779588612
|gametype|singles
|player|p1|22-chicken|firebreather|1114
|player|p2|npctypebeat|2|1129
|gen|9
|tier|[Gen 9] OU
|rated|
|rule|HP Percentage Mod: HP is shown in percentages
|rule|Endless Battle Clause: Forcing endless battles is banned
|rule|Species Clause: Limit one of each Pokémon
|rule|OHKO Clause: OHKO moves are banned
|rule|Evasion Items Clause: Evasion items are banned
|rule|Evasion Moves Clause: Evasion moves are banned
|rule|Evasion Abilities Clause: Evasion abilities are banned
|rule|Sleep Moves Clause: Sleep-inducing moves are banned
|clearpoke
|poke|p1|Cinderace, M|
|poke|p1|Blaziken, M|
|poke|p1|Torracat, M|
|poke|p1|Gliscor, M|
|poke|p1|Rabsca, M|
|poke|p1|Grafaiai, M|
|poke|p2|Gliscor, F|
|poke|p2|Ogerpon, F|
|poke|p2|Walking Wake|
|poke|p2|Blissey, F|
|poke|p2|Corviknight, M|
|poke|p2|Pecharunt|
|teampreview
|c|☆npctypebeat|hf
|inactive|Battle timer is ON: inactive players will automatically lose when time's up. (requested by 22-chicken)
|
|t:|1779588633
|teamsize|p1|6
|teamsize|p2|6
|start
|switch|p1a: Torracat|Torracat, M|100/100
|switch|p2a: Gliscor|Gliscor, F|100/100
|-ability|p1a: Torracat|Intimidate|boost
|-unboost|p2a: Gliscor|atk|1
|turn|1
|inactive|npctypebeat also wants the timer to be on.
|inactive|npctypebeat has 120 seconds left.
|inactive|npctypebeat has 90 seconds left.
|
|t:|1779588695
|move|p2a: Gliscor|Spikes|p1a: Torracat
|-sidestart|p1: 22-chicken|Spikes
|move|p1a: Torracat|Roar|p2a: Gliscor
|drag|p2a: Blissey|Blissey, F|100/100
|
|upkeep
|turn|2
|inactive|22-chicken has 120 seconds left.
|
|t:|1779588734
|move|p2a: Blissey|Stealth Rock|p1a: Torracat
|-sidestart|p1: 22-chicken|move: Stealth Rock
|move|p1a: Torracat|Roar|p2a: Blissey
|drag|p2a: Gliscor|Gliscor, F|100/100
|
|-status|p2a: Gliscor|tox|[from] item: Toxic Orb
|upkeep
|turn|3
|inactive|22-chicken has 120 seconds left.
|
|t:|1779588743
|move|p1a: Torracat|Flare Blitz|p2a: Gliscor
|-damage|p2a: Gliscor|67/100 tox
|-damage|p1a: Torracat|86/100|[from] Recoil
|move|p2a: Gliscor|Earthquake|p1a: Torracat
|-supereffective|p1a: Torracat
|-crit|p1a: Torracat
|-damage|p1a: Torracat|0 fnt
|faint|p1a: Torracat
|
|-heal|p2a: Gliscor|80/100 tox|[from] ability: Poison Heal
|upkeep
|inactive|22-chicken has 120 seconds left.
|
|t:|1779588753
|switch|p1a: Cinderace|Cinderace, M|100/100
|turn|4
|
|t:|1779588774
|switch|p1a: Gliscor|Gliscor, M, shiny|100/100
|-damage|p1a: Gliscor|88/100|[from] Stealth Rock
|switch|p2a: Walking Wake|Walking Wake|100/100
|
|-status|p1a: Gliscor|tox|[from] item: Toxic Orb
|upkeep
|turn|5
|inactive|22-chicken has 120 seconds left.
|
|t:|1779588796
|move|p2a: Walking Wake|Surf|p1a: Gliscor
|-supereffective|p1a: Gliscor
|-crit|p1a: Gliscor
|-damage|p1a: Gliscor|0 fnt
|faint|p1a: Gliscor
|
|upkeep
|
|t:|1779588800
|switch|p1a: Cinderace|Cinderace, M|100/100
|turn|6
|inactive|22-chicken has 120 seconds left.
|
|t:|1779588815
|move|p1a: Cinderace|Court Change|p1a: Cinderace
|-start|p1a: Cinderace|typechange|Normal|[from] ability: Libero
|-swapsideconditions
|-activate|p1a: Cinderace|move: Court Change
|move|p2a: Walking Wake|Surf|p1a: Cinderace
|-damage|p1a: Cinderace|35/100
|
|upkeep
|turn|7
|inactive|npctypebeat has 90 seconds left.
|
|t:|1779588844
|move|p1a: Cinderace|High Jump Kick|p2a: Walking Wake
|-damage|p2a: Walking Wake|52/100
|move|p2a: Walking Wake|Surf|p1a: Cinderace
|-damage|p1a: Cinderace|0 fnt
|faint|p1a: Cinderace
|
|upkeep
|
|t:|1779588852
|switch|p1a: Blaziken|Blaziken, M|100/100
|turn|8
|inactive|npctypebeat has 90 seconds left.
|
|t:|1779588877
|move|p1a: Blaziken|Protect|p1a: Blaziken
|-singleturn|p1a: Blaziken|Protect
|move|p2a: Walking Wake|Surf|p1a: Blaziken
|-activate|p1a: Blaziken|move: Protect
|
|-ability|p1a: Blaziken|Speed Boost|boost
|-boost|p1a: Blaziken|spe|1
|upkeep
|turn|9
|inactive|npctypebeat has 90 seconds left.
|
|t:|1779588897
|move|p1a: Blaziken|Low Kick|p2a: Walking Wake
|-damage|p2a: Walking Wake|0 fnt
|faint|p2a: Walking Wake
|-end|p2a: Walking Wake|Protosynthesis|[silent]
|
|-ability|p1a: Blaziken|Speed Boost|boost
|-boost|p1a: Blaziken|spe|1
|upkeep
|inactive|npctypebeat has 60 seconds left.
|
|t:|1779588941
|switch|p2a: Gliscor|Gliscor, F|80/100 tox
|-damage|p2a: Gliscor|67/100 tox|[from] Stealth Rock
|turn|10
|inactive|npctypebeat has 30 seconds left.
|
|t:|1779588966
|-terastallize|p1a: Blaziken|Flying
|move|p1a: Blaziken|Swords Dance|p1a: Blaziken
|-boost|p1a: Blaziken|atk|2
|move|p2a: Gliscor|Earthquake|p1a: Blaziken
|-immune|p1a: Blaziken
|
|-heal|p2a: Gliscor|80/100 tox|[from] ability: Poison Heal
|-ability|p1a: Blaziken|Speed Boost|boost
|-boost|p1a: Blaziken|spe|1
|upkeep
|turn|11
|inactive|npctypebeat has 30 seconds left.
|inactive|npctypebeat has 20 seconds left.
|inactive|npctypebeat has 15 seconds left.
|inactive|npctypebeat has 10 seconds left.
|inactive|npctypebeat has 5 seconds left.
|
|t:|1779589002
|move|p1a: Blaziken|Blaze Kick|p2a: Gliscor|[miss]
|-miss|p1a: Blaziken|p2a: Gliscor
|move|p2a: Gliscor|Toxic|p1a: Blaziken
|-status|p1a: Blaziken|tox
|
|-damage|p1a: Blaziken|95/100 tox|[from] psn
|-heal|p2a: Gliscor|92/100 tox|[from] ability: Poison Heal
|-ability|p1a: Blaziken|Speed Boost|boost
|-boost|p1a: Blaziken|spe|1
|upkeep
|turn|12
|inactive|npctypebeat has 15 seconds left this turn.
|inactive|npctypebeat has 10 seconds left.
|
|t:|1779589017
|switch|p2a: Pecharunt|Pecharunt|100/100
|move|p1a: Blaziken|Blaze Kick|p2a: Pecharunt
|-damage|p2a: Pecharunt|60/100
|-status|p2a: Pecharunt|brn
|
|-damage|p1a: Blaziken|83/100 tox|[from] psn
|-damage|p2a: Pecharunt|54/100 brn|[from] brn
|-ability|p1a: Blaziken|Speed Boost|boost
|-boost|p1a: Blaziken|spe|1
|upkeep
|turn|13
|inactive|npctypebeat has 20 seconds left this turn.
|inactive|npctypebeat has 15 seconds left.
|inactive|npctypebeat has 10 seconds left.
|inactive|npctypebeat has 5 seconds left.
|
|t:|1779589033
|move|p1a: Blaziken|Blaze Kick|p2a: Pecharunt
|-damage|p2a: Pecharunt|10/100 brn
|move|p2a: Pecharunt|Malignant Chain|p1a: Blaziken
|-damage|p1a: Blaziken|35/100 tox
|
|-damage|p1a: Blaziken|17/100 tox|[from] psn
|-damage|p2a: Pecharunt|4/100 brn|[from] brn
|-ability|p1a: Blaziken|Speed Boost|boost
|-boost|p1a: Blaziken|spe|1
|upkeep
|turn|14
|inactive|npctypebeat has 15 seconds left this turn.
|inactive|npctypebeat has 10 seconds left.
|inactive|npctypebeat has 5 seconds left.
|-message|npctypebeat lost due to inactivity.
|
|win|22-chicken
|raw|22-chicken's rating: 1114 &rarr; <strong>1142</strong><br />(+28 for winning)
|raw|npctypebeat's rating: 1161 &rarr; <strong>1133</strong><br />(-28 for losing)
|c|☆npctypebeat|gg
|l|☆22-chicken
|player|p1|
|l|☆npctypebeat
|player|p2|
