|j|☆claudechamp
|j|☆Terrifixicator
|t:|1779698883
|gametype|singles
|player|p1|claudechamp|169|1173
|player|p2|Terrifixicator|gambler|1225
|gen|9
|tier|[Gen 9] OU
|rated|
|rule|HP Percentage Mod: HP is shown in percentages
|rule|Endless Battle Clause: Forcing endless battles is banned
|rule|Species Clause: Limit one of each Pokémon
|rule|OHKO Clause: OHKO moves are banned
|rule|Evasion Items Clause: Evasion items are banned
|rule|Evasion Moves Clause: Evasion moves are banned
|rule|Evasion Abilities Clause: Evasion abilities are banned
|rule|Sleep Moves Clause: Sleep-inducing moves are banned
|clearpoke
|poke|p1|Gliscor, F|
|poke|p1|Gholdengo|
|poke|p1|Zamazenta-*|
|poke|p1|Blissey, F|
|poke|p1|Skarmory, F|
|poke|p1|Pecharunt|
|poke|p2|Dragapult, F|
|poke|p2|Kingambit, M|
|poke|p2|Clefable, F|
|poke|p2|Iron Moth|
|poke|p2|Landorus-Therian, M|
|poke|p2|Deoxys-Speed|
|teampreview
|inactive|Battle timer is ON: inactive players will automatically lose when time's up. (requested by Terrifixicator)
|c|☆claudechamp|hf
|inactive|claudechamp also wants the timer to be on.
|
|t:|1779698895
|teamsize|p1|6
|teamsize|p2|6
|start
|switch|p1a: Skarmory|Skarmory, F|100/100
|switch|p2a: VOITURE|Clefable, F|100/100
|turn|1
|
|t:|1779698899
|move|p1a: Skarmory|Spikes|p2a: VOITURE
|-sidestart|p2: Terrifixicator|Spikes
|move|p2a: VOITURE|Thunder Wave|p1a: Skarmory
|-status|p1a: Skarmory|par
|
|upkeep
|turn|2
|
|t:|1779698905
|switch|p1a: Gliscor|Gliscor, F|100/100
|move|p2a: VOITURE|Stealth Rock|p1a: Gliscor
|-sidestart|p1: claudechamp|move: Stealth Rock
|
|-status|p1a: Gliscor|tox|[from] item: Toxic Orb
|upkeep
|turn|3
|
|t:|1779698917
|switch|p2a: BYCICLETTE|Landorus-Therian, M|100/100
|-ability|p2a: BYCICLETTE|Intimidate|boost
|-unboost|p1a: Gliscor|atk|1
|move|p1a: Gliscor|Swords Dance|p1a: Gliscor
|-boost|p1a: Gliscor|atk|2
|
|upkeep
|turn|4
|
|t:|1779698922
|move|p2a: BYCICLETTE|Taunt|p1a: Gliscor
|-start|p1a: Gliscor|move: Taunt
|move|p1a: Gliscor|Knock Off|p2a: BYCICLETTE
|-damage|p2a: BYCICLETTE|68/100
|-damage|p1a: Gliscor|84/100 tox|[from] item: Rocky Helmet|[of] p2a: BYCICLETTE
|-enditem|p2a: BYCICLETTE|Rocky Helmet|[from] move: Knock Off|[of] p1a: Gliscor
|
|-heal|p1a: Gliscor|97/100 tox|[from] ability: Poison Heal
|upkeep
|turn|5
|
|t:|1779698926
|move|p2a: BYCICLETTE|U-turn|p1a: Gliscor
|-resisted|p1a: Gliscor
|-crit|p1a: Gliscor
|-damage|p1a: Gliscor|84/100 tox
|
|t:|1779698930
|switch|p2a: ça c’est ma fusée|Deoxys-Speed|100/100|[from] U-turn
|-ability|p2a: ça c’est ma fusée|Pressure
|move|p1a: Gliscor|Knock Off|p2a: ça c’est ma fusée
|-supereffective|p2a: ça c’est ma fusée
|-damage|p2a: ça c’est ma fusée|0 fnt
|-enditem|p2a: ça c’est ma fusée|Heavy-Duty Boots|[from] move: Knock Off|[of] p1a: Gliscor
|faint|p2a: ça c’est ma fusée
|
|-heal|p1a: Gliscor|97/100 tox|[from] ability: Poison Heal
|upkeep
|
|t:|1779698935
|switch|p2a: AVION|Dragapult, F|100/100
|turn|6
|
|t:|1779698939
|move|p2a: AVION|Hex|p1a: Gliscor
|-damage|p1a: Gliscor|44/100 tox
|move|p1a: Gliscor|Knock Off|p2a: AVION
|-supereffective|p2a: AVION
|-damage|p2a: AVION|15/100
|-enditem|p2a: AVION|Heavy-Duty Boots|[from] move: Knock Off|[of] p1a: Gliscor
|
|-heal|p1a: Gliscor|56/100 tox|[from] ability: Poison Heal
|-end|p1a: Gliscor|move: Taunt
|upkeep
|turn|7
|c|☆Terrifixicator|Glhf yeah
|
|t:|1779698960
|move|p1a: Gliscor|Protect|p1a: Gliscor
|-singleturn|p1a: Gliscor|Protect
|move|p2a: AVION|Hex|p1a: Gliscor
|-activate|p1a: Gliscor|move: Protect
|
|-heal|p1a: Gliscor|69/100 tox|[from] ability: Poison Heal
|upkeep
|turn|8
|
|t:|1779698967
|move|p2a: AVION|Hex|p1a: Gliscor
|-damage|p1a: Gliscor|22/100 tox
|move|p1a: Gliscor|Knock Off|p2a: AVION
|-supereffective|p2a: AVION
|-crit|p2a: AVION
|-damage|p2a: AVION|0 fnt
|faint|p2a: AVION
|
|-heal|p1a: Gliscor|35/100 tox|[from] ability: Poison Heal
|upkeep
|
|t:|1779698971
|switch|p2a: BYCICLETTE|Landorus-Therian, M|68/100
|-ability|p2a: BYCICLETTE|Intimidate|boost
|-unboost|p1a: Gliscor|atk|1
|turn|9
|
|t:|1779698973
|move|p2a: BYCICLETTE|U-turn|p1a: Gliscor
|-resisted|p1a: Gliscor
|-damage|p1a: Gliscor|26/100 tox
|
|t:|1779698975
|switch|p2a: VOITURE|Clefable, F|100/100|[from] U-turn
|move|p1a: Gliscor|Swords Dance|p1a: Gliscor
|-boost|p1a: Gliscor|atk|2
|
|-heal|p1a: Gliscor|39/100 tox|[from] ability: Poison Heal
|upkeep
|turn|10
|
|t:|1779698979
|move|p1a: Gliscor|Earthquake|p2a: VOITURE
|-damage|p2a: VOITURE|48/100
|move|p2a: VOITURE|Moonblast|p1a: Gliscor
|-damage|p1a: Gliscor|8/100 tox
|
|-heal|p2a: VOITURE|55/100|[from] item: Leftovers
|-heal|p1a: Gliscor|20/100 tox|[from] ability: Poison Heal
|upkeep
|turn|11
|
|t:|1779698984
|move|p1a: Gliscor|Earthquake|p2a: VOITURE
|-damage|p2a: VOITURE|6/100
|move|p2a: VOITURE|Moonblast|p1a: Gliscor
|-damage|p1a: Gliscor|0 fnt
|faint|p1a: Gliscor
|
|-heal|p2a: VOITURE|12/100|[from] item: Leftovers
|upkeep
|
|t:|1779698985
|switch|p1a: Pecharunt|Pecharunt|100/100
|turn|12
|
|t:|1779698990
|move|p1a: Pecharunt|Shadow Ball|p2a: VOITURE
|-crit|p2a: VOITURE
|-damage|p2a: VOITURE|0 fnt
|faint|p2a: VOITURE
|
|upkeep
|
|t:|1779698994
|switch|p2a: BYCICLETTE|Landorus-Therian, M|68/100
|-ability|p2a: BYCICLETTE|Intimidate|boost
|-unboost|p1a: Pecharunt|atk|1
|turn|13
|
|t:|1779698997
|switch|p1a: Zamazenta|Zamazenta|100/100
|-ability|p1a: Zamazenta|Dauntless Shield|boost
|-boost|p1a: Zamazenta|def|1
|move|p2a: BYCICLETTE|Earth Power|p1a: Zamazenta
|-damage|p1a: Zamazenta|72/100
|
|upkeep
|turn|14
|
|t:|1779698999
|move|p1a: Zamazenta|Ice Fang|p2a: BYCICLETTE
|-supereffective|p2a: BYCICLETTE
|-damage|p2a: BYCICLETTE|0 fnt
|faint|p2a: BYCICLETTE
|
|upkeep
|
|t:|1779699003
|switch|p2a: BATEAU|Iron Moth|100/100
|-damage|p2a: BATEAU|88/100|[from] Spikes
|-enditem|p2a: BATEAU|Booster Energy
|-activate|p2a: BATEAU|ability: Quark Drive|[fromitem]
|-start|p2a: BATEAU|quarkdrivespe
|turn|15
|
|t:|1779699011
|switch|p1a: Blissey|Blissey, F|100/100
|move|p2a: BATEAU|Dazzling Gleam|p1a: Blissey
|-damage|p1a: Blissey|93/100
|
|upkeep
|turn|16
|
|t:|1779699016
|move|p2a: BATEAU|Fiery Dance|p1a: Blissey
|-damage|p1a: Blissey|81/100
|move|p1a: Blissey|Calm Mind|p1a: Blissey
|-boost|p1a: Blissey|spa|1
|-boost|p1a: Blissey|spd|1
|
|upkeep
|turn|17
|
|t:|1779699022
|move|p2a: BATEAU|Fiery Dance|p1a: Blissey
|-damage|p1a: Blissey|73/100
|-boost|p2a: BATEAU|spa|1
|move|p1a: Blissey|Calm Mind|p1a: Blissey
|-boost|p1a: Blissey|spa|1
|-boost|p1a: Blissey|spd|1
|
|upkeep
|turn|18
|
|t:|1779699025
|move|p2a: BATEAU|Sludge Wave|p1a: Blissey
|-damage|p1a: Blissey|61/100
|move|p1a: Blissey|Shadow Ball|p2a: BATEAU
|-damage|p2a: BATEAU|56/100
|
|upkeep
|turn|19
|
|t:|1779699030
|move|p2a: BATEAU|Sludge Wave|p1a: Blissey
|-crit|p1a: Blissey
|-damage|p1a: Blissey|27/100
|move|p1a: Blissey|Shadow Ball|p2a: BATEAU
|-damage|p2a: BATEAU|25/100
|-unboost|p2a: BATEAU|spd|1
|
|upkeep
|turn|20
|
|t:|1779699035
|move|p2a: BATEAU|Sludge Wave|p1a: Blissey
|-damage|p1a: Blissey|16/100
|move|p1a: Blissey|Soft-Boiled|p1a: Blissey
|-heal|p1a: Blissey|66/100
|
|upkeep
|turn|21
|
|t:|1779699045
|move|p2a: BATEAU|Sludge Wave|p1a: Blissey
|-damage|p1a: Blissey|54/100
|move|p1a: Blissey|Shadow Ball|p2a: BATEAU
|-damage|p2a: BATEAU|0 fnt
|faint|p2a: BATEAU
|-end|p2a: BATEAU|Quark Drive|[silent]
|
|upkeep
|
|t:|1779699049
|switch|p2a: CAMION|Kingambit, M|100/100
|-damage|p2a: CAMION|88/100|[from] Spikes
|-activate|p2a: CAMION|ability: Supreme Overlord
|-start|p2a: CAMION|fallen5|[silent]
|turn|22
|
|t:|1779699053
|switch|p1a: Zamazenta|Zamazenta|72/100
|move|p2a: CAMION|Swords Dance|p2a: CAMION
|-boost|p2a: CAMION|atk|2
|
|upkeep
|turn|23
|
|t:|1779699059
|-terastallize|p2a: CAMION|Dark
|move|p2a: CAMION|Sucker Punch|p1a: Zamazenta
|-resisted|p1a: Zamazenta
|-damage|p1a: Zamazenta|0 fnt
|faint|p1a: Zamazenta
|
|upkeep
|
|t:|1779699061
|switch|p1a: Skarmory|Skarmory, F|100/100 par
|turn|24
|
|t:|1779699066
|move|p2a: CAMION|Kowtow Cleave|p1a: Skarmory
|-ability|p1a: Skarmory|Sturdy
|-damage|p1a: Skarmory|1/100 par
|move|p1a: Skarmory|Whirlwind||[still]
|-fail|p1a: Skarmory
|
|upkeep
|turn|25
|
|t:|1779699072
|move|p2a: CAMION|Kowtow Cleave|p1a: Skarmory
|-damage|p1a: Skarmory|0 fnt
|faint|p1a: Skarmory
|
|upkeep
|
|t:|1779699078
|switch|p1a: Pecharunt|Pecharunt|100/100
|turn|26
|
|t:|1779699082
|-terastallize|p1a: Pecharunt|Fairy
|move|p2a: CAMION|Sucker Punch||[still]
|-fail|p2a: CAMION
|move|p1a: Pecharunt|Toxic|p2a: CAMION|[miss]
|-miss|p1a: Pecharunt|p2a: CAMION
|
|upkeep
|turn|27
|
|t:|1779699089
|move|p1a: Pecharunt|Shadow Ball|p2a: CAMION
|-resisted|p2a: CAMION
|-damage|p2a: CAMION|76/100
|move|p2a: CAMION|Iron Head|p1a: Pecharunt
|-supereffective|p1a: Pecharunt
|-damage|p1a: Pecharunt|0 fnt
|faint|p1a: Pecharunt
|
|upkeep
|
|t:|1779699097
|switch|p1a: Gholdengo|Gholdengo|100/100
|-damage|p1a: Gholdengo|94/100|[from] Stealth Rock
|turn|28
|
|t:|1779699102
|switch|p1a: Blissey|Blissey, F|54/100
|move|p2a: CAMION|Kowtow Cleave|p1a: Blissey
|-damage|p1a: Blissey|0 fnt
|faint|p1a: Blissey
|
|upkeep
|
|t:|1779699108
|switch|p1a: Gholdengo|Gholdengo|94/100
|-damage|p1a: Gholdengo|88/100|[from] Stealth Rock
|turn|29
|
|t:|1779699113
|move|p1a: Gholdengo|Hex|p2a: CAMION
|-resisted|p2a: CAMION
|-damage|p2a: CAMION|63/100
|move|p2a: CAMION|Kowtow Cleave|p1a: Gholdengo
|-supereffective|p1a: Gholdengo
|-damage|p1a: Gholdengo|0 fnt
|faint|p1a: Gholdengo
|
|win|Terrifixicator
|raw|claudechamp's rating: 1173 &rarr; <strong>1152</strong><br />(-21 for losing)
|raw|Terrifixicator's rating: 1225 &rarr; <strong>1246</strong><br />(+21 for winning)
|c|☆claudechamp|gg
|c|☆Terrifixicator|Ggwp
