|j|☆veebi
|j|☆OP Earthquakes
|t:|1779649687
|gametype|singles
|player|p1|veebi|265|1537
|player|p2|OP Earthquakes|giovanni-masters|1657
|gen|9
|tier|[Gen 9] OU
|rated|
|rule|HP Percentage Mod: HP is shown in percentages
|rule|Endless Battle Clause: Forcing endless battles is banned
|rule|Species Clause: Limit one of each Pokémon
|rule|OHKO Clause: OHKO moves are banned
|rule|Evasion Items Clause: Evasion items are banned
|rule|Evasion Moves Clause: Evasion moves are banned
|rule|Evasion Abilities Clause: Evasion abilities are banned
|rule|Sleep Moves Clause: Sleep-inducing moves are banned
|clearpoke
|poke|p1|Walking Wake|
|poke|p1|Cinderace, F|
|poke|p1|Wo-Chien|
|poke|p1|Great Tusk|
|poke|p1|Torkoal, M|
|poke|p1|Clefable, M|
|poke|p2|Tyranitar, F|
|poke|p2|Pawmot, F|
|poke|p2|Kyurem|
|poke|p2|Excadrill, M|
|poke|p2|Hawlucha, M|
|poke|p2|Grimmsnarl, M|
|teampreview
|inactive|Battle timer is ON: inactive players will automatically lose when time's up. (requested by OP Earthquakes)
|j| omari p
|
|t:|1779649703
|teamsize|p1|6
|teamsize|p2|6
|start
|switch|p1a: Γ=r×F=rFsin(θ)|Torkoal, M|100/100
|switch|p2a: Grimmsnarl|Grimmsnarl, M|100/100
|-weather|SunnyDay|[from] ability: Drought|[of] p1a: Γ=r×F=rFsin(θ)
|turn|1
|
|t:|1779649710
|switch|p2a: The sandstorm|Tyranitar, F, shiny|100/100
|-weather|Sandstorm|[from] ability: Sand Stream|[of] p2a: The sandstorm
|move|p1a: Γ=r×F=rFsin(θ)|Will-O-Wisp|p2a: The sandstorm
|-status|p2a: The sandstorm|brn
|
|-weather|Sandstorm|[upkeep]
|-damage|p1a: Γ=r×F=rFsin(θ)|94/100|[from] Sandstorm
|-damage|p2a: The sandstorm|94/100 brn|[from] brn
|upkeep
|turn|2
|c|☆veebi|omari p you still with us
|c|☆OP Earthquakes|this gotta be wo-chien alt
|inactive|OP Earthquakes has 120 seconds left.
|c|☆veebi|idk
|j| FaronAan
|inactive|OP Earthquakes has 90 seconds left.
|
|t:|1779649778
|switch|p2a: Grimmsnarl|Grimmsnarl, M|100/100
|switch|p1a: RushinRhonda|Great Tusk|100/100
|
|-weather|Sandstorm|[upkeep]
|-damage|p2a: Grimmsnarl|94/100|[from] Sandstorm
|upkeep
|turn|3
|
|t:|1779649784
|move|p2a: Grimmsnarl|Reflect|p2a: Grimmsnarl
|-sidestart|p2: OP Earthquakes|Reflect
|move|p1a: RushinRhonda|Stealth Rock|p2a: Grimmsnarl
|-sidestart|p2: OP Earthquakes|move: Stealth Rock
|
|-weather|Sandstorm|[upkeep]
|-damage|p2a: Grimmsnarl|88/100|[from] Sandstorm
|upkeep
|turn|4
|
|t:|1779649791
|-end|p1a: RushinRhonda|Protosynthesis|[silent]
|switch|p1a: Γ=r×F=rFsin(θ)|Torkoal, M|94/100
|-weather|SunnyDay|[from] ability: Drought|[of] p1a: Γ=r×F=rFsin(θ)
|move|p2a: Grimmsnarl|Light Screen|p2a: Grimmsnarl
|-sidestart|p2: OP Earthquakes|move: Light Screen
|
|-weather|SunnyDay|[upkeep]
|upkeep
|turn|5
|
|t:|1779649801
|switch|p2a: The sandstorm|Tyranitar, F, shiny|94/100 brn
|-damage|p2a: The sandstorm|82/100 brn|[from] Stealth Rock
|-weather|Sandstorm|[from] ability: Sand Stream|[of] p2a: The sandstorm
|move|p1a: Γ=r×F=rFsin(θ)|Will-O-Wisp|p2a: The sandstorm
|-fail|p2a: The sandstorm|brn
|
|-weather|Sandstorm|[upkeep]
|-damage|p1a: Γ=r×F=rFsin(θ)|88/100|[from] Sandstorm
|-damage|p2a: The sandstorm|76/100 brn|[from] brn
|upkeep
|turn|6
|
|t:|1779649807
|switch|p2a: Itachi|Hawlucha, M, shiny|100/100
|-damage|p2a: Itachi|88/100|[from] Stealth Rock
|-ability|p2a: Itachi|Mold Breaker
|move|p1a: Γ=r×F=rFsin(θ)|Will-O-Wisp|p2a: Itachi
|-status|p2a: Itachi|brn
|
|-weather|Sandstorm|[upkeep]
|-damage|p2a: Itachi|82/100 brn|[from] Sandstorm
|-damage|p1a: Γ=r×F=rFsin(θ)|82/100|[from] Sandstorm
|-damage|p2a: Itachi|76/100 brn|[from] brn
|upkeep
|turn|7
|
|t:|1779649819
|switch|p1a: ILoveYouToTheMoon|Clefable, M|100/100
|move|p2a: Itachi|Defog|p1a: ILoveYouToTheMoon
|-unboost|p1a: ILoveYouToTheMoon|evasion|1
|-sideend|p2: OP Earthquakes|Stealth Rock|[from] move: Defog|[of] p2a: Itachi
|
|-weather|Sandstorm|[upkeep]
|-damage|p2a: Itachi|70/100 brn|[from] Sandstorm
|-damage|p1a: ILoveYouToTheMoon|94/100|[from] Sandstorm
|-damage|p2a: Itachi|64/100 brn|[from] brn
|upkeep
|turn|8
|c|☆OP Earthquakes|imagine bro has double stealth
|j| FranzLisztTesting
|c| FranzLisztTesting|wait a minute
|c|☆veebi|who? me?
|c|☆OP Earthquakes|yuh
|c| FranzLisztTesting|is this the Wo Chien sun team that raffe used?
|c|☆veebi|nope
|inactive|veebi has 120 seconds left.
|c|☆veebi|yes
|c| FranzLisztTesting|it was in RMT not too long ago
|
|t:|1779649859
|switch|p2a: OP|Excadrill, M|100/100
|move|p1a: ILoveYouToTheMoon|Moonblast|p2a: OP
|-resisted|p2a: OP
|-damage|p2a: OP|91/100
|
|-weather|Sandstorm|[upkeep]
|-damage|p1a: ILoveYouToTheMoon|88/100|[from] Sandstorm
|upkeep
|turn|9
|inactive|veebi has 120 seconds left.
|
|t:|1779649868
|switch|p1a: SlugginForLife|Wo-Chien|100/100
|-ability|p1a: SlugginForLife|Tablets of Ruin
|move|p2a: OP|Earthquake|p1a: SlugginForLife
|-resisted|p1a: SlugginForLife
|-damage|p1a: SlugginForLife|62/100
|
|-weather|Sandstorm|[upkeep]
|-damage|p1a: SlugginForLife|55/100|[from] Sandstorm
|upkeep
|turn|10
|
|t:|1779649876
|switch|p2a: Toshiro|Kyurem, shiny|100/100
|-ability|p2a: Toshiro|Pressure
|switch|p1a: Γ=r×F=rFsin(θ)|Torkoal, M|82/100
|-weather|SunnyDay|[from] ability: Drought|[of] p1a: Γ=r×F=rFsin(θ)
|
|-weather|SunnyDay|[upkeep]
|-sideend|p2: OP Earthquakes|Reflect
|upkeep
|turn|11
|c| FranzLisztTesting|NERD!
|inactive|veebi has 120 seconds left.
|c|☆OP Earthquakes|I AM
|c|☆OP Earthquakes|😔
|c| FranzLisztTesting|naw, the guy with the math nickname
|
|t:|1779649919
|switch|p1a: SlugginForLife|Wo-Chien|55/100
|-ability|p1a: SlugginForLife|Tablets of Ruin
|move|p2a: Toshiro|Freeze-Dry|p1a: SlugginForLife
|-supereffective|p1a: SlugginForLife
|-crit|p1a: SlugginForLife
|-damage|p1a: SlugginForLife|0 fnt
|faint|p1a: SlugginForLife
|
|-weather|SunnyDay|[upkeep]
|-sideend|p2: OP Earthquakes|move: Light Screen
|upkeep
|
|t:|1779649926
|switch|p1a: AtYaWake|Walking Wake|100/100
|-activate|p1a: AtYaWake|ability: Protosynthesis
|-start|p1a: AtYaWake|protosynthesisspe
|turn|12
|
|t:|1779649936
|move|p1a: AtYaWake|Flip Turn|p2a: Toshiro
|-resisted|p2a: Toshiro
|-damage|p2a: Toshiro|97/100
|c| FranzLisztTesting|All I had to do was click earth power lmao
|
|t:|1779649943
|-end|p1a: AtYaWake|Protosynthesis|[silent]
|switch|p1a: ILoveYouToTheMoon|Clefable, M|88/100|[from] Flip Turn
|move|p2a: Toshiro|Freeze-Dry|p1a: ILoveYouToTheMoon
|-damage|p1a: ILoveYouToTheMoon|52/100
|
|-weather|SunnyDay|[upkeep]
|upkeep
|turn|13
|
|t:|1779649952
|switch|p2a: The sandstorm|Tyranitar, F, shiny|76/100 brn
|-weather|Sandstorm|[from] ability: Sand Stream|[of] p2a: The sandstorm
|move|p1a: ILoveYouToTheMoon|Moonlight|p1a: ILoveYouToTheMoon
|-heal|p1a: ILoveYouToTheMoon|76/100
|
|-weather|Sandstorm|[upkeep]
|-damage|p1a: ILoveYouToTheMoon|70/100|[from] Sandstorm
|-damage|p2a: The sandstorm|70/100 brn|[from] brn
|upkeep
|turn|14
|
|t:|1779649963
|switch|p2a: OP|Excadrill, M|91/100
|switch|p1a: RushinRhonda|Great Tusk|100/100
|
|-weather|Sandstorm|[upkeep]
|upkeep
|turn|15
|
|t:|1779649971
|move|p2a: OP|Earthquake|p1a: RushinRhonda
|-damage|p1a: RushinRhonda|43/100
|move|p1a: RushinRhonda|Stealth Rock|p2a: OP
|-sidestart|p2: OP Earthquakes|move: Stealth Rock
|
|-weather|Sandstorm|[upkeep]
|upkeep
|turn|16
|c|☆OP Earthquakes|buh
|
|t:|1779649978
|move|p2a: OP|Earthquake|p1a: RushinRhonda
|-damage|p1a: RushinRhonda|0 fnt
|faint|p1a: RushinRhonda
|-end|p1a: RushinRhonda|Protosynthesis|[silent]
|
|-weather|Sandstorm|[upkeep]
|upkeep
|
|t:|1779649980
|switch|p1a: Spreadie Gibbs|Cinderace, F|100/100
|-item|p1a: Spreadie Gibbs|Air Balloon
|turn|17
|c|☆OP Earthquakes|u buggn
|c|☆OP Earthquakes|bruhhh
|c|☆OP Earthquakes|loon ace
|c|☆OP Earthquakes|lmfao
|c|☆veebi|wtd did i sac
|inactive|OP Earthquakes has 120 seconds left.
|
|t:|1779650013
|switch|p2a: Grimmsnarl|Grimmsnarl, M|88/100
|-damage|p2a: Grimmsnarl|76/100|[from] Stealth Rock
|move|p1a: Spreadie Gibbs|Swords Dance|p1a: Spreadie Gibbs
|-boost|p1a: Spreadie Gibbs|atk|2
|
|-weather|Sandstorm|[upkeep]
|-damage|p1a: Spreadie Gibbs|95/100|[from] Sandstorm
|-damage|p2a: Grimmsnarl|70/100|[from] Sandstorm
|upkeep
|turn|18
|c|☆veebi|im dumb
|
|t:|1779650021
|move|p2a: Grimmsnarl|Reflect|p2a: Grimmsnarl
|-sidestart|p2: OP Earthquakes|Reflect
|move|p1a: Spreadie Gibbs|Flame Charge|p2a: Grimmsnarl
|-damage|p2a: Grimmsnarl|37/100
|-boost|p1a: Spreadie Gibbs|spe|1
|
|-weather|Sandstorm|[upkeep]
|-damage|p1a: Spreadie Gibbs|89/100|[from] Sandstorm
|-damage|p2a: Grimmsnarl|31/100|[from] Sandstorm
|upkeep
|turn|19
|c|☆OP Earthquakes|woah
|c|☆OP Earthquakes|scary ace
|c|☆OP Earthquakes|ngl
|
|t:|1779650039
|switch|p1a: Γ=r×F=rFsin(θ)|Torkoal, M|82/100
|-weather|SunnyDay|[from] ability: Drought|[of] p1a: Γ=r×F=rFsin(θ)
|move|p2a: Grimmsnarl|Thunder Wave|p1a: Γ=r×F=rFsin(θ)
|-status|p1a: Γ=r×F=rFsin(θ)|par
|
|-weather|SunnyDay|[upkeep]
|upkeep
|turn|20
|
|t:|1779650047
|move|p2a: Grimmsnarl|Light Screen|p2a: Grimmsnarl
|-sidestart|p2: OP Earthquakes|move: Light Screen
|move|p1a: Γ=r×F=rFsin(θ)|Earthquake|p2a: Grimmsnarl
|-damage|p2a: Grimmsnarl|18/100
|
|-weather|SunnyDay|[upkeep]
|upkeep
|turn|21
|
|t:|1779650055
|switch|p2a: Itachi|Hawlucha, M, shiny|64/100 brn
|-damage|p2a: Itachi|52/100 brn|[from] Stealth Rock
|-ability|p2a: Itachi|Mold Breaker
|cant|p1a: Γ=r×F=rFsin(θ)|par
|
|-weather|SunnyDay|[upkeep]
|-damage|p2a: Itachi|46/100 brn|[from] brn
|upkeep
|turn|22
|
|t:|1779650064
|move|p2a: Itachi|Defog|p1a: Γ=r×F=rFsin(θ)
|-unboost|p1a: Γ=r×F=rFsin(θ)|evasion|1
|-sideend|p2: OP Earthquakes|Stealth Rock|[from] move: Defog|[of] p2a: Itachi
|move|p1a: Γ=r×F=rFsin(θ)|Overheat|p2a: Itachi
|-damage|p2a: Itachi|0 fnt
|-unboost|p1a: Γ=r×F=rFsin(θ)|spa|2
|faint|p2a: Itachi
|
|-weather|SunnyDay|[upkeep]
|upkeep
|
|t:|1779650072
|switch|p2a: Toshiro|Kyurem, shiny|97/100
|-ability|p2a: Toshiro|Pressure
|turn|23
|
|t:|1779650079
|switch|p2a: The sandstorm|Tyranitar, F, shiny|70/100 brn
|-weather|Sandstorm|[from] ability: Sand Stream|[of] p2a: The sandstorm
|switch|p1a: ILoveYouToTheMoon|Clefable, M|70/100
|
|-weather|Sandstorm|[upkeep]
|-damage|p1a: ILoveYouToTheMoon|64/100|[from] Sandstorm
|-damage|p2a: The sandstorm|64/100 brn|[from] brn
|upkeep
|turn|24
|
|t:|1779650086
|switch|p1a: Γ=r×F=rFsin(θ)|Torkoal, M|82/100 par
|-weather|SunnyDay|[from] ability: Drought|[of] p1a: Γ=r×F=rFsin(θ)
|move|p2a: The sandstorm|Stealth Rock|p1a: Γ=r×F=rFsin(θ)
|-sidestart|p1: veebi|move: Stealth Rock
|
|-weather|SunnyDay|[upkeep]
|-damage|p2a: The sandstorm|57/100 brn|[from] brn
|upkeep
|turn|25
|
|t:|1779650092
|switch|p2a: Toshiro|Kyurem, shiny|97/100
|-ability|p2a: Toshiro|Pressure
|cant|p1a: Γ=r×F=rFsin(θ)|par
|
|-weather|SunnyDay|[upkeep]
|-sideend|p2: OP Earthquakes|Reflect
|upkeep
|turn|26
|c|☆OP Earthquakes|huge
|
|t:|1779650100
|move|p2a: Toshiro|Shadow Ball|p1a: Γ=r×F=rFsin(θ)
|-damage|p1a: Γ=r×F=rFsin(θ)|55/100 par
|move|p1a: Γ=r×F=rFsin(θ)|Rapid Spin|p2a: Toshiro
|-damage|p2a: Toshiro|87/100
|-boost|p1a: Γ=r×F=rFsin(θ)|spe|1
|-sideend|p1: veebi|Stealth Rock|[from] move: Rapid Spin|[of] p1a: Γ=r×F=rFsin(θ)
|
|-weather|SunnyDay|[upkeep]
|upkeep
|turn|27
|
|t:|1779650111
|switch|p2a: The sandstorm|Tyranitar, F, shiny|57/100 brn
|-weather|Sandstorm|[from] ability: Sand Stream|[of] p2a: The sandstorm
|switch|p1a: ILoveYouToTheMoon|Clefable, M|64/100
|
|-weather|Sandstorm|[upkeep]
|-damage|p1a: ILoveYouToTheMoon|58/100|[from] Sandstorm
|-damage|p2a: The sandstorm|51/100 brn|[from] brn
|-sideend|p2: OP Earthquakes|move: Light Screen
|upkeep
|turn|28
|
|t:|1779650115
|move|p2a: The sandstorm|Stealth Rock|p1a: ILoveYouToTheMoon
|-sidestart|p1: veebi|move: Stealth Rock
|move|p1a: ILoveYouToTheMoon|Moonlight|p1a: ILoveYouToTheMoon
|-heal|p1a: ILoveYouToTheMoon|83/100
|
|-weather|Sandstorm|[upkeep]
|-damage|p1a: ILoveYouToTheMoon|77/100|[from] Sandstorm
|-damage|p2a: The sandstorm|45/100 brn|[from] brn
|upkeep
|turn|29
|
|t:|1779650126
|switch|p2a: OP|Excadrill, M|91/100
|move|p1a: ILoveYouToTheMoon|Calm Mind|p1a: ILoveYouToTheMoon
|-boost|p1a: ILoveYouToTheMoon|spa|1
|-boost|p1a: ILoveYouToTheMoon|spd|1
|
|-weather|Sandstorm|[upkeep]
|-damage|p1a: ILoveYouToTheMoon|71/100|[from] Sandstorm
|upkeep
|turn|30
|
|t:|1779650131
|-terastallize|p1a: ILoveYouToTheMoon|Poison
|move|p2a: OP|Iron Head|p1a: ILoveYouToTheMoon
|-damage|p1a: ILoveYouToTheMoon|18/100
|move|p1a: ILoveYouToTheMoon|Flamethrower|p2a: OP
|-supereffective|p2a: OP
|-damage|p2a: OP|17/100
|
|-weather|Sandstorm|[upkeep]
|-damage|p1a: ILoveYouToTheMoon|11/100|[from] Sandstorm
|upkeep
|turn|31
|
|t:|1779650140
|switch|p1a: Γ=r×F=rFsin(θ)|Torkoal, M|55/100 par
|-damage|p1a: Γ=r×F=rFsin(θ)|30/100 par|[from] Stealth Rock
|-weather|SunnyDay|[from] ability: Drought|[of] p1a: Γ=r×F=rFsin(θ)
|move|p2a: OP|Iron Head|p1a: Γ=r×F=rFsin(θ)
|-resisted|p1a: Γ=r×F=rFsin(θ)
|-damage|p1a: Γ=r×F=rFsin(θ)|6/100 par
|
|-weather|SunnyDay|[upkeep]
|upkeep
|turn|32
|c| FranzLisztTesting|gg
|
|t:|1779650154
|move|p2a: OP|Iron Head|p1a: Γ=r×F=rFsin(θ)
|-resisted|p1a: Γ=r×F=rFsin(θ)
|-damage|p1a: Γ=r×F=rFsin(θ)|0 fnt
|faint|p1a: Γ=r×F=rFsin(θ)
|
|-weather|SunnyDay|[upkeep]
|upkeep
|c|☆OP Earthquakes|woah now
|c|☆OP Earthquakes|cant be doing that in chat lol
|c| FranzLisztTesting|hahaha
|
|t:|1779650168
|switch|p1a: AtYaWake|Walking Wake|100/100
|-damage|p1a: AtYaWake|88/100|[from] Stealth Rock
|-activate|p1a: AtYaWake|ability: Protosynthesis
|-start|p1a: AtYaWake|protosynthesisspe
|turn|33
|
|t:|1779650173
|switch|p2a: The sandstorm|Tyranitar, F, shiny|45/100 brn
|-weather|Sandstorm|[from] ability: Sand Stream|[of] p2a: The sandstorm
|-end|p1a: AtYaWake|Protosynthesis
|move|p1a: AtYaWake|Flip Turn|p2a: The sandstorm
|-supereffective|p2a: The sandstorm
|-damage|p2a: The sandstorm|22/100 brn
|
|t:|1779650181
|-end|p1a: AtYaWake|Protosynthesis|[silent]
|switch|p1a: ILoveYouToTheMoon|Clefable, M, tera:Poison|11/100|[from] Flip Turn
|-damage|p1a: ILoveYouToTheMoon|0 fnt|[from] Stealth Rock
|faint|p1a: ILoveYouToTheMoon
|
|-weather|Sandstorm|[upkeep]
|-damage|p2a: The sandstorm|16/100 brn|[from] brn
|upkeep
|c| FranzLisztTesting|LOL
|
|t:|1779650191
|switch|p1a: Spreadie Gibbs|Cinderace, F|89/100
|-damage|p1a: Spreadie Gibbs|64/100|[from] Stealth Rock
|-item|p1a: Spreadie Gibbs|Air Balloon
|turn|34
|c| FranzLisztTesting|still disagree?
|
|t:|1779650198
|move|p1a: Spreadie Gibbs|Low Kick|p2a: The sandstorm
|-supereffective|p2a: The sandstorm
|-damage|p2a: The sandstorm|0 fnt
|faint|p2a: The sandstorm
|
|-weather|Sandstorm|[upkeep]
|-damage|p1a: Spreadie Gibbs|58/100|[from] Sandstorm
|upkeep
|
|t:|1779650204
|switch|p2a: OP|Excadrill, M|17/100
|turn|35
|j| Aitana y Zoilo
|j| yuureisuisei
|
|t:|1779650211
|switch|p1a: AtYaWake|Walking Wake|88/100
|-damage|p1a: AtYaWake|76/100|[from] Stealth Rock
|move|p2a: OP|Rock Slide|p1a: AtYaWake|[miss]
|-miss|p2a: OP|p1a: AtYaWake
|
|-weather|Sandstorm|[upkeep]
|-damage|p1a: AtYaWake|70/100|[from] Sandstorm
|upkeep
|turn|36
|j| himejijou
|c| FranzLisztTesting|??
|c|☆veebi|why are there 7 users
|c| FranzLisztTesting|what?
|c|☆OP Earthquakes|cause
|
|t:|1779650228
|switch|p2a: Grimmsnarl|Grimmsnarl, M|18/100
|move|p1a: AtYaWake|Flip Turn|p2a: Grimmsnarl
|-damage|p2a: Grimmsnarl|0 fnt
|faint|p2a: Grimmsnarl
|c|☆OP Earthquakes|its intense
|
|t:|1779650236
|-end|p1a: AtYaWake|Protosynthesis|[silent]
|switch|p1a: Spreadie Gibbs|Cinderace, F|58/100|[from] Flip Turn
|-damage|p1a: Spreadie Gibbs|33/100|[from] Stealth Rock
|-item|p1a: Spreadie Gibbs|Air Balloon
|
|-weather|Sandstorm|[upkeep]
|-damage|p1a: Spreadie Gibbs|27/100|[from] Sandstorm
|upkeep
|c|☆OP Earthquakes|I would be here too
|
|t:|1779650248
|switch|p2a: OP|Excadrill, M|17/100
|turn|37
|
|t:|1779650265
|switch|p1a: AtYaWake|Walking Wake|70/100
|-damage|p1a: AtYaWake|57/100|[from] Stealth Rock
|move|p2a: OP|Iron Head|p1a: AtYaWake
|-resisted|p1a: AtYaWake
|-damage|p1a: AtYaWake|18/100
|
|-weather|Sandstorm|[upkeep]
|-damage|p1a: AtYaWake|12/100|[from] Sandstorm
|upkeep
|turn|38
|c|☆OP Earthquakes|g
|c|☆OP Earthquakes|g
|
|t:|1779650273
|move|p2a: OP|Iron Head|p1a: AtYaWake
|-resisted|p1a: AtYaWake
|-damage|p1a: AtYaWake|0 fnt
|faint|p1a: AtYaWake
|-end|p1a: AtYaWake|Protosynthesis|[silent]
|
|-weather|Sandstorm|[upkeep]
|upkeep
|c| FranzLisztTesting|what are you doing
|
|t:|1779650276
|switch|p1a: Spreadie Gibbs|Cinderace, F|27/100
|-damage|p1a: Spreadie Gibbs|2/100|[from] Stealth Rock
|-item|p1a: Spreadie Gibbs|Air Balloon
|turn|39
|c|☆OP Earthquakes|sand kills
|c|☆OP Earthquakes|lol
|c| FranzLisztTesting|oh I can't read
|c|☆veebi|gg
|
|t:|1779650296
|switch|p2a: Toshiro|Kyurem, shiny|87/100
|-ability|p2a: Toshiro|Pressure
|move|p1a: Spreadie Gibbs|Flame Charge|p2a: Toshiro
|-damage|p2a: Toshiro|52/100
|-boost|p1a: Spreadie Gibbs|spe|1
|
|-weather|Sandstorm|[upkeep]
|-damage|p1a: Spreadie Gibbs|0 fnt|[from] Sandstorm
|-damage|p2a: Toshiro|46/100|[from] Sandstorm
|faint|p1a: Spreadie Gibbs
|
|win|OP Earthquakes
|raw|veebi's rating: 1537 &rarr; <strong>1524</strong><br />(-13 for losing)
|raw|OP Earthquakes's rating: 1657 &rarr; <strong>1670</strong><br />(+13 for winning)
|c| FranzLisztTesting|yugioh player moment
