|j|☆barak2010
|j|☆underskale
|t:|1779604458
|gametype|singles
|player|p1|barak2010|102|1139
|player|p2|underskale|fisherman-gen4|1083
|gen|9
|tier|[Gen 9] OU
|rated|
|rule|HP Percentage Mod: HP is shown in percentages
|rule|Endless Battle Clause: Forcing endless battles is banned
|rule|Species Clause: Limit one of each Pokémon
|rule|OHKO Clause: OHKO moves are banned
|rule|Evasion Items Clause: Evasion items are banned
|rule|Evasion Moves Clause: Evasion moves are banned
|rule|Evasion Abilities Clause: Evasion abilities are banned
|rule|Sleep Moves Clause: Sleep-inducing moves are banned
|clearpoke
|poke|p1|Serperior, F|
|poke|p1|Blaziken, M|
|poke|p1|Manaphy|
|poke|p1|Great Tusk|
|poke|p1|Dragapult, M|
|poke|p1|Kingambit, M|
|poke|p2|Scyther, F|
|poke|p2|Dragonite, M|
|poke|p2|Metagross|
|poke|p2|Chandelure, M|
|poke|p2|Rotom-Wash|
|poke|p2|Garchomp, F|
|teampreview
|
|t:|1779604463
|teamsize|p1|6
|teamsize|p2|6
|start
|switch|p1a: Manaphy|Manaphy|100/100
|switch|p2a: Chandelure|Chandelure, M|100/100
|turn|1
|
|t:|1779604470
|move|p2a: Chandelure|Energy Ball|p1a: Manaphy
|-supereffective|p1a: Manaphy
|-damage|p1a: Manaphy|24/100
|move|p1a: Manaphy|Tail Glow|p1a: Manaphy
|-boost|p1a: Manaphy|spa|3
|
|-heal|p1a: Manaphy|30/100|[from] item: Leftovers
|upkeep
|turn|2
|
|t:|1779604486
|switch|p2a: Garchomp|Garchomp, F|100/100
|-terastallize|p1a: Manaphy|Dragon
|move|p1a: Manaphy|Scald|p2a: Garchomp
|-damage|p2a: Garchomp|41/100
|-status|p2a: Garchomp|brn
|
|-heal|p1a: Manaphy|36/100|[from] item: Leftovers
|-damage|p2a: Garchomp|35/100 brn|[from] brn
|upkeep
|turn|3
|inactive|Battle timer is ON: inactive players will automatically lose when time's up. (requested by barak2010)
|
|t:|1779604504
|move|p1a: Manaphy|Scald|p2a: Garchomp
|-damage|p2a: Garchomp|0 fnt
|faint|p2a: Garchomp
|
|-heal|p1a: Manaphy|42/100|[from] item: Leftovers
|upkeep
|
|t:|1779604514
|switch|p2a: Chandelure|Chandelure, M|100/100
|turn|4
|
|t:|1779604521
|move|p2a: Chandelure|Shadow Ball|p1a: Manaphy
|-damage|p1a: Manaphy|0 fnt
|faint|p1a: Manaphy
|
|upkeep
|
|t:|1779604535
|switch|p1a: Great Tusk|Great Tusk|100/100
|-enditem|p1a: Great Tusk|Booster Energy
|-activate|p1a: Great Tusk|ability: Protosynthesis|[fromitem]
|-start|p1a: Great Tusk|protosynthesisatk
|turn|5
|
|t:|1779604543
|switch|p2a: Rotom|Rotom-Wash|100/100
|move|p1a: Great Tusk|Earthquake|p2a: Rotom
|-immune|p2a: Rotom|[from] ability: Levitate
|
|upkeep
|turn|6
|
|t:|1779604560
|-end|p1a: Great Tusk|Protosynthesis|[silent]
|switch|p1a: Serperior|Serperior, F|100/100
|move|p2a: Rotom|Will-O-Wisp|p1a: Serperior
|-status|p1a: Serperior|brn
|
|-damage|p1a: Serperior|94/100 brn|[from] brn
|upkeep
|turn|7
|
|t:|1779604569
|move|p1a: Serperior|Leaf Storm|p2a: Rotom
|-supereffective|p2a: Rotom
|-damage|p2a: Rotom|20/100
|-boost|p1a: Serperior|spa|2
|move|p2a: Rotom|Light Screen|p2a: Rotom
|-sidestart|p2: underskale|move: Light Screen
|
|-damage|p1a: Serperior|88/100 brn|[from] brn
|upkeep
|turn|8
|
|t:|1779604578
|move|p1a: Serperior|Giga Drain|p2a: Rotom
|-supereffective|p2a: Rotom
|-damage|p2a: Rotom|0 fnt
|-heal|p1a: Serperior|98/100 brn|[from] drain|[of] p2a: Rotom
|faint|p2a: Rotom
|
|-damage|p1a: Serperior|92/100 brn|[from] brn
|upkeep
|
|t:|1779604587
|switch|p2a: Dragonite|Dragonite, M|100/100
|turn|9
|
|t:|1779604595
|move|p1a: Serperior|Glare|p2a: Dragonite
|-status|p2a: Dragonite|par
|move|p2a: Dragonite|Fire Blast|p1a: Serperior
|-supereffective|p1a: Serperior
|-damage|p1a: Serperior|0 fnt
|faint|p1a: Serperior
|
|upkeep
|
|t:|1779604607
|switch|p1a: Great Tusk|Great Tusk|100/100
|turn|10
|
|t:|1779604613
|move|p1a: Great Tusk|Rapid Spin|p2a: Dragonite
|-damage|p2a: Dragonite|89/100 par
|-boost|p1a: Great Tusk|spe|1
|move|p2a: Dragonite|Fire Blast|p1a: Great Tusk
|-crit|p1a: Great Tusk
|-damage|p1a: Great Tusk|0 fnt
|faint|p1a: Great Tusk
|-end|p1a: Great Tusk|Protosynthesis|[silent]
|
|upkeep
|
|t:|1779604620
|switch|p1a: Dragapult|Dragapult, M|100/100
|turn|11
|
|t:|1779604630
|switch|p2a: Metagross|Metagross, shiny|100/100
|move|p1a: Dragapult|Dragon Dance|p1a: Dragapult
|-boost|p1a: Dragapult|atk|1
|-boost|p1a: Dragapult|spe|1
|
|upkeep
|turn|12
|
|t:|1779604644
|move|p1a: Dragapult|Will-O-Wisp|p2a: Metagross
|-status|p2a: Metagross|brn
|move|p2a: Metagross|Thunder Punch|p1a: Dragapult
|-resisted|p1a: Dragapult
|-damage|p1a: Dragapult|89/100
|-damage|p2a: Metagross|91/100 brn|[from] item: Life Orb
|
|-heal|p1a: Dragapult|95/100|[from] item: Leftovers
|-damage|p2a: Metagross|85/100 brn|[from] brn
|upkeep
|turn|13
|
|t:|1779604656
|move|p1a: Dragapult|Hex|p2a: Metagross
|-supereffective|p2a: Metagross
|-damage|p2a: Metagross|0 fnt
|faint|p2a: Metagross
|
|-heal|p1a: Dragapult|100/100|[from] item: Leftovers
|upkeep
|
|t:|1779604665
|switch|p2a: Scyther|Scyther, F|100/100
|turn|14
|
|t:|1779604670
|move|p1a: Dragapult|Dragon Darts|p2a: Scyther
|-damage|p2a: Scyther|65/100
|-anim|p1a: Dragapult|Dragon Darts|p2a: Scyther
|-damage|p2a: Scyther|33/100
|move|p2a: Scyther|Dual Wingbeat|p1a: Dragapult
|-damage|p1a: Dragapult|61/100
|-damage|p1a: Dragapult|18/100
|-hitcount|p1a: Dragapult|2
|
|-heal|p1a: Dragapult|24/100|[from] item: Leftovers
|-sideend|p2: underskale|move: Light Screen
|upkeep
|turn|15
|
|t:|1779604682
|move|p1a: Dragapult|Dragon Darts|p2a: Scyther
|-damage|p2a: Scyther|0 fnt
|faint|p2a: Scyther
|
|-heal|p1a: Dragapult|30/100|[from] item: Leftovers
|upkeep
|
|t:|1779604689
|switch|p2a: Dragonite|Dragonite, M|89/100 par
|turn|16
|
|t:|1779604696
|move|p1a: Dragapult|Dragon Darts|p2a: Dragonite
|-supereffective|p2a: Dragonite
|-damage|p2a: Dragonite|12/100 par
|-anim|p1a: Dragapult|Dragon Darts|p2a: Dragonite
|-supereffective|p2a: Dragonite
|-crit|p2a: Dragonite
|-damage|p2a: Dragonite|0 fnt
|faint|p2a: Dragonite
|
|-heal|p1a: Dragapult|36/100|[from] item: Leftovers
|upkeep
|-message|underskale forfeited.
|
|win|barak2010
|raw|barak2010's rating: 1139 &rarr; <strong>1160</strong><br />(+21 for winning)
|raw|underskale's rating: 1083 &rarr; <strong>1064</strong><br />(-19 for losing)
|l|☆underskale
|player|p2|
|l|☆barak2010
|player|p1|
