|j|☆hey you're
|j|☆The Name Change
|t:|1779627821
|gametype|singles
|player|p1|hey you're|blackbelt-gen4dp|1473
|player|p2|The Name Change|102|1452
|gen|9
|tier|[Gen 9] OU
|rated|
|rule|HP Percentage Mod: HP is shown in percentages
|rule|Endless Battle Clause: Forcing endless battles is banned
|rule|Species Clause: Limit one of each Pokémon
|rule|OHKO Clause: OHKO moves are banned
|rule|Evasion Items Clause: Evasion items are banned
|rule|Evasion Moves Clause: Evasion moves are banned
|rule|Evasion Abilities Clause: Evasion abilities are banned
|rule|Sleep Moves Clause: Sleep-inducing moves are banned
|clearpoke
|poke|p1|Moltres|
|poke|p1|Maushold-Four|
|poke|p1|Goodra-Hisui, M|
|poke|p1|Ogerpon-Wellspring, F|
|poke|p1|Gholdengo|
|poke|p1|Rillaboom, M|
|poke|p2|Pelipper, M|
|poke|p2|Raging Bolt|
|poke|p2|Overqwil, M|
|poke|p2|Barraskewda, F|
|poke|p2|Iron Treads|
|poke|p2|Kingambit, M|
|teampreview
|inactive|Battle timer is ON: inactive players will automatically lose when time's up. (requested by hey you're)
|
|t:|1779627848
|teamsize|p1|6
|teamsize|p2|6
|start
|switch|p1a: Maushold|Maushold-Four|100/100
|switch|p2a: Pelipper|Pelipper, M|100/100
|-weather|RainDance|[from] ability: Drizzle|[of] p2a: Pelipper
|turn|1
|c|☆The Name Change|no more sceptile aye
|
|t:|1779627863
|switch|p2a: Iron Treads|Iron Treads|100/100
|-enditem|p2a: Iron Treads|Booster Energy
|-activate|p2a: Iron Treads|ability: Quark Drive|[fromitem]
|-start|p2a: Iron Treads|quarkdrivespe
|-terastallize|p1a: Maushold|Normal
|move|p1a: Maushold|Population Bomb|p2a: Iron Treads
|-resisted|p2a: Iron Treads
|-damage|p2a: Iron Treads|94/100
|-resisted|p2a: Iron Treads
|-damage|p2a: Iron Treads|87/100
|-resisted|p2a: Iron Treads
|-damage|p2a: Iron Treads|80/100
|-resisted|p2a: Iron Treads
|-damage|p2a: Iron Treads|73/100
|-hitcount|p2a: Iron Treads|4
|
|-weather|RainDance|[upkeep]
|upkeep
|turn|2
|
|t:|1779627873
|move|p2a: Iron Treads|Stealth Rock|p1a: Maushold
|-sidestart|p1: hey you're|move: Stealth Rock
|move|p1a: Maushold|Tidy Up|p1a: Maushold
|-sideend|p1: hey you're|Stealth Rock
|-activate|p1a: Maushold|move: Tidy Up
|-boost|p1a: Maushold|atk|1
|-boost|p1a: Maushold|spe|1
|
|-weather|RainDance|[upkeep]
|upkeep
|turn|3
|
|t:|1779627877
|move|p1a: Maushold|Population Bomb|p2a: Iron Treads
|-resisted|p2a: Iron Treads
|-damage|p2a: Iron Treads|62/100
|-resisted|p2a: Iron Treads
|-damage|p2a: Iron Treads|52/100
|-resisted|p2a: Iron Treads
|-damage|p2a: Iron Treads|41/100
|-resisted|p2a: Iron Treads
|-damage|p2a: Iron Treads|31/100
|-resisted|p2a: Iron Treads
|-damage|p2a: Iron Treads|20/100
|-resisted|p2a: Iron Treads
|-damage|p2a: Iron Treads|10/100
|-resisted|p2a: Iron Treads
|-damage|p2a: Iron Treads|0 fnt
|faint|p2a: Iron Treads
|-end|p2a: Iron Treads|Quark Drive|[silent]
|-hitcount|p2: Iron Treads|7
|
|-weather|RainDance|[upkeep]
|upkeep
|
|t:|1779627884
|switch|p2a: Barraskewda|Barraskewda, F|100/100
|turn|4
|
|t:|1779627887
|switch|p1a: Gholdengo|Gholdengo|100/100
|move|p2a: Barraskewda|Liquidation|p1a: Gholdengo
|-damage|p1a: Gholdengo|0 fnt
|faint|p1a: Gholdengo
|
|-weather|RainDance|[upkeep]
|upkeep
|
|t:|1779627891
|switch|p1a: Rillaboom|Rillaboom, M|100/100
|-fieldstart|move: Grassy Terrain|[from] ability: Grassy Surge|[of] p1a: Rillaboom
|turn|5
|
|t:|1779627895
|switch|p2a: Pelipper|Pelipper, M|100/100
|move|p1a: Rillaboom|U-turn|p2a: Pelipper
|-resisted|p2a: Pelipper
|-damage|p2a: Pelipper|89/100
|-damage|p1a: Rillaboom|91/100|[from] item: Life Orb
|
|t:|1779627898
|switch|p1a: Maushold|Maushold-Four, tera:Normal|100/100|[from] U-turn
|
|-weather|RainDance|[upkeep]
|upkeep
|turn|6
|
|t:|1779627905
|switch|p2a: Kingambit|Kingambit, M|100/100
|-activate|p2a: Kingambit|ability: Supreme Overlord
|-start|p2a: Kingambit|fallen1|[silent]
|move|p1a: Maushold|Population Bomb|p2a: Kingambit
|-resisted|p2a: Kingambit
|-damage|p2a: Kingambit|95/100
|-resisted|p2a: Kingambit
|-damage|p2a: Kingambit|90/100
|-resisted|p2a: Kingambit
|-damage|p2a: Kingambit|85/100
|-resisted|p2a: Kingambit
|-damage|p2a: Kingambit|80/100
|-resisted|p2a: Kingambit
|-damage|p2a: Kingambit|75/100
|-resisted|p2a: Kingambit
|-damage|p2a: Kingambit|69/100
|-resisted|p2a: Kingambit
|-damage|p2a: Kingambit|64/100
|-resisted|p2a: Kingambit
|-damage|p2a: Kingambit|59/100
|-resisted|p2a: Kingambit
|-damage|p2a: Kingambit|54/100
|-resisted|p2a: Kingambit
|-damage|p2a: Kingambit|49/100
|-hitcount|p2a: Kingambit|10
|
|-weather|RainDance|[upkeep]
|-heal|p2a: Kingambit|55/100|[from] Grassy Terrain
|-heal|p2a: Kingambit|61/100|[from] item: Leftovers
|upkeep
|turn|7
|
|t:|1779627912
|switch|p1a: Moltres|Moltres|100/100
|move|p2a: Kingambit|Kowtow Cleave|p1a: Moltres
|-damage|p1a: Moltres|63/100
|
|-weather|RainDance|[upkeep]
|-heal|p2a: Kingambit|68/100|[from] Grassy Terrain
|-heal|p2a: Kingambit|74/100|[from] item: Leftovers
|upkeep
|turn|8
|
|t:|1779627924
|-end|p2a: Kingambit|fallen1|[silent]
|switch|p2a: Raging Bolt|Raging Bolt|100/100
|-enditem|p2a: Raging Bolt|Booster Energy
|-activate|p2a: Raging Bolt|ability: Protosynthesis|[fromitem]
|-start|p2a: Raging Bolt|protosynthesisspa
|move|p1a: Moltres|U-turn|p2a: Raging Bolt
|-damage|p2a: Raging Bolt|87/100
|
|t:|1779627930
|switch|p1a: Maushold|Maushold-Four, tera:Normal|100/100|[from] U-turn
|
|-weather|none
|-heal|p2a: Raging Bolt|93/100|[from] Grassy Terrain
|upkeep
|turn|9
|
|t:|1779627934
|move|p2a: Raging Bolt|Thunderclap|p1a: Maushold
|-damage|p1a: Maushold|13/100
|move|p1a: Maushold|Population Bomb|p2a: Raging Bolt
|-damage|p2a: Raging Bolt|80/100
|-damage|p2a: Raging Bolt|68/100
|-damage|p2a: Raging Bolt|56/100
|-crit|p2a: Raging Bolt
|-damage|p2a: Raging Bolt|38/100
|-damage|p2a: Raging Bolt|25/100
|-damage|p2a: Raging Bolt|12/100
|-damage|p2a: Raging Bolt|0 fnt
|faint|p2a: Raging Bolt
|-end|p2a: Raging Bolt|Protosynthesis|[silent]
|-hitcount|p2: Raging Bolt|7
|
|-heal|p1a: Maushold|20/100|[from] Grassy Terrain
|-fieldend|move: Grassy Terrain
|upkeep
|
|t:|1779627941
|switch|p2a: Barraskewda|Barraskewda, F|100/100
|turn|10
|
|t:|1779627943
|switch|p1a: Ogerpon|Ogerpon-Wellspring, F|100/100
|move|p2a: Barraskewda|Flip Turn|p1a: Ogerpon
|-immune|p1a: Ogerpon|[from] ability: Water Absorb
|
|upkeep
|turn|11
|
|t:|1779627952
|switch|p2a: Pelipper|Pelipper, M|89/100
|-weather|RainDance|[from] ability: Drizzle|[of] p2a: Pelipper
|move|p1a: Ogerpon|Power Whip|p2a: Pelipper
|-damage|p2a: Pelipper|35/100
|
|-weather|RainDance|[upkeep]
|upkeep
|turn|12
|
|t:|1779627963
|switch|p2a: Overqwil|Overqwil, M|100/100
|move|p1a: Ogerpon|Ivy Cudgel|p2a: Overqwil|[anim] Ivy Cudgel Water
|-damage|p2a: Overqwil|6/100
|
|-weather|RainDance|[upkeep]
|upkeep
|turn|13
|
|t:|1779627971
|switch|p1a: Goodra|Goodra-Hisui, M|100/100
|move|p2a: Overqwil|Crunch|p1a: Goodra
|-damage|p1a: Goodra|51/100
|-damage|p2a: Overqwil|0 fnt|[from] item: Life Orb
|faint|p2a: Overqwil
|
|-weather|RainDance|[upkeep]
|upkeep
|
|t:|1779627978
|switch|p2a: Barraskewda|Barraskewda, F|100/100
|turn|14
|
|t:|1779627985
|move|p2a: Barraskewda|Flip Turn|p1a: Goodra
|-resisted|p1a: Goodra
|-crit|p1a: Goodra
|-damage|p1a: Goodra|0 fnt
|faint|p1a: Goodra
|
|t:|1779627992
|switch|p2a: Kingambit|Kingambit, M|74/100|[from] Flip Turn
|-activate|p2a: Kingambit|ability: Supreme Overlord
|-start|p2a: Kingambit|fallen3|[silent]
|
|-weather|RainDance|[upkeep]
|-heal|p2a: Kingambit|80/100|[from] item: Leftovers
|upkeep
|
|t:|1779627996
|switch|p1a: Moltres|Moltres|63/100
|turn|15
|
|t:|1779628000
|move|p1a: Moltres|U-turn|p2a: Kingambit
|-damage|p2a: Kingambit|68/100
|
|t:|1779628013
|switch|p1a: Rillaboom|Rillaboom, M|91/100|[from] U-turn
|-fieldstart|move: Grassy Terrain|[from] ability: Grassy Surge|[of] p1a: Rillaboom
|move|p2a: Kingambit|Swords Dance|p2a: Kingambit
|-boost|p2a: Kingambit|atk|2
|
|-weather|RainDance|[upkeep]
|-heal|p1a: Rillaboom|97/100|[from] Grassy Terrain
|-heal|p2a: Kingambit|74/100|[from] Grassy Terrain
|-heal|p2a: Kingambit|81/100|[from] item: Leftovers
|upkeep
|turn|16
|
|t:|1779628024
|move|p2a: Kingambit|Sucker Punch|p1a: Rillaboom
|-damage|p1a: Rillaboom|0 fnt
|faint|p1a: Rillaboom
|
|-weather|RainDance|[upkeep]
|-heal|p2a: Kingambit|87/100|[from] Grassy Terrain
|-heal|p2a: Kingambit|93/100|[from] item: Leftovers
|upkeep
|
|t:|1779628027
|switch|p1a: Moltres|Moltres|63/100
|turn|17
|
|t:|1779628029
|move|p1a: Moltres|Roost|p1a: Moltres
|-heal|p1a: Moltres|100/100
|-singleturn|p1a: Moltres|move: Roost
|move|p2a: Kingambit|Kowtow Cleave|p1a: Moltres
|-damage|p1a: Moltres|11/100
|-status|p2a: Kingambit|brn|[from] ability: Flame Body|[of] p1a: Moltres
|
|-weather|RainDance|[upkeep]
|-heal|p1a: Moltres|17/100|[from] Grassy Terrain
|-heal|p2a: Kingambit|99/100 brn|[from] Grassy Terrain
|-heal|p2a: Kingambit|100/100 brn|[from] item: Leftovers
|-damage|p2a: Kingambit|94/100 brn|[from] brn
|upkeep
|turn|18
|
|t:|1779628037
|move|p1a: Moltres|Roost|p1a: Moltres
|-heal|p1a: Moltres|67/100
|-singleturn|p1a: Moltres|move: Roost
|move|p2a: Kingambit|Kowtow Cleave|p1a: Moltres
|-damage|p1a: Moltres|24/100
|
|-weather|none
|-heal|p1a: Moltres|30/100|[from] Grassy Terrain
|-heal|p2a: Kingambit|100/100 brn|[from] Grassy Terrain
|-damage|p2a: Kingambit|94/100 brn|[from] brn
|upkeep
|turn|19
|
|t:|1779628041
|move|p1a: Moltres|Roost|p1a: Moltres
|-heal|p1a: Moltres|80/100
|-singleturn|p1a: Moltres|move: Roost
|move|p2a: Kingambit|Swords Dance|p2a: Kingambit
|-boost|p2a: Kingambit|atk|2
|
|-heal|p1a: Moltres|86/100|[from] Grassy Terrain
|-heal|p2a: Kingambit|100/100 brn|[from] Grassy Terrain
|-damage|p2a: Kingambit|94/100 brn|[from] brn
|-fieldend|move: Grassy Terrain
|upkeep
|turn|20
|
|t:|1779628050
|-terastallize|p2a: Kingambit|Dark
|move|p1a: Moltres|Flamethrower|p2a: Kingambit
|-damage|p2a: Kingambit|59/100 brn
|move|p2a: Kingambit|Kowtow Cleave|p1a: Moltres
|-damage|p1a: Moltres|0 fnt
|faint|p1a: Moltres
|
|-heal|p2a: Kingambit|65/100 brn|[from] item: Leftovers
|-damage|p2a: Kingambit|59/100 brn|[from] brn
|upkeep
|
|t:|1779628056
|switch|p1a: Maushold|Maushold-Four, tera:Normal|20/100
|turn|21
|
|t:|1779628058
|move|p2a: Kingambit|Sucker Punch||[still]
|-fail|p2a: Kingambit
|move|p1a: Maushold|Tidy Up|p1a: Maushold
|-boost|p1a: Maushold|atk|1
|-boost|p1a: Maushold|spe|1
|
|-heal|p2a: Kingambit|65/100 brn|[from] item: Leftovers
|-damage|p2a: Kingambit|59/100 brn|[from] brn
|upkeep
|turn|22
|
|t:|1779628060
|move|p2a: Kingambit|Sucker Punch||[still]
|-fail|p2a: Kingambit
|move|p1a: Maushold|Encore|p2a: Kingambit
|-start|p2a: Kingambit|Encore
|
|-heal|p2a: Kingambit|65/100 brn|[from] item: Leftovers
|-damage|p2a: Kingambit|59/100 brn|[from] brn
|upkeep
|turn|23
|
|t:|1779628067
|-end|p2a: Kingambit|fallen3|[silent]
|switch|p2a: Pelipper|Pelipper, M|35/100
|-weather|RainDance|[from] ability: Drizzle|[of] p2a: Pelipper
|move|p1a: Maushold|Tidy Up|p1a: Maushold
|-boost|p1a: Maushold|atk|1
|-boost|p1a: Maushold|spe|1
|
|-weather|RainDance|[upkeep]
|upkeep
|turn|24
|
|t:|1779628071
|move|p1a: Maushold|Population Bomb|p2a: Pelipper
|-damage|p2a: Pelipper|12/100
|-damage|p2a: Pelipper|0 fnt
|faint|p2a: Pelipper
|-hitcount|p2: Pelipper|2
|
|-weather|RainDance|[upkeep]
|upkeep
|
|t:|1779628075
|switch|p2a: Kingambit|Kingambit, M, tera:Dark|59/100 brn
|-activate|p2a: Kingambit|ability: Supreme Overlord
|-start|p2a: Kingambit|fallen4|[silent]
|turn|25
|
|t:|1779628079
|move|p1a: Maushold|Population Bomb|p2a: Kingambit
|-damage|p2a: Kingambit|36/100 brn
|-damage|p2a: Kingambit|15/100 brn
|-damage|p2a: Kingambit|0 fnt
|faint|p2a: Kingambit
|-end|p2a: Kingambit|fallen4|[silent]
|-hitcount|p2: Kingambit|3
|
|-weather|RainDance|[upkeep]
|upkeep
|
|t:|1779628082
|switch|p2a: Barraskewda|Barraskewda, F|100/100
|turn|26
|
|t:|1779628085
|move|p2a: Barraskewda|Close Combat|p1a: Maushold
|-supereffective|p1a: Maushold
|-damage|p1a: Maushold|0 fnt
|-unboost|p2a: Barraskewda|def|1
|-unboost|p2a: Barraskewda|spd|1
|faint|p1a: Maushold
|
|-weather|RainDance|[upkeep]
|upkeep
|
|t:|1779628086
|switch|p1a: Ogerpon|Ogerpon-Wellspring, F|100/100
|turn|27
|
|t:|1779628088
|move|p2a: Barraskewda|Close Combat|p1a: Ogerpon
|-damage|p1a: Ogerpon|20/100
|-unboost|p2a: Barraskewda|def|1
|-unboost|p2a: Barraskewda|spd|1
|move|p1a: Ogerpon|Power Whip|p2a: Barraskewda
|-supereffective|p2a: Barraskewda
|-damage|p2a: Barraskewda|0 fnt
|faint|p2a: Barraskewda
|
|win|hey you're
|raw|hey you&apos;re's rating: 1473 &rarr; <strong>1492</strong><br />(+19 for winning)
|raw|The Name Change's rating: 1452 &rarr; <strong>1433</strong><br />(-19 for losing)
|c|☆hey you're|gg
|c|☆The Name Change|gg
|l|☆The Name Change
|player|p2|
|l|☆hey you're
|player|p1|
