|j|☆lafrappedu13
|j|☆draconotmeteor
|t:|1779700099
|gametype|singles
|player|p1|lafrappedu13|ethan|1372
|player|p2|draconotmeteor|shauntal|1331
|gen|9
|tier|[Gen 9] OU
|rated|
|rule|HP Percentage Mod: HP is shown in percentages
|rule|Endless Battle Clause: Forcing endless battles is banned
|rule|Species Clause: Limit one of each Pokémon
|rule|OHKO Clause: OHKO moves are banned
|rule|Evasion Items Clause: Evasion items are banned
|rule|Evasion Moves Clause: Evasion moves are banned
|rule|Evasion Abilities Clause: Evasion abilities are banned
|rule|Sleep Moves Clause: Sleep-inducing moves are banned
|clearpoke
|poke|p1|Great Tusk|
|poke|p1|Dragonite, F|
|poke|p1|Ogerpon-Wellspring, F|
|poke|p1|Iron Moth|
|poke|p1|Iron Valiant|
|poke|p1|Kingambit, M|
|poke|p2|Cyclizar, F|
|poke|p2|Corviknight, F|
|poke|p2|Ting-Lu|
|poke|p2|Slowking-Galar, M|
|poke|p2|Kyurem|
|poke|p2|Garganacl, M|
|teampreview
|inactive|Battle timer is ON: inactive players will automatically lose when time's up. (requested by lafrappedu13)
|
|t:|1779700107
|teamsize|p1|6
|teamsize|p2|6
|start
|switch|p1a: Scarlett|Ogerpon-Wellspring, F|100/100
|switch|p2a: Kyurem|Kyurem|100/100
|-ability|p2a: Kyurem|Pressure
|turn|1
|
|t:|1779700116
|switch|p1a: Maya l'Abeille|Iron Moth, shiny|100/100
|switch|p2a: Cyclizar|Cyclizar, F|100/100
|
|upkeep
|turn|2
|
|t:|1779700121
|switch|p2a: Slowking|Slowking-Galar, M|100/100
|move|p1a: Maya l'Abeille|Dazzling Gleam|p2a: Slowking
|-resisted|p2a: Slowking
|-damage|p2a: Slowking|92/100
|
|upkeep
|turn|3
|
|t:|1779700127
|-end|p1a: Maya l'Abeille|Quark Drive|[silent]
|switch|p1a: Jean-Marie Bigard|Great Tusk|100/100
|move|p2a: Slowking|Thunder Wave|p1a: Jean-Marie Bigard
|-immune|p1a: Jean-Marie Bigard
|
|upkeep
|turn|4
|
|t:|1779700133
|switch|p2a: Corviknight|Corviknight, F|100/100
|-ability|p2a: Corviknight|Pressure
|move|p1a: Jean-Marie Bigard|Stealth Rock|p2a: Corviknight
|-sidestart|p2: draconotmeteor|move: Stealth Rock
|
|upkeep
|turn|5
|
|t:|1779700139
|-end|p1a: Jean-Marie Bigard|Protosynthesis|[silent]
|switch|p1a: Maya l'Abeille|Iron Moth, shiny|100/100
|move|p2a: Corviknight|Defog|p1a: Maya l'Abeille
|-unboost|p1a: Maya l'Abeille|evasion|1
|-sideend|p2: draconotmeteor|Stealth Rock|[from] move: Defog|[of] p2a: Corviknight
|
|upkeep
|turn|6
|
|t:|1779700147
|-end|p1a: Maya l'Abeille|Quark Drive|[silent]
|switch|p1a: Gallame|Iron Valiant, shiny|100/100
|-enditem|p1a: Gallame|Booster Energy
|-activate|p1a: Gallame|ability: Quark Drive|[fromitem]
|-start|p1a: Gallame|quarkdrivespe
|switch|p2a: Garganacl|Garganacl, M|100/100
|
|upkeep
|turn|7
|
|t:|1779700161
|move|p1a: Gallame|Close Combat|p2a: Garganacl
|-supereffective|p2a: Garganacl
|-damage|p2a: Garganacl|36/100
|-unboost|p1a: Gallame|def|1
|-unboost|p1a: Gallame|spd|1
|move|p2a: Garganacl|Salt Cure|p1a: Gallame
|-resisted|p1a: Gallame
|-damage|p1a: Gallame|86/100
|-start|p1a: Gallame|Salt Cure
|
|-heal|p2a: Garganacl|42/100|[from] item: Leftovers
|-damage|p1a: Gallame|74/100|[from] Salt Cure
|upkeep
|turn|8
|
|t:|1779700173
|-end|p1a: Gallame|Quark Drive|[silent]
|switch|p1a: Scarlett|Ogerpon-Wellspring, F|100/100
|switch|p2a: Slowking|Slowking-Galar, M|100/100
|
|upkeep
|turn|9
|
|t:|1779700183
|move|p1a: Scarlett|U-turn|p2a: Slowking
|-damage|p2a: Slowking|73/100
|
|t:|1779700187
|switch|p1a: Maya l'Abeille|Iron Moth, shiny|100/100|[from] U-turn
|move|p2a: Slowking|Thunder Wave|p1a: Maya l'Abeille
|-status|p1a: Maya l'Abeille|par
|
|upkeep
|turn|10
|
|t:|1779700196
|-end|p1a: Maya l'Abeille|Quark Drive|[silent]
|switch|p1a: goat|Kingambit, M|100/100
|-prepare|p2a: Slowking|Chilly Reception|[premajor]
|move|p2a: Slowking|Chilly Reception|p2a: Slowking
|-weather|Snowscape
|
|t:|1779700205
|switch|p2a: Corviknight|Corviknight, F|100/100|[from] Chilly Reception
|-ability|p2a: Corviknight|Pressure
|
|-weather|Snowscape|[upkeep]
|upkeep
|turn|11
|
|t:|1779700215
|-end|p1a: goat|fallenundefined|[silent]
|switch|p1a: Maya l'Abeille|Iron Moth, shiny|100/100 par
|move|p2a: Corviknight|U-turn|p1a: Maya l'Abeille
|-resisted|p1a: Maya l'Abeille
|-damage|p1a: Maya l'Abeille|94/100 par
|
|t:|1779700217
|switch|p2a: Kyurem|Kyurem|100/100|[from] U-turn
|-ability|p2a: Kyurem|Pressure
|
|-weather|Snowscape|[upkeep]
|upkeep
|turn|12
|
|t:|1779700227
|move|p2a: Kyurem|Substitute|p2a: Kyurem
|-start|p2a: Kyurem|Substitute
|-damage|p2a: Kyurem|75/100
|move|p1a: Maya l'Abeille|Sludge Wave|p2a: Kyurem
|-end|p2a: Kyurem|Substitute
|
|-weather|Snowscape|[upkeep]
|-heal|p2a: Kyurem|82/100|[from] item: Leftovers
|upkeep
|turn|13
|
|t:|1779700236
|move|p2a: Kyurem|Protect|p2a: Kyurem
|-singleturn|p2a: Kyurem|Protect
|move|p1a: Maya l'Abeille|Sludge Wave|p2a: Kyurem
|-activate|p2a: Kyurem|move: Protect
|
|-weather|Snowscape|[upkeep]
|-heal|p2a: Kyurem|88/100|[from] item: Leftovers
|upkeep
|turn|14
|
|t:|1779700243
|move|p2a: Kyurem|Substitute|p2a: Kyurem
|-start|p2a: Kyurem|Substitute
|-damage|p2a: Kyurem|63/100
|move|p1a: Maya l'Abeille|Sludge Wave|p2a: Kyurem
|-end|p2a: Kyurem|Substitute
|
|-weather|none
|-heal|p2a: Kyurem|69/100|[from] item: Leftovers
|upkeep
|turn|15
|
|t:|1779700250
|move|p2a: Kyurem|Substitute|p2a: Kyurem
|-start|p2a: Kyurem|Substitute
|-damage|p2a: Kyurem|44/100
|move|p1a: Maya l'Abeille|Sludge Wave|p2a: Kyurem
|-end|p2a: Kyurem|Substitute
|
|-heal|p2a: Kyurem|50/100|[from] item: Leftovers
|upkeep
|turn|16
|
|t:|1779700258
|move|p2a: Kyurem|Protect|p2a: Kyurem
|-singleturn|p2a: Kyurem|Protect
|cant|p1a: Maya l'Abeille|par
|
|-heal|p2a: Kyurem|56/100|[from] item: Leftovers
|upkeep
|turn|17
|
|t:|1779700263
|switch|p2a: Slowking|Slowking-Galar, M|100/100
|move|p1a: Maya l'Abeille|Sludge Wave|p2a: Slowking
|-resisted|p2a: Slowking
|-damage|p2a: Slowking|85/100
|
|upkeep
|turn|18
|
|t:|1779700269
|move|p1a: Maya l'Abeille|Sludge Wave|p2a: Slowking
|-resisted|p2a: Slowking
|-damage|p2a: Slowking|69/100
|move|p2a: Slowking|Future Sight|p1a: Maya l'Abeille
|-start|p2a: Slowking|move: Future Sight
|
|upkeep
|turn|19
|
|t:|1779700273
|move|p1a: Maya l'Abeille|Sludge Wave|p2a: Slowking
|-resisted|p2a: Slowking
|-damage|p2a: Slowking|54/100
|-prepare|p2a: Slowking|Chilly Reception|[premajor]
|move|p2a: Slowking|Chilly Reception|p2a: Slowking
|-weather|Snowscape
|
|t:|1779700277
|switch|p2a: Kyurem|Kyurem|56/100|[from] Chilly Reception
|-ability|p2a: Kyurem|Pressure
|
|-weather|Snowscape|[upkeep]
|-heal|p2a: Kyurem|63/100|[from] item: Leftovers
|upkeep
|turn|20
|
|t:|1779700285
|move|p2a: Kyurem|Substitute|p2a: Kyurem
|-start|p2a: Kyurem|Substitute
|-damage|p2a: Kyurem|38/100
|move|p1a: Maya l'Abeille|Sludge Wave|p2a: Kyurem
|-end|p2a: Kyurem|Substitute
|
|-weather|Snowscape|[upkeep]
|-end|p1a: Maya l'Abeille|move: Future Sight
|-supereffective|p1a: Maya l'Abeille
|-damage|p1a: Maya l'Abeille|6/100 par
|-heal|p2a: Kyurem|44/100|[from] item: Leftovers
|upkeep
|turn|21
|
|t:|1779700294
|move|p2a: Kyurem|Earth Power|p1a: Maya l'Abeille
|-supereffective|p1a: Maya l'Abeille
|-damage|p1a: Maya l'Abeille|0 fnt
|faint|p1a: Maya l'Abeille
|-end|p1a: Maya l'Abeille|Quark Drive|[silent]
|
|-weather|Snowscape|[upkeep]
|-heal|p2a: Kyurem|50/100|[from] item: Leftovers
|upkeep
|
|t:|1779700307
|switch|p1a: Gallame|Iron Valiant, shiny|74/100
|turn|22
|
|t:|1779700311
|move|p2a: Kyurem|Protect|p2a: Kyurem
|-singleturn|p2a: Kyurem|Protect
|move|p1a: Gallame|Moonblast|p2a: Kyurem
|-activate|p2a: Kyurem|move: Protect
|
|-weather|Snowscape|[upkeep]
|-heal|p2a: Kyurem|56/100|[from] item: Leftovers
|upkeep
|turn|23
|
|t:|1779700318
|switch|p2a: Slowking|Slowking-Galar, M|87/100
|move|p1a: Gallame|Moonblast|p2a: Slowking
|-resisted|p2a: Slowking
|-damage|p2a: Slowking|73/100
|-unboost|p2a: Slowking|spa|1
|
|-weather|none
|upkeep
|turn|24
|
|t:|1779700329
|-end|p1a: Gallame|Quark Drive|[silent]
|switch|p1a: Jean-Marie Bigard|Great Tusk|100/100
|-prepare|p2a: Slowking|Chilly Reception|[premajor]
|move|p2a: Slowking|Chilly Reception|p2a: Slowking
|-weather|Snowscape
|
|t:|1779700333
|switch|p2a: Kyurem|Kyurem|56/100|[from] Chilly Reception
|-ability|p2a: Kyurem|Pressure
|
|-weather|Snowscape|[upkeep]
|-heal|p2a: Kyurem|62/100|[from] item: Leftovers
|upkeep
|turn|25
|
|t:|1779700341
|move|p2a: Kyurem|Substitute|p2a: Kyurem
|-start|p2a: Kyurem|Substitute
|-damage|p2a: Kyurem|37/100
|move|p1a: Jean-Marie Bigard|Stealth Rock|p2a: Kyurem
|-sidestart|p2: draconotmeteor|move: Stealth Rock
|
|-weather|Snowscape|[upkeep]
|-heal|p2a: Kyurem|44/100|[from] item: Leftovers
|upkeep
|turn|26
|
|t:|1779700349
|-terastallize|p1a: Jean-Marie Bigard|Fire
|move|p2a: Kyurem|Freeze-Dry|p1a: Jean-Marie Bigard
|-resisted|p1a: Jean-Marie Bigard
|-damage|p1a: Jean-Marie Bigard|74/100
|move|p1a: Jean-Marie Bigard|Headlong Rush|p2a: Kyurem
|-end|p2a: Kyurem|Substitute
|-unboost|p1a: Jean-Marie Bigard|def|1
|-unboost|p1a: Jean-Marie Bigard|spd|1
|
|-weather|Snowscape|[upkeep]
|-heal|p2a: Kyurem|50/100|[from] item: Leftovers
|upkeep
|turn|27
|
|t:|1779700364
|move|p2a: Kyurem|Protect|p2a: Kyurem
|-singleturn|p2a: Kyurem|Protect
|move|p1a: Jean-Marie Bigard|Headlong Rush|p2a: Kyurem
|-activate|p2a: Kyurem|move: Protect
|
|-weather|Snowscape|[upkeep]
|-heal|p2a: Kyurem|56/100|[from] item: Leftovers
|upkeep
|turn|28
|
|t:|1779700371
|move|p2a: Kyurem|Earth Power|p1a: Jean-Marie Bigard
|-supereffective|p1a: Jean-Marie Bigard
|-damage|p1a: Jean-Marie Bigard|0 fnt
|faint|p1a: Jean-Marie Bigard
|-end|p1a: Jean-Marie Bigard|Protosynthesis|[silent]
|
|-weather|none
|-heal|p2a: Kyurem|62/100|[from] item: Leftovers
|upkeep
|
|t:|1779700378
|switch|p1a: Gallame|Iron Valiant, shiny|74/100
|turn|29
|
|t:|1779700384
|move|p2a: Kyurem|Protect|p2a: Kyurem
|-singleturn|p2a: Kyurem|Protect
|move|p1a: Gallame|Moonblast|p2a: Kyurem
|-activate|p2a: Kyurem|move: Protect
|
|-heal|p2a: Kyurem|68/100|[from] item: Leftovers
|upkeep
|turn|30
|
|t:|1779700392
|switch|p2a: Slowking|Slowking-Galar, M|100/100
|-damage|p2a: Slowking|88/100|[from] Stealth Rock
|move|p1a: Gallame|Moonblast|p2a: Slowking
|-resisted|p2a: Slowking
|-damage|p2a: Slowking|74/100
|
|upkeep
|turn|31
|
|t:|1779700400
|move|p1a: Gallame|Knock Off|p2a: Slowking
|-supereffective|p2a: Slowking
|-enditem|p2a: Slowking|Colbur Berry|[eat]
|-enditem|p2a: Slowking|Colbur Berry|[weaken]
|-damage|p2a: Slowking|45/100
|move|p2a: Slowking|Thunder Wave|p1a: Gallame
|-status|p1a: Gallame|par
|
|upkeep
|turn|32
|
|t:|1779700407
|cant|p1a: Gallame|par
|-prepare|p2a: Slowking|Chilly Reception|[premajor]
|move|p2a: Slowking|Chilly Reception|p2a: Slowking
|-weather|Snowscape
|
|t:|1779700411
|switch|p2a: Corviknight|Corviknight, F|100/100|[from] Chilly Reception
|-damage|p2a: Corviknight|88/100|[from] Stealth Rock
|-ability|p2a: Corviknight|Pressure
|
|-weather|Snowscape|[upkeep]
|upkeep
|turn|33
|-message|lafrappedu13 forfeited.
|
|win|draconotmeteor
|raw|lafrappedu13's rating: 1372 &rarr; <strong>1350</strong><br />(-22 for losing)
|raw|draconotmeteor's rating: 1331 &rarr; <strong>1353</strong><br />(+22 for winning)
|l|☆lafrappedu13
|player|p1|
