|j|☆DeDoctaIgnorantia
|j|☆crissperez
|t:|1779615050
|gametype|singles
|player|p1|DeDoctaIgnorantia|n|1342
|player|p2|crissperez|juan|1431
|gen|9
|tier|[Gen 9] OU
|rated|
|rule|HP Percentage Mod: HP is shown in percentages
|rule|Endless Battle Clause: Forcing endless battles is banned
|rule|Species Clause: Limit one of each Pokémon
|rule|OHKO Clause: OHKO moves are banned
|rule|Evasion Items Clause: Evasion items are banned
|rule|Evasion Moves Clause: Evasion moves are banned
|rule|Evasion Abilities Clause: Evasion abilities are banned
|rule|Sleep Moves Clause: Sleep-inducing moves are banned
|clearpoke
|poke|p1|Barraskewda, M|
|poke|p1|Pelipper, F|
|poke|p1|Garchomp, F|
|poke|p1|Gholdengo|
|poke|p1|Hatterene, F|
|poke|p1|Corviknight, M|
|poke|p2|Serperior, M|
|poke|p2|Hawlucha, M|
|poke|p2|Iron Crown|
|poke|p2|Garganacl, M|
|poke|p2|Florges, F|
|poke|p2|Ogerpon-Wellspring, F|
|teampreview
|inactive|Battle timer is ON: inactive players will automatically lose when time's up. (requested by crissperez)
|inactive|DeDoctaIgnorantia has 120 seconds left.
|inactive|DeDoctaIgnorantia has 90 seconds left.
|
|t:|1779615118
|teamsize|p1|6
|teamsize|p2|6
|start
|switch|p1a: Barraskewda|Barraskewda, M|100/100
|switch|p2a: Serperior|Serperior, M|100/100
|turn|1
|
|t:|1779615127
|move|p1a: Barraskewda|Flip Turn|p2a: Serperior
|-resisted|p2a: Serperior
|-damage|p2a: Serperior|70/100
|
|t:|1779615134
|switch|p1a: Pelipper|Pelipper, F|100/100|[from] Flip Turn
|-weather|RainDance|[from] ability: Drizzle|[of] p1a: Pelipper
|move|p2a: Serperior|Leaf Storm|p1a: Pelipper
|-damage|p1a: Pelipper|28/100
|-boost|p2a: Serperior|spa|2
|
|-weather|RainDance|[upkeep]
|upkeep
|turn|2
|
|t:|1779615149
|switch|p1a: Corviknight|Corviknight, M|100/100
|-ability|p1a: Corviknight|Pressure
|move|p2a: Serperior|Leaf Storm|p1a: Corviknight|[miss]
|-miss|p2a: Serperior|p1a: Corviknight
|
|-weather|RainDance|[upkeep]
|upkeep
|turn|3
|
|t:|1779615157
|move|p2a: Serperior|Glare|p1a: Corviknight
|-status|p1a: Corviknight|par
|move|p1a: Corviknight|Brave Bird|p2a: Serperior
|-supereffective|p2a: Serperior
|-damage|p2a: Serperior|0 fnt
|faint|p2a: Serperior
|-damage|p1a: Corviknight|84/100 par|[from] Recoil
|
|-weather|RainDance|[upkeep]
|-heal|p1a: Corviknight|90/100 par|[from] item: Leftovers
|upkeep
|inactive|crissperez has 120 seconds left.
|
|t:|1779615213
|switch|p2a: Ogerpon|Ogerpon-Wellspring, F|100/100
|turn|4
|
|t:|1779615227
|move|p2a: Ogerpon|Swords Dance|p2a: Ogerpon
|-boost|p2a: Ogerpon|atk|2
|move|p1a: Corviknight|Brave Bird|p2a: Ogerpon
|-supereffective|p2a: Ogerpon
|-damage|p2a: Ogerpon|0 fnt
|faint|p2a: Ogerpon
|-damage|p1a: Corviknight|65/100 par|[from] Recoil
|
|-weather|RainDance|[upkeep]
|-heal|p1a: Corviknight|71/100 par|[from] item: Leftovers
|upkeep
|
|t:|1779615238
|switch|p2a: Hawlucha|Hawlucha, M|100/100
|turn|5
|
|t:|1779615242
|move|p2a: Hawlucha|Substitute|p2a: Hawlucha
|-start|p2a: Hawlucha|Substitute
|-damage|p2a: Hawlucha|75/100
|cant|p1a: Corviknight|par
|
|-weather|RainDance|[upkeep]
|-heal|p1a: Corviknight|78/100 par|[from] item: Leftovers
|upkeep
|turn|6
|
|t:|1779615250
|move|p2a: Hawlucha|Swords Dance|p2a: Hawlucha
|-boost|p2a: Hawlucha|atk|2
|cant|p1a: Corviknight|par
|
|-weather|RainDance|[upkeep]
|-heal|p1a: Corviknight|84/100 par|[from] item: Leftovers
|upkeep
|turn|7
|inactive|crissperez has 120 seconds left.
|
|t:|1779615258
|move|p2a: Hawlucha|Swords Dance|p2a: Hawlucha
|-boost|p2a: Hawlucha|atk|2
|move|p1a: Corviknight|Brave Bird|p2a: Hawlucha
|-supereffective|p2a: Hawlucha
|-end|p2a: Hawlucha|Substitute
|-damage|p1a: Corviknight|78/100 par|[from] Recoil|[of] p2a: Hawlucha
|
|-weather|RainDance|[upkeep]
|-heal|p1a: Corviknight|84/100 par|[from] item: Leftovers
|upkeep
|turn|8
|inactive|crissperez has 120 seconds left.
|
|t:|1779615268
|move|p2a: Hawlucha|Substitute|p2a: Hawlucha
|-start|p2a: Hawlucha|Substitute
|-damage|p2a: Hawlucha|50/100
|-enditem|p2a: Hawlucha|Sitrus Berry|[eat]
|-heal|p2a: Hawlucha|75/100|[from] item: Sitrus Berry
|move|p1a: Corviknight|Brave Bird|p2a: Hawlucha
|-supereffective|p2a: Hawlucha
|-end|p2a: Hawlucha|Substitute
|-damage|p1a: Corviknight|78/100 par|[from] Recoil|[of] p2a: Hawlucha
|
|-weather|none
|-heal|p1a: Corviknight|84/100 par|[from] item: Leftovers
|upkeep
|turn|9
|inactive|crissperez has 120 seconds left.
|
|t:|1779615280
|move|p2a: Hawlucha|Substitute|p2a: Hawlucha
|-start|p2a: Hawlucha|Substitute
|-damage|p2a: Hawlucha|50/100
|move|p1a: Corviknight|Brave Bird|p2a: Hawlucha
|-supereffective|p2a: Hawlucha
|-end|p2a: Hawlucha|Substitute
|-damage|p1a: Corviknight|78/100 par|[from] Recoil|[of] p2a: Hawlucha
|
|-heal|p1a: Corviknight|84/100 par|[from] item: Leftovers
|upkeep
|turn|10
|
|t:|1779615289
|move|p2a: Hawlucha|Substitute|p2a: Hawlucha
|-start|p2a: Hawlucha|Substitute
|-damage|p2a: Hawlucha|25/100
|move|p1a: Corviknight|Brave Bird|p2a: Hawlucha
|-supereffective|p2a: Hawlucha
|-end|p2a: Hawlucha|Substitute
|-damage|p1a: Corviknight|78/100 par|[from] Recoil|[of] p2a: Hawlucha
|
|-heal|p1a: Corviknight|84/100 par|[from] item: Leftovers
|upkeep
|turn|11
|
|t:|1779615299
|move|p2a: Hawlucha|Drain Punch|p1a: Corviknight
|-damage|p1a: Corviknight|3/100 par
|-heal|p2a: Hawlucha|80/100|[from] drain|[of] p1a: Corviknight
|move|p1a: Corviknight|Brave Bird|p2a: Hawlucha
|-supereffective|p2a: Hawlucha
|-damage|p2a: Hawlucha|0 fnt
|faint|p2a: Hawlucha
|-damage|p1a: Corviknight|0 fnt|[from] Recoil
|faint|p1a: Corviknight
|
|upkeep
|
|t:|1779615314
|switch|p2a: Garganacl|Garganacl, M|100/100
|switch|p1a: Pelipper|Pelipper, F|28/100
|-weather|RainDance|[from] ability: Drizzle|[of] p1a: Pelipper
|turn|12
|
|t:|1779615325
|move|p1a: Pelipper|Roost|p1a: Pelipper
|-heal|p1a: Pelipper|78/100
|-singleturn|p1a: Pelipper|move: Roost
|move|p2a: Garganacl|Iron Defense|p2a: Garganacl
|-boost|p2a: Garganacl|def|2
|
|-weather|RainDance|[upkeep]
|upkeep
|turn|13
|
|t:|1779615335
|switch|p2a: Florges|Florges, F|100/100
|move|p1a: Pelipper|Knock Off|p2a: Florges
|-resisted|p2a: Florges
|-damage|p2a: Florges|91/100
|-enditem|p2a: Florges|Leftovers|[from] move: Knock Off|[of] p1a: Pelipper
|
|-weather|RainDance|[upkeep]
|upkeep
|turn|14
|
|t:|1779615344
|move|p2a: Florges|Calm Mind|p2a: Florges
|-boost|p2a: Florges|spa|1
|-boost|p2a: Florges|spd|1
|move|p1a: Pelipper|U-turn|p2a: Florges
|-resisted|p2a: Florges
|-damage|p2a: Florges|86/100
|
|t:|1779615350
|switch|p1a: Barraskewda|Barraskewda, M|100/100|[from] U-turn
|
|-weather|RainDance|[upkeep]
|upkeep
|turn|15
|
|t:|1779615357
|move|p1a: Barraskewda|Flip Turn|p2a: Florges
|-damage|p2a: Florges|0 fnt
|faint|p2a: Florges
|
|t:|1779615362
|switch|p1a: Hatterene|Hatterene, F|100/100|[from] Flip Turn
|
|-weather|RainDance|[upkeep]
|upkeep
|
|t:|1779615367
|switch|p2a: Iron Crown|Iron Crown|100/100
|-enditem|p2a: Iron Crown|Booster Energy
|-activate|p2a: Iron Crown|ability: Quark Drive|[fromitem]
|-start|p2a: Iron Crown|quarkdrivespe
|turn|16
|
|t:|1779615381
|move|p2a: Iron Crown|Calm Mind|p2a: Iron Crown
|-boost|p2a: Iron Crown|spa|1
|-boost|p2a: Iron Crown|spd|1
|move|p1a: Hatterene|Psychic Noise|p2a: Iron Crown
|-resisted|p2a: Iron Crown
|-damage|p2a: Iron Crown|95/100
|-start|p2a: Iron Crown|move: Heal Block
|
|-weather|RainDance|[upkeep]
|upkeep
|turn|17
|
|t:|1779615393
|move|p2a: Iron Crown|Tachyon Cutter|p1a: Hatterene
|-supereffective|p1a: Hatterene
|-damage|p1a: Hatterene|38/100
|-supereffective|p1a: Hatterene
|-damage|p1a: Hatterene|0 fnt
|faint|p1a: Hatterene
|-hitcount|p1: Hatterene|2
|
|-weather|RainDance|[upkeep]
|-end|p2a: Iron Crown|move: Heal Block
|upkeep
|
|t:|1779615399
|switch|p1a: Barraskewda|Barraskewda, M|100/100
|turn|18
|
|t:|1779615415
|-terastallize|p1a: Barraskewda|Water
|move|p1a: Barraskewda|Liquidation|p2a: Iron Crown
|-damage|p2a: Iron Crown|0 fnt
|faint|p2a: Iron Crown
|-end|p2a: Iron Crown|Quark Drive|[silent]
|
|-weather|RainDance|[upkeep]
|upkeep
|
|t:|1779615422
|switch|p2a: Garganacl|Garganacl, M|100/100
|turn|19
|
|t:|1779615426
|-terastallize|p2a: Garganacl|Ghost
|move|p1a: Barraskewda|Liquidation|p2a: Garganacl
|-damage|p2a: Garganacl|31/100
|-damage|p1a: Barraskewda|84/100|[from] item: Rocky Helmet|[of] p2a: Garganacl
|move|p2a: Garganacl|Iron Defense|p2a: Garganacl
|-boost|p2a: Garganacl|def|2
|
|-weather|none
|upkeep
|turn|20
|
|t:|1779615436
|move|p1a: Barraskewda|Liquidation|p2a: Garganacl
|-damage|p2a: Garganacl|7/100
|-damage|p1a: Barraskewda|68/100|[from] item: Rocky Helmet|[of] p2a: Garganacl
|move|p2a: Garganacl|Recover|p2a: Garganacl
|-heal|p2a: Garganacl|57/100
|
|upkeep
|turn|21
|
|t:|1779615444
|switch|p1a: Pelipper|Pelipper, F|78/100
|-weather|RainDance|[from] ability: Drizzle|[of] p1a: Pelipper
|move|p2a: Garganacl|Iron Defense|p2a: Garganacl
|-boost|p2a: Garganacl|def|2
|
|-weather|RainDance|[upkeep]
|upkeep
|turn|22
|
|t:|1779615453
|move|p1a: Pelipper|Roost|p1a: Pelipper
|-heal|p1a: Pelipper|100/100
|-singleturn|p1a: Pelipper|move: Roost
|move|p2a: Garganacl|Recover|p2a: Garganacl
|-heal|p2a: Garganacl|100/100
|
|-weather|RainDance|[upkeep]
|upkeep
|turn|23
|
|t:|1779615461
|move|p1a: Pelipper|Hurricane|p2a: Garganacl
|-damage|p2a: Garganacl|66/100
|move|p2a: Garganacl|Salt Cure|p1a: Pelipper
|-supereffective|p1a: Pelipper
|-damage|p1a: Pelipper|78/100
|-start|p1a: Pelipper|Salt Cure
|
|-weather|RainDance|[upkeep]
|-damage|p1a: Pelipper|53/100|[from] Salt Cure
|upkeep
|turn|24
|
|t:|1779615472
|move|p1a: Pelipper|Hurricane|p2a: Garganacl
|-damage|p2a: Garganacl|32/100
|-start|p2a: Garganacl|confusion
|-activate|p2a: Garganacl|confusion
|move|p2a: Garganacl|Recover|p2a: Garganacl
|-heal|p2a: Garganacl|82/100
|
|-weather|RainDance|[upkeep]
|-damage|p1a: Pelipper|29/100|[from] Salt Cure
|upkeep
|turn|25
|
|t:|1779615482
|move|p1a: Pelipper|Hurricane|p2a: Garganacl
|-damage|p2a: Garganacl|49/100
|-activate|p2a: Garganacl|confusion
|-damage|p2a: Garganacl|48/100|[from] confusion
|
|-weather|RainDance|[upkeep]
|-damage|p1a: Pelipper|4/100|[from] Salt Cure
|upkeep
|turn|26
|
|t:|1779615491
|move|p1a: Pelipper|Hurricane|p2a: Garganacl
|-damage|p2a: Garganacl|14/100
|-activate|p2a: Garganacl|confusion
|move|p2a: Garganacl|Recover|p2a: Garganacl
|-heal|p2a: Garganacl|64/100
|
|-weather|RainDance|[upkeep]
|-damage|p1a: Pelipper|0 fnt|[from] Salt Cure
|faint|p1a: Pelipper
|upkeep
|
|t:|1779615507
|switch|p1a: Gholdengo|Gholdengo|100/100
|-item|p1a: Gholdengo|Air Balloon
|turn|27
|
|t:|1779615513
|move|p1a: Gholdengo|Nasty Plot|p1a: Gholdengo
|-boost|p1a: Gholdengo|spa|2
|-end|p2a: Garganacl|confusion
|move|p2a: Garganacl|Salt Cure|p1a: Gholdengo
|-resisted|p1a: Gholdengo
|-damage|p1a: Gholdengo|95/100
|-start|p1a: Gholdengo|Salt Cure
|-enditem|p1a: Gholdengo|Air Balloon
|
|-weather|RainDance|[upkeep]
|-damage|p1a: Gholdengo|70/100|[from] Salt Cure
|upkeep
|turn|28
|
|t:|1779615526
|move|p1a: Gholdengo|Nasty Plot|p1a: Gholdengo
|-boost|p1a: Gholdengo|spa|2
|move|p2a: Garganacl|Recover|p2a: Garganacl
|-heal|p2a: Garganacl|100/100
|
|-weather|none
|-damage|p1a: Gholdengo|45/100|[from] Salt Cure
|upkeep
|turn|29
|
|t:|1779615535
|move|p1a: Gholdengo|Make It Rain|p2a: Garganacl
|-damage|p2a: Garganacl|0 fnt
|-unboost|p1a: Gholdengo|spa|1
|faint|p2a: Garganacl
|
|win|DeDoctaIgnorantia
|raw|DeDoctaIgnorantia's rating: 1342 &rarr; <strong>1367</strong><br />(+25 for winning)
|raw|crissperez's rating: 1431 &rarr; <strong>1406</strong><br />(-25 for losing)
|l|☆DeDoctaIgnorantia
|player|p1|
|l|☆crissperez
|player|p2|
