|j|☆el choro 37
|j|☆Naro51
|t:|1779717201
|gametype|singles
|player|p1|el choro 37|cyrus|1496
|player|p2|Naro51|102|1417
|gen|9
|tier|[Gen 9] OU
|rated|
|rule|HP Percentage Mod: HP is shown in percentages
|rule|Endless Battle Clause: Forcing endless battles is banned
|rule|Species Clause: Limit one of each Pokémon
|rule|OHKO Clause: OHKO moves are banned
|rule|Evasion Items Clause: Evasion items are banned
|rule|Evasion Moves Clause: Evasion moves are banned
|rule|Evasion Abilities Clause: Evasion abilities are banned
|rule|Sleep Moves Clause: Sleep-inducing moves are banned
|clearpoke
|poke|p1|Pelipper, F|
|poke|p1|Great Tusk|
|poke|p1|Greninja-*, M|
|poke|p1|Gholdengo|
|poke|p1|Rillaboom, F|
|poke|p1|Ogerpon-Wellspring, F|
|poke|p2|Ting-Lu|
|poke|p2|Gholdengo|
|poke|p2|Gliscor, F|
|poke|p2|Alomomola, M|
|poke|p2|Kyurem|
|poke|p2|Ogerpon-Wellspring, F|
|teampreview
|inactive|Battle timer is ON: inactive players will automatically lose when time's up. (requested by el choro 37)
|
|t:|1779717227
|teamsize|p1|6
|teamsize|p2|6
|start
|switch|p1a: Pollo Frito|Pelipper, F|100/100
|switch|p2a: Kyurem|Kyurem|100/100
|-ability|p2a: Kyurem|Pressure
|-weather|RainDance|[from] ability: Drizzle|[of] p1a: Pollo Frito
|turn|1
|
|t:|1779717235
|move|p2a: Kyurem|Substitute|p2a: Kyurem
|-start|p2a: Kyurem|Substitute
|-damage|p2a: Kyurem|75/100
|move|p1a: Pollo Frito|U-turn|p2a: Kyurem
|-activate|p2a: Kyurem|move: Substitute|[damage]
|
|t:|1779717239
|switch|p1a: GholdenGOAT|Gholdengo|100/100|[from] U-turn
|
|-weather|RainDance|[upkeep]
|upkeep
|turn|2
|
|t:|1779717243
|move|p2a: Kyurem|Earth Power|p1a: GholdenGOAT
|-supereffective|p1a: GholdenGOAT
|-damage|p1a: GholdenGOAT|57/100
|move|p1a: GholdenGOAT|Dazzling Gleam|p2a: Kyurem
|-supereffective|p2a: Kyurem
|-end|p2a: Kyurem|Substitute
|
|-weather|RainDance|[upkeep]
|upkeep
|turn|3
|
|t:|1779717254
|switch|p2a: Ting-Lu|Ting-Lu|100/100
|-ability|p2a: Ting-Lu|Vessel of Ruin
|move|p1a: GholdenGOAT|Dazzling Gleam|p2a: Ting-Lu
|-supereffective|p2a: Ting-Lu
|-damage|p2a: Ting-Lu|76/100
|
|-weather|RainDance|[upkeep]
|-heal|p2a: Ting-Lu|82/100|[from] item: Leftovers
|upkeep
|turn|4
|
|t:|1779717262
|switch|p1a: ComeBizcochitos|Great Tusk|100/100
|move|p2a: Ting-Lu|Stealth Rock|p1a: ComeBizcochitos
|-sidestart|p1: el choro 37|move: Stealth Rock
|
|-weather|RainDance|[upkeep]
|-heal|p2a: Ting-Lu|88/100|[from] item: Leftovers
|upkeep
|turn|5
|
|t:|1779717267
|move|p1a: ComeBizcochitos|Headlong Rush|p2a: Ting-Lu
|-damage|p2a: Ting-Lu|55/100
|-unboost|p1a: ComeBizcochitos|def|1
|-unboost|p1a: ComeBizcochitos|spd|1
|move|p2a: Ting-Lu|Ruination|p1a: ComeBizcochitos
|-damage|p1a: ComeBizcochitos|51/100
|
|-weather|RainDance|[upkeep]
|-heal|p2a: Ting-Lu|61/100|[from] item: Leftovers
|upkeep
|turn|6
|
|t:|1779717276
|move|p1a: ComeBizcochitos|Rapid Spin|p2a: Ting-Lu
|-damage|p2a: Ting-Lu|51/100
|-boost|p1a: ComeBizcochitos|spe|1
|-sideend|p1: el choro 37|Stealth Rock|[from] move: Rapid Spin|[of] p1a: ComeBizcochitos
|move|p2a: Ting-Lu|Earthquake|p1a: ComeBizcochitos
|-damage|p1a: ComeBizcochitos|8/100
|
|-weather|RainDance|[upkeep]
|-heal|p2a: Ting-Lu|58/100|[from] item: Leftovers
|upkeep
|turn|7
|
|t:|1779717283
|move|p1a: ComeBizcochitos|Stealth Rock|p2a: Ting-Lu
|-sidestart|p2: Naro51|move: Stealth Rock
|move|p2a: Ting-Lu|Stealth Rock|p1a: ComeBizcochitos
|-sidestart|p1: el choro 37|move: Stealth Rock
|
|-weather|RainDance|[upkeep]
|-heal|p2a: Ting-Lu|64/100|[from] item: Leftovers
|upkeep
|turn|8
|
|t:|1779717287
|move|p1a: ComeBizcochitos|Rapid Spin|p2a: Ting-Lu
|-damage|p2a: Ting-Lu|54/100
|-boost|p1a: ComeBizcochitos|spe|1
|-sideend|p1: el choro 37|Stealth Rock|[from] move: Rapid Spin|[of] p1a: ComeBizcochitos
|move|p2a: Ting-Lu|Earthquake|p1a: ComeBizcochitos
|-damage|p1a: ComeBizcochitos|0 fnt
|faint|p1a: ComeBizcochitos
|-end|p1a: ComeBizcochitos|Protosynthesis|[silent]
|
|-weather|none
|-heal|p2a: Ting-Lu|60/100|[from] item: Leftovers
|upkeep
|
|t:|1779717295
|switch|p1a: Pollo Frito|Pelipper, F|100/100
|-weather|RainDance|[from] ability: Drizzle|[of] p1a: Pollo Frito
|turn|9
|
|t:|1779717302
|move|p1a: Pollo Frito|Weather Ball|p2a: Ting-Lu
|-supereffective|p2a: Ting-Lu
|-damage|p2a: Ting-Lu|0 fnt
|faint|p2a: Ting-Lu
|
|-weather|RainDance|[upkeep]
|upkeep
|
|t:|1779717311
|switch|p2a: Kyurem|Kyurem|75/100
|-ability|p2a: Kyurem|Pressure
|turn|10
|
|t:|1779717314
|move|p2a: Kyurem|Substitute|p2a: Kyurem
|-start|p2a: Kyurem|Substitute
|-damage|p2a: Kyurem|50/100
|move|p1a: Pollo Frito|Hurricane|p2a: Kyurem
|-end|p2a: Kyurem|Substitute
|
|-weather|RainDance|[upkeep]
|upkeep
|turn|11
|
|t:|1779717318
|move|p2a: Kyurem|Freeze-Dry|p1a: Pollo Frito
|-supereffective|p1a: Pollo Frito
|-damage|p1a: Pollo Frito|0 fnt
|faint|p1a: Pollo Frito
|
|-weather|RainDance|[upkeep]
|upkeep
|
|t:|1779717324
|switch|p1a: GholdenGOAT|Gholdengo|57/100
|turn|12
|
|t:|1779717333
|-terastallize|p2a: Kyurem|Ground
|move|p2a: Kyurem|Earth Power|p1a: GholdenGOAT
|-supereffective|p1a: GholdenGOAT
|-damage|p1a: GholdenGOAT|0 fnt
|faint|p1a: GholdenGOAT
|
|-weather|RainDance|[upkeep]
|upkeep
|
|t:|1779717337
|switch|p1a: El Transportador|Greninja, M|100/100
|turn|13
|
|t:|1779717345
|switch|p2a: Alomomola|Alomomola, M|100/100
|move|p1a: El Transportador|Ice Beam|p2a: Alomomola
|-resisted|p2a: Alomomola
|-damage|p2a: Alomomola|85/100
|
|-weather|RainDance|[upkeep]
|upkeep
|turn|14
|
|t:|1779717354
|move|p1a: El Transportador|Dark Pulse|p2a: Alomomola
|-damage|p2a: Alomomola|41/100
|move|p2a: Alomomola|Wish|p2a: Alomomola
|
|-weather|RainDance|[upkeep]
|upkeep
|turn|15
|inactive|Naro51 has 120 seconds left.
|
|t:|1779717388
|switch|p2a: Ogerpon|Ogerpon-Wellspring, F|100/100
|-damage|p2a: Ogerpon|88/100|[from] Stealth Rock
|-terastallize|p1a: El Transportador|Water
|move|p1a: El Transportador|Surf|p2a: Ogerpon
|-heal|p2a: Ogerpon|100/100|[from] ability: Water Absorb|[of] p1a: El Transportador
|
|-weather|RainDance|[upkeep]
|upkeep
|turn|16
|
|t:|1779717395
|switch|p1a: Bananza|Rillaboom, F|100/100
|-fieldstart|move: Grassy Terrain|[from] ability: Grassy Surge|[of] p1a: Bananza
|move|p2a: Ogerpon|Power Whip|p1a: Bananza
|-resisted|p1a: Bananza
|-damage|p1a: Bananza|51/100
|
|-weather|none
|-heal|p1a: Bananza|57/100|[from] Grassy Terrain
|upkeep
|turn|17
|
|t:|1779717406
|switch|p2a: Gholdengo|Gholdengo|100/100
|move|p1a: Bananza|Swords Dance|p1a: Bananza
|-boost|p1a: Bananza|atk|2
|
|-heal|p1a: Bananza|64/100|[from] Grassy Terrain
|upkeep
|turn|18
|
|t:|1779717410
|move|p1a: Bananza|Knock Off|p2a: Gholdengo
|-supereffective|p2a: Gholdengo
|-damage|p2a: Gholdengo|0 fnt
|-enditem|p2a: Gholdengo|Heavy-Duty Boots|[from] move: Knock Off|[of] p1a: Bananza
|faint|p2a: Gholdengo
|-damage|p1a: Bananza|54/100|[from] item: Life Orb
|
|-heal|p1a: Bananza|60/100|[from] Grassy Terrain
|upkeep
|
|t:|1779717428
|switch|p2a: Gliscor|Gliscor, F|100/100
|-damage|p2a: Gliscor|88/100|[from] Stealth Rock
|turn|19
|
|t:|1779717434
|move|p2a: Gliscor|Protect|p2a: Gliscor
|-singleturn|p2a: Gliscor|Protect
|move|p1a: Bananza|Knock Off|p2a: Gliscor
|-activate|p2a: Gliscor|move: Protect
|
|-heal|p1a: Bananza|66/100|[from] Grassy Terrain
|-status|p2a: Gliscor|tox|[from] item: Toxic Orb
|upkeep
|turn|20
|
|t:|1779717441
|move|p1a: Bananza|Grassy Glide|p2a: Gliscor
|-damage|p2a: Gliscor|30/100 tox
|-damage|p1a: Bananza|56/100|[from] item: Life Orb
|move|p2a: Gliscor|Toxic|p1a: Bananza
|-status|p1a: Bananza|tox
|
|-heal|p1a: Bananza|62/100 tox|[from] Grassy Terrain
|-damage|p1a: Bananza|56/100 tox|[from] psn
|-heal|p2a: Gliscor|43/100 tox|[from] ability: Poison Heal
|-fieldend|move: Grassy Terrain
|upkeep
|turn|21
|
|t:|1779717448
|move|p2a: Gliscor|Protect|p2a: Gliscor
|-singleturn|p2a: Gliscor|Protect
|move|p1a: Bananza|Swords Dance|p1a: Bananza
|-boost|p1a: Bananza|atk|2
|
|-damage|p1a: Bananza|44/100 tox|[from] psn
|-heal|p2a: Gliscor|55/100 tox|[from] ability: Poison Heal
|upkeep
|turn|22
|
|t:|1779717456
|switch|p2a: Alomomola|Alomomola, M|74/100
|move|p1a: Bananza|Grassy Glide|p2a: Alomomola
|-supereffective|p2a: Alomomola
|-damage|p2a: Alomomola|0 fnt
|faint|p2a: Alomomola
|-damage|p1a: Bananza|34/100 tox|[from] item: Life Orb
|
|-damage|p1a: Bananza|15/100 tox|[from] psn
|upkeep
|inactive|Naro51 has 120 seconds left.
|
|t:|1779717486
|switch|p2a: Ogerpon|Ogerpon-Wellspring, F|100/100
|-damage|p2a: Ogerpon|88/100|[from] Stealth Rock
|turn|23
|
|t:|1779717501
|move|p2a: Ogerpon|Ivy Cudgel|p1a: Bananza|[anim] Ivy Cudgel Water
|-resisted|p1a: Bananza
|-damage|p1a: Bananza|0 fnt
|faint|p1a: Bananza
|
|upkeep
|
|t:|1779717505
|switch|p1a: Jim Carrey|Ogerpon-Wellspring, F|100/100
|turn|24
|
|t:|1779717512
|move|p2a: Ogerpon|Power Whip|p1a: Jim Carrey
|-damage|p1a: Jim Carrey|8/100
|move|p1a: Jim Carrey|Horn Leech|p2a: Ogerpon
|-damage|p2a: Ogerpon|34/100
|-heal|p1a: Jim Carrey|35/100|[from] drain|[of] p2a: Ogerpon
|
|upkeep
|turn|25
|
|t:|1779717518
|move|p1a: Jim Carrey|Spiky Shield|p1a: Jim Carrey
|-singleturn|p1a: Jim Carrey|move: Protect
|move|p2a: Ogerpon|Play Rough|p1a: Jim Carrey
|-activate|p1a: Jim Carrey|move: Protect
|-damage|p2a: Ogerpon|22/100|[from] Spiky Shield|[of] p1a: Jim Carrey
|
|upkeep
|turn|26
|
|t:|1779717527
|move|p1a: Jim Carrey|Horn Leech|p2a: Ogerpon
|-damage|p2a: Ogerpon|0 fnt
|-heal|p1a: Jim Carrey|46/100|[from] drain|[of] p2a: Ogerpon
|faint|p2a: Ogerpon
|
|upkeep
|
|t:|1779717536
|switch|p2a: Kyurem|Kyurem, tera:Ground|50/100
|-ability|p2a: Kyurem|Pressure
|turn|27
|
|t:|1779717539
|move|p1a: Jim Carrey|Horn Leech|p2a: Kyurem
|-supereffective|p2a: Kyurem
|-damage|p2a: Kyurem|0 fnt
|-heal|p1a: Jim Carrey|79/100|[from] drain|[of] p2a: Kyurem
|faint|p2a: Kyurem
|
|upkeep
|-message|Naro51 forfeited.
|
|win|el choro 37
|raw|el choro 37's rating: 1496 &rarr; <strong>1512</strong><br />(+16 for winning)
|raw|Naro51's rating: 1417 &rarr; <strong>1401</strong><br />(-16 for losing)
|l|☆Naro51
|player|p2|
