|j|☆erjtsers
|j|☆Boxed by Po
|t:|1779656045
|gametype|singles
|player|p1|erjtsers|pokemonbreeder|1590
|player|p2|Boxed by Po|firebreather|1519
|gen|9
|tier|[Gen 9] OU
|rated|
|rule|HP Percentage Mod: HP is shown in percentages
|rule|Endless Battle Clause: Forcing endless battles is banned
|rule|Species Clause: Limit one of each Pokémon
|rule|OHKO Clause: OHKO moves are banned
|rule|Evasion Items Clause: Evasion items are banned
|rule|Evasion Moves Clause: Evasion moves are banned
|rule|Evasion Abilities Clause: Evasion abilities are banned
|rule|Sleep Moves Clause: Sleep-inducing moves are banned
|clearpoke
|poke|p1|Toxapex, F|
|poke|p1|Corviknight, M|
|poke|p1|Dondozo, F|
|poke|p1|Clefable, F|
|poke|p1|Gliscor, M|
|poke|p1|Clodsire, M|
|poke|p2|Cinderace, M|
|poke|p2|Mandibuzz, F|
|poke|p2|Kyurem|
|poke|p2|Ting-Lu|
|poke|p2|Latias, F|
|poke|p2|Kingambit, M|
|teampreview
|inactive|Battle timer is ON: inactive players will automatically lose when time's up. (requested by Boxed by Po)
|
|t:|1779656055
|teamsize|p1|6
|teamsize|p2|6
|start
|switch|p1a: Clefable|Clefable, F|100/100
|switch|p2a: Big Bird|Mandibuzz, F, shiny|100/100
|turn|1
|
|t:|1779656060
|move|p2a: Big Bird|Toxic|p1a: Clefable
|-status|p1a: Clefable|tox
|move|p1a: Clefable|Knock Off|p2a: Big Bird
|-resisted|p2a: Big Bird
|-damage|p2a: Big Bird|96/100
|-enditem|p2a: Big Bird|Rocky Helmet|[from] move: Knock Off|[of] p1a: Clefable
|
|upkeep
|turn|2
|
|t:|1779656072
|switch|p2a: Cinderace|Cinderace, M|100/100
|move|p1a: Clefable|Knock Off|p2a: Cinderace
|-damage|p2a: Cinderace|81/100
|-enditem|p2a: Cinderace|Charcoal|[from] move: Knock Off|[of] p1a: Clefable
|
|upkeep
|turn|3
|
|t:|1779656079
|move|p2a: Cinderace|Pyro Ball|p1a: Clefable
|-damage|p1a: Clefable|59/100 tox
|move|p1a: Clefable|Stealth Rock|p2a: Cinderace
|-sidestart|p2: Boxed by Po|move: Stealth Rock
|
|upkeep
|turn|4
|
|t:|1779656083
|move|p2a: Cinderace|Court Change|p2a: Cinderace
|-start|p2a: Cinderace|typechange|Normal|[from] ability: Libero
|-swapsideconditions
|-activate|p2a: Cinderace|move: Court Change
|move|p1a: Clefable|Moonlight|p1a: Clefable
|-heal|p1a: Clefable|100/100 tox
|
|upkeep
|turn|5
|
|t:|1779656096
|switch|p2a: Tingle|Ting-Lu|100/100
|-ability|p2a: Tingle|Vessel of Ruin
|move|p1a: Clefable|Stealth Rock|p2a: Tingle
|-sidestart|p2: Boxed by Po|move: Stealth Rock
|
|upkeep
|turn|6
|
|t:|1779656098
|move|p1a: Clefable|Knock Off|p2a: Tingle
|-resisted|p2a: Tingle
|-damage|p2a: Tingle|96/100
|-enditem|p2a: Tingle|Weakness Policy|[from] move: Knock Off|[of] p1a: Clefable
|move|p2a: Tingle|Heavy Slam|p1a: Clefable
|-supereffective|p1a: Clefable
|-damage|p1a: Clefable|43/100 tox
|
|-damage|p2a: Tingle|84/100|[from] item: Sticky Barb
|upkeep
|turn|7
|
|t:|1779656109
|switch|p1a: Corviknight|Corviknight, M|100/100
|-damage|p1a: Corviknight|88/100|[from] Stealth Rock
|-ability|p1a: Corviknight|Pressure
|move|p2a: Tingle|Earthquake|p1a: Corviknight
|-immune|p1a: Corviknight
|
|-heal|p1a: Corviknight|94/100|[from] item: Leftovers
|-damage|p2a: Tingle|71/100|[from] item: Sticky Barb
|upkeep
|turn|8
|
|t:|1779656113
|move|p1a: Corviknight|Defog|p2a: Tingle
|-unboost|p2a: Tingle|evasion|1
|-sideend|p2: Boxed by Po|Stealth Rock|[from] move: Defog|[of] p1a: Corviknight
|-sideend|p1: erjtsers|Stealth Rock|[from] move: Defog|[of] p1a: Corviknight
|move|p2a: Tingle|Stone Edge|p1a: Corviknight
|-damage|p1a: Corviknight|64/100
|
|-heal|p1a: Corviknight|70/100|[from] item: Leftovers
|-damage|p2a: Tingle|59/100|[from] item: Sticky Barb
|upkeep
|turn|9
|
|t:|1779656118
|move|p1a: Corviknight|Protect|p1a: Corviknight
|-singleturn|p1a: Corviknight|Protect
|move|p2a: Tingle|Stealth Rock|p1a: Corviknight
|-sidestart|p1: erjtsers|move: Stealth Rock
|
|-heal|p1a: Corviknight|76/100|[from] item: Leftovers
|-damage|p2a: Tingle|47/100|[from] item: Sticky Barb
|upkeep
|turn|10
|
|t:|1779656143
|switch|p2a: Cinderace|Cinderace, M|81/100
|move|p1a: Corviknight|Defog|p2a: Cinderace
|-unboost|p2a: Cinderace|evasion|1
|-sideend|p1: erjtsers|Stealth Rock|[from] move: Defog|[of] p1a: Corviknight
|
|-heal|p1a: Corviknight|83/100|[from] item: Leftovers
|upkeep
|turn|11
|
|t:|1779656149
|move|p1a: Corviknight|Protect|p1a: Corviknight
|-singleturn|p1a: Corviknight|Protect
|move|p2a: Cinderace|U-turn|p1a: Corviknight
|-start|p2a: Cinderace|typechange|Bug|[from] ability: Libero
|-activate|p1a: Corviknight|move: Protect
|
|-heal|p1a: Corviknight|89/100|[from] item: Leftovers
|upkeep
|turn|12
|
|t:|1779656154
|switch|p1a: Toxapex|Toxapex, F|100/100
|move|p2a: Cinderace|U-turn|p1a: Toxapex
|-resisted|p1a: Toxapex
|-damage|p1a: Toxapex|90/100
|
|t:|1779656157
|switch|p2a: Tingle|Ting-Lu|47/100|[from] U-turn
|-ability|p2a: Tingle|Vessel of Ruin
|
|-heal|p1a: Toxapex|96/100|[from] item: Leftovers
|-damage|p2a: Tingle|34/100|[from] item: Sticky Barb
|upkeep
|turn|13
|
|t:|1779656165
|move|p1a: Toxapex|Baneful Bunker|p1a: Toxapex
|-singleturn|p1a: Toxapex|move: Protect
|move|p2a: Tingle|Stealth Rock|p1a: Toxapex
|-sidestart|p1: erjtsers|move: Stealth Rock
|
|-heal|p1a: Toxapex|100/100|[from] item: Leftovers
|-damage|p2a: Tingle|22/100|[from] item: Sticky Barb
|upkeep
|turn|14
|
|t:|1779656172
|switch|p1a: Corviknight|Corviknight, M|89/100
|-damage|p1a: Corviknight|76/100|[from] Stealth Rock
|-ability|p1a: Corviknight|Pressure
|move|p2a: Tingle|Stone Edge|p1a: Corviknight
|-damage|p1a: Corviknight|48/100
|
|-heal|p1a: Corviknight|54/100|[from] item: Leftovers
|-damage|p2a: Tingle|10/100|[from] item: Sticky Barb
|upkeep
|turn|15
|
|t:|1779656175
|move|p1a: Corviknight|Roost|p1a: Corviknight
|-heal|p1a: Corviknight|100/100
|-singleturn|p1a: Corviknight|move: Roost
|move|p2a: Tingle|Earthquake|p1a: Corviknight
|-supereffective|p1a: Corviknight
|-damage|p1a: Corviknight|16/100
|
|-heal|p1a: Corviknight|22/100|[from] item: Leftovers
|-damage|p2a: Tingle|0 fnt|[from] item: Sticky Barb
|faint|p2a: Tingle
|upkeep
|
|t:|1779656180
|switch|p2a: Kyurem|Kyurem|100/100
|-ability|p2a: Kyurem|Pressure
|turn|16
|
|t:|1779656182
|move|p1a: Corviknight|Protect|p1a: Corviknight
|-singleturn|p1a: Corviknight|Protect
|move|p2a: Kyurem|Freeze-Dry|p1a: Corviknight
|-activate|p1a: Corviknight|move: Protect
|
|-heal|p1a: Corviknight|28/100|[from] item: Leftovers
|upkeep
|turn|17
|
|t:|1779656190
|-terastallize|p1a: Corviknight|Ice
|move|p2a: Kyurem|Freeze-Dry|p1a: Corviknight
|-resisted|p1a: Corviknight
|-damage|p1a: Corviknight|16/100
|move|p1a: Corviknight|Roost|p1a: Corviknight
|-heal|p1a: Corviknight|66/100
|
|-heal|p1a: Corviknight|72/100|[from] item: Leftovers
|upkeep
|turn|18
|
|t:|1779656196
|switch|p2a: Cinderace|Cinderace, M|81/100
|move|p1a: Corviknight|Defog|p2a: Cinderace
|-unboost|p2a: Cinderace|evasion|1
|-sideend|p1: erjtsers|Stealth Rock|[from] move: Defog|[of] p1a: Corviknight
|
|-heal|p1a: Corviknight|78/100|[from] item: Leftovers
|upkeep
|turn|19
|
|t:|1779656199
|move|p1a: Corviknight|Protect|p1a: Corviknight
|-singleturn|p1a: Corviknight|Protect
|move|p2a: Cinderace|Pyro Ball|p1a: Corviknight
|-activate|p1a: Corviknight|move: Protect
|
|-heal|p1a: Corviknight|84/100|[from] item: Leftovers
|upkeep
|turn|20
|
|t:|1779656204
|switch|p1a: Toxapex|Toxapex, F|100/100
|move|p2a: Cinderace|High Jump Kick|p1a: Toxapex
|-start|p2a: Cinderace|typechange|Fighting|[from] ability: Libero
|-resisted|p1a: Toxapex
|-damage|p1a: Toxapex|81/100
|
|-heal|p1a: Toxapex|87/100|[from] item: Leftovers
|upkeep
|turn|21
|
|t:|1779656208
|move|p2a: Cinderace|U-turn|p1a: Toxapex
|-resisted|p1a: Toxapex
|-damage|p1a: Toxapex|79/100
|
|t:|1779656214
|switch|p2a: Big Bird|Mandibuzz, F, shiny|96/100|[from] U-turn
|move|p1a: Toxapex|Infestation|p2a: Big Bird
|-damage|p2a: Big Bird|94/100
|-activate|p2a: Big Bird|move: Infestation|[of] p1a: Toxapex
|
|-heal|p1a: Toxapex|85/100|[from] item: Leftovers
|-damage|p2a: Big Bird|82/100|[from] move: Infestation|[partiallytrapped]
|upkeep
|turn|22
|
|t:|1779656219
|move|p2a: Big Bird|Foul Play|p1a: Toxapex
|-damage|p1a: Toxapex|70/100
|move|p1a: Toxapex|Poison Jab|p2a: Big Bird
|-damage|p2a: Big Bird|71/100
|
|-heal|p1a: Toxapex|76/100|[from] item: Leftovers
|-damage|p2a: Big Bird|58/100|[from] move: Infestation|[partiallytrapped]
|upkeep
|turn|23
|
|t:|1779656222
|move|p1a: Toxapex|Baneful Bunker|p1a: Toxapex
|-singleturn|p1a: Toxapex|move: Protect
|move|p2a: Big Bird|Roost|p2a: Big Bird
|-heal|p2a: Big Bird|100/100
|-singleturn|p2a: Big Bird|move: Roost
|
|-heal|p1a: Toxapex|82/100|[from] item: Leftovers
|-damage|p2a: Big Bird|88/100|[from] move: Infestation|[partiallytrapped]
|upkeep
|turn|24
|
|t:|1779656226
|move|p2a: Big Bird|Foul Play|p1a: Toxapex
|-damage|p1a: Toxapex|66/100
|move|p1a: Toxapex|Poison Jab|p2a: Big Bird
|-damage|p2a: Big Bird|77/100
|
|-heal|p1a: Toxapex|73/100|[from] item: Leftovers
|-damage|p2a: Big Bird|65/100|[from] move: Infestation|[partiallytrapped]
|upkeep
|turn|25
|
|t:|1779656231
|move|p2a: Big Bird|Roost|p2a: Big Bird
|-heal|p2a: Big Bird|100/100
|-singleturn|p2a: Big Bird|move: Roost
|move|p1a: Toxapex|Poison Jab|p2a: Big Bird
|-damage|p2a: Big Bird|90/100
|
|-heal|p1a: Toxapex|79/100|[from] item: Leftovers
|-end|p2a: Big Bird|Infestation|[partiallytrapped]
|upkeep
|turn|26
|
|t:|1779656245
|switch|p2a: Kyurem|Kyurem|100/100
|-ability|p2a: Kyurem|Pressure
|move|p1a: Toxapex|Poison Jab|p2a: Kyurem
|-damage|p2a: Kyurem|83/100
|
|-heal|p1a: Toxapex|85/100|[from] item: Leftovers
|upkeep
|turn|27
|
|t:|1779656252
|move|p1a: Toxapex|Baneful Bunker|p1a: Toxapex
|-singleturn|p1a: Toxapex|move: Protect
|move|p2a: Kyurem|Earth Power|p1a: Toxapex
|-activate|p1a: Toxapex|move: Protect
|
|-heal|p1a: Toxapex|91/100|[from] item: Leftovers
|upkeep
|turn|28
|
|t:|1779656259
|switch|p2a: Cinderace|Cinderace, M|81/100
|switch|p1a: Gliscor|Gliscor, M|100/100
|
|-status|p1a: Gliscor|tox|[from] item: Toxic Orb
|upkeep
|turn|29
|
|t:|1779656262
|move|p2a: Cinderace|Pyro Ball|p1a: Gliscor
|-damage|p1a: Gliscor|60/100 tox
|move|p1a: Gliscor|Toxic|p2a: Cinderace
|-status|p2a: Cinderace|tox
|
|-damage|p2a: Cinderace|75/100 tox|[from] psn
|-heal|p1a: Gliscor|73/100 tox|[from] ability: Poison Heal
|upkeep
|turn|30
|
|t:|1779656266
|move|p1a: Gliscor|Protect|p1a: Gliscor
|-singleturn|p1a: Gliscor|Protect
|move|p2a: Cinderace|Pyro Ball|p1a: Gliscor
|-activate|p1a: Gliscor|move: Protect
|
|-damage|p2a: Cinderace|63/100 tox|[from] psn
|-heal|p1a: Gliscor|85/100 tox|[from] ability: Poison Heal
|upkeep
|turn|31
|
|t:|1779656272
|switch|p1a: Toxapex|Toxapex, F|100/100
|move|p2a: Cinderace|Pyro Ball|p1a: Toxapex
|-resisted|p1a: Toxapex
|-damage|p1a: Toxapex|82/100
|-status|p1a: Toxapex|brn
|
|-heal|p1a: Toxapex|88/100 brn|[from] item: Leftovers
|-damage|p2a: Cinderace|45/100 tox|[from] psn
|-damage|p1a: Toxapex|82/100 brn|[from] brn
|upkeep
|turn|32
|
|t:|1779656282
|switch|p2a: Kyurem|Kyurem|83/100
|-ability|p2a: Kyurem|Pressure
|move|p1a: Toxapex|Infestation|p2a: Kyurem
|-damage|p2a: Kyurem|81/100
|-activate|p2a: Kyurem|move: Infestation|[of] p1a: Toxapex
|
|-heal|p1a: Toxapex|88/100 brn|[from] item: Leftovers
|-damage|p1a: Toxapex|82/100 brn|[from] brn
|-damage|p2a: Kyurem|69/100|[from] move: Infestation|[partiallytrapped]
|upkeep
|turn|33
|
|t:|1779656289
|move|p1a: Toxapex|Baneful Bunker|p1a: Toxapex
|-singleturn|p1a: Toxapex|move: Protect
|move|p2a: Kyurem|Freeze-Dry|p1a: Toxapex
|-activate|p1a: Toxapex|move: Protect
|
|-heal|p1a: Toxapex|88/100 brn|[from] item: Leftovers
|-damage|p1a: Toxapex|82/100 brn|[from] brn
|-damage|p2a: Kyurem|56/100|[from] move: Infestation|[partiallytrapped]
|upkeep
|turn|34
|
|t:|1779656294
|switch|p1a: Corviknight|Corviknight, M, tera:Ice|84/100
|-ability|p1a: Corviknight|Pressure
|move|p2a: Kyurem|Freeze-Dry|p1a: Corviknight
|-resisted|p1a: Corviknight
|-damage|p1a: Corviknight|72/100
|
|-heal|p1a: Corviknight|79/100|[from] item: Leftovers
|-end|p2a: Kyurem|Infestation|[partiallytrapped]|[silent]
|upkeep
|turn|35
|
|t:|1779656297
|switch|p2a: Cinderace|Cinderace, M|45/100 tox
|move|p1a: Corviknight|Brave Bird|p2a: Cinderace
|-damage|p2a: Cinderace|0 fnt
|faint|p2a: Cinderace
|-damage|p1a: Corviknight|68/100|[from] Recoil
|
|-heal|p1a: Corviknight|74/100|[from] item: Leftovers
|upkeep
|
|t:|1779656317
|switch|p2a: Big Bird|Mandibuzz, F, shiny|90/100
|turn|36
|
|t:|1779656320
|switch|p1a: Toxapex|Toxapex, F|100/100 brn
|move|p2a: Big Bird|Toxic||[still]
|-fail|p2a: Big Bird
|
|-damage|p1a: Toxapex|94/100 brn|[from] brn
|upkeep
|turn|37
|
|t:|1779656326
|move|p2a: Big Bird|Foul Play|p1a: Toxapex
|-damage|p1a: Toxapex|78/100 brn
|move|p1a: Toxapex|Infestation|p2a: Big Bird
|-damage|p2a: Big Bird|88/100
|-activate|p2a: Big Bird|move: Infestation|[of] p1a: Toxapex
|
|-heal|p1a: Toxapex|85/100 brn|[from] item: Leftovers
|-damage|p1a: Toxapex|78/100 brn|[from] brn
|-damage|p2a: Big Bird|75/100|[from] move: Infestation|[partiallytrapped]
|upkeep
|turn|38
|
|t:|1779656329
|move|p2a: Big Bird|Foul Play|p1a: Toxapex
|-damage|p1a: Toxapex|63/100 brn
|move|p1a: Toxapex|Poison Jab|p2a: Big Bird
|-damage|p2a: Big Bird|70/100
|-status|p2a: Big Bird|psn
|
|-heal|p1a: Toxapex|70/100 brn|[from] item: Leftovers
|-damage|p2a: Big Bird|58/100 psn|[from] psn
|-damage|p1a: Toxapex|63/100 brn|[from] brn
|-damage|p2a: Big Bird|45/100 psn|[from] move: Infestation|[partiallytrapped]
|upkeep
|turn|39
|
|t:|1779656332
|move|p2a: Big Bird|Roost|p2a: Big Bird
|-heal|p2a: Big Bird|95/100 psn
|-singleturn|p2a: Big Bird|move: Roost
|move|p1a: Toxapex|Poison Jab|p2a: Big Bird
|-damage|p2a: Big Bird|90/100 psn
|
|-heal|p1a: Toxapex|70/100 brn|[from] item: Leftovers
|-damage|p2a: Big Bird|77/100 psn|[from] psn
|-damage|p1a: Toxapex|63/100 brn|[from] brn
|-damage|p2a: Big Bird|65/100 psn|[from] move: Infestation|[partiallytrapped]
|upkeep
|turn|40
|
|t:|1779656335
|move|p2a: Big Bird|Roost|p2a: Big Bird
|-heal|p2a: Big Bird|100/100 psn
|-singleturn|p2a: Big Bird|move: Roost
|move|p1a: Toxapex|Recover|p1a: Toxapex
|-heal|p1a: Toxapex|100/100 brn
|
|-damage|p2a: Big Bird|88/100 psn|[from] psn
|-damage|p1a: Toxapex|94/100 brn|[from] brn
|-damage|p2a: Big Bird|76/100 psn|[from] move: Infestation|[partiallytrapped]
|upkeep
|turn|41
|
|t:|1779656338
|move|p1a: Toxapex|Baneful Bunker|p1a: Toxapex
|-singleturn|p1a: Toxapex|move: Protect
|move|p2a: Big Bird|Foul Play|p1a: Toxapex
|-activate|p1a: Toxapex|move: Protect
|
|-heal|p1a: Toxapex|100/100 brn|[from] item: Leftovers
|-damage|p2a: Big Bird|64/100 psn|[from] psn
|-damage|p1a: Toxapex|94/100 brn|[from] brn
|-end|p2a: Big Bird|Infestation|[partiallytrapped]
|upkeep
|turn|42
|
|t:|1779656340
|move|p2a: Big Bird|Roost|p2a: Big Bird
|-heal|p2a: Big Bird|100/100 psn
|-singleturn|p2a: Big Bird|move: Roost
|move|p1a: Toxapex|Infestation|p2a: Big Bird
|-supereffective|p2a: Big Bird
|-damage|p2a: Big Bird|96/100 psn
|-activate|p2a: Big Bird|move: Infestation|[of] p1a: Toxapex
|
|-heal|p1a: Toxapex|100/100 brn|[from] item: Leftovers
|-damage|p2a: Big Bird|84/100 psn|[from] psn
|-damage|p1a: Toxapex|94/100 brn|[from] brn
|-damage|p2a: Big Bird|72/100 psn|[from] move: Infestation|[partiallytrapped]
|upkeep
|turn|43
|
|t:|1779656344
|move|p2a: Big Bird|Foul Play|p1a: Toxapex
|-damage|p1a: Toxapex|79/100 brn
|move|p1a: Toxapex|Poison Jab|p2a: Big Bird
|-damage|p2a: Big Bird|66/100 psn
|
|-heal|p1a: Toxapex|85/100 brn|[from] item: Leftovers
|-damage|p2a: Big Bird|54/100 psn|[from] psn
|-damage|p1a: Toxapex|79/100 brn|[from] brn
|-damage|p2a: Big Bird|41/100 psn|[from] move: Infestation|[partiallytrapped]
|upkeep
|turn|44
|
|t:|1779656346
|move|p2a: Big Bird|Roost|p2a: Big Bird
|-heal|p2a: Big Bird|91/100 psn
|-singleturn|p2a: Big Bird|move: Roost
|move|p1a: Toxapex|Poison Jab|p2a: Big Bird
|-damage|p2a: Big Bird|86/100 psn
|
|-heal|p1a: Toxapex|85/100 brn|[from] item: Leftovers
|-damage|p2a: Big Bird|73/100 psn|[from] psn
|-damage|p1a: Toxapex|79/100 brn|[from] brn
|-damage|p2a: Big Bird|61/100 psn|[from] move: Infestation|[partiallytrapped]
|upkeep
|turn|45
|
|t:|1779656350
|move|p2a: Big Bird|Roost|p2a: Big Bird
|-heal|p2a: Big Bird|100/100 psn
|-singleturn|p2a: Big Bird|move: Roost
|move|p1a: Toxapex|Poison Jab|p2a: Big Bird
|-damage|p2a: Big Bird|95/100 psn
|
|-heal|p1a: Toxapex|85/100 brn|[from] item: Leftovers
|-damage|p2a: Big Bird|82/100 psn|[from] psn
|-damage|p1a: Toxapex|79/100 brn|[from] brn
|-damage|p2a: Big Bird|70/100 psn|[from] move: Infestation|[partiallytrapped]
|upkeep
|turn|46
|c|☆Boxed by Po|stall ):
|
|t:|1779656359
|move|p2a: Big Bird|Roost|p2a: Big Bird
|-heal|p2a: Big Bird|100/100 psn
|-singleturn|p2a: Big Bird|move: Roost
|move|p1a: Toxapex|Infestation|p2a: Big Bird
|-supereffective|p2a: Big Bird
|-damage|p2a: Big Bird|96/100 psn
|
|-heal|p1a: Toxapex|85/100 brn|[from] item: Leftovers
|-damage|p2a: Big Bird|83/100 psn|[from] psn
|-damage|p1a: Toxapex|79/100 brn|[from] brn
|-end|p2a: Big Bird|Infestation|[partiallytrapped]
|upkeep
|turn|47
|c|☆erjtsers|stall (:
|
|t:|1779656377
|move|p2a: Big Bird|Foul Play|p1a: Toxapex
|-damage|p1a: Toxapex|65/100 brn
|move|p1a: Toxapex|Infestation|p2a: Big Bird
|-damage|p2a: Big Bird|81/100 psn
|-activate|p2a: Big Bird|move: Infestation|[of] p1a: Toxapex
|
|-heal|p1a: Toxapex|71/100 brn|[from] item: Leftovers
|-damage|p2a: Big Bird|69/100 psn|[from] psn
|-damage|p1a: Toxapex|65/100 brn|[from] brn
|-damage|p2a: Big Bird|56/100 psn|[from] move: Infestation|[partiallytrapped]
|upkeep
|turn|48
|
|t:|1779656391
|move|p2a: Big Bird|Foul Play|p1a: Toxapex
|-damage|p1a: Toxapex|51/100 brn
|move|p1a: Toxapex|Recover|p1a: Toxapex
|-heal|p1a: Toxapex|100/100 brn
|
|-damage|p2a: Big Bird|44/100 psn|[from] psn
|-damage|p1a: Toxapex|94/100 brn|[from] brn
|-damage|p2a: Big Bird|32/100 psn|[from] move: Infestation|[partiallytrapped]
|upkeep
|turn|49
|c|☆Boxed by Po|you must have alot of free time
|
|t:|1779656396
|move|p1a: Toxapex|Baneful Bunker|p1a: Toxapex
|-singleturn|p1a: Toxapex|move: Protect
|move|p2a: Big Bird|Foul Play|p1a: Toxapex
|-activate|p1a: Toxapex|move: Protect
|
|-heal|p1a: Toxapex|100/100 brn|[from] item: Leftovers
|-damage|p2a: Big Bird|19/100 psn|[from] psn
|-damage|p1a: Toxapex|94/100 brn|[from] brn
|-damage|p2a: Big Bird|7/100 psn|[from] move: Infestation|[partiallytrapped]
|upkeep
|turn|50
|c|☆erjtsers|maybe'
|
|t:|1779656407
|move|p2a: Big Bird|Foul Play|p1a: Toxapex
|-damage|p1a: Toxapex|79/100 brn
|move|p1a: Toxapex|Poison Jab|p2a: Big Bird
|-damage|p2a: Big Bird|2/100 psn
|
|-heal|p1a: Toxapex|86/100 brn|[from] item: Leftovers
|-damage|p2a: Big Bird|0 fnt|[from] psn
|faint|p2a: Big Bird
|-damage|p1a: Toxapex|79/100 brn|[from] brn
|upkeep
|
|t:|1779656414
|switch|p2a: Latias|Latias, F, shiny|100/100
|turn|51
|
|t:|1779656422
|move|p2a: Latias|Calm Mind|p2a: Latias
|-boost|p2a: Latias|spa|1
|-boost|p2a: Latias|spd|1
|move|p1a: Toxapex|Poison Jab|p2a: Latias
|-damage|p2a: Latias|90/100
|-status|p2a: Latias|psn
|
|-heal|p1a: Toxapex|86/100 brn|[from] item: Leftovers
|-damage|p2a: Latias|78/100 psn|[from] psn
|-damage|p1a: Toxapex|79/100 brn|[from] brn
|upkeep
|turn|52
|
|t:|1779656429
|switch|p1a: Clodsire|Clodsire, M|100/100
|move|p2a: Latias|Calm Mind|p2a: Latias
|-boost|p2a: Latias|spa|1
|-boost|p2a: Latias|spd|1
|
|-damage|p2a: Latias|66/100 psn|[from] psn
|upkeep
|turn|53
|
|t:|1779656436
|move|p2a: Latias|Calm Mind|p2a: Latias
|-boost|p2a: Latias|spa|1
|-boost|p2a: Latias|spd|1
|move|p1a: Clodsire|Poison Jab|p2a: Latias
|-damage|p2a: Latias|45/100 psn
|
|-damage|p2a: Latias|32/100 psn|[from] psn
|upkeep
|turn|54
|
|t:|1779656438
|move|p2a: Latias|Stored Power|p1a: Clodsire
|-supereffective|p1a: Clodsire
|-damage|p1a: Clodsire|22/100
|move|p1a: Clodsire|Poison Jab|p2a: Latias
|-damage|p2a: Latias|9/100 psn
|
|-damage|p2a: Latias|0 fnt|[from] psn
|faint|p2a: Latias
|upkeep
|
|t:|1779656444
|switch|p2a: Kyurem|Kyurem|56/100
|-ability|p2a: Kyurem|Pressure
|turn|55
|
|t:|1779656448
|switch|p1a: Corviknight|Corviknight, M, tera:Ice|74/100
|-ability|p1a: Corviknight|Pressure
|move|p2a: Kyurem|Draco Meteor|p1a: Corviknight
|-damage|p1a: Corviknight|27/100
|-unboost|p2a: Kyurem|spa|2
|
|-heal|p1a: Corviknight|33/100|[from] item: Leftovers
|upkeep
|turn|56
|
|t:|1779656451
|move|p1a: Corviknight|Protect|p1a: Corviknight
|-singleturn|p1a: Corviknight|Protect
|move|p2a: Kyurem|Draco Meteor|p1a: Corviknight
|-activate|p1a: Corviknight|move: Protect
|
|-heal|p1a: Corviknight|40/100|[from] item: Leftovers
|upkeep
|turn|57
|
|t:|1779656454
|switch|p2a: Kingambit|Kingambit, M, shiny|100/100
|-activate|p2a: Kingambit|ability: Supreme Overlord
|-start|p2a: Kingambit|fallen4|[silent]
|move|p1a: Corviknight|Roost|p1a: Corviknight
|-heal|p1a: Corviknight|90/100
|
|-heal|p1a: Corviknight|96/100|[from] item: Leftovers
|upkeep
|turn|58
|
|t:|1779656463
|switch|p1a: Clefable|Clefable, F|43/100 tox
|move|p2a: Kingambit|Swords Dance|p2a: Kingambit
|-boost|p2a: Kingambit|atk|2
|
|upkeep
|turn|59
|
|t:|1779656466
|move|p1a: Clefable|Stealth Rock|p2a: Kingambit
|-sidestart|p2: Boxed by Po|move: Stealth Rock
|move|p2a: Kingambit|Iron Head|p1a: Clefable
|-supereffective|p1a: Clefable
|-damage|p1a: Clefable|0 fnt
|faint|p1a: Clefable
|
|upkeep
|
|t:|1779656469
|switch|p1a: Dondozo|Dondozo, F|100/100
|turn|60
|
|t:|1779656476
|-end|p2a: Kingambit|fallen4|[silent]
|switch|p2a: Kyurem|Kyurem|56/100
|-damage|p2a: Kyurem|31/100|[from] Stealth Rock
|-ability|p2a: Kyurem|Pressure
|move|p1a: Dondozo|Curse|p1a: Dondozo
|-unboost|p1a: Dondozo|spe|1
|-boost|p1a: Dondozo|atk|1
|-boost|p1a: Dondozo|def|1
|
|upkeep
|turn|61
|
|t:|1779656480
|switch|p2a: Kingambit|Kingambit, M, shiny|100/100
|-damage|p2a: Kingambit|94/100|[from] Stealth Rock
|-activate|p2a: Kingambit|ability: Supreme Overlord
|-start|p2a: Kingambit|fallen4|[silent]
|switch|p1a: Corviknight|Corviknight, M, tera:Ice|96/100
|-ability|p1a: Corviknight|Pressure
|
|-heal|p1a: Corviknight|100/100|[from] item: Leftovers
|-heal|p2a: Kingambit|100/100|[from] item: Leftovers
|upkeep
|turn|62
|
|t:|1779656483
|switch|p1a: Dondozo|Dondozo, F|100/100
|move|p2a: Kingambit|Swords Dance|p2a: Kingambit
|-boost|p2a: Kingambit|atk|2
|
|upkeep
|turn|63
|
|t:|1779656485
|move|p2a: Kingambit|Iron Head|p1a: Dondozo
|-resisted|p1a: Dondozo
|-damage|p1a: Dondozo|87/100
|cant|p1a: Dondozo|flinch
|
|-heal|p1a: Dondozo|93/100|[from] item: Leftovers
|upkeep
|turn|64
|
|t:|1779656490
|move|p2a: Kingambit|Brick Break|p1a: Dondozo
|-damage|p1a: Dondozo|73/100
|move|p1a: Dondozo|Waterfall|p2a: Kingambit
|-damage|p2a: Kingambit|81/100
|
|-heal|p2a: Kingambit|87/100|[from] item: Leftovers
|-heal|p1a: Dondozo|79/100|[from] item: Leftovers
|upkeep
|turn|65
|
|t:|1779656494
|move|p2a: Kingambit|Iron Head|p1a: Dondozo
|-resisted|p1a: Dondozo
|-damage|p1a: Dondozo|66/100
|move|p1a: Dondozo|Curse|p1a: Dondozo
|-unboost|p1a: Dondozo|spe|1
|-boost|p1a: Dondozo|atk|1
|-boost|p1a: Dondozo|def|1
|
|-heal|p2a: Kingambit|93/100|[from] item: Leftovers
|-heal|p1a: Dondozo|72/100|[from] item: Leftovers
|upkeep
|turn|66
|
|t:|1779656500
|-end|p2a: Kingambit|fallen4|[silent]
|switch|p2a: Kyurem|Kyurem|31/100
|-damage|p2a: Kyurem|7/100|[from] Stealth Rock
|-ability|p2a: Kyurem|Pressure
|move|p1a: Dondozo|Waterfall|p2a: Kyurem
|-resisted|p2a: Kyurem
|-damage|p2a: Kyurem|0 fnt
|faint|p2a: Kyurem
|
|-heal|p1a: Dondozo|78/100|[from] item: Leftovers
|upkeep
|
|t:|1779656502
|switch|p2a: Kingambit|Kingambit, M, shiny|93/100
|-damage|p2a: Kingambit|87/100|[from] Stealth Rock
|-activate|p2a: Kingambit|ability: Supreme Overlord
|-start|p2a: Kingambit|fallen5|[silent]
|turn|67
|
|t:|1779656504
|move|p2a: Kingambit|Swords Dance|p2a: Kingambit
|-boost|p2a: Kingambit|atk|2
|move|p1a: Dondozo|Curse|p1a: Dondozo
|-unboost|p1a: Dondozo|spe|1
|-boost|p1a: Dondozo|atk|1
|-boost|p1a: Dondozo|def|1
|
|-heal|p2a: Kingambit|93/100|[from] item: Leftovers
|-heal|p1a: Dondozo|84/100|[from] item: Leftovers
|upkeep
|turn|68
|
|t:|1779656511
|move|p2a: Kingambit|Iron Head|p1a: Dondozo
|-resisted|p1a: Dondozo
|-crit|p1a: Dondozo
|-damage|p1a: Dondozo|63/100
|move|p1a: Dondozo|Curse|p1a: Dondozo
|-unboost|p1a: Dondozo|spe|1
|-boost|p1a: Dondozo|atk|1
|-boost|p1a: Dondozo|def|1
|
|-heal|p2a: Kingambit|99/100|[from] item: Leftovers
|-heal|p1a: Dondozo|69/100|[from] item: Leftovers
|upkeep
|turn|69
|
|t:|1779656515
|move|p2a: Kingambit|Brick Break|p1a: Dondozo
|-damage|p1a: Dondozo|61/100
|move|p1a: Dondozo|Curse|p1a: Dondozo
|-unboost|p1a: Dondozo|spe|1
|-boost|p1a: Dondozo|atk|1
|-boost|p1a: Dondozo|def|1
|
|-heal|p2a: Kingambit|100/100|[from] item: Leftovers
|-heal|p1a: Dondozo|67/100|[from] item: Leftovers
|upkeep
|turn|70
|
|t:|1779656519
|move|p2a: Kingambit|Brick Break|p1a: Dondozo
|-damage|p1a: Dondozo|60/100
|move|p1a: Dondozo|Curse|p1a: Dondozo
|-unboost|p1a: Dondozo|spe|1
|-boost|p1a: Dondozo|atk|1
|-boost|p1a: Dondozo|def|1
|
|-heal|p1a: Dondozo|66/100|[from] item: Leftovers
|upkeep
|turn|71
|
|t:|1779656524
|move|p2a: Kingambit|Brick Break|p1a: Dondozo
|-damage|p1a: Dondozo|60/100
|move|p1a: Dondozo|Waterfall|p2a: Kingambit
|-damage|p2a: Kingambit|35/100
|
|-heal|p2a: Kingambit|41/100|[from] item: Leftovers
|-heal|p1a: Dondozo|67/100|[from] item: Leftovers
|upkeep
|turn|72
|c|☆erjtsers|gg
|c|☆Boxed by Po|fries in the bag
|
|t:|1779656533
|move|p2a: Kingambit|Brick Break|p1a: Dondozo
|-damage|p1a: Dondozo|61/100
|move|p1a: Dondozo|Waterfall|p2a: Kingambit
|-damage|p2a: Kingambit|0 fnt
|faint|p2a: Kingambit
|-end|p2a: Kingambit|fallen5|[silent]
|
|win|erjtsers
|raw|erjtsers's rating: 1590 &rarr; <strong>1606</strong><br />(+16 for winning)
|raw|Boxed by Po's rating: 1519 &rarr; <strong>1503</strong><br />(-16 for losing)
|l|☆Boxed by Po
|player|p2|
