|j|☆VaporeonUser
|j|☆FiiFiFoFum
|t:|1779687226
|gametype|singles
|player|p1|VaporeonUser|volkner|1561
|player|p2|FiiFiFoFum|erika-gen1rb|1617
|gen|9
|tier|[Gen 9] OU
|rated|
|rule|HP Percentage Mod: HP is shown in percentages
|rule|Endless Battle Clause: Forcing endless battles is banned
|rule|Species Clause: Limit one of each Pokémon
|rule|OHKO Clause: OHKO moves are banned
|rule|Evasion Items Clause: Evasion items are banned
|rule|Evasion Moves Clause: Evasion moves are banned
|rule|Evasion Abilities Clause: Evasion abilities are banned
|rule|Sleep Moves Clause: Sleep-inducing moves are banned
|clearpoke
|poke|p1|Walking Wake|
|poke|p1|Cinderace, M|
|poke|p1|Wo-Chien|
|poke|p1|Slither Wing|
|poke|p1|Torkoal, M|
|poke|p1|Hatterene, F|
|poke|p2|Scizor, F|
|poke|p2|Samurott-Hisui, F|
|poke|p2|Gholdengo|
|poke|p2|Landorus-Therian, M|
|poke|p2|Great Tusk|
|poke|p2|Raging Bolt|
|teampreview
|
|t:|1779687247
|teamsize|p1|6
|teamsize|p2|6
|start
|switch|p1a: Torkoal|Torkoal, M|100/100
|switch|p2a: Raging Bolt|Raging Bolt|100/100
|-weather|SunnyDay|[from] ability: Drought|[of] p1a: Torkoal
|-activate|p2a: Raging Bolt|ability: Protosynthesis
|-start|p2a: Raging Bolt|protosynthesisspa
|turn|1
|
|t:|1779687253
|switch|p1a: SlugginForLife|Wo-Chien|100/100
|-ability|p1a: SlugginForLife|Tablets of Ruin
|move|p2a: Raging Bolt|Volt Switch|p1a: SlugginForLife
|-resisted|p1a: SlugginForLife
|-damage|p1a: SlugginForLife|71/100
|
|t:|1779687258
|-end|p2a: Raging Bolt|Protosynthesis|[silent]
|switch|p2a: Landorus|Landorus-Therian, M|100/100|[from] Volt Switch
|-ability|p2a: Landorus|Intimidate|boost
|-unboost|p1a: SlugginForLife|atk|1
|
|-weather|SunnyDay|[upkeep]
|upkeep
|turn|2
|
|t:|1779687264
|switch|p1a: Slither Wing|Slither Wing|100/100
|-activate|p1a: Slither Wing|ability: Protosynthesis
|-start|p1a: Slither Wing|protosynthesisatk
|move|p2a: Landorus|Taunt|p1a: Slither Wing
|-start|p1a: Slither Wing|move: Taunt
|
|-weather|SunnyDay|[upkeep]
|upkeep
|turn|3
|
|t:|1779687275
|move|p2a: Landorus|Stealth Rock|p1a: Slither Wing
|-sidestart|p1: VaporeonUser|move: Stealth Rock
|move|p1a: Slither Wing|Temper Flare|p2a: Landorus
|-damage|p2a: Landorus|46/100
|-damage|p1a: Slither Wing|84/100|[from] item: Rocky Helmet|[of] p2a: Landorus
|
|-weather|SunnyDay|[upkeep]
|upkeep
|turn|4
|
|t:|1779687279
|move|p2a: Landorus|U-turn|p1a: Slither Wing
|-resisted|p1a: Slither Wing
|-damage|p1a: Slither Wing|70/100
|
|t:|1779687289
|switch|p2a: Raging Bolt|Raging Bolt|100/100|[from] U-turn
|-activate|p2a: Raging Bolt|ability: Protosynthesis
|-start|p2a: Raging Bolt|protosynthesisspa
|move|p1a: Slither Wing|Temper Flare|p2a: Raging Bolt
|-resisted|p2a: Raging Bolt
|-damage|p2a: Raging Bolt|73/100
|
|-weather|SunnyDay|[upkeep]
|-end|p1a: Slither Wing|move: Taunt
|upkeep
|turn|5
|
|t:|1779687295
|move|p2a: Raging Bolt|Thunderclap|p1a: Slither Wing
|-damage|p1a: Slither Wing|26/100
|move|p1a: Slither Wing|Earthquake|p2a: Raging Bolt
|-supereffective|p2a: Raging Bolt
|-damage|p2a: Raging Bolt|0 fnt
|faint|p2a: Raging Bolt
|-end|p2a: Raging Bolt|Protosynthesis|[silent]
|
|-weather|SunnyDay|[upkeep]
|upkeep
|
|t:|1779687300
|switch|p2a: Scizor|Scizor, F|100/100
|turn|6
|
|t:|1779687306
|-end|p1a: Slither Wing|Protosynthesis|[silent]
|switch|p1a: AtYaWake|Walking Wake|100/100
|-damage|p1a: AtYaWake|88/100|[from] Stealth Rock
|-activate|p1a: AtYaWake|ability: Protosynthesis
|-start|p1a: AtYaWake|protosynthesisspe
|move|p2a: Scizor|Bullet Punch|p1a: AtYaWake
|-resisted|p1a: AtYaWake
|-damage|p1a: AtYaWake|58/100
|
|-weather|SunnyDay|[upkeep]
|upkeep
|turn|7
|
|t:|1779687314
|switch|p2a: Samurott|Samurott-Hisui, F|100/100
|move|p1a: AtYaWake|Hydro Steam|p2a: Samurott
|-resisted|p2a: Samurott
|-damage|p2a: Samurott|66/100
|
|-weather|SunnyDay|[upkeep]
|upkeep
|turn|8
|
|t:|1779687324
|-end|p1a: AtYaWake|Protosynthesis|[silent]
|switch|p1a: SlugginForLife|Wo-Chien|71/100
|-damage|p1a: SlugginForLife|58/100|[from] Stealth Rock
|-ability|p1a: SlugginForLife|Tablets of Ruin
|move|p2a: Samurott|Knock Off|p1a: SlugginForLife
|-resisted|p1a: SlugginForLife
|-damage|p1a: SlugginForLife|42/100
|-enditem|p1a: SlugginForLife|Life Orb|[from] move: Knock Off|[of] p2a: Samurott
|
|-weather|none
|upkeep
|turn|9
|
|t:|1779687334
|switch|p2a: Landorus|Landorus-Therian, M|46/100
|-ability|p2a: Landorus|Intimidate|boost
|-unboost|p1a: SlugginForLife|atk|1
|move|p1a: SlugginForLife|Knock Off|p2a: Landorus
|-damage|p2a: Landorus|24/100
|-damage|p1a: SlugginForLife|26/100|[from] item: Rocky Helmet|[of] p2a: Landorus
|-enditem|p2a: Landorus|Rocky Helmet|[from] move: Knock Off|[of] p1a: SlugginForLife
|
|upkeep
|turn|10
|
|t:|1779687337
|move|p2a: Landorus|U-turn|p1a: SlugginForLife
|-supereffective|p1a: SlugginForLife
|-damage|p1a: SlugginForLife|0 fnt
|faint|p1a: SlugginForLife
|
|t:|1779687350
|switch|p2a: Gholdengo|Gholdengo|100/100|[from] U-turn
|
|upkeep
|
|t:|1779687355
|switch|p1a: Cinderace|Cinderace, M|100/100
|-damage|p1a: Cinderace|76/100|[from] Stealth Rock
|-item|p1a: Cinderace|Air Balloon
|turn|11
|
|t:|1779687368
|move|p2a: Gholdengo|Shadow Ball|p1a: Cinderace
|-damage|p1a: Cinderace|9/100
|-enditem|p1a: Cinderace|Air Balloon
|move|p1a: Cinderace|Pyro Ball|p2a: Gholdengo|[miss]
|-miss|p1a: Cinderace|p2a: Gholdengo
|
|upkeep
|turn|12
|
|t:|1779687373
|move|p2a: Gholdengo|Shadow Ball|p1a: Cinderace
|-damage|p1a: Cinderace|0 fnt
|faint|p1a: Cinderace
|
|upkeep
|
|t:|1779687375
|switch|p1a: Torkoal|Torkoal, M|100/100
|-damage|p1a: Torkoal|76/100|[from] Stealth Rock
|-weather|SunnyDay|[from] ability: Drought|[of] p1a: Torkoal
|turn|13
|
|t:|1779687388
|switch|p2a: Samurott|Samurott-Hisui, F|66/100
|move|p1a: Torkoal|Overheat|p2a: Samurott
|-resisted|p2a: Samurott
|-damage|p2a: Samurott|46/100
|-unboost|p1a: Torkoal|spa|2
|
|-weather|SunnyDay|[upkeep]
|upkeep
|turn|14
|
|t:|1779687390
|move|p2a: Samurott|Ceaseless Edge|p1a: Torkoal
|-damage|p1a: Torkoal|42/100
|-sidestart|p1: VaporeonUser|Spikes
|move|p1a: Torkoal|Rapid Spin|p2a: Samurott
|-damage|p2a: Samurott|36/100
|-boost|p1a: Torkoal|spe|1
|-sideend|p1: VaporeonUser|Spikes|[from] move: Rapid Spin|[of] p1a: Torkoal
|-sideend|p1: VaporeonUser|Stealth Rock|[from] move: Rapid Spin|[of] p1a: Torkoal
|
|-weather|SunnyDay|[upkeep]
|upkeep
|turn|15
|
|t:|1779687396
|switch|p1a: Slither Wing|Slither Wing|26/100
|-activate|p1a: Slither Wing|ability: Protosynthesis
|-start|p1a: Slither Wing|protosynthesisatk
|move|p2a: Samurott|Aqua Cutter|p1a: Slither Wing
|-damage|p1a: Slither Wing|0 fnt
|faint|p1a: Slither Wing
|-end|p1a: Slither Wing|Protosynthesis|[silent]
|
|-weather|SunnyDay|[upkeep]
|upkeep
|
|t:|1779687403
|switch|p1a: AtYaWake|Walking Wake|58/100
|-activate|p1a: AtYaWake|ability: Protosynthesis
|-start|p1a: AtYaWake|protosynthesisspe
|turn|16
|
|t:|1779687415
|-terastallize|p1a: AtYaWake|Water
|move|p2a: Samurott|Sucker Punch|p1a: AtYaWake
|-damage|p1a: AtYaWake|27/100
|move|p1a: AtYaWake|Hydro Steam|p2a: Samurott
|-resisted|p2a: Samurott
|-damage|p2a: Samurott|0 fnt
|faint|p2a: Samurott
|
|-weather|SunnyDay|[upkeep]
|upkeep
|
|t:|1779687444
|switch|p2a: Scizor|Scizor, F|100/100
|turn|17
|
|t:|1779687454
|-end|p1a: AtYaWake|Protosynthesis|[silent]
|switch|p1a: Torkoal|Torkoal, M|42/100
|-terastallize|p2a: Scizor|Steel
|move|p2a: Scizor|Bullet Punch|p1a: Torkoal
|-resisted|p1a: Torkoal
|-damage|p1a: Torkoal|19/100
|
|-weather|SunnyDay|[upkeep]
|upkeep
|turn|18
|
|t:|1779687460
|move|p2a: Scizor|Bullet Punch|p1a: Torkoal
|-resisted|p1a: Torkoal
|-damage|p1a: Torkoal|0 fnt
|faint|p1a: Torkoal
|
|-weather|SunnyDay|[upkeep]
|upkeep
|
|t:|1779687462
|switch|p1a: Hatterene|Hatterene, F|100/100
|-item|p1a: Hatterene|Air Balloon
|turn|19
|
|t:|1779687475
|move|p2a: Scizor|Bullet Punch|p1a: Hatterene
|-supereffective|p1a: Hatterene
|-damage|p1a: Hatterene|0 fnt
|-enditem|p1a: Hatterene|Air Balloon
|faint|p1a: Hatterene
|
|-weather|SunnyDay|[upkeep]
|upkeep
|
|t:|1779687477
|switch|p1a: AtYaWake|Walking Wake, tera:Water|27/100
|-activate|p1a: AtYaWake|ability: Protosynthesis
|-start|p1a: AtYaWake|protosynthesisspe
|turn|20
|
|t:|1779687478
|move|p2a: Scizor|Bullet Punch|p1a: AtYaWake
|-resisted|p1a: AtYaWake
|-damage|p1a: AtYaWake|0 fnt
|faint|p1a: AtYaWake
|-end|p1a: AtYaWake|Protosynthesis|[silent]
|
|win|FiiFiFoFum
|raw|VaporeonUser's rating: 1561 &rarr; <strong>1544</strong><br />(-17 for losing)
|raw|FiiFiFoFum's rating: 1617 &rarr; <strong>1634</strong><br />(+17 for winning)
|l|☆VaporeonUser
|player|p1|
|l|☆FiiFiFoFum
|player|p2|
