|j|☆allstartalon
|j|☆lazyhelios
|t:|1779703132
|gametype|singles
|player|p1|allstartalon|pokemonranger-gen4|1264
|player|p2|lazyhelios|dawn|1260
|gen|9
|tier|[Gen 9] OU
|rated|
|rule|HP Percentage Mod: HP is shown in percentages
|rule|Endless Battle Clause: Forcing endless battles is banned
|rule|Species Clause: Limit one of each Pokémon
|rule|OHKO Clause: OHKO moves are banned
|rule|Evasion Items Clause: Evasion items are banned
|rule|Evasion Moves Clause: Evasion moves are banned
|rule|Evasion Abilities Clause: Evasion abilities are banned
|rule|Sleep Moves Clause: Sleep-inducing moves are banned
|clearpoke
|poke|p1|Kingambit, F|
|poke|p1|Hawlucha, F|
|poke|p1|Morpeko, F|
|poke|p1|Krookodile, M|
|poke|p1|Greninja-*, M|
|poke|p1|Iron Jugulis|
|poke|p2|Rillaboom, M|
|poke|p2|Cinderace, F|
|poke|p2|Iron Crown|
|poke|p2|Hawlucha, M|
|poke|p2|Raging Bolt|
|poke|p2|Alomomola, M|
|teampreview
|inactive|Battle timer is ON: inactive players will automatically lose when time's up. (requested by allstartalon)
|
|t:|1779703160
|teamsize|p1|6
|teamsize|p2|6
|start
|switch|p1a: Hawlucha|Hawlucha, F|100/100
|switch|p2a: Rillaboom|Rillaboom, M|100/100
|-fieldstart|move: Grassy Terrain|[from] ability: Grassy Surge|[of] p2a: Rillaboom
|turn|1
|
|t:|1779703172
|switch|p2a: Raging Bolt|Raging Bolt|100/100
|move|p1a: Hawlucha|Fling|p2a: Raging Bolt
|-damage|p2a: Raging Bolt|63/100
|-enditem|p1a: Hawlucha|Big Nugget|[from] move: Fling
|
|-heal|p2a: Raging Bolt|69/100|[from] Grassy Terrain
|upkeep
|turn|2
|
|t:|1779703189
|-terastallize|p1a: Hawlucha|Fighting
|move|p2a: Raging Bolt|Thunderclap|p1a: Hawlucha
|-damage|p1a: Hawlucha|4/100
|move|p1a: Hawlucha|Close Combat|p2a: Raging Bolt
|-damage|p2a: Raging Bolt|4/100
|-unboost|p1a: Hawlucha|def|1
|-unboost|p1a: Hawlucha|spd|1
|
|-heal|p1a: Hawlucha|10/100|[from] Grassy Terrain
|-heal|p2a: Raging Bolt|10/100|[from] Grassy Terrain
|upkeep
|turn|3
|
|t:|1779703199
|move|p2a: Raging Bolt|Thunderclap|p1a: Hawlucha
|-damage|p1a: Hawlucha|0 fnt
|faint|p1a: Hawlucha
|
|-heal|p2a: Raging Bolt|16/100|[from] Grassy Terrain
|upkeep
|
|t:|1779703204
|switch|p1a: Kingambit|Kingambit, F, shiny|100/100
|-activate|p1a: Kingambit|ability: Supreme Overlord
|-start|p1a: Kingambit|fallen1|[silent]
|turn|4
|
|t:|1779703210
|move|p2a: Raging Bolt|Thunderclap|p1a: Kingambit
|-damage|p1a: Kingambit|42/100
|move|p1a: Kingambit|Brick Break|p2a: Raging Bolt
|-damage|p2a: Raging Bolt|0 fnt
|faint|p2a: Raging Bolt
|-end|p2a: Raging Bolt|Protosynthesis|[silent]
|
|-heal|p1a: Kingambit|48/100|[from] Grassy Terrain
|upkeep
|
|t:|1779703225
|switch|p2a: Cinderace|Cinderace, F|100/100
|turn|5
|
|t:|1779703230
|move|p2a: Cinderace|Will-O-Wisp|p1a: Kingambit
|-status|p1a: Kingambit|brn
|move|p1a: Kingambit|Fling|p2a: Cinderace
|-crit|p2a: Cinderace
|-damage|p2a: Cinderace|27/100
|-enditem|p1a: Kingambit|Big Nugget|[from] move: Fling
|
|-heal|p2a: Cinderace|33/100|[from] Grassy Terrain
|-heal|p1a: Kingambit|54/100 brn|[from] Grassy Terrain
|-damage|p1a: Kingambit|48/100 brn|[from] brn
|-fieldend|move: Grassy Terrain
|upkeep
|turn|6
|
|t:|1779703240
|move|p1a: Kingambit|Sucker Punch|p2a: Cinderace
|-damage|p2a: Cinderace|8/100
|move|p2a: Cinderace|Pyro Ball|p1a: Kingambit
|-supereffective|p1a: Kingambit
|-damage|p1a: Kingambit|0 fnt
|faint|p1a: Kingambit
|-end|p1a: Kingambit|fallen1|[silent]
|
|upkeep
|
|t:|1779703245
|switch|p1a: Morpeko|Morpeko, F|100/100
|turn|7
|
|t:|1779703250
|move|p2a: Cinderace|Pyro Ball|p1a: Morpeko
|-damage|p1a: Morpeko|0 fnt
|faint|p1a: Morpeko
|
|upkeep
|
|t:|1779703255
|switch|p1a: Greninja|Greninja, M|100/100
|turn|8
|
|t:|1779703263
|switch|p2a: Alomomola|Alomomola, M|100/100
|move|p1a: Greninja|Surf|p2a: Alomomola
|-resisted|p2a: Alomomola
|-damage|p2a: Alomomola|66/100
|-damage|p1a: Greninja|91/100|[from] item: Life Orb
|
|upkeep
|turn|9
|
|t:|1779703280
|move|p1a: Greninja|Dark Pulse|p2a: Alomomola
|-damage|p2a: Alomomola|8/100
|-damage|p1a: Greninja|81/100|[from] item: Life Orb
|move|p2a: Alomomola|Wish|p2a: Alomomola
|
|upkeep
|turn|10
|
|t:|1779703283
|move|p2a: Alomomola|Protect|p2a: Alomomola
|-singleturn|p2a: Alomomola|Protect
|move|p1a: Greninja|Dark Pulse|p2a: Alomomola
|-activate|p2a: Alomomola|move: Protect
|
|-heal|p2a: Alomomola|58/100|[from] move: Wish|[wisher] Alomomola
|upkeep
|turn|11
|
|t:|1779703310
|switch|p2a: Rillaboom|Rillaboom, M|100/100
|-fieldstart|move: Grassy Terrain|[from] ability: Grassy Surge|[of] p2a: Rillaboom
|move|p1a: Greninja|Dark Pulse|p2a: Rillaboom
|-damage|p2a: Rillaboom|38/100
|-damage|p1a: Greninja|71/100|[from] item: Life Orb
|
|-heal|p1a: Greninja|77/100|[from] Grassy Terrain
|-heal|p2a: Rillaboom|44/100|[from] Grassy Terrain
|upkeep
|turn|12
|
|t:|1779703319
|move|p2a: Rillaboom|Grassy Glide|p1a: Greninja
|-supereffective|p1a: Greninja
|-damage|p1a: Greninja|0 fnt
|faint|p1a: Greninja
|
|-heal|p2a: Rillaboom|50/100|[from] Grassy Terrain
|upkeep
|
|t:|1779703321
|switch|p1a: Krookodile|Krookodile, M, shiny|100/100
|turn|13
|
|t:|1779703343
|-terastallize|p2a: Rillaboom|Grass
|move|p2a: Rillaboom|Grassy Glide|p1a: Krookodile
|-supereffective|p1a: Krookodile
|-damage|p1a: Krookodile|0 fnt
|faint|p1a: Krookodile
|
|-heal|p2a: Rillaboom|56/100|[from] Grassy Terrain
|upkeep
|
|t:|1779703348
|switch|p1a: Iron Jugulis|Iron Jugulis|100/100
|-enditem|p1a: Iron Jugulis|Booster Energy
|-activate|p1a: Iron Jugulis|ability: Quark Drive|[fromitem]
|-start|p1a: Iron Jugulis|quarkdrivespe
|turn|14
|
|t:|1779703360
|switch|p2a: Alomomola|Alomomola, M|91/100
|move|p1a: Iron Jugulis|Air Slash|p2a: Alomomola
|-damage|p2a: Alomomola|43/100
|
|-heal|p2a: Alomomola|49/100|[from] Grassy Terrain
|upkeep
|turn|15
|
|t:|1779703368
|move|p1a: Iron Jugulis|Dark Pulse|p2a: Alomomola
|-damage|p2a: Alomomola|0 fnt
|faint|p2a: Alomomola
|
|-fieldend|move: Grassy Terrain
|upkeep
|
|t:|1779703372
|switch|p2a: Rillaboom|Rillaboom, M, tera:Grass|56/100
|-fieldstart|move: Grassy Terrain|[from] ability: Grassy Surge|[of] p2a: Rillaboom
|turn|16
|
|t:|1779703382
|move|p2a: Rillaboom|Grassy Glide|p1a: Iron Jugulis
|-resisted|p1a: Iron Jugulis
|-damage|p1a: Iron Jugulis|55/100
|move|p1a: Iron Jugulis|Air Slash|p2a: Rillaboom
|-supereffective|p2a: Rillaboom
|-damage|p2a: Rillaboom|0 fnt
|faint|p2a: Rillaboom
|
|upkeep
|
|t:|1779703389
|switch|p2a: Hawlucha|Hawlucha, M|100/100
|-enditem|p2a: Hawlucha|Grassy Seed
|-boost|p2a: Hawlucha|def|1|[from] item: Grassy Seed
|turn|17
|
|t:|1779703396
|move|p2a: Hawlucha|Acrobatics|p1a: Iron Jugulis
|-damage|p1a: Iron Jugulis|0 fnt
|faint|p1a: Iron Jugulis
|-end|p1a: Iron Jugulis|Quark Drive|[silent]
|
|win|lazyhelios
|raw|allstartalon's rating: 1264 &rarr; <strong>1239</strong><br />(-25 for losing)
|raw|lazyhelios's rating: 1260 &rarr; <strong>1285</strong><br />(+25 for winning)
|l|☆allstartalon
|player|p1|
|l|☆lazyhelios
|player|p2|
