|j|☆yoki
|j|☆Draconic Echo
|t:|1779691468
|gametype|singles
|player|p1|yoki|2|1495
|player|p2|Draconic Echo|gladion|1529
|gen|9
|tier|[Gen 9] OU
|rated|
|rule|HP Percentage Mod: HP is shown in percentages
|rule|Endless Battle Clause: Forcing endless battles is banned
|rule|Species Clause: Limit one of each Pokémon
|rule|OHKO Clause: OHKO moves are banned
|rule|Evasion Items Clause: Evasion items are banned
|rule|Evasion Moves Clause: Evasion moves are banned
|rule|Evasion Abilities Clause: Evasion abilities are banned
|rule|Sleep Moves Clause: Sleep-inducing moves are banned
|clearpoke
|poke|p1|Slowking-Galar, M|
|poke|p1|Great Tusk|
|poke|p1|Kyurem|
|poke|p1|Darkrai|
|poke|p1|Hoopa-Unbound|
|poke|p1|Zapdos|
|poke|p2|Great Tusk|
|poke|p2|Vaporeon, M|
|poke|p2|Corviknight, F|
|poke|p2|Samurott-Hisui, F|
|poke|p2|Hatterene, F|
|poke|p2|Jolteon, M|
|teampreview
|
|t:|1779691557
|teamsize|p1|6
|teamsize|p2|6
|start
|switch|p1a: Zapdos|Zapdos, shiny|100/100
|switch|p2a: :3|Jolteon, M|100/100
|turn|1
|
|t:|1779691572
|switch|p1a: Hoopa|Hoopa-Unbound|100/100
|move|p2a: :3|Volt Switch|p1a: Hoopa
|-damage|p1a: Hoopa|82/100
|
|t:|1779691589
|switch|p2a: Hi|Great Tusk|100/100|[from] Volt Switch
|
|upkeep
|turn|2
|
|t:|1779691593
|switch|p1a: Zapdos|Zapdos, shiny|100/100
|move|p2a: Hi|Close Combat|p1a: Zapdos
|-resisted|p1a: Zapdos
|-damage|p1a: Zapdos|67/100
|-unboost|p2a: Hi|def|1
|-unboost|p2a: Hi|spd|1
|
|upkeep
|turn|3
|
|t:|1779691601
|-end|p2a: Hi|Protosynthesis|[silent]
|switch|p2a: :D|Corviknight, F, shiny|100/100
|-ability|p2a: :D|Pressure
|switch|p1a: Hoopa|Hoopa-Unbound|82/100
|
|upkeep
|turn|4
|
|t:|1779691605
|move|p1a: Hoopa|Thunderbolt|p2a: :D
|-supereffective|p2a: :D
|-damage|p2a: :D|58/100
|move|p2a: :D|Body Press|p1a: Hoopa
|-damage|p1a: Hoopa|44/100
|
|upkeep
|turn|5
|
|t:|1779691610
|move|p1a: Hoopa|Hyperspace Fury|p2a: :D
|-damage|p2a: :D|3/100
|-unboost|p1a: Hoopa|def|1
|move|p2a: :D|Roost|p2a: :D
|-heal|p2a: :D|53/100
|-singleturn|p2a: :D|move: Roost
|
|upkeep
|turn|6
|
|t:|1779691630
|switch|p2a: :3|Jolteon, M|100/100
|move|p1a: Hoopa|Hyperspace Fury|p2a: :3
|-damage|p2a: :3|0 fnt
|-unboost|p1a: Hoopa|def|1
|faint|p2a: :3
|
|upkeep
|
|t:|1779691637
|switch|p2a: Hi|Great Tusk|100/100
|turn|7
|
|t:|1779691646
|switch|p1a: Great Tusk|Great Tusk|100/100
|move|p2a: Hi|Ice Spinner|p1a: Great Tusk
|-supereffective|p1a: Great Tusk
|-damage|p1a: Great Tusk|38/100
|
|upkeep
|turn|8
|
|t:|1779691655
|move|p2a: Hi|Ice Spinner|p1a: Great Tusk
|-supereffective|p1a: Great Tusk
|-damage|p1a: Great Tusk|0 fnt
|faint|p1a: Great Tusk
|-end|p1a: Great Tusk|Protosynthesis|[silent]
|
|upkeep
|
|t:|1779691659
|switch|p1a: Kyurem|Kyurem|100/100
|-ability|p1a: Kyurem|Pressure
|turn|9
|
|t:|1779691667
|-end|p2a: Hi|Protosynthesis|[silent]
|switch|p2a: :)|Hatterene, F|100/100
|move|p1a: Kyurem|Freeze-Dry|p2a: :)
|-damage|p2a: :)|42/100
|
|-heal|p2a: :)|48/100|[from] item: Leftovers
|upkeep
|turn|10
|
|t:|1779691676
|move|p1a: Kyurem|Freeze-Dry|p2a: :)
|-damage|p2a: :)|0 fnt
|faint|p2a: :)
|
|upkeep
|
|t:|1779691679
|switch|p2a: :D|Corviknight, F, shiny|53/100
|-ability|p2a: :D|Pressure
|turn|11
|
|t:|1779691681
|-terastallize|p1a: Kyurem|Ice
|move|p1a: Kyurem|Freeze-Dry|p2a: :D
|-damage|p2a: :D|7/100
|move|p2a: :D|Roost|p2a: :D
|-heal|p2a: :D|57/100
|-singleturn|p2a: :D|move: Roost
|
|upkeep
|turn|12
|
|t:|1779691685
|move|p1a: Kyurem|Freeze-Dry|p2a: :D
|-damage|p2a: :D|8/100
|move|p2a: :D|Roost|p2a: :D
|-heal|p2a: :D|58/100
|-singleturn|p2a: :D|move: Roost
|
|upkeep
|turn|13
|
|t:|1779691689
|move|p1a: Kyurem|Freeze-Dry|p2a: :D
|-damage|p2a: :D|7/100
|move|p2a: :D|Roost|p2a: :D
|-heal|p2a: :D|57/100
|-singleturn|p2a: :D|move: Roost
|
|upkeep
|turn|14
|
|t:|1779691703
|move|p1a: Kyurem|Freeze-Dry|p2a: :D
|-crit|p2a: :D
|-damage|p2a: :D|0 fnt
|faint|p2a: :D
|
|upkeep
|
|t:|1779691716
|switch|p2a: Hi|Great Tusk|100/100
|turn|15
|
|t:|1779691734
|-terastallize|p2a: Hi|Fire
|move|p1a: Kyurem|Freeze-Dry|p2a: Hi
|-resisted|p2a: Hi
|-damage|p2a: Hi|45/100
|move|p2a: Hi|Close Combat|p1a: Kyurem
|-supereffective|p1a: Kyurem
|-damage|p1a: Kyurem|0 fnt
|-unboost|p2a: Hi|def|1
|-unboost|p2a: Hi|spd|1
|faint|p1a: Kyurem
|
|upkeep
|
|t:|1779691743
|switch|p1a: Darkrai|Darkrai|100/100
|turn|16
|
|t:|1779691750
|switch|p1a: Zapdos|Zapdos, shiny|67/100
|-end|p2a: Hi|Protosynthesis|[silent]
|switch|p2a: >:(|Samurott-Hisui, F|100/100
|
|upkeep
|turn|17
|
|t:|1779691757
|move|p2a: >:(|Ceaseless Edge|p1a: Zapdos
|-damage|p1a: Zapdos|36/100
|-sidestart|p1: yoki|Spikes
|move|p1a: Zapdos|Thunder Wave|p2a: >:(
|-status|p2a: >:(|par
|
|upkeep
|turn|18
|
|t:|1779691794
|move|p1a: Zapdos|Roost|p1a: Zapdos
|-heal|p1a: Zapdos|86/100
|-singleturn|p1a: Zapdos|move: Roost
|move|p2a: >:(|Ceaseless Edge|p1a: Zapdos
|-damage|p1a: Zapdos|54/100
|-sidestart|p1: yoki|Spikes
|
|upkeep
|turn|19
|
|t:|1779691799
|switch|p2a: Meep|Vaporeon, M|100/100
|move|p1a: Zapdos|Hurricane|p2a: Meep|[miss]
|-miss|p1a: Zapdos|p2a: Meep
|
|upkeep
|turn|20
|
|t:|1779691805
|move|p1a: Zapdos|Thunder Wave|p2a: Meep
|-status|p2a: Meep|par
|cant|p2a: Meep|par
|
|upkeep
|turn|21
|
|t:|1779691808
|move|p1a: Zapdos|Roost|p1a: Zapdos
|-heal|p1a: Zapdos|100/100
|-singleturn|p1a: Zapdos|move: Roost
|move|p2a: Meep|Scald|p1a: Zapdos
|-damage|p1a: Zapdos|72/100
|-status|p1a: Zapdos|brn
|
|-damage|p1a: Zapdos|66/100 brn|[from] brn
|upkeep
|turn|22
|
|t:|1779691813
|cant|p2a: Meep|par
|move|p1a: Zapdos|Hurricane|p2a: Meep|[miss]
|-miss|p1a: Zapdos|p2a: Meep
|
|-damage|p1a: Zapdos|60/100 brn|[from] brn
|upkeep
|turn|23
|
|t:|1779691816
|move|p1a: Zapdos|Volt Switch|p2a: Meep
|-supereffective|p2a: Meep
|-damage|p2a: Meep|57/100 par
|
|t:|1779691818
|switch|p1a: Hoopa|Hoopa-Unbound|44/100|[from] Volt Switch
|-damage|p1a: Hoopa|28/100|[from] Spikes
|move|p2a: Meep|Ice Beam|p1a: Hoopa
|-damage|p1a: Hoopa|14/100
|
|-heal|p2a: Meep|64/100 par|[from] item: Leftovers
|upkeep
|turn|24
|
|t:|1779691836
|switch|p2a: >:(|Samurott-Hisui, F|100/100 par
|move|p1a: Hoopa|Psychic Noise|p2a: >:(
|-immune|p2a: >:(
|
|upkeep
|turn|25
|
|t:|1779691848
|move|p2a: >:(|Aqua Jet|p1a: Hoopa
|-damage|p1a: Hoopa|0 fnt
|faint|p1a: Hoopa
|
|upkeep
|
|t:|1779691851
|switch|p1a: Zapdos|Zapdos, shiny|60/100 brn
|turn|26
|
|t:|1779691859
|switch|p2a: Hi|Great Tusk, tera:Fire|45/100
|move|p1a: Zapdos|Volt Switch|p2a: Hi
|-damage|p2a: Hi|2/100
|
|t:|1779691881
|switch|p1a: Darkrai|Darkrai|100/100|[from] Volt Switch
|
|upkeep
|turn|27
|
|t:|1779691883
|-end|p2a: Hi|Protosynthesis|[silent]
|switch|p2a: >:(|Samurott-Hisui, F|100/100 par
|move|p1a: Darkrai|Sludge Bomb|p2a: >:(
|-damage|p2a: >:(|48/100 par
|
|upkeep
|turn|28
|
|t:|1779691887
|move|p2a: >:(|Aqua Jet|p1a: Darkrai
|-damage|p1a: Darkrai|75/100
|move|p1a: Darkrai|Sludge Bomb|p2a: >:(
|-damage|p2a: >:(|0 fnt
|faint|p2a: >:(
|
|upkeep
|
|t:|1779691890
|switch|p2a: Meep|Vaporeon, M|64/100 par
|turn|29
|
|t:|1779691913
|switch|p1a: Slowking|Slowking-Galar, M|100/100
|-damage|p1a: Slowking|84/100|[from] Spikes
|cant|p2a: Meep|par
|
|-heal|p2a: Meep|70/100 par|[from] item: Leftovers
|upkeep
|turn|30
|
|t:|1779691919
|move|p2a: Meep|Wish|p2a: Meep
|move|p1a: Slowking|Future Sight|p2a: Meep
|-start|p1a: Slowking|move: Future Sight
|
|-heal|p2a: Meep|76/100 par|[from] item: Leftovers
|upkeep
|turn|31
|
|t:|1779691929
|cant|p2a: Meep|par
|move|p1a: Slowking|Sludge Bomb|p2a: Meep
|-damage|p2a: Meep|49/100 par
|
|-heal|p2a: Meep|99/100 par|[from] move: Wish|[wisher] Meep
|-heal|p2a: Meep|100/100 par|[from] item: Leftovers
|upkeep
|turn|32
|
|t:|1779691937
|move|p2a: Meep|Wish|p2a: Meep
|move|p1a: Slowking|Sludge Bomb|p2a: Meep
|-damage|p2a: Meep|76/100 par
|
|-end|p2a: Meep|move: Future Sight
|-damage|p2a: Meep|43/100 par
|-heal|p2a: Meep|49/100 par|[from] item: Leftovers
|upkeep
|turn|33
|
|t:|1779691944
|move|p2a: Meep|Scald|p1a: Slowking
|-damage|p1a: Slowking|66/100
|-status|p1a: Slowking|brn
|move|p1a: Slowking|Future Sight|p2a: Meep
|-start|p1a: Slowking|move: Future Sight
|
|-heal|p2a: Meep|99/100 par|[from] move: Wish|[wisher] Meep
|-heal|p2a: Meep|100/100 par|[from] item: Leftovers
|-damage|p1a: Slowking|60/100 brn|[from] brn
|upkeep
|turn|34
|
|t:|1779691952
|cant|p2a: Meep|par
|-prepare|p1a: Slowking|Chilly Reception|[premajor]
|move|p1a: Slowking|Chilly Reception|p1a: Slowking
|-weather|Snowscape
|
|t:|1779691953
|switch|p1a: Zapdos|Zapdos, shiny|60/100 brn|[from] Chilly Reception
|
|-weather|Snowscape|[upkeep]
|-damage|p1a: Zapdos|54/100 brn|[from] brn
|upkeep
|turn|35
|
|t:|1779691963
|move|p1a: Zapdos|Volt Switch|p2a: Meep
|-supereffective|p2a: Meep
|-damage|p2a: Meep|53/100 par
|
|t:|1779691974
|switch|p1a: Slowking|Slowking-Galar, M|93/100 brn|[from] Volt Switch
|-damage|p1a: Slowking|76/100 brn|[from] Spikes
|move|p2a: Meep|Scald|p1a: Slowking
|-damage|p1a: Slowking|56/100 brn
|
|-weather|Snowscape|[upkeep]
|-end|p2a: Meep|move: Future Sight
|-damage|p2a: Meep|16/100 par
|-heal|p2a: Meep|23/100 par|[from] item: Leftovers
|-damage|p1a: Slowking|50/100 brn|[from] brn
|upkeep
|turn|36
|
|t:|1779691983
|move|p2a: Meep|Protect|p2a: Meep
|-singleturn|p2a: Meep|Protect
|move|p1a: Slowking|Sludge Bomb|p2a: Meep
|-activate|p2a: Meep|move: Protect
|
|-weather|Snowscape|[upkeep]
|-heal|p2a: Meep|29/100 par|[from] item: Leftovers
|-damage|p1a: Slowking|44/100 brn|[from] brn
|upkeep
|turn|37
|
|t:|1779691986
|cant|p2a: Meep|par
|move|p1a: Slowking|Sludge Bomb|p2a: Meep
|-damage|p2a: Meep|5/100 par
|
|-weather|Snowscape|[upkeep]
|-heal|p2a: Meep|11/100 par|[from] item: Leftovers
|-damage|p1a: Slowking|38/100 brn|[from] brn
|upkeep
|turn|38
|
|t:|1779691995
|move|p2a: Meep|Wish|p2a: Meep
|move|p1a: Slowking|Sludge Bomb|p2a: Meep
|-damage|p2a: Meep|0 fnt
|faint|p2a: Meep
|
|-weather|none
|-damage|p1a: Slowking|32/100 brn|[from] brn
|upkeep
|
|t:|1779691997
|switch|p2a: Hi|Great Tusk, tera:Fire|2/100
|turn|39
|
|t:|1779692030
|move|p2a: Hi|Ice Spinner|p1a: Slowking
|-crit|p1a: Slowking
|-damage|p1a: Slowking|0 fnt
|faint|p1a: Slowking
|
|-heal|p2a: Hi|64/100|[from] move: Wish|[wisher] Meep
|upkeep
|
|t:|1779692037
|switch|p1a: Zapdos|Zapdos, shiny|54/100 brn
|turn|40
|
|t:|1779692041
|move|p2a: Hi|Ice Spinner|p1a: Zapdos
|-supereffective|p1a: Zapdos
|-damage|p1a: Zapdos|0 fnt
|faint|p1a: Zapdos
|
|upkeep
|
|t:|1779692043
|switch|p1a: Darkrai|Darkrai|75/100
|turn|41
|
|t:|1779692046
|move|p1a: Darkrai|Dark Pulse|p2a: Hi
|-damage|p2a: Hi|0 fnt
|faint|p2a: Hi
|-end|p2a: Hi|Protosynthesis|[silent]
|
|win|yoki
|raw|yoki's rating: 1495 &rarr; <strong>1517</strong><br />(+22 for winning)
|raw|Draconic Echo's rating: 1529 &rarr; <strong>1507</strong><br />(-22 for losing)
|l|☆yoki
|player|p1|
|l|☆Draconic Echo
|player|p2|
