|j|☆James2464
|j|☆goodnightnite
|t:|1779685591
|gametype|singles
|player|p1|James2464|miku-ghost|1666
|player|p2|goodnightnite|miku-water|1643
|gen|9
|tier|[Gen 9] OU
|rated|
|rule|HP Percentage Mod: HP is shown in percentages
|rule|Endless Battle Clause: Forcing endless battles is banned
|rule|Species Clause: Limit one of each Pokémon
|rule|OHKO Clause: OHKO moves are banned
|rule|Evasion Items Clause: Evasion items are banned
|rule|Evasion Moves Clause: Evasion moves are banned
|rule|Evasion Abilities Clause: Evasion abilities are banned
|rule|Sleep Moves Clause: Sleep-inducing moves are banned
|clearpoke
|poke|p1|Cramorant, F|
|poke|p1|Gallade, M|
|poke|p1|Kingambit, M|
|poke|p1|Iron Moth|
|poke|p1|Enamorus, F|
|poke|p1|Ogerpon-Cornerstone, F|
|poke|p2|Ribombee, M|
|poke|p2|Lokix, F|
|poke|p2|Great Tusk|
|poke|p2|Raging Bolt|
|poke|p2|Gholdengo|
|poke|p2|Iron Moth|
|teampreview
|inactive|Battle timer is ON: inactive players will automatically lose when time's up. (requested by James2464)
|inactive|goodnightnite also wants the timer to be on.
|
|t:|1779685619
|teamsize|p1|6
|teamsize|p2|6
|start
|switch|p1a: Ogerpon|Ogerpon-Cornerstone, F|100/100
|switch|p2a: Ribombee|Ribombee, M, shiny|100/100
|turn|1
|
|t:|1779685625
|move|p2a: Ribombee|Moonblast|p1a: Ogerpon
|-damage|p1a: Ogerpon|53/100
|-unboost|p1a: Ogerpon|spa|1
|move|p1a: Ogerpon|Trailblaze|p2a: Ribombee
|-resisted|p2a: Ribombee
|-damage|p2a: Ribombee|71/100
|-boost|p1a: Ogerpon|spe|1
|
|upkeep
|turn|2
|
|t:|1779685642
|switch|p2a: Gholdengo|Gholdengo, shiny|100/100
|-item|p2a: Gholdengo|Air Balloon
|move|p1a: Ogerpon|Ivy Cudgel|p2a: Gholdengo|[anim] Ivy Cudgel Rock
|-resisted|p2a: Gholdengo
|-damage|p2a: Gholdengo|70/100
|-enditem|p2a: Gholdengo|Air Balloon
|
|upkeep
|turn|3
|
|t:|1779685669
|switch|p1a: Kingambit|Kingambit, M|100/100
|move|p2a: Gholdengo|Shadow Ball|p1a: Kingambit
|-resisted|p1a: Kingambit
|-damage|p1a: Kingambit|77/100
|
|upkeep
|turn|4
|
|t:|1779685688
|switch|p2a: Great Tusk|Great Tusk, shiny|100/100
|-enditem|p2a: Great Tusk|Booster Energy
|-activate|p2a: Great Tusk|ability: Protosynthesis|[fromitem]
|-start|p2a: Great Tusk|protosynthesisatk
|-end|p1a: Kingambit|fallenundefined|[silent]
|switch|p1a: Cramorant|Cramorant, F, shiny|100/100
|
|upkeep
|turn|5
|
|t:|1779685696
|move|p2a: Great Tusk|Head Smash|p1a: Cramorant|[miss]
|-miss|p2a: Great Tusk|p1a: Cramorant
|move|p1a: Cramorant|Surf|p2a: Great Tusk
|-formechange|p1a: Cramorant|Cramorant-Gulping|
|-supereffective|p2a: Great Tusk
|-damage|p2a: Great Tusk|0 fnt
|faint|p2a: Great Tusk
|-end|p2a: Great Tusk|Protosynthesis|[silent]
|
|upkeep
|c|☆goodnightnite|sick
|
|t:|1779685705
|switch|p2a: Ribombee|Ribombee, M, shiny|71/100
|turn|6
|
|t:|1779685714
|move|p2a: Ribombee|Sticky Web|p1a: Cramorant
|-sidestart|p1: James2464|move: Sticky Web
|move|p1a: Cramorant|Tailwind|p1a: Cramorant
|-sidestart|p1: James2464|move: Tailwind
|
|upkeep
|turn|7
|
|t:|1779685718
|move|p1a: Cramorant|Hurricane|p2a: Ribombee|[miss]
|-miss|p1a: Cramorant|p2a: Ribombee
|move|p2a: Ribombee|Stun Spore|p1a: Cramorant|[miss]
|-miss|p2a: Ribombee|p1a: Cramorant
|
|upkeep
|turn|8
|
|t:|1779685723
|move|p1a: Cramorant|Hurricane|p2a: Ribombee|[miss]
|-miss|p1a: Cramorant|p2a: Ribombee
|move|p2a: Ribombee|Stun Spore|p1a: Cramorant
|-status|p1a: Cramorant|par
|
|upkeep
|turn|9
|
|t:|1779685729
|move|p2a: Ribombee|Skill Swap|p1a: Cramorant
|-activate|p2a: Ribombee|Skill Swap|Gulp Missile|Shield Dust|[of] p1a: Cramorant
|move|p1a: Cramorant|Hurricane|p2a: Ribombee
|-supereffective|p2a: Ribombee
|-damage|p2a: Ribombee|0 fnt
|faint|p2a: Ribombee
|
|-sideend|p1: James2464|move: Tailwind
|upkeep
|
|t:|1779685738
|switch|p2a: Raging Bolt|Raging Bolt|100/100
|-enditem|p2a: Raging Bolt|Booster Energy
|-activate|p2a: Raging Bolt|ability: Protosynthesis|[fromitem]
|-start|p2a: Raging Bolt|protosynthesisspa
|turn|10
|
|t:|1779685742
|move|p2a: Raging Bolt|Calm Mind|p2a: Raging Bolt
|-boost|p2a: Raging Bolt|spa|1
|-boost|p2a: Raging Bolt|spd|1
|move|p1a: Cramorant|Defog|p2a: Raging Bolt
|-unboost|p2a: Raging Bolt|evasion|1
|-sideend|p1: James2464|Sticky Web|[from] move: Defog|[of] p1a: Cramorant
|
|upkeep
|turn|11
|
|t:|1779685746
|move|p2a: Raging Bolt|Calm Mind|p2a: Raging Bolt
|-boost|p2a: Raging Bolt|spa|1
|-boost|p2a: Raging Bolt|spd|1
|move|p1a: Cramorant|Surf|p2a: Raging Bolt
|-resisted|p2a: Raging Bolt
|-damage|p2a: Raging Bolt|91/100
|
|upkeep
|turn|12
|
|t:|1779685753
|move|p2a: Raging Bolt|Calm Mind|p2a: Raging Bolt
|-boost|p2a: Raging Bolt|spa|1
|-boost|p2a: Raging Bolt|spd|1
|cant|p1a: Cramorant|par
|
|upkeep
|turn|13
|
|t:|1779685758
|move|p2a: Raging Bolt|Dragon Pulse|p1a: Cramorant
|-enditem|p1a: Cramorant|Focus Sash
|-damage|p1a: Cramorant|1/100 par
|move|p1a: Cramorant|Tailwind|p1a: Cramorant
|-sidestart|p1: James2464|move: Tailwind
|
|upkeep
|turn|14
|
|t:|1779685765
|move|p2a: Raging Bolt|Thunderclap||[still]
|-fail|p2a: Raging Bolt
|move|p1a: Cramorant|Defog|p2a: Raging Bolt
|-unboost|p2a: Raging Bolt|evasion|1
|
|upkeep
|turn|15
|
|t:|1779685780
|move|p1a: Cramorant|Hurricane|p2a: Raging Bolt
|-resisted|p2a: Raging Bolt
|-damage|p2a: Raging Bolt|83/100
|-start|p2a: Raging Bolt|confusion
|-activate|p2a: Raging Bolt|confusion
|move|p2a: Raging Bolt|Calm Mind|p2a: Raging Bolt
|-boost|p2a: Raging Bolt|spa|1
|-boost|p2a: Raging Bolt|spd|1
|
|upkeep
|turn|16
|
|t:|1779685788
|-end|p2a: Raging Bolt|confusion
|move|p2a: Raging Bolt|Thunderclap|p1a: Cramorant
|-supereffective|p1a: Cramorant
|-damage|p1a: Cramorant|0 fnt
|faint|p1a: Cramorant
|
|-sideend|p1: James2464|move: Tailwind
|upkeep
|
|t:|1779685800
|switch|p1a: Gallade|Gallade, M|100/100
|turn|17
|
|t:|1779685803
|move|p1a: Gallade|Sacred Sword|p2a: Raging Bolt
|-damage|p2a: Raging Bolt|21/100
|move|p2a: Raging Bolt|Dragon Pulse|p1a: Gallade
|-enditem|p1a: Gallade|Focus Sash
|-damage|p1a: Gallade|1/100
|
|upkeep
|turn|18
|
|t:|1779685809
|move|p1a: Gallade|Shadow Sneak|p2a: Raging Bolt
|-damage|p2a: Raging Bolt|8/100
|move|p2a: Raging Bolt|Thunderclap||[still]
|-fail|p2a: Raging Bolt
|
|upkeep
|turn|19
|
|t:|1779685818
|move|p1a: Gallade|Shadow Sneak|p2a: Raging Bolt
|-damage|p2a: Raging Bolt|0 fnt
|faint|p2a: Raging Bolt
|-end|p2a: Raging Bolt|Protosynthesis|[silent]
|
|upkeep
|
|t:|1779685821
|switch|p2a: Iron Moth|Iron Moth, shiny|100/100
|-enditem|p2a: Iron Moth|Booster Energy
|-activate|p2a: Iron Moth|ability: Quark Drive|[fromitem]
|-start|p2a: Iron Moth|quarkdrivespa
|turn|20
|
|t:|1779685825
|move|p2a: Iron Moth|Fiery Dance|p1a: Gallade
|-damage|p1a: Gallade|0 fnt
|-boost|p2a: Iron Moth|spa|1
|faint|p1a: Gallade
|
|upkeep
|
|t:|1779685830
|switch|p1a: Enamorus|Enamorus, F|100/100
|turn|21
|
|t:|1779685836
|move|p2a: Iron Moth|Fiery Dance|p1a: Enamorus
|-enditem|p1a: Enamorus|Focus Sash
|-damage|p1a: Enamorus|1/100
|-boost|p2a: Iron Moth|spa|1
|move|p1a: Enamorus|Earth Power|p2a: Iron Moth
|-supereffective|p2a: Iron Moth
|-damage|p2a: Iron Moth|0 fnt
|faint|p2a: Iron Moth
|-end|p2a: Iron Moth|Quark Drive|[silent]
|
|upkeep
|
|t:|1779685840
|switch|p2a: Lokix|Lokix, F, shiny|100/100
|turn|22
|
|t:|1779685847
|move|p2a: Lokix|Sucker Punch|p1a: Enamorus
|-resisted|p1a: Enamorus
|-damage|p1a: Enamorus|0 fnt
|faint|p1a: Enamorus
|-damage|p2a: Lokix|91/100|[from] item: Life Orb
|
|upkeep
|
|t:|1779685854
|switch|p1a: Iron Moth|Iron Moth|100/100
|-enditem|p1a: Iron Moth|Booster Energy
|-activate|p1a: Iron Moth|ability: Quark Drive|[fromitem]
|-start|p1a: Iron Moth|quarkdrivespe
|turn|23
|
|t:|1779685860
|-terastallize|p2a: Lokix|Dark
|move|p1a: Iron Moth|Fiery Dance|p2a: Lokix
|-damage|p2a: Lokix|9/100
|move|p2a: Lokix|Swords Dance|p2a: Lokix
|-boost|p2a: Lokix|atk|2
|
|upkeep
|turn|24
|-message|goodnightnite forfeited.
|
|win|James2464
|raw|James2464's rating: 1666 &rarr; <strong>1685</strong><br />(+19 for winning)
|raw|goodnightnite's rating: 1643 &rarr; <strong>1624</strong><br />(-19 for losing)
|l|☆goodnightnite
|player|p2|
|l|☆James2464
|player|p1|
