|j|☆ElLoga
|j|☆Belgian hippo
|t:|1779722122
|gametype|singles
|player|p1|ElLoga|266|1391
|player|p2|Belgian hippo|plasmagrunt|1458
|gen|9
|tier|[Gen 9] OU
|rated|
|rule|HP Percentage Mod: HP is shown in percentages
|rule|Endless Battle Clause: Forcing endless battles is banned
|rule|Species Clause: Limit one of each Pokémon
|rule|OHKO Clause: OHKO moves are banned
|rule|Evasion Items Clause: Evasion items are banned
|rule|Evasion Moves Clause: Evasion moves are banned
|rule|Evasion Abilities Clause: Evasion abilities are banned
|rule|Sleep Moves Clause: Sleep-inducing moves are banned
|clearpoke
|poke|p1|Samurott-Hisui, M|
|poke|p1|Zapdos|
|poke|p1|Iron Treads|
|poke|p1|Ceruledge, M|
|poke|p1|Gholdengo|
|poke|p1|Kingambit, M|
|poke|p2|Kingambit, M|
|poke|p2|Zamazenta-*|
|poke|p2|Latias, F|
|poke|p2|Milotic, M|
|poke|p2|Pecharunt|
|poke|p2|Kyurem|
|teampreview
|inactive|Battle timer is ON: inactive players will automatically lose when time's up. (requested by ElLoga)
|
|t:|1779722143
|teamsize|p1|6
|teamsize|p2|6
|start
|switch|p1a: Samurott|Samurott-Hisui, M|100/100
|switch|p2a: Milotic|Milotic, M|100/100
|turn|1
|
|t:|1779722151
|move|p1a: Samurott|Ceaseless Edge|p2a: Milotic
|-damage|p2a: Milotic|55/100
|-sidestart|p2: Belgian hippo|Spikes
|move|p2a: Milotic|Alluring Voice|p1a: Samurott
|-supereffective|p1a: Samurott
|-damage|p1a: Samurott|72/100
|
|-heal|p2a: Milotic|61/100|[from] item: Leftovers
|upkeep
|turn|2
|
|t:|1779722163
|move|p1a: Samurott|Ceaseless Edge|p2a: Milotic|[miss]
|-miss|p1a: Samurott|p2a: Milotic
|move|p2a: Milotic|Scald|p1a: Samurott
|-resisted|p1a: Samurott
|-damage|p1a: Samurott|63/100
|
|-heal|p2a: Milotic|67/100|[from] item: Leftovers
|upkeep
|turn|3
|
|t:|1779722173
|move|p1a: Samurott|Ceaseless Edge|p2a: Milotic
|-damage|p2a: Milotic|24/100
|-sidestart|p2: Belgian hippo|Spikes
|move|p2a: Milotic|Scald|p1a: Samurott
|-resisted|p1a: Samurott
|-damage|p1a: Samurott|52/100
|
|-heal|p2a: Milotic|30/100|[from] item: Leftovers
|upkeep
|turn|4
|
|t:|1779722183
|move|p1a: Samurott|Ceaseless Edge|p2a: Milotic
|-damage|p2a: Milotic|0 fnt
|-sidestart|p2: Belgian hippo|Spikes
|faint|p2a: Milotic
|
|upkeep
|
|t:|1779722185
|switch|p2a: Kyurem|Kyurem, shiny|100/100
|-damage|p2a: Kyurem|76/100|[from] Spikes
|-ability|p2a: Kyurem|Pressure
|turn|5
|
|t:|1779722208
|move|p2a: Kyurem|Freeze-Dry|p1a: Samurott
|-supereffective|p1a: Samurott
|-damage|p1a: Samurott|2/100
|move|p1a: Samurott|Knock Off|p2a: Kyurem
|-damage|p2a: Kyurem|34/100
|-enditem|p2a: Kyurem|Choice Scarf|[from] move: Knock Off|[of] p1a: Samurott
|
|upkeep
|turn|6
|
|t:|1779722217
|move|p1a: Samurott|Sucker Punch|p2a: Kyurem
|-damage|p2a: Kyurem|6/100
|move|p2a: Kyurem|Earth Power|p1a: Samurott
|-damage|p1a: Samurott|0 fnt
|faint|p1a: Samurott
|
|upkeep
|
|t:|1779722225
|switch|p1a: Ceruledge|Ceruledge, M|100/100
|turn|7
|
|t:|1779722230
|move|p1a: Ceruledge|Shadow Sneak|p2a: Kyurem
|-damage|p2a: Kyurem|0 fnt
|faint|p2a: Kyurem
|
|upkeep
|
|t:|1779722240
|switch|p2a: Pecharunt|Pecharunt|100/100
|turn|8
|
|t:|1779722258
|move|p2a: Pecharunt|Parting Shot|p1a: Ceruledge
|-unboost|p1a: Ceruledge|atk|1
|-unboost|p1a: Ceruledge|spa|1
|
|t:|1779722263
|switch|p2a: Latias|Latias, F|100/100|[from] Parting Shot
|move|p1a: Ceruledge|Poltergeist|p2a: Latias
|-activate|p2a: Latias|move: Poltergeist|Leftovers
|-supereffective|p2a: Latias
|-damage|p2a: Latias|22/100
|
|-heal|p2a: Latias|29/100|[from] item: Leftovers
|upkeep
|turn|9
|
|t:|1779722274
|move|p1a: Ceruledge|Shadow Sneak|p2a: Latias
|-supereffective|p2a: Latias
|-damage|p2a: Latias|0 fnt
|faint|p2a: Latias
|
|upkeep
|
|t:|1779722276
|switch|p2a: Pecharunt|Pecharunt|100/100
|turn|10
|
|t:|1779722283
|switch|p1a: Kingambit|Kingambit, M|100/100
|-activate|p1a: Kingambit|ability: Supreme Overlord
|-start|p1a: Kingambit|fallen1|[silent]
|move|p2a: Pecharunt|Malignant Chain|p1a: Kingambit
|-immune|p1a: Kingambit
|
|upkeep
|turn|11
|
|t:|1779722298
|-terastallize|p2a: Pecharunt|Dark
|move|p2a: Pecharunt|Parting Shot|p1a: Kingambit
|-unboost|p1a: Kingambit|atk|1
|-unboost|p1a: Kingambit|spa|1
|
|t:|1779722308
|switch|p2a: Kingambit|Kingambit, M|100/100|[from] Parting Shot
|-damage|p2a: Kingambit|76/100|[from] Spikes
|-activate|p2a: Kingambit|ability: Supreme Overlord
|-start|p2a: Kingambit|fallen3|[silent]
|move|p1a: Kingambit|Iron Head|p2a: Kingambit
|-resisted|p2a: Kingambit
|-damage|p2a: Kingambit|65/100
|
|upkeep
|turn|12
|
|t:|1779722319
|move|p1a: Kingambit|Low Kick|p2a: Kingambit
|-supereffective|p2a: Kingambit
|-damage|p2a: Kingambit|0 fnt
|faint|p2a: Kingambit
|-end|p2a: Kingambit|fallen3|[silent]
|
|upkeep
|
|t:|1779722325
|switch|p2a: Zamazenta|Zamazenta|100/100
|-damage|p2a: Zamazenta|76/100|[from] Spikes
|-ability|p2a: Zamazenta|Dauntless Shield|boost
|-boost|p2a: Zamazenta|def|1
|turn|13
|
|t:|1779722331
|-end|p1a: Kingambit|fallen1|[silent]
|switch|p1a: Zapdos|Zapdos|100/100
|move|p2a: Zamazenta|Crunch|p1a: Zapdos
|-damage|p1a: Zapdos|73/100
|-unboost|p1a: Zapdos|def|1
|-status|p2a: Zamazenta|par|[from] ability: Static|[of] p1a: Zapdos
|
|upkeep
|turn|14
|-message|Belgian hippo forfeited.
|
|win|ElLoga
|raw|ElLoga's rating: 1391 &rarr; <strong>1415</strong><br />(+24 for winning)
|raw|Belgian hippo's rating: 1458 &rarr; <strong>1434</strong><br />(-24 for losing)
|l|☆Belgian hippo
|player|p2|
|l|☆ElLoga
|player|p1|
