|j|☆critical_32
|j|☆cat party
|t:|1779705634
|gametype|singles
|player|p1|critical_32|2|1384
|player|p2|cat party|265|1407
|gen|9
|tier|[Gen 9] OU
|rated|
|rule|HP Percentage Mod: HP is shown in percentages
|rule|Endless Battle Clause: Forcing endless battles is banned
|rule|Species Clause: Limit one of each Pokémon
|rule|OHKO Clause: OHKO moves are banned
|rule|Evasion Items Clause: Evasion items are banned
|rule|Evasion Moves Clause: Evasion moves are banned
|rule|Evasion Abilities Clause: Evasion abilities are banned
|rule|Sleep Moves Clause: Sleep-inducing moves are banned
|clearpoke
|poke|p1|Barraskewda, M|
|poke|p1|Basculegion, M|
|poke|p1|Goodra-Hisui, F|
|poke|p1|Blissey, F|
|poke|p1|Conkeldurr, M|
|poke|p1|Pelipper, M|
|poke|p2|Slowking-Galar, F|
|poke|p2|Great Tusk|
|poke|p2|Kyurem|
|poke|p2|Kingambit, F|
|poke|p2|Cinderace, M|
|poke|p2|Zapdos|
|teampreview
|inactive|Battle timer is ON: inactive players will automatically lose when time's up. (requested by cat party)
|
|t:|1779705642
|teamsize|p1|6
|teamsize|p2|6
|start
|switch|p1a: Barraskewda|Barraskewda, M|100/100
|switch|p2a: Slowking|Slowking-Galar, F|100/100
|turn|1
|
|t:|1779705645
|-terastallize|p1a: Barraskewda|Ground
|move|p1a: Barraskewda|Drill Run|p2a: Slowking
|-supereffective|p2a: Slowking
|-damage|p2a: Slowking|0 fnt
|faint|p2a: Slowking
|
|upkeep
|
|t:|1779705650
|switch|p2a: Kyurem|Kyurem|100/100
|-ability|p2a: Kyurem|Pressure
|turn|2
|
|t:|1779705655
|switch|p1a: Goodra|Goodra-Hisui, F|100/100
|move|p2a: Kyurem|Freeze-Dry|p1a: Goodra
|-damage|p1a: Goodra|67/100
|
|upkeep
|turn|3
|
|t:|1779705660
|move|p2a: Kyurem|Freeze-Dry|p1a: Goodra
|-damage|p1a: Goodra|31/100
|move|p1a: Goodra|Surf|p2a: Kyurem
|-resisted|p2a: Kyurem
|-damage|p2a: Kyurem|80/100
|
|upkeep
|turn|4
|
|t:|1779705665
|move|p2a: Kyurem|Freeze-Dry|p1a: Goodra
|-damage|p1a: Goodra|0 fnt
|faint|p1a: Goodra
|
|upkeep
|
|t:|1779705667
|switch|p1a: Blissey|Blissey, F|100/100
|turn|5
|
|t:|1779705671
|switch|p2a: Kingambit|Kingambit, F|100/100
|-activate|p2a: Kingambit|ability: Supreme Overlord
|-start|p2a: Kingambit|fallen1|[silent]
|move|p1a: Blissey|Shadow Ball|p2a: Kingambit
|-resisted|p2a: Kingambit
|-damage|p2a: Kingambit|90/100
|-unboost|p2a: Kingambit|spd|1
|
|-heal|p2a: Kingambit|96/100|[from] item: Leftovers
|upkeep
|turn|6
|
|t:|1779705679
|move|p2a: Kingambit|Swords Dance|p2a: Kingambit
|-boost|p2a: Kingambit|atk|2
|move|p1a: Blissey|Thunder|p2a: Kingambit
|-damage|p2a: Kingambit|54/100
|
|-heal|p2a: Kingambit|60/100|[from] item: Leftovers
|upkeep
|turn|7
|
|t:|1779705690
|switch|p1a: Pelipper|Pelipper, M|100/100
|-weather|RainDance|[from] ability: Drizzle|[of] p1a: Pelipper
|move|p2a: Kingambit|Iron Head|p1a: Pelipper
|-resisted|p1a: Pelipper
|-damage|p1a: Pelipper|35/100
|
|-weather|RainDance|[upkeep]
|-heal|p2a: Kingambit|66/100|[from] item: Leftovers
|upkeep
|turn|8
|
|t:|1779705696
|switch|p1a: Blissey|Blissey, F|100/100
|move|p2a: Kingambit|Iron Head|p1a: Blissey
|-damage|p1a: Blissey|0 fnt
|faint|p1a: Blissey
|
|-weather|RainDance|[upkeep]
|-heal|p2a: Kingambit|73/100|[from] item: Leftovers
|upkeep
|
|t:|1779705699
|switch|p1a: Conkeldurr|Conkeldurr, M|100/100
|turn|9
|
|t:|1779705704
|-terastallize|p2a: Kingambit|Ghost
|move|p1a: Conkeldurr|Mach Punch|p2a: Kingambit
|-immune|p2a: Kingambit
|move|p2a: Kingambit|Iron Head|p1a: Conkeldurr
|-crit|p1a: Conkeldurr
|-damage|p1a: Conkeldurr|0 fnt
|faint|p1a: Conkeldurr
|
|-weather|RainDance|[upkeep]
|-heal|p2a: Kingambit|79/100|[from] item: Leftovers
|upkeep
|
|t:|1779705708
|switch|p1a: Basculegion|Basculegion, M|100/100
|turn|10
|
|t:|1779705710
|move|p1a: Basculegion|Aqua Jet|p2a: Kingambit
|-damage|p2a: Kingambit|40/100
|move|p2a: Kingambit|Sucker Punch||[still]
|-fail|p2a: Kingambit
|
|-weather|RainDance|[upkeep]
|-heal|p2a: Kingambit|47/100|[from] item: Leftovers
|upkeep
|turn|11
|
|t:|1779705722
|move|p1a: Basculegion|Aqua Jet|p2a: Kingambit
|-damage|p2a: Kingambit|8/100
|move|p2a: Kingambit|Iron Head|p1a: Basculegion
|-resisted|p1a: Basculegion
|-damage|p1a: Basculegion|34/100
|
|-weather|RainDance|[upkeep]
|-heal|p2a: Kingambit|14/100|[from] item: Leftovers
|upkeep
|turn|12
|inactive|critical_32 has 120 seconds left.
|inactive|critical_32 has 90 seconds left.
|inactive|critical_32 has 60 seconds left.
|l|☆critical_32
|inactive|critical_32 disconnected and has a minute to reconnect!
|player|p1|
|inactive|critical_32 has 30 seconds left.
|inactive|critical_32 has 20 seconds left.
|inactive|critical_32 has 15 seconds left.
|inactive|critical_32 has 10 seconds left.
|inactive|critical_32 has 5 seconds left.
|-message|critical_32 lost due to inactivity.
|
|win|cat party
|raw|critical_32's rating: 1384 &rarr; <strong>1365</strong><br />(-19 for losing)
|raw|cat party's rating: 1407 &rarr; <strong>1426</strong><br />(+19 for winning)
|l|☆cat party
|player|p2|
