|j|☆SnowstormO-o
|j|☆Veeriscared
|t:|1779717839
|gametype|singles
|player|p1|SnowstormO-o|psychicf-gen4|1244
|player|p2|Veeriscared|265|1212
|gen|9
|tier|[Gen 9] OU
|rated|
|rule|HP Percentage Mod: HP is shown in percentages
|rule|Endless Battle Clause: Forcing endless battles is banned
|rule|Species Clause: Limit one of each Pokémon
|rule|OHKO Clause: OHKO moves are banned
|rule|Evasion Items Clause: Evasion items are banned
|rule|Evasion Moves Clause: Evasion moves are banned
|rule|Evasion Abilities Clause: Evasion abilities are banned
|rule|Sleep Moves Clause: Sleep-inducing moves are banned
|clearpoke
|poke|p1|Walking Wake|
|poke|p1|Torkoal, F|
|poke|p1|Slither Wing|
|poke|p1|Pecharunt|
|poke|p1|Great Tusk|
|poke|p1|Lilligant-Hisui, F|
|poke|p2|Forretress, F|
|poke|p2|Dragapult, F|
|poke|p2|Hitmonlee, M|
|poke|p2|Mamoswine, F|
|poke|p2|Noivern, F|
|poke|p2|Scizor, M|
|teampreview
|inactive|Battle timer is ON: inactive players will automatically lose when time's up. (requested by Veeriscared)
|
|t:|1779717844
|teamsize|p1|6
|teamsize|p2|6
|start
|switch|p1a: Torkoal|Torkoal, F|100/100
|switch|p2a: Mamoswine|Mamoswine, F|100/100
|-weather|SunnyDay|[from] ability: Drought|[of] p1a: Torkoal
|turn|1
|
|t:|1779717851
|switch|p1a: Slither Wing|Slither Wing|100/100
|-activate|p1a: Slither Wing|ability: Protosynthesis
|-start|p1a: Slither Wing|protosynthesisatk
|move|p2a: Mamoswine|Earthquake|p1a: Slither Wing
|-resisted|p1a: Slither Wing
|-damage|p1a: Slither Wing|61/100
|-damage|p2a: Mamoswine|91/100|[from] item: Life Orb
|
|-weather|SunnyDay|[upkeep]
|upkeep
|turn|2
|
|t:|1779717861
|switch|p2a: Noivern|Noivern, F|100/100
|-item|p1a: Slither Wing|Weakness Policy|[from] ability: Frisk|[of] p2a: Noivern
|move|p1a: Slither Wing|First Impression|p2a: Noivern
|-resisted|p2a: Noivern
|-damage|p2a: Noivern|56/100
|-enditem|p2a: Noivern|Eject Button
|
|t:|1779717868
|switch|p2a: Dragapult|Dragapult, F, shiny|100/100
|
|-weather|SunnyDay|[upkeep]
|upkeep
|turn|3
|
|t:|1779717878
|-end|p1a: Slither Wing|Protosynthesis|[silent]
|switch|p1a: Pecharunt|Pecharunt|100/100
|move|p2a: Dragapult|Flamethrower|p1a: Pecharunt
|-damage|p1a: Pecharunt|39/100
|
|-weather|SunnyDay|[upkeep]
|-heal|p1a: Pecharunt|45/100|[from] item: Black Sludge
|upkeep
|turn|4
|
|t:|1779717893
|move|p2a: Dragapult|Flamethrower|p1a: Pecharunt
|-damage|p1a: Pecharunt|0 fnt
|faint|p1a: Pecharunt
|
|-weather|SunnyDay|[upkeep]
|upkeep
|
|t:|1779717903
|switch|p1a: Lilligant|Lilligant-Hisui, F|100/100
|turn|5
|
|t:|1779717906
|switch|p2a: Noivern|Noivern, F|56/100
|-item|p1a: Lilligant|Focus Sash|[from] ability: Frisk|[of] p2a: Noivern
|move|p1a: Lilligant|Victory Dance|p1a: Lilligant
|-boost|p1a: Lilligant|atk|1
|-boost|p1a: Lilligant|def|1
|-boost|p1a: Lilligant|spe|1
|
|-weather|SunnyDay|[upkeep]
|upkeep
|turn|6
|
|t:|1779717916
|move|p1a: Lilligant|Acrobatics|p2a: Noivern
|-damage|p2a: Noivern|23/100
|move|p2a: Noivern|Flamethrower|p1a: Lilligant
|-supereffective|p1a: Lilligant
|-enditem|p1a: Lilligant|Focus Sash
|-damage|p1a: Lilligant|1/100
|
|-weather|SunnyDay|[upkeep]
|upkeep
|turn|7
|
|t:|1779717927
|move|p1a: Lilligant|Acrobatics|p2a: Noivern
|-damage|p2a: Noivern|0 fnt
|faint|p2a: Noivern
|
|-weather|SunnyDay|[upkeep]
|upkeep
|
|t:|1779717932
|switch|p2a: Scizor|Scizor, M|100/100
|turn|8
|
|t:|1779717937
|switch|p1a: Slither Wing|Slither Wing|61/100
|-activate|p1a: Slither Wing|ability: Protosynthesis
|-start|p1a: Slither Wing|protosynthesisatk
|move|p2a: Scizor|Bullet Punch|p1a: Slither Wing
|-damage|p1a: Slither Wing|25/100
|
|-weather|none
|-end|p1a: Slither Wing|Protosynthesis
|upkeep
|turn|9
|
|t:|1779717945
|move|p2a: Scizor|Bullet Punch|p1a: Slither Wing
|-damage|p1a: Slither Wing|0 fnt
|faint|p1a: Slither Wing
|-end|p1a: Slither Wing|Protosynthesis|[silent]
|
|upkeep
|
|t:|1779717948
|switch|p1a: Torkoal|Torkoal, F|100/100
|-weather|SunnyDay|[from] ability: Drought|[of] p1a: Torkoal
|turn|10
|
|t:|1779717959
|move|p2a: Scizor|Bullet Punch|p1a: Torkoal
|-resisted|p1a: Torkoal
|-damage|p1a: Torkoal|89/100
|move|p1a: Torkoal|Stealth Rock|p2a: Scizor
|-sidestart|p2: Veeriscared|move: Stealth Rock
|
|-weather|SunnyDay|[upkeep]
|upkeep
|turn|11
|
|t:|1779717966
|move|p2a: Scizor|Close Combat|p1a: Torkoal
|-damage|p1a: Torkoal|62/100
|-unboost|p2a: Scizor|def|1
|-unboost|p2a: Scizor|spd|1
|move|p1a: Torkoal|Lava Plume|p2a: Scizor
|-supereffective|p2a: Scizor
|-damage|p2a: Scizor|0 fnt
|faint|p2a: Scizor
|
|-weather|SunnyDay|[upkeep]
|upkeep
|
|t:|1779717971
|switch|p2a: Mamoswine|Mamoswine, F|91/100
|-damage|p2a: Mamoswine|78/100|[from] Stealth Rock
|turn|12
|
|t:|1779717980
|switch|p1a: Walking Wake|Walking Wake|100/100
|-activate|p1a: Walking Wake|ability: Protosynthesis
|-start|p1a: Walking Wake|protosynthesisspa
|move|p2a: Mamoswine|Earthquake|p1a: Walking Wake
|-damage|p1a: Walking Wake|24/100
|-damage|p2a: Mamoswine|68/100|[from] item: Life Orb
|
|-weather|SunnyDay|[upkeep]
|upkeep
|turn|13
|
|t:|1779717990
|move|p2a: Mamoswine|Ice Shard|p1a: Walking Wake
|-damage|p1a: Walking Wake|0 fnt
|faint|p1a: Walking Wake
|-end|p1a: Walking Wake|Protosynthesis|[silent]
|-damage|p2a: Mamoswine|58/100|[from] item: Life Orb
|
|-weather|SunnyDay|[upkeep]
|upkeep
|
|t:|1779718001
|switch|p1a: Great Tusk|Great Tusk|100/100
|-activate|p1a: Great Tusk|ability: Protosynthesis
|-start|p1a: Great Tusk|protosynthesisatk
|turn|14
|
|t:|1779718012
|move|p2a: Mamoswine|Icicle Crash|p1a: Great Tusk
|-supereffective|p1a: Great Tusk
|-damage|p1a: Great Tusk|18/100
|-damage|p2a: Mamoswine|48/100|[from] item: Life Orb
|cant|p1a: Great Tusk|flinch
|
|-weather|SunnyDay|[upkeep]
|upkeep
|turn|15
|
|t:|1779718024
|-end|p1a: Great Tusk|Protosynthesis|[silent]
|switch|p1a: Lilligant|Lilligant-Hisui, F|1/100
|move|p2a: Mamoswine|Earthquake|p1a: Lilligant
|-resisted|p1a: Lilligant
|-damage|p1a: Lilligant|0 fnt
|faint|p1a: Lilligant
|-damage|p2a: Mamoswine|38/100|[from] item: Life Orb
|
|-weather|SunnyDay|[upkeep]
|upkeep
|
|t:|1779718034
|switch|p1a: Torkoal|Torkoal, F|62/100
|turn|16
|
|t:|1779718037
|move|p2a: Mamoswine|Earthquake|p1a: Torkoal
|-supereffective|p1a: Torkoal
|-damage|p1a: Torkoal|0 fnt
|faint|p1a: Torkoal
|-damage|p2a: Mamoswine|28/100|[from] item: Life Orb
|
|-weather|SunnyDay|[upkeep]
|upkeep
|-message|SnowstormO-o forfeited.
|
|win|Veeriscared
|raw|SnowstormO-o's rating: 1244 &rarr; <strong>1217</strong><br />(-27 for losing)
|raw|Veeriscared's rating: 1212 &rarr; <strong>1239</strong><br />(+27 for winning)
|l|☆SnowstormO-o
|player|p1|
|l|☆Veeriscared
|player|p2|
