|j|☆MemerBirb
|j|☆rock_consumer
|t:|1779566897
|gametype|singles
|player|p1|MemerBirb|265|
|player|p2|rock_consumer|ingo|
|gen|9
|tier|[Gen 9] OU
|rule|HP Percentage Mod: HP is shown in percentages
|rule|Endless Battle Clause: Forcing endless battles is banned
|rule|Species Clause: Limit one of each Pokémon
|rule|OHKO Clause: OHKO moves are banned
|rule|Evasion Items Clause: Evasion items are banned
|rule|Evasion Moves Clause: Evasion moves are banned
|rule|Evasion Abilities Clause: Evasion abilities are banned
|rule|Sleep Moves Clause: Sleep-inducing moves are banned
|clearpoke
|poke|p1|Garganacl, F|
|poke|p1|Greninja-*, M|
|poke|p1|Metagross|
|poke|p1|Garchomp, M|
|poke|p1|Ogerpon, F|
|poke|p1|Arcanine-Hisui, F|
|poke|p2|Darkrai|
|poke|p2|Alomomola, F|
|poke|p2|Kingambit, M|
|poke|p2|Gliscor, F|
|poke|p2|Iron Valiant|
|poke|p2|Great Tusk|
|teampreview
|
|t:|1779567025
|teamsize|p1|6
|teamsize|p2|6
|start
|switch|p1a: Greninja|Greninja, M|100/100
|switch|p2a: Iron Valiant|Iron Valiant|100/100
|turn|1
|
|t:|1779567038
|move|p1a: Greninja|U-turn|p2a: Iron Valiant
|-resisted|p2a: Iron Valiant
|-damage|p2a: Iron Valiant|96/100
|j| snaker333
|
|t:|1779567051
|switch|p1a: Metagross|Metagross|100/100|[from] U-turn
|move|p2a: Iron Valiant|Aura Sphere|p1a: Metagross
|-damage|p1a: Metagross|39/100
|
|upkeep
|turn|2
|c| snaker333|yo ts tuff
|c| snaker333|tuffest match of the grand 26?
|
|t:|1779567078
|move|p2a: Iron Valiant|Aura Sphere|p1a: Metagross
|-damage|p1a: Metagross|0 fnt
|faint|p1a: Metagross
|
|upkeep
|
|t:|1779567116
|switch|p1a: Ogerpon|Ogerpon, F|100/100
|turn|3
|
|t:|1779567149
|move|p2a: Iron Valiant|Aura Sphere|p1a: Ogerpon
|-damage|p1a: Ogerpon|32/100
|move|p1a: Ogerpon|Play Rough|p2a: Iron Valiant
|-supereffective|p2a: Iron Valiant
|-damage|p2a: Iron Valiant|3/100
|
|upkeep
|turn|4
|
|t:|1779567166
|move|p1a: Ogerpon|Spiky Shield|p1a: Ogerpon
|-singleturn|p1a: Ogerpon|move: Protect
|move|p2a: Iron Valiant|Aura Sphere|p1a: Ogerpon
|-activate|p1a: Ogerpon|move: Protect
|
|upkeep
|turn|5
|
|t:|1779567182
|move|p1a: Ogerpon|Spiky Shield|p1a: Ogerpon
|-singleturn|p1a: Ogerpon|move: Protect
|move|p2a: Iron Valiant|Aura Sphere|p1a: Ogerpon
|-activate|p1a: Ogerpon|move: Protect
|
|upkeep
|turn|6
|c| snaker333|js play lil bros
|
|t:|1779567227
|move|p2a: Iron Valiant|Aura Sphere|p1a: Ogerpon
|-damage|p1a: Ogerpon|0 fnt
|faint|p1a: Ogerpon
|
|upkeep
|
|t:|1779567241
|switch|p1a: Greninja|Greninja, M|100/100
|turn|7
|
|t:|1779567250
|-end|p2a: Iron Valiant|Quark Drive|[silent]
|switch|p2a: Alomomola|Alomomola, F|100/100
|move|p1a: Greninja|Ice Beam|p2a: Alomomola
|-resisted|p2a: Alomomola
|-damage|p2a: Alomomola|85/100
|
|-heal|p2a: Alomomola|91/100|[from] item: Leftovers
|upkeep
|turn|8
|c|☆rock_consumer|yasser you do not sing majesticly shut up
|
|t:|1779567270
|move|p1a: Greninja|Dark Pulse|p2a: Alomomola
|-damage|p2a: Alomomola|52/100
|move|p2a: Alomomola|Flip Turn|p1a: Greninja
|-resisted|p1a: Greninja
|-damage|p1a: Greninja|86/100
|c|☆rock_consumer|!weak dark
|c| rock_consumer|/raw <div class="infobox">Dark:<br /><span class="message-effect-weak">Weaknesses</span>: Bug, Fairy, Fighting<br /><span class="message-effect-resist">Resistances</span>: Dark, Ghost<br /><span class="message-effect-immune">Immunities</span>: Psychic, Prankster</div>
|
|t:|1779567308
|switch|p2a: Great Tusk|Great Tusk|100/100|[from] Flip Turn
|
|upkeep
|turn|9
|c|☆rock_consumer|i am pissman
|
|t:|1779567326
|-terastallize|p2a: Great Tusk|Water
|move|p1a: Greninja|Water Shuriken|p2a: Great Tusk
|-resisted|p2a: Great Tusk
|-damage|p2a: Great Tusk|95/100
|-resisted|p2a: Great Tusk
|-damage|p2a: Great Tusk|89/100
|-resisted|p2a: Great Tusk
|-damage|p2a: Great Tusk|84/100
|-hitcount|p2a: Great Tusk|3
|move|p2a: Great Tusk|Close Combat|p1a: Greninja
|-supereffective|p1a: Greninja
|-damage|p1a: Greninja|0 fnt
|-unboost|p2a: Great Tusk|def|1
|-unboost|p2a: Great Tusk|spd|1
|faint|p1a: Greninja
|
|upkeep
|
|t:|1779567339
|switch|p1a: Garchomp|Garchomp, M|100/100
|turn|10
|
|t:|1779567355
|move|p1a: Garchomp|Substitute|p1a: Garchomp
|-start|p1a: Garchomp|Substitute
|-damage|p1a: Garchomp|76/100
|move|p2a: Great Tusk|Ice Spinner|p1a: Garchomp
|-supereffective|p1a: Garchomp
|-end|p1a: Garchomp|Substitute
|
|upkeep
|turn|11
|c| snaker333|Am sniffing yasser's ahh and its telling me substitute
|
|t:|1779567370
|move|p1a: Garchomp|Substitute|p1a: Garchomp
|-start|p1a: Garchomp|Substitute
|-damage|p1a: Garchomp|51/100
|move|p2a: Great Tusk|Ice Spinner|p1a: Garchomp
|-supereffective|p1a: Garchomp
|-end|p1a: Garchomp|Substitute
|
|upkeep
|turn|12
|c|☆rock_consumer|no shit
|c|☆rock_consumer|is our brains shrinking ?
|
|t:|1779567391
|switch|p1a: Arcanine|Arcanine-Hisui, F|100/100
|move|p2a: Great Tusk|Ice Spinner|p1a: Arcanine
|-resisted|p1a: Arcanine
|-damage|p1a: Arcanine|82/100
|
|upkeep
|turn|13
|c| snaker333|the smelling yasser's ahh part or the other part?
|
|t:|1779567403
|move|p1a: Arcanine|Wild Charge|p2a: Great Tusk
|-supereffective|p2a: Great Tusk
|-crit|p2a: Great Tusk
|-damage|p2a: Great Tusk|0 fnt
|faint|p2a: Great Tusk
|-end|p2a: Great Tusk|Protosynthesis|[silent]
|
|upkeep
|c|☆rock_consumer|dam
|
|t:|1779567411
|switch|p2a: Iron Valiant|Iron Valiant|3/100
|turn|14
|
|t:|1779567430
|move|p2a: Iron Valiant|Aura Sphere|p1a: Arcanine
|-supereffective|p1a: Arcanine
|-damage|p1a: Arcanine|0 fnt
|faint|p1a: Arcanine
|
|upkeep
|
|t:|1779567434
|switch|p1a: Garganacl the goat|Garganacl, F|100/100
|turn|15
|
|t:|1779567455
|-terastallize|p1a: Garganacl the goat|Ghost
|move|p2a: Iron Valiant|Aura Sphere|p1a: Garganacl the goat
|-immune|p1a: Garganacl the goat
|move|p1a: Garganacl the goat|Salt Cure|p2a: Iron Valiant
|-resisted|p2a: Iron Valiant
|-crit|p2a: Iron Valiant
|-damage|p2a: Iron Valiant|0 fnt
|faint|p2a: Iron Valiant
|-end|p2a: Iron Valiant|Quark Drive|[silent]
|
|upkeep
|
|t:|1779567465
|switch|p2a: Darkrai|Darkrai|100/100
|turn|16
|
|t:|1779567476
|move|p2a: Darkrai|Nasty Plot|p2a: Darkrai
|-boost|p2a: Darkrai|spa|2
|move|p1a: Garganacl the goat|Iron Defense|p1a: Garganacl the goat
|-boost|p1a: Garganacl the goat|def|2
|
|upkeep
|turn|17
|
|t:|1779567483
|move|p2a: Darkrai|Nasty Plot|p2a: Darkrai
|-boost|p2a: Darkrai|spa|2
|move|p1a: Garganacl the goat|Body Press|p2a: Darkrai
|-supereffective|p2a: Darkrai
|-enditem|p2a: Darkrai|Focus Sash
|-damage|p2a: Darkrai|1/100
|
|upkeep
|turn|18
|
|t:|1779567493
|move|p2a: Darkrai|Dark Pulse|p1a: Garganacl the goat
|-supereffective|p1a: Garganacl the goat
|-damage|p1a: Garganacl the goat|0 fnt
|faint|p1a: Garganacl the goat
|
|upkeep
|c|☆rock_consumer|gg
|
|t:|1779567498
|switch|p1a: Garchomp|Garchomp, M|51/100
|turn|19
|
|t:|1779567504
|move|p2a: Darkrai|Dark Pulse|p1a: Garchomp
|-damage|p1a: Garchomp|0 fnt
|faint|p1a: Garchomp
|
|win|rock_consumer
|l|☆MemerBirb
|player|p1|
|l|☆rock_consumer
|player|p2|
