|j|☆Mr Tpen
|j|☆Noamm
|t:|1779641696
|gametype|singles
|player|p1|Mr Tpen|102|1676
|player|p2|Noamm|gambler|1673
|gen|9
|tier|[Gen 9] OU
|rated|
|rule|HP Percentage Mod: HP is shown in percentages
|rule|Endless Battle Clause: Forcing endless battles is banned
|rule|Species Clause: Limit one of each Pokémon
|rule|OHKO Clause: OHKO moves are banned
|rule|Evasion Items Clause: Evasion items are banned
|rule|Evasion Moves Clause: Evasion moves are banned
|rule|Evasion Abilities Clause: Evasion abilities are banned
|rule|Sleep Moves Clause: Sleep-inducing moves are banned
|clearpoke
|poke|p1|Kyurem|
|poke|p1|Hatterene, F|
|poke|p1|Darkrai|
|poke|p1|Great Tusk|
|poke|p1|Dragonite, F|
|poke|p1|Gholdengo|
|poke|p2|Lokix, M|
|poke|p2|Iron Valiant|
|poke|p2|Alomomola, F|
|poke|p2|Mandibuzz, F|
|poke|p2|Great Tusk|
|poke|p2|Gholdengo|
|teampreview
|inactive|Battle timer is ON: inactive players will automatically lose when time's up. (requested by Noamm)
|
|t:|1779641701
|teamsize|p1|6
|teamsize|p2|6
|start
|switch|p1a: Hatterene|Hatterene, F|100/100
|switch|p2a: G3-X|Iron Valiant, shiny|100/100
|turn|1
|
|t:|1779641710
|-end|p2a: G3-X|Quark Drive|[silent]
|switch|p2a: MACHINE TORNADER|Gholdengo|100/100
|move|p1a: Hatterene|Nuzzle|p2a: MACHINE TORNADER
|-damage|p2a: MACHINE TORNADER|96/100
|-status|p2a: MACHINE TORNADER|par
|
|upkeep
|turn|2
|
|t:|1779641714
|switch|p1a: Darkrai|Darkrai|100/100
|move|p2a: MACHINE TORNADER|Trick|p1a: Darkrai
|-activate|p2a: MACHINE TORNADER|move: Trick|[of] p1a: Darkrai
|-item|p1a: Darkrai|Choice Scarf|[from] move: Trick
|-item|p2a: MACHINE TORNADER|Choice Scarf|[from] move: Trick
|
|upkeep
|turn|3
|
|t:|1779641719
|switch|p2a: Tetsuya Sawaki|Alomomola, F|100/100
|move|p1a: Darkrai|Will-O-Wisp|p2a: Tetsuya Sawaki|[miss]
|-miss|p1a: Darkrai|p2a: Tetsuya Sawaki
|
|upkeep
|turn|4
|
|t:|1779641724
|switch|p1a: Hatterene|Hatterene, F|100/100
|move|p2a: Tetsuya Sawaki|Flip Turn|p1a: Hatterene
|-crit|p1a: Hatterene
|-damage|p1a: Hatterene|79/100
|-damage|p2a: Tetsuya Sawaki|84/100|[from] item: Rocky Helmet|[of] p1a: Hatterene
|
|t:|1779641729
|switch|p2a: G3-X|Iron Valiant, shiny|100/100|[from] Flip Turn
|
|upkeep
|turn|5
|
|t:|1779641732
|move|p2a: G3-X|Shadow Ball|p1a: Hatterene
|-supereffective|p1a: Hatterene
|-damage|p1a: Hatterene|0 fnt
|faint|p1a: Hatterene
|
|upkeep
|
|t:|1779641735
|switch|p1a: Darkrai|Darkrai|100/100
|turn|6
|
|t:|1779641738
|-end|p2a: G3-X|Quark Drive|[silent]
|switch|p2a: Tetsuya Sawaki|Alomomola, F|100/100
|move|p1a: Darkrai|Trick|p2a: Tetsuya Sawaki
|-activate|p1a: Darkrai|move: Trick|[of] p2a: Tetsuya Sawaki
|-item|p2a: Tetsuya Sawaki|Choice Scarf|[from] move: Trick
|-item|p1a: Darkrai|Assault Vest|[from] move: Trick
|
|upkeep
|turn|7
|
|t:|1779641747
|move|p1a: Darkrai|Dark Pulse|p2a: Tetsuya Sawaki
|-damage|p2a: Tetsuya Sawaki|68/100
|move|p2a: Tetsuya Sawaki|Flip Turn|p1a: Darkrai
|-damage|p1a: Darkrai|79/100
|
|t:|1779641749
|switch|p2a: Shining Agito|Lokix, M, shiny|100/100|[from] Flip Turn
|
|upkeep
|turn|8
|
|t:|1779641753
|switch|p1a: Great Tusk|Great Tusk|100/100
|move|p2a: Shining Agito|Knock Off|p1a: Great Tusk
|-resisted|p1a: Great Tusk
|-damage|p1a: Great Tusk|66/100
|-enditem|p1a: Great Tusk|Leftovers|[from] move: Knock Off|[of] p2a: Shining Agito
|
|upkeep
|turn|9
|
|t:|1779641757
|switch|p2a: G3-X|Iron Valiant, shiny|100/100
|move|p1a: Great Tusk|Stealth Rock|p2a: G3-X
|-sidestart|p2: Noamm|move: Stealth Rock
|
|upkeep
|turn|10
|
|t:|1779641763
|-end|p1a: Great Tusk|Protosynthesis|[silent]
|switch|p1a: Gholdengo|Gholdengo|100/100
|move|p2a: G3-X|Moonblast|p1a: Gholdengo
|-resisted|p1a: Gholdengo
|-damage|p1a: Gholdengo|61/100
|-unboost|p1a: Gholdengo|spa|1
|
|upkeep
|turn|11
|
|t:|1779641768
|-end|p2a: G3-X|Quark Drive|[silent]
|switch|p2a: Tetsuya Sawaki|Alomomola, F|100/100
|-damage|p2a: Tetsuya Sawaki|88/100|[from] Stealth Rock
|move|p1a: Gholdengo|Nasty Plot|p1a: Gholdengo
|-boost|p1a: Gholdengo|spa|2
|
|upkeep
|turn|12
|
|t:|1779641770
|move|p1a: Gholdengo|Thunderbolt|p2a: Tetsuya Sawaki
|-supereffective|p2a: Tetsuya Sawaki
|-damage|p2a: Tetsuya Sawaki|1/100
|move|p2a: Tetsuya Sawaki|Flip Turn|p1a: Gholdengo
|-damage|p1a: Gholdengo|44/100
|
|t:|1779641774
|switch|p2a: Gills Exceed|Great Tusk|100/100|[from] Flip Turn
|
|upkeep
|turn|13
|
|t:|1779641778
|move|p2a: Gills Exceed|Headlong Rush|p1a: Gholdengo
|-supereffective|p1a: Gholdengo
|-crit|p1a: Gholdengo
|-enditem|p1a: Gholdengo|Shuca Berry|[eat]
|-enditem|p1a: Gholdengo|Shuca Berry|[weaken]
|-damage|p1a: Gholdengo|0 fnt
|-unboost|p2a: Gills Exceed|def|1
|-unboost|p2a: Gills Exceed|spd|1
|faint|p1a: Gholdengo
|
|upkeep
|
|t:|1779641781
|switch|p1a: Darkrai|Darkrai|79/100
|turn|14
|
|t:|1779641791
|-end|p2a: Gills Exceed|Protosynthesis|[silent]
|switch|p2a: Tetsuya Sawaki|Alomomola, F|34/100
|-damage|p2a: Tetsuya Sawaki|22/100|[from] Stealth Rock
|move|p1a: Darkrai|Ice Beam|p2a: Tetsuya Sawaki
|-resisted|p2a: Tetsuya Sawaki
|-damage|p2a: Tetsuya Sawaki|9/100
|-status|p2a: Tetsuya Sawaki|frz
|
|upkeep
|turn|15
|
|t:|1779641794
|move|p1a: Darkrai|Ice Beam|p2a: Tetsuya Sawaki
|-resisted|p2a: Tetsuya Sawaki
|-damage|p2a: Tetsuya Sawaki|0 fnt
|faint|p2a: Tetsuya Sawaki
|
|upkeep
|
|t:|1779641797
|switch|p2a: Shining Agito|Lokix, M, shiny|100/100
|-damage|p2a: Shining Agito|76/100|[from] Stealth Rock
|turn|16
|
|t:|1779641803
|-terastallize|p2a: Shining Agito|Bug
|move|p2a: Shining Agito|First Impression|p1a: Darkrai
|-supereffective|p1a: Darkrai
|-crit|p1a: Darkrai
|-damage|p1a: Darkrai|0 fnt
|faint|p1a: Darkrai
|
|upkeep
|
|t:|1779641805
|switch|p1a: Dragonite|Dragonite, F|100/100
|turn|17
|
|t:|1779641809
|switch|p2a: Overlord|Mandibuzz, F|100/100
|move|p1a: Dragonite|Dragon Dance|p1a: Dragonite
|-boost|p1a: Dragonite|atk|1
|-boost|p1a: Dragonite|spe|1
|
|upkeep
|turn|18
|
|t:|1779641812
|switch|p1a: Kyurem|Kyurem|100/100
|-ability|p1a: Kyurem|Pressure
|move|p2a: Overlord|Foul Play|p1a: Kyurem
|-damage|p1a: Kyurem|75/100
|
|upkeep
|turn|19
|
|t:|1779641818
|switch|p2a: MACHINE TORNADER|Gholdengo|96/100 par
|-damage|p2a: MACHINE TORNADER|90/100 par|[from] Stealth Rock
|move|p1a: Kyurem|Ice Beam|p2a: MACHINE TORNADER
|-resisted|p2a: MACHINE TORNADER
|-damage|p2a: MACHINE TORNADER|64/100 par
|
|upkeep
|turn|20
|
|t:|1779641820
|move|p1a: Kyurem|Earth Power|p2a: MACHINE TORNADER
|-supereffective|p2a: MACHINE TORNADER
|-damage|p2a: MACHINE TORNADER|0 fnt
|faint|p2a: MACHINE TORNADER
|
|upkeep
|
|t:|1779641823
|switch|p2a: G3-X|Iron Valiant, shiny|100/100
|-damage|p2a: G3-X|94/100|[from] Stealth Rock
|turn|21
|
|t:|1779641825
|-terastallize|p1a: Kyurem|Poison
|move|p2a: G3-X|Moonblast|p1a: Kyurem
|-resisted|p1a: Kyurem
|-crit|p1a: Kyurem
|-damage|p1a: Kyurem|40/100
|move|p1a: Kyurem|Ice Beam|p2a: G3-X
|-damage|p2a: G3-X|10/100
|
|upkeep
|turn|22
|
|t:|1779641835
|-end|p2a: G3-X|Quark Drive|[silent]
|switch|p2a: Gills Exceed|Great Tusk|100/100
|move|p1a: Kyurem|Ice Beam|p2a: Gills Exceed
|-supereffective|p2a: Gills Exceed
|-damage|p2a: Gills Exceed|0 fnt
|faint|p2a: Gills Exceed
|-end|p2a: Gills Exceed|Protosynthesis|[silent]
|
|upkeep
|
|t:|1779641837
|switch|p2a: Shining Agito|Lokix, M, shiny, tera:Bug|76/100
|-damage|p2a: Shining Agito|51/100|[from] Stealth Rock
|turn|23
|
|t:|1779641841
|switch|p1a: Great Tusk|Great Tusk|66/100
|move|p2a: Shining Agito|U-turn|p1a: Great Tusk
|-resisted|p1a: Great Tusk
|-damage|p1a: Great Tusk|28/100
|
|t:|1779641844
|switch|p2a: G3-X|Iron Valiant, shiny|10/100|[from] U-turn
|-damage|p2a: G3-X|4/100|[from] Stealth Rock
|
|upkeep
|turn|24
|
|t:|1779641849
|move|p2a: G3-X|Moonblast|p1a: Great Tusk
|-supereffective|p1a: Great Tusk
|-damage|p1a: Great Tusk|0 fnt
|faint|p1a: Great Tusk
|-end|p1a: Great Tusk|Protosynthesis|[silent]
|
|upkeep
|
|t:|1779641851
|switch|p1a: Kyurem|Kyurem, tera:Poison|40/100
|-ability|p1a: Kyurem|Pressure
|turn|25
|
|t:|1779641856
|move|p2a: G3-X|Moonblast|p1a: Kyurem
|-resisted|p1a: Kyurem
|-damage|p1a: Kyurem|18/100
|move|p1a: Kyurem|Ice Beam|p2a: G3-X
|-damage|p2a: G3-X|0 fnt
|faint|p2a: G3-X
|-end|p2a: G3-X|Quark Drive|[silent]
|
|upkeep
|
|t:|1779641865
|switch|p2a: Shining Agito|Lokix, M, shiny, tera:Bug|51/100
|-damage|p2a: Shining Agito|26/100|[from] Stealth Rock
|turn|26
|
|t:|1779641867
|switch|p1a: Dragonite|Dragonite, F|100/100
|move|p2a: Shining Agito|First Impression|p1a: Dragonite
|-resisted|p1a: Dragonite
|-damage|p1a: Dragonite|63/100
|
|upkeep
|turn|27
|
|t:|1779641869
|switch|p2a: Overlord|Mandibuzz, F|100/100
|move|p1a: Dragonite|Roost|p1a: Dragonite
|-heal|p1a: Dragonite|100/100
|-singleturn|p1a: Dragonite|move: Roost
|
|upkeep
|turn|28
|
|t:|1779641872
|switch|p1a: Kyurem|Kyurem, tera:Poison|18/100
|-ability|p1a: Kyurem|Pressure
|move|p2a: Overlord|Foul Play|p1a: Kyurem
|-damage|p1a: Kyurem|0 fnt
|faint|p1a: Kyurem
|
|upkeep
|
|t:|1779641874
|switch|p1a: Dragonite|Dragonite, F|100/100
|turn|29
|
|t:|1779641879
|move|p1a: Dragonite|Extreme Speed|p2a: Overlord
|-damage|p2a: Overlord|84/100
|move|p2a: Overlord|Foul Play|p1a: Dragonite
|-damage|p1a: Dragonite|75/100
|
|upkeep
|turn|30
|
|t:|1779641882
|move|p1a: Dragonite|Extreme Speed|p2a: Overlord
|-damage|p2a: Overlord|69/100
|move|p2a: Overlord|Foul Play|p1a: Dragonite
|-damage|p1a: Dragonite|29/100
|
|upkeep
|turn|31
|
|t:|1779641885
|move|p1a: Dragonite|Extreme Speed|p2a: Overlord
|-damage|p2a: Overlord|53/100
|move|p2a: Overlord|Foul Play|p1a: Dragonite
|-crit|p1a: Dragonite
|-damage|p1a: Dragonite|0 fnt
|faint|p1a: Dragonite
|
|win|Noamm
|raw|Mr Tpen's rating: 1676 &rarr; <strong>1656</strong><br />(-20 for losing)
|raw|Noamm's rating: 1673 &rarr; <strong>1693</strong><br />(+20 for winning)
|l|☆Mr Tpen
|player|p1|
|c|☆Noamm|Gg
