|j|☆semisemi44
|j|☆superbad69
|t:|1779703094
|gametype|singles
|player|p1|semisemi44|2|1393
|player|p2|superbad69|1|1353
|gen|9
|tier|[Gen 9] OU
|rated|
|rule|HP Percentage Mod: HP is shown in percentages
|rule|Endless Battle Clause: Forcing endless battles is banned
|rule|Species Clause: Limit one of each Pokémon
|rule|OHKO Clause: OHKO moves are banned
|rule|Evasion Items Clause: Evasion items are banned
|rule|Evasion Moves Clause: Evasion moves are banned
|rule|Evasion Abilities Clause: Evasion abilities are banned
|rule|Sleep Moves Clause: Sleep-inducing moves are banned
|clearpoke
|poke|p1|Gliscor, M|
|poke|p1|Chansey, F|
|poke|p1|Gholdengo|
|poke|p1|Ditto|
|poke|p1|Corviknight, M|
|poke|p1|Toxapex, F|
|poke|p2|Slaking, F|
|poke|p2|Darkrai|
|poke|p2|Spidops, F|
|poke|p2|Gholdengo|
|poke|p2|Milotic, M|
|poke|p2|Samurott-Hisui, M|
|teampreview
|inactive|Battle timer is ON: inactive players will automatically lose when time's up. (requested by semisemi44)
|
|t:|1779703107
|teamsize|p1|6
|teamsize|p2|6
|start
|switch|p1a: Gliscor|Gliscor, M|100/100
|switch|p2a: Samurott|Samurott-Hisui, M|100/100
|turn|1
|
|t:|1779703113
|move|p1a: Gliscor|Protect|p1a: Gliscor
|-singleturn|p1a: Gliscor|Protect
|move|p2a: Samurott|Swords Dance|p2a: Samurott
|-boost|p2a: Samurott|atk|2
|
|-status|p1a: Gliscor|tox|[from] item: Toxic Orb
|upkeep
|turn|2
|
|t:|1779703120
|switch|p1a: Corviknight|Corviknight, M|100/100
|-ability|p1a: Corviknight|Unnerve
|move|p2a: Samurott|Ceaseless Edge|p1a: Corviknight
|-damage|p1a: Corviknight|43/100
|-sidestart|p1: semisemi44|Spikes
|
|-heal|p1a: Corviknight|50/100|[from] item: Leftovers
|upkeep
|turn|3
|
|t:|1779703134
|switch|p2a: Milotic|Milotic, M|100/100
|switch|p1a: Toxapex|Toxapex, F|100/100
|-damage|p1a: Toxapex|88/100|[from] Spikes
|
|-heal|p1a: Toxapex|94/100|[from] item: Black Sludge
|upkeep
|turn|4
|
|t:|1779703147
|switch|p2a: Gholdengo|Gholdengo|100/100
|-item|p2a: Gholdengo|Air Balloon
|move|p1a: Toxapex|Toxic Spikes|p2a: Gholdengo
|-sidestart|p2: superbad69|move: Toxic Spikes
|
|-heal|p1a: Toxapex|100/100|[from] item: Black Sludge
|upkeep
|turn|5
|
|t:|1779703155
|move|p2a: Gholdengo|Thunder Wave|p1a: Toxapex|[miss]
|-miss|p2a: Gholdengo|p1a: Toxapex
|move|p1a: Toxapex|Infestation|p2a: Gholdengo
|-resisted|p2a: Gholdengo
|-damage|p2a: Gholdengo|99/100
|-activate|p2a: Gholdengo|move: Infestation|[of] p1a: Toxapex
|-enditem|p2a: Gholdengo|Air Balloon
|
|-damage|p2a: Gholdengo|88/100|[from] move: Infestation|[partiallytrapped]
|upkeep
|turn|6
|
|t:|1779703170
|move|p2a: Gholdengo|Thunder Wave|p1a: Toxapex
|-status|p1a: Toxapex|par
|move|p1a: Toxapex|Toxic Spikes|p2a: Gholdengo
|-sidestart|p2: superbad69|move: Toxic Spikes
|
|-damage|p2a: Gholdengo|75/100|[from] move: Infestation|[partiallytrapped]
|upkeep
|turn|7
|
|t:|1779703192
|switch|p2a: Slaking|Slaking, F|100/100
|-status|p2a: Slaking|tox
|move|p1a: Toxapex|Infestation|p2a: Slaking
|-damage|p2a: Slaking|97/100 tox
|-activate|p2a: Slaking|move: Infestation|[of] p1a: Toxapex
|
|-damage|p2a: Slaking|91/100 tox|[from] psn
|-damage|p2a: Slaking|79/100 tox|[from] move: Infestation|[partiallytrapped]
|upkeep
|turn|8
|
|t:|1779703212
|move|p2a: Slaking|Giga Impact|p1a: Toxapex|[miss]
|-miss|p2a: Slaking|p1a: Toxapex
|move|p1a: Toxapex|Infestation|p2a: Slaking
|-damage|p2a: Slaking|76/100 tox
|
|-damage|p2a: Slaking|63/100 tox|[from] psn
|-damage|p2a: Slaking|51/100 tox|[from] move: Infestation|[partiallytrapped]
|upkeep
|turn|9
|
|t:|1779703221
|cant|p2a: Slaking|ability: Truant
|move|p1a: Toxapex|Infestation|p2a: Slaking
|-damage|p2a: Slaking|48/100 tox
|
|-damage|p2a: Slaking|30/100 tox|[from] psn
|-damage|p2a: Slaking|17/100 tox|[from] move: Infestation|[partiallytrapped]
|upkeep
|turn|10
|
|t:|1779703229
|move|p2a: Slaking|Giga Impact|p1a: Toxapex
|-damage|p1a: Toxapex|17/100 par
|-mustrecharge|p2a: Slaking
|cant|p1a: Toxapex|par
|
|-heal|p1a: Toxapex|23/100 par|[from] item: Black Sludge
|-damage|p2a: Slaking|0 fnt|[from] psn
|faint|p2a: Slaking
|upkeep
|
|t:|1779703238
|switch|p2a: Samurott|Samurott-Hisui, M|100/100
|-status|p2a: Samurott|tox
|turn|11
|
|t:|1779703243
|switch|p1a: Corviknight|Corviknight, M|50/100
|-ability|p1a: Corviknight|Unnerve
|move|p2a: Samurott|Ceaseless Edge|p1a: Corviknight
|-damage|p1a: Corviknight|23/100
|-sidestart|p1: semisemi44|Spikes
|
|-heal|p1a: Corviknight|29/100|[from] item: Leftovers
|-damage|p2a: Samurott|94/100 tox|[from] psn
|upkeep
|turn|12
|
|t:|1779703254
|move|p2a: Samurott|Razor Shell|p1a: Corviknight
|-damage|p1a: Corviknight|0 fnt
|faint|p1a: Corviknight
|
|-damage|p2a: Samurott|82/100 tox|[from] psn
|upkeep
|
|t:|1779703265
|switch|p1a: Ditto|Ditto|100/100
|-damage|p1a: Ditto|84/100|[from] Spikes
|-transform|p1a: Ditto|p2a: Samurott|[from] ability: Imposter
|turn|13
|
|t:|1779703272
|switch|p2a: Spidops|Spidops, F|100/100
|-status|p2a: Spidops|tox
|move|p1a: Ditto|Sacred Sword|p2a: Spidops
|-resisted|p2a: Spidops
|-damage|p2a: Spidops|74/100 tox
|
|-damage|p2a: Spidops|68/100 tox|[from] psn
|upkeep
|turn|14
|
|t:|1779703283
|switch|p1a: Gliscor|Gliscor, M|100/100 tox
|move|p2a: Spidops|Circle Throw|p1a: Gliscor
|-resisted|p1a: Gliscor
|-damage|p1a: Gliscor|91/100 tox
|drag|p1a: Chansey|Chansey, F|100/100
|-damage|p1a: Chansey|84/100|[from] Spikes
|
|-damage|p2a: Spidops|56/100 tox|[from] psn
|upkeep
|turn|15
|
|t:|1779703294
|move|p1a: Chansey|Stealth Rock|p2a: Spidops
|-sidestart|p2: superbad69|move: Stealth Rock
|move|p2a: Spidops|Sticky Web|p1a: Chansey
|-sidestart|p1: semisemi44|move: Sticky Web
|
|-damage|p2a: Spidops|37/100 tox|[from] psn
|upkeep
|turn|16
|
|t:|1779703300
|move|p1a: Chansey|Soft-Boiled|p1a: Chansey
|-heal|p1a: Chansey|100/100
|move|p2a: Spidops|Circle Throw|p1a: Chansey
|-supereffective|p1a: Chansey
|-damage|p1a: Chansey|43/100
|drag|p1a: Ditto|Ditto|84/100
|-damage|p1a: Ditto|67/100|[from] Spikes
|-activate|p1a: Ditto|move: Sticky Web
|-unboost|p1a: Ditto|spe|1
|-transform|p1a: Ditto|p2a: Spidops|[from] ability: Imposter
|
|-damage|p2a: Spidops|12/100 tox|[from] psn
|upkeep
|turn|17
|
|t:|1779703316
|move|p1a: Ditto|First Impression|p2a: Spidops
|-damage|p2a: Spidops|0 fnt
|faint|p2a: Spidops
|
|upkeep
|
|t:|1779703329
|switch|p2a: Samurott|Samurott-Hisui, M|82/100 tox
|-damage|p2a: Samurott|69/100 tox|[from] Stealth Rock
|turn|18
|
|t:|1779703345
|switch|p1a: Chansey|Chansey, F|43/100
|-damage|p1a: Chansey|26/100|[from] Spikes
|-activate|p1a: Chansey|move: Sticky Web
|-unboost|p1a: Chansey|spe|1
|move|p2a: Samurott|Razor Shell|p1a: Chansey
|-damage|p1a: Chansey|0 fnt
|faint|p1a: Chansey
|
|-damage|p2a: Samurott|63/100 tox|[from] psn
|upkeep
|
|t:|1779703357
|switch|p1a: Toxapex|Toxapex, F|56/100 par
|-damage|p1a: Toxapex|40/100 par|[from] Spikes
|-activate|p1a: Toxapex|move: Sticky Web
|-unboost|p1a: Toxapex|spe|1
|turn|19
|
|t:|1779703366
|switch|p1a: Gliscor|Gliscor, M|91/100 tox
|move|p2a: Samurott|Ceaseless Edge|p1a: Gliscor
|-damage|p1a: Gliscor|62/100 tox
|-sidestart|p1: semisemi44|Spikes
|
|-damage|p2a: Samurott|51/100 tox|[from] psn
|-heal|p1a: Gliscor|74/100 tox|[from] ability: Poison Heal
|upkeep
|turn|20
|
|t:|1779703382
|switch|p2a: Milotic|Milotic, M|100/100
|-status|p2a: Milotic|tox
|-damage|p2a: Milotic|88/100 tox|[from] Stealth Rock
|move|p1a: Gliscor|Protect||[still]
|-fail|p1a: Gliscor
|
|-heal|p2a: Milotic|94/100 tox|[from] item: Leftovers
|-heal|p1a: Gliscor|87/100 tox|[from] ability: Poison Heal
|-damage|p2a: Milotic|88/100 tox|[from] psn
|upkeep
|turn|21
|
|t:|1779703393
|move|p1a: Gliscor|Protect|p1a: Gliscor
|-singleturn|p1a: Gliscor|Protect
|move|p2a: Milotic|Dragon Tail|p1a: Gliscor
|-activate|p1a: Gliscor|move: Protect
|
|-heal|p2a: Milotic|94/100 tox|[from] item: Leftovers
|-heal|p1a: Gliscor|99/100 tox|[from] ability: Poison Heal
|-damage|p2a: Milotic|82/100 tox|[from] psn
|upkeep
|turn|22
|
|t:|1779703406
|move|p1a: Gliscor|Knock Off|p2a: Milotic
|-damage|p2a: Milotic|68/100 tox
|-enditem|p2a: Milotic|Leftovers|[from] move: Knock Off|[of] p1a: Gliscor
|move|p2a: Milotic|Flip Turn|p1a: Gliscor
|-supereffective|p1a: Gliscor
|-damage|p1a: Gliscor|85/100 tox
|
|t:|1779703411
|switch|p2a: Darkrai|Darkrai|100/100|[from] Flip Turn
|-status|p2a: Darkrai|tox
|-damage|p2a: Darkrai|88/100 tox|[from] Stealth Rock
|
|-damage|p2a: Darkrai|82/100 tox|[from] psn
|-heal|p1a: Gliscor|97/100 tox|[from] ability: Poison Heal
|upkeep
|turn|23
|
|t:|1779703420
|move|p1a: Gliscor|Protect|p1a: Gliscor
|-singleturn|p1a: Gliscor|Protect
|move|p2a: Darkrai|Nasty Plot|p2a: Darkrai
|-boost|p2a: Darkrai|spa|2
|
|-damage|p2a: Darkrai|70/100 tox|[from] psn
|-heal|p1a: Gliscor|100/100 tox|[from] ability: Poison Heal
|upkeep
|turn|24
|
|t:|1779703429
|move|p2a: Darkrai|Dark Pulse|p1a: Gliscor
|-damage|p1a: Gliscor|0 fnt
|faint|p1a: Gliscor
|-damage|p2a: Darkrai|60/100 tox|[from] item: Life Orb
|
|-damage|p2a: Darkrai|42/100 tox|[from] psn
|upkeep
|
|t:|1779703437
|switch|p1a: Ditto|Ditto|67/100
|-damage|p1a: Ditto|42/100|[from] Spikes
|-activate|p1a: Ditto|move: Sticky Web
|-unboost|p1a: Ditto|spe|1
|-transform|p1a: Ditto|p2a: Darkrai|[from] ability: Imposter
|turn|25
|
|t:|1779703450
|move|p1a: Ditto|Dark Pulse|p2a: Darkrai
|-resisted|p2a: Darkrai
|-damage|p2a: Darkrai|0 fnt
|faint|p2a: Darkrai
|
|upkeep
|
|t:|1779703453
|switch|p2a: Samurott|Samurott-Hisui, M|51/100 tox
|-damage|p2a: Samurott|38/100 tox|[from] Stealth Rock
|turn|26
|
|t:|1779703458
|move|p1a: Ditto|Dark Pulse|p2a: Samurott
|-resisted|p2a: Samurott
|-damage|p2a: Samurott|0 fnt
|faint|p2a: Samurott
|
|upkeep
|
|t:|1779703460
|switch|p2a: Milotic|Milotic, M|68/100 tox
|-damage|p2a: Milotic|56/100 tox|[from] Stealth Rock
|turn|27
|
|t:|1779703465
|-terastallize|p2a: Milotic|Fairy
|move|p1a: Ditto|Dark Pulse|p2a: Milotic
|-resisted|p2a: Milotic
|-damage|p2a: Milotic|31/100 tox
|move|p2a: Milotic|Scald|p1a: Ditto
|-damage|p1a: Ditto|9/100
|
|-damage|p2a: Milotic|25/100 tox|[from] psn
|upkeep
|turn|28
|
|t:|1779703476
|move|p1a: Ditto|Dark Pulse|p2a: Milotic
|-resisted|p2a: Milotic
|-damage|p2a: Milotic|0 fnt
|faint|p2a: Milotic
|
|upkeep
|-message|superbad69 forfeited.
|
|win|semisemi44
|raw|semisemi44's rating: 1393 &rarr; <strong>1411</strong><br />(+18 for winning)
|raw|superbad69's rating: 1353 &rarr; <strong>1335</strong><br />(-18 for losing)
|l|☆superbad69
|player|p2|
