|j|☆Scuhbee Fluff
|j|☆Metaknight918
|t:|1779612075
|gametype|singles
|player|p1|Scuhbee Fluff|swimmerf-gen4dp|1168
|player|p2|Metaknight918|169|1187
|gen|9
|tier|[Gen 9] OU
|rated|
|rule|HP Percentage Mod: HP is shown in percentages
|rule|Endless Battle Clause: Forcing endless battles is banned
|rule|Species Clause: Limit one of each Pokémon
|rule|OHKO Clause: OHKO moves are banned
|rule|Evasion Items Clause: Evasion items are banned
|rule|Evasion Moves Clause: Evasion moves are banned
|rule|Evasion Abilities Clause: Evasion abilities are banned
|rule|Sleep Moves Clause: Sleep-inducing moves are banned
|clearpoke
|poke|p1|Ceruledge, F|
|poke|p1|Dragapult, M|
|poke|p1|Pecharunt|
|poke|p1|Gholdengo|
|poke|p1|Froslass, F|
|poke|p1|Mimikyu, F|
|poke|p2|Weezing-Galar, M|
|poke|p2|Ogerpon, F|
|poke|p2|Skarmory, M|
|poke|p2|Alomomola, M|
|poke|p2|Clodsire, M|
|poke|p2|Hydreigon, M|
|teampreview
|c|☆Metaknight918|mono ghost
|c|☆Metaknight918|fun
|
|t:|1779612098
|teamsize|p1|6
|teamsize|p2|6
|start
|switch|p1a: Froslass|Froslass, F|100/100
|switch|p2a: Ogerpon|Ogerpon, F|100/100
|turn|1
|c|☆Scuhbee Fluff|yos
|
|t:|1779612110
|switch|p2a: Weezing|Weezing-Galar, M|100/100
|-ability|p2a: Weezing|Neutralizing Gas
|move|p1a: Froslass|Spikes|p2a: Weezing
|-sidestart|p2: Metaknight918|Spikes
|
|upkeep
|turn|2
|
|t:|1779612119
|move|p1a: Froslass|Spikes|p2a: Weezing
|-sidestart|p2: Metaknight918|Spikes
|move|p2a: Weezing|Will-O-Wisp|p1a: Froslass
|-status|p1a: Froslass|brn
|
|-damage|p1a: Froslass|94/100 brn|[from] brn
|upkeep
|turn|3
|
|t:|1779612129
|move|p1a: Froslass|Spikes|p2a: Weezing
|-sidestart|p2: Metaknight918|Spikes
|move|p2a: Weezing|Sludge Bomb|p1a: Froslass
|-resisted|p1a: Froslass
|-crit|p1a: Froslass
|-damage|p1a: Froslass|59/100 brn
|
|-damage|p1a: Froslass|53/100 brn|[from] brn
|upkeep
|turn|4
|
|t:|1779612140
|move|p2a: Weezing|Defog|p1a: Froslass
|-unboost|p1a: Froslass|evasion|1
|-sideend|p2: Metaknight918|Spikes|[from] move: Defog|[of] p2a: Weezing
|move|p1a: Froslass|Avalanche|p2a: Weezing
|-damage|p2a: Weezing|93/100
|
|-damage|p1a: Froslass|47/100 brn|[from] brn
|upkeep
|turn|5
|
|t:|1779612149
|move|p1a: Froslass|Spikes|p2a: Weezing
|-sidestart|p2: Metaknight918|Spikes
|move|p2a: Weezing|Sludge Bomb|p1a: Froslass
|-resisted|p1a: Froslass
|-damage|p1a: Froslass|26/100 brn
|
|-damage|p1a: Froslass|20/100 brn|[from] brn
|upkeep
|turn|6
|
|t:|1779612156
|move|p1a: Froslass|Destiny Bond|p1a: Froslass
|-singlemove|p1a: Froslass|Destiny Bond
|move|p2a: Weezing|Defog|p1a: Froslass
|-unboost|p1a: Froslass|evasion|1
|-sideend|p2: Metaknight918|Spikes|[from] move: Defog|[of] p2a: Weezing
|
|-damage|p1a: Froslass|14/100 brn|[from] brn
|upkeep
|turn|7
|
|t:|1779612166
|move|p1a: Froslass|Spikes|p2a: Weezing
|-sidestart|p2: Metaknight918|Spikes
|move|p2a: Weezing|Sludge Bomb|p1a: Froslass
|-resisted|p1a: Froslass
|-damage|p1a: Froslass|0 fnt
|faint|p1a: Froslass
|
|upkeep
|
|t:|1779612171
|switch|p1a: Gholdengo|Gholdengo|100/100
|-item|p1a: Gholdengo|Air Balloon
|turn|8
|
|t:|1779612181
|-end|p2a: Weezing|ability: Neutralizing Gas
|switch|p2a: Alomomola|Alomomola, M|100/100
|-damage|p2a: Alomomola|88/100|[from] Spikes
|move|p1a: Gholdengo|Make It Rain|p2a: Alomomola
|-resisted|p2a: Alomomola
|-damage|p2a: Alomomola|75/100
|-unboost|p1a: Gholdengo|spa|1
|
|upkeep
|turn|9
|
|t:|1779612190
|switch|p1a: Pecharunt|Pecharunt|100/100
|move|p2a: Alomomola|Flip Turn|p1a: Pecharunt
|-damage|p1a: Pecharunt|88/100
|
|t:|1779612199
|switch|p2a: Weezing|Weezing-Galar, M|93/100|[from] Flip Turn
|-ability|p2a: Weezing|Neutralizing Gas
|
|upkeep
|turn|10
|
|t:|1779612209
|-end|p2a: Weezing|ability: Neutralizing Gas
|switch|p2a: Clodsire|Clodsire, M|100/100
|-damage|p2a: Clodsire|88/100|[from] Spikes
|move|p1a: Pecharunt|Malignant Chain|p2a: Clodsire
|-resisted|p2a: Clodsire
|-damage|p2a: Clodsire|83/100
|
|upkeep
|turn|11
|
|t:|1779612218
|move|p1a: Pecharunt|Parting Shot|p2a: Clodsire
|-unboost|p2a: Clodsire|atk|1
|-unboost|p2a: Clodsire|spa|1
|
|t:|1779612224
|switch|p1a: Dragapult|Dragapult, M|100/100|[from] Parting Shot
|move|p2a: Clodsire|Stealth Rock|p1a: Dragapult
|-sidestart|p1: Scuhbee Fluff|move: Stealth Rock
|
|upkeep
|turn|12
|
|t:|1779612230
|switch|p2a: Skarmory|Skarmory, M, shiny|100/100
|move|p1a: Dragapult|Dragon Darts|p2a: Skarmory
|-resisted|p2a: Skarmory
|-damage|p2a: Skarmory|92/100
|-anim|p1a: Dragapult|Dragon Darts|p2a: Skarmory
|-resisted|p2a: Skarmory
|-damage|p2a: Skarmory|85/100
|-damage|p1a: Dragapult|91/100|[from] item: Life Orb
|
|upkeep
|turn|13
|
|t:|1779612240
|move|p1a: Dragapult|Thunderbolt|p2a: Skarmory
|-supereffective|p2a: Skarmory
|-damage|p2a: Skarmory|0 fnt
|faint|p2a: Skarmory
|-damage|p1a: Dragapult|81/100|[from] item: Life Orb
|
|upkeep
|
|t:|1779612244
|switch|p2a: Alomomola|Alomomola, M|100/100
|-damage|p2a: Alomomola|88/100|[from] Spikes
|turn|14
|
|t:|1779612252
|move|p1a: Dragapult|Dragon Darts|p2a: Alomomola
|-damage|p2a: Alomomola|69/100
|-anim|p1a: Dragapult|Dragon Darts|p2a: Alomomola
|-damage|p2a: Alomomola|50/100
|-damage|p1a: Dragapult|71/100|[from] item: Life Orb
|move|p2a: Alomomola|Play Rough|p1a: Dragapult
|-supereffective|p1a: Dragapult
|-damage|p1a: Dragapult|26/100
|-unboost|p1a: Dragapult|atk|1
|
|upkeep
|turn|15
|
|t:|1779612263
|switch|p2a: Weezing|Weezing-Galar, M|93/100
|-ability|p2a: Weezing|Neutralizing Gas
|move|p1a: Dragapult|Thunderbolt|p2a: Weezing
|-damage|p2a: Weezing|48/100
|-damage|p1a: Dragapult|17/100|[from] item: Life Orb
|
|upkeep
|turn|16
|
|t:|1779612273
|move|p1a: Dragapult|Thunderbolt|p2a: Weezing
|-damage|p2a: Weezing|0 fnt
|faint|p2a: Weezing
|-end|p2a: Weezing|ability: Neutralizing Gas
|-damage|p1a: Dragapult|7/100|[from] item: Life Orb
|
|upkeep
|
|t:|1779612284
|switch|p2a: Alomomola|Alomomola, M|83/100
|-damage|p2a: Alomomola|71/100|[from] Spikes
|turn|17
|
|t:|1779612288
|move|p1a: Dragapult|Shadow Ball|p2a: Alomomola
|-damage|p2a: Alomomola|48/100
|-damage|p1a: Dragapult|0 fnt|[from] item: Life Orb
|faint|p1a: Dragapult
|move|p2a: Alomomola|Flip Turn|p1: Dragapult|[notarget]
|-fail|p2a: Alomomola
|
|upkeep
|
|t:|1779612296
|switch|p1a: Pecharunt|Pecharunt|88/100
|-damage|p1a: Pecharunt|76/100|[from] Stealth Rock
|turn|18
|
|t:|1779612304
|switch|p2a: Clodsire|Clodsire, M|83/100
|-damage|p2a: Clodsire|70/100|[from] Spikes
|move|p1a: Pecharunt|Malignant Chain|p2a: Clodsire
|-resisted|p2a: Clodsire
|-damage|p2a: Clodsire|65/100
|
|upkeep
|turn|19
|
|t:|1779612313
|move|p1a: Pecharunt|Hex|p2a: Clodsire
|-damage|p2a: Clodsire|52/100
|move|p2a: Clodsire|Earthquake|p1a: Pecharunt
|-supereffective|p1a: Pecharunt
|-damage|p1a: Pecharunt|38/100
|
|upkeep
|turn|20
|
|t:|1779612321
|move|p1a: Pecharunt|Parting Shot|p2a: Clodsire
|-unboost|p2a: Clodsire|atk|1
|-unboost|p2a: Clodsire|spa|1
|
|t:|1779612324
|switch|p1a: Gholdengo|Gholdengo|100/100|[from] Parting Shot
|-damage|p1a: Gholdengo|94/100|[from] Stealth Rock
|-item|p1a: Gholdengo|Air Balloon
|move|p2a: Clodsire|Recover|p2a: Clodsire
|-heal|p2a: Clodsire|100/100
|
|upkeep
|turn|21
|
|t:|1779612333
|switch|p2a: Alomomola|Alomomola, M|81/100
|-damage|p2a: Alomomola|69/100|[from] Spikes
|move|p1a: Gholdengo|Nasty Plot|p1a: Gholdengo
|-boost|p1a: Gholdengo|spa|2
|
|upkeep
|turn|22
|
|t:|1779612341
|move|p1a: Gholdengo|Nasty Plot|p1a: Gholdengo
|-boost|p1a: Gholdengo|spa|2
|move|p2a: Alomomola|Mirror Coat||[still]
|-fail|p2a: Alomomola
|
|upkeep
|turn|23
|
|t:|1779612346
|switch|p2a: Clodsire|Clodsire, M|100/100
|-damage|p2a: Clodsire|88/100|[from] Spikes
|move|p1a: Gholdengo|Nasty Plot|p1a: Gholdengo
|-boost|p1a: Gholdengo|spa|2
|
|upkeep
|turn|24
|
|t:|1779612359
|move|p1a: Gholdengo|Make It Rain|p2a: Clodsire
|-damage|p2a: Clodsire|59/100
|-unboost|p1a: Gholdengo|spa|1
|move|p2a: Clodsire|Toxic|p1a: Gholdengo
|-immune|p1a: Gholdengo|[from] ability: Good as Gold
|
|upkeep
|turn|25
|
|t:|1779612366
|move|p1a: Gholdengo|Shadow Ball|p2a: Clodsire
|-damage|p2a: Clodsire|41/100
|move|p2a: Clodsire|Recover|p2a: Clodsire
|-heal|p2a: Clodsire|91/100
|
|upkeep
|turn|26
|
|t:|1779612381
|move|p1a: Gholdengo|Shadow Ball|p2a: Clodsire
|-damage|p2a: Clodsire|71/100
|move|p2a: Clodsire|Stealth Rock||[still]
|-fail|p2a: Clodsire
|
|upkeep
|turn|27
|
|t:|1779612386
|move|p1a: Gholdengo|Shadow Ball|p2a: Clodsire
|-damage|p2a: Clodsire|52/100
|move|p2a: Clodsire|Recover|p2a: Clodsire
|-heal|p2a: Clodsire|100/100
|
|upkeep
|turn|28
|
|t:|1779612395
|switch|p2a: Ogerpon|Ogerpon, F|100/100
|-damage|p2a: Ogerpon|88/100|[from] Spikes
|move|p1a: Gholdengo|Shadow Ball|p2a: Ogerpon
|-damage|p2a: Ogerpon|0 fnt
|faint|p2a: Ogerpon
|
|upkeep
|
|t:|1779612410
|switch|p2a: Alomomola|Alomomola, M|100/100
|-damage|p2a: Alomomola|88/100|[from] Spikes
|turn|29
|
|t:|1779612413
|move|p1a: Gholdengo|Nasty Plot|p1a: Gholdengo
|-boost|p1a: Gholdengo|spa|1
|move|p2a: Alomomola|Mirror Coat||[still]
|-fail|p2a: Alomomola
|
|upkeep
|turn|30
|
|t:|1779612418
|move|p1a: Gholdengo|Shadow Ball|p2a: Alomomola
|-damage|p2a: Alomomola|21/100
|move|p2a: Alomomola|Mirror Coat|p1a: Gholdengo
|-damage|p1a: Gholdengo|0 fnt
|-enditem|p1a: Gholdengo|Air Balloon
|faint|p1a: Gholdengo
|
|upkeep
|
|t:|1779612428
|switch|p1a: Ceruledge|Ceruledge, F|100/100
|-damage|p1a: Ceruledge|76/100|[from] Stealth Rock
|turn|31
|
|t:|1779612433
|switch|p2a: Clodsire|Clodsire, M|100/100
|-damage|p2a: Clodsire|88/100|[from] Spikes
|move|p1a: Ceruledge|Poltergeist|p2a: Clodsire
|-activate|p2a: Clodsire|move: Poltergeist|Covert Cloak
|-damage|p2a: Clodsire|28/100
|
|upkeep
|turn|32
|
|t:|1779612444
|move|p1a: Ceruledge|Bitter Blade|p2a: Clodsire
|-damage|p2a: Clodsire|0 fnt
|-heal|p1a: Ceruledge|97/100|[from] drain|[of] p2a: Clodsire
|faint|p2a: Clodsire
|
|upkeep
|
|t:|1779612447
|switch|p2a: Hydreigon|Hydreigon, M|100/100
|turn|33
|
|t:|1779612453
|switch|p1a: Pecharunt|Pecharunt|38/100
|-damage|p1a: Pecharunt|25/100|[from] Stealth Rock
|move|p2a: Hydreigon|Dark Pulse|p1a: Pecharunt
|-supereffective|p1a: Pecharunt
|-damage|p1a: Pecharunt|0 fnt
|faint|p1a: Pecharunt
|
|upkeep
|
|t:|1779612460
|switch|p1a: Mimikyu|Mimikyu, F|100/100
|-damage|p1a: Mimikyu|88/100|[from] Stealth Rock
|turn|34
|
|t:|1779612477
|-terastallize|p2a: Hydreigon|Steel
|move|p2a: Hydreigon|Dark Pulse|p1a: Mimikyu
|-activate|p1a: Mimikyu|ability: Disguise
|-damage|p1a: Mimikyu|88/100
|detailschange|p1a: Mimikyu|Mimikyu-Busted, F
|-damage|p1a: Mimikyu|76/100|[from] pokemon: Mimikyu-Busted
|move|p1a: Mimikyu|Swords Dance|p1a: Mimikyu
|-boost|p1a: Mimikyu|atk|2
|
|upkeep
|turn|35
|
|t:|1779612488
|-terastallize|p1a: Mimikyu|Water
|move|p2a: Hydreigon|Dark Pulse|p1a: Mimikyu
|-damage|p1a: Mimikyu|0 fnt
|faint|p1a: Mimikyu
|
|upkeep
|-message|Scuhbee Fluff forfeited.
|
|win|Metaknight918
|raw|Scuhbee Fluff's rating: 1168 &rarr; <strong>1144</strong><br />(-24 for losing)
|raw|Metaknight918's rating: 1187 &rarr; <strong>1211</strong><br />(+24 for winning)
|l|☆Scuhbee Fluff
|player|p1|
|c|☆Metaknight918|ggs
