|j|☆npctypebeat
|j|☆jadighghhhggvcccc
|t:|1779589746
|gametype|singles
|player|p1|npctypebeat|2|1141
|player|p2|jadighghhhggvcccc|169|1138
|gen|9
|tier|[Gen 9] OU
|rated|
|rule|HP Percentage Mod: HP is shown in percentages
|rule|Endless Battle Clause: Forcing endless battles is banned
|rule|Species Clause: Limit one of each Pokémon
|rule|OHKO Clause: OHKO moves are banned
|rule|Evasion Items Clause: Evasion items are banned
|rule|Evasion Moves Clause: Evasion moves are banned
|rule|Evasion Abilities Clause: Evasion abilities are banned
|rule|Sleep Moves Clause: Sleep-inducing moves are banned
|clearpoke
|poke|p1|Gliscor, M|
|poke|p1|Ogerpon, F|
|poke|p1|Walking Wake|
|poke|p1|Blissey, F|
|poke|p1|Corviknight, F|
|poke|p1|Pecharunt|
|poke|p2|Glimmora, F|
|poke|p2|Deoxys-Speed|
|poke|p2|Darkrai|
|poke|p2|Dragapult, F|
|poke|p2|Iron Valiant|
|poke|p2|Landorus-Therian, M|
|teampreview
|c|☆npctypebeat|hf
|inactive|Battle timer is ON: inactive players will automatically lose when time's up. (requested by jadighghhhggvcccc)
|
|t:|1779589763
|teamsize|p1|6
|teamsize|p2|6
|start
|switch|p1a: Gliscor|Gliscor, M|100/100
|switch|p2a: Glimmora|Glimmora, F|100/100
|turn|1
|inactive|npctypebeat also wants the timer to be on.
|
|t:|1779589780
|move|p2a: Glimmora|Stealth Rock|p1a: Gliscor
|-sidestart|p1: npctypebeat|move: Stealth Rock
|move|p1a: Gliscor|Spikes|p2a: Glimmora
|-sidestart|p2: jadighghhhggvcccc|Spikes
|
|-status|p1a: Gliscor|tox|[from] item: Toxic Orb
|upkeep
|turn|2
|
|t:|1779589809
|move|p2a: Glimmora|Mortal Spin|p1a: Gliscor
|-resisted|p1a: Gliscor
|-damage|p1a: Gliscor|98/100 tox
|-sideend|p2: jadighghhhggvcccc|Spikes|[from] move: Mortal Spin|[of] p2a: Glimmora
|move|p1a: Gliscor|Spikes|p2a: Glimmora
|-sidestart|p2: jadighghhhggvcccc|Spikes
|
|-heal|p1a: Gliscor|100/100 tox|[from] ability: Poison Heal
|upkeep
|turn|3
|inactive|npctypebeat has 120 seconds left.
|
|t:|1779589850
|move|p2a: Glimmora|Spikes|p1a: Gliscor
|-sidestart|p1: npctypebeat|Spikes
|move|p1a: Gliscor|Earthquake|p2a: Glimmora
|-supereffective|p2a: Glimmora
|-enditem|p2a: Glimmora|Focus Sash
|-damage|p2a: Glimmora|1/100
|-activate|p2a: Glimmora|ability: Toxic Debris
|-sidestart|p1: npctypebeat|move: Toxic Spikes
|
|upkeep
|turn|4
|
|t:|1779589865
|move|p2a: Glimmora|Mortal Spin|p1a: Gliscor
|-resisted|p1a: Gliscor
|-damage|p1a: Gliscor|98/100 tox
|-sideend|p2: jadighghhhggvcccc|Spikes|[from] move: Mortal Spin|[of] p2a: Glimmora
|move|p1a: Gliscor|Earthquake|p2a: Glimmora
|-supereffective|p2a: Glimmora
|-damage|p2a: Glimmora|0 fnt
|-activate|p2a: Glimmora|ability: Toxic Debris
|-sidestart|p1: npctypebeat|move: Toxic Spikes
|faint|p2a: Glimmora
|
|-heal|p1a: Gliscor|100/100 tox|[from] ability: Poison Heal
|upkeep
|
|t:|1779589871
|switch|p2a: Darkrai|Darkrai|100/100
|turn|5
|
|t:|1779589874
|move|p2a: Darkrai|Nasty Plot|p2a: Darkrai
|-boost|p2a: Darkrai|spa|2
|move|p1a: Gliscor|Toxic|p2a: Darkrai
|-status|p2a: Darkrai|tox
|
|-damage|p2a: Darkrai|94/100 tox|[from] psn
|upkeep
|turn|6
|
|t:|1779589877
|move|p2a: Darkrai|Ice Beam|p1a: Gliscor
|-supereffective|p1a: Gliscor
|-damage|p1a: Gliscor|0 fnt
|faint|p1a: Gliscor
|
|-heal|p2a: Darkrai|100/100 tox|[from] item: Leftovers
|-damage|p2a: Darkrai|88/100 tox|[from] psn
|upkeep
|inactive|npctypebeat has 120 seconds left.
|
|t:|1779589919
|switch|p1a: Blissey|Blissey, F|100/100
|turn|7
|
|t:|1779589944
|switch|p2a: Dragapult|Dragapult, F|100/100
|move|p1a: Blissey|Seismic Toss|p2a: Dragapult
|-immune|p2a: Dragapult
|
|upkeep
|turn|8
|
|t:|1779589952
|move|p2a: Dragapult|Substitute|p2a: Dragapult
|-start|p2a: Dragapult|Substitute
|-damage|p2a: Dragapult|76/100
|move|p1a: Blissey|Stealth Rock|p2a: Dragapult
|-sidestart|p2: jadighghhhggvcccc|move: Stealth Rock
|
|-heal|p2a: Dragapult|82/100|[from] item: Leftovers
|upkeep
|turn|9
|
|t:|1779589967
|switch|p1a: Corviknight|Corviknight, F|100/100
|-ability|p1a: Corviknight|Pressure
|move|p2a: Dragapult|Dragon Dance|p2a: Dragapult
|-boost|p2a: Dragapult|atk|1
|-boost|p2a: Dragapult|spe|1
|
|-heal|p2a: Dragapult|88/100|[from] item: Leftovers
|upkeep
|turn|10
|
|t:|1779589974
|switch|p1a: Pecharunt|Pecharunt|100/100
|-sideend|p1: npctypebeat|move: Toxic Spikes|[of] p1a: Pecharunt
|move|p2a: Dragapult|Dragon Dance|p2a: Dragapult
|-boost|p2a: Dragapult|atk|1
|-boost|p2a: Dragapult|spe|1
|
|-heal|p2a: Dragapult|94/100|[from] item: Leftovers
|upkeep
|turn|11
|
|t:|1779589991
|move|p2a: Dragapult|Phantom Force||[still]
|-prepare|p2a: Dragapult|Phantom Force
|move|p1a: Pecharunt|Malignant Chain|p2a: Dragapult|[miss]
|-miss|p1a: Pecharunt|p2a: Dragapult
|
|-heal|p2a: Dragapult|99/100|[from] item: Leftovers
|upkeep
|turn|12
|
|t:|1779590003
|move|p2a: Dragapult|Phantom Force|p1a: Pecharunt|[from] lockedmove
|-supereffective|p1a: Pecharunt
|-damage|p1a: Pecharunt|14/100
|move|p1a: Pecharunt|Malignant Chain|p2a: Dragapult
|-resisted|p2a: Dragapult
|-activate|p2a: Dragapult|move: Substitute|[damage]
|
|-heal|p2a: Dragapult|100/100|[from] item: Leftovers
|upkeep
|turn|13
|
|t:|1779590020
|switch|p1a: Blissey|Blissey, F|100/100
|move|p2a: Dragapult|Dragon Darts|p1a: Blissey
|-damage|p1a: Blissey|51/100
|-anim|p2a: Dragapult|Dragon Darts|p1a: Blissey
|-damage|p1a: Blissey|0 fnt
|faint|p1a: Blissey
|
|upkeep
|inactive|npctypebeat has 90 seconds left.
|
|t:|1779590055
|switch|p1a: Corviknight|Corviknight, F|100/100
|-ability|p1a: Corviknight|Pressure
|turn|14
|
|t:|1779590062
|move|p2a: Dragapult|Dragon Dance|p2a: Dragapult
|-boost|p2a: Dragapult|atk|1
|-boost|p2a: Dragapult|spe|1
|move|p1a: Corviknight|Thief|p2a: Dragapult
|-supereffective|p2a: Dragapult
|-end|p2a: Dragapult|Substitute
|
|upkeep
|turn|15
|
|t:|1779590077
|move|p2a: Dragapult|Phantom Force||[still]
|-prepare|p2a: Dragapult|Phantom Force
|move|p1a: Corviknight|Thief|p2a: Dragapult|[miss]
|-miss|p1a: Corviknight|p2a: Dragapult
|
|upkeep
|turn|16
|inactive|jadighghhhggvcccc has 120 seconds left.
|
|t:|1779590108
|move|p2a: Dragapult|Phantom Force|p1a: Corviknight|[from] lockedmove
|-damage|p1a: Corviknight|24/100
|move|p1a: Corviknight|Thief|p2a: Dragapult
|-supereffective|p2a: Dragapult
|-damage|p2a: Dragapult|68/100
|
|-heal|p2a: Dragapult|74/100|[from] item: Leftovers
|upkeep
|turn|17
|inactive|npctypebeat has 90 seconds left.
|
|t:|1779590135
|switch|p1a: Ogerpon|Ogerpon, F|100/100
|-terastallize|p2a: Dragapult|Dragon
|move|p2a: Dragapult|Dragon Darts|p1a: Ogerpon
|-crit|p1a: Ogerpon
|-damage|p1a: Ogerpon|0 fnt
|faint|p1a: Ogerpon
|
|-heal|p2a: Dragapult|80/100|[from] item: Leftovers
|upkeep
|inactive|npctypebeat has 60 seconds left.
|
|t:|1779590153
|switch|p1a: Corviknight|Corviknight, F|24/100
|-ability|p1a: Corviknight|Pressure
|turn|18
|inactive|npctypebeat has 60 seconds left.
|
|t:|1779590174
|move|p2a: Dragapult|Dragon Darts|p1a: Corviknight
|-resisted|p1a: Corviknight
|-damage|p1a: Corviknight|0 fnt
|faint|p1a: Corviknight
|
|-heal|p2a: Dragapult|86/100|[from] item: Leftovers
|upkeep
|
|t:|1779590188
|switch|p1a: Walking Wake|Walking Wake|100/100
|turn|19
|
|t:|1779590203
|move|p2a: Dragapult|Dragon Darts|p1a: Walking Wake
|-supereffective|p1a: Walking Wake
|-damage|p1a: Walking Wake|0 fnt
|faint|p1a: Walking Wake
|-end|p1a: Walking Wake|Protosynthesis|[silent]
|
|-heal|p2a: Dragapult|92/100|[from] item: Leftovers
|upkeep
|
|t:|1779590214
|switch|p1a: Pecharunt|Pecharunt|14/100
|turn|20
|
|t:|1779590220
|move|p2a: Dragapult|Dragon Darts|p1a: Pecharunt
|-damage|p1a: Pecharunt|0 fnt
|faint|p1a: Pecharunt
|
|win|jadighghhhggvcccc
|raw|npctypebeat's rating: 1161 &rarr; <strong>1134</strong><br />(-27 for losing)
|raw|jadighghhhggvcccc's rating: 1138 &rarr; <strong>1165</strong><br />(+27 for winning)
|c|☆npctypebeat|gg
