|j|☆yueeeem
|j|☆elokai
|t:|1779557176
|gametype|singles
|player|p1|yueeeem|nurse|1466
|player|p2|elokai|pokefanf-gen4|1538
|gen|9
|tier|[Gen 9] OU
|rated|
|rule|HP Percentage Mod: HP is shown in percentages
|rule|Endless Battle Clause: Forcing endless battles is banned
|rule|Species Clause: Limit one of each Pokémon
|rule|OHKO Clause: OHKO moves are banned
|rule|Evasion Items Clause: Evasion items are banned
|rule|Evasion Moves Clause: Evasion moves are banned
|rule|Evasion Abilities Clause: Evasion abilities are banned
|rule|Sleep Moves Clause: Sleep-inducing moves are banned
|clearpoke
|poke|p1|Braviary-Hisui, M|
|poke|p1|Pelipper, M|
|poke|p1|Iron Treads|
|poke|p1|Basculegion, M|
|poke|p1|Raging Bolt|
|poke|p1|Kingambit, F|
|poke|p2|Ribombee, F|
|poke|p2|Gholdengo|
|poke|p2|Kingambit, F|
|poke|p2|Raging Bolt|
|poke|p2|Enamorus, F|
|poke|p2|Manaphy|
|teampreview
|inactive|Battle timer is ON: inactive players will automatically lose when time's up. (requested by elokai)
|
|t:|1779557187
|teamsize|p1|6
|teamsize|p2|6
|start
|switch|p1a: Iron Treads|Iron Treads|100/100
|switch|p2a: Ribombee|Ribombee, F, shiny|100/100
|-enditem|p1a: Iron Treads|Booster Energy
|-activate|p1a: Iron Treads|ability: Quark Drive|[fromitem]
|-start|p1a: Iron Treads|quarkdrivespe
|turn|1
|
|t:|1779557198
|move|p1a: Iron Treads|Iron Head|p2a: Ribombee
|-supereffective|p2a: Ribombee
|-enditem|p2a: Ribombee|Focus Sash
|-damage|p2a: Ribombee|1/100
|move|p2a: Ribombee|Sticky Web|p1a: Iron Treads
|-sidestart|p1: yueeeem|move: Sticky Web
|
|upkeep
|turn|2
|
|t:|1779557204
|switch|p2a: Gholdengo|Gholdengo, shiny|100/100
|-item|p2a: Gholdengo|Air Balloon
|move|p1a: Iron Treads|Rapid Spin|p2a: Gholdengo
|-immune|p2a: Gholdengo
|
|upkeep
|turn|3
|
|t:|1779557209
|move|p1a: Iron Treads|Ice Spinner|p2a: Gholdengo
|-resisted|p2a: Gholdengo
|-damage|p2a: Gholdengo|87/100
|-enditem|p2a: Gholdengo|Air Balloon
|move|p2a: Gholdengo|Shadow Ball|p1a: Iron Treads
|-damage|p1a: Iron Treads|43/100
|
|upkeep
|turn|4
|
|t:|1779557215
|switch|p2a: Ribombee|Ribombee, F, shiny|1/100
|move|p1a: Iron Treads|Earthquake|p2a: Ribombee
|-resisted|p2a: Ribombee
|-damage|p2a: Ribombee|0 fnt
|faint|p2a: Ribombee
|
|upkeep
|
|t:|1779557241
|switch|p2a: Manaphy|Manaphy, shiny|100/100
|turn|5
|
|t:|1779557245
|move|p1a: Iron Treads|Rapid Spin|p2a: Manaphy
|-damage|p2a: Manaphy|86/100
|-boost|p1a: Iron Treads|spe|1
|-sideend|p1: yueeeem|Sticky Web|[from] move: Rapid Spin|[of] p1a: Iron Treads
|move|p2a: Manaphy|Surf|p1a: Iron Treads
|-supereffective|p1a: Iron Treads
|-damage|p1a: Iron Treads|0 fnt
|faint|p1a: Iron Treads
|-end|p1a: Iron Treads|Quark Drive|[silent]
|
|-heal|p2a: Manaphy|93/100|[from] item: Leftovers
|upkeep
|
|t:|1779557256
|switch|p1a: Raging Bolt|Raging Bolt|100/100
|-enditem|p1a: Raging Bolt|Booster Energy
|-activate|p1a: Raging Bolt|ability: Protosynthesis|[fromitem]
|-start|p1a: Raging Bolt|protosynthesisspa
|turn|6
|
|t:|1779557268
|move|p2a: Manaphy|Alluring Voice|p1a: Raging Bolt
|-supereffective|p1a: Raging Bolt
|-damage|p1a: Raging Bolt|56/100
|move|p1a: Raging Bolt|Thunder|p2a: Manaphy|[miss]
|-miss|p1a: Raging Bolt|p2a: Manaphy
|
|-heal|p2a: Manaphy|99/100|[from] item: Leftovers
|upkeep
|turn|7
|
|t:|1779557283
|-terastallize|p2a: Manaphy|Fairy
|move|p2a: Manaphy|Alluring Voice|p1a: Raging Bolt
|-supereffective|p1a: Raging Bolt
|-damage|p1a: Raging Bolt|0 fnt
|faint|p1a: Raging Bolt
|-end|p1a: Raging Bolt|Protosynthesis|[silent]
|
|-heal|p2a: Manaphy|100/100|[from] item: Leftovers
|upkeep
|
|t:|1779557290
|switch|p1a: Pelipper|Pelipper, M|100/100
|-weather|RainDance|[from] ability: Drizzle|[of] p1a: Pelipper
|turn|8
|
|t:|1779557297
|move|p2a: Manaphy|Tail Glow|p2a: Manaphy
|-boost|p2a: Manaphy|spa|3
|move|p1a: Pelipper|U-turn|p2a: Manaphy
|-resisted|p2a: Manaphy
|-damage|p2a: Manaphy|96/100
|
|t:|1779557303
|switch|p1a: Basculegion|Basculegion, M|100/100|[from] U-turn
|
|-weather|RainDance|[upkeep]
|-heal|p2a: Manaphy|100/100|[from] item: Leftovers
|upkeep
|turn|9
|
|t:|1779557308
|move|p1a: Basculegion|Wave Crash|p2a: Manaphy
|-damage|p2a: Manaphy|0 fnt
|faint|p2a: Manaphy
|-damage|p1a: Basculegion|71/100|[from] Recoil
|
|-weather|RainDance|[upkeep]
|upkeep
|
|t:|1779557315
|switch|p2a: Raging Bolt|Raging Bolt|100/100
|-enditem|p2a: Raging Bolt|Booster Energy
|-activate|p2a: Raging Bolt|ability: Protosynthesis|[fromitem]
|-start|p2a: Raging Bolt|protosynthesisspa
|turn|10
|
|t:|1779557321
|-terastallize|p1a: Basculegion|Ground
|move|p1a: Basculegion|Wave Crash|p2a: Raging Bolt
|-resisted|p2a: Raging Bolt
|-damage|p2a: Raging Bolt|36/100
|-damage|p1a: Basculegion|49/100|[from] Recoil
|move|p2a: Raging Bolt|Thunderbolt|p1a: Basculegion
|-immune|p1a: Basculegion
|
|-weather|RainDance|[upkeep]
|upkeep
|turn|11
|
|t:|1779557328
|move|p1a: Basculegion|Wave Crash|p2a: Raging Bolt
|-resisted|p2a: Raging Bolt
|-damage|p2a: Raging Bolt|0 fnt
|faint|p2a: Raging Bolt
|-end|p2a: Raging Bolt|Protosynthesis|[silent]
|-damage|p1a: Basculegion|37/100|[from] Recoil
|
|-weather|RainDance|[upkeep]
|upkeep
|
|t:|1779557336
|switch|p2a: Kingambit|Kingambit, F, shiny|100/100
|-activate|p2a: Kingambit|ability: Supreme Overlord
|-start|p2a: Kingambit|fallen3|[silent]
|turn|12
|
|t:|1779557341
|switch|p1a: Braviary|Braviary-Hisui, M|100/100
|move|p2a: Kingambit|Sucker Punch||[still]
|-fail|p2a: Kingambit
|
|-weather|RainDance|[upkeep]
|upkeep
|turn|13
|
|t:|1779557345
|move|p1a: Braviary|Vacuum Wave|p2a: Kingambit
|-supereffective|p2a: Kingambit
|-damage|p2a: Kingambit|21/100
|-damage|p1a: Braviary|91/100|[from] item: Life Orb
|move|p2a: Kingambit|Kowtow Cleave|p1a: Braviary
|-supereffective|p1a: Braviary
|-damage|p1a: Braviary|0 fnt
|faint|p1a: Braviary
|
|-weather|RainDance|[upkeep]
|upkeep
|
|t:|1779557354
|switch|p1a: Pelipper|Pelipper, M|100/100
|turn|14
|
|t:|1779557364
|move|p2a: Kingambit|Kowtow Cleave|p1a: Pelipper
|-damage|p1a: Pelipper|42/100
|move|p1a: Pelipper|Weather Ball|p2a: Kingambit
|-damage|p2a: Kingambit|0 fnt
|faint|p2a: Kingambit
|-end|p2a: Kingambit|fallen3|[silent]
|
|-weather|RainDance|[upkeep]
|upkeep
|
|t:|1779557381
|switch|p2a: Enamorus|Enamorus, F|100/100
|turn|15
|
|t:|1779557402
|switch|p1a: Kingambit|Kingambit, F|100/100
|-activate|p1a: Kingambit|ability: Supreme Overlord
|-start|p1a: Kingambit|fallen3|[silent]
|-item|p1a: Kingambit|Air Balloon
|move|p2a: Enamorus|Moonblast|p1a: Kingambit
|-damage|p1a: Kingambit|19/100
|-unboost|p1a: Kingambit|spa|1
|-enditem|p1a: Kingambit|Air Balloon
|-damage|p2a: Enamorus|91/100|[from] item: Life Orb
|
|-weather|none
|upkeep
|turn|16
|
|t:|1779557409
|-end|p1a: Kingambit|fallen3|[silent]
|switch|p1a: Pelipper|Pelipper, M|42/100
|-weather|RainDance|[from] ability: Drizzle|[of] p1a: Pelipper
|move|p2a: Enamorus|Moonblast|p1a: Pelipper
|-crit|p1a: Pelipper
|-damage|p1a: Pelipper|0 fnt
|faint|p1a: Pelipper
|-damage|p2a: Enamorus|81/100|[from] item: Life Orb
|
|-weather|RainDance|[upkeep]
|upkeep
|
|t:|1779557412
|switch|p1a: Basculegion|Basculegion, M, tera:Ground|37/100
|turn|17
|
|t:|1779557415
|move|p1a: Basculegion|Wave Crash|p2a: Enamorus
|-damage|p2a: Enamorus|0 fnt
|faint|p2a: Enamorus
|-damage|p1a: Basculegion|17/100|[from] Recoil
|
|-weather|RainDance|[upkeep]
|upkeep
|
|t:|1779557416
|switch|p2a: Gholdengo|Gholdengo, shiny|87/100
|turn|18
|
|t:|1779557419
|move|p1a: Basculegion|Wave Crash|p2a: Gholdengo
|-damage|p2a: Gholdengo|0 fnt
|faint|p2a: Gholdengo
|-damage|p1a: Basculegion|0 fnt|[from] Recoil
|faint|p1a: Basculegion
|
|win|yueeeem
|raw|yueeeem's rating: 1466 &rarr; <strong>1490</strong><br />(+24 for winning)
|raw|elokai's rating: 1538 &rarr; <strong>1514</strong><br />(-24 for losing)
|l|☆elokai
|player|p2|
