|inactive|Battle timer is ON: inactive players will automatically lose when time's up.
|t:|1779569113
|gametype|singles
|player|p1|Raichy|#zuplivbutterfree|
|player|p2|Sacri|#wcop2020france|
|gen|9
|tier|[Gen 9] OU
|rule|HP Percentage Mod: HP is shown in percentages
|rule|Endless Battle Clause: Forcing endless battles is banned
|rule|Species Clause: Limit one of each Pokémon
|rule|OHKO Clause: OHKO moves are banned
|rule|Evasion Items Clause: Evasion items are banned
|rule|Evasion Moves Clause: Evasion moves are banned
|rule|Evasion Abilities Clause: Evasion abilities are banned
|rule|Sleep Moves Clause: Sleep-inducing moves are banned
|clearpoke
|poke|p1|Ting-Lu|
|poke|p1|Corviknight, F|
|poke|p1|Darkrai|
|poke|p1|Cinderace, F|
|poke|p1|Kyurem|
|poke|p1|Slowking-Galar, M|
|poke|p2|Dragapult, M|
|poke|p2|Corviknight, M|
|poke|p2|Ting-Lu|
|poke|p2|Kyurem|
|poke|p2|Slowking-Galar, M|
|poke|p2|Cinderace, M|
|teampreview
|c|☆Sacri|hf
|c|☆Sacri|oh
|c|☆Raichy|hf
|c|☆Sacri|twinning
|c|☆Raichy|your ghost looks better than mine
|inactive|Raichy has 270 seconds left.
|c|☆Sacri|debatable
|
|t:|1779569164
|teamsize|p1|6
|teamsize|p2|6
|start
|switch|p1a: Cinderace|Cinderace, F|100/100
|switch|p2a: Dragapult|Dragapult, M|100/100
|turn|1
|
|t:|1779569180
|switch|p1a: Ting-Lu|Ting-Lu|100/100
|-ability|p1a: Ting-Lu|Vessel of Ruin
|move|p2a: Dragapult|Dragon Darts|p1a: Ting-Lu
|-crit|p1a: Ting-Lu
|-damage|p1a: Ting-Lu|71/100
|-anim|p2a: Dragapult|Dragon Darts|p1a: Ting-Lu
|-damage|p1a: Ting-Lu|53/100
|
|-heal|p1a: Ting-Lu|59/100|[from] item: Leftovers
|upkeep
|turn|2
|
|t:|1779569193
|move|p2a: Dragapult|Dragon Darts|p1a: Ting-Lu
|-damage|p1a: Ting-Lu|40/100
|-anim|p2a: Dragapult|Dragon Darts|p1a: Ting-Lu
|-damage|p1a: Ting-Lu|20/100
|move|p1a: Ting-Lu|Earthquake|p2a: Dragapult
|-damage|p2a: Dragapult|51/100
|
|-heal|p1a: Ting-Lu|26/100|[from] item: Leftovers
|upkeep
|turn|3
|inactive|Raichy has 270 seconds left.
|
|t:|1779569226
|switch|p2a: Cinderace|Cinderace, M|100/100
|switch|p1a: Corviknight|Corviknight, F|100/100
|-ability|p1a: Corviknight|Pressure
|
|upkeep
|turn|4
|inactive|Raichy has 270 seconds left.
|
|t:|1779569246
|switch|p1a: Cinderace|Cinderace, F|100/100
|move|p2a: Cinderace|Pyro Ball|p1a: Cinderace
|-resisted|p1a: Cinderace
|-damage|p1a: Cinderace|67/100
|
|upkeep
|turn|5
|
|t:|1779569251
|move|p2a: Cinderace|Pyro Ball|p1a: Cinderace
|-resisted|p1a: Cinderace
|-damage|p1a: Cinderace|33/100
|move|p1a: Cinderace|Pyro Ball|p2a: Cinderace
|-resisted|p2a: Cinderace
|-damage|p2a: Cinderace|52/100
|
|upkeep
|turn|6
|inactive|Raichy has 270 seconds left.
|
|t:|1779569265
|move|p2a: Cinderace|Pyro Ball|p1a: Cinderace
|-resisted|p1a: Cinderace
|-damage|p1a: Cinderace|0 fnt
|faint|p1a: Cinderace
|
|upkeep
|
|t:|1779569277
|switch|p1a: Slowking|Slowking-Galar, M|100/100
|turn|7
|
|t:|1779569281
|move|p2a: Cinderace|U-turn|p1a: Slowking
|-start|p2a: Cinderace|typechange|Bug|[from] ability: Libero
|-damage|p1a: Slowking|67/100
|
|t:|1779569284
|switch|p2a: Slowking|Slowking-Galar, M|100/100|[from] U-turn
|move|p1a: Slowking|Sludge Bomb|p2a: Slowking
|-resisted|p2a: Slowking
|-damage|p2a: Slowking|90/100
|
|-heal|p2a: Slowking|96/100|[from] item: Black Sludge
|upkeep
|turn|8
|
|t:|1779569289
|-prepare|p2a: Slowking|Chilly Reception|[premajor]
|move|p2a: Slowking|Chilly Reception|p2a: Slowking
|-weather|Snowscape
|
|t:|1779569297
|switch|p2a: Ting-Lu|Ting-Lu|100/100|[from] Chilly Reception
|-ability|p2a: Ting-Lu|Vessel of Ruin
|-prepare|p1a: Slowking|Chilly Reception|[premajor]
|move|p1a: Slowking|Chilly Reception|p1a: Slowking
|c|☆Sacri|peak
|
|t:|1779569306
|switch|p1a: Ting-Lu|Ting-Lu|26/100|[from] Chilly Reception
|-ability|p1a: Ting-Lu|Vessel of Ruin
|
|-weather|Snowscape|[upkeep]
|-heal|p1a: Ting-Lu|32/100|[from] item: Leftovers
|upkeep
|turn|9
|
|t:|1779569314
|move|p1a: Ting-Lu|Stealth Rock|p2a: Ting-Lu
|-sidestart|p2: Sacri|move: Stealth Rock
|move|p2a: Ting-Lu|Earthquake|p1a: Ting-Lu
|-damage|p1a: Ting-Lu|11/100
|
|-weather|Snowscape|[upkeep]
|-heal|p1a: Ting-Lu|17/100|[from] item: Leftovers
|upkeep
|turn|10
|
|t:|1779569321
|move|p1a: Ting-Lu|Ruination|p2a: Ting-Lu
|-damage|p2a: Ting-Lu|50/100
|move|p2a: Ting-Lu|Earthquake|p1a: Ting-Lu
|-damage|p1a: Ting-Lu|0 fnt
|faint|p1a: Ting-Lu
|
|-weather|Snowscape|[upkeep]
|-heal|p2a: Ting-Lu|57/100|[from] item: Leftovers
|upkeep
|
|t:|1779569326
|switch|p1a: Kyurem|Kyurem|100/100
|-ability|p1a: Kyurem|Pressure
|turn|11
|
|t:|1779569330
|switch|p2a: Slowking|Slowking-Galar, M|100/100
|-damage|p2a: Slowking|88/100|[from] Stealth Rock
|move|p1a: Kyurem|Blizzard|p2a: Slowking
|-damage|p2a: Slowking|42/100
|
|-weather|Snowscape|[upkeep]
|-heal|p2a: Slowking|48/100|[from] item: Black Sludge
|upkeep
|turn|12
|
|t:|1779569339
|-terastallize|p2a: Slowking|Water
|move|p1a: Kyurem|Blizzard|p2a: Slowking
|-resisted|p2a: Slowking
|-damage|p2a: Slowking|21/100
|-status|p2a: Slowking|frz
|-prepare|p2a: Slowking|Chilly Reception|[premajor]
|cant|p2a: Slowking|frz
|
|-weather|none
|-damage|p2a: Slowking|9/100 frz|[from] item: Black Sludge
|upkeep
|turn|13
|c|☆Sacri|f
|c|☆Raichy|mb
|
|t:|1779569348
|move|p1a: Kyurem|Blizzard|p2a: Slowking|[miss]
|-miss|p1a: Kyurem|p2a: Slowking
|-prepare|p2a: Slowking|Chilly Reception|[premajor]
|cant|p2a: Slowking|frz
|
|-damage|p2a: Slowking|0 fnt|[from] item: Black Sludge
|faint|p2a: Slowking
|upkeep
|
|t:|1779569351
|switch|p2a: Cinderace|Cinderace, M|52/100
|turn|14
|
|t:|1779569364
|switch|p1a: Slowking|Slowking-Galar, M|99/100
|move|p2a: Cinderace|Court Change|p2a: Cinderace
|-start|p2a: Cinderace|typechange|Normal|[from] ability: Libero
|-swapsideconditions
|-activate|p2a: Cinderace|move: Court Change
|
|upkeep
|turn|15
|
|t:|1779569369
|move|p2a: Cinderace|U-turn|p1a: Slowking
|-damage|p1a: Slowking|75/100
|
|t:|1779569373
|switch|p2a: Kyurem|Kyurem|100/100|[from] U-turn
|-ability|p2a: Kyurem|Pressure
|move|p1a: Slowking|Sludge Bomb|p2a: Kyurem
|-damage|p2a: Kyurem|68/100
|-status|p2a: Kyurem|psn
|
|-damage|p2a: Kyurem|56/100 psn|[from] psn
|upkeep
|turn|16
|c|☆Sacri|well
|
|t:|1779569388
|move|p2a: Kyurem|Earth Power|p1a: Slowking
|-supereffective|p1a: Slowking
|-damage|p1a: Slowking|15/100
|move|p1a: Slowking|Slack Off|p1a: Slowking
|-heal|p1a: Slowking|65/100
|
|-damage|p2a: Kyurem|43/100 psn|[from] psn
|upkeep
|turn|17
|
|t:|1779569397
|switch|p2a: Ting-Lu|Ting-Lu|57/100
|-ability|p2a: Ting-Lu|Vessel of Ruin
|switch|p1a: Corviknight|Corviknight, F|100/100
|-damage|p1a: Corviknight|88/100|[from] Stealth Rock
|-ability|p1a: Corviknight|Pressure
|
|-heal|p2a: Ting-Lu|63/100|[from] item: Leftovers
|upkeep
|turn|18
|
|t:|1779569406
|switch|p2a: Cinderace|Cinderace, M|52/100
|move|p1a: Corviknight|Body Press|p2a: Cinderace
|-damage|p2a: Cinderace|12/100
|
|upkeep
|turn|19
|
|t:|1779569414
|switch|p1a: Slowking|Slowking-Galar, M|99/100
|move|p2a: Cinderace|Pyro Ball|p1a: Slowking
|-damage|p1a: Slowking|40/100
|
|upkeep
|turn|20
|
|t:|1779569421
|switch|p2a: Kyurem|Kyurem|43/100 psn
|-ability|p2a: Kyurem|Pressure
|-terastallize|p1a: Slowking|Water
|move|p1a: Slowking|Sludge Bomb|p2a: Kyurem
|-damage|p2a: Kyurem|11/100 psn
|
|-damage|p2a: Kyurem|0 fnt|[from] psn
|faint|p2a: Kyurem
|upkeep
|
|t:|1779569428
|switch|p2a: Dragapult|Dragapult, M|51/100
|turn|21
|
|t:|1779569442
|switch|p1a: Corviknight|Corviknight, F|88/100
|-damage|p1a: Corviknight|76/100|[from] Stealth Rock
|-ability|p1a: Corviknight|Pressure
|move|p2a: Dragapult|Will-O-Wisp|p1a: Corviknight
|-status|p1a: Corviknight|brn
|
|-damage|p1a: Corviknight|70/100 brn|[from] brn
|upkeep
|turn|22
|
|t:|1779569449
|switch|p2a: Cinderace|Cinderace, M|12/100
|move|p1a: Corviknight|U-turn|p2a: Cinderace
|-resisted|p2a: Cinderace
|-damage|p2a: Cinderace|7/100
|
|t:|1779569465
|switch|p1a: Slowking|Slowking-Galar, M, tera:Water|73/100|[from] U-turn
|
|upkeep
|turn|23
|
|t:|1779569474
|switch|p2a: Corviknight|Corviknight, M|100/100
|-ability|p2a: Corviknight|Pressure
|-prepare|p1a: Slowking|Chilly Reception|[premajor]
|move|p1a: Slowking|Chilly Reception|p1a: Slowking
|-weather|Snowscape
|
|t:|1779569477
|switch|p1a: Kyurem|Kyurem|100/100|[from] Chilly Reception
|-damage|p1a: Kyurem|76/100|[from] Stealth Rock
|-ability|p1a: Kyurem|Pressure
|
|-weather|Snowscape|[upkeep]
|upkeep
|turn|24
|
|t:|1779569483
|move|p1a: Kyurem|Blizzard|p2a: Corviknight
|-damage|p2a: Corviknight|19/100
|move|p2a: Corviknight|U-turn|p1a: Kyurem
|-damage|p1a: Kyurem|66/100
|
|t:|1779569486
|switch|p2a: Dragapult|Dragapult, M|51/100|[from] U-turn
|
|-weather|Snowscape|[upkeep]
|upkeep
|turn|25
|
|t:|1779569510
|switch|p1a: Corviknight|Corviknight, F|70/100 brn
|-damage|p1a: Corviknight|58/100 brn|[from] Stealth Rock
|-ability|p1a: Corviknight|Pressure
|move|p2a: Dragapult|Dragon Darts|p1a: Corviknight
|-resisted|p1a: Corviknight
|-damage|p1a: Corviknight|47/100 brn
|-anim|p2a: Dragapult|Dragon Darts|p1a: Corviknight
|-resisted|p1a: Corviknight
|-damage|p1a: Corviknight|36/100 brn
|
|-weather|Snowscape|[upkeep]
|-damage|p1a: Corviknight|30/100 brn|[from] brn
|upkeep
|turn|26
|
|t:|1779569516
|switch|p2a: Cinderace|Cinderace, M|7/100
|move|p1a: Corviknight|U-turn|p2a: Cinderace
|-resisted|p2a: Cinderace
|-damage|p2a: Cinderace|2/100
|
|t:|1779569521
|switch|p1a: Darkrai|Darkrai|100/100|[from] U-turn
|-damage|p1a: Darkrai|88/100|[from] Stealth Rock
|
|-weather|Snowscape|[upkeep]
|upkeep
|turn|27
|
|t:|1779569528
|switch|p2a: Ting-Lu|Ting-Lu|63/100
|-ability|p2a: Ting-Lu|Vessel of Ruin
|move|p1a: Darkrai|Ice Beam|p2a: Ting-Lu
|-supereffective|p2a: Ting-Lu
|-damage|p2a: Ting-Lu|36/100
|
|-weather|none
|-heal|p2a: Ting-Lu|43/100|[from] item: Leftovers
|upkeep
|turn|28
|
|t:|1779569537
|move|p1a: Darkrai|Ice Beam|p2a: Ting-Lu
|-supereffective|p2a: Ting-Lu
|-damage|p2a: Ting-Lu|14/100
|move|p2a: Ting-Lu|Earthquake|p1a: Darkrai
|-damage|p1a: Darkrai|40/100
|
|-heal|p2a: Ting-Lu|20/100|[from] item: Leftovers
|upkeep
|turn|29
|
|t:|1779569540
|move|p1a: Darkrai|Ice Beam|p2a: Ting-Lu
|-supereffective|p2a: Ting-Lu
|-damage|p2a: Ting-Lu|0 fnt
|faint|p2a: Ting-Lu
|
|upkeep
|
|t:|1779569543
|switch|p2a: Dragapult|Dragapult, M|51/100
|turn|30
|
|t:|1779569545
|move|p1a: Darkrai|Ice Beam|p2a: Dragapult
|-supereffective|p2a: Dragapult
|-damage|p2a: Dragapult|0 fnt
|faint|p2a: Dragapult
|
|upkeep
|c|☆Sacri|yeah i mean
|c|☆Sacri|this was super won i think
|c|☆Sacri|gg
|-message|Sacri forfeited.
|
|win|Raichy
