|j|☆DarKnight3736
|j|‽Leap Call
|t:|1779591244
|gametype|singles
|player|p1|DarKnight3736|170|1340
|player|p2|Leap Call|169|1393
|gen|9
|tier|[Gen 9] OU
|rated|
|rule|HP Percentage Mod: HP is shown in percentages
|rule|Endless Battle Clause: Forcing endless battles is banned
|rule|Species Clause: Limit one of each Pokémon
|rule|OHKO Clause: OHKO moves are banned
|rule|Evasion Items Clause: Evasion items are banned
|rule|Evasion Moves Clause: Evasion moves are banned
|rule|Evasion Abilities Clause: Evasion abilities are banned
|rule|Sleep Moves Clause: Sleep-inducing moves are banned
|clearpoke
|poke|p1|Lokix, M|
|poke|p1|Skarmory, M|
|poke|p1|Iron Treads|
|poke|p1|Pecharunt|
|poke|p1|Alomomola, F|
|poke|p1|Iron Valiant|
|poke|p2|Pelipper, M|
|poke|p2|Lokix, M|
|poke|p2|Raging Bolt|
|poke|p2|Overqwil, M|
|poke|p2|Iron Treads|
|poke|p2|Zapdos|
|teampreview
|inactive|Battle timer is ON: inactive players will automatically lose when time's up. (requested by DarKnight3736)
|
|t:|1779591255
|teamsize|p1|6
|teamsize|p2|6
|start
|switch|p1a: Satsujin|Lokix, M|100/100
|switch|p2a: Pelipper|Pelipper, M|100/100
|-weather|RainDance|[from] ability: Drizzle|[of] p2a: Pelipper
|turn|1
|
|t:|1779591270
|move|p1a: Satsujin|U-turn|p2a: Pelipper
|-resisted|p2a: Pelipper
|-damage|p2a: Pelipper|47/100
|
|t:|1779591275
|switch|p1a: SSS S.S|Alomomola, F|100/100|[from] U-turn
|move|p2a: Pelipper|Knock Off|p1a: SSS S.S
|-damage|p1a: SSS S.S|91/100
|-enditem|p1a: SSS S.S|Assault Vest|[from] move: Knock Off|[of] p2a: Pelipper
|
|-weather|RainDance|[upkeep]
|upkeep
|turn|2
|
|t:|1779591285
|switch|p2a: Raging Bolt|Raging Bolt|100/100
|move|p1a: SSS S.S|Scald|p2a: Raging Bolt
|-resisted|p2a: Raging Bolt
|-damage|p2a: Raging Bolt|91/100
|
|-weather|RainDance|[upkeep]
|upkeep
|turn|3
|
|t:|1779591295
|move|p2a: Raging Bolt|Volt Switch|p1a: SSS S.S
|-supereffective|p1a: SSS S.S
|-damage|p1a: SSS S.S|2/100
|
|t:|1779591302
|-end|p2a: Raging Bolt|Protosynthesis|[silent]
|switch|p2a: Overqwil|Overqwil, M|100/100|[from] Volt Switch
|move|p1a: SSS S.S|Mirror Coat|p2a: Overqwil
|-immune|p2a: Overqwil
|
|-weather|RainDance|[upkeep]
|upkeep
|turn|4
|
|t:|1779591317
|switch|p1a: adeiou|Pecharunt|100/100
|move|p2a: Overqwil|Liquidation|p1a: adeiou
|-damage|p1a: adeiou|75/100
|-damage|p2a: Overqwil|84/100|[from] item: Rocky Helmet|[of] p1a: adeiou
|-damage|p2a: Overqwil|74/100|[from] item: Life Orb
|
|-weather|RainDance|[upkeep]
|upkeep
|turn|5
|inactive|DarKnight3736 has 120 seconds left.
|
|t:|1779591349
|move|p2a: Overqwil|Swords Dance|p2a: Overqwil
|-boost|p2a: Overqwil|atk|2
|move|p1a: adeiou|Recover|p1a: adeiou
|-heal|p1a: adeiou|100/100
|
|-weather|RainDance|[upkeep]
|upkeep
|turn|6
|inactive|DarKnight3736 has 120 seconds left.
|
|t:|1779591360
|move|p2a: Overqwil|Crunch|p1a: adeiou
|-supereffective|p1a: adeiou
|-damage|p1a: adeiou|5/100
|-damage|p2a: Overqwil|58/100|[from] item: Rocky Helmet|[of] p1a: adeiou
|-damage|p2a: Overqwil|48/100|[from] item: Life Orb
|move|p1a: adeiou|Parting Shot|p2a: Overqwil
|-unboost|p2a: Overqwil|atk|1
|-unboost|p2a: Overqwil|spa|1
|inactive|DarKnight3736 has 120 seconds left.
|inactive|DarKnight3736 has 90 seconds left.
|
|t:|1779591399
|switch|p1a: Bird Time|Skarmory, M|100/100|[from] Parting Shot
|
|-weather|RainDance|[upkeep]
|upkeep
|turn|7
|
|t:|1779591407
|switch|p2a: Iron Treads|Iron Treads|100/100
|-item|p2a: Iron Treads|Air Balloon
|move|p1a: Bird Time|Spikes|p2a: Iron Treads
|-sidestart|p2: Leap Call|Spikes
|
|-weather|RainDance|[upkeep]
|upkeep
|turn|8
|
|t:|1779591413
|move|p2a: Iron Treads|Stealth Rock|p1a: Bird Time
|-sidestart|p1: DarKnight3736|move: Stealth Rock
|move|p1a: Bird Time|Body Press|p2a: Iron Treads
|-supereffective|p2a: Iron Treads
|-damage|p2a: Iron Treads|40/100
|-enditem|p2a: Iron Treads|Air Balloon
|
|-weather|none
|upkeep
|turn|9
|
|t:|1779591429
|move|p2a: Iron Treads|Rapid Spin|p1a: Bird Time
|-resisted|p1a: Bird Time
|-damage|p1a: Bird Time|96/100
|-boost|p2a: Iron Treads|spe|1
|-sideend|p2: Leap Call|Spikes|[from] move: Rapid Spin|[of] p2a: Iron Treads
|move|p1a: Bird Time|Body Press|p2a: Iron Treads
|-supereffective|p2a: Iron Treads
|-damage|p2a: Iron Treads|0 fnt
|faint|p2a: Iron Treads
|-end|p2a: Iron Treads|Quark Drive|[silent]
|
|upkeep
|inactive|Leap Call has 120 seconds left.
|
|t:|1779591456
|switch|p2a: Pelipper|Pelipper, M|47/100
|-weather|RainDance|[from] ability: Drizzle|[of] p2a: Pelipper
|turn|10
|
|t:|1779591467
|switch|p2a: Raging Bolt|Raging Bolt|91/100
|move|p1a: Bird Time|Whirlwind|p2a: Raging Bolt
|-end|p2a: Raging Bolt|Protosynthesis|[silent]
|drag|p2a: Lokix|Lokix, M|100/100
|
|-weather|RainDance|[upkeep]
|upkeep
|turn|11
|
|t:|1779591480
|switch|p1a: adeiou|Pecharunt|5/100
|-damage|p1a: adeiou|0 fnt|[from] Stealth Rock
|faint|p1a: adeiou
|move|p2a: Lokix|U-turn|p1: adeiou|[notarget]
|-fail|p2a: Lokix
|
|-weather|RainDance|[upkeep]
|upkeep
|
|t:|1779591490
|switch|p1a: Valv|Iron Valiant|100/100
|-damage|p1a: Valv|94/100|[from] Stealth Rock
|turn|12
|
|t:|1779591516
|switch|p2a: Raging Bolt|Raging Bolt|91/100
|move|p1a: Valv|Moonblast|p2a: Raging Bolt
|-supereffective|p2a: Raging Bolt
|-damage|p2a: Raging Bolt|0 fnt
|faint|p2a: Raging Bolt
|-end|p2a: Raging Bolt|Protosynthesis|[silent]
|
|-weather|RainDance|[upkeep]
|upkeep
|
|t:|1779591520
|switch|p2a: Overqwil|Overqwil, M|48/100
|turn|13
|
|t:|1779591530
|-end|p1a: Valv|Quark Drive|[silent]
|switch|p1a: Bird Time|Skarmory, M|96/100
|-damage|p1a: Bird Time|83/100|[from] Stealth Rock
|move|p2a: Overqwil|Swords Dance|p2a: Overqwil
|-boost|p2a: Overqwil|atk|2
|
|-weather|RainDance|[upkeep]
|upkeep
|turn|14
|
|t:|1779591541
|move|p2a: Overqwil|Liquidation|p1a: Bird Time
|-damage|p1a: Bird Time|25/100
|-damage|p2a: Overqwil|38/100|[from] item: Life Orb
|move|p1a: Bird Time|Body Press|p2a: Overqwil
|-damage|p2a: Overqwil|1/100
|
|-weather|RainDance|[upkeep]
|upkeep
|turn|15
|inactive|DarKnight3736 has 120 seconds left.
|inactive|Leap Call has 120 seconds left.
|
|t:|1779591572
|move|p2a: Overqwil|Liquidation|p1a: Bird Time
|-damage|p1a: Bird Time|0 fnt
|faint|p1a: Bird Time
|-damage|p2a: Overqwil|0 fnt|[from] item: Life Orb
|faint|p2a: Overqwil
|
|-weather|RainDance|[upkeep]
|upkeep
|
|t:|1779591578
|switch|p2a: Lokix|Lokix, M|100/100
|switch|p1a: Rolley Rolley|Iron Treads|100/100
|-damage|p1a: Rolley Rolley|98/100|[from] Stealth Rock
|turn|16
|inactive|Leap Call has 120 seconds left.
|
|t:|1779591610
|-terastallize|p2a: Lokix|Bug
|move|p1a: Rolley Rolley|Stealth Rock|p2a: Lokix
|-sidestart|p2: Leap Call|move: Stealth Rock
|move|p2a: Lokix|Leech Life|p1a: Rolley Rolley
|-resisted|p1a: Rolley Rolley
|-damage|p1a: Rolley Rolley|38/100
|
|-weather|RainDance|[upkeep]
|-heal|p1a: Rolley Rolley|44/100|[from] item: Leftovers
|upkeep
|turn|17
|
|t:|1779591635
|move|p1a: Rolley Rolley|Stone Edge|p2a: Lokix
|-supereffective|p2a: Lokix
|-damage|p2a: Lokix|21/100
|move|p2a: Lokix|Leech Life|p1a: Rolley Rolley
|-resisted|p1a: Rolley Rolley
|-damage|p1a: Rolley Rolley|0 fnt
|-heal|p2a: Lokix|51/100|[from] drain|[of] p1a: Rolley Rolley
|faint|p1a: Rolley Rolley
|-end|p1a: Rolley Rolley|Quark Drive|[silent]
|
|-weather|none
|upkeep
|
|t:|1779591644
|switch|p1a: Valv|Iron Valiant|94/100
|-damage|p1a: Valv|88/100|[from] Stealth Rock
|turn|18
|
|t:|1779591651
|switch|p2a: Pelipper|Pelipper, M|47/100
|-damage|p2a: Pelipper|22/100|[from] Stealth Rock
|-weather|RainDance|[from] ability: Drizzle|[of] p2a: Pelipper
|move|p1a: Valv|Moonblast|p2a: Pelipper
|-damage|p2a: Pelipper|0 fnt
|faint|p2a: Pelipper
|
|-weather|RainDance|[upkeep]
|upkeep
|
|t:|1779591656
|switch|p2a: Zapdos|Zapdos|100/100
|turn|19
|
|t:|1779591663
|-end|p1a: Valv|Quark Drive|[silent]
|switch|p1a: SSS S.S|Alomomola, F|35/100
|-damage|p1a: SSS S.S|23/100|[from] Stealth Rock
|move|p2a: Zapdos|Hurricane|p1a: SSS S.S
|-damage|p1a: SSS S.S|0 fnt
|faint|p1a: SSS S.S
|
|-weather|RainDance|[upkeep]
|upkeep
|inactive|DarKnight3736 has 120 seconds left.
|
|t:|1779591668
|switch|p1a: Satsujin|Lokix, M|100/100
|-damage|p1a: Satsujin|76/100|[from] Stealth Rock
|turn|20
|
|t:|1779591676
|move|p1a: Satsujin|First Impression|p2a: Zapdos
|-resisted|p2a: Zapdos
|-damage|p2a: Zapdos|16/100
|move|p2a: Zapdos|Roost|p2a: Zapdos
|-heal|p2a: Zapdos|66/100
|-singleturn|p2a: Zapdos|move: Roost
|
|-weather|RainDance|[upkeep]
|upkeep
|turn|21
|
|t:|1779591681
|move|p1a: Satsujin|First Impression||[still]
|-hint|First Impression only works on your first turn out.
|-fail|p1a: Satsujin
|move|p2a: Zapdos|Roost|p2a: Zapdos
|-heal|p2a: Zapdos|100/100
|-singleturn|p2a: Zapdos|move: Roost
|
|-weather|RainDance|[upkeep]
|upkeep
|turn|22
|
|t:|1779591684
|move|p1a: Satsujin|First Impression||[still]
|-hint|First Impression only works on your first turn out.
|-fail|p1a: Satsujin
|move|p2a: Zapdos|Hurricane|p1a: Satsujin
|-supereffective|p1a: Satsujin
|-damage|p1a: Satsujin|0 fnt
|faint|p1a: Satsujin
|
|-weather|RainDance|[upkeep]
|upkeep
|
|t:|1779591685
|switch|p1a: Valv|Iron Valiant|88/100
|-damage|p1a: Valv|82/100|[from] Stealth Rock
|turn|23
|
|t:|1779591688
|-terastallize|p1a: Valv|Fairy
|move|p1a: Valv|Moonblast|p2a: Zapdos
|-damage|p2a: Zapdos|0 fnt
|faint|p2a: Zapdos
|
|-weather|RainDance|[upkeep]
|upkeep
|
|t:|1779591692
|switch|p2a: Lokix|Lokix, M, tera:Bug|51/100
|-damage|p2a: Lokix|26/100|[from] Stealth Rock
|turn|24
|
|t:|1779591694
|move|p2a: Lokix|First Impression|p1a: Valv
|-resisted|p1a: Valv
|-damage|p1a: Valv|0 fnt
|faint|p1a: Valv
|-end|p1a: Valv|Quark Drive|[silent]
|
|win|Leap Call
|raw|DarKnight3736's rating: 1340 &rarr; <strong>1323</strong><br />(-17 for losing)
|raw|Leap Call's rating: 1393 &rarr; <strong>1410</strong><br />(+17 for winning)
|c|☆DarKnight3736|gg
|l|☆DarKnight3736
|player|p1|
