|badge|p1|silver|gen9randombattle|30-9
|uhtml|medal-msg|<div class="broadcast-blue">Curious what those medals under the avatar are? PS now has Ladder Seasons! For more information, check out the <a href="https://www.smogon.com/forums/threads/3740067/">thread on Smogon.</a></div>
|j|☆Ctannn
|j|☆goodnightnite
|t:|1779696650
|gametype|singles
|player|p1|Ctannn|102|1655
|player|p2|goodnightnite|miku-water|1721
|gen|9
|tier|[Gen 9] OU
|rated|
|rule|HP Percentage Mod: HP is shown in percentages
|rule|Endless Battle Clause: Forcing endless battles is banned
|rule|Species Clause: Limit one of each Pokémon
|rule|OHKO Clause: OHKO moves are banned
|rule|Evasion Items Clause: Evasion items are banned
|rule|Evasion Moves Clause: Evasion moves are banned
|rule|Evasion Abilities Clause: Evasion abilities are banned
|rule|Sleep Moves Clause: Sleep-inducing moves are banned
|clearpoke
|poke|p1|Rillaboom, F|
|poke|p1|Garganacl, F|
|poke|p1|Cinderace, F|
|poke|p1|Raging Bolt|
|poke|p1|Slowking-Galar, F|
|poke|p1|Landorus-Therian, M|
|poke|p2|Weezing-Galar, F|
|poke|p2|Alomomola, F|
|poke|p2|Iron Treads|
|poke|p2|Tornadus-Therian, M|
|poke|p2|Zamazenta-*|
|poke|p2|Lokix, M|
|teampreview
|inactive|Battle timer is ON: inactive players will automatically lose when time's up. (requested by goodnightnite)
|inactive|Ctannn has 120 seconds left.
|
|t:|1779696690
|teamsize|p1|6
|teamsize|p2|6
|start
|switch|p1a: Landorus|Landorus-Therian, M|100/100
|switch|p2a: Tornadus|Tornadus-Therian, M|100/100
|-ability|p1a: Landorus|Intimidate|boost
|-unboost|p2a: Tornadus|atk|1
|turn|1
|j| Disscratch
|
|t:|1779696710
|switch|p1a: Slowking|Slowking-Galar, F|100/100
|move|p2a: Tornadus|Bleakwind Storm|p1a: Slowking|[miss]
|-miss|p2a: Tornadus|p1a: Slowking
|
|upkeep
|turn|2
|
|t:|1779696718
|move|p2a: Tornadus|Knock Off|p1a: Slowking
|-supereffective|p1a: Slowking
|-damage|p1a: Slowking|81/100
|-damage|p2a: Tornadus|84/100|[from] item: Rocky Helmet|[of] p1a: Slowking
|-enditem|p1a: Slowking|Rocky Helmet|[from] move: Knock Off|[of] p2a: Tornadus
|move|p1a: Slowking|Future Sight|p2a: Tornadus
|-start|p1a: Slowking|move: Future Sight
|
|upkeep
|turn|3
|
|t:|1779696727
|move|p2a: Tornadus|Bleakwind Storm|p1a: Slowking
|-damage|p1a: Slowking|50/100
|-prepare|p1a: Slowking|Chilly Reception|[premajor]
|move|p1a: Slowking|Chilly Reception|p1a: Slowking
|-weather|Snowscape
|
|t:|1779696733
|switch|p1a: Cinderace|Cinderace, F|100/100|[from] Chilly Reception
|
|-weather|Snowscape|[upkeep]
|upkeep
|turn|4
|
|t:|1779696743
|move|p2a: Tornadus|Bleakwind Storm|p1a: Cinderace
|-damage|p1a: Cinderace|45/100
|move|p1a: Cinderace|Pyro Ball|p2a: Tornadus
|-damage|p2a: Tornadus|17/100
|
|-weather|Snowscape|[upkeep]
|-end|p2a: Tornadus|move: Future Sight
|-damage|p2a: Tornadus|0 fnt
|faint|p2a: Tornadus
|upkeep
|
|t:|1779696751
|switch|p2a: Lokix|Lokix, M|100/100
|turn|5
|
|t:|1779696757
|switch|p1a: Landorus|Landorus-Therian, M|100/100
|-ability|p1a: Landorus|Intimidate|boost
|-unboost|p2a: Lokix|atk|1
|move|p2a: Lokix|Knock Off|p1a: Landorus
|-crit|p1a: Landorus
|-damage|p1a: Landorus|30/100
|-damage|p2a: Lokix|84/100|[from] item: Rocky Helmet|[of] p1a: Landorus
|-enditem|p1a: Landorus|Rocky Helmet|[from] move: Knock Off|[of] p2a: Lokix
|
|-weather|Snowscape|[upkeep]
|upkeep
|turn|6
|
|t:|1779696765
|switch|p1a: Slowking|Slowking-Galar, F|83/100
|move|p2a: Lokix|Knock Off|p1a: Slowking
|-supereffective|p1a: Slowking
|-damage|p1a: Slowking|35/100
|
|-weather|Snowscape|[upkeep]
|upkeep
|turn|7
|
|t:|1779696775
|switch|p1a: Raging Bolt|Raging Bolt|100/100
|move|p2a: Lokix|Knock Off|p1a: Raging Bolt
|-damage|p1a: Raging Bolt|60/100
|-enditem|p1a: Raging Bolt|Heavy-Duty Boots|[from] move: Knock Off|[of] p2a: Lokix
|
|-weather|none
|upkeep
|turn|8
|
|t:|1779696781
|switch|p2a: Weezing|Weezing-Galar, F|100/100
|-ability|p2a: Weezing|Neutralizing Gas
|-end|p1a: Raging Bolt|Protosynthesis|[silent]
|switch|p1a: Slowking|Slowking-Galar, F|68/100
|
|upkeep
|turn|9
|
|t:|1779696787
|move|p2a: Weezing|Will-O-Wisp|p1a: Slowking
|-status|p1a: Slowking|brn
|move|p1a: Slowking|Psychic|p2a: Weezing
|-supereffective|p2a: Weezing
|-damage|p2a: Weezing|10/100
|
|-heal|p2a: Weezing|16/100|[from] item: Leftovers
|-damage|p1a: Slowking|62/100 brn|[from] brn
|upkeep
|turn|10
|
|t:|1779696797
|-end|p2a: Weezing|ability: Neutralizing Gas
|switch|p2a: Alomomola|Alomomola, F|100/100
|-prepare|p1a: Slowking|Chilly Reception|[premajor]
|move|p1a: Slowking|Chilly Reception|p1a: Slowking
|-weather|Snowscape
|
|t:|1779696801
|switch|p1a: Rillaboom|Rillaboom, F|100/100|[from] Chilly Reception
|-fieldstart|move: Grassy Terrain|[from] ability: Grassy Surge|[of] p1a: Rillaboom
|
|-weather|Snowscape|[upkeep]
|upkeep
|turn|11
|
|t:|1779696807
|switch|p2a: Lokix|Lokix, M|84/100
|move|p1a: Rillaboom|Swords Dance|p1a: Rillaboom
|-boost|p1a: Rillaboom|atk|2
|
|-weather|Snowscape|[upkeep]
|-heal|p2a: Lokix|90/100|[from] Grassy Terrain
|upkeep
|turn|12
|
|t:|1779696813
|switch|p1a: Slowking|Slowking-Galar, F|95/100 brn
|move|p2a: Lokix|U-turn|p1a: Slowking
|-damage|p1a: Slowking|60/100 brn
|
|t:|1779696818
|switch|p2a: Alomomola|Alomomola, F|100/100|[from] U-turn
|
|-weather|Snowscape|[upkeep]
|-heal|p1a: Slowking|66/100 brn|[from] Grassy Terrain
|-damage|p1a: Slowking|60/100 brn|[from] brn
|upkeep
|turn|13
|
|t:|1779696823
|move|p2a: Alomomola|Wish|p2a: Alomomola
|move|p1a: Slowking|Future Sight|p2a: Alomomola
|-start|p1a: Slowking|move: Future Sight
|
|-weather|Snowscape|[upkeep]
|-heal|p1a: Slowking|66/100 brn|[from] Grassy Terrain
|-damage|p1a: Slowking|60/100 brn|[from] brn
|upkeep
|turn|14
|
|t:|1779696832
|move|p2a: Alomomola|Flip Turn|p1a: Slowking
|-damage|p1a: Slowking|47/100 brn
|
|t:|1779696836
|switch|p2a: Lokix|Lokix, M|90/100|[from] Flip Turn
|-prepare|p1a: Slowking|Chilly Reception|[premajor]
|move|p1a: Slowking|Chilly Reception|p1a: Slowking
|
|t:|1779696849
|switch|p1a: Garganacl|Garganacl, F|100/100|[from] Chilly Reception
|
|-weather|none
|-heal|p2a: Lokix|100/100|[from] move: Wish|[wisher] Alomomola
|-fieldend|move: Grassy Terrain
|upkeep
|turn|15
|
|t:|1779696856
|move|p2a: Lokix|Knock Off|p1a: Garganacl
|-damage|p1a: Garganacl|57/100
|-enditem|p1a: Garganacl|Leftovers|[from] move: Knock Off|[of] p2a: Lokix
|move|p1a: Garganacl|Salt Cure|p2a: Lokix
|-supereffective|p2a: Lokix
|-damage|p2a: Lokix|62/100
|-start|p2a: Lokix|Salt Cure
|
|-end|p2a: Lokix|move: Future Sight
|-immune|p2a: Lokix
|-damage|p2a: Lokix|50/100|[from] Salt Cure
|upkeep
|turn|16
|
|t:|1779696862
|switch|p2a: Zamazenta|Zamazenta|100/100
|-ability|p2a: Zamazenta|Dauntless Shield|boost
|-boost|p2a: Zamazenta|def|1
|move|p1a: Garganacl|Curse|p1a: Garganacl
|-unboost|p1a: Garganacl|spe|1
|-boost|p1a: Garganacl|atk|1
|-boost|p1a: Garganacl|def|1
|
|upkeep
|turn|17
|
|t:|1779696871
|move|p2a: Zamazenta|Heavy Slam|p1a: Garganacl
|-supereffective|p1a: Garganacl
|-damage|p1a: Garganacl|37/100
|move|p1a: Garganacl|Recover|p1a: Garganacl
|-heal|p1a: Garganacl|87/100
|
|upkeep
|turn|18
|
|t:|1779696876
|switch|p2a: Alomomola|Alomomola, F|100/100
|move|p1a: Garganacl|Curse|p1a: Garganacl
|-unboost|p1a: Garganacl|spe|1
|-boost|p1a: Garganacl|atk|1
|-boost|p1a: Garganacl|def|1
|
|upkeep
|turn|19
|
|t:|1779696881
|move|p2a: Alomomola|Tickle|p1a: Garganacl
|-unboost|p1a: Garganacl|atk|1
|-unboost|p1a: Garganacl|def|1
|move|p1a: Garganacl|Salt Cure|p2a: Alomomola
|-damage|p2a: Alomomola|89/100
|-start|p2a: Alomomola|Salt Cure
|
|-damage|p2a: Alomomola|64/100|[from] Salt Cure
|upkeep
|turn|20
|
|t:|1779696884
|move|p2a: Alomomola|Flip Turn|p1a: Garganacl
|-supereffective|p1a: Garganacl
|-damage|p1a: Garganacl|72/100
|
|t:|1779696888
|switch|p2a: Zamazenta|Zamazenta|100/100|[from] Flip Turn
|move|p1a: Garganacl|Salt Cure|p2a: Zamazenta
|-resisted|p2a: Zamazenta
|-damage|p2a: Zamazenta|90/100
|-start|p2a: Zamazenta|Salt Cure
|
|-damage|p2a: Zamazenta|78/100|[from] Salt Cure
|upkeep
|turn|21
|
|t:|1779696892
|move|p2a: Zamazenta|Close Combat|p1a: Garganacl
|-supereffective|p1a: Garganacl
|-damage|p1a: Garganacl|0 fnt
|-unboost|p2a: Zamazenta|def|1
|-unboost|p2a: Zamazenta|spd|1
|faint|p1a: Garganacl
|
|-damage|p2a: Zamazenta|66/100|[from] Salt Cure
|upkeep
|
|t:|1779696896
|switch|p1a: Landorus|Landorus-Therian, M|30/100
|-ability|p1a: Landorus|Intimidate|boost
|-unboost|p2a: Zamazenta|atk|1
|turn|22
|
|t:|1779696900
|move|p2a: Zamazenta|Close Combat|p1a: Landorus
|-resisted|p1a: Landorus
|-damage|p1a: Landorus|5/100
|-unboost|p2a: Zamazenta|def|1
|-unboost|p2a: Zamazenta|spd|1
|move|p1a: Landorus|Stealth Rock|p2a: Zamazenta
|-sidestart|p2: goodnightnite|move: Stealth Rock
|
|-damage|p2a: Zamazenta|53/100|[from] Salt Cure
|upkeep
|turn|23
|
|t:|1779696905
|switch|p2a: Alomomola|Alomomola, F|97/100
|-damage|p2a: Alomomola|85/100|[from] Stealth Rock
|move|p1a: Landorus|U-turn|p2a: Alomomola
|-damage|p2a: Alomomola|72/100
|-damage|p1a: Landorus|0 fnt|[from] item: Rocky Helmet|[of] p2a: Alomomola
|faint|p1a: Landorus
|
|upkeep
|
|t:|1779696908
|switch|p1a: Rillaboom|Rillaboom, F|100/100
|-fieldstart|move: Grassy Terrain|[from] ability: Grassy Surge|[of] p1a: Rillaboom
|turn|24
|
|t:|1779696912
|move|p1a: Rillaboom|Swords Dance|p1a: Rillaboom
|-boost|p1a: Rillaboom|atk|2
|move|p2a: Alomomola|Flip Turn|p1a: Rillaboom
|-resisted|p1a: Rillaboom
|-damage|p1a: Rillaboom|91/100
|
|t:|1779696915
|switch|p2a: Lokix|Lokix, M|50/100|[from] Flip Turn
|-damage|p2a: Lokix|25/100|[from] Stealth Rock
|
|-heal|p2a: Lokix|31/100|[from] Grassy Terrain
|-heal|p1a: Rillaboom|97/100|[from] Grassy Terrain
|upkeep
|turn|25
|
|t:|1779696920
|switch|p1a: Slowking|Slowking-Galar, F|80/100 brn
|move|p2a: Lokix|First Impression|p1a: Slowking
|-damage|p1a: Slowking|34/100 brn
|
|-heal|p2a: Lokix|37/100|[from] Grassy Terrain
|-heal|p1a: Slowking|40/100 brn|[from] Grassy Terrain
|-damage|p1a: Slowking|34/100 brn|[from] brn
|upkeep
|turn|26
|
|t:|1779696928
|switch|p2a: Iron Treads|Iron Treads|100/100
|-damage|p2a: Iron Treads|97/100|[from] Stealth Rock
|-prepare|p1a: Slowking|Chilly Reception|[premajor]
|move|p1a: Slowking|Chilly Reception|p1a: Slowking
|-weather|Snowscape
|
|t:|1779696930
|switch|p1a: Cinderace|Cinderace, F|45/100|[from] Chilly Reception
|
|-weather|Snowscape|[upkeep]
|-heal|p1a: Cinderace|51/100|[from] Grassy Terrain
|-heal|p2a: Iron Treads|100/100|[from] Grassy Terrain
|upkeep
|turn|27
|
|t:|1779696933
|-end|p2a: Iron Treads|Quark Drive|[silent]
|switch|p2a: Alomomola|Alomomola, F|100/100
|-damage|p2a: Alomomola|88/100|[from] Stealth Rock
|move|p1a: Cinderace|High Jump Kick|p2a: Alomomola
|-start|p1a: Cinderace|typechange|Fighting|[from] ability: Libero
|-damage|p2a: Alomomola|51/100
|-damage|p1a: Cinderace|34/100|[from] item: Rocky Helmet|[of] p2a: Alomomola
|
|-weather|Snowscape|[upkeep]
|-heal|p1a: Cinderace|40/100|[from] Grassy Terrain
|-heal|p2a: Alomomola|57/100|[from] Grassy Terrain
|upkeep
|turn|28
|
|t:|1779696941
|move|p1a: Cinderace|High Jump Kick|p2a: Alomomola
|-damage|p2a: Alomomola|17/100
|-damage|p1a: Cinderace|23/100|[from] item: Rocky Helmet|[of] p2a: Alomomola
|move|p2a: Alomomola|Wish|p2a: Alomomola
|
|-weather|Snowscape|[upkeep]
|-heal|p1a: Cinderace|29/100|[from] Grassy Terrain
|-heal|p2a: Alomomola|23/100|[from] Grassy Terrain
|-fieldend|move: Grassy Terrain
|upkeep
|turn|29
|
|t:|1779696945
|switch|p1a: Raging Bolt|Raging Bolt|60/100
|move|p2a: Alomomola|Flip Turn|p1a: Raging Bolt
|-resisted|p1a: Raging Bolt
|-damage|p1a: Raging Bolt|52/100
|j| wyjmjl
|
|t:|1779696949
|switch|p2a: Iron Treads|Iron Treads|100/100|[from] Flip Turn
|-damage|p2a: Iron Treads|97/100|[from] Stealth Rock
|
|-weather|Snowscape|[upkeep]
|-heal|p2a: Iron Treads|100/100|[from] move: Wish|[wisher] Alomomola
|upkeep
|turn|30
|
|t:|1779696956
|move|p2a: Iron Treads|Rapid Spin|p1a: Raging Bolt
|-damage|p1a: Raging Bolt|39/100
|-boost|p2a: Iron Treads|spe|1
|-sideend|p2: goodnightnite|Stealth Rock|[from] move: Rapid Spin|[of] p2a: Iron Treads
|move|p1a: Raging Bolt|Draco Meteor|p2a: Iron Treads
|-resisted|p2a: Iron Treads
|-damage|p2a: Iron Treads|54/100
|-unboost|p1a: Raging Bolt|spa|2
|
|-weather|none
|-heal|p2a: Iron Treads|60/100|[from] item: Leftovers
|upkeep
|turn|31
|
|t:|1779696960
|-end|p1a: Raging Bolt|Protosynthesis|[silent]
|switch|p1a: Rillaboom|Rillaboom, F|97/100
|-fieldstart|move: Grassy Terrain|[from] ability: Grassy Surge|[of] p1a: Rillaboom
|move|p2a: Iron Treads|Stealth Rock|p1a: Rillaboom
|-sidestart|p1: Ctannn|move: Stealth Rock
|
|-heal|p2a: Iron Treads|66/100|[from] Grassy Terrain
|-heal|p2a: Iron Treads|72/100|[from] item: Leftovers
|-heal|p1a: Rillaboom|100/100|[from] Grassy Terrain
|upkeep
|turn|32
|
|t:|1779696966
|move|p2a: Iron Treads|Ice Spinner|p1a: Rillaboom
|-supereffective|p1a: Rillaboom
|-damage|p1a: Rillaboom|54/100
|-fieldend|move: Grassy Terrain
|move|p1a: Rillaboom|Swords Dance|p1a: Rillaboom
|-boost|p1a: Rillaboom|atk|2
|
|-heal|p2a: Iron Treads|78/100|[from] item: Leftovers
|upkeep
|turn|33
|-message|Ctannn forfeited.
|
|win|goodnightnite
|raw|Ctannn's rating: 1655 &rarr; <strong>1639</strong><br />(-16 for losing)
|raw|goodnightnite's rating: 1721 &rarr; <strong>1737</strong><br />(+16 for winning)
|l|☆Ctannn
|player|p1|
|l| Disscratch
|l| wyjmjl
|l|☆goodnightnite
|player|p2|
