|badge|p1|bronze|gen9ou|100-9
|badge|p1|bronze|gen9pu|100-9
|uhtml|medal-msg|<div class="broadcast-blue">Curious what those medals under the avatar are? PS now has Ladder Seasons! For more information, check out the <a href="https://www.smogon.com/forums/threads/3740067/">thread on Smogon.</a></div>
|j|☆Ceo O Wo Chien
|j|☆James2464
|t:|1779672339
|gametype|singles
|player|p1|Ceo O Wo Chien|fisherman-gen4|1860
|player|p2|James2464|miku-ghost|1732
|gen|9
|tier|[Gen 9] OU
|rated|
|rule|HP Percentage Mod: HP is shown in percentages
|rule|Endless Battle Clause: Forcing endless battles is banned
|rule|Species Clause: Limit one of each Pokémon
|rule|OHKO Clause: OHKO moves are banned
|rule|Evasion Items Clause: Evasion items are banned
|rule|Evasion Moves Clause: Evasion moves are banned
|rule|Evasion Abilities Clause: Evasion abilities are banned
|rule|Sleep Moves Clause: Sleep-inducing moves are banned
|clearpoke
|poke|p1|Wo-Chien|
|poke|p1|Cresselia, F|
|poke|p1|Kingambit, F|
|poke|p1|Raging Bolt|
|poke|p1|Iron Treads|
|poke|p1|Ogerpon-Wellspring, F|
|poke|p2|Lycanroc-Dusk, F|
|poke|p2|Kingambit, M|
|poke|p2|Moltres|
|poke|p2|Great Tusk|
|poke|p2|Ogerpon, F|
|poke|p2|Hatterene, F|
|teampreview
|inactive|Battle timer is ON: inactive players will automatically lose when time's up. (requested by James2464)
|inactive|Ceo O Wo Chien also wants the timer to be on.
|
|t:|1779672361
|teamsize|p1|6
|teamsize|p2|6
|start
|switch|p1a: Cresselia|Cresselia, F|100/100
|switch|p2a: Ogerpon|Ogerpon, F|100/100
|turn|1
|
|t:|1779672364
|move|p2a: Ogerpon|Knock Off|p1a: Cresselia
|-supereffective|p1a: Cresselia
|-damage|p1a: Cresselia|66/100
|-damage|p2a: Ogerpon|84/100|[from] item: Rocky Helmet|[of] p1a: Cresselia
|-enditem|p1a: Cresselia|Rocky Helmet|[from] move: Knock Off|[of] p2a: Ogerpon
|move|p1a: Cresselia|Ice Beam|p2a: Ogerpon
|-supereffective|p2a: Ogerpon
|-damage|p2a: Ogerpon|42/100
|-status|p2a: Ogerpon|frz
|
|upkeep
|turn|2
|
|t:|1779672373
|-curestatus|p2a: Ogerpon|frz|[msg]
|move|p2a: Ogerpon|U-turn|p1a: Cresselia
|-supereffective|p1a: Cresselia
|-damage|p1a: Cresselia|39/100
|j| icemaster.2K
|j| orizm13
|
|t:|1779672377
|switch|p2a: Moltres|Moltres|100/100|[from] U-turn
|move|p1a: Cresselia|Moonlight|p1a: Cresselia
|-heal|p1a: Cresselia|89/100
|
|upkeep
|turn|3
|
|t:|1779672380
|move|p1a: Cresselia|Thunder Wave|p2a: Moltres
|-status|p2a: Moltres|par
|move|p2a: Moltres|U-turn|p1a: Cresselia
|-supereffective|p1a: Cresselia
|-damage|p1a: Cresselia|74/100
|
|t:|1779672385
|switch|p2a: Kingambit|Kingambit, M|100/100|[from] U-turn
|
|upkeep
|turn|4
|
|t:|1779672389
|move|p1a: Cresselia|Thunder Wave|p2a: Kingambit|[miss]
|-miss|p1a: Cresselia|p2a: Kingambit
|move|p2a: Kingambit|Swords Dance|p2a: Kingambit
|-boost|p2a: Kingambit|atk|2
|
|upkeep
|turn|5
|
|t:|1779672393
|move|p1a: Cresselia|Thunder Wave|p2a: Kingambit
|-status|p2a: Kingambit|par
|move|p2a: Kingambit|Kowtow Cleave|p1a: Cresselia
|-supereffective|p1a: Cresselia
|-damage|p1a: Cresselia|0 fnt
|faint|p1a: Cresselia
|
|upkeep
|
|t:|1779672394
|switch|p1a: Escargoat|Wo-Chien|100/100
|-ability|p1a: Escargoat|Tablets of Ruin
|turn|6
|
|t:|1779672401
|move|p1a: Escargoat|Foul Play|p2a: Kingambit
|-resisted|p2a: Kingambit
|-damage|p2a: Kingambit|63/100 par
|cant|p2a: Kingambit|par
|
|-heal|p2a: Kingambit|69/100 par|[from] item: Leftovers
|upkeep
|turn|7
|
|t:|1779672406
|move|p1a: Escargoat|Leech Seed|p2a: Kingambit
|-start|p2a: Kingambit|move: Leech Seed
|cant|p2a: Kingambit|par
|
|-heal|p2a: Kingambit|76/100 par|[from] item: Leftovers
|-damage|p2a: Kingambit|63/100 par|[from] Leech Seed|[of] p1a: Escargoat
|upkeep
|turn|8
|
|t:|1779672411
|-end|p2a: Kingambit|fallenundefined|[silent]
|switch|p2a: Moltres|Moltres|100/100 par
|move|p1a: Escargoat|Foul Play|p2a: Moltres
|-damage|p2a: Moltres|81/100 par
|
|upkeep
|turn|9
|
|t:|1779672419
|switch|p1a: Ogerpon|Ogerpon-Wellspring, F|100/100
|move|p2a: Moltres|U-turn|p1a: Ogerpon
|-supereffective|p1a: Ogerpon
|-damage|p1a: Ogerpon|75/100
|
|t:|1779672426
|switch|p2a: Hatterene|Hatterene, F|100/100|[from] U-turn
|
|upkeep
|turn|10
|
|t:|1779672433
|switch|p1a: Iron Treads|Iron Treads|100/100
|switch|p2a: Moltres|Moltres|81/100 par
|
|upkeep
|turn|11
|
|t:|1779672436
|move|p1a: Iron Treads|Stealth Rock|p2a: Moltres
|-sidestart|p2: James2464|move: Stealth Rock
|move|p2a: Moltres|Will-O-Wisp|p1a: Iron Treads
|-status|p1a: Iron Treads|brn
|
|-damage|p1a: Iron Treads|94/100 brn|[from] brn
|upkeep
|turn|12
|
|t:|1779672440
|move|p1a: Iron Treads|Knock Off|p2a: Moltres
|-damage|p2a: Moltres|72/100 par
|-enditem|p2a: Moltres|Heavy-Duty Boots|[from] move: Knock Off|[of] p1a: Iron Treads
|cant|p2a: Moltres|par
|
|-heal|p1a: Iron Treads|100/100 brn|[from] item: Leftovers
|-damage|p1a: Iron Treads|94/100 brn|[from] brn
|upkeep
|turn|13
|j| frrrer34343
|
|t:|1779672443
|-end|p1a: Iron Treads|Quark Drive|[silent]
|switch|p1a: Raging Bolt|Raging Bolt|100/100
|-enditem|p1a: Raging Bolt|Booster Energy
|-activate|p1a: Raging Bolt|ability: Protosynthesis|[fromitem]
|-start|p1a: Raging Bolt|protosynthesisspa
|move|p2a: Moltres|Roost|p2a: Moltres
|-heal|p2a: Moltres|100/100 par
|-singleturn|p2a: Moltres|move: Roost
|
|upkeep
|turn|14
|
|t:|1779672452
|switch|p2a: Kingambit|Kingambit, M|63/100 par
|-damage|p2a: Kingambit|57/100 par|[from] Stealth Rock
|move|p1a: Raging Bolt|Dragon Pulse|p2a: Kingambit
|-resisted|p2a: Kingambit
|-crit|p2a: Kingambit
|-damage|p2a: Kingambit|1/100 par
|
|-heal|p2a: Kingambit|7/100 par|[from] item: Leftovers
|upkeep
|turn|15
|
|t:|1779672461
|move|p1a: Raging Bolt|Thunderclap|p2a: Kingambit
|-damage|p2a: Kingambit|0 fnt
|faint|p2a: Kingambit
|-end|p2a: Kingambit|fallenundefined|[silent]
|
|upkeep
|
|t:|1779672466
|switch|p2a: Great Tusk|Great Tusk|100/100
|-damage|p2a: Great Tusk|98/100|[from] Stealth Rock
|turn|16
|
|t:|1779672469
|move|p2a: Great Tusk|Rapid Spin|p1a: Raging Bolt
|-damage|p1a: Raging Bolt|86/100
|-boost|p2a: Great Tusk|spe|1
|-sideend|p2: James2464|Stealth Rock|[from] move: Rapid Spin|[of] p2a: Great Tusk
|move|p1a: Raging Bolt|Dragon Pulse|p2a: Great Tusk
|-damage|p2a: Great Tusk|13/100
|
|upkeep
|turn|17
|
|t:|1779672474
|-end|p1a: Raging Bolt|Protosynthesis|[silent]
|switch|p1a: Escargoat|Wo-Chien|100/100
|-ability|p1a: Escargoat|Tablets of Ruin
|move|p2a: Great Tusk|Headlong Rush|p1a: Escargoat
|-resisted|p1a: Escargoat
|-damage|p1a: Escargoat|86/100
|-unboost|p2a: Great Tusk|def|1
|-unboost|p2a: Great Tusk|spd|1
|
|-heal|p1a: Escargoat|92/100|[from] item: Leftovers
|upkeep
|turn|18
|
|t:|1779672486
|-end|p2a: Great Tusk|Protosynthesis|[silent]
|switch|p2a: Moltres|Moltres|100/100 par
|move|p1a: Escargoat|Foul Play|p2a: Moltres
|-damage|p2a: Moltres|81/100 par
|-status|p1a: Escargoat|brn|[from] ability: Flame Body|[of] p2a: Moltres
|
|-heal|p1a: Escargoat|98/100 brn|[from] item: Leftovers
|-damage|p1a: Escargoat|92/100 brn|[from] brn
|upkeep
|turn|19
|
|t:|1779672491
|switch|p1a: Raging Bolt|Raging Bolt|86/100
|move|p2a: Moltres|U-turn|p1a: Raging Bolt
|-damage|p1a: Raging Bolt|72/100
|
|t:|1779672498
|switch|p2a: Great Tusk|Great Tusk|13/100|[from] U-turn
|
|upkeep
|turn|20
|
|t:|1779672503
|-end|p1a: Raging Bolt|Protosynthesis|[silent]
|switch|p1a: Ogerpon|Ogerpon-Wellspring, F|75/100
|move|p2a: Great Tusk|Stealth Rock|p1a: Ogerpon
|-sidestart|p1: Ceo O Wo Chien|move: Stealth Rock
|
|upkeep
|turn|21
|l| icemaster.2K
|
|t:|1779672514
|move|p1a: Ogerpon|Swords Dance|p1a: Ogerpon
|-boost|p1a: Ogerpon|atk|2
|move|p2a: Great Tusk|Headlong Rush|p1a: Ogerpon
|-resisted|p1a: Ogerpon
|-damage|p1a: Ogerpon|51/100
|-unboost|p2a: Great Tusk|def|1
|-unboost|p2a: Great Tusk|spd|1
|
|upkeep
|turn|22
|
|t:|1779672520
|move|p1a: Ogerpon|Synthesis|p1a: Ogerpon
|-heal|p1a: Ogerpon|100/100
|move|p2a: Great Tusk|Ice Spinner|p1a: Ogerpon
|-damage|p1a: Ogerpon|80/100
|
|upkeep
|turn|23
|
|t:|1779672527
|move|p1a: Ogerpon|Trailblaze|p2a: Great Tusk
|-supereffective|p2a: Great Tusk
|-damage|p2a: Great Tusk|0 fnt
|-boost|p1a: Ogerpon|spe|1
|-damage|p1a: Ogerpon|64/100|[from] item: Rocky Helmet|[of] p2a: Great Tusk
|faint|p2a: Great Tusk
|-end|p2a: Great Tusk|Protosynthesis|[silent]
|
|upkeep
|
|t:|1779672531
|switch|p2a: Hatterene|Hatterene, F|100/100
|turn|24
|
|t:|1779672539
|move|p1a: Ogerpon|Ivy Cudgel|p2a: Hatterene|[anim] Ivy Cudgel Water
|-damage|p2a: Hatterene|21/100
|move|p2a: Hatterene|Nuzzle|p1a: Ogerpon
|-damage|p1a: Ogerpon|60/100
|-status|p1a: Ogerpon|par
|
|upkeep
|turn|25
|
|t:|1779672552
|move|p1a: Ogerpon|Trailblaze|p2a: Hatterene
|-damage|p2a: Hatterene|0 fnt
|-boost|p1a: Ogerpon|spe|1
|-damage|p1a: Ogerpon|44/100 par|[from] item: Rocky Helmet|[of] p2a: Hatterene
|faint|p2a: Hatterene
|
|upkeep
|
|t:|1779672557
|switch|p2a: Ogerpon|Ogerpon, F|42/100
|turn|26
|
|t:|1779672564
|move|p2a: Ogerpon|Ivy Cudgel|p1a: Ogerpon
|-crit|p1a: Ogerpon
|-damage|p1a: Ogerpon|0 fnt
|faint|p1a: Ogerpon
|
|upkeep
|
|t:|1779672568
|switch|p1a: Raging Bolt|Raging Bolt|72/100
|-damage|p1a: Raging Bolt|59/100|[from] Stealth Rock
|turn|27
|
|t:|1779672579
|move|p2a: Ogerpon|Encore||[still]
|-fail|p2a: Ogerpon
|move|p1a: Raging Bolt|Dragon Pulse|p2a: Ogerpon
|-damage|p2a: Ogerpon|0 fnt
|faint|p2a: Ogerpon
|
|upkeep
|
|t:|1779672586
|switch|p2a: Lycanroc|Lycanroc-Dusk, F|100/100
|turn|28
|
|t:|1779672590
|move|p2a: Lycanroc|Swords Dance|p2a: Lycanroc
|-boost|p2a: Lycanroc|atk|2
|move|p1a: Raging Bolt|Thunderbolt|p2a: Lycanroc
|-damage|p2a: Lycanroc|5/100
|
|upkeep
|turn|29
|
|t:|1779672596
|-end|p1a: Raging Bolt|Protosynthesis|[silent]
|switch|p1a: Iron Treads|Iron Treads|94/100 brn
|-damage|p1a: Iron Treads|91/100 brn|[from] Stealth Rock
|move|p2a: Lycanroc|Accelerock|p1a: Iron Treads
|-resisted|p1a: Iron Treads
|-damage|p1a: Iron Treads|79/100 brn
|-damage|p2a: Lycanroc|0 fnt|[from] item: Life Orb
|faint|p2a: Lycanroc
|
|-heal|p1a: Iron Treads|86/100 brn|[from] item: Leftovers
|-damage|p1a: Iron Treads|79/100 brn|[from] brn
|upkeep
|
|t:|1779672599
|switch|p2a: Moltres|Moltres|81/100 par
|turn|30
|
|t:|1779672601
|move|p1a: Iron Treads|Rapid Spin|p2a: Moltres
|-damage|p2a: Moltres|77/100 par
|-boost|p1a: Iron Treads|spe|1
|-sideend|p1: Ceo O Wo Chien|Stealth Rock|[from] move: Rapid Spin|[of] p1a: Iron Treads
|move|p2a: Moltres|Roost|p2a: Moltres
|-heal|p2a: Moltres|100/100 par
|-singleturn|p2a: Moltres|move: Roost
|
|-heal|p1a: Iron Treads|86/100 brn|[from] item: Leftovers
|-damage|p1a: Iron Treads|79/100 brn|[from] brn
|upkeep
|turn|31
|
|t:|1779672603
|-end|p1a: Iron Treads|Quark Drive|[silent]
|switch|p1a: Raging Bolt|Raging Bolt|59/100
|move|p2a: Moltres|Will-O-Wisp|p1a: Raging Bolt
|-status|p1a: Raging Bolt|brn
|
|-damage|p1a: Raging Bolt|53/100 brn|[from] brn
|upkeep
|turn|32
|
|t:|1779672608
|move|p1a: Raging Bolt|Thunderbolt|p2a: Moltres
|-supereffective|p2a: Moltres
|-damage|p2a: Moltres|0 fnt
|faint|p2a: Moltres
|
|win|Ceo O Wo Chien
|raw|Ceo O Wo Chien's rating: 1860 &rarr; <strong>1873</strong><br />(+13 for winning)
|raw|James2464's rating: 1732 &rarr; <strong>1719</strong><br />(-13 for losing)
|l|☆James2464
|player|p2|
|l| frrrer34343
