|j|☆kopv
|j|☆rockeater9000
|t:|1779583608
|gametype|singles
|player|p1|kopv|bugcatcher-gen4dp|1450
|player|p2|rockeater9000|102|1463
|gen|9
|tier|[Gen 9] OU
|rated|
|rule|HP Percentage Mod: HP is shown in percentages
|rule|Endless Battle Clause: Forcing endless battles is banned
|rule|Species Clause: Limit one of each Pokémon
|rule|OHKO Clause: OHKO moves are banned
|rule|Evasion Items Clause: Evasion items are banned
|rule|Evasion Moves Clause: Evasion moves are banned
|rule|Evasion Abilities Clause: Evasion abilities are banned
|rule|Sleep Moves Clause: Sleep-inducing moves are banned
|clearpoke
|poke|p1|Pelipper, F|
|poke|p1|Barraskewda, M|
|poke|p1|Iron Treads|
|poke|p1|Bruxish, F|
|poke|p1|Raging Bolt|
|poke|p1|Enamorus, F|
|poke|p2|Cinderace, M|
|poke|p2|Ninetales, F|
|poke|p2|Walking Wake|
|poke|p2|Great Tusk|
|poke|p2|Cresselia, F|
|poke|p2|Raging Bolt|
|teampreview
|inactive|Battle timer is ON: inactive players will automatically lose when time's up. (requested by rockeater9000)
|
|t:|1779583622
|teamsize|p1|6
|teamsize|p2|6
|start
|switch|p1a: Pelipper|Pelipper, F|100/100
|switch|p2a: Walking Wake|Walking Wake|100/100
|-weather|RainDance|[from] ability: Drizzle|[of] p1a: Pelipper
|turn|1
|
|t:|1779583637
|switch|p1a: Enamorus|Enamorus, F|100/100
|move|p2a: Walking Wake|Draco Meteor|p1a: Enamorus
|-immune|p1a: Enamorus
|
|-weather|RainDance|[upkeep]
|upkeep
|turn|2
|
|t:|1779583647
|-end|p2a: Walking Wake|Protosynthesis|[silent]
|switch|p2a: Cresselia|Cresselia, F|100/100
|move|p1a: Enamorus|Earth Power|p2a: Cresselia
|-immune|p2a: Cresselia|[from] ability: Levitate
|
|-weather|RainDance|[upkeep]
|upkeep
|turn|3
|
|t:|1779583654
|switch|p1a: Iron Treads|Iron Treads|100/100
|switch|p2a: Ninetales|Ninetales, F|100/100
|-weather|SunnyDay|[from] ability: Drought|[of] p2a: Ninetales
|
|-weather|SunnyDay|[upkeep]
|upkeep
|turn|4
|
|t:|1779583663
|switch|p2a: Great Tusk|Great Tusk|100/100
|-activate|p2a: Great Tusk|ability: Protosynthesis
|-start|p2a: Great Tusk|protosynthesisatk
|-end|p1a: Iron Treads|Quark Drive|[silent]
|switch|p1a: Pelipper|Pelipper, F|100/100
|-weather|RainDance|[from] ability: Drizzle|[of] p1a: Pelipper
|-end|p2a: Great Tusk|Protosynthesis
|
|-weather|RainDance|[upkeep]
|upkeep
|turn|5
|
|t:|1779583672
|-end|p2a: Great Tusk|Protosynthesis|[silent]
|switch|p2a: Cresselia|Cresselia, F|100/100
|move|p1a: Pelipper|Hurricane|p2a: Cresselia
|-damage|p2a: Cresselia|83/100
|-start|p2a: Cresselia|confusion
|-enditem|p2a: Cresselia|Eject Button
|
|t:|1779583675
|switch|p2a: Walking Wake|Walking Wake|100/100
|
|-weather|RainDance|[upkeep]
|upkeep
|turn|6
|
|t:|1779583679
|switch|p1a: Raging Bolt|Raging Bolt|100/100
|move|p2a: Walking Wake|Hydro Steam|p1a: Raging Bolt
|-resisted|p1a: Raging Bolt
|-damage|p1a: Raging Bolt|59/100
|
|-weather|RainDance|[upkeep]
|-heal|p1a: Raging Bolt|65/100|[from] item: Leftovers
|upkeep
|turn|7
|
|t:|1779583686
|-end|p2a: Walking Wake|Protosynthesis|[silent]
|switch|p2a: Cresselia|Cresselia, F|83/100
|move|p1a: Raging Bolt|Weather Ball|p2a: Cresselia
|-damage|p2a: Cresselia|54/100
|
|-weather|RainDance|[upkeep]
|-heal|p1a: Raging Bolt|71/100|[from] item: Leftovers
|upkeep
|turn|8
|
|t:|1779583692
|move|p1a: Raging Bolt|Thunder|p2a: Cresselia
|-damage|p2a: Cresselia|19/100
|move|p2a: Cresselia|Moonlight|p2a: Cresselia
|-heal|p2a: Cresselia|44/100
|
|-weather|RainDance|[upkeep]
|-heal|p1a: Raging Bolt|77/100|[from] item: Leftovers
|upkeep
|turn|9
|
|t:|1779583701
|move|p1a: Raging Bolt|Thunder|p2a: Cresselia
|-damage|p2a: Cresselia|14/100
|move|p2a: Cresselia|Ice Beam|p1a: Raging Bolt
|-supereffective|p1a: Raging Bolt
|-damage|p1a: Raging Bolt|43/100
|
|-weather|RainDance|[upkeep]
|-heal|p1a: Raging Bolt|49/100|[from] item: Leftovers
|upkeep
|turn|10
|
|t:|1779583706
|move|p1a: Raging Bolt|Weather Ball|p2a: Cresselia
|-damage|p2a: Cresselia|0 fnt
|faint|p2a: Cresselia
|
|-weather|RainDance|[upkeep]
|-heal|p1a: Raging Bolt|55/100|[from] item: Leftovers
|upkeep
|
|t:|1779583710
|switch|p2a: Walking Wake|Walking Wake|100/100
|turn|11
|
|t:|1779583739
|-terastallize|p2a: Walking Wake|Water
|move|p1a: Raging Bolt|Thunderclap|p2a: Walking Wake
|-supereffective|p2a: Walking Wake
|-damage|p2a: Walking Wake|3/100
|move|p2a: Walking Wake|Hydro Steam|p1a: Raging Bolt
|-resisted|p1a: Raging Bolt
|-damage|p1a: Raging Bolt|0 fnt
|faint|p1a: Raging Bolt
|-end|p1a: Raging Bolt|Protosynthesis|[silent]
|
|-weather|none
|upkeep
|inactive|kopv has 120 seconds left.
|
|t:|1779583753
|switch|p1a: Barraskewda|Barraskewda, M|100/100
|turn|12
|
|t:|1779583762
|-end|p2a: Walking Wake|Protosynthesis|[silent]
|switch|p2a: Raging Bolt|Raging Bolt|100/100
|move|p1a: Barraskewda|Flip Turn|p2a: Raging Bolt
|-resisted|p2a: Raging Bolt
|-damage|p2a: Raging Bolt|81/100
|-damage|p1a: Barraskewda|91/100|[from] item: Life Orb
|
|t:|1779583769
|switch|p1a: Iron Treads|Iron Treads|100/100|[from] Flip Turn
|
|upkeep
|turn|13
|
|t:|1779583775
|-end|p2a: Raging Bolt|Protosynthesis|[silent]
|switch|p2a: Cinderace|Cinderace, M|100/100
|move|p1a: Iron Treads|Stealth Rock|p2a: Cinderace
|-sidestart|p2: rockeater9000|move: Stealth Rock
|
|upkeep
|turn|14
|
|t:|1779583778
|move|p2a: Cinderace|Endure|p2a: Cinderace
|-singleturn|p2a: Cinderace|move: Endure
|move|p1a: Iron Treads|Stealth Rock||[still]
|-fail|p1a: Iron Treads
|
|upkeep
|turn|15
|
|t:|1779583795
|-terastallize|p1a: Iron Treads|Ghost
|move|p2a: Cinderace|Pyro Ball|p1a: Iron Treads
|-damage|p1a: Iron Treads|50/100
|move|p1a: Iron Treads|Rapid Spin|p2a: Cinderace
|-damage|p2a: Cinderace|84/100
|-boost|p1a: Iron Treads|spe|1
|
|-heal|p1a: Iron Treads|56/100|[from] item: Leftovers
|upkeep
|turn|16
|
|t:|1779583801
|move|p1a: Iron Treads|Earth Power|p2a: Cinderace
|-supereffective|p2a: Cinderace
|-damage|p2a: Cinderace|29/100
|move|p2a: Cinderace|Pyro Ball|p1a: Iron Treads|[miss]
|-miss|p2a: Cinderace|p1a: Iron Treads
|
|-heal|p1a: Iron Treads|62/100|[from] item: Leftovers
|upkeep
|turn|17
|
|t:|1779583811
|move|p2a: Cinderace|Endure|p2a: Cinderace
|-singleturn|p2a: Cinderace|move: Endure
|move|p1a: Iron Treads|Earth Power|p2a: Cinderace
|-supereffective|p2a: Cinderace
|-activate|p2a: Cinderace|move: Endure
|-damage|p2a: Cinderace|1/100
|-enditem|p2a: Cinderace|Salac Berry|[eat]
|-boost|p2a: Cinderace|spe|1|[from] item: Salac Berry
|
|-heal|p1a: Iron Treads|68/100|[from] item: Leftovers
|upkeep
|turn|18
|
|t:|1779583819
|move|p2a: Cinderace|Pyro Ball|p1a: Iron Treads|[miss]
|-miss|p2a: Cinderace|p1a: Iron Treads
|move|p1a: Iron Treads|Earth Power|p2a: Cinderace
|-supereffective|p2a: Cinderace
|-damage|p2a: Cinderace|0 fnt
|faint|p2a: Cinderace
|
|-heal|p1a: Iron Treads|74/100|[from] item: Leftovers
|upkeep
|-message|rockeater9000 forfeited.
|
|win|kopv
|raw|kopv's rating: 1450 &rarr; <strong>1471</strong><br />(+21 for winning)
|raw|rockeater9000's rating: 1463 &rarr; <strong>1442</strong><br />(-21 for losing)
|l|☆rockeater9000
|player|p2|
