|j|☆Satoshi248
|j|☆Thatonebunny
|t:|1779602004
|gametype|singles
|player|p1|Satoshi248|hilbert|1127
|player|p2|Thatonebunny|lass-gen4dp|1160
|gen|9
|tier|[Gen 9] OU
|rated|
|rule|HP Percentage Mod: HP is shown in percentages
|rule|Endless Battle Clause: Forcing endless battles is banned
|rule|Species Clause: Limit one of each Pokémon
|rule|OHKO Clause: OHKO moves are banned
|rule|Evasion Items Clause: Evasion items are banned
|rule|Evasion Moves Clause: Evasion moves are banned
|rule|Evasion Abilities Clause: Evasion abilities are banned
|rule|Sleep Moves Clause: Sleep-inducing moves are banned
|clearpoke
|poke|p1|Greninja-*, M|
|poke|p1|Porygon2|
|poke|p1|Garchomp, F|
|poke|p1|Arcanine, M|
|poke|p1|Blissey, F|
|poke|p1|Corviknight, F|
|poke|p2|Ditto|
|poke|p2|Carbink, L1|
|poke|p2|Armarouge, F|
|poke|p2|Noivern, M|
|poke|p2|Metagross|
|poke|p2|Corviknight, F|
|teampreview
|
|t:|1779602017
|teamsize|p1|6
|teamsize|p2|6
|start
|switch|p1a: Greninja|Greninja, M|100/100
|switch|p2a: Metroid|Carbink, L1, shiny|100/100
|turn|1
|
|t:|1779602025
|move|p1a: Greninja|Surf|p2a: Metroid
|-supereffective|p2a: Metroid
|-ability|p2a: Metroid|Sturdy
|-damage|p2a: Metroid|9/100
|move|p2a: Metroid|Endeavor|p1a: Greninja
|-damage|p1a: Greninja|1/100
|-heal|p2a: Metroid|100/100|[from] item: Shell Bell|[of] p1a: Greninja
|
|upkeep
|turn|2
|
|t:|1779602036
|-terastallize|p1a: Greninja|Water
|move|p1a: Greninja|Surf|p2a: Metroid
|-supereffective|p2a: Metroid
|-ability|p2a: Metroid|Sturdy
|-damage|p2a: Metroid|9/100
|move|p2a: Metroid|Sandstorm|p2a: Metroid
|-weather|Sandstorm
|
|-weather|Sandstorm|[upkeep]
|-damage|p1a: Greninja|0 fnt|[from] Sandstorm
|faint|p1a: Greninja
|upkeep
|
|t:|1779602047
|switch|p1a: Arcanine|Arcanine, M|100/100
|-ability|p1a: Arcanine|Intimidate|boost
|-unboost|p2a: Metroid|atk|1
|turn|3
|
|t:|1779602062
|switch|p2a: Samus|Armarouge, F, shiny|100/100
|move|p1a: Arcanine|Extreme Speed|p2a: Samus
|-damage|p2a: Samus|71/100
|-ability|p2a: Samus|Weak Armor|boost
|-unboost|p2a: Samus|def|1
|-boost|p2a: Samus|spe|2
|-damage|p1a: Arcanine|91/100|[from] item: Life Orb
|
|-weather|Sandstorm|[upkeep]
|-damage|p2a: Samus|65/100|[from] Sandstorm
|-damage|p1a: Arcanine|84/100|[from] Sandstorm
|upkeep
|turn|4
|
|t:|1779602079
|move|p2a: Samus|Meteor Beam||[still]
|-prepare|p2a: Samus|Meteor Beam
|-boost|p2a: Samus|spa|1
|-enditem|p2a: Samus|Power Herb
|-anim|p2a: Samus|Meteor Beam|p1a: Arcanine
|-supereffective|p1a: Arcanine
|-damage|p1a: Arcanine|0 fnt
|faint|p1a: Arcanine
|
|-weather|Sandstorm|[upkeep]
|-damage|p2a: Samus|59/100|[from] Sandstorm
|upkeep
|
|t:|1779602100
|switch|p1a: Blissey|Blissey, F|100/100
|turn|5
|
|t:|1779602104
|move|p2a: Samus|Calm Mind|p2a: Samus
|-boost|p2a: Samus|spa|1
|-boost|p2a: Samus|spd|1
|move|p1a: Blissey|Seismic Toss|p2a: Samus
|-damage|p2a: Samus|32/100
|-ability|p2a: Samus|Weak Armor|boost
|-unboost|p2a: Samus|def|1
|-boost|p2a: Samus|spe|2
|
|-weather|Sandstorm|[upkeep]
|-damage|p2a: Samus|26/100|[from] Sandstorm
|-damage|p1a: Blissey|94/100|[from] Sandstorm
|-heal|p1a: Blissey|100/100|[from] item: Leftovers
|upkeep
|turn|6
|
|t:|1779602119
|move|p2a: Samus|Stored Power|p1a: Blissey
|-damage|p1a: Blissey|53/100
|move|p1a: Blissey|Seismic Toss|p2a: Samus
|-damage|p2a: Samus|0 fnt
|faint|p2a: Samus
|
|-weather|none
|-heal|p1a: Blissey|59/100|[from] item: Leftovers
|upkeep
|
|t:|1779602128
|switch|p2a: E.M.M.I.|Metagross, shiny|100/100
|turn|7
|
|t:|1779602140
|switch|p1a: Garchomp|Garchomp, F|100/100
|move|p2a: E.M.M.I.|Agility|p2a: E.M.M.I.
|-boost|p2a: E.M.M.I.|spe|2
|
|upkeep
|turn|8
|inactive|Battle timer is ON: inactive players will automatically lose when time's up. (requested by Thatonebunny)
|
|t:|1779602147
|move|p2a: E.M.M.I.|Zen Headbutt|p1a: Garchomp
|-damage|p1a: Garchomp|54/100
|-damage|p2a: E.M.M.I.|88/100|[from] ability: Rough Skin|[of] p1a: Garchomp
|move|p1a: Garchomp|Earthquake|p2a: E.M.M.I.
|-supereffective|p2a: E.M.M.I.
|-damage|p2a: E.M.M.I.|0 fnt
|faint|p2a: E.M.M.I.
|
|upkeep
|
|t:|1779602157
|switch|p2a: X|Ditto, shiny|100/100
|-transform|p2a: X|p1a: Garchomp|[from] ability: Imposter
|turn|9
|
|t:|1779602164
|switch|p2a: Metroid|Carbink, L1, shiny|9/100
|switch|p1a: Corviknight|Corviknight, F|100/100
|
|upkeep
|turn|10
|
|t:|1779602173
|move|p1a: Corviknight|Iron Head|p2a: Metroid
|-supereffective|p2a: Metroid
|-damage|p2a: Metroid|0 fnt
|faint|p2a: Metroid
|
|upkeep
|
|t:|1779602175
|switch|p2a: Ridley|Noivern, M|100/100
|turn|11
|
|t:|1779602185
|switch|p1a: Blissey|Blissey, F|59/100
|move|p2a: Ridley|Flamethrower|p1a: Blissey
|-damage|p1a: Blissey|53/100
|
|-heal|p1a: Blissey|59/100|[from] item: Leftovers
|upkeep
|turn|12
|
|t:|1779602193
|move|p2a: Ridley|Boomburst|p1a: Blissey
|-damage|p1a: Blissey|47/100
|-enditem|p2a: Ridley|Throat Spray
|-boost|p2a: Ridley|spa|1|[from] item: Throat Spray
|move|p1a: Blissey|Soft-Boiled|p1a: Blissey
|-heal|p1a: Blissey|97/100
|
|-heal|p1a: Blissey|100/100|[from] item: Leftovers
|upkeep
|turn|13
|
|t:|1779602203
|move|p2a: Ridley|Air Slash|p1a: Blissey
|-damage|p1a: Blissey|86/100
|move|p1a: Blissey|Seismic Toss|p2a: Ridley
|-damage|p2a: Ridley|68/100
|
|-heal|p1a: Blissey|92/100|[from] item: Leftovers
|upkeep
|turn|14
|
|t:|1779602212
|switch|p2a: Raven Beak|Corviknight, F|100/100
|move|p1a: Blissey|Seismic Toss|p2a: Raven Beak
|-damage|p2a: Raven Beak|75/100
|
|-heal|p1a: Blissey|98/100|[from] item: Leftovers
|upkeep
|turn|15
|
|t:|1779602227
|switch|p1a: Porygon2|Porygon2, shiny|100/100
|move|p2a: Raven Beak|Iron Defense|p2a: Raven Beak
|-boost|p2a: Raven Beak|def|2
|
|upkeep
|turn|16
|
|t:|1779602236
|move|p2a: Raven Beak|Body Press|p1a: Porygon2
|-supereffective|p1a: Porygon2
|-damage|p1a: Porygon2|40/100
|move|p1a: Porygon2|Discharge|p2a: Raven Beak
|-supereffective|p2a: Raven Beak
|-damage|p2a: Raven Beak|25/100
|-status|p2a: Raven Beak|par
|
|upkeep
|turn|17
|-message|Thatonebunny forfeited.
|
|win|Satoshi248
|raw|Satoshi248's rating: 1127 &rarr; <strong>1154</strong><br />(+27 for winning)
|raw|Thatonebunny's rating: 1160 &rarr; <strong>1133</strong><br />(-27 for losing)
|l|☆Thatonebunny
|player|p2|
|l|☆Satoshi248
|player|p1|
