|j|☆aku siapa v
|j|☆BananIsac
|t:|1779641040
|gametype|singles
|player|p1|aku siapa v|101|1116
|player|p2|BananIsac|caitlin|1131
|gen|9
|tier|[Gen 9] OU
|rated|
|rule|HP Percentage Mod: HP is shown in percentages
|rule|Endless Battle Clause: Forcing endless battles is banned
|rule|Species Clause: Limit one of each Pokémon
|rule|OHKO Clause: OHKO moves are banned
|rule|Evasion Items Clause: Evasion items are banned
|rule|Evasion Moves Clause: Evasion moves are banned
|rule|Evasion Abilities Clause: Evasion abilities are banned
|rule|Sleep Moves Clause: Sleep-inducing moves are banned
|clearpoke
|poke|p1|Garganacl, F|
|poke|p1|Chansey, F|
|poke|p1|Espeon, F|
|poke|p1|Quaquaval, F|
|poke|p1|Landorus-Therian, M|
|poke|p1|Tyranitar, F|
|poke|p2|Hatterene, F|
|poke|p2|Great Tusk|
|poke|p2|Tornadus-Therian, M|
|poke|p2|Kyurem|
|poke|p2|Slowking-Galar, M|
|poke|p2|Gholdengo|
|teampreview
|
|t:|1779641050
|teamsize|p1|6
|teamsize|p2|6
|start
|switch|p1a: Landorus|Landorus-Therian, M|100/100
|switch|p2a: Great Tusk|Great Tusk|100/100
|-ability|p1a: Landorus|Intimidate|boost
|-unboost|p2a: Great Tusk|atk|1
|turn|1
|
|t:|1779641058
|-end|p2a: Great Tusk|Protosynthesis|[silent]
|switch|p2a: Hatterene|Hatterene, F|100/100
|move|p1a: Landorus|Taunt|p2a: Hatterene
|move|p2a: Hatterene|Taunt|p1a: Landorus|[from] ability: Magic Bounce
|-start|p1a: Landorus|move: Taunt
|
|upkeep
|turn|2
|
|t:|1779641078
|switch|p2a: Kyurem|Kyurem|100/100
|-ability|p2a: Kyurem|Pressure
|move|p1a: Landorus|U-turn|p2a: Kyurem
|-damage|p2a: Kyurem|75/100
|
|t:|1779641086
|switch|p1a: Chansey|Chansey, F|100/100|[from] U-turn
|
|upkeep
|turn|3
|
|t:|1779641093
|switch|p2a: Great Tusk|Great Tusk|100/100
|move|p1a: Chansey|Thunder Wave|p2a: Great Tusk
|-immune|p2a: Great Tusk
|
|upkeep
|turn|4
|
|t:|1779641100
|switch|p1a: Espeon|Espeon, F|100/100
|move|p2a: Great Tusk|Stealth Rock|p1a: Espeon
|move|p1a: Espeon|Stealth Rock|p2a: Great Tusk|[from] ability: Magic Bounce
|-sidestart|p2: BananIsac|move: Stealth Rock
|
|upkeep
|turn|5
|
|t:|1779641115
|switch|p1a: Landorus|Landorus-Therian, M|100/100
|-ability|p1a: Landorus|Intimidate|boost
|-unboost|p2a: Great Tusk|atk|1
|move|p2a: Great Tusk|Rapid Spin|p1a: Landorus
|-damage|p1a: Landorus|87/100
|-boost|p2a: Great Tusk|spe|1
|-sideend|p2: BananIsac|Stealth Rock|[from] move: Rapid Spin|[of] p2a: Great Tusk
|
|-heal|p1a: Landorus|93/100|[from] item: Leftovers
|upkeep
|turn|6
|
|t:|1779641125
|-end|p2a: Great Tusk|Protosynthesis|[silent]
|switch|p2a: Hatterene|Hatterene, F|100/100
|move|p1a: Landorus|U-turn|p2a: Hatterene
|-damage|p2a: Hatterene|80/100
|-damage|p1a: Landorus|76/100|[from] item: Rocky Helmet|[of] p2a: Hatterene
|
|t:|1779641153
|switch|p1a: Chansey|Chansey, F|100/100|[from] U-turn
|
|upkeep
|turn|7
|
|t:|1779641159
|move|p1a: Chansey|Seismic Toss|p2a: Hatterene
|-damage|p2a: Hatterene|48/100
|-damage|p1a: Chansey|84/100|[from] item: Rocky Helmet|[of] p2a: Hatterene
|move|p2a: Hatterene|Nuzzle|p1a: Chansey
|-damage|p1a: Chansey|78/100
|-status|p1a: Chansey|par
|
|upkeep
|turn|8
|
|t:|1779641168
|switch|p2a: Great Tusk|Great Tusk|100/100
|cant|p1a: Chansey|par
|
|upkeep
|turn|9
|
|t:|1779641176
|-curestatus|p1a: Chansey|par|[from] ability: Natural Cure|[silent]
|switch|p1a: Landorus|Landorus-Therian, M|76/100
|-ability|p1a: Landorus|Intimidate|boost
|-unboost|p2a: Great Tusk|atk|1
|move|p2a: Great Tusk|Headlong Rush|p1a: Landorus
|-immune|p1a: Landorus
|
|-heal|p1a: Landorus|82/100|[from] item: Leftovers
|upkeep
|turn|10
|
|t:|1779641186
|move|p1a: Landorus|Taunt|p2a: Great Tusk
|-start|p2a: Great Tusk|move: Taunt
|move|p2a: Great Tusk|Ice Spinner|p1a: Landorus
|-supereffective|p1a: Landorus
|-damage|p1a: Landorus|0 fnt
|faint|p1a: Landorus
|
|upkeep
|
|t:|1779641192
|switch|p1a: Tyranitar|Tyranitar, F|100/100
|-weather|Sandstorm|[from] ability: Sand Stream|[of] p1a: Tyranitar
|turn|11
|
|t:|1779641202
|-end|p2a: Great Tusk|Protosynthesis|[silent]
|switch|p2a: Hatterene|Hatterene, F|48/100
|move|p1a: Tyranitar|Dragon Dance|p1a: Tyranitar
|-boost|p1a: Tyranitar|atk|1
|-boost|p1a: Tyranitar|spe|1
|
|-weather|Sandstorm|[upkeep]
|-damage|p2a: Hatterene|42/100|[from] Sandstorm
|upkeep
|turn|12
|
|t:|1779641214
|move|p1a: Tyranitar|Earthquake|p2a: Hatterene
|-damage|p2a: Hatterene|0 fnt
|faint|p2a: Hatterene
|
|-weather|Sandstorm|[upkeep]
|upkeep
|
|t:|1779641229
|switch|p2a: Great Tusk|Great Tusk|100/100
|turn|13
|
|t:|1779641243
|move|p2a: Great Tusk|Headlong Rush|p1a: Tyranitar
|-supereffective|p1a: Tyranitar
|-damage|p1a: Tyranitar|0 fnt
|-unboost|p2a: Great Tusk|def|1
|-unboost|p2a: Great Tusk|spd|1
|faint|p1a: Tyranitar
|
|-weather|Sandstorm|[upkeep]
|upkeep
|
|t:|1779641247
|switch|p1a: Quaquaval|Quaquaval, F|100/100
|turn|14
|
|t:|1779641254
|move|p2a: Great Tusk|Headlong Rush|p1a: Quaquaval
|-damage|p1a: Quaquaval|24/100
|-unboost|p2a: Great Tusk|def|1
|-unboost|p2a: Great Tusk|spd|1
|move|p1a: Quaquaval|Aqua Step|p2a: Great Tusk
|-supereffective|p2a: Great Tusk
|-damage|p2a: Great Tusk|0 fnt
|-boost|p1a: Quaquaval|spe|1
|-damage|p1a: Quaquaval|8/100|[from] item: Rocky Helmet|[of] p2a: Great Tusk
|faint|p2a: Great Tusk
|-end|p2a: Great Tusk|Protosynthesis|[silent]
|-ability|p1a: Quaquaval|Moxie|boost
|-boost|p1a: Quaquaval|atk|1
|
|-weather|Sandstorm|[upkeep]
|-damage|p1a: Quaquaval|2/100|[from] Sandstorm
|upkeep
|
|t:|1779641279
|switch|p2a: Slowking|Slowking-Galar, M|100/100
|turn|15
|
|t:|1779641290
|move|p1a: Quaquaval|Knock Off|p2a: Slowking
|-supereffective|p2a: Slowking
|-damage|p2a: Slowking|31/100
|-enditem|p2a: Slowking|Black Sludge|[from] move: Knock Off|[of] p1a: Quaquaval
|move|p2a: Slowking|Future Sight|p1a: Quaquaval
|-start|p2a: Slowking|move: Future Sight
|
|-weather|none
|upkeep
|turn|16
|
|t:|1779641303
|move|p1a: Quaquaval|Knock Off|p2a: Slowking
|-supereffective|p2a: Slowking
|-damage|p2a: Slowking|0 fnt
|faint|p2a: Slowking
|-ability|p1a: Quaquaval|Moxie|boost
|-boost|p1a: Quaquaval|atk|1
|
|upkeep
|
|t:|1779641309
|switch|p2a: Gholdengo|Gholdengo|100/100
|turn|17
|
|t:|1779641317
|move|p1a: Quaquaval|Knock Off|p2a: Gholdengo
|-supereffective|p2a: Gholdengo
|-damage|p2a: Gholdengo|0 fnt
|-enditem|p2a: Gholdengo|Leftovers|[from] move: Knock Off|[of] p1a: Quaquaval
|faint|p2a: Gholdengo
|-ability|p1a: Quaquaval|Moxie|boost
|-boost|p1a: Quaquaval|atk|1
|
|-end|p1a: Quaquaval|move: Future Sight
|-supereffective|p1a: Quaquaval
|-damage|p1a: Quaquaval|0 fnt
|faint|p1a: Quaquaval
|upkeep
|
|t:|1779641322
|switch|p1a: Chansey|Chansey, F|78/100
|switch|p2a: Tornadus|Tornadus-Therian, M|100/100
|turn|18
|
|t:|1779641332
|move|p2a: Tornadus|Knock Off|p1a: Chansey
|-damage|p1a: Chansey|43/100
|-enditem|p1a: Chansey|Eviolite|[from] move: Knock Off|[of] p2a: Tornadus
|move|p1a: Chansey|Thunder Wave|p2a: Tornadus
|-status|p2a: Tornadus|par
|
|upkeep
|turn|19
|
|t:|1779641344
|switch|p1a: Garganacl|Garganacl, F|100/100
|cant|p2a: Tornadus|par
|
|upkeep
|turn|20
|
|t:|1779641350
|cant|p2a: Tornadus|par
|move|p1a: Garganacl|Salt Cure|p2a: Tornadus
|-supereffective|p2a: Tornadus
|-damage|p2a: Tornadus|66/100 par
|-start|p2a: Tornadus|Salt Cure
|
|-damage|p2a: Tornadus|53/100 par|[from] Salt Cure
|upkeep
|turn|21
|
|t:|1779641355
|move|p2a: Tornadus|Knock Off|p1a: Garganacl
|-damage|p1a: Garganacl|90/100
|-damage|p2a: Tornadus|37/100 par|[from] item: Rocky Helmet|[of] p1a: Garganacl
|-enditem|p1a: Garganacl|Rocky Helmet|[from] move: Knock Off|[of] p2a: Tornadus
|move|p1a: Garganacl|Stealth Rock|p2a: Tornadus
|-sidestart|p2: BananIsac|move: Stealth Rock
|
|-damage|p2a: Tornadus|24/100 par|[from] Salt Cure
|upkeep
|turn|22
|
|t:|1779641367
|move|p2a: Tornadus|Heat Wave|p1a: Garganacl|[miss]
|-miss|p2a: Tornadus|p1a: Garganacl
|move|p1a: Garganacl|Body Press|p2a: Tornadus
|-resisted|p2a: Tornadus
|-damage|p2a: Tornadus|6/100 par
|
|-damage|p2a: Tornadus|0 fnt|[from] Salt Cure
|faint|p2a: Tornadus
|upkeep
|
|t:|1779641370
|switch|p2a: Kyurem|Kyurem|75/100
|-damage|p2a: Kyurem|50/100|[from] Stealth Rock
|-ability|p2a: Kyurem|Pressure
|turn|23
|
|t:|1779641384
|-terastallize|p2a: Kyurem|Ice
|move|p2a: Kyurem|Blizzard|p1a: Garganacl
|-damage|p1a: Garganacl|0 fnt
|faint|p1a: Garganacl
|
|upkeep
|
|t:|1779641390
|switch|p1a: Chansey|Chansey, F|43/100
|turn|24
|
|t:|1779641395
|move|p2a: Kyurem|Blizzard|p1a: Chansey|[miss]
|-miss|p2a: Kyurem|p1a: Chansey
|move|p1a: Chansey|Soft-Boiled|p1a: Chansey
|-heal|p1a: Chansey|93/100
|
|upkeep
|turn|25
|
|t:|1779641399
|move|p2a: Kyurem|Blizzard|p1a: Chansey|[miss]
|-miss|p2a: Kyurem|p1a: Chansey
|move|p1a: Chansey|Seismic Toss|p2a: Kyurem
|-damage|p2a: Kyurem|25/100
|
|upkeep
|turn|26
|
|t:|1779641402
|move|p2a: Kyurem|Blizzard|p1a: Chansey
|-damage|p1a: Chansey|54/100
|move|p1a: Chansey|Thunder Wave|p2a: Kyurem|[miss]
|-miss|p1a: Chansey|p2a: Kyurem
|
|upkeep
|turn|27
|-message|BananIsac forfeited.
|
|win|aku siapa v
|raw|aku siapa v's rating: 1116 &rarr; <strong>1142</strong><br />(+26 for winning)
|raw|BananIsac's rating: 1131 &rarr; <strong>1105</strong><br />(-26 for losing)
|l|☆BananIsac
|player|p2|
|l|☆aku siapa v
|player|p1|
