|j|☆excivemaster
|j|‽GvrenWrld__
|t:|1779561043
|gametype|singles
|player|p1|excivemaster|170|1174
|player|p2|GvrenWrld__|volkner|1200
|gen|9
|tier|[Gen 9] OU
|rated|
|rule|HP Percentage Mod: HP is shown in percentages
|rule|Endless Battle Clause: Forcing endless battles is banned
|rule|Species Clause: Limit one of each Pokémon
|rule|OHKO Clause: OHKO moves are banned
|rule|Evasion Items Clause: Evasion items are banned
|rule|Evasion Moves Clause: Evasion moves are banned
|rule|Evasion Abilities Clause: Evasion abilities are banned
|rule|Sleep Moves Clause: Sleep-inducing moves are banned
|clearpoke
|poke|p1|Tsareena, F|
|poke|p1|Clodsire, M|
|poke|p1|Shroomish, M|
|poke|p1|Cinderace, F|
|poke|p1|Gastrodon, M|
|poke|p1|Glimmora, F|
|poke|p2|Ceruledge, M|
|poke|p2|Raging Bolt|
|poke|p2|Hatterene, F|
|poke|p2|Zamazenta-*|
|poke|p2|Walking Wake|
|poke|p2|Torkoal, M|
|teampreview
|
|t:|1779561049
|teamsize|p1|6
|teamsize|p2|6
|start
|switch|p1a: Tsareena|Tsareena, F|100/100
|switch|p2a: Torkoal|Torkoal, M, shiny|100/100
|-weather|SunnyDay|[from] ability: Drought|[of] p2a: Torkoal
|turn|1
|
|t:|1779561058
|move|p1a: Tsareena|Taunt|p2a: Torkoal
|-start|p2a: Torkoal|move: Taunt
|cant|p2a: Torkoal|move: Taunt|Stealth Rock
|
|-weather|SunnyDay|[upkeep]
|upkeep
|turn|2
|
|t:|1779561063
|move|p1a: Tsareena|Knock Off|p2a: Torkoal
|-damage|p2a: Torkoal|80/100
|-enditem|p2a: Torkoal|Heavy-Duty Boots|[from] move: Knock Off|[of] p1a: Tsareena
|move|p2a: Torkoal|Flamethrower|p1a: Tsareena
|-supereffective|p1a: Tsareena
|-damage|p1a: Tsareena|0 fnt
|faint|p1a: Tsareena
|
|-weather|SunnyDay|[upkeep]
|upkeep
|
|t:|1779561070
|switch|p1a: Glimmora|Glimmora, F|100/100
|turn|3
|
|t:|1779561076
|move|p1a: Glimmora|Sludge Wave|p2a: Torkoal
|-damage|p2a: Torkoal|4/100
|move|p2a: Torkoal|Rapid Spin|p1a: Glimmora
|-resisted|p1a: Glimmora
|-crit|p1a: Glimmora
|-damage|p1a: Glimmora|90/100
|-boost|p2a: Torkoal|spe|1
|-activate|p1a: Glimmora|ability: Toxic Debris
|-sidestart|p2: GvrenWrld__|move: Toxic Spikes
|-sideend|p2: GvrenWrld__|Toxic Spikes|[from] move: Rapid Spin|[of] p2a: Torkoal
|
|-weather|SunnyDay|[upkeep]
|-end|p2a: Torkoal|move: Taunt
|upkeep
|turn|4
|
|t:|1779561097
|switch|p2a: Zamazenta|Zamazenta, shiny|100/100
|-ability|p2a: Zamazenta|Dauntless Shield|boost
|-boost|p2a: Zamazenta|def|1
|move|p1a: Glimmora|Sludge Wave|p2a: Zamazenta
|-damage|p2a: Zamazenta|52/100
|
|-weather|SunnyDay|[upkeep]
|-heal|p2a: Zamazenta|58/100|[from] item: Leftovers
|upkeep
|turn|5
|
|t:|1779561109
|move|p2a: Zamazenta|Body Press|p1a: Glimmora
|-damage|p1a: Glimmora|10/100
|-activate|p1a: Glimmora|ability: Toxic Debris
|-sidestart|p2: GvrenWrld__|move: Toxic Spikes
|move|p1a: Glimmora|Dazzling Gleam|p2a: Zamazenta
|-supereffective|p2a: Zamazenta
|-damage|p2a: Zamazenta|8/100
|
|-weather|none
|-heal|p2a: Zamazenta|14/100|[from] item: Leftovers
|upkeep
|turn|6
|
|t:|1779561119
|move|p2a: Zamazenta|Body Press|p1a: Glimmora
|-damage|p1a: Glimmora|0 fnt
|-activate|p1a: Glimmora|ability: Toxic Debris
|-sidestart|p2: GvrenWrld__|move: Toxic Spikes
|faint|p1a: Glimmora
|
|-heal|p2a: Zamazenta|20/100|[from] item: Leftovers
|upkeep
|
|t:|1779561124
|switch|p1a: Cinderace|Cinderace, F|100/100
|turn|7
|
|t:|1779561130
|move|p2a: Zamazenta|Protect|p2a: Zamazenta
|-singleturn|p2a: Zamazenta|Protect
|move|p1a: Cinderace|Pyro Ball|p2a: Zamazenta
|-activate|p2a: Zamazenta|move: Protect
|
|-heal|p2a: Zamazenta|26/100|[from] item: Leftovers
|upkeep
|turn|8
|
|t:|1779561140
|move|p1a: Cinderace|Pyro Ball|p2a: Zamazenta
|-damage|p2a: Zamazenta|0 fnt
|faint|p2a: Zamazenta
|
|upkeep
|
|t:|1779561146
|switch|p2a: Torkoal|Torkoal, M, shiny|4/100
|-status|p2a: Torkoal|tox
|-weather|SunnyDay|[from] ability: Drought|[of] p2a: Torkoal
|turn|9
|
|t:|1779561152
|move|p1a: Cinderace|Pyro Ball|p2a: Torkoal
|-resisted|p2a: Torkoal
|-damage|p2a: Torkoal|0 fnt
|faint|p2a: Torkoal
|
|-weather|SunnyDay|[upkeep]
|upkeep
|
|t:|1779561163
|switch|p2a: Ceruledge|Ceruledge, M, shiny|100/100
|-status|p2a: Ceruledge|tox
|turn|10
|
|t:|1779561168
|move|p1a: Cinderace|Sucker Punch||[still]
|-fail|p1a: Cinderace
|move|p2a: Ceruledge|Swords Dance|p2a: Ceruledge
|-boost|p2a: Ceruledge|atk|2
|
|-weather|SunnyDay|[upkeep]
|-damage|p2a: Ceruledge|94/100 tox|[from] psn
|upkeep
|turn|11
|
|t:|1779561177
|move|p1a: Cinderace|Sucker Punch|p2a: Ceruledge
|-start|p1a: Cinderace|typechange|Dark|[from] ability: Libero
|-supereffective|p2a: Ceruledge
|-damage|p2a: Ceruledge|28/100 tox
|-ability|p2a: Ceruledge|Weak Armor|boost
|-unboost|p2a: Ceruledge|def|1
|-boost|p2a: Ceruledge|spe|2
|move|p2a: Ceruledge|Bitter Blade|p1a: Cinderace
|-damage|p1a: Cinderace|0 fnt
|-heal|p2a: Ceruledge|80/100 tox|[from] drain|[of] p1a: Cinderace
|faint|p1a: Cinderace
|
|-weather|SunnyDay|[upkeep]
|-damage|p2a: Ceruledge|67/100 tox|[from] psn
|upkeep
|
|t:|1779561187
|switch|p1a: Clodsire|Clodsire, M|100/100
|turn|12
|
|t:|1779561193
|move|p2a: Ceruledge|Bitter Blade|p1a: Clodsire
|-damage|p1a: Clodsire|45/100
|-heal|p2a: Ceruledge|100/100 tox|[from] drain|[of] p1a: Clodsire
|move|p1a: Clodsire|Stockpile|p1a: Clodsire
|-start|p1a: Clodsire|stockpile1
|-boost|p1a: Clodsire|def|1
|-boost|p1a: Clodsire|spd|1
|
|-weather|SunnyDay|[upkeep]
|-heal|p1a: Clodsire|51/100|[from] item: Leftovers
|-damage|p2a: Ceruledge|82/100 tox|[from] psn
|upkeep
|turn|13
|
|t:|1779561204
|move|p2a: Ceruledge|Bitter Blade|p1a: Clodsire
|-damage|p1a: Clodsire|17/100
|-heal|p2a: Ceruledge|100/100 tox|[from] drain|[of] p1a: Clodsire
|move|p1a: Clodsire|Rest|p1a: Clodsire
|-status|p1a: Clodsire|slp|[from] move: Rest
|-heal|p1a: Clodsire|100/100 slp|[silent]
|
|-weather|none
|-damage|p2a: Ceruledge|76/100 tox|[from] psn
|upkeep
|turn|14
|
|t:|1779561214
|move|p2a: Ceruledge|Swords Dance|p2a: Ceruledge
|-boost|p2a: Ceruledge|atk|2
|cant|p1a: Clodsire|slp
|
|-damage|p2a: Ceruledge|45/100 tox|[from] psn
|upkeep
|turn|15
|
|t:|1779561220
|move|p2a: Ceruledge|Bitter Blade|p1a: Clodsire
|-damage|p1a: Clodsire|77/100 slp
|-heal|p2a: Ceruledge|64/100 tox|[from] drain|[of] p1a: Clodsire
|cant|p1a: Clodsire|slp
|
|-heal|p1a: Clodsire|83/100 slp|[from] item: Leftovers
|-damage|p2a: Ceruledge|27/100 tox|[from] psn
|upkeep
|turn|16
|
|t:|1779561229
|move|p2a: Ceruledge|Bitter Blade|p1a: Clodsire
|-damage|p1a: Clodsire|57/100 slp
|-heal|p2a: Ceruledge|48/100 tox|[from] drain|[of] p1a: Clodsire
|-curestatus|p1a: Clodsire|slp|[msg]
|move|p1a: Clodsire|Stockpile|p1a: Clodsire
|-start|p1a: Clodsire|stockpile2
|-boost|p1a: Clodsire|def|1
|-boost|p1a: Clodsire|spd|1
|
|-heal|p1a: Clodsire|63/100|[from] item: Leftovers
|-damage|p2a: Ceruledge|5/100 tox|[from] psn
|upkeep
|turn|17
|
|t:|1779561242
|move|p2a: Ceruledge|Shadow Sneak|p1a: Clodsire
|-damage|p1a: Clodsire|55/100
|move|p1a: Clodsire|Stockpile|p1a: Clodsire
|-start|p1a: Clodsire|stockpile3
|-boost|p1a: Clodsire|def|1
|-boost|p1a: Clodsire|spd|1
|
|-heal|p1a: Clodsire|61/100|[from] item: Leftovers
|-damage|p2a: Ceruledge|0 fnt|[from] psn
|faint|p2a: Ceruledge
|upkeep
|
|t:|1779561252
|switch|p2a: Hatterene|Hatterene, F, shiny|100/100
|-status|p2a: Hatterene|tox
|turn|18
|l|☆excivemaster
|player|p1|
|j|☆excivemaster
|player|p1|excivemaster|170|
|
|t:|1779561264
|move|p2a: Hatterene|Psyshock|p1a: Clodsire
|-supereffective|p1a: Clodsire
|-damage|p1a: Clodsire|33/100
|move|p1a: Clodsire|Liquidation|p2a: Hatterene
|-crit|p2a: Hatterene
|-damage|p2a: Hatterene|73/100 tox
|
|-heal|p2a: Hatterene|79/100 tox|[from] item: Leftovers
|-heal|p1a: Clodsire|39/100|[from] item: Leftovers
|-damage|p2a: Hatterene|73/100 tox|[from] psn
|upkeep
|turn|19
|
|t:|1779561276
|move|p2a: Hatterene|Psyshock|p1a: Clodsire
|-supereffective|p1a: Clodsire
|-damage|p1a: Clodsire|11/100
|move|p1a: Clodsire|Rest|p1a: Clodsire
|-status|p1a: Clodsire|slp|[from] move: Rest
|-heal|p1a: Clodsire|100/100 slp|[silent]
|
|-heal|p2a: Hatterene|79/100 tox|[from] item: Leftovers
|-damage|p2a: Hatterene|67/100 tox|[from] psn
|upkeep
|turn|20
|
|t:|1779561285
|move|p2a: Hatterene|Psyshock|p1a: Clodsire
|-supereffective|p1a: Clodsire
|-damage|p1a: Clodsire|75/100 slp
|cant|p1a: Clodsire|slp
|
|-heal|p2a: Hatterene|73/100 tox|[from] item: Leftovers
|-heal|p1a: Clodsire|82/100 slp|[from] item: Leftovers
|-damage|p2a: Hatterene|55/100 tox|[from] psn
|upkeep
|turn|21
|
|t:|1779561293
|move|p2a: Hatterene|Psyshock|p1a: Clodsire
|-supereffective|p1a: Clodsire
|-damage|p1a: Clodsire|53/100 slp
|cant|p1a: Clodsire|slp
|
|-heal|p2a: Hatterene|61/100 tox|[from] item: Leftovers
|-heal|p1a: Clodsire|60/100 slp|[from] item: Leftovers
|-damage|p2a: Hatterene|37/100 tox|[from] psn
|upkeep
|turn|22
|
|t:|1779561301
|move|p2a: Hatterene|Psyshock|p1a: Clodsire
|-supereffective|p1a: Clodsire
|-damage|p1a: Clodsire|34/100 slp
|-curestatus|p1a: Clodsire|slp|[msg]
|move|p1a: Clodsire|Rest|p1a: Clodsire
|-status|p1a: Clodsire|slp|[from] move: Rest
|-heal|p1a: Clodsire|100/100 slp|[silent]
|
|-heal|p2a: Hatterene|43/100 tox|[from] item: Leftovers
|-damage|p2a: Hatterene|14/100 tox|[from] psn
|upkeep
|turn|23
|
|t:|1779561312
|move|p2a: Hatterene|Psyshock|p1a: Clodsire
|-supereffective|p1a: Clodsire
|-damage|p1a: Clodsire|73/100 slp
|cant|p1a: Clodsire|slp
|
|-heal|p2a: Hatterene|20/100 tox|[from] item: Leftovers
|-heal|p1a: Clodsire|79/100 slp|[from] item: Leftovers
|-damage|p2a: Hatterene|0 fnt|[from] psn
|faint|p2a: Hatterene
|upkeep
|
|t:|1779561320
|switch|p2a: Walking Wake|Walking Wake|100/100
|-status|p2a: Walking Wake|tox
|turn|24
|
|t:|1779561328
|switch|p1a: Gastrodon|Gastrodon, M|100/100
|move|p2a: Walking Wake|Draco Meteor|p1a: Gastrodon
|-damage|p1a: Gastrodon|36/100
|-unboost|p2a: Walking Wake|spa|2
|-damage|p2a: Walking Wake|91/100 tox|[from] item: Life Orb
|
|-damage|p2a: Walking Wake|85/100 tox|[from] psn
|upkeep
|turn|25
|
|t:|1779561339
|switch|p1a: Shroomish|Shroomish, M|100/100
|move|p2a: Walking Wake|Draco Meteor|p1a: Shroomish
|-damage|p1a: Shroomish|65/100
|-unboost|p2a: Walking Wake|spa|2
|-damage|p2a: Walking Wake|75/100 tox|[from] item: Life Orb
|
|-damage|p2a: Walking Wake|62/100 tox|[from] psn
|upkeep
|turn|26
|
|t:|1779561350
|-end|p2a: Walking Wake|Protosynthesis|[silent]
|switch|p2a: Raging Bolt|Raging Bolt|100/100
|-status|p2a: Raging Bolt|tox
|move|p1a: Shroomish|Leech Seed|p2a: Raging Bolt
|-start|p2a: Raging Bolt|move: Leech Seed
|
|-damage|p2a: Raging Bolt|88/100 tox|[from] Leech Seed|[of] p1a: Shroomish
|-heal|p1a: Shroomish|83/100|[silent]
|-damage|p2a: Raging Bolt|82/100 tox|[from] psn
|upkeep
|turn|27
|
|t:|1779561365
|move|p1a: Shroomish|Protect|p1a: Shroomish
|-singleturn|p1a: Shroomish|Protect
|move|p2a: Raging Bolt|Calm Mind|p2a: Raging Bolt
|-boost|p2a: Raging Bolt|spa|1
|-boost|p2a: Raging Bolt|spd|1
|
|-damage|p2a: Raging Bolt|70/100 tox|[from] Leech Seed|[of] p1a: Shroomish
|-heal|p1a: Shroomish|99/100|[silent]
|-damage|p2a: Raging Bolt|57/100 tox|[from] psn
|upkeep
|turn|28
|
|t:|1779561374
|move|p1a: Shroomish|Protect||[still]
|-fail|p1a: Shroomish
|move|p2a: Raging Bolt|Dragon Pulse|p1a: Shroomish
|-crit|p1a: Shroomish
|-damage|p1a: Shroomish|1/100
|-damage|p2a: Raging Bolt|47/100 tox|[from] item: Life Orb
|
|-damage|p2a: Raging Bolt|35/100 tox|[from] Leech Seed|[of] p1a: Shroomish
|-heal|p1a: Shroomish|18/100|[silent]
|-damage|p2a: Raging Bolt|17/100 tox|[from] psn
|upkeep
|turn|29
|
|t:|1779561385
|move|p1a: Shroomish|Protect|p1a: Shroomish
|-singleturn|p1a: Shroomish|Protect
|move|p2a: Raging Bolt|Roar|p1a: Shroomish
|drag|p1a: Gastrodon|Gastrodon, M|36/100
|
|-damage|p2a: Raging Bolt|4/100 tox|[from] Leech Seed|[of] p1a: Gastrodon
|-heal|p1a: Gastrodon|49/100|[silent]
|-damage|p2a: Raging Bolt|0 fnt|[from] psn
|faint|p2a: Raging Bolt
|-end|p2a: Raging Bolt|Protosynthesis|[silent]
|upkeep
|
|t:|1779561393
|switch|p2a: Walking Wake|Walking Wake|62/100 tox
|turn|30
|
|t:|1779561400
|-terastallize|p2a: Walking Wake|Water
|move|p2a: Walking Wake|Draco Meteor|p1a: Gastrodon
|-damage|p1a: Gastrodon|0 fnt
|-unboost|p2a: Walking Wake|spa|2
|faint|p1a: Gastrodon
|-damage|p2a: Walking Wake|53/100 tox|[from] item: Life Orb
|
|-damage|p2a: Walking Wake|47/100 tox|[from] psn
|upkeep
|
|t:|1779561405
|switch|p1a: Shroomish|Shroomish, M|18/100
|turn|31
|
|t:|1779561416
|move|p1a: Shroomish|Protect|p1a: Shroomish
|-singleturn|p1a: Shroomish|Protect
|move|p2a: Walking Wake|Weather Ball|p1a: Shroomish
|-activate|p1a: Shroomish|move: Protect
|
|-damage|p2a: Walking Wake|34/100 tox|[from] psn
|upkeep
|turn|32
|
|t:|1779561425
|move|p2a: Walking Wake|Weather Ball|p1a: Shroomish
|-damage|p1a: Shroomish|10/100
|-damage|p2a: Walking Wake|24/100 tox|[from] item: Life Orb
|move|p1a: Shroomish|Leech Seed|p2a: Walking Wake
|-start|p2a: Walking Wake|move: Leech Seed
|
|-damage|p2a: Walking Wake|12/100 tox|[from] Leech Seed|[of] p1a: Shroomish
|-heal|p1a: Shroomish|23/100|[silent]
|-damage|p2a: Walking Wake|0 fnt|[from] psn
|faint|p2a: Walking Wake
|-end|p2a: Walking Wake|Protosynthesis|[silent]
|
|win|excivemaster
|raw|excivemaster's rating: 1174 &rarr; <strong>1201</strong><br />(+27 for winning)
|raw|GvrenWrld__'s rating: 1200 &rarr; <strong>1173</strong><br />(-27 for losing)
|l|☆excivemaster
|player|p1|
|l|‽GvrenWrld__
|player|p2|
