|j|☆PizzywitaP
|j|☆Marceliscool172010
|t:|1779682927
|gametype|singles
|player|p1|PizzywitaP|169|1359
|player|p2|Marceliscool172010|170|1314
|gen|9
|tier|[Gen 9] OU
|rated|
|rule|HP Percentage Mod: HP is shown in percentages
|rule|Endless Battle Clause: Forcing endless battles is banned
|rule|Species Clause: Limit one of each Pokémon
|rule|OHKO Clause: OHKO moves are banned
|rule|Evasion Items Clause: Evasion items are banned
|rule|Evasion Moves Clause: Evasion moves are banned
|rule|Evasion Abilities Clause: Evasion abilities are banned
|rule|Sleep Moves Clause: Sleep-inducing moves are banned
|clearpoke
|poke|p1|Gliscor, F|
|poke|p1|Rotom-Wash|
|poke|p1|Cinderace, M|
|poke|p1|Ogerpon-Wellspring, F|
|poke|p1|Kyurem|
|poke|p1|Heatran, F|
|poke|p2|Raging Bolt|
|poke|p2|Dragonite, M|
|poke|p2|Kingambit, M|
|poke|p2|Great Tusk|
|poke|p2|Latias, F|
|poke|p2|Ceruledge, M|
|teampreview
|inactive|Battle timer is ON: inactive players will automatically lose when time's up. (requested by PizzywitaP)
|
|t:|1779682942
|teamsize|p1|6
|teamsize|p2|6
|start
|switch|p1a: Gliscor|Gliscor, F|100/100
|switch|p2a: Latias|Latias, F|100/100
|turn|1
|
|t:|1779682953
|switch|p1a: Kyurem|Kyurem|100/100
|-ability|p1a: Kyurem|Pressure
|-terastallize|p2a: Latias|Steel
|move|p2a: Latias|Agility|p2a: Latias
|-boost|p2a: Latias|spe|2
|
|upkeep
|turn|2
|l|☆PizzywitaP
|inactive|PizzywitaP disconnected and has a minute to reconnect!
|player|p1|
|inactive|PizzywitaP has 30 seconds to reconnect!
|j|☆PizzywitaP
|inactive|PizzywitaP reconnected and has 105 seconds left.
|player|p1|PizzywitaP|169|
|
|t:|1779683004
|switch|p1a: Heatran|Heatran, F|100/100
|move|p2a: Latias|Calm Mind|p2a: Latias
|-boost|p2a: Latias|spa|1
|-boost|p2a: Latias|spd|1
|
|upkeep
|turn|3
|inactive|Marceliscool172010 has 120 seconds left.
|
|t:|1779683055
|move|p2a: Latias|Aura Sphere|p1a: Heatran
|-supereffective|p1a: Heatran
|-damage|p1a: Heatran|65/100
|move|p1a: Heatran|Magma Storm|p2a: Latias
|-supereffective|p2a: Latias
|-damage|p2a: Latias|56/100
|-activate|p2a: Latias|move: Magma Storm|[of] p1a: Heatran
|-enditem|p2a: Latias|Weakness Policy
|-boost|p2a: Latias|atk|2|[from] item: Weakness Policy
|-boost|p2a: Latias|spa|2|[from] item: Weakness Policy
|
|-heal|p1a: Heatran|71/100|[from] item: Leftovers
|-damage|p2a: Latias|44/100|[from] move: Magma Storm|[partiallytrapped]
|upkeep
|turn|4
|
|t:|1779683071
|move|p1a: Heatran|Protect|p1a: Heatran
|-singleturn|p1a: Heatran|Protect
|move|p2a: Latias|Aura Sphere|p1a: Heatran
|-activate|p1a: Heatran|move: Protect
|
|-heal|p1a: Heatran|78/100|[from] item: Leftovers
|-damage|p2a: Latias|31/100|[from] move: Magma Storm|[partiallytrapped]
|upkeep
|turn|5
|inactive|PizzywitaP has 120 seconds left.
|
|t:|1779683080
|move|p2a: Latias|Aura Sphere|p1a: Heatran
|-supereffective|p1a: Heatran
|-damage|p1a: Heatran|15/100
|move|p1a: Heatran|Magma Storm|p2a: Latias
|-supereffective|p2a: Latias
|-damage|p2a: Latias|0 fnt
|faint|p2a: Latias
|
|-heal|p1a: Heatran|21/100|[from] item: Leftovers
|upkeep
|
|t:|1779683090
|switch|p2a: Ceruledge|Ceruledge, M|100/100
|turn|6
|
|t:|1779683100
|switch|p1a: Rotom|Rotom-Wash|100/100
|move|p2a: Ceruledge|Swords Dance|p2a: Ceruledge
|-boost|p2a: Ceruledge|atk|2
|
|upkeep
|turn|7
|
|t:|1779683112
|move|p2a: Ceruledge|Poltergeist|p1a: Rotom
|-activate|p1a: Rotom|move: Poltergeist|Leftovers
|-damage|p1a: Rotom|19/100
|move|p1a: Rotom|Hydro Pump|p2a: Ceruledge
|-supereffective|p2a: Ceruledge
|-damage|p2a: Ceruledge|6/100
|
|-heal|p1a: Rotom|25/100|[from] item: Leftovers
|upkeep
|turn|8
|
|t:|1779683125
|move|p2a: Ceruledge|Shadow Sneak|p1a: Rotom
|-damage|p1a: Rotom|0 fnt
|faint|p1a: Rotom
|
|upkeep
|
|t:|1779683140
|switch|p1a: Kyurem|Kyurem|100/100
|-ability|p1a: Kyurem|Pressure
|turn|9
|inactive|Marceliscool172010 has 120 seconds left.
|
|t:|1779683170
|move|p2a: Ceruledge|Shadow Sneak|p1a: Kyurem
|-damage|p1a: Kyurem|60/100
|move|p1a: Kyurem|Ice Beam|p2a: Ceruledge
|-resisted|p2a: Ceruledge
|-damage|p2a: Ceruledge|0 fnt
|faint|p2a: Ceruledge
|
|upkeep
|
|t:|1779683178
|switch|p2a: Dragonite|Dragonite, M|100/100
|turn|10
|
|t:|1779683185
|move|p1a: Kyurem|Ice Beam|p2a: Dragonite
|-supereffective|p2a: Dragonite
|-damage|p2a: Dragonite|1/100
|move|p2a: Dragonite|Dragon Dance|p2a: Dragonite
|-boost|p2a: Dragonite|atk|1
|-boost|p2a: Dragonite|spe|1
|
|upkeep
|turn|11
|
|t:|1779683202
|move|p2a: Dragonite|Extreme Speed|p1a: Kyurem
|-damage|p1a: Kyurem|17/100
|move|p1a: Kyurem|Ice Beam|p2a: Dragonite
|-supereffective|p2a: Dragonite
|-damage|p2a: Dragonite|0 fnt
|faint|p2a: Dragonite
|
|upkeep
|
|t:|1779683210
|switch|p2a: Kingambit|Kingambit, M, shiny|100/100
|-activate|p2a: Kingambit|ability: Supreme Overlord
|-start|p2a: Kingambit|fallen3|[silent]
|turn|12
|
|t:|1779683220
|switch|p1a: Cinderace|Cinderace, M|100/100
|move|p2a: Kingambit|Swords Dance|p2a: Kingambit
|-boost|p2a: Kingambit|atk|2
|
|upkeep
|turn|13
|
|t:|1779683232
|move|p2a: Kingambit|Sucker Punch|p1a: Cinderace
|-damage|p1a: Cinderace|0 fnt
|faint|p1a: Cinderace
|
|upkeep
|
|t:|1779683257
|switch|p1a: Gliscor|Gliscor, F|100/100
|turn|14
|
|t:|1779683265
|move|p2a: Kingambit|Sucker Punch|p1a: Gliscor
|-damage|p1a: Gliscor|19/100
|move|p1a: Gliscor|Earthquake|p2a: Kingambit
|-supereffective|p2a: Kingambit
|-damage|p2a: Kingambit|51/100
|
|-status|p1a: Gliscor|tox|[from] item: Toxic Orb
|upkeep
|turn|15
|
|t:|1779683276
|switch|p1a: Kyurem|Kyurem|17/100
|-ability|p1a: Kyurem|Pressure
|move|p2a: Kingambit|Sucker Punch||[still]
|-fail|p2a: Kingambit
|
|upkeep
|turn|16
|inactive|PizzywitaP has 120 seconds left.
|l|☆PizzywitaP
|inactive|PizzywitaP disconnected and has a minute to reconnect!
|player|p1|
|inactive|PizzywitaP has 30 seconds to reconnect!
|inactive|PizzywitaP has 20 seconds to reconnect!
|inactive|PizzywitaP has 15 seconds to reconnect!
|inactive|PizzywitaP has 10 seconds to reconnect!
|inactive|PizzywitaP has 5 seconds to reconnect!
|-message|PizzywitaP lost due to inactivity.
|
|win|Marceliscool172010
|raw|PizzywitaP's rating: 1359 &rarr; <strong>1335</strong><br />(-24 for losing)
|raw|Marceliscool172010's rating: 1291 &rarr; <strong>1321</strong><br />(+30 for winning)
