|j|☆KOSEKlBIJOU
|j|☆The ZU Wanderer
|t:|1779605698
|gametype|singles
|player|p1|KOSEKlBIJOU|red|1207
|player|p2|The ZU Wanderer|roughneck|1216
|gen|9
|tier|[Gen 9] OU
|rated|
|rule|HP Percentage Mod: HP is shown in percentages
|rule|Endless Battle Clause: Forcing endless battles is banned
|rule|Species Clause: Limit one of each Pokémon
|rule|OHKO Clause: OHKO moves are banned
|rule|Evasion Items Clause: Evasion items are banned
|rule|Evasion Moves Clause: Evasion moves are banned
|rule|Evasion Abilities Clause: Evasion abilities are banned
|rule|Sleep Moves Clause: Sleep-inducing moves are banned
|clearpoke
|poke|p1|Ribombee, F|
|poke|p1|Meloetta|
|poke|p1|Gholdengo|
|poke|p1|Great Tusk|
|poke|p1|Kingambit, M|
|poke|p1|Raging Bolt|
|poke|p2|Komala, F|
|poke|p2|Masquerain, M|
|poke|p2|Houndoom, M|
|poke|p2|Drifblim, M|
|poke|p2|Lapras, F|
|poke|p2|Mesprit|
|teampreview
|
|t:|1779605702
|teamsize|p1|6
|teamsize|p2|6
|start
|switch|p1a: Ribombee|Ribombee, F|100/100
|switch|p2a: Komala|Komala, F, shiny|100/100
|-ability|p2a: Komala|Comatose
|turn|1
|inactive|Battle timer is ON: inactive players will automatically lose when time's up. (requested by The ZU Wanderer)
|
|t:|1779605708
|move|p1a: Ribombee|Sticky Web|p2a: Komala
|-sidestart|p2: The ZU Wanderer|move: Sticky Web
|move|p2a: Komala|Knock Off|p1a: Ribombee
|-resisted|p1a: Ribombee
|-damage|p1a: Ribombee|66/100
|-enditem|p1a: Ribombee|Focus Sash|[from] move: Knock Off|[of] p2a: Komala
|
|upkeep
|turn|2
|
|t:|1779605718
|move|p1a: Ribombee|Moonblast|p2a: Komala
|-damage|p2a: Komala|74/100
|-unboost|p2a: Komala|spa|1
|move|p2a: Komala|Ice Spinner|p1a: Ribombee
|-damage|p1a: Ribombee|12/100
|
|upkeep
|turn|3
|
|t:|1779605724
|move|p1a: Ribombee|U-turn|p2a: Komala
|-damage|p2a: Komala|53/100
|
|t:|1779605732
|switch|p1a: Gholdengo|Gholdengo|100/100|[from] U-turn
|-item|p1a: Gholdengo|Air Balloon
|move|p2a: Komala|Rapid Spin|p1a: Gholdengo
|-immune|p1a: Gholdengo
|
|upkeep
|turn|4
|
|t:|1779605740
|move|p1a: Gholdengo|Make It Rain|p2a: Komala
|-damage|p2a: Komala|5/100
|-unboost|p1a: Gholdengo|spa|1
|move|p2a: Komala|Knock Off|p1a: Gholdengo
|-supereffective|p1a: Gholdengo
|-damage|p1a: Gholdengo|19/100
|-enditem|p1a: Gholdengo|Air Balloon
|
|upkeep
|turn|5
|
|t:|1779605750
|move|p1a: Gholdengo|Make It Rain|p2a: Komala
|-damage|p2a: Komala|0 fnt
|-unboost|p1a: Gholdengo|spa|1
|faint|p2a: Komala
|
|upkeep
|
|t:|1779605757
|switch|p2a: Lapras|Lapras, F|100/100
|-activate|p2a: Lapras|move: Sticky Web
|-unboost|p2a: Lapras|spe|1
|turn|6
|
|t:|1779605762
|switch|p1a: Raging Bolt|Raging Bolt|100/100
|move|p2a: Lapras|Curse|p2a: Lapras
|-unboost|p2a: Lapras|spe|1
|-boost|p2a: Lapras|atk|1
|-boost|p2a: Lapras|def|1
|
|upkeep
|turn|7
|
|t:|1779605769
|-terastallize|p1a: Raging Bolt|Fairy
|-terastallize|p2a: Lapras|Ground
|move|p1a: Raging Bolt|Calm Mind|p1a: Raging Bolt
|-boost|p1a: Raging Bolt|spa|1
|-boost|p1a: Raging Bolt|spd|1
|move|p2a: Lapras|Earthquake|p1a: Raging Bolt
|-damage|p1a: Raging Bolt|66/100
|
|-heal|p1a: Raging Bolt|72/100|[from] item: Leftovers
|upkeep
|turn|8
|
|t:|1779605779
|switch|p2a: Mesprit|Mesprit, shiny|100/100
|move|p1a: Raging Bolt|Dragon Pulse|p2a: Mesprit
|-damage|p2a: Mesprit|27/100
|
|-heal|p2a: Mesprit|33/100|[from] item: Leftovers
|-heal|p1a: Raging Bolt|78/100|[from] item: Leftovers
|upkeep
|turn|9
|
|t:|1779605786
|move|p1a: Raging Bolt|Thunderclap||[still]
|-fail|p1a: Raging Bolt
|move|p2a: Mesprit|Stealth Rock|p1a: Raging Bolt
|-sidestart|p1: KOSEKlBIJOU|move: Stealth Rock
|
|-heal|p2a: Mesprit|39/100|[from] item: Leftovers
|-heal|p1a: Raging Bolt|84/100|[from] item: Leftovers
|upkeep
|turn|10
|
|t:|1779605791
|move|p2a: Mesprit|Encore|p1a: Raging Bolt
|-start|p1a: Raging Bolt|Encore
|move|p1a: Raging Bolt|Thunderclap||[still]
|-fail|p1a: Raging Bolt
|
|-heal|p2a: Mesprit|45/100|[from] item: Leftovers
|-heal|p1a: Raging Bolt|91/100|[from] item: Leftovers
|upkeep
|turn|11
|
|t:|1779605803
|switch|p2a: Lapras|Lapras, F, tera:Ground|100/100
|-activate|p2a: Lapras|move: Sticky Web
|-unboost|p2a: Lapras|spe|1
|-end|p1a: Raging Bolt|Protosynthesis|[silent]
|switch|p1a: Great Tusk|Great Tusk|100/100
|-damage|p1a: Great Tusk|98/100|[from] Stealth Rock
|
|-heal|p1a: Great Tusk|100/100|[from] item: Leftovers
|upkeep
|turn|12
|
|t:|1779605812
|switch|p2a: Drifblim|Drifblim, M, shiny|100/100
|move|p1a: Great Tusk|Rapid Spin|p2a: Drifblim
|-immune|p2a: Drifblim
|
|upkeep
|turn|13
|
|t:|1779605818
|move|p1a: Great Tusk|Knock Off|p2a: Drifblim
|-supereffective|p2a: Drifblim
|-damage|p2a: Drifblim|40/100
|-enditem|p2a: Drifblim|Heavy-Duty Boots|[from] move: Knock Off|[of] p1a: Great Tusk
|move|p2a: Drifblim|Will-O-Wisp|p1a: Great Tusk
|-status|p1a: Great Tusk|brn
|
|-damage|p1a: Great Tusk|94/100 brn|[from] brn
|upkeep
|turn|14
|
|t:|1779605826
|move|p1a: Great Tusk|Stealth Rock|p2a: Drifblim
|-sidestart|p2: The ZU Wanderer|move: Stealth Rock
|move|p2a: Drifblim|Strength Sap|p1a: Great Tusk
|-unboost|p1a: Great Tusk|atk|1
|-heal|p2a: Drifblim|100/100
|
|-heal|p1a: Great Tusk|100/100 brn|[from] item: Leftovers
|-damage|p1a: Great Tusk|94/100 brn|[from] brn
|upkeep
|turn|15
|
|t:|1779605835
|-end|p1a: Great Tusk|Protosynthesis|[silent]
|switch|p1a: Raging Bolt|Raging Bolt, tera:Fairy|91/100
|-damage|p1a: Raging Bolt|78/100|[from] Stealth Rock
|move|p2a: Drifblim|Night Shade|p1a: Raging Bolt
|-damage|p1a: Raging Bolt|56/100
|
|-heal|p1a: Raging Bolt|62/100|[from] item: Leftovers
|upkeep
|turn|16
|
|t:|1779605846
|switch|p2a: Lapras|Lapras, F, tera:Ground|100/100
|-activate|p2a: Lapras|move: Sticky Web
|-unboost|p2a: Lapras|spe|1
|-damage|p2a: Lapras|94/100|[from] Stealth Rock
|move|p1a: Raging Bolt|Dragon Pulse|p2a: Lapras
|-damage|p2a: Lapras|68/100
|
|-heal|p1a: Raging Bolt|69/100|[from] item: Leftovers
|upkeep
|turn|17
|
|t:|1779605855
|move|p1a: Raging Bolt|Dragon Pulse|p2a: Lapras
|-damage|p2a: Lapras|40/100
|move|p2a: Lapras|Curse|p2a: Lapras
|-unboost|p2a: Lapras|spe|1
|-boost|p2a: Lapras|atk|1
|-boost|p2a: Lapras|def|1
|
|-heal|p1a: Raging Bolt|75/100|[from] item: Leftovers
|upkeep
|turn|18
|
|t:|1779605863
|move|p1a: Raging Bolt|Dragon Pulse|p2a: Lapras
|-damage|p2a: Lapras|13/100
|move|p2a: Lapras|Earthquake|p1a: Raging Bolt
|-crit|p1a: Raging Bolt
|-damage|p1a: Raging Bolt|24/100
|
|-heal|p1a: Raging Bolt|30/100|[from] item: Leftovers
|upkeep
|turn|19
|
|t:|1779605871
|move|p2a: Lapras|Ice Shard|p1a: Raging Bolt
|-damage|p1a: Raging Bolt|15/100
|move|p1a: Raging Bolt|Dragon Pulse|p2a: Lapras
|-damage|p2a: Lapras|0 fnt
|faint|p2a: Lapras
|
|-heal|p1a: Raging Bolt|21/100|[from] item: Leftovers
|upkeep
|
|t:|1779605877
|switch|p2a: Mesprit|Mesprit, shiny|45/100
|-damage|p2a: Mesprit|33/100|[from] Stealth Rock
|turn|20
|
|t:|1779605885
|move|p1a: Raging Bolt|Thunderclap|p2a: Mesprit
|-damage|p2a: Mesprit|0 fnt
|faint|p2a: Mesprit
|
|-heal|p1a: Raging Bolt|28/100|[from] item: Leftovers
|upkeep
|-message|The ZU Wanderer forfeited.
|
|win|KOSEKlBIJOU
|raw|KOSEKlBIJOU's rating: 1207 &rarr; <strong>1233</strong><br />(+26 for winning)
|raw|The ZU Wanderer's rating: 1216 &rarr; <strong>1190</strong><br />(-26 for losing)
|l|☆The ZU Wanderer
|player|p2|
|l|☆KOSEKlBIJOU
|player|p1|
