|j|☆omega toad17
|j|☆keep ttar overused
|t:|1779716151
|gametype|singles
|player|p1|omega toad17|wattson|1344
|player|p2|keep ttar overused|265|1378
|gen|9
|tier|[Gen 9] OU
|rated|
|rule|HP Percentage Mod: HP is shown in percentages
|rule|Endless Battle Clause: Forcing endless battles is banned
|rule|Species Clause: Limit one of each Pokémon
|rule|OHKO Clause: OHKO moves are banned
|rule|Evasion Items Clause: Evasion items are banned
|rule|Evasion Moves Clause: Evasion moves are banned
|rule|Evasion Abilities Clause: Evasion abilities are banned
|rule|Sleep Moves Clause: Sleep-inducing moves are banned
|clearpoke
|poke|p1|Heatran, M|
|poke|p1|Ogerpon-Wellspring, F|
|poke|p1|Slowking-Galar, M|
|poke|p1|Enamorus, F|
|poke|p1|Kingambit, M|
|poke|p1|Great Tusk|
|poke|p2|Empoleon, M|
|poke|p2|Dewgong, M|
|poke|p2|Ditto|
|poke|p2|Infernape, F|
|poke|p2|Raichu, M|
|poke|p2|Snorlax, F|
|teampreview
|inactive|Battle timer is ON: inactive players will automatically lose when time's up. (requested by omega toad17)
|
|t:|1779716158
|teamsize|p1|6
|teamsize|p2|6
|start
|switch|p1a: Triple T|Ogerpon-Wellspring, F|100/100
|switch|p2a: Utility Dewgong|Dewgong, M|100/100
|turn|1
|
|t:|1779716163
|move|p1a: Triple T|Knock Off|p2a: Utility Dewgong
|-damage|p2a: Utility Dewgong|65/100
|-enditem|p2a: Utility Dewgong|Heavy-Duty Boots|[from] move: Knock Off|[of] p1a: Triple T
|move|p2a: Utility Dewgong|Ice Beam|p1a: Triple T
|-damage|p1a: Triple T|71/100
|-status|p1a: Triple T|frz
|
|upkeep
|turn|2
|
|t:|1779716173
|switch|p1a: jim|Slowking-Galar, M, shiny|100/100
|switch|p2a: Fire Monk|Infernape, F|100/100
|
|upkeep
|turn|3
|
|t:|1779716177
|move|p2a: Fire Monk|U-turn|p1a: jim
|-damage|p1a: jim|77/100
|
|t:|1779716180
|switch|p2a: Napoleon|Empoleon, M|100/100|[from] U-turn
|move|p1a: jim|Thunder Wave|p2a: Napoleon
|-status|p2a: Napoleon|par
|
|upkeep
|turn|4
|
|t:|1779716186
|switch|p1a: Triple T|Ogerpon-Wellspring, F|71/100 frz
|move|p2a: Napoleon|Stealth Rock|p1a: Triple T
|-sidestart|p1: omega toad17|move: Stealth Rock
|
|upkeep
|turn|5
|
|t:|1779716210
|switch|p2a: Fire Monk|Infernape, F|100/100
|cant|p1a: Triple T|frz
|
|upkeep
|turn|6
|
|t:|1779716215
|switch|p1a: ronald|Great Tusk|100/100
|move|p2a: Fire Monk|U-turn|p1a: ronald
|-resisted|p1a: ronald
|-damage|p1a: ronald|94/100
|
|t:|1779716230
|switch|p2a: Ander Dimgus|Raichu, M|100/100|[from] U-turn
|
|upkeep
|turn|7
|
|t:|1779716236
|-end|p1a: ronald|Protosynthesis|[silent]
|switch|p1a: frank|Heatran, M|100/100
|-damage|p1a: frank|88/100|[from] Stealth Rock
|-terastallize|p2a: Ander Dimgus|Grass
|move|p2a: Ander Dimgus|Nasty Plot|p2a: Ander Dimgus
|-boost|p2a: Ander Dimgus|spa|2
|
|-heal|p1a: frank|94/100|[from] item: Leftovers
|upkeep
|turn|8
|
|t:|1779716243
|-terastallize|p1a: frank|Grass
|move|p2a: Ander Dimgus|Volt Switch|p1a: frank
|-resisted|p1a: frank
|-damage|p1a: frank|76/100
|
|t:|1779716251
|switch|p2a: Napoleon|Empoleon, M|100/100 par|[from] Volt Switch
|move|p1a: frank|Flamethrower|p2a: Napoleon
|-crit|p2a: Napoleon
|-damage|p2a: Napoleon|50/100 par
|
|-heal|p1a: frank|82/100|[from] item: Leftovers
|-heal|p2a: Napoleon|56/100 par|[from] item: Leftovers
|upkeep
|turn|9
|
|t:|1779716260
|move|p1a: frank|Flamethrower|p2a: Napoleon
|-damage|p2a: Napoleon|18/100 par
|cant|p2a: Napoleon|par
|
|-heal|p1a: frank|88/100|[from] item: Leftovers
|-heal|p2a: Napoleon|24/100 par|[from] item: Leftovers
|upkeep
|turn|10
|
|t:|1779716266
|switch|p2a: Pic 6|Snorlax, F|100/100
|move|p1a: frank|Flamethrower|p2a: Pic 6
|-damage|p2a: Pic 6|92/100
|
|-heal|p1a: frank|94/100|[from] item: Leftovers
|-heal|p2a: Pic 6|98/100|[from] item: Leftovers
|upkeep
|turn|11
|
|t:|1779716270
|move|p1a: frank|Stealth Rock|p2a: Pic 6
|-sidestart|p2: keep ttar overused|move: Stealth Rock
|move|p2a: Pic 6|Body Slam|p1a: frank
|-damage|p1a: frank|69/100
|-status|p1a: frank|par
|
|-heal|p2a: Pic 6|100/100|[from] item: Leftovers
|-heal|p1a: frank|75/100 par|[from] item: Leftovers
|upkeep
|turn|12
|
|t:|1779716276
|switch|p1a: jim|Slowking-Galar, M, shiny|100/100
|move|p2a: Pic 6|Curse|p2a: Pic 6
|-unboost|p2a: Pic 6|spe|1
|-boost|p2a: Pic 6|atk|1
|-boost|p2a: Pic 6|def|1
|
|upkeep
|turn|13
|
|t:|1779716280
|move|p2a: Pic 6|Earthquake|p1a: jim
|-supereffective|p1a: jim
|-damage|p1a: jim|29/100
|move|p1a: jim|Thunder Wave|p2a: Pic 6
|-status|p2a: Pic 6|par
|
|upkeep
|turn|14
|
|t:|1779716287
|switch|p1a: frank|Heatran, M, tera:Grass|75/100 par
|-damage|p1a: frank|62/100 par|[from] Stealth Rock
|move|p2a: Pic 6|Body Slam|p1a: frank
|-damage|p1a: frank|24/100 par
|
|-heal|p1a: frank|30/100 par|[from] item: Leftovers
|upkeep
|turn|15
|
|t:|1779716293
|move|p1a: frank|Flash Cannon|p2a: Pic 6
|-crit|p2a: Pic 6
|-damage|p2a: Pic 6|75/100 par
|move|p2a: Pic 6|Body Slam|p1a: frank
|-damage|p1a: frank|0 fnt
|faint|p1a: frank
|
|-heal|p2a: Pic 6|81/100 par|[from] item: Leftovers
|upkeep
|
|t:|1779716300
|switch|p1a: Triple T|Ogerpon-Wellspring, F|71/100 frz
|-damage|p1a: Triple T|58/100 frz|[from] Stealth Rock
|turn|16
|
|t:|1779716302
|-curestatus|p1a: Triple T|frz|[msg]
|move|p1a: Triple T|Horn Leech|p2a: Pic 6
|-damage|p2a: Pic 6|52/100 par
|-heal|p1a: Triple T|84/100|[from] drain|[of] p2a: Pic 6
|cant|p2a: Pic 6|par
|
|-heal|p2a: Pic 6|58/100 par|[from] item: Leftovers
|upkeep
|turn|17
|
|t:|1779716310
|move|p1a: Triple T|Ivy Cudgel|p2a: Pic 6|[anim] Ivy Cudgel Water
|-damage|p2a: Pic 6|22/100 par
|move|p2a: Pic 6|Rest|p2a: Pic 6
|-status|p2a: Pic 6|slp|[from] move: Rest
|-heal|p2a: Pic 6|100/100 slp|[silent]
|
|upkeep
|turn|18
|
|t:|1779716316
|move|p1a: Triple T|Ivy Cudgel|p2a: Pic 6|[anim] Ivy Cudgel Water
|-damage|p2a: Pic 6|63/100 slp
|cant|p2a: Pic 6|slp
|
|-heal|p2a: Pic 6|69/100 slp|[from] item: Leftovers
|upkeep
|turn|19
|
|t:|1779716323
|switch|p2a: Utility Dewgong|Dewgong, M|65/100
|-damage|p2a: Utility Dewgong|40/100|[from] Stealth Rock
|move|p1a: Triple T|Knock Off|p2a: Utility Dewgong
|-damage|p2a: Utility Dewgong|13/100
|
|upkeep
|turn|20
|
|t:|1779716331
|move|p1a: Triple T|Knock Off|p2a: Utility Dewgong
|-damage|p2a: Utility Dewgong|0 fnt
|faint|p2a: Utility Dewgong
|
|upkeep
|
|t:|1779716337
|switch|p2a: Fire Monk|Infernape, F|100/100
|turn|21
|
|t:|1779716342
|move|p1a: Triple T|Ivy Cudgel|p2a: Fire Monk|[anim] Ivy Cudgel Water
|-supereffective|p2a: Fire Monk
|-damage|p2a: Fire Monk|0 fnt
|faint|p2a: Fire Monk
|
|upkeep
|
|t:|1779716345
|switch|p2a: Ander Dimgus|Raichu, M, tera:Grass|100/100
|turn|22
|
|t:|1779716352
|move|p1a: Triple T|U-turn|p2a: Ander Dimgus
|-supereffective|p2a: Ander Dimgus
|-damage|p2a: Ander Dimgus|0 fnt
|faint|p2a: Ander Dimgus
|
|t:|1779716357
|switch|p1a: jim|Slowking-Galar, M, shiny|62/100|[from] U-turn
|
|upkeep
|-message|keep ttar overused forfeited.
|
|win|omega toad17
|raw|omega toad17's rating: 1344 &rarr; <strong>1366</strong><br />(+22 for winning)
|raw|keep ttar overused's rating: 1378 &rarr; <strong>1356</strong><br />(-22 for losing)
|l|☆keep ttar overused
|player|p2|
|l|☆omega toad17
|player|p1|
