|j|☆oj444
|j|☆flaresun3
|t:|1779564486
|gametype|singles
|player|p1|oj444|2|1343
|player|p2|flaresun3|shadowtriad|1353
|gen|9
|tier|[Gen 9] OU
|rated|
|rule|HP Percentage Mod: HP is shown in percentages
|rule|Endless Battle Clause: Forcing endless battles is banned
|rule|Species Clause: Limit one of each Pokémon
|rule|OHKO Clause: OHKO moves are banned
|rule|Evasion Items Clause: Evasion items are banned
|rule|Evasion Moves Clause: Evasion moves are banned
|rule|Evasion Abilities Clause: Evasion abilities are banned
|rule|Sleep Moves Clause: Sleep-inducing moves are banned
|clearpoke
|poke|p1|Kingambit, F|
|poke|p1|Ogerpon-Wellspring, F|
|poke|p1|Dragapult, F|
|poke|p1|Dragonite, M|
|poke|p1|Gholdengo|
|poke|p1|Ting-Lu|
|poke|p2|Cinderace, M|
|poke|p2|Primarina, F|
|poke|p2|Whimsicott, F|
|poke|p2|Perrserker, M|
|poke|p2|Pawmot, M|
|poke|p2|Espeon, M|
|teampreview
|inactive|Battle timer is ON: inactive players will automatically lose when time's up. (requested by flaresun3)
|inactive|oj444 also wants the timer to be on.
|inactive|oj444 has 120 seconds left.
|
|t:|1779564516
|teamsize|p1|6
|teamsize|p2|6
|start
|switch|p1a: Ting-Lu|Ting-Lu|100/100
|switch|p2a: Asta|Perrserker, M|100/100
|-ability|p1a: Ting-Lu|Vessel of Ruin
|turn|1
|
|t:|1779564521
|move|p2a: Asta|Close Combat|p1a: Ting-Lu
|-supereffective|p1a: Ting-Lu
|-damage|p1a: Ting-Lu|25/100
|-unboost|p2a: Asta|def|1
|-unboost|p2a: Asta|spd|1
|-damage|p2a: Asta|91/100|[from] item: Life Orb
|move|p1a: Ting-Lu|Earthquake|p2a: Asta
|-supereffective|p2a: Asta
|-damage|p2a: Asta|0 fnt
|faint|p2a: Asta
|
|-heal|p1a: Ting-Lu|31/100|[from] item: Leftovers
|upkeep
|
|t:|1779564529
|switch|p2a: Luck|Pawmot, M|100/100
|turn|2
|
|t:|1779564539
|switch|p1a: Dragapult|Dragapult, F|100/100
|move|p2a: Luck|Close Combat|p1a: Dragapult
|-immune|p1a: Dragapult
|
|upkeep
|turn|3
|
|t:|1779564542
|move|p1a: Dragapult|Will-O-Wisp|p2a: Luck
|-status|p2a: Luck|brn
|move|p2a: Luck|Double Shock|p1a: Dragapult
|-resisted|p1a: Dragapult
|-damage|p1a: Dragapult|76/100
|-start|p2a: Luck|typechange|???/Fighting|[from] move: Double Shock
|-damage|p2a: Luck|91/100 brn|[from] item: Life Orb
|
|-damage|p2a: Luck|84/100 brn|[from] brn
|upkeep
|turn|4
|
|t:|1779564550
|switch|p2a: Noelle|Primarina, F|100/100
|move|p1a: Dragapult|Hex|p2a: Noelle
|-damage|p2a: Noelle|76/100
|
|upkeep
|turn|5
|
|t:|1779564555
|move|p1a: Dragapult|U-turn|p2a: Noelle
|-resisted|p2a: Noelle
|-damage|p2a: Noelle|67/100
|
|t:|1779564563
|switch|p1a: Ting-Lu|Ting-Lu|31/100|[from] U-turn
|-ability|p1a: Ting-Lu|Vessel of Ruin
|move|p2a: Noelle|Reflect|p2a: Noelle
|-sidestart|p2: flaresun3|Reflect
|
|-heal|p1a: Ting-Lu|38/100|[from] item: Leftovers
|upkeep
|turn|6
|
|t:|1779564570
|move|p2a: Noelle|Moonblast|p1a: Ting-Lu
|-supereffective|p1a: Ting-Lu
|-damage|p1a: Ting-Lu|2/100
|move|p1a: Ting-Lu|Stealth Rock|p2a: Noelle
|-sidestart|p2: flaresun3|move: Stealth Rock
|
|-heal|p1a: Ting-Lu|8/100|[from] item: Leftovers
|upkeep
|turn|7
|
|t:|1779564576
|move|p2a: Noelle|Moonblast|p1a: Ting-Lu
|-supereffective|p1a: Ting-Lu
|-damage|p1a: Ting-Lu|0 fnt
|faint|p1a: Ting-Lu
|
|upkeep
|
|t:|1779564585
|switch|p1a: Ogerpon|Ogerpon-Wellspring, F|100/100
|turn|8
|
|t:|1779564591
|move|p1a: Ogerpon|Power Whip|p2a: Noelle
|-supereffective|p2a: Noelle
|-damage|p2a: Noelle|3/100
|move|p2a: Noelle|Moonblast|p1a: Ogerpon
|-crit|p1a: Ogerpon
|-damage|p1a: Ogerpon|20/100
|
|upkeep
|turn|9
|
|t:|1779564597
|move|p1a: Ogerpon|Ivy Cudgel|p2a: Noelle|[anim] Ivy Cudgel Water
|-resisted|p2a: Noelle
|-damage|p2a: Noelle|0 fnt
|faint|p2a: Noelle
|
|upkeep
|
|t:|1779564606
|switch|p2a: Charmy|Whimsicott, F|100/100
|-damage|p2a: Charmy|88/100|[from] Stealth Rock
|turn|10
|
|t:|1779564613
|switch|p1a: Gholdengo|Gholdengo|100/100
|move|p2a: Charmy|Moonblast|p1a: Gholdengo
|-resisted|p1a: Gholdengo
|-damage|p1a: Gholdengo|86/100
|
|-heal|p2a: Charmy|94/100|[from] item: Leftovers
|upkeep
|turn|11
|
|t:|1779564618
|switch|p2a: Magna|Cinderace, M|100/100
|-damage|p2a: Magna|76/100|[from] Stealth Rock
|move|p1a: Gholdengo|Make It Rain|p2a: Magna
|-resisted|p2a: Magna
|-damage|p2a: Magna|30/100
|-unboost|p1a: Gholdengo|spa|1
|
|upkeep
|turn|12
|
|t:|1779564626
|move|p1a: Gholdengo|Make It Rain|p2a: Magna
|-resisted|p2a: Magna
|-damage|p2a: Magna|0 fnt
|-unboost|p1a: Gholdengo|spa|1
|faint|p2a: Magna
|
|-sideend|p2: flaresun3|Reflect
|upkeep
|
|t:|1779564632
|switch|p2a: Gauche|Espeon, M|100/100
|-damage|p2a: Gauche|88/100|[from] Stealth Rock
|turn|13
|
|t:|1779564635
|switch|p1a: Ogerpon|Ogerpon-Wellspring, F|20/100
|move|p2a: Gauche|Shadow Ball|p1a: Ogerpon
|-damage|p1a: Ogerpon|0 fnt
|faint|p1a: Ogerpon
|
|upkeep
|
|t:|1779564639
|switch|p1a: Dragapult|Dragapult, F|76/100
|turn|14
|
|t:|1779564642
|move|p1a: Dragapult|U-turn|p2a: Gauche
|-supereffective|p2a: Gauche
|-damage|p2a: Gauche|17/100
|
|t:|1779564644
|switch|p1a: Kingambit|Kingambit, F|100/100|[from] U-turn
|-activate|p1a: Kingambit|ability: Supreme Overlord
|-start|p1a: Kingambit|fallen2|[silent]
|move|p2a: Gauche|Shadow Ball|p1a: Kingambit
|-resisted|p1a: Kingambit
|-damage|p1a: Kingambit|76/100
|
|-heal|p1a: Kingambit|82/100|[from] item: Leftovers
|upkeep
|turn|15
|
|t:|1779564648
|switch|p2a: Luck|Pawmot, M|84/100 brn
|-damage|p2a: Luck|78/100 brn|[from] Stealth Rock
|move|p1a: Kingambit|Sucker Punch||[still]
|-fail|p1a: Kingambit
|
|-heal|p1a: Kingambit|88/100|[from] item: Leftovers
|-damage|p2a: Luck|72/100 brn|[from] brn
|upkeep
|turn|16
|
|t:|1779564653
|-end|p1a: Kingambit|fallen2|[silent]
|switch|p1a: Dragapult|Dragapult, F|76/100
|move|p2a: Luck|Close Combat|p1a: Dragapult
|-immune|p1a: Dragapult
|
|-damage|p2a: Luck|66/100 brn|[from] brn
|upkeep
|turn|17
|-message|flaresun3 forfeited.
|
|win|oj444
|raw|oj444's rating: 1343 &rarr; <strong>1364</strong><br />(+21 for winning)
|raw|flaresun3's rating: 1353 &rarr; <strong>1332</strong><br />(-21 for losing)
|l|☆flaresun3
|player|p2|
|l|☆oj444
|player|p1|
