|j|☆AllHailDudunsparce
|j|☆Gamer237
|inactive|Battle timer is ON: inactive players will automatically lose when time's up.
|t:|1779592017
|gametype|singles
|player|p1|AllHailDudunsparce|elesa-masters|
|player|p2|Gamer237|blue|
|gen|9
|tier|[Gen 9] OU
|rated|Tournament battle
|rule|HP Percentage Mod: HP is shown in percentages
|rule|Endless Battle Clause: Forcing endless battles is banned
|rule|Species Clause: Limit one of each Pokémon
|rule|OHKO Clause: OHKO moves are banned
|rule|Evasion Items Clause: Evasion items are banned
|rule|Evasion Moves Clause: Evasion moves are banned
|rule|Evasion Abilities Clause: Evasion abilities are banned
|rule|Sleep Moves Clause: Sleep-inducing moves are banned
|raw|<div class="infobox"><details class="readmore"><summary><strong>15 custom rules:</strong></summary> -burmy, -caterpie, -combee, -kricketot, -magikarp, -scatterbug, -sunkern, -tynamo, -typenull, -weedle, -wurmple, -cosmog, -blipbug, -snom, -wynaut</details></div>
|clearpoke
|poke|p1|Tentacruel, F|
|poke|p1|Dudunsparce-*, M|
|poke|p1|Kingambit, F|
|poke|p2|Flareon, F|
|poke|p2|Clefable, F|
|poke|p2|Swampert, F|
|teampreview
|j|*Lady Monita 
|inactive|AllHailDudunsparce also wants the timer to be on.
|
|t:|1779592026
|teamsize|p1|3
|teamsize|p2|3
|start
|switch|p1a: Tentacruel|Tentacruel, F|100/100
|switch|p2a: Flareon|Flareon, F|100/100
|turn|1
|j| Flari64
|
|t:|1779592033
|move|p1a: Tentacruel|Swords Dance|p1a: Tentacruel
|-boost|p1a: Tentacruel|atk|2
|move|p2a: Flareon|Flame Charge|p1a: Tentacruel
|-resisted|p1a: Tentacruel
|-crit|p1a: Tentacruel
|-damage|p1a: Tentacruel|71/100
|-boost|p2a: Flareon|spe|1
|
|-status|p2a: Flareon|tox|[from] item: Toxic Orb
|upkeep
|turn|2
|j| pv2094
|
|t:|1779592046
|move|p2a: Flareon|Facade|p1a: Tentacruel
|-damage|p1a: Tentacruel|0 fnt
|faint|p1a: Tentacruel
|
|-damage|p2a: Flareon|95/100 tox|[from] psn
|upkeep
|c|☆AllHailDudunsparce|damn
|
|t:|1779592052
|switch|p1a: God|Dudunsparce-Three-Segment, M|100/100
|turn|3
|
|t:|1779592058
|-terastallize|p1a: God|Ghost
|move|p2a: Flareon|Flare Blitz|p1a: God
|-damage|p1a: God|43/100
|-damage|p2a: Flareon|63/100 tox|[from] Recoil
|move|p1a: God|Earthquake|p2a: Flareon
|-supereffective|p2a: Flareon
|-damage|p2a: Flareon|0 fnt
|faint|p2a: Flareon
|
|-heal|p1a: God|49/100|[from] item: Leftovers
|upkeep
|c|☆AllHailDudunsparce|damn I wasted my tera
|
|t:|1779592070
|switch|p2a: Swampert|Swampert, F|100/100
|turn|4
|j| Btd6 theme team
|
|t:|1779592075
|move|p2a: Swampert|Liquidation|p1a: God
|-crit|p1a: God
|-damage|p1a: God|13/100
|move|p1a: God|Roost|p1a: God
|-heal|p1a: God|63/100
|
|-heal|p1a: God|69/100|[from] item: Leftovers
|upkeep
|turn|5
|
|t:|1779592082
|move|p2a: Swampert|Liquidation|p1a: God
|-damage|p1a: God|45/100
|move|p1a: God|Glare|p2a: Swampert
|-status|p2a: Swampert|par
|
|-heal|p1a: God|51/100|[from] item: Leftovers
|upkeep
|turn|6
|
|t:|1779592089
|move|p2a: Swampert|Liquidation|p1a: God
|-damage|p1a: God|27/100
|-unboost|p1a: God|def|1
|move|p1a: God|Roost|p1a: God
|-heal|p1a: God|77/100
|
|-heal|p1a: God|84/100|[from] item: Leftovers
|upkeep
|turn|7
|
|t:|1779592096
|move|p2a: Swampert|Liquidation|p1a: God
|-damage|p1a: God|48/100
|move|p1a: God|Headbutt|p2a: Swampert
|-damage|p2a: Swampert|72/100 par
|
|-heal|p1a: God|54/100|[from] item: Leftovers
|upkeep
|turn|8
|
|t:|1779592102
|move|p2a: Swampert|Liquidation|p1a: God
|-damage|p1a: God|15/100
|move|p1a: God|Roost|p1a: God
|-heal|p1a: God|65/100
|
|-heal|p1a: God|71/100|[from] item: Leftovers
|upkeep
|turn|9
|
|t:|1779592107
|move|p2a: Swampert|Liquidation|p1a: God
|-damage|p1a: God|33/100
|move|p1a: God|Headbutt|p2a: Swampert
|-damage|p2a: Swampert|44/100 par
|
|-heal|p1a: God|39/100|[from] item: Leftovers
|upkeep
|turn|10
|c|☆AllHailDudunsparce|is it scarf?
|
|t:|1779592114
|cant|p2a: Swampert|par
|move|p1a: God|Roost|p1a: God
|-heal|p1a: God|89/100
|
|-heal|p1a: God|96/100|[from] item: Leftovers
|upkeep
|turn|11
|
|t:|1779592118
|cant|p2a: Swampert|par
|move|p1a: God|Headbutt|p2a: Swampert
|-damage|p2a: Swampert|20/100 par
|
|-heal|p1a: God|100/100|[from] item: Leftovers
|upkeep
|turn|12
|
|t:|1779592122
|move|p2a: Swampert|Liquidation|p1a: God
|-damage|p1a: God|46/100
|-unboost|p1a: God|def|1
|move|p1a: God|Headbutt|p2a: Swampert
|-damage|p2a: Swampert|0 fnt
|faint|p2a: Swampert
|
|-heal|p1a: God|52/100|[from] item: Leftovers
|upkeep
|
|t:|1779592129
|switch|p2a: Clefable|Clefable, F|100/100
|turn|13
|
|t:|1779592136
|move|p2a: Clefable|Cosmic Power|p2a: Clefable
|-boost|p2a: Clefable|def|1
|-boost|p2a: Clefable|spd|1
|move|p1a: God|Glare|p2a: Clefable
|-status|p2a: Clefable|par
|
|-heal|p1a: God|58/100|[from] item: Leftovers
|upkeep
|turn|14
|
|t:|1779592141
|move|p1a: God|Roost|p1a: God
|-heal|p1a: God|100/100
|move|p2a: Clefable|Cosmic Power|p2a: Clefable
|-boost|p2a: Clefable|def|1
|-boost|p2a: Clefable|spd|1
|
|upkeep
|turn|15
|
|t:|1779592144
|move|p1a: God|Headbutt|p2a: Clefable
|-damage|p2a: Clefable|89/100 par
|-damage|p1a: God|84/100|[from] item: Rocky Helmet|[of] p2a: Clefable
|cant|p2a: Clefable|flinch
|
|-heal|p1a: God|90/100|[from] item: Leftovers
|upkeep
|turn|16
|
|t:|1779592152
|move|p1a: God|Headbutt|p2a: Clefable
|-damage|p2a: Clefable|76/100 par
|-damage|p1a: God|74/100|[from] item: Rocky Helmet|[of] p2a: Clefable
|cant|p2a: Clefable|flinch
|
|-heal|p1a: God|80/100|[from] item: Leftovers
|upkeep
|turn|17
|
|t:|1779592155
|move|p1a: God|Headbutt|p2a: Clefable
|-damage|p2a: Clefable|64/100 par
|-damage|p1a: God|63/100|[from] item: Rocky Helmet|[of] p2a: Clefable
|cant|p2a: Clefable|par
|
|-heal|p1a: God|69/100|[from] item: Leftovers
|upkeep
|turn|18
|
|t:|1779592163
|-terastallize|p2a: Clefable|Steel
|move|p1a: God|Headbutt|p2a: Clefable
|-resisted|p2a: Clefable
|-damage|p2a: Clefable|57/100 par
|-damage|p1a: God|53/100|[from] item: Rocky Helmet|[of] p2a: Clefable
|cant|p2a: Clefable|par
|
|-heal|p1a: God|59/100|[from] item: Leftovers
|upkeep
|turn|19
|
|t:|1779592173
|move|p1a: God|Earthquake|p2a: Clefable
|-supereffective|p2a: Clefable
|-damage|p2a: Clefable|31/100 par
|cant|p2a: Clefable|par
|
|-heal|p1a: God|65/100|[from] item: Leftovers
|upkeep
|turn|20
|
|t:|1779592181
|move|p1a: God|Earthquake|p2a: Clefable
|-supereffective|p2a: Clefable
|-damage|p2a: Clefable|6/100 par
|move|p2a: Clefable|Stored Power|p1a: God
|-damage|p1a: God|40/100
|
|-heal|p1a: God|47/100|[from] item: Leftovers
|upkeep
|turn|21
|c|☆AllHailDudunsparce|gg?
|c|☆Gamer237|gg
|-message|Gamer237 forfeited.
|
|win|AllHailDudunsparce
|n|☆AllHailDudunsparce|allhaildudunsparce
|n|☆Gamer237|gamer237
|n|*Lady Monita |ladymonita
|n| Flari64|flari64
|n| pv2094|pv2094
|n| Btd6 theme team|btd6themeteam
