|j|☆Mca player 11
|j|☆xander073
|t:|1779711503
|gametype|singles
|player|p1|Mca player 11|lucas|1448
|player|p2|xander073|gladion-stance|1484
|gen|9
|tier|[Gen 9] OU
|rated|
|rule|HP Percentage Mod: HP is shown in percentages
|rule|Endless Battle Clause: Forcing endless battles is banned
|rule|Species Clause: Limit one of each Pokémon
|rule|OHKO Clause: OHKO moves are banned
|rule|Evasion Items Clause: Evasion items are banned
|rule|Evasion Moves Clause: Evasion moves are banned
|rule|Evasion Abilities Clause: Evasion abilities are banned
|rule|Sleep Moves Clause: Sleep-inducing moves are banned
|clearpoke
|poke|p1|Deoxys-Speed|
|poke|p1|Iron Moth|
|poke|p1|Zamazenta-*|
|poke|p1|Gholdengo|
|poke|p1|Rillaboom, M|
|poke|p1|Iron Jugulis|
|poke|p2|Gliscor, F|
|poke|p2|Corviknight, F|
|poke|p2|Iron Moth|
|poke|p2|Ogerpon-Wellspring, F|
|poke|p2|Kingambit, M|
|poke|p2|Iron Valiant|
|teampreview
|
|t:|1779711516
|teamsize|p1|6
|teamsize|p2|6
|start
|switch|p1a: Deoxys|Deoxys-Speed|100/100
|switch|p2a: Corviknight|Corviknight, F|100/100
|-ability|p1a: Deoxys|Pressure
|-ability|p2a: Corviknight|Pressure
|turn|1
|
|t:|1779711520
|move|p1a: Deoxys|Stealth Rock|p2a: Corviknight
|-sidestart|p2: xander073|move: Stealth Rock
|move|p2a: Corviknight|Brave Bird|p1a: Deoxys
|-damage|p1a: Deoxys|57/100
|-damage|p2a: Corviknight|84/100|[from] item: Rocky Helmet|[of] p1a: Deoxys
|-damage|p2a: Corviknight|73/100|[from] Recoil
|
|-heal|p2a: Corviknight|79/100|[from] item: Leftovers
|upkeep
|turn|2
|
|t:|1779711525
|move|p1a: Deoxys|Taunt|p2a: Corviknight
|-start|p2a: Corviknight|move: Taunt
|cant|p2a: Corviknight|move: Taunt|Defog
|
|-heal|p2a: Corviknight|85/100|[from] item: Leftovers
|upkeep
|turn|3
|
|t:|1779711531
|move|p1a: Deoxys|Pain Split|p2a: Corviknight
|-sethp|p2a: Corviknight|64/100|[from] move: Pain Split|[silent]
|-sethp|p1a: Deoxys|85/100|[from] move: Pain Split
|move|p2a: Corviknight|U-turn|p1a: Deoxys
|-supereffective|p1a: Deoxys
|-damage|p1a: Deoxys|48/100
|-damage|p2a: Corviknight|48/100|[from] item: Rocky Helmet|[of] p1a: Deoxys
|
|t:|1779711537
|switch|p2a: Ogerpon|Ogerpon-Wellspring, F|100/100|[from] U-turn
|-damage|p2a: Ogerpon|88/100|[from] Stealth Rock
|
|upkeep
|turn|4
|
|t:|1779711544
|switch|p1a: Rillaboom|Rillaboom, M|100/100
|-fieldstart|move: Grassy Terrain|[from] ability: Grassy Surge|[of] p1a: Rillaboom
|move|p2a: Ogerpon|Trailblaze|p1a: Rillaboom
|-resisted|p1a: Rillaboom
|-damage|p1a: Rillaboom|80/100
|-boost|p2a: Ogerpon|spe|1
|
|-heal|p2a: Ogerpon|94/100|[from] Grassy Terrain
|-heal|p1a: Rillaboom|86/100|[from] Grassy Terrain
|upkeep
|turn|5
|
|t:|1779711548
|move|p2a: Ogerpon|Power Whip|p1a: Rillaboom
|-resisted|p1a: Rillaboom
|-damage|p1a: Rillaboom|37/100
|move|p1a: Rillaboom|Knock Off|p2a: Ogerpon
|-damage|p2a: Ogerpon|54/100
|-damage|p1a: Rillaboom|27/100|[from] item: Life Orb
|
|-heal|p2a: Ogerpon|60/100|[from] Grassy Terrain
|-heal|p1a: Rillaboom|33/100|[from] Grassy Terrain
|upkeep
|turn|6
|
|t:|1779711555
|move|p1a: Rillaboom|Grassy Glide|p2a: Ogerpon
|-damage|p2a: Ogerpon|0 fnt
|faint|p2a: Ogerpon
|-damage|p1a: Rillaboom|23/100|[from] item: Life Orb
|
|-heal|p1a: Rillaboom|29/100|[from] Grassy Terrain
|upkeep
|
|t:|1779711559
|switch|p2a: Iron Moth|Iron Moth|100/100
|turn|7
|
|t:|1779711562
|switch|p1a: Iron Moth|Iron Moth|100/100
|-enditem|p1a: Iron Moth|Booster Energy
|-activate|p1a: Iron Moth|ability: Quark Drive|[fromitem]
|-start|p1a: Iron Moth|quarkdrivespe
|move|p2a: Iron Moth|Fiery Dance|p1a: Iron Moth
|-resisted|p1a: Iron Moth
|-damage|p1a: Iron Moth|79/100
|
|-heal|p1a: Iron Moth|85/100|[from] Grassy Terrain
|upkeep
|turn|8
|
|t:|1779711571
|-end|p1a: Iron Moth|Quark Drive|[silent]
|switch|p1a: Deoxys|Deoxys-Speed|48/100
|-ability|p1a: Deoxys|Pressure
|move|p2a: Iron Moth|Fiery Dance|p1a: Deoxys
|-damage|p1a: Deoxys|0 fnt
|-boost|p2a: Iron Moth|spa|1
|faint|p1a: Deoxys
|
|-fieldend|move: Grassy Terrain
|upkeep
|
|t:|1779711574
|switch|p1a: Zamazenta|Zamazenta, shiny|100/100
|-ability|p1a: Zamazenta|Dauntless Shield|boost
|-boost|p1a: Zamazenta|def|1
|turn|9
|
|t:|1779711578
|move|p1a: Zamazenta|Stone Edge|p2a: Iron Moth
|-supereffective|p2a: Iron Moth
|-damage|p2a: Iron Moth|0 fnt
|faint|p2a: Iron Moth
|-end|p2a: Iron Moth|Quark Drive|[silent]
|
|upkeep
|
|t:|1779711581
|switch|p2a: Gliscor|Gliscor, F|100/100
|-damage|p2a: Gliscor|88/100|[from] Stealth Rock
|turn|10
|
|t:|1779711585
|switch|p1a: Iron Jugulis|Iron Jugulis|100/100
|-enditem|p1a: Iron Jugulis|Booster Energy
|-activate|p1a: Iron Jugulis|ability: Quark Drive|[fromitem]
|-start|p1a: Iron Jugulis|quarkdrivespe
|move|p2a: Gliscor|Stealth Rock|p1a: Iron Jugulis
|-sidestart|p1: Mca player 11|move: Stealth Rock
|
|-status|p2a: Gliscor|tox|[from] item: Toxic Orb
|upkeep
|turn|11
|
|t:|1779711589
|move|p1a: Iron Jugulis|Taunt|p2a: Gliscor
|-start|p2a: Gliscor|move: Taunt
|move|p2a: Gliscor|U-turn|p1a: Iron Jugulis
|-damage|p1a: Iron Jugulis|81/100
|
|t:|1779711596
|switch|p2a: Kingambit|Kingambit, M|100/100|[from] U-turn
|-damage|p2a: Kingambit|94/100|[from] Stealth Rock
|-activate|p2a: Kingambit|ability: Supreme Overlord
|-start|p2a: Kingambit|fallen2|[silent]
|
|-heal|p2a: Kingambit|100/100|[from] item: Leftovers
|upkeep
|turn|12
|
|t:|1779711599
|move|p1a: Iron Jugulis|Earth Power|p2a: Kingambit
|-supereffective|p2a: Kingambit
|-damage|p2a: Kingambit|48/100
|move|p2a: Kingambit|Iron Head|p1a: Iron Jugulis
|-damage|p1a: Iron Jugulis|11/100
|
|-heal|p2a: Kingambit|54/100|[from] item: Leftovers
|upkeep
|turn|13
|
|t:|1779711603
|move|p2a: Kingambit|Sucker Punch||[still]
|-fail|p2a: Kingambit
|move|p1a: Iron Jugulis|Taunt|p2a: Kingambit
|-start|p2a: Kingambit|move: Taunt
|
|-heal|p2a: Kingambit|60/100|[from] item: Leftovers
|upkeep
|turn|14
|
|t:|1779711605
|move|p2a: Kingambit|Sucker Punch|p1a: Iron Jugulis
|-resisted|p1a: Iron Jugulis
|-damage|p1a: Iron Jugulis|0 fnt
|faint|p1a: Iron Jugulis
|-end|p1a: Iron Jugulis|Quark Drive|[silent]
|
|-heal|p2a: Kingambit|66/100|[from] item: Leftovers
|upkeep
|
|t:|1779711608
|switch|p1a: Zamazenta|Zamazenta, shiny|100/100
|-damage|p1a: Zamazenta|94/100|[from] Stealth Rock
|turn|15
|
|t:|1779711611
|-end|p2a: Kingambit|fallen2|[silent]
|switch|p2a: Gliscor|Gliscor, F|88/100 tox
|-damage|p2a: Gliscor|76/100 tox|[from] Stealth Rock
|move|p1a: Zamazenta|Close Combat|p2a: Gliscor
|-resisted|p2a: Gliscor
|-damage|p2a: Gliscor|43/100 tox
|-unboost|p1a: Zamazenta|def|1
|-unboost|p1a: Zamazenta|spd|1
|
|-heal|p2a: Gliscor|56/100 tox|[from] ability: Poison Heal
|upkeep
|turn|16
|
|t:|1779711616
|switch|p1a: Rillaboom|Rillaboom, M|29/100
|-damage|p1a: Rillaboom|17/100|[from] Stealth Rock
|-fieldstart|move: Grassy Terrain|[from] ability: Grassy Surge|[of] p1a: Rillaboom
|move|p2a: Gliscor|U-turn|p1a: Rillaboom
|-supereffective|p1a: Rillaboom
|-damage|p1a: Rillaboom|0 fnt
|faint|p1a: Rillaboom
|
|t:|1779711645
|switch|p2a: Iron Valiant|Iron Valiant|100/100|[from] U-turn
|-damage|p2a: Iron Valiant|94/100|[from] Stealth Rock
|
|-heal|p2a: Iron Valiant|100/100|[from] Grassy Terrain
|upkeep
|
|t:|1779711650
|switch|p1a: Iron Moth|Iron Moth|85/100
|-damage|p1a: Iron Moth|60/100|[from] Stealth Rock
|turn|17
|
|t:|1779711664
|-terastallize|p2a: Iron Valiant|Electric
|move|p2a: Iron Valiant|Thunderbolt|p1a: Iron Moth
|-damage|p1a: Iron Moth|3/100
|-damage|p2a: Iron Valiant|91/100|[from] item: Life Orb
|move|p1a: Iron Moth|Fiery Dance|p2a: Iron Valiant
|-damage|p2a: Iron Valiant|12/100
|-boost|p1a: Iron Moth|spa|1
|
|-heal|p2a: Iron Valiant|18/100|[from] Grassy Terrain
|-heal|p1a: Iron Moth|9/100|[from] Grassy Terrain
|upkeep
|turn|18
|
|t:|1779711671
|move|p2a: Iron Valiant|Knock Off|p1a: Iron Moth
|-damage|p1a: Iron Moth|0 fnt
|faint|p1a: Iron Moth
|-end|p1a: Iron Moth|Quark Drive|[silent]
|-damage|p2a: Iron Valiant|8/100|[from] item: Life Orb
|
|-heal|p2a: Iron Valiant|15/100|[from] Grassy Terrain
|upkeep
|
|t:|1779711674
|switch|p1a: Zamazenta|Zamazenta, shiny|94/100
|-damage|p1a: Zamazenta|88/100|[from] Stealth Rock
|turn|19
|
|t:|1779711684
|move|p1a: Zamazenta|Close Combat|p2a: Iron Valiant
|-damage|p2a: Iron Valiant|0 fnt
|-unboost|p1a: Zamazenta|def|1
|-unboost|p1a: Zamazenta|spd|1
|faint|p2a: Iron Valiant
|-end|p2a: Iron Valiant|Quark Drive|[silent]
|
|-heal|p1a: Zamazenta|94/100|[from] Grassy Terrain
|upkeep
|
|t:|1779711686
|switch|p2a: Gliscor|Gliscor, F|56/100 tox
|-damage|p2a: Gliscor|43/100 tox|[from] Stealth Rock
|turn|20
|
|t:|1779711694
|switch|p1a: Gholdengo|Gholdengo|100/100
|-damage|p1a: Gholdengo|94/100|[from] Stealth Rock
|-enditem|p1a: Gholdengo|Grassy Seed
|-boost|p1a: Gholdengo|def|1|[from] item: Grassy Seed
|move|p2a: Gliscor|Earthquake|p1a: Gholdengo
|-supereffective|p1a: Gholdengo
|-damage|p1a: Gholdengo|72/100
|
|-heal|p1a: Gholdengo|78/100|[from] Grassy Terrain
|-heal|p2a: Gliscor|56/100 tox|[from] ability: Poison Heal
|-fieldend|move: Grassy Terrain
|upkeep
|turn|21
|
|t:|1779711702
|move|p2a: Gliscor|U-turn|p1a: Gholdengo
|-resisted|p1a: Gholdengo
|-damage|p1a: Gholdengo|76/100
|
|t:|1779711705
|switch|p2a: Corviknight|Corviknight, F|48/100|[from] U-turn
|-damage|p2a: Corviknight|35/100|[from] Stealth Rock
|-ability|p2a: Corviknight|Pressure
|move|p1a: Gholdengo|Recover|p1a: Gholdengo
|-heal|p1a: Gholdengo|100/100
|
|-heal|p2a: Corviknight|41/100|[from] item: Leftovers
|upkeep
|turn|22
|
|t:|1779711708
|move|p1a: Gholdengo|Nasty Plot|p1a: Gholdengo
|-boost|p1a: Gholdengo|spa|2
|move|p2a: Corviknight|U-turn|p1a: Gholdengo
|-resisted|p1a: Gholdengo
|-damage|p1a: Gholdengo|98/100
|
|t:|1779711710
|switch|p2a: Kingambit|Kingambit, M|66/100|[from] U-turn
|-damage|p2a: Kingambit|60/100|[from] Stealth Rock
|-activate|p2a: Kingambit|ability: Supreme Overlord
|-start|p2a: Kingambit|fallen3|[silent]
|
|-heal|p2a: Kingambit|66/100|[from] item: Leftovers
|upkeep
|turn|23
|
|t:|1779711715
|-terastallize|p1a: Gholdengo|Water
|move|p1a: Gholdengo|Make It Rain|p2a: Kingambit
|-resisted|p2a: Kingambit
|-damage|p2a: Kingambit|11/100
|-unboost|p1a: Gholdengo|spa|1
|move|p2a: Kingambit|Swords Dance|p2a: Kingambit
|-boost|p2a: Kingambit|atk|2
|
|-heal|p2a: Kingambit|17/100|[from] item: Leftovers
|upkeep
|turn|24
|
|t:|1779711721
|move|p2a: Kingambit|Sucker Punch|p1a: Gholdengo
|-damage|p1a: Gholdengo|34/100
|move|p1a: Gholdengo|Shadow Ball|p2a: Kingambit
|-resisted|p2a: Kingambit
|-damage|p2a: Kingambit|0 fnt
|faint|p2a: Kingambit
|-end|p2a: Kingambit|fallen3|[silent]
|
|upkeep
|
|t:|1779711725
|switch|p2a: Gliscor|Gliscor, F|56/100 tox
|-damage|p2a: Gliscor|43/100 tox|[from] Stealth Rock
|turn|25
|
|t:|1779711727
|move|p2a: Gliscor|Earthquake|p1a: Gholdengo
|-damage|p1a: Gholdengo|15/100
|move|p1a: Gholdengo|Recover|p1a: Gholdengo
|-heal|p1a: Gholdengo|65/100
|
|-heal|p2a: Gliscor|56/100 tox|[from] ability: Poison Heal
|upkeep
|turn|26
|-message|xander073 forfeited.
|
|win|Mca player 11
|raw|Mca player 11's rating: 1448 &rarr; <strong>1470</strong><br />(+22 for winning)
|raw|xander073's rating: 1484 &rarr; <strong>1462</strong><br />(-22 for losing)
|l|☆xander073
|player|p2|
|c|☆Mca player 11|gg
