|j|☆hat_fm
|j|☆YoSoyDelBronx
|t:|1779629030
|gametype|singles
|player|p1|hat_fm|pilot|1300
|player|p2|YoSoyDelBronx|noland|1284
|gen|9
|tier|[Gen 9] OU
|rated|
|rule|HP Percentage Mod: HP is shown in percentages
|rule|Endless Battle Clause: Forcing endless battles is banned
|rule|Species Clause: Limit one of each Pokémon
|rule|OHKO Clause: OHKO moves are banned
|rule|Evasion Items Clause: Evasion items are banned
|rule|Evasion Moves Clause: Evasion moves are banned
|rule|Evasion Abilities Clause: Evasion abilities are banned
|rule|Sleep Moves Clause: Sleep-inducing moves are banned
|clearpoke
|poke|p1|Zamazenta-*|
|poke|p1|Ceruledge, F|
|poke|p1|Scizor, M|
|poke|p1|Donphan, M|
|poke|p1|Lycanroc-Dusk, M|
|poke|p1|Florges, F|
|poke|p2|Ninetales, F|
|poke|p2|Venusaur, F|
|poke|p2|Emboar, M|
|poke|p2|Walking Wake|
|poke|p2|Scream Tail|
|poke|p2|Great Tusk|
|teampreview
|
|t:|1779629113
|teamsize|p1|6
|teamsize|p2|6
|start
|switch|p1a: Donphan|Donphan, M|100/100
|switch|p2a: Ninetales|Ninetales, F|100/100
|-weather|SunnyDay|[from] ability: Drought|[of] p2a: Ninetales
|turn|1
|
|t:|1779629126
|move|p2a: Ninetales|Will-O-Wisp|p1a: Donphan
|-status|p1a: Donphan|brn
|move|p1a: Donphan|Stealth Rock|p2a: Ninetales
|-sidestart|p2: YoSoyDelBronx|move: Stealth Rock
|
|-weather|SunnyDay|[upkeep]
|-damage|p1a: Donphan|94/100 brn|[from] brn
|upkeep
|turn|2
|
|t:|1779629134
|move|p2a: Ninetales|Encore|p1a: Donphan
|-start|p1a: Donphan|Encore
|move|p1a: Donphan|Stealth Rock||[still]
|-fail|p1a: Donphan
|
|-weather|SunnyDay|[upkeep]
|-damage|p1a: Donphan|88/100 brn|[from] brn
|upkeep
|turn|3
|
|t:|1779629148
|switch|p2a: Emboar|Emboar, M|100/100
|-damage|p2a: Emboar|88/100|[from] Stealth Rock
|move|p1a: Donphan|Stealth Rock||[still]
|-fail|p1a: Donphan
|
|-weather|SunnyDay|[upkeep]
|-damage|p1a: Donphan|82/100 brn|[from] brn
|upkeep
|turn|4
|
|t:|1779629155
|move|p2a: Emboar|Head Smash|p1a: Donphan
|-resisted|p1a: Donphan
|-damage|p1a: Donphan|68/100 brn
|-damage|p2a: Emboar|72/100|[from] item: Rocky Helmet|[of] p1a: Donphan
|-damage|p2a: Emboar|66/100|[from] Recoil
|move|p1a: Donphan|Stealth Rock||[still]
|-fail|p1a: Donphan
|
|-weather|SunnyDay|[upkeep]
|-damage|p1a: Donphan|62/100 brn|[from] brn
|-end|p1a: Donphan|Encore
|upkeep
|turn|5
|
|t:|1779629159
|-terastallize|p2a: Emboar|Fire
|move|p2a: Emboar|Flare Blitz|p1a: Donphan
|-damage|p1a: Donphan|0 fnt
|-damage|p2a: Emboar|49/100|[from] item: Rocky Helmet|[of] p1a: Donphan
|faint|p1a: Donphan
|-damage|p2a: Emboar|31/100|[from] Recoil
|
|-weather|SunnyDay|[upkeep]
|upkeep
|
|t:|1779629171
|switch|p1a: Lycanroc|Lycanroc-Dusk, M|100/100
|turn|6
|
|t:|1779629176
|move|p1a: Lycanroc|Accelerock|p2a: Emboar
|-supereffective|p2a: Emboar
|-damage|p2a: Emboar|0 fnt
|faint|p2a: Emboar
|-damage|p1a: Lycanroc|91/100|[from] item: Life Orb
|
|-weather|SunnyDay|[upkeep]
|upkeep
|
|t:|1779629179
|switch|p2a: Venusaur|Venusaur, F|100/100
|-damage|p2a: Venusaur|88/100|[from] Stealth Rock
|turn|7
|
|t:|1779629195
|switch|p1a: Ceruledge|Ceruledge, F|100/100
|move|p2a: Venusaur|Growth|p2a: Venusaur
|-boost|p2a: Venusaur|atk|2
|-boost|p2a: Venusaur|spa|2
|
|-weather|SunnyDay|[upkeep]
|upkeep
|turn|8
|
|t:|1779629204
|move|p2a: Venusaur|Sludge Bomb|p1a: Ceruledge
|-resisted|p1a: Ceruledge
|-damage|p1a: Ceruledge|39/100
|-status|p1a: Ceruledge|psn
|-damage|p2a: Venusaur|78/100|[from] item: Life Orb
|move|p1a: Ceruledge|Swords Dance|p1a: Ceruledge
|-boost|p1a: Ceruledge|atk|2
|
|-weather|none
|-damage|p1a: Ceruledge|27/100 psn|[from] psn
|upkeep
|turn|9
|
|t:|1779629210
|move|p1a: Ceruledge|Bitter Blade|p2a: Venusaur
|-supereffective|p2a: Venusaur
|-damage|p2a: Venusaur|0 fnt
|-heal|p1a: Ceruledge|67/100 psn|[from] drain|[of] p2a: Venusaur
|faint|p2a: Venusaur
|
|-damage|p1a: Ceruledge|54/100 psn|[from] psn
|upkeep
|
|t:|1779629218
|switch|p2a: Scream Tail|Scream Tail|100/100
|-damage|p2a: Scream Tail|88/100|[from] Stealth Rock
|-enditem|p2a: Scream Tail|Booster Energy
|-activate|p2a: Scream Tail|ability: Protosynthesis|[fromitem]
|-start|p2a: Scream Tail|protosynthesisspe
|turn|10
|
|t:|1779629231
|move|p1a: Ceruledge|Shadow Sneak|p2a: Scream Tail
|-supereffective|p2a: Scream Tail
|-damage|p2a: Scream Tail|9/100
|move|p2a: Scream Tail|Psychic Noise|p1a: Ceruledge
|-damage|p1a: Ceruledge|27/100 psn
|-start|p1a: Ceruledge|move: Heal Block
|
|-damage|p1a: Ceruledge|14/100 psn|[from] psn
|upkeep
|turn|11
|
|t:|1779629241
|move|p1a: Ceruledge|Shadow Sneak|p2a: Scream Tail
|-supereffective|p2a: Scream Tail
|-damage|p2a: Scream Tail|0 fnt
|faint|p2a: Scream Tail
|-end|p2a: Scream Tail|Protosynthesis|[silent]
|
|-damage|p1a: Ceruledge|2/100 psn|[from] psn
|-end|p1a: Ceruledge|move: Heal Block
|upkeep
|
|t:|1779629246
|switch|p2a: Great Tusk|Great Tusk|100/100
|-damage|p2a: Great Tusk|98/100|[from] Stealth Rock
|turn|12
|
|t:|1779629256
|move|p1a: Ceruledge|Shadow Sneak|p2a: Great Tusk
|-damage|p2a: Great Tusk|73/100
|-damage|p1a: Ceruledge|0 fnt|[from] item: Rocky Helmet|[of] p2a: Great Tusk
|faint|p1a: Ceruledge
|move|p2a: Great Tusk|Bulk Up|p2a: Great Tusk
|-boost|p2a: Great Tusk|atk|1
|-boost|p2a: Great Tusk|def|1
|
|upkeep
|
|t:|1779629269
|switch|p1a: Zamazenta|Zamazenta|100/100
|-ability|p1a: Zamazenta|Dauntless Shield|boost
|-boost|p1a: Zamazenta|def|1
|turn|13
|
|t:|1779629278
|move|p1a: Zamazenta|Body Press|p2a: Great Tusk
|-damage|p2a: Great Tusk|52/100
|-damage|p1a: Zamazenta|84/100|[from] item: Rocky Helmet|[of] p2a: Great Tusk
|move|p2a: Great Tusk|Bulk Up|p2a: Great Tusk
|-boost|p2a: Great Tusk|atk|1
|-boost|p2a: Great Tusk|def|1
|
|-heal|p1a: Zamazenta|90/100|[from] item: Leftovers
|upkeep
|turn|14
|
|t:|1779629283
|move|p1a: Zamazenta|Body Press|p2a: Great Tusk
|-damage|p2a: Great Tusk|36/100
|-damage|p1a: Zamazenta|74/100|[from] item: Rocky Helmet|[of] p2a: Great Tusk
|move|p2a: Great Tusk|Rapid Spin|p1a: Zamazenta
|-damage|p1a: Zamazenta|58/100
|-boost|p2a: Great Tusk|spe|1
|-sideend|p2: YoSoyDelBronx|Stealth Rock|[from] move: Rapid Spin|[of] p2a: Great Tusk
|
|-heal|p1a: Zamazenta|64/100|[from] item: Leftovers
|upkeep
|turn|15
|
|t:|1779629289
|move|p2a: Great Tusk|Bulk Up|p2a: Great Tusk
|-boost|p2a: Great Tusk|atk|1
|-boost|p2a: Great Tusk|def|1
|move|p1a: Zamazenta|Roar|p2a: Great Tusk
|-end|p2a: Great Tusk|Protosynthesis|[silent]
|drag|p2a: Walking Wake|Walking Wake|100/100
|
|-heal|p1a: Zamazenta|70/100|[from] item: Leftovers
|upkeep
|turn|16
|
|t:|1779629305
|move|p1a: Zamazenta|Body Press|p2a: Walking Wake
|-damage|p2a: Walking Wake|43/100
|move|p2a: Walking Wake|Draco Meteor|p1a: Zamazenta
|-damage|p1a: Zamazenta|0 fnt
|-unboost|p2a: Walking Wake|spa|2
|faint|p1a: Zamazenta
|
|upkeep
|
|t:|1779629325
|switch|p1a: Scizor|Scizor, M|100/100
|turn|17
|
|t:|1779629331
|-end|p2a: Walking Wake|Protosynthesis|[silent]
|switch|p2a: Ninetales|Ninetales, F|100/100
|-weather|SunnyDay|[from] ability: Drought|[of] p2a: Ninetales
|move|p1a: Scizor|Bullet Punch|p2a: Ninetales
|-resisted|p2a: Ninetales
|-damage|p2a: Ninetales|72/100
|-damage|p1a: Scizor|91/100|[from] item: Life Orb
|
|-weather|SunnyDay|[upkeep]
|upkeep
|turn|18
|
|t:|1779629358
|move|p1a: Scizor|Bullet Punch|p2a: Ninetales
|-resisted|p2a: Ninetales
|-damage|p2a: Ninetales|42/100
|-damage|p1a: Scizor|81/100|[from] item: Life Orb
|move|p2a: Ninetales|Will-O-Wisp|p1a: Scizor
|-status|p1a: Scizor|brn
|
|-weather|SunnyDay|[upkeep]
|-damage|p1a: Scizor|75/100 brn|[from] brn
|upkeep
|turn|19
|
|t:|1779629369
|move|p2a: Ninetales|Encore|p1a: Scizor
|-start|p1a: Scizor|Encore
|move|p1a: Scizor|Bullet Punch|p2a: Ninetales
|-resisted|p2a: Ninetales
|-damage|p2a: Ninetales|30/100
|-damage|p1a: Scizor|65/100 brn|[from] item: Life Orb
|
|-weather|SunnyDay|[upkeep]
|-damage|p1a: Scizor|59/100 brn|[from] brn
|upkeep
|turn|20
|
|t:|1779629374
|move|p1a: Scizor|Bullet Punch|p2a: Ninetales
|-resisted|p2a: Ninetales
|-damage|p2a: Ninetales|16/100
|-damage|p1a: Scizor|49/100 brn|[from] item: Life Orb
|move|p2a: Ninetales|Healing Wish|p2a: Ninetales
|faint|p2a: Ninetales
|
|-weather|SunnyDay|[upkeep]
|-damage|p1a: Scizor|43/100 brn|[from] brn
|upkeep
|
|t:|1779629378
|switch|p2a: Great Tusk|Great Tusk|36/100
|-heal|p2a: Great Tusk|100/100|[from] move: Healing Wish
|-activate|p2a: Great Tusk|ability: Protosynthesis
|-start|p2a: Great Tusk|protosynthesisspe
|turn|21
|
|t:|1779629390
|move|p1a: Scizor|Bullet Punch|p2a: Great Tusk
|-damage|p2a: Great Tusk|86/100
|-damage|p1a: Scizor|26/100 brn|[from] item: Rocky Helmet|[of] p2a: Great Tusk
|-damage|p1a: Scizor|16/100 brn|[from] item: Life Orb
|move|p2a: Great Tusk|Bulk Up|p2a: Great Tusk
|-boost|p2a: Great Tusk|atk|1
|-boost|p2a: Great Tusk|def|1
|
|-weather|SunnyDay|[upkeep]
|-damage|p1a: Scizor|10/100 brn|[from] brn
|-end|p1a: Scizor|Encore
|upkeep
|turn|22
|
|t:|1779629405
|move|p2a: Great Tusk|Bulk Up|p2a: Great Tusk
|-boost|p2a: Great Tusk|atk|1
|-boost|p2a: Great Tusk|def|1
|move|p1a: Scizor|Knock Off|p2a: Great Tusk
|-resisted|p2a: Great Tusk
|-damage|p2a: Great Tusk|83/100
|-damage|p1a: Scizor|0 fnt|[from] item: Rocky Helmet|[of] p2a: Great Tusk
|faint|p1a: Scizor
|
|-weather|SunnyDay|[upkeep]
|upkeep
|
|t:|1779629415
|switch|p1a: Florges|Florges, F|100/100
|turn|23
|
|t:|1779629421
|move|p2a: Great Tusk|Headlong Rush|p1a: Florges
|-damage|p1a: Florges|0 fnt
|-unboost|p2a: Great Tusk|def|1
|-unboost|p2a: Great Tusk|spd|1
|faint|p1a: Florges
|
|-weather|SunnyDay|[upkeep]
|upkeep
|
|t:|1779629424
|switch|p1a: Lycanroc|Lycanroc-Dusk, M|91/100
|turn|24
|c|☆YoSoyDelBronx|gg
|
|t:|1779629433
|-terastallize|p1a: Lycanroc|Psychic
|move|p2a: Great Tusk|Headlong Rush|p1a: Lycanroc
|-damage|p1a: Lycanroc|0 fnt
|-unboost|p2a: Great Tusk|def|1
|-unboost|p2a: Great Tusk|spd|1
|faint|p1a: Lycanroc
|
|win|YoSoyDelBronx
|raw|hat_fm's rating: 1300 &rarr; <strong>1274</strong><br />(-26 for losing)
|raw|YoSoyDelBronx's rating: 1284 &rarr; <strong>1310</strong><br />(+26 for winning)
