|inactive|Battle timer is ON: inactive players will automatically lose when time's up.
|t:|1779646355
|gametype|singles
|player|p1|Gochan|cynthia-masters4|
|player|p2|U_Quokka|266|
|gen|9
|tier|[Gen 9] OU
|rule|HP Percentage Mod: HP is shown in percentages
|rule|Endless Battle Clause: Forcing endless battles is banned
|rule|Species Clause: Limit one of each Pokémon
|rule|OHKO Clause: OHKO moves are banned
|rule|Evasion Items Clause: Evasion items are banned
|rule|Evasion Moves Clause: Evasion moves are banned
|rule|Evasion Abilities Clause: Evasion abilities are banned
|rule|Sleep Moves Clause: Sleep-inducing moves are banned
|clearpoke
|poke|p1|Heatran, F|
|poke|p1|Gliscor, F|
|poke|p1|Kyurem|
|poke|p1|Hatterene, F|
|poke|p1|Zamazenta-*|
|poke|p1|Tornadus-Therian, M|
|poke|p2|Dragonite, F|
|poke|p2|Great Tusk|
|poke|p2|Deoxys-Speed|
|poke|p2|Gholdengo|
|poke|p2|Zamazenta-*|
|poke|p2|Iron Valiant|
|teampreview
|c|☆Gochan|gl hf
|c|☆U_Quokka|u2
|inactive|Gochan has 270 seconds left.
|
|t:|1779646385
|teamsize|p1|6
|teamsize|p2|6
|start
|switch|p1a: Heatran|Heatran, F|100/100
|switch|p2a: Zamazenta|Zamazenta|100/100
|-ability|p2a: Zamazenta|Dauntless Shield|boost
|-boost|p2a: Zamazenta|def|1
|turn|1
|
|t:|1779646403
|switch|p1a: Tornadus|Tornadus-Therian, M|100/100
|move|p2a: Zamazenta|Ice Fang|p1a: Tornadus
|-supereffective|p1a: Tornadus
|-damage|p1a: Tornadus|26/100
|-damage|p2a: Zamazenta|91/100|[from] item: Life Orb
|
|upkeep
|turn|2
|c|+Znain|Vamos mi gocha 
|c|☆Gochan|znain me haxearon en masters trio
|c|☆Gochan|juega meme lo que sea
|inactive|U_Quokka has 270 seconds left.
|
|t:|1779646458
|switch|p1a: Hatterene|Hatterene, F|100/100
|-terastallize|p2a: Zamazenta|Steel
|move|p2a: Zamazenta|Heavy Slam|p1a: Hatterene
|-supereffective|p1a: Hatterene
|-damage|p1a: Hatterene|0 fnt
|-damage|p2a: Zamazenta|74/100|[from] item: Rocky Helmet|[of] p1a: Hatterene
|faint|p1a: Hatterene
|-damage|p2a: Zamazenta|64/100|[from] item: Life Orb
|
|upkeep
|inactive|Gochan has 270 seconds left.
|
|t:|1779646468
|switch|p1a: Zamazenta|Zamazenta|100/100
|-ability|p1a: Zamazenta|Dauntless Shield|boost
|-boost|p1a: Zamazenta|def|1
|turn|3
|inactive|Gochan has 270 seconds left.
|
|t:|1779646479
|switch|p2a: Iron Valiant|Iron Valiant|100/100
|-enditem|p2a: Iron Valiant|Booster Energy
|-activate|p2a: Iron Valiant|ability: Quark Drive|[fromitem]
|-start|p2a: Iron Valiant|quarkdrivespe
|move|p1a: Zamazenta|Iron Defense|p1a: Zamazenta
|-boost|p1a: Zamazenta|def|2
|
|upkeep
|turn|4
|
|t:|1779646483
|switch|p1a: Heatran|Heatran, F|100/100
|move|p2a: Iron Valiant|Taunt|p1a: Heatran
|-start|p1a: Heatran|move: Taunt
|
|upkeep
|turn|5
|
|t:|1779646491
|move|p2a: Iron Valiant|Knock Off|p1a: Heatran
|-damage|p1a: Heatran|76/100
|-enditem|p1a: Heatran|Leftovers|[from] move: Knock Off|[of] p2a: Iron Valiant
|move|p1a: Heatran|Magma Storm|p2a: Iron Valiant
|-damage|p2a: Iron Valiant|18/100
|-activate|p2a: Iron Valiant|move: Magma Storm|[of] p1a: Heatran
|
|-damage|p2a: Iron Valiant|6/100|[from] move: Magma Storm|[partiallytrapped]
|upkeep
|turn|6
|
|t:|1779646498
|move|p2a: Iron Valiant|Destiny Bond|p2a: Iron Valiant
|-singlemove|p2a: Iron Valiant|Destiny Bond
|move|p1a: Heatran|Earth Power|p2a: Iron Valiant
|-damage|p2a: Iron Valiant|0 fnt
|faint|p2a: Iron Valiant
|-activate|p2a: Iron Valiant|move: Destiny Bond
|-end|p2a: Iron Valiant|Quark Drive|[silent]
|faint|p1a: Heatran
|
|upkeep
|
|t:|1779646505
|switch|p2a: Deoxys|Deoxys-Speed|100/100
|switch|p1a: Gliscor|Gliscor, F|100/100
|-ability|p2a: Deoxys|Pressure
|turn|7
|
|t:|1779646509
|move|p1a: Gliscor|Protect|p1a: Gliscor
|-singleturn|p1a: Gliscor|Protect
|move|p2a: Deoxys|Taunt|p1a: Gliscor
|-activate|p1a: Gliscor|move: Protect
|
|-status|p1a: Gliscor|tox|[from] item: Toxic Orb
|upkeep
|turn|8
|
|t:|1779646519
|move|p2a: Deoxys|Skill Swap|p1a: Gliscor
|-activate|p2a: Deoxys|Skill Swap|Poison Heal|Pressure|[of] p1a: Gliscor
|-ability|p1a: Gliscor|Pressure
|move|p1a: Gliscor|U-turn|p2a: Deoxys
|-supereffective|p2a: Deoxys
|-damage|p2a: Deoxys|63/100
|
|t:|1779646527
|switch|p1a: Tornadus|Tornadus-Therian, M|60/100|[from] U-turn
|
|upkeep
|turn|9
|
|t:|1779646533
|move|p2a: Deoxys|Stealth Rock|p1a: Tornadus
|-sidestart|p1: Gochan|move: Stealth Rock
|move|p1a: Tornadus|Knock Off|p2a: Deoxys
|-supereffective|p2a: Deoxys
|-damage|p2a: Deoxys|9/100
|-enditem|p2a: Deoxys|Focus Sash|[from] move: Knock Off|[of] p1a: Tornadus
|
|upkeep
|turn|10
|
|t:|1779646538
|move|p2a: Deoxys|Skill Swap|p1a: Tornadus
|-activate|p2a: Deoxys|Skill Swap|Regenerator|Poison Heal|[of] p1a: Tornadus
|move|p1a: Tornadus|U-turn|p2a: Deoxys
|-supereffective|p2a: Deoxys
|-damage|p2a: Deoxys|0 fnt
|faint|p2a: Deoxys
|
|t:|1779646548
|switch|p1a: Gliscor|Gliscor, F|100/100 tox|[from] U-turn
|-damage|p1a: Gliscor|88/100 tox|[from] Stealth Rock
|
|-heal|p1a: Gliscor|100/100 tox|[from] ability: Poison Heal
|upkeep
|inactive|U_Quokka has 270 seconds left.
|inactive|U_Quokka has 240 seconds left.
|
|t:|1779646625
|switch|p2a: Great Tusk|Great Tusk|100/100
|-enditem|p2a: Great Tusk|Booster Energy
|-activate|p2a: Great Tusk|ability: Protosynthesis|[fromitem]
|-start|p2a: Great Tusk|protosynthesisspe
|turn|11
|
|t:|1779646633
|-terastallize|p1a: Gliscor|Water
|move|p2a: Great Tusk|Taunt|p1a: Gliscor
|-start|p1a: Gliscor|move: Taunt
|cant|p1a: Gliscor|move: Taunt|Toxic
|
|upkeep
|turn|12
|
|t:|1779646640
|move|p2a: Great Tusk|Bulk Up|p2a: Great Tusk
|-boost|p2a: Great Tusk|atk|1
|-boost|p2a: Great Tusk|def|1
|move|p1a: Gliscor|U-turn|p2a: Great Tusk
|-resisted|p2a: Great Tusk
|-damage|p2a: Great Tusk|97/100
|
|t:|1779646643
|switch|p1a: Zamazenta|Zamazenta|100/100|[from] U-turn
|-damage|p1a: Zamazenta|94/100|[from] Stealth Rock
|
|-heal|p1a: Zamazenta|100/100|[from] item: Leftovers
|upkeep
|turn|13
|
|t:|1779646649
|move|p2a: Great Tusk|Taunt|p1a: Zamazenta
|-start|p1a: Zamazenta|move: Taunt
|move|p1a: Zamazenta|Body Press|p2a: Great Tusk
|-damage|p2a: Great Tusk|81/100
|
|upkeep
|turn|14
|
|t:|1779646653
|move|p2a: Great Tusk|Bulk Up|p2a: Great Tusk
|-boost|p2a: Great Tusk|atk|1
|-boost|p2a: Great Tusk|def|1
|move|p1a: Zamazenta|Body Press|p2a: Great Tusk
|-damage|p2a: Great Tusk|70/100
|
|upkeep
|turn|15
|
|t:|1779646658
|move|p2a: Great Tusk|Bulk Up|p2a: Great Tusk
|-boost|p2a: Great Tusk|atk|1
|-boost|p2a: Great Tusk|def|1
|move|p1a: Zamazenta|Body Press|p2a: Great Tusk
|-damage|p2a: Great Tusk|60/100
|
|-end|p1a: Zamazenta|move: Taunt
|upkeep
|turn|16
|
|t:|1779646661
|move|p2a: Great Tusk|Taunt|p1a: Zamazenta
|-start|p1a: Zamazenta|move: Taunt
|move|p1a: Zamazenta|Body Press|p2a: Great Tusk
|-damage|p2a: Great Tusk|51/100
|
|upkeep
|turn|17
|
|t:|1779646663
|move|p2a: Great Tusk|Bulk Up|p2a: Great Tusk
|-boost|p2a: Great Tusk|atk|1
|-boost|p2a: Great Tusk|def|1
|move|p1a: Zamazenta|Body Press|p2a: Great Tusk
|-damage|p2a: Great Tusk|43/100
|
|upkeep
|turn|18
|
|t:|1779646666
|move|p2a: Great Tusk|Bulk Up|p2a: Great Tusk
|-boost|p2a: Great Tusk|atk|1
|-boost|p2a: Great Tusk|def|1
|move|p1a: Zamazenta|Body Press|p2a: Great Tusk
|-damage|p2a: Great Tusk|36/100
|
|-end|p1a: Zamazenta|move: Taunt
|upkeep
|turn|19
|
|t:|1779646668
|move|p2a: Great Tusk|Taunt|p1a: Zamazenta
|-start|p1a: Zamazenta|move: Taunt
|move|p1a: Zamazenta|Body Press|p2a: Great Tusk
|-damage|p2a: Great Tusk|30/100
|
|upkeep
|turn|20
|
|t:|1779646670
|move|p2a: Great Tusk|Bulk Up|p2a: Great Tusk
|-boost|p2a: Great Tusk|atk|1
|-boost|p2a: Great Tusk|def|1
|move|p1a: Zamazenta|Body Press|p2a: Great Tusk
|-damage|p2a: Great Tusk|24/100
|
|upkeep
|turn|21
|
|t:|1779646673
|move|p2a: Great Tusk|Headlong Rush|p1a: Zamazenta
|-damage|p1a: Zamazenta|0 fnt
|-unboost|p2a: Great Tusk|def|1
|-unboost|p2a: Great Tusk|spd|1
|faint|p1a: Zamazenta
|
|upkeep
|inactive|Gochan disconnected and has 300 seconds to reconnect!
|player|p1|
|inactive|Gochan has 270 seconds to reconnect!
|inactive|Gochan has 240 seconds to reconnect!
|inactive|Gochan has 210 seconds to reconnect!
|inactive|Gochan has 180 seconds to reconnect!
|inactive|Gochan has 150 seconds to reconnect!
|inactive|Gochan has 120 seconds to reconnect!
|inactive|Gochan has 90 seconds to reconnect!
|inactive|Gochan has 60 seconds to reconnect!
|inactive|Gochan has 30 seconds to reconnect!
|inactive|Gochan has 20 seconds to reconnect!
|inactive|Gochan has 15 seconds to reconnect!
|inactive|Gochan has 10 seconds to reconnect!
|inactive|Gochan has 5 seconds to reconnect!
|-message|Gochan lost due to inactivity.
|
|win|U_Quokka
