|j|☆Pavarotti_fininho
|j|☆filhododuolingo
|t:|1779636452
|gametype|singles
|player|p1|Pavarotti_fininho|skier|1104
|player|p2|filhododuolingo|2|1127
|gen|9
|tier|[Gen 9] OU
|rated|
|rule|HP Percentage Mod: HP is shown in percentages
|rule|Endless Battle Clause: Forcing endless battles is banned
|rule|Species Clause: Limit one of each Pokémon
|rule|OHKO Clause: OHKO moves are banned
|rule|Evasion Items Clause: Evasion items are banned
|rule|Evasion Moves Clause: Evasion moves are banned
|rule|Evasion Abilities Clause: Evasion abilities are banned
|rule|Sleep Moves Clause: Sleep-inducing moves are banned
|clearpoke
|poke|p1|Torkoal, F|
|poke|p1|Feraligatr, M|
|poke|p1|Walking Wake|
|poke|p1|Braviary, M|
|poke|p1|Arcanine-Hisui, F|
|poke|p1|Shiftry, F|
|poke|p2|Dragonite, F|
|poke|p2|Iron Valiant|
|poke|p2|Kyurem|
|poke|p2|Deoxys-Speed|
|poke|p2|Dondozo, M|
|poke|p2|Zamazenta-*|
|teampreview
|inactive|Battle timer is ON: inactive players will automatically lose when time's up. (requested by Pavarotti_fininho)
|
|t:|1779636456
|teamsize|p1|6
|teamsize|p2|6
|start
|switch|p1a: Shiftry|Shiftry, F, shiny|100/100
|switch|p2a: Deoxys|Deoxys-Speed|100/100
|-ability|p2a: Deoxys|Pressure
|turn|1
|
|t:|1779636465
|move|p2a: Deoxys|Spikes|p1a: Shiftry
|-sidestart|p1: Pavarotti_fininho|Spikes
|move|p1a: Shiftry|Tailwind|p1a: Shiftry
|-sidestart|p1: Pavarotti_fininho|move: Tailwind
|-ability|p1a: Shiftry|Wind Rider|boost
|-boost|p1a: Shiftry|atk|1
|
|upkeep
|turn|2
|
|t:|1779636473
|move|p1a: Shiftry|Beat Up|p2a: Deoxys
|-supereffective|p2a: Deoxys
|-crit|p2a: Deoxys
|-damage|p2a: Deoxys|67/100
|-supereffective|p2a: Deoxys
|-crit|p2a: Deoxys
|-damage|p2a: Deoxys|29/100
|-supereffective|p2a: Deoxys
|-damage|p2a: Deoxys|7/100
|-supereffective|p2a: Deoxys
|-damage|p2a: Deoxys|0 fnt
|faint|p2a: Deoxys
|-hitcount|p2: Deoxys|4
|
|upkeep
|
|t:|1779636476
|switch|p2a: Dondozo|Dondozo, M, shiny|100/100
|turn|3
|
|t:|1779636490
|-terastallize|p2a: Dondozo|Fire
|move|p1a: Shiftry|Leaf Blade|p2a: Dondozo
|-resisted|p2a: Dondozo
|-damage|p2a: Dondozo|93/100
|move|p2a: Dondozo|Curse|p2a: Dondozo
|-unboost|p2a: Dondozo|spe|1
|-boost|p2a: Dondozo|atk|1
|-boost|p2a: Dondozo|def|1
|
|-heal|p2a: Dondozo|99/100|[from] item: Leftovers
|upkeep
|turn|4
|
|t:|1779636503
|move|p1a: Shiftry|Beat Up|p2a: Dondozo
|-damage|p2a: Dondozo|97/100
|-damage|p2a: Dondozo|95/100
|-damage|p2a: Dondozo|93/100
|-damage|p2a: Dondozo|91/100
|-damage|p2a: Dondozo|89/100
|-crit|p2a: Dondozo
|-damage|p2a: Dondozo|85/100
|-hitcount|p2a: Dondozo|6
|move|p2a: Dondozo|Curse|p2a: Dondozo
|-unboost|p2a: Dondozo|spe|1
|-boost|p2a: Dondozo|atk|1
|-boost|p2a: Dondozo|def|1
|
|-heal|p2a: Dondozo|91/100|[from] item: Leftovers
|-sideend|p1: Pavarotti_fininho|move: Tailwind
|upkeep
|turn|5
|
|t:|1779636520
|switch|p1a: Walking Wake|Walking Wake|100/100
|-damage|p1a: Walking Wake|88/100|[from] Spikes
|move|p2a: Dondozo|Curse|p2a: Dondozo
|-unboost|p2a: Dondozo|spe|1
|-boost|p2a: Dondozo|atk|1
|-boost|p2a: Dondozo|def|1
|
|-heal|p1a: Walking Wake|94/100|[from] item: Leftovers
|-heal|p2a: Dondozo|97/100|[from] item: Leftovers
|upkeep
|turn|6
|
|t:|1779636532
|switch|p2a: Zamazenta|Zamazenta|100/100
|-ability|p2a: Zamazenta|Dauntless Shield|boost
|-boost|p2a: Zamazenta|def|1
|move|p1a: Walking Wake|Hydro Steam|p2a: Zamazenta
|-damage|p2a: Zamazenta|60/100
|
|-heal|p2a: Zamazenta|67/100|[from] item: Leftovers
|-heal|p1a: Walking Wake|100/100|[from] item: Leftovers
|upkeep
|turn|7
|
|t:|1779636543
|move|p2a: Zamazenta|Body Press|p1a: Walking Wake
|-damage|p1a: Walking Wake|36/100
|move|p1a: Walking Wake|Agility|p1a: Walking Wake
|-boost|p1a: Walking Wake|spe|2
|
|-heal|p1a: Walking Wake|42/100|[from] item: Leftovers
|-heal|p2a: Zamazenta|73/100|[from] item: Leftovers
|upkeep
|turn|8
|
|t:|1779636554
|move|p1a: Walking Wake|Draco Meteor|p2a: Zamazenta
|-damage|p2a: Zamazenta|3/100
|-unboost|p1a: Walking Wake|spa|2
|move|p2a: Zamazenta|Body Press|p1a: Walking Wake
|-damage|p1a: Walking Wake|0 fnt
|faint|p1a: Walking Wake
|-end|p1a: Walking Wake|Protosynthesis|[silent]
|
|-heal|p2a: Zamazenta|9/100|[from] item: Leftovers
|upkeep
|
|t:|1779636566
|switch|p1a: Shiftry|Shiftry, F, shiny|100/100
|-damage|p1a: Shiftry|88/100|[from] Spikes
|turn|9
|
|t:|1779636572
|move|p2a: Zamazenta|Body Press|p1a: Shiftry
|-supereffective|p1a: Shiftry
|-damage|p1a: Shiftry|0 fnt
|-damage|p2a: Zamazenta|0 fnt|[from] item: Rocky Helmet|[of] p1a: Shiftry
|faint|p1a: Shiftry
|faint|p2a: Zamazenta
|
|upkeep
|
|t:|1779636581
|switch|p2a: Kyurem|Kyurem|100/100
|switch|p1a: Torkoal|Torkoal, F|100/100
|-ability|p2a: Kyurem|Pressure
|-damage|p1a: Torkoal|88/100|[from] Spikes
|-weather|SunnyDay|[from] ability: Drought|[of] p1a: Torkoal
|turn|10
|
|t:|1779636591
|move|p2a: Kyurem|Scale Shot|p1a: Torkoal
|-damage|p1a: Torkoal|80/100
|-crit|p1a: Torkoal
|-damage|p1a: Torkoal|66/100
|-damage|p1a: Torkoal|57/100
|-damage|p1a: Torkoal|47/100
|-hitcount|p1a: Torkoal|4
|-unboost|p2a: Kyurem|def|1
|-boost|p2a: Kyurem|spe|1
|move|p1a: Torkoal|Stealth Rock|p2a: Kyurem
|-sidestart|p2: filhododuolingo|move: Stealth Rock
|
|-weather|SunnyDay|[upkeep]
|upkeep
|turn|11
|
|t:|1779636605
|move|p2a: Kyurem|Substitute|p2a: Kyurem
|-start|p2a: Kyurem|Substitute
|-damage|p2a: Kyurem|76/100
|move|p1a: Torkoal|Weather Ball|p2a: Kyurem
|-end|p2a: Kyurem|Substitute
|
|-weather|SunnyDay|[upkeep]
|upkeep
|turn|12
|
|t:|1779636614
|move|p2a: Kyurem|Scale Shot|p1a: Torkoal
|-crit|p1a: Torkoal
|-damage|p1a: Torkoal|33/100
|-damage|p1a: Torkoal|23/100
|-damage|p1a: Torkoal|14/100
|-damage|p1a: Torkoal|5/100
|-hitcount|p1a: Torkoal|4
|-unboost|p2a: Kyurem|def|1
|-boost|p2a: Kyurem|spe|1
|move|p1a: Torkoal|Weather Ball|p2a: Kyurem
|-damage|p2a: Kyurem|6/100
|
|-weather|SunnyDay|[upkeep]
|upkeep
|turn|13
|
|t:|1779636629
|move|p2a: Kyurem|Earth Power|p1a: Torkoal
|-supereffective|p1a: Torkoal
|-damage|p1a: Torkoal|0 fnt
|faint|p1a: Torkoal
|
|-weather|SunnyDay|[upkeep]
|upkeep
|
|t:|1779636637
|switch|p1a: Arcanine|Arcanine-Hisui, F, shiny|100/100
|-damage|p1a: Arcanine|88/100|[from] Spikes
|turn|14
|
|t:|1779636644
|move|p2a: Kyurem|Earth Power|p1a: Arcanine
|-supereffective|p1a: Arcanine
|-damage|p1a: Arcanine|0 fnt
|faint|p1a: Arcanine
|
|-weather|none
|upkeep
|
|t:|1779636651
|switch|p1a: Braviary|Braviary, M, shiny|100/100
|turn|15
|
|t:|1779636656
|move|p2a: Kyurem|Freeze-Dry|p1a: Braviary
|-supereffective|p1a: Braviary
|-damage|p1a: Braviary|27/100
|move|p1a: Braviary|Defog|p2a: Kyurem
|-unboost|p2a: Kyurem|evasion|1
|-sideend|p2: filhododuolingo|Stealth Rock|[from] move: Defog|[of] p1a: Braviary
|-sideend|p1: Pavarotti_fininho|Spikes|[from] move: Defog|[of] p1a: Braviary
|
|-heal|p1a: Braviary|33/100|[from] item: Leftovers
|upkeep
|turn|16
|
|t:|1779636667
|move|p2a: Kyurem|Freeze-Dry|p1a: Braviary
|-supereffective|p1a: Braviary
|-damage|p1a: Braviary|0 fnt
|faint|p1a: Braviary
|
|upkeep
|
|t:|1779636673
|switch|p1a: Feraligatr|Feraligatr, M, shiny|100/100
|turn|17
|c|☆filhododuolingo|gg
|
|t:|1779636679
|-terastallize|p1a: Feraligatr|Ice
|move|p2a: Kyurem|Freeze-Dry|p1a: Feraligatr
|-resisted|p1a: Feraligatr
|-damage|p1a: Feraligatr|80/100
|move|p1a: Feraligatr|Dragon Dance|p1a: Feraligatr
|-boost|p1a: Feraligatr|atk|1
|-boost|p1a: Feraligatr|spe|1
|
|upkeep
|turn|18
|
|t:|1779636689
|move|p2a: Kyurem|Scale Shot|p1a: Feraligatr
|-damage|p1a: Feraligatr|66/100
|-damage|p1a: Feraligatr|53/100
|-damage|p1a: Feraligatr|39/100
|-damage|p1a: Feraligatr|27/100
|-hitcount|p1a: Feraligatr|4
|-unboost|p2a: Kyurem|def|1
|-boost|p2a: Kyurem|spe|1
|move|p1a: Feraligatr|Liquidation|p2a: Kyurem
|-resisted|p2a: Kyurem
|-damage|p2a: Kyurem|0 fnt
|faint|p2a: Kyurem
|
|upkeep
|
|t:|1779636695
|switch|p2a: Dondozo|Dondozo, M, shiny, tera:Fire|97/100
|turn|19
|
|t:|1779636706
|move|p1a: Feraligatr|Liquidation|p2a: Dondozo
|-supereffective|p2a: Dondozo
|-damage|p2a: Dondozo|36/100
|move|p2a: Dondozo|Body Press|p1a: Feraligatr
|-supereffective|p1a: Feraligatr
|-damage|p1a: Feraligatr|0 fnt
|faint|p1a: Feraligatr
|
|win|filhododuolingo
|raw|Pavarotti_fininho's rating: 1104 &rarr; <strong>1081</strong><br />(-23 for losing)
|raw|filhododuolingo's rating: 1127 &rarr; <strong>1150</strong><br />(+23 for winning)
|l|☆filhododuolingo
|player|p2|
|l|☆Pavarotti_fininho
|player|p1|
