|j|☆DaddyPigIsThiqq
|j|☆zk1314
|t:|1779596070
|gametype|singles
|player|p1|DaddyPigIsThiqq|170|1520
|player|p2|zk1314|n|1488
|gen|9
|tier|[Gen 9] OU
|rated|
|rule|HP Percentage Mod: HP is shown in percentages
|rule|Endless Battle Clause: Forcing endless battles is banned
|rule|Species Clause: Limit one of each Pokémon
|rule|OHKO Clause: OHKO moves are banned
|rule|Evasion Items Clause: Evasion items are banned
|rule|Evasion Moves Clause: Evasion moves are banned
|rule|Evasion Abilities Clause: Evasion abilities are banned
|rule|Sleep Moves Clause: Sleep-inducing moves are banned
|clearpoke
|poke|p1|Great Tusk|
|poke|p1|Pecharunt|
|poke|p1|Iron Valiant|
|poke|p1|Iron Crown|
|poke|p1|Samurott-Hisui, M|
|poke|p1|Dragonite, M|
|poke|p2|Armarouge, M|
|poke|p2|Glimmora, M|
|poke|p2|Corviknight, F|
|poke|p2|Iron Valiant|
|poke|p2|Ceruledge, M|
|poke|p2|Indeedee, M|
|teampreview
|inactive|Battle timer is ON: inactive players will automatically lose when time's up. (requested by zk1314)
|
|t:|1779596079
|teamsize|p1|6
|teamsize|p2|6
|start
|switch|p1a: Iron Crown|Iron Crown|100/100
|switch|p2a: Armarouge|Armarouge, M|100/100
|turn|1
|
|t:|1779596086
|move|p1a: Iron Crown|Volt Switch|p2a: Armarouge
|-damage|p2a: Armarouge|70/100
|
|t:|1779596091
|-end|p1a: Iron Crown|Quark Drive|[silent]
|switch|p1a: Samurott|Samurott-Hisui, M, shiny|100/100|[from] Volt Switch
|move|p2a: Armarouge|Armor Cannon|p1a: Samurott
|-resisted|p1a: Samurott
|-damage|p1a: Samurott|52/100
|-unboost|p2a: Armarouge|def|1
|-unboost|p2a: Armarouge|spd|1
|
|upkeep
|turn|2
|
|t:|1779596106
|switch|p2a: Iron Valiant|Iron Valiant|100/100
|-enditem|p2a: Iron Valiant|Booster Energy
|-activate|p2a: Iron Valiant|ability: Quark Drive|[fromitem]
|-start|p2a: Iron Valiant|quarkdrivespe
|move|p1a: Samurott|Ceaseless Edge|p2a: Iron Valiant
|-resisted|p2a: Iron Valiant
|-damage|p2a: Iron Valiant|82/100
|-sidestart|p2: zk1314|Spikes
|
|upkeep
|turn|3
|
|t:|1779596119
|switch|p1a: Pecharunt|Pecharunt|100/100
|move|p2a: Iron Valiant|Moonblast|p1a: Pecharunt
|-resisted|p1a: Pecharunt
|-damage|p1a: Pecharunt|79/100
|
|upkeep
|turn|4
|
|t:|1779596129
|-terastallize|p2a: Iron Valiant|Psychic
|move|p2a: Iron Valiant|Calm Mind|p2a: Iron Valiant
|-boost|p2a: Iron Valiant|spa|1
|-boost|p2a: Iron Valiant|spd|1
|move|p1a: Pecharunt|Malignant Chain|p2a: Iron Valiant
|-damage|p2a: Iron Valiant|46/100
|
|upkeep
|turn|5
|
|t:|1779596146
|move|p2a: Iron Valiant|Thunderbolt|p1a: Pecharunt
|-damage|p1a: Pecharunt|36/100
|move|p1a: Pecharunt|Malignant Chain|p2a: Iron Valiant
|-damage|p2a: Iron Valiant|9/100
|
|upkeep
|turn|6
|
|t:|1779596156
|move|p2a: Iron Valiant|Psyshock|p1a: Pecharunt
|-supereffective|p1a: Pecharunt
|-damage|p1a: Pecharunt|0 fnt
|faint|p1a: Pecharunt
|
|upkeep
|
|t:|1779596160
|switch|p1a: Dragonite|Dragonite, M, shiny|100/100
|turn|7
|
|t:|1779596164
|-end|p2a: Iron Valiant|Quark Drive|[silent]
|switch|p2a: Indeedee|Indeedee, M|100/100
|-damage|p2a: Indeedee|88/100|[from] Spikes
|-fieldstart|move: Psychic Terrain|[from] ability: Psychic Surge|[of] p2a: Indeedee
|move|p1a: Dragonite|Extreme Speed|p2a: Indeedee
|-activate|p2a: Indeedee|move: Psychic Terrain
|
|upkeep
|turn|8
|
|t:|1779596176
|switch|p1a: Iron Crown|Iron Crown|100/100
|move|p2a: Indeedee|Healing Wish|p2a: Indeedee
|faint|p2a: Indeedee
|
|upkeep
|
|t:|1779596194
|switch|p2a: Ceruledge|Ceruledge, M|100/100
|-damage|p2a: Ceruledge|88/100|[from] Spikes
|turn|9
|
|t:|1779596205
|-end|p1a: Iron Crown|Quark Drive|[silent]
|switch|p1a: Samurott|Samurott-Hisui, M, shiny|52/100
|move|p2a: Ceruledge|Close Combat|p1a: Samurott
|-supereffective|p1a: Samurott
|-damage|p1a: Samurott|0 fnt
|-unboost|p2a: Ceruledge|def|1
|-unboost|p2a: Ceruledge|spd|1
|faint|p1a: Samurott
|
|upkeep
|
|t:|1779596215
|switch|p1a: Iron Valiant|Iron Valiant, shiny|100/100
|turn|10
|
|t:|1779596221
|switch|p2a: Corviknight|Corviknight, F|100/100
|move|p1a: Iron Valiant|Shadow Ball|p2a: Corviknight
|-damage|p2a: Corviknight|63/100
|
|upkeep
|turn|11
|
|t:|1779596249
|-end|p1a: Iron Valiant|Quark Drive|[silent]
|switch|p1a: Iron Crown|Iron Crown|100/100
|move|p2a: Corviknight|Tailwind|p2a: Corviknight
|-sidestart|p2: zk1314|move: Tailwind
|
|upkeep
|turn|12
|
|t:|1779596256
|move|p2a: Corviknight|U-turn|p1a: Iron Crown
|-damage|p1a: Iron Crown|86/100
|
|t:|1779596262
|switch|p2a: Iron Valiant|Iron Valiant, tera:Psychic|9/100|[from] U-turn
|-heal|p2a: Iron Valiant|100/100|[from] move: Healing Wish
|-damage|p2a: Iron Valiant|88/100|[from] Spikes
|move|p1a: Iron Crown|Future Sight|p2a: Iron Valiant
|-start|p1a: Iron Crown|move: Future Sight
|
|upkeep
|turn|13
|
|t:|1779596271
|move|p2a: Iron Valiant|Calm Mind|p2a: Iron Valiant
|-boost|p2a: Iron Valiant|spa|1
|-boost|p2a: Iron Valiant|spd|1
|move|p1a: Iron Crown|Tachyon Cutter|p2a: Iron Valiant
|-damage|p2a: Iron Valiant|60/100
|-damage|p2a: Iron Valiant|30/100
|-hitcount|p2a: Iron Valiant|2
|
|upkeep
|turn|14
|
|t:|1779596282
|move|p2a: Iron Valiant|Thunderbolt|p1a: Iron Crown
|-damage|p1a: Iron Crown|56/100
|move|p1a: Iron Crown|Tachyon Cutter|p2a: Iron Valiant
|-damage|p2a: Iron Valiant|1/100
|-damage|p2a: Iron Valiant|0 fnt
|faint|p2a: Iron Valiant
|-end|p2a: Iron Valiant|Quark Drive|[silent]
|-hitcount|p2: Iron Valiant|2
|
|-hint|Future Sight did not hit because the target is fainted.
|-sideend|p2: zk1314|move: Tailwind
|-fieldend|move: Psychic Terrain
|upkeep
|
|t:|1779596302
|switch|p2a: Ceruledge|Ceruledge, M|88/100
|-damage|p2a: Ceruledge|76/100|[from] Spikes
|turn|15
|
|t:|1779596309
|move|p1a: Iron Crown|Volt Switch|p2a: Ceruledge
|-damage|p2a: Ceruledge|47/100
|
|t:|1779596313
|-end|p1a: Iron Crown|Quark Drive|[silent]
|switch|p1a: Great Tusk|Great Tusk, shiny|100/100|[from] Volt Switch
|move|p2a: Ceruledge|Poltergeist|p1a: Great Tusk
|-activate|p1a: Great Tusk|move: Poltergeist|Heavy-Duty Boots
|-damage|p1a: Great Tusk|55/100
|
|upkeep
|turn|16
|
|t:|1779596324
|switch|p2a: Corviknight|Corviknight, F|63/100
|move|p1a: Great Tusk|Headlong Rush|p2a: Corviknight
|-immune|p2a: Corviknight
|
|upkeep
|turn|17
|
|t:|1779596332
|move|p1a: Great Tusk|Stealth Rock|p2a: Corviknight
|-sidestart|p2: zk1314|move: Stealth Rock
|move|p2a: Corviknight|Tailwind|p2a: Corviknight
|-sidestart|p2: zk1314|move: Tailwind
|
|upkeep
|turn|18
|
|t:|1779596337
|move|p2a: Corviknight|Defog|p1a: Great Tusk
|-unboost|p1a: Great Tusk|evasion|1
|-sideend|p2: zk1314|Spikes|[from] move: Defog|[of] p2a: Corviknight
|-sideend|p2: zk1314|Stealth Rock|[from] move: Defog|[of] p2a: Corviknight
|move|p1a: Great Tusk|Rapid Spin|p2a: Corviknight
|-resisted|p2a: Corviknight
|-damage|p2a: Corviknight|58/100
|-boost|p1a: Great Tusk|spe|1
|-damage|p1a: Great Tusk|39/100|[from] item: Rocky Helmet|[of] p2a: Corviknight
|
|upkeep
|turn|19
|
|t:|1779596347
|move|p1a: Great Tusk|Rapid Spin|p2a: Corviknight
|-resisted|p2a: Corviknight
|-damage|p2a: Corviknight|53/100
|-boost|p1a: Great Tusk|spe|1
|-damage|p1a: Great Tusk|22/100|[from] item: Rocky Helmet|[of] p2a: Corviknight
|move|p2a: Corviknight|U-turn|p1a: Great Tusk
|-resisted|p1a: Great Tusk
|-damage|p1a: Great Tusk|17/100
|
|t:|1779596368
|switch|p2a: Ceruledge|Ceruledge, M|47/100|[from] U-turn
|
|upkeep
|turn|20
|
|t:|1779596375
|move|p1a: Great Tusk|Headlong Rush|p2a: Ceruledge
|-supereffective|p2a: Ceruledge
|-damage|p2a: Ceruledge|0 fnt
|-unboost|p1a: Great Tusk|def|1
|-unboost|p1a: Great Tusk|spd|1
|faint|p2a: Ceruledge
|
|-sideend|p2: zk1314|move: Tailwind
|upkeep
|
|t:|1779596386
|switch|p2a: Corviknight|Corviknight, F|53/100
|turn|21
|
|t:|1779596391
|move|p1a: Great Tusk|Stealth Rock|p2a: Corviknight
|-sidestart|p2: zk1314|move: Stealth Rock
|move|p2a: Corviknight|Roost|p2a: Corviknight
|-heal|p2a: Corviknight|100/100
|-singleturn|p2a: Corviknight|move: Roost
|
|upkeep
|turn|22
|
|t:|1779596398
|move|p1a: Great Tusk|Stealth Rock||[still]
|-fail|p1a: Great Tusk
|move|p2a: Corviknight|Defog|p1a: Great Tusk
|-unboost|p1a: Great Tusk|evasion|1
|-sideend|p2: zk1314|Stealth Rock|[from] move: Defog|[of] p2a: Corviknight
|
|upkeep
|turn|23
|
|t:|1779596407
|move|p1a: Great Tusk|Stealth Rock|p2a: Corviknight
|-sidestart|p2: zk1314|move: Stealth Rock
|move|p2a: Corviknight|Tailwind|p2a: Corviknight
|-sidestart|p2: zk1314|move: Tailwind
|
|upkeep
|turn|24
|
|t:|1779596415
|move|p1a: Great Tusk|Stealth Rock||[still]
|-fail|p1a: Great Tusk
|move|p2a: Corviknight|Defog|p1a: Great Tusk
|-unboost|p1a: Great Tusk|evasion|1
|-sideend|p2: zk1314|Stealth Rock|[from] move: Defog|[of] p2a: Corviknight
|
|upkeep
|turn|25
|
|t:|1779596442
|switch|p2a: Glimmora|Glimmora, M|100/100
|move|p1a: Great Tusk|Stealth Rock|p2a: Glimmora
|-sidestart|p2: zk1314|move: Stealth Rock
|
|upkeep
|turn|26
|
|t:|1779596453
|move|p1a: Great Tusk|Headlong Rush|p2a: Glimmora
|-supereffective|p2a: Glimmora
|-enditem|p2a: Glimmora|Focus Sash
|-damage|p2a: Glimmora|1/100
|-unboost|p1a: Great Tusk|def|1
|-unboost|p1a: Great Tusk|spd|1
|-activate|p2a: Glimmora|ability: Toxic Debris
|-sidestart|p1: DaddyPigIsThiqq|move: Toxic Spikes
|move|p2a: Glimmora|Mortal Spin|p1a: Great Tusk
|-resisted|p1a: Great Tusk
|-damage|p1a: Great Tusk|13/100
|-status|p1a: Great Tusk|psn
|-sideend|p2: zk1314|Stealth Rock|[from] move: Mortal Spin|[of] p2a: Glimmora
|
|-damage|p1a: Great Tusk|0 fnt|[from] psn
|faint|p1a: Great Tusk
|-end|p1a: Great Tusk|Protosynthesis|[silent]
|-sideend|p2: zk1314|move: Tailwind
|upkeep
|
|t:|1779596462
|switch|p1a: Iron Crown|Iron Crown|56/100
|turn|27
|
|t:|1779596478
|move|p1a: Iron Crown|Tachyon Cutter|p2a: Glimmora
|-supereffective|p2a: Glimmora
|-damage|p2a: Glimmora|0 fnt
|faint|p2a: Glimmora
|-hitcount|p2: Glimmora|1
|
|upkeep
|
|t:|1779596484
|switch|p2a: Corviknight|Corviknight, F|100/100
|turn|28
|
|t:|1779596497
|move|p1a: Iron Crown|Future Sight|p2a: Corviknight
|-start|p1a: Iron Crown|move: Future Sight
|move|p2a: Corviknight|Tailwind|p2a: Corviknight
|-sidestart|p2: zk1314|move: Tailwind
|
|upkeep
|turn|29
|
|t:|1779596511
|move|p2a: Corviknight|U-turn|p1a: Iron Crown
|-damage|p1a: Iron Crown|41/100
|
|t:|1779596515
|switch|p2a: Armarouge|Armarouge, M|70/100|[from] U-turn
|move|p1a: Iron Crown|Volt Switch|p2a: Armarouge
|-damage|p2a: Armarouge|42/100
|
|t:|1779596520
|-end|p1a: Iron Crown|Quark Drive|[silent]
|switch|p1a: Dragonite|Dragonite, M, shiny|100/100|[from] Volt Switch
|
|upkeep
|turn|30
|
|t:|1779596526
|switch|p2a: Corviknight|Corviknight, F|100/100
|move|p1a: Dragonite|Earthquake|p2a: Corviknight
|-immune|p2a: Corviknight
|
|-end|p2a: Corviknight|move: Future Sight
|-resisted|p2a: Corviknight
|-damage|p2a: Corviknight|73/100
|upkeep
|turn|31
|
|t:|1779596536
|move|p2a: Corviknight|U-turn|p1a: Dragonite
|-resisted|p1a: Dragonite
|-damage|p1a: Dragonite|97/100
|
|t:|1779596540
|switch|p2a: Armarouge|Armarouge, M|42/100|[from] U-turn
|move|p1a: Dragonite|Dragon Dance|p1a: Dragonite
|-boost|p1a: Dragonite|atk|1
|-boost|p1a: Dragonite|spe|1
|
|-sideend|p2: zk1314|move: Tailwind
|upkeep
|turn|32
|
|t:|1779596550
|switch|p2a: Corviknight|Corviknight, F|73/100
|move|p1a: Dragonite|Earthquake|p2a: Corviknight
|-immune|p2a: Corviknight
|
|upkeep
|turn|33
|
|t:|1779596557
|move|p1a: Dragonite|Dragon Dance|p1a: Dragonite
|-boost|p1a: Dragonite|atk|1
|-boost|p1a: Dragonite|spe|1
|move|p2a: Corviknight|Tailwind|p2a: Corviknight
|-sidestart|p2: zk1314|move: Tailwind
|
|upkeep
|turn|34
|inactive|zk1314 has 120 seconds left.
|inactive|zk1314 has 90 seconds left.
|c|☆DaddyPigIsThiqq|are we deadass stalling
|c|☆DaddyPigIsThiqq|cmon
|inactive|zk1314 has 60 seconds left.
|inactive|zk1314 has 30 seconds left.
|inactive|zk1314 has 20 seconds left.
|inactive|zk1314 has 15 seconds left.
|inactive|zk1314 has 10 seconds left.
|inactive|zk1314 has 5 seconds left.
|-message|zk1314 lost due to inactivity.
|
|win|DaddyPigIsThiqq
|raw|DaddyPigIsThiqq's rating: 1520 &rarr; <strong>1538</strong><br />(+18 for winning)
|raw|zk1314's rating: 1488 &rarr; <strong>1470</strong><br />(-18 for losing)
|l|☆DaddyPigIsThiqq
|player|p1|
|j| Pakas123
|l| Pakas123
