|j|☆superbad69
|j|☆samylc
|t:|1779658495
|gametype|singles
|player|p1|superbad69|2|1252
|player|p2|samylc|steven|1349
|gen|9
|tier|[Gen 9] OU
|rated|
|rule|HP Percentage Mod: HP is shown in percentages
|rule|Endless Battle Clause: Forcing endless battles is banned
|rule|Species Clause: Limit one of each Pokémon
|rule|OHKO Clause: OHKO moves are banned
|rule|Evasion Items Clause: Evasion items are banned
|rule|Evasion Moves Clause: Evasion moves are banned
|rule|Evasion Abilities Clause: Evasion abilities are banned
|rule|Sleep Moves Clause: Sleep-inducing moves are banned
|clearpoke
|poke|p1|Enamorus, F|
|poke|p1|Haxorus, F|
|poke|p1|Iron Treads|
|poke|p1|Ogerpon-Wellspring, F|
|poke|p1|Tornadus, M|
|poke|p1|Skeledirge, F|
|poke|p2|Cresselia, F|
|poke|p2|Hatterene, F|
|poke|p2|Iron Hands|
|poke|p2|Ursaluna, M|
|poke|p2|Torkoal, F|
|poke|p2|Scream Tail|
|teampreview
|inactive|Battle timer is ON: inactive players will automatically lose when time's up. (requested by samylc)
|inactive|superbad69 has 120 seconds left.
|inactive|superbad69 has 90 seconds left.
|
|t:|1779658556
|teamsize|p1|6
|teamsize|p2|6
|start
|switch|p1a: Skeledirge|Skeledirge, F|100/100
|switch|p2a: Hatterene|Hatterene, F, shiny|100/100
|-item|p1a: Skeledirge|Air Balloon
|turn|1
|
|t:|1779658563
|move|p1a: Skeledirge|Torch Song|p2a: Hatterene
|-damage|p2a: Hatterene|63/100
|-boost|p1a: Skeledirge|spa|1
|move|p2a: Hatterene|Trick Room|p2a: Hatterene
|-fieldstart|move: Trick Room|[of] p2a: Hatterene
|
|upkeep
|turn|2
|
|t:|1779658571
|switch|p2a: Ursaluna|Ursaluna, M|100/100
|move|p1a: Skeledirge|Shadow Ball|p2a: Ursaluna
|-immune|p2a: Ursaluna
|
|-status|p2a: Ursaluna|brn|[from] item: Flame Orb
|upkeep
|turn|3
|
|t:|1779658579
|move|p2a: Ursaluna|Fire Punch|p1a: Skeledirge
|-resisted|p1a: Skeledirge
|-damage|p1a: Skeledirge|78/100
|-enditem|p1a: Skeledirge|Air Balloon
|move|p1a: Skeledirge|Torch Song|p2a: Ursaluna
|-damage|p2a: Ursaluna|51/100 brn
|-boost|p1a: Skeledirge|spa|1
|
|-damage|p2a: Ursaluna|45/100 brn|[from] brn
|upkeep
|turn|4
|
|t:|1779658586
|switch|p1a: Tornadus|Tornadus, M|100/100
|move|p2a: Ursaluna|Headlong Rush|p1a: Tornadus
|-immune|p1a: Tornadus
|
|-damage|p2a: Ursaluna|39/100 brn|[from] brn
|upkeep
|turn|5
|
|t:|1779658593
|switch|p1a: Iron Treads|Iron Treads|100/100
|-enditem|p1a: Iron Treads|Booster Energy
|-activate|p1a: Iron Treads|ability: Quark Drive|[fromitem]
|-start|p1a: Iron Treads|quarkdrivespe
|move|p2a: Ursaluna|Facade|p1a: Iron Treads
|-resisted|p1a: Iron Treads
|-damage|p1a: Iron Treads|43/100
|
|-damage|p2a: Ursaluna|33/100 brn|[from] brn
|-fieldend|move: Trick Room
|upkeep
|turn|6
|
|t:|1779658601
|switch|p2a: Hatterene|Hatterene, F, shiny|63/100
|move|p1a: Iron Treads|Earth Power|p2a: Hatterene
|-damage|p2a: Hatterene|30/100
|
|upkeep
|turn|7
|
|t:|1779658604
|move|p1a: Iron Treads|Earth Power|p2a: Hatterene
|-damage|p2a: Hatterene|0 fnt
|faint|p2a: Hatterene
|
|upkeep
|
|t:|1779658607
|switch|p2a: Cresselia|Cresselia, F, shiny|100/100
|turn|8
|
|t:|1779658611
|move|p1a: Iron Treads|Stealth Rock|p2a: Cresselia
|-sidestart|p2: samylc|move: Stealth Rock
|move|p2a: Cresselia|Trick Room|p2a: Cresselia
|-fieldstart|move: Trick Room|[of] p2a: Cresselia
|
|upkeep
|turn|9
|
|t:|1779658620
|-end|p1a: Iron Treads|Quark Drive|[silent]
|switch|p1a: Skeledirge|Skeledirge, F|78/100
|move|p2a: Cresselia|Lunar Dance|p2a: Cresselia
|faint|p2a: Cresselia
|
|upkeep
|
|t:|1779658622
|switch|p2a: Ursaluna|Ursaluna, M|33/100 brn
|-heal|p2a: Ursaluna|100/100|[from] move: Lunar Dance
|-damage|p2a: Ursaluna|94/100|[from] Stealth Rock
|turn|10
|
|t:|1779658628
|switch|p1a: Iron Treads|Iron Treads|43/100
|move|p2a: Ursaluna|Swords Dance|p2a: Ursaluna
|-boost|p2a: Ursaluna|atk|2
|
|-status|p2a: Ursaluna|brn|[from] item: Flame Orb
|upkeep
|turn|11
|
|t:|1779658632
|move|p2a: Ursaluna|Fire Punch|p1a: Iron Treads
|-supereffective|p1a: Iron Treads
|-damage|p1a: Iron Treads|0 fnt
|faint|p1a: Iron Treads
|-end|p1a: Iron Treads|Quark Drive|[silent]
|
|-damage|p2a: Ursaluna|88/100 brn|[from] brn
|upkeep
|
|t:|1779658651
|switch|p1a: Haxorus|Haxorus, F|100/100
|-ability|p1a: Haxorus|Mold Breaker
|turn|12
|
|t:|1779658660
|move|p1a: Haxorus|First Impression|p2a: Ursaluna
|-damage|p2a: Ursaluna|54/100 brn
|-damage|p1a: Haxorus|91/100|[from] item: Life Orb
|move|p2a: Ursaluna|Facade|p1a: Haxorus
|-damage|p1a: Haxorus|0 fnt
|faint|p1a: Haxorus
|
|-damage|p2a: Ursaluna|48/100 brn|[from] brn
|-fieldend|move: Trick Room
|upkeep
|
|t:|1779658671
|switch|p1a: Ogerpon|Ogerpon-Wellspring, F|100/100
|turn|13
|
|t:|1779658675
|move|p1a: Ogerpon|Ivy Cudgel|p2a: Ursaluna|[anim] Ivy Cudgel Water
|-supereffective|p2a: Ursaluna
|-damage|p2a: Ursaluna|0 fnt
|faint|p2a: Ursaluna
|
|upkeep
|
|t:|1779658677
|switch|p2a: Scream Tail|Scream Tail|100/100
|-damage|p2a: Scream Tail|88/100|[from] Stealth Rock
|turn|14
|
|t:|1779658681
|move|p1a: Ogerpon|Trailblaze|p2a: Scream Tail
|-damage|p2a: Scream Tail|64/100
|-boost|p1a: Ogerpon|spe|1
|move|p2a: Scream Tail|Trick Room|p2a: Scream Tail
|-fieldstart|move: Trick Room|[of] p2a: Scream Tail
|
|upkeep
|turn|15
|
|t:|1779658688
|-end|p2a: Scream Tail|Protosynthesis|[silent]
|switch|p2a: Iron Hands|Iron Hands|100/100
|-damage|p2a: Iron Hands|94/100|[from] Stealth Rock
|-enditem|p2a: Iron Hands|Booster Energy
|-activate|p2a: Iron Hands|ability: Quark Drive|[fromitem]
|-start|p2a: Iron Hands|quarkdriveatk
|move|p1a: Ogerpon|Ivy Cudgel|p2a: Iron Hands|[anim] Ivy Cudgel Water
|-damage|p2a: Iron Hands|48/100
|
|upkeep
|turn|16
|
|t:|1779658695
|move|p2a: Iron Hands|Supercell Slam|p1a: Ogerpon
|-damage|p1a: Ogerpon|12/100
|move|p1a: Ogerpon|Ivy Cudgel|p2a: Iron Hands|[anim] Ivy Cudgel Water
|-damage|p2a: Iron Hands|4/100
|
|upkeep
|turn|17
|
|t:|1779658700
|move|p2a: Iron Hands|Ice Punch|p1a: Ogerpon
|-damage|p1a: Ogerpon|0 fnt
|faint|p1a: Ogerpon
|
|upkeep
|
|t:|1779658708
|switch|p1a: Skeledirge|Skeledirge, F|78/100
|turn|18
|
|t:|1779658716
|move|p2a: Iron Hands|Supercell Slam|p1a: Skeledirge
|-damage|p1a: Skeledirge|2/100
|move|p1a: Skeledirge|Torch Song|p2a: Iron Hands
|-damage|p2a: Iron Hands|0 fnt
|-boost|p1a: Skeledirge|spa|1
|faint|p2a: Iron Hands
|-end|p2a: Iron Hands|Quark Drive|[silent]
|
|-fieldend|move: Trick Room
|upkeep
|
|t:|1779658720
|switch|p2a: Scream Tail|Scream Tail|64/100
|-damage|p2a: Scream Tail|51/100|[from] Stealth Rock
|turn|19
|
|t:|1779658723
|move|p1a: Skeledirge|Shadow Ball|p2a: Scream Tail
|-supereffective|p2a: Scream Tail
|-damage|p2a: Scream Tail|0 fnt
|faint|p2a: Scream Tail
|-end|p2a: Scream Tail|Protosynthesis|[silent]
|
|upkeep
|
|t:|1779658726
|switch|p2a: Torkoal|Torkoal, F, shiny|100/100
|-damage|p2a: Torkoal|76/100|[from] Stealth Rock
|-weather|SunnyDay|[from] ability: Drought|[of] p2a: Torkoal
|turn|20
|
|t:|1779658730
|move|p1a: Skeledirge|Shadow Ball|p2a: Torkoal
|-damage|p2a: Torkoal|9/100
|move|p2a: Torkoal|Weather Ball|p1a: Skeledirge
|-resisted|p1a: Skeledirge
|-damage|p1a: Skeledirge|0 fnt
|faint|p1a: Skeledirge
|
|-weather|SunnyDay|[upkeep]
|upkeep
|
|t:|1779658733
|switch|p1a: Enamorus|Enamorus, F|100/100
|turn|21
|
|t:|1779658735
|move|p1a: Enamorus|Moonblast|p2a: Torkoal
|-resisted|p2a: Torkoal
|-damage|p2a: Torkoal|0 fnt
|faint|p2a: Torkoal
|
|win|superbad69
|raw|superbad69's rating: 1252 &rarr; <strong>1284</strong><br />(+32 for winning)
|raw|samylc's rating: 1349 &rarr; <strong>1324</strong><br />(-25 for losing)
|l|☆samylc
|player|p2|
