|j|☆American Noodle
|j|☆psygoat12
|t:|1779585302
|gametype|singles
|player|p1|American Noodle|266|1365
|player|p2|psygoat12|chuck|1396
|gen|9
|tier|[Gen 9] OU
|rated|
|rule|HP Percentage Mod: HP is shown in percentages
|rule|Endless Battle Clause: Forcing endless battles is banned
|rule|Species Clause: Limit one of each Pokémon
|rule|OHKO Clause: OHKO moves are banned
|rule|Evasion Items Clause: Evasion items are banned
|rule|Evasion Moves Clause: Evasion moves are banned
|rule|Evasion Abilities Clause: Evasion abilities are banned
|rule|Sleep Moves Clause: Sleep-inducing moves are banned
|clearpoke
|poke|p1|Toucannon, M|
|poke|p1|Kyurem|
|poke|p1|Iron Treads|
|poke|p1|Iron Moth|
|poke|p1|Zamazenta-*|
|poke|p1|Ogerpon-Wellspring, F|
|poke|p2|Drifblim, F|
|poke|p2|Rillaboom, M|
|poke|p2|Cinderace, F|
|poke|p2|Excadrill, F|
|poke|p2|Samurott-Hisui, F|
|poke|p2|Hatterene, F|
|teampreview
|inactive|Battle timer is ON: inactive players will automatically lose when time's up. (requested by psygoat12)
|
|t:|1779585359
|teamsize|p1|6
|teamsize|p2|6
|start
|switch|p1a: Kyurem|Kyurem|100/100
|switch|p2a: Cinderace|Cinderace, F|100/100
|-ability|p1a: Kyurem|Pressure
|turn|1
|
|t:|1779585381
|move|p2a: Cinderace|Pyro Ball|p1a: Kyurem
|-damage|p1a: Kyurem|53/100
|move|p1a: Kyurem|Draco Meteor|p2a: Cinderace|[miss]
|-miss|p1a: Kyurem|p2a: Cinderace
|
|upkeep
|turn|2
|
|t:|1779585397
|move|p2a: Cinderace|U-turn|p1a: Kyurem
|-crit|p1a: Kyurem
|-damage|p1a: Kyurem|22/100
|
|t:|1779585400
|switch|p2a: Hatterene|Hatterene, F|100/100|[from] U-turn
|move|p1a: Kyurem|Draco Meteor|p2a: Hatterene
|-immune|p2a: Hatterene
|
|upkeep
|turn|3
|
|t:|1779585413
|move|p1a: Kyurem|Ice Beam|p2a: Hatterene
|-damage|p2a: Hatterene|48/100
|-enditem|p2a: Hatterene|Red Card|[of] p1a: Kyurem
|drag|p1a: Iron Treads|Iron Treads|100/100
|move|p2a: Hatterene|Psychic Noise|p1a: Iron Treads
|-resisted|p1a: Iron Treads
|-damage|p1a: Iron Treads|76/100
|-start|p1a: Iron Treads|move: Heal Block
|
|upkeep
|turn|4
|inactive|psygoat12 has 120 seconds left.
|
|t:|1779585441
|move|p1a: Iron Treads|Earthquake|p2a: Hatterene
|-crit|p2a: Hatterene
|-damage|p2a: Hatterene|0 fnt
|faint|p2a: Hatterene
|
|-end|p1a: Iron Treads|move: Heal Block
|upkeep
|inactive|psygoat12 has 120 seconds left.
|
|t:|1779585449
|switch|p2a: Samurott|Samurott-Hisui, F|100/100
|turn|5
|
|t:|1779585457
|-end|p1a: Iron Treads|Quark Drive|[silent]
|switch|p1a: Zamazenta|Zamazenta|100/100
|-ability|p1a: Zamazenta|Dauntless Shield|boost
|-boost|p1a: Zamazenta|def|1
|move|p2a: Samurott|Ceaseless Edge|p1a: Zamazenta
|-resisted|p1a: Zamazenta
|-damage|p1a: Zamazenta|91/100
|-sidestart|p1: American Noodle|Spikes
|
|-heal|p1a: Zamazenta|97/100|[from] item: Leftovers
|upkeep
|turn|6
|
|t:|1779585465
|switch|p2a: Cinderace|Cinderace, F|100/100
|move|p1a: Zamazenta|Crunch|p2a: Cinderace
|-damage|p2a: Cinderace|69/100
|
|-heal|p1a: Zamazenta|100/100|[from] item: Leftovers
|upkeep
|turn|7
|
|t:|1779585469
|switch|p1a: Kyurem|Kyurem|22/100
|-damage|p1a: Kyurem|10/100|[from] Spikes
|-ability|p1a: Kyurem|Pressure
|move|p2a: Cinderace|Will-O-Wisp|p1a: Kyurem
|-status|p1a: Kyurem|brn
|
|-damage|p1a: Kyurem|3/100 brn|[from] brn
|upkeep
|turn|8
|
|t:|1779585480
|move|p2a: Cinderace|Pyro Ball|p1a: Kyurem|[miss]
|-miss|p2a: Cinderace|p1a: Kyurem
|move|p1a: Kyurem|Draco Meteor|p2a: Cinderace
|-damage|p2a: Cinderace|0 fnt
|-unboost|p1a: Kyurem|spa|2
|faint|p2a: Cinderace
|
|-damage|p1a: Kyurem|0 fnt|[from] brn
|faint|p1a: Kyurem
|upkeep
|inactive|American Noodle has 120 seconds left.
|
|t:|1779585534
|switch|p2a: Excadrill|Excadrill, F|100/100
|switch|p1a: Toucannon|Toucannon, M|100/100
|-ability|p2a: Excadrill|Mold Breaker
|-item|p2a: Excadrill|Air Balloon
|turn|9
|
|t:|1779585563
|move|p2a: Excadrill|Stealth Rock|p1a: Toucannon
|-sidestart|p1: American Noodle|move: Stealth Rock
|move|p1a: Toucannon|Bullet Seed|p2a: Excadrill
|-crit|p2a: Excadrill
|-damage|p2a: Excadrill|74/100
|-enditem|p2a: Excadrill|Air Balloon
|-damage|p2a: Excadrill|54/100
|-damage|p2a: Excadrill|34/100
|-damage|p2a: Excadrill|13/100
|-damage|p2a: Excadrill|0 fnt
|faint|p2a: Excadrill
|-hitcount|p2: Excadrill|5
|
|upkeep
|inactive|psygoat12 has 120 seconds left.
|
|t:|1779585578
|switch|p2a: Samurott|Samurott-Hisui, F|100/100
|turn|10
|
|t:|1779585582
|move|p2a: Samurott|Ceaseless Edge|p1a: Toucannon
|-damage|p1a: Toucannon|45/100
|-sidestart|p1: American Noodle|Spikes
|move|p1a: Toucannon|Bullet Seed|p2a: Samurott
|-supereffective|p2a: Samurott
|-damage|p2a: Samurott|65/100
|-supereffective|p2a: Samurott
|-damage|p2a: Samurott|29/100
|-supereffective|p2a: Samurott
|-damage|p2a: Samurott|0 fnt
|faint|p2a: Samurott
|-hitcount|p2: Samurott|3
|
|upkeep
|
|t:|1779585588
|switch|p2a: Rillaboom|Rillaboom, M|100/100
|-fieldstart|move: Grassy Terrain|[from] ability: Grassy Surge|[of] p2a: Rillaboom
|turn|11
|
|t:|1779585594
|move|p2a: Rillaboom|Knock Off|p1a: Toucannon
|-damage|p1a: Toucannon|0 fnt
|-enditem|p1a: Toucannon|Choice Band|[from] move: Knock Off|[of] p2a: Rillaboom
|faint|p1a: Toucannon
|
|upkeep
|
|t:|1779585603
|switch|p1a: Iron Moth|Iron Moth|100/100
|-damage|p1a: Iron Moth|84/100|[from] Spikes
|-damage|p1a: Iron Moth|59/100|[from] Stealth Rock
|-enditem|p1a: Iron Moth|Booster Energy
|-activate|p1a: Iron Moth|ability: Quark Drive|[fromitem]
|-start|p1a: Iron Moth|quarkdrivespe
|turn|12
|
|t:|1779585608
|move|p1a: Iron Moth|Fiery Dance|p2a: Rillaboom
|-supereffective|p2a: Rillaboom
|-damage|p2a: Rillaboom|0 fnt
|-boost|p1a: Iron Moth|spa|1
|faint|p2a: Rillaboom
|
|-heal|p1a: Iron Moth|65/100|[from] Grassy Terrain
|upkeep
|
|t:|1779585610
|switch|p2a: Drifblim|Drifblim, F|100/100
|-enditem|p2a: Drifblim|Grassy Seed
|-boost|p2a: Drifblim|def|1|[from] item: Grassy Seed
|turn|13
|
|t:|1779585629
|move|p1a: Iron Moth|Sludge Wave|p2a: Drifblim
|-resisted|p2a: Drifblim
|-damage|p2a: Drifblim|54/100
|-status|p2a: Drifblim|psn
|move|p2a: Drifblim|Shadow Ball|p1a: Iron Moth
|-damage|p1a: Iron Moth|25/100
|
|-heal|p1a: Iron Moth|31/100|[from] Grassy Terrain
|-damage|p2a: Drifblim|41/100 psn|[from] psn
|upkeep
|turn|14
|
|t:|1779585638
|move|p1a: Iron Moth|Fiery Dance|p2a: Drifblim
|-damage|p2a: Drifblim|0 fnt
|-boost|p1a: Iron Moth|spa|1
|faint|p2a: Drifblim
|
|win|American Noodle
|raw|American Noodle's rating: 1365 &rarr; <strong>1387</strong><br />(+22 for winning)
|raw|psygoat12's rating: 1396 &rarr; <strong>1374</strong><br />(-22 for losing)
|l|☆American Noodle
|player|p1|
|l|☆psygoat12
|player|p2|
