|j|☆ju2508
|j|☆Sickscream28
|t:|1779717712
|gametype|singles
|player|p1|ju2508|101|1194
|player|p2|Sickscream28|265|1236
|gen|9
|tier|[Gen 9] OU
|rated|
|rule|HP Percentage Mod: HP is shown in percentages
|rule|Endless Battle Clause: Forcing endless battles is banned
|rule|Species Clause: Limit one of each Pokémon
|rule|OHKO Clause: OHKO moves are banned
|rule|Evasion Items Clause: Evasion items are banned
|rule|Evasion Moves Clause: Evasion moves are banned
|rule|Evasion Abilities Clause: Evasion abilities are banned
|rule|Sleep Moves Clause: Sleep-inducing moves are banned
|clearpoke
|poke|p1|Feraligatr, F|
|poke|p1|Donphan, M|
|poke|p1|Sylveon, F|
|poke|p1|Magneton|
|poke|p1|Serperior, F|
|poke|p1|Flamigo, M|
|poke|p2|Cinderace, M|
|poke|p2|Walking Wake|
|poke|p2|Garchomp, F|
|poke|p2|Greninja-*, M|
|poke|p2|Skeledirge, M|
|poke|p2|Meowscarada, M|
|teampreview
|inactive|Battle timer is ON: inactive players will automatically lose when time's up. (requested by ju2508)
|
|t:|1779717716
|teamsize|p1|6
|teamsize|p2|6
|start
|switch|p1a: Flamigo|Flamigo, M|100/100
|switch|p2a: Greninja|Greninja, M, shiny|100/100
|turn|1
|
|t:|1779717724
|move|p1a: Flamigo|Close Combat|p2a: Greninja
|-supereffective|p2a: Greninja
|-enditem|p2a: Greninja|Focus Sash
|-damage|p2a: Greninja|1/100
|-unboost|p1a: Flamigo|def|1
|-unboost|p1a: Flamigo|spd|1
|move|p2a: Greninja|Toxic Spikes|p1a: Flamigo
|-start|p2a: Greninja|typechange|Poison|[from] ability: Protean
|-sidestart|p1: ju2508|move: Toxic Spikes
|
|upkeep
|turn|2
|
|t:|1779717734
|switch|p2a: Skeledirge|Skeledirge, M|100/100
|move|p1a: Flamigo|Close Combat|p2a: Skeledirge
|-damage|p2a: Skeledirge|55/100
|-unboost|p1a: Flamigo|def|1
|-unboost|p1a: Flamigo|spd|1
|
|upkeep
|turn|3
|
|t:|1779717747
|switch|p1a: Magneton|Magneton|100/100
|switch|p2a: Garchomp|Garchomp, F|100/100
|
|upkeep
|turn|4
|
|t:|1779717755
|switch|p1a: Donphan|Donphan, M|100/100
|-status|p1a: Donphan|psn
|move|p2a: Garchomp|Swords Dance|p2a: Garchomp
|-boost|p2a: Garchomp|atk|2
|
|-damage|p1a: Donphan|88/100 psn|[from] psn
|upkeep
|turn|5
|
|t:|1779717765
|move|p2a: Garchomp|Earthquake|p1a: Donphan
|-damage|p1a: Donphan|28/100 psn
|move|p1a: Donphan|Rapid Spin|p2a: Garchomp
|-damage|p2a: Garchomp|87/100
|-boost|p1a: Donphan|spe|1
|-damage|p1a: Donphan|15/100 psn|[from] ability: Rough Skin|[of] p2a: Garchomp
|-damage|p1a: Donphan|0 fnt|[from] item: Rocky Helmet|[of] p2a: Garchomp
|faint|p1a: Donphan
|
|upkeep
|
|t:|1779717785
|switch|p1a: Serperior|Serperior, F|100/100
|-status|p1a: Serperior|psn
|turn|6
|
|t:|1779717789
|-terastallize|p2a: Garchomp|Poison
|move|p1a: Serperior|Glare|p2a: Garchomp
|-status|p2a: Garchomp|par
|cant|p2a: Garchomp|par
|
|-damage|p1a: Serperior|88/100 psn|[from] psn
|upkeep
|turn|7
|
|t:|1779717799
|move|p1a: Serperior|Leaf Storm|p2a: Garchomp|[miss]
|-miss|p1a: Serperior|p2a: Garchomp
|move|p2a: Garchomp|Poison Jab|p1a: Serperior
|-supereffective|p1a: Serperior
|-damage|p1a: Serperior|0 fnt
|faint|p1a: Serperior
|
|upkeep
|
|t:|1779717808
|switch|p1a: Magneton|Magneton|100/100
|turn|8
|
|t:|1779717812
|move|p1a: Magneton|Thunderbolt|p2a: Garchomp
|-crit|p2a: Garchomp
|-damage|p2a: Garchomp|12/100 par
|move|p2a: Garchomp|Earthquake|p1a: Magneton
|-supereffective|p1a: Magneton
|-damage|p1a: Magneton|0 fnt
|faint|p1a: Magneton
|
|upkeep
|
|t:|1779717821
|switch|p1a: Flamigo|Flamigo, M|100/100
|turn|9
|
|t:|1779717828
|move|p1a: Flamigo|U-turn|p2a: Garchomp
|-resisted|p2a: Garchomp
|-damage|p2a: Garchomp|0 fnt
|-damage|p1a: Flamigo|88/100|[from] ability: Rough Skin|[of] p2a: Garchomp
|-damage|p1a: Flamigo|72/100|[from] item: Rocky Helmet|[of] p2a: Garchomp
|faint|p2a: Garchomp
|
|t:|1779717836
|switch|p1a: Feraligatr|Feraligatr, F|100/100|[from] U-turn
|-status|p1a: Feraligatr|psn
|
|-damage|p1a: Feraligatr|88/100 psn|[from] psn
|upkeep
|
|t:|1779717846
|switch|p2a: Walking Wake|Walking Wake|100/100
|-enditem|p2a: Walking Wake|Booster Energy
|-activate|p2a: Walking Wake|ability: Protosynthesis|[fromitem]
|-start|p2a: Walking Wake|protosynthesisspa
|turn|10
|
|t:|1779717853
|move|p2a: Walking Wake|Dragon Pulse|p1a: Feraligatr
|-damage|p1a: Feraligatr|13/100 psn
|move|p1a: Feraligatr|Ice Punch|p2a: Walking Wake
|-damage|p2a: Walking Wake|58/100
|
|-damage|p1a: Feraligatr|0 fnt|[from] psn
|faint|p1a: Feraligatr
|upkeep
|
|t:|1779717862
|switch|p1a: Sylveon|Sylveon, F|100/100
|-status|p1a: Sylveon|psn
|turn|11
|
|t:|1779717867
|move|p2a: Walking Wake|Hydro Steam|p1a: Sylveon
|-damage|p1a: Sylveon|71/100 psn
|move|p1a: Sylveon|Hyper Voice|p2a: Walking Wake
|-supereffective|p2a: Walking Wake
|-damage|p2a: Walking Wake|0 fnt
|faint|p2a: Walking Wake
|-end|p2a: Walking Wake|Protosynthesis|[silent]
|
|-heal|p1a: Sylveon|77/100 psn|[from] item: Leftovers
|-damage|p1a: Sylveon|64/100 psn|[from] psn
|upkeep
|-message|ju2508 forfeited.
|
|win|Sickscream28
|raw|ju2508's rating: 1194 &rarr; <strong>1172</strong><br />(-22 for losing)
|raw|Sickscream28's rating: 1236 &rarr; <strong>1258</strong><br />(+22 for winning)
|l|☆ju2508
|player|p1|
|l|☆Sickscream28
|player|p2|
