|j|☆belphegorr
|j|☆bigurelu
|t:|1779638864
|gametype|singles
|player|p1|belphegorr|hoopster|1269
|player|p2|bigurelu|giovanni|1252
|gen|9
|tier|[Gen 9] OU
|rated|
|rule|HP Percentage Mod: HP is shown in percentages
|rule|Endless Battle Clause: Forcing endless battles is banned
|rule|Species Clause: Limit one of each Pokémon
|rule|OHKO Clause: OHKO moves are banned
|rule|Evasion Items Clause: Evasion items are banned
|rule|Evasion Moves Clause: Evasion moves are banned
|rule|Evasion Abilities Clause: Evasion abilities are banned
|rule|Sleep Moves Clause: Sleep-inducing moves are banned
|clearpoke
|poke|p1|Samurott-Hisui, F|
|poke|p1|Coalossal, M|
|poke|p1|Scyther, F|
|poke|p1|Ogerpon, F|
|poke|p1|Weavile, M|
|poke|p1|Gengar, F|
|poke|p2|Iron Treads|
|poke|p2|Great Tusk|
|poke|p2|Iron Valiant|
|poke|p2|Iron Crown|
|poke|p2|Iron Thorns|
|poke|p2|Walking Wake|
|teampreview
|inactive|Battle timer is ON: inactive players will automatically lose when time's up. (requested by bigurelu)
|
|t:|1779638877
|teamsize|p1|6
|teamsize|p2|6
|start
|switch|p1a: Samurott|Samurott-Hisui, F, shiny|100/100
|switch|p2a: Iron Treads|Iron Treads, shiny|100/100
|turn|1
|
|t:|1779638884
|move|p2a: Iron Treads|Stealth Rock|p1a: Samurott
|-sidestart|p1: belphegorr|move: Stealth Rock
|move|p1a: Samurott|Ceaseless Edge|p2a: Iron Treads
|-damage|p2a: Iron Treads|57/100
|-sidestart|p2: bigurelu|Spikes
|
|upkeep
|turn|2
|
|t:|1779638895
|move|p2a: Iron Treads|Rapid Spin|p1a: Samurott
|-damage|p1a: Samurott|80/100
|-boost|p2a: Iron Treads|spe|1
|-sideend|p2: bigurelu|Spikes|[from] move: Rapid Spin|[of] p2a: Iron Treads
|move|p1a: Samurott|Ceaseless Edge|p2a: Iron Treads
|-damage|p2a: Iron Treads|12/100
|-sidestart|p2: bigurelu|Spikes
|
|upkeep
|turn|3
|
|t:|1779638899
|move|p1a: Samurott|Sucker Punch|p2a: Iron Treads
|-damage|p2a: Iron Treads|0 fnt
|faint|p2a: Iron Treads
|-end|p2a: Iron Treads|Quark Drive|[silent]
|
|upkeep
|
|t:|1779638923
|switch|p2a: Iron Valiant|Iron Valiant, shiny|100/100
|-damage|p2a: Iron Valiant|88/100|[from] Spikes
|-enditem|p2a: Iron Valiant|Booster Energy
|-activate|p2a: Iron Valiant|ability: Quark Drive|[fromitem]
|-start|p2a: Iron Valiant|quarkdrivespe
|turn|4
|
|t:|1779638934
|move|p2a: Iron Valiant|Moonblast|p1a: Samurott
|-supereffective|p1a: Samurott
|-damage|p1a: Samurott|0 fnt
|faint|p1a: Samurott
|
|upkeep
|
|t:|1779638939
|switch|p1a: Coalossal|Coalossal, M|100/100
|-damage|p1a: Coalossal|75/100|[from] Stealth Rock
|turn|5
|
|t:|1779638943
|move|p2a: Iron Valiant|Close Combat|p1a: Coalossal
|-supereffective|p1a: Coalossal
|-damage|p1a: Coalossal|19/100
|-unboost|p2a: Iron Valiant|def|1
|-unboost|p2a: Iron Valiant|spd|1
|-damage|p2a: Iron Valiant|71/100|[from] item: Rocky Helmet|[of] p1a: Coalossal
|-status|p2a: Iron Valiant|brn|[from] ability: Flame Body|[of] p1a: Coalossal
|move|p1a: Coalossal|Rapid Spin|p2a: Iron Valiant
|-damage|p2a: Iron Valiant|56/100 brn
|-boost|p1a: Coalossal|spe|1
|-sideend|p1: belphegorr|Stealth Rock|[from] move: Rapid Spin|[of] p1a: Coalossal
|
|-damage|p2a: Iron Valiant|50/100 brn|[from] brn
|upkeep
|turn|6
|
|t:|1779638964
|move|p2a: Iron Valiant|Thunderbolt|p1a: Coalossal
|-damage|p1a: Coalossal|0 fnt
|faint|p1a: Coalossal
|
|-damage|p2a: Iron Valiant|43/100 brn|[from] brn
|upkeep
|inactive|belphegorr has 120 seconds left.
|
|t:|1779638979
|switch|p1a: Gengar|Gengar, F|100/100
|turn|7
|inactive|belphegorr has 120 seconds left.
|
|t:|1779639002
|-end|p2a: Iron Valiant|Quark Drive|[silent]
|switch|p2a: Iron Crown|Iron Crown|100/100
|-damage|p2a: Iron Crown|88/100|[from] Spikes
|-enditem|p2a: Iron Crown|Booster Energy
|-activate|p2a: Iron Crown|ability: Quark Drive|[fromitem]
|-start|p2a: Iron Crown|quarkdrivespa
|move|p1a: Gengar|Sludge Wave|p2a: Iron Crown
|-immune|p2a: Iron Crown
|
|upkeep
|turn|8
|
|t:|1779639010
|move|p1a: Gengar|Shadow Ball|p2a: Iron Crown
|-supereffective|p2a: Iron Crown
|-damage|p2a: Iron Crown|9/100
|move|p2a: Iron Crown|Psychic|p1a: Gengar
|-supereffective|p1a: Gengar
|-enditem|p1a: Gengar|Focus Sash
|-damage|p1a: Gengar|1/100
|-start|p2a: Iron Crown|Disable|Psychic|[from] ability: Cursed Body|[of] p1a: Gengar
|
|upkeep
|turn|9
|
|t:|1779639019
|move|p1a: Gengar|Shadow Ball|p2a: Iron Crown
|-supereffective|p2a: Iron Crown
|-damage|p2a: Iron Crown|0 fnt
|faint|p2a: Iron Crown
|-end|p2a: Iron Crown|Quark Drive|[silent]
|
|upkeep
|
|t:|1779639024
|switch|p2a: Iron Valiant|Iron Valiant, shiny|43/100 brn
|-damage|p2a: Iron Valiant|31/100 brn|[from] Spikes
|turn|10
|
|t:|1779639034
|move|p2a: Iron Valiant|Moonblast|p1a: Gengar
|-resisted|p1a: Gengar
|-damage|p1a: Gengar|0 fnt
|faint|p1a: Gengar
|
|-damage|p2a: Iron Valiant|25/100 brn|[from] brn
|upkeep
|
|t:|1779639037
|switch|p1a: Scyther|Scyther, F, shiny|100/100
|turn|11
|
|t:|1779639041
|move|p2a: Iron Valiant|Thunderbolt|p1a: Scyther
|-supereffective|p1a: Scyther
|-damage|p1a: Scyther|44/100
|move|p1a: Scyther|Swords Dance|p1a: Scyther
|-boost|p1a: Scyther|atk|2
|
|-damage|p2a: Iron Valiant|18/100 brn|[from] brn
|upkeep
|turn|12
|
|t:|1779639044
|move|p1a: Scyther|Quick Attack|p2a: Iron Valiant
|-damage|p2a: Iron Valiant|0 fnt
|faint|p2a: Iron Valiant
|-end|p2a: Iron Valiant|Quark Drive|[silent]
|
|upkeep
|
|t:|1779639053
|switch|p2a: Walking Wake|Walking Wake|100/100
|-damage|p2a: Walking Wake|88/100|[from] Spikes
|-enditem|p2a: Walking Wake|Booster Energy
|-activate|p2a: Walking Wake|ability: Protosynthesis|[fromitem]
|-start|p2a: Walking Wake|protosynthesisspa
|turn|13
|
|t:|1779639079
|move|p1a: Scyther|Quick Attack|p2a: Walking Wake
|-damage|p2a: Walking Wake|47/100
|move|p2a: Walking Wake|Flamethrower|p1a: Scyther
|-supereffective|p1a: Scyther
|-damage|p1a: Scyther|0 fnt
|faint|p1a: Scyther
|
|upkeep
|inactive|belphegorr has 120 seconds left.
|
|t:|1779639091
|switch|p1a: Weavile|Weavile, M|100/100
|turn|14
|
|t:|1779639096
|move|p1a: Weavile|Hone Claws|p1a: Weavile
|-boost|p1a: Weavile|atk|1
|-boost|p1a: Weavile|accuracy|1
|move|p2a: Walking Wake|Flamethrower|p1a: Weavile
|-supereffective|p1a: Weavile
|-enditem|p1a: Weavile|Focus Sash
|-damage|p1a: Weavile|1/100
|
|upkeep
|turn|15
|
|t:|1779639105
|move|p1a: Weavile|Triple Axel|p2a: Walking Wake
|-damage|p2a: Walking Wake|31/100
|-damage|p2a: Walking Wake|0 fnt
|faint|p2a: Walking Wake
|-end|p2a: Walking Wake|Protosynthesis|[silent]
|-hitcount|p2: Walking Wake|2
|
|upkeep
|
|t:|1779639124
|switch|p2a: Great Tusk|Great Tusk, shiny|100/100
|-damage|p2a: Great Tusk|88/100|[from] Spikes
|-enditem|p2a: Great Tusk|Booster Energy
|-activate|p2a: Great Tusk|ability: Protosynthesis|[fromitem]
|-start|p2a: Great Tusk|protosynthesisatk
|turn|16
|
|t:|1779639138
|-terastallize|p2a: Great Tusk|Steel
|move|p1a: Weavile|Triple Axel|p2a: Great Tusk
|-resisted|p2a: Great Tusk
|-damage|p2a: Great Tusk|83/100
|-resisted|p2a: Great Tusk
|-damage|p2a: Great Tusk|73/100
|-resisted|p2a: Great Tusk
|-damage|p2a: Great Tusk|56/100
|-hitcount|p2a: Great Tusk|3
|move|p2a: Great Tusk|Earthquake|p1a: Weavile
|-damage|p1a: Weavile|0 fnt
|faint|p1a: Weavile
|
|upkeep
|
|t:|1779639149
|switch|p1a: Ogerpon|Ogerpon, F|100/100
|turn|17
|
|t:|1779639154
|move|p1a: Ogerpon|Swords Dance|p1a: Ogerpon
|-boost|p1a: Ogerpon|atk|2
|move|p2a: Great Tusk|Ice Spinner|p1a: Ogerpon
|-supereffective|p1a: Ogerpon
|-damage|p1a: Ogerpon|9/100
|
|upkeep
|turn|18
|
|t:|1779639160
|-terastallize|p1a: Ogerpon|Grass
|detailschange|p1a: Ogerpon|Ogerpon-Teal-Tera, F, tera:Grass
|-ability|p1a: Ogerpon|Embody Aspect (Teal)|boost
|-boost|p1a: Ogerpon|spe|1
|move|p1a: Ogerpon|Ivy Cudgel|p2a: Great Tusk
|-resisted|p2a: Great Tusk
|-crit|p2a: Great Tusk
|-damage|p2a: Great Tusk|0 fnt
|faint|p2a: Great Tusk
|-end|p2a: Great Tusk|Protosynthesis|[silent]
|
|upkeep
|
|t:|1779639169
|switch|p2a: Iron Thorns|Iron Thorns, shiny|100/100
|-damage|p2a: Iron Thorns|88/100|[from] Spikes
|turn|19
|
|t:|1779639175
|move|p1a: Ogerpon|Ivy Cudgel|p2a: Iron Thorns
|-supereffective|p2a: Iron Thorns
|-crit|p2a: Iron Thorns
|-damage|p2a: Iron Thorns|0 fnt
|faint|p2a: Iron Thorns
|-end|p2a: Iron Thorns|Quark Drive|[silent]
|
|win|belphegorr
|raw|belphegorr's rating: 1269 &rarr; <strong>1293</strong><br />(+24 for winning)
|raw|bigurelu's rating: 1252 &rarr; <strong>1228</strong><br />(-24 for losing)
|l|☆bigurelu
|player|p2|
|l|☆belphegorr
|player|p1|
