|j|☆claudechamp
|j|☆Negative1stClass
|t:|1779697899
|gametype|singles
|player|p1|claudechamp|169|1147
|player|p2|Negative1stClass|hilbert|1227
|gen|9
|tier|[Gen 9] OU
|rated|
|rule|HP Percentage Mod: HP is shown in percentages
|rule|Endless Battle Clause: Forcing endless battles is banned
|rule|Species Clause: Limit one of each Pokémon
|rule|OHKO Clause: OHKO moves are banned
|rule|Evasion Items Clause: Evasion items are banned
|rule|Evasion Moves Clause: Evasion moves are banned
|rule|Evasion Abilities Clause: Evasion abilities are banned
|rule|Sleep Moves Clause: Sleep-inducing moves are banned
|clearpoke
|poke|p1|Gliscor, M|
|poke|p1|Ogerpon, F|
|poke|p1|Walking Wake|
|poke|p1|Blissey, F|
|poke|p1|Corviknight, M|
|poke|p1|Pecharunt|
|poke|p2|Pelipper, F|
|poke|p2|Raging Bolt|
|poke|p2|Overqwil, F|
|poke|p2|Barraskewda, F|
|poke|p2|Iron Treads|
|poke|p2|Azelf|
|teampreview
|c|☆claudechamp|hf
|inactive|Battle timer is ON: inactive players will automatically lose when time's up. (requested by claudechamp)
|c|☆Negative1stClass|u2
|
|t:|1779697908
|teamsize|p1|6
|teamsize|p2|6
|start
|switch|p1a: Gliscor|Gliscor, M|100/100
|switch|p2a: Pelipper|Pelipper, F|100/100
|-weather|RainDance|[from] ability: Drizzle|[of] p2a: Pelipper
|turn|1
|
|t:|1779697915
|switch|p1a: Blissey|Blissey, F|100/100
|switch|p2a: Iron Treads|Iron Treads|100/100
|-enditem|p2a: Iron Treads|Booster Energy
|-activate|p2a: Iron Treads|ability: Quark Drive|[fromitem]
|-start|p2a: Iron Treads|quarkdrivespe
|
|-weather|RainDance|[upkeep]
|upkeep
|turn|2
|
|t:|1779697920
|move|p2a: Iron Treads|Stealth Rock|p1a: Blissey
|-sidestart|p1: claudechamp|move: Stealth Rock
|move|p1a: Blissey|Stealth Rock|p2a: Iron Treads
|-sidestart|p2: Negative1stClass|move: Stealth Rock
|
|-weather|RainDance|[upkeep]
|upkeep
|turn|3
|
|t:|1779697925
|switch|p1a: Walking Wake|Walking Wake|100/100
|move|p2a: Iron Treads|Rapid Spin|p1a: Walking Wake
|-damage|p1a: Walking Wake|89/100
|-boost|p2a: Iron Treads|spe|1
|-sideend|p2: Negative1stClass|Stealth Rock|[from] move: Rapid Spin|[of] p2a: Iron Treads
|
|-weather|RainDance|[upkeep]
|upkeep
|turn|4
|
|t:|1779697937
|-end|p2a: Iron Treads|Quark Drive|[silent]
|switch|p2a: Azelf|Azelf|100/100
|move|p1a: Walking Wake|Surf|p2a: Azelf
|-damage|p2a: Azelf|2/100
|
|-weather|RainDance|[upkeep]
|upkeep
|turn|5
|
|t:|1779697943
|move|p2a: Azelf|Endeavor|p1a: Walking Wake
|-damage|p1a: Walking Wake|2/100
|move|p1a: Walking Wake|Surf|p2a: Azelf
|-damage|p2a: Azelf|0 fnt
|faint|p2a: Azelf
|
|-weather|RainDance|[upkeep]
|upkeep
|
|t:|1779697950
|switch|p2a: Overqwil|Overqwil, F|100/100
|turn|6
|
|t:|1779697954
|move|p2a: Overqwil|Crunch|p1a: Walking Wake
|-damage|p1a: Walking Wake|0 fnt
|faint|p1a: Walking Wake
|-end|p1a: Walking Wake|Protosynthesis|[silent]
|-damage|p2a: Overqwil|91/100|[from] item: Life Orb
|
|-weather|RainDance|[upkeep]
|upkeep
|
|t:|1779697958
|switch|p1a: Pecharunt|Pecharunt|100/100
|turn|7
|
|t:|1779697963
|move|p2a: Overqwil|Crunch|p1a: Pecharunt
|-supereffective|p1a: Pecharunt
|-damage|p1a: Pecharunt|48/100
|-damage|p2a: Overqwil|81/100|[from] item: Life Orb
|move|p1a: Pecharunt|Parting Shot|p2a: Overqwil
|-unboost|p2a: Overqwil|atk|1
|-unboost|p2a: Overqwil|spa|1
|
|t:|1779697967
|switch|p1a: Gliscor|Gliscor, M|100/100|[from] Parting Shot
|-damage|p1a: Gliscor|88/100|[from] Stealth Rock
|
|-weather|RainDance|[upkeep]
|-status|p1a: Gliscor|tox|[from] item: Toxic Orb
|upkeep
|turn|8
|
|t:|1779697974
|switch|p2a: Barraskewda|Barraskewda, F|100/100
|move|p1a: Gliscor|Earthquake|p2a: Barraskewda
|-damage|p2a: Barraskewda|41/100
|
|-weather|none
|-heal|p1a: Gliscor|100/100 tox|[from] ability: Poison Heal
|upkeep
|turn|9
|
|t:|1779697977
|move|p2a: Barraskewda|Flip Turn|p1a: Gliscor
|-supereffective|p1a: Gliscor
|-damage|p1a: Gliscor|19/100 tox
|
|t:|1779697980
|switch|p2a: Pelipper|Pelipper, F|100/100|[from] Flip Turn
|-weather|RainDance|[from] ability: Drizzle|[of] p2a: Pelipper
|move|p1a: Gliscor|Spikes|p2a: Pelipper
|-sidestart|p2: Negative1stClass|Spikes
|
|-weather|RainDance|[upkeep]
|-heal|p1a: Gliscor|31/100 tox|[from] ability: Poison Heal
|upkeep
|turn|10
|
|t:|1779697995
|switch|p2a: Overqwil|Overqwil, F|81/100
|-damage|p2a: Overqwil|69/100|[from] Spikes
|move|p1a: Gliscor|Protect||[still]
|-fail|p1a: Gliscor
|
|-weather|RainDance|[upkeep]
|-heal|p1a: Gliscor|43/100 tox|[from] ability: Poison Heal
|upkeep
|turn|11
|
|t:|1779698000
|move|p2a: Overqwil|Liquidation|p1a: Gliscor
|-supereffective|p1a: Gliscor
|-damage|p1a: Gliscor|0 fnt
|faint|p1a: Gliscor
|-damage|p2a: Overqwil|59/100|[from] item: Life Orb
|
|-weather|RainDance|[upkeep]
|upkeep
|
|t:|1779698003
|switch|p1a: Pecharunt|Pecharunt|48/100
|turn|12
|
|t:|1779698006
|-terastallize|p1a: Pecharunt|Dark
|move|p2a: Overqwil|Crunch|p1a: Pecharunt
|-resisted|p1a: Pecharunt
|-damage|p1a: Pecharunt|36/100
|-damage|p2a: Overqwil|49/100|[from] item: Life Orb
|move|p1a: Pecharunt|Recover|p1a: Pecharunt
|-heal|p1a: Pecharunt|86/100
|
|-weather|RainDance|[upkeep]
|upkeep
|turn|13
|
|t:|1779698010
|move|p2a: Overqwil|Swords Dance|p2a: Overqwil
|-boost|p2a: Overqwil|atk|2
|move|p1a: Pecharunt|Foul Play|p2a: Overqwil
|-resisted|p2a: Overqwil
|-damage|p2a: Overqwil|0 fnt
|faint|p2a: Overqwil
|
|-weather|RainDance|[upkeep]
|upkeep
|
|t:|1779698020
|switch|p2a: Barraskewda|Barraskewda, F|41/100
|-damage|p2a: Barraskewda|29/100|[from] Spikes
|turn|14
|
|t:|1779698028
|move|p2a: Barraskewda|Close Combat|p1a: Pecharunt
|-supereffective|p1a: Pecharunt
|-damage|p1a: Pecharunt|27/100
|-unboost|p2a: Barraskewda|def|1
|-unboost|p2a: Barraskewda|spd|1
|move|p1a: Pecharunt|Recover|p1a: Pecharunt
|-heal|p1a: Pecharunt|77/100
|
|-weather|RainDance|[upkeep]
|upkeep
|turn|15
|
|t:|1779698033
|move|p2a: Barraskewda|Close Combat|p1a: Pecharunt
|-supereffective|p1a: Pecharunt
|-damage|p1a: Pecharunt|10/100
|-unboost|p2a: Barraskewda|def|1
|-unboost|p2a: Barraskewda|spd|1
|move|p1a: Pecharunt|Foul Play|p2a: Barraskewda
|-damage|p2a: Barraskewda|0 fnt
|faint|p2a: Barraskewda
|
|-weather|RainDance|[upkeep]
|upkeep
|
|t:|1779698042
|switch|p2a: Iron Treads|Iron Treads|100/100
|-damage|p2a: Iron Treads|88/100|[from] Spikes
|turn|16
|
|t:|1779698053
|move|p2a: Iron Treads|Steel Beam|p1a: Pecharunt
|-damage|p1a: Pecharunt|0 fnt
|-damage|p2a: Iron Treads|38/100|[from] steelbeam
|faint|p1a: Pecharunt
|
|-weather|none
|upkeep
|
|t:|1779698056
|switch|p1a: Ogerpon|Ogerpon, F|100/100
|turn|17
|
|t:|1779698060
|move|p1a: Ogerpon|Ivy Cudgel|p2a: Iron Treads
|-damage|p2a: Iron Treads|0 fnt
|faint|p2a: Iron Treads
|-end|p2a: Iron Treads|Quark Drive|[silent]
|
|upkeep
|
|t:|1779698064
|switch|p2a: Pelipper|Pelipper, F|100/100
|-weather|RainDance|[from] ability: Drizzle|[of] p2a: Pelipper
|turn|18
|
|t:|1779698068
|move|p1a: Ogerpon|U-turn|p2a: Pelipper
|-resisted|p2a: Pelipper
|-damage|p2a: Pelipper|92/100
|
|t:|1779698072
|switch|p1a: Blissey|Blissey, F|100/100|[from] U-turn
|move|p2a: Pelipper|Hurricane|p1a: Blissey
|-damage|p1a: Blissey|89/100
|
|-weather|RainDance|[upkeep]
|upkeep
|turn|19
|
|t:|1779698079
|move|p1a: Blissey|Seismic Toss|p2a: Pelipper
|-damage|p2a: Pelipper|61/100
|move|p2a: Pelipper|U-turn|p1a: Blissey
|-damage|p1a: Blissey|78/100
|
|t:|1779698084
|switch|p2a: Raging Bolt|Raging Bolt|100/100|[from] U-turn
|-damage|p2a: Raging Bolt|88/100|[from] Spikes
|-enditem|p2a: Raging Bolt|Booster Energy
|-activate|p2a: Raging Bolt|ability: Protosynthesis|[fromitem]
|-start|p2a: Raging Bolt|protosynthesisspa
|
|-weather|RainDance|[upkeep]
|upkeep
|turn|20
|
|t:|1779698091
|move|p2a: Raging Bolt|Thunder|p1a: Blissey
|-damage|p1a: Blissey|53/100
|move|p1a: Blissey|Calm Mind|p1a: Blissey
|-boost|p1a: Blissey|spa|1
|-boost|p1a: Blissey|spd|1
|
|-weather|RainDance|[upkeep]
|upkeep
|turn|21
|
|t:|1779698095
|move|p2a: Raging Bolt|Thunder|p1a: Blissey
|-damage|p1a: Blissey|36/100
|-status|p1a: Blissey|par
|move|p1a: Blissey|Soft-Boiled|p1a: Blissey
|-heal|p1a: Blissey|86/100 par
|
|-weather|RainDance|[upkeep]
|upkeep
|turn|22
|
|t:|1779698099
|move|p2a: Raging Bolt|Thunder|p1a: Blissey
|-damage|p1a: Blissey|67/100 par
|move|p1a: Blissey|Calm Mind|p1a: Blissey
|-boost|p1a: Blissey|spa|1
|-boost|p1a: Blissey|spd|1
|
|-weather|RainDance|[upkeep]
|upkeep
|turn|23
|
|t:|1779698104
|move|p2a: Raging Bolt|Thunder|p1a: Blissey
|-damage|p1a: Blissey|54/100 par
|cant|p1a: Blissey|par
|
|-weather|RainDance|[upkeep]
|upkeep
|turn|24
|
|t:|1779698113
|move|p2a: Raging Bolt|Thunder|p1a: Blissey
|-damage|p1a: Blissey|39/100 par
|move|p1a: Blissey|Soft-Boiled|p1a: Blissey
|-heal|p1a: Blissey|89/100 par
|
|-weather|RainDance|[upkeep]
|upkeep
|turn|25
|
|t:|1779698121
|move|p2a: Raging Bolt|Thunder|p1a: Blissey
|-damage|p1a: Blissey|75/100 par
|move|p1a: Blissey|Seismic Toss|p2a: Raging Bolt
|-damage|p2a: Raging Bolt|64/100
|
|-weather|none
|upkeep
|turn|26
|
|t:|1779698126
|move|p2a: Raging Bolt|Thunder|p1a: Blissey
|-damage|p1a: Blissey|62/100 par
|cant|p1a: Blissey|par
|
|upkeep
|turn|27
|
|t:|1779698132
|move|p2a: Raging Bolt|Draco Meteor|p1a: Blissey
|-damage|p1a: Blissey|46/100 par
|-unboost|p2a: Raging Bolt|spa|2
|cant|p1a: Blissey|par
|
|upkeep
|turn|28
|
|t:|1779698137
|-end|p2a: Raging Bolt|Protosynthesis|[silent]
|switch|p2a: Pelipper|Pelipper, F|61/100
|-weather|RainDance|[from] ability: Drizzle|[of] p2a: Pelipper
|move|p1a: Blissey|Seismic Toss|p2a: Pelipper
|-damage|p2a: Pelipper|31/100
|
|-weather|RainDance|[upkeep]
|upkeep
|turn|29
|
|t:|1779698142
|move|p2a: Pelipper|Hurricane|p1a: Blissey
|-crit|p1a: Blissey
|-damage|p1a: Blissey|31/100 par
|move|p1a: Blissey|Seismic Toss|p2a: Pelipper
|-damage|p2a: Pelipper|0 fnt
|faint|p2a: Pelipper
|
|-weather|RainDance|[upkeep]
|upkeep
|
|t:|1779698146
|switch|p2a: Raging Bolt|Raging Bolt|64/100
|-damage|p2a: Raging Bolt|52/100|[from] Spikes
|turn|30
|
|t:|1779698153
|move|p2a: Raging Bolt|Thunder|p1a: Blissey
|-damage|p1a: Blissey|21/100 par
|move|p1a: Blissey|Soft-Boiled|p1a: Blissey
|-heal|p1a: Blissey|71/100 par
|
|-weather|RainDance|[upkeep]
|upkeep
|turn|31
|
|t:|1779698158
|move|p2a: Raging Bolt|Thunder|p1a: Blissey
|-damage|p1a: Blissey|61/100 par
|move|p1a: Blissey|Seismic Toss|p2a: Raging Bolt
|-damage|p2a: Raging Bolt|28/100
|
|-weather|RainDance|[upkeep]
|upkeep
|turn|32
|-message|Negative1stClass forfeited.
|
|win|claudechamp
|raw|claudechamp's rating: 1147 &rarr; <strong>1178</strong><br />(+31 for winning)
|raw|Negative1stClass's rating: 1227 &rarr; <strong>1196</strong><br />(-31 for losing)
|l|☆Negative1stClass
|player|p2|
|c|☆claudechamp|gg
