|j|☆vladick3333
|j|☆TurtleKDM
|t:|1779718350
|gametype|singles
|player|p1|vladick3333|unknown|1303
|player|p2|TurtleKDM|101|1375
|gen|9
|tier|[Gen 9] OU
|rated|
|rule|HP Percentage Mod: HP is shown in percentages
|rule|Endless Battle Clause: Forcing endless battles is banned
|rule|Species Clause: Limit one of each Pokémon
|rule|OHKO Clause: OHKO moves are banned
|rule|Evasion Items Clause: Evasion items are banned
|rule|Evasion Moves Clause: Evasion moves are banned
|rule|Evasion Abilities Clause: Evasion abilities are banned
|rule|Sleep Moves Clause: Sleep-inducing moves are banned
|clearpoke
|poke|p1|Hawlucha, F|
|poke|p1|Samurott-Hisui, F|
|poke|p1|Rillaboom, F|
|poke|p1|Gholdengo|
|poke|p1|Kyurem|
|poke|p1|Landorus-Therian, M|
|poke|p2|Weezing-Galar, M|
|poke|p2|Glimmora, F|
|poke|p2|Tornadus-Therian, M|
|poke|p2|Latios, M|
|poke|p2|Tauros-Paldea-Aqua, M|
|poke|p2|Alomomola, M|
|teampreview
|inactive|Battle timer is ON: inactive players will automatically lose when time's up. (requested by vladick3333)
|inactive|TurtleKDM also wants the timer to be on.
|
|t:|1779718367
|teamsize|p1|6
|teamsize|p2|6
|start
|switch|p1a: Samurott|Samurott-Hisui, F|100/100
|switch|p2a: No Bull|Tauros-Paldea-Aqua, M|100/100
|-ability|p2a: No Bull|Intimidate|boost
|-unboost|p1a: Samurott|atk|1
|turn|1
|
|t:|1779718384
|move|p2a: No Bull|Close Combat|p1a: Samurott
|-supereffective|p1a: Samurott
|-damage|p1a: Samurott|0 fnt
|-unboost|p2a: No Bull|def|1
|-unboost|p2a: No Bull|spd|1
|faint|p1a: Samurott
|
|upkeep
|
|t:|1779718398
|switch|p1a: Kyurem|Kyurem|100/100
|-ability|p1a: Kyurem|Pressure
|turn|2
|
|t:|1779718402
|move|p2a: No Bull|Close Combat|p1a: Kyurem
|-supereffective|p1a: Kyurem
|-damage|p1a: Kyurem|0 fnt
|-unboost|p2a: No Bull|def|1
|-unboost|p2a: No Bull|spd|1
|faint|p1a: Kyurem
|
|upkeep
|
|t:|1779718405
|switch|p1a: Rillaboom|Rillaboom, F|100/100
|-fieldstart|move: Grassy Terrain|[from] ability: Grassy Surge|[of] p1a: Rillaboom
|turn|3
|
|t:|1779718412
|switch|p2a: Geezing|Weezing-Galar, M|100/100
|-ability|p2a: Geezing|Neutralizing Gas
|move|p1a: Rillaboom|Grassy Glide|p2a: Geezing
|-resisted|p2a: Geezing
|-damage|p2a: Geezing|88/100
|
|-heal|p2a: Geezing|94/100|[from] Grassy Terrain
|-heal|p2a: Geezing|99/100|[from] item: Leftovers
|upkeep
|turn|4
|
|t:|1779718420
|move|p1a: Rillaboom|Knock Off|p2a: Geezing
|-resisted|p2a: Geezing
|-damage|p2a: Geezing|89/100
|-enditem|p2a: Geezing|Leftovers|[from] move: Knock Off|[of] p1a: Rillaboom
|move|p2a: Geezing|Will-O-Wisp|p1a: Rillaboom
|-status|p1a: Rillaboom|brn
|-enditem|p1a: Rillaboom|Lum Berry|[eat]
|-curestatus|p1a: Rillaboom|brn|[msg]
|
|-heal|p2a: Geezing|95/100|[from] Grassy Terrain
|upkeep
|turn|5
|
|t:|1779718430
|switch|p1a: Gholdengo|Gholdengo|100/100
|move|p2a: Geezing|Will-O-Wisp|p1a: Gholdengo
|-status|p1a: Gholdengo|brn
|
|-heal|p2a: Geezing|100/100|[from] Grassy Terrain
|-damage|p1a: Gholdengo|94/100 brn|[from] brn
|upkeep
|turn|6
|
|t:|1779718436
|-end|p2a: Geezing|ability: Neutralizing Gas
|switch|p2a: MoLove|Alomomola, M|100/100
|move|p1a: Gholdengo|Trick|p2a: MoLove
|-activate|p1a: Gholdengo|move: Trick|[of] p2a: MoLove
|-item|p2a: MoLove|Choice Scarf|[from] move: Trick
|-item|p1a: Gholdengo|Leftovers|[from] move: Trick
|
|-heal|p1a: Gholdengo|100/100 brn|[from] Grassy Terrain
|-damage|p1a: Gholdengo|94/100 brn|[from] brn
|upkeep
|turn|7
|
|t:|1779718452
|move|p1a: Gholdengo|Shadow Ball|p2a: MoLove
|-damage|p2a: MoLove|69/100
|move|p2a: MoLove|Flip Turn|p1a: Gholdengo
|-damage|p1a: Gholdengo|77/100 brn
|inactive|TurtleKDM has 120 seconds left.
|
|t:|1779718494
|switch|p2a: No Bull|Tauros-Paldea-Aqua, M|100/100|[from] Flip Turn
|-ability|p2a: No Bull|Intimidate|boost
|-unboost|p1a: Gholdengo|atk|1
|
|-heal|p1a: Gholdengo|83/100 brn|[from] Grassy Terrain
|-heal|p1a: Gholdengo|89/100 brn|[from] item: Leftovers
|-damage|p1a: Gholdengo|83/100 brn|[from] brn
|-fieldend|move: Grassy Terrain
|upkeep
|turn|8
|
|t:|1779718503
|switch|p1a: Rillaboom|Rillaboom, F|100/100
|-fieldstart|move: Grassy Terrain|[from] ability: Grassy Surge|[of] p1a: Rillaboom
|move|p2a: No Bull|Wave Crash|p1a: Rillaboom
|-resisted|p1a: Rillaboom
|-damage|p1a: Rillaboom|60/100
|-damage|p2a: No Bull|83/100|[from] Recoil
|
|-heal|p2a: No Bull|90/100|[from] Grassy Terrain
|-heal|p1a: Rillaboom|66/100|[from] Grassy Terrain
|upkeep
|turn|9
|
|t:|1779718522
|switch|p2a: Geezing|Weezing-Galar, M|100/100
|-ability|p2a: Geezing|Neutralizing Gas
|move|p1a: Rillaboom|Wood Hammer|p2a: Geezing
|-resisted|p2a: Geezing
|-damage|p2a: Geezing|73/100
|-damage|p1a: Rillaboom|58/100|[from] Recoil
|
|-heal|p1a: Rillaboom|64/100|[from] Grassy Terrain
|-heal|p2a: Geezing|79/100|[from] Grassy Terrain
|upkeep
|turn|10
|
|t:|1779718535
|switch|p1a: Gholdengo|Gholdengo|83/100 brn
|move|p2a: Geezing|Sludge Bomb|p1a: Gholdengo
|-immune|p1a: Gholdengo
|
|-heal|p1a: Gholdengo|89/100 brn|[from] Grassy Terrain
|-heal|p1a: Gholdengo|95/100 brn|[from] item: Leftovers
|-heal|p2a: Geezing|85/100|[from] Grassy Terrain
|-damage|p1a: Gholdengo|89/100 brn|[from] brn
|upkeep
|turn|11
|
|t:|1779718539
|-end|p2a: Geezing|ability: Neutralizing Gas
|switch|p2a: MoLove|Alomomola, M|100/100
|move|p1a: Gholdengo|Shadow Ball|p2a: MoLove
|-damage|p2a: MoLove|67/100
|
|-heal|p1a: Gholdengo|95/100 brn|[from] Grassy Terrain
|-heal|p1a: Gholdengo|100/100 brn|[from] item: Leftovers
|-heal|p2a: MoLove|74/100|[from] Grassy Terrain
|-damage|p1a: Gholdengo|94/100 brn|[from] brn
|upkeep
|turn|12
|inactive|TurtleKDM has 120 seconds left.
|
|t:|1779718545
|move|p1a: Gholdengo|Shadow Ball|p2a: MoLove
|-crit|p2a: MoLove
|-damage|p2a: MoLove|27/100
|move|p2a: MoLove|Flip Turn|p1a: Gholdengo
|-damage|p1a: Gholdengo|74/100 brn
|inactive|TurtleKDM has 120 seconds left.
|
|t:|1779718550
|switch|p2a: No Bull|Tauros-Paldea-Aqua, M|90/100|[from] Flip Turn
|-ability|p2a: No Bull|Intimidate|boost
|-unboost|p1a: Gholdengo|atk|1
|
|-heal|p2a: No Bull|96/100|[from] Grassy Terrain
|-heal|p1a: Gholdengo|80/100 brn|[from] Grassy Terrain
|-heal|p1a: Gholdengo|86/100 brn|[from] item: Leftovers
|-damage|p1a: Gholdengo|80/100 brn|[from] brn
|-fieldend|move: Grassy Terrain
|upkeep
|turn|13
|
|t:|1779718560
|switch|p1a: Rillaboom|Rillaboom, F|64/100
|-fieldstart|move: Grassy Terrain|[from] ability: Grassy Surge|[of] p1a: Rillaboom
|move|p2a: No Bull|Close Combat|p1a: Rillaboom
|-damage|p1a: Rillaboom|0 fnt
|-unboost|p2a: No Bull|def|1
|-unboost|p2a: No Bull|spd|1
|faint|p1a: Rillaboom
|
|-heal|p2a: No Bull|100/100|[from] Grassy Terrain
|upkeep
|
|t:|1779718568
|switch|p1a: Hawlucha|Hawlucha, F|100/100
|-enditem|p1a: Hawlucha|Grassy Seed
|-boost|p1a: Hawlucha|def|1|[from] item: Grassy Seed
|turn|14
|
|t:|1779718578
|switch|p2a: Geezing|Weezing-Galar, M|85/100
|-ability|p2a: Geezing|Neutralizing Gas
|move|p1a: Hawlucha|Acrobatics|p2a: Geezing
|-damage|p2a: Geezing|53/100
|
|-heal|p2a: Geezing|59/100|[from] Grassy Terrain
|upkeep
|turn|15
|
|t:|1779718587
|switch|p1a: Gholdengo|Gholdengo|80/100 brn
|move|p2a: Geezing|Pain Split|p1a: Gholdengo
|-sethp|p1a: Gholdengo|71/100 brn|[from] move: Pain Split|[silent]
|-sethp|p2a: Geezing|67/100|[from] move: Pain Split
|
|-heal|p1a: Gholdengo|77/100 brn|[from] Grassy Terrain
|-heal|p1a: Gholdengo|83/100 brn|[from] item: Leftovers
|-heal|p2a: Geezing|73/100|[from] Grassy Terrain
|-damage|p1a: Gholdengo|77/100 brn|[from] brn
|upkeep
|turn|16
|
|t:|1779718597
|-end|p2a: Geezing|ability: Neutralizing Gas
|switch|p2a: MoLove|Alomomola, M|61/100
|move|p1a: Gholdengo|Make It Rain|p2a: MoLove
|-resisted|p2a: MoLove
|-damage|p2a: MoLove|37/100
|-unboost|p1a: Gholdengo|spa|1
|
|-heal|p1a: Gholdengo|83/100 brn|[from] Grassy Terrain
|-heal|p1a: Gholdengo|89/100 brn|[from] item: Leftovers
|-heal|p2a: MoLove|43/100|[from] Grassy Terrain
|-damage|p1a: Gholdengo|83/100 brn|[from] brn
|upkeep
|turn|17
|
|t:|1779718604
|move|p1a: Gholdengo|Make It Rain|p2a: MoLove
|-resisted|p2a: MoLove
|-damage|p2a: MoLove|27/100
|-unboost|p1a: Gholdengo|spa|1
|move|p2a: MoLove|Flip Turn|p1a: Gholdengo
|-damage|p1a: Gholdengo|66/100 brn
|
|t:|1779718610
|switch|p2a: No Bull|Tauros-Paldea-Aqua, M|100/100|[from] Flip Turn
|-ability|p2a: No Bull|Intimidate|boost
|-unboost|p1a: Gholdengo|atk|1
|
|-heal|p1a: Gholdengo|72/100 brn|[from] Grassy Terrain
|-heal|p1a: Gholdengo|78/100 brn|[from] item: Leftovers
|-damage|p1a: Gholdengo|72/100 brn|[from] brn
|-fieldend|move: Grassy Terrain
|upkeep
|turn|18
|-message|vladick3333 forfeited.
|
|win|TurtleKDM
|raw|vladick3333's rating: 1303 &rarr; <strong>1287</strong><br />(-16 for losing)
|raw|TurtleKDM's rating: 1375 &rarr; <strong>1391</strong><br />(+16 for winning)
|l|☆vladick3333
|player|p1|
|l|☆TurtleKDM
|player|p2|
