|j|☆Dainn24
|j|☆KevinSPG5
|t:|1779563105
|gametype|singles
|player|p1|Dainn24|1|1179
|player|p2|KevinSPG5|gambler|1181
|gen|9
|tier|[Gen 9] OU
|rated|
|rule|HP Percentage Mod: HP is shown in percentages
|rule|Endless Battle Clause: Forcing endless battles is banned
|rule|Species Clause: Limit one of each Pokémon
|rule|OHKO Clause: OHKO moves are banned
|rule|Evasion Items Clause: Evasion items are banned
|rule|Evasion Moves Clause: Evasion moves are banned
|rule|Evasion Abilities Clause: Evasion abilities are banned
|rule|Sleep Moves Clause: Sleep-inducing moves are banned
|clearpoke
|poke|p1|Samurott-Hisui, M|
|poke|p1|Slowking-Galar, M|
|poke|p1|Hydreigon, M|
|poke|p1|Great Tusk|
|poke|p1|Iron Valiant|
|poke|p1|Gholdengo|
|poke|p2|Kricketune, M|
|poke|p2|Polteageist|
|poke|p2|Gholdengo|
|poke|p2|Kingambit, M|
|poke|p2|Great Tusk|
|poke|p2|Iron Valiant|
|teampreview
|inactive|Battle timer is ON: inactive players will automatically lose when time's up. (requested by KevinSPG5)
|
|t:|1779563110
|teamsize|p1|6
|teamsize|p2|6
|start
|switch|p1a: Samurott|Samurott-Hisui, M|100/100
|switch|p2a: Kricketune|Kricketune, M|100/100
|turn|1
|
|t:|1779563121
|move|p1a: Samurott|Ceaseless Edge|p2a: Kricketune
|-damage|p2a: Kricketune|16/100
|-sidestart|p2: KevinSPG5|Spikes
|move|p2a: Kricketune|Sticky Web|p1a: Samurott
|-sidestart|p1: Dainn24|move: Sticky Web
|
|upkeep
|turn|2
|
|t:|1779563129
|move|p1a: Samurott|Ceaseless Edge|p2a: Kricketune
|-damage|p2a: Kricketune|0 fnt
|-sidestart|p2: KevinSPG5|Spikes
|faint|p2a: Kricketune
|
|upkeep
|
|t:|1779563133
|switch|p2a: Polteageist|Polteageist|100/100
|-damage|p2a: Polteageist|84/100|[from] Spikes
|turn|3
|
|t:|1779563139
|move|p1a: Samurott|Ceaseless Edge|p2a: Polteageist
|-supereffective|p2a: Polteageist
|-damage|p2a: Polteageist|0 fnt
|-sidestart|p2: KevinSPG5|Spikes
|faint|p2a: Polteageist
|
|upkeep
|
|t:|1779563141
|switch|p2a: Great Tusk|Great Tusk|100/100
|turn|4
|
|t:|1779563148
|move|p2a: Great Tusk|Rapid Spin|p1a: Samurott
|-damage|p1a: Samurott|82/100
|-boost|p2a: Great Tusk|spe|1
|-sideend|p2: KevinSPG5|Spikes|[from] move: Rapid Spin|[of] p2a: Great Tusk
|move|p1a: Samurott|Razor Shell|p2a: Great Tusk
|-supereffective|p2a: Great Tusk
|-damage|p2a: Great Tusk|14/100
|-unboost|p2a: Great Tusk|def|1
|
|upkeep
|turn|5
|
|t:|1779563157
|move|p1a: Samurott|Aqua Jet|p2a: Great Tusk
|-supereffective|p2a: Great Tusk
|-damage|p2a: Great Tusk|0 fnt
|faint|p2a: Great Tusk
|-end|p2a: Great Tusk|Protosynthesis|[silent]
|
|upkeep
|
|t:|1779563164
|switch|p2a: Iron Valiant|Iron Valiant|100/100
|-enditem|p2a: Iron Valiant|Booster Energy
|-activate|p2a: Iron Valiant|ability: Quark Drive|[fromitem]
|-start|p2a: Iron Valiant|quarkdrivespe
|turn|6
|
|t:|1779563174
|switch|p1a: Slowking|Slowking-Galar, M|100/100
|-activate|p1a: Slowking|move: Sticky Web
|-unboost|p1a: Slowking|spe|1
|move|p2a: Iron Valiant|Calm Mind|p2a: Iron Valiant
|-boost|p2a: Iron Valiant|spa|1
|-boost|p2a: Iron Valiant|spd|1
|
|upkeep
|turn|7
|
|t:|1779563184
|move|p2a: Iron Valiant|Thunderbolt|p1a: Slowking
|-damage|p1a: Slowking|71/100
|move|p1a: Slowking|Thunder Wave|p2a: Iron Valiant
|-status|p2a: Iron Valiant|par
|
|upkeep
|turn|8
|
|t:|1779563192
|move|p2a: Iron Valiant|Encore|p1a: Slowking
|-start|p1a: Slowking|Encore
|move|p1a: Slowking|Thunder Wave|p2a: Iron Valiant
|-fail|p2a: Iron Valiant|par
|
|upkeep
|turn|9
|
|t:|1779563219
|switch|p1a: Gholdengo|Gholdengo|100/100
|-item|p1a: Gholdengo|Air Balloon
|cant|p2a: Iron Valiant|par
|
|upkeep
|turn|10
|
|t:|1779563228
|move|p1a: Gholdengo|Make It Rain|p2a: Iron Valiant
|-supereffective|p2a: Iron Valiant
|-damage|p2a: Iron Valiant|0 fnt
|-unboost|p1a: Gholdengo|spa|1
|faint|p2a: Iron Valiant
|-end|p2a: Iron Valiant|Quark Drive|[silent]
|
|upkeep
|
|t:|1779563232
|switch|p2a: Gholdengo|Gholdengo|100/100
|-item|p2a: Gholdengo|Air Balloon
|turn|11
|
|t:|1779563238
|switch|p1a: Hydreigon|Hydreigon, M|100/100
|-terastallize|p2a: Gholdengo|Fighting
|move|p2a: Gholdengo|Shadow Ball|p1a: Hydreigon
|-resisted|p1a: Hydreigon
|-damage|p1a: Hydreigon|77/100
|
|upkeep
|turn|12
|
|t:|1779563253
|move|p1a: Hydreigon|Dragon Pulse|p2a: Gholdengo
|-damage|p2a: Gholdengo|50/100
|-enditem|p2a: Gholdengo|Air Balloon
|move|p2a: Gholdengo|Nasty Plot|p2a: Gholdengo
|-boost|p2a: Gholdengo|spa|2
|
|upkeep
|turn|13
|
|t:|1779563261
|move|p1a: Hydreigon|Dragon Pulse|p2a: Gholdengo
|-damage|p2a: Gholdengo|0 fnt
|faint|p2a: Gholdengo
|
|upkeep
|
|t:|1779563263
|switch|p2a: Kingambit|Kingambit, M|100/100
|-activate|p2a: Kingambit|ability: Supreme Overlord
|-start|p2a: Kingambit|fallen5|[silent]
|turn|14
|
|t:|1779563271
|switch|p1a: Slowking|Slowking-Galar, M|100/100
|-activate|p1a: Slowking|move: Sticky Web
|-unboost|p1a: Slowking|spe|1
|move|p2a: Kingambit|Swords Dance|p2a: Kingambit
|-boost|p2a: Kingambit|atk|2
|
|upkeep
|turn|15
|
|t:|1779563279
|move|p2a: Kingambit|Kowtow Cleave|p1a: Slowking
|-supereffective|p1a: Slowking
|-enditem|p1a: Slowking|Colbur Berry|[eat]
|-enditem|p1a: Slowking|Colbur Berry|[weaken]
|-damage|p1a: Slowking|0 fnt
|faint|p1a: Slowking
|
|upkeep
|
|t:|1779563286
|switch|p1a: Hydreigon|Hydreigon, M|77/100
|turn|16
|
|t:|1779563290
|move|p1a: Hydreigon|Flamethrower|p2a: Kingambit
|-supereffective|p2a: Kingambit
|-damage|p2a: Kingambit|27/100
|move|p2a: Kingambit|Iron Head|p1a: Hydreigon
|-damage|p1a: Hydreigon|0 fnt
|faint|p1a: Hydreigon
|
|upkeep
|
|t:|1779563298
|switch|p1a: Great Tusk|Great Tusk|100/100
|-activate|p1a: Great Tusk|move: Sticky Web
|-unboost|p1a: Great Tusk|spe|1
|turn|17
|
|t:|1779563308
|move|p2a: Kingambit|Iron Head|p1a: Great Tusk
|-damage|p1a: Great Tusk|28/100
|cant|p1a: Great Tusk|flinch
|
|-heal|p1a: Great Tusk|34/100|[from] item: Leftovers
|upkeep
|turn|18
|
|t:|1779563317
|move|p2a: Kingambit|Iron Head|p1a: Great Tusk
|-damage|p1a: Great Tusk|0 fnt
|faint|p1a: Great Tusk
|-end|p1a: Great Tusk|Protosynthesis|[silent]
|
|upkeep
|
|t:|1779563323
|switch|p1a: Iron Valiant|Iron Valiant|100/100
|-activate|p1a: Iron Valiant|move: Sticky Web
|-unboost|p1a: Iron Valiant|spe|1
|-enditem|p1a: Iron Valiant|Booster Energy
|-activate|p1a: Iron Valiant|ability: Quark Drive|[fromitem]
|-start|p1a: Iron Valiant|quarkdriveatk
|turn|19
|
|t:|1779563332
|move|p1a: Iron Valiant|Close Combat|p2a: Kingambit
|-supereffective|p2a: Kingambit
|-damage|p2a: Kingambit|0 fnt
|-unboost|p1a: Iron Valiant|def|1
|-unboost|p1a: Iron Valiant|spd|1
|faint|p2a: Kingambit
|-end|p2a: Kingambit|fallen5|[silent]
|
|win|Dainn24
|raw|Dainn24's rating: 1179 &rarr; <strong>1204</strong><br />(+25 for winning)
|raw|KevinSPG5's rating: 1181 &rarr; <strong>1156</strong><br />(-25 for losing)
|l|☆KevinSPG5
|player|p2|
|l|☆Dainn24
|player|p1|
