|j|☆chiapanco
|j|☆spindle pit
|t:|1779639158
|gametype|singles
|player|p1|chiapanco|265|1357
|player|p2|spindle pit|ethan|1320
|gen|9
|tier|[Gen 9] OU
|rated|
|rule|HP Percentage Mod: HP is shown in percentages
|rule|Endless Battle Clause: Forcing endless battles is banned
|rule|Species Clause: Limit one of each Pokémon
|rule|OHKO Clause: OHKO moves are banned
|rule|Evasion Items Clause: Evasion items are banned
|rule|Evasion Moves Clause: Evasion moves are banned
|rule|Evasion Abilities Clause: Evasion abilities are banned
|rule|Sleep Moves Clause: Sleep-inducing moves are banned
|clearpoke
|poke|p1|Slowking-Galar, M|
|poke|p1|Dragapult, F|
|poke|p1|Garganacl, F|
|poke|p1|Gholdengo|
|poke|p1|Dragonite, M|
|poke|p1|Glimmora, F|
|poke|p2|Pincurchin, F|
|poke|p2|Raging Bolt|
|poke|p2|Latios, M|
|poke|p2|Corviknight, M|
|poke|p2|Iron Crown|
|poke|p2|Lilligant-Hisui, F|
|teampreview
|inactive|Battle timer is ON: inactive players will automatically lose when time's up. (requested by spindle pit)
|
|t:|1779639171
|teamsize|p1|6
|teamsize|p2|6
|start
|switch|p1a: Glimmora|Glimmora, F|100/100
|switch|p2a: Pliny|Pincurchin, F|100/100
|-fieldstart|move: Electric Terrain|[from] ability: Electric Surge|[of] p2a: Pliny
|turn|1
|
|t:|1779639178
|switch|p2a: Cron|Iron Crown|100/100
|-item|p2a: Cron|Air Balloon
|-activate|p2a: Cron|ability: Quark Drive
|-start|p2a: Cron|quarkdrivespe
|move|p1a: Glimmora|Spikes|p2a: Cron
|-sidestart|p2: spindle pit|Spikes
|
|upkeep
|turn|2
|
|t:|1779639183
|move|p2a: Cron|Tachyon Cutter|p1a: Glimmora
|-supereffective|p1a: Glimmora
|-damage|p1a: Glimmora|34/100
|-supereffective|p1a: Glimmora
|-damage|p1a: Glimmora|0 fnt
|faint|p1a: Glimmora
|-hitcount|p1: Glimmora|2
|
|upkeep
|
|t:|1779639191
|switch|p1a: Dragonite|Dragonite, M|100/100
|turn|3
|
|t:|1779639200
|move|p2a: Cron|Calm Mind|p2a: Cron
|-boost|p2a: Cron|spa|1
|-boost|p2a: Cron|spd|1
|move|p1a: Dragonite|Fire Punch|p2a: Cron
|-supereffective|p2a: Cron
|-damage|p2a: Cron|47/100
|-enditem|p2a: Cron|Air Balloon
|
|upkeep
|turn|4
|
|t:|1779639203
|move|p2a: Cron|Tachyon Cutter|p1a: Dragonite
|-damage|p1a: Dragonite|83/100
|-damage|p1a: Dragonite|43/100
|-hitcount|p1a: Dragonite|2
|move|p1a: Dragonite|Fire Punch|p2a: Cron
|-supereffective|p2a: Cron
|-damage|p2a: Cron|0 fnt
|faint|p2a: Cron
|-end|p2a: Cron|Quark Drive|[silent]
|
|upkeep
|
|t:|1779639210
|switch|p2a: Latte|Latios, M|100/100
|turn|5
|
|t:|1779639213
|move|p2a: Latte|Ice Beam|p1a: Dragonite
|-supereffective|p1a: Dragonite
|-damage|p1a: Dragonite|0 fnt
|faint|p1a: Dragonite
|
|upkeep
|
|t:|1779639220
|switch|p1a: Dragapult|Dragapult, F|100/100
|turn|6
|
|t:|1779639222
|move|p2a: Latte|Ice Beam|p1a: Dragapult
|-supereffective|p1a: Dragapult
|-damage|p1a: Dragapult|5/100
|move|p1a: Dragapult|U-turn|p2a: Latte
|-supereffective|p2a: Latte
|-damage|p2a: Latte|58/100
|
|t:|1779639228
|switch|p1a: Garganacl|Garganacl, F|100/100|[from] U-turn
|
|upkeep
|turn|7
|
|t:|1779639234
|switch|p2a: Lilly|Lilligant-Hisui, F|100/100
|-damage|p2a: Lilly|88/100|[from] Spikes
|move|p1a: Garganacl|Salt Cure|p2a: Lilly
|-resisted|p2a: Lilly
|-damage|p2a: Lilly|77/100
|-start|p2a: Lilly|Salt Cure
|
|-damage|p2a: Lilly|65/100|[from] Salt Cure
|upkeep
|turn|8
|
|t:|1779639238
|switch|p1a: Slowking|Slowking-Galar, M, shiny|100/100
|move|p2a: Lilly|Defog|p1a: Slowking
|-unboost|p1a: Slowking|evasion|1
|-sideend|p2: spindle pit|Spikes|[from] move: Defog|[of] p2a: Lilly
|-fieldend|move: Electric Terrain
|
|-damage|p2a: Lilly|52/100|[from] Salt Cure
|upkeep
|turn|9
|
|t:|1779639249
|move|p2a: Lilly|Healing Wish|p2a: Lilly
|faint|p2a: Lilly
|move|p1a: Slowking|Psyshock|p2: Lilly|[notarget]
|-fail|p1a: Slowking
|
|upkeep
|
|t:|1779639251
|switch|p2a: Latte|Latios, M|58/100
|-heal|p2a: Latte|100/100|[from] move: Healing Wish
|turn|10
|
|t:|1779639258
|switch|p2a: Pliny|Pincurchin, F|100/100
|-fieldstart|move: Electric Terrain|[from] ability: Electric Surge|[of] p2a: Pliny
|-prepare|p1a: Slowking|Chilly Reception|[premajor]
|move|p1a: Slowking|Chilly Reception|p1a: Slowking
|-weather|Snowscape
|
|t:|1779639261
|switch|p1a: Dragapult|Dragapult, F|5/100|[from] Chilly Reception
|
|-weather|Snowscape|[upkeep]
|upkeep
|turn|11
|
|t:|1779639266
|move|p2a: Pliny|Sucker Punch|p1a: Dragapult
|-supereffective|p1a: Dragapult
|-damage|p1a: Dragapult|0 fnt
|faint|p1a: Dragapult
|
|-weather|Snowscape|[upkeep]
|upkeep
|
|t:|1779639271
|switch|p1a: Garganacl|Garganacl, F|100/100
|turn|12
|
|t:|1779639274
|switch|p2a: Thundrink|Raging Bolt|100/100
|move|p1a: Garganacl|Salt Cure|p2a: Thundrink
|-crit|p2a: Thundrink
|-damage|p2a: Thundrink|84/100
|-start|p2a: Thundrink|Salt Cure
|
|-weather|Snowscape|[upkeep]
|-damage|p2a: Thundrink|71/100|[from] Salt Cure
|upkeep
|turn|13
|
|t:|1779639277
|move|p2a: Thundrink|Rising Voltage|p1a: Garganacl
|-hint|Rising Voltage's BP doubled on grounded target.
|-damage|p1a: Garganacl|0 fnt
|faint|p1a: Garganacl
|
|-weather|Snowscape|[upkeep]
|-damage|p2a: Thundrink|59/100|[from] Salt Cure
|upkeep
|
|t:|1779639283
|switch|p1a: Slowking|Slowking-Galar, M, shiny|100/100
|turn|14
|
|t:|1779639289
|-terastallize|p1a: Slowking|Grass
|move|p2a: Thundrink|Rising Voltage|p1a: Slowking
|-hint|Rising Voltage's BP doubled on grounded target.
|-resisted|p1a: Slowking
|-crit|p1a: Slowking
|-damage|p1a: Slowking|45/100
|move|p1a: Slowking|Sludge Bomb|p2a: Thundrink
|-damage|p2a: Thundrink|27/100
|
|-weather|none
|-damage|p2a: Thundrink|14/100|[from] Salt Cure
|upkeep
|turn|15
|
|t:|1779639297
|move|p2a: Thundrink|Rising Voltage|p1a: Slowking
|-hint|Rising Voltage's BP doubled on grounded target.
|-resisted|p1a: Slowking
|-damage|p1a: Slowking|7/100
|-prepare|p1a: Slowking|Chilly Reception|[premajor]
|move|p1a: Slowking|Chilly Reception|p1a: Slowking
|-weather|Snowscape
|
|t:|1779639301
|switch|p1a: Gholdengo|Gholdengo|100/100|[from] Chilly Reception
|-item|p1a: Gholdengo|Air Balloon
|
|-weather|Snowscape|[upkeep]
|-damage|p2a: Thundrink|2/100|[from] Salt Cure
|upkeep
|turn|16
|
|t:|1779639305
|switch|p1a: Slowking|Slowking-Galar, M, shiny, tera:Grass|40/100
|move|p2a: Thundrink|Volt Switch|p1a: Slowking
|-resisted|p1a: Slowking
|-damage|p1a: Slowking|20/100
|
|t:|1779639308
|-end|p2a: Thundrink|Protosynthesis|[silent]
|switch|p2a: Latte|Latios, M|100/100|[from] Volt Switch
|
|-weather|Snowscape|[upkeep]
|upkeep
|turn|17
|
|t:|1779639312
|move|p2a: Latte|Ice Beam|p1a: Slowking
|-supereffective|p1a: Slowking
|-damage|p1a: Slowking|0 fnt
|faint|p1a: Slowking
|
|-weather|Snowscape|[upkeep]
|-fieldend|move: Electric Terrain
|upkeep
|
|t:|1779639314
|switch|p1a: Gholdengo|Gholdengo|100/100
|-item|p1a: Gholdengo|Air Balloon
|turn|18
|
|t:|1779639328
|switch|p2a: Corkini|Corviknight, M|100/100
|-ability|p2a: Corkini|Pressure
|move|p1a: Gholdengo|Shadow Ball|p2a: Corkini
|-damage|p2a: Corkini|54/100
|
|-weather|Snowscape|[upkeep]
|upkeep
|turn|19
|
|t:|1779639331
|move|p1a: Gholdengo|Nasty Plot|p1a: Gholdengo
|-boost|p1a: Gholdengo|spa|2
|move|p2a: Corkini|U-turn|p1a: Gholdengo
|-resisted|p1a: Gholdengo
|-damage|p1a: Gholdengo|96/100
|-enditem|p1a: Gholdengo|Air Balloon
|
|t:|1779639333
|switch|p2a: Thundrink|Raging Bolt|2/100|[from] U-turn
|
|-weather|none
|upkeep
|turn|20
|
|t:|1779639337
|move|p2a: Thundrink|Thunderclap|p1a: Gholdengo
|-damage|p1a: Gholdengo|33/100
|move|p1a: Gholdengo|Shadow Ball|p2a: Thundrink
|-damage|p2a: Thundrink|0 fnt
|faint|p2a: Thundrink
|-end|p2a: Thundrink|Protosynthesis|[silent]
|
|upkeep
|
|t:|1779639342
|switch|p2a: Pliny|Pincurchin, F|100/100
|-fieldstart|move: Electric Terrain|[from] ability: Electric Surge|[of] p2a: Pliny
|turn|21
|
|t:|1779639345
|move|p2a: Pliny|Sucker Punch|p1a: Gholdengo
|-supereffective|p1a: Gholdengo
|-damage|p1a: Gholdengo|0 fnt
|faint|p1a: Gholdengo
|
|win|spindle pit
|raw|chiapanco's rating: 1357 &rarr; <strong>1335</strong><br />(-22 for losing)
|raw|spindle pit's rating: 1320 &rarr; <strong>1342</strong><br />(+22 for winning)
|l|☆chiapanco
|player|p1|
|l|☆spindle pit
|player|p2|
