|j|☆firewall1234
|j|☆TechBuster
|t:|1779645632
|gametype|singles
|player|p1|firewall1234|hugh|1582
|player|p2|TechBuster|101|1644
|gen|9
|tier|[Gen 9] OU
|rated|
|rule|HP Percentage Mod: HP is shown in percentages
|rule|Endless Battle Clause: Forcing endless battles is banned
|rule|Species Clause: Limit one of each Pokémon
|rule|OHKO Clause: OHKO moves are banned
|rule|Evasion Items Clause: Evasion items are banned
|rule|Evasion Moves Clause: Evasion moves are banned
|rule|Evasion Abilities Clause: Evasion abilities are banned
|rule|Sleep Moves Clause: Sleep-inducing moves are banned
|clearpoke
|poke|p1|Hatterene, F|
|poke|p1|Great Tusk|
|poke|p1|Tornadus-Therian, M|
|poke|p1|Kyurem|
|poke|p1|Slowking-Galar, M|
|poke|p1|Kingambit, M|
|poke|p2|Regieleki|
|poke|p2|Slowking-Galar, M|
|poke|p2|Zapdos|
|poke|p2|Ogerpon-Wellspring, F|
|poke|p2|Kingambit, F|
|poke|p2|Garchomp, M|
|teampreview
|
|t:|1779645646
|teamsize|p1|6
|teamsize|p2|6
|start
|switch|p1a: Hatterene|Hatterene, F, shiny|100/100
|switch|p2a: Slowking|Slowking-Galar, M|100/100
|turn|1
|inactive|Battle timer is ON: inactive players will automatically lose when time's up. (requested by firewall1234)
|
|t:|1779645655
|switch|p1a: Kingambit|Kingambit, M, shiny|100/100
|-prepare|p2a: Slowking|Chilly Reception|[premajor]
|move|p2a: Slowking|Chilly Reception|p2a: Slowking
|-weather|Snowscape
|
|t:|1779645661
|switch|p2a: Garchomp|Garchomp, M|100/100|[from] Chilly Reception
|
|-weather|Snowscape|[upkeep]
|upkeep
|turn|2
|
|t:|1779645669
|switch|p2a: Slowking|Slowking-Galar, M|100/100
|-end|p1a: Kingambit|fallenundefined|[silent]
|switch|p1a: Hatterene|Hatterene, F, shiny|100/100
|
|-weather|Snowscape|[upkeep]
|upkeep
|turn|3
|
|t:|1779645677
|switch|p1a: Kingambit|Kingambit, M, shiny|100/100
|-prepare|p2a: Slowking|Chilly Reception|[premajor]
|move|p2a: Slowking|Chilly Reception|p2a: Slowking
|
|t:|1779645681
|switch|p2a: Kingambit|Kingambit, F|100/100|[from] Chilly Reception
|
|-weather|Snowscape|[upkeep]
|upkeep
|turn|4
|
|t:|1779645687
|-end|p2a: Kingambit|fallenundefined|[silent]
|switch|p2a: Garchomp|Garchomp, M|100/100
|-end|p1a: Kingambit|fallenundefined|[silent]
|switch|p1a: Great Tusk|Great Tusk|100/100
|
|-weather|Snowscape|[upkeep]
|upkeep
|turn|5
|
|t:|1779645702
|-end|p1a: Great Tusk|Protosynthesis|[silent]
|switch|p1a: Hatterene|Hatterene, F, shiny|100/100
|-terastallize|p2a: Garchomp|Ghost
|move|p2a: Garchomp|Stealth Rock|p1a: Hatterene
|move|p1a: Hatterene|Stealth Rock|p2a: Garchomp|[from] ability: Magic Bounce
|-sidestart|p2: TechBuster|move: Stealth Rock
|
|-weather|none
|upkeep
|turn|6
|
|t:|1779645709
|switch|p2a: Slowking|Slowking-Galar, M|100/100
|-damage|p2a: Slowking|88/100|[from] Stealth Rock
|move|p1a: Hatterene|Nuzzle|p2a: Slowking
|-damage|p2a: Slowking|84/100
|-status|p2a: Slowking|par
|
|upkeep
|turn|7
|
|t:|1779645714
|switch|p1a: Kingambit|Kingambit, M, shiny|100/100
|-prepare|p2a: Slowking|Chilly Reception|[premajor]
|move|p2a: Slowking|Chilly Reception|p2a: Slowking
|-weather|Snowscape
|
|t:|1779645721
|switch|p2a: Zapdos|Zapdos|100/100|[from] Chilly Reception
|
|-weather|Snowscape|[upkeep]
|upkeep
|turn|8
|
|t:|1779645727
|-end|p1a: Kingambit|fallenundefined|[silent]
|switch|p1a: Kyurem|Kyurem|100/100
|-ability|p1a: Kyurem|Pressure
|move|p2a: Zapdos|Heat Wave|p1a: Kyurem
|-damage|p1a: Kyurem|71/100
|
|-weather|Snowscape|[upkeep]
|upkeep
|turn|9
|
|t:|1779645735
|move|p2a: Zapdos|Volt Switch|p1a: Kyurem
|-resisted|p1a: Kyurem
|-damage|p1a: Kyurem|52/100
|
|t:|1779645738
|switch|p2a: Slowking|Slowking-Galar, M|100/100 par|[from] Volt Switch
|-damage|p2a: Slowking|88/100 par|[from] Stealth Rock
|move|p1a: Kyurem|Ice Beam|p2a: Slowking
|-damage|p2a: Slowking|45/100 par
|
|-weather|Snowscape|[upkeep]
|upkeep
|turn|10
|
|t:|1779645745
|switch|p2a: Kingambit|Kingambit, F|100/100
|-damage|p2a: Kingambit|94/100|[from] Stealth Rock
|move|p1a: Kyurem|Ice Beam|p2a: Kingambit
|-resisted|p2a: Kingambit
|-damage|p2a: Kingambit|62/100
|
|-weather|Snowscape|[upkeep]
|-heal|p2a: Kingambit|68/100|[from] item: Leftovers
|upkeep
|turn|11
|
|t:|1779645754
|switch|p1a: Great Tusk|Great Tusk|100/100
|-end|p2a: Kingambit|fallenundefined|[silent]
|switch|p2a: Ogerpon|Ogerpon-Wellspring, F|100/100
|-damage|p2a: Ogerpon|88/100|[from] Stealth Rock
|
|-weather|none
|upkeep
|turn|12
|
|t:|1779645761
|-end|p1a: Great Tusk|Protosynthesis|[silent]
|switch|p1a: Slowking|Slowking-Galar, M|100/100
|move|p2a: Ogerpon|Ivy Cudgel|p1a: Slowking|[anim] Ivy Cudgel Water
|-damage|p1a: Slowking|56/100
|
|-heal|p1a: Slowking|62/100|[from] item: Black Sludge
|upkeep
|turn|13
|
|t:|1779645766
|move|p2a: Ogerpon|U-turn|p1a: Slowking
|-damage|p1a: Slowking|39/100
|
|t:|1779645767
|switch|p2a: Electrode Sr.|Regieleki|100/100|[from] U-turn
|-prepare|p1a: Slowking|Chilly Reception|[premajor]
|move|p1a: Slowking|Chilly Reception|p1a: Slowking
|-weather|Snowscape
|
|t:|1779645771
|switch|p1a: Great Tusk|Great Tusk|100/100|[from] Chilly Reception
|
|-weather|Snowscape|[upkeep]
|upkeep
|turn|14
|
|t:|1779645779
|move|p2a: Electrode Sr.|Rapid Spin|p1a: Great Tusk
|-damage|p1a: Great Tusk|93/100
|-boost|p2a: Electrode Sr.|spe|1
|-damage|p2a: Electrode Sr.|84/100|[from] item: Rocky Helmet|[of] p1a: Great Tusk
|-sideend|p2: TechBuster|Stealth Rock|[from] move: Rapid Spin|[of] p2a: Electrode Sr.
|move|p1a: Great Tusk|Ice Spinner|p2a: Electrode Sr.
|-damage|p2a: Electrode Sr.|27/100
|
|-weather|Snowscape|[upkeep]
|upkeep
|turn|15
|
|t:|1779645786
|switch|p2a: Zapdos|Zapdos|100/100
|move|p1a: Great Tusk|Stealth Rock|p2a: Zapdos
|-sidestart|p2: TechBuster|move: Stealth Rock
|
|-weather|Snowscape|[upkeep]
|upkeep
|turn|16
|
|t:|1779645792
|-end|p1a: Great Tusk|Protosynthesis|[silent]
|switch|p1a: Slowking|Slowking-Galar, M|73/100
|move|p2a: Zapdos|Hurricane|p1a: Slowking
|-damage|p1a: Slowking|32/100
|
|-weather|Snowscape|[upkeep]
|-heal|p1a: Slowking|38/100|[from] item: Black Sludge
|upkeep
|turn|17
|
|t:|1779645805
|switch|p1a: Kingambit|Kingambit, M, shiny|100/100
|move|p2a: Zapdos|Hurricane|p1a: Kingambit
|-resisted|p1a: Kingambit
|-damage|p1a: Kingambit|74/100
|
|-weather|none
|-heal|p1a: Kingambit|80/100|[from] item: Leftovers
|upkeep
|turn|18
|
|t:|1779645828
|-end|p1a: Kingambit|fallenundefined|[silent]
|switch|p1a: Slowking|Slowking-Galar, M|71/100
|move|p2a: Zapdos|Volt Switch|p1a: Slowking
|-damage|p1a: Slowking|45/100
|
|t:|1779645838
|switch|p2a: Electrode Sr.|Regieleki|27/100|[from] Volt Switch
|
|-heal|p1a: Slowking|51/100|[from] item: Black Sludge
|upkeep
|turn|19
|
|t:|1779645844
|switch|p1a: Great Tusk|Great Tusk|93/100
|move|p2a: Electrode Sr.|Electro Ball|p1a: Great Tusk
|-immune|p1a: Great Tusk
|
|upkeep
|turn|20
|
|t:|1779645850
|move|p2a: Electrode Sr.|Rapid Spin|p1a: Great Tusk
|-damage|p1a: Great Tusk|86/100
|-boost|p2a: Electrode Sr.|spe|1
|-damage|p2a: Electrode Sr.|10/100|[from] item: Rocky Helmet|[of] p1a: Great Tusk
|-sideend|p2: TechBuster|Stealth Rock|[from] move: Rapid Spin|[of] p2a: Electrode Sr.
|move|p1a: Great Tusk|Rapid Spin|p2a: Electrode Sr.
|-damage|p2a: Electrode Sr.|0 fnt
|-boost|p1a: Great Tusk|spe|1
|faint|p2a: Electrode Sr.
|
|upkeep
|
|t:|1779645859
|switch|p2a: Zapdos|Zapdos|100/100
|turn|21
|
|t:|1779645867
|-end|p1a: Great Tusk|Protosynthesis|[silent]
|switch|p1a: Slowking|Slowking-Galar, M|85/100
|move|p2a: Zapdos|Hurricane|p1a: Slowking
|-damage|p1a: Slowking|44/100
|
|-heal|p1a: Slowking|50/100|[from] item: Black Sludge
|upkeep
|turn|22
|
|t:|1779645872
|move|p2a: Zapdos|Volt Switch|p1a: Slowking
|-damage|p1a: Slowking|20/100
|
|t:|1779645873
|switch|p2a: Kingambit|Kingambit, F|68/100|[from] Volt Switch
|-activate|p2a: Kingambit|ability: Supreme Overlord
|-start|p2a: Kingambit|fallen1|[silent]
|-prepare|p1a: Slowking|Chilly Reception|[premajor]
|move|p1a: Slowking|Chilly Reception|p1a: Slowking
|-weather|Snowscape
|
|t:|1779645877
|switch|p1a: Great Tusk|Great Tusk|86/100|[from] Chilly Reception
|
|-weather|Snowscape|[upkeep]
|-heal|p2a: Kingambit|74/100|[from] item: Leftovers
|upkeep
|turn|23
|
|t:|1779645884
|-end|p2a: Kingambit|fallen1|[silent]
|switch|p2a: Zapdos|Zapdos|100/100
|move|p1a: Great Tusk|Stealth Rock|p2a: Zapdos
|-sidestart|p2: TechBuster|move: Stealth Rock
|
|-weather|Snowscape|[upkeep]
|upkeep
|turn|24
|
|t:|1779645890
|-end|p1a: Great Tusk|Protosynthesis|[silent]
|switch|p1a: Tornadus|Tornadus-Therian, M|100/100
|move|p2a: Zapdos|Volt Switch|p1a: Tornadus
|-supereffective|p1a: Tornadus
|-damage|p1a: Tornadus|51/100
|
|t:|1779645898
|switch|p2a: Kingambit|Kingambit, F|74/100|[from] Volt Switch
|-damage|p2a: Kingambit|68/100|[from] Stealth Rock
|-activate|p2a: Kingambit|ability: Supreme Overlord
|-start|p2a: Kingambit|fallen1|[silent]
|
|-weather|Snowscape|[upkeep]
|-heal|p2a: Kingambit|74/100|[from] item: Leftovers
|upkeep
|turn|25
|
|t:|1779645901
|switch|p1a: Great Tusk|Great Tusk|86/100
|move|p2a: Kingambit|Swords Dance|p2a: Kingambit
|-boost|p2a: Kingambit|atk|2
|
|-weather|Snowscape|[upkeep]
|-heal|p2a: Kingambit|80/100|[from] item: Leftovers
|upkeep
|turn|26
|
|t:|1779645906
|move|p1a: Great Tusk|Headlong Rush|p2a: Kingambit
|-supereffective|p2a: Kingambit
|-damage|p2a: Kingambit|0 fnt
|-unboost|p1a: Great Tusk|def|1
|-unboost|p1a: Great Tusk|spd|1
|faint|p2a: Kingambit
|-end|p2a: Kingambit|fallen1|[silent]
|
|-weather|none
|upkeep
|
|t:|1779645910
|switch|p2a: Ogerpon|Ogerpon-Wellspring, F|88/100
|-damage|p2a: Ogerpon|76/100|[from] Stealth Rock
|turn|27
|j| hattybatty304
|
|t:|1779645927
|move|p2a: Ogerpon|Ivy Cudgel|p1a: Great Tusk|[anim] Ivy Cudgel Water
|-supereffective|p1a: Great Tusk
|-damage|p1a: Great Tusk|0 fnt
|faint|p1a: Great Tusk
|-end|p1a: Great Tusk|Protosynthesis|[silent]
|
|upkeep
|
|t:|1779645935
|switch|p1a: Kyurem|Kyurem|52/100
|-ability|p1a: Kyurem|Pressure
|turn|28
|
|t:|1779645938
|move|p2a: Ogerpon|Play Rough|p1a: Kyurem|[miss]
|-miss|p2a: Ogerpon|p1a: Kyurem
|move|p1a: Kyurem|Freeze-Dry|p2a: Ogerpon
|-supereffective|p2a: Ogerpon
|-damage|p2a: Ogerpon|0 fnt
|faint|p2a: Ogerpon
|
|upkeep
|c|☆TechBuster|gg
|-message|TechBuster forfeited.
|
|win|firewall1234
|raw|firewall1234's rating: 1582 &rarr; <strong>1606</strong><br />(+24 for winning)
|raw|TechBuster's rating: 1644 &rarr; <strong>1620</strong><br />(-24 for losing)
|l|☆TechBuster
|player|p2|
|l| hattybatty304
|l|☆firewall1234
|player|p1|
