|j|☆dandynasty
|j|☆gummiworm
|t:|1779677903
|gametype|singles
|player|p1|dandynasty|harlequin|1110
|player|p2|gummiworm|102|1120
|gen|9
|tier|[Gen 9] OU
|rated|
|rule|HP Percentage Mod: HP is shown in percentages
|rule|Endless Battle Clause: Forcing endless battles is banned
|rule|Species Clause: Limit one of each Pokémon
|rule|OHKO Clause: OHKO moves are banned
|rule|Evasion Items Clause: Evasion items are banned
|rule|Evasion Moves Clause: Evasion moves are banned
|rule|Evasion Abilities Clause: Evasion abilities are banned
|rule|Sleep Moves Clause: Sleep-inducing moves are banned
|clearpoke
|poke|p1|Gliscor, M|
|poke|p1|Dunsparce, M|
|poke|p1|Grimmsnarl, M|
|poke|p1|Overqwil, F|
|poke|p1|Rotom-Heat|
|poke|p1|Perrserker, M|
|poke|p2|Regieleki|
|poke|p2|Regidrago|
|poke|p2|Regirock|
|poke|p2|Regice|
|poke|p2|Registeel|
|poke|p2|Regigigas|
|teampreview
|c|☆dandynasty|my body is regi
|
|t:|1779677920
|teamsize|p1|6
|teamsize|p2|6
|start
|switch|p1a: Grimmsnarl|Grimmsnarl, M|100/100
|switch|p2a: Registeel|Registeel|100/100
|turn|1
|
|t:|1779677926
|move|p1a: Grimmsnarl|Reflect|p1a: Grimmsnarl
|-sidestart|p1: dandynasty|Reflect
|move|p2a: Registeel|Body Press|p1a: Grimmsnarl
|-crit|p1a: Grimmsnarl
|-damage|p1a: Grimmsnarl|44/100
|
|-heal|p1a: Grimmsnarl|50/100|[from] item: Leftovers
|upkeep
|turn|2
|
|t:|1779677936
|move|p1a: Grimmsnarl|Parting Shot|p2a: Registeel
|-fail|p2a: Registeel|unboost|[from] ability: Clear Body|[of] p2a: Registeel
|move|p2a: Registeel|Thunder Wave|p1a: Grimmsnarl
|-status|p1a: Grimmsnarl|par
|
|-heal|p1a: Grimmsnarl|56/100 par|[from] item: Leftovers
|upkeep
|turn|3
|
|t:|1779677944
|move|p1a: Grimmsnarl|Light Screen|p1a: Grimmsnarl
|-sidestart|p1: dandynasty|move: Light Screen
|move|p2a: Registeel|Iron Defense|p2a: Registeel
|-boost|p2a: Registeel|def|2
|
|-heal|p1a: Grimmsnarl|62/100 par|[from] item: Leftovers
|upkeep
|turn|4
|
|t:|1779677951
|move|p2a: Registeel|Body Press|p1a: Grimmsnarl
|-damage|p1a: Grimmsnarl|23/100 par
|move|p1a: Grimmsnarl|Play Rough|p2a: Registeel
|-resisted|p2a: Registeel
|-damage|p2a: Registeel|96/100
|
|-heal|p2a: Registeel|100/100|[from] item: Leftovers
|-heal|p1a: Grimmsnarl|29/100 par|[from] item: Leftovers
|upkeep
|turn|5
|
|t:|1779677959
|move|p2a: Registeel|Iron Defense|p2a: Registeel
|-boost|p2a: Registeel|def|2
|cant|p1a: Grimmsnarl|par
|
|-heal|p1a: Grimmsnarl|35/100 par|[from] item: Leftovers
|-sideend|p1: dandynasty|Reflect
|upkeep
|turn|6
|
|t:|1779677968
|switch|p1a: Gliscor|Gliscor, M|100/100
|move|p2a: Registeel|Iron Defense|p2a: Registeel
|-boost|p2a: Registeel|def|2
|
|-status|p1a: Gliscor|tox|[from] item: Toxic Orb
|upkeep
|turn|7
|
|t:|1779677975
|move|p1a: Gliscor|Protect|p1a: Gliscor
|-singleturn|p1a: Gliscor|Protect
|move|p2a: Registeel|Body Press|p1a: Gliscor
|-activate|p1a: Gliscor|move: Protect
|
|-sideend|p1: dandynasty|move: Light Screen
|upkeep
|turn|8
|
|t:|1779677986
|move|p1a: Gliscor|Swords Dance|p1a: Gliscor
|-boost|p1a: Gliscor|atk|2
|move|p2a: Registeel|Body Press|p1a: Gliscor
|-resisted|p1a: Gliscor
|-damage|p1a: Gliscor|39/100 tox
|
|-heal|p1a: Gliscor|51/100 tox|[from] ability: Poison Heal
|upkeep
|turn|9
|
|t:|1779677995
|move|p1a: Gliscor|Protect|p1a: Gliscor
|-singleturn|p1a: Gliscor|Protect
|move|p2a: Registeel|Body Press|p1a: Gliscor
|-activate|p1a: Gliscor|move: Protect
|
|-heal|p1a: Gliscor|64/100 tox|[from] ability: Poison Heal
|upkeep
|turn|10
|
|t:|1779678003
|move|p1a: Gliscor|Earthquake|p2a: Registeel
|-supereffective|p2a: Registeel
|-damage|p2a: Registeel|76/100
|move|p2a: Registeel|Body Press|p1a: Gliscor
|-resisted|p1a: Gliscor
|-damage|p1a: Gliscor|4/100 tox
|
|-heal|p2a: Registeel|82/100|[from] item: Leftovers
|-heal|p1a: Gliscor|16/100 tox|[from] ability: Poison Heal
|upkeep
|turn|11
|
|t:|1779678014
|move|p1a: Gliscor|Protect|p1a: Gliscor
|-singleturn|p1a: Gliscor|Protect
|move|p2a: Registeel|Body Press|p1a: Gliscor
|-activate|p1a: Gliscor|move: Protect
|
|-heal|p2a: Registeel|88/100|[from] item: Leftovers
|-heal|p1a: Gliscor|29/100 tox|[from] ability: Poison Heal
|upkeep
|turn|12
|
|t:|1779678022
|move|p1a: Gliscor|Knock Off|p2a: Registeel
|-damage|p2a: Registeel|80/100
|-enditem|p2a: Registeel|Leftovers|[from] move: Knock Off|[of] p1a: Gliscor
|move|p2a: Registeel|Body Press|p1a: Gliscor
|-resisted|p1a: Gliscor
|-damage|p1a: Gliscor|0 fnt
|faint|p1a: Gliscor
|
|upkeep
|
|t:|1779678034
|switch|p1a: Rotom|Rotom-Heat|100/100
|turn|13
|
|t:|1779678058
|switch|p2a: Regigigas|Regigigas|100/100
|-start|p2a: Regigigas|ability: Slow Start
|move|p1a: Rotom|Overheat|p2a: Regigigas
|-damage|p2a: Regigigas|64/100
|-unboost|p1a: Rotom|spa|2
|
|-heal|p2a: Regigigas|70/100|[from] item: Leftovers
|upkeep
|turn|14
|
|t:|1779678070
|move|p1a: Rotom|Volt Switch|p2a: Regigigas
|-damage|p2a: Regigigas|60/100
|
|t:|1779678074
|switch|p1a: Perrserker|Perrserker, M|100/100|[from] Volt Switch
|move|p2a: Regigigas|Substitute|p2a: Regigigas
|-start|p2a: Regigigas|Substitute
|-damage|p2a: Regigigas|35/100
|
|-heal|p2a: Regigigas|41/100|[from] item: Leftovers
|upkeep
|turn|15
|
|t:|1779678082
|move|p2a: Regigigas|Protect|p2a: Regigigas
|-singleturn|p2a: Regigigas|Protect
|move|p1a: Perrserker|Curse|p1a: Perrserker
|-unboost|p1a: Perrserker|spe|1
|-boost|p1a: Perrserker|atk|1
|-boost|p1a: Perrserker|def|1
|
|-heal|p2a: Regigigas|47/100|[from] item: Leftovers
|upkeep
|turn|16
|
|t:|1779678090
|switch|p2a: Regirock|Regirock|100/100
|move|p1a: Perrserker|Curse|p1a: Perrserker
|-unboost|p1a: Perrserker|spe|1
|-boost|p1a: Perrserker|atk|1
|-boost|p1a: Perrserker|def|1
|
|upkeep
|turn|17
|
|t:|1779678096
|-terastallize|p2a: Regirock|Fighting
|move|p2a: Regirock|Iron Defense|p2a: Regirock
|-boost|p2a: Regirock|def|2
|move|p1a: Perrserker|Curse|p1a: Perrserker
|-unboost|p1a: Perrserker|spe|1
|-boost|p1a: Perrserker|atk|1
|-boost|p1a: Perrserker|def|1
|
|upkeep
|turn|18
|
|t:|1779678105
|move|p2a: Regirock|Iron Defense|p2a: Regirock
|-boost|p2a: Regirock|def|2
|move|p1a: Perrserker|Iron Head|p2a: Regirock
|-damage|p2a: Regirock|80/100
|
|-heal|p2a: Regirock|86/100|[from] item: Leftovers
|upkeep
|turn|19
|
|t:|1779678112
|move|p2a: Regirock|Body Press|p1a: Perrserker
|-supereffective|p1a: Perrserker
|-damage|p1a: Perrserker|0 fnt
|faint|p1a: Perrserker
|
|-heal|p2a: Regirock|92/100|[from] item: Leftovers
|upkeep
|
|t:|1779678137
|switch|p1a: Dunsparce|Dunsparce, M|100/100
|turn|20
|
|t:|1779678142
|move|p2a: Regirock|Body Press|p1a: Dunsparce
|-supereffective|p1a: Dunsparce
|-damage|p1a: Dunsparce|0 fnt
|faint|p1a: Dunsparce
|
|-heal|p2a: Regirock|98/100|[from] item: Leftovers
|upkeep
|
|t:|1779678151
|switch|p1a: Overqwil|Overqwil, F|100/100
|-ability|p1a: Overqwil|Intimidate|boost
|-fail|p2a: Regirock|unboost|[from] ability: Clear Body|[of] p2a: Regirock
|turn|21
|
|t:|1779678157
|move|p1a: Overqwil|Haze|p1a: Overqwil
|-clearallboost
|move|p2a: Regirock|Body Press|p1a: Overqwil
|-damage|p1a: Overqwil|37/100
|
|-heal|p1a: Overqwil|43/100|[from] item: Leftovers
|-heal|p2a: Regirock|100/100|[from] item: Leftovers
|upkeep
|turn|22
|
|t:|1779678191
|move|p1a: Overqwil|Toxic Spikes|p2a: Regirock
|-sidestart|p2: gummiworm|move: Toxic Spikes
|move|p2a: Regirock|Body Press|p1a: Overqwil
|-damage|p1a: Overqwil|0 fnt
|faint|p1a: Overqwil
|
|upkeep
|
|t:|1779678199
|switch|p1a: Rotom|Rotom-Heat|100/100
|turn|23
|
|t:|1779678203
|move|p1a: Rotom|Thunder Wave|p2a: Regirock
|-status|p2a: Regirock|par
|move|p2a: Regirock|Body Press|p1a: Rotom
|-damage|p1a: Rotom|13/100
|
|upkeep
|turn|24
|
|t:|1779678213
|move|p1a: Rotom|Overheat|p2a: Regirock
|-damage|p2a: Regirock|44/100 par
|-unboost|p1a: Rotom|spa|2
|move|p2a: Regirock|Body Press|p1a: Rotom
|-damage|p1a: Rotom|0 fnt
|faint|p1a: Rotom
|
|-heal|p2a: Regirock|50/100 par|[from] item: Leftovers
|upkeep
|
|t:|1779678222
|switch|p1a: Grimmsnarl|Grimmsnarl, M|35/100 par
|turn|25
|c|☆gummiworm|gg
|
|t:|1779678226
|move|p1a: Grimmsnarl|Reflect|p1a: Grimmsnarl
|-sidestart|p1: dandynasty|Reflect
|move|p2a: Regirock|Body Press|p1a: Grimmsnarl
|-damage|p1a: Grimmsnarl|0 fnt
|faint|p1a: Grimmsnarl
|
|win|gummiworm
|raw|dandynasty's rating: 1110 &rarr; <strong>1086</strong><br />(-24 for losing)
|raw|gummiworm's rating: 1120 &rarr; <strong>1144</strong><br />(+24 for winning)
|l|☆gummiworm
|player|p2|
|l|☆dandynasty
|player|p1|
