|j|☆whatthewugiscookin
|j|☆hieunvt91233
|t:|1779677549
|gametype|singles
|player|p1|whatthewugiscookin|cress|1140
|player|p2|hieunvt91233|266|1180
|gen|9
|tier|[Gen 9] OU
|rated|
|rule|HP Percentage Mod: HP is shown in percentages
|rule|Endless Battle Clause: Forcing endless battles is banned
|rule|Species Clause: Limit one of each Pokémon
|rule|OHKO Clause: OHKO moves are banned
|rule|Evasion Items Clause: Evasion items are banned
|rule|Evasion Moves Clause: Evasion moves are banned
|rule|Evasion Abilities Clause: Evasion abilities are banned
|rule|Sleep Moves Clause: Sleep-inducing moves are banned
|clearpoke
|poke|p1|Rotom-Fan|
|poke|p1|Heatran, F|
|poke|p1|Regidrago|
|poke|p1|Corviknight, F|
|poke|p1|Rillaboom, M|
|poke|p1|Great Tusk|
|poke|p2|Scizor, M|
|poke|p2|Glimmora, M|
|poke|p2|Meowscarada, M|
|poke|p2|Ambipom, F|
|poke|p2|Heatran, F|
|poke|p2|Alomomola, M|
|teampreview
|
|t:|1779677562
|teamsize|p1|6
|teamsize|p2|6
|start
|switch|p1a: address me|Great Tusk|100/100
|switch|p2a: Ambipom|Ambipom, F|100/100
|-enditem|p1a: address me|Booster Energy
|-activate|p1a: address me|ability: Protosynthesis|[fromitem]
|-start|p1a: address me|protosynthesisatk
|turn|1
|
|t:|1779677567
|move|p2a: Ambipom|Fake Out|p1a: address me
|-damage|p1a: address me|78/100
|cant|p1a: address me|flinch
|
|upkeep
|turn|2
|
|t:|1779677575
|move|p2a: Ambipom|Triple Axel|p1a: address me
|-supereffective|p1a: address me
|-damage|p1a: address me|65/100
|-supereffective|p1a: address me
|-damage|p1a: address me|37/100
|-supereffective|p1a: address me
|-damage|p1a: address me|0 fnt
|faint|p1a: address me
|-end|p1a: address me|Protosynthesis|[silent]
|-hitcount|p1: address me|3
|
|upkeep
|
|t:|1779677587
|switch|p1a: granite blast|Regidrago, shiny|100/100
|turn|3
|
|t:|1779677595
|switch|p2a: Alomomola|Alomomola, M|100/100
|move|p1a: granite blast|Dragon Energy|p2a: Alomomola
|-damage|p2a: Alomomola|25/100
|-enditem|p2a: Alomomola|Sitrus Berry|[eat]
|-heal|p2a: Alomomola|50/100|[from] item: Sitrus Berry
|
|upkeep
|turn|4
|
|t:|1779677602
|move|p1a: granite blast|Dragon Energy|p2a: Alomomola
|-damage|p2a: Alomomola|0 fnt
|faint|p2a: Alomomola
|
|upkeep
|
|t:|1779677605
|switch|p2a: Ambipom|Ambipom, F|100/100
|turn|5
|
|t:|1779677612
|switch|p1a: biggest bird|Corviknight, F|100/100
|move|p2a: Ambipom|Fake Out|p1a: biggest bird
|-resisted|p1a: biggest bird
|-damage|p1a: biggest bird|85/100
|
|upkeep
|turn|6
|
|t:|1779677618
|switch|p2a: Heatran|Heatran, F|100/100
|-item|p2a: Heatran|Air Balloon
|move|p1a: biggest bird|Bulk Up|p1a: biggest bird
|-boost|p1a: biggest bird|atk|1
|-boost|p1a: biggest bird|def|1
|
|upkeep
|turn|7
|
|t:|1779677634
|move|p2a: Heatran|Flamethrower|p1a: biggest bird
|-supereffective|p1a: biggest bird
|-damage|p1a: biggest bird|0 fnt
|faint|p1a: biggest bird
|
|upkeep
|
|t:|1779677646
|switch|p1a: redundancy|Rotom-Fan|100/100
|-item|p1a: redundancy|Air Balloon
|turn|8
|
|t:|1779677650
|move|p1a: redundancy|Nasty Plot|p1a: redundancy
|-boost|p1a: redundancy|spa|2
|move|p2a: Heatran|Power Gem|p1a: redundancy
|-supereffective|p1a: redundancy
|-damage|p1a: redundancy|24/100
|-enditem|p1a: redundancy|Air Balloon
|
|upkeep
|turn|9
|
|t:|1779677660
|move|p1a: redundancy|Discharge|p2a: Heatran
|-damage|p2a: Heatran|38/100
|-enditem|p2a: Heatran|Air Balloon
|move|p2a: Heatran|Power Gem|p1a: redundancy
|-supereffective|p1a: redundancy
|-damage|p1a: redundancy|0 fnt
|faint|p1a: redundancy
|
|upkeep
|
|t:|1779677672
|switch|p1a: granite blast|Regidrago, shiny|100/100
|turn|10
|
|t:|1779677680
|-terastallize|p1a: granite blast|Dragon
|move|p1a: granite blast|Dragon Energy|p2a: Heatran
|-resisted|p2a: Heatran
|-damage|p2a: Heatran|0 fnt
|faint|p2a: Heatran
|
|upkeep
|
|t:|1779677685
|switch|p2a: Ambipom|Ambipom, F|100/100
|turn|11
|
|t:|1779677689
|switch|p1a: mmm monkey|Rillaboom, M|100/100
|-fieldstart|move: Grassy Terrain|[from] ability: Grassy Surge|[of] p1a: mmm monkey
|move|p2a: Ambipom|Fake Out|p1a: mmm monkey
|-damage|p1a: mmm monkey|67/100
|
|-heal|p1a: mmm monkey|73/100|[from] Grassy Terrain
|upkeep
|turn|12
|
|t:|1779677696
|switch|p2a: Glimmora|Glimmora, M|100/100
|move|p1a: mmm monkey|Drain Punch|p2a: Glimmora
|-damage|p2a: Glimmora|78/100
|-heal|p1a: mmm monkey|83/100|[from] drain|[of] p2a: Glimmora
|-activate|p2a: Glimmora|ability: Toxic Debris
|-sidestart|p1: whatthewugiscookin|move: Toxic Spikes
|
|-heal|p2a: Glimmora|85/100|[from] Grassy Terrain
|-heal|p1a: mmm monkey|90/100|[from] Grassy Terrain
|upkeep
|turn|13
|
|t:|1779677709
|move|p1a: mmm monkey|Grassy Glide|p2a: Glimmora
|-damage|p2a: Glimmora|55/100
|-activate|p2a: Glimmora|ability: Toxic Debris
|-sidestart|p1: whatthewugiscookin|move: Toxic Spikes
|move|p2a: Glimmora|Stealth Rock|p1a: mmm monkey
|-sidestart|p1: whatthewugiscookin|move: Stealth Rock
|
|-heal|p2a: Glimmora|61/100|[from] Grassy Terrain
|-heal|p1a: mmm monkey|96/100|[from] Grassy Terrain
|upkeep
|turn|14
|
|t:|1779677716
|move|p2a: Glimmora|Spiky Shield|p2a: Glimmora
|-singleturn|p2a: Glimmora|move: Protect
|move|p1a: mmm monkey|Knock Off|p2a: Glimmora
|-activate|p2a: Glimmora|move: Protect
|-damage|p1a: mmm monkey|83/100|[from] Spiky Shield|[of] p2a: Glimmora
|
|-heal|p2a: Glimmora|67/100|[from] Grassy Terrain
|-heal|p1a: mmm monkey|90/100|[from] Grassy Terrain
|upkeep
|turn|15
|
|t:|1779677721
|move|p2a: Glimmora|Sludge Wave|p1a: mmm monkey
|-supereffective|p1a: mmm monkey
|-damage|p1a: mmm monkey|32/100
|move|p1a: mmm monkey|Knock Off|p2a: Glimmora
|-damage|p2a: Glimmora|38/100
|-enditem|p2a: Glimmora|Focus Sash|[from] move: Knock Off|[of] p1a: mmm monkey
|
|-heal|p2a: Glimmora|44/100|[from] Grassy Terrain
|-heal|p1a: mmm monkey|38/100|[from] Grassy Terrain
|-fieldend|move: Grassy Terrain
|upkeep
|turn|16
|
|t:|1779677729
|move|p2a: Glimmora|Sludge Wave|p1a: mmm monkey
|-supereffective|p1a: mmm monkey
|-damage|p1a: mmm monkey|0 fnt
|faint|p1a: mmm monkey
|
|upkeep
|
|t:|1779677733
|switch|p1a: john heat|Heatran, F|100/100
|-damage|p1a: john heat|88/100|[from] Stealth Rock
|turn|17
|
|t:|1779677736
|move|p2a: Glimmora|Earth Power|p1a: john heat
|-supereffective|p1a: john heat
|-damage|p1a: john heat|0 fnt
|faint|p1a: john heat
|
|upkeep
|
|t:|1779677739
|switch|p1a: granite blast|Regidrago, shiny, tera:Dragon|100/100
|-status|p1a: granite blast|tox
|-damage|p1a: granite blast|88/100 tox|[from] Stealth Rock
|turn|18
|
|t:|1779677744
|move|p2a: Glimmora|Spiky Shield|p2a: Glimmora
|-singleturn|p2a: Glimmora|move: Protect
|move|p1a: granite blast|Dragon Energy|p2a: Glimmora
|-activate|p2a: Glimmora|move: Protect
|
|-damage|p1a: granite blast|82/100 tox|[from] psn
|upkeep
|turn|19
|c|☆hieunvt91233|gg
|
|t:|1779677750
|move|p2a: Glimmora|Spiky Shield|p2a: Glimmora
|-singleturn|p2a: Glimmora|move: Protect
|move|p1a: granite blast|Dragon Energy|p2a: Glimmora
|-activate|p2a: Glimmora|move: Protect
|
|-damage|p1a: granite blast|70/100 tox|[from] psn
|upkeep
|turn|20
|c|☆whatthewugiscookin|gg
|
|t:|1779677755
|move|p1a: granite blast|Dragon Energy|p2a: Glimmora
|-damage|p2a: Glimmora|0 fnt
|faint|p2a: Glimmora
|
|-damage|p1a: granite blast|52/100 tox|[from] psn
|upkeep
|
|t:|1779677759
|switch|p2a: Ambipom|Ambipom, F|100/100
|turn|21
|
|t:|1779677761
|move|p2a: Ambipom|Fake Out|p1a: granite blast
|-damage|p1a: granite blast|10/100 tox
|cant|p1a: granite blast|flinch
|
|-damage|p1a: granite blast|0 fnt|[from] psn
|faint|p1a: granite blast
|
|win|hieunvt91233
|raw|whatthewugiscookin's rating: 1140 &rarr; <strong>1118</strong><br />(-22 for losing)
|raw|hieunvt91233's rating: 1180 &rarr; <strong>1202</strong><br />(+22 for winning)
|l|☆whatthewugiscookin
|player|p1|
|l|☆hieunvt91233
|player|p2|
