|j|☆KenjiShiguma
|j|☆gogginsaad
|t:|1779707577
|gametype|singles
|player|p1|KenjiShiguma|pokemonbreeder-gen4|1186
|player|p2|gogginsaad|1|1212
|gen|9
|tier|[Gen 9] OU
|rated|
|rule|HP Percentage Mod: HP is shown in percentages
|rule|Endless Battle Clause: Forcing endless battles is banned
|rule|Species Clause: Limit one of each Pokémon
|rule|OHKO Clause: OHKO moves are banned
|rule|Evasion Items Clause: Evasion items are banned
|rule|Evasion Moves Clause: Evasion moves are banned
|rule|Evasion Abilities Clause: Evasion abilities are banned
|rule|Sleep Moves Clause: Sleep-inducing moves are banned
|clearpoke
|poke|p1|Golduck, F|
|poke|p1|Porygon2|
|poke|p1|Gardevoir, M|
|poke|p1|Grumpig, M|
|poke|p1|Toxapex, F|
|poke|p1|Hatterene, F|
|poke|p2|Kingambit, M|
|poke|p2|Keldeo-Resolute|
|poke|p2|Cinderace, F|
|poke|p2|Grimmsnarl, M|
|poke|p2|Metagross|
|poke|p2|Serperior, F|
|teampreview
|inactive|Battle timer is ON: inactive players will automatically lose when time's up. (requested by gogginsaad)
|
|t:|1779707595
|teamsize|p1|6
|teamsize|p2|6
|start
|switch|p1a: Hatterene|Hatterene, F|100/100
|switch|p2a: Grimmsnarl|Grimmsnarl, M, shiny|100/100
|turn|1
|c|☆gogginsaad|thats a unique team
|
|t:|1779707605
|move|p2a: Grimmsnarl|Parting Shot|p1a: Hatterene
|move|p1a: Hatterene|Parting Shot|p2a: Grimmsnarl|[from] ability: Magic Bounce
|-unboost|p2a: Grimmsnarl|atk|1
|-unboost|p2a: Grimmsnarl|spa|1
|
|t:|1779707617
|switch|p1a: Golduck|Golduck, F|100/100|[from] Parting Shot
|-ability|p1a: Golduck|Cloud Nine
|
|upkeep
|turn|2
|
|t:|1779707624
|move|p2a: Grimmsnarl|Light Screen|p2a: Grimmsnarl
|-sidestart|p2: gogginsaad|move: Light Screen
|move|p1a: Golduck|Simple Beam|p2a: Grimmsnarl
|-ability|p2a: Grimmsnarl|Simple|Prankster|[from] move: Simple Beam
|
|upkeep
|turn|3
|
|t:|1779707631
|switch|p1a: Porygon2|Porygon2|100/100
|-ability|p1a: Porygon2|Simple|Trace|[from] ability: Trace|[of] p2a: Grimmsnarl
|move|p2a: Grimmsnarl|Reflect|p2a: Grimmsnarl
|-sidestart|p2: gogginsaad|Reflect
|
|upkeep
|turn|4
|c|☆gogginsaad|what does simple beam do?
|
|t:|1779707647
|move|p1a: Porygon2|Charge|p1a: Porygon2
|-boost|p1a: Porygon2|spd|2
|-start|p1a: Porygon2|Charge
|move|p2a: Grimmsnarl|Spirit Break|p1a: Porygon2
|-damage|p1a: Porygon2|86/100
|-unboost|p1a: Porygon2|spa|2
|
|upkeep
|turn|5
|
|t:|1779707655
|move|p2a: Grimmsnarl|Spirit Break|p1a: Porygon2
|-damage|p1a: Porygon2|72/100
|-unboost|p1a: Porygon2|spa|2
|move|p1a: Porygon2|Charge|p1a: Porygon2
|-boost|p1a: Porygon2|spd|2
|-start|p1a: Porygon2|Charge
|
|upkeep
|turn|6
|
|t:|1779707663
|move|p2a: Grimmsnarl|Spirit Break|p1a: Porygon2
|-damage|p1a: Porygon2|60/100
|-unboost|p1a: Porygon2|spa|2
|move|p1a: Porygon2|Defense Curl|p1a: Porygon2
|-boost|p1a: Porygon2|def|2
|
|upkeep
|turn|7
|
|t:|1779707675
|move|p2a: Grimmsnarl|Parting Shot|p1a: Porygon2
|-unboost|p1a: Porygon2|atk|2
|-unboost|p1a: Porygon2|spa|0
|
|t:|1779707678
|switch|p2a: Keldeo|Keldeo-Resolute|100/100|[from] Parting Shot
|move|p1a: Porygon2|Defense Curl|p1a: Porygon2
|-boost|p1a: Porygon2|def|2
|
|upkeep
|turn|8
|
|t:|1779707685
|move|p2a: Keldeo|Calm Mind|p2a: Keldeo
|-boost|p2a: Keldeo|spa|1
|-boost|p2a: Keldeo|spd|1
|move|p1a: Porygon2|Recover|p1a: Porygon2
|-heal|p1a: Porygon2|100/100
|
|upkeep
|turn|9
|
|t:|1779707692
|move|p2a: Keldeo|Calm Mind|p2a: Keldeo
|-boost|p2a: Keldeo|spa|1
|-boost|p2a: Keldeo|spd|1
|move|p1a: Porygon2|Charge|p1a: Porygon2
|-boost|p1a: Porygon2|spd|2
|-start|p1a: Porygon2|Charge
|
|-sideend|p2: gogginsaad|move: Light Screen
|upkeep
|turn|10
|
|t:|1779707700
|move|p2a: Keldeo|Calm Mind|p2a: Keldeo
|-boost|p2a: Keldeo|spa|1
|-boost|p2a: Keldeo|spd|1
|move|p1a: Porygon2|Defense Curl|p1a: Porygon2
|-boost|p1a: Porygon2|def|2
|
|-sideend|p2: gogginsaad|Reflect
|upkeep
|turn|11
|
|t:|1779707707
|move|p2a: Keldeo|Secret Sword|p1a: Porygon2
|-supereffective|p1a: Porygon2
|-damage|p1a: Porygon2|61/100
|move|p1a: Porygon2|Charge Beam|p2a: Keldeo
|-supereffective|p2a: Keldeo
|-damage|p2a: Keldeo|94/100
|-boost|p1a: Porygon2|spa|2
|-end|p1a: Porygon2|Charge|[silent]
|
|upkeep
|turn|12
|
|t:|1779707716
|move|p2a: Keldeo|Calm Mind|p2a: Keldeo
|-boost|p2a: Keldeo|spa|1
|-boost|p2a: Keldeo|spd|1
|move|p1a: Porygon2|Recover|p1a: Porygon2
|-heal|p1a: Porygon2|100/100
|
|upkeep
|turn|13
|
|t:|1779707722
|move|p2a: Keldeo|Calm Mind|p2a: Keldeo
|-boost|p2a: Keldeo|spa|1
|-boost|p2a: Keldeo|spd|1
|move|p1a: Porygon2|Charge Beam|p2a: Keldeo
|-supereffective|p2a: Keldeo
|-damage|p2a: Keldeo|90/100
|
|upkeep
|turn|14
|c|☆gogginsaad|lol
|
|t:|1779707729
|move|p2a: Keldeo|Calm Mind|p2a: Keldeo
|-boost|p2a: Keldeo|spa|1
|-boost|p2a: Keldeo|spd|1
|move|p1a: Porygon2|Charge Beam|p2a: Keldeo
|-supereffective|p2a: Keldeo
|-damage|p2a: Keldeo|87/100
|-boost|p1a: Porygon2|spa|2
|
|upkeep
|turn|15
|c|☆gogginsaad|u seeing ur sp attack stat?
|
|t:|1779707741
|-terastallize|p1a: Porygon2|Electric
|move|p2a: Keldeo|Secret Sword|p1a: Porygon2
|-damage|p1a: Porygon2|70/100
|move|p1a: Porygon2|Charge Beam|p2a: Keldeo
|-supereffective|p2a: Keldeo
|-damage|p2a: Keldeo|80/100
|-boost|p1a: Porygon2|spa|2
|
|upkeep
|turn|16
|
|t:|1779707751
|move|p2a: Keldeo|Hydro Pump|p1a: Porygon2
|-damage|p1a: Porygon2|46/100
|move|p1a: Porygon2|Charge Beam|p2a: Keldeo
|-supereffective|p2a: Keldeo
|-damage|p2a: Keldeo|68/100
|
|upkeep
|turn|17
|
|t:|1779707758
|move|p2a: Keldeo|Secret Sword|p1a: Porygon2
|-damage|p1a: Porygon2|15/100
|move|p1a: Porygon2|Recover|p1a: Porygon2
|-heal|p1a: Porygon2|65/100
|
|upkeep
|turn|18
|
|t:|1779707764
|move|p2a: Keldeo|Secret Sword|p1a: Porygon2
|-damage|p1a: Porygon2|34/100
|move|p1a: Porygon2|Recover|p1a: Porygon2
|-heal|p1a: Porygon2|84/100
|
|upkeep
|turn|19
|
|t:|1779707770
|move|p2a: Keldeo|Secret Sword|p1a: Porygon2
|-damage|p1a: Porygon2|53/100
|move|p1a: Porygon2|Charge Beam|p2a: Keldeo
|-supereffective|p2a: Keldeo
|-damage|p2a: Keldeo|55/100
|
|upkeep
|turn|20
|
|t:|1779707777
|move|p2a: Keldeo|Secret Sword|p1a: Porygon2
|-damage|p1a: Porygon2|23/100
|move|p1a: Porygon2|Recover|p1a: Porygon2
|-heal|p1a: Porygon2|73/100
|
|upkeep
|turn|21
|
|t:|1779707783
|move|p2a: Keldeo|Secret Sword|p1a: Porygon2
|-damage|p1a: Porygon2|43/100
|move|p1a: Porygon2|Charge Beam|p2a: Keldeo
|-supereffective|p2a: Keldeo
|-damage|p2a: Keldeo|41/100
|-boost|p1a: Porygon2|spa|2
|
|upkeep
|turn|22
|
|t:|1779707790
|move|p2a: Keldeo|Secret Sword|p1a: Porygon2
|-damage|p1a: Porygon2|12/100
|move|p1a: Porygon2|Recover|p1a: Porygon2
|-heal|p1a: Porygon2|62/100
|
|upkeep
|turn|23
|
|t:|1779707797
|move|p2a: Keldeo|Secret Sword|p1a: Porygon2
|-damage|p1a: Porygon2|34/100
|move|p1a: Porygon2|Recover|p1a: Porygon2
|-heal|p1a: Porygon2|84/100
|
|upkeep
|turn|24
|
|t:|1779707803
|move|p2a: Keldeo|Secret Sword|p1a: Porygon2
|-damage|p1a: Porygon2|54/100
|move|p1a: Porygon2|Charge Beam|p2a: Keldeo
|-supereffective|p2a: Keldeo
|-damage|p2a: Keldeo|16/100
|-boost|p1a: Porygon2|spa|2
|
|upkeep
|turn|25
|
|t:|1779707811
|move|p2a: Keldeo|Secret Sword|p1a: Porygon2
|-damage|p1a: Porygon2|24/100
|move|p1a: Porygon2|Recover|p1a: Porygon2
|-heal|p1a: Porygon2|74/100
|
|upkeep
|turn|26
|
|t:|1779707829
|switch|p2a: Grimmsnarl|Grimmsnarl, M, shiny|100/100
|move|p1a: Porygon2|Charge Beam|p2a: Grimmsnarl
|-damage|p2a: Grimmsnarl|53/100
|-boost|p1a: Porygon2|spa|2
|
|upkeep
|turn|27
|
|t:|1779707836
|move|p2a: Grimmsnarl|Light Screen|p2a: Grimmsnarl
|-sidestart|p2: gogginsaad|move: Light Screen
|move|p1a: Porygon2|Charge Beam|p2a: Grimmsnarl
|-damage|p2a: Grimmsnarl|20/100
|
|upkeep
|turn|28
|
|t:|1779707841
|move|p2a: Grimmsnarl|Reflect|p2a: Grimmsnarl
|-sidestart|p2: gogginsaad|Reflect
|move|p1a: Porygon2|Charge Beam|p2a: Grimmsnarl
|-damage|p2a: Grimmsnarl|0 fnt
|faint|p2a: Grimmsnarl
|
|upkeep
|
|t:|1779707847
|switch|p2a: Serperior|Serperior, F, shiny|100/100
|turn|29
|
|t:|1779707851
|move|p2a: Serperior|Leaf Storm|p1a: Porygon2
|-damage|p1a: Porygon2|68/100
|-boost|p2a: Serperior|spa|2
|move|p1a: Porygon2|Charge Beam|p2a: Serperior|[miss]
|-miss|p1a: Porygon2|p2a: Serperior
|
|upkeep
|turn|30
|
|t:|1779707857
|move|p2a: Serperior|Leaf Storm|p1a: Porygon2
|-damage|p1a: Porygon2|57/100
|-boost|p2a: Serperior|spa|2
|move|p1a: Porygon2|Charge Beam|p2a: Serperior
|-resisted|p2a: Serperior
|-damage|p2a: Serperior|74/100
|
|-heal|p2a: Serperior|80/100|[from] item: Leftovers
|upkeep
|turn|31
|
|t:|1779707866
|move|p2a: Serperior|Leaf Storm|p1a: Porygon2
|-damage|p1a: Porygon2|41/100
|-boost|p2a: Serperior|spa|2
|move|p1a: Porygon2|Charge Beam|p2a: Serperior
|-resisted|p2a: Serperior
|-damage|p2a: Serperior|54/100
|
|-heal|p2a: Serperior|60/100|[from] item: Leftovers
|upkeep
|turn|32
|
|t:|1779707875
|move|p2a: Serperior|Leaf Storm|p1a: Porygon2
|-damage|p1a: Porygon2|20/100
|move|p1a: Porygon2|Charge Beam|p2a: Serperior
|-resisted|p2a: Serperior
|-damage|p2a: Serperior|34/100
|
|-heal|p2a: Serperior|40/100|[from] item: Leftovers
|upkeep
|turn|33
|
|t:|1779707883
|move|p2a: Serperior|Leaf Storm|p1a: Porygon2
|-damage|p1a: Porygon2|0 fnt
|faint|p1a: Porygon2
|
|-heal|p2a: Serperior|47/100|[from] item: Leftovers
|upkeep
|c|☆gogginsaad|gay
|
|t:|1779707892
|switch|p1a: Toxapex|Toxapex, F|100/100
|turn|34
|
|t:|1779707897
|move|p2a: Serperior|Leaf Storm|p1a: Toxapex
|-damage|p1a: Toxapex|0 fnt
|faint|p1a: Toxapex
|
|-heal|p2a: Serperior|53/100|[from] item: Leftovers
|-sideend|p2: gogginsaad|move: Light Screen
|upkeep
|
|t:|1779707905
|switch|p1a: Golduck|Golduck, F|100/100
|-ability|p1a: Golduck|Cloud Nine
|turn|35
|
|t:|1779707909
|move|p2a: Serperior|Leaf Storm|p1a: Golduck
|-supereffective|p1a: Golduck
|-damage|p1a: Golduck|0 fnt
|faint|p1a: Golduck
|
|-heal|p2a: Serperior|59/100|[from] item: Leftovers
|-sideend|p2: gogginsaad|Reflect
|upkeep
|
|t:|1779707916
|switch|p1a: Grumpig|Grumpig, M|100/100
|turn|36
|c|☆gogginsaad|lol
|c|☆gogginsaad|noob
|
|t:|1779707921
|move|p2a: Serperior|Leaf Storm|p1a: Grumpig
|-damage|p1a: Grumpig|0 fnt
|faint|p1a: Grumpig
|
|-heal|p2a: Serperior|65/100|[from] item: Leftovers
|upkeep
|
|t:|1779707928
|switch|p1a: Hatterene|Hatterene, F|100/100
|turn|37
|
|t:|1779707941
|switch|p2a: Metagross|Metagross, shiny|100/100
|move|p1a: Hatterene|Nuzzle|p2a: Metagross
|-damage|p2a: Metagross|96/100
|-status|p2a: Metagross|par
|
|upkeep
|turn|38
|
|t:|1779707948
|move|p2a: Metagross|Meteor Mash|p1a: Hatterene
|-supereffective|p1a: Hatterene
|-damage|p1a: Hatterene|0 fnt
|faint|p1a: Hatterene
|
|upkeep
|
|t:|1779707953
|switch|p1a: Gardevoir|Gardevoir, M|100/100
|-ability|p1a: Gardevoir|Clear Body|Trace|[from] ability: Trace|[of] p2a: Metagross
|turn|39
|c|☆gogginsaad|lol
|
|t:|1779707960
|move|p1a: Gardevoir|Calm Mind|p1a: Gardevoir
|-boost|p1a: Gardevoir|spa|1
|-boost|p1a: Gardevoir|spd|1
|cant|p2a: Metagross|par
|
|upkeep
|turn|40
|c|☆gogginsaad|worst player i have ever seen in my life
|
|t:|1779707970
|move|p1a: Gardevoir|Calm Mind|p1a: Gardevoir
|-boost|p1a: Gardevoir|spa|1
|-boost|p1a: Gardevoir|spd|1
|move|p2a: Metagross|Meteor Mash|p1a: Gardevoir
|-supereffective|p1a: Gardevoir
|-damage|p1a: Gardevoir|0 fnt
|faint|p1a: Gardevoir
|
|win|gogginsaad
|raw|KenjiShiguma's rating: 1186 &rarr; <strong>1163</strong><br />(-23 for losing)
|raw|gogginsaad's rating: 1212 &rarr; <strong>1235</strong><br />(+23 for winning)
|c|☆gogginsaad|die
|c|☆gogginsaad|ez
|c|☆KenjiShiguma|Aww someone is sad
|c|☆KenjiShiguma|Lmao
|c|☆KenjiShiguma|Let me know when you get to hi elo
|c|☆gogginsaad|i was in 1456 uk
|c|☆KenjiShiguma|Oh that's soooo high
|c|☆KenjiShiguma|Lmao
|c|☆gogginsaad|still
|l|☆KenjiShiguma
|player|p1|
|c|☆gogginsaad|better than whatever this trash strat is
