|j|☆YoSoyDelBronx
|j|☆Hyuyu
|t:|1779647511
|gametype|singles
|player|p1|YoSoyDelBronx|noland|1299
|player|p2|Hyuyu|2|1330
|gen|9
|tier|[Gen 9] OU
|rated|
|rule|HP Percentage Mod: HP is shown in percentages
|rule|Endless Battle Clause: Forcing endless battles is banned
|rule|Species Clause: Limit one of each Pokémon
|rule|OHKO Clause: OHKO moves are banned
|rule|Evasion Items Clause: Evasion items are banned
|rule|Evasion Moves Clause: Evasion moves are banned
|rule|Evasion Abilities Clause: Evasion abilities are banned
|rule|Sleep Moves Clause: Sleep-inducing moves are banned
|clearpoke
|poke|p1|Ninetales, F|
|poke|p1|Venusaur, M|
|poke|p1|Walking Wake|
|poke|p1|Blaziken, M|
|poke|p1|Great Tusk|
|poke|p1|Golem-Alola, M|
|poke|p2|Seviper, F|
|poke|p2|Corviknight, F|
|poke|p2|Meloetta|
|poke|p2|Cinderace, M|
|poke|p2|Ogerpon-Wellspring, F|
|poke|p2|Great Tusk|
|teampreview
|
|t:|1779647532
|teamsize|p1|6
|teamsize|p2|6
|start
|switch|p1a: SimaSoyYo|Ninetales, F|100/100
|switch|p2a: Great Tusk|Great Tusk|100/100
|-weather|SunnyDay|[from] ability: Drought|[of] p1a: SimaSoyYo
|-activate|p2a: Great Tusk|ability: Protosynthesis
|-start|p2a: Great Tusk|protosynthesisatk
|turn|1
|
|t:|1779647549
|move|p2a: Great Tusk|Headlong Rush|p1a: SimaSoyYo
|-supereffective|p1a: SimaSoyYo
|-damage|p1a: SimaSoyYo|0 fnt
|-unboost|p2a: Great Tusk|def|1
|-unboost|p2a: Great Tusk|spd|1
|faint|p1a: SimaSoyYo
|
|-weather|SunnyDay|[upkeep]
|upkeep
|
|t:|1779647558
|switch|p1a: Blaziken|Blaziken, M|100/100
|-item|p1a: Blaziken|Air Balloon
|turn|2
|
|t:|1779647570
|-end|p2a: Great Tusk|Protosynthesis|[silent]
|switch|p2a: Corviknight|Corviknight, F|100/100
|-ability|p2a: Corviknight|Pressure
|move|p1a: Blaziken|Swords Dance|p1a: Blaziken
|-boost|p1a: Blaziken|atk|2
|
|-weather|SunnyDay|[upkeep]
|-ability|p1a: Blaziken|Speed Boost|boost
|-boost|p1a: Blaziken|spe|1
|upkeep
|turn|3
|
|t:|1779647585
|-terastallize|p2a: Corviknight|Water
|move|p1a: Blaziken|Flare Blitz|p2a: Corviknight
|-resisted|p2a: Corviknight
|-damage|p2a: Corviknight|43/100
|-damage|p1a: Blaziken|84/100|[from] item: Rocky Helmet|[of] p2a: Corviknight
|-damage|p1a: Blaziken|59/100|[from] Recoil
|move|p2a: Corviknight|Brave Bird|p1a: Blaziken
|-supereffective|p1a: Blaziken
|-damage|p1a: Blaziken|0 fnt
|-enditem|p1a: Blaziken|Air Balloon
|faint|p1a: Blaziken
|-damage|p2a: Corviknight|28/100|[from] Recoil
|
|-weather|SunnyDay|[upkeep]
|upkeep
|
|t:|1779647589
|switch|p1a: Sapopeta|Venusaur, M|100/100
|turn|4
|
|t:|1779647601
|move|p1a: Sapopeta|Growth|p1a: Sapopeta
|-boost|p1a: Sapopeta|atk|2
|-boost|p1a: Sapopeta|spa|2
|move|p2a: Corviknight|Brave Bird|p1a: Sapopeta
|-supereffective|p1a: Sapopeta
|-damage|p1a: Sapopeta|0 fnt
|faint|p1a: Sapopeta
|-damage|p2a: Corviknight|4/100|[from] Recoil
|
|-weather|SunnyDay|[upkeep]
|upkeep
|
|t:|1779647606
|switch|p1a: Great Tusk|Great Tusk|100/100
|-activate|p1a: Great Tusk|ability: Protosynthesis
|-start|p1a: Great Tusk|protosynthesisspe
|turn|5
|
|t:|1779647621
|-terastallize|p1a: Great Tusk|Ice
|move|p1a: Great Tusk|Bulk Up|p1a: Great Tusk
|-boost|p1a: Great Tusk|atk|1
|-boost|p1a: Great Tusk|def|1
|move|p2a: Corviknight|Brave Bird|p1a: Great Tusk
|-damage|p1a: Great Tusk|85/100
|-damage|p2a: Corviknight|0 fnt|[from] item: Rocky Helmet|[of] p1a: Great Tusk
|faint|p2a: Corviknight
|
|-weather|SunnyDay|[upkeep]
|upkeep
|
|t:|1779647630
|switch|p2a: Great Tusk|Great Tusk|100/100
|-activate|p2a: Great Tusk|ability: Protosynthesis
|-start|p2a: Great Tusk|protosynthesisatk
|turn|6
|
|t:|1779647664
|move|p1a: Great Tusk|Headlong Rush|p2a: Great Tusk
|-damage|p2a: Great Tusk|46/100
|-unboost|p1a: Great Tusk|def|1
|-unboost|p1a: Great Tusk|spd|1
|move|p2a: Great Tusk|Close Combat|p1a: Great Tusk
|-supereffective|p1a: Great Tusk
|-damage|p1a: Great Tusk|0 fnt
|-unboost|p2a: Great Tusk|def|1
|-unboost|p2a: Great Tusk|spd|1
|-damage|p2a: Great Tusk|29/100|[from] item: Rocky Helmet|[of] p1a: Great Tusk
|faint|p1a: Great Tusk
|-end|p1a: Great Tusk|Protosynthesis|[silent]
|
|-weather|SunnyDay|[upkeep]
|upkeep
|
|t:|1779647671
|switch|p1a: Weiki|Walking Wake|100/100
|-activate|p1a: Weiki|ability: Protosynthesis
|-start|p1a: Weiki|protosynthesisspe
|turn|7
|
|t:|1779647683
|-end|p2a: Great Tusk|Protosynthesis|[silent]
|switch|p2a: Ogerpon|Ogerpon-Wellspring, F|100/100
|move|p1a: Weiki|Flamethrower|p2a: Ogerpon
|-damage|p2a: Ogerpon|26/100
|
|-weather|SunnyDay|[upkeep]
|upkeep
|turn|8
|
|t:|1779647691
|switch|p2a: Cinderace|Cinderace, M|100/100
|move|p1a: Weiki|Flamethrower|p2a: Cinderace
|-resisted|p2a: Cinderace
|-crit|p2a: Cinderace
|-damage|p2a: Cinderace|36/100
|
|-weather|none
|-end|p1a: Weiki|Protosynthesis
|upkeep
|turn|9
|
|t:|1779647702
|move|p2a: Cinderace|Will-O-Wisp|p1a: Weiki|[miss]
|-miss|p2a: Cinderace|p1a: Weiki
|move|p1a: Weiki|Flamethrower|p2a: Cinderace
|-resisted|p2a: Cinderace
|-damage|p2a: Cinderace|7/100
|
|upkeep
|turn|10
|
|t:|1779647709
|move|p2a: Cinderace|Pyro Ball|p1a: Weiki|[miss]
|-miss|p2a: Cinderace|p1a: Weiki
|move|p1a: Weiki|Flamethrower|p2a: Cinderace
|-resisted|p2a: Cinderace
|-damage|p2a: Cinderace|0 fnt
|faint|p2a: Cinderace
|
|upkeep
|
|t:|1779647727
|switch|p2a: Meloetta|Meloetta|100/100
|turn|11
|
|t:|1779647735
|-end|p1a: Weiki|Protosynthesis|[silent]
|switch|p1a: Hustle Hard|Golem-Alola, M, shiny|100/100
|move|p2a: Meloetta|Psychic|p1a: Hustle Hard
|-damage|p1a: Hustle Hard|24/100
|
|upkeep
|turn|12
|
|t:|1779647749
|switch|p2a: Ogerpon|Ogerpon-Wellspring, F|26/100
|move|p1a: Hustle Hard|Explosion|p2a: Ogerpon
|-damage|p2a: Ogerpon|0 fnt
|faint|p1a: Hustle Hard
|faint|p2a: Ogerpon
|
|upkeep
|
|t:|1779647753
|switch|p2a: Meloetta|Meloetta|100/100
|switch|p1a: Weiki|Walking Wake|100/100
|turn|13
|
|t:|1779647758
|move|p1a: Weiki|Hydro Steam|p2a: Meloetta
|-damage|p2a: Meloetta|69/100
|move|p2a: Meloetta|Psychic|p1a: Weiki
|-damage|p1a: Weiki|44/100
|-unboost|p1a: Weiki|spd|1
|
|upkeep
|turn|14
|
|t:|1779647764
|move|p1a: Weiki|Hydro Steam|p2a: Meloetta
|-damage|p2a: Meloetta|35/100
|move|p2a: Meloetta|Psychic|p1a: Weiki
|-damage|p1a: Weiki|0 fnt
|faint|p1a: Weiki
|-end|p1a: Weiki|Protosynthesis|[silent]
|
|win|Hyuyu
|raw|YoSoyDelBronx's rating: 1299 &rarr; <strong>1276</strong><br />(-23 for losing)
|raw|Hyuyu's rating: 1330 &rarr; <strong>1348</strong><br />(+18 for winning)
|l|☆YoSoyDelBronx
|player|p1|
|l|☆Hyuyu
|player|p2|
