|j|☆Garchomp77789
|j|☆SillySushi
|t:|1779585184
|gametype|singles
|player|p1|Garchomp77789|clown|1000
|player|p2|SillySushi|maid|1000
|gen|9
|tier|[Gen 9] OU
|rated|
|rule|HP Percentage Mod: HP is shown in percentages
|rule|Endless Battle Clause: Forcing endless battles is banned
|rule|Species Clause: Limit one of each Pokémon
|rule|OHKO Clause: OHKO moves are banned
|rule|Evasion Items Clause: Evasion items are banned
|rule|Evasion Moves Clause: Evasion moves are banned
|rule|Evasion Abilities Clause: Evasion abilities are banned
|rule|Sleep Moves Clause: Sleep-inducing moves are banned
|clearpoke
|poke|p1|Corviknight, F|
|poke|p1|Lycanroc-Midnight, F|
|poke|p1|Lapras, F|
|poke|p1|Dondozo, M|
|poke|p1|Gliscor, M|
|poke|p1|Pikachu, M|
|poke|p2|Pelipper, M|
|poke|p2|Kingdra, F|
|poke|p2|Barraskewda, F|
|poke|p2|Tornadus-Therian, M|
|poke|p2|Iron Moth|
|poke|p2|Iron Treads|
|teampreview
|
|t:|1779585191
|teamsize|p1|6
|teamsize|p2|6
|start
|switch|p1a: Corviknight|Corviknight, F|100/100
|switch|p2a: Pelipper|Pelipper, M|100/100
|-ability|p1a: Corviknight|Pressure
|-weather|RainDance|[from] ability: Drizzle|[of] p2a: Pelipper
|turn|1
|inactive|Battle timer is ON: inactive players will automatically lose when time's up. (requested by SillySushi)
|
|t:|1779585206
|move|p1a: Corviknight|Body Press|p2a: Pelipper
|-resisted|p2a: Pelipper
|-damage|p2a: Pelipper|88/100
|move|p2a: Pelipper|U-turn|p1a: Corviknight
|-resisted|p1a: Corviknight
|-damage|p1a: Corviknight|99/100
|
|t:|1779585217
|switch|p2a: Kingdra|Kingdra, F|100/100|[from] U-turn
|
|-weather|RainDance|[upkeep]
|upkeep
|turn|2
|
|t:|1779585233
|switch|p1a: Lycanroc|Lycanroc-Midnight, F|100/100
|move|p2a: Kingdra|Weather Ball|p1a: Lycanroc
|-supereffective|p1a: Lycanroc
|-damage|p1a: Lycanroc|0 fnt
|faint|p1a: Lycanroc
|
|-weather|RainDance|[upkeep]
|upkeep
|
|t:|1779585244
|switch|p1a: Dondozo|Dondozo, M|100/100
|-item|p1a: Dondozo|Air Balloon
|turn|3
|
|t:|1779585252
|move|p2a: Kingdra|Weather Ball|p1a: Dondozo
|-resisted|p1a: Dondozo
|-damage|p1a: Dondozo|55/100
|-enditem|p1a: Dondozo|Air Balloon
|move|p1a: Dondozo|Avalanche|p2a: Kingdra
|-damage|p2a: Kingdra|60/100
|
|-weather|RainDance|[upkeep]
|upkeep
|turn|4
|
|t:|1779585264
|-terastallize|p2a: Kingdra|Water
|move|p2a: Kingdra|Weather Ball|p1a: Dondozo
|-resisted|p1a: Dondozo
|-damage|p1a: Dondozo|0 fnt
|faint|p1a: Dondozo
|
|-weather|RainDance|[upkeep]
|upkeep
|
|t:|1779585274
|switch|p1a: Pikachu|Pikachu, M|100/100
|turn|5
|
|t:|1779585279
|move|p2a: Kingdra|Weather Ball|p1a: Pikachu
|-damage|p1a: Pikachu|0 fnt
|faint|p1a: Pikachu
|
|-weather|RainDance|[upkeep]
|upkeep
|
|t:|1779585288
|switch|p1a: Lapras|Lapras, F|100/100
|turn|6
|inactive|SillySushi has 120 seconds left.
|
|t:|1779585336
|switch|p2a: Tornadus|Tornadus-Therian, M|100/100
|move|p1a: Lapras|Blizzard|p2a: Tornadus
|-supereffective|p2a: Tornadus
|-damage|p2a: Tornadus|14/100
|
|-weather|RainDance|[upkeep]
|upkeep
|turn|7
|
|t:|1779585347
|move|p2a: Tornadus|Hurricane|p1a: Lapras
|-damage|p1a: Lapras|60/100
|move|p1a: Lapras|Blizzard|p2a: Tornadus|[miss]
|-miss|p1a: Lapras|p2a: Tornadus
|
|-weather|RainDance|[upkeep]
|upkeep
|turn|8
|
|t:|1779585355
|move|p2a: Tornadus|Hurricane|p1a: Lapras
|-damage|p1a: Lapras|21/100
|move|p1a: Lapras|Blizzard|p2a: Tornadus|[miss]
|-miss|p1a: Lapras|p2a: Tornadus
|
|-weather|none
|upkeep
|turn|9
|inactive|SillySushi has 120 seconds left.
|inactive|SillySushi has 90 seconds left.
|l|☆Garchomp77789
|inactive|Garchomp77789 disconnected and has a minute to reconnect!
|player|p1|
|
|t:|1779585410
|switch|p2a: Iron Moth|Iron Moth|100/100
|switch|p1a: Gliscor|Gliscor, M|100/100
|
|upkeep
|turn|10
|inactive|Garchomp77789 has 30 seconds to reconnect!
|inactive|Garchomp77789 has 20 seconds to reconnect!
|inactive|Garchomp77789 has 15 seconds to reconnect!
|inactive|Garchomp77789 has 10 seconds to reconnect!
|inactive|Garchomp77789 has 5 seconds to reconnect!
|-message|Garchomp77789 lost due to inactivity.
|
|win|SillySushi
|raw|Garchomp77789's rating: 1000 &rarr; <strong>1000</strong><br />(+0 for losing)
|raw|SillySushi's rating: 1000 &rarr; <strong>1040</strong><br />(+40 for winning)
