|j|☆mayormccheese78
|j|☆Lukas21
|t:|1779713286
|gametype|singles
|player|p1|mayormccheese78|265|1211
|player|p2|Lukas21|101|1143
|gen|9
|tier|[Gen 9] OU
|rated|
|rule|HP Percentage Mod: HP is shown in percentages
|rule|Endless Battle Clause: Forcing endless battles is banned
|rule|Species Clause: Limit one of each Pokémon
|rule|OHKO Clause: OHKO moves are banned
|rule|Evasion Items Clause: Evasion items are banned
|rule|Evasion Moves Clause: Evasion moves are banned
|rule|Evasion Abilities Clause: Evasion abilities are banned
|rule|Sleep Moves Clause: Sleep-inducing moves are banned
|clearpoke
|poke|p1|Kyurem|
|poke|p1|Kingambit, M|
|poke|p1|Slowking-Galar, F|
|poke|p1|Great Tusk|
|poke|p1|Heatran, F|
|poke|p1|Ting-Lu|
|poke|p2|Scyther, M|
|poke|p2|Incineroar, F|
|poke|p2|Eelektross, M|
|poke|p2|Glimmora, F|
|poke|p2|Registeel|
|poke|p2|Hydrapple, M|
|teampreview
|inactive|Battle timer is ON: inactive players will automatically lose when time's up. (requested by mayormccheese78)
|
|t:|1779713296
|teamsize|p1|6
|teamsize|p2|6
|start
|switch|p1a: Heatran|Heatran, F|100/100
|switch|p2a: Glimmora|Glimmora, F|100/100
|-item|p2a: Glimmora|Air Balloon
|turn|1
|
|t:|1779713306
|move|p2a: Glimmora|Power Gem|p1a: Heatran
|-damage|p1a: Heatran|75/100
|move|p1a: Heatran|Magma Storm|p2a: Glimmora
|-resisted|p2a: Glimmora
|-damage|p2a: Glimmora|77/100
|-activate|p2a: Glimmora|move: Magma Storm|[of] p1a: Heatran
|-enditem|p2a: Glimmora|Air Balloon
|
|-heal|p1a: Heatran|82/100|[from] item: Leftovers
|-damage|p2a: Glimmora|65/100|[from] move: Magma Storm|[partiallytrapped]
|upkeep
|turn|2
|
|t:|1779713316
|move|p2a: Glimmora|Power Gem|p1a: Heatran
|-damage|p1a: Heatran|55/100
|move|p1a: Heatran|Earth Power|p2a: Glimmora
|-supereffective|p2a: Glimmora
|-damage|p2a: Glimmora|0 fnt
|faint|p2a: Glimmora
|
|-heal|p1a: Heatran|61/100|[from] item: Leftovers
|upkeep
|
|t:|1779713327
|switch|p2a: Hydrapple|Hydrapple, M|100/100
|turn|3
|
|t:|1779713333
|move|p1a: Heatran|Will-O-Wisp|p2a: Hydrapple
|-status|p2a: Hydrapple|brn
|move|p2a: Hydrapple|Earth Power|p1a: Heatran
|-supereffective|p1a: Heatran
|-damage|p1a: Heatran|0 fnt
|faint|p1a: Heatran
|-damage|p2a: Hydrapple|91/100 brn|[from] item: Life Orb
|
|-damage|p2a: Hydrapple|85/100 brn|[from] brn
|upkeep
|
|t:|1779713340
|switch|p1a: Kyurem|Kyurem|100/100
|-ability|p1a: Kyurem|Pressure
|turn|4
|
|t:|1779713348
|switch|p2a: Registeel|Registeel|100/100
|move|p1a: Kyurem|Ice Beam|p2a: Registeel
|-resisted|p2a: Registeel
|-damage|p2a: Registeel|86/100
|
|-heal|p2a: Registeel|92/100|[from] item: Leftovers
|upkeep
|turn|5
|
|t:|1779713355
|switch|p1a: Poop Stripe|Great Tusk, shiny|100/100
|move|p2a: Registeel|Curse|p2a: Registeel
|-unboost|p2a: Registeel|spe|1
|-boost|p2a: Registeel|atk|1
|-boost|p2a: Registeel|def|1
|
|-heal|p2a: Registeel|98/100|[from] item: Leftovers
|upkeep
|turn|6
|
|t:|1779713377
|move|p1a: Poop Stripe|Headlong Rush|p2a: Registeel
|-supereffective|p2a: Registeel
|-damage|p2a: Registeel|49/100
|-unboost|p1a: Poop Stripe|def|1
|-unboost|p1a: Poop Stripe|spd|1
|move|p2a: Registeel|Curse|p2a: Registeel
|-unboost|p2a: Registeel|spe|1
|-boost|p2a: Registeel|atk|1
|-boost|p2a: Registeel|def|1
|
|-heal|p2a: Registeel|55/100|[from] item: Leftovers
|upkeep
|turn|7
|
|t:|1779713402
|move|p1a: Poop Stripe|Knock Off|p2a: Registeel
|-damage|p2a: Registeel|46/100
|-enditem|p2a: Registeel|Leftovers|[from] move: Knock Off|[of] p1a: Poop Stripe
|move|p2a: Registeel|Body Press|p1a: Poop Stripe
|-damage|p1a: Poop Stripe|62/100
|
|upkeep
|turn|8
|
|t:|1779713408
|move|p1a: Poop Stripe|Headlong Rush|p2a: Registeel
|-supereffective|p2a: Registeel
|-damage|p2a: Registeel|9/100
|-unboost|p1a: Poop Stripe|def|1
|-unboost|p1a: Poop Stripe|spd|1
|move|p2a: Registeel|Iron Head|p1a: Poop Stripe
|-damage|p1a: Poop Stripe|8/100
|
|upkeep
|turn|9
|
|t:|1779713416
|move|p1a: Poop Stripe|Knock Off|p2a: Registeel
|-damage|p2a: Registeel|2/100
|move|p2a: Registeel|Iron Head|p1a: Poop Stripe
|-damage|p1a: Poop Stripe|0 fnt
|faint|p1a: Poop Stripe
|-end|p1a: Poop Stripe|Protosynthesis|[silent]
|
|upkeep
|
|t:|1779713425
|switch|p1a: Kyurem|Kyurem|100/100
|-ability|p1a: Kyurem|Pressure
|turn|10
|
|t:|1779713428
|move|p1a: Kyurem|Ice Beam|p2a: Registeel
|-resisted|p2a: Registeel
|-damage|p2a: Registeel|0 fnt
|faint|p2a: Registeel
|
|upkeep
|
|t:|1779713438
|switch|p2a: Eelektross|Eelektross, M|100/100
|turn|11
|
|t:|1779713442
|move|p1a: Kyurem|Substitute|p1a: Kyurem
|-start|p1a: Kyurem|Substitute
|-damage|p1a: Kyurem|75/100
|move|p2a: Eelektross|Flash Cannon|p1a: Kyurem
|-supereffective|p1a: Kyurem
|-end|p1a: Kyurem|Substitute
|
|upkeep
|turn|12
|
|t:|1779713450
|move|p1a: Kyurem|Ice Beam|p2a: Eelektross
|-damage|p2a: Eelektross|64/100
|move|p2a: Eelektross|Flash Cannon|p1a: Kyurem
|-supereffective|p1a: Kyurem
|-damage|p1a: Kyurem|30/100
|
|upkeep
|turn|13
|
|t:|1779713457
|switch|p1a: Ting-Lu|Ting-Lu|100/100
|-ability|p1a: Ting-Lu|Vessel of Ruin
|move|p2a: Eelektross|Flash Cannon|p1a: Ting-Lu
|-damage|p1a: Ting-Lu|90/100
|
|-heal|p1a: Ting-Lu|96/100|[from] item: Leftovers
|upkeep
|turn|14
|
|t:|1779713467
|switch|p2a: Incineroar|Incineroar, F|100/100
|-ability|p2a: Incineroar|Intimidate|boost
|-unboost|p1a: Ting-Lu|atk|1
|move|p1a: Ting-Lu|Ruination|p2a: Incineroar
|-damage|p2a: Incineroar|50/100
|
|-heal|p1a: Ting-Lu|100/100|[from] item: Leftovers
|upkeep
|turn|15
|
|t:|1779713483
|move|p2a: Incineroar|Flare Blitz|p1a: Ting-Lu
|-damage|p1a: Ting-Lu|71/100
|-damage|p2a: Incineroar|37/100|[from] Recoil
|move|p1a: Ting-Lu|Earthquake|p2a: Incineroar
|-supereffective|p2a: Incineroar
|-crit|p2a: Incineroar
|-damage|p2a: Incineroar|0 fnt
|faint|p2a: Incineroar
|
|-heal|p1a: Ting-Lu|77/100|[from] item: Leftovers
|upkeep
|
|t:|1779713492
|switch|p2a: Scyther|Scyther, M|100/100
|turn|16
|
|t:|1779713496
|move|p2a: Scyther|Swords Dance|p2a: Scyther
|-boost|p2a: Scyther|atk|2
|move|p1a: Ting-Lu|Ruination|p2a: Scyther|[miss]
|-miss|p1a: Ting-Lu|p2a: Scyther
|
|-heal|p1a: Ting-Lu|84/100|[from] item: Leftovers
|upkeep
|turn|17
|
|t:|1779713503
|move|p2a: Scyther|Swords Dance|p2a: Scyther
|-boost|p2a: Scyther|atk|2
|move|p1a: Ting-Lu|Whirlwind|p2a: Scyther
|drag|p2a: Eelektross|Eelektross, M|64/100
|
|-heal|p1a: Ting-Lu|90/100|[from] item: Leftovers
|upkeep
|turn|18
|
|t:|1779713509
|move|p2a: Eelektross|Giga Drain|p1a: Ting-Lu
|-supereffective|p1a: Ting-Lu
|-damage|p1a: Ting-Lu|70/100
|-heal|p2a: Eelektross|80/100|[from] drain|[of] p1a: Ting-Lu
|move|p1a: Ting-Lu|Ruination|p2a: Eelektross
|-damage|p2a: Eelektross|40/100
|
|-heal|p1a: Ting-Lu|77/100|[from] item: Leftovers
|upkeep
|turn|19
|
|t:|1779713518
|move|p2a: Eelektross|Giga Drain|p1a: Ting-Lu
|-supereffective|p1a: Ting-Lu
|-damage|p1a: Ting-Lu|59/100
|-heal|p2a: Eelektross|55/100|[from] drain|[of] p1a: Ting-Lu
|move|p1a: Ting-Lu|Spikes|p2a: Eelektross
|-sidestart|p2: Lukas21|Spikes
|
|-heal|p1a: Ting-Lu|65/100|[from] item: Leftovers
|upkeep
|turn|20
|
|t:|1779713525
|move|p2a: Eelektross|Giga Drain|p1a: Ting-Lu
|-supereffective|p1a: Ting-Lu
|-damage|p1a: Ting-Lu|48/100
|-heal|p2a: Eelektross|69/100|[from] drain|[of] p1a: Ting-Lu
|move|p1a: Ting-Lu|Spikes|p2a: Eelektross
|-sidestart|p2: Lukas21|Spikes
|
|-heal|p1a: Ting-Lu|54/100|[from] item: Leftovers
|upkeep
|turn|21
|
|t:|1779713532
|move|p2a: Eelektross|Giga Drain|p1a: Ting-Lu
|-supereffective|p1a: Ting-Lu
|-damage|p1a: Ting-Lu|35/100
|-heal|p2a: Eelektross|84/100|[from] drain|[of] p1a: Ting-Lu
|move|p1a: Ting-Lu|Whirlwind|p2a: Eelektross
|drag|p2a: Hydrapple|Hydrapple, M|100/100 brn
|-damage|p2a: Hydrapple|84/100 brn|[from] Spikes
|
|-heal|p1a: Ting-Lu|42/100|[from] item: Leftovers
|-damage|p2a: Hydrapple|78/100 brn|[from] brn
|upkeep
|turn|22
|
|t:|1779713542
|move|p1a: Ting-Lu|Ruination|p2a: Hydrapple
|-damage|p2a: Hydrapple|39/100 brn
|move|p2a: Hydrapple|Giga Drain|p1a: Ting-Lu
|-supereffective|p1a: Ting-Lu
|-damage|p1a: Ting-Lu|5/100
|-heal|p2a: Hydrapple|66/100 brn|[from] drain|[of] p1a: Ting-Lu
|-damage|p2a: Hydrapple|56/100 brn|[from] item: Life Orb
|
|-heal|p1a: Ting-Lu|11/100|[from] item: Leftovers
|-damage|p2a: Hydrapple|50/100 brn|[from] brn
|upkeep
|turn|23
|
|t:|1779713554
|move|p1a: Ting-Lu|Ruination|p2a: Hydrapple
|-damage|p2a: Hydrapple|25/100 brn
|move|p2a: Hydrapple|Recover|p2a: Hydrapple
|-heal|p2a: Hydrapple|75/100 brn
|
|-heal|p1a: Ting-Lu|18/100|[from] item: Leftovers
|-damage|p2a: Hydrapple|69/100 brn|[from] brn
|upkeep
|turn|24
|
|t:|1779713561
|switch|p1a: Slowking|Slowking-Galar, F|100/100
|move|p2a: Hydrapple|Giga Drain|p1a: Slowking
|-resisted|p1a: Slowking
|-damage|p1a: Slowking|85/100
|-heal|p2a: Hydrapple|78/100 brn|[from] drain|[of] p1a: Slowking
|-damage|p2a: Hydrapple|68/100 brn|[from] item: Life Orb
|
|-heal|p1a: Slowking|91/100|[from] item: Leftovers
|-damage|p2a: Hydrapple|62/100 brn|[from] brn
|upkeep
|turn|25
|
|t:|1779713572
|-terastallize|p2a: Hydrapple|Ground
|move|p2a: Hydrapple|Earth Power|p1a: Slowking
|-supereffective|p1a: Slowking
|-crit|p1a: Slowking
|-damage|p1a: Slowking|0 fnt
|faint|p1a: Slowking
|-damage|p2a: Hydrapple|52/100 brn|[from] item: Life Orb
|
|-damage|p2a: Hydrapple|46/100 brn|[from] brn
|upkeep
|
|t:|1779713578
|switch|p1a: Kyurem|Kyurem|30/100
|-ability|p1a: Kyurem|Pressure
|turn|26
|
|t:|1779713584
|switch|p2a: Eelektross|Eelektross, M|84/100
|move|p1a: Kyurem|Ice Beam|p2a: Eelektross
|-damage|p2a: Eelektross|47/100
|
|upkeep
|turn|27
|
|t:|1779713590
|move|p1a: Kyurem|Ice Beam|p2a: Eelektross
|-damage|p2a: Eelektross|10/100
|-status|p2a: Eelektross|frz
|cant|p2a: Eelektross|frz
|
|upkeep
|turn|28
|c|☆Lukas21|gg
|-message|Lukas21 forfeited.
|
|win|mayormccheese78
|raw|mayormccheese78's rating: 1211 &rarr; <strong>1231</strong><br />(+20 for winning)
|raw|Lukas21's rating: 1143 &rarr; <strong>1123</strong><br />(-20 for losing)
|l|☆Lukas21
|player|p2|
|l|☆mayormccheese78
|player|p1|
