|j|☆czy159951
|j|☆urmumshairydog
|t:|1779710300
|gametype|singles
|player|p1|czy159951|101|1202
|player|p2|urmumshairydog|170|1218
|gen|9
|tier|[Gen 9] OU
|rated|
|rule|HP Percentage Mod: HP is shown in percentages
|rule|Endless Battle Clause: Forcing endless battles is banned
|rule|Species Clause: Limit one of each Pokémon
|rule|OHKO Clause: OHKO moves are banned
|rule|Evasion Items Clause: Evasion items are banned
|rule|Evasion Moves Clause: Evasion moves are banned
|rule|Evasion Abilities Clause: Evasion abilities are banned
|rule|Sleep Moves Clause: Sleep-inducing moves are banned
|clearpoke
|poke|p1|Great Tusk|
|poke|p1|Quaquaval, M|
|poke|p1|Cobalion|
|poke|p1|Iron Valiant|
|poke|p1|Keldeo-Resolute|
|poke|p1|Decidueye-Hisui, M|
|poke|p2|Garganacl, M|
|poke|p2|Landorus-Therian, M|
|poke|p2|Ninetales-Alola, F|
|poke|p2|Gholdengo|
|poke|p2|Scizor, F|
|poke|p2|Volcanion|
|teampreview
|
|t:|1779710307
|teamsize|p1|6
|teamsize|p2|6
|start
|switch|p1a: Decidueye|Decidueye-Hisui, M|100/100
|switch|p2a: Volcanion|Volcanion|100/100
|turn|1
|
|t:|1779710316
|move|p1a: Decidueye|U-turn|p2a: Volcanion
|-resisted|p2a: Volcanion
|-damage|p2a: Volcanion|92/100
|
|t:|1779710324
|switch|p1a: Great Tusk|Great Tusk|100/100|[from] U-turn
|move|p2a: Volcanion|Will-O-Wisp|p1a: Great Tusk
|-status|p1a: Great Tusk|brn
|
|-damage|p1a: Great Tusk|94/100 brn|[from] brn
|upkeep
|turn|2
|
|t:|1779710341
|switch|p2a: Landorus|Landorus-Therian, M|100/100
|-ability|p2a: Landorus|Intimidate|boost
|-unboost|p1a: Great Tusk|atk|1
|move|p1a: Great Tusk|Headlong Rush|p2a: Landorus
|-immune|p2a: Landorus
|
|-damage|p1a: Great Tusk|88/100 brn|[from] brn
|upkeep
|turn|3
|
|t:|1779710356
|-end|p1a: Great Tusk|Protosynthesis|[silent]
|switch|p1a: Decidueye|Decidueye-Hisui, M|100/100
|move|p2a: Landorus|Stealth Rock|p1a: Decidueye
|-sidestart|p1: czy159951|move: Stealth Rock
|
|upkeep
|turn|4
|
|t:|1779710365
|move|p1a: Decidueye|Triple Arrows|p2a: Landorus
|-resisted|p2a: Landorus
|-damage|p2a: Landorus|77/100
|move|p2a: Landorus|Taunt|p1a: Decidueye
|-start|p1a: Decidueye|move: Taunt
|
|upkeep
|turn|5
|
|t:|1779710375
|move|p1a: Decidueye|Triple Arrows|p2a: Landorus
|-resisted|p2a: Landorus
|-damage|p2a: Landorus|54/100
|-unboost|p2a: Landorus|def|1
|cant|p2a: Landorus|flinch
|
|upkeep
|turn|6
|
|t:|1779710383
|switch|p2a: Scizor|Scizor, F|100/100
|move|p1a: Decidueye|Triple Arrows|p2a: Scizor
|-damage|p2a: Scizor|70/100
|
|upkeep
|turn|7
|
|t:|1779710391
|move|p1a: Decidueye|Triple Arrows|p2a: Scizor
|-damage|p2a: Scizor|40/100
|move|p2a: Scizor|Defog|p1a: Decidueye
|-unboost|p1a: Decidueye|evasion|1
|-sideend|p1: czy159951|Stealth Rock|[from] move: Defog|[of] p2a: Scizor
|
|-end|p1a: Decidueye|move: Taunt
|upkeep
|turn|8
|
|t:|1779710401
|move|p1a: Decidueye|Triple Arrows|p2a: Scizor
|-damage|p2a: Scizor|9/100
|-unboost|p2a: Scizor|def|1
|cant|p2a: Scizor|flinch
|
|upkeep
|turn|9
|
|t:|1779710408
|switch|p2a: Landorus|Landorus-Therian, M|54/100
|-ability|p2a: Landorus|Intimidate|boost
|-fail|p1a: Decidueye|unboost|Attack|[from] ability: Scrappy|[of] p1a: Decidueye
|move|p1a: Decidueye|Triple Arrows|p2a: Landorus
|-resisted|p2a: Landorus
|-damage|p2a: Landorus|29/100
|
|upkeep
|turn|10
|
|t:|1779710417
|move|p1a: Decidueye|Triple Arrows|p2a: Landorus
|-resisted|p2a: Landorus
|-damage|p2a: Landorus|5/100
|-unboost|p2a: Landorus|def|1
|cant|p2a: Landorus|flinch
|
|upkeep
|turn|11
|
|t:|1779710426
|switch|p2a: Scizor|Scizor, F|9/100
|move|p1a: Decidueye|Triple Arrows|p2a: Scizor
|-damage|p2a: Scizor|0 fnt
|faint|p2a: Scizor
|
|upkeep
|
|t:|1779710429
|switch|p2a: Gholdengo|Gholdengo|100/100
|turn|12
|
|t:|1779710436
|-terastallize|p1a: Decidueye|Fighting
|move|p1a: Decidueye|Triple Arrows|p2a: Gholdengo
|-supereffective|p2a: Gholdengo
|-damage|p2a: Gholdengo|2/100
|-unboost|p2a: Gholdengo|def|1
|-enditem|p2a: Gholdengo|Weakness Policy
|-boost|p2a: Gholdengo|atk|2|[from] item: Weakness Policy
|-boost|p2a: Gholdengo|spa|2|[from] item: Weakness Policy
|cant|p2a: Gholdengo|flinch
|
|upkeep
|turn|13
|
|t:|1779710448
|move|p1a: Decidueye|Triple Arrows|p2a: Gholdengo
|-supereffective|p2a: Gholdengo
|-damage|p2a: Gholdengo|0 fnt
|faint|p2a: Gholdengo
|
|upkeep
|
|t:|1779710450
|switch|p2a: Garganacl|Garganacl, M|100/100
|turn|14
|
|t:|1779710456
|-terastallize|p2a: Garganacl|Grass
|move|p1a: Decidueye|Triple Arrows|p2a: Garganacl
|-damage|p2a: Garganacl|70/100
|move|p2a: Garganacl|Salt Cure|p1a: Decidueye
|-resisted|p1a: Decidueye
|-damage|p1a: Decidueye|92/100
|-start|p1a: Decidueye|Salt Cure
|
|-heal|p2a: Garganacl|76/100|[from] item: Leftovers
|-damage|p1a: Decidueye|80/100|[from] Salt Cure
|upkeep
|turn|15
|
|t:|1779710468
|move|p1a: Decidueye|Triple Arrows|p2a: Garganacl
|-damage|p2a: Garganacl|50/100
|cant|p2a: Garganacl|flinch
|
|-heal|p2a: Garganacl|56/100|[from] item: Leftovers
|-damage|p1a: Decidueye|68/100|[from] Salt Cure
|upkeep
|turn|16
|
|t:|1779710478
|move|p1a: Decidueye|Triple Arrows|p2a: Garganacl
|-damage|p2a: Garganacl|27/100
|move|p2a: Garganacl|Sandstorm|p2a: Garganacl
|-weather|Sandstorm
|
|-weather|Sandstorm|[upkeep]
|-damage|p1a: Decidueye|62/100|[from] Sandstorm
|-damage|p2a: Garganacl|21/100|[from] Sandstorm
|-heal|p2a: Garganacl|27/100|[from] item: Leftovers
|-damage|p1a: Decidueye|49/100|[from] Salt Cure
|upkeep
|turn|17
|
|t:|1779710489
|move|p2a: Garganacl|Protect|p2a: Garganacl
|-singleturn|p2a: Garganacl|Protect
|move|p1a: Decidueye|Triple Arrows|p2a: Garganacl
|-activate|p2a: Garganacl|move: Protect
|
|-weather|Sandstorm|[upkeep]
|-damage|p1a: Decidueye|43/100|[from] Sandstorm
|-damage|p2a: Garganacl|21/100|[from] Sandstorm
|-heal|p2a: Garganacl|27/100|[from] item: Leftovers
|-damage|p1a: Decidueye|31/100|[from] Salt Cure
|upkeep
|turn|18
|
|t:|1779710500
|switch|p2a: Landorus|Landorus-Therian, M|5/100
|-ability|p2a: Landorus|Intimidate|boost
|-fail|p1a: Decidueye|unboost|Attack|[from] ability: Scrappy|[of] p1a: Decidueye
|move|p1a: Decidueye|Triple Arrows|p2a: Landorus
|-resisted|p2a: Landorus
|-damage|p2a: Landorus|0 fnt
|faint|p2a: Landorus
|
|-weather|Sandstorm|[upkeep]
|-damage|p1a: Decidueye|25/100|[from] Sandstorm
|-damage|p1a: Decidueye|13/100|[from] Salt Cure
|upkeep
|
|t:|1779710508
|switch|p2a: Garganacl|Garganacl, M, tera:Grass|27/100
|turn|19
|
|t:|1779710524
|switch|p1a: Cobalion|Cobalion|100/100
|move|p2a: Garganacl|Protect||[still]
|-fail|p2a: Garganacl
|
|-weather|Sandstorm|[upkeep]
|-damage|p2a: Garganacl|21/100|[from] Sandstorm
|-heal|p2a: Garganacl|27/100|[from] item: Leftovers
|upkeep
|turn|20
|
|t:|1779710535
|move|p1a: Cobalion|Iron Defense|p1a: Cobalion
|-boost|p1a: Cobalion|def|2
|move|p2a: Garganacl|Recover|p2a: Garganacl
|-heal|p2a: Garganacl|77/100
|
|-weather|none
|-heal|p2a: Garganacl|83/100|[from] item: Leftovers
|upkeep
|turn|21
|
|t:|1779710544
|move|p1a: Cobalion|Iron Defense|p1a: Cobalion
|-boost|p1a: Cobalion|def|2
|move|p2a: Garganacl|Salt Cure|p1a: Cobalion
|-resisted|p1a: Cobalion
|-damage|p1a: Cobalion|99/100
|-start|p1a: Cobalion|Salt Cure
|
|-heal|p2a: Garganacl|89/100|[from] item: Leftovers
|-damage|p1a: Cobalion|75/100|[from] Salt Cure
|upkeep
|turn|22
|
|t:|1779710556
|switch|p2a: Volcanion|Volcanion|92/100
|move|p1a: Cobalion|Iron Defense|p1a: Cobalion
|-boost|p1a: Cobalion|def|2
|
|-damage|p1a: Cobalion|50/100|[from] Salt Cure
|upkeep
|turn|23
|
|t:|1779710565
|move|p1a: Cobalion|Body Press|p2a: Volcanion
|-damage|p2a: Volcanion|0 fnt
|faint|p2a: Volcanion
|
|-damage|p1a: Cobalion|25/100|[from] Salt Cure
|upkeep
|
|t:|1779710568
|switch|p2a: Ninetales|Ninetales-Alola, F|100/100
|-weather|Snowscape|[from] ability: Snow Warning|[of] p2a: Ninetales
|turn|24
|
|t:|1779710576
|move|p2a: Ninetales|Aurora Veil|p2a: Ninetales
|-sidestart|p2: urmumshairydog|move: Aurora Veil
|move|p1a: Cobalion|Body Press|p2a: Ninetales
|-damage|p2a: Ninetales|31/100
|
|-weather|Snowscape|[upkeep]
|-damage|p1a: Cobalion|0 fnt|[from] Salt Cure
|faint|p1a: Cobalion
|upkeep
|
|t:|1779710588
|switch|p1a: Decidueye|Decidueye-Hisui, M, tera:Fighting|13/100
|turn|25
|
|t:|1779710594
|move|p1a: Decidueye|Triple Arrows|p2a: Ninetales
|-damage|p2a: Ninetales|2/100
|move|p2a: Ninetales|Draining Kiss|p1a: Decidueye
|-supereffective|p1a: Decidueye
|-damage|p1a: Decidueye|0 fnt
|-heal|p2a: Ninetales|12/100|[from] drain|[of] p1a: Decidueye
|faint|p1a: Decidueye
|
|-weather|Snowscape|[upkeep]
|upkeep
|
|t:|1779710605
|switch|p1a: Iron Valiant|Iron Valiant|100/100
|turn|26
|
|t:|1779710610
|move|p1a: Iron Valiant|Fire Punch|p2a: Ninetales
|-supereffective|p2a: Ninetales
|-crit|p2a: Ninetales
|-damage|p2a: Ninetales|0 fnt
|faint|p2a: Ninetales
|
|-weather|Snowscape|[upkeep]
|upkeep
|
|t:|1779710612
|switch|p2a: Garganacl|Garganacl, M, tera:Grass|89/100
|turn|27
|
|t:|1779710619
|move|p1a: Iron Valiant|Fire Punch|p2a: Garganacl
|-supereffective|p2a: Garganacl
|-damage|p2a: Garganacl|69/100
|move|p2a: Garganacl|Salt Cure|p1a: Iron Valiant
|-resisted|p1a: Iron Valiant
|-damage|p1a: Iron Valiant|92/100
|-start|p1a: Iron Valiant|Salt Cure
|
|-weather|Snowscape|[upkeep]
|-heal|p2a: Garganacl|75/100|[from] item: Leftovers
|-damage|p1a: Iron Valiant|79/100|[from] Salt Cure
|upkeep
|turn|28
|
|t:|1779710631
|-end|p1a: Iron Valiant|Quark Drive|[silent]
|switch|p1a: Great Tusk|Great Tusk|88/100 brn
|move|p2a: Garganacl|Protect||[still]
|-fail|p2a: Garganacl
|
|-weather|none
|-heal|p2a: Garganacl|81/100|[from] item: Leftovers
|-damage|p1a: Great Tusk|82/100 brn|[from] brn
|upkeep
|turn|29
|
|t:|1779710641
|move|p1a: Great Tusk|Ice Spinner|p2a: Garganacl
|-supereffective|p2a: Garganacl
|-damage|p2a: Garganacl|74/100
|move|p2a: Garganacl|Sandstorm|p2a: Garganacl
|-weather|Sandstorm
|
|-weather|Sandstorm|[upkeep]
|-damage|p2a: Garganacl|68/100|[from] Sandstorm
|-heal|p2a: Garganacl|74/100|[from] item: Leftovers
|-damage|p1a: Great Tusk|76/100 brn|[from] brn
|upkeep
|turn|30
|
|t:|1779710652
|move|p1a: Great Tusk|Ice Spinner|p2a: Garganacl
|-supereffective|p2a: Garganacl
|-damage|p2a: Garganacl|67/100
|move|p2a: Garganacl|Salt Cure|p1a: Great Tusk
|-resisted|p1a: Great Tusk
|-damage|p1a: Great Tusk|73/100 brn
|-start|p1a: Great Tusk|Salt Cure
|
|-weather|Sandstorm|[upkeep]
|-damage|p2a: Garganacl|61/100|[from] Sandstorm
|-heal|p2a: Garganacl|67/100|[from] item: Leftovers
|-damage|p1a: Great Tusk|67/100 brn|[from] brn
|-damage|p1a: Great Tusk|55/100 brn|[from] Salt Cure
|upkeep
|turn|31
|
|t:|1779710665
|move|p2a: Garganacl|Protect|p2a: Garganacl
|-singleturn|p2a: Garganacl|Protect
|move|p1a: Great Tusk|Ice Spinner|p2a: Garganacl
|-activate|p2a: Garganacl|move: Protect
|
|-weather|Sandstorm|[upkeep]
|-damage|p2a: Garganacl|61/100|[from] Sandstorm
|-heal|p2a: Garganacl|67/100|[from] item: Leftovers
|-damage|p1a: Great Tusk|48/100 brn|[from] brn
|-damage|p1a: Great Tusk|36/100 brn|[from] Salt Cure
|-sideend|p2: urmumshairydog|move: Aurora Veil
|upkeep
|turn|32
|
|t:|1779710678
|move|p1a: Great Tusk|Ice Spinner|p2a: Garganacl
|-supereffective|p2a: Garganacl
|-damage|p2a: Garganacl|52/100
|move|p2a: Garganacl|Recover|p2a: Garganacl
|-heal|p2a: Garganacl|100/100
|
|-weather|Sandstorm|[upkeep]
|-damage|p2a: Garganacl|94/100|[from] Sandstorm
|-heal|p2a: Garganacl|100/100|[from] item: Leftovers
|-damage|p1a: Great Tusk|30/100 brn|[from] brn
|-damage|p1a: Great Tusk|17/100 brn|[from] Salt Cure
|upkeep
|turn|33
|
|t:|1779710690
|move|p2a: Garganacl|Protect|p2a: Garganacl
|-singleturn|p2a: Garganacl|Protect
|move|p1a: Great Tusk|Ice Spinner|p2a: Garganacl
|-activate|p2a: Garganacl|move: Protect
|
|-weather|none
|-damage|p1a: Great Tusk|11/100 brn|[from] brn
|-damage|p1a: Great Tusk|0 fnt|[from] Salt Cure
|faint|p1a: Great Tusk
|-end|p1a: Great Tusk|Protosynthesis|[silent]
|upkeep
|
|t:|1779710702
|switch|p1a: Quaquaval|Quaquaval, M|100/100
|turn|34
|
|t:|1779710707
|move|p1a: Quaquaval|Brave Bird|p2a: Garganacl
|-supereffective|p2a: Garganacl
|-damage|p2a: Garganacl|41/100
|-damage|p1a: Quaquaval|75/100|[from] Recoil
|move|p2a: Garganacl|Salt Cure|p1a: Quaquaval
|-resisted|p1a: Quaquaval
|-damage|p1a: Quaquaval|65/100
|-start|p1a: Quaquaval|Salt Cure
|
|-heal|p2a: Garganacl|47/100|[from] item: Leftovers
|-damage|p1a: Quaquaval|40/100|[from] Salt Cure
|upkeep
|turn|35
|
|t:|1779710723
|move|p2a: Garganacl|Protect|p2a: Garganacl
|-singleturn|p2a: Garganacl|Protect
|move|p1a: Quaquaval|Brave Bird|p2a: Garganacl
|-activate|p2a: Garganacl|move: Protect
|
|-heal|p2a: Garganacl|53/100|[from] item: Leftovers
|-damage|p1a: Quaquaval|16/100|[from] Salt Cure
|upkeep
|turn|36
|inactive|Battle timer is ON: inactive players will automatically lose when time's up. (requested by urmumshairydog)
|
|t:|1779710733
|move|p1a: Quaquaval|Brave Bird|p2a: Garganacl
|-supereffective|p2a: Garganacl
|-damage|p2a: Garganacl|0 fnt
|faint|p2a: Garganacl
|-damage|p1a: Quaquaval|0 fnt|[from] Recoil
|faint|p1a: Quaquaval
|
|win|czy159951
|raw|czy159951's rating: 1202 &rarr; <strong>1228</strong><br />(+26 for winning)
|raw|urmumshairydog's rating: 1218 &rarr; <strong>1192</strong><br />(-26 for losing)
|l|☆urmumshairydog
|player|p2|
|l|☆czy159951
|player|p1|
