|j|☆43g4rbvfd
|j|☆zdravkobobi10956
|t:|1779700068
|gametype|singles
|player|p1|43g4rbvfd|170|1119
|player|p2|zdravkobobi10956|benga|1052
|gen|9
|tier|[Gen 9] OU
|rated|
|rule|HP Percentage Mod: HP is shown in percentages
|rule|Endless Battle Clause: Forcing endless battles is banned
|rule|Species Clause: Limit one of each Pokémon
|rule|OHKO Clause: OHKO moves are banned
|rule|Evasion Items Clause: Evasion items are banned
|rule|Evasion Moves Clause: Evasion moves are banned
|rule|Evasion Abilities Clause: Evasion abilities are banned
|rule|Sleep Moves Clause: Sleep-inducing moves are banned
|clearpoke
|poke|p1|Latias, F|
|poke|p1|Samurott-Hisui, F|
|poke|p1|Kommo-o, M|
|poke|p1|Ogerpon-Wellspring, F|
|poke|p1|Iron Moth|
|poke|p1|Weezing-Galar, F|
|poke|p2|Dragapult, M|
|poke|p2|Basculegion, M|
|poke|p2|Decidueye, M|
|poke|p2|Mimikyu, M|
|poke|p2|Ceruledge, M|
|poke|p2|Zoroark-Hisui, M|
|teampreview
|
|t:|1779700075
|teamsize|p1|6
|teamsize|p2|6
|start
|switch|p1a: Samurott|Samurott-Hisui, F|100/100
|switch|p2a: Ceruledge|Ceruledge, M|100/100
|turn|1
|
|t:|1779700079
|move|p2a: Ceruledge|Swords Dance|p2a: Ceruledge
|-boost|p2a: Ceruledge|atk|2
|move|p1a: Samurott|Ceaseless Edge|p2a: Ceruledge
|-supereffective|p2a: Ceruledge
|-damage|p2a: Ceruledge|0 fnt
|replace|p2a: Zoroark|Zoroark-Hisui, M, shiny
|-end|p2a: Zoroark|Illusion
|-sidestart|p2: zdravkobobi10956|Spikes
|faint|p2a: Zoroark
|
|upkeep
|
|t:|1779700087
|switch|p2a: Decidueye|Decidueye, M|100/100
|-damage|p2a: Decidueye|88/100|[from] Spikes
|turn|2
|
|t:|1779700091
|move|p1a: Samurott|Ceaseless Edge|p2a: Decidueye
|-supereffective|p2a: Decidueye
|-damage|p2a: Decidueye|0 fnt
|-sidestart|p2: zdravkobobi10956|Spikes
|faint|p2a: Decidueye
|
|upkeep
|
|t:|1779700098
|switch|p2a: Mimikyu|Mimikyu, M, shiny|100/100
|-damage|p2a: Mimikyu|84/100|[from] Spikes
|turn|3
|
|t:|1779700106
|move|p1a: Samurott|Ceaseless Edge|p2a: Mimikyu
|-activate|p2a: Mimikyu|ability: Disguise
|-damage|p2a: Mimikyu|84/100
|-sidestart|p2: zdravkobobi10956|Spikes
|detailschange|p2a: Mimikyu|Mimikyu-Busted, M, shiny
|-damage|p2a: Mimikyu|72/100|[from] pokemon: Mimikyu-Busted
|-enditem|p2a: Mimikyu|Red Card|[of] p1a: Samurott
|drag|p1a: Weezing|Weezing-Galar, F|100/100
|move|p2a: Mimikyu|Play Rough|p1a: Weezing
|-resisted|p1a: Weezing
|-damage|p1a: Weezing|87/100
|
|-heal|p1a: Weezing|93/100|[from] item: Black Sludge
|upkeep
|turn|4
|
|t:|1779700129
|-terastallize|p2a: Mimikyu|Ghost
|move|p2a: Mimikyu|Shadow Sneak|p1a: Weezing
|-damage|p1a: Weezing|77/100
|move|p1a: Weezing|Sludge Bomb|p2a: Mimikyu
|-resisted|p2a: Mimikyu
|-damage|p2a: Mimikyu|54/100
|
|-heal|p1a: Weezing|83/100|[from] item: Black Sludge
|upkeep
|turn|5
|-message|zdravkobobi10956 forfeited.
|
|win|43g4rbvfd
|raw|43g4rbvfd's rating: 1119 &rarr; <strong>1139</strong><br />(+20 for winning)
|raw|zdravkobobi10956's rating: 1052 &rarr; <strong>1038</strong><br />(-14 for losing)
|l|☆zdravkobobi10956
|player|p2|
|l|☆43g4rbvfd
|player|p1|
