|j|☆greynolabar
|j|☆bigboikana
|t:|1779712308
|gametype|singles
|player|p1|greynolabar|brock|1347
|player|p2|bigboikana|265|1328
|gen|9
|tier|[Gen 9] OU
|rated|
|rule|HP Percentage Mod: HP is shown in percentages
|rule|Endless Battle Clause: Forcing endless battles is banned
|rule|Species Clause: Limit one of each Pokémon
|rule|OHKO Clause: OHKO moves are banned
|rule|Evasion Items Clause: Evasion items are banned
|rule|Evasion Moves Clause: Evasion moves are banned
|rule|Evasion Abilities Clause: Evasion abilities are banned
|rule|Sleep Moves Clause: Sleep-inducing moves are banned
|clearpoke
|poke|p1|Skeledirge, M|
|poke|p1|Serperior, F|
|poke|p1|Ditto|
|poke|p1|Malamar, F|
|poke|p1|Azumarill, F|
|poke|p1|Corviknight, M|
|poke|p2|Dragapult, M|
|poke|p2|Slowking-Galar, M|
|poke|p2|Great Tusk|
|poke|p2|Ogerpon, F|
|poke|p2|Corviknight, F|
|poke|p2|Landorus-Therian, M|
|teampreview
|inactive|Battle timer is ON: inactive players will automatically lose when time's up. (requested by bigboikana)
|inactive|greynolabar also wants the timer to be on.
|inactive|bigboikana has 120 seconds left.
|
|t:|1779712341
|teamsize|p1|6
|teamsize|p2|6
|start
|switch|p1a: Corviknight|Corviknight, M|100/100
|switch|p2a: Dragapult|Dragapult, M|100/100
|turn|1
|
|t:|1779712360
|switch|p1a: Azumarill|Azumarill, F|100/100
|move|p2a: Dragapult|Thunderbolt|p1a: Azumarill
|-supereffective|p1a: Azumarill
|-crit|p1a: Azumarill
|-damage|p1a: Azumarill|0 fnt
|faint|p1a: Azumarill
|
|upkeep
|c|☆bigboikana|bombo
|
|t:|1779712367
|switch|p1a: Serperior|Serperior, F|100/100
|turn|2
|
|t:|1779712373
|switch|p2a: Corviknight|Corviknight, F|100/100
|-ability|p2a: Corviknight|Pressure
|move|p1a: Serperior|Glare|p2a: Corviknight
|-status|p2a: Corviknight|par
|
|upkeep
|turn|3
|
|t:|1779712380
|move|p1a: Serperior|Reflect|p1a: Serperior
|-sidestart|p1: greynolabar|Reflect
|cant|p2a: Corviknight|par
|
|upkeep
|turn|4
|
|t:|1779712383
|move|p1a: Serperior|Light Screen|p1a: Serperior
|-sidestart|p1: greynolabar|move: Light Screen
|move|p2a: Corviknight|Brave Bird|p1a: Serperior
|-supereffective|p1a: Serperior
|-damage|p1a: Serperior|55/100
|-damage|p2a: Corviknight|89/100 par|[from] Recoil
|
|upkeep
|turn|5
|
|t:|1779712400
|switch|p1a: Ursula|Malamar, F|100/100
|move|p2a: Corviknight|Brave Bird|p1a: Ursula
|-damage|p1a: Ursula|81/100
|-damage|p2a: Corviknight|83/100 par|[from] Recoil
|
|-heal|p1a: Ursula|87/100|[from] item: Leftovers
|upkeep
|turn|6
|
|t:|1779712408
|move|p1a: Ursula|Superpower|p2a: Corviknight
|-damage|p2a: Corviknight|67/100 par
|-boost|p1a: Ursula|atk|1
|-boost|p1a: Ursula|def|1
|-damage|p1a: Ursula|71/100|[from] item: Rocky Helmet|[of] p2a: Corviknight
|cant|p2a: Corviknight|par
|
|-heal|p1a: Ursula|77/100|[from] item: Leftovers
|upkeep
|turn|7
|
|t:|1779712416
|move|p1a: Ursula|Knock Off|p2a: Corviknight
|-damage|p2a: Corviknight|37/100 par
|-damage|p1a: Ursula|60/100|[from] item: Rocky Helmet|[of] p2a: Corviknight
|-enditem|p2a: Corviknight|Rocky Helmet|[from] move: Knock Off|[of] p1a: Ursula
|cant|p2a: Corviknight|par
|
|-heal|p1a: Ursula|66/100|[from] item: Leftovers
|upkeep
|turn|8
|
|t:|1779712424
|move|p1a: Ursula|Superpower|p2a: Corviknight
|-damage|p2a: Corviknight|15/100 par
|-boost|p1a: Ursula|atk|1
|-boost|p1a: Ursula|def|1
|cant|p2a: Corviknight|par
|
|-heal|p1a: Ursula|73/100|[from] item: Leftovers
|upkeep
|turn|9
|c|☆bigboikana|what
|
|t:|1779712434
|move|p1a: Ursula|Knock Off|p2a: Corviknight
|-damage|p2a: Corviknight|0 fnt
|faint|p2a: Corviknight
|
|-heal|p1a: Ursula|79/100|[from] item: Leftovers
|upkeep
|
|t:|1779712443
|switch|p2a: Landorus|Landorus-Therian, M|100/100
|-ability|p2a: Landorus|Intimidate|boost
|-boost|p1a: Ursula|atk|1
|turn|10
|
|t:|1779712449
|move|p2a: Landorus|U-turn|p1a: Ursula
|-supereffective|p1a: Ursula
|-damage|p1a: Ursula|52/100
|
|t:|1779712456
|switch|p2a: Great Tusk|Great Tusk|100/100|[from] U-turn
|-enditem|p2a: Great Tusk|Booster Energy
|-activate|p2a: Great Tusk|ability: Protosynthesis|[fromitem]
|-start|p2a: Great Tusk|protosynthesisatk
|move|p1a: Ursula|Knock Off|p2a: Great Tusk
|-resisted|p2a: Great Tusk
|-damage|p2a: Great Tusk|82/100
|
|-heal|p1a: Ursula|58/100|[from] item: Leftovers
|-sideend|p1: greynolabar|Reflect
|upkeep
|turn|11
|
|t:|1779712467
|move|p2a: Great Tusk|Headlong Rush|p1a: Ursula
|-damage|p1a: Ursula|17/100
|-unboost|p2a: Great Tusk|def|1
|-unboost|p2a: Great Tusk|spd|1
|move|p1a: Ursula|Rest|p1a: Ursula
|-status|p1a: Ursula|slp|[from] move: Rest
|-heal|p1a: Ursula|100/100 slp|[silent]
|
|-sideend|p1: greynolabar|move: Light Screen
|upkeep
|turn|12
|
|t:|1779712476
|-end|p2a: Great Tusk|Protosynthesis|[silent]
|switch|p2a: Dragapult|Dragapult, M|100/100
|cant|p1a: Ursula|slp
|move|p1a: Ursula|Sleep Talk|p1a: Ursula
|move|p1a: Ursula|Superpower|p2a: Dragapult|[from] move: Sleep Talk
|-immune|p2a: Dragapult
|
|upkeep
|turn|13
|
|t:|1779712488
|-terastallize|p1a: Ursula|Steel
|move|p2a: Dragapult|Shadow Ball|p1a: Ursula
|-damage|p1a: Ursula|61/100 slp
|cant|p1a: Ursula|slp
|move|p1a: Ursula|Sleep Talk|p1a: Ursula
|move|p1a: Ursula|Rest||[from] move: Sleep Talk|[still]
|-fail|p1a: Ursula
|
|-heal|p1a: Ursula|67/100 slp|[from] item: Leftovers
|upkeep
|turn|14
|
|t:|1779712498
|move|p2a: Dragapult|Shadow Ball|p1a: Ursula
|-crit|p1a: Ursula
|-damage|p1a: Ursula|1/100 slp
|-curestatus|p1a: Ursula|slp|[msg]
|move|p1a: Ursula|Knock Off|p2a: Dragapult
|-supereffective|p2a: Dragapult
|-damage|p2a: Dragapult|0 fnt
|-enditem|p2a: Dragapult|Choice Specs|[from] move: Knock Off|[of] p1a: Ursula
|faint|p2a: Dragapult
|
|-heal|p1a: Ursula|7/100|[from] item: Leftovers
|upkeep
|
|t:|1779712512
|switch|p2a: Great Tusk|Great Tusk|82/100
|turn|15
|
|t:|1779712527
|switch|p1a: Corviknight|Corviknight, M|100/100
|move|p2a: Great Tusk|Rapid Spin|p1a: Corviknight
|-resisted|p1a: Corviknight
|-damage|p1a: Corviknight|93/100
|-boost|p2a: Great Tusk|spe|1
|-damage|p2a: Great Tusk|66/100|[from] item: Rocky Helmet|[of] p1a: Corviknight
|
|upkeep
|turn|16
|
|t:|1779712536
|-end|p2a: Great Tusk|Protosynthesis|[silent]
|switch|p2a: Landorus|Landorus-Therian, M|100/100
|-ability|p2a: Landorus|Intimidate|boost
|-ability|p1a: Corviknight|Mirror Armor
|-unboost|p2a: Landorus|atk|1
|move|p1a: Corviknight|Air Slash|p2a: Landorus
|-damage|p2a: Landorus|73/100
|
|-heal|p2a: Landorus|79/100|[from] item: Leftovers
|upkeep
|turn|17
|
|t:|1779712550
|switch|p1a: Ditto|Ditto|100/100
|-transform|p1a: Ditto|p2a: Landorus|[from] ability: Imposter
|-ability|p1a: Ditto|Intimidate|boost
|-unboost|p2a: Landorus|atk|1
|move|p2a: Landorus|Stealth Rock|p1a: Ditto
|-sidestart|p1: greynolabar|move: Stealth Rock
|
|-heal|p2a: Landorus|85/100|[from] item: Leftovers
|upkeep
|turn|18
|
|t:|1779712560
|move|p1a: Ditto|Stealth Rock|p2a: Landorus
|-sidestart|p2: bigboikana|move: Stealth Rock
|move|p2a: Landorus|U-turn|p1a: Ditto
|-resisted|p1a: Ditto
|-damage|p1a: Ditto|92/100
|
|t:|1779712568
|switch|p2a: Great Tusk|Great Tusk|66/100|[from] U-turn
|-damage|p2a: Great Tusk|63/100|[from] Stealth Rock
|
|upkeep
|turn|19
|
|t:|1779712573
|switch|p1a: Corviknight|Corviknight, M|93/100
|-damage|p1a: Corviknight|80/100|[from] Stealth Rock
|move|p2a: Great Tusk|Ice Spinner|p1a: Corviknight
|-damage|p1a: Corviknight|55/100
|-damage|p2a: Great Tusk|47/100|[from] item: Rocky Helmet|[of] p1a: Corviknight
|
|upkeep
|turn|20
|-message|bigboikana forfeited.
|
|win|greynolabar
|raw|greynolabar's rating: 1347 &rarr; <strong>1366</strong><br />(+19 for winning)
|raw|bigboikana's rating: 1328 &rarr; <strong>1309</strong><br />(-19 for losing)
|l|☆bigboikana
|player|p2|
