|j|☆Billythekid95
|j|☆lambdaequation
|t:|1779570797
|gametype|singles
|player|p1|Billythekid95|170|1676
|player|p2|lambdaequation|266|1734
|gen|9
|tier|[Gen 9] OU
|rated|
|rule|HP Percentage Mod: HP is shown in percentages
|rule|Endless Battle Clause: Forcing endless battles is banned
|rule|Species Clause: Limit one of each Pokémon
|rule|OHKO Clause: OHKO moves are banned
|rule|Evasion Items Clause: Evasion items are banned
|rule|Evasion Moves Clause: Evasion moves are banned
|rule|Evasion Abilities Clause: Evasion abilities are banned
|rule|Sleep Moves Clause: Sleep-inducing moves are banned
|clearpoke
|poke|p1|Iron Crown|
|poke|p1|Ninetales-Alola, M|
|poke|p1|Great Tusk|
|poke|p1|Ogerpon-Wellspring, F|
|poke|p1|Moltres-Galar|
|poke|p1|Ceruledge, F|
|poke|p2|Glimmora, F|
|poke|p2|Iron Moth|
|poke|p2|Great Tusk|
|poke|p2|Gholdengo|
|poke|p2|Ting-Lu|
|poke|p2|Dragonite, M|
|teampreview
|
|t:|1779570829
|teamsize|p1|6
|teamsize|p2|6
|start
|switch|p1a: Great Tusk|Great Tusk|100/100
|switch|p2a: Gholdengo|Gholdengo|100/100
|-item|p2a: Gholdengo|Air Balloon
|turn|1
|
|t:|1779570835
|move|p2a: Gholdengo|Shadow Ball|p1a: Great Tusk
|-damage|p1a: Great Tusk|79/100
|move|p1a: Great Tusk|Knock Off|p2a: Gholdengo
|-supereffective|p2a: Gholdengo
|-damage|p2a: Gholdengo|32/100
|-enditem|p2a: Gholdengo|Air Balloon
|
|upkeep
|turn|2
|inactive|Battle timer is ON: inactive players will automatically lose when time's up. (requested by Billythekid95)
|
|t:|1779570842
|move|p2a: Gholdengo|Make It Rain|p1a: Great Tusk
|-damage|p1a: Great Tusk|40/100
|-unboost|p2a: Gholdengo|spa|1
|move|p1a: Great Tusk|Earthquake|p2a: Gholdengo
|-supereffective|p2a: Gholdengo
|-damage|p2a: Gholdengo|0 fnt
|faint|p2a: Gholdengo
|
|upkeep
|
|t:|1779570846
|switch|p2a: Dragonite|Dragonite, M|100/100
|turn|3
|
|t:|1779570853
|-end|p1a: Great Tusk|Protosynthesis|[silent]
|switch|p1a: Ninetales|Ninetales-Alola, M|100/100
|-weather|Snowscape|[from] ability: Snow Warning|[of] p1a: Ninetales
|move|p2a: Dragonite|Encore||[still]
|-fail|p2a: Dragonite
|
|-weather|Snowscape|[upkeep]
|upkeep
|turn|4
|
|t:|1779570860
|move|p1a: Ninetales|Aurora Veil|p1a: Ninetales
|-sidestart|p1: Billythekid95|move: Aurora Veil
|move|p2a: Dragonite|Dragon Dance|p2a: Dragonite
|-boost|p2a: Dragonite|atk|1
|-boost|p2a: Dragonite|spe|1
|
|-weather|Snowscape|[upkeep]
|upkeep
|turn|5
|
|t:|1779570869
|switch|p1a: Ogerpon|Ogerpon-Wellspring, F|100/100
|move|p2a: Dragonite|Encore||[still]
|-fail|p2a: Dragonite
|
|-weather|Snowscape|[upkeep]
|upkeep
|turn|6
|
|t:|1779570874
|move|p2a: Dragonite|Scale Shot|p1a: Ogerpon|[miss]
|-miss|p2a: Dragonite|p1a: Ogerpon
|move|p1a: Ogerpon|Encore|p2a: Dragonite
|-start|p2a: Dragonite|Encore
|
|-weather|Snowscape|[upkeep]
|upkeep
|turn|7
|
|t:|1779570881
|switch|p2a: Glimmora|Glimmora, F|100/100
|move|p1a: Ogerpon|U-turn|p2a: Glimmora
|-resisted|p2a: Glimmora
|-damage|p2a: Glimmora|84/100
|-activate|p2a: Glimmora|ability: Toxic Debris
|-sidestart|p1: Billythekid95|move: Toxic Spikes
|
|t:|1779570892
|switch|p1a: Great Tusk|Great Tusk|40/100|[from] U-turn
|-status|p1a: Great Tusk|psn
|
|-weather|none
|-damage|p1a: Great Tusk|28/100 psn|[from] psn
|upkeep
|turn|8
|
|t:|1779570902
|move|p2a: Glimmora|Dazzling Gleam|p1a: Great Tusk
|-supereffective|p1a: Great Tusk
|-damage|p1a: Great Tusk|12/100 psn
|move|p1a: Great Tusk|Rapid Spin|p2a: Glimmora
|-resisted|p2a: Glimmora
|-damage|p2a: Glimmora|75/100
|-boost|p1a: Great Tusk|spe|1
|-activate|p2a: Glimmora|ability: Toxic Debris
|-sidestart|p1: Billythekid95|move: Toxic Spikes
|-sideend|p1: Billythekid95|Toxic Spikes|[from] move: Rapid Spin|[of] p1a: Great Tusk
|
|-damage|p1a: Great Tusk|0 fnt|[from] psn
|faint|p1a: Great Tusk
|-end|p1a: Great Tusk|Protosynthesis|[silent]
|upkeep
|
|t:|1779570920
|switch|p1a: Moltres|Moltres-Galar|100/100
|turn|9
|
|t:|1779570924
|move|p1a: Moltres|Taunt|p2a: Glimmora
|-start|p2a: Glimmora|move: Taunt
|move|p2a: Glimmora|Meteor Beam||[still]
|-prepare|p2a: Glimmora|Meteor Beam
|-boost|p2a: Glimmora|spa|1
|-enditem|p2a: Glimmora|Power Herb
|-anim|p2a: Glimmora|Meteor Beam|p1a: Moltres
|-supereffective|p1a: Moltres
|-damage|p1a: Moltres|15/100
|-ability|p1a: Moltres|Berserk|boost
|-boost|p1a: Moltres|spa|1
|-enditem|p1a: Moltres|Sitrus Berry|[eat]
|-heal|p1a: Moltres|39/100|[from] item: Sitrus Berry
|
|upkeep
|turn|10
|
|t:|1779570936
|move|p1a: Moltres|Fiery Wrath|p2a: Glimmora
|-damage|p2a: Glimmora|0 fnt
|faint|p2a: Glimmora
|
|upkeep
|j| simplegent
|
|t:|1779570958
|switch|p2a: Dragonite|Dragonite, M|100/100
|turn|11
|
|t:|1779570963
|move|p1a: Moltres|Taunt|p2a: Dragonite
|-start|p2a: Dragonite|move: Taunt
|move|p2a: Dragonite|Scale Shot|p1a: Moltres
|-damage|p1a: Moltres|30/100
|-damage|p1a: Moltres|21/100
|-damage|p1a: Moltres|12/100
|-damage|p1a: Moltres|3/100
|-hitcount|p1a: Moltres|4
|-unboost|p2a: Dragonite|def|1
|-boost|p2a: Dragonite|spe|1
|
|-sideend|p1: Billythekid95|move: Aurora Veil
|upkeep
|turn|12
|
|t:|1779570980
|move|p2a: Dragonite|Scale Shot|p1a: Moltres
|-damage|p1a: Moltres|0 fnt
|faint|p1a: Moltres
|-hitcount|p1: Moltres|1
|-unboost|p2a: Dragonite|def|1
|-boost|p2a: Dragonite|spe|1
|
|upkeep
|
|t:|1779570986
|switch|p1a: Ninetales|Ninetales-Alola, M|100/100
|-weather|Snowscape|[from] ability: Snow Warning|[of] p1a: Ninetales
|turn|13
|
|t:|1779570990
|move|p2a: Dragonite|Fire Punch|p1a: Ninetales
|-supereffective|p1a: Ninetales
|-damage|p1a: Ninetales|49/100
|move|p1a: Ninetales|Aurora Veil|p1a: Ninetales
|-sidestart|p1: Billythekid95|move: Aurora Veil
|
|-weather|Snowscape|[upkeep]
|-end|p2a: Dragonite|move: Taunt
|upkeep
|turn|14
|
|t:|1779570997
|switch|p1a: Ogerpon|Ogerpon-Wellspring, F|100/100
|move|p2a: Dragonite|Encore||[still]
|-fail|p2a: Dragonite
|
|-weather|Snowscape|[upkeep]
|upkeep
|turn|15
|
|t:|1779571007
|move|p2a: Dragonite|Scale Shot|p1a: Ogerpon|[miss]
|-miss|p2a: Dragonite|p1a: Ogerpon
|move|p1a: Ogerpon|U-turn|p2a: Dragonite
|-resisted|p2a: Dragonite
|-damage|p2a: Dragonite|86/100
|
|t:|1779571018
|switch|p1a: Ninetales|Ninetales-Alola, M|49/100|[from] U-turn
|
|-weather|Snowscape|[upkeep]
|upkeep
|turn|16
|
|t:|1779571034
|-terastallize|p2a: Dragonite|Fire
|move|p2a: Dragonite|Dragon Dance|p2a: Dragonite
|-boost|p2a: Dragonite|atk|1
|-boost|p2a: Dragonite|spe|1
|move|p1a: Ninetales|Freeze-Dry|p2a: Dragonite
|-resisted|p2a: Dragonite
|-damage|p2a: Dragonite|74/100
|
|-weather|Snowscape|[upkeep]
|upkeep
|turn|17
|
|t:|1779571042
|move|p2a: Dragonite|Encore|p1a: Ninetales
|-start|p1a: Ninetales|Encore
|move|p1a: Ninetales|Freeze-Dry|p2a: Dragonite
|-resisted|p2a: Dragonite
|-damage|p2a: Dragonite|63/100
|
|-weather|none
|upkeep
|turn|18
|
|t:|1779571049
|switch|p1a: Ogerpon|Ogerpon-Wellspring, F|100/100
|move|p2a: Dragonite|Dragon Dance|p2a: Dragonite
|-boost|p2a: Dragonite|atk|1
|-boost|p2a: Dragonite|spe|1
|
|upkeep
|turn|19
|
|t:|1779571055
|move|p2a: Dragonite|Scale Shot|p1a: Ogerpon
|-damage|p1a: Ogerpon|80/100
|-damage|p1a: Ogerpon|62/100
|-damage|p1a: Ogerpon|42/100
|-damage|p1a: Ogerpon|23/100
|-damage|p1a: Ogerpon|3/100
|-hitcount|p1a: Ogerpon|5
|-unboost|p2a: Dragonite|def|1
|-boost|p2a: Dragonite|spe|1
|move|p1a: Ogerpon|Ivy Cudgel|p2a: Dragonite|[anim] Ivy Cudgel Water
|-supereffective|p2a: Dragonite
|-damage|p2a: Dragonite|0 fnt
|faint|p2a: Dragonite
|
|upkeep
|c|☆lambdaequation|see if scale shot hit those two times
|c|☆lambdaequation|woger would be dead
|
|t:|1779571073
|switch|p2a: Greed Tusk|Great Tusk|100/100
|-enditem|p2a: Greed Tusk|Booster Energy
|-activate|p2a: Greed Tusk|ability: Protosynthesis|[fromitem]
|-start|p2a: Greed Tusk|protosynthesisspe
|turn|20
|
|t:|1779571088
|move|p2a: Greed Tusk|Ice Spinner|p1a: Ogerpon
|-damage|p1a: Ogerpon|0 fnt
|faint|p1a: Ogerpon
|
|-sideend|p1: Billythekid95|move: Aurora Veil
|upkeep
|
|t:|1779571093
|switch|p1a: Ninetales|Ninetales-Alola, M|49/100
|-weather|Snowscape|[from] ability: Snow Warning|[of] p1a: Ninetales
|turn|21
|
|t:|1779571101
|move|p2a: Greed Tusk|Headlong Rush|p1a: Ninetales
|-damage|p1a: Ninetales|9/100
|-unboost|p2a: Greed Tusk|def|1
|-unboost|p2a: Greed Tusk|spd|1
|move|p1a: Ninetales|Aurora Veil|p1a: Ninetales
|-sidestart|p1: Billythekid95|move: Aurora Veil
|
|-weather|Snowscape|[upkeep]
|upkeep
|turn|22
|
|t:|1779571108
|move|p2a: Greed Tusk|Headlong Rush|p1a: Ninetales
|-damage|p1a: Ninetales|0 fnt
|-unboost|p2a: Greed Tusk|def|1
|-unboost|p2a: Greed Tusk|spd|1
|faint|p1a: Ninetales
|
|-weather|Snowscape|[upkeep]
|upkeep
|
|t:|1779571116
|switch|p1a: Ceruledge|Ceruledge, F|100/100
|turn|23
|
|t:|1779571126
|-end|p2a: Greed Tusk|Protosynthesis|[silent]
|switch|p2a: Ting-Lu|Ting-Lu|100/100
|-ability|p2a: Ting-Lu|Vessel of Ruin
|-terastallize|p1a: Ceruledge|Bug
|move|p1a: Ceruledge|Bulk Up|p1a: Ceruledge
|-boost|p1a: Ceruledge|atk|1
|-boost|p1a: Ceruledge|def|1
|
|-weather|Snowscape|[upkeep]
|upkeep
|turn|24
|
|t:|1779571135
|move|p1a: Ceruledge|Taunt|p2a: Ting-Lu
|-start|p2a: Ting-Lu|move: Taunt
|move|p2a: Ting-Lu|Ruination|p1a: Ceruledge
|-damage|p1a: Ceruledge|51/100
|
|-weather|Snowscape|[upkeep]
|upkeep
|turn|25
|
|t:|1779571143
|move|p1a: Ceruledge|Bulk Up|p1a: Ceruledge
|-boost|p1a: Ceruledge|atk|1
|-boost|p1a: Ceruledge|def|1
|move|p2a: Ting-Lu|Ruination|p1a: Ceruledge
|-damage|p1a: Ceruledge|26/100
|
|-weather|none
|upkeep
|turn|26
|
|t:|1779571149
|move|p1a: Ceruledge|Bitter Blade|p2a: Ting-Lu
|-damage|p2a: Ting-Lu|68/100
|-heal|p1a: Ceruledge|49/100|[from] drain|[of] p2a: Ting-Lu
|-enditem|p2a: Ting-Lu|Red Card|[of] p1a: Ceruledge
|drag|p1a: Iron Crown|Iron Crown|100/100
|-enditem|p1a: Iron Crown|Booster Energy
|-activate|p1a: Iron Crown|ability: Quark Drive|[fromitem]
|-start|p1a: Iron Crown|quarkdrivespa
|move|p2a: Ting-Lu|Ruination|p1a: Iron Crown
|-damage|p1a: Iron Crown|51/100
|
|-end|p2a: Ting-Lu|move: Taunt
|upkeep
|turn|27
|
|t:|1779571163
|move|p1a: Iron Crown|Calm Mind|p1a: Iron Crown
|-boost|p1a: Iron Crown|spa|1
|-boost|p1a: Iron Crown|spd|1
|move|p2a: Ting-Lu|Earthquake|p1a: Iron Crown
|-supereffective|p1a: Iron Crown
|-damage|p1a: Iron Crown|20/100
|
|upkeep
|turn|28
|
|t:|1779571169
|move|p1a: Iron Crown|Tachyon Cutter|p2a: Ting-Lu
|-damage|p2a: Ting-Lu|41/100
|-damage|p2a: Ting-Lu|12/100
|-hitcount|p2a: Ting-Lu|2
|move|p2a: Ting-Lu|Earthquake|p1a: Iron Crown
|-supereffective|p1a: Iron Crown
|-damage|p1a: Iron Crown|0 fnt
|faint|p1a: Iron Crown
|-end|p1a: Iron Crown|Quark Drive|[silent]
|
|-sideend|p1: Billythekid95|move: Aurora Veil
|upkeep
|
|t:|1779571178
|switch|p1a: Ceruledge|Ceruledge, F, tera:Bug|49/100
|turn|29
|
|t:|1779571182
|switch|p2a: Iron Moth|Iron Moth|100/100
|-enditem|p2a: Iron Moth|Booster Energy
|-activate|p2a: Iron Moth|ability: Quark Drive|[fromitem]
|-start|p2a: Iron Moth|quarkdrivespa
|move|p1a: Ceruledge|Bulk Up|p1a: Ceruledge
|-boost|p1a: Ceruledge|atk|1
|-boost|p1a: Ceruledge|def|1
|
|upkeep
|turn|30
|
|t:|1779571189
|move|p2a: Iron Moth|Sludge Wave|p1a: Ceruledge
|-damage|p1a: Ceruledge|0 fnt
|faint|p1a: Ceruledge
|
|win|lambdaequation
|raw|Billythekid95's rating: 1676 &rarr; <strong>1659</strong><br />(-17 for losing)
|raw|lambdaequation's rating: 1734 &rarr; <strong>1751</strong><br />(+17 for winning)
|l|☆Billythekid95
|player|p1|
|l|☆lambdaequation
|player|p2|
