|j|☆marcosuavee
|j|☆claudechamp
|t:|1779578230
|gametype|singles
|player|p1|marcosuavee|parasollady|1211
|player|p2|claudechamp|101|1270
|gen|9
|tier|[Gen 9] OU
|rated|
|rule|HP Percentage Mod: HP is shown in percentages
|rule|Endless Battle Clause: Forcing endless battles is banned
|rule|Species Clause: Limit one of each Pokémon
|rule|OHKO Clause: OHKO moves are banned
|rule|Evasion Items Clause: Evasion items are banned
|rule|Evasion Moves Clause: Evasion moves are banned
|rule|Evasion Abilities Clause: Evasion abilities are banned
|rule|Sleep Moves Clause: Sleep-inducing moves are banned
|clearpoke
|poke|p1|Pelipper, M|
|poke|p1|Basculegion, M|
|poke|p1|Ludicolo, M|
|poke|p1|Qwilfish, F|
|poke|p1|Goodra-Hisui, F|
|poke|p1|Kilowattrel, F|
|poke|p2|Gliscor, M|
|poke|p2|Ogerpon, F|
|poke|p2|Walking Wake|
|poke|p2|Blissey, F|
|poke|p2|Corviknight, F|
|poke|p2|Pecharunt|
|teampreview
|c|☆claudechamp|hf
|inactive|Battle timer is ON: inactive players will automatically lose when time's up. (requested by claudechamp)
|
|t:|1779578248
|teamsize|p1|6
|teamsize|p2|6
|start
|switch|p1a: Pelipper|Pelipper, M|100/100
|switch|p2a: Gliscor|Gliscor, M|100/100
|-weather|RainDance|[from] ability: Drizzle|[of] p1a: Pelipper
|turn|1
|
|t:|1779578275
|move|p2a: Gliscor|Spikes|p1a: Pelipper
|-sidestart|p1: marcosuavee|Spikes
|move|p1a: Pelipper|U-turn|p2a: Gliscor
|-resisted|p2a: Gliscor
|-damage|p2a: Gliscor|97/100
|
|t:|1779578278
|switch|p1a: Kilowattrel|Kilowattrel, F|100/100|[from] U-turn
|
|-weather|RainDance|[upkeep]
|-status|p2a: Gliscor|tox|[from] item: Toxic Orb
|upkeep
|turn|2
|
|t:|1779578284
|move|p1a: Kilowattrel|Weather Ball|p2a: Gliscor
|-supereffective|p2a: Gliscor
|-damage|p2a: Gliscor|14/100 tox
|move|p2a: Gliscor|Spikes|p1a: Kilowattrel
|-sidestart|p1: marcosuavee|Spikes
|
|-weather|RainDance|[upkeep]
|-heal|p2a: Gliscor|26/100 tox|[from] ability: Poison Heal
|upkeep
|turn|3
|
|t:|1779578290
|switch|p2a: Blissey|Blissey, F|100/100
|move|p1a: Kilowattrel|Weather Ball|p2a: Blissey
|-damage|p2a: Blissey|85/100
|
|-weather|RainDance|[upkeep]
|upkeep
|turn|4
|
|t:|1779578301
|switch|p1a: Qwilfish|Qwilfish, F|100/100
|-damage|p1a: Qwilfish|84/100|[from] Spikes
|move|p2a: Blissey|Stealth Rock|p1a: Qwilfish
|-sidestart|p1: marcosuavee|move: Stealth Rock
|
|-weather|RainDance|[upkeep]
|upkeep
|turn|5
|
|t:|1779578308
|move|p1a: Qwilfish|Swords Dance|p1a: Qwilfish
|-boost|p1a: Qwilfish|atk|2
|move|p2a: Blissey|Seismic Toss|p1a: Qwilfish
|-damage|p1a: Qwilfish|47/100
|
|-weather|RainDance|[upkeep]
|upkeep
|turn|6
|
|t:|1779578317
|move|p1a: Qwilfish|Gunk Shot|p2a: Blissey
|-damage|p2a: Blissey|0 fnt
|faint|p2a: Blissey
|
|-weather|RainDance|[upkeep]
|upkeep
|
|t:|1779578319
|switch|p2a: Pecharunt|Pecharunt|100/100
|turn|7
|
|t:|1779578323
|move|p1a: Qwilfish|Liquidation|p2a: Pecharunt
|-damage|p2a: Pecharunt|49/100
|-unboost|p2a: Pecharunt|def|1
|move|p2a: Pecharunt|Foul Play|p1a: Qwilfish
|-damage|p1a: Qwilfish|0 fnt
|faint|p1a: Qwilfish
|
|-weather|RainDance|[upkeep]
|upkeep
|
|t:|1779578345
|switch|p1a: Goodra|Goodra-Hisui, F|100/100
|-damage|p1a: Goodra|84/100|[from] Spikes
|-damage|p1a: Goodra|78/100|[from] Stealth Rock
|turn|8
|
|t:|1779578353
|move|p2a: Pecharunt|Recover|p2a: Pecharunt
|-heal|p2a: Pecharunt|99/100
|move|p1a: Goodra|Thunder|p2a: Pecharunt
|-damage|p2a: Pecharunt|60/100
|
|-weather|none
|upkeep
|turn|9
|
|t:|1779578366
|switch|p2a: Gliscor|Gliscor, M|26/100 tox
|move|p1a: Goodra|Flash Cannon|p2a: Gliscor
|-damage|p2a: Gliscor|0 fnt
|faint|p2a: Gliscor
|
|upkeep
|
|t:|1779578371
|switch|p2a: Pecharunt|Pecharunt|60/100
|turn|10
|
|t:|1779578378
|move|p2a: Pecharunt|Parting Shot|p1a: Goodra
|-unboost|p1a: Goodra|atk|1
|-unboost|p1a: Goodra|spa|1
|
|t:|1779578380
|switch|p2a: Ogerpon|Ogerpon, F|100/100|[from] Parting Shot
|move|p1a: Goodra|Flash Cannon|p2a: Ogerpon
|-damage|p2a: Ogerpon|69/100
|-unboost|p2a: Ogerpon|spd|1
|-ability|p2a: Ogerpon|Defiant|boost
|-boost|p2a: Ogerpon|atk|2
|
|upkeep
|turn|11
|
|t:|1779578401
|move|p2a: Ogerpon|Knock Off|p1a: Goodra
|-damage|p1a: Goodra|21/100
|-enditem|p1a: Goodra|Assault Vest|[from] move: Knock Off|[of] p2a: Ogerpon
|move|p1a: Goodra|Draco Meteor|p2a: Ogerpon
|-damage|p2a: Ogerpon|0 fnt
|-unboost|p1a: Goodra|spa|2
|faint|p2a: Ogerpon
|
|upkeep
|
|t:|1779578402
|switch|p2a: Corviknight|Corviknight, F|100/100
|-ability|p2a: Corviknight|Pressure
|turn|12
|
|t:|1779578413
|move|p2a: Corviknight|Body Press|p1a: Goodra
|-supereffective|p1a: Goodra
|-damage|p1a: Goodra|0 fnt
|faint|p1a: Goodra
|
|upkeep
|
|t:|1779578420
|switch|p1a: Pelipper|Pelipper, M|100/100
|-damage|p1a: Pelipper|76/100|[from] Stealth Rock
|-weather|RainDance|[from] ability: Drizzle|[of] p1a: Pelipper
|turn|13
|
|t:|1779578427
|move|p2a: Corviknight|U-turn|p1a: Pelipper
|-resisted|p1a: Pelipper
|-damage|p1a: Pelipper|70/100
|
|t:|1779578435
|switch|p2a: Walking Wake|Walking Wake|100/100|[from] U-turn
|move|p1a: Pelipper|U-turn|p2a: Walking Wake
|-damage|p2a: Walking Wake|91/100
|
|t:|1779578443
|switch|p1a: Kilowattrel|Kilowattrel, F|100/100|[from] U-turn
|
|-weather|RainDance|[upkeep]
|upkeep
|turn|14
|
|t:|1779578470
|-terastallize|p1a: Kilowattrel|Water
|move|p1a: Kilowattrel|Thunder|p2a: Walking Wake
|-damage|p2a: Walking Wake|29/100
|move|p2a: Walking Wake|Surf|p1a: Kilowattrel
|-resisted|p1a: Kilowattrel
|-crit|p1a: Kilowattrel
|-damage|p1a: Kilowattrel|9/100
|
|-weather|RainDance|[upkeep]
|upkeep
|turn|15
|
|t:|1779578480
|move|p1a: Kilowattrel|Thunder|p2a: Walking Wake
|-damage|p2a: Walking Wake|0 fnt
|faint|p2a: Walking Wake
|-end|p2a: Walking Wake|Protosynthesis|[silent]
|
|-weather|RainDance|[upkeep]
|upkeep
|
|t:|1779578483
|switch|p2a: Corviknight|Corviknight, F|100/100
|-ability|p2a: Corviknight|Pressure
|turn|16
|
|t:|1779578488
|-terastallize|p2a: Corviknight|Ghost
|move|p1a: Kilowattrel|Thunder|p2a: Corviknight
|-damage|p2a: Corviknight|53/100
|move|p2a: Corviknight|U-turn|p1a: Kilowattrel
|-damage|p1a: Kilowattrel|0 fnt
|faint|p1a: Kilowattrel
|
|t:|1779578491
|switch|p2a: Pecharunt|Pecharunt|60/100|[from] U-turn
|
|-weather|RainDance|[upkeep]
|upkeep
|
|t:|1779578496
|switch|p1a: Basculegion|Basculegion, M|100/100
|-damage|p1a: Basculegion|84/100|[from] Spikes
|-damage|p1a: Basculegion|72/100|[from] Stealth Rock
|turn|17
|
|t:|1779578506
|move|p1a: Basculegion|Psychic Fangs|p2a: Pecharunt
|-supereffective|p2a: Pecharunt
|-damage|p2a: Pecharunt|19/100
|move|p2a: Pecharunt|Malignant Chain|p1a: Basculegion
|-resisted|p1a: Basculegion
|-damage|p1a: Basculegion|54/100
|-status|p1a: Basculegion|tox
|-start|p1a: Basculegion|confusion|[from] ability: Poison Puppeteer|[of] p2a: Pecharunt
|
|-weather|RainDance|[upkeep]
|-damage|p1a: Basculegion|47/100 tox|[from] psn
|upkeep
|turn|18
|
|t:|1779578511
|-activate|p1a: Basculegion|confusion
|-damage|p1a: Basculegion|30/100 tox|[from] confusion
|move|p2a: Pecharunt|Recover|p2a: Pecharunt
|-heal|p2a: Pecharunt|69/100
|
|-weather|RainDance|[upkeep]
|-damage|p1a: Basculegion|18/100 tox|[from] psn
|upkeep
|turn|19
|
|t:|1779578515
|-activate|p1a: Basculegion|confusion
|move|p1a: Basculegion|Psychic Fangs|p2a: Pecharunt
|-supereffective|p2a: Pecharunt
|-damage|p2a: Pecharunt|31/100
|move|p2a: Pecharunt|Recover|p2a: Pecharunt
|-heal|p2a: Pecharunt|81/100
|
|-weather|RainDance|[upkeep]
|-damage|p1a: Basculegion|0 fnt|[from] psn
|faint|p1a: Basculegion
|upkeep
|
|t:|1779578526
|switch|p1a: Ludicolo|Ludicolo, M|100/100
|-damage|p1a: Ludicolo|84/100|[from] Spikes
|-damage|p1a: Ludicolo|72/100|[from] Stealth Rock
|turn|20
|
|t:|1779578535
|move|p1a: Ludicolo|Hydro Pump|p2a: Pecharunt|[miss]
|-miss|p1a: Ludicolo|p2a: Pecharunt
|move|p2a: Pecharunt|Malignant Chain|p1a: Ludicolo
|-supereffective|p1a: Ludicolo
|-damage|p1a: Ludicolo|6/100
|-status|p1a: Ludicolo|tox
|-start|p1a: Ludicolo|confusion|[from] ability: Poison Puppeteer|[of] p2a: Pecharunt
|
|-weather|none
|-damage|p1a: Ludicolo|0 fnt|[from] psn
|faint|p1a: Ludicolo
|upkeep
|
|t:|1779578538
|switch|p1a: Pelipper|Pelipper, M|70/100
|-damage|p1a: Pelipper|45/100|[from] Stealth Rock
|-weather|RainDance|[from] ability: Drizzle|[of] p1a: Pelipper
|turn|21
|
|t:|1779578543
|move|p2a: Pecharunt|Malignant Chain|p1a: Pelipper
|-damage|p1a: Pelipper|2/100
|-status|p1a: Pelipper|tox
|-start|p1a: Pelipper|confusion|[from] ability: Poison Puppeteer|[of] p2a: Pecharunt
|-activate|p1a: Pelipper|confusion
|move|p1a: Pelipper|Hurricane|p2a: Pecharunt
|-damage|p2a: Pecharunt|47/100
|
|-weather|RainDance|[upkeep]
|-damage|p1a: Pelipper|0 fnt|[from] psn
|faint|p1a: Pelipper
|
|win|claudechamp
|raw|marcosuavee's rating: 1211 &rarr; <strong>1192</strong><br />(-19 for losing)
|raw|claudechamp's rating: 1293 &rarr; <strong>1312</strong><br />(+19 for winning)
|c|☆claudechamp|gg
|l|☆marcosuavee
|player|p1|
|l|☆claudechamp
|player|p2|
