|j|☆Invalid310
|j|☆l0lip00p
|t:|1779557636
|gametype|singles
|player|p1|Invalid310|170|1074
|player|p2|l0lip00p|102|1074
|gen|9
|tier|[Gen 9] OU
|rated|
|rule|HP Percentage Mod: HP is shown in percentages
|rule|Endless Battle Clause: Forcing endless battles is banned
|rule|Species Clause: Limit one of each Pokémon
|rule|OHKO Clause: OHKO moves are banned
|rule|Evasion Items Clause: Evasion items are banned
|rule|Evasion Moves Clause: Evasion moves are banned
|rule|Evasion Abilities Clause: Evasion abilities are banned
|rule|Sleep Moves Clause: Sleep-inducing moves are banned
|clearpoke
|poke|p1|Venusaur, F|
|poke|p1|Rillaboom, F|
|poke|p1|Ceruledge, F|
|poke|p1|Kingambit, M|
|poke|p1|Hatterene, F|
|poke|p1|Dragonite, F|
|poke|p2|Corviknight, F|
|poke|p2|Zapdos-Galar|
|poke|p2|Flamigo, F|
|poke|p2|Toucannon, F|
|poke|p2|Quaquaval, M|
|poke|p2|Fezandipiti, M|
|teampreview
|c|☆Invalid310|:D
|
|t:|1779557653
|teamsize|p1|6
|teamsize|p2|6
|start
|switch|p1a: Venusaur|Venusaur, F|100/100
|switch|p2a: Corviknight|Corviknight, F|100/100
|-ability|p2a: Corviknight|Pressure
|turn|1
|
|t:|1779557661
|move|p1a: Venusaur|Leech Seed|p2a: Corviknight
|-start|p2a: Corviknight|move: Leech Seed
|move|p2a: Corviknight|Bulk Up|p2a: Corviknight
|-boost|p2a: Corviknight|atk|1
|-boost|p2a: Corviknight|def|1
|
|-damage|p2a: Corviknight|88/100|[from] Leech Seed|[of] p1a: Venusaur
|upkeep
|turn|2
|
|t:|1779557685
|switch|p1a: Ceruledge|Ceruledge, F|100/100
|switch|p2a: Zapdos|Zapdos-Galar|100/100
|
|upkeep
|turn|3
|
|t:|1779557705
|move|p2a: Zapdos|Tailwind|p2a: Zapdos
|-sidestart|p2: l0lip00p|move: Tailwind
|move|p1a: Ceruledge|Light Screen|p1a: Ceruledge
|-sidestart|p1: Invalid310|move: Light Screen
|
|upkeep
|turn|4
|
|t:|1779557732
|switch|p2a: Quaquaval|Quaquaval, M|100/100
|switch|p1a: Venusaur|Venusaur, F|100/100
|
|upkeep
|turn|5
|
|t:|1779557744
|switch|p2a: Toucannon|Toucannon, F|100/100
|move|p1a: Venusaur|Leech Seed|p2a: Toucannon
|-start|p2a: Toucannon|move: Leech Seed
|
|-damage|p2a: Toucannon|88/100|[from] Leech Seed|[of] p1a: Venusaur
|upkeep
|turn|6
|
|t:|1779557766
|switch|p1a: Hatterene|Hatterene, F|100/100
|move|p2a: Toucannon|Flame Charge|p1a: Hatterene
|-damage|p1a: Hatterene|84/100
|-boost|p2a: Toucannon|spe|1
|
|-damage|p2a: Toucannon|76/100|[from] Leech Seed|[of] p1a: Hatterene
|-heal|p1a: Hatterene|99/100|[silent]
|-sideend|p2: l0lip00p|move: Tailwind
|upkeep
|turn|7
|
|t:|1779557777
|switch|p2a: Corviknight|Corviknight, F|88/100
|-ability|p2a: Corviknight|Pressure
|move|p1a: Hatterene|Reflect|p1a: Hatterene
|-sidestart|p1: Invalid310|Reflect
|
|-heal|p2a: Corviknight|94/100|[from] item: Leftovers
|upkeep
|turn|8
|
|t:|1779557786
|move|p2a: Corviknight|Bulk Up|p2a: Corviknight
|-boost|p2a: Corviknight|atk|1
|-boost|p2a: Corviknight|def|1
|move|p1a: Hatterene|Thunder Wave|p2a: Corviknight
|-status|p2a: Corviknight|par
|
|-heal|p2a: Corviknight|99/100 par|[from] item: Leftovers
|upkeep
|turn|9
|
|t:|1779557805
|switch|p1a: Ceruledge|Ceruledge, F|100/100
|move|p2a: Corviknight|Iron Head|p1a: Ceruledge
|-resisted|p1a: Ceruledge
|-damage|p1a: Ceruledge|84/100
|
|-heal|p2a: Corviknight|100/100 par|[from] item: Leftovers
|upkeep
|turn|10
|
|t:|1779557819
|switch|p2a: Quaquaval|Quaquaval, M|100/100
|move|p1a: Ceruledge|Flame Charge|p2a: Quaquaval
|-resisted|p2a: Quaquaval
|-damage|p2a: Quaquaval|84/100
|-boost|p1a: Ceruledge|spe|1
|
|-sideend|p1: Invalid310|move: Light Screen
|upkeep
|turn|11
|
|t:|1779557851
|move|p1a: Ceruledge|Bitter Blade|p2a: Quaquaval
|-resisted|p2a: Quaquaval
|-damage|p2a: Quaquaval|53/100
|-heal|p1a: Ceruledge|100/100|[from] drain|[of] p2a: Quaquaval
|move|p2a: Quaquaval|Knock Off|p1a: Ceruledge
|-supereffective|p1a: Ceruledge
|-damage|p1a: Ceruledge|54/100
|-enditem|p1a: Ceruledge|Light Clay|[from] move: Knock Off|[of] p2a: Quaquaval
|
|upkeep
|turn|12
|
|t:|1779557872
|move|p1a: Ceruledge|Shadow Claw|p2a: Quaquaval
|-damage|p2a: Quaquaval|4/100
|-enditem|p2a: Quaquaval|Salac Berry|[eat]
|-boost|p2a: Quaquaval|spe|1|[from] item: Salac Berry
|move|p2a: Quaquaval|Aqua Step|p1a: Ceruledge
|-supereffective|p1a: Ceruledge
|-damage|p1a: Ceruledge|0 fnt
|-boost|p2a: Quaquaval|spe|1
|faint|p1a: Ceruledge
|-ability|p2a: Quaquaval|Moxie|boost
|-boost|p2a: Quaquaval|atk|1
|
|upkeep
|
|t:|1779557886
|switch|p1a: Venusaur|Venusaur, F|100/100
|turn|13
|
|t:|1779557891
|move|p2a: Quaquaval|Roost|p2a: Quaquaval
|-heal|p2a: Quaquaval|55/100
|-singleturn|p2a: Quaquaval|move: Roost
|move|p1a: Venusaur|Leech Seed|p2a: Quaquaval
|-start|p2a: Quaquaval|move: Leech Seed
|
|-damage|p2a: Quaquaval|42/100|[from] Leech Seed|[of] p1a: Venusaur
|upkeep
|turn|14
|
|t:|1779557901
|move|p2a: Quaquaval|Acrobatics|p1a: Venusaur
|-supereffective|p1a: Venusaur
|-damage|p1a: Venusaur|44/100
|move|p1a: Venusaur|Giga Drain|p2a: Quaquaval
|-supereffective|p2a: Quaquaval
|-damage|p2a: Quaquaval|0 fnt
|-heal|p1a: Venusaur|72/100|[from] drain|[of] p2a: Quaquaval
|faint|p2a: Quaquaval
|
|-sideend|p1: Invalid310|Reflect
|upkeep
|
|t:|1779557919
|switch|p2a: Toucannon|Toucannon, F|76/100
|turn|15
|inactive|Battle timer is ON: inactive players will automatically lose when time's up. (requested by l0lip00p)
|
|t:|1779557945
|switch|p1a: Hatterene|Hatterene, F|99/100
|move|p2a: Toucannon|Flame Charge|p1a: Hatterene
|-damage|p1a: Hatterene|84/100
|-boost|p2a: Toucannon|spe|1
|
|upkeep
|turn|16
|
|t:|1779557970
|-singleturn|p2a: Toucannon|move: Beak Blast
|move|p1a: Hatterene|Thunder Wave|p2a: Toucannon
|-status|p2a: Toucannon|par
|move|p2a: Toucannon|Beak Blast|p1a: Hatterene
|-damage|p1a: Hatterene|37/100
|
|upkeep
|turn|17
|
|t:|1779557998
|move|p2a: Toucannon|Rock Blast|p1a: Hatterene|[miss]
|-miss|p2a: Toucannon|p1a: Hatterene
|move|p1a: Hatterene|Reflect|p1a: Hatterene
|-sidestart|p1: Invalid310|Reflect
|
|upkeep
|turn|18
|
|t:|1779558009
|-singleturn|p2a: Toucannon|move: Beak Blast
|move|p1a: Hatterene|Light Screen|p1a: Hatterene
|-sidestart|p1: Invalid310|move: Light Screen
|move|p2a: Toucannon|Beak Blast|p1a: Hatterene
|-damage|p1a: Hatterene|11/100
|
|upkeep
|turn|19
|inactive|Invalid310 has 120 seconds left.
|
|t:|1779558026
|switch|p1a: Dragonite|Dragonite, F|100/100
|-singleturn|p2a: Toucannon|move: Beak Blast
|move|p2a: Toucannon|Beak Blast|p1a: Dragonite
|-damage|p1a: Dragonite|87/100
|
|upkeep
|turn|20
|inactive|Invalid310 has 120 seconds left.
|
|t:|1779558036
|move|p1a: Dragonite|Extreme Speed|p2a: Toucannon
|-damage|p2a: Toucannon|37/100 par
|move|p2a: Toucannon|Rock Blast|p1a: Dragonite
|-supereffective|p1a: Dragonite
|-damage|p1a: Dragonite|78/100
|-supereffective|p1a: Dragonite
|-damage|p1a: Dragonite|70/100
|-supereffective|p1a: Dragonite
|-damage|p1a: Dragonite|60/100
|-supereffective|p1a: Dragonite
|-damage|p1a: Dragonite|51/100
|-supereffective|p1a: Dragonite
|-damage|p1a: Dragonite|41/100
|-hitcount|p1a: Dragonite|5
|
|upkeep
|turn|21
|inactive|Invalid310 has 120 seconds left.
|inactive|Invalid310 has 90 seconds left.
|
|t:|1779558082
|move|p1a: Dragonite|Dragon Claw|p2a: Toucannon
|-damage|p2a: Toucannon|0 fnt
|faint|p2a: Toucannon
|
|upkeep
|
|t:|1779558089
|switch|p2a: Fezandipiti|Fezandipiti, M|100/100
|turn|22
|inactive|Invalid310 has 90 seconds left.
|
|t:|1779558100
|move|p2a: Fezandipiti|Toxic|p1a: Dragonite
|-status|p1a: Dragonite|tox
|move|p1a: Dragonite|Earthquake|p2a: Fezandipiti
|-supereffective|p2a: Fezandipiti
|-damage|p2a: Fezandipiti|0 fnt
|faint|p2a: Fezandipiti
|
|-damage|p1a: Dragonite|35/100 tox|[from] psn
|upkeep
|
|t:|1779558110
|switch|p2a: Flamigo|Flamigo, F|100/100
|turn|23
|inactive|Invalid310 has 90 seconds left.
|
|t:|1779558132
|switch|p1a: Venusaur|Venusaur, F|72/100
|move|p2a: Flamigo|Close Combat|p1a: Venusaur
|-resisted|p1a: Venusaur
|-damage|p1a: Venusaur|58/100
|-unboost|p2a: Flamigo|def|1
|-unboost|p2a: Flamigo|spd|1
|-enditem|p2a: Flamigo|White Herb
|-clearnegativeboost|p2a: Flamigo|[silent]
|
|upkeep
|turn|24
|inactive|Invalid310 has 90 seconds left.
|
|t:|1779558143
|move|p2a: Flamigo|Acrobatics|p1a: Venusaur
|-supereffective|p1a: Venusaur
|-damage|p1a: Venusaur|10/100
|move|p1a: Venusaur|Leech Seed|p2a: Flamigo
|-start|p2a: Flamigo|move: Leech Seed
|
|-damage|p2a: Flamigo|88/100|[from] Leech Seed|[of] p1a: Venusaur
|-heal|p1a: Venusaur|27/100|[silent]
|-sideend|p1: Invalid310|Reflect
|upkeep
|turn|25
|inactive|Invalid310 has 90 seconds left.
|
|t:|1779558159
|switch|p1a: Kingambit|Kingambit, M|100/100
|-activate|p1a: Kingambit|ability: Supreme Overlord
|-start|p1a: Kingambit|fallen1|[silent]
|move|p2a: Flamigo|Acrobatics|p1a: Kingambit
|-resisted|p1a: Kingambit
|-damage|p1a: Kingambit|83/100
|
|-heal|p1a: Kingambit|89/100|[from] item: Leftovers
|-damage|p2a: Flamigo|76/100|[from] Leech Seed|[of] p1a: Kingambit
|-heal|p1a: Kingambit|99/100|[silent]
|-sideend|p1: Invalid310|move: Light Screen
|upkeep
|turn|26
|inactive|Invalid310 has 90 seconds left.
|
|t:|1779558173
|switch|p2a: Zapdos|Zapdos-Galar|100/100
|move|p1a: Kingambit|Iron Defense|p1a: Kingambit
|-boost|p1a: Kingambit|def|2
|
|-heal|p1a: Kingambit|100/100|[from] item: Leftovers
|upkeep
|turn|27
|inactive|Invalid310 has 90 seconds left.
|inactive|Invalid310 has 60 seconds left.
|
|t:|1779558227
|move|p2a: Zapdos|Tailwind|p2a: Zapdos
|-sidestart|p2: l0lip00p|move: Tailwind
|move|p1a: Kingambit|Iron Head|p2a: Zapdos
|-damage|p2a: Zapdos|53/100
|
|-heal|p2a: Zapdos|59/100|[from] item: Leftovers
|upkeep
|turn|28
|
|t:|1779558239
|move|p2a: Zapdos|Thunderous Kick|p1a: Kingambit
|-supereffective|p1a: Kingambit
|-damage|p1a: Kingambit|44/100
|-unboost|p1a: Kingambit|def|1
|move|p1a: Kingambit|Iron Head|p2a: Zapdos
|-damage|p2a: Zapdos|13/100
|
|-heal|p2a: Zapdos|19/100|[from] item: Leftovers
|-heal|p1a: Kingambit|50/100|[from] item: Leftovers
|upkeep
|turn|29
|inactive|Invalid310 has 30 seconds left.
|
|t:|1779558264
|-terastallize|p1a: Kingambit|Dark
|move|p2a: Zapdos|Thunderous Kick|p1a: Kingambit
|-supereffective|p1a: Kingambit
|-damage|p1a: Kingambit|15/100
|-unboost|p1a: Kingambit|def|1
|move|p1a: Kingambit|Iron Defense|p1a: Kingambit
|-boost|p1a: Kingambit|def|2
|
|-heal|p2a: Zapdos|25/100|[from] item: Leftovers
|-heal|p1a: Kingambit|21/100|[from] item: Leftovers
|upkeep
|turn|30
|inactive|Invalid310 has 30 seconds left.
|c|☆Invalid310|fuck
|c|☆Invalid310|misclick
|
|t:|1779558283
|-end|p1a: Kingambit|fallen1|[silent]
|switch|p1a: Rillaboom|Rillaboom, F|100/100
|-fieldstart|move: Grassy Terrain|[from] ability: Grassy Surge|[of] p1a: Rillaboom
|move|p2a: Zapdos|Thunderous Kick|p1a: Rillaboom
|-damage|p1a: Rillaboom|67/100
|-unboost|p1a: Rillaboom|def|1
|
|-heal|p2a: Zapdos|32/100|[from] item: Leftovers
|-heal|p1a: Rillaboom|73/100|[from] Grassy Terrain
|-heal|p1a: Rillaboom|79/100|[from] item: Leftovers
|-sideend|p2: l0lip00p|move: Tailwind
|upkeep
|turn|31
|inactive|Invalid310 has 30 seconds left.
|inactive|Invalid310 has 20 seconds left.
|
|t:|1779558301
|move|p2a: Zapdos|Detect|p2a: Zapdos
|-singleturn|p2a: Zapdos|Protect
|move|p1a: Rillaboom|Grassy Glide|p2a: Zapdos
|-activate|p2a: Zapdos|move: Protect
|
|-heal|p2a: Zapdos|38/100|[from] item: Leftovers
|-heal|p1a: Rillaboom|85/100|[from] Grassy Terrain
|-heal|p1a: Rillaboom|91/100|[from] item: Leftovers
|upkeep
|turn|32
|inactive|Invalid310 has 30 seconds left this turn.
|inactive|Invalid310 has 20 seconds left.
|
|t:|1779558313
|move|p1a: Rillaboom|Grassy Glide|p2a: Zapdos
|-resisted|p2a: Zapdos
|-damage|p2a: Zapdos|20/100
|move|p2a: Zapdos|Drill Peck|p1a: Rillaboom
|-supereffective|p1a: Rillaboom
|-damage|p1a: Rillaboom|5/100
|
|-heal|p2a: Zapdos|26/100|[from] item: Leftovers
|-heal|p1a: Rillaboom|11/100|[from] Grassy Terrain
|-heal|p1a: Rillaboom|17/100|[from] item: Leftovers
|upkeep
|turn|33
|inactive|Invalid310 has 30 seconds left this turn.
|inactive|Invalid310 has 20 seconds left.
|
|t:|1779558325
|move|p2a: Zapdos|Drill Peck|p1a: Rillaboom
|-supereffective|p1a: Rillaboom
|-damage|p1a: Rillaboom|0 fnt
|faint|p1a: Rillaboom
|
|-heal|p2a: Zapdos|32/100|[from] item: Leftovers
|upkeep
|inactive|Invalid310 has 25 seconds left this turn.
|inactive|Invalid310 has 20 seconds left.
|
|t:|1779558330
|switch|p1a: Hatterene|Hatterene, F|11/100
|turn|34
|inactive|Invalid310 has 30 seconds left this turn.
|
|t:|1779558335
|move|p2a: Zapdos|Drill Peck|p1a: Hatterene
|-damage|p1a: Hatterene|0 fnt
|faint|p1a: Hatterene
|
|-heal|p2a: Zapdos|38/100|[from] item: Leftovers
|-fieldend|move: Grassy Terrain
|upkeep
|inactive|Invalid310 has 30 seconds left.
|
|t:|1779558344
|switch|p1a: Dragonite|Dragonite, F|35/100 tox
|turn|35
|
|t:|1779558350
|move|p2a: Zapdos|Detect|p2a: Zapdos
|-singleturn|p2a: Zapdos|Protect
|move|p1a: Dragonite|Extreme Speed|p2a: Zapdos
|-activate|p2a: Zapdos|move: Protect
|
|-heal|p2a: Zapdos|44/100|[from] item: Leftovers
|-damage|p1a: Dragonite|29/100 tox|[from] psn
|upkeep
|turn|36
|
|t:|1779558367
|switch|p2a: Flamigo|Flamigo, F|76/100
|move|p1a: Dragonite|Extreme Speed|p2a: Flamigo
|-damage|p2a: Flamigo|35/100
|
|-damage|p1a: Dragonite|17/100 tox|[from] psn
|upkeep
|turn|37
|
|t:|1779558375
|switch|p1a: Venusaur|Venusaur, F|27/100
|move|p2a: Flamigo|Acrobatics|p1a: Venusaur
|-supereffective|p1a: Venusaur
|-damage|p1a: Venusaur|0 fnt
|faint|p1a: Venusaur
|
|upkeep
|
|t:|1779558382
|switch|p1a: Kingambit|Kingambit, M, tera:Dark|21/100
|-activate|p1a: Kingambit|ability: Supreme Overlord
|-start|p1a: Kingambit|fallen4|[silent]
|turn|38
|
|t:|1779558387
|move|p2a: Flamigo|Close Combat|p1a: Kingambit
|-supereffective|p1a: Kingambit
|-damage|p1a: Kingambit|0 fnt
|-unboost|p2a: Flamigo|def|1
|-unboost|p2a: Flamigo|spd|1
|faint|p1a: Kingambit
|-end|p1a: Kingambit|fallen4|[silent]
|
|upkeep
|
|t:|1779558393
|switch|p1a: Dragonite|Dragonite, F|17/100 tox
|turn|39
|inactive|Invalid310 has 60 seconds left.
|
|t:|1779558399
|move|p2a: Flamigo|Roost|p2a: Flamigo
|-heal|p2a: Flamigo|85/100
|-singleturn|p2a: Flamigo|move: Roost
|move|p1a: Dragonite|Dragon Claw|p2a: Flamigo
|-damage|p2a: Flamigo|0 fnt
|faint|p2a: Flamigo
|
|-damage|p1a: Dragonite|10/100 tox|[from] psn
|upkeep
|
|t:|1779558410
|switch|p2a: Corviknight|Corviknight, F|100/100 par
|-ability|p2a: Corviknight|Pressure
|turn|40
|
|t:|1779558417
|move|p1a: Dragonite|Brick Break|p2a: Corviknight
|-damage|p2a: Corviknight|82/100 par
|move|p2a: Corviknight|Bulk Up|p2a: Corviknight
|-boost|p2a: Corviknight|atk|1
|-boost|p2a: Corviknight|def|1
|
|-heal|p2a: Corviknight|88/100 par|[from] item: Leftovers
|-damage|p1a: Dragonite|0 fnt|[from] psn
|faint|p1a: Dragonite
|
|win|l0lip00p
|raw|Invalid310's rating: 1074 &rarr; <strong>1053</strong><br />(-21 for losing)
|raw|l0lip00p's rating: 1074 &rarr; <strong>1103</strong><br />(+29 for winning)
|c|☆Invalid310|gg
|l|☆Invalid310
|player|p1|
|l|☆l0lip00p
|player|p2|
