|j|☆ChiefTriceracop
|j|☆togekaiser
|t:|1779625789
|gametype|singles
|player|p1|ChiefTriceracop|fisherman-gen4|1495
|player|p2|togekaiser|wattson|1453
|gen|9
|tier|[Gen 9] OU
|rated|
|rule|HP Percentage Mod: HP is shown in percentages
|rule|Endless Battle Clause: Forcing endless battles is banned
|rule|Species Clause: Limit one of each Pokémon
|rule|OHKO Clause: OHKO moves are banned
|rule|Evasion Items Clause: Evasion items are banned
|rule|Evasion Moves Clause: Evasion moves are banned
|rule|Evasion Abilities Clause: Evasion abilities are banned
|rule|Sleep Moves Clause: Sleep-inducing moves are banned
|clearpoke
|poke|p1|Pelipper, F|
|poke|p1|Hatterene, F|
|poke|p1|Iron Treads|
|poke|p1|Toxicroak, F|
|poke|p1|Barraskewda, F|
|poke|p1|Zapdos|
|poke|p2|Iron Valiant|
|poke|p2|Gliscor, F|
|poke|p2|Slowking-Galar, F|
|poke|p2|Great Tusk|
|poke|p2|Dragapult, F|
|poke|p2|Skarmory, F|
|teampreview
|inactive|Battle timer is ON: inactive players will automatically lose when time's up. (requested by ChiefTriceracop)
|
|t:|1779625804
|teamsize|p1|6
|teamsize|p2|6
|start
|switch|p1a: Pelipper|Pelipper, F|100/100
|switch|p2a: Slowking|Slowking-Galar, F|100/100
|-weather|RainDance|[from] ability: Drizzle|[of] p1a: Pelipper
|turn|1
|
|t:|1779625807
|move|p1a: Pelipper|Knock Off|p2a: Slowking
|-supereffective|p2a: Slowking
|-damage|p2a: Slowking|76/100
|-enditem|p2a: Slowking|Heavy-Duty Boots|[from] move: Knock Off|[of] p1a: Pelipper
|-prepare|p2a: Slowking|Chilly Reception|[premajor]
|move|p2a: Slowking|Chilly Reception|p2a: Slowking
|-weather|Snowscape
|
|t:|1779625813
|switch|p2a: Skarmory|Skarmory, F|100/100|[from] Chilly Reception
|
|-weather|Snowscape|[upkeep]
|upkeep
|turn|2
|
|t:|1779625817
|switch|p1a: Hatterene|Hatterene, F|100/100
|move|p2a: Skarmory|Spikes|p1a: Hatterene
|move|p1a: Hatterene|Spikes|p2a: Skarmory|[from] ability: Magic Bounce
|-sidestart|p2: togekaiser|Spikes
|
|-weather|Snowscape|[upkeep]
|upkeep
|turn|3
|
|t:|1779625824
|switch|p2a: Slowking|Slowking-Galar, F|100/100
|-damage|p2a: Slowking|88/100|[from] Spikes
|move|p1a: Hatterene|Nuzzle|p2a: Slowking
|-damage|p2a: Slowking|84/100
|-status|p2a: Slowking|par
|
|-weather|Snowscape|[upkeep]
|upkeep
|turn|4
|
|t:|1779625831
|switch|p1a: Iron Treads|Iron Treads|100/100
|-prepare|p2a: Slowking|Chilly Reception|[premajor]
|move|p2a: Slowking|Chilly Reception|p2a: Slowking
|
|t:|1779625835
|switch|p2a: Great Tusk|Great Tusk|100/100|[from] Chilly Reception
|
|-weather|Snowscape|[upkeep]
|upkeep
|turn|5
|
|t:|1779625839
|-end|p1a: Iron Treads|Quark Drive|[silent]
|switch|p1a: Pelipper|Pelipper, F|100/100
|-weather|RainDance|[from] ability: Drizzle|[of] p1a: Pelipper
|move|p2a: Great Tusk|Rapid Spin|p1a: Pelipper
|-damage|p1a: Pelipper|81/100
|-boost|p2a: Great Tusk|spe|1
|-sideend|p2: togekaiser|Spikes|[from] move: Rapid Spin|[of] p2a: Great Tusk
|
|-weather|RainDance|[upkeep]
|upkeep
|turn|6
|
|t:|1779625848
|-end|p2a: Great Tusk|Protosynthesis|[silent]
|switch|p2a: Slowking|Slowking-Galar, F|100/100 par
|move|p1a: Pelipper|U-turn|p2a: Slowking
|-damage|p2a: Slowking|91/100 par
|
|t:|1779625856
|switch|p1a: Barraskewda|Barraskewda, F|100/100|[from] U-turn
|
|-weather|RainDance|[upkeep]
|upkeep
|turn|7
|
|t:|1779625861
|switch|p2a: Skarmory|Skarmory, F|100/100
|-terastallize|p1a: Barraskewda|Water
|move|p1a: Barraskewda|Liquidation|p2a: Skarmory
|-damage|p2a: Skarmory|13/100
|-damage|p1a: Barraskewda|84/100|[from] item: Rocky Helmet|[of] p2a: Skarmory
|
|-weather|RainDance|[upkeep]
|upkeep
|turn|8
|
|t:|1779625875
|move|p1a: Barraskewda|Liquidation|p2a: Skarmory
|-damage|p2a: Skarmory|0 fnt
|-damage|p1a: Barraskewda|68/100|[from] item: Rocky Helmet|[of] p2a: Skarmory
|faint|p2a: Skarmory
|
|-weather|RainDance|[upkeep]
|upkeep
|
|t:|1779625884
|switch|p2a: Gliscor|Gliscor, F|100/100
|turn|9
|
|t:|1779625890
|-terastallize|p2a: Gliscor|Dragon
|move|p1a: Barraskewda|Liquidation|p2a: Gliscor
|-resisted|p2a: Gliscor
|-damage|p2a: Gliscor|47/100
|move|p2a: Gliscor|Knock Off|p1a: Barraskewda
|-damage|p1a: Barraskewda|29/100
|-enditem|p1a: Barraskewda|Choice Band|[from] move: Knock Off|[of] p2a: Gliscor
|
|-weather|RainDance|[upkeep]
|-status|p2a: Gliscor|tox|[from] item: Toxic Orb
|upkeep
|turn|10
|
|t:|1779625903
|move|p2a: Gliscor|Protect|p2a: Gliscor
|-singleturn|p2a: Gliscor|Protect
|move|p1a: Barraskewda|Flip Turn|p2a: Gliscor
|-activate|p2a: Gliscor|move: Protect
|
|-weather|RainDance|[upkeep]
|-heal|p2a: Gliscor|60/100 tox|[from] ability: Poison Heal
|upkeep
|turn|11
|
|t:|1779625909
|move|p1a: Barraskewda|Flip Turn|p2a: Gliscor
|-resisted|p2a: Gliscor
|-damage|p2a: Gliscor|34/100 tox
|
|t:|1779625914
|switch|p1a: Hatterene|Hatterene, F|100/100|[from] Flip Turn
|move|p2a: Gliscor|U-turn|p1a: Hatterene
|-damage|p1a: Hatterene|87/100
|-enditem|p1a: Hatterene|Eject Button
|
|t:|1779625926
|switch|p1a: Zapdos|Zapdos|100/100
|
|-weather|RainDance|[upkeep]
|-heal|p2a: Gliscor|47/100 tox|[from] ability: Poison Heal
|upkeep
|turn|12
|
|t:|1779625932
|switch|p2a: Slowking|Slowking-Galar, F|100/100 par
|move|p1a: Zapdos|Hurricane|p2a: Slowking
|-damage|p2a: Slowking|54/100 par
|-start|p2a: Slowking|confusion
|
|-weather|none
|upkeep
|turn|13
|
|t:|1779625942
|move|p1a: Zapdos|Hurricane|p2a: Slowking
|-damage|p2a: Slowking|6/100 par
|-prepare|p2a: Slowking|Chilly Reception|[premajor]
|-activate|p2a: Slowking|confusion
|move|p2a: Slowking|Chilly Reception|p2a: Slowking
|-weather|Snowscape
|
|t:|1779625948
|switch|p2a: Dragapult|Dragapult, F|100/100|[from] Chilly Reception
|
|-weather|Snowscape|[upkeep]
|upkeep
|turn|14
|
|t:|1779625964
|switch|p1a: Pelipper|Pelipper, F|81/100
|-weather|RainDance|[from] ability: Drizzle|[of] p1a: Pelipper
|move|p2a: Dragapult|Dragon Darts|p1a: Pelipper
|-damage|p1a: Pelipper|61/100
|-anim|p2a: Dragapult|Dragon Darts|p1a: Pelipper
|-damage|p1a: Pelipper|41/100
|
|-weather|RainDance|[upkeep]
|upkeep
|turn|15
|
|t:|1779625974
|switch|p1a: Iron Treads|Iron Treads|100/100
|move|p2a: Dragapult|Dragon Darts|p1a: Iron Treads
|-resisted|p1a: Iron Treads
|-damage|p1a: Iron Treads|92/100
|-anim|p2a: Dragapult|Dragon Darts|p1a: Iron Treads
|-resisted|p1a: Iron Treads
|-crit|p1a: Iron Treads
|-damage|p1a: Iron Treads|80/100
|
|-weather|RainDance|[upkeep]
|-heal|p1a: Iron Treads|86/100|[from] item: Leftovers
|upkeep
|turn|16
|
|t:|1779625978
|move|p2a: Dragapult|Will-O-Wisp|p1a: Iron Treads
|-status|p1a: Iron Treads|brn
|move|p1a: Iron Treads|Stealth Rock|p2a: Dragapult
|-sidestart|p2: togekaiser|move: Stealth Rock
|
|-weather|RainDance|[upkeep]
|-heal|p1a: Iron Treads|92/100 brn|[from] item: Leftovers
|-damage|p1a: Iron Treads|86/100 brn|[from] brn
|upkeep
|turn|17
|
|t:|1779625982
|move|p2a: Dragapult|Hex|p1a: Iron Treads
|-damage|p1a: Iron Treads|40/100 brn
|move|p1a: Iron Treads|Volt Switch|p2a: Dragapult
|-resisted|p2a: Dragapult
|-damage|p2a: Dragapult|94/100
|
|t:|1779625990
|-end|p1a: Iron Treads|Quark Drive|[silent]
|switch|p1a: Barraskewda|Barraskewda, F, tera:Water|29/100|[from] Volt Switch
|
|-weather|RainDance|[upkeep]
|upkeep
|turn|18
|
|t:|1779625997
|switch|p2a: Slowking|Slowking-Galar, F|40/100 par
|-damage|p2a: Slowking|27/100 par|[from] Stealth Rock
|move|p1a: Barraskewda|Flip Turn|p2a: Slowking
|-damage|p2a: Slowking|0 fnt
|faint|p2a: Slowking
|
|t:|1779626003
|switch|p1a: Zapdos|Zapdos|100/100|[from] Flip Turn
|
|-weather|RainDance|[upkeep]
|upkeep
|
|t:|1779626014
|switch|p2a: Dragapult|Dragapult, F|94/100
|turn|19
|
|t:|1779626020
|move|p2a: Dragapult|Dragon Darts|p1a: Zapdos
|-damage|p1a: Zapdos|75/100
|-anim|p2a: Dragapult|Dragon Darts|p1a: Zapdos
|-damage|p1a: Zapdos|49/100
|move|p1a: Zapdos|Hurricane|p2a: Dragapult
|-damage|p2a: Dragapult|0 fnt
|faint|p2a: Dragapult
|
|-weather|RainDance|[upkeep]
|upkeep
|
|t:|1779626027
|switch|p2a: Iron Valiant|Iron Valiant|100/100
|-damage|p2a: Iron Valiant|94/100|[from] Stealth Rock
|turn|20
|
|t:|1779626032
|move|p2a: Iron Valiant|Moonblast|p1a: Zapdos
|-damage|p1a: Zapdos|0 fnt
|faint|p1a: Zapdos
|
|-weather|RainDance|[upkeep]
|upkeep
|
|t:|1779626038
|switch|p1a: Barraskewda|Barraskewda, F, tera:Water|29/100
|turn|21
|
|t:|1779626042
|-end|p2a: Iron Valiant|Quark Drive|[silent]
|switch|p2a: Gliscor|Gliscor, F, tera:Dragon|47/100 tox
|-damage|p2a: Gliscor|34/100 tox|[from] Stealth Rock
|move|p1a: Barraskewda|Liquidation|p2a: Gliscor
|-resisted|p2a: Gliscor
|-damage|p2a: Gliscor|0 fnt
|faint|p2a: Gliscor
|
|-weather|none
|upkeep
|
|t:|1779626046
|switch|p2a: Great Tusk|Great Tusk|100/100
|turn|22
|
|t:|1779626051
|move|p1a: Barraskewda|Liquidation|p2a: Great Tusk
|-supereffective|p2a: Great Tusk
|-damage|p2a: Great Tusk|13/100
|move|p2a: Great Tusk|Rapid Spin|p1a: Barraskewda
|-damage|p1a: Barraskewda|0 fnt
|-boost|p2a: Great Tusk|spe|1
|-sideend|p2: togekaiser|Stealth Rock|[from] move: Rapid Spin|[of] p2a: Great Tusk
|faint|p1a: Barraskewda
|
|upkeep
|
|t:|1779626056
|switch|p1a: Hatterene|Hatterene, F|87/100
|turn|23
|
|t:|1779626071
|move|p2a: Great Tusk|Headlong Rush|p1a: Hatterene
|-damage|p1a: Hatterene|29/100
|-unboost|p2a: Great Tusk|def|1
|-unboost|p2a: Great Tusk|spd|1
|move|p1a: Hatterene|Psychic Noise|p2a: Great Tusk
|-supereffective|p2a: Great Tusk
|-damage|p2a: Great Tusk|0 fnt
|faint|p2a: Great Tusk
|-end|p2a: Great Tusk|Protosynthesis|[silent]
|
|upkeep
|
|t:|1779626073
|switch|p2a: Iron Valiant|Iron Valiant|94/100
|turn|24
|
|t:|1779626080
|move|p2a: Iron Valiant|Moonblast|p1a: Hatterene
|-crit|p1a: Hatterene
|-damage|p1a: Hatterene|0 fnt
|faint|p1a: Hatterene
|
|upkeep
|
|t:|1779626082
|switch|p1a: Toxicroak|Toxicroak, F|100/100
|turn|25
|
|t:|1779626084
|move|p2a: Iron Valiant|Moonblast|p1a: Toxicroak
|-damage|p1a: Toxicroak|6/100
|move|p1a: Toxicroak|Toxic|p2a: Iron Valiant
|-status|p2a: Iron Valiant|tox
|
|-damage|p2a: Iron Valiant|88/100 tox|[from] psn
|upkeep
|turn|26
|
|t:|1779626089
|move|p2a: Iron Valiant|Moonblast|p1a: Toxicroak
|-damage|p1a: Toxicroak|0 fnt
|faint|p1a: Toxicroak
|
|-damage|p2a: Iron Valiant|76/100 tox|[from] psn
|upkeep
|
|t:|1779626092
|switch|p1a: Pelipper|Pelipper, F|41/100
|-weather|RainDance|[from] ability: Drizzle|[of] p1a: Pelipper
|turn|27
|
|t:|1779626099
|move|p2a: Iron Valiant|Moonblast|p1a: Pelipper
|-damage|p1a: Pelipper|0 fnt
|faint|p1a: Pelipper
|
|-weather|RainDance|[upkeep]
|-damage|p2a: Iron Valiant|57/100 tox|[from] psn
|upkeep
|
|t:|1779626101
|switch|p1a: Iron Treads|Iron Treads|40/100 brn
|turn|28
|
|t:|1779626108
|move|p2a: Iron Valiant|Moonblast|p1a: Iron Treads
|-resisted|p1a: Iron Treads
|-damage|p1a: Iron Treads|9/100 brn
|move|p1a: Iron Treads|Earthquake|p2a: Iron Valiant
|-damage|p2a: Iron Valiant|34/100 tox
|
|-weather|RainDance|[upkeep]
|-heal|p1a: Iron Treads|15/100 brn|[from] item: Leftovers
|-damage|p2a: Iron Valiant|9/100 tox|[from] psn
|-damage|p1a: Iron Treads|9/100 brn|[from] brn
|upkeep
|turn|29
|
|t:|1779626117
|move|p2a: Iron Valiant|Moonblast|p1a: Iron Treads
|-resisted|p1a: Iron Treads
|-damage|p1a: Iron Treads|0 fnt
|faint|p1a: Iron Treads
|-end|p1a: Iron Treads|Quark Drive|[silent]
|
|win|togekaiser
|raw|ChiefTriceracop's rating: 1495 &rarr; <strong>1473</strong><br />(-22 for losing)
|raw|togekaiser's rating: 1453 &rarr; <strong>1475</strong><br />(+22 for winning)
|l|☆ChiefTriceracop
|player|p1|
|l|☆togekaiser
|player|p2|
