|j|☆flaresun3
|j|☆Jack_Gigan
|t:|1779563661
|gametype|singles
|player|p1|flaresun3|shadowtriad|1312
|player|p2|Jack_Gigan|pokemaniac|1349
|gen|9
|tier|[Gen 9] OU
|rated|
|rule|HP Percentage Mod: HP is shown in percentages
|rule|Endless Battle Clause: Forcing endless battles is banned
|rule|Species Clause: Limit one of each Pokémon
|rule|OHKO Clause: OHKO moves are banned
|rule|Evasion Items Clause: Evasion items are banned
|rule|Evasion Moves Clause: Evasion moves are banned
|rule|Evasion Abilities Clause: Evasion abilities are banned
|rule|Sleep Moves Clause: Sleep-inducing moves are banned
|clearpoke
|poke|p1|Cinderace, M|
|poke|p1|Primarina, F|
|poke|p1|Whimsicott, F|
|poke|p1|Perrserker, M|
|poke|p1|Pawmot, M|
|poke|p1|Espeon, M|
|poke|p2|Ogerpon, F|
|poke|p2|Hydreigon, M|
|poke|p2|Weezing-Galar, M|
|poke|p2|Skarmory, M|
|poke|p2|Alomomola, F|
|poke|p2|Clodsire, F|
|teampreview
|inactive|Battle timer is ON: inactive players will automatically lose when time's up. (requested by Jack_Gigan)
|inactive|flaresun3 also wants the timer to be on.
|
|t:|1779563672
|teamsize|p1|6
|teamsize|p2|6
|start
|switch|p1a: Magna|Cinderace, M|100/100
|switch|p2a: Angel|Hydreigon, M, shiny|100/100
|turn|1
|
|t:|1779563684
|switch|p2a: GabeN|Weezing-Galar, M|100/100
|-ability|p2a: GabeN|Neutralizing Gas
|move|p1a: Magna|U-turn|p2a: GabeN
|-resisted|p2a: GabeN
|-damage|p2a: GabeN|97/100
|
|t:|1779563688
|switch|p1a: Asta|Perrserker, M|100/100|[from] U-turn
|
|upkeep
|turn|2
|
|t:|1779563708
|move|p2a: GabeN|Will-O-Wisp|p1a: Asta
|-status|p1a: Asta|brn
|move|p1a: Asta|Iron Head|p2a: GabeN
|-supereffective|p2a: GabeN
|-damage|p2a: GabeN|59/100
|-damage|p1a: Asta|91/100 brn|[from] item: Life Orb
|
|-damage|p1a: Asta|85/100 brn|[from] brn
|upkeep
|turn|3
|
|t:|1779563722
|-end|p2a: GabeN|ability: Neutralizing Gas
|switch|p2a: Neo|Skarmory, M, shiny|100/100
|move|p1a: Asta|Knock Off|p2a: Neo
|-damage|p2a: Neo|83/100
|-damage|p1a: Asta|68/100 brn|[from] item: Rocky Helmet|[of] p2a: Neo
|-enditem|p2a: Neo|Rocky Helmet|[from] move: Knock Off|[of] p1a: Asta
|-damage|p1a: Asta|58/100 brn|[from] item: Life Orb
|
|-damage|p1a: Asta|52/100 brn|[from] brn
|upkeep
|turn|4
|
|t:|1779563735
|switch|p1a: Magna|Cinderace, M|100/100
|move|p2a: Neo|Spikes|p1a: Magna
|-sidestart|p1: flaresun3|Spikes
|
|upkeep
|turn|5
|
|t:|1779563743
|switch|p2a: Smugdisc|Alomomola, F, shiny|100/100
|move|p1a: Magna|Pyro Ball|p2a: Smugdisc
|-resisted|p2a: Smugdisc
|-damage|p2a: Smugdisc|76/100
|-status|p2a: Smugdisc|brn
|
|-damage|p2a: Smugdisc|70/100 brn|[from] brn
|upkeep
|turn|6
|
|t:|1779563749
|move|p1a: Magna|U-turn|p2a: Smugdisc
|-start|p1a: Magna|typechange|Bug|[from] ability: Libero
|-damage|p2a: Smugdisc|43/100 brn
|
|t:|1779563753
|switch|p1a: Noelle|Primarina, F|100/100|[from] U-turn
|-damage|p1a: Noelle|88/100|[from] Spikes
|move|p2a: Smugdisc|Flip Turn|p1a: Noelle
|-resisted|p1a: Noelle
|-damage|p1a: Noelle|85/100
|
|t:|1779563761
|switch|p2a: Ponpon|Ogerpon, F|100/100|[from] Flip Turn
|
|upkeep
|turn|7
|
|t:|1779563776
|switch|p1a: Charmy|Whimsicott, F|100/100
|-damage|p1a: Charmy|88/100|[from] Spikes
|move|p2a: Ponpon|Ivy Cudgel|p1a: Charmy
|-resisted|p1a: Charmy
|-damage|p1a: Charmy|42/100
|
|-heal|p1a: Charmy|48/100|[from] item: Leftovers
|upkeep
|turn|8
|
|t:|1779563785
|move|p1a: Charmy|Cotton Guard|p1a: Charmy
|-boost|p1a: Charmy|def|3
|move|p2a: Ponpon|Ivy Cudgel|p1a: Charmy
|-resisted|p1a: Charmy
|-damage|p1a: Charmy|31/100
|
|-heal|p1a: Charmy|38/100|[from] item: Leftovers
|upkeep
|turn|9
|
|t:|1779563791
|switch|p2a: GabeN|Weezing-Galar, M|59/100
|-ability|p2a: GabeN|Neutralizing Gas
|move|p1a: Charmy|Moonblast|p2a: GabeN
|-resisted|p2a: GabeN
|-damage|p2a: GabeN|41/100
|-unboost|p2a: GabeN|spa|1
|
|-heal|p1a: Charmy|44/100|[from] item: Leftovers
|upkeep
|turn|10
|
|t:|1779563799
|move|p1a: Charmy|Leech Seed|p2a: GabeN
|-start|p2a: GabeN|move: Leech Seed
|move|p2a: GabeN|Sludge Bomb|p1a: Charmy
|-supereffective|p1a: Charmy
|-damage|p1a: Charmy|0 fnt
|faint|p1a: Charmy
|
|upkeep
|
|t:|1779563804
|switch|p1a: Noelle|Primarina, F|85/100
|-damage|p1a: Noelle|72/100|[from] Spikes
|turn|11
|
|t:|1779563811
|-end|p2a: GabeN|ability: Neutralizing Gas
|switch|p2a: Ponpon|Ogerpon, F|100/100
|move|p1a: Noelle|Reflect|p1a: Noelle
|-sidestart|p1: flaresun3|Reflect
|
|upkeep
|turn|12
|
|t:|1779563821
|switch|p1a: Asta|Perrserker, M|52/100 brn
|-damage|p1a: Asta|39/100 brn|[from] Spikes
|move|p2a: Ponpon|Rock Tomb|p1a: Asta
|-resisted|p1a: Asta
|-damage|p1a: Asta|32/100 brn
|-unboost|p1a: Asta|spe|1
|
|-damage|p1a: Asta|25/100 brn|[from] brn
|upkeep
|turn|13
|
|t:|1779563835
|switch|p2a: Neo|Skarmory, M, shiny|83/100
|move|p1a: Asta|Iron Head|p2a: Neo
|-resisted|p2a: Neo
|-damage|p2a: Neo|71/100
|-damage|p1a: Asta|16/100 brn|[from] item: Life Orb
|
|-damage|p1a: Asta|10/100 brn|[from] brn
|upkeep
|turn|14
|
|t:|1779563842
|move|p2a: Neo|Body Press|p1a: Asta
|-supereffective|p1a: Asta
|-damage|p1a: Asta|0 fnt
|faint|p1a: Asta
|
|upkeep
|
|t:|1779563845
|switch|p1a: Magna|Cinderace, M|100/100
|-damage|p1a: Magna|88/100|[from] Spikes
|turn|15
|
|t:|1779563855
|-terastallize|p2a: Neo|Fighting
|move|p1a: Magna|Pyro Ball|p2a: Neo
|-damage|p2a: Neo|26/100
|move|p2a: Neo|Body Press|p1a: Magna
|-damage|p1a: Magna|54/100
|
|upkeep
|turn|16
|
|t:|1779563875
|switch|p2a: Smugdisc|Alomomola, F, shiny|76/100 brn
|move|p1a: Magna|Pyro Ball|p2a: Smugdisc|[miss]
|-miss|p1a: Magna|p2a: Smugdisc
|
|-damage|p2a: Smugdisc|70/100 brn|[from] brn
|upkeep
|turn|17
|
|t:|1779563880
|move|p1a: Magna|U-turn|p2a: Smugdisc
|-start|p1a: Magna|typechange|Bug|[from] ability: Libero
|-damage|p2a: Smugdisc|42/100 brn
|
|t:|1779563884
|switch|p1a: Luck|Pawmot, M|100/100|[from] U-turn
|-damage|p1a: Luck|88/100|[from] Spikes
|move|p2a: Smugdisc|Flip Turn|p1a: Luck
|-damage|p1a: Luck|81/100
|
|t:|1779563900
|switch|p2a: Ponpon|Ogerpon, F|100/100|[from] Flip Turn
|
|upkeep
|turn|18
|
|t:|1779563903
|move|p1a: Luck|Fake Out|p2a: Ponpon
|-damage|p2a: Ponpon|79/100
|-damage|p1a: Luck|71/100|[from] item: Life Orb
|cant|p2a: Ponpon|flinch
|
|-sideend|p1: flaresun3|Reflect
|upkeep
|turn|19
|
|t:|1779563907
|move|p2a: Ponpon|Ivy Cudgel|p1a: Luck
|-damage|p1a: Luck|0 fnt
|faint|p1a: Luck
|
|upkeep
|
|t:|1779563912
|switch|p1a: Gauche|Espeon, M|100/100
|-damage|p1a: Gauche|88/100|[from] Spikes
|turn|20
|
|t:|1779563916
|switch|p2a: Angel|Hydreigon, M, shiny|100/100
|move|p1a: Gauche|Psychic|p2a: Angel
|-immune|p2a: Angel
|
|upkeep
|turn|21
|
|t:|1779563923
|switch|p1a: Noelle|Primarina, F|72/100
|-damage|p1a: Noelle|60/100|[from] Spikes
|move|p2a: Angel|Dark Pulse|p1a: Noelle
|-resisted|p1a: Noelle
|-damage|p1a: Noelle|34/100
|
|upkeep
|turn|22
|
|t:|1779563932
|switch|p2a: Ponpon|Ogerpon, F|79/100
|move|p1a: Noelle|Reflect|p1a: Noelle
|-sidestart|p1: flaresun3|Reflect
|
|upkeep
|turn|23
|
|t:|1779563936
|move|p2a: Ponpon|Rock Tomb|p1a: Noelle
|-damage|p1a: Noelle|20/100
|-unboost|p1a: Noelle|spe|1
|move|p1a: Noelle|Light Screen|p1a: Noelle
|-sidestart|p1: flaresun3|move: Light Screen
|
|upkeep
|turn|24
|
|t:|1779563946
|switch|p2a: Slush|Clodsire, F, shiny|100/100
|move|p1a: Noelle|Moonblast|p2a: Slush
|-resisted|p2a: Slush
|-damage|p2a: Slush|90/100
|
|upkeep
|turn|25
|
|t:|1779563953
|switch|p1a: Gauche|Espeon, M|88/100
|-damage|p1a: Gauche|76/100|[from] Spikes
|move|p2a: Slush|Earthquake|p1a: Gauche
|-damage|p1a: Gauche|50/100
|
|upkeep
|turn|26
|
|t:|1779563963
|switch|p2a: Smugdisc|Alomomola, F, shiny|76/100 brn
|move|p1a: Gauche|Trick|p2a: Smugdisc
|-activate|p1a: Gauche|move: Trick|[of] p2a: Smugdisc
|-item|p2a: Smugdisc|Choice Specs|[from] move: Trick
|-item|p1a: Gauche|Assault Vest|[from] move: Trick
|
|-damage|p2a: Smugdisc|69/100 brn|[from] brn
|upkeep
|turn|27
|
|t:|1779563971
|move|p1a: Gauche|Psychic|p2a: Smugdisc
|-damage|p2a: Smugdisc|34/100 brn
|move|p2a: Smugdisc|Flip Turn|p1a: Gauche
|-damage|p1a: Gauche|41/100
|
|t:|1779563985
|switch|p2a: Angel|Hydreigon, M, shiny|100/100|[from] Flip Turn
|
|upkeep
|turn|28
|
|t:|1779563987
|move|p1a: Gauche|Dazzling Gleam|p2a: Angel
|-supereffective|p2a: Angel
|-damage|p2a: Angel|0 fnt
|faint|p2a: Angel
|
|upkeep
|
|t:|1779563995
|switch|p2a: Smugdisc|Alomomola, F, shiny|67/100 brn
|turn|29
|
|t:|1779563997
|move|p1a: Gauche|Psychic|p2a: Smugdisc
|-damage|p2a: Smugdisc|32/100 brn
|move|p2a: Smugdisc|Flip Turn|p1a: Gauche
|-damage|p1a: Gauche|34/100
|
|t:|1779564003
|switch|p2a: Ponpon|Ogerpon, F|79/100|[from] Flip Turn
|
|-sideend|p1: flaresun3|Reflect
|upkeep
|turn|30
|
|t:|1779564010
|move|p1a: Gauche|Psychic|p2a: Ponpon
|-damage|p2a: Ponpon|20/100
|move|p2a: Ponpon|Knock Off|p1a: Gauche
|-supereffective|p1a: Gauche
|-damage|p1a: Gauche|0 fnt
|-enditem|p1a: Gauche|Assault Vest|[from] move: Knock Off|[of] p2a: Ponpon
|faint|p1a: Gauche
|
|-sideend|p1: flaresun3|move: Light Screen
|upkeep
|
|t:|1779564014
|switch|p1a: Magna|Cinderace, M|54/100
|-damage|p1a: Magna|41/100|[from] Spikes
|turn|31
|
|t:|1779564021
|switch|p2a: Smugdisc|Alomomola, F, shiny|65/100 brn
|move|p1a: Magna|U-turn|p2a: Smugdisc
|-start|p1a: Magna|typechange|Bug|[from] ability: Libero
|-damage|p2a: Smugdisc|41/100 brn
|
|t:|1779564023
|switch|p1a: Noelle|Primarina, F|20/100|[from] U-turn
|-damage|p1a: Noelle|8/100|[from] Spikes
|
|-damage|p2a: Smugdisc|34/100 brn|[from] brn
|upkeep
|turn|32
|
|t:|1779564030
|move|p1a: Noelle|Reflect|p1a: Noelle
|-sidestart|p1: flaresun3|Reflect
|move|p2a: Smugdisc|Flip Turn|p1a: Noelle
|-resisted|p1a: Noelle
|-damage|p1a: Noelle|6/100
|
|t:|1779564041
|switch|p2a: Ponpon|Ogerpon, F|20/100|[from] Flip Turn
|
|upkeep
|turn|33
|
|t:|1779564044
|move|p2a: Ponpon|U-turn|p1a: Noelle
|-resisted|p1a: Noelle
|-damage|p1a: Noelle|0 fnt
|faint|p1a: Noelle
|
|t:|1779564046
|switch|p2a: Smugdisc|Alomomola, F, shiny|68/100 brn|[from] U-turn
|
|-damage|p2a: Smugdisc|61/100 brn|[from] brn
|upkeep
|
|t:|1779564049
|switch|p1a: Magna|Cinderace, M|41/100
|-damage|p1a: Magna|29/100|[from] Spikes
|turn|34
|
|t:|1779564054
|move|p1a: Magna|High Jump Kick|p2a: Smugdisc
|-start|p1a: Magna|typechange|Fighting|[from] ability: Libero
|-damage|p2a: Smugdisc|10/100 brn
|move|p2a: Smugdisc|Flip Turn|p1a: Magna
|-damage|p1a: Magna|23/100
|
|t:|1779564071
|switch|p2a: Slush|Clodsire, F, shiny|90/100|[from] Flip Turn
|
|upkeep
|turn|35
|
|t:|1779564078
|-terastallize|p1a: Magna|Fire
|move|p1a: Magna|Pyro Ball|p2a: Slush
|-damage|p2a: Slush|12/100
|move|p2a: Slush|Toxic|p1a: Magna
|-status|p1a: Magna|tox
|
|-damage|p1a: Magna|17/100 tox|[from] psn
|upkeep
|turn|36
|
|t:|1779564085
|move|p1a: Magna|Pyro Ball|p2a: Slush
|-damage|p2a: Slush|0 fnt
|faint|p2a: Slush
|
|-damage|p1a: Magna|5/100 tox|[from] psn
|upkeep
|
|t:|1779564087
|switch|p2a: Smugdisc|Alomomola, F, shiny|43/100 brn
|turn|37
|
|t:|1779564091
|move|p1a: Magna|Pyro Ball|p2a: Smugdisc
|-resisted|p2a: Smugdisc
|-damage|p2a: Smugdisc|18/100 brn
|move|p2a: Smugdisc|Flip Turn|p1a: Magna
|-supereffective|p1a: Magna
|-damage|p1a: Magna|0 fnt
|faint|p1a: Magna
|
|win|Jack_Gigan
|raw|flaresun3's rating: 1335 &rarr; <strong>1316</strong><br />(-19 for losing)
|raw|Jack_Gigan's rating: 1349 &rarr; <strong>1368</strong><br />(+19 for winning)
|c|☆flaresun3|gg
|l|☆flaresun3
|player|p1|
|l|☆Jack_Gigan
|player|p2|
