|j|☆PBTUCAZ
|j|☆Streamdeer
|t:|1779700432
|gametype|singles
|player|p1|PBTUCAZ|backpacker|1118
|player|p2|Streamdeer|steven-masters|1100
|gen|9
|tier|[Gen 9] OU
|rated|
|rule|HP Percentage Mod: HP is shown in percentages
|rule|Endless Battle Clause: Forcing endless battles is banned
|rule|Species Clause: Limit one of each Pokémon
|rule|OHKO Clause: OHKO moves are banned
|rule|Evasion Items Clause: Evasion items are banned
|rule|Evasion Moves Clause: Evasion moves are banned
|rule|Evasion Abilities Clause: Evasion abilities are banned
|rule|Sleep Moves Clause: Sleep-inducing moves are banned
|clearpoke
|poke|p1|Zapdos|
|poke|p1|Blastoise, M|
|poke|p1|Slowking-Galar, F|
|poke|p1|Hydrapple, M|
|poke|p1|Heatran, M|
|poke|p1|Porygon-Z|
|poke|p2|Exeggutor, F|
|poke|p2|Torkoal, F|
|poke|p2|Metagross|
|poke|p2|Braviary-Hisui, M|
|poke|p2|Incineroar, M|
|poke|p2|Suicune|
|teampreview
|inactive|Battle timer is ON: inactive players will automatically lose when time's up. (requested by Streamdeer)
|
|t:|1779700470
|teamsize|p1|6
|teamsize|p2|6
|start
|switch|p1a: Slowking|Slowking-Galar, F|100/100
|switch|p2a: Incineroar|Incineroar, M|100/100
|-ability|p2a: Incineroar|Intimidate|boost
|-unboost|p1a: Slowking|atk|1
|turn|1
|
|t:|1779700479
|move|p2a: Incineroar|Fake Out|p1a: Slowking
|-damage|p1a: Slowking|87/100
|cant|p1a: Slowking|flinch
|
|upkeep
|turn|2
|
|t:|1779700486
|move|p2a: Incineroar|Knock Off|p1a: Slowking
|-supereffective|p1a: Slowking
|-damage|p1a: Slowking|0 fnt
|-enditem|p1a: Slowking|Assault Vest|[from] move: Knock Off|[of] p2a: Incineroar
|faint|p1a: Slowking
|
|upkeep
|
|t:|1779700491
|switch|p1a: Porygon-Z|Porygon-Z|100/100
|turn|3
|
|t:|1779700501
|move|p1a: Porygon-Z|Nasty Plot|p1a: Porygon-Z
|-boost|p1a: Porygon-Z|spa|2
|move|p2a: Incineroar|Knock Off|p1a: Porygon-Z
|-damage|p1a: Porygon-Z|20/100
|-enditem|p1a: Porygon-Z|Salac Berry|[from] move: Knock Off|[of] p2a: Incineroar
|
|upkeep
|turn|4
|
|t:|1779700509
|switch|p2a: Torkoal|Torkoal, F|100/100
|-weather|SunnyDay|[from] ability: Drought|[of] p2a: Torkoal
|move|p1a: Porygon-Z|Tri Attack|p2a: Torkoal
|-damage|p2a: Torkoal|0 fnt
|faint|p2a: Torkoal
|
|-weather|SunnyDay|[upkeep]
|upkeep
|
|t:|1779700513
|switch|p2a: Exeggutor|Exeggutor, F|100/100
|turn|5
|
|t:|1779700523
|move|p1a: Porygon-Z|Endure|p1a: Porygon-Z
|-singleturn|p1a: Porygon-Z|move: Endure
|move|p2a: Exeggutor|Ancient Power|p1a: Porygon-Z
|-activate|p1a: Porygon-Z|move: Endure
|-damage|p1a: Porygon-Z|1/100
|-damage|p2a: Exeggutor|91/100|[from] item: Life Orb
|
|-weather|SunnyDay|[upkeep]
|upkeep
|turn|6
|
|t:|1779700535
|switch|p1a: Heatran|Heatran, M|100/100
|move|p2a: Exeggutor|Ancient Power|p1a: Heatran
|-damage|p1a: Heatran|72/100
|-damage|p2a: Exeggutor|81/100|[from] item: Life Orb
|
|-weather|SunnyDay|[upkeep]
|upkeep
|turn|7
|
|t:|1779700544
|move|p2a: Exeggutor|Psyshock|p1a: Heatran
|-resisted|p1a: Heatran
|-damage|p1a: Heatran|40/100
|-damage|p2a: Exeggutor|71/100|[from] item: Life Orb
|move|p1a: Heatran|Flamethrower|p2a: Exeggutor
|-supereffective|p2a: Exeggutor
|-damage|p2a: Exeggutor|0 fnt
|faint|p2a: Exeggutor
|
|-weather|SunnyDay|[upkeep]
|upkeep
|inactive|Streamdeer has 120 seconds left.
|
|t:|1779700575
|switch|p2a: Incineroar|Incineroar, M|100/100
|-ability|p2a: Incineroar|Intimidate|boost
|-unboost|p1a: Heatran|atk|1
|turn|8
|
|t:|1779700584
|switch|p1a: Blastoise|Blastoise, M|100/100
|move|p2a: Incineroar|Knock Off|p1a: Blastoise
|-damage|p1a: Blastoise|67/100
|-enditem|p1a: Blastoise|Heavy-Duty Boots|[from] move: Knock Off|[of] p2a: Incineroar
|
|-weather|SunnyDay|[upkeep]
|upkeep
|turn|9
|
|t:|1779700593
|move|p1a: Blastoise|Surf|p2a: Incineroar
|-supereffective|p2a: Incineroar
|-damage|p2a: Incineroar|73/100
|move|p2a: Incineroar|Parting Shot|p1a: Blastoise
|-unboost|p1a: Blastoise|atk|1
|-unboost|p1a: Blastoise|spa|1
|
|t:|1779700596
|switch|p2a: Suicune|Suicune|100/100|[from] Parting Shot
|-ability|p2a: Suicune|Pressure
|
|-weather|SunnyDay|[upkeep]
|upkeep
|turn|10
|
|t:|1779700606
|move|p2a: Suicune|Calm Mind|p2a: Suicune
|-boost|p2a: Suicune|spa|1
|-boost|p2a: Suicune|spd|1
|move|p1a: Blastoise|Flip Turn|p2a: Suicune
|-resisted|p2a: Suicune
|-damage|p2a: Suicune|98/100
|
|t:|1779700612
|switch|p1a: Zapdos|Zapdos|100/100|[from] Flip Turn
|-ability|p1a: Zapdos|Pressure
|
|-weather|SunnyDay|[upkeep]
|-heal|p2a: Suicune|100/100|[from] item: Leftovers
|upkeep
|turn|11
|
|t:|1779700621
|-terastallize|p1a: Zapdos|Electric
|-terastallize|p2a: Suicune|Dark
|move|p1a: Zapdos|Thunderbolt|p2a: Suicune
|-damage|p2a: Suicune|63/100
|-damage|p1a: Zapdos|91/100|[from] item: Life Orb
|move|p2a: Suicune|Calm Mind|p2a: Suicune
|-boost|p2a: Suicune|spa|1
|-boost|p2a: Suicune|spd|1
|
|-weather|none
|-heal|p2a: Suicune|69/100|[from] item: Leftovers
|upkeep
|turn|12
|
|t:|1779700638
|switch|p1a: Hydrapple|Hydrapple, M|100/100
|move|p2a: Suicune|Protect||[still]
|-fail|p2a: Suicune
|
|-heal|p2a: Suicune|75/100|[from] item: Leftovers
|upkeep
|turn|13
|
|t:|1779700646
|move|p2a: Suicune|Scald|p1a: Hydrapple
|-resisted|p1a: Hydrapple
|-damage|p1a: Hydrapple|87/100
|move|p1a: Hydrapple|Fickle Beam|p2a: Suicune|[anim] Fickle Beam All Out
|-activate|p1a: Hydrapple|move: Fickle Beam
|-damage|p2a: Suicune|45/100
|
|-heal|p2a: Suicune|51/100|[from] item: Leftovers
|upkeep
|turn|14
|
|t:|1779700655
|move|p2a: Suicune|Protect|p2a: Suicune
|-singleturn|p2a: Suicune|Protect
|move|p1a: Hydrapple|Nasty Plot|p1a: Hydrapple
|-boost|p1a: Hydrapple|spa|2
|
|-heal|p2a: Suicune|58/100|[from] item: Leftovers
|upkeep
|turn|15
|
|t:|1779700665
|switch|p2a: Metagross|Metagross|100/100
|move|p1a: Hydrapple|Nasty Plot|p1a: Hydrapple
|-boost|p1a: Hydrapple|spa|2
|
|upkeep
|turn|16
|
|t:|1779700673
|switch|p1a: Heatran|Heatran, M|40/100
|move|p2a: Metagross|Psychic Fangs|p1a: Heatran
|-resisted|p1a: Heatran
|-damage|p1a: Heatran|16/100
|
|upkeep
|turn|17
|
|t:|1779700681
|switch|p2a: Suicune|Suicune, tera:Dark|58/100
|-ability|p2a: Suicune|Pressure
|move|p1a: Heatran|Flash Cannon|p2a: Suicune
|-damage|p2a: Suicune|28/100
|-unboost|p2a: Suicune|spd|1
|
|-heal|p2a: Suicune|34/100|[from] item: Leftovers
|upkeep
|turn|18
|
|t:|1779700693
|switch|p2a: Metagross|Metagross|100/100
|move|p1a: Heatran|Flamethrower|p2a: Metagross
|-supereffective|p2a: Metagross
|-damage|p2a: Metagross|19/100
|
|upkeep
|turn|19
|
|t:|1779700707
|move|p1a: Heatran|Flamethrower|p2a: Metagross
|-supereffective|p2a: Metagross
|-damage|p2a: Metagross|0 fnt
|faint|p2a: Metagross
|
|upkeep
|
|t:|1779700710
|switch|p2a: Braviary|Braviary-Hisui, M|100/100
|turn|20
|
|t:|1779700715
|move|p1a: Heatran|Flamethrower|p2a: Braviary
|-damage|p2a: Braviary|68/100
|-status|p2a: Braviary|brn
|move|p2a: Braviary|Esper Wing|p1a: Heatran
|-resisted|p1a: Heatran
|-damage|p1a: Heatran|0 fnt
|faint|p1a: Heatran
|
|-damage|p2a: Braviary|62/100 brn|[from] brn
|upkeep
|
|t:|1779700726
|switch|p1a: Porygon-Z|Porygon-Z|1/100
|turn|21
|
|t:|1779700733
|move|p1a: Porygon-Z|Shadow Ball|p2a: Braviary
|-supereffective|p2a: Braviary
|-damage|p2a: Braviary|18/100 brn
|move|p2a: Braviary|Esper Wing|p1a: Porygon-Z
|-damage|p1a: Porygon-Z|0 fnt
|faint|p1a: Porygon-Z
|
|-damage|p2a: Braviary|12/100 brn|[from] brn
|upkeep
|
|t:|1779700744
|switch|p1a: Zapdos|Zapdos, tera:Electric|91/100
|-ability|p1a: Zapdos|Pressure
|turn|22
|
|t:|1779700750
|move|p1a: Zapdos|Thunderbolt|p2a: Braviary
|-supereffective|p2a: Braviary
|-damage|p2a: Braviary|0 fnt
|faint|p2a: Braviary
|-damage|p1a: Zapdos|81/100|[from] item: Life Orb
|
|upkeep
|
|t:|1779700752
|switch|p2a: Incineroar|Incineroar, M|73/100
|-ability|p2a: Incineroar|Intimidate|boost
|-unboost|p1a: Zapdos|atk|1
|turn|23
|
|t:|1779700760
|move|p1a: Zapdos|Thunderbolt|p2a: Incineroar
|-damage|p2a: Incineroar|0 fnt
|faint|p2a: Incineroar
|-damage|p1a: Zapdos|71/100|[from] item: Life Orb
|
|upkeep
|
|t:|1779700763
|switch|p2a: Suicune|Suicune, tera:Dark|34/100
|-ability|p2a: Suicune|Pressure
|turn|24
|
|t:|1779700769
|move|p1a: Zapdos|Thunderbolt|p2a: Suicune
|-damage|p2a: Suicune|0 fnt
|faint|p2a: Suicune
|-damage|p1a: Zapdos|61/100|[from] item: Life Orb
|
|win|PBTUCAZ
|raw|PBTUCAZ's rating: 1118 &rarr; <strong>1142</strong><br />(+24 for winning)
|raw|Streamdeer's rating: 1100 &rarr; <strong>1076</strong><br />(-24 for losing)
|l|☆Streamdeer
|player|p2|
|l|☆PBTUCAZ
|player|p1|
