|j|☆SativaShogun
|j|☆Escott123
|t:|1779653440
|gametype|singles
|player|p1|SativaShogun|dawn-gen4pt|1111
|player|p2|Escott123|102|1145
|gen|9
|tier|[Gen 9] OU
|rated|
|rule|HP Percentage Mod: HP is shown in percentages
|rule|Endless Battle Clause: Forcing endless battles is banned
|rule|Species Clause: Limit one of each Pokémon
|rule|OHKO Clause: OHKO moves are banned
|rule|Evasion Items Clause: Evasion items are banned
|rule|Evasion Moves Clause: Evasion moves are banned
|rule|Evasion Abilities Clause: Evasion abilities are banned
|rule|Sleep Moves Clause: Sleep-inducing moves are banned
|clearpoke
|poke|p1|Gholdengo|
|poke|p1|Great Tusk|
|poke|p1|Raging Bolt|
|poke|p1|Glimmora, M|
|poke|p1|Samurott-Hisui, F|
|poke|p1|Moltres|
|poke|p2|Dragonite, F|
|poke|p2|Volcanion|
|poke|p2|Regieleki|
|poke|p2|Primarina, F|
|poke|p2|Ting-Lu|
|poke|p2|Zamazenta-*|
|teampreview
|inactive|Battle timer is ON: inactive players will automatically lose when time's up. (requested by SativaShogun)
|
|t:|1779653451
|teamsize|p1|6
|teamsize|p2|6
|start
|switch|p1a: Graveflower|Glimmora, M|100/100
|switch|p2a: Ting-Lu|Ting-Lu|100/100
|-ability|p2a: Ting-Lu|Vessel of Ruin
|turn|1
|
|t:|1779653465
|-terastallize|p1a: Graveflower|Fairy
|move|p1a: Graveflower|Dazzling Gleam|p2a: Ting-Lu
|-supereffective|p2a: Ting-Lu
|-damage|p2a: Ting-Lu|66/100
|move|p2a: Ting-Lu|Earthquake|p1a: Graveflower
|-damage|p1a: Graveflower|56/100
|-activate|p1a: Graveflower|ability: Toxic Debris
|-sidestart|p2: Escott123|move: Toxic Spikes
|
|-heal|p2a: Ting-Lu|72/100|[from] item: Leftovers
|upkeep
|turn|2
|
|t:|1779653477
|move|p1a: Graveflower|Dazzling Gleam|p2a: Ting-Lu
|-supereffective|p2a: Ting-Lu
|-damage|p2a: Ting-Lu|36/100
|move|p2a: Ting-Lu|Whirlwind|p1a: Graveflower
|drag|p1a: Yo Mama|Great Tusk|100/100
|
|-heal|p2a: Ting-Lu|42/100|[from] item: Leftovers
|upkeep
|turn|3
|
|t:|1779653492
|switch|p2a: Primarina|Primarina, F|100/100
|-status|p2a: Primarina|psn
|move|p1a: Yo Mama|Ice Spinner|p2a: Primarina
|-resisted|p2a: Primarina
|-damage|p2a: Primarina|88/100 psn
|
|-heal|p2a: Primarina|94/100 psn|[from] item: Leftovers
|-damage|p2a: Primarina|81/100 psn|[from] psn
|upkeep
|turn|4
|
|t:|1779653504
|-end|p1a: Yo Mama|Protosynthesis|[silent]
|switch|p1a: Capitalism|Gholdengo|100/100
|move|p2a: Primarina|Calm Mind|p2a: Primarina
|-boost|p2a: Primarina|spa|1
|-boost|p2a: Primarina|spd|1
|
|-heal|p2a: Primarina|87/100 psn|[from] item: Leftovers
|-damage|p2a: Primarina|75/100 psn|[from] psn
|upkeep
|turn|5
|
|t:|1779653522
|switch|p2a: Ting-Lu|Ting-Lu|42/100
|-status|p2a: Ting-Lu|psn
|-ability|p2a: Ting-Lu|Vessel of Ruin
|move|p1a: Capitalism|Make It Rain|p2a: Ting-Lu
|-damage|p2a: Ting-Lu|16/100 psn
|-unboost|p1a: Capitalism|spa|1
|
|-heal|p2a: Ting-Lu|22/100 psn|[from] item: Leftovers
|-damage|p2a: Ting-Lu|10/100 psn|[from] psn
|upkeep
|turn|6
|
|t:|1779653536
|switch|p1a: Angry Chickz|Moltres|100/100
|move|p2a: Ting-Lu|Stealth Rock|p1a: Angry Chickz
|-sidestart|p1: SativaShogun|move: Stealth Rock
|
|-heal|p2a: Ting-Lu|16/100 psn|[from] item: Leftovers
|-damage|p2a: Ting-Lu|4/100 psn|[from] psn
|upkeep
|turn|7
|
|t:|1779653553
|move|p1a: Angry Chickz|Overheat|p2a: Ting-Lu
|-damage|p2a: Ting-Lu|0 fnt
|-unboost|p1a: Angry Chickz|spa|2
|faint|p2a: Ting-Lu
|
|upkeep
|
|t:|1779653559
|switch|p2a: Primarina|Primarina, F|75/100 psn
|turn|8
|
|t:|1779653571
|switch|p1a: Unlimited Power|Raging Bolt|100/100
|-damage|p1a: Unlimited Power|88/100|[from] Stealth Rock
|-enditem|p1a: Unlimited Power|Booster Energy
|-activate|p1a: Unlimited Power|ability: Protosynthesis|[fromitem]
|-start|p1a: Unlimited Power|protosynthesisspa
|move|p2a: Primarina|Psychic Noise|p1a: Unlimited Power
|-resisted|p1a: Unlimited Power
|-damage|p1a: Unlimited Power|67/100
|-start|p1a: Unlimited Power|move: Heal Block
|
|-heal|p2a: Primarina|81/100 psn|[from] item: Leftovers
|-damage|p2a: Primarina|69/100 psn|[from] psn
|upkeep
|turn|9
|
|t:|1779653586
|-terastallize|p2a: Primarina|Grass
|move|p1a: Unlimited Power|Thunderbolt|p2a: Primarina
|-resisted|p2a: Primarina
|-damage|p2a: Primarina|37/100 psn
|move|p2a: Primarina|Moonblast|p1a: Unlimited Power
|-supereffective|p1a: Unlimited Power
|-damage|p1a: Unlimited Power|0 fnt
|faint|p1a: Unlimited Power
|-end|p1a: Unlimited Power|Protosynthesis|[silent]
|
|-heal|p2a: Primarina|43/100 psn|[from] item: Leftovers
|-damage|p2a: Primarina|31/100 psn|[from] psn
|upkeep
|
|t:|1779653598
|switch|p1a: Angry Chickz|Moltres|100/100
|turn|10
|
|t:|1779653611
|move|p1a: Angry Chickz|Will-O-Wisp||[still]
|-fail|p1a: Angry Chickz
|move|p2a: Primarina|Psychic Noise|p1a: Angry Chickz
|-supereffective|p1a: Angry Chickz
|-damage|p1a: Angry Chickz|19/100
|-start|p1a: Angry Chickz|move: Heal Block
|
|-heal|p2a: Primarina|37/100 psn|[from] item: Leftovers
|-damage|p2a: Primarina|25/100 psn|[from] psn
|upkeep
|turn|11
|inactive|SativaShogun has 120 seconds left.
|n|‽SativaShogun|sativashogun
|-message|SativaShogun forfeited.
|
|win|Escott123
