|j|☆smokesniper3
|j|☆Auburn Hills
|t:|1779681858
|gametype|singles
|player|p1|smokesniper3|veteran|1635
|player|p2|Auburn Hills|alder|1674
|gen|9
|tier|[Gen 9] OU
|rated|
|rule|HP Percentage Mod: HP is shown in percentages
|rule|Endless Battle Clause: Forcing endless battles is banned
|rule|Species Clause: Limit one of each Pokémon
|rule|OHKO Clause: OHKO moves are banned
|rule|Evasion Items Clause: Evasion items are banned
|rule|Evasion Moves Clause: Evasion moves are banned
|rule|Evasion Abilities Clause: Evasion abilities are banned
|rule|Sleep Moves Clause: Sleep-inducing moves are banned
|clearpoke
|poke|p1|Indeedee, M|
|poke|p1|Gardevoir, F|
|poke|p1|Iron Crown|
|poke|p1|Hatterene, F|
|poke|p1|Hoopa-Unbound|
|poke|p1|Hawlucha, F|
|poke|p2|Iron Moth|
|poke|p2|Umbreon, M|
|poke|p2|Garchomp, F|
|poke|p2|Glimmora, M|
|poke|p2|Gholdengo|
|poke|p2|Dragonite, F|
|teampreview
|
|t:|1779681880
|teamsize|p1|6
|teamsize|p2|6
|start
|switch|p1a: Indeedee|Indeedee, M|100/100
|switch|p2a: Rat Tally|Garchomp, F|100/100
|-fieldstart|move: Psychic Terrain|[from] ability: Psychic Surge|[of] p1a: Indeedee
|turn|1
|
|t:|1779681908
|switch|p1a: Hatterene|Hatterene, F|100/100
|move|p2a: Rat Tally|Earthquake|p1a: Hatterene
|-crit|p1a: Hatterene
|-damage|p1a: Hatterene|34/100
|-enditem|p1a: Hatterene|Eject Button
|
|t:|1779681921
|switch|p1a: Gardevoir|Gardevoir, F|100/100
|-ability|p1a: Gardevoir|Rough Skin|Trace|[from] ability: Trace|[of] p2a: Rat Tally
|
|upkeep
|turn|2
|
|t:|1779681932
|move|p1a: Gardevoir|Moonblast|p2a: Rat Tally
|-supereffective|p2a: Rat Tally
|-damage|p2a: Rat Tally|0 fnt
|faint|p2a: Rat Tally
|
|upkeep
|
|t:|1779681937
|switch|p2a: Julia Jacklin|Glimmora, M|100/100
|turn|3
|
|t:|1779681941
|switch|p1a: Hatterene|Hatterene, F|34/100
|move|p2a: Julia Jacklin|Stealth Rock|p1a: Hatterene
|move|p1a: Hatterene|Stealth Rock|p2a: Julia Jacklin|[from] ability: Magic Bounce
|-sidestart|p2: Auburn Hills|move: Stealth Rock
|
|upkeep
|turn|4
|
|t:|1779681949
|move|p2a: Julia Jacklin|Earth Power|p1a: Hatterene
|-damage|p1a: Hatterene|4/100
|move|p1a: Hatterene|Expanding Force|p2a: Julia Jacklin
|-supereffective|p2a: Julia Jacklin
|-enditem|p2a: Julia Jacklin|Focus Sash
|-damage|p2a: Julia Jacklin|1/100
|
|upkeep
|turn|5
|
|t:|1779681961
|switch|p1a: Iron Crown|Iron Crown|100/100
|-enditem|p1a: Iron Crown|Booster Energy
|-activate|p1a: Iron Crown|ability: Quark Drive|[fromitem]
|-start|p1a: Iron Crown|quarkdrivespe
|move|p2a: Julia Jacklin|Earth Power|p1a: Iron Crown
|-supereffective|p1a: Iron Crown
|-damage|p1a: Iron Crown|43/100
|
|upkeep
|turn|6
|
|t:|1779681979
|move|p1a: Iron Crown|Tachyon Cutter|p2a: Julia Jacklin
|-supereffective|p2a: Julia Jacklin
|-damage|p2a: Julia Jacklin|0 fnt
|faint|p2a: Julia Jacklin
|-hitcount|p2: Julia Jacklin|1
|
|upkeep
|
|t:|1779681983
|switch|p2a: Carly Rae|Iron Moth|100/100
|-damage|p2a: Carly Rae|76/100|[from] Stealth Rock
|-enditem|p2a: Carly Rae|Booster Energy
|-activate|p2a: Carly Rae|ability: Quark Drive|[fromitem]
|-start|p2a: Carly Rae|quarkdrivespe
|turn|7
|j| whgsosla
|
|t:|1779681997
|move|p2a: Carly Rae|Fiery Dance|p1a: Iron Crown
|-supereffective|p1a: Iron Crown
|-damage|p1a: Iron Crown|0 fnt
|-boost|p2a: Carly Rae|spa|1
|faint|p1a: Iron Crown
|-end|p1a: Iron Crown|Quark Drive|[silent]
|
|upkeep
|
|t:|1779682001
|switch|p1a: Hoopa|Hoopa-Unbound|100/100
|-enditem|p1a: Hoopa|Psychic Seed
|-boost|p1a: Hoopa|spd|1|[from] item: Psychic Seed
|turn|8
|
|t:|1779682014
|-terastallize|p2a: Carly Rae|Fairy
|move|p2a: Carly Rae|Dazzling Gleam|p1a: Hoopa
|-supereffective|p1a: Hoopa
|-damage|p1a: Hoopa|39/100
|move|p1a: Hoopa|Expanding Force|p2a: Carly Rae
|-damage|p2a: Carly Rae|0 fnt
|faint|p2a: Carly Rae
|-end|p2a: Carly Rae|Quark Drive|[silent]
|
|-fieldend|move: Psychic Terrain
|upkeep
|
|t:|1779682020
|switch|p2a: Elucid|Dragonite, F|100/100
|turn|9
|
|t:|1779682031
|move|p2a: Elucid|Ice Spinner|p1a: Hoopa
|-damage|p1a: Hoopa|8/100
|move|p1a: Hoopa|Trick Room|p1a: Hoopa
|-fieldstart|move: Trick Room|[of] p1a: Hoopa
|
|upkeep
|turn|10
|
|t:|1779682042
|move|p2a: Elucid|Extreme Speed|p1a: Hoopa
|-damage|p1a: Hoopa|0 fnt
|faint|p1a: Hoopa
|
|upkeep
|
|t:|1779682046
|switch|p1a: Indeedee|Indeedee, M|100/100
|-fieldstart|move: Psychic Terrain|[from] ability: Psychic Surge|[of] p1a: Indeedee
|turn|11
|
|t:|1779682057
|move|p2a: Elucid|Ice Spinner|p1a: Indeedee
|-damage|p1a: Indeedee|31/100
|-fieldend|move: Psychic Terrain
|move|p1a: Indeedee|Expanding Force|p2a: Elucid
|-damage|p2a: Elucid|83/100
|
|upkeep
|turn|12
|
|t:|1779682095
|move|p2a: Elucid|Ice Spinner|p1a: Indeedee
|-damage|p1a: Indeedee|0 fnt
|faint|p1a: Indeedee
|
|upkeep
|
|t:|1779682132
|switch|p1a: Gardevoir|Gardevoir, F|100/100
|-ability|p1a: Gardevoir|Multiscale|Trace|[from] ability: Trace|[of] p2a: Elucid
|turn|13
|
|t:|1779682145
|move|p2a: Elucid|Earthquake|p1a: Gardevoir
|-damage|p1a: Gardevoir|69/100
|move|p1a: Gardevoir|Moonblast|p2a: Elucid
|-supereffective|p2a: Elucid
|-damage|p2a: Elucid|0 fnt
|faint|p2a: Elucid
|
|-fieldend|move: Trick Room
|upkeep
|
|t:|1779682149
|switch|p2a: Smino|Gholdengo|100/100
|-damage|p2a: Smino|94/100|[from] Stealth Rock
|turn|14
|
|t:|1779682157
|switch|p1a: Hatterene|Hatterene, F|4/100
|move|p2a: Smino|Shadow Ball|p1a: Hatterene
|-supereffective|p1a: Hatterene
|-damage|p1a: Hatterene|0 fnt
|faint|p1a: Hatterene
|
|upkeep
|
|t:|1779682160
|switch|p1a: Hawlucha|Hawlucha, F|100/100
|turn|15
|
|t:|1779682166
|-terastallize|p1a: Hawlucha|Electric
|move|p2a: Smino|Shadow Ball|p1a: Hawlucha
|-damage|p1a: Hawlucha|36/100
|move|p1a: Hawlucha|Swords Dance|p1a: Hawlucha
|-boost|p1a: Hawlucha|atk|2
|
|upkeep
|turn|16
|
|t:|1779682170
|move|p2a: Smino|Shadow Ball|p1a: Hawlucha
|-damage|p1a: Hawlucha|0 fnt
|faint|p1a: Hawlucha
|
|upkeep
|
|t:|1779682175
|switch|p1a: Gardevoir|Gardevoir, F|69/100
|-ability|p1a: Gardevoir|Good as Gold|Trace|[from] ability: Trace|[of] p2a: Smino
|turn|17
|
|t:|1779682178
|move|p1a: Gardevoir|Moonblast|p2a: Smino
|-resisted|p2a: Smino
|-damage|p2a: Smino|67/100
|move|p2a: Smino|Shadow Ball|p1a: Gardevoir
|-supereffective|p1a: Gardevoir
|-damage|p1a: Gardevoir|0 fnt
|faint|p1a: Gardevoir
|
|win|Auburn Hills
|raw|smokesniper3's rating: 1635 &rarr; <strong>1617</strong><br />(-18 for losing)
|raw|Auburn Hills's rating: 1674 &rarr; <strong>1692</strong><br />(+18 for winning)
|c|☆smokesniper3|gg
|l|☆Auburn Hills
|player|p2|
|l|☆smokesniper3
|player|p1|
|l| whgsosla
