|j|☆Veexliat
|j|☆CherryzardX
|t:|1779701963
|gametype|singles
|player|p1|Veexliat|gardenia|1388
|player|p2|CherryzardX|266|1329
|gen|9
|tier|[Gen 9] OU
|rated|
|rule|HP Percentage Mod: HP is shown in percentages
|rule|Endless Battle Clause: Forcing endless battles is banned
|rule|Species Clause: Limit one of each Pokémon
|rule|OHKO Clause: OHKO moves are banned
|rule|Evasion Items Clause: Evasion items are banned
|rule|Evasion Moves Clause: Evasion moves are banned
|rule|Evasion Abilities Clause: Evasion abilities are banned
|rule|Sleep Moves Clause: Sleep-inducing moves are banned
|clearpoke
|poke|p1|Gholdengo|
|poke|p1|Iron Treads|
|poke|p1|Moltres|
|poke|p1|Zamazenta-*|
|poke|p1|Samurott-Hisui, F|
|poke|p1|Garganacl, M|
|poke|p2|Kyurem|
|poke|p2|Samurott-Hisui, M|
|poke|p2|Corviknight, F|
|poke|p2|Hatterene, F|
|poke|p2|Garganacl, M|
|poke|p2|Rotom-Heat|
|teampreview
|inactive|Battle timer is ON: inactive players will automatically lose when time's up. (requested by Veexliat)
|inactive|Veexliat has 120 seconds left.
|
|t:|1779701997
|teamsize|p1|6
|teamsize|p2|6
|start
|switch|p1a: Zamazenta|Zamazenta|100/100
|switch|p2a: Hatterene|Hatterene, F|100/100
|-ability|p1a: Zamazenta|Dauntless Shield|boost
|-boost|p1a: Zamazenta|def|1
|turn|1
|
|t:|1779702005
|switch|p1a: Iron Treads|Iron Treads|100/100
|move|p2a: Hatterene|Dazzling Gleam|p1a: Iron Treads
|-resisted|p1a: Iron Treads
|-damage|p1a: Iron Treads|56/100
|
|upkeep
|turn|2
|
|t:|1779702017
|switch|p2a: Rotom|Rotom-Heat|100/100
|move|p1a: Iron Treads|Knock Off|p2a: Rotom
|-damage|p2a: Rotom|71/100
|-enditem|p2a: Rotom|Heavy-Duty Boots|[from] move: Knock Off|[of] p1a: Iron Treads
|
|upkeep
|turn|3
|
|t:|1779702027
|-end|p1a: Iron Treads|Quark Drive|[silent]
|switch|p1a: Garganacl|Garganacl, M|100/100
|move|p2a: Rotom|Will-O-Wisp|p1a: Garganacl
|-immune|p1a: Garganacl|[from] ability: Purifying Salt
|
|upkeep
|turn|4
|
|t:|1779702031
|move|p2a: Rotom|Volt Switch|p1a: Garganacl
|-damage|p1a: Garganacl|85/100
|
|t:|1779702056
|switch|p2a: Corviknight|Corviknight, F|100/100|[from] Volt Switch
|-ability|p2a: Corviknight|Pressure
|move|p1a: Garganacl|Salt Cure|p2a: Corviknight
|-damage|p2a: Corviknight|92/100
|
|-heal|p1a: Garganacl|91/100|[from] item: Leftovers
|upkeep
|turn|5
|inactive|Veexliat has 120 seconds left.
|
|t:|1779702087
|switch|p1a: Moltres|Moltres|100/100
|move|p2a: Corviknight|Body Press|p1a: Moltres
|-resisted|p1a: Moltres
|-damage|p1a: Moltres|91/100
|
|upkeep
|turn|6
|
|t:|1779702103
|switch|p2a: Samurott|Samurott-Hisui, M|100/100
|move|p1a: Moltres|U-turn|p2a: Samurott
|-supereffective|p2a: Samurott
|-damage|p2a: Samurott|71/100
|
|t:|1779702110
|switch|p1a: Zamazenta|Zamazenta|100/100|[from] U-turn
|
|upkeep
|turn|7
|
|t:|1779702123
|switch|p2a: Hatterene|Hatterene, F|100/100
|move|p1a: Zamazenta|Stone Edge|p2a: Hatterene
|-damage|p2a: Hatterene|61/100
|
|upkeep
|turn|8
|inactive|Veexliat has 120 seconds left.
|
|t:|1779702145
|switch|p1a: Garganacl|Garganacl, M|91/100
|move|p2a: Hatterene|Psychic|p1a: Garganacl
|-damage|p1a: Garganacl|42/100
|-unboost|p1a: Garganacl|spd|1
|
|-heal|p1a: Garganacl|49/100|[from] item: Leftovers
|upkeep
|turn|9
|inactive|Veexliat has 120 seconds left.
|
|t:|1779702156
|switch|p1a: Samurott|Samurott-Hisui, F|100/100
|move|p2a: Hatterene|Psychic|p1a: Samurott
|-immune|p1a: Samurott
|
|upkeep
|turn|10
|
|t:|1779702161
|switch|p2a: Corviknight|Corviknight, F|92/100
|-ability|p2a: Corviknight|Pressure
|move|p1a: Samurott|Ceaseless Edge|p2a: Corviknight
|-damage|p2a: Corviknight|64/100
|-sidestart|p2: CherryzardX|Spikes
|
|upkeep
|turn|11
|
|t:|1779702166
|switch|p1a: Gholdengo|Gholdengo|100/100
|-item|p1a: Gholdengo|Air Balloon
|move|p2a: Corviknight|Roost|p2a: Corviknight
|-heal|p2a: Corviknight|100/100
|-singleturn|p2a: Corviknight|move: Roost
|
|upkeep
|turn|12
|
|t:|1779702172
|switch|p1a: Moltres|Moltres|91/100
|move|p2a: Corviknight|U-turn|p1a: Moltres
|-resisted|p1a: Moltres
|-damage|p1a: Moltres|88/100
|
|t:|1779702175
|switch|p2a: Hatterene|Hatterene, F|61/100|[from] U-turn
|-damage|p2a: Hatterene|49/100|[from] Spikes
|
|upkeep
|turn|13
|
|t:|1779702181
|move|p1a: Moltres|U-turn|p2a: Hatterene
|-damage|p2a: Hatterene|34/100
|
|t:|1779702186
|switch|p1a: Gholdengo|Gholdengo|100/100|[from] U-turn
|-item|p1a: Gholdengo|Air Balloon
|move|p2a: Hatterene|Psychic|p1a: Gholdengo
|-resisted|p1a: Gholdengo
|-damage|p1a: Gholdengo|60/100
|-unboost|p1a: Gholdengo|spd|1
|-enditem|p1a: Gholdengo|Air Balloon
|
|upkeep
|turn|14
|l|☆CherryzardX
|inactive|CherryzardX disconnected and has a minute to reconnect!
|player|p2|
|inactive|CherryzardX has 30 seconds to reconnect!
|inactive|CherryzardX has 20 seconds to reconnect!
|inactive|CherryzardX has 15 seconds to reconnect!
|inactive|CherryzardX has 10 seconds to reconnect!
|inactive|CherryzardX has 5 seconds to reconnect!
|-message|CherryzardX lost due to inactivity.
|
|win|Veexliat
|raw|Veexliat's rating: 1388 &rarr; <strong>1405</strong><br />(+17 for winning)
|raw|CherryzardX's rating: 1329 &rarr; <strong>1312</strong><br />(-17 for losing)
|l|☆Veexliat
|player|p1|
