|j|☆kingaus04
|j|☆bottom10oat
|t:|1779595951
|gametype|singles
|player|p1|kingaus04|thorton|1147
|player|p2|bottom10oat|1|1119
|gen|9
|tier|[Gen 9] OU
|rated|
|rule|HP Percentage Mod: HP is shown in percentages
|rule|Endless Battle Clause: Forcing endless battles is banned
|rule|Species Clause: Limit one of each Pokémon
|rule|OHKO Clause: OHKO moves are banned
|rule|Evasion Items Clause: Evasion items are banned
|rule|Evasion Moves Clause: Evasion moves are banned
|rule|Evasion Abilities Clause: Evasion abilities are banned
|rule|Sleep Moves Clause: Sleep-inducing moves are banned
|clearpoke
|poke|p1|Dondozo, F|
|poke|p1|Gliscor, M|
|poke|p1|Garganacl, M|
|poke|p1|Clodsire, F|
|poke|p1|Skeledirge, M|
|poke|p1|Blissey, F|
|poke|p2|Kyurem|
|poke|p2|Decidueye-Hisui, F|
|poke|p2|Kingambit, M|
|poke|p2|Tornadus-Therian, M|
|poke|p2|Iron Treads|
|poke|p2|Samurott-Hisui, F|
|teampreview
|inactive|Battle timer is ON: inactive players will automatically lose when time's up. (requested by kingaus04)
|
|t:|1779595963
|teamsize|p1|6
|teamsize|p2|6
|start
|switch|p1a: Gliscor|Gliscor, M|100/100
|switch|p2a: Samurott|Samurott-Hisui, F|100/100
|turn|1
|
|t:|1779595969
|move|p1a: Gliscor|Protect|p1a: Gliscor
|-singleturn|p1a: Gliscor|Protect
|move|p2a: Samurott|Ceaseless Edge|p1a: Gliscor
|-activate|p1a: Gliscor|move: Protect
|
|-status|p1a: Gliscor|tox|[from] item: Toxic Orb
|upkeep
|turn|2
|
|t:|1779595972
|move|p2a: Samurott|Ceaseless Edge|p1a: Gliscor
|-damage|p1a: Gliscor|73/100 tox
|-sidestart|p1: kingaus04|Spikes
|move|p1a: Gliscor|Toxic|p2a: Samurott
|-status|p2a: Samurott|tox
|
|-damage|p2a: Samurott|94/100 tox|[from] psn
|-heal|p1a: Gliscor|86/100 tox|[from] ability: Poison Heal
|upkeep
|turn|3
|
|t:|1779595980
|move|p1a: Gliscor|Protect|p1a: Gliscor
|-singleturn|p1a: Gliscor|Protect
|move|p2a: Samurott|Ceaseless Edge|p1a: Gliscor
|-activate|p1a: Gliscor|move: Protect
|
|-damage|p2a: Samurott|82/100 tox|[from] psn
|-heal|p1a: Gliscor|98/100 tox|[from] ability: Poison Heal
|upkeep
|turn|4
|
|t:|1779595985
|move|p2a: Samurott|Ceaseless Edge|p1a: Gliscor
|-damage|p1a: Gliscor|72/100 tox
|-sidestart|p1: kingaus04|Spikes
|move|p1a: Gliscor|Earthquake|p2a: Samurott
|-damage|p2a: Samurott|43/100 tox
|
|-damage|p2a: Samurott|24/100 tox|[from] psn
|-heal|p1a: Gliscor|84/100 tox|[from] ability: Poison Heal
|upkeep
|turn|5
|
|t:|1779595992
|move|p1a: Gliscor|Protect|p1a: Gliscor
|-singleturn|p1a: Gliscor|Protect
|move|p2a: Samurott|Ceaseless Edge|p1a: Gliscor
|-activate|p1a: Gliscor|move: Protect
|
|-damage|p2a: Samurott|0 fnt|[from] psn
|faint|p2a: Samurott
|-heal|p1a: Gliscor|97/100 tox|[from] ability: Poison Heal
|upkeep
|
|t:|1779596000
|switch|p2a: Kyurem|Kyurem|100/100
|-ability|p2a: Kyurem|Pressure
|turn|6
|
|t:|1779596014
|move|p2a: Kyurem|Draco Meteor|p1a: Gliscor
|-damage|p1a: Gliscor|0 fnt
|-unboost|p2a: Kyurem|spa|2
|faint|p1a: Gliscor
|
|upkeep
|
|t:|1779596021
|switch|p1a: Blissey|Blissey, F|100/100
|turn|7
|
|t:|1779596024
|switch|p2a: Decidueye|Decidueye-Hisui, F|100/100
|move|p1a: Blissey|Seismic Toss|p2a: Decidueye
|-damage|p2a: Decidueye|74/100
|
|-heal|p2a: Decidueye|80/100|[from] item: Leftovers
|upkeep
|turn|8
|
|t:|1779596030
|switch|p1a: Skeledirge|Skeledirge, M|100/100
|move|p2a: Decidueye|Bulk Up|p2a: Decidueye
|-boost|p2a: Decidueye|atk|1
|-boost|p2a: Decidueye|def|1
|
|-heal|p2a: Decidueye|86/100|[from] item: Leftovers
|upkeep
|turn|9
|
|t:|1779596036
|switch|p2a: Tornadus|Tornadus-Therian, M|100/100
|move|p1a: Skeledirge|Will-O-Wisp|p2a: Tornadus
|-status|p2a: Tornadus|brn
|
|-damage|p2a: Tornadus|94/100 brn|[from] brn
|upkeep
|turn|10
|
|t:|1779596044
|move|p2a: Tornadus|Knock Off|p1a: Skeledirge
|-supereffective|p1a: Skeledirge
|-damage|p1a: Skeledirge|86/100
|-enditem|p1a: Skeledirge|Heavy-Duty Boots|[from] move: Knock Off|[of] p2a: Tornadus
|move|p1a: Skeledirge|Torch Song|p2a: Tornadus
|-damage|p2a: Tornadus|75/100 brn
|-boost|p1a: Skeledirge|spa|1
|
|-damage|p2a: Tornadus|69/100 brn|[from] brn
|upkeep
|turn|11
|
|t:|1779596050
|move|p2a: Tornadus|Bleakwind Storm|p1a: Skeledirge
|-damage|p1a: Skeledirge|50/100
|move|p1a: Skeledirge|Hex|p2a: Tornadus
|-damage|p2a: Tornadus|18/100 brn
|
|-damage|p2a: Tornadus|12/100 brn|[from] brn
|upkeep
|turn|12
|
|t:|1779596057
|move|p2a: Tornadus|Bleakwind Storm|p1a: Skeledirge
|-damage|p1a: Skeledirge|13/100
|move|p1a: Skeledirge|Slack Off|p1a: Skeledirge
|-heal|p1a: Skeledirge|63/100
|
|-damage|p2a: Tornadus|6/100 brn|[from] brn
|upkeep
|turn|13
|
|t:|1779596063
|move|p2a: Tornadus|U-turn|p1a: Skeledirge
|-resisted|p1a: Skeledirge
|-damage|p1a: Skeledirge|62/100
|
|t:|1779596073
|switch|p2a: Kyurem|Kyurem|100/100|[from] U-turn
|-ability|p2a: Kyurem|Pressure
|move|p1a: Skeledirge|Slack Off|p1a: Skeledirge
|-heal|p1a: Skeledirge|100/100
|
|upkeep
|turn|14
|
|t:|1779596085
|move|p2a: Kyurem|Draco Meteor|p1a: Skeledirge
|-damage|p1a: Skeledirge|7/100
|-unboost|p2a: Kyurem|spa|2
|move|p1a: Skeledirge|Torch Song|p2a: Kyurem
|-damage|p2a: Kyurem|61/100
|-boost|p1a: Skeledirge|spa|1
|
|upkeep
|turn|15
|
|t:|1779596101
|move|p2a: Kyurem|Draco Meteor|p1a: Skeledirge
|-damage|p1a: Skeledirge|0 fnt
|-unboost|p2a: Kyurem|spa|2
|faint|p1a: Skeledirge
|
|upkeep
|
|t:|1779596105
|switch|p1a: Clodsire|Clodsire, F|100/100
|turn|16
|
|t:|1779596111
|switch|p2a: Tornadus|Tornadus-Therian, M|39/100 brn
|move|p1a: Clodsire|Stealth Rock|p2a: Tornadus
|-sidestart|p2: bottom10oat|move: Stealth Rock
|
|-damage|p2a: Tornadus|33/100 brn|[from] brn
|upkeep
|turn|17
|
|t:|1779596117
|switch|p1a: Blissey|Blissey, F|100/100
|move|p2a: Tornadus|Knock Off|p1a: Blissey
|-damage|p1a: Blissey|81/100
|-enditem|p1a: Blissey|Heavy-Duty Boots|[from] move: Knock Off|[of] p2a: Tornadus
|
|-damage|p2a: Tornadus|27/100 brn|[from] brn
|upkeep
|turn|18
|
|t:|1779596127
|move|p2a: Tornadus|U-turn|p1a: Blissey
|-damage|p1a: Blissey|68/100
|
|t:|1779596131
|switch|p2a: Decidueye|Decidueye-Hisui, F|86/100|[from] U-turn
|-damage|p2a: Decidueye|80/100|[from] Stealth Rock
|move|p1a: Blissey|Seismic Toss|p2a: Decidueye
|-damage|p2a: Decidueye|54/100
|
|-heal|p2a: Decidueye|60/100|[from] item: Leftovers
|upkeep
|turn|19
|
|t:|1779596140
|switch|p1a: Clodsire|Clodsire, F|100/100
|move|p2a: Decidueye|Bulk Up|p2a: Decidueye
|-boost|p2a: Decidueye|atk|1
|-boost|p2a: Decidueye|def|1
|
|-heal|p2a: Decidueye|66/100|[from] item: Leftovers
|upkeep
|turn|20
|
|t:|1779596146
|move|p2a: Decidueye|Leaf Blade|p1a: Clodsire
|-damage|p1a: Clodsire|43/100
|move|p1a: Clodsire|Toxic|p2a: Decidueye
|-status|p2a: Decidueye|tox
|
|-heal|p2a: Decidueye|72/100 tox|[from] item: Leftovers
|-damage|p2a: Decidueye|66/100 tox|[from] psn
|upkeep
|turn|21
|
|t:|1779596154
|-terastallize|p1a: Clodsire|Flying
|move|p2a: Decidueye|Leaf Blade|p1a: Clodsire
|-resisted|p1a: Clodsire
|-damage|p1a: Clodsire|14/100
|move|p1a: Clodsire|Recover|p1a: Clodsire
|-heal|p1a: Clodsire|64/100
|
|-heal|p2a: Decidueye|72/100 tox|[from] item: Leftovers
|-damage|p2a: Decidueye|60/100 tox|[from] psn
|upkeep
|turn|22
|
|t:|1779596168
|switch|p2a: Kyurem|Kyurem|61/100
|-damage|p2a: Kyurem|37/100|[from] Stealth Rock
|-ability|p2a: Kyurem|Pressure
|move|p1a: Clodsire|Recover|p1a: Clodsire
|-heal|p1a: Clodsire|100/100
|
|upkeep
|turn|23
|
|t:|1779596184
|-terastallize|p2a: Kyurem|Ice
|move|p2a: Kyurem|Ice Beam|p1a: Clodsire
|-supereffective|p1a: Clodsire
|-damage|p1a: Clodsire|0 fnt
|faint|p1a: Clodsire
|
|upkeep
|
|t:|1779596194
|switch|p1a: Blissey|Blissey, F|68/100
|-damage|p1a: Blissey|51/100|[from] Spikes
|turn|24
|
|t:|1779596197
|move|p2a: Kyurem|Ice Beam|p1a: Blissey
|-damage|p1a: Blissey|27/100
|move|p1a: Blissey|Soft-Boiled|p1a: Blissey
|-heal|p1a: Blissey|77/100
|
|upkeep
|turn|25
|
|t:|1779596204
|switch|p2a: Iron Treads|Iron Treads|100/100
|-damage|p2a: Iron Treads|97/100|[from] Stealth Rock
|move|p1a: Blissey|Seismic Toss|p2a: Iron Treads
|-damage|p2a: Iron Treads|66/100
|
|-heal|p2a: Iron Treads|72/100|[from] item: Leftovers
|upkeep
|turn|26
|
|t:|1779596209
|switch|p1a: Dondozo|Dondozo, F|100/100
|move|p2a: Iron Treads|Rapid Spin|p1a: Dondozo
|-damage|p1a: Dondozo|93/100
|-boost|p2a: Iron Treads|spe|1
|-sideend|p2: bottom10oat|Stealth Rock|[from] move: Rapid Spin|[of] p2a: Iron Treads
|
|-heal|p2a: Iron Treads|79/100|[from] item: Leftovers
|upkeep
|turn|27
|
|t:|1779596214
|move|p2a: Iron Treads|Stealth Rock|p1a: Dondozo
|-sidestart|p1: kingaus04|move: Stealth Rock
|move|p1a: Dondozo|Body Press|p2a: Iron Treads
|-supereffective|p2a: Iron Treads
|-damage|p2a: Iron Treads|24/100
|
|-heal|p2a: Iron Treads|31/100|[from] item: Leftovers
|upkeep
|turn|28
|
|t:|1779596219
|move|p2a: Iron Treads|Knock Off|p1a: Dondozo
|-damage|p1a: Dondozo|80/100
|-enditem|p1a: Dondozo|Heavy-Duty Boots|[from] move: Knock Off|[of] p2a: Iron Treads
|move|p1a: Dondozo|Curse|p1a: Dondozo
|-unboost|p1a: Dondozo|spe|1
|-boost|p1a: Dondozo|atk|1
|-boost|p1a: Dondozo|def|1
|
|-heal|p2a: Iron Treads|37/100|[from] item: Leftovers
|upkeep
|turn|29
|
|t:|1779596234
|move|p2a: Iron Treads|Earthquake|p1a: Dondozo
|-damage|p1a: Dondozo|66/100
|move|p1a: Dondozo|Body Press|p2a: Iron Treads
|-supereffective|p2a: Iron Treads
|-damage|p2a: Iron Treads|0 fnt
|faint|p2a: Iron Treads
|-end|p2a: Iron Treads|Quark Drive|[silent]
|
|upkeep
|
|t:|1779596238
|switch|p2a: Kyurem|Kyurem, tera:Ice|37/100
|-ability|p2a: Kyurem|Pressure
|turn|30
|
|t:|1779596241
|move|p2a: Kyurem|Draco Meteor|p1a: Dondozo
|-damage|p1a: Dondozo|0 fnt
|-unboost|p2a: Kyurem|spa|2
|faint|p1a: Dondozo
|
|upkeep
|
|t:|1779596245
|switch|p1a: Garganacl|Garganacl, M|100/100
|turn|31
|
|t:|1779596249
|switch|p2a: Decidueye|Decidueye-Hisui, F|60/100 tox
|move|p1a: Garganacl|Body Press|p2a: Decidueye
|-damage|p2a: Decidueye|36/100 tox
|
|-heal|p2a: Decidueye|42/100 tox|[from] item: Leftovers
|-damage|p2a: Decidueye|36/100 tox|[from] psn
|upkeep
|turn|32
|
|t:|1779596254
|move|p2a: Decidueye|Triple Arrows|p1a: Garganacl
|-supereffective|p1a: Garganacl
|-damage|p1a: Garganacl|52/100
|move|p1a: Garganacl|Iron Defense|p1a: Garganacl
|-boost|p1a: Garganacl|def|2
|
|-heal|p2a: Decidueye|42/100 tox|[from] item: Leftovers
|-damage|p2a: Decidueye|30/100 tox|[from] psn
|upkeep
|turn|33
|
|t:|1779596260
|move|p2a: Decidueye|Triple Arrows|p1a: Garganacl
|-supereffective|p1a: Garganacl
|-damage|p1a: Garganacl|29/100
|-unboost|p1a: Garganacl|def|1
|move|p1a: Garganacl|Recover|p1a: Garganacl
|-heal|p1a: Garganacl|79/100
|
|-heal|p2a: Decidueye|36/100 tox|[from] item: Leftovers
|-damage|p2a: Decidueye|18/100 tox|[from] psn
|upkeep
|turn|34
|
|t:|1779596268
|move|p2a: Decidueye|Triple Arrows|p1a: Garganacl
|-supereffective|p1a: Garganacl
|-damage|p1a: Garganacl|50/100
|-unboost|p1a: Garganacl|def|1
|move|p1a: Garganacl|Iron Defense|p1a: Garganacl
|-boost|p1a: Garganacl|def|2
|
|-heal|p2a: Decidueye|24/100 tox|[from] item: Leftovers
|-damage|p2a: Decidueye|0 fnt|[from] psn
|faint|p2a: Decidueye
|upkeep
|
|t:|1779596278
|switch|p2a: Kyurem|Kyurem, tera:Ice|37/100
|-ability|p2a: Kyurem|Pressure
|turn|35
|
|t:|1779596283
|switch|p1a: Blissey|Blissey, F|77/100
|-damage|p1a: Blissey|60/100|[from] Spikes
|-damage|p1a: Blissey|48/100|[from] Stealth Rock
|move|p2a: Kyurem|Earth Power|p1a: Blissey
|-damage|p1a: Blissey|35/100
|
|upkeep
|turn|36
|
|t:|1779596291
|switch|p2a: Kingambit|Kingambit, M|100/100
|-activate|p2a: Kingambit|ability: Supreme Overlord
|-start|p2a: Kingambit|fallen3|[silent]
|move|p1a: Blissey|Soft-Boiled|p1a: Blissey
|-heal|p1a: Blissey|85/100
|
|upkeep
|turn|37
|
|t:|1779596297
|switch|p1a: Garganacl|Garganacl, M|50/100
|move|p2a: Kingambit|Swords Dance|p2a: Kingambit
|-boost|p2a: Kingambit|atk|2
|
|upkeep
|turn|38
|
|t:|1779596302
|move|p2a: Kingambit|Iron Head|p1a: Garganacl
|-supereffective|p1a: Garganacl
|-damage|p1a: Garganacl|0 fnt
|faint|p1a: Garganacl
|
|upkeep
|
|t:|1779596305
|switch|p1a: Blissey|Blissey, F|85/100
|-damage|p1a: Blissey|69/100|[from] Spikes
|-damage|p1a: Blissey|56/100|[from] Stealth Rock
|turn|39
|-message|kingaus04 forfeited.
|
|win|bottom10oat
|raw|kingaus04's rating: 1147 &rarr; <strong>1120</strong><br />(-27 for losing)
|raw|bottom10oat's rating: 1119 &rarr; <strong>1146</strong><br />(+27 for winning)
|l|☆kingaus04
|player|p1|
|l|☆bottom10oat
|player|p2|
