|j|☆lotoden bk
|j|☆esta man oe
|t:|1779721036
|gametype|singles
|player|p1|lotoden bk|swimmerf-gen4|1406
|player|p2|esta man oe|preschooler|1415
|gen|9
|tier|[Gen 9] OU
|rated|
|rule|HP Percentage Mod: HP is shown in percentages
|rule|Endless Battle Clause: Forcing endless battles is banned
|rule|Species Clause: Limit one of each Pokémon
|rule|OHKO Clause: OHKO moves are banned
|rule|Evasion Items Clause: Evasion items are banned
|rule|Evasion Moves Clause: Evasion moves are banned
|rule|Evasion Abilities Clause: Evasion abilities are banned
|rule|Sleep Moves Clause: Sleep-inducing moves are banned
|clearpoke
|poke|p1|Great Tusk|
|poke|p1|Heatran, M|
|poke|p1|Weavile, M|
|poke|p1|Primarina, M|
|poke|p1|Ogerpon, F|
|poke|p1|Pecharunt|
|poke|p2|Torkoal, M|
|poke|p2|Pelipper, M|
|poke|p2|Walking Wake|
|poke|p2|Hatterene, F|
|poke|p2|Raging Bolt|
|poke|p2|Alomomola, F|
|teampreview
|inactive|Battle timer is ON: inactive players will automatically lose when time's up. (requested by esta man oe)
|
|t:|1779721047
|teamsize|p1|6
|teamsize|p2|6
|start
|switch|p1a: Primarina|Primarina, M, shiny|100/100
|switch|p2a: Torkoal|Torkoal, M|100/100
|-weather|SunnyDay|[from] ability: Drought|[of] p2a: Torkoal
|turn|1
|
|t:|1779721058
|switch|p2a: Alomomola|Alomomola, F|100/100
|move|p1a: Primarina|Flip Turn|p2a: Alomomola
|-resisted|p2a: Alomomola
|-damage|p2a: Alomomola|98/100
|
|t:|1779721070
|switch|p1a: Pecharunt|Pecharunt|100/100|[from] Flip Turn
|
|-weather|SunnyDay|[upkeep]
|upkeep
|turn|2
|
|t:|1779721078
|move|p1a: Pecharunt|Malignant Chain|p2a: Alomomola
|-damage|p2a: Alomomola|73/100
|move|p2a: Alomomola|Flip Turn|p1a: Pecharunt
|-damage|p1a: Pecharunt|96/100
|-damage|p2a: Alomomola|56/100|[from] item: Rocky Helmet|[of] p1a: Pecharunt
|
|t:|1779721083
|switch|p2a: Walking Wake|Walking Wake|100/100|[from] Flip Turn
|-activate|p2a: Walking Wake|ability: Protosynthesis
|-start|p2a: Walking Wake|protosynthesisspa
|
|-weather|SunnyDay|[upkeep]
|upkeep
|turn|3
|
|t:|1779721095
|switch|p1a: Primarina|Primarina, M, shiny|100/100
|-terastallize|p2a: Walking Wake|Water
|move|p2a: Walking Wake|Hydro Steam|p1a: Primarina
|-resisted|p1a: Primarina
|-damage|p1a: Primarina|61/100
|
|-weather|SunnyDay|[upkeep]
|upkeep
|turn|4
|
|t:|1779721103
|move|p2a: Walking Wake|Hydro Steam|p1a: Primarina
|-resisted|p1a: Primarina
|-damage|p1a: Primarina|18/100
|move|p1a: Primarina|Moonblast|p2a: Walking Wake
|-damage|p2a: Walking Wake|45/100
|-unboost|p2a: Walking Wake|spa|1
|
|-weather|SunnyDay|[upkeep]
|upkeep
|turn|5
|
|t:|1779721110
|move|p2a: Walking Wake|Hydro Steam|p1a: Primarina
|-resisted|p1a: Primarina
|-damage|p1a: Primarina|0 fnt
|faint|p1a: Primarina
|
|-weather|SunnyDay|[upkeep]
|upkeep
|
|t:|1779721124
|switch|p1a: Ogerpon|Ogerpon, F|100/100
|turn|6
|
|t:|1779721129
|-end|p2a: Walking Wake|Protosynthesis|[silent]
|switch|p2a: Raging Bolt|Raging Bolt|100/100
|-activate|p2a: Raging Bolt|ability: Protosynthesis
|-start|p2a: Raging Bolt|protosynthesisspa
|move|p1a: Ogerpon|Knock Off|p2a: Raging Bolt
|-damage|p2a: Raging Bolt|55/100
|-enditem|p2a: Raging Bolt|Choice Scarf|[from] move: Knock Off|[of] p1a: Ogerpon
|
|-weather|SunnyDay|[upkeep]
|upkeep
|turn|7
|
|t:|1779721145
|move|p1a: Ogerpon|Knock Off|p2a: Raging Bolt
|-damage|p2a: Raging Bolt|27/100
|move|p2a: Raging Bolt|Draco Meteor|p1a: Ogerpon
|-damage|p1a: Ogerpon|0 fnt
|-unboost|p2a: Raging Bolt|spa|2
|faint|p1a: Ogerpon
|
|-weather|SunnyDay|[upkeep]
|upkeep
|
|t:|1779721159
|switch|p1a: Weavile|Weavile, M, shiny|100/100
|-ability|p1a: Weavile|Pressure
|turn|8
|
|t:|1779721167
|switch|p1a: Great Tusk|Great Tusk, shiny|100/100
|-activate|p1a: Great Tusk|ability: Protosynthesis
|-start|p1a: Great Tusk|protosynthesisatk
|-end|p2a: Raging Bolt|Protosynthesis|[silent]
|switch|p2a: Pelipper|Pelipper, M|100/100
|-weather|RainDance|[from] ability: Drizzle|[of] p2a: Pelipper
|-end|p1a: Great Tusk|Protosynthesis
|
|-weather|RainDance|[upkeep]
|upkeep
|turn|9
|
|t:|1779721175
|move|p1a: Great Tusk|Stone Edge|p2a: Pelipper
|-supereffective|p2a: Pelipper
|-crit|p2a: Pelipper
|-damage|p2a: Pelipper|25/100
|move|p2a: Pelipper|Hydro Pump|p1a: Great Tusk
|-supereffective|p1a: Great Tusk
|-damage|p1a: Great Tusk|0 fnt
|faint|p1a: Great Tusk
|-end|p1a: Great Tusk|Protosynthesis|[silent]
|
|-weather|RainDance|[upkeep]
|upkeep
|
|t:|1779721182
|switch|p1a: Weavile|Weavile, M, shiny|100/100
|-ability|p1a: Weavile|Pressure
|turn|10
|
|t:|1779721187
|move|p1a: Weavile|Knock Off|p2a: Pelipper
|-damage|p2a: Pelipper|0 fnt
|-enditem|p2a: Pelipper|Damp Rock|[from] move: Knock Off|[of] p1a: Weavile
|faint|p2a: Pelipper
|
|-weather|RainDance|[upkeep]
|upkeep
|
|t:|1779721189
|switch|p2a: Torkoal|Torkoal, M|100/100
|-weather|SunnyDay|[from] ability: Drought|[of] p2a: Torkoal
|turn|11
|
|t:|1779721195
|switch|p1a: Heatran|Heatran, M, shiny|100/100
|-item|p1a: Heatran|Air Balloon
|move|p2a: Torkoal|Stealth Rock|p1a: Heatran
|-sidestart|p1: lotoden bk|move: Stealth Rock
|
|-weather|SunnyDay|[upkeep]
|upkeep
|turn|12
|
|t:|1779721207
|switch|p2a: Hatterene|Hatterene, F, shiny|100/100
|move|p1a: Heatran|Earth Power|p2a: Hatterene
|-damage|p2a: Hatterene|68/100
|-enditem|p2a: Hatterene|Eject Button
|
|t:|1779721212
|switch|p2a: Walking Wake|Walking Wake, tera:Water|45/100
|-activate|p2a: Walking Wake|ability: Protosynthesis
|-start|p2a: Walking Wake|protosynthesisspa
|
|-weather|SunnyDay|[upkeep]
|upkeep
|turn|13
|
|t:|1779721219
|-terastallize|p1a: Heatran|Grass
|move|p2a: Walking Wake|Hydro Steam|p1a: Heatran
|-resisted|p1a: Heatran
|-damage|p1a: Heatran|18/100
|-enditem|p1a: Heatran|Air Balloon
|move|p1a: Heatran|Earth Power|p2a: Walking Wake
|-damage|p2a: Walking Wake|6/100
|
|-weather|SunnyDay|[upkeep]
|upkeep
|turn|14
|
|t:|1779721228
|move|p2a: Walking Wake|Hydro Steam|p1a: Heatran
|-resisted|p1a: Heatran
|-damage|p1a: Heatran|0 fnt
|faint|p1a: Heatran
|
|-weather|SunnyDay|[upkeep]
|upkeep
|
|t:|1779721231
|switch|p1a: Weavile|Weavile, M, shiny|100/100
|-damage|p1a: Weavile|76/100|[from] Stealth Rock
|-ability|p1a: Weavile|Pressure
|turn|15
|
|t:|1779721237
|-end|p2a: Walking Wake|Protosynthesis|[silent]
|switch|p2a: Raging Bolt|Raging Bolt|27/100
|-activate|p2a: Raging Bolt|ability: Protosynthesis
|-start|p2a: Raging Bolt|protosynthesisspa
|move|p1a: Weavile|Knock Off|p2a: Raging Bolt
|-damage|p2a: Raging Bolt|0 fnt
|faint|p2a: Raging Bolt
|-end|p2a: Raging Bolt|Protosynthesis|[silent]
|
|-weather|SunnyDay|[upkeep]
|upkeep
|
|t:|1779721242
|switch|p2a: Alomomola|Alomomola, F|90/100
|turn|16
|
|t:|1779721247
|move|p1a: Weavile|Knock Off|p2a: Alomomola
|-damage|p2a: Alomomola|37/100
|-enditem|p2a: Alomomola|Heavy-Duty Boots|[from] move: Knock Off|[of] p1a: Weavile
|move|p2a: Alomomola|Healing Wish|p2a: Alomomola
|faint|p2a: Alomomola
|
|-weather|SunnyDay|[upkeep]
|upkeep
|
|t:|1779721252
|switch|p2a: Walking Wake|Walking Wake, tera:Water|6/100
|-heal|p2a: Walking Wake|100/100|[from] move: Healing Wish
|-activate|p2a: Walking Wake|ability: Protosynthesis
|-start|p2a: Walking Wake|protosynthesisspa
|turn|17
|
|t:|1779721255
|move|p1a: Weavile|Knock Off|p2a: Walking Wake
|-damage|p2a: Walking Wake|26/100
|-enditem|p2a: Walking Wake|Choice Specs|[from] move: Knock Off|[of] p1a: Weavile
|move|p2a: Walking Wake|Hydro Steam|p1a: Weavile
|-damage|p1a: Weavile|0 fnt
|faint|p1a: Weavile
|
|-weather|SunnyDay|[upkeep]
|upkeep
|
|t:|1779721261
|switch|p1a: Pecharunt|Pecharunt|96/100
|-damage|p1a: Pecharunt|84/100|[from] Stealth Rock
|turn|18
|
|t:|1779721271
|move|p2a: Walking Wake|Hydro Steam|p1a: Pecharunt
|-damage|p1a: Pecharunt|0 fnt
|faint|p1a: Pecharunt
|
|win|esta man oe
|raw|lotoden bk's rating: 1406 &rarr; <strong>1387</strong><br />(-19 for losing)
|raw|esta man oe's rating: 1415 &rarr; <strong>1434</strong><br />(+19 for winning)
