|j|☆th3r3d33m3r
|j|☆thegreatestnone
|t:|1779555984
|gametype|singles
|player|p1|th3r3d33m3r|lady|1432
|player|p2|thegreatestnone|170|1511
|gen|9
|tier|[Gen 9] OU
|rated|
|rule|HP Percentage Mod: HP is shown in percentages
|rule|Endless Battle Clause: Forcing endless battles is banned
|rule|Species Clause: Limit one of each Pokémon
|rule|OHKO Clause: OHKO moves are banned
|rule|Evasion Items Clause: Evasion items are banned
|rule|Evasion Moves Clause: Evasion moves are banned
|rule|Evasion Abilities Clause: Evasion abilities are banned
|rule|Sleep Moves Clause: Sleep-inducing moves are banned
|clearpoke
|poke|p1|Regieleki|
|poke|p1|Landorus-Therian, M|
|poke|p1|Cinderace, M|
|poke|p1|Hydrapple, M|
|poke|p1|Alomomola, F|
|poke|p1|Kingambit, F|
|poke|p2|Politoed, M|
|poke|p2|Crawdaunt, F|
|poke|p2|Pelipper, M|
|poke|p2|Iron Valiant|
|poke|p2|Azumarill, M|
|poke|p2|Regieleki|
|teampreview
|
|t:|1779556000
|teamsize|p1|6
|teamsize|p2|6
|start
|switch|p1a: Regieleki|Regieleki|100/100
|switch|p2a: Pelipper|Pelipper, M|100/100
|-weather|RainDance|[from] ability: Drizzle|[of] p2a: Pelipper
|turn|1
|
|t:|1779556019
|move|p1a: Regieleki|Volt Switch|p2a: Pelipper
|-supereffective|p2a: Pelipper
|-damage|p2a: Pelipper|0 fnt
|faint|p2a: Pelipper
|l|☆th3r3d33m3r
|player|p1|
|j|☆th3r3d33m3r
|player|p1|th3r3d33m3r|lady|
|
|t:|1779556054
|switch|p1a: Alomomola|Alomomola, F|100/100|[from] Volt Switch
|
|-weather|RainDance|[upkeep]
|upkeep
|
|t:|1779556076
|switch|p2a: Crawdaunt|Crawdaunt, F|100/100
|turn|2
|
|t:|1779556081
|move|p1a: Alomomola|Flip Turn|p2a: Crawdaunt
|-resisted|p2a: Crawdaunt
|-damage|p2a: Crawdaunt|85/100
|
|t:|1779556101
|switch|p1a: Landorus|Landorus-Therian, M|100/100|[from] Flip Turn
|-ability|p1a: Landorus|Intimidate|boost
|-unboost|p2a: Crawdaunt|atk|1
|move|p2a: Crawdaunt|Knock Off|p1a: Landorus
|-damage|p1a: Landorus|30/100
|-damage|p2a: Crawdaunt|69/100|[from] item: Rocky Helmet|[of] p1a: Landorus
|-enditem|p1a: Landorus|Rocky Helmet|[from] move: Knock Off|[of] p2a: Crawdaunt
|
|-weather|RainDance|[upkeep]
|upkeep
|turn|3
|
|t:|1779556107
|switch|p1a: Hydrapple|Hydrapple, M|100/100
|move|p2a: Crawdaunt|Knock Off|p1a: Hydrapple
|-damage|p1a: Hydrapple|62/100
|-damage|p2a: Crawdaunt|52/100|[from] item: Rocky Helmet|[of] p1a: Hydrapple
|-enditem|p1a: Hydrapple|Rocky Helmet|[from] move: Knock Off|[of] p2a: Crawdaunt
|
|-weather|RainDance|[upkeep]
|upkeep
|turn|4
|
|t:|1779556113
|move|p2a: Crawdaunt|Knock Off|p1a: Hydrapple
|-damage|p1a: Hydrapple|34/100
|move|p1a: Hydrapple|Giga Drain|p2a: Crawdaunt
|-supereffective|p2a: Crawdaunt
|-damage|p2a: Crawdaunt|0 fnt
|-heal|p1a: Hydrapple|55/100|[from] drain|[of] p2a: Crawdaunt
|faint|p2a: Crawdaunt
|
|-weather|RainDance|[upkeep]
|upkeep
|
|t:|1779556118
|switch|p2a: Iron Valiant|Iron Valiant|100/100
|turn|5
|
|t:|1779556124
|switch|p1a: Alomomola|Alomomola, F|100/100
|move|p2a: Iron Valiant|Spirit Break|p1a: Alomomola
|-crit|p1a: Alomomola
|-damage|p1a: Alomomola|22/100
|-unboost|p1a: Alomomola|spa|1
|
|-weather|none
|upkeep
|turn|6
|
|t:|1779556132
|-end|p2a: Iron Valiant|Quark Drive|[silent]
|switch|p2a: Politoed|Politoed, M|100/100
|-weather|RainDance|[from] ability: Drizzle|[of] p2a: Politoed
|switch|p1a: Cinderace|Cinderace, M|100/100
|
|-weather|RainDance|[upkeep]
|upkeep
|turn|7
|
|t:|1779556135
|move|p1a: Cinderace|U-turn|p2a: Politoed
|-damage|p2a: Politoed|78/100
|
|t:|1779556137
|switch|p1a: Regieleki|Regieleki|100/100|[from] U-turn
|move|p2a: Politoed|Surf|p1a: Regieleki
|-damage|p1a: Regieleki|21/100
|
|-weather|RainDance|[upkeep]
|upkeep
|turn|8
|
|t:|1779556144
|switch|p2a: Iron Valiant|Iron Valiant|100/100
|move|p1a: Regieleki|Volt Switch|p2a: Iron Valiant
|-damage|p2a: Iron Valiant|47/100
|
|t:|1779556155
|switch|p1a: Landorus|Landorus-Therian, M|30/100|[from] Volt Switch
|-ability|p1a: Landorus|Intimidate|boost
|-unboost|p2a: Iron Valiant|atk|1
|
|-weather|RainDance|[upkeep]
|upkeep
|turn|9
|
|t:|1779556191
|-end|p2a: Iron Valiant|Quark Drive|[silent]
|switch|p2a: Regieleki|Regieleki|100/100
|switch|p1a: Cinderace|Cinderace, M|100/100
|
|-weather|RainDance|[upkeep]
|upkeep
|turn|10
|
|t:|1779556202
|switch|p2a: Azumarill|Azumarill, M|100/100
|switch|p1a: Landorus|Landorus-Therian, M|30/100
|-ability|p1a: Landorus|Intimidate|boost
|-unboost|p2a: Azumarill|atk|1
|
|-weather|RainDance|[upkeep]
|upkeep
|turn|11
|
|t:|1779556208
|switch|p1a: Alomomola|Alomomola, F|55/100
|-terastallize|p2a: Azumarill|Water
|move|p2a: Azumarill|Aqua Jet|p1a: Alomomola
|-resisted|p1a: Alomomola
|-damage|p1a: Alomomola|43/100
|
|-weather|RainDance|[upkeep]
|upkeep
|turn|12
|
|t:|1779556219
|move|p1a: Alomomola|Flip Turn|p2a: Azumarill
|-resisted|p2a: Azumarill
|-damage|p2a: Azumarill|88/100
|
|t:|1779556221
|switch|p1a: Hydrapple|Hydrapple, M|88/100|[from] Flip Turn
|move|p2a: Azumarill|Belly Drum|p2a: Azumarill
|-damage|p2a: Azumarill|38/100
|-setboost|p2a: Azumarill|atk|6|[from] move: Belly Drum
|-enditem|p2a: Azumarill|Sitrus Berry|[eat]
|-heal|p2a: Azumarill|63/100|[from] item: Sitrus Berry
|
|-weather|RainDance|[upkeep]
|upkeep
|turn|13
|
|t:|1779556237
|switch|p1a: Landorus|Landorus-Therian, M|30/100
|-ability|p1a: Landorus|Intimidate|boost
|-unboost|p2a: Azumarill|atk|1
|move|p2a: Azumarill|Play Rough|p1a: Landorus
|-damage|p1a: Landorus|0 fnt
|faint|p1a: Landorus
|
|-weather|none
|upkeep
|
|t:|1779556239
|switch|p1a: Hydrapple|Hydrapple, M|100/100
|turn|14
|
|t:|1779556243
|-terastallize|p1a: Hydrapple|Fairy
|move|p2a: Azumarill|Play Rough|p1a: Hydrapple
|-damage|p1a: Hydrapple|0 fnt
|faint|p1a: Hydrapple
|
|upkeep
|
|t:|1779556248
|switch|p1a: Kingambit|Kingambit, F|100/100
|-activate|p1a: Kingambit|ability: Supreme Overlord
|-start|p1a: Kingambit|fallen2|[silent]
|turn|15
|
|t:|1779556259
|move|p1a: Kingambit|Iron Head|p2a: Azumarill
|-resisted|p2a: Azumarill
|-damage|p2a: Azumarill|36/100
|move|p2a: Azumarill|Play Rough|p1a: Kingambit
|-damage|p1a: Kingambit|0 fnt
|faint|p1a: Kingambit
|-end|p1a: Kingambit|fallen2|[silent]
|
|upkeep
|-message|th3r3d33m3r forfeited.
|
|win|thegreatestnone
|raw|th3r3d33m3r's rating: 1432 &rarr; <strong>1416</strong><br />(-16 for losing)
|raw|thegreatestnone's rating: 1511 &rarr; <strong>1527</strong><br />(+16 for winning)
|l|☆th3r3d33m3r
|player|p1|
|l|☆thegreatestnone
|player|p2|
