|j|☆vontade88
|j|☆jsmikelol
|t:|1779590135
|gametype|singles
|player|p1|vontade88|101|1116
|player|p2|jsmikelol|ninjaboy|1131
|gen|9
|tier|[Gen 9] OU
|rated|
|rule|HP Percentage Mod: HP is shown in percentages
|rule|Endless Battle Clause: Forcing endless battles is banned
|rule|Species Clause: Limit one of each Pokémon
|rule|OHKO Clause: OHKO moves are banned
|rule|Evasion Items Clause: Evasion items are banned
|rule|Evasion Moves Clause: Evasion moves are banned
|rule|Evasion Abilities Clause: Evasion abilities are banned
|rule|Sleep Moves Clause: Sleep-inducing moves are banned
|clearpoke
|poke|p1|Grimmsnarl, M|
|poke|p1|Enamorus, F|
|poke|p1|Tornadus-Therian, M|
|poke|p1|Iron Treads|
|poke|p1|Heatran, F|
|poke|p1|Cloyster, F|
|poke|p2|Blaziken, F|
|poke|p2|Iron Boulder|
|poke|p2|Iron Hands|
|poke|p2|Kingambit, M|
|poke|p2|Hatterene, F|
|poke|p2|Weavile, M|
|teampreview
|inactive|Battle timer is ON: inactive players will automatically lose when time's up. (requested by jsmikelol)
|
|t:|1779590159
|teamsize|p1|6
|teamsize|p2|6
|start
|switch|p1a: Enamorus|Enamorus, F|100/100
|switch|p2a: Familiar Face|Hatterene, F|100/100
|turn|1
|
|t:|1779590165
|move|p1a: Enamorus|Moonblast|p2a: Familiar Face
|-damage|p2a: Familiar Face|49/100
|-unboost|p2a: Familiar Face|spa|1
|move|p2a: Familiar Face|Calm Mind|p2a: Familiar Face
|-boost|p2a: Familiar Face|spa|1
|-boost|p2a: Familiar Face|spd|1
|
|-heal|p2a: Familiar Face|55/100|[from] item: Leftovers
|upkeep
|turn|2
|
|t:|1779590176
|move|p1a: Enamorus|Moonblast|p2a: Familiar Face
|-damage|p2a: Familiar Face|17/100
|move|p2a: Familiar Face|Draining Kiss|p1a: Enamorus
|-damage|p1a: Enamorus|60/100
|-heal|p2a: Familiar Face|44/100|[from] drain|[of] p1a: Enamorus
|
|-heal|p2a: Familiar Face|50/100|[from] item: Leftovers
|upkeep
|turn|3
|
|t:|1779590185
|switch|p1a: Grimmsnarl|Grimmsnarl, M|100/100
|move|p2a: Familiar Face|Draining Kiss|p1a: Grimmsnarl
|-supereffective|p1a: Grimmsnarl
|-damage|p1a: Grimmsnarl|39/100
|-heal|p2a: Familiar Face|100/100|[from] drain|[of] p1a: Grimmsnarl
|-damage|p2a: Familiar Face|84/100|[from] item: Rocky Helmet|[of] p1a: Grimmsnarl
|
|-heal|p2a: Familiar Face|90/100|[from] item: Leftovers
|upkeep
|turn|4
|
|t:|1779590192
|move|p1a: Grimmsnarl|Parting Shot|p2a: Familiar Face
|move|p2a: Familiar Face|Parting Shot|p1a: Grimmsnarl|[from] ability: Magic Bounce
|-unboost|p1a: Grimmsnarl|atk|1
|-unboost|p1a: Grimmsnarl|spa|1
|
|t:|1779590201
|switch|p2a: One Punch|Iron Hands, shiny|100/100|[from] Parting Shot
|-enditem|p2a: One Punch|Booster Energy
|-activate|p2a: One Punch|ability: Quark Drive|[fromitem]
|-start|p2a: One Punch|quarkdriveatk
|
|upkeep
|turn|5
|
|t:|1779590209
|move|p1a: Grimmsnarl|Parting Shot|p2a: One Punch
|-unboost|p2a: One Punch|atk|1
|-unboost|p2a: One Punch|spa|1
|
|t:|1779590217
|switch|p1a: Enamorus|Enamorus, F|60/100|[from] Parting Shot
|move|p2a: One Punch|Drain Punch|p1a: Enamorus
|-resisted|p1a: Enamorus
|-damage|p1a: Enamorus|44/100
|
|upkeep
|turn|6
|
|t:|1779590222
|move|p1a: Enamorus|Moonblast|p2a: One Punch
|-supereffective|p2a: One Punch
|-damage|p2a: One Punch|14/100
|-unboost|p2a: One Punch|spa|1
|move|p2a: One Punch|Ice Punch|p1a: Enamorus
|-supereffective|p1a: Enamorus
|-damage|p1a: Enamorus|0 fnt
|faint|p1a: Enamorus
|
|upkeep
|
|t:|1779590231
|switch|p1a: Iron Treads|Iron Treads|100/100
|turn|7
|
|t:|1779590244
|-terastallize|p2a: One Punch|Flying
|move|p1a: Iron Treads|Rapid Spin|p2a: One Punch
|-damage|p2a: One Punch|4/100
|-boost|p1a: Iron Treads|spe|1
|move|p2a: One Punch|Drain Punch|p1a: Iron Treads
|-supereffective|p1a: Iron Treads
|-damage|p1a: Iron Treads|28/100
|-heal|p2a: One Punch|27/100|[from] drain|[of] p1a: Iron Treads
|
|upkeep
|turn|8
|
|t:|1779590252
|move|p1a: Iron Treads|Ice Spinner|p2a: One Punch
|-supereffective|p2a: One Punch
|-damage|p2a: One Punch|0 fnt
|faint|p2a: One Punch
|-end|p2a: One Punch|Quark Drive|[silent]
|
|upkeep
|
|t:|1779590257
|switch|p2a: Familiar Face|Hatterene, F|90/100
|turn|9
|
|t:|1779590261
|move|p1a: Iron Treads|Earthquake|p2a: Familiar Face
|-damage|p2a: Familiar Face|40/100
|move|p2a: Familiar Face|Dark Pulse|p1a: Iron Treads
|-damage|p1a: Iron Treads|0 fnt
|faint|p1a: Iron Treads
|-end|p1a: Iron Treads|Quark Drive|[silent]
|
|-heal|p2a: Familiar Face|46/100|[from] item: Leftovers
|upkeep
|
|t:|1779590266
|switch|p1a: Tornadus|Tornadus-Therian, M|100/100
|turn|10
|
|t:|1779590274
|move|p1a: Tornadus|Knock Off|p2a: Familiar Face
|-damage|p2a: Familiar Face|10/100
|-enditem|p2a: Familiar Face|Leftovers|[from] move: Knock Off|[of] p1a: Tornadus
|-damage|p1a: Tornadus|90/100|[from] item: Life Orb
|move|p2a: Familiar Face|Draining Kiss|p1a: Tornadus
|-damage|p1a: Tornadus|52/100
|-heal|p2a: Familiar Face|37/100|[from] drain|[of] p1a: Tornadus
|
|upkeep
|turn|11
|
|t:|1779590284
|move|p1a: Tornadus|Hurricane|p2a: Familiar Face
|-crit|p2a: Familiar Face
|-damage|p2a: Familiar Face|0 fnt
|faint|p2a: Familiar Face
|-damage|p1a: Tornadus|42/100|[from] item: Life Orb
|
|upkeep
|
|t:|1779590291
|switch|p2a: Iron Wall|Iron Boulder|100/100
|-enditem|p2a: Iron Wall|Booster Energy
|-activate|p2a: Iron Wall|ability: Quark Drive|[fromitem]
|-start|p2a: Iron Wall|quarkdrivespe
|turn|12
|
|t:|1779590305
|switch|p1a: Grimmsnarl|Grimmsnarl, M|39/100
|move|p2a: Iron Wall|Mighty Cleave|p1a: Grimmsnarl
|-damage|p1a: Grimmsnarl|0 fnt
|-damage|p2a: Iron Wall|84/100|[from] item: Rocky Helmet|[of] p1a: Grimmsnarl
|faint|p1a: Grimmsnarl
|
|upkeep
|
|t:|1779590308
|switch|p1a: Cloyster|Cloyster, F|100/100
|turn|13
|
|t:|1779590320
|-terastallize|p1a: Cloyster|Ice
|move|p2a: Iron Wall|Close Combat|p1a: Cloyster
|-supereffective|p1a: Cloyster
|-damage|p1a: Cloyster|30/100
|-unboost|p2a: Iron Wall|def|1
|-unboost|p2a: Iron Wall|spd|1
|move|p1a: Cloyster|Icicle Spear|p2a: Iron Wall
|-damage|p2a: Iron Wall|57/100
|-damage|p2a: Iron Wall|30/100
|-crit|p2a: Iron Wall
|-damage|p2a: Iron Wall|0 fnt
|faint|p2a: Iron Wall
|-end|p2a: Iron Wall|Quark Drive|[silent]
|-hitcount|p2: Iron Wall|3
|
|upkeep
|
|t:|1779590332
|switch|p2a: Iced Out|Weavile, M, shiny|100/100
|-ability|p2a: Iced Out|Pressure
|turn|14
|
|t:|1779590337
|switch|p1a: Heatran|Heatran, F|100/100
|move|p2a: Iced Out|Substitute|p2a: Iced Out
|-start|p2a: Iced Out|Substitute
|-damage|p2a: Iced Out|76/100
|
|upkeep
|turn|15
|
|t:|1779590343
|move|p2a: Iced Out|Swords Dance|p2a: Iced Out
|-boost|p2a: Iced Out|atk|2
|move|p1a: Heatran|Magma Storm|p2a: Iced Out|[miss]
|-miss|p1a: Heatran|p2a: Iced Out
|
|upkeep
|turn|16
|
|t:|1779590350
|move|p2a: Iced Out|Swords Dance|p2a: Iced Out
|-boost|p2a: Iced Out|atk|2
|move|p1a: Heatran|Magma Storm|p2a: Iced Out
|-supereffective|p2a: Iced Out
|-end|p2a: Iced Out|Substitute
|
|upkeep
|turn|17
|
|t:|1779590359
|move|p2a: Iced Out|Knock Off|p1a: Heatran
|-damage|p1a: Heatran|0 fnt
|-enditem|p1a: Heatran|Leftovers|[from] move: Knock Off|[of] p2a: Iced Out
|faint|p1a: Heatran
|
|upkeep
|
|t:|1779590364
|switch|p1a: Tornadus|Tornadus-Therian, M|76/100
|turn|18
|
|t:|1779590371
|move|p2a: Iced Out|Triple Axel|p1a: Tornadus
|-supereffective|p1a: Tornadus
|-damage|p1a: Tornadus|0 fnt
|faint|p1a: Tornadus
|-hitcount|p1: Tornadus|1
|
|upkeep
|-message|vontade88 forfeited.
|
|win|jsmikelol
|raw|vontade88's rating: 1116 &rarr; <strong>1092</strong><br />(-24 for losing)
|raw|jsmikelol's rating: 1131 &rarr; <strong>1155</strong><br />(+24 for winning)
|l|☆vontade88
|player|p1|
