|j|☆Nuevedos92
|j|☆Guess My Avatar⧉
|t:|1779635960
|gametype|singles
|player|p1|Nuevedos92|boarder|1220
|player|p2|Guess My Avatar⧉|lisia|1297
|gen|9
|tier|[Gen 9] OU
|rated|
|rule|HP Percentage Mod: HP is shown in percentages
|rule|Endless Battle Clause: Forcing endless battles is banned
|rule|Species Clause: Limit one of each Pokémon
|rule|OHKO Clause: OHKO moves are banned
|rule|Evasion Items Clause: Evasion items are banned
|rule|Evasion Moves Clause: Evasion moves are banned
|rule|Evasion Abilities Clause: Evasion abilities are banned
|rule|Sleep Moves Clause: Sleep-inducing moves are banned
|clearpoke
|poke|p1|Tyranitar, F|
|poke|p1|Garchomp, M|
|poke|p1|Zapdos|
|poke|p1|Espeon, M|
|poke|p1|Gyarados, M|
|poke|p1|Amoonguss, F|
|poke|p2|Kommo-o, F|
|poke|p2|Volcanion|
|poke|p2|Hydreigon, M|
|poke|p2|Ninetales-Alola, M|
|poke|p2|Walking Wake|
|poke|p2|Ceruledge, M|
|teampreview
|inactive|Battle timer is ON: inactive players will automatically lose when time's up. (requested by Guess My Avatar⧉)
|inactive|Guess My Avatar⧉ has 120 seconds left.
|
|t:|1779636014
|teamsize|p1|6
|teamsize|p2|6
|start
|switch|p1a: Iki|Zapdos, shiny|100/100
|switch|p2a: Walking Wake|Walking Wake|100/100
|turn|1
|
|t:|1779636032
|move|p1a: Iki|Volt Switch|p2a: Walking Wake
|-damage|p2a: Walking Wake|59/100
|
|t:|1779636040
|switch|p1a: Ximaratrix|Amoonguss, F, shiny|100/100|[from] Volt Switch
|move|p2a: Walking Wake|Draco Meteor|p1a: Ximaratrix
|-damage|p1a: Ximaratrix|31/100
|-unboost|p2a: Walking Wake|spa|2
|
|upkeep
|turn|2
|
|t:|1779636068
|-end|p2a: Walking Wake|Protosynthesis|[silent]
|switch|p2a: Ninetales|Ninetales-Alola, M|100/100
|-weather|Snowscape|[from] ability: Snow Warning|[of] p2a: Ninetales
|switch|p1a: Mermelada|Tyranitar, F, shiny|100/100
|-weather|Sandstorm|[from] ability: Sand Stream|[of] p1a: Mermelada
|
|-weather|Sandstorm|[upkeep]
|-damage|p2a: Ninetales|94/100|[from] Sandstorm
|upkeep
|turn|3
|inactive|Nuevedos92 has 120 seconds left.
|inactive|Guess My Avatar⧉ has 120 seconds left.
|
|t:|1779636107
|switch|p2a: Kommo-o|Kommo-o, F|100/100
|move|p1a: Mermelada|Knock Off|p2a: Kommo-o
|-resisted|p2a: Kommo-o
|-damage|p2a: Kommo-o|58/100
|-enditem|p2a: Kommo-o|Throat Spray|[from] move: Knock Off|[of] p1a: Mermelada
|
|-weather|Sandstorm|[upkeep]
|-damage|p2a: Kommo-o|52/100|[from] Sandstorm
|upkeep
|turn|4
|inactive|Guess My Avatar⧉ has 120 seconds left.
|inactive|Nuevedos92 has 120 seconds left.
|
|t:|1779636125
|switch|p1a: Ximaratrix|Amoonguss, F, shiny|31/100
|move|p2a: Kommo-o|Clanging Scales|p1a: Ximaratrix
|-damage|p1a: Ximaratrix|0 fnt
|faint|p1a: Ximaratrix
|-unboost|p2a: Kommo-o|def|1
|
|-weather|Sandstorm|[upkeep]
|-damage|p2a: Kommo-o|46/100|[from] Sandstorm
|upkeep
|
|t:|1779636149
|switch|p1a: Paprika|Garchomp, M, shiny|100/100
|turn|5
|
|t:|1779636154
|move|p1a: Paprika|Earthquake|p2a: Kommo-o
|-damage|p2a: Kommo-o|0 fnt
|faint|p2a: Kommo-o
|
|-weather|Sandstorm|[upkeep]
|upkeep
|
|t:|1779636158
|switch|p2a: Ninetales|Ninetales-Alola, M|94/100
|-weather|Snowscape|[from] ability: Snow Warning|[of] p2a: Ninetales
|turn|6
|inactive|Nuevedos92 has 120 seconds left.
|
|t:|1779636171
|switch|p1a: Mermelada|Tyranitar, F, shiny|100/100
|-weather|Sandstorm|[from] ability: Sand Stream|[of] p1a: Mermelada
|switch|p2a: Walking Wake|Walking Wake|59/100
|
|-weather|Sandstorm|[upkeep]
|-damage|p2a: Walking Wake|53/100|[from] Sandstorm
|upkeep
|turn|7
|inactive|Nuevedos92 has 120 seconds left.
|
|t:|1779636183
|move|p2a: Walking Wake|Hydro Pump|p1a: Mermelada|[miss]
|-miss|p2a: Walking Wake|p1a: Mermelada
|move|p1a: Mermelada|Knock Off|p2a: Walking Wake
|-damage|p2a: Walking Wake|0 fnt
|-enditem|p2a: Walking Wake|Choice Specs|[from] move: Knock Off|[of] p1a: Mermelada
|faint|p2a: Walking Wake
|-end|p2a: Walking Wake|Protosynthesis|[silent]
|
|-weather|Sandstorm|[upkeep]
|upkeep
|
|t:|1779636198
|switch|p2a: Ninetales|Ninetales-Alola, M|94/100
|-weather|Snowscape|[from] ability: Snow Warning|[of] p2a: Ninetales
|turn|8
|j| Fynx der Fuchs
|
|t:|1779636203
|move|p2a: Ninetales|Aurora Veil|p2a: Ninetales
|-sidestart|p2: Guess My Avatar⧉|move: Aurora Veil
|move|p1a: Mermelada|Knock Off|p2a: Ninetales
|-resisted|p2a: Ninetales
|-damage|p2a: Ninetales|74/100
|-enditem|p2a: Ninetales|Light Clay|[from] move: Knock Off|[of] p1a: Mermelada
|
|-weather|Snowscape|[upkeep]
|upkeep
|turn|9
|inactive|Nuevedos92 has 120 seconds left.
|
|t:|1779636220
|switch|p1a: Paprika|Garchomp, M, shiny|100/100
|move|p2a: Ninetales|Blizzard|p1a: Paprika
|-supereffective|p1a: Paprika
|-damage|p1a: Paprika|0 fnt
|faint|p1a: Paprika
|
|-weather|Snowscape|[upkeep]
|upkeep
|inactive|Nuevedos92 has 120 seconds left.
|
|t:|1779636228
|switch|p1a: Mermelada|Tyranitar, F, shiny|100/100
|-weather|Sandstorm|[from] ability: Sand Stream|[of] p1a: Mermelada
|turn|10
|
|t:|1779636239
|-terastallize|p1a: Mermelada|Rock
|move|p2a: Ninetales|Blizzard|p1a: Mermelada
|-damage|p1a: Mermelada|75/100
|move|p1a: Mermelada|Stone Edge|p2a: Ninetales
|-supereffective|p2a: Ninetales
|-damage|p2a: Ninetales|0 fnt
|faint|p2a: Ninetales
|
|-weather|Sandstorm|[upkeep]
|upkeep
|
|t:|1779636255
|switch|p2a: Volcanion|Volcanion|100/100
|turn|11
|
|t:|1779636261
|switch|p1a: YasakaMagatama|Gyarados, M|100/100
|-ability|p1a: YasakaMagatama|Intimidate|boost
|-unboost|p2a: Volcanion|atk|1
|move|p2a: Volcanion|Steam Eruption|p1a: YasakaMagatama
|-resisted|p1a: YasakaMagatama
|-damage|p1a: YasakaMagatama|54/100
|
|-weather|Sandstorm|[upkeep]
|-damage|p1a: YasakaMagatama|48/100|[from] Sandstorm
|-damage|p2a: Volcanion|94/100|[from] Sandstorm
|-enditem|p1a: YasakaMagatama|Sitrus Berry|[eat]
|-heal|p1a: YasakaMagatama|73/100|[from] item: Sitrus Berry
|upkeep
|turn|12
|
|t:|1779636278
|move|p1a: YasakaMagatama|Dragon Dance|p1a: YasakaMagatama
|-boost|p1a: YasakaMagatama|atk|1
|-boost|p1a: YasakaMagatama|spe|1
|move|p2a: Volcanion|Steam Eruption|p1a: YasakaMagatama
|-resisted|p1a: YasakaMagatama
|-damage|p1a: YasakaMagatama|27/100
|
|-weather|Sandstorm|[upkeep]
|-damage|p1a: YasakaMagatama|21/100|[from] Sandstorm
|-damage|p2a: Volcanion|88/100|[from] Sandstorm
|upkeep
|turn|13
|
|t:|1779636287
|move|p1a: YasakaMagatama|Ice Fang|p2a: Volcanion
|-resisted|p2a: Volcanion
|-damage|p2a: Volcanion|85/100
|move|p2a: Volcanion|Steam Eruption|p1a: YasakaMagatama
|-resisted|p1a: YasakaMagatama
|-damage|p1a: YasakaMagatama|0 fnt
|faint|p1a: YasakaMagatama
|
|-weather|Sandstorm|[upkeep]
|-damage|p2a: Volcanion|79/100|[from] Sandstorm
|upkeep
|
|t:|1779636296
|switch|p1a: Iki|Zapdos, shiny|100/100
|turn|14
|
|t:|1779636306
|-terastallize|p2a: Volcanion|Ground
|move|p1a: Iki|Volt Switch|p2a: Volcanion
|-immune|p2a: Volcanion
|move|p2a: Volcanion|Steam Eruption|p1a: Iki
|-damage|p1a: Iki|32/100
|-status|p1a: Iki|brn
|
|-weather|none
|-damage|p1a: Iki|26/100 brn|[from] brn
|upkeep
|turn|15
|
|t:|1779636317
|move|p1a: Iki|Hurricane|p2a: Volcanion
|-damage|p2a: Volcanion|50/100
|move|p2a: Volcanion|Steam Eruption|p1a: Iki
|-damage|p1a: Iki|0 fnt
|faint|p1a: Iki
|
|-sideend|p2: Guess My Avatar⧉|move: Aurora Veil
|upkeep
|
|t:|1779636325
|switch|p1a: Yaveh|Espeon, M|100/100
|turn|16
|
|t:|1779636333
|switch|p2a: Hydreigon|Hydreigon, M|100/100
|move|p1a: Yaveh|Grass Knot|p2a: Hydreigon
|-resisted|p2a: Hydreigon
|-damage|p2a: Hydreigon|81/100
|
|upkeep
|turn|17
|
|t:|1779636341
|move|p2a: Hydreigon|U-turn|p1a: Yaveh
|-supereffective|p1a: Yaveh
|-damage|p1a: Yaveh|47/100
|
|t:|1779636344
|switch|p2a: Ceruledge|Ceruledge, M|100/100|[from] U-turn
|move|p1a: Yaveh|Dazzling Gleam|p2a: Ceruledge
|-resisted|p2a: Ceruledge
|-damage|p2a: Ceruledge|84/100
|
|upkeep
|turn|18
|
|t:|1779636352
|switch|p1a: Mermelada|Tyranitar, F, shiny, tera:Rock|75/100
|-weather|Sandstorm|[from] ability: Sand Stream|[of] p1a: Mermelada
|move|p2a: Ceruledge|Shadow Sneak|p1a: Mermelada
|-damage|p1a: Mermelada|58/100
|
|-weather|Sandstorm|[upkeep]
|-damage|p2a: Ceruledge|77/100|[from] Sandstorm
|upkeep
|turn|19
|
|t:|1779636361
|move|p2a: Ceruledge|Poltergeist|p1a: Mermelada
|-activate|p1a: Mermelada|move: Poltergeist|Choice Band
|-damage|p1a: Mermelada|14/100
|move|p1a: Mermelada|Knock Off|p2a: Ceruledge
|-supereffective|p2a: Ceruledge
|-damage|p2a: Ceruledge|0 fnt
|-enditem|p2a: Ceruledge|Focus Sash|[from] move: Knock Off|[of] p1a: Mermelada
|faint|p2a: Ceruledge
|
|-weather|Sandstorm|[upkeep]
|upkeep
|
|t:|1779636365
|switch|p2a: Hydreigon|Hydreigon, M|81/100
|turn|20
|
|t:|1779636371
|move|p2a: Hydreigon|Dark Pulse|p1a: Mermelada
|-damage|p1a: Mermelada|0 fnt
|faint|p1a: Mermelada
|
|-weather|Sandstorm|[upkeep]
|-damage|p2a: Hydreigon|75/100|[from] Sandstorm
|upkeep
|-message|Nuevedos92 forfeited.
|
|win|Guess My Avatar⧉
|raw|Nuevedos92's rating: 1220 &rarr; <strong>1200</strong><br />(-20 for losing)
|raw|Guess My Avatar⧉'s rating: 1297 &rarr; <strong>1317</strong><br />(+20 for winning)
|l|☆Nuevedos92
|player|p1|
|c|☆Guess My Avatar⧉|!showteam
|c| Guess My Avatar⧉|/raw <div class="infobox"><details><summary>View team</summary>Kommo-o @ Throat Spray  <br />Ability: Soundproof  <br />Tera Type: Normal  <br />EVs: 252 SpA &#x2f; 4 SpD &#x2f; 252 Spe  <br />Timid Nature  <br />IVs: 0 Atk  <br />- Clangorous Soul  <br />- Boomburst  <br />- Flamethrower  <br />- Clanging Scales  <br /><br />Volcanion @ Choice Specs  <br />Ability: Water Absorb  <br />Tera Type: Ground  <br />EVs: 252 HP &#x2f; 4 Def &#x2f; 252 SpA  <br />Modest Nature  <br />IVs: 0 Atk  <br />- Steam Eruption  <br />- Flamethrower  <br />- Sludge Bomb  <br />- Earth Power  <br /><br />Hydreigon @ Choice Scarf  <br />Ability: Levitate  <br />Tera Type: Dragon  <br />EVs: 252 SpA &#x2f; 4 SpD &#x2f; 252 Spe  <br />Timid Nature  <br />- Draco Meteor  <br />- Dark Pulse  <br />- Fire Blast  <br />- U-turn  <br /><br />Ninetales (Ninetales-Alola) @ Light Clay  <br />Ability: Snow Warning  <br />Tera Type: Water  <br />EVs: 4 HP &#x2f; 252 SpA &#x2f; 252 Spe  <br />Timid Nature  <br />IVs: 0 Atk  <br />- Aurora Veil  <br />- Blizzard  <br />- Freeze-Dry  <br />- Encore  <br /><br />Walking Wake @ Choice Specs  <br />Ability: Protosynthesis  <br />Tera Type: Water  <br />EVs: 4 Def &#x2f; 252 SpA &#x2f; 252 Spe  <br />Modest Nature  <br />IVs: 0 Atk  <br />- Hydro Pump  <br />- Draco Meteor  <br />- Flamethrower  <br />- Dragon Pulse  <br /><br />Ceruledge @ Focus Sash  <br />Ability: Weak Armor  <br />Tera Type: Fire  <br />EVs: 252 Atk &#x2f; 4 SpD &#x2f; 252 Spe  <br />Jolly Nature  <br />- Swords Dance  <br />- Poltergeist  <br />- Bitter Blade  <br />- Shadow Sneak  <br /><br /></details></div>
