|j|☆Killar14
|j|☆npctypebeat
|t:|1779587843
|gametype|singles
|player|p1|Killar14|riley|1094
|player|p2|npctypebeat|2|1088
|gen|9
|tier|[Gen 9] OU
|rated|
|rule|HP Percentage Mod: HP is shown in percentages
|rule|Endless Battle Clause: Forcing endless battles is banned
|rule|Species Clause: Limit one of each Pokémon
|rule|OHKO Clause: OHKO moves are banned
|rule|Evasion Items Clause: Evasion items are banned
|rule|Evasion Moves Clause: Evasion moves are banned
|rule|Evasion Abilities Clause: Evasion abilities are banned
|rule|Sleep Moves Clause: Sleep-inducing moves are banned
|clearpoke
|poke|p1|Regieleki|
|poke|p1|Moltres|
|poke|p1|Great Tusk|
|poke|p1|Corviknight, F|
|poke|p1|Magnezone|
|poke|p1|Toxapex, F|
|poke|p2|Corviknight, M|
|poke|p2|Ting-Lu|
|poke|p2|Kyurem|
|poke|p2|Dondozo, F|
|poke|p2|Slowking-Galar, M|
|poke|p2|Cinderace, F|
|teampreview
|c|☆npctypebeat|hf
|inactive|Battle timer is ON: inactive players will automatically lose when time's up. (requested by npctypebeat)
|
|t:|1779587852
|teamsize|p1|6
|teamsize|p2|6
|start
|switch|p1a: Magnezone|Magnezone, shiny|100/100
|switch|p2a: Cinderace|Cinderace, F|100/100
|-item|p1a: Magnezone|Air Balloon
|turn|1
|
|t:|1779587867
|switch|p1a: Toxapex|Toxapex, F|100/100
|move|p2a: Cinderace|Pyro Ball|p1a: Toxapex
|-resisted|p1a: Toxapex
|-damage|p1a: Toxapex|82/100
|
|-heal|p1a: Toxapex|88/100|[from] item: Leftovers
|upkeep
|turn|2
|
|t:|1779587879
|move|p2a: Cinderace|U-turn|p1a: Toxapex
|-resisted|p1a: Toxapex
|-damage|p1a: Toxapex|81/100
|
|t:|1779587884
|switch|p2a: Slowking|Slowking-Galar, M|100/100|[from] U-turn
|move|p1a: Toxapex|Ice Beam|p2a: Slowking
|-damage|p2a: Slowking|91/100
|
|-heal|p1a: Toxapex|87/100|[from] item: Leftovers
|upkeep
|turn|3
|
|t:|1779587912
|switch|p1a: Corviknight|Corviknight, F, shiny|100/100
|switch|p2a: Kyurem|Kyurem|100/100
|-ability|p2a: Kyurem|Pressure
|
|upkeep
|turn|4
|
|t:|1779587918
|move|p2a: Kyurem|Freeze-Dry|p1a: Corviknight
|-damage|p1a: Corviknight|71/100
|move|p1a: Corviknight|Iron Head|p2a: Kyurem
|-supereffective|p2a: Kyurem
|-crit|p2a: Kyurem
|-damage|p2a: Kyurem|33/100
|
|-heal|p2a: Kyurem|39/100|[from] item: Leftovers
|-heal|p1a: Corviknight|77/100|[from] item: Leftovers
|upkeep
|turn|5
|
|t:|1779587928
|move|p2a: Kyurem|Protect|p2a: Kyurem
|-singleturn|p2a: Kyurem|Protect
|move|p1a: Corviknight|Iron Head|p2a: Kyurem
|-activate|p2a: Kyurem|move: Protect
|
|-heal|p2a: Kyurem|46/100|[from] item: Leftovers
|-heal|p1a: Corviknight|84/100|[from] item: Leftovers
|upkeep
|turn|6
|
|t:|1779587935
|switch|p2a: Corviknight|Corviknight, M|100/100
|-ability|p2a: Corviknight|Pressure
|move|p1a: Corviknight|Iron Head|p2a: Corviknight
|-resisted|p2a: Corviknight
|-damage|p2a: Corviknight|94/100
|-damage|p1a: Corviknight|67/100|[from] item: Rocky Helmet|[of] p2a: Corviknight
|
|-heal|p1a: Corviknight|73/100|[from] item: Leftovers
|upkeep
|turn|7
|
|t:|1779587952
|move|p2a: Corviknight|Roost|p2a: Corviknight
|-heal|p2a: Corviknight|100/100
|-singleturn|p2a: Corviknight|move: Roost
|move|p1a: Corviknight|Tailwind|p1a: Corviknight
|-sidestart|p1: Killar14|move: Tailwind
|
|-heal|p1a: Corviknight|79/100|[from] item: Leftovers
|upkeep
|turn|8
|
|t:|1779587962
|move|p1a: Corviknight|U-turn|p2a: Corviknight
|-resisted|p2a: Corviknight
|-damage|p2a: Corviknight|98/100
|-damage|p1a: Corviknight|63/100|[from] item: Rocky Helmet|[of] p2a: Corviknight
|
|t:|1779587968
|switch|p1a: Regieleki|Regieleki|100/100|[from] U-turn
|move|p2a: Corviknight|U-turn|p1a: Regieleki
|-damage|p1a: Regieleki|68/100
|
|t:|1779587970
|switch|p2a: Kyurem|Kyurem|46/100|[from] U-turn
|-ability|p2a: Kyurem|Pressure
|
|-heal|p2a: Kyurem|52/100|[from] item: Leftovers
|upkeep
|turn|9
|
|t:|1779587982
|move|p2a: Kyurem|Protect|p2a: Kyurem
|-singleturn|p2a: Kyurem|Protect
|move|p1a: Regieleki|Volt Switch|p2a: Kyurem
|-activate|p2a: Kyurem|move: Protect
|
|-heal|p2a: Kyurem|58/100|[from] item: Leftovers
|upkeep
|turn|10
|
|t:|1779587989
|move|p1a: Regieleki|Volt Switch|p2a: Kyurem
|-resisted|p2a: Kyurem
|-damage|p2a: Kyurem|33/100
|-damage|p1a: Regieleki|58/100|[from] item: Life Orb
|
|t:|1779588001
|switch|p1a: Corviknight|Corviknight, F, shiny|63/100|[from] Volt Switch
|move|p2a: Kyurem|Freeze-Dry|p1a: Corviknight
|-damage|p1a: Corviknight|34/100
|-status|p1a: Corviknight|frz
|
|-heal|p1a: Corviknight|40/100 frz|[from] item: Leftovers
|-heal|p2a: Kyurem|39/100|[from] item: Leftovers
|-sideend|p1: Killar14|move: Tailwind
|upkeep
|turn|11
|
|t:|1779588013
|move|p2a: Kyurem|Freeze-Dry|p1a: Corviknight
|-damage|p1a: Corviknight|9/100 frz
|cant|p1a: Corviknight|frz
|
|-heal|p2a: Kyurem|45/100|[from] item: Leftovers
|-heal|p1a: Corviknight|15/100 frz|[from] item: Leftovers
|upkeep
|turn|12
|
|t:|1779588027
|switch|p1a: Magnezone|Magnezone, shiny|100/100
|-item|p1a: Magnezone|Air Balloon
|move|p2a: Kyurem|Freeze-Dry|p1a: Magnezone
|-resisted|p1a: Magnezone
|-damage|p1a: Magnezone|78/100
|-enditem|p1a: Magnezone|Air Balloon
|
|-heal|p2a: Kyurem|51/100|[from] item: Leftovers
|upkeep
|turn|13
|
|t:|1779588041
|move|p2a: Kyurem|Freeze-Dry|p1a: Magnezone
|-resisted|p1a: Magnezone
|-damage|p1a: Magnezone|55/100
|move|p1a: Magnezone|Flash Cannon|p2a: Kyurem
|-supereffective|p2a: Kyurem
|-damage|p2a: Kyurem|0 fnt
|faint|p2a: Kyurem
|
|upkeep
|
|t:|1779588058
|switch|p2a: Ting-Lu|Ting-Lu|100/100
|-ability|p2a: Ting-Lu|Vessel of Ruin
|turn|14
|
|t:|1779588067
|-terastallize|p1a: Magnezone|Flying
|move|p1a: Magnezone|Body Press|p2a: Ting-Lu
|-supereffective|p2a: Ting-Lu
|-damage|p2a: Ting-Lu|74/100
|move|p2a: Ting-Lu|Payback|p1a: Magnezone
|-damage|p1a: Magnezone|22/100
|
|-heal|p2a: Ting-Lu|81/100|[from] item: Leftovers
|upkeep
|turn|15
|
|t:|1779588088
|switch|p1a: Moltres|Moltres|100/100
|move|p2a: Ting-Lu|Payback|p1a: Moltres
|-damage|p1a: Moltres|78/100
|
|-heal|p2a: Ting-Lu|87/100|[from] item: Leftovers
|upkeep
|turn|16
|
|t:|1779588099
|move|p1a: Moltres|Air Slash|p2a: Ting-Lu
|-damage|p2a: Ting-Lu|62/100
|move|p2a: Ting-Lu|Payback|p1a: Moltres
|-damage|p1a: Moltres|31/100
|
|-heal|p2a: Ting-Lu|69/100|[from] item: Leftovers
|upkeep
|turn|17
|
|t:|1779588112
|switch|p1a: Toxapex|Toxapex, F|87/100
|move|p2a: Ting-Lu|Payback|p1a: Toxapex
|-damage|p1a: Toxapex|72/100
|
|-heal|p2a: Ting-Lu|75/100|[from] item: Leftovers
|-heal|p1a: Toxapex|78/100|[from] item: Leftovers
|upkeep
|turn|18
|
|t:|1779588126
|switch|p2a: Slowking|Slowking-Galar, M|100/100
|move|p1a: Toxapex|Baneful Bunker||[still]
|-fail|p1a: Toxapex
|
|-heal|p1a: Toxapex|84/100|[from] item: Leftovers
|upkeep
|turn|19
|-message|Killar14 forfeited.
|
|win|npctypebeat
|raw|Killar14's rating: 1094 &rarr; <strong>1071</strong><br />(-23 for losing)
|raw|npctypebeat's rating: 1112 &rarr; <strong>1136</strong><br />(+24 for winning)
|l|☆Killar14
|player|p1|
|c|☆npctypebeat|gg
