|j|☆CherrimSupremacy
|j|☆CinderaceSupremacy
|t:|1779717598
|gametype|singles
|player|p1|CherrimSupremacy|266|
|player|p2|CinderaceSupremacy|zinnia|
|gen|9
|tier|[Gen 9] OU
|rule|HP Percentage Mod: HP is shown in percentages
|rule|Endless Battle Clause: Forcing endless battles is banned
|rule|Species Clause: Limit one of each Pokémon
|rule|OHKO Clause: OHKO moves are banned
|rule|Evasion Items Clause: Evasion items are banned
|rule|Evasion Moves Clause: Evasion moves are banned
|rule|Evasion Abilities Clause: Evasion abilities are banned
|rule|Sleep Moves Clause: Sleep-inducing moves are banned
|clearpoke
|poke|p1|Cinderace, F|
|poke|p1|Ninetales, F|
|poke|p1|Walking Wake|
|poke|p1|Venusaur, M|
|poke|p1|Great Tusk|
|poke|p1|Hatterene, F|
|poke|p2|Cinderace, M|
|poke|p2|Kyurem|
|poke|p2|Tornadus-Therian, M|
|poke|p2|Hatterene, F|
|poke|p2|Great Tusk|
|poke|p2|Kingambit, F|
|teampreview
|
|t:|1779717626
|teamsize|p1|6
|teamsize|p2|6
|start
|switch|p1a: Walking Wake|Walking Wake|100/100
|switch|p2a: Great Tusk|Great Tusk, shiny|100/100
|-enditem|p2a: Great Tusk|Booster Energy
|-activate|p2a: Great Tusk|ability: Protosynthesis|[fromitem]
|-start|p2a: Great Tusk|protosynthesisspe
|turn|1
|
|t:|1779717644
|-end|p2a: Great Tusk|Protosynthesis|[silent]
|switch|p2a: Hatterene|Hatterene, F, shiny|100/100
|move|p1a: Walking Wake|Draco Meteor|p2a: Hatterene
|-immune|p2a: Hatterene
|
|upkeep
|turn|2
|
|t:|1779717661
|-end|p1a: Walking Wake|Protosynthesis|[silent]
|switch|p1a: Firefox|Ninetales, F|100/100
|-weather|SunnyDay|[from] ability: Drought|[of] p1a: Firefox
|move|p2a: Hatterene|Nuzzle|p1a: Firefox
|-damage|p1a: Firefox|96/100
|-status|p1a: Firefox|par
|
|-weather|SunnyDay|[upkeep]
|upkeep
|turn|3
|
|t:|1779717680
|switch|p2a: Great Tusk|Great Tusk, shiny|100/100
|-activate|p2a: Great Tusk|ability: Protosynthesis
|-start|p2a: Great Tusk|protosynthesisspe
|cant|p1a: Firefox|par
|
|-weather|SunnyDay|[upkeep]
|upkeep
|turn|4
|
|t:|1779717691
|switch|p1a: Walking Wake|Walking Wake|100/100
|-activate|p1a: Walking Wake|ability: Protosynthesis
|-start|p1a: Walking Wake|protosynthesisspe
|move|p2a: Great Tusk|Headlong Rush|p1a: Walking Wake
|-damage|p1a: Walking Wake|45/100
|-unboost|p2a: Great Tusk|def|1
|-unboost|p2a: Great Tusk|spd|1
|
|-weather|SunnyDay|[upkeep]
|upkeep
|turn|5
|
|t:|1779717703
|-end|p2a: Great Tusk|Protosynthesis|[silent]
|switch|p2a: Hatterene|Hatterene, F, shiny|100/100
|move|p1a: Walking Wake|Hydro Steam|p2a: Hatterene
|-damage|p2a: Hatterene|0 fnt
|faint|p2a: Hatterene
|
|-weather|SunnyDay|[upkeep]
|upkeep
|
|t:|1779717706
|switch|p2a: Tornadus|Tornadus-Therian, M, shiny|100/100
|turn|6
|
|t:|1779717713
|move|p1a: Walking Wake|Hydro Steam|p2a: Tornadus
|-damage|p2a: Tornadus|38/100
|move|p2a: Tornadus|Bleakwind Storm|p1a: Walking Wake|[miss]
|-miss|p2a: Tornadus|p1a: Walking Wake
|
|-weather|SunnyDay|[upkeep]
|upkeep
|turn|7
|c|☆CherrimSupremacy|nice rng
|c|☆CinderaceSupremacy|what ;-;
|c|☆CinderaceSupremacy|I'm cooked
|
|t:|1779717734
|move|p1a: Walking Wake|Hydro Steam|p2a: Tornadus
|-damage|p2a: Tornadus|0 fnt
|faint|p2a: Tornadus
|
|-weather|SunnyDay|[upkeep]
|upkeep
|
|t:|1779717735
|switch|p2a: Great Tusk|Great Tusk, shiny|100/100
|-activate|p2a: Great Tusk|ability: Protosynthesis
|-start|p2a: Great Tusk|protosynthesisspe
|turn|8
|
|t:|1779717743
|move|p1a: Walking Wake|Hydro Steam|p2a: Great Tusk
|-supereffective|p2a: Great Tusk
|-damage|p2a: Great Tusk|0 fnt
|faint|p2a: Great Tusk
|-end|p2a: Great Tusk|Protosynthesis|[silent]
|
|-weather|SunnyDay|[upkeep]
|upkeep
|
|t:|1779717745
|switch|p2a: Kyurem|Kyurem, shiny|100/100
|-ability|p2a: Kyurem|Pressure
|turn|9
|c|☆CinderaceSupremacy|WHAT
|c|☆CinderaceSupremacy|just because one move missed ;-;
|
|t:|1779717761
|-end|p1a: Walking Wake|Protosynthesis|[silent]
|switch|p1a: Hatterene|Hatterene, F|100/100
|-terastallize|p2a: Kyurem|Fairy
|move|p2a: Kyurem|Draco Meteor|p1a: Hatterene
|-immune|p1a: Hatterene
|
|-weather|none
|upkeep
|turn|10
|c|☆CherrimSupremacy|all that off one imiss
|-message|CinderaceSupremacy forfeited.
|
|win|CherrimSupremacy
|c|☆CinderaceSupremacy|This is just humiliating
|c|☆CinderaceSupremacy|;-;
|l|☆CinderaceSupremacy
|player|p2|
|c|☆CherrimSupremacy|the humiliating mis
