|j|☆xiaohui001
|j|☆PikaMax9
|t:|1779653867
|gametype|singles
|player|p1|xiaohui001|nate|1124
|player|p2|PikaMax9|unknown|1133
|gen|9
|tier|[Gen 9] OU
|rated|
|rule|HP Percentage Mod: HP is shown in percentages
|rule|Endless Battle Clause: Forcing endless battles is banned
|rule|Species Clause: Limit one of each Pokémon
|rule|OHKO Clause: OHKO moves are banned
|rule|Evasion Items Clause: Evasion items are banned
|rule|Evasion Moves Clause: Evasion moves are banned
|rule|Evasion Abilities Clause: Evasion abilities are banned
|rule|Sleep Moves Clause: Sleep-inducing moves are banned
|clearpoke
|poke|p1|Mienshao, F|
|poke|p1|Garganacl, M|
|poke|p1|Gliscor, M|
|poke|p1|Breloom, M|
|poke|p1|Heatran, F|
|poke|p1|Rotom-Wash|
|poke|p2|Gliscor, F|
|poke|p2|Dragapult, M|
|poke|p2|Iron Moth|
|poke|p2|Salamence, F|
|poke|p2|Froslass, F|
|poke|p2|Ninetales-Alola, M|
|teampreview
|
|t:|1779653871
|teamsize|p1|6
|teamsize|p2|6
|start
|switch|p1a: Mienshao|Mienshao, F|100/100
|switch|p2a: Ninetales|Ninetales-Alola, M|100/100
|-weather|Snowscape|[from] ability: Snow Warning|[of] p2a: Ninetales
|turn|1
|
|t:|1779653884
|switch|p2a: Salamence|Salamence, F|100/100
|-ability|p2a: Salamence|Intimidate|boost
|-unboost|p1a: Mienshao|atk|1
|move|p1a: Mienshao|Stone Edge|p2a: Salamence
|-supereffective|p2a: Salamence
|-damage|p2a: Salamence|35/100
|-damage|p1a: Mienshao|91/100|[from] item: Life Orb
|
|-weather|Snowscape|[upkeep]
|upkeep
|turn|2
|
|t:|1779653911
|switch|p2a: Gliscor|Gliscor, F|100/100
|move|p1a: Mienshao|Stone Edge|p2a: Gliscor
|-damage|p2a: Gliscor|73/100
|-damage|p1a: Mienshao|81/100|[from] item: Life Orb
|
|-weather|Snowscape|[upkeep]
|upkeep
|turn|3
|
|t:|1779653920
|move|p1a: Mienshao|U-turn|p2a: Gliscor
|-resisted|p2a: Gliscor
|-damage|p2a: Gliscor|65/100
|-damage|p1a: Mienshao|71/100|[from] item: Life Orb
|
|t:|1779653925
|switch|p1a: Garganacl|Garganacl, M|100/100|[from] U-turn
|move|p2a: Gliscor|Knock Off|p1a: Garganacl
|-crit|p1a: Garganacl
|-damage|p1a: Garganacl|73/100
|-enditem|p1a: Garganacl|Leftovers|[from] move: Knock Off|[of] p2a: Gliscor
|
|-weather|Snowscape|[upkeep]
|upkeep
|turn|4
|
|t:|1779653935
|move|p2a: Gliscor|Earthquake|p1a: Garganacl
|-supereffective|p1a: Garganacl
|-damage|p1a: Garganacl|22/100
|move|p1a: Garganacl|Stealth Rock|p2a: Gliscor
|-sidestart|p2: PikaMax9|move: Stealth Rock
|
|-weather|Snowscape|[upkeep]
|upkeep
|turn|5
|
|t:|1779653945
|move|p1a: Garganacl|Protect|p1a: Garganacl
|-singleturn|p1a: Garganacl|Protect
|move|p2a: Gliscor|Toxic|p1a: Garganacl
|-activate|p1a: Garganacl|move: Protect
|
|-weather|none
|upkeep
|turn|6
|
|t:|1779653955
|switch|p1a: Gliscor|Gliscor, M|100/100
|move|p2a: Gliscor|Stealth Rock|p1a: Gliscor
|-sidestart|p1: xiaohui001|move: Stealth Rock
|
|-status|p1a: Gliscor|tox|[from] item: Toxic Orb
|upkeep
|turn|7
|
|t:|1779653965
|switch|p2a: Ninetales|Ninetales-Alola, M|100/100
|-damage|p2a: Ninetales|76/100|[from] Stealth Rock
|-weather|Snowscape|[from] ability: Snow Warning|[of] p2a: Ninetales
|move|p1a: Gliscor|Toxic|p2a: Ninetales
|-status|p2a: Ninetales|tox
|
|-weather|Snowscape|[upkeep]
|-damage|p2a: Ninetales|70/100 tox|[from] psn
|upkeep
|turn|8
|
|t:|1779653976
|move|p1a: Gliscor|Protect|p1a: Gliscor
|-singleturn|p1a: Gliscor|Protect
|move|p2a: Ninetales|Aurora Veil|p2a: Ninetales
|-sidestart|p2: PikaMax9|move: Aurora Veil
|
|-weather|Snowscape|[upkeep]
|-damage|p2a: Ninetales|58/100 tox|[from] psn
|upkeep
|turn|9
|
|t:|1779653984
|move|p1a: Gliscor|Protect|p1a: Gliscor
|-singleturn|p1a: Gliscor|Protect
|move|p2a: Ninetales|Blizzard|p1a: Gliscor
|-activate|p1a: Gliscor|move: Protect
|
|-weather|Snowscape|[upkeep]
|-damage|p2a: Ninetales|40/100 tox|[from] psn
|upkeep
|turn|10
|
|t:|1779653994
|switch|p1a: Heatran|Heatran, F|100/100
|-damage|p1a: Heatran|88/100|[from] Stealth Rock
|move|p2a: Ninetales|Draining Kiss|p1a: Heatran
|-resisted|p1a: Heatran
|-damage|p1a: Heatran|85/100
|-heal|p2a: Ninetales|42/100 tox|[from] drain|[of] p1a: Heatran
|
|-weather|Snowscape|[upkeep]
|-damage|p2a: Ninetales|18/100 tox|[from] psn
|upkeep
|turn|11
|
|t:|1779654010
|switch|p2a: Iron Moth|Iron Moth|100/100
|-damage|p2a: Iron Moth|76/100|[from] Stealth Rock
|move|p1a: Heatran|Overheat|p2a: Iron Moth
|-resisted|p2a: Iron Moth
|-damage|p2a: Iron Moth|58/100
|-unboost|p1a: Heatran|spa|2
|
|-weather|none
|-heal|p2a: Iron Moth|64/100|[from] item: Leftovers
|upkeep
|turn|12
|
|t:|1779654022
|switch|p1a: Garganacl|Garganacl, M|22/100
|-damage|p1a: Garganacl|9/100|[from] Stealth Rock
|move|p2a: Iron Moth|Fiery Dance|p1a: Garganacl
|-resisted|p1a: Garganacl
|-damage|p1a: Garganacl|0 fnt
|faint|p1a: Garganacl
|
|-heal|p2a: Iron Moth|70/100|[from] item: Leftovers
|-sideend|p2: PikaMax9|move: Aurora Veil
|upkeep
|
|t:|1779654034
|switch|p1a: Mienshao|Mienshao, F|100/100
|-damage|p1a: Mienshao|94/100|[from] Stealth Rock
|turn|13
|
|t:|1779654044
|move|p1a: Mienshao|Fake Out|p2a: Iron Moth
|-damage|p2a: Iron Moth|41/100
|-damage|p1a: Mienshao|84/100|[from] item: Life Orb
|cant|p2a: Iron Moth|flinch
|
|-heal|p2a: Iron Moth|47/100|[from] item: Leftovers
|upkeep
|turn|14
|
|t:|1779654057
|switch|p1a: Heatran|Heatran, F|85/100
|-damage|p1a: Heatran|72/100|[from] Stealth Rock
|move|p2a: Iron Moth|Dazzling Gleam|p1a: Heatran
|-resisted|p1a: Heatran
|-crit|p1a: Heatran
|-damage|p1a: Heatran|62/100
|
|-heal|p2a: Iron Moth|53/100|[from] item: Leftovers
|upkeep
|turn|15
|
|t:|1779654069
|move|p1a: Heatran|Power Gem|p2a: Iron Moth
|-supereffective|p2a: Iron Moth
|-damage|p2a: Iron Moth|0 fnt
|faint|p2a: Iron Moth
|-end|p2a: Iron Moth|Quark Drive|[silent]
|
|upkeep
|
|t:|1779654074
|switch|p2a: Ninetales|Ninetales-Alola, M|18/100 tox
|-damage|p2a: Ninetales|0 fnt|[from] Stealth Rock
|faint|p2a: Ninetales
|
|t:|1779654078
|switch|p2a: Froslass|Froslass, F|100/100
|-damage|p2a: Froslass|75/100|[from] Stealth Rock
|turn|16
|
|t:|1779654086
|move|p1a: Heatran|Power Gem|p2a: Froslass
|-supereffective|p2a: Froslass
|-damage|p2a: Froslass|0 fnt
|faint|p2a: Froslass
|
|upkeep
|
|t:|1779654104
|switch|p2a: Gliscor|Gliscor, F|65/100
|turn|17
|
|t:|1779654110
|switch|p1a: Rotom|Rotom-Wash|100/100
|-damage|p1a: Rotom|88/100|[from] Stealth Rock
|move|p2a: Gliscor|Toxic|p1a: Rotom|[miss]
|-miss|p2a: Gliscor|p1a: Rotom
|
|-heal|p1a: Rotom|94/100|[from] item: Leftovers
|upkeep
|turn|18
|
|t:|1779654121
|move|p2a: Gliscor|Knock Off|p1a: Rotom
|-damage|p1a: Rotom|61/100
|-enditem|p1a: Rotom|Leftovers|[from] move: Knock Off|[of] p2a: Gliscor
|move|p1a: Rotom|Will-O-Wisp|p2a: Gliscor
|-status|p2a: Gliscor|brn
|
|-damage|p2a: Gliscor|59/100 brn|[from] brn
|upkeep
|turn|19
|
|t:|1779654135
|switch|p1a: Gliscor|Gliscor, M|100/100 tox
|-damage|p1a: Gliscor|88/100 tox|[from] Stealth Rock
|move|p2a: Gliscor|Toxic|p1a: Gliscor
|-fail|p1a: Gliscor|tox
|
|-heal|p1a: Gliscor|100/100 tox|[from] ability: Poison Heal
|-damage|p2a: Gliscor|52/100 brn|[from] brn
|upkeep
|turn|20
|
|t:|1779654154
|move|p1a: Gliscor|Substitute|p1a: Gliscor
|-start|p1a: Gliscor|Substitute
|-damage|p1a: Gliscor|76/100 tox
|move|p2a: Gliscor|Knock Off|p1a: Gliscor
|-activate|p1a: Gliscor|move: Substitute|[damage]
|
|-heal|p1a: Gliscor|88/100 tox|[from] ability: Poison Heal
|-damage|p2a: Gliscor|46/100 brn|[from] brn
|upkeep
|turn|21
|
|t:|1779654165
|move|p1a: Gliscor|Protect|p1a: Gliscor
|-singleturn|p1a: Gliscor|Protect
|move|p2a: Gliscor|Earthquake|p1a: Gliscor
|-activate|p1a: Gliscor|move: Protect
|
|-heal|p1a: Gliscor|100/100 tox|[from] ability: Poison Heal
|-damage|p2a: Gliscor|40/100 brn|[from] brn
|upkeep
|turn|22
|
|t:|1779654175
|switch|p1a: Rotom|Rotom-Wash|61/100
|-damage|p1a: Rotom|49/100|[from] Stealth Rock
|move|p2a: Gliscor|Earthquake|p1a: Rotom
|-immune|p1a: Rotom|[from] ability: Levitate
|
|-damage|p2a: Gliscor|34/100 brn|[from] brn
|upkeep
|turn|23
|
|t:|1779654190
|move|p2a: Gliscor|Toxic|p1a: Rotom
|-status|p1a: Rotom|tox
|move|p1a: Rotom|Hydro Pump|p2a: Gliscor
|-supereffective|p2a: Gliscor
|-damage|p2a: Gliscor|0 fnt
|faint|p2a: Gliscor
|
|-damage|p1a: Rotom|43/100 tox|[from] psn
|upkeep
|
|t:|1779654204
|switch|p2a: Dragapult|Dragapult, M|100/100
|-damage|p2a: Dragapult|88/100|[from] Stealth Rock
|turn|24
|
|t:|1779654210
|move|p2a: Dragapult|Thunder|p1a: Rotom|[miss]
|-miss|p2a: Dragapult|p1a: Rotom
|move|p1a: Rotom|Will-O-Wisp|p2a: Dragapult
|-status|p2a: Dragapult|brn
|
|-damage|p1a: Rotom|30/100 tox|[from] psn
|-damage|p2a: Dragapult|82/100 brn|[from] brn
|upkeep
|turn|25
|
|t:|1779654225
|switch|p1a: Gliscor|Gliscor, M|100/100 tox
|-damage|p1a: Gliscor|88/100 tox|[from] Stealth Rock
|move|p2a: Dragapult|Thunder|p1a: Gliscor
|-immune|p1a: Gliscor
|
|-heal|p1a: Gliscor|100/100 tox|[from] ability: Poison Heal
|-damage|p2a: Dragapult|76/100 brn|[from] brn
|upkeep
|turn|26
|
|t:|1779654237
|move|p2a: Dragapult|Hydro Pump|p1a: Gliscor
|-supereffective|p1a: Gliscor
|-damage|p1a: Gliscor|0 fnt
|faint|p1a: Gliscor
|
|-damage|p2a: Dragapult|70/100 brn|[from] brn
|upkeep
|
|t:|1779654246
|switch|p1a: Mienshao|Mienshao, F|100/100
|-damage|p1a: Mienshao|94/100|[from] Stealth Rock
|turn|27
|
|t:|1779654268
|move|p1a: Mienshao|Fake Out|p2a: Dragapult
|-immune|p2a: Dragapult
|move|p2a: Dragapult|Shadow Ball|p1a: Mienshao
|-damage|p1a: Mienshao|18/100
|
|-damage|p2a: Dragapult|64/100 brn|[from] brn
|upkeep
|turn|28
|
|t:|1779654278
|move|p2a: Dragapult|Shadow Ball|p1a: Mienshao
|-damage|p1a: Mienshao|0 fnt
|faint|p1a: Mienshao
|
|-damage|p2a: Dragapult|58/100 brn|[from] brn
|upkeep
|
|t:|1779654287
|switch|p1a: Heatran|Heatran, F|62/100
|-damage|p1a: Heatran|49/100|[from] Stealth Rock
|turn|29
|
|t:|1779654297
|move|p1a: Heatran|Flash Cannon|p2a: Dragapult
|-damage|p2a: Dragapult|0 fnt
|faint|p2a: Dragapult
|
|upkeep
|
|t:|1779654301
|switch|p2a: Salamence|Salamence, F|35/100
|-damage|p2a: Salamence|10/100|[from] Stealth Rock
|-ability|p2a: Salamence|Intimidate|boost
|-unboost|p1a: Heatran|atk|1
|turn|30
|
|t:|1779654307
|move|p1a: Heatran|Flash Cannon|p2a: Salamence
|-damage|p2a: Salamence|0 fnt
|faint|p2a: Salamence
|
|win|xiaohui001
|raw|xiaohui001's rating: 1124 &rarr; <strong>1150</strong><br />(+26 for winning)
|raw|PikaMax9's rating: 1133 &rarr; <strong>1107</strong><br />(-26 for losing)
|l|☆xiaohui001
|player|p1|
|l|☆PikaMax9
|player|p2|
