|j|☆Free6lackpanther
|j|☆tommytt22
|t:|1779702018
|gametype|singles
|player|p1|Free6lackpanther|102|1458
|player|p2|tommytt22|shadowtriad|1557
|gen|9
|tier|[Gen 9] OU
|rated|
|rule|HP Percentage Mod: HP is shown in percentages
|rule|Endless Battle Clause: Forcing endless battles is banned
|rule|Species Clause: Limit one of each Pokémon
|rule|OHKO Clause: OHKO moves are banned
|rule|Evasion Items Clause: Evasion items are banned
|rule|Evasion Moves Clause: Evasion moves are banned
|rule|Evasion Abilities Clause: Evasion abilities are banned
|rule|Sleep Moves Clause: Sleep-inducing moves are banned
|clearpoke
|poke|p1|Primarina, M|
|poke|p1|Slowking-Galar, F|
|poke|p1|Great Tusk|
|poke|p1|Tyranitar, F|
|poke|p1|Scizor, F|
|poke|p1|Skeledirge, M|
|poke|p2|Ninetales, F|
|poke|p2|Walking Wake|
|poke|p2|Great Tusk|
|poke|p2|Venusaur, F|
|poke|p2|Glimmora, M|
|poke|p2|Ceruledge, F|
|teampreview
|inactive|Battle timer is ON: inactive players will automatically lose when time's up. (requested by Free6lackpanther)
|inactive|tommytt22 has 120 seconds left.
|inactive|tommytt22 has 90 seconds left.
|
|t:|1779702085
|teamsize|p1|6
|teamsize|p2|6
|start
|switch|p1a: Slowking|Slowking-Galar, F|100/100
|switch|p2a: Glimmora|Glimmora, M|100/100
|turn|1
|
|t:|1779702100
|move|p2a: Glimmora|Stealth Rock|p1a: Slowking
|-sidestart|p1: Free6lackpanther|move: Stealth Rock
|move|p1a: Slowking|Future Sight|p2a: Glimmora
|-start|p1a: Slowking|move: Future Sight
|
|upkeep
|turn|2
|inactive|tommytt22 has 120 seconds left.
|inactive|tommytt22 has 90 seconds left.
|
|t:|1779702161
|switch|p2a: Ceruledge|Ceruledge, F|100/100
|-prepare|p1a: Slowking|Chilly Reception|[premajor]
|move|p1a: Slowking|Chilly Reception|p1a: Slowking
|-weather|Snowscape
|
|t:|1779702175
|switch|p1a: Great Tusk|Great Tusk|100/100|[from] Chilly Reception
|-damage|p1a: Great Tusk|98/100|[from] Stealth Rock
|-enditem|p1a: Great Tusk|Booster Energy
|-activate|p1a: Great Tusk|ability: Protosynthesis|[fromitem]
|-start|p1a: Great Tusk|protosynthesisatk
|
|-weather|Snowscape|[upkeep]
|upkeep
|turn|3
|
|t:|1779702185
|switch|p2a: Glimmora|Glimmora, M|100/100
|move|p1a: Great Tusk|Headlong Rush|p2a: Glimmora
|-supereffective|p2a: Glimmora
|-enditem|p2a: Glimmora|Focus Sash
|-damage|p2a: Glimmora|1/100
|-unboost|p1a: Great Tusk|def|1
|-unboost|p1a: Great Tusk|spd|1
|-activate|p2a: Glimmora|ability: Toxic Debris
|-sidestart|p1: Free6lackpanther|move: Toxic Spikes
|
|-weather|Snowscape|[upkeep]
|-end|p2a: Glimmora|move: Future Sight
|-supereffective|p2a: Glimmora
|-damage|p2a: Glimmora|0 fnt
|faint|p2a: Glimmora
|upkeep
|
|t:|1779702193
|switch|p2a: Walking Wake|Walking Wake|100/100
|turn|4
|
|t:|1779702205
|-end|p1a: Great Tusk|Protosynthesis|[silent]
|switch|p1a: Slowking|Slowking-Galar, F|100/100
|-damage|p1a: Slowking|88/100|[from] Stealth Rock
|-sideend|p1: Free6lackpanther|move: Toxic Spikes|[of] p1a: Slowking
|move|p2a: Walking Wake|Knock Off|p1a: Slowking
|-supereffective|p1a: Slowking
|-damage|p1a: Slowking|51/100
|-enditem|p1a: Slowking|Black Sludge|[from] move: Knock Off|[of] p2a: Walking Wake
|
|-weather|Snowscape|[upkeep]
|upkeep
|turn|5
|
|t:|1779702219
|-end|p2a: Walking Wake|Protosynthesis|[silent]
|switch|p2a: Ceruledge|Ceruledge, F|100/100
|move|p1a: Slowking|Future Sight|p2a: Ceruledge
|-start|p1a: Slowking|move: Future Sight
|
|-weather|Snowscape|[upkeep]
|upkeep
|turn|6
|
|t:|1779702227
|switch|p1a: Great Tusk|Great Tusk|98/100
|-damage|p1a: Great Tusk|95/100|[from] Stealth Rock
|move|p2a: Ceruledge|Swords Dance|p2a: Ceruledge
|-boost|p2a: Ceruledge|atk|2
|
|-weather|none
|upkeep
|turn|7
|inactive|tommytt22 has 120 seconds left.
|
|t:|1779702236
|move|p2a: Ceruledge|Bitter Blade|p1a: Great Tusk
|-damage|p1a: Great Tusk|22/100
|-damage|p2a: Ceruledge|91/100|[from] item: Life Orb
|move|p1a: Great Tusk|Headlong Rush|p2a: Ceruledge
|-supereffective|p2a: Ceruledge
|-damage|p2a: Ceruledge|0 fnt
|-unboost|p1a: Great Tusk|def|1
|-unboost|p1a: Great Tusk|spd|1
|faint|p2a: Ceruledge
|
|-hint|Future Sight did not hit because the target is fainted.
|upkeep
|inactive|tommytt22 has 120 seconds left.
|
|t:|1779702251
|switch|p2a: Great Tusk|Great Tusk|100/100
|turn|8
|
|t:|1779702257
|move|p2a: Great Tusk|Ice Spinner|p1a: Great Tusk
|-supereffective|p1a: Great Tusk
|-damage|p1a: Great Tusk|0 fnt
|faint|p1a: Great Tusk
|-end|p1a: Great Tusk|Protosynthesis|[silent]
|
|upkeep
|
|t:|1779702264
|switch|p1a: Skeledirge|Skeledirge, M|100/100
|-damage|p1a: Skeledirge|75/100|[from] Stealth Rock
|turn|9
|inactive|tommytt22 has 120 seconds left.
|
|t:|1779702304
|-end|p2a: Great Tusk|Protosynthesis|[silent]
|switch|p2a: Ninetales|Ninetales, F|100/100
|-weather|SunnyDay|[from] ability: Drought|[of] p2a: Ninetales
|-terastallize|p1a: Skeledirge|Fairy
|move|p1a: Skeledirge|Will-O-Wisp|p2a: Ninetales
|-immune|p2a: Ninetales
|
|-weather|SunnyDay|[upkeep]
|-heal|p1a: Skeledirge|82/100|[from] item: Leftovers
|upkeep
|turn|10
|
|t:|1779702316
|switch|p2a: Walking Wake|Walking Wake|100/100
|-activate|p2a: Walking Wake|ability: Protosynthesis
|-start|p2a: Walking Wake|protosynthesisspe
|switch|p1a: Slowking|Slowking-Galar, F|84/100
|-damage|p1a: Slowking|72/100|[from] Stealth Rock
|
|-weather|SunnyDay|[upkeep]
|upkeep
|turn|11
|
|t:|1779702326
|-terastallize|p2a: Walking Wake|Water
|move|p2a: Walking Wake|Hydro Steam|p1a: Slowking
|-damage|p1a: Slowking|0 fnt
|faint|p1a: Slowking
|
|-weather|SunnyDay|[upkeep]
|upkeep
|
|t:|1779702341
|switch|p1a: Tyranitar|Tyranitar, F|100/100
|-damage|p1a: Tyranitar|88/100|[from] Stealth Rock
|-weather|Sandstorm|[from] ability: Sand Stream|[of] p1a: Tyranitar
|-end|p2a: Walking Wake|Protosynthesis
|turn|12
|inactive|tommytt22 has 120 seconds left.
|inactive|tommytt22 has 90 seconds left.
|
|t:|1779702386
|move|p2a: Walking Wake|Hydro Steam|p1a: Tyranitar
|-supereffective|p1a: Tyranitar
|-damage|p1a: Tyranitar|31/100
|move|p1a: Tyranitar|Knock Off|p2a: Walking Wake
|-damage|p2a: Walking Wake|39/100
|-enditem|p2a: Walking Wake|Choice Specs|[from] move: Knock Off|[of] p1a: Tyranitar
|
|-weather|Sandstorm|[upkeep]
|-damage|p2a: Walking Wake|33/100|[from] Sandstorm
|upkeep
|turn|13
|inactive|tommytt22 has 90 seconds left.
|
|t:|1779702412
|switch|p1a: Scizor|Scizor, F|100/100
|-damage|p1a: Scizor|88/100|[from] Stealth Rock
|move|p2a: Walking Wake|Hydro Steam|p1a: Scizor
|-damage|p1a: Scizor|13/100
|
|-weather|Sandstorm|[upkeep]
|-damage|p2a: Walking Wake|27/100|[from] Sandstorm
|-heal|p1a: Scizor|19/100|[from] item: Leftovers
|upkeep
|turn|14
|inactive|tommytt22 has 90 seconds left.
|inactive|tommytt22 has 60 seconds left.
|
|t:|1779702453
|move|p1a: Scizor|Bullet Punch|p2a: Walking Wake
|-resisted|p2a: Walking Wake
|-damage|p2a: Walking Wake|10/100
|move|p2a: Walking Wake|Hydro Steam|p1a: Scizor
|-damage|p1a: Scizor|0 fnt
|faint|p1a: Scizor
|
|-weather|Sandstorm|[upkeep]
|-damage|p2a: Walking Wake|3/100|[from] Sandstorm
|upkeep
|inactive|Free6lackpanther has 120 seconds left.
|
|t:|1779702485
|switch|p1a: Primarina|Primarina, M|100/100
|-damage|p1a: Primarina|88/100|[from] Stealth Rock
|turn|15
|
|t:|1779702498
|move|p2a: Walking Wake|Knock Off|p1a: Primarina
|-resisted|p1a: Primarina
|-damage|p1a: Primarina|77/100
|-enditem|p1a: Primarina|Assault Vest|[from] move: Knock Off|[of] p2a: Walking Wake
|move|p1a: Primarina|Flip Turn|p2a: Walking Wake
|-resisted|p2a: Walking Wake
|-damage|p2a: Walking Wake|0 fnt
|faint|p2a: Walking Wake
|-end|p2a: Walking Wake|Protosynthesis|[silent]
|
|t:|1779702510
|switch|p1a: Skeledirge|Skeledirge, M, tera:Fairy|82/100|[from] Flip Turn
|-damage|p1a: Skeledirge|69/100|[from] Stealth Rock
|
|-weather|Sandstorm|[upkeep]
|-damage|p1a: Skeledirge|63/100|[from] Sandstorm
|-heal|p1a: Skeledirge|69/100|[from] item: Leftovers
|upkeep
|inactive|tommytt22 has 60 seconds left.
|
|t:|1779702536
|switch|p2a: Venusaur|Venusaur, F|100/100
|turn|16
|
|t:|1779702550
|switch|p1a: Primarina|Primarina, M|77/100
|-damage|p1a: Primarina|65/100|[from] Stealth Rock
|move|p2a: Venusaur|Sludge Bomb|p1a: Primarina
|-supereffective|p1a: Primarina
|-damage|p1a: Primarina|0 fnt
|faint|p1a: Primarina
|-damage|p2a: Venusaur|91/100|[from] item: Life Orb
|
|-weather|none
|upkeep
|
|t:|1779702561
|switch|p1a: Tyranitar|Tyranitar, F|31/100
|-damage|p1a: Tyranitar|18/100|[from] Stealth Rock
|-weather|Sandstorm|[from] ability: Sand Stream|[of] p1a: Tyranitar
|turn|17
|
|t:|1779702574
|move|p2a: Venusaur|Giga Drain|p1a: Tyranitar
|-supereffective|p1a: Tyranitar
|-damage|p1a: Tyranitar|0 fnt
|-heal|p2a: Venusaur|100/100|[from] drain|[of] p1a: Tyranitar
|faint|p1a: Tyranitar
|-damage|p2a: Venusaur|91/100|[from] item: Life Orb
|
|-weather|Sandstorm|[upkeep]
|-damage|p2a: Venusaur|85/100|[from] Sandstorm
|upkeep
|-message|Free6lackpanther forfeited.
|
|win|tommytt22
|raw|Free6lackpanther's rating: 1458 &rarr; <strong>1444</strong><br />(-14 for losing)
|raw|tommytt22's rating: 1557 &rarr; <strong>1571</strong><br />(+14 for winning)
|l|☆tommytt22
|player|p2|
|l|☆Free6lackpanther
|player|p1|
