|j|☆alt1 lord greed
|j|☆Saint qirex
|t:|1779712036
|gametype|singles
|player|p1|alt1 lord greed|265|1494
|player|p2|Saint qirex|169|1597
|gen|9
|tier|[Gen 9] OU
|rated|
|rule|HP Percentage Mod: HP is shown in percentages
|rule|Endless Battle Clause: Forcing endless battles is banned
|rule|Species Clause: Limit one of each Pokémon
|rule|OHKO Clause: OHKO moves are banned
|rule|Evasion Items Clause: Evasion items are banned
|rule|Evasion Moves Clause: Evasion moves are banned
|rule|Evasion Abilities Clause: Evasion abilities are banned
|rule|Sleep Moves Clause: Sleep-inducing moves are banned
|clearpoke
|poke|p1|Glastrier|
|poke|p1|Slowking-Galar, F|
|poke|p1|Heatran, M|
|poke|p1|Tornadus-Therian, M|
|poke|p1|Hydrapple, F|
|poke|p1|Great Tusk|
|poke|p2|Meowscarada, M|
|poke|p2|Slowking-Galar, F|
|poke|p2|Zamazenta-*|
|poke|p2|Corviknight, F|
|poke|p2|Kyurem|
|poke|p2|Dragapult, F|
|teampreview
|inactive|Battle timer is ON: inactive players will automatically lose when time's up. (requested by alt1 lord greed)
|
|t:|1779712048
|teamsize|p1|6
|teamsize|p2|6
|start
|switch|p1a: Glastrier|Glastrier|100/100
|switch|p2a: Meowscarada|Meowscarada, M|100/100
|turn|1
|-activate|p1a: Glastrier|item: Quick Claw
|
|t:|1779712062
|move|p1a: Glastrier|Icicle Crash|p2a: Meowscarada
|-supereffective|p2a: Meowscarada
|-damage|p2a: Meowscarada|0 fnt
|faint|p2a: Meowscarada
|-ability|p1a: Glastrier|Chilling Neigh|boost
|-boost|p1a: Glastrier|atk|1
|
|upkeep
|
|t:|1779712073
|switch|p2a: Zamazenta|Zamazenta|100/100
|-ability|p2a: Zamazenta|Dauntless Shield|boost
|-boost|p2a: Zamazenta|def|1
|turn|2
|
|t:|1779712075
|switch|p1a: Slowking|Slowking-Galar, F|100/100
|move|p2a: Zamazenta|Iron Defense|p2a: Zamazenta
|-boost|p2a: Zamazenta|def|2
|
|upkeep
|turn|3
|
|t:|1779712080
|move|p2a: Zamazenta|Substitute|p2a: Zamazenta
|-start|p2a: Zamazenta|Substitute
|-damage|p2a: Zamazenta|75/100
|move|p1a: Slowking|Future Sight|p2a: Zamazenta
|-start|p1a: Slowking|move: Future Sight
|
|-heal|p2a: Zamazenta|82/100|[from] item: Leftovers
|upkeep
|turn|4
|
|t:|1779712082
|move|p2a: Zamazenta|Crunch|p1a: Slowking
|-supereffective|p1a: Slowking
|-damage|p1a: Slowking|58/100
|move|p1a: Slowking|Psychic|p2a: Zamazenta
|-supereffective|p2a: Zamazenta
|-end|p2a: Zamazenta|Substitute
|
|-heal|p2a: Zamazenta|88/100|[from] item: Leftovers
|upkeep
|turn|5
|
|t:|1779712089
|switch|p2a: Corviknight|Corviknight, F|100/100
|move|p1a: Slowking|Psychic|p2a: Corviknight
|-resisted|p2a: Corviknight
|-damage|p2a: Corviknight|85/100
|
|-end|p2a: Corviknight|move: Future Sight
|-resisted|p2a: Corviknight
|-damage|p2a: Corviknight|64/100
|upkeep
|turn|6
|
|t:|1779712094
|move|p2a: Corviknight|Brave Bird|p1a: Slowking
|-damage|p1a: Slowking|18/100
|-damage|p2a: Corviknight|51/100|[from] Recoil
|-prepare|p1a: Slowking|Chilly Reception|[premajor]
|move|p1a: Slowking|Chilly Reception|p1a: Slowking
|-weather|Snowscape
|
|t:|1779712096
|switch|p1a: Heatran|Heatran, M, shiny|100/100|[from] Chilly Reception
|
|-weather|Snowscape|[upkeep]
|upkeep
|turn|7
|
|t:|1779712102
|switch|p2a: Dragapult|Dragapult, F|100/100
|move|p1a: Heatran|Stealth Rock|p2a: Dragapult
|-sidestart|p2: Saint qirex|move: Stealth Rock
|
|-weather|Snowscape|[upkeep]
|upkeep
|turn|8
|
|t:|1779712107
|switch|p1a: Glastrier|Glastrier|100/100
|move|p2a: Dragapult|Shadow Ball|p1a: Glastrier
|-damage|p1a: Glastrier|63/100
|
|-weather|Snowscape|[upkeep]
|upkeep
|turn|9
|
|t:|1779712115
|-terastallize|p2a: Dragapult|Ghost
|move|p2a: Dragapult|Shadow Ball|p1a: Glastrier
|-damage|p1a: Glastrier|7/100
|move|p1a: Glastrier|Icicle Crash|p2a: Dragapult
|-damage|p2a: Dragapult|24/100
|
|-weather|Snowscape|[upkeep]
|upkeep
|turn|10
|
|t:|1779712120
|move|p2a: Dragapult|Shadow Ball|p1a: Glastrier
|-damage|p1a: Glastrier|0 fnt
|faint|p1a: Glastrier
|
|-weather|none
|upkeep
|
|t:|1779712122
|switch|p1a: Tornadus|Tornadus-Therian, M|100/100
|turn|11
|
|t:|1779712125
|switch|p2a: Slowking|Slowking-Galar, F|100/100
|move|p1a: Tornadus|Knock Off|p2a: Slowking
|-supereffective|p2a: Slowking
|-damage|p2a: Slowking|62/100
|-enditem|p2a: Slowking|Heavy-Duty Boots|[from] move: Knock Off|[of] p1a: Tornadus
|
|upkeep
|turn|12
|
|t:|1779712128
|move|p1a: Tornadus|Taunt|p2a: Slowking
|-start|p2a: Slowking|move: Taunt
|cant|p2a: Slowking|move: Taunt|Thunder Wave
|
|upkeep
|turn|13
|
|t:|1779712134
|switch|p2a: Corviknight|Corviknight, F|51/100
|-damage|p2a: Corviknight|38/100|[from] Stealth Rock
|move|p1a: Tornadus|Knock Off|p2a: Corviknight
|-damage|p2a: Corviknight|26/100
|-damage|p1a: Tornadus|84/100|[from] item: Rocky Helmet|[of] p2a: Corviknight
|-enditem|p2a: Corviknight|Rocky Helmet|[from] move: Knock Off|[of] p1a: Tornadus
|
|upkeep
|turn|14
|
|t:|1779712138
|move|p1a: Tornadus|Heat Wave|p2a: Corviknight
|-supereffective|p2a: Corviknight
|-damage|p2a: Corviknight|0 fnt
|faint|p2a: Corviknight
|
|upkeep
|
|t:|1779712151
|switch|p2a: Dragapult|Dragapult, F, tera:Ghost|24/100
|-damage|p2a: Dragapult|12/100|[from] Stealth Rock
|turn|15
|
|t:|1779712159
|switch|p1a: Heatran|Heatran, M, shiny|100/100
|move|p2a: Dragapult|Draco Meteor|p1a: Heatran
|-resisted|p1a: Heatran
|-damage|p1a: Heatran|73/100
|-unboost|p2a: Dragapult|spa|2
|
|-heal|p1a: Heatran|80/100|[from] item: Leftovers
|upkeep
|turn|16
|
|t:|1779712166
|move|p2a: Dragapult|Draco Meteor|p1a: Heatran
|-resisted|p1a: Heatran
|-damage|p1a: Heatran|66/100
|-unboost|p2a: Dragapult|spa|2
|move|p1a: Heatran|Fire Blast|p2a: Dragapult
|-damage|p2a: Dragapult|0 fnt
|faint|p2a: Dragapult
|
|-heal|p1a: Heatran|73/100|[from] item: Leftovers
|upkeep
|
|t:|1779712170
|switch|p2a: Kyurem|Kyurem|100/100
|-damage|p2a: Kyurem|76/100|[from] Stealth Rock
|-ability|p2a: Kyurem|Pressure
|turn|17
|
|t:|1779712177
|move|p2a: Kyurem|Earth Power|p1a: Heatran
|-supereffective|p1a: Heatran
|-damage|p1a: Heatran|0 fnt
|faint|p1a: Heatran
|
|upkeep
|
|t:|1779712186
|switch|p1a: Tornadus|Tornadus-Therian, M|100/100
|turn|18
|
|t:|1779712188
|switch|p2a: Slowking|Slowking-Galar, F|96/100
|-damage|p2a: Slowking|83/100|[from] Stealth Rock
|move|p1a: Tornadus|Knock Off|p2a: Slowking
|-supereffective|p2a: Slowking
|-damage|p2a: Slowking|55/100
|
|upkeep
|turn|19
|
|t:|1779712190
|move|p1a: Tornadus|Taunt|p2a: Slowking
|-start|p2a: Slowking|move: Taunt
|cant|p2a: Slowking|move: Taunt|Thunder Wave
|
|upkeep
|turn|20
|
|t:|1779712195
|switch|p1a: Great Tusk|Great Tusk|100/100
|move|p2a: Slowking|Sludge Bomb|p1a: Great Tusk
|-resisted|p1a: Great Tusk
|-damage|p1a: Great Tusk|74/100
|
|upkeep
|turn|21
|
|t:|1779712201
|switch|p2a: Zamazenta|Zamazenta|88/100
|-damage|p2a: Zamazenta|82/100|[from] Stealth Rock
|move|p1a: Great Tusk|Headlong Rush|p2a: Zamazenta
|-damage|p2a: Zamazenta|40/100
|-unboost|p1a: Great Tusk|def|1
|-unboost|p1a: Great Tusk|spd|1
|
|-heal|p2a: Zamazenta|46/100|[from] item: Leftovers
|upkeep
|turn|22
|
|t:|1779712205
|-end|p1a: Great Tusk|Protosynthesis|[silent]
|switch|p1a: Slowking|Slowking-Galar, F|51/100
|move|p2a: Zamazenta|Iron Defense|p2a: Zamazenta
|-boost|p2a: Zamazenta|def|2
|
|-heal|p2a: Zamazenta|52/100|[from] item: Leftovers
|upkeep
|turn|23
|
|t:|1779712209
|move|p2a: Zamazenta|Crunch|p1a: Slowking
|-supereffective|p1a: Slowking
|-damage|p1a: Slowking|3/100
|-unboost|p1a: Slowking|def|1
|move|p1a: Slowking|Psychic|p2a: Zamazenta
|-supereffective|p2a: Zamazenta
|-damage|p2a: Zamazenta|0 fnt
|faint|p2a: Zamazenta
|
|upkeep
|
|t:|1779712215
|switch|p2a: Slowking|Slowking-Galar, F|89/100
|-damage|p2a: Slowking|76/100|[from] Stealth Rock
|turn|24
|
|t:|1779712218
|switch|p1a: Hydrapple|Hydrapple, F, shiny|100/100
|move|p2a: Slowking|Thunder Wave|p1a: Hydrapple
|-status|p1a: Hydrapple|par
|
|upkeep
|turn|25
|
|t:|1779712221
|move|p1a: Hydrapple|Earth Power|p2a: Slowking
|-supereffective|p2a: Slowking
|-damage|p2a: Slowking|15/100
|-prepare|p2a: Slowking|Chilly Reception|[premajor]
|move|p2a: Slowking|Chilly Reception|p2a: Slowking
|-weather|Snowscape
|
|t:|1779712224
|switch|p2a: Kyurem|Kyurem|76/100|[from] Chilly Reception
|-damage|p2a: Kyurem|51/100|[from] Stealth Rock
|-ability|p2a: Kyurem|Pressure
|
|-weather|Snowscape|[upkeep]
|upkeep
|turn|26
|
|t:|1779712226
|move|p2a: Kyurem|Blizzard|p1a: Hydrapple
|-supereffective|p1a: Hydrapple
|-damage|p1a: Hydrapple|0 fnt
|faint|p1a: Hydrapple
|
|-weather|Snowscape|[upkeep]
|upkeep
|
|t:|1779712232
|switch|p1a: Great Tusk|Great Tusk|74/100
|turn|27
|
|t:|1779712236
|-terastallize|p1a: Great Tusk|Steel
|move|p2a: Kyurem|Blizzard|p1a: Great Tusk
|-resisted|p1a: Great Tusk
|-damage|p1a: Great Tusk|9/100
|-status|p1a: Great Tusk|frz
|cant|p1a: Great Tusk|frz
|
|-weather|Snowscape|[upkeep]
|upkeep
|turn|28
|
|t:|1779712247
|move|p2a: Kyurem|Blizzard|p1a: Great Tusk
|-resisted|p1a: Great Tusk
|-damage|p1a: Great Tusk|0 fnt
|faint|p1a: Great Tusk
|-end|p1a: Great Tusk|Protosynthesis|[silent]
|
|-weather|Snowscape|[upkeep]
|upkeep
|
|t:|1779712256
|switch|p1a: Slowking|Slowking-Galar, F|36/100
|turn|29
|
|t:|1779712259
|switch|p1a: Tornadus|Tornadus-Therian, M|100/100
|move|p2a: Kyurem|Blizzard|p1a: Tornadus
|-supereffective|p1a: Tornadus
|-damage|p1a: Tornadus|0 fnt
|faint|p1a: Tornadus
|
|-weather|none
|upkeep
|
|t:|1779712260
|switch|p1a: Slowking|Slowking-Galar, F|69/100
|turn|30
|
|t:|1779712264
|switch|p2a: Slowking|Slowking-Galar, F|48/100
|-damage|p2a: Slowking|36/100|[from] Stealth Rock
|move|p1a: Slowking|Sludge Bomb|p2a: Slowking
|-resisted|p2a: Slowking
|-damage|p2a: Slowking|26/100
|
|upkeep
|turn|31
|
|t:|1779712269
|move|p2a: Slowking|Sludge Bomb|p1a: Slowking
|-resisted|p1a: Slowking
|-damage|p1a: Slowking|58/100
|move|p1a: Slowking|Psychic|p2a: Slowking
|-damage|p2a: Slowking|8/100
|
|upkeep
|turn|32
|
|t:|1779712272
|move|p1a: Slowking|Psychic|p2a: Slowking
|-damage|p2a: Slowking|0 fnt
|faint|p2a: Slowking
|
|upkeep
|
|t:|1779712274
|switch|p2a: Kyurem|Kyurem|51/100
|-damage|p2a: Kyurem|26/100|[from] Stealth Rock
|-ability|p2a: Kyurem|Pressure
|turn|33
|
|t:|1779712277
|move|p2a: Kyurem|Earth Power|p1a: Slowking
|-supereffective|p1a: Slowking
|-damage|p1a: Slowking|8/100
|move|p1a: Slowking|Sludge Bomb|p2a: Kyurem
|-damage|p2a: Kyurem|0 fnt
|faint|p2a: Kyurem
|
|win|alt1 lord greed
|raw|alt1 lord greed's rating: 1494 &rarr; <strong>1520</strong><br />(+26 for winning)
|raw|Saint qirex's rating: 1597 &rarr; <strong>1571</strong><br />(-26 for losing)
|c|☆alt1 lord greed|gg
|l|☆Saint qirex
|player|p2|
|l|☆alt1 lord greed
|player|p1|
