|j|☆frostedcatcookie
|j|☆2(sweet)
|t:|1779606191
|gametype|singles
|player|p1|frostedcatcookie|2|1267
|player|p2|2(sweet)|101|1341
|gen|9
|tier|[Gen 9] OU
|rated|
|rule|HP Percentage Mod: HP is shown in percentages
|rule|Endless Battle Clause: Forcing endless battles is banned
|rule|Species Clause: Limit one of each Pokémon
|rule|OHKO Clause: OHKO moves are banned
|rule|Evasion Items Clause: Evasion items are banned
|rule|Evasion Moves Clause: Evasion moves are banned
|rule|Evasion Abilities Clause: Evasion abilities are banned
|rule|Sleep Moves Clause: Sleep-inducing moves are banned
|clearpoke
|poke|p1|Kingambit, F|
|poke|p1|Hatterene, F|
|poke|p1|Garchomp, M|
|poke|p1|Dragonite, F|
|poke|p1|Cinderace, F|
|poke|p1|Scizor, M|
|poke|p2|Hatterene, F|
|poke|p2|Emboar, M|
|poke|p2|Ursaluna, M|
|poke|p2|Clawitzer, F|
|poke|p2|Indeedee, M|
|poke|p2|Sinistcha-Masterpiece|
|teampreview
|
|t:|1779606203
|teamsize|p1|6
|teamsize|p2|6
|start
|switch|p1a: Garchomp|Garchomp, M, shiny|100/100
|switch|p2a: Ursaluna|Ursaluna, M|100/100
|turn|1
|
|t:|1779606216
|switch|p2a: Hatterene|Hatterene, F|100/100
|move|p1a: Garchomp|Draco Meteor|p2a: Hatterene
|-immune|p2a: Hatterene
|
|upkeep
|turn|2
|
|t:|1779606225
|switch|p1a: Scizor|Scizor, M, shiny|100/100
|move|p2a: Hatterene|Trick Room|p2a: Hatterene
|-fieldstart|move: Trick Room|[of] p2a: Hatterene
|
|upkeep
|turn|3
|
|t:|1779606249
|switch|p2a: Emboar|Emboar, M|100/100
|move|p1a: Scizor|U-turn|p2a: Emboar
|-resisted|p2a: Emboar
|-damage|p2a: Emboar|91/100
|
|t:|1779606265
|switch|p1a: Hatterene|Hatterene, F, shiny|100/100|[from] U-turn
|
|upkeep
|turn|4
|
|t:|1779606283
|switch|p2a: Ursaluna|Ursaluna, M|100/100
|move|p1a: Hatterene|Psyshock|p2a: Ursaluna
|-damage|p2a: Ursaluna|75/100
|
|-status|p2a: Ursaluna|brn|[from] item: Flame Orb
|upkeep
|turn|5
|
|t:|1779606295
|switch|p1a: Garchomp|Garchomp, M, shiny|100/100
|move|p2a: Ursaluna|Facade|p1a: Garchomp
|-damage|p1a: Garchomp|0 fnt
|-damage|p2a: Ursaluna|63/100 brn|[from] ability: Rough Skin|[of] p1a: Garchomp
|faint|p1a: Garchomp
|
|-damage|p2a: Ursaluna|56/100 brn|[from] brn
|upkeep
|
|t:|1779606309
|switch|p1a: Hatterene|Hatterene, F, shiny|100/100
|turn|6
|
|t:|1779606314
|move|p2a: Ursaluna|Facade|p1a: Hatterene
|-damage|p1a: Hatterene|0 fnt
|faint|p1a: Hatterene
|
|-damage|p2a: Ursaluna|50/100 brn|[from] brn
|-fieldend|move: Trick Room
|upkeep
|
|t:|1779606323
|switch|p1a: Scizor|Scizor, M, shiny|100/100
|turn|7
|
|t:|1779606335
|-terastallize|p2a: Ursaluna|Ghost
|move|p1a: Scizor|Close Combat|p2a: Ursaluna
|-immune|p2a: Ursaluna
|move|p2a: Ursaluna|Fire Punch|p1a: Scizor
|-supereffective|p1a: Scizor
|-damage|p1a: Scizor|0 fnt
|faint|p1a: Scizor
|
|-damage|p2a: Ursaluna|44/100 brn|[from] brn
|upkeep
|
|t:|1779606348
|switch|p1a: bisharp pro max|Kingambit, F, shiny|100/100
|-activate|p1a: bisharp pro max|ability: Supreme Overlord
|-start|p1a: bisharp pro max|fallen3|[silent]
|turn|8
|
|t:|1779606356
|switch|p2a: Indeedee|Indeedee, M|100/100
|-fieldstart|move: Psychic Terrain|[from] ability: Psychic Surge|[of] p2a: Indeedee
|move|p1a: bisharp pro max|Sucker Punch||[still]
|-fail|p1a: bisharp pro max
|
|upkeep
|turn|9
|
|t:|1779606365
|switch|p2a: Emboar|Emboar, M|91/100
|move|p1a: bisharp pro max|Kowtow Cleave|p2a: Emboar
|-resisted|p2a: Emboar
|-damage|p2a: Emboar|50/100
|
|upkeep
|turn|10
|
|t:|1779606377
|-end|p1a: bisharp pro max|fallen3|[silent]
|switch|p1a: Dragonite|Dragonite, F, shiny|100/100
|move|p2a: Emboar|Flare Blitz|p1a: Dragonite
|-resisted|p1a: Dragonite
|-damage|p1a: Dragonite|74/100
|-damage|p2a: Emboar|44/100|[from] Recoil
|-damage|p2a: Emboar|34/100|[from] item: Life Orb
|
|upkeep
|turn|11
|
|t:|1779606391
|move|p1a: Dragonite|Earthquake|p2a: Emboar
|-supereffective|p2a: Emboar
|-damage|p2a: Emboar|0 fnt
|faint|p2a: Emboar
|
|upkeep
|
|t:|1779606394
|switch|p2a: Indeedee|Indeedee, M|100/100
|turn|12
|
|t:|1779606406
|move|p1a: Dragonite|Earthquake|p2a: Indeedee
|-damage|p2a: Indeedee|12/100
|move|p2a: Indeedee|Trick Room|p2a: Indeedee
|-fieldstart|move: Trick Room|[of] p2a: Indeedee
|
|-fieldend|move: Psychic Terrain
|upkeep
|turn|13
|
|t:|1779606418
|move|p2a: Indeedee|Healing Wish|p2a: Indeedee
|faint|p2a: Indeedee
|move|p1a: Dragonite|Earthquake|p2: Indeedee|[notarget]
|-fail|p1a: Dragonite
|
|upkeep
|
|t:|1779606420
|switch|p2a: Ursaluna|Ursaluna, M, tera:Ghost|44/100 brn
|-heal|p2a: Ursaluna|100/100|[from] move: Healing Wish
|turn|14
|
|t:|1779606462
|move|p2a: Ursaluna|Facade|p1a: Dragonite
|-damage|p1a: Dragonite|24/100
|move|p1a: Dragonite|Earthquake|p2a: Ursaluna
|-damage|p2a: Ursaluna|64/100
|
|-status|p2a: Ursaluna|brn|[from] item: Flame Orb
|upkeep
|turn|15
|
|t:|1779606471
|move|p2a: Ursaluna|Facade|p1a: Dragonite
|-damage|p1a: Dragonite|0 fnt
|faint|p1a: Dragonite
|
|-damage|p2a: Ursaluna|58/100 brn|[from] brn
|upkeep
|
|t:|1779606478
|switch|p1a: ace|Cinderace, F, shiny|100/100
|turn|16
|
|t:|1779606490
|move|p2a: Ursaluna|Facade|p1a: ace
|-damage|p1a: ace|0 fnt
|faint|p1a: ace
|
|-damage|p2a: Ursaluna|52/100 brn|[from] brn
|-fieldend|move: Trick Room
|upkeep
|
|t:|1779606498
|switch|p1a: bisharp pro max|Kingambit, F, shiny|100/100
|-activate|p1a: bisharp pro max|ability: Supreme Overlord
|-start|p1a: bisharp pro max|fallen5|[silent]
|turn|17
|
|t:|1779606504
|-terastallize|p1a: bisharp pro max|Fairy
|move|p1a: bisharp pro max|Sucker Punch|p2a: Ursaluna
|-supereffective|p2a: Ursaluna
|-damage|p2a: Ursaluna|0 fnt
|faint|p2a: Ursaluna
|
|upkeep
|
|t:|1779606516
|switch|p2a: Sinistcha|Sinistcha-Masterpiece|100/100
|turn|18
|
|t:|1779606526
|move|p1a: bisharp pro max|Kowtow Cleave|p2a: Sinistcha
|-supereffective|p2a: Sinistcha
|-damage|p2a: Sinistcha|0 fnt
|faint|p2a: Sinistcha
|
|upkeep
|
|t:|1779606533
|switch|p2a: Clawitzer|Clawitzer, F|100/100
|turn|19
|
|t:|1779606537
|move|p1a: bisharp pro max|Sucker Punch|p2a: Clawitzer
|-damage|p2a: Clawitzer|34/100
|move|p2a: Clawitzer|Water Pulse|p1a: bisharp pro max
|-damage|p1a: bisharp pro max|30/100
|-damage|p2a: Clawitzer|24/100|[from] item: Life Orb
|
|upkeep
|turn|20
|
|t:|1779606545
|move|p1a: bisharp pro max|Sucker Punch|p2a: Clawitzer
|-damage|p2a: Clawitzer|0 fnt
|faint|p2a: Clawitzer
|
|upkeep
|
|t:|1779606549
|switch|p2a: Hatterene|Hatterene, F|100/100
|turn|21
|
|t:|1779606559
|move|p1a: bisharp pro max|Iron Head|p2a: Hatterene
|-supereffective|p2a: Hatterene
|-damage|p2a: Hatterene|0 fnt
|faint|p2a: Hatterene
|
|win|frostedcatcookie
|raw|frostedcatcookie's rating: 1267 &rarr; <strong>1297</strong><br />(+30 for winning)
|raw|2(sweet)'s rating: 1341 &rarr; <strong>1317</strong><br />(-24 for losing)
|l|☆2(sweet)
|player|p2|
