|j|☆nikopaz
|j|☆iagoniane
|t:|1779639963
|gametype|singles
|player|p1|nikopaz|rood|1078
|player|p2|iagoniane|2|1071
|gen|9
|tier|[Gen 9] OU
|rated|
|rule|HP Percentage Mod: HP is shown in percentages
|rule|Endless Battle Clause: Forcing endless battles is banned
|rule|Species Clause: Limit one of each Pokémon
|rule|OHKO Clause: OHKO moves are banned
|rule|Evasion Items Clause: Evasion items are banned
|rule|Evasion Moves Clause: Evasion moves are banned
|rule|Evasion Abilities Clause: Evasion abilities are banned
|rule|Sleep Moves Clause: Sleep-inducing moves are banned
|clearpoke
|poke|p1|Torterra, M|
|poke|p1|Ribombee, F|
|poke|p1|Gholdengo|
|poke|p1|Great Tusk|
|poke|p1|Thundurus-Therian, M|
|poke|p1|Ogerpon-Wellspring, F|
|poke|p2|Honchkrow, M|
|poke|p2|Ribombee, F|
|poke|p2|Gholdengo|
|poke|p2|Okidogi, M|
|poke|p2|Kyurem|
|poke|p2|Great Tusk|
|teampreview
|
|t:|1779639972
|teamsize|p1|6
|teamsize|p2|6
|start
|switch|p1a: Nightmare|Ribombee, F|100/100
|switch|p2a: Ribombee|Ribombee, F|100/100
|turn|1
|
|t:|1779639979
|move|p1a: Nightmare|Sticky Web|p2a: Ribombee
|-sidestart|p2: iagoniane|move: Sticky Web
|move|p2a: Ribombee|Sticky Web|p1a: Nightmare
|-sidestart|p1: nikopaz|move: Sticky Web
|
|upkeep
|turn|2
|c|☆iagoniane|lil bro
|
|t:|1779639995
|move|p2a: Ribombee|Stun Spore|p1a: Nightmare
|-status|p1a: Nightmare|par
|cant|p1a: Nightmare|par
|
|upkeep
|turn|3
|
|t:|1779640005
|move|p2a: Ribombee|Psychic Noise|p1a: Nightmare
|-damage|p1a: Nightmare|63/100 par
|cant|p1a: Nightmare|par
|
|upkeep
|turn|4
|
|t:|1779640021
|move|p2a: Ribombee|Moonblast|p1a: Nightmare
|-damage|p1a: Nightmare|0 fnt
|faint|p1a: Nightmare
|
|upkeep
|
|t:|1779640051
|switch|p1a: ZEUS|Thundurus-Therian, M|100/100
|turn|5
|
|t:|1779640064
|move|p2a: Ribombee|Psychic Noise|p1a: ZEUS
|-damage|p1a: ZEUS|70/100
|-start|p1a: ZEUS|move: Heal Block
|move|p1a: ZEUS|Thunderbolt|p2a: Ribombee
|-crit|p2a: Ribombee
|-enditem|p2a: Ribombee|Focus Sash
|-damage|p2a: Ribombee|1/100
|
|upkeep
|turn|6
|
|t:|1779640071
|move|p2a: Ribombee|Moonblast|p1a: ZEUS
|-damage|p1a: ZEUS|15/100
|-unboost|p1a: ZEUS|spa|1
|move|p1a: ZEUS|Thunderbolt|p2a: Ribombee
|-damage|p2a: Ribombee|0 fnt
|faint|p2a: Ribombee
|
|-end|p1a: ZEUS|move: Heal Block
|upkeep
|
|t:|1779640075
|switch|p2a: Honchkrow|Honchkrow, M|100/100
|turn|7
|
|t:|1779640082
|move|p2a: Honchkrow|Sucker Punch|p1a: ZEUS
|-damage|p1a: ZEUS|0 fnt
|faint|p1a: ZEUS
|-ability|p2a: Honchkrow|Moxie|boost
|-boost|p2a: Honchkrow|atk|1
|
|upkeep
|
|t:|1779640095
|switch|p1a: EL MAMUT|Great Tusk|100/100
|-activate|p1a: EL MAMUT|move: Sticky Web
|-unboost|p1a: EL MAMUT|spe|1
|-enditem|p1a: EL MAMUT|Booster Energy
|-activate|p1a: EL MAMUT|ability: Protosynthesis|[fromitem]
|-start|p1a: EL MAMUT|protosynthesisatk
|turn|8
|
|t:|1779640099
|move|p2a: Honchkrow|Brave Bird|p1a: EL MAMUT
|-supereffective|p1a: EL MAMUT
|-damage|p1a: EL MAMUT|0 fnt
|faint|p1a: EL MAMUT
|-end|p1a: EL MAMUT|Protosynthesis|[silent]
|-ability|p2a: Honchkrow|Moxie|boost
|-boost|p2a: Honchkrow|atk|1
|-damage|p2a: Honchkrow|65/100|[from] Recoil
|
|upkeep
|
|t:|1779640104
|switch|p1a: THE WALM|Torterra, M|100/100
|-activate|p1a: THE WALM|move: Sticky Web
|-unboost|p1a: THE WALM|spe|1
|turn|9
|
|t:|1779640108
|move|p2a: Honchkrow|Brave Bird|p1a: THE WALM
|-supereffective|p1a: THE WALM
|-damage|p1a: THE WALM|0 fnt
|faint|p1a: THE WALM
|-ability|p2a: Honchkrow|Moxie|boost
|-boost|p2a: Honchkrow|atk|1
|-damage|p2a: Honchkrow|33/100|[from] Recoil
|
|upkeep
|
|t:|1779640113
|switch|p1a: Bum|Ogerpon-Wellspring, F|100/100
|-activate|p1a: Bum|move: Sticky Web
|-unboost|p1a: Bum|spe|1
|turn|10
|
|t:|1779640119
|move|p2a: Honchkrow|Brave Bird|p1a: Bum
|-supereffective|p1a: Bum
|-damage|p1a: Bum|0 fnt
|faint|p1a: Bum
|-ability|p2a: Honchkrow|Moxie|boost
|-boost|p2a: Honchkrow|atk|1
|-damage|p2a: Honchkrow|4/100|[from] Recoil
|
|upkeep
|
|t:|1779640122
|switch|p1a: Gold lantern|Gholdengo|100/100
|-item|p1a: Gold lantern|Air Balloon
|turn|11
|
|t:|1779640127
|move|p1a: Gold lantern|Recover||[still]
|-fail|p1a: Gold lantern|heal
|move|p2a: Honchkrow|Night Slash|p1a: Gold lantern
|-supereffective|p1a: Gold lantern
|-damage|p1a: Gold lantern|0 fnt
|-enditem|p1a: Gold lantern|Air Balloon
|faint|p1a: Gold lantern
|
|win|iagoniane
|raw|nikopaz's rating: 1078 &rarr; <strong>1056</strong><br />(-22 for losing)
|raw|iagoniane's rating: 1071 &rarr; <strong>1101</strong><br />(+30 for winning)
|l|☆iagoniane
|player|p2|
|l|☆nikopaz
|player|p1|
