|j|☆yellowfly97
|j|☆Chaos Insurgencyy
|t:|1779561024
|gametype|singles
|player|p1|yellowfly97|artist|1081
|player|p2|Chaos Insurgencyy|clair|1045
|gen|9
|tier|[Gen 9] OU
|rated|
|rule|HP Percentage Mod: HP is shown in percentages
|rule|Endless Battle Clause: Forcing endless battles is banned
|rule|Species Clause: Limit one of each Pokémon
|rule|OHKO Clause: OHKO moves are banned
|rule|Evasion Items Clause: Evasion items are banned
|rule|Evasion Moves Clause: Evasion moves are banned
|rule|Evasion Abilities Clause: Evasion abilities are banned
|rule|Sleep Moves Clause: Sleep-inducing moves are banned
|clearpoke
|poke|p1|Lilligant, F|
|poke|p1|Ninetales, F|
|poke|p1|Great Tusk|
|poke|p1|Walking Wake|
|poke|p1|Hatterene, F|
|poke|p1|Slither Wing|
|poke|p2|Ribombee, M|
|poke|p2|Dragonite, F|
|poke|p2|Great Tusk|
|poke|p2|Ogerpon-Wellspring, F|
|poke|p2|Gholdengo|
|poke|p2|Darkrai|
|teampreview
|inactive|Battle timer is ON: inactive players will automatically lose when time's up. (requested by Chaos Insurgencyy)
|
|t:|1779561034
|teamsize|p1|6
|teamsize|p2|6
|start
|switch|p1a: Ninetales|Ninetales, F|100/100
|switch|p2a: Ribombee|Ribombee, M|100/100
|-weather|SunnyDay|[from] ability: Drought|[of] p1a: Ninetales
|turn|1
|
|t:|1779561041
|switch|p1a: Hatterene|Hatterene, F|100/100
|move|p2a: Ribombee|Sticky Web|p1a: Hatterene
|move|p1a: Hatterene|Sticky Web|p2a: Ribombee|[from] ability: Magic Bounce
|-sidestart|p2: Chaos Insurgencyy|move: Sticky Web
|
|-weather|SunnyDay|[upkeep]
|upkeep
|turn|2
|
|t:|1779561049
|move|p2a: Ribombee|Skill Swap|p1a: Hatterene
|-activate|p2a: Ribombee|Skill Swap|Magic Bounce|Shield Dust|[of] p1a: Hatterene
|move|p1a: Hatterene|Mystical Fire|p2a: Ribombee
|-supereffective|p2a: Ribombee
|-enditem|p2a: Ribombee|Focus Sash
|-damage|p2a: Ribombee|1/100
|-unboost|p2a: Ribombee|spa|1
|
|-weather|SunnyDay|[upkeep]
|upkeep
|turn|3
|
|t:|1779561058
|move|p2a: Ribombee|Sticky Web|p1a: Hatterene
|-sidestart|p1: yellowfly97|move: Sticky Web
|move|p1a: Hatterene|Nuzzle|p2a: Ribombee
|-damage|p2a: Ribombee|0 fnt
|faint|p2a: Ribombee
|
|-weather|SunnyDay|[upkeep]
|upkeep
|
|t:|1779561067
|switch|p2a: Great Tusk|Great Tusk|100/100
|-activate|p2a: Great Tusk|move: Sticky Web
|-unboost|p2a: Great Tusk|spe|1
|-activate|p2a: Great Tusk|ability: Protosynthesis
|-start|p2a: Great Tusk|protosynthesisatk
|turn|4
|
|t:|1779561081
|move|p2a: Great Tusk|Rapid Spin|p1a: Hatterene
|-damage|p1a: Hatterene|81/100
|-boost|p2a: Great Tusk|spe|1
|-damage|p2a: Great Tusk|84/100|[from] item: Rocky Helmet|[of] p1a: Hatterene
|-sideend|p2: Chaos Insurgencyy|Sticky Web|[from] move: Rapid Spin|[of] p2a: Great Tusk
|move|p1a: Hatterene|Psychic Noise|p2a: Great Tusk
|-supereffective|p2a: Great Tusk
|-damage|p2a: Great Tusk|0 fnt
|faint|p2a: Great Tusk
|-end|p2a: Great Tusk|Protosynthesis|[silent]
|
|-weather|SunnyDay|[upkeep]
|upkeep
|
|t:|1779561100
|switch|p2a: Darkrai|Darkrai, shiny|100/100
|turn|5
|
|t:|1779561114
|-terastallize|p2a: Darkrai|Poison
|move|p2a: Darkrai|Nasty Plot|p2a: Darkrai
|-boost|p2a: Darkrai|spa|2
|move|p1a: Hatterene|Nuzzle|p2a: Darkrai
|-damage|p2a: Darkrai|96/100
|
|-weather|SunnyDay|[upkeep]
|upkeep
|turn|6
|
|t:|1779561126
|move|p2a: Darkrai|Dark Pulse|p1a: Hatterene
|-damage|p1a: Hatterene|0 fnt
|faint|p1a: Hatterene
|
|-weather|SunnyDay|[upkeep]
|upkeep
|-message|yellowfly97 forfeited.
|
|win|Chaos Insurgencyy
|raw|yellowfly97's rating: 1081 &rarr; <strong>1057</strong><br />(-24 for losing)
|raw|Chaos Insurgencyy's rating: 1045 &rarr; <strong>1082</strong><br />(+37 for winning)
|l|☆yellowfly97
|player|p1|
