|j|☆naraz
|j|☆YaGirlJuniper
|t:|1779703372
|gametype|singles
|player|p1|naraz|1|1190
|player|p2|YaGirlJuniper|baker|1108
|gen|9
|tier|[Gen 9] OU
|rated|
|rule|HP Percentage Mod: HP is shown in percentages
|rule|Endless Battle Clause: Forcing endless battles is banned
|rule|Species Clause: Limit one of each Pokémon
|rule|OHKO Clause: OHKO moves are banned
|rule|Evasion Items Clause: Evasion items are banned
|rule|Evasion Moves Clause: Evasion moves are banned
|rule|Evasion Abilities Clause: Evasion abilities are banned
|rule|Sleep Moves Clause: Sleep-inducing moves are banned
|clearpoke
|poke|p1|Pawmot, F|
|poke|p1|Gholdengo|
|poke|p1|Samurott-Hisui, F|
|poke|p1|Mudsdale, M|
|poke|p1|Tauros-Paldea-Blaze, M|
|poke|p1|Ditto|
|poke|p2|Hatterene, F|
|poke|p2|Great Tusk|
|poke|p2|Tornadus-Therian, M|
|poke|p2|Kyurem|
|poke|p2|Slowking-Galar, F|
|poke|p2|Kingambit, M|
|teampreview
|inactive|Battle timer is ON: inactive players will automatically lose when time's up. (requested by naraz)
|
|t:|1779703389
|teamsize|p1|6
|teamsize|p2|6
|start
|switch|p1a: Samurott|Samurott-Hisui, F|100/100
|switch|p2a: Slowking|Slowking-Galar, F|100/100
|turn|1
|
|t:|1779703399
|move|p1a: Samurott|Ceaseless Edge|p2a: Slowking
|-supereffective|p2a: Slowking
|-crit|p2a: Slowking
|-damage|p2a: Slowking|6/100
|-sidestart|p2: YaGirlJuniper|Spikes
|-prepare|p2a: Slowking|Chilly Reception|[premajor]
|move|p2a: Slowking|Chilly Reception|p2a: Slowking
|-weather|Snowscape
|
|t:|1779703418
|switch|p2a: Great Tusk|Great Tusk|100/100|[from] Chilly Reception
|-damage|p2a: Great Tusk|88/100|[from] Spikes
|
|-weather|Snowscape|[upkeep]
|upkeep
|turn|2
|
|t:|1779703429
|move|p2a: Great Tusk|Stealth Rock|p1a: Samurott
|-sidestart|p1: naraz|move: Stealth Rock
|move|p1a: Samurott|Razor Shell|p2a: Great Tusk
|-supereffective|p2a: Great Tusk
|-damage|p2a: Great Tusk|13/100
|-damage|p1a: Samurott|84/100|[from] item: Rocky Helmet|[of] p2a: Great Tusk
|
|-weather|Snowscape|[upkeep]
|upkeep
|turn|3
|
|t:|1779703450
|switch|p1a: Pawmot|Pawmot, F|100/100
|-damage|p1a: Pawmot|94/100|[from] Stealth Rock
|move|p2a: Great Tusk|Rapid Spin|p1a: Pawmot
|-damage|p1a: Pawmot|66/100
|-boost|p2a: Great Tusk|spe|1
|-sideend|p2: YaGirlJuniper|Spikes|[from] move: Rapid Spin|[of] p2a: Great Tusk
|-enditem|p1a: Pawmot|Mirror Herb
|-boost|p1a: Pawmot|spe|1|[from] item: Mirror Herb
|
|-weather|Snowscape|[upkeep]
|upkeep
|turn|4
|
|t:|1779703462
|move|p1a: Pawmot|Ice Punch|p2a: Great Tusk
|-supereffective|p2a: Great Tusk
|-damage|p2a: Great Tusk|0 fnt
|-damage|p1a: Pawmot|49/100|[from] item: Rocky Helmet|[of] p2a: Great Tusk
|faint|p2a: Great Tusk
|-end|p2a: Great Tusk|Protosynthesis|[silent]
|
|-weather|Snowscape|[upkeep]
|upkeep
|
|t:|1779703473
|switch|p2a: Hatterene|Hatterene, F|100/100
|turn|5
|
|t:|1779703479
|-terastallize|p1a: Pawmot|Electric
|move|p1a: Pawmot|Double Shock|p2a: Hatterene
|-damage|p2a: Hatterene|32/100
|-start|p1a: Pawmot|typechange|Electric|[from] move: Double Shock
|-damage|p1a: Pawmot|33/100|[from] item: Rocky Helmet|[of] p2a: Hatterene
|move|p2a: Hatterene|Draining Kiss|p1a: Pawmot
|-damage|p1a: Pawmot|0 fnt
|-heal|p2a: Hatterene|53/100|[from] drain|[of] p1a: Pawmot
|faint|p1a: Pawmot
|
|-weather|none
|upkeep
|
|t:|1779703505
|switch|p1a: Gholdengo|Gholdengo|100/100
|-damage|p1a: Gholdengo|94/100|[from] Stealth Rock
|-item|p1a: Gholdengo|Air Balloon
|turn|6
|
|t:|1779703517
|switch|p1a: Tauros|Tauros-Paldea-Blaze, M|100/100
|-damage|p1a: Tauros|88/100|[from] Stealth Rock
|switch|p2a: Slowking|Slowking-Galar, F|39/100
|
|-heal|p2a: Slowking|45/100|[from] item: Black Sludge
|upkeep
|turn|7
|
|t:|1779703531
|move|p1a: Tauros|Flame Charge|p2a: Slowking
|-damage|p2a: Slowking|27/100
|-boost|p1a: Tauros|spe|1
|move|p2a: Slowking|Future Sight|p1a: Tauros
|-start|p2a: Slowking|move: Future Sight
|
|-heal|p2a: Slowking|34/100|[from] item: Black Sludge
|upkeep
|turn|8
|
|t:|1779703547
|move|p1a: Tauros|Flare Blitz|p2a: Slowking
|-damage|p2a: Slowking|0 fnt
|faint|p2a: Slowking
|-damage|p1a: Tauros|73/100|[from] Recoil
|
|upkeep
|
|t:|1779703556
|switch|p2a: Tornadus|Tornadus-Therian, M|100/100
|turn|9
|
|t:|1779703562
|move|p1a: Tauros|Flare Blitz|p2a: Tornadus
|-damage|p2a: Tornadus|32/100
|-damage|p1a: Tauros|47/100|[from] Recoil
|-enditem|p1a: Tauros|Sitrus Berry|[eat]
|-heal|p1a: Tauros|71/100|[from] item: Sitrus Berry
|move|p2a: Tornadus|Bleakwind Storm|p1a: Tauros
|-supereffective|p1a: Tauros
|-damage|p1a: Tauros|0 fnt
|faint|p1a: Tauros
|
|-hint|Future Sight did not hit because the target is fainted.
|upkeep
|
|t:|1779703581
|switch|p1a: Gholdengo|Gholdengo|94/100
|-damage|p1a: Gholdengo|88/100|[from] Stealth Rock
|-item|p1a: Gholdengo|Air Balloon
|turn|10
|
|t:|1779703595
|move|p2a: Tornadus|Knock Off|p1a: Gholdengo
|-supereffective|p1a: Gholdengo
|-damage|p1a: Gholdengo|42/100
|-enditem|p1a: Gholdengo|Air Balloon
|move|p1a: Gholdengo|Make It Rain|p2a: Tornadus
|-damage|p2a: Tornadus|0 fnt
|-unboost|p1a: Gholdengo|spa|1
|faint|p2a: Tornadus
|
|upkeep
|
|t:|1779703609
|switch|p2a: Kyurem|Kyurem|100/100
|-ability|p2a: Kyurem|Pressure
|turn|11
|
|t:|1779703623
|move|p2a: Kyurem|Freeze-Dry|p1a: Gholdengo
|-resisted|p1a: Gholdengo
|-damage|p1a: Gholdengo|7/100
|move|p1a: Gholdengo|Make It Rain|p2a: Kyurem
|-supereffective|p2a: Kyurem
|-damage|p2a: Kyurem|22/100
|-unboost|p1a: Gholdengo|spa|1
|
|upkeep
|turn|12
|
|t:|1779703633
|move|p2a: Kyurem|Freeze-Dry|p1a: Gholdengo
|-resisted|p1a: Gholdengo
|-damage|p1a: Gholdengo|0 fnt
|faint|p1a: Gholdengo
|
|upkeep
|
|t:|1779703641
|switch|p1a: Ditto|Ditto|100/100
|-damage|p1a: Ditto|88/100|[from] Stealth Rock
|-transform|p1a: Ditto|p2a: Kyurem|[from] ability: Imposter
|-ability|p1a: Ditto|Pressure
|turn|13
|-activate|p1a: Ditto|item: Quick Claw
|
|t:|1779703651
|move|p1a: Ditto|Ice Beam|p2a: Kyurem
|-damage|p2a: Kyurem|0 fnt
|faint|p2a: Kyurem
|
|upkeep
|
|t:|1779703658
|switch|p2a: Hatterene|Hatterene, F|53/100
|turn|14
|
|t:|1779703674
|switch|p1a: Mudsdale|Mudsdale, M|100/100
|-damage|p1a: Mudsdale|94/100|[from] Stealth Rock
|move|p2a: Hatterene|Draining Kiss|p1a: Mudsdale
|-damage|p1a: Mudsdale|73/100
|-heal|p2a: Hatterene|74/100|[from] drain|[of] p1a: Mudsdale
|-ability|p1a: Mudsdale|Stamina|boost
|-boost|p1a: Mudsdale|def|1
|
|-heal|p1a: Mudsdale|79/100|[from] item: Leftovers
|upkeep
|turn|15
|l|☆naraz
|inactive|naraz disconnected and has a minute to reconnect!
|player|p1|
|
|t:|1779703701
|move|p2a: Hatterene|Draining Kiss|p1a: Mudsdale
|-damage|p1a: Mudsdale|58/100
|-heal|p2a: Hatterene|94/100|[from] drain|[of] p1a: Mudsdale
|-ability|p1a: Mudsdale|Stamina|boost
|-boost|p1a: Mudsdale|def|1
|move|p1a: Mudsdale|Earthquake|p2a: Hatterene
|-damage|p2a: Hatterene|58/100
|
|-heal|p1a: Mudsdale|64/100|[from] item: Leftovers
|upkeep
|turn|16
|inactive|naraz has 30 seconds to reconnect!
|inactive|naraz has 20 seconds to reconnect!
|inactive|naraz has 15 seconds to reconnect!
|inactive|naraz has 10 seconds to reconnect!
|inactive|naraz has 5 seconds to reconnect!
|-message|naraz lost due to inactivity.
|
|win|YaGirlJuniper
|raw|naraz's rating: 1190 &rarr; <strong>1159</strong><br />(-31 for losing)
|raw|YaGirlJuniper's rating: 1108 &rarr; <strong>1139</strong><br />(+31 for winning)
|l|☆YaGirlJuniper
|player|p2|
|j|☆naraz
|player|p1|naraz|1|
|l|☆naraz
|player|p1|
|j|☆naraz
|player|p1|naraz|1|
|l|☆naraz
|player|p1|
|j|☆naraz
|player|p1|naraz|1|
|l|☆naraz
|player|p1|
