|j|☆frin2607
|j|☆dw junkie
|t:|1779626808
|gametype|singles
|player|p1|frin2607|265|1248
|player|p2|dw junkie|169|1262
|gen|9
|tier|[Gen 9] OU
|rated|
|rule|HP Percentage Mod: HP is shown in percentages
|rule|Endless Battle Clause: Forcing endless battles is banned
|rule|Species Clause: Limit one of each Pokémon
|rule|OHKO Clause: OHKO moves are banned
|rule|Evasion Items Clause: Evasion items are banned
|rule|Evasion Moves Clause: Evasion moves are banned
|rule|Evasion Abilities Clause: Evasion abilities are banned
|rule|Sleep Moves Clause: Sleep-inducing moves are banned
|clearpoke
|poke|p1|Ursaluna, F|
|poke|p1|Hatterene, F|
|poke|p1|Iron Hands|
|poke|p1|Hoopa-Unbound|
|poke|p1|Indeedee, M|
|poke|p1|Volcanion|
|poke|p2|Meowscarada, F|
|poke|p2|Samurott-Hisui, M|
|poke|p2|Blaziken, M|
|poke|p2|Rillaboom, M|
|poke|p2|Infernape, M|
|poke|p2|Blastoise, F|
|teampreview
|inactive|Battle timer is ON: inactive players will automatically lose when time's up. (requested by dw junkie)
|
|t:|1779626835
|teamsize|p1|6
|teamsize|p2|6
|start
|switch|p1a: Hoopa|Hoopa-Unbound|100/100
|switch|p2a: Meowscarada|Meowscarada, F|100/100
|turn|1
|
|t:|1779626847
|switch|p1a: Hatterene|Hatterene, F|100/100
|move|p2a: Meowscarada|U-turn|p1a: Hatterene
|-start|p2a: Meowscarada|typechange|Bug|[from] ability: Protean
|-damage|p1a: Hatterene|48/100
|
|t:|1779626858
|switch|p2a: Rillaboom|Rillaboom, M|100/100|[from] U-turn
|-fieldstart|move: Grassy Terrain|[from] ability: Grassy Surge|[of] p2a: Rillaboom
|
|-heal|p1a: Hatterene|54/100|[from] Grassy Terrain
|upkeep
|turn|2
|
|t:|1779626868
|move|p2a: Rillaboom|Wood Hammer|p1a: Hatterene
|-damage|p1a: Hatterene|0 fnt
|faint|p1a: Hatterene
|-damage|p2a: Rillaboom|87/100|[from] Recoil
|
|-heal|p2a: Rillaboom|93/100|[from] Grassy Terrain
|-heal|p2a: Rillaboom|99/100|[from] item: Leftovers
|upkeep
|
|t:|1779626873
|switch|p1a: Indeedee|Indeedee, M|100/100
|-fieldstart|move: Psychic Terrain|[from] ability: Psychic Surge|[of] p1a: Indeedee
|turn|3
|
|t:|1779626881
|move|p2a: Rillaboom|U-turn|p1a: Indeedee
|-supereffective|p1a: Indeedee
|-damage|p1a: Indeedee|40/100
|
|t:|1779626884
|switch|p2a: Samurott|Samurott-Hisui, M|100/100|[from] U-turn
|move|p1a: Indeedee|Trick Room|p1a: Indeedee
|-fieldstart|move: Trick Room|[of] p1a: Indeedee
|
|upkeep
|turn|4
|
|t:|1779626894
|switch|p1a: Iron Hands|Iron Hands|100/100
|-enditem|p1a: Iron Hands|Booster Energy
|-activate|p1a: Iron Hands|ability: Quark Drive|[fromitem]
|-start|p1a: Iron Hands|quarkdriveatk
|move|p2a: Samurott|Ceaseless Edge|p1a: Iron Hands
|-resisted|p1a: Iron Hands
|-damage|p1a: Iron Hands|88/100
|-sidestart|p1: frin2607|Spikes
|
|upkeep
|turn|5
|
|t:|1779626917
|switch|p2a: Rillaboom|Rillaboom, M|99/100
|-fieldstart|move: Grassy Terrain|[from] ability: Grassy Surge|[of] p2a: Rillaboom
|move|p1a: Iron Hands|Drain Punch|p2a: Rillaboom
|-damage|p2a: Rillaboom|49/100
|-heal|p1a: Iron Hands|100/100|[from] drain|[of] p2a: Rillaboom
|
|-heal|p2a: Rillaboom|55/100|[from] Grassy Terrain
|-heal|p2a: Rillaboom|61/100|[from] item: Leftovers
|upkeep
|turn|6
|
|t:|1779626929
|move|p2a: Rillaboom|Grassy Glide|p1a: Iron Hands
|-damage|p1a: Iron Hands|74/100
|move|p1a: Iron Hands|Ice Punch|p2a: Rillaboom
|-supereffective|p2a: Rillaboom
|-damage|p2a: Rillaboom|0 fnt
|faint|p2a: Rillaboom
|
|-heal|p1a: Iron Hands|80/100|[from] Grassy Terrain
|upkeep
|inactive|dw junkie has 120 seconds left.
|
|t:|1779626946
|switch|p2a: Blaziken|Blaziken, M|100/100
|-enditem|p2a: Blaziken|Grassy Seed
|-boost|p2a: Blaziken|def|1|[from] item: Grassy Seed
|turn|7
|inactive|frin2607 has 120 seconds left.
|
|t:|1779626991
|move|p1a: Iron Hands|Wild Charge|p2a: Blaziken
|-damage|p2a: Blaziken|32/100
|-damage|p1a: Iron Hands|70/100|[from] Recoil
|move|p2a: Blaziken|Swords Dance|p2a: Blaziken
|-boost|p2a: Blaziken|atk|2
|
|-heal|p1a: Iron Hands|76/100|[from] Grassy Terrain
|-heal|p2a: Blaziken|38/100|[from] Grassy Terrain
|-fieldend|move: Trick Room
|-ability|p2a: Blaziken|Speed Boost|boost
|-boost|p2a: Blaziken|spe|1
|upkeep
|turn|8
|inactive|frin2607 has 90 seconds left.
|
|t:|1779627025
|-terastallize|p1a: Iron Hands|Flying
|move|p2a: Blaziken|Acrobatics|p1a: Iron Hands
|-damage|p1a: Iron Hands|29/100
|move|p1a: Iron Hands|Drain Punch|p2a: Blaziken
|-damage|p2a: Blaziken|0 fnt
|-heal|p1a: Iron Hands|41/100|[from] drain|[of] p2a: Blaziken
|faint|p2a: Blaziken
|
|upkeep
|inactive|dw junkie has 120 seconds left.
|
|t:|1779627039
|switch|p2a: Infernape|Infernape, M|100/100
|turn|9
|
|t:|1779627045
|-end|p1a: Iron Hands|Quark Drive|[silent]
|switch|p1a: Volcanion|Volcanion|100/100
|-damage|p1a: Volcanion|88/100|[from] Spikes
|move|p2a: Infernape|Stone Edge|p1a: Volcanion|[miss]
|-miss|p2a: Infernape|p1a: Volcanion
|
|-heal|p1a: Volcanion|94/100|[from] Grassy Terrain
|-fieldend|move: Grassy Terrain
|upkeep
|turn|10
|inactive|dw junkie has 120 seconds left.
|inactive|frin2607 has 90 seconds left.
|
|t:|1779627089
|move|p2a: Infernape|Thunder Punch|p1a: Volcanion
|-supereffective|p1a: Volcanion
|-damage|p1a: Volcanion|36/100
|-damage|p2a: Infernape|91/100|[from] item: Life Orb
|move|p1a: Volcanion|Earth Power|p2a: Infernape
|-supereffective|p2a: Infernape
|-damage|p2a: Infernape|0 fnt
|faint|p2a: Infernape
|
|upkeep
|inactive|dw junkie has 120 seconds left.
|
|t:|1779627100
|switch|p2a: Meowscarada|Meowscarada, F|100/100
|turn|11
|inactive|dw junkie has 120 seconds left.
|
|t:|1779627118
|switch|p1a: Iron Hands|Iron Hands, tera:Flying|41/100
|move|p2a: Meowscarada|Knock Off|p1a: Iron Hands
|-start|p2a: Meowscarada|typechange|Dark|[from] ability: Protean
|-damage|p1a: Iron Hands|13/100
|
|upkeep
|turn|12
|inactive|dw junkie has 120 seconds left.
|
|t:|1779627134
|move|p2a: Meowscarada|Knock Off|p1a: Iron Hands
|-damage|p1a: Iron Hands|0 fnt
|faint|p1a: Iron Hands
|-end|p1a: Iron Hands|Quark Drive|[silent]
|
|upkeep
|
|t:|1779627143
|switch|p1a: Ursaluna|Ursaluna, F|100/100
|-damage|p1a: Ursaluna|88/100|[from] Spikes
|turn|13
|inactive|frin2607 has 90 seconds left.
|
|t:|1779627149
|move|p1a: Ursaluna|Protect|p1a: Ursaluna
|-singleturn|p1a: Ursaluna|Protect
|move|p2a: Meowscarada|Knock Off|p1a: Ursaluna
|-activate|p1a: Ursaluna|move: Protect
|
|-status|p1a: Ursaluna|brn|[from] item: Flame Orb
|upkeep
|turn|14
|inactive|frin2607 has 90 seconds left.
|
|t:|1779627179
|move|p2a: Meowscarada|Knock Off|p1a: Ursaluna
|-damage|p1a: Ursaluna|38/100 brn
|-enditem|p1a: Ursaluna|Flame Orb|[from] move: Knock Off|[of] p2a: Meowscarada
|move|p1a: Ursaluna|Facade|p2a: Meowscarada
|-crit|p2a: Meowscarada
|-damage|p2a: Meowscarada|0 fnt
|faint|p2a: Meowscarada
|
|-damage|p1a: Ursaluna|32/100 brn|[from] brn
|upkeep
|
|t:|1779627189
|switch|p2a: Samurott|Samurott-Hisui, M|100/100
|turn|15
|
|t:|1779627194
|switch|p1a: Volcanion|Volcanion|36/100
|-damage|p1a: Volcanion|24/100|[from] Spikes
|move|p2a: Samurott|Razor Shell|p1a: Volcanion
|-heal|p1a: Volcanion|48/100|[from] ability: Water Absorb|[of] p2a: Samurott
|
|upkeep
|turn|16
|inactive|frin2607 has 90 seconds left.
|
|t:|1779627221
|move|p2a: Samurott|Ceaseless Edge|p1a: Volcanion
|-damage|p1a: Volcanion|10/100
|-sidestart|p1: frin2607|Spikes
|move|p1a: Volcanion|Sludge Bomb|p2a: Samurott
|-damage|p2a: Samurott|46/100
|-status|p2a: Samurott|psn
|
|-damage|p2a: Samurott|34/100 psn|[from] psn
|upkeep
|turn|17
|
|t:|1779627232
|switch|p1a: Hoopa|Hoopa-Unbound|100/100
|-damage|p1a: Hoopa|84/100|[from] Spikes
|move|p2a: Samurott|Ceaseless Edge|p1a: Hoopa
|-damage|p1a: Hoopa|33/100
|-sidestart|p1: frin2607|Spikes
|
|-damage|p2a: Samurott|21/100 psn|[from] psn
|upkeep
|turn|18
|
|t:|1779627245
|move|p2a: Samurott|Flip Turn|p1a: Hoopa
|-damage|p1a: Hoopa|2/100
|
|t:|1779627248
|switch|p2a: Blastoise|Blastoise, F|100/100|[from] Flip Turn
|move|p1a: Hoopa|Trick Room|p1a: Hoopa
|-fieldstart|move: Trick Room|[of] p1a: Hoopa
|
|upkeep
|turn|19
|inactive|frin2607 has 90 seconds left.
|
|t:|1779627260
|move|p1a: Hoopa|Hyperspace Fury|p2a: Blastoise
|-crit|p2a: Blastoise
|-damage|p2a: Blastoise|32/100
|-unboost|p1a: Hoopa|def|1
|-enditem|p1a: Hoopa|Eject Pack
|
|t:|1779627263
|switch|p1a: Volcanion|Volcanion|10/100
|-damage|p1a: Volcanion|0 fnt|[from] Spikes
|faint|p1a: Volcanion
|move|p2a: Blastoise|Chilling Water|p1: Volcanion|[notarget]
|-fail|p2a: Blastoise
|
|-heal|p2a: Blastoise|38/100|[from] item: Leftovers
|upkeep
|
|t:|1779627268
|switch|p1a: Indeedee|Indeedee, M|40/100
|-damage|p1a: Indeedee|15/100|[from] Spikes
|-fieldstart|move: Psychic Terrain|[from] ability: Psychic Surge|[of] p1a: Indeedee
|turn|20
|
|t:|1779627280
|move|p2a: Blastoise|Protect|p2a: Blastoise
|-singleturn|p2a: Blastoise|Protect
|move|p1a: Indeedee|Expanding Force|p2a: Blastoise
|-activate|p2a: Blastoise|move: Protect
|
|-heal|p2a: Blastoise|44/100|[from] item: Leftovers
|upkeep
|turn|21
|
|t:|1779627306
|move|p2a: Blastoise|Chilling Water|p1a: Indeedee
|-damage|p1a: Indeedee|0 fnt
|faint|p1a: Indeedee
|
|-heal|p2a: Blastoise|50/100|[from] item: Leftovers
|upkeep
|
|t:|1779627309
|switch|p1a: Hoopa|Hoopa-Unbound|2/100
|-damage|p1a: Hoopa|0 fnt|[from] Spikes
|faint|p1a: Hoopa
|
|t:|1779627311
|switch|p1a: Ursaluna|Ursaluna, F|32/100 brn
|-damage|p1a: Ursaluna|7/100 brn|[from] Spikes
|turn|22
|-message|frin2607 forfeited.
|
|win|dw junkie
|raw|frin2607's rating: 1248 &rarr; <strong>1224</strong><br />(-24 for losing)
|raw|dw junkie's rating: 1262 &rarr; <strong>1286</strong><br />(+24 for winning)
|l|☆frin2607
|player|p1|
|l|☆dw junkie
|player|p2|
