|j|☆Param710
|j|☆8uh8huu8huhuh
|t:|1779640995
|gametype|singles
|player|p1|Param710|red|1214
|player|p2|8uh8huu8huhuh|169|1213
|gen|9
|tier|[Gen 9] OU
|rated|
|rule|HP Percentage Mod: HP is shown in percentages
|rule|Endless Battle Clause: Forcing endless battles is banned
|rule|Species Clause: Limit one of each Pokémon
|rule|OHKO Clause: OHKO moves are banned
|rule|Evasion Items Clause: Evasion items are banned
|rule|Evasion Moves Clause: Evasion moves are banned
|rule|Evasion Abilities Clause: Evasion abilities are banned
|rule|Sleep Moves Clause: Sleep-inducing moves are banned
|clearpoke
|poke|p1|Ceruledge, F|
|poke|p1|Walking Wake|
|poke|p1|Iron Valiant|
|poke|p1|Hawlucha, F|
|poke|p1|Grafaiai, F|
|poke|p1|Rillaboom, M|
|poke|p2|Greninja-*, M|
|poke|p2|Iron Hands|
|poke|p2|Wo-Chien|
|poke|p2|Gyarados, M|
|poke|p2|Serperior, M|
|poke|p2|Great Tusk|
|teampreview
|
|t:|1779641015
|teamsize|p1|6
|teamsize|p2|6
|start
|switch|p1a: Grafaiai|Grafaiai, F|100/100
|switch|p2a: Wo-Chien|Wo-Chien|100/100
|-ability|p2a: Wo-Chien|Tablets of Ruin
|turn|1
|
|t:|1779641026
|-terastallize|p2a: Wo-Chien|Poison
|move|p1a: Grafaiai|Knock Off|p2a: Wo-Chien
|-damage|p2a: Wo-Chien|86/100
|-enditem|p2a: Wo-Chien|Leftovers|[from] move: Knock Off|[of] p1a: Grafaiai
|move|p2a: Wo-Chien|Substitute|p2a: Wo-Chien
|-start|p2a: Wo-Chien|Substitute
|-damage|p2a: Wo-Chien|61/100
|
|upkeep
|turn|2
|
|t:|1779641041
|switch|p1a: Walking Wake|Walking Wake|100/100
|move|p2a: Wo-Chien|Leech Seed|p1a: Walking Wake
|-start|p1a: Walking Wake|move: Leech Seed
|
|-damage|p1a: Walking Wake|88/100|[from] Leech Seed|[of] p2a: Wo-Chien
|-heal|p2a: Wo-Chien|72/100|[silent]
|upkeep
|turn|3
|
|t:|1779641050
|move|p1a: Walking Wake|Sunny Day|p1a: Walking Wake
|-weather|SunnyDay
|-activate|p1a: Walking Wake|ability: Protosynthesis
|-start|p1a: Walking Wake|protosynthesisspa
|move|p2a: Wo-Chien|Giga Drain|p1a: Walking Wake
|-damage|p1a: Walking Wake|61/100
|-heal|p2a: Wo-Chien|85/100|[from] drain|[of] p1a: Walking Wake
|
|-weather|SunnyDay|[upkeep]
|-heal|p1a: Walking Wake|68/100|[from] item: Leftovers
|-damage|p1a: Walking Wake|55/100|[from] Leech Seed|[of] p2a: Wo-Chien
|-heal|p2a: Wo-Chien|96/100|[silent]
|upkeep
|turn|4
|
|t:|1779641066
|move|p1a: Walking Wake|Hydro Steam|p2a: Wo-Chien
|-end|p2a: Wo-Chien|Substitute
|move|p2a: Wo-Chien|Substitute|p2a: Wo-Chien
|-start|p2a: Wo-Chien|Substitute
|-damage|p2a: Wo-Chien|71/100
|
|-weather|SunnyDay|[upkeep]
|-heal|p1a: Walking Wake|61/100|[from] item: Leftovers
|-damage|p1a: Walking Wake|49/100|[from] Leech Seed|[of] p2a: Wo-Chien
|-heal|p2a: Wo-Chien|82/100|[silent]
|upkeep
|turn|5
|
|t:|1779641078
|move|p1a: Walking Wake|Hydro Steam|p2a: Wo-Chien
|-end|p2a: Wo-Chien|Substitute
|move|p2a: Wo-Chien|Giga Drain|p1a: Walking Wake
|-damage|p1a: Walking Wake|20/100
|-heal|p2a: Wo-Chien|96/100|[from] drain|[of] p1a: Walking Wake
|
|-weather|SunnyDay|[upkeep]
|-heal|p1a: Walking Wake|26/100|[from] item: Leftovers
|-damage|p1a: Walking Wake|13/100|[from] Leech Seed|[of] p2a: Wo-Chien
|-heal|p2a: Wo-Chien|100/100|[silent]
|upkeep
|turn|6
|
|t:|1779641095
|move|p1a: Walking Wake|Hydro Steam|p2a: Wo-Chien
|-damage|p2a: Wo-Chien|44/100
|move|p2a: Wo-Chien|Substitute|p2a: Wo-Chien
|-start|p2a: Wo-Chien|Substitute
|-damage|p2a: Wo-Chien|19/100
|
|-weather|SunnyDay|[upkeep]
|-heal|p1a: Walking Wake|20/100|[from] item: Leftovers
|-damage|p1a: Walking Wake|7/100|[from] Leech Seed|[of] p2a: Wo-Chien
|-heal|p2a: Wo-Chien|30/100|[silent]
|upkeep
|turn|7
|
|t:|1779641106
|move|p1a: Walking Wake|Hydro Steam|p2a: Wo-Chien
|-end|p2a: Wo-Chien|Substitute
|move|p2a: Wo-Chien|Giga Drain|p1a: Walking Wake
|-damage|p1a: Walking Wake|0 fnt
|-heal|p2a: Wo-Chien|34/100|[from] drain|[of] p1a: Walking Wake
|faint|p1a: Walking Wake
|-end|p1a: Walking Wake|Protosynthesis|[silent]
|
|-weather|none
|upkeep
|
|t:|1779641123
|switch|p1a: Iron Valiant|Iron Valiant, shiny|100/100
|turn|8
|
|t:|1779641130
|move|p1a: Iron Valiant|Psycho Cut|p2a: Wo-Chien
|-supereffective|p2a: Wo-Chien
|-damage|p2a: Wo-Chien|0 fnt
|faint|p2a: Wo-Chien
|-damage|p1a: Iron Valiant|90/100|[from] item: Life Orb
|
|upkeep
|
|t:|1779641150
|switch|p2a: Iron Hands|Iron Hands|100/100
|-enditem|p2a: Iron Hands|Booster Energy
|-activate|p2a: Iron Hands|ability: Quark Drive|[fromitem]
|-start|p2a: Iron Hands|quarkdriveatk
|turn|9
|
|t:|1779641164
|move|p1a: Iron Valiant|Spirit Break|p2a: Iron Hands
|-supereffective|p2a: Iron Hands
|-damage|p2a: Iron Hands|27/100
|-unboost|p2a: Iron Hands|spa|1
|-damage|p1a: Iron Valiant|80/100|[from] item: Life Orb
|move|p2a: Iron Hands|Iron Head|p1a: Iron Valiant
|-supereffective|p1a: Iron Valiant
|-damage|p1a: Iron Valiant|0 fnt
|faint|p1a: Iron Valiant
|-end|p1a: Iron Valiant|Quark Drive|[silent]
|
|upkeep
|
|t:|1779641182
|switch|p1a: Rillaboom|Rillaboom, M|100/100
|-fieldstart|move: Grassy Terrain|[from] ability: Grassy Surge|[of] p1a: Rillaboom
|turn|10
|
|t:|1779641194
|move|p1a: Rillaboom|Grassy Glide|p2a: Iron Hands
|-crit|p2a: Iron Hands
|-damage|p2a: Iron Hands|0 fnt
|faint|p2a: Iron Hands
|-end|p2a: Iron Hands|Quark Drive|[silent]
|
|upkeep
|
|t:|1779641213
|switch|p2a: Serperior|Serperior, M|100/100
|turn|11
|
|t:|1779641218
|switch|p1a: Hawlucha|Hawlucha, F|100/100
|move|p2a: Serperior|Substitute|p2a: Serperior
|-start|p2a: Serperior|Substitute
|-damage|p2a: Serperior|76/100
|
|-heal|p2a: Serperior|82/100|[from] Grassy Terrain
|-heal|p2a: Serperior|88/100|[from] item: Leftovers
|upkeep
|turn|12
|
|t:|1779641229
|move|p2a: Serperior|Leaf Storm|p1a: Hawlucha|[miss]
|-miss|p2a: Serperior|p1a: Hawlucha
|move|p1a: Hawlucha|Acrobatics|p2a: Serperior
|-supereffective|p2a: Serperior
|-end|p2a: Serperior|Substitute
|
|-heal|p2a: Serperior|94/100|[from] Grassy Terrain
|-heal|p2a: Serperior|100/100|[from] item: Leftovers
|upkeep
|turn|13
|
|t:|1779641244
|move|p2a: Serperior|Leech Seed|p1a: Hawlucha
|-start|p1a: Hawlucha|move: Leech Seed
|move|p1a: Hawlucha|Swords Dance|p1a: Hawlucha
|-boost|p1a: Hawlucha|atk|2
|
|-damage|p1a: Hawlucha|88/100|[from] Leech Seed|[of] p2a: Serperior
|upkeep
|turn|14
|
|t:|1779641252
|move|p2a: Serperior|Substitute|p2a: Serperior
|-start|p2a: Serperior|Substitute
|-damage|p2a: Serperior|76/100
|move|p1a: Hawlucha|Acrobatics|p2a: Serperior
|-supereffective|p2a: Serperior
|-end|p2a: Serperior|Substitute
|
|-heal|p2a: Serperior|82/100|[from] Grassy Terrain
|-heal|p2a: Serperior|88/100|[from] item: Leftovers
|-damage|p1a: Hawlucha|76/100|[from] Leech Seed|[of] p2a: Serperior
|-heal|p2a: Serperior|100/100|[silent]
|-fieldend|move: Grassy Terrain
|upkeep
|turn|15
|
|t:|1779641263
|move|p2a: Serperior|Substitute|p2a: Serperior
|-start|p2a: Serperior|Substitute
|-damage|p2a: Serperior|76/100
|move|p1a: Hawlucha|Acrobatics|p2a: Serperior
|-supereffective|p2a: Serperior
|-end|p2a: Serperior|Substitute
|
|-heal|p2a: Serperior|82/100|[from] item: Leftovers
|-damage|p1a: Hawlucha|64/100|[from] Leech Seed|[of] p2a: Serperior
|-heal|p2a: Serperior|95/100|[silent]
|upkeep
|turn|16
|
|t:|1779641274
|move|p2a: Serperior|Substitute|p2a: Serperior
|-start|p2a: Serperior|Substitute
|-damage|p2a: Serperior|71/100
|move|p1a: Hawlucha|Acrobatics|p2a: Serperior
|-supereffective|p2a: Serperior
|-end|p2a: Serperior|Substitute
|
|-heal|p2a: Serperior|77/100|[from] item: Leftovers
|-damage|p1a: Hawlucha|51/100|[from] Leech Seed|[of] p2a: Serperior
|-heal|p2a: Serperior|90/100|[silent]
|upkeep
|turn|17
|
|t:|1779641285
|move|p2a: Serperior|Protect|p2a: Serperior
|-singleturn|p2a: Serperior|Protect
|move|p1a: Hawlucha|Acrobatics|p2a: Serperior
|-activate|p2a: Serperior|move: Protect
|
|-heal|p2a: Serperior|96/100|[from] item: Leftovers
|-damage|p1a: Hawlucha|39/100|[from] Leech Seed|[of] p2a: Serperior
|-heal|p2a: Serperior|100/100|[silent]
|upkeep
|-enditem|p1a: Hawlucha|Sitrus Berry|[eat]
|-heal|p1a: Hawlucha|64/100|[from] item: Sitrus Berry
|turn|18
|
|t:|1779641297
|move|p1a: Hawlucha|Acrobatics|p2a: Serperior
|-supereffective|p2a: Serperior
|-damage|p2a: Serperior|0 fnt
|faint|p2a: Serperior
|
|upkeep
|
|t:|1779641322
|switch|p2a: Greninja|Greninja, M|100/100
|turn|19
|
|t:|1779641327
|move|p1a: Hawlucha|Close Combat|p2a: Greninja
|-supereffective|p2a: Greninja
|-damage|p2a: Greninja|0 fnt
|-unboost|p1a: Hawlucha|def|1
|-unboost|p1a: Hawlucha|spd|1
|faint|p2a: Greninja
|
|upkeep
|-message|8uh8huu8huhuh forfeited.
|
|win|Param710
|raw|Param710's rating: 1214 &rarr; <strong>1239</strong><br />(+25 for winning)
|raw|8uh8huu8huhuh's rating: 1213 &rarr; <strong>1188</strong><br />(-25 for losing)
|l|☆8uh8huu8huhuh
|player|p2|
|l|☆Param710
|player|p1|
