|j|☆goodnightnite
|j|☆18e5
|t:|1779638493
|gametype|singles
|player|p1|goodnightnite|miku-water|1568
|player|p2|18e5|cynthia|1488
|gen|9
|tier|[Gen 9] OU
|rated|
|rule|HP Percentage Mod: HP is shown in percentages
|rule|Endless Battle Clause: Forcing endless battles is banned
|rule|Species Clause: Limit one of each Pokémon
|rule|OHKO Clause: OHKO moves are banned
|rule|Evasion Items Clause: Evasion items are banned
|rule|Evasion Moves Clause: Evasion moves are banned
|rule|Evasion Abilities Clause: Evasion abilities are banned
|rule|Sleep Moves Clause: Sleep-inducing moves are banned
|clearpoke
|poke|p1|Hoopa|
|poke|p1|Cinderace, M|
|poke|p1|Mandibuzz, F|
|poke|p1|Kyurem|
|poke|p1|Ting-Lu|
|poke|p1|Manaphy|
|poke|p2|Ninetales, F|
|poke|p2|Great Tusk|
|poke|p2|Walking Wake|
|poke|p2|Raging Bolt|
|poke|p2|Iron Valiant|
|poke|p2|Weezing, M|
|teampreview
|inactive|Battle timer is ON: inactive players will automatically lose when time's up. (requested by 18e5)
|inactive|goodnightnite also wants the timer to be on.
|c|☆18e5|glhf
|c|☆goodnightnite|glhf
|
|t:|1779638515
|teamsize|p1|6
|teamsize|p2|6
|start
|switch|p1a: Ting-Lucifer|Ting-Lu|100/100
|switch|p2a: Ninetales|Ninetales, F|100/100
|-weather|SunnyDay|[from] ability: Drought|[of] p2a: Ninetales
|-ability|p1a: Ting-Lucifer|Vessel of Ruin
|turn|1
|
|t:|1779638526
|switch|p2a: Weezing|Weezing, M|100/100
|move|p1a: Ting-Lucifer|Stealth Rock|p2a: Weezing
|-sidestart|p2: 18e5|move: Stealth Rock
|
|-weather|SunnyDay|[upkeep]
|upkeep
|turn|2
|
|t:|1779638536
|switch|p1a: Hoopa|Hoopa|100/100
|move|p2a: Weezing|Toxic Spikes|p1a: Hoopa
|-sidestart|p1: goodnightnite|move: Toxic Spikes
|
|-weather|SunnyDay|[upkeep]
|upkeep
|turn|3
|
|t:|1779638542
|move|p1a: Hoopa|Substitute|p1a: Hoopa
|-start|p1a: Hoopa|Substitute
|-damage|p1a: Hoopa|76/100
|move|p2a: Weezing|Toxic Spikes|p1a: Hoopa
|-sidestart|p1: goodnightnite|move: Toxic Spikes
|
|-weather|SunnyDay|[upkeep]
|upkeep
|turn|4
|
|t:|1779638547
|move|p1a: Hoopa|Calm Mind|p1a: Hoopa
|-boost|p1a: Hoopa|spa|1
|-boost|p1a: Hoopa|spd|1
|move|p2a: Weezing|Haze|p2a: Weezing
|-clearallboost
|
|-weather|SunnyDay|[upkeep]
|upkeep
|turn|5
|
|t:|1779638552
|move|p1a: Hoopa|Calm Mind|p1a: Hoopa
|-boost|p1a: Hoopa|spa|1
|-boost|p1a: Hoopa|spd|1
|move|p2a: Weezing|Thief|p1a: Hoopa
|-supereffective|p1a: Hoopa
|-end|p1a: Hoopa|Substitute
|
|-weather|SunnyDay|[upkeep]
|upkeep
|turn|6
|
|t:|1779638557
|move|p1a: Hoopa|Shadow Ball|p2a: Weezing
|-damage|p2a: Weezing|0 fnt
|faint|p2a: Weezing
|
|-weather|SunnyDay|[upkeep]
|upkeep
|
|t:|1779638570
|switch|p2a: Great Tusk|Great Tusk|100/100
|-damage|p2a: Great Tusk|98/100|[from] Stealth Rock
|-activate|p2a: Great Tusk|ability: Protosynthesis
|-start|p2a: Great Tusk|protosynthesisatk
|turn|7
|
|t:|1779638581
|switch|p1a: Mandibuzz|Mandibuzz, F, shiny|100/100
|move|p2a: Great Tusk|Knock Off|p1a: Mandibuzz
|-resisted|p1a: Mandibuzz
|-damage|p1a: Mandibuzz|88/100
|-damage|p2a: Great Tusk|81/100|[from] item: Rocky Helmet|[of] p1a: Mandibuzz
|-enditem|p1a: Mandibuzz|Rocky Helmet|[from] move: Knock Off|[of] p2a: Great Tusk
|
|-weather|SunnyDay|[upkeep]
|-heal|p2a: Great Tusk|87/100|[from] item: Leftovers
|upkeep
|turn|8
|
|t:|1779638587
|move|p2a: Great Tusk|Ice Spinner|p1a: Mandibuzz
|-supereffective|p1a: Mandibuzz
|-damage|p1a: Mandibuzz|49/100
|move|p1a: Mandibuzz|Toxic|p2a: Great Tusk
|-status|p2a: Great Tusk|tox
|
|-weather|none
|-end|p2a: Great Tusk|Protosynthesis
|-heal|p2a: Great Tusk|93/100 tox|[from] item: Leftovers
|-damage|p2a: Great Tusk|87/100 tox|[from] psn
|upkeep
|turn|9
|
|t:|1779638593
|-end|p2a: Great Tusk|Protosynthesis|[silent]
|switch|p2a: Ninetales|Ninetales, F|100/100
|-damage|p2a: Ninetales|76/100|[from] Stealth Rock
|-weather|SunnyDay|[from] ability: Drought|[of] p2a: Ninetales
|move|p1a: Mandibuzz|Roost|p1a: Mandibuzz
|-heal|p1a: Mandibuzz|99/100
|-singleturn|p1a: Mandibuzz|move: Roost
|
|-weather|SunnyDay|[upkeep]
|upkeep
|turn|10
|
|t:|1779638598
|switch|p1a: Cinderace|Cinderace, M|100/100
|-status|p1a: Cinderace|tox
|move|p2a: Ninetales|Encore||[still]
|-fail|p2a: Ninetales
|
|-weather|SunnyDay|[upkeep]
|-damage|p1a: Cinderace|95/100 tox|[from] psn
|upkeep
|turn|11
|
|t:|1779638605
|switch|p2a: Great Tusk|Great Tusk|87/100 tox
|-damage|p2a: Great Tusk|84/100 tox|[from] Stealth Rock
|-activate|p2a: Great Tusk|ability: Protosynthesis
|-start|p2a: Great Tusk|protosynthesisatk
|move|p1a: Cinderace|Court Change|p1a: Cinderace
|-start|p1a: Cinderace|typechange|Normal|[from] ability: Libero
|-swapsideconditions
|-activate|p1a: Cinderace|move: Court Change
|
|-weather|SunnyDay|[upkeep]
|-heal|p2a: Great Tusk|91/100 tox|[from] item: Leftovers
|-damage|p1a: Cinderace|83/100 tox|[from] psn
|-damage|p2a: Great Tusk|84/100 tox|[from] psn
|upkeep
|turn|12
|
|t:|1779638610
|switch|p1a: Hoopa|Hoopa|76/100
|-damage|p1a: Hoopa|63/100|[from] Stealth Rock
|move|p2a: Great Tusk|Rapid Spin|p1a: Hoopa
|-immune|p1a: Hoopa
|
|-weather|SunnyDay|[upkeep]
|-heal|p2a: Great Tusk|91/100 tox|[from] item: Leftovers
|-damage|p2a: Great Tusk|78/100 tox|[from] psn
|upkeep
|turn|13
|
|t:|1779638617
|move|p2a: Great Tusk|Headlong Rush|p1a: Hoopa
|-damage|p1a: Hoopa|0 fnt
|-unboost|p2a: Great Tusk|def|1
|-unboost|p2a: Great Tusk|spd|1
|faint|p1a: Hoopa
|
|-weather|SunnyDay|[upkeep]
|-heal|p2a: Great Tusk|84/100 tox|[from] item: Leftovers
|-damage|p2a: Great Tusk|66/100 tox|[from] psn
|upkeep
|
|t:|1779638621
|switch|p1a: Cinderace|Cinderace, M|83/100 tox
|-damage|p1a: Cinderace|58/100 tox|[from] Stealth Rock
|turn|14
|
|t:|1779638630
|move|p1a: Cinderace|Pyro Ball|p2a: Great Tusk
|-damage|p2a: Great Tusk|0 fnt
|faint|p2a: Great Tusk
|-end|p2a: Great Tusk|Protosynthesis|[silent]
|
|-weather|SunnyDay|[upkeep]
|-damage|p1a: Cinderace|52/100 tox|[from] psn
|upkeep
|
|t:|1779638634
|switch|p2a: Walking Wake|Walking Wake|100/100
|-status|p2a: Walking Wake|tox
|-activate|p2a: Walking Wake|ability: Protosynthesis
|-start|p2a: Walking Wake|protosynthesisspe
|turn|15
|
|t:|1779638653
|move|p2a: Walking Wake|Hydro Steam|p1a: Cinderace
|-supereffective|p1a: Cinderace
|-damage|p1a: Cinderace|0 fnt
|faint|p1a: Cinderace
|
|-weather|SunnyDay|[upkeep]
|-damage|p2a: Walking Wake|94/100 tox|[from] psn
|upkeep
|
|t:|1779638660
|switch|p1a: Manaphy|Manaphy|100/100
|-damage|p1a: Manaphy|88/100|[from] Stealth Rock
|turn|16
|
|t:|1779638668
|move|p2a: Walking Wake|Hydro Steam|p1a: Manaphy
|-resisted|p1a: Manaphy
|-damage|p1a: Manaphy|53/100
|move|p1a: Manaphy|Tail Glow|p1a: Manaphy
|-boost|p1a: Manaphy|spa|3
|
|-weather|none
|-end|p2a: Walking Wake|Protosynthesis
|-heal|p1a: Manaphy|59/100|[from] item: Leftovers
|-damage|p2a: Walking Wake|82/100 tox|[from] psn
|upkeep
|turn|17
|
|t:|1779638673
|-end|p2a: Walking Wake|Protosynthesis|[silent]
|switch|p2a: Ninetales|Ninetales, F|76/100
|-status|p2a: Ninetales|tox
|-weather|SunnyDay|[from] ability: Drought|[of] p2a: Ninetales
|move|p1a: Manaphy|Alluring Voice|p2a: Ninetales
|-resisted|p2a: Ninetales
|-damage|p2a: Ninetales|52/100 tox
|
|-weather|SunnyDay|[upkeep]
|-heal|p1a: Manaphy|65/100|[from] item: Leftovers
|-damage|p2a: Ninetales|46/100 tox|[from] psn
|upkeep
|turn|18
|
|t:|1779638682
|move|p2a: Ninetales|Healing Wish|p2a: Ninetales
|faint|p2a: Ninetales
|move|p1a: Manaphy|Scald|p2: Ninetales|[notarget]
|-fail|p1a: Manaphy
|
|-weather|SunnyDay|[upkeep]
|-heal|p1a: Manaphy|71/100|[from] item: Leftovers
|upkeep
|
|t:|1779638690
|switch|p2a: Walking Wake|Walking Wake|82/100 tox
|-heal|p2a: Walking Wake|100/100|[from] move: Healing Wish
|-status|p2a: Walking Wake|tox
|-activate|p2a: Walking Wake|ability: Protosynthesis
|-start|p2a: Walking Wake|protosynthesisspe
|turn|19
|
|t:|1779638705
|-terastallize|p2a: Walking Wake|Water
|move|p2a: Walking Wake|Hydro Steam|p1a: Manaphy
|-resisted|p1a: Manaphy
|-damage|p1a: Manaphy|21/100
|move|p1a: Manaphy|Alluring Voice|p2a: Walking Wake
|-damage|p2a: Walking Wake|43/100 tox
|
|-weather|SunnyDay|[upkeep]
|-heal|p1a: Manaphy|27/100|[from] item: Leftovers
|-damage|p2a: Walking Wake|37/100 tox|[from] psn
|upkeep
|turn|20
|
|t:|1779638712
|move|p2a: Walking Wake|Hydro Steam|p1a: Manaphy
|-resisted|p1a: Manaphy
|-damage|p1a: Manaphy|0 fnt
|faint|p1a: Manaphy
|
|-weather|SunnyDay|[upkeep]
|-damage|p2a: Walking Wake|24/100 tox|[from] psn
|upkeep
|
|t:|1779638718
|switch|p1a: Kyurem|Kyurem|100/100
|-damage|p1a: Kyurem|76/100|[from] Stealth Rock
|-ability|p1a: Kyurem|Pressure
|turn|21
|
|t:|1779638724
|move|p2a: Walking Wake|Hydro Steam|p1a: Kyurem
|-resisted|p1a: Kyurem
|-damage|p1a: Kyurem|17/100
|move|p1a: Kyurem|Ice Beam|p2a: Walking Wake
|-resisted|p2a: Walking Wake
|-damage|p2a: Walking Wake|0 fnt
|faint|p2a: Walking Wake
|-end|p2a: Walking Wake|Protosynthesis|[silent]
|
|-weather|SunnyDay|[upkeep]
|upkeep
|
|t:|1779638733
|switch|p2a: Iron Valiant|Iron Valiant|100/100
|-status|p2a: Iron Valiant|tox
|-enditem|p2a: Iron Valiant|Booster Energy
|-activate|p2a: Iron Valiant|ability: Quark Drive|[fromitem]
|-start|p2a: Iron Valiant|quarkdrivespe
|turn|22
|
|t:|1779638736
|move|p2a: Iron Valiant|Spirit Break|p1a: Kyurem
|-supereffective|p1a: Kyurem
|-damage|p1a: Kyurem|0 fnt
|faint|p1a: Kyurem
|
|-weather|SunnyDay|[upkeep]
|-damage|p2a: Iron Valiant|94/100 tox|[from] psn
|upkeep
|
|t:|1779638739
|switch|p1a: Mandibuzz|Mandibuzz, F, shiny|99/100
|-damage|p1a: Mandibuzz|74/100|[from] Stealth Rock
|turn|23
|
|t:|1779638744
|move|p2a: Iron Valiant|Spirit Break|p1a: Mandibuzz
|-supereffective|p1a: Mandibuzz
|-damage|p1a: Mandibuzz|30/100
|-unboost|p1a: Mandibuzz|spa|1
|move|p1a: Mandibuzz|Roost|p1a: Mandibuzz
|-heal|p1a: Mandibuzz|80/100
|-singleturn|p1a: Mandibuzz|move: Roost
|
|-weather|SunnyDay|[upkeep]
|-damage|p2a: Iron Valiant|82/100 tox|[from] psn
|upkeep
|turn|24
|
|t:|1779638750
|move|p2a: Iron Valiant|Swords Dance|p2a: Iron Valiant
|-boost|p2a: Iron Valiant|atk|2
|move|p1a: Mandibuzz|Roost|p1a: Mandibuzz
|-heal|p1a: Mandibuzz|100/100
|-singleturn|p1a: Mandibuzz|move: Roost
|
|-weather|none
|-damage|p2a: Iron Valiant|63/100 tox|[from] psn
|upkeep
|turn|25
|
|t:|1779638755
|move|p2a: Iron Valiant|Spirit Break|p1a: Mandibuzz
|-supereffective|p1a: Mandibuzz
|-damage|p1a: Mandibuzz|7/100
|-unboost|p1a: Mandibuzz|spa|1
|move|p1a: Mandibuzz|Foul Play|p2a: Iron Valiant
|-resisted|p2a: Iron Valiant
|-damage|p2a: Iron Valiant|33/100 tox
|
|-damage|p2a: Iron Valiant|8/100 tox|[from] psn
|upkeep
|turn|26
|
|t:|1779638763
|move|p2a: Iron Valiant|Spirit Break|p1a: Mandibuzz
|-supereffective|p1a: Mandibuzz
|-damage|p1a: Mandibuzz|0 fnt
|faint|p1a: Mandibuzz
|
|-damage|p2a: Iron Valiant|0 fnt|[from] psn
|faint|p2a: Iron Valiant
|-end|p2a: Iron Valiant|Quark Drive|[silent]
|upkeep
|
|t:|1779638768
|switch|p2a: Raging Bolt|Raging Bolt|100/100
|switch|p1a: Ting-Lucifer|Ting-Lu|100/100
|-status|p2a: Raging Bolt|tox
|-damage|p1a: Ting-Lucifer|94/100|[from] Stealth Rock
|-ability|p1a: Ting-Lucifer|Vessel of Ruin
|turn|27
|
|t:|1779638773
|move|p2a: Raging Bolt|Dragon Pulse|p1a: Ting-Lucifer
|-damage|p1a: Ting-Lucifer|56/100
|-damage|p2a: Raging Bolt|91/100 tox|[from] item: Life Orb
|move|p1a: Ting-Lucifer|Earthquake|p2a: Raging Bolt
|-supereffective|p2a: Raging Bolt
|-damage|p2a: Raging Bolt|4/100 tox
|
|-damage|p2a: Raging Bolt|0 fnt|[from] psn
|faint|p2a: Raging Bolt
|-end|p2a: Raging Bolt|Protosynthesis|[silent]
|
|win|goodnightnite
|raw|goodnightnite's rating: 1568 &rarr; <strong>1583</strong><br />(+15 for winning)
|raw|18e5's rating: 1488 &rarr; <strong>1473</strong><br />(-15 for losing)
|l|☆18e5
|player|p2|
|l|☆goodnightnite
|player|p1|
