|j|☆xendratesting
|j|☆ElLoga
|t:|1779656126
|gametype|singles
|player|p1|xendratesting|karen|1300
|player|p2|ElLoga|101|1297
|gen|9
|tier|[Gen 9] OU
|rated|
|rule|HP Percentage Mod: HP is shown in percentages
|rule|Endless Battle Clause: Forcing endless battles is banned
|rule|Species Clause: Limit one of each Pokémon
|rule|OHKO Clause: OHKO moves are banned
|rule|Evasion Items Clause: Evasion items are banned
|rule|Evasion Moves Clause: Evasion moves are banned
|rule|Evasion Abilities Clause: Evasion abilities are banned
|rule|Sleep Moves Clause: Sleep-inducing moves are banned
|clearpoke
|poke|p1|Farigiraf, M|
|poke|p1|Dudunsparce-*, M|
|poke|p1|Wyrdeer, F|
|poke|p1|Ursaluna, F|
|poke|p1|Ambipom, M|
|poke|p1|Granbull, M|
|poke|p2|Samurott-Hisui, M|
|poke|p2|Zapdos|
|poke|p2|Iron Treads|
|poke|p2|Ceruledge, M|
|poke|p2|Gholdengo|
|poke|p2|Kingambit, M|
|teampreview
|
|t:|1779656144
|teamsize|p1|6
|teamsize|p2|6
|start
|switch|p1a: Ambipom|Ambipom, M, shiny|100/100
|switch|p2a: Samurott|Samurott-Hisui, M|100/100
|turn|1
|
|t:|1779656155
|move|p1a: Ambipom|Fake Out|p2a: Samurott
|-enditem|p1a: Ambipom|Normal Gem|[from] gem
|-damage|p2a: Samurott|66/100
|cant|p2a: Samurott|flinch
|
|upkeep
|turn|2
|
|t:|1779656163
|move|p1a: Ambipom|Double-Edge|p2a: Samurott
|-damage|p2a: Samurott|15/100
|-damage|p1a: Ambipom|78/100|[from] Recoil
|move|p2a: Samurott|Ceaseless Edge|p1a: Ambipom
|-damage|p1a: Ambipom|5/100
|-sidestart|p1: xendratesting|Spikes
|
|upkeep
|turn|3
|
|t:|1779656172
|move|p2a: Samurott|Sucker Punch|p1a: Ambipom
|-damage|p1a: Ambipom|0 fnt
|faint|p1a: Ambipom
|
|upkeep
|
|t:|1779656178
|switch|p1a: Dudunsparce|Dudunsparce, M, shiny|100/100
|-damage|p1a: Dudunsparce|88/100|[from] Spikes
|turn|4
|
|t:|1779656187
|move|p2a: Samurott|Ceaseless Edge|p1a: Dudunsparce
|-damage|p1a: Dudunsparce|63/100
|-ability|p1a: Dudunsparce|Rattled|boost
|-boost|p1a: Dudunsparce|spe|1
|-sidestart|p1: xendratesting|Spikes
|move|p1a: Dudunsparce|Agility|p1a: Dudunsparce
|-boost|p1a: Dudunsparce|spe|2
|
|upkeep
|turn|5
|
|t:|1779656197
|move|p1a: Dudunsparce|Boomburst|p2a: Samurott
|-damage|p2a: Samurott|0 fnt
|faint|p2a: Samurott
|
|upkeep
|
|t:|1779656221
|switch|p2a: Zapdos|Zapdos|100/100
|turn|6
|
|t:|1779656234
|move|p1a: Dudunsparce|Calm Mind|p1a: Dudunsparce
|-boost|p1a: Dudunsparce|spa|1
|-boost|p1a: Dudunsparce|spd|1
|move|p2a: Zapdos|Thunder Wave|p1a: Dudunsparce|[miss]
|-miss|p2a: Zapdos|p1a: Dudunsparce
|
|upkeep
|turn|7
|
|t:|1779656242
|move|p1a: Dudunsparce|Boomburst|p2a: Zapdos
|-damage|p2a: Zapdos|38/100
|move|p2a: Zapdos|Thunder Wave|p1a: Dudunsparce
|-status|p1a: Dudunsparce|par
|
|upkeep
|turn|8
|
|t:|1779656251
|move|p2a: Zapdos|Roost|p2a: Zapdos
|-heal|p2a: Zapdos|88/100
|-singleturn|p2a: Zapdos|move: Roost
|move|p1a: Dudunsparce|Agility|p1a: Dudunsparce
|-boost|p1a: Dudunsparce|spe|2
|
|upkeep
|turn|9
|
|t:|1779656262
|cant|p1a: Dudunsparce|par
|move|p2a: Zapdos|Volt Switch|p1a: Dudunsparce
|-damage|p1a: Dudunsparce|43/100 par
|
|t:|1779656270
|switch|p2a: Kingambit|Kingambit, M|100/100|[from] Volt Switch
|-activate|p2a: Kingambit|ability: Supreme Overlord
|-start|p2a: Kingambit|fallen1|[silent]
|
|upkeep
|turn|10
|
|t:|1779656280
|move|p2a: Kingambit|Sucker Punch|p1a: Dudunsparce
|-damage|p1a: Dudunsparce|17/100 par
|-ability|p1a: Dudunsparce|Rattled|boost
|-boost|p1a: Dudunsparce|spe|1
|move|p1a: Dudunsparce|Fire Blast|p2a: Kingambit
|-supereffective|p2a: Kingambit
|-damage|p2a: Kingambit|19/100
|
|-heal|p2a: Kingambit|25/100|[from] item: Leftovers
|upkeep
|turn|11
|
|t:|1779656295
|move|p2a: Kingambit|Sucker Punch||[still]
|-fail|p2a: Kingambit
|move|p1a: Dudunsparce|Calm Mind|p1a: Dudunsparce
|-boost|p1a: Dudunsparce|spa|1
|-boost|p1a: Dudunsparce|spd|1
|
|-heal|p2a: Kingambit|31/100|[from] item: Leftovers
|upkeep
|turn|12
|
|t:|1779656303
|move|p2a: Kingambit|Sucker Punch||[still]
|-fail|p2a: Kingambit
|move|p1a: Dudunsparce|Calm Mind|p1a: Dudunsparce
|-boost|p1a: Dudunsparce|spa|1
|-boost|p1a: Dudunsparce|spd|1
|
|-heal|p2a: Kingambit|37/100|[from] item: Leftovers
|upkeep
|turn|13
|
|t:|1779656314
|move|p1a: Dudunsparce|Calm Mind|p1a: Dudunsparce
|-boost|p1a: Dudunsparce|spa|1
|-boost|p1a: Dudunsparce|spd|1
|move|p2a: Kingambit|Iron Head|p1a: Dudunsparce
|-damage|p1a: Dudunsparce|0 fnt
|faint|p1a: Dudunsparce
|
|-heal|p2a: Kingambit|44/100|[from] item: Leftovers
|upkeep
|
|t:|1779656316
|switch|p1a: Granbull|Granbull, M|100/100
|-damage|p1a: Granbull|84/100|[from] Spikes
|-ability|p1a: Granbull|Intimidate|boost
|-unboost|p2a: Kingambit|atk|1
|turn|14
|
|t:|1779656336
|-end|p2a: Kingambit|fallen1|[silent]
|switch|p2a: Gholdengo|Gholdengo|100/100
|-item|p2a: Gholdengo|Air Balloon
|move|p1a: Granbull|Earthquake|p2a: Gholdengo
|-immune|p2a: Gholdengo
|
|-heal|p1a: Granbull|90/100|[from] item: Leftovers
|upkeep
|turn|15
|inactive|Battle timer is ON: inactive players will automatically lose when time's up. (requested by ElLoga)
|
|t:|1779656374
|move|p2a: Gholdengo|Thunder Wave|p1a: Granbull
|-status|p1a: Granbull|par
|move|p1a: Granbull|Thunder Punch|p2a: Gholdengo
|-damage|p2a: Gholdengo|86/100
|-status|p2a: Gholdengo|par
|-enditem|p2a: Gholdengo|Air Balloon
|
|-heal|p1a: Granbull|96/100 par|[from] item: Leftovers
|upkeep
|turn|16
|c|☆xendratesting|Iktr
|
|t:|1779656391
|switch|p2a: Zapdos|Zapdos|88/100
|switch|p1a: Farigiraf|Farigiraf, M, shiny|100/100
|-damage|p1a: Farigiraf|84/100|[from] Spikes
|
|upkeep
|turn|17
|inactive|xendratesting has 120 seconds left.
|inactive|ElLoga has 120 seconds left.
|
|t:|1779656438
|move|p2a: Zapdos|Thunder Wave|p1a: Farigiraf
|-status|p1a: Farigiraf|par
|move|p1a: Farigiraf|Future Sight|p2a: Zapdos
|-start|p1a: Farigiraf|move: Future Sight
|
|upkeep
|turn|18
|
|t:|1779656448
|switch|p1a: Ursaluna|Ursaluna, F, shiny|100/100
|-damage|p1a: Ursaluna|84/100|[from] Spikes
|move|p2a: Zapdos|Volt Switch|p1a: Ursaluna
|-immune|p1a: Ursaluna
|
|-status|p1a: Ursaluna|brn|[from] item: Flame Orb
|upkeep
|turn|19
|
|t:|1779656462
|move|p2a: Zapdos|Hurricane|p1a: Ursaluna
|-damage|p1a: Ursaluna|56/100 brn
|move|p1a: Ursaluna|Bulk Up|p1a: Ursaluna
|-boost|p1a: Ursaluna|atk|1
|-boost|p1a: Ursaluna|def|1
|
|-end|p2a: Zapdos|move: Future Sight
|-damage|p2a: Zapdos|31/100
|-damage|p1a: Ursaluna|50/100 brn|[from] brn
|upkeep
|turn|20
|
|t:|1779656475
|move|p2a: Zapdos|Hurricane|p1a: Ursaluna
|-damage|p1a: Ursaluna|22/100 brn
|move|p1a: Ursaluna|Facade|p2a: Zapdos
|-damage|p2a: Zapdos|0 fnt
|faint|p2a: Zapdos
|
|-damage|p1a: Ursaluna|15/100 brn|[from] brn
|upkeep
|inactive|ElLoga has 120 seconds left.
|
|t:|1779656495
|switch|p2a: Kingambit|Kingambit, M|44/100
|-activate|p2a: Kingambit|ability: Supreme Overlord
|-start|p2a: Kingambit|fallen2|[silent]
|turn|21
|
|t:|1779656503
|move|p2a: Kingambit|Sucker Punch|p1a: Ursaluna
|-damage|p1a: Ursaluna|0 fnt
|faint|p1a: Ursaluna
|
|-heal|p2a: Kingambit|50/100|[from] item: Leftovers
|upkeep
|
|t:|1779656509
|switch|p1a: Granbull|Granbull, M|96/100 par
|-damage|p1a: Granbull|80/100 par|[from] Spikes
|-ability|p1a: Granbull|Intimidate|boost
|-unboost|p2a: Kingambit|atk|1
|turn|22
|inactive|ElLoga has 120 seconds left.
|
|t:|1779656522
|move|p2a: Kingambit|Iron Head|p1a: Granbull
|-supereffective|p1a: Granbull
|-damage|p1a: Granbull|30/100 par
|move|p1a: Granbull|Earthquake|p2a: Kingambit
|-supereffective|p2a: Kingambit
|-damage|p2a: Kingambit|2/100
|
|-heal|p2a: Kingambit|8/100|[from] item: Leftovers
|-heal|p1a: Granbull|36/100 par|[from] item: Leftovers
|upkeep
|turn|23
|
|t:|1779656532
|move|p2a: Kingambit|Iron Head|p1a: Granbull
|-supereffective|p1a: Granbull
|-damage|p1a: Granbull|0 fnt
|faint|p1a: Granbull
|
|-heal|p2a: Kingambit|15/100|[from] item: Leftovers
|upkeep
|
|t:|1779656533
|switch|p1a: Wyrdeer|Wyrdeer, F, shiny|100/100
|-damage|p1a: Wyrdeer|84/100|[from] Spikes
|-ability|p1a: Wyrdeer|Intimidate|boost
|-unboost|p2a: Kingambit|atk|1
|turn|24
|
|t:|1779656547
|-end|p2a: Kingambit|fallen2|[silent]
|switch|p2a: Iron Treads|Iron Treads|100/100
|move|p1a: Wyrdeer|Double Kick|p2a: Iron Treads
|-supereffective|p2a: Iron Treads
|-damage|p2a: Iron Treads|86/100
|-supereffective|p2a: Iron Treads
|-damage|p2a: Iron Treads|71/100
|-hitcount|p2a: Iron Treads|2
|
|-heal|p2a: Iron Treads|77/100|[from] item: Leftovers
|-heal|p1a: Wyrdeer|90/100|[from] item: Leftovers
|upkeep
|turn|25
|
|t:|1779656559
|move|p2a: Iron Treads|Knock Off|p1a: Wyrdeer
|-supereffective|p1a: Wyrdeer
|-damage|p1a: Wyrdeer|26/100
|-enditem|p1a: Wyrdeer|Leftovers|[from] move: Knock Off|[of] p2a: Iron Treads
|move|p1a: Wyrdeer|Confuse Ray|p2a: Iron Treads
|-start|p2a: Iron Treads|confusion
|
|-heal|p2a: Iron Treads|84/100|[from] item: Leftovers
|upkeep
|turn|26
|
|t:|1779656571
|-activate|p2a: Iron Treads|confusion
|move|p2a: Iron Treads|Earthquake|p1a: Wyrdeer
|-damage|p1a: Wyrdeer|0 fnt
|faint|p1a: Wyrdeer
|
|-heal|p2a: Iron Treads|90/100|[from] item: Leftovers
|upkeep
|
|t:|1779656576
|switch|p1a: Farigiraf|Farigiraf, M, shiny|84/100 par
|-damage|p1a: Farigiraf|67/100 par|[from] Spikes
|turn|27
|
|t:|1779656582
|-activate|p2a: Iron Treads|confusion
|move|p2a: Iron Treads|Knock Off|p1a: Farigiraf
|-supereffective|p1a: Farigiraf
|-damage|p1a: Farigiraf|0 fnt
|-enditem|p1a: Farigiraf|Choice Specs|[from] move: Knock Off|[of] p2a: Iron Treads
|faint|p1a: Farigiraf
|
|win|ElLoga
|raw|xendratesting's rating: 1300 &rarr; <strong>1275</strong><br />(-25 for losing)
|raw|ElLoga's rating: 1297 &rarr; <strong>1322</strong><br />(+25 for winning)
|l|☆xendratesting
|player|p1|
|l|☆ElLoga
|player|p2|
