|inactive|Battle timer is ON: inactive players will automatically lose when time's up.
|t:|1779646117
|gametype|singles
|player|p1|Celeste|#celeste|
|player|p2|electraineheart|irida|
|gen|9
|tier|[Gen 9] OU
|rule|HP Percentage Mod: HP is shown in percentages
|rule|Endless Battle Clause: Forcing endless battles is banned
|rule|Species Clause: Limit one of each Pokémon
|rule|OHKO Clause: OHKO moves are banned
|rule|Evasion Items Clause: Evasion items are banned
|rule|Evasion Moves Clause: Evasion moves are banned
|rule|Evasion Abilities Clause: Evasion abilities are banned
|rule|Sleep Moves Clause: Sleep-inducing moves are banned
|clearpoke
|poke|p1|Gholdengo|
|poke|p1|Kingambit, M|
|poke|p1|Ting-Lu|
|poke|p1|Ogerpon-Wellspring, F|
|poke|p1|Glimmora, F|
|poke|p1|Ceruledge, F|
|poke|p2|Darkrai|
|poke|p2|Hatterene, F|
|poke|p2|Great Tusk|
|poke|p2|Heatran, F|
|poke|p2|Kyurem|
|poke|p2|Tornadus-Therian, M|
|teampreview
|c|☆electraineheart|hf
|c|☆Celeste|glhf
|inactive|electraineheart has 270 seconds left.
|inactive|electraineheart has 240 seconds left.
|
|t:|1779646191
|teamsize|p1|6
|teamsize|p2|6
|start
|switch|p1a: Glimmora|Glimmora, F|100/100
|switch|p2a: Tornadus|Tornadus-Therian, M|100/100
|turn|1
|
|t:|1779646202
|move|p1a: Glimmora|Mortal Spin|p2a: Tornadus
|-damage|p2a: Tornadus|94/100
|-status|p2a: Tornadus|psn
|move|p2a: Tornadus|U-turn|p1a: Glimmora
|-resisted|p1a: Glimmora
|-damage|p1a: Glimmora|91/100
|-activate|p1a: Glimmora|ability: Toxic Debris
|-sidestart|p2: electraineheart|move: Toxic Spikes
|
|t:|1779646211
|switch|p2a: Heatran|Heatran, F|100/100|[from] U-turn
|
|upkeep
|turn|2
|
|t:|1779646229
|switch|p1a: Ting-Lu|Ting-Lu|100/100
|-ability|p1a: Ting-Lu|Vessel of Ruin
|move|p2a: Heatran|Will-O-Wisp|p1a: Ting-Lu
|-status|p1a: Ting-Lu|brn
|
|-damage|p1a: Ting-Lu|94/100 brn|[from] brn
|upkeep
|turn|3
|
|t:|1779646236
|move|p2a: Heatran|Stealth Rock|p1a: Ting-Lu
|-sidestart|p1: Celeste|move: Stealth Rock
|move|p1a: Ting-Lu|Ruination|p2a: Heatran
|-damage|p2a: Heatran|50/100
|
|-heal|p2a: Heatran|57/100|[from] item: Leftovers
|-damage|p1a: Ting-Lu|88/100 brn|[from] brn
|upkeep
|turn|4
|
|t:|1779646244
|switch|p2a: Great Tusk|Great Tusk|100/100
|move|p1a: Ting-Lu|Earthquake|p2a: Great Tusk
|-damage|p2a: Great Tusk|88/100
|
|-damage|p1a: Ting-Lu|82/100 brn|[from] brn
|upkeep
|turn|5
|
|t:|1779646252
|switch|p1a: Gholdengo|Gholdengo|100/100
|-damage|p1a: Gholdengo|94/100|[from] Stealth Rock
|-item|p1a: Gholdengo|Air Balloon
|move|p2a: Great Tusk|Stone Edge|p1a: Gholdengo
|-resisted|p1a: Gholdengo
|-damage|p1a: Gholdengo|83/100
|-enditem|p1a: Gholdengo|Air Balloon
|
|upkeep
|turn|6
|
|t:|1779646260
|move|p2a: Great Tusk|Rapid Spin|p1a: Gholdengo
|-immune|p1a: Gholdengo
|move|p1a: Gholdengo|Make It Rain|p2a: Great Tusk
|-damage|p2a: Great Tusk|12/100
|-unboost|p1a: Gholdengo|spa|1
|
|upkeep
|turn|7
|
|t:|1779646277
|switch|p1a: Ogerpon|Ogerpon-Wellspring, F|100/100
|-damage|p1a: Ogerpon|88/100|[from] Stealth Rock
|move|p2a: Great Tusk|Headlong Rush|p1a: Ogerpon
|-resisted|p1a: Ogerpon
|-damage|p1a: Ogerpon|46/100
|-unboost|p2a: Great Tusk|def|1
|-unboost|p2a: Great Tusk|spd|1
|
|upkeep
|turn|8
|
|t:|1779646281
|-end|p2a: Great Tusk|Protosynthesis|[silent]
|switch|p2a: Tornadus|Tornadus-Therian, M|100/100 psn
|move|p1a: Ogerpon|Knock Off|p2a: Tornadus
|-damage|p2a: Tornadus|61/100 psn
|-enditem|p2a: Tornadus|Assault Vest|[from] move: Knock Off|[of] p1a: Ogerpon
|
|-damage|p2a: Tornadus|48/100 psn|[from] psn
|upkeep
|turn|9
|
|t:|1779646292
|move|p2a: Tornadus|U-turn|p1a: Ogerpon
|-supereffective|p1a: Ogerpon
|-damage|p1a: Ogerpon|7/100
|
|t:|1779646314
|switch|p2a: Great Tusk|Great Tusk|12/100|[from] U-turn
|move|p1a: Ogerpon|Ivy Cudgel|p2a: Great Tusk|[anim] Ivy Cudgel Water
|-supereffective|p2a: Great Tusk
|-damage|p2a: Great Tusk|0 fnt
|faint|p2a: Great Tusk
|-end|p2a: Great Tusk|Protosynthesis|[silent]
|
|upkeep
|
|t:|1779646316
|switch|p2a: Tornadus|Tornadus-Therian, M|82/100 psn
|turn|10
|
|t:|1779646318
|move|p2a: Tornadus|Knock Off|p1a: Ogerpon
|-damage|p1a: Ogerpon|0 fnt
|faint|p1a: Ogerpon
|
|-damage|p2a: Tornadus|69/100 psn|[from] psn
|upkeep
|
|t:|1779646323
|switch|p1a: Glimmora|Glimmora, F|91/100
|-damage|p1a: Glimmora|79/100|[from] Stealth Rock
|turn|11
|
|t:|1779646333
|switch|p2a: Heatran|Heatran, F|57/100
|move|p1a: Glimmora|Power Gem|p2a: Heatran
|-damage|p2a: Heatran|28/100
|
|-heal|p2a: Heatran|34/100|[from] item: Leftovers
|upkeep
|turn|12
|
|t:|1779646340
|switch|p1a: Ting-Lu|Ting-Lu|82/100 brn
|-damage|p1a: Ting-Lu|76/100 brn|[from] Stealth Rock
|-ability|p1a: Ting-Lu|Vessel of Ruin
|move|p2a: Heatran|Earth Power|p1a: Ting-Lu
|-damage|p1a: Ting-Lu|65/100 brn
|-unboost|p1a: Ting-Lu|spd|1
|
|-heal|p2a: Heatran|40/100|[from] item: Leftovers
|-damage|p1a: Ting-Lu|59/100 brn|[from] brn
|upkeep
|turn|13
|
|t:|1779646346
|switch|p2a: Hatterene|Hatterene, F|100/100
|-status|p2a: Hatterene|psn
|move|p1a: Ting-Lu|Ruination|p2a: Hatterene
|-damage|p2a: Hatterene|50/100 psn
|
|-damage|p2a: Hatterene|38/100 psn|[from] psn
|-damage|p1a: Ting-Lu|53/100 brn|[from] brn
|upkeep
|turn|14
|
|t:|1779646352
|move|p2a: Hatterene|Nuzzle|p1a: Ting-Lu
|-immune|p1a: Ting-Lu
|move|p1a: Ting-Lu|Whirlwind|p2a: Hatterene
|move|p2a: Hatterene|Whirlwind|p1a: Ting-Lu|[from] ability: Magic Bounce
|drag|p1a: Glimmora|Glimmora, F|79/100
|-damage|p1a: Glimmora|67/100|[from] Stealth Rock
|
|-damage|p2a: Hatterene|26/100 psn|[from] psn
|upkeep
|turn|15
|
|t:|1779646359
|move|p1a: Glimmora|Power Gem|p2a: Hatterene
|-damage|p2a: Hatterene|0 fnt
|faint|p2a: Hatterene
|
|upkeep
|
|t:|1779646363
|switch|p2a: Heatran|Heatran, F|40/100
|turn|16
|
|t:|1779646377
|switch|p1a: Ting-Lu|Ting-Lu|53/100 brn
|-damage|p1a: Ting-Lu|46/100 brn|[from] Stealth Rock
|-ability|p1a: Ting-Lu|Vessel of Ruin
|move|p2a: Heatran|Earth Power|p1a: Ting-Lu
|-damage|p1a: Ting-Lu|35/100 brn
|
|-heal|p2a: Heatran|47/100|[from] item: Leftovers
|-damage|p1a: Ting-Lu|28/100 brn|[from] brn
|upkeep
|turn|17
|
|t:|1779646382
|switch|p2a: Tornadus|Tornadus-Therian, M|100/100 psn
|move|p1a: Ting-Lu|Ruination|p2a: Tornadus
|-damage|p2a: Tornadus|51/100 psn
|
|-damage|p2a: Tornadus|38/100 psn|[from] psn
|-damage|p1a: Ting-Lu|22/100 brn|[from] brn
|upkeep
|turn|18
|-enditem|p1a: Ting-Lu|Custap Berry|[eat]
|-activate|p1a: Ting-Lu|item: Custap Berry|[consumed]
|
|t:|1779646384
|move|p1a: Ting-Lu|Stealth Rock|p2a: Tornadus
|-sidestart|p2: electraineheart|move: Stealth Rock
|move|p2a: Tornadus|Bleakwind Storm|p1a: Ting-Lu|[miss]
|-miss|p2a: Tornadus|p1a: Ting-Lu
|
|-damage|p2a: Tornadus|26/100 psn|[from] psn
|-damage|p1a: Ting-Lu|16/100 brn|[from] brn
|upkeep
|turn|19
|
|t:|1779646390
|move|p2a: Tornadus|Bleakwind Storm|p1a: Ting-Lu
|-damage|p1a: Ting-Lu|0 fnt
|faint|p1a: Ting-Lu
|
|-damage|p2a: Tornadus|13/100 psn|[from] psn
|upkeep
|
|t:|1779646395
|switch|p1a: Ceruledge|Ceruledge, F|100/100
|turn|20
|
|t:|1779646398
|move|p1a: Ceruledge|Shadow Sneak|p2a: Tornadus
|-damage|p2a: Tornadus|0 fnt
|faint|p2a: Tornadus
|
|upkeep
|
|t:|1779646402
|switch|p2a: Darkrai|Darkrai|100/100
|-status|p2a: Darkrai|psn
|-damage|p2a: Darkrai|88/100 psn|[from] Stealth Rock
|turn|21
|
|t:|1779646410
|-terastallize|p1a: Ceruledge|Fairy
|move|p2a: Darkrai|Dark Pulse|p1a: Ceruledge
|-resisted|p1a: Ceruledge
|-damage|p1a: Ceruledge|79/100
|move|p1a: Ceruledge|Bitter Blade|p2a: Darkrai
|-damage|p2a: Darkrai|26/100 psn
|-heal|p1a: Ceruledge|100/100|[from] drain|[of] p2a: Darkrai
|
|-heal|p2a: Darkrai|32/100 psn|[from] item: Leftovers
|-damage|p2a: Darkrai|20/100 psn|[from] psn
|upkeep
|turn|22
|
|t:|1779646420
|switch|p1a: Gholdengo|Gholdengo|83/100
|-damage|p1a: Gholdengo|76/100|[from] Stealth Rock
|move|p2a: Darkrai|Sludge Bomb|p1a: Gholdengo
|-immune|p1a: Gholdengo
|
|-heal|p2a: Darkrai|26/100 psn|[from] item: Leftovers
|-damage|p2a: Darkrai|13/100 psn|[from] psn
|upkeep
|turn|23
|
|t:|1779646431
|switch|p1a: Kingambit|Kingambit, M|100/100
|-damage|p1a: Kingambit|94/100|[from] Stealth Rock
|-activate|p1a: Kingambit|ability: Supreme Overlord
|-start|p1a: Kingambit|fallen2|[silent]
|move|p2a: Darkrai|Dark Pulse|p1a: Kingambit
|-resisted|p1a: Kingambit
|-crit|p1a: Kingambit
|-damage|p1a: Kingambit|65/100
|
|-heal|p2a: Darkrai|19/100 psn|[from] item: Leftovers
|-damage|p2a: Darkrai|7/100 psn|[from] psn
|upkeep
|turn|24
|
|t:|1779646438
|move|p2a: Darkrai|Dark Pulse|p1a: Kingambit
|-resisted|p1a: Kingambit
|-damage|p1a: Kingambit|44/100
|move|p1a: Kingambit|Swords Dance|p1a: Kingambit
|-boost|p1a: Kingambit|atk|2
|
|-heal|p2a: Darkrai|13/100 psn|[from] item: Leftovers
|-damage|p2a: Darkrai|0 fnt|[from] psn
|faint|p2a: Darkrai
|upkeep
|
|t:|1779646441
|switch|p2a: Heatran|Heatran, F|47/100
|-damage|p2a: Heatran|34/100|[from] Stealth Rock
|turn|25
|
|t:|1779646443
|move|p2a: Heatran|Will-O-Wisp|p1a: Kingambit
|-status|p1a: Kingambit|brn
|move|p1a: Kingambit|Low Kick|p2a: Heatran
|-supereffective|p2a: Heatran
|-damage|p2a: Heatran|0 fnt
|faint|p2a: Heatran
|
|-damage|p1a: Kingambit|38/100 brn|[from] brn
|upkeep
|
|t:|1779646445
|switch|p2a: Kyurem|Kyurem|100/100
|-status|p2a: Kyurem|psn
|-damage|p2a: Kyurem|76/100 psn|[from] Stealth Rock
|-ability|p2a: Kyurem|Pressure
|turn|26
|
|t:|1779646449
|move|p2a: Kyurem|Earth Power|p1a: Kingambit
|-supereffective|p1a: Kingambit
|-damage|p1a: Kingambit|0 fnt
|faint|p1a: Kingambit
|-end|p1a: Kingambit|fallen2|[silent]
|
|-damage|p2a: Kyurem|63/100 psn|[from] psn
|upkeep
|
|t:|1779646452
|switch|p1a: Glimmora|Glimmora, F|67/100
|-damage|p1a: Glimmora|54/100|[from] Stealth Rock
|turn|27
|
|t:|1779646454
|-terastallize|p2a: Kyurem|Fairy
|move|p1a: Glimmora|Power Gem|p2a: Kyurem
|-damage|p2a: Kyurem|38/100 psn
|move|p2a: Kyurem|Earth Power|p1a: Glimmora
|-supereffective|p1a: Glimmora
|-damage|p1a: Glimmora|0 fnt
|faint|p1a: Glimmora
|
|-damage|p2a: Kyurem|26/100 psn|[from] psn
|upkeep
|
|t:|1779646460
|switch|p1a: Ceruledge|Ceruledge, F, tera:Fairy|100/100
|turn|28
|
|t:|1779646462
|move|p2a: Kyurem|Ice Beam|p1a: Ceruledge
|-crit|p1a: Ceruledge
|-damage|p1a: Ceruledge|22/100
|move|p1a: Ceruledge|Bitter Blade|p2a: Kyurem
|-damage|p2a: Kyurem|0 fnt
|-heal|p1a: Ceruledge|37/100|[from] drain|[of] p2a: Kyurem
|faint|p2a: Kyurem
|
|win|Celeste
