|j|☆Sofaniyas
|j|☆tursu suyu
|t:|1779697826
|gametype|singles
|player|p1|Sofaniyas|102|1086
|player|p2|tursu suyu|170|1000
|gen|9
|tier|[Gen 9] OU
|rated|
|rule|HP Percentage Mod: HP is shown in percentages
|rule|Endless Battle Clause: Forcing endless battles is banned
|rule|Species Clause: Limit one of each Pokémon
|rule|OHKO Clause: OHKO moves are banned
|rule|Evasion Items Clause: Evasion items are banned
|rule|Evasion Moves Clause: Evasion moves are banned
|rule|Evasion Abilities Clause: Evasion abilities are banned
|rule|Sleep Moves Clause: Sleep-inducing moves are banned
|clearpoke
|poke|p1|Garchomp, M|
|poke|p1|Darkrai|
|poke|p1|Gholdengo|
|poke|p1|Ogerpon-Wellspring, F|
|poke|p1|Iron Valiant|
|poke|p1|Iron Treads|
|poke|p2|Tyranitar, M|
|poke|p2|Excadrill, M|
|poke|p2|Tinkaton, F|
|poke|p2|Gliscor, M|
|poke|p2|Garchomp, F|
|poke|p2|Rotom-Mow|
|teampreview
|inactive|Battle timer is ON: inactive players will automatically lose when time's up. (requested by tursu suyu)
|
|t:|1779697856
|teamsize|p1|6
|teamsize|p2|6
|start
|switch|p1a: Garchomp|Garchomp, M|100/100
|switch|p2a: Excuse me sir|Tyranitar, M|100/100
|-weather|Sandstorm|[from] ability: Sand Stream|[of] p2a: Excuse me sir
|turn|1
|
|t:|1779697869
|switch|p2a: beef|Gliscor, M|100/100
|move|p1a: Garchomp|Spikes|p2a: beef
|-sidestart|p2: tursu suyu|Spikes
|
|-weather|Sandstorm|[upkeep]
|-status|p2a: beef|tox|[from] item: Toxic Orb
|upkeep
|turn|2
|
|t:|1779697882
|move|p2a: beef|Toxic|p1a: Garchomp
|-status|p1a: Garchomp|tox
|move|p1a: Garchomp|Stealth Rock|p2a: beef
|-sidestart|p2: tursu suyu|move: Stealth Rock
|
|-weather|Sandstorm|[upkeep]
|-damage|p1a: Garchomp|94/100 tox|[from] psn
|upkeep
|turn|3
|
|t:|1779697893
|move|p2a: beef|Protect|p2a: beef
|-singleturn|p2a: beef|Protect
|move|p1a: Garchomp|Spikes|p2a: beef
|-sidestart|p2: tursu suyu|Spikes
|
|-weather|Sandstorm|[upkeep]
|-damage|p1a: Garchomp|82/100 tox|[from] psn
|upkeep
|turn|4
|
|t:|1779697900
|move|p2a: beef|Venoshock|p1a: Garchomp
|-resisted|p1a: Garchomp
|-damage|p1a: Garchomp|76/100 tox
|move|p1a: Garchomp|Spikes|p2a: beef
|-sidestart|p2: tursu suyu|Spikes
|
|-weather|Sandstorm|[upkeep]
|-damage|p1a: Garchomp|58/100 tox|[from] psn
|upkeep
|turn|5
|
|t:|1779697911
|move|p2a: beef|Substitute|p2a: beef
|-start|p2a: beef|Substitute
|-damage|p2a: beef|76/100 tox
|move|p1a: Garchomp|Stealth Rock||[still]
|-fail|p1a: Garchomp
|
|-weather|none
|-heal|p2a: beef|88/100 tox|[from] ability: Poison Heal
|-damage|p1a: Garchomp|34/100 tox|[from] psn
|upkeep
|turn|6
|
|t:|1779697922
|switch|p1a: Gholdengo|Gholdengo|100/100
|-item|p1a: Gholdengo|Air Balloon
|move|p2a: beef|Protect||[still]
|-fail|p2a: beef
|
|-heal|p2a: beef|100/100 tox|[from] ability: Poison Heal
|upkeep
|turn|7
|
|t:|1779697943
|switch|p2a: danial|Garchomp, F|100/100
|-damage|p2a: danial|76/100|[from] Spikes
|-damage|p2a: danial|69/100|[from] Stealth Rock
|move|p1a: Gholdengo|Make It Rain|p2a: danial
|-damage|p2a: danial|13/100
|-unboost|p1a: Gholdengo|spa|1
|
|upkeep
|turn|8
|
|t:|1779697963
|move|p2a: danial|Flamethrower|p1a: Gholdengo
|-supereffective|p1a: Gholdengo
|-damage|p1a: Gholdengo|58/100
|-enditem|p1a: Gholdengo|Air Balloon
|-damage|p2a: danial|4/100|[from] item: Life Orb
|move|p1a: Gholdengo|Make It Rain|p2a: danial
|-damage|p2a: danial|0 fnt
|-unboost|p1a: Gholdengo|spa|1
|faint|p2a: danial
|
|upkeep
|
|t:|1779697974
|switch|p2a: beef|Gliscor, M|100/100 tox
|-damage|p2a: beef|88/100 tox|[from] Stealth Rock
|turn|9
|
|t:|1779697984
|switch|p2a: drilry|Excadrill, M, shiny|100/100
|-damage|p2a: drilry|76/100|[from] Spikes
|-damage|p2a: drilry|73/100|[from] Stealth Rock
|move|p1a: Gholdengo|Make It Rain|p2a: drilry
|-resisted|p2a: drilry
|-damage|p2a: drilry|55/100
|-unboost|p1a: Gholdengo|spa|1
|
|upkeep
|turn|10
|
|t:|1779697996
|move|p2a: drilry|Earthquake|p1a: Gholdengo
|-supereffective|p1a: Gholdengo
|-damage|p1a: Gholdengo|0 fnt
|faint|p1a: Gholdengo
|
|upkeep
|
|t:|1779698002
|switch|p1a: Darkrai|Darkrai|100/100
|turn|11
|
|t:|1779698006
|move|p1a: Darkrai|Knock Off|p2a: drilry
|-damage|p2a: drilry|12/100
|-enditem|p2a: drilry|Choice Band|[from] move: Knock Off|[of] p1a: Darkrai
|move|p2a: drilry|Earthquake|p1a: Darkrai
|-damage|p1a: Darkrai|26/100
|
|upkeep
|turn|12
|
|t:|1779698016
|move|p1a: Darkrai|Knock Off|p2a: drilry
|-damage|p2a: drilry|0 fnt
|faint|p2a: drilry
|
|upkeep
|
|t:|1779698020
|switch|p2a: pork|Tinkaton, F|100/100
|-damage|p2a: pork|76/100|[from] Spikes
|-damage|p2a: pork|70/100|[from] Stealth Rock
|turn|13
|
|t:|1779698026
|switch|p1a: Ogerpon|Ogerpon-Wellspring, F|100/100
|move|p2a: pork|Play Rough|p1a: Ogerpon
|-crit|p1a: Ogerpon
|-damage|p1a: Ogerpon|21/100
|-damage|p2a: pork|60/100|[from] item: Life Orb
|
|upkeep
|turn|14
|
|t:|1779698037
|move|p1a: Ogerpon|Synthesis|p1a: Ogerpon
|-heal|p1a: Ogerpon|71/100
|move|p2a: pork|Stealth Rock|p1a: Ogerpon
|-sidestart|p1: Sofaniyas|move: Stealth Rock
|
|upkeep
|turn|15
|
|t:|1779698042
|move|p1a: Ogerpon|Ivy Cudgel|p2a: pork|[anim] Ivy Cudgel Water
|-damage|p2a: pork|0 fnt
|faint|p2a: pork
|
|upkeep
|
|t:|1779698048
|switch|p2a: beef|Gliscor, M|88/100 tox
|-damage|p2a: beef|76/100 tox|[from] Stealth Rock
|turn|16
|
|t:|1779698052
|switch|p1a: Iron Treads|Iron Treads|100/100
|-damage|p1a: Iron Treads|98/100|[from] Stealth Rock
|move|p2a: beef|Toxic|p1a: Iron Treads
|-immune|p1a: Iron Treads
|
|-heal|p1a: Iron Treads|100/100|[from] item: Leftovers
|-heal|p2a: beef|88/100 tox|[from] ability: Poison Heal
|upkeep
|turn|17
|
|t:|1779698065
|switch|p2a: LARPER|Rotom-Mow|100/100
|-damage|p2a: LARPER|88/100|[from] Stealth Rock
|move|p1a: Iron Treads|Rapid Spin|p2a: LARPER
|-damage|p2a: LARPER|70/100
|-boost|p1a: Iron Treads|spe|1
|-sideend|p1: Sofaniyas|Stealth Rock|[from] move: Rapid Spin|[of] p1a: Iron Treads
|
|upkeep
|turn|18
|
|t:|1779698075
|move|p1a: Iron Treads|Ice Spinner|p2a: LARPER
|-supereffective|p2a: LARPER
|-damage|p2a: LARPER|17/100
|move|p2a: LARPER|Leaf Storm|p1a: Iron Treads
|-damage|p1a: Iron Treads|39/100
|-unboost|p2a: LARPER|spa|2
|
|-heal|p1a: Iron Treads|45/100|[from] item: Leftovers
|upkeep
|turn|19
|
|t:|1779698085
|move|p1a: Iron Treads|Ice Spinner|p2a: LARPER
|-supereffective|p2a: LARPER
|-damage|p2a: LARPER|0 fnt
|faint|p2a: LARPER
|
|-heal|p1a: Iron Treads|51/100|[from] item: Leftovers
|upkeep
|
|t:|1779698091
|switch|p2a: Excuse me sir|Tyranitar, M|100/100
|-damage|p2a: Excuse me sir|76/100|[from] Spikes
|-damage|p2a: Excuse me sir|63/100|[from] Stealth Rock
|-weather|Sandstorm|[from] ability: Sand Stream|[of] p2a: Excuse me sir
|turn|20
|
|t:|1779698100
|-end|p1a: Iron Treads|Quark Drive|[silent]
|switch|p1a: Iron Valiant|Iron Valiant|100/100
|-enditem|p1a: Iron Valiant|Booster Energy
|-activate|p1a: Iron Valiant|ability: Quark Drive|[fromitem]
|-start|p1a: Iron Valiant|quarkdrivespe
|move|p2a: Excuse me sir|Brick Break|p1a: Iron Valiant
|-resisted|p1a: Iron Valiant
|-damage|p1a: Iron Valiant|83/100
|
|-weather|Sandstorm|[upkeep]
|-damage|p1a: Iron Valiant|77/100|[from] Sandstorm
|upkeep
|turn|21
|
|t:|1779698112
|move|p1a: Iron Valiant|Moonblast|p2a: Excuse me sir
|-supereffective|p2a: Excuse me sir
|-damage|p2a: Excuse me sir|21/100
|move|p2a: Excuse me sir|Earthquake|p1a: Iron Valiant
|-damage|p1a: Iron Valiant|33/100
|
|-weather|Sandstorm|[upkeep]
|-damage|p1a: Iron Valiant|27/100|[from] Sandstorm
|upkeep
|turn|22
|
|t:|1779698121
|-terastallize|p2a: Excuse me sir|Flying
|move|p1a: Iron Valiant|Moonblast|p2a: Excuse me sir
|-damage|p2a: Excuse me sir|0 fnt
|faint|p2a: Excuse me sir
|
|-weather|Sandstorm|[upkeep]
|-damage|p1a: Iron Valiant|21/100|[from] Sandstorm
|upkeep
|
|t:|1779698128
|switch|p2a: beef|Gliscor, M|88/100 tox
|-damage|p2a: beef|76/100 tox|[from] Stealth Rock
|turn|23
|
|t:|1779698135
|move|p2a: beef|Protect|p2a: beef
|-singleturn|p2a: beef|Protect
|move|p1a: Iron Valiant|Encore|p2a: beef
|-activate|p2a: beef|move: Protect
|
|-weather|Sandstorm|[upkeep]
|-damage|p1a: Iron Valiant|14/100|[from] Sandstorm
|-heal|p2a: beef|88/100 tox|[from] ability: Poison Heal
|upkeep
|turn|24
|
|t:|1779698147
|-end|p1a: Iron Valiant|Quark Drive|[silent]
|switch|p1a: Garchomp|Garchomp, M|34/100 tox
|move|p2a: beef|Toxic|p1a: Garchomp
|-fail|p1a: Garchomp|tox
|
|-weather|none
|-heal|p2a: beef|100/100 tox|[from] ability: Poison Heal
|-damage|p1a: Garchomp|28/100 tox|[from] psn
|upkeep
|turn|25
|
|t:|1779698158
|move|p2a: beef|Protect|p2a: beef
|-singleturn|p2a: beef|Protect
|move|p1a: Garchomp|Dragon Tail|p2a: beef
|-activate|p2a: beef|move: Protect
|
|-damage|p1a: Garchomp|16/100 tox|[from] psn
|upkeep
|turn|26
|
|t:|1779698166
|switch|p1a: Ogerpon|Ogerpon-Wellspring, F|71/100
|move|p2a: beef|Substitute|p2a: beef
|-start|p2a: beef|Substitute
|-damage|p2a: beef|76/100 tox
|
|-heal|p2a: beef|88/100 tox|[from] ability: Poison Heal
|upkeep
|turn|27
|
|t:|1779698177
|move|p1a: Ogerpon|Synthesis|p1a: Ogerpon
|-heal|p1a: Ogerpon|100/100
|move|p2a: beef|Toxic|p1a: Ogerpon
|-status|p1a: Ogerpon|tox
|
|-damage|p1a: Ogerpon|95/100 tox|[from] psn
|-heal|p2a: beef|100/100 tox|[from] ability: Poison Heal
|upkeep
|turn|28
|
|t:|1779698186
|move|p1a: Ogerpon|Ivy Cudgel|p2a: beef|[anim] Ivy Cudgel Water
|-supereffective|p2a: beef
|-crit|p2a: beef
|-end|p2a: beef|Substitute
|move|p2a: beef|Venoshock|p1a: Ogerpon
|-supereffective|p1a: Ogerpon
|-damage|p1a: Ogerpon|62/100 tox
|
|-damage|p1a: Ogerpon|50/100 tox|[from] psn
|upkeep
|turn|29
|
|t:|1779698196
|move|p1a: Ogerpon|Ivy Cudgel|p2a: beef|[anim] Ivy Cudgel Water
|-supereffective|p2a: beef
|-crit|p2a: beef
|-damage|p2a: beef|0 fnt
|faint|p2a: beef
|
|win|Sofaniyas
|raw|Sofaniyas's rating: 1086 &rarr; <strong>1107</strong><br />(+21 for winning)
|raw|tursu suyu's rating: 1000 &rarr; <strong>1000</strong><br />(+0 for losing)
|l|☆tursu suyu
|player|p2|
