|j|☆esotilin6967
|j|☆The ZU Wanderer
|t:|1779597133
|gametype|singles
|player|p1|esotilin6967|flannery|1173
|player|p2|The ZU Wanderer|roughneck|1209
|gen|9
|tier|[Gen 9] OU
|rated|
|rule|HP Percentage Mod: HP is shown in percentages
|rule|Endless Battle Clause: Forcing endless battles is banned
|rule|Species Clause: Limit one of each Pokémon
|rule|OHKO Clause: OHKO moves are banned
|rule|Evasion Items Clause: Evasion items are banned
|rule|Evasion Moves Clause: Evasion moves are banned
|rule|Evasion Abilities Clause: Evasion abilities are banned
|rule|Sleep Moves Clause: Sleep-inducing moves are banned
|clearpoke
|poke|p1|Gengar, M|
|poke|p1|Avalugg, M|
|poke|p1|Clodsire, F|
|poke|p1|Dragonite, F|
|poke|p1|Kingambit, M|
|poke|p1|Rotom-Heat|
|poke|p2|Morpeko, F|
|poke|p2|Cryogonal|
|poke|p2|Piloswine, M|
|poke|p2|Toxicroak, M|
|poke|p2|Crocalor, M|
|poke|p2|Gogoat, M|
|teampreview
|inactive|Battle timer is ON: inactive players will automatically lose when time's up. (requested by The ZU Wanderer)
|
|t:|1779597156
|teamsize|p1|6
|teamsize|p2|6
|start
|switch|p1a: show|Rotom-Heat|100/100
|switch|p2a: Cryogonal|Cryogonal|100/100
|turn|1
|
|t:|1779597166
|-terastallize|p2a: Cryogonal|Water
|move|p1a: show|Volt Switch|p2a: Cryogonal
|-supereffective|p2a: Cryogonal
|-damage|p2a: Cryogonal|41/100
|
|t:|1779597168
|switch|p1a: 0|Clodsire, F|100/100|[from] Volt Switch
|move|p2a: Cryogonal|Water Pulse|p1a: 0
|-immune|p1a: 0|[from] ability: Water Absorb
|
|upkeep
|turn|2
|
|t:|1779597178
|switch|p2a: Toxicroak|Toxicroak, M, shiny|100/100
|move|p1a: 0|Stealth Rock|p2a: Toxicroak
|-sidestart|p2: The ZU Wanderer|move: Stealth Rock
|
|upkeep
|turn|3
|
|t:|1779597185
|move|p2a: Toxicroak|Knock Off|p1a: 0
|-damage|p1a: 0|59/100
|-enditem|p1a: 0|Black Sludge|[from] move: Knock Off|[of] p2a: Toxicroak
|-damage|p2a: Toxicroak|91/100|[from] item: Life Orb
|move|p1a: 0|Earth Power|p2a: Toxicroak
|-supereffective|p2a: Toxicroak
|-damage|p2a: Toxicroak|40/100
|
|upkeep
|turn|4
|
|t:|1779597193
|switch|p2a: Cryogonal|Cryogonal, tera:Water|41/100
|-damage|p2a: Cryogonal|28/100|[from] Stealth Rock
|move|p1a: 0|Recover|p1a: 0
|-heal|p1a: 0|100/100
|
|upkeep
|turn|5
|
|t:|1779597217
|move|p2a: Cryogonal|Rapid Spin|p1a: 0
|-damage|p1a: 0|91/100
|-boost|p2a: Cryogonal|spe|1
|-sideend|p2: The ZU Wanderer|Stealth Rock|[from] move: Rapid Spin|[of] p2a: Cryogonal
|-damage|p2a: Cryogonal|18/100|[from] item: Life Orb
|move|p1a: 0|Toxic|p2a: Cryogonal
|-status|p2a: Cryogonal|tox
|
|-damage|p2a: Cryogonal|12/100 tox|[from] psn
|upkeep
|turn|6
|
|t:|1779597228
|move|p2a: Cryogonal|Freeze-Dry|p1a: 0
|-supereffective|p1a: 0
|-damage|p1a: 0|52/100
|-damage|p2a: Cryogonal|2/100 tox|[from] item: Life Orb
|move|p1a: 0|Stealth Rock|p2a: Cryogonal
|-sidestart|p2: The ZU Wanderer|move: Stealth Rock
|
|-damage|p2a: Cryogonal|0 fnt|[from] psn
|faint|p2a: Cryogonal
|upkeep
|
|t:|1779597237
|switch|p2a: Morpeko|Morpeko, F, shiny|100/100
|-damage|p2a: Morpeko|88/100|[from] Stealth Rock
|turn|7
|
|t:|1779597242
|switch|p1a: i´m invincible|Avalugg, M|100/100
|move|p2a: Morpeko|Fake Out|p1a: i´m invincible
|-damage|p1a: i´m invincible|94/100
|-damage|p2a: Morpeko|78/100|[from] item: Life Orb
|
|-formechange|p2a: Morpeko|Morpeko-Hangry||[from] ability: Hunger Switch
|upkeep
|turn|8
|
|t:|1779597255
|switch|p2a: Crocalor|Crocalor, M|100/100
|-damage|p2a: Crocalor|76/100|[from] Stealth Rock
|move|p1a: i´m invincible|Earthquake|p2a: Crocalor
|-supereffective|p2a: Crocalor
|-damage|p2a: Crocalor|45/100
|
|upkeep
|turn|9
|
|t:|1779597262
|switch|p1a: show|Rotom-Heat|100/100
|move|p2a: Crocalor|Will-O-Wisp|p1a: show|[miss]
|-miss|p2a: Crocalor|p1a: show
|
|upkeep
|turn|10
|
|t:|1779597278
|switch|p2a: Piloswine|Piloswine, M, shiny|100/100
|-damage|p2a: Piloswine|88/100|[from] Stealth Rock
|move|p1a: show|Volt Switch|p2a: Piloswine
|-immune|p2a: Piloswine
|
|upkeep
|turn|11
|
|t:|1779597288
|switch|p1a: i´m invincible|Avalugg, M|94/100
|move|p2a: Piloswine|Earthquake|p1a: i´m invincible
|-damage|p1a: i´m invincible|80/100
|
|upkeep
|turn|12
|inactive|esotilin6967 has 120 seconds left.
|
|t:|1779597320
|move|p2a: Piloswine|Curse|p2a: Piloswine
|-unboost|p2a: Piloswine|spe|1
|-boost|p2a: Piloswine|atk|1
|-boost|p2a: Piloswine|def|1
|move|p1a: i´m invincible|Earthquake|p2a: Piloswine
|-damage|p2a: Piloswine|76/100
|
|upkeep
|turn|13
|
|t:|1779597337
|move|p2a: Piloswine|Curse|p2a: Piloswine
|-unboost|p2a: Piloswine|spe|1
|-boost|p2a: Piloswine|atk|1
|-boost|p2a: Piloswine|def|1
|move|p1a: i´m invincible|Avalanche|p2a: Piloswine
|-damage|p2a: Piloswine|72/100
|
|upkeep
|turn|14
|inactive|The ZU Wanderer has 120 seconds left.
|
|t:|1779597378
|switch|p1a: magic|Gengar, M|100/100
|move|p2a: Piloswine|Curse|p2a: Piloswine
|-unboost|p2a: Piloswine|spe|1
|-boost|p2a: Piloswine|atk|1
|-boost|p2a: Piloswine|def|1
|
|upkeep
|turn|15
|
|t:|1779597385
|move|p2a: Piloswine|Ice Shard|p1a: magic
|-damage|p1a: magic|33/100
|move|p1a: magic|Focus Blast|p2a: Piloswine
|-supereffective|p2a: Piloswine
|-damage|p2a: Piloswine|22/100
|
|upkeep
|turn|16
|
|t:|1779597392
|switch|p1a: show|Rotom-Heat|100/100
|move|p2a: Piloswine|Ice Shard|p1a: show
|-resisted|p1a: show
|-damage|p1a: show|78/100
|
|upkeep
|turn|17
|inactive|The ZU Wanderer has 120 seconds left.
|
|t:|1779597399
|move|p1a: show|Overheat|p2a: Piloswine
|-supereffective|p2a: Piloswine
|-damage|p2a: Piloswine|0 fnt
|-unboost|p1a: show|spa|2
|faint|p2a: Piloswine
|
|upkeep
|inactive|The ZU Wanderer has 120 seconds left.
|c|☆esotilin6967|nt
|-message|The ZU Wanderer forfeited.
|
|win|esotilin6967
|raw|esotilin6967's rating: 1173 &rarr; <strong>1201</strong><br />(+28 for winning)
|raw|The ZU Wanderer's rating: 1209 &rarr; <strong>1181</strong><br />(-28 for losing)
|l|☆The ZU Wanderer
|player|p2|
|l|☆esotilin6967
|player|p1|
