|j|‽ekekdkdmdmwksl
|j|☆greenbeanketamine
|t:|1779621036
|gametype|singles
|player|p1|ekekdkdmdmwksl|2|1274
|player|p2|greenbeanketamine|supernerd-gen2|1338
|gen|9
|tier|[Gen 9] OU
|rated|
|rule|HP Percentage Mod: HP is shown in percentages
|rule|Endless Battle Clause: Forcing endless battles is banned
|rule|Species Clause: Limit one of each Pokémon
|rule|OHKO Clause: OHKO moves are banned
|rule|Evasion Items Clause: Evasion items are banned
|rule|Evasion Moves Clause: Evasion moves are banned
|rule|Evasion Abilities Clause: Evasion abilities are banned
|rule|Sleep Moves Clause: Sleep-inducing moves are banned
|clearpoke
|poke|p1|Scrafty, M|
|poke|p1|Volbeat, M|
|poke|p1|Hoopa-Unbound|
|poke|p1|Hatterene, F|
|poke|p1|Registeel|
|poke|p1|Iron Moth|
|poke|p2|Iron Treads|
|poke|p2|Zamazenta-*|
|poke|p2|Samurott-Hisui, F|
|poke|p2|Gholdengo|
|poke|p2|Dragonite, F|
|poke|p2|Clefable, F|
|teampreview
|inactive|Battle timer is ON: inactive players will automatically lose when time's up. (requested by greenbeanketamine)
|
|t:|1779621118
|teamsize|p1|6
|teamsize|p2|6
|start
|switch|p1a: Volbeat|Volbeat, M, shiny|100/100
|switch|p2a: Samurott|Samurott-Hisui, F|100/100
|turn|1
|
|t:|1779621128
|move|p2a: Samurott|Ceaseless Edge|p1a: Volbeat
|-damage|p1a: Volbeat|56/100
|-sidestart|p1: ekekdkdmdmwksl|Spikes
|move|p1a: Volbeat|Lunge|p2a: Samurott
|-supereffective|p2a: Samurott
|-damage|p2a: Samurott|58/100
|-unboost|p2a: Samurott|atk|1
|
|upkeep
|turn|2
|
|t:|1779621133
|move|p2a: Samurott|Ceaseless Edge|p1a: Volbeat
|-damage|p1a: Volbeat|26/100
|-sidestart|p1: ekekdkdmdmwksl|Spikes
|move|p1a: Volbeat|Lunge|p2a: Samurott
|-supereffective|p2a: Samurott
|-damage|p2a: Samurott|10/100
|-unboost|p2a: Samurott|atk|1
|
|upkeep
|turn|3
|
|t:|1779621139
|move|p1a: Volbeat|Roost|p1a: Volbeat
|-heal|p1a: Volbeat|76/100
|-singleturn|p1a: Volbeat|move: Roost
|move|p2a: Samurott|Razor Shell|p1a: Volbeat
|-damage|p1a: Volbeat|50/100
|-unboost|p1a: Volbeat|def|1
|
|upkeep
|turn|4
|
|t:|1779621151
|move|p2a: Samurott|Razor Shell|p1a: Volbeat
|-damage|p1a: Volbeat|13/100
|-unboost|p1a: Volbeat|def|1
|move|p1a: Volbeat|Lunge|p2a: Samurott
|-supereffective|p2a: Samurott
|-damage|p2a: Samurott|0 fnt
|faint|p2a: Samurott
|
|upkeep
|
|t:|1779621160
|switch|p2a: Dragonite|Dragonite, F|100/100
|turn|5
|
|t:|1779621163
|move|p2a: Dragonite|Extreme Speed|p1a: Volbeat
|-damage|p1a: Volbeat|0 fnt
|faint|p1a: Volbeat
|
|upkeep
|
|t:|1779621171
|switch|p1a: Registeel|Registeel|100/100
|-damage|p1a: Registeel|84/100|[from] Spikes
|turn|6
|
|t:|1779621175
|move|p1a: Registeel|Iron Defense|p1a: Registeel
|-boost|p1a: Registeel|def|2
|move|p2a: Dragonite|Dragon Tail|p1a: Registeel|[miss]
|-miss|p2a: Dragonite|p1a: Registeel
|
|upkeep
|turn|7
|
|t:|1779621181
|move|p1a: Registeel|Body Press|p2a: Dragonite
|-resisted|p2a: Dragonite
|-damage|p2a: Dragonite|85/100
|move|p2a: Dragonite|Dragon Tail|p1a: Registeel
|-resisted|p1a: Registeel
|-damage|p1a: Registeel|78/100
|drag|p1a: Hatterene|Hatterene, F|100/100
|-damage|p1a: Hatterene|84/100|[from] Spikes
|
|-heal|p1a: Hatterene|90/100|[from] item: Leftovers
|upkeep
|turn|8
|
|t:|1779621186
|switch|p2a: Gholdengo|Gholdengo|100/100
|-item|p2a: Gholdengo|Air Balloon
|move|p1a: Hatterene|Calm Mind|p1a: Hatterene
|-boost|p1a: Hatterene|spa|1
|-boost|p1a: Hatterene|spd|1
|
|-heal|p1a: Hatterene|96/100|[from] item: Leftovers
|upkeep
|turn|9
|
|t:|1779621195
|-terastallize|p1a: Hatterene|Fire
|move|p2a: Gholdengo|Nasty Plot|p2a: Gholdengo
|-boost|p2a: Gholdengo|spa|2
|move|p1a: Hatterene|Mystical Fire|p2a: Gholdengo
|-supereffective|p2a: Gholdengo
|-damage|p2a: Gholdengo|8/100
|-unboost|p2a: Gholdengo|spa|1
|-enditem|p2a: Gholdengo|Air Balloon
|
|-heal|p1a: Hatterene|100/100|[from] item: Leftovers
|upkeep
|turn|10
|
|t:|1779621202
|move|p2a: Gholdengo|Shadow Ball|p1a: Hatterene
|-damage|p1a: Hatterene|62/100
|-unboost|p1a: Hatterene|spd|1
|move|p1a: Hatterene|Draining Kiss|p2a: Gholdengo
|-resisted|p2a: Gholdengo
|-damage|p2a: Gholdengo|0 fnt
|-heal|p1a: Hatterene|71/100|[from] drain|[of] p2a: Gholdengo
|faint|p2a: Gholdengo
|
|-heal|p1a: Hatterene|77/100|[from] item: Leftovers
|upkeep
|
|t:|1779621208
|switch|p2a: Iron Treads|Iron Treads|100/100
|-enditem|p2a: Iron Treads|Booster Energy
|-activate|p2a: Iron Treads|ability: Quark Drive|[fromitem]
|-start|p2a: Iron Treads|quarkdrivespe
|turn|11
|
|t:|1779621215
|move|p2a: Iron Treads|Earthquake|p1a: Hatterene
|-supereffective|p1a: Hatterene
|-damage|p1a: Hatterene|0 fnt
|faint|p1a: Hatterene
|
|upkeep
|
|t:|1779621224
|switch|p1a: Scrafty|Scrafty, M|100/100
|-damage|p1a: Scrafty|84/100|[from] Spikes
|turn|12
|
|t:|1779621229
|-end|p2a: Iron Treads|Quark Drive|[silent]
|switch|p2a: Clefable|Clefable, F|100/100
|move|p1a: Scrafty|Bulk Up|p1a: Scrafty
|-boost|p1a: Scrafty|atk|1
|-boost|p1a: Scrafty|def|1
|
|-heal|p1a: Scrafty|90/100|[from] item: Leftovers
|upkeep
|turn|13
|
|t:|1779621233
|move|p2a: Clefable|Moonblast|p1a: Scrafty
|-supereffective|p1a: Scrafty
|-damage|p1a: Scrafty|0 fnt
|faint|p1a: Scrafty
|
|upkeep
|
|t:|1779621236
|switch|p1a: Iron Moth|Iron Moth|100/100
|-damage|p1a: Iron Moth|84/100|[from] Spikes
|-enditem|p1a: Iron Moth|Booster Energy
|-activate|p1a: Iron Moth|ability: Quark Drive|[fromitem]
|-start|p1a: Iron Moth|quarkdrivespa
|turn|14
|inactive|greenbeanketamine has 120 seconds left.
|
|t:|1779621269
|move|p1a: Iron Moth|Fiery Dance|p2a: Clefable
|-damage|p2a: Clefable|49/100
|-boost|p1a: Iron Moth|spa|1
|move|p2a: Clefable|Stealth Rock|p1a: Iron Moth
|-sidestart|p1: ekekdkdmdmwksl|move: Stealth Rock
|
|-heal|p2a: Clefable|55/100|[from] item: Leftovers
|upkeep
|turn|15
|
|t:|1779621278
|move|p1a: Iron Moth|Sludge Wave|p2a: Clefable
|-supereffective|p2a: Clefable
|-damage|p2a: Clefable|0 fnt
|faint|p2a: Clefable
|
|upkeep
|
|t:|1779621284
|switch|p2a: Iron Treads|Iron Treads|100/100
|turn|16
|
|t:|1779621297
|-terastallize|p2a: Iron Treads|Ghost
|move|p1a: Iron Moth|Fiery Dance|p2a: Iron Treads
|-damage|p2a: Iron Treads|0 fnt
|-boost|p1a: Iron Moth|spa|1
|faint|p2a: Iron Treads
|-end|p2a: Iron Treads|Quark Drive|[silent]
|
|upkeep
|c|☆greenbeanketamine|shiiiiii
|
|t:|1779621310
|switch|p2a: Dragonite|Dragonite, F|85/100
|turn|17
|
|t:|1779621313
|move|p1a: Iron Moth|Dazzling Gleam|p2a: Dragonite
|-supereffective|p2a: Dragonite
|-damage|p2a: Dragonite|0 fnt
|faint|p2a: Dragonite
|
|upkeep
|
|t:|1779621319
|switch|p2a: Zamazenta|Zamazenta|100/100
|-ability|p2a: Zamazenta|Dauntless Shield|boost
|-boost|p2a: Zamazenta|def|1
|turn|18
|c|☆greenbeanketamine|wp
|
|t:|1779621325
|move|p1a: Iron Moth|Dazzling Gleam|p2a: Zamazenta
|-supereffective|p2a: Zamazenta
|-damage|p2a: Zamazenta|0 fnt
|faint|p2a: Zamazenta
|
|win|ekekdkdmdmwksl
|raw|ekekdkdmdmwksl's rating: 1274 &rarr; <strong>1304</strong><br />(+30 for winning)
|raw|greenbeanketamine's rating: 1338 &rarr; <strong>1314</strong><br />(-24 for losing)
|l|☆greenbeanketamine
|player|p2|
|l|‽ekekdkdmdmwksl
|player|p1|
