|j|☆shauryagarchamp
|j|☆CArcher
|t:|1779584350
|gametype|singles
|player|p1|shauryagarchamp|elesa-masters3|1116
|player|p2|CArcher|steven|1163
|gen|9
|tier|[Gen 9] OU
|rated|
|rule|HP Percentage Mod: HP is shown in percentages
|rule|Endless Battle Clause: Forcing endless battles is banned
|rule|Species Clause: Limit one of each Pokémon
|rule|OHKO Clause: OHKO moves are banned
|rule|Evasion Items Clause: Evasion items are banned
|rule|Evasion Moves Clause: Evasion moves are banned
|rule|Evasion Abilities Clause: Evasion abilities are banned
|rule|Sleep Moves Clause: Sleep-inducing moves are banned
|clearpoke
|poke|p1|Weezing-Galar, M|
|poke|p1|Goodra-Hisui, F|
|poke|p1|Ceruledge, M|
|poke|p1|Thundurus-Therian, M|
|poke|p1|Weavile, F|
|poke|p1|Gastrodon-East, F|
|poke|p2|Kyurem|
|poke|p2|Hatterene, F|
|poke|p2|Darkrai|
|poke|p2|Great Tusk|
|poke|p2|Dragonite, F|
|poke|p2|Gholdengo|
|teampreview
|inactive|Battle timer is ON: inactive players will automatically lose when time's up. (requested by shauryagarchamp)
|
|t:|1779584359
|teamsize|p1|6
|teamsize|p2|6
|start
|switch|p1a: Gastrodon|Gastrodon-East, F|100/100
|switch|p2a: Great Tusk|Great Tusk|100/100
|turn|1
|
|t:|1779584367
|move|p2a: Great Tusk|Stealth Rock|p1a: Gastrodon
|-sidestart|p1: shauryagarchamp|move: Stealth Rock
|move|p1a: Gastrodon|Ice Beam|p2a: Great Tusk
|-supereffective|p2a: Great Tusk
|-damage|p2a: Great Tusk|49/100
|-status|p2a: Great Tusk|frz
|
|-heal|p2a: Great Tusk|55/100 frz|[from] item: Leftovers
|upkeep
|turn|2
|
|t:|1779584390
|-end|p2a: Great Tusk|Protosynthesis|[silent]
|switch|p2a: Gholdengo|Gholdengo|100/100
|move|p1a: Gastrodon|Ice Beam|p2a: Gholdengo
|-resisted|p2a: Gholdengo
|-damage|p2a: Gholdengo|90/100
|
|upkeep
|turn|3
|c|☆shauryagarchamp|Lucky freeze°
|
|t:|1779584401
|move|p2a: Gholdengo|Nasty Plot|p2a: Gholdengo
|-boost|p2a: Gholdengo|spa|2
|move|p1a: Gastrodon|Stealth Rock|p2a: Gholdengo
|-sidestart|p2: CArcher|move: Stealth Rock
|
|upkeep
|turn|4
|
|t:|1779584408
|move|p2a: Gholdengo|Psyshock|p1a: Gastrodon
|-damage|p1a: Gastrodon|41/100
|move|p1a: Gastrodon|Ice Beam|p2a: Gholdengo
|-resisted|p2a: Gholdengo
|-damage|p2a: Gholdengo|78/100
|
|upkeep
|turn|5
|
|t:|1779584415
|move|p2a: Gholdengo|Psyshock|p1a: Gastrodon
|-damage|p1a: Gastrodon|0 fnt
|faint|p1a: Gastrodon
|
|upkeep
|
|t:|1779584419
|switch|p1a: Full utility|Weavile, F|100/100
|-damage|p1a: Full utility|76/100|[from] Stealth Rock
|turn|6
|
|t:|1779584431
|move|p1a: Full utility|Knock Off|p2a: Gholdengo
|-supereffective|p2a: Gholdengo
|-damage|p2a: Gholdengo|0 fnt
|-enditem|p2a: Gholdengo|Shuca Berry|[from] move: Knock Off|[of] p1a: Full utility
|faint|p2a: Gholdengo
|
|upkeep
|
|t:|1779584434
|switch|p2a: Darkrai|Darkrai|100/100
|-damage|p2a: Darkrai|88/100|[from] Stealth Rock
|turn|7
|
|t:|1779584443
|move|p2a: Darkrai|Will-O-Wisp|p1a: Full utility
|-status|p1a: Full utility|brn
|move|p1a: Full utility|Low Sweep|p2a: Darkrai
|-supereffective|p2a: Darkrai
|-damage|p2a: Darkrai|61/100
|-unboost|p2a: Darkrai|spe|1
|
|-damage|p1a: Full utility|70/100 brn|[from] brn
|upkeep
|turn|8
|
|t:|1779584458
|switch|p2a: Hatterene|Hatterene, F|100/100
|-damage|p2a: Hatterene|88/100|[from] Stealth Rock
|move|p1a: Full utility|Taunt|p2a: Hatterene
|move|p2a: Hatterene|Taunt|p1a: Full utility|[from] ability: Magic Bounce
|-start|p1a: Full utility|move: Taunt
|
|-damage|p1a: Full utility|64/100 brn|[from] brn
|upkeep
|turn|9
|
|t:|1779584471
|move|p1a: Full utility|Knock Off|p2a: Hatterene
|-damage|p2a: Hatterene|67/100
|-damage|p1a: Full utility|47/100 brn|[from] item: Rocky Helmet|[of] p2a: Hatterene
|-enditem|p2a: Hatterene|Rocky Helmet|[from] move: Knock Off|[of] p1a: Full utility
|move|p2a: Hatterene|Draining Kiss|p1a: Full utility
|-supereffective|p1a: Full utility
|-damage|p1a: Full utility|0 fnt
|-heal|p2a: Hatterene|98/100|[from] drain|[of] p1a: Full utility
|faint|p1a: Full utility
|
|upkeep
|c|☆shauryagarchamp|Ice*
|c|☆shauryagarchamp|Lol
|c|☆shauryagarchamp|!
|
|t:|1779584495
|switch|p1a: Long time bud|Ceruledge, M, shiny|100/100
|-damage|p1a: Long time bud|76/100|[from] Stealth Rock
|turn|10
|
|t:|1779584504
|switch|p2a: Great Tusk|Great Tusk|55/100 frz
|-damage|p2a: Great Tusk|52/100 frz|[from] Stealth Rock
|move|p1a: Long time bud|Swords Dance|p1a: Long time bud
|-boost|p1a: Long time bud|atk|2
|
|-heal|p2a: Great Tusk|58/100 frz|[from] item: Leftovers
|upkeep
|turn|11
|
|t:|1779584521
|-terastallize|p1a: Long time bud|Grass
|cant|p2a: Great Tusk|frz
|move|p1a: Long time bud|Bitter Blade|p2a: Great Tusk
|-damage|p2a: Great Tusk|4/100 frz
|-heal|p1a: Long time bud|100/100|[from] drain|[of] p2a: Great Tusk
|-curestatus|p2a: Great Tusk|frz|[msg]
|
|-heal|p2a: Great Tusk|11/100|[from] item: Leftovers
|upkeep
|turn|12
|c|☆CArcher|Little late Tusk
|c|☆shauryagarchamp|Omg he thawed
|inactive|CArcher has 120 seconds left.
|
|t:|1779584556
|-end|p2a: Great Tusk|Protosynthesis|[silent]
|switch|p2a: Dragonite|Dragonite, F|100/100
|move|p1a: Long time bud|Shadow Sneak|p2a: Dragonite
|-damage|p2a: Dragonite|80/100
|
|upkeep
|turn|13
|c|☆shauryagarchamp|Faster!lol 😂
|inactive|CArcher has 120 seconds left.
|
|t:|1779584571
|switch|p1a: Ehgh ehhh|Weezing-Galar, M|100/100
|-damage|p1a: Ehgh ehhh|88/100|[from] Stealth Rock
|move|p2a: Dragonite|Extreme Speed|p1a: Ehgh ehhh
|-damage|p1a: Ehgh ehhh|64/100
|
|-heal|p1a: Ehgh ehhh|70/100|[from] item: Black Sludge
|upkeep
|turn|14
|inactive|CArcher has 120 seconds left.
|
|t:|1779584585
|switch|p2a: Hatterene|Hatterene, F|98/100
|-damage|p2a: Hatterene|86/100|[from] Stealth Rock
|move|p1a: Ehgh ehhh|Will-O-Wisp|p2a: Hatterene
|move|p2a: Hatterene|Will-O-Wisp|p1a: Ehgh ehhh|[from] ability: Magic Bounce
|-status|p1a: Ehgh ehhh|brn
|
|-heal|p1a: Ehgh ehhh|76/100 brn|[from] item: Black Sludge
|-damage|p1a: Ehgh ehhh|70/100 brn|[from] brn
|upkeep
|turn|15
|c|☆shauryagarchamp|He thawed at the end moment!😅
|c|☆CArcher|Right?
|
|t:|1779584608
|switch|p1a: Long time bud|Ceruledge, M, shiny, tera:Grass|100/100
|-damage|p1a: Long time bud|88/100|[from] Stealth Rock
|move|p2a: Hatterene|Psychic Noise|p1a: Long time bud
|-damage|p1a: Long time bud|56/100
|-start|p1a: Long time bud|move: Heal Block
|
|upkeep
|turn|16
|c|☆CArcher|Would have been great earlier
|inactive|CArcher has 120 seconds left.
|
|t:|1779584624
|move|p1a: Long time bud|Swords Dance|p1a: Long time bud
|-boost|p1a: Long time bud|atk|2
|move|p2a: Hatterene|Nuzzle|p1a: Long time bud
|-resisted|p1a: Long time bud
|-damage|p1a: Long time bud|54/100
|-status|p1a: Long time bud|par
|
|-end|p1a: Long time bud|move: Heal Block
|upkeep
|turn|17
|c|☆shauryagarchamp|Hmn@
|inactive|CArcher has 120 seconds left.
|
|t:|1779584640
|switch|p2a: Dragonite|Dragonite, F|80/100
|move|p1a: Long time bud|Bitter Blade|p2a: Dragonite
|-resisted|p2a: Dragonite
|-damage|p2a: Dragonite|30/100
|-heal|p1a: Long time bud|81/100 par|[from] drain|[of] p2a: Dragonite
|
|upkeep
|turn|18
|inactive|CArcher has 120 seconds left.
|
|t:|1779584649
|-terastallize|p2a: Dragonite|Normal
|move|p2a: Dragonite|Roost|p2a: Dragonite
|-heal|p2a: Dragonite|80/100
|move|p1a: Long time bud|Bitter Blade|p2a: Dragonite
|-damage|p2a: Dragonite|0 fnt
|-heal|p1a: Long time bud|100/100 par|[from] drain|[of] p2a: Dragonite
|faint|p2a: Dragonite
|
|upkeep
|inactive|CArcher has 120 seconds left.
|
|t:|1779584656
|switch|p2a: Kyurem|Kyurem|100/100
|-damage|p2a: Kyurem|76/100|[from] Stealth Rock
|-ability|p2a: Kyurem|Pressure
|turn|19
|c|☆shauryagarchamp|Oh,did the ability went doen?
|c|☆shauryagarchamp|Down*
|
|t:|1779584672
|move|p1a: Long time bud|Shadow Sneak|p2a: Kyurem
|-damage|p2a: Kyurem|40/100
|move|p2a: Kyurem|Freeze-Dry|p1a: Long time bud
|-supereffective|p1a: Long time bud
|-damage|p1a: Long time bud|24/100 par
|-enditem|p1a: Long time bud|Sitrus Berry|[eat]
|-heal|p1a: Long time bud|49/100 par|[from] item: Sitrus Berry
|
|upkeep
|turn|20
|c|☆CArcher|multiscale is only at full health
|inactive|CArcher has 120 seconds left.
|
|t:|1779584688
|move|p2a: Kyurem|Freeze-Dry|p1a: Long time bud
|-supereffective|p1a: Long time bud
|-damage|p1a: Long time bud|0 fnt
|faint|p1a: Long time bud
|
|upkeep
|
|t:|1779584704
|switch|p1a: Goodra|Goodra-Hisui, F|100/100
|-damage|p1a: Goodra|94/100|[from] Stealth Rock
|turn|21
|c|☆shauryagarchamp|Mjm!
|
|t:|1779584715
|move|p2a: Kyurem|Earth Power|p1a: Goodra
|-supereffective|p1a: Goodra
|-damage|p1a: Goodra|48/100
|move|p1a: Goodra|Dragon Tail|p2a: Kyurem
|-supereffective|p2a: Kyurem
|-damage|p2a: Kyurem|3/100
|drag|p2a: Darkrai|Darkrai|61/100
|-damage|p2a: Darkrai|49/100|[from] Stealth Rock
|
|-heal|p1a: Goodra|54/100|[from] item: Leftovers
|upkeep
|turn|22
|
|t:|1779584731
|move|p2a: Darkrai|Will-O-Wisp|p1a: Goodra
|-status|p1a: Goodra|brn
|move|p1a: Goodra|Surf|p2a: Darkrai
|-damage|p2a: Darkrai|14/100
|
|-heal|p1a: Goodra|60/100 brn|[from] item: Leftovers
|-damage|p1a: Goodra|54/100 brn|[from] brn
|upkeep
|turn|23
|inactive|CArcher has 120 seconds left.
|
|t:|1779584747
|switch|p2a: Great Tusk|Great Tusk|11/100
|-damage|p2a: Great Tusk|7/100|[from] Stealth Rock
|move|p1a: Goodra|Surf|p2a: Great Tusk
|-supereffective|p2a: Great Tusk
|-damage|p2a: Great Tusk|0 fnt
|faint|p2a: Great Tusk
|-end|p2a: Great Tusk|Protosynthesis|[silent]
|
|-heal|p1a: Goodra|60/100 brn|[from] item: Leftovers
|-damage|p1a: Goodra|54/100 brn|[from] brn
|upkeep
|
|t:|1779584748
|switch|p2a: Hatterene|Hatterene, F|86/100
|-damage|p2a: Hatterene|74/100|[from] Stealth Rock
|turn|24
|c|☆shauryagarchamp|Dark boi is sus!
|
|t:|1779584757
|move|p1a: Goodra|Substitute|p1a: Goodra
|-start|p1a: Goodra|Substitute
|-damage|p1a: Goodra|29/100 brn
|move|p2a: Hatterene|Draining Kiss|p1a: Goodra
|-activate|p1a: Goodra|move: Substitute|[damage]
|-heal|p2a: Hatterene|86/100|[from] drain|[of] p1a: Goodra
|
|-heal|p1a: Goodra|35/100 brn|[from] item: Leftovers
|-damage|p1a: Goodra|29/100 brn|[from] brn
|upkeep
|turn|25
|
|t:|1779584763
|move|p1a: Goodra|Earthquake|p2a: Hatterene
|-damage|p2a: Hatterene|74/100
|move|p2a: Hatterene|Draining Kiss|p1a: Goodra
|-end|p1a: Goodra|Substitute
|-heal|p2a: Hatterene|83/100|[from] drain|[of] p1a: Goodra
|
|-heal|p1a: Goodra|35/100 brn|[from] item: Leftovers
|-damage|p1a: Goodra|29/100 brn|[from] brn
|upkeep
|turn|26
|c|☆shauryagarchamp|That kiss was hard!
|c|☆shauryagarchamp|Lol!
|
|t:|1779584785
|switch|p1a: Thundurus|Thundurus-Therian, M|100/100
|move|p2a: Hatterene|Draining Kiss|p1a: Thundurus
|-damage|p1a: Thundurus|70/100
|-heal|p2a: Hatterene|100/100|[from] drain|[of] p1a: Thundurus
|
|upkeep
|turn|27
|
|t:|1779584794
|move|p1a: Thundurus|U-turn|p2a: Hatterene
|-damage|p2a: Hatterene|89/100
|
|t:|1779584797
|switch|p1a: Goodra|Goodra-Hisui, F|29/100 brn|[from] U-turn
|-damage|p1a: Goodra|23/100 brn|[from] Stealth Rock
|move|p2a: Hatterene|Psychic Noise|p1a: Goodra
|-resisted|p1a: Goodra
|-damage|p1a: Goodra|13/100 brn
|-start|p1a: Goodra|move: Heal Block
|
|-damage|p1a: Goodra|7/100 brn|[from] brn
|upkeep
|turn|28
|
|t:|1779584806
|move|p1a: Goodra|Surf|p2a: Hatterene
|-damage|p2a: Hatterene|61/100
|move|p2a: Hatterene|Draining Kiss|p1a: Goodra
|-damage|p1a: Goodra|0 fnt
|-heal|p2a: Hatterene|67/100|[from] drain|[of] p1a: Goodra
|faint|p1a: Goodra
|
|upkeep
|c|☆shauryagarchamp|I cant substitue
|
|t:|1779584818
|switch|p1a: Thundurus|Thundurus-Therian, M|70/100
|turn|29
|
|t:|1779584827
|move|p1a: Thundurus|Nasty Plot|p1a: Thundurus
|-boost|p1a: Thundurus|spa|2
|move|p2a: Hatterene|Psychic Noise|p1a: Thundurus
|-damage|p1a: Thundurus|23/100
|-start|p1a: Thundurus|move: Heal Block
|
|upkeep
|turn|30
|
|t:|1779584835
|move|p1a: Thundurus|Discharge|p2a: Hatterene
|-crit|p2a: Hatterene
|-damage|p2a: Hatterene|0 fnt
|faint|p2a: Hatterene
|
|-end|p1a: Thundurus|move: Heal Block
|upkeep
|c|☆CArcher|welp I’m done
|
|t:|1779584849
|switch|p2a: Darkrai|Darkrai|14/100
|-damage|p2a: Darkrai|2/100|[from] Stealth Rock
|turn|31
|c|☆shauryagarchamp|Lol!
|c|☆shauryagarchamp|Gg!
|c|☆CArcher|Maybe not
|c|☆shauryagarchamp|I dont know who will win!
|inactive|shauryagarchamp has 120 seconds left.
|
|t:|1779584879
|move|p2a: Darkrai|Ice Beam|p1a: Thundurus
|-supereffective|p1a: Thundurus
|-damage|p1a: Thundurus|0 fnt
|faint|p1a: Thundurus
|
|upkeep
|c|☆CArcher|One last shot
|inactive|shauryagarchamp has 120 seconds left.
|
|t:|1779584892
|switch|p1a: Ehgh ehhh|Weezing-Galar, M|70/100 brn
|-damage|p1a: Ehgh ehhh|57/100 brn|[from] Stealth Rock
|turn|32
|inactive|shauryagarchamp has 120 seconds left.
|
|t:|1779584900
|move|p2a: Darkrai|Ice Beam|p1a: Ehgh ehhh
|-damage|p1a: Ehgh ehhh|29/100 brn
|move|p1a: Ehgh ehhh|Sludge Bomb|p2a: Darkrai
|-damage|p2a: Darkrai|0 fnt
|faint|p2a: Darkrai
|
|-heal|p1a: Ehgh ehhh|35/100 brn|[from] item: Black Sludge
|-damage|p1a: Ehgh ehhh|29/100 brn|[from] brn
|upkeep
|
|t:|1779584905
|switch|p2a: Kyurem|Kyurem|3/100
|-damage|p2a: Kyurem|0 fnt|[from] Stealth Rock
|faint|p2a: Kyurem
|
|win|shauryagarchamp
|raw|shauryagarchamp's rating: 1116 &rarr; <strong>1144</strong><br />(+28 for winning)
|raw|CArcher's rating: 1163 &rarr; <strong>1135</strong><br />(-28 for losing)
|c|☆shauryagarchamp|I dont actually have a startegy!
|c|☆CArcher|So close
|c|☆shauryagarchamp|Just sludge bomb
|c|☆shauryagarchamp|Yes
|c|☆shauryagarchamp|Gg!
|c|☆CArcher|gg
|c|☆shauryagarchamp|Wp
|l|☆shauryagarchamp
|player|p1|
|c|☆CArcher|Same to you
