|j|☆quolius
|j|☆No Bithes?????
|t:|1779627263
|gametype|singles
|player|p1|quolius|170|1536
|player|p2|No Bithes?????|265|1533
|gen|9
|tier|[Gen 9] OU
|rated|
|rule|HP Percentage Mod: HP is shown in percentages
|rule|Endless Battle Clause: Forcing endless battles is banned
|rule|Species Clause: Limit one of each Pokémon
|rule|OHKO Clause: OHKO moves are banned
|rule|Evasion Items Clause: Evasion items are banned
|rule|Evasion Moves Clause: Evasion moves are banned
|rule|Evasion Abilities Clause: Evasion abilities are banned
|rule|Sleep Moves Clause: Sleep-inducing moves are banned
|clearpoke
|poke|p1|Wo-Chien|
|poke|p1|Torkoal, F|
|poke|p1|Walking Wake|
|poke|p1|Cinderace, M|
|poke|p1|Clefable, F|
|poke|p1|Great Tusk|
|poke|p2|Great Tusk|
|poke|p2|Deoxys-Speed|
|poke|p2|Zamazenta-*|
|poke|p2|Ceruledge, M|
|poke|p2|Ogerpon-Wellspring, F|
|poke|p2|Raging Bolt|
|teampreview
|inactive|Battle timer is ON: inactive players will automatically lose when time's up. (requested by quolius)
|l|☆quolius
|inactive|quolius disconnected and has a minute to reconnect!
|player|p1|
|
|t:|1779627310
|teamsize|p1|6
|teamsize|p2|6
|start
|switch|p1a: Torkoal|Torkoal, F|100/100
|switch|p2a: Deoxys|Deoxys-Speed|100/100
|-ability|p2a: Deoxys|Pressure
|-weather|SunnyDay|[from] ability: Drought|[of] p1a: Torkoal
|turn|1
|j|☆quolius
|inactive|quolius reconnected and has 150 seconds left.
|player|p1|quolius|170|
|
|t:|1779627325
|switch|p1a: Walking Wake|Walking Wake|100/100
|-activate|p1a: Walking Wake|ability: Protosynthesis
|-start|p1a: Walking Wake|protosynthesisspe
|move|p2a: Deoxys|Taunt|p1a: Walking Wake
|-start|p1a: Walking Wake|move: Taunt
|
|-weather|SunnyDay|[upkeep]
|upkeep
|turn|2
|
|t:|1779627333
|move|p1a: Walking Wake|Draco Meteor|p2a: Deoxys
|-damage|p2a: Deoxys|0 fnt
|-unboost|p1a: Walking Wake|spa|2
|faint|p2a: Deoxys
|
|-weather|SunnyDay|[upkeep]
|upkeep
|l|☆quolius
|inactive|quolius disconnected and has a minute to reconnect!
|player|p1|
|j|☆quolius
|inactive|quolius reconnected.
|player|p1|quolius|170|
|
|t:|1779627362
|switch|p2a: Ceruledge|Ceruledge, M|100/100
|turn|3
|
|t:|1779627370
|-end|p1a: Walking Wake|Protosynthesis|[silent]
|switch|p1a: Great Tusk|Great Tusk|100/100
|-activate|p1a: Great Tusk|ability: Protosynthesis
|-start|p1a: Great Tusk|protosynthesisspe
|move|p2a: Ceruledge|Poltergeist|p1a: Great Tusk
|-activate|p1a: Great Tusk|move: Poltergeist|Rocky Helmet
|-damage|p1a: Great Tusk|54/100
|-damage|p2a: Ceruledge|90/100|[from] item: Life Orb
|
|-weather|SunnyDay|[upkeep]
|upkeep
|turn|4
|
|t:|1779627376
|switch|p2a: Ogerpon|Ogerpon-Wellspring, F|100/100
|move|p1a: Great Tusk|Headlong Rush|p2a: Ogerpon
|-resisted|p2a: Ogerpon
|-damage|p2a: Ogerpon|66/100
|-unboost|p1a: Great Tusk|def|1
|-unboost|p1a: Great Tusk|spd|1
|
|-weather|SunnyDay|[upkeep]
|upkeep
|turn|5
|
|t:|1779627383
|-end|p1a: Great Tusk|Protosynthesis|[silent]
|switch|p1a: Walking Wake|Walking Wake|100/100
|-activate|p1a: Walking Wake|ability: Protosynthesis
|-start|p1a: Walking Wake|protosynthesisspe
|move|p2a: Ogerpon|Trailblaze|p1a: Walking Wake
|-damage|p1a: Walking Wake|65/100
|-boost|p2a: Ogerpon|spe|1
|
|-weather|SunnyDay|[upkeep]
|upkeep
|turn|6
|l|☆quolius
|inactive|quolius disconnected and has a minute to reconnect!
|player|p1|
|
|t:|1779627401
|move|p1a: Walking Wake|Draco Meteor|p2a: Ogerpon
|-damage|p2a: Ogerpon|0 fnt
|-unboost|p1a: Walking Wake|spa|2
|faint|p2a: Ogerpon
|
|-weather|SunnyDay|[upkeep]
|upkeep
|j|☆quolius
|inactive|quolius reconnected.
|player|p1|quolius|170|
|
|t:|1779627416
|switch|p2a: Ceruledge|Ceruledge, M|90/100
|turn|7
|
|t:|1779627423
|-end|p1a: Walking Wake|Protosynthesis|[silent]
|switch|p1a: Great Tusk|Great Tusk|54/100
|-activate|p1a: Great Tusk|ability: Protosynthesis
|-start|p1a: Great Tusk|protosynthesisspe
|move|p2a: Ceruledge|Poltergeist|p1a: Great Tusk
|-activate|p1a: Great Tusk|move: Poltergeist|Rocky Helmet
|-damage|p1a: Great Tusk|6/100
|-damage|p2a: Ceruledge|80/100|[from] item: Life Orb
|
|-weather|SunnyDay|[upkeep]
|upkeep
|turn|8
|
|t:|1779627433
|move|p2a: Ceruledge|Shadow Sneak|p1a: Great Tusk
|-damage|p1a: Great Tusk|0 fnt
|-damage|p2a: Ceruledge|64/100|[from] item: Rocky Helmet|[of] p1a: Great Tusk
|faint|p1a: Great Tusk
|-end|p1a: Great Tusk|Protosynthesis|[silent]
|-damage|p2a: Ceruledge|54/100|[from] item: Life Orb
|
|-weather|none
|upkeep
|
|t:|1779627440
|switch|p1a: Walking Wake|Walking Wake|65/100
|turn|9
|inactive|No Bithes????? has 120 seconds left.
|
|t:|1779627473
|switch|p2a: Zamazenta|Zamazenta|100/100
|-ability|p2a: Zamazenta|Dauntless Shield|boost
|-boost|p2a: Zamazenta|def|1
|move|p1a: Walking Wake|Draco Meteor|p2a: Zamazenta
|-damage|p2a: Zamazenta|12/100
|-unboost|p1a: Walking Wake|spa|2
|
|-heal|p2a: Zamazenta|18/100|[from] item: Leftovers
|upkeep
|turn|10
|
|t:|1779627483
|-end|p1a: Walking Wake|Protosynthesis|[silent]
|switch|p1a: Torkoal|Torkoal, F|100/100
|-weather|SunnyDay|[from] ability: Drought|[of] p1a: Torkoal
|move|p2a: Zamazenta|Roar|p1a: Torkoal
|drag|p1a: Walking Wake|Walking Wake|65/100
|-activate|p1a: Walking Wake|ability: Protosynthesis
|-start|p1a: Walking Wake|protosynthesisspe
|
|-weather|SunnyDay|[upkeep]
|-heal|p2a: Zamazenta|24/100|[from] item: Leftovers
|upkeep
|turn|11
|
|t:|1779627488
|move|p1a: Walking Wake|Hydro Steam|p2a: Zamazenta
|-damage|p2a: Zamazenta|0 fnt
|faint|p2a: Zamazenta
|
|-weather|SunnyDay|[upkeep]
|upkeep
|
|t:|1779627492
|switch|p2a: Raging Bolt|Raging Bolt|100/100
|-activate|p2a: Raging Bolt|ability: Protosynthesis
|-start|p2a: Raging Bolt|protosynthesisspa
|turn|12
|
|t:|1779627502
|-end|p1a: Walking Wake|Protosynthesis|[silent]
|switch|p1a: Torkoal|Torkoal, F|100/100
|move|p2a: Raging Bolt|Calm Mind|p2a: Raging Bolt
|-boost|p2a: Raging Bolt|spa|1
|-boost|p2a: Raging Bolt|spd|1
|
|-weather|SunnyDay|[upkeep]
|upkeep
|turn|13
|
|t:|1779627506
|move|p2a: Raging Bolt|Calm Mind|p2a: Raging Bolt
|-boost|p2a: Raging Bolt|spa|1
|-boost|p2a: Raging Bolt|spd|1
|move|p1a: Torkoal|Earthquake|p2a: Raging Bolt
|-supereffective|p2a: Raging Bolt
|-damage|p2a: Raging Bolt|64/100
|
|-weather|SunnyDay|[upkeep]
|upkeep
|turn|14
|
|t:|1779627516
|move|p2a: Raging Bolt|Thunderbolt|p1a: Torkoal
|-damage|p1a: Torkoal|0 fnt
|faint|p1a: Torkoal
|
|-weather|SunnyDay|[upkeep]
|upkeep
|
|t:|1779627529
|switch|p1a: Wo-Chien|Wo-Chien|100/100
|-ability|p1a: Wo-Chien|Tablets of Ruin
|turn|15
|
|t:|1779627537
|move|p1a: Wo-Chien|Knock Off|p2a: Raging Bolt
|-damage|p2a: Raging Bolt|23/100
|-enditem|p2a: Raging Bolt|Booster Energy|[from] move: Knock Off|[of] p1a: Wo-Chien
|-damage|p1a: Wo-Chien|91/100|[from] item: Life Orb
|move|p2a: Raging Bolt|Dragon Pulse|p1a: Wo-Chien
|-damage|p1a: Wo-Chien|0 fnt
|faint|p1a: Wo-Chien
|
|-weather|SunnyDay|[upkeep]
|upkeep
|
|t:|1779627545
|switch|p1a: Clefable|Clefable, F|100/100
|turn|16
|j| dr6ke
|
|t:|1779627570
|move|p2a: Raging Bolt|Thunderbolt|p1a: Clefable
|-damage|p1a: Clefable|0 fnt
|faint|p1a: Clefable
|
|-weather|SunnyDay|[upkeep]
|upkeep
|
|t:|1779627581
|switch|p1a: Cinderace|Cinderace, M|100/100
|-item|p1a: Cinderace|Air Balloon
|turn|17
|
|t:|1779627588
|move|p2a: Raging Bolt|Thunderclap||[still]
|-fail|p2a: Raging Bolt
|move|p1a: Cinderace|Swords Dance|p1a: Cinderace
|-boost|p1a: Cinderace|atk|2
|
|-weather|none
|-end|p2a: Raging Bolt|Protosynthesis
|upkeep
|turn|18
|
|t:|1779627593
|move|p2a: Raging Bolt|Thunderclap|p1a: Cinderace
|-damage|p1a: Cinderace|0 fnt
|-enditem|p1a: Cinderace|Air Balloon
|faint|p1a: Cinderace
|
|upkeep
|
|t:|1779627595
|switch|p1a: Walking Wake|Walking Wake|65/100
|turn|19
|
|t:|1779627598
|move|p2a: Raging Bolt|Thunderclap|p1a: Walking Wake
|-crit|p1a: Walking Wake
|-damage|p1a: Walking Wake|0 fnt
|faint|p1a: Walking Wake
|-end|p1a: Walking Wake|Protosynthesis|[silent]
|
|win|No Bithes?????
|raw|quolius's rating: 1536 &rarr; <strong>1516</strong><br />(-20 for losing)
|raw|No Bithes?????'s rating: 1533 &rarr; <strong>1553</strong><br />(+20 for winning)
|l|☆quolius
|player|p1|
|c|☆No Bithes?????|gg
|l|☆No Bithes?????
|player|p2|
|l| dr6ke
