|j|☆rbie1m
|j|☆PrinceKu
|t:|1779691882
|gametype|singles
|player|p1|rbie1m|lance|1126
|player|p2|PrinceKu|flannery|1129
|gen|9
|tier|[Gen 9] OU
|rated|
|rule|HP Percentage Mod: HP is shown in percentages
|rule|Endless Battle Clause: Forcing endless battles is banned
|rule|Species Clause: Limit one of each Pokémon
|rule|OHKO Clause: OHKO moves are banned
|rule|Evasion Items Clause: Evasion items are banned
|rule|Evasion Moves Clause: Evasion moves are banned
|rule|Evasion Abilities Clause: Evasion abilities are banned
|rule|Sleep Moves Clause: Sleep-inducing moves are banned
|clearpoke
|poke|p1|Pelipper, F|
|poke|p1|Tornadus-Therian, M|
|poke|p1|Alomomola, F|
|poke|p1|Swampert, F|
|poke|p1|Dragonite, M|
|poke|p1|Raging Bolt|
|poke|p2|Golurk|
|poke|p2|Lycanroc-Midnight, M|
|poke|p2|Golduck, F|
|poke|p2|Gardevoir, M|
|poke|p2|Furret, M|
|poke|p2|Clodsire, M|
|teampreview
|inactive|Battle timer is ON: inactive players will automatically lose when time's up. (requested by PrinceKu)
|
|t:|1779691888
|teamsize|p1|6
|teamsize|p2|6
|start
|switch|p1a: Pelipper|Pelipper, F, shiny|100/100
|switch|p2a: Golduck|Golduck, F|100/100
|-weather|RainDance|[from] ability: Drizzle|[of] p1a: Pelipper
|turn|1
|
|t:|1779691896
|move|p2a: Golduck|Simple Beam|p1a: Pelipper
|-ability|p1a: Pelipper|Simple|Drizzle|[from] move: Simple Beam
|move|p1a: Pelipper|Tailwind|p1a: Pelipper
|-sidestart|p1: rbie1m|move: Tailwind
|
|-weather|RainDance|[upkeep]
|upkeep
|turn|2
|
|t:|1779691909
|switch|p2a: Gardevoir|Gardevoir, M|100/100
|-ability|p2a: Gardevoir|Simple|Trace|[from] ability: Trace|[of] p1a: Pelipper
|switch|p1a: Raging Bolt|Raging Bolt|100/100
|
|-weather|RainDance|[upkeep]
|upkeep
|turn|3
|
|t:|1779691921
|move|p1a: Raging Bolt|Volt Switch|p2a: Gardevoir
|-damage|p2a: Gardevoir|61/100
|
|t:|1779691925
|-end|p1a: Raging Bolt|Protosynthesis|[silent]
|switch|p1a: Alomomola|Alomomola, F|100/100|[from] Volt Switch
|move|p2a: Gardevoir|Calm Mind|p2a: Gardevoir
|-boost|p2a: Gardevoir|spa|2
|-boost|p2a: Gardevoir|spd|2
|
|-weather|RainDance|[upkeep]
|upkeep
|turn|4
|
|t:|1779691936
|move|p2a: Gardevoir|Draining Kiss|p1a: Alomomola
|-damage|p1a: Alomomola|58/100
|-heal|p2a: Gardevoir|100/100|[from] drain|[of] p1a: Alomomola
|move|p1a: Alomomola|Mirror Coat|p2a: Gardevoir
|-damage|p2a: Gardevoir|0 fnt
|faint|p2a: Gardevoir
|
|-weather|RainDance|[upkeep]
|-sideend|p1: rbie1m|move: Tailwind
|upkeep
|
|t:|1779691961
|switch|p2a: Furret|Furret, M|100/100
|turn|5
|
|t:|1779691971
|switch|p1a: Tornadus|Tornadus-Therian, M|100/100
|move|p2a: Furret|Tidy Up|p2a: Furret
|-boost|p2a: Furret|atk|1
|-boost|p2a: Furret|spe|1
|
|-weather|RainDance|[upkeep]
|upkeep
|turn|6
|
|t:|1779691984
|move|p2a: Furret|Last Resort|p1a: Tornadus
|-damage|p1a: Tornadus|0 fnt
|-damage|p2a: Furret|84/100|[from] item: Rocky Helmet|[of] p1a: Tornadus
|faint|p1a: Tornadus
|-damage|p2a: Furret|74/100|[from] item: Life Orb
|
|-weather|RainDance|[upkeep]
|upkeep
|
|t:|1779691992
|switch|p1a: Dragonite|Dragonite, M, shiny|100/100
|turn|7
|
|t:|1779692001
|move|p2a: Furret|Last Resort|p1a: Dragonite
|-damage|p1a: Dragonite|46/100
|-damage|p2a: Furret|65/100|[from] item: Life Orb
|move|p1a: Dragonite|Hurricane|p2a: Furret
|-damage|p2a: Furret|6/100
|
|-weather|RainDance|[upkeep]
|upkeep
|turn|8
|
|t:|1779692010
|move|p2a: Furret|Last Resort|p1a: Dragonite
|-damage|p1a: Dragonite|0 fnt
|faint|p1a: Dragonite
|-damage|p2a: Furret|0 fnt|[from] item: Life Orb
|faint|p2a: Furret
|
|-weather|none
|upkeep
|inactive|PrinceKu has 120 seconds left.
|
|t:|1779692042
|switch|p1a: Pelipper|Pelipper, F, shiny|100/100
|switch|p2a: Golduck|Golduck, F|100/100
|-weather|RainDance|[from] ability: Drizzle|[of] p1a: Pelipper
|turn|9
|
|t:|1779692049
|move|p2a: Golduck|Knock Off|p1a: Pelipper
|-damage|p1a: Pelipper|84/100
|-enditem|p1a: Pelipper|Damp Rock|[from] move: Knock Off|[of] p2a: Golduck
|move|p1a: Pelipper|Tailwind|p1a: Pelipper
|-sidestart|p1: rbie1m|move: Tailwind
|
|-weather|RainDance|[upkeep]
|upkeep
|turn|10
|
|t:|1779692062
|switch|p1a: Raging Bolt|Raging Bolt|100/100
|move|p2a: Golduck|Ice Beam|p1a: Raging Bolt
|-supereffective|p1a: Raging Bolt
|-damage|p1a: Raging Bolt|62/100
|
|-weather|RainDance|[upkeep]
|upkeep
|turn|11
|
|t:|1779692071
|move|p1a: Raging Bolt|Thunderclap|p2a: Golduck
|-supereffective|p2a: Golduck
|-damage|p2a: Golduck|2/100
|move|p2a: Golduck|Ice Beam|p1a: Raging Bolt
|-supereffective|p1a: Raging Bolt
|-crit|p1a: Raging Bolt
|-damage|p1a: Raging Bolt|0 fnt
|faint|p1a: Raging Bolt
|-end|p1a: Raging Bolt|Protosynthesis|[silent]
|
|-weather|RainDance|[upkeep]
|upkeep
|
|t:|1779692076
|switch|p1a: Alomomola|Alomomola, F|58/100
|turn|12
|
|t:|1779692085
|move|p2a: Golduck|Knock Off|p1a: Alomomola
|-damage|p1a: Alomomola|49/100
|-enditem|p1a: Alomomola|Assault Vest|[from] move: Knock Off|[of] p2a: Golduck
|move|p1a: Alomomola|Scald|p2a: Golduck
|-resisted|p2a: Golduck
|-damage|p2a: Golduck|0 fnt
|faint|p2a: Golduck
|
|-weather|RainDance|[upkeep]
|-sideend|p1: rbie1m|move: Tailwind
|upkeep
|
|t:|1779692095
|switch|p2a: Clodsire|Clodsire, M|100/100
|turn|13
|
|t:|1779692107
|switch|p1a: Swampert|Swampert, F, shiny|100/100
|move|p2a: Clodsire|Stealth Rock|p1a: Swampert
|-sidestart|p1: rbie1m|move: Stealth Rock
|
|-weather|RainDance|[upkeep]
|upkeep
|turn|14
|
|t:|1779692123
|-terastallize|p1a: Swampert|Ice
|move|p1a: Swampert|Ice Punch|p2a: Clodsire
|-supereffective|p2a: Clodsire
|-damage|p2a: Clodsire|6/100
|-damage|p1a: Swampert|91/100|[from] item: Life Orb
|move|p2a: Clodsire|Spikes|p1a: Swampert
|-sidestart|p1: rbie1m|Spikes
|
|-weather|RainDance|[upkeep]
|-heal|p2a: Clodsire|12/100|[from] item: Black Sludge
|upkeep
|turn|15
|
|t:|1779692132
|move|p1a: Swampert|Liquidation|p2a: Clodsire
|-supereffective|p2a: Clodsire
|-damage|p2a: Clodsire|0 fnt
|faint|p2a: Clodsire
|-damage|p1a: Swampert|81/100|[from] item: Life Orb
|
|-weather|RainDance|[upkeep]
|upkeep
|
|t:|1779692143
|switch|p2a: Golurk|Golurk|100/100
|turn|16
|
|t:|1779692151
|move|p1a: Swampert|Ice Punch|p2a: Golurk
|-supereffective|p2a: Golurk
|-damage|p2a: Golurk|6/100
|-damage|p1a: Swampert|71/100|[from] item: Life Orb
|move|p2a: Golurk|Dynamic Punch|p1a: Swampert
|-supereffective|p1a: Swampert
|-damage|p1a: Swampert|6/100
|-start|p1a: Swampert|confusion
|
|-weather|none
|upkeep
|turn|17
|
|t:|1779692164
|switch|p1a: Pelipper|Pelipper, F, shiny|84/100
|-damage|p1a: Pelipper|60/100|[from] Stealth Rock
|-weather|RainDance|[from] ability: Drizzle|[of] p1a: Pelipper
|move|p2a: Golurk|Poltergeist||[still]
|-fail|p2a: Golurk
|
|-weather|RainDance|[upkeep]
|upkeep
|turn|18
|
|t:|1779692176
|move|p1a: Pelipper|Weather Ball|p2a: Golurk
|-supereffective|p2a: Golurk
|-damage|p2a: Golurk|0 fnt
|faint|p2a: Golurk
|
|-weather|RainDance|[upkeep]
|upkeep
|inactive|PrinceKu has 120 seconds left.
|inactive|PrinceKu has 90 seconds left.
|inactive|PrinceKu has 60 seconds left.
|inactive|PrinceKu has 30 seconds left.
|inactive|PrinceKu has 20 seconds left.
|inactive|PrinceKu has 15 seconds left.
|inactive|PrinceKu has 10 seconds left.
|inactive|PrinceKu has 5 seconds left.
|-message|PrinceKu lost due to inactivity.
|
|win|rbie1m
|raw|rbie1m's rating: 1126 &rarr; <strong>1151</strong><br />(+25 for winning)
|raw|PrinceKu's rating: 1129 &rarr; <strong>1104</strong><br />(-25 for losing)
|l|☆rbie1m
|player|p1|
