|j|☆BananIsac
|j|☆BoGosse971
|t:|1779630657
|gametype|singles
|player|p1|BananIsac|caitlin|1160
|player|p2|BoGosse971|guitarist-gen4|1158
|gen|9
|tier|[Gen 9] OU
|rated|
|rule|HP Percentage Mod: HP is shown in percentages
|rule|Endless Battle Clause: Forcing endless battles is banned
|rule|Species Clause: Limit one of each Pokémon
|rule|OHKO Clause: OHKO moves are banned
|rule|Evasion Items Clause: Evasion items are banned
|rule|Evasion Moves Clause: Evasion moves are banned
|rule|Evasion Abilities Clause: Evasion abilities are banned
|rule|Sleep Moves Clause: Sleep-inducing moves are banned
|clearpoke
|poke|p1|Meowscarada, M|
|poke|p1|Great Tusk|
|poke|p1|Glimmora, F|
|poke|p1|Salamence, F|
|poke|p1|Iron Valiant|
|poke|p1|Tornadus-Therian, M|
|poke|p2|Pelipper, F|
|poke|p2|Politoed, F|
|poke|p2|Barraskewda, F|
|poke|p2|Kingdra, F|
|poke|p2|Ludicolo, M|
|poke|p2|Floatzel, M|
|teampreview
|inactive|Battle timer is ON: inactive players will automatically lose when time's up. (requested by BoGosse971)
|
|t:|1779630671
|teamsize|p1|6
|teamsize|p2|6
|start
|switch|p1a: Great Tusk|Great Tusk|100/100
|switch|p2a: Pelipper|Pelipper, F|100/100
|-weather|RainDance|[from] ability: Drizzle|[of] p2a: Pelipper
|turn|1
|
|t:|1779630679
|move|p1a: Great Tusk|Stealth Rock|p2a: Pelipper
|-sidestart|p2: BoGosse971|move: Stealth Rock
|move|p2a: Pelipper|U-turn|p1a: Great Tusk
|-resisted|p1a: Great Tusk
|-damage|p1a: Great Tusk|98/100
|
|t:|1779630681
|switch|p2a: Ludicolo|Ludicolo, M|100/100|[from] U-turn
|-damage|p2a: Ludicolo|88/100|[from] Stealth Rock
|
|-weather|RainDance|[upkeep]
|-heal|p1a: Great Tusk|100/100|[from] item: Leftovers
|upkeep
|turn|2
|
|t:|1779630694
|move|p2a: Ludicolo|Ice Beam|p1a: Great Tusk
|-supereffective|p1a: Great Tusk
|-damage|p1a: Great Tusk|0 fnt
|faint|p1a: Great Tusk
|-end|p1a: Great Tusk|Protosynthesis|[silent]
|
|-weather|RainDance|[upkeep]
|upkeep
|
|t:|1779630710
|switch|p1a: Tornadus|Tornadus-Therian, M|100/100
|turn|3
|
|t:|1779630719
|move|p2a: Ludicolo|Ice Beam|p1a: Tornadus
|-supereffective|p1a: Tornadus
|-damage|p1a: Tornadus|43/100
|move|p1a: Tornadus|Bleakwind Storm|p2a: Ludicolo
|-supereffective|p2a: Ludicolo
|-damage|p2a: Ludicolo|0 fnt
|faint|p2a: Ludicolo
|
|-weather|RainDance|[upkeep]
|upkeep
|
|t:|1779630727
|switch|p2a: Floatzel|Floatzel, M|100/100
|turn|4
|
|t:|1779630742
|switch|p1a: Iron Valiant|Iron Valiant|100/100
|move|p2a: Floatzel|Ice Spinner|p1a: Iron Valiant
|-damage|p1a: Iron Valiant|69/100
|
|-weather|RainDance|[upkeep]
|upkeep
|turn|5
|
|t:|1779630753
|move|p1a: Iron Valiant|Vacuum Wave|p2a: Floatzel
|-damage|p2a: Floatzel|46/100
|move|p2a: Floatzel|Liquidation|p1a: Iron Valiant
|-damage|p1a: Iron Valiant|0 fnt
|faint|p1a: Iron Valiant
|-end|p1a: Iron Valiant|Quark Drive|[silent]
|
|-weather|RainDance|[upkeep]
|upkeep
|
|t:|1779630773
|switch|p1a: Salamence|Salamence, F|100/100
|turn|6
|
|t:|1779630786
|-terastallize|p1a: Salamence|Steel
|move|p2a: Floatzel|Ice Spinner|p1a: Salamence
|-resisted|p1a: Salamence
|-damage|p1a: Salamence|85/100
|move|p1a: Salamence|Dragon Claw|p2a: Floatzel
|-damage|p2a: Floatzel|0 fnt
|faint|p2a: Floatzel
|-ability|p1a: Salamence|Moxie|boost
|-boost|p1a: Salamence|atk|1
|
|-weather|RainDance|[upkeep]
|upkeep
|
|t:|1779630807
|switch|p2a: Kingdra|Kingdra, F|100/100
|-damage|p2a: Kingdra|88/100|[from] Stealth Rock
|turn|7
|
|t:|1779630816
|move|p2a: Kingdra|Surf|p1a: Salamence
|-damage|p1a: Salamence|0 fnt
|faint|p1a: Salamence
|
|-weather|RainDance|[upkeep]
|upkeep
|
|t:|1779630825
|switch|p1a: Meowscarada|Meowscarada, M|100/100
|turn|8
|
|t:|1779630831
|move|p2a: Kingdra|Surf|p1a: Meowscarada
|-resisted|p1a: Meowscarada
|-damage|p1a: Meowscarada|31/100
|move|p1a: Meowscarada|Play Rough|p2a: Kingdra
|-start|p1a: Meowscarada|typechange|Fairy|[from] ability: Protean
|-supereffective|p2a: Kingdra
|-damage|p2a: Kingdra|0 fnt
|faint|p2a: Kingdra
|
|-weather|none
|upkeep
|
|t:|1779630838
|switch|p2a: Pelipper|Pelipper, F|100/100
|-damage|p2a: Pelipper|76/100|[from] Stealth Rock
|-weather|RainDance|[from] ability: Drizzle|[of] p2a: Pelipper
|turn|9
|
|t:|1779630848
|switch|p1a: Glimmora|Glimmora, F|100/100
|move|p2a: Pelipper|U-turn|p1a: Glimmora
|-resisted|p1a: Glimmora
|-damage|p1a: Glimmora|95/100
|-activate|p1a: Glimmora|ability: Toxic Debris
|-sidestart|p2: BoGosse971|move: Toxic Spikes
|-enditem|p1a: Glimmora|Red Card|[of] p2a: Pelipper
|drag|p2a: Politoed|Politoed, F|100/100
|-damage|p2a: Politoed|88/100|[from] Stealth Rock
|-status|p2a: Politoed|psn
|
|-weather|RainDance|[upkeep]
|-damage|p2a: Politoed|76/100 psn|[from] psn
|upkeep
|turn|10
|
|t:|1779630865
|move|p1a: Glimmora|Sludge Wave|p2a: Politoed
|-damage|p2a: Politoed|32/100 psn
|move|p2a: Politoed|Weather Ball|p1a: Glimmora
|-supereffective|p1a: Glimmora
|-damage|p1a: Glimmora|0 fnt
|faint|p1a: Glimmora
|
|-weather|RainDance|[upkeep]
|-damage|p2a: Politoed|20/100 psn|[from] psn
|upkeep
|
|t:|1779630876
|switch|p1a: Meowscarada|Meowscarada, M|31/100
|turn|11
|
|t:|1779630891
|move|p1a: Meowscarada|Flower Trick|p2a: Politoed
|-start|p1a: Meowscarada|typechange|Grass|[from] ability: Protean
|-supereffective|p2a: Politoed
|-crit|p2a: Politoed
|-damage|p2a: Politoed|0 fnt
|faint|p2a: Politoed
|
|-weather|RainDance|[upkeep]
|upkeep
|
|t:|1779630893
|switch|p2a: Barraskewda|Barraskewda, F|100/100
|-damage|p2a: Barraskewda|88/100|[from] Stealth Rock
|-status|p2a: Barraskewda|psn
|turn|12
|
|t:|1779630905
|move|p2a: Barraskewda|Liquidation|p1a: Meowscarada
|-resisted|p1a: Meowscarada
|-damage|p1a: Meowscarada|0 fnt
|faint|p1a: Meowscarada
|
|-weather|RainDance|[upkeep]
|-damage|p2a: Barraskewda|76/100 psn|[from] psn
|upkeep
|
|t:|1779630908
|switch|p1a: Tornadus|Tornadus-Therian, M|77/100
|turn|13
|
|t:|1779630914
|move|p2a: Barraskewda|Liquidation|p1a: Tornadus
|-damage|p1a: Tornadus|0 fnt
|faint|p1a: Tornadus
|
|win|BoGosse971
|raw|BananIsac's rating: 1160 &rarr; <strong>1135</strong><br />(-25 for losing)
|raw|BoGosse971's rating: 1158 &rarr; <strong>1183</strong><br />(+25 for winning)
|l|☆BananIsac
|player|p1|
|l|☆BoGosse971
|player|p2|
