|j|☆Reuniden
|j|☆pokylemon
|t:|1779607081
|gametype|singles
|player|p1|Reuniden|dancer|1084
|player|p2|pokylemon|170|1079
|gen|9
|tier|[Gen 9] OU
|rated|
|rule|HP Percentage Mod: HP is shown in percentages
|rule|Endless Battle Clause: Forcing endless battles is banned
|rule|Species Clause: Limit one of each Pokémon
|rule|OHKO Clause: OHKO moves are banned
|rule|Evasion Items Clause: Evasion items are banned
|rule|Evasion Moves Clause: Evasion moves are banned
|rule|Evasion Abilities Clause: Evasion abilities are banned
|rule|Sleep Moves Clause: Sleep-inducing moves are banned
|clearpoke
|poke|p1|Ambipom, M|
|poke|p1|Hydrapple, F|
|poke|p1|Gengar, M|
|poke|p1|Scizor, M|
|poke|p1|Drifblim, M|
|poke|p1|Stonjourner, F|
|poke|p2|Landorus-Therian, M|
|poke|p2|Alomomola, F|
|poke|p2|Skeledirge, M|
|poke|p2|Slowking-Galar, M|
|poke|p2|Regieleki|
|poke|p2|Zapdos-Galar|
|teampreview
|inactive|Battle timer is ON: inactive players will automatically lose when time's up. (requested by Reuniden)
|
|t:|1779607093
|teamsize|p1|6
|teamsize|p2|6
|start
|switch|p1a: Throwing Hands|Ambipom, M|100/100
|switch|p2a: Maybe I'm a Lion|Landorus-Therian, M|100/100
|-ability|p2a: Maybe I'm a Lion|Intimidate|boost
|-unboost|p1a: Throwing Hands|atk|1
|turn|1
|
|t:|1779607107
|move|p1a: Throwing Hands|U-turn|p2a: Maybe I'm a Lion
|-resisted|p2a: Maybe I'm a Lion
|-damage|p2a: Maybe I'm a Lion|92/100
|
|t:|1779607113
|switch|p1a: Jeffrey E.|Drifblim, M, shiny|100/100|[from] U-turn
|move|p2a: Maybe I'm a Lion|Stealth Rock|p1a: Jeffrey E.
|-sidestart|p1: Reuniden|move: Stealth Rock
|
|-heal|p2a: Maybe I'm a Lion|98/100|[from] item: Leftovers
|upkeep
|turn|2
|
|t:|1779607138
|move|p2a: Maybe I'm a Lion|Stone Edge|p1a: Jeffrey E.
|-supereffective|p1a: Jeffrey E.
|-damage|p1a: Jeffrey E.|4/100
|move|p1a: Jeffrey E.|Will-O-Wisp|p2a: Maybe I'm a Lion
|-status|p2a: Maybe I'm a Lion|brn
|
|-heal|p2a: Maybe I'm a Lion|100/100 brn|[from] item: Leftovers
|-damage|p2a: Maybe I'm a Lion|95/100 brn|[from] brn
|upkeep
|turn|3
|
|t:|1779607150
|switch|p1a: Mr Krabs|Scizor, M|100/100
|-damage|p1a: Mr Krabs|88/100|[from] Stealth Rock
|move|p2a: Maybe I'm a Lion|U-turn|p1a: Mr Krabs
|-resisted|p1a: Mr Krabs
|-damage|p1a: Mr Krabs|82/100
|inactive|pokylemon has 120 seconds left.
|
|t:|1779607183
|switch|p2a: Bird Up|Zapdos-Galar|100/100|[from] U-turn
|
|upkeep
|turn|4
|
|t:|1779607187
|move|p2a: Bird Up|Brave Bird|p1a: Mr Krabs
|-damage|p1a: Mr Krabs|0 fnt
|faint|p1a: Mr Krabs
|-damage|p2a: Bird Up|72/100|[from] Recoil
|
|upkeep
|
|t:|1779607202
|switch|p1a: Mr Smile|Gengar, M, shiny|100/100
|-damage|p1a: Mr Smile|88/100|[from] Stealth Rock
|turn|5
|inactive|pokylemon has 120 seconds left.
|
|t:|1779607211
|move|p1a: Mr Smile|Sludge Wave|p2a: Bird Up
|-damage|p2a: Bird Up|14/100
|move|p2a: Bird Up|Brave Bird|p1a: Mr Smile
|-damage|p1a: Mr Smile|0 fnt
|faint|p1a: Mr Smile
|-damage|p2a: Bird Up|0 fnt|[from] Recoil
|faint|p2a: Bird Up
|
|upkeep
|inactive|pokylemon has 120 seconds left.
|
|t:|1779607228
|switch|p1a: Granny Smith's|Hydrapple, F|100/100
|switch|p2a: Zip Zap|Regieleki|100/100
|-damage|p1a: Granny Smith's|88/100|[from] Stealth Rock
|turn|6
|
|t:|1779607238
|move|p2a: Zip Zap|Volt Switch|p1a: Granny Smith's
|-resisted|p1a: Granny Smith's
|-damage|p1a: Granny Smith's|78/100
|
|t:|1779607243
|switch|p2a: The Croc is Lava|Skeledirge, M|100/100|[from] Volt Switch
|move|p1a: Granny Smith's|Earth Power|p2a: The Croc is Lava
|-supereffective|p2a: The Croc is Lava
|-damage|p2a: The Croc is Lava|55/100
|
|upkeep
|turn|7
|inactive|pokylemon has 120 seconds left.
|
|t:|1779607264
|switch|p2a: Maybe I'm a Lion|Landorus-Therian, M|95/100 brn
|-ability|p2a: Maybe I'm a Lion|Intimidate|boost
|-unboost|p1a: Granny Smith's|atk|1
|-enditem|p1a: Granny Smith's|Eject Pack
|
|t:|1779607270
|switch|p1a: Jeffrey E.|Drifblim, M, shiny|4/100
|
|-heal|p2a: Maybe I'm a Lion|100/100 brn|[from] item: Leftovers
|-damage|p2a: Maybe I'm a Lion|95/100 brn|[from] brn
|upkeep
|turn|8
|
|t:|1779607276
|move|p2a: Maybe I'm a Lion|U-turn|p1a: Jeffrey E.
|-resisted|p1a: Jeffrey E.
|-damage|p1a: Jeffrey E.|0 fnt
|-damage|p2a: Maybe I'm a Lion|70/100 brn|[from] ability: Aftermath|[of] p1a: Jeffrey E.
|faint|p1a: Jeffrey E.
|inactive|pokylemon has 120 seconds left.
|
|t:|1779607299
|switch|p2a: Fish Fear Me|Alomomola, F|100/100|[from] U-turn
|
|upkeep
|
|t:|1779607305
|switch|p1a: Rock Thighs|Stonjourner, F, shiny|100/100
|-damage|p1a: Rock Thighs|88/100|[from] Stealth Rock
|turn|9
|inactive|pokylemon has 120 seconds left.
|
|t:|1779607316
|move|p1a: Rock Thighs|Body Press|p2a: Fish Fear Me
|-damage|p2a: Fish Fear Me|84/100
|move|p2a: Fish Fear Me|Scald|p1a: Rock Thighs
|-supereffective|p1a: Rock Thighs
|-damage|p1a: Rock Thighs|12/100
|
|-heal|p1a: Rock Thighs|19/100|[from] item: Leftovers
|upkeep
|turn|10
|
|t:|1779607331
|move|p1a: Rock Thighs|Body Press|p2a: Fish Fear Me
|-damage|p2a: Fish Fear Me|68/100
|move|p2a: Fish Fear Me|Flip Turn|p1a: Rock Thighs
|-supereffective|p1a: Rock Thighs
|-damage|p1a: Rock Thighs|3/100
|
|t:|1779607336
|switch|p2a: Zip Zap|Regieleki|100/100|[from] Flip Turn
|
|-heal|p1a: Rock Thighs|9/100|[from] item: Leftovers
|upkeep
|turn|11
|
|t:|1779607342
|move|p2a: Zip Zap|Volt Switch|p1a: Rock Thighs
|-damage|p1a: Rock Thighs|0 fnt
|faint|p1a: Rock Thighs
|
|t:|1779607348
|switch|p2a: Fish Fear Me|Alomomola, F|100/100|[from] Volt Switch
|
|upkeep
|
|t:|1779607351
|switch|p1a: Granny Smith's|Hydrapple, F|100/100
|-damage|p1a: Granny Smith's|88/100|[from] Stealth Rock
|turn|12
|
|t:|1779607358
|switch|p2a: Jesus is King|Slowking-Galar, M|100/100
|move|p1a: Granny Smith's|Leaf Storm|p2a: Jesus is King
|-resisted|p2a: Jesus is King
|-damage|p2a: Jesus is King|81/100
|-unboost|p1a: Granny Smith's|spa|2
|
|upkeep
|turn|13
|
|t:|1779607370
|switch|p1a: Throwing Hands|Ambipom, M|100/100
|-damage|p1a: Throwing Hands|88/100|[from] Stealth Rock
|move|p2a: Jesus is King|Ice Beam|p1a: Throwing Hands
|-damage|p1a: Throwing Hands|53/100
|
|upkeep
|turn|14
|
|t:|1779607391
|switch|p2a: Maybe I'm a Lion|Landorus-Therian, M|70/100 brn
|-ability|p2a: Maybe I'm a Lion|Intimidate|boost
|-unboost|p1a: Throwing Hands|atk|1
|move|p1a: Throwing Hands|Fake Out|p2a: Maybe I'm a Lion
|-damage|p2a: Maybe I'm a Lion|45/100 brn
|
|-heal|p2a: Maybe I'm a Lion|51/100 brn|[from] item: Leftovers
|-damage|p2a: Maybe I'm a Lion|45/100 brn|[from] brn
|upkeep
|turn|15
|
|t:|1779607399
|move|p1a: Throwing Hands|U-turn|p2a: Maybe I'm a Lion
|-resisted|p2a: Maybe I'm a Lion
|-damage|p2a: Maybe I'm a Lion|37/100 brn
|
|t:|1779607403
|switch|p1a: Granny Smith's|Hydrapple, F|100/100|[from] U-turn
|-damage|p1a: Granny Smith's|88/100|[from] Stealth Rock
|move|p2a: Maybe I'm a Lion|U-turn|p1a: Granny Smith's
|-supereffective|p1a: Granny Smith's
|-damage|p1a: Granny Smith's|66/100
|
|t:|1779607417
|switch|p2a: Jesus is King|Slowking-Galar, M|100/100|[from] U-turn
|
|upkeep
|turn|16
|
|t:|1779607429
|-terastallize|p1a: Granny Smith's|Fire
|move|p1a: Granny Smith's|Draco Meteor|p2a: Jesus is King
|-damage|p2a: Jesus is King|62/100
|-unboost|p1a: Granny Smith's|spa|2
|move|p2a: Jesus is King|Sludge Bomb|p1a: Granny Smith's
|-damage|p1a: Granny Smith's|30/100
|
|upkeep
|turn|17
|
|t:|1779607439
|switch|p1a: Throwing Hands|Ambipom, M|53/100
|-damage|p1a: Throwing Hands|40/100|[from] Stealth Rock
|move|p2a: Jesus is King|Sludge Bomb|p1a: Throwing Hands
|-crit|p1a: Throwing Hands
|-damage|p1a: Throwing Hands|0 fnt
|faint|p1a: Throwing Hands
|
|upkeep
|
|t:|1779607445
|switch|p1a: Granny Smith's|Hydrapple, F, tera:Fire|64/100
|-damage|p1a: Granny Smith's|39/100|[from] Stealth Rock
|turn|18
|
|t:|1779607447
|move|p1a: Granny Smith's|Recover|p1a: Granny Smith's
|-heal|p1a: Granny Smith's|89/100
|move|p2a: Jesus is King|Sludge Bomb|p1a: Granny Smith's
|-damage|p1a: Granny Smith's|52/100
|
|upkeep
|turn|19
|
|t:|1779607468
|switch|p2a: Maybe I'm a Lion|Landorus-Therian, M|37/100 brn
|-ability|p2a: Maybe I'm a Lion|Intimidate|boost
|-unboost|p1a: Granny Smith's|atk|1
|move|p1a: Granny Smith's|Recover|p1a: Granny Smith's
|-heal|p1a: Granny Smith's|100/100
|
|-heal|p2a: Maybe I'm a Lion|43/100 brn|[from] item: Leftovers
|-damage|p2a: Maybe I'm a Lion|37/100 brn|[from] brn
|upkeep
|turn|20
|
|t:|1779607483
|switch|p2a: Jesus is King|Slowking-Galar, M|95/100
|move|p1a: Granny Smith's|Draco Meteor|p2a: Jesus is King
|-damage|p2a: Jesus is King|52/100
|-unboost|p1a: Granny Smith's|spa|2
|
|upkeep
|turn|21
|-message|Reuniden forfeited.
|
|win|pokylemon
|raw|Reuniden's rating: 1084 &rarr; <strong>1061</strong><br />(-23 for losing)
|raw|pokylemon's rating: 1079 &rarr; <strong>1108</strong><br />(+29 for winning)
|l|☆Reuniden
|player|p1|
|l|☆pokylemon
|player|p2|
