|j|☆bicyn
|j|☆TsekaiAndIncognito
|t:|1779705358
|gametype|singles
|player|p1|bicyn|2|1300
|player|p2|TsekaiAndIncognito|266|1332
|gen|9
|tier|[Gen 9] OU
|rated|
|rule|HP Percentage Mod: HP is shown in percentages
|rule|Endless Battle Clause: Forcing endless battles is banned
|rule|Species Clause: Limit one of each Pokémon
|rule|OHKO Clause: OHKO moves are banned
|rule|Evasion Items Clause: Evasion items are banned
|rule|Evasion Moves Clause: Evasion moves are banned
|rule|Evasion Abilities Clause: Evasion abilities are banned
|rule|Sleep Moves Clause: Sleep-inducing moves are banned
|clearpoke
|poke|p1|Kyurem|
|poke|p1|Corviknight, F|
|poke|p1|Deoxys-Speed|
|poke|p1|Weavile, F|
|poke|p1|Suicune|
|poke|p1|Dusclops, F|
|poke|p2|Heatran, F|
|poke|p2|Iron Hands|
|poke|p2|Kingambit, F|
|poke|p2|Dragapult, M|
|poke|p2|Hoopa-Unbound|
|poke|p2|Zapdos|
|teampreview
|inactive|Battle timer is ON: inactive players will automatically lose when time's up. (requested by bicyn)
|c|☆bicyn|PRESSURE
|c|☆bicyn|PREPARE FOR  TROUBLE
|
|t:|1779705380
|teamsize|p1|6
|teamsize|p2|6
|start
|switch|p1a: Deoxys|Deoxys-Speed|100/100
|switch|p2a: Hoopa|Hoopa-Unbound|100/100
|-ability|p1a: Deoxys|Pressure
|turn|1
|
|t:|1779705394
|move|p1a: Deoxys|Knock Off|p2a: Hoopa
|-damage|p2a: Hoopa|64/100
|-enditem|p2a: Hoopa|Choice Band|[from] move: Knock Off|[of] p1a: Deoxys
|move|p2a: Hoopa|Hyperspace Fury|p1a: Deoxys
|-supereffective|p1a: Deoxys
|-enditem|p1a: Deoxys|Colbur Berry|[eat]
|-enditem|p1a: Deoxys|Colbur Berry|[weaken]
|-damage|p1a: Deoxys|18/100
|-unboost|p2a: Hoopa|def|1
|
|upkeep
|turn|2
|
|t:|1779705404
|move|p1a: Deoxys|Stealth Rock|p2a: Hoopa
|-sidestart|p2: TsekaiAndIncognito|move: Stealth Rock
|move|p2a: Hoopa|Hyperspace Fury|p1a: Deoxys
|-supereffective|p1a: Deoxys
|-damage|p1a: Deoxys|0 fnt
|-unboost|p2a: Hoopa|def|1
|faint|p1a: Deoxys
|
|upkeep
|
|t:|1779705411
|switch|p1a: Weavile|Weavile, F|100/100
|-ability|p1a: Weavile|Pressure
|turn|3
|
|t:|1779705422
|move|p1a: Weavile|Triple Axel|p2a: Hoopa|[miss]
|-miss|p1a: Weavile|p2a: Hoopa
|move|p2a: Hoopa|Drain Punch|p1a: Weavile
|-supereffective|p1a: Weavile
|-damage|p1a: Weavile|0 fnt
|-heal|p2a: Hoopa|100/100|[from] drain|[of] p1a: Weavile
|faint|p1a: Weavile
|-item|p2a: Hoopa|Choice Band|[from] ability: Magician|[of] p1: Weavile
|
|upkeep
|
|t:|1779705429
|switch|p1a: Dusclops|Dusclops, F|100/100
|-ability|p1a: Dusclops|Pressure
|turn|4
|
|t:|1779705443
|-terastallize|p2a: Hoopa|Dark
|move|p2a: Hoopa|Hyperspace Fury|p1a: Dusclops
|-supereffective|p1a: Dusclops
|-damage|p1a: Dusclops|0 fnt
|-unboost|p2a: Hoopa|def|1
|faint|p1a: Dusclops
|
|upkeep
|
|t:|1779705448
|switch|p1a: Kyurem|Kyurem|100/100
|-ability|p1a: Kyurem|Pressure
|turn|5
|
|t:|1779705453
|move|p1a: Kyurem|Substitute|p1a: Kyurem
|-start|p1a: Kyurem|Substitute
|-damage|p1a: Kyurem|75/100
|move|p2a: Hoopa|Hyperspace Fury|p1a: Kyurem
|-damage|p1a: Kyurem|0 fnt
|-unboost|p2a: Hoopa|def|1
|faint|p1a: Kyurem
|
|upkeep
|
|t:|1779705458
|switch|p1a: Suicune|Suicune|100/100
|-ability|p1a: Suicune|Pressure
|turn|6
|
|t:|1779705466
|switch|p2a: Zapdos|Zapdos|100/100
|-damage|p2a: Zapdos|76/100|[from] Stealth Rock
|-terastallize|p1a: Suicune|Water
|move|p1a: Suicune|Scald|p2a: Zapdos
|-damage|p2a: Zapdos|41/100
|
|upkeep
|turn|7
|
|t:|1779705473
|move|p2a: Zapdos|Discharge|p1a: Suicune
|-supereffective|p1a: Suicune
|-damage|p1a: Suicune|54/100
|-status|p1a: Suicune|par
|move|p1a: Suicune|Calm Mind|p1a: Suicune
|-boost|p1a: Suicune|spa|1
|-boost|p1a: Suicune|spd|1
|
|-heal|p1a: Suicune|61/100 par|[from] item: Leftovers
|upkeep
|turn|8
|
|t:|1779705478
|move|p2a: Zapdos|Discharge|p1a: Suicune
|-supereffective|p1a: Suicune
|-damage|p1a: Suicune|29/100 par
|move|p1a: Suicune|Rest|p1a: Suicune
|-status|p1a: Suicune|slp|[from] move: Rest
|-heal|p1a: Suicune|100/100 slp|[silent]
|
|upkeep
|turn|9
|
|t:|1779705484
|move|p2a: Zapdos|Discharge|p1a: Suicune
|-supereffective|p1a: Suicune
|-damage|p1a: Suicune|67/100 slp
|cant|p1a: Suicune|slp
|move|p1a: Suicune|Sleep Talk|p1a: Suicune
|move|p1a: Suicune|Rest||[from] move: Sleep Talk|[still]
|-fail|p1a: Suicune
|
|-heal|p1a: Suicune|74/100 slp|[from] item: Leftovers
|upkeep
|turn|10
|
|t:|1779705489
|move|p2a: Zapdos|Discharge|p1a: Suicune
|-supereffective|p1a: Suicune
|-damage|p1a: Suicune|36/100 slp
|cant|p1a: Suicune|slp
|move|p1a: Suicune|Sleep Talk|p1a: Suicune
|move|p1a: Suicune|Scald|p2a: Zapdos|[from] move: Sleep Talk
|-damage|p2a: Zapdos|0 fnt
|faint|p2a: Zapdos
|
|-heal|p1a: Suicune|43/100 slp|[from] item: Leftovers
|upkeep
|
|t:|1779705496
|switch|p2a: Hoopa|Hoopa-Unbound, tera:Dark|100/100
|-damage|p2a: Hoopa|88/100|[from] Stealth Rock
|turn|11
|
|t:|1779705508
|move|p2a: Hoopa|Zen Headbutt|p1a: Suicune
|-damage|p1a: Suicune|0 fnt
|faint|p1a: Suicune
|
|upkeep
|
|t:|1779705511
|switch|p1a: Corviknight|Corviknight, F|100/100
|-ability|p1a: Corviknight|Pressure
|turn|12
|
|t:|1779705514
|switch|p2a: Iron Hands|Iron Hands|100/100
|-damage|p2a: Iron Hands|94/100|[from] Stealth Rock
|-enditem|p2a: Iron Hands|Booster Energy
|-activate|p2a: Iron Hands|ability: Quark Drive|[fromitem]
|-start|p2a: Iron Hands|quarkdriveatk
|move|p1a: Corviknight|U-turn|p2a: Iron Hands
|-resisted|p2a: Iron Hands
|-damage|p2a: Iron Hands|90/100
|
|upkeep
|turn|13
|
|t:|1779705517
|move|p1a: Corviknight|Brave Bird|p2a: Iron Hands
|-damage|p2a: Iron Hands|69/100
|-damage|p1a: Corviknight|92/100|[from] Recoil
|move|p2a: Iron Hands|Supercell Slam|p1a: Corviknight
|-supereffective|p1a: Corviknight
|-damage|p1a: Corviknight|0 fnt
|-damage|p2a: Iron Hands|52/100|[from] item: Rocky Helmet|[of] p1a: Corviknight
|faint|p1a: Corviknight
|
|win|TsekaiAndIncognito
|raw|bicyn's rating: 1300 &rarr; <strong>1277</strong><br />(-23 for losing)
|raw|TsekaiAndIncognito's rating: 1332 &rarr; <strong>1350</strong><br />(+18 for winning)
|l|☆bicyn
|player|p1|
|l|☆TsekaiAndIncognito
|player|p2|
