|j|☆distantmonk
|j|☆GymLeaderHaruUrara
|t:|1779601000
|gametype|singles
|player|p1|distantmonk|li|1142
|player|p2|GymLeaderHaruUrara|unknownf|1114
|gen|9
|tier|[Gen 9] OU
|rated|
|rule|HP Percentage Mod: HP is shown in percentages
|rule|Endless Battle Clause: Forcing endless battles is banned
|rule|Species Clause: Limit one of each Pokémon
|rule|OHKO Clause: OHKO moves are banned
|rule|Evasion Items Clause: Evasion items are banned
|rule|Evasion Moves Clause: Evasion moves are banned
|rule|Evasion Abilities Clause: Evasion abilities are banned
|rule|Sleep Moves Clause: Sleep-inducing moves are banned
|clearpoke
|poke|p1|Ribombee, F|
|poke|p1|Rillaboom, M|
|poke|p1|Gholdengo|
|poke|p1|Tentacruel, M|
|poke|p1|Weavile, M|
|poke|p1|Ceruledge, M|
|poke|p2|Weavile, M|
|poke|p2|Meowscarada, F|
|poke|p2|Crawdaunt, F|
|poke|p2|Greninja-*, F|
|poke|p2|Hydreigon, F|
|poke|p2|Kingambit, F|
|teampreview
|inactive|Battle timer is ON: inactive players will automatically lose when time's up. (requested by distantmonk)
|c|☆GymLeaderHaruUrara|Hello!
|
|t:|1779601015
|teamsize|p1|6
|teamsize|p2|6
|start
|switch|p1a: Ribombee|Ribombee, F|100/100
|switch|p2a: Nargacuga|Weavile, M|100/100
|turn|1
|c|☆GymLeaderHaruUrara|How are you ^^
|
|t:|1779601034
|move|p2a: Nargacuga|Triple Axel|p1a: Ribombee
|-damage|p1a: Ribombee|80/100
|-hitcount|p1a: Ribombee|1
|move|p1a: Ribombee|Moonblast|p2a: Nargacuga
|-supereffective|p2a: Nargacuga
|-enditem|p2a: Nargacuga|Focus Sash
|-damage|p2a: Nargacuga|1/100
|
|upkeep
|turn|2
|c|☆distantmonk|Im doing ok! What about you?
|inactive|distantmonk has 120 seconds left.
|
|t:|1779601066
|switch|p1a: Weavile|Weavile, M|100/100
|move|p2a: Nargacuga|Triple Axel|p1a: Weavile
|-resisted|p1a: Weavile
|-damage|p1a: Weavile|92/100
|-resisted|p1a: Weavile
|-damage|p1a: Weavile|76/100
|-resisted|p1a: Weavile
|-damage|p1a: Weavile|49/100
|-hitcount|p1a: Weavile|3
|
|upkeep
|turn|3
|inactive|distantmonk has 120 seconds left.
|
|t:|1779601076
|switch|p2a: Daimyo Hermitaur|Crawdaunt, F|100/100
|move|p1a: Weavile|Ice Shard|p2a: Daimyo Hermitaur
|-resisted|p2a: Daimyo Hermitaur
|-damage|p2a: Daimyo Hermitaur|80/100
|
|upkeep
|turn|4
|
|t:|1779601083
|switch|p1a: Rillaboom|Rillaboom, M|100/100
|-fieldstart|move: Grassy Terrain|[from] ability: Grassy Surge|[of] p1a: Rillaboom
|move|p2a: Daimyo Hermitaur|Aqua Jet|p1a: Rillaboom
|-resisted|p1a: Rillaboom
|-damage|p1a: Rillaboom|82/100
|-damage|p2a: Daimyo Hermitaur|71/100|[from] item: Life Orb
|
|-heal|p2a: Daimyo Hermitaur|77/100|[from] Grassy Terrain
|-heal|p1a: Rillaboom|89/100|[from] Grassy Terrain
|upkeep
|turn|5
|
|t:|1779601092
|switch|p2a: Hunter|Kingambit, F|100/100
|move|p1a: Rillaboom|Grassy Glide|p2a: Hunter
|-resisted|p2a: Hunter
|-damage|p2a: Hunter|80/100
|
|-heal|p1a: Rillaboom|95/100|[from] Grassy Terrain
|-heal|p2a: Hunter|86/100|[from] Grassy Terrain
|upkeep
|turn|6
|
|t:|1779601104
|switch|p1a: Weavile|Weavile, M|49/100
|move|p2a: Hunter|Kowtow Cleave|p1a: Weavile
|-resisted|p1a: Weavile
|-damage|p1a: Weavile|2/100
|
|-heal|p1a: Weavile|8/100|[from] Grassy Terrain
|-heal|p2a: Hunter|93/100|[from] Grassy Terrain
|upkeep
|turn|7
|
|t:|1779601113
|move|p1a: Weavile|Ice Shard|p2a: Hunter
|-resisted|p2a: Hunter
|-damage|p2a: Hunter|83/100
|move|p2a: Hunter|Sucker Punch||[still]
|-fail|p2a: Hunter
|
|-heal|p1a: Weavile|14/100|[from] Grassy Terrain
|-heal|p2a: Hunter|89/100|[from] Grassy Terrain
|upkeep
|turn|8
|
|t:|1779601125
|move|p1a: Weavile|Ice Shard|p2a: Hunter
|-resisted|p2a: Hunter
|-damage|p2a: Hunter|79/100
|move|p2a: Hunter|Iron Head|p1a: Weavile
|-supereffective|p1a: Weavile
|-damage|p1a: Weavile|0 fnt
|faint|p1a: Weavile
|
|-heal|p2a: Hunter|85/100|[from] Grassy Terrain
|-fieldend|move: Grassy Terrain
|upkeep
|
|t:|1779601134
|switch|p1a: Ceruledge|Ceruledge, M|100/100
|turn|9
|
|t:|1779601142
|-end|p2a: Hunter|fallenundefined|[silent]
|switch|p2a: Daimyo Hermitaur|Crawdaunt, F|77/100
|move|p1a: Ceruledge|Bulk Up|p1a: Ceruledge
|-boost|p1a: Ceruledge|atk|1
|-boost|p1a: Ceruledge|def|1
|
|upkeep
|turn|10
|
|t:|1779601149
|-terastallize|p2a: Daimyo Hermitaur|Water
|move|p2a: Daimyo Hermitaur|Aqua Jet|p1a: Ceruledge
|-supereffective|p1a: Ceruledge
|-damage|p1a: Ceruledge|27/100
|-ability|p1a: Ceruledge|Weak Armor|boost
|-unboost|p1a: Ceruledge|def|1
|-boost|p1a: Ceruledge|spe|2
|-damage|p2a: Daimyo Hermitaur|67/100|[from] item: Life Orb
|move|p1a: Ceruledge|Poltergeist|p2a: Daimyo Hermitaur
|-activate|p2a: Daimyo Hermitaur|move: Poltergeist|Life Orb
|-damage|p2a: Daimyo Hermitaur|0 fnt
|faint|p2a: Daimyo Hermitaur
|
|upkeep
|
|t:|1779601166
|switch|p2a: Fatalis|Hydreigon, F, shiny|100/100
|turn|11
|
|t:|1779601174
|switch|p1a: Ribombee|Ribombee, F|80/100
|move|p2a: Fatalis|Surf|p1a: Ribombee
|-damage|p1a: Ribombee|23/100
|
|upkeep
|turn|12
|
|t:|1779601181
|move|p2a: Fatalis|Surf|p1a: Ribombee
|-damage|p1a: Ribombee|0 fnt
|faint|p1a: Ribombee
|
|upkeep
|
|t:|1779601186
|switch|p1a: Tentacruel|Tentacruel, M|100/100
|turn|13
|
|t:|1779601190
|switch|p2a: Hunter|Kingambit, F|85/100
|-activate|p2a: Hunter|ability: Supreme Overlord
|-start|p2a: Hunter|fallen1|[silent]
|move|p1a: Tentacruel|Knock Off|p2a: Hunter
|-resisted|p2a: Hunter
|-damage|p2a: Hunter|79/100
|-enditem|p2a: Hunter|Assault Vest|[from] move: Knock Off|[of] p1a: Tentacruel
|
|upkeep
|turn|14
|
|t:|1779601200
|move|p1a: Tentacruel|Flip Turn|p2a: Hunter
|-damage|p2a: Hunter|69/100
|
|t:|1779601203
|switch|p1a: Ceruledge|Ceruledge, M|27/100|[from] Flip Turn
|move|p2a: Hunter|Kowtow Cleave|p1a: Ceruledge
|-supereffective|p1a: Ceruledge
|-damage|p1a: Ceruledge|0 fnt
|faint|p1a: Ceruledge
|
|upkeep
|
|t:|1779601210
|switch|p1a: Rillaboom|Rillaboom, M|95/100
|-fieldstart|move: Grassy Terrain|[from] ability: Grassy Surge|[of] p1a: Rillaboom
|turn|15
|
|t:|1779601214
|move|p1a: Rillaboom|High Horsepower|p2a: Hunter
|-supereffective|p2a: Hunter
|-damage|p2a: Hunter|0 fnt
|faint|p2a: Hunter
|-end|p2a: Hunter|fallen1|[silent]
|
|-heal|p1a: Rillaboom|100/100|[from] Grassy Terrain
|upkeep
|
|t:|1779601220
|switch|p2a: Fatalis|Hydreigon, F, shiny|100/100
|turn|16
|
|t:|1779601223
|switch|p1a: Tentacruel|Tentacruel, M|100/100
|move|p2a: Fatalis|Fire Blast|p1a: Tentacruel
|-resisted|p1a: Tentacruel
|-damage|p1a: Tentacruel|91/100
|
|-heal|p1a: Tentacruel|97/100|[from] Grassy Terrain
|upkeep
|turn|17
|
|t:|1779601231
|switch|p2a: Nargacuga|Weavile, M|1/100
|move|p1a: Tentacruel|Flip Turn|p2a: Nargacuga
|-damage|p2a: Nargacuga|0 fnt
|faint|p2a: Nargacuga
|
|t:|1779601236
|switch|p1a: Gholdengo|Gholdengo|100/100|[from] Flip Turn
|
|upkeep
|
|t:|1779601240
|switch|p2a: Fatalis|Hydreigon, F, shiny|100/100
|turn|18
|
|t:|1779601245
|switch|p1a: Tentacruel|Tentacruel, M|97/100
|move|p2a: Fatalis|Dark Pulse|p1a: Tentacruel
|-damage|p1a: Tentacruel|74/100
|
|-heal|p1a: Tentacruel|80/100|[from] Grassy Terrain
|upkeep
|turn|19
|
|t:|1779601255
|move|p2a: Fatalis|Dark Pulse|p1a: Tentacruel
|-damage|p1a: Tentacruel|59/100
|move|p1a: Tentacruel|Flip Turn|p2a: Fatalis
|-resisted|p2a: Fatalis
|-damage|p2a: Fatalis|91/100
|
|t:|1779601261
|switch|p1a: Gholdengo|Gholdengo|100/100|[from] Flip Turn
|
|-fieldend|move: Grassy Terrain
|upkeep
|turn|20
|
|t:|1779601269
|switch|p1a: Tentacruel|Tentacruel, M|59/100
|move|p2a: Fatalis|Dark Pulse|p1a: Tentacruel
|-damage|p1a: Tentacruel|40/100
|
|upkeep
|turn|21
|
|t:|1779601279
|move|p2a: Fatalis|Dark Pulse|p1a: Tentacruel
|-damage|p1a: Tentacruel|20/100
|move|p1a: Tentacruel|Flip Turn|p2a: Fatalis
|-resisted|p2a: Fatalis
|-damage|p2a: Fatalis|82/100
|
|t:|1779601282
|switch|p1a: Rillaboom|Rillaboom, M|100/100|[from] Flip Turn
|-fieldstart|move: Grassy Terrain|[from] ability: Grassy Surge|[of] p1a: Rillaboom
|
|upkeep
|turn|22
|
|t:|1779601288
|-terastallize|p1a: Rillaboom|Grass
|move|p2a: Fatalis|Dark Pulse|p1a: Rillaboom
|-damage|p1a: Rillaboom|56/100
|move|p1a: Rillaboom|Wood Hammer|p2a: Fatalis
|-resisted|p2a: Fatalis
|-damage|p2a: Fatalis|0 fnt
|faint|p2a: Fatalis
|-damage|p1a: Rillaboom|34/100|[from] Recoil
|
|-heal|p1a: Rillaboom|41/100|[from] Grassy Terrain
|upkeep
|
|t:|1779601297
|switch|p2a: Palico|Meowscarada, F|100/100
|turn|23
|
|t:|1779601303
|switch|p1a: Tentacruel|Tentacruel, M|20/100
|move|p2a: Palico|Knock Off|p1a: Tentacruel
|-start|p2a: Palico|typechange|Dark|[from] ability: Protean
|-damage|p1a: Tentacruel|0 fnt
|-enditem|p1a: Tentacruel|Assault Vest|[from] move: Knock Off|[of] p2a: Palico
|faint|p1a: Tentacruel
|
|upkeep
|
|t:|1779601309
|switch|p1a: Rillaboom|Rillaboom, M, tera:Grass|41/100
|turn|24
|
|t:|1779601311
|move|p1a: Rillaboom|Grassy Glide|p2a: Palico
|-damage|p2a: Palico|0 fnt
|faint|p2a: Palico
|
|-heal|p1a: Rillaboom|47/100|[from] Grassy Terrain
|upkeep
|
|t:|1779601314
|switch|p2a: Zamtrios|Greninja, F|100/100
|turn|25
|
|t:|1779601315
|move|p1a: Rillaboom|Grassy Glide|p2a: Zamtrios
|-supereffective|p2a: Zamtrios
|-damage|p2a: Zamtrios|0 fnt
|faint|p2a: Zamtrios
|
|win|distantmonk
|raw|distantmonk's rating: 1142 &rarr; <strong>1165</strong><br />(+23 for winning)
|raw|GymLeaderHaruUrara's rating: 1114 &rarr; <strong>1091</strong><br />(-23 for losing)
|c|☆distantmonk|Gg
|c|☆distantmonk|Idk how i won that lol
|c|☆distantmonk|Rillaboom op
