|j|☆oinkolog
|j|☆Regina dei Fiori
|t:|1779688054
|gametype|singles
|player|p1|oinkolog|bertha|1345
|player|p2|Regina dei Fiori|roxanne-masters|1292
|gen|9
|tier|[Gen 9] OU
|rated|
|rule|HP Percentage Mod: HP is shown in percentages
|rule|Endless Battle Clause: Forcing endless battles is banned
|rule|Species Clause: Limit one of each Pokémon
|rule|OHKO Clause: OHKO moves are banned
|rule|Evasion Items Clause: Evasion items are banned
|rule|Evasion Moves Clause: Evasion moves are banned
|rule|Evasion Abilities Clause: Evasion abilities are banned
|rule|Sleep Moves Clause: Sleep-inducing moves are banned
|clearpoke
|poke|p1|Tinkaton, F|
|poke|p1|Darkrai|
|poke|p1|Pelipper, M|
|poke|p1|Basculegion-F, F|
|poke|p1|Goodra-Hisui, F|
|poke|p1|Okidogi, M|
|poke|p2|Emboar, M|
|poke|p2|Corviknight, F|
|poke|p2|Toxapex, F|
|poke|p2|Great Tusk|
|poke|p2|Rillaboom, F|
|poke|p2|Dragonite, F|
|teampreview
|inactive|Battle timer is ON: inactive players will automatically lose when time's up. (requested by oinkolog)
|
|t:|1779688072
|teamsize|p1|6
|teamsize|p2|6
|start
|switch|p1a: Okidogi|Okidogi, M|100/100
|switch|p2a: Emboar|Emboar, M|100/100
|turn|1
|
|t:|1779688088
|move|p1a: Okidogi|Gunk Shot|p2a: Emboar|[miss]
|-miss|p1a: Okidogi|p2a: Emboar
|move|p2a: Emboar|Flare Blitz|p1a: Okidogi
|-damage|p1a: Okidogi|36/100
|-damage|p2a: Emboar|80/100|[from] Recoil
|
|upkeep
|turn|2
|
|t:|1779688099
|switch|p2a: Corviknight|Corviknight, F|100/100
|-ability|p2a: Corviknight|Pressure
|move|p1a: Okidogi|Gunk Shot|p2a: Corviknight
|-immune|p2a: Corviknight
|
|upkeep
|turn|3
|
|t:|1779688107
|move|p1a: Okidogi|Drain Punch|p2a: Corviknight
|-damage|p2a: Corviknight|72/100
|-heal|p1a: Okidogi|51/100|[from] drain|[of] p2a: Corviknight
|move|p2a: Corviknight|U-turn|p1a: Okidogi
|-resisted|p1a: Okidogi
|-damage|p1a: Okidogi|48/100
|
|t:|1779688116
|switch|p2a: Great Tusk|Great Tusk|100/100|[from] U-turn
|
|upkeep
|turn|4
|
|t:|1779688122
|switch|p1a: Pelipper|Pelipper, M|100/100
|-weather|RainDance|[from] ability: Drizzle|[of] p1a: Pelipper
|move|p2a: Great Tusk|Stealth Rock|p1a: Pelipper
|-sidestart|p1: oinkolog|move: Stealth Rock
|
|-weather|RainDance|[upkeep]
|upkeep
|turn|5
|
|t:|1779688133
|-end|p2a: Great Tusk|Protosynthesis|[silent]
|switch|p2a: Toxapex|Toxapex, F|100/100
|move|p1a: Pelipper|Hurricane|p2a: Toxapex
|-damage|p2a: Toxapex|78/100
|-start|p2a: Toxapex|confusion
|
|-weather|RainDance|[upkeep]
|upkeep
|turn|6
|
|t:|1779688139
|move|p1a: Pelipper|U-turn|p2a: Toxapex
|-resisted|p2a: Toxapex
|-damage|p2a: Toxapex|74/100
|inactive|oinkolog has 120 seconds left.
|inactive|oinkolog has 90 seconds left.
|inactive|oinkolog has 60 seconds left.
|
|t:|1779688247
|switch|p1a: Goodra|Goodra-Hisui, F|100/100|[from] U-turn
|-damage|p1a: Goodra|94/100|[from] Stealth Rock
|-activate|p2a: Toxapex|confusion
|-damage|p2a: Toxapex|69/100|[from] confusion
|
|-weather|RainDance|[upkeep]
|upkeep
|turn|7
|
|t:|1779688264
|move|p1a: Goodra|Earthquake|p2a: Toxapex
|-supereffective|p2a: Toxapex
|-damage|p2a: Toxapex|31/100
|-activate|p2a: Toxapex|confusion
|move|p2a: Toxapex|Recover|p2a: Toxapex
|-heal|p2a: Toxapex|81/100
|
|-weather|RainDance|[upkeep]
|upkeep
|turn|8
|
|t:|1779688272
|switch|p2a: Rillaboom|Rillaboom, F|100/100
|-fieldstart|move: Grassy Terrain|[from] ability: Grassy Surge|[of] p2a: Rillaboom
|move|p1a: Goodra|Earthquake|p2a: Rillaboom
|-resisted|p2a: Rillaboom
|-damage|p2a: Rillaboom|94/100
|
|-weather|RainDance|[upkeep]
|-heal|p2a: Rillaboom|99/100|[from] Grassy Terrain
|-heal|p1a: Goodra|100/100|[from] Grassy Terrain
|upkeep
|turn|9
|
|t:|1779688282
|move|p2a: Rillaboom|Knock Off|p1a: Goodra
|-damage|p1a: Goodra|46/100
|-enditem|p1a: Goodra|Assault Vest|[from] move: Knock Off|[of] p2a: Rillaboom
|move|p1a: Goodra|Knock Off|p2a: Rillaboom
|-damage|p2a: Rillaboom|76/100
|-enditem|p2a: Rillaboom|Choice Band|[from] move: Knock Off|[of] p1a: Goodra
|
|-weather|RainDance|[upkeep]
|-heal|p2a: Rillaboom|82/100|[from] Grassy Terrain
|-heal|p1a: Goodra|53/100|[from] Grassy Terrain
|upkeep
|turn|10
|inactive|oinkolog has 60 seconds left.
|
|t:|1779688294
|move|p2a: Rillaboom|U-turn|p1a: Goodra
|-resisted|p1a: Goodra
|-damage|p1a: Goodra|39/100
|
|t:|1779688299
|switch|p2a: Great Tusk|Great Tusk|100/100|[from] U-turn
|move|p1a: Goodra|Flash Cannon|p2a: Great Tusk
|-damage|p2a: Great Tusk|55/100
|
|-weather|RainDance|[upkeep]
|-heal|p2a: Great Tusk|62/100|[from] Grassy Terrain
|-heal|p1a: Goodra|45/100|[from] Grassy Terrain
|upkeep
|turn|11
|
|t:|1779688310
|-end|p2a: Great Tusk|Protosynthesis|[silent]
|switch|p2a: Corviknight|Corviknight, F|72/100
|-ability|p2a: Corviknight|Pressure
|switch|p1a: Tinkaton|Tinkaton, F|100/100
|-damage|p1a: Tinkaton|94/100|[from] Stealth Rock
|-ability|p1a: Tinkaton|Mold Breaker
|-item|p1a: Tinkaton|Air Balloon
|
|-weather|none
|-heal|p2a: Corviknight|78/100|[from] item: Leftovers
|upkeep
|turn|12
|
|t:|1779688325
|move|p1a: Tinkaton|Thunder Wave|p2a: Corviknight
|-status|p2a: Corviknight|par
|move|p2a: Corviknight|U-turn|p1a: Tinkaton
|-resisted|p1a: Tinkaton
|-damage|p1a: Tinkaton|91/100
|-enditem|p1a: Tinkaton|Air Balloon
|
|t:|1779688338
|switch|p2a: Emboar|Emboar, M|80/100|[from] U-turn
|
|-heal|p1a: Tinkaton|97/100|[from] Grassy Terrain
|-heal|p2a: Emboar|86/100|[from] Grassy Terrain
|-fieldend|move: Grassy Terrain
|upkeep
|turn|13
|
|t:|1779688346
|move|p1a: Tinkaton|Stealth Rock|p2a: Emboar
|-sidestart|p2: Regina dei Fiori|move: Stealth Rock
|move|p2a: Emboar|Flare Blitz|p1a: Tinkaton
|-supereffective|p1a: Tinkaton
|-damage|p1a: Tinkaton|0 fnt
|faint|p1a: Tinkaton
|-damage|p2a: Emboar|56/100|[from] Recoil
|
|upkeep
|
|t:|1779688352
|switch|p1a: Pelipper|Pelipper, M|100/100
|-damage|p1a: Pelipper|76/100|[from] Stealth Rock
|-weather|RainDance|[from] ability: Drizzle|[of] p1a: Pelipper
|turn|14
|
|t:|1779688356
|move|p2a: Emboar|Wild Charge|p1a: Pelipper
|-supereffective|p1a: Pelipper
|-damage|p1a: Pelipper|0 fnt
|faint|p1a: Pelipper
|-damage|p2a: Emboar|40/100|[from] Recoil
|
|-weather|RainDance|[upkeep]
|upkeep
|
|t:|1779688362
|switch|p1a: Basculegion|Basculegion-F, F|100/100
|-damage|p1a: Basculegion|88/100|[from] Stealth Rock
|turn|15
|inactive|oinkolog has 90 seconds left.
|
|t:|1779688370
|switch|p2a: Toxapex|Toxapex, F|100/100
|move|p1a: Basculegion|Shadow Ball|p2a: Toxapex
|-damage|p2a: Toxapex|69/100
|
|-weather|RainDance|[upkeep]
|upkeep
|turn|16
|
|t:|1779688383
|switch|p1a: Okidogi|Okidogi, M|48/100
|-damage|p1a: Okidogi|42/100|[from] Stealth Rock
|move|p2a: Toxapex|Recover|p2a: Toxapex
|-heal|p2a: Toxapex|100/100
|
|-weather|RainDance|[upkeep]
|upkeep
|turn|17
|
|t:|1779688396
|switch|p2a: Corviknight|Corviknight, F|78/100 par
|-damage|p2a: Corviknight|65/100 par|[from] Stealth Rock
|-ability|p2a: Corviknight|Pressure
|move|p1a: Okidogi|Knock Off|p2a: Corviknight
|-damage|p2a: Corviknight|41/100 par
|-enditem|p2a: Corviknight|Leftovers|[from] move: Knock Off|[of] p1a: Okidogi
|
|-weather|RainDance|[upkeep]
|upkeep
|turn|18
|
|t:|1779688405
|move|p1a: Okidogi|Drain Punch|p2a: Corviknight
|-damage|p2a: Corviknight|15/100 par
|-heal|p1a: Okidogi|56/100|[from] drain|[of] p2a: Corviknight
|move|p2a: Corviknight|Brave Bird|p1a: Okidogi
|-supereffective|p1a: Okidogi
|-damage|p1a: Okidogi|1/100
|-damage|p2a: Corviknight|0 fnt|[from] Recoil
|faint|p2a: Corviknight
|
|-weather|RainDance|[upkeep]
|upkeep
|
|t:|1779688415
|switch|p2a: Great Tusk|Great Tusk|62/100
|turn|19
|
|t:|1779688419
|switch|p1a: Basculegion|Basculegion-F, F|88/100
|-damage|p1a: Basculegion|76/100|[from] Stealth Rock
|move|p2a: Great Tusk|Rapid Spin|p1a: Basculegion
|-immune|p1a: Basculegion
|
|-weather|RainDance|[upkeep]
|upkeep
|turn|20
|
|t:|1779688426
|-end|p2a: Great Tusk|Protosynthesis|[silent]
|switch|p2a: Toxapex|Toxapex, F|100/100
|move|p1a: Basculegion|Surf|p2a: Toxapex
|-resisted|p2a: Toxapex
|-damage|p2a: Toxapex|76/100
|
|-weather|RainDance|[upkeep]
|upkeep
|turn|21
|
|t:|1779688432
|switch|p1a: Okidogi|Okidogi, M|1/100
|-damage|p1a: Okidogi|0 fnt|[from] Stealth Rock
|faint|p1a: Okidogi
|switch|p2a: Great Tusk|Great Tusk|62/100
|
|-weather|none
|upkeep
|
|t:|1779688436
|switch|p1a: Basculegion|Basculegion-F, F|76/100
|-damage|p1a: Basculegion|63/100|[from] Stealth Rock
|turn|22
|
|t:|1779688442
|-terastallize|p1a: Basculegion|Water
|move|p1a: Basculegion|Surf|p2a: Great Tusk
|-supereffective|p2a: Great Tusk
|-damage|p2a: Great Tusk|0 fnt
|faint|p2a: Great Tusk
|-end|p2a: Great Tusk|Protosynthesis|[silent]
|
|upkeep
|
|t:|1779688450
|switch|p2a: Dragonite|Dragonite, F|100/100
|turn|23
|
|t:|1779688454
|move|p1a: Basculegion|Surf|p2a: Dragonite
|-resisted|p2a: Dragonite
|-damage|p2a: Dragonite|85/100
|move|p2a: Dragonite|Dragon Dance|p2a: Dragonite
|-boost|p2a: Dragonite|atk|1
|-boost|p2a: Dragonite|spe|1
|
|upkeep
|turn|24
|
|t:|1779688460
|move|p1a: Basculegion|Surf|p2a: Dragonite
|-resisted|p2a: Dragonite
|-damage|p2a: Dragonite|52/100
|move|p2a: Dragonite|Dragon Dance|p2a: Dragonite
|-boost|p2a: Dragonite|atk|1
|-boost|p2a: Dragonite|spe|1
|
|upkeep
|turn|25
|
|t:|1779688467
|move|p2a: Dragonite|Extreme Speed|p1a: Basculegion
|-damage|p1a: Basculegion|0 fnt
|faint|p1a: Basculegion
|
|upkeep
|-message|oinkolog forfeited.
|
|win|Regina dei Fiori
|raw|oinkolog's rating: 1345 &rarr; <strong>1322</strong><br />(-23 for losing)
|raw|Regina dei Fiori's rating: 1292 &rarr; <strong>1321</strong><br />(+29 for winning)
|l|☆oinkolog
|player|p1|
|l|☆Regina dei Fiori
|player|p2|
