|inactive|Battle timer is ON: inactive players will automatically lose when time's up.
|badge|p1|silver|gen9ou|30-9
|uhtml|medal-msg|<div class="broadcast-blue">Curious what those medals under the avatar are? PS now has Ladder Seasons! For more information, check out the <a href="https://www.smogon.com/forums/threads/3740067/">thread on Smogon.</a></div>
|t:|1779637612
|gametype|singles
|player|p1|helicopyer|#wcop2026canada|
|player|p2|vk|#splxvityrants|
|gen|9
|tier|[Gen 9] OU
|rule|HP Percentage Mod: HP is shown in percentages
|rule|Endless Battle Clause: Forcing endless battles is banned
|rule|Species Clause: Limit one of each Pokémon
|rule|OHKO Clause: OHKO moves are banned
|rule|Evasion Items Clause: Evasion items are banned
|rule|Evasion Moves Clause: Evasion moves are banned
|rule|Evasion Abilities Clause: Evasion abilities are banned
|rule|Sleep Moves Clause: Sleep-inducing moves are banned
|clearpoke
|poke|p1|Dragonite, F|
|poke|p1|Gliscor, F|
|poke|p1|Great Tusk|
|poke|p1|Walking Wake|
|poke|p1|Gholdengo|
|poke|p1|Samurott-Hisui, F|
|poke|p2|Keldeo-Resolute|
|poke|p2|Sinistcha|
|poke|p2|Ting-Lu|
|poke|p2|Gliscor, F|
|poke|p2|Dragonite, F|
|poke|p2|Gholdengo|
|teampreview
|c|☆helicopyer|glhf
|c|☆vk|u2
|inactive|helicopyer has 270 seconds left.
|inactive|vk has 270 seconds left.
|inactive|vk has 240 seconds left.
|inactive|helicopyer has 240 seconds left.
|inactive|vk has 210 seconds left.
|inactive|helicopyer has 210 seconds left.
|inactive|vk has 180 seconds left.
|inactive|vk has 150 seconds left.
|inactive|vk has 120 seconds left.
|
|t:|1779637797
|teamsize|p1|6
|teamsize|p2|6
|start
|switch|p1a: Walking Wake|Walking Wake|100/100
|switch|p2a: Keldeo|Keldeo-Resolute|100/100
|turn|1
|inactive|helicopyer has 270 seconds left.
|
|t:|1779637813
|move|p1a: Walking Wake|Draco Meteor|p2a: Keldeo
|-damage|p2a: Keldeo|20/100
|-unboost|p1a: Walking Wake|spa|2
|move|p2a: Keldeo|Secret Sword|p1a: Walking Wake
|-crit|p1a: Walking Wake
|-damage|p1a: Walking Wake|34/100
|
|-heal|p1a: Walking Wake|40/100|[from] item: Leftovers
|upkeep
|turn|2
|inactive|helicopyer has 270 seconds left.
|inactive|vk has 180 seconds left.
|
|t:|1779637834
|move|p2a: Keldeo|Vacuum Wave|p1a: Walking Wake
|-damage|p1a: Walking Wake|14/100
|move|p1a: Walking Wake|Draco Meteor|p2a: Keldeo
|-damage|p2a: Keldeo|0 fnt
|-unboost|p1a: Walking Wake|spa|2
|faint|p2a: Keldeo
|
|-heal|p1a: Walking Wake|20/100|[from] item: Leftovers
|upkeep
|
|t:|1779637864
|switch|p2a: Dragonite|Dragonite, F|100/100
|turn|3
|inactive|helicopyer has 270 seconds left.
|inactive|vk has 150 seconds left.
|
|t:|1779637887
|-end|p1a: Walking Wake|Protosynthesis|[silent]
|switch|p1a: Great Tusk|Great Tusk|100/100
|switch|p2a: Gholdengo|Gholdengo|100/100
|
|upkeep
|turn|4
|inactive|vk has 150 seconds left.
|inactive|helicopyer has 270 seconds left.
|
|t:|1779637911
|switch|p2a: Gliscor|Gliscor, F|100/100
|-end|p1a: Great Tusk|Protosynthesis|[silent]
|switch|p1a: Samurott|Samurott-Hisui, F|100/100
|
|-status|p2a: Gliscor|tox|[from] item: Toxic Orb
|upkeep
|turn|5
|
|t:|1779637922
|-terastallize|p2a: Gliscor|Normal
|move|p2a: Gliscor|Facade|p1a: Samurott
|-damage|p1a: Samurott|48/100
|move|p1a: Samurott|Flip Turn|p2a: Gliscor
|-damage|p2a: Gliscor|81/100 tox
|
|t:|1779637942
|switch|p1a: Great Tusk|Great Tusk|100/100|[from] Flip Turn
|
|-heal|p2a: Gliscor|94/100 tox|[from] ability: Poison Heal
|upkeep
|turn|6
|
|t:|1779637953
|switch|p2a: Sinistcha|Sinistcha|100/100
|move|p1a: Great Tusk|Ice Spinner|p2a: Sinistcha
|-supereffective|p2a: Sinistcha
|-damage|p2a: Sinistcha|57/100
|
|upkeep
|turn|7
|inactive|helicopyer has 240 seconds left.
|
|t:|1779637971
|-end|p1a: Great Tusk|Protosynthesis|[silent]
|switch|p1a: Gholdengo|Gholdengo|100/100
|move|p2a: Sinistcha|Shadow Ball|p1a: Gholdengo
|-supereffective|p1a: Gholdengo
|-damage|p1a: Gholdengo|20/100
|-unboost|p1a: Gholdengo|spd|1
|
|upkeep
|turn|8
|inactive|helicopyer has 240 seconds left.
|
|t:|1779637990
|switch|p1a: Gliscor|Gliscor, F|100/100
|switch|p2a: Gliscor|Gliscor, F, tera:Normal|94/100 tox
|
|-heal|p2a: Gliscor|100/100 tox|[from] ability: Poison Heal
|-status|p1a: Gliscor|tox|[from] item: Toxic Orb
|upkeep
|turn|9
|inactive|helicopyer has 240 seconds left.
|
|t:|1779638012
|move|p2a: Gliscor|Swords Dance|p2a: Gliscor
|-boost|p2a: Gliscor|atk|2
|move|p1a: Gliscor|Stealth Rock|p2a: Gliscor
|-sidestart|p2: vk|move: Stealth Rock
|
|upkeep
|turn|10
|
|t:|1779638020
|switch|p1a: Gholdengo|Gholdengo|20/100
|move|p2a: Gliscor|Facade|p1a: Gholdengo
|-immune|p1a: Gholdengo
|
|upkeep
|turn|11
|
|t:|1779638029
|move|p2a: Gliscor|Protect|p2a: Gliscor
|-singleturn|p2a: Gliscor|Protect
|move|p1a: Gholdengo|Trick|p2a: Gliscor
|-activate|p2a: Gliscor|move: Protect
|
|upkeep
|turn|12
|inactive|helicopyer has 240 seconds left.
|
|t:|1779638034
|switch|p2a: Gholdengo|Gholdengo|100/100
|-damage|p2a: Gholdengo|94/100|[from] Stealth Rock
|move|p1a: Gholdengo|Trick|p2a: Gholdengo
|-immune|p2a: Gholdengo|[from] ability: Good as Gold
|
|upkeep
|turn|13
|
|t:|1779638039
|switch|p1a: Samurott|Samurott-Hisui, F|48/100
|switch|p2a: Gliscor|Gliscor, F, tera:Normal|100/100 tox
|-damage|p2a: Gliscor|88/100 tox|[from] Stealth Rock
|
|-heal|p2a: Gliscor|100/100 tox|[from] ability: Poison Heal
|upkeep
|turn|14
|inactive|helicopyer has 240 seconds left.
|
|t:|1779638068
|switch|p1a: Great Tusk|Great Tusk|100/100
|move|p2a: Gliscor|Knock Off|p1a: Great Tusk
|-resisted|p1a: Great Tusk
|-damage|p1a: Great Tusk|93/100
|-damage|p2a: Gliscor|84/100 tox|[from] item: Rocky Helmet|[of] p1a: Great Tusk
|-enditem|p1a: Great Tusk|Rocky Helmet|[from] move: Knock Off|[of] p2a: Gliscor
|
|-heal|p2a: Gliscor|97/100 tox|[from] ability: Poison Heal
|upkeep
|turn|15
|
|t:|1779638085
|switch|p2a: Gholdengo|Gholdengo|94/100
|-damage|p2a: Gholdengo|88/100|[from] Stealth Rock
|move|p1a: Great Tusk|Close Combat|p2a: Gholdengo
|-immune|p2a: Gholdengo
|
|upkeep
|turn|16
|inactive|vk has 210 seconds left.
|inactive|vk has 180 seconds left.
|inactive|vk has 150 seconds left.
|
|t:|1779638166
|-end|p1a: Great Tusk|Protosynthesis|[silent]
|switch|p1a: Samurott|Samurott-Hisui, F|48/100
|move|p2a: Gholdengo|Make It Rain|p1a: Samurott
|-resisted|p1a: Samurott
|-damage|p1a: Samurott|27/100
|-unboost|p2a: Gholdengo|spa|1
|
|upkeep
|turn|17
|
|t:|1779638172
|switch|p2a: Ting-Lu|Ting-Lu|100/100
|-damage|p2a: Ting-Lu|94/100|[from] Stealth Rock
|-ability|p2a: Ting-Lu|Vessel of Ruin
|move|p1a: Samurott|Ceaseless Edge|p2a: Ting-Lu
|-resisted|p2a: Ting-Lu
|-damage|p2a: Ting-Lu|83/100
|-sidestart|p2: vk|Spikes
|
|-heal|p2a: Ting-Lu|89/100|[from] item: Leftovers
|upkeep
|turn|18
|
|t:|1779638183
|move|p1a: Samurott|Ceaseless Edge|p2a: Ting-Lu
|-resisted|p2a: Ting-Lu
|-damage|p2a: Ting-Lu|78/100
|-sidestart|p2: vk|Spikes
|move|p2a: Ting-Lu|Spikes|p1a: Samurott
|-sidestart|p1: helicopyer|Spikes
|
|-heal|p2a: Ting-Lu|85/100|[from] item: Leftovers
|upkeep
|turn|19
|
|t:|1779638197
|move|p1a: Samurott|Ceaseless Edge|p2a: Ting-Lu
|-resisted|p2a: Ting-Lu
|-damage|p2a: Ting-Lu|74/100
|-sidestart|p2: vk|Spikes
|move|p2a: Ting-Lu|Stealth Rock|p1a: Samurott
|-sidestart|p1: helicopyer|move: Stealth Rock
|
|-heal|p2a: Ting-Lu|80/100|[from] item: Leftovers
|upkeep
|turn|20
|
|t:|1779638213
|switch|p2a: Dragonite|Dragonite, F|100/100
|move|p1a: Samurott|Flip Turn|p2a: Dragonite
|-resisted|p2a: Dragonite
|-damage|p2a: Dragonite|95/100
|inactive|helicopyer has 210 seconds left.
|
|t:|1779638240
|switch|p1a: Great Tusk|Great Tusk|93/100|[from] Flip Turn
|-damage|p1a: Great Tusk|81/100|[from] Spikes
|-damage|p1a: Great Tusk|78/100|[from] Stealth Rock
|
|upkeep
|turn|21
|inactive|helicopyer has 210 seconds left.
|
|t:|1779638246
|switch|p2a: Sinistcha|Sinistcha|57/100
|move|p1a: Great Tusk|Headlong Rush|p2a: Sinistcha
|-resisted|p2a: Sinistcha
|-damage|p2a: Sinistcha|32/100
|-unboost|p1a: Great Tusk|def|1
|-unboost|p1a: Great Tusk|spd|1
|
|upkeep
|turn|22
|inactive|helicopyer has 210 seconds left.
|inactive|vk has 180 seconds left.
|inactive|helicopyer has 180 seconds left.
|inactive|vk has 150 seconds left.
|
|t:|1779638314
|move|p1a: Great Tusk|Ice Spinner|p2a: Sinistcha
|-supereffective|p2a: Sinistcha
|-damage|p2a: Sinistcha|0 fnt
|faint|p2a: Sinistcha
|
|upkeep
|
|t:|1779638316
|switch|p2a: Gholdengo|Gholdengo|88/100
|-damage|p2a: Gholdengo|82/100|[from] Stealth Rock
|-damage|p2a: Gholdengo|58/100|[from] Spikes
|turn|23
|
|t:|1779638327
|-end|p1a: Great Tusk|Protosynthesis|[silent]
|switch|p1a: Gliscor|Gliscor, F|100/100 tox
|-damage|p1a: Gliscor|88/100 tox|[from] Stealth Rock
|move|p2a: Gholdengo|Shadow Ball|p1a: Gliscor
|-damage|p1a: Gliscor|50/100 tox
|
|-heal|p1a: Gliscor|63/100 tox|[from] ability: Poison Heal
|upkeep
|turn|24
|
|t:|1779638331
|move|p2a: Gholdengo|Shadow Ball|p1a: Gliscor
|-damage|p1a: Gliscor|24/100 tox
|-unboost|p1a: Gliscor|spd|1
|move|p1a: Gliscor|Earthquake|p2a: Gholdengo
|-supereffective|p2a: Gholdengo
|-damage|p2a: Gholdengo|0 fnt
|faint|p2a: Gholdengo
|
|-heal|p1a: Gliscor|36/100 tox|[from] ability: Poison Heal
|upkeep
|
|t:|1779638341
|switch|p2a: Gliscor|Gliscor, F, tera:Normal|97/100 tox
|-damage|p2a: Gliscor|84/100 tox|[from] Stealth Rock
|-damage|p2a: Gliscor|59/100 tox|[from] Spikes
|turn|25
|inactive|helicopyer has 180 seconds left.
|inactive|helicopyer has 150 seconds left.
|inactive|helicopyer has 120 seconds left.
|inactive|helicopyer has 90 seconds left.
|
|t:|1779638439
|switch|p1a: Great Tusk|Great Tusk|78/100
|-damage|p1a: Great Tusk|65/100|[from] Spikes
|-damage|p1a: Great Tusk|62/100|[from] Stealth Rock
|move|p2a: Gliscor|Swords Dance|p2a: Gliscor
|-boost|p2a: Gliscor|atk|2
|
|-heal|p2a: Gliscor|72/100 tox|[from] ability: Poison Heal
|upkeep
|turn|26
|
|t:|1779638447
|move|p2a: Gliscor|Protect|p2a: Gliscor
|-singleturn|p2a: Gliscor|Protect
|move|p1a: Great Tusk|Close Combat|p2a: Gliscor
|-activate|p2a: Gliscor|move: Protect
|
|-heal|p2a: Gliscor|84/100 tox|[from] ability: Poison Heal
|upkeep
|turn|27
|inactive|vk has 180 seconds left.
|
|t:|1779638470
|move|p2a: Gliscor|Protect||[still]
|-fail|p2a: Gliscor
|move|p1a: Great Tusk|Close Combat|p2a: Gliscor
|-supereffective|p2a: Gliscor
|-damage|p2a: Gliscor|0 fnt
|-unboost|p1a: Great Tusk|def|1
|-unboost|p1a: Great Tusk|spd|1
|faint|p2a: Gliscor
|
|upkeep
|c|☆vk|gg
|-message|vk forfeited.
|
|win|helicopyer
|c|☆helicopyer|gg
