|j|☆dooozdzdz
|j|☆jlsdfhpjksdhfni
|t:|1779676083
|gametype|singles
|player|p1|dooozdzdz|cilan|1652
|player|p2|jlsdfhpjksdhfni|170|1534
|gen|9
|tier|[Gen 9] OU
|rated|
|rule|HP Percentage Mod: HP is shown in percentages
|rule|Endless Battle Clause: Forcing endless battles is banned
|rule|Species Clause: Limit one of each Pokémon
|rule|OHKO Clause: OHKO moves are banned
|rule|Evasion Items Clause: Evasion items are banned
|rule|Evasion Moves Clause: Evasion moves are banned
|rule|Evasion Abilities Clause: Evasion abilities are banned
|rule|Sleep Moves Clause: Sleep-inducing moves are banned
|clearpoke
|poke|p1|Ogerpon-Wellspring, F|
|poke|p1|Arcanine-Hisui, F|
|poke|p1|Corviknight, F|
|poke|p1|Hatterene, F|
|poke|p1|Ting-Lu|
|poke|p1|Okidogi, M|
|poke|p2|Hoopa-Unbound|
|poke|p2|Zoroark-Hisui, M|
|poke|p2|Zapdos|
|poke|p2|Iron Treads|
|poke|p2|Iron Moth|
|poke|p2|Samurott-Hisui, F|
|teampreview
|inactive|Battle timer is ON: inactive players will automatically lose when time's up. (requested by dooozdzdz)
|
|t:|1779676138
|teamsize|p1|6
|teamsize|p2|6
|start
|switch|p1a: Ogerpon|Ogerpon-Wellspring, F|100/100
|switch|p2a: Samurott|Samurott-Hisui, F|100/100
|turn|1
|
|t:|1779676154
|move|p1a: Ogerpon|Horn Leech|p2a: Samurott
|-crit|p2a: Samurott
|-enditem|p2a: Samurott|Focus Sash
|-damage|p2a: Samurott|1/100
|replace|p2a: Zoroark|Zoroark-Hisui, M
|-end|p2a: Zoroark|Illusion
|move|p2a: Zoroark|Hyper Voice|p1a: Ogerpon
|-damage|p1a: Ogerpon|47/100
|
|upkeep
|turn|2
|
|t:|1779676167
|switch|p1a: Ting-Lu|Ting-Lu|100/100
|-ability|p1a: Ting-Lu|Vessel of Ruin
|move|p2a: Zoroark|Hyper Voice|p1a: Ting-Lu
|-damage|p1a: Ting-Lu|82/100
|
|-heal|p1a: Ting-Lu|88/100|[from] item: Leftovers
|upkeep
|turn|3
|
|t:|1779676171
|move|p2a: Zoroark|Nasty Plot|p2a: Zoroark
|-boost|p2a: Zoroark|spa|2
|move|p1a: Ting-Lu|Earthquake|p2a: Zoroark
|-damage|p2a: Zoroark|0 fnt
|faint|p2a: Zoroark
|
|-heal|p1a: Ting-Lu|95/100|[from] item: Leftovers
|upkeep
|inactive|jlsdfhpjksdhfni has 120 seconds left.
|inactive|jlsdfhpjksdhfni has 90 seconds left.
|c|☆jlsdfhpjksdhfni|i like your team, more defensive than it lets on
|
|t:|1779676249
|switch|p2a: Hoopa|Hoopa-Unbound|100/100
|turn|4
|c|☆dooozdzdz|ting-lu is ridiculous
|c|☆jlsdfhpjksdhfni|the ting corv hat i think is getting me
|inactive|jlsdfhpjksdhfni has 60 seconds left.
|c|☆dooozdzdz|im fond of that core
|c|☆jlsdfhpjksdhfni|assuming pon is u turn for the breaker
|inactive|jlsdfhpjksdhfni has 30 seconds left.
|c|☆jlsdfhpjksdhfni|dogi isnt bad either
|
|t:|1779676309
|switch|p1a: Hatterene|Hatterene, F|100/100
|move|p2a: Hoopa|Drain Punch|p1a: Hatterene
|-resisted|p1a: Hatterene
|-damage|p1a: Hatterene|91/100
|-damage|p2a: Hoopa|84/100|[from] item: Rocky Helmet|[of] p1a: Hatterene
|
|upkeep
|turn|5
|inactive|jlsdfhpjksdhfni has 30 seconds left.
|
|t:|1779676328
|switch|p2a: Iron Moth|Iron Moth|100/100
|move|p1a: Hatterene|Draining Kiss|p2a: Iron Moth
|-resisted|p2a: Iron Moth
|-damage|p2a: Iron Moth|95/100
|-heal|p1a: Hatterene|95/100|[from] drain|[of] p2a: Iron Moth
|
|upkeep
|turn|6
|
|t:|1779676337
|switch|p1a: Ting-Lu|Ting-Lu|95/100
|-ability|p1a: Ting-Lu|Vessel of Ruin
|move|p2a: Iron Moth|U-turn|p1a: Ting-Lu
|-supereffective|p1a: Ting-Lu
|-damage|p1a: Ting-Lu|83/100
|
|t:|1779676341
|-end|p2a: Iron Moth|Quark Drive|[silent]
|switch|p2a: Hoopa|Hoopa-Unbound|84/100|[from] U-turn
|
|-heal|p1a: Ting-Lu|89/100|[from] item: Leftovers
|upkeep
|turn|7
|
|t:|1779676347
|switch|p1a: Hatterene|Hatterene, F|95/100
|move|p2a: Hoopa|Knock Off|p1a: Hatterene
|-damage|p1a: Hatterene|17/100
|-damage|p2a: Hoopa|67/100|[from] item: Rocky Helmet|[of] p1a: Hatterene
|-enditem|p1a: Hatterene|Rocky Helmet|[from] move: Knock Off|[of] p2a: Hoopa
|
|upkeep
|turn|8
|
|t:|1779676354
|move|p2a: Hoopa|Knock Off|p1a: Hatterene
|-damage|p1a: Hatterene|0 fnt
|faint|p1a: Hatterene
|
|upkeep
|
|t:|1779676364
|switch|p1a: Ogerpon|Ogerpon-Wellspring, F|47/100
|turn|9
|
|t:|1779676373
|switch|p2a: Samurott|Samurott-Hisui, F|100/100
|move|p1a: Ogerpon|Ivy Cudgel|p2a: Samurott|[anim] Ivy Cudgel Water
|-resisted|p2a: Samurott
|-damage|p2a: Samurott|60/100
|
|upkeep
|turn|10
|
|t:|1779676385
|switch|p1a: Corviknight|Corviknight, F|100/100
|-ability|p1a: Corviknight|Pressure
|move|p2a: Samurott|Ceaseless Edge|p1a: Corviknight
|-damage|p1a: Corviknight|75/100
|-damage|p2a: Samurott|43/100|[from] item: Rocky Helmet|[of] p1a: Corviknight
|-sidestart|p1: dooozdzdz|Spikes
|
|upkeep
|turn|11
|
|t:|1779676392
|switch|p2a: Hoopa|Hoopa-Unbound|67/100
|move|p1a: Corviknight|Defog|p2a: Hoopa
|-unboost|p2a: Hoopa|evasion|1
|-sideend|p1: dooozdzdz|Spikes|[from] move: Defog|[of] p1a: Corviknight
|
|upkeep
|turn|12
|inactive|jlsdfhpjksdhfni has 90 seconds left.
|
|t:|1779676405
|move|p2a: Hoopa|Hyperspace Fury|p1a: Corviknight
|-damage|p1a: Corviknight|14/100
|-unboost|p2a: Hoopa|def|1
|move|p1a: Corviknight|U-turn|p2a: Hoopa
|-supereffective|p2a: Hoopa
|-damage|p2a: Hoopa|0 fnt
|faint|p2a: Hoopa
|
|t:|1779676409
|switch|p1a: Arcanine|Arcanine-Hisui, F|100/100|[from] U-turn
|
|upkeep
|inactive|jlsdfhpjksdhfni has 90 seconds left.
|
|t:|1779676421
|switch|p2a: Iron Treads|Iron Treads|100/100
|-enditem|p2a: Iron Treads|Booster Energy
|-activate|p2a: Iron Treads|ability: Quark Drive|[fromitem]
|-start|p2a: Iron Treads|quarkdrivespe
|turn|13
|inactive|jlsdfhpjksdhfni has 90 seconds left.
|
|t:|1779676438
|-terastallize|p1a: Arcanine|Normal
|move|p2a: Iron Treads|Steel Beam|p1a: Arcanine
|-crit|p1a: Arcanine
|-damage|p1a: Arcanine|12/100
|-damage|p2a: Iron Treads|50/100|[from] steelbeam
|move|p1a: Arcanine|Flare Blitz|p2a: Iron Treads
|-supereffective|p2a: Iron Treads
|-damage|p2a: Iron Treads|0 fnt
|faint|p2a: Iron Treads
|-end|p2a: Iron Treads|Quark Drive|[silent]
|
|upkeep
|
|t:|1779676455
|switch|p2a: Samurott|Samurott-Hisui, F|43/100
|turn|14
|
|t:|1779676461
|move|p2a: Samurott|Ceaseless Edge|p1a: Arcanine
|-damage|p1a: Arcanine|0 fnt
|-sidestart|p1: dooozdzdz|Spikes
|faint|p1a: Arcanine
|
|upkeep
|
|t:|1779676464
|switch|p1a: Ting-Lu|Ting-Lu|89/100
|-damage|p1a: Ting-Lu|77/100|[from] Spikes
|-ability|p1a: Ting-Lu|Vessel of Ruin
|turn|15
|
|t:|1779676473
|switch|p2a: Zapdos|Zapdos|100/100
|move|p1a: Ting-Lu|Stealth Rock|p2a: Zapdos
|-sidestart|p2: jlsdfhpjksdhfni|move: Stealth Rock
|
|-heal|p1a: Ting-Lu|83/100|[from] item: Leftovers
|upkeep
|turn|16
|
|t:|1779676478
|move|p2a: Zapdos|Hurricane|p1a: Ting-Lu
|-damage|p1a: Ting-Lu|63/100
|move|p1a: Ting-Lu|Ruination|p2a: Zapdos
|-damage|p2a: Zapdos|51/100
|
|-heal|p1a: Ting-Lu|69/100|[from] item: Leftovers
|upkeep
|turn|17
|
|t:|1779676486
|move|p2a: Zapdos|Hurricane|p1a: Ting-Lu
|-damage|p1a: Ting-Lu|51/100
|-start|p1a: Ting-Lu|confusion
|-activate|p1a: Ting-Lu|confusion
|move|p1a: Ting-Lu|Whirlwind|p2a: Zapdos
|drag|p2a: Samurott|Samurott-Hisui, F|43/100
|-damage|p2a: Samurott|31/100|[from] Stealth Rock
|
|-heal|p1a: Ting-Lu|57/100|[from] item: Leftovers
|upkeep
|turn|18
|
|t:|1779676496
|move|p2a: Samurott|Sacred Sword|p1a: Ting-Lu
|-supereffective|p1a: Ting-Lu
|-damage|p1a: Ting-Lu|15/100
|-activate|p1a: Ting-Lu|confusion
|-damage|p1a: Ting-Lu|9/100|[from] confusion
|
|-heal|p1a: Ting-Lu|16/100|[from] item: Leftovers
|upkeep
|turn|19
|
|t:|1779676505
|switch|p1a: Okidogi|Okidogi, M|100/100
|-damage|p1a: Okidogi|88/100|[from] Spikes
|move|p2a: Samurott|Sacred Sword|p1a: Okidogi
|-resisted|p1a: Okidogi
|-damage|p1a: Okidogi|72/100
|
|-heal|p1a: Okidogi|78/100|[from] item: Leftovers
|upkeep
|turn|20
|c|☆jlsdfhpjksdhfni|hmm
|inactive|jlsdfhpjksdhfni has 90 seconds left.
|
|t:|1779676549
|switch|p2a: Zapdos|Zapdos|51/100
|move|p1a: Okidogi|Knock Off|p2a: Zapdos
|-damage|p2a: Zapdos|32/100
|-enditem|p2a: Zapdos|Heavy-Duty Boots|[from] move: Knock Off|[of] p1a: Okidogi
|
|-heal|p1a: Okidogi|84/100|[from] item: Leftovers
|upkeep
|turn|21
|
|t:|1779676568
|move|p2a: Zapdos|Roost|p2a: Zapdos
|-heal|p2a: Zapdos|82/100
|-singleturn|p2a: Zapdos|move: Roost
|move|p1a: Okidogi|Bulk Up|p1a: Okidogi
|-boost|p1a: Okidogi|atk|1
|-boost|p1a: Okidogi|def|1
|
|-heal|p1a: Okidogi|90/100|[from] item: Leftovers
|upkeep
|turn|22
|
|t:|1779676574
|move|p2a: Zapdos|Hurricane|p1a: Okidogi
|-supereffective|p1a: Okidogi
|-damage|p1a: Okidogi|20/100
|-start|p1a: Okidogi|confusion
|-activate|p1a: Okidogi|confusion
|move|p1a: Okidogi|Ice Punch|p2a: Zapdos
|-supereffective|p2a: Zapdos
|-damage|p2a: Zapdos|34/100
|-status|p1a: Okidogi|par|[from] ability: Static|[of] p2a: Zapdos
|
|-heal|p1a: Okidogi|26/100 par|[from] item: Leftovers
|upkeep
|turn|23
|
|t:|1779676586
|move|p2a: Zapdos|Roost|p2a: Zapdos
|-heal|p2a: Zapdos|84/100
|-singleturn|p2a: Zapdos|move: Roost
|-activate|p1a: Okidogi|confusion
|move|p1a: Okidogi|Drain Punch|p2a: Zapdos
|-damage|p2a: Zapdos|50/100
|-heal|p1a: Okidogi|43/100 par|[from] drain|[of] p2a: Zapdos
|
|-heal|p1a: Okidogi|49/100 par|[from] item: Leftovers
|upkeep
|turn|24
|
|t:|1779676594
|move|p2a: Zapdos|Hurricane|p1a: Okidogi
|-supereffective|p1a: Okidogi
|-damage|p1a: Okidogi|0 fnt
|faint|p1a: Okidogi
|
|upkeep
|
|t:|1779676597
|switch|p1a: Ogerpon|Ogerpon-Wellspring, F|47/100
|-damage|p1a: Ogerpon|34/100|[from] Spikes
|turn|25
|inactive|jlsdfhpjksdhfni has 90 seconds left.
|
|t:|1779676605
|move|p1a: Ogerpon|Ivy Cudgel|p2a: Zapdos|[anim] Ivy Cudgel Water
|-damage|p2a: Zapdos|4/100
|move|p2a: Zapdos|Discharge|p1a: Ogerpon
|-damage|p1a: Ogerpon|0 fnt
|faint|p1a: Ogerpon
|
|upkeep
|c|☆dooozdzdz|gg
|c|☆jlsdfhpjksdhfni|phew
|-message|dooozdzdz forfeited.
|
|win|jlsdfhpjksdhfni
|raw|dooozdzdz's rating: 1652 &rarr; <strong>1625</strong><br />(-27 for losing)
|raw|jlsdfhpjksdhfni's rating: 1534 &rarr; <strong>1561</strong><br />(+27 for winning)
|c|☆jlsdfhpjksdhfni|gg
|l|☆dooozdzdz
|player|p1|
