|j|☆darretyle
|j|☆superstar
|t:|1779673144
|gametype|singles
|player|p1|darretyle|bugcatcher-gen4dp|1648
|player|p2|superstar|1|1647
|gen|9
|tier|[Gen 9] OU
|rated|
|rule|HP Percentage Mod: HP is shown in percentages
|rule|Endless Battle Clause: Forcing endless battles is banned
|rule|Species Clause: Limit one of each Pokémon
|rule|OHKO Clause: OHKO moves are banned
|rule|Evasion Items Clause: Evasion items are banned
|rule|Evasion Moves Clause: Evasion moves are banned
|rule|Evasion Abilities Clause: Evasion abilities are banned
|rule|Sleep Moves Clause: Sleep-inducing moves are banned
|clearpoke
|poke|p1|Zamazenta-*|
|poke|p1|Darkrai|
|poke|p1|Ting-Lu|
|poke|p1|Goodra-Hisui, F|
|poke|p1|Skeledirge, M|
|poke|p1|Corviknight, F|
|poke|p2|Araquanid, F|
|poke|p2|Pecharunt|
|poke|p2|Gholdengo|
|poke|p2|Ogerpon-Wellspring, F|
|poke|p2|Raging Bolt|
|poke|p2|Kingambit, M|
|teampreview
|
|t:|1779673192
|teamsize|p1|6
|teamsize|p2|6
|start
|switch|p1a: 我需要再生力|Goodra-Hisui, F|100/100
|switch|p2a: Araquanid|Araquanid, F|100/100
|turn|1
|
|t:|1779673198
|move|p1a: 我需要再生力|Draco Meteor|p2a: Araquanid|[miss]
|-miss|p1a: 我需要再生力|p2a: Araquanid
|move|p2a: Araquanid|Sticky Web|p1a: 我需要再生力
|-sidestart|p1: darretyle|move: Sticky Web
|
|upkeep
|turn|2
|
|t:|1779673218
|move|p1a: 我需要再生力|Draco Meteor|p2a: Araquanid
|-damage|p2a: Araquanid|24/100
|-unboost|p1a: 我需要再生力|spa|2
|move|p2a: Araquanid|Surf|p1a: 我需要再生力
|-resisted|p1a: 我需要再生力
|-damage|p1a: 我需要再生力|84/100
|
|upkeep
|turn|3
|-enditem|p2a: Araquanid|Custap Berry|[eat]
|-activate|p2a: Araquanid|item: Custap Berry|[consumed]
|
|t:|1779673222
|move|p2a: Araquanid|Endeavor|p1a: 我需要再生力
|-damage|p1a: 我需要再生力|23/100
|move|p1a: 我需要再生力|Draco Meteor|p2a: Araquanid
|-damage|p2a: Araquanid|0 fnt
|-unboost|p1a: 我需要再生力|spa|2
|faint|p2a: Araquanid
|
|upkeep
|
|t:|1779673240
|switch|p2a: Ogerpon|Ogerpon-Wellspring, F|100/100
|turn|4
|
|t:|1779673246
|switch|p1a: 后面忘了|Corviknight, F|100/100
|move|p2a: Ogerpon|Swords Dance|p2a: Ogerpon
|-boost|p2a: Ogerpon|atk|2
|
|upkeep
|turn|5
|
|t:|1779673254
|-terastallize|p2a: Ogerpon|Water
|detailschange|p2a: Ogerpon|Ogerpon-Wellspring-Tera, F, tera:Water
|-ability|p2a: Ogerpon|Embody Aspect (Wellspring)|boost
|-boost|p2a: Ogerpon|spd|1
|move|p2a: Ogerpon|Ivy Cudgel|p1a: 后面忘了|[anim] Ivy Cudgel Water
|-damage|p1a: 后面忘了|0 fnt
|faint|p1a: 后面忘了
|
|upkeep
|
|t:|1779673259
|switch|p1a: 前面忘了|Ting-Lu|100/100
|-activate|p1a: 前面忘了|move: Sticky Web
|-unboost|p1a: 前面忘了|spe|1
|-ability|p1a: 前面忘了|Vessel of Ruin
|turn|6
|
|t:|1779673264
|-terastallize|p1a: 前面忘了|Water
|move|p2a: Ogerpon|Ivy Cudgel|p1a: 前面忘了|[anim] Ivy Cudgel Water
|-resisted|p1a: 前面忘了
|-damage|p1a: 前面忘了|58/100
|move|p1a: 前面忘了|Earthquake|p2a: Ogerpon
|-damage|p2a: Ogerpon|45/100
|
|upkeep
|turn|7
|
|t:|1779673269
|switch|p1a: 我需要再生力|Goodra-Hisui, F|23/100
|-activate|p1a: 我需要再生力|move: Sticky Web
|-unboost|p1a: 我需要再生力|spe|1
|move|p2a: Ogerpon|Horn Leech|p1a: 我需要再生力
|-ability|p1a: 我需要再生力|Sap Sipper|boost
|-boost|p1a: 我需要再生力|atk|1
|
|upkeep
|turn|8
|
|t:|1779673274
|move|p2a: Ogerpon|Ivy Cudgel|p1a: 我需要再生力|[anim] Ivy Cudgel Water
|-resisted|p1a: 我需要再生力
|-crit|p1a: 我需要再生力
|-damage|p1a: 我需要再生力|0 fnt
|faint|p1a: 我需要再生力
|
|upkeep
|
|t:|1779673277
|switch|p1a: 我也需要格子|Darkrai|100/100
|-activate|p1a: 我也需要格子|move: Sticky Web
|-unboost|p1a: 我也需要格子|spe|1
|turn|9
|
|t:|1779673282
|move|p1a: 我也需要格子|Sucker Punch|p2a: Ogerpon
|-damage|p2a: Ogerpon|0 fnt
|faint|p2a: Ogerpon
|detailschange|p2: Ogerpon|Ogerpon-Wellspring, F|[silent]
|
|upkeep
|
|t:|1779673287
|switch|p2a: Kingambit|Kingambit, M|100/100
|-activate|p2a: Kingambit|ability: Supreme Overlord
|-start|p2a: Kingambit|fallen2|[silent]
|turn|10
|
|t:|1779673290
|move|p1a: 我也需要格子|Drain Punch|p2a: Kingambit
|-supereffective|p2a: Kingambit
|-damage|p2a: Kingambit|25/100
|move|p2a: Kingambit|Kowtow Cleave|p1a: 我也需要格子
|-resisted|p1a: 我也需要格子
|-damage|p1a: 我也需要格子|50/100
|
|upkeep
|turn|11
|
|t:|1779673300
|-end|p2a: Kingambit|fallen2|[silent]
|switch|p2a: Pecharunt|Pecharunt|100/100
|move|p1a: 我也需要格子|Swords Dance|p1a: 我也需要格子
|-boost|p1a: 我也需要格子|atk|2
|
|upkeep
|turn|12
|
|t:|1779673303
|move|p2a: Pecharunt|Malignant Chain|p1a: 我也需要格子
|-damage|p1a: 我也需要格子|0 fnt
|faint|p1a: 我也需要格子
|
|upkeep
|
|t:|1779673308
|switch|p1a: 前面忘了|Ting-Lu, tera:Water|58/100
|-activate|p1a: 前面忘了|move: Sticky Web
|-unboost|p1a: 前面忘了|spe|1
|-ability|p1a: 前面忘了|Vessel of Ruin
|turn|13
|
|t:|1779673314
|switch|p2a: Gholdengo|Gholdengo|100/100
|-item|p2a: Gholdengo|Air Balloon
|move|p1a: 前面忘了|Throat Chop|p2a: Gholdengo
|-supereffective|p2a: Gholdengo
|-damage|p2a: Gholdengo|22/100
|-start|p2a: Gholdengo|Throat Chop|[silent]
|-enditem|p2a: Gholdengo|Air Balloon
|
|upkeep
|turn|14
|
|t:|1779673318
|move|p2a: Gholdengo|Make It Rain|p1a: 前面忘了
|-resisted|p1a: 前面忘了
|-damage|p1a: 前面忘了|47/100
|-unboost|p2a: Gholdengo|spa|1
|move|p1a: 前面忘了|Earthquake|p2a: Gholdengo
|-supereffective|p2a: Gholdengo
|-damage|p2a: Gholdengo|0 fnt
|faint|p2a: Gholdengo
|
|upkeep
|
|t:|1779673323
|switch|p2a: Raging Bolt|Raging Bolt|100/100
|-enditem|p2a: Raging Bolt|Booster Energy
|-activate|p2a: Raging Bolt|ability: Protosynthesis|[fromitem]
|-start|p2a: Raging Bolt|protosynthesisspa
|turn|15
|
|t:|1779673326
|move|p2a: Raging Bolt|Thunderbolt|p1a: 前面忘了
|-supereffective|p1a: 前面忘了
|-damage|p1a: 前面忘了|4/100
|move|p1a: 前面忘了|Earthquake|p2a: Raging Bolt
|-supereffective|p2a: Raging Bolt
|-damage|p2a: Raging Bolt|18/100
|
|upkeep
|turn|16
|
|t:|1779673329
|move|p2a: Raging Bolt|Thunderbolt|p1a: 前面忘了
|-supereffective|p1a: 前面忘了
|-damage|p1a: 前面忘了|0 fnt
|faint|p1a: 前面忘了
|
|upkeep
|
|t:|1779673332
|switch|p1a: 我需要格子|Zamazenta|100/100
|-activate|p1a: 我需要格子|move: Sticky Web
|-unboost|p1a: 我需要格子|spe|1
|-ability|p1a: 我需要格子|Dauntless Shield|boost
|-boost|p1a: 我需要格子|def|1
|turn|17
|
|t:|1779673338
|-end|p2a: Raging Bolt|Protosynthesis|[silent]
|switch|p2a: Pecharunt|Pecharunt|100/100
|move|p1a: 我需要格子|Crunch|p2a: Pecharunt
|-supereffective|p2a: Pecharunt
|-damage|p2a: Pecharunt|39/100
|
|upkeep
|turn|18
|
|t:|1779673342
|move|p2a: Pecharunt|Malignant Chain|p1a: 我需要格子
|-damage|p1a: 我需要格子|65/100
|-status|p1a: 我需要格子|tox
|-start|p1a: 我需要格子|confusion|[from] ability: Poison Puppeteer|[of] p2a: Pecharunt
|-activate|p1a: 我需要格子|confusion
|-damage|p1a: 我需要格子|55/100 tox|[from] confusion
|
|-damage|p1a: 我需要格子|49/100 tox|[from] psn
|upkeep
|turn|19
|
|t:|1779673350
|move|p2a: Pecharunt|Malignant Chain|p1a: 我需要格子
|-damage|p1a: 我需要格子|11/100 tox
|-activate|p1a: 我需要格子|confusion
|-damage|p1a: 我需要格子|2/100 tox|[from] confusion
|
|-damage|p1a: 我需要格子|0 fnt|[from] psn
|faint|p1a: 我需要格子
|upkeep
|
|t:|1779673352
|switch|p1a: 中间忘了|Skeledirge, M|100/100
|turn|20
|
|t:|1779673356
|move|p2a: Pecharunt|Shadow Ball|p1a: 中间忘了
|-supereffective|p1a: 中间忘了
|-damage|p1a: 中间忘了|39/100
|move|p1a: 中间忘了|Hex|p2a: Pecharunt
|-supereffective|p2a: Pecharunt
|-enditem|p2a: Pecharunt|Kasib Berry|[eat]
|-enditem|p2a: Pecharunt|Kasib Berry|[weaken]
|-damage|p2a: Pecharunt|9/100
|
|upkeep
|turn|21
|
|t:|1779673359
|move|p2a: Pecharunt|Shadow Ball|p1a: 中间忘了
|-supereffective|p1a: 中间忘了
|-damage|p1a: 中间忘了|0 fnt
|faint|p1a: 中间忘了
|
|win|superstar
|raw|darretyle's rating: 1648 &rarr; <strong>1628</strong><br />(-20 for losing)
|raw|superstar's rating: 1647 &rarr; <strong>1667</strong><br />(+20 for winning)
|l|☆darretyle
|player|p1|
|l|☆superstar
|player|p2|
