|j|☆Swolecandy
|j|☆TeaPause
|t:|1779664688
|gametype|singles
|player|p1|Swolecandy|101|1449
|player|p2|TeaPause|waiter|1422
|gen|9
|tier|[Gen 9] OU
|rated|
|rule|HP Percentage Mod: HP is shown in percentages
|rule|Endless Battle Clause: Forcing endless battles is banned
|rule|Species Clause: Limit one of each Pokémon
|rule|OHKO Clause: OHKO moves are banned
|rule|Evasion Items Clause: Evasion items are banned
|rule|Evasion Moves Clause: Evasion moves are banned
|rule|Evasion Abilities Clause: Evasion abilities are banned
|rule|Sleep Moves Clause: Sleep-inducing moves are banned
|clearpoke
|poke|p1|Iron Moth|
|poke|p1|Gliscor, F|
|poke|p1|Hatterene, F|
|poke|p1|Ogerpon-Wellspring, F|
|poke|p1|Raging Bolt|
|poke|p1|Zamazenta-*|
|poke|p2|Decidueye-Hisui, M|
|poke|p2|Heatran, M|
|poke|p2|Dragapult, M|
|poke|p2|Muk-Alola, F|
|poke|p2|Hatterene, F|
|poke|p2|Oricorio-Pom-Pom, F|
|teampreview
|inactive|Battle timer is ON: inactive players will automatically lose when time's up. (requested by TeaPause)
|
|t:|1779664694
|teamsize|p1|6
|teamsize|p2|6
|start
|switch|p1a: Zamazenta|Zamazenta|100/100
|switch|p2a: Muk|Muk-Alola, F|100/100
|-ability|p1a: Zamazenta|Dauntless Shield|boost
|-boost|p1a: Zamazenta|def|1
|turn|1
|
|t:|1779664701
|move|p1a: Zamazenta|Reflect|p1a: Zamazenta
|-sidestart|p1: Swolecandy|Reflect
|move|p2a: Muk|Knock Off|p1a: Zamazenta
|-resisted|p1a: Zamazenta
|-damage|p1a: Zamazenta|95/100
|-status|p1a: Zamazenta|psn|[from] ability: Poison Touch|[of] p2a: Muk
|-enditem|p1a: Zamazenta|Light Clay|[from] move: Knock Off|[of] p2a: Muk
|
|-damage|p1a: Zamazenta|82/100 psn|[from] psn
|upkeep
|turn|2
|
|t:|1779664719
|switch|p2a: Dragapult|Dragapult, M|100/100
|move|p1a: Zamazenta|Light Screen|p1a: Zamazenta
|-sidestart|p1: Swolecandy|move: Light Screen
|
|-damage|p1a: Zamazenta|70/100 psn|[from] psn
|upkeep
|turn|3
|
|t:|1779664728
|move|p2a: Dragapult|Shadow Ball|p1a: Zamazenta
|-damage|p1a: Zamazenta|26/100 psn
|move|p1a: Zamazenta|Ice Fang|p2a: Dragapult
|-supereffective|p2a: Dragapult
|-damage|p2a: Dragapult|53/100
|
|-damage|p1a: Zamazenta|13/100 psn|[from] psn
|upkeep
|turn|4
|
|t:|1779664738
|switch|p1a: Gliscor|Gliscor, F|100/100
|move|p2a: Dragapult|Shadow Ball|p1a: Gliscor
|-damage|p1a: Gliscor|30/100
|
|-status|p1a: Gliscor|tox|[from] item: Toxic Orb
|upkeep
|turn|5
|
|t:|1779664746
|switch|p1a: Zamazenta|Zamazenta|13/100 psn
|move|p2a: Dragapult|Shadow Ball|p1a: Zamazenta
|-damage|p1a: Zamazenta|0 fnt
|faint|p1a: Zamazenta
|
|upkeep
|
|t:|1779664761
|switch|p1a: Hatterene|Hatterene, F|100/100
|turn|6
|
|t:|1779664779
|-terastallize|p1a: Hatterene|Water
|move|p2a: Dragapult|Shadow Ball|p1a: Hatterene
|-damage|p1a: Hatterene|52/100
|move|p1a: Hatterene|Calm Mind|p1a: Hatterene
|-boost|p1a: Hatterene|spa|1
|-boost|p1a: Hatterene|spd|1
|
|-heal|p1a: Hatterene|58/100|[from] item: Leftovers
|-sideend|p1: Swolecandy|move: Light Screen
|upkeep
|turn|7
|
|t:|1779664792
|switch|p2a: Decidueye|Decidueye-Hisui, M|100/100
|move|p1a: Hatterene|Draining Kiss|p2a: Decidueye
|-supereffective|p2a: Decidueye
|-damage|p2a: Decidueye|42/100
|-heal|p1a: Hatterene|100/100|[from] drain|[of] p2a: Decidueye
|
|upkeep
|turn|8
|
|t:|1779664799
|move|p2a: Decidueye|Leaf Blade|p1a: Hatterene
|-supereffective|p1a: Hatterene
|-damage|p1a: Hatterene|39/100
|move|p1a: Hatterene|Draining Kiss|p2a: Decidueye
|-supereffective|p2a: Decidueye
|-damage|p2a: Decidueye|0 fnt
|-heal|p1a: Hatterene|76/100|[from] drain|[of] p2a: Decidueye
|faint|p2a: Decidueye
|
|-heal|p1a: Hatterene|82/100|[from] item: Leftovers
|-sideend|p1: Swolecandy|Reflect
|upkeep
|
|t:|1779664811
|switch|p2a: Muk|Muk-Alola, F|100/100
|turn|9
|
|t:|1779664821
|move|p2a: Muk|Poison Jab|p1a: Hatterene
|-damage|p1a: Hatterene|53/100
|-status|p1a: Hatterene|psn|[from] ability: Poison Touch|[of] p2a: Muk
|move|p1a: Hatterene|Mystical Fire|p2a: Muk
|-damage|p2a: Muk|80/100
|-unboost|p2a: Muk|spa|1
|
|-heal|p1a: Hatterene|59/100 psn|[from] item: Leftovers
|-damage|p1a: Hatterene|46/100 psn|[from] psn
|upkeep
|turn|10
|
|t:|1779664834
|move|p2a: Muk|Knock Off|p1a: Hatterene
|-damage|p1a: Hatterene|6/100 psn
|-enditem|p1a: Hatterene|Leftovers|[from] move: Knock Off|[of] p2a: Muk
|move|p1a: Hatterene|Draining Kiss|p2a: Muk
|-damage|p2a: Muk|59/100
|-heal|p1a: Hatterene|24/100 psn|[from] drain|[of] p2a: Muk
|
|-damage|p1a: Hatterene|12/100 psn|[from] psn
|upkeep
|turn|11
|
|t:|1779664845
|move|p2a: Muk|Drain Punch|p1a: Hatterene
|-damage|p1a: Hatterene|0 fnt
|-heal|p2a: Muk|64/100|[from] drain|[of] p1a: Hatterene
|faint|p1a: Hatterene
|
|upkeep
|
|t:|1779664849
|switch|p1a: Gliscor|Gliscor, F|30/100 tox
|turn|12
|
|t:|1779664864
|move|p1a: Gliscor|Earthquake|p2a: Muk
|-supereffective|p2a: Muk
|-damage|p2a: Muk|0 fnt
|faint|p2a: Muk
|
|-heal|p1a: Gliscor|43/100 tox|[from] ability: Poison Heal
|upkeep
|
|t:|1779664871
|switch|p2a: Dragapult|Dragapult, M|53/100
|turn|13
|
|t:|1779664883
|move|p2a: Dragapult|Shadow Ball|p1a: Gliscor
|-damage|p1a: Gliscor|0 fnt
|faint|p1a: Gliscor
|
|upkeep
|
|t:|1779664887
|switch|p1a: Iron Moth|Iron Moth|100/100
|-enditem|p1a: Iron Moth|Booster Energy
|-activate|p1a: Iron Moth|ability: Quark Drive|[fromitem]
|-start|p1a: Iron Moth|quarkdrivespe
|turn|14
|
|t:|1779664893
|move|p1a: Iron Moth|Fiery Dance|p2a: Dragapult
|-resisted|p2a: Dragapult
|-damage|p2a: Dragapult|23/100
|-boost|p1a: Iron Moth|spa|1
|move|p2a: Dragapult|Shadow Ball|p1a: Iron Moth
|-damage|p1a: Iron Moth|48/100
|
|upkeep
|turn|15
|
|t:|1779664903
|switch|p2a: Heatran|Heatran, M|100/100
|move|p1a: Iron Moth|Fiery Dance|p2a: Heatran
|-start|p2a: Heatran|ability: Flash Fire
|
|upkeep
|turn|16
|
|t:|1779664913
|move|p2a: Heatran|Earth Power|p1a: Iron Moth
|-supereffective|p1a: Iron Moth
|-damage|p1a: Iron Moth|0 fnt
|faint|p1a: Iron Moth
|-end|p1a: Iron Moth|Quark Drive|[silent]
|
|upkeep
|
|t:|1779664918
|switch|p1a: Ogerpon|Ogerpon-Wellspring, F|100/100
|turn|17
|
|t:|1779664923
|-terastallize|p2a: Heatran|Grass
|move|p1a: Ogerpon|Encore|p2a: Heatran
|-start|p2a: Heatran|Encore
|move|p2a: Heatran|Earth Power|p1a: Ogerpon
|-resisted|p1a: Ogerpon
|-damage|p1a: Ogerpon|86/100
|
|upkeep
|turn|18
|
|t:|1779664934
|-end|p2a: Heatran|ability: Flash Fire|[silent]
|switch|p2a: Dragapult|Dragapult, M|23/100
|move|p1a: Ogerpon|Trailblaze|p2a: Dragapult
|-resisted|p2a: Dragapult
|-damage|p2a: Dragapult|0 fnt
|-boost|p1a: Ogerpon|spe|1
|faint|p2a: Dragapult
|
|upkeep
|
|t:|1779664944
|switch|p2a: Heatran|Heatran, M, tera:Grass|100/100
|turn|19
|
|t:|1779664950
|move|p1a: Ogerpon|Swords Dance|p1a: Ogerpon
|-boost|p1a: Ogerpon|atk|2
|move|p2a: Heatran|Will-O-Wisp|p1a: Ogerpon
|-status|p1a: Ogerpon|brn
|
|-damage|p1a: Ogerpon|80/100 brn|[from] brn
|upkeep
|turn|20
|
|t:|1779664963
|move|p1a: Ogerpon|Encore|p2a: Heatran
|-start|p2a: Heatran|Encore
|move|p2a: Heatran|Will-O-Wisp|p1a: Ogerpon
|-fail|p1a: Ogerpon|brn
|
|-damage|p1a: Ogerpon|74/100 brn|[from] brn
|upkeep
|turn|21
|
|t:|1779664972
|switch|p2a: Hatterene|Hatterene, F|100/100
|move|p1a: Ogerpon|Swords Dance|p1a: Ogerpon
|-boost|p1a: Ogerpon|atk|2
|
|-damage|p1a: Ogerpon|68/100 brn|[from] brn
|upkeep
|turn|22
|
|t:|1779664981
|switch|p2a: Heatran|Heatran, M, tera:Grass|100/100
|move|p1a: Ogerpon|Ivy Cudgel|p2a: Heatran|[anim] Ivy Cudgel Water
|-resisted|p2a: Heatran
|-damage|p2a: Heatran|59/100
|
|-heal|p2a: Heatran|65/100|[from] item: Leftovers
|-damage|p1a: Ogerpon|62/100 brn|[from] brn
|upkeep
|turn|23
|
|t:|1779664989
|move|p1a: Ogerpon|Ivy Cudgel|p2a: Heatran|[anim] Ivy Cudgel Water
|-resisted|p2a: Heatran
|-damage|p2a: Heatran|25/100
|move|p2a: Heatran|Magma Storm|p1a: Ogerpon
|-damage|p1a: Ogerpon|15/100 brn
|-activate|p1a: Ogerpon|move: Magma Storm|[of] p2a: Heatran
|
|-heal|p2a: Heatran|31/100|[from] item: Leftovers
|-damage|p1a: Ogerpon|9/100 brn|[from] brn
|-damage|p1a: Ogerpon|0 fnt|[from] move: Magma Storm|[partiallytrapped]
|faint|p1a: Ogerpon
|upkeep
|
|t:|1779664995
|switch|p1a: Raging Bolt|Raging Bolt|100/100
|-enditem|p1a: Raging Bolt|Booster Energy
|-activate|p1a: Raging Bolt|ability: Protosynthesis|[fromitem]
|-start|p1a: Raging Bolt|protosynthesisspa
|turn|24
|
|t:|1779665007
|move|p1a: Raging Bolt|Calm Mind|p1a: Raging Bolt
|-boost|p1a: Raging Bolt|spa|1
|-boost|p1a: Raging Bolt|spd|1
|move|p2a: Heatran|Earth Power|p1a: Raging Bolt
|-supereffective|p1a: Raging Bolt
|-damage|p1a: Raging Bolt|66/100
|
|-heal|p2a: Heatran|37/100|[from] item: Leftovers
|upkeep
|turn|25
|
|t:|1779665016
|move|p1a: Raging Bolt|Dragon Pulse|p2a: Heatran
|-damage|p2a: Heatran|0 fnt
|faint|p2a: Heatran
|
|upkeep
|
|t:|1779665022
|switch|p2a: Hatterene|Hatterene, F|100/100
|turn|26
|
|t:|1779665025
|move|p1a: Raging Bolt|Thunderbolt|p2a: Hatterene
|-damage|p2a: Hatterene|0 fnt
|faint|p2a: Hatterene
|
|upkeep
|-message|TeaPause forfeited.
|
|win|Swolecandy
|raw|Swolecandy's rating: 1449 &rarr; <strong>1467</strong><br />(+18 for winning)
|raw|TeaPause's rating: 1422 &rarr; <strong>1404</strong><br />(-18 for losing)
|l|☆TeaPause
|player|p2|
|l|☆Swolecandy
|player|p1|
