|j|☆Maxxxxilla
|j|☆stevenash12332
|t:|1779620380
|gametype|singles
|player|p1|Maxxxxilla|alder|1119
|player|p2|stevenash12332|wallace|1069
|gen|9
|tier|[Gen 9] OU
|rated|
|rule|HP Percentage Mod: HP is shown in percentages
|rule|Endless Battle Clause: Forcing endless battles is banned
|rule|Species Clause: Limit one of each Pokémon
|rule|OHKO Clause: OHKO moves are banned
|rule|Evasion Items Clause: Evasion items are banned
|rule|Evasion Moves Clause: Evasion moves are banned
|rule|Evasion Abilities Clause: Evasion abilities are banned
|rule|Sleep Moves Clause: Sleep-inducing moves are banned
|clearpoke
|poke|p1|Pikachu-Kalos, M|
|poke|p1|Charizard, F|
|poke|p1|Greninja-*, M|
|poke|p1|Gliscor, F|
|poke|p1|Hawlucha, M|
|poke|p1|Lucario, F|
|poke|p2|Great Tusk|
|poke|p2|Walking Wake|
|poke|p2|Kingambit, M|
|poke|p2|Venusaur, M|
|poke|p2|Ninetales, M|
|poke|p2|Raging Bolt|
|teampreview
|inactive|Battle timer is ON: inactive players will automatically lose when time's up. (requested by Maxxxxilla)
|inactive|stevenash12332 has 120 seconds left.
|
|t:|1779620435
|teamsize|p1|6
|teamsize|p2|6
|start
|switch|p1a: Charizard|Charizard, F|100/100
|switch|p2a: Great Tusk|Great Tusk|100/100
|turn|1
|
|t:|1779620445
|move|p1a: Charizard|Hurricane|p2a: Great Tusk|[miss]
|-miss|p1a: Charizard|p2a: Great Tusk
|move|p2a: Great Tusk|Ice Spinner|p1a: Charizard
|-damage|p1a: Charizard|70/100
|
|upkeep
|turn|2
|
|t:|1779620453
|-end|p2a: Great Tusk|Protosynthesis|[silent]
|switch|p2a: Raging Bolt|Raging Bolt|100/100
|move|p1a: Charizard|Hurricane|p2a: Raging Bolt|[miss]
|-miss|p1a: Charizard|p2a: Raging Bolt
|
|upkeep
|turn|3
|
|t:|1779620461
|move|p1a: Charizard|Scorching Sands|p2a: Raging Bolt
|-supereffective|p2a: Raging Bolt
|-damage|p2a: Raging Bolt|60/100
|move|p2a: Raging Bolt|Thunderbolt|p1a: Charizard
|-supereffective|p1a: Charizard
|-damage|p1a: Charizard|0 fnt
|faint|p1a: Charizard
|
|upkeep
|
|t:|1779620465
|switch|p1a: Gliscor|Gliscor, F|100/100
|turn|4
|
|t:|1779620470
|move|p2a: Raging Bolt|Calm Mind|p2a: Raging Bolt
|-boost|p2a: Raging Bolt|spa|1
|-boost|p2a: Raging Bolt|spd|1
|move|p1a: Gliscor|Earthquake|p2a: Raging Bolt
|-supereffective|p2a: Raging Bolt
|-damage|p2a: Raging Bolt|0 fnt
|faint|p2a: Raging Bolt
|-end|p2a: Raging Bolt|Protosynthesis|[silent]
|
|-status|p1a: Gliscor|tox|[from] item: Toxic Orb
|upkeep
|
|t:|1779620484
|switch|p2a: Ninetales|Ninetales, M|100/100
|-weather|SunnyDay|[from] ability: Drought|[of] p2a: Ninetales
|turn|5
|
|t:|1779620490
|switch|p2a: Walking Wake|Walking Wake|100/100
|-activate|p2a: Walking Wake|ability: Protosynthesis
|-start|p2a: Walking Wake|protosynthesisspe
|move|p1a: Gliscor|Earthquake|p2a: Walking Wake
|-damage|p2a: Walking Wake|48/100
|
|-weather|SunnyDay|[upkeep]
|upkeep
|turn|6
|
|t:|1779620501
|move|p1a: Gliscor|Protect|p1a: Gliscor
|-singleturn|p1a: Gliscor|Protect
|move|p2a: Walking Wake|Hydro Steam|p1a: Gliscor
|-activate|p1a: Gliscor|move: Protect
|
|-weather|SunnyDay|[upkeep]
|upkeep
|turn|7
|
|t:|1779620525
|-terastallize|p1a: Gliscor|Normal
|move|p2a: Walking Wake|Hydro Steam|p1a: Gliscor
|-damage|p1a: Gliscor|3/100 tox
|move|p1a: Gliscor|Facade|p2a: Walking Wake
|-damage|p2a: Walking Wake|0 fnt
|faint|p2a: Walking Wake
|-end|p2a: Walking Wake|Protosynthesis|[silent]
|
|-weather|SunnyDay|[upkeep]
|-heal|p1a: Gliscor|16/100 tox|[from] ability: Poison Heal
|upkeep
|inactive|stevenash12332 has 120 seconds left.
|
|t:|1779620555
|switch|p2a: Hashirama Senju|Venusaur, M|100/100
|turn|8
|
|t:|1779620563
|move|p1a: Gliscor|Protect|p1a: Gliscor
|-singleturn|p1a: Gliscor|Protect
|move|p2a: Hashirama Senju|Giga Drain|p1a: Gliscor
|-activate|p1a: Gliscor|move: Protect
|
|-weather|SunnyDay|[upkeep]
|-heal|p1a: Gliscor|28/100 tox|[from] ability: Poison Heal
|upkeep
|turn|9
|
|t:|1779620580
|switch|p1a: Pikachu|Pikachu-Kalos, M|100/100
|move|p2a: Hashirama Senju|Growth|p2a: Hashirama Senju
|-boost|p2a: Hashirama Senju|atk|2
|-boost|p2a: Hashirama Senju|spa|2
|
|-weather|SunnyDay|[upkeep]
|upkeep
|turn|10
|
|t:|1779620587
|move|p2a: Hashirama Senju|Growth|p2a: Hashirama Senju
|-boost|p2a: Hashirama Senju|atk|2
|-boost|p2a: Hashirama Senju|spa|2
|move|p1a: Pikachu|Volt Switch|p2a: Hashirama Senju
|-resisted|p2a: Hashirama Senju
|-damage|p2a: Hashirama Senju|77/100
|
|t:|1779620596
|switch|p1a: Hawlucha|Hawlucha, M|100/100|[from] Volt Switch
|
|-weather|SunnyDay|[upkeep]
|upkeep
|turn|11
|
|t:|1779620609
|move|p2a: Hashirama Senju|Weather Ball|p1a: Hawlucha
|-enditem|p1a: Hawlucha|Focus Sash
|-damage|p1a: Hawlucha|1/100
|move|p1a: Hawlucha|Swords Dance|p1a: Hawlucha
|-boost|p1a: Hawlucha|atk|2
|
|-weather|SunnyDay|[upkeep]
|upkeep
|turn|12
|
|t:|1779620614
|move|p1a: Hawlucha|Acrobatics|p2a: Hashirama Senju
|-supereffective|p2a: Hashirama Senju
|-damage|p2a: Hashirama Senju|0 fnt
|faint|p2a: Hashirama Senju
|
|-weather|none
|upkeep
|
|t:|1779620622
|switch|p2a: Kingambit|Kingambit, M|100/100
|-activate|p2a: Kingambit|ability: Supreme Overlord
|-start|p2a: Kingambit|fallen3|[silent]
|turn|13
|
|t:|1779620641
|move|p2a: Kingambit|Sucker Punch|p1a: Hawlucha
|-resisted|p1a: Hawlucha
|-crit|p1a: Hawlucha
|-damage|p1a: Hawlucha|0 fnt
|faint|p1a: Hawlucha
|
|upkeep
|
|t:|1779620644
|switch|p1a: Lucario|Lucario, F|100/100
|turn|14
|
|t:|1779620651
|-terastallize|p2a: Kingambit|Ghost
|move|p1a: Lucario|Close Combat|p2a: Kingambit
|-immune|p2a: Kingambit
|move|p2a: Kingambit|Swords Dance|p2a: Kingambit
|-boost|p2a: Kingambit|atk|2
|
|upkeep
|turn|15
|
|t:|1779620656
|move|p1a: Lucario|Crunch|p2a: Kingambit
|-supereffective|p2a: Kingambit
|-damage|p2a: Kingambit|48/100
|-enditem|p2a: Kingambit|Eject Button
|-damage|p1a: Lucario|91/100|[from] item: Life Orb
|
|t:|1779620662
|-end|p2a: Kingambit|fallen3|[silent]
|switch|p2a: Ninetales|Ninetales, M|100/100
|-weather|SunnyDay|[from] ability: Drought|[of] p2a: Ninetales
|
|-weather|SunnyDay|[upkeep]
|upkeep
|turn|16
|
|t:|1779620670
|move|p2a: Ninetales|Weather Ball|p1a: Lucario
|-supereffective|p1a: Lucario
|-damage|p1a: Lucario|0 fnt
|faint|p1a: Lucario
|
|-weather|SunnyDay|[upkeep]
|upkeep
|
|t:|1779620680
|switch|p1a: Gliscor|Gliscor, F, tera:Normal|28/100 tox
|turn|17
|
|t:|1779620684
|move|p1a: Gliscor|Protect|p1a: Gliscor
|-singleturn|p1a: Gliscor|Protect
|move|p2a: Ninetales|Weather Ball|p1a: Gliscor
|-activate|p1a: Gliscor|move: Protect
|
|-weather|SunnyDay|[upkeep]
|-heal|p1a: Gliscor|40/100 tox|[from] ability: Poison Heal
|upkeep
|turn|18
|
|t:|1779620701
|switch|p1a: Pikachu|Pikachu-Kalos, M|100/100
|move|p2a: Ninetales|Weather Ball|p1a: Pikachu
|-damage|p1a: Pikachu|0 fnt
|faint|p1a: Pikachu
|
|-weather|SunnyDay|[upkeep]
|upkeep
|
|t:|1779620703
|switch|p1a: Gliscor|Gliscor, F, tera:Normal|40/100 tox
|turn|19
|
|t:|1779620710
|move|p1a: Gliscor|Protect|p1a: Gliscor
|-singleturn|p1a: Gliscor|Protect
|move|p2a: Ninetales|Weather Ball|p1a: Gliscor
|-activate|p1a: Gliscor|move: Protect
|
|-weather|SunnyDay|[upkeep]
|-heal|p1a: Gliscor|53/100 tox|[from] ability: Poison Heal
|upkeep
|turn|20
|
|t:|1779620718
|move|p2a: Ninetales|Weather Ball|p1a: Gliscor
|-damage|p1a: Gliscor|0 fnt
|faint|p1a: Gliscor
|
|-weather|SunnyDay|[upkeep]
|upkeep
|
|t:|1779620721
|switch|p1a: Greninja|Greninja, M|100/100
|turn|21
|
|t:|1779620731
|move|p1a: Greninja|Surf|p2a: Ninetales
|-start|p1a: Greninja|typechange|Water|[from] ability: Protean
|-supereffective|p2a: Ninetales
|-damage|p2a: Ninetales|40/100
|move|p2a: Ninetales|Healing Wish|p2a: Ninetales
|faint|p2a: Ninetales
|
|-weather|SunnyDay|[upkeep]
|upkeep
|
|t:|1779620736
|switch|p2a: Great Tusk|Great Tusk|100/100
|-activate|p2a: Great Tusk|ability: Protosynthesis
|-start|p2a: Great Tusk|protosynthesisspe
|turn|22
|
|t:|1779620746
|move|p2a: Great Tusk|Close Combat|p1a: Greninja
|-damage|p1a: Greninja|10/100
|-unboost|p2a: Great Tusk|def|1
|-unboost|p2a: Great Tusk|spd|1
|move|p1a: Greninja|Surf|p2a: Great Tusk
|-supereffective|p2a: Great Tusk
|-damage|p2a: Great Tusk|23/100
|
|-weather|none
|-end|p2a: Great Tusk|Protosynthesis
|upkeep
|turn|23
|
|t:|1779620754
|move|p1a: Greninja|Surf|p2a: Great Tusk
|-supereffective|p2a: Great Tusk
|-damage|p2a: Great Tusk|0 fnt
|faint|p2a: Great Tusk
|-end|p2a: Great Tusk|Protosynthesis|[silent]
|
|upkeep
|
|t:|1779620757
|switch|p2a: Kingambit|Kingambit, M, tera:Ghost|48/100
|-heal|p2a: Kingambit|100/100|[from] move: Healing Wish
|-activate|p2a: Kingambit|ability: Supreme Overlord
|-start|p2a: Kingambit|fallen5|[silent]
|turn|24
|
|t:|1779620760
|move|p2a: Kingambit|Sucker Punch|p1a: Greninja
|-damage|p1a: Greninja|0 fnt
|faint|p1a: Greninja
|
|win|stevenash12332
|raw|Maxxxxilla's rating: 1119 &rarr; <strong>1090</strong><br />(-29 for losing)
|raw|stevenash12332's rating: 1069 &rarr; <strong>1103</strong><br />(+34 for winning)
|l|☆Maxxxxilla
|player|p1|
|l|☆stevenash12332
|player|p2|
