|j|☆pokeman6412
|j|☆lcscarini
|t:|1779582974
|gametype|singles
|player|p1|pokeman6412|cynthia-gen4|1048
|player|p2|lcscarini|red|1059
|gen|9
|tier|[Gen 9] OU
|rated|
|rule|HP Percentage Mod: HP is shown in percentages
|rule|Endless Battle Clause: Forcing endless battles is banned
|rule|Species Clause: Limit one of each Pokémon
|rule|OHKO Clause: OHKO moves are banned
|rule|Evasion Items Clause: Evasion items are banned
|rule|Evasion Moves Clause: Evasion moves are banned
|rule|Evasion Abilities Clause: Evasion abilities are banned
|rule|Sleep Moves Clause: Sleep-inducing moves are banned
|clearpoke
|poke|p1|Primarina, M|
|poke|p1|Iron Valiant|
|poke|p1|Dragapult, M|
|poke|p1|Dondozo, M|
|poke|p1|Pecharunt|
|poke|p1|Rillaboom, F|
|poke|p2|Kingambit, M|
|poke|p2|Gliscor, F|
|poke|p2|Spiritomb, M|
|poke|p2|Dondozo, F|
|poke|p2|Garganacl, F|
|poke|p2|Glimmora, M|
|teampreview
|inactive|Battle timer is ON: inactive players will automatically lose when time's up. (requested by pokeman6412)
|
|t:|1779582980
|teamsize|p1|6
|teamsize|p2|6
|start
|switch|p1a: Rillaboom|Rillaboom, F|100/100
|switch|p2a: Glimmora|Glimmora, M|100/100
|-fieldstart|move: Grassy Terrain|[from] ability: Grassy Surge|[of] p1a: Rillaboom
|turn|1
|
|t:|1779582989
|move|p1a: Rillaboom|Grassy Glide|p2a: Glimmora
|-damage|p2a: Glimmora|60/100
|-activate|p2a: Glimmora|ability: Toxic Debris
|-sidestart|p1: pokeman6412|move: Toxic Spikes
|move|p2a: Glimmora|Stealth Rock|p1a: Rillaboom
|-sidestart|p1: pokeman6412|move: Stealth Rock
|
|-heal|p2a: Glimmora|67/100|[from] Grassy Terrain
|upkeep
|turn|2
|
|t:|1779583004
|-terastallize|p1a: Rillaboom|Grass
|move|p2a: Glimmora|Explosion|p1a: Rillaboom
|-damage|p1a: Rillaboom|67/100
|faint|p2a: Glimmora
|move|p1a: Rillaboom|Knock Off|p2: Glimmora|[notarget]
|-fail|p1a: Rillaboom
|
|-heal|p1a: Rillaboom|73/100|[from] Grassy Terrain
|upkeep
|
|t:|1779583015
|switch|p2a: Gliscor|Gliscor, F|100/100
|turn|3
|inactive|lcscarini has 120 seconds left.
|
|t:|1779583049
|move|p2a: Gliscor|Toxic|p1a: Rillaboom
|-status|p1a: Rillaboom|tox
|move|p1a: Rillaboom|Knock Off|p2a: Gliscor
|-damage|p2a: Gliscor|78/100
|-enditem|p2a: Gliscor|Toxic Orb|[from] move: Knock Off|[of] p1a: Rillaboom
|
|-heal|p1a: Rillaboom|79/100 tox|[from] Grassy Terrain
|-damage|p1a: Rillaboom|73/100 tox|[from] psn
|upkeep
|turn|4
|inactive|lcscarini has 120 seconds left.
|
|t:|1779583067
|move|p2a: Gliscor|Protect|p2a: Gliscor
|-singleturn|p2a: Gliscor|Protect
|move|p1a: Rillaboom|Grassy Glide|p2a: Gliscor
|-activate|p2a: Gliscor|move: Protect
|
|-heal|p1a: Rillaboom|79/100 tox|[from] Grassy Terrain
|-damage|p1a: Rillaboom|67/100 tox|[from] psn
|upkeep
|turn|5
|
|t:|1779583078
|move|p1a: Rillaboom|Grassy Glide|p2a: Gliscor
|-damage|p2a: Gliscor|47/100
|move|p2a: Gliscor|Substitute|p2a: Gliscor
|-start|p2a: Gliscor|Substitute
|-damage|p2a: Gliscor|23/100
|
|-heal|p1a: Rillaboom|73/100 tox|[from] Grassy Terrain
|-damage|p1a: Rillaboom|54/100 tox|[from] psn
|upkeep
|turn|6
|
|t:|1779583092
|switch|p1a: Pecharunt|Pecharunt|100/100
|-sideend|p1: pokeman6412|move: Toxic Spikes|[of] p1a: Pecharunt
|move|p2a: Gliscor|Protect||[still]
|-fail|p2a: Gliscor
|
|upkeep
|turn|7
|
|t:|1779583098
|move|p1a: Pecharunt|Hex|p2a: Gliscor
|-end|p2a: Gliscor|Substitute
|move|p2a: Gliscor|Earthquake|p1a: Pecharunt
|-supereffective|p1a: Pecharunt
|-damage|p1a: Pecharunt|75/100
|
|-heal|p1a: Pecharunt|81/100|[from] Grassy Terrain
|upkeep
|turn|8
|
|t:|1779583115
|move|p1a: Pecharunt|Hex|p2a: Gliscor
|-damage|p2a: Gliscor|0 fnt
|faint|p2a: Gliscor
|
|-heal|p1a: Pecharunt|87/100|[from] Grassy Terrain
|-fieldend|move: Grassy Terrain
|upkeep
|
|t:|1779583122
|switch|p2a: Spiritomb|Spiritomb, M|100/100
|-ability|p2a: Spiritomb|Pressure
|turn|9
|
|t:|1779583132
|move|p1a: Pecharunt|Hex|p2a: Spiritomb
|-damage|p2a: Spiritomb|73/100
|move|p2a: Spiritomb|Trick|p1a: Pecharunt
|-activate|p2a: Spiritomb|move: Trick|[of] p1a: Pecharunt
|-item|p1a: Pecharunt|Leftovers|[from] move: Trick
|-item|p2a: Spiritomb|Heavy-Duty Boots|[from] move: Trick
|
|-heal|p1a: Pecharunt|93/100|[from] item: Leftovers
|upkeep
|turn|10
|
|t:|1779583141
|move|p1a: Pecharunt|Malignant Chain|p2a: Spiritomb
|-resisted|p2a: Spiritomb
|-damage|p2a: Spiritomb|53/100
|-status|p2a: Spiritomb|tox
|-start|p2a: Spiritomb|confusion|[from] ability: Poison Puppeteer|[of] p1a: Pecharunt
|-activate|p2a: Spiritomb|confusion
|move|p2a: Spiritomb|Will-O-Wisp|p1a: Pecharunt|[miss]
|-miss|p2a: Spiritomb|p1a: Pecharunt
|
|-heal|p1a: Pecharunt|99/100|[from] item: Leftovers
|-damage|p2a: Spiritomb|47/100 tox|[from] psn
|upkeep
|turn|11
|
|t:|1779583154
|-activate|p2a: Spiritomb|confusion
|move|p2a: Spiritomb|Sucker Punch|p1a: Pecharunt
|-supereffective|p1a: Pecharunt
|-damage|p1a: Pecharunt|67/100
|move|p1a: Pecharunt|Hex|p2a: Spiritomb
|-damage|p2a: Spiritomb|0 fnt
|faint|p2a: Spiritomb
|
|-heal|p1a: Pecharunt|73/100|[from] item: Leftovers
|upkeep
|
|t:|1779583165
|switch|p2a: Kingambit|Kingambit, M|100/100
|-activate|p2a: Kingambit|ability: Supreme Overlord
|-start|p2a: Kingambit|fallen3|[silent]
|-item|p2a: Kingambit|Air Balloon
|turn|12
|
|t:|1779583177
|switch|p1a: Iron Valiant|Iron Valiant|100/100
|-damage|p1a: Iron Valiant|94/100|[from] Stealth Rock
|-enditem|p1a: Iron Valiant|Booster Energy
|-activate|p1a: Iron Valiant|ability: Quark Drive|[fromitem]
|-start|p1a: Iron Valiant|quarkdrivespe
|move|p2a: Kingambit|Swords Dance|p2a: Kingambit
|-boost|p2a: Kingambit|atk|2
|
|upkeep
|turn|13
|
|t:|1779583196
|move|p1a: Iron Valiant|Close Combat|p2a: Kingambit
|-supereffective|p2a: Kingambit
|-damage|p2a: Kingambit|0 fnt
|-unboost|p1a: Iron Valiant|def|1
|-unboost|p1a: Iron Valiant|spd|1
|-enditem|p2a: Kingambit|Air Balloon
|faint|p2a: Kingambit
|-end|p2a: Kingambit|fallen3|[silent]
|
|upkeep
|
|t:|1779583206
|switch|p2a: Dondozo|Dondozo, F|100/100
|turn|14
|
|t:|1779583213
|move|p1a: Iron Valiant|Knock Off|p2a: Dondozo
|-damage|p2a: Dondozo|84/100
|-enditem|p2a: Dondozo|Leftovers|[from] move: Knock Off|[of] p1a: Iron Valiant
|move|p2a: Dondozo|Wave Crash|p1a: Iron Valiant
|-damage|p1a: Iron Valiant|39/100
|-damage|p2a: Dondozo|74/100|[from] Recoil
|
|upkeep
|turn|15
|
|t:|1779583221
|-end|p1a: Iron Valiant|Quark Drive|[silent]
|switch|p1a: Rillaboom|Rillaboom, F, tera:Grass|54/100 tox
|-damage|p1a: Rillaboom|42/100 tox|[from] Stealth Rock
|-fieldstart|move: Grassy Terrain|[from] ability: Grassy Surge|[of] p1a: Rillaboom
|move|p2a: Dondozo|Wave Crash|p1a: Rillaboom
|-resisted|p1a: Rillaboom
|-crit|p1a: Rillaboom
|-damage|p1a: Rillaboom|15/100 tox
|-damage|p2a: Dondozo|67/100|[from] Recoil
|
|-heal|p1a: Rillaboom|21/100 tox|[from] Grassy Terrain
|-heal|p2a: Dondozo|73/100|[from] Grassy Terrain
|-damage|p1a: Rillaboom|15/100 tox|[from] psn
|upkeep
|turn|16
|
|t:|1779583236
|-terastallize|p2a: Dondozo|Grass
|move|p1a: Rillaboom|Grassy Glide|p2a: Dondozo
|-resisted|p2a: Dondozo
|-damage|p2a: Dondozo|61/100
|move|p2a: Dondozo|Body Press|p1a: Rillaboom
|-damage|p1a: Rillaboom|0 fnt
|faint|p1a: Rillaboom
|
|-heal|p2a: Dondozo|67/100|[from] Grassy Terrain
|upkeep
|
|t:|1779583257
|switch|p1a: Dragapult|Dragapult, M|100/100
|-damage|p1a: Dragapult|88/100|[from] Stealth Rock
|turn|17
|
|t:|1779583266
|move|p1a: Dragapult|Fire Blast|p2a: Dondozo
|-supereffective|p2a: Dondozo
|-damage|p2a: Dondozo|0 fnt
|faint|p2a: Dondozo
|-damage|p1a: Dragapult|78/100|[from] item: Life Orb
|
|-heal|p1a: Dragapult|84/100|[from] Grassy Terrain
|upkeep
|
|t:|1779583274
|switch|p2a: Garganacl|Garganacl, F|100/100
|turn|18
|
|t:|1779583279
|move|p1a: Dragapult|Shadow Ball|p2a: Garganacl
|-damage|p2a: Garganacl|83/100
|-damage|p1a: Dragapult|75/100|[from] item: Life Orb
|move|p2a: Garganacl|Salt Cure|p1a: Dragapult
|-damage|p1a: Dragapult|56/100
|-start|p1a: Dragapult|Salt Cure
|
|-heal|p1a: Dragapult|62/100|[from] Grassy Terrain
|-heal|p2a: Garganacl|89/100|[from] Grassy Terrain
|-heal|p2a: Garganacl|96/100|[from] item: Leftovers
|-damage|p1a: Dragapult|49/100|[from] Salt Cure
|upkeep
|turn|19
|
|t:|1779583294
|move|p1a: Dragapult|Draco Meteor|p2a: Garganacl
|-damage|p2a: Garganacl|42/100
|-unboost|p1a: Dragapult|spa|2
|-damage|p1a: Dragapult|40/100|[from] item: Life Orb
|move|p2a: Garganacl|Salt Cure|p1a: Dragapult
|-damage|p1a: Dragapult|21/100
|
|-heal|p1a: Dragapult|27/100|[from] Grassy Terrain
|-heal|p2a: Garganacl|48/100|[from] Grassy Terrain
|-heal|p2a: Garganacl|54/100|[from] item: Leftovers
|-damage|p1a: Dragapult|15/100|[from] Salt Cure
|upkeep
|turn|20
|
|t:|1779583307
|move|p1a: Dragapult|Dragon Darts|p2a: Garganacl
|-damage|p2a: Garganacl|38/100
|-anim|p1a: Dragapult|Dragon Darts|p2a: Garganacl
|-damage|p2a: Garganacl|21/100
|-damage|p1a: Dragapult|5/100|[from] item: Life Orb
|move|p2a: Garganacl|Recover|p2a: Garganacl
|-heal|p2a: Garganacl|71/100
|
|-heal|p1a: Dragapult|11/100|[from] Grassy Terrain
|-heal|p2a: Garganacl|77/100|[from] Grassy Terrain
|-heal|p2a: Garganacl|83/100|[from] item: Leftovers
|-damage|p1a: Dragapult|0 fnt|[from] Salt Cure
|faint|p1a: Dragapult
|upkeep
|
|t:|1779583321
|switch|p1a: Dondozo|Dondozo, M|100/100
|-damage|p1a: Dondozo|88/100|[from] Stealth Rock
|turn|21
|
|t:|1779583327
|move|p2a: Garganacl|Salt Cure|p1a: Dondozo
|-damage|p1a: Dondozo|82/100
|-start|p1a: Dondozo|Salt Cure
|move|p1a: Dondozo|Waterfall|p2a: Garganacl
|-supereffective|p2a: Garganacl
|-damage|p2a: Garganacl|47/100
|
|-heal|p2a: Garganacl|53/100|[from] Grassy Terrain
|-heal|p1a: Dondozo|88/100|[from] Grassy Terrain
|-heal|p2a: Garganacl|60/100|[from] item: Leftovers
|-heal|p1a: Dondozo|94/100|[from] item: Leftovers
|-damage|p1a: Dondozo|69/100|[from] Salt Cure
|upkeep
|turn|22
|
|t:|1779583341
|move|p1a: Dondozo|Waterfall|p2a: Garganacl
|-supereffective|p2a: Garganacl
|-damage|p2a: Garganacl|24/100
|move|p2a: Garganacl|Recover|p2a: Garganacl
|-heal|p2a: Garganacl|74/100
|
|-heal|p2a: Garganacl|80/100|[from] Grassy Terrain
|-heal|p1a: Dondozo|75/100|[from] Grassy Terrain
|-heal|p1a: Dondozo|82/100|[from] item: Leftovers
|-heal|p2a: Garganacl|86/100|[from] item: Leftovers
|-damage|p1a: Dondozo|57/100|[from] Salt Cure
|-fieldend|move: Grassy Terrain
|upkeep
|turn|23
|
|t:|1779583358
|move|p1a: Dondozo|Rest|p1a: Dondozo
|-status|p1a: Dondozo|slp|[from] move: Rest
|-heal|p1a: Dondozo|100/100 slp|[silent]
|move|p2a: Garganacl|Recover|p2a: Garganacl
|-heal|p2a: Garganacl|100/100
|
|-damage|p1a: Dondozo|75/100 slp|[from] Salt Cure
|upkeep
|turn|24
|
|t:|1779583366
|cant|p1a: Dondozo|slp
|move|p1a: Dondozo|Sleep Talk|p1a: Dondozo
|move|p1a: Dondozo|Rest||[from] move: Sleep Talk|[still]
|-fail|p1a: Dondozo
|move|p2a: Garganacl|Body Press|p1a: Dondozo
|-damage|p1a: Dondozo|64/100 slp
|
|-heal|p1a: Dondozo|70/100 slp|[from] item: Leftovers
|-damage|p1a: Dondozo|45/100 slp|[from] Salt Cure
|upkeep
|turn|25
|
|t:|1779583379
|move|p2a: Garganacl|Body Press|p1a: Dondozo
|-damage|p1a: Dondozo|35/100 slp
|cant|p1a: Dondozo|slp
|move|p1a: Dondozo|Sleep Talk|p1a: Dondozo
|move|p1a: Dondozo|Rest||[from] move: Sleep Talk|[still]
|-fail|p1a: Dondozo
|
|-heal|p1a: Dondozo|41/100 slp|[from] item: Leftovers
|-damage|p1a: Dondozo|16/100 slp|[from] Salt Cure
|upkeep
|turn|26
|
|t:|1779583391
|-curestatus|p1a: Dondozo|slp|[msg]
|move|p1a: Dondozo|Waterfall|p2a: Garganacl
|-supereffective|p2a: Garganacl
|-damage|p2a: Garganacl|66/100
|move|p2a: Garganacl|Body Press|p1a: Dondozo
|-damage|p1a: Dondozo|6/100
|
|-heal|p1a: Dondozo|12/100|[from] item: Leftovers
|-heal|p2a: Garganacl|73/100|[from] item: Leftovers
|-damage|p1a: Dondozo|0 fnt|[from] Salt Cure
|faint|p1a: Dondozo
|upkeep
|
|t:|1779583403
|switch|p1a: Iron Valiant|Iron Valiant|39/100
|-damage|p1a: Iron Valiant|33/100|[from] Stealth Rock
|turn|27
|
|t:|1779583408
|move|p1a: Iron Valiant|Close Combat|p2a: Garganacl
|-supereffective|p2a: Garganacl
|-damage|p2a: Garganacl|0 fnt
|-unboost|p1a: Iron Valiant|def|1
|-unboost|p1a: Iron Valiant|spd|1
|faint|p2a: Garganacl
|
|win|pokeman6412
|raw|pokeman6412's rating: 1048 &rarr; <strong>1082</strong><br />(+34 for winning)
|raw|lcscarini's rating: 1059 &rarr; <strong>1040</strong><br />(-19 for losing)
|l|☆lcscarini
|player|p2|
