|j|☆LeoN22poke
|j|☆tenebrusse1
|t:|1779722800
|gametype|singles
|player|p1|LeoN22poke|steven|1180
|player|p2|tenebrusse1|misty|1164
|gen|9
|tier|[Gen 9] OU
|rated|
|rule|HP Percentage Mod: HP is shown in percentages
|rule|Endless Battle Clause: Forcing endless battles is banned
|rule|Species Clause: Limit one of each Pokémon
|rule|OHKO Clause: OHKO moves are banned
|rule|Evasion Items Clause: Evasion items are banned
|rule|Evasion Moves Clause: Evasion moves are banned
|rule|Evasion Abilities Clause: Evasion abilities are banned
|rule|Sleep Moves Clause: Sleep-inducing moves are banned
|clearpoke
|poke|p1|Kingambit, F|
|poke|p1|Zamazenta-*|
|poke|p1|Delphox, F|
|poke|p1|Rillaboom, M|
|poke|p1|Palossand, M|
|poke|p1|Cyclizar, F|
|poke|p2|Glimmora, F|
|poke|p2|Tornadus-Therian, M|
|poke|p2|Dragonite, M|
|poke|p2|Gholdengo|
|poke|p2|Great Tusk|
|poke|p2|Regieleki|
|teampreview
|
|t:|1779722806
|teamsize|p1|6
|teamsize|p2|6
|start
|switch|p1a: Palossand|Palossand, M, shiny|100/100
|switch|p2a: Glimmora|Glimmora, F|100/100
|turn|1
|
|t:|1779722813
|move|p2a: Glimmora|Stealth Rock|p1a: Palossand
|-sidestart|p1: LeoN22poke|move: Stealth Rock
|move|p1a: Palossand|Scorching Sands|p2a: Glimmora
|-supereffective|p2a: Glimmora
|-enditem|p2a: Glimmora|Focus Sash
|-damage|p2a: Glimmora|1/100
|
|upkeep
|turn|2
|
|t:|1779722821
|move|p2a: Glimmora|Earth Power|p1a: Palossand
|-crit|p1a: Palossand
|-damage|p1a: Palossand|59/100
|move|p1a: Palossand|Stealth Rock|p2a: Glimmora
|-sidestart|p2: tenebrusse1|move: Stealth Rock
|
|-heal|p1a: Palossand|65/100|[from] item: Leftovers
|upkeep
|turn|3
|
|t:|1779722829
|move|p2a: Glimmora|Mortal Spin|p1a: Palossand
|-resisted|p1a: Palossand
|-damage|p1a: Palossand|64/100
|-status|p1a: Palossand|psn
|-sideend|p2: tenebrusse1|Stealth Rock|[from] move: Mortal Spin|[of] p2a: Glimmora
|move|p1a: Palossand|Night Shade|p2a: Glimmora
|-damage|p2a: Glimmora|0 fnt
|faint|p2a: Glimmora
|
|-heal|p1a: Palossand|71/100 psn|[from] item: Leftovers
|-damage|p1a: Palossand|58/100 psn|[from] psn
|upkeep
|
|t:|1779722836
|switch|p2a: Tornadus|Tornadus-Therian, M|100/100
|turn|4
|
|t:|1779722840
|move|p2a: Tornadus|Tailwind|p2a: Tornadus
|-sidestart|p2: tenebrusse1|move: Tailwind
|move|p1a: Palossand|Stealth Rock|p2a: Tornadus
|-sidestart|p2: tenebrusse1|move: Stealth Rock
|
|-heal|p1a: Palossand|64/100 psn|[from] item: Leftovers
|-damage|p1a: Palossand|52/100 psn|[from] psn
|upkeep
|turn|5
|
|t:|1779722853
|move|p2a: Tornadus|U-turn|p1a: Palossand
|-resisted|p1a: Palossand
|-damage|p1a: Palossand|47/100 psn
|
|t:|1779722856
|switch|p2a: Great Tusk|Great Tusk|100/100|[from] U-turn
|-damage|p2a: Great Tusk|98/100|[from] Stealth Rock
|-enditem|p2a: Great Tusk|Booster Energy
|-activate|p2a: Great Tusk|ability: Protosynthesis|[fromitem]
|-start|p2a: Great Tusk|protosynthesisatk
|move|p1a: Palossand|Pain Split|p2a: Great Tusk
|-sethp|p2a: Great Tusk|72/100|[from] move: Pain Split|[silent]
|-sethp|p1a: Palossand|72/100 psn|[from] move: Pain Split
|
|-heal|p1a: Palossand|78/100 psn|[from] item: Leftovers
|-damage|p1a: Palossand|65/100 psn|[from] psn
|upkeep
|turn|6
|inactive|Battle timer is ON: inactive players will automatically lose when time's up. (requested by tenebrusse1)
|
|t:|1779722909
|move|p2a: Great Tusk|Ice Spinner|p1a: Palossand
|-supereffective|p1a: Palossand
|-damage|p1a: Palossand|14/100 psn
|move|p1a: Palossand|Night Shade|p2a: Great Tusk
|-damage|p2a: Great Tusk|45/100
|
|-heal|p1a: Palossand|20/100 psn|[from] item: Leftovers
|-damage|p1a: Palossand|8/100 psn|[from] psn
|upkeep
|turn|7
|
|t:|1779722924
|move|p2a: Great Tusk|Ice Spinner|p1a: Palossand
|-supereffective|p1a: Palossand
|-damage|p1a: Palossand|0 fnt
|faint|p1a: Palossand
|
|-sideend|p2: tenebrusse1|move: Tailwind
|upkeep
|
|t:|1779722931
|switch|p1a: Rillaboom|Rillaboom, M|100/100
|-damage|p1a: Rillaboom|88/100|[from] Stealth Rock
|-fieldstart|move: Grassy Terrain|[from] ability: Grassy Surge|[of] p1a: Rillaboom
|turn|8
|
|t:|1779722937
|move|p1a: Rillaboom|Grassy Glide|p2a: Great Tusk
|-supereffective|p2a: Great Tusk
|-damage|p2a: Great Tusk|0 fnt
|faint|p2a: Great Tusk
|-end|p2a: Great Tusk|Protosynthesis|[silent]
|
|-heal|p1a: Rillaboom|94/100|[from] Grassy Terrain
|upkeep
|
|t:|1779722942
|switch|p2a: Tornadus|Tornadus-Therian, M|100/100
|-damage|p2a: Tornadus|75/100|[from] Stealth Rock
|turn|9
|
|t:|1779722960
|-terastallize|p1a: Rillaboom|Ground
|move|p2a: Tornadus|Tailwind|p2a: Tornadus
|-sidestart|p2: tenebrusse1|move: Tailwind
|move|p1a: Rillaboom|U-turn|p2a: Tornadus
|-resisted|p2a: Tornadus
|-damage|p2a: Tornadus|60/100
|
|t:|1779722970
|switch|p1a: Cyclizar|Cyclizar, F, shiny|100/100|[from] U-turn
|
|-heal|p2a: Tornadus|66/100|[from] item: Leftovers
|upkeep
|turn|10
|
|t:|1779722981
|move|p2a: Tornadus|U-turn|p1a: Cyclizar
|-damage|p1a: Cyclizar|76/100
|
|t:|1779722983
|switch|p2a: Gholdengo|Gholdengo|100/100|[from] U-turn
|-damage|p2a: Gholdengo|94/100|[from] Stealth Rock
|move|p1a: Cyclizar|Rapid Spin|p2a: Gholdengo
|-immune|p2a: Gholdengo
|
|-heal|p2a: Gholdengo|100/100|[from] Grassy Terrain
|-heal|p1a: Cyclizar|82/100|[from] Grassy Terrain
|upkeep
|turn|11
|
|t:|1779723001
|move|p2a: Gholdengo|Dazzling Gleam|p1a: Cyclizar
|-supereffective|p1a: Cyclizar
|-damage|p1a: Cyclizar|0 fnt
|faint|p1a: Cyclizar
|
|upkeep
|
|t:|1779723026
|switch|p1a: Rillaboom|Rillaboom, M, tera:Ground|94/100
|-damage|p1a: Rillaboom|88/100|[from] Stealth Rock
|turn|12
|
|t:|1779723032
|move|p2a: Gholdengo|Dazzling Gleam|p1a: Rillaboom
|-damage|p1a: Rillaboom|48/100
|move|p1a: Rillaboom|Earthquake|p2a: Gholdengo
|-supereffective|p2a: Gholdengo
|-damage|p2a: Gholdengo|32/100
|
|-heal|p2a: Gholdengo|38/100|[from] Grassy Terrain
|-heal|p1a: Rillaboom|54/100|[from] Grassy Terrain
|-sideend|p2: tenebrusse1|move: Tailwind
|-fieldend|move: Grassy Terrain
|upkeep
|turn|13
|
|t:|1779723048
|switch|p2a: Tornadus|Tornadus-Therian, M|99/100
|-damage|p2a: Tornadus|74/100|[from] Stealth Rock
|switch|p1a: Delphox|Delphox, F, shiny|100/100
|-damage|p1a: Delphox|75/100|[from] Stealth Rock
|-item|p1a: Delphox|Air Balloon
|
|-heal|p2a: Tornadus|80/100|[from] item: Leftovers
|upkeep
|turn|14
|
|t:|1779723058
|move|p2a: Tornadus|Tailwind|p2a: Tornadus
|-sidestart|p2: tenebrusse1|move: Tailwind
|move|p1a: Delphox|Future Sight|p2a: Tornadus
|-start|p1a: Delphox|move: Future Sight
|
|-heal|p2a: Tornadus|86/100|[from] item: Leftovers
|upkeep
|turn|15
|
|t:|1779723069
|switch|p2a: Regieleki|Regieleki|100/100
|-damage|p2a: Regieleki|88/100|[from] Stealth Rock
|move|p1a: Delphox|Mystical Fire|p2a: Regieleki
|-damage|p2a: Regieleki|23/100
|-unboost|p2a: Regieleki|spa|1
|
|upkeep
|turn|16
|
|t:|1779723081
|move|p2a: Regieleki|Thunder|p1a: Delphox
|-damage|p1a: Delphox|2/100
|-enditem|p1a: Delphox|Air Balloon
|move|p1a: Delphox|Calm Mind|p1a: Delphox
|-boost|p1a: Delphox|spa|1
|-boost|p1a: Delphox|spd|1
|
|-end|p2a: Regieleki|move: Future Sight
|-damage|p2a: Regieleki|0 fnt
|faint|p2a: Regieleki
|upkeep
|
|t:|1779723086
|switch|p2a: Gholdengo|Gholdengo|38/100
|-damage|p2a: Gholdengo|32/100|[from] Stealth Rock
|turn|17
|
|t:|1779723098
|move|p2a: Gholdengo|Dazzling Gleam|p1a: Delphox
|-resisted|p1a: Delphox
|-damage|p1a: Delphox|0 fnt
|faint|p1a: Delphox
|
|-sideend|p2: tenebrusse1|move: Tailwind
|upkeep
|
|t:|1779723110
|switch|p1a: Kingambit|Kingambit, F, shiny|100/100
|-damage|p1a: Kingambit|94/100|[from] Stealth Rock
|-activate|p1a: Kingambit|ability: Supreme Overlord
|-start|p1a: Kingambit|fallen3|[silent]
|turn|18
|
|t:|1779723115
|switch|p2a: Tornadus|Tornadus-Therian, M|100/100
|-damage|p2a: Tornadus|75/100|[from] Stealth Rock
|move|p1a: Kingambit|Kowtow Cleave|p2a: Tornadus
|-damage|p2a: Tornadus|0 fnt
|faint|p2a: Tornadus
|
|upkeep
|
|t:|1779723121
|switch|p2a: Dragonite|Dragonite, M|100/100
|-damage|p2a: Dragonite|76/100|[from] Stealth Rock
|turn|19
|
|t:|1779723129
|move|p2a: Dragonite|Fire Punch|p1a: Kingambit
|-supereffective|p1a: Kingambit
|-damage|p1a: Kingambit|26/100
|-status|p1a: Kingambit|brn
|move|p1a: Kingambit|Kowtow Cleave|p2a: Dragonite
|-damage|p2a: Dragonite|39/100
|
|-damage|p1a: Kingambit|20/100 brn|[from] brn
|upkeep
|turn|20
|
|t:|1779723142
|move|p1a: Kingambit|Sucker Punch|p2a: Dragonite
|-damage|p2a: Dragonite|8/100
|move|p2a: Dragonite|Fire Punch|p1a: Kingambit
|-supereffective|p1a: Kingambit
|-crit|p1a: Kingambit
|-damage|p1a: Kingambit|0 fnt
|faint|p1a: Kingambit
|-end|p1a: Kingambit|fallen3|[silent]
|
|upkeep
|
|t:|1779723148
|switch|p1a: Rillaboom|Rillaboom, M, tera:Ground|54/100
|-damage|p1a: Rillaboom|48/100|[from] Stealth Rock
|-fieldstart|move: Grassy Terrain|[from] ability: Grassy Surge|[of] p1a: Rillaboom
|turn|21
|
|t:|1779723153
|move|p1a: Rillaboom|Grassy Glide|p2a: Dragonite
|-resisted|p2a: Dragonite
|-damage|p2a: Dragonite|0 fnt
|faint|p2a: Dragonite
|
|-heal|p1a: Rillaboom|54/100|[from] Grassy Terrain
|upkeep
|
|t:|1779723156
|switch|p2a: Gholdengo|Gholdengo|32/100
|-damage|p2a: Gholdengo|26/100|[from] Stealth Rock
|turn|22
|
|t:|1779723164
|move|p1a: Rillaboom|Grassy Glide|p2a: Gholdengo
|-resisted|p2a: Gholdengo
|-damage|p2a: Gholdengo|0 fnt
|faint|p2a: Gholdengo
|
|win|LeoN22poke
|raw|LeoN22poke's rating: 1180 &rarr; <strong>1204</strong><br />(+24 for winning)
|raw|tenebrusse1's rating: 1164 &rarr; <strong>1140</strong><br />(-24 for losing)
|l|☆LeoN22poke
|player|p1|
|l|☆tenebrusse1
|player|p2|
