|j|☆buqiucaoMAX
|j|☆npctypebeat
|t:|1779591152
|gametype|singles
|player|p1|buqiucaoMAX|pokemaniac|1104
|player|p2|npctypebeat|2|1134
|gen|9
|tier|[Gen 9] OU
|rated|
|rule|HP Percentage Mod: HP is shown in percentages
|rule|Endless Battle Clause: Forcing endless battles is banned
|rule|Species Clause: Limit one of each Pokémon
|rule|OHKO Clause: OHKO moves are banned
|rule|Evasion Items Clause: Evasion items are banned
|rule|Evasion Moves Clause: Evasion moves are banned
|rule|Evasion Abilities Clause: Evasion abilities are banned
|rule|Sleep Moves Clause: Sleep-inducing moves are banned
|clearpoke
|poke|p1|Gastrodon, M|
|poke|p1|Raging Bolt|
|poke|p1|Pecharunt|
|poke|p1|Skeledirge, F|
|poke|p1|Sinistcha-Masterpiece|
|poke|p1|Excadrill, M|
|poke|p2|Gliscor, F|
|poke|p2|Gholdengo|
|poke|p2|Zamazenta-*|
|poke|p2|Blissey, F|
|poke|p2|Skarmory, M|
|poke|p2|Pecharunt|
|teampreview
|c|☆npctypebeat|hf
|inactive|Battle timer is ON: inactive players will automatically lose when time's up. (requested by buqiucaoMAX)
|inactive|npctypebeat has 120 seconds left.
|
|t:|1779591187
|teamsize|p1|6
|teamsize|p2|6
|start
|switch|p1a: Pecharunt|Pecharunt|100/100
|switch|p2a: Skarmory|Skarmory, M|100/100
|turn|1
|inactive|npctypebeat also wants the timer to be on.
|
|t:|1779591199
|switch|p1a: Skeledirge|Skeledirge, F, shiny|100/100
|switch|p2a: Gliscor|Gliscor, F|100/100
|
|-status|p2a: Gliscor|tox|[from] item: Toxic Orb
|upkeep
|turn|2
|
|t:|1779591212
|switch|p1a: Pecharunt|Pecharunt|100/100
|move|p2a: Gliscor|Earthquake|p1a: Pecharunt
|-supereffective|p1a: Pecharunt
|-damage|p1a: Pecharunt|72/100
|
|-heal|p1a: Pecharunt|78/100|[from] item: Black Sludge
|upkeep
|turn|3
|
|t:|1779591235
|move|p2a: Gliscor|Swords Dance|p2a: Gliscor
|-boost|p2a: Gliscor|atk|2
|move|p1a: Pecharunt|Hex|p2a: Gliscor
|-damage|p2a: Gliscor|61/100 tox
|
|-heal|p1a: Pecharunt|84/100|[from] item: Black Sludge
|-heal|p2a: Gliscor|74/100 tox|[from] ability: Poison Heal
|upkeep
|turn|4
|
|t:|1779591250
|move|p2a: Gliscor|Earthquake|p1a: Pecharunt
|-supereffective|p1a: Pecharunt
|-damage|p1a: Pecharunt|24/100
|move|p1a: Pecharunt|Hex|p2a: Gliscor
|-damage|p2a: Gliscor|39/100 tox
|
|-heal|p1a: Pecharunt|30/100|[from] item: Black Sludge
|-heal|p2a: Gliscor|52/100 tox|[from] ability: Poison Heal
|upkeep
|turn|5
|
|t:|1779591266
|move|p2a: Gliscor|Earthquake|p1a: Pecharunt
|-supereffective|p1a: Pecharunt
|-damage|p1a: Pecharunt|0 fnt
|faint|p1a: Pecharunt
|
|-heal|p2a: Gliscor|64/100 tox|[from] ability: Poison Heal
|upkeep
|
|t:|1779591277
|switch|p1a: Gastrodon|Gastrodon, M|100/100
|turn|6
|
|t:|1779591281
|move|p2a: Gliscor|Earthquake|p1a: Gastrodon
|-damage|p1a: Gastrodon|24/100
|move|p1a: Gastrodon|Surf|p2a: Gliscor
|-supereffective|p2a: Gliscor
|-damage|p2a: Gliscor|0 fnt
|faint|p2a: Gliscor
|
|-heal|p1a: Gastrodon|30/100|[from] item: Leftovers
|upkeep
|
|t:|1779591310
|switch|p2a: Zamazenta|Zamazenta|100/100
|-ability|p2a: Zamazenta|Dauntless Shield|boost
|-boost|p2a: Zamazenta|def|1
|turn|7
|
|t:|1779591332
|move|p2a: Zamazenta|Close Combat|p1a: Gastrodon
|-damage|p1a: Gastrodon|0 fnt
|-unboost|p2a: Zamazenta|def|1
|-unboost|p2a: Zamazenta|spd|1
|faint|p1a: Gastrodon
|
|upkeep
|inactive|buqiucaoMAX has 120 seconds left.
|
|t:|1779591349
|switch|p1a: Sinistcha|Sinistcha-Masterpiece|100/100
|turn|8
|
|t:|1779591356
|move|p2a: Zamazenta|Crunch|p1a: Sinistcha
|-supereffective|p1a: Sinistcha
|-damage|p1a: Sinistcha|49/100
|move|p1a: Sinistcha|Calm Mind|p1a: Sinistcha
|-boost|p1a: Sinistcha|spa|1
|-boost|p1a: Sinistcha|spd|1
|
|-heal|p1a: Sinistcha|55/100|[from] item: Leftovers
|upkeep
|turn|9
|
|t:|1779591369
|move|p2a: Zamazenta|Crunch|p1a: Sinistcha
|-supereffective|p1a: Sinistcha
|-damage|p1a: Sinistcha|6/100
|move|p1a: Sinistcha|Matcha Gotcha|p2a: Zamazenta
|-damage|p2a: Zamazenta|10/100
|-heal|p1a: Sinistcha|49/100|[from] drain|[of] p2a: Zamazenta
|
|-heal|p1a: Sinistcha|55/100|[from] item: Leftovers
|upkeep
|turn|10
|
|t:|1779591380
|switch|p2a: Blissey|Blissey, F|100/100
|move|p1a: Sinistcha|Matcha Gotcha|p2a: Blissey
|-damage|p2a: Blissey|82/100
|-heal|p1a: Sinistcha|73/100|[from] drain|[of] p2a: Blissey
|
|-heal|p1a: Sinistcha|79/100|[from] item: Leftovers
|upkeep
|turn|11
|
|t:|1779591401
|move|p1a: Sinistcha|Calm Mind|p1a: Sinistcha
|-boost|p1a: Sinistcha|spa|1
|-boost|p1a: Sinistcha|spd|1
|move|p2a: Blissey|Shadow Ball|p1a: Sinistcha
|-supereffective|p1a: Sinistcha
|-damage|p1a: Sinistcha|62/100
|-unboost|p1a: Sinistcha|spd|1
|
|-heal|p1a: Sinistcha|68/100|[from] item: Leftovers
|upkeep
|turn|12
|
|t:|1779591417
|move|p1a: Sinistcha|Matcha Gotcha|p2a: Blissey|[miss]
|-miss|p1a: Sinistcha|p2a: Blissey
|move|p2a: Blissey|Shadow Ball|p1a: Sinistcha
|-supereffective|p1a: Sinistcha
|-damage|p1a: Sinistcha|46/100
|
|-heal|p1a: Sinistcha|52/100|[from] item: Leftovers
|upkeep
|turn|13
|
|t:|1779591427
|move|p1a: Sinistcha|Matcha Gotcha|p2a: Blissey
|-crit|p2a: Blissey
|-damage|p2a: Blissey|42/100
|-heal|p1a: Sinistcha|90/100|[from] drain|[of] p2a: Blissey
|move|p2a: Blissey|Shadow Ball|p1a: Sinistcha
|-supereffective|p1a: Sinistcha
|-damage|p1a: Sinistcha|68/100
|
|-heal|p1a: Sinistcha|74/100|[from] item: Leftovers
|upkeep
|turn|14
|
|t:|1779591440
|switch|p2a: Skarmory|Skarmory, M|100/100
|move|p1a: Sinistcha|Matcha Gotcha|p2a: Skarmory
|-resisted|p2a: Skarmory
|-damage|p2a: Skarmory|70/100
|-heal|p1a: Sinistcha|89/100|[from] drain|[of] p2a: Skarmory
|-status|p2a: Skarmory|brn
|
|-heal|p1a: Sinistcha|95/100|[from] item: Leftovers
|-damage|p2a: Skarmory|64/100 brn|[from] brn
|upkeep
|turn|15
|inactive|buqiucaoMAX has 120 seconds left.
|
|t:|1779591463
|move|p1a: Sinistcha|Shadow Ball|p2a: Skarmory
|-damage|p2a: Skarmory|0 fnt
|faint|p2a: Skarmory
|
|-heal|p1a: Sinistcha|100/100|[from] item: Leftovers
|upkeep
|
|t:|1779591483
|switch|p2a: Blissey|Blissey, F|42/100
|turn|16
|
|t:|1779591491
|move|p1a: Sinistcha|Shadow Ball|p2a: Blissey
|-immune|p2a: Blissey
|move|p2a: Blissey|Shadow Ball|p1a: Sinistcha
|-supereffective|p1a: Sinistcha
|-damage|p1a: Sinistcha|78/100
|
|-heal|p1a: Sinistcha|84/100|[from] item: Leftovers
|upkeep
|turn|17
|
|t:|1779591502
|move|p1a: Sinistcha|Scald|p2a: Blissey
|-damage|p2a: Blissey|25/100
|move|p2a: Blissey|Soft-Boiled|p2a: Blissey
|-heal|p2a: Blissey|75/100
|
|-heal|p1a: Sinistcha|90/100|[from] item: Leftovers
|upkeep
|turn|18
|
|t:|1779591512
|move|p1a: Sinistcha|Matcha Gotcha|p2a: Blissey
|-damage|p2a: Blissey|50/100
|-heal|p1a: Sinistcha|100/100|[from] drain|[of] p2a: Blissey
|move|p2a: Blissey|Shadow Ball|p1a: Sinistcha
|-supereffective|p1a: Sinistcha
|-damage|p1a: Sinistcha|79/100
|
|-heal|p1a: Sinistcha|85/100|[from] item: Leftovers
|upkeep
|turn|19
|
|t:|1779591524
|move|p1a: Sinistcha|Matcha Gotcha|p2a: Blissey
|-damage|p2a: Blissey|25/100
|-heal|p1a: Sinistcha|100/100|[from] drain|[of] p2a: Blissey
|move|p2a: Blissey|Soft-Boiled|p2a: Blissey
|-heal|p2a: Blissey|75/100
|
|upkeep
|turn|20
|
|t:|1779591533
|move|p1a: Sinistcha|Calm Mind|p1a: Sinistcha
|-boost|p1a: Sinistcha|spa|1
|-boost|p1a: Sinistcha|spd|1
|move|p2a: Blissey|Shadow Ball|p1a: Sinistcha
|-supereffective|p1a: Sinistcha
|-damage|p1a: Sinistcha|84/100
|
|-heal|p1a: Sinistcha|90/100|[from] item: Leftovers
|upkeep
|turn|21
|
|t:|1779591556
|move|p1a: Sinistcha|Calm Mind|p1a: Sinistcha
|-boost|p1a: Sinistcha|spa|1
|-boost|p1a: Sinistcha|spd|1
|move|p2a: Blissey|Soft-Boiled|p2a: Blissey
|-heal|p2a: Blissey|100/100
|
|-heal|p1a: Sinistcha|96/100|[from] item: Leftovers
|upkeep
|turn|22
|
|t:|1779591572
|move|p1a: Sinistcha|Calm Mind|p1a: Sinistcha
|-boost|p1a: Sinistcha|spa|1
|-boost|p1a: Sinistcha|spd|1
|move|p2a: Blissey|Shadow Ball|p1a: Sinistcha
|-supereffective|p1a: Sinistcha
|-damage|p1a: Sinistcha|84/100
|
|-heal|p1a: Sinistcha|90/100|[from] item: Leftovers
|upkeep
|turn|23
|inactive|npctypebeat has 120 seconds left.
|
|t:|1779591596
|move|p1a: Sinistcha|Calm Mind|p1a: Sinistcha
|-boost|p1a: Sinistcha|spa|1
|-boost|p1a: Sinistcha|spd|1
|move|p2a: Blissey|Shadow Ball|p1a: Sinistcha
|-supereffective|p1a: Sinistcha
|-damage|p1a: Sinistcha|79/100
|
|-heal|p1a: Sinistcha|85/100|[from] item: Leftovers
|upkeep
|turn|24
|inactive|npctypebeat has 120 seconds left.
|
|t:|1779591622
|move|p1a: Sinistcha|Matcha Gotcha|p2a: Blissey
|-damage|p2a: Blissey|43/100
|-heal|p1a: Sinistcha|100/100|[from] drain|[of] p2a: Blissey
|move|p2a: Blissey|Shadow Ball|p1a: Sinistcha
|-supereffective|p1a: Sinistcha
|-crit|p1a: Sinistcha
|-damage|p1a: Sinistcha|53/100
|-unboost|p1a: Sinistcha|spd|1
|
|-heal|p1a: Sinistcha|59/100|[from] item: Leftovers
|upkeep
|turn|25
|
|t:|1779591638
|switch|p2a: Gholdengo|Gholdengo|100/100
|move|p1a: Sinistcha|Matcha Gotcha|p2a: Gholdengo
|-resisted|p2a: Gholdengo
|-damage|p2a: Gholdengo|11/100
|-heal|p1a: Sinistcha|100/100|[from] drain|[of] p2a: Gholdengo
|
|upkeep
|turn|26
|
|t:|1779591654
|switch|p2a: Blissey|Blissey, F|43/100
|move|p1a: Sinistcha|Shadow Ball|p2a: Blissey
|-immune|p2a: Blissey
|
|upkeep
|turn|27
|
|t:|1779591660
|move|p1a: Sinistcha|Matcha Gotcha|p2a: Blissey
|-damage|p2a: Blissey|0 fnt
|faint|p2a: Blissey
|
|upkeep
|
|t:|1779591673
|switch|p2a: Pecharunt|Pecharunt|100/100
|turn|28
|
|t:|1779591679
|move|p2a: Pecharunt|Shadow Ball|p1a: Sinistcha
|-supereffective|p1a: Sinistcha
|-crit|p1a: Sinistcha
|-damage|p1a: Sinistcha|11/100
|-unboost|p1a: Sinistcha|spd|1
|move|p1a: Sinistcha|Shadow Ball|p2a: Pecharunt
|-supereffective|p2a: Pecharunt
|-damage|p2a: Pecharunt|0 fnt
|faint|p2a: Pecharunt
|
|-heal|p1a: Sinistcha|17/100|[from] item: Leftovers
|upkeep
|
|t:|1779591686
|switch|p2a: Gholdengo|Gholdengo|11/100
|turn|29
|
|t:|1779591710
|move|p2a: Gholdengo|Hex|p1a: Sinistcha
|-supereffective|p1a: Sinistcha
|-damage|p1a: Sinistcha|0 fnt
|faint|p1a: Sinistcha
|
|upkeep
|
|t:|1779591717
|switch|p1a: Excadrill|Excadrill, M|100/100
|-ability|p1a: Excadrill|Mold Breaker
|turn|30
|
|t:|1779591724
|move|p1a: Excadrill|Brick Break|p2a: Gholdengo
|-immune|p2a: Gholdengo
|move|p2a: Gholdengo|Recover|p2a: Gholdengo
|-heal|p2a: Gholdengo|61/100
|
|upkeep
|turn|31
|
|t:|1779591735
|switch|p1a: Raging Bolt|Raging Bolt|100/100
|move|p2a: Gholdengo|Nasty Plot|p2a: Gholdengo
|-boost|p2a: Gholdengo|spa|2
|
|upkeep
|turn|32
|
|t:|1779591742
|move|p2a: Gholdengo|Hex|p1a: Raging Bolt
|-damage|p1a: Raging Bolt|66/100
|move|p1a: Raging Bolt|Draco Meteor|p2a: Gholdengo
|-resisted|p2a: Gholdengo
|-damage|p2a: Gholdengo|25/100
|-unboost|p1a: Raging Bolt|spa|2
|
|upkeep
|turn|33
|inactive|npctypebeat has 120 seconds left.
|
|t:|1779591775
|move|p1a: Raging Bolt|Thunderclap|p2a: Gholdengo
|-damage|p2a: Gholdengo|5/100
|move|p2a: Gholdengo|Hex|p1a: Raging Bolt
|-damage|p1a: Raging Bolt|35/100
|
|upkeep
|turn|34
|inactive|npctypebeat has 120 seconds left.
|
|t:|1779591787
|move|p1a: Raging Bolt|Thunderclap||[still]
|-fail|p1a: Raging Bolt
|move|p2a: Gholdengo|Recover|p2a: Gholdengo
|-heal|p2a: Gholdengo|55/100
|
|upkeep
|turn|35
|
|t:|1779591805
|-end|p1a: Raging Bolt|Protosynthesis|[silent]
|switch|p1a: Skeledirge|Skeledirge, F, shiny|100/100
|move|p2a: Gholdengo|Recover|p2a: Gholdengo
|-heal|p2a: Gholdengo|100/100
|
|upkeep
|turn|36
|
|t:|1779591816
|move|p2a: Gholdengo|Nasty Plot|p2a: Gholdengo
|-boost|p2a: Gholdengo|spa|2
|move|p1a: Skeledirge|Torch Song|p2a: Gholdengo
|-supereffective|p2a: Gholdengo
|-crit|p2a: Gholdengo
|-damage|p2a: Gholdengo|8/100
|-boost|p1a: Skeledirge|spa|1
|
|upkeep
|turn|37
|inactive|npctypebeat has 120 seconds left.
|
|t:|1779591841
|move|p2a: Gholdengo|Hex|p1a: Skeledirge
|-supereffective|p1a: Skeledirge
|-damage|p1a: Skeledirge|61/100
|move|p1a: Skeledirge|Torch Song|p2a: Gholdengo
|-supereffective|p2a: Gholdengo
|-damage|p2a: Gholdengo|0 fnt
|-boost|p1a: Skeledirge|spa|1
|faint|p2a: Gholdengo
|
|upkeep
|inactive|npctypebeat has 90 seconds left.
|
|t:|1779591874
|switch|p2a: Zamazenta|Zamazenta|10/100
|turn|38
|inactive|npctypebeat has 90 seconds left.
|
|t:|1779591885
|move|p2a: Zamazenta|Crunch|p1a: Skeledirge
|-supereffective|p1a: Skeledirge
|-damage|p1a: Skeledirge|20/100
|move|p1a: Skeledirge|Torch Song|p2a: Zamazenta
|-damage|p2a: Zamazenta|0 fnt
|-boost|p1a: Skeledirge|spa|1
|faint|p2a: Zamazenta
|
|win|buqiucaoMAX
|raw|buqiucaoMAX's rating: 1104 &rarr; <strong>1135</strong><br />(+31 for winning)
|raw|npctypebeat's rating: 1183 &rarr; <strong>1152</strong><br />(-31 for losing)
|c|☆npctypebeat|gg
|l|☆buqiucaoMAX
|player|p1|
