|j|☆Bourrasque
|j|☆shortsleeveamerica
|t:|1779723627
|gametype|singles
|player|p1|Bourrasque|lyra|1469
|player|p2|shortsleeveamerica|drake-gen3|1426
|gen|9
|tier|[Gen 9] OU
|rated|
|rule|HP Percentage Mod: HP is shown in percentages
|rule|Endless Battle Clause: Forcing endless battles is banned
|rule|Species Clause: Limit one of each Pokémon
|rule|OHKO Clause: OHKO moves are banned
|rule|Evasion Items Clause: Evasion items are banned
|rule|Evasion Moves Clause: Evasion moves are banned
|rule|Evasion Abilities Clause: Evasion abilities are banned
|rule|Sleep Moves Clause: Sleep-inducing moves are banned
|clearpoke
|poke|p1|Walking Wake|
|poke|p1|Reuniclus, F|
|poke|p1|Zamazenta-*|
|poke|p1|Pecharunt|
|poke|p1|Ting-Lu|
|poke|p1|Corviknight, F|
|poke|p2|Kingambit, M|
|poke|p2|Latios, M|
|poke|p2|Alomomola, M|
|poke|p2|Pecharunt|
|poke|p2|Ting-Lu|
|poke|p2|Iron Valiant|
|teampreview
|inactive|Battle timer is ON: inactive players will automatically lose when time's up. (requested by shortsleeveamerica)
|
|t:|1779723646
|teamsize|p1|6
|teamsize|p2|6
|start
|switch|p1a: Walking Wake|Walking Wake|100/100
|switch|p2a: Iron Valiant|Iron Valiant|100/100
|turn|1
|
|t:|1779723652
|-end|p1a: Walking Wake|Protosynthesis|[silent]
|switch|p1a: Corviknight|Corviknight, F|100/100
|-ability|p1a: Corviknight|Pressure
|move|p2a: Iron Valiant|Moonblast|p1a: Corviknight
|-resisted|p1a: Corviknight
|-damage|p1a: Corviknight|76/100
|-unboost|p1a: Corviknight|spa|1
|-damage|p2a: Iron Valiant|91/100|[from] item: Life Orb
|
|upkeep
|turn|2
|
|t:|1779723662
|move|p2a: Iron Valiant|Thunderbolt|p1a: Corviknight
|-supereffective|p1a: Corviknight
|-damage|p1a: Corviknight|15/100
|-damage|p2a: Iron Valiant|81/100|[from] item: Life Orb
|move|p1a: Corviknight|Brave Bird|p2a: Iron Valiant
|-supereffective|p2a: Iron Valiant
|-damage|p2a: Iron Valiant|0 fnt
|faint|p2a: Iron Valiant
|-end|p2a: Iron Valiant|Quark Drive|[silent]
|-damage|p1a: Corviknight|0 fnt|[from] Recoil
|faint|p1a: Corviknight
|
|upkeep
|
|t:|1779723670
|switch|p2a: Ting-Lu|Ting-Lu|100/100
|switch|p1a: Ting-Lu|Ting-Lu|100/100
|-ability|p1a: Ting-Lu|Vessel of Ruin
|-ability|p2a: Ting-Lu|Vessel of Ruin
|turn|3
|
|t:|1779723673
|move|p2a: Ting-Lu|Stealth Rock|p1a: Ting-Lu
|-sidestart|p1: Bourrasque|move: Stealth Rock
|move|p1a: Ting-Lu|Ruination|p2a: Ting-Lu
|-damage|p2a: Ting-Lu|51/100
|
|-heal|p2a: Ting-Lu|57/100|[from] item: Leftovers
|upkeep
|turn|4
|
|t:|1779723676
|move|p2a: Ting-Lu|Spikes|p1a: Ting-Lu
|-sidestart|p1: Bourrasque|Spikes
|move|p1a: Ting-Lu|Stealth Rock|p2a: Ting-Lu
|-sidestart|p2: shortsleeveamerica|move: Stealth Rock
|
|-heal|p2a: Ting-Lu|63/100|[from] item: Leftovers
|upkeep
|turn|5
|
|t:|1779723680
|move|p1a: Ting-Lu|Ruination|p2a: Ting-Lu
|-damage|p2a: Ting-Lu|32/100
|move|p2a: Ting-Lu|Spikes|p1a: Ting-Lu
|-sidestart|p1: Bourrasque|Spikes
|
|-heal|p2a: Ting-Lu|38/100|[from] item: Leftovers
|upkeep
|turn|6
|
|t:|1779723683
|move|p2a: Ting-Lu|Spikes|p1a: Ting-Lu
|-sidestart|p1: Bourrasque|Spikes
|move|p1a: Ting-Lu|Ruination|p2a: Ting-Lu
|-damage|p2a: Ting-Lu|19/100
|
|-heal|p2a: Ting-Lu|26/100|[from] item: Leftovers
|upkeep
|turn|7
|
|t:|1779723685
|move|p2a: Ting-Lu|Whirlwind|p1a: Ting-Lu
|drag|p1a: Reuniclus|Reuniclus, F, shiny|100/100
|
|-heal|p2a: Ting-Lu|32/100|[from] item: Leftovers
|upkeep
|turn|8
|
|t:|1779723688
|move|p2a: Ting-Lu|Earthquake|p1a: Reuniclus
|-damage|p1a: Reuniclus|63/100
|move|p1a: Reuniclus|Focus Blast|p2a: Ting-Lu
|-supereffective|p2a: Ting-Lu
|-damage|p2a: Ting-Lu|0 fnt
|faint|p2a: Ting-Lu
|
|upkeep
|
|t:|1779723696
|switch|p2a: Kingambit|Kingambit, M|100/100
|-damage|p2a: Kingambit|94/100|[from] Stealth Rock
|-activate|p2a: Kingambit|ability: Supreme Overlord
|-start|p2a: Kingambit|fallen2|[silent]
|turn|9
|
|t:|1779723698
|-terastallize|p1a: Reuniclus|Fighting
|move|p2a: Kingambit|Kowtow Cleave|p1a: Reuniclus
|-resisted|p1a: Reuniclus
|-damage|p1a: Reuniclus|31/100
|move|p1a: Reuniclus|Focus Blast|p2a: Kingambit
|-supereffective|p2a: Kingambit
|-damage|p2a: Kingambit|0 fnt
|faint|p2a: Kingambit
|-end|p2a: Kingambit|fallen2|[silent]
|
|upkeep
|
|t:|1779723701
|switch|p2a: Latios|Latios, M|100/100
|-damage|p2a: Latios|88/100|[from] Stealth Rock
|turn|10
|
|t:|1779723709
|switch|p1a: Ting-Lu|Ting-Lu|100/100
|-damage|p1a: Ting-Lu|94/100|[from] Stealth Rock
|-damage|p1a: Ting-Lu|69/100|[from] Spikes
|-ability|p1a: Ting-Lu|Vessel of Ruin
|move|p2a: Latios|Luster Purge|p1a: Ting-Lu
|-immune|p1a: Ting-Lu
|
|-heal|p1a: Ting-Lu|76/100|[from] item: Leftovers
|upkeep
|turn|11
|
|t:|1779723713
|switch|p2a: Pecharunt|Pecharunt|100/100
|move|p1a: Ting-Lu|Ruination|p2a: Pecharunt
|-damage|p2a: Pecharunt|51/100
|
|-heal|p1a: Ting-Lu|82/100|[from] item: Leftovers
|upkeep
|turn|12
|
|t:|1779723716
|move|p2a: Pecharunt|Malignant Chain|p1a: Ting-Lu
|-resisted|p1a: Ting-Lu
|-damage|p1a: Ting-Lu|76/100
|-status|p1a: Ting-Lu|tox
|-start|p1a: Ting-Lu|confusion|[from] ability: Poison Puppeteer|[of] p2a: Pecharunt
|-activate|p1a: Ting-Lu|confusion
|move|p1a: Ting-Lu|Earthquake|p2a: Pecharunt
|-supereffective|p2a: Pecharunt
|-damage|p2a: Pecharunt|12/100
|
|-heal|p1a: Ting-Lu|82/100 tox|[from] item: Leftovers
|-damage|p1a: Ting-Lu|76/100 tox|[from] psn
|upkeep
|turn|13
|
|t:|1779723720
|switch|p1a: Walking Wake|Walking Wake|100/100
|move|p2a: Pecharunt|Recover|p2a: Pecharunt
|-heal|p2a: Pecharunt|62/100
|
|upkeep
|turn|14
|
|t:|1779723722
|move|p1a: Walking Wake|Knock Off|p2a: Pecharunt
|-supereffective|p2a: Pecharunt
|-damage|p2a: Pecharunt|47/100
|-enditem|p2a: Pecharunt|Heavy-Duty Boots|[from] move: Knock Off|[of] p1a: Walking Wake
|move|p2a: Pecharunt|Malignant Chain|p1a: Walking Wake
|-damage|p1a: Walking Wake|64/100
|-status|p1a: Walking Wake|tox
|-start|p1a: Walking Wake|confusion|[from] ability: Poison Puppeteer|[of] p2a: Pecharunt
|
|-damage|p1a: Walking Wake|58/100 tox|[from] psn
|upkeep
|turn|15
|
|t:|1779723725
|-activate|p1a: Walking Wake|confusion
|move|p1a: Walking Wake|Draco Meteor|p2a: Pecharunt
|-damage|p2a: Pecharunt|0 fnt
|-unboost|p1a: Walking Wake|spa|2
|faint|p2a: Pecharunt
|
|-damage|p1a: Walking Wake|46/100 tox|[from] psn
|upkeep
|
|t:|1779723729
|switch|p2a: Latios|Latios, M|88/100
|-damage|p2a: Latios|76/100|[from] Stealth Rock
|turn|16
|
|t:|1779723735
|-end|p1a: Walking Wake|confusion
|move|p1a: Walking Wake|Knock Off|p2a: Latios
|-supereffective|p2a: Latios
|-damage|p2a: Latios|27/100
|-enditem|p2a: Latios|Life Orb|[from] move: Knock Off|[of] p1a: Walking Wake
|move|p2a: Latios|Aura Sphere|p1a: Walking Wake
|-damage|p1a: Walking Wake|12/100 tox
|
|-damage|p1a: Walking Wake|0 fnt|[from] psn
|faint|p1a: Walking Wake
|-end|p1a: Walking Wake|Protosynthesis|[silent]
|upkeep
|
|t:|1779723746
|switch|p1a: Zamazenta|Zamazenta|100/100
|-ability|p1a: Zamazenta|Dauntless Shield|boost
|-boost|p1a: Zamazenta|def|1
|turn|17
|
|t:|1779723750
|switch|p1a: Reuniclus|Reuniclus, F, shiny, tera:Fighting|31/100
|switch|p2a: Alomomola|Alomomola, M|100/100
|
|upkeep
|turn|18
|
|t:|1779723753
|move|p2a: Alomomola|Wish|p2a: Alomomola
|move|p1a: Reuniclus|Recover|p1a: Reuniclus
|-heal|p1a: Reuniclus|81/100
|
|upkeep
|turn|19
|
|t:|1779723755
|move|p2a: Alomomola|Tickle|p1a: Reuniclus
|-unboost|p1a: Reuniclus|atk|1
|-unboost|p1a: Reuniclus|def|1
|move|p1a: Reuniclus|Calm Mind|p1a: Reuniclus
|-boost|p1a: Reuniclus|spa|1
|-boost|p1a: Reuniclus|spd|1
|
|upkeep
|turn|20
|
|t:|1779723759
|move|p2a: Alomomola|Wish|p2a: Alomomola
|move|p1a: Reuniclus|Calm Mind|p1a: Reuniclus
|-boost|p1a: Reuniclus|spa|1
|-boost|p1a: Reuniclus|spd|1
|
|upkeep
|turn|21
|
|t:|1779723762
|move|p2a: Alomomola|Flip Turn|p1a: Reuniclus
|-damage|p1a: Reuniclus|55/100
|
|t:|1779723763
|switch|p2a: Latios|Latios, M|27/100|[from] Flip Turn
|-damage|p2a: Latios|15/100|[from] Stealth Rock
|move|p1a: Reuniclus|Calm Mind|p1a: Reuniclus
|-boost|p1a: Reuniclus|spa|1
|-boost|p1a: Reuniclus|spd|1
|
|-heal|p2a: Latios|94/100|[from] move: Wish|[wisher] Alomomola
|upkeep
|turn|22
|
|t:|1779723767
|move|p2a: Latios|Luster Purge|p1a: Reuniclus
|-supereffective|p1a: Reuniclus
|-damage|p1a: Reuniclus|18/100
|-unboost|p1a: Reuniclus|spd|1
|move|p1a: Reuniclus|Psychic Noise|p2a: Latios
|-resisted|p2a: Latios
|-damage|p2a: Latios|30/100
|-start|p2a: Latios|move: Heal Block
|
|upkeep
|turn|23
|
|t:|1779723771
|move|p2a: Latios|Luster Purge|p1a: Reuniclus
|-supereffective|p1a: Reuniclus
|-damage|p1a: Reuniclus|0 fnt
|faint|p1a: Reuniclus
|
|-end|p2a: Latios|move: Heal Block
|upkeep
|
|t:|1779723774
|switch|p1a: Zamazenta|Zamazenta|100/100
|turn|24
|
|t:|1779723781
|switch|p2a: Alomomola|Alomomola, M|100/100
|move|p1a: Zamazenta|Close Combat|p2a: Alomomola
|-crit|p2a: Alomomola
|-damage|p2a: Alomomola|46/100
|-unboost|p1a: Zamazenta|def|1
|-unboost|p1a: Zamazenta|spd|1
|
|upkeep
|turn|25
|
|t:|1779723785
|move|p1a: Zamazenta|Close Combat|p2a: Alomomola
|-damage|p2a: Alomomola|11/100
|-unboost|p1a: Zamazenta|def|1
|-unboost|p1a: Zamazenta|spd|1
|move|p2a: Alomomola|Wish|p2a: Alomomola
|
|upkeep
|turn|26
|
|t:|1779723787
|move|p2a: Alomomola|Protect|p2a: Alomomola
|-singleturn|p2a: Alomomola|Protect
|move|p1a: Zamazenta|Close Combat|p2a: Alomomola
|-activate|p2a: Alomomola|move: Protect
|
|-heal|p2a: Alomomola|61/100|[from] move: Wish|[wisher] Alomomola
|upkeep
|turn|27
|
|t:|1779723789
|switch|p1a: Pecharunt|Pecharunt|100/100
|move|p2a: Alomomola|Wish|p2a: Alomomola
|
|upkeep
|turn|28
|
|t:|1779723792
|move|p1a: Pecharunt|Malignant Chain|p2a: Alomomola
|-damage|p2a: Alomomola|32/100
|-status|p2a: Alomomola|tox
|-start|p2a: Alomomola|confusion|[from] ability: Poison Puppeteer|[of] p1a: Pecharunt
|-activate|p2a: Alomomola|confusion
|move|p2a: Alomomola|Flip Turn|p1a: Pecharunt
|-damage|p1a: Pecharunt|90/100
|
|t:|1779723794
|switch|p2a: Latios|Latios, M|30/100|[from] Flip Turn
|-damage|p2a: Latios|18/100|[from] Stealth Rock
|
|-heal|p2a: Latios|96/100|[from] move: Wish|[wisher] Alomomola
|upkeep
|turn|29
|
|t:|1779723798
|switch|p1a: Ting-Lu|Ting-Lu|76/100 tox
|-damage|p1a: Ting-Lu|70/100 tox|[from] Stealth Rock
|-damage|p1a: Ting-Lu|45/100 tox|[from] Spikes
|-ability|p1a: Ting-Lu|Vessel of Ruin
|move|p2a: Latios|Luster Purge|p1a: Ting-Lu
|-immune|p1a: Ting-Lu
|
|-heal|p1a: Ting-Lu|51/100 tox|[from] item: Leftovers
|-damage|p1a: Ting-Lu|45/100 tox|[from] psn
|upkeep
|turn|30
|
|t:|1779723801
|move|p2a: Latios|Draco Meteor|p1a: Ting-Lu
|-damage|p1a: Ting-Lu|11/100 tox
|-unboost|p2a: Latios|spa|2
|move|p1a: Ting-Lu|Whirlwind|p2a: Latios
|drag|p2a: Alomomola|Alomomola, M|66/100 tox
|
|-heal|p1a: Ting-Lu|17/100 tox|[from] item: Leftovers
|-damage|p1a: Ting-Lu|5/100 tox|[from] psn
|-damage|p2a: Alomomola|59/100 tox|[from] psn
|upkeep
|turn|31
|
|t:|1779723805
|move|p2a: Alomomola|Flip Turn|p1a: Ting-Lu
|-supereffective|p1a: Ting-Lu
|-damage|p1a: Ting-Lu|0 fnt
|faint|p1a: Ting-Lu
|
|t:|1779723807
|switch|p2a: Latios|Latios, M|96/100|[from] Flip Turn
|-damage|p2a: Latios|84/100|[from] Stealth Rock
|
|upkeep
|
|t:|1779723810
|switch|p1a: Zamazenta|Zamazenta|100/100
|turn|32
|
|t:|1779723812
|move|p1a: Zamazenta|Crunch|p2a: Latios
|-supereffective|p2a: Latios
|-damage|p2a: Latios|18/100
|move|p2a: Latios|Luster Purge|p1a: Zamazenta
|-supereffective|p1a: Zamazenta
|-damage|p1a: Zamazenta|8/100
|
|upkeep
|turn|33
|
|t:|1779723817
|switch|p2a: Alomomola|Alomomola, M|93/100 tox
|move|p1a: Zamazenta|Close Combat|p2a: Alomomola
|-damage|p2a: Alomomola|57/100 tox
|-unboost|p1a: Zamazenta|def|1
|-unboost|p1a: Zamazenta|spd|1
|
|-damage|p2a: Alomomola|51/100 tox|[from] psn
|upkeep
|turn|34
|
|t:|1779723825
|switch|p1a: Pecharunt|Pecharunt|90/100
|move|p2a: Alomomola|Flip Turn|p1a: Pecharunt
|-crit|p1a: Pecharunt
|-damage|p1a: Pecharunt|74/100
|
|t:|1779723827
|switch|p2a: Latios|Latios, M|18/100|[from] Flip Turn
|-damage|p2a: Latios|6/100|[from] Stealth Rock
|
|upkeep
|turn|35
|
|t:|1779723835
|move|p2a: Latios|Recover|p2a: Latios
|-heal|p2a: Latios|56/100
|move|p1a: Pecharunt|Malignant Chain|p2a: Latios
|-damage|p2a: Latios|23/100
|
|upkeep
|turn|36
|
|t:|1779723838
|move|p2a: Latios|Luster Purge|p1a: Pecharunt
|-supereffective|p1a: Pecharunt
|-damage|p1a: Pecharunt|0 fnt
|faint|p1a: Pecharunt
|
|upkeep
|
|t:|1779723840
|switch|p1a: Zamazenta|Zamazenta|8/100
|turn|37
|
|t:|1779723845
|move|p1a: Zamazenta|Close Combat|p2a: Latios
|-resisted|p2a: Latios
|-damage|p2a: Latios|0 fnt
|-unboost|p1a: Zamazenta|def|1
|-unboost|p1a: Zamazenta|spd|1
|faint|p2a: Latios
|
|upkeep
|
|t:|1779723846
|switch|p2a: Alomomola|Alomomola, M|84/100 tox
|turn|38
|
|t:|1779723847
|move|p1a: Zamazenta|Close Combat|p2a: Alomomola
|-crit|p2a: Alomomola
|-damage|p2a: Alomomola|29/100 tox
|-unboost|p1a: Zamazenta|def|1
|-unboost|p1a: Zamazenta|spd|1
|move|p2a: Alomomola|Flip Turn|p1a: Zamazenta
|-damage|p1a: Zamazenta|0 fnt
|faint|p1a: Zamazenta
|
|win|shortsleeveamerica
|raw|Bourrasque's rating: 1469 &rarr; <strong>1447</strong><br />(-22 for losing)
|raw|shortsleeveamerica's rating: 1426 &rarr; <strong>1448</strong><br />(+22 for winning)
|l|☆Bourrasque
|player|p1|
|c|☆shortsleeveamerica|GG
