|j|☆guiwqzz
|j|☆nov.rain
|t:|1779684335
|gametype|singles
|player|p1|guiwqzz|scientist-gen4|1339
|player|p2|nov.rain|169|1280
|gen|9
|tier|[Gen 9] OU
|rated|
|rule|HP Percentage Mod: HP is shown in percentages
|rule|Endless Battle Clause: Forcing endless battles is banned
|rule|Species Clause: Limit one of each Pokémon
|rule|OHKO Clause: OHKO moves are banned
|rule|Evasion Items Clause: Evasion items are banned
|rule|Evasion Moves Clause: Evasion moves are banned
|rule|Evasion Abilities Clause: Evasion abilities are banned
|rule|Sleep Moves Clause: Sleep-inducing moves are banned
|clearpoke
|poke|p1|Torkoal, M|
|poke|p1|Walking Wake|
|poke|p1|Clefable, F|
|poke|p1|Venusaur, M|
|poke|p1|Great Tusk|
|poke|p1|Heatran, M|
|poke|p2|Iron Valiant|
|poke|p2|Kingambit, M|
|poke|p2|Great Tusk|
|poke|p2|Ninetales, F|
|poke|p2|Walking Wake|
|poke|p2|Corviknight, M|
|teampreview
|inactive|Battle timer is ON: inactive players will automatically lose when time's up. (requested by guiwqzz)
|
|t:|1779684349
|teamsize|p1|6
|teamsize|p2|6
|start
|switch|p1a: Walking Wake|Walking Wake|100/100
|switch|p2a: Walking Wake|Walking Wake|100/100
|turn|1
|
|t:|1779684357
|-end|p1a: Walking Wake|Protosynthesis|[silent]
|switch|p1a: Clefable|Clefable, F|100/100
|move|p2a: Walking Wake|Draco Meteor|p1a: Clefable
|-immune|p1a: Clefable
|
|upkeep
|turn|2
|
|t:|1779684366
|-end|p2a: Walking Wake|Protosynthesis|[silent]
|switch|p2a: Ninetales|Ninetales, F|100/100
|-weather|SunnyDay|[from] ability: Drought|[of] p2a: Ninetales
|move|p1a: Clefable|Calm Mind|p1a: Clefable
|-boost|p1a: Clefable|spa|1
|-boost|p1a: Clefable|spd|1
|
|-weather|SunnyDay|[upkeep]
|upkeep
|turn|3
|
|t:|1779684370
|move|p2a: Ninetales|Encore|p1a: Clefable
|-start|p1a: Clefable|Encore
|move|p1a: Clefable|Calm Mind|p1a: Clefable
|-boost|p1a: Clefable|spa|1
|-boost|p1a: Clefable|spd|1
|
|-weather|SunnyDay|[upkeep]
|upkeep
|turn|4
|
|t:|1779684373
|switch|p2a: Lime|Great Tusk, shiny|100/100
|-activate|p2a: Lime|ability: Protosynthesis
|-start|p2a: Lime|protosynthesisatk
|move|p1a: Clefable|Calm Mind|p1a: Clefable
|-boost|p1a: Clefable|spa|1
|-boost|p1a: Clefable|spd|1
|
|-weather|SunnyDay|[upkeep]
|upkeep
|turn|5
|
|t:|1779684383
|-terastallize|p2a: Lime|Ground
|move|p2a: Lime|Headlong Rush|p1a: Clefable
|-damage|p1a: Clefable|3/100
|-unboost|p2a: Lime|def|1
|-unboost|p2a: Lime|spd|1
|move|p1a: Clefable|Calm Mind|p1a: Clefable
|-boost|p1a: Clefable|spa|1
|-boost|p1a: Clefable|spd|1
|
|-weather|SunnyDay|[upkeep]
|-heal|p1a: Clefable|9/100|[from] item: Leftovers
|-end|p1a: Clefable|Encore
|upkeep
|turn|6
|
|t:|1779684391
|move|p2a: Lime|Headlong Rush|p1a: Clefable
|-damage|p1a: Clefable|0 fnt
|-unboost|p2a: Lime|def|1
|-unboost|p2a: Lime|spd|1
|faint|p1a: Clefable
|
|-weather|SunnyDay|[upkeep]
|upkeep
|
|t:|1779684393
|switch|p1a: Walking Wake|Walking Wake|100/100
|-activate|p1a: Walking Wake|ability: Protosynthesis
|-start|p1a: Walking Wake|protosynthesisspe
|turn|7
|
|t:|1779684406
|-end|p2a: Lime|Protosynthesis|[silent]
|switch|p2a: Ninetales|Ninetales, F|100/100
|-terastallize|p1a: Walking Wake|Water
|move|p1a: Walking Wake|Hydro Steam|p2a: Ninetales
|-supereffective|p2a: Ninetales
|-damage|p2a: Ninetales|0 fnt
|faint|p2a: Ninetales
|
|-weather|SunnyDay|[upkeep]
|upkeep
|
|t:|1779684419
|switch|p2a: Al-Ta'ir|Iron Valiant, shiny|100/100
|-enditem|p2a: Al-Ta'ir|Booster Energy
|-activate|p2a: Al-Ta'ir|ability: Quark Drive|[fromitem]
|-start|p2a: Al-Ta'ir|quarkdrivespe
|turn|8
|
|t:|1779684424
|move|p2a: Al-Ta'ir|Close Combat|p1a: Walking Wake
|-damage|p1a: Walking Wake|35/100
|-unboost|p2a: Al-Ta'ir|def|1
|-unboost|p2a: Al-Ta'ir|spd|1
|move|p1a: Walking Wake|Hydro Steam|p2a: Al-Ta'ir
|-damage|p2a: Al-Ta'ir|0 fnt
|faint|p2a: Al-Ta'ir
|-end|p2a: Al-Ta'ir|Quark Drive|[silent]
|
|-weather|SunnyDay|[upkeep]
|upkeep
|
|t:|1779684446
|switch|p2a: Roach|Kingambit, M|100/100
|-activate|p2a: Roach|ability: Supreme Overlord
|-start|p2a: Roach|fallen2|[silent]
|turn|9
|
|t:|1779684453
|-end|p1a: Walking Wake|Protosynthesis|[silent]
|switch|p1a: Torkoal|Torkoal, M|100/100
|move|p2a: Roach|Sucker Punch||[still]
|-fail|p2a: Roach
|
|-weather|none
|upkeep
|turn|10
|
|t:|1779684459
|-end|p2a: Roach|fallen2|[silent]
|switch|p2a: Walking Wake|Walking Wake|100/100
|move|p1a: Torkoal|Lava Plume|p2a: Walking Wake
|-resisted|p2a: Walking Wake
|-damage|p2a: Walking Wake|94/100
|
|upkeep
|turn|11
|inactive|guiwqzz has 120 seconds left.
|
|t:|1779684489
|switch|p1a: Venusaur|Venusaur, M|100/100
|move|p2a: Walking Wake|Dragon Pulse|p1a: Venusaur
|-damage|p1a: Venusaur|33/100
|-damage|p2a: Walking Wake|84/100|[from] item: Life Orb
|
|upkeep
|turn|12
|
|t:|1779684494
|move|p2a: Walking Wake|Flamethrower|p1a: Venusaur
|-supereffective|p1a: Venusaur
|-damage|p1a: Venusaur|0 fnt
|faint|p1a: Venusaur
|-damage|p2a: Walking Wake|74/100|[from] item: Life Orb
|
|upkeep
|
|t:|1779684499
|switch|p1a: Great Tusk|Great Tusk|100/100
|turn|13
|
|t:|1779684504
|-end|p2a: Walking Wake|Protosynthesis|[silent]
|switch|p2a: Poe|Corviknight, M|100/100
|-ability|p2a: Poe|Pressure
|move|p1a: Great Tusk|Headlong Rush|p2a: Poe
|-immune|p2a: Poe
|
|upkeep
|turn|14
|inactive|guiwqzz has 120 seconds left.
|
|t:|1779684535
|move|p1a: Great Tusk|Stealth Rock|p2a: Poe
|-sidestart|p2: nov.rain|move: Stealth Rock
|move|p2a: Poe|Brave Bird|p1a: Great Tusk
|-supereffective|p1a: Great Tusk
|-damage|p1a: Great Tusk|46/100
|-damage|p2a: Poe|84/100|[from] Recoil
|
|upkeep
|turn|15
|
|t:|1779684543
|-end|p1a: Great Tusk|Protosynthesis|[silent]
|switch|p1a: Heatran|Heatran, M|100/100
|move|p2a: Poe|Defog|p1a: Heatran
|-unboost|p1a: Heatran|evasion|1
|-sideend|p2: nov.rain|Stealth Rock|[from] move: Defog|[of] p2a: Poe
|
|upkeep
|turn|16
|
|t:|1779684550
|switch|p2a: Walking Wake|Walking Wake|74/100
|move|p1a: Heatran|Magma Storm|p2a: Walking Wake
|-resisted|p2a: Walking Wake
|-damage|p2a: Walking Wake|62/100
|-activate|p2a: Walking Wake|move: Magma Storm|[of] p1a: Heatran
|
|-damage|p2a: Walking Wake|50/100|[from] move: Magma Storm|[partiallytrapped]
|upkeep
|turn|17
|inactive|guiwqzz has 120 seconds left.
|inactive|guiwqzz has 90 seconds left.
|
|t:|1779684605
|move|p2a: Walking Wake|Hydro Steam|p1a: Heatran
|-supereffective|p1a: Heatran
|-damage|p1a: Heatran|34/100
|-damage|p2a: Walking Wake|40/100|[from] item: Life Orb
|move|p1a: Heatran|Magma Storm|p2a: Walking Wake
|-resisted|p2a: Walking Wake
|-damage|p2a: Walking Wake|28/100
|
|-heal|p1a: Heatran|40/100|[from] item: Leftovers
|-damage|p2a: Walking Wake|15/100|[from] move: Magma Storm|[partiallytrapped]
|upkeep
|turn|18
|
|t:|1779684609
|switch|p1a: Torkoal|Torkoal, M|100/100
|-weather|SunnyDay|[from] ability: Drought|[of] p1a: Torkoal
|-activate|p2a: Walking Wake|ability: Protosynthesis
|-start|p2a: Walking Wake|protosynthesisspe
|move|p2a: Walking Wake|Hydro Steam|p1a: Torkoal
|-supereffective|p1a: Torkoal
|-damage|p1a: Torkoal|0 fnt
|faint|p1a: Torkoal
|-damage|p2a: Walking Wake|5/100|[from] item: Life Orb
|
|-weather|SunnyDay|[upkeep]
|-end|p2a: Walking Wake|Magma Storm|[partiallytrapped]|[silent]
|upkeep
|
|t:|1779684612
|switch|p1a: Walking Wake|Walking Wake, tera:Water|35/100
|-activate|p1a: Walking Wake|ability: Protosynthesis
|-start|p1a: Walking Wake|protosynthesisspe
|turn|19
|
|t:|1779684618
|move|p2a: Walking Wake|Dragon Pulse|p1a: Walking Wake
|-damage|p1a: Walking Wake|0 fnt
|faint|p1a: Walking Wake
|-end|p1a: Walking Wake|Protosynthesis|[silent]
|-damage|p2a: Walking Wake|0 fnt|[from] item: Life Orb
|faint|p2a: Walking Wake
|-end|p2a: Walking Wake|Protosynthesis|[silent]
|
|-weather|SunnyDay|[upkeep]
|upkeep
|inactive|guiwqzz has 90 seconds left.
|
|t:|1779684673
|switch|p2a: Lime|Great Tusk, shiny, tera:Ground|100/100
|switch|p1a: Heatran|Heatran, M|40/100
|-activate|p2a: Lime|ability: Protosynthesis
|-start|p2a: Lime|protosynthesisatk
|turn|20
|
|t:|1779684679
|move|p2a: Lime|Headlong Rush|p1a: Heatran
|-supereffective|p1a: Heatran
|-damage|p1a: Heatran|0 fnt
|-unboost|p2a: Lime|def|1
|-unboost|p2a: Lime|spd|1
|faint|p1a: Heatran
|
|-weather|SunnyDay|[upkeep]
|upkeep
|inactive|guiwqzz has 60 seconds left.
|-message|guiwqzz forfeited.
|
|win|nov.rain
|raw|guiwqzz's rating: 1339 &rarr; <strong>1316</strong><br />(-23 for losing)
|raw|nov.rain's rating: 1280 &rarr; <strong>1309</strong><br />(+29 for winning)
|l|☆guiwqzz
|player|p1|
|l|☆nov.rain
|player|p2|
