|j|☆skyrakers
|j|☆1000TURNSFR
|t:|1779637627
|gametype|singles
|player|p1|skyrakers|cynthia|1551
|player|p2|1000TURNSFR|ghetsis|1479
|gen|9
|tier|[Gen 9] OU
|rated|
|rule|HP Percentage Mod: HP is shown in percentages
|rule|Endless Battle Clause: Forcing endless battles is banned
|rule|Species Clause: Limit one of each Pokémon
|rule|OHKO Clause: OHKO moves are banned
|rule|Evasion Items Clause: Evasion items are banned
|rule|Evasion Moves Clause: Evasion moves are banned
|rule|Evasion Abilities Clause: Evasion abilities are banned
|rule|Sleep Moves Clause: Sleep-inducing moves are banned
|clearpoke
|poke|p1|Great Tusk|
|poke|p1|Cresselia, F|
|poke|p1|Walking Wake|
|poke|p1|Raging Bolt|
|poke|p1|Iron Moth|
|poke|p1|Ninetales, F|
|poke|p2|Clodsire, F|
|poke|p2|Dondozo, F|
|poke|p2|Alomomola, F|
|poke|p2|Talonflame, F|
|poke|p2|Toxapex, F|
|poke|p2|Blissey, F|
|teampreview
|
|t:|1779637639
|teamsize|p1|6
|teamsize|p2|6
|start
|switch|p1a: Great Tusk|Great Tusk|100/100
|switch|p2a: Keep Trying.|Toxapex, F|100/100
|turn|1
|
|t:|1779637647
|move|p1a: Great Tusk|Stealth Rock|p2a: Keep Trying.
|-sidestart|p2: 1000TURNSFR|move: Stealth Rock
|move|p2a: Keep Trying.|Toxic|p1a: Great Tusk
|-status|p1a: Great Tusk|tox
|
|-damage|p1a: Great Tusk|94/100 tox|[from] psn
|upkeep
|turn|2
|
|t:|1779637663
|-end|p1a: Great Tusk|Protosynthesis|[silent]
|switch|p1a: Ciao|Iron Moth|100/100
|-enditem|p1a: Ciao|Booster Energy
|-activate|p1a: Ciao|ability: Quark Drive|[fromitem]
|-start|p1a: Ciao|quarkdrivespe
|switch|p2a: Try Harder.|Alomomola, F, shiny|100/100
|
|upkeep
|turn|3
|
|t:|1779637705
|-end|p1a: Ciao|Quark Drive|[silent]
|switch|p1a: Cresselia|Cresselia, F|100/100
|move|p2a: Try Harder.|Scald|p1a: Cresselia
|-damage|p1a: Cresselia|91/100
|-enditem|p1a: Cresselia|Eject Button
|
|t:|1779637712
|switch|p1a: Raging Bolt|Raging Bolt|100/100
|
|upkeep
|turn|4
|
|t:|1779637719
|switch|p2a: Worth Trying.|Clodsire, F, shiny|100/100
|move|p1a: Raging Bolt|Thunderbolt|p2a: Worth Trying.
|-immune|p2a: Worth Trying.
|
|upkeep
|turn|5
|
|t:|1779637745
|-end|p1a: Raging Bolt|Protosynthesis|[silent]
|switch|p1a: Great Tusk|Great Tusk|94/100 tox
|move|p2a: Worth Trying.|Toxic|p1a: Great Tusk
|-fail|p1a: Great Tusk|tox
|
|-damage|p1a: Great Tusk|88/100 tox|[from] psn
|upkeep
|turn|6
|
|t:|1779637757
|-end|p1a: Great Tusk|Protosynthesis|[silent]
|switch|p1a: Cresselia|Cresselia, F|91/100
|switch|p2a: Try Harder.|Alomomola, F, shiny|100/100
|
|upkeep
|turn|7
|
|t:|1779637771
|switch|p2a: Still Trying?|Blissey, F, shiny|100/100
|-terastallize|p1a: Cresselia|Steel
|move|p1a: Cresselia|Thunder Wave|p2a: Still Trying?
|-status|p2a: Still Trying?|par
|
|upkeep
|turn|8
|
|t:|1779637782
|switch|p1a: Ninetales|Ninetales, F|100/100
|-weather|SunnyDay|[from] ability: Drought|[of] p1a: Ninetales
|cant|p2a: Still Trying?|par
|
|-weather|SunnyDay|[upkeep]
|upkeep
|turn|9
|
|t:|1779637807
|switch|p1a: Raging Bolt|Raging Bolt|100/100
|-activate|p1a: Raging Bolt|ability: Protosynthesis
|-start|p1a: Raging Bolt|protosynthesisspa
|-curestatus|p2a: Still Trying?|par|[from] ability: Natural Cure|[silent]
|switch|p2a: Keep Trying.|Toxapex, F|100/100
|
|-weather|SunnyDay|[upkeep]
|upkeep
|turn|10
|
|t:|1779637815
|switch|p2a: Still Trying?|Blissey, F, shiny|100/100
|move|p1a: Raging Bolt|Dragon Pulse|p2a: Still Trying?
|-damage|p2a: Still Trying?|75/100
|-damage|p1a: Raging Bolt|91/100|[from] item: Life Orb
|
|-weather|SunnyDay|[upkeep]
|upkeep
|turn|11
|
|t:|1779637823
|move|p1a: Raging Bolt|Thunderbolt|p2a: Still Trying?
|-damage|p2a: Still Trying?|49/100
|-damage|p1a: Raging Bolt|81/100|[from] item: Life Orb
|move|p2a: Still Trying?|Seismic Toss|p1a: Raging Bolt
|-damage|p1a: Raging Bolt|55/100
|
|-weather|SunnyDay|[upkeep]
|upkeep
|turn|12
|
|t:|1779637831
|move|p1a: Raging Bolt|Volt Switch|p2a: Still Trying?
|-damage|p2a: Still Trying?|26/100
|-damage|p1a: Raging Bolt|45/100|[from] item: Life Orb
|
|t:|1779637839
|-end|p1a: Raging Bolt|Protosynthesis|[silent]
|switch|p1a: Ninetales|Ninetales, F|100/100|[from] Volt Switch
|move|p2a: Still Trying?|Soft-Boiled|p2a: Still Trying?
|-heal|p2a: Still Trying?|77/100
|
|-weather|SunnyDay|[upkeep]
|upkeep
|turn|13
|
|t:|1779637846
|switch|p2a: Keep Trying.|Toxapex, F|100/100
|move|p1a: Ninetales|Encore||[still]
|-fail|p1a: Ninetales
|
|-weather|SunnyDay|[upkeep]
|upkeep
|turn|14
|
|t:|1779637852
|move|p1a: Ninetales|Will-O-Wisp|p2a: Keep Trying.|[miss]
|-miss|p1a: Ninetales|p2a: Keep Trying.
|move|p2a: Keep Trying.|Toxic|p1a: Ninetales
|-status|p1a: Ninetales|tox
|
|-weather|SunnyDay|[upkeep]
|-damage|p1a: Ninetales|94/100 tox|[from] psn
|upkeep
|turn|15
|
|t:|1779637861
|switch|p2a: Still Trying?|Blissey, F, shiny|77/100
|move|p1a: Ninetales|Will-O-Wisp|p2a: Still Trying?|[miss]
|-miss|p1a: Ninetales|p2a: Still Trying?
|
|-weather|none
|-damage|p1a: Ninetales|82/100 tox|[from] psn
|upkeep
|turn|16
|
|t:|1779637870
|switch|p1a: Cresselia|Cresselia, F, tera:Steel|91/100
|move|p2a: Still Trying?|Seismic Toss|p1a: Cresselia
|-damage|p1a: Cresselia|69/100
|
|upkeep
|turn|17
|
|t:|1779637877
|move|p1a: Cresselia|Thunder Wave|p2a: Still Trying?
|-status|p2a: Still Trying?|par
|move|p2a: Still Trying?|Calm Mind|p2a: Still Trying?
|-boost|p2a: Still Trying?|spa|1
|-boost|p2a: Still Trying?|spd|1
|
|upkeep
|turn|18
|
|t:|1779637889
|switch|p1a: Great Tusk|Great Tusk|88/100 tox
|move|p2a: Still Trying?|Shadow Ball|p1a: Great Tusk
|-damage|p1a: Great Tusk|58/100 tox
|-unboost|p1a: Great Tusk|spd|1
|
|-damage|p1a: Great Tusk|51/100 tox|[from] psn
|upkeep
|turn|19
|
|t:|1779637901
|-end|p1a: Great Tusk|Protosynthesis|[silent]
|switch|p1a: Cresselia|Cresselia, F, tera:Steel|69/100
|-curestatus|p2a: Still Trying?|par|[from] ability: Natural Cure|[silent]
|switch|p2a: Try Harder.|Alomomola, F, shiny|100/100
|
|upkeep
|turn|20
|
|t:|1779637911
|switch|p2a: Still Trying?|Blissey, F, shiny|77/100
|move|p1a: Cresselia|Moonlight|p1a: Cresselia
|-heal|p1a: Cresselia|100/100
|
|upkeep
|turn|21
|
|t:|1779637928
|move|p1a: Cresselia|Ice Beam|p2a: Still Trying?
|-damage|p2a: Still Trying?|72/100
|move|p2a: Still Trying?|Calm Mind|p2a: Still Trying?
|-boost|p2a: Still Trying?|spa|1
|-boost|p2a: Still Trying?|spd|1
|
|upkeep
|turn|22
|
|t:|1779637934
|move|p1a: Cresselia|Thunder Wave|p2a: Still Trying?
|-status|p2a: Still Trying?|par
|move|p2a: Still Trying?|Shadow Ball|p1a: Cresselia
|-damage|p1a: Cresselia|87/100
|
|upkeep
|turn|23
|
|t:|1779637951
|switch|p1a: Ninetales|Ninetales, F|82/100 tox
|-weather|SunnyDay|[from] ability: Drought|[of] p1a: Ninetales
|move|p2a: Still Trying?|Seismic Toss|p1a: Ninetales
|-damage|p1a: Ninetales|54/100 tox
|
|-weather|SunnyDay|[upkeep]
|-damage|p1a: Ninetales|48/100 tox|[from] psn
|upkeep
|turn|24
|
|t:|1779637961
|-curestatus|p2a: Still Trying?|par|[from] ability: Natural Cure|[silent]
|switch|p2a: Keep Trying.|Toxapex, F|100/100
|move|p1a: Ninetales|Healing Wish|p1a: Ninetales
|faint|p1a: Ninetales
|
|-weather|SunnyDay|[upkeep]
|upkeep
|
|t:|1779637968
|switch|p1a: Great Tusk|Great Tusk|51/100 tox
|-heal|p1a: Great Tusk|100/100|[from] move: Healing Wish
|-activate|p1a: Great Tusk|ability: Protosynthesis
|-start|p1a: Great Tusk|protosynthesisspe
|turn|25
|
|t:|1779637975
|-end|p1a: Great Tusk|Protosynthesis|[silent]
|switch|p1a: Cresselia|Cresselia, F, tera:Steel|87/100
|move|p2a: Keep Trying.|Toxic|p1a: Cresselia
|-immune|p1a: Cresselia
|
|-weather|SunnyDay|[upkeep]
|upkeep
|turn|26
|
|t:|1779637986
|move|p2a: Keep Trying.|Baneful Bunker|p2a: Keep Trying.
|-singleturn|p2a: Keep Trying.|move: Protect
|move|p1a: Cresselia|Thunder Wave|p2a: Keep Trying.
|-activate|p2a: Keep Trying.|move: Protect
|
|-weather|SunnyDay|[upkeep]
|upkeep
|turn|27
|
|t:|1779637992
|switch|p2a: Still Trying?|Blissey, F, shiny|72/100
|move|p1a: Cresselia|Ice Beam|p2a: Still Trying?
|-damage|p2a: Still Trying?|67/100
|
|-weather|SunnyDay|[upkeep]
|upkeep
|turn|28
|
|t:|1779638003
|switch|p1a: Great Tusk|Great Tusk|100/100
|-activate|p1a: Great Tusk|ability: Protosynthesis
|-start|p1a: Great Tusk|protosynthesisspe
|move|p2a: Still Trying?|Seismic Toss|p1a: Great Tusk
|-damage|p1a: Great Tusk|74/100
|-damage|p2a: Still Trying?|50/100|[from] item: Rocky Helmet|[of] p1a: Great Tusk
|
|-weather|SunnyDay|[upkeep]
|upkeep
|turn|29
|
|t:|1779638015
|switch|p2a: Try Harder.|Alomomola, F, shiny|100/100
|move|p1a: Great Tusk|Headlong Rush|p2a: Try Harder.
|-damage|p2a: Try Harder.|70/100
|-unboost|p1a: Great Tusk|def|1
|-unboost|p1a: Great Tusk|spd|1
|
|-weather|SunnyDay|[upkeep]
|upkeep
|turn|30
|
|t:|1779638024
|-end|p1a: Great Tusk|Protosynthesis|[silent]
|switch|p1a: Cresselia|Cresselia, F, tera:Steel|87/100
|move|p2a: Try Harder.|Wish|p2a: Try Harder.
|
|-weather|none
|upkeep
|turn|31
|
|t:|1779638029
|switch|p2a: Still Trying?|Blissey, F, shiny|50/100
|move|p1a: Cresselia|Thunder Wave|p2a: Still Trying?
|-status|p2a: Still Trying?|par
|
|-heal|p2a: Still Trying?|87/100 par|[from] move: Wish|[wisher] Try Harder.
|upkeep
|turn|32
|
|t:|1779638060
|switch|p1a: Ciao|Iron Moth|100/100
|move|p2a: Still Trying?|Calm Mind|p2a: Still Trying?
|-boost|p2a: Still Trying?|spa|1
|-boost|p2a: Still Trying?|spd|1
|
|upkeep
|turn|33
|
|t:|1779638079
|-curestatus|p2a: Still Trying?|par|[from] ability: Natural Cure|[silent]
|switch|p2a: Worth Trying.|Clodsire, F, shiny|100/100
|move|p1a: Ciao|Substitute|p1a: Ciao
|-start|p1a: Ciao|Substitute
|-damage|p1a: Ciao|76/100
|
|upkeep
|turn|34
|
|t:|1779638086
|move|p1a: Ciao|Fiery Dance|p2a: Worth Trying.
|-damage|p2a: Worth Trying.|79/100
|move|p2a: Worth Trying.|Bulldoze|p1a: Ciao
|-supereffective|p1a: Ciao
|-end|p1a: Ciao|Substitute
|
|upkeep
|turn|35
|inactive|Battle timer is ON: inactive players will automatically lose when time's up. (requested by skyrakers)
|
|t:|1779638119
|-end|p1a: Ciao|Quark Drive|[silent]
|switch|p1a: Cresselia|Cresselia, F, tera:Steel|87/100
|move|p2a: Worth Trying.|Bulldoze|p1a: Cresselia
|-immune|p1a: Cresselia|[from] ability: Levitate
|
|upkeep
|turn|36
|
|t:|1779638126
|switch|p1a: Great Tusk|Great Tusk|74/100
|switch|p2a: Still Trying?|Blissey, F, shiny|87/100
|
|upkeep
|turn|37
|
|t:|1779638136
|-end|p1a: Great Tusk|Protosynthesis|[silent]
|switch|p1a: Raging Bolt|Raging Bolt|45/100
|switch|p2a: Try Harder.|Alomomola, F, shiny|100/100
|
|upkeep
|turn|38
|
|t:|1779638143
|switch|p2a: Worth Trying.|Clodsire, F, shiny|79/100
|move|p1a: Raging Bolt|Dragon Pulse|p2a: Worth Trying.
|-damage|p2a: Worth Trying.|42/100
|-damage|p1a: Raging Bolt|35/100|[from] item: Life Orb
|
|upkeep
|turn|39
|
|t:|1779638150
|move|p1a: Raging Bolt|Dragon Pulse|p2a: Worth Trying.
|-damage|p2a: Worth Trying.|4/100
|-damage|p1a: Raging Bolt|25/100|[from] item: Life Orb
|move|p2a: Worth Trying.|Recover|p2a: Worth Trying.
|-heal|p2a: Worth Trying.|54/100
|
|upkeep
|turn|40
|
|t:|1779638157
|move|p1a: Raging Bolt|Dragon Pulse|p2a: Worth Trying.
|-damage|p2a: Worth Trying.|21/100
|-damage|p1a: Raging Bolt|15/100|[from] item: Life Orb
|move|p2a: Worth Trying.|Recover|p2a: Worth Trying.
|-heal|p2a: Worth Trying.|71/100
|
|upkeep
|turn|41
|
|t:|1779638167
|-end|p1a: Raging Bolt|Protosynthesis|[silent]
|switch|p1a: Great Tusk|Great Tusk|74/100
|switch|p2a: Still Trying?|Blissey, F, shiny|87/100
|
|upkeep
|turn|42
|
|t:|1779638177
|-end|p1a: Great Tusk|Protosynthesis|[silent]
|switch|p1a: Raging Bolt|Raging Bolt|15/100
|switch|p2a: Try Harder.|Alomomola, F, shiny|100/100
|
|upkeep
|turn|43
|
|t:|1779638202
|-end|p1a: Raging Bolt|Protosynthesis|[silent]
|switch|p1a: Walking Wake|Walking Wake|100/100
|switch|p2a: Still Trying?|Blissey, F, shiny|87/100
|
|upkeep
|turn|44
|
|t:|1779638206
|move|p1a: Walking Wake|Flip Turn|p2a: Still Trying?
|-damage|p2a: Still Trying?|71/100
|
|t:|1779638211
|-end|p1a: Walking Wake|Protosynthesis|[silent]
|switch|p1a: Great Tusk|Great Tusk|74/100|[from] Flip Turn
|move|p2a: Still Trying?|Seismic Toss|p1a: Great Tusk
|-damage|p1a: Great Tusk|47/100
|-damage|p2a: Still Trying?|54/100|[from] item: Rocky Helmet|[of] p1a: Great Tusk
|
|upkeep
|turn|45
|
|t:|1779638222
|-end|p1a: Great Tusk|Protosynthesis|[silent]
|switch|p1a: Raging Bolt|Raging Bolt|15/100
|switch|p2a: Keep Trying.|Toxapex, F|100/100
|
|upkeep
|turn|46
|
|t:|1779638236
|move|p2a: Keep Trying.|Baneful Bunker|p2a: Keep Trying.
|-singleturn|p2a: Keep Trying.|move: Protect
|move|p1a: Raging Bolt|Dragon Pulse|p2a: Keep Trying.
|-activate|p2a: Keep Trying.|move: Protect
|
|upkeep
|turn|47
|
|t:|1779638244
|switch|p2a: Still Trying?|Blissey, F, shiny|54/100
|move|p1a: Raging Bolt|Dragon Pulse|p2a: Still Trying?
|-damage|p2a: Still Trying?|32/100
|-damage|p1a: Raging Bolt|5/100|[from] item: Life Orb
|
|upkeep
|turn|48
|
|t:|1779638255
|move|p1a: Raging Bolt|Thunderbolt|p2a: Still Trying?
|-crit|p2a: Still Trying?
|-damage|p2a: Still Trying?|1/100
|-damage|p1a: Raging Bolt|0 fnt|[from] item: Life Orb
|faint|p1a: Raging Bolt
|-end|p1a: Raging Bolt|Protosynthesis|[silent]
|move|p2a: Still Trying?|Soft-Boiled|p2a: Still Trying?
|-heal|p2a: Still Trying?|51/100
|
|upkeep
|
|t:|1779638264
|switch|p1a: Great Tusk|Great Tusk|47/100
|turn|49
|
|t:|1779638278
|-end|p1a: Great Tusk|Protosynthesis|[silent]
|switch|p1a: Walking Wake|Walking Wake|100/100
|switch|p2a: Try Harder.|Alomomola, F, shiny|100/100
|
|upkeep
|turn|50
|
|t:|1779638284
|move|p1a: Walking Wake|Draco Meteor|p2a: Try Harder.
|-damage|p2a: Try Harder.|3/100
|-unboost|p1a: Walking Wake|spa|2
|move|p2a: Try Harder.|Wish|p2a: Try Harder.
|
|upkeep
|turn|51
|
|t:|1779638291
|switch|p2a: Still Trying?|Blissey, F, shiny|51/100
|move|p1a: Walking Wake|Draco Meteor|p2a: Still Trying?
|-damage|p2a: Still Trying?|36/100
|-unboost|p1a: Walking Wake|spa|2
|
|-heal|p2a: Still Trying?|72/100|[from] move: Wish|[wisher] Try Harder.
|upkeep
|turn|52
|
|t:|1779638302
|-end|p1a: Walking Wake|Protosynthesis|[silent]
|switch|p1a: Cresselia|Cresselia, F, tera:Steel|87/100
|switch|p2a: Keep Trying.|Toxapex, F|100/100
|
|upkeep
|turn|53
|
|t:|1779638310
|switch|p2a: Worth Trying.|Clodsire, F, shiny|71/100
|move|p1a: Cresselia|Thunder Wave|p2a: Worth Trying.
|-immune|p2a: Worth Trying.
|
|upkeep
|turn|54
|
|t:|1779638315
|switch|p2a: Nice Try.|Talonflame, F, shiny|100/100
|move|p1a: Cresselia|Ice Beam|p2a: Nice Try.
|-damage|p2a: Nice Try.|78/100
|
|upkeep
|turn|55
|
|t:|1779638324
|move|p2a: Nice Try.|Flamethrower|p1a: Cresselia
|-supereffective|p1a: Cresselia
|-damage|p1a: Cresselia|54/100
|move|p1a: Cresselia|Thunder Wave|p2a: Nice Try.
|-status|p2a: Nice Try.|par
|
|upkeep
|turn|56
|
|t:|1779638330
|move|p1a: Cresselia|Moonlight|p1a: Cresselia
|-heal|p1a: Cresselia|100/100
|cant|p2a: Nice Try.|par
|
|upkeep
|turn|57
|
|t:|1779638338
|switch|p1a: Ciao|Iron Moth|76/100
|move|p2a: Nice Try.|Will-O-Wisp|p1a: Ciao
|-immune|p1a: Ciao
|
|upkeep
|turn|58
|
|t:|1779638346
|switch|p2a: Worth Trying.|Clodsire, F, shiny|71/100
|move|p1a: Ciao|Fiery Dance|p2a: Worth Trying.
|-damage|p2a: Worth Trying.|48/100
|
|upkeep
|turn|59
|
|t:|1779638354
|-end|p1a: Ciao|Quark Drive|[silent]
|switch|p1a: Great Tusk|Great Tusk|47/100
|move|p2a: Worth Trying.|Recover|p2a: Worth Trying.
|-heal|p2a: Worth Trying.|98/100
|
|upkeep
|turn|60
|
|t:|1779638365
|switch|p2a: Nice Try.|Talonflame, F, shiny|78/100 par
|move|p1a: Great Tusk|Headlong Rush|p2a: Nice Try.
|-immune|p2a: Nice Try.
|
|upkeep
|turn|61
|
|t:|1779638373
|-end|p1a: Great Tusk|Protosynthesis|[silent]
|switch|p1a: Ciao|Iron Moth|76/100
|cant|p2a: Nice Try.|par
|
|upkeep
|turn|62
|
|t:|1779638381
|switch|p2a: Worth Trying.|Clodsire, F, shiny|98/100
|move|p1a: Ciao|Fiery Dance|p2a: Worth Trying.
|-damage|p2a: Worth Trying.|77/100
|-boost|p1a: Ciao|spa|1
|
|upkeep
|turn|63
|
|t:|1779638389
|-end|p1a: Ciao|Quark Drive|[silent]
|switch|p1a: Cresselia|Cresselia, F, tera:Steel|100/100
|move|p2a: Worth Trying.|Bulldoze|p1a: Cresselia
|-immune|p1a: Cresselia|[from] ability: Levitate
|
|upkeep
|turn|64
|
|t:|1779638395
|switch|p2a: Nice Try.|Talonflame, F, shiny|78/100 par
|move|p1a: Cresselia|Ice Beam|p2a: Nice Try.
|-damage|p2a: Nice Try.|58/100 par
|
|upkeep
|turn|65
|
|t:|1779638404
|switch|p1a: Walking Wake|Walking Wake|100/100
|move|p2a: Nice Try.|Roost|p2a: Nice Try.
|-heal|p2a: Nice Try.|100/100 par
|-singleturn|p2a: Nice Try.|move: Roost
|
|upkeep
|turn|66
|inactive|1000TURNSFR has 120 seconds left.
|
|t:|1779638449
|switch|p2a: Still Trying?|Blissey, F, shiny|72/100
|move|p1a: Walking Wake|Draco Meteor|p2a: Still Trying?
|-damage|p2a: Still Trying?|40/100
|-unboost|p1a: Walking Wake|spa|2
|
|upkeep
|turn|67
|
|t:|1779638457
|-end|p1a: Walking Wake|Protosynthesis|[silent]
|switch|p1a: Cresselia|Cresselia, F, tera:Steel|100/100
|move|p2a: Still Trying?|Soft-Boiled|p2a: Still Trying?
|-heal|p2a: Still Trying?|90/100
|
|upkeep
|turn|68
|inactive|1000TURNSFR has 120 seconds left.
|
|t:|1779638464
|move|p1a: Cresselia|Thunder Wave|p2a: Still Trying?
|-status|p2a: Still Trying?|par
|move|p2a: Still Trying?|Calm Mind|p2a: Still Trying?
|-boost|p2a: Still Trying?|spa|1
|-boost|p2a: Still Trying?|spd|1
|
|upkeep
|turn|69
|
|t:|1779638471
|switch|p1a: Great Tusk|Great Tusk|47/100
|move|p2a: Still Trying?|Shadow Ball|p1a: Great Tusk
|-damage|p1a: Great Tusk|14/100
|
|upkeep
|turn|70
|
|t:|1779638478
|-curestatus|p2a: Still Trying?|par|[from] ability: Natural Cure|[silent]
|switch|p2a: Nice Try.|Talonflame, F, shiny|100/100 par
|move|p1a: Great Tusk|Headlong Rush|p2a: Nice Try.
|-immune|p2a: Nice Try.
|
|upkeep
|turn|71
|
|t:|1779638490
|-end|p1a: Great Tusk|Protosynthesis|[silent]
|switch|p1a: Ciao|Iron Moth|76/100
|move|p2a: Nice Try.|Flamethrower|p1a: Ciao
|-resisted|p1a: Ciao
|-damage|p1a: Ciao|64/100
|
|upkeep
|turn|72
|
|t:|1779638498
|switch|p2a: Worth Trying.|Clodsire, F, shiny|77/100
|move|p1a: Ciao|Fiery Dance|p2a: Worth Trying.
|-damage|p2a: Worth Trying.|54/100
|
|upkeep
|turn|73
|
|t:|1779638504
|-end|p1a: Ciao|Quark Drive|[silent]
|switch|p1a: Cresselia|Cresselia, F, tera:Steel|100/100
|move|p2a: Worth Trying.|Recover|p2a: Worth Trying.
|-heal|p2a: Worth Trying.|100/100
|
|upkeep
|turn|74
|
|t:|1779638511
|switch|p2a: Still Trying?|Blissey, F, shiny|90/100
|move|p1a: Cresselia|Ice Beam|p2a: Still Trying?
|-damage|p2a: Still Trying?|85/100
|-status|p2a: Still Trying?|frz
|
|upkeep
|turn|75
|
|t:|1779638526
|switch|p1a: Walking Wake|Walking Wake|100/100
|-curestatus|p2a: Still Trying?|frz|[from] ability: Natural Cure|[silent]
|switch|p2a: You Tried.|Dondozo, F, shiny|100/100
|
|upkeep
|turn|76
|
|t:|1779638543
|switch|p2a: Still Trying?|Blissey, F, shiny|85/100
|move|p1a: Walking Wake|Draco Meteor|p2a: Still Trying?
|-damage|p2a: Still Trying?|52/100
|-unboost|p1a: Walking Wake|spa|2
|
|upkeep
|turn|77
|
|t:|1779638552
|-end|p1a: Walking Wake|Protosynthesis|[silent]
|switch|p1a: Great Tusk|Great Tusk|14/100
|move|p2a: Still Trying?|Soft-Boiled|p2a: Still Trying?
|-heal|p2a: Still Trying?|100/100
|
|upkeep
|turn|78
|
|t:|1779638565
|-end|p1a: Great Tusk|Protosynthesis|[silent]
|switch|p1a: Cresselia|Cresselia, F, tera:Steel|100/100
|switch|p2a: Keep Trying.|Toxapex, F|100/100
|
|upkeep
|turn|79
|
|t:|1779638575
|switch|p2a: Nice Try.|Talonflame, F, shiny|100/100 par
|move|p1a: Cresselia|Ice Beam|p2a: Nice Try.
|-damage|p2a: Nice Try.|78/100 par
|
|upkeep
|turn|80
|inactive|1000TURNSFR has 120 seconds left.
|
|t:|1779638618
|switch|p1a: Ciao|Iron Moth|64/100
|move|p2a: Nice Try.|Flamethrower|p1a: Ciao
|-resisted|p1a: Ciao
|-damage|p1a: Ciao|52/100
|
|upkeep
|turn|81
|
|t:|1779638629
|move|p1a: Ciao|Fiery Dance|p2a: Nice Try.
|-resisted|p2a: Nice Try.
|-damage|p2a: Nice Try.|51/100 par
|-boost|p1a: Ciao|spa|1
|move|p2a: Nice Try.|Flamethrower|p1a: Ciao
|-resisted|p1a: Ciao
|-damage|p1a: Ciao|40/100
|
|upkeep
|turn|82
|
|t:|1779638636
|switch|p2a: You Tried.|Dondozo, F, shiny|100/100
|move|p1a: Ciao|Sludge Wave|p2a: You Tried.
|-damage|p2a: You Tried.|52/100
|
|upkeep
|turn|83
|
|t:|1779638643
|-end|p1a: Ciao|Quark Drive|[silent]
|switch|p1a: Walking Wake|Walking Wake|100/100
|switch|p2a: Worth Trying.|Clodsire, F, shiny|100/100
|
|upkeep
|turn|84
|
|t:|1779638650
|switch|p2a: Still Trying?|Blissey, F, shiny|100/100
|move|p1a: Walking Wake|Flip Turn|p2a: Still Trying?
|-damage|p2a: Still Trying?|84/100
|
|t:|1779638656
|-end|p1a: Walking Wake|Protosynthesis|[silent]
|switch|p1a: Great Tusk|Great Tusk|14/100|[from] Flip Turn
|
|upkeep
|turn|85
|
|t:|1779638665
|-end|p1a: Great Tusk|Protosynthesis|[silent]
|switch|p1a: Cresselia|Cresselia, F, tera:Steel|100/100
|switch|p2a: Nice Try.|Talonflame, F, shiny|51/100 par
|
|upkeep
|turn|86
|
|t:|1779638676
|switch|p1a: Walking Wake|Walking Wake|100/100
|move|p2a: Nice Try.|Roost|p2a: Nice Try.
|-heal|p2a: Nice Try.|100/100 par
|-singleturn|p2a: Nice Try.|move: Roost
|
|upkeep
|turn|87
|
|t:|1779638684
|switch|p2a: Keep Trying.|Toxapex, F|100/100
|move|p1a: Walking Wake|Hydro Steam|p2a: Keep Trying.
|-resisted|p2a: Keep Trying.
|-damage|p2a: Keep Trying.|74/100
|
|upkeep
|turn|88
|
|t:|1779638695
|-end|p1a: Walking Wake|Protosynthesis|[silent]
|switch|p1a: Ciao|Iron Moth|40/100
|-terastallize|p2a: Keep Trying.|Fairy
|move|p2a: Keep Trying.|Toxic|p1a: Ciao|[miss]
|-miss|p2a: Keep Trying.|p1a: Ciao
|
|upkeep
|turn|89
|
|t:|1779638702
|move|p2a: Keep Trying.|Baneful Bunker|p2a: Keep Trying.
|-singleturn|p2a: Keep Trying.|move: Protect
|move|p1a: Ciao|Sludge Wave|p2a: Keep Trying.
|-activate|p2a: Keep Trying.|move: Protect
|
|upkeep
|turn|90
|
|t:|1779638710
|switch|p2a: Worth Trying.|Clodsire, F, shiny|100/100
|move|p1a: Ciao|Fiery Dance|p2a: Worth Trying.
|-damage|p2a: Worth Trying.|79/100
|
|upkeep
|turn|91
|
|t:|1779638717
|-end|p1a: Ciao|Quark Drive|[silent]
|switch|p1a: Cresselia|Cresselia, F, tera:Steel|100/100
|switch|p2a: Nice Try.|Talonflame, F, shiny|100/100 par
|
|upkeep
|turn|92
|
|t:|1779638730
|switch|p1a: Walking Wake|Walking Wake|100/100
|cant|p2a: Nice Try.|par
|
|upkeep
|turn|93
|
|t:|1779638737
|switch|p2a: Keep Trying.|Toxapex, F, tera:Fairy|100/100
|move|p1a: Walking Wake|Flip Turn|p2a: Keep Trying.
|-damage|p2a: Keep Trying.|90/100
|
|t:|1779638743
|-end|p1a: Walking Wake|Protosynthesis|[silent]
|switch|p1a: Ciao|Iron Moth|40/100|[from] Flip Turn
|
|upkeep
|turn|94
|
|t:|1779638748
|switch|p2a: Worth Trying.|Clodsire, F, shiny|79/100
|move|p1a: Ciao|Sludge Wave|p2a: Worth Trying.
|-resisted|p2a: Worth Trying.
|-damage|p2a: Worth Trying.|72/100
|
|upkeep
|turn|95
|
|t:|1779638756
|-end|p1a: Ciao|Quark Drive|[silent]
|switch|p1a: Cresselia|Cresselia, F, tera:Steel|100/100
|move|p2a: Worth Trying.|Bulldoze|p1a: Cresselia
|-immune|p1a: Cresselia|[from] ability: Levitate
|
|upkeep
|turn|96
|
|t:|1779638767
|switch|p2a: Nice Try.|Talonflame, F, shiny|100/100 par
|move|p1a: Cresselia|Ice Beam|p2a: Nice Try.
|-damage|p2a: Nice Try.|78/100 par
|
|upkeep
|turn|97
|
|t:|1779638776
|switch|p1a: Ciao|Iron Moth|40/100
|move|p2a: Nice Try.|Will-O-Wisp|p1a: Ciao
|-immune|p1a: Ciao
|
|upkeep
|turn|98
|
|t:|1779638784
|switch|p2a: Worth Trying.|Clodsire, F, shiny|72/100
|move|p1a: Ciao|Sludge Wave|p2a: Worth Trying.
|-resisted|p2a: Worth Trying.
|-damage|p2a: Worth Trying.|66/100
|
|upkeep
|turn|99
|
|t:|1779638795
|-end|p1a: Ciao|Quark Drive|[silent]
|switch|p1a: Cresselia|Cresselia, F, tera:Steel|100/100
|move|p2a: Worth Trying.|Recover|p2a: Worth Trying.
|-heal|p2a: Worth Trying.|100/100
|
|upkeep
|turn|100
|
|t:|1779638806
|switch|p1a: Walking Wake|Walking Wake|100/100
|move|p2a: Worth Trying.|Toxic|p1a: Walking Wake
|-status|p1a: Walking Wake|tox
|
|-damage|p1a: Walking Wake|94/100 tox|[from] psn
|upkeep
|turn|101
|
|t:|1779638813
|switch|p2a: Keep Trying.|Toxapex, F, tera:Fairy|100/100
|move|p1a: Walking Wake|Flip Turn|p2a: Keep Trying.
|-damage|p2a: Keep Trying.|91/100
|
|t:|1779638822
|-end|p1a: Walking Wake|Protosynthesis|[silent]
|switch|p1a: Ciao|Iron Moth|40/100|[from] Flip Turn
|
|upkeep
|turn|102
|
|t:|1779638827
|move|p2a: Keep Trying.|Baneful Bunker|p2a: Keep Trying.
|-singleturn|p2a: Keep Trying.|move: Protect
|move|p1a: Ciao|Sludge Wave|p2a: Keep Trying.
|-activate|p2a: Keep Trying.|move: Protect
|
|upkeep
|turn|103
|
|t:|1779638835
|-end|p1a: Ciao|Quark Drive|[silent]
|switch|p1a: Great Tusk|Great Tusk|14/100
|switch|p2a: Still Trying?|Blissey, F, shiny|84/100
|
|upkeep
|turn|104
|
|t:|1779638849
|switch|p2a: Nice Try.|Talonflame, F, shiny|78/100 par
|move|p1a: Great Tusk|Headlong Rush|p2a: Nice Try.
|-immune|p2a: Nice Try.
|
|upkeep
|turn|105
|
|t:|1779638857
|-end|p1a: Great Tusk|Protosynthesis|[silent]
|switch|p1a: Walking Wake|Walking Wake|94/100 tox
|move|p2a: Nice Try.|Flamethrower|p1a: Walking Wake
|-resisted|p1a: Walking Wake
|-damage|p1a: Walking Wake|88/100 tox
|
|-damage|p1a: Walking Wake|81/100 tox|[from] psn
|upkeep
|turn|106
|
|t:|1779638869
|switch|p2a: Still Trying?|Blissey, F, shiny|84/100
|move|p1a: Walking Wake|Draco Meteor|p2a: Still Trying?
|-damage|p2a: Still Trying?|50/100
|-unboost|p1a: Walking Wake|spa|2
|
|-damage|p1a: Walking Wake|69/100 tox|[from] psn
|upkeep
|turn|107
|
|t:|1779638880
|-end|p1a: Walking Wake|Protosynthesis|[silent]
|switch|p1a: Cresselia|Cresselia, F, tera:Steel|100/100
|move|p2a: Still Trying?|Soft-Boiled|p2a: Still Trying?
|-heal|p2a: Still Trying?|99/100
|
|upkeep
|turn|108
|
|t:|1779638888
|switch|p1a: Great Tusk|Great Tusk|14/100
|move|p2a: Still Trying?|Calm Mind|p2a: Still Trying?
|-boost|p2a: Still Trying?|spa|1
|-boost|p2a: Still Trying?|spd|1
|
|upkeep
|turn|109
|
|t:|1779638899
|-end|p1a: Great Tusk|Protosynthesis|[silent]
|switch|p1a: Cresselia|Cresselia, F, tera:Steel|100/100
|switch|p2a: Nice Try.|Talonflame, F, shiny|78/100 par
|
|upkeep
|turn|110
|inactive|skyrakers has 120 seconds left.
|
|t:|1779638913
|switch|p1a: Walking Wake|Walking Wake|69/100 tox
|move|p2a: Nice Try.|Flamethrower|p1a: Walking Wake
|-resisted|p1a: Walking Wake
|-damage|p1a: Walking Wake|62/100 tox
|
|-damage|p1a: Walking Wake|56/100 tox|[from] psn
|upkeep
|turn|111
|inactive|skyrakers has 120 seconds left.
|
|t:|1779638921
|switch|p2a: Keep Trying.|Toxapex, F, tera:Fairy|100/100
|move|p1a: Walking Wake|Flip Turn|p2a: Keep Trying.
|-damage|p2a: Keep Trying.|91/100
|inactive|skyrakers has 120 seconds left.
|
|t:|1779638928
|-end|p1a: Walking Wake|Protosynthesis|[silent]
|switch|p1a: Ciao|Iron Moth|40/100|[from] Flip Turn
|
|upkeep
|turn|112
|
|t:|1779638935
|switch|p2a: Still Trying?|Blissey, F, shiny|99/100
|move|p1a: Ciao|Sludge Wave|p2a: Still Trying?
|-damage|p2a: Still Trying?|86/100
|
|upkeep
|turn|113
|
|t:|1779638942
|-end|p1a: Ciao|Quark Drive|[silent]
|switch|p1a: Cresselia|Cresselia, F, tera:Steel|100/100
|move|p2a: Still Trying?|Seismic Toss|p1a: Cresselia
|-damage|p1a: Cresselia|78/100
|
|upkeep
|turn|114
|
|t:|1779638949
|move|p1a: Cresselia|Ice Beam|p2a: Still Trying?
|-damage|p2a: Still Trying?|81/100
|move|p2a: Still Trying?|Seismic Toss|p1a: Cresselia
|-damage|p1a: Cresselia|55/100
|
|upkeep
|turn|115
|
|t:|1779638955
|move|p1a: Cresselia|Moonlight|p1a: Cresselia
|-heal|p1a: Cresselia|100/100
|move|p2a: Still Trying?|Calm Mind|p2a: Still Trying?
|-boost|p2a: Still Trying?|spa|1
|-boost|p2a: Still Trying?|spd|1
|
|upkeep
|turn|116
|
|t:|1779638962
|move|p1a: Cresselia|Thunder Wave|p2a: Still Trying?
|-status|p2a: Still Trying?|par
|move|p2a: Still Trying?|Shadow Ball|p1a: Cresselia
|-crit|p1a: Cresselia
|-damage|p1a: Cresselia|80/100
|
|upkeep
|turn|117
|inactive|skyrakers has 120 seconds left.
|
|t:|1779638987
|switch|p1a: Walking Wake|Walking Wake|56/100 tox
|move|p2a: Still Trying?|Shadow Ball|p1a: Walking Wake
|-damage|p1a: Walking Wake|32/100 tox
|
|-damage|p1a: Walking Wake|26/100 tox|[from] psn
|upkeep
|turn|118
|
|t:|1779638995
|move|p1a: Walking Wake|Flip Turn|p2a: Still Trying?
|-damage|p2a: Still Trying?|66/100 par
|
|t:|1779639000
|-end|p1a: Walking Wake|Protosynthesis|[silent]
|switch|p1a: Cresselia|Cresselia, F, tera:Steel|80/100|[from] Flip Turn
|move|p2a: Still Trying?|Shadow Ball|p1a: Cresselia
|-damage|p1a: Cresselia|66/100
|-unboost|p1a: Cresselia|spd|1
|
|upkeep
|turn|119
|
|t:|1779639008
|move|p1a: Cresselia|Moonlight|p1a: Cresselia
|-heal|p1a: Cresselia|100/100
|move|p2a: Still Trying?|Shadow Ball|p1a: Cresselia
|-damage|p1a: Cresselia|78/100
|-unboost|p1a: Cresselia|spd|1
|
|upkeep
|turn|120
|
|t:|1779639027
|switch|p1a: Walking Wake|Walking Wake|26/100 tox
|move|p2a: Still Trying?|Shadow Ball|p1a: Walking Wake
|-damage|p1a: Walking Wake|0 fnt
|faint|p1a: Walking Wake
|-end|p1a: Walking Wake|Protosynthesis|[silent]
|
|upkeep
|inactive|skyrakers has 90 seconds left.
|
|t:|1779639049
|switch|p1a: Great Tusk|Great Tusk|14/100
|turn|121
|inactive|skyrakers has 90 seconds left.
|
|t:|1779639058
|-curestatus|p2a: Still Trying?|par|[from] ability: Natural Cure|[silent]
|switch|p2a: Nice Try.|Talonflame, F, shiny|78/100 par
|move|p1a: Great Tusk|Ice Spinner|p2a: Nice Try.
|-damage|p2a: Nice Try.|55/100 par
|-status|p1a: Great Tusk|brn|[from] ability: Flame Body|[of] p2a: Nice Try.
|
|-damage|p1a: Great Tusk|8/100 brn|[from] brn
|upkeep
|turn|122
|inactive|skyrakers has 90 seconds left.
|
|t:|1779639068
|-end|p1a: Great Tusk|Protosynthesis|[silent]
|switch|p1a: Cresselia|Cresselia, F, tera:Steel|78/100
|switch|p2a: Try Harder.|Alomomola, F, shiny|37/100
|
|upkeep
|turn|123
|
|t:|1779639076
|switch|p2a: Nice Try.|Talonflame, F, shiny|55/100 par
|move|p1a: Cresselia|Ice Beam|p2a: Nice Try.
|-damage|p2a: Nice Try.|33/100 par
|
|upkeep
|turn|124
|
|t:|1779639082
|move|p1a: Cresselia|Ice Beam|p2a: Nice Try.
|-damage|p2a: Nice Try.|10/100 par
|move|p2a: Nice Try.|Roost|p2a: Nice Try.
|-heal|p2a: Nice Try.|60/100 par
|-singleturn|p2a: Nice Try.|move: Roost
|
|upkeep
|turn|125
|
|t:|1779639094
|switch|p1a: Ciao|Iron Moth|40/100
|cant|p2a: Nice Try.|par
|
|upkeep
|turn|126
|
|t:|1779639105
|switch|p2a: Worth Trying.|Clodsire, F, shiny|100/100
|move|p1a: Ciao|Fiery Dance|p2a: Worth Trying.
|-damage|p2a: Worth Trying.|78/100
|-boost|p1a: Ciao|spa|1
|
|upkeep
|turn|127
|
|t:|1779639114
|-end|p1a: Ciao|Quark Drive|[silent]
|switch|p1a: Cresselia|Cresselia, F, tera:Steel|78/100
|switch|p2a: Still Trying?|Blissey, F, shiny|66/100
|
|upkeep
|turn|128
|
|t:|1779639124
|switch|p1a: Great Tusk|Great Tusk|8/100 brn
|move|p2a: Still Trying?|Calm Mind|p2a: Still Trying?
|-boost|p2a: Still Trying?|spa|1
|-boost|p2a: Still Trying?|spd|1
|
|-damage|p1a: Great Tusk|2/100 brn|[from] brn
|upkeep
|turn|129
|
|t:|1779639132
|-end|p1a: Great Tusk|Protosynthesis|[silent]
|switch|p1a: Cresselia|Cresselia, F, tera:Steel|78/100
|switch|p2a: Nice Try.|Talonflame, F, shiny|60/100 par
|
|upkeep
|turn|130
|
|t:|1779639146
|switch|p1a: Ciao|Iron Moth|40/100
|switch|p2a: Still Trying?|Blissey, F, shiny|66/100
|
|upkeep
|turn|131
|
|t:|1779639154
|move|p1a: Ciao|Sludge Wave|p2a: Still Trying?
|-damage|p2a: Still Trying?|51/100
|move|p2a: Still Trying?|Seismic Toss|p1a: Ciao
|-damage|p1a: Ciao|7/100
|
|upkeep
|turn|132
|
|t:|1779639162
|-end|p1a: Ciao|Quark Drive|[silent]
|switch|p1a: Cresselia|Cresselia, F, tera:Steel|78/100
|move|p2a: Still Trying?|Soft-Boiled|p2a: Still Trying?
|-heal|p2a: Still Trying?|100/100
|
|upkeep
|turn|133
|
|t:|1779639168
|move|p1a: Cresselia|Ice Beam|p2a: Still Trying?
|-damage|p2a: Still Trying?|96/100
|move|p2a: Still Trying?|Calm Mind|p2a: Still Trying?
|-boost|p2a: Still Trying?|spa|1
|-boost|p2a: Still Trying?|spd|1
|
|upkeep
|turn|134
|
|t:|1779639179
|move|p1a: Cresselia|Ice Beam|p2a: Still Trying?
|-damage|p2a: Still Trying?|92/100
|move|p2a: Still Trying?|Calm Mind|p2a: Still Trying?
|-boost|p2a: Still Trying?|spa|1
|-boost|p2a: Still Trying?|spd|1
|
|upkeep
|turn|135
|
|t:|1779639186
|move|p1a: Cresselia|Ice Beam|p2a: Still Trying?
|-damage|p2a: Still Trying?|89/100
|move|p2a: Still Trying?|Calm Mind|p2a: Still Trying?
|-boost|p2a: Still Trying?|spa|1
|-boost|p2a: Still Trying?|spd|1
|
|upkeep
|turn|136
|
|t:|1779639194
|move|p1a: Cresselia|Ice Beam|p2a: Still Trying?
|-damage|p2a: Still Trying?|87/100
|move|p2a: Still Trying?|Calm Mind|p2a: Still Trying?
|-boost|p2a: Still Trying?|spa|1
|-boost|p2a: Still Trying?|spd|1
|
|upkeep
|turn|137
|
|t:|1779639203
|move|p1a: Cresselia|Ice Beam|p2a: Still Trying?
|-damage|p2a: Still Trying?|86/100
|move|p2a: Still Trying?|Shadow Ball|p1a: Cresselia
|-damage|p1a: Cresselia|52/100
|
|upkeep
|turn|138
|
|t:|1779639210
|move|p1a: Cresselia|Moonlight|p1a: Cresselia
|-heal|p1a: Cresselia|100/100
|move|p2a: Still Trying?|Calm Mind|p2a: Still Trying?
|-boost|p2a: Still Trying?|spa|1
|-boost|p2a: Still Trying?|spd|1
|
|upkeep
|turn|139
|
|t:|1779639216
|move|p1a: Cresselia|Ice Beam|p2a: Still Trying?
|-damage|p2a: Still Trying?|84/100
|move|p2a: Still Trying?|Calm Mind|p2a: Still Trying?
|-boost|p2a: Still Trying?|spa|1
|-boost|p2a: Still Trying?|spd|1
|
|upkeep
|turn|140
|
|t:|1779639225
|move|p1a: Cresselia|Thunder Wave|p2a: Still Trying?
|-status|p2a: Still Trying?|par
|move|p2a: Still Trying?|Shadow Ball|p1a: Cresselia
|-damage|p1a: Cresselia|62/100
|
|upkeep
|turn|141
|
|t:|1779639243
|move|p1a: Cresselia|Moonlight|p1a: Cresselia
|-heal|p1a: Cresselia|100/100
|cant|p2a: Still Trying?|par
|
|upkeep
|turn|142
|inactive|skyrakers has 60 seconds left.
|
|t:|1779639274
|move|p1a: Cresselia|Lunar Dance|p1a: Cresselia
|faint|p1a: Cresselia
|move|p2a: Still Trying?|Seismic Toss|p1: Cresselia|[notarget]
|-fail|p2a: Still Trying?
|
|upkeep
|
|t:|1779639279
|switch|p1a: Great Tusk|Great Tusk|2/100 brn
|-heal|p1a: Great Tusk|100/100|[from] move: Lunar Dance
|turn|143
|
|t:|1779639285
|-end|p1a: Great Tusk|Protosynthesis|[silent]
|switch|p1a: Ciao|Iron Moth|7/100
|-curestatus|p2a: Still Trying?|par|[from] ability: Natural Cure|[silent]
|switch|p2a: Nice Try.|Talonflame, F, shiny|60/100 par
|
|upkeep
|turn|144
|
|t:|1779639299
|-end|p1a: Ciao|Quark Drive|[silent]
|switch|p1a: Great Tusk|Great Tusk|100/100
|switch|p2a: Worth Trying.|Clodsire, F, shiny|78/100
|
|upkeep
|turn|145
|inactive|skyrakers has 30 seconds left.
|
|t:|1779639312
|switch|p2a: Nice Try.|Talonflame, F, shiny|60/100 par
|move|p1a: Great Tusk|Ice Spinner|p2a: Nice Try.
|-damage|p2a: Nice Try.|37/100 par
|-status|p1a: Great Tusk|brn|[from] ability: Flame Body|[of] p2a: Nice Try.
|
|-damage|p1a: Great Tusk|94/100 brn|[from] brn
|upkeep
|turn|146
|inactive|skyrakers has 30 seconds left.
|
|t:|1779639322
|switch|p2a: Try Harder.|Alomomola, F, shiny|70/100
|move|p1a: Great Tusk|Ice Spinner|p2a: Try Harder.
|-resisted|p2a: Try Harder.
|-damage|p2a: Try Harder.|66/100
|
|-damage|p1a: Great Tusk|88/100 brn|[from] brn
|upkeep
|turn|147
|inactive|skyrakers has 30 seconds left this turn.
|-message|skyrakers forfeited.
|
|win|1000TURNSFR
|raw|skyrakers's rating: 1551 &rarr; <strong>1527</strong><br />(-24 for losing)
|raw|1000TURNSFR's rating: 1479 &rarr; <strong>1503</strong><br />(+24 for winning)
|l|☆skyrakers
|player|p1|
