|j|☆diddlerthediddled
|j|☆hollow1991
|t:|1779654249
|gametype|singles
|player|p1|diddlerthediddled|juan|1061
|player|p2|hollow1991|liko|1054
|gen|9
|tier|[Gen 9] OU
|rated|
|rule|HP Percentage Mod: HP is shown in percentages
|rule|Endless Battle Clause: Forcing endless battles is banned
|rule|Species Clause: Limit one of each Pokémon
|rule|OHKO Clause: OHKO moves are banned
|rule|Evasion Items Clause: Evasion items are banned
|rule|Evasion Moves Clause: Evasion moves are banned
|rule|Evasion Abilities Clause: Evasion abilities are banned
|rule|Sleep Moves Clause: Sleep-inducing moves are banned
|clearpoke
|poke|p1|Cutiefly, M|
|poke|p1|Clodsire, M|
|poke|p1|Popplio, F|
|poke|p1|Diancie|
|poke|p1|Flaaffy, F|
|poke|p1|Bramblin, F|
|poke|p2|Mimikyu, F|
|poke|p2|Meowscarada, F|
|poke|p2|Armarouge, M|
|poke|p2|Hatterene, F|
|poke|p2|Tsareena, F|
|poke|p2|Incineroar, M|
|teampreview
|inactive|Battle timer is ON: inactive players will automatically lose when time's up. (requested by diddlerthediddled)
|
|t:|1779654257
|teamsize|p1|6
|teamsize|p2|6
|start
|switch|p1a: Cutiefly|Cutiefly, M|100/100
|switch|p2a: Michi|Incineroar, M|100/100
|-ability|p2a: Michi|Intimidate|boost
|-unboost|p1a: Cutiefly|atk|1
|turn|1
|
|t:|1779654266
|move|p1a: Cutiefly|Sticky Web|p2a: Michi
|-sidestart|p2: hollow1991|move: Sticky Web
|move|p2a: Michi|Flare Blitz|p1a: Cutiefly
|-supereffective|p1a: Cutiefly
|-crit|p1a: Cutiefly
|-enditem|p1a: Cutiefly|Focus Sash
|-damage|p1a: Cutiefly|1/100
|-damage|p2a: Michi|80/100|[from] Recoil
|
|upkeep
|turn|2
|
|t:|1779654274
|move|p1a: Cutiefly|Stun Spore|p2a: Michi|[miss]
|-miss|p1a: Cutiefly|p2a: Michi
|move|p2a: Michi|Knock Off|p1a: Cutiefly
|-resisted|p1a: Cutiefly
|-damage|p1a: Cutiefly|0 fnt
|faint|p1a: Cutiefly
|
|upkeep
|
|t:|1779654288
|switch|p1a: Clodsire|Clodsire, M|100/100
|turn|3
|
|t:|1779654294
|move|p2a: Michi|Knock Off|p1a: Clodsire
|-damage|p1a: Clodsire|50/100
|-enditem|p1a: Clodsire|Leftovers|[from] move: Knock Off|[of] p2a: Michi
|move|p1a: Clodsire|Earthquake|p2a: Michi
|-supereffective|p2a: Michi
|-damage|p2a: Michi|29/100
|
|upkeep
|turn|4
|
|t:|1779654305
|move|p2a: Michi|Knock Off|p1a: Clodsire
|-damage|p1a: Clodsire|17/100
|move|p1a: Clodsire|Recover|p1a: Clodsire
|-heal|p1a: Clodsire|67/100
|
|upkeep
|turn|5
|
|t:|1779654311
|move|p2a: Michi|Parting Shot|p1a: Clodsire
|-unboost|p1a: Clodsire|atk|1
|-unboost|p1a: Clodsire|spa|1
|
|t:|1779654318
|switch|p2a: Navi|Hatterene, F|100/100|[from] Parting Shot
|-activate|p2a: Navi|move: Sticky Web
|-unboost|p2a: Navi|spe|1
|move|p1a: Clodsire|Earthquake|p2a: Navi
|-damage|p2a: Navi|82/100
|
|-heal|p2a: Navi|88/100|[from] item: Leftovers
|upkeep
|turn|6
|
|t:|1779654330
|switch|p1a: Popplio|Popplio, F|100/100
|move|p2a: Navi|Psychic|p1a: Popplio
|-damage|p1a: Popplio|37/100
|
|-heal|p2a: Navi|94/100|[from] item: Leftovers
|upkeep
|turn|7
|
|t:|1779654339
|move|p1a: Popplio|Hyper Voice|p2a: Navi
|-damage|p2a: Navi|58/100
|move|p2a: Navi|Dazzling Gleam|p1a: Popplio
|-damage|p1a: Popplio|0 fnt
|faint|p1a: Popplio
|
|-heal|p2a: Navi|64/100|[from] item: Leftovers
|upkeep
|
|t:|1779654349
|switch|p1a: Bramblin|Bramblin, F|100/100
|turn|8
|
|t:|1779654354
|move|p1a: Bramblin|Curse|p2a: Navi
|-start|p2a: Navi|Curse|[of] p1a: Bramblin
|-damage|p1a: Bramblin|51/100
|move|p2a: Navi|Psychic|p1a: Bramblin
|-damage|p1a: Bramblin|0 fnt
|faint|p1a: Bramblin
|
|-heal|p2a: Navi|70/100|[from] item: Leftovers
|-damage|p2a: Navi|45/100|[from] Curse
|upkeep
|
|t:|1779654367
|switch|p1a: Flaaffy|Flaaffy, F|100/100
|turn|9
|
|t:|1779654373
|move|p1a: Flaaffy|Cotton Guard|p1a: Flaaffy
|-boost|p1a: Flaaffy|def|3
|move|p2a: Navi|Psychic|p1a: Flaaffy
|-damage|p1a: Flaaffy|66/100
|
|-heal|p2a: Navi|51/100|[from] item: Leftovers
|-damage|p2a: Navi|27/100|[from] Curse
|upkeep
|turn|10
|
|t:|1779654380
|move|p1a: Flaaffy|Cotton Guard|p1a: Flaaffy
|-boost|p1a: Flaaffy|def|3
|move|p2a: Navi|Psychic|p1a: Flaaffy
|-damage|p1a: Flaaffy|29/100
|
|-heal|p2a: Navi|33/100|[from] item: Leftovers
|-damage|p2a: Navi|8/100|[from] Curse
|upkeep
|turn|11
|
|t:|1779654389
|move|p1a: Flaaffy|Thunderbolt|p2a: Navi
|-damage|p2a: Navi|0 fnt
|faint|p2a: Navi
|
|upkeep
|
|t:|1779654394
|switch|p2a: Armarouge|Armarouge, M|100/100
|turn|12
|
|t:|1779654399
|move|p2a: Armarouge|Psychic|p1a: Flaaffy
|-damage|p1a: Flaaffy|0 fnt
|faint|p1a: Flaaffy
|
|upkeep
|
|t:|1779654406
|switch|p1a: Clodsire|Clodsire, M|67/100
|turn|13
|
|t:|1779654410
|move|p2a: Armarouge|Psychic|p1a: Clodsire
|-supereffective|p1a: Clodsire
|-damage|p1a: Clodsire|14/100
|move|p1a: Clodsire|Toxic|p2a: Armarouge
|-status|p2a: Armarouge|tox
|
|-damage|p2a: Armarouge|94/100 tox|[from] psn
|upkeep
|turn|14
|
|t:|1779654418
|move|p2a: Armarouge|Psychic|p1a: Clodsire
|-supereffective|p1a: Clodsire
|-damage|p1a: Clodsire|0 fnt
|faint|p1a: Clodsire
|
|-damage|p2a: Armarouge|82/100 tox|[from] psn
|upkeep
|
|t:|1779654423
|switch|p1a: Diancie|Diancie|100/100
|turn|15
|
|t:|1779654429
|move|p2a: Armarouge|Aura Sphere|p1a: Diancie
|-damage|p1a: Diancie|73/100
|move|p1a: Diancie|Diamond Storm|p2a: Armarouge
|-supereffective|p2a: Armarouge
|-damage|p2a: Armarouge|8/100 tox
|
|-heal|p1a: Diancie|79/100|[from] item: Leftovers
|-damage|p2a: Armarouge|0 fnt|[from] psn
|faint|p2a: Armarouge
|upkeep
|
|t:|1779654434
|switch|p2a: knight|Mimikyu, F, shiny|100/100
|-activate|p2a: knight|move: Sticky Web
|-unboost|p2a: knight|spe|1
|turn|16
|
|t:|1779654444
|move|p2a: knight|Swords Dance|p2a: knight
|-boost|p2a: knight|atk|2
|move|p1a: Diancie|Moonblast|p2a: knight
|-activate|p2a: knight|ability: Disguise
|-damage|p2a: knight|100/100
|detailschange|p2a: knight|Mimikyu-Busted, F, shiny
|-damage|p2a: knight|88/100|[from] pokemon: Mimikyu-Busted
|
|-heal|p1a: Diancie|85/100|[from] item: Leftovers
|upkeep
|turn|17
|
|t:|1779654453
|move|p2a: knight|Drain Punch|p1a: Diancie
|-damage|p1a: Diancie|38/100
|-heal|p2a: knight|100/100|[from] drain|[of] p1a: Diancie
|-damage|p2a: knight|91/100|[from] item: Life Orb
|move|p1a: Diancie|Iron Defense|p1a: Diancie
|-boost|p1a: Diancie|def|2
|
|-heal|p1a: Diancie|44/100|[from] item: Leftovers
|upkeep
|turn|18
|
|t:|1779654466
|move|p2a: knight|Play Rough|p1a: Diancie
|-damage|p1a: Diancie|2/100
|-damage|p2a: knight|81/100|[from] item: Life Orb
|move|p1a: Diancie|Moonblast|p2a: knight
|-damage|p2a: knight|31/100
|
|-heal|p1a: Diancie|8/100|[from] item: Leftovers
|upkeep
|turn|19
|
|t:|1779654475
|move|p2a: knight|Shadow Sneak|p1a: Diancie
|-damage|p1a: Diancie|0 fnt
|faint|p1a: Diancie
|-damage|p2a: knight|21/100|[from] item: Life Orb
|
|win|hollow1991
|raw|diddlerthediddled's rating: 1061 &rarr; <strong>1041</strong><br />(-20 for losing)
|raw|hollow1991's rating: 1054 &rarr; <strong>1087</strong><br />(+33 for winning)
|l|☆diddlerthediddled
|player|p1|
|l|☆hollow1991
|player|p2|
|j|☆hollow1991
|player|p2|hollow1991|liko|
|l|☆hollow1991
|player|p2|
