|j|☆ratosacudo123
|j|☆gui1912
|t:|1779589280
|gametype|singles
|player|p1|ratosacudo123|youngster-gen4dp|
|player|p2|gui1912|169|
|gen|9
|tier|[Gen 9] OU
|rule|HP Percentage Mod: HP is shown in percentages
|rule|Endless Battle Clause: Forcing endless battles is banned
|rule|Species Clause: Limit one of each Pokémon
|rule|OHKO Clause: OHKO moves are banned
|rule|Evasion Items Clause: Evasion items are banned
|rule|Evasion Moves Clause: Evasion moves are banned
|rule|Evasion Abilities Clause: Evasion abilities are banned
|rule|Sleep Moves Clause: Sleep-inducing moves are banned
|clearpoke
|poke|p1|Kingambit, F|
|poke|p1|Ursaluna, M|
|poke|p1|Dragapult, M|
|poke|p1|Manaphy|
|poke|p1|Glimmora, F|
|poke|p1|Zamazenta-*|
|poke|p2|Ogerpon-Wellspring, F|
|poke|p2|Moltres-Galar|
|poke|p2|Deoxys-Speed|
|poke|p2|Zamazenta-*|
|poke|p2|Iron Boulder|
|poke|p2|Darkrai|
|teampreview
|
|t:|1779589295
|teamsize|p1|6
|teamsize|p2|6
|start
|switch|p1a: Dragapult|Dragapult, M|100/100
|switch|p2a: Deoxys|Deoxys-Speed|100/100
|-ability|p2a: Deoxys|Pressure
|turn|1
|
|t:|1779589301
|move|p2a: Deoxys|Light Screen|p2a: Deoxys
|-sidestart|p2: gui1912|move: Light Screen
|move|p1a: Dragapult|Shadow Ball|p2a: Deoxys
|-supereffective|p2a: Deoxys
|-damage|p2a: Deoxys|0 fnt
|faint|p2a: Deoxys
|-damage|p1a: Dragapult|91/100|[from] item: Life Orb
|
|upkeep
|
|t:|1779589314
|switch|p2a: Ogerpon|Ogerpon-Wellspring, F|100/100
|turn|2
|c|☆ratosacudo123|Say wallahi Bro
|
|t:|1779589324
|-terastallize|p2a: Ogerpon|Water
|detailschange|p2a: Ogerpon|Ogerpon-Wellspring-Tera, F, tera:Water
|-ability|p2a: Ogerpon|Embody Aspect (Wellspring)|boost
|-boost|p2a: Ogerpon|spd|1
|move|p1a: Dragapult|Draco Meteor|p2a: Ogerpon
|-damage|p2a: Ogerpon|39/100
|-unboost|p1a: Dragapult|spa|2
|-damage|p1a: Dragapult|81/100|[from] item: Life Orb
|move|p2a: Ogerpon|Trailblaze|p1a: Dragapult
|-resisted|p1a: Dragapult
|-damage|p1a: Dragapult|59/100
|-boost|p2a: Ogerpon|spe|1
|
|upkeep
|turn|3
|
|t:|1779589335
|move|p2a: Ogerpon|Play Rough|p1a: Dragapult
|-supereffective|p1a: Dragapult
|-damage|p1a: Dragapult|0 fnt
|faint|p1a: Dragapult
|
|upkeep
|
|t:|1779589338
|switch|p1a: Glimmora|Glimmora, F|100/100
|turn|4
|
|t:|1779589344
|move|p2a: Ogerpon|Ivy Cudgel|p1a: Glimmora|[anim] Ivy Cudgel Water
|-supereffective|p1a: Glimmora
|-damage|p1a: Glimmora|0 fnt
|-activate|p1a: Glimmora|ability: Toxic Debris
|-sidestart|p2: gui1912|move: Toxic Spikes
|faint|p1a: Glimmora
|
|upkeep
|
|t:|1779589354
|switch|p1a: Kingambit|Kingambit, F|100/100
|-activate|p1a: Kingambit|ability: Supreme Overlord
|-start|p1a: Kingambit|fallen2|[silent]
|turn|5
|
|t:|1779589361
|move|p1a: Kingambit|Sucker Punch|p2a: Ogerpon
|-damage|p2a: Ogerpon|0 fnt
|faint|p2a: Ogerpon
|detailschange|p2: Ogerpon|Ogerpon-Wellspring, F|[silent]
|
|upkeep
|
|t:|1779589365
|switch|p2a: Zamazenta|Zamazenta|100/100
|-status|p2a: Zamazenta|psn
|-ability|p2a: Zamazenta|Dauntless Shield|boost
|-boost|p2a: Zamazenta|def|1
|turn|6
|
|t:|1779589372
|-terastallize|p1a: Kingambit|Fairy
|move|p2a: Zamazenta|Iron Defense|p2a: Zamazenta
|-boost|p2a: Zamazenta|def|2
|move|p1a: Kingambit|Swords Dance|p1a: Kingambit
|-boost|p1a: Kingambit|atk|2
|
|-damage|p2a: Zamazenta|88/100 psn|[from] psn
|upkeep
|turn|7
|
|t:|1779589377
|move|p2a: Zamazenta|Iron Defense|p2a: Zamazenta
|-boost|p2a: Zamazenta|def|2
|move|p1a: Kingambit|Swords Dance|p1a: Kingambit
|-boost|p1a: Kingambit|atk|2
|
|-heal|p2a: Zamazenta|94/100 psn|[from] item: Leftovers
|-damage|p2a: Zamazenta|82/100 psn|[from] psn
|upkeep
|turn|8
|
|t:|1779589382
|move|p1a: Kingambit|Swords Dance|p1a: Kingambit
|-boost|p1a: Kingambit|atk|2
|move|p2a: Zamazenta|Roar|p1a: Kingambit
|-end|p1a: Kingambit|fallen2|[silent]
|drag|p1a: Manaphy|Manaphy|100/100
|
|-heal|p2a: Zamazenta|88/100 psn|[from] item: Leftovers
|-damage|p2a: Zamazenta|76/100 psn|[from] psn
|-sideend|p2: gui1912|move: Light Screen
|upkeep
|turn|9
|
|t:|1779589391
|move|p2a: Zamazenta|Body Press|p1a: Manaphy
|-damage|p1a: Manaphy|0 fnt
|faint|p1a: Manaphy
|
|-heal|p2a: Zamazenta|82/100 psn|[from] item: Leftovers
|-damage|p2a: Zamazenta|70/100 psn|[from] psn
|upkeep
|c|☆gui1912|alz n sabe usar time
|
|t:|1779589398
|switch|p1a: Kingambit|Kingambit, F, tera:Fairy|100/100
|-activate|p1a: Kingambit|ability: Supreme Overlord
|-start|p1a: Kingambit|fallen3|[silent]
|turn|10
|
|t:|1779589406
|move|p2a: Zamazenta|Body Press|p1a: Kingambit
|-resisted|p1a: Kingambit
|-damage|p1a: Kingambit|52/100
|move|p1a: Kingambit|Iron Head|p2a: Zamazenta
|-damage|p2a: Zamazenta|56/100 psn
|
|-heal|p2a: Zamazenta|62/100 psn|[from] item: Leftovers
|-heal|p1a: Kingambit|58/100|[from] item: Leftovers
|-damage|p2a: Zamazenta|49/100 psn|[from] psn
|upkeep
|turn|11
|c|☆ratosacudo123|Não sabia q tinha roar..
|
|t:|1779589421
|-end|p1a: Kingambit|fallen3|[silent]
|switch|p1a: Zamazenta|Zamazenta|100/100
|-ability|p1a: Zamazenta|Dauntless Shield|boost
|-boost|p1a: Zamazenta|def|1
|move|p2a: Zamazenta|Body Press|p1a: Zamazenta
|-damage|p1a: Zamazenta|22/100
|
|-heal|p2a: Zamazenta|56/100 psn|[from] item: Leftovers
|-damage|p2a: Zamazenta|43/100 psn|[from] psn
|upkeep
|turn|12
|c|☆gui1912|kkkkkkkkkkkkkkkkkkkkkkkkkkkkkkkkkk
|
|t:|1779589430
|move|p2a: Zamazenta|Body Press|p1a: Zamazenta
|-damage|p1a: Zamazenta|0 fnt
|faint|p1a: Zamazenta
|
|-heal|p2a: Zamazenta|49/100 psn|[from] item: Leftovers
|-damage|p2a: Zamazenta|37/100 psn|[from] psn
|upkeep
|c|☆ratosacudo123|Ainda ganhou speed tie
|c|☆gui1912|alz só é burro msm
|
|t:|1779589441
|switch|p1a: Kingambit|Kingambit, F, tera:Fairy|58/100
|-activate|p1a: Kingambit|ability: Supreme Overlord
|-start|p1a: Kingambit|fallen4|[silent]
|turn|13
|c|☆gui1912|o seu é adamant na past gay
|c|☆gui1912|q tu tinha falado
|
|t:|1779589457
|move|p2a: Zamazenta|Body Press|p1a: Kingambit
|-resisted|p1a: Kingambit
|-damage|p1a: Kingambit|15/100
|move|p1a: Kingambit|Iron Head|p2a: Zamazenta
|-damage|p2a: Zamazenta|22/100 psn
|
|-heal|p2a: Zamazenta|28/100 psn|[from] item: Leftovers
|-heal|p1a: Kingambit|21/100|[from] item: Leftovers
|-damage|p2a: Zamazenta|16/100 psn|[from] psn
|upkeep
|turn|14
|c|☆ratosacudo123|KKKKKKKKKK tu ainda lembra fds
|
|t:|1779589467
|move|p1a: Kingambit|Sucker Punch|p2a: Zamazenta
|-resisted|p2a: Zamazenta
|-damage|p2a: Zamazenta|9/100 psn
|move|p2a: Zamazenta|Body Press|p1a: Kingambit
|-resisted|p1a: Kingambit
|-damage|p1a: Kingambit|0 fnt
|faint|p1a: Kingambit
|-end|p1a: Kingambit|fallen4|[silent]
|
|-heal|p2a: Zamazenta|16/100 psn|[from] item: Leftovers
|-damage|p2a: Zamazenta|3/100 psn|[from] psn
|upkeep
|
|t:|1779589469
|switch|p1a: Ursaluna|Ursaluna, M|100/100
|turn|15
|c|☆gui1912|eu nem lembrei na hr
|c|☆gui1912|só cliquei
|c|☆gui1912|mas dai lembrei agr
|
|t:|1779589479
|move|p2a: Zamazenta|Body Press|p1a: Ursaluna
|-supereffective|p1a: Ursaluna
|-damage|p1a: Ursaluna|0 fnt
|faint|p1a: Ursaluna
|
|win|gui1912
|c|☆gui1912|gg alz
|c|☆gui1912|KKKKKKKKKKKKKKKKK
