|j|☆clownscythe
|j|☆atrzika999
|t:|1779561723
|gametype|singles
|player|p1|clownscythe|riley|1063
|player|p2|atrzika999|102|1114
|gen|9
|tier|[Gen 9] OU
|rated|
|rule|HP Percentage Mod: HP is shown in percentages
|rule|Endless Battle Clause: Forcing endless battles is banned
|rule|Species Clause: Limit one of each Pokémon
|rule|OHKO Clause: OHKO moves are banned
|rule|Evasion Items Clause: Evasion items are banned
|rule|Evasion Moves Clause: Evasion moves are banned
|rule|Evasion Abilities Clause: Evasion abilities are banned
|rule|Sleep Moves Clause: Sleep-inducing moves are banned
|clearpoke
|poke|p1|Greedent, M|
|poke|p1|Snorlax, F|
|poke|p1|Masquerain, M|
|poke|p1|Gholdengo|
|poke|p1|Quaquaval, M|
|poke|p1|Arcanine-Hisui, F|
|poke|p2|Meowscarada, F|
|poke|p2|Gliscor, F|
|poke|p2|Deoxys-Speed|
|poke|p2|Azumarill, M|
|poke|p2|Primarina, F|
|poke|p2|Darkrai|
|teampreview
|inactive|Battle timer is ON: inactive players will automatically lose when time's up. (requested by clownscythe)
|
|t:|1779561730
|teamsize|p1|6
|teamsize|p2|6
|start
|switch|p1a: Masquerain|Masquerain, M|100/100
|switch|p2a: Darkrai|Darkrai|100/100
|-ability|p1a: Masquerain|Intimidate|boost
|-unboost|p2a: Darkrai|atk|1
|turn|1
|
|t:|1779561740
|move|p2a: Darkrai|Ice Beam|p1a: Masquerain
|-supereffective|p1a: Masquerain
|-enditem|p1a: Masquerain|Focus Sash
|-damage|p1a: Masquerain|1/100
|-damage|p2a: Darkrai|91/100|[from] item: Life Orb
|move|p1a: Masquerain|Sticky Web|p2a: Darkrai
|-sidestart|p2: atrzika999|move: Sticky Web
|
|upkeep
|turn|2
|
|t:|1779561750
|move|p2a: Darkrai|Ice Beam|p1a: Masquerain
|-supereffective|p1a: Masquerain
|-damage|p1a: Masquerain|0 fnt
|faint|p1a: Masquerain
|-damage|p2a: Darkrai|81/100|[from] item: Life Orb
|
|upkeep
|
|t:|1779561773
|switch|p1a: Quaquaval|Quaquaval, M|100/100
|turn|3
|
|t:|1779561780
|move|p2a: Darkrai|Nasty Plot|p2a: Darkrai
|-boost|p2a: Darkrai|spa|2
|move|p1a: Quaquaval|Aqua Step|p2a: Darkrai
|-damage|p2a: Darkrai|21/100
|-boost|p1a: Quaquaval|spe|1
|
|upkeep
|turn|4
|
|t:|1779561789
|move|p1a: Quaquaval|Aqua Step|p2a: Darkrai
|-damage|p2a: Darkrai|0 fnt
|-boost|p1a: Quaquaval|spe|1
|faint|p2a: Darkrai
|-ability|p1a: Quaquaval|Moxie|boost
|-boost|p1a: Quaquaval|atk|1
|
|upkeep
|
|t:|1779561793
|switch|p2a: Meowscarada|Meowscarada, F|100/100
|turn|5
|
|t:|1779561802
|move|p1a: Quaquaval|Ice Spinner|p2a: Meowscarada
|-supereffective|p2a: Meowscarada
|-damage|p2a: Meowscarada|0 fnt
|faint|p2a: Meowscarada
|-ability|p1a: Quaquaval|Moxie|boost
|-boost|p1a: Quaquaval|atk|1
|
|upkeep
|
|t:|1779561813
|switch|p2a: Deoxys|Deoxys-Speed|100/100
|-activate|p2a: Deoxys|move: Sticky Web
|-unboost|p2a: Deoxys|spe|1
|-ability|p2a: Deoxys|Pressure
|-enditem|p2a: Deoxys|Eject Pack
|
|t:|1779561823
|switch|p2a: Azumarill|Azumarill, M, shiny|100/100
|-activate|p2a: Azumarill|move: Sticky Web
|-unboost|p2a: Azumarill|spe|1
|turn|6
|
|t:|1779561831
|-terastallize|p2a: Azumarill|Fire
|move|p1a: Quaquaval|Aqua Step|p2a: Azumarill
|-supereffective|p2a: Azumarill
|-damage|p2a: Azumarill|0 fnt
|-boost|p1a: Quaquaval|spe|1
|faint|p2a: Azumarill
|-ability|p1a: Quaquaval|Moxie|boost
|-boost|p1a: Quaquaval|atk|1
|
|upkeep
|
|t:|1779561838
|switch|p2a: Deoxys|Deoxys-Speed|100/100
|-activate|p2a: Deoxys|move: Sticky Web
|-unboost|p2a: Deoxys|spe|1
|-ability|p2a: Deoxys|Pressure
|turn|7
|
|t:|1779561846
|move|p1a: Quaquaval|Aqua Step|p2a: Deoxys
|-damage|p2a: Deoxys|0 fnt
|-boost|p1a: Quaquaval|spe|1
|faint|p2a: Deoxys
|-ability|p1a: Quaquaval|Moxie|boost
|-boost|p1a: Quaquaval|atk|1
|
|upkeep
|
|t:|1779561854
|switch|p2a: Primarina|Primarina, F|100/100
|-activate|p2a: Primarina|move: Sticky Web
|-unboost|p2a: Primarina|spe|1
|turn|8
|
|t:|1779561859
|move|p1a: Quaquaval|Aqua Step|p2a: Primarina
|-resisted|p2a: Primarina
|-damage|p2a: Primarina|28/100
|-boost|p1a: Quaquaval|spe|1
|move|p2a: Primarina|Psychic Noise|p1a: Quaquaval
|-supereffective|p1a: Quaquaval
|-damage|p1a: Quaquaval|22/100
|-start|p1a: Quaquaval|move: Heal Block
|
|upkeep
|turn|9
|
|t:|1779561871
|move|p1a: Quaquaval|Aqua Step|p2a: Primarina
|-resisted|p2a: Primarina
|-damage|p2a: Primarina|0 fnt
|-boost|p1a: Quaquaval|spe|1
|faint|p2a: Primarina
|-ability|p1a: Quaquaval|Moxie|boost
|-boost|p1a: Quaquaval|atk|1
|
|-end|p1a: Quaquaval|move: Heal Block
|upkeep
|
|t:|1779561874
|switch|p2a: Gliscor|Gliscor, F|100/100
|turn|10
|
|t:|1779561886
|move|p1a: Quaquaval|Ice Spinner|p2a: Gliscor
|-supereffective|p2a: Gliscor
|-damage|p2a: Gliscor|0 fnt
|faint|p2a: Gliscor
|
|win|clownscythe
|raw|clownscythe's rating: 1063 &rarr; <strong>1098</strong><br />(+35 for winning)
|raw|atrzika999's rating: 1114 &rarr; <strong>1085</strong><br />(-29 for losing)
|l|☆atrzika999
|player|p2|
