|j|☆Davy12345
|j|‽Abigcamel
|t:|1779701499
|gametype|singles
|player|p1|Davy12345|drayden|1501
|player|p2|Abigcamel|morty|1542
|gen|9
|tier|[Gen 9] OU
|rated|
|rule|HP Percentage Mod: HP is shown in percentages
|rule|Endless Battle Clause: Forcing endless battles is banned
|rule|Species Clause: Limit one of each Pokémon
|rule|OHKO Clause: OHKO moves are banned
|rule|Evasion Items Clause: Evasion items are banned
|rule|Evasion Moves Clause: Evasion moves are banned
|rule|Evasion Abilities Clause: Evasion abilities are banned
|rule|Sleep Moves Clause: Sleep-inducing moves are banned
|clearpoke
|poke|p1|Ogerpon-Wellspring, F|
|poke|p1|Gholdengo|
|poke|p1|Raging Bolt|
|poke|p1|Kingambit, F|
|poke|p1|Zamazenta-*|
|poke|p1|Deoxys-Speed|
|poke|p2|Braviary-Hisui, M|
|poke|p2|Zamazenta-*|
|poke|p2|Raging Bolt|
|poke|p2|Hatterene, F|
|poke|p2|Gholdengo|
|poke|p2|Darkrai|
|teampreview
|inactive|Battle timer is ON: inactive players will automatically lose when time's up. (requested by Abigcamel)
|inactive|Davy12345 also wants the timer to be on.
|
|t:|1779701509
|teamsize|p1|6
|teamsize|p2|6
|start
|switch|p1a: Deoxys|Deoxys-Speed|100/100
|switch|p2a: Darkrai|Darkrai|100/100
|-ability|p1a: Deoxys|Pressure
|turn|1
|
|t:|1779701516
|switch|p1a: Kingambit|Kingambit, F|100/100
|move|p2a: Darkrai|Dark Pulse|p1a: Kingambit
|-resisted|p1a: Kingambit
|-damage|p1a: Kingambit|81/100
|
|upkeep
|turn|2
|
|t:|1779701528
|switch|p2a: Zamazenta|Zamazenta|100/100
|-ability|p2a: Zamazenta|Dauntless Shield|boost
|-boost|p2a: Zamazenta|def|1
|-end|p1a: Kingambit|fallenundefined|[silent]
|switch|p1a: Deoxys|Deoxys-Speed|100/100
|-ability|p1a: Deoxys|Pressure
|
|upkeep
|turn|3
|
|t:|1779701533
|move|p1a: Deoxys|Taunt|p2a: Zamazenta
|-start|p2a: Zamazenta|move: Taunt
|cant|p2a: Zamazenta|move: Taunt|Light Screen
|
|upkeep
|turn|4
|
|t:|1779701541
|switch|p2a: Hatterene|Hatterene, F|100/100
|move|p1a: Deoxys|Stealth Rock|p2a: Hatterene
|move|p2a: Hatterene|Stealth Rock|p1a: Deoxys|[from] ability: Magic Bounce
|-sidestart|p1: Davy12345|move: Stealth Rock
|
|upkeep
|turn|5
|
|t:|1779701549
|move|p1a: Deoxys|Stealth Rock|p2a: Hatterene
|move|p2a: Hatterene|Stealth Rock||[from] ability: Magic Bounce|[still]
|-fail|p2a: Hatterene
|move|p2a: Hatterene|Draining Kiss|p1a: Deoxys
|-damage|p1a: Deoxys|73/100
|
|upkeep
|turn|6
|
|t:|1779701553
|switch|p1a: Kingambit|Kingambit, F|81/100
|-damage|p1a: Kingambit|75/100|[from] Stealth Rock
|move|p2a: Hatterene|Nuzzle|p1a: Kingambit
|-damage|p1a: Kingambit|72/100
|-status|p1a: Kingambit|par
|
|upkeep
|turn|7
|
|t:|1779701558
|switch|p2a: Zamazenta|Zamazenta|100/100
|move|p1a: Kingambit|Iron Head|p2a: Zamazenta
|-damage|p2a: Zamazenta|66/100
|
|upkeep
|turn|8
|
|t:|1779701564
|-end|p1a: Kingambit|fallenundefined|[silent]
|switch|p1a: Deoxys|Deoxys-Speed|73/100
|-damage|p1a: Deoxys|61/100|[from] Stealth Rock
|-ability|p1a: Deoxys|Pressure
|move|p2a: Zamazenta|Reflect|p2a: Zamazenta
|-sidestart|p2: Abigcamel|Reflect
|
|upkeep
|turn|9
|
|t:|1779701568
|switch|p2a: Hatterene|Hatterene, F|100/100
|move|p1a: Deoxys|Stealth Rock|p2a: Hatterene
|move|p2a: Hatterene|Stealth Rock||[from] ability: Magic Bounce|[still]
|-fail|p2a: Hatterene
|
|upkeep
|turn|10
|
|t:|1779701573
|switch|p1a: Gholdengo|Gholdengo|100/100
|-damage|p1a: Gholdengo|94/100|[from] Stealth Rock
|move|p2a: Hatterene|Draining Kiss|p1a: Gholdengo
|-resisted|p1a: Gholdengo
|-damage|p1a: Gholdengo|82/100
|
|-heal|p1a: Gholdengo|88/100|[from] item: Leftovers
|upkeep
|turn|11
|
|t:|1779701581
|switch|p2a: Darkrai|Darkrai|100/100
|move|p1a: Gholdengo|Make It Rain|p2a: Darkrai
|-damage|p2a: Darkrai|14/100
|-unboost|p1a: Gholdengo|spa|1
|
|-heal|p2a: Darkrai|20/100|[from] item: Leftovers
|-heal|p1a: Gholdengo|94/100|[from] item: Leftovers
|upkeep
|turn|12
|
|t:|1779701588
|switch|p2a: Zamazenta|Zamazenta|66/100
|switch|p1a: Deoxys|Deoxys-Speed|61/100
|-damage|p1a: Deoxys|48/100|[from] Stealth Rock
|-ability|p1a: Deoxys|Pressure
|
|upkeep
|turn|13
|
|t:|1779701593
|move|p1a: Deoxys|Stealth Rock|p2a: Zamazenta
|-sidestart|p2: Abigcamel|move: Stealth Rock
|move|p2a: Zamazenta|Close Combat|p1a: Deoxys
|-resisted|p1a: Deoxys
|-damage|p1a: Deoxys|17/100
|-unboost|p2a: Zamazenta|def|1
|-unboost|p2a: Zamazenta|spd|1
|
|upkeep
|turn|14
|
|t:|1779701597
|move|p1a: Deoxys|Spikes|p2a: Zamazenta
|-sidestart|p2: Abigcamel|Spikes
|move|p2a: Zamazenta|Close Combat|p1a: Deoxys
|-resisted|p1a: Deoxys
|-damage|p1a: Deoxys|0 fnt
|-unboost|p2a: Zamazenta|def|1
|-unboost|p2a: Zamazenta|spd|1
|faint|p1a: Deoxys
|
|upkeep
|
|t:|1779701605
|switch|p1a: Raging Bolt|Raging Bolt|100/100
|-damage|p1a: Raging Bolt|88/100|[from] Stealth Rock
|-enditem|p1a: Raging Bolt|Booster Energy
|-activate|p1a: Raging Bolt|ability: Protosynthesis|[fromitem]
|-start|p1a: Raging Bolt|protosynthesisspa
|turn|15
|
|t:|1779701611
|-terastallize|p1a: Raging Bolt|Bug
|move|p2a: Zamazenta|Light Screen|p2a: Zamazenta
|-sidestart|p2: Abigcamel|move: Light Screen
|move|p1a: Raging Bolt|Calm Mind|p1a: Raging Bolt
|-boost|p1a: Raging Bolt|spa|1
|-boost|p1a: Raging Bolt|spd|1
|
|-sideend|p2: Abigcamel|Reflect
|upkeep
|turn|16
|
|t:|1779701616
|move|p1a: Raging Bolt|Calm Mind|p1a: Raging Bolt
|-boost|p1a: Raging Bolt|spa|1
|-boost|p1a: Raging Bolt|spd|1
|move|p2a: Zamazenta|Roar|p1a: Raging Bolt
|-end|p1a: Raging Bolt|Protosynthesis|[silent]
|drag|p1a: Ogerpon|Ogerpon-Wellspring, F|100/100
|-damage|p1a: Ogerpon|88/100|[from] Stealth Rock
|
|upkeep
|turn|17
|
|t:|1779701624
|move|p2a: Zamazenta|Reflect|p2a: Zamazenta
|-sidestart|p2: Abigcamel|Reflect
|move|p1a: Ogerpon|Trailblaze|p2a: Zamazenta
|-damage|p2a: Zamazenta|42/100
|-boost|p1a: Ogerpon|spe|1
|
|upkeep
|turn|18
|
|t:|1779701628
|move|p1a: Ogerpon|Ivy Cudgel|p2a: Zamazenta|[anim] Ivy Cudgel Water
|-damage|p2a: Zamazenta|0 fnt
|faint|p2a: Zamazenta
|
|upkeep
|
|t:|1779701639
|switch|p2a: Raging Bolt|Raging Bolt|100/100
|-damage|p2a: Raging Bolt|88/100|[from] Stealth Rock
|-damage|p2a: Raging Bolt|76/100|[from] Spikes
|-enditem|p2a: Raging Bolt|Booster Energy
|-activate|p2a: Raging Bolt|ability: Protosynthesis|[fromitem]
|-start|p2a: Raging Bolt|protosynthesisspa
|turn|19
|
|t:|1779701647
|move|p1a: Ogerpon|Play Rough|p2a: Raging Bolt
|-supereffective|p2a: Raging Bolt
|-damage|p2a: Raging Bolt|41/100
|move|p2a: Raging Bolt|Thunderbolt|p1a: Ogerpon
|-damage|p1a: Ogerpon|11/100
|
|upkeep
|turn|20
|
|t:|1779701659
|move|p1a: Ogerpon|Swords Dance|p1a: Ogerpon
|-boost|p1a: Ogerpon|atk|2
|move|p2a: Raging Bolt|Dragon Pulse|p1a: Ogerpon
|-damage|p1a: Ogerpon|0 fnt
|faint|p1a: Ogerpon
|
|upkeep
|
|t:|1779701668
|switch|p1a: Raging Bolt|Raging Bolt, tera:Bug|88/100
|-damage|p1a: Raging Bolt|63/100|[from] Stealth Rock
|turn|21
|
|t:|1779701671
|move|p2a: Raging Bolt|Thunderbolt|p1a: Raging Bolt
|-damage|p1a: Raging Bolt|3/100
|move|p1a: Raging Bolt|Dragon Pulse|p2a: Raging Bolt
|-supereffective|p2a: Raging Bolt
|-damage|p2a: Raging Bolt|0 fnt
|faint|p2a: Raging Bolt
|-end|p2a: Raging Bolt|Protosynthesis|[silent]
|
|upkeep
|
|t:|1779701685
|switch|p2a: Braviary|Braviary-Hisui, M, shiny|100/100
|-damage|p2a: Braviary|76/100|[from] Stealth Rock
|turn|22
|
|t:|1779701690
|move|p1a: Raging Bolt|Thunderclap|p2a: Braviary
|-supereffective|p2a: Braviary
|-damage|p2a: Braviary|32/100
|move|p2a: Braviary|Vacuum Wave|p1a: Raging Bolt
|-resisted|p1a: Raging Bolt
|-damage|p1a: Raging Bolt|0 fnt
|faint|p1a: Raging Bolt
|-end|p1a: Raging Bolt|Protosynthesis|[silent]
|
|-sideend|p2: Abigcamel|move: Light Screen
|upkeep
|
|t:|1779701700
|switch|p1a: Gholdengo|Gholdengo|94/100
|-damage|p1a: Gholdengo|88/100|[from] Stealth Rock
|turn|23
|
|t:|1779701710
|move|p1a: Gholdengo|Shadow Ball|p2a: Braviary
|-supereffective|p2a: Braviary
|-damage|p2a: Braviary|0 fnt
|faint|p2a: Braviary
|
|-heal|p1a: Gholdengo|94/100|[from] item: Leftovers
|upkeep
|
|t:|1779701714
|switch|p2a: Gholdengo|Gholdengo|100/100
|-damage|p2a: Gholdengo|94/100|[from] Stealth Rock
|-damage|p2a: Gholdengo|82/100|[from] Spikes
|turn|24
|
|t:|1779701722
|switch|p1a: Kingambit|Kingambit, F|72/100 par
|-damage|p1a: Kingambit|66/100 par|[from] Stealth Rock
|-activate|p1a: Kingambit|ability: Supreme Overlord
|-start|p1a: Kingambit|fallen3|[silent]
|move|p2a: Gholdengo|Recover|p2a: Gholdengo
|-heal|p2a: Gholdengo|100/100
|
|-sideend|p2: Abigcamel|Reflect
|upkeep
|turn|25
|
|t:|1779701732
|-terastallize|p2a: Gholdengo|Steel
|move|p2a: Gholdengo|Nasty Plot|p2a: Gholdengo
|-boost|p2a: Gholdengo|spa|2
|move|p1a: Kingambit|Kowtow Cleave|p2a: Gholdengo
|-damage|p2a: Gholdengo|6/100
|
|upkeep
|turn|26
|
|t:|1779701737
|move|p2a: Gholdengo|Recover|p2a: Gholdengo
|-heal|p2a: Gholdengo|56/100
|move|p1a: Kingambit|Kowtow Cleave|p2a: Gholdengo
|-damage|p2a: Gholdengo|0 fnt
|faint|p2a: Gholdengo
|
|upkeep
|
|t:|1779701741
|switch|p2a: Hatterene|Hatterene, F|100/100
|-damage|p2a: Hatterene|88/100|[from] Stealth Rock
|-damage|p2a: Hatterene|76/100|[from] Spikes
|turn|27
|
|t:|1779701744
|move|p2a: Hatterene|Draining Kiss|p1a: Kingambit
|-damage|p1a: Kingambit|42/100 par
|-heal|p2a: Hatterene|98/100|[from] drain|[of] p1a: Kingambit
|move|p1a: Kingambit|Iron Head|p2a: Hatterene
|-supereffective|p2a: Hatterene
|-damage|p2a: Hatterene|0 fnt
|faint|p2a: Hatterene
|
|upkeep
|
|t:|1779701747
|switch|p2a: Darkrai|Darkrai|20/100
|-damage|p2a: Darkrai|8/100|[from] Stealth Rock
|-damage|p2a: Darkrai|0 fnt|[from] Spikes
|faint|p2a: Darkrai
|
|win|Davy12345
|raw|Davy12345's rating: 1501 &rarr; <strong>1523</strong><br />(+22 for winning)
|raw|Abigcamel's rating: 1542 &rarr; <strong>1520</strong><br />(-22 for losing)
|l|‽Abigcamel
|player|p2|
|l|☆Davy12345
|player|p1|
