|j|☆Psypedro
|j|☆bvcnmkor85471
|t:|1779718258
|gametype|singles
|player|p1|Psypedro|dragontamer|1192
|player|p2|bvcnmkor85471|policeman-gen4|1203
|gen|9
|tier|[Gen 9] OU
|rated|
|rule|HP Percentage Mod: HP is shown in percentages
|rule|Endless Battle Clause: Forcing endless battles is banned
|rule|Species Clause: Limit one of each Pokémon
|rule|OHKO Clause: OHKO moves are banned
|rule|Evasion Items Clause: Evasion items are banned
|rule|Evasion Moves Clause: Evasion moves are banned
|rule|Evasion Abilities Clause: Evasion abilities are banned
|rule|Sleep Moves Clause: Sleep-inducing moves are banned
|clearpoke
|poke|p1|Grimmsnarl, M|
|poke|p1|Glimmora, F|
|poke|p1|Dragonite, M|
|poke|p1|Iron Moth|
|poke|p1|Iron Valiant|
|poke|p1|Kingambit, F|
|poke|p2|Tyranitar, F|
|poke|p2|Houndstone, M|
|poke|p2|Tsareena, F|
|poke|p2|Sandslash, F|
|poke|p2|Tornadus-Therian, M|
|poke|p2|Rotom-Wash|
|teampreview
|
|t:|1779718266
|teamsize|p1|6
|teamsize|p2|6
|start
|switch|p1a: Grimmsnarl|Grimmsnarl, M|100/100
|switch|p2a: Tyranitar|Tyranitar, F|100/100
|-weather|Sandstorm|[from] ability: Sand Stream|[of] p2a: Tyranitar
|turn|1
|
|t:|1779718275
|move|p1a: Grimmsnarl|Reflect|p1a: Grimmsnarl
|-sidestart|p1: Psypedro|Reflect
|move|p2a: Tyranitar|Knock Off|p1a: Grimmsnarl
|-resisted|p1a: Grimmsnarl
|-damage|p1a: Grimmsnarl|94/100
|-enditem|p1a: Grimmsnarl|Light Clay|[from] move: Knock Off|[of] p2a: Tyranitar
|
|-weather|Sandstorm|[upkeep]
|-damage|p1a: Grimmsnarl|88/100|[from] Sandstorm
|upkeep
|turn|2
|
|t:|1779718285
|move|p1a: Grimmsnarl|Light Screen|p1a: Grimmsnarl
|-sidestart|p1: Psypedro|move: Light Screen
|move|p2a: Tyranitar|Stealth Rock|p1a: Grimmsnarl
|-sidestart|p1: Psypedro|move: Stealth Rock
|
|-weather|Sandstorm|[upkeep]
|-damage|p1a: Grimmsnarl|82/100|[from] Sandstorm
|upkeep
|turn|3
|
|t:|1779718303
|switch|p2a: Tornadus|Tornadus-Therian, M, shiny|100/100
|move|p1a: Grimmsnarl|Parting Shot|p2a: Tornadus
|-unboost|p2a: Tornadus|atk|1
|-unboost|p2a: Tornadus|spa|1
|
|t:|1779718312
|switch|p1a: Glimmora|Glimmora, F|100/100|[from] Parting Shot
|-damage|p1a: Glimmora|88/100|[from] Stealth Rock
|
|-weather|Sandstorm|[upkeep]
|-damage|p2a: Tornadus|94/100|[from] Sandstorm
|upkeep
|turn|4
|
|t:|1779718322
|switch|p2a: Tyranitar|Tyranitar, F|100/100
|move|p1a: Glimmora|Mortal Spin|p2a: Tyranitar
|-resisted|p2a: Tyranitar
|-damage|p2a: Tyranitar|99/100
|-status|p2a: Tyranitar|psn
|-sideend|p1: Psypedro|Stealth Rock|[from] move: Mortal Spin|[of] p1a: Glimmora
|
|-weather|Sandstorm|[upkeep]
|-damage|p2a: Tyranitar|86/100 psn|[from] psn
|upkeep
|turn|5
|
|t:|1779718332
|move|p1a: Glimmora|Earth Power|p2a: Tyranitar
|-supereffective|p2a: Tyranitar
|-damage|p2a: Tyranitar|58/100 psn
|move|p2a: Tyranitar|Thunder Wave|p1a: Glimmora
|-status|p1a: Glimmora|par
|
|-weather|Sandstorm|[upkeep]
|-damage|p2a: Tyranitar|46/100 psn|[from] psn
|upkeep
|turn|6
|
|t:|1779718342
|switch|p2a: Rotom|Rotom-Wash|100/100
|move|p1a: Glimmora|Earth Power|p2a: Rotom
|-immune|p2a: Rotom|[from] ability: Levitate
|
|-weather|Sandstorm|[upkeep]
|-damage|p2a: Rotom|95/100|[from] Sandstorm
|-heal|p2a: Rotom|100/100|[from] item: Leftovers
|-sideend|p1: Psypedro|move: Light Screen
|upkeep
|turn|7
|
|t:|1779718351
|move|p2a: Rotom|Hydro Pump|p1a: Glimmora
|-supereffective|p1a: Glimmora
|-damage|p1a: Glimmora|0 fnt
|faint|p1a: Glimmora
|
|-weather|Sandstorm|[upkeep]
|-damage|p2a: Rotom|95/100|[from] Sandstorm
|-heal|p2a: Rotom|100/100|[from] item: Leftovers
|upkeep
|
|t:|1779718376
|switch|p1a: Iron Moth|Iron Moth|100/100
|-enditem|p1a: Iron Moth|Booster Energy
|-activate|p1a: Iron Moth|ability: Quark Drive|[fromitem]
|-start|p1a: Iron Moth|quarkdrivespe
|turn|8
|
|t:|1779718388
|-terastallize|p1a: Iron Moth|Grass
|move|p1a: Iron Moth|Energy Ball|p2a: Rotom
|-supereffective|p2a: Rotom
|-damage|p2a: Rotom|7/100
|-unboost|p2a: Rotom|spd|1
|move|p2a: Rotom|Hydro Pump|p1a: Iron Moth
|-resisted|p1a: Iron Moth
|-damage|p1a: Iron Moth|70/100
|
|-weather|none
|-heal|p2a: Rotom|13/100|[from] item: Leftovers
|-sideend|p1: Psypedro|Reflect
|upkeep
|turn|9
|
|t:|1779718408
|switch|p2a: Tornadus|Tornadus-Therian, M, shiny|100/100
|move|p1a: Iron Moth|Fiery Dance|p2a: Tornadus
|-damage|p2a: Tornadus|68/100
|-boost|p1a: Iron Moth|spa|1
|
|upkeep
|turn|10
|
|t:|1779718418
|switch|p2a: Tyranitar|Tyranitar, F|46/100 psn
|-weather|Sandstorm|[from] ability: Sand Stream|[of] p2a: Tyranitar
|move|p1a: Iron Moth|Sludge Wave|p2a: Tyranitar
|-resisted|p2a: Tyranitar
|-damage|p2a: Tyranitar|32/100 psn
|
|-weather|Sandstorm|[upkeep]
|-damage|p1a: Iron Moth|64/100|[from] Sandstorm
|-damage|p2a: Tyranitar|20/100 psn|[from] psn
|upkeep
|turn|11
|
|t:|1779718443
|switch|p2a: Rotom|Rotom-Wash|13/100
|move|p1a: Iron Moth|Energy Ball|p2a: Rotom
|-supereffective|p2a: Rotom
|-damage|p2a: Rotom|0 fnt
|faint|p2a: Rotom
|
|-weather|Sandstorm|[upkeep]
|-damage|p1a: Iron Moth|58/100|[from] Sandstorm
|upkeep
|
|t:|1779718470
|switch|p2a: Houndstone|Houndstone, M, shiny|100/100
|turn|12
|
|t:|1779718478
|-terastallize|p2a: Houndstone|Ghost
|move|p2a: Houndstone|Shadow Sneak|p1a: Iron Moth
|-damage|p1a: Iron Moth|4/100
|move|p1a: Iron Moth|Fiery Dance|p2a: Houndstone
|-damage|p2a: Houndstone|27/100
|
|-weather|Sandstorm|[upkeep]
|-damage|p1a: Iron Moth|0 fnt|[from] Sandstorm
|faint|p1a: Iron Moth
|-end|p1a: Iron Moth|Quark Drive|[silent]
|upkeep
|
|t:|1779718491
|switch|p1a: Grimmsnarl|Grimmsnarl, M|82/100
|turn|13
|
|t:|1779718508
|switch|p2a: Tsareena|Tsareena, F|100/100
|move|p1a: Grimmsnarl|Reflect|p1a: Grimmsnarl
|-sidestart|p1: Psypedro|Reflect
|
|-weather|Sandstorm|[upkeep]
|-damage|p2a: Tsareena|94/100|[from] Sandstorm
|-damage|p1a: Grimmsnarl|76/100|[from] Sandstorm
|-heal|p2a: Tsareena|100/100|[from] item: Leftovers
|upkeep
|turn|14
|
|t:|1779718516
|move|p1a: Grimmsnarl|Light Screen|p1a: Grimmsnarl
|-sidestart|p1: Psypedro|move: Light Screen
|move|p2a: Tsareena|Rapid Spin|p1a: Grimmsnarl
|-damage|p1a: Grimmsnarl|65/100
|-boost|p2a: Tsareena|spe|1
|
|-weather|Sandstorm|[upkeep]
|-damage|p2a: Tsareena|94/100|[from] Sandstorm
|-damage|p1a: Grimmsnarl|59/100|[from] Sandstorm
|-heal|p2a: Tsareena|100/100|[from] item: Leftovers
|upkeep
|turn|15
|
|t:|1779718525
|move|p1a: Grimmsnarl|Parting Shot||[still]
|cant|p2a: Tsareena|ability: Queenly Majesty|Parting Shot|[of] p1a: Grimmsnarl
|move|p2a: Tsareena|Rapid Spin|p1a: Grimmsnarl
|-damage|p1a: Grimmsnarl|49/100
|-boost|p2a: Tsareena|spe|1
|
|-weather|Sandstorm|[upkeep]
|-damage|p2a: Tsareena|94/100|[from] Sandstorm
|-damage|p1a: Grimmsnarl|43/100|[from] Sandstorm
|-heal|p2a: Tsareena|100/100|[from] item: Leftovers
|upkeep
|turn|16
|
|t:|1779718543
|switch|p1a: Dragonite|Dragonite, M|100/100
|move|p2a: Tsareena|Rapid Spin|p1a: Dragonite
|-damage|p1a: Dragonite|95/100
|-boost|p2a: Tsareena|spe|1
|
|-weather|Sandstorm|[upkeep]
|-damage|p2a: Tsareena|94/100|[from] Sandstorm
|-damage|p1a: Dragonite|89/100|[from] Sandstorm
|-heal|p2a: Tsareena|100/100|[from] item: Leftovers
|upkeep
|turn|17
|
|t:|1779718553
|move|p2a: Tsareena|U-turn|p1a: Dragonite
|-resisted|p1a: Dragonite
|-damage|p1a: Dragonite|83/100
|
|t:|1779718573
|switch|p2a: Tornadus|Tornadus-Therian, M, shiny|100/100|[from] U-turn
|move|p1a: Dragonite|Ice Spinner|p2a: Tornadus
|-supereffective|p2a: Tornadus
|-damage|p2a: Tornadus|8/100
|
|-weather|none
|-sideend|p1: Psypedro|Reflect
|upkeep
|turn|18
|
|t:|1779718584
|move|p1a: Dragonite|Extreme Speed|p2a: Tornadus
|-crit|p2a: Tornadus
|-damage|p2a: Tornadus|0 fnt
|faint|p2a: Tornadus
|
|-sideend|p1: Psypedro|move: Light Screen
|upkeep
|
|t:|1779718587
|switch|p2a: Tyranitar|Tyranitar, F|20/100 psn
|-weather|Sandstorm|[from] ability: Sand Stream|[of] p2a: Tyranitar
|turn|19
|
|t:|1779718600
|move|p1a: Dragonite|Earthquake|p2a: Tyranitar
|-supereffective|p2a: Tyranitar
|-damage|p2a: Tyranitar|0 fnt
|faint|p2a: Tyranitar
|
|-weather|Sandstorm|[upkeep]
|-damage|p1a: Dragonite|76/100|[from] Sandstorm
|upkeep
|
|t:|1779718604
|switch|p2a: Houndstone|Houndstone, M, shiny, tera:Ghost|27/100
|turn|20
|
|t:|1779718616
|move|p2a: Houndstone|Play Rough|p1a: Dragonite
|-supereffective|p1a: Dragonite
|-damage|p1a: Dragonite|0 fnt
|faint|p1a: Dragonite
|
|-weather|Sandstorm|[upkeep]
|upkeep
|
|t:|1779718623
|switch|p1a: Iron Valiant|Iron Valiant|100/100
|-enditem|p1a: Iron Valiant|Booster Energy
|-activate|p1a: Iron Valiant|ability: Quark Drive|[fromitem]
|-start|p1a: Iron Valiant|quarkdrivespe
|turn|21
|
|t:|1779718635
|switch|p2a: Sandslash|Sandslash, F, shiny|100/100
|move|p1a: Iron Valiant|Shadow Ball|p2a: Sandslash
|-damage|p2a: Sandslash|47/100
|
|-weather|Sandstorm|[upkeep]
|-damage|p1a: Iron Valiant|94/100|[from] Sandstorm
|upkeep
|turn|22
|
|t:|1779718644
|move|p1a: Iron Valiant|Moonblast|p2a: Sandslash
|-damage|p2a: Sandslash|0 fnt
|faint|p2a: Sandslash
|
|-weather|Sandstorm|[upkeep]
|-damage|p1a: Iron Valiant|88/100|[from] Sandstorm
|upkeep
|
|t:|1779718669
|switch|p2a: Tsareena|Tsareena, F|100/100
|turn|23
|
|t:|1779718677
|move|p1a: Iron Valiant|Moonblast|p2a: Tsareena
|-damage|p2a: Tsareena|51/100
|move|p2a: Tsareena|Power Whip|p1a: Iron Valiant
|-damage|p1a: Iron Valiant|2/100
|
|-weather|Sandstorm|[upkeep]
|-damage|p1a: Iron Valiant|0 fnt|[from] Sandstorm
|-damage|p2a: Tsareena|45/100|[from] Sandstorm
|faint|p1a: Iron Valiant
|-end|p1a: Iron Valiant|Quark Drive|[silent]
|-heal|p2a: Tsareena|51/100|[from] item: Leftovers
|upkeep
|
|t:|1779718687
|switch|p1a: Kingambit|Kingambit, F|100/100
|-activate|p1a: Kingambit|ability: Supreme Overlord
|-start|p1a: Kingambit|fallen4|[silent]
|turn|24
|
|t:|1779718692
|move|p1a: Kingambit|Sucker Punch||[still]
|cant|p2a: Tsareena|ability: Queenly Majesty|Sucker Punch|[of] p1a: Kingambit
|move|p2a: Tsareena|Low Kick|p1a: Kingambit
|-supereffective|p1a: Kingambit
|-damage|p1a: Kingambit|0 fnt
|faint|p1a: Kingambit
|-end|p1a: Kingambit|fallen4|[silent]
|
|-weather|Sandstorm|[upkeep]
|-damage|p2a: Tsareena|45/100|[from] Sandstorm
|-heal|p2a: Tsareena|51/100|[from] item: Leftovers
|upkeep
|
|t:|1779718701
|switch|p1a: Grimmsnarl|Grimmsnarl, M|43/100
|turn|25
|
|t:|1779718706
|move|p1a: Grimmsnarl|Taunt||[still]
|cant|p2a: Tsareena|ability: Queenly Majesty|Taunt|[of] p1a: Grimmsnarl
|move|p2a: Tsareena|Low Kick|p1a: Grimmsnarl
|-damage|p1a: Grimmsnarl|5/100
|
|-weather|Sandstorm|[upkeep]
|-damage|p2a: Tsareena|45/100|[from] Sandstorm
|-damage|p1a: Grimmsnarl|0 fnt|[from] Sandstorm
|faint|p1a: Grimmsnarl
|
|win|bvcnmkor85471
|raw|Psypedro's rating: 1192 &rarr; <strong>1168</strong><br />(-24 for losing)
|raw|bvcnmkor85471's rating: 1203 &rarr; <strong>1227</strong><br />(+24 for winning)
|l|☆Psypedro
|player|p1|
|l|☆bvcnmkor85471
|player|p2|
