|badge|p2|bronze|gen9randombattle|100-9
|uhtml|medal-msg|<div class="broadcast-blue">Curious what those medals under the avatar are? PS now has Ladder Seasons! For more information, check out the <a href="https://www.smogon.com/forums/threads/3740067/">thread on Smogon.</a></div>
|j|☆hey you're
|j|☆Gloriousplays
|t:|1779628709
|gametype|singles
|player|p1|hey you're|blackbelt-gen4dp|1511
|player|p2|Gloriousplays|ash|1555
|gen|9
|tier|[Gen 9] OU
|rated|
|rule|HP Percentage Mod: HP is shown in percentages
|rule|Endless Battle Clause: Forcing endless battles is banned
|rule|Species Clause: Limit one of each Pokémon
|rule|OHKO Clause: OHKO moves are banned
|rule|Evasion Items Clause: Evasion items are banned
|rule|Evasion Moves Clause: Evasion moves are banned
|rule|Evasion Abilities Clause: Evasion abilities are banned
|rule|Sleep Moves Clause: Sleep-inducing moves are banned
|clearpoke
|poke|p1|Moltres|
|poke|p1|Maushold-Four|
|poke|p1|Goodra-Hisui, M|
|poke|p1|Ogerpon-Wellspring, F|
|poke|p1|Gholdengo|
|poke|p1|Zamazenta-*|
|poke|p2|Zamazenta-*|
|poke|p2|Braviary-Hisui, M|
|poke|p2|Gholdengo|
|poke|p2|Raging Bolt|
|poke|p2|Hatterene, F|
|poke|p2|Darkrai|
|teampreview
|inactive|Battle timer is ON: inactive players will automatically lose when time's up. (requested by hey you're)
|
|t:|1779628725
|teamsize|p1|6
|teamsize|p2|6
|start
|switch|p1a: Gholdengo|Gholdengo|100/100
|switch|p2a: Zamazenta|Zamazenta|100/100
|-ability|p2a: Zamazenta|Dauntless Shield|boost
|-boost|p2a: Zamazenta|def|1
|turn|1
|
|t:|1779628735
|move|p1a: Gholdengo|Shadow Ball|p2a: Zamazenta
|-damage|p2a: Zamazenta|69/100
|move|p2a: Zamazenta|Light Screen|p2a: Zamazenta
|-sidestart|p2: Gloriousplays|move: Light Screen
|
|upkeep
|turn|2
|
|t:|1779628740
|switch|p1a: Maushold|Maushold-Four|100/100
|move|p2a: Zamazenta|Reflect|p2a: Zamazenta
|-sidestart|p2: Gloriousplays|Reflect
|
|upkeep
|turn|3
|
|t:|1779628744
|move|p2a: Zamazenta|Close Combat|p1a: Maushold
|-supereffective|p1a: Maushold
|-damage|p1a: Maushold|0 fnt
|-unboost|p2a: Zamazenta|def|1
|-unboost|p2a: Zamazenta|spd|1
|faint|p1a: Maushold
|
|upkeep
|
|t:|1779628748
|switch|p1a: Moltres|Moltres|100/100
|turn|4
|
|t:|1779628755
|switch|p2a: Raging Bolt|Raging Bolt|100/100
|-enditem|p2a: Raging Bolt|Booster Energy
|-activate|p2a: Raging Bolt|ability: Protosynthesis|[fromitem]
|-start|p2a: Raging Bolt|protosynthesisspa
|move|p1a: Moltres|U-turn|p2a: Raging Bolt
|-damage|p2a: Raging Bolt|93/100
|j| dr6ke
|
|t:|1779628762
|switch|p1a: Goodra|Goodra-Hisui, M|100/100|[from] U-turn
|
|upkeep
|turn|5
|
|t:|1779628766
|move|p2a: Raging Bolt|Dragon Pulse|p1a: Goodra
|-crit|p1a: Goodra
|-damage|p1a: Goodra|59/100
|move|p1a: Goodra|Draco Meteor|p2a: Raging Bolt
|-supereffective|p2a: Raging Bolt
|-damage|p2a: Raging Bolt|31/100
|-unboost|p1a: Goodra|spa|2
|
|upkeep
|turn|6
|
|t:|1779628771
|move|p2a: Raging Bolt|Dragon Pulse|p1a: Goodra
|-damage|p1a: Goodra|31/100
|move|p1a: Goodra|Draco Meteor|p2a: Raging Bolt|[miss]
|-miss|p1a: Goodra|p2a: Raging Bolt
|
|upkeep
|turn|7
|
|t:|1779628773
|move|p2a: Raging Bolt|Dragon Pulse|p1a: Goodra
|-damage|p1a: Goodra|5/100
|move|p1a: Goodra|Draco Meteor|p2a: Raging Bolt
|-supereffective|p2a: Raging Bolt
|-damage|p2a: Raging Bolt|0 fnt
|-unboost|p1a: Goodra|spa|2
|faint|p2a: Raging Bolt
|-end|p2a: Raging Bolt|Protosynthesis|[silent]
|
|upkeep
|
|t:|1779628777
|switch|p2a: xerxes|Braviary-Hisui, M, shiny|100/100
|turn|8
|
|t:|1779628781
|move|p2a: xerxes|Esper Wing|p1a: Goodra
|-resisted|p1a: Goodra
|-damage|p1a: Goodra|0 fnt
|-boost|p2a: xerxes|spe|1
|faint|p1a: Goodra
|
|-sideend|p2: Gloriousplays|move: Light Screen
|upkeep
|
|t:|1779628788
|switch|p1a: Gholdengo|Gholdengo|100/100
|turn|9
|
|t:|1779628792
|switch|p2a: Darkrai|Darkrai|100/100
|move|p1a: Gholdengo|Shadow Ball|p2a: Darkrai
|-resisted|p2a: Darkrai
|-damage|p2a: Darkrai|71/100
|
|-sideend|p2: Gloriousplays|Reflect
|upkeep
|turn|10
|
|t:|1779628797
|switch|p1a: Zamazenta|Zamazenta|100/100
|-ability|p1a: Zamazenta|Dauntless Shield|boost
|-boost|p1a: Zamazenta|def|1
|move|p2a: Darkrai|Trick|p1a: Zamazenta
|-activate|p2a: Darkrai|move: Trick|[of] p1a: Zamazenta
|-item|p1a: Zamazenta|Choice Scarf|[from] move: Trick
|-item|p2a: Darkrai|Heavy-Duty Boots|[from] move: Trick
|
|upkeep
|turn|11
|
|t:|1779628803
|switch|p2a: Zamazenta|Zamazenta|69/100
|move|p1a: Zamazenta|Crunch|p2a: Zamazenta
|-resisted|p2a: Zamazenta
|-damage|p2a: Zamazenta|58/100
|
|upkeep
|turn|12
|
|t:|1779628806
|switch|p1a: Moltres|Moltres|100/100
|move|p2a: Zamazenta|Light Screen|p2a: Zamazenta
|-sidestart|p2: Gloriousplays|move: Light Screen
|
|upkeep
|turn|13
|
|t:|1779628808
|move|p2a: Zamazenta|Reflect|p2a: Zamazenta
|-sidestart|p2: Gloriousplays|Reflect
|move|p1a: Moltres|Will-O-Wisp|p2a: Zamazenta|[miss]
|-miss|p1a: Moltres|p2a: Zamazenta
|
|upkeep
|turn|14
|
|t:|1779628831
|move|p1a: Moltres|U-turn|p2a: Zamazenta
|-resisted|p2a: Zamazenta
|-damage|p2a: Zamazenta|56/100
|
|t:|1779628835
|switch|p1a: Gholdengo|Gholdengo|100/100|[from] U-turn
|move|p2a: Zamazenta|Roar|p1a: Gholdengo
|-immune|p1a: Gholdengo|[from] ability: Good as Gold
|
|upkeep
|turn|15
|
|t:|1779628845
|switch|p2a: Darkrai|Darkrai|71/100
|move|p1a: Gholdengo|Focus Blast|p2a: Darkrai|[miss]
|-miss|p1a: Gholdengo|p2a: Darkrai
|
|upkeep
|turn|16
|
|t:|1779628862
|switch|p1a: Zamazenta|Zamazenta|100/100
|switch|p2a: Hatterene|Hatterene, F|100/100
|
|upkeep
|turn|17
|
|t:|1779628868
|move|p1a: Zamazenta|Crunch|p2a: Hatterene
|-damage|p2a: Hatterene|89/100
|move|p2a: Hatterene|Nuzzle|p1a: Zamazenta
|-damage|p1a: Zamazenta|97/100
|-status|p1a: Zamazenta|par
|
|-heal|p2a: Hatterene|95/100|[from] item: Leftovers
|upkeep
|turn|18
|
|t:|1779628873
|switch|p1a: Gholdengo|Gholdengo|100/100
|move|p2a: Hatterene|Nuzzle|p1a: Gholdengo
|-damage|p1a: Gholdengo|96/100
|-status|p1a: Gholdengo|par
|
|-heal|p2a: Hatterene|100/100|[from] item: Leftovers
|upkeep
|turn|19
|
|t:|1779628880
|move|p1a: Gholdengo|Trick|p2a: Hatterene
|-activate|p1a: Gholdengo|move: Trick|[of] p2a: Hatterene
|-item|p2a: Hatterene|Choice Scarf|[from] move: Trick
|-item|p1a: Gholdengo|Leftovers|[from] move: Trick
|move|p2a: Hatterene|Calm Mind|p2a: Hatterene
|-boost|p2a: Hatterene|spa|1
|-boost|p2a: Hatterene|spd|1
|
|-heal|p1a: Gholdengo|100/100 par|[from] item: Leftovers
|-sideend|p2: Gloriousplays|move: Light Screen
|upkeep
|turn|20
|
|t:|1779628889
|switch|p2a: Gholdengo|Gholdengo|100/100
|move|p1a: Gholdengo|Make It Rain|p2a: Gholdengo
|-resisted|p2a: Gholdengo
|-damage|p2a: Gholdengo|65/100
|-unboost|p1a: Gholdengo|spa|1
|
|-sideend|p2: Gloriousplays|Reflect
|upkeep
|turn|21
|
|t:|1779628894
|switch|p1a: Zamazenta|Zamazenta|97/100 par
|move|p2a: Gholdengo|Thunderbolt|p1a: Zamazenta
|-damage|p1a: Zamazenta|65/100 par
|
|upkeep
|turn|22
|
|t:|1779628901
|switch|p2a: Zamazenta|Zamazenta|56/100
|cant|p1a: Zamazenta|par
|
|upkeep
|turn|23
|
|t:|1779628910
|switch|p1a: Gholdengo|Gholdengo|100/100 par
|move|p2a: Zamazenta|Light Screen|p2a: Zamazenta
|-sidestart|p2: Gloriousplays|move: Light Screen
|
|upkeep
|turn|24
|
|t:|1779628915
|move|p2a: Zamazenta|Reflect|p2a: Zamazenta
|-sidestart|p2: Gloriousplays|Reflect
|move|p1a: Gholdengo|Shadow Ball|p2a: Zamazenta
|-damage|p2a: Zamazenta|38/100
|-unboost|p2a: Zamazenta|spd|1
|
|upkeep
|turn|25
|
|t:|1779628923
|switch|p2a: Darkrai|Darkrai|71/100
|move|p1a: Gholdengo|Shadow Ball|p2a: Darkrai
|-resisted|p2a: Darkrai
|-damage|p2a: Darkrai|56/100
|
|upkeep
|turn|26
|
|t:|1779628929
|move|p2a: Darkrai|Sludge Bomb|p1a: Gholdengo
|-immune|p1a: Gholdengo
|cant|p1a: Gholdengo|par
|
|upkeep
|turn|27
|
|t:|1779628932
|switch|p1a: Zamazenta|Zamazenta|65/100 par
|move|p2a: Darkrai|Dark Pulse|p1a: Zamazenta
|-resisted|p1a: Zamazenta
|-damage|p1a: Zamazenta|45/100 par
|
|upkeep
|turn|28
|
|t:|1779628939
|switch|p2a: xerxes|Braviary-Hisui, M, shiny|100/100
|move|p1a: Zamazenta|Close Combat|p2a: xerxes
|-resisted|p2a: xerxes
|-damage|p2a: xerxes|95/100
|-unboost|p1a: Zamazenta|def|1
|-unboost|p1a: Zamazenta|spd|1
|
|upkeep
|turn|29
|
|t:|1779628944
|switch|p1a: Gholdengo|Gholdengo|100/100 par
|move|p2a: xerxes|Esper Wing|p1a: Gholdengo
|-resisted|p1a: Gholdengo
|-damage|p1a: Gholdengo|64/100 par
|-boost|p2a: xerxes|spe|1
|
|-heal|p1a: Gholdengo|70/100 par|[from] item: Leftovers
|upkeep
|turn|30
|
|t:|1779628951
|-terastallize|p1a: Gholdengo|Ghost
|move|p2a: xerxes|Calm Mind|p2a: xerxes
|-boost|p2a: xerxes|spa|1
|-boost|p2a: xerxes|spd|1
|move|p1a: Gholdengo|Shadow Ball|p2a: xerxes
|-supereffective|p2a: xerxes
|-damage|p2a: xerxes|51/100
|
|-heal|p1a: Gholdengo|76/100 par|[from] item: Leftovers
|-sideend|p2: Gloriousplays|move: Light Screen
|upkeep
|turn|31
|
|t:|1779628959
|-terastallize|p2a: xerxes|Fighting
|move|p2a: xerxes|Esper Wing|p1a: Gholdengo
|-crit|p1a: Gholdengo
|-damage|p1a: Gholdengo|0 fnt
|-boost|p2a: xerxes|spe|1
|faint|p1a: Gholdengo
|
|-sideend|p2: Gloriousplays|Reflect
|upkeep
|-message|hey you're forfeited.
|
|win|Gloriousplays
|raw|hey you&apos;re's rating: 1511 &rarr; <strong>1494</strong><br />(-17 for losing)
|raw|Gloriousplays's rating: 1555 &rarr; <strong>1572</strong><br />(+17 for winning)
|l|☆hey you're
|player|p1|
|l| dr6ke
|l|☆Gloriousplays
|player|p2|
