|j|☆6Nicolas7
|j|☆Mack21201
|t:|1779708702
|gametype|singles
|player|p1|6Nicolas7|waitress-gen4|1061
|player|p2|Mack21201|blaine|1057
|gen|9
|tier|[Gen 9] OU
|rated|
|rule|HP Percentage Mod: HP is shown in percentages
|rule|Endless Battle Clause: Forcing endless battles is banned
|rule|Species Clause: Limit one of each Pokémon
|rule|OHKO Clause: OHKO moves are banned
|rule|Evasion Items Clause: Evasion items are banned
|rule|Evasion Moves Clause: Evasion moves are banned
|rule|Evasion Abilities Clause: Evasion abilities are banned
|rule|Sleep Moves Clause: Sleep-inducing moves are banned
|clearpoke
|poke|p1|Dragapult, M|
|poke|p1|Zapdos|
|poke|p1|Kingambit, M|
|poke|p1|Arcanine-Hisui, M|
|poke|p1|Ogerpon-Wellspring, F|
|poke|p1|Glimmora, M|
|poke|p2|Decidueye, F|
|poke|p2|Lycanroc-Dusk, F|
|poke|p2|Tsareena, F|
|poke|p2|Mimikyu, F|
|poke|p2|Vikavolt, F|
|poke|p2|Kommo-o, F|
|teampreview
|inactive|Battle timer is ON: inactive players will automatically lose when time's up. (requested by 6Nicolas7)
|
|t:|1779708721
|teamsize|p1|6
|teamsize|p2|6
|start
|switch|p1a: Glimmora|Glimmora, M, shiny|100/100
|switch|p2a: Decidueye|Decidueye, F|100/100
|turn|1
|
|t:|1779708734
|move|p1a: Glimmora|Stealth Rock|p2a: Decidueye
|-sidestart|p2: Mack21201|move: Stealth Rock
|move|p2a: Decidueye|Spirit Shackle|p1a: Glimmora
|-damage|p1a: Glimmora|63/100
|-activate|p1a: Glimmora|trapped
|-activate|p1a: Glimmora|ability: Toxic Debris
|-sidestart|p2: Mack21201|move: Toxic Spikes
|
|-heal|p1a: Glimmora|70/100|[from] item: Leftovers
|upkeep
|turn|2
|
|t:|1779708749
|move|p1a: Glimmora|Spikes|p2a: Decidueye
|-sidestart|p2: Mack21201|Spikes
|move|p2a: Decidueye|Giga Drain|p1a: Glimmora
|-damage|p1a: Glimmora|25/100
|
|-heal|p1a: Glimmora|32/100|[from] item: Leftovers
|upkeep
|turn|3
|
|t:|1779708757
|move|p1a: Glimmora|Spikes|p2a: Decidueye
|-sidestart|p2: Mack21201|Spikes
|move|p2a: Decidueye|Spirit Shackle|p1a: Glimmora
|-damage|p1a: Glimmora|0 fnt
|-activate|p1a: Glimmora|ability: Toxic Debris
|-sidestart|p2: Mack21201|move: Toxic Spikes
|faint|p1a: Glimmora
|
|upkeep
|
|t:|1779708772
|switch|p1a: KFC|Zapdos|100/100
|-ability|p1a: KFC|Pressure
|turn|4
|
|t:|1779708776
|move|p1a: KFC|Heat Wave|p2a: Decidueye
|-supereffective|p2a: Decidueye
|-damage|p2a: Decidueye|41/100
|move|p2a: Decidueye|Defog|p1a: KFC
|-unboost|p1a: KFC|evasion|1
|-sideend|p2: Mack21201|Spikes|[from] move: Defog|[of] p2a: Decidueye
|-sideend|p2: Mack21201|Toxic Spikes|[from] move: Defog|[of] p2a: Decidueye
|-sideend|p2: Mack21201|Stealth Rock|[from] move: Defog|[of] p2a: Decidueye
|
|upkeep
|turn|5
|
|t:|1779708787
|move|p1a: KFC|Heat Wave|p2a: Decidueye
|-supereffective|p2a: Decidueye
|-damage|p2a: Decidueye|0 fnt
|faint|p2a: Decidueye
|
|upkeep
|
|t:|1779708796
|switch|p2a: Lycanroc|Lycanroc-Dusk, F|100/100
|turn|6
|
|t:|1779708801
|move|p2a: Lycanroc|Accelerock|p1a: KFC
|-supereffective|p1a: KFC
|-damage|p1a: KFC|52/100
|move|p1a: KFC|Thunder|p2a: Lycanroc
|-damage|p2a: Lycanroc|30/100
|
|-heal|p1a: KFC|58/100|[from] item: Leftovers
|upkeep
|turn|7
|
|t:|1779708814
|move|p2a: Lycanroc|Stealth Rock|p1a: KFC
|-sidestart|p1: 6Nicolas7|move: Stealth Rock
|move|p1a: KFC|Thunderbolt|p2a: Lycanroc
|-damage|p2a: Lycanroc|0 fnt
|faint|p2a: Lycanroc
|
|-heal|p1a: KFC|64/100|[from] item: Leftovers
|upkeep
|
|t:|1779708830
|switch|p2a: Vikavolt|Vikavolt, F|100/100
|turn|8
|
|t:|1779708838
|move|p1a: KFC|Heat Wave|p2a: Vikavolt
|-supereffective|p2a: Vikavolt
|-damage|p2a: Vikavolt|46/100
|move|p2a: Vikavolt|Poison Jab|p1a: KFC
|-damage|p1a: KFC|51/100
|
|-heal|p1a: KFC|57/100|[from] item: Leftovers
|upkeep
|turn|9
|
|t:|1779708849
|move|p1a: KFC|Heat Wave|p2a: Vikavolt
|-supereffective|p2a: Vikavolt
|-damage|p2a: Vikavolt|0 fnt
|faint|p2a: Vikavolt
|
|-heal|p1a: KFC|63/100|[from] item: Leftovers
|upkeep
|inactive|Mack21201 has 120 seconds left.
|inactive|Mack21201 has 90 seconds left.
|
|t:|1779708920
|switch|p2a: Mimikyu|Mimikyu, F|100/100
|turn|10
|
|t:|1779708930
|move|p1a: KFC|Hurricane|p2a: Mimikyu|[miss]
|-miss|p1a: KFC|p2a: Mimikyu
|move|p2a: Mimikyu|Play Rough|p1a: KFC
|-damage|p1a: KFC|17/100
|-damage|p2a: Mimikyu|91/100|[from] item: Life Orb
|
|-heal|p1a: KFC|23/100|[from] item: Leftovers
|upkeep
|turn|11
|
|t:|1779708941
|move|p1a: KFC|Hurricane|p2a: Mimikyu
|-activate|p2a: Mimikyu|ability: Disguise
|-damage|p2a: Mimikyu|91/100
|detailschange|p2a: Mimikyu|Mimikyu-Busted, F
|-damage|p2a: Mimikyu|78/100|[from] pokemon: Mimikyu-Busted
|move|p2a: Mimikyu|Trick Room|p2a: Mimikyu
|-fieldstart|move: Trick Room|[of] p2a: Mimikyu
|
|-heal|p1a: KFC|29/100|[from] item: Leftovers
|upkeep
|turn|12
|
|t:|1779708951
|move|p2a: Mimikyu|Play Rough|p1a: KFC
|-damage|p1a: KFC|0 fnt
|faint|p1a: KFC
|-damage|p2a: Mimikyu|68/100|[from] item: Life Orb
|
|upkeep
|
|t:|1779708959
|switch|p1a: Dragapult|Dragapult, M, shiny|100/100
|-damage|p1a: Dragapult|88/100|[from] Stealth Rock
|turn|13
|
|t:|1779708967
|-terastallize|p1a: Dragapult|Normal
|move|p2a: Mimikyu|Play Rough|p1a: Dragapult
|-crit|p1a: Dragapult
|-damage|p1a: Dragapult|0 fnt
|faint|p1a: Dragapult
|-damage|p2a: Mimikyu|58/100|[from] item: Life Orb
|
|upkeep
|
|t:|1779708981
|switch|p1a: Gitanillo|Kingambit, M|100/100
|-damage|p1a: Gitanillo|95/100|[from] Stealth Rock
|-activate|p1a: Gitanillo|ability: Supreme Overlord
|-start|p1a: Gitanillo|fallen3|[silent]
|turn|14
|
|t:|1779708988
|switch|p2a: Kommo-o|Kommo-o, F|100/100
|move|p1a: Gitanillo|Shadow Claw|p2a: Kommo-o
|-damage|p2a: Kommo-o|70/100
|
|-heal|p1a: Gitanillo|100/100|[from] item: Leftovers
|upkeep
|turn|15
|
|t:|1779709001
|-end|p1a: Gitanillo|fallen3|[silent]
|switch|p1a: Ogerpon|Ogerpon-Wellspring, F|100/100
|-damage|p1a: Ogerpon|88/100|[from] Stealth Rock
|move|p2a: Kommo-o|Drain Punch|p1a: Ogerpon
|-damage|p1a: Ogerpon|40/100
|-heal|p2a: Kommo-o|95/100|[from] drain|[of] p1a: Ogerpon
|
|-fieldend|move: Trick Room
|upkeep
|turn|16
|
|t:|1779709014
|move|p1a: Ogerpon|Spiky Shield|p1a: Ogerpon
|-singleturn|p1a: Ogerpon|move: Protect
|move|p2a: Kommo-o|Draco Meteor|p1a: Ogerpon
|-activate|p1a: Ogerpon|move: Protect
|
|upkeep
|turn|17
|
|t:|1779709026
|move|p1a: Ogerpon|Ivy Cudgel|p2a: Kommo-o|[anim] Ivy Cudgel Water
|-resisted|p2a: Kommo-o
|-damage|p2a: Kommo-o|72/100
|move|p2a: Kommo-o|Drain Punch|p1a: Ogerpon
|-damage|p1a: Ogerpon|0 fnt
|-heal|p2a: Kommo-o|93/100|[from] drain|[of] p1a: Ogerpon
|faint|p1a: Ogerpon
|
|upkeep
|
|t:|1779709040
|switch|p1a: Dios Plan de Hisui|Arcanine-Hisui, M|100/100
|-damage|p1a: Dios Plan de Hisui|76/100|[from] Stealth Rock
|-ability|p1a: Dios Plan de Hisui|Intimidate|boost
|-unboost|p2a: Kommo-o|atk|1
|turn|18
|
|t:|1779709050
|move|p2a: Kommo-o|Earthquake|p1a: Dios Plan de Hisui
|-supereffective|p1a: Dios Plan de Hisui
|-damage|p1a: Dios Plan de Hisui|0 fnt
|faint|p1a: Dios Plan de Hisui
|
|upkeep
|
|t:|1779709054
|switch|p1a: Gitanillo|Kingambit, M|100/100
|-damage|p1a: Gitanillo|95/100|[from] Stealth Rock
|-activate|p1a: Gitanillo|ability: Supreme Overlord
|-start|p1a: Gitanillo|fallen5|[silent]
|turn|19
|-message|6Nicolas7 forfeited.
|
|win|Mack21201
|raw|6Nicolas7's rating: 1061 &rarr; <strong>1042</strong><br />(-19 for losing)
|raw|Mack21201's rating: 1057 &rarr; <strong>1089</strong><br />(+32 for winning)
|l|☆6Nicolas7
|player|p1|
|l|☆Mack21201
|player|p2|
