|j|☆waha8
|j|☆Shark_enjoyer1
|t:|1779719340
|gametype|singles
|player|p1|waha8|266|1496
|player|p2|Shark_enjoyer1|ingo|1520
|gen|9
|tier|[Gen 9] OU
|rated|
|rule|HP Percentage Mod: HP is shown in percentages
|rule|Endless Battle Clause: Forcing endless battles is banned
|rule|Species Clause: Limit one of each Pokémon
|rule|OHKO Clause: OHKO moves are banned
|rule|Evasion Items Clause: Evasion items are banned
|rule|Evasion Moves Clause: Evasion moves are banned
|rule|Evasion Abilities Clause: Evasion abilities are banned
|rule|Sleep Moves Clause: Sleep-inducing moves are banned
|clearpoke
|poke|p1|Indeedee, M|
|poke|p1|Samurott-Hisui, M|
|poke|p1|Dragapult, F|
|poke|p1|Slowking-Galar, M|
|poke|p1|Iron Boulder|
|poke|p1|Empoleon, F|
|poke|p2|Heatran, F|
|poke|p2|Meowscarada, F|
|poke|p2|Latios, M|
|poke|p2|Slowking-Galar, M|
|poke|p2|Zapdos|
|poke|p2|Great Tusk|
|teampreview
|
|t:|1779719349
|teamsize|p1|6
|teamsize|p2|6
|start
|switch|p1a: Sam|Samurott-Hisui, M|100/100
|switch|p2a: Heatran|Heatran, F|100/100
|turn|1
|
|t:|1779719353
|move|p2a: Heatran|Protect|p2a: Heatran
|-singleturn|p2a: Heatran|Protect
|move|p1a: Sam|Ceaseless Edge|p2a: Heatran
|-activate|p2a: Heatran|move: Protect
|
|upkeep
|turn|2
|
|t:|1779719359
|move|p1a: Sam|Ceaseless Edge|p2a: Heatran
|-damage|p2a: Heatran|59/100
|-status|p1a: Sam|brn|[from] ability: Flame Body|[of] p2a: Heatran
|-sidestart|p2: Shark_enjoyer1|Spikes
|move|p2a: Heatran|Magma Storm|p1a: Sam
|-resisted|p1a: Sam
|-damage|p1a: Sam|69/100 brn
|-activate|p1a: Sam|move: Magma Storm|[of] p2a: Heatran
|
|-heal|p2a: Heatran|65/100|[from] item: Leftovers
|-damage|p1a: Sam|63/100 brn|[from] brn
|-damage|p1a: Sam|51/100 brn|[from] move: Magma Storm|[partiallytrapped]
|upkeep
|turn|3
|
|t:|1779719370
|move|p2a: Heatran|Protect|p2a: Heatran
|-singleturn|p2a: Heatran|Protect
|move|p1a: Sam|Ceaseless Edge|p2a: Heatran
|-activate|p2a: Heatran|move: Protect
|
|-heal|p2a: Heatran|71/100|[from] item: Leftovers
|-damage|p1a: Sam|44/100 brn|[from] brn
|-damage|p1a: Sam|32/100 brn|[from] move: Magma Storm|[partiallytrapped]
|upkeep
|turn|4
|
|t:|1779719378
|move|p1a: Sam|Ceaseless Edge|p2a: Heatran
|-damage|p2a: Heatran|48/100
|-sidestart|p2: Shark_enjoyer1|Spikes
|move|p2a: Heatran|Stealth Rock|p1a: Sam
|-sidestart|p1: waha8|move: Stealth Rock
|
|-heal|p2a: Heatran|54/100|[from] item: Leftovers
|-damage|p1a: Sam|26/100 brn|[from] brn
|-damage|p1a: Sam|13/100 brn|[from] move: Magma Storm|[partiallytrapped]
|upkeep
|turn|5
|
|t:|1779719388
|move|p2a: Heatran|Protect|p2a: Heatran
|-singleturn|p2a: Heatran|Protect
|move|p1a: Sam|Ceaseless Edge|p2a: Heatran
|-activate|p2a: Heatran|move: Protect
|
|-heal|p2a: Heatran|60/100|[from] item: Leftovers
|-damage|p1a: Sam|7/100 brn|[from] brn
|-damage|p1a: Sam|0 fnt|[from] move: Magma Storm|[partiallytrapped]
|faint|p1a: Sam
|upkeep
|
|t:|1779719400
|switch|p1a: Lvl_Up|Empoleon, F|100/100
|-damage|p1a: Lvl_Up|94/100|[from] Stealth Rock
|turn|6
|
|t:|1779719405
|switch|p2a: Zapdos|Zapdos|100/100
|move|p1a: Lvl_Up|Stealth Rock|p2a: Zapdos
|-sidestart|p2: Shark_enjoyer1|move: Stealth Rock
|
|-heal|p1a: Lvl_Up|100/100|[from] item: Leftovers
|upkeep
|turn|7
|
|t:|1779719412
|switch|p1a: DeeDee|Indeedee, M|100/100
|-damage|p1a: DeeDee|88/100|[from] Stealth Rock
|-fieldstart|move: Psychic Terrain|[from] ability: Psychic Surge|[of] p1a: DeeDee
|move|p2a: Zapdos|Volt Switch|p1a: DeeDee
|-damage|p1a: DeeDee|49/100
|
|t:|1779719419
|switch|p2a: Meowscarada|Meowscarada, F|100/100|[from] Volt Switch
|
|upkeep
|turn|8
|
|t:|1779719428
|switch|p2a: Heatran|Heatran, F|60/100
|-damage|p2a: Heatran|44/100|[from] Spikes
|-damage|p2a: Heatran|31/100|[from] Stealth Rock
|move|p1a: DeeDee|Dazzling Gleam|p2a: Heatran
|-resisted|p2a: Heatran
|-damage|p2a: Heatran|27/100
|
|-heal|p2a: Heatran|33/100|[from] item: Leftovers
|upkeep
|turn|9
|
|t:|1779719437
|switch|p1a: Lvl_Up|Empoleon, F|100/100
|-damage|p1a: Lvl_Up|94/100|[from] Stealth Rock
|move|p2a: Heatran|Magma Storm|p1a: Lvl_Up|[miss]
|-miss|p2a: Heatran|p1a: Lvl_Up
|
|-heal|p2a: Heatran|39/100|[from] item: Leftovers
|-heal|p1a: Lvl_Up|100/100|[from] item: Leftovers
|upkeep
|turn|10
|
|t:|1779719445
|switch|p2a: Zapdos|Zapdos|100/100
|move|p1a: Lvl_Up|Roar|p2a: Zapdos
|drag|p2a: Great Tusk|Great Tusk|100/100
|
|upkeep
|turn|11
|
|t:|1779719454
|switch|p1a: Tailwhip|Dragapult, F|100/100
|-damage|p1a: Tailwhip|88/100|[from] Stealth Rock
|move|p2a: Great Tusk|Rapid Spin|p1a: Tailwhip
|-immune|p1a: Tailwhip
|
|upkeep
|turn|12
|
|t:|1779719470
|-end|p2a: Great Tusk|Protosynthesis|[silent]
|switch|p2a: Zapdos|Zapdos|100/100
|move|p1a: Tailwhip|Will-O-Wisp|p2a: Zapdos
|-status|p2a: Zapdos|brn
|
|-damage|p2a: Zapdos|94/100 brn|[from] brn
|upkeep
|turn|13
|
|t:|1779719478
|switch|p1a: SageOfSixPaths|Slowking-Galar, M|100/100
|-damage|p1a: SageOfSixPaths|88/100|[from] Stealth Rock
|move|p2a: Zapdos|Thunder Wave|p1a: SageOfSixPaths
|-status|p1a: SageOfSixPaths|par
|
|-damage|p2a: Zapdos|88/100 brn|[from] brn
|upkeep
|turn|14
|
|t:|1779719487
|move|p2a: Zapdos|Volt Switch|p1a: SageOfSixPaths
|-damage|p1a: SageOfSixPaths|62/100 par
|
|t:|1779719492
|switch|p2a: Great Tusk|Great Tusk|100/100|[from] Volt Switch
|move|p1a: SageOfSixPaths|Trick Room|p1a: SageOfSixPaths
|-fieldstart|move: Trick Room|[of] p1a: SageOfSixPaths
|
|-fieldend|move: Psychic Terrain
|upkeep
|turn|15
|
|t:|1779719504
|move|p1a: SageOfSixPaths|Expanding Force|p2a: Great Tusk
|-supereffective|p2a: Great Tusk
|-damage|p2a: Great Tusk|0 fnt
|faint|p2a: Great Tusk
|-end|p2a: Great Tusk|Protosynthesis|[silent]
|-damage|p1a: SageOfSixPaths|52/100 par|[from] item: Life Orb
|
|upkeep
|
|t:|1779719510
|switch|p2a: Slowking|Slowking-Galar, M|100/100
|-damage|p2a: Slowking|84/100|[from] Spikes
|-damage|p2a: Slowking|72/100|[from] Stealth Rock
|turn|16
|
|t:|1779719516
|switch|p1a: DeeDee|Indeedee, M|49/100
|-damage|p1a: DeeDee|37/100|[from] Stealth Rock
|-fieldstart|move: Psychic Terrain|[from] ability: Psychic Surge|[of] p1a: DeeDee
|move|p2a: Slowking|Psychic Noise|p1a: DeeDee
|-resisted|p1a: DeeDee
|-damage|p1a: DeeDee|10/100
|-start|p1a: DeeDee|move: Heal Block
|
|upkeep
|turn|17
|
|t:|1779719526
|switch|p1a: TheBoulder|Iron Boulder|100/100
|-damage|p1a: TheBoulder|88/100|[from] Stealth Rock
|-enditem|p1a: TheBoulder|Booster Energy
|-activate|p1a: TheBoulder|ability: Quark Drive|[fromitem]
|-start|p1a: TheBoulder|quarkdrivespe
|move|p2a: Slowking|Psychic Noise|p1a: TheBoulder
|-resisted|p1a: TheBoulder
|-damage|p1a: TheBoulder|69/100
|-start|p1a: TheBoulder|move: Heal Block
|
|upkeep
|turn|18
|
|t:|1779719541
|switch|p2a: Heatran|Heatran, F|39/100
|-damage|p2a: Heatran|23/100|[from] Spikes
|-damage|p2a: Heatran|10/100|[from] Stealth Rock
|move|p1a: TheBoulder|Swords Dance|p1a: TheBoulder
|-boost|p1a: TheBoulder|atk|2
|
|-heal|p2a: Heatran|17/100|[from] item: Leftovers
|-end|p1a: TheBoulder|move: Heal Block
|-fieldend|move: Trick Room
|upkeep
|turn|19
|
|t:|1779719550
|move|p1a: TheBoulder|Earthquake|p2a: Heatran
|-supereffective|p2a: Heatran
|-damage|p2a: Heatran|0 fnt
|faint|p2a: Heatran
|
|upkeep
|
|t:|1779719554
|switch|p2a: Latios|Latios, M|100/100
|-damage|p2a: Latios|88/100|[from] Stealth Rock
|turn|20
|
|t:|1779719558
|-terastallize|p2a: Latios|Steel
|move|p1a: TheBoulder|Mighty Cleave|p2a: Latios
|-resisted|p2a: Latios
|-damage|p2a: Latios|26/100
|move|p2a: Latios|Draco Meteor|p1a: TheBoulder
|-damage|p1a: TheBoulder|0 fnt
|-unboost|p2a: Latios|spa|2
|faint|p1a: TheBoulder
|-end|p1a: TheBoulder|Quark Drive|[silent]
|
|upkeep
|
|t:|1779719568
|switch|p1a: SageOfSixPaths|Slowking-Galar, M|85/100 par
|-damage|p1a: SageOfSixPaths|73/100 par|[from] Stealth Rock
|turn|21
|
|t:|1779719572
|switch|p2a: Meowscarada|Meowscarada, F|100/100
|move|p1a: SageOfSixPaths|Trick Room|p1a: SageOfSixPaths
|-fieldstart|move: Trick Room|[of] p1a: SageOfSixPaths
|
|upkeep
|turn|22
|
|t:|1779719579
|switch|p2a: Latios|Latios, M, tera:Steel|26/100
|-damage|p2a: Latios|20/100|[from] Stealth Rock
|move|p1a: SageOfSixPaths|Sludge Wave|p2a: Latios
|-immune|p2a: Latios
|
|upkeep
|turn|23
|
|t:|1779719587
|switch|p2a: Slowking|Slowking-Galar, M|100/100
|-damage|p2a: Slowking|84/100|[from] Spikes
|-damage|p2a: Slowking|72/100|[from] Stealth Rock
|move|p1a: SageOfSixPaths|Expanding Force|p2a: Slowking
|-damage|p2a: Slowking|32/100
|-damage|p1a: SageOfSixPaths|63/100 par|[from] item: Life Orb
|
|-fieldend|move: Psychic Terrain
|upkeep
|turn|24
|
|t:|1779719596
|switch|p2a: Zapdos|Zapdos|88/100 brn
|move|p1a: SageOfSixPaths|Fire Blast|p2a: Zapdos
|-damage|p2a: Zapdos|38/100 brn
|-damage|p1a: SageOfSixPaths|53/100 par|[from] item: Life Orb
|
|-damage|p2a: Zapdos|32/100 brn|[from] brn
|upkeep
|turn|25
|
|t:|1779719604
|move|p1a: SageOfSixPaths|Sludge Wave|p2a: Zapdos
|-damage|p2a: Zapdos|0 fnt
|faint|p2a: Zapdos
|-damage|p1a: SageOfSixPaths|43/100 par|[from] item: Life Orb
|
|-fieldend|move: Trick Room
|upkeep
|
|t:|1779719606
|switch|p2a: Meowscarada|Meowscarada, F|100/100
|turn|26
|
|t:|1779719613
|switch|p1a: DeeDee|Indeedee, M|10/100
|-damage|p1a: DeeDee|0 fnt|[from] Stealth Rock
|faint|p1a: DeeDee
|move|p2a: Meowscarada|Knock Off|p1: DeeDee|[notarget]
|-fail|p2a: Meowscarada
|
|upkeep
|
|t:|1779719622
|switch|p1a: Lvl_Up|Empoleon, F|100/100
|-damage|p1a: Lvl_Up|94/100|[from] Stealth Rock
|turn|27
|
|t:|1779719632
|move|p2a: Meowscarada|Spikes|p1a: Lvl_Up
|-start|p2a: Meowscarada|typechange|Ground|[from] ability: Protean
|-sidestart|p1: waha8|Spikes
|move|p1a: Lvl_Up|Ice Beam|p2a: Meowscarada
|-supereffective|p2a: Meowscarada
|-damage|p2a: Meowscarada|6/100
|
|-heal|p1a: Lvl_Up|100/100|[from] item: Leftovers
|upkeep
|turn|28
|
|t:|1779719640
|move|p2a: Meowscarada|Knock Off|p1a: Lvl_Up
|-damage|p1a: Lvl_Up|70/100
|-enditem|p1a: Lvl_Up|Leftovers|[from] move: Knock Off|[of] p2a: Meowscarada
|move|p1a: Lvl_Up|Surf|p2a: Meowscarada
|-supereffective|p2a: Meowscarada
|-damage|p2a: Meowscarada|0 fnt
|faint|p2a: Meowscarada
|
|upkeep
|
|t:|1779719644
|switch|p2a: Latios|Latios, M, tera:Steel|20/100
|-damage|p2a: Latios|14/100|[from] Stealth Rock
|turn|29
|
|t:|1779719650
|move|p2a: Latios|Aura Sphere|p1a: Lvl_Up
|-supereffective|p1a: Lvl_Up
|-damage|p1a: Lvl_Up|0 fnt
|faint|p1a: Lvl_Up
|
|upkeep
|
|t:|1779719655
|switch|p1a: Tailwhip|Dragapult, F|88/100
|-damage|p1a: Tailwhip|76/100|[from] Stealth Rock
|-damage|p1a: Tailwhip|64/100|[from] Spikes
|turn|30
|
|t:|1779719660
|move|p1a: Tailwhip|Dragon Darts|p2a: Latios
|-resisted|p2a: Latios
|-damage|p2a: Latios|0 fnt
|faint|p2a: Latios
|
|upkeep
|-message|Shark_enjoyer1 forfeited.
|
|win|waha8
|raw|waha8's rating: 1496 &rarr; <strong>1517</strong><br />(+21 for winning)
|raw|Shark_enjoyer1's rating: 1520 &rarr; <strong>1499</strong><br />(-21 for losing)
|l|☆Shark_enjoyer1
|player|p2|
