|j|☆Deoxysluver
|j|☆A16552
|t:|1779718937
|gametype|singles
|player|p1|Deoxysluver|n|1086
|player|p2|A16552|101|1028
|gen|9
|tier|[Gen 9] OU
|rated|
|rule|HP Percentage Mod: HP is shown in percentages
|rule|Endless Battle Clause: Forcing endless battles is banned
|rule|Species Clause: Limit one of each Pokémon
|rule|OHKO Clause: OHKO moves are banned
|rule|Evasion Items Clause: Evasion items are banned
|rule|Evasion Moves Clause: Evasion moves are banned
|rule|Evasion Abilities Clause: Evasion abilities are banned
|rule|Sleep Moves Clause: Sleep-inducing moves are banned
|clearpoke
|poke|p1|Inteleon, F|
|poke|p1|Scyther, F|
|poke|p1|Overqwil, F|
|poke|p1|Gengar, M|
|poke|p1|Garchomp, F|
|poke|p1|Tsareena, F|
|poke|p2|Hippowdon, M|
|poke|p2|Chansey, F|
|poke|p2|Toxapex, M|
|poke|p2|Garganacl, M|
|poke|p2|Hydrapple, M|
|poke|p2|Gliscor, M|
|teampreview
|inactive|Battle timer is ON: inactive players will automatically lose when time's up. (requested by Deoxysluver)
|
|t:|1779718949
|teamsize|p1|6
|teamsize|p2|6
|start
|switch|p1a: Gengar|Gengar, M|100/100
|switch|p2a: Gliscor|Gliscor, M|100/100
|turn|1
|
|t:|1779718957
|move|p1a: Gengar|Reflect Type|p2a: Gliscor
|-start|p1a: Gengar|typechange|[from] move: Reflect Type|[of] p2a: Gliscor
|move|p2a: Gliscor|Earthquake|p1a: Gengar
|-immune|p1a: Gengar
|
|-status|p2a: Gliscor|tox|[from] item: Toxic Orb
|upkeep
|-start|p1a: Gengar|typechange|Ground/Flying|[silent]
|turn|2
|
|t:|1779718965
|move|p1a: Gengar|Toxic Spikes|p2a: Gliscor
|-sidestart|p2: A16552|move: Toxic Spikes
|move|p2a: Gliscor|Spikes|p1a: Gengar
|-sidestart|p1: Deoxysluver|Spikes
|
|upkeep
|turn|3
|
|t:|1779718989
|switch|p1a: Inteleon|Inteleon, F|100/100
|-damage|p1a: Inteleon|88/100|[from] Spikes
|move|p2a: Gliscor|Spikes|p1a: Inteleon
|-sidestart|p1: Deoxysluver|Spikes
|
|upkeep
|turn|4
|
|t:|1779719000
|move|p2a: Gliscor|Protect|p2a: Gliscor
|-singleturn|p2a: Gliscor|Protect
|move|p1a: Inteleon|Ice Beam|p2a: Gliscor
|-activate|p2a: Gliscor|move: Protect
|
|upkeep
|turn|5
|
|t:|1779719009
|switch|p2a: Toxapex|Toxapex, M|100/100
|-sideend|p2: A16552|move: Toxic Spikes|[of] p2a: Toxapex
|move|p1a: Inteleon|Ice Beam|p2a: Toxapex
|-resisted|p2a: Toxapex
|-damage|p2a: Toxapex|91/100
|
|-heal|p2a: Toxapex|97/100|[from] item: Black Sludge
|upkeep
|turn|6
|
|t:|1779719031
|switch|p1a: Garchomp|Garchomp, F|100/100
|-damage|p1a: Garchomp|84/100|[from] Spikes
|move|p2a: Toxapex|Toxic|p1a: Garchomp
|-status|p1a: Garchomp|tox
|
|-heal|p2a: Toxapex|100/100|[from] item: Black Sludge
|-damage|p1a: Garchomp|78/100 tox|[from] psn
|upkeep
|turn|7
|
|t:|1779719043
|move|p2a: Toxapex|Baneful Bunker|p2a: Toxapex
|-singleturn|p2a: Toxapex|move: Protect
|move|p1a: Garchomp|Earthquake|p2a: Toxapex
|-activate|p2a: Toxapex|move: Protect
|
|-damage|p1a: Garchomp|65/100 tox|[from] psn
|upkeep
|turn|8
|
|t:|1779719051
|switch|p2a: Gliscor|Gliscor, M|100/100 tox
|move|p1a: Garchomp|Earthquake|p2a: Gliscor
|-immune|p2a: Gliscor
|
|-damage|p1a: Garchomp|47/100 tox|[from] psn
|upkeep
|turn|9
|inactive|Deoxysluver has 120 seconds left.
|
|t:|1779719073
|switch|p1a: Inteleon|Inteleon, F|88/100
|-damage|p1a: Inteleon|72/100|[from] Spikes
|move|p2a: Gliscor|Spikes|p1a: Inteleon
|-sidestart|p1: Deoxysluver|Spikes
|
|upkeep
|turn|10
|
|t:|1779719083
|move|p2a: Gliscor|Protect|p2a: Gliscor
|-singleturn|p2a: Gliscor|Protect
|move|p1a: Inteleon|Rain Dance|p1a: Inteleon
|-weather|RainDance
|
|-weather|RainDance|[upkeep]
|upkeep
|turn|11
|
|t:|1779719095
|switch|p2a: Toxapex|Toxapex, M|100/100
|move|p1a: Inteleon|Ice Beam|p2a: Toxapex
|-resisted|p2a: Toxapex
|-damage|p2a: Toxapex|90/100
|
|-weather|RainDance|[upkeep]
|-heal|p2a: Toxapex|96/100|[from] item: Black Sludge
|upkeep
|turn|12
|
|t:|1779719107
|switch|p1a: Overqwil|Overqwil, F|100/100
|-damage|p1a: Overqwil|76/100|[from] Spikes
|move|p2a: Toxapex|Toxic|p1a: Overqwil
|-immune|p1a: Overqwil
|
|-weather|RainDance|[upkeep]
|-heal|p2a: Toxapex|100/100|[from] item: Black Sludge
|upkeep
|turn|13
|
|t:|1779719121
|switch|p2a: Garganacl|Garganacl, M|100/100
|move|p1a: Overqwil|Throat Chop|p2a: Garganacl
|-damage|p2a: Garganacl|66/100
|-start|p2a: Garganacl|Throat Chop|[silent]
|-damage|p1a: Overqwil|66/100|[from] item: Life Orb
|
|-weather|RainDance|[upkeep]
|-heal|p2a: Garganacl|72/100|[from] item: Leftovers
|upkeep
|turn|14
|inactive|Deoxysluver has 120 seconds left.
|
|t:|1779719142
|switch|p1a: Tsareena|Tsareena, F|100/100
|-damage|p1a: Tsareena|75/100|[from] Spikes
|move|p2a: Garganacl|Protect||[still]
|-fail|p2a: Garganacl
|
|-weather|none
|-heal|p2a: Garganacl|78/100|[from] item: Leftovers
|-end|p2a: Garganacl|Throat Chop|[silent]
|upkeep
|turn|15
|inactive|Deoxysluver has 120 seconds left.
|
|t:|1779719156
|move|p1a: Tsareena|Rapid Spin|p2a: Garganacl
|-resisted|p2a: Garganacl
|-damage|p2a: Garganacl|72/100
|-boost|p1a: Tsareena|spe|1
|-sideend|p1: Deoxysluver|Spikes|[from] move: Rapid Spin|[of] p1a: Tsareena
|move|p2a: Garganacl|Salt Cure|p1a: Tsareena
|-damage|p1a: Tsareena|61/100
|-start|p1a: Tsareena|Salt Cure
|
|-heal|p2a: Garganacl|78/100|[from] item: Leftovers
|-damage|p1a: Tsareena|49/100|[from] Salt Cure
|upkeep
|turn|16
|inactive|Deoxysluver has 120 seconds left.
|
|t:|1779719169
|move|p2a: Garganacl|Protect|p2a: Garganacl
|-singleturn|p2a: Garganacl|Protect
|move|p1a: Tsareena|High Jump Kick|p2a: Garganacl
|-activate|p2a: Garganacl|move: Protect
|-damage|p1a: Tsareena|0 fnt|[from] highjumpkick
|faint|p1a: Tsareena
|
|-heal|p2a: Garganacl|84/100|[from] item: Leftovers
|upkeep
|
|t:|1779719184
|switch|p1a: Inteleon|Inteleon, F|72/100
|turn|17
|
|t:|1779719192
|move|p1a: Inteleon|Snipe Shot|p2a: Garganacl
|-supereffective|p2a: Garganacl
|-damage|p2a: Garganacl|33/100
|move|p2a: Garganacl|Salt Cure|p1a: Inteleon
|-damage|p1a: Inteleon|48/100
|-start|p1a: Inteleon|Salt Cure
|
|-heal|p2a: Garganacl|40/100|[from] item: Leftovers
|-damage|p1a: Inteleon|23/100|[from] Salt Cure
|upkeep
|turn|18
|inactive|Deoxysluver has 90 seconds left.
|
|t:|1779719224
|switch|p1a: Scyther|Scyther, F|100/100
|move|p2a: Garganacl|Protect||[still]
|-fail|p2a: Garganacl
|
|-heal|p2a: Garganacl|46/100|[from] item: Leftovers
|upkeep
|turn|19
|inactive|Deoxysluver has 90 seconds left.
|
|t:|1779719242
|move|p1a: Scyther|Trailblaze|p2a: Garganacl
|-supereffective|p2a: Garganacl
|-damage|p2a: Garganacl|12/100
|-boost|p1a: Scyther|spe|1
|move|p2a: Garganacl|Recover|p2a: Garganacl
|-heal|p2a: Garganacl|62/100
|
|-heal|p2a: Garganacl|68/100|[from] item: Leftovers
|upkeep
|turn|20
|inactive|Deoxysluver has 90 seconds left.
|
|t:|1779719252
|move|p1a: Scyther|Swords Dance|p1a: Scyther
|-boost|p1a: Scyther|atk|2
|move|p2a: Garganacl|Salt Cure|p1a: Scyther
|-supereffective|p1a: Scyther
|-damage|p1a: Scyther|44/100
|-start|p1a: Scyther|Salt Cure
|
|-heal|p2a: Garganacl|75/100|[from] item: Leftovers
|-damage|p1a: Scyther|31/100|[from] Salt Cure
|upkeep
|turn|21
|inactive|Deoxysluver has 90 seconds left.
|
|t:|1779719263
|move|p1a: Scyther|Trailblaze|p2a: Garganacl
|-supereffective|p2a: Garganacl
|-damage|p2a: Garganacl|8/100
|-boost|p1a: Scyther|spe|1
|move|p2a: Garganacl|Recover|p2a: Garganacl
|-heal|p2a: Garganacl|58/100
|
|-heal|p2a: Garganacl|64/100|[from] item: Leftovers
|-damage|p1a: Scyther|19/100|[from] Salt Cure
|upkeep
|turn|22
|inactive|Deoxysluver has 90 seconds left.
|
|t:|1779719274
|move|p2a: Garganacl|Protect|p2a: Garganacl
|-singleturn|p2a: Garganacl|Protect
|move|p1a: Scyther|Trailblaze|p2a: Garganacl
|-activate|p2a: Garganacl|move: Protect
|
|-heal|p2a: Garganacl|71/100|[from] item: Leftovers
|-damage|p1a: Scyther|6/100|[from] Salt Cure
|upkeep
|turn|23
|inactive|Deoxysluver has 90 seconds left.
|
|t:|1779719285
|move|p1a: Scyther|Trailblaze|p2a: Garganacl
|-supereffective|p2a: Garganacl
|-damage|p2a: Garganacl|5/100
|-boost|p1a: Scyther|spe|1
|move|p2a: Garganacl|Recover|p2a: Garganacl
|-heal|p2a: Garganacl|55/100
|
|-heal|p2a: Garganacl|61/100|[from] item: Leftovers
|-damage|p1a: Scyther|0 fnt|[from] Salt Cure
|faint|p1a: Scyther
|upkeep
|inactive|Deoxysluver has 90 seconds left.
|
|t:|1779719297
|switch|p1a: Inteleon|Inteleon, F|23/100
|turn|24
|inactive|Deoxysluver has 90 seconds left.
|
|t:|1779719310
|switch|p2a: Toxapex|Toxapex, M|100/100
|move|p1a: Inteleon|Snipe Shot|p2a: Toxapex
|-resisted|p2a: Toxapex
|-crit|p2a: Toxapex
|-damage|p2a: Toxapex|70/100
|
|-heal|p2a: Toxapex|76/100|[from] item: Black Sludge
|upkeep
|turn|25
|inactive|Deoxysluver has 90 seconds left.
|-message|Deoxysluver forfeited.
|
|win|A16552
|raw|Deoxysluver's rating: 1086 &rarr; <strong>1059</strong><br />(-27 for losing)
|raw|A16552's rating: 1028 &rarr; <strong>1070</strong><br />(+42 for winning)
