|inactive|Battle timer is ON: inactive players will automatically lose when time's up.
|t:|1779649652
|gametype|singles
|player|p1|Zephyri|#zephyri|
|player|p2|Moon of Seoul|blue-gen1|
|gen|9
|tier|[Gen 9] OU
|rule|HP Percentage Mod: HP is shown in percentages
|rule|Endless Battle Clause: Forcing endless battles is banned
|rule|Species Clause: Limit one of each Pokémon
|rule|OHKO Clause: OHKO moves are banned
|rule|Evasion Items Clause: Evasion items are banned
|rule|Evasion Moves Clause: Evasion moves are banned
|rule|Evasion Abilities Clause: Evasion abilities are banned
|rule|Sleep Moves Clause: Sleep-inducing moves are banned
|clearpoke
|poke|p1|Hatterene, F|
|poke|p1|Great Tusk|
|poke|p1|Tornadus-Therian, M|
|poke|p1|Kyurem|
|poke|p1|Slowking-Galar, F|
|poke|p1|Kingambit, F|
|poke|p2|Ninetales, M|
|poke|p2|Ceruledge, F|
|poke|p2|Venusaur, M|
|poke|p2|Hatterene, F|
|poke|p2|Great Tusk|
|poke|p2|Walking Wake|
|teampreview
|c|☆Moon of Seoul|GLHF
|
|t:|1779649665
|teamsize|p1|6
|teamsize|p2|6
|start
|switch|p1a: Tornadus|Tornadus-Therian, M|100/100
|switch|p2a: Lynrd Spynrd|Great Tusk|100/100
|turn|1
|
|t:|1779649672
|-end|p2a: Lynrd Spynrd|Protosynthesis|[silent]
|switch|p2a: Kurama Chakra Mode|Ninetales, M, shiny|100/100
|-weather|SunnyDay|[from] ability: Drought|[of] p2a: Kurama Chakra Mode
|move|p1a: Tornadus|Bleakwind Storm|p2a: Kurama Chakra Mode
|-damage|p2a: Kurama Chakra Mode|64/100
|
|-weather|SunnyDay|[upkeep]
|upkeep
|turn|2
|
|t:|1779649679
|switch|p2a: Die w A Smile|Hatterene, F, shiny|100/100
|move|p1a: Tornadus|Knock Off|p2a: Die w A Smile
|-damage|p2a: Die w A Smile|84/100
|-enditem|p2a: Die w A Smile|Eject Button|[from] move: Knock Off|[of] p1a: Tornadus
|
|-weather|SunnyDay|[upkeep]
|upkeep
|turn|3
|
|t:|1779649702
|move|p1a: Tornadus|U-turn|p2a: Die w A Smile
|-damage|p2a: Die w A Smile|71/100
|
|t:|1779649704
|switch|p1a: Kingambit|Kingambit, F|100/100|[from] U-turn
|move|p2a: Die w A Smile|Nuzzle|p1a: Kingambit
|-damage|p1a: Kingambit|98/100
|-status|p1a: Kingambit|par
|
|-weather|SunnyDay|[upkeep]
|-heal|p1a: Kingambit|100/100 par|[from] item: Leftovers
|upkeep
|turn|4
|
|t:|1779649709
|switch|p2a: Lynrd Spynrd|Great Tusk|100/100
|-activate|p2a: Lynrd Spynrd|ability: Protosynthesis
|-start|p2a: Lynrd Spynrd|protosynthesisspe
|-end|p1a: Kingambit|fallenundefined|[silent]
|switch|p1a: Tornadus|Tornadus-Therian, M|100/100
|
|-weather|SunnyDay|[upkeep]
|upkeep
|turn|5
|
|t:|1779649721
|-end|p2a: Lynrd Spynrd|Protosynthesis|[silent]
|switch|p2a: Die w A Smile|Hatterene, F, shiny|71/100
|move|p1a: Tornadus|Bleakwind Storm|p2a: Die w A Smile
|-damage|p2a: Die w A Smile|36/100
|
|-weather|SunnyDay|[upkeep]
|upkeep
|turn|6
|
|t:|1779649728
|move|p1a: Tornadus|U-turn|p2a: Die w A Smile
|-crit|p2a: Die w A Smile
|-damage|p2a: Die w A Smile|17/100
|
|t:|1779649732
|switch|p1a: Slowking|Slowking-Galar, F|100/100|[from] U-turn
|move|p2a: Die w A Smile|Healing Wish|p2a: Die w A Smile
|faint|p2a: Die w A Smile
|
|-weather|SunnyDay|[upkeep]
|upkeep
|
|t:|1779649737
|switch|p2a: Slayboi Carti|Ceruledge, F, shiny|100/100
|-item|p2a: Slayboi Carti|Air Balloon
|turn|7
|
|t:|1779649744
|move|p2a: Slayboi Carti|Swords Dance|p2a: Slayboi Carti
|-boost|p2a: Slayboi Carti|atk|2
|move|p1a: Slowking|Trick|p2a: Slayboi Carti
|-activate|p1a: Slowking|move: Trick|[of] p2a: Slayboi Carti
|-item|p2a: Slayboi Carti|Black Sludge|[from] move: Trick
|-item|p1a: Slowking|Air Balloon
|-item|p1a: Slowking|Air Balloon|[from] move: Trick
|
|-weather|SunnyDay|[upkeep]
|-damage|p2a: Slayboi Carti|88/100|[from] item: Black Sludge
|upkeep
|turn|8
|
|t:|1779649761
|switch|p1a: Kingambit|Kingambit, F|100/100 par
|move|p2a: Slayboi Carti|Bitter Blade|p1a: Kingambit
|-supereffective|p1a: Kingambit
|-damage|p1a: Kingambit|0 fnt
|-heal|p2a: Slayboi Carti|100/100|[from] drain|[of] p1a: Kingambit
|faint|p1a: Kingambit
|-end|p1a: Kingambit|fallenundefined|[silent]
|
|-weather|none
|-damage|p2a: Slayboi Carti|88/100|[from] item: Black Sludge
|upkeep
|
|t:|1779649776
|switch|p1a: Great Tusk|Great Tusk|100/100
|turn|9
|inactive|Zephyri has 270 seconds left.
|inactive|Moon of Seoul has 270 seconds left.
|
|t:|1779649809
|-terastallize|p2a: Slayboi Carti|Fairy
|move|p1a: Great Tusk|Stealth Rock|p2a: Slayboi Carti
|-sidestart|p2: Moon of Seoul|move: Stealth Rock
|move|p2a: Slayboi Carti|Bitter Blade|p1a: Great Tusk
|-damage|p1a: Great Tusk|36/100
|-heal|p2a: Slayboi Carti|100/100|[from] drain|[of] p1a: Great Tusk
|-damage|p2a: Slayboi Carti|84/100|[from] item: Rocky Helmet|[of] p1a: Great Tusk
|
|-damage|p2a: Slayboi Carti|72/100|[from] item: Black Sludge
|upkeep
|turn|10
|inactive|Zephyri has 270 seconds left.
|inactive|Moon of Seoul has 270 seconds left.
|
|t:|1779649838
|-end|p1a: Great Tusk|Protosynthesis|[silent]
|switch|p1a: Kyurem|Kyurem|100/100
|-ability|p1a: Kyurem|Pressure
|switch|p2a: Lynrd Spynrd|Great Tusk|100/100
|-damage|p2a: Lynrd Spynrd|98/100|[from] Stealth Rock
|
|upkeep
|turn|11
|inactive|Moon of Seoul has 270 seconds left.
|
|t:|1779649848
|-end|p2a: Lynrd Spynrd|Protosynthesis|[silent]
|switch|p2a: Kurama Chakra Mode|Ninetales, M, shiny|64/100
|-heal|p2a: Kurama Chakra Mode|100/100|[from] move: Healing Wish
|-damage|p2a: Kurama Chakra Mode|76/100|[from] Stealth Rock
|-weather|SunnyDay|[from] ability: Drought|[of] p2a: Kurama Chakra Mode
|move|p1a: Kyurem|Ice Beam|p2a: Kurama Chakra Mode
|-resisted|p2a: Kurama Chakra Mode
|-damage|p2a: Kurama Chakra Mode|43/100
|
|-weather|SunnyDay|[upkeep]
|upkeep
|turn|12
|inactive|Moon of Seoul has 270 seconds left.
|
|t:|1779649858
|switch|p2a: Slayboi Carti|Ceruledge, F, shiny, tera:Fairy|72/100
|-damage|p2a: Slayboi Carti|59/100|[from] Stealth Rock
|switch|p1a: Tornadus|Tornadus-Therian, M|100/100
|
|-weather|SunnyDay|[upkeep]
|-damage|p2a: Slayboi Carti|47/100|[from] item: Black Sludge
|upkeep
|turn|13
|
|t:|1779649866
|move|p1a: Tornadus|Bleakwind Storm|p2a: Slayboi Carti
|-damage|p2a: Slayboi Carti|4/100
|move|p2a: Slayboi Carti|Bitter Blade|p1a: Tornadus
|-damage|p1a: Tornadus|15/100
|-heal|p2a: Slayboi Carti|54/100|[from] drain|[of] p1a: Tornadus
|
|-weather|SunnyDay|[upkeep]
|-damage|p2a: Slayboi Carti|41/100|[from] item: Black Sludge
|upkeep
|turn|14
|
|t:|1779649878
|switch|p1a: Great Tusk|Great Tusk|36/100
|-activate|p1a: Great Tusk|ability: Protosynthesis
|-start|p1a: Great Tusk|protosynthesisatk
|move|p2a: Slayboi Carti|Bitter Blade|p1a: Great Tusk
|-damage|p1a: Great Tusk|0 fnt
|-heal|p2a: Slayboi Carti|64/100|[from] drain|[of] p1a: Great Tusk
|-damage|p2a: Slayboi Carti|48/100|[from] item: Rocky Helmet|[of] p1a: Great Tusk
|faint|p1a: Great Tusk
|-end|p1a: Great Tusk|Protosynthesis|[silent]
|
|-weather|SunnyDay|[upkeep]
|-damage|p2a: Slayboi Carti|36/100|[from] item: Black Sludge
|upkeep
|
|t:|1779649887
|switch|p1a: Kyurem|Kyurem|100/100
|-ability|p1a: Kyurem|Pressure
|turn|15
|
|t:|1779649891
|move|p2a: Slayboi Carti|Shadow Sneak|p1a: Kyurem
|-damage|p1a: Kyurem|82/100
|move|p1a: Kyurem|Ice Beam|p2a: Slayboi Carti
|-damage|p2a: Slayboi Carti|0 fnt
|faint|p2a: Slayboi Carti
|
|-weather|SunnyDay|[upkeep]
|upkeep
|
|t:|1779649894
|switch|p2a: Dubya|Walking Wake|100/100
|-damage|p2a: Dubya|88/100|[from] Stealth Rock
|-activate|p2a: Dubya|ability: Protosynthesis
|-start|p2a: Dubya|protosynthesisspa
|turn|16
|
|t:|1779649912
|move|p2a: Dubya|Hydro Steam|p1a: Kyurem
|-resisted|p1a: Kyurem
|-damage|p1a: Kyurem|21/100
|move|p1a: Kyurem|Ice Beam|p2a: Dubya
|-damage|p2a: Dubya|2/100
|
|-weather|SunnyDay|[upkeep]
|upkeep
|turn|17
|
|t:|1779649933
|move|p1a: Kyurem|Ice Beam|p2a: Dubya
|-damage|p2a: Dubya|0 fnt
|faint|p2a: Dubya
|-end|p2a: Dubya|Protosynthesis|[silent]
|
|-weather|SunnyDay|[upkeep]
|upkeep
|
|t:|1779649947
|switch|p2a: Lynrd Spynrd|Great Tusk|98/100
|-damage|p2a: Lynrd Spynrd|95/100|[from] Stealth Rock
|-activate|p2a: Lynrd Spynrd|ability: Protosynthesis
|-start|p2a: Lynrd Spynrd|protosynthesisspe
|turn|18
|
|t:|1779649965
|switch|p1a: Hatterene|Hatterene, F|100/100
|move|p2a: Lynrd Spynrd|Ice Spinner|p1a: Hatterene
|-damage|p1a: Hatterene|81/100
|-damage|p2a: Lynrd Spynrd|78/100|[from] item: Rocky Helmet|[of] p1a: Hatterene
|
|-weather|none
|-end|p2a: Lynrd Spynrd|Protosynthesis
|upkeep
|turn|19
|
|t:|1779649979
|move|p2a: Lynrd Spynrd|Headlong Rush|p1a: Hatterene
|-damage|p1a: Hatterene|38/100
|-unboost|p2a: Lynrd Spynrd|def|1
|-unboost|p2a: Lynrd Spynrd|spd|1
|-damage|p2a: Lynrd Spynrd|61/100|[from] item: Rocky Helmet|[of] p1a: Hatterene
|move|p1a: Hatterene|Psychic Noise|p2a: Lynrd Spynrd
|-supereffective|p2a: Lynrd Spynrd
|-damage|p2a: Lynrd Spynrd|0 fnt
|faint|p2a: Lynrd Spynrd
|-end|p2a: Lynrd Spynrd|Protosynthesis|[silent]
|
|upkeep
|
|t:|1779649983
|switch|p2a: Kurama Chakra Mode|Ninetales, M, shiny|43/100
|-damage|p2a: Kurama Chakra Mode|18/100|[from] Stealth Rock
|-weather|SunnyDay|[from] ability: Drought|[of] p2a: Kurama Chakra Mode
|turn|20
|inactive|Zephyri has 270 seconds left.
|
|t:|1779650014
|switch|p2a: Venu Vidi Vici|Venusaur, M|100/100
|-damage|p2a: Venu Vidi Vici|88/100|[from] Stealth Rock
|move|p1a: Hatterene|Psychic Noise|p2a: Venu Vidi Vici
|-supereffective|p2a: Venu Vidi Vici
|-damage|p2a: Venu Vidi Vici|6/100
|-start|p2a: Venu Vidi Vici|move: Heal Block
|
|-weather|SunnyDay|[upkeep]
|upkeep
|turn|21
|
|t:|1779650017
|move|p2a: Venu Vidi Vici|Sludge Bomb|p1a: Hatterene
|-supereffective|p1a: Hatterene
|-damage|p1a: Hatterene|0 fnt
|faint|p1a: Hatterene
|-damage|p2a: Venu Vidi Vici|0 fnt|[from] item: Life Orb
|faint|p2a: Venu Vidi Vici
|
|-weather|SunnyDay|[upkeep]
|upkeep
|c|☆Moon of Seoul|GG
|
|t:|1779650021
|switch|p2a: Kurama Chakra Mode|Ninetales, M, shiny|18/100
|switch|p1a: Slowking|Slowking-Galar, F|100/100
|-damage|p2a: Kurama Chakra Mode|0 fnt|[from] Stealth Rock
|faint|p2a: Kurama Chakra Mode
|
|win|Zephyri
