|j|☆KnightKnaveSpy
|j|☆BROOMX4
|t:|1779684597
|gametype|singles
|player|p1|KnightKnaveSpy|170|1445
|player|p2|BROOMX4|steven|1479
|gen|9
|tier|[Gen 9] OU
|rated|
|rule|HP Percentage Mod: HP is shown in percentages
|rule|Endless Battle Clause: Forcing endless battles is banned
|rule|Species Clause: Limit one of each Pokémon
|rule|OHKO Clause: OHKO moves are banned
|rule|Evasion Items Clause: Evasion items are banned
|rule|Evasion Moves Clause: Evasion moves are banned
|rule|Evasion Abilities Clause: Evasion abilities are banned
|rule|Sleep Moves Clause: Sleep-inducing moves are banned
|clearpoke
|poke|p1|Samurott-Hisui, M|
|poke|p1|Blaziken, M|
|poke|p1|Kingambit, M|
|poke|p1|Raging Bolt|
|poke|p1|Ogerpon-Wellspring, F|
|poke|p1|Greninja-*, F|
|poke|p2|Kyurem|
|poke|p2|Slowking-Galar, M|
|poke|p2|Hatterene, F|
|poke|p2|Moltres|
|poke|p2|Great Tusk|
|poke|p2|Tyranitar, F|
|teampreview
|inactive|Battle timer is ON: inactive players will automatically lose when time's up. (requested by BROOMX4)
|
|t:|1779684612
|teamsize|p1|6
|teamsize|p2|6
|start
|switch|p1a: Samurott|Samurott-Hisui, M|100/100
|switch|p2a: Tyranitar|Tyranitar, F|100/100
|-weather|Sandstorm|[from] ability: Sand Stream|[of] p2a: Tyranitar
|turn|1
|
|t:|1779684623
|switch|p2a: Kyurem|Kyurem|100/100
|-ability|p2a: Kyurem|Pressure
|move|p1a: Samurott|Ceaseless Edge|p2a: Kyurem
|-damage|p2a: Kyurem|58/100
|-sidestart|p2: BROOMX4|Spikes
|
|-weather|Sandstorm|[upkeep]
|-damage|p2a: Kyurem|52/100|[from] Sandstorm
|-damage|p1a: Samurott|94/100|[from] Sandstorm
|upkeep
|turn|2
|
|t:|1779684634
|move|p1a: Samurott|Sucker Punch|p2a: Kyurem
|-damage|p2a: Kyurem|22/100
|move|p2a: Kyurem|Freeze-Dry|p1a: Samurott
|-supereffective|p1a: Samurott
|-damage|p1a: Samurott|0 fnt
|faint|p1a: Samurott
|
|-weather|Sandstorm|[upkeep]
|-damage|p2a: Kyurem|16/100|[from] Sandstorm
|upkeep
|
|t:|1779684637
|switch|p1a: Ogerpon|Ogerpon-Wellspring, F|100/100
|turn|3
|
|t:|1779684643
|switch|p2a: Slowking|Slowking-Galar, M|100/100
|move|p1a: Ogerpon|Ivy Cudgel|p2a: Slowking|[anim] Ivy Cudgel Water
|-damage|p2a: Slowking|61/100
|
|-weather|Sandstorm|[upkeep]
|-damage|p1a: Ogerpon|95/100|[from] Sandstorm
|-damage|p2a: Slowking|55/100|[from] Sandstorm
|upkeep
|turn|4
|
|t:|1779684650
|switch|p2a: Great Tusk|Great Tusk|100/100
|-damage|p2a: Great Tusk|88/100|[from] Spikes
|move|p1a: Ogerpon|U-turn|p2a: Great Tusk
|-resisted|p2a: Great Tusk
|-damage|p2a: Great Tusk|79/100
|
|t:|1779684661
|switch|p1a: Kingambit|Kingambit, M|100/100|[from] U-turn
|-activate|p1a: Kingambit|ability: Supreme Overlord
|-start|p1a: Kingambit|fallen1|[silent]
|
|-weather|Sandstorm|[upkeep]
|upkeep
|turn|5
|
|t:|1779684670
|-terastallize|p1a: Kingambit|Ghost
|move|p2a: Great Tusk|Knock Off|p1a: Kingambit
|-supereffective|p1a: Kingambit
|-damage|p1a: Kingambit|47/100
|-enditem|p1a: Kingambit|Dread Plate|[from] move: Knock Off|[of] p2a: Great Tusk
|move|p1a: Kingambit|Iron Head|p2a: Great Tusk
|-damage|p2a: Great Tusk|44/100
|
|-weather|none
|upkeep
|turn|6
|
|t:|1779684681
|-end|p1a: Kingambit|fallen1|[silent]
|switch|p1a: Ogerpon|Ogerpon-Wellspring, F|95/100
|move|p2a: Great Tusk|Knock Off|p1a: Ogerpon
|-damage|p1a: Ogerpon|62/100
|
|upkeep
|turn|7
|
|t:|1779684685
|-end|p2a: Great Tusk|Protosynthesis|[silent]
|switch|p2a: Slowking|Slowking-Galar, M|88/100
|move|p1a: Ogerpon|Ivy Cudgel|p2a: Slowking|[anim] Ivy Cudgel Water
|-crit|p2a: Slowking
|-damage|p2a: Slowking|27/100
|
|upkeep
|turn|8
|
|t:|1779684696
|switch|p2a: Hatterene|Hatterene, F|100/100
|-damage|p2a: Hatterene|88/100|[from] Spikes
|move|p1a: Ogerpon|Ivy Cudgel|p2a: Hatterene|[anim] Ivy Cudgel Water
|-damage|p2a: Hatterene|37/100
|-enditem|p2a: Hatterene|Eject Button
|
|t:|1779684701
|switch|p2a: Great Tusk|Great Tusk|44/100
|-damage|p2a: Great Tusk|32/100|[from] Spikes
|
|upkeep
|turn|9
|
|t:|1779684707
|move|p2a: Great Tusk|Close Combat|p1a: Ogerpon
|-damage|p1a: Ogerpon|0 fnt
|-unboost|p2a: Great Tusk|def|1
|-unboost|p2a: Great Tusk|spd|1
|faint|p1a: Ogerpon
|
|upkeep
|
|t:|1779684721
|switch|p1a: Kingambit|Kingambit, M, tera:Ghost|47/100
|-activate|p1a: Kingambit|ability: Supreme Overlord
|-start|p1a: Kingambit|fallen2|[silent]
|turn|10
|
|t:|1779684726
|-end|p2a: Great Tusk|Protosynthesis|[silent]
|switch|p2a: Moltres|Moltres|100/100
|-end|p1a: Kingambit|fallen2|[silent]
|switch|p1a: Raging Bolt|Raging Bolt|100/100
|-item|p1a: Raging Bolt|Air Balloon
|
|upkeep
|turn|11
|
|t:|1779684729
|switch|p2a: Tyranitar|Tyranitar, F|100/100
|-damage|p2a: Tyranitar|88/100|[from] Spikes
|-weather|Sandstorm|[from] ability: Sand Stream|[of] p2a: Tyranitar
|move|p1a: Raging Bolt|Draco Meteor|p2a: Tyranitar
|-damage|p2a: Tyranitar|68/100
|-unboost|p1a: Raging Bolt|spa|2
|
|-weather|Sandstorm|[upkeep]
|-damage|p1a: Raging Bolt|94/100|[from] Sandstorm
|upkeep
|turn|12
|
|t:|1779684735
|move|p1a: Raging Bolt|Volt Switch|p2a: Tyranitar
|-damage|p2a: Tyranitar|62/100
|
|t:|1779684738
|-end|p1a: Raging Bolt|Protosynthesis|[silent]
|switch|p1a: Blaziken|Blaziken, M|100/100|[from] Volt Switch
|move|p2a: Tyranitar|Knock Off|p1a: Blaziken
|-resisted|p1a: Blaziken
|-damage|p1a: Blaziken|71/100
|-enditem|p1a: Blaziken|Leftovers|[from] move: Knock Off|[of] p2a: Tyranitar
|
|-weather|Sandstorm|[upkeep]
|-damage|p1a: Blaziken|65/100|[from] Sandstorm
|upkeep
|turn|13
|
|t:|1779684743
|switch|p2a: Moltres|Moltres|100/100
|move|p1a: Blaziken|Close Combat|p2a: Moltres
|-resisted|p2a: Moltres
|-damage|p2a: Moltres|77/100
|-unboost|p1a: Blaziken|def|1
|-unboost|p1a: Blaziken|spd|1
|
|-weather|Sandstorm|[upkeep]
|-damage|p1a: Blaziken|59/100|[from] Sandstorm
|-damage|p2a: Moltres|71/100|[from] Sandstorm
|-ability|p1a: Blaziken|Speed Boost|boost
|-boost|p1a: Blaziken|spe|1
|upkeep
|turn|14
|
|t:|1779684748
|switch|p1a: Raging Bolt|Raging Bolt|94/100
|-item|p1a: Raging Bolt|Air Balloon
|move|p2a: Moltres|Roost|p2a: Moltres
|-heal|p2a: Moltres|100/100
|-singleturn|p2a: Moltres|move: Roost
|
|-weather|Sandstorm|[upkeep]
|-damage|p2a: Moltres|94/100|[from] Sandstorm
|-damage|p1a: Raging Bolt|88/100|[from] Sandstorm
|upkeep
|turn|15
|
|t:|1779684757
|switch|p2a: Tyranitar|Tyranitar, F|62/100
|-damage|p2a: Tyranitar|49/100|[from] Spikes
|move|p1a: Raging Bolt|Draco Meteor|p2a: Tyranitar
|-damage|p2a: Tyranitar|27/100
|-unboost|p1a: Raging Bolt|spa|2
|
|-weather|none
|upkeep
|turn|16
|
|t:|1779684763
|move|p1a: Raging Bolt|Volt Switch|p2a: Tyranitar
|-damage|p2a: Tyranitar|18/100
|
|t:|1779684767
|-end|p1a: Raging Bolt|Protosynthesis|[silent]
|switch|p1a: Blaziken|Blaziken, M|59/100|[from] Volt Switch
|move|p2a: Tyranitar|Stone Edge|p1a: Blaziken
|-damage|p1a: Blaziken|0 fnt
|faint|p1a: Blaziken
|
|upkeep
|
|t:|1779684771
|switch|p1a: Greninja|Greninja, F|100/100
|turn|17
|
|t:|1779684792
|switch|p2a: Slowking|Slowking-Galar, M|60/100
|move|p1a: Greninja|Hydro Pump|p2a: Slowking|[miss]
|-start|p1a: Greninja|typechange|Water|[from] ability: Protean
|-miss|p1a: Greninja|p2a: Slowking
|
|upkeep
|turn|18
|
|t:|1779684802
|switch|p1a: Kingambit|Kingambit, M, tera:Ghost|47/100
|-activate|p1a: Kingambit|ability: Supreme Overlord
|-start|p1a: Kingambit|fallen3|[silent]
|switch|p2a: Tyranitar|Tyranitar, F|18/100
|-damage|p2a: Tyranitar|5/100|[from] Spikes
|-weather|Sandstorm|[from] ability: Sand Stream|[of] p2a: Tyranitar
|
|-weather|Sandstorm|[upkeep]
|-damage|p1a: Kingambit|41/100|[from] Sandstorm
|upkeep
|turn|19
|
|t:|1779684806
|move|p1a: Kingambit|Sucker Punch|p2a: Tyranitar
|-resisted|p2a: Tyranitar
|-damage|p2a: Tyranitar|0 fnt
|faint|p2a: Tyranitar
|
|-weather|Sandstorm|[upkeep]
|-damage|p1a: Kingambit|35/100|[from] Sandstorm
|upkeep
|
|t:|1779684811
|switch|p2a: Moltres|Moltres|94/100
|turn|20
|
|t:|1779684813
|-end|p1a: Kingambit|fallen3|[silent]
|switch|p1a: Raging Bolt|Raging Bolt|88/100
|-item|p1a: Raging Bolt|Air Balloon
|move|p2a: Moltres|U-turn|p1a: Raging Bolt
|-damage|p1a: Raging Bolt|76/100
|-enditem|p1a: Raging Bolt|Air Balloon
|
|t:|1779684816
|switch|p2a: Great Tusk|Great Tusk|32/100|[from] U-turn
|-damage|p2a: Great Tusk|19/100|[from] Spikes
|
|-weather|Sandstorm|[upkeep]
|-damage|p1a: Raging Bolt|70/100|[from] Sandstorm
|upkeep
|turn|21
|
|t:|1779684832
|move|p2a: Great Tusk|Headlong Rush|p1a: Raging Bolt
|-supereffective|p1a: Raging Bolt
|-damage|p1a: Raging Bolt|0 fnt
|-unboost|p2a: Great Tusk|def|1
|-unboost|p2a: Great Tusk|spd|1
|faint|p1a: Raging Bolt
|-end|p1a: Raging Bolt|Protosynthesis|[silent]
|
|-weather|Sandstorm|[upkeep]
|upkeep
|
|t:|1779684834
|switch|p1a: Greninja|Greninja, F|100/100
|turn|22
|
|t:|1779684839
|-end|p2a: Great Tusk|Protosynthesis|[silent]
|switch|p2a: Slowking|Slowking-Galar, M|93/100
|move|p1a: Greninja|Water Shuriken|p2a: Slowking
|-start|p1a: Greninja|typechange|Water|[from] ability: Protean
|-damage|p2a: Slowking|89/100
|-damage|p2a: Slowking|82/100
|-damage|p2a: Slowking|77/100
|-hitcount|p2a: Slowking|3
|
|-weather|none
|upkeep
|turn|23
|
|t:|1779684860
|move|p1a: Greninja|Dark Pulse|p2a: Slowking
|-supereffective|p2a: Slowking
|-damage|p2a: Slowking|38/100
|-prepare|p2a: Slowking|Chilly Reception|[premajor]
|move|p2a: Slowking|Chilly Reception|p2a: Slowking
|-weather|Snowscape
|
|t:|1779684874
|switch|p2a: Moltres|Moltres|94/100|[from] Chilly Reception
|
|-weather|Snowscape|[upkeep]
|upkeep
|turn|24
|inactive|BROOMX4 has 120 seconds left.
|
|t:|1779684901
|-terastallize|p2a: Moltres|Fairy
|move|p1a: Greninja|Dark Pulse|p2a: Moltres
|-resisted|p2a: Moltres
|-damage|p2a: Moltres|83/100
|move|p2a: Moltres|Flamethrower|p1a: Greninja
|-resisted|p1a: Greninja
|-damage|p1a: Greninja|70/100
|
|-weather|Snowscape|[upkeep]
|upkeep
|turn|25
|
|t:|1779684912
|move|p1a: Greninja|Hydro Pump|p2a: Moltres
|-damage|p2a: Moltres|31/100
|move|p2a: Moltres|Roost|p2a: Moltres
|-heal|p2a: Moltres|81/100
|
|-weather|Snowscape|[upkeep]
|upkeep
|turn|26
|
|t:|1779684919
|switch|p2a: Slowking|Slowking-Galar, M|72/100
|move|p1a: Greninja|Hydro Pump|p2a: Slowking
|-damage|p2a: Slowking|32/100
|
|-weather|Snowscape|[upkeep]
|upkeep
|turn|27
|
|t:|1779684929
|switch|p2a: Kyurem|Kyurem|16/100
|-damage|p2a: Kyurem|4/100|[from] Spikes
|-ability|p2a: Kyurem|Pressure
|move|p1a: Greninja|Hydro Pump|p2a: Kyurem
|-resisted|p2a: Kyurem
|-crit|p2a: Kyurem
|-damage|p2a: Kyurem|0 fnt
|faint|p2a: Kyurem
|
|-weather|none
|upkeep
|
|t:|1779684936
|switch|p2a: Slowking|Slowking-Galar, M|65/100
|turn|28
|
|t:|1779684939
|move|p1a: Greninja|Dark Pulse|p2a: Slowking
|-supereffective|p2a: Slowking
|-damage|p2a: Slowking|27/100
|move|p2a: Slowking|Future Sight|p1a: Greninja
|-start|p2a: Slowking|move: Future Sight
|
|upkeep
|turn|29
|
|t:|1779684947
|switch|p1a: Kingambit|Kingambit, M, tera:Ghost|35/100
|-activate|p1a: Kingambit|ability: Supreme Overlord
|-start|p1a: Kingambit|fallen4|[silent]
|switch|p2a: Hatterene|Hatterene, F|37/100
|-damage|p2a: Hatterene|25/100|[from] Spikes
|
|upkeep
|turn|30
|
|t:|1779684954
|move|p1a: Kingambit|Iron Head|p2a: Hatterene
|-supereffective|p2a: Hatterene
|-damage|p2a: Hatterene|0 fnt
|faint|p2a: Hatterene
|
|-end|p1a: Kingambit|move: Future Sight
|-damage|p1a: Kingambit|0 fnt
|faint|p1a: Kingambit
|-end|p1a: Kingambit|fallen4|[silent]
|upkeep
|
|t:|1779684960
|switch|p1a: Greninja|Greninja, F|70/100
|switch|p2a: Slowking|Slowking-Galar, M|60/100
|turn|31
|
|t:|1779684964
|switch|p2a: Great Tusk|Great Tusk|19/100
|-damage|p2a: Great Tusk|7/100|[from] Spikes
|move|p1a: Greninja|Ice Beam|p2a: Great Tusk
|-start|p1a: Greninja|typechange|Ice|[from] ability: Protean
|-supereffective|p2a: Great Tusk
|-damage|p2a: Great Tusk|0 fnt
|faint|p2a: Great Tusk
|-end|p2a: Great Tusk|Protosynthesis|[silent]
|
|upkeep
|
|t:|1779684966
|switch|p2a: Slowking|Slowking-Galar, M|93/100
|turn|32
|
|t:|1779684969
|move|p1a: Greninja|Dark Pulse|p2a: Slowking
|-supereffective|p2a: Slowking
|-damage|p2a: Slowking|55/100
|move|p2a: Slowking|Future Sight|p1a: Greninja
|-start|p2a: Slowking|move: Future Sight
|
|upkeep
|turn|33
|
|t:|1779684973
|move|p1a: Greninja|Dark Pulse|p2a: Slowking
|-supereffective|p2a: Slowking
|-damage|p2a: Slowking|14/100
|cant|p2a: Slowking|flinch
|
|upkeep
|turn|34
|
|t:|1779684976
|move|p1a: Greninja|Ice Beam|p2a: Slowking
|-crit|p2a: Slowking
|-damage|p2a: Slowking|0 fnt
|faint|p2a: Slowking
|
|-end|p1a: Greninja|move: Future Sight
|-damage|p1a: Greninja|0 fnt
|faint|p1a: Greninja
|
|win|BROOMX4
|raw|KnightKnaveSpy's rating: 1445 &rarr; <strong>1427</strong><br />(-18 for losing)
|raw|BROOMX4's rating: 1479 &rarr; <strong>1497</strong><br />(+18 for winning)
|l|☆KnightKnaveSpy
|player|p1|
|c|☆BROOMX4|gg
|l|☆BROOMX4
|player|p2|
