|inactive|Battle timer is ON: inactive players will automatically lose when time's up.
|t:|1779556688
|gametype|singles
|player|p1|Hairoll|#wcop2026latinamerica|
|player|p2|SpyOP|rood|
|gen|9
|tier|[Gen 9] OU
|rule|HP Percentage Mod: HP is shown in percentages
|rule|Endless Battle Clause: Forcing endless battles is banned
|rule|Species Clause: Limit one of each Pokémon
|rule|OHKO Clause: OHKO moves are banned
|rule|Evasion Items Clause: Evasion items are banned
|rule|Evasion Moves Clause: Evasion moves are banned
|rule|Evasion Abilities Clause: Evasion abilities are banned
|rule|Sleep Moves Clause: Sleep-inducing moves are banned
|clearpoke
|poke|p1|Garganacl, F|
|poke|p1|Gliscor, F|
|poke|p1|Cinderace, F|
|poke|p1|Kyurem|
|poke|p1|Corviknight, F|
|poke|p1|Zamazenta-*|
|poke|p2|Dondozo, F|
|poke|p2|Blissey, F|
|poke|p2|Gliscor, F|
|poke|p2|Toxapex, F|
|poke|p2|Mandibuzz, F|
|poke|p2|Talonflame, F|
|teampreview
|c|☆SpyOP|Hf
|c|☆Hairoll|hf
|inactive|Hairoll has 270 seconds left.
|
|t:|1779556748
|teamsize|p1|6
|teamsize|p2|6
|start
|switch|p1a: Garganacl|Garganacl, F|100/100
|switch|p2a: Gliscor|Gliscor, F|100/100
|turn|1
|
|t:|1779556759
|move|p2a: Gliscor|Knock Off|p1a: Garganacl
|-damage|p1a: Garganacl|88/100
|-enditem|p1a: Garganacl|Leftovers|[from] move: Knock Off|[of] p2a: Gliscor
|move|p1a: Garganacl|Curse|p1a: Garganacl
|-unboost|p1a: Garganacl|spe|1
|-boost|p1a: Garganacl|atk|1
|-boost|p1a: Garganacl|def|1
|
|-status|p2a: Gliscor|tox|[from] item: Toxic Orb
|upkeep
|turn|2
|inactive|SpyOP has 270 seconds left.
|inactive|SpyOP has 240 seconds left.
|
|t:|1779556823
|switch|p2a: Dondozo|Dondozo, F|100/100
|move|p1a: Garganacl|Curse|p1a: Garganacl
|-unboost|p1a: Garganacl|spe|1
|-boost|p1a: Garganacl|atk|1
|-boost|p1a: Garganacl|def|1
|
|upkeep
|turn|3
|
|t:|1779556843
|move|p2a: Dondozo|Body Press|p1a: Garganacl
|-supereffective|p1a: Garganacl
|-damage|p1a: Garganacl|52/100
|move|p1a: Garganacl|Salt Cure|p2a: Dondozo
|-damage|p2a: Dondozo|95/100
|-start|p2a: Dondozo|Salt Cure
|
|-heal|p2a: Dondozo|100/100|[from] item: Leftovers
|-damage|p2a: Dondozo|76/100|[from] Salt Cure
|upkeep
|turn|4
|
|t:|1779556861
|-terastallize|p1a: Garganacl|Water
|move|p2a: Dondozo|Body Press|p1a: Garganacl
|-damage|p1a: Garganacl|36/100
|move|p1a: Garganacl|Recover|p1a: Garganacl
|-heal|p1a: Garganacl|86/100
|
|-heal|p2a: Dondozo|82/100|[from] item: Leftovers
|-damage|p2a: Dondozo|57/100|[from] Salt Cure
|upkeep
|turn|5
|
|t:|1779556869
|switch|p2a: Toxapex|Toxapex, F|100/100
|move|p1a: Garganacl|Curse|p1a: Garganacl
|-unboost|p1a: Garganacl|spe|1
|-boost|p1a: Garganacl|atk|1
|-boost|p1a: Garganacl|def|1
|
|upkeep
|turn|6
|
|t:|1779556877
|switch|p2a: Gliscor|Gliscor, F|100/100 tox
|move|p1a: Garganacl|Curse|p1a: Garganacl
|-unboost|p1a: Garganacl|spe|1
|-boost|p1a: Garganacl|atk|1
|-boost|p1a: Garganacl|def|1
|
|upkeep
|turn|7
|inactive|SpyOP disconnected and has 300 seconds to reconnect!
|player|p2|
|inactive|SpyOP has 270 seconds to reconnect!
|inactive|SpyOP has 240 seconds to reconnect!
|inactive|SpyOP reconnected and has 250 seconds left.
|player|p2|SpyOP|rood|
|inactive|SpyOP has 240 seconds left.
|
|t:|1779556989
|move|p2a: Gliscor|Protect|p2a: Gliscor
|-singleturn|p2a: Gliscor|Protect
|move|p1a: Garganacl|Curse|p1a: Garganacl
|-unboost|p1a: Garganacl|spe|1
|-boost|p1a: Garganacl|atk|1
|-boost|p1a: Garganacl|def|1
|
|upkeep
|turn|8
|
|t:|1779556995
|move|p2a: Gliscor|Knock Off|p1a: Garganacl
|-damage|p1a: Garganacl|84/100
|move|p1a: Garganacl|Curse|p1a: Garganacl
|-unboost|p1a: Garganacl|spe|1
|-boost|p1a: Garganacl|atk|1
|-boost|p1a: Garganacl|def|1
|
|upkeep
|turn|9
|
|t:|1779557002
|move|p2a: Gliscor|Protect|p2a: Gliscor
|-singleturn|p2a: Gliscor|Protect
|move|p1a: Garganacl|Curse|p1a: Garganacl
|
|upkeep
|turn|10
|
|t:|1779557014
|switch|p2a: Dondozo|Dondozo, F|57/100
|move|p1a: Garganacl|Salt Cure|p2a: Dondozo
|-damage|p2a: Dondozo|50/100
|-start|p2a: Dondozo|Salt Cure
|
|-heal|p2a: Dondozo|57/100|[from] item: Leftovers
|-damage|p2a: Dondozo|32/100|[from] Salt Cure
|upkeep
|turn|11
|
|t:|1779557024
|-terastallize|p2a: Dondozo|Dragon
|move|p2a: Dondozo|Rest|p2a: Dondozo
|-status|p2a: Dondozo|slp|[from] move: Rest
|-heal|p2a: Dondozo|100/100 slp|[silent]
|move|p1a: Garganacl|Earthquake|p2a: Dondozo
|-damage|p2a: Dondozo|91/100 slp
|
|-heal|p2a: Dondozo|97/100 slp|[from] item: Leftovers
|-damage|p2a: Dondozo|85/100 slp|[from] Salt Cure
|upkeep
|turn|12
|inactive|SpyOP has 270 seconds left.
|inactive|Hairoll has 270 seconds left.
|inactive|Hairoll has 240 seconds left.
|
|t:|1779557110
|move|p1a: Garganacl|Earthquake|p2a: Dondozo
|-damage|p2a: Dondozo|75/100 slp
|cant|p2a: Dondozo|slp
|
|-heal|p2a: Dondozo|81/100 slp|[from] item: Leftovers
|-damage|p2a: Dondozo|69/100 slp|[from] Salt Cure
|upkeep
|turn|13
|c|☆SpyOP|A
|
|t:|1779557119
|cant|p2a: Dondozo|slp
|move|p1a: Garganacl|Earthquake|p2a: Dondozo
|-damage|p2a: Dondozo|59/100 slp
|
|-heal|p2a: Dondozo|66/100 slp|[from] item: Leftovers
|-damage|p2a: Dondozo|53/100 slp|[from] Salt Cure
|upkeep
|turn|14
|
|t:|1779557130
|switch|p1a: Corviknight|Corviknight, F|100/100
|-ability|p1a: Corviknight|Pressure
|-curestatus|p2a: Dondozo|slp|[msg]
|move|p2a: Dondozo|Body Press|p1a: Corviknight
|-damage|p1a: Corviknight|82/100
|-damage|p2a: Dondozo|37/100|[from] item: Rocky Helmet|[of] p1a: Corviknight
|
|-heal|p2a: Dondozo|43/100|[from] item: Leftovers
|-damage|p2a: Dondozo|31/100|[from] Salt Cure
|upkeep
|turn|15
|
|t:|1779557142
|switch|p2a: Talonflame|Talonflame, F|100/100
|move|p1a: Corviknight|U-turn|p2a: Talonflame
|-resisted|p2a: Talonflame
|-damage|p2a: Talonflame|98/100
|-status|p1a: Corviknight|brn|[from] ability: Flame Body|[of] p2a: Talonflame
|
|t:|1779557152
|switch|p1a: Garganacl|Garganacl, F, tera:Water|84/100|[from] U-turn
|
|upkeep
|turn|16
|inactive|SpyOP has 270 seconds left.
|
|t:|1779557193
|switch|p2a: Toxapex|Toxapex, F|100/100
|move|p1a: Garganacl|Salt Cure|p2a: Toxapex
|-damage|p2a: Toxapex|91/100
|-start|p2a: Toxapex|Salt Cure
|
|-heal|p2a: Toxapex|97/100|[from] item: Black Sludge
|-damage|p2a: Toxapex|72/100|[from] Salt Cure
|upkeep
|turn|17
|
|t:|1779557208
|switch|p2a: Gliscor|Gliscor, F|100/100 tox
|move|p1a: Garganacl|Curse|p1a: Garganacl
|-unboost|p1a: Garganacl|spe|1
|-boost|p1a: Garganacl|atk|1
|-boost|p1a: Garganacl|def|1
|
|upkeep
|turn|18
|
|t:|1779557213
|move|p2a: Gliscor|Knock Off|p1a: Garganacl
|-damage|p1a: Garganacl|78/100
|move|p1a: Garganacl|Salt Cure|p2a: Gliscor
|-damage|p2a: Gliscor|84/100 tox
|-start|p2a: Gliscor|Salt Cure
|
|-heal|p2a: Gliscor|97/100 tox|[from] ability: Poison Heal
|-damage|p2a: Gliscor|84/100 tox|[from] Salt Cure
|upkeep
|turn|19
|
|t:|1779557220
|switch|p2a: Dondozo|Dondozo, F, tera:Dragon|31/100
|move|p1a: Garganacl|Curse|p1a: Garganacl
|-unboost|p1a: Garganacl|spe|1
|-boost|p1a: Garganacl|atk|1
|-boost|p1a: Garganacl|def|1
|
|-heal|p2a: Dondozo|37/100|[from] item: Leftovers
|upkeep
|turn|20
|
|t:|1779557223
|move|p2a: Dondozo|Rest|p2a: Dondozo
|-status|p2a: Dondozo|slp|[from] move: Rest
|-heal|p2a: Dondozo|100/100 slp|[silent]
|move|p1a: Garganacl|Salt Cure|p2a: Dondozo
|-damage|p2a: Dondozo|95/100 slp
|-start|p2a: Dondozo|Salt Cure
|
|-heal|p2a: Dondozo|100/100 slp|[from] item: Leftovers
|-damage|p2a: Dondozo|88/100 slp|[from] Salt Cure
|upkeep
|turn|21
|
|t:|1779557234
|switch|p2a: Toxapex|Toxapex, F|100/100
|switch|p1a: Corviknight|Corviknight, F|82/100 brn
|-ability|p1a: Corviknight|Pressure
|
|-damage|p1a: Corviknight|76/100 brn|[from] brn
|upkeep
|turn|22
|
|t:|1779557243
|switch|p1a: Gliscor|Gliscor, F|100/100
|switch|p2a: Gliscor|Gliscor, F|84/100 tox
|
|-heal|p2a: Gliscor|97/100 tox|[from] ability: Poison Heal
|-status|p1a: Gliscor|tox|[from] item: Toxic Orb
|upkeep
|turn|23
|
|t:|1779557253
|move|p1a: Gliscor|U-turn|p2a: Gliscor
|-resisted|p2a: Gliscor
|-damage|p2a: Gliscor|91/100 tox
|
|t:|1779557255
|switch|p1a: Garganacl|Garganacl, F, tera:Water|78/100|[from] U-turn
|move|p2a: Gliscor|Spikes|p1a: Garganacl
|-sidestart|p1: Hairoll|Spikes
|
|-heal|p2a: Gliscor|100/100 tox|[from] ability: Poison Heal
|upkeep
|turn|24
|inactive|Hairoll has 270 seconds left.
|
|t:|1779557266
|switch|p2a: Toxapex|Toxapex, F|100/100
|move|p1a: Garganacl|Salt Cure|p2a: Toxapex
|-damage|p2a: Toxapex|90/100
|-start|p2a: Toxapex|Salt Cure
|
|-heal|p2a: Toxapex|97/100|[from] item: Black Sludge
|-damage|p2a: Toxapex|72/100|[from] Salt Cure
|upkeep
|turn|25
|
|t:|1779557269
|switch|p2a: Gliscor|Gliscor, F|100/100 tox
|move|p1a: Garganacl|Earthquake|p2a: Gliscor
|-immune|p2a: Gliscor
|
|upkeep
|turn|26
|
|t:|1779557273
|switch|p2a: Toxapex|Toxapex, F|100/100
|switch|p1a: Corviknight|Corviknight, F|76/100 brn
|-ability|p1a: Corviknight|Pressure
|
|-damage|p1a: Corviknight|70/100 brn|[from] brn
|upkeep
|turn|27
|
|t:|1779557278
|switch|p2a: Dondozo|Dondozo, F, tera:Dragon|88/100 slp
|move|p1a: Corviknight|Defog|p2a: Dondozo
|-unboost|p2a: Dondozo|evasion|1
|-sideend|p1: Hairoll|Spikes|[from] move: Defog|[of] p1a: Corviknight
|
|-heal|p2a: Dondozo|94/100 slp|[from] item: Leftovers
|-damage|p1a: Corviknight|64/100 brn|[from] brn
|upkeep
|turn|28
|
|t:|1779557282
|switch|p2a: Gliscor|Gliscor, F|100/100 tox
|move|p1a: Corviknight|Roost|p1a: Corviknight
|-heal|p1a: Corviknight|100/100 brn
|-singleturn|p1a: Corviknight|move: Roost
|
|-damage|p1a: Corviknight|94/100 brn|[from] brn
|upkeep
|turn|29
|
|t:|1779557288
|move|p2a: Gliscor|Knock Off|p1a: Corviknight
|-damage|p1a: Corviknight|81/100 brn
|-damage|p2a: Gliscor|84/100 tox|[from] item: Rocky Helmet|[of] p1a: Corviknight
|-enditem|p1a: Corviknight|Rocky Helmet|[from] move: Knock Off|[of] p2a: Gliscor
|move|p1a: Corviknight|U-turn|p2a: Gliscor
|-resisted|p2a: Gliscor
|-damage|p2a: Gliscor|81/100 tox
|
|t:|1779557290
|switch|p1a: Kyurem|Kyurem|100/100|[from] U-turn
|-ability|p1a: Kyurem|Pressure
|
|-heal|p2a: Gliscor|94/100 tox|[from] ability: Poison Heal
|upkeep
|turn|30
|
|t:|1779557296
|switch|p2a: Blissey|Blissey, F|100/100
|move|p1a: Kyurem|Ice Beam|p2a: Blissey
|-damage|p2a: Blissey|79/100
|
|-heal|p2a: Blissey|85/100|[from] item: Leftovers
|upkeep
|turn|31
|
|t:|1779557302
|switch|p1a: Gliscor|Gliscor, F|100/100 tox
|switch|p2a: Toxapex|Toxapex, F|100/100
|
|upkeep
|turn|32
|
|t:|1779557305
|switch|p2a: Gliscor|Gliscor, F|94/100 tox
|move|p1a: Gliscor|Earthquake|p2a: Gliscor
|-immune|p2a: Gliscor
|
|-heal|p2a: Gliscor|100/100 tox|[from] ability: Poison Heal
|upkeep
|turn|33
|
|t:|1779557309
|move|p1a: Gliscor|U-turn|p2a: Gliscor
|-resisted|p2a: Gliscor
|-damage|p2a: Gliscor|95/100 tox
|
|t:|1779557314
|switch|p1a: Garganacl|Garganacl, F, tera:Water|78/100|[from] U-turn
|move|p2a: Gliscor|Spikes|p1a: Garganacl
|-sidestart|p1: Hairoll|Spikes
|
|-heal|p2a: Gliscor|100/100 tox|[from] ability: Poison Heal
|upkeep
|turn|34
|
|t:|1779557318
|switch|p2a: Toxapex|Toxapex, F|100/100
|switch|p1a: Gliscor|Gliscor, F|100/100 tox
|
|upkeep
|turn|35
|
|t:|1779557322
|switch|p2a: Gliscor|Gliscor, F|100/100 tox
|move|p1a: Gliscor|U-turn|p2a: Gliscor
|-resisted|p2a: Gliscor
|-damage|p2a: Gliscor|95/100 tox
|
|t:|1779557323
|switch|p1a: Corviknight|Corviknight, F|81/100 brn|[from] U-turn
|-ability|p1a: Corviknight|Pressure
|
|-heal|p2a: Gliscor|100/100 tox|[from] ability: Poison Heal
|-damage|p1a: Corviknight|75/100 brn|[from] brn
|upkeep
|turn|36
|
|t:|1779557328
|switch|p2a: Blissey|Blissey, F|85/100
|move|p1a: Corviknight|Defog|p2a: Blissey
|-unboost|p2a: Blissey|evasion|1
|-sideend|p1: Hairoll|Spikes|[from] move: Defog|[of] p1a: Corviknight
|
|-heal|p2a: Blissey|91/100|[from] item: Leftovers
|-damage|p1a: Corviknight|69/100 brn|[from] brn
|upkeep
|turn|37
|
|t:|1779557334
|switch|p2a: Toxapex|Toxapex, F|100/100
|switch|p1a: Gliscor|Gliscor, F|100/100 tox
|
|upkeep
|turn|38
|
|t:|1779557338
|switch|p2a: Gliscor|Gliscor, F|100/100 tox
|move|p1a: Gliscor|U-turn|p2a: Gliscor
|-resisted|p2a: Gliscor
|-damage|p2a: Gliscor|95/100 tox
|
|t:|1779557340
|switch|p1a: Kyurem|Kyurem|100/100|[from] U-turn
|-ability|p1a: Kyurem|Pressure
|
|-heal|p2a: Gliscor|100/100 tox|[from] ability: Poison Heal
|upkeep
|turn|39
|
|t:|1779557345
|switch|p2a: Toxapex|Toxapex, F|100/100
|move|p1a: Kyurem|Ice Beam|p2a: Toxapex
|-resisted|p2a: Toxapex
|-damage|p2a: Toxapex|75/100
|
|-heal|p2a: Toxapex|81/100|[from] item: Black Sludge
|upkeep
|turn|40
|
|t:|1779557353
|switch|p1a: Garganacl|Garganacl, F, tera:Water|78/100
|switch|p2a: Blissey|Blissey, F|91/100
|
|-heal|p2a: Blissey|97/100|[from] item: Leftovers
|upkeep
|turn|41
|
|t:|1779557361
|switch|p2a: Toxapex|Toxapex, F|100/100
|move|p1a: Garganacl|Salt Cure|p2a: Toxapex
|-damage|p2a: Toxapex|90/100
|-start|p2a: Toxapex|Salt Cure
|
|-heal|p2a: Toxapex|96/100|[from] item: Black Sludge
|-damage|p2a: Toxapex|71/100|[from] Salt Cure
|upkeep
|turn|42
|
|t:|1779557368
|switch|p1a: Kyurem|Kyurem|100/100
|-ability|p1a: Kyurem|Pressure
|switch|p2a: Gliscor|Gliscor, F|100/100 tox
|
|upkeep
|turn|43
|
|t:|1779557371
|switch|p2a: Blissey|Blissey, F|97/100
|move|p1a: Kyurem|Freeze-Dry|p2a: Blissey
|-damage|p2a: Blissey|80/100
|
|-heal|p2a: Blissey|86/100|[from] item: Leftovers
|upkeep
|turn|44
|
|t:|1779557394
|switch|p1a: Gliscor|Gliscor, F|100/100 tox
|move|p2a: Blissey|Stealth Rock|p1a: Gliscor
|-sidestart|p1: Hairoll|move: Stealth Rock
|
|-heal|p2a: Blissey|92/100|[from] item: Leftovers
|upkeep
|turn|45
|
|t:|1779557400
|switch|p2a: Gliscor|Gliscor, F|100/100 tox
|move|p1a: Gliscor|U-turn|p2a: Gliscor
|-resisted|p2a: Gliscor
|-crit|p2a: Gliscor
|-damage|p2a: Gliscor|92/100 tox
|c|+egalvanc|seasonal?
|
|t:|1779557408
|switch|p1a: Garganacl|Garganacl, F, tera:Water|78/100|[from] U-turn
|-damage|p1a: Garganacl|66/100|[from] Stealth Rock
|
|-heal|p2a: Gliscor|100/100 tox|[from] ability: Poison Heal
|upkeep
|turn|46
|c|☆SpyOP|Yh
|
|t:|1779557419
|switch|p2a: Toxapex|Toxapex, F|100/100
|move|p1a: Garganacl|Salt Cure|p2a: Toxapex
|-damage|p2a: Toxapex|91/100
|-start|p2a: Toxapex|Salt Cure
|
|-heal|p2a: Toxapex|97/100|[from] item: Black Sludge
|-damage|p2a: Toxapex|72/100|[from] Salt Cure
|upkeep
|turn|47
|
|t:|1779557436
|switch|p1a: Corviknight|Corviknight, F|69/100 brn
|-damage|p1a: Corviknight|57/100 brn|[from] Stealth Rock
|-ability|p1a: Corviknight|Pressure
|switch|p2a: Gliscor|Gliscor, F|100/100 tox
|
|-damage|p1a: Corviknight|51/100 brn|[from] brn
|upkeep
|turn|48
|
|t:|1779557440
|switch|p2a: Talonflame|Talonflame, F|98/100
|move|p1a: Corviknight|Defog|p2a: Talonflame
|-unboost|p2a: Talonflame|evasion|1
|-sideend|p1: Hairoll|Stealth Rock|[from] move: Defog|[of] p1a: Corviknight
|
|-damage|p1a: Corviknight|45/100 brn|[from] brn
|upkeep
|turn|49
|
|t:|1779557448
|switch|p2a: Toxapex|Toxapex, F|100/100
|switch|p1a: Gliscor|Gliscor, F|100/100 tox
|
|upkeep
|turn|50
|
|t:|1779557453
|switch|p1a: Kyurem|Kyurem|100/100
|-ability|p1a: Kyurem|Pressure
|move|p2a: Toxapex|Toxic Spikes|p1a: Kyurem
|-sidestart|p1: Hairoll|move: Toxic Spikes
|
|upkeep
|turn|51
|
|t:|1779557463
|switch|p2a: Blissey|Blissey, F|92/100
|move|p1a: Kyurem|Freeze-Dry|p2a: Blissey
|-damage|p2a: Blissey|75/100
|
|-heal|p2a: Blissey|81/100|[from] item: Leftovers
|upkeep
|turn|52
|
|t:|1779557479
|switch|p1a: Gliscor|Gliscor, F|100/100 tox
|move|p2a: Blissey|Stealth Rock|p1a: Gliscor
|-sidestart|p1: Hairoll|move: Stealth Rock
|
|-heal|p2a: Blissey|87/100|[from] item: Leftovers
|upkeep
|turn|53
|
|t:|1779557487
|switch|p2a: Gliscor|Gliscor, F|100/100 tox
|move|p1a: Gliscor|Earthquake|p2a: Gliscor
|-immune|p2a: Gliscor
|
|upkeep
|turn|54
|
|t:|1779557503
|move|p1a: Gliscor|Toxic|p2a: Gliscor
|-fail|p2a: Gliscor|tox
|move|p2a: Gliscor|Knock Off|p1a: Gliscor
|-damage|p1a: Gliscor|84/100 tox
|-enditem|p1a: Gliscor|Toxic Orb|[from] move: Knock Off|[of] p2a: Gliscor
|
|-heal|p1a: Gliscor|97/100 tox|[from] ability: Poison Heal
|upkeep
|turn|55
|
|t:|1779557510
|move|p1a: Gliscor|Toxic|p2a: Gliscor
|-fail|p2a: Gliscor|tox
|move|p2a: Gliscor|Knock Off|p1a: Gliscor
|-damage|p1a: Gliscor|85/100 tox
|
|-heal|p1a: Gliscor|97/100 tox|[from] ability: Poison Heal
|upkeep
|turn|56
|
|t:|1779557515
|switch|p2a: Toxapex|Toxapex, F|100/100
|move|p1a: Gliscor|Toxic|p2a: Toxapex
|-immune|p2a: Toxapex
|
|-heal|p1a: Gliscor|100/100 tox|[from] ability: Poison Heal
|upkeep
|turn|57
|
|t:|1779557520
|switch|p2a: Gliscor|Gliscor, F|100/100 tox
|move|p1a: Gliscor|U-turn|p2a: Gliscor
|-resisted|p2a: Gliscor
|-damage|p2a: Gliscor|95/100 tox
|
|t:|1779557522
|switch|p1a: Corviknight|Corviknight, F|45/100 brn|[from] U-turn
|-damage|p1a: Corviknight|32/100 brn|[from] Stealth Rock
|-ability|p1a: Corviknight|Pressure
|
|-heal|p2a: Gliscor|100/100 tox|[from] ability: Poison Heal
|-damage|p1a: Corviknight|26/100 brn|[from] brn
|upkeep
|turn|58
|
|t:|1779557525
|switch|p2a: Talonflame|Talonflame, F|98/100
|move|p1a: Corviknight|Roost|p1a: Corviknight
|-heal|p1a: Corviknight|76/100 brn
|-singleturn|p1a: Corviknight|move: Roost
|
|-damage|p1a: Corviknight|70/100 brn|[from] brn
|upkeep
|turn|59
|
|t:|1779557530
|move|p2a: Talonflame|Overheat|p1a: Corviknight
|-supereffective|p1a: Corviknight
|-damage|p1a: Corviknight|6/100 brn
|-unboost|p2a: Talonflame|spa|2
|move|p1a: Corviknight|Roost|p1a: Corviknight
|-heal|p1a: Corviknight|56/100 brn
|-singleturn|p1a: Corviknight|move: Roost
|
|-damage|p1a: Corviknight|50/100 brn|[from] brn
|upkeep
|turn|60
|
|t:|1779557540
|move|p2a: Talonflame|Overheat|p1a: Corviknight|[miss]
|-miss|p2a: Talonflame|p1a: Corviknight
|move|p1a: Corviknight|Defog|p2a: Talonflame
|-unboost|p2a: Talonflame|evasion|1
|-sideend|p1: Hairoll|Toxic Spikes|[from] move: Defog|[of] p1a: Corviknight
|-sideend|p1: Hairoll|Stealth Rock|[from] move: Defog|[of] p1a: Corviknight
|
|-damage|p1a: Corviknight|44/100 brn|[from] brn
|upkeep
|turn|61
|
|t:|1779557547
|switch|p2a: Toxapex|Toxapex, F|100/100
|move|p1a: Corviknight|Roost|p1a: Corviknight
|-heal|p1a: Corviknight|94/100 brn
|-singleturn|p1a: Corviknight|move: Roost
|
|-damage|p1a: Corviknight|88/100 brn|[from] brn
|upkeep
|turn|62
|
|t:|1779557554
|switch|p1a: Garganacl|Garganacl, F, tera:Water|66/100
|move|p2a: Toxapex|Toxic Spikes|p1a: Garganacl
|-sidestart|p1: Hairoll|move: Toxic Spikes
|
|upkeep
|turn|63
|
|t:|1779557564
|switch|p2a: Gliscor|Gliscor, F|100/100 tox
|move|p1a: Garganacl|Curse|p1a: Garganacl
|-unboost|p1a: Garganacl|spe|1
|-boost|p1a: Garganacl|atk|1
|-boost|p1a: Garganacl|def|1
|
|upkeep
|turn|64
|
|t:|1779557569
|switch|p2a: Toxapex|Toxapex, F|100/100
|move|p1a: Garganacl|Curse|p1a: Garganacl
|-unboost|p1a: Garganacl|spe|1
|-boost|p1a: Garganacl|atk|1
|-boost|p1a: Garganacl|def|1
|
|upkeep
|turn|65
|
|t:|1779557579
|switch|p2a: Dondozo|Dondozo, F, tera:Dragon|94/100 slp
|move|p1a: Garganacl|Salt Cure|p2a: Dondozo
|-damage|p2a: Dondozo|89/100 slp
|-start|p2a: Dondozo|Salt Cure
|
|-heal|p2a: Dondozo|95/100 slp|[from] item: Leftovers
|-damage|p2a: Dondozo|83/100 slp|[from] Salt Cure
|upkeep
|turn|66
|
|t:|1779557587
|switch|p2a: Toxapex|Toxapex, F|100/100
|move|p1a: Garganacl|Earthquake|p2a: Toxapex
|-supereffective|p2a: Toxapex
|-damage|p2a: Toxapex|33/100
|
|-heal|p2a: Toxapex|39/100|[from] item: Black Sludge
|upkeep
|turn|67
|
|t:|1779557591
|switch|p2a: Dondozo|Dondozo, F, tera:Dragon|83/100 slp
|move|p1a: Garganacl|Salt Cure|p2a: Dondozo
|-damage|p2a: Dondozo|77/100 slp
|-start|p2a: Dondozo|Salt Cure
|
|-heal|p2a: Dondozo|83/100 slp|[from] item: Leftovers
|-damage|p2a: Dondozo|70/100 slp|[from] Salt Cure
|upkeep
|turn|68
|
|t:|1779557595
|cant|p2a: Dondozo|slp
|move|p1a: Garganacl|Earthquake|p2a: Dondozo
|-damage|p2a: Dondozo|59/100 slp
|
|-heal|p2a: Dondozo|66/100 slp|[from] item: Leftovers
|-damage|p2a: Dondozo|53/100 slp|[from] Salt Cure
|upkeep
|turn|69
|
|t:|1779557608
|cant|p2a: Dondozo|slp
|move|p1a: Garganacl|Earthquake|p2a: Dondozo
|-damage|p2a: Dondozo|44/100 slp
|
|-heal|p2a: Dondozo|50/100 slp|[from] item: Leftovers
|-damage|p2a: Dondozo|37/100 slp|[from] Salt Cure
|upkeep
|turn|70
|
|t:|1779557616
|-curestatus|p2a: Dondozo|slp|[msg]
|move|p2a: Dondozo|Rest|p2a: Dondozo
|-status|p2a: Dondozo|slp|[from] move: Rest
|-heal|p2a: Dondozo|100/100 slp|[silent]
|move|p1a: Garganacl|Earthquake|p2a: Dondozo
|-damage|p2a: Dondozo|91/100 slp
|
|-heal|p2a: Dondozo|97/100 slp|[from] item: Leftovers
|-damage|p2a: Dondozo|85/100 slp|[from] Salt Cure
|upkeep
|turn|71
|
|t:|1779557628
|switch|p2a: Gliscor|Gliscor, F|100/100 tox
|switch|p1a: Cinderace|Cinderace, F|100/100
|
|upkeep
|turn|72
|
|t:|1779557637
|move|p1a: Cinderace|U-turn|p2a: Gliscor
|-start|p1a: Cinderace|typechange|Bug|[from] ability: Libero
|-resisted|p2a: Gliscor
|-damage|p2a: Gliscor|86/100 tox
|
|t:|1779557640
|switch|p1a: Corviknight|Corviknight, F|88/100 brn|[from] U-turn
|-ability|p1a: Corviknight|Pressure
|move|p2a: Gliscor|Knock Off|p1a: Corviknight
|-damage|p1a: Corviknight|80/100 brn
|
|-heal|p2a: Gliscor|99/100 tox|[from] ability: Poison Heal
|-damage|p1a: Corviknight|74/100 brn|[from] brn
|upkeep
|turn|73
|
|t:|1779557643
|switch|p2a: Talonflame|Talonflame, F|98/100
|move|p1a: Corviknight|Defog|p2a: Talonflame
|-unboost|p2a: Talonflame|evasion|1
|-sideend|p1: Hairoll|Toxic Spikes|[from] move: Defog|[of] p1a: Corviknight
|
|-damage|p1a: Corviknight|68/100 brn|[from] brn
|upkeep
|turn|74
|
|t:|1779557649
|switch|p2a: Toxapex|Toxapex, F|72/100
|switch|p1a: Gliscor|Gliscor, F|100/100 tox
|
|-heal|p2a: Toxapex|78/100|[from] item: Black Sludge
|upkeep
|turn|75
|
|t:|1779557651
|switch|p2a: Gliscor|Gliscor, F|99/100 tox
|move|p1a: Gliscor|U-turn|p2a: Gliscor
|-resisted|p2a: Gliscor
|-damage|p2a: Gliscor|93/100 tox
|
|t:|1779557653
|switch|p1a: Kyurem|Kyurem|100/100|[from] U-turn
|-ability|p1a: Kyurem|Pressure
|
|-heal|p2a: Gliscor|100/100 tox|[from] ability: Poison Heal
|upkeep
|turn|76
|c|☆SpyOP|A
|inactive|Hairoll has 270 seconds left.
|
|t:|1779557700
|switch|p2a: Blissey|Blissey, F|87/100
|move|p1a: Kyurem|Freeze-Dry|p2a: Blissey
|-damage|p2a: Blissey|70/100
|-status|p2a: Blissey|frz
|
|-heal|p2a: Blissey|76/100 frz|[from] item: Leftovers
|upkeep
|turn|77
|
|t:|1779557708
|move|p1a: Kyurem|Freeze-Dry|p2a: Blissey
|-damage|p2a: Blissey|58/100 frz
|cant|p2a: Blissey|frz
|
|-heal|p2a: Blissey|65/100 frz|[from] item: Leftovers
|upkeep
|turn|78
|
|t:|1779557722
|-curestatus|p2a: Blissey|frz|[from] ability: Natural Cure|[silent]
|switch|p2a: Toxapex|Toxapex, F|100/100
|move|p1a: Kyurem|Freeze-Dry|p2a: Toxapex
|-supereffective|p2a: Toxapex
|-damage|p2a: Toxapex|25/100
|-status|p2a: Toxapex|frz
|
|-heal|p2a: Toxapex|31/100 frz|[from] item: Black Sludge
|upkeep
|turn|79
|
|t:|1779557725
|switch|p2a: Blissey|Blissey, F|65/100
|move|p1a: Kyurem|Freeze-Dry|p2a: Blissey
|-damage|p2a: Blissey|48/100
|
|-heal|p2a: Blissey|54/100|[from] item: Leftovers
|upkeep
|turn|80
|
|t:|1779557732
|move|p1a: Kyurem|Freeze-Dry|p2a: Blissey
|-damage|p2a: Blissey|36/100
|move|p2a: Blissey|Soft-Boiled|p2a: Blissey
|-heal|p2a: Blissey|86/100
|
|-heal|p2a: Blissey|93/100|[from] item: Leftovers
|upkeep
|turn|81
|
|t:|1779557747
|switch|p1a: Cinderace|Cinderace, F|100/100
|move|p2a: Blissey|Calm Mind|p2a: Blissey
|-boost|p2a: Blissey|spa|1
|-boost|p2a: Blissey|spd|1
|
|-heal|p2a: Blissey|99/100|[from] item: Leftovers
|upkeep
|turn|82
|
|t:|1779557755
|switch|p2a: Toxapex|Toxapex, F|64/100 frz
|move|p1a: Cinderace|Pyro Ball|p2a: Toxapex
|-resisted|p2a: Toxapex
|-damage|p2a: Toxapex|45/100 frz
|-curestatus|p2a: Toxapex|frz|[msg]
|
|-heal|p2a: Toxapex|51/100|[from] item: Black Sludge
|upkeep
|turn|83
|
|t:|1779557762
|switch|p2a: Gliscor|Gliscor, F|100/100 tox
|move|p1a: Cinderace|U-turn|p2a: Gliscor
|-start|p1a: Cinderace|typechange|Bug|[from] ability: Libero
|-resisted|p2a: Gliscor
|-damage|p2a: Gliscor|87/100 tox
|
|t:|1779557764
|switch|p1a: Kyurem|Kyurem|100/100|[from] U-turn
|-ability|p1a: Kyurem|Pressure
|
|-heal|p2a: Gliscor|99/100 tox|[from] ability: Poison Heal
|upkeep
|turn|84
|
|t:|1779557770
|switch|p2a: Blissey|Blissey, F|99/100
|move|p1a: Kyurem|Freeze-Dry|p2a: Blissey
|-damage|p2a: Blissey|81/100
|
|-heal|p2a: Blissey|88/100|[from] item: Leftovers
|upkeep
|turn|85
|
|t:|1779557782
|switch|p1a: Gliscor|Gliscor, F|100/100 tox
|move|p2a: Blissey|Seismic Toss|p1a: Gliscor
|-damage|p1a: Gliscor|72/100 tox
|
|-heal|p2a: Blissey|94/100|[from] item: Leftovers
|-heal|p1a: Gliscor|85/100 tox|[from] ability: Poison Heal
|upkeep
|turn|86
|
|t:|1779557786
|switch|p2a: Toxapex|Toxapex, F|84/100
|move|p1a: Gliscor|U-turn|p2a: Toxapex
|-resisted|p2a: Toxapex
|-damage|p2a: Toxapex|79/100
|
|t:|1779557789
|switch|p1a: Kyurem|Kyurem|100/100|[from] U-turn
|-ability|p1a: Kyurem|Pressure
|
|-heal|p2a: Toxapex|85/100|[from] item: Black Sludge
|upkeep
|turn|87
|
|t:|1779557792
|switch|p2a: Blissey|Blissey, F|94/100
|move|p1a: Kyurem|Freeze-Dry|p2a: Blissey
|-damage|p2a: Blissey|77/100
|
|-heal|p2a: Blissey|84/100|[from] item: Leftovers
|upkeep
|turn|88
|
|t:|1779557797
|switch|p1a: Gliscor|Gliscor, F|85/100 tox
|move|p2a: Blissey|Seismic Toss|p1a: Gliscor
|-damage|p1a: Gliscor|56/100 tox
|
|-heal|p2a: Blissey|90/100|[from] item: Leftovers
|-heal|p1a: Gliscor|69/100 tox|[from] ability: Poison Heal
|upkeep
|turn|89
|
|t:|1779557801
|switch|p2a: Gliscor|Gliscor, F|99/100 tox
|move|p1a: Gliscor|Earthquake|p2a: Gliscor
|-immune|p2a: Gliscor
|
|-heal|p1a: Gliscor|81/100 tox|[from] ability: Poison Heal
|-heal|p2a: Gliscor|100/100 tox|[from] ability: Poison Heal
|upkeep
|turn|90
|
|t:|1779557806
|switch|p1a: Corviknight|Corviknight, F|68/100 brn
|-ability|p1a: Corviknight|Pressure
|move|p2a: Gliscor|Spikes|p1a: Corviknight
|-sidestart|p1: Hairoll|Spikes
|
|-damage|p1a: Corviknight|62/100 brn|[from] brn
|upkeep
|turn|91
|
|t:|1779557810
|move|p2a: Gliscor|Protect|p2a: Gliscor
|-singleturn|p2a: Gliscor|Protect
|move|p1a: Corviknight|Defog|p2a: Gliscor
|-activate|p2a: Gliscor|move: Protect
|
|-damage|p1a: Corviknight|56/100 brn|[from] brn
|upkeep
|turn|92
|
|t:|1779557822
|switch|p2a: Talonflame|Talonflame, F|98/100
|switch|p1a: Gliscor|Gliscor, F|81/100 tox
|
|-heal|p1a: Gliscor|94/100 tox|[from] ability: Poison Heal
|upkeep
|turn|93
|
|t:|1779557829
|switch|p2a: Gliscor|Gliscor, F|100/100 tox
|move|p1a: Gliscor|U-turn|p2a: Gliscor
|-resisted|p2a: Gliscor
|-damage|p2a: Gliscor|95/100 tox
|
|t:|1779557832
|switch|p1a: Kyurem|Kyurem|100/100|[from] U-turn
|-damage|p1a: Kyurem|88/100|[from] Spikes
|-ability|p1a: Kyurem|Pressure
|
|-heal|p2a: Gliscor|100/100 tox|[from] ability: Poison Heal
|upkeep
|turn|94
|
|t:|1779557834
|switch|p2a: Blissey|Blissey, F|90/100
|move|p1a: Kyurem|Freeze-Dry|p2a: Blissey
|-damage|p2a: Blissey|73/100
|
|-heal|p2a: Blissey|79/100|[from] item: Leftovers
|upkeep
|turn|95
|
|t:|1779557841
|switch|p1a: Gliscor|Gliscor, F|94/100 tox
|move|p2a: Blissey|Seismic Toss|p1a: Gliscor
|-damage|p1a: Gliscor|65/100 tox
|
|-heal|p2a: Blissey|86/100|[from] item: Leftovers
|-heal|p1a: Gliscor|78/100 tox|[from] ability: Poison Heal
|upkeep
|turn|96
|
|t:|1779557845
|switch|p2a: Gliscor|Gliscor, F|100/100 tox
|move|p1a: Gliscor|U-turn|p2a: Gliscor
|-resisted|p2a: Gliscor
|-damage|p2a: Gliscor|95/100 tox
|
|t:|1779557853
|switch|p1a: Kyurem|Kyurem|88/100|[from] U-turn
|-damage|p1a: Kyurem|76/100|[from] Spikes
|-ability|p1a: Kyurem|Pressure
|
|-heal|p2a: Gliscor|100/100 tox|[from] ability: Poison Heal
|upkeep
|turn|97
|
|t:|1779557856
|switch|p1a: Cinderace|Cinderace, F|100/100
|switch|p2a: Blissey|Blissey, F|86/100
|
|-heal|p2a: Blissey|92/100|[from] item: Leftovers
|upkeep
|turn|98
|
|t:|1779557861
|switch|p2a: Talonflame|Talonflame, F|98/100
|move|p1a: Cinderace|Court Change|p1a: Cinderace
|-start|p1a: Cinderace|typechange|Normal|[from] ability: Libero
|-swapsideconditions
|-activate|p1a: Cinderace|move: Court Change
|
|upkeep
|turn|99
|
|t:|1779557868
|switch|p1a: Garganacl|Garganacl, F, tera:Water|66/100
|move|p2a: Talonflame|Defog|p1a: Garganacl
|-unboost|p1a: Garganacl|evasion|1
|-sideend|p2: SpyOP|Spikes|[from] move: Defog|[of] p2a: Talonflame
|
|upkeep
|turn|100
|
|t:|1779557871
|switch|p2a: Toxapex|Toxapex, F|100/100
|move|p1a: Garganacl|Salt Cure|p2a: Toxapex
|-damage|p2a: Toxapex|91/100
|-start|p2a: Toxapex|Salt Cure
|
|-heal|p2a: Toxapex|98/100|[from] item: Black Sludge
|-damage|p2a: Toxapex|73/100|[from] Salt Cure
|upkeep
|turn|101
|
|t:|1779557878
|switch|p1a: Kyurem|Kyurem|76/100
|-ability|p1a: Kyurem|Pressure
|switch|p2a: Gliscor|Gliscor, F|100/100 tox
|
|upkeep
|turn|102
|
|t:|1779557881
|switch|p2a: Blissey|Blissey, F|92/100
|move|p1a: Kyurem|Freeze-Dry|p2a: Blissey
|-damage|p2a: Blissey|75/100
|-status|p2a: Blissey|frz
|
|-heal|p2a: Blissey|81/100 frz|[from] item: Leftovers
|upkeep
|turn|103
|
|t:|1779557888
|-curestatus|p2a: Blissey|frz|[from] ability: Natural Cure|[silent]
|switch|p2a: Toxapex|Toxapex, F|100/100
|move|p1a: Kyurem|Freeze-Dry|p2a: Toxapex
|-supereffective|p2a: Toxapex
|-damage|p2a: Toxapex|23/100
|
|-heal|p2a: Toxapex|29/100|[from] item: Black Sludge
|upkeep
|turn|104
|
|t:|1779557891
|switch|p2a: Blissey|Blissey, F|81/100
|move|p1a: Kyurem|Freeze-Dry|p2a: Blissey
|-damage|p2a: Blissey|64/100
|
|-heal|p2a: Blissey|70/100|[from] item: Leftovers
|upkeep
|turn|105
|
|t:|1779557898
|switch|p1a: Gliscor|Gliscor, F|78/100 tox
|move|p2a: Blissey|Seismic Toss|p1a: Gliscor
|-damage|p1a: Gliscor|50/100 tox
|
|-heal|p2a: Blissey|76/100|[from] item: Leftovers
|-heal|p1a: Gliscor|62/100 tox|[from] ability: Poison Heal
|upkeep
|turn|106
|
|t:|1779557903
|switch|p2a: Gliscor|Gliscor, F|100/100 tox
|move|p1a: Gliscor|U-turn|p2a: Gliscor
|-resisted|p2a: Gliscor
|-damage|p2a: Gliscor|95/100 tox
|
|t:|1779557905
|switch|p1a: Kyurem|Kyurem|76/100|[from] U-turn
|-ability|p1a: Kyurem|Pressure
|
|-heal|p2a: Gliscor|100/100 tox|[from] ability: Poison Heal
|upkeep
|turn|107
|
|t:|1779557907
|move|p2a: Gliscor|Protect|p2a: Gliscor
|-singleturn|p2a: Gliscor|Protect
|move|p1a: Kyurem|Freeze-Dry|p2a: Gliscor
|-activate|p2a: Gliscor|move: Protect
|
|upkeep
|turn|108
|
|t:|1779557912
|switch|p2a: Blissey|Blissey, F|76/100
|move|p1a: Kyurem|Freeze-Dry|p2a: Blissey
|-damage|p2a: Blissey|58/100
|-status|p2a: Blissey|frz
|
|-heal|p2a: Blissey|64/100 frz|[from] item: Leftovers
|upkeep
|turn|109
|
|t:|1779557919
|move|p1a: Kyurem|Freeze-Dry|p2a: Blissey
|-damage|p2a: Blissey|49/100 frz
|cant|p2a: Blissey|frz
|
|-heal|p2a: Blissey|55/100 frz|[from] item: Leftovers
|upkeep
|turn|110
|
|t:|1779557932
|-curestatus|p2a: Blissey|frz|[from] ability: Natural Cure|[silent]
|switch|p2a: Mandibuzz|Mandibuzz, F|100/100
|move|p1a: Kyurem|Freeze-Dry|p2a: Mandibuzz
|-supereffective|p2a: Mandibuzz
|-damage|p2a: Mandibuzz|29/100
|-status|p2a: Mandibuzz|frz
|
|upkeep
|turn|111
|
|t:|1779557938
|switch|p2a: Blissey|Blissey, F|55/100
|move|p1a: Kyurem|Freeze-Dry|p2a: Blissey
|-damage|p2a: Blissey|39/100
|
|-heal|p2a: Blissey|45/100|[from] item: Leftovers
|upkeep
|turn|112
|
|t:|1779557941
|move|p1a: Kyurem|Freeze-Dry|p2a: Blissey
|-crit|p2a: Blissey
|-damage|p2a: Blissey|20/100
|move|p2a: Blissey|Soft-Boiled|p2a: Blissey
|-heal|p2a: Blissey|70/100
|
|-heal|p2a: Blissey|77/100|[from] item: Leftovers
|upkeep
|turn|113
|
|t:|1779557948
|switch|p1a: Cinderace|Cinderace, F|100/100
|move|p2a: Blissey|Seismic Toss|p1a: Cinderace
|-damage|p1a: Cinderace|67/100
|
|-heal|p2a: Blissey|83/100|[from] item: Leftovers
|upkeep
|turn|114
|
|t:|1779557952
|switch|p2a: Talonflame|Talonflame, F|98/100
|move|p1a: Cinderace|U-turn|p2a: Talonflame
|-start|p1a: Cinderace|typechange|Bug|[from] ability: Libero
|-resisted|p2a: Talonflame
|-damage|p2a: Talonflame|90/100
|
|t:|1779557957
|switch|p1a: Kyurem|Kyurem|76/100|[from] U-turn
|-ability|p1a: Kyurem|Pressure
|
|upkeep
|turn|115
|
|t:|1779557961
|switch|p2a: Blissey|Blissey, F|83/100
|move|p1a: Kyurem|Draco Meteor|p2a: Blissey
|-damage|p2a: Blissey|50/100
|-unboost|p1a: Kyurem|spa|2
|
|-heal|p2a: Blissey|56/100|[from] item: Leftovers
|upkeep
|turn|116
|
|t:|1779557967
|switch|p1a: Gliscor|Gliscor, F|62/100 tox
|move|p2a: Blissey|Soft-Boiled|p2a: Blissey
|-heal|p2a: Blissey|100/100
|
|-heal|p1a: Gliscor|74/100 tox|[from] ability: Poison Heal
|upkeep
|turn|117
|
|t:|1779557971
|switch|p2a: Gliscor|Gliscor, F|100/100 tox
|move|p1a: Gliscor|U-turn|p2a: Gliscor
|-resisted|p2a: Gliscor
|-damage|p2a: Gliscor|94/100 tox
|
|t:|1779557973
|switch|p1a: Kyurem|Kyurem|76/100|[from] U-turn
|-ability|p1a: Kyurem|Pressure
|
|-heal|p2a: Gliscor|100/100 tox|[from] ability: Poison Heal
|upkeep
|turn|118
|
|t:|1779557976
|move|p2a: Gliscor|Protect|p2a: Gliscor
|-singleturn|p2a: Gliscor|Protect
|move|p1a: Kyurem|Freeze-Dry|p2a: Gliscor
|-activate|p2a: Gliscor|move: Protect
|
|upkeep
|turn|119
|
|t:|1779557981
|switch|p2a: Blissey|Blissey, F|100/100
|move|p1a: Kyurem|Freeze-Dry|p2a: Blissey
|-damage|p2a: Blissey|83/100
|
|-heal|p2a: Blissey|89/100|[from] item: Leftovers
|upkeep
|turn|120
|
|t:|1779557984
|switch|p1a: Gliscor|Gliscor, F|74/100 tox
|move|p2a: Blissey|Seismic Toss|p1a: Gliscor
|-damage|p1a: Gliscor|46/100 tox
|
|-heal|p2a: Blissey|95/100|[from] item: Leftovers
|-heal|p1a: Gliscor|59/100 tox|[from] ability: Poison Heal
|upkeep
|turn|121
|
|t:|1779557987
|switch|p2a: Toxapex|Toxapex, F|62/100
|move|p1a: Gliscor|U-turn|p2a: Toxapex
|-resisted|p2a: Toxapex
|-damage|p2a: Toxapex|57/100
|
|t:|1779557989
|switch|p1a: Kyurem|Kyurem|76/100|[from] U-turn
|-ability|p1a: Kyurem|Pressure
|
|-heal|p2a: Toxapex|63/100|[from] item: Black Sludge
|upkeep
|turn|122
|
|t:|1779557994
|switch|p2a: Blissey|Blissey, F|95/100
|move|p1a: Kyurem|Draco Meteor|p2a: Blissey
|-damage|p2a: Blissey|66/100
|-unboost|p1a: Kyurem|spa|2
|
|-heal|p2a: Blissey|72/100|[from] item: Leftovers
|upkeep
|turn|123
|
|t:|1779557999
|switch|p1a: Gliscor|Gliscor, F|59/100 tox
|move|p2a: Blissey|Stealth Rock|p1a: Gliscor
|-sidestart|p1: Hairoll|move: Stealth Rock
|
|-heal|p2a: Blissey|79/100|[from] item: Leftovers
|-heal|p1a: Gliscor|71/100 tox|[from] ability: Poison Heal
|upkeep
|turn|124
|
|t:|1779558004
|switch|p2a: Gliscor|Gliscor, F|100/100 tox
|move|p1a: Gliscor|Earthquake|p2a: Gliscor
|-immune|p2a: Gliscor
|
|-heal|p1a: Gliscor|84/100 tox|[from] ability: Poison Heal
|upkeep
|turn|125
|
|t:|1779558010
|move|p1a: Gliscor|U-turn|p2a: Gliscor
|-resisted|p2a: Gliscor
|-damage|p2a: Gliscor|94/100 tox
|
|t:|1779558011
|switch|p1a: Garganacl|Garganacl, F, tera:Water|66/100|[from] U-turn
|-damage|p1a: Garganacl|53/100|[from] Stealth Rock
|move|p2a: Gliscor|Knock Off|p1a: Garganacl
|-damage|p1a: Garganacl|44/100
|
|-heal|p2a: Gliscor|100/100 tox|[from] ability: Poison Heal
|upkeep
|turn|126
|
|t:|1779558016
|switch|p2a: Toxapex|Toxapex, F|97/100
|move|p1a: Garganacl|Recover|p1a: Garganacl
|-heal|p1a: Garganacl|95/100
|
|-heal|p2a: Toxapex|100/100|[from] item: Black Sludge
|upkeep
|turn|127
|
|t:|1779558023
|switch|p1a: Corviknight|Corviknight, F|56/100 brn
|-damage|p1a: Corviknight|43/100 brn|[from] Stealth Rock
|-ability|p1a: Corviknight|Pressure
|move|p2a: Toxapex|Toxic Spikes|p1a: Corviknight
|-sidestart|p1: Hairoll|move: Toxic Spikes
|
|-damage|p1a: Corviknight|37/100 brn|[from] brn
|upkeep
|turn|128
|
|t:|1779558029
|switch|p2a: Mandibuzz|Mandibuzz, F|29/100 frz
|move|p1a: Corviknight|Roost|p1a: Corviknight
|-heal|p1a: Corviknight|87/100 brn
|-singleturn|p1a: Corviknight|move: Roost
|
|-damage|p1a: Corviknight|81/100 brn|[from] brn
|upkeep
|turn|129
|
|t:|1779558033
|cant|p2a: Mandibuzz|frz
|move|p1a: Corviknight|Brave Bird|p2a: Mandibuzz
|-damage|p2a: Mandibuzz|16/100 frz
|-damage|p1a: Corviknight|77/100 brn|[from] Recoil
|
|-damage|p1a: Corviknight|71/100 brn|[from] brn
|upkeep
|turn|130
|
|t:|1779558039
|cant|p2a: Mandibuzz|frz
|move|p1a: Corviknight|Brave Bird|p2a: Mandibuzz
|-damage|p2a: Mandibuzz|3/100 frz
|-damage|p1a: Corviknight|66/100 brn|[from] Recoil
|
|-damage|p1a: Corviknight|60/100 brn|[from] brn
|upkeep
|turn|131
|
|t:|1779558042
|switch|p2a: Talonflame|Talonflame, F|90/100
|move|p1a: Corviknight|Brave Bird|p2a: Talonflame
|-damage|p2a: Talonflame|74/100
|-damage|p1a: Corviknight|56/100 brn|[from] Recoil
|
|-damage|p1a: Corviknight|50/100 brn|[from] brn
|upkeep
|turn|132
|
|t:|1779558047
|switch|p2a: Gliscor|Gliscor, F|100/100 tox
|switch|p1a: Garganacl|Garganacl, F, tera:Water|95/100
|-damage|p1a: Garganacl|82/100|[from] Stealth Rock
|
|upkeep
|turn|133
|
|t:|1779558051
|switch|p2a: Toxapex|Toxapex, F|100/100
|switch|p1a: Corviknight|Corviknight, F|50/100 brn
|-damage|p1a: Corviknight|37/100 brn|[from] Stealth Rock
|-ability|p1a: Corviknight|Pressure
|
|-damage|p1a: Corviknight|31/100 brn|[from] brn
|upkeep
|turn|134
|
|t:|1779558057
|move|p1a: Corviknight|Roost|p1a: Corviknight
|-heal|p1a: Corviknight|81/100 brn
|-singleturn|p1a: Corviknight|move: Roost
|move|p2a: Toxapex|Surf|p1a: Corviknight
|-damage|p1a: Corviknight|62/100 brn
|
|-damage|p1a: Corviknight|56/100 brn|[from] brn
|upkeep
|turn|135
|
|t:|1779558062
|move|p1a: Corviknight|U-turn|p2a: Toxapex
|-resisted|p2a: Toxapex
|-damage|p2a: Toxapex|98/100
|
|t:|1779558068
|switch|p1a: Gliscor|Gliscor, F|84/100 tox|[from] U-turn
|-damage|p1a: Gliscor|71/100 tox|[from] Stealth Rock
|move|p2a: Toxapex|Surf|p1a: Gliscor
|-supereffective|p1a: Gliscor
|-damage|p1a: Gliscor|37/100 tox
|
|-heal|p2a: Toxapex|100/100|[from] item: Black Sludge
|-heal|p1a: Gliscor|50/100 tox|[from] ability: Poison Heal
|upkeep
|turn|136
|
|t:|1779558074
|move|p1a: Gliscor|Protect|p1a: Gliscor
|-singleturn|p1a: Gliscor|Protect
|move|p2a: Toxapex|Surf|p1a: Gliscor
|-activate|p1a: Gliscor|move: Protect
|
|-heal|p1a: Gliscor|62/100 tox|[from] ability: Poison Heal
|upkeep
|turn|137
|
|t:|1779558076
|move|p1a: Gliscor|Earthquake|p2a: Toxapex
|-supereffective|p2a: Toxapex
|-damage|p2a: Toxapex|53/100
|move|p2a: Toxapex|Surf|p1a: Gliscor
|-supereffective|p1a: Gliscor
|-damage|p1a: Gliscor|27/100 tox
|
|-heal|p2a: Toxapex|59/100|[from] item: Black Sludge
|-heal|p1a: Gliscor|40/100 tox|[from] ability: Poison Heal
|upkeep
|turn|138
|
|t:|1779558082
|switch|p2a: Gliscor|Gliscor, F|100/100 tox
|move|p1a: Gliscor|Earthquake|p2a: Gliscor
|-immune|p2a: Gliscor
|
|-heal|p1a: Gliscor|52/100 tox|[from] ability: Poison Heal
|upkeep
|turn|139
|
|t:|1779558085
|move|p1a: Gliscor|Protect|p1a: Gliscor
|-singleturn|p1a: Gliscor|Protect
|move|p2a: Gliscor|Knock Off|p1a: Gliscor
|-activate|p1a: Gliscor|move: Protect
|
|-heal|p1a: Gliscor|65/100 tox|[from] ability: Poison Heal
|upkeep
|turn|140
|
|t:|1779558090
|move|p1a: Gliscor|U-turn|p2a: Gliscor
|-resisted|p2a: Gliscor
|-damage|p2a: Gliscor|94/100 tox
|
|t:|1779558091
|switch|p1a: Garganacl|Garganacl, F, tera:Water|82/100|[from] U-turn
|-damage|p1a: Garganacl|70/100|[from] Stealth Rock
|move|p2a: Gliscor|Knock Off|p1a: Garganacl
|-damage|p1a: Garganacl|62/100
|
|-heal|p2a: Gliscor|100/100 tox|[from] ability: Poison Heal
|upkeep
|turn|141
|
|t:|1779558097
|switch|p2a: Toxapex|Toxapex, F|93/100
|move|p1a: Garganacl|Salt Cure|p2a: Toxapex
|-damage|p2a: Toxapex|83/100
|-start|p2a: Toxapex|Salt Cure
|
|-heal|p2a: Toxapex|90/100|[from] item: Black Sludge
|-damage|p2a: Toxapex|65/100|[from] Salt Cure
|upkeep
|turn|142
|
|t:|1779558121
|switch|p1a: Corviknight|Corviknight, F|56/100 brn
|-damage|p1a: Corviknight|44/100 brn|[from] Stealth Rock
|-ability|p1a: Corviknight|Pressure
|switch|p2a: Gliscor|Gliscor, F|100/100 tox
|
|-damage|p1a: Corviknight|38/100 brn|[from] brn
|upkeep
|turn|143
|
|t:|1779558139
|switch|p2a: Talonflame|Talonflame, F|74/100
|move|p1a: Corviknight|Roost|p1a: Corviknight
|-heal|p1a: Corviknight|88/100 brn
|-singleturn|p1a: Corviknight|move: Roost
|
|-damage|p1a: Corviknight|82/100 brn|[from] brn
|upkeep
|turn|144
|
|t:|1779558147
|switch|p1a: Gliscor|Gliscor, F|65/100 tox
|-damage|p1a: Gliscor|52/100 tox|[from] Stealth Rock
|move|p2a: Talonflame|Overheat|p1a: Gliscor
|-damage|p1a: Gliscor|23/100 tox
|-unboost|p2a: Talonflame|spa|2
|
|-heal|p1a: Gliscor|35/100 tox|[from] ability: Poison Heal
|upkeep
|turn|145
|
|t:|1779558156
|switch|p2a: Toxapex|Toxapex, F|98/100
|move|p1a: Gliscor|U-turn|p2a: Toxapex
|-resisted|p2a: Toxapex
|-damage|p2a: Toxapex|93/100
|
|t:|1779558159
|switch|p1a: Garganacl|Garganacl, F, tera:Water|62/100|[from] U-turn
|-damage|p1a: Garganacl|49/100|[from] Stealth Rock
|
|-heal|p2a: Toxapex|99/100|[from] item: Black Sludge
|upkeep
|turn|146
|
|t:|1779558165
|switch|p2a: Gliscor|Gliscor, F|100/100 tox
|move|p1a: Garganacl|Recover|p1a: Garganacl
|-heal|p1a: Garganacl|99/100
|
|upkeep
|turn|147
|
|t:|1779558168
|switch|p2a: Toxapex|Toxapex, F|100/100
|switch|p1a: Corviknight|Corviknight, F|82/100 brn
|-damage|p1a: Corviknight|70/100 brn|[from] Stealth Rock
|-ability|p1a: Corviknight|Pressure
|
|-damage|p1a: Corviknight|64/100 brn|[from] brn
|upkeep
|turn|148
|
|t:|1779558170
|move|p1a: Corviknight|Defog|p2a: Toxapex
|-unboost|p2a: Toxapex|evasion|1
|-sideend|p1: Hairoll|Toxic Spikes|[from] move: Defog|[of] p1a: Corviknight
|-sideend|p1: Hairoll|Stealth Rock|[from] move: Defog|[of] p1a: Corviknight
|move|p2a: Toxapex|Surf|p1a: Corviknight
|-damage|p1a: Corviknight|47/100 brn
|
|-damage|p1a: Corviknight|41/100 brn|[from] brn
|upkeep
|turn|149
|
|t:|1779558176
|switch|p1a: Kyurem|Kyurem|76/100
|-ability|p1a: Kyurem|Pressure
|move|p2a: Toxapex|Surf|p1a: Kyurem
|-resisted|p1a: Kyurem
|-damage|p1a: Kyurem|66/100
|
|upkeep
|turn|150
|
|t:|1779558181
|switch|p2a: Blissey|Blissey, F|79/100
|move|p1a: Kyurem|Freeze-Dry|p2a: Blissey
|-damage|p2a: Blissey|62/100
|
|-heal|p2a: Blissey|68/100|[from] item: Leftovers
|upkeep
|turn|151
|
|t:|1779558202
|switch|p1a: Cinderace|Cinderace, F|67/100
|move|p2a: Blissey|Seismic Toss|p1a: Cinderace
|-damage|p1a: Cinderace|34/100
|
|-heal|p2a: Blissey|75/100|[from] item: Leftovers
|upkeep
|turn|152
|
|t:|1779558208
|switch|p2a: Talonflame|Talonflame, F|74/100
|move|p1a: Cinderace|Pyro Ball|p2a: Talonflame|[miss]
|-miss|p1a: Cinderace|p2a: Talonflame
|
|upkeep
|turn|153
|
|t:|1779558212
|move|p1a: Cinderace|Gunk Shot|p2a: Talonflame|[miss]
|-start|p1a: Cinderace|typechange|Poison|[from] ability: Libero
|-miss|p1a: Cinderace|p2a: Talonflame
|move|p2a: Talonflame|Roost|p2a: Talonflame
|-heal|p2a: Talonflame|100/100
|-singleturn|p2a: Talonflame|move: Roost
|
|upkeep
|turn|154
|
|t:|1779558217
|switch|p2a: Toxapex|Toxapex, F|100/100
|move|p1a: Cinderace|Gunk Shot|p2a: Toxapex
|-resisted|p2a: Toxapex
|-damage|p2a: Toxapex|79/100
|
|-heal|p2a: Toxapex|86/100|[from] item: Black Sludge
|upkeep
|turn|155
|
|t:|1779558225
|move|p1a: Cinderace|U-turn|p2a: Toxapex
|-resisted|p2a: Toxapex
|-damage|p2a: Toxapex|78/100
|
|t:|1779558228
|switch|p1a: Garganacl|Garganacl, F, tera:Water|99/100|[from] U-turn
|move|p2a: Toxapex|Surf|p1a: Garganacl
|-resisted|p1a: Garganacl
|-damage|p1a: Garganacl|92/100
|
|-heal|p2a: Toxapex|84/100|[from] item: Black Sludge
|upkeep
|turn|156
|
|t:|1779558238
|move|p1a: Garganacl|Curse|p1a: Garganacl
|-unboost|p1a: Garganacl|spe|1
|-boost|p1a: Garganacl|atk|1
|-boost|p1a: Garganacl|def|1
|move|p2a: Toxapex|Toxic Spikes|p1a: Garganacl
|-sidestart|p1: Hairoll|move: Toxic Spikes
|
|-heal|p2a: Toxapex|90/100|[from] item: Black Sludge
|upkeep
|turn|157
|
|t:|1779558244
|switch|p2a: Gliscor|Gliscor, F|100/100 tox
|move|p1a: Garganacl|Curse|p1a: Garganacl
|-unboost|p1a: Garganacl|spe|1
|-boost|p1a: Garganacl|atk|1
|-boost|p1a: Garganacl|def|1
|
|upkeep
|turn|158
|
|t:|1779558250
|move|p2a: Gliscor|Spikes|p1a: Garganacl
|-sidestart|p1: Hairoll|Spikes
|move|p1a: Garganacl|Curse|p1a: Garganacl
|-unboost|p1a: Garganacl|spe|1
|-boost|p1a: Garganacl|atk|1
|-boost|p1a: Garganacl|def|1
|
|upkeep
|turn|159
|
|t:|1779558254
|move|p2a: Gliscor|Knock Off|p1a: Garganacl
|-damage|p1a: Garganacl|89/100
|move|p1a: Garganacl|Curse|p1a: Garganacl
|-unboost|p1a: Garganacl|spe|1
|-boost|p1a: Garganacl|atk|1
|-boost|p1a: Garganacl|def|1
|
|upkeep
|turn|160
|
|t:|1779558258
|switch|p2a: Dondozo|Dondozo, F, tera:Dragon|85/100 slp
|move|p1a: Garganacl|Curse|p1a: Garganacl
|-unboost|p1a: Garganacl|spe|1
|-boost|p1a: Garganacl|atk|1
|-boost|p1a: Garganacl|def|1
|
|-heal|p2a: Dondozo|91/100 slp|[from] item: Leftovers
|upkeep
|turn|161
|
|t:|1779558262
|cant|p2a: Dondozo|slp
|move|p1a: Garganacl|Salt Cure|p2a: Dondozo
|-damage|p2a: Dondozo|85/100 slp
|-start|p2a: Dondozo|Salt Cure
|
|-heal|p2a: Dondozo|91/100 slp|[from] item: Leftovers
|-damage|p2a: Dondozo|79/100 slp|[from] Salt Cure
|upkeep
|turn|162
|
|t:|1779558264
|cant|p2a: Dondozo|slp
|move|p1a: Garganacl|Earthquake|p2a: Dondozo
|-damage|p2a: Dondozo|69/100 slp
|
|-heal|p2a: Dondozo|76/100 slp|[from] item: Leftovers
|-damage|p2a: Dondozo|63/100 slp|[from] Salt Cure
|upkeep
|turn|163
|
|t:|1779558269
|switch|p2a: Gliscor|Gliscor, F|100/100 tox
|move|p1a: Garganacl|Earthquake|p2a: Gliscor
|-immune|p2a: Gliscor
|
|upkeep
|turn|164
|
|t:|1779558274
|switch|p2a: Dondozo|Dondozo, F, tera:Dragon|63/100 slp
|move|p1a: Garganacl|Salt Cure|p2a: Dondozo
|-damage|p2a: Dondozo|57/100 slp
|-start|p2a: Dondozo|Salt Cure
|
|-heal|p2a: Dondozo|64/100 slp|[from] item: Leftovers
|-damage|p2a: Dondozo|51/100 slp|[from] Salt Cure
|upkeep
|turn|165
|
|t:|1779558279
|-curestatus|p2a: Dondozo|slp|[msg]
|move|p2a: Dondozo|Rest|p2a: Dondozo
|-status|p2a: Dondozo|slp|[from] move: Rest
|-heal|p2a: Dondozo|100/100 slp|[silent]
|move|p1a: Garganacl|Salt Cure|p2a: Dondozo
|-damage|p2a: Dondozo|94/100 slp
|
|-heal|p2a: Dondozo|99/100 slp|[from] item: Leftovers
|-damage|p2a: Dondozo|88/100 slp|[from] Salt Cure
|upkeep
|turn|166
|
|t:|1779558288
|cant|p2a: Dondozo|slp
|move|p1a: Garganacl|Salt Cure|p2a: Dondozo
|-damage|p2a: Dondozo|81/100 slp
|
|-heal|p2a: Dondozo|87/100 slp|[from] item: Leftovers
|-damage|p2a: Dondozo|75/100 slp|[from] Salt Cure
|upkeep
|turn|167
|
|t:|1779558292
|cant|p2a: Dondozo|slp
|move|p2a: Dondozo|Sleep Talk|p2a: Dondozo
|move|p2a: Dondozo|Rest||[from] move: Sleep Talk|[still]
|-fail|p2a: Dondozo
|move|p1a: Garganacl|Salt Cure|p2a: Dondozo
|-damage|p2a: Dondozo|68/100 slp
|
|-heal|p2a: Dondozo|74/100 slp|[from] item: Leftovers
|-damage|p2a: Dondozo|62/100 slp|[from] Salt Cure
|upkeep
|turn|168
|
|t:|1779558296
|-curestatus|p2a: Dondozo|slp|[msg]
|move|p2a: Dondozo|Body Press|p1a: Garganacl
|-damage|p1a: Garganacl|73/100
|move|p1a: Garganacl|Salt Cure|p2a: Dondozo
|-damage|p2a: Dondozo|56/100
|
|-heal|p2a: Dondozo|62/100|[from] item: Leftovers
|-damage|p2a: Dondozo|49/100|[from] Salt Cure
|upkeep
|turn|169
|
|t:|1779558298
|move|p2a: Dondozo|Rest|p2a: Dondozo
|-status|p2a: Dondozo|slp|[from] move: Rest
|-heal|p2a: Dondozo|100/100 slp|[silent]
|move|p1a: Garganacl|Salt Cure|p2a: Dondozo
|-damage|p2a: Dondozo|95/100 slp
|
|-heal|p2a: Dondozo|100/100 slp|[from] item: Leftovers
|-damage|p2a: Dondozo|88/100 slp|[from] Salt Cure
|upkeep
|turn|170
|
|t:|1779558300
|switch|p2a: Gliscor|Gliscor, F|100/100 tox
|move|p1a: Garganacl|Salt Cure|p2a: Gliscor
|-damage|p2a: Gliscor|62/100 tox
|-start|p2a: Gliscor|Salt Cure
|
|-heal|p2a: Gliscor|74/100 tox|[from] ability: Poison Heal
|-damage|p2a: Gliscor|62/100 tox|[from] Salt Cure
|upkeep
|turn|171
|
|t:|1779558304
|switch|p2a: Dondozo|Dondozo, F, tera:Dragon|88/100 slp
|move|p1a: Garganacl|Salt Cure|p2a: Dondozo
|-damage|p2a: Dondozo|82/100 slp
|-start|p2a: Dondozo|Salt Cure
|
|-heal|p2a: Dondozo|88/100 slp|[from] item: Leftovers
|-damage|p2a: Dondozo|75/100 slp|[from] Salt Cure
|upkeep
|turn|172
|
|t:|1779558310
|cant|p2a: Dondozo|slp
|move|p2a: Dondozo|Sleep Talk|p2a: Dondozo
|move|p2a: Dondozo|Body Press|p1a: Garganacl|[from] move: Sleep Talk
|-damage|p1a: Garganacl|57/100
|move|p1a: Garganacl|Earthquake|p2a: Dondozo
|-damage|p2a: Dondozo|66/100 slp
|
|-heal|p2a: Dondozo|72/100 slp|[from] item: Leftovers
|-damage|p2a: Dondozo|60/100 slp|[from] Salt Cure
|upkeep
|turn|173
|
|t:|1779558316
|cant|p2a: Dondozo|slp
|move|p2a: Dondozo|Sleep Talk|p2a: Dondozo
|move|p2a: Dondozo|Avalanche|p1a: Garganacl|[from] move: Sleep Talk
|-resisted|p1a: Garganacl
|-damage|p1a: Garganacl|53/100
|move|p1a: Garganacl|Earthquake|p2a: Dondozo
|-damage|p2a: Dondozo|50/100 slp
|
|-heal|p2a: Dondozo|56/100 slp|[from] item: Leftovers
|-damage|p2a: Dondozo|44/100 slp|[from] Salt Cure
|upkeep
|turn|174
|
|t:|1779558320
|-curestatus|p2a: Dondozo|slp|[msg]
|move|p2a: Dondozo|Body Press|p1a: Garganacl
|-damage|p1a: Garganacl|37/100
|move|p1a: Garganacl|Earthquake|p2a: Dondozo
|-damage|p2a: Dondozo|33/100
|
|-heal|p2a: Dondozo|39/100|[from] item: Leftovers
|-damage|p2a: Dondozo|27/100|[from] Salt Cure
|upkeep
|turn|175
|
|t:|1779558324
|move|p2a: Dondozo|Rest|p2a: Dondozo
|-status|p2a: Dondozo|slp|[from] move: Rest
|-heal|p2a: Dondozo|100/100 slp|[silent]
|move|p1a: Garganacl|Recover|p1a: Garganacl
|-heal|p1a: Garganacl|87/100
|
|-damage|p2a: Dondozo|88/100 slp|[from] Salt Cure
|upkeep
|turn|176
|
|t:|1779558330
|cant|p2a: Dondozo|slp
|move|p2a: Dondozo|Sleep Talk|p2a: Dondozo
|move|p2a: Dondozo|Avalanche|p1a: Garganacl|[from] move: Sleep Talk
|-resisted|p1a: Garganacl
|-damage|p1a: Garganacl|83/100
|move|p1a: Garganacl|Salt Cure|p2a: Dondozo
|-damage|p2a: Dondozo|83/100 slp
|
|-heal|p2a: Dondozo|89/100 slp|[from] item: Leftovers
|-damage|p2a: Dondozo|76/100 slp|[from] Salt Cure
|upkeep
|turn|177
|
|t:|1779558336
|cant|p2a: Dondozo|slp
|move|p2a: Dondozo|Sleep Talk|p2a: Dondozo
|move|p2a: Dondozo|Rest||[from] move: Sleep Talk|[still]
|-fail|p2a: Dondozo
|move|p1a: Garganacl|Earthquake|p2a: Dondozo
|-damage|p2a: Dondozo|67/100 slp
|
|-heal|p2a: Dondozo|73/100 slp|[from] item: Leftovers
|-damage|p2a: Dondozo|61/100 slp|[from] Salt Cure
|upkeep
|turn|178
|
|t:|1779558341
|switch|p2a: Gliscor|Gliscor, F|62/100 tox
|move|p1a: Garganacl|Salt Cure|p2a: Gliscor
|-damage|p2a: Gliscor|20/100 tox
|-start|p2a: Gliscor|Salt Cure
|
|-heal|p2a: Gliscor|33/100 tox|[from] ability: Poison Heal
|-damage|p2a: Gliscor|20/100 tox|[from] Salt Cure
|upkeep
|turn|179
|
|t:|1779558348
|switch|p2a: Dondozo|Dondozo, F, tera:Dragon|61/100 slp
|move|p1a: Garganacl|Earthquake|p2a: Dondozo
|-damage|p2a: Dondozo|51/100 slp
|
|-heal|p2a: Dondozo|57/100 slp|[from] item: Leftovers
|upkeep
|turn|180
|
|t:|1779558353
|-curestatus|p2a: Dondozo|slp|[msg]
|move|p2a: Dondozo|Body Press|p1a: Garganacl
|-damage|p1a: Garganacl|66/100
|move|p1a: Garganacl|Salt Cure|p2a: Dondozo
|-damage|p2a: Dondozo|51/100
|-start|p2a: Dondozo|Salt Cure
|
|-heal|p2a: Dondozo|57/100|[from] item: Leftovers
|-damage|p2a: Dondozo|45/100|[from] Salt Cure
|upkeep
|turn|181
|
|t:|1779558360
|switch|p2a: Mandibuzz|Mandibuzz, F|3/100 frz
|switch|p1a: Cinderace|Cinderace, F|34/100
|
|upkeep
|turn|182
|
|t:|1779558369
|switch|p2a: Talonflame|Talonflame, F|100/100
|move|p1a: Cinderace|Court Change|p1a: Cinderace
|-start|p1a: Cinderace|typechange|Normal|[from] ability: Libero
|-swapsideconditions
|-activate|p1a: Cinderace|move: Court Change
|
|upkeep
|turn|183
|
|t:|1779558382
|switch|p1a: Garganacl|Garganacl, F, tera:Water|66/100
|move|p2a: Talonflame|Overheat|p1a: Garganacl
|-resisted|p1a: Garganacl
|-damage|p1a: Garganacl|53/100
|-unboost|p2a: Talonflame|spa|2
|
|upkeep
|turn|184
|
|t:|1779558387
|switch|p1a: Kyurem|Kyurem|66/100
|-ability|p1a: Kyurem|Pressure
|move|p2a: Talonflame|Defog|p1a: Kyurem
|-unboost|p1a: Kyurem|evasion|1
|-sideend|p2: SpyOP|Spikes|[from] move: Defog|[of] p2a: Talonflame
|-sideend|p2: SpyOP|Toxic Spikes|[from] move: Defog|[of] p2a: Talonflame
|
|upkeep
|turn|185
|
|t:|1779558397
|switch|p2a: Blissey|Blissey, F|75/100
|move|p1a: Kyurem|Freeze-Dry|p2a: Blissey
|-damage|p2a: Blissey|59/100
|-status|p2a: Blissey|frz
|
|-heal|p2a: Blissey|65/100 frz|[from] item: Leftovers
|upkeep
|turn|186
|
|t:|1779558402
|move|p1a: Kyurem|Freeze-Dry|p2a: Blissey
|-damage|p2a: Blissey|49/100 frz
|cant|p2a: Blissey|frz
|
|-heal|p2a: Blissey|55/100 frz|[from] item: Leftovers
|upkeep
|turn|187
|
|t:|1779558409
|-curestatus|p2a: Blissey|frz|[from] ability: Natural Cure|[silent]
|switch|p2a: Toxapex|Toxapex, F|100/100
|move|p1a: Kyurem|Freeze-Dry|p2a: Toxapex
|-supereffective|p2a: Toxapex
|-damage|p2a: Toxapex|27/100
|
|-heal|p2a: Toxapex|33/100|[from] item: Black Sludge
|upkeep
|turn|188
|
|t:|1779558412
|switch|p2a: Blissey|Blissey, F|55/100
|move|p1a: Kyurem|Freeze-Dry|p2a: Blissey
|-damage|p2a: Blissey|37/100
|
|-heal|p2a: Blissey|43/100|[from] item: Leftovers
|upkeep
|turn|189
|
|t:|1779558414
|move|p1a: Kyurem|Freeze-Dry|p2a: Blissey
|-damage|p2a: Blissey|28/100
|move|p2a: Blissey|Soft-Boiled|p2a: Blissey
|-heal|p2a: Blissey|78/100
|
|-heal|p2a: Blissey|84/100|[from] item: Leftovers
|upkeep
|turn|190
|
|t:|1779558443
|move|p1a: Kyurem|Freeze-Dry|p2a: Blissey
|-damage|p2a: Blissey|68/100
|move|p2a: Blissey|Seismic Toss|p1a: Kyurem
|-damage|p1a: Kyurem|41/100
|
|-heal|p2a: Blissey|74/100|[from] item: Leftovers
|upkeep
|turn|191
|
|t:|1779558450
|switch|p1a: Garganacl|Garganacl, F, tera:Water|53/100
|move|p2a: Blissey|Seismic Toss|p1a: Garganacl
|-damage|p1a: Garganacl|28/100
|
|-heal|p2a: Blissey|80/100|[from] item: Leftovers
|upkeep
|turn|192
|inactive|Hairoll has 270 seconds left.
|
|t:|1779558474
|switch|p1a: Zamazenta|Zamazenta|100/100
|-ability|p1a: Zamazenta|Dauntless Shield|boost
|-boost|p1a: Zamazenta|def|1
|move|p2a: Blissey|Seismic Toss|p1a: Zamazenta
|-damage|p1a: Zamazenta|70/100
|
|-heal|p1a: Zamazenta|76/100|[from] item: Leftovers
|-heal|p2a: Blissey|86/100|[from] item: Leftovers
|upkeep
|turn|193
|
|t:|1779558478
|switch|p2a: Toxapex|Toxapex, F|66/100
|move|p1a: Zamazenta|Iron Defense|p1a: Zamazenta
|-boost|p1a: Zamazenta|def|2
|
|-heal|p1a: Zamazenta|82/100|[from] item: Leftovers
|-heal|p2a: Toxapex|73/100|[from] item: Black Sludge
|upkeep
|turn|194
|
|t:|1779558483
|move|p1a: Zamazenta|Iron Defense|p1a: Zamazenta
|-boost|p1a: Zamazenta|def|2
|move|p2a: Toxapex|Sludge Bomb|p1a: Zamazenta
|-damage|p1a: Zamazenta|65/100
|-status|p1a: Zamazenta|psn
|
|-heal|p1a: Zamazenta|72/100 psn|[from] item: Leftovers
|-heal|p2a: Toxapex|79/100|[from] item: Black Sludge
|-damage|p1a: Zamazenta|59/100 psn|[from] psn
|upkeep
|turn|195
|
|t:|1779558494
|move|p1a: Zamazenta|Iron Defense|p1a: Zamazenta
|-boost|p1a: Zamazenta|def|1
|move|p2a: Toxapex|Toxic Spikes|p1a: Zamazenta
|-sidestart|p1: Hairoll|move: Toxic Spikes
|
|-heal|p1a: Zamazenta|65/100 psn|[from] item: Leftovers
|-heal|p2a: Toxapex|85/100|[from] item: Black Sludge
|-damage|p1a: Zamazenta|53/100 psn|[from] psn
|upkeep
|turn|196
|
|t:|1779558513
|move|p2a: Toxapex|Surf|p1a: Zamazenta
|-damage|p1a: Zamazenta|35/100 psn
|move|p1a: Zamazenta|Roar|p2a: Toxapex
|drag|p2a: Dondozo|Dondozo, F, tera:Dragon|45/100
|
|-heal|p1a: Zamazenta|41/100 psn|[from] item: Leftovers
|-heal|p2a: Dondozo|51/100|[from] item: Leftovers
|-damage|p1a: Zamazenta|28/100 psn|[from] psn
|upkeep
|turn|197
|
|t:|1779558523
|move|p2a: Dondozo|Rest|p2a: Dondozo
|-status|p2a: Dondozo|slp|[from] move: Rest
|-heal|p2a: Dondozo|100/100 slp|[silent]
|move|p1a: Zamazenta|Roar|p2a: Dondozo
|drag|p2a: Talonflame|Talonflame, F|100/100
|
|-heal|p1a: Zamazenta|35/100 psn|[from] item: Leftovers
|-damage|p1a: Zamazenta|22/100 psn|[from] psn
|upkeep
|turn|198
|
|t:|1779558527
|switch|p2a: Toxapex|Toxapex, F|100/100
|move|p1a: Zamazenta|Body Press|p2a: Toxapex
|-resisted|p2a: Toxapex
|-damage|p2a: Toxapex|49/100
|
|-heal|p1a: Zamazenta|28/100 psn|[from] item: Leftovers
|-heal|p2a: Toxapex|55/100|[from] item: Black Sludge
|-damage|p1a: Zamazenta|16/100 psn|[from] psn
|upkeep
|turn|199
|
|t:|1779558531
|switch|p2a: Dondozo|Dondozo, F, tera:Dragon|100/100 slp
|move|p1a: Zamazenta|Body Press|p2a: Dondozo
|-damage|p2a: Dondozo|84/100 slp
|
|-heal|p1a: Zamazenta|22/100 psn|[from] item: Leftovers
|-heal|p2a: Dondozo|90/100 slp|[from] item: Leftovers
|-damage|p1a: Zamazenta|10/100 psn|[from] psn
|upkeep
|turn|200
|
|t:|1779558537
|move|p1a: Zamazenta|Body Press|p2a: Dondozo
|-damage|p2a: Dondozo|74/100 slp
|cant|p2a: Dondozo|slp
|move|p2a: Dondozo|Sleep Talk|p2a: Dondozo
|move|p2a: Dondozo|Rest||[from] move: Sleep Talk|[still]
|-fail|p2a: Dondozo
|
|-heal|p1a: Zamazenta|16/100 psn|[from] item: Leftovers
|-heal|p2a: Dondozo|80/100 slp|[from] item: Leftovers
|-damage|p1a: Zamazenta|4/100 psn|[from] psn
|upkeep
|turn|201
|
|t:|1779558540
|move|p1a: Zamazenta|Body Press|p2a: Dondozo
|-damage|p2a: Dondozo|63/100 slp
|cant|p2a: Dondozo|slp
|move|p2a: Dondozo|Sleep Talk|p2a: Dondozo
|move|p2a: Dondozo|Avalanche|p1a: Zamazenta|[from] move: Sleep Talk
|-crit|p1a: Zamazenta
|-damage|p1a: Zamazenta|0 fnt
|faint|p1a: Zamazenta
|
|-heal|p2a: Dondozo|69/100 slp|[from] item: Leftovers
|upkeep
|
|t:|1779558545
|switch|p1a: Corviknight|Corviknight, F|41/100 brn
|-ability|p1a: Corviknight|Pressure
|turn|202
|
|t:|1779558551
|switch|p2a: Talonflame|Talonflame, F|100/100
|move|p1a: Corviknight|Defog|p2a: Talonflame
|-unboost|p2a: Talonflame|evasion|1
|-sideend|p1: Hairoll|Toxic Spikes|[from] move: Defog|[of] p1a: Corviknight
|
|-damage|p1a: Corviknight|35/100 brn|[from] brn
|upkeep
|turn|203
|
|t:|1779558559
|switch|p1a: Cinderace|Cinderace, F|34/100
|move|p2a: Talonflame|Overheat|p1a: Cinderace
|-resisted|p1a: Cinderace
|-damage|p1a: Cinderace|10/100
|-unboost|p2a: Talonflame|spa|2
|
|upkeep
|turn|204
|
|t:|1779558567
|switch|p1a: Kyurem|Kyurem|41/100
|-ability|p1a: Kyurem|Pressure
|switch|p2a: Toxapex|Toxapex, F|89/100
|
|-heal|p2a: Toxapex|95/100|[from] item: Black Sludge
|upkeep
|turn|205
|
|t:|1779558576
|switch|p2a: Blissey|Blissey, F|86/100
|move|p1a: Kyurem|Draco Meteor|p2a: Blissey
|-damage|p2a: Blissey|54/100
|-unboost|p1a: Kyurem|spa|2
|
|-heal|p2a: Blissey|61/100|[from] item: Leftovers
|upkeep
|turn|206
|
|t:|1779558582
|move|p1a: Kyurem|Draco Meteor|p2a: Blissey
|-damage|p2a: Blissey|46/100
|-unboost|p1a: Kyurem|spa|2
|move|p2a: Blissey|Soft-Boiled|p2a: Blissey
|-heal|p2a: Blissey|96/100
|
|-heal|p2a: Blissey|100/100|[from] item: Leftovers
|upkeep
|turn|207
|
|t:|1779558591
|switch|p1a: Gliscor|Gliscor, F|35/100 tox
|move|p2a: Blissey|Seismic Toss|p1a: Gliscor
|-damage|p1a: Gliscor|7/100 tox
|
|-heal|p1a: Gliscor|19/100 tox|[from] ability: Poison Heal
|upkeep
|turn|208
|
|t:|1779558595
|switch|p2a: Gliscor|Gliscor, F|20/100 tox
|move|p1a: Gliscor|Protect||[still]
|-fail|p1a: Gliscor
|
|-heal|p1a: Gliscor|32/100 tox|[from] ability: Poison Heal
|-heal|p2a: Gliscor|33/100 tox|[from] ability: Poison Heal
|upkeep
|turn|209
|
|t:|1779558599
|move|p1a: Gliscor|U-turn|p2a: Gliscor
|-resisted|p2a: Gliscor
|-damage|p2a: Gliscor|26/100 tox
|
|t:|1779558601
|switch|p1a: Kyurem|Kyurem|41/100|[from] U-turn
|-ability|p1a: Kyurem|Pressure
|move|p2a: Gliscor|Spikes|p1a: Kyurem
|-sidestart|p1: Hairoll|Spikes
|
|-heal|p2a: Gliscor|39/100 tox|[from] ability: Poison Heal
|upkeep
|turn|210
|
|t:|1779558608
|move|p2a: Gliscor|Protect|p2a: Gliscor
|-singleturn|p2a: Gliscor|Protect
|move|p1a: Kyurem|Draco Meteor|p2a: Gliscor
|-activate|p2a: Gliscor|move: Protect
|
|-heal|p2a: Gliscor|51/100 tox|[from] ability: Poison Heal
|upkeep
|turn|211
|
|t:|1779558614
|switch|p2a: Blissey|Blissey, F|100/100
|move|p1a: Kyurem|Draco Meteor|p2a: Blissey
|-damage|p2a: Blissey|70/100
|-unboost|p1a: Kyurem|spa|2
|
|-heal|p2a: Blissey|76/100|[from] item: Leftovers
|upkeep
|turn|212
|
|t:|1779558617
|move|p1a: Kyurem|Draco Meteor|p2a: Blissey
|-damage|p2a: Blissey|61/100
|-unboost|p1a: Kyurem|spa|2
|move|p2a: Blissey|Seismic Toss|p1a: Kyurem
|-damage|p1a: Kyurem|15/100
|
|-heal|p2a: Blissey|67/100|[from] item: Leftovers
|upkeep
|turn|213
|
|t:|1779558627
|switch|p1a: Gliscor|Gliscor, F|32/100 tox
|move|p2a: Blissey|Seismic Toss|p1a: Gliscor
|-damage|p1a: Gliscor|3/100 tox
|
|-heal|p2a: Blissey|73/100|[from] item: Leftovers
|-heal|p1a: Gliscor|16/100 tox|[from] ability: Poison Heal
|upkeep
|turn|214
|
|t:|1779558632
|switch|p2a: Gliscor|Gliscor, F|51/100 tox
|move|p1a: Gliscor|Protect||[still]
|-fail|p1a: Gliscor
|
|-heal|p1a: Gliscor|28/100 tox|[from] ability: Poison Heal
|-heal|p2a: Gliscor|64/100 tox|[from] ability: Poison Heal
|upkeep
|turn|215
|
|t:|1779558637
|move|p1a: Gliscor|U-turn|p2a: Gliscor
|-resisted|p2a: Gliscor
|-damage|p2a: Gliscor|58/100 tox
|
|t:|1779558638
|switch|p1a: Corviknight|Corviknight, F|35/100 brn|[from] U-turn
|-ability|p1a: Corviknight|Pressure
|move|p2a: Gliscor|Spikes|p1a: Corviknight
|-sidestart|p1: Hairoll|Spikes
|
|-heal|p2a: Gliscor|70/100 tox|[from] ability: Poison Heal
|-damage|p1a: Corviknight|29/100 brn|[from] brn
|upkeep
|turn|216
|
|t:|1779558646
|switch|p2a: Talonflame|Talonflame, F|100/100
|move|p1a: Corviknight|Roost|p1a: Corviknight
|-heal|p1a: Corviknight|79/100 brn
|-singleturn|p1a: Corviknight|move: Roost
|
|-damage|p1a: Corviknight|73/100 brn|[from] brn
|upkeep
|turn|217
|
|t:|1779558651
|switch|p1a: Garganacl|Garganacl, F, tera:Water|28/100
|-damage|p1a: Garganacl|11/100|[from] Spikes
|move|p2a: Talonflame|Will-O-Wisp|p1a: Garganacl
|-immune|p1a: Garganacl|[from] ability: Purifying Salt
|
|upkeep
|turn|218
|
|t:|1779558659
|switch|p2a: Gliscor|Gliscor, F|70/100 tox
|move|p1a: Garganacl|Recover|p1a: Garganacl
|-heal|p1a: Garganacl|61/100
|
|-heal|p2a: Gliscor|83/100 tox|[from] ability: Poison Heal
|upkeep
|turn|219
|c|☆Hairoll|gg
|-message|Hairoll forfeited.
|
|win|SpyOP
|c|☆SpyOP|Gg
|player|p1|
|player|p2|
|player|p2|SpyOP|rood|
