|j|☆Veeriscared
|j|☆patxongo
|t:|1779718665
|gametype|singles
|player|p1|Veeriscared|265|1262
|player|p2|patxongo|102|1260
|gen|9
|tier|[Gen 9] OU
|rated|
|rule|HP Percentage Mod: HP is shown in percentages
|rule|Endless Battle Clause: Forcing endless battles is banned
|rule|Species Clause: Limit one of each Pokémon
|rule|OHKO Clause: OHKO moves are banned
|rule|Evasion Items Clause: Evasion items are banned
|rule|Evasion Moves Clause: Evasion moves are banned
|rule|Evasion Abilities Clause: Evasion abilities are banned
|rule|Sleep Moves Clause: Sleep-inducing moves are banned
|clearpoke
|poke|p1|Forretress, F|
|poke|p1|Dragapult, M|
|poke|p1|Hitmonlee, M|
|poke|p1|Mamoswine, F|
|poke|p1|Noivern, M|
|poke|p1|Scizor, F|
|poke|p2|Ting-Lu|
|poke|p2|Corviknight, F|
|poke|p2|Darkrai|
|poke|p2|Cinderace, F|
|poke|p2|Kyurem|
|poke|p2|Slowking-Galar, F|
|teampreview
|inactive|Battle timer is ON: inactive players will automatically lose when time's up. (requested by Veeriscared)
|
|t:|1779718681
|teamsize|p1|6
|teamsize|p2|6
|start
|switch|p1a: Dragapult|Dragapult, M, shiny|100/100
|switch|p2a: Headlock|Ting-Lu|100/100
|-ability|p2a: Headlock|Vessel of Ruin
|turn|1
|
|t:|1779718686
|switch|p1a: Noivern|Noivern, M|100/100
|-item|p2a: Headlock|Leftovers|[from] ability: Frisk|[of] p1a: Noivern
|move|p2a: Headlock|Stealth Rock|p1a: Noivern
|-sidestart|p1: Veeriscared|move: Stealth Rock
|
|upkeep
|turn|2
|
|t:|1779718694
|move|p1a: Noivern|Tailwind|p1a: Noivern
|-sidestart|p1: Veeriscared|move: Tailwind
|move|p2a: Headlock|Whirlwind|p1a: Noivern
|drag|p1a: Mamoswine|Mamoswine, F|100/100
|-damage|p1a: Mamoswine|88/100|[from] Stealth Rock
|
|upkeep
|turn|3
|
|t:|1779718700
|switch|p2a: Clear the Area|Corviknight, F|100/100
|-ability|p2a: Clear the Area|Pressure
|move|p1a: Mamoswine|Icicle Crash|p2a: Clear the Area
|-damage|p2a: Clear the Area|61/100
|-damage|p1a: Mamoswine|78/100|[from] item: Life Orb
|
|upkeep
|turn|4
|
|t:|1779718710
|move|p1a: Mamoswine|Icicle Crash|p2a: Clear the Area
|-damage|p2a: Clear the Area|24/100
|-damage|p1a: Mamoswine|68/100|[from] item: Life Orb
|cant|p2a: Clear the Area|flinch
|
|upkeep
|turn|5
|
|t:|1779718719
|switch|p2a: Daylight Robbery|Cinderace, F|100/100
|move|p1a: Mamoswine|Icicle Crash|p2a: Daylight Robbery
|-resisted|p2a: Daylight Robbery
|-damage|p2a: Daylight Robbery|65/100
|-damage|p1a: Mamoswine|58/100|[from] item: Life Orb
|
|-sideend|p1: Veeriscared|move: Tailwind
|upkeep
|turn|6
|
|t:|1779718739
|switch|p1a: Noivern|Noivern, M|100/100
|-damage|p1a: Noivern|75/100|[from] Stealth Rock
|-item|p2a: Daylight Robbery|Heavy-Duty Boots|[from] ability: Frisk|[of] p1a: Noivern
|move|p2a: Daylight Robbery|Will-O-Wisp|p1a: Noivern
|-status|p1a: Noivern|brn
|
|-damage|p1a: Noivern|69/100 brn|[from] brn
|upkeep
|turn|7
|
|t:|1779718748
|move|p2a: Daylight Robbery|U-turn|p1a: Noivern
|-resisted|p1a: Noivern
|-damage|p1a: Noivern|57/100 brn
|-enditem|p1a: Noivern|Eject Button
|
|t:|1779718753
|switch|p1a: Dragapult|Dragapult, M, shiny|100/100
|-damage|p1a: Dragapult|88/100|[from] Stealth Rock
|
|upkeep
|turn|8
|
|t:|1779718758
|switch|p2a: Headlock|Ting-Lu|100/100
|-ability|p2a: Headlock|Vessel of Ruin
|move|p1a: Dragapult|Draco Meteor|p2a: Headlock
|-damage|p2a: Headlock|63/100
|-unboost|p1a: Dragapult|spa|2
|
|-heal|p2a: Headlock|69/100|[from] item: Leftovers
|upkeep
|turn|9
|
|t:|1779718767
|switch|p1a: Noivern|Noivern, M|57/100 brn
|-damage|p1a: Noivern|32/100 brn|[from] Stealth Rock
|-item|p2a: Headlock|Leftovers|[from] ability: Frisk|[of] p1a: Noivern
|move|p2a: Headlock|Whirlwind|p1a: Noivern
|drag|p1a: Scizor|Scizor, F|100/100
|
|-heal|p2a: Headlock|76/100|[from] item: Leftovers
|upkeep
|turn|10
|
|t:|1779718779
|switch|p2a: Clear the Area|Corviknight, F|24/100
|-ability|p2a: Clear the Area|Pressure
|move|p1a: Scizor|Close Combat|p2a: Clear the Area
|-damage|p2a: Clear the Area|0 fnt
|-unboost|p1a: Scizor|def|1
|-unboost|p1a: Scizor|spd|1
|-damage|p1a: Scizor|84/100|[from] item: Rocky Helmet|[of] p2a: Clear the Area
|faint|p2a: Clear the Area
|
|upkeep
|
|t:|1779718791
|switch|p2a: Daylight Robbery|Cinderace, F|65/100
|turn|11
|
|t:|1779718795
|switch|p1a: Noivern|Noivern, M|32/100 brn
|-damage|p1a: Noivern|7/100 brn|[from] Stealth Rock
|-item|p2a: Daylight Robbery|Heavy-Duty Boots|[from] ability: Frisk|[of] p1a: Noivern
|move|p2a: Daylight Robbery|Pyro Ball|p1a: Noivern|[miss]
|-miss|p2a: Daylight Robbery|p1a: Noivern
|
|-damage|p1a: Noivern|0 fnt|[from] brn
|faint|p1a: Noivern
|upkeep
|
|t:|1779718805
|switch|p1a: Hitmonlee|Hitmonlee, M|100/100
|-damage|p1a: Hitmonlee|94/100|[from] Stealth Rock
|turn|12
|
|t:|1779718815
|move|p1a: Hitmonlee|Endure|p1a: Hitmonlee
|-singleturn|p1a: Hitmonlee|move: Endure
|move|p2a: Daylight Robbery|U-turn|p1a: Hitmonlee
|-resisted|p1a: Hitmonlee
|-damage|p1a: Hitmonlee|71/100
|
|t:|1779718822
|switch|p2a: Hide and Seek|Slowking-Galar, F|100/100|[from] U-turn
|
|upkeep
|turn|13
|
|t:|1779718828
|switch|p1a: Scizor|Scizor, F|84/100
|move|p2a: Hide and Seek|Psyshock|p1a: Scizor
|-resisted|p1a: Scizor
|-damage|p1a: Scizor|70/100
|
|upkeep
|turn|14
|
|t:|1779718833
|move|p1a: Scizor|U-turn|p2a: Hide and Seek
|-damage|p2a: Hide and Seek|60/100
|
|t:|1779718839
|switch|p1a: Hitmonlee|Hitmonlee, M|71/100|[from] U-turn
|-damage|p1a: Hitmonlee|65/100|[from] Stealth Rock
|-prepare|p2a: Hide and Seek|Chilly Reception|[premajor]
|move|p2a: Hide and Seek|Chilly Reception|p2a: Hide and Seek
|-weather|Snowscape
|
|t:|1779718849
|switch|p2a: The Walk|Kyurem|100/100|[from] Chilly Reception
|-ability|p2a: The Walk|Pressure
|
|-weather|Snowscape|[upkeep]
|upkeep
|turn|15
|
|t:|1779718854
|-terastallize|p2a: The Walk|Ice
|move|p1a: Hitmonlee|Endure|p1a: Hitmonlee
|-singleturn|p1a: Hitmonlee|move: Endure
|move|p2a: The Walk|Blizzard|p1a: Hitmonlee
|-activate|p1a: Hitmonlee|move: Endure
|-damage|p1a: Hitmonlee|1/100
|-enditem|p1a: Hitmonlee|Liechi Berry|[eat]
|-boost|p1a: Hitmonlee|atk|1|[from] item: Liechi Berry
|
|-weather|Snowscape|[upkeep]
|upkeep
|turn|16
|
|t:|1779718861
|move|p1a: Hitmonlee|Reversal|p2a: The Walk
|-supereffective|p2a: The Walk
|-damage|p2a: The Walk|0 fnt
|faint|p2a: The Walk
|
|-weather|Snowscape|[upkeep]
|upkeep
|
|t:|1779718868
|switch|p2a: Goodnight and Go|Darkrai|100/100
|turn|17
|
|t:|1779718875
|move|p1a: Hitmonlee|Endure|p1a: Hitmonlee
|-singleturn|p1a: Hitmonlee|move: Endure
|move|p2a: Goodnight and Go|Dark Pulse|p1a: Hitmonlee
|-resisted|p1a: Hitmonlee
|-activate|p1a: Hitmonlee|move: Endure
|-damage|p1a: Hitmonlee|1/100
|
|-weather|Snowscape|[upkeep]
|upkeep
|turn|18
|
|t:|1779718880
|move|p1a: Hitmonlee|Reversal|p2a: Goodnight and Go
|-supereffective|p2a: Goodnight and Go
|-damage|p2a: Goodnight and Go|0 fnt
|faint|p2a: Goodnight and Go
|
|-weather|none
|upkeep
|
|t:|1779718891
|switch|p2a: Daylight Robbery|Cinderace, F|65/100
|turn|19
|
|t:|1779718893
|move|p1a: Hitmonlee|Endure|p1a: Hitmonlee
|-singleturn|p1a: Hitmonlee|move: Endure
|move|p2a: Daylight Robbery|Will-O-Wisp|p1a: Hitmonlee|[miss]
|-miss|p2a: Daylight Robbery|p1a: Hitmonlee
|
|upkeep
|turn|20
|
|t:|1779718898
|move|p1a: Hitmonlee|Reversal|p2a: Daylight Robbery
|-damage|p2a: Daylight Robbery|0 fnt
|faint|p2a: Daylight Robbery
|
|upkeep
|-message|patxongo forfeited.
|
|win|Veeriscared
|raw|Veeriscared's rating: 1262 &rarr; <strong>1287</strong><br />(+25 for winning)
|raw|patxongo's rating: 1260 &rarr; <strong>1235</strong><br />(-25 for losing)
|l|☆patxongo
|player|p2|
|l|☆Veeriscared
|player|p1|
