|j|☆my shitters
|j|☆Titanosaurus
|t:|1779642665
|gametype|singles
|player|p1|my shitters|dancer-gen7|1393
|player|p2|Titanosaurus|byron|1423
|gen|9
|tier|[Gen 9] OU
|rated|
|rule|HP Percentage Mod: HP is shown in percentages
|rule|Endless Battle Clause: Forcing endless battles is banned
|rule|Species Clause: Limit one of each Pokémon
|rule|OHKO Clause: OHKO moves are banned
|rule|Evasion Items Clause: Evasion items are banned
|rule|Evasion Moves Clause: Evasion moves are banned
|rule|Evasion Abilities Clause: Evasion abilities are banned
|rule|Sleep Moves Clause: Sleep-inducing moves are banned
|clearpoke
|poke|p1|Sableye, F|
|poke|p1|Alcremie-Ruby-Swirl, F|
|poke|p1|Squawkabilly-Blue, F|
|poke|p1|Primeape, M|
|poke|p1|Brute Bonnet|
|poke|p1|Ursaring, M|
|poke|p2|Politoed, F|
|poke|p2|Zapdos|
|poke|p2|Clodsire, F|
|poke|p2|Corviknight, M|
|poke|p2|Barraskewda, M|
|poke|p2|Kingambit, M|
|teampreview
|inactive|Battle timer is ON: inactive players will automatically lose when time's up. (requested by my shitters)
|inactive|my shitters has 120 seconds left.
|
|t:|1779642696
|teamsize|p1|6
|teamsize|p2|6
|start
|switch|p1a: BillyBlutcher|Squawkabilly-Blue, F|100/100
|switch|p2a: Politoed|Politoed, F|100/100
|-ability|p1a: BillyBlutcher|Intimidate|boost
|-unboost|p2a: Politoed|atk|1
|-weather|RainDance|[from] ability: Drizzle|[of] p2a: Politoed
|turn|1
|c|☆Titanosaurus|Nice Team
|
|t:|1779642718
|switch|p2a: Corviknight|Corviknight, M|100/100
|move|p1a: BillyBlutcher|Final Gambit|p2a: Corviknight
|-damage|p2a: Corviknight|9/100
|faint|p1a: BillyBlutcher
|
|-weather|RainDance|[upkeep]
|upkeep
|
|t:|1779642725
|switch|p1a: PonnieColeman|Primeape, M|100/100
|turn|2
|
|t:|1779642730
|move|p1a: PonnieColeman|Drain Punch|p2a: Corviknight
|-damage|p2a: Corviknight|0 fnt
|-damage|p1a: PonnieColeman|84/100|[from] item: Rocky Helmet|[of] p2a: Corviknight
|faint|p2a: Corviknight
|
|-weather|RainDance|[upkeep]
|upkeep
|
|t:|1779642734
|switch|p2a: Zapdos|Zapdos|100/100
|turn|3
|l|☆my shitters
|inactive|my shitters disconnected and has a minute to reconnect!
|player|p1|
|inactive|my shitters has 30 seconds to reconnect!
|j|☆my shitters
|inactive|my shitters reconnected and has 105 seconds left.
|player|p1|my shitters|dancer-gen7|
|
|t:|1779642786
|switch|p1a: GemPostin|Sableye, F|100/100
|move|p2a: Zapdos|Hurricane|p1a: GemPostin
|-damage|p1a: GemPostin|1/100
|
|-weather|RainDance|[upkeep]
|upkeep
|turn|4
|
|t:|1779642795
|move|p1a: GemPostin|Light Screen|p1a: GemPostin
|-sidestart|p1: my shitters|move: Light Screen
|move|p2a: Zapdos|Hurricane|p1a: GemPostin
|-damage|p1a: GemPostin|0 fnt
|faint|p1a: GemPostin
|
|-weather|RainDance|[upkeep]
|upkeep
|
|t:|1779642797
|switch|p1a: RobotAlcremicDrive|Alcremie-Ruby-Swirl, F|100/100
|turn|5
|
|t:|1779642800
|switch|p2a: Clodsire|Clodsire, F|100/100
|move|p1a: RobotAlcremicDrive|Acid Armor|p1a: RobotAlcremicDrive
|-boost|p1a: RobotAlcremicDrive|def|2
|
|-weather|RainDance|[upkeep]
|upkeep
|turn|6
|
|t:|1779642807
|-terastallize|p1a: RobotAlcremicDrive|Poison
|move|p1a: RobotAlcremicDrive|Acid Armor|p1a: RobotAlcremicDrive
|-boost|p1a: RobotAlcremicDrive|def|2
|move|p2a: Clodsire|Toxic|p1a: RobotAlcremicDrive
|-immune|p1a: RobotAlcremicDrive
|
|-weather|RainDance|[upkeep]
|upkeep
|turn|7
|
|t:|1779642810
|switch|p2a: Kingambit|Kingambit, M|100/100
|-activate|p2a: Kingambit|ability: Supreme Overlord
|-start|p2a: Kingambit|fallen1|[silent]
|move|p1a: RobotAlcremicDrive|Calm Mind|p1a: RobotAlcremicDrive
|-boost|p1a: RobotAlcremicDrive|spa|1
|-boost|p1a: RobotAlcremicDrive|spd|1
|
|-weather|RainDance|[upkeep]
|upkeep
|turn|8
|
|t:|1779642813
|move|p1a: RobotAlcremicDrive|Calm Mind|p1a: RobotAlcremicDrive
|-boost|p1a: RobotAlcremicDrive|spa|1
|-boost|p1a: RobotAlcremicDrive|spd|1
|move|p2a: Kingambit|Swords Dance|p2a: Kingambit
|-boost|p2a: Kingambit|atk|2
|
|-weather|none
|upkeep
|turn|9
|
|t:|1779642819
|move|p1a: RobotAlcremicDrive|Acid Armor|p1a: RobotAlcremicDrive
|-boost|p1a: RobotAlcremicDrive|def|2
|move|p2a: Kingambit|Swords Dance|p2a: Kingambit
|-boost|p2a: Kingambit|atk|2
|
|upkeep
|turn|10
|
|t:|1779642823
|move|p1a: RobotAlcremicDrive|Calm Mind|p1a: RobotAlcremicDrive
|-boost|p1a: RobotAlcremicDrive|spa|1
|-boost|p1a: RobotAlcremicDrive|spd|1
|move|p2a: Kingambit|Swords Dance|p2a: Kingambit
|-boost|p2a: Kingambit|atk|2
|
|upkeep
|turn|11
|
|t:|1779642827
|move|p1a: RobotAlcremicDrive|Draining Kiss|p2a: Kingambit
|-damage|p2a: Kingambit|56/100
|move|p2a: Kingambit|Kowtow Cleave|p1a: RobotAlcremicDrive
|-damage|p1a: RobotAlcremicDrive|52/100
|
|-heal|p1a: RobotAlcremicDrive|58/100|[from] item: Leftovers
|-heal|p2a: Kingambit|62/100|[from] item: Leftovers
|-sideend|p1: my shitters|move: Light Screen
|upkeep
|turn|12
|
|t:|1779642834
|move|p2a: Kingambit|Sucker Punch|p1a: RobotAlcremicDrive
|-damage|p1a: RobotAlcremicDrive|16/100
|move|p1a: RobotAlcremicDrive|Draining Kiss|p2a: Kingambit
|-damage|p2a: Kingambit|16/100
|-heal|p1a: RobotAlcremicDrive|58/100|[from] drain|[of] p2a: Kingambit
|
|-heal|p1a: RobotAlcremicDrive|64/100|[from] item: Leftovers
|-heal|p2a: Kingambit|23/100|[from] item: Leftovers
|upkeep
|turn|13
|
|t:|1779642840
|move|p2a: Kingambit|Sucker Punch|p1a: RobotAlcremicDrive
|-damage|p1a: RobotAlcremicDrive|20/100
|move|p1a: RobotAlcremicDrive|Draining Kiss|p2a: Kingambit
|-damage|p2a: Kingambit|0 fnt
|-heal|p1a: RobotAlcremicDrive|40/100|[from] drain|[of] p2a: Kingambit
|faint|p2a: Kingambit
|-end|p2a: Kingambit|fallen1|[silent]
|
|-heal|p1a: RobotAlcremicDrive|46/100|[from] item: Leftovers
|upkeep
|
|t:|1779642851
|switch|p2a: Politoed|Politoed, F|100/100
|-weather|RainDance|[from] ability: Drizzle|[of] p2a: Politoed
|turn|14
|
|t:|1779642855
|switch|p2a: Clodsire|Clodsire, F|100/100
|move|p1a: RobotAlcremicDrive|Draining Kiss|p2a: Clodsire
|-resisted|p2a: Clodsire
|-crit|p2a: Clodsire
|-damage|p2a: Clodsire|81/100
|-heal|p1a: RobotAlcremicDrive|67/100|[from] drain|[of] p2a: Clodsire
|
|-weather|RainDance|[upkeep]
|-heal|p1a: RobotAlcremicDrive|73/100|[from] item: Leftovers
|-heal|p2a: Clodsire|87/100|[from] item: Leftovers
|upkeep
|turn|15
|
|t:|1779642864
|move|p1a: RobotAlcremicDrive|Stored Power|p2a: Clodsire
|-supereffective|p2a: Clodsire
|-damage|p2a: Clodsire|0 fnt
|faint|p2a: Clodsire
|
|-weather|RainDance|[upkeep]
|-heal|p1a: RobotAlcremicDrive|79/100|[from] item: Leftovers
|upkeep
|
|t:|1779642867
|switch|p2a: Barraskewda|Barraskewda, M|100/100
|turn|16
|
|t:|1779642870
|-terastallize|p2a: Barraskewda|Water
|move|p2a: Barraskewda|Liquidation|p1a: RobotAlcremicDrive
|-damage|p1a: RobotAlcremicDrive|47/100
|-unboost|p1a: RobotAlcremicDrive|def|1
|move|p1a: RobotAlcremicDrive|Draining Kiss|p2a: Barraskewda
|-damage|p2a: Barraskewda|0 fnt
|-heal|p1a: RobotAlcremicDrive|100/100|[from] drain|[of] p2a: Barraskewda
|faint|p2a: Barraskewda
|
|-weather|RainDance|[upkeep]
|upkeep
|
|t:|1779642876
|switch|p2a: Zapdos|Zapdos|100/100
|turn|17
|
|t:|1779642879
|move|p2a: Zapdos|Hurricane|p1a: RobotAlcremicDrive
|-damage|p1a: RobotAlcremicDrive|80/100
|move|p1a: RobotAlcremicDrive|Stored Power|p2a: Zapdos
|-damage|p2a: Zapdos|0 fnt
|faint|p2a: Zapdos
|
|-weather|RainDance|[upkeep]
|-heal|p1a: RobotAlcremicDrive|86/100|[from] item: Leftovers
|upkeep
|
|t:|1779642883
|switch|p2a: Politoed|Politoed, F|100/100
|turn|18
|
|t:|1779642885
|move|p2a: Politoed|Surf|p1a: RobotAlcremicDrive
|-damage|p1a: RobotAlcremicDrive|71/100
|move|p1a: RobotAlcremicDrive|Stored Power|p2a: Politoed
|-damage|p2a: Politoed|4/100
|
|-weather|RainDance|[upkeep]
|-heal|p1a: RobotAlcremicDrive|77/100|[from] item: Leftovers
|upkeep
|turn|19
|
|t:|1779642887
|move|p2a: Politoed|Surf|p1a: RobotAlcremicDrive
|-damage|p1a: RobotAlcremicDrive|63/100
|move|p1a: RobotAlcremicDrive|Draining Kiss|p2a: Politoed
|-damage|p2a: Politoed|0 fnt
|-heal|p1a: RobotAlcremicDrive|66/100|[from] drain|[of] p2a: Politoed
|faint|p2a: Politoed
|
|win|my shitters
|raw|my shitters's rating: 1393 &rarr; <strong>1415</strong><br />(+22 for winning)
|raw|Titanosaurus's rating: 1423 &rarr; <strong>1401</strong><br />(-22 for losing)
|l|☆my shitters
|player|p1|
|c|☆Titanosaurus|GG
|l|☆Titanosaurus
|player|p2|
