|j|☆ugandhi
|j|☆claudechamp
|t:|1779697167
|gametype|singles
|player|p1|ugandhi|265|1218
|player|p2|claudechamp|169|1190
|gen|9
|tier|[Gen 9] OU
|rated|
|rule|HP Percentage Mod: HP is shown in percentages
|rule|Endless Battle Clause: Forcing endless battles is banned
|rule|Species Clause: Limit one of each Pokémon
|rule|OHKO Clause: OHKO moves are banned
|rule|Evasion Items Clause: Evasion items are banned
|rule|Evasion Moves Clause: Evasion moves are banned
|rule|Evasion Abilities Clause: Evasion abilities are banned
|rule|Sleep Moves Clause: Sleep-inducing moves are banned
|clearpoke
|poke|p1|Iron Treads|
|poke|p1|Zapdos|
|poke|p1|Tyranitar, M|
|poke|p1|Deoxys-Speed|
|poke|p1|Weezing-Galar, F|
|poke|p1|Dragapult, F|
|poke|p2|Gliscor, F|
|poke|p2|Gholdengo|
|poke|p2|Zamazenta-*|
|poke|p2|Blissey, F|
|poke|p2|Skarmory, F|
|poke|p2|Pecharunt|
|teampreview
|c|☆claudechamp|hf
|inactive|Battle timer is ON: inactive players will automatically lose when time's up. (requested by claudechamp)
|
|t:|1779697183
|teamsize|p1|6
|teamsize|p2|6
|start
|switch|p1a: Deoxys|Deoxys-Speed, shiny|100/100
|switch|p2a: Skarmory|Skarmory, F|100/100
|-ability|p1a: Deoxys|Pressure
|turn|1
|
|t:|1779697191
|move|p1a: Deoxys|Stealth Rock|p2a: Skarmory
|-sidestart|p2: claudechamp|move: Stealth Rock
|move|p2a: Skarmory|Spikes|p1a: Deoxys
|-sidestart|p1: ugandhi|Spikes
|
|upkeep
|turn|2
|
|t:|1779697198
|move|p1a: Deoxys|Reflect|p1a: Deoxys
|-sidestart|p1: ugandhi|Reflect
|move|p2a: Skarmory|Spikes|p1a: Deoxys
|-sidestart|p1: ugandhi|Spikes
|
|upkeep
|turn|3
|
|t:|1779697203
|switch|p1a: Tyranitar|Tyranitar, M, shiny|100/100
|-damage|p1a: Tyranitar|84/100|[from] Spikes
|-weather|Sandstorm|[from] ability: Sand Stream|[of] p1a: Tyranitar
|move|p2a: Skarmory|Spikes|p1a: Tyranitar
|-sidestart|p1: ugandhi|Spikes
|
|-weather|Sandstorm|[upkeep]
|-heal|p1a: Tyranitar|90/100|[from] item: Leftovers
|upkeep
|turn|4
|
|t:|1779697213
|move|p1a: Tyranitar|Dragon Dance|p1a: Tyranitar
|-boost|p1a: Tyranitar|atk|1
|-boost|p1a: Tyranitar|spe|1
|move|p2a: Skarmory|Whirlwind|p1a: Tyranitar
|drag|p1a: Iron Treads|Iron Treads, shiny|100/100
|-item|p1a: Iron Treads|Air Balloon
|
|-weather|Sandstorm|[upkeep]
|upkeep
|turn|5
|
|t:|1779697223
|switch|p2a: Pecharunt|Pecharunt|100/100
|move|p1a: Iron Treads|Rapid Spin|p2a: Pecharunt
|-immune|p2a: Pecharunt
|
|-weather|Sandstorm|[upkeep]
|-damage|p2a: Pecharunt|94/100|[from] Sandstorm
|upkeep
|turn|6
|
|t:|1779697232
|move|p1a: Iron Treads|High Horsepower|p2a: Pecharunt
|-supereffective|p2a: Pecharunt
|-damage|p2a: Pecharunt|57/100
|move|p2a: Pecharunt|Shadow Ball|p1a: Iron Treads
|-damage|p1a: Iron Treads|68/100
|-enditem|p1a: Iron Treads|Air Balloon
|
|-weather|Sandstorm|[upkeep]
|-damage|p2a: Pecharunt|50/100|[from] Sandstorm
|upkeep
|turn|7
|
|t:|1779697243
|move|p1a: Iron Treads|High Horsepower|p2a: Pecharunt
|-supereffective|p2a: Pecharunt
|-damage|p2a: Pecharunt|11/100
|move|p2a: Pecharunt|Shadow Ball|p1a: Iron Treads
|-damage|p1a: Iron Treads|39/100
|
|-weather|none
|upkeep
|turn|8
|
|t:|1779697252
|move|p1a: Iron Treads|High Horsepower|p2a: Pecharunt
|-supereffective|p2a: Pecharunt
|-damage|p2a: Pecharunt|0 fnt
|faint|p2a: Pecharunt
|
|upkeep
|
|t:|1779697254
|switch|p2a: Zamazenta|Zamazenta|100/100
|-ability|p2a: Zamazenta|Dauntless Shield|boost
|-boost|p2a: Zamazenta|def|1
|turn|9
|
|t:|1779697261
|move|p2a: Zamazenta|Close Combat|p1a: Iron Treads
|-supereffective|p1a: Iron Treads
|-damage|p1a: Iron Treads|0 fnt
|-unboost|p2a: Zamazenta|def|1
|-unboost|p2a: Zamazenta|spd|1
|faint|p1a: Iron Treads
|-end|p1a: Iron Treads|Quark Drive|[silent]
|
|-sideend|p1: ugandhi|Reflect
|upkeep
|
|t:|1779697274
|switch|p1a: Weezing|Weezing-Galar, F|100/100
|turn|10
|
|t:|1779697278
|move|p2a: Zamazenta|Close Combat|p1a: Weezing
|-resisted|p1a: Weezing
|-damage|p1a: Weezing|89/100
|-unboost|p2a: Zamazenta|def|1
|-unboost|p2a: Zamazenta|spd|1
|-damage|p2a: Zamazenta|84/100|[from] item: Rocky Helmet|[of] p1a: Weezing
|move|p1a: Weezing|Defog|p2a: Zamazenta
|-unboost|p2a: Zamazenta|evasion|1
|-sideend|p2: claudechamp|Stealth Rock|[from] move: Defog|[of] p1a: Weezing
|-sideend|p1: ugandhi|Spikes|[from] move: Defog|[of] p1a: Weezing
|
|upkeep
|turn|11
|
|t:|1779697290
|switch|p2a: Gliscor|Gliscor, F|100/100
|move|p1a: Weezing|Will-O-Wisp|p2a: Gliscor
|-status|p2a: Gliscor|brn
|
|-damage|p2a: Gliscor|94/100 brn|[from] brn
|upkeep
|turn|12
|
|t:|1779697300
|move|p2a: Gliscor|Swords Dance|p2a: Gliscor
|-boost|p2a: Gliscor|atk|2
|move|p1a: Weezing|Strange Steam|p2a: Gliscor
|-damage|p2a: Gliscor|64/100 brn
|-start|p2a: Gliscor|confusion
|
|-damage|p2a: Gliscor|57/100 brn|[from] brn
|upkeep
|turn|13
|
|t:|1779697309
|switch|p2a: Gholdengo|Gholdengo|100/100
|move|p1a: Weezing|Strange Steam|p2a: Gholdengo
|-resisted|p2a: Gholdengo
|-damage|p2a: Gholdengo|83/100
|
|upkeep
|turn|14
|
|t:|1779697319
|switch|p1a: Tyranitar|Tyranitar, M, shiny|90/100
|-weather|Sandstorm|[from] ability: Sand Stream|[of] p1a: Tyranitar
|move|p2a: Gholdengo|Thunder Wave|p1a: Tyranitar
|-status|p1a: Tyranitar|par
|
|-weather|Sandstorm|[upkeep]
|-heal|p1a: Tyranitar|96/100 par|[from] item: Leftovers
|upkeep
|turn|15
|
|t:|1779697329
|switch|p2a: Zamazenta|Zamazenta|84/100
|move|p1a: Tyranitar|Knock Off|p2a: Zamazenta
|-resisted|p2a: Zamazenta
|-damage|p2a: Zamazenta|60/100
|-enditem|p2a: Zamazenta|Heavy-Duty Boots|[from] move: Knock Off|[of] p1a: Tyranitar
|
|-weather|Sandstorm|[upkeep]
|-damage|p2a: Zamazenta|54/100|[from] Sandstorm
|-heal|p1a: Tyranitar|100/100 par|[from] item: Leftovers
|upkeep
|turn|16
|
|t:|1779697341
|switch|p1a: Dragapult|Dragapult, F, shiny|100/100
|move|p2a: Zamazenta|Close Combat|p1a: Dragapult
|-immune|p1a: Dragapult
|
|-weather|Sandstorm|[upkeep]
|-damage|p1a: Dragapult|95/100|[from] Sandstorm
|-damage|p2a: Zamazenta|48/100|[from] Sandstorm
|upkeep
|turn|17
|
|t:|1779697355
|switch|p2a: Blissey|Blissey, F|100/100
|move|p1a: Dragapult|Draco Meteor|p2a: Blissey
|-damage|p2a: Blissey|77/100
|-unboost|p1a: Dragapult|spa|2
|
|-weather|Sandstorm|[upkeep]
|-damage|p1a: Dragapult|89/100|[from] Sandstorm
|-damage|p2a: Blissey|71/100|[from] Sandstorm
|upkeep
|turn|18
|
|t:|1779697367
|switch|p1a: Tyranitar|Tyranitar, M, shiny|100/100 par
|move|p2a: Blissey|Stealth Rock|p1a: Tyranitar
|-sidestart|p1: ugandhi|move: Stealth Rock
|
|-weather|none
|upkeep
|turn|19
|
|t:|1779697374
|switch|p2a: Zamazenta|Zamazenta|48/100
|cant|p1a: Tyranitar|par
|
|upkeep
|turn|20
|
|t:|1779697380
|-terastallize|p1a: Tyranitar|Fairy
|move|p2a: Zamazenta|Close Combat|p1a: Tyranitar
|-resisted|p1a: Tyranitar
|-damage|p1a: Tyranitar|79/100 par
|-unboost|p2a: Zamazenta|def|1
|-unboost|p2a: Zamazenta|spd|1
|move|p1a: Tyranitar|Low Kick|p2a: Zamazenta
|-damage|p2a: Zamazenta|0 fnt
|faint|p2a: Zamazenta
|
|-heal|p1a: Tyranitar|86/100 par|[from] item: Leftovers
|upkeep
|
|t:|1779697387
|switch|p2a: Gholdengo|Gholdengo|83/100
|turn|21
|
|t:|1779697396
|switch|p1a: Zapdos|Zapdos, shiny|100/100
|-terastallize|p2a: Gholdengo|Fairy
|move|p2a: Gholdengo|Nasty Plot|p2a: Gholdengo
|-boost|p2a: Gholdengo|spa|2
|
|upkeep
|turn|22
|
|t:|1779697406
|move|p1a: Zapdos|Hurricane|p2a: Gholdengo|[miss]
|-miss|p1a: Zapdos|p2a: Gholdengo
|move|p2a: Gholdengo|Recover|p2a: Gholdengo
|-heal|p2a: Gholdengo|100/100
|
|upkeep
|turn|23
|
|t:|1779697412
|move|p1a: Zapdos|Hurricane|p2a: Gholdengo|[miss]
|-miss|p1a: Zapdos|p2a: Gholdengo
|move|p2a: Gholdengo|Hex|p1a: Zapdos
|-damage|p1a: Zapdos|41/100
|
|upkeep
|turn|24
|
|t:|1779697421
|move|p1a: Zapdos|Hurricane|p2a: Gholdengo|[miss]
|-miss|p1a: Zapdos|p2a: Gholdengo
|move|p2a: Gholdengo|Hex|p1a: Zapdos
|-crit|p1a: Zapdos
|-damage|p1a: Zapdos|0 fnt
|faint|p1a: Zapdos
|
|upkeep
|
|t:|1779697435
|switch|p1a: Weezing|Weezing-Galar, F|89/100
|-damage|p1a: Weezing|77/100|[from] Stealth Rock
|turn|25
|
|t:|1779697442
|move|p2a: Gholdengo|Hex|p1a: Weezing
|-damage|p1a: Weezing|0 fnt
|faint|p1a: Weezing
|
|upkeep
|
|t:|1779697450
|switch|p1a: Tyranitar|Tyranitar, M, shiny, tera:Fairy|86/100 par
|-damage|p1a: Tyranitar|73/100 par|[from] Stealth Rock
|-weather|Sandstorm|[from] ability: Sand Stream|[of] p1a: Tyranitar
|turn|26
|
|t:|1779697458
|move|p2a: Gholdengo|Hex|p1a: Tyranitar
|-damage|p1a: Tyranitar|0 fnt
|faint|p1a: Tyranitar
|
|-weather|Sandstorm|[upkeep]
|-damage|p2a: Gholdengo|94/100|[from] Sandstorm
|upkeep
|
|t:|1779697465
|switch|p1a: Dragapult|Dragapult, F, shiny|89/100
|-damage|p1a: Dragapult|76/100|[from] Stealth Rock
|turn|27
|
|t:|1779697473
|move|p1a: Dragapult|Fire Blast|p2a: Gholdengo
|-damage|p2a: Gholdengo|52/100
|move|p2a: Gholdengo|Hex|p1a: Dragapult
|-supereffective|p1a: Dragapult
|-damage|p1a: Dragapult|0 fnt
|faint|p1a: Dragapult
|
|-weather|Sandstorm|[upkeep]
|-damage|p2a: Gholdengo|45/100|[from] Sandstorm
|upkeep
|-message|ugandhi forfeited.
|
|win|claudechamp
|raw|ugandhi's rating: 1218 &rarr; <strong>1191</strong><br />(-27 for losing)
|raw|claudechamp's rating: 1190 &rarr; <strong>1217</strong><br />(+27 for winning)
|l|☆ugandhi
|player|p1|
|c|☆claudechamp|gg
