|j|☆Spikenard
|j|☆idontexist265
|t:|1779561939
|gametype|singles
|player|p1|Spikenard|erika|1366
|player|p2|idontexist265|266|1371
|gen|9
|tier|[Gen 9] OU
|rated|
|rule|HP Percentage Mod: HP is shown in percentages
|rule|Endless Battle Clause: Forcing endless battles is banned
|rule|Species Clause: Limit one of each Pokémon
|rule|OHKO Clause: OHKO moves are banned
|rule|Evasion Items Clause: Evasion items are banned
|rule|Evasion Moves Clause: Evasion moves are banned
|rule|Evasion Abilities Clause: Evasion abilities are banned
|rule|Sleep Moves Clause: Sleep-inducing moves are banned
|clearpoke
|poke|p1|Ambipom, F|
|poke|p1|Clefable, M|
|poke|p1|Decidueye-Hisui, F|
|poke|p1|Dusclops, F|
|poke|p1|Garchomp, M|
|poke|p1|Glimmora, F|
|poke|p2|Hydrapple, M|
|poke|p2|Tyranitar, F|
|poke|p2|Moltres|
|poke|p2|Zamazenta-*|
|poke|p2|Slowking-Galar, F|
|poke|p2|Excadrill, F|
|teampreview
|
|t:|1779561969
|teamsize|p1|6
|teamsize|p2|6
|start
|switch|p1a: Garchomp|Garchomp, M|100/100
|switch|p2a: Slowking|Slowking-Galar, F|100/100
|turn|1
|
|t:|1779561975
|move|p1a: Garchomp|Stealth Rock|p2a: Slowking
|-sidestart|p2: idontexist265|move: Stealth Rock
|move|p2a: Slowking|Ice Beam|p1a: Garchomp
|-supereffective|p1a: Garchomp
|-damage|p1a: Garchomp|14/100
|
|upkeep
|turn|2
|
|t:|1779561997
|move|p1a: Garchomp|Spikes|p2a: Slowking
|-sidestart|p2: idontexist265|Spikes
|move|p2a: Slowking|Psyshock|p1a: Garchomp
|-damage|p1a: Garchomp|0 fnt
|faint|p1a: Garchomp
|
|upkeep
|
|t:|1779562006
|switch|p1a: Ambipom|Ambipom, F|100/100
|turn|3
|
|t:|1779562029
|switch|p2a: Moltres|Moltres|100/100
|move|p1a: Ambipom|Fake Out|p2a: Moltres
|-damage|p2a: Moltres|81/100
|
|upkeep
|turn|4
|
|t:|1779562035
|move|p1a: Ambipom|Knock Off|p2a: Moltres
|-damage|p2a: Moltres|60/100
|-enditem|p2a: Moltres|Heavy-Duty Boots|[from] move: Knock Off|[of] p1a: Ambipom
|move|p2a: Moltres|U-turn|p1a: Ambipom
|-damage|p1a: Ambipom|74/100
|inactive|Battle timer is ON: inactive players will automatically lose when time's up. (requested by Spikenard)
|inactive|idontexist265 has 120 seconds left.
|inactive|idontexist265 has 90 seconds left.
|
|t:|1779562139
|switch|p2a: Excadrill|Excadrill, F|100/100|[from] U-turn
|-damage|p2a: Excadrill|97/100|[from] Stealth Rock
|-item|p2a: Excadrill|Air Balloon
|
|upkeep
|turn|5
|
|t:|1779562145
|move|p1a: Ambipom|U-turn|p2a: Excadrill
|-resisted|p2a: Excadrill
|-damage|p2a: Excadrill|82/100
|-enditem|p2a: Excadrill|Air Balloon
|
|t:|1779562149
|switch|p1a: Dusclops|Dusclops, F|100/100|[from] U-turn
|-ability|p1a: Dusclops|Pressure
|move|p2a: Excadrill|Rapid Spin|p1a: Dusclops
|-immune|p1a: Dusclops
|
|upkeep
|turn|6
|inactive|idontexist265 has 120 seconds left.
|
|t:|1779562182
|switch|p2a: Slowking|Slowking-Galar, F|100/100
|-damage|p2a: Slowking|88/100|[from] Stealth Rock
|-damage|p2a: Slowking|76/100|[from] Spikes
|move|p1a: Dusclops|Trick Room|p1a: Dusclops
|-fieldstart|move: Trick Room|[of] p1a: Dusclops
|
|upkeep
|turn|7
|inactive|idontexist265 has 120 seconds left.
|
|t:|1779562209
|move|p1a: Dusclops|Will-O-Wisp|p2a: Slowking
|-status|p2a: Slowking|brn
|move|p2a: Slowking|Sludge Bomb|p1a: Dusclops
|-resisted|p1a: Dusclops
|-damage|p1a: Dusclops|92/100
|
|-damage|p2a: Slowking|69/100 brn|[from] brn
|upkeep
|turn|8
|
|t:|1779562214
|move|p1a: Dusclops|Night Shade|p2a: Slowking
|-damage|p2a: Slowking|44/100 brn
|move|p2a: Slowking|Sludge Bomb|p1a: Dusclops
|-resisted|p1a: Dusclops
|-damage|p1a: Dusclops|84/100
|
|-damage|p2a: Slowking|38/100 brn|[from] brn
|upkeep
|turn|9
|inactive|idontexist265 has 120 seconds left.
|
|t:|1779562220
|switch|p2a: Hydrapple|Hydrapple, M|100/100
|move|p1a: Dusclops|Night Shade|p2a: Hydrapple
|-damage|p2a: Hydrapple|76/100
|
|upkeep
|turn|10
|
|t:|1779562228
|move|p1a: Dusclops|Night Shade|p2a: Hydrapple
|-damage|p2a: Hydrapple|51/100
|move|p2a: Hydrapple|Nasty Plot|p2a: Hydrapple
|-boost|p2a: Hydrapple|spa|2
|
|-fieldend|move: Trick Room
|upkeep
|turn|11
|
|t:|1779562232
|switch|p1a: Clefable|Clefable, M|100/100
|move|p2a: Hydrapple|Fickle Beam|p1a: Clefable
|-immune|p1a: Clefable
|
|upkeep
|turn|12
|
|t:|1779562246
|switch|p2a: Slowking|Slowking-Galar, F|71/100 brn
|-damage|p2a: Slowking|59/100 brn|[from] Stealth Rock
|-damage|p2a: Slowking|46/100 brn|[from] Spikes
|move|p1a: Clefable|Calm Mind|p1a: Clefable
|-boost|p1a: Clefable|spa|1
|-boost|p1a: Clefable|spd|1
|
|-damage|p2a: Slowking|40/100 brn|[from] brn
|upkeep
|turn|13
|
|t:|1779562261
|switch|p1a: Glimmora|Glimmora, F|100/100
|move|p2a: Slowking|Sludge Bomb|p1a: Glimmora
|-resisted|p1a: Glimmora
|-damage|p1a: Glimmora|89/100
|
|-damage|p2a: Slowking|34/100 brn|[from] brn
|upkeep
|turn|14
|
|t:|1779562274
|switch|p2a: Tyranitar|Tyranitar, F|100/100
|-damage|p2a: Tyranitar|88/100|[from] Stealth Rock
|-damage|p2a: Tyranitar|76/100|[from] Spikes
|-weather|Sandstorm|[from] ability: Sand Stream|[of] p2a: Tyranitar
|move|p1a: Glimmora|Earth Power|p2a: Tyranitar
|-supereffective|p2a: Tyranitar
|-damage|p2a: Tyranitar|50/100
|
|-weather|Sandstorm|[upkeep]
|upkeep
|turn|15
|
|t:|1779562294
|switch|p1a: Decidueye|Decidueye-Hisui, F|100/100
|switch|p2a: Slowking|Slowking-Galar, F|67/100 brn
|-damage|p2a: Slowking|55/100 brn|[from] Stealth Rock
|-damage|p2a: Slowking|42/100 brn|[from] Spikes
|
|-weather|Sandstorm|[upkeep]
|-damage|p1a: Decidueye|94/100|[from] Sandstorm
|-damage|p2a: Slowking|36/100 brn|[from] Sandstorm
|-damage|p2a: Slowking|30/100 brn|[from] brn
|upkeep
|turn|16
|
|t:|1779562301
|switch|p2a: Hydrapple|Hydrapple, M|84/100
|move|p1a: Decidueye|Knock Off|p2a: Hydrapple
|-damage|p2a: Hydrapple|70/100
|-enditem|p2a: Hydrapple|Heavy-Duty Boots|[from] move: Knock Off|[of] p1a: Decidueye
|
|-weather|Sandstorm|[upkeep]
|-damage|p1a: Decidueye|88/100|[from] Sandstorm
|-damage|p2a: Hydrapple|63/100|[from] Sandstorm
|upkeep
|turn|17
|
|t:|1779562313
|move|p1a: Decidueye|Triple Arrows|p2a: Hydrapple
|-damage|p2a: Hydrapple|43/100
|move|p2a: Hydrapple|Giga Drain|p1a: Decidueye
|-resisted|p1a: Decidueye
|-damage|p1a: Decidueye|74/100
|-heal|p2a: Hydrapple|49/100|[from] drain|[of] p1a: Decidueye
|
|-weather|Sandstorm|[upkeep]
|-damage|p1a: Decidueye|68/100|[from] Sandstorm
|-damage|p2a: Hydrapple|43/100|[from] Sandstorm
|upkeep
|turn|18
|
|t:|1779562318
|move|p1a: Decidueye|Triple Arrows|p2a: Hydrapple
|-damage|p2a: Hydrapple|22/100
|-unboost|p2a: Hydrapple|def|1
|move|p2a: Hydrapple|Fickle Beam|p1a: Decidueye|[anim] Fickle Beam All Out
|-activate|p2a: Hydrapple|move: Fickle Beam
|-damage|p1a: Decidueye|3/100
|
|-weather|Sandstorm|[upkeep]
|-damage|p1a: Decidueye|0 fnt|[from] Sandstorm
|-damage|p2a: Hydrapple|16/100|[from] Sandstorm
|faint|p1a: Decidueye
|upkeep
|
|t:|1779562327
|switch|p1a: Glimmora|Glimmora, F|89/100
|turn|19
|
|t:|1779562331
|switch|p2a: Excadrill|Excadrill, F|82/100
|-damage|p2a: Excadrill|79/100|[from] Stealth Rock
|-damage|p2a: Excadrill|67/100|[from] Spikes
|move|p1a: Glimmora|Power Gem|p2a: Excadrill
|-resisted|p2a: Excadrill
|-damage|p2a: Excadrill|54/100
|
|-weather|Sandstorm|[upkeep]
|upkeep
|turn|20
|
|t:|1779562339
|-terastallize|p1a: Glimmora|Ghost
|move|p2a: Excadrill|Earthquake|p1a: Glimmora
|-damage|p1a: Glimmora|24/100
|-activate|p1a: Glimmora|ability: Toxic Debris
|-sidestart|p2: idontexist265|move: Toxic Spikes
|move|p1a: Glimmora|Earth Power|p2a: Excadrill
|-supereffective|p2a: Excadrill
|-damage|p2a: Excadrill|0 fnt
|faint|p2a: Excadrill
|
|-weather|Sandstorm|[upkeep]
|-damage|p1a: Glimmora|18/100|[from] Sandstorm
|upkeep
|
|t:|1779562348
|switch|p2a: Slowking|Slowking-Galar, F|64/100 brn
|-damage|p2a: Slowking|51/100 brn|[from] Stealth Rock
|-damage|p2a: Slowking|39/100 brn|[from] Spikes
|-sideend|p2: idontexist265|move: Toxic Spikes|[of] p2a: Slowking
|turn|21
|
|t:|1779562352
|move|p1a: Glimmora|Earth Power|p2a: Slowking
|-supereffective|p2a: Slowking
|-damage|p2a: Slowking|5/100 brn
|move|p2a: Slowking|Psyshock|p1a: Glimmora
|-damage|p1a: Glimmora|0 fnt
|faint|p1a: Glimmora
|
|-weather|none
|-damage|p2a: Slowking|0 fnt|[from] brn
|faint|p2a: Slowking
|upkeep
|
|t:|1779562374
|switch|p1a: Ambipom|Ambipom, F|74/100
|switch|p2a: Moltres|Moltres|60/100
|-damage|p2a: Moltres|10/100|[from] Stealth Rock
|turn|22
|
|t:|1779562380
|move|p1a: Ambipom|Fake Out|p2a: Moltres
|-damage|p2a: Moltres|0 fnt
|faint|p2a: Moltres
|
|upkeep
|
|t:|1779562384
|switch|p2a: Zamazenta|Zamazenta|100/100
|-damage|p2a: Zamazenta|94/100|[from] Stealth Rock
|-damage|p2a: Zamazenta|82/100|[from] Spikes
|-ability|p2a: Zamazenta|Dauntless Shield|boost
|-boost|p2a: Zamazenta|def|1
|turn|23
|
|t:|1779562391
|switch|p1a: Clefable|Clefable, M|100/100
|move|p2a: Zamazenta|Iron Defense|p2a: Zamazenta
|-boost|p2a: Zamazenta|def|2
|
|-heal|p2a: Zamazenta|88/100|[from] item: Leftovers
|upkeep
|turn|24
|
|t:|1779562403
|-terastallize|p2a: Zamazenta|Fire
|move|p2a: Zamazenta|Iron Defense|p2a: Zamazenta
|-boost|p2a: Zamazenta|def|2
|move|p1a: Clefable|Thunder Wave|p2a: Zamazenta
|-status|p2a: Zamazenta|par
|
|-heal|p2a: Zamazenta|94/100 par|[from] item: Leftovers
|upkeep
|turn|25
|
|t:|1779562411
|switch|p1a: Dusclops|Dusclops, F|84/100
|-ability|p1a: Dusclops|Pressure
|cant|p2a: Zamazenta|par
|
|-heal|p2a: Zamazenta|100/100 par|[from] item: Leftovers
|upkeep
|turn|26
|
|t:|1779562416
|move|p2a: Zamazenta|Crunch|p1a: Dusclops
|-supereffective|p1a: Dusclops
|-damage|p1a: Dusclops|56/100
|move|p1a: Dusclops|Trick Room|p1a: Dusclops
|-fieldstart|move: Trick Room|[of] p1a: Dusclops
|
|upkeep
|turn|27
|
|t:|1779562420
|move|p1a: Dusclops|Pain Split|p2a: Zamazenta
|-sethp|p2a: Zamazenta|75/100 par|[from] move: Pain Split|[silent]
|-sethp|p1a: Dusclops|86/100|[from] move: Pain Split
|move|p2a: Zamazenta|Crunch|p1a: Dusclops
|-supereffective|p1a: Dusclops
|-damage|p1a: Dusclops|58/100
|
|-heal|p2a: Zamazenta|81/100 par|[from] item: Leftovers
|upkeep
|turn|28
|
|t:|1779562425
|move|p1a: Dusclops|Night Shade|p2a: Zamazenta
|-damage|p2a: Zamazenta|50/100 par
|move|p2a: Zamazenta|Crunch|p1a: Dusclops
|-supereffective|p1a: Dusclops
|-damage|p1a: Dusclops|30/100
|
|-heal|p2a: Zamazenta|56/100 par|[from] item: Leftovers
|upkeep
|turn|29
|
|t:|1779562430
|move|p1a: Dusclops|Night Shade|p2a: Zamazenta
|-damage|p2a: Zamazenta|26/100 par
|move|p2a: Zamazenta|Crunch|p1a: Dusclops
|-supereffective|p1a: Dusclops
|-damage|p1a: Dusclops|4/100
|
|-heal|p2a: Zamazenta|32/100 par|[from] item: Leftovers
|upkeep
|turn|30
|
|t:|1779562434
|move|p1a: Dusclops|Pain Split|p2a: Zamazenta
|-sethp|p2a: Zamazenta|18/100 par|[from] move: Pain Split|[silent]
|-sethp|p1a: Dusclops|20/100|[from] move: Pain Split
|move|p2a: Zamazenta|Crunch|p1a: Dusclops
|-supereffective|p1a: Dusclops
|-damage|p1a: Dusclops|0 fnt
|faint|p1a: Dusclops
|
|-heal|p2a: Zamazenta|24/100 par|[from] item: Leftovers
|-fieldend|move: Trick Room
|upkeep
|
|t:|1779562439
|switch|p1a: Clefable|Clefable, M|100/100
|turn|31
|
|t:|1779562446
|cant|p2a: Zamazenta|par
|move|p1a: Clefable|Calm Mind|p1a: Clefable
|-boost|p1a: Clefable|spa|1
|-boost|p1a: Clefable|spd|1
|
|-heal|p2a: Zamazenta|30/100 par|[from] item: Leftovers
|upkeep
|turn|32
|
|t:|1779562448
|move|p1a: Clefable|Calm Mind|p1a: Clefable
|-boost|p1a: Clefable|spa|1
|-boost|p1a: Clefable|spd|1
|move|p2a: Zamazenta|Roar|p1a: Clefable
|drag|p1a: Ambipom|Ambipom, F|74/100
|
|-heal|p2a: Zamazenta|36/100 par|[from] item: Leftovers
|upkeep
|turn|33
|
|t:|1779562453
|switch|p1a: Clefable|Clefable, M|100/100
|move|p2a: Zamazenta|Body Press|p1a: Clefable
|-resisted|p1a: Clefable
|-damage|p1a: Clefable|86/100
|
|-heal|p2a: Zamazenta|42/100 par|[from] item: Leftovers
|upkeep
|turn|34
|
|t:|1779562457
|move|p1a: Clefable|Moonblast|p2a: Zamazenta
|-resisted|p2a: Zamazenta
|-crit|p2a: Zamazenta
|-damage|p2a: Zamazenta|19/100 par
|move|p2a: Zamazenta|Roar|p1a: Clefable
|drag|p1a: Ambipom|Ambipom, F|74/100
|
|-heal|p2a: Zamazenta|25/100 par|[from] item: Leftovers
|upkeep
|turn|35
|
|t:|1779562464
|switch|p1a: Clefable|Clefable, M|86/100
|switch|p2a: Hydrapple|Hydrapple, M|49/100
|-damage|p2a: Hydrapple|37/100|[from] Stealth Rock
|-damage|p2a: Hydrapple|25/100|[from] Spikes
|
|upkeep
|turn|36
|
|t:|1779562471
|move|p1a: Clefable|Moonblast|p2a: Hydrapple
|-supereffective|p2a: Hydrapple
|-damage|p2a: Hydrapple|0 fnt
|faint|p2a: Hydrapple
|
|upkeep
|
|t:|1779562473
|switch|p2a: Tyranitar|Tyranitar, F|50/100
|-damage|p2a: Tyranitar|37/100|[from] Stealth Rock
|-damage|p2a: Tyranitar|25/100|[from] Spikes
|-weather|Sandstorm|[from] ability: Sand Stream|[of] p2a: Tyranitar
|turn|37
|
|t:|1779562484
|move|p1a: Clefable|Moonblast|p2a: Tyranitar
|-supereffective|p2a: Tyranitar
|-damage|p2a: Tyranitar|1/100
|move|p2a: Tyranitar|Knock Off|p1a: Clefable
|-resisted|p1a: Clefable
|-damage|p1a: Clefable|70/100
|-enditem|p1a: Clefable|Heavy-Duty Boots|[from] move: Knock Off|[of] p2a: Tyranitar
|
|-weather|Sandstorm|[upkeep]
|-damage|p1a: Clefable|63/100|[from] Sandstorm
|upkeep
|turn|38
|
|t:|1779562492
|move|p1a: Clefable|Moonblast|p2a: Tyranitar
|-supereffective|p2a: Tyranitar
|-damage|p2a: Tyranitar|0 fnt
|faint|p2a: Tyranitar
|
|-weather|Sandstorm|[upkeep]
|-damage|p1a: Clefable|57/100|[from] Sandstorm
|upkeep
|
|t:|1779562493
|switch|p2a: Zamazenta|Zamazenta, tera:Fire|25/100 par
|-damage|p2a: Zamazenta|0 fnt|[from] Stealth Rock
|faint|p2a: Zamazenta
|
|win|Spikenard
|raw|Spikenard's rating: 1366 &rarr; <strong>1387</strong><br />(+21 for winning)
|raw|idontexist265's rating: 1392 &rarr; <strong>1371</strong><br />(-21 for losing)
|l|☆idontexist265
|player|p2|
|l|☆Spikenard
|player|p1|
