|inactive|Battle timer is ON: inactive players will automatically lose when time's up.
|t:|1779570584
|gametype|singles
|player|p1|xdRudi.exe|#wcop2025germany|
|player|p2|plague|#aplaguedoc|
|gen|9
|tier|[Gen 9] OU
|rule|HP Percentage Mod: HP is shown in percentages
|rule|Endless Battle Clause: Forcing endless battles is banned
|rule|Species Clause: Limit one of each Pokémon
|rule|OHKO Clause: OHKO moves are banned
|rule|Evasion Items Clause: Evasion items are banned
|rule|Evasion Moves Clause: Evasion moves are banned
|rule|Evasion Abilities Clause: Evasion abilities are banned
|rule|Sleep Moves Clause: Sleep-inducing moves are banned
|clearpoke
|poke|p1|Great Tusk|
|poke|p1|Gholdengo|
|poke|p1|Deoxys-Speed|
|poke|p1|Dragonite, F|
|poke|p1|Iron Valiant|
|poke|p1|Zamazenta-*|
|poke|p2|Ogerpon-Wellspring, F|
|poke|p2|Kingambit, M|
|poke|p2|Glimmora, M|
|poke|p2|Ceruledge, M|
|poke|p2|Iron Valiant|
|poke|p2|Kyurem|
|teampreview
|c|☆plague|hf
|c|☆xdRudi.exe|Hf
|inactive|plague has 270 seconds left.
|
|t:|1779570622
|teamsize|p1|6
|teamsize|p2|6
|start
|switch|p1a: Deoxys|Deoxys-Speed|100/100
|switch|p2a: Ogerpon|Ogerpon-Wellspring, F|100/100
|-ability|p1a: Deoxys|Pressure
|turn|1
|
|t:|1779570635
|move|p1a: Deoxys|Stealth Rock|p2a: Ogerpon
|-sidestart|p2: plague|move: Stealth Rock
|move|p2a: Ogerpon|U-turn|p1a: Deoxys
|-supereffective|p1a: Deoxys
|-damage|p1a: Deoxys|30/100
|inactive|plague has 270 seconds left.
|
|t:|1779570660
|switch|p2a: Iron Valiant|Iron Valiant, shiny|100/100|[from] U-turn
|-damage|p2a: Iron Valiant|94/100|[from] Stealth Rock
|-enditem|p2a: Iron Valiant|Booster Energy
|-activate|p2a: Iron Valiant|ability: Quark Drive|[fromitem]
|-start|p2a: Iron Valiant|quarkdrivespe
|
|upkeep
|turn|2
|inactive|plague has 270 seconds left.
|
|t:|1779570684
|move|p2a: Iron Valiant|Shadow Ball|p1a: Deoxys
|-supereffective|p1a: Deoxys
|-damage|p1a: Deoxys|0 fnt
|faint|p1a: Deoxys
|
|upkeep
|
|t:|1779570686
|switch|p1a: Gholdengo|Gholdengo|100/100
|turn|3
|inactive|plague has 270 seconds left.
|
|t:|1779570716
|-end|p2a: Iron Valiant|Quark Drive|[silent]
|switch|p2a: Ogerpon|Ogerpon-Wellspring, F|100/100
|-damage|p2a: Ogerpon|88/100|[from] Stealth Rock
|move|p1a: Gholdengo|Make It Rain|p2a: Ogerpon
|-resisted|p2a: Ogerpon
|-damage|p2a: Ogerpon|51/100
|-unboost|p1a: Gholdengo|spa|1
|
|upkeep
|turn|4
|
|t:|1779570732
|move|p2a: Ogerpon|Spikes|p1a: Gholdengo
|-sidestart|p1: xdRudi.exe|Spikes
|move|p1a: Gholdengo|Shadow Ball|p2a: Ogerpon
|-damage|p2a: Ogerpon|20/100
|
|upkeep
|turn|5
|
|t:|1779570752
|move|p2a: Ogerpon|U-turn|p1a: Gholdengo
|-resisted|p1a: Gholdengo
|-damage|p1a: Gholdengo|95/100
|
|t:|1779570754
|switch|p2a: Kingambit|Kingambit, M, shiny|100/100|[from] U-turn
|-damage|p2a: Kingambit|94/100|[from] Stealth Rock
|move|p1a: Gholdengo|Shadow Ball|p2a: Kingambit
|-resisted|p2a: Kingambit
|-damage|p2a: Kingambit|82/100
|
|-heal|p2a: Kingambit|88/100|[from] item: Leftovers
|upkeep
|turn|6
|inactive|xdRudi.exe has 270 seconds left.
|
|t:|1779570796
|switch|p1a: Zamazenta|Zamazenta|100/100
|-damage|p1a: Zamazenta|88/100|[from] Spikes
|-ability|p1a: Zamazenta|Dauntless Shield|boost
|-boost|p1a: Zamazenta|def|1
|move|p2a: Kingambit|Swords Dance|p2a: Kingambit
|-boost|p2a: Kingambit|atk|2
|
|-heal|p2a: Kingambit|94/100|[from] item: Leftovers
|upkeep
|turn|7
|
|t:|1779570814
|-terastallize|p2a: Kingambit|Ghost
|move|p1a: Zamazenta|Close Combat|p2a: Kingambit
|-immune|p2a: Kingambit
|move|p2a: Kingambit|Iron Head|p1a: Zamazenta
|-damage|p1a: Zamazenta|29/100
|
|-heal|p2a: Kingambit|100/100|[from] item: Leftovers
|upkeep
|turn|8
|inactive|plague has 240 seconds left.
|
|t:|1779570847
|move|p1a: Zamazenta|Crunch|p2a: Kingambit
|-supereffective|p2a: Kingambit
|-damage|p2a: Kingambit|46/100
|-damage|p1a: Zamazenta|19/100|[from] item: Life Orb
|move|p2a: Kingambit|Iron Head|p1a: Zamazenta
|-damage|p1a: Zamazenta|0 fnt
|faint|p1a: Zamazenta
|
|-heal|p2a: Kingambit|52/100|[from] item: Leftovers
|upkeep
|inactive|xdRudi.exe has 270 seconds left.
|inactive|xdRudi.exe has 240 seconds left.
|inactive|xdRudi.exe has 210 seconds left.
|inactive|xdRudi.exe has 180 seconds left.
|
|t:|1779570957
|switch|p1a: Dragonite|Dragonite, F|100/100
|turn|9
|inactive|plague has 240 seconds left.
|
|t:|1779570962
|move|p1a: Dragonite|Outrage|p2a: Kingambit
|-damage|p2a: Kingambit|0 fnt
|faint|p2a: Kingambit
|-end|p2a: Kingambit|fallenundefined|[silent]
|-damage|p1a: Dragonite|91/100|[from] item: Life Orb
|
|upkeep
|inactive|plague has 240 seconds left.
|
|t:|1779570992
|switch|p2a: Iron Valiant|Iron Valiant, shiny|94/100
|-damage|p2a: Iron Valiant|88/100|[from] Stealth Rock
|turn|10
|inactive|plague has 210 seconds left.
|
|t:|1779571016
|move|p2a: Iron Valiant|Moonblast|p1a: Dragonite
|-supereffective|p1a: Dragonite
|-damage|p1a: Dragonite|0 fnt
|faint|p1a: Dragonite
|
|upkeep
|
|t:|1779571034
|switch|p1a: Gholdengo|Gholdengo|95/100
|-damage|p1a: Gholdengo|82/100|[from] Spikes
|turn|11
|inactive|plague has 210 seconds left.
|
|t:|1779571062
|move|p2a: Iron Valiant|Knock Off|p1a: Gholdengo
|-supereffective|p1a: Gholdengo
|-damage|p1a: Gholdengo|45/100
|-enditem|p1a: Gholdengo|Custap Berry|[from] move: Knock Off|[of] p2a: Iron Valiant
|move|p1a: Gholdengo|Make It Rain|p2a: Iron Valiant
|-supereffective|p2a: Iron Valiant
|-damage|p2a: Iron Valiant|0 fnt
|-unboost|p1a: Gholdengo|spa|1
|faint|p2a: Iron Valiant
|-end|p2a: Iron Valiant|Quark Drive|[silent]
|
|upkeep
|
|t:|1779571075
|switch|p2a: Ogerpon|Ogerpon-Wellspring, F|20/100
|-damage|p2a: Ogerpon|8/100|[from] Stealth Rock
|turn|12
|
|t:|1779571087
|move|p2a: Ogerpon|Ivy Cudgel|p1a: Gholdengo|[anim] Ivy Cudgel Water
|-damage|p1a: Gholdengo|2/100
|move|p1a: Gholdengo|Shadow Ball|p2a: Ogerpon
|-damage|p2a: Ogerpon|0 fnt
|faint|p2a: Ogerpon
|
|upkeep
|inactive|plague has 180 seconds left.
|inactive|plague has 150 seconds left.
|
|t:|1779571153
|switch|p2a: Glimmora|Glimmora, M, shiny|100/100
|-damage|p2a: Glimmora|88/100|[from] Stealth Rock
|turn|13
|
|t:|1779571157
|move|p2a: Glimmora|Mortal Spin|p1a: Gholdengo
|-immune|p1a: Gholdengo
|move|p1a: Gholdengo|Make It Rain|p2a: Glimmora
|-supereffective|p2a: Glimmora
|-damage|p2a: Glimmora|16/100
|-unboost|p1a: Gholdengo|spa|1
|-enditem|p2a: Glimmora|Red Card|[of] p1a: Gholdengo
|drag|p1a: Iron Valiant|Iron Valiant|100/100
|-damage|p1a: Iron Valiant|88/100|[from] Spikes
|-enditem|p1a: Iron Valiant|Booster Energy
|-activate|p1a: Iron Valiant|ability: Quark Drive|[fromitem]
|-start|p1a: Iron Valiant|quarkdrivespe
|
|upkeep
|turn|14
|inactive|plague has 150 seconds left.
|inactive|xdRudi.exe has 210 seconds left.
|inactive|xdRudi.exe has 180 seconds left.
|
|t:|1779571208
|move|p1a: Iron Valiant|Moonblast|p2a: Glimmora
|-resisted|p2a: Glimmora
|-damage|p2a: Glimmora|0 fnt
|faint|p2a: Glimmora
|
|upkeep
|
|t:|1779571210
|switch|p2a: Ceruledge|Ceruledge, M, shiny|100/100
|-damage|p2a: Ceruledge|76/100|[from] Stealth Rock
|turn|15
|inactive|plague has 150 seconds left.
|inactive|xdRudi.exe has 180 seconds left.
|
|t:|1779571232
|move|p1a: Iron Valiant|Taunt|p2a: Ceruledge
|-start|p2a: Ceruledge|move: Taunt
|move|p2a: Ceruledge|Bitter Blade|p1a: Iron Valiant
|-damage|p1a: Iron Valiant|3/100
|-heal|p2a: Ceruledge|100/100|[from] drain|[of] p1a: Iron Valiant
|-damage|p2a: Ceruledge|91/100|[from] item: Life Orb
|
|upkeep
|turn|16
|inactive|xdRudi.exe has 180 seconds left.
|
|t:|1779571249
|move|p2a: Ceruledge|Shadow Sneak|p1a: Iron Valiant
|-crit|p1a: Iron Valiant
|-damage|p1a: Iron Valiant|0 fnt
|faint|p1a: Iron Valiant
|-end|p1a: Iron Valiant|Quark Drive|[silent]
|-damage|p2a: Ceruledge|81/100|[from] item: Life Orb
|
|upkeep
|
|t:|1779571251
|switch|p1a: Great Tusk|Great Tusk|100/100
|-damage|p1a: Great Tusk|88/100|[from] Spikes
|-enditem|p1a: Great Tusk|Booster Energy
|-activate|p1a: Great Tusk|ability: Protosynthesis|[fromitem]
|-start|p1a: Great Tusk|protosynthesisspe
|turn|17
|
|t:|1779571269
|move|p1a: Great Tusk|Bulk Up|p1a: Great Tusk
|-boost|p1a: Great Tusk|atk|1
|-boost|p1a: Great Tusk|def|1
|move|p2a: Ceruledge|Bitter Blade|p1a: Great Tusk
|-damage|p1a: Great Tusk|61/100
|-heal|p2a: Ceruledge|99/100|[from] drain|[of] p1a: Great Tusk
|-damage|p2a: Ceruledge|90/100|[from] item: Life Orb
|
|-end|p2a: Ceruledge|move: Taunt
|upkeep
|turn|18
|
|t:|1779571287
|move|p1a: Great Tusk|Bulk Up|p1a: Great Tusk
|-boost|p1a: Great Tusk|atk|1
|-boost|p1a: Great Tusk|def|1
|move|p2a: Ceruledge|Bitter Blade|p1a: Great Tusk
|-damage|p1a: Great Tusk|40/100
|-heal|p2a: Ceruledge|100/100|[from] drain|[of] p1a: Great Tusk
|-damage|p2a: Ceruledge|91/100|[from] item: Life Orb
|
|upkeep
|turn|19
|
|t:|1779571317
|move|p1a: Great Tusk|Bulk Up|p1a: Great Tusk
|-boost|p1a: Great Tusk|atk|1
|-boost|p1a: Great Tusk|def|1
|move|p2a: Ceruledge|Bitter Blade|p1a: Great Tusk
|-damage|p1a: Great Tusk|23/100
|-heal|p2a: Ceruledge|100/100|[from] drain|[of] p1a: Great Tusk
|-damage|p2a: Ceruledge|91/100|[from] item: Life Orb
|
|upkeep
|turn|20
|inactive|plague has 120 seconds left.
|
|t:|1779571341
|move|p2a: Ceruledge|Shadow Sneak|p1a: Great Tusk
|-damage|p1a: Great Tusk|15/100
|-damage|p2a: Ceruledge|81/100|[from] item: Life Orb
|move|p1a: Great Tusk|Headlong Rush|p2a: Ceruledge
|-supereffective|p2a: Ceruledge
|-damage|p2a: Ceruledge|0 fnt
|-unboost|p1a: Great Tusk|def|1
|-unboost|p1a: Great Tusk|spd|1
|faint|p2a: Ceruledge
|
|upkeep
|
|t:|1779571343
|switch|p2a: Kyurem|Kyurem, shiny|100/100
|-damage|p2a: Kyurem|76/100|[from] Stealth Rock
|-ability|p2a: Kyurem|Pressure
|turn|21
|
|t:|1779571348
|move|p1a: Great Tusk|Headlong Rush|p2a: Kyurem
|-damage|p2a: Kyurem|0 fnt
|-unboost|p1a: Great Tusk|def|1
|-unboost|p1a: Great Tusk|spd|1
|faint|p2a: Kyurem
|
|win|xdRudi.exe
|c|☆plague|gg
|c|☆xdRudi.exe|gg
|player|p1|
|player|p2|
