|j|☆supercatheroes2
|j|☆Lesteria
|t:|1779610679
|gametype|singles
|player|p1|supercatheroes2|red|1098
|player|p2|Lesteria|waiter-gen4|1123
|gen|9
|tier|[Gen 9] OU
|rated|
|rule|HP Percentage Mod: HP is shown in percentages
|rule|Endless Battle Clause: Forcing endless battles is banned
|rule|Species Clause: Limit one of each Pokémon
|rule|OHKO Clause: OHKO moves are banned
|rule|Evasion Items Clause: Evasion items are banned
|rule|Evasion Moves Clause: Evasion moves are banned
|rule|Evasion Abilities Clause: Evasion abilities are banned
|rule|Sleep Moves Clause: Sleep-inducing moves are banned
|clearpoke
|poke|p1|Toxapex, F|
|poke|p1|Zangoose, M|
|poke|p1|Iron Valiant|
|poke|p1|Quaquaval, M|
|poke|p1|Maushold|
|poke|p1|Garganacl, F|
|poke|p2|Latios, M|
|poke|p2|Garganacl, F|
|poke|p2|Ogerpon-Wellspring, F|
|poke|p2|Tornadus-Therian, M|
|poke|p2|Gyarados, M|
|poke|p2|Infernape, F|
|teampreview
|inactive|Battle timer is ON: inactive players will automatically lose when time's up. (requested by Lesteria)
|
|t:|1779610687
|teamsize|p1|6
|teamsize|p2|6
|start
|switch|p1a: Toxapex|Toxapex, F|100/100
|switch|p2a: Latios|Latios, M, shiny|100/100
|turn|1
|
|t:|1779610699
|switch|p2a: Garganacl|Garganacl, F|100/100
|move|p1a: Toxapex|Toxic Spikes|p2a: Garganacl
|-sidestart|p2: Lesteria|move: Toxic Spikes
|
|upkeep
|turn|2
|
|t:|1779610705
|move|p2a: Garganacl|Earthquake|p1a: Toxapex
|-supereffective|p1a: Toxapex
|-damage|p1a: Toxapex|68/100
|move|p1a: Toxapex|Toxic Spikes|p2a: Garganacl
|-sidestart|p2: Lesteria|move: Toxic Spikes
|
|-heal|p1a: Toxapex|74/100|[from] item: Black Sludge
|upkeep
|turn|3
|
|t:|1779610719
|move|p1a: Toxapex|Protect|p1a: Toxapex
|-singleturn|p1a: Toxapex|Protect
|move|p2a: Garganacl|Salt Cure|p1a: Toxapex
|-activate|p1a: Toxapex|move: Protect
|
|-heal|p1a: Toxapex|81/100|[from] item: Black Sludge
|upkeep
|turn|4
|
|t:|1779610732
|move|p2a: Garganacl|Salt Cure|p1a: Toxapex
|-damage|p1a: Toxapex|71/100
|-start|p1a: Toxapex|Salt Cure
|move|p1a: Toxapex|Toxic|p2a: Garganacl
|-status|p2a: Garganacl|tox
|
|-heal|p1a: Toxapex|77/100|[from] item: Black Sludge
|-damage|p2a: Garganacl|94/100 tox|[from] psn
|-damage|p1a: Toxapex|52/100|[from] Salt Cure
|upkeep
|turn|5
|
|t:|1779610745
|move|p2a: Garganacl|Earthquake|p1a: Toxapex
|-supereffective|p1a: Toxapex
|-damage|p1a: Toxapex|15/100
|move|p1a: Toxapex|Chilling Water|p2a: Garganacl
|-supereffective|p2a: Garganacl
|-damage|p2a: Garganacl|75/100 tox
|
|-heal|p2a: Garganacl|81/100 tox|[from] item: Leftovers
|-heal|p1a: Toxapex|21/100|[from] item: Black Sludge
|-damage|p2a: Garganacl|69/100 tox|[from] psn
|-damage|p1a: Toxapex|0 fnt|[from] Salt Cure
|faint|p1a: Toxapex
|upkeep
|
|t:|1779610759
|switch|p1a: Quaquaval|Quaquaval, M|100/100
|turn|6
|
|t:|1779610765
|move|p1a: Quaquaval|Aqua Step|p2a: Garganacl
|-supereffective|p2a: Garganacl
|-damage|p2a: Garganacl|28/100 tox
|-boost|p1a: Quaquaval|spe|1
|move|p2a: Garganacl|Salt Cure|p1a: Quaquaval
|-resisted|p1a: Quaquaval
|-damage|p1a: Quaquaval|91/100
|-start|p1a: Quaquaval|Salt Cure
|
|-heal|p1a: Quaquaval|97/100|[from] item: Leftovers
|-heal|p2a: Garganacl|34/100 tox|[from] item: Leftovers
|-damage|p2a: Garganacl|16/100 tox|[from] psn
|-damage|p1a: Quaquaval|72/100|[from] Salt Cure
|upkeep
|turn|7
|
|t:|1779610778
|move|p2a: Garganacl|Protect|p2a: Garganacl
|-singleturn|p2a: Garganacl|Protect
|move|p1a: Quaquaval|Aqua Step|p2a: Garganacl
|-activate|p2a: Garganacl|move: Protect
|
|-heal|p1a: Quaquaval|78/100|[from] item: Leftovers
|-heal|p2a: Garganacl|22/100 tox|[from] item: Leftovers
|-damage|p2a: Garganacl|0 fnt|[from] psn
|faint|p2a: Garganacl
|-damage|p1a: Quaquaval|53/100|[from] Salt Cure
|upkeep
|
|t:|1779610793
|switch|p2a: Tornadus|Tornadus-Therian, M|100/100
|turn|8
|
|t:|1779610799
|move|p1a: Quaquaval|Ice Spinner|p2a: Tornadus
|-supereffective|p2a: Tornadus
|-damage|p2a: Tornadus|23/100
|-damage|p1a: Quaquaval|36/100|[from] item: Rocky Helmet|[of] p2a: Tornadus
|move|p2a: Tornadus|U-turn|p1a: Quaquaval
|-resisted|p1a: Quaquaval
|-damage|p1a: Quaquaval|27/100
|
|t:|1779610806
|switch|p2a: Latios|Latios, M, shiny|100/100|[from] U-turn
|
|-heal|p1a: Quaquaval|33/100|[from] item: Leftovers
|-damage|p1a: Quaquaval|8/100|[from] Salt Cure
|upkeep
|turn|9
|
|t:|1779610815
|-terastallize|p2a: Latios|Electric
|move|p1a: Quaquaval|Ice Spinner|p2a: Latios
|-damage|p2a: Latios|64/100
|move|p2a: Latios|Calm Mind|p2a: Latios
|-boost|p2a: Latios|spa|1
|-boost|p2a: Latios|spd|1
|
|-heal|p1a: Quaquaval|14/100|[from] item: Leftovers
|-damage|p1a: Quaquaval|0 fnt|[from] Salt Cure
|faint|p1a: Quaquaval
|upkeep
|
|t:|1779610830
|switch|p1a: Garganacl|Garganacl, F|100/100
|turn|10
|
|t:|1779610860
|move|p2a: Latios|Calm Mind|p2a: Latios
|-boost|p2a: Latios|spa|1
|-boost|p2a: Latios|spd|1
|move|p1a: Garganacl|Salt Cure|p2a: Latios
|-damage|p2a: Latios|43/100
|-start|p2a: Latios|Salt Cure
|
|-damage|p2a: Latios|31/100|[from] Salt Cure
|upkeep
|turn|11
|inactive|Lesteria has 120 seconds left.
|
|t:|1779610904
|move|p2a: Latios|Aura Sphere|p1a: Garganacl
|-supereffective|p1a: Garganacl
|-damage|p1a: Garganacl|28/100
|move|p1a: Garganacl|Recover|p1a: Garganacl
|-heal|p1a: Garganacl|78/100
|
|-heal|p1a: Garganacl|84/100|[from] item: Leftovers
|-damage|p2a: Latios|19/100|[from] Salt Cure
|upkeep
|turn|12
|
|t:|1779610914
|move|p2a: Latios|Aura Sphere|p1a: Garganacl
|-supereffective|p1a: Garganacl
|-crit|p1a: Garganacl
|-damage|p1a: Garganacl|0 fnt
|faint|p1a: Garganacl
|
|-damage|p2a: Latios|6/100|[from] Salt Cure
|upkeep
|
|t:|1779610932
|switch|p1a: Iron Valiant|Iron Valiant|100/100
|-enditem|p1a: Iron Valiant|Booster Energy
|-activate|p1a: Iron Valiant|ability: Quark Drive|[fromitem]
|-start|p1a: Iron Valiant|quarkdrivespe
|turn|13
|
|t:|1779610939
|-terastallize|p1a: Iron Valiant|Fairy
|move|p1a: Iron Valiant|Swords Dance|p1a: Iron Valiant
|-boost|p1a: Iron Valiant|atk|2
|move|p2a: Latios|Luster Purge|p1a: Iron Valiant
|-damage|p1a: Iron Valiant|0 fnt
|faint|p1a: Iron Valiant
|-end|p1a: Iron Valiant|Quark Drive|[silent]
|
|-damage|p2a: Latios|0 fnt|[from] Salt Cure
|faint|p2a: Latios
|upkeep
|inactive|Lesteria has 120 seconds left.
|
|t:|1779610952
|switch|p1a: Zangoose|Zangoose, M|100/100
|switch|p2a: Infernape|Infernape, F|100/100
|-status|p2a: Infernape|tox
|turn|14
|
|t:|1779610964
|move|p1a: Zangoose|Protect|p1a: Zangoose
|-singleturn|p1a: Zangoose|Protect
|move|p2a: Infernape|Close Combat|p1a: Zangoose
|-activate|p1a: Zangoose|move: Protect
|
|-damage|p2a: Infernape|94/100 tox|[from] psn
|-status|p1a: Zangoose|tox|[from] item: Toxic Orb
|upkeep
|turn|15
|inactive|Lesteria has 120 seconds left.
|
|t:|1779610986
|move|p2a: Infernape|Close Combat|p1a: Zangoose
|-supereffective|p1a: Zangoose
|-damage|p1a: Zangoose|0 fnt
|-unboost|p2a: Infernape|def|1
|-unboost|p2a: Infernape|spd|1
|faint|p1a: Zangoose
|
|-damage|p2a: Infernape|82/100 tox|[from] psn
|upkeep
|
|t:|1779610995
|switch|p1a: Maushold|Maushold|100/100
|turn|16
|
|t:|1779611001
|move|p2a: Infernape|Close Combat|p1a: Maushold
|-supereffective|p1a: Maushold
|-damage|p1a: Maushold|0 fnt
|-unboost|p2a: Infernape|def|1
|-unboost|p2a: Infernape|spd|1
|faint|p1a: Maushold
|
|win|Lesteria
|raw|supercatheroes2's rating: 1071 &rarr; <strong>1053</strong><br />(-18 for losing)
|raw|Lesteria's rating: 1123 &rarr; <strong>1144</strong><br />(+21 for winning)
|l|☆Lesteria
|player|p2|
