|j|☆SparkyBoomBoomBoiY
|j|☆Uncle Dre
|t:|1779602771
|gametype|singles
|player|p1|SparkyBoomBoomBoiY|marlon|1083
|player|p2|Uncle Dre|red|1057
|gen|9
|tier|[Gen 9] OU
|rated|
|rule|HP Percentage Mod: HP is shown in percentages
|rule|Endless Battle Clause: Forcing endless battles is banned
|rule|Species Clause: Limit one of each Pokémon
|rule|OHKO Clause: OHKO moves are banned
|rule|Evasion Items Clause: Evasion items are banned
|rule|Evasion Moves Clause: Evasion moves are banned
|rule|Evasion Abilities Clause: Evasion abilities are banned
|rule|Sleep Moves Clause: Sleep-inducing moves are banned
|clearpoke
|poke|p1|Tornadus-Therian, M|
|poke|p1|Tsareena, F|
|poke|p1|Cramorant, F|
|poke|p1|Cryogonal|
|poke|p1|Grafaiai, F|
|poke|p1|Dragapult, M|
|poke|p2|Kingdra, F|
|poke|p2|Ninetales-Alola, M|
|poke|p2|Slowking-Galar, M|
|poke|p2|Great Tusk|
|poke|p2|Meowscarada, M|
|poke|p2|Kingambit, F|
|teampreview
|
|t:|1779602776
|teamsize|p1|6
|teamsize|p2|6
|start
|switch|p1a: Grafaiai|Grafaiai, F|100/100
|switch|p2a: Great Tusk|Great Tusk|100/100
|turn|1
|inactive|Battle timer is ON: inactive players will automatically lose when time's up. (requested by Uncle Dre)
|
|t:|1779602783
|move|p1a: Grafaiai|Taunt|p2a: Great Tusk
|-start|p2a: Great Tusk|move: Taunt
|cant|p2a: Great Tusk|move: Taunt|Stealth Rock
|
|upkeep
|turn|2
|
|t:|1779602796
|-terastallize|p1a: Grafaiai|Flying
|move|p1a: Grafaiai|Toxic|p2a: Great Tusk
|-status|p2a: Great Tusk|tox
|move|p2a: Great Tusk|Rapid Spin|p1a: Grafaiai
|-damage|p1a: Grafaiai|85/100
|-boost|p2a: Great Tusk|spe|1
|
|-damage|p1a: Grafaiai|73/100|[from] item: Black Sludge
|-damage|p2a: Great Tusk|94/100 tox|[from] psn
|upkeep
|turn|3
|
|t:|1779602812
|move|p1a: Grafaiai|Switcheroo|p2a: Great Tusk
|-activate|p1a: Grafaiai|move: Trick|[of] p2a: Great Tusk
|-item|p2a: Great Tusk|Black Sludge|[from] move: Switcheroo
|-item|p1a: Grafaiai|Heavy-Duty Boots|[from] move: Switcheroo
|move|p2a: Great Tusk|Knock Off|p1a: Grafaiai
|-crit|p1a: Grafaiai
|-damage|p1a: Grafaiai|27/100
|-enditem|p1a: Grafaiai|Heavy-Duty Boots|[from] move: Knock Off|[of] p2a: Great Tusk
|
|-damage|p2a: Great Tusk|82/100 tox|[from] item: Black Sludge
|-damage|p2a: Great Tusk|69/100 tox|[from] psn
|-end|p2a: Great Tusk|move: Taunt
|upkeep
|turn|4
|
|t:|1779602828
|move|p1a: Grafaiai|Taunt|p2a: Great Tusk
|-start|p2a: Great Tusk|move: Taunt
|move|p2a: Great Tusk|Rapid Spin|p1a: Grafaiai
|-damage|p1a: Grafaiai|11/100
|-boost|p2a: Great Tusk|spe|1
|
|-damage|p2a: Great Tusk|57/100 tox|[from] item: Black Sludge
|-damage|p2a: Great Tusk|38/100 tox|[from] psn
|upkeep
|turn|5
|
|t:|1779602840
|move|p1a: Grafaiai|Protect|p1a: Grafaiai
|-singleturn|p1a: Grafaiai|Protect
|move|p2a: Great Tusk|Knock Off|p1a: Grafaiai
|-activate|p1a: Grafaiai|move: Protect
|
|-damage|p2a: Great Tusk|26/100 tox|[from] item: Black Sludge
|-damage|p2a: Great Tusk|1/100 tox|[from] psn
|upkeep
|turn|6
|
|t:|1779602860
|move|p1a: Grafaiai|Protect|p1a: Grafaiai
|-singleturn|p1a: Grafaiai|Protect
|move|p2a: Great Tusk|Knock Off|p1a: Grafaiai
|-activate|p1a: Grafaiai|move: Protect
|
|-damage|p2a: Great Tusk|0 fnt|[from] item: Black Sludge
|faint|p2a: Great Tusk
|-end|p2a: Great Tusk|Protosynthesis|[silent]
|upkeep
|
|t:|1779602871
|switch|p2a: Kingambit|Kingambit, F|100/100
|-activate|p2a: Kingambit|ability: Supreme Overlord
|-start|p2a: Kingambit|fallen1|[silent]
|turn|7
|inactive|Uncle Dre has 120 seconds left.
|
|t:|1779602893
|move|p1a: Grafaiai|Switcheroo|p2a: Kingambit
|-hint|Since gen 7, Dark is immune to Prankster moves.
|-immune|p2a: Kingambit
|move|p2a: Kingambit|Kowtow Cleave|p1a: Grafaiai
|-damage|p1a: Grafaiai|0 fnt
|faint|p1a: Grafaiai
|
|upkeep
|
|t:|1779602910
|switch|p1a: Tsareena|Tsareena, F|100/100
|turn|8
|inactive|Uncle Dre has 120 seconds left.
|
|t:|1779602925
|-end|p2a: Kingambit|fallen1|[silent]
|switch|p2a: Meowscarada|Meowscarada, M|100/100
|move|p1a: Tsareena|High Jump Kick|p2a: Meowscarada
|-supereffective|p2a: Meowscarada
|-crit|p2a: Meowscarada
|-damage|p2a: Meowscarada|0 fnt
|faint|p2a: Meowscarada
|
|upkeep
|inactive|Uncle Dre has 120 seconds left.
|
|t:|1779602936
|switch|p2a: Ninetales|Ninetales-Alola, M|100/100
|-weather|Snowscape|[from] ability: Snow Warning|[of] p2a: Ninetales
|turn|9
|inactive|Uncle Dre has 120 seconds left.
|
|t:|1779602952
|switch|p1a: Cryogonal|Cryogonal, shiny|100/100
|move|p2a: Ninetales|Aurora Veil|p2a: Ninetales
|-sidestart|p2: Uncle Dre|move: Aurora Veil
|
|-weather|Snowscape|[upkeep]
|upkeep
|turn|10
|inactive|Uncle Dre has 120 seconds left.
|
|t:|1779602966
|move|p2a: Ninetales|Moonblast|p1a: Cryogonal
|-damage|p1a: Cryogonal|76/100
|move|p1a: Cryogonal|Flash Cannon|p2a: Ninetales
|-supereffective|p2a: Ninetales
|-damage|p2a: Ninetales|59/100
|
|-weather|Snowscape|[upkeep]
|upkeep
|turn|11
|
|t:|1779602976
|switch|p2a: Slowking|Slowking-Galar, M|100/100
|move|p1a: Cryogonal|Flash Cannon|p2a: Slowking
|-damage|p2a: Slowking|94/100
|
|-weather|Snowscape|[upkeep]
|upkeep
|turn|12
|
|t:|1779602989
|move|p1a: Cryogonal|Freeze-Dry|p2a: Slowking
|-damage|p2a: Slowking|86/100
|move|p2a: Slowking|Future Sight|p1a: Cryogonal
|-start|p2a: Slowking|move: Future Sight
|
|-weather|Snowscape|[upkeep]
|upkeep
|turn|13
|
|t:|1779602999
|move|p1a: Cryogonal|Freeze-Dry|p2a: Slowking
|-damage|p2a: Slowking|77/100
|-prepare|p2a: Slowking|Chilly Reception|[premajor]
|move|p2a: Slowking|Chilly Reception|p2a: Slowking
|
|t:|1779603006
|switch|p2a: Kingdra|Kingdra, F|100/100|[from] Chilly Reception
|
|-weather|none
|upkeep
|turn|14
|
|t:|1779603031
|-terastallize|p2a: Kingdra|Steel
|move|p1a: Cryogonal|Freeze-Dry|p2a: Kingdra
|-resisted|p2a: Kingdra
|-damage|p2a: Kingdra|92/100
|move|p2a: Kingdra|Agility|p2a: Kingdra
|-boost|p2a: Kingdra|spe|2
|
|-end|p1a: Cryogonal|move: Future Sight
|-damage|p1a: Cryogonal|40/100
|upkeep
|turn|15
|
|t:|1779603045
|move|p2a: Kingdra|Focus Energy|p2a: Kingdra
|-start|p2a: Kingdra|move: Focus Energy
|move|p1a: Cryogonal|Haze|p1a: Cryogonal
|-clearallboost
|
|upkeep
|turn|16
|
|t:|1779603054
|move|p1a: Cryogonal|Rapid Spin|p2a: Kingdra
|-resisted|p2a: Kingdra
|-damage|p2a: Kingdra|90/100
|-boost|p1a: Cryogonal|spe|1
|move|p2a: Kingdra|Agility|p2a: Kingdra
|-boost|p2a: Kingdra|spe|2
|
|-sideend|p2: Uncle Dre|move: Aurora Veil
|upkeep
|turn|17
|
|t:|1779603066
|move|p2a: Kingdra|Draco Meteor|p1a: Cryogonal
|-crit|p1a: Cryogonal
|-damage|p1a: Cryogonal|0 fnt
|-unboost|p2a: Kingdra|spa|2
|faint|p1a: Cryogonal
|
|upkeep
|
|t:|1779603080
|switch|p1a: Tsareena|Tsareena, F|100/100
|turn|18
|
|t:|1779603088
|move|p2a: Kingdra|Draco Meteor|p1a: Tsareena
|-crit|p1a: Tsareena
|-damage|p1a: Tsareena|0 fnt
|-unboost|p2a: Kingdra|spa|2
|faint|p1a: Tsareena
|
|upkeep
|inactive|SparkyBoomBoomBoiY has 120 seconds left.
|c|☆SparkyBoomBoomBoiY|Oh yeah
|c|☆Uncle Dre|haha
|
|t:|1779603124
|switch|p1a: Guzzler|Cramorant, F|100/100
|turn|19
|
|t:|1779603131
|move|p2a: Kingdra|Draco Meteor|p1a: Guzzler
|-crit|p1a: Guzzler
|-damage|p1a: Guzzler|0 fnt
|-unboost|p2a: Kingdra|spa|2
|faint|p1a: Guzzler
|
|upkeep
|c|☆SparkyBoomBoomBoiY|What the fuck?
|
|t:|1779603152
|switch|p1a: In-the-back|Tornadus-Therian, M|100/100
|turn|20
|c|☆Uncle Dre|kingdra goated
|c|☆SparkyBoomBoomBoiY|Nah bruh you gotta explain that
|inactive|SparkyBoomBoomBoiY has 90 seconds left.
|
|t:|1779603177
|move|p2a: Kingdra|Draco Meteor|p1a: In-the-back
|-crit|p1a: In-the-back
|-damage|p1a: In-the-back|0 fnt
|faint|p1a: In-the-back
|
|upkeep
|c|☆SparkyBoomBoomBoiY|Oohh
|c|☆Uncle Dre|unli crit my guy
|c|☆SparkyBoomBoomBoiY|Its all crits
|c|☆Uncle Dre|yea
|c|☆Uncle Dre|ignores stat drops
|inactive|SparkyBoomBoomBoiY has 60 seconds left.
|c|☆SparkyBoomBoomBoiY|Yup makes sense
|
|t:|1779603219
|switch|p1a: Dragapult|Dragapult, M|100/100
|turn|21
|c|☆SparkyBoomBoomBoiY|Ggs thats a pretty cool thing you did
|
|t:|1779603239
|move|p1a: Dragapult|Sucker Punch|p2a: Kingdra
|-damage|p2a: Kingdra|61/100
|move|p2a: Kingdra|Draco Meteor|p1a: Dragapult
|-supereffective|p1a: Dragapult
|-crit|p1a: Dragapult
|-damage|p1a: Dragapult|0 fnt
|-start|p2a: Kingdra|Disable|Draco Meteor|[from] ability: Cursed Body|[of] p1a: Dragapult
|faint|p1a: Dragapult
|
|win|Uncle Dre
|raw|SparkyBoomBoomBoiY's rating: 1083 &rarr; <strong>1059</strong><br />(-24 for losing)
|raw|Uncle Dre's rating: 1057 &rarr; <strong>1091</strong><br />(+34 for winning)
|c|☆Uncle Dre|thanks sir
|c|☆Uncle Dre|very fun you should try
|l|☆Uncle Dre
|player|p2|
