|j|☆technogiri
|j|☆darsolegend
|t:|1779701006
|gametype|singles
|player|p1|technogiri|170|1089
|player|p2|darsolegend|ltsurge|1076
|gen|9
|tier|[Gen 9] OU
|rated|
|rule|HP Percentage Mod: HP is shown in percentages
|rule|Endless Battle Clause: Forcing endless battles is banned
|rule|Species Clause: Limit one of each Pokémon
|rule|OHKO Clause: OHKO moves are banned
|rule|Evasion Items Clause: Evasion items are banned
|rule|Evasion Moves Clause: Evasion moves are banned
|rule|Evasion Abilities Clause: Evasion abilities are banned
|rule|Sleep Moves Clause: Sleep-inducing moves are banned
|clearpoke
|poke|p1|Maushold|
|poke|p1|Grimmsnarl, M|
|poke|p1|Clefable, F|
|poke|p1|Darkrai|
|poke|p1|Gyarados, M|
|poke|p1|Skeledirge, M|
|poke|p2|Swampert, F|
|poke|p2|Emboar, M|
|poke|p2|Sceptile, M|
|poke|p2|Salamence, F|
|poke|p2|Rhyperior, M|
|poke|p2|Rotom-Wash|
|teampreview
|inactive|Battle timer is ON: inactive players will automatically lose when time's up. (requested by technogiri)
|
|t:|1779701025
|teamsize|p1|6
|teamsize|p2|6
|start
|switch|p1a: Grimmsnarl|Grimmsnarl, M|100/100
|switch|p2a: Sceptile|Sceptile, M|100/100
|turn|1
|
|t:|1779701033
|move|p1a: Grimmsnarl|Light Screen|p1a: Grimmsnarl
|-sidestart|p1: technogiri|move: Light Screen
|move|p2a: Sceptile|Agility|p2a: Sceptile
|-boost|p2a: Sceptile|spe|2
|
|upkeep
|turn|2
|
|t:|1779701039
|move|p1a: Grimmsnarl|Reflect|p1a: Grimmsnarl
|-sidestart|p1: technogiri|Reflect
|move|p2a: Sceptile|Agility|p2a: Sceptile
|-boost|p2a: Sceptile|spe|2
|
|upkeep
|turn|3
|
|t:|1779701044
|move|p2a: Sceptile|Agility|p2a: Sceptile
|-boost|p2a: Sceptile|spe|2
|move|p1a: Grimmsnarl|Spirit Break|p2a: Sceptile
|-damage|p2a: Sceptile|40/100
|-unboost|p2a: Sceptile|spa|1
|
|upkeep
|turn|4
|
|t:|1779701066
|switch|p2a: Salamence|Salamence, F|100/100
|move|p1a: Grimmsnarl|Spirit Break|p2a: Salamence
|-supereffective|p2a: Salamence
|-damage|p2a: Salamence|28/100
|-unboost|p2a: Salamence|spa|1
|
|-heal|p2a: Salamence|34/100|[from] item: Leftovers
|upkeep
|turn|5
|
|t:|1779701074
|move|p2a: Salamence|Outrage|p1a: Grimmsnarl
|-immune|p1a: Grimmsnarl
|move|p1a: Grimmsnarl|Spirit Break|p2a: Salamence
|-supereffective|p2a: Salamence
|-damage|p2a: Salamence|0 fnt
|faint|p2a: Salamence
|
|upkeep
|
|t:|1779701084
|switch|p2a: Sceptile|Sceptile, M|40/100
|turn|6
|
|t:|1779701087
|move|p2a: Sceptile|Earthquake|p1a: Grimmsnarl
|-damage|p1a: Grimmsnarl|88/100
|move|p1a: Grimmsnarl|Spirit Break|p2a: Sceptile
|-damage|p2a: Sceptile|0 fnt
|faint|p2a: Sceptile
|
|upkeep
|
|t:|1779701099
|switch|p2a: Emboar|Emboar, M|100/100
|turn|7
|
|t:|1779701103
|move|p2a: Emboar|Close Combat|p1a: Grimmsnarl
|-damage|p1a: Grimmsnarl|46/100
|-unboost|p2a: Emboar|def|1
|-unboost|p2a: Emboar|spd|1
|move|p1a: Grimmsnarl|Spirit Break|p2a: Emboar
|-damage|p2a: Emboar|41/100
|-unboost|p2a: Emboar|spa|1
|
|-heal|p2a: Emboar|47/100|[from] item: Leftovers
|upkeep
|turn|8
|
|t:|1779701113
|move|p2a: Emboar|Close Combat|p1a: Grimmsnarl
|-damage|p1a: Grimmsnarl|6/100
|-unboost|p2a: Emboar|def|1
|-unboost|p2a: Emboar|spd|1
|move|p1a: Grimmsnarl|Spirit Break|p2a: Emboar
|-damage|p2a: Emboar|0 fnt
|faint|p2a: Emboar
|
|-sideend|p1: technogiri|move: Light Screen
|upkeep
|
|t:|1779701125
|switch|p2a: Rhyperior|Rhyperior, M|100/100
|turn|9
|
|t:|1779701130
|move|p1a: Grimmsnarl|Parting Shot|p2a: Rhyperior
|-unboost|p2a: Rhyperior|atk|1
|-unboost|p2a: Rhyperior|spa|1
|
|t:|1779701133
|switch|p1a: Gyarados|Gyarados, M|100/100|[from] Parting Shot
|move|p2a: Rhyperior|Drill Run|p1a: Gyarados
|-immune|p1a: Gyarados
|
|-sideend|p1: technogiri|Reflect
|upkeep
|turn|10
|
|t:|1779701143
|switch|p2a: Rotom|Rotom-Wash|100/100
|move|p1a: Gyarados|Dragon Dance|p1a: Gyarados
|-boost|p1a: Gyarados|atk|1
|-boost|p1a: Gyarados|spe|1
|
|upkeep
|turn|11
|
|t:|1779701151
|-terastallize|p1a: Gyarados|Dragon
|move|p2a: Rotom|Thunder|p1a: Gyarados
|-resisted|p1a: Gyarados
|-damage|p1a: Gyarados|73/100
|-status|p1a: Gyarados|par
|cant|p1a: Gyarados|par
|
|upkeep
|turn|12
|
|t:|1779701162
|move|p2a: Rotom|Thunder|p1a: Gyarados|[miss]
|-miss|p2a: Rotom|p1a: Gyarados
|move|p1a: Gyarados|Scale Shot|p2a: Rotom
|-damage|p2a: Rotom|74/100
|-damage|p2a: Rotom|47/100
|-crit|p2a: Rotom
|-damage|p2a: Rotom|3/100
|-damage|p2a: Rotom|0 fnt
|faint|p2a: Rotom
|-ability|p1a: Gyarados|Moxie|boost
|-boost|p1a: Gyarados|atk|1
|-hitcount|p2: Rotom|4
|-unboost|p1a: Gyarados|def|1
|-boost|p1a: Gyarados|spe|1
|
|upkeep
|
|t:|1779701179
|switch|p2a: Swampert|Swampert, F|100/100
|turn|13
|
|t:|1779701186
|move|p1a: Gyarados|Scale Shot|p2a: Swampert
|-damage|p2a: Swampert|64/100
|-damage|p2a: Swampert|30/100
|-damage|p2a: Swampert|0 fnt
|faint|p2a: Swampert
|-ability|p1a: Gyarados|Moxie|boost
|-boost|p1a: Gyarados|atk|1
|-hitcount|p2: Swampert|3
|-unboost|p1a: Gyarados|def|1
|-boost|p1a: Gyarados|spe|1
|
|upkeep
|
|t:|1779701196
|switch|p2a: Rhyperior|Rhyperior, M|100/100
|turn|14
|
|t:|1779701201
|move|p1a: Gyarados|Waterfall|p2a: Rhyperior
|-supereffective|p2a: Rhyperior
|-damage|p2a: Rhyperior|0 fnt
|faint|p2a: Rhyperior
|
|win|technogiri
|raw|technogiri's rating: 1089 &rarr; <strong>1115</strong><br />(+26 for winning)
|raw|darsolegend's rating: 1076 &rarr; <strong>1055</strong><br />(-21 for losing)
|l|☆technogiri
|player|p1|
|l|☆darsolegend
|player|p2|
