|j|☆Ledvinka
|j|☆no backtalk 69
|t:|1779632620
|gametype|singles
|player|p1|Ledvinka|jupiter|1513
|player|p2|no backtalk 69|266|1560
|gen|9
|tier|[Gen 9] OU
|rated|
|rule|HP Percentage Mod: HP is shown in percentages
|rule|Endless Battle Clause: Forcing endless battles is banned
|rule|Species Clause: Limit one of each Pokémon
|rule|OHKO Clause: OHKO moves are banned
|rule|Evasion Items Clause: Evasion items are banned
|rule|Evasion Moves Clause: Evasion moves are banned
|rule|Evasion Abilities Clause: Evasion abilities are banned
|rule|Sleep Moves Clause: Sleep-inducing moves are banned
|clearpoke
|poke|p1|Ninetales, M|
|poke|p1|Whimsicott, M|
|poke|p1|Walking Wake|
|poke|p1|Raging Bolt|
|poke|p1|Corviknight, M|
|poke|p1|Ceruledge, M|
|poke|p2|Slowking-Galar, F|
|poke|p2|Cinderace, F|
|poke|p2|Kyurem|
|poke|p2|Corviknight, F|
|poke|p2|Ting-Lu|
|poke|p2|Dondozo, F|
|teampreview
|inactive|Battle timer is ON: inactive players will automatically lose when time's up. (requested by Ledvinka)
|
|t:|1779632643
|teamsize|p1|6
|teamsize|p2|6
|start
|switch|p1a: Ninetales|Ninetales, M|100/100
|switch|p2a: Slowking|Slowking-Galar, F|100/100
|-weather|SunnyDay|[from] ability: Drought|[of] p1a: Ninetales
|turn|1
|
|t:|1779632651
|move|p1a: Ninetales|Will-O-Wisp|p2a: Slowking|[miss]
|-miss|p1a: Ninetales|p2a: Slowking
|-prepare|p2a: Slowking|Chilly Reception|[premajor]
|move|p2a: Slowking|Chilly Reception|p2a: Slowking
|-weather|Snowscape
|
|t:|1779632665
|switch|p2a: Kyurem|Kyurem|100/100|[from] Chilly Reception
|-ability|p2a: Kyurem|Pressure
|
|-weather|Snowscape|[upkeep]
|upkeep
|turn|2
|
|t:|1779632676
|move|p1a: Ninetales|Will-O-Wisp|p2a: Kyurem
|-status|p2a: Kyurem|brn
|move|p2a: Kyurem|Freeze-Dry|p1a: Ninetales
|-resisted|p1a: Ninetales
|-damage|p1a: Ninetales|73/100
|
|-weather|Snowscape|[upkeep]
|-damage|p2a: Kyurem|94/100 brn|[from] brn
|upkeep
|turn|3
|
|t:|1779632687
|switch|p1a: Raging Bolt|Raging Bolt|100/100
|switch|p2a: Slowking|Slowking-Galar, F|100/100
|
|-weather|Snowscape|[upkeep]
|upkeep
|turn|4
|
|t:|1779632699
|move|p1a: Raging Bolt|Volt Switch|p2a: Slowking
|-damage|p2a: Slowking|68/100
|
|t:|1779632702
|-end|p1a: Raging Bolt|Protosynthesis|[silent]
|switch|p1a: Ninetales|Ninetales, M|73/100|[from] Volt Switch
|-weather|SunnyDay|[from] ability: Drought|[of] p1a: Ninetales
|move|p2a: Slowking|Sludge Bomb|p1a: Ninetales
|-damage|p1a: Ninetales|39/100
|
|-weather|SunnyDay|[upkeep]
|upkeep
|turn|5
|
|t:|1779632715
|move|p1a: Ninetales|Encore|p2a: Slowking
|-start|p2a: Slowking|Encore
|move|p2a: Slowking|Sludge Bomb|p1a: Ninetales
|-damage|p1a: Ninetales|7/100
|-status|p1a: Ninetales|psn
|
|-weather|SunnyDay|[upkeep]
|-damage|p1a: Ninetales|0 fnt|[from] psn
|faint|p1a: Ninetales
|upkeep
|
|t:|1779632726
|switch|p1a: Walking Wake|Walking Wake|100/100
|-activate|p1a: Walking Wake|ability: Protosynthesis
|-start|p1a: Walking Wake|protosynthesisspe
|turn|6
|
|t:|1779632733
|-terastallize|p1a: Walking Wake|Water
|move|p1a: Walking Wake|Hydro Steam|p2a: Slowking
|-damage|p2a: Slowking|0 fnt
|faint|p2a: Slowking
|
|-weather|SunnyDay|[upkeep]
|upkeep
|
|t:|1779632751
|switch|p2a: Ting-Lu|Ting-Lu|100/100
|-ability|p2a: Ting-Lu|Vessel of Ruin
|turn|7
|
|t:|1779632756
|-terastallize|p2a: Ting-Lu|Poison
|move|p1a: Walking Wake|Hydro Steam|p2a: Ting-Lu
|-damage|p2a: Ting-Lu|48/100
|move|p2a: Ting-Lu|Earthquake|p1a: Walking Wake
|-damage|p1a: Walking Wake|59/100
|
|-weather|SunnyDay|[upkeep]
|-heal|p2a: Ting-Lu|54/100|[from] item: Leftovers
|upkeep
|turn|8
|
|t:|1779632767
|move|p1a: Walking Wake|Hydro Steam|p2a: Ting-Lu
|-damage|p2a: Ting-Lu|4/100
|move|p2a: Ting-Lu|Rest|p2a: Ting-Lu
|-status|p2a: Ting-Lu|slp|[from] move: Rest
|-heal|p2a: Ting-Lu|100/100 slp|[silent]
|
|-weather|SunnyDay|[upkeep]
|upkeep
|turn|9
|
|t:|1779632776
|move|p1a: Walking Wake|Hydro Steam|p2a: Ting-Lu
|-damage|p2a: Ting-Lu|46/100 slp
|cant|p2a: Ting-Lu|slp
|move|p2a: Ting-Lu|Sleep Talk|p2a: Ting-Lu
|move|p2a: Ting-Lu|Payback|p1a: Walking Wake|[from] move: Sleep Talk
|-damage|p1a: Walking Wake|16/100
|
|-weather|SunnyDay|[upkeep]
|-heal|p2a: Ting-Lu|53/100 slp|[from] item: Leftovers
|upkeep
|turn|10
|
|t:|1779632788
|switch|p2a: Dondozo|Dondozo, F|100/100
|move|p1a: Walking Wake|Hydro Steam|p2a: Dondozo
|-resisted|p2a: Dondozo
|-damage|p2a: Dondozo|62/100
|
|-weather|SunnyDay|[upkeep]
|-heal|p2a: Dondozo|69/100|[from] item: Leftovers
|upkeep
|turn|11
|
|t:|1779632798
|move|p1a: Walking Wake|Hydro Steam|p2a: Dondozo
|-resisted|p2a: Dondozo
|-damage|p2a: Dondozo|30/100
|move|p2a: Dondozo|Rest|p2a: Dondozo
|-status|p2a: Dondozo|slp|[from] move: Rest
|-heal|p2a: Dondozo|100/100 slp|[silent]
|
|-weather|none
|-end|p1a: Walking Wake|Protosynthesis
|upkeep
|turn|12
|
|t:|1779632816
|-end|p1a: Walking Wake|Protosynthesis|[silent]
|switch|p1a: Raging Bolt|Raging Bolt|100/100
|switch|p2a: Ting-Lu|Ting-Lu, tera:Poison|53/100 slp
|-ability|p2a: Ting-Lu|Vessel of Ruin
|
|-heal|p2a: Ting-Lu|59/100 slp|[from] item: Leftovers
|upkeep
|turn|13
|
|t:|1779632827
|move|p1a: Raging Bolt|Thunderbolt|p2a: Ting-Lu
|-damage|p2a: Ting-Lu|38/100 slp
|cant|p2a: Ting-Lu|slp
|move|p2a: Ting-Lu|Sleep Talk|p2a: Ting-Lu
|move|p2a: Ting-Lu|Earthquake|p1a: Raging Bolt|[from] move: Sleep Talk
|-supereffective|p1a: Raging Bolt
|-damage|p1a: Raging Bolt|42/100
|
|-heal|p2a: Ting-Lu|44/100 slp|[from] item: Leftovers
|upkeep
|turn|14
|
|t:|1779632840
|move|p1a: Raging Bolt|Volt Switch|p2a: Ting-Lu
|-damage|p2a: Ting-Lu|27/100 slp
|
|t:|1779632847
|-end|p1a: Raging Bolt|Protosynthesis|[silent]
|switch|p1a: Ceruledge|Ceruledge, M|100/100|[from] Volt Switch
|-curestatus|p2a: Ting-Lu|slp|[msg]
|move|p2a: Ting-Lu|Rest|p2a: Ting-Lu
|-status|p2a: Ting-Lu|slp|[from] move: Rest
|-heal|p2a: Ting-Lu|100/100 slp|[silent]
|
|upkeep
|turn|15
|
|t:|1779632860
|switch|p2a: Dondozo|Dondozo, F|100/100 slp
|move|p1a: Ceruledge|Swords Dance|p1a: Ceruledge
|-boost|p1a: Ceruledge|atk|2
|
|upkeep
|turn|16
|
|t:|1779632868
|move|p1a: Ceruledge|Close Combat|p2a: Dondozo
|-damage|p2a: Dondozo|74/100 slp
|-unboost|p1a: Ceruledge|def|1
|-unboost|p1a: Ceruledge|spd|1
|cant|p2a: Dondozo|slp
|move|p2a: Dondozo|Sleep Talk|p2a: Dondozo
|move|p2a: Dondozo|Curse|p2a: Dondozo|[from] move: Sleep Talk
|-unboost|p2a: Dondozo|spe|1
|-boost|p2a: Dondozo|atk|1
|-boost|p2a: Dondozo|def|1
|
|-heal|p2a: Dondozo|80/100 slp|[from] item: Leftovers
|upkeep
|turn|17
|
|t:|1779632885
|move|p1a: Ceruledge|Close Combat|p2a: Dondozo
|-damage|p2a: Dondozo|63/100 slp
|-unboost|p1a: Ceruledge|def|1
|-unboost|p1a: Ceruledge|spd|1
|cant|p2a: Dondozo|slp
|move|p2a: Dondozo|Sleep Talk|p2a: Dondozo
|move|p2a: Dondozo|Curse|p2a: Dondozo|[from] move: Sleep Talk
|-unboost|p2a: Dondozo|spe|1
|-boost|p2a: Dondozo|atk|1
|-boost|p2a: Dondozo|def|1
|
|-heal|p2a: Dondozo|70/100 slp|[from] item: Leftovers
|upkeep
|turn|18
|
|t:|1779632902
|switch|p1a: Walking Wake|Walking Wake, tera:Water|16/100
|-curestatus|p2a: Dondozo|slp|[msg]
|move|p2a: Dondozo|Liquidation|p1a: Walking Wake
|-resisted|p1a: Walking Wake
|-damage|p1a: Walking Wake|0 fnt
|faint|p1a: Walking Wake
|-end|p1a: Walking Wake|Protosynthesis|[silent]
|
|-heal|p2a: Dondozo|76/100|[from] item: Leftovers
|upkeep
|
|t:|1779632912
|switch|p1a: Raging Bolt|Raging Bolt|42/100
|turn|19
|
|t:|1779632916
|switch|p2a: Ting-Lu|Ting-Lu, tera:Poison|100/100 slp
|-ability|p2a: Ting-Lu|Vessel of Ruin
|move|p1a: Raging Bolt|Thunderbolt|p2a: Ting-Lu
|-damage|p2a: Ting-Lu|79/100 slp
|
|-heal|p2a: Ting-Lu|86/100 slp|[from] item: Leftovers
|upkeep
|turn|20
|
|t:|1779632926
|move|p1a: Raging Bolt|Draco Meteor|p2a: Ting-Lu
|-damage|p2a: Ting-Lu|51/100 slp
|-unboost|p1a: Raging Bolt|spa|2
|cant|p2a: Ting-Lu|slp
|move|p2a: Ting-Lu|Sleep Talk|p2a: Ting-Lu
|move|p2a: Ting-Lu|Payback|p1a: Raging Bolt|[from] move: Sleep Talk
|-crit|p1a: Raging Bolt
|-damage|p1a: Raging Bolt|0 fnt
|faint|p1a: Raging Bolt
|-end|p1a: Raging Bolt|Protosynthesis|[silent]
|
|-heal|p2a: Ting-Lu|57/100 slp|[from] item: Leftovers
|upkeep
|
|t:|1779632941
|switch|p1a: Whimsicott|Whimsicott, M|100/100
|turn|21
|
|t:|1779632949
|switch|p2a: Cinderace|Cinderace, F|100/100
|move|p1a: Whimsicott|Growth|p1a: Whimsicott
|-boost|p1a: Whimsicott|atk|1
|-boost|p1a: Whimsicott|spa|1
|
|upkeep
|turn|22
|inactive|Ledvinka has 120 seconds left.
|
|t:|1779632986
|switch|p1a: Ceruledge|Ceruledge, M|100/100
|move|p2a: Cinderace|Pyro Ball|p1a: Ceruledge
|-resisted|p1a: Ceruledge
|-damage|p1a: Ceruledge|66/100
|-ability|p1a: Ceruledge|Weak Armor|boost
|-unboost|p1a: Ceruledge|def|1
|-boost|p1a: Ceruledge|spe|2
|
|upkeep
|turn|23
|inactive|Ledvinka has 120 seconds left.
|
|t:|1779633012
|switch|p2a: Dondozo|Dondozo, F|76/100
|move|p1a: Ceruledge|Bitter Blade|p2a: Dondozo
|-resisted|p2a: Dondozo
|-damage|p2a: Dondozo|63/100
|-heal|p1a: Ceruledge|77/100|[from] drain|[of] p2a: Dondozo
|
|-heal|p2a: Dondozo|69/100|[from] item: Leftovers
|upkeep
|turn|24
|inactive|Ledvinka has 120 seconds left.
|
|t:|1779633033
|move|p1a: Ceruledge|Close Combat|p2a: Dondozo
|-damage|p2a: Dondozo|47/100
|-unboost|p1a: Ceruledge|def|1
|-unboost|p1a: Ceruledge|spd|1
|move|p2a: Dondozo|Liquidation|p1a: Ceruledge
|-supereffective|p1a: Ceruledge
|-crit|p1a: Ceruledge
|-damage|p1a: Ceruledge|0 fnt
|faint|p1a: Ceruledge
|
|-heal|p2a: Dondozo|53/100|[from] item: Leftovers
|upkeep
|
|t:|1779633045
|switch|p1a: Whimsicott|Whimsicott, M|100/100
|turn|25
|
|t:|1779633053
|switch|p2a: Cinderace|Cinderace, F|100/100
|move|p1a: Whimsicott|Giga Drain|p2a: Cinderace
|-resisted|p2a: Cinderace
|-damage|p2a: Cinderace|77/100
|-damage|p1a: Whimsicott|91/100|[from] item: Life Orb
|
|upkeep
|turn|26
|-message|Ledvinka forfeited.
|
|win|no backtalk 69
|raw|Ledvinka's rating: 1513 &rarr; <strong>1496</strong><br />(-17 for losing)
|raw|no backtalk 69's rating: 1560 &rarr; <strong>1577</strong><br />(+17 for winning)
|l|☆Ledvinka
|player|p1|
|l|☆no backtalk 69
|player|p2|
