|j|‽kerom.pk
|j|☆tommytt22
|t:|1779703517
|gametype|singles
|player|p1|kerom.pk|265|1654
|player|p2|tommytt22|shadowtriad|1610
|gen|9
|tier|[Gen 9] OU
|rated|
|rule|HP Percentage Mod: HP is shown in percentages
|rule|Endless Battle Clause: Forcing endless battles is banned
|rule|Species Clause: Limit one of each Pokémon
|rule|OHKO Clause: OHKO moves are banned
|rule|Evasion Items Clause: Evasion items are banned
|rule|Evasion Moves Clause: Evasion moves are banned
|rule|Evasion Abilities Clause: Evasion abilities are banned
|rule|Sleep Moves Clause: Sleep-inducing moves are banned
|clearpoke
|poke|p1|Clodsire, M|
|poke|p1|Alomomola, M|
|poke|p1|Hydrapple, F|
|poke|p1|Meowscarada, M|
|poke|p1|Primarina, F|
|poke|p1|Weezing-Galar, F|
|poke|p2|Ninetales, F|
|poke|p2|Walking Wake|
|poke|p2|Great Tusk|
|poke|p2|Venusaur, M|
|poke|p2|Glimmora, F|
|poke|p2|Ceruledge, M|
|teampreview
|inactive|Battle timer is ON: inactive players will automatically lose when time's up. (requested by kerom.pk)
|inactive|tommytt22 has 120 seconds left.
|inactiveoff|Battle timer is now OFF.
|inactive|Battle timer is ON: inactive players will automatically lose when time's up. (requested by tommytt22)
|
|t:|1779703582
|teamsize|p1|6
|teamsize|p2|6
|start
|switch|p1a: Meowscarada|Meowscarada, M|100/100
|switch|p2a: Glimmora|Glimmora, F|100/100
|turn|1
|j| notapokemonmaster
|inactive|kerom.pk has 120 seconds left.
|
|t:|1779703619
|move|p1a: Meowscarada|U-turn|p2a: Glimmora
|-start|p1a: Meowscarada|typechange|Bug|[from] ability: Protean
|-resisted|p2a: Glimmora
|-damage|p2a: Glimmora|69/100
|-activate|p2a: Glimmora|ability: Toxic Debris
|-sidestart|p1: kerom.pk|move: Toxic Spikes
|
|t:|1779703623
|switch|p1a: Clodsire|Clodsire, M|100/100|[from] U-turn
|-sideend|p1: kerom.pk|move: Toxic Spikes|[of] p1a: Clodsire
|move|p2a: Glimmora|Stealth Rock|p1a: Clodsire
|-sidestart|p1: kerom.pk|move: Stealth Rock
|
|upkeep
|turn|2
|inactive|tommytt22 has 120 seconds left.
|inactive|tommytt22 has 90 seconds left.
|inactive|tommytt22 has 60 seconds left.
|
|t:|1779703724
|move|p2a: Glimmora|Energy Ball|p1a: Clodsire
|-damage|p1a: Clodsire|82/100
|-unboost|p1a: Clodsire|spd|1
|move|p1a: Clodsire|Earthquake|p2a: Glimmora
|-supereffective|p2a: Glimmora
|-damage|p2a: Glimmora|0 fnt
|-activate|p2a: Glimmora|ability: Toxic Debris
|-sidestart|p1: kerom.pk|move: Toxic Spikes
|faint|p2a: Glimmora
|
|-heal|p1a: Clodsire|88/100|[from] item: Leftovers
|upkeep
|
|t:|1779703733
|switch|p2a: Great Tusk|Great Tusk|100/100
|turn|3
|j| foxi4
|
|t:|1779703747
|-terastallize|p1a: Clodsire|Grass
|move|p2a: Great Tusk|Headlong Rush|p1a: Clodsire
|-resisted|p1a: Clodsire
|-damage|p1a: Clodsire|45/100
|-unboost|p2a: Great Tusk|def|1
|-unboost|p2a: Great Tusk|spd|1
|move|p1a: Clodsire|Curse|p1a: Clodsire
|-unboost|p1a: Clodsire|spe|1
|-boost|p1a: Clodsire|atk|1
|-boost|p1a: Clodsire|def|1
|
|-heal|p1a: Clodsire|52/100|[from] item: Leftovers
|upkeep
|turn|4
|inactive|tommytt22 has 60 seconds left.
|
|t:|1779703759
|-end|p2a: Great Tusk|Protosynthesis|[silent]
|switch|p2a: Venusaur|Venusaur, M|100/100
|move|p1a: Clodsire|Recover|p1a: Clodsire
|-heal|p1a: Clodsire|100/100
|
|upkeep
|turn|5
|inactive|tommytt22 has 60 seconds left.
|
|t:|1779703767
|switch|p1a: Weezing|Weezing-Galar, F|100/100
|-ability|p1a: Weezing|Neutralizing Gas
|-damage|p1a: Weezing|88/100|[from] Stealth Rock
|-sideend|p1: kerom.pk|move: Toxic Spikes|[of] p1a: Weezing
|move|p2a: Venusaur|Growth|p2a: Venusaur
|-boost|p2a: Venusaur|atk|1
|-boost|p2a: Venusaur|spa|1
|
|-heal|p1a: Weezing|94/100|[from] item: Leftovers
|upkeep
|turn|6
|
|t:|1779703775
|move|p2a: Venusaur|Earth Power|p1a: Weezing
|-supereffective|p1a: Weezing
|-damage|p1a: Weezing|0 fnt
|faint|p1a: Weezing
|-end|p1a: Weezing|ability: Neutralizing Gas
|-damage|p2a: Venusaur|91/100|[from] item: Life Orb
|
|upkeep
|
|t:|1779703782
|switch|p1a: Meowscarada|Meowscarada, M|100/100
|-damage|p1a: Meowscarada|88/100|[from] Stealth Rock
|turn|7
|
|t:|1779703785
|switch|p2a: Ninetales|Ninetales, F|100/100
|-weather|SunnyDay|[from] ability: Drought|[of] p2a: Ninetales
|move|p1a: Meowscarada|Triple Axel|p2a: Ninetales
|-start|p1a: Meowscarada|typechange|Ice|[from] ability: Protean
|-resisted|p2a: Ninetales
|-damage|p2a: Ninetales|89/100
|-resisted|p2a: Ninetales
|-damage|p2a: Ninetales|69/100
|-resisted|p2a: Ninetales
|-damage|p2a: Ninetales|35/100
|-hitcount|p2a: Ninetales|3
|
|-weather|SunnyDay|[upkeep]
|upkeep
|turn|8
|j| Eternity o2
|inactive|tommytt22 has 90 seconds left.
|
|t:|1779703792
|move|p1a: Meowscarada|Triple Axel|p2a: Ninetales
|-resisted|p2a: Ninetales
|-damage|p2a: Ninetales|25/100
|-resisted|p2a: Ninetales
|-damage|p2a: Ninetales|6/100
|-resisted|p2a: Ninetales
|-damage|p2a: Ninetales|0 fnt
|faint|p2a: Ninetales
|-hitcount|p2: Ninetales|3
|
|-weather|SunnyDay|[upkeep]
|upkeep
|inactive|tommytt22 has 90 seconds left.
|inactive|tommytt22 has 60 seconds left.
|
|t:|1779703846
|switch|p2a: Walking Wake|Walking Wake|100/100
|-activate|p2a: Walking Wake|ability: Protosynthesis
|-start|p2a: Walking Wake|protosynthesisspe
|turn|9
|
|t:|1779703856
|switch|p1a: Alomomola|Alomomola, M|100/100
|-damage|p1a: Alomomola|88/100|[from] Stealth Rock
|-terastallize|p2a: Walking Wake|Water
|move|p2a: Walking Wake|Hydro Steam|p1a: Alomomola
|-resisted|p1a: Alomomola
|-damage|p1a: Alomomola|35/100
|
|-weather|SunnyDay|[upkeep]
|upkeep
|turn|10
|
|t:|1779703865
|move|p1a: Alomomola|Protect|p1a: Alomomola
|-singleturn|p1a: Alomomola|Protect
|move|p2a: Walking Wake|Hydro Steam|p1a: Alomomola
|-activate|p1a: Alomomola|move: Protect
|
|-weather|SunnyDay|[upkeep]
|upkeep
|turn|11
|
|t:|1779703869
|move|p1a: Alomomola|Protect||[still]
|-fail|p1a: Alomomola
|move|p2a: Walking Wake|Hydro Steam|p1a: Alomomola
|-resisted|p1a: Alomomola
|-damage|p1a: Alomomola|0 fnt
|faint|p1a: Alomomola
|
|-weather|SunnyDay|[upkeep]
|upkeep
|
|t:|1779703873
|switch|p1a: Hydrapple|Hydrapple, F|100/100
|-damage|p1a: Hydrapple|88/100|[from] Stealth Rock
|turn|12
|
|t:|1779703880
|-end|p2a: Walking Wake|Protosynthesis|[silent]
|switch|p2a: Ceruledge|Ceruledge, M|100/100
|move|p1a: Hydrapple|Leaf Storm|p2a: Ceruledge
|-resisted|p2a: Ceruledge
|-damage|p2a: Ceruledge|45/100
|-unboost|p1a: Hydrapple|spa|2
|
|-weather|SunnyDay|[upkeep]
|upkeep
|turn|13
|
|t:|1779703889
|switch|p1a: Primarina|Primarina, F|100/100
|-damage|p1a: Primarina|88/100|[from] Stealth Rock
|move|p2a: Ceruledge|Bitter Blade|p1a: Primarina
|-resisted|p1a: Primarina
|-damage|p1a: Primarina|48/100
|-heal|p2a: Ceruledge|68/100|[from] drain|[of] p1a: Primarina
|-damage|p2a: Ceruledge|58/100|[from] item: Life Orb
|
|-weather|SunnyDay|[upkeep]
|-heal|p1a: Primarina|54/100|[from] item: Leftovers
|upkeep
|turn|14
|
|t:|1779703898
|move|p1a: Primarina|Protect|p1a: Primarina
|-singleturn|p1a: Primarina|Protect
|move|p2a: Ceruledge|Poltergeist|p1a: Primarina
|-activate|p1a: Primarina|move: Protect
|
|-weather|none
|-heal|p1a: Primarina|60/100|[from] item: Leftovers
|upkeep
|turn|15
|
|t:|1779703903
|move|p2a: Ceruledge|Poltergeist|p1a: Primarina
|-activate|p1a: Primarina|move: Poltergeist|Leftovers
|-damage|p1a: Primarina|0 fnt
|faint|p1a: Primarina
|-damage|p2a: Ceruledge|48/100|[from] item: Life Orb
|
|upkeep
|
|t:|1779703907
|switch|p1a: Meowscarada|Meowscarada, M|88/100
|-damage|p1a: Meowscarada|76/100|[from] Stealth Rock
|turn|16
|
|t:|1779703919
|move|p2a: Ceruledge|Shadow Sneak|p1a: Meowscarada
|-resisted|p1a: Meowscarada
|-damage|p1a: Meowscarada|55/100
|-damage|p2a: Ceruledge|38/100|[from] item: Life Orb
|move|p1a: Meowscarada|Triple Axel|p2a: Ceruledge
|-start|p1a: Meowscarada|typechange|Ice|[from] ability: Protean
|-resisted|p2a: Ceruledge
|-damage|p2a: Ceruledge|30/100
|-ability|p2a: Ceruledge|Weak Armor|boost
|-unboost|p2a: Ceruledge|def|1
|-boost|p2a: Ceruledge|spe|2
|-resisted|p2a: Ceruledge
|-damage|p2a: Ceruledge|4/100
|-ability|p2a: Ceruledge|Weak Armor|boost
|-unboost|p2a: Ceruledge|def|1
|-boost|p2a: Ceruledge|spe|2
|-resisted|p2a: Ceruledge
|-damage|p2a: Ceruledge|0 fnt
|faint|p2a: Ceruledge
|-hitcount|p2: Ceruledge|3
|
|upkeep
|
|t:|1779703929
|switch|p2a: Walking Wake|Walking Wake, tera:Water|100/100
|turn|17
|
|t:|1779703940
|switch|p1a: Hydrapple|Hydrapple, F|100/100
|-damage|p1a: Hydrapple|88/100|[from] Stealth Rock
|move|p2a: Walking Wake|Flamethrower|p1a: Hydrapple
|-damage|p1a: Hydrapple|52/100
|-status|p1a: Hydrapple|brn
|
|-damage|p1a: Hydrapple|46/100 brn|[from] brn
|upkeep
|turn|18
|
|t:|1779703951
|-end|p2a: Walking Wake|Protosynthesis|[silent]
|switch|p2a: Venusaur|Venusaur, M|91/100
|move|p1a: Hydrapple|Draco Meteor|p2a: Venusaur
|-damage|p2a: Venusaur|0 fnt
|-unboost|p1a: Hydrapple|spa|2
|faint|p2a: Venusaur
|
|-damage|p1a: Hydrapple|40/100 brn|[from] brn
|upkeep
|
|t:|1779703962
|switch|p2a: Walking Wake|Walking Wake, tera:Water|100/100
|turn|19
|l| notapokemonmaster
|
|t:|1779703975
|move|p2a: Walking Wake|Dragon Pulse|p1a: Hydrapple
|-supereffective|p1a: Hydrapple
|-damage|p1a: Hydrapple|0 fnt
|faint|p1a: Hydrapple
|
|upkeep
|
|t:|1779703977
|switch|p1a: Meowscarada|Meowscarada, M|55/100
|-damage|p1a: Meowscarada|43/100|[from] Stealth Rock
|turn|20
|inactive|tommytt22 has 120 seconds left.
|
|t:|1779703994
|move|p1a: Meowscarada|Low Kick|p2a: Walking Wake
|-start|p1a: Meowscarada|typechange|Fighting|[from] ability: Protean
|-damage|p2a: Walking Wake|18/100
|move|p2a: Walking Wake|Dragon Pulse|p1a: Meowscarada
|-damage|p1a: Meowscarada|0 fnt
|faint|p1a: Meowscarada
|
|upkeep
|
|t:|1779704000
|switch|p1a: Clodsire|Clodsire, M, tera:Grass|100/100
|-damage|p1a: Clodsire|88/100|[from] Stealth Rock
|turn|21
|inactive|tommytt22 has 120 seconds left.
|c|☆tommytt22|flower trick was an ohko on both you wouldve won
|
|t:|1779704018
|move|p2a: Walking Wake|Dragon Pulse|p1a: Clodsire
|-damage|p1a: Clodsire|51/100
|move|p1a: Clodsire|Curse|p1a: Clodsire
|-unboost|p1a: Clodsire|spe|1
|-boost|p1a: Clodsire|atk|1
|-boost|p1a: Clodsire|def|1
|
|-heal|p1a: Clodsire|57/100|[from] item: Leftovers
|upkeep
|turn|22
|
|t:|1779704021
|move|p2a: Walking Wake|Dragon Pulse|p1a: Clodsire
|-damage|p1a: Clodsire|16/100
|move|p1a: Clodsire|Recover|p1a: Clodsire
|-heal|p1a: Clodsire|66/100
|
|-heal|p1a: Clodsire|72/100|[from] item: Leftovers
|upkeep
|turn|23
|
|t:|1779704024
|move|p2a: Walking Wake|Dragon Pulse|p1a: Clodsire
|-damage|p1a: Clodsire|34/100
|move|p1a: Clodsire|Recover|p1a: Clodsire
|-heal|p1a: Clodsire|84/100
|
|-heal|p1a: Clodsire|90/100|[from] item: Leftovers
|upkeep
|turn|24
|
|t:|1779704029
|-end|p2a: Walking Wake|Protosynthesis|[silent]
|switch|p2a: Great Tusk|Great Tusk|100/100
|move|p1a: Clodsire|Recover|p1a: Clodsire
|-heal|p1a: Clodsire|100/100
|
|upkeep
|turn|25
|
|t:|1779704032
|move|p2a: Great Tusk|Ice Spinner|p1a: Clodsire
|-supereffective|p1a: Clodsire
|-damage|p1a: Clodsire|53/100
|move|p1a: Clodsire|Curse|p1a: Clodsire
|-unboost|p1a: Clodsire|spe|1
|-boost|p1a: Clodsire|atk|1
|-boost|p1a: Clodsire|def|1
|
|-heal|p1a: Clodsire|59/100|[from] item: Leftovers
|upkeep
|turn|26
|
|t:|1779704035
|move|p2a: Great Tusk|Ice Spinner|p1a: Clodsire
|-supereffective|p1a: Clodsire
|-damage|p1a: Clodsire|23/100
|move|p1a: Clodsire|Recover|p1a: Clodsire
|-heal|p1a: Clodsire|73/100
|
|-heal|p1a: Clodsire|79/100|[from] item: Leftovers
|upkeep
|turn|27
|
|t:|1779704041
|move|p2a: Great Tusk|Ice Spinner|p1a: Clodsire
|-supereffective|p1a: Clodsire
|-damage|p1a: Clodsire|43/100
|move|p1a: Clodsire|Curse|p1a: Clodsire
|-unboost|p1a: Clodsire|spe|1
|-boost|p1a: Clodsire|atk|1
|-boost|p1a: Clodsire|def|1
|
|-heal|p1a: Clodsire|49/100|[from] item: Leftovers
|upkeep
|turn|28
|
|t:|1779704044
|move|p2a: Great Tusk|Ice Spinner|p1a: Clodsire
|-supereffective|p1a: Clodsire
|-damage|p1a: Clodsire|18/100
|move|p1a: Clodsire|Recover|p1a: Clodsire
|-heal|p1a: Clodsire|69/100
|
|-heal|p1a: Clodsire|75/100|[from] item: Leftovers
|upkeep
|turn|29
|
|t:|1779704047
|move|p2a: Great Tusk|Ice Spinner|p1a: Clodsire
|-supereffective|p1a: Clodsire
|-crit|p1a: Clodsire
|-damage|p1a: Clodsire|0 fnt
|faint|p1a: Clodsire
|
|win|tommytt22
|raw|kerom.pk's rating: 1654 &rarr; <strong>1631</strong><br />(-23 for losing)
|raw|tommytt22's rating: 1610 &rarr; <strong>1633</strong><br />(+23 for winning)
|l|☆tommytt22
|player|p2|
|l| Eternity o2
|l|‽kerom.pk
|player|p1|
