|j|☆Mrweston
|j|☆el metrallas
|t:|1779560952
|gametype|singles
|player|p1|Mrweston|ghetsis-gen5bw|1367
|player|p2|el metrallas|swimmerf-gen4|1348
|gen|9
|tier|[Gen 9] OU
|rated|
|rule|HP Percentage Mod: HP is shown in percentages
|rule|Endless Battle Clause: Forcing endless battles is banned
|rule|Species Clause: Limit one of each Pokémon
|rule|OHKO Clause: OHKO moves are banned
|rule|Evasion Items Clause: Evasion items are banned
|rule|Evasion Moves Clause: Evasion moves are banned
|rule|Evasion Abilities Clause: Evasion abilities are banned
|rule|Sleep Moves Clause: Sleep-inducing moves are banned
|clearpoke
|poke|p1|Hawlucha, M|
|poke|p1|Blaziken, M|
|poke|p1|Magnezone|
|poke|p1|Haunter, M|
|poke|p1|Donphan, F|
|poke|p1|Latios, M|
|poke|p2|Hydreigon, M|
|poke|p2|Ribombee, M|
|poke|p2|Tauros-Paldea-Blaze, M|
|poke|p2|Clodsire, M|
|poke|p2|Mamoswine, F|
|poke|p2|Gholdengo|
|teampreview
|inactive|Battle timer is ON: inactive players will automatically lose when time's up. (requested by el metrallas)
|
|t:|1779560955
|teamsize|p1|6
|teamsize|p2|6
|start
|switch|p1a: Magnezone|Magnezone, shiny|100/100
|switch|p2a: Tuerta|Ribombee, M, shiny|100/100
|turn|1
|
|t:|1779560957
|move|p2a: Tuerta|Sticky Web|p1a: Magnezone
|-sidestart|p1: Mrweston|move: Sticky Web
|move|p1a: Magnezone|Flash Cannon|p2a: Tuerta
|-supereffective|p2a: Tuerta
|-enditem|p2a: Tuerta|Focus Sash
|-damage|p2a: Tuerta|1/100
|
|upkeep
|turn|2
|
|t:|1779560966
|switch|p2a: Director|Clodsire, M, shiny|100/100
|move|p1a: Magnezone|Volt Switch|p2a: Director
|-immune|p2a: Director
|
|upkeep
|turn|3
|
|t:|1779560971
|switch|p1a: Hawlucha|Hawlucha, M, shiny|100/100
|-ability|p1a: Hawlucha|Mold Breaker
|move|p2a: Director|Stealth Rock|p1a: Hawlucha
|-sidestart|p1: Mrweston|move: Stealth Rock
|
|upkeep
|turn|4
|
|t:|1779560974
|move|p1a: Hawlucha|Defog|p2a: Director
|-unboost|p2a: Director|evasion|1
|-sideend|p1: Mrweston|Stealth Rock|[from] move: Defog|[of] p1a: Hawlucha
|-sideend|p1: Mrweston|Sticky Web|[from] move: Defog|[of] p1a: Hawlucha
|move|p2a: Director|Toxic|p1a: Hawlucha
|-status|p1a: Hawlucha|tox
|
|-damage|p1a: Hawlucha|94/100 tox|[from] psn
|upkeep
|turn|5
|
|t:|1779560980
|switch|p1a: Donphan|Donphan, F|100/100
|move|p2a: Director|Stealth Rock|p1a: Donphan
|-sidestart|p1: Mrweston|move: Stealth Rock
|
|upkeep
|turn|6
|
|t:|1779560985
|switch|p2a: Bombas|Gholdengo|100/100
|-item|p2a: Bombas|Air Balloon
|move|p1a: Donphan|Knock Off|p2a: Bombas
|-supereffective|p2a: Bombas
|-damage|p2a: Bombas|24/100
|-enditem|p2a: Bombas|Air Balloon
|
|upkeep
|turn|7
|
|t:|1779560996
|move|p2a: Bombas|Shadow Ball|p1a: Donphan
|-damage|p1a: Donphan|33/100
|move|p1a: Donphan|Knock Off|p2a: Bombas
|-supereffective|p2a: Bombas
|-damage|p2a: Bombas|0 fnt
|faint|p2a: Bombas
|
|upkeep
|
|t:|1779561004
|switch|p2a: Tuerta|Ribombee, M, shiny|1/100
|turn|8
|
|t:|1779561006
|move|p1a: Donphan|Ice Shard|p2a: Tuerta
|-damage|p2a: Tuerta|0 fnt
|faint|p2a: Tuerta
|
|upkeep
|
|t:|1779561009
|switch|p2a: Te pilla el toro|Tauros-Paldea-Blaze, M, shiny|100/100
|-ability|p2a: Te pilla el toro|Intimidate|boost
|-unboost|p1a: Donphan|atk|1
|turn|9
|
|t:|1779561013
|move|p2a: Te pilla el toro|Flare Blitz|p1a: Donphan
|-damage|p1a: Donphan|0 fnt
|faint|p1a: Donphan
|-damage|p2a: Te pilla el toro|88/100|[from] Recoil
|-damage|p2a: Te pilla el toro|79/100|[from] item: Life Orb
|
|upkeep
|
|t:|1779561017
|switch|p1a: Hawlucha|Hawlucha, M, shiny|94/100 tox
|-damage|p1a: Hawlucha|82/100 tox|[from] Stealth Rock
|-ability|p1a: Hawlucha|Mold Breaker
|turn|10
|
|t:|1779561020
|switch|p2a: Director|Clodsire, M, shiny|100/100
|move|p1a: Hawlucha|Defog|p2a: Director
|-unboost|p2a: Director|evasion|1
|-sideend|p1: Mrweston|Stealth Rock|[from] move: Defog|[of] p1a: Hawlucha
|
|-damage|p1a: Hawlucha|76/100 tox|[from] psn
|upkeep
|turn|11
|
|t:|1779561025
|switch|p1a: Latios|Latios, M|100/100
|move|p2a: Director|Stealth Rock|p1a: Latios
|-sidestart|p1: Mrweston|move: Stealth Rock
|
|upkeep
|turn|12
|
|t:|1779561030
|switch|p2a: Collejas|Hydreigon, M|100/100
|move|p1a: Latios|Draco Meteor|p2a: Collejas
|-supereffective|p2a: Collejas
|-damage|p2a: Collejas|0 fnt
|-unboost|p1a: Latios|spa|2
|faint|p2a: Collejas
|
|upkeep
|inactive|el metrallas has 120 seconds left.
|inactive|el metrallas has 90 seconds left.
|inactive|el metrallas has 60 seconds left.
|inactive|el metrallas has 30 seconds left.
|inactive|el metrallas has 20 seconds left.
|inactive|el metrallas has 15 seconds left.
|inactive|el metrallas has 10 seconds left.
|inactive|el metrallas has 5 seconds left.
|-message|el metrallas lost due to inactivity.
|
|win|Mrweston
|raw|Mrweston's rating: 1367 &rarr; <strong>1386</strong><br />(+19 for winning)
|raw|el metrallas's rating: 1348 &rarr; <strong>1329</strong><br />(-19 for losing)
|l|☆el metrallas
|player|p2|
