|j|☆npctypebeat
|j|☆Radko2468
|t:|1779656572
|gametype|singles
|player|p1|npctypebeat|101|1132
|player|p2|Radko2468|n|1150
|gen|9
|tier|[Gen 9] OU
|rated|
|rule|HP Percentage Mod: HP is shown in percentages
|rule|Endless Battle Clause: Forcing endless battles is banned
|rule|Species Clause: Limit one of each Pokémon
|rule|OHKO Clause: OHKO moves are banned
|rule|Evasion Items Clause: Evasion items are banned
|rule|Evasion Moves Clause: Evasion moves are banned
|rule|Evasion Abilities Clause: Evasion abilities are banned
|rule|Sleep Moves Clause: Sleep-inducing moves are banned
|clearpoke
|poke|p1|Gliscor, F|
|poke|p1|Gholdengo|
|poke|p1|Zamazenta-*|
|poke|p1|Blissey, F|
|poke|p1|Skarmory, F|
|poke|p1|Pecharunt|
|poke|p2|Ribombee, M|
|poke|p2|Kingambit, M|
|poke|p2|Dragonite, M|
|poke|p2|Iron Valiant|
|poke|p2|Darkrai|
|poke|p2|Gholdengo|
|teampreview
|c|☆npctypebeat|hf
|
|t:|1779656585
|teamsize|p1|6
|teamsize|p2|6
|start
|switch|p1a: Skarmory|Skarmory, F|100/100
|switch|p2a: Ribombee|Ribombee, M, shiny|100/100
|turn|1
|inactive|Battle timer is ON: inactive players will automatically lose when time's up. (requested by npctypebeat)
|inactive|npctypebeat has 120 seconds left.
|
|t:|1779656640
|move|p2a: Ribombee|Sticky Web|p1a: Skarmory
|-sidestart|p1: npctypebeat|move: Sticky Web
|move|p1a: Skarmory|Spikes|p2a: Ribombee
|-sidestart|p2: Radko2468|Spikes
|
|upkeep
|turn|2
|
|t:|1779656661
|switch|p2a: Dragonite|Dragonite, M|100/100
|move|p1a: Skarmory|Spikes|p2a: Dragonite
|-sidestart|p2: Radko2468|Spikes
|
|upkeep
|turn|3
|
|t:|1779656670
|move|p2a: Dragonite|Fire Punch|p1a: Skarmory
|-supereffective|p1a: Skarmory
|-crit|p1a: Skarmory
|-damage|p1a: Skarmory|44/100
|move|p1a: Skarmory|Spikes|p2a: Dragonite
|-sidestart|p2: Radko2468|Spikes
|
|upkeep
|turn|4
|
|t:|1779656683
|move|p2a: Dragonite|Fire Punch|p1a: Skarmory
|-supereffective|p1a: Skarmory
|-damage|p1a: Skarmory|5/100
|-status|p1a: Skarmory|brn
|move|p1a: Skarmory|Roost|p1a: Skarmory
|-heal|p1a: Skarmory|55/100 brn
|-singleturn|p1a: Skarmory|move: Roost
|
|-damage|p1a: Skarmory|49/100 brn|[from] brn
|upkeep
|turn|5
|
|t:|1779656698
|switch|p1a: Blissey|Blissey, F|100/100
|move|p2a: Dragonite|Fire Punch|p1a: Blissey
|-damage|p1a: Blissey|69/100
|
|upkeep
|turn|6
|
|t:|1779656717
|move|p2a: Dragonite|Dragon Dance|p2a: Dragonite
|-boost|p2a: Dragonite|atk|1
|-boost|p2a: Dragonite|spe|1
|move|p1a: Blissey|Soft-Boiled|p1a: Blissey
|-heal|p1a: Blissey|100/100
|
|upkeep
|turn|7
|
|t:|1779656726
|move|p2a: Dragonite|Dragon Dance|p2a: Dragonite
|-boost|p2a: Dragonite|atk|1
|-boost|p2a: Dragonite|spe|1
|move|p1a: Blissey|Shadow Ball|p2a: Dragonite
|-damage|p2a: Dragonite|93/100
|
|upkeep
|turn|8
|
|t:|1779656734
|switch|p1a: Zamazenta|Zamazenta|100/100
|-ability|p1a: Zamazenta|Dauntless Shield|boost
|-boost|p1a: Zamazenta|def|1
|move|p2a: Dragonite|Dragon Dance|p2a: Dragonite
|-boost|p2a: Dragonite|atk|1
|-boost|p2a: Dragonite|spe|1
|
|upkeep
|turn|9
|
|t:|1779656752
|move|p2a: Dragonite|Fire Punch|p1a: Zamazenta
|-damage|p1a: Zamazenta|54/100
|move|p1a: Zamazenta|Ice Fang|p2a: Dragonite
|-supereffective|p2a: Dragonite
|-damage|p2a: Dragonite|0 fnt
|faint|p2a: Dragonite
|
|upkeep
|
|t:|1779656762
|switch|p2a: Ribombee|Ribombee, M, shiny|100/100
|-damage|p2a: Ribombee|76/100|[from] Spikes
|turn|10
|
|t:|1779656767
|move|p1a: Zamazenta|Heavy Slam|p2a: Ribombee
|-supereffective|p2a: Ribombee
|-damage|p2a: Ribombee|0 fnt
|faint|p2a: Ribombee
|
|upkeep
|
|t:|1779656780
|switch|p2a: Iron Valiant|Iron Valiant|100/100
|-damage|p2a: Iron Valiant|76/100|[from] Spikes
|-enditem|p2a: Iron Valiant|Booster Energy
|-activate|p2a: Iron Valiant|ability: Quark Drive|[fromitem]
|-start|p2a: Iron Valiant|quarkdrivespe
|turn|11
|
|t:|1779656790
|switch|p1a: Gliscor|Gliscor, F|100/100
|move|p2a: Iron Valiant|Moonblast|p1a: Gliscor
|-damage|p1a: Gliscor|60/100
|
|-status|p1a: Gliscor|tox|[from] item: Toxic Orb
|upkeep
|turn|12
|
|t:|1779656800
|move|p1a: Gliscor|Protect|p1a: Gliscor
|-singleturn|p1a: Gliscor|Protect
|move|p2a: Iron Valiant|Moonblast|p1a: Gliscor
|-activate|p1a: Gliscor|move: Protect
|
|-heal|p1a: Gliscor|73/100 tox|[from] ability: Poison Heal
|upkeep
|turn|13
|-message|Radko2468 forfeited.
|
|win|npctypebeat
|raw|npctypebeat's rating: 1142 &rarr; <strong>1168</strong><br />(+26 for winning)
|raw|Radko2468's rating: 1150 &rarr; <strong>1124</strong><br />(-26 for losing)
|l|☆Radko2468
|player|p2|
|c|☆npctypebeat|gg
