|j|☆bug fan5762
|j|☆cligga52
|t:|1779575610
|gametype|singles
|player|p1|bug fan5762|byron|1619
|player|p2|cligga52|skierf-gen4dp|1572
|gen|9
|tier|[Gen 9] OU
|rated|
|rule|HP Percentage Mod: HP is shown in percentages
|rule|Endless Battle Clause: Forcing endless battles is banned
|rule|Species Clause: Limit one of each Pokémon
|rule|OHKO Clause: OHKO moves are banned
|rule|Evasion Items Clause: Evasion items are banned
|rule|Evasion Moves Clause: Evasion moves are banned
|rule|Evasion Abilities Clause: Evasion abilities are banned
|rule|Sleep Moves Clause: Sleep-inducing moves are banned
|clearpoke
|poke|p1|Kingambit, M|
|poke|p1|Regigigas|
|poke|p1|Great Tusk|
|poke|p1|Pecharunt|
|poke|p1|Zoroark-Hisui, M|
|poke|p1|Crawdaunt, F|
|poke|p2|Lokix, M|
|poke|p2|Slowking-Galar, M|
|poke|p2|Landorus-Therian, M|
|poke|p2|Cinderace, M|
|poke|p2|Ogerpon-Wellspring, F|
|poke|p2|Gholdengo|
|teampreview
|inactive|Battle timer is ON: inactive players will automatically lose when time's up. (requested by cligga52)
|
|t:|1779575625
|teamsize|p1|6
|teamsize|p2|6
|start
|switch|p1a: R.E.G.R.E.M.I.X|Regigigas, shiny|100/100
|switch|p2a: Landorus|Landorus-Therian, M|100/100
|-ability|p2a: Landorus|Intimidate|boost
|-unboost|p1a: R.E.G.R.E.M.I.X|atk|1
|-start|p1a: R.E.G.R.E.M.I.X|ability: Slow Start
|turn|1
|
|t:|1779575629
|move|p2a: Landorus|Taunt|p1a: R.E.G.R.E.M.I.X
|-start|p1a: R.E.G.R.E.M.I.X|move: Taunt
|move|p1a: R.E.G.R.E.M.I.X|Hyper Beam|p2a: Landorus
|-damage|p2a: Landorus|7/100
|-mustrecharge|p1a: R.E.G.R.E.M.I.X
|
|upkeep
|turn|2
|
|t:|1779575642
|move|p2a: Landorus|Stealth Rock|p1a: R.E.G.R.E.M.I.X
|-sidestart|p1: bug fan5762|move: Stealth Rock
|cant|p1a: R.E.G.R.E.M.I.X|recharge
|
|upkeep
|turn|3
|
|t:|1779575662
|switch|p1a: Steely Don|Great Tusk|100/100
|move|p2a: Landorus|U-turn|p1a: Steely Don
|-resisted|p1a: Steely Don
|-damage|p1a: Steely Don|94/100
|
|t:|1779575669
|switch|p2a: Ogerpon|Ogerpon-Wellspring, F|100/100|[from] U-turn
|
|upkeep
|turn|4
|
|t:|1779575673
|-end|p1a: Steely Don|Protosynthesis|[silent]
|switch|p1a: Apacherunt|Pecharunt|100/100
|-damage|p1a: Apacherunt|88/100|[from] Stealth Rock
|move|p2a: Ogerpon|Ivy Cudgel|p1a: Apacherunt|[anim] Ivy Cudgel Water
|-damage|p1a: Apacherunt|58/100
|
|-heal|p1a: Apacherunt|64/100|[from] item: Leftovers
|upkeep
|turn|5
|
|t:|1779575682
|switch|p2a: Slowking|Slowking-Galar, M|100/100
|move|p1a: Apacherunt|Recover|p1a: Apacherunt
|-heal|p1a: Apacherunt|100/100
|
|upkeep
|turn|6
|
|t:|1779575688
|move|p1a: Apacherunt|Parting Shot|p2a: Slowking
|-unboost|p2a: Slowking|atk|1
|-unboost|p2a: Slowking|spa|1
|
|t:|1779575690
|switch|p1a: Crawdle of Filth|Crawdaunt, F|100/100|[from] Parting Shot
|-damage|p1a: Crawdle of Filth|88/100|[from] Stealth Rock
|-prepare|p2a: Slowking|Chilly Reception|[premajor]
|move|p2a: Slowking|Chilly Reception|p2a: Slowking
|-weather|Snowscape
|
|t:|1779575693
|switch|p2a: Lokix|Lokix, M|100/100|[from] Chilly Reception
|
|-weather|Snowscape|[upkeep]
|upkeep
|turn|7
|
|t:|1779575697
|switch|p1a: Steely Don|Great Tusk|94/100
|move|p2a: Lokix|First Impression|p1a: Steely Don
|-resisted|p1a: Steely Don
|-damage|p1a: Steely Don|47/100
|
|-weather|Snowscape|[upkeep]
|upkeep
|turn|8
|
|t:|1779575702
|switch|p2a: Gholdengo|Gholdengo|100/100
|-item|p2a: Gholdengo|Air Balloon
|move|p1a: Steely Don|Knock Off|p2a: Gholdengo
|-supereffective|p2a: Gholdengo
|-damage|p2a: Gholdengo|54/100
|-enditem|p2a: Gholdengo|Air Balloon
|
|-weather|Snowscape|[upkeep]
|upkeep
|turn|9
|
|t:|1779575710
|switch|p2a: Lokix|Lokix, M|100/100
|move|p1a: Steely Don|Headlong Rush|p2a: Lokix
|-resisted|p2a: Lokix
|-damage|p2a: Lokix|50/100
|-unboost|p1a: Steely Don|def|1
|-unboost|p1a: Steely Don|spd|1
|
|-weather|Snowscape|[upkeep]
|upkeep
|turn|10
|
|t:|1779575717
|-end|p1a: Steely Don|Protosynthesis|[silent]
|switch|p1a: Apacherunt|Pecharunt|100/100
|-damage|p1a: Apacherunt|88/100|[from] Stealth Rock
|move|p2a: Lokix|First Impression|p1a: Apacherunt
|-resisted|p1a: Apacherunt
|-damage|p1a: Apacherunt|73/100
|
|-weather|none
|-heal|p1a: Apacherunt|79/100|[from] item: Leftovers
|upkeep
|turn|11
|
|t:|1779575723
|switch|p2a: Gholdengo|Gholdengo|54/100
|move|p1a: Apacherunt|Shadow Ball|p2a: Gholdengo
|-supereffective|p2a: Gholdengo
|-damage|p2a: Gholdengo|7/100
|-unboost|p2a: Gholdengo|spd|1
|
|-heal|p1a: Apacherunt|86/100|[from] item: Leftovers
|upkeep
|turn|12
|
|t:|1779575733
|switch|p1a: Irönhead|Kingambit, M|100/100
|-damage|p1a: Irönhead|94/100|[from] Stealth Rock
|move|p2a: Gholdengo|Make It Rain|p1a: Irönhead
|-resisted|p1a: Irönhead
|-crit|p1a: Irönhead
|-damage|p1a: Irönhead|57/100
|-unboost|p2a: Gholdengo|spa|1
|
|upkeep
|turn|13
|
|t:|1779575739
|move|p2a: Gholdengo|Thunder Wave|p1a: Irönhead
|-status|p1a: Irönhead|par
|move|p1a: Irönhead|Stealth Rock|p2a: Gholdengo
|-sidestart|p2: cligga52|move: Stealth Rock
|
|upkeep
|turn|14
|
|t:|1779575744
|move|p2a: Gholdengo|Recover|p2a: Gholdengo
|-heal|p2a: Gholdengo|57/100
|move|p1a: Irönhead|Thief|p2a: Gholdengo
|-supereffective|p2a: Gholdengo
|-damage|p2a: Gholdengo|11/100
|
|upkeep
|turn|15
|
|t:|1779575748
|move|p2a: Gholdengo|Recover|p2a: Gholdengo
|-heal|p2a: Gholdengo|61/100
|move|p1a: Irönhead|Thief|p2a: Gholdengo
|-supereffective|p2a: Gholdengo
|-damage|p2a: Gholdengo|6/100
|
|upkeep
|turn|16
|
|t:|1779575750
|move|p2a: Gholdengo|Recover|p2a: Gholdengo
|-heal|p2a: Gholdengo|56/100
|move|p1a: Irönhead|Thief|p2a: Gholdengo
|-supereffective|p2a: Gholdengo
|-damage|p2a: Gholdengo|10/100
|
|upkeep
|turn|17
|
|t:|1779575752
|move|p2a: Gholdengo|Recover|p2a: Gholdengo
|-heal|p2a: Gholdengo|60/100
|move|p1a: Irönhead|Thief|p2a: Gholdengo
|-supereffective|p2a: Gholdengo
|-damage|p2a: Gholdengo|7/100
|
|upkeep
|turn|18
|
|t:|1779575754
|move|p2a: Gholdengo|Recover|p2a: Gholdengo
|-heal|p2a: Gholdengo|57/100
|cant|p1a: Irönhead|par
|
|upkeep
|turn|19
|
|t:|1779575763
|move|p2a: Gholdengo|Hex|p1a: Irönhead
|-resisted|p1a: Irönhead
|-damage|p1a: Irönhead|38/100 par
|move|p1a: Irönhead|Thief|p2a: Gholdengo
|-supereffective|p2a: Gholdengo
|-damage|p2a: Gholdengo|11/100
|
|upkeep
|turn|20
|
|t:|1779575775
|move|p2a: Gholdengo|Hex|p1a: Irönhead
|-resisted|p1a: Irönhead
|-damage|p1a: Irönhead|21/100 par
|move|p1a: Irönhead|Thief|p2a: Gholdengo
|-supereffective|p2a: Gholdengo
|-damage|p2a: Gholdengo|0 fnt
|faint|p2a: Gholdengo
|
|upkeep
|
|t:|1779575780
|switch|p2a: Ogerpon|Ogerpon-Wellspring, F|100/100
|-damage|p2a: Ogerpon|88/100|[from] Stealth Rock
|turn|21
|
|t:|1779575786
|move|p1a: Irönhead|Sucker Punch||[still]
|-fail|p1a: Irönhead
|move|p2a: Ogerpon|Swords Dance|p2a: Ogerpon
|-boost|p2a: Ogerpon|atk|2
|
|upkeep
|turn|22
|
|t:|1779575792
|move|p2a: Ogerpon|Ivy Cudgel|p1a: Irönhead|[anim] Ivy Cudgel Water
|-damage|p1a: Irönhead|0 fnt
|faint|p1a: Irönhead
|
|upkeep
|
|t:|1779575794
|switch|p1a: Apacherunt|Pecharunt|86/100
|-damage|p1a: Apacherunt|73/100|[from] Stealth Rock
|turn|23
|
|t:|1779575805
|-terastallize|p2a: Ogerpon|Water
|detailschange|p2a: Ogerpon|Ogerpon-Wellspring-Tera, F, tera:Water
|-ability|p2a: Ogerpon|Embody Aspect (Wellspring)|boost
|-boost|p2a: Ogerpon|spd|1
|-terastallize|p1a: Apacherunt|Grass
|move|p2a: Ogerpon|Ivy Cudgel|p1a: Apacherunt|[anim] Ivy Cudgel Water
|-resisted|p1a: Apacherunt
|-damage|p1a: Apacherunt|34/100
|move|p1a: Apacherunt|Toxic|p2a: Ogerpon
|-status|p2a: Ogerpon|tox
|-start|p2a: Ogerpon|confusion|[from] ability: Poison Puppeteer|[of] p1a: Apacherunt
|
|-heal|p1a: Apacherunt|40/100|[from] item: Leftovers
|-damage|p2a: Ogerpon|82/100 tox|[from] psn
|upkeep
|turn|24
|
|t:|1779575830
|switch|p2a: Cinderace|Cinderace, M|100/100
|move|p1a: Apacherunt|Recover|p1a: Apacherunt
|-heal|p1a: Apacherunt|90/100
|
|-heal|p1a: Apacherunt|96/100|[from] item: Leftovers
|upkeep
|turn|25
|
|t:|1779575838
|switch|p1a: Steely Don|Great Tusk|47/100
|move|p2a: Cinderace|Pyro Ball|p1a: Steely Don
|-damage|p1a: Steely Don|13/100
|
|upkeep
|turn|26
|
|t:|1779575846
|move|p2a: Cinderace|Pyro Ball|p1a: Steely Don
|-damage|p1a: Steely Don|0 fnt
|faint|p1a: Steely Don
|-end|p1a: Steely Don|Protosynthesis|[silent]
|
|upkeep
|
|t:|1779575848
|switch|p1a: Crawdle of Filth|Crawdaunt, F|88/100
|-damage|p1a: Crawdle of Filth|76/100|[from] Stealth Rock
|turn|27
|
|t:|1779575851
|switch|p2a: Ogerpon|Ogerpon-Wellspring-Tera, F, tera:Water|82/100 tox
|-damage|p2a: Ogerpon|70/100 tox|[from] Stealth Rock
|-ability|p2a: Ogerpon|Embody Aspect (Wellspring)|boost
|-boost|p2a: Ogerpon|spd|1
|move|p1a: Crawdle of Filth|Aqua Jet|p2a: Ogerpon
|-resisted|p2a: Ogerpon
|-damage|p2a: Ogerpon|46/100 tox
|-damage|p1a: Crawdle of Filth|66/100|[from] item: Life Orb
|
|-damage|p2a: Ogerpon|40/100 tox|[from] psn
|upkeep
|turn|28
|
|t:|1779575858
|switch|p1a: Apacherunt|Pecharunt, tera:Grass|96/100
|-damage|p1a: Apacherunt|84/100|[from] Stealth Rock
|move|p2a: Ogerpon|Power Whip|p1a: Apacherunt
|-resisted|p1a: Apacherunt
|-damage|p1a: Apacherunt|66/100
|
|-heal|p1a: Apacherunt|72/100|[from] item: Leftovers
|-damage|p2a: Ogerpon|28/100 tox|[from] psn
|upkeep
|turn|29
|
|t:|1779575869
|switch|p2a: Slowking|Slowking-Galar, M|100/100
|move|p1a: Apacherunt|Parting Shot|p2a: Slowking
|-unboost|p2a: Slowking|atk|1
|-unboost|p2a: Slowking|spa|1
|
|t:|1779575870
|switch|p1a: Crawdle of Filth|Crawdaunt, F|66/100|[from] Parting Shot
|-damage|p1a: Crawdle of Filth|54/100|[from] Stealth Rock
|
|upkeep
|turn|30
|
|t:|1779575888
|switch|p2a: Landorus|Landorus-Therian, M|7/100
|-damage|p2a: Landorus|0 fnt|[from] Stealth Rock
|faint|p2a: Landorus
|move|p1a: Crawdle of Filth|Knock Off|p2: Landorus|[notarget]
|-fail|p1a: Crawdle of Filth
|
|upkeep
|inactive|cligga52 has 120 seconds left.
|
|t:|1779575918
|switch|p2a: Ogerpon|Ogerpon-Wellspring-Tera, F, tera:Water|28/100 tox
|-damage|p2a: Ogerpon|16/100 tox|[from] Stealth Rock
|-ability|p2a: Ogerpon|Embody Aspect (Wellspring)|boost
|-boost|p2a: Ogerpon|spd|1
|turn|31
|
|t:|1779575930
|move|p1a: Crawdle of Filth|Aqua Jet|p2a: Ogerpon
|-resisted|p2a: Ogerpon
|-damage|p2a: Ogerpon|0 fnt
|faint|p2a: Ogerpon
|detailschange|p2: Ogerpon|Ogerpon-Wellspring, F|[silent]
|-damage|p1a: Crawdle of Filth|44/100|[from] item: Life Orb
|
|upkeep
|-message|cligga52 forfeited.
|
|win|bug fan5762
|raw|bug fan5762's rating: 1619 &rarr; <strong>1636</strong><br />(+17 for winning)
|raw|cligga52's rating: 1572 &rarr; <strong>1555</strong><br />(-17 for losing)
|l|☆cligga52
|player|p2|
|l|☆bug fan5762
|player|p1|
