|j|☆mine3time
|j|☆Iker69420
|t:|1779693027
|gametype|singles
|player|p1|mine3time|265|1149
|player|p2|Iker69420|170|1158
|gen|9
|tier|[Gen 9] OU
|rated|
|rule|HP Percentage Mod: HP is shown in percentages
|rule|Endless Battle Clause: Forcing endless battles is banned
|rule|Species Clause: Limit one of each Pokémon
|rule|OHKO Clause: OHKO moves are banned
|rule|Evasion Items Clause: Evasion items are banned
|rule|Evasion Moves Clause: Evasion moves are banned
|rule|Evasion Abilities Clause: Evasion abilities are banned
|rule|Sleep Moves Clause: Sleep-inducing moves are banned
|clearpoke
|poke|p1|Primeape, F|
|poke|p1|Arcanine-Hisui, M|
|poke|p1|Clawitzer, F|
|poke|p1|Electrode-Hisui|
|poke|p1|Zangoose, M|
|poke|p1|Malamar, M|
|poke|p2|Torkoal, M|
|poke|p2|Walking Wake|
|poke|p2|Great Tusk|
|poke|p2|Ceruledge, F|
|poke|p2|Dragapult, F|
|poke|p2|Raging Bolt|
|teampreview
|
|t:|1779693040
|teamsize|p1|6
|teamsize|p2|6
|start
|switch|p1a: Electrode|Electrode-Hisui, shiny|100/100
|switch|p2a: Torkoal|Torkoal, M|100/100
|-weather|SunnyDay|[from] ability: Drought|[of] p2a: Torkoal
|turn|1
|
|t:|1779693051
|move|p1a: Electrode|Leech Seed|p2a: Torkoal
|-start|p2a: Torkoal|move: Leech Seed
|move|p2a: Torkoal|Stealth Rock|p1a: Electrode
|-sidestart|p1: mine3time|move: Stealth Rock
|
|-weather|SunnyDay|[upkeep]
|-damage|p2a: Torkoal|88/100|[from] Leech Seed|[of] p1a: Electrode
|upkeep
|turn|2
|
|t:|1779693066
|move|p1a: Electrode|Electro Ball|p2a: Torkoal
|-damage|p2a: Torkoal|6/100
|move|p2a: Torkoal|Rapid Spin|p1a: Electrode
|-crit|p1a: Electrode
|-damage|p1a: Electrode|73/100
|-boost|p2a: Torkoal|spe|1
|-damage|p2a: Torkoal|0 fnt|[from] item: Rocky Helmet|[of] p1a: Electrode
|faint|p2a: Torkoal
|
|-weather|SunnyDay|[upkeep]
|upkeep
|
|t:|1779693095
|switch|p2a: Raging Bolt|Raging Bolt|100/100
|-item|p2a: Raging Bolt|Air Balloon
|-activate|p2a: Raging Bolt|ability: Protosynthesis
|-start|p2a: Raging Bolt|protosynthesisspa
|turn|3
|inactive|Battle timer is ON: inactive players will automatically lose when time's up. (requested by mine3time)
|
|t:|1779693113
|move|p1a: Electrode|Leech Seed|p2a: Raging Bolt
|-start|p2a: Raging Bolt|move: Leech Seed
|move|p2a: Raging Bolt|Draco Meteor|p1a: Electrode
|-damage|p1a: Electrode|0 fnt
|-unboost|p2a: Raging Bolt|spa|2
|faint|p1a: Electrode
|
|-weather|SunnyDay|[upkeep]
|upkeep
|
|t:|1779693133
|switch|p1a: Zangoose|Zangoose, M, shiny|100/100
|-damage|p1a: Zangoose|88/100|[from] Stealth Rock
|turn|4
|
|t:|1779693139
|-end|p2a: Raging Bolt|Protosynthesis|[silent]
|switch|p2a: Great Tusk|Great Tusk|100/100
|-activate|p2a: Great Tusk|ability: Protosynthesis
|-start|p2a: Great Tusk|protosynthesisatk
|move|p1a: Zangoose|Swords Dance|p1a: Zangoose
|-boost|p1a: Zangoose|atk|2
|
|-weather|SunnyDay|[upkeep]
|-status|p1a: Zangoose|tox|[from] item: Toxic Orb
|upkeep
|turn|5
|
|t:|1779693150
|-terastallize|p1a: Zangoose|Ghost
|move|p1a: Zangoose|Facade|p2a: Great Tusk
|-damage|p2a: Great Tusk|0 fnt
|faint|p2a: Great Tusk
|-end|p2a: Great Tusk|Protosynthesis|[silent]
|
|-weather|SunnyDay|[upkeep]
|-damage|p1a: Zangoose|82/100 tox|[from] psn
|upkeep
|
|t:|1779693156
|switch|p2a: Walking Wake|Walking Wake|100/100
|-activate|p2a: Walking Wake|ability: Protosynthesis
|-start|p2a: Walking Wake|protosynthesisspe
|turn|6
|
|t:|1779693168
|move|p2a: Walking Wake|Hydro Steam|p1a: Zangoose
|-damage|p1a: Zangoose|0 fnt
|faint|p1a: Zangoose
|
|-weather|SunnyDay|[upkeep]
|upkeep
|
|t:|1779693177
|switch|p1a: Primeape|Primeape, F, shiny|100/100
|-damage|p1a: Primeape|95/100|[from] Stealth Rock
|turn|7
|
|t:|1779693184
|-terastallize|p2a: Walking Wake|Water
|move|p2a: Walking Wake|Hydro Steam|p1a: Primeape
|-damage|p1a: Primeape|0 fnt
|faint|p1a: Primeape
|
|-weather|SunnyDay|[upkeep]
|upkeep
|
|t:|1779693194
|switch|p1a: Clawitzer|Clawitzer, F|100/100
|-damage|p1a: Clawitzer|88/100|[from] Stealth Rock
|turn|8
|
|t:|1779693209
|move|p2a: Walking Wake|Hydro Steam|p1a: Clawitzer
|-resisted|p1a: Clawitzer
|-damage|p1a: Clawitzer|2/100
|move|p1a: Clawitzer|Dragon Pulse|p2a: Walking Wake
|-damage|p2a: Walking Wake|18/100
|
|-weather|none
|-end|p2a: Walking Wake|Protosynthesis
|upkeep
|turn|9
|
|t:|1779693219
|move|p2a: Walking Wake|Hydro Steam|p1a: Clawitzer
|-resisted|p1a: Clawitzer
|-damage|p1a: Clawitzer|0 fnt
|faint|p1a: Clawitzer
|
|upkeep
|
|t:|1779693224
|switch|p1a: Malamar|Malamar, M, shiny|100/100
|-damage|p1a: Malamar|88/100|[from] Stealth Rock
|turn|10
|
|t:|1779693229
|move|p2a: Walking Wake|Hydro Steam|p1a: Malamar
|-damage|p1a: Malamar|22/100
|move|p1a: Malamar|Superpower|p2a: Walking Wake
|-damage|p2a: Walking Wake|0 fnt
|-boost|p1a: Malamar|atk|1
|-boost|p1a: Malamar|def|1
|faint|p2a: Walking Wake
|-end|p2a: Walking Wake|Protosynthesis|[silent]
|
|upkeep
|
|t:|1779693242
|switch|p2a: Ceruledge|Ceruledge, F|100/100
|turn|11
|
|t:|1779693253
|move|p2a: Ceruledge|Swords Dance|p2a: Ceruledge
|-boost|p2a: Ceruledge|atk|2
|move|p1a: Malamar|Knock Off|p2a: Ceruledge
|-supereffective|p2a: Ceruledge
|-enditem|p2a: Ceruledge|Focus Sash
|-damage|p2a: Ceruledge|1/100
|-ability|p2a: Ceruledge|Weak Armor|boost
|-unboost|p2a: Ceruledge|def|1
|-boost|p2a: Ceruledge|spe|2
|
|upkeep
|turn|12
|
|t:|1779693272
|move|p2a: Ceruledge|Close Combat|p1a: Malamar
|-damage|p1a: Malamar|0 fnt
|-unboost|p2a: Ceruledge|def|1
|-unboost|p2a: Ceruledge|spd|1
|faint|p1a: Malamar
|
|upkeep
|
|t:|1779693277
|switch|p1a: Arcanine|Arcanine-Hisui, M, shiny|100/100
|-damage|p1a: Arcanine|76/100|[from] Stealth Rock
|-ability|p1a: Arcanine|Intimidate|boost
|-unboost|p2a: Ceruledge|atk|1
|turn|13
|
|t:|1779693287
|move|p2a: Ceruledge|Close Combat|p1a: Arcanine
|-supereffective|p1a: Arcanine
|-damage|p1a: Arcanine|0 fnt
|-unboost|p2a: Ceruledge|def|1
|-unboost|p2a: Ceruledge|spd|1
|faint|p1a: Arcanine
|
|win|Iker69420
|raw|mine3time's rating: 1149 &rarr; <strong>1125</strong><br />(-24 for losing)
|raw|Iker69420's rating: 1158 &rarr; <strong>1182</strong><br />(+24 for winning)
|l|☆mine3time
|player|p1|
|l|☆Iker69420
|player|p2|
