|j|☆davidr338
|j|☆ImOuTtT
|t:|1779642100
|gametype|singles
|player|p1|davidr338|li|1010
|player|p2|ImOuTtT|1|1066
|gen|9
|tier|[Gen 9] OU
|rated|
|rule|HP Percentage Mod: HP is shown in percentages
|rule|Endless Battle Clause: Forcing endless battles is banned
|rule|Species Clause: Limit one of each Pokémon
|rule|OHKO Clause: OHKO moves are banned
|rule|Evasion Items Clause: Evasion items are banned
|rule|Evasion Moves Clause: Evasion moves are banned
|rule|Evasion Abilities Clause: Evasion abilities are banned
|rule|Sleep Moves Clause: Sleep-inducing moves are banned
|clearpoke
|poke|p1|Serperior, F|
|poke|p1|Clefable, F|
|poke|p1|Whimsicott, F|
|poke|p1|Garganacl, F|
|poke|p1|Glimmora, M|
|poke|p1|Kingambit, F|
|poke|p2|Cinderace, M|
|poke|p2|Great Tusk|
|poke|p2|Iron Moth|
|poke|p2|Serperior, M|
|poke|p2|Ribombee, M|
|poke|p2|Eelektross, M|
|teampreview
|
|t:|1779642109
|teamsize|p1|6
|teamsize|p2|6
|start
|switch|p1a: Glimmora|Glimmora, M|100/100
|switch|p2a: Ribombee|Ribombee, M|100/100
|turn|1
|
|t:|1779642115
|move|p2a: Ribombee|Sticky Web|p1a: Glimmora
|-sidestart|p1: davidr338|move: Sticky Web
|move|p1a: Glimmora|Sludge Bomb|p2a: Ribombee
|-supereffective|p2a: Ribombee
|-crit|p2a: Ribombee
|-enditem|p2a: Ribombee|Focus Sash
|-damage|p2a: Ribombee|1/100
|
|upkeep
|turn|2
|
|t:|1779642123
|move|p2a: Ribombee|Psychic|p1a: Glimmora
|-supereffective|p1a: Glimmora
|-damage|p1a: Glimmora|42/100
|move|p1a: Glimmora|Spikes|p2a: Ribombee
|-sidestart|p2: ImOuTtT|Spikes
|
|upkeep
|turn|3
|
|t:|1779642130
|move|p1a: Glimmora|Spiky Shield|p1a: Glimmora
|-singleturn|p1a: Glimmora|move: Protect
|move|p2a: Ribombee|Psychic|p1a: Glimmora
|-activate|p1a: Glimmora|move: Protect
|
|upkeep
|turn|4
|
|t:|1779642136
|switch|p1a: Kingambit|Kingambit, F|100/100
|-activate|p1a: Kingambit|move: Sticky Web
|-unboost|p1a: Kingambit|spe|1
|move|p2a: Ribombee|Psychic|p1a: Kingambit
|-immune|p1a: Kingambit
|
|upkeep
|turn|5
|
|t:|1779642147
|move|p2a: Ribombee|Moonblast|p1a: Kingambit
|-damage|p1a: Kingambit|56/100
|-unboost|p1a: Kingambit|spa|1
|move|p1a: Kingambit|Kowtow Cleave|p2a: Ribombee
|-resisted|p2a: Ribombee
|-damage|p2a: Ribombee|0 fnt
|faint|p2a: Ribombee
|
|upkeep
|
|t:|1779642169
|switch|p2a: Cinderace|Cinderace, M|100/100
|-damage|p2a: Cinderace|88/100|[from] Spikes
|turn|6
|
|t:|1779642179
|-end|p1a: Kingambit|fallenundefined|[silent]
|switch|p1a: Clefable|Clefable, F|100/100
|-activate|p1a: Clefable|move: Sticky Web
|-unboost|p1a: Clefable|spe|1
|move|p2a: Cinderace|Pyro Ball|p1a: Clefable
|-damage|p1a: Clefable|36/100
|
|-heal|p1a: Clefable|42/100|[from] item: Leftovers
|upkeep
|turn|7
|
|t:|1779642188
|move|p2a: Cinderace|Pyro Ball|p1a: Clefable
|-damage|p1a: Clefable|0 fnt
|faint|p1a: Clefable
|
|upkeep
|
|t:|1779642200
|switch|p1a: Garganacl|Garganacl, F|100/100
|-activate|p1a: Garganacl|move: Sticky Web
|-unboost|p1a: Garganacl|spe|1
|turn|8
|
|t:|1779642205
|move|p2a: Cinderace|High Jump Kick|p1a: Garganacl
|-start|p2a: Cinderace|typechange|Fighting|[from] ability: Libero
|-supereffective|p1a: Garganacl
|-damage|p1a: Garganacl|35/100
|move|p1a: Garganacl|Salt Cure|p2a: Cinderace
|-resisted|p2a: Cinderace
|-damage|p2a: Cinderace|76/100
|-start|p2a: Cinderace|Salt Cure
|-damage|p1a: Garganacl|25/100|[from] item: Life Orb
|
|-damage|p2a: Cinderace|63/100|[from] Salt Cure
|upkeep
|turn|9
|
|t:|1779642219
|switch|p1a: Whimsicott|Whimsicott, F|100/100
|-activate|p1a: Whimsicott|move: Sticky Web
|-unboost|p1a: Whimsicott|spe|1
|move|p2a: Cinderace|High Jump Kick|p1a: Whimsicott
|-resisted|p1a: Whimsicott
|-damage|p1a: Whimsicott|63/100
|-damage|p2a: Cinderace|47/100|[from] item: Rocky Helmet|[of] p1a: Whimsicott
|
|-damage|p2a: Cinderace|35/100|[from] Salt Cure
|upkeep
|turn|10
|
|t:|1779642233
|move|p2a: Cinderace|Pyro Ball|p1a: Whimsicott
|-supereffective|p1a: Whimsicott
|-damage|p1a: Whimsicott|0 fnt
|faint|p1a: Whimsicott
|
|-damage|p2a: Cinderace|22/100|[from] Salt Cure
|upkeep
|
|t:|1779642242
|switch|p1a: Kingambit|Kingambit, F|56/100
|-activate|p1a: Kingambit|move: Sticky Web
|-unboost|p1a: Kingambit|spe|1
|-activate|p1a: Kingambit|ability: Supreme Overlord
|-start|p1a: Kingambit|fallen2|[silent]
|turn|11
|
|t:|1779642251
|move|p1a: Kingambit|Sucker Punch|p2a: Cinderace
|-resisted|p2a: Cinderace
|-damage|p2a: Cinderace|0 fnt
|faint|p2a: Cinderace
|
|upkeep
|
|t:|1779642261
|switch|p2a: Eelektross|Eelektross, M|100/100
|turn|12
|
|t:|1779642265
|-end|p1a: Kingambit|fallen2|[silent]
|switch|p1a: Glimmora|Glimmora, M|42/100
|-activate|p1a: Glimmora|move: Sticky Web
|-unboost|p1a: Glimmora|spe|1
|move|p2a: Eelektross|Flamethrower|p1a: Glimmora
|-resisted|p1a: Glimmora
|-damage|p1a: Glimmora|25/100
|
|upkeep
|turn|13
|
|t:|1779642276
|move|p1a: Glimmora|Protect|p1a: Glimmora
|-singleturn|p1a: Glimmora|Protect
|move|p2a: Eelektross|Giga Drain|p1a: Glimmora
|-activate|p1a: Glimmora|move: Protect
|
|upkeep
|turn|14
|
|t:|1779642282
|move|p1a: Glimmora|Sludge Bomb|p2a: Eelektross
|-damage|p2a: Eelektross|59/100
|move|p2a: Eelektross|Giga Drain|p1a: Glimmora
|-damage|p1a: Glimmora|0 fnt
|-heal|p2a: Eelektross|73/100|[from] drain|[of] p1a: Glimmora
|faint|p1a: Glimmora
|
|-heal|p2a: Eelektross|80/100|[from] item: Leftovers
|upkeep
|
|t:|1779642292
|switch|p1a: Garganacl|Garganacl, F|25/100
|-activate|p1a: Garganacl|move: Sticky Web
|-unboost|p1a: Garganacl|spe|1
|turn|15
|
|t:|1779642296
|move|p2a: Eelektross|Giga Drain|p1a: Garganacl
|-supereffective|p1a: Garganacl
|-damage|p1a: Garganacl|0 fnt
|-heal|p2a: Eelektross|95/100|[from] drain|[of] p1a: Garganacl
|faint|p1a: Garganacl
|
|-heal|p2a: Eelektross|100/100|[from] item: Leftovers
|upkeep
|
|t:|1779642303
|switch|p1a: Serperior|Serperior, F|100/100
|-activate|p1a: Serperior|move: Sticky Web
|-boost|p1a: Serperior|spe|1
|turn|16
|
|t:|1779642308
|move|p1a: Serperior|Substitute|p1a: Serperior
|-start|p1a: Serperior|Substitute
|-damage|p1a: Serperior|76/100
|move|p2a: Eelektross|Flamethrower|p1a: Serperior
|-supereffective|p1a: Serperior
|-end|p1a: Serperior|Substitute
|
|-heal|p1a: Serperior|82/100|[from] item: Leftovers
|upkeep
|turn|17
|
|t:|1779642317
|move|p1a: Serperior|Leaf Storm|p2a: Eelektross
|-damage|p2a: Eelektross|56/100
|-boost|p1a: Serperior|spa|2
|move|p2a: Eelektross|Flamethrower|p1a: Serperior
|-supereffective|p1a: Serperior
|-damage|p1a: Serperior|17/100
|
|-heal|p1a: Serperior|23/100|[from] item: Leftovers
|-heal|p2a: Eelektross|62/100|[from] item: Leftovers
|upkeep
|turn|18
|
|t:|1779642329
|move|p1a: Serperior|Leaf Storm|p2a: Eelektross
|-damage|p2a: Eelektross|0 fnt
|-boost|p1a: Serperior|spa|2
|faint|p2a: Eelektross
|
|-heal|p1a: Serperior|29/100|[from] item: Leftovers
|upkeep
|
|t:|1779642337
|switch|p2a: Iron Moth|Iron Moth|100/100
|-damage|p2a: Iron Moth|88/100|[from] Spikes
|-enditem|p2a: Iron Moth|Booster Energy
|-activate|p2a: Iron Moth|ability: Quark Drive|[fromitem]
|-start|p2a: Iron Moth|quarkdrivespa
|turn|19
|
|t:|1779642352
|move|p1a: Serperior|Leaf Storm|p2a: Iron Moth
|-resisted|p2a: Iron Moth
|-damage|p2a: Iron Moth|61/100
|-boost|p1a: Serperior|spa|2
|move|p2a: Iron Moth|Fiery Dance|p1a: Serperior
|-supereffective|p1a: Serperior
|-damage|p1a: Serperior|0 fnt
|faint|p1a: Serperior
|
|upkeep
|
|t:|1779642360
|switch|p1a: Kingambit|Kingambit, F|56/100
|-activate|p1a: Kingambit|move: Sticky Web
|-unboost|p1a: Kingambit|spe|1
|-activate|p1a: Kingambit|ability: Supreme Overlord
|-start|p1a: Kingambit|fallen5|[silent]
|turn|20
|
|t:|1779642368
|move|p1a: Kingambit|Sucker Punch|p2a: Iron Moth
|-damage|p2a: Iron Moth|0 fnt
|faint|p2a: Iron Moth
|-end|p2a: Iron Moth|Quark Drive|[silent]
|
|upkeep
|
|t:|1779642373
|switch|p2a: Great Tusk|Great Tusk|100/100
|-damage|p2a: Great Tusk|88/100|[from] Spikes
|-enditem|p2a: Great Tusk|Booster Energy
|-activate|p2a: Great Tusk|ability: Protosynthesis|[fromitem]
|-start|p2a: Great Tusk|protosynthesisatk
|turn|21
|
|t:|1779642393
|-terastallize|p2a: Great Tusk|Steel
|move|p1a: Kingambit|Sucker Punch|p2a: Great Tusk
|-damage|p2a: Great Tusk|39/100
|move|p2a: Great Tusk|Earthquake|p1a: Kingambit
|-supereffective|p1a: Kingambit
|-damage|p1a: Kingambit|0 fnt
|faint|p1a: Kingambit
|-end|p1a: Kingambit|fallen5|[silent]
|
|win|ImOuTtT
|raw|davidr338's rating: 1010 &rarr; <strong>1000</strong><br />(-10 for losing)
|raw|ImOuTtT's rating: 1066 &rarr; <strong>1091</strong><br />(+25 for winning)
|l|☆davidr338
|player|p1|
|c|☆ImOuTtT|Gg
