|j|☆CIodSuspectTest
|j|☆CakNoel
|t:|1779681536
|gametype|singles
|player|p1|CIodSuspectTest|169|1450
|player|p2|CakNoel|hoopster|1498
|gen|9
|tier|[Gen 9] OU
|rated|
|rule|HP Percentage Mod: HP is shown in percentages
|rule|Endless Battle Clause: Forcing endless battles is banned
|rule|Species Clause: Limit one of each Pokémon
|rule|OHKO Clause: OHKO moves are banned
|rule|Evasion Items Clause: Evasion items are banned
|rule|Evasion Moves Clause: Evasion moves are banned
|rule|Evasion Abilities Clause: Evasion abilities are banned
|rule|Sleep Moves Clause: Sleep-inducing moves are banned
|clearpoke
|poke|p1|Zoroark-Hisui, M|
|poke|p1|Zamazenta-*|
|poke|p1|Clodsire, F|
|poke|p1|Ogerpon-Wellspring, F|
|poke|p1|Cinderace, M|
|poke|p1|Deoxys-Speed|
|poke|p2|Tyranitar, F|
|poke|p2|Excadrill, F|
|poke|p2|Kingambit, M|
|poke|p2|Alomomola, M|
|poke|p2|Raging Bolt|
|poke|p2|Moltres|
|teampreview
|
|t:|1779681545
|teamsize|p1|6
|teamsize|p2|6
|start
|switch|p1a: Ogerpon|Ogerpon-Wellspring, F|100/100
|switch|p2a: Tyranitar|Tyranitar, F|100/100
|-weather|Sandstorm|[from] ability: Sand Stream|[of] p2a: Tyranitar
|turn|1
|inactive|Battle timer is ON: inactive players will automatically lose when time's up. (requested by CakNoel)
|
|t:|1779681553
|switch|p2a: Raging Bolt|Raging Bolt|100/100
|move|p1a: Ogerpon|Horn Leech|p2a: Raging Bolt
|-resisted|p2a: Raging Bolt
|-damage|p2a: Raging Bolt|81/100
|
|-weather|Sandstorm|[upkeep]
|-damage|p1a: Ogerpon|95/100|[from] Sandstorm
|-damage|p2a: Raging Bolt|75/100|[from] Sandstorm
|-heal|p2a: Raging Bolt|81/100|[from] item: Leftovers
|upkeep
|turn|2
|
|t:|1779681565
|switch|p1a: Clodsire|Clodsire, F|100/100
|move|p2a: Raging Bolt|Draco Meteor|p1a: Clodsire
|-damage|p1a: Clodsire|59/100
|-unboost|p2a: Raging Bolt|spa|2
|
|-weather|Sandstorm|[upkeep]
|-damage|p2a: Raging Bolt|75/100|[from] Sandstorm
|-heal|p2a: Raging Bolt|81/100|[from] item: Leftovers
|-heal|p1a: Clodsire|65/100|[from] item: Leftovers
|upkeep
|turn|3
|
|t:|1779681576
|-end|p2a: Raging Bolt|Protosynthesis|[silent]
|switch|p2a: Alomomola|Alomomola, M|100/100
|move|p1a: Clodsire|Toxic Spikes|p2a: Alomomola
|-sidestart|p2: CakNoel|move: Toxic Spikes
|
|-weather|Sandstorm|[upkeep]
|-damage|p2a: Alomomola|94/100|[from] Sandstorm
|-heal|p1a: Clodsire|71/100|[from] item: Leftovers
|upkeep
|turn|4
|
|t:|1779681585
|switch|p2a: Moltres|Moltres|100/100
|move|p1a: Clodsire|Toxic Spikes|p2a: Moltres
|-sidestart|p2: CakNoel|move: Toxic Spikes
|
|-weather|Sandstorm|[upkeep]
|-damage|p2a: Moltres|94/100|[from] Sandstorm
|-heal|p1a: Clodsire|78/100|[from] item: Leftovers
|upkeep
|turn|5
|
|t:|1779681591
|move|p2a: Moltres|Will-O-Wisp|p1a: Clodsire
|-status|p1a: Clodsire|brn
|move|p1a: Clodsire|Toxic|p2a: Moltres
|-status|p2a: Moltres|tox
|
|-weather|Sandstorm|[upkeep]
|-damage|p2a: Moltres|88/100 tox|[from] Sandstorm
|-heal|p1a: Clodsire|84/100 brn|[from] item: Leftovers
|-damage|p2a: Moltres|82/100 tox|[from] psn
|-damage|p1a: Clodsire|78/100 brn|[from] brn
|upkeep
|turn|6
|
|t:|1779681605
|switch|p2a: Excadrill|Excadrill, F|100/100
|move|p1a: Clodsire|Earthquake|p2a: Excadrill
|-supereffective|p2a: Excadrill
|-damage|p2a: Excadrill|64/100
|
|-weather|Sandstorm|[upkeep]
|-heal|p1a: Clodsire|84/100 brn|[from] item: Leftovers
|-damage|p1a: Clodsire|78/100 brn|[from] brn
|upkeep
|turn|7
|
|t:|1779681614
|switch|p1a: Ogerpon|Ogerpon-Wellspring, F|100/100
|-item|p1a: Ogerpon|Air Balloon
|move|p2a: Excadrill|Rapid Spin|p1a: Ogerpon
|-immune|p1a: Ogerpon
|
|-weather|Sandstorm|[upkeep]
|-damage|p1a: Ogerpon|95/100|[from] Sandstorm
|upkeep
|turn|8
|
|t:|1779681623
|switch|p2a: Alomomola|Alomomola, M|100/100
|-status|p2a: Alomomola|tox
|move|p1a: Ogerpon|Protect||[still]
|-fail|p1a: Ogerpon
|
|-weather|none
|-damage|p2a: Alomomola|94/100 tox|[from] psn
|upkeep
|turn|9
|
|t:|1779681642
|switch|p1a: Ogerpon|Ogerpon-Wellspring, F|95/100
|move|p2a: Alomomola|Wish|p2a: Alomomola
|
|-damage|p2a: Alomomola|82/100 tox|[from] psn
|upkeep
|turn|10
|
|t:|1779681650
|switch|p2a: Moltres|Moltres|82/100 tox
|-terastallize|p1a: Ogerpon|Water
|detailschange|p1a: Ogerpon|Ogerpon-Wellspring-Tera, F, tera:Water
|-ability|p1a: Ogerpon|Embody Aspect (Wellspring)|boost
|-boost|p1a: Ogerpon|spd|1
|move|p1a: Ogerpon|Ivy Cudgel|p2a: Moltres|[anim] Ivy Cudgel Water
|-supereffective|p2a: Moltres
|-damage|p2a: Moltres|0 fnt
|faint|p2a: Moltres
|
|upkeep
|inactive|CakNoel has 120 seconds left.
|
|t:|1779681687
|switch|p2a: Raging Bolt|Raging Bolt|81/100
|-status|p2a: Raging Bolt|tox
|turn|11
|
|t:|1779681690
|switch|p1a: Clodsire|Clodsire, F|78/100 brn
|move|p2a: Raging Bolt|Draco Meteor|p1a: Clodsire
|-damage|p1a: Clodsire|34/100 brn
|-unboost|p2a: Raging Bolt|spa|2
|
|-heal|p2a: Raging Bolt|87/100 tox|[from] item: Leftovers
|-heal|p1a: Clodsire|40/100 brn|[from] item: Leftovers
|-damage|p2a: Raging Bolt|81/100 tox|[from] psn
|-damage|p1a: Clodsire|34/100 brn|[from] brn
|upkeep
|turn|12
|
|t:|1779681697
|move|p2a: Raging Bolt|Draco Meteor|p1a: Clodsire
|-damage|p1a: Clodsire|0 fnt
|-unboost|p2a: Raging Bolt|spa|2
|faint|p1a: Clodsire
|
|-heal|p2a: Raging Bolt|87/100 tox|[from] item: Leftovers
|-damage|p2a: Raging Bolt|75/100 tox|[from] psn
|upkeep
|
|t:|1779681704
|switch|p1a: Deoxys|Deoxys-Speed|95/100
|-item|p1a: Deoxys|Air Balloon
|turn|13
|inactive|CakNoel has 120 seconds left.
|
|t:|1779681745
|-end|p2a: Raging Bolt|Protosynthesis|[silent]
|switch|p2a: Tyranitar|Tyranitar, F|100/100
|-status|p2a: Tyranitar|tox
|-weather|Sandstorm|[from] ability: Sand Stream|[of] p2a: Tyranitar
|move|p1a: Deoxys|Will-O-Wisp||[still]
|-fail|p1a: Deoxys
|
|-weather|Sandstorm|[upkeep]
|-damage|p1a: Deoxys|89/100|[from] Sandstorm
|-damage|p2a: Tyranitar|94/100 tox|[from] psn
|upkeep
|turn|14
|
|t:|1779681753
|switch|p1a: Ogerpon|Ogerpon-Wellspring-Tera, F, tera:Water|95/100
|-ability|p1a: Ogerpon|Embody Aspect (Wellspring)|boost
|-boost|p1a: Ogerpon|spd|1
|move|p2a: Tyranitar|Thunder Wave|p1a: Ogerpon|[miss]
|-miss|p2a: Tyranitar|p1a: Ogerpon
|
|-weather|Sandstorm|[upkeep]
|-damage|p1a: Ogerpon|89/100|[from] Sandstorm
|-damage|p2a: Tyranitar|82/100 tox|[from] psn
|upkeep
|turn|15
|
|t:|1779681763
|switch|p2a: Raging Bolt|Raging Bolt|75/100 tox
|move|p1a: Ogerpon|Horn Leech|p2a: Raging Bolt
|-resisted|p2a: Raging Bolt
|-crit|p2a: Raging Bolt
|-damage|p2a: Raging Bolt|46/100 tox
|-heal|p1a: Ogerpon|100/100|[from] drain|[of] p2a: Raging Bolt
|
|-weather|Sandstorm|[upkeep]
|-damage|p1a: Ogerpon|95/100|[from] Sandstorm
|-damage|p2a: Raging Bolt|40/100 tox|[from] Sandstorm
|-heal|p2a: Raging Bolt|46/100 tox|[from] item: Leftovers
|-damage|p2a: Raging Bolt|40/100 tox|[from] psn
|upkeep
|turn|16
|
|t:|1779681776
|move|p1a: Ogerpon|Ivy Cudgel|p2a: Raging Bolt|[anim] Ivy Cudgel Water
|-resisted|p2a: Raging Bolt
|-damage|p2a: Raging Bolt|2/100 tox
|move|p2a: Raging Bolt|Thunderbolt|p1a: Ogerpon
|-supereffective|p1a: Ogerpon
|-damage|p1a: Ogerpon|16/100
|
|-weather|Sandstorm|[upkeep]
|-damage|p1a: Ogerpon|10/100|[from] Sandstorm
|-damage|p2a: Raging Bolt|0 fnt|[from] Sandstorm
|faint|p2a: Raging Bolt
|-end|p2a: Raging Bolt|Protosynthesis|[silent]
|upkeep
|
|t:|1779681785
|switch|p2a: Excadrill|Excadrill, F|64/100
|turn|17
|
|t:|1779681793
|switch|p1a: Deoxys|Deoxys-Speed|89/100
|-item|p1a: Deoxys|Air Balloon
|move|p2a: Excadrill|Rock Slide|p1a: Deoxys
|-crit|p1a: Deoxys
|-damage|p1a: Deoxys|0 fnt
|replace|p1a: Zoroark|Zoroark-Hisui, M, shiny
|-end|p1a: Zoroark|Illusion
|-enditem|p1a: Zoroark|Air Balloon
|faint|p1a: Zoroark
|-damage|p2a: Excadrill|54/100|[from] item: Life Orb
|
|-weather|Sandstorm|[upkeep]
|upkeep
|
|t:|1779681796
|switch|p1a: Deoxys|Deoxys-Speed|100/100
|-ability|p1a: Deoxys|Pressure
|turn|18
|
|t:|1779681804
|switch|p2a: Tyranitar|Tyranitar, F|82/100 tox
|move|p1a: Deoxys|Protect||[still]
|-fail|p1a: Deoxys
|
|-weather|Sandstorm|[upkeep]
|-damage|p1a: Deoxys|94/100|[from] Sandstorm
|-damage|p2a: Tyranitar|76/100 tox|[from] psn
|upkeep
|turn|19
|
|t:|1779681810
|move|p1a: Deoxys|Spikes|p2a: Tyranitar
|-sidestart|p2: CakNoel|Spikes
|move|p2a: Tyranitar|Stealth Rock|p1a: Deoxys
|-sidestart|p1: CIodSuspectTest|move: Stealth Rock
|
|-weather|Sandstorm|[upkeep]
|-damage|p1a: Deoxys|88/100|[from] Sandstorm
|-damage|p2a: Tyranitar|63/100 tox|[from] psn
|upkeep
|turn|20
|
|t:|1779681817
|move|p1a: Deoxys|Protect|p1a: Deoxys
|-singleturn|p1a: Deoxys|Protect
|move|p2a: Tyranitar|Thunder Wave|p1a: Deoxys
|-activate|p1a: Deoxys|move: Protect
|
|-weather|none
|-damage|p2a: Tyranitar|45/100 tox|[from] psn
|upkeep
|turn|21
|
|t:|1779681835
|move|p1a: Deoxys|Spikes|p2a: Tyranitar
|-sidestart|p2: CakNoel|Spikes
|move|p2a: Tyranitar|Thunder Wave|p1a: Deoxys
|-status|p1a: Deoxys|par
|
|-damage|p2a: Tyranitar|20/100 tox|[from] psn
|upkeep
|turn|22
|
|t:|1779681842
|switch|p2a: Alomomola|Alomomola, M|100/100 tox
|-damage|p2a: Alomomola|84/100 tox|[from] Spikes
|move|p1a: Deoxys|Spikes|p2a: Alomomola
|-sidestart|p2: CakNoel|Spikes
|
|-damage|p2a: Alomomola|78/100 tox|[from] psn
|upkeep
|turn|23
|
|t:|1779681850
|move|p1a: Deoxys|Protect|p1a: Deoxys
|-singleturn|p1a: Deoxys|Protect
|move|p2a: Alomomola|Wish|p2a: Alomomola
|
|-damage|p2a: Alomomola|65/100 tox|[from] psn
|upkeep
|turn|24
|
|t:|1779681856
|switch|p1a: Ogerpon|Ogerpon-Wellspring-Tera, F, tera:Water|10/100
|-damage|p1a: Ogerpon|0 fnt|[from] Stealth Rock
|faint|p1a: Ogerpon
|detailschange|p1: Ogerpon|Ogerpon-Wellspring, F|[silent]
|switch|p2a: Excadrill|Excadrill, F|54/100
|-damage|p2a: Excadrill|29/100|[from] Spikes
|
|-heal|p2a: Excadrill|94/100|[from] move: Wish|[wisher] Alomomola
|upkeep
|
|t:|1779681864
|switch|p1a: Zamazenta|Zamazenta|100/100
|-damage|p1a: Zamazenta|94/100|[from] Stealth Rock
|-ability|p1a: Zamazenta|Dauntless Shield|boost
|-boost|p1a: Zamazenta|def|1
|turn|25
|
|t:|1779681872
|-terastallize|p2a: Excadrill|Ground
|move|p1a: Zamazenta|Close Combat|p2a: Excadrill
|-damage|p2a: Excadrill|0 fnt
|-unboost|p1a: Zamazenta|def|1
|-unboost|p1a: Zamazenta|spd|1
|faint|p2a: Excadrill
|
|upkeep
|
|t:|1779681879
|switch|p2a: Alomomola|Alomomola, M|99/100 tox
|-damage|p2a: Alomomola|74/100 tox|[from] Spikes
|turn|26
|
|t:|1779681885
|switch|p1a: Deoxys|Deoxys-Speed|88/100 par
|-damage|p1a: Deoxys|76/100 par|[from] Stealth Rock
|-ability|p1a: Deoxys|Pressure
|move|p2a: Alomomola|Scald|p1a: Deoxys
|-crit|p1a: Deoxys
|-damage|p1a: Deoxys|47/100 par
|
|-damage|p2a: Alomomola|68/100 tox|[from] psn
|upkeep
|turn|27
|
|t:|1779681889
|move|p1a: Deoxys|Protect|p1a: Deoxys
|-singleturn|p1a: Deoxys|Protect
|move|p2a: Alomomola|Flip Turn|p1a: Deoxys
|-activate|p1a: Deoxys|move: Protect
|
|-damage|p2a: Alomomola|55/100 tox|[from] psn
|upkeep
|turn|28
|
|t:|1779681895
|move|p1a: Deoxys|Ice Beam|p2a: Alomomola
|-resisted|p2a: Alomomola
|-crit|p2a: Alomomola
|-damage|p2a: Alomomola|34/100 tox
|-damage|p1a: Deoxys|37/100 par|[from] item: Life Orb
|move|p2a: Alomomola|Flip Turn|p1a: Deoxys
|-damage|p1a: Deoxys|13/100 par
|
|t:|1779681904
|switch|p2a: Kingambit|Kingambit, M|100/100|[from] Flip Turn
|-damage|p2a: Kingambit|75/100|[from] Spikes
|-activate|p2a: Kingambit|ability: Supreme Overlord
|-start|p2a: Kingambit|fallen3|[silent]
|
|-heal|p2a: Kingambit|82/100|[from] item: Leftovers
|upkeep
|turn|29
|
|t:|1779681911
|switch|p1a: gay lil chud|Cinderace, M|100/100
|move|p2a: Kingambit|Kowtow Cleave|p1a: gay lil chud
|-damage|p1a: gay lil chud|1/100
|
|-heal|p2a: Kingambit|88/100|[from] item: Leftovers
|upkeep
|turn|30
|
|t:|1779681919
|-end|p2a: Kingambit|fallen3|[silent]
|switch|p2a: Tyranitar|Tyranitar, F|20/100 tox
|-damage|p2a: Tyranitar|0 fnt|[from] Spikes
|faint|p2a: Tyranitar
|move|p1a: gay lil chud|Pyro Ball|p2: Tyranitar|[notarget]
|-fail|p1a: gay lil chud
|
|upkeep
|
|t:|1779681928
|switch|p2a: Alomomola|Alomomola, M|67/100 tox
|-damage|p2a: Alomomola|43/100 tox|[from] Spikes
|turn|31
|
|t:|1779681936
|move|p1a: gay lil chud|Gunk Shot|p2a: Alomomola|[miss]
|-start|p1a: gay lil chud|typechange|Poison|[from] ability: Libero
|-miss|p1a: gay lil chud|p2a: Alomomola
|move|p2a: Alomomola|Wish|p2a: Alomomola
|
|-damage|p2a: Alomomola|36/100 tox|[from] psn
|upkeep
|turn|32
|
|t:|1779681942
|move|p1a: gay lil chud|Pyro Ball|p2a: Alomomola
|-resisted|p2a: Alomomola
|-damage|p2a: Alomomola|24/100 tox
|move|p2a: Alomomola|Flip Turn|p1a: gay lil chud
|-damage|p1a: gay lil chud|0 fnt
|faint|p1a: gay lil chud
|
|t:|1779681951
|switch|p2a: Kingambit|Kingambit, M|88/100|[from] Flip Turn
|-damage|p2a: Kingambit|63/100|[from] Spikes
|-activate|p2a: Kingambit|ability: Supreme Overlord
|-start|p2a: Kingambit|fallen4|[silent]
|
|-heal|p2a: Kingambit|100/100|[from] move: Wish|[wisher] Alomomola
|upkeep
|
|t:|1779681953
|switch|p1a: Zamazenta|Zamazenta|94/100
|-damage|p1a: Zamazenta|88/100|[from] Stealth Rock
|turn|33
|
|t:|1779681957
|-end|p2a: Kingambit|fallen4|[silent]
|switch|p2a: Alomomola|Alomomola, M|58/100 tox
|-damage|p2a: Alomomola|33/100 tox|[from] Spikes
|move|p1a: Zamazenta|Close Combat|p2a: Alomomola
|-damage|p2a: Alomomola|0 fnt
|-unboost|p1a: Zamazenta|def|1
|-unboost|p1a: Zamazenta|spd|1
|-damage|p1a: Zamazenta|72/100|[from] item: Rocky Helmet|[of] p2a: Alomomola
|faint|p2a: Alomomola
|
|upkeep
|
|t:|1779681962
|switch|p2a: Kingambit|Kingambit, M|100/100
|-damage|p2a: Kingambit|75/100|[from] Spikes
|-activate|p2a: Kingambit|ability: Supreme Overlord
|-start|p2a: Kingambit|fallen5|[silent]
|turn|34
|
|t:|1779681965
|switch|p1a: Deoxys|Deoxys-Speed|13/100 par
|-damage|p1a: Deoxys|0 fnt|[from] Stealth Rock
|faint|p1a: Deoxys
|move|p2a: Kingambit|Sucker Punch|p1: Deoxys|[notarget]
|-fail|p2a: Kingambit
|
|-heal|p2a: Kingambit|82/100|[from] item: Leftovers
|upkeep
|
|t:|1779681967
|switch|p1a: Zamazenta|Zamazenta|72/100
|-damage|p1a: Zamazenta|66/100|[from] Stealth Rock
|turn|35
|
|t:|1779681970
|move|p2a: Kingambit|Sucker Punch|p1a: Zamazenta
|-resisted|p1a: Zamazenta
|-damage|p1a: Zamazenta|36/100
|move|p1a: Zamazenta|Close Combat|p2a: Kingambit
|-supereffective|p2a: Kingambit
|-damage|p2a: Kingambit|0 fnt
|-unboost|p1a: Zamazenta|def|1
|-unboost|p1a: Zamazenta|spd|1
|faint|p2a: Kingambit
|-end|p2a: Kingambit|fallen5|[silent]
|
|win|CIodSuspectTest
|raw|CIodSuspectTest's rating: 1450 &rarr; <strong>1472</strong><br />(+22 for winning)
|raw|CakNoel's rating: 1487 &rarr; <strong>1465</strong><br />(-22 for losing)
|l|☆CakNoel
|player|p2|
