|j|‽oscarguille8
|j|☆bicyn
|t:|1779703620
|gametype|singles
|player|p1|oscarguille8|nate|1270
|player|p2|bicyn|2|1319
|gen|9
|tier|[Gen 9] OU
|rated|
|rule|HP Percentage Mod: HP is shown in percentages
|rule|Endless Battle Clause: Forcing endless battles is banned
|rule|Species Clause: Limit one of each Pokémon
|rule|OHKO Clause: OHKO moves are banned
|rule|Evasion Items Clause: Evasion items are banned
|rule|Evasion Moves Clause: Evasion moves are banned
|rule|Evasion Abilities Clause: Evasion abilities are banned
|rule|Sleep Moves Clause: Sleep-inducing moves are banned
|clearpoke
|poke|p1|Garganacl, M|
|poke|p1|Dragapult, M|
|poke|p1|Rotom-Wash|
|poke|p1|Great Tusk|
|poke|p1|Kingambit, M|
|poke|p1|Kyurem|
|poke|p2|Gholdengo|
|poke|p2|Zapdos|
|poke|p2|Jirachi|
|poke|p2|Ribombee, M|
|poke|p2|Tatsugiri-Stretchy, F|
|poke|p2|Dudunsparce-*, F|
|teampreview
|inactive|Battle timer is ON: inactive players will automatically lose when time's up. (requested by bicyn)
|
|t:|1779703627
|teamsize|p1|6
|teamsize|p2|6
|start
|switch|p1a: Rotom|Rotom-Wash, shiny|100/100
|switch|p2a: Ribombee|Ribombee, M|100/100
|turn|1
|
|t:|1779703632
|move|p2a: Ribombee|Sticky Web|p1a: Rotom
|-sidestart|p1: oscarguille8|move: Sticky Web
|move|p1a: Rotom|Trick|p2a: Ribombee
|-activate|p1a: Rotom|move: Trick|[of] p2a: Ribombee
|-item|p2a: Ribombee|Choice Scarf|[from] move: Trick
|-item|p1a: Rotom|Focus Sash|[from] move: Trick
|
|upkeep
|turn|2
|
|t:|1779703649
|move|p2a: Ribombee|Moonblast|p1a: Rotom
|-damage|p1a: Rotom|68/100
|move|p1a: Rotom|Volt Switch|p2a: Ribombee
|-damage|p2a: Ribombee|54/100
|
|t:|1779703659
|switch|p1a: Garganacl|Garganacl, M, shiny|100/100|[from] Volt Switch
|-activate|p1a: Garganacl|move: Sticky Web
|-unboost|p1a: Garganacl|spe|1
|
|upkeep
|turn|3
|
|t:|1779703665
|switch|p2a: Gholdengo|Gholdengo|100/100
|-item|p2a: Gholdengo|Air Balloon
|move|p1a: Garganacl|Salt Cure|p2a: Gholdengo
|-resisted|p2a: Gholdengo
|-damage|p2a: Gholdengo|96/100
|-start|p2a: Gholdengo|Salt Cure
|-enditem|p2a: Gholdengo|Air Balloon
|
|-damage|p2a: Gholdengo|71/100|[from] Salt Cure
|upkeep
|turn|4
|
|t:|1779703678
|switch|p1a: Great Tusk|Great Tusk, shiny|100/100
|move|p2a: Gholdengo|Nasty Plot|p2a: Gholdengo
|-boost|p2a: Gholdengo|spa|2
|
|-damage|p2a: Gholdengo|46/100|[from] Salt Cure
|upkeep
|turn|5
|
|t:|1779703689
|move|p2a: Gholdengo|Hex|p1a: Great Tusk
|-damage|p1a: Great Tusk|22/100
|move|p1a: Great Tusk|Earthquake|p2a: Gholdengo
|-supereffective|p2a: Gholdengo
|-damage|p2a: Gholdengo|0 fnt
|faint|p2a: Gholdengo
|
|upkeep
|inactive|bicyn has 120 seconds left.
|
|t:|1779703722
|switch|p2a: Ribombee|Ribombee, M|54/100
|turn|6
|
|t:|1779703727
|-end|p1a: Great Tusk|Protosynthesis|[silent]
|switch|p1a: Rotom|Rotom-Wash, shiny|68/100
|move|p2a: Ribombee|Moonblast|p1a: Rotom
|-damage|p1a: Rotom|34/100
|
|upkeep
|turn|7
|
|t:|1779703733
|move|p2a: Ribombee|Moonblast|p1a: Rotom
|-damage|p1a: Rotom|1/100
|move|p1a: Rotom|Hydro Pump|p2a: Ribombee
|-damage|p2a: Ribombee|0 fnt
|faint|p2a: Ribombee
|
|upkeep
|
|t:|1779703739
|switch|p2a: Jirachi|Jirachi|100/100
|turn|8
|
|t:|1779703743
|move|p2a: Jirachi|Light Screen|p2a: Jirachi
|-sidestart|p2: bicyn|move: Light Screen
|move|p1a: Rotom|Will-O-Wisp|p2a: Jirachi
|-status|p2a: Jirachi|brn
|
|-damage|p2a: Jirachi|94/100 brn|[from] brn
|upkeep
|turn|9
|
|t:|1779703751
|move|p2a: Jirachi|Reflect|p2a: Jirachi
|-sidestart|p2: bicyn|Reflect
|move|p1a: Rotom|Trick|p2a: Jirachi
|-activate|p1a: Rotom|move: Trick|[of] p2a: Jirachi
|-item|p2a: Jirachi|Focus Sash|[from] move: Trick
|-item|p1a: Rotom|Light Clay|[from] move: Trick
|
|-damage|p2a: Jirachi|88/100 brn|[from] brn
|upkeep
|turn|10
|
|t:|1779703759
|move|p2a: Jirachi|Doom Desire|p1a: Rotom
|-start|p2a: Jirachi|Doom Desire
|move|p1a: Rotom|Volt Switch|p2a: Jirachi
|-damage|p2a: Jirachi|76/100 brn
|
|t:|1779703772
|switch|p1a: Garganacl|Garganacl, M, shiny|100/100|[from] Volt Switch
|-activate|p1a: Garganacl|move: Sticky Web
|-unboost|p1a: Garganacl|spe|1
|
|-damage|p2a: Jirachi|70/100 brn|[from] brn
|upkeep
|turn|11
|
|t:|1779703794
|-terastallize|p1a: Garganacl|Ghost
|move|p2a: Jirachi|Psychic Noise|p1a: Garganacl
|-crit|p1a: Garganacl
|-damage|p1a: Garganacl|67/100
|-start|p1a: Garganacl|move: Heal Block
|move|p1a: Garganacl|Salt Cure|p2a: Jirachi
|-resisted|p2a: Jirachi
|-damage|p2a: Jirachi|66/100 brn
|-start|p2a: Jirachi|Salt Cure
|
|-damage|p2a: Jirachi|60/100 brn|[from] brn
|-damage|p2a: Jirachi|35/100 brn|[from] Salt Cure
|upkeep
|turn|12
|
|t:|1779703823
|switch|p2a: Dudunsparce|Dudunsparce-Three-Segment, F|100/100
|move|p1a: Garganacl|Iron Defense|p1a: Garganacl
|-boost|p1a: Garganacl|def|2
|
|-end|p1a: Garganacl|move: Doom Desire
|-damage|p1a: Garganacl|31/100
|-end|p1a: Garganacl|move: Heal Block
|upkeep
|turn|13
|
|t:|1779703832
|move|p2a: Dudunsparce|Stealth Rock|p1a: Garganacl
|-sidestart|p1: oscarguille8|move: Stealth Rock
|move|p1a: Garganacl|Recover|p1a: Garganacl
|-heal|p1a: Garganacl|81/100
|
|-heal|p1a: Garganacl|87/100|[from] item: Leftovers
|upkeep
|turn|14
|
|t:|1779703840
|move|p2a: Dudunsparce|Glare|p1a: Garganacl
|-immune|p1a: Garganacl|[from] ability: Purifying Salt
|move|p1a: Garganacl|Iron Defense|p1a: Garganacl
|-boost|p1a: Garganacl|def|2
|
|-heal|p1a: Garganacl|93/100|[from] item: Leftovers
|upkeep
|turn|15
|
|t:|1779703858
|switch|p2a: Jirachi|Jirachi|35/100 brn
|move|p1a: Garganacl|Iron Defense|p1a: Garganacl
|-boost|p1a: Garganacl|def|2
|
|-heal|p1a: Garganacl|99/100|[from] item: Leftovers
|-damage|p2a: Jirachi|29/100 brn|[from] brn
|-sideend|p2: bicyn|move: Light Screen
|upkeep
|turn|16
|
|t:|1779703866
|move|p2a: Jirachi|Reflect||[still]
|-fail|p2a: Jirachi
|move|p1a: Garganacl|Body Press|p2a: Jirachi
|-damage|p2a: Jirachi|0 fnt
|faint|p2a: Jirachi
|
|-heal|p1a: Garganacl|100/100|[from] item: Leftovers
|-sideend|p2: bicyn|Reflect
|upkeep
|
|t:|1779703874
|switch|p2a: Zapdos|Zapdos|100/100
|turn|17
|
|t:|1779703883
|-terastallize|p2a: Zapdos|Steel
|move|p2a: Zapdos|Hurricane|p1a: Garganacl
|-damage|p1a: Garganacl|71/100
|-start|p1a: Garganacl|confusion
|-activate|p1a: Garganacl|confusion
|move|p1a: Garganacl|Salt Cure|p2a: Zapdos
|-resisted|p2a: Zapdos
|-damage|p2a: Zapdos|96/100
|-start|p2a: Zapdos|Salt Cure
|
|-heal|p1a: Garganacl|77/100|[from] item: Leftovers
|-damage|p2a: Zapdos|71/100|[from] Salt Cure
|upkeep
|turn|18
|
|t:|1779703895
|move|p2a: Zapdos|Roost|p2a: Zapdos
|-heal|p2a: Zapdos|100/100
|-activate|p1a: Garganacl|confusion
|-damage|p1a: Garganacl|76/100|[from] confusion
|
|-heal|p1a: Garganacl|82/100|[from] item: Leftovers
|-damage|p2a: Zapdos|76/100|[from] Salt Cure
|upkeep
|turn|19
|
|t:|1779703903
|move|p2a: Zapdos|Hurricane|p1a: Garganacl|[miss]
|-miss|p2a: Zapdos|p1a: Garganacl
|-activate|p1a: Garganacl|confusion
|-damage|p1a: Garganacl|80/100|[from] confusion
|
|-heal|p1a: Garganacl|86/100|[from] item: Leftovers
|-damage|p2a: Zapdos|51/100|[from] Salt Cure
|upkeep
|turn|20
|
|t:|1779703910
|move|p2a: Zapdos|Roost|p2a: Zapdos
|-heal|p2a: Zapdos|100/100
|-activate|p1a: Garganacl|confusion
|-damage|p1a: Garganacl|85/100|[from] confusion
|
|-heal|p1a: Garganacl|91/100|[from] item: Leftovers
|-damage|p2a: Zapdos|76/100|[from] Salt Cure
|upkeep
|turn|21
|
|t:|1779703917
|move|p2a: Zapdos|Hurricane|p1a: Garganacl
|-damage|p1a: Garganacl|59/100
|-end|p1a: Garganacl|confusion
|move|p1a: Garganacl|Body Press|p2a: Zapdos
|-supereffective|p2a: Zapdos
|-damage|p2a: Zapdos|0 fnt
|faint|p2a: Zapdos
|
|-heal|p1a: Garganacl|66/100|[from] item: Leftovers
|upkeep
|
|t:|1779703920
|switch|p2a: Tatsugiri|Tatsugiri-Stretchy, F|100/100
|turn|22
|
|t:|1779703928
|move|p2a: Tatsugiri|Nasty Plot|p2a: Tatsugiri
|-boost|p2a: Tatsugiri|spa|2
|move|p1a: Garganacl|Body Press|p2a: Tatsugiri
|-damage|p2a: Tatsugiri|0 fnt
|faint|p2a: Tatsugiri
|
|-heal|p1a: Garganacl|72/100|[from] item: Leftovers
|upkeep
|-message|bicyn forfeited.
|
|win|oscarguille8
|raw|oscarguille8's rating: 1270 &rarr; <strong>1299</strong><br />(+29 for winning)
|raw|bicyn's rating: 1319 &rarr; <strong>1296</strong><br />(-23 for losing)
|l|☆bicyn
|player|p2|
|l|‽oscarguille8
|player|p1|
