|j|☆johny boy05
|j|☆cubemotivation
|t:|1779572492
|gametype|singles
|player|p1|johny boy05|265|1075
|player|p2|cubemotivation|169|1061
|gen|9
|tier|[Gen 9] OU
|rated|
|rule|HP Percentage Mod: HP is shown in percentages
|rule|Endless Battle Clause: Forcing endless battles is banned
|rule|Species Clause: Limit one of each Pokémon
|rule|OHKO Clause: OHKO moves are banned
|rule|Evasion Items Clause: Evasion items are banned
|rule|Evasion Moves Clause: Evasion moves are banned
|rule|Evasion Abilities Clause: Evasion abilities are banned
|rule|Sleep Moves Clause: Sleep-inducing moves are banned
|clearpoke
|poke|p1|Glimmora, M|
|poke|p1|Kingambit, F|
|poke|p1|Zamazenta-*|
|poke|p1|Gliscor, M|
|poke|p1|Iron Moth|
|poke|p1|Garchomp, F|
|poke|p2|Slither Wing|
|poke|p2|Glimmora, F|
|poke|p2|Pecharunt|
|poke|p2|Porygon-Z|
|poke|p2|Duraludon, M|
|poke|p2|Haxorus, F|
|teampreview
|inactive|Battle timer is ON: inactive players will automatically lose when time's up. (requested by cubemotivation)
|
|t:|1779572500
|teamsize|p1|6
|teamsize|p2|6
|start
|switch|p1a: Iron Moth|Iron Moth|100/100
|switch|p2a: Dusty|Slither Wing, shiny|100/100
|-enditem|p2a: Dusty|Booster Energy
|-activate|p2a: Dusty|ability: Protosynthesis|[fromitem]
|-start|p2a: Dusty|protosynthesisatk
|turn|1
|
|t:|1779572511
|-end|p2a: Dusty|Protosynthesis|[silent]
|switch|p2a: Shiny|Glimmora, F, shiny|100/100
|-item|p2a: Shiny|Air Balloon
|move|p1a: Iron Moth|Fiery Dance|p2a: Shiny
|-resisted|p2a: Shiny
|-damage|p2a: Shiny|68/100
|-boost|p1a: Iron Moth|spa|1
|-enditem|p2a: Shiny|Air Balloon
|
|upkeep
|turn|2
|
|t:|1779572523
|move|p2a: Shiny|Spiky Shield|p2a: Shiny
|-singleturn|p2a: Shiny|move: Protect
|move|p1a: Iron Moth|Fiery Dance|p2a: Shiny
|-activate|p2a: Shiny|move: Protect
|
|upkeep
|turn|3
|
|t:|1779572531
|move|p1a: Iron Moth|Fiery Dance|p2a: Shiny
|-resisted|p2a: Shiny
|-damage|p2a: Shiny|26/100
|-boost|p1a: Iron Moth|spa|1
|move|p2a: Shiny|Stealth Rock|p1a: Iron Moth
|-sidestart|p1: johny boy05|move: Stealth Rock
|
|upkeep
|turn|4
|
|t:|1779572538
|move|p2a: Shiny|Spiky Shield|p2a: Shiny
|-singleturn|p2a: Shiny|move: Protect
|move|p1a: Iron Moth|Fiery Dance|p2a: Shiny
|-activate|p2a: Shiny|move: Protect
|
|upkeep
|turn|5
|
|t:|1779572542
|move|p1a: Iron Moth|Fiery Dance|p2a: Shiny
|-resisted|p2a: Shiny
|-damage|p2a: Shiny|0 fnt
|-boost|p1a: Iron Moth|spa|1
|faint|p2a: Shiny
|
|upkeep
|
|t:|1779572550
|switch|p2a: Nuke|Porygon-Z, shiny|100/100
|turn|6
|
|t:|1779572553
|move|p2a: Nuke|Hyper Beam|p1a: Iron Moth
|-damage|p1a: Iron Moth|0 fnt
|-mustrecharge|p2a: Nuke
|faint|p1a: Iron Moth
|-end|p1a: Iron Moth|Quark Drive|[silent]
|
|upkeep
|
|t:|1779572558
|switch|p1a: Garchomp|Garchomp, F|100/100
|-damage|p1a: Garchomp|94/100|[from] Stealth Rock
|turn|7
|
|t:|1779572563
|cant|p2a: Nuke|recharge
|move|p1a: Garchomp|Swords Dance|p1a: Garchomp
|-boost|p1a: Garchomp|atk|2
|
|upkeep
|turn|8
|
|t:|1779572569
|move|p2a: Nuke|Hyper Beam|p1a: Garchomp|[miss]
|-miss|p2a: Nuke|p1a: Garchomp
|move|p1a: Garchomp|Earthquake|p2a: Nuke
|-damage|p2a: Nuke|0 fnt
|faint|p2a: Nuke
|
|upkeep
|
|t:|1779572576
|switch|p2a: Mini-THE WALL|Duraludon, M, shiny|100/100
|turn|9
|
|t:|1779572588
|-terastallize|p2a: Mini-THE WALL|Fighting
|move|p1a: Garchomp|Earthquake|p2a: Mini-THE WALL
|-crit|p2a: Mini-THE WALL
|-damage|p2a: Mini-THE WALL|23/100
|move|p2a: Mini-THE WALL|Body Press|p1a: Garchomp
|-damage|p1a: Garchomp|59/100
|-damage|p2a: Mini-THE WALL|11/100|[from] ability: Rough Skin|[of] p1a: Garchomp
|-damage|p2a: Mini-THE WALL|0 fnt|[from] item: Rocky Helmet|[of] p1a: Garchomp
|faint|p2a: Mini-THE WALL
|
|upkeep
|
|t:|1779572599
|switch|p2a: Haxorus|Haxorus, F, shiny|100/100
|-ability|p2a: Haxorus|Mold Breaker
|turn|10
|
|t:|1779572606
|move|p2a: Haxorus|Dragon Claw|p1a: Garchomp
|-supereffective|p1a: Garchomp
|-damage|p1a: Garchomp|0 fnt
|-damage|p2a: Haxorus|88/100|[from] ability: Rough Skin|[of] p1a: Garchomp
|-damage|p2a: Haxorus|72/100|[from] item: Rocky Helmet|[of] p1a: Garchomp
|faint|p1a: Garchomp
|
|upkeep
|
|t:|1779572613
|switch|p1a: Glimmora|Glimmora, M|100/100
|-damage|p1a: Glimmora|88/100|[from] Stealth Rock
|turn|11
|
|t:|1779572617
|move|p2a: Haxorus|Dragon Claw|p1a: Glimmora
|-damage|p1a: Glimmora|44/100
|-activate|p1a: Glimmora|ability: Toxic Debris
|-sidestart|p2: cubemotivation|move: Toxic Spikes
|move|p1a: Glimmora|Mortal Spin|p2a: Haxorus
|-damage|p2a: Haxorus|64/100
|-status|p2a: Haxorus|psn
|-sideend|p1: johny boy05|Stealth Rock|[from] move: Mortal Spin|[of] p1a: Glimmora
|
|-damage|p2a: Haxorus|51/100 psn|[from] psn
|upkeep
|turn|12
|
|t:|1779572625
|move|p2a: Haxorus|Dragon Claw|p1a: Glimmora
|-damage|p1a: Glimmora|0 fnt
|-activate|p1a: Glimmora|ability: Toxic Debris
|-sidestart|p2: cubemotivation|move: Toxic Spikes
|faint|p1a: Glimmora
|
|-damage|p2a: Haxorus|39/100 psn|[from] psn
|upkeep
|
|t:|1779572630
|switch|p1a: Zamazenta|Zamazenta|100/100
|-ability|p1a: Zamazenta|Dauntless Shield|boost
|-boost|p1a: Zamazenta|def|1
|turn|13
|
|t:|1779572639
|switch|p2a: Runt|Pecharunt|100/100
|-sideend|p2: cubemotivation|move: Toxic Spikes|[of] p2a: Runt
|move|p1a: Zamazenta|Iron Defense|p1a: Zamazenta
|-boost|p1a: Zamazenta|def|2
|
|upkeep
|turn|14
|
|t:|1779572647
|move|p1a: Zamazenta|Iron Defense|p1a: Zamazenta
|-boost|p1a: Zamazenta|def|2
|move|p2a: Runt|Malignant Chain|p1a: Zamazenta
|-damage|p1a: Zamazenta|71/100
|
|upkeep
|turn|15
|
|t:|1779572654
|move|p1a: Zamazenta|Crunch|p2a: Runt
|-supereffective|p2a: Runt
|-damage|p2a: Runt|77/100
|move|p2a: Runt|Malignant Chain|p1a: Zamazenta
|-damage|p1a: Zamazenta|44/100
|-status|p1a: Zamazenta|tox
|-start|p1a: Zamazenta|confusion|[from] ability: Poison Puppeteer|[of] p2a: Runt
|
|-heal|p2a: Runt|83/100|[from] item: Leftovers
|-damage|p1a: Zamazenta|38/100 tox|[from] psn
|upkeep
|turn|16
|
|t:|1779572667
|-activate|p1a: Zamazenta|confusion
|move|p1a: Zamazenta|Crunch|p2a: Runt
|-supereffective|p2a: Runt
|-damage|p2a: Runt|60/100
|move|p2a: Runt|Recover|p2a: Runt
|-heal|p2a: Runt|100/100
|
|-damage|p1a: Zamazenta|25/100 tox|[from] psn
|upkeep
|turn|17
|-message|johny boy05 forfeited.
|
|win|cubemotivation
|raw|johny boy05's rating: 1075 &rarr; <strong>1053</strong><br />(-22 for losing)
|raw|cubemotivation's rating: 1061 &rarr; <strong>1093</strong><br />(+32 for winning)
|l|☆johny boy05
|player|p1|
|l|☆cubemotivation
|player|p2|
