|j|☆Lryuzaki13
|j|☆MoncefTheW
|t:|1779704331
|gametype|singles
|player|p1|Lryuzaki13|n|1274
|player|p2|MoncefTheW|psychic-gen4|1274
|gen|9
|tier|[Gen 9] OU
|rated|
|rule|HP Percentage Mod: HP is shown in percentages
|rule|Endless Battle Clause: Forcing endless battles is banned
|rule|Species Clause: Limit one of each Pokémon
|rule|OHKO Clause: OHKO moves are banned
|rule|Evasion Items Clause: Evasion items are banned
|rule|Evasion Moves Clause: Evasion moves are banned
|rule|Evasion Abilities Clause: Evasion abilities are banned
|rule|Sleep Moves Clause: Sleep-inducing moves are banned
|clearpoke
|poke|p1|Samurott-Hisui, F|
|poke|p1|Gholdengo|
|poke|p1|Great Tusk|
|poke|p1|Kingambit, F|
|poke|p1|Corviknight, F|
|poke|p1|Iron Valiant|
|poke|p2|Meowscarada, F|
|poke|p2|Volcanion|
|poke|p2|Scizor, M|
|poke|p2|Mimikyu, M|
|poke|p2|Blissey, F|
|poke|p2|Iron Hands|
|teampreview
|inactive|Battle timer is ON: inactive players will automatically lose when time's up. (requested by MoncefTheW)
|
|t:|1779704338
|teamsize|p1|6
|teamsize|p2|6
|start
|switch|p1a: Corviknight|Corviknight, F|100/100
|switch|p2a: paws with claws|Meowscarada, F, shiny|100/100
|-ability|p1a: Corviknight|Pressure
|turn|1
|
|t:|1779704350
|move|p2a: paws with claws|Thunder Punch|p1a: Corviknight
|-start|p2a: paws with claws|typechange|Electric|[from] ability: Protean
|-supereffective|p1a: Corviknight
|-damage|p1a: Corviknight|43/100
|move|p1a: Corviknight|Body Press|p2a: paws with claws
|-damage|p2a: paws with claws|57/100
|
|-heal|p1a: Corviknight|49/100|[from] item: Leftovers
|upkeep
|turn|2
|
|t:|1779704359
|switch|p2a: Obsidian|Volcanion|100/100
|switch|p1a: Great Tusk|Great Tusk|100/100
|-enditem|p1a: Great Tusk|Booster Energy
|-activate|p1a: Great Tusk|ability: Protosynthesis|[fromitem]
|-start|p1a: Great Tusk|protosynthesisatk
|
|upkeep
|turn|3
|
|t:|1779704368
|-terastallize|p2a: Obsidian|Ground
|move|p1a: Great Tusk|Headlong Rush|p2a: Obsidian
|-damage|p2a: Obsidian|15/100
|-unboost|p1a: Great Tusk|def|1
|-unboost|p1a: Great Tusk|spd|1
|move|p2a: Obsidian|Steam Eruption|p1a: Great Tusk
|-supereffective|p1a: Great Tusk
|-damage|p1a: Great Tusk|0 fnt
|faint|p1a: Great Tusk
|-end|p1a: Great Tusk|Protosynthesis|[silent]
|
|-heal|p2a: Obsidian|21/100|[from] item: Leftovers
|upkeep
|
|t:|1779704374
|switch|p1a: Rook|Samurott-Hisui, F|100/100
|turn|4
|
|t:|1779704384
|move|p1a: Rook|Ceaseless Edge|p2a: Obsidian
|-damage|p2a: Obsidian|0 fnt
|-sidestart|p2: MoncefTheW|Spikes
|faint|p2a: Obsidian
|
|upkeep
|
|t:|1779704388
|switch|p2a: paws with claws|Meowscarada, F, shiny|57/100
|-damage|p2a: paws with claws|44/100|[from] Spikes
|turn|5
|
|t:|1779704392
|move|p1a: Rook|Sucker Punch|p2a: paws with claws
|-resisted|p2a: paws with claws
|-damage|p2a: paws with claws|22/100
|move|p2a: paws with claws|U-turn|p1a: Rook
|-start|p2a: paws with claws|typechange|Bug|[from] ability: Protean
|-supereffective|p1a: Rook
|-damage|p1a: Rook|0 fnt
|faint|p1a: Rook
|
|t:|1779704401
|switch|p2a: fat but enduring|Blissey, F|100/100|[from] U-turn
|-damage|p2a: fat but enduring|88/100|[from] Spikes
|
|-heal|p2a: fat but enduring|94/100|[from] item: Leftovers
|upkeep
|
|t:|1779704411
|switch|p1a: Corviknight|Corviknight, F|49/100
|-ability|p1a: Corviknight|Pressure
|turn|6
|
|t:|1779704415
|move|p1a: Corviknight|Iron Defense|p1a: Corviknight
|-boost|p1a: Corviknight|def|2
|move|p2a: fat but enduring|Thunder Wave|p1a: Corviknight
|-status|p1a: Corviknight|par
|
|-heal|p2a: fat but enduring|99/100|[from] item: Leftovers
|-heal|p1a: Corviknight|55/100 par|[from] item: Leftovers
|upkeep
|turn|7
|
|t:|1779704420
|switch|p2a: paws with claws|Meowscarada, F, shiny|22/100
|-damage|p2a: paws with claws|9/100|[from] Spikes
|move|p1a: Corviknight|Iron Defense|p1a: Corviknight
|-boost|p1a: Corviknight|def|2
|
|-heal|p1a: Corviknight|61/100 par|[from] item: Leftovers
|upkeep
|turn|8
|
|t:|1779704425
|move|p2a: paws with claws|Thunder Punch|p1a: Corviknight
|-start|p2a: paws with claws|typechange|Electric|[from] ability: Protean
|-supereffective|p1a: Corviknight
|-damage|p1a: Corviknight|39/100 par
|cant|p1a: Corviknight|par
|
|-heal|p1a: Corviknight|45/100 par|[from] item: Leftovers
|upkeep
|turn|9
|
|t:|1779704433
|move|p2a: paws with claws|Thunder Punch|p1a: Corviknight
|-supereffective|p1a: Corviknight
|-damage|p1a: Corviknight|24/100 par
|move|p1a: Corviknight|Roost|p1a: Corviknight
|-heal|p1a: Corviknight|74/100 par
|-singleturn|p1a: Corviknight|move: Roost
|
|-heal|p1a: Corviknight|80/100 par|[from] item: Leftovers
|upkeep
|turn|10
|
|t:|1779704438
|move|p2a: paws with claws|Thunder Punch|p1a: Corviknight
|-supereffective|p1a: Corviknight
|-damage|p1a: Corviknight|59/100 par
|move|p1a: Corviknight|Body Press|p2a: paws with claws
|-damage|p2a: paws with claws|0 fnt
|faint|p2a: paws with claws
|
|-heal|p1a: Corviknight|65/100 par|[from] item: Leftovers
|upkeep
|
|t:|1779704443
|switch|p2a: pikachu wannabe|Mimikyu, M, shiny|100/100
|-damage|p2a: pikachu wannabe|88/100|[from] Spikes
|turn|11
|
|t:|1779704447
|move|p2a: pikachu wannabe|Swords Dance|p2a: pikachu wannabe
|-boost|p2a: pikachu wannabe|atk|2
|move|p1a: Corviknight|Brave Bird|p2a: pikachu wannabe
|-activate|p2a: pikachu wannabe|ability: Disguise
|-damage|p2a: pikachu wannabe|88/100
|detailschange|p2a: pikachu wannabe|Mimikyu-Busted, M, shiny
|-damage|p2a: pikachu wannabe|76/100|[from] pokemon: Mimikyu-Busted
|-enditem|p2a: pikachu wannabe|Red Card|[of] p1a: Corviknight
|drag|p1a: Gholdengo|Gholdengo|100/100
|-item|p1a: Gholdengo|Air Balloon
|
|upkeep
|turn|12
|
|t:|1779704453
|move|p2a: pikachu wannabe|Shadow Claw|p1a: Gholdengo
|-supereffective|p1a: Gholdengo
|-damage|p1a: Gholdengo|0 fnt
|-enditem|p1a: Gholdengo|Air Balloon
|faint|p1a: Gholdengo
|
|upkeep
|
|t:|1779704458
|switch|p1a: Kingambit|Kingambit, F|100/100
|-activate|p1a: Kingambit|ability: Supreme Overlord
|-start|p1a: Kingambit|fallen3|[silent]
|turn|13
|
|t:|1779704466
|move|p2a: pikachu wannabe|Play Rough|p1a: Kingambit
|-damage|p1a: Kingambit|40/100
|move|p1a: Kingambit|Kowtow Cleave|p2a: pikachu wannabe
|-damage|p2a: pikachu wannabe|0 fnt
|faint|p2a: pikachu wannabe
|
|-heal|p1a: Kingambit|47/100|[from] item: Leftovers
|upkeep
|
|t:|1779704476
|switch|p2a: fat but strong|Iron Hands, shiny|100/100
|-damage|p2a: fat but strong|88/100|[from] Spikes
|-enditem|p2a: fat but strong|Booster Energy
|-activate|p2a: fat but strong|ability: Quark Drive|[fromitem]
|-start|p2a: fat but strong|quarkdriveatk
|turn|14
|
|t:|1779704481
|move|p1a: Kingambit|Iron Head|p2a: fat but strong
|-resisted|p2a: fat but strong
|-damage|p2a: fat but strong|67/100
|cant|p2a: fat but strong|flinch
|
|-heal|p1a: Kingambit|53/100|[from] item: Leftovers
|upkeep
|turn|15
|
|t:|1779704485
|move|p1a: Kingambit|Iron Head|p2a: fat but strong
|-resisted|p2a: fat but strong
|-damage|p2a: fat but strong|46/100
|move|p2a: fat but strong|Drain Punch|p1a: Kingambit
|-supereffective|p1a: Kingambit
|-damage|p1a: Kingambit|0 fnt
|-heal|p2a: fat but strong|66/100|[from] drain|[of] p1a: Kingambit
|faint|p1a: Kingambit
|-end|p1a: Kingambit|fallen3|[silent]
|
|upkeep
|
|t:|1779704488
|switch|p1a: Corviknight|Corviknight, F|65/100 par
|-ability|p1a: Corviknight|Pressure
|turn|16
|
|t:|1779704490
|move|p2a: fat but strong|Supercell Slam|p1a: Corviknight
|-supereffective|p1a: Corviknight
|-damage|p1a: Corviknight|0 fnt
|faint|p1a: Corviknight
|
|upkeep
|
|t:|1779704493
|switch|p1a: Iron Valiant|Iron Valiant|100/100
|-enditem|p1a: Iron Valiant|Booster Energy
|-activate|p1a: Iron Valiant|ability: Quark Drive|[fromitem]
|-start|p1a: Iron Valiant|quarkdrivespe
|turn|17
|
|t:|1779704497
|-terastallize|p1a: Iron Valiant|Fairy
|move|p1a: Iron Valiant|Moonblast|p2a: fat but strong
|-supereffective|p2a: fat but strong
|-damage|p2a: fat but strong|0 fnt
|faint|p2a: fat but strong
|-end|p2a: fat but strong|Quark Drive|[silent]
|
|upkeep
|
|t:|1779704502
|switch|p2a: fat but enduring|Blissey, F|99/100
|-damage|p2a: fat but enduring|88/100|[from] Spikes
|turn|18
|
|t:|1779704509
|move|p1a: Iron Valiant|Calm Mind|p1a: Iron Valiant
|-boost|p1a: Iron Valiant|spa|1
|-boost|p1a: Iron Valiant|spd|1
|move|p2a: fat but enduring|Thunder Wave|p1a: Iron Valiant
|-status|p1a: Iron Valiant|par
|
|-heal|p2a: fat but enduring|94/100|[from] item: Leftovers
|upkeep
|turn|19
|
|t:|1779704512
|cant|p1a: Iron Valiant|par
|move|p2a: fat but enduring|Healing Wish|p2a: fat but enduring
|faint|p2a: fat but enduring
|
|upkeep
|
|t:|1779704514
|switch|p2a: scissors|Scizor, M|100/100
|-damage|p2a: scissors|88/100|[from] Spikes
|turn|20
|
|t:|1779704522
|cant|p1a: Iron Valiant|par
|move|p2a: scissors|Bullet Punch|p1a: Iron Valiant
|-supereffective|p1a: Iron Valiant
|-damage|p1a: Iron Valiant|19/100 par
|
|-heal|p2a: scissors|94/100|[from] item: Leftovers
|upkeep
|turn|21
|
|t:|1779704525
|move|p1a: Iron Valiant|Vacuum Wave|p2a: scissors
|-damage|p2a: scissors|62/100
|move|p2a: scissors|Bullet Punch|p1a: Iron Valiant
|-supereffective|p1a: Iron Valiant
|-damage|p1a: Iron Valiant|0 fnt
|faint|p1a: Iron Valiant
|-end|p1a: Iron Valiant|Quark Drive|[silent]
|
|win|MoncefTheW
|raw|Lryuzaki13's rating: 1274 &rarr; <strong>1249</strong><br />(-25 for losing)
|raw|MoncefTheW's rating: 1274 &rarr; <strong>1299</strong><br />(+25 for winning)
