|j|☆1331798aaa0
|j|☆AminitraboTTT
|t:|1779609672
|gametype|singles
|player|p1|1331798aaa0|dawn|
|player|p2|AminitraboTTT|supernerd|
|gen|9
|tier|[Gen 9] OU
|rule|HP Percentage Mod: HP is shown in percentages
|rule|Endless Battle Clause: Forcing endless battles is banned
|rule|Species Clause: Limit one of each Pokémon
|rule|OHKO Clause: OHKO moves are banned
|rule|Evasion Items Clause: Evasion items are banned
|rule|Evasion Moves Clause: Evasion moves are banned
|rule|Evasion Abilities Clause: Evasion abilities are banned
|rule|Sleep Moves Clause: Sleep-inducing moves are banned
|clearpoke
|poke|p1|Tyranitar, M|
|poke|p1|Great Tusk|
|poke|p1|Excadrill, M|
|poke|p1|Hippowdon, M|
|poke|p1|Garchomp, M|
|poke|p1|Enamorus, F|
|poke|p2|Gliscor, M|
|poke|p2|Alomomola, F|
|poke|p2|Gholdengo|
|poke|p2|Hoopa-Unbound|
|poke|p2|Cinderace, F|
|poke|p2|Zamazenta-*|
|teampreview
|c|☆AminitraboTTT|Hola, soy AminitraboTTT, el bot de la sala Español. gl hf
|inactive|Battle timer is ON: inactive players will automatically lose when time's up. (requested by AminitraboTTT)
|inactive|1331798aaa0 also wants the timer to be on.
|
|t:|1779609675
|teamsize|p1|6
|teamsize|p2|6
|start
|switch|p1a: Hippowdon|Hippowdon, M|100/100
|switch|p2a: Gholdengo|Gholdengo|100/100
|-weather|Sandstorm|[from] ability: Sand Stream|[of] p1a: Hippowdon
|turn|1
|
|t:|1779609680
|switch|p2a: Gliscor|Gliscor, M|100/100
|move|p1a: Hippowdon|Stealth Rock|p2a: Gliscor
|-sidestart|p2: AminitraboTTT|move: Stealth Rock
|
|-weather|Sandstorm|[upkeep]
|-status|p2a: Gliscor|tox|[from] item: Toxic Orb
|upkeep
|turn|2
|
|t:|1779609683
|move|p2a: Gliscor|Swords Dance|p2a: Gliscor
|-boost|p2a: Gliscor|atk|2
|move|p1a: Hippowdon|Whirlwind|p2a: Gliscor
|drag|p2a: Hoopa|Hoopa-Unbound|100/100
|-damage|p2a: Hoopa|88/100|[from] Stealth Rock
|
|-weather|Sandstorm|[upkeep]
|-damage|p2a: Hoopa|82/100|[from] Sandstorm
|upkeep
|turn|3
|
|t:|1779609687
|switch|p2a: Gliscor|Gliscor, M|100/100 tox
|-damage|p2a: Gliscor|88/100 tox|[from] Stealth Rock
|switch|p1a: Tyranitar|Tyranitar, M|100/100
|
|-weather|Sandstorm|[upkeep]
|-heal|p2a: Gliscor|100/100 tox|[from] ability: Poison Heal
|upkeep
|turn|4
|
|t:|1779609693
|-terastallize|p2a: Gliscor|Normal
|move|p2a: Gliscor|Swords Dance|p2a: Gliscor
|-boost|p2a: Gliscor|atk|2
|move|p1a: Tyranitar|Ice Punch|p2a: Gliscor
|-damage|p2a: Gliscor|75/100 tox
|
|-weather|Sandstorm|[upkeep]
|-damage|p2a: Gliscor|69/100 tox|[from] Sandstorm
|-heal|p2a: Gliscor|82/100 tox|[from] ability: Poison Heal
|upkeep
|turn|5
|
|t:|1779609701
|switch|p1a: Hippowdon|Hippowdon, M|100/100
|move|p2a: Gliscor|Earthquake|p1a: Hippowdon
|-damage|p1a: Hippowdon|56/100
|
|-weather|Sandstorm|[upkeep]
|-damage|p2a: Gliscor|75/100 tox|[from] Sandstorm
|-heal|p2a: Gliscor|88/100 tox|[from] ability: Poison Heal
|upkeep
|turn|6
|
|t:|1779609704
|move|p2a: Gliscor|Protect|p2a: Gliscor
|-singleturn|p2a: Gliscor|Protect
|move|p1a: Hippowdon|Whirlwind|p2a: Gliscor
|drag|p2a: Zamazenta|Zamazenta|100/100
|-damage|p2a: Zamazenta|95/100|[from] Stealth Rock
|-ability|p2a: Zamazenta|Dauntless Shield|boost
|-boost|p2a: Zamazenta|def|1
|
|-weather|Sandstorm|[upkeep]
|-damage|p2a: Zamazenta|89/100|[from] Sandstorm
|-heal|p2a: Zamazenta|95/100|[from] item: Leftovers
|upkeep
|turn|7
|
|t:|1779609709
|switch|p2a: Gliscor|Gliscor, M, tera:Normal|88/100 tox
|-damage|p2a: Gliscor|75/100 tox|[from] Stealth Rock
|switch|p1a: Tyranitar|Tyranitar, M|100/100
|
|-weather|Sandstorm|[upkeep]
|-damage|p2a: Gliscor|69/100 tox|[from] Sandstorm
|-heal|p2a: Gliscor|82/100 tox|[from] ability: Poison Heal
|upkeep
|turn|8
|
|t:|1779609713
|move|p2a: Gliscor|Swords Dance|p2a: Gliscor
|-boost|p2a: Gliscor|atk|2
|move|p1a: Tyranitar|Brick Break|p2a: Gliscor
|-supereffective|p2a: Gliscor
|-crit|p2a: Gliscor
|-damage|p2a: Gliscor|5/100 tox
|
|-weather|none
|-heal|p2a: Gliscor|18/100 tox|[from] ability: Poison Heal
|upkeep
|turn|9
|
|t:|1779609716
|move|p2a: Gliscor|Earthquake|p1a: Tyranitar
|-supereffective|p1a: Tyranitar
|-damage|p1a: Tyranitar|5/100
|-enditem|p1a: Tyranitar|Weakness Policy
|-boost|p1a: Tyranitar|atk|2|[from] item: Weakness Policy
|-boost|p1a: Tyranitar|spa|2|[from] item: Weakness Policy
|move|p1a: Tyranitar|Brick Break|p2a: Gliscor
|-supereffective|p2a: Gliscor
|-damage|p2a: Gliscor|0 fnt
|faint|p2a: Gliscor
|
|upkeep
|
|t:|1779609716
|switch|p2a: Zamazenta|Zamazenta|95/100
|-damage|p2a: Zamazenta|89/100|[from] Stealth Rock
|turn|10
|
|t:|1779609723
|move|p2a: Zamazenta|Crunch|p1a: Tyranitar
|-resisted|p1a: Tyranitar
|-damage|p1a: Tyranitar|0 fnt
|faint|p1a: Tyranitar
|
|-heal|p2a: Zamazenta|95/100|[from] item: Leftovers
|upkeep
|
|t:|1779609725
|switch|p1a: Hippowdon|Hippowdon, M|56/100
|-weather|Sandstorm|[from] ability: Sand Stream|[of] p1a: Hippowdon
|turn|11
|
|t:|1779609728
|switch|p2a: Hoopa|Hoopa-Unbound|82/100
|-damage|p2a: Hoopa|70/100|[from] Stealth Rock
|move|p1a: Hippowdon|Whirlwind|p2a: Hoopa
|drag|p2a: Alomomola|Alomomola, F|100/100
|-damage|p2a: Alomomola|88/100|[from] Stealth Rock
|
|-weather|Sandstorm|[upkeep]
|-damage|p2a: Alomomola|82/100|[from] Sandstorm
|upkeep
|turn|12
|
|t:|1779609734
|switch|p2a: Hoopa|Hoopa-Unbound|70/100
|-damage|p2a: Hoopa|57/100|[from] Stealth Rock
|move|p1a: Hippowdon|Earthquake|p2a: Hoopa
|-damage|p2a: Hoopa|0 fnt
|faint|p2a: Hoopa
|
|-weather|Sandstorm|[upkeep]
|upkeep
|
|t:|1779609734
|switch|p2a: Alomomola|Alomomola, F|100/100
|-damage|p2a: Alomomola|88/100|[from] Stealth Rock
|turn|13
|
|t:|1779609742
|move|p2a: Alomomola|Flip Turn|p1a: Hippowdon
|-supereffective|p1a: Hippowdon
|-damage|p1a: Hippowdon|31/100
|
|t:|1779609742
|switch|p2a: Zamazenta|Zamazenta|95/100|[from] Flip Turn
|-damage|p2a: Zamazenta|89/100|[from] Stealth Rock
|move|p1a: Hippowdon|Iron Head|p2a: Zamazenta
|-damage|p2a: Zamazenta|69/100
|
|-weather|Sandstorm|[upkeep]
|-damage|p2a: Zamazenta|63/100|[from] Sandstorm
|-heal|p2a: Zamazenta|69/100|[from] item: Leftovers
|upkeep
|turn|14
|
|t:|1779609747
|switch|p2a: Alomomola|Alomomola, F|100/100
|-damage|p2a: Alomomola|88/100|[from] Stealth Rock
|switch|p1a: Great Tusk|Great Tusk|100/100
|-enditem|p1a: Great Tusk|Booster Energy
|-activate|p1a: Great Tusk|ability: Protosynthesis|[fromitem]
|-start|p1a: Great Tusk|protosynthesisatk
|
|-weather|Sandstorm|[upkeep]
|-damage|p2a: Alomomola|82/100|[from] Sandstorm
|upkeep
|turn|15
|
|t:|1779609751
|switch|p2a: Gholdengo|Gholdengo|100/100
|-damage|p2a: Gholdengo|94/100|[from] Stealth Rock
|move|p1a: Great Tusk|Rapid Spin|p2a: Gholdengo
|-immune|p2a: Gholdengo
|
|-weather|Sandstorm|[upkeep]
|upkeep
|turn|16
|
|t:|1779609756
|move|p2a: Gholdengo|Trick|p1a: Great Tusk
|-activate|p2a: Gholdengo|move: Trick|[of] p1a: Great Tusk
|-item|p1a: Great Tusk|Choice Scarf|[from] move: Trick
|-enditem|p2a: Gholdengo|Choice Scarf|[silent]|[from] move: Trick
|move|p1a: Great Tusk|Earthquake|p2a: Gholdengo
|-supereffective|p2a: Gholdengo
|-damage|p2a: Gholdengo|0 fnt
|faint|p2a: Gholdengo
|
|-weather|Sandstorm|[upkeep]
|upkeep
|
|t:|1779609756
|switch|p2a: Alomomola|Alomomola, F|100/100
|-damage|p2a: Alomomola|88/100|[from] Stealth Rock
|turn|17
|
|t:|1779609762
|move|p2a: Alomomola|Protect|p2a: Alomomola
|-singleturn|p2a: Alomomola|Protect
|move|p1a: Great Tusk|Earthquake|p2a: Alomomola
|-activate|p2a: Alomomola|move: Protect
|
|-weather|Sandstorm|[upkeep]
|-damage|p2a: Alomomola|82/100|[from] Sandstorm
|upkeep
|turn|18
|
|t:|1779609765
|move|p1a: Great Tusk|Earthquake|p2a: Alomomola
|-crit|p2a: Alomomola
|-damage|p2a: Alomomola|22/100
|-enditem|p2a: Alomomola|Red Card|[of] p1a: Great Tusk
|-end|p1a: Great Tusk|Protosynthesis|[silent]
|drag|p1a: Enamorus|Enamorus, F|100/100
|move|p2a: Alomomola|Flip Turn|p1a: Enamorus
|-damage|p1a: Enamorus|75/100
|
|t:|1779609765
|switch|p2a: Cinderace|Cinderace, F|100/100|[from] Flip Turn
|
|-weather|none
|upkeep
|turn|19
|
|t:|1779609773
|move|p2a: Cinderace|Pyro Ball|p1a: Enamorus
|-damage|p1a: Enamorus|0 fnt
|faint|p1a: Enamorus
|
|upkeep
|
|t:|1779609776
|switch|p1a: Hippowdon|Hippowdon, M|31/100
|-weather|Sandstorm|[from] ability: Sand Stream|[of] p1a: Hippowdon
|turn|20
|
|t:|1779609779
|switch|p1a: Excadrill|Excadrill, M|100/100
|move|p2a: Cinderace|Pyro Ball|p1a: Excadrill
|-supereffective|p1a: Excadrill
|-damage|p1a: Excadrill|0 fnt
|faint|p1a: Excadrill
|
|-weather|Sandstorm|[upkeep]
|-damage|p2a: Cinderace|95/100|[from] Sandstorm
|upkeep
|
|t:|1779609782
|switch|p1a: Great Tusk|Great Tusk|100/100
|turn|21
|
|t:|1779609786
|switch|p2a: Alomomola|Alomomola, F|55/100
|-damage|p2a: Alomomola|43/100|[from] Stealth Rock
|move|p1a: Great Tusk|Earthquake|p2a: Alomomola
|-damage|p2a: Alomomola|13/100
|
|-weather|Sandstorm|[upkeep]
|-damage|p2a: Alomomola|6/100|[from] Sandstorm
|upkeep
|turn|22
|
|t:|1779609789
|move|p1a: Great Tusk|Earthquake|p2a: Alomomola
|-damage|p2a: Alomomola|0 fnt
|faint|p2a: Alomomola
|
|-weather|Sandstorm|[upkeep]
|upkeep
|
|t:|1779609789
|switch|p2a: Zamazenta|Zamazenta|69/100
|-damage|p2a: Zamazenta|63/100|[from] Stealth Rock
|turn|23
|
|t:|1779609791
|move|p2a: Zamazenta|Body Press|p1a: Great Tusk
|-damage|p1a: Great Tusk|76/100
|move|p1a: Great Tusk|Earthquake|p2a: Zamazenta
|-crit|p2a: Zamazenta
|-damage|p2a: Zamazenta|4/100
|
|-weather|Sandstorm|[upkeep]
|-damage|p2a: Zamazenta|0 fnt|[from] Sandstorm
|faint|p2a: Zamazenta
|upkeep
|
|t:|1779609792
|switch|p2a: Cinderace|Cinderace, F|95/100
|turn|24
|
|t:|1779609795
|move|p2a: Cinderace|Pyro Ball|p1a: Great Tusk
|-damage|p1a: Great Tusk|39/100
|move|p1a: Great Tusk|Earthquake|p2a: Cinderace
|-supereffective|p2a: Cinderace
|-damage|p2a: Cinderace|0 fnt
|faint|p2a: Cinderace
|
|win|1331798aaa0
|c|☆AminitraboTTT|oof :(
|l|☆AminitraboTTT
|player|p2|
