|badge|p1|bronze|gen9randombattle|100-9
|uhtml|medal-msg|<div class="broadcast-blue">Curious what those medals under the avatar are? PS now has Ladder Seasons! For more information, check out the <a href="https://www.smogon.com/forums/threads/3740067/">thread on Smogon.</a></div>
|j|☆Gloriousplays
|j|☆blah0blah1blah2
|t:|1779627031
|gametype|singles
|player|p1|Gloriousplays|ash|1496
|player|p2|blah0blah1blah2|102|1454
|gen|9
|tier|[Gen 9] OU
|rated|
|rule|HP Percentage Mod: HP is shown in percentages
|rule|Endless Battle Clause: Forcing endless battles is banned
|rule|Species Clause: Limit one of each Pokémon
|rule|OHKO Clause: OHKO moves are banned
|rule|Evasion Items Clause: Evasion items are banned
|rule|Evasion Moves Clause: Evasion moves are banned
|rule|Evasion Abilities Clause: Evasion abilities are banned
|rule|Sleep Moves Clause: Sleep-inducing moves are banned
|clearpoke
|poke|p1|Zamazenta-*|
|poke|p1|Braviary-Hisui, M|
|poke|p1|Gholdengo|
|poke|p1|Raging Bolt|
|poke|p1|Hatterene, F|
|poke|p1|Darkrai|
|poke|p2|Regidrago|
|poke|p2|Regieleki|
|poke|p2|Registeel|
|poke|p2|Iron Treads|
|poke|p2|Primarina, M|
|poke|p2|Cresselia, F|
|teampreview
|inactive|Battle timer is ON: inactive players will automatically lose when time's up. (requested by blah0blah1blah2)
|c|☆blah0blah1blah2|ah
|inactive|Gloriousplays has 120 seconds left.
|c|☆Gloriousplays|pinkacross
|
|t:|1779627078
|teamsize|p1|6
|teamsize|p2|6
|start
|switch|p1a: Zamazenta|Zamazenta|100/100
|switch|p2a: Regieleki|Regieleki|100/100
|-ability|p1a: Zamazenta|Dauntless Shield|boost
|-boost|p1a: Zamazenta|def|1
|turn|1
|
|t:|1779627088
|move|p2a: Regieleki|Volt Switch|p1a: Zamazenta
|-damage|p1a: Zamazenta|64/100
|-damage|p2a: Regieleki|91/100|[from] item: Life Orb
|
|t:|1779627094
|switch|p2a: Cresselia|Cresselia, F|100/100|[from] Volt Switch
|move|p1a: Zamazenta|Light Screen|p1a: Zamazenta
|-sidestart|p1: Gloriousplays|move: Light Screen
|
|upkeep
|turn|2
|
|t:|1779627100
|move|p1a: Zamazenta|Reflect|p1a: Zamazenta
|-sidestart|p1: Gloriousplays|Reflect
|move|p2a: Cresselia|Future Sight|p1a: Zamazenta
|-start|p2a: Cresselia|move: Future Sight
|
|upkeep
|turn|3
|
|t:|1779627105
|move|p2a: Cresselia|Moonblast|p1a: Zamazenta
|-supereffective|p1a: Zamazenta
|-damage|p1a: Zamazenta|49/100
|move|p1a: Zamazenta|Roar|p2a: Cresselia
|drag|p2a: Primarina|Primarina, M|100/100
|
|upkeep
|turn|4
|
|t:|1779627117
|switch|p1a: xerxes|Braviary-Hisui, M, shiny|100/100
|move|p2a: Primarina|Moonblast|p1a: xerxes
|-damage|p1a: xerxes|72/100
|-unboost|p1a: xerxes|spa|1
|
|-end|p1a: xerxes|move: Future Sight
|-resisted|p1a: xerxes
|-damage|p1a: xerxes|62/100
|upkeep
|turn|5
|
|t:|1779627130
|move|p1a: xerxes|Calm Mind|p1a: xerxes
|-boost|p1a: xerxes|spa|1
|-boost|p1a: xerxes|spd|1
|move|p2a: Primarina|Flip Turn|p1a: xerxes
|-damage|p1a: xerxes|57/100
|
|t:|1779627138
|switch|p2a: Regieleki|Regieleki|91/100|[from] Flip Turn
|
|upkeep
|turn|6
|
|t:|1779627147
|switch|p1a: Raging Bolt|Raging Bolt|100/100
|-enditem|p1a: Raging Bolt|Booster Energy
|-activate|p1a: Raging Bolt|ability: Protosynthesis|[fromitem]
|-start|p1a: Raging Bolt|protosynthesisspa
|-terastallize|p2a: Regieleki|Electric
|move|p2a: Regieleki|Thunderbolt|p1a: Raging Bolt
|-resisted|p1a: Raging Bolt
|-damage|p1a: Raging Bolt|89/100
|-damage|p2a: Regieleki|81/100|[from] item: Life Orb
|
|upkeep
|turn|7
|
|t:|1779627158
|switch|p2a: Cresselia|Cresselia, F|100/100
|move|p1a: Raging Bolt|Calm Mind|p1a: Raging Bolt
|-boost|p1a: Raging Bolt|spa|1
|-boost|p1a: Raging Bolt|spd|1
|
|upkeep
|turn|8
|
|t:|1779627174
|move|p1a: Raging Bolt|Thunderbolt|p2a: Cresselia
|-crit|p2a: Cresselia
|-damage|p2a: Cresselia|7/100
|move|p2a: Cresselia|Future Sight|p1a: Raging Bolt
|-start|p2a: Cresselia|move: Future Sight
|
|-sideend|p1: Gloriousplays|move: Light Screen
|upkeep
|turn|9
|
|t:|1779627182
|move|p1a: Raging Bolt|Dragon Pulse|p2a: Cresselia
|-damage|p2a: Cresselia|0 fnt
|faint|p2a: Cresselia
|
|-sideend|p1: Gloriousplays|Reflect
|upkeep
|
|t:|1779627191
|switch|p2a: Iron Treads|Iron Treads|100/100
|turn|10
|
|t:|1779627200
|-terastallize|p1a: Raging Bolt|Ghost
|move|p2a: Iron Treads|Stealth Rock|p1a: Raging Bolt
|-sidestart|p1: Gloriousplays|move: Stealth Rock
|move|p1a: Raging Bolt|Dragon Pulse|p2a: Iron Treads
|-resisted|p2a: Iron Treads
|-damage|p2a: Iron Treads|35/100
|
|-end|p1a: Raging Bolt|move: Future Sight
|-damage|p1a: Raging Bolt|67/100
|upkeep
|turn|11
|
|t:|1779627221
|-end|p2a: Iron Treads|Quark Drive|[silent]
|switch|p2a: Primarina|Primarina, M|100/100
|move|p1a: Raging Bolt|Dragon Pulse|p2a: Primarina
|-immune|p2a: Primarina
|
|upkeep
|turn|12
|
|t:|1779627227
|switch|p2a: Regidrago|Regidrago|100/100
|move|p1a: Raging Bolt|Thunderbolt|p2a: Regidrago
|-resisted|p2a: Regidrago
|-damage|p2a: Regidrago|44/100
|
|upkeep
|turn|13
|
|t:|1779627236
|move|p2a: Regidrago|Draco Meteor|p1a: Raging Bolt
|-damage|p1a: Raging Bolt|13/100
|-unboost|p2a: Regidrago|spa|2
|move|p1a: Raging Bolt|Dragon Pulse|p2a: Regidrago
|-supereffective|p2a: Regidrago
|-damage|p2a: Regidrago|0 fnt
|faint|p2a: Regidrago
|
|upkeep
|
|t:|1779627248
|switch|p2a: Iron Treads|Iron Treads|35/100
|turn|14
|
|t:|1779627252
|move|p2a: Iron Treads|Knock Off|p1a: Raging Bolt
|-supereffective|p1a: Raging Bolt
|-damage|p1a: Raging Bolt|0 fnt
|faint|p1a: Raging Bolt
|-end|p1a: Raging Bolt|Protosynthesis|[silent]
|
|upkeep
|
|t:|1779627269
|switch|p1a: Zamazenta|Zamazenta|49/100
|-damage|p1a: Zamazenta|43/100|[from] Stealth Rock
|turn|15
|
|t:|1779627280
|move|p1a: Zamazenta|Light Screen|p1a: Zamazenta
|-sidestart|p1: Gloriousplays|move: Light Screen
|move|p2a: Iron Treads|Knock Off|p1a: Zamazenta
|-resisted|p1a: Zamazenta
|-damage|p1a: Zamazenta|33/100
|-enditem|p1a: Zamazenta|Light Clay|[from] move: Knock Off|[of] p2a: Iron Treads
|
|upkeep
|turn|16
|
|t:|1779627301
|-end|p2a: Iron Treads|Quark Drive|[silent]
|switch|p2a: Primarina|Primarina, M|100/100
|move|p1a: Zamazenta|Close Combat|p2a: Primarina
|-resisted|p2a: Primarina
|-damage|p2a: Primarina|74/100
|-unboost|p1a: Zamazenta|def|1
|-unboost|p1a: Zamazenta|spd|1
|
|upkeep
|turn|17
|
|t:|1779627308
|move|p1a: Zamazenta|Reflect|p1a: Zamazenta
|-sidestart|p1: Gloriousplays|Reflect
|move|p2a: Primarina|Moonblast|p1a: Zamazenta
|-supereffective|p1a: Zamazenta
|-damage|p1a: Zamazenta|0 fnt
|faint|p1a: Zamazenta
|
|upkeep
|
|t:|1779627318
|switch|p1a: Hatterene|Hatterene, F|100/100
|-damage|p1a: Hatterene|88/100|[from] Stealth Rock
|turn|18
|inactive|blah0blah1blah2 has 120 seconds left.
|
|t:|1779627353
|move|p2a: Primarina|Flip Turn|p1a: Hatterene
|-damage|p1a: Hatterene|82/100
|inactive|blah0blah1blah2 has 120 seconds left.
|
|t:|1779627366
|switch|p2a: Regieleki|Regieleki, tera:Electric|81/100|[from] Flip Turn
|move|p1a: Hatterene|Calm Mind|p1a: Hatterene
|-boost|p1a: Hatterene|spa|1
|-boost|p1a: Hatterene|spd|1
|
|-heal|p1a: Hatterene|88/100|[from] item: Leftovers
|upkeep
|turn|19
|inactive|blah0blah1blah2 has 120 seconds left.
|
|t:|1779627380
|move|p2a: Regieleki|Light Screen|p2a: Regieleki
|-sidestart|p2: blah0blah1blah2|move: Light Screen
|move|p1a: Hatterene|Draining Kiss|p2a: Regieleki
|-damage|p2a: Regieleki|49/100
|-heal|p1a: Hatterene|100/100|[from] drain|[of] p2a: Regieleki
|
|upkeep
|turn|20
|
|t:|1779627385
|move|p2a: Regieleki|Thunderbolt|p1a: Hatterene
|-damage|p1a: Hatterene|71/100
|-damage|p2a: Regieleki|39/100|[from] item: Life Orb
|move|p1a: Hatterene|Calm Mind|p1a: Hatterene
|-boost|p1a: Hatterene|spa|1
|-boost|p1a: Hatterene|spd|1
|
|-heal|p1a: Hatterene|77/100|[from] item: Leftovers
|upkeep
|turn|21
|
|t:|1779627388
|move|p2a: Regieleki|Thunderbolt|p1a: Hatterene
|-damage|p1a: Hatterene|53/100
|-damage|p2a: Regieleki|29/100|[from] item: Life Orb
|move|p1a: Hatterene|Draining Kiss|p2a: Regieleki
|-damage|p2a: Regieleki|0 fnt
|-heal|p1a: Hatterene|74/100|[from] drain|[of] p2a: Regieleki
|faint|p2a: Regieleki
|
|-heal|p1a: Hatterene|80/100|[from] item: Leftovers
|-sideend|p1: Gloriousplays|Reflect
|upkeep
|
|t:|1779627395
|switch|p2a: Iron Treads|Iron Treads|35/100
|turn|22
|
|t:|1779627400
|move|p2a: Iron Treads|Knock Off|p1a: Hatterene
|-damage|p1a: Hatterene|58/100
|-enditem|p1a: Hatterene|Leftovers|[from] move: Knock Off|[of] p2a: Iron Treads
|move|p1a: Hatterene|Psyshock|p2a: Iron Treads
|-resisted|p2a: Iron Treads
|-damage|p2a: Iron Treads|22/100
|
|-sideend|p1: Gloriousplays|move: Light Screen
|upkeep
|turn|23
|
|t:|1779627405
|move|p2a: Iron Treads|Earthquake|p1a: Hatterene
|-damage|p1a: Hatterene|22/100
|move|p1a: Hatterene|Draining Kiss|p2a: Iron Treads
|-resisted|p2a: Iron Treads
|-damage|p2a: Iron Treads|5/100
|-heal|p1a: Hatterene|35/100|[from] drain|[of] p2a: Iron Treads
|-damage|p1a: Hatterene|18/100|[from] item: Rocky Helmet|[of] p2a: Iron Treads
|
|-sideend|p2: blah0blah1blah2|move: Light Screen
|upkeep
|turn|24
|
|t:|1779627418
|move|p2a: Iron Treads|Earthquake|p1a: Hatterene
|-damage|p1a: Hatterene|0 fnt
|faint|p1a: Hatterene
|
|upkeep
|
|t:|1779627422
|switch|p1a: xerxes|Braviary-Hisui, M, shiny|57/100
|turn|25
|
|t:|1779627426
|move|p1a: xerxes|Vacuum Wave|p2a: Iron Treads
|-supereffective|p2a: Iron Treads
|-damage|p2a: Iron Treads|0 fnt
|faint|p2a: Iron Treads
|-end|p2a: Iron Treads|Quark Drive|[silent]
|
|upkeep
|
|t:|1779627438
|switch|p2a: Primarina|Primarina, M|74/100
|turn|26
|
|t:|1779627447
|move|p1a: xerxes|Esper Wing|p2a: Primarina
|-damage|p2a: Primarina|57/100
|-boost|p1a: xerxes|spe|1
|move|p2a: Primarina|Moonblast|p1a: xerxes
|-damage|p1a: xerxes|0 fnt
|faint|p1a: xerxes
|
|upkeep
|
|t:|1779627453
|switch|p1a: Gholdengo|Gholdengo|100/100
|-damage|p1a: Gholdengo|94/100|[from] Stealth Rock
|turn|27
|
|t:|1779627460
|switch|p2a: Registeel|Registeel|100/100
|move|p1a: Gholdengo|Nasty Plot|p1a: Gholdengo
|-boost|p1a: Gholdengo|spa|2
|
|upkeep
|turn|28
|
|t:|1779627474
|move|p1a: Gholdengo|Thunderbolt|p2a: Registeel
|-damage|p2a: Registeel|57/100
|move|p2a: Registeel|Stomping Tantrum|p1a: Gholdengo
|-supereffective|p1a: Gholdengo
|-damage|p1a: Gholdengo|63/100
|
|-heal|p2a: Registeel|63/100|[from] item: Leftovers
|upkeep
|turn|29
|
|t:|1779627480
|move|p1a: Gholdengo|Thunderbolt|p2a: Registeel
|-crit|p2a: Registeel
|-damage|p2a: Registeel|4/100
|-status|p2a: Registeel|par
|move|p2a: Registeel|Stomping Tantrum|p1a: Gholdengo
|-supereffective|p1a: Gholdengo
|-damage|p1a: Gholdengo|35/100
|
|-heal|p2a: Registeel|10/100 par|[from] item: Leftovers
|upkeep
|turn|30
|
|t:|1779627485
|move|p1a: Gholdengo|Recover|p1a: Gholdengo
|-heal|p1a: Gholdengo|85/100
|cant|p2a: Registeel|par
|
|-heal|p2a: Registeel|16/100 par|[from] item: Leftovers
|upkeep
|turn|31
|
|t:|1779627490
|move|p1a: Gholdengo|Thunderbolt|p2a: Registeel
|-damage|p2a: Registeel|0 fnt
|faint|p2a: Registeel
|
|upkeep
|
|t:|1779627493
|switch|p2a: Primarina|Primarina, M|57/100
|turn|32
|
|t:|1779627496
|move|p1a: Gholdengo|Make It Rain|p2a: Primarina
|-damage|p2a: Primarina|0 fnt
|-unboost|p1a: Gholdengo|spa|1
|faint|p2a: Primarina
|
|win|Gloriousplays
|raw|Gloriousplays's rating: 1496 &rarr; <strong>1514</strong><br />(+18 for winning)
|raw|blah0blah1blah2's rating: 1454 &rarr; <strong>1436</strong><br />(-18 for losing)
|l|☆Gloriousplays
|player|p1|
|l|☆blah0blah1blah2
|player|p2|
