|j|☆my shitters
|j|☆magikarp soup
|t:|1779634845
|gametype|singles
|player|p1|my shitters|preschooler|1446
|player|p2|magikarp soup|medium|1446
|gen|9
|tier|[Gen 9] OU
|rated|
|rule|HP Percentage Mod: HP is shown in percentages
|rule|Endless Battle Clause: Forcing endless battles is banned
|rule|Species Clause: Limit one of each Pokémon
|rule|OHKO Clause: OHKO moves are banned
|rule|Evasion Items Clause: Evasion items are banned
|rule|Evasion Moves Clause: Evasion moves are banned
|rule|Evasion Abilities Clause: Evasion abilities are banned
|rule|Sleep Moves Clause: Sleep-inducing moves are banned
|clearpoke
|poke|p1|Alcremie-Ruby-Swirl, F|
|poke|p1|Sableye, F|
|poke|p1|Primeape, F|
|poke|p1|Ursaring, F|
|poke|p1|Brute Bonnet|
|poke|p1|Squawkabilly-Blue, F|
|poke|p2|Cramorant, F|
|poke|p2|Ceruledge, M|
|poke|p2|Kyurem|
|poke|p2|Gyarados, M|
|poke|p2|Kingambit, F|
|poke|p2|Tornadus-Therian, M|
|teampreview
|inactive|Battle timer is ON: inactive players will automatically lose when time's up. (requested by my shitters)
|
|t:|1779634873
|teamsize|p1|6
|teamsize|p2|6
|start
|switch|p1a: BillyBlutcher|Squawkabilly-Blue, F|100/100
|switch|p2a: Cramorant|Cramorant, F|100/100
|-ability|p1a: BillyBlutcher|Intimidate|boost
|-unboost|p2a: Cramorant|atk|1
|turn|1
|inactive|magikarp soup has 120 seconds left.
|
|t:|1779634908
|move|p1a: BillyBlutcher|U-turn|p2a: Cramorant
|-resisted|p2a: Cramorant
|-damage|p2a: Cramorant|83/100
|
|t:|1779634913
|switch|p1a: OnePunchBear|Ursaring, F|100/100|[from] U-turn
|move|p2a: Cramorant|Surf|p1a: OnePunchBear
|-formechange|p2a: Cramorant|Cramorant-Gulping|
|-damage|p1a: OnePunchBear|52/100
|
|-status|p1a: OnePunchBear|brn|[from] item: Flame Orb
|upkeep
|turn|2
|
|t:|1779634920
|move|p2a: Cramorant|Surf|p1a: OnePunchBear
|-damage|p1a: OnePunchBear|3/100 brn
|move|p1a: OnePunchBear|Facade|p2a: Cramorant
|-damage|p2a: Cramorant|0 fnt
|-damage|p1a: OnePunchBear|0 fnt|[from] ability: Gulp Missile|[of] p2a: Cramorant
|-formechange|p2a: Cramorant|Cramorant|
|faint|p2a: Cramorant
|faint|p1a: OnePunchBear
|
|upkeep
|inactive|magikarp soup has 120 seconds left.
|
|t:|1779634930
|switch|p2a: Ceruledge|Ceruledge, M|100/100
|switch|p1a: BillyBlutcher|Squawkabilly-Blue, F|100/100
|-ability|p1a: BillyBlutcher|Intimidate|boost
|-unboost|p2a: Ceruledge|atk|1
|turn|3
|
|t:|1779634937
|move|p1a: BillyBlutcher|U-turn|p2a: Ceruledge
|-resisted|p2a: Ceruledge
|-damage|p2a: Ceruledge|95/100
|-ability|p2a: Ceruledge|Weak Armor|boost
|-unboost|p2a: Ceruledge|def|1
|-boost|p2a: Ceruledge|spe|2
|
|t:|1779634939
|switch|p1a: GemPostin|Sableye, F|100/100|[from] U-turn
|move|p2a: Ceruledge|Swords Dance|p2a: Ceruledge
|-boost|p2a: Ceruledge|atk|2
|
|upkeep
|turn|4
|
|t:|1779634945
|move|p1a: GemPostin|Encore|p2a: Ceruledge
|-start|p2a: Ceruledge|Encore
|move|p2a: Ceruledge|Swords Dance|p2a: Ceruledge
|-boost|p2a: Ceruledge|atk|2
|
|upkeep
|turn|5
|
|t:|1779634948
|move|p1a: GemPostin|Reflect|p1a: GemPostin
|-sidestart|p1: my shitters|Reflect
|move|p2a: Ceruledge|Swords Dance|p2a: Ceruledge
|-boost|p2a: Ceruledge|atk|2
|
|upkeep
|turn|6
|
|t:|1779634965
|move|p1a: GemPostin|Light Screen|p1a: GemPostin
|-sidestart|p1: my shitters|move: Light Screen
|move|p2a: Ceruledge|Swords Dance|p2a: Ceruledge
|-boost|p2a: Ceruledge|atk|1
|
|-end|p2a: Ceruledge|Encore
|upkeep
|turn|7
|
|t:|1779634973
|move|p1a: GemPostin|Encore|p2a: Ceruledge
|-start|p2a: Ceruledge|Encore
|move|p2a: Ceruledge|Swords Dance|p2a: Ceruledge
|-boost|p2a: Ceruledge|atk|0
|
|upkeep
|turn|8
|
|t:|1779634976
|switch|p1a: UngaBoonguss|Brute Bonnet|100/100
|-enditem|p1a: UngaBoonguss|Booster Energy
|-activate|p1a: UngaBoonguss|ability: Protosynthesis|[fromitem]
|-start|p1a: UngaBoonguss|protosynthesisatk
|move|p2a: Ceruledge|Swords Dance|p2a: Ceruledge
|-boost|p2a: Ceruledge|atk|0
|
|upkeep
|turn|9
|
|t:|1779634979
|move|p2a: Ceruledge|Swords Dance|p2a: Ceruledge
|-boost|p2a: Ceruledge|atk|0
|move|p1a: UngaBoonguss|Crunch|p2a: Ceruledge
|-supereffective|p2a: Ceruledge
|-damage|p2a: Ceruledge|0 fnt
|faint|p2a: Ceruledge
|
|upkeep
|
|t:|1779634999
|switch|p2a: Tornadus|Tornadus-Therian, M|100/100
|turn|10
|
|t:|1779635005
|move|p2a: Tornadus|Bleakwind Storm|p1a: UngaBoonguss
|-supereffective|p1a: UngaBoonguss
|-damage|p1a: UngaBoonguss|48/100
|-damage|p2a: Tornadus|91/100|[from] item: Life Orb
|move|p1a: UngaBoonguss|Crunch|p2a: Tornadus
|-damage|p2a: Tornadus|5/100
|
|upkeep
|turn|11
|
|t:|1779635016
|move|p1a: UngaBoonguss|Sucker Punch||[still]
|-fail|p1a: UngaBoonguss
|move|p2a: Tornadus|Nasty Plot|p2a: Tornadus
|-boost|p2a: Tornadus|spa|2
|
|upkeep
|turn|12
|
|t:|1779635019
|move|p1a: UngaBoonguss|Sucker Punch||[still]
|-fail|p1a: UngaBoonguss
|move|p2a: Tornadus|Nasty Plot|p2a: Tornadus
|-boost|p2a: Tornadus|spa|2
|
|-sideend|p1: my shitters|Reflect
|upkeep
|turn|13
|
|t:|1779635020
|move|p1a: UngaBoonguss|Sucker Punch||[still]
|-fail|p1a: UngaBoonguss
|move|p2a: Tornadus|Nasty Plot|p2a: Tornadus
|-boost|p2a: Tornadus|spa|2
|
|-sideend|p1: my shitters|move: Light Screen
|upkeep
|turn|14
|
|t:|1779635021
|move|p1a: UngaBoonguss|Sucker Punch||[still]
|-fail|p1a: UngaBoonguss
|move|p2a: Tornadus|Nasty Plot|p2a: Tornadus
|-boost|p2a: Tornadus|spa|0
|
|upkeep
|turn|15
|
|t:|1779635023
|move|p1a: UngaBoonguss|Sucker Punch||[still]
|-fail|p1a: UngaBoonguss
|move|p2a: Tornadus|Nasty Plot|p2a: Tornadus
|-boost|p2a: Tornadus|spa|0
|
|upkeep
|turn|16
|
|t:|1779635024
|move|p1a: UngaBoonguss|Sucker Punch||[still]
|-fail|p1a: UngaBoonguss
|move|p2a: Tornadus|Nasty Plot|p2a: Tornadus
|-boost|p2a: Tornadus|spa|0
|
|upkeep
|turn|17
|
|t:|1779635027
|move|p1a: UngaBoonguss|Sucker Punch||[still]
|-fail|p1a: UngaBoonguss
|move|p2a: Tornadus|Nasty Plot|p2a: Tornadus
|-boost|p2a: Tornadus|spa|0
|
|upkeep
|turn|18
|
|t:|1779635031
|move|p2a: Tornadus|Bleakwind Storm|p1a: UngaBoonguss
|-supereffective|p1a: UngaBoonguss
|-damage|p1a: UngaBoonguss|0 fnt
|faint|p1a: UngaBoonguss
|-end|p1a: UngaBoonguss|Protosynthesis|[silent]
|-damage|p2a: Tornadus|0 fnt|[from] item: Life Orb
|faint|p2a: Tornadus
|
|upkeep
|
|t:|1779635042
|switch|p2a: Gyarados|Gyarados, M|100/100
|switch|p1a: BillyBlutcher|Squawkabilly-Blue, F|100/100
|-ability|p1a: BillyBlutcher|Intimidate|boost
|-unboost|p2a: Gyarados|atk|1
|turn|19
|l|☆magikarp soup
|inactive|magikarp soup disconnected and has a minute to reconnect!
|player|p2|
|j|☆magikarp soup
|inactive|magikarp soup reconnected and has 135 seconds left.
|player|p2|magikarp soup|medium|
|
|t:|1779635062
|move|p1a: BillyBlutcher|Final Gambit|p2a: Gyarados
|-damage|p2a: Gyarados|0 fnt
|faint|p1a: BillyBlutcher
|faint|p2a: Gyarados
|
|upkeep
|
|t:|1779635067
|switch|p1a: PonnieColeman|Primeape, F|100/100
|switch|p2a: Kingambit|Kingambit, F|100/100
|-activate|p2a: Kingambit|ability: Supreme Overlord
|-start|p2a: Kingambit|fallen4|[silent]
|turn|20
|
|t:|1779635074
|move|p1a: PonnieColeman|Bulk Up|p1a: PonnieColeman
|-boost|p1a: PonnieColeman|atk|1
|-boost|p1a: PonnieColeman|def|1
|move|p2a: Kingambit|Zen Headbutt|p1a: PonnieColeman
|-supereffective|p1a: PonnieColeman
|-damage|p1a: PonnieColeman|30/100
|
|upkeep
|turn|21
|
|t:|1779635078
|-terastallize|p2a: Kingambit|Dark
|move|p2a: Kingambit|Sucker Punch|p1a: PonnieColeman
|-resisted|p1a: PonnieColeman
|-damage|p1a: PonnieColeman|8/100
|move|p1a: PonnieColeman|Drain Punch|p2a: Kingambit
|-supereffective|p2a: Kingambit
|-damage|p2a: Kingambit|31/100
|-heal|p1a: PonnieColeman|43/100|[from] drain|[of] p2a: Kingambit
|
|upkeep
|turn|22
|
|t:|1779635082
|move|p2a: Kingambit|Sucker Punch|p1a: PonnieColeman
|-resisted|p1a: PonnieColeman
|-damage|p1a: PonnieColeman|20/100
|move|p1a: PonnieColeman|Drain Punch|p2a: Kingambit
|-supereffective|p2a: Kingambit
|-damage|p2a: Kingambit|0 fnt
|-heal|p1a: PonnieColeman|36/100|[from] drain|[of] p2a: Kingambit
|faint|p2a: Kingambit
|-end|p2a: Kingambit|fallen4|[silent]
|
|upkeep
|
|t:|1779635084
|switch|p2a: Kyurem|Kyurem|100/100
|-ability|p2a: Kyurem|Pressure
|turn|23
|
|t:|1779635087
|move|p2a: Kyurem|Dragon Dance|p2a: Kyurem
|-boost|p2a: Kyurem|atk|1
|-boost|p2a: Kyurem|spe|1
|move|p1a: PonnieColeman|Drain Punch|p2a: Kyurem
|-supereffective|p2a: Kyurem
|-damage|p2a: Kyurem|24/100
|-heal|p1a: PonnieColeman|81/100|[from] drain|[of] p2a: Kyurem
|
|upkeep
|turn|24
|
|t:|1779635094
|-terastallize|p1a: PonnieColeman|Fire
|move|p2a: Kyurem|Icicle Spear|p1a: PonnieColeman
|-resisted|p1a: PonnieColeman
|-damage|p1a: PonnieColeman|74/100
|-resisted|p1a: PonnieColeman
|-damage|p1a: PonnieColeman|68/100
|-resisted|p1a: PonnieColeman
|-damage|p1a: PonnieColeman|61/100
|-resisted|p1a: PonnieColeman
|-damage|p1a: PonnieColeman|55/100
|-hitcount|p1a: PonnieColeman|4
|move|p1a: PonnieColeman|Drain Punch|p2a: Kyurem
|-supereffective|p2a: Kyurem
|-damage|p2a: Kyurem|0 fnt
|-heal|p1a: PonnieColeman|68/100|[from] drain|[of] p2a: Kyurem
|faint|p2a: Kyurem
|
|win|my shitters
|raw|my shitters's rating: 1446 &rarr; <strong>1466</strong><br />(+20 for winning)
|raw|magikarp soup's rating: 1446 &rarr; <strong>1426</strong><br />(-20 for losing)
|l|☆magikarp soup
|player|p2|
