|j|☆esta man oe
|j|☆cuddlerecoil
|t:|1779576871
|gametype|singles
|player|p1|esta man oe|preschooler|1431
|player|p2|cuddlerecoil|burglar-gen2|1422
|gen|9
|tier|[Gen 9] OU
|rated|
|rule|HP Percentage Mod: HP is shown in percentages
|rule|Endless Battle Clause: Forcing endless battles is banned
|rule|Species Clause: Limit one of each Pokémon
|rule|OHKO Clause: OHKO moves are banned
|rule|Evasion Items Clause: Evasion items are banned
|rule|Evasion Moves Clause: Evasion moves are banned
|rule|Evasion Abilities Clause: Evasion abilities are banned
|rule|Sleep Moves Clause: Sleep-inducing moves are banned
|clearpoke
|poke|p1|Torkoal, M|
|poke|p1|Pelipper, M|
|poke|p1|Walking Wake|
|poke|p1|Hatterene, F|
|poke|p1|Raging Bolt|
|poke|p1|Alomomola, F|
|poke|p2|Ceruledge, F|
|poke|p2|Manaphy|
|poke|p2|Dragonite, M|
|poke|p2|Garganacl, M|
|poke|p2|Kyurem|
|poke|p2|Mandibuzz, F|
|teampreview
|inactive|Battle timer is ON: inactive players will automatically lose when time's up. (requested by esta man oe)
|
|t:|1779576900
|teamsize|p1|6
|teamsize|p2|6
|start
|switch|p1a: Raging Bolt|Raging Bolt|100/100
|switch|p2a: Garganacl|Garganacl, M|100/100
|turn|1
|
|t:|1779576903
|move|p1a: Raging Bolt|Volt Switch|p2a: Garganacl
|-damage|p2a: Garganacl|77/100
|
|t:|1779576906
|-end|p1a: Raging Bolt|Protosynthesis|[silent]
|switch|p1a: Torkoal|Torkoal, M|100/100|[from] Volt Switch
|-weather|SunnyDay|[from] ability: Drought|[of] p1a: Torkoal
|move|p2a: Garganacl|Salt Cure|p1a: Torkoal
|-supereffective|p1a: Torkoal
|-damage|p1a: Torkoal|83/100
|-start|p1a: Torkoal|Salt Cure
|
|-weather|SunnyDay|[upkeep]
|-heal|p2a: Garganacl|83/100|[from] item: Leftovers
|-damage|p1a: Torkoal|71/100|[from] Salt Cure
|upkeep
|turn|2
|
|t:|1779576915
|move|p2a: Garganacl|Salt Cure|p1a: Torkoal
|-supereffective|p1a: Torkoal
|-damage|p1a: Torkoal|53/100
|move|p1a: Torkoal|Stealth Rock|p2a: Garganacl
|-sidestart|p2: cuddlerecoil|move: Stealth Rock
|
|-weather|SunnyDay|[upkeep]
|-heal|p2a: Garganacl|89/100|[from] item: Leftovers
|-damage|p1a: Torkoal|41/100|[from] Salt Cure
|upkeep
|turn|3
|
|t:|1779576922
|switch|p1a: Hatterene|Hatterene, F, shiny|100/100
|move|p2a: Garganacl|Salt Cure|p1a: Hatterene
|-damage|p1a: Hatterene|90/100
|-start|p1a: Hatterene|Salt Cure
|-enditem|p1a: Hatterene|Eject Button
|
|t:|1779576926
|switch|p1a: Walking Wake|Walking Wake|100/100
|-activate|p1a: Walking Wake|ability: Protosynthesis
|-start|p1a: Walking Wake|protosynthesisspa
|
|-weather|SunnyDay|[upkeep]
|-heal|p2a: Garganacl|95/100|[from] item: Leftovers
|upkeep
|turn|4
|
|t:|1779576935
|-terastallize|p1a: Walking Wake|Water
|-terastallize|p2a: Garganacl|Fairy
|move|p1a: Walking Wake|Hydro Steam|p2a: Garganacl
|-damage|p2a: Garganacl|0 fnt
|faint|p2a: Garganacl
|
|-weather|SunnyDay|[upkeep]
|upkeep
|
|t:|1779576947
|switch|p2a: Mandibuzz|Mandibuzz, F|100/100
|turn|5
|
|t:|1779576951
|move|p1a: Walking Wake|Hydro Steam|p2a: Mandibuzz
|-damage|p2a: Mandibuzz|0 fnt
|faint|p2a: Mandibuzz
|
|-weather|SunnyDay|[upkeep]
|upkeep
|-message|cuddlerecoil forfeited.
|
|win|esta man oe
|raw|esta man oe's rating: 1431 &rarr; <strong>1450</strong><br />(+19 for winning)
|raw|cuddlerecoil's rating: 1422 &rarr; <strong>1403</strong><br />(-19 for losing)
|l|☆cuddlerecoil
|player|p2|
