|j|☆raptors in 6
|j|☆haricane
|t:|1779635823
|gametype|singles
|player|p1|raptors in 6|2|1271
|player|p2|haricane|hilbert|1282
|gen|9
|tier|[Gen 9] OU
|rated|
|rule|HP Percentage Mod: HP is shown in percentages
|rule|Endless Battle Clause: Forcing endless battles is banned
|rule|Species Clause: Limit one of each Pokémon
|rule|OHKO Clause: OHKO moves are banned
|rule|Evasion Items Clause: Evasion items are banned
|rule|Evasion Moves Clause: Evasion moves are banned
|rule|Evasion Abilities Clause: Evasion abilities are banned
|rule|Sleep Moves Clause: Sleep-inducing moves are banned
|clearpoke
|poke|p1|Cramorant, M|
|poke|p1|Gallade, M|
|poke|p1|Kingambit, F|
|poke|p1|Iron Moth|
|poke|p1|Enamorus, F|
|poke|p1|Ogerpon-Cornerstone, F|
|poke|p2|Iron Thorns|
|poke|p2|Dragapult, M|
|poke|p2|Latias, F|
|poke|p2|Pawmot, M|
|poke|p2|Noivern, M|
|poke|p2|Armarouge, M|
|teampreview
|inactive|Battle timer is ON: inactive players will automatically lose when time's up. (requested by raptors in 6)
|
|t:|1779635861
|teamsize|p1|6
|teamsize|p2|6
|start
|switch|p1a: Ogerpon|Ogerpon-Cornerstone, F|100/100
|switch|p2a: Iron Thorns|Iron Thorns, shiny|100/100
|-enditem|p2a: Iron Thorns|Booster Energy
|-activate|p2a: Iron Thorns|ability: Quark Drive|[fromitem]
|-start|p2a: Iron Thorns|quarkdriveatk
|turn|1
|
|t:|1779635876
|move|p1a: Ogerpon|Power Whip|p2a: Iron Thorns
|-supereffective|p2a: Iron Thorns
|-damage|p2a: Iron Thorns|0 fnt
|faint|p2a: Iron Thorns
|-end|p2a: Iron Thorns|Quark Drive|[silent]
|
|upkeep
|
|t:|1779635882
|switch|p2a: Noivern|Noivern, M|100/100
|-item|p1a: Ogerpon|Cornerstone Mask|[from] ability: Frisk|[of] p2a: Noivern
|turn|2
|
|t:|1779635888
|move|p2a: Noivern|Switcheroo||[still]
|-fail|p2a: Noivern
|move|p1a: Ogerpon|Ivy Cudgel|p2a: Noivern|[anim] Ivy Cudgel Rock
|-supereffective|p2a: Noivern
|-damage|p2a: Noivern|0 fnt
|faint|p2a: Noivern
|
|upkeep
|c|☆raptors in 6|son
|
|t:|1779635908
|switch|p2a: Dragapult|Dragapult, M|100/100
|turn|3
|
|t:|1779635913
|move|p2a: Dragapult|Dragon Dance|p2a: Dragapult
|-boost|p2a: Dragapult|atk|1
|-boost|p2a: Dragapult|spe|1
|move|p1a: Ogerpon|Ivy Cudgel|p2a: Dragapult|[anim] Ivy Cudgel Rock
|-damage|p2a: Dragapult|19/100
|-enditem|p2a: Dragapult|Red Card|[of] p1a: Ogerpon
|drag|p1a: Cramorant|Cramorant, M, shiny|100/100
|
|upkeep
|turn|4
|
|t:|1779635921
|move|p2a: Dragapult|Dragon Darts|p1a: Cramorant
|-damage|p1a: Cramorant|29/100
|-anim|p2a: Dragapult|Dragon Darts|p1a: Cramorant
|-damage|p1a: Cramorant|0 fnt
|faint|p1a: Cramorant
|
|upkeep
|
|t:|1779635925
|switch|p1a: Enamorus|Enamorus, F|100/100
|turn|5
|
|t:|1779635928
|move|p2a: Dragapult|Phantom Force||[still]
|-prepare|p2a: Dragapult|Phantom Force
|move|p1a: Enamorus|Moonblast|p2a: Dragapult|[miss]
|-miss|p1a: Enamorus|p2a: Dragapult
|
|upkeep
|turn|6
|
|t:|1779635932
|move|p2a: Dragapult|Phantom Force|p1a: Enamorus|[from] lockedmove
|-enditem|p1a: Enamorus|Focus Sash
|-damage|p1a: Enamorus|1/100
|move|p1a: Enamorus|Moonblast|p2a: Dragapult
|-supereffective|p2a: Dragapult
|-damage|p2a: Dragapult|0 fnt
|faint|p2a: Dragapult
|
|upkeep
|
|t:|1779635941
|switch|p2a: Latias|Latias, F|100/100
|turn|7
|
|t:|1779635944
|move|p2a: Latias|Agility|p2a: Latias
|-boost|p2a: Latias|spe|2
|move|p1a: Enamorus|Moonblast|p2a: Latias
|-supereffective|p2a: Latias
|-damage|p2a: Latias|6/100
|-enditem|p2a: Latias|Weakness Policy
|-boost|p2a: Latias|atk|2|[from] item: Weakness Policy
|-boost|p2a: Latias|spa|2|[from] item: Weakness Policy
|
|upkeep
|turn|8
|
|t:|1779635954
|move|p2a: Latias|Draining Kiss|p1a: Enamorus
|-damage|p1a: Enamorus|0 fnt
|-heal|p2a: Latias|6/100|[from] drain|[of] p1a: Enamorus
|faint|p1a: Enamorus
|
|upkeep
|
|t:|1779635957
|switch|p1a: Gallade|Gallade, M|100/100
|turn|9
|
|t:|1779635962
|move|p1a: Gallade|Shadow Sneak|p2a: Latias
|-supereffective|p2a: Latias
|-damage|p2a: Latias|0 fnt
|faint|p2a: Latias
|
|upkeep
|
|t:|1779635971
|switch|p2a: Armarouge|Armarouge, M, shiny|100/100
|turn|10
|
|t:|1779635974
|switch|p1a: Ogerpon|Ogerpon-Cornerstone, F|100/100
|move|p2a: Armarouge|Armor Cannon|p1a: Ogerpon
|-damage|p1a: Ogerpon|18/100
|-unboost|p2a: Armarouge|def|1
|-unboost|p2a: Armarouge|spd|1
|
|upkeep
|turn|11
|
|t:|1779635982
|move|p2a: Armarouge|Endure|p2a: Armarouge
|-singleturn|p2a: Armarouge|move: Endure
|move|p1a: Ogerpon|Ivy Cudgel|p2a: Armarouge|[anim] Ivy Cudgel Rock
|-supereffective|p2a: Armarouge
|-activate|p2a: Armarouge|move: Endure
|-damage|p2a: Armarouge|1/100
|-ability|p2a: Armarouge|Weak Armor|boost
|-unboost|p2a: Armarouge|def|1
|-boost|p2a: Armarouge|spe|2
|
|upkeep
|turn|12
|-enditem|p2a: Armarouge|Custap Berry|[eat]
|-activate|p2a: Armarouge|item: Custap Berry|[consumed]
|
|t:|1779635994
|move|p2a: Armarouge|Stored Power|p1a: Ogerpon
|-damage|p1a: Ogerpon|0 fnt
|faint|p1a: Ogerpon
|
|upkeep
|
|t:|1779635999
|switch|p1a: Gallade|Gallade, M|100/100
|turn|13
|
|t:|1779636002
|move|p2a: Armarouge|Endure|p2a: Armarouge
|-singleturn|p2a: Armarouge|move: Endure
|move|p1a: Gallade|Shadow Sneak|p2a: Armarouge
|-supereffective|p2a: Armarouge
|-activate|p2a: Armarouge|move: Endure
|-damage|p2a: Armarouge|1/100
|-ability|p2a: Armarouge|Weak Armor|boost
|-unboost|p2a: Armarouge|def|1
|-boost|p2a: Armarouge|spe|2
|
|upkeep
|turn|14
|
|t:|1779636011
|-terastallize|p2a: Armarouge|Normal
|move|p1a: Gallade|Shadow Sneak|p2a: Armarouge
|-immune|p2a: Armarouge
|move|p2a: Armarouge|Stored Power|p1a: Gallade
|-damage|p1a: Gallade|43/100
|
|upkeep
|turn|15
|
|t:|1779636020
|move|p2a: Armarouge|Armor Cannon|p1a: Gallade
|-damage|p1a: Gallade|0 fnt
|-unboost|p2a: Armarouge|def|1
|-unboost|p2a: Armarouge|spd|1
|faint|p1a: Gallade
|
|upkeep
|
|t:|1779636023
|switch|p1a: Kingambit|Kingambit, F|100/100
|-activate|p1a: Kingambit|ability: Supreme Overlord
|-start|p1a: Kingambit|fallen4|[silent]
|turn|16
|
|t:|1779636029
|move|p2a: Armarouge|Endure|p2a: Armarouge
|-singleturn|p2a: Armarouge|move: Endure
|move|p1a: Kingambit|Sucker Punch||[still]
|-fail|p1a: Kingambit
|
|upkeep
|turn|17
|
|t:|1779636034
|move|p1a: Kingambit|Sucker Punch||[still]
|-fail|p1a: Kingambit
|move|p2a: Armarouge|Destiny Bond|p2a: Armarouge
|-singlemove|p2a: Armarouge|Destiny Bond
|
|upkeep
|turn|18
|
|t:|1779636041
|move|p2a: Armarouge|Armor Cannon|p1a: Kingambit
|-supereffective|p1a: Kingambit
|-damage|p1a: Kingambit|0 fnt
|-unboost|p2a: Armarouge|def|1
|-unboost|p2a: Armarouge|spd|1
|faint|p1a: Kingambit
|-end|p1a: Kingambit|fallen4|[silent]
|
|upkeep
|
|t:|1779636044
|switch|p1a: Iron Moth|Iron Moth|100/100
|-enditem|p1a: Iron Moth|Booster Energy
|-activate|p1a: Iron Moth|ability: Quark Drive|[fromitem]
|-start|p1a: Iron Moth|quarkdrivespe
|turn|19
|
|t:|1779636055
|-terastallize|p1a: Iron Moth|Grass
|move|p2a: Armarouge|Destiny Bond|p2a: Armarouge
|-singlemove|p2a: Armarouge|Destiny Bond
|move|p1a: Iron Moth|Fiery Dance|p2a: Armarouge
|-damage|p2a: Armarouge|0 fnt
|faint|p2a: Armarouge
|-activate|p2a: Armarouge|move: Destiny Bond
|faint|p1a: Iron Moth
|-end|p1a: Iron Moth|Quark Drive|[silent]
|
|win|haricane
|raw|raptors in 6's rating: 1271 &rarr; <strong>1247</strong><br />(-24 for losing)
|raw|haricane's rating: 1282 &rarr; <strong>1306</strong><br />(+24 for winning)
|l|☆raptors in 6
|player|p1|
|c|☆haricane|GG
|l|☆haricane
|player|p2|
