|j|☆2(sweet)
|j|☆manabi.portoviejo
|t:|1779663155
|gametype|singles
|player|p1|2(sweet)|1|1397
|player|p2|manabi.portoviejo|2|1532
|gen|9
|tier|[Gen 9] OU
|rated|
|rule|HP Percentage Mod: HP is shown in percentages
|rule|Endless Battle Clause: Forcing endless battles is banned
|rule|Species Clause: Limit one of each Pokémon
|rule|OHKO Clause: OHKO moves are banned
|rule|Evasion Items Clause: Evasion items are banned
|rule|Evasion Moves Clause: Evasion moves are banned
|rule|Evasion Abilities Clause: Evasion abilities are banned
|rule|Sleep Moves Clause: Sleep-inducing moves are banned
|clearpoke
|poke|p1|Hatterene, F|
|poke|p1|Emboar, M|
|poke|p1|Ursaluna, F|
|poke|p1|Clawitzer, M|
|poke|p1|Indeedee, M|
|poke|p1|Sinistcha-Masterpiece|
|poke|p2|Indeedee-F, F|
|poke|p2|Hoopa-Unbound|
|poke|p2|Hawlucha, M|
|poke|p2|Iron Crown|
|poke|p2|Hatterene, F|
|poke|p2|Ogerpon-Wellspring, F|
|teampreview
|inactive|Battle timer is ON: inactive players will automatically lose when time's up. (requested by manabi.portoviejo)
|
|t:|1779663176
|teamsize|p1|6
|teamsize|p2|6
|start
|switch|p1a: Ursaluna|Ursaluna, F|100/100
|switch|p2a: Indeedee|Indeedee-F, F|100/100
|-fieldstart|move: Psychic Terrain|[from] ability: Psychic Surge|[of] p2a: Indeedee
|turn|1
|
|t:|1779663179
|switch|p2a: Hatterene|Hatterene, F|100/100
|move|p1a: Ursaluna|Facade|p2a: Hatterene
|-damage|p2a: Hatterene|55/100
|-enditem|p2a: Hatterene|Eject Button
|
|t:|1779663192
|switch|p2a: Iron Crown|Iron Crown|100/100
|-enditem|p2a: Iron Crown|Booster Energy
|-activate|p2a: Iron Crown|ability: Quark Drive|[fromitem]
|-start|p2a: Iron Crown|quarkdrivespa
|
|-status|p1a: Ursaluna|brn|[from] item: Flame Orb
|upkeep
|turn|2
|
|t:|1779663207
|move|p2a: Iron Crown|Expanding Force|p1a: Ursaluna
|-damage|p1a: Ursaluna|0 fnt
|faint|p1a: Ursaluna
|
|upkeep
|
|t:|1779663219
|switch|p1a: Sinistcha|Sinistcha-Masterpiece|100/100
|turn|3
|
|t:|1779663226
|move|p2a: Iron Crown|Expanding Force|p1a: Sinistcha
|-damage|p1a: Sinistcha|0 fnt
|faint|p1a: Sinistcha
|
|upkeep
|
|t:|1779663234
|switch|p1a: Indeedee|Indeedee, M|100/100
|turn|4
|
|t:|1779663241
|move|p2a: Iron Crown|Tachyon Cutter|p1a: Indeedee
|-damage|p1a: Indeedee|63/100
|-damage|p1a: Indeedee|22/100
|-hitcount|p1a: Indeedee|2
|move|p1a: Indeedee|Trick Room|p1a: Indeedee
|-fieldstart|move: Trick Room|[of] p1a: Indeedee
|
|upkeep
|turn|5
|
|t:|1779663249
|switch|p1a: Clawitzer|Clawitzer, M|100/100
|move|p2a: Iron Crown|Tachyon Cutter|p1a: Clawitzer
|-resisted|p1a: Clawitzer
|-damage|p1a: Clawitzer|80/100
|-resisted|p1a: Clawitzer
|-crit|p1a: Clawitzer
|-damage|p1a: Clawitzer|52/100
|-hitcount|p1a: Clawitzer|2
|
|upkeep
|turn|6
|
|t:|1779663253
|move|p1a: Clawitzer|Dark Pulse|p2a: Iron Crown
|-supereffective|p2a: Iron Crown
|-damage|p2a: Iron Crown|6/100
|-damage|p1a: Clawitzer|42/100|[from] item: Life Orb
|cant|p2a: Iron Crown|flinch
|
|upkeep
|turn|7
|
|t:|1779663261
|move|p1a: Clawitzer|Dark Pulse|p2a: Iron Crown
|-supereffective|p2a: Iron Crown
|-damage|p2a: Iron Crown|0 fnt
|faint|p2a: Iron Crown
|-end|p2a: Iron Crown|Quark Drive|[silent]
|-damage|p1a: Clawitzer|32/100|[from] item: Life Orb
|
|upkeep
|
|t:|1779663268
|switch|p2a: Hatterene|Hatterene, F|55/100
|turn|8
|
|t:|1779663279
|switch|p1a: Hatterene|Hatterene, F|100/100
|move|p2a: Hatterene|Expanding Force|p1a: Hatterene
|-resisted|p1a: Hatterene
|-damage|p1a: Hatterene|45/100
|
|-heal|p1a: Hatterene|51/100|[from] item: Leftovers
|-fieldend|move: Trick Room
|-fieldend|move: Psychic Terrain
|upkeep
|turn|9
|
|t:|1779663297
|switch|p2a: Ogerpon|Ogerpon-Wellspring, F|100/100
|move|p1a: Hatterene|Trick Room|p1a: Hatterene
|-fieldstart|move: Trick Room|[of] p1a: Hatterene
|
|-heal|p1a: Hatterene|57/100|[from] item: Leftovers
|upkeep
|turn|10
|
|t:|1779663305
|move|p1a: Hatterene|Draining Kiss|p2a: Ogerpon
|-crit|p2a: Ogerpon
|-damage|p2a: Ogerpon|55/100
|-heal|p1a: Hatterene|93/100|[from] drain|[of] p2a: Ogerpon
|move|p2a: Ogerpon|Ivy Cudgel|p1a: Hatterene|[anim] Ivy Cudgel Water
|-crit|p1a: Hatterene
|-damage|p1a: Hatterene|18/100
|
|-heal|p1a: Hatterene|25/100|[from] item: Leftovers
|upkeep
|turn|11
|
|t:|1779663315
|move|p1a: Hatterene|Psyshock|p2a: Ogerpon
|-damage|p2a: Ogerpon|5/100
|move|p2a: Ogerpon|Ivy Cudgel|p1a: Hatterene|[anim] Ivy Cudgel Water
|-damage|p1a: Hatterene|0 fnt
|faint|p1a: Hatterene
|
|upkeep
|
|t:|1779663324
|switch|p1a: Clawitzer|Clawitzer, M|32/100
|turn|12
|
|t:|1779663332
|switch|p2a: Hatterene|Hatterene, F|55/100
|move|p1a: Clawitzer|Dark Pulse|p2a: Hatterene
|-damage|p2a: Hatterene|0 fnt
|faint|p2a: Hatterene
|-damage|p1a: Clawitzer|22/100|[from] item: Life Orb
|
|upkeep
|
|t:|1779663344
|switch|p2a: Indeedee|Indeedee-F, F|100/100
|-fieldstart|move: Psychic Terrain|[from] ability: Psychic Surge|[of] p2a: Indeedee
|turn|13
|
|t:|1779663349
|move|p1a: Clawitzer|Dark Pulse|p2a: Indeedee
|-supereffective|p2a: Indeedee
|-damage|p2a: Indeedee|19/100
|-damage|p1a: Clawitzer|13/100|[from] item: Life Orb
|move|p2a: Indeedee|Healing Wish|p2a: Indeedee
|faint|p2a: Indeedee
|
|-fieldend|move: Trick Room
|upkeep
|
|t:|1779663355
|switch|p2a: Hawlucha|Hawlucha, M|100/100
|-enditem|p2a: Hawlucha|Psychic Seed
|-boost|p2a: Hawlucha|spd|1|[from] item: Psychic Seed
|turn|14
|
|t:|1779663362
|move|p2a: Hawlucha|Acrobatics|p1a: Clawitzer
|-damage|p1a: Clawitzer|0 fnt
|faint|p1a: Clawitzer
|
|upkeep
|
|t:|1779663370
|switch|p1a: Emboar|Emboar, M|100/100
|turn|15
|
|t:|1779663374
|-terastallize|p1a: Emboar|Fairy
|move|p2a: Hawlucha|Acrobatics|p1a: Emboar
|-damage|p1a: Emboar|45/100
|move|p1a: Emboar|Wild Charge|p2a: Hawlucha
|-supereffective|p2a: Hawlucha
|-damage|p2a: Hawlucha|0 fnt
|faint|p2a: Hawlucha
|-damage|p1a: Emboar|24/100|[from] Recoil
|-damage|p1a: Emboar|14/100|[from] item: Life Orb
|
|upkeep
|
|t:|1779663380
|switch|p2a: Ogerpon|Ogerpon-Wellspring, F|5/100
|-heal|p2a: Ogerpon|100/100|[from] move: Healing Wish
|turn|16
|
|t:|1779663389
|move|p2a: Ogerpon|Ivy Cudgel|p1a: Emboar|[anim] Ivy Cudgel Water
|-damage|p1a: Emboar|0 fnt
|faint|p1a: Emboar
|
|upkeep
|-message|2(sweet) forfeited.
|
|win|manabi.portoviejo
|raw|2(sweet)'s rating: 1397 &rarr; <strong>1384</strong><br />(-13 for losing)
|raw|manabi.portoviejo's rating: 1532 &rarr; <strong>1545</strong><br />(+13 for winning)
|l|☆2(sweet)
|player|p1|
|l|☆manabi.portoviejo
|player|p2|
