|j|☆the800aleatori0
|j|‽aaagislash
|t:|1779630674
|gametype|singles
|player|p1|the800aleatori0|cheren-gen5bw2|1445
|player|p2|aaagislash|102|1495
|gen|9
|tier|[Gen 9] OU
|rated|
|rule|HP Percentage Mod: HP is shown in percentages
|rule|Endless Battle Clause: Forcing endless battles is banned
|rule|Species Clause: Limit one of each Pokémon
|rule|OHKO Clause: OHKO moves are banned
|rule|Evasion Items Clause: Evasion items are banned
|rule|Evasion Moves Clause: Evasion moves are banned
|rule|Evasion Abilities Clause: Evasion abilities are banned
|rule|Sleep Moves Clause: Sleep-inducing moves are banned
|clearpoke
|poke|p1|Gliscor, F|
|poke|p1|Gholdengo|
|poke|p1|Zapdos-Galar|
|poke|p1|Ogerpon-Wellspring, F|
|poke|p1|Iron Valiant|
|poke|p1|Cinderace, F|
|poke|p2|Wigglytuff, F|
|poke|p2|Empoleon, M|
|poke|p2|Smeargle, M|
|poke|p2|Falinks|
|poke|p2|Rabsca, F|
|poke|p2|Cresselia, F|
|teampreview
|inactive|Battle timer is ON: inactive players will automatically lose when time's up. (requested by the800aleatori0)
|
|t:|1779630684
|teamsize|p1|6
|teamsize|p2|6
|start
|switch|p1a: Gliscor|Gliscor, F|100/100
|switch|p2a: Cresselia|Cresselia, F|100/100
|turn|1
|
|t:|1779630687
|switch|p2a: Smeargle|Smeargle, M|100/100
|move|p1a: Gliscor|Protect||[still]
|-fail|p1a: Gliscor
|
|-status|p1a: Gliscor|tox|[from] item: Toxic Orb
|upkeep
|turn|2
|
|t:|1779630690
|move|p1a: Gliscor|Stealth Rock|p2a: Smeargle
|-sidestart|p2: aaagislash|move: Stealth Rock
|move|p2a: Smeargle|Sticky Web|p1a: Gliscor
|-sidestart|p1: the800aleatori0|move: Sticky Web
|
|upkeep
|turn|3
|
|t:|1779630695
|move|p1a: Gliscor|Earthquake|p2a: Smeargle
|-damage|p2a: Smeargle|58/100
|move|p2a: Smeargle|Trick Room|p2a: Smeargle
|-fieldstart|move: Trick Room|[of] p2a: Smeargle
|
|upkeep
|turn|4
|
|t:|1779630700
|move|p2a: Smeargle|Court Change|p2a: Smeargle
|-swapsideconditions
|-activate|p2a: Smeargle|move: Court Change
|move|p1a: Gliscor|Toxic|p2a: Smeargle
|-status|p2a: Smeargle|tox
|
|-damage|p2a: Smeargle|52/100 tox|[from] psn
|upkeep
|turn|5
|
|t:|1779630710
|move|p2a: Smeargle|Sticky Web|p1a: Gliscor
|-sidestart|p1: the800aleatori0|move: Sticky Web
|move|p1a: Gliscor|Stealth Rock|p2a: Smeargle
|-sidestart|p2: aaagislash|move: Stealth Rock
|
|-damage|p2a: Smeargle|40/100 tox|[from] psn
|upkeep
|turn|6
|
|t:|1779630715
|move|p2a: Smeargle|Ceaseless Edge|p1a: Gliscor
|-damage|p1a: Gliscor|97/100 tox
|-sidestart|p1: the800aleatori0|Spikes
|move|p1a: Gliscor|Earthquake|p2a: Smeargle
|-damage|p2a: Smeargle|0 fnt
|faint|p2a: Smeargle
|
|-heal|p1a: Gliscor|100/100 tox|[from] ability: Poison Heal
|upkeep
|
|t:|1779630729
|switch|p2a: Empoleon|Empoleon, M|100/100
|-activate|p2a: Empoleon|move: Sticky Web
|-unboost|p2a: Empoleon|spe|1
|-ability|p2a: Empoleon|Competitive|boost
|-boost|p2a: Empoleon|spa|2
|-damage|p2a: Empoleon|94/100|[from] Stealth Rock
|turn|7
|
|t:|1779630745
|move|p1a: Gliscor|Protect|p1a: Gliscor
|-singleturn|p1a: Gliscor|Protect
|move|p2a: Empoleon|Flash Cannon|p1a: Gliscor
|-activate|p1a: Gliscor|move: Protect
|
|-fieldend|move: Trick Room
|upkeep
|turn|8
|
|t:|1779630750
|switch|p1a: Ogerpon|Ogerpon-Wellspring, F|100/100
|-damage|p1a: Ogerpon|88/100|[from] Stealth Rock
|-activate|p1a: Ogerpon|move: Sticky Web
|-unboost|p1a: Ogerpon|spe|1
|-damage|p1a: Ogerpon|76/100|[from] Spikes
|move|p2a: Empoleon|Flash Cannon|p1a: Ogerpon
|-resisted|p1a: Ogerpon
|-damage|p1a: Ogerpon|4/100
|
|upkeep
|turn|9
|
|t:|1779630762
|switch|p2a: Falinks|Falinks|100/100
|-activate|p2a: Falinks|move: Sticky Web
|-unboost|p2a: Falinks|spe|1
|-ability|p2a: Falinks|Defiant|boost
|-boost|p2a: Falinks|atk|2
|-damage|p2a: Falinks|95/100|[from] Stealth Rock
|move|p1a: Ogerpon|Horn Leech|p2a: Falinks
|-damage|p2a: Falinks|51/100
|-heal|p1a: Ogerpon|29/100|[from] drain|[of] p2a: Falinks
|
|upkeep
|turn|10
|
|t:|1779630774
|move|p2a: Falinks|First Impression|p1a: Ogerpon
|-supereffective|p1a: Ogerpon
|-damage|p1a: Ogerpon|0 fnt
|faint|p1a: Ogerpon
|
|upkeep
|
|t:|1779630785
|switch|p1a: Zapdos|Zapdos-Galar|100/100
|-damage|p1a: Zapdos|88/100|[from] Stealth Rock
|turn|11
|
|t:|1779630795
|move|p2a: Falinks|First Impression||[still]
|-hint|First Impression only works on your first turn out.
|-fail|p2a: Falinks
|move|p1a: Zapdos|Brave Bird|p2a: Falinks
|-supereffective|p2a: Falinks
|-damage|p2a: Falinks|0 fnt
|faint|p2a: Falinks
|-damage|p1a: Zapdos|71/100|[from] Recoil
|
|upkeep
|
|t:|1779630801
|switch|p2a: Cresselia|Cresselia, F|100/100
|-damage|p2a: Cresselia|88/100|[from] Stealth Rock
|turn|12
|
|t:|1779630805
|switch|p1a: Cinderace|Cinderace, F|100/100
|move|p2a: Cresselia|Trick Room|p2a: Cresselia
|-fieldstart|move: Trick Room|[of] p2a: Cresselia
|
|upkeep
|turn|13
|
|t:|1779630821
|move|p2a: Cresselia|Lunar Dance|p2a: Cresselia
|faint|p2a: Cresselia
|move|p1a: Cinderace|Court Change|p1a: Cinderace
|-start|p1a: Cinderace|typechange|Normal|[from] ability: Libero
|-swapsideconditions
|-activate|p1a: Cinderace|move: Court Change
|
|upkeep
|
|t:|1779630829
|switch|p2a: Empoleon|Empoleon, M|94/100
|-heal|p2a: Empoleon|100/100|[from] move: Lunar Dance
|-damage|p2a: Empoleon|94/100|[from] Stealth Rock
|-activate|p2a: Empoleon|move: Sticky Web
|-unboost|p2a: Empoleon|spe|1
|-ability|p2a: Empoleon|Competitive|boost
|-boost|p2a: Empoleon|spa|2
|-damage|p2a: Empoleon|82/100|[from] Spikes
|turn|14
|
|t:|1779630835
|move|p2a: Empoleon|Surf|p1a: Cinderace
|-damage|p1a: Cinderace|0 fnt
|faint|p1a: Cinderace
|
|upkeep
|
|t:|1779630840
|switch|p1a: Gliscor|Gliscor, F|100/100 tox
|-damage|p1a: Gliscor|88/100 tox|[from] Stealth Rock
|turn|15
|
|t:|1779630843
|move|p1a: Gliscor|Protect|p1a: Gliscor
|-singleturn|p1a: Gliscor|Protect
|move|p2a: Empoleon|Surf|p1a: Gliscor
|-activate|p1a: Gliscor|move: Protect
|
|-heal|p1a: Gliscor|100/100 tox|[from] ability: Poison Heal
|upkeep
|turn|16
|inactive|the800aleatori0 has 120 seconds left.
|inactive|the800aleatori0 has 90 seconds left.
|inactive|the800aleatori0 has 60 seconds left.
|
|t:|1779630940
|move|p1a: Gliscor|Protect||[still]
|-fail|p1a: Gliscor
|move|p2a: Empoleon|Surf|p1a: Gliscor
|-supereffective|p1a: Gliscor
|-damage|p1a: Gliscor|0 fnt
|faint|p1a: Gliscor
|
|-fieldend|move: Trick Room
|upkeep
|
|t:|1779630946
|switch|p1a: Zapdos|Zapdos-Galar|71/100
|-damage|p1a: Zapdos|58/100|[from] Stealth Rock
|turn|17
|
|t:|1779630960
|move|p1a: Zapdos|Close Combat|p2a: Empoleon
|-supereffective|p2a: Empoleon
|-damage|p2a: Empoleon|0 fnt
|-unboost|p1a: Zapdos|def|1
|-unboost|p1a: Zapdos|spd|1
|faint|p2a: Empoleon
|
|upkeep
|
|t:|1779630962
|switch|p2a: Rabsca|Rabsca, F|100/100
|turn|18
|
|t:|1779630967
|switch|p1a: Gholdengo|Gholdengo|100/100
|-activate|p1a: Gholdengo|move: Sticky Web
|-unboost|p1a: Gholdengo|spe|1
|-damage|p1a: Gholdengo|94/100|[from] Stealth Rock
|move|p2a: Rabsca|Trick Room|p2a: Rabsca
|-fieldstart|move: Trick Room|[of] p2a: Rabsca
|
|upkeep
|turn|19
|
|t:|1779630975
|move|p2a: Rabsca|Revival Blessing|p2a: Rabsca
|
|t:|1779630980
|-heal|p2: Empoleon|50/100|[from] move: Revival Blessing
|move|p1a: Gholdengo|Shadow Ball|p2a: Rabsca
|-supereffective|p2a: Rabsca
|-damage|p2a: Rabsca|31/100
|
|upkeep
|turn|20
|
|t:|1779630996
|switch|p2a: Wigglytuff|Wigglytuff, F|100/100
|-damage|p2a: Wigglytuff|88/100|[from] Stealth Rock
|-activate|p2a: Wigglytuff|move: Sticky Web
|-unboost|p2a: Wigglytuff|spe|1
|-ability|p2a: Wigglytuff|Competitive|boost
|-boost|p2a: Wigglytuff|spa|2
|-damage|p2a: Wigglytuff|76/100|[from] Spikes
|move|p1a: Gholdengo|Shadow Ball|p2a: Wigglytuff
|-immune|p2a: Wigglytuff
|
|upkeep
|turn|21
|
|t:|1779631007
|switch|p1a: Iron Valiant|Iron Valiant|100/100
|-activate|p1a: Iron Valiant|move: Sticky Web
|-unboost|p1a: Iron Valiant|spe|1
|-damage|p1a: Iron Valiant|94/100|[from] Stealth Rock
|-enditem|p1a: Iron Valiant|Booster Energy
|-activate|p1a: Iron Valiant|ability: Quark Drive|[fromitem]
|-start|p1a: Iron Valiant|quarkdrivespa
|move|p2a: Wigglytuff|Fire Blast|p1a: Iron Valiant
|-damage|p1a: Iron Valiant|0 fnt
|faint|p1a: Iron Valiant
|-end|p1a: Iron Valiant|Quark Drive|[silent]
|
|upkeep
|inactive|the800aleatori0 has 90 seconds left.
|
|t:|1779631022
|switch|p1a: Gholdengo|Gholdengo|94/100
|-activate|p1a: Gholdengo|move: Sticky Web
|-unboost|p1a: Gholdengo|spe|1
|-damage|p1a: Gholdengo|88/100|[from] Stealth Rock
|turn|22
|
|t:|1779631042
|move|p2a: Wigglytuff|Fire Blast|p1a: Gholdengo
|-supereffective|p1a: Gholdengo
|-damage|p1a: Gholdengo|0 fnt
|faint|p1a: Gholdengo
|
|-fieldend|move: Trick Room
|upkeep
|
|t:|1779631045
|switch|p1a: Zapdos|Zapdos-Galar|58/100
|-damage|p1a: Zapdos|46/100|[from] Stealth Rock
|turn|23
|
|t:|1779631047
|-terastallize|p1a: Zapdos|Flying
|move|p1a: Zapdos|Brave Bird|p2a: Wigglytuff
|-damage|p2a: Wigglytuff|0 fnt
|faint|p2a: Wigglytuff
|-damage|p1a: Zapdos|13/100|[from] Recoil
|
|upkeep
|
|t:|1779631054
|switch|p2a: Rabsca|Rabsca, F|31/100
|turn|24
|
|t:|1779631059
|move|p1a: Zapdos|Brave Bird|p2a: Rabsca
|-supereffective|p2a: Rabsca
|-damage|p2a: Rabsca|0 fnt
|faint|p2a: Rabsca
|-damage|p1a: Zapdos|2/100|[from] Recoil
|
|upkeep
|
|t:|1779631061
|switch|p2a: Empoleon|Empoleon, M|50/100
|-damage|p2a: Empoleon|44/100|[from] Stealth Rock
|-activate|p2a: Empoleon|move: Sticky Web
|-unboost|p2a: Empoleon|spe|1
|-ability|p2a: Empoleon|Competitive|boost
|-boost|p2a: Empoleon|spa|2
|-damage|p2a: Empoleon|32/100|[from] Spikes
|turn|25
|
|t:|1779631065
|move|p1a: Zapdos|Brave Bird|p2a: Empoleon
|-resisted|p2a: Empoleon
|-damage|p2a: Empoleon|0 fnt
|faint|p2a: Empoleon
|-damage|p1a: Zapdos|0 fnt|[from] Recoil
|faint|p1a: Zapdos
|
|win|the800aleatori0
|raw|the800aleatori0's rating: 1445 &rarr; <strong>1468</strong><br />(+23 for winning)
|raw|aaagislash's rating: 1495 &rarr; <strong>1472</strong><br />(-23 for losing)
|l|☆the800aleatori0
|player|p1|
