|j|☆tukocazador
|j|☆JustMatMan
|t:|1779722112
|gametype|singles
|player|p1|tukocazador|bugcatcher-gen4dp|1253
|player|p2|JustMatMan|cheren|1242
|gen|9
|tier|[Gen 9] OU
|rated|
|rule|HP Percentage Mod: HP is shown in percentages
|rule|Endless Battle Clause: Forcing endless battles is banned
|rule|Species Clause: Limit one of each Pokémon
|rule|OHKO Clause: OHKO moves are banned
|rule|Evasion Items Clause: Evasion items are banned
|rule|Evasion Moves Clause: Evasion moves are banned
|rule|Evasion Abilities Clause: Evasion abilities are banned
|rule|Sleep Moves Clause: Sleep-inducing moves are banned
|clearpoke
|poke|p1|Ceruledge, F|
|poke|p1|Garganacl, F|
|poke|p1|Glimmora, F|
|poke|p1|Armarouge, M|
|poke|p1|Regieleki|
|poke|p1|Hatterene, F|
|poke|p2|Dragonite, M|
|poke|p2|Metagross|
|poke|p2|Krookodile, F|
|poke|p2|Vaporeon, F|
|poke|p2|Magmar, M|
|poke|p2|Torterra, F|
|teampreview
|
|t:|1779722130
|teamsize|p1|6
|teamsize|p2|6
|start
|switch|p1a: Glimmora|Glimmora, F|100/100
|switch|p2a: Magmar|Magmar, M|100/100
|turn|1
|
|t:|1779722143
|move|p1a: Glimmora|Stealth Rock|p2a: Magmar
|-sidestart|p2: JustMatMan|move: Stealth Rock
|move|p2a: Magmar|Scorching Sands|p1a: Glimmora
|-supereffective|p1a: Glimmora
|-damage|p1a: Glimmora|0 fnt
|faint|p1a: Glimmora
|
|upkeep
|
|t:|1779722159
|switch|p1a: Hatterene|Hatterene, F|100/100
|turn|2
|
|t:|1779722170
|move|p2a: Magmar|Knock Off|p1a: Hatterene
|-damage|p1a: Hatterene|84/100
|-damage|p2a: Magmar|84/100|[from] item: Rocky Helmet|[of] p1a: Hatterene
|-enditem|p1a: Hatterene|Rocky Helmet|[from] move: Knock Off|[of] p2a: Magmar
|move|p1a: Hatterene|Nuzzle|p2a: Magmar
|-damage|p2a: Magmar|79/100
|-status|p2a: Magmar|par
|-status|p1a: Hatterene|brn|[from] ability: Flame Body|[of] p2a: Magmar
|
|-damage|p1a: Hatterene|78/100 brn|[from] brn
|upkeep
|turn|3
|
|t:|1779722182
|switch|p2a: Metagross|Metagross|100/100
|-damage|p2a: Metagross|94/100|[from] Stealth Rock
|move|p1a: Hatterene|Psychic Noise|p2a: Metagross
|-resisted|p2a: Metagross
|-damage|p2a: Metagross|89/100
|-start|p2a: Metagross|move: Heal Block
|
|-damage|p1a: Hatterene|72/100 brn|[from] brn
|upkeep
|turn|4
|
|t:|1779722196
|switch|p1a: Armarouge|Armarouge, M|100/100
|move|p2a: Metagross|Meteor Mash|p1a: Armarouge|[miss]
|-miss|p2a: Metagross|p1a: Armarouge
|
|-end|p2a: Metagross|move: Heal Block
|upkeep
|turn|5
|
|t:|1779722230
|switch|p2a: Magmar|Magmar, M|79/100 par
|-damage|p2a: Magmar|55/100 par|[from] Stealth Rock
|move|p1a: Armarouge|Iron Defense|p1a: Armarouge
|-boost|p1a: Armarouge|def|2
|
|upkeep
|turn|6
|
|t:|1779722242
|move|p1a: Armarouge|Calm Mind|p1a: Armarouge
|-boost|p1a: Armarouge|spa|1
|-boost|p1a: Armarouge|spd|1
|move|p2a: Magmar|Scorching Sands|p1a: Armarouge
|-supereffective|p1a: Armarouge
|-damage|p1a: Armarouge|73/100
|-enditem|p1a: Armarouge|Weakness Policy
|-boost|p1a: Armarouge|atk|2|[from] item: Weakness Policy
|-boost|p1a: Armarouge|spa|2|[from] item: Weakness Policy
|
|upkeep
|turn|7
|
|t:|1779722251
|move|p1a: Armarouge|Stored Power|p2a: Magmar
|-damage|p2a: Magmar|0 fnt
|faint|p2a: Magmar
|
|upkeep
|
|t:|1779722296
|switch|p2a: Vaporeon|Vaporeon, F|100/100
|-damage|p2a: Vaporeon|88/100|[from] Stealth Rock
|turn|8
|
|t:|1779722309
|-terastallize|p2a: Vaporeon|Steel
|move|p1a: Armarouge|Stored Power|p2a: Vaporeon
|-resisted|p2a: Vaporeon
|-damage|p2a: Vaporeon|0 fnt
|faint|p2a: Vaporeon
|
|upkeep
|
|t:|1779722329
|switch|p2a: Krookodile|Krookodile, F|100/100
|-damage|p2a: Krookodile|94/100|[from] Stealth Rock
|-ability|p2a: Krookodile|Intimidate|boost
|-unboost|p1a: Armarouge|atk|1
|turn|9
|
|t:|1779722341
|move|p2a: Krookodile|Earthquake|p1a: Armarouge
|-supereffective|p1a: Armarouge
|-damage|p1a: Armarouge|28/100
|-ability|p1a: Armarouge|Weak Armor|boost
|-unboost|p1a: Armarouge|def|1
|-boost|p1a: Armarouge|spe|2
|move|p1a: Armarouge|Flamethrower|p2a: Krookodile
|-damage|p2a: Krookodile|0 fnt
|faint|p2a: Krookodile
|
|upkeep
|
|t:|1779722360
|switch|p2a: Dragonite|Dragonite, M|100/100
|turn|10
|
|t:|1779722365
|move|p2a: Dragonite|Extreme Speed|p1a: Armarouge
|-damage|p1a: Armarouge|9/100
|-ability|p1a: Armarouge|Weak Armor|boost
|-unboost|p1a: Armarouge|def|1
|-boost|p1a: Armarouge|spe|2
|move|p1a: Armarouge|Stored Power|p2a: Dragonite
|-damage|p2a: Dragonite|0 fnt
|faint|p2a: Dragonite
|
|upkeep
|
|t:|1779722375
|switch|p2a: Metagross|Metagross|89/100
|-damage|p2a: Metagross|83/100|[from] Stealth Rock
|turn|11
|
|t:|1779722379
|move|p2a: Metagross|Bullet Punch|p1a: Armarouge
|-resisted|p1a: Armarouge
|-damage|p1a: Armarouge|0 fnt
|faint|p1a: Armarouge
|
|upkeep
|
|t:|1779722385
|switch|p1a: Garganacl|Garganacl, F|100/100
|turn|12
|
|t:|1779722389
|move|p2a: Metagross|Meteor Mash|p1a: Garganacl
|-supereffective|p1a: Garganacl
|-damage|p1a: Garganacl|51/100
|move|p1a: Garganacl|Salt Cure|p2a: Metagross
|-resisted|p2a: Metagross
|-damage|p2a: Metagross|78/100
|-start|p2a: Metagross|Salt Cure
|
|-heal|p1a: Garganacl|58/100|[from] item: Leftovers
|-damage|p2a: Metagross|53/100|[from] Salt Cure
|upkeep
|turn|13
|
|t:|1779722406
|switch|p2a: Torterra|Torterra, F|100/100
|-damage|p2a: Torterra|94/100|[from] Stealth Rock
|-terastallize|p1a: Garganacl|Ghost
|move|p1a: Garganacl|Recover|p1a: Garganacl
|-heal|p1a: Garganacl|100/100
|
|upkeep
|turn|14
|
|t:|1779722416
|move|p2a: Torterra|Shell Smash|p2a: Torterra
|-unboost|p2a: Torterra|def|1
|-unboost|p2a: Torterra|spd|1
|-boost|p2a: Torterra|atk|2
|-boost|p2a: Torterra|spa|2
|-boost|p2a: Torterra|spe|2
|move|p1a: Garganacl|Curse|p2a: Torterra
|-start|p2a: Torterra|Curse|[of] p1a: Garganacl
|-damage|p1a: Garganacl|50/100
|
|-heal|p1a: Garganacl|57/100|[from] item: Leftovers
|-damage|p2a: Torterra|70/100|[from] Curse
|upkeep
|turn|15
|
|t:|1779722427
|move|p2a: Torterra|Bullet Seed|p1a: Garganacl
|-damage|p1a: Garganacl|45/100
|-damage|p1a: Garganacl|33/100
|-damage|p1a: Garganacl|21/100
|-damage|p1a: Garganacl|9/100
|-hitcount|p1a: Garganacl|4
|move|p1a: Garganacl|Recover|p1a: Garganacl
|-heal|p1a: Garganacl|59/100
|
|-heal|p1a: Garganacl|65/100|[from] item: Leftovers
|-damage|p2a: Torterra|45/100|[from] Curse
|upkeep
|turn|16
|
|t:|1779722444
|move|p2a: Torterra|Shell Smash|p2a: Torterra
|-unboost|p2a: Torterra|def|1
|-unboost|p2a: Torterra|spd|1
|-boost|p2a: Torterra|atk|2
|-boost|p2a: Torterra|spa|2
|-boost|p2a: Torterra|spe|2
|move|p1a: Garganacl|Recover|p1a: Garganacl
|-heal|p1a: Garganacl|100/100
|
|-damage|p2a: Torterra|20/100|[from] Curse
|upkeep
|turn|17
|
|t:|1779722463
|switch|p1a: Hatterene|Hatterene, F|72/100 brn
|move|p2a: Torterra|Bullet Seed|p1a: Hatterene
|-damage|p1a: Hatterene|45/100 brn
|-damage|p1a: Hatterene|14/100 brn
|-damage|p1a: Hatterene|0 fnt
|faint|p1a: Hatterene
|-hitcount|p1: Hatterene|3
|
|-damage|p2a: Torterra|0 fnt|[from] Curse
|faint|p2a: Torterra
|upkeep
|
|t:|1779722473
|switch|p2a: Metagross|Metagross|53/100
|switch|p1a: Garganacl|Garganacl, F, tera:Ghost|100/100
|-damage|p2a: Metagross|47/100|[from] Stealth Rock
|turn|18
|
|t:|1779722479
|move|p2a: Metagross|Meteor Mash|p1a: Garganacl
|-damage|p1a: Garganacl|77/100
|move|p1a: Garganacl|Salt Cure|p2a: Metagross
|-resisted|p2a: Metagross
|-damage|p2a: Metagross|42/100
|-start|p2a: Metagross|Salt Cure
|
|-heal|p1a: Garganacl|83/100|[from] item: Leftovers
|-damage|p2a: Metagross|17/100|[from] Salt Cure
|upkeep
|turn|19
|c|☆JustMatMan|gg
|
|t:|1779722488
|move|p2a: Metagross|Meteor Mash|p1a: Garganacl
|-damage|p1a: Garganacl|58/100
|-boost|p2a: Metagross|atk|1
|move|p1a: Garganacl|Recover|p1a: Garganacl
|-heal|p1a: Garganacl|100/100
|
|-damage|p2a: Metagross|0 fnt|[from] Salt Cure
|faint|p2a: Metagross
|
|win|tukocazador
|raw|tukocazador's rating: 1253 &rarr; <strong>1277</strong><br />(+24 for winning)
|raw|JustMatMan's rating: 1242 &rarr; <strong>1218</strong><br />(-24 for losing)
|c|☆tukocazador|gg!
|l|☆JustMatMan
|player|p2|
|l|☆tukocazador
|player|p1|
