|j|☆GwopMerchant
|j|☆fwhioooo
|t:|1779647655
|gametype|singles
|player|p1|GwopMerchant|170|1107
|player|p2|fwhioooo|swimmerf-gen4|1106
|gen|9
|tier|[Gen 9] OU
|rated|
|rule|HP Percentage Mod: HP is shown in percentages
|rule|Endless Battle Clause: Forcing endless battles is banned
|rule|Species Clause: Limit one of each Pokémon
|rule|OHKO Clause: OHKO moves are banned
|rule|Evasion Items Clause: Evasion items are banned
|rule|Evasion Moves Clause: Evasion moves are banned
|rule|Evasion Abilities Clause: Evasion abilities are banned
|rule|Sleep Moves Clause: Sleep-inducing moves are banned
|clearpoke
|poke|p1|Talonflame, M|
|poke|p1|Seviper, M|
|poke|p1|Cryogonal|
|poke|p1|Gligar, F|
|poke|p1|Conkeldurr, F|
|poke|p1|Latios, M|
|poke|p2|Hatterene, F|
|poke|p2|Gastrodon-East, M|
|poke|p2|Tyranitar, F|
|poke|p2|Bisharp, F|
|poke|p2|Mandibuzz, F|
|poke|p2|Pawmot, F|
|teampreview
|
|t:|1779647661
|teamsize|p1|6
|teamsize|p2|6
|start
|switch|p1a: Dua Lipa|Gligar, F, shiny|100/100
|switch|p2a: Tyranitar|Tyranitar, F|100/100
|-weather|Sandstorm|[from] ability: Sand Stream|[of] p2a: Tyranitar
|turn|1
|
|t:|1779647668
|switch|p2a: Mandibuzz|Mandibuzz, F|100/100
|move|p1a: Dua Lipa|Earthquake|p2a: Mandibuzz
|-immune|p2a: Mandibuzz
|
|-weather|Sandstorm|[upkeep]
|upkeep
|turn|2
|
|t:|1779647683
|switch|p1a: Frozone|Cryogonal|100/100
|move|p2a: Mandibuzz|Knock Off|p1a: Frozone
|-damage|p1a: Frozone|36/100
|-enditem|p1a: Frozone|Heavy-Duty Boots|[from] move: Knock Off|[of] p2a: Mandibuzz
|
|-weather|Sandstorm|[upkeep]
|-damage|p1a: Frozone|30/100|[from] Sandstorm
|upkeep
|turn|3
|
|t:|1779647692
|switch|p2a: Bisharp|Bisharp, F|100/100
|move|p1a: Frozone|Freeze-Dry|p2a: Bisharp
|-resisted|p2a: Bisharp
|-damage|p2a: Bisharp|87/100
|
|-weather|Sandstorm|[upkeep]
|-damage|p1a: Frozone|24/100|[from] Sandstorm
|upkeep
|turn|4
|
|t:|1779647701
|switch|p1a: Dua Lipa|Gligar, F, shiny|100/100
|move|p2a: Bisharp|Thunder Wave|p1a: Dua Lipa
|-immune|p1a: Dua Lipa
|
|-weather|Sandstorm|[upkeep]
|upkeep
|turn|5
|
|t:|1779647707
|switch|p2a: Mandibuzz|Mandibuzz, F|100/100
|move|p1a: Dua Lipa|Stealth Rock|p2a: Mandibuzz
|-sidestart|p2: fwhioooo|move: Stealth Rock
|
|-weather|none
|upkeep
|turn|6
|
|t:|1779647726
|move|p1a: Dua Lipa|Knock Off|p2a: Mandibuzz
|-resisted|p2a: Mandibuzz
|-damage|p2a: Mandibuzz|93/100
|-enditem|p2a: Mandibuzz|Figy Berry|[from] move: Knock Off|[of] p1a: Dua Lipa
|move|p2a: Mandibuzz|Defog|p1a: Dua Lipa
|-unboost|p1a: Dua Lipa|evasion|1
|-sideend|p2: fwhioooo|Stealth Rock|[from] move: Defog|[of] p2a: Mandibuzz
|
|upkeep
|turn|7
|
|t:|1779647733
|move|p1a: Dua Lipa|Stealth Rock|p2a: Mandibuzz
|-sidestart|p2: fwhioooo|move: Stealth Rock
|move|p2a: Mandibuzz|Knock Off|p1a: Dua Lipa
|-damage|p1a: Dua Lipa|83/100
|-enditem|p1a: Dua Lipa|Eviolite|[from] move: Knock Off|[of] p2a: Mandibuzz
|
|upkeep
|turn|8
|
|t:|1779647744
|move|p1a: Dua Lipa|U-turn|p2a: Mandibuzz
|-damage|p2a: Mandibuzz|81/100
|
|t:|1779647758
|switch|p1a: Boogie|Seviper, M, shiny|100/100|[from] U-turn
|move|p2a: Mandibuzz|Toxic|p1a: Boogie|[miss]
|-miss|p2a: Mandibuzz|p1a: Boogie
|
|upkeep
|turn|9
|
|t:|1779647765
|move|p1a: Boogie|Coil|p1a: Boogie
|-boost|p1a: Boogie|atk|1
|-boost|p1a: Boogie|def|1
|-boost|p1a: Boogie|accuracy|1
|move|p2a: Mandibuzz|Defog|p1a: Boogie
|-unboost|p1a: Boogie|evasion|1
|-sideend|p2: fwhioooo|Stealth Rock|[from] move: Defog|[of] p2a: Mandibuzz
|
|upkeep
|turn|10
|
|t:|1779647774
|switch|p2a: Bisharp|Bisharp, F|87/100
|move|p1a: Boogie|Coil|p1a: Boogie
|-boost|p1a: Boogie|atk|1
|-boost|p1a: Boogie|def|1
|-boost|p1a: Boogie|accuracy|1
|
|upkeep
|turn|11
|
|t:|1779647785
|-terastallize|p1a: Boogie|Ground
|move|p1a: Boogie|Earthquake|p2a: Bisharp
|-supereffective|p2a: Bisharp
|-damage|p2a: Bisharp|0 fnt
|faint|p2a: Bisharp
|
|upkeep
|
|t:|1779647792
|switch|p2a: Pawmot|Pawmot, F|100/100
|turn|12
|
|t:|1779647799
|move|p2a: Pawmot|Ice Punch|p1a: Boogie
|-supereffective|p1a: Boogie
|-damage|p1a: Boogie|46/100
|move|p1a: Boogie|Earthquake|p2a: Pawmot
|-supereffective|p2a: Pawmot
|-damage|p2a: Pawmot|0 fnt
|faint|p2a: Pawmot
|
|-heal|p1a: Boogie|52/100|[from] item: Leftovers
|upkeep
|
|t:|1779647808
|switch|p2a: Hatterene|Hatterene, F|100/100
|turn|13
|
|t:|1779647812
|move|p1a: Boogie|Gunk Shot|p2a: Hatterene
|-supereffective|p2a: Hatterene
|-damage|p2a: Hatterene|0 fnt
|faint|p2a: Hatterene
|
|-heal|p1a: Boogie|58/100|[from] item: Leftovers
|upkeep
|
|t:|1779647817
|switch|p2a: Gastrodon|Gastrodon-East, M|100/100
|turn|14
|
|t:|1779647828
|move|p1a: Boogie|Trailblaze|p2a: Gastrodon
|-supereffective|p2a: Gastrodon
|-damage|p2a: Gastrodon|0 fnt
|-boost|p1a: Boogie|spe|1
|-damage|p1a: Boogie|42/100|[from] item: Rocky Helmet|[of] p2a: Gastrodon
|faint|p2a: Gastrodon
|
|-heal|p1a: Boogie|48/100|[from] item: Leftovers
|upkeep
|
|t:|1779647835
|switch|p2a: Mandibuzz|Mandibuzz, F|81/100
|turn|15
|
|t:|1779647839
|move|p1a: Boogie|Gunk Shot|p2a: Mandibuzz
|-damage|p2a: Mandibuzz|0 fnt
|faint|p2a: Mandibuzz
|
|-heal|p1a: Boogie|53/100|[from] item: Leftovers
|upkeep
|
|t:|1779647842
|switch|p2a: Tyranitar|Tyranitar, F|100/100
|-weather|Sandstorm|[from] ability: Sand Stream|[of] p2a: Tyranitar
|turn|16
|
|t:|1779647846
|move|p1a: Boogie|Earthquake|p2a: Tyranitar
|-supereffective|p2a: Tyranitar
|-damage|p2a: Tyranitar|0 fnt
|faint|p2a: Tyranitar
|
|win|GwopMerchant
|raw|GwopMerchant's rating: 1107 &rarr; <strong>1132</strong><br />(+25 for winning)
|raw|fwhioooo's rating: 1106 &rarr; <strong>1081</strong><br />(-25 for losing)
|l|☆fwhioooo
|player|p2|
|c|☆GwopMerchant|gg
