|j|☆shunnybun
|j|☆JGCRAK1000
|t:|1779688062
|gametype|singles
|player|p1|shunnybun|102|1113
|player|p2|JGCRAK1000|hilbert-wonderlauncher|1105
|gen|9
|tier|[Gen 9] OU
|rated|
|rule|HP Percentage Mod: HP is shown in percentages
|rule|Endless Battle Clause: Forcing endless battles is banned
|rule|Species Clause: Limit one of each Pokémon
|rule|OHKO Clause: OHKO moves are banned
|rule|Evasion Items Clause: Evasion items are banned
|rule|Evasion Moves Clause: Evasion moves are banned
|rule|Evasion Abilities Clause: Evasion abilities are banned
|rule|Sleep Moves Clause: Sleep-inducing moves are banned
|clearpoke
|poke|p1|Toxapex, F|
|poke|p1|Tropius, F|
|poke|p1|Gliscor, F|
|poke|p1|Sableye, M|
|poke|p1|Great Tusk|
|poke|p1|Zamazenta-*|
|poke|p2|Samurott-Hisui, F|
|poke|p2|Glimmora, M|
|poke|p2|Typhlosion-Hisui, M|
|poke|p2|Gardevoir, M|
|poke|p2|Dragonite, M|
|poke|p2|Smeargle, M|
|teampreview
|inactive|Battle timer is ON: inactive players will automatically lose when time's up. (requested by JGCRAK1000)
|
|t:|1779688069
|teamsize|p1|6
|teamsize|p2|6
|start
|switch|p1a: Sableye|Sableye, M|100/100
|switch|p2a: Smeargle|Smeargle, M|100/100
|turn|1
|
|t:|1779688078
|move|p2a: Smeargle|Sticky Web|p1a: Sableye
|-sidestart|p1: shunnybun|move: Sticky Web
|move|p1a: Sableye|Knock Off|p2a: Smeargle
|-damage|p2a: Smeargle|32/100
|-enditem|p2a: Smeargle|Focus Sash|[from] move: Knock Off|[of] p1a: Sableye
|
|upkeep
|turn|2
|
|t:|1779688085
|move|p1a: Sableye|Encore|p2a: Smeargle
|-start|p2a: Smeargle|Encore
|move|p2a: Smeargle|Sticky Web||[still]
|-fail|p2a: Smeargle
|
|upkeep
|turn|3
|
|t:|1779688095
|switch|p2a: Samurott|Samurott-Hisui, F, shiny|100/100
|move|p1a: Sableye|Knock Off|p2a: Samurott
|-resisted|p2a: Samurott
|-damage|p2a: Samurott|86/100
|-enditem|p2a: Samurott|Assault Vest|[from] move: Knock Off|[of] p1a: Sableye
|
|upkeep
|turn|4
|
|t:|1779688105
|switch|p1a: Zamazenta|Zamazenta|100/100
|-activate|p1a: Zamazenta|move: Sticky Web
|-unboost|p1a: Zamazenta|spe|1
|-ability|p1a: Zamazenta|Dauntless Shield|boost
|-boost|p1a: Zamazenta|def|1
|move|p2a: Samurott|Ceaseless Edge|p1a: Zamazenta
|-resisted|p1a: Zamazenta
|-damage|p1a: Zamazenta|89/100
|-sidestart|p1: shunnybun|Spikes
|
|-heal|p1a: Zamazenta|95/100|[from] item: Leftovers
|upkeep
|turn|5
|
|t:|1779688117
|switch|p2a: Smeargle|Smeargle, M|32/100
|move|p1a: Zamazenta|Iron Defense|p1a: Zamazenta
|-boost|p1a: Zamazenta|def|2
|
|-heal|p1a: Zamazenta|100/100|[from] item: Leftovers
|upkeep
|turn|6
|
|t:|1779688127
|move|p1a: Zamazenta|Body Press|p2a: Smeargle
|-supereffective|p2a: Smeargle
|-damage|p2a: Smeargle|0 fnt
|faint|p2a: Smeargle
|
|upkeep
|
|t:|1779688141
|switch|p2a: Gardevoir|Gardevoir, M, shiny|100/100
|-ability|p2a: Gardevoir|Dauntless Shield|Trace|[from] ability: Trace|[of] p1a: Zamazenta
|-ability|p2a: Gardevoir|Dauntless Shield|boost
|-boost|p2a: Gardevoir|def|1
|turn|7
|
|t:|1779688152
|-terastallize|p1a: Zamazenta|Fairy
|move|p2a: Gardevoir|Psychic|p1a: Zamazenta
|-damage|p1a: Zamazenta|66/100
|move|p1a: Zamazenta|Crunch|p2a: Gardevoir
|-damage|p2a: Gardevoir|75/100
|
|-heal|p1a: Zamazenta|72/100|[from] item: Leftovers
|upkeep
|turn|8
|
|t:|1779688165
|switch|p1a: Gliscor|Gliscor, F|100/100
|move|p2a: Gardevoir|Psychic|p1a: Gliscor
|-damage|p1a: Gliscor|45/100
|
|-status|p1a: Gliscor|tox|[from] item: Toxic Orb
|upkeep
|turn|9
|
|t:|1779688176
|move|p1a: Gliscor|Protect|p1a: Gliscor
|-singleturn|p1a: Gliscor|Protect
|move|p2a: Gardevoir|Psychic|p1a: Gliscor
|-activate|p1a: Gliscor|move: Protect
|
|-heal|p1a: Gliscor|57/100 tox|[from] ability: Poison Heal
|upkeep
|turn|10
|
|t:|1779688191
|switch|p1a: Great Tusk|Great Tusk|100/100
|-activate|p1a: Great Tusk|move: Sticky Web
|-unboost|p1a: Great Tusk|spe|1
|-damage|p1a: Great Tusk|88/100|[from] Spikes
|move|p2a: Gardevoir|Psychic|p1a: Great Tusk
|-supereffective|p1a: Great Tusk
|-damage|p1a: Great Tusk|0 fnt
|faint|p1a: Great Tusk
|-end|p1a: Great Tusk|Protosynthesis|[silent]
|
|upkeep
|
|t:|1779688207
|switch|p1a: Tropius|Tropius, F|100/100
|turn|11
|
|t:|1779688211
|move|p2a: Gardevoir|Mystical Fire|p1a: Tropius
|-supereffective|p1a: Tropius
|-damage|p1a: Tropius|49/100
|-unboost|p1a: Tropius|spa|1
|-enditem|p1a: Tropius|Sitrus Berry|[eat]
|-heal|p1a: Tropius|74/100|[from] item: Sitrus Berry
|move|p1a: Tropius|Leech Seed|p2a: Gardevoir
|-start|p2a: Gardevoir|move: Leech Seed
|
|-damage|p2a: Gardevoir|62/100|[from] Leech Seed|[of] p1a: Tropius
|-heal|p1a: Tropius|83/100|[silent]
|-item|p1a: Tropius|Sitrus Berry|[from] ability: Harvest
|upkeep
|turn|12
|
|t:|1779688225
|move|p1a: Tropius|Protect|p1a: Tropius
|-singleturn|p1a: Tropius|Protect
|move|p2a: Gardevoir|Psychic|p1a: Tropius
|-activate|p1a: Tropius|move: Protect
|
|-damage|p2a: Gardevoir|50/100|[from] Leech Seed|[of] p1a: Tropius
|-heal|p1a: Tropius|91/100|[silent]
|upkeep
|turn|13
|
|t:|1779688234
|move|p2a: Gardevoir|Psychic|p1a: Tropius
|-damage|p1a: Tropius|48/100
|-enditem|p1a: Tropius|Sitrus Berry|[eat]
|-heal|p1a: Tropius|73/100|[from] item: Sitrus Berry
|move|p1a: Tropius|Substitute|p1a: Tropius
|-start|p1a: Tropius|Substitute
|-damage|p1a: Tropius|48/100
|
|-damage|p2a: Gardevoir|38/100|[from] Leech Seed|[of] p1a: Tropius
|-heal|p1a: Tropius|56/100|[silent]
|-item|p1a: Tropius|Sitrus Berry|[from] ability: Harvest
|upkeep
|turn|14
|
|t:|1779688251
|move|p1a: Tropius|Protect|p1a: Tropius
|-singleturn|p1a: Tropius|Protect
|move|p2a: Gardevoir|Mystical Fire|p1a: Tropius
|-activate|p1a: Tropius|move: Protect
|
|-damage|p2a: Gardevoir|25/100|[from] Leech Seed|[of] p1a: Tropius
|-heal|p1a: Tropius|65/100|[silent]
|upkeep
|turn|15
|
|t:|1779688261
|move|p2a: Gardevoir|Mystical Fire|p1a: Tropius
|-supereffective|p1a: Tropius
|-end|p1a: Tropius|Substitute
|move|p1a: Tropius|Substitute|p1a: Tropius
|-start|p1a: Tropius|Substitute
|-damage|p1a: Tropius|40/100
|-enditem|p1a: Tropius|Sitrus Berry|[eat]
|-heal|p1a: Tropius|65/100|[from] item: Sitrus Berry
|
|-damage|p2a: Gardevoir|13/100|[from] Leech Seed|[of] p1a: Tropius
|-heal|p1a: Tropius|73/100|[silent]
|-item|p1a: Tropius|Sitrus Berry|[from] ability: Harvest
|upkeep
|turn|16
|
|t:|1779688274
|move|p1a: Tropius|Protect|p1a: Tropius
|-singleturn|p1a: Tropius|Protect
|move|p2a: Gardevoir|Mystical Fire|p1a: Tropius
|-activate|p1a: Tropius|move: Protect
|
|-damage|p2a: Gardevoir|1/100|[from] Leech Seed|[of] p1a: Tropius
|-heal|p1a: Tropius|82/100|[silent]
|upkeep
|turn|17
|
|t:|1779688285
|move|p2a: Gardevoir|Mystical Fire|p1a: Tropius
|-supereffective|p1a: Tropius
|-end|p1a: Tropius|Substitute
|move|p1a: Tropius|Substitute|p1a: Tropius
|-start|p1a: Tropius|Substitute
|-damage|p1a: Tropius|57/100
|
|-damage|p2a: Gardevoir|0 fnt|[from] Leech Seed|[of] p1a: Tropius
|-heal|p1a: Tropius|57/100|[silent]
|faint|p2a: Gardevoir
|upkeep
|
|t:|1779688288
|switch|p2a: Samurott|Samurott-Hisui, F, shiny|86/100
|turn|18
|
|t:|1779688300
|move|p2a: Samurott|Ceaseless Edge|p1a: Tropius
|-end|p1a: Tropius|Substitute
|-sidestart|p1: shunnybun|Spikes
|move|p1a: Tropius|Leech Seed|p2a: Samurott
|-start|p2a: Samurott|move: Leech Seed
|
|-damage|p2a: Samurott|74/100|[from] Leech Seed|[of] p1a: Tropius
|-heal|p1a: Tropius|69/100|[silent]
|upkeep
|turn|19
|
|t:|1779688313
|move|p2a: Samurott|Knock Off|p1a: Tropius
|-damage|p1a: Tropius|42/100
|-enditem|p1a: Tropius|Sitrus Berry|[from] move: Knock Off|[of] p2a: Samurott
|move|p1a: Tropius|Substitute|p1a: Tropius
|-start|p1a: Tropius|Substitute
|-damage|p1a: Tropius|17/100
|
|-damage|p2a: Samurott|61/100|[from] Leech Seed|[of] p1a: Tropius
|-heal|p1a: Tropius|28/100|[silent]
|upkeep
|turn|20
|
|t:|1779688323
|move|p1a: Tropius|Protect|p1a: Tropius
|-singleturn|p1a: Tropius|Protect
|move|p2a: Samurott|Ceaseless Edge|p1a: Tropius
|-activate|p1a: Tropius|move: Protect
|
|-damage|p2a: Samurott|49/100|[from] Leech Seed|[of] p1a: Tropius
|-heal|p1a: Tropius|40/100|[silent]
|upkeep
|turn|21
|
|t:|1779688340
|move|p2a: Samurott|Ceaseless Edge|p1a: Tropius
|-end|p1a: Tropius|Substitute
|-sidestart|p1: shunnybun|Spikes
|move|p1a: Tropius|Substitute|p1a: Tropius
|-start|p1a: Tropius|Substitute
|-damage|p1a: Tropius|15/100
|
|-damage|p2a: Samurott|37/100|[from] Leech Seed|[of] p1a: Tropius
|-heal|p1a: Tropius|27/100|[silent]
|upkeep
|turn|22
|
|t:|1779688349
|switch|p2a: Typhlosion|Typhlosion-Hisui, M, shiny|100/100
|move|p1a: Tropius|Protect||[still]
|-fail|p1a: Tropius
|
|upkeep
|turn|23
|
|t:|1779688359
|move|p2a: Typhlosion|Substitute|p2a: Typhlosion
|-start|p2a: Typhlosion|Substitute
|-damage|p2a: Typhlosion|76/100
|move|p1a: Tropius|Leech Seed|p2a: Typhlosion|[miss]
|-miss|p1a: Tropius|p2a: Typhlosion
|
|upkeep
|turn|24
|
|t:|1779688367
|move|p2a: Typhlosion|Calm Mind|p2a: Typhlosion
|-boost|p2a: Typhlosion|spa|1
|-boost|p2a: Typhlosion|spd|1
|move|p1a: Tropius|Dragon Tail|p2a: Typhlosion
|-activate|p2a: Typhlosion|move: Substitute|[damage]
|
|upkeep
|turn|25
|
|t:|1779688376
|switch|p1a: Zamazenta|Zamazenta, tera:Fairy|72/100
|-activate|p1a: Zamazenta|move: Sticky Web
|-unboost|p1a: Zamazenta|spe|1
|-damage|p1a: Zamazenta|47/100|[from] Spikes
|move|p2a: Typhlosion|Flamethrower|p1a: Zamazenta
|-damage|p1a: Zamazenta|0 fnt
|faint|p1a: Zamazenta
|
|upkeep
|-message|shunnybun forfeited.
|
|win|JGCRAK1000
|raw|shunnybun's rating: 1113 &rarr; <strong>1087</strong><br />(-26 for losing)
|raw|JGCRAK1000's rating: 1105 &rarr; <strong>1131</strong><br />(+26 for winning)
|l|☆shunnybun
|player|p1|
|l|☆JGCRAK1000
|player|p2|
