|j|☆ejDOMiNE
|j|☆cting2h
|t:|1779711075
|gametype|singles
|player|p1|ejDOMiNE|102|1117
|player|p2|cting2h|emmet|1100
|gen|9
|tier|[Gen 9] OU
|rated|
|rule|HP Percentage Mod: HP is shown in percentages
|rule|Endless Battle Clause: Forcing endless battles is banned
|rule|Species Clause: Limit one of each Pokémon
|rule|OHKO Clause: OHKO moves are banned
|rule|Evasion Items Clause: Evasion items are banned
|rule|Evasion Moves Clause: Evasion moves are banned
|rule|Evasion Abilities Clause: Evasion abilities are banned
|rule|Sleep Moves Clause: Sleep-inducing moves are banned
|clearpoke
|poke|p1|Necrozma|
|poke|p1|Gliscor, M|
|poke|p1|Blastoise, M|
|poke|p1|Kingambit, F|
|poke|p1|Pecharunt|
|poke|p1|Garganacl, M|
|poke|p2|Glimmora, M|
|poke|p2|Clawitzer, M|
|poke|p2|Ogerpon-Wellspring, F|
|poke|p2|Regigigas|
|poke|p2|Noivern, M|
|poke|p2|Kingambit, M|
|teampreview
|inactive|Battle timer is ON: inactive players will automatically lose when time's up. (requested by ejDOMiNE)
|
|t:|1779711101
|teamsize|p1|6
|teamsize|p2|6
|start
|switch|p1a: Garganacl|Garganacl, M|100/100
|switch|p2a: Dark Blue Moon|Clawitzer, M|100/100
|turn|1
|
|t:|1779711115
|move|p2a: Dark Blue Moon|Aura Sphere|p1a: Garganacl
|-supereffective|p1a: Garganacl
|-damage|p1a: Garganacl|0 fnt
|faint|p1a: Garganacl
|-damage|p2a: Dark Blue Moon|91/100|[from] item: Life Orb
|
|upkeep
|
|t:|1779711128
|switch|p1a: Gliscor|Gliscor, M|100/100
|turn|2
|
|t:|1779711133
|move|p1a: Gliscor|Toxic|p2a: Dark Blue Moon
|-status|p2a: Dark Blue Moon|tox
|move|p2a: Dark Blue Moon|Water Pulse|p1a: Gliscor
|-supereffective|p1a: Gliscor
|-damage|p1a: Gliscor|0 fnt
|faint|p1a: Gliscor
|-damage|p2a: Dark Blue Moon|81/100 tox|[from] item: Life Orb
|
|-damage|p2a: Dark Blue Moon|75/100 tox|[from] psn
|upkeep
|
|t:|1779711146
|switch|p1a: Necrozma|Necrozma|100/100
|turn|3
|
|t:|1779711151
|move|p1a: Necrozma|Meteor Beam||[still]
|-prepare|p1a: Necrozma|Meteor Beam
|-boost|p1a: Necrozma|spa|1
|-enditem|p1a: Necrozma|Power Herb
|-anim|p1a: Necrozma|Meteor Beam|p2a: Dark Blue Moon
|-damage|p2a: Dark Blue Moon|0 fnt
|faint|p2a: Dark Blue Moon
|
|upkeep
|inactive|cting2h has 120 seconds left.
|
|t:|1779711201
|switch|p2a: Black Sabbath|Kingambit, M|100/100
|-activate|p2a: Black Sabbath|ability: Supreme Overlord
|-start|p2a: Black Sabbath|fallen1|[silent]
|turn|4
|
|t:|1779711211
|switch|p1a: Kingambit|Kingambit, F|100/100
|-activate|p1a: Kingambit|ability: Supreme Overlord
|-start|p1a: Kingambit|fallen2|[silent]
|move|p2a: Black Sabbath|Foul Play|p1a: Kingambit
|-resisted|p1a: Kingambit
|-damage|p1a: Kingambit|76/100
|
|upkeep
|turn|5
|inactive|cting2h has 120 seconds left.
|inactive|cting2h has 90 seconds left.
|
|t:|1779711261
|-end|p2a: Black Sabbath|fallen1|[silent]
|switch|p2a: Notorious B.I.G|Regigigas, shiny|100/100
|-start|p2a: Notorious B.I.G|ability: Slow Start
|move|p1a: Kingambit|Kowtow Cleave|p2a: Notorious B.I.G
|-damage|p2a: Notorious B.I.G|47/100
|-damage|p1a: Kingambit|66/100|[from] item: Life Orb
|
|-heal|p2a: Notorious B.I.G|53/100|[from] item: Leftovers
|upkeep
|turn|6
|inactive|cting2h has 90 seconds left.
|
|t:|1779711274
|move|p2a: Notorious B.I.G|Protect|p2a: Notorious B.I.G
|-singleturn|p2a: Notorious B.I.G|Protect
|move|p1a: Kingambit|Kowtow Cleave|p2a: Notorious B.I.G
|-activate|p2a: Notorious B.I.G|move: Protect
|
|-heal|p2a: Notorious B.I.G|59/100|[from] item: Leftovers
|upkeep
|turn|7
|
|t:|1779711284
|move|p1a: Kingambit|Kowtow Cleave|p2a: Notorious B.I.G
|-damage|p2a: Notorious B.I.G|7/100
|-damage|p1a: Kingambit|56/100|[from] item: Life Orb
|move|p2a: Notorious B.I.G|Earthquake|p1a: Kingambit
|-supereffective|p1a: Kingambit
|-damage|p1a: Kingambit|15/100
|
|-heal|p2a: Notorious B.I.G|13/100|[from] item: Leftovers
|upkeep
|turn|8
|
|t:|1779711295
|move|p2a: Notorious B.I.G|Protect|p2a: Notorious B.I.G
|-singleturn|p2a: Notorious B.I.G|Protect
|move|p1a: Kingambit|Kowtow Cleave|p2a: Notorious B.I.G
|-activate|p2a: Notorious B.I.G|move: Protect
|
|-heal|p2a: Notorious B.I.G|19/100|[from] item: Leftovers
|upkeep
|turn|9
|inactive|cting2h has 90 seconds left.
|
|t:|1779711329
|move|p2a: Notorious B.I.G|Protect||[still]
|-fail|p2a: Notorious B.I.G
|move|p1a: Kingambit|Kowtow Cleave|p2a: Notorious B.I.G
|-damage|p2a: Notorious B.I.G|0 fnt
|faint|p2a: Notorious B.I.G
|-end|p2a: Notorious B.I.G|Slow Start|[silent]
|-damage|p1a: Kingambit|5/100|[from] item: Life Orb
|
|upkeep
|inactive|cting2h has 60 seconds left.
|
|t:|1779711371
|switch|p2a: Black Sabbath|Kingambit, M|100/100
|-activate|p2a: Black Sabbath|ability: Supreme Overlord
|-start|p2a: Black Sabbath|fallen2|[silent]
|turn|10
|
|t:|1779711381
|move|p1a: Kingambit|Sucker Punch|p2a: Black Sabbath
|-resisted|p2a: Black Sabbath
|-damage|p2a: Black Sabbath|79/100
|-damage|p1a: Kingambit|0 fnt|[from] item: Life Orb
|faint|p1a: Kingambit
|-end|p1a: Kingambit|fallen2|[silent]
|move|p2a: Black Sabbath|Iron Head|p1: Kingambit|[notarget]
|-fail|p2a: Black Sabbath
|
|upkeep
|
|t:|1779711390
|switch|p1a: Blastoise|Blastoise, M|100/100
|turn|11
|
|t:|1779711399
|-end|p2a: Black Sabbath|fallen2|[silent]
|switch|p2a: Chase The Rainbow|Ogerpon-Wellspring, F|100/100
|move|p1a: Blastoise|Water Spout|p2a: Chase The Rainbow
|-immune|p2a: Chase The Rainbow|[from] ability: Water Absorb
|
|upkeep
|turn|12
|
|t:|1779711416
|switch|p1a: Pecharunt|Pecharunt|100/100
|move|p2a: Chase The Rainbow|Power Whip|p1a: Pecharunt
|-resisted|p1a: Pecharunt
|-damage|p1a: Pecharunt|75/100
|
|upkeep
|turn|13
|
|t:|1779711426
|move|p2a: Chase The Rainbow|Stomping Tantrum|p1a: Pecharunt
|-supereffective|p1a: Pecharunt
|-damage|p1a: Pecharunt|31/100
|-enditem|p1a: Pecharunt|Sitrus Berry|[eat]
|-heal|p1a: Pecharunt|56/100|[from] item: Sitrus Berry
|move|p1a: Pecharunt|Toxic|p2a: Chase The Rainbow
|-status|p2a: Chase The Rainbow|tox
|-start|p2a: Chase The Rainbow|confusion|[from] ability: Poison Puppeteer|[of] p1a: Pecharunt
|
|-damage|p2a: Chase The Rainbow|95/100 tox|[from] psn
|upkeep
|turn|14
|inactive|cting2h has 60 seconds left.
|
|t:|1779711439
|-activate|p2a: Chase The Rainbow|confusion
|move|p2a: Chase The Rainbow|Ivy Cudgel|p1a: Pecharunt|[anim] Ivy Cudgel Water
|-damage|p1a: Pecharunt|12/100
|move|p1a: Pecharunt|Venoshock|p2a: Chase The Rainbow
|-supereffective|p2a: Chase The Rainbow
|-damage|p2a: Chase The Rainbow|0 fnt
|faint|p2a: Chase The Rainbow
|
|upkeep
|
|t:|1779711447
|switch|p2a: Green Day|Glimmora, M, shiny|100/100
|turn|15
|inactive|cting2h has 60 seconds left.
|
|t:|1779711456
|switch|p1a: Necrozma|Necrozma|100/100
|move|p2a: Green Day|Power Gem|p1a: Necrozma
|-damage|p1a: Necrozma|64/100
|
|upkeep
|turn|16
|
|t:|1779711464
|move|p2a: Green Day|Power Gem|p1a: Necrozma
|-damage|p1a: Necrozma|25/100
|move|p1a: Necrozma|Morning Sun|p1a: Necrozma
|-heal|p1a: Necrozma|75/100
|
|upkeep
|turn|17
|
|t:|1779711477
|move|p2a: Green Day|Power Gem|p1a: Necrozma
|-damage|p1a: Necrozma|39/100
|move|p1a: Necrozma|Calm Mind|p1a: Necrozma
|-boost|p1a: Necrozma|spa|1
|-boost|p1a: Necrozma|spd|1
|
|upkeep
|turn|18
|
|t:|1779711488
|switch|p2a: Black Sabbath|Kingambit, M|79/100
|-activate|p2a: Black Sabbath|ability: Supreme Overlord
|-start|p2a: Black Sabbath|fallen3|[silent]
|move|p1a: Necrozma|Morning Sun|p1a: Necrozma
|-heal|p1a: Necrozma|89/100
|
|upkeep
|turn|19
|
|t:|1779711498
|switch|p1a: Blastoise|Blastoise, M|100/100
|move|p2a: Black Sabbath|Foul Play|p1a: Blastoise
|-damage|p1a: Blastoise|71/100
|
|upkeep
|turn|20
|
|t:|1779711517
|move|p1a: Blastoise|Water Spout|p2a: Black Sabbath
|-damage|p2a: Black Sabbath|40/100
|move|p2a: Black Sabbath|Stone Edge|p1a: Blastoise
|-crit|p1a: Blastoise
|-damage|p1a: Blastoise|0 fnt
|faint|p1a: Blastoise
|
|upkeep
|inactive|ejDOMiNE has 120 seconds left.
|l|☆ejDOMiNE
|inactive|ejDOMiNE disconnected and has a minute to reconnect!
|player|p1|
|j|☆ejDOMiNE
|inactive|ejDOMiNE reconnected and has 115 seconds left.
|player|p1|ejDOMiNE|102|
|-message|ejDOMiNE forfeited.
|
|win|cting2h
|raw|ejDOMiNE's rating: 1117 &rarr; <strong>1091</strong><br />(-26 for losing)
|raw|cting2h's rating: 1100 &rarr; <strong>1126</strong><br />(+26 for winning)
|l|☆ejDOMiNE
|player|p1|
|l|☆cting2h
|player|p2|
