|j|☆Maxgreen2003
|j|☆komodin802
|t:|1779631225
|gametype|singles
|player|p1|Maxgreen2003|veteran|1153
|player|p2|komodin802|102|1196
|gen|9
|tier|[Gen 9] OU
|rated|
|rule|HP Percentage Mod: HP is shown in percentages
|rule|Endless Battle Clause: Forcing endless battles is banned
|rule|Species Clause: Limit one of each Pokémon
|rule|OHKO Clause: OHKO moves are banned
|rule|Evasion Items Clause: Evasion items are banned
|rule|Evasion Moves Clause: Evasion moves are banned
|rule|Evasion Abilities Clause: Evasion abilities are banned
|rule|Sleep Moves Clause: Sleep-inducing moves are banned
|clearpoke
|poke|p1|Moltres-Galar|
|poke|p1|Sableye, M|
|poke|p1|Abomasnow, M|
|poke|p1|Kyurem|
|poke|p1|Swampert, M|
|poke|p1|Hoopa-Unbound|
|poke|p2|Cinderace, F|
|poke|p2|Dragapult, M|
|poke|p2|Gliscor, F|
|poke|p2|Iron Moth|
|poke|p2|Garganacl, M|
|poke|p2|Murkrow, F|
|teampreview
|inactive|Battle timer is ON: inactive players will automatically lose when time's up. (requested by komodin802)
|
|t:|1779631240
|teamsize|p1|6
|teamsize|p2|6
|start
|switch|p1a: Abomasnow|Abomasnow, M|100/100
|switch|p2a: Murkrow|Murkrow, F|100/100
|-weather|Snowscape|[from] ability: Snow Warning|[of] p1a: Abomasnow
|turn|1
|
|t:|1779631251
|switch|p2a: Iron Moth|Iron Moth|100/100
|move|p1a: Abomasnow|Aurora Veil|p1a: Abomasnow
|-sidestart|p1: Maxgreen2003|move: Aurora Veil
|
|-weather|Snowscape|[upkeep]
|upkeep
|turn|2
|
|t:|1779631263
|switch|p1a: Swampert|Swampert, M|100/100
|move|p2a: Iron Moth|Fiery Dance|p1a: Swampert
|-resisted|p1a: Swampert
|-damage|p1a: Swampert|90/100
|-boost|p2a: Iron Moth|spa|1
|
|-weather|Snowscape|[upkeep]
|-heal|p1a: Swampert|96/100|[from] item: Leftovers
|upkeep
|turn|3
|
|t:|1779631279
|-end|p2a: Iron Moth|Quark Drive|[silent]
|switch|p2a: Murkrow|Murkrow, F|100/100
|move|p1a: Swampert|Stealth Rock|p2a: Murkrow
|-sidestart|p2: komodin802|move: Stealth Rock
|
|-weather|Snowscape|[upkeep]
|-heal|p1a: Swampert|100/100|[from] item: Leftovers
|upkeep
|turn|4
|
|t:|1779631295
|move|p2a: Murkrow|Taunt|p1a: Swampert
|-start|p1a: Swampert|move: Taunt
|move|p1a: Swampert|Flip Turn|p2a: Murkrow
|-damage|p2a: Murkrow|71/100
|
|t:|1779631316
|switch|p1a: Kyurem|Kyurem, shiny|100/100|[from] Flip Turn
|-ability|p1a: Kyurem|Pressure
|
|-weather|Snowscape|[upkeep]
|upkeep
|turn|5
|
|t:|1779631326
|switch|p2a: Garganacl|Garganacl, M|100/100
|-damage|p2a: Garganacl|88/100|[from] Stealth Rock
|move|p1a: Kyurem|Dragon Dance|p1a: Kyurem
|-boost|p1a: Kyurem|atk|1
|-boost|p1a: Kyurem|spe|1
|
|-weather|Snowscape|[upkeep]
|-heal|p2a: Garganacl|94/100|[from] item: Leftovers
|-sideend|p1: Maxgreen2003|move: Aurora Veil
|upkeep
|turn|6
|
|t:|1779631338
|move|p1a: Kyurem|Iron Head|p2a: Garganacl
|-supereffective|p2a: Garganacl
|-damage|p2a: Garganacl|38/100
|move|p2a: Garganacl|Salt Cure|p1a: Kyurem
|-supereffective|p1a: Kyurem
|-damage|p1a: Kyurem|86/100
|-start|p1a: Kyurem|Salt Cure
|
|-weather|Snowscape|[upkeep]
|-heal|p2a: Garganacl|44/100|[from] item: Leftovers
|-damage|p1a: Kyurem|74/100|[from] Salt Cure
|upkeep
|turn|7
|
|t:|1779631349
|move|p2a: Garganacl|Protect|p2a: Garganacl
|-singleturn|p2a: Garganacl|Protect
|move|p1a: Kyurem|Iron Head|p2a: Garganacl
|-activate|p2a: Garganacl|move: Protect
|
|-weather|Snowscape|[upkeep]
|-heal|p2a: Garganacl|50/100|[from] item: Leftovers
|-damage|p1a: Kyurem|61/100|[from] Salt Cure
|upkeep
|turn|8
|
|t:|1779631359
|move|p1a: Kyurem|Iron Head|p2a: Garganacl
|-supereffective|p2a: Garganacl
|-damage|p2a: Garganacl|0 fnt
|faint|p2a: Garganacl
|
|-weather|none
|-damage|p1a: Kyurem|49/100|[from] Salt Cure
|upkeep
|
|t:|1779631371
|switch|p2a: Cinderace|Cinderace, F|100/100
|turn|9
|
|t:|1779631384
|move|p2a: Cinderace|Court Change|p2a: Cinderace
|-start|p2a: Cinderace|typechange|Normal|[from] ability: Libero
|-swapsideconditions
|-activate|p2a: Cinderace|move: Court Change
|move|p1a: Kyurem|Outrage|p2a: Cinderace
|-damage|p2a: Cinderace|0 fnt
|faint|p2a: Cinderace
|
|-damage|p1a: Kyurem|37/100|[from] Salt Cure
|upkeep
|
|t:|1779631395
|switch|p2a: Dragapult|Dragapult, M|100/100
|turn|10
|
|t:|1779631399
|move|p2a: Dragapult|Dragon Dance|p2a: Dragapult
|-boost|p2a: Dragapult|atk|1
|-boost|p2a: Dragapult|spe|1
|move|p1a: Kyurem|Outrage|p2a: Dragapult|[from] lockedmove
|-supereffective|p2a: Dragapult
|-enditem|p2a: Dragapult|Focus Sash
|-damage|p2a: Dragapult|1/100
|-start|p1a: Kyurem|confusion|[fatigue]
|
|-damage|p1a: Kyurem|24/100|[from] Salt Cure
|upkeep
|turn|11
|
|t:|1779631414
|move|p2a: Dragapult|Dragon Dance|p2a: Dragapult
|-boost|p2a: Dragapult|atk|1
|-boost|p2a: Dragapult|spe|1
|-activate|p1a: Kyurem|confusion
|move|p1a: Kyurem|Outrage|p2a: Dragapult
|-supereffective|p2a: Dragapult
|-damage|p2a: Dragapult|0 fnt
|faint|p2a: Dragapult
|
|-damage|p1a: Kyurem|12/100|[from] Salt Cure
|upkeep
|
|t:|1779631425
|switch|p2a: Gliscor|Gliscor, F|100/100
|turn|12
|
|t:|1779631431
|-terastallize|p2a: Gliscor|Normal
|-activate|p1a: Kyurem|confusion
|move|p1a: Kyurem|Outrage|p2a: Gliscor|[from] lockedmove
|-damage|p2a: Gliscor|31/100
|move|p2a: Gliscor|Swords Dance|p2a: Gliscor
|-boost|p2a: Gliscor|atk|2
|
|-damage|p1a: Kyurem|0 fnt|[from] Salt Cure
|faint|p1a: Kyurem
|-status|p2a: Gliscor|tox|[from] item: Toxic Orb
|upkeep
|
|t:|1779631445
|switch|p1a: Sableye|Sableye, M|100/100
|-damage|p1a: Sableye|88/100|[from] Stealth Rock
|turn|13
|
|t:|1779631449
|move|p2a: Gliscor|Protect|p2a: Gliscor
|-singleturn|p2a: Gliscor|Protect
|move|p1a: Sableye|Encore|p2a: Gliscor
|-activate|p2a: Gliscor|move: Protect
|
|-heal|p2a: Gliscor|43/100 tox|[from] ability: Poison Heal
|upkeep
|turn|14
|
|t:|1779631458
|move|p1a: Sableye|Encore|p2a: Gliscor
|-start|p2a: Gliscor|Encore
|move|p2a: Gliscor|Protect||[still]
|-fail|p2a: Gliscor
|
|-heal|p2a: Gliscor|56/100 tox|[from] ability: Poison Heal
|upkeep
|turn|15
|
|t:|1779631466
|switch|p1a: Abomasnow|Abomasnow, M|100/100
|-damage|p1a: Abomasnow|75/100|[from] Stealth Rock
|-weather|Snowscape|[from] ability: Snow Warning|[of] p1a: Abomasnow
|move|p2a: Gliscor|Protect||[still]
|-fail|p2a: Gliscor
|
|-weather|Snowscape|[upkeep]
|-heal|p2a: Gliscor|68/100 tox|[from] ability: Poison Heal
|upkeep
|turn|16
|
|t:|1779631478
|move|p2a: Gliscor|Protect|p2a: Gliscor
|-singleturn|p2a: Gliscor|Protect
|move|p1a: Abomasnow|Aurora Veil|p1a: Abomasnow
|-sidestart|p1: Maxgreen2003|move: Aurora Veil
|
|-weather|Snowscape|[upkeep]
|-heal|p2a: Gliscor|80/100 tox|[from] ability: Poison Heal
|-end|p2a: Gliscor|Encore
|upkeep
|turn|17
|
|t:|1779631490
|move|p2a: Gliscor|Swords Dance|p2a: Gliscor
|-boost|p2a: Gliscor|atk|2
|move|p1a: Abomasnow|Blizzard|p2a: Gliscor
|-damage|p2a: Gliscor|8/100 tox
|
|-weather|Snowscape|[upkeep]
|-heal|p2a: Gliscor|20/100 tox|[from] ability: Poison Heal
|upkeep
|turn|18
|
|t:|1779631503
|-terastallize|p1a: Abomasnow|Water
|move|p2a: Gliscor|Protect|p2a: Gliscor
|-singleturn|p2a: Gliscor|Protect
|move|p1a: Abomasnow|Chilling Water|p2a: Gliscor
|-activate|p2a: Gliscor|move: Protect
|
|-weather|Snowscape|[upkeep]
|-heal|p2a: Gliscor|33/100 tox|[from] ability: Poison Heal
|upkeep
|turn|19
|
|t:|1779631514
|move|p2a: Gliscor|Facade|p1a: Abomasnow
|-damage|p1a: Abomasnow|0 fnt
|faint|p1a: Abomasnow
|
|-weather|Snowscape|[upkeep]
|-heal|p2a: Gliscor|45/100 tox|[from] ability: Poison Heal
|upkeep
|
|t:|1779631530
|switch|p1a: Swampert|Swampert, M|100/100
|-damage|p1a: Swampert|94/100|[from] Stealth Rock
|turn|20
|
|t:|1779631540
|move|p2a: Gliscor|Facade|p1a: Swampert
|-damage|p1a: Swampert|25/100
|move|p1a: Swampert|Liquidation|p2a: Gliscor
|-damage|p2a: Gliscor|5/100 tox
|
|-weather|Snowscape|[upkeep]
|-heal|p1a: Swampert|31/100|[from] item: Leftovers
|-heal|p2a: Gliscor|18/100 tox|[from] ability: Poison Heal
|-sideend|p1: Maxgreen2003|move: Aurora Veil
|upkeep
|turn|21
|
|t:|1779631551
|switch|p1a: Sableye|Sableye, M|88/100
|-damage|p1a: Sableye|75/100|[from] Stealth Rock
|move|p2a: Gliscor|Protect||[still]
|-fail|p2a: Gliscor
|
|-weather|Snowscape|[upkeep]
|-heal|p2a: Gliscor|30/100 tox|[from] ability: Poison Heal
|upkeep
|turn|22
|
|t:|1779631561
|move|p1a: Sableye|Encore|p2a: Gliscor
|-start|p2a: Gliscor|Encore
|move|p2a: Gliscor|Protect||[still]
|-fail|p2a: Gliscor
|
|-weather|none
|-heal|p2a: Gliscor|42/100 tox|[from] ability: Poison Heal
|upkeep
|turn|23
|
|t:|1779631579
|switch|p1a: Moltres|Moltres-Galar|100/100
|move|p2a: Gliscor|Protect||[still]
|-fail|p2a: Gliscor
|
|-heal|p2a: Gliscor|55/100 tox|[from] ability: Poison Heal
|upkeep
|turn|24
|
|t:|1779631588
|move|p2a: Gliscor|Protect|p2a: Gliscor
|-singleturn|p2a: Gliscor|Protect
|move|p1a: Moltres|Agility|p1a: Moltres
|-boost|p1a: Moltres|spe|2
|
|-heal|p2a: Gliscor|67/100 tox|[from] ability: Poison Heal
|-end|p2a: Gliscor|Encore
|upkeep
|turn|25
|
|t:|1779631601
|move|p1a: Moltres|Fiery Wrath|p2a: Gliscor
|-damage|p2a: Gliscor|6/100 tox
|move|p2a: Gliscor|Facade|p1a: Moltres
|-damage|p1a: Moltres|0 fnt
|faint|p1a: Moltres
|
|-heal|p2a: Gliscor|19/100 tox|[from] ability: Poison Heal
|upkeep
|
|t:|1779631608
|switch|p1a: Sableye|Sableye, M|75/100
|-damage|p1a: Sableye|63/100|[from] Stealth Rock
|turn|26
|
|t:|1779631614
|move|p1a: Sableye|Encore|p2a: Gliscor
|-start|p2a: Gliscor|Encore
|move|p2a: Gliscor|Facade|p1a: Sableye
|-immune|p1a: Sableye
|
|-heal|p2a: Gliscor|31/100 tox|[from] ability: Poison Heal
|upkeep
|turn|27
|
|t:|1779631626
|move|p2a: Gliscor|Facade|p1a: Sableye
|-immune|p1a: Sableye
|move|p1a: Sableye|Night Shade|p2a: Gliscor
|-immune|p2a: Gliscor
|
|-heal|p2a: Gliscor|43/100 tox|[from] ability: Poison Heal
|upkeep
|turn|28
|
|t:|1779631636
|move|p2a: Gliscor|Facade|p1a: Sableye
|-immune|p1a: Sableye
|move|p1a: Sableye|Night Shade|p2a: Gliscor
|-immune|p2a: Gliscor
|
|-heal|p2a: Gliscor|56/100 tox|[from] ability: Poison Heal
|-end|p2a: Gliscor|Encore
|upkeep
|turn|29
|
|t:|1779631648
|move|p1a: Sableye|Encore|p2a: Gliscor
|-start|p2a: Gliscor|Encore
|move|p2a: Gliscor|Facade|p1a: Sableye
|-immune|p1a: Sableye
|
|-heal|p2a: Gliscor|68/100 tox|[from] ability: Poison Heal
|upkeep
|turn|30
|
|t:|1779631658
|move|p2a: Gliscor|Facade|p1a: Sableye
|-immune|p1a: Sableye
|move|p1a: Sableye|Night Shade|p2a: Gliscor
|-immune|p2a: Gliscor
|
|-heal|p2a: Gliscor|80/100 tox|[from] ability: Poison Heal
|upkeep
|turn|31
|
|t:|1779631667
|move|p2a: Gliscor|Facade|p1a: Sableye
|-immune|p1a: Sableye
|move|p1a: Sableye|Night Shade|p2a: Gliscor
|-immune|p2a: Gliscor
|
|-heal|p2a: Gliscor|93/100 tox|[from] ability: Poison Heal
|-end|p2a: Gliscor|Encore
|upkeep
|turn|32
|
|t:|1779631681
|move|p1a: Sableye|Encore|p2a: Gliscor
|-start|p2a: Gliscor|Encore
|move|p2a: Gliscor|Facade|p1a: Sableye
|-immune|p1a: Sableye
|
|-heal|p2a: Gliscor|100/100 tox|[from] ability: Poison Heal
|upkeep
|turn|33
|
|t:|1779631691
|switch|p2a: Iron Moth|Iron Moth|100/100
|move|p1a: Sableye|Night Shade|p2a: Iron Moth
|-damage|p2a: Iron Moth|67/100
|
|upkeep
|turn|34
|
|t:|1779631699
|move|p1a: Sableye|Thunder Wave|p2a: Iron Moth
|-status|p2a: Iron Moth|par
|move|p2a: Iron Moth|Fiery Dance|p1a: Sableye
|-damage|p1a: Sableye|0 fnt
|faint|p1a: Sableye
|
|upkeep
|
|t:|1779631717
|switch|p1a: Swampert|Swampert, M|31/100
|-damage|p1a: Swampert|25/100|[from] Stealth Rock
|turn|35
|
|t:|1779631723
|move|p2a: Iron Moth|Sludge Wave|p1a: Swampert
|-resisted|p1a: Swampert
|-damage|p1a: Swampert|0 fnt
|faint|p1a: Swampert
|
|upkeep
|
|t:|1779631725
|switch|p1a: Hoopa|Hoopa-Unbound|100/100
|-damage|p1a: Hoopa|88/100|[from] Stealth Rock
|turn|36
|
|t:|1779631737
|move|p1a: Hoopa|Hyperspace Fury|p2a: Iron Moth
|-damage|p2a: Iron Moth|0 fnt
|-unboost|p1a: Hoopa|def|1
|faint|p2a: Iron Moth
|-end|p2a: Iron Moth|Quark Drive|[silent]
|
|upkeep
|
|t:|1779631743
|switch|p2a: Murkrow|Murkrow, F|71/100
|turn|37
|
|t:|1779631748
|move|p2a: Murkrow|Thunder Wave|p1a: Hoopa
|-hint|Since gen 7, Dark is immune to Prankster moves.
|-immune|p1a: Hoopa
|move|p1a: Hoopa|Wonder Room|p1a: Hoopa
|-fieldstart|move: Wonder Room|[of] p1a: Hoopa
|
|upkeep
|turn|38
|
|t:|1779631762
|move|p2a: Murkrow|Taunt|p1a: Hoopa
|-hint|Since gen 7, Dark is immune to Prankster moves.
|-immune|p1a: Hoopa
|move|p1a: Hoopa|Gunk Shot|p2a: Murkrow
|-damage|p2a: Murkrow|5/100
|-status|p2a: Murkrow|psn
|
|-damage|p2a: Murkrow|0 fnt|[from] psn
|faint|p2a: Murkrow
|upkeep
|
|t:|1779631775
|switch|p2a: Gliscor|Gliscor, F, tera:Normal|100/100 tox
|turn|39
|
|t:|1779631780
|move|p2a: Gliscor|Swords Dance|p2a: Gliscor
|-boost|p2a: Gliscor|atk|2
|move|p1a: Hoopa|Drain Punch|p2a: Gliscor
|-supereffective|p2a: Gliscor
|-damage|p2a: Gliscor|8/100 tox
|-heal|p1a: Hoopa|100/100|[from] drain|[of] p2a: Gliscor
|
|-heal|p2a: Gliscor|20/100 tox|[from] ability: Poison Heal
|upkeep
|turn|40
|
|t:|1779631791
|move|p2a: Gliscor|Protect|p2a: Gliscor
|-singleturn|p2a: Gliscor|Protect
|move|p1a: Hoopa|Drain Punch|p2a: Gliscor
|-activate|p2a: Gliscor|move: Protect
|
|-heal|p2a: Gliscor|33/100 tox|[from] ability: Poison Heal
|upkeep
|turn|41
|
|t:|1779631805
|move|p2a: Gliscor|Protect|p2a: Gliscor
|-singleturn|p2a: Gliscor|Protect
|move|p1a: Hoopa|Drain Punch|p2a: Gliscor
|-activate|p2a: Gliscor|move: Protect
|
|-heal|p2a: Gliscor|45/100 tox|[from] ability: Poison Heal
|-fieldend|move: Wonder Room
|upkeep
|turn|42
|
|t:|1779631816
|move|p2a: Gliscor|Facade|p1a: Hoopa
|-damage|p1a: Hoopa|0 fnt
|faint|p1a: Hoopa
|
|win|komodin802
|raw|Maxgreen2003's rating: 1153 &rarr; <strong>1131</strong><br />(-22 for losing)
|raw|komodin802's rating: 1196 &rarr; <strong>1218</strong><br />(+22 for winning)
|l|☆komodin802
|player|p2|
|l|☆Maxgreen2003
|player|p1|
