|j|☆yassouy
|j|☆wonderwand
|t:|1779628557
|gametype|singles
|player|p1|yassouy|1|1348
|player|p2|wonderwand|265|1357
|gen|9
|tier|[Gen 9] OU
|rated|
|rule|HP Percentage Mod: HP is shown in percentages
|rule|Endless Battle Clause: Forcing endless battles is banned
|rule|Species Clause: Limit one of each Pokémon
|rule|OHKO Clause: OHKO moves are banned
|rule|Evasion Items Clause: Evasion items are banned
|rule|Evasion Moves Clause: Evasion moves are banned
|rule|Evasion Abilities Clause: Evasion abilities are banned
|rule|Sleep Moves Clause: Sleep-inducing moves are banned
|clearpoke
|poke|p1|Ceruledge, M|
|poke|p1|Corviknight, M|
|poke|p1|Deoxys-Speed|
|poke|p1|Hatterene, F|
|poke|p1|Ting-Lu|
|poke|p1|Kingambit, M|
|poke|p2|Cresselia, F|
|poke|p2|Primeape, M|
|poke|p2|Rabsca, M|
|poke|p2|Pawmot, M|
|poke|p2|Donphan, M|
|poke|p2|Greninja-*, M|
|teampreview
|j| ronnelardales
|inactive|Battle timer is ON: inactive players will automatically lose when time's up. (requested by wonderwand)
|
|t:|1779628571
|teamsize|p1|6
|teamsize|p2|6
|start
|switch|p1a: Deoxys|Deoxys-Speed, shiny|100/100
|switch|p2a: Greninja|Greninja, M|100/100
|-ability|p1a: Deoxys|Pressure
|turn|1
|
|t:|1779628583
|move|p1a: Deoxys|Thunderbolt|p2a: Greninja
|-supereffective|p2a: Greninja
|-damage|p2a: Greninja|0 fnt
|faint|p2a: Greninja
|
|upkeep
|l| ronnelardales
|
|t:|1779628590
|switch|p2a: Primeape|Primeape, M|100/100
|turn|2
|
|t:|1779628595
|switch|p1a: Corviknight|Corviknight, M, shiny|100/100
|-ability|p1a: Corviknight|Pressure
|move|p2a: Primeape|Taunt|p1a: Corviknight
|-start|p1a: Corviknight|move: Taunt
|
|upkeep
|turn|3
|
|t:|1779628599
|move|p2a: Primeape|Bulk Up|p2a: Primeape
|-boost|p2a: Primeape|atk|1
|-boost|p2a: Primeape|def|1
|move|p1a: Corviknight|Brave Bird|p2a: Primeape
|-supereffective|p2a: Primeape
|-damage|p2a: Primeape|53/100
|-damage|p1a: Corviknight|87/100|[from] Recoil
|
|-heal|p1a: Corviknight|94/100|[from] item: Leftovers
|upkeep
|turn|4
|
|t:|1779628608
|move|p2a: Primeape|Rage Fist|p1a: Corviknight
|-damage|p1a: Corviknight|63/100
|move|p1a: Corviknight|U-turn|p2a: Primeape
|-resisted|p2a: Primeape
|-crit|p2a: Primeape
|-damage|p2a: Primeape|42/100
|
|t:|1779628614
|switch|p1a: Deoxys|Deoxys-Speed, shiny|100/100|[from] U-turn
|-ability|p1a: Deoxys|Pressure
|
|upkeep
|turn|5
|
|t:|1779628620
|switch|p2a: Rabsca|Rabsca, M|100/100
|move|p1a: Deoxys|Ice Beam|p2a: Rabsca
|-damage|p2a: Rabsca|71/100
|
|upkeep
|turn|6
|
|t:|1779628627
|switch|p1a: Hatterene|Hatterene, F|100/100
|move|p2a: Rabsca|Revival Blessing|p2a: Rabsca
|-enditem|p2a: Rabsca|Leppa Berry|[eat]
|-activate|p2a: Rabsca|item: Leppa Berry|Revival Blessing|[consumed]
|
|t:|1779628629
|-heal|p2: Greninja|50/100|[from] move: Revival Blessing
|
|upkeep
|turn|7
|
|t:|1779628636
|switch|p2a: Primeape|Primeape, M|42/100
|move|p1a: Hatterene|Mystical Fire|p2a: Primeape
|-damage|p2a: Primeape|15/100
|-unboost|p2a: Primeape|spa|1
|-ability|p2a: Primeape|Defiant|boost
|-boost|p2a: Primeape|atk|2
|
|upkeep
|turn|8
|
|t:|1779628649
|move|p2a: Primeape|Rage Fist|p1a: Hatterene
|-supereffective|p1a: Hatterene
|-damage|p1a: Hatterene|0 fnt
|faint|p1a: Hatterene
|
|upkeep
|
|t:|1779628654
|switch|p1a: Ceruledge|Ceruledge, M|100/100
|turn|9
|
|t:|1779628658
|move|p1a: Ceruledge|Shadow Sneak|p2a: Primeape
|-damage|p2a: Primeape|0 fnt
|faint|p2a: Primeape
|
|upkeep
|
|t:|1779628661
|switch|p2a: Greninja|Greninja, M|50/100
|turn|10
|
|t:|1779628668
|switch|p1a: Ting-Lu|Ting-Lu|100/100
|-ability|p1a: Ting-Lu|Vessel of Ruin
|move|p2a: Greninja|Surf|p1a: Ting-Lu
|-start|p2a: Greninja|typechange|Water|[from] ability: Protean
|-supereffective|p1a: Ting-Lu
|-damage|p1a: Ting-Lu|49/100
|
|-heal|p1a: Ting-Lu|55/100|[from] item: Leftovers
|upkeep
|turn|11
|
|t:|1779628682
|-terastallize|p2a: Greninja|Water
|move|p2a: Greninja|Surf|p1a: Ting-Lu
|-supereffective|p1a: Ting-Lu
|-damage|p1a: Ting-Lu|0 fnt
|faint|p1a: Ting-Lu
|
|upkeep
|
|t:|1779628687
|switch|p1a: Deoxys|Deoxys-Speed, shiny|100/100
|-ability|p1a: Deoxys|Pressure
|turn|12
|
|t:|1779628691
|switch|p2a: Rabsca|Rabsca, M|71/100
|move|p1a: Deoxys|Psycho Boost|p2a: Rabsca
|-resisted|p2a: Rabsca
|-damage|p2a: Rabsca|39/100
|-unboost|p1a: Deoxys|spa|2
|
|upkeep
|turn|13
|
|t:|1779628703
|switch|p1a: Kingambit|Kingambit, M|100/100
|-activate|p1a: Kingambit|ability: Supreme Overlord
|-start|p1a: Kingambit|fallen2|[silent]
|move|p2a: Rabsca|Trick Room|p2a: Rabsca
|-fieldstart|move: Trick Room|[of] p2a: Rabsca
|
|upkeep
|turn|14
|
|t:|1779628710
|move|p2a: Rabsca|Revival Blessing|p2a: Rabsca
|
|t:|1779628712
|-heal|p2: Primeape|50/100|[from] move: Revival Blessing
|move|p1a: Kingambit|Kowtow Cleave|p2a: Rabsca
|-supereffective|p2a: Rabsca
|-crit|p2a: Rabsca
|-damage|p2a: Rabsca|0 fnt
|faint|p2a: Rabsca
|
|upkeep
|
|t:|1779628718
|switch|p2a: Donphan|Donphan, M|100/100
|turn|15
|
|t:|1779628736
|-end|p1a: Kingambit|fallen2|[silent]
|switch|p1a: Corviknight|Corviknight, M, shiny|63/100
|-ability|p1a: Corviknight|Pressure
|move|p2a: Donphan|Stealth Rock|p1a: Corviknight
|-sidestart|p1: yassouy|move: Stealth Rock
|
|-heal|p1a: Corviknight|69/100|[from] item: Leftovers
|upkeep
|turn|16
|
|t:|1779628742
|move|p1a: Corviknight|Defog|p2a: Donphan
|-unboost|p2a: Donphan|evasion|1
|-sideend|p1: yassouy|Stealth Rock|[from] move: Defog|[of] p1a: Corviknight
|move|p2a: Donphan|Roar|p1a: Corviknight
|drag|p1a: Deoxys|Deoxys-Speed, shiny|100/100
|-ability|p1a: Deoxys|Pressure
|
|upkeep
|turn|17
|
|t:|1779628751
|switch|p1a: Corviknight|Corviknight, M, shiny|69/100
|-ability|p1a: Corviknight|Pressure
|move|p2a: Donphan|Stealth Rock|p1a: Corviknight
|-sidestart|p1: yassouy|move: Stealth Rock
|
|-heal|p1a: Corviknight|75/100|[from] item: Leftovers
|-fieldend|move: Trick Room
|upkeep
|turn|18
|
|t:|1779628755
|switch|p2a: Primeape|Primeape, M|50/100
|move|p1a: Corviknight|Defog|p2a: Primeape
|-unboost|p2a: Primeape|evasion|1
|-ability|p2a: Primeape|Defiant|boost
|-boost|p2a: Primeape|atk|2
|-sideend|p1: yassouy|Stealth Rock|[from] move: Defog|[of] p1a: Corviknight
|
|-heal|p1a: Corviknight|82/100|[from] item: Leftovers
|upkeep
|turn|19
|
|t:|1779628762
|move|p2a: Primeape|Drain Punch|p1a: Corviknight
|-damage|p1a: Corviknight|36/100
|-heal|p2a: Primeape|78/100|[from] drain|[of] p1a: Corviknight
|move|p1a: Corviknight|Brave Bird|p2a: Primeape
|-supereffective|p2a: Primeape
|-damage|p2a: Primeape|7/100
|-damage|p1a: Corviknight|16/100|[from] Recoil
|
|-heal|p1a: Corviknight|23/100|[from] item: Leftovers
|upkeep
|turn|20
|
|t:|1779628775
|move|p2a: Primeape|Drain Punch|p1a: Corviknight
|-damage|p1a: Corviknight|0 fnt
|-heal|p2a: Primeape|21/100|[from] drain|[of] p1a: Corviknight
|faint|p1a: Corviknight
|
|upkeep
|
|t:|1779628778
|switch|p1a: Ceruledge|Ceruledge, M|100/100
|turn|21
|
|t:|1779628806
|move|p1a: Ceruledge|Swords Dance|p1a: Ceruledge
|-boost|p1a: Ceruledge|atk|2
|move|p2a: Primeape|Rage Fist|p1a: Ceruledge
|-supereffective|p1a: Ceruledge
|-enditem|p1a: Ceruledge|Focus Sash
|-damage|p1a: Ceruledge|1/100
|-ability|p1a: Ceruledge|Weak Armor|boost
|-unboost|p1a: Ceruledge|def|1
|-boost|p1a: Ceruledge|spe|2
|
|upkeep
|turn|22
|
|t:|1779628813
|move|p1a: Ceruledge|Bitter Blade|p2a: Primeape
|-damage|p2a: Primeape|0 fnt
|-heal|p1a: Ceruledge|13/100|[from] drain|[of] p2a: Primeape
|faint|p2a: Primeape
|
|upkeep
|
|t:|1779628816
|switch|p2a: Donphan|Donphan, M|100/100
|turn|23
|
|t:|1779628823
|-terastallize|p1a: Ceruledge|Fighting
|move|p2a: Donphan|Ice Shard|p1a: Ceruledge
|-damage|p1a: Ceruledge|0 fnt
|faint|p1a: Ceruledge
|
|upkeep
|
|t:|1779628829
|switch|p1a: Deoxys|Deoxys-Speed, shiny|100/100
|-ability|p1a: Deoxys|Pressure
|turn|24
|
|t:|1779628834
|move|p1a: Deoxys|Ice Beam|p2a: Donphan
|-supereffective|p2a: Donphan
|-ability|p2a: Donphan|Sturdy
|-damage|p2a: Donphan|1/100
|move|p2a: Donphan|Stealth Rock|p1a: Deoxys
|-sidestart|p1: yassouy|move: Stealth Rock
|
|upkeep
|turn|25
|
|t:|1779628839
|move|p2a: Donphan|Ice Shard|p1a: Deoxys
|-damage|p1a: Deoxys|77/100
|move|p1a: Deoxys|Ice Beam|p2a: Donphan
|-supereffective|p2a: Donphan
|-damage|p2a: Donphan|0 fnt
|faint|p2a: Donphan
|
|upkeep
|
|t:|1779628843
|switch|p2a: Greninja|Greninja, M, tera:Water|50/100
|turn|26
|
|t:|1779628849
|switch|p1a: Kingambit|Kingambit, M|100/100
|-damage|p1a: Kingambit|94/100|[from] Stealth Rock
|-activate|p1a: Kingambit|ability: Supreme Overlord
|-start|p1a: Kingambit|fallen4|[silent]
|move|p2a: Greninja|Surf|p1a: Kingambit
|-damage|p1a: Kingambit|16/100
|
|-heal|p1a: Kingambit|22/100|[from] item: Leftovers
|upkeep
|turn|27
|
|t:|1779628852
|move|p1a: Kingambit|Sucker Punch|p2a: Greninja
|-damage|p2a: Greninja|0 fnt
|faint|p2a: Greninja
|
|-heal|p1a: Kingambit|29/100|[from] item: Leftovers
|upkeep
|
|t:|1779628854
|switch|p2a: Pawmot|Pawmot, M|100/100
|turn|28
|
|t:|1779628860
|-end|p1a: Kingambit|fallen4|[silent]
|switch|p1a: Deoxys|Deoxys-Speed, shiny|77/100
|-damage|p1a: Deoxys|64/100|[from] Stealth Rock
|-ability|p1a: Deoxys|Pressure
|move|p2a: Pawmot|Encore||[still]
|-fail|p2a: Pawmot
|
|upkeep
|turn|29
|
|t:|1779628867
|switch|p2a: Cresselia|Cresselia, F|100/100
|move|p1a: Deoxys|Psycho Boost|p2a: Cresselia
|-resisted|p2a: Cresselia
|-damage|p2a: Cresselia|75/100
|-unboost|p1a: Deoxys|spa|2
|-enditem|p2a: Cresselia|Red Card|[of] p1a: Deoxys
|drag|p1a: Kingambit|Kingambit, M|29/100
|-damage|p1a: Kingambit|22/100|[from] Stealth Rock
|-activate|p1a: Kingambit|ability: Supreme Overlord
|-start|p1a: Kingambit|fallen4|[silent]
|
|-heal|p1a: Kingambit|29/100|[from] item: Leftovers
|upkeep
|turn|30
|
|t:|1779628878
|move|p2a: Cresselia|Reflect|p2a: Cresselia
|-sidestart|p2: wonderwand|Reflect
|move|p1a: Kingambit|Kowtow Cleave|p2a: Cresselia
|-supereffective|p2a: Cresselia
|-damage|p2a: Cresselia|29/100
|
|-heal|p1a: Kingambit|35/100|[from] item: Leftovers
|upkeep
|turn|31
|
|t:|1779628886
|move|p2a: Cresselia|Lunar Dance|p2a: Cresselia
|faint|p2a: Cresselia
|move|p1a: Kingambit|Kowtow Cleave|p2: Cresselia|[notarget]
|-fail|p1a: Kingambit
|
|-heal|p1a: Kingambit|41/100|[from] item: Leftovers
|upkeep
|
|t:|1779628888
|switch|p2a: Pawmot|Pawmot, M|100/100
|-heal|p2a: Pawmot|100/100|[from] move: Lunar Dance
|turn|32
|
|t:|1779628896
|move|p2a: Pawmot|Nuzzle|p1a: Kingambit
|-damage|p1a: Kingambit|35/100
|-status|p1a: Kingambit|par
|move|p1a: Kingambit|Kowtow Cleave|p2a: Pawmot
|-resisted|p2a: Pawmot
|-damage|p2a: Pawmot|77/100
|
|-heal|p1a: Kingambit|41/100 par|[from] item: Leftovers
|upkeep
|turn|33
|
|t:|1779628903
|move|p1a: Kingambit|Sucker Punch||[still]
|-fail|p1a: Kingambit
|move|p2a: Pawmot|Revival Blessing|p2a: Pawmot
|-enditem|p2a: Pawmot|Leppa Berry|[eat]
|-activate|p2a: Pawmot|item: Leppa Berry|Revival Blessing|[consumed]
|
|t:|1779628908
|-heal|p2: Primeape|50/100|[from] move: Revival Blessing
|
|-heal|p1a: Kingambit|48/100 par|[from] item: Leftovers
|upkeep
|turn|34
|
|t:|1779628918
|move|p2a: Pawmot|Knock Off|p1a: Kingambit
|-resisted|p1a: Kingambit
|-damage|p1a: Kingambit|39/100 par
|-enditem|p1a: Kingambit|Leftovers|[from] move: Knock Off|[of] p2a: Pawmot
|move|p1a: Kingambit|Kowtow Cleave|p2a: Pawmot
|-resisted|p2a: Pawmot
|-damage|p2a: Pawmot|54/100
|
|-sideend|p2: wonderwand|Reflect
|upkeep
|turn|35
|
|t:|1779628925
|move|p2a: Pawmot|Revival Blessing|p2a: Pawmot
|
|t:|1779628930
|-heal|p2: Cresselia|50/100|[from] move: Revival Blessing
|cant|p1a: Kingambit|par
|
|upkeep
|turn|36
|
|t:|1779628935
|-end|p1a: Kingambit|fallen4|[silent]
|switch|p1a: Deoxys|Deoxys-Speed, shiny|64/100
|-damage|p1a: Deoxys|52/100|[from] Stealth Rock
|-ability|p1a: Deoxys|Pressure
|move|p2a: Pawmot|Nuzzle|p1a: Deoxys
|-damage|p1a: Deoxys|40/100
|-status|p1a: Deoxys|par
|
|upkeep
|turn|37
|
|t:|1779628939
|move|p2a: Pawmot|Knock Off|p1a: Deoxys
|-supereffective|p1a: Deoxys
|-damage|p1a: Deoxys|0 fnt
|-enditem|p1a: Deoxys|Choice Specs|[from] move: Knock Off|[of] p2a: Pawmot
|faint|p1a: Deoxys
|
|upkeep
|
|t:|1779628962
|switch|p1a: Kingambit|Kingambit, M|39/100 par
|-damage|p1a: Kingambit|33/100 par|[from] Stealth Rock
|-activate|p1a: Kingambit|ability: Supreme Overlord
|-start|p1a: Kingambit|fallen5|[silent]
|turn|38
|
|t:|1779628971
|move|p2a: Pawmot|Nuzzle|p1a: Kingambit
|-damage|p1a: Kingambit|27/100 par
|cant|p1a: Kingambit|par
|
|upkeep
|turn|39
|
|t:|1779628976
|move|p2a: Pawmot|Nuzzle|p1a: Kingambit
|-damage|p1a: Kingambit|21/100 par
|move|p1a: Kingambit|Kowtow Cleave|p2a: Pawmot
|-resisted|p2a: Pawmot
|-damage|p2a: Pawmot|4/100
|
|upkeep
|turn|40
|
|t:|1779628984
|move|p1a: Kingambit|Sucker Punch||[still]
|-fail|p1a: Kingambit
|move|p2a: Pawmot|Encore|p1a: Kingambit
|-start|p1a: Kingambit|Encore
|
|upkeep
|turn|41
|-message|yassouy forfeited.
|
|win|wonderwand
|raw|yassouy's rating: 1348 &rarr; <strong>1329</strong><br />(-19 for losing)
|raw|wonderwand's rating: 1357 &rarr; <strong>1376</strong><br />(+19 for winning)
|l|☆yassouy
|player|p1|
