|j|☆Slashutu
|j|☆shams713
|t:|1779573552
|gametype|singles
|player|p1|Slashutu|265|1546
|player|p2|shams713|266|1616
|gen|9
|tier|[Gen 9] OU
|rated|
|rule|HP Percentage Mod: HP is shown in percentages
|rule|Endless Battle Clause: Forcing endless battles is banned
|rule|Species Clause: Limit one of each Pokémon
|rule|OHKO Clause: OHKO moves are banned
|rule|Evasion Items Clause: Evasion items are banned
|rule|Evasion Moves Clause: Evasion moves are banned
|rule|Evasion Abilities Clause: Evasion abilities are banned
|rule|Sleep Moves Clause: Sleep-inducing moves are banned
|clearpoke
|poke|p1|Hatterene, F|
|poke|p1|Ursaluna, M|
|poke|p1|Porygon2|
|poke|p1|Cresselia, F|
|poke|p1|Iron Hands|
|poke|p1|Volcanion|
|poke|p2|Pelipper, M|
|poke|p2|Raging Bolt|
|poke|p2|Overqwil, F|
|poke|p2|Barraskewda, M|
|poke|p2|Iron Treads|
|poke|p2|Kingambit, F|
|teampreview
|
|t:|1779573566
|teamsize|p1|6
|teamsize|p2|6
|start
|switch|p1a: Saturn|Volcanion|100/100
|switch|p2a: Iron Treads|Iron Treads|100/100
|-enditem|p2a: Iron Treads|Booster Energy
|-activate|p2a: Iron Treads|ability: Quark Drive|[fromitem]
|-start|p2a: Iron Treads|quarkdrivespe
|turn|1
|
|t:|1779573571
|move|p2a: Iron Treads|Earth Power|p1a: Saturn
|-supereffective|p1a: Saturn
|-damage|p1a: Saturn|29/100
|move|p1a: Saturn|Steam Eruption|p2a: Iron Treads
|-supereffective|p2a: Iron Treads
|-damage|p2a: Iron Treads|0 fnt
|faint|p2a: Iron Treads
|-end|p2a: Iron Treads|Quark Drive|[silent]
|
|upkeep
|
|t:|1779573577
|switch|p2a: Overqwil|Overqwil, F|100/100
|turn|2
|
|t:|1779573581
|switch|p1a: TARS|Porygon2|100/100
|-ability|p1a: TARS|Download|boost
|-boost|p1a: TARS|spa|1
|move|p2a: Overqwil|Gunk Shot|p1a: TARS
|-damage|p1a: TARS|45/100
|-damage|p2a: Overqwil|91/100|[from] item: Life Orb
|
|upkeep
|turn|3
|
|t:|1779573589
|move|p2a: Overqwil|Gunk Shot|p1a: TARS
|-damage|p1a: TARS|0 fnt
|faint|p1a: TARS
|-damage|p2a: Overqwil|81/100|[from] item: Life Orb
|
|upkeep
|
|t:|1779573594
|switch|p1a: Mann|Ursaluna, M|100/100
|turn|4
|j| Inothtunothtino
|
|t:|1779573600
|switch|p2a: Pelipper|Pelipper, M|100/100
|-weather|RainDance|[from] ability: Drizzle|[of] p2a: Pelipper
|move|p1a: Mann|Headlong Rush|p2a: Pelipper
|-immune|p2a: Pelipper
|
|-weather|RainDance|[upkeep]
|-status|p1a: Mann|brn|[from] item: Flame Orb
|upkeep
|turn|5
|
|t:|1779573617
|-terastallize|p1a: Mann|Normal
|move|p1a: Mann|Facade|p2a: Pelipper
|-damage|p2a: Pelipper|0 fnt
|faint|p2a: Pelipper
|
|-weather|RainDance|[upkeep]
|-damage|p1a: Mann|94/100 brn|[from] brn
|upkeep
|
|t:|1779573626
|switch|p2a: Raging Bolt|Raging Bolt|100/100
|-enditem|p2a: Raging Bolt|Booster Energy
|-activate|p2a: Raging Bolt|ability: Protosynthesis|[fromitem]
|-start|p2a: Raging Bolt|protosynthesisspa
|turn|6
|
|t:|1779573632
|move|p2a: Raging Bolt|Thunder|p1a: Mann
|-damage|p1a: Mann|21/100 brn
|move|p1a: Mann|Facade|p2a: Raging Bolt
|-damage|p2a: Raging Bolt|0 fnt
|faint|p2a: Raging Bolt
|-end|p2a: Raging Bolt|Protosynthesis|[silent]
|
|-weather|RainDance|[upkeep]
|-damage|p1a: Mann|15/100 brn|[from] brn
|upkeep
|
|t:|1779573644
|switch|p2a: Overqwil|Overqwil, F|81/100
|turn|7
|
|t:|1779573650
|move|p2a: Overqwil|Liquidation|p1a: Mann
|-damage|p1a: Mann|0 fnt
|faint|p1a: Mann
|-damage|p2a: Overqwil|71/100|[from] item: Life Orb
|
|-weather|RainDance|[upkeep]
|upkeep
|
|t:|1779573669
|switch|p1a: Brand|Hatterene, F, shiny|100/100
|turn|8
|
|t:|1779573684
|move|p2a: Overqwil|Liquidation|p1a: Brand
|-damage|p1a: Brand|30/100
|-damage|p2a: Overqwil|62/100|[from] item: Life Orb
|move|p1a: Brand|Trick Room|p1a: Brand
|-fieldstart|move: Trick Room|[of] p1a: Brand
|
|-weather|RainDance|[upkeep]
|upkeep
|turn|9
|inactive|Battle timer is ON: inactive players will automatically lose when time's up. (requested by shams713)
|
|t:|1779573706
|switch|p2a: Barraskewda|Barraskewda, M|100/100
|move|p1a: Brand|Healing Wish|p1a: Brand
|faint|p1a: Brand
|
|-weather|RainDance|[upkeep]
|upkeep
|
|t:|1779573715
|switch|p1a: Saturn|Volcanion|29/100
|-heal|p1a: Saturn|100/100|[from] move: Healing Wish
|turn|10
|
|t:|1779573719
|move|p1a: Saturn|Steam Eruption|p2a: Barraskewda
|-resisted|p2a: Barraskewda
|-damage|p2a: Barraskewda|0 fnt
|faint|p2a: Barraskewda
|
|-weather|RainDance|[upkeep]
|upkeep
|
|t:|1779573723
|switch|p2a: Overqwil|Overqwil, F|62/100
|turn|11
|
|t:|1779573727
|move|p1a: Saturn|Steam Eruption|p2a: Overqwil
|-damage|p2a: Overqwil|0 fnt
|faint|p2a: Overqwil
|
|-weather|none
|upkeep
|
|t:|1779573733
|switch|p2a: Kingambit|Kingambit, F|100/100
|-activate|p2a: Kingambit|ability: Supreme Overlord
|-start|p2a: Kingambit|fallen5|[silent]
|turn|12
|
|t:|1779573757
|move|p1a: Saturn|Steam Eruption|p2a: Kingambit
|-damage|p2a: Kingambit|13/100
|-status|p2a: Kingambit|brn
|move|p2a: Kingambit|Swords Dance|p2a: Kingambit
|-boost|p2a: Kingambit|atk|2
|
|-heal|p2a: Kingambit|19/100 brn|[from] item: Leftovers
|-damage|p2a: Kingambit|13/100 brn|[from] brn
|-fieldend|move: Trick Room
|upkeep
|turn|13
|c|☆shams713|gg
|
|t:|1779573771
|-terastallize|p2a: Kingambit|Dark
|move|p2a: Kingambit|Kowtow Cleave|p1a: Saturn
|-damage|p1a: Saturn|26/100
|move|p1a: Saturn|Steam Eruption|p2a: Kingambit
|-damage|p2a: Kingambit|0 fnt
|faint|p2a: Kingambit
|-end|p2a: Kingambit|fallen5|[silent]
|
|win|Slashutu
|raw|Slashutu's rating: 1546 &rarr; <strong>1570</strong><br />(+24 for winning)
|raw|shams713's rating: 1616 &rarr; <strong>1592</strong><br />(-24 for losing)
|l|☆Slashutu
|player|p1|
|l|☆shams713
|player|p2|
