|j|☆ermanolitox33
|j|☆gordinho_45
|t:|1779568524
|gametype|singles
|player|p1|ermanolitox33|cilan|1053
|player|p2|gordinho_45|hiker-gen4|1051
|gen|9
|tier|[Gen 9] OU
|rated|
|rule|HP Percentage Mod: HP is shown in percentages
|rule|Endless Battle Clause: Forcing endless battles is banned
|rule|Species Clause: Limit one of each Pokémon
|rule|OHKO Clause: OHKO moves are banned
|rule|Evasion Items Clause: Evasion items are banned
|rule|Evasion Moves Clause: Evasion moves are banned
|rule|Evasion Abilities Clause: Evasion abilities are banned
|rule|Sleep Moves Clause: Sleep-inducing moves are banned
|clearpoke
|poke|p1|Glimmora, M|
|poke|p1|Toxapex, M|
|poke|p1|Gliscor, M|
|poke|p1|Blaziken, M|
|poke|p1|Eelektross, M|
|poke|p1|Dragapult, M|
|poke|p2|Landorus-Therian, M|
|poke|p2|Iron Hands|
|poke|p2|Gholdengo|
|poke|p2|Latios, M|
|poke|p2|Cloyster, F|
|poke|p2|Dondozo, M|
|teampreview
|
|t:|1779568537
|teamsize|p1|6
|teamsize|p2|6
|start
|switch|p1a: Glimmora|Glimmora, M|100/100
|switch|p2a: Landorus|Landorus-Therian, M|100/100
|-ability|p2a: Landorus|Intimidate|boost
|-unboost|p1a: Glimmora|atk|1
|turn|1
|
|t:|1779568540
|move|p2a: Landorus|Stealth Rock|p1a: Glimmora
|-sidestart|p1: ermanolitox33|move: Stealth Rock
|move|p1a: Glimmora|Stealth Rock|p2a: Landorus
|-sidestart|p2: gordinho_45|move: Stealth Rock
|
|upkeep
|turn|2
|
|t:|1779568545
|move|p2a: Landorus|Earthquake|p1a: Glimmora
|-supereffective|p1a: Glimmora
|-enditem|p1a: Glimmora|Focus Sash
|-damage|p1a: Glimmora|1/100
|-activate|p1a: Glimmora|ability: Toxic Debris
|-sidestart|p2: gordinho_45|move: Toxic Spikes
|move|p1a: Glimmora|Spikes|p2a: Landorus
|-sidestart|p2: gordinho_45|Spikes
|
|upkeep
|turn|3
|
|t:|1779568550
|move|p2a: Landorus|Earthquake|p1a: Glimmora
|-supereffective|p1a: Glimmora
|-damage|p1a: Glimmora|0 fnt
|-activate|p1a: Glimmora|ability: Toxic Debris
|-sidestart|p2: gordinho_45|move: Toxic Spikes
|faint|p1a: Glimmora
|
|upkeep
|
|t:|1779568562
|switch|p1a: Eelektross|Eelektross, M|100/100
|-damage|p1a: Eelektross|88/100|[from] Stealth Rock
|turn|4
|
|t:|1779568576
|move|p2a: Landorus|U-turn|p1a: Eelektross
|-damage|p1a: Eelektross|61/100
|
|t:|1779568583
|switch|p2a: Latios|Latios, M|100/100|[from] U-turn
|-damage|p2a: Latios|88/100|[from] Stealth Rock
|move|p1a: Eelektross|Liquidation|p2a: Latios
|-resisted|p2a: Latios
|-damage|p2a: Latios|59/100
|
|upkeep
|turn|5
|
|t:|1779568591
|switch|p1a: Dragapult|Dragapult, M|100/100
|-damage|p1a: Dragapult|88/100|[from] Stealth Rock
|move|p2a: Latios|Calm Mind|p2a: Latios
|-boost|p2a: Latios|spa|1
|-boost|p2a: Latios|spd|1
|
|upkeep
|turn|6
|
|t:|1779568595
|move|p2a: Latios|Draco Meteor|p1a: Dragapult
|-supereffective|p1a: Dragapult
|-damage|p1a: Dragapult|0 fnt
|-unboost|p2a: Latios|spa|2
|faint|p1a: Dragapult
|
|upkeep
|
|t:|1779568599
|switch|p1a: Toxapex|Toxapex, M|100/100
|-damage|p1a: Toxapex|88/100|[from] Stealth Rock
|turn|7
|
|t:|1779568609
|move|p2a: Latios|Psychic Noise|p1a: Toxapex
|-supereffective|p1a: Toxapex
|-damage|p1a: Toxapex|38/100
|-start|p1a: Toxapex|move: Heal Block
|move|p1a: Toxapex|Toxic|p2a: Latios
|-status|p2a: Latios|tox
|
|-damage|p2a: Latios|53/100 tox|[from] psn
|upkeep
|turn|8
|
|t:|1779568621
|move|p1a: Toxapex|Baneful Bunker|p1a: Toxapex
|-singleturn|p1a: Toxapex|move: Protect
|move|p2a: Latios|Psychic Noise|p1a: Toxapex
|-activate|p1a: Toxapex|move: Protect
|
|-damage|p2a: Latios|41/100 tox|[from] psn
|-end|p1a: Toxapex|move: Heal Block
|upkeep
|turn|9
|
|t:|1779568635
|move|p2a: Latios|Psychic Noise|p1a: Toxapex
|-supereffective|p1a: Toxapex
|-damage|p1a: Toxapex|0 fnt
|faint|p1a: Toxapex
|
|-damage|p2a: Latios|23/100 tox|[from] psn
|upkeep
|
|t:|1779568641
|switch|p1a: Blaziken|Blaziken, M|100/100
|-damage|p1a: Blaziken|88/100|[from] Stealth Rock
|turn|10
|
|t:|1779568644
|move|p1a: Blaziken|Protect|p1a: Blaziken
|-singleturn|p1a: Blaziken|Protect
|move|p2a: Latios|Psychic Noise|p1a: Blaziken
|-activate|p1a: Blaziken|move: Protect
|
|-damage|p2a: Latios|0 fnt|[from] psn
|faint|p2a: Latios
|-ability|p1a: Blaziken|Speed Boost|boost
|-boost|p1a: Blaziken|spe|1
|upkeep
|
|t:|1779568661
|switch|p2a: Landorus|Landorus-Therian, M|100/100
|-damage|p2a: Landorus|88/100|[from] Stealth Rock
|-ability|p2a: Landorus|Intimidate|boost
|-unboost|p1a: Blaziken|atk|1
|turn|11
|
|t:|1779568672
|move|p1a: Blaziken|Knock Off|p2a: Landorus
|-damage|p2a: Landorus|61/100
|-damage|p1a: Blaziken|72/100|[from] item: Rocky Helmet|[of] p2a: Landorus
|-enditem|p2a: Landorus|Rocky Helmet|[from] move: Knock Off|[of] p1a: Blaziken
|-damage|p1a: Blaziken|62/100|[from] item: Life Orb
|move|p2a: Landorus|Earthquake|p1a: Blaziken
|-supereffective|p1a: Blaziken
|-damage|p1a: Blaziken|0 fnt
|faint|p1a: Blaziken
|
|upkeep
|
|t:|1779568679
|switch|p1a: Eelektross|Eelektross, M|61/100
|-damage|p1a: Eelektross|49/100|[from] Stealth Rock
|turn|12
|
|t:|1779568684
|move|p2a: Landorus|Stone Edge|p1a: Eelektross|[miss]
|-miss|p2a: Landorus|p1a: Eelektross
|move|p1a: Eelektross|Liquidation|p2a: Landorus
|-supereffective|p2a: Landorus
|-damage|p2a: Landorus|0 fnt
|faint|p2a: Landorus
|
|upkeep
|
|t:|1779568691
|switch|p2a: Gholdengo|Gholdengo|100/100
|-damage|p2a: Gholdengo|94/100|[from] Stealth Rock
|-damage|p2a: Gholdengo|82/100|[from] Spikes
|turn|13
|
|t:|1779568705
|switch|p1a: Gliscor|Gliscor, M, shiny|100/100
|-damage|p1a: Gliscor|88/100|[from] Stealth Rock
|move|p2a: Gholdengo|Shadow Ball|p1a: Gliscor
|-damage|p1a: Gliscor|32/100
|-unboost|p1a: Gliscor|spd|1
|
|-status|p1a: Gliscor|tox|[from] item: Toxic Orb
|upkeep
|turn|14
|
|t:|1779568712
|move|p2a: Gholdengo|Shadow Ball|p1a: Gliscor
|-damage|p1a: Gliscor|0 fnt
|faint|p1a: Gliscor
|
|upkeep
|
|t:|1779568715
|switch|p1a: Eelektross|Eelektross, M|49/100
|-damage|p1a: Eelektross|36/100|[from] Stealth Rock
|turn|15
|
|t:|1779568720
|move|p2a: Gholdengo|Shadow Ball|p1a: Eelektross
|-damage|p1a: Eelektross|0 fnt
|faint|p1a: Eelektross
|
|win|gordinho_45
|raw|ermanolitox33's rating: 1053 &rarr; <strong>1035</strong><br />(-18 for losing)
|raw|gordinho_45's rating: 1051 &rarr; <strong>1084</strong><br />(+33 for winning)
