|j|☆ImmaSunU
|j|☆ytggu
|t:|1779661316
|gametype|singles
|player|p1|ImmaSunU|lance|1636
|player|p2|ytggu|265|1734
|gen|9
|tier|[Gen 9] OU
|rated|
|rule|HP Percentage Mod: HP is shown in percentages
|rule|Endless Battle Clause: Forcing endless battles is banned
|rule|Species Clause: Limit one of each Pokémon
|rule|OHKO Clause: OHKO moves are banned
|rule|Evasion Items Clause: Evasion items are banned
|rule|Evasion Moves Clause: Evasion moves are banned
|rule|Evasion Abilities Clause: Evasion abilities are banned
|rule|Sleep Moves Clause: Sleep-inducing moves are banned
|clearpoke
|poke|p1|Torkoal, M|
|poke|p1|Walking Wake|
|poke|p1|Scizor, F|
|poke|p1|Great Tusk|
|poke|p1|Hatterene, F|
|poke|p1|Venusaur, F|
|poke|p2|Tyranitar, M|
|poke|p2|Samurott-Hisui, M|
|poke|p2|Rillaboom, M|
|poke|p2|Slowking-Galar, F|
|poke|p2|Excadrill, M|
|poke|p2|Pawmot, F|
|teampreview
|
|t:|1779661332
|teamsize|p1|6
|teamsize|p2|6
|start
|switch|p1a: Scizor|Scizor, F|100/100
|switch|p2a: Slowking|Slowking-Galar, F|100/100
|turn|1
|
|t:|1779661339
|move|p1a: Scizor|U-turn|p2a: Slowking
|-damage|p2a: Slowking|56/100
|
|t:|1779661345
|switch|p1a: Hatterene|Hatterene, F|100/100|[from] U-turn
|move|p2a: Slowking|Flamethrower|p1a: Hatterene
|-damage|p1a: Hatterene|87/100
|
|upkeep
|turn|2
|
|t:|1779661361
|switch|p2a: Excadrill|Excadrill, M|100/100
|move|p1a: Hatterene|Nuzzle|p2a: Excadrill
|-immune|p2a: Excadrill
|
|upkeep
|turn|3
|
|t:|1779661373
|-terastallize|p1a: Hatterene|Water
|move|p2a: Excadrill|Stealth Rock|p1a: Hatterene
|move|p1a: Hatterene|Stealth Rock|p2a: Excadrill|[from] ability: Magic Bounce
|-sidestart|p2: ytggu|move: Stealth Rock
|move|p1a: Hatterene|Mystical Fire|p2a: Excadrill
|-supereffective|p2a: Excadrill
|-damage|p2a: Excadrill|26/100
|-unboost|p2a: Excadrill|spa|1
|
|-heal|p2a: Excadrill|32/100|[from] item: Leftovers
|upkeep
|turn|4
|
|t:|1779661402
|switch|p2a: Pawmot|Pawmot, F|100/100
|-damage|p2a: Pawmot|94/100|[from] Stealth Rock
|move|p1a: Hatterene|Mystical Fire|p2a: Pawmot
|-damage|p2a: Pawmot|45/100
|-unboost|p2a: Pawmot|spa|1
|
|upkeep
|turn|5
|c|☆ImmaSunU|never let them guess your next move
|j| kc66
|
|t:|1779661417
|switch|p1a: Great Tusk|Great Tusk|100/100
|move|p2a: Pawmot|Close Combat|p1a: Great Tusk
|-damage|p1a: Great Tusk|62/100
|-unboost|p2a: Pawmot|def|1
|-unboost|p2a: Pawmot|spd|1
|
|upkeep
|turn|6
|
|t:|1779661437
|switch|p2a: Rillaboom|Rillaboom, M|100/100
|-damage|p2a: Rillaboom|88/100|[from] Stealth Rock
|-fieldstart|move: Grassy Terrain|[from] ability: Grassy Surge|[of] p2a: Rillaboom
|move|p1a: Great Tusk|Close Combat|p2a: Rillaboom
|-damage|p2a: Rillaboom|28/100
|-unboost|p1a: Great Tusk|def|1
|-unboost|p1a: Great Tusk|spd|1
|
|-heal|p1a: Great Tusk|68/100|[from] Grassy Terrain
|-heal|p2a: Rillaboom|34/100|[from] Grassy Terrain
|upkeep
|turn|7
|
|t:|1779661450
|-end|p1a: Great Tusk|Protosynthesis|[silent]
|switch|p1a: Torkoal|Torkoal, M|100/100
|-weather|SunnyDay|[from] ability: Drought|[of] p1a: Torkoal
|move|p2a: Rillaboom|U-turn|p1a: Torkoal
|-resisted|p1a: Torkoal
|-damage|p1a: Torkoal|90/100
|
|t:|1779661455
|switch|p2a: Excadrill|Excadrill, M|32/100|[from] U-turn
|-damage|p2a: Excadrill|29/100|[from] Stealth Rock
|
|-weather|SunnyDay|[upkeep]
|-heal|p2a: Excadrill|35/100|[from] Grassy Terrain
|-heal|p2a: Excadrill|41/100|[from] item: Leftovers
|-heal|p1a: Torkoal|96/100|[from] Grassy Terrain
|upkeep
|turn|8
|
|t:|1779661468
|move|p2a: Excadrill|Rapid Spin|p1a: Torkoal
|-damage|p1a: Torkoal|85/100
|-boost|p2a: Excadrill|spe|1
|-sideend|p2: ytggu|Stealth Rock|[from] move: Rapid Spin|[of] p2a: Excadrill
|move|p1a: Torkoal|Body Press|p2a: Excadrill
|-supereffective|p2a: Excadrill
|-damage|p2a: Excadrill|0 fnt
|faint|p2a: Excadrill
|
|-weather|SunnyDay|[upkeep]
|-heal|p1a: Torkoal|91/100|[from] Grassy Terrain
|upkeep
|
|t:|1779661476
|switch|p2a: Tyranitar|Tyranitar, M|100/100
|-weather|Sandstorm|[from] ability: Sand Stream|[of] p2a: Tyranitar
|turn|9
|
|t:|1779661494
|switch|p2a: Rillaboom|Rillaboom, M|34/100
|switch|p1a: Hatterene|Hatterene, F, tera:Water|87/100
|
|-weather|Sandstorm|[upkeep]
|-damage|p2a: Rillaboom|28/100|[from] Sandstorm
|-damage|p1a: Hatterene|81/100|[from] Sandstorm
|-heal|p2a: Rillaboom|34/100|[from] Grassy Terrain
|-heal|p1a: Hatterene|87/100|[from] Grassy Terrain
|upkeep
|turn|10
|
|t:|1779661505
|switch|p1a: Scizor|Scizor, F|100/100
|move|p2a: Rillaboom|Wood Hammer|p1a: Scizor
|-resisted|p1a: Scizor
|-damage|p1a: Scizor|67/100
|-damage|p2a: Rillaboom|25/100|[from] Recoil
|
|-weather|Sandstorm|[upkeep]
|-damage|p2a: Rillaboom|19/100|[from] Sandstorm
|-heal|p2a: Rillaboom|25/100|[from] Grassy Terrain
|-heal|p1a: Scizor|73/100|[from] Grassy Terrain
|-fieldend|move: Grassy Terrain
|upkeep
|turn|11
|
|t:|1779661516
|switch|p2a: Slowking|Slowking-Galar, F|89/100
|move|p1a: Scizor|U-turn|p2a: Slowking
|-damage|p2a: Slowking|46/100
|
|t:|1779661523
|switch|p1a: Great Tusk|Great Tusk|68/100|[from] U-turn
|
|-weather|Sandstorm|[upkeep]
|-damage|p2a: Slowking|40/100|[from] Sandstorm
|upkeep
|turn|12
|
|t:|1779661534
|move|p1a: Great Tusk|Headlong Rush|p2a: Slowking
|-supereffective|p2a: Slowking
|-damage|p2a: Slowking|0 fnt
|-unboost|p1a: Great Tusk|def|1
|-unboost|p1a: Great Tusk|spd|1
|faint|p2a: Slowking
|
|-weather|Sandstorm|[upkeep]
|upkeep
|
|t:|1779661538
|switch|p2a: Rillaboom|Rillaboom, M|25/100
|-fieldstart|move: Grassy Terrain|[from] ability: Grassy Surge|[of] p2a: Rillaboom
|turn|13
|
|t:|1779661553
|move|p1a: Great Tusk|Headlong Rush|p2a: Rillaboom
|-resisted|p2a: Rillaboom
|-damage|p2a: Rillaboom|0 fnt
|-unboost|p1a: Great Tusk|def|1
|-unboost|p1a: Great Tusk|spd|1
|faint|p2a: Rillaboom
|
|-weather|none
|-heal|p1a: Great Tusk|74/100|[from] Grassy Terrain
|upkeep
|-message|ytggu forfeited.
|
|win|ImmaSunU
|raw|ImmaSunU's rating: 1636 &rarr; <strong>1661</strong><br />(+25 for winning)
|raw|ytggu's rating: 1734 &rarr; <strong>1709</strong><br />(-25 for losing)
|l|☆ytggu
|player|p2|
|l|☆ImmaSunU
|player|p1|
|l| kc66
