|j|☆meta fodder
|j|☆ur doggo
|t:|1779699546
|gametype|singles
|player|p1|meta fodder|workerice|1523
|player|p2|ur doggo|2|1630
|gen|9
|tier|[Gen 9] OU
|rated|
|rule|HP Percentage Mod: HP is shown in percentages
|rule|Endless Battle Clause: Forcing endless battles is banned
|rule|Species Clause: Limit one of each Pokémon
|rule|OHKO Clause: OHKO moves are banned
|rule|Evasion Items Clause: Evasion items are banned
|rule|Evasion Moves Clause: Evasion moves are banned
|rule|Evasion Abilities Clause: Evasion abilities are banned
|rule|Sleep Moves Clause: Sleep-inducing moves are banned
|clearpoke
|poke|p1|Ninetales-Alola, F|
|poke|p1|Blaziken, F|
|poke|p1|Glimmora, F|
|poke|p1|Iron Valiant|
|poke|p1|Zamazenta-*|
|poke|p1|Dragonite, M|
|poke|p2|Ninetales, M|
|poke|p2|Walking Wake|
|poke|p2|Great Tusk|
|poke|p2|Cresselia, F|
|poke|p2|Typhlosion-Hisui, M|
|poke|p2|Slither Wing|
|teampreview
|inactive|Battle timer is ON: inactive players will automatically lose when time's up. (requested by meta fodder)
|
|t:|1779699556
|teamsize|p1|6
|teamsize|p2|6
|start
|switch|p1a: Glimmora|Glimmora, F|100/100
|switch|p2a: Jesus|Walking Wake|100/100
|turn|1
|
|t:|1779699566
|move|p2a: Jesus|Hydro Steam|p1a: Glimmora
|-supereffective|p1a: Glimmora
|-damage|p1a: Glimmora|0 fnt
|faint|p1a: Glimmora
|
|upkeep
|
|t:|1779699573
|switch|p1a: Dragonite|Dragonite, M|100/100
|turn|2
|
|t:|1779699580
|switch|p1a: Ninetales|Ninetales-Alola, F|100/100
|-weather|Snowscape|[from] ability: Snow Warning|[of] p1a: Ninetales
|move|p2a: Jesus|Flip Turn|p1a: Ninetales
|-damage|p1a: Ninetales|85/100
|
|t:|1779699585
|-end|p2a: Jesus|Protosynthesis|[silent]
|switch|p2a: Ninetales|Ninetales, M|100/100|[from] Flip Turn
|-weather|SunnyDay|[from] ability: Drought|[of] p2a: Ninetales
|
|-weather|SunnyDay|[upkeep]
|upkeep
|turn|3
|
|t:|1779699596
|switch|p1a: Dragonite|Dragonite, M|100/100
|move|p2a: Ninetales|Overheat|p1a: Dragonite
|-resisted|p1a: Dragonite
|-damage|p1a: Dragonite|81/100
|-unboost|p2a: Ninetales|spa|2
|
|-weather|SunnyDay|[upkeep]
|upkeep
|turn|4
|
|t:|1779699611
|move|p2a: Ninetales|Will-O-Wisp|p1a: Dragonite
|-status|p1a: Dragonite|brn
|move|p1a: Dragonite|Dragon Dance|p1a: Dragonite
|-boost|p1a: Dragonite|atk|1
|-boost|p1a: Dragonite|spe|1
|
|-weather|SunnyDay|[upkeep]
|-damage|p1a: Dragonite|75/100 brn|[from] brn
|upkeep
|turn|5
|
|t:|1779699619
|switch|p2a: mid tusk|Great Tusk|100/100
|-activate|p2a: mid tusk|ability: Protosynthesis
|-start|p2a: mid tusk|protosynthesisspe
|move|p1a: Dragonite|Dragon Dance|p1a: Dragonite
|-boost|p1a: Dragonite|atk|1
|-boost|p1a: Dragonite|spe|1
|
|-weather|SunnyDay|[upkeep]
|-damage|p1a: Dragonite|69/100 brn|[from] brn
|upkeep
|turn|6
|
|t:|1779699628
|move|p1a: Dragonite|Ice Spinner|p2a: mid tusk
|-supereffective|p2a: mid tusk
|-damage|p2a: mid tusk|64/100
|move|p2a: mid tusk|Ice Spinner|p1a: Dragonite
|-supereffective|p1a: Dragonite
|-damage|p1a: Dragonite|0 fnt
|faint|p1a: Dragonite
|
|-weather|SunnyDay|[upkeep]
|upkeep
|
|t:|1779699635
|switch|p1a: Ninetales|Ninetales-Alola, F|85/100
|-weather|Snowscape|[from] ability: Snow Warning|[of] p1a: Ninetales
|-end|p2a: mid tusk|Protosynthesis
|turn|7
|
|t:|1779699638
|switch|p1a: Blaziken|Blaziken, F|100/100
|-end|p2a: mid tusk|Protosynthesis|[silent]
|switch|p2a: Ninetales|Ninetales, M|100/100
|-weather|SunnyDay|[from] ability: Drought|[of] p2a: Ninetales
|
|-weather|SunnyDay|[upkeep]
|upkeep
|turn|8
|
|t:|1779699644
|move|p2a: Ninetales|Overheat|p1a: Blaziken
|-resisted|p1a: Blaziken
|-damage|p1a: Blaziken|46/100
|-unboost|p2a: Ninetales|spa|2
|move|p1a: Blaziken|Focus Energy|p1a: Blaziken
|-start|p1a: Blaziken|move: Focus Energy
|
|-weather|SunnyDay|[upkeep]
|-ability|p1a: Blaziken|Speed Boost|boost
|-boost|p1a: Blaziken|spe|1
|upkeep
|turn|9
|
|t:|1779699670
|switch|p2a: high|Typhlosion-Hisui, M|100/100
|move|p1a: Blaziken|Overheat|p2a: high
|-resisted|p2a: high
|-crit|p2a: high
|-damage|p2a: high|5/100
|-unboost|p1a: Blaziken|spa|2
|
|-weather|SunnyDay|[upkeep]
|-ability|p1a: Blaziken|Speed Boost|boost
|-boost|p1a: Blaziken|spe|1
|upkeep
|turn|10
|
|t:|1779699679
|move|p1a: Blaziken|Overheat|p2a: high
|-resisted|p2a: high
|-crit|p2a: high
|-damage|p2a: high|0 fnt
|-unboost|p1a: Blaziken|spa|2
|faint|p2a: high
|
|-weather|SunnyDay|[upkeep]
|-ability|p1a: Blaziken|Speed Boost|boost
|-boost|p1a: Blaziken|spe|1
|upkeep
|
|t:|1779699694
|switch|p2a: mid tusk|Great Tusk|64/100
|-activate|p2a: mid tusk|ability: Protosynthesis
|-start|p2a: mid tusk|protosynthesisspe
|turn|11
|
|t:|1779699701
|move|p1a: Blaziken|Protect|p1a: Blaziken
|-singleturn|p1a: Blaziken|Protect
|move|p2a: mid tusk|Headlong Rush|p1a: Blaziken
|-activate|p1a: Blaziken|move: Protect
|
|-weather|SunnyDay|[upkeep]
|-ability|p1a: Blaziken|Speed Boost|boost
|-boost|p1a: Blaziken|spe|1
|upkeep
|turn|12
|
|t:|1779699707
|move|p1a: Blaziken|Overheat|p2a: mid tusk
|-crit|p2a: mid tusk
|-damage|p2a: mid tusk|0 fnt
|-unboost|p1a: Blaziken|spa|2
|faint|p2a: mid tusk
|-end|p2a: mid tusk|Protosynthesis|[silent]
|
|-weather|SunnyDay|[upkeep]
|-ability|p1a: Blaziken|Speed Boost|boost
|-boost|p1a: Blaziken|spe|1
|upkeep
|
|t:|1779699711
|switch|p2a: Jesus|Walking Wake|100/100
|-activate|p2a: Jesus|ability: Protosynthesis
|-start|p2a: Jesus|protosynthesisspe
|turn|13
|
|t:|1779699717
|move|p1a: Blaziken|Protect|p1a: Blaziken
|-singleturn|p1a: Blaziken|Protect
|move|p2a: Jesus|Hydro Steam|p1a: Blaziken
|-activate|p1a: Blaziken|move: Protect
|
|-weather|SunnyDay|[upkeep]
|-ability|p1a: Blaziken|Speed Boost|boost
|-boost|p1a: Blaziken|spe|1
|upkeep
|turn|14
|
|t:|1779699722
|move|p1a: Blaziken|Close Combat|p2a: Jesus
|-crit|p2a: Jesus
|-damage|p2a: Jesus|14/100
|-unboost|p1a: Blaziken|def|1
|-unboost|p1a: Blaziken|spd|1
|move|p2a: Jesus|Hydro Steam|p1a: Blaziken
|-supereffective|p1a: Blaziken
|-damage|p1a: Blaziken|0 fnt
|faint|p1a: Blaziken
|
|-weather|none
|-end|p2a: Jesus|Protosynthesis
|upkeep
|
|t:|1779699731
|switch|p1a: Iron Valiant|Iron Valiant|100/100
|-enditem|p1a: Iron Valiant|Booster Energy
|-activate|p1a: Iron Valiant|ability: Quark Drive|[fromitem]
|-start|p1a: Iron Valiant|quarkdrivespe
|turn|15
|
|t:|1779699738
|-end|p2a: Jesus|Protosynthesis|[silent]
|switch|p2a: Cresselia|Cresselia, F|100/100
|move|p1a: Iron Valiant|Shadow Ball|p2a: Cresselia
|-supereffective|p2a: Cresselia
|-damage|p2a: Cresselia|69/100
|-enditem|p2a: Cresselia|Eject Button
|
|t:|1779699740
|switch|p2a: Slither Wing|Slither Wing|100/100
|
|upkeep
|turn|16
|
|t:|1779699747
|-terastallize|p2a: Slither Wing|Fire
|move|p1a: Iron Valiant|Moonblast|p2a: Slither Wing
|-resisted|p2a: Slither Wing
|-damage|p2a: Slither Wing|86/100
|move|p2a: Slither Wing|Flare Blitz|p1a: Iron Valiant
|-damage|p1a: Iron Valiant|15/100
|-damage|p2a: Slither Wing|63/100|[from] Recoil
|
|upkeep
|turn|17
|
|t:|1779699756
|move|p1a: Iron Valiant|Shadow Ball|p2a: Slither Wing
|-damage|p2a: Slither Wing|46/100
|-unboost|p2a: Slither Wing|spd|1
|move|p2a: Slither Wing|Flare Blitz|p1a: Iron Valiant
|-damage|p1a: Iron Valiant|0 fnt
|faint|p1a: Iron Valiant
|-end|p1a: Iron Valiant|Quark Drive|[silent]
|-damage|p2a: Slither Wing|42/100|[from] Recoil
|
|upkeep
|
|t:|1779699759
|switch|p1a: Ninetales|Ninetales-Alola, F|85/100
|-weather|Snowscape|[from] ability: Snow Warning|[of] p1a: Ninetales
|turn|18
|j| foxi4
|
|t:|1779699767
|-end|p2a: Slither Wing|Protosynthesis|[silent]
|switch|p2a: Ninetales|Ninetales, M|100/100
|-weather|SunnyDay|[from] ability: Drought|[of] p2a: Ninetales
|move|p1a: Ninetales|Moonblast|p2a: Ninetales
|-resisted|p2a: Ninetales
|-damage|p2a: Ninetales|80/100
|-unboost|p2a: Ninetales|spa|1
|
|-weather|SunnyDay|[upkeep]
|upkeep
|turn|19
|
|t:|1779699769
|move|p1a: Ninetales|Moonblast|p2a: Ninetales
|-resisted|p2a: Ninetales
|-damage|p2a: Ninetales|59/100
|-unboost|p2a: Ninetales|spa|1
|move|p2a: Ninetales|Overheat|p1a: Ninetales
|-supereffective|p1a: Ninetales
|-damage|p1a: Ninetales|0 fnt
|-unboost|p2a: Ninetales|spa|2
|faint|p1a: Ninetales
|
|-weather|SunnyDay|[upkeep]
|upkeep
|
|t:|1779699774
|switch|p1a: Zamazenta|Zamazenta|100/100
|-ability|p1a: Zamazenta|Dauntless Shield|boost
|-boost|p1a: Zamazenta|def|1
|turn|20
|
|t:|1779699777
|-terastallize|p1a: Zamazenta|Fire
|move|p1a: Zamazenta|Substitute|p1a: Zamazenta
|-start|p1a: Zamazenta|Substitute
|-damage|p1a: Zamazenta|75/100
|move|p2a: Ninetales|Will-O-Wisp||[still]
|-fail|p2a: Ninetales
|
|-weather|SunnyDay|[upkeep]
|-heal|p1a: Zamazenta|82/100|[from] item: Leftovers
|upkeep
|turn|21
|
|t:|1779699785
|move|p1a: Zamazenta|Iron Defense|p1a: Zamazenta
|-boost|p1a: Zamazenta|def|2
|move|p2a: Ninetales|Encore|p1a: Zamazenta
|-start|p1a: Zamazenta|Encore
|
|-weather|SunnyDay|[upkeep]
|-heal|p1a: Zamazenta|88/100|[from] item: Leftovers
|upkeep
|turn|22
|
|t:|1779699791
|move|p1a: Zamazenta|Iron Defense|p1a: Zamazenta
|-boost|p1a: Zamazenta|def|2
|move|p2a: Ninetales|Healing Wish|p2a: Ninetales
|faint|p2a: Ninetales
|
|-weather|SunnyDay|[upkeep]
|-heal|p1a: Zamazenta|94/100|[from] item: Leftovers
|upkeep
|
|t:|1779699792
|switch|p2a: Jesus|Walking Wake|14/100
|-heal|p2a: Jesus|100/100|[from] move: Healing Wish
|-activate|p2a: Jesus|ability: Protosynthesis
|-start|p2a: Jesus|protosynthesisspe
|turn|23
|
|t:|1779699798
|move|p2a: Jesus|Hydro Steam|p1a: Zamazenta
|-supereffective|p1a: Zamazenta
|-end|p1a: Zamazenta|Substitute
|move|p1a: Zamazenta|Iron Defense|p1a: Zamazenta
|-boost|p1a: Zamazenta|def|1
|
|-weather|SunnyDay|[upkeep]
|-heal|p1a: Zamazenta|99/100|[from] item: Leftovers
|upkeep
|turn|24
|
|t:|1779699801
|move|p2a: Jesus|Hydro Steam|p1a: Zamazenta
|-supereffective|p1a: Zamazenta
|-damage|p1a: Zamazenta|0 fnt
|faint|p1a: Zamazenta
|
|win|ur doggo
|raw|meta fodder's rating: 1502 &rarr; <strong>1489</strong><br />(-13 for losing)
|raw|ur doggo's rating: 1630 &rarr; <strong>1643</strong><br />(+13 for winning)
|l|☆meta fodder
|player|p1|
|l|☆ur doggo
|player|p2|
