|j|☆wkirby500
|j|☆lltocool
|t:|1779650096
|gametype|singles
|player|p1|wkirby500|170|
|player|p2|lltocool|benga|
|gen|9
|tier|[Gen 9] OU
|rule|HP Percentage Mod: HP is shown in percentages
|rule|Endless Battle Clause: Forcing endless battles is banned
|rule|Species Clause: Limit one of each Pokémon
|rule|OHKO Clause: OHKO moves are banned
|rule|Evasion Items Clause: Evasion items are banned
|rule|Evasion Moves Clause: Evasion moves are banned
|rule|Evasion Abilities Clause: Evasion abilities are banned
|rule|Sleep Moves Clause: Sleep-inducing moves are banned
|clearpoke
|poke|p1|Jolteon, F|
|poke|p1|Gholdengo|
|poke|p1|Talonflame, M|
|poke|p1|Scrafty, F|
|poke|p1|Meowscarada, F|
|poke|p1|Salazzle, F|
|poke|p2|Ninetales-Alola, F|
|poke|p2|Dragonite, F|
|poke|p2|Slowking, M|
|poke|p2|Beartic, M|
|poke|p2|Sandslash-Alola, F|
|poke|p2|Goodra-Hisui, F|
|teampreview
|c|☆lltocool|gl hf
|c|☆wkirby500|you too
|
|t:|1779650127
|teamsize|p1|6
|teamsize|p2|6
|start
|switch|p1a: Gholdengo|Gholdengo|100/100
|switch|p2a: Bepo|Slowking, M, shiny|100/100
|turn|1
|
|t:|1779650153
|move|p1a: Gholdengo|Night Shade|p2a: Bepo
|-damage|p2a: Bepo|75/100
|-prepare|p2a: Bepo|Chilly Reception|[premajor]
|move|p2a: Bepo|Chilly Reception|p2a: Bepo
|-weather|Snowscape
|
|t:|1779650170
|switch|p2a: Whitebeard|Beartic, M|100/100|[from] Chilly Reception
|
|-weather|Snowscape|[upkeep]
|upkeep
|turn|2
|
|t:|1779650199
|move|p2a: Whitebeard|Icicle Spear|p1a: Gholdengo
|-resisted|p1a: Gholdengo
|-damage|p1a: Gholdengo|93/100
|-resisted|p1a: Gholdengo
|-damage|p1a: Gholdengo|86/100
|-hitcount|p1a: Gholdengo|2
|move|p1a: Gholdengo|Steel Beam|p2a: Whitebeard
|-supereffective|p2a: Whitebeard
|-damage|p2a: Whitebeard|0 fnt
|-damage|p1a: Gholdengo|36/100|[from] steelbeam
|faint|p2a: Whitebeard
|
|-weather|Snowscape|[upkeep]
|-heal|p1a: Gholdengo|43/100|[from] item: Leftovers
|upkeep
|
|t:|1779650211
|switch|p2a: Iceberg|Sandslash-Alola, F, shiny|100/100
|turn|3
|
|t:|1779650234
|move|p2a: Iceberg|Knock Off|p1a: Gholdengo
|-supereffective|p1a: Gholdengo
|-damage|p1a: Gholdengo|0 fnt
|-enditem|p1a: Gholdengo|Leftovers|[from] move: Knock Off|[of] p2a: Iceberg
|faint|p1a: Gholdengo
|-damage|p2a: Iceberg|91/100|[from] item: Life Orb
|
|-weather|Snowscape|[upkeep]
|upkeep
|
|t:|1779650275
|switch|p1a: Salazzle|Salazzle, F|100/100
|turn|4
|
|t:|1779650313
|switch|p2a: Bepo|Slowking, M, shiny|100/100
|move|p1a: Salazzle|Flamethrower|p2a: Bepo
|-resisted|p2a: Bepo
|-damage|p2a: Bepo|88/100
|
|-weather|Snowscape|[upkeep]
|upkeep
|turn|5
|
|t:|1779650334
|switch|p1a: Jolteon|Jolteon, F|100/100
|-item|p1a: Jolteon|Air Balloon
|move|p2a: Bepo|Scald|p1a: Jolteon
|-damage|p1a: Jolteon|67/100
|-enditem|p1a: Jolteon|Air Balloon
|
|-weather|Snowscape|[upkeep]
|upkeep
|turn|6
|
|t:|1779650365
|switch|p2a: Transponder|Goodra-Hisui, F|100/100
|move|p1a: Jolteon|Wish|p1a: Jolteon
|
|-weather|Snowscape|[upkeep]
|upkeep
|turn|7
|
|t:|1779650393
|move|p1a: Jolteon|Volt Switch|p2a: Transponder
|-resisted|p2a: Transponder
|-damage|p2a: Transponder|94/100
|
|t:|1779650401
|switch|p1a: Scrafty|Scrafty, F|100/100|[from] Volt Switch
|move|p2a: Transponder|Heavy Slam|p1a: Scrafty
|-damage|p1a: Scrafty|52/100
|
|-weather|Snowscape|[upkeep]
|-heal|p1a: Scrafty|92/100|[from] move: Wish|[wisher] Jolteon
|upkeep
|turn|8
|
|t:|1779650430
|switch|p2a: Ryunosuke|Dragonite, F|100/100
|move|p1a: Scrafty|Drain Punch|p2a: Ryunosuke
|-resisted|p2a: Ryunosuke
|-damage|p2a: Ryunosuke|93/100
|-heal|p1a: Scrafty|96/100|[from] drain|[of] p2a: Ryunosuke
|
|-weather|none
|upkeep
|turn|9
|
|t:|1779650444
|move|p2a: Ryunosuke|Dragon Dance|p2a: Ryunosuke
|-boost|p2a: Ryunosuke|atk|1
|-boost|p2a: Ryunosuke|spe|1
|move|p1a: Scrafty|Ice Punch|p2a: Ryunosuke
|-supereffective|p2a: Ryunosuke
|-damage|p2a: Ryunosuke|1/100
|
|upkeep
|turn|10
|
|t:|1779650464
|move|p2a: Ryunosuke|Scale Shot|p1a: Scrafty
|-damage|p1a: Scrafty|79/100
|-damage|p1a: Scrafty|60/100
|-damage|p1a: Scrafty|40/100
|-damage|p1a: Scrafty|21/100
|-hitcount|p1a: Scrafty|4
|-unboost|p2a: Ryunosuke|def|1
|-boost|p2a: Ryunosuke|spe|1
|move|p1a: Scrafty|Knock Off|p2a: Ryunosuke
|-damage|p2a: Ryunosuke|0 fnt
|-enditem|p2a: Ryunosuke|Loaded Dice|[from] move: Knock Off|[of] p1a: Scrafty
|faint|p2a: Ryunosuke
|-ability|p1a: Scrafty|Moxie|boost
|-boost|p1a: Scrafty|atk|1
|
|upkeep
|
|t:|1779650478
|switch|p2a: Monet|Ninetales-Alola, F, shiny|100/100
|-weather|Snowscape|[from] ability: Snow Warning|[of] p2a: Monet
|turn|11
|
|t:|1779650509
|move|p2a: Monet|Moonblast|p1a: Scrafty
|-supereffective|p1a: Scrafty
|-damage|p1a: Scrafty|0 fnt
|faint|p1a: Scrafty
|
|-weather|Snowscape|[upkeep]
|upkeep
|
|t:|1779650537
|switch|p1a: Salazzle|Salazzle, F|100/100
|turn|12
|
|t:|1779650551
|move|p1a: Salazzle|Nasty Plot|p1a: Salazzle
|-boost|p1a: Salazzle|spa|2
|move|p2a: Monet|Aurora Veil|p2a: Monet
|-sidestart|p2: lltocool|move: Aurora Veil
|
|-weather|Snowscape|[upkeep]
|upkeep
|turn|13
|
|t:|1779650566
|switch|p2a: Bepo|Slowking, M, shiny|100/100
|move|p1a: Salazzle|Nasty Plot|p1a: Salazzle
|-boost|p1a: Salazzle|spa|2
|
|-weather|Snowscape|[upkeep]
|upkeep
|turn|14
|
|t:|1779650587
|move|p1a: Salazzle|Dragon Pulse|p2a: Bepo
|-damage|p2a: Bepo|78/100
|move|p2a: Bepo|Scald|p1a: Salazzle
|-supereffective|p1a: Salazzle
|-crit|p1a: Salazzle
|-enditem|p1a: Salazzle|Focus Sash
|-damage|p1a: Salazzle|1/100
|
|-weather|Snowscape|[upkeep]
|upkeep
|turn|15
|
|t:|1779650601
|move|p1a: Salazzle|Toxic|p2a: Bepo
|-status|p2a: Bepo|tox
|move|p2a: Bepo|Scald|p1a: Salazzle
|-supereffective|p1a: Salazzle
|-damage|p1a: Salazzle|0 fnt
|faint|p1a: Salazzle
|
|-weather|none
|-damage|p2a: Bepo|72/100 tox|[from] psn
|upkeep
|
|t:|1779650631
|switch|p1a: Jolteon|Jolteon, F|67/100
|turn|16
|
|t:|1779650642
|switch|p2a: Iceberg|Sandslash-Alola, F, shiny|91/100
|move|p1a: Jolteon|Volt Switch|p2a: Iceberg
|-damage|p2a: Iceberg|65/100
|
|t:|1779650684
|switch|p1a: Meowscarada|Meowscarada, F|100/100|[from] Volt Switch
|
|upkeep
|turn|17
|
|t:|1779650699
|switch|p2a: Transponder|Goodra-Hisui, F|94/100
|move|p1a: Meowscarada|Brick Break|p2a: Transponder
|-start|p1a: Meowscarada|typechange|Fighting|[from] ability: Protean
|-sideend|p2: lltocool|move: Aurora Veil
|-supereffective|p2a: Transponder
|-damage|p2a: Transponder|26/100
|
|upkeep
|turn|18
|
|t:|1779650713
|move|p1a: Meowscarada|Brick Break|p2a: Transponder
|-supereffective|p2a: Transponder
|-damage|p2a: Transponder|0 fnt
|faint|p2a: Transponder
|
|upkeep
|
|t:|1779650717
|switch|p2a: Monet|Ninetales-Alola, F, shiny|100/100
|-weather|Snowscape|[from] ability: Snow Warning|[of] p2a: Monet
|turn|19
|
|t:|1779650742
|move|p1a: Meowscarada|U-turn|p2a: Monet
|-resisted|p2a: Monet
|-damage|p2a: Monet|90/100
|
|t:|1779650756
|switch|p1a: Jolteon|Jolteon, F|67/100|[from] U-turn
|move|p2a: Monet|Moonblast|p1a: Jolteon
|-damage|p1a: Jolteon|11/100
|
|-weather|Snowscape|[upkeep]
|upkeep
|turn|20
|
|t:|1779650807
|move|p1a: Jolteon|Wish|p1a: Jolteon
|move|p2a: Monet|Moonblast|p1a: Jolteon
|-damage|p1a: Jolteon|0 fnt
|faint|p1a: Jolteon
|
|-weather|Snowscape|[upkeep]
|upkeep
|
|t:|1779650846
|switch|p1a: Meowscarada|Meowscarada, F|100/100
|turn|21
|
|t:|1779650909
|move|p1a: Meowscarada|U-turn|p2a: Monet
|-start|p1a: Meowscarada|typechange|Bug|[from] ability: Protean
|-resisted|p2a: Monet
|-damage|p2a: Monet|73/100
|
|t:|1779650914
|switch|p1a: Talonflame|Talonflame, M|100/100|[from] U-turn
|move|p2a: Monet|Moonblast|p1a: Talonflame
|-resisted|p1a: Talonflame
|-damage|p1a: Talonflame|68/100
|
|-weather|Snowscape|[upkeep]
|-heal|p1a: Talonflame|100/100|[from] move: Wish|[wisher] Jolteon
|upkeep
|turn|22
|
|t:|1779650942
|switch|p2a: Bepo|Slowking, M, shiny|100/100 tox
|move|p1a: Talonflame|U-turn|p2a: Bepo
|-supereffective|p2a: Bepo
|-damage|p2a: Bepo|43/100 tox
|
|t:|1779650947
|switch|p1a: Meowscarada|Meowscarada, F|100/100|[from] U-turn
|
|-weather|Snowscape|[upkeep]
|-damage|p2a: Bepo|37/100 tox|[from] psn
|upkeep
|turn|23
|
|t:|1779650967
|move|p1a: Meowscarada|U-turn|p2a: Bepo
|-start|p1a: Meowscarada|typechange|Bug|[from] ability: Protean
|-supereffective|p2a: Bepo
|-damage|p2a: Bepo|0 fnt
|faint|p2a: Bepo
|
|t:|1779650973
|switch|p1a: Talonflame|Talonflame, M|100/100|[from] U-turn
|
|-weather|none
|upkeep
|
|t:|1779650977
|switch|p2a: Monet|Ninetales-Alola, F, shiny|73/100
|-weather|Snowscape|[from] ability: Snow Warning|[of] p2a: Monet
|turn|24
|
|t:|1779651020
|move|p1a: Talonflame|Flare Blitz|p2a: Monet
|-supereffective|p2a: Monet
|-damage|p2a: Monet|0 fnt
|faint|p2a: Monet
|-damage|p1a: Talonflame|77/100|[from] Recoil
|
|-weather|Snowscape|[upkeep]
|upkeep
|
|t:|1779651029
|switch|p2a: Iceberg|Sandslash-Alola, F, shiny|65/100
|turn|25
|
|t:|1779651036
|move|p2a: Iceberg|Knock Off|p1a: Talonflame
|-damage|p1a: Talonflame|16/100
|-enditem|p1a: Talonflame|Choice Band|[from] move: Knock Off|[of] p2a: Iceberg
|-damage|p2a: Iceberg|55/100|[from] item: Life Orb
|move|p1a: Talonflame|Flare Blitz|p2a: Iceberg
|-supereffective|p2a: Iceberg
|-damage|p2a: Iceberg|0 fnt
|faint|p2a: Iceberg
|-damage|p1a: Talonflame|0 fnt|[from] Recoil
|faint|p1a: Talonflame
|
|win|wkirby500
|c|☆lltocool|gg
