|j|☆rockeater9000
|j|☆Metal_In_Microwave
|t:|1779650541
|gametype|singles
|player|p1|rockeater9000|dawn|1406
|player|p2|Metal_In_Microwave|266|1389
|gen|9
|tier|[Gen 9] OU
|rated|
|rule|HP Percentage Mod: HP is shown in percentages
|rule|Endless Battle Clause: Forcing endless battles is banned
|rule|Species Clause: Limit one of each Pokémon
|rule|OHKO Clause: OHKO moves are banned
|rule|Evasion Items Clause: Evasion items are banned
|rule|Evasion Moves Clause: Evasion moves are banned
|rule|Evasion Abilities Clause: Evasion abilities are banned
|rule|Sleep Moves Clause: Sleep-inducing moves are banned
|clearpoke
|poke|p1|Hydrapple, M|
|poke|p1|Clodsire, F|
|poke|p1|Bronzong|
|poke|p1|Regieleki|
|poke|p1|Pecharunt|
|poke|p1|Walking Wake|
|poke|p2|Eelektross, M|
|poke|p2|Braviary-Hisui, M|
|poke|p2|Bellibolt, M|
|poke|p2|Ogerpon-Wellspring, F|
|poke|p2|Pelipper, M|
|poke|p2|Dragonite, M|
|teampreview
|inactive|Battle timer is ON: inactive players will automatically lose when time's up. (requested by rockeater9000)
|
|t:|1779650565
|teamsize|p1|6
|teamsize|p2|6
|start
|switch|p1a: Regieleki|Regieleki|100/100
|switch|p2a: Pelipper|Pelipper, M|100/100
|-weather|RainDance|[from] ability: Drizzle|[of] p2a: Pelipper
|turn|1
|
|t:|1779650569
|switch|p2a: Bellibolt|Bellibolt, M|100/100
|move|p1a: Regieleki|Substitute|p1a: Regieleki
|-start|p1a: Regieleki|Substitute
|-damage|p1a: Regieleki|76/100
|
|-weather|RainDance|[upkeep]
|upkeep
|turn|2
|
|t:|1779650575
|switch|p1a: Hydrapple|Hydrapple, M|100/100
|move|p2a: Bellibolt|Parabolic Charge|p1a: Hydrapple
|-resisted|p1a: Hydrapple
|-damage|p1a: Hydrapple|93/100
|
|-weather|RainDance|[upkeep]
|upkeep
|turn|3
|
|t:|1779650580
|move|p2a: Bellibolt|Soak|p1a: Hydrapple
|-start|p1a: Hydrapple|typechange|Water
|move|p1a: Hydrapple|Fickle Beam|p2a: Bellibolt
|-damage|p2a: Bellibolt|81/100
|-start|p2a: Bellibolt|Charge|Fickle Beam|[from] ability: Electromorphosis
|
|-weather|RainDance|[upkeep]
|upkeep
|turn|4
|
|t:|1779650587
|switch|p1a: Clodsire|Clodsire, F|100/100
|move|p2a: Bellibolt|Weather Ball|p1a: Clodsire
|-supereffective|p1a: Clodsire
|-damage|p1a: Clodsire|56/100
|
|-weather|RainDance|[upkeep]
|-heal|p1a: Clodsire|62/100|[from] item: Leftovers
|upkeep
|turn|5
|
|t:|1779650593
|switch|p2a: Braviary|Braviary-Hisui, M|100/100
|move|p1a: Clodsire|Earthquake|p2a: Braviary
|-immune|p2a: Braviary
|
|-weather|RainDance|[upkeep]
|-heal|p1a: Clodsire|69/100|[from] item: Leftovers
|upkeep
|turn|6
|
|t:|1779650599
|switch|p1a: Bronzong|Bronzong|100/100
|move|p2a: Braviary|Esper Wing|p1a: Bronzong
|-resisted|p1a: Bronzong
|-damage|p1a: Bronzong|87/100
|-boost|p2a: Braviary|spe|1
|
|-weather|RainDance|[upkeep]
|-heal|p1a: Bronzong|94/100|[from] item: Leftovers
|upkeep
|turn|7
|
|t:|1779650603
|move|p2a: Braviary|Hurricane|p1a: Bronzong
|-resisted|p1a: Bronzong
|-damage|p1a: Bronzong|62/100
|move|p1a: Bronzong|Stealth Rock|p2a: Braviary
|-sidestart|p2: Metal_In_Microwave|move: Stealth Rock
|
|-weather|RainDance|[upkeep]
|-heal|p1a: Bronzong|68/100|[from] item: Leftovers
|upkeep
|turn|8
|
|t:|1779650606
|move|p2a: Braviary|Hurricane|p1a: Bronzong
|-resisted|p1a: Bronzong
|-damage|p1a: Bronzong|37/100
|move|p1a: Bronzong|Iron Head|p2a: Braviary
|-damage|p2a: Braviary|72/100
|
|-weather|none
|-heal|p1a: Bronzong|43/100|[from] item: Leftovers
|upkeep
|turn|9
|
|t:|1779650617
|move|p2a: Braviary|Hurricane|p1a: Bronzong
|-resisted|p1a: Bronzong
|-damage|p1a: Bronzong|7/100
|move|p1a: Bronzong|Iron Head|p2a: Braviary
|-damage|p2a: Braviary|42/100
|
|-heal|p1a: Bronzong|13/100|[from] item: Leftovers
|upkeep
|turn|10
|
|t:|1779650621
|move|p2a: Braviary|Esper Wing|p1a: Bronzong
|-resisted|p1a: Bronzong
|-damage|p1a: Bronzong|1/100
|-boost|p2a: Braviary|spe|1
|move|p1a: Bronzong|Iron Head|p2a: Braviary
|-damage|p2a: Braviary|9/100
|
|-heal|p1a: Bronzong|7/100|[from] item: Leftovers
|upkeep
|turn|11
|
|t:|1779650624
|move|p2a: Braviary|Esper Wing|p1a: Bronzong
|-resisted|p1a: Bronzong
|-damage|p1a: Bronzong|0 fnt
|-boost|p2a: Braviary|spe|1
|faint|p1a: Bronzong
|
|upkeep
|
|t:|1779650631
|switch|p1a: Walking Wake|Walking Wake|100/100
|turn|12
|
|t:|1779650639
|move|p2a: Braviary|Psychic Noise|p1a: Walking Wake
|-damage|p1a: Walking Wake|55/100
|-start|p1a: Walking Wake|move: Heal Block
|-enditem|p2a: Braviary|Throat Spray
|-boost|p2a: Braviary|spa|1|[from] item: Throat Spray
|move|p1a: Walking Wake|Surf|p2a: Braviary
|-damage|p2a: Braviary|0 fnt
|faint|p2a: Braviary
|
|upkeep
|
|t:|1779650652
|switch|p2a: Bellibolt|Bellibolt, M|81/100
|-damage|p2a: Bellibolt|69/100|[from] Stealth Rock
|turn|13
|
|t:|1779650662
|-end|p1a: Walking Wake|Protosynthesis|[silent]
|switch|p1a: Hydrapple|Hydrapple, M|100/100
|move|p2a: Bellibolt|Parabolic Charge|p1a: Hydrapple
|-resisted|p1a: Hydrapple
|-damage|p1a: Hydrapple|93/100
|-heal|p2a: Bellibolt|73/100|[from] drain|[of] p1a: Hydrapple
|
|upkeep
|turn|14
|
|t:|1779650669
|move|p2a: Bellibolt|Soak|p1a: Hydrapple
|-start|p1a: Hydrapple|typechange|Water
|move|p1a: Hydrapple|Fickle Beam|p2a: Bellibolt
|-damage|p2a: Bellibolt|54/100
|-start|p2a: Bellibolt|Charge|Fickle Beam|[from] ability: Electromorphosis
|
|upkeep
|turn|15
|
|t:|1779650674
|switch|p1a: Clodsire|Clodsire, F|69/100
|move|p2a: Bellibolt|Parabolic Charge|p1a: Clodsire
|-immune|p1a: Clodsire
|-end|p2a: Bellibolt|Charge|[silent]
|
|-heal|p1a: Clodsire|75/100|[from] item: Leftovers
|upkeep
|turn|16
|
|t:|1779650677
|move|p2a: Bellibolt|Soak|p1a: Clodsire
|-start|p1a: Clodsire|typechange|Water
|move|p1a: Clodsire|Toxic|p2a: Bellibolt
|-status|p2a: Bellibolt|tox
|
|-heal|p1a: Clodsire|81/100|[from] item: Leftovers
|-damage|p2a: Bellibolt|48/100 tox|[from] psn
|upkeep
|-enditem|p2a: Bellibolt|Sitrus Berry|[eat]
|-heal|p2a: Bellibolt|73/100 tox|[from] item: Sitrus Berry
|turn|17
|
|t:|1779650682
|switch|p1a: Hydrapple|Hydrapple, M|100/100
|move|p2a: Bellibolt|Parabolic Charge|p1a: Hydrapple
|-resisted|p1a: Hydrapple
|-damage|p1a: Hydrapple|94/100
|-heal|p2a: Bellibolt|76/100 tox|[from] drain|[of] p1a: Hydrapple
|
|-damage|p2a: Bellibolt|64/100 tox|[from] psn
|upkeep
|turn|18
|
|t:|1779650686
|switch|p2a: Pelipper|Pelipper, M|100/100
|-damage|p2a: Pelipper|76/100|[from] Stealth Rock
|-weather|RainDance|[from] ability: Drizzle|[of] p2a: Pelipper
|switch|p1a: Clodsire|Clodsire, F|81/100
|
|-weather|RainDance|[upkeep]
|-heal|p1a: Clodsire|87/100|[from] item: Leftovers
|upkeep
|turn|19
|
|t:|1779650692
|move|p2a: Pelipper|Weather Ball|p1a: Clodsire
|-supereffective|p1a: Clodsire
|-damage|p1a: Clodsire|24/100
|move|p1a: Clodsire|Spikes|p2a: Pelipper
|-sidestart|p2: Metal_In_Microwave|Spikes
|
|-weather|RainDance|[upkeep]
|-heal|p1a: Clodsire|30/100|[from] item: Leftovers
|upkeep
|turn|20
|
|t:|1779650698
|switch|p1a: Hydrapple|Hydrapple, M|100/100
|move|p2a: Pelipper|Hurricane|p1a: Hydrapple
|-supereffective|p1a: Hydrapple
|-crit|p1a: Hydrapple
|-damage|p1a: Hydrapple|0 fnt
|faint|p1a: Hydrapple
|
|-weather|RainDance|[upkeep]
|upkeep
|
|t:|1779650701
|switch|p1a: Regieleki|Regieleki|76/100
|turn|21
|
|t:|1779650706
|switch|p2a: Eelektross|Eelektross, M, shiny|100/100
|-damage|p2a: Eelektross|88/100|[from] Stealth Rock
|move|p1a: Regieleki|Thunderbolt|p2a: Eelektross
|-resisted|p2a: Eelektross
|-damage|p2a: Eelektross|73/100
|
|-weather|RainDance|[upkeep]
|upkeep
|turn|22
|
|t:|1779650712
|move|p1a: Regieleki|Volt Switch|p2a: Eelektross
|-resisted|p2a: Eelektross
|-damage|p2a: Eelektross|60/100
|
|t:|1779650715
|switch|p1a: Walking Wake|Walking Wake|55/100|[from] Volt Switch
|move|p2a: Eelektross|Liquidation|p1a: Walking Wake
|-resisted|p1a: Walking Wake
|-damage|p1a: Walking Wake|47/100
|
|-weather|RainDance|[upkeep]
|upkeep
|turn|23
|
|t:|1779650720
|move|p1a: Walking Wake|Dragon Pulse|p2a: Eelektross
|-damage|p2a: Eelektross|33/100
|move|p2a: Eelektross|Thunder|p1a: Walking Wake
|-damage|p1a: Walking Wake|0 fnt
|faint|p1a: Walking Wake
|-end|p1a: Walking Wake|Protosynthesis|[silent]
|
|-weather|RainDance|[upkeep]
|upkeep
|
|t:|1779650726
|switch|p1a: Pecharunt|Pecharunt|100/100
|turn|24
|
|t:|1779650728
|move|p1a: Pecharunt|Malignant Chain|p2a: Eelektross
|-damage|p2a: Eelektross|13/100
|-status|p2a: Eelektross|tox
|-start|p2a: Eelektross|confusion|[from] ability: Poison Puppeteer|[of] p1a: Pecharunt
|-activate|p2a: Eelektross|confusion
|move|p2a: Eelektross|Thunder|p1a: Pecharunt
|-damage|p1a: Pecharunt|51/100
|-status|p1a: Pecharunt|par
|
|-weather|RainDance|[upkeep]
|-damage|p2a: Eelektross|7/100 tox|[from] psn
|upkeep
|turn|25
|
|t:|1779650732
|cant|p1a: Pecharunt|par
|-activate|p2a: Eelektross|confusion
|move|p2a: Eelektross|Thunder|p1a: Pecharunt
|-damage|p1a: Pecharunt|1/100 par
|
|-weather|none
|-damage|p2a: Eelektross|0 fnt|[from] psn
|faint|p2a: Eelektross
|upkeep
|
|t:|1779650741
|switch|p2a: Pelipper|Pelipper, M|76/100
|-damage|p2a: Pelipper|51/100|[from] Stealth Rock
|-weather|RainDance|[from] ability: Drizzle|[of] p2a: Pelipper
|turn|26
|
|t:|1779650745
|move|p2a: Pelipper|U-turn|p1a: Pecharunt
|-resisted|p1a: Pecharunt
|-damage|p1a: Pecharunt|0 fnt
|faint|p1a: Pecharunt
|
|t:|1779650756
|switch|p2a: Bellibolt|Bellibolt, M|64/100 tox|[from] U-turn
|-damage|p2a: Bellibolt|51/100 tox|[from] Stealth Rock
|-damage|p2a: Bellibolt|39/100 tox|[from] Spikes
|
|-weather|RainDance|[upkeep]
|-damage|p2a: Bellibolt|33/100 tox|[from] psn
|upkeep
|
|t:|1779650758
|switch|p1a: Regieleki|Regieleki|76/100
|turn|27
|
|t:|1779650761
|-terastallize|p1a: Regieleki|Electric
|move|p1a: Regieleki|Thunderbolt|p2a: Bellibolt
|-resisted|p2a: Bellibolt
|-crit|p2a: Bellibolt
|-damage|p2a: Bellibolt|0 fnt
|faint|p2a: Bellibolt
|
|-weather|RainDance|[upkeep]
|upkeep
|
|t:|1779650776
|switch|p2a: Dragonite|Dragonite, M|100/100
|turn|28
|
|t:|1779650781
|-terastallize|p2a: Dragonite|Dragon
|move|p1a: Regieleki|Volt Switch|p2a: Dragonite
|-resisted|p2a: Dragonite
|-crit|p2a: Dragonite
|-damage|p2a: Dragonite|81/100
|
|t:|1779650785
|switch|p1a: Clodsire|Clodsire, F|30/100|[from] Volt Switch
|move|p2a: Dragonite|Weather Ball|p1a: Clodsire
|-supereffective|p1a: Clodsire
|-damage|p1a: Clodsire|0 fnt
|faint|p1a: Clodsire
|
|-weather|RainDance|[upkeep]
|upkeep
|
|t:|1779650787
|switch|p1a: Regieleki|Regieleki, tera:Electric|76/100
|turn|29
|
|t:|1779650791
|move|p1a: Regieleki|Thunderbolt|p2a: Dragonite
|-resisted|p2a: Dragonite
|-damage|p2a: Dragonite|52/100
|move|p2a: Dragonite|Weather Ball|p1a: Regieleki
|-damage|p1a: Regieleki|0 fnt
|faint|p1a: Regieleki
|
|win|Metal_In_Microwave
|raw|rockeater9000's rating: 1406 &rarr; <strong>1385</strong><br />(-21 for losing)
|raw|Metal_In_Microwave's rating: 1389 &rarr; <strong>1410</strong><br />(+21 for winning)
|l|☆rockeater9000
|player|p1|
|l|☆Metal_In_Microwave
|player|p2|
