|j|☆HugsSC
|j|☆wo-chienuinelypeak
|t:|1779565892
|gametype|singles
|player|p1|HugsSC|alder|1203
|player|p2|wo-chienuinelypeak|backersf|1178
|gen|9
|tier|[Gen 9] OU
|rated|
|rule|HP Percentage Mod: HP is shown in percentages
|rule|Endless Battle Clause: Forcing endless battles is banned
|rule|Species Clause: Limit one of each Pokémon
|rule|OHKO Clause: OHKO moves are banned
|rule|Evasion Items Clause: Evasion items are banned
|rule|Evasion Moves Clause: Evasion moves are banned
|rule|Evasion Abilities Clause: Evasion abilities are banned
|rule|Sleep Moves Clause: Sleep-inducing moves are banned
|clearpoke
|poke|p1|Wo-Chien|
|poke|p1|Landorus-Therian, M|
|poke|p1|Heatran, M|
|poke|p1|Alomomola, M|
|poke|p1|Mimikyu, M|
|poke|p1|Corviknight, M|
|poke|p2|Torkoal, M|
|poke|p2|Great Tusk|
|poke|p2|Cinderace, F|
|poke|p2|Wo-Chien|
|poke|p2|Clefable, F|
|poke|p2|Walking Wake|
|teampreview
|inactive|Battle timer is ON: inactive players will automatically lose when time's up. (requested by HugsSC)
|inactive|wo-chienuinelypeak also wants the timer to be on.
|c|☆wo-chienuinelypeak|Nice Wo Chien
|c|☆HugsSC|thx
|
|t:|1779565910
|teamsize|p1|6
|teamsize|p2|6
|start
|switch|p1a: Larry Bird|Landorus-Therian, M|100/100
|switch|p2a: Santa|Torkoal, M|100/100
|-ability|p1a: Larry Bird|Intimidate|boost
|-unboost|p2a: Santa|atk|1
|-weather|SunnyDay|[from] ability: Drought|[of] p2a: Santa
|turn|1
|c|☆HugsSC|trying it out
|c|☆wo-chienuinelypeak|Same
|
|t:|1779565926
|move|p1a: Larry Bird|Earthquake|p2a: Santa
|-supereffective|p2a: Santa
|-damage|p2a: Santa|22/100
|move|p2a: Santa|Will-O-Wisp|p1a: Larry Bird
|-status|p1a: Larry Bird|brn
|
|-weather|SunnyDay|[upkeep]
|-damage|p1a: Larry Bird|95/100 brn|[from] brn
|upkeep
|turn|2
|
|t:|1779565947
|switch|p2a: Wo-Chienuinely|Wo-Chien|100/100
|-ability|p2a: Wo-Chienuinely|Tablets of Ruin
|move|p1a: Larry Bird|Stone Edge|p2a: Wo-Chienuinely
|-damage|p2a: Wo-Chienuinely|84/100
|
|-weather|SunnyDay|[upkeep]
|-damage|p1a: Larry Bird|89/100 brn|[from] brn
|upkeep
|turn|3
|c|☆wo-chienuinelypeak|A bit unconventionally tho
|c|☆HugsSC|oh dont worry i know your set
|inactive|HugsSC has 120 seconds left.
|c|☆wo-chienuinelypeak|:3
|inactive|HugsSC has 90 seconds left.
|
|t:|1779566005
|move|p1a: Larry Bird|Taunt|p2a: Wo-Chienuinely
|-start|p2a: Wo-Chienuinely|move: Taunt
|cant|p2a: Wo-Chienuinely|move: Taunt|Growth
|
|-weather|SunnyDay|[upkeep]
|-damage|p1a: Larry Bird|83/100 brn|[from] brn
|upkeep
|turn|4
|c|☆HugsSC|yep
|
|t:|1779566012
|move|p1a: Larry Bird|U-turn|p2a: Wo-Chienuinely
|-supereffective|p2a: Wo-Chienuinely
|-damage|p2a: Wo-Chienuinely|37/100
|inactive|HugsSC has 90 seconds left.
|
|t:|1779566024
|switch|p1a: B-2 Bomber|Corviknight, M|100/100|[from] U-turn
|-ability|p1a: B-2 Bomber|Pressure
|move|p2a: Wo-Chienuinely|Trailblaze|p1a: B-2 Bomber
|-resisted|p1a: B-2 Bomber
|-crit|p1a: B-2 Bomber
|-damage|p1a: B-2 Bomber|94/100
|-boost|p2a: Wo-Chienuinely|spe|1
|-damage|p2a: Wo-Chienuinely|27/100|[from] item: Life Orb
|
|-weather|SunnyDay|[upkeep]
|upkeep
|turn|5
|inactive|HugsSC has 90 seconds left.
|
|t:|1779566042
|switch|p2a: Over Here!|Clefable, F|100/100
|move|p1a: B-2 Bomber|Brave Bird|p2a: Over Here!
|-crit|p2a: Over Here!
|-damage|p2a: Over Here!|56/100
|-damage|p1a: B-2 Bomber|77/100|[from] Recoil
|
|-weather|SunnyDay|[upkeep]
|upkeep
|turn|6
|inactive|HugsSC has 90 seconds left.
|
|t:|1779566053
|move|p1a: B-2 Bomber|Roost|p1a: B-2 Bomber
|-heal|p1a: B-2 Bomber|100/100
|-singleturn|p1a: B-2 Bomber|move: Roost
|move|p2a: Over Here!|Flamethrower|p1a: B-2 Bomber
|-supereffective|p1a: B-2 Bomber
|-damage|p1a: B-2 Bomber|52/100
|
|-weather|SunnyDay|[upkeep]
|upkeep
|turn|7
|inactive|HugsSC has 90 seconds left.
|
|t:|1779566064
|switch|p1a: King of Miami|Heatran, M|100/100
|-item|p1a: King of Miami|Air Balloon
|switch|p2a: Donphan Deluxe|Great Tusk|100/100
|-activate|p2a: Donphan Deluxe|ability: Protosynthesis
|-start|p2a: Donphan Deluxe|protosynthesisspe
|
|-weather|SunnyDay|[upkeep]
|upkeep
|turn|8
|
|t:|1779566071
|move|p2a: Donphan Deluxe|Brick Break|p1a: King of Miami
|-supereffective|p1a: King of Miami
|-damage|p1a: King of Miami|35/100
|-enditem|p1a: King of Miami|Air Balloon
|move|p1a: King of Miami|Overheat|p2a: Donphan Deluxe
|-damage|p2a: Donphan Deluxe|0 fnt
|-unboost|p1a: King of Miami|spa|2
|faint|p2a: Donphan Deluxe
|-end|p2a: Donphan Deluxe|Protosynthesis|[silent]
|
|-weather|none
|upkeep
|
|t:|1779566088
|switch|p2a: Rawr >:3|Walking Wake|100/100
|turn|9
|
|t:|1779566095
|-terastallize|p1a: King of Miami|Grass
|move|p2a: Rawr >:3|Hydro Steam|p1a: King of Miami
|-resisted|p1a: King of Miami
|-damage|p1a: King of Miami|2/100
|move|p1a: King of Miami|Stealth Rock|p2a: Rawr >:3
|-sidestart|p2: wo-chienuinelypeak|move: Stealth Rock
|
|upkeep
|turn|10
|
|t:|1779566103
|switch|p1a: Alowowowa|Alomomola, M|100/100
|move|p2a: Rawr >:3|Hydro Steam|p1a: Alowowowa
|-resisted|p1a: Alowowowa
|-damage|p1a: Alowowowa|62/100
|
|upkeep
|turn|11
|
|t:|1779566111
|-end|p2a: Rawr >:3|Protosynthesis|[silent]
|switch|p2a: Santa|Torkoal, M|22/100
|-damage|p2a: Santa|0 fnt|[from] Stealth Rock
|faint|p2a: Santa
|move|p1a: Alowowowa|Wish|p1a: Alowowowa
|
|upkeep
|c|☆wo-chienuinelypeak|Does sun not come out before rocks damage?
|c|☆wo-chienuinelypeak|Aw man lol
|c|☆HugsSC|nope
|inactive|wo-chienuinelypeak has 120 seconds left.
|
|t:|1779566142
|switch|p2a: 🤤|Cinderace, F|100/100
|-damage|p2a: 🤤|76/100|[from] Stealth Rock
|-item|p2a: 🤤|Air Balloon
|turn|12
|
|t:|1779566152
|move|p2a: 🤤|Court Change|p2a: 🤤
|-swapsideconditions
|-activate|p2a: 🤤|move: Court Change
|move|p1a: Alowowowa|Flip Turn|p2a: 🤤
|-supereffective|p2a: 🤤
|-damage|p2a: 🤤|28/100
|-enditem|p2a: 🤤|Air Balloon
|inactive|HugsSC has 120 seconds left.
|
|t:|1779566171
|switch|p1a: B-2 Bomber|Corviknight, M|52/100|[from] Flip Turn
|-ability|p1a: B-2 Bomber|Pressure
|
|-heal|p1a: B-2 Bomber|100/100|[from] move: Wish|[wisher] Alowowowa
|upkeep
|turn|13
|inactive|HugsSC has 120 seconds left.
|
|t:|1779566187
|switch|p1a: Alowowowa|Alomomola, M|95/100
|move|p2a: 🤤|U-turn|p1a: Alowowowa
|-damage|p1a: Alowowowa|82/100
|
|t:|1779566193
|switch|p2a: Wo-Chienuinely|Wo-Chien|27/100|[from] U-turn
|-ability|p2a: Wo-Chienuinely|Tablets of Ruin
|
|upkeep
|turn|14
|inactive|HugsSC has 120 seconds left.
|
|t:|1779566208
|switch|p1a: King of Miami|Heatran, M, tera:Grass|2/100
|-damage|p1a: King of Miami|0 fnt|[from] Stealth Rock
|faint|p1a: King of Miami
|move|p2a: Wo-Chienuinely|Giga Drain|p1: King of Miami|[notarget]
|-fail|p2a: Wo-Chienuinely
|
|upkeep
|
|t:|1779566215
|switch|p1a: Larry Bird|Landorus-Therian, M|83/100 brn
|-damage|p1a: Larry Bird|70/100 brn|[from] Stealth Rock
|-ability|p1a: Larry Bird|Intimidate|boost
|-unboost|p2a: Wo-Chienuinely|atk|1
|turn|15
|
|t:|1779566228
|switch|p2a: Over Here!|Clefable, F|56/100
|move|p1a: Larry Bird|U-turn|p2a: Over Here!
|-resisted|p2a: Over Here!
|-damage|p2a: Over Here!|51/100
|
|t:|1779566234
|switch|p1a: B-2 Bomber|Corviknight, M|100/100|[from] U-turn
|-ability|p1a: B-2 Bomber|Pressure
|
|upkeep
|turn|16
|
|t:|1779566243
|move|p1a: B-2 Bomber|Defog|p2a: Over Here!
|-unboost|p2a: Over Here!|evasion|1
|-sideend|p1: HugsSC|Stealth Rock|[from] move: Defog|[of] p1a: B-2 Bomber
|move|p2a: Over Here!|Flamethrower|p1a: B-2 Bomber
|-supereffective|p1a: B-2 Bomber
|-damage|p1a: B-2 Bomber|65/100
|
|upkeep
|turn|17
|
|t:|1779566250
|move|p1a: B-2 Bomber|Roost|p1a: B-2 Bomber
|-heal|p1a: B-2 Bomber|100/100
|-singleturn|p1a: B-2 Bomber|move: Roost
|move|p2a: Over Here!|Moonlight|p2a: Over Here!
|-heal|p2a: Over Here!|100/100
|
|upkeep
|turn|18
|
|t:|1779566273
|switch|p1a: Alowowowa|Alomomola, M|100/100
|move|p2a: Over Here!|Calm Mind|p2a: Over Here!
|-boost|p2a: Over Here!|spa|1
|-boost|p2a: Over Here!|spd|1
|
|upkeep
|turn|19
|
|t:|1779566283
|move|p2a: Over Here!|Calm Mind|p2a: Over Here!
|-boost|p2a: Over Here!|spa|1
|-boost|p2a: Over Here!|spd|1
|move|p1a: Alowowowa|Wish|p1a: Alowowowa
|
|upkeep
|turn|20
|
|t:|1779566292
|move|p2a: Over Here!|Calm Mind|p2a: Over Here!
|-boost|p2a: Over Here!|spa|1
|-boost|p2a: Over Here!|spd|1
|move|p1a: Alowowowa|Flip Turn|p2a: Over Here!
|-damage|p2a: Over Here!|88/100
|
|t:|1779566296
|switch|p1a: Wormtongue|Mimikyu, M|100/100|[from] Flip Turn
|
|upkeep
|turn|21
|
|t:|1779566303
|move|p1a: Wormtongue|Play Rough|p2a: Over Here!
|-damage|p2a: Over Here!|59/100
|move|p2a: Over Here!|Flamethrower|p1a: Wormtongue
|-activate|p1a: Wormtongue|ability: Disguise
|-damage|p1a: Wormtongue|100/100
|detailschange|p1a: Wormtongue|Mimikyu-Busted, M
|-damage|p1a: Wormtongue|88/100|[from] pokemon: Mimikyu-Busted
|-enditem|p1a: Wormtongue|Red Card|[of] p2a: Over Here!
|drag|p2a: Wo-Chienuinely|Wo-Chien|27/100
|-ability|p2a: Wo-Chienuinely|Tablets of Ruin
|
|upkeep
|turn|22
|
|t:|1779566316
|move|p1a: Wormtongue|Play Rough|p2a: Wo-Chienuinely
|-supereffective|p2a: Wo-Chienuinely
|-damage|p2a: Wo-Chienuinely|0 fnt
|faint|p2a: Wo-Chienuinely
|
|upkeep
|
|t:|1779566319
|switch|p2a: Over Here!|Clefable, F|59/100
|turn|23
|
|t:|1779566327
|move|p1a: Wormtongue|Swords Dance|p1a: Wormtongue
|-boost|p1a: Wormtongue|atk|2
|move|p2a: Over Here!|Moonlight|p2a: Over Here!
|-heal|p2a: Over Here!|100/100
|
|upkeep
|turn|24
|
|t:|1779566338
|move|p1a: Wormtongue|Play Rough|p2a: Over Here!|[miss]
|-miss|p1a: Wormtongue|p2a: Over Here!
|move|p2a: Over Here!|Moonblast|p1a: Wormtongue
|-damage|p1a: Wormtongue|49/100
|
|upkeep
|turn|25
|
|t:|1779566344
|move|p1a: Wormtongue|Play Rough|p2a: Over Here!
|-damage|p2a: Over Here!|68/100
|move|p2a: Over Here!|Moonblast|p1a: Wormtongue
|-damage|p1a: Wormtongue|8/100
|
|upkeep
|turn|26
|
|t:|1779566352
|move|p1a: Wormtongue|Play Rough|p2a: Over Here!
|-damage|p2a: Over Here!|41/100
|move|p2a: Over Here!|Flamethrower|p1a: Wormtongue
|-damage|p1a: Wormtongue|0 fnt
|faint|p1a: Wormtongue
|
|upkeep
|
|t:|1779566360
|switch|p1a: Yung Slug|Wo-Chien|100/100
|-ability|p1a: Yung Slug|Tablets of Ruin
|turn|27
|
|t:|1779566368
|move|p1a: Yung Slug|Leech Seed|p2a: Over Here!
|-start|p2a: Over Here!|move: Leech Seed
|move|p2a: Over Here!|Moonlight|p2a: Over Here!
|-heal|p2a: Over Here!|91/100
|
|-damage|p2a: Over Here!|78/100|[from] Leech Seed|[of] p1a: Yung Slug
|upkeep
|turn|28
|
|t:|1779566374
|switch|p2a: 🤤|Cinderace, F|28/100
|move|p1a: Yung Slug|Knock Off|p2a: 🤤
|-damage|p2a: 🤤|0 fnt
|faint|p2a: 🤤
|
|upkeep
|
|t:|1779566382
|switch|p2a: Over Here!|Clefable, F|78/100
|turn|29
|
|t:|1779566390
|move|p1a: Yung Slug|Knock Off|p2a: Over Here!
|-resisted|p2a: Over Here!
|-damage|p2a: Over Here!|66/100
|-enditem|p2a: Over Here!|Covert Cloak|[from] move: Knock Off|[of] p1a: Yung Slug
|move|p2a: Over Here!|Calm Mind|p2a: Over Here!
|-boost|p2a: Over Here!|spa|1
|-boost|p2a: Over Here!|spd|1
|
|upkeep
|turn|30
|
|t:|1779566403
|move|p1a: Yung Slug|Leech Seed|p2a: Over Here!|[miss]
|-miss|p1a: Yung Slug|p2a: Over Here!
|move|p2a: Over Here!|Moonblast|p1a: Yung Slug
|-supereffective|p1a: Yung Slug
|-damage|p1a: Yung Slug|47/100
|
|-heal|p1a: Yung Slug|53/100|[from] item: Leftovers
|upkeep
|turn|31
|
|t:|1779566410
|move|p1a: Yung Slug|Protect|p1a: Yung Slug
|-singleturn|p1a: Yung Slug|Protect
|move|p2a: Over Here!|Moonlight|p2a: Over Here!
|-heal|p2a: Over Here!|100/100
|
|-heal|p1a: Yung Slug|59/100|[from] item: Leftovers
|upkeep
|turn|32
|
|t:|1779566416
|move|p1a: Yung Slug|Leech Seed|p2a: Over Here!
|-start|p2a: Over Here!|move: Leech Seed
|move|p2a: Over Here!|Moonblast|p1a: Yung Slug
|-supereffective|p1a: Yung Slug
|-damage|p1a: Yung Slug|14/100
|
|-heal|p1a: Yung Slug|20/100|[from] item: Leftovers
|-damage|p2a: Over Here!|88/100|[from] Leech Seed|[of] p1a: Yung Slug
|-heal|p1a: Yung Slug|33/100|[silent]
|upkeep
|turn|33
|
|t:|1779566427
|move|p1a: Yung Slug|Mean Look|p2a: Over Here!
|-activate|p2a: Over Here!|trapped
|move|p2a: Over Here!|Calm Mind|p2a: Over Here!
|-boost|p2a: Over Here!|spa|1
|-boost|p2a: Over Here!|spd|1
|
|-heal|p1a: Yung Slug|39/100|[from] item: Leftovers
|-damage|p2a: Over Here!|76/100|[from] Leech Seed|[of] p1a: Yung Slug
|-heal|p1a: Yung Slug|52/100|[silent]
|upkeep
|turn|34
|
|t:|1779566439
|move|p1a: Yung Slug|Protect|p1a: Yung Slug
|-singleturn|p1a: Yung Slug|Protect
|move|p2a: Over Here!|Calm Mind|p2a: Over Here!
|-boost|p2a: Over Here!|spa|1
|-boost|p2a: Over Here!|spd|1
|
|-heal|p1a: Yung Slug|59/100|[from] item: Leftovers
|-damage|p2a: Over Here!|63/100|[from] Leech Seed|[of] p1a: Yung Slug
|-heal|p1a: Yung Slug|72/100|[silent]
|upkeep
|turn|35
|
|t:|1779566447
|move|p1a: Yung Slug|Protect||[still]
|-fail|p1a: Yung Slug
|move|p2a: Over Here!|Moonblast|p1a: Yung Slug
|-supereffective|p1a: Yung Slug
|-damage|p1a: Yung Slug|0 fnt
|faint|p1a: Yung Slug
|
|upkeep
|
|t:|1779566466
|switch|p1a: Alowowowa|Alomomola, M|100/100
|turn|36
|
|t:|1779566469
|move|p2a: Over Here!|Moonlight|p2a: Over Here!
|-heal|p2a: Over Here!|100/100
|move|p1a: Alowowowa|Flip Turn|p2a: Over Here!
|-damage|p2a: Over Here!|87/100
|
|t:|1779566474
|switch|p1a: Larry Bird|Landorus-Therian, M|70/100 brn|[from] Flip Turn
|-ability|p1a: Larry Bird|Intimidate|boost
|-unboost|p2a: Over Here!|atk|1
|
|-damage|p2a: Over Here!|74/100|[from] Leech Seed|[of] p1a: Larry Bird
|-heal|p1a: Larry Bird|86/100 brn|[silent]
|-damage|p1a: Larry Bird|80/100 brn|[from] brn
|upkeep
|turn|37
|
|t:|1779566482
|move|p1a: Larry Bird|Taunt|p2a: Over Here!
|-start|p2a: Over Here!|move: Taunt
|move|p2a: Over Here!|Moonblast|p1a: Larry Bird
|-damage|p1a: Larry Bird|0 fnt
|faint|p1a: Larry Bird
|
|upkeep
|
|t:|1779566493
|switch|p1a: Alowowowa|Alomomola, M|100/100
|turn|38
|
|t:|1779566501
|move|p2a: Over Here!|Moonblast|p1a: Alowowowa
|-damage|p1a: Alowowowa|5/100
|move|p1a: Alowowowa|Scald|p2a: Over Here!
|-damage|p2a: Over Here!|70/100
|
|-damage|p2a: Over Here!|57/100|[from] Leech Seed|[of] p1a: Alowowowa
|-heal|p1a: Alowowowa|15/100|[silent]
|upkeep
|turn|39
|
|t:|1779566509
|move|p1a: Alowowowa|Protect|p1a: Alowowowa
|-singleturn|p1a: Alowowowa|Protect
|move|p2a: Over Here!|Moonblast|p1a: Alowowowa
|-activate|p1a: Alowowowa|move: Protect
|
|-damage|p2a: Over Here!|45/100|[from] Leech Seed|[of] p1a: Alowowowa
|-heal|p1a: Alowowowa|24/100|[silent]
|-end|p2a: Over Here!|move: Taunt
|upkeep
|turn|40
|-message|HugsSC forfeited.
|
|win|wo-chienuinelypeak
|raw|HugsSC's rating: 1203 &rarr; <strong>1176</strong><br />(-27 for losing)
|raw|wo-chienuinelypeak's rating: 1178 &rarr; <strong>1205</strong><br />(+27 for winning)
|c|☆wo-chienuinelypeak|I think it's ggs
