|j|☆Nickthenickthenick
|j|☆JangarRifin
|t:|1779713288
|gametype|singles
|player|p1|Nickthenickthenick|101|1341
|player|p2|JangarRifin|102|1388
|gen|9
|tier|[Gen 9] OU
|rated|
|rule|HP Percentage Mod: HP is shown in percentages
|rule|Endless Battle Clause: Forcing endless battles is banned
|rule|Species Clause: Limit one of each Pokémon
|rule|OHKO Clause: OHKO moves are banned
|rule|Evasion Items Clause: Evasion items are banned
|rule|Evasion Moves Clause: Evasion moves are banned
|rule|Evasion Abilities Clause: Evasion abilities are banned
|rule|Sleep Moves Clause: Sleep-inducing moves are banned
|clearpoke
|poke|p1|Raikou|
|poke|p1|Entei|
|poke|p1|Suicune|
|poke|p1|Tyranitar, M|
|poke|p1|Porygon2|
|poke|p1|Espeon, F|
|poke|p2|Braviary-Hisui, M|
|poke|p2|Zamazenta-*|
|poke|p2|Raging Bolt|
|poke|p2|Hatterene, F|
|poke|p2|Gholdengo|
|poke|p2|Darkrai|
|teampreview
|
|t:|1779713320
|teamsize|p1|6
|teamsize|p2|6
|start
|switch|p1a: Raikou|Raikou|100/100
|switch|p2a: Darkrai|Darkrai|100/100
|-ability|p1a: Raikou|Pressure
|turn|1
|inactive|Battle timer is ON: inactive players will automatically lose when time's up. (requested by Nickthenickthenick)
|
|t:|1779713341
|switch|p1a: Tyranitar|Tyranitar, M|100/100
|-weather|Sandstorm|[from] ability: Sand Stream|[of] p1a: Tyranitar
|move|p2a: Darkrai|Nasty Plot|p2a: Darkrai
|-boost|p2a: Darkrai|spa|2
|
|-weather|Sandstorm|[upkeep]
|-damage|p2a: Darkrai|94/100|[from] Sandstorm
|-heal|p2a: Darkrai|100/100|[from] item: Leftovers
|upkeep
|turn|2
|
|t:|1779713350
|move|p2a: Darkrai|Sludge Bomb|p1a: Tyranitar
|-resisted|p1a: Tyranitar
|-damage|p1a: Tyranitar|87/100
|-status|p1a: Tyranitar|psn
|move|p1a: Tyranitar|Stone Edge|p2a: Darkrai
|-crit|p2a: Darkrai
|-damage|p2a: Darkrai|7/100
|
|-weather|Sandstorm|[upkeep]
|-damage|p2a: Darkrai|0 fnt|[from] Sandstorm
|faint|p2a: Darkrai
|-heal|p1a: Tyranitar|93/100 psn|[from] item: Leftovers
|-damage|p1a: Tyranitar|81/100 psn|[from] psn
|upkeep
|
|t:|1779713363
|switch|p2a: Zamazenta|Zamazenta|100/100
|-ability|p2a: Zamazenta|Dauntless Shield|boost
|-boost|p2a: Zamazenta|def|1
|turn|3
|
|t:|1779713377
|switch|p1a: Porygon2|Porygon2|100/100
|-ability|p1a: Porygon2|Dauntless Shield|Trace|[from] ability: Trace|[of] p2a: Zamazenta
|-ability|p1a: Porygon2|Dauntless Shield|boost
|-boost|p1a: Porygon2|def|1
|move|p2a: Zamazenta|Close Combat|p1a: Porygon2
|-supereffective|p1a: Porygon2
|-damage|p1a: Porygon2|72/100
|-unboost|p2a: Zamazenta|def|1
|-unboost|p2a: Zamazenta|spd|1
|
|-weather|Sandstorm|[upkeep]
|-damage|p2a: Zamazenta|94/100|[from] Sandstorm
|-damage|p1a: Porygon2|65/100|[from] Sandstorm
|upkeep
|turn|4
|
|t:|1779713396
|move|p2a: Zamazenta|Reflect|p2a: Zamazenta
|-sidestart|p2: JangarRifin|Reflect
|move|p1a: Porygon2|Thunder Wave|p2a: Zamazenta|[miss]
|-miss|p1a: Porygon2|p2a: Zamazenta
|
|-weather|Sandstorm|[upkeep]
|-damage|p2a: Zamazenta|88/100|[from] Sandstorm
|-damage|p1a: Porygon2|59/100|[from] Sandstorm
|upkeep
|turn|5
|
|t:|1779713400
|move|p2a: Zamazenta|Light Screen|p2a: Zamazenta
|-sidestart|p2: JangarRifin|move: Light Screen
|move|p1a: Porygon2|Thunder Wave|p2a: Zamazenta
|-status|p2a: Zamazenta|par
|
|-weather|none
|upkeep
|turn|6
|
|t:|1779713412
|switch|p2a: Raging Bolt|Raging Bolt|100/100
|-enditem|p2a: Raging Bolt|Booster Energy
|-activate|p2a: Raging Bolt|ability: Protosynthesis|[fromitem]
|-start|p2a: Raging Bolt|protosynthesisspa
|move|p1a: Porygon2|Recover|p1a: Porygon2
|-heal|p1a: Porygon2|100/100
|
|upkeep
|turn|7
|
|t:|1779713420
|move|p2a: Raging Bolt|Calm Mind|p2a: Raging Bolt
|-boost|p2a: Raging Bolt|spa|1
|-boost|p2a: Raging Bolt|spd|1
|move|p1a: Porygon2|Ice Beam|p2a: Raging Bolt
|-supereffective|p2a: Raging Bolt
|-damage|p2a: Raging Bolt|86/100
|
|upkeep
|turn|8
|
|t:|1779713433
|switch|p1a: Tyranitar|Tyranitar, M|81/100 psn
|-weather|Sandstorm|[from] ability: Sand Stream|[of] p1a: Tyranitar
|move|p2a: Raging Bolt|Thunderbolt|p1a: Tyranitar
|-damage|p1a: Tyranitar|40/100 psn
|
|-weather|Sandstorm|[upkeep]
|-damage|p2a: Raging Bolt|80/100|[from] Sandstorm
|-heal|p1a: Tyranitar|46/100 psn|[from] item: Leftovers
|-damage|p1a: Tyranitar|34/100 psn|[from] psn
|upkeep
|turn|9
|
|t:|1779713446
|move|p2a: Raging Bolt|Dragon Pulse|p1a: Tyranitar
|-damage|p1a: Tyranitar|0 fnt
|faint|p1a: Tyranitar
|
|-weather|Sandstorm|[upkeep]
|-damage|p2a: Raging Bolt|73/100|[from] Sandstorm
|upkeep
|
|t:|1779713471
|switch|p1a: Porygon2|Porygon2|100/100
|turn|10
|
|t:|1779713495
|move|p2a: Raging Bolt|Thunderbolt|p1a: Porygon2
|-damage|p1a: Porygon2|39/100
|move|p1a: Porygon2|Ice Beam|p2a: Raging Bolt
|-supereffective|p2a: Raging Bolt
|-damage|p2a: Raging Bolt|60/100
|
|-weather|Sandstorm|[upkeep]
|-damage|p2a: Raging Bolt|54/100|[from] Sandstorm
|-damage|p1a: Porygon2|33/100|[from] Sandstorm
|upkeep
|turn|11
|
|t:|1779713506
|move|p2a: Raging Bolt|Thunderbolt|p1a: Porygon2
|-damage|p1a: Porygon2|0 fnt
|faint|p1a: Porygon2
|
|-weather|Sandstorm|[upkeep]
|-damage|p2a: Raging Bolt|48/100|[from] Sandstorm
|-sideend|p2: JangarRifin|Reflect
|upkeep
|
|t:|1779713511
|switch|p1a: Entei|Entei|100/100
|-ability|p1a: Entei|Pressure
|turn|12
|
|t:|1779713518
|-terastallize|p1a: Entei|Ground
|move|p2a: Raging Bolt|Thunderclap|p1a: Entei
|-immune|p1a: Entei
|move|p1a: Entei|Scorching Sands|p2a: Raging Bolt
|-supereffective|p2a: Raging Bolt
|-damage|p2a: Raging Bolt|35/100
|-status|p2a: Raging Bolt|brn
|
|-weather|none
|-damage|p2a: Raging Bolt|29/100 brn|[from] brn
|-sideend|p2: JangarRifin|move: Light Screen
|upkeep
|turn|13
|
|t:|1779713530
|move|p2a: Raging Bolt|Dragon Pulse|p1a: Entei
|-damage|p1a: Entei|6/100
|move|p1a: Entei|Scorching Sands|p2a: Raging Bolt
|-supereffective|p2a: Raging Bolt
|-damage|p2a: Raging Bolt|5/100 brn
|
|-damage|p2a: Raging Bolt|0 fnt|[from] brn
|faint|p2a: Raging Bolt
|-end|p2a: Raging Bolt|Protosynthesis|[silent]
|upkeep
|inactive|JangarRifin has 120 seconds left.
|
|t:|1779713570
|switch|p2a: Zamazenta|Zamazenta|88/100 par
|turn|14
|
|t:|1779713593
|switch|p1a: Suicune|Suicune|100/100
|-ability|p1a: Suicune|Pressure
|move|p2a: Zamazenta|Light Screen|p2a: Zamazenta
|-sidestart|p2: JangarRifin|move: Light Screen
|
|upkeep
|turn|15
|
|t:|1779713603
|move|p2a: Zamazenta|Reflect|p2a: Zamazenta
|-sidestart|p2: JangarRifin|Reflect
|move|p1a: Suicune|Calm Mind|p1a: Suicune
|-boost|p1a: Suicune|spa|1
|-boost|p1a: Suicune|spd|1
|
|upkeep
|turn|16
|
|t:|1779713619
|move|p1a: Suicune|Scald|p2a: Zamazenta
|-damage|p2a: Zamazenta|72/100 par
|move|p2a: Zamazenta|Roar|p1a: Suicune
|drag|p1a: Raikou|Raikou|100/100
|-ability|p1a: Raikou|Pressure
|
|upkeep
|turn|17
|inactive|JangarRifin has 120 seconds left.
|
|t:|1779713649
|switch|p2a: Gholdengo|Gholdengo|100/100
|move|p1a: Raikou|Substitute|p1a: Raikou
|-start|p1a: Raikou|Substitute
|-damage|p1a: Raikou|76/100
|
|-heal|p1a: Raikou|82/100|[from] item: Leftovers
|upkeep
|turn|18
|
|t:|1779713663
|move|p1a: Raikou|Calm Mind|p1a: Raikou
|-boost|p1a: Raikou|spa|1
|-boost|p1a: Raikou|spd|1
|move|p2a: Gholdengo|Nasty Plot|p2a: Gholdengo
|-boost|p2a: Gholdengo|spa|2
|
|-heal|p1a: Raikou|88/100|[from] item: Leftovers
|upkeep
|turn|19
|
|t:|1779713673
|move|p1a: Raikou|Calm Mind|p1a: Raikou
|-boost|p1a: Raikou|spa|1
|-boost|p1a: Raikou|spd|1
|move|p2a: Gholdengo|Thunderbolt|p1a: Raikou
|-resisted|p1a: Raikou
|-activate|p1a: Raikou|move: Substitute|[damage]
|
|-heal|p1a: Raikou|94/100|[from] item: Leftovers
|upkeep
|turn|20
|c|☆Nickthenickthenick|gg
|
|t:|1779713697
|switch|p2a: Zamazenta|Zamazenta|72/100 par
|move|p1a: Raikou|Calm Mind|p1a: Raikou
|-boost|p1a: Raikou|spa|1
|-boost|p1a: Raikou|spd|1
|
|-heal|p1a: Raikou|100/100|[from] item: Leftovers
|upkeep
|turn|21
|
|t:|1779713713
|move|p1a: Raikou|Discharge|p2a: Zamazenta
|-damage|p2a: Zamazenta|34/100 par
|move|p2a: Zamazenta|Roar|p1a: Raikou
|drag|p1a: Entei|Entei, tera:Ground|6/100
|-ability|p1a: Entei|Pressure
|
|-sideend|p2: JangarRifin|move: Light Screen
|upkeep
|turn|22
|
|t:|1779713721
|switch|p1a: Raikou|Raikou|100/100
|-ability|p1a: Raikou|Pressure
|cant|p2a: Zamazenta|par
|
|-sideend|p2: JangarRifin|Reflect
|upkeep
|turn|23
|
|t:|1779713731
|move|p1a: Raikou|Discharge|p2a: Zamazenta
|-damage|p2a: Zamazenta|5/100 par
|move|p2a: Zamazenta|Light Screen|p2a: Zamazenta
|-sidestart|p2: JangarRifin|move: Light Screen
|
|upkeep
|turn|24
|
|t:|1779713737
|move|p1a: Raikou|Calm Mind|p1a: Raikou
|-boost|p1a: Raikou|spa|1
|-boost|p1a: Raikou|spd|1
|move|p2a: Zamazenta|Close Combat|p1a: Raikou
|-damage|p1a: Raikou|36/100
|-unboost|p2a: Zamazenta|def|1
|-unboost|p2a: Zamazenta|spd|1
|
|-heal|p1a: Raikou|42/100|[from] item: Leftovers
|upkeep
|turn|25
|
|t:|1779713744
|move|p1a: Raikou|Substitute|p1a: Raikou
|-start|p1a: Raikou|Substitute
|-damage|p1a: Raikou|18/100
|move|p2a: Zamazenta|Roar|p1a: Raikou
|drag|p1a: Entei|Entei, tera:Ground|6/100
|-ability|p1a: Entei|Pressure
|
|upkeep
|turn|26
|c|☆Nickthenickthenick|wow
|
|t:|1779713753
|move|p1a: Entei|Scorching Sands|p2a: Zamazenta
|-damage|p2a: Zamazenta|0 fnt
|faint|p2a: Zamazenta
|
|upkeep
|inactive|JangarRifin has 120 seconds left.
|
|t:|1779713783
|switch|p2a: Hatterene|Hatterene, F|100/100
|turn|27
|l|☆JangarRifin
|inactive|JangarRifin disconnected and has a minute to reconnect!
|player|p2|
|inactive|JangarRifin has 30 seconds to reconnect!
|inactive|JangarRifin has 20 seconds to reconnect!
|inactive|JangarRifin has 15 seconds to reconnect!
|inactive|JangarRifin has 10 seconds to reconnect!
|inactive|JangarRifin has 5 seconds to reconnect!
|-message|JangarRifin lost due to inactivity.
|
|win|Nickthenickthenick
|raw|Nickthenickthenick's rating: 1341 &rarr; <strong>1364</strong><br />(+23 for winning)
|raw|JangarRifin's rating: 1388 &rarr; <strong>1365</strong><br />(-23 for losing)
|l|☆Nickthenickthenick
|player|p1|
