|j|☆taurinide
|j|☆ikthoizzykil
|t:|1779661189
|gametype|singles
|player|p1|taurinide|archer|1402
|player|p2|ikthoizzykil|pokemaniac-gen3rs|1422
|gen|9
|tier|[Gen 9] OU
|rated|
|rule|HP Percentage Mod: HP is shown in percentages
|rule|Endless Battle Clause: Forcing endless battles is banned
|rule|Species Clause: Limit one of each Pokémon
|rule|OHKO Clause: OHKO moves are banned
|rule|Evasion Items Clause: Evasion items are banned
|rule|Evasion Moves Clause: Evasion moves are banned
|rule|Evasion Abilities Clause: Evasion abilities are banned
|rule|Sleep Moves Clause: Sleep-inducing moves are banned
|clearpoke
|poke|p1|Ceruledge, M|
|poke|p1|Torkoal, M|
|poke|p1|Venusaur, F|
|poke|p1|Walking Wake|
|poke|p1|Great Tusk|
|poke|p1|Raging Bolt|
|poke|p2|Slaking, F|
|poke|p2|Rillaboom, M|
|poke|p2|Alomomola, F|
|poke|p2|Ting-Lu|
|poke|p2|Corviknight, M|
|poke|p2|Skeledirge, M|
|teampreview
|inactive|Battle timer is ON: inactive players will automatically lose when time's up. (requested by ikthoizzykil)
|inactive|ikthoizzykil has 120 seconds left.
|
|t:|1779661227
|teamsize|p1|6
|teamsize|p2|6
|start
|switch|p1a: Torkoal|Torkoal, M|100/100
|switch|p2a: Skeledirge|Skeledirge, M|100/100
|-weather|SunnyDay|[from] ability: Drought|[of] p1a: Torkoal
|turn|1
|
|t:|1779661244
|switch|p1a: Walking Wake|Walking Wake|100/100
|-activate|p1a: Walking Wake|ability: Protosynthesis
|-start|p1a: Walking Wake|protosynthesisspe
|move|p2a: Skeledirge|Torch Song|p1a: Walking Wake
|-resisted|p1a: Walking Wake
|-damage|p1a: Walking Wake|88/100
|-boost|p2a: Skeledirge|spa|1
|
|-weather|SunnyDay|[upkeep]
|upkeep
|turn|2
|
|t:|1779661263
|switch|p2a: Slaking|Slaking, F|100/100
|move|p1a: Walking Wake|Hydro Steam|p2a: Slaking
|-crit|p2a: Slaking
|-damage|p2a: Slaking|40/100
|-damage|p1a: Walking Wake|78/100|[from] item: Life Orb
|
|-weather|SunnyDay|[upkeep]
|upkeep
|turn|3
|
|t:|1779661276
|switch|p2a: Rillaboom|Rillaboom, M|100/100
|-fieldstart|move: Grassy Terrain|[from] ability: Grassy Surge|[of] p2a: Rillaboom
|move|p1a: Walking Wake|Hydro Steam|p2a: Rillaboom
|-resisted|p2a: Rillaboom
|-damage|p2a: Rillaboom|53/100
|-damage|p1a: Walking Wake|68/100|[from] item: Life Orb
|
|-weather|SunnyDay|[upkeep]
|-heal|p1a: Walking Wake|74/100|[from] Grassy Terrain
|-heal|p2a: Rillaboom|59/100|[from] Grassy Terrain
|upkeep
|turn|4
|
|t:|1779661297
|-end|p1a: Walking Wake|Protosynthesis|[silent]
|switch|p1a: Torkoal|Torkoal, M|100/100
|move|p2a: Rillaboom|U-turn|p1a: Torkoal
|-resisted|p1a: Torkoal
|-damage|p1a: Torkoal|90/100
|-damage|p2a: Rillaboom|49/100|[from] item: Life Orb
|
|t:|1779661303
|switch|p2a: Alomomola|Alomomola, F|100/100|[from] U-turn
|
|-weather|SunnyDay|[upkeep]
|-heal|p1a: Torkoal|96/100|[from] Grassy Terrain
|upkeep
|turn|5
|
|t:|1779661308
|move|p2a: Alomomola|Wish|p2a: Alomomola
|move|p1a: Torkoal|Stealth Rock|p2a: Alomomola
|-sidestart|p2: ikthoizzykil|move: Stealth Rock
|
|-weather|SunnyDay|[upkeep]
|-heal|p1a: Torkoal|100/100|[from] Grassy Terrain
|upkeep
|turn|6
|
|t:|1779661316
|move|p2a: Alomomola|Flip Turn|p1a: Torkoal
|-supereffective|p1a: Torkoal
|-damage|p1a: Torkoal|90/100
|
|t:|1779661320
|switch|p2a: Slaking|Slaking, F|40/100|[from] Flip Turn
|-damage|p2a: Slaking|28/100|[from] Stealth Rock
|move|p1a: Torkoal|Will-O-Wisp|p2a: Slaking
|-status|p2a: Slaking|brn
|
|-weather|SunnyDay|[upkeep]
|-heal|p2a: Slaking|80/100 brn|[from] move: Wish|[wisher] Alomomola
|-heal|p2a: Slaking|87/100 brn|[from] Grassy Terrain
|-heal|p1a: Torkoal|96/100|[from] Grassy Terrain
|-damage|p2a: Slaking|80/100 brn|[from] brn
|upkeep
|turn|7
|
|t:|1779661339
|switch|p1a: Great Tusk|Great Tusk|100/100
|-activate|p1a: Great Tusk|ability: Protosynthesis
|-start|p1a: Great Tusk|protosynthesisspe
|move|p2a: Slaking|Facade|p1a: Great Tusk
|-damage|p1a: Great Tusk|53/100
|
|-weather|SunnyDay|[upkeep]
|-heal|p1a: Great Tusk|59/100|[from] Grassy Terrain
|-heal|p2a: Slaking|87/100 brn|[from] Grassy Terrain
|-damage|p2a: Slaking|80/100 brn|[from] brn
|-fieldend|move: Grassy Terrain
|upkeep
|turn|8
|
|t:|1779661351
|-end|p1a: Great Tusk|Protosynthesis|[silent]
|switch|p1a: Ceruledge|Ceruledge, M|100/100
|switch|p2a: Alomomola|Alomomola, F|100/100
|
|-weather|none
|upkeep
|turn|9
|
|t:|1779661359
|switch|p1a: Venusaur|Venusaur, F|100/100
|move|p2a: Alomomola|Wish|p2a: Alomomola
|
|upkeep
|turn|10
|
|t:|1779661382
|switch|p2a: Rillaboom|Rillaboom, M|49/100
|-damage|p2a: Rillaboom|37/100|[from] Stealth Rock
|-fieldstart|move: Grassy Terrain|[from] ability: Grassy Surge|[of] p2a: Rillaboom
|move|p1a: Venusaur|Growth|p1a: Venusaur
|-boost|p1a: Venusaur|atk|1
|-boost|p1a: Venusaur|spa|1
|
|-heal|p2a: Rillaboom|100/100|[from] move: Wish|[wisher] Alomomola
|upkeep
|turn|11
|
|t:|1779661395
|switch|p2a: Skeledirge|Skeledirge, M|100/100
|-damage|p2a: Skeledirge|76/100|[from] Stealth Rock
|move|p1a: Venusaur|Sludge Bomb|p2a: Skeledirge
|-resisted|p2a: Skeledirge
|-damage|p2a: Skeledirge|59/100
|-damage|p1a: Venusaur|91/100|[from] item: Life Orb
|
|-heal|p1a: Venusaur|97/100|[from] Grassy Terrain
|-heal|p2a: Skeledirge|65/100|[from] Grassy Terrain
|upkeep
|turn|12
|
|t:|1779661410
|switch|p1a: Walking Wake|Walking Wake|74/100
|move|p2a: Skeledirge|Slack Off|p2a: Skeledirge
|-heal|p2a: Skeledirge|100/100
|
|-heal|p1a: Walking Wake|80/100|[from] Grassy Terrain
|upkeep
|turn|13
|
|t:|1779661418
|switch|p2a: Rillaboom|Rillaboom, M|100/100
|-damage|p2a: Rillaboom|88/100|[from] Stealth Rock
|move|p1a: Walking Wake|Flip Turn|p2a: Rillaboom
|-resisted|p2a: Rillaboom
|-damage|p2a: Rillaboom|78/100
|-damage|p1a: Walking Wake|70/100|[from] item: Life Orb
|
|t:|1779661426
|-end|p1a: Walking Wake|Protosynthesis|[silent]
|switch|p1a: Torkoal|Torkoal, M|96/100|[from] Flip Turn
|-weather|SunnyDay|[from] ability: Drought|[of] p1a: Torkoal
|
|-weather|SunnyDay|[upkeep]
|-heal|p2a: Rillaboom|84/100|[from] Grassy Terrain
|-heal|p1a: Torkoal|100/100|[from] Grassy Terrain
|upkeep
|turn|14
|
|t:|1779661439
|switch|p1a: Venusaur|Venusaur, F|97/100
|move|p2a: Rillaboom|U-turn|p1a: Venusaur
|-damage|p1a: Venusaur|54/100
|-damage|p2a: Rillaboom|74/100|[from] item: Life Orb
|
|t:|1779661444
|switch|p2a: Skeledirge|Skeledirge, M|100/100|[from] U-turn
|-damage|p2a: Skeledirge|76/100|[from] Stealth Rock
|
|-weather|SunnyDay|[upkeep]
|-heal|p1a: Venusaur|60/100|[from] Grassy Terrain
|-heal|p2a: Skeledirge|82/100|[from] Grassy Terrain
|-fieldend|move: Grassy Terrain
|upkeep
|turn|15
|
|t:|1779661454
|switch|p1a: Walking Wake|Walking Wake|70/100
|-activate|p1a: Walking Wake|ability: Protosynthesis
|-start|p1a: Walking Wake|protosynthesisspe
|move|p2a: Skeledirge|Torch Song|p1a: Walking Wake
|-resisted|p1a: Walking Wake
|-crit|p1a: Walking Wake
|-damage|p1a: Walking Wake|52/100
|-boost|p2a: Skeledirge|spa|1
|
|-weather|SunnyDay|[upkeep]
|upkeep
|turn|16
|inactive|ikthoizzykil has 120 seconds left.
|
|t:|1779661489
|switch|p2a: Alomomola|Alomomola, F|100/100
|move|p1a: Walking Wake|Draco Meteor|p2a: Alomomola
|-damage|p2a: Alomomola|0 fnt
|-unboost|p1a: Walking Wake|spa|2
|faint|p2a: Alomomola
|-damage|p1a: Walking Wake|42/100|[from] item: Life Orb
|
|-weather|SunnyDay|[upkeep]
|upkeep
|inactive|ikthoizzykil has 120 seconds left.
|
|t:|1779661498
|switch|p2a: Slaking|Slaking, F|80/100 brn
|-damage|p2a: Slaking|68/100 brn|[from] Stealth Rock
|turn|17
|
|t:|1779661504
|-end|p1a: Walking Wake|Protosynthesis|[silent]
|switch|p1a: Ceruledge|Ceruledge, M|100/100
|move|p2a: Slaking|Facade|p1a: Ceruledge
|-immune|p1a: Ceruledge
|
|-weather|SunnyDay|[upkeep]
|-damage|p2a: Slaking|62/100 brn|[from] brn
|upkeep
|turn|18
|
|t:|1779661512
|switch|p2a: Ting-Lu|Ting-Lu|100/100
|-damage|p2a: Ting-Lu|94/100|[from] Stealth Rock
|-ability|p2a: Ting-Lu|Vessel of Ruin
|move|p1a: Ceruledge|Swords Dance|p1a: Ceruledge
|-boost|p1a: Ceruledge|atk|2
|
|-weather|SunnyDay|[upkeep]
|-heal|p2a: Ting-Lu|100/100|[from] item: Leftovers
|upkeep
|turn|19
|
|t:|1779661522
|move|p1a: Ceruledge|Bitter Blade|p2a: Ting-Lu
|-crit|p2a: Ting-Lu
|-damage|p2a: Ting-Lu|0 fnt
|faint|p2a: Ting-Lu
|
|-weather|SunnyDay|[upkeep]
|upkeep
|
|t:|1779661529
|switch|p2a: Skeledirge|Skeledirge, M|82/100
|-damage|p2a: Skeledirge|57/100|[from] Stealth Rock
|turn|20
|
|t:|1779661534
|-terastallize|p2a: Skeledirge|Dark
|move|p1a: Ceruledge|Poltergeist|p2a: Skeledirge
|-activate|p2a: Skeledirge|move: Poltergeist|Covert Cloak
|-resisted|p2a: Skeledirge
|-damage|p2a: Skeledirge|32/100
|move|p2a: Skeledirge|Slack Off|p2a: Skeledirge
|-heal|p2a: Skeledirge|82/100
|
|-weather|none
|upkeep
|turn|21
|
|t:|1779661561
|switch|p1a: Torkoal|Torkoal, M|100/100
|-weather|SunnyDay|[from] ability: Drought|[of] p1a: Torkoal
|move|p2a: Skeledirge|Hex|p1a: Torkoal
|-damage|p1a: Torkoal|70/100
|
|-weather|SunnyDay|[upkeep]
|upkeep
|turn|22
|
|t:|1779661581
|switch|p2a: Rillaboom|Rillaboom, M|74/100
|-damage|p2a: Rillaboom|62/100|[from] Stealth Rock
|-fieldstart|move: Grassy Terrain|[from] ability: Grassy Surge|[of] p2a: Rillaboom
|move|p1a: Torkoal|Will-O-Wisp|p2a: Rillaboom
|-status|p2a: Rillaboom|brn
|
|-weather|SunnyDay|[upkeep]
|-heal|p2a: Rillaboom|68/100 brn|[from] Grassy Terrain
|-heal|p1a: Torkoal|76/100|[from] Grassy Terrain
|-damage|p2a: Rillaboom|62/100 brn|[from] brn
|upkeep
|turn|23
|
|t:|1779661595
|move|p2a: Rillaboom|Swords Dance|p2a: Rillaboom
|-boost|p2a: Rillaboom|atk|2
|move|p1a: Torkoal|Lava Plume|p2a: Rillaboom
|-supereffective|p2a: Rillaboom
|-damage|p2a: Rillaboom|0 fnt
|faint|p2a: Rillaboom
|
|-weather|SunnyDay|[upkeep]
|-heal|p1a: Torkoal|82/100|[from] Grassy Terrain
|upkeep
|-message|ikthoizzykil forfeited.
|
|win|taurinide
|raw|taurinide's rating: 1402 &rarr; <strong>1423</strong><br />(+21 for winning)
|raw|ikthoizzykil's rating: 1422 &rarr; <strong>1401</strong><br />(-21 for losing)
|l|☆ikthoizzykil
|player|p2|
|l|☆taurinide
|player|p1|
