|j|☆samohi0
|j|☆MeioPotato
|t:|1779664861
|gametype|singles
|player|p1|samohi0|hoopster|1669
|player|p2|MeioPotato|rosa|1575
|gen|9
|tier|[Gen 9] OU
|rated|
|rule|HP Percentage Mod: HP is shown in percentages
|rule|Endless Battle Clause: Forcing endless battles is banned
|rule|Species Clause: Limit one of each Pokémon
|rule|OHKO Clause: OHKO moves are banned
|rule|Evasion Items Clause: Evasion items are banned
|rule|Evasion Moves Clause: Evasion moves are banned
|rule|Evasion Abilities Clause: Evasion abilities are banned
|rule|Sleep Moves Clause: Sleep-inducing moves are banned
|clearpoke
|poke|p1|Mamoswine, M|
|poke|p1|Glimmora, M|
|poke|p1|Iron Crown|
|poke|p1|Zamazenta-*|
|poke|p1|Sinistcha|
|poke|p1|Samurott-Hisui, M|
|poke|p2|Latias, F|
|poke|p2|Iron Moth|
|poke|p2|Polteageist|
|poke|p2|Ogerpon-Wellspring, F|
|poke|p2|Kingambit, M|
|poke|p2|Zamazenta-*|
|teampreview
|inactive|Battle timer is ON: inactive players will automatically lose when time's up. (requested by MeioPotato)
|
|t:|1779664874
|teamsize|p1|6
|teamsize|p2|6
|start
|switch|p1a: Trojan|Zamazenta, shiny|100/100
|switch|p2a: Kinkajou|Ogerpon-Wellspring, F|100/100
|-ability|p1a: Trojan|Dauntless Shield|boost
|-boost|p1a: Trojan|def|1
|turn|1
|inactive|samohi0 has 120 seconds left.
|inactive|samohi0 has 90 seconds left.
|inactive|samohi0 has 60 seconds left.
|inactive|samohi0 has 30 seconds left.
|inactive|samohi0 has 20 seconds left.
|inactive|samohi0 has 15 seconds left.
|inactive|samohi0 has 10 seconds left.
|inactive|samohi0 has 5 seconds left.
|
|t:|1779665020
|move|p1a: Trojan|Close Combat|p2a: Kinkajou
|-damage|p2a: Kinkajou|0 fnt
|-unboost|p1a: Trojan|def|1
|-unboost|p1a: Trojan|spd|1
|faint|p2a: Kinkajou
|
|upkeep
|
|t:|1779665028
|switch|p2a: Boa|Polteageist|100/100
|turn|2
|inactive|samohi0 has 20 seconds left this turn.
|
|t:|1779665031
|switch|p1a: Jack Sparrow|Samurott-Hisui, M, shiny|100/100
|move|p2a: Boa|Shell Smash|p2a: Boa
|-unboost|p2a: Boa|def|1
|-unboost|p2a: Boa|spd|1
|-boost|p2a: Boa|atk|2
|-boost|p2a: Boa|spa|2
|-boost|p2a: Boa|spe|2
|
|upkeep
|turn|3
|inactive|samohi0 has 30 seconds left this turn.
|
|t:|1779665035
|move|p1a: Jack Sparrow|Sucker Punch|p2a: Boa
|-supereffective|p2a: Boa
|-enditem|p2a: Boa|Focus Sash
|-damage|p2a: Boa|1/100
|-ability|p2a: Boa|Weak Armor|boost
|-unboost|p2a: Boa|def|1
|-boost|p2a: Boa|spe|2
|move|p2a: Boa|Giga Drain|p1a: Jack Sparrow
|-supereffective|p1a: Jack Sparrow
|-damage|p1a: Jack Sparrow|0 fnt
|-heal|p2a: Boa|63/100|[from] drain|[of] p1a: Jack Sparrow
|faint|p1a: Jack Sparrow
|
|upkeep
|
|t:|1779665038
|switch|p1a: Behemoth|Mamoswine, M, shiny|100/100
|turn|4
|
|t:|1779665040
|move|p1a: Behemoth|Ice Shard|p2a: Boa
|-damage|p2a: Boa|0 fnt
|faint|p2a: Boa
|
|upkeep
|
|t:|1779665044
|switch|p2a: Peril|Zamazenta|100/100
|-ability|p2a: Peril|Dauntless Shield|boost
|-boost|p2a: Peril|def|1
|turn|5
|
|t:|1779665048
|switch|p1a: Bullet|Glimmora, M, shiny|100/100
|move|p2a: Peril|Crunch|p1a: Bullet
|-damage|p1a: Bullet|79/100
|-unboost|p1a: Bullet|def|1
|-activate|p1a: Bullet|ability: Toxic Debris
|-sidestart|p2: MeioPotato|move: Toxic Spikes
|-enditem|p1a: Bullet|Red Card|[of] p2a: Peril
|drag|p2a: Clearsight|Latias, F|100/100
|
|upkeep
|turn|6
|
|t:|1779665056
|switch|p1a: Behemoth|Mamoswine, M, shiny|100/100
|move|p2a: Clearsight|Agility|p2a: Clearsight
|-boost|p2a: Clearsight|spe|2
|
|upkeep
|turn|7
|
|t:|1779665060
|-terastallize|p2a: Clearsight|Fairy
|move|p2a: Clearsight|Calm Mind|p2a: Clearsight
|-boost|p2a: Clearsight|spa|1
|-boost|p2a: Clearsight|spd|1
|move|p1a: Behemoth|Icicle Crash|p2a: Clearsight
|-damage|p2a: Clearsight|41/100
|
|upkeep
|turn|8
|
|t:|1779665065
|move|p2a: Clearsight|Draining Kiss|p1a: Behemoth
|-damage|p1a: Behemoth|50/100
|-heal|p2a: Clearsight|88/100|[from] drain|[of] p1a: Behemoth
|move|p1a: Behemoth|Icicle Crash|p2a: Clearsight
|-damage|p2a: Clearsight|22/100
|
|upkeep
|turn|9
|
|t:|1779665070
|switch|p1a: Braveheart|Iron Crown|100/100
|move|p2a: Clearsight|Draining Kiss|p1a: Braveheart
|-resisted|p1a: Braveheart
|-damage|p1a: Braveheart|81/100
|-heal|p2a: Clearsight|38/100|[from] drain|[of] p1a: Braveheart
|
|upkeep
|turn|10
|
|t:|1779665074
|move|p2a: Clearsight|Draining Kiss|p1a: Braveheart
|-resisted|p1a: Braveheart
|-damage|p1a: Braveheart|63/100
|-heal|p2a: Clearsight|52/100|[from] drain|[of] p1a: Braveheart
|move|p1a: Braveheart|Tachyon Cutter|p2a: Clearsight
|-supereffective|p2a: Clearsight
|-damage|p2a: Clearsight|8/100
|-enditem|p2a: Clearsight|Weakness Policy
|-boost|p2a: Clearsight|atk|2|[from] item: Weakness Policy
|-boost|p2a: Clearsight|spa|2|[from] item: Weakness Policy
|-supereffective|p2a: Clearsight
|-damage|p2a: Clearsight|0 fnt
|faint|p2a: Clearsight
|-hitcount|p2: Clearsight|2
|
|upkeep
|
|t:|1779665079
|switch|p2a: Luna|Iron Moth|100/100
|-sideend|p2: MeioPotato|move: Toxic Spikes|[of] p2a: Luna
|turn|11
|
|t:|1779665081
|-end|p1a: Braveheart|Quark Drive|[silent]
|switch|p1a: Bullet|Glimmora, M, shiny|79/100
|move|p2a: Luna|Fiery Dance|p1a: Bullet
|-resisted|p1a: Bullet
|-damage|p1a: Bullet|60/100
|
|upkeep
|turn|12
|
|t:|1779665085
|move|p2a: Luna|Fiery Dance|p1a: Bullet
|-resisted|p1a: Bullet
|-damage|p1a: Bullet|40/100
|-boost|p2a: Luna|spa|1
|move|p1a: Bullet|Earth Power|p2a: Luna
|-supereffective|p2a: Luna
|-damage|p2a: Luna|1/100
|
|upkeep
|turn|13
|
|t:|1779665088
|move|p2a: Luna|Energy Ball|p1a: Bullet
|-damage|p1a: Bullet|0 fnt
|faint|p1a: Bullet
|
|upkeep
|
|t:|1779665091
|switch|p1a: Trojan|Zamazenta, shiny|100/100
|turn|14
|
|t:|1779665093
|move|p1a: Trojan|Close Combat|p2a: Luna
|-resisted|p2a: Luna
|-damage|p2a: Luna|0 fnt
|-unboost|p1a: Trojan|def|1
|-unboost|p1a: Trojan|spd|1
|faint|p2a: Luna
|-end|p2a: Luna|Quark Drive|[silent]
|
|upkeep
|
|t:|1779665094
|switch|p2a: Peril|Zamazenta|100/100
|turn|15
|
|t:|1779665096
|switch|p1a: Sagittarius|Sinistcha, shiny|100/100
|move|p2a: Peril|Iron Defense|p2a: Peril
|-boost|p2a: Peril|def|2
|
|upkeep
|turn|16
|
|t:|1779665100
|switch|p2a: Darkstalker|Kingambit, M|100/100
|move|p1a: Sagittarius|Strength Sap|p2a: Darkstalker
|-unboost|p2a: Darkstalker|atk|1
|-ability|p2a: Darkstalker|Defiant|boost
|-boost|p2a: Darkstalker|atk|2
|
|upkeep
|turn|17
|
|t:|1779665104
|switch|p1a: Trojan|Zamazenta, shiny|100/100
|move|p2a: Darkstalker|Kowtow Cleave|p1a: Trojan
|-resisted|p1a: Trojan
|-damage|p1a: Trojan|71/100
|
|upkeep
|turn|18
|
|t:|1779665106
|move|p1a: Trojan|Close Combat|p2a: Darkstalker
|-supereffective|p2a: Darkstalker
|-damage|p2a: Darkstalker|0 fnt
|-unboost|p1a: Trojan|def|1
|-unboost|p1a: Trojan|spd|1
|faint|p2a: Darkstalker
|
|upkeep
|
|t:|1779665107
|switch|p2a: Peril|Zamazenta|100/100
|turn|19
|
|t:|1779665109
|move|p1a: Trojan|Close Combat|p2a: Peril
|-damage|p2a: Peril|12/100
|-unboost|p1a: Trojan|def|1
|-unboost|p1a: Trojan|spd|1
|move|p2a: Peril|Iron Defense|p2a: Peril
|-boost|p2a: Peril|def|2
|
|-heal|p2a: Peril|19/100|[from] item: Leftovers
|upkeep
|turn|20
|
|t:|1779665111
|move|p1a: Trojan|Close Combat|p2a: Peril
|-damage|p2a: Peril|0 fnt
|-unboost|p1a: Trojan|def|1
|-unboost|p1a: Trojan|spd|1
|faint|p2a: Peril
|
|win|samohi0
|raw|samohi0's rating: 1669 &rarr; <strong>1685</strong><br />(+16 for winning)
|raw|MeioPotato's rating: 1595 &rarr; <strong>1579</strong><br />(-16 for losing)
|l|☆MeioPotato
|player|p2|
|l|☆samohi0
|player|p1|
