|j|☆t0usei
|j|☆cnette
|t:|1779717173
|gametype|singles
|player|p1|t0usei|ghetsis|1510
|player|p2|cnette|erika|1495
|gen|9
|tier|[Gen 9] OU
|rated|
|rule|HP Percentage Mod: HP is shown in percentages
|rule|Endless Battle Clause: Forcing endless battles is banned
|rule|Species Clause: Limit one of each Pokémon
|rule|OHKO Clause: OHKO moves are banned
|rule|Evasion Items Clause: Evasion items are banned
|rule|Evasion Moves Clause: Evasion moves are banned
|rule|Evasion Abilities Clause: Evasion abilities are banned
|rule|Sleep Moves Clause: Sleep-inducing moves are banned
|clearpoke
|poke|p1|Latios, M|
|poke|p1|Great Tusk|
|poke|p1|Pecharunt|
|poke|p1|Samurott-Hisui, F|
|poke|p1|Skarmory, M|
|poke|p1|Gliscor, M|
|poke|p2|Lilligant-Hisui, F|
|poke|p2|Arcanine-Hisui, M|
|poke|p2|Walking Wake|
|poke|p2|Torkoal, F|
|poke|p2|Great Tusk|
|poke|p2|Corviknight, M|
|teampreview
|inactive|Battle timer is ON: inactive players will automatically lose when time's up. (requested by cnette)
|inactive|t0usei also wants the timer to be on.
|
|t:|1779717198
|teamsize|p1|6
|teamsize|p2|6
|start
|switch|p1a: Samurott|Samurott-Hisui, F|100/100
|switch|p2a: Walking Wake|Walking Wake|100/100
|turn|1
|
|t:|1779717204
|-end|p2a: Walking Wake|Protosynthesis|[silent]
|switch|p2a: Corviknight|Corviknight, M|100/100
|-ability|p2a: Corviknight|Pressure
|move|p1a: Samurott|Ceaseless Edge|p2a: Corviknight
|-damage|p2a: Corviknight|74/100
|-damage|p1a: Samurott|84/100|[from] item: Rocky Helmet|[of] p2a: Corviknight
|-sidestart|p2: cnette|Spikes
|
|upkeep
|turn|2
|
|t:|1779717213
|move|p1a: Samurott|Knock Off|p2a: Corviknight
|-damage|p2a: Corviknight|48/100
|-damage|p1a: Samurott|68/100|[from] item: Rocky Helmet|[of] p2a: Corviknight
|-enditem|p2a: Corviknight|Rocky Helmet|[from] move: Knock Off|[of] p1a: Samurott
|move|p2a: Corviknight|Body Press|p1a: Samurott
|-supereffective|p1a: Samurott
|-damage|p1a: Samurott|11/100
|
|upkeep
|turn|3
|
|t:|1779717221
|move|p1a: Samurott|Ceaseless Edge|p2a: Corviknight
|-damage|p2a: Corviknight|21/100
|-sidestart|p2: cnette|Spikes
|move|p2a: Corviknight|U-turn|p1a: Samurott
|-supereffective|p1a: Samurott
|-damage|p1a: Samurott|0 fnt
|faint|p1a: Samurott
|
|t:|1779717231
|switch|p2a: Torkoal|Torkoal, F|100/100|[from] U-turn
|-damage|p2a: Torkoal|84/100|[from] Spikes
|-weather|SunnyDay|[from] ability: Drought|[of] p2a: Torkoal
|
|-weather|SunnyDay|[upkeep]
|upkeep
|
|t:|1779717234
|switch|p1a: Pecharunt|Pecharunt|100/100
|turn|4
|
|t:|1779717240
|switch|p2a: Corviknight|Corviknight, M|21/100
|-ability|p2a: Corviknight|Pressure
|move|p1a: Pecharunt|Toxic|p2a: Corviknight
|-immune|p2a: Corviknight
|
|-weather|SunnyDay|[upkeep]
|upkeep
|turn|5
|
|t:|1779717247
|move|p1a: Pecharunt|Shadow Ball|p2a: Corviknight
|-damage|p2a: Corviknight|0 fnt
|faint|p2a: Corviknight
|
|-weather|SunnyDay|[upkeep]
|upkeep
|
|t:|1779717253
|switch|p2a: Walking Wake|Walking Wake|100/100
|-damage|p2a: Walking Wake|84/100|[from] Spikes
|-activate|p2a: Walking Wake|ability: Protosynthesis
|-start|p2a: Walking Wake|protosynthesisspa
|turn|6
|
|t:|1779717265
|switch|p1a: Latios|Latios, M|100/100
|-terastallize|p2a: Walking Wake|Water
|move|p2a: Walking Wake|Hydro Steam|p1a: Latios
|-resisted|p1a: Latios
|-damage|p1a: Latios|39/100
|
|-weather|SunnyDay|[upkeep]
|upkeep
|turn|7
|
|t:|1779717274
|-terastallize|p1a: Latios|Dragon
|move|p1a: Latios|Draco Meteor|p2a: Walking Wake
|-damage|p2a: Walking Wake|0 fnt
|-unboost|p1a: Latios|spa|2
|faint|p2a: Walking Wake
|-end|p2a: Walking Wake|Protosynthesis|[silent]
|
|-weather|SunnyDay|[upkeep]
|upkeep
|
|t:|1779717282
|switch|p2a: Lilligant|Lilligant-Hisui, F|100/100
|-damage|p2a: Lilligant|84/100|[from] Spikes
|turn|8
|
|t:|1779717288
|switch|p1a: Pecharunt|Pecharunt|100/100
|move|p2a: Lilligant|Growth|p2a: Lilligant
|-boost|p2a: Lilligant|atk|2
|-boost|p2a: Lilligant|spa|2
|
|-weather|SunnyDay|[upkeep]
|upkeep
|turn|9
|
|t:|1779717295
|move|p2a: Lilligant|Triple Axel|p1a: Pecharunt
|-damage|p1a: Pecharunt|92/100
|-damage|p1a: Pecharunt|75/100
|-damage|p1a: Pecharunt|51/100
|-hitcount|p1a: Pecharunt|3
|-damage|p2a: Lilligant|74/100|[from] item: Life Orb
|move|p1a: Pecharunt|Toxic|p2a: Lilligant
|-status|p2a: Lilligant|tox
|-start|p2a: Lilligant|confusion|[from] ability: Poison Puppeteer|[of] p1a: Pecharunt
|
|-weather|SunnyDay|[upkeep]
|-damage|p2a: Lilligant|68/100 tox|[from] psn
|upkeep
|turn|10
|
|t:|1779717307
|switch|p2a: Great Tusk|Great Tusk|100/100
|-damage|p2a: Great Tusk|84/100|[from] Spikes
|-activate|p2a: Great Tusk|ability: Protosynthesis
|-start|p2a: Great Tusk|protosynthesisatk
|move|p1a: Pecharunt|Recover|p1a: Pecharunt
|-heal|p1a: Pecharunt|100/100
|
|-weather|none
|-end|p2a: Great Tusk|Protosynthesis
|upkeep
|turn|11
|
|t:|1779717317
|move|p2a: Great Tusk|Rapid Spin|p1a: Pecharunt
|-immune|p1a: Pecharunt
|move|p1a: Pecharunt|Toxic|p2a: Great Tusk
|-status|p2a: Great Tusk|tox
|-start|p2a: Great Tusk|confusion|[from] ability: Poison Puppeteer|[of] p1a: Pecharunt
|
|-damage|p2a: Great Tusk|78/100 tox|[from] psn
|upkeep
|turn|12
|
|t:|1779717325
|-end|p2a: Great Tusk|Protosynthesis|[silent]
|switch|p2a: Torkoal|Torkoal, F|84/100
|-damage|p2a: Torkoal|67/100|[from] Spikes
|-weather|SunnyDay|[from] ability: Drought|[of] p2a: Torkoal
|move|p1a: Pecharunt|Recover||[still]
|-fail|p1a: Pecharunt|heal
|
|-weather|SunnyDay|[upkeep]
|upkeep
|turn|13
|
|t:|1779717333
|switch|p2a: Great Tusk|Great Tusk|78/100 tox
|-damage|p2a: Great Tusk|61/100 tox|[from] Spikes
|-activate|p2a: Great Tusk|ability: Protosynthesis
|-start|p2a: Great Tusk|protosynthesisatk
|move|p1a: Pecharunt|Toxic|p2a: Great Tusk
|-fail|p2a: Great Tusk|tox
|
|-weather|SunnyDay|[upkeep]
|-damage|p2a: Great Tusk|55/100 tox|[from] psn
|upkeep
|turn|14
|
|t:|1779717344
|switch|p1a: Latios|Latios, M, tera:Dragon|39/100
|move|p2a: Great Tusk|Rapid Spin|p1a: Latios
|-damage|p1a: Latios|6/100
|-boost|p2a: Great Tusk|spe|1
|-sideend|p2: cnette|Spikes|[from] move: Rapid Spin|[of] p2a: Great Tusk
|
|-weather|SunnyDay|[upkeep]
|-damage|p2a: Great Tusk|42/100 tox|[from] psn
|upkeep
|turn|15
|
|t:|1779717354
|move|p1a: Latios|Luster Purge|p2a: Great Tusk
|-supereffective|p2a: Great Tusk
|-crit|p2a: Great Tusk
|-damage|p2a: Great Tusk|0 fnt
|faint|p2a: Great Tusk
|-end|p2a: Great Tusk|Protosynthesis|[silent]
|
|-weather|SunnyDay|[upkeep]
|upkeep
|
|t:|1779717361
|switch|p2a: Lilligant|Lilligant-Hisui, F|68/100 tox
|turn|16
|
|t:|1779717369
|switch|p2a: Arcanine|Arcanine-Hisui, M|100/100
|switch|p1a: Pecharunt|Pecharunt|100/100
|
|-weather|SunnyDay|[upkeep]
|upkeep
|turn|17
|
|t:|1779717375
|move|p2a: Arcanine|Head Smash|p1a: Pecharunt|[miss]
|-miss|p2a: Arcanine|p1a: Pecharunt
|move|p1a: Pecharunt|Toxic|p2a: Arcanine
|-status|p2a: Arcanine|tox
|-start|p2a: Arcanine|confusion|[from] ability: Poison Puppeteer|[of] p1a: Pecharunt
|
|-weather|SunnyDay|[upkeep]
|-damage|p2a: Arcanine|94/100 tox|[from] psn
|upkeep
|turn|18
|-message|cnette forfeited.
|
|win|t0usei
|raw|t0usei's rating: 1510 &rarr; <strong>1529</strong><br />(+19 for winning)
|raw|cnette's rating: 1495 &rarr; <strong>1476</strong><br />(-19 for losing)
|l|☆cnette
|player|p2|
|l|☆t0usei
|player|p1|
