|j|☆PixelPenguin2
|j|☆goodnightnite
|t:|1779692931
|gametype|singles
|player|p1|PixelPenguin2|guitarist|1454
|player|p2|goodnightnite|miku-water|1647
|gen|9
|tier|[Gen 9] OU
|rated|
|rule|HP Percentage Mod: HP is shown in percentages
|rule|Endless Battle Clause: Forcing endless battles is banned
|rule|Species Clause: Limit one of each Pokémon
|rule|OHKO Clause: OHKO moves are banned
|rule|Evasion Items Clause: Evasion items are banned
|rule|Evasion Moves Clause: Evasion moves are banned
|rule|Evasion Abilities Clause: Evasion abilities are banned
|rule|Sleep Moves Clause: Sleep-inducing moves are banned
|clearpoke
|poke|p1|Ogerpon-Wellspring, F|
|poke|p1|Zamazenta-*|
|poke|p1|Kyurem|
|poke|p1|Great Tusk|
|poke|p1|Zapdos-Galar|
|poke|p1|Gholdengo|
|poke|p2|Weezing-Galar, M|
|poke|p2|Alomomola, F|
|poke|p2|Iron Treads|
|poke|p2|Tornadus-Therian, M|
|poke|p2|Zamazenta-*|
|poke|p2|Lokix, F|
|teampreview
|inactive|Battle timer is ON: inactive players will automatically lose when time's up. (requested by PixelPenguin2)
|inactive|goodnightnite also wants the timer to be on.
|inactive|goodnightnite has 120 seconds left.
|inactive|goodnightnite has 90 seconds left.
|
|t:|1779693006
|teamsize|p1|6
|teamsize|p2|6
|start
|switch|p1a: Kyurem|Kyurem|100/100
|switch|p2a: Tornadus|Tornadus-Therian, M|100/100
|-ability|p1a: Kyurem|Pressure
|turn|1
|
|t:|1779693032
|move|p2a: Tornadus|Knock Off|p1a: Kyurem
|-damage|p1a: Kyurem|83/100
|-enditem|p1a: Kyurem|Assault Vest|[from] move: Knock Off|[of] p2a: Tornadus
|move|p1a: Kyurem|Freeze-Dry|p2a: Tornadus
|-supereffective|p2a: Tornadus
|-damage|p2a: Tornadus|52/100
|
|upkeep
|turn|2
|
|t:|1779693047
|move|p2a: Tornadus|U-turn|p1a: Kyurem
|-damage|p1a: Kyurem|70/100
|
|t:|1779693049
|switch|p2a: Zamazenta|Zamazenta|100/100|[from] U-turn
|-ability|p2a: Zamazenta|Dauntless Shield|boost
|-boost|p2a: Zamazenta|def|1
|move|p1a: Kyurem|Freeze-Dry|p2a: Zamazenta
|-damage|p2a: Zamazenta|63/100
|
|upkeep
|turn|3
|
|t:|1779693062
|switch|p2a: Tornadus|Tornadus-Therian, M|86/100
|switch|p1a: Zapdos|Zapdos-Galar|100/100
|
|upkeep
|turn|4
|
|t:|1779693068
|move|p1a: Zapdos|Brave Bird|p2a: Tornadus
|-damage|p2a: Tornadus|15/100
|-damage|p1a: Zapdos|75/100|[from] Recoil
|move|p2a: Tornadus|Bleakwind Storm|p1a: Zapdos
|-supereffective|p1a: Zapdos
|-damage|p1a: Zapdos|0 fnt
|faint|p1a: Zapdos
|
|upkeep
|
|t:|1779693075
|switch|p1a: Kyurem|Kyurem|70/100
|-ability|p1a: Kyurem|Pressure
|turn|5
|
|t:|1779693079
|move|p2a: Tornadus|U-turn|p1a: Kyurem
|-damage|p1a: Kyurem|56/100
|
|t:|1779693083
|switch|p2a: Iron Treads|Iron Treads|100/100|[from] U-turn
|move|p1a: Kyurem|Freeze-Dry|p2a: Iron Treads
|-damage|p2a: Iron Treads|63/100
|
|-heal|p2a: Iron Treads|69/100|[from] item: Leftovers
|upkeep
|turn|6
|
|t:|1779693088
|move|p2a: Iron Treads|Earthquake|p1a: Kyurem
|-damage|p1a: Kyurem|16/100
|move|p1a: Kyurem|Earth Power|p2a: Iron Treads
|-supereffective|p2a: Iron Treads
|-damage|p2a: Iron Treads|2/100
|
|-heal|p2a: Iron Treads|9/100|[from] item: Leftovers
|upkeep
|turn|7
|
|t:|1779693094
|switch|p1a: Ogerpon|Ogerpon-Wellspring, F|100/100
|move|p2a: Iron Treads|Stealth Rock|p1a: Ogerpon
|-sidestart|p1: PixelPenguin2|move: Stealth Rock
|
|-heal|p2a: Iron Treads|15/100|[from] item: Leftovers
|upkeep
|turn|8
|
|t:|1779693100
|-end|p2a: Iron Treads|Quark Drive|[silent]
|switch|p2a: Alomomola|Alomomola, F|100/100
|move|p1a: Ogerpon|Ivy Cudgel|p2a: Alomomola|[anim] Ivy Cudgel Water
|-resisted|p2a: Alomomola
|-damage|p2a: Alomomola|82/100
|
|upkeep
|turn|9
|
|t:|1779693106
|switch|p2a: Weezing|Weezing-Galar, M|100/100
|-ability|p2a: Weezing|Neutralizing Gas
|move|p1a: Ogerpon|Trailblaze|p2a: Weezing
|-resisted|p2a: Weezing
|-damage|p2a: Weezing|91/100
|-boost|p1a: Ogerpon|spe|1
|
|-heal|p2a: Weezing|97/100|[from] item: Leftovers
|upkeep
|turn|10
|
|t:|1779693113
|switch|p1a: Gholdengo|Gholdengo|100/100
|-damage|p1a: Gholdengo|94/100|[from] Stealth Rock
|move|p2a: Weezing|Toxic|p1a: Gholdengo
|-immune|p1a: Gholdengo
|
|-heal|p2a: Weezing|100/100|[from] item: Leftovers
|upkeep
|turn|11
|
|t:|1779693121
|switch|p1a: Great Tusk|Great Tusk|100/100
|-end|p2a: Weezing|ability: Neutralizing Gas
|switch|p2a: Alomomola|Alomomola, F|100/100
|
|upkeep
|turn|12
|
|t:|1779693125
|move|p1a: Great Tusk|Rapid Spin|p2a: Alomomola
|-damage|p2a: Alomomola|90/100
|-boost|p1a: Great Tusk|spe|1
|-damage|p1a: Great Tusk|84/100|[from] item: Rocky Helmet|[of] p2a: Alomomola
|-sideend|p1: PixelPenguin2|Stealth Rock|[from] move: Rapid Spin|[of] p1a: Great Tusk
|move|p2a: Alomomola|Flip Turn|p1a: Great Tusk
|-supereffective|p1a: Great Tusk
|-damage|p1a: Great Tusk|59/100
|
|t:|1779693129
|switch|p2a: Tornadus|Tornadus-Therian, M|48/100|[from] Flip Turn
|
|upkeep
|turn|13
|
|t:|1779693135
|switch|p2a: Alomomola|Alomomola, F|100/100
|move|p1a: Great Tusk|Stealth Rock|p2a: Alomomola
|-sidestart|p2: goodnightnite|move: Stealth Rock
|
|upkeep
|turn|14
|
|t:|1779693140
|-end|p1a: Great Tusk|Protosynthesis|[silent]
|switch|p1a: Ogerpon|Ogerpon-Wellspring, F|100/100
|move|p2a: Alomomola|Wish|p2a: Alomomola
|
|upkeep
|turn|15
|
|t:|1779693145
|switch|p2a: Weezing|Weezing-Galar, M|100/100
|-ability|p2a: Weezing|Neutralizing Gas
|-damage|p2a: Weezing|88/100|[from] Stealth Rock
|move|p1a: Ogerpon|Swords Dance|p1a: Ogerpon
|-boost|p1a: Ogerpon|atk|2
|
|-heal|p2a: Weezing|100/100|[from] move: Wish|[wisher] Alomomola
|upkeep
|turn|16
|
|t:|1779693153
|switch|p1a: Gholdengo|Gholdengo|94/100
|-terastallize|p2a: Weezing|Grass
|move|p2a: Weezing|Toxic|p1a: Gholdengo
|-immune|p1a: Gholdengo
|
|upkeep
|turn|17
|
|t:|1779693156
|move|p1a: Gholdengo|Nasty Plot|p1a: Gholdengo
|-boost|p1a: Gholdengo|spa|2
|move|p2a: Weezing|Defog|p1a: Gholdengo
|-unboost|p1a: Gholdengo|evasion|1
|-sideend|p2: goodnightnite|Stealth Rock|[from] move: Defog|[of] p2a: Weezing
|
|upkeep
|turn|18
|
|t:|1779693163
|-end|p2a: Weezing|ability: Neutralizing Gas
|switch|p2a: Iron Treads|Iron Treads|15/100
|move|p1a: Gholdengo|Nasty Plot|p1a: Gholdengo
|-boost|p1a: Gholdengo|spa|2
|
|-heal|p2a: Iron Treads|21/100|[from] item: Leftovers
|upkeep
|turn|19
|
|t:|1779693168
|switch|p1a: Ogerpon|Ogerpon-Wellspring, F|100/100
|move|p2a: Iron Treads|Earthquake|p1a: Ogerpon
|-resisted|p1a: Ogerpon
|-damage|p1a: Ogerpon|73/100
|
|-heal|p2a: Iron Treads|27/100|[from] item: Leftovers
|upkeep
|turn|20
|
|t:|1779693174
|switch|p1a: Kyurem|Kyurem|16/100
|-ability|p1a: Kyurem|Pressure
|-end|p2a: Iron Treads|Quark Drive|[silent]
|switch|p2a: Tornadus|Tornadus-Therian, M|81/100
|
|upkeep
|turn|21
|
|t:|1779693179
|move|p2a: Tornadus|Bleakwind Storm|p1a: Kyurem
|-damage|p1a: Kyurem|0 fnt
|faint|p1a: Kyurem
|
|upkeep
|
|t:|1779693182
|switch|p1a: Ogerpon|Ogerpon-Wellspring, F|73/100
|turn|22
|
|t:|1779693202
|-terastallize|p1a: Ogerpon|Water
|detailschange|p1a: Ogerpon|Ogerpon-Wellspring-Tera, F, tera:Water
|-ability|p1a: Ogerpon|Embody Aspect (Wellspring)|boost
|-boost|p1a: Ogerpon|spd|1
|move|p2a: Tornadus|U-turn|p1a: Ogerpon
|-damage|p1a: Ogerpon|53/100
|
|t:|1779693206
|switch|p2a: Weezing|Weezing-Galar, M, tera:Grass|100/100|[from] U-turn
|-ability|p2a: Weezing|Neutralizing Gas
|move|p1a: Ogerpon|Ivy Cudgel|p2a: Weezing|[anim] Ivy Cudgel Water
|-resisted|p2a: Weezing
|-damage|p2a: Weezing|74/100
|
|-heal|p2a: Weezing|80/100|[from] item: Leftovers
|upkeep
|turn|23
|
|t:|1779693212
|switch|p1a: Gholdengo|Gholdengo|94/100
|move|p2a: Weezing|Toxic|p1a: Gholdengo
|-immune|p1a: Gholdengo
|
|-heal|p2a: Weezing|86/100|[from] item: Leftovers
|upkeep
|turn|24
|
|t:|1779693216
|-end|p2a: Weezing|ability: Neutralizing Gas
|switch|p2a: Alomomola|Alomomola, F|100/100
|move|p1a: Gholdengo|Make It Rain|p2a: Alomomola
|-resisted|p2a: Alomomola
|-damage|p2a: Alomomola|64/100
|-unboost|p1a: Gholdengo|spa|1
|
|upkeep
|turn|25
|
|t:|1779693224
|switch|p1a: Ogerpon|Ogerpon-Wellspring-Tera, F, tera:Water|53/100
|-ability|p1a: Ogerpon|Embody Aspect (Wellspring)|boost
|-boost|p1a: Ogerpon|spd|1
|move|p2a: Alomomola|Flip Turn|p1a: Ogerpon
|-resisted|p1a: Ogerpon
|-damage|p1a: Ogerpon|42/100
|
|t:|1779693229
|switch|p2a: Zamazenta|Zamazenta|63/100|[from] Flip Turn
|
|upkeep
|turn|26
|
|t:|1779693238
|switch|p1a: Great Tusk|Great Tusk|59/100
|move|p2a: Zamazenta|Close Combat|p1a: Great Tusk
|-damage|p1a: Great Tusk|0 fnt
|-unboost|p2a: Zamazenta|def|1
|-unboost|p2a: Zamazenta|spd|1
|faint|p1a: Great Tusk
|-end|p1a: Great Tusk|Protosynthesis|[silent]
|
|upkeep
|
|t:|1779693243
|switch|p1a: Zamazenta|Zamazenta|100/100
|-ability|p1a: Zamazenta|Dauntless Shield|boost
|-boost|p1a: Zamazenta|def|1
|turn|27
|
|t:|1779693247
|move|p2a: Zamazenta|Close Combat|p1a: Zamazenta
|-damage|p1a: Zamazenta|54/100
|-unboost|p2a: Zamazenta|def|1
|-unboost|p2a: Zamazenta|spd|1
|move|p1a: Zamazenta|Iron Defense|p1a: Zamazenta
|-boost|p1a: Zamazenta|def|2
|
|-heal|p1a: Zamazenta|60/100|[from] item: Leftovers
|upkeep
|turn|28
|
|t:|1779693254
|switch|p2a: Alomomola|Alomomola, F|97/100
|move|p1a: Zamazenta|Iron Defense|p1a: Zamazenta
|-boost|p1a: Zamazenta|def|2
|
|-heal|p1a: Zamazenta|66/100|[from] item: Leftovers
|upkeep
|turn|29
|
|t:|1779693258
|move|p2a: Alomomola|Flip Turn|p1a: Zamazenta
|-damage|p1a: Zamazenta|63/100
|
|t:|1779693262
|switch|p2a: Iron Treads|Iron Treads|27/100|[from] Flip Turn
|move|p1a: Zamazenta|Roar|p2a: Iron Treads
|-end|p2a: Iron Treads|Quark Drive|[silent]
|drag|p2a: Weezing|Weezing-Galar, M, tera:Grass|86/100
|-ability|p2a: Weezing|Neutralizing Gas
|
|-heal|p1a: Zamazenta|69/100|[from] item: Leftovers
|-heal|p2a: Weezing|92/100|[from] item: Leftovers
|upkeep
|turn|30
|
|t:|1779693268
|move|p1a: Zamazenta|Body Press|p2a: Weezing
|-damage|p2a: Weezing|17/100
|move|p2a: Weezing|Toxic|p1a: Zamazenta
|-status|p1a: Zamazenta|tox
|
|-heal|p1a: Zamazenta|75/100 tox|[from] item: Leftovers
|-heal|p2a: Weezing|23/100|[from] item: Leftovers
|-damage|p1a: Zamazenta|69/100 tox|[from] psn
|upkeep
|turn|31
|
|t:|1779693273
|move|p2a: Weezing|Protect|p2a: Weezing
|-singleturn|p2a: Weezing|Protect
|move|p1a: Zamazenta|Body Press|p2a: Weezing
|-activate|p2a: Weezing|move: Protect
|
|-heal|p1a: Zamazenta|75/100 tox|[from] item: Leftovers
|-heal|p2a: Weezing|29/100|[from] item: Leftovers
|-damage|p1a: Zamazenta|63/100 tox|[from] psn
|upkeep
|turn|32
|
|t:|1779693278
|-end|p2a: Weezing|ability: Neutralizing Gas
|switch|p2a: Alomomola|Alomomola, F|100/100
|move|p1a: Zamazenta|Body Press|p2a: Alomomola
|-damage|p2a: Alomomola|22/100
|-damage|p1a: Zamazenta|47/100 tox|[from] item: Rocky Helmet|[of] p2a: Alomomola
|
|-heal|p1a: Zamazenta|53/100 tox|[from] item: Leftovers
|-damage|p1a: Zamazenta|34/100 tox|[from] psn
|upkeep
|turn|33
|
|t:|1779693284
|move|p2a: Alomomola|Protect|p2a: Alomomola
|-singleturn|p2a: Alomomola|Protect
|move|p1a: Zamazenta|Body Press|p2a: Alomomola
|-activate|p2a: Alomomola|move: Protect
|
|-heal|p1a: Zamazenta|40/100 tox|[from] item: Leftovers
|-damage|p1a: Zamazenta|16/100 tox|[from] psn
|upkeep
|turn|34
|
|t:|1779693288
|switch|p2a: Weezing|Weezing-Galar, M, tera:Grass|29/100
|-ability|p2a: Weezing|Neutralizing Gas
|move|p1a: Zamazenta|Body Press|p2a: Weezing
|-damage|p2a: Weezing|0 fnt
|faint|p2a: Weezing
|-end|p2a: Weezing|ability: Neutralizing Gas
|
|-heal|p1a: Zamazenta|22/100 tox|[from] item: Leftovers
|-damage|p1a: Zamazenta|0 fnt|[from] psn
|faint|p1a: Zamazenta
|upkeep
|
|t:|1779693302
|switch|p1a: Gholdengo|Gholdengo|94/100
|switch|p2a: Lokix|Lokix, F|100/100
|turn|35
|
|t:|1779693308
|switch|p2a: Tornadus|Tornadus-Therian, M|100/100
|move|p1a: Gholdengo|Make It Rain|p2a: Tornadus
|-damage|p2a: Tornadus|50/100
|-unboost|p1a: Gholdengo|spa|1
|
|upkeep
|turn|36
|
|t:|1779693315
|move|p2a: Tornadus|Heat Wave|p1a: Gholdengo
|-supereffective|p1a: Gholdengo
|-damage|p1a: Gholdengo|46/100
|move|p1a: Gholdengo|Make It Rain|p2a: Tornadus
|-damage|p2a: Tornadus|17/100
|-unboost|p1a: Gholdengo|spa|1
|
|upkeep
|turn|37
|
|t:|1779693320
|move|p2a: Tornadus|Heat Wave|p1a: Gholdengo|[miss]
|-miss|p2a: Tornadus|p1a: Gholdengo
|move|p1a: Gholdengo|Recover|p1a: Gholdengo
|-heal|p1a: Gholdengo|96/100
|
|upkeep
|turn|38
|
|t:|1779693324
|move|p2a: Tornadus|U-turn|p1a: Gholdengo
|-resisted|p1a: Gholdengo
|-damage|p1a: Gholdengo|93/100
|
|t:|1779693326
|switch|p2a: Iron Treads|Iron Treads|27/100|[from] U-turn
|move|p1a: Gholdengo|Nasty Plot|p1a: Gholdengo
|-boost|p1a: Gholdengo|spa|2
|
|-heal|p2a: Iron Treads|33/100|[from] item: Leftovers
|upkeep
|turn|39
|
|t:|1779693329
|move|p2a: Iron Treads|Earthquake|p1a: Gholdengo
|-supereffective|p1a: Gholdengo
|-damage|p1a: Gholdengo|17/100
|move|p1a: Gholdengo|Make It Rain|p2a: Iron Treads
|-resisted|p2a: Iron Treads
|-damage|p2a: Iron Treads|0 fnt
|-unboost|p1a: Gholdengo|spa|1
|faint|p2a: Iron Treads
|-end|p2a: Iron Treads|Quark Drive|[silent]
|
|upkeep
|
|t:|1779693334
|switch|p2a: Zamazenta|Zamazenta|63/100
|turn|40
|
|t:|1779693337
|move|p2a: Zamazenta|Crunch|p1a: Gholdengo
|-supereffective|p1a: Gholdengo
|-damage|p1a: Gholdengo|0 fnt
|faint|p1a: Gholdengo
|
|upkeep
|-message|PixelPenguin2 forfeited.
|
|win|goodnightnite
|raw|PixelPenguin2's rating: 1454 &rarr; <strong>1444</strong><br />(-10 for losing)
|raw|goodnightnite's rating: 1647 &rarr; <strong>1657</strong><br />(+10 for winning)
|l|☆PixelPenguin2
|player|p1|
|l|☆goodnightnite
|player|p2|
