|j|☆xamsir
|j|☆tommytt22
|t:|1779607401
|gametype|singles
|player|p1|xamsir|grimsley|1578
|player|p2|tommytt22|shadowtriad|1577
|gen|9
|tier|[Gen 9] OU
|rated|
|rule|HP Percentage Mod: HP is shown in percentages
|rule|Endless Battle Clause: Forcing endless battles is banned
|rule|Species Clause: Limit one of each Pokémon
|rule|OHKO Clause: OHKO moves are banned
|rule|Evasion Items Clause: Evasion items are banned
|rule|Evasion Moves Clause: Evasion moves are banned
|rule|Evasion Abilities Clause: Evasion abilities are banned
|rule|Sleep Moves Clause: Sleep-inducing moves are banned
|clearpoke
|poke|p1|Ting-Lu|
|poke|p1|Gholdengo|
|poke|p1|Enamorus, F|
|poke|p1|Gliscor, M|
|poke|p1|Ceruledge, F|
|poke|p1|Ogerpon-Wellspring, F|
|poke|p2|Landorus-Therian, M|
|poke|p2|Samurott-Hisui, M|
|poke|p2|Iron Valiant|
|poke|p2|Talonflame, F|
|poke|p2|Scizor, F|
|poke|p2|Clodsire, F|
|teampreview
|inactive|Battle timer is ON: inactive players will automatically lose when time's up. (requested by xamsir)
|
|t:|1779607436
|teamsize|p1|6
|teamsize|p2|6
|start
|switch|p1a: Gliscor|Gliscor, M|100/100
|switch|p2a: Scizor|Scizor, F|100/100
|turn|1
|
|t:|1779607438
|move|p1a: Gliscor|Protect|p1a: Gliscor
|-singleturn|p1a: Gliscor|Protect
|move|p2a: Scizor|Swords Dance|p2a: Scizor
|-boost|p2a: Scizor|atk|2
|
|-status|p1a: Gliscor|tox|[from] item: Toxic Orb
|upkeep
|turn|2
|
|t:|1779607442
|switch|p1a: Ogerpon|Ogerpon-Wellspring, F|100/100
|move|p2a: Scizor|Swords Dance|p2a: Scizor
|-boost|p2a: Scizor|atk|2
|
|upkeep
|turn|3
|
|t:|1779607446
|move|p1a: Ogerpon|Encore|p2a: Scizor
|-start|p2a: Scizor|Encore
|move|p2a: Scizor|Swords Dance|p2a: Scizor
|-boost|p2a: Scizor|atk|2
|
|upkeep
|turn|4
|
|t:|1779607453
|switch|p2a: Iron Valiant|Iron Valiant|100/100
|move|p1a: Ogerpon|Ivy Cudgel|p2a: Iron Valiant|[anim] Ivy Cudgel Water
|-damage|p2a: Iron Valiant|21/100
|
|upkeep
|turn|5
|
|t:|1779607458
|switch|p1a: Gliscor|Gliscor, M|100/100 tox
|move|p2a: Iron Valiant|Close Combat|p1a: Gliscor
|-resisted|p1a: Gliscor
|-damage|p1a: Gliscor|84/100 tox
|-unboost|p2a: Iron Valiant|def|1
|-unboost|p2a: Iron Valiant|spd|1
|
|-heal|p1a: Gliscor|97/100 tox|[from] ability: Poison Heal
|upkeep
|turn|6
|
|t:|1779607463
|-end|p2a: Iron Valiant|Quark Drive|[silent]
|switch|p2a: Landorus|Landorus-Therian, M|100/100
|-ability|p2a: Landorus|Intimidate|boost
|-unboost|p1a: Gliscor|atk|1
|move|p1a: Gliscor|Earthquake|p2a: Landorus
|-immune|p2a: Landorus
|
|-heal|p1a: Gliscor|100/100 tox|[from] ability: Poison Heal
|upkeep
|turn|7
|
|t:|1779607467
|move|p1a: Gliscor|Knock Off|p2a: Landorus
|-damage|p2a: Landorus|91/100
|-enditem|p2a: Landorus|Leftovers|[from] move: Knock Off|[of] p1a: Gliscor
|move|p2a: Landorus|Stealth Rock|p1a: Gliscor
|-sidestart|p1: xamsir|move: Stealth Rock
|
|upkeep
|turn|8
|
|t:|1779607471
|move|p1a: Gliscor|Toxic|p2a: Landorus
|-status|p2a: Landorus|tox
|move|p2a: Landorus|Smack Down|p1a: Gliscor
|-damage|p1a: Gliscor|90/100 tox
|-start|p1a: Gliscor|Smack Down
|
|-heal|p1a: Gliscor|100/100 tox|[from] ability: Poison Heal
|-damage|p2a: Landorus|85/100 tox|[from] psn
|upkeep
|turn|9
|
|t:|1779607475
|move|p1a: Gliscor|Protect|p1a: Gliscor
|-singleturn|p1a: Gliscor|Protect
|move|p2a: Landorus|Earthquake|p1a: Gliscor
|-activate|p1a: Gliscor|move: Protect
|
|-damage|p2a: Landorus|73/100 tox|[from] psn
|upkeep
|turn|10
|
|t:|1779607481
|switch|p1a: Gholdengo|Gholdengo|100/100
|-damage|p1a: Gholdengo|94/100|[from] Stealth Rock
|-item|p1a: Gholdengo|Air Balloon
|switch|p2a: Scizor|Scizor, F|100/100
|
|upkeep
|turn|11
|
|t:|1779607485
|move|p1a: Gholdengo|Shadow Ball|p2a: Scizor
|-damage|p2a: Scizor|36/100
|move|p2a: Scizor|U-turn|p1a: Gholdengo
|-resisted|p1a: Gholdengo
|-damage|p1a: Gholdengo|83/100
|-enditem|p1a: Gholdengo|Air Balloon
|
|t:|1779607490
|switch|p2a: Samurott|Samurott-Hisui, M|100/100|[from] U-turn
|
|upkeep
|turn|12
|
|t:|1779607494
|switch|p1a: Ogerpon|Ogerpon-Wellspring, F|100/100
|-damage|p1a: Ogerpon|88/100|[from] Stealth Rock
|move|p2a: Samurott|Razor Shell|p1a: Ogerpon
|-heal|p1a: Ogerpon|100/100|[from] ability: Water Absorb|[of] p2a: Samurott
|
|upkeep
|turn|13
|
|t:|1779607498
|switch|p2a: Landorus|Landorus-Therian, M|73/100 tox
|-ability|p2a: Landorus|Intimidate|boost
|-unboost|p1a: Ogerpon|atk|1
|move|p1a: Ogerpon|Encore||[still]
|-fail|p1a: Ogerpon
|
|-damage|p2a: Landorus|67/100 tox|[from] psn
|upkeep
|turn|14
|
|t:|1779607507
|switch|p1a: Gliscor|Gliscor, M|100/100 tox
|-damage|p1a: Gliscor|88/100 tox|[from] Stealth Rock
|move|p2a: Landorus|U-turn|p1a: Gliscor
|-resisted|p1a: Gliscor
|-damage|p1a: Gliscor|81/100 tox
|
|t:|1779607511
|switch|p2a: Samurott|Samurott-Hisui, M|100/100|[from] U-turn
|
|-heal|p1a: Gliscor|94/100 tox|[from] ability: Poison Heal
|upkeep
|turn|15
|
|t:|1779607514
|move|p1a: Gliscor|Protect|p1a: Gliscor
|-singleturn|p1a: Gliscor|Protect
|move|p2a: Samurott|Razor Shell|p1a: Gliscor
|-activate|p1a: Gliscor|move: Protect
|
|-heal|p1a: Gliscor|100/100 tox|[from] ability: Poison Heal
|upkeep
|turn|16
|
|t:|1779607518
|switch|p1a: Ogerpon|Ogerpon-Wellspring, F|100/100
|-damage|p1a: Ogerpon|88/100|[from] Stealth Rock
|move|p2a: Samurott|Ceaseless Edge|p1a: Ogerpon
|-damage|p1a: Ogerpon|29/100
|-sidestart|p1: xamsir|Spikes
|
|upkeep
|turn|17
|
|t:|1779607522
|move|p2a: Samurott|Sucker Punch||[still]
|-fail|p2a: Samurott
|move|p1a: Ogerpon|Swords Dance|p1a: Ogerpon
|-boost|p1a: Ogerpon|atk|2
|
|upkeep
|turn|18
|
|t:|1779607529
|switch|p2a: Iron Valiant|Iron Valiant|21/100
|move|p1a: Ogerpon|Encore||[still]
|-fail|p1a: Ogerpon
|
|upkeep
|turn|19
|
|t:|1779607537
|switch|p1a: Gliscor|Gliscor, M|100/100 tox
|-damage|p1a: Gliscor|88/100 tox|[from] Stealth Rock
|move|p2a: Iron Valiant|Moonblast|p1a: Gliscor
|-damage|p1a: Gliscor|34/100 tox
|
|-heal|p1a: Gliscor|46/100 tox|[from] ability: Poison Heal
|upkeep
|turn|20
|
|t:|1779607544
|move|p1a: Gliscor|Protect|p1a: Gliscor
|-singleturn|p1a: Gliscor|Protect
|move|p2a: Iron Valiant|Moonblast|p1a: Gliscor
|-activate|p1a: Gliscor|move: Protect
|
|-heal|p1a: Gliscor|58/100 tox|[from] ability: Poison Heal
|upkeep
|turn|21
|
|t:|1779607548
|switch|p1a: Gholdengo|Gholdengo|83/100
|-damage|p1a: Gholdengo|77/100|[from] Stealth Rock
|-damage|p1a: Gholdengo|65/100|[from] Spikes
|-terastallize|p2a: Iron Valiant|Fairy
|move|p2a: Iron Valiant|Moonblast|p1a: Gholdengo
|-resisted|p1a: Gholdengo
|-damage|p1a: Gholdengo|27/100
|-unboost|p1a: Gholdengo|spa|1
|
|upkeep
|turn|22
|
|t:|1779607554
|move|p2a: Iron Valiant|Moonblast|p1a: Gholdengo
|-resisted|p1a: Gholdengo
|-damage|p1a: Gholdengo|0 fnt
|faint|p1a: Gholdengo
|
|upkeep
|
|t:|1779607556
|switch|p1a: Enamorus|Enamorus, F|100/100
|-damage|p1a: Enamorus|76/100|[from] Stealth Rock
|turn|23
|
|t:|1779607561
|move|p2a: Iron Valiant|Moonblast|p1a: Enamorus
|-damage|p1a: Enamorus|0 fnt
|faint|p1a: Enamorus
|
|upkeep
|
|t:|1779607565
|switch|p1a: Ceruledge|Ceruledge, F|100/100
|turn|24
|
|t:|1779607573
|-end|p2a: Iron Valiant|Quark Drive|[silent]
|switch|p2a: Clodsire|Clodsire, F|100/100
|move|p1a: Ceruledge|Shadow Sneak|p2a: Clodsire
|-damage|p2a: Clodsire|82/100
|
|-heal|p2a: Clodsire|88/100|[from] item: Leftovers
|upkeep
|turn|25
|
|t:|1779607578
|switch|p1a: Gliscor|Gliscor, M|58/100 tox
|-damage|p1a: Gliscor|46/100 tox|[from] Stealth Rock
|move|p2a: Clodsire|Toxic|p1a: Gliscor
|-fail|p1a: Gliscor|tox
|
|-heal|p2a: Clodsire|94/100|[from] item: Leftovers
|-heal|p1a: Gliscor|58/100 tox|[from] ability: Poison Heal
|upkeep
|turn|26
|
|t:|1779607585
|switch|p2a: Samurott|Samurott-Hisui, M|100/100
|move|p1a: Gliscor|Toxic|p2a: Samurott
|-status|p2a: Samurott|tox
|
|-heal|p1a: Gliscor|71/100 tox|[from] ability: Poison Heal
|-damage|p2a: Samurott|94/100 tox|[from] psn
|upkeep
|turn|27
|
|t:|1779607590
|move|p1a: Gliscor|Protect|p1a: Gliscor
|-singleturn|p1a: Gliscor|Protect
|move|p2a: Samurott|Ceaseless Edge|p1a: Gliscor
|-activate|p1a: Gliscor|move: Protect
|
|-heal|p1a: Gliscor|83/100 tox|[from] ability: Poison Heal
|-damage|p2a: Samurott|82/100 tox|[from] psn
|upkeep
|turn|28
|
|t:|1779607593
|switch|p1a: Ogerpon|Ogerpon-Wellspring, F|29/100
|-damage|p1a: Ogerpon|17/100|[from] Stealth Rock
|-damage|p1a: Ogerpon|4/100|[from] Spikes
|move|p2a: Samurott|Ceaseless Edge|p1a: Ogerpon
|-damage|p1a: Ogerpon|0 fnt
|-sidestart|p1: xamsir|Spikes
|faint|p1a: Ogerpon
|
|-damage|p2a: Samurott|64/100 tox|[from] psn
|upkeep
|
|t:|1779607597
|switch|p1a: Gliscor|Gliscor, M|83/100 tox
|-damage|p1a: Gliscor|71/100 tox|[from] Stealth Rock
|turn|29
|
|t:|1779607603
|switch|p2a: Landorus|Landorus-Therian, M|67/100 tox
|-ability|p2a: Landorus|Intimidate|boost
|-unboost|p1a: Gliscor|atk|1
|move|p1a: Gliscor|Protect||[still]
|-fail|p1a: Gliscor
|
|-heal|p1a: Gliscor|83/100 tox|[from] ability: Poison Heal
|-damage|p2a: Landorus|61/100 tox|[from] psn
|upkeep
|turn|30
|
|t:|1779607607
|move|p1a: Gliscor|Protect|p1a: Gliscor
|-singleturn|p1a: Gliscor|Protect
|move|p2a: Landorus|Smack Down|p1a: Gliscor
|-activate|p1a: Gliscor|move: Protect
|
|-heal|p1a: Gliscor|96/100 tox|[from] ability: Poison Heal
|-damage|p2a: Landorus|49/100 tox|[from] psn
|upkeep
|turn|31
|
|t:|1779607615
|move|p1a: Gliscor|Knock Off|p2a: Landorus
|-damage|p2a: Landorus|42/100 tox
|move|p2a: Landorus|Smack Down|p1a: Gliscor
|-damage|p1a: Gliscor|85/100 tox
|-start|p1a: Gliscor|Smack Down
|
|-heal|p1a: Gliscor|97/100 tox|[from] ability: Poison Heal
|-damage|p2a: Landorus|24/100 tox|[from] psn
|upkeep
|turn|32
|
|t:|1779607620
|move|p1a: Gliscor|Protect|p1a: Gliscor
|-singleturn|p1a: Gliscor|Protect
|move|p2a: Landorus|Earthquake|p1a: Gliscor
|-activate|p1a: Gliscor|move: Protect
|
|-heal|p1a: Gliscor|100/100 tox|[from] ability: Poison Heal
|-damage|p2a: Landorus|0 fnt|[from] psn
|faint|p2a: Landorus
|upkeep
|
|t:|1779607622
|switch|p2a: Samurott|Samurott-Hisui, M|64/100 tox
|turn|33
|
|t:|1779607629
|-terastallize|p1a: Gliscor|Water
|move|p1a: Gliscor|Knock Off|p2a: Samurott
|-resisted|p2a: Samurott
|-damage|p2a: Samurott|56/100 tox
|-enditem|p2a: Samurott|Assault Vest|[from] move: Knock Off|[of] p1a: Gliscor
|move|p2a: Samurott|Razor Shell|p1a: Gliscor
|-resisted|p1a: Gliscor
|-damage|p1a: Gliscor|82/100 tox
|
|-heal|p1a: Gliscor|94/100 tox|[from] ability: Poison Heal
|-damage|p2a: Samurott|50/100 tox|[from] psn
|upkeep
|turn|34
|
|t:|1779607650
|move|p1a: Gliscor|Earthquake|p2a: Samurott
|-damage|p2a: Samurott|25/100 tox
|move|p2a: Samurott|Ceaseless Edge|p1a: Gliscor
|-damage|p1a: Gliscor|66/100 tox
|-sidestart|p1: xamsir|Spikes
|
|-heal|p1a: Gliscor|78/100 tox|[from] ability: Poison Heal
|-damage|p2a: Samurott|13/100 tox|[from] psn
|upkeep
|turn|35
|
|t:|1779607655
|switch|p2a: Talonflame|Talonflame, F|100/100
|move|p1a: Gliscor|Protect||[still]
|-fail|p1a: Gliscor
|
|-heal|p1a: Gliscor|91/100 tox|[from] ability: Poison Heal
|upkeep
|turn|36
|
|t:|1779607660
|switch|p2a: Clodsire|Clodsire, F|94/100
|move|p1a: Gliscor|Protect||[still]
|-fail|p1a: Gliscor
|
|-heal|p2a: Clodsire|99/100|[from] item: Leftovers
|-heal|p1a: Gliscor|100/100 tox|[from] ability: Poison Heal
|upkeep
|turn|37
|
|t:|1779607674
|move|p1a: Gliscor|Earthquake|p2a: Clodsire
|-supereffective|p2a: Clodsire
|-damage|p2a: Clodsire|45/100
|move|p2a: Clodsire|Earthquake|p1a: Gliscor
|-damage|p1a: Gliscor|83/100 tox
|
|-heal|p2a: Clodsire|51/100|[from] item: Leftovers
|-heal|p1a: Gliscor|95/100 tox|[from] ability: Poison Heal
|upkeep
|turn|38
|
|t:|1779607682
|move|p1a: Gliscor|Earthquake|p2a: Clodsire
|-supereffective|p2a: Clodsire
|-crit|p2a: Clodsire
|-damage|p2a: Clodsire|0 fnt
|faint|p2a: Clodsire
|
|-heal|p1a: Gliscor|100/100 tox|[from] ability: Poison Heal
|upkeep
|
|t:|1779607690
|switch|p2a: Iron Valiant|Iron Valiant, tera:Fairy|21/100
|turn|39
|
|t:|1779607693
|switch|p1a: Ting-Lu|Ting-Lu|100/100
|-damage|p1a: Ting-Lu|94/100|[from] Stealth Rock
|-damage|p1a: Ting-Lu|69/100|[from] Spikes
|-ability|p1a: Ting-Lu|Vessel of Ruin
|move|p2a: Iron Valiant|Trick|p1a: Ting-Lu
|-activate|p2a: Iron Valiant|move: Trick|[of] p1a: Ting-Lu
|-item|p1a: Ting-Lu|Choice Scarf|[from] move: Trick
|-item|p2a: Iron Valiant|Leftovers|[from] move: Trick
|
|-heal|p2a: Iron Valiant|27/100|[from] item: Leftovers
|upkeep
|turn|40
|
|t:|1779607705
|move|p2a: Iron Valiant|Moonblast|p1a: Ting-Lu
|-supereffective|p1a: Ting-Lu
|-damage|p1a: Ting-Lu|15/100
|move|p1a: Ting-Lu|Stealth Rock|p2a: Iron Valiant
|-sidestart|p2: tommytt22|move: Stealth Rock
|
|-heal|p2a: Iron Valiant|34/100|[from] item: Leftovers
|upkeep
|turn|41
|
|t:|1779607711
|move|p2a: Iron Valiant|Moonblast|p1a: Ting-Lu
|-supereffective|p1a: Ting-Lu
|-damage|p1a: Ting-Lu|0 fnt
|faint|p1a: Ting-Lu
|
|-heal|p2a: Iron Valiant|40/100|[from] item: Leftovers
|upkeep
|
|t:|1779607712
|switch|p1a: Ceruledge|Ceruledge, F|100/100
|turn|42
|
|t:|1779607719
|move|p2a: Iron Valiant|Knock Off|p1a: Ceruledge
|-supereffective|p1a: Ceruledge
|-crit|p1a: Ceruledge
|-damage|p1a: Ceruledge|0 fnt
|-enditem|p1a: Ceruledge|Heavy-Duty Boots|[from] move: Knock Off|[of] p2a: Iron Valiant
|faint|p1a: Ceruledge
|
|-heal|p2a: Iron Valiant|46/100|[from] item: Leftovers
|upkeep
|-message|xamsir forfeited.
|
|win|tommytt22
|raw|xamsir's rating: 1578 &rarr; <strong>1558</strong><br />(-20 for losing)
|raw|tommytt22's rating: 1577 &rarr; <strong>1597</strong><br />(+20 for winning)
|l|☆xamsir
|player|p1|
|l|☆tommytt22
|player|p2|
