|j|☆Iron Fist286
|j|☆lokixenjoyer738
|t:|1779564422
|gametype|singles
|player|p1|Iron Fist286|n|1351
|player|p2|lokixenjoyer738|2|1323
|gen|9
|tier|[Gen 9] OU
|rated|
|rule|HP Percentage Mod: HP is shown in percentages
|rule|Endless Battle Clause: Forcing endless battles is banned
|rule|Species Clause: Limit one of each Pokémon
|rule|OHKO Clause: OHKO moves are banned
|rule|Evasion Items Clause: Evasion items are banned
|rule|Evasion Moves Clause: Evasion moves are banned
|rule|Evasion Abilities Clause: Evasion abilities are banned
|rule|Sleep Moves Clause: Sleep-inducing moves are banned
|clearpoke
|poke|p1|Weezing-Galar, M|
|poke|p1|Ogerpon, F|
|poke|p1|Skarmory, M|
|poke|p1|Alomomola, M|
|poke|p1|Clodsire, M|
|poke|p1|Hydreigon, M|
|poke|p2|Kingambit, F|
|poke|p2|Kommo-o, F|
|poke|p2|Iron Valiant|
|poke|p2|Kyurem|
|poke|p2|Iron Treads|
|poke|p2|Iron Crown|
|teampreview
|inactive|Battle timer is ON: inactive players will automatically lose when time's up. (requested by lokixenjoyer738)
|inactive|lokixenjoyer738 has 120 seconds left.
|inactive|lokixenjoyer738 has 90 seconds left.
|
|t:|1779564492
|teamsize|p1|6
|teamsize|p2|6
|start
|switch|p1a: Ogerpon|Ogerpon, F|100/100
|switch|p2a: Kyurem|Kyurem|100/100
|-ability|p2a: Kyurem|Pressure
|turn|1
|
|t:|1779564500
|move|p1a: Ogerpon|U-turn|p2a: Kyurem
|-damage|p2a: Kyurem|65/100
|
|t:|1779564506
|switch|p1a: Alomomola|Alomomola, M, shiny|100/100|[from] U-turn
|move|p2a: Kyurem|Dragon Dance|p2a: Kyurem
|-boost|p2a: Kyurem|atk|1
|-boost|p2a: Kyurem|spe|1
|
|upkeep
|turn|2
|
|t:|1779564517
|move|p2a: Kyurem|Earth Power|p1a: Alomomola
|-crit|p1a: Alomomola
|-damage|p1a: Alomomola|80/100
|move|p1a: Alomomola|Play Rough|p2a: Kyurem
|-supereffective|p2a: Kyurem
|-damage|p2a: Kyurem|36/100
|
|upkeep
|turn|3
|
|t:|1779564545
|move|p2a: Kyurem|Dragon Dance|p2a: Kyurem
|-boost|p2a: Kyurem|atk|1
|-boost|p2a: Kyurem|spe|1
|move|p1a: Alomomola|Play Rough|p2a: Kyurem
|-supereffective|p2a: Kyurem
|-damage|p2a: Kyurem|2/100
|
|upkeep
|turn|4
|
|t:|1779564552
|move|p1a: Alomomola|Aqua Jet|p2a: Kyurem
|-resisted|p2a: Kyurem
|-damage|p2a: Kyurem|0 fnt
|faint|p2a: Kyurem
|
|upkeep
|
|t:|1779564560
|switch|p2a: Iron Crown|Iron Crown|100/100
|-enditem|p2a: Iron Crown|Booster Energy
|-activate|p2a: Iron Crown|ability: Quark Drive|[fromitem]
|-start|p2a: Iron Crown|quarkdrivespe
|turn|5
|
|t:|1779564577
|move|p2a: Iron Crown|Calm Mind|p2a: Iron Crown
|-boost|p2a: Iron Crown|spa|1
|-boost|p2a: Iron Crown|spd|1
|move|p1a: Alomomola|Flip Turn|p2a: Iron Crown
|-damage|p2a: Iron Crown|85/100
|inactive|Iron Fist286 has 120 seconds left.
|
|t:|1779564598
|switch|p1a: Clodsire|Clodsire, M, shiny|100/100|[from] Flip Turn
|
|upkeep
|turn|6
|
|t:|1779564612
|-end|p2a: Iron Crown|Quark Drive|[silent]
|switch|p2a: Kommo-o|Kommo-o, F|100/100
|-terastallize|p1a: Clodsire|Steel
|move|p1a: Clodsire|Earthquake|p2a: Kommo-o
|-damage|p2a: Kommo-o|78/100
|
|-heal|p2a: Kommo-o|84/100|[from] item: Leftovers
|upkeep
|turn|7
|
|t:|1779564623
|move|p2a: Kommo-o|Substitute|p2a: Kommo-o
|-start|p2a: Kommo-o|Substitute
|-damage|p2a: Kommo-o|59/100
|move|p1a: Clodsire|Toxic||[still]
|-fail|p1a: Clodsire
|
|-heal|p2a: Kommo-o|66/100|[from] item: Leftovers
|upkeep
|turn|8
|
|t:|1779564626
|move|p2a: Kommo-o|Clangorous Soul|p2a: Kommo-o
|-boost|p2a: Kommo-o|atk|1
|-boost|p2a: Kommo-o|def|1
|-boost|p2a: Kommo-o|spa|1
|-boost|p2a: Kommo-o|spd|1
|-boost|p2a: Kommo-o|spe|1
|-damage|p2a: Kommo-o|33/100
|move|p1a: Clodsire|Earthquake|p2a: Kommo-o
|-crit|p2a: Kommo-o
|-end|p2a: Kommo-o|Substitute
|
|-heal|p2a: Kommo-o|39/100|[from] item: Leftovers
|upkeep
|turn|9
|
|t:|1779564651
|move|p2a: Kommo-o|Substitute|p2a: Kommo-o
|-start|p2a: Kommo-o|Substitute
|-damage|p2a: Kommo-o|14/100
|move|p1a: Clodsire|Earthquake|p2a: Kommo-o
|-activate|p2a: Kommo-o|move: Substitute|[damage]
|
|-heal|p2a: Kommo-o|20/100|[from] item: Leftovers
|upkeep
|turn|10
|
|t:|1779564654
|move|p2a: Kommo-o|Drain Punch|p1a: Clodsire
|-supereffective|p1a: Clodsire
|-damage|p1a: Clodsire|38/100
|-heal|p2a: Kommo-o|61/100|[from] drain|[of] p1a: Clodsire
|move|p1a: Clodsire|Earthquake|p2a: Kommo-o
|-end|p2a: Kommo-o|Substitute
|
|-heal|p2a: Kommo-o|67/100|[from] item: Leftovers
|upkeep
|turn|11
|
|t:|1779564675
|move|p2a: Kommo-o|Substitute|p2a: Kommo-o
|-start|p2a: Kommo-o|Substitute
|-damage|p2a: Kommo-o|42/100
|move|p1a: Clodsire|Earthquake|p2a: Kommo-o
|-activate|p2a: Kommo-o|move: Substitute|[damage]
|
|-heal|p2a: Kommo-o|49/100|[from] item: Leftovers
|upkeep
|turn|12
|
|t:|1779564693
|switch|p1a: Weezing|Weezing-Galar, M, shiny|100/100
|-ability|p1a: Weezing|Neutralizing Gas
|move|p2a: Kommo-o|Clangorous Soul|p2a: Kommo-o
|-boost|p2a: Kommo-o|atk|1
|-boost|p2a: Kommo-o|def|1
|-boost|p2a: Kommo-o|spa|1
|-boost|p2a: Kommo-o|spd|1
|-boost|p2a: Kommo-o|spe|1
|-damage|p2a: Kommo-o|16/100
|
|-heal|p2a: Kommo-o|22/100|[from] item: Leftovers
|upkeep
|turn|13
|
|t:|1779564703
|move|p2a: Kommo-o|Shadow Claw|p1a: Weezing
|-damage|p1a: Weezing|75/100
|move|p1a: Weezing|Sludge Bomb|p2a: Kommo-o
|-end|p2a: Kommo-o|Substitute
|
|-heal|p2a: Kommo-o|28/100|[from] item: Leftovers
|upkeep
|turn|14
|
|t:|1779564719
|-terastallize|p2a: Kommo-o|Ghost
|move|p2a: Kommo-o|Shadow Claw|p1a: Weezing
|-damage|p1a: Weezing|42/100
|move|p1a: Weezing|Sludge Bomb|p2a: Kommo-o
|-resisted|p2a: Kommo-o
|-damage|p2a: Kommo-o|22/100
|
|-heal|p2a: Kommo-o|28/100|[from] item: Leftovers
|upkeep
|turn|15
|inactive|Iron Fist286 has 120 seconds left.
|
|t:|1779564762
|-end|p1a: Weezing|ability: Neutralizing Gas
|switch|p1a: Alomomola|Alomomola, M, shiny|100/100
|move|p2a: Kommo-o|Substitute|p2a: Kommo-o
|-start|p2a: Kommo-o|Substitute
|-damage|p2a: Kommo-o|3/100
|
|-heal|p2a: Kommo-o|10/100|[from] item: Leftovers
|upkeep
|turn|16
|
|t:|1779564767
|move|p2a: Kommo-o|Drain Punch|p1a: Alomomola
|-damage|p1a: Alomomola|59/100
|-heal|p2a: Kommo-o|41/100|[from] drain|[of] p1a: Alomomola
|move|p1a: Alomomola|Play Rough|p2a: Kommo-o|[miss]
|-miss|p1a: Alomomola|p2a: Kommo-o
|
|-heal|p2a: Kommo-o|47/100|[from] item: Leftovers
|upkeep
|turn|17
|
|t:|1779564775
|move|p2a: Kommo-o|Drain Punch|p1a: Alomomola
|-damage|p1a: Alomomola|12/100
|-heal|p2a: Kommo-o|83/100|[from] drain|[of] p1a: Alomomola
|move|p1a: Alomomola|Play Rough|p2a: Kommo-o
|-activate|p2a: Kommo-o|move: Substitute|[damage]
|
|-heal|p2a: Kommo-o|89/100|[from] item: Leftovers
|upkeep
|turn|18
|
|t:|1779564782
|move|p2a: Kommo-o|Drain Punch|p1a: Alomomola
|-damage|p1a: Alomomola|0 fnt
|-heal|p2a: Kommo-o|98/100|[from] drain|[of] p1a: Alomomola
|faint|p1a: Alomomola
|
|-heal|p2a: Kommo-o|100/100|[from] item: Leftovers
|upkeep
|
|t:|1779564793
|switch|p1a: Clodsire|Clodsire, M, shiny, tera:Steel|38/100
|turn|19
|
|t:|1779564805
|move|p2a: Kommo-o|Clangorous Soul|p2a: Kommo-o
|-boost|p2a: Kommo-o|atk|1
|-boost|p2a: Kommo-o|def|1
|-boost|p2a: Kommo-o|spa|1
|-boost|p2a: Kommo-o|spd|1
|-boost|p2a: Kommo-o|spe|1
|-damage|p2a: Kommo-o|68/100
|move|p1a: Clodsire|Recover|p1a: Clodsire
|-heal|p1a: Clodsire|88/100
|
|-heal|p2a: Kommo-o|74/100|[from] item: Leftovers
|upkeep
|turn|20
|
|t:|1779564811
|move|p2a: Kommo-o|Clangorous Soul|p2a: Kommo-o
|-boost|p2a: Kommo-o|atk|1
|-boost|p2a: Kommo-o|def|1
|-boost|p2a: Kommo-o|spa|1
|-boost|p2a: Kommo-o|spd|1
|-boost|p2a: Kommo-o|spe|1
|-damage|p2a: Kommo-o|41/100
|move|p1a: Clodsire|Earthquake|p2a: Kommo-o
|-end|p2a: Kommo-o|Substitute
|
|-heal|p2a: Kommo-o|47/100|[from] item: Leftovers
|upkeep
|turn|21
|
|t:|1779564818
|move|p2a: Kommo-o|Substitute|p2a: Kommo-o
|-start|p2a: Kommo-o|Substitute
|-damage|p2a: Kommo-o|22/100
|move|p1a: Clodsire|Earthquake|p2a: Kommo-o
|-activate|p2a: Kommo-o|move: Substitute|[damage]
|
|-heal|p2a: Kommo-o|28/100|[from] item: Leftovers
|upkeep
|turn|22
|
|t:|1779564823
|move|p2a: Kommo-o|Drain Punch|p1a: Clodsire
|-supereffective|p1a: Clodsire
|-damage|p1a: Clodsire|21/100
|-heal|p2a: Kommo-o|73/100|[from] drain|[of] p1a: Clodsire
|move|p1a: Clodsire|Earthquake|p2a: Kommo-o
|-end|p2a: Kommo-o|Substitute
|
|-heal|p2a: Kommo-o|79/100|[from] item: Leftovers
|upkeep
|turn|23
|
|t:|1779564830
|move|p2a: Kommo-o|Substitute|p2a: Kommo-o
|-start|p2a: Kommo-o|Substitute
|-damage|p2a: Kommo-o|54/100
|move|p1a: Clodsire|Toxic||[still]
|-fail|p1a: Clodsire
|
|-heal|p2a: Kommo-o|60/100|[from] item: Leftovers
|upkeep
|turn|24
|
|t:|1779564832
|move|p2a: Kommo-o|Drain Punch|p1a: Clodsire
|-supereffective|p1a: Clodsire
|-damage|p1a: Clodsire|0 fnt
|-heal|p2a: Kommo-o|74/100|[from] drain|[of] p1a: Clodsire
|faint|p1a: Clodsire
|
|-heal|p2a: Kommo-o|80/100|[from] item: Leftovers
|upkeep
|
|t:|1779564839
|switch|p1a: Ogerpon|Ogerpon, F|100/100
|turn|25
|
|t:|1779564843
|move|p2a: Kommo-o|Drain Punch|p1a: Ogerpon
|-damage|p1a: Ogerpon|0 fnt
|-heal|p2a: Kommo-o|100/100|[from] drain|[of] p1a: Ogerpon
|faint|p1a: Ogerpon
|
|upkeep
|c|☆Iron Fist286|gg
|c|☆lokixenjoyer738|gg
|c|☆Iron Fist286|tera ghost fucked me lol
|-message|Iron Fist286 forfeited.
|
|win|lokixenjoyer738
|raw|Iron Fist286's rating: 1351 &rarr; <strong>1329</strong><br />(-22 for losing)
|raw|lokixenjoyer738's rating: 1323 &rarr; <strong>1345</strong><br />(+22 for winning)
