|j|☆my 100lb pug
|j|☆Dariokemontraining
|t:|1779562268
|gametype|singles
|player|p1|my 100lb pug|101|1593
|player|p2|Dariokemontraining|2|1584
|gen|9
|tier|[Gen 9] OU
|rated|
|rule|HP Percentage Mod: HP is shown in percentages
|rule|Endless Battle Clause: Forcing endless battles is banned
|rule|Species Clause: Limit one of each Pokémon
|rule|OHKO Clause: OHKO moves are banned
|rule|Evasion Items Clause: Evasion items are banned
|rule|Evasion Moves Clause: Evasion moves are banned
|rule|Evasion Abilities Clause: Evasion abilities are banned
|rule|Sleep Moves Clause: Sleep-inducing moves are banned
|clearpoke
|poke|p1|Darkrai|
|poke|p1|Raging Bolt|
|poke|p1|Samurott-Hisui, F|
|poke|p1|Hatterene, F|
|poke|p1|Great Tusk|
|poke|p1|Kyurem|
|poke|p2|Darkrai|
|poke|p2|Iron Treads|
|poke|p2|Latias, F|
|poke|p2|Kyurem|
|poke|p2|Dragapult, F|
|poke|p2|Kingambit, F|
|teampreview
|
|t:|1779562282
|teamsize|p1|6
|teamsize|p2|6
|start
|switch|p1a: Samurott|Samurott-Hisui, F|100/100
|switch|p2a: Kingambit|Kingambit, F|100/100
|turn|1
|
|t:|1779562288
|move|p1a: Samurott|Sacred Sword|p2a: Kingambit
|-supereffective|p2a: Kingambit
|-damage|p2a: Kingambit|0 fnt
|faint|p2a: Kingambit
|-end|p2a: Kingambit|fallenundefined|[silent]
|
|upkeep
|
|t:|1779562293
|switch|p2a: Dragapult|Dragapult, F|100/100
|turn|2
|
|t:|1779562300
|switch|p1a: Hatterene|Hatterene, F|100/100
|move|p2a: Dragapult|Reflect|p2a: Dragapult
|-sidestart|p2: Dariokemontraining|Reflect
|
|upkeep
|turn|3
|
|t:|1779562305
|move|p2a: Dragapult|Light Screen|p2a: Dragapult
|-sidestart|p2: Dariokemontraining|move: Light Screen
|move|p1a: Hatterene|Nuzzle|p2a: Dragapult
|-resisted|p2a: Dragapult
|-damage|p2a: Dragapult|99/100
|-status|p2a: Dragapult|par
|
|upkeep
|turn|4
|
|t:|1779562314
|cant|p2a: Dragapult|par
|move|p1a: Hatterene|Psychic Noise|p2a: Dragapult
|-damage|p2a: Dragapult|68/100 par
|-start|p2a: Dragapult|move: Heal Block
|
|upkeep
|turn|5
|
|t:|1779562321
|move|p2a: Dragapult|Hex|p1a: Hatterene
|-supereffective|p1a: Hatterene
|-damage|p1a: Hatterene|64/100
|move|p1a: Hatterene|Draining Kiss|p2a: Dragapult
|-supereffective|p2a: Dragapult
|-damage|p2a: Dragapult|29/100 par
|-heal|p1a: Hatterene|93/100|[from] drain|[of] p2a: Dragapult
|
|-end|p2a: Dragapult|move: Heal Block
|upkeep
|turn|6
|
|t:|1779562331
|switch|p1a: Samurott|Samurott-Hisui, F|100/100
|move|p2a: Dragapult|Hex|p1a: Samurott
|-resisted|p1a: Samurott
|-damage|p1a: Samurott|80/100
|
|upkeep
|turn|7
|
|t:|1779562338
|move|p1a: Samurott|Ceaseless Edge|p2a: Dragapult
|-supereffective|p2a: Dragapult
|-damage|p2a: Dragapult|0 fnt
|-sidestart|p2: Dariokemontraining|Spikes
|faint|p2a: Dragapult
|
|upkeep
|
|t:|1779562345
|switch|p2a: Clutch|Latias, F, shiny|100/100
|turn|8
|
|t:|1779562350
|move|p1a: Samurott|Ceaseless Edge|p2a: Clutch
|-supereffective|p2a: Clutch
|-damage|p2a: Clutch|68/100
|-enditem|p2a: Clutch|Weakness Policy
|-boost|p2a: Clutch|atk|2|[from] item: Weakness Policy
|-boost|p2a: Clutch|spa|2|[from] item: Weakness Policy
|-sidestart|p2: Dariokemontraining|Spikes
|move|p2a: Clutch|Agility|p2a: Clutch
|-boost|p2a: Clutch|spe|2
|
|upkeep
|turn|9
|
|t:|1779562362
|move|p2a: Clutch|Draining Kiss|p1a: Samurott
|-supereffective|p1a: Samurott
|-crit|p1a: Samurott
|-damage|p1a: Samurott|0 fnt
|-heal|p2a: Clutch|100/100|[from] drain|[of] p1a: Samurott
|faint|p1a: Samurott
|
|-sideend|p2: Dariokemontraining|Reflect
|upkeep
|
|t:|1779562373
|switch|p1a: Hatterene|Hatterene, F|93/100
|turn|10
|
|t:|1779562379
|-terastallize|p2a: Clutch|Poison
|move|p2a: Clutch|Calm Mind|p2a: Clutch
|-boost|p2a: Clutch|spa|1
|-boost|p2a: Clutch|spd|1
|move|p1a: Hatterene|Nuzzle|p2a: Clutch
|-damage|p2a: Clutch|98/100
|-status|p2a: Clutch|par
|
|-sideend|p2: Dariokemontraining|move: Light Screen
|upkeep
|turn|11
|
|t:|1779562390
|move|p2a: Clutch|Calm Mind|p2a: Clutch
|-boost|p2a: Clutch|spa|1
|-boost|p2a: Clutch|spd|1
|move|p1a: Hatterene|Psychic Noise|p2a: Clutch
|-supereffective|p2a: Clutch
|-damage|p2a: Clutch|64/100 par
|-start|p2a: Clutch|move: Heal Block
|
|upkeep
|turn|12
|
|t:|1779562399
|move|p2a: Clutch|Stored Power|p1a: Hatterene
|-resisted|p1a: Hatterene
|-damage|p1a: Hatterene|8/100
|move|p1a: Hatterene|Psychic Noise|p2a: Clutch
|-supereffective|p2a: Clutch
|-damage|p2a: Clutch|29/100 par
|
|-end|p2a: Clutch|move: Heal Block
|upkeep
|turn|13
|
|t:|1779562409
|move|p2a: Clutch|Draining Kiss|p1a: Hatterene
|-damage|p1a: Hatterene|0 fnt
|-heal|p2a: Clutch|34/100 par|[from] drain|[of] p1a: Hatterene
|faint|p1a: Hatterene
|
|upkeep
|
|t:|1779562424
|switch|p1a: Kyurem|Kyurem|100/100
|-ability|p1a: Kyurem|Pressure
|turn|14
|
|t:|1779562431
|move|p1a: Kyurem|Icicle Spear|p2a: Clutch
|-crit|p2a: Clutch
|-damage|p2a: Clutch|20/100 par
|-damage|p2a: Clutch|10/100 par
|-damage|p2a: Clutch|1/100 par
|-damage|p2a: Clutch|0 fnt
|faint|p2a: Clutch
|-hitcount|p2: Clutch|4
|
|upkeep
|
|t:|1779562440
|switch|p2a: Iron Treads|Iron Treads, shiny|100/100
|-damage|p2a: Iron Treads|84/100|[from] Spikes
|-enditem|p2a: Iron Treads|Booster Energy
|-activate|p2a: Iron Treads|ability: Quark Drive|[fromitem]
|-start|p2a: Iron Treads|quarkdrivespe
|turn|15
|
|t:|1779562449
|move|p2a: Iron Treads|Rapid Spin|p1a: Kyurem
|-damage|p1a: Kyurem|86/100
|-boost|p2a: Iron Treads|spe|1
|-sideend|p2: Dariokemontraining|Spikes|[from] move: Rapid Spin|[of] p2a: Iron Treads
|move|p1a: Kyurem|Dragon Dance|p1a: Kyurem
|-boost|p1a: Kyurem|atk|1
|-boost|p1a: Kyurem|spe|1
|
|upkeep
|turn|16
|
|t:|1779562457
|move|p2a: Iron Treads|Earthquake|p1a: Kyurem
|-damage|p1a: Kyurem|40/100
|move|p1a: Kyurem|Icicle Spear|p2a: Iron Treads
|-damage|p2a: Iron Treads|67/100
|-damage|p2a: Iron Treads|50/100
|-damage|p2a: Iron Treads|34/100
|-damage|p2a: Iron Treads|17/100
|-damage|p2a: Iron Treads|0 fnt
|faint|p2a: Iron Treads
|-end|p2a: Iron Treads|Quark Drive|[silent]
|-hitcount|p2: Iron Treads|5
|
|upkeep
|
|t:|1779562471
|switch|p2a: Freeza|Kyurem|100/100
|-ability|p2a: Freeza|Pressure
|turn|17
|
|t:|1779562476
|move|p1a: Kyurem|Scale Shot|p2a: Freeza
|-supereffective|p2a: Freeza
|-damage|p2a: Freeza|64/100
|-supereffective|p2a: Freeza
|-crit|p2a: Freeza
|-damage|p2a: Freeza|6/100
|-supereffective|p2a: Freeza
|-damage|p2a: Freeza|0 fnt
|faint|p2a: Freeza
|-hitcount|p2: Freeza|3
|-unboost|p1a: Kyurem|def|1
|-boost|p1a: Kyurem|spe|1
|
|upkeep
|
|t:|1779562487
|switch|p2a: Darkrai|Darkrai|100/100
|turn|18
|
|t:|1779562491
|move|p1a: Kyurem|Icicle Spear|p2a: Darkrai
|-damage|p2a: Darkrai|72/100
|-damage|p2a: Darkrai|48/100
|-damage|p2a: Darkrai|22/100
|-damage|p2a: Darkrai|0 fnt
|faint|p2a: Darkrai
|-hitcount|p2: Darkrai|4
|
|win|my 100lb pug
|raw|my 100lb pug's rating: 1593 &rarr; <strong>1612</strong><br />(+19 for winning)
|raw|Dariokemontraining's rating: 1584 &rarr; <strong>1565</strong><br />(-19 for losing)
|l|☆Dariokemontraining
|player|p2|
|l|☆my 100lb pug
|player|p1|
