|j|☆Turtle Flute
|j|☆saihtamaztik
|t:|1779720039
|gametype|singles
|player|p1|Turtle Flute|170|1127
|player|p2|saihtamaztik|ingo|1185
|gen|9
|tier|[Gen 9] OU
|rated|
|rule|HP Percentage Mod: HP is shown in percentages
|rule|Endless Battle Clause: Forcing endless battles is banned
|rule|Species Clause: Limit one of each Pokémon
|rule|OHKO Clause: OHKO moves are banned
|rule|Evasion Items Clause: Evasion items are banned
|rule|Evasion Moves Clause: Evasion moves are banned
|rule|Evasion Abilities Clause: Evasion abilities are banned
|rule|Sleep Moves Clause: Sleep-inducing moves are banned
|clearpoke
|poke|p1|Hatterene, F|
|poke|p1|Porygon2|
|poke|p1|Cresselia, F|
|poke|p1|Iron Hands|
|poke|p1|Ursaluna, M|
|poke|p1|Enamorus-Therian, F|
|poke|p2|Hatterene, F|
|poke|p2|Ursaluna, M|
|poke|p2|Iron Hands|
|poke|p2|Samurott-Hisui, F|
|poke|p2|Sinistcha|
|poke|p2|Corviknight, F|
|teampreview
|inactive|Battle timer is ON: inactive players will automatically lose when time's up. (requested by Turtle Flute)
|
|t:|1779720070
|teamsize|p1|6
|teamsize|p2|6
|start
|switch|p1a: Hatterene|Hatterene, F, shiny|100/100
|switch|p2a: Ursaluna|Ursaluna, M|100/100
|turn|1
|
|t:|1779720093
|move|p2a: Ursaluna|Ice Punch|p1a: Hatterene
|-damage|p1a: Hatterene|68/100
|move|p1a: Hatterene|Trick Room|p1a: Hatterene
|-fieldstart|move: Trick Room|[of] p1a: Hatterene
|
|-status|p2a: Ursaluna|brn|[from] item: Flame Orb
|upkeep
|turn|2
|
|t:|1779720100
|move|p1a: Hatterene|Dazzling Gleam|p2a: Ursaluna
|-damage|p2a: Ursaluna|61/100 brn
|move|p2a: Ursaluna|Facade|p1a: Hatterene
|-damage|p1a: Hatterene|0 fnt
|faint|p1a: Hatterene
|
|-damage|p2a: Ursaluna|55/100 brn|[from] brn
|upkeep
|
|t:|1779720123
|switch|p1a: Enamorus|Enamorus-Therian, F|100/100
|turn|3
|
|t:|1779720130
|move|p2a: Ursaluna|Protect|p2a: Ursaluna
|-singleturn|p2a: Ursaluna|Protect
|move|p1a: Enamorus|Moonblast|p2a: Ursaluna
|-activate|p2a: Ursaluna|move: Protect
|
|-damage|p2a: Ursaluna|49/100 brn|[from] brn
|upkeep
|turn|4
|
|t:|1779720145
|switch|p2a: Corviknight|Corviknight, F|100/100
|-ability|p2a: Corviknight|Pressure
|-terastallize|p1a: Enamorus|Fairy
|move|p1a: Enamorus|Moonblast|p2a: Corviknight
|-resisted|p2a: Corviknight
|-damage|p2a: Corviknight|47/100
|
|-heal|p2a: Corviknight|53/100|[from] item: Leftovers
|upkeep
|turn|5
|
|t:|1779720156
|move|p1a: Enamorus|Moonblast|p2a: Corviknight
|-resisted|p2a: Corviknight
|-damage|p2a: Corviknight|3/100
|-unboost|p2a: Corviknight|spa|1
|move|p2a: Corviknight|Roost|p2a: Corviknight
|-heal|p2a: Corviknight|53/100
|-singleturn|p2a: Corviknight|move: Roost
|
|-heal|p2a: Corviknight|59/100|[from] item: Leftovers
|-fieldend|move: Trick Room
|upkeep
|turn|6
|
|t:|1779720169
|move|p2a: Corviknight|Brave Bird|p1a: Enamorus
|-damage|p1a: Enamorus|70/100
|-damage|p2a: Corviknight|50/100|[from] Recoil
|move|p1a: Enamorus|Moonblast|p2a: Corviknight
|-resisted|p2a: Corviknight
|-damage|p2a: Corviknight|0 fnt
|faint|p2a: Corviknight
|
|upkeep
|
|t:|1779720174
|switch|p2a: Ursaluna|Ursaluna, M|49/100 brn
|turn|7
|
|t:|1779720181
|switch|p1a: Cresselia|Cresselia, F, shiny|100/100
|move|p2a: Ursaluna|Facade|p1a: Cresselia
|-damage|p1a: Cresselia|33/100
|
|-damage|p2a: Ursaluna|43/100 brn|[from] brn
|upkeep
|turn|8
|
|t:|1779720195
|move|p1a: Cresselia|Lunar Dance|p1a: Cresselia
|faint|p1a: Cresselia
|move|p2a: Ursaluna|Facade|p1: Cresselia|[notarget]
|-fail|p2a: Ursaluna
|
|-damage|p2a: Ursaluna|37/100 brn|[from] brn
|upkeep
|
|t:|1779720200
|switch|p1a: Ursaluna|Ursaluna, M|100/100
|turn|9
|
|t:|1779720210
|move|p1a: Ursaluna|Headlong Rush|p2a: Ursaluna
|-damage|p2a: Ursaluna|0 fnt
|-unboost|p1a: Ursaluna|def|1
|-unboost|p1a: Ursaluna|spd|1
|faint|p2a: Ursaluna
|
|-status|p1a: Ursaluna|brn|[from] item: Flame Orb
|upkeep
|
|t:|1779720223
|switch|p2a: Sinistcha|Sinistcha|100/100
|turn|10
|
|t:|1779720244
|switch|p1a: Enamorus|Enamorus-Therian, F, tera:Fairy|70/100
|-heal|p1a: Enamorus|100/100|[from] move: Lunar Dance
|move|p2a: Sinistcha|Matcha Gotcha|p1a: Enamorus
|-damage|p1a: Enamorus|56/100
|-damage|p2a: Sinistcha|91/100|[from] item: Life Orb
|
|upkeep
|turn|11
|
|t:|1779720259
|move|p2a: Sinistcha|Matcha Gotcha|p1a: Enamorus
|-damage|p1a: Enamorus|14/100
|-heal|p2a: Sinistcha|100/100|[from] drain|[of] p1a: Enamorus
|-damage|p2a: Sinistcha|91/100|[from] item: Life Orb
|move|p1a: Enamorus|Moonblast|p2a: Sinistcha
|-damage|p2a: Sinistcha|0 fnt
|faint|p2a: Sinistcha
|
|upkeep
|
|t:|1779720268
|switch|p2a: Samurott|Samurott-Hisui, F|100/100
|turn|12
|
|t:|1779720282
|switch|p1a: Iron Hands|Iron Hands|100/100
|-enditem|p1a: Iron Hands|Booster Energy
|-activate|p1a: Iron Hands|ability: Quark Drive|[fromitem]
|-start|p1a: Iron Hands|quarkdriveatk
|move|p2a: Samurott|Ceaseless Edge|p1a: Iron Hands
|-resisted|p1a: Iron Hands
|-damage|p1a: Iron Hands|87/100
|-sidestart|p1: Turtle Flute|Spikes
|
|upkeep
|turn|13
|
|t:|1779720295
|switch|p2a: Hatterene|Hatterene, F|100/100
|move|p1a: Iron Hands|Swords Dance|p1a: Iron Hands
|-boost|p1a: Iron Hands|atk|2
|
|upkeep
|turn|14
|
|t:|1779720303
|move|p1a: Iron Hands|Wild Charge|p2a: Hatterene
|-damage|p2a: Hatterene|0 fnt
|-damage|p1a: Iron Hands|70/100|[from] item: Rocky Helmet|[of] p2a: Hatterene
|faint|p2a: Hatterene
|-damage|p1a: Iron Hands|55/100|[from] Recoil
|
|upkeep
|
|t:|1779720315
|switch|p2a: Samurott|Samurott-Hisui, F|100/100
|turn|15
|
|t:|1779720320
|move|p2a: Samurott|Aqua Cutter|p1a: Iron Hands
|-damage|p1a: Iron Hands|24/100
|move|p1a: Iron Hands|Drain Punch|p2a: Samurott
|-supereffective|p2a: Samurott
|-damage|p2a: Samurott|0 fnt
|-heal|p1a: Iron Hands|62/100|[from] drain|[of] p2a: Samurott
|faint|p2a: Samurott
|
|upkeep
|-message|saihtamaztik forfeited.
|
|win|Turtle Flute
|raw|Turtle Flute's rating: 1127 &rarr; <strong>1156</strong><br />(+29 for winning)
|raw|saihtamaztik's rating: 1185 &rarr; <strong>1156</strong><br />(-29 for losing)
|l|☆saihtamaztik
|player|p2|
|l|☆Turtle Flute
|player|p1|
