|j|☆aethrx
|j|☆sebasbalb
|t:|1779593084
|gametype|singles
|player|p1|aethrx|169|1455
|player|p2|sebasbalb|101|1504
|gen|9
|tier|[Gen 9] OU
|rated|
|rule|HP Percentage Mod: HP is shown in percentages
|rule|Endless Battle Clause: Forcing endless battles is banned
|rule|Species Clause: Limit one of each Pokémon
|rule|OHKO Clause: OHKO moves are banned
|rule|Evasion Items Clause: Evasion items are banned
|rule|Evasion Moves Clause: Evasion moves are banned
|rule|Evasion Abilities Clause: Evasion abilities are banned
|rule|Sleep Moves Clause: Sleep-inducing moves are banned
|clearpoke
|poke|p1|Hydrapple, F|
|poke|p1|Slowking-Galar, F|
|poke|p1|Corviknight, M|
|poke|p1|Ting-Lu|
|poke|p1|Darkrai|
|poke|p1|Cinderace, M|
|poke|p2|Pelipper, F|
|poke|p2|Goodra, F|
|poke|p2|Iron Treads|
|poke|p2|Barraskewda, F|
|poke|p2|Zapdos|
|poke|p2|Gholdengo|
|teampreview
|inactive|Battle timer is ON: inactive players will automatically lose when time's up. (requested by sebasbalb)
|inactive|aethrx has 120 seconds left.
|
|t:|1779593154
|teamsize|p1|6
|teamsize|p2|6
|start
|switch|p1a: Slowking|Slowking-Galar, F|100/100
|switch|p2a: Pelipper|Pelipper, F|100/100
|-weather|RainDance|[from] ability: Drizzle|[of] p2a: Pelipper
|turn|1
|inactive|sebasbalb has 120 seconds left.
|
|t:|1779593191
|move|p2a: Pelipper|U-turn|p1a: Slowking
|-damage|p1a: Slowking|92/100
|
|t:|1779593193
|switch|p2a: Iron Treads|Iron Treads|100/100|[from] U-turn
|-prepare|p1a: Slowking|Chilly Reception|[premajor]
|move|p1a: Slowking|Chilly Reception|p1a: Slowking
|-weather|Snowscape
|inactive|aethrx has 120 seconds left.
|
|t:|1779593233
|switch|p1a: Hydrapple|Hydrapple, F|100/100|[from] Chilly Reception
|
|-weather|Snowscape|[upkeep]
|upkeep
|turn|2
|
|t:|1779593242
|move|p2a: Iron Treads|Stealth Rock|p1a: Hydrapple
|-sidestart|p1: aethrx|move: Stealth Rock
|move|p1a: Hydrapple|Earth Power|p2a: Iron Treads
|-supereffective|p2a: Iron Treads
|-crit|p2a: Iron Treads
|-damage|p2a: Iron Treads|46/100
|
|-weather|Snowscape|[upkeep]
|-heal|p2a: Iron Treads|52/100|[from] item: Leftovers
|upkeep
|turn|3
|
|t:|1779593250
|move|p2a: Iron Treads|Volt Switch|p1a: Hydrapple
|-resisted|p1a: Hydrapple
|-damage|p1a: Hydrapple|98/100
|
|t:|1779593253
|-end|p2a: Iron Treads|Quark Drive|[silent]
|switch|p2a: Pelipper|Pelipper, F|100/100|[from] Volt Switch
|-weather|RainDance|[from] ability: Drizzle|[of] p2a: Pelipper
|move|p1a: Hydrapple|Nasty Plot|p1a: Hydrapple
|-boost|p1a: Hydrapple|spa|2
|
|-weather|RainDance|[upkeep]
|upkeep
|turn|4
|
|t:|1779593278
|switch|p1a: Corviknight|Corviknight, M|100/100
|-damage|p1a: Corviknight|88/100|[from] Stealth Rock
|-ability|p1a: Corviknight|Pressure
|move|p2a: Pelipper|U-turn|p1a: Corviknight
|-resisted|p1a: Corviknight
|-damage|p1a: Corviknight|87/100
|-damage|p2a: Pelipper|84/100|[from] item: Rocky Helmet|[of] p1a: Corviknight
|
|t:|1779593288
|switch|p2a: Zapdos|Zapdos|100/100|[from] U-turn
|
|-weather|RainDance|[upkeep]
|upkeep
|turn|5
|
|t:|1779593297
|switch|p1a: Ting-Lu|Ting-Lu|100/100
|-damage|p1a: Ting-Lu|94/100|[from] Stealth Rock
|-ability|p1a: Ting-Lu|Vessel of Ruin
|move|p2a: Zapdos|Weather Ball|p1a: Ting-Lu
|-supereffective|p1a: Ting-Lu
|-damage|p1a: Ting-Lu|0 fnt
|faint|p1a: Ting-Lu
|
|-weather|RainDance|[upkeep]
|upkeep
|
|t:|1779593307
|switch|p1a: Hydrapple|Hydrapple, F|100/100
|turn|6
|
|t:|1779593320
|switch|p2a: Iron Treads|Iron Treads|52/100
|-terastallize|p1a: Hydrapple|Steel
|move|p1a: Hydrapple|Nasty Plot|p1a: Hydrapple
|-boost|p1a: Hydrapple|spa|2
|
|-weather|RainDance|[upkeep]
|-heal|p2a: Iron Treads|58/100|[from] item: Leftovers
|upkeep
|turn|7
|
|t:|1779593331
|move|p2a: Iron Treads|Earthquake|p1a: Hydrapple
|-supereffective|p1a: Hydrapple
|-damage|p1a: Hydrapple|61/100
|move|p1a: Hydrapple|Giga Drain|p2a: Iron Treads
|-damage|p2a: Iron Treads|14/100
|-heal|p1a: Hydrapple|82/100|[from] drain|[of] p2a: Iron Treads
|
|-weather|RainDance|[upkeep]
|-heal|p2a: Iron Treads|20/100|[from] item: Leftovers
|upkeep
|turn|8
|
|t:|1779593336
|move|p2a: Iron Treads|Earthquake|p1a: Hydrapple
|-supereffective|p1a: Hydrapple
|-damage|p1a: Hydrapple|42/100
|move|p1a: Hydrapple|Giga Drain|p2a: Iron Treads
|-damage|p2a: Iron Treads|0 fnt
|-heal|p1a: Hydrapple|51/100|[from] drain|[of] p2a: Iron Treads
|faint|p2a: Iron Treads
|-end|p2a: Iron Treads|Quark Drive|[silent]
|
|-weather|RainDance|[upkeep]
|upkeep
|
|t:|1779593345
|switch|p2a: Barraskewda|Barraskewda, F|100/100
|turn|9
|
|t:|1779593353
|switch|p1a: Slowking|Slowking-Galar, F|100/100
|-terastallize|p2a: Barraskewda|Water
|move|p2a: Barraskewda|Flip Turn|p1a: Slowking
|-damage|p1a: Slowking|0 fnt
|faint|p1a: Slowking
|
|t:|1779593359
|switch|p2a: Zapdos|Zapdos|100/100|[from] Flip Turn
|
|-weather|RainDance|[upkeep]
|upkeep
|
|t:|1779593363
|switch|p1a: Darkrai|Darkrai|100/100
|-damage|p1a: Darkrai|88/100|[from] Stealth Rock
|turn|10
|
|t:|1779593371
|move|p1a: Darkrai|Ice Beam|p2a: Zapdos
|-supereffective|p2a: Zapdos
|-damage|p2a: Zapdos|13/100
|move|p2a: Zapdos|Thunder|p1a: Darkrai
|-damage|p1a: Darkrai|0 fnt
|faint|p1a: Darkrai
|
|-weather|none
|upkeep
|inactive|aethrx has 120 seconds left.
|
|t:|1779593418
|switch|p1a: Cinderace|Cinderace, M|100/100
|turn|11
|
|t:|1779593422
|switch|p2a: Pelipper|Pelipper, F|84/100
|-weather|RainDance|[from] ability: Drizzle|[of] p2a: Pelipper
|move|p1a: Cinderace|Pyro Ball|p2a: Pelipper|[miss]
|-miss|p1a: Cinderace|p2a: Pelipper
|
|-weather|RainDance|[upkeep]
|upkeep
|turn|12
|
|t:|1779593428
|move|p1a: Cinderace|Sucker Punch|p2a: Pelipper
|-start|p1a: Cinderace|typechange|Dark|[from] ability: Libero
|-damage|p2a: Pelipper|61/100
|move|p2a: Pelipper|U-turn|p1a: Cinderace
|-supereffective|p1a: Cinderace
|-damage|p1a: Cinderace|73/100
|
|t:|1779593437
|switch|p2a: Barraskewda|Barraskewda, F, tera:Water|100/100|[from] U-turn
|
|-weather|RainDance|[upkeep]
|upkeep
|turn|13
|
|t:|1779593441
|move|p2a: Barraskewda|Aqua Jet|p1a: Cinderace
|-damage|p1a: Cinderace|0 fnt
|faint|p1a: Cinderace
|
|-weather|RainDance|[upkeep]
|upkeep
|
|t:|1779593443
|switch|p1a: Hydrapple|Hydrapple, F, tera:Steel|85/100
|turn|14
|
|t:|1779593449
|switch|p2a: Zapdos|Zapdos|13/100
|move|p1a: Hydrapple|Giga Drain|p2a: Zapdos
|-resisted|p2a: Zapdos
|-damage|p2a: Zapdos|0 fnt
|-heal|p1a: Hydrapple|90/100|[from] drain|[of] p2a: Zapdos
|faint|p2a: Zapdos
|
|-weather|RainDance|[upkeep]
|upkeep
|
|t:|1779593455
|switch|p2a: Barraskewda|Barraskewda, F, tera:Water|100/100
|turn|15
|
|t:|1779593458
|move|p2a: Barraskewda|Flip Turn|p1a: Hydrapple
|-damage|p1a: Hydrapple|32/100
|
|t:|1779593461
|switch|p2a: Goodra|Goodra, F|100/100|[from] Flip Turn
|move|p1a: Hydrapple|Giga Drain|p2a: Goodra
|-resisted|p2a: Goodra
|-damage|p2a: Goodra|91/100
|-heal|p1a: Hydrapple|37/100|[from] drain|[of] p2a: Goodra
|
|-weather|RainDance|[upkeep]
|-heal|p2a: Goodra|97/100|[from] item: Leftovers
|upkeep
|turn|16
|
|t:|1779593466
|switch|p1a: Corviknight|Corviknight, M|87/100
|-damage|p1a: Corviknight|74/100|[from] Stealth Rock
|-ability|p1a: Corviknight|Pressure
|move|p2a: Goodra|Surf|p1a: Corviknight
|-crit|p1a: Corviknight
|-damage|p1a: Corviknight|2/100
|
|-weather|RainDance|[upkeep]
|-heal|p2a: Goodra|100/100|[from] item: Leftovers
|upkeep
|turn|17
|
|t:|1779593470
|switch|p1a: Hydrapple|Hydrapple, F, tera:Steel|70/100
|move|p2a: Goodra|Surf|p1a: Hydrapple
|-damage|p1a: Hydrapple|26/100
|
|-weather|RainDance|[upkeep]
|upkeep
|turn|18
|
|t:|1779593475
|switch|p1a: Corviknight|Corviknight, M|2/100
|-damage|p1a: Corviknight|0 fnt|[from] Stealth Rock
|faint|p1a: Corviknight
|move|p2a: Goodra|Surf|p1: Corviknight|[notarget]
|-fail|p2a: Goodra
|
|-weather|none
|upkeep
|-message|aethrx forfeited.
|
|win|sebasbalb
|raw|aethrx's rating: 1455 &rarr; <strong>1438</strong><br />(-17 for losing)
|raw|sebasbalb's rating: 1504 &rarr; <strong>1521</strong><br />(+17 for winning)
|l|☆aethrx
|player|p1|
|l|☆sebasbalb
|player|p2|
