|badge|p2|bronze|gen9ou|100-9
|badge|p2|bronze|gen9randombattle|100-9
|uhtml|medal-msg|<div class="broadcast-blue">Curious what those medals under the avatar are? PS now has Ladder Seasons! For more information, check out the <a href="https://www.smogon.com/forums/threads/3740067/">thread on Smogon.</a></div>
|j|☆whisperingcloth
|j|☆portobellomushroom
|t:|1779684986
|gametype|singles
|player|p1|whisperingcloth|169|1653
|player|p2|portobellomushroom|turo-ai|1814
|gen|9
|tier|[Gen 9] OU
|rated|
|rule|HP Percentage Mod: HP is shown in percentages
|rule|Endless Battle Clause: Forcing endless battles is banned
|rule|Species Clause: Limit one of each Pokémon
|rule|OHKO Clause: OHKO moves are banned
|rule|Evasion Items Clause: Evasion items are banned
|rule|Evasion Moves Clause: Evasion moves are banned
|rule|Evasion Abilities Clause: Evasion abilities are banned
|rule|Sleep Moves Clause: Sleep-inducing moves are banned
|clearpoke
|poke|p1|Scizor, M|
|poke|p1|Deoxys-Speed|
|poke|p1|Garganacl, M|
|poke|p1|Kyurem|
|poke|p1|Great Tusk|
|poke|p1|Zapdos|
|poke|p2|Glimmora, F|
|poke|p2|Polteageist|
|poke|p2|Deoxys-Speed|
|poke|p2|Great Tusk|
|poke|p2|Dragonite, M|
|poke|p2|Iron Valiant|
|teampreview
|inactive|Battle timer is ON: inactive players will automatically lose when time's up. (requested by portobellomushroom)
|inactive|whisperingcloth also wants the timer to be on.
|
|t:|1779685015
|teamsize|p1|6
|teamsize|p2|6
|start
|switch|p1a: Deoxys|Deoxys-Speed|100/100
|switch|p2a: glim glam|Glimmora, F|100/100
|-ability|p1a: Deoxys|Pressure
|turn|1
|
|t:|1779685019
|move|p1a: Deoxys|Psycho Boost|p2a: glim glam
|-supereffective|p2a: glim glam
|-enditem|p2a: glim glam|Focus Sash
|-damage|p2a: glim glam|1/100
|-unboost|p1a: Deoxys|spa|2
|-enditem|p1a: Deoxys|Eject Pack
|
|t:|1779685023
|switch|p1a: Great Tusk|Great Tusk|100/100
|move|p2a: glim glam|Mortal Spin|p1a: Great Tusk
|-resisted|p1a: Great Tusk
|-damage|p1a: Great Tusk|98/100
|-status|p1a: Great Tusk|psn
|
|-damage|p1a: Great Tusk|86/100 psn|[from] psn
|upkeep
|turn|2
|
|t:|1779685028
|switch|p2a: drank|Polteageist|100/100
|move|p1a: Great Tusk|Knock Off|p2a: drank
|-supereffective|p2a: drank
|-enditem|p2a: drank|Focus Sash
|-damage|p2a: drank|1/100
|-ability|p2a: drank|Weak Armor|boost
|-unboost|p2a: drank|def|1
|-boost|p2a: drank|spe|2
|
|-damage|p1a: Great Tusk|74/100 psn|[from] psn
|upkeep
|turn|3
|
|t:|1779685038
|-end|p1a: Great Tusk|Protosynthesis|[silent]
|switch|p1a: Scizor|Scizor, M|100/100
|move|p2a: drank|Shadow Ball|p1a: Scizor
|-damage|p1a: Scizor|30/100
|
|upkeep
|turn|4
|
|t:|1779685043
|switch|p2a: glim glam|Glimmora, F|1/100
|move|p1a: Scizor|Bullet Punch|p2a: glim glam
|-supereffective|p2a: glim glam
|-damage|p2a: glim glam|0 fnt
|-activate|p2a: glim glam|ability: Toxic Debris
|-sidestart|p1: whisperingcloth|move: Toxic Spikes
|faint|p2a: glim glam
|
|upkeep
|j| Concept Everything
|
|t:|1779685050
|switch|p2a: great donphan|Great Tusk|100/100
|-enditem|p2a: great donphan|Booster Energy
|-activate|p2a: great donphan|ability: Protosynthesis|[fromitem]
|-start|p2a: great donphan|protosynthesisspe
|turn|5
|
|t:|1779685053
|switch|p1a: Zapdos|Zapdos|100/100
|move|p2a: great donphan|Bulk Up|p2a: great donphan
|-boost|p2a: great donphan|atk|1
|-boost|p2a: great donphan|def|1
|
|upkeep
|turn|6
|
|t:|1779685056
|move|p2a: great donphan|Head Smash|p1a: Zapdos|[miss]
|-miss|p2a: great donphan|p1a: Zapdos
|move|p1a: Zapdos|Hurricane|p2a: great donphan
|-supereffective|p2a: great donphan
|-damage|p2a: great donphan|0 fnt
|faint|p2a: great donphan
|-end|p2a: great donphan|Protosynthesis|[silent]
|
|upkeep
|
|t:|1779685063
|switch|p2a: liting mcgoo|Deoxys-Speed|100/100
|-ability|p2a: liting mcgoo|Pressure
|turn|7
|
|t:|1779685082
|move|p2a: liting mcgoo|Nasty Plot|p2a: liting mcgoo
|-boost|p2a: liting mcgoo|spa|2
|move|p1a: Zapdos|Volt Switch|p2a: liting mcgoo
|-damage|p2a: liting mcgoo|58/100
|
|t:|1779685085
|switch|p1a: Scizor|Scizor, M|30/100|[from] Volt Switch
|
|upkeep
|turn|8
|
|t:|1779685093
|switch|p2a: drank|Polteageist|1/100
|move|p1a: Scizor|Bullet Punch|p2a: drank
|-damage|p2a: drank|0 fnt
|faint|p2a: drank
|
|upkeep
|
|t:|1779685099
|switch|p2a: Dnite|Dragonite, M|100/100
|turn|9
|
|t:|1779685105
|switch|p1a: Great Tusk|Great Tusk|74/100 psn
|move|p2a: Dnite|Dragon Dance|p2a: Dnite
|-boost|p2a: Dnite|atk|1
|-boost|p2a: Dnite|spe|1
|
|-damage|p1a: Great Tusk|61/100 psn|[from] psn
|upkeep
|turn|10
|
|t:|1779685110
|move|p2a: Dnite|Dragon Dance|p2a: Dnite
|-boost|p2a: Dnite|atk|1
|-boost|p2a: Dnite|spe|1
|move|p1a: Great Tusk|Ice Spinner|p2a: Dnite
|-supereffective|p2a: Dnite
|-damage|p2a: Dnite|48/100
|
|-damage|p1a: Great Tusk|49/100 psn|[from] psn
|upkeep
|turn|11
|
|t:|1779685117
|-terastallize|p2a: Dnite|Normal
|move|p2a: Dnite|Roost|p2a: Dnite
|-heal|p2a: Dnite|98/100
|move|p1a: Great Tusk|Headlong Rush|p2a: Dnite
|-damage|p2a: Dnite|34/100
|-unboost|p1a: Great Tusk|def|1
|-unboost|p1a: Great Tusk|spd|1
|
|-damage|p1a: Great Tusk|36/100 psn|[from] psn
|upkeep
|turn|12
|
|t:|1779685126
|move|p2a: Dnite|Earthquake|p1a: Great Tusk
|-damage|p1a: Great Tusk|0 fnt
|faint|p1a: Great Tusk
|-end|p1a: Great Tusk|Protosynthesis|[silent]
|
|upkeep
|
|t:|1779685135
|switch|p1a: Zapdos|Zapdos|100/100
|turn|13
|
|t:|1779685139
|move|p2a: Dnite|Roost|p2a: Dnite
|-heal|p2a: Dnite|84/100
|move|p1a: Zapdos|Thunder Wave|p2a: Dnite
|-status|p2a: Dnite|par
|
|upkeep
|turn|14
|
|t:|1779685144
|move|p1a: Zapdos|Hurricane|p2a: Dnite|[miss]
|-miss|p1a: Zapdos|p2a: Dnite
|move|p2a: Dnite|Dragon Dance|p2a: Dnite
|-boost|p2a: Dnite|atk|1
|-boost|p2a: Dnite|spe|1
|
|upkeep
|turn|15
|
|t:|1779685149
|move|p2a: Dnite|Extreme Speed|p1a: Zapdos
|-damage|p1a: Zapdos|22/100
|move|p1a: Zapdos|Hurricane|p2a: Dnite
|-damage|p2a: Dnite|41/100 par
|
|upkeep
|turn|16
|
|t:|1779685153
|move|p2a: Dnite|Extreme Speed|p1a: Zapdos
|-damage|p1a: Zapdos|0 fnt
|faint|p1a: Zapdos
|
|upkeep
|
|t:|1779685157
|switch|p1a: Kyurem|Kyurem|100/100
|-status|p1a: Kyurem|psn
|-ability|p1a: Kyurem|Pressure
|turn|17
|
|t:|1779685162
|move|p2a: Dnite|Extreme Speed|p1a: Kyurem
|-damage|p1a: Kyurem|0 fnt
|faint|p1a: Kyurem
|
|upkeep
|
|t:|1779685165
|switch|p1a: Garganacl|Garganacl, M|100/100
|turn|18
|
|t:|1779685172
|move|p2a: Dnite|Roost|p2a: Dnite
|-heal|p2a: Dnite|91/100 par
|move|p1a: Garganacl|Salt Cure|p2a: Dnite
|-damage|p2a: Dnite|78/100 par
|-start|p2a: Dnite|Salt Cure
|
|-damage|p2a: Dnite|65/100 par|[from] Salt Cure
|upkeep
|turn|19
|
|t:|1779685177
|move|p2a: Dnite|Earthquake|p1a: Garganacl
|-supereffective|p1a: Garganacl
|-damage|p1a: Garganacl|0 fnt
|faint|p1a: Garganacl
|
|-damage|p2a: Dnite|53/100 par|[from] Salt Cure
|upkeep
|
|t:|1779685179
|switch|p1a: Deoxys|Deoxys-Speed|100/100
|-status|p1a: Deoxys|psn
|-ability|p1a: Deoxys|Pressure
|turn|20
|
|t:|1779685187
|cant|p2a: Dnite|par
|move|p1a: Deoxys|Superpower|p2a: Dnite
|-supereffective|p2a: Dnite
|-damage|p2a: Dnite|0 fnt
|-unboost|p1a: Deoxys|atk|1
|-unboost|p1a: Deoxys|def|1
|faint|p2a: Dnite
|
|-damage|p1a: Deoxys|88/100 psn|[from] psn
|upkeep
|
|t:|1779685200
|switch|p2a: which set?|Iron Valiant|100/100
|-enditem|p2a: which set?|Booster Energy
|-activate|p2a: which set?|ability: Quark Drive|[fromitem]
|-start|p2a: which set?|quarkdrivespe
|turn|21
|
|t:|1779685203
|move|p2a: which set?|Knock Off|p1a: Deoxys
|-supereffective|p1a: Deoxys
|-damage|p1a: Deoxys|0 fnt
|faint|p1a: Deoxys
|
|upkeep
|
|t:|1779685205
|switch|p1a: Scizor|Scizor, M|30/100
|turn|22
|
|t:|1779685208
|-terastallize|p1a: Scizor|Steel
|move|p1a: Scizor|Bullet Punch|p2a: which set?
|-supereffective|p2a: which set?
|-damage|p2a: which set?|0 fnt
|faint|p2a: which set?
|-end|p2a: which set?|Quark Drive|[silent]
|
|upkeep
|
|t:|1779685210
|switch|p2a: liting mcgoo|Deoxys-Speed|58/100
|-ability|p2a: liting mcgoo|Pressure
|turn|23
|
|t:|1779685211
|move|p1a: Scizor|Bullet Punch|p2a: liting mcgoo
|-damage|p2a: liting mcgoo|0 fnt
|faint|p2a: liting mcgoo
|
|win|whisperingcloth
|raw|whisperingcloth's rating: 1653 &rarr; <strong>1682</strong><br />(+29 for winning)
|raw|portobellomushroom's rating: 1814 &rarr; <strong>1785</strong><br />(-29 for losing)
|l|☆portobellomushroom
|player|p2|
|l|☆whisperingcloth
|player|p1|
