|j|☆Noamm
|j|☆erjtsers
|t:|1779716301
|gametype|singles
|player|p1|Noamm|gambler|1677
|player|p2|erjtsers|pokemonbreeder|1662
|gen|9
|tier|[Gen 9] OU
|rated|
|rule|HP Percentage Mod: HP is shown in percentages
|rule|Endless Battle Clause: Forcing endless battles is banned
|rule|Species Clause: Limit one of each Pokémon
|rule|OHKO Clause: OHKO moves are banned
|rule|Evasion Items Clause: Evasion items are banned
|rule|Evasion Moves Clause: Evasion moves are banned
|rule|Evasion Abilities Clause: Evasion abilities are banned
|rule|Sleep Moves Clause: Sleep-inducing moves are banned
|clearpoke
|poke|p1|Lokix, F|
|poke|p1|Iron Valiant|
|poke|p1|Alomomola, F|
|poke|p1|Mandibuzz, F|
|poke|p1|Great Tusk|
|poke|p1|Gholdengo|
|poke|p2|Toxapex, M|
|poke|p2|Corviknight, M|
|poke|p2|Dondozo, F|
|poke|p2|Clefable, F|
|poke|p2|Gliscor, M|
|poke|p2|Clodsire, M|
|teampreview
|inactive|Battle timer is ON: inactive players will automatically lose when time's up. (requested by Noamm)
|
|t:|1779716307
|teamsize|p1|6
|teamsize|p2|6
|start
|switch|p1a: Gills Exceed|Great Tusk|100/100
|switch|p2a: Clefable|Clefable, F|100/100
|turn|1
|
|t:|1779716313
|-end|p1a: Gills Exceed|Protosynthesis|[silent]
|switch|p1a: Tetsuya Sawaki|Alomomola, F|100/100
|move|p2a: Clefable|Moonblast|p1a: Tetsuya Sawaki
|-damage|p1a: Tetsuya Sawaki|82/100
|
|upkeep
|turn|2
|
|t:|1779716315
|move|p2a: Clefable|Knock Off|p1a: Tetsuya Sawaki
|-damage|p1a: Tetsuya Sawaki|72/100
|-enditem|p1a: Tetsuya Sawaki|Assault Vest|[from] move: Knock Off|[of] p2a: Clefable
|move|p1a: Tetsuya Sawaki|Flip Turn|p2a: Clefable
|-crit|p2a: Clefable
|-damage|p2a: Clefable|81/100
|
|t:|1779716318
|switch|p1a: MACHINE TORNADER|Gholdengo|100/100|[from] Flip Turn
|
|upkeep
|turn|3
|
|t:|1779716325
|switch|p2a: Gliscor|Gliscor, M|100/100
|move|p1a: MACHINE TORNADER|Trick|p2a: Gliscor
|-activate|p1a: MACHINE TORNADER|move: Trick|[of] p2a: Gliscor
|-item|p2a: Gliscor|Choice Scarf|[from] move: Trick
|-item|p1a: MACHINE TORNADER|Toxic Orb|[from] move: Trick
|
|upkeep
|turn|4
|
|t:|1779716332
|switch|p1a: Gills Exceed|Great Tusk|100/100
|move|p2a: Gliscor|Knock Off|p1a: Gills Exceed
|-resisted|p1a: Gills Exceed
|-damage|p1a: Gills Exceed|93/100
|-enditem|p1a: Gills Exceed|Heavy-Duty Boots|[from] move: Knock Off|[of] p2a: Gliscor
|
|upkeep
|turn|5
|
|t:|1779716341
|switch|p2a: Clefable|Clefable, F|81/100
|move|p1a: Gills Exceed|Stealth Rock|p2a: Clefable
|-sidestart|p2: erjtsers|move: Stealth Rock
|
|upkeep
|turn|6
|
|t:|1779716345
|-end|p1a: Gills Exceed|Protosynthesis|[silent]
|switch|p1a: MACHINE TORNADER|Gholdengo|100/100
|move|p2a: Clefable|Moonblast|p1a: MACHINE TORNADER
|-resisted|p1a: MACHINE TORNADER
|-damage|p1a: MACHINE TORNADER|83/100
|
|upkeep
|turn|7
|
|t:|1779716349
|switch|p2a: Gliscor|Gliscor, M|100/100
|-damage|p2a: Gliscor|88/100|[from] Stealth Rock
|move|p1a: MACHINE TORNADER|Nasty Plot|p1a: MACHINE TORNADER
|-boost|p1a: MACHINE TORNADER|spa|2
|
|upkeep
|turn|8
|
|t:|1779716356
|move|p2a: Gliscor|Substitute|p2a: Gliscor
|-start|p2a: Gliscor|Substitute
|-damage|p2a: Gliscor|63/100
|move|p1a: MACHINE TORNADER|Make It Rain|p2a: Gliscor
|-end|p2a: Gliscor|Substitute
|-unboost|p1a: MACHINE TORNADER|spa|1
|
|upkeep
|turn|9
|
|t:|1779716364
|switch|p2a: Corviknight|Corviknight, M|100/100
|-damage|p2a: Corviknight|88/100|[from] Stealth Rock
|-ability|p2a: Corviknight|Pressure
|move|p1a: MACHINE TORNADER|Nasty Plot|p1a: MACHINE TORNADER
|-boost|p1a: MACHINE TORNADER|spa|2
|
|-heal|p2a: Corviknight|94/100|[from] item: Leftovers
|upkeep
|turn|10
|
|t:|1779716367
|move|p2a: Corviknight|Protect|p2a: Corviknight
|-singleturn|p2a: Corviknight|Protect
|move|p1a: MACHINE TORNADER|Shadow Ball|p2a: Corviknight
|-activate|p2a: Corviknight|move: Protect
|
|-heal|p2a: Corviknight|100/100|[from] item: Leftovers
|upkeep
|turn|11
|
|t:|1779716373
|move|p1a: MACHINE TORNADER|Shadow Ball|p2a: Corviknight
|-damage|p2a: Corviknight|34/100
|move|p2a: Corviknight|Roost|p2a: Corviknight
|-heal|p2a: Corviknight|84/100
|-singleturn|p2a: Corviknight|move: Roost
|
|-heal|p2a: Corviknight|90/100|[from] item: Leftovers
|upkeep
|turn|12
|
|t:|1779716379
|move|p2a: Corviknight|Protect|p2a: Corviknight
|-singleturn|p2a: Corviknight|Protect
|move|p1a: MACHINE TORNADER|Nasty Plot|p1a: MACHINE TORNADER
|-boost|p1a: MACHINE TORNADER|spa|2
|
|-heal|p2a: Corviknight|97/100|[from] item: Leftovers
|upkeep
|turn|13
|
|t:|1779716383
|switch|p2a: Clodsire|Clodsire, M|100/100
|move|p1a: MACHINE TORNADER|Shadow Ball|p2a: Clodsire
|-damage|p2a: Clodsire|77/100
|
|upkeep
|turn|14
|
|t:|1779716388
|switch|p1a: Gills Exceed|Great Tusk|93/100
|move|p2a: Clodsire|Spikes|p1a: Gills Exceed
|-sidestart|p1: Noamm|Spikes
|
|upkeep
|turn|15
|
|t:|1779716391
|switch|p2a: Clefable|Clefable, F|81/100
|move|p1a: Gills Exceed|Rapid Spin|p2a: Clefable
|-damage|p2a: Clefable|67/100
|-boost|p1a: Gills Exceed|spe|1
|-sideend|p1: Noamm|Spikes|[from] move: Rapid Spin|[of] p1a: Gills Exceed
|
|upkeep
|turn|16
|
|t:|1779716398
|-end|p1a: Gills Exceed|Protosynthesis|[silent]
|switch|p1a: MACHINE TORNADER|Gholdengo|83/100
|move|p2a: Clefable|Stealth Rock|p1a: MACHINE TORNADER
|-sidestart|p1: Noamm|move: Stealth Rock
|
|upkeep
|turn|17
|
|t:|1779716402
|switch|p2a: Clodsire|Clodsire, M|77/100
|move|p1a: MACHINE TORNADER|Nasty Plot|p1a: MACHINE TORNADER
|-boost|p1a: MACHINE TORNADER|spa|2
|
|upkeep
|turn|18
|
|t:|1779716406
|-terastallize|p1a: MACHINE TORNADER|Steel
|move|p1a: MACHINE TORNADER|Make It Rain|p2a: Clodsire
|-damage|p2a: Clodsire|32/100
|-unboost|p1a: MACHINE TORNADER|spa|1
|move|p2a: Clodsire|Earthquake|p1a: MACHINE TORNADER
|-supereffective|p1a: MACHINE TORNADER
|-damage|p1a: MACHINE TORNADER|24/100
|
|upkeep
|turn|19
|
|t:|1779716416
|-terastallize|p2a: Clodsire|Steel
|move|p1a: MACHINE TORNADER|Make It Rain|p2a: Clodsire
|-resisted|p2a: Clodsire
|-damage|p2a: Clodsire|8/100
|-unboost|p1a: MACHINE TORNADER|spa|1
|move|p2a: Clodsire|Recover|p2a: Clodsire
|-heal|p2a: Clodsire|58/100
|
|upkeep
|turn|20
|
|t:|1779716421
|switch|p1a: Gills Exceed|Great Tusk|93/100
|-damage|p1a: Gills Exceed|91/100|[from] Stealth Rock
|move|p2a: Clodsire|Earthquake|p1a: Gills Exceed
|-damage|p1a: Gills Exceed|71/100
|
|upkeep
|turn|21
|
|t:|1779716426
|switch|p2a: Corviknight|Corviknight, M|97/100
|-damage|p2a: Corviknight|84/100|[from] Stealth Rock
|-ability|p2a: Corviknight|Pressure
|move|p1a: Gills Exceed|Headlong Rush|p2a: Corviknight
|-immune|p2a: Corviknight
|
|-heal|p2a: Corviknight|90/100|[from] item: Leftovers
|upkeep
|turn|22
|
|t:|1779716430
|move|p1a: Gills Exceed|Rapid Spin|p2a: Corviknight
|-resisted|p2a: Corviknight
|-damage|p2a: Corviknight|84/100
|-boost|p1a: Gills Exceed|spe|1
|-sideend|p1: Noamm|Stealth Rock|[from] move: Rapid Spin|[of] p1a: Gills Exceed
|move|p2a: Corviknight|Defog|p1a: Gills Exceed
|-unboost|p1a: Gills Exceed|evasion|1
|-sideend|p2: erjtsers|Stealth Rock|[from] move: Defog|[of] p2a: Corviknight
|
|-heal|p2a: Corviknight|90/100|[from] item: Leftovers
|upkeep
|turn|23
|
|t:|1779716434
|move|p1a: Gills Exceed|Stealth Rock|p2a: Corviknight
|-sidestart|p2: erjtsers|move: Stealth Rock
|move|p2a: Corviknight|Brave Bird|p1a: Gills Exceed
|-supereffective|p1a: Gills Exceed
|-damage|p1a: Gills Exceed|17/100
|-damage|p2a: Corviknight|74/100|[from] Recoil
|
|-heal|p2a: Corviknight|80/100|[from] item: Leftovers
|upkeep
|turn|24
|
|t:|1779716437
|-end|p1a: Gills Exceed|Protosynthesis|[silent]
|switch|p1a: MACHINE TORNADER|Gholdengo, tera:Steel|24/100
|move|p2a: Corviknight|Defog|p1a: MACHINE TORNADER
|-immune|p1a: MACHINE TORNADER|[from] ability: Good as Gold
|
|-heal|p2a: Corviknight|86/100|[from] item: Leftovers
|upkeep
|turn|25
|
|t:|1779716443
|switch|p2a: Clodsire|Clodsire, M, tera:Steel|58/100
|move|p1a: MACHINE TORNADER|Trick|p2a: Clodsire
|-activate|p1a: MACHINE TORNADER|move: Trick|[of] p2a: Clodsire
|-item|p2a: Clodsire|Toxic Orb|[from] move: Trick
|-item|p1a: MACHINE TORNADER|Heavy-Duty Boots|[from] move: Trick
|
|upkeep
|turn|26
|
|t:|1779716447
|switch|p1a: Shining Agito|Lokix, F, shiny|100/100
|move|p2a: Clodsire|Recover|p2a: Clodsire
|-heal|p2a: Clodsire|100/100
|
|upkeep
|turn|27
|
|t:|1779716455
|switch|p2a: Gliscor|Gliscor, M|63/100
|-damage|p2a: Gliscor|50/100|[from] Stealth Rock
|move|p1a: Shining Agito|Knock Off|p2a: Gliscor
|-damage|p2a: Gliscor|8/100
|-enditem|p2a: Gliscor|Choice Scarf|[from] move: Knock Off|[of] p1a: Shining Agito
|
|upkeep
|turn|28
|
|t:|1779716460
|move|p2a: Gliscor|Protect|p2a: Gliscor
|-singleturn|p2a: Gliscor|Protect
|move|p1a: Shining Agito|Knock Off|p2a: Gliscor
|-activate|p2a: Gliscor|move: Protect
|
|upkeep
|turn|29
|
|t:|1779716465
|move|p1a: Shining Agito|Knock Off|p2a: Gliscor
|-damage|p2a: Gliscor|0 fnt
|faint|p2a: Gliscor
|
|upkeep
|
|t:|1779716472
|switch|p2a: Clefable|Clefable, F|67/100
|turn|30
|
|t:|1779716476
|switch|p1a: G3-X|Iron Valiant, shiny|100/100
|move|p2a: Clefable|Moonblast|p1a: G3-X
|-supereffective|p1a: G3-X
|-damage|p1a: G3-X|0 fnt
|faint|p1a: G3-X
|-end|p1a: G3-X|Quark Drive|[silent]
|
|upkeep
|
|t:|1779716480
|switch|p1a: MACHINE TORNADER|Gholdengo, tera:Steel|24/100
|turn|31
|
|t:|1779716484
|switch|p2a: Clodsire|Clodsire, M, tera:Steel|100/100
|-damage|p2a: Clodsire|94/100|[from] Stealth Rock
|move|p1a: MACHINE TORNADER|Make It Rain|p2a: Clodsire
|-resisted|p2a: Clodsire
|-damage|p2a: Clodsire|72/100
|-unboost|p1a: MACHINE TORNADER|spa|1
|
|upkeep
|turn|32
|
|t:|1779716487
|switch|p1a: Shining Agito|Lokix, F, shiny|100/100
|move|p2a: Clodsire|Earthquake|p1a: Shining Agito
|-resisted|p1a: Shining Agito
|-damage|p1a: Shining Agito|82/100
|
|upkeep
|turn|33
|
|t:|1779716491
|switch|p2a: Clefable|Clefable, F|67/100
|move|p1a: Shining Agito|Knock Off|p2a: Clefable
|-resisted|p2a: Clefable
|-damage|p2a: Clefable|29/100
|
|upkeep
|turn|34
|
|t:|1779716496
|move|p1a: Shining Agito|Knock Off|p2a: Clefable
|-resisted|p2a: Clefable
|-damage|p2a: Clefable|0 fnt
|faint|p2a: Clefable
|
|upkeep
|
|t:|1779716500
|switch|p2a: Toxapex|Toxapex, M|100/100
|-damage|p2a: Toxapex|88/100|[from] Stealth Rock
|turn|35
|
|t:|1779716508
|switch|p1a: Tetsuya Sawaki|Alomomola, F|100/100
|move|p2a: Toxapex|Baneful Bunker||[still]
|-fail|p2a: Toxapex
|
|-heal|p2a: Toxapex|94/100|[from] item: Leftovers
|-damage|p1a: Tetsuya Sawaki|88/100|[from] item: Sticky Barb
|upkeep
|turn|36
|
|t:|1779716510
|move|p1a: Tetsuya Sawaki|Scald|p2a: Toxapex
|-resisted|p2a: Toxapex
|-damage|p2a: Toxapex|89/100
|move|p2a: Toxapex|Infestation|p1a: Tetsuya Sawaki
|-damage|p1a: Tetsuya Sawaki|86/100
|-activate|p1a: Tetsuya Sawaki|move: Infestation|[of] p2a: Toxapex
|
|-heal|p2a: Toxapex|96/100|[from] item: Leftovers
|-damage|p1a: Tetsuya Sawaki|73/100|[from] move: Infestation|[partiallytrapped]
|-damage|p1a: Tetsuya Sawaki|61/100|[from] item: Sticky Barb
|upkeep
|turn|37
|
|t:|1779716514
|move|p2a: Toxapex|Baneful Bunker|p2a: Toxapex
|-singleturn|p2a: Toxapex|move: Protect
|move|p1a: Tetsuya Sawaki|Scald|p2a: Toxapex
|-activate|p2a: Toxapex|move: Protect
|
|-heal|p2a: Toxapex|100/100|[from] item: Leftovers
|-damage|p1a: Tetsuya Sawaki|49/100|[from] move: Infestation|[partiallytrapped]
|-damage|p1a: Tetsuya Sawaki|36/100|[from] item: Sticky Barb
|upkeep
|turn|38
|
|t:|1779716521
|move|p1a: Tetsuya Sawaki|Flip Turn|p2a: Toxapex
|-resisted|p2a: Toxapex
|-damage|p2a: Toxapex|95/100
|
|t:|1779716523
|switch|p1a: Gills Exceed|Great Tusk|17/100|[from] Flip Turn
|move|p2a: Toxapex|Poison Jab|p1a: Gills Exceed
|-resisted|p1a: Gills Exceed
|-damage|p1a: Gills Exceed|11/100
|
|-heal|p2a: Toxapex|100/100|[from] item: Leftovers
|upkeep
|turn|39
|
|t:|1779716527
|move|p2a: Toxapex|Baneful Bunker|p2a: Toxapex
|-singleturn|p2a: Toxapex|move: Protect
|move|p1a: Gills Exceed|Stealth Rock||[still]
|-fail|p1a: Gills Exceed
|
|upkeep
|turn|40
|
|t:|1779716533
|move|p2a: Toxapex|Baneful Bunker||[still]
|-fail|p2a: Toxapex
|move|p1a: Gills Exceed|Headlong Rush|p2a: Toxapex
|-supereffective|p2a: Toxapex
|-damage|p2a: Toxapex|16/100
|-unboost|p1a: Gills Exceed|def|1
|-unboost|p1a: Gills Exceed|spd|1
|
|-heal|p2a: Toxapex|22/100|[from] item: Leftovers
|upkeep
|turn|41
|
|t:|1779716537
|switch|p2a: Corviknight|Corviknight, M|86/100
|-damage|p2a: Corviknight|74/100|[from] Stealth Rock
|-ability|p2a: Corviknight|Pressure
|move|p1a: Gills Exceed|Headlong Rush|p2a: Corviknight
|-immune|p2a: Corviknight
|
|-heal|p2a: Corviknight|80/100|[from] item: Leftovers
|upkeep
|turn|42
|
|t:|1779716541
|-end|p1a: Gills Exceed|Protosynthesis|[silent]
|switch|p1a: MACHINE TORNADER|Gholdengo, tera:Steel|24/100
|move|p2a: Corviknight|Brave Bird|p1a: MACHINE TORNADER
|-resisted|p1a: MACHINE TORNADER
|-damage|p1a: MACHINE TORNADER|5/100
|-damage|p2a: Corviknight|75/100|[from] Recoil
|
|-heal|p2a: Corviknight|81/100|[from] item: Leftovers
|upkeep
|turn|43
|
|t:|1779716549
|switch|p1a: Tetsuya Sawaki|Alomomola, F|69/100
|move|p2a: Corviknight|Protect||[still]
|-fail|p2a: Corviknight
|
|-heal|p2a: Corviknight|87/100|[from] item: Leftovers
|-damage|p1a: Tetsuya Sawaki|57/100|[from] item: Sticky Barb
|upkeep
|turn|44
|
|t:|1779716552
|move|p2a: Corviknight|Defog|p1a: Tetsuya Sawaki
|-unboost|p1a: Tetsuya Sawaki|evasion|1
|-sideend|p2: erjtsers|Stealth Rock|[from] move: Defog|[of] p2a: Corviknight
|move|p1a: Tetsuya Sawaki|Flip Turn|p2a: Corviknight
|-damage|p2a: Corviknight|75/100
|
|t:|1779716555
|switch|p1a: Shining Agito|Lokix, F, shiny|82/100|[from] Flip Turn
|
|-heal|p2a: Corviknight|81/100|[from] item: Leftovers
|upkeep
|turn|45
|
|t:|1779716560
|move|p1a: Shining Agito|U-turn|p2a: Corviknight
|-resisted|p2a: Corviknight
|-damage|p2a: Corviknight|60/100
|
|t:|1779716562
|switch|p1a: Tetsuya Sawaki|Alomomola, F|90/100|[from] U-turn
|move|p2a: Corviknight|Brave Bird|p1a: Tetsuya Sawaki
|-damage|p1a: Tetsuya Sawaki|64/100
|-damage|p2a: Corviknight|50/100|[from] Recoil
|
|-heal|p2a: Corviknight|56/100|[from] item: Leftovers
|-damage|p1a: Tetsuya Sawaki|52/100|[from] item: Sticky Barb
|upkeep
|turn|46
|
|t:|1779716566
|move|p2a: Corviknight|Protect|p2a: Corviknight
|-singleturn|p2a: Corviknight|Protect
|move|p1a: Tetsuya Sawaki|Scald|p2a: Corviknight
|-activate|p2a: Corviknight|move: Protect
|
|-heal|p2a: Corviknight|63/100|[from] item: Leftovers
|-damage|p1a: Tetsuya Sawaki|39/100|[from] item: Sticky Barb
|upkeep
|turn|47
|
|t:|1779716569
|move|p2a: Corviknight|Roost|p2a: Corviknight
|-heal|p2a: Corviknight|100/100
|-singleturn|p2a: Corviknight|move: Roost
|move|p1a: Tetsuya Sawaki|Scald|p2a: Corviknight
|-damage|p2a: Corviknight|91/100
|-status|p2a: Corviknight|brn
|
|-heal|p2a: Corviknight|97/100 brn|[from] item: Leftovers
|-damage|p2a: Corviknight|91/100 brn|[from] brn
|-damage|p1a: Tetsuya Sawaki|27/100|[from] item: Sticky Barb
|upkeep
|turn|48
|
|t:|1779716572
|move|p2a: Corviknight|Protect|p2a: Corviknight
|-singleturn|p2a: Corviknight|Protect
|move|p1a: Tetsuya Sawaki|Flip Turn|p2a: Corviknight
|-activate|p2a: Corviknight|move: Protect
|
|-heal|p2a: Corviknight|97/100 brn|[from] item: Leftovers
|-damage|p2a: Corviknight|91/100 brn|[from] brn
|-damage|p1a: Tetsuya Sawaki|15/100|[from] item: Sticky Barb
|upkeep
|turn|49
|
|t:|1779716579
|switch|p2a: Toxapex|Toxapex, M|55/100
|switch|p1a: Overlord|Mandibuzz, F|100/100
|
|-heal|p2a: Toxapex|61/100|[from] item: Leftovers
|upkeep
|turn|50
|
|t:|1779716586
|switch|p1a: MACHINE TORNADER|Gholdengo, tera:Steel|5/100
|move|p2a: Toxapex|Baneful Bunker||[still]
|-fail|p2a: Toxapex
|
|-heal|p2a: Toxapex|68/100|[from] item: Leftovers
|upkeep
|turn|51
|
|t:|1779716601
|move|p1a: MACHINE TORNADER|Shadow Ball|p2a: Toxapex
|-damage|p2a: Toxapex|36/100
|move|p2a: Toxapex|Infestation|p1a: MACHINE TORNADER
|-resisted|p1a: MACHINE TORNADER
|-damage|p1a: MACHINE TORNADER|3/100
|-activate|p1a: MACHINE TORNADER|move: Infestation|[of] p2a: Toxapex
|
|-heal|p2a: Toxapex|42/100|[from] item: Leftovers
|-damage|p1a: MACHINE TORNADER|0 fnt|[from] move: Infestation|[partiallytrapped]
|faint|p1a: MACHINE TORNADER
|upkeep
|
|t:|1779716604
|switch|p1a: Shining Agito|Lokix, F, shiny|82/100
|turn|52
|
|t:|1779716609
|move|p2a: Toxapex|Baneful Bunker|p2a: Toxapex
|-singleturn|p2a: Toxapex|move: Protect
|move|p1a: Shining Agito|Knock Off|p2a: Toxapex
|-activate|p2a: Toxapex|move: Protect
|-status|p1a: Shining Agito|psn
|
|-heal|p2a: Toxapex|48/100|[from] item: Leftovers
|-damage|p1a: Shining Agito|70/100 psn|[from] psn
|upkeep
|turn|53
|
|t:|1779716623
|switch|p2a: Clodsire|Clodsire, M, tera:Steel|72/100
|move|p1a: Shining Agito|Knock Off|p2a: Clodsire
|-damage|p2a: Clodsire|0 fnt
|-enditem|p2a: Clodsire|Toxic Orb|[from] move: Knock Off|[of] p1a: Shining Agito
|faint|p2a: Clodsire
|
|-damage|p1a: Shining Agito|57/100 psn|[from] psn
|upkeep
|
|t:|1779716626
|switch|p2a: Corviknight|Corviknight, M|91/100 brn
|-ability|p2a: Corviknight|Pressure
|turn|54
|
|t:|1779716631
|switch|p1a: Overlord|Mandibuzz, F|100/100
|move|p2a: Corviknight|Brave Bird|p1a: Overlord
|-damage|p1a: Overlord|90/100
|-damage|p2a: Corviknight|87/100 brn|[from] Recoil
|
|-heal|p2a: Corviknight|93/100 brn|[from] item: Leftovers
|-damage|p2a: Corviknight|87/100 brn|[from] brn
|upkeep
|turn|55
|
|t:|1779716635
|switch|p2a: Toxapex|Toxapex, M|81/100
|move|p1a: Overlord|U-turn|p2a: Toxapex
|-resisted|p2a: Toxapex
|-damage|p2a: Toxapex|77/100
|
|t:|1779716636
|switch|p1a: Gills Exceed|Great Tusk|11/100|[from] U-turn
|
|-heal|p2a: Toxapex|84/100|[from] item: Leftovers
|upkeep
|turn|56
|
|t:|1779716639
|move|p2a: Toxapex|Baneful Bunker|p2a: Toxapex
|-singleturn|p2a: Toxapex|move: Protect
|move|p1a: Gills Exceed|Stealth Rock|p2a: Toxapex
|-sidestart|p2: erjtsers|move: Stealth Rock
|
|-heal|p2a: Toxapex|90/100|[from] item: Leftovers
|upkeep
|turn|57
|
|t:|1779716645
|switch|p2a: Corviknight|Corviknight, M|87/100 brn
|-damage|p2a: Corviknight|75/100 brn|[from] Stealth Rock
|-ability|p2a: Corviknight|Pressure
|move|p1a: Gills Exceed|Headlong Rush|p2a: Corviknight
|-immune|p2a: Corviknight
|
|-heal|p2a: Corviknight|81/100 brn|[from] item: Leftovers
|-damage|p2a: Corviknight|75/100 brn|[from] brn
|upkeep
|turn|58
|
|t:|1779716648
|-end|p1a: Gills Exceed|Protosynthesis|[silent]
|switch|p1a: Overlord|Mandibuzz, F|90/100
|move|p2a: Corviknight|Defog|p1a: Overlord
|-unboost|p1a: Overlord|evasion|1
|-sideend|p2: erjtsers|Stealth Rock|[from] move: Defog|[of] p2a: Corviknight
|
|-heal|p2a: Corviknight|81/100 brn|[from] item: Leftovers
|-damage|p2a: Corviknight|75/100 brn|[from] brn
|upkeep
|turn|59
|
|t:|1779716652
|move|p2a: Corviknight|Protect|p2a: Corviknight
|-singleturn|p2a: Corviknight|Protect
|move|p1a: Overlord|U-turn|p2a: Corviknight
|-activate|p2a: Corviknight|move: Protect
|
|-heal|p2a: Corviknight|81/100 brn|[from] item: Leftovers
|-damage|p2a: Corviknight|75/100 brn|[from] brn
|upkeep
|turn|60
|
|t:|1779716657
|move|p1a: Overlord|U-turn|p2a: Corviknight
|-resisted|p2a: Corviknight
|-damage|p2a: Corviknight|72/100 brn
|
|t:|1779716659
|switch|p1a: Tetsuya Sawaki|Alomomola, F|48/100|[from] U-turn
|move|p2a: Corviknight|Brave Bird|p1a: Tetsuya Sawaki
|-damage|p1a: Tetsuya Sawaki|35/100
|-damage|p2a: Corviknight|67/100 brn|[from] Recoil
|
|-heal|p2a: Corviknight|73/100 brn|[from] item: Leftovers
|-damage|p2a: Corviknight|67/100 brn|[from] brn
|-damage|p1a: Tetsuya Sawaki|22/100|[from] item: Sticky Barb
|upkeep
|turn|61
|
|t:|1779716663
|switch|p1a: Overlord|Mandibuzz, F|90/100
|move|p2a: Corviknight|Protect||[still]
|-fail|p2a: Corviknight
|
|-heal|p2a: Corviknight|73/100 brn|[from] item: Leftovers
|-damage|p2a: Corviknight|67/100 brn|[from] brn
|upkeep
|turn|62
|
|t:|1779716666
|move|p1a: Overlord|Foul Play|p2a: Corviknight
|-damage|p2a: Corviknight|45/100 brn
|move|p2a: Corviknight|Brave Bird|p1a: Overlord
|-damage|p1a: Overlord|79/100
|-damage|p2a: Corviknight|41/100 brn|[from] Recoil
|
|-heal|p2a: Corviknight|47/100 brn|[from] item: Leftovers
|-damage|p2a: Corviknight|41/100 brn|[from] brn
|upkeep
|turn|63
|
|t:|1779716669
|move|p1a: Overlord|Foul Play|p2a: Corviknight
|-crit|p2a: Corviknight
|-damage|p2a: Corviknight|4/100 brn
|move|p2a: Corviknight|Roost|p2a: Corviknight
|-heal|p2a: Corviknight|54/100 brn
|-singleturn|p2a: Corviknight|move: Roost
|
|-heal|p2a: Corviknight|61/100 brn|[from] item: Leftovers
|-damage|p2a: Corviknight|54/100 brn|[from] brn
|upkeep
|turn|64
|
|t:|1779716672
|move|p1a: Overlord|Foul Play|p2a: Corviknight
|-damage|p2a: Corviknight|30/100 brn
|move|p2a: Corviknight|Roost|p2a: Corviknight
|-heal|p2a: Corviknight|80/100 brn
|-singleturn|p2a: Corviknight|move: Roost
|
|-heal|p2a: Corviknight|86/100 brn|[from] item: Leftovers
|-damage|p2a: Corviknight|80/100 brn|[from] brn
|upkeep
|turn|65
|
|t:|1779716675
|move|p2a: Corviknight|Protect|p2a: Corviknight
|-singleturn|p2a: Corviknight|Protect
|move|p1a: Overlord|Roost|p1a: Overlord
|-heal|p1a: Overlord|100/100
|-singleturn|p1a: Overlord|move: Roost
|
|-heal|p2a: Corviknight|86/100 brn|[from] item: Leftovers
|-damage|p2a: Corviknight|80/100 brn|[from] brn
|upkeep
|turn|66
|
|t:|1779716682
|move|p1a: Overlord|Foul Play|p2a: Corviknight
|-damage|p2a: Corviknight|56/100 brn
|move|p2a: Corviknight|Brave Bird|p1a: Overlord
|-damage|p1a: Overlord|91/100
|-damage|p2a: Corviknight|53/100 brn|[from] Recoil
|
|-heal|p2a: Corviknight|59/100 brn|[from] item: Leftovers
|-damage|p2a: Corviknight|53/100 brn|[from] brn
|upkeep
|turn|67
|
|t:|1779716687
|move|p1a: Overlord|U-turn|p2a: Corviknight
|-resisted|p2a: Corviknight
|-damage|p2a: Corviknight|51/100 brn
|
|t:|1779716689
|switch|p1a: Tetsuya Sawaki|Alomomola, F|55/100|[from] U-turn
|move|p2a: Corviknight|Roost|p2a: Corviknight
|-heal|p2a: Corviknight|100/100 brn
|-singleturn|p2a: Corviknight|move: Roost
|
|-damage|p2a: Corviknight|94/100 brn|[from] brn
|-damage|p1a: Tetsuya Sawaki|43/100|[from] item: Sticky Barb
|upkeep
|turn|68
|
|t:|1779716692
|switch|p1a: Overlord|Mandibuzz, F|91/100
|move|p2a: Corviknight|Protect||[still]
|-fail|p2a: Corviknight
|
|-heal|p2a: Corviknight|100/100 brn|[from] item: Leftovers
|-damage|p2a: Corviknight|94/100 brn|[from] brn
|upkeep
|turn|69
|
|t:|1779716710
|switch|p2a: Toxapex|Toxapex, M|100/100
|move|p1a: Overlord|Defog|p2a: Toxapex
|-unboost|p2a: Toxapex|evasion|1
|
|upkeep
|turn|70
|
|t:|1779716715
|switch|p1a: Tetsuya Sawaki|Alomomola, F|76/100
|move|p2a: Toxapex|Infestation|p1a: Tetsuya Sawaki
|-damage|p1a: Tetsuya Sawaki|74/100
|-activate|p1a: Tetsuya Sawaki|move: Infestation|[of] p2a: Toxapex
|
|-damage|p1a: Tetsuya Sawaki|61/100|[from] move: Infestation|[partiallytrapped]
|-damage|p1a: Tetsuya Sawaki|49/100|[from] item: Sticky Barb
|upkeep
|turn|71
|
|t:|1779716718
|move|p2a: Toxapex|Baneful Bunker|p2a: Toxapex
|-singleturn|p2a: Toxapex|move: Protect
|move|p1a: Tetsuya Sawaki|Scald|p2a: Toxapex
|-activate|p2a: Toxapex|move: Protect
|
|-damage|p1a: Tetsuya Sawaki|37/100|[from] move: Infestation|[partiallytrapped]
|-damage|p1a: Tetsuya Sawaki|24/100|[from] item: Sticky Barb
|upkeep
|turn|72
|
|t:|1779716722
|move|p1a: Tetsuya Sawaki|Flip Turn|p2a: Toxapex
|-resisted|p2a: Toxapex
|-damage|p2a: Toxapex|95/100
|
|t:|1779716724
|switch|p1a: Shining Agito|Lokix, F, shiny|57/100 psn|[from] Flip Turn
|move|p2a: Toxapex|Poison Jab|p1a: Shining Agito
|-damage|p1a: Shining Agito|28/100 psn
|
|-heal|p2a: Toxapex|100/100|[from] item: Leftovers
|-damage|p1a: Shining Agito|16/100 psn|[from] psn
|upkeep
|turn|73
|
|t:|1779716728
|move|p2a: Toxapex|Baneful Bunker|p2a: Toxapex
|-singleturn|p2a: Toxapex|move: Protect
|move|p1a: Shining Agito|Leech Life|p2a: Toxapex
|-activate|p2a: Toxapex|move: Protect
|
|-damage|p1a: Shining Agito|4/100 psn|[from] psn
|upkeep
|turn|74
|
|t:|1779716734
|move|p1a: Shining Agito|Leech Life|p2a: Toxapex
|-resisted|p2a: Toxapex
|-damage|p2a: Toxapex|65/100
|-heal|p1a: Shining Agito|23/100 psn|[from] drain|[of] p2a: Toxapex
|move|p2a: Toxapex|Infestation|p1a: Shining Agito
|-supereffective|p1a: Shining Agito
|-damage|p1a: Shining Agito|14/100 psn
|-activate|p1a: Shining Agito|move: Infestation|[of] p2a: Toxapex
|
|-heal|p2a: Toxapex|71/100|[from] item: Leftovers
|-damage|p1a: Shining Agito|1/100 psn|[from] psn
|-damage|p1a: Shining Agito|0 fnt|[from] move: Infestation|[partiallytrapped]
|faint|p1a: Shining Agito
|upkeep
|-message|Noamm forfeited.
|
|win|erjtsers
|raw|Noamm's rating: 1677 &rarr; <strong>1656</strong><br />(-21 for losing)
|raw|erjtsers's rating: 1662 &rarr; <strong>1683</strong><br />(+21 for winning)
|l|☆Noamm
|player|p1|
|l|☆erjtsers
|player|p2|
