|j|‽aaagislash
|j|☆PokeWinWow
|t:|1779618331
|gametype|singles
|player|p1|aaagislash|102|1577
|player|p2|PokeWinWow|266|1568
|gen|9
|tier|[Gen 9] OU
|rated|
|rule|HP Percentage Mod: HP is shown in percentages
|rule|Endless Battle Clause: Forcing endless battles is banned
|rule|Species Clause: Limit one of each Pokémon
|rule|OHKO Clause: OHKO moves are banned
|rule|Evasion Items Clause: Evasion items are banned
|rule|Evasion Moves Clause: Evasion moves are banned
|rule|Evasion Abilities Clause: Evasion abilities are banned
|rule|Sleep Moves Clause: Sleep-inducing moves are banned
|clearpoke
|poke|p1|Zamazenta-*|
|poke|p1|Gastrodon, F|
|poke|p1|Slowking-Galar, F|
|poke|p1|Cetitan, F|
|poke|p1|Dragapult, F|
|poke|p1|Hoopa-Unbound|
|poke|p2|Zapdos|
|poke|p2|Great Tusk|
|poke|p2|Kyurem|
|poke|p2|Iron Crown|
|poke|p2|Ogerpon-Wellspring, F|
|poke|p2|Kingambit, M|
|teampreview
|inactive|Battle timer is ON: inactive players will automatically lose when time's up. (requested by PokeWinWow)
|j| starsystimz
|
|t:|1779618356
|teamsize|p1|6
|teamsize|p2|6
|start
|switch|p1a: Gastrodon|Gastrodon, F|100/100
|switch|p2a: Kingambit|Kingambit, M|100/100
|turn|1
|
|t:|1779618367
|-end|p2a: Kingambit|fallenundefined|[silent]
|switch|p2a: Zapdos|Zapdos, shiny|100/100
|move|p1a: Gastrodon|Stealth Rock|p2a: Zapdos
|-sidestart|p2: PokeWinWow|move: Stealth Rock
|
|upkeep
|turn|2
|
|t:|1779618372
|move|p2a: Zapdos|Hurricane|p1a: Gastrodon|[miss]
|-miss|p2a: Zapdos|p1a: Gastrodon
|move|p1a: Gastrodon|Earth Power|p2a: Zapdos
|-immune|p2a: Zapdos
|
|upkeep
|turn|3
|
|t:|1779618376
|move|p2a: Zapdos|Hurricane|p1a: Gastrodon
|-damage|p1a: Gastrodon|41/100
|-enditem|p1a: Gastrodon|Red Card|[of] p2a: Zapdos
|drag|p2a: Great Tusk|Great Tusk, shiny|100/100
|-damage|p2a: Great Tusk|98/100|[from] Stealth Rock
|-enditem|p2a: Great Tusk|Booster Energy
|-activate|p2a: Great Tusk|ability: Protosynthesis|[fromitem]
|-start|p2a: Great Tusk|protosynthesisatk
|move|p1a: Gastrodon|Earth Power|p2a: Great Tusk
|-damage|p2a: Great Tusk|34/100
|
|upkeep
|turn|4
|
|t:|1779618388
|switch|p1a: Dragapult|Dragapult, F|100/100
|move|p2a: Great Tusk|Headlong Rush|p1a: Dragapult
|-damage|p1a: Dragapult|0 fnt
|-unboost|p2a: Great Tusk|def|1
|-unboost|p2a: Great Tusk|spd|1
|faint|p1a: Dragapult
|
|upkeep
|
|t:|1779618392
|switch|p1a: Cetitan|Cetitan, F|100/100
|turn|5
|
|t:|1779618396
|move|p1a: Cetitan|Ice Shard|p2a: Great Tusk
|-supereffective|p2a: Great Tusk
|-damage|p2a: Great Tusk|0 fnt
|faint|p2a: Great Tusk
|-end|p2a: Great Tusk|Protosynthesis|[silent]
|
|upkeep
|
|t:|1779618405
|switch|p2a: Iron Crown|Iron Crown|100/100
|-damage|p2a: Iron Crown|94/100|[from] Stealth Rock
|-enditem|p2a: Iron Crown|Booster Energy
|-activate|p2a: Iron Crown|ability: Quark Drive|[fromitem]
|-start|p2a: Iron Crown|quarkdrivespe
|turn|6
|
|t:|1779618411
|switch|p1a: Hoopa|Hoopa-Unbound|100/100
|move|p2a: Iron Crown|Calm Mind|p2a: Iron Crown
|-boost|p2a: Iron Crown|spa|1
|-boost|p2a: Iron Crown|spd|1
|
|upkeep
|turn|7
|
|t:|1779618420
|-terastallize|p2a: Iron Crown|Fighting
|move|p2a: Iron Crown|Tachyon Cutter|p1a: Hoopa
|-damage|p1a: Hoopa|80/100
|-damage|p1a: Hoopa|62/100
|-hitcount|p1a: Hoopa|2
|move|p1a: Hoopa|Knock Off|p2a: Iron Crown
|-resisted|p2a: Iron Crown
|-damage|p2a: Iron Crown|73/100
|
|upkeep
|turn|8
|
|t:|1779618432
|move|p2a: Iron Crown|Tachyon Cutter|p1a: Hoopa
|-damage|p1a: Hoopa|43/100
|-damage|p1a: Hoopa|23/100
|-hitcount|p1a: Hoopa|2
|move|p1a: Hoopa|Psychic|p2a: Iron Crown
|-supereffective|p2a: Iron Crown
|-damage|p2a: Iron Crown|1/100
|
|upkeep
|turn|9
|
|t:|1779618436
|move|p2a: Iron Crown|Tachyon Cutter|p1a: Hoopa
|-damage|p1a: Hoopa|5/100
|-damage|p1a: Hoopa|0 fnt
|faint|p1a: Hoopa
|-hitcount|p1: Hoopa|2
|
|upkeep
|
|t:|1779618438
|switch|p1a: Slowking|Slowking-Galar, F|100/100
|turn|10
|
|t:|1779618448
|move|p2a: Iron Crown|Tachyon Cutter|p1a: Slowking
|-damage|p1a: Slowking|79/100
|-damage|p1a: Slowking|58/100
|-hitcount|p1a: Slowking|2
|-prepare|p1a: Slowking|Chilly Reception|[premajor]
|move|p1a: Slowking|Chilly Reception|p1a: Slowking
|-weather|Snowscape
|
|t:|1779618451
|switch|p1a: Cetitan|Cetitan, F|100/100|[from] Chilly Reception
|
|-weather|Snowscape|[upkeep]
|upkeep
|turn|11
|j| clear nights
|inactive|PokeWinWow has 120 seconds left.
|inactive|aaagislash has 120 seconds left.
|inactive|PokeWinWow has 90 seconds left.
|
|t:|1779618525
|move|p1a: Cetitan|Earthquake|p2a: Iron Crown
|-damage|p2a: Iron Crown|0 fnt
|faint|p2a: Iron Crown
|-end|p2a: Iron Crown|Quark Drive|[silent]
|
|-weather|Snowscape|[upkeep]
|upkeep
|
|t:|1779618535
|switch|p2a: Kingambit|Kingambit, M|100/100
|-damage|p2a: Kingambit|94/100|[from] Stealth Rock
|-activate|p2a: Kingambit|ability: Supreme Overlord
|-start|p2a: Kingambit|fallen2|[silent]
|turn|12
|inactive|aaagislash has 120 seconds left.
|
|t:|1779618541
|move|p1a: Cetitan|Earthquake|p2a: Kingambit
|-supereffective|p2a: Kingambit
|-damage|p2a: Kingambit|22/100
|move|p2a: Kingambit|Iron Head|p1a: Cetitan
|-supereffective|p1a: Cetitan
|-damage|p1a: Cetitan|30/100
|
|-weather|Snowscape|[upkeep]
|upkeep
|turn|13
|
|t:|1779618551
|switch|p1a: Zamazenta|Zamazenta|100/100
|-ability|p1a: Zamazenta|Dauntless Shield|boost
|-boost|p1a: Zamazenta|def|1
|move|p2a: Kingambit|Sucker Punch||[still]
|-fail|p2a: Kingambit
|
|-weather|Snowscape|[upkeep]
|upkeep
|turn|14
|
|t:|1779618555
|-end|p2a: Kingambit|fallen2|[silent]
|switch|p2a: Zapdos|Zapdos, shiny|100/100
|move|p1a: Zamazenta|Roar|p2a: Zapdos
|drag|p2a: Kingambit|Kingambit, M|22/100
|-damage|p2a: Kingambit|15/100|[from] Stealth Rock
|-activate|p2a: Kingambit|ability: Supreme Overlord
|-start|p2a: Kingambit|fallen2|[silent]
|
|-weather|none
|upkeep
|turn|15
|
|t:|1779618563
|move|p2a: Kingambit|Kowtow Cleave|p1a: Zamazenta
|-resisted|p1a: Zamazenta
|-damage|p1a: Zamazenta|80/100
|move|p1a: Zamazenta|Roar|p2a: Kingambit
|-end|p2a: Kingambit|fallen2|[silent]
|drag|p2a: Zapdos|Zapdos, shiny|100/100
|
|-heal|p1a: Zamazenta|86/100|[from] item: Leftovers
|upkeep
|turn|16
|
|t:|1779618570
|switch|p1a: Slowking|Slowking-Galar, F|91/100
|move|p2a: Zapdos|Hurricane|p1a: Slowking
|-damage|p1a: Slowking|53/100
|
|upkeep
|turn|17
|
|t:|1779618574
|move|p2a: Zapdos|Volt Switch|p1a: Slowking
|-damage|p1a: Slowking|30/100
|
|t:|1779618576
|switch|p2a: Ogerpon|Ogerpon-Wellspring, F|100/100|[from] Volt Switch
|-damage|p2a: Ogerpon|88/100|[from] Stealth Rock
|-prepare|p1a: Slowking|Chilly Reception|[premajor]
|move|p1a: Slowking|Chilly Reception|p1a: Slowking
|-weather|Snowscape
|
|t:|1779618580
|switch|p1a: Zamazenta|Zamazenta|86/100|[from] Chilly Reception
|
|-weather|Snowscape|[upkeep]
|-heal|p1a: Zamazenta|93/100|[from] item: Leftovers
|upkeep
|turn|18
|
|t:|1779618588
|move|p1a: Zamazenta|Iron Defense|p1a: Zamazenta
|-boost|p1a: Zamazenta|def|2
|move|p2a: Ogerpon|Ivy Cudgel|p1a: Zamazenta|[anim] Ivy Cudgel Water
|-damage|p1a: Zamazenta|71/100
|
|-weather|Snowscape|[upkeep]
|-heal|p1a: Zamazenta|77/100|[from] item: Leftovers
|upkeep
|turn|19
|
|t:|1779618595
|move|p2a: Ogerpon|Ivy Cudgel|p1a: Zamazenta|[anim] Ivy Cudgel Water
|-damage|p1a: Zamazenta|55/100
|move|p1a: Zamazenta|Roar|p2a: Ogerpon
|drag|p2a: Kingambit|Kingambit, M|15/100
|-damage|p2a: Kingambit|9/100|[from] Stealth Rock
|-activate|p2a: Kingambit|ability: Supreme Overlord
|-start|p2a: Kingambit|fallen2|[silent]
|
|-weather|Snowscape|[upkeep]
|-heal|p1a: Zamazenta|61/100|[from] item: Leftovers
|upkeep
|turn|20
|
|t:|1779618604
|move|p2a: Kingambit|Sucker Punch|p1a: Zamazenta
|-resisted|p1a: Zamazenta
|-damage|p1a: Zamazenta|49/100
|move|p1a: Zamazenta|Body Press|p2a: Kingambit
|-supereffective|p2a: Kingambit
|-damage|p2a: Kingambit|0 fnt
|faint|p2a: Kingambit
|-end|p2a: Kingambit|fallen2|[silent]
|
|-weather|Snowscape|[upkeep]
|-heal|p1a: Zamazenta|55/100|[from] item: Leftovers
|upkeep
|
|t:|1779618606
|switch|p2a: Zapdos|Zapdos, shiny|100/100
|turn|21
|
|t:|1779618609
|switch|p1a: Gastrodon|Gastrodon, F|41/100
|move|p2a: Zapdos|Hurricane|p1a: Gastrodon
|-damage|p1a: Gastrodon|0 fnt
|faint|p1a: Gastrodon
|
|-weather|none
|upkeep
|
|t:|1779618611
|switch|p1a: Slowking|Slowking-Galar, F|63/100
|turn|22
|
|t:|1779618614
|move|p2a: Zapdos|Volt Switch|p1a: Slowking
|-damage|p1a: Slowking|39/100
|
|t:|1779618616
|switch|p2a: Ogerpon|Ogerpon-Wellspring, F|88/100|[from] Volt Switch
|-damage|p2a: Ogerpon|76/100|[from] Stealth Rock
|-prepare|p1a: Slowking|Chilly Reception|[premajor]
|move|p1a: Slowking|Chilly Reception|p1a: Slowking
|-weather|Snowscape
|
|t:|1779618619
|switch|p1a: Cetitan|Cetitan, F|30/100|[from] Chilly Reception
|
|-weather|Snowscape|[upkeep]
|upkeep
|turn|23
|
|t:|1779618623
|move|p1a: Cetitan|Ice Spinner|p2a: Ogerpon
|-damage|p2a: Ogerpon|0 fnt
|faint|p2a: Ogerpon
|
|-weather|Snowscape|[upkeep]
|upkeep
|
|t:|1779618648
|switch|p2a: Kyurem|Kyurem, shiny|100/100
|-damage|p2a: Kyurem|76/100|[from] Stealth Rock
|-ability|p2a: Kyurem|Pressure
|turn|24
|
|t:|1779618656
|switch|p1a: Zamazenta|Zamazenta|55/100
|move|p2a: Kyurem|Earth Power|p1a: Zamazenta
|-damage|p1a: Zamazenta|30/100
|
|-weather|Snowscape|[upkeep]
|-heal|p1a: Zamazenta|37/100|[from] item: Leftovers
|upkeep
|turn|25
|
|t:|1779618666
|move|p1a: Zamazenta|Body Press|p2a: Kyurem
|-supereffective|p2a: Kyurem
|-damage|p2a: Kyurem|37/100
|move|p2a: Kyurem|Draco Meteor|p1a: Zamazenta
|-damage|p1a: Zamazenta|0 fnt
|-unboost|p2a: Kyurem|spa|2
|faint|p1a: Zamazenta
|
|-weather|Snowscape|[upkeep]
|upkeep
|
|t:|1779618672
|switch|p1a: Slowking|Slowking-Galar, F|73/100
|turn|26
|
|t:|1779618681
|switch|p2a: Zapdos|Zapdos, shiny|100/100
|move|p1a: Slowking|Future Sight|p2a: Zapdos
|-start|p1a: Slowking|move: Future Sight
|
|-weather|none
|upkeep
|turn|27
|
|t:|1779618695
|move|p2a: Zapdos|Hurricane|p1a: Slowking
|-damage|p1a: Slowking|36/100
|-prepare|p1a: Slowking|Chilly Reception|[premajor]
|move|p1a: Slowking|Chilly Reception|p1a: Slowking
|-weather|Snowscape
|
|t:|1779618701
|switch|p1a: Cetitan|Cetitan, F|30/100|[from] Chilly Reception
|
|-weather|Snowscape|[upkeep]
|upkeep
|turn|28
|
|t:|1779618704
|move|p1a: Cetitan|Ice Spinner|p2a: Zapdos
|-supereffective|p2a: Zapdos
|-damage|p2a: Zapdos|0 fnt
|faint|p2a: Zapdos
|
|-weather|Snowscape|[upkeep]
|-hint|Future Sight did not hit because the target is fainted.
|upkeep
|
|t:|1779618707
|switch|p2a: Kyurem|Kyurem, shiny|37/100
|-damage|p2a: Kyurem|13/100|[from] Stealth Rock
|-ability|p2a: Kyurem|Pressure
|turn|29
|
|t:|1779618713
|move|p1a: Cetitan|Ice Spinner|p2a: Kyurem
|-damage|p2a: Kyurem|0 fnt
|faint|p2a: Kyurem
|
|win|aaagislash
|raw|aaagislash's rating: 1577 &rarr; <strong>1596</strong><br />(+19 for winning)
|raw|PokeWinWow's rating: 1568 &rarr; <strong>1549</strong><br />(-19 for losing)
|l|‽aaagislash
|player|p1|
|l|☆PokeWinWow
|player|p2|
|l| starsystimz
|l| clear nights
