|j|☆athos345
|j|☆claudechamp
|t:|1779582488
|gametype|singles
|player|p1|athos345|170|1299
|player|p2|claudechamp|101|1318
|gen|9
|tier|[Gen 9] OU
|rated|
|rule|HP Percentage Mod: HP is shown in percentages
|rule|Endless Battle Clause: Forcing endless battles is banned
|rule|Species Clause: Limit one of each Pokémon
|rule|OHKO Clause: OHKO moves are banned
|rule|Evasion Items Clause: Evasion items are banned
|rule|Evasion Moves Clause: Evasion moves are banned
|rule|Evasion Abilities Clause: Evasion abilities are banned
|rule|Sleep Moves Clause: Sleep-inducing moves are banned
|clearpoke
|poke|p1|Primarina, M|
|poke|p1|Iron Treads|
|poke|p1|Lokix, M|
|poke|p1|Kingdra, M|
|poke|p1|Pelipper, M|
|poke|p1|Toxicroak, M|
|poke|p2|Gliscor, F|
|poke|p2|Gholdengo|
|poke|p2|Zamazenta-*|
|poke|p2|Blissey, F|
|poke|p2|Skarmory, F|
|poke|p2|Pecharunt|
|teampreview
|c|☆claudechamp|hf
|inactive|Battle timer is ON: inactive players will automatically lose when time's up. (requested by claudechamp)
|inactive|athos345 also wants the timer to be on.
|
|t:|1779582491
|teamsize|p1|6
|teamsize|p2|6
|start
|switch|p1a: Lokix|Lokix, M, shiny|100/100
|switch|p2a: Skarmory|Skarmory, F|100/100
|turn|1
|
|t:|1779582504
|switch|p1a: Toxicroak|Toxicroak, M, shiny|100/100
|move|p2a: Skarmory|Spikes|p1a: Toxicroak
|-sidestart|p1: athos345|Spikes
|
|upkeep
|turn|2
|
|t:|1779582508
|move|p1a: Toxicroak|Knock Off|p2a: Skarmory
|-damage|p2a: Skarmory|85/100
|-enditem|p2a: Skarmory|Heavy-Duty Boots|[from] move: Knock Off|[of] p1a: Toxicroak
|move|p2a: Skarmory|Spikes|p1a: Toxicroak
|-sidestart|p1: athos345|Spikes
|
|upkeep
|turn|3
|
|t:|1779582513
|move|p1a: Toxicroak|Encore|p2a: Skarmory
|-start|p2a: Skarmory|Encore
|move|p2a: Skarmory|Spikes|p1a: Toxicroak
|-sidestart|p1: athos345|Spikes
|
|upkeep
|turn|4
|
|t:|1779582515
|switch|p1a: Iron Treads|Iron Treads, shiny|100/100
|switch|p2a: Gliscor|Gliscor, F|100/100
|
|-status|p2a: Gliscor|tox|[from] item: Toxic Orb
|upkeep
|turn|5
|
|t:|1779582521
|-end|p1a: Iron Treads|Quark Drive|[silent]
|switch|p1a: Pelipper|Pelipper, M, shiny|100/100
|-weather|RainDance|[from] ability: Drizzle|[of] p1a: Pelipper
|move|p2a: Gliscor|Swords Dance|p2a: Gliscor
|-boost|p2a: Gliscor|atk|2
|
|-weather|RainDance|[upkeep]
|upkeep
|turn|6
|
|t:|1779582526
|-terastallize|p2a: Gliscor|Dark
|move|p2a: Gliscor|Knock Off|p1a: Pelipper
|-damage|p1a: Pelipper|38/100
|-enditem|p1a: Pelipper|Damp Rock|[from] move: Knock Off|[of] p2a: Gliscor
|move|p1a: Pelipper|Ice Beam|p2a: Gliscor
|-damage|p2a: Gliscor|83/100 tox
|
|-weather|RainDance|[upkeep]
|-heal|p2a: Gliscor|95/100 tox|[from] ability: Poison Heal
|upkeep
|turn|7
|
|t:|1779582532
|switch|p1a: Toxicroak|Toxicroak, M, shiny|100/100
|-damage|p1a: Toxicroak|76/100|[from] Spikes
|move|p2a: Gliscor|Knock Off|p1a: Toxicroak
|-resisted|p1a: Toxicroak
|-damage|p1a: Toxicroak|48/100
|-damage|p2a: Gliscor|79/100 tox|[from] item: Rocky Helmet|[of] p1a: Toxicroak
|-enditem|p1a: Toxicroak|Rocky Helmet|[from] move: Knock Off|[of] p2a: Gliscor
|
|-weather|RainDance|[upkeep]
|-heal|p1a: Toxicroak|61/100|[from] ability: Dry Skin
|-heal|p2a: Gliscor|91/100 tox|[from] ability: Poison Heal
|upkeep
|turn|8
|
|t:|1779582537
|move|p2a: Gliscor|Earthquake|p1a: Toxicroak
|-supereffective|p1a: Toxicroak
|-damage|p1a: Toxicroak|0 fnt
|faint|p1a: Toxicroak
|
|-weather|RainDance|[upkeep]
|-heal|p2a: Gliscor|100/100 tox|[from] ability: Poison Heal
|upkeep
|
|t:|1779582539
|switch|p1a: Kingdra|Kingdra, M, shiny|100/100
|-damage|p1a: Kingdra|76/100|[from] Spikes
|turn|9
|
|t:|1779582544
|move|p1a: Kingdra|Weather Ball|p2a: Gliscor
|-damage|p2a: Gliscor|11/100 tox
|move|p2a: Gliscor|Knock Off|p1a: Kingdra
|-damage|p1a: Kingdra|2/100
|-enditem|p1a: Kingdra|Choice Specs|[from] move: Knock Off|[of] p2a: Gliscor
|
|-weather|RainDance|[upkeep]
|-heal|p2a: Gliscor|23/100 tox|[from] ability: Poison Heal
|upkeep
|turn|10
|
|t:|1779582551
|switch|p2a: Blissey|Blissey, F|100/100
|move|p1a: Kingdra|Weather Ball|p2a: Blissey
|-damage|p2a: Blissey|80/100
|
|-weather|RainDance|[upkeep]
|upkeep
|turn|11
|
|t:|1779582556
|switch|p1a: Iron Treads|Iron Treads, shiny|100/100
|move|p2a: Blissey|Stealth Rock|p1a: Iron Treads
|-sidestart|p1: athos345|move: Stealth Rock
|
|-weather|RainDance|[upkeep]
|upkeep
|turn|12
|
|t:|1779582559
|switch|p2a: Gliscor|Gliscor, F, tera:Dark|23/100 tox
|move|p1a: Iron Treads|Earthquake|p2a: Gliscor
|-damage|p2a: Gliscor|0 fnt
|faint|p2a: Gliscor
|
|-weather|none
|upkeep
|
|t:|1779582562
|switch|p2a: Zamazenta|Zamazenta|100/100
|-ability|p2a: Zamazenta|Dauntless Shield|boost
|-boost|p2a: Zamazenta|def|1
|turn|13
|
|t:|1779582565
|move|p2a: Zamazenta|Close Combat|p1a: Iron Treads
|-supereffective|p1a: Iron Treads
|-damage|p1a: Iron Treads|0 fnt
|-unboost|p2a: Zamazenta|def|1
|-unboost|p2a: Zamazenta|spd|1
|faint|p1a: Iron Treads
|-end|p1a: Iron Treads|Quark Drive|[silent]
|
|upkeep
|
|t:|1779582576
|switch|p1a: Primarina|Primarina, M, shiny|100/100
|-damage|p1a: Primarina|76/100|[from] Spikes
|-damage|p1a: Primarina|63/100|[from] Stealth Rock
|turn|14
|
|t:|1779582578
|move|p2a: Zamazenta|Heavy Slam|p1a: Primarina
|-damage|p1a: Primarina|16/100
|move|p1a: Primarina|Moonblast|p2a: Zamazenta
|-supereffective|p2a: Zamazenta
|-damage|p2a: Zamazenta|0 fnt
|faint|p2a: Zamazenta
|
|-heal|p1a: Primarina|22/100|[from] item: Leftovers
|upkeep
|
|t:|1779582582
|switch|p2a: Gholdengo|Gholdengo|100/100
|turn|15
|
|t:|1779582599
|move|p2a: Gholdengo|Hex|p1a: Primarina
|-damage|p1a: Primarina|0 fnt
|faint|p1a: Primarina
|
|upkeep
|
|t:|1779582608
|switch|p1a: Lokix|Lokix, M, shiny|100/100
|-damage|p1a: Lokix|76/100|[from] Spikes
|-damage|p1a: Lokix|51/100|[from] Stealth Rock
|turn|16
|
|t:|1779582614
|move|p1a: Lokix|Knock Off|p2a: Gholdengo
|-supereffective|p2a: Gholdengo
|-damage|p2a: Gholdengo|4/100
|-enditem|p2a: Gholdengo|Ability Shield|[from] move: Knock Off|[of] p1a: Lokix
|move|p2a: Gholdengo|Hex|p1a: Lokix
|-resisted|p1a: Lokix
|-damage|p1a: Lokix|23/100
|
|upkeep
|turn|17
|
|t:|1779582639
|switch|p2a: Skarmory|Skarmory, F|85/100
|move|p1a: Lokix|Knock Off|p2a: Skarmory
|-damage|p2a: Skarmory|55/100
|
|upkeep
|turn|18
|
|t:|1779582646
|move|p1a: Lokix|Knock Off|p2a: Skarmory
|-damage|p2a: Skarmory|24/100
|move|p2a: Skarmory|Body Press|p1a: Lokix
|-damage|p1a: Lokix|0 fnt
|faint|p1a: Lokix
|
|upkeep
|
|t:|1779582648
|switch|p1a: Pelipper|Pelipper, M, shiny|38/100
|-damage|p1a: Pelipper|13/100|[from] Stealth Rock
|-weather|RainDance|[from] ability: Drizzle|[of] p1a: Pelipper
|turn|19
|
|t:|1779582651
|move|p2a: Skarmory|Body Press|p1a: Pelipper
|-resisted|p1a: Pelipper
|-damage|p1a: Pelipper|0 fnt
|faint|p1a: Pelipper
|
|-weather|RainDance|[upkeep]
|upkeep
|inactive|athos345 has 120 seconds left.
|
|t:|1779582691
|switch|p1a: Kingdra|Kingdra, M, shiny|2/100
|-damage|p1a: Kingdra|0 fnt|[from] Spikes
|faint|p1a: Kingdra
|
|win|claudechamp
|raw|athos345's rating: 1299 &rarr; <strong>1274</strong><br />(-25 for losing)
|raw|claudechamp's rating: 1294 &rarr; <strong>1319</strong><br />(+25 for winning)
|c|☆claudechamp|gg
|l|☆athos345
|player|p1|
