|j|‽MallyBoy005
|j|☆noobnpc_69
|t:|1779605912
|gametype|singles
|player|p1|MallyBoy005|101|1323
|player|p2|noobnpc_69|unknown|1344
|gen|9
|tier|[Gen 9] OU
|rated|
|rule|HP Percentage Mod: HP is shown in percentages
|rule|Endless Battle Clause: Forcing endless battles is banned
|rule|Species Clause: Limit one of each Pokémon
|rule|OHKO Clause: OHKO moves are banned
|rule|Evasion Items Clause: Evasion items are banned
|rule|Evasion Moves Clause: Evasion moves are banned
|rule|Evasion Abilities Clause: Evasion abilities are banned
|rule|Sleep Moves Clause: Sleep-inducing moves are banned
|clearpoke
|poke|p1|Ninetales, F|
|poke|p1|Raging Bolt|
|poke|p1|Hatterene, F|
|poke|p1|Walking Wake|
|poke|p1|Great Tusk|
|poke|p1|Scizor, M|
|poke|p2|Slaking, M|
|poke|p2|Rampardos, F|
|poke|p2|Regirock|
|poke|p2|Vikavolt, F|
|poke|p2|Regice|
|poke|p2|Electrode|
|teampreview
|inactive|Battle timer is ON: inactive players will automatically lose when time's up. (requested by noobnpc_69)
|
|t:|1779605920
|teamsize|p1|6
|teamsize|p2|6
|start
|switch|p1a: Scizor|Scizor, M|100/100
|switch|p2a: Vikavolt|Vikavolt, F|100/100
|turn|1
|
|t:|1779605922
|move|p1a: Scizor|Dual Wingbeat|p2a: Vikavolt
|-damage|p2a: Vikavolt|69/100
|-damage|p2a: Vikavolt|34/100
|-hitcount|p2a: Vikavolt|2
|move|p2a: Vikavolt|Sticky Web|p1a: Scizor
|-sidestart|p1: MallyBoy005|move: Sticky Web
|
|upkeep
|turn|2
|
|t:|1779605928
|move|p1a: Scizor|Dual Wingbeat|p2a: Vikavolt
|-damage|p2a: Vikavolt|3/100
|-crit|p2a: Vikavolt
|-damage|p2a: Vikavolt|0 fnt
|faint|p2a: Vikavolt
|-hitcount|p2: Vikavolt|2
|
|upkeep
|
|t:|1779605938
|switch|p2a: Rampardos|Rampardos, F|100/100
|turn|3
|
|t:|1779605949
|switch|p1a: Great Tusk|Great Tusk, shiny|100/100
|-activate|p1a: Great Tusk|move: Sticky Web
|-unboost|p1a: Great Tusk|spe|1
|move|p2a: Rampardos|Fire Punch|p1a: Great Tusk
|-damage|p1a: Great Tusk|71/100
|-damage|p2a: Rampardos|84/100|[from] item: Rocky Helmet|[of] p1a: Great Tusk
|
|upkeep
|turn|4
|
|t:|1779605961
|switch|p2a: Electrode|Electrode|100/100
|move|p1a: Great Tusk|Rapid Spin|p2a: Electrode
|-damage|p2a: Electrode|77/100
|-boost|p1a: Great Tusk|spe|1
|-sideend|p1: MallyBoy005|Sticky Web|[from] move: Rapid Spin|[of] p1a: Great Tusk
|
|upkeep
|turn|5
|
|t:|1779605971
|move|p2a: Electrode|Light Screen|p2a: Electrode
|-sidestart|p2: noobnpc_69|move: Light Screen
|move|p1a: Great Tusk|Headlong Rush|p2a: Electrode
|-supereffective|p2a: Electrode
|-damage|p2a: Electrode|0 fnt
|-unboost|p1a: Great Tusk|def|1
|-unboost|p1a: Great Tusk|spd|1
|-damage|p1a: Great Tusk|46/100|[from] ability: Aftermath|[of] p2a: Electrode
|faint|p2a: Electrode
|
|upkeep
|
|t:|1779605980
|switch|p2a: Regirock|Regirock|100/100
|turn|6
|
|t:|1779605984
|move|p1a: Great Tusk|Headlong Rush|p2a: Regirock
|-supereffective|p2a: Regirock
|-damage|p2a: Regirock|46/100
|-unboost|p1a: Great Tusk|def|1
|-unboost|p1a: Great Tusk|spd|1
|move|p2a: Regirock|Curse|p2a: Regirock
|-unboost|p2a: Regirock|spe|1
|-boost|p2a: Regirock|atk|1
|-boost|p2a: Regirock|def|1
|
|upkeep
|turn|7
|
|t:|1779605992
|move|p1a: Great Tusk|Headlong Rush|p2a: Regirock
|-supereffective|p2a: Regirock
|-damage|p2a: Regirock|5/100
|-unboost|p1a: Great Tusk|def|1
|-unboost|p1a: Great Tusk|spd|1
|move|p2a: Regirock|Rest|p2a: Regirock
|-status|p2a: Regirock|slp|[from] move: Rest
|-heal|p2a: Regirock|100/100 slp|[silent]
|-enditem|p2a: Regirock|Chesto Berry|[eat]
|-curestatus|p2a: Regirock|slp|[msg]
|
|upkeep
|turn|8
|
|t:|1779605998
|move|p1a: Great Tusk|Headlong Rush|p2a: Regirock
|-supereffective|p2a: Regirock
|-damage|p2a: Regirock|64/100
|-unboost|p1a: Great Tusk|def|1
|-unboost|p1a: Great Tusk|spd|1
|move|p2a: Regirock|Body Press|p1a: Great Tusk
|-crit|p1a: Great Tusk
|-damage|p1a: Great Tusk|0 fnt
|-damage|p2a: Regirock|47/100|[from] item: Rocky Helmet|[of] p1a: Great Tusk
|faint|p1a: Great Tusk
|-end|p1a: Great Tusk|Protosynthesis|[silent]
|
|upkeep
|
|t:|1779606002
|switch|p1a: Scizor|Scizor, M|100/100
|turn|9
|
|t:|1779606007
|-terastallize|p1a: Scizor|Steel
|move|p1a: Scizor|Bullet Punch|p2a: Regirock
|-supereffective|p2a: Regirock
|-damage|p2a: Regirock|4/100
|move|p2a: Regirock|Body Press|p1a: Scizor
|-supereffective|p1a: Scizor
|-damage|p1a: Scizor|0 fnt
|faint|p1a: Scizor
|
|upkeep
|
|t:|1779606015
|switch|p1a: Ninetales|Ninetales, F, shiny|100/100
|-weather|SunnyDay|[from] ability: Drought|[of] p1a: Ninetales
|turn|10
|
|t:|1779606019
|move|p1a: Ninetales|Weather Ball|p2a: Regirock
|-resisted|p2a: Regirock
|-damage|p2a: Regirock|0 fnt
|faint|p2a: Regirock
|
|-weather|SunnyDay|[upkeep]
|upkeep
|
|t:|1779606036
|switch|p2a: Slaking|Slaking, M|100/100
|turn|11
|
|t:|1779606041
|move|p2a: Slaking|Earthquake|p1a: Ninetales
|-supereffective|p1a: Ninetales
|-damage|p1a: Ninetales|0 fnt
|faint|p1a: Ninetales
|
|-weather|SunnyDay|[upkeep]
|upkeep
|
|t:|1779606055
|switch|p1a: Hatterene|Hatterene, F|100/100
|turn|12
|
|t:|1779606067
|switch|p2a: Regice|Regice|100/100
|move|p1a: Hatterene|Calm Mind|p1a: Hatterene
|-boost|p1a: Hatterene|spa|1
|-boost|p1a: Hatterene|spd|1
|
|-weather|SunnyDay|[upkeep]
|-sideend|p2: noobnpc_69|move: Light Screen
|upkeep
|turn|13
|
|t:|1779606077
|move|p2a: Regice|Zap Cannon|p1a: Hatterene
|-damage|p1a: Hatterene|76/100
|move|p1a: Hatterene|Mystical Fire|p2a: Regice
|-supereffective|p2a: Regice
|-damage|p2a: Regice|42/100
|
|-weather|SunnyDay|[upkeep]
|upkeep
|turn|14
|c|☆noobnpc_69|Paralysis?
|
|t:|1779606099
|move|p2a: Regice|Ice Beam|p1a: Hatterene
|-damage|p1a: Hatterene|50/100
|move|p1a: Hatterene|Draining Kiss|p2a: Regice
|-damage|p2a: Regice|20/100
|-heal|p1a: Hatterene|65/100|[from] drain|[of] p2a: Regice
|
|-weather|SunnyDay|[upkeep]
|upkeep
|turn|15
|
|t:|1779606108
|move|p2a: Regice|Zap Cannon|p1a: Hatterene|[miss]
|-miss|p2a: Regice|p1a: Hatterene
|-enditem|p2a: Regice|Blunder Policy
|-boost|p2a: Regice|spe|2
|move|p1a: Hatterene|Draining Kiss|p2a: Regice
|-damage|p2a: Regice|0 fnt
|-heal|p1a: Hatterene|79/100|[from] drain|[of] p2a: Regice
|faint|p2a: Regice
|
|-weather|SunnyDay|[upkeep]
|upkeep
|
|t:|1779606111
|switch|p2a: Slaking|Slaking, M|100/100
|turn|16
|
|t:|1779606116
|-terastallize|p2a: Slaking|Fairy
|move|p2a: Slaking|Play Rough|p1a: Hatterene
|-damage|p1a: Hatterene|12/100
|move|p1a: Hatterene|Draining Kiss|p2a: Slaking
|-damage|p2a: Slaking|64/100
|-heal|p1a: Hatterene|50/100|[from] drain|[of] p2a: Slaking
|
|-weather|SunnyDay|[upkeep]
|upkeep
|turn|17
|
|t:|1779606127
|switch|p2a: Rampardos|Rampardos, F|84/100
|move|p1a: Hatterene|Draining Kiss|p2a: Rampardos
|-damage|p2a: Rampardos|20/100
|-heal|p1a: Hatterene|100/100|[from] drain|[of] p2a: Rampardos
|
|-weather|none
|upkeep
|turn|18
|
|t:|1779606133
|move|p2a: Rampardos|Rock Slide|p1a: Hatterene
|-damage|p1a: Hatterene|50/100
|move|p1a: Hatterene|Draining Kiss|p2a: Rampardos
|-damage|p2a: Rampardos|0 fnt
|-heal|p1a: Hatterene|66/100|[from] drain|[of] p2a: Rampardos
|faint|p2a: Rampardos
|
|upkeep
|
|t:|1779606136
|switch|p2a: Slaking|Slaking, M, tera:Fairy|64/100
|turn|19
|
|t:|1779606138
|move|p2a: Slaking|Play Rough|p1a: Hatterene
|-damage|p1a: Hatterene|0 fnt
|faint|p1a: Hatterene
|
|upkeep
|
|t:|1779606141
|switch|p1a: Walking Wake|Walking Wake|100/100
|turn|20
|
|t:|1779606147
|move|p1a: Walking Wake|Hydro Steam|p2a: Slaking
|-damage|p2a: Slaking|0 fnt
|faint|p2a: Slaking
|
|win|MallyBoy005
|raw|MallyBoy005's rating: 1323 &rarr; <strong>1344</strong><br />(+21 for winning)
|raw|noobnpc_69's rating: 1344 &rarr; <strong>1323</strong><br />(-21 for losing)
|l|☆noobnpc_69
|player|p2|
|l|‽MallyBoy005
|player|p1|
