|j|☆StockFP0524b
|j|☆Harley Getsinger
|t:|1779649618
|gametype|singles
|player|p1|StockFP0524b|1|1234
|player|p2|Harley Getsinger|linebacker|1192
|gen|9
|tier|[Gen 9] OU
|rated|
|rule|HP Percentage Mod: HP is shown in percentages
|rule|Endless Battle Clause: Forcing endless battles is banned
|rule|Species Clause: Limit one of each Pokémon
|rule|OHKO Clause: OHKO moves are banned
|rule|Evasion Items Clause: Evasion items are banned
|rule|Evasion Moves Clause: Evasion moves are banned
|rule|Evasion Abilities Clause: Evasion abilities are banned
|rule|Sleep Moves Clause: Sleep-inducing moves are banned
|clearpoke
|poke|p1|Glimmora, M|
|poke|p1|Great Tusk|
|poke|p1|Gholdengo|
|poke|p1|Dragapult, M|
|poke|p1|Primarina, M|
|poke|p1|Kingambit, F|
|poke|p2|Smeargle, M|
|poke|p2|Heracross, M|
|poke|p2|Gholdengo|
|poke|p2|Enamorus, F|
|poke|p2|Kommo-o, M|
|poke|p2|Kingambit, M|
|teampreview
|
|t:|1779649622
|teamsize|p1|6
|teamsize|p2|6
|start
|switch|p1a: Primarina|Primarina, M|100/100
|switch|p2a: Smeargle|Smeargle, M|100/100
|turn|1
|inactive|Battle timer is ON: inactive players will automatically lose when time's up. (requested by StockFP0524b)
|
|t:|1779649629
|move|p2a: Smeargle|Sticky Web|p1a: Primarina
|-sidestart|p1: StockFP0524b|move: Sticky Web
|move|p1a: Primarina|Surf|p2a: Smeargle
|-enditem|p2a: Smeargle|Focus Sash
|-damage|p2a: Smeargle|1/100
|
|upkeep
|turn|2
|
|t:|1779649635
|switch|p1a: Great Tusk|Great Tusk|100/100
|move|p2a: Smeargle|Stone Axe|p1a: Great Tusk
|-resisted|p1a: Great Tusk
|-damage|p1a: Great Tusk|99/100
|-sidestart|p1: StockFP0524b|move: Stealth Rock
|
|upkeep
|turn|3
|
|t:|1779649643
|switch|p2a: Gholdengo|Gholdengo|100/100
|-item|p2a: Gholdengo|Air Balloon
|move|p1a: Great Tusk|Rapid Spin|p2a: Gholdengo
|-immune|p2a: Gholdengo
|
|upkeep
|turn|4
|
|t:|1779649651
|move|p1a: Great Tusk|Knock Off|p2a: Gholdengo
|-supereffective|p2a: Gholdengo
|-damage|p2a: Gholdengo|29/100
|-enditem|p2a: Gholdengo|Air Balloon
|move|p2a: Gholdengo|Nasty Plot|p2a: Gholdengo
|-boost|p2a: Gholdengo|spa|2
|
|upkeep
|turn|5
|
|t:|1779649658
|move|p1a: Great Tusk|Headlong Rush|p2a: Gholdengo
|-supereffective|p2a: Gholdengo
|-damage|p2a: Gholdengo|0 fnt
|-unboost|p1a: Great Tusk|def|1
|-unboost|p1a: Great Tusk|spd|1
|faint|p2a: Gholdengo
|
|upkeep
|
|t:|1779649669
|switch|p2a: Kommo-o|Kommo-o, M|100/100
|turn|6
|
|t:|1779649673
|move|p1a: Great Tusk|Rapid Spin|p2a: Kommo-o
|-crit|p2a: Kommo-o
|-damage|p2a: Kommo-o|76/100
|-boost|p1a: Great Tusk|spe|1
|-sideend|p1: StockFP0524b|Stealth Rock|[from] move: Rapid Spin|[of] p1a: Great Tusk
|-sideend|p1: StockFP0524b|Sticky Web|[from] move: Rapid Spin|[of] p1a: Great Tusk
|move|p2a: Kommo-o|Boomburst|p1a: Great Tusk
|-damage|p1a: Great Tusk|0 fnt
|faint|p1a: Great Tusk
|-end|p1a: Great Tusk|Protosynthesis|[silent]
|-enditem|p2a: Kommo-o|Throat Spray
|-boost|p2a: Kommo-o|spa|1|[from] item: Throat Spray
|
|upkeep
|
|t:|1779649678
|switch|p1a: Primarina|Primarina, M|100/100
|turn|7
|
|t:|1779649687
|-terastallize|p2a: Kommo-o|Normal
|move|p2a: Kommo-o|Clangorous Soul|p2a: Kommo-o
|-boost|p2a: Kommo-o|atk|1
|-boost|p2a: Kommo-o|def|1
|-boost|p2a: Kommo-o|spa|1
|-boost|p2a: Kommo-o|spd|1
|-boost|p2a: Kommo-o|spe|1
|-damage|p2a: Kommo-o|43/100
|move|p1a: Primarina|Moonblast|p2a: Kommo-o
|-damage|p2a: Kommo-o|2/100
|
|upkeep
|turn|8
|
|t:|1779649700
|switch|p1a: Dragapult|Dragapult, M|100/100
|move|p2a: Kommo-o|Boomburst|p1a: Dragapult
|-immune|p1a: Dragapult
|
|upkeep
|turn|9
|
|t:|1779649707
|switch|p1a: Primarina|Primarina, M|100/100
|move|p2a: Kommo-o|Clanging Scales|p1a: Primarina
|-immune|p1a: Primarina
|
|upkeep
|turn|10
|
|t:|1779649715
|move|p2a: Kommo-o|Boomburst|p1a: Primarina
|-damage|p1a: Primarina|29/100
|move|p1a: Primarina|Flip Turn|p2a: Kommo-o
|-damage|p2a: Kommo-o|0 fnt
|faint|p2a: Kommo-o
|
|t:|1779649718
|switch|p1a: Glimmora|Glimmora, M|100/100|[from] Flip Turn
|
|upkeep
|
|t:|1779649728
|switch|p2a: Heracross|Heracross, M, shiny|100/100
|turn|11
|
|t:|1779649732
|switch|p1a: Gholdengo|Gholdengo|100/100
|-item|p1a: Gholdengo|Air Balloon
|move|p2a: Heracross|Swords Dance|p2a: Heracross
|-boost|p2a: Heracross|atk|2
|
|upkeep
|turn|12
|
|t:|1779649740
|move|p2a: Heracross|Rock Blast|p1a: Gholdengo
|-resisted|p1a: Gholdengo
|-damage|p1a: Gholdengo|92/100
|-enditem|p1a: Gholdengo|Air Balloon
|-resisted|p1a: Gholdengo
|-damage|p1a: Gholdengo|82/100
|-resisted|p1a: Gholdengo
|-damage|p1a: Gholdengo|72/100
|-resisted|p1a: Gholdengo
|-damage|p1a: Gholdengo|63/100
|-resisted|p1a: Gholdengo
|-damage|p1a: Gholdengo|54/100
|-hitcount|p1a: Gholdengo|5
|move|p1a: Gholdengo|Make It Rain|p2a: Heracross
|-damage|p2a: Heracross|22/100
|-unboost|p1a: Gholdengo|spa|1
|
|upkeep
|turn|13
|
|t:|1779649758
|move|p2a: Heracross|Rock Blast|p1a: Gholdengo
|-resisted|p1a: Gholdengo
|-damage|p1a: Gholdengo|45/100
|-resisted|p1a: Gholdengo
|-damage|p1a: Gholdengo|34/100
|-resisted|p1a: Gholdengo
|-damage|p1a: Gholdengo|24/100
|-resisted|p1a: Gholdengo
|-damage|p1a: Gholdengo|14/100
|-hitcount|p1a: Gholdengo|4
|move|p1a: Gholdengo|Recover|p1a: Gholdengo
|-heal|p1a: Gholdengo|65/100
|
|upkeep
|turn|14
|
|t:|1779649769
|move|p2a: Heracross|Rock Blast|p1a: Gholdengo
|-resisted|p1a: Gholdengo
|-damage|p1a: Gholdengo|56/100
|-resisted|p1a: Gholdengo
|-damage|p1a: Gholdengo|46/100
|-resisted|p1a: Gholdengo
|-damage|p1a: Gholdengo|36/100
|-resisted|p1a: Gholdengo
|-damage|p1a: Gholdengo|27/100
|-resisted|p1a: Gholdengo
|-damage|p1a: Gholdengo|17/100
|-hitcount|p1a: Gholdengo|5
|move|p1a: Gholdengo|Recover|p1a: Gholdengo
|-heal|p1a: Gholdengo|67/100
|
|upkeep
|turn|15
|
|t:|1779649782
|switch|p1a: Glimmora|Glimmora, M|100/100
|move|p2a: Heracross|Rock Blast|p1a: Glimmora
|-damage|p1a: Glimmora|79/100
|-activate|p1a: Glimmora|ability: Toxic Debris
|-sidestart|p2: Harley Getsinger|move: Toxic Spikes
|-damage|p1a: Glimmora|57/100
|-activate|p1a: Glimmora|ability: Toxic Debris
|-sidestart|p2: Harley Getsinger|move: Toxic Spikes
|-damage|p1a: Glimmora|36/100
|-damage|p1a: Glimmora|17/100
|-damage|p1a: Glimmora|0 fnt
|faint|p1a: Glimmora
|-ability|p2a: Heracross|Moxie|boost
|-boost|p2a: Heracross|atk|1
|-hitcount|p1: Glimmora|5
|
|upkeep
|
|t:|1779649786
|switch|p1a: Kingambit|Kingambit, F|100/100
|-activate|p1a: Kingambit|ability: Supreme Overlord
|-start|p1a: Kingambit|fallen2|[silent]
|turn|16
|
|t:|1779649802
|move|p1a: Kingambit|Sucker Punch|p2a: Heracross
|-resisted|p2a: Heracross
|-damage|p2a: Heracross|0 fnt
|faint|p2a: Heracross
|
|upkeep
|
|t:|1779649807
|switch|p2a: Enamorus|Enamorus, F|100/100
|turn|17
|
|t:|1779649817
|move|p2a: Enamorus|Superpower|p1a: Kingambit
|-supereffective|p1a: Kingambit
|-damage|p1a: Kingambit|0 fnt
|-boost|p2a: Enamorus|atk|1
|-boost|p2a: Enamorus|def|1
|faint|p1a: Kingambit
|-end|p1a: Kingambit|fallen2|[silent]
|
|upkeep
|
|t:|1779649821
|switch|p1a: Gholdengo|Gholdengo|67/100
|turn|18
|
|t:|1779649827
|switch|p2a: Smeargle|Smeargle, M|1/100
|-status|p2a: Smeargle|tox
|-terastallize|p1a: Gholdengo|Fairy
|move|p1a: Gholdengo|Make It Rain|p2a: Smeargle
|-damage|p2a: Smeargle|0 fnt
|-unboost|p1a: Gholdengo|spa|1
|faint|p2a: Smeargle
|
|upkeep
|
|t:|1779649840
|switch|p2a: Kingambit|Kingambit, M|100/100
|-activate|p2a: Kingambit|ability: Supreme Overlord
|-start|p2a: Kingambit|fallen4|[silent]
|turn|19
|
|t:|1779649848
|switch|p1a: Dragapult|Dragapult, M|100/100
|move|p2a: Kingambit|Swords Dance|p2a: Kingambit
|-boost|p2a: Kingambit|atk|2
|
|upkeep
|turn|20
|
|t:|1779649855
|move|p2a: Kingambit|Sucker Punch||[still]
|-fail|p2a: Kingambit
|move|p1a: Dragapult|Will-O-Wisp|p2a: Kingambit
|-status|p2a: Kingambit|brn
|
|-damage|p2a: Kingambit|94/100 brn|[from] brn
|upkeep
|turn|21
|
|t:|1779649864
|move|p2a: Kingambit|Sucker Punch|p1a: Dragapult
|-supereffective|p1a: Dragapult
|-damage|p1a: Dragapult|0 fnt
|faint|p1a: Dragapult
|
|-damage|p2a: Kingambit|88/100 brn|[from] brn
|upkeep
|
|t:|1779649867
|switch|p1a: Gholdengo|Gholdengo, tera:Fairy|67/100
|turn|22
|
|t:|1779649873
|move|p1a: Gholdengo|Shadow Ball|p2a: Kingambit
|-resisted|p2a: Kingambit
|-damage|p2a: Kingambit|65/100 brn
|move|p2a: Kingambit|Iron Head|p1a: Gholdengo
|-supereffective|p1a: Gholdengo
|-damage|p1a: Gholdengo|0 fnt
|faint|p1a: Gholdengo
|
|-damage|p2a: Kingambit|59/100 brn|[from] brn
|upkeep
|
|t:|1779649875
|switch|p1a: Primarina|Primarina, M|29/100
|turn|23
|
|t:|1779649885
|move|p2a: Kingambit|Iron Head|p1a: Primarina
|-damage|p1a: Primarina|0 fnt
|faint|p1a: Primarina
|
|win|Harley Getsinger
|raw|StockFP0524b's rating: 1234 &rarr; <strong>1206</strong><br />(-28 for losing)
|raw|Harley Getsinger's rating: 1192 &rarr; <strong>1220</strong><br />(+28 for winning)
