|j|☆darksora420
|j|☆rajah945
|t:|1779578689
|gametype|singles
|player|p1|darksora420|265|1212
|player|p2|rajah945|byron|1265
|gen|9
|tier|[Gen 9] OU
|rated|
|rule|HP Percentage Mod: HP is shown in percentages
|rule|Endless Battle Clause: Forcing endless battles is banned
|rule|Species Clause: Limit one of each Pokémon
|rule|OHKO Clause: OHKO moves are banned
|rule|Evasion Items Clause: Evasion items are banned
|rule|Evasion Moves Clause: Evasion moves are banned
|rule|Evasion Abilities Clause: Evasion abilities are banned
|rule|Sleep Moves Clause: Sleep-inducing moves are banned
|clearpoke
|poke|p1|Ogerpon-Wellspring, F|
|poke|p1|Pelipper, M|
|poke|p1|Barraskewda, F|
|poke|p1|Araquanid, M|
|poke|p1|Great Tusk|
|poke|p1|Basculegion-F, F|
|poke|p2|Bastiodon, M|
|poke|p2|Tyranitar, M|
|poke|p2|Corviknight, M|
|poke|p2|Gengar, M|
|poke|p2|Heracross, M|
|poke|p2|Zapdos|
|teampreview
|inactive|Battle timer is ON: inactive players will automatically lose when time's up. (requested by rajah945)
|
|t:|1779578717
|teamsize|p1|6
|teamsize|p2|6
|start
|switch|p1a: Araquanid|Araquanid, M|100/100
|switch|p2a: Gengar|Gengar, M|100/100
|turn|1
|
|t:|1779578738
|move|p2a: Gengar|Shadow Ball|p1a: Araquanid
|-damage|p1a: Araquanid|68/100
|-unboost|p1a: Araquanid|spd|1
|move|p1a: Araquanid|Surf|p2a: Gengar
|-damage|p2a: Gengar|45/100
|
|upkeep
|turn|2
|
|t:|1779578748
|switch|p1a: Pelipper|Pelipper, M|100/100
|-weather|RainDance|[from] ability: Drizzle|[of] p1a: Pelipper
|move|p2a: Gengar|Destiny Bond|p2a: Gengar
|-singlemove|p2a: Gengar|Destiny Bond
|
|-weather|RainDance|[upkeep]
|upkeep
|turn|3
|
|t:|1779578759
|move|p2a: Gengar|Shadow Ball|p1a: Pelipper
|-damage|p1a: Pelipper|37/100
|move|p1a: Pelipper|U-turn|p2a: Gengar
|-resisted|p2a: Gengar
|-damage|p2a: Gengar|41/100
|
|t:|1779578762
|switch|p1a: Barraskewda|Barraskewda, F|100/100|[from] U-turn
|
|-weather|RainDance|[upkeep]
|upkeep
|turn|4
|
|t:|1779578769
|switch|p2a: Zapdos|Zapdos|100/100
|move|p1a: Barraskewda|Liquidation|p2a: Zapdos
|-damage|p2a: Zapdos|0 fnt
|faint|p2a: Zapdos
|
|-weather|RainDance|[upkeep]
|upkeep
|
|t:|1779578787
|switch|p2a: Tyranitar|Tyranitar, M|100/100
|-weather|Sandstorm|[from] ability: Sand Stream|[of] p2a: Tyranitar
|turn|5
|
|t:|1779578790
|-terastallize|p1a: Barraskewda|Water
|move|p1a: Barraskewda|Liquidation|p2a: Tyranitar
|-supereffective|p2a: Tyranitar
|-damage|p2a: Tyranitar|0 fnt
|faint|p2a: Tyranitar
|
|-weather|Sandstorm|[upkeep]
|-damage|p1a: Barraskewda|94/100|[from] Sandstorm
|upkeep
|
|t:|1779578812
|switch|p2a: Heracross|Heracross, M|100/100
|turn|6
|
|t:|1779578821
|switch|p1a: Pelipper|Pelipper, M|37/100
|-weather|RainDance|[from] ability: Drizzle|[of] p1a: Pelipper
|move|p2a: Heracross|Trailblaze|p1a: Pelipper
|-damage|p1a: Pelipper|25/100
|-boost|p2a: Heracross|spe|1
|
|-weather|RainDance|[upkeep]
|upkeep
|turn|7
|
|t:|1779578841
|move|p2a: Heracross|Knock Off|p1a: Pelipper
|-damage|p1a: Pelipper|2/100
|-enditem|p1a: Pelipper|Damp Rock|[from] move: Knock Off|[of] p2a: Heracross
|move|p1a: Pelipper|Hurricane|p2a: Heracross
|-supereffective|p2a: Heracross
|-damage|p2a: Heracross|0 fnt
|faint|p2a: Heracross
|
|-weather|RainDance|[upkeep]
|upkeep
|inactive|rajah945 has 120 seconds left.
|
|t:|1779578867
|switch|p2a: Bastiodon|Bastiodon, M|100/100
|turn|8
|
|t:|1779578874
|-terastallize|p2a: Bastiodon|Electric
|move|p1a: Pelipper|Surf|p2a: Bastiodon
|-damage|p2a: Bastiodon|62/100
|move|p2a: Bastiodon|Iron Defense|p2a: Bastiodon
|-boost|p2a: Bastiodon|def|2
|
|-weather|RainDance|[upkeep]
|-heal|p2a: Bastiodon|68/100|[from] item: Leftovers
|upkeep
|turn|9
|
|t:|1779578882
|move|p1a: Pelipper|Surf|p2a: Bastiodon
|-damage|p2a: Bastiodon|30/100
|move|p2a: Bastiodon|Iron Defense|p2a: Bastiodon
|-boost|p2a: Bastiodon|def|2
|
|-weather|RainDance|[upkeep]
|-heal|p2a: Bastiodon|37/100|[from] item: Leftovers
|upkeep
|turn|10
|inactive|darksora420 has 120 seconds left.
|
|t:|1779578916
|move|p1a: Pelipper|Surf|p2a: Bastiodon
|-damage|p2a: Bastiodon|0 fnt
|faint|p2a: Bastiodon
|
|-weather|RainDance|[upkeep]
|upkeep
|
|t:|1779578927
|switch|p2a: Corviknight|Corviknight, M|100/100
|turn|11
|inactive|darksora420 has 120 seconds left.
|
|t:|1779578945
|move|p2a: Corviknight|Brave Bird|p1a: Pelipper
|-damage|p1a: Pelipper|0 fnt
|faint|p1a: Pelipper
|-damage|p2a: Corviknight|99/100|[from] Recoil
|
|-weather|RainDance|[upkeep]
|upkeep
|inactive|darksora420 has 120 seconds left.
|
|t:|1779578950
|switch|p1a: Basculegion|Basculegion-F, F|100/100
|turn|12
|
|t:|1779578967
|move|p1a: Basculegion|Surf|p2a: Corviknight
|-damage|p2a: Corviknight|11/100
|move|p2a: Corviknight|Brave Bird|p1a: Basculegion
|-damage|p1a: Basculegion|57/100
|-damage|p2a: Corviknight|0 fnt|[from] Recoil
|faint|p2a: Corviknight
|
|-weather|RainDance|[upkeep]
|upkeep
|
|t:|1779578973
|switch|p2a: Gengar|Gengar, M|41/100
|turn|13
|
|t:|1779578982
|move|p1a: Basculegion|Surf|p2a: Gengar
|-damage|p2a: Gengar|0 fnt
|faint|p2a: Gengar
|
|win|darksora420
|raw|darksora420's rating: 1212 &rarr; <strong>1241</strong><br />(+29 for winning)
|raw|rajah945's rating: 1265 &rarr; <strong>1236</strong><br />(-29 for losing)
|l|☆darksora420
|player|p1|
|l|☆rajah945
|player|p2|
