|badge|p1|bronze|gen9ou|100-9
|badge|p1|bronze|gen9pu|100-9
|uhtml|medal-msg|<div class="broadcast-blue">Curious what those medals under the avatar are? PS now has Ladder Seasons! For more information, check out the <a href="https://www.smogon.com/forums/threads/3740067/">thread on Smogon.</a></div>
|j|☆Ceo O Wo Chien
|j|‽GyaradosDragon
|t:|1779604181
|gametype|singles
|player|p1|Ceo O Wo Chien|fisherman-gen4|1792
|player|p2|GyaradosDragon|rocketgrunt|1714
|gen|9
|tier|[Gen 9] OU
|rated|
|rule|HP Percentage Mod: HP is shown in percentages
|rule|Endless Battle Clause: Forcing endless battles is banned
|rule|Species Clause: Limit one of each Pokémon
|rule|OHKO Clause: OHKO moves are banned
|rule|Evasion Items Clause: Evasion items are banned
|rule|Evasion Moves Clause: Evasion moves are banned
|rule|Evasion Abilities Clause: Evasion abilities are banned
|rule|Sleep Moves Clause: Sleep-inducing moves are banned
|clearpoke
|poke|p1|Wo-Chien|
|poke|p1|Cresselia, F|
|poke|p1|Kingambit, F|
|poke|p1|Raging Bolt|
|poke|p1|Iron Treads|
|poke|p1|Ogerpon-Wellspring, F|
|poke|p2|Ninetales-Alola, M|
|poke|p2|Klefki, M|
|poke|p2|Maushold-Four|
|poke|p2|Latias, F|
|poke|p2|Okidogi, M|
|poke|p2|Kyurem|
|teampreview
|inactive|Battle timer is ON: inactive players will automatically lose when time's up. (requested by Ceo O Wo Chien)
|j| Kakimori
|c| Kakimori|ayy thanks for the build the other day
|
|t:|1779604199
|teamsize|p1|6
|teamsize|p2|6
|start
|switch|p1a: Cresselia|Cresselia, F|100/100
|switch|p2a: Klefki|Klefki, M|100/100
|turn|1
|c|☆Ceo O Wo Chien|no worries! hope its working okay lol
|
|t:|1779604210
|move|p2a: Klefki|Reflect|p2a: Klefki
|-sidestart|p2: GyaradosDragon|Reflect
|move|p1a: Cresselia|Thunder Wave|p2a: Klefki
|-status|p2a: Klefki|par
|
|upkeep
|turn|2
|
|t:|1779604214
|switch|p1a: Iron Treads|Iron Treads|100/100
|cant|p2a: Klefki|par
|
|upkeep
|turn|3
|
|t:|1779604218
|move|p2a: Klefki|Light Screen|p2a: Klefki
|-sidestart|p2: GyaradosDragon|move: Light Screen
|move|p1a: Iron Treads|Knock Off|p2a: Klefki
|-resisted|p2a: Klefki
|-damage|p2a: Klefki|94/100 par
|-enditem|p2a: Klefki|Light Clay|[from] move: Knock Off|[of] p1a: Iron Treads
|
|upkeep
|turn|4
|c| Kakimori|Cresselia in Gen 9 is wild work
|
|t:|1779604224
|switch|p2a: Latias|Latias, F|100/100
|move|p1a: Iron Treads|Stealth Rock|p2a: Latias
|-sidestart|p2: GyaradosDragon|move: Stealth Rock
|
|upkeep
|turn|5
|c| Kakimori|haven't had a chance to play yet tbh
|
|t:|1779604232
|-end|p1a: Iron Treads|Quark Drive|[silent]
|switch|p1a: Escargoat|Wo-Chien|100/100
|-ability|p1a: Escargoat|Tablets of Ruin
|move|p2a: Latias|Agility|p2a: Latias
|-boost|p2a: Latias|spe|2
|
|upkeep
|turn|6
|
|t:|1779604234
|move|p2a: Latias|Calm Mind|p2a: Latias
|-boost|p2a: Latias|spa|1
|-boost|p2a: Latias|spd|1
|move|p1a: Escargoat|Leech Seed|p2a: Latias|[miss]
|-miss|p1a: Escargoat|p2a: Latias
|
|upkeep
|turn|7
|
|t:|1779604238
|move|p2a: Latias|Calm Mind|p2a: Latias
|-boost|p2a: Latias|spa|1
|-boost|p2a: Latias|spd|1
|move|p1a: Escargoat|Leech Seed|p2a: Latias
|-start|p2a: Latias|move: Leech Seed
|
|-damage|p2a: Latias|88/100|[from] Leech Seed|[of] p1a: Escargoat
|upkeep
|turn|8
|
|t:|1779604242
|move|p2a: Latias|Calm Mind|p2a: Latias
|-boost|p2a: Latias|spa|1
|-boost|p2a: Latias|spd|1
|move|p1a: Escargoat|Stun Spore|p2a: Latias|[miss]
|-miss|p1a: Escargoat|p2a: Latias
|
|-damage|p2a: Latias|76/100|[from] Leech Seed|[of] p1a: Escargoat
|-sideend|p2: GyaradosDragon|Reflect
|upkeep
|turn|9
|
|t:|1779604245
|move|p2a: Latias|Aura Sphere|p1a: Escargoat
|-supereffective|p1a: Escargoat
|-damage|p1a: Escargoat|0 fnt
|faint|p1a: Escargoat
|
|upkeep
|
|t:|1779604253
|switch|p1a: Cresselia|Cresselia, F|100/100
|turn|10
|
|t:|1779604255
|move|p2a: Latias|Stored Power|p1a: Cresselia
|-resisted|p1a: Cresselia
|-damage|p1a: Cresselia|30/100
|move|p1a: Cresselia|Thunder Wave|p2a: Latias
|-status|p2a: Latias|par
|
|-damage|p2a: Latias|64/100 par|[from] Leech Seed|[of] p1a: Cresselia
|-heal|p1a: Cresselia|38/100|[silent]
|-sideend|p2: GyaradosDragon|move: Light Screen
|upkeep
|turn|11
|
|t:|1779604260
|move|p2a: Latias|Stored Power|p1a: Cresselia
|-resisted|p1a: Cresselia
|-damage|p1a: Cresselia|0 fnt
|faint|p1a: Cresselia
|
|upkeep
|
|t:|1779604267
|switch|p1a: Iron Treads|Iron Treads|100/100
|turn|12
|
|t:|1779604269
|move|p1a: Iron Treads|Knock Off|p2a: Latias
|-supereffective|p2a: Latias
|-damage|p2a: Latias|19/100 par
|-enditem|p2a: Latias|Weakness Policy
|-boost|p2a: Latias|atk|2|[from] item: Weakness Policy
|-boost|p2a: Latias|spa|2|[from] item: Weakness Policy
|move|p2a: Latias|Stored Power|p1a: Iron Treads
|-resisted|p1a: Iron Treads
|-damage|p1a: Iron Treads|0 fnt
|faint|p1a: Iron Treads
|-end|p1a: Iron Treads|Quark Drive|[silent]
|
|upkeep
|
|t:|1779604272
|switch|p1a: Kingambit|Kingambit, F|100/100
|-activate|p1a: Kingambit|ability: Supreme Overlord
|-start|p1a: Kingambit|fallen3|[silent]
|turn|13
|
|t:|1779604274
|move|p1a: Kingambit|Sucker Punch|p2a: Latias
|-supereffective|p2a: Latias
|-damage|p2a: Latias|0 fnt
|faint|p2a: Latias
|
|upkeep
|
|t:|1779604276
|switch|p2a: Maushold|Maushold-Four|100/100
|-damage|p2a: Maushold|88/100|[from] Stealth Rock
|turn|14
|
|t:|1779604280
|-end|p1a: Kingambit|fallen3|[silent]
|switch|p1a: Raging Bolt|Raging Bolt|100/100
|-enditem|p1a: Raging Bolt|Booster Energy
|-activate|p1a: Raging Bolt|ability: Protosynthesis|[fromitem]
|-start|p1a: Raging Bolt|protosynthesisspa
|move|p2a: Maushold|Tidy Up|p2a: Maushold
|-sideend|p2: GyaradosDragon|Stealth Rock
|-activate|p2a: Maushold|move: Tidy Up
|-boost|p2a: Maushold|atk|1
|-boost|p2a: Maushold|spe|1
|
|upkeep
|turn|15
|
|t:|1779604283
|-terastallize|p1a: Raging Bolt|Ghost
|move|p2a: Maushold|Population Bomb|p1a: Raging Bolt
|-immune|p1a: Raging Bolt
|move|p1a: Raging Bolt|Thunderbolt|p2a: Maushold
|-damage|p2a: Maushold|0 fnt
|faint|p2a: Maushold
|
|upkeep
|
|t:|1779604286
|switch|p2a: Ninetales|Ninetales-Alola, M|100/100
|-weather|Snowscape|[from] ability: Snow Warning|[of] p2a: Ninetales
|turn|16
|
|t:|1779604289
|move|p2a: Ninetales|Aurora Veil|p2a: Ninetales
|-sidestart|p2: GyaradosDragon|move: Aurora Veil
|move|p1a: Raging Bolt|Thunderbolt|p2a: Ninetales
|-damage|p2a: Ninetales|63/100
|
|-weather|Snowscape|[upkeep]
|upkeep
|turn|17
|
|t:|1779604292
|move|p2a: Ninetales|Freeze-Dry|p1a: Raging Bolt
|-crit|p1a: Raging Bolt
|-damage|p1a: Raging Bolt|72/100
|move|p1a: Raging Bolt|Thunderbolt|p2a: Ninetales
|-damage|p2a: Ninetales|23/100
|
|-weather|Snowscape|[upkeep]
|upkeep
|turn|18
|
|t:|1779604296
|move|p2a: Ninetales|Encore|p1a: Raging Bolt
|-start|p1a: Raging Bolt|Encore
|move|p1a: Raging Bolt|Thunderbolt|p2a: Ninetales
|-damage|p2a: Ninetales|0 fnt
|faint|p2a: Ninetales
|
|-weather|Snowscape|[upkeep]
|upkeep
|
|t:|1779604297
|switch|p2a: Kyurem|Kyurem, shiny|100/100
|-ability|p2a: Kyurem|Pressure
|turn|19
|
|t:|1779604304
|-end|p1a: Raging Bolt|Protosynthesis|[silent]
|switch|p1a: Kingambit|Kingambit, F|100/100
|-activate|p1a: Kingambit|ability: Supreme Overlord
|-start|p1a: Kingambit|fallen3|[silent]
|move|p2a: Kyurem|Dragon Dance|p2a: Kyurem
|-boost|p2a: Kyurem|atk|1
|-boost|p2a: Kyurem|spe|1
|
|-weather|Snowscape|[upkeep]
|upkeep
|turn|20
|c| Kakimori|tech
|
|t:|1779604312
|-terastallize|p2a: Kyurem|Ground
|move|p2a: Kyurem|Earth Power|p1a: Kingambit
|-supereffective|p1a: Kingambit
|-damage|p1a: Kingambit|2/100
|move|p1a: Kingambit|Iron Head|p2a: Kyurem
|-damage|p2a: Kyurem|72/100
|
|-weather|none
|upkeep
|turn|21
|
|t:|1779604319
|move|p2a: Kyurem|Freeze-Dry|p1a: Kingambit
|-resisted|p1a: Kingambit
|-damage|p1a: Kingambit|0 fnt
|faint|p1a: Kingambit
|-end|p1a: Kingambit|fallen3|[silent]
|
|upkeep
|c|☆Ceo O Wo Chien|ggs
|-message|Ceo O Wo Chien forfeited.
|
|win|GyaradosDragon
|raw|Ceo O Wo Chien's rating: 1792 &rarr; <strong>1768</strong><br />(-24 for losing)
|raw|GyaradosDragon's rating: 1714 &rarr; <strong>1738</strong><br />(+24 for winning)
|l|☆Ceo O Wo Chien
|player|p1|
|l|‽GyaradosDragon
|player|p2|
|l| Kakimori
