|j|☆LePaing
|j|☆ju2508
|t:|1779711360
|gametype|singles
|player|p1|LePaing|wattson|1089
|player|p2|ju2508|1|1096
|gen|9
|tier|[Gen 9] OU
|rated|
|rule|HP Percentage Mod: HP is shown in percentages
|rule|Endless Battle Clause: Forcing endless battles is banned
|rule|Species Clause: Limit one of each Pokémon
|rule|OHKO Clause: OHKO moves are banned
|rule|Evasion Items Clause: Evasion items are banned
|rule|Evasion Moves Clause: Evasion moves are banned
|rule|Evasion Abilities Clause: Evasion abilities are banned
|rule|Sleep Moves Clause: Sleep-inducing moves are banned
|clearpoke
|poke|p1|Ninetales, F|
|poke|p1|Torkoal, M|
|poke|p1|Dragapult, F|
|poke|p1|Orthworm, M|
|poke|p1|Venusaur, M|
|poke|p1|Lilligant-Hisui, F|
|poke|p2|Feraligatr, F|
|poke|p2|Donphan, F|
|poke|p2|Sylveon, F|
|poke|p2|Magneton|
|poke|p2|Serperior, M|
|poke|p2|Flamigo, M|
|teampreview
|inactive|Battle timer is ON: inactive players will automatically lose when time's up. (requested by ju2508)
|
|t:|1779711370
|teamsize|p1|6
|teamsize|p2|6
|start
|switch|p1a: Lynn|Ninetales, F|100/100
|switch|p2a: Donphan|Donphan, F|100/100
|-weather|SunnyDay|[from] ability: Drought|[of] p1a: Lynn
|turn|1
|
|t:|1779711393
|switch|p1a: Lyle|Lilligant-Hisui, F|100/100
|switch|p2a: Sylveon|Sylveon, F|100/100
|
|-weather|SunnyDay|[upkeep]
|upkeep
|turn|2
|
|t:|1779711403
|move|p1a: Lyle|Solar Blade||[still]
|-prepare|p1a: Lyle|Solar Blade
|-anim|p1a: Lyle|Solar Blade|p2a: Sylveon
|-damage|p2a: Sylveon|23/100
|move|p2a: Sylveon|Hyper Voice|p1a: Lyle
|-supereffective|p1a: Lyle
|-damage|p1a: Lyle|0 fnt
|faint|p1a: Lyle
|
|-weather|SunnyDay|[upkeep]
|-heal|p2a: Sylveon|30/100|[from] item: Leftovers
|upkeep
|
|t:|1779711420
|switch|p1a: Otis|Orthworm, M|100/100
|turn|3
|
|t:|1779711423
|move|p2a: Sylveon|Protect|p2a: Sylveon
|-singleturn|p2a: Sylveon|Protect
|move|p1a: Otis|Iron Defense|p1a: Otis
|-boost|p1a: Otis|def|2
|
|-weather|SunnyDay|[upkeep]
|-heal|p2a: Sylveon|36/100|[from] item: Leftovers
|upkeep
|turn|4
|
|t:|1779711435
|switch|p2a: Donphan|Donphan, F|100/100
|move|p1a: Otis|Iron Head|p2a: Donphan
|-damage|p2a: Donphan|82/100
|
|-weather|SunnyDay|[upkeep]
|-heal|p2a: Donphan|88/100|[from] item: Leftovers
|upkeep
|turn|5
|
|t:|1779711443
|move|p1a: Otis|Iron Defense|p1a: Otis
|-boost|p1a: Otis|def|2
|move|p2a: Donphan|Knock Off|p1a: Otis
|-damage|p1a: Otis|93/100
|-damage|p2a: Donphan|71/100|[from] item: Rocky Helmet|[of] p1a: Otis
|-enditem|p1a: Otis|Rocky Helmet|[from] move: Knock Off|[of] p2a: Donphan
|
|-weather|SunnyDay|[upkeep]
|-heal|p2a: Donphan|78/100|[from] item: Leftovers
|upkeep
|turn|6
|
|t:|1779711454
|move|p1a: Otis|Body Press|p2a: Donphan
|-damage|p2a: Donphan|25/100
|move|p2a: Donphan|Stealth Rock|p1a: Otis
|-sidestart|p1: LePaing|move: Stealth Rock
|
|-weather|SunnyDay|[upkeep]
|-heal|p2a: Donphan|31/100|[from] item: Leftovers
|upkeep
|turn|7
|
|t:|1779711465
|move|p1a: Otis|Body Press|p2a: Donphan
|-damage|p2a: Donphan|0 fnt
|faint|p2a: Donphan
|
|-weather|SunnyDay|[upkeep]
|upkeep
|
|t:|1779711475
|switch|p2a: Serperior|Serperior, M|100/100
|turn|8
|
|t:|1779711481
|move|p2a: Serperior|Glare|p1a: Otis
|-status|p1a: Otis|par
|move|p1a: Otis|Body Press|p2a: Serperior
|-damage|p2a: Serperior|0 fnt
|faint|p2a: Serperior
|
|-weather|none
|upkeep
|
|t:|1779711491
|switch|p2a: Magneton|Magneton|100/100
|turn|9
|
|t:|1779711496
|move|p2a: Magneton|Thunderbolt|p1a: Otis
|-damage|p1a: Otis|1/100 par
|move|p1a: Otis|Body Press|p2a: Magneton
|-supereffective|p2a: Magneton
|-damage|p2a: Magneton|0 fnt
|faint|p2a: Magneton
|
|upkeep
|
|t:|1779711504
|switch|p2a: Flamigo|Flamigo, M|100/100
|turn|10
|
|t:|1779711514
|move|p2a: Flamigo|U-turn|p1a: Otis
|-resisted|p1a: Otis
|-damage|p1a: Otis|0 fnt
|faint|p1a: Otis
|
|t:|1779711520
|switch|p2a: Sylveon|Sylveon, F|36/100|[from] U-turn
|
|-heal|p2a: Sylveon|42/100|[from] item: Leftovers
|upkeep
|
|t:|1779711525
|switch|p1a: Lynn|Ninetales, F|100/100
|-damage|p1a: Lynn|76/100|[from] Stealth Rock
|-weather|SunnyDay|[from] ability: Drought|[of] p1a: Lynn
|turn|11
|
|t:|1779711531
|move|p1a: Lynn|Weather Ball|p2a: Sylveon
|-damage|p2a: Sylveon|12/100
|move|p2a: Sylveon|Wish|p2a: Sylveon
|
|-weather|SunnyDay|[upkeep]
|-heal|p2a: Sylveon|18/100|[from] item: Leftovers
|upkeep
|turn|12
|
|t:|1779711540
|move|p2a: Sylveon|Protect|p2a: Sylveon
|-singleturn|p2a: Sylveon|Protect
|move|p1a: Lynn|Weather Ball|p2a: Sylveon
|-activate|p2a: Sylveon|move: Protect
|
|-weather|SunnyDay|[upkeep]
|-heal|p2a: Sylveon|68/100|[from] move: Wish|[wisher] Sylveon
|-heal|p2a: Sylveon|74/100|[from] item: Leftovers
|upkeep
|turn|13
|
|t:|1779711551
|move|p1a: Lynn|Will-O-Wisp|p2a: Sylveon
|-status|p2a: Sylveon|brn
|move|p2a: Sylveon|Calm Mind|p2a: Sylveon
|-boost|p2a: Sylveon|spa|1
|-boost|p2a: Sylveon|spd|1
|
|-weather|SunnyDay|[upkeep]
|-heal|p2a: Sylveon|80/100 brn|[from] item: Leftovers
|-damage|p2a: Sylveon|74/100 brn|[from] brn
|upkeep
|turn|14
|
|t:|1779711561
|move|p2a: Sylveon|Calm Mind|p2a: Sylveon
|-boost|p2a: Sylveon|spa|1
|-boost|p2a: Sylveon|spd|1
|move|p1a: Lynn|Roar|p2a: Sylveon
|drag|p2a: Flamigo|Flamigo, M|100/100
|
|-weather|SunnyDay|[upkeep]
|upkeep
|turn|15
|
|t:|1779711569
|move|p2a: Flamigo|Close Combat|p1a: Lynn
|-damage|p1a: Lynn|0 fnt
|-unboost|p2a: Flamigo|def|1
|-unboost|p2a: Flamigo|spd|1
|faint|p1a: Lynn
|
|-weather|SunnyDay|[upkeep]
|upkeep
|
|t:|1779711582
|switch|p1a: Yuna|Dragapult, F|100/100
|-damage|p1a: Yuna|88/100|[from] Stealth Rock
|turn|16
|
|t:|1779711587
|switch|p2a: Sylveon|Sylveon, F|74/100 brn
|move|p1a: Yuna|Dragon Pulse|p2a: Sylveon
|-immune|p2a: Sylveon
|
|-weather|SunnyDay|[upkeep]
|-heal|p2a: Sylveon|80/100 brn|[from] item: Leftovers
|-damage|p2a: Sylveon|74/100 brn|[from] brn
|upkeep
|turn|17
|
|t:|1779711598
|-terastallize|p1a: Yuna|Water
|move|p1a: Yuna|Solar Beam||[still]
|-prepare|p1a: Yuna|Solar Beam
|-anim|p1a: Yuna|Solar Beam|p2a: Sylveon
|-damage|p2a: Sylveon|55/100 brn
|move|p2a: Sylveon|Calm Mind|p2a: Sylveon
|-boost|p2a: Sylveon|spa|1
|-boost|p2a: Sylveon|spd|1
|
|-weather|SunnyDay|[upkeep]
|-heal|p2a: Sylveon|61/100 brn|[from] item: Leftovers
|-damage|p2a: Sylveon|55/100 brn|[from] brn
|upkeep
|turn|18
|
|t:|1779711610
|move|p1a: Yuna|Surf|p2a: Sylveon
|-damage|p2a: Sylveon|48/100 brn
|move|p2a: Sylveon|Wish|p2a: Sylveon
|
|-weather|none
|-heal|p2a: Sylveon|54/100 brn|[from] item: Leftovers
|-damage|p2a: Sylveon|48/100 brn|[from] brn
|upkeep
|turn|19
|
|t:|1779711619
|switch|p1a: Omar|Torkoal, M|100/100
|-damage|p1a: Omar|76/100|[from] Stealth Rock
|-weather|SunnyDay|[from] ability: Drought|[of] p1a: Omar
|move|p2a: Sylveon|Calm Mind|p2a: Sylveon
|-boost|p2a: Sylveon|spa|1
|-boost|p2a: Sylveon|spd|1
|
|-weather|SunnyDay|[upkeep]
|-heal|p2a: Sylveon|98/100 brn|[from] move: Wish|[wisher] Sylveon
|-heal|p2a: Sylveon|100/100 brn|[from] item: Leftovers
|-damage|p2a: Sylveon|94/100 brn|[from] brn
|upkeep
|turn|20
|
|t:|1779711632
|move|p2a: Sylveon|Calm Mind|p2a: Sylveon
|-boost|p2a: Sylveon|spa|1
|-boost|p2a: Sylveon|spd|1
|move|p1a: Omar|Earthquake|p2a: Sylveon
|-damage|p2a: Sylveon|69/100 brn
|
|-weather|SunnyDay|[upkeep]
|-heal|p2a: Sylveon|75/100 brn|[from] item: Leftovers
|-damage|p2a: Sylveon|69/100 brn|[from] brn
|upkeep
|turn|21
|
|t:|1779711642
|move|p2a: Sylveon|Calm Mind|p2a: Sylveon
|-boost|p2a: Sylveon|spa|1
|-boost|p2a: Sylveon|spd|1
|move|p1a: Omar|Flare Blitz|p2a: Sylveon
|-damage|p2a: Sylveon|0 fnt
|faint|p2a: Sylveon
|-damage|p1a: Omar|51/100|[from] Recoil
|
|-weather|SunnyDay|[upkeep]
|upkeep
|
|t:|1779711652
|switch|p2a: Feraligatr|Feraligatr, F|100/100
|turn|22
|
|t:|1779711658
|move|p2a: Feraligatr|Earthquake|p1a: Omar
|-supereffective|p1a: Omar
|-damage|p1a: Omar|0 fnt
|faint|p1a: Omar
|-damage|p2a: Feraligatr|91/100|[from] item: Life Orb
|
|-weather|SunnyDay|[upkeep]
|upkeep
|
|t:|1779711661
|switch|p1a: Yuna|Dragapult, F, tera:Water|88/100
|-damage|p1a: Yuna|76/100|[from] Stealth Rock
|turn|23
|
|t:|1779711670
|move|p1a: Yuna|Solar Beam||[still]
|-prepare|p1a: Yuna|Solar Beam
|-anim|p1a: Yuna|Solar Beam|p2a: Feraligatr
|-supereffective|p2a: Feraligatr
|-damage|p2a: Feraligatr|0 fnt
|faint|p2a: Feraligatr
|
|-weather|SunnyDay|[upkeep]
|upkeep
|
|t:|1779711678
|switch|p2a: Flamigo|Flamigo, M|100/100
|turn|24
|
|t:|1779711682
|move|p2a: Flamigo|Brave Bird|p1a: Yuna
|-damage|p1a: Yuna|0 fnt
|faint|p1a: Yuna
|-damage|p2a: Flamigo|75/100|[from] Recoil
|
|-weather|SunnyDay|[upkeep]
|upkeep
|
|t:|1779711685
|switch|p1a: Ogi|Venusaur, M|100/100
|-damage|p1a: Ogi|88/100|[from] Stealth Rock
|turn|25
|
|t:|1779711692
|move|p1a: Ogi|Weather Ball|p2a: Flamigo
|-damage|p2a: Flamigo|4/100
|move|p2a: Flamigo|Brave Bird|p1a: Ogi
|-supereffective|p1a: Ogi
|-damage|p1a: Ogi|0 fnt
|faint|p1a: Ogi
|-damage|p2a: Flamigo|0 fnt|[from] Recoil
|faint|p2a: Flamigo
|
|win|ju2508
|raw|LePaing's rating: 1089 &rarr; <strong>1066</strong><br />(-23 for losing)
|raw|ju2508's rating: 1096 &rarr; <strong>1121</strong><br />(+25 for winning)
|l|☆LePaing
|player|p1|
|l|☆ju2508
|player|p2|
