|j|☆Eduardo3321
|j|☆Genesis13974
|t:|1779707574
|gametype|singles
|player|p1|Eduardo3321|170|1218
|player|p2|Genesis13974|brycen|1146
|gen|9
|tier|[Gen 9] OU
|rated|
|rule|HP Percentage Mod: HP is shown in percentages
|rule|Endless Battle Clause: Forcing endless battles is banned
|rule|Species Clause: Limit one of each Pokémon
|rule|OHKO Clause: OHKO moves are banned
|rule|Evasion Items Clause: Evasion items are banned
|rule|Evasion Moves Clause: Evasion moves are banned
|rule|Evasion Abilities Clause: Evasion abilities are banned
|rule|Sleep Moves Clause: Sleep-inducing moves are banned
|clearpoke
|poke|p1|Grimmsnarl, M|
|poke|p1|Dragapult, M|
|poke|p1|Kingambit, F|
|poke|p1|Great Tusk|
|poke|p1|Zamazenta-*|
|poke|p1|Rillaboom, F|
|poke|p2|Garchomp, F|
|poke|p2|Glaceon, F|
|poke|p2|Cresselia, F|
|poke|p2|Darkrai|
|poke|p2|Shiftry, M|
|poke|p2|Slowking-Galar, F|
|teampreview
|inactive|Battle timer is ON: inactive players will automatically lose when time's up. (requested by Genesis13974)
|
|t:|1779707593
|teamsize|p1|6
|teamsize|p2|6
|start
|switch|p1a: Grimmsnarl|Grimmsnarl, M|100/100
|switch|p2a: Cresselia|Cresselia, F|100/100
|turn|1
|
|t:|1779707601
|move|p1a: Grimmsnarl|Light Screen|p1a: Grimmsnarl
|-sidestart|p1: Eduardo3321|move: Light Screen
|move|p2a: Cresselia|Thunder Wave|p1a: Grimmsnarl
|-status|p1a: Grimmsnarl|par
|
|upkeep
|turn|2
|
|t:|1779707612
|switch|p2a: Darkrai|Darkrai|100/100
|move|p1a: Grimmsnarl|Parting Shot|p2a: Darkrai
|-hint|Since gen 7, Dark is immune to Prankster moves.
|-immune|p2a: Darkrai
|
|upkeep
|turn|3
|
|t:|1779707619
|switch|p1a: Rillaboom|Rillaboom, F|100/100
|-fieldstart|move: Grassy Terrain|[from] ability: Grassy Surge|[of] p1a: Rillaboom
|move|p2a: Darkrai|Sludge Bomb|p1a: Rillaboom
|-supereffective|p1a: Rillaboom
|-damage|p1a: Rillaboom|42/100
|
|-heal|p1a: Rillaboom|48/100|[from] Grassy Terrain
|upkeep
|turn|4
|
|t:|1779707631
|move|p1a: Rillaboom|Grassy Glide|p2a: Darkrai
|-damage|p2a: Darkrai|22/100
|move|p2a: Darkrai|Sludge Bomb|p1a: Rillaboom
|-supereffective|p1a: Rillaboom
|-damage|p1a: Rillaboom|0 fnt
|faint|p1a: Rillaboom
|
|-heal|p2a: Darkrai|28/100|[from] Grassy Terrain
|upkeep
|
|t:|1779707639
|switch|p1a: Great Tusk|Great Tusk|100/100
|-enditem|p1a: Great Tusk|Booster Energy
|-activate|p1a: Great Tusk|ability: Protosynthesis|[fromitem]
|-start|p1a: Great Tusk|protosynthesisspe
|turn|5
|
|t:|1779707657
|switch|p2a: Cresselia|Cresselia, F|100/100
|move|p1a: Great Tusk|Close Combat|p2a: Cresselia
|-resisted|p2a: Cresselia
|-damage|p2a: Cresselia|81/100
|-unboost|p1a: Great Tusk|def|1
|-unboost|p1a: Great Tusk|spd|1
|
|upkeep
|turn|6
|
|t:|1779707669
|move|p1a: Great Tusk|Headlong Rush|p2a: Cresselia
|-immune|p2a: Cresselia|[from] ability: Levitate
|move|p2a: Cresselia|Trick|p1a: Great Tusk
|-activate|p2a: Cresselia|move: Trick|[of] p1a: Great Tusk
|-item|p1a: Great Tusk|Choice Scarf|[from] move: Trick
|-enditem|p2a: Cresselia|Choice Scarf|[silent]|[from] move: Trick
|
|upkeep
|turn|7
|inactive|Eduardo3321 has 120 seconds left.
|inactive|Eduardo3321 has 90 seconds left.
|
|t:|1779707754
|move|p1a: Great Tusk|Ice Spinner|p2a: Cresselia
|-damage|p2a: Cresselia|66/100
|-fieldend|move: Grassy Terrain
|move|p2a: Cresselia|Moonblast|p1a: Great Tusk
|-supereffective|p1a: Great Tusk
|-damage|p1a: Great Tusk|65/100
|
|upkeep
|turn|8
|
|t:|1779707768
|move|p1a: Great Tusk|Ice Spinner|p2a: Cresselia
|-damage|p2a: Cresselia|48/100
|move|p2a: Cresselia|Moonblast|p1a: Great Tusk
|-supereffective|p1a: Great Tusk
|-damage|p1a: Great Tusk|29/100
|
|-sideend|p1: Eduardo3321|move: Light Screen
|upkeep
|turn|9
|
|t:|1779707776
|move|p1a: Great Tusk|Ice Spinner|p2a: Cresselia
|-damage|p2a: Cresselia|30/100
|move|p2a: Cresselia|Moonblast|p1a: Great Tusk
|-supereffective|p1a: Great Tusk
|-damage|p1a: Great Tusk|0 fnt
|faint|p1a: Great Tusk
|-end|p1a: Great Tusk|Protosynthesis|[silent]
|
|upkeep
|inactive|Eduardo3321 has 90 seconds left.
|
|t:|1779707783
|switch|p1a: Dragapult|Dragapult, M|100/100
|turn|10
|
|t:|1779707788
|move|p1a: Dragapult|U-turn|p2a: Cresselia
|-supereffective|p2a: Cresselia
|-damage|p2a: Cresselia|0 fnt
|faint|p2a: Cresselia
|
|t:|1779707794
|switch|p1a: Grimmsnarl|Grimmsnarl, M|100/100 par|[from] U-turn
|
|upkeep
|
|t:|1779707798
|switch|p2a: Darkrai|Darkrai|28/100
|turn|11
|
|t:|1779707802
|move|p2a: Darkrai|Sludge Bomb|p1a: Grimmsnarl
|-supereffective|p1a: Grimmsnarl
|-damage|p1a: Grimmsnarl|8/100 par
|cant|p1a: Grimmsnarl|par
|
|upkeep
|turn|12
|
|t:|1779707809
|move|p1a: Grimmsnarl|Light Screen|p1a: Grimmsnarl
|-sidestart|p1: Eduardo3321|move: Light Screen
|move|p2a: Darkrai|Sludge Bomb|p1a: Grimmsnarl
|-supereffective|p1a: Grimmsnarl
|-damage|p1a: Grimmsnarl|0 fnt
|faint|p1a: Grimmsnarl
|
|upkeep
|
|t:|1779707816
|switch|p1a: Dragapult|Dragapult, M|100/100
|turn|13
|
|t:|1779707820
|-terastallize|p1a: Dragapult|Dragon
|move|p1a: Dragapult|Dragon Darts|p2a: Darkrai
|-damage|p2a: Darkrai|0 fnt
|faint|p2a: Darkrai
|
|upkeep
|
|t:|1779707830
|switch|p2a: Slowking|Slowking-Galar, F|100/100
|turn|14
|
|t:|1779707837
|move|p1a: Dragapult|Dragon Darts|p2a: Slowking
|-damage|p2a: Slowking|48/100
|-anim|p1a: Dragapult|Dragon Darts|p2a: Slowking
|-damage|p2a: Slowking|0 fnt
|faint|p2a: Slowking
|
|upkeep
|
|t:|1779707851
|switch|p2a: Glaceon|Glaceon, F, shiny|100/100
|turn|15
|
|t:|1779707857
|move|p1a: Dragapult|Dragon Darts|p2a: Glaceon
|-damage|p2a: Glaceon|52/100
|-anim|p1a: Dragapult|Dragon Darts|p2a: Glaceon
|-damage|p2a: Glaceon|8/100
|move|p2a: Glaceon|Blizzard|p1a: Dragapult|[miss]
|-miss|p2a: Glaceon|p1a: Dragapult
|
|-heal|p2a: Glaceon|14/100|[from] item: Leftovers
|upkeep
|turn|16
|-message|Genesis13974 forfeited.
|
|win|Eduardo3321
|raw|Eduardo3321's rating: 1218 &rarr; <strong>1238</strong><br />(+20 for winning)
|raw|Genesis13974's rating: 1146 &rarr; <strong>1126</strong><br />(-20 for losing)
|l|☆Genesis13974
|player|p2|
|l|☆Eduardo3321
|player|p1|
