|j|☆Aleph_aj
|j|☆39% gxe
|t:|1779696506
|gametype|singles
|player|p1|Aleph_aj|101|1161
|player|p2|39% gxe|169|1178
|gen|9
|tier|[Gen 9] OU
|rated|
|rule|HP Percentage Mod: HP is shown in percentages
|rule|Endless Battle Clause: Forcing endless battles is banned
|rule|Species Clause: Limit one of each Pokémon
|rule|OHKO Clause: OHKO moves are banned
|rule|Evasion Items Clause: Evasion items are banned
|rule|Evasion Moves Clause: Evasion moves are banned
|rule|Evasion Abilities Clause: Evasion abilities are banned
|rule|Sleep Moves Clause: Sleep-inducing moves are banned
|clearpoke
|poke|p1|Pincurchin, F|
|poke|p1|Pelipper, F|
|poke|p1|Hydrapple, M|
|poke|p1|Great Tusk|
|poke|p1|Iron Moth|
|poke|p1|Iron Boulder|
|poke|p2|Iron Crown|
|poke|p2|Moltres|
|poke|p2|Great Tusk|
|poke|p2|Wo-Chien|
|poke|p2|Iron Valiant|
|poke|p2|Kyurem|
|teampreview
|inactive|Battle timer is ON: inactive players will automatically lose when time's up. (requested by 39% gxe)
|
|t:|1779696519
|teamsize|p1|6
|teamsize|p2|6
|start
|switch|p1a: Pelipper|Pelipper, F|100/100
|switch|p2a: dudeman|Iron Crown|100/100
|-weather|RainDance|[from] ability: Drizzle|[of] p1a: Pelipper
|turn|1
|
|t:|1779696527
|move|p2a: dudeman|Volt Switch|p1a: Pelipper
|-supereffective|p1a: Pelipper
|-enditem|p1a: Pelipper|Focus Sash
|-damage|p1a: Pelipper|1/100
|
|t:|1779696538
|-end|p2a: dudeman|Quark Drive|[silent]
|switch|p2a: what set am i?|Iron Valiant|100/100|[from] Volt Switch
|-enditem|p2a: what set am i?|Booster Energy
|-activate|p2a: what set am i?|ability: Quark Drive|[fromitem]
|-start|p2a: what set am i?|quarkdrivespe
|move|p1a: Pelipper|U-turn|p2a: what set am i?
|-resisted|p2a: what set am i?
|-damage|p2a: what set am i?|98/100
|
|t:|1779696551
|switch|p1a: Pincurchin|Pincurchin, F|100/100|[from] U-turn
|-fieldstart|move: Electric Terrain|[from] ability: Electric Surge|[of] p1a: Pincurchin
|
|-weather|RainDance|[upkeep]
|upkeep
|turn|2
|
|t:|1779696563
|move|p2a: what set am i?|Calm Mind|p2a: what set am i?
|-boost|p2a: what set am i?|spa|1
|-boost|p2a: what set am i?|spd|1
|move|p1a: Pincurchin|Thunder Wave|p2a: what set am i?
|-status|p2a: what set am i?|par
|
|-weather|RainDance|[upkeep]
|upkeep
|turn|3
|
|t:|1779696570
|move|p2a: what set am i?|Encore|p1a: Pincurchin
|-start|p1a: Pincurchin|Encore
|move|p1a: Pincurchin|Thunder Wave|p2a: what set am i?
|-fail|p2a: what set am i?|par
|
|-weather|RainDance|[upkeep]
|upkeep
|turn|4
|
|t:|1779696576
|switch|p1a: Pelipper|Pelipper, F|1/100
|move|p2a: what set am i?|Calm Mind|p2a: what set am i?
|-boost|p2a: what set am i?|spa|1
|-boost|p2a: what set am i?|spd|1
|
|-weather|RainDance|[upkeep]
|upkeep
|turn|5
|
|t:|1779696591
|cant|p2a: what set am i?|par
|move|p1a: Pelipper|Hurricane|p2a: what set am i?
|-supereffective|p2a: what set am i?
|-damage|p2a: what set am i?|23/100 par
|
|-weather|none
|-fieldend|move: Electric Terrain
|upkeep
|turn|6
|
|t:|1779696603
|move|p2a: what set am i?|Moonblast|p1a: Pelipper
|-damage|p1a: Pelipper|0 fnt
|faint|p1a: Pelipper
|
|upkeep
|
|t:|1779696613
|switch|p1a: Iron Moth|Iron Moth|100/100
|turn|7
|
|t:|1779696621
|move|p1a: Iron Moth|Sludge Wave|p2a: what set am i?
|-supereffective|p2a: what set am i?
|-damage|p2a: what set am i?|0 fnt
|faint|p2a: what set am i?
|-end|p2a: what set am i?|Quark Drive|[silent]
|
|upkeep
|
|t:|1779696628
|switch|p2a: shaq|Great Tusk|100/100
|turn|8
|
|t:|1779696634
|-end|p1a: Iron Moth|Quark Drive|[silent]
|switch|p1a: Great Tusk|Great Tusk|100/100
|move|p2a: shaq|Stealth Rock|p1a: Great Tusk
|-sidestart|p1: Aleph_aj|move: Stealth Rock
|
|upkeep
|turn|9
|
|t:|1779696646
|-end|p2a: shaq|Protosynthesis|[silent]
|switch|p2a: Boolymon|Kyurem|100/100
|-ability|p2a: Boolymon|Pressure
|move|p1a: Great Tusk|Stealth Rock|p2a: Boolymon
|-sidestart|p2: 39% gxe|move: Stealth Rock
|
|upkeep
|turn|10
|
|t:|1779696662
|-end|p1a: Great Tusk|Protosynthesis|[silent]
|switch|p1a: Pincurchin|Pincurchin, F|100/100
|-damage|p1a: Pincurchin|88/100|[from] Stealth Rock
|-fieldstart|move: Electric Terrain|[from] ability: Electric Surge|[of] p1a: Pincurchin
|move|p2a: Boolymon|Substitute|p2a: Boolymon
|-start|p2a: Boolymon|Substitute
|-damage|p2a: Boolymon|75/100
|
|-heal|p2a: Boolymon|82/100|[from] item: Leftovers
|upkeep
|turn|11
|
|t:|1779696675
|move|p2a: Boolymon|Protect|p2a: Boolymon
|-singleturn|p2a: Boolymon|Protect
|move|p1a: Pincurchin|Hex|p2a: Boolymon
|-activate|p2a: Boolymon|move: Protect
|
|-heal|p2a: Boolymon|88/100|[from] item: Leftovers
|upkeep
|turn|12
|
|t:|1779696685
|move|p2a: Boolymon|Earth Power|p1a: Pincurchin
|-supereffective|p1a: Pincurchin
|-damage|p1a: Pincurchin|16/100
|-enditem|p1a: Pincurchin|Aguav Berry|[eat]
|-heal|p1a: Pincurchin|49/100|[from] item: Aguav Berry
|move|p1a: Pincurchin|Hex|p2a: Boolymon
|-activate|p2a: Boolymon|move: Substitute|[damage]
|
|-heal|p2a: Boolymon|94/100|[from] item: Leftovers
|upkeep
|turn|13
|
|t:|1779696701
|-terastallize|p1a: Pincurchin|Grass
|move|p2a: Boolymon|Earth Power|p1a: Pincurchin
|-resisted|p1a: Pincurchin
|-damage|p1a: Pincurchin|29/100
|move|p1a: Pincurchin|Hex|p2a: Boolymon
|-end|p2a: Boolymon|Substitute
|
|-heal|p2a: Boolymon|99/100|[from] item: Leftovers
|upkeep
|turn|14
|
|t:|1779696712
|move|p2a: Boolymon|Substitute|p2a: Boolymon
|-start|p2a: Boolymon|Substitute
|-damage|p2a: Boolymon|75/100
|move|p1a: Pincurchin|Hex|p2a: Boolymon
|-activate|p2a: Boolymon|move: Substitute|[damage]
|
|-heal|p2a: Boolymon|81/100|[from] item: Leftovers
|-fieldend|move: Electric Terrain
|upkeep
|turn|15
|
|t:|1779696718
|move|p2a: Boolymon|Freeze-Dry|p1a: Pincurchin
|-supereffective|p1a: Pincurchin
|-crit|p1a: Pincurchin
|-damage|p1a: Pincurchin|0 fnt
|faint|p1a: Pincurchin
|
|-heal|p2a: Boolymon|88/100|[from] item: Leftovers
|upkeep
|
|t:|1779696732
|switch|p1a: Iron Boulder|Iron Boulder|100/100
|-damage|p1a: Iron Boulder|88/100|[from] Stealth Rock
|turn|16
|
|t:|1779696745
|move|p2a: Boolymon|Protect|p2a: Boolymon
|-singleturn|p2a: Boolymon|Protect
|move|p1a: Iron Boulder|Rock Blast|p2a: Boolymon
|-activate|p2a: Boolymon|move: Protect
|
|-heal|p2a: Boolymon|94/100|[from] item: Leftovers
|upkeep
|turn|17
|
|t:|1779696759
|-terastallize|p2a: Boolymon|Ground
|move|p1a: Iron Boulder|Swords Dance|p1a: Iron Boulder
|-boost|p1a: Iron Boulder|atk|2
|move|p2a: Boolymon|Earth Power|p1a: Iron Boulder
|-supereffective|p1a: Iron Boulder
|-damage|p1a: Iron Boulder|8/100
|
|-heal|p2a: Boolymon|99/100|[from] item: Leftovers
|upkeep
|turn|18
|
|t:|1779696776
|move|p1a: Iron Boulder|Rock Blast|p2a: Boolymon
|-resisted|p2a: Boolymon
|-activate|p2a: Boolymon|move: Substitute|[damage]
|-resisted|p2a: Boolymon
|-end|p2a: Boolymon|Substitute
|-resisted|p2a: Boolymon
|-damage|p2a: Boolymon|88/100
|-resisted|p2a: Boolymon
|-damage|p2a: Boolymon|77/100
|-hitcount|p2a: Boolymon|4
|move|p2a: Boolymon|Freeze-Dry|p1a: Iron Boulder
|-damage|p1a: Iron Boulder|0 fnt
|faint|p1a: Iron Boulder
|-end|p1a: Iron Boulder|Quark Drive|[silent]
|
|-heal|p2a: Boolymon|83/100|[from] item: Leftovers
|upkeep
|
|t:|1779696791
|switch|p1a: Hydrapple|Hydrapple, M|100/100
|-damage|p1a: Hydrapple|88/100|[from] Stealth Rock
|turn|19
|
|t:|1779696800
|move|p2a: Boolymon|Freeze-Dry|p1a: Hydrapple
|-supereffective|p1a: Hydrapple
|-damage|p1a: Hydrapple|10/100
|move|p1a: Hydrapple|Giga Drain|p2a: Boolymon
|-supereffective|p2a: Boolymon
|-damage|p2a: Boolymon|6/100
|-heal|p1a: Hydrapple|54/100|[from] drain|[of] p2a: Boolymon
|
|-heal|p2a: Boolymon|12/100|[from] item: Leftovers
|upkeep
|turn|20
|-message|Aleph_aj forfeited.
|
|win|39% gxe
|raw|Aleph_aj's rating: 1161 &rarr; <strong>1137</strong><br />(-24 for losing)
|raw|39% gxe's rating: 1178 &rarr; <strong>1202</strong><br />(+24 for winning)
|l|☆Aleph_aj
|player|p1|
