|j|☆SgtBrick14
|j|☆White Boy SZN
|t:|1779581682
|gametype|singles
|player|p1|SgtBrick14|pokemonranger|1501
|player|p2|White Boy SZN|blue-gen7|1535
|gen|9
|tier|[Gen 9] OU
|rated|
|rule|HP Percentage Mod: HP is shown in percentages
|rule|Endless Battle Clause: Forcing endless battles is banned
|rule|Species Clause: Limit one of each Pokémon
|rule|OHKO Clause: OHKO moves are banned
|rule|Evasion Items Clause: Evasion items are banned
|rule|Evasion Moves Clause: Evasion moves are banned
|rule|Evasion Abilities Clause: Evasion abilities are banned
|rule|Sleep Moves Clause: Sleep-inducing moves are banned
|clearpoke
|poke|p1|Lucario, F|
|poke|p1|Kingambit, F|
|poke|p1|Ceruledge, M|
|poke|p1|Gengar, M|
|poke|p1|Cloyster, F|
|poke|p1|Froslass, F|
|poke|p2|Iron Valiant|
|poke|p2|Landorus-Therian, M|
|poke|p2|Hatterene, F|
|poke|p2|Gholdengo|
|poke|p2|Kingambit, F|
|poke|p2|Primarina, M|
|teampreview
|
|t:|1779581711
|teamsize|p1|6
|teamsize|p2|6
|start
|switch|p1a: Ceruledge|Ceruledge, M|100/100
|switch|p2a: DON DADA|Landorus-Therian, M|100/100
|-ability|p2a: DON DADA|Intimidate|boost
|-unboost|p1a: Ceruledge|atk|1
|turn|1
|
|t:|1779581717
|move|p2a: DON DADA|Stealth Rock|p1a: Ceruledge
|-sidestart|p1: SgtBrick14|move: Stealth Rock
|move|p1a: Ceruledge|Taunt|p2a: DON DADA
|-start|p2a: DON DADA|move: Taunt
|
|upkeep
|turn|2
|
|t:|1779581724
|move|p2a: DON DADA|Earthquake|p1a: Ceruledge
|-supereffective|p1a: Ceruledge
|-enditem|p1a: Ceruledge|Focus Sash
|-damage|p1a: Ceruledge|1/100
|-ability|p1a: Ceruledge|Weak Armor|boost
|-unboost|p1a: Ceruledge|def|1
|-boost|p1a: Ceruledge|spe|2
|move|p1a: Ceruledge|Swords Dance|p1a: Ceruledge
|-boost|p1a: Ceruledge|atk|2
|
|upkeep
|turn|3
|
|t:|1779581735
|move|p1a: Ceruledge|Destiny Bond|p1a: Ceruledge
|-singlemove|p1a: Ceruledge|Destiny Bond
|move|p2a: DON DADA|Earthquake|p1a: Ceruledge
|-supereffective|p1a: Ceruledge
|-crit|p1a: Ceruledge
|-damage|p1a: Ceruledge|0 fnt
|faint|p1a: Ceruledge
|-activate|p1a: Ceruledge|move: Destiny Bond
|faint|p2a: DON DADA
|
|upkeep
|
|t:|1779581745
|switch|p2a: Prim Reaper|Primarina, M|100/100
|switch|p1a: Froslass|Froslass, F|100/100
|-damage|p1a: Froslass|75/100|[from] Stealth Rock
|turn|4
|
|t:|1779581759
|move|p1a: Froslass|Thunder Wave|p2a: Prim Reaper
|-status|p2a: Prim Reaper|par
|move|p2a: Prim Reaper|Moonblast|p1a: Froslass
|-damage|p1a: Froslass|3/100
|-start|p2a: Prim Reaper|Disable|Moonblast|[from] ability: Cursed Body|[of] p1a: Froslass
|
|upkeep
|turn|5
|
|t:|1779581771
|move|p1a: Froslass|Spikes|p2a: Prim Reaper
|-sidestart|p2: White Boy SZN|Spikes
|move|p2a: Prim Reaper|Flip Turn|p1a: Froslass
|-damage|p1a: Froslass|0 fnt
|faint|p1a: Froslass
|
|t:|1779581782
|switch|p2a: WEREGOINGUPUPUP|Gholdengo|100/100|[from] Flip Turn
|-damage|p2a: WEREGOINGUPUPUP|88/100|[from] Spikes
|
|upkeep
|
|t:|1779581801
|switch|p1a: Gengar|Gengar, M|100/100
|-damage|p1a: Gengar|88/100|[from] Stealth Rock
|turn|6
|
|t:|1779581829
|move|p2a: WEREGOINGUPUPUP|Shadow Ball|p1a: Gengar
|-supereffective|p1a: Gengar
|-damage|p1a: Gengar|0 fnt
|-start|p2a: WEREGOINGUPUPUP|Disable|Shadow Ball|[from] ability: Cursed Body|[of] p1a: Gengar
|faint|p1a: Gengar
|
|upkeep
|
|t:|1779581836
|switch|p1a: Cloyster|Cloyster, F|100/100
|-damage|p1a: Cloyster|76/100|[from] Stealth Rock
|turn|7
|
|t:|1779581847
|switch|p2a: Prim Reaper|Primarina, M|100/100 par
|-damage|p2a: Prim Reaper|88/100 par|[from] Spikes
|move|p1a: Cloyster|Shell Smash|p1a: Cloyster
|-unboost|p1a: Cloyster|def|1
|-unboost|p1a: Cloyster|spd|1
|-boost|p1a: Cloyster|atk|2
|-boost|p1a: Cloyster|spa|2
|-boost|p1a: Cloyster|spe|2
|
|upkeep
|turn|8
|
|t:|1779581857
|move|p1a: Cloyster|Shell Smash|p1a: Cloyster
|-unboost|p1a: Cloyster|def|1
|-unboost|p1a: Cloyster|spd|1
|-boost|p1a: Cloyster|atk|2
|-boost|p1a: Cloyster|spa|2
|-boost|p1a: Cloyster|spe|2
|move|p2a: Prim Reaper|Moonblast|p1a: Cloyster
|-damage|p1a: Cloyster|0 fnt
|faint|p1a: Cloyster
|
|upkeep
|
|t:|1779581860
|switch|p1a: Kingambit|Kingambit, F|100/100
|-damage|p1a: Kingambit|94/100|[from] Stealth Rock
|-activate|p1a: Kingambit|ability: Supreme Overlord
|-start|p1a: Kingambit|fallen4|[silent]
|turn|9
|
|t:|1779581869
|switch|p2a: BUCKET HAT|Hatterene, F|100/100
|-damage|p2a: BUCKET HAT|88/100|[from] Spikes
|move|p1a: Kingambit|Swords Dance|p1a: Kingambit
|-boost|p1a: Kingambit|atk|2
|
|upkeep
|turn|10
|
|t:|1779581875
|move|p1a: Kingambit|Iron Head|p2a: BUCKET HAT
|-supereffective|p2a: BUCKET HAT
|-damage|p2a: BUCKET HAT|0 fnt
|-damage|p1a: Kingambit|78/100|[from] item: Rocky Helmet|[of] p2a: BUCKET HAT
|faint|p2a: BUCKET HAT
|
|upkeep
|
|t:|1779581891
|switch|p2a: WEREGOINGUPUPUP|Gholdengo|88/100
|-damage|p2a: WEREGOINGUPUPUP|76/100|[from] Spikes
|turn|11
|
|t:|1779581903
|-terastallize|p2a: WEREGOINGUPUPUP|Fighting
|move|p2a: WEREGOINGUPUPUP|Trick|p1a: Kingambit
|-activate|p2a: WEREGOINGUPUPUP|move: Trick|[of] p1a: Kingambit
|-item|p1a: Kingambit|Choice Scarf|[from] move: Trick
|-item|p2a: WEREGOINGUPUPUP|Black Glasses|[from] move: Trick
|move|p1a: Kingambit|Kowtow Cleave|p2a: WEREGOINGUPUPUP
|-resisted|p2a: WEREGOINGUPUPUP
|-damage|p2a: WEREGOINGUPUPUP|3/100
|
|upkeep
|turn|12
|
|t:|1779581913
|move|p2a: WEREGOINGUPUPUP|Focus Blast|p1a: Kingambit
|-supereffective|p1a: Kingambit
|-damage|p1a: Kingambit|0 fnt
|faint|p1a: Kingambit
|-end|p1a: Kingambit|fallen4|[silent]
|
|upkeep
|
|t:|1779581915
|switch|p1a: Lucario|Lucario, F|100/100
|-damage|p1a: Lucario|98/100|[from] Stealth Rock
|turn|13
|
|t:|1779581937
|move|p2a: WEREGOINGUPUPUP|Focus Blast|p1a: Lucario
|-supereffective|p1a: Lucario
|-damage|p1a: Lucario|0 fnt
|faint|p1a: Lucario
|
|win|White Boy SZN
|raw|SgtBrick14's rating: 1501 &rarr; <strong>1483</strong><br />(-18 for losing)
|raw|White Boy SZN's rating: 1535 &rarr; <strong>1553</strong><br />(+18 for winning)
|l|☆SgtBrick14
|player|p1|
