|j|☆hat40
|j|☆bo552
|t:|1779559168
|gametype|singles
|player|p1|hat40|1|1249
|player|p2|bo552|brycenman|1317
|gen|9
|tier|[Gen 9] OU
|rated|
|rule|HP Percentage Mod: HP is shown in percentages
|rule|Endless Battle Clause: Forcing endless battles is banned
|rule|Species Clause: Limit one of each Pokémon
|rule|OHKO Clause: OHKO moves are banned
|rule|Evasion Items Clause: Evasion items are banned
|rule|Evasion Moves Clause: Evasion moves are banned
|rule|Evasion Abilities Clause: Evasion abilities are banned
|rule|Sleep Moves Clause: Sleep-inducing moves are banned
|clearpoke
|poke|p1|Pelipper, M|
|poke|p1|Manaphy|
|poke|p1|Bruxish, M|
|poke|p1|Overqwil, M|
|poke|p1|Iron Treads|
|poke|p1|Raging Bolt|
|poke|p2|Slowking-Galar, F|
|poke|p2|Landorus-Therian, M|
|poke|p2|Zoroark-Hisui, F|
|poke|p2|Primarina, M|
|poke|p2|Cinderace, M|
|poke|p2|Regieleki|
|teampreview
|
|t:|1779559190
|teamsize|p1|6
|teamsize|p2|6
|start
|switch|p1a: Bruxish|Bruxish, M|100/100
|switch|p2a: Back. Jack.|Slowking-Galar, F|100/100
|turn|1
|
|t:|1779559197
|move|p1a: Bruxish|Wave Crash|p2a: Back. Jack.
|-damage|p2a: Back. Jack.|50/100
|-damage|p1a: Bruxish|77/100|[from] Recoil
|-prepare|p2a: Back. Jack.|Chilly Reception|[premajor]
|move|p2a: Back. Jack.|Chilly Reception|p2a: Back. Jack.
|-weather|Snowscape
|
|t:|1779559236
|switch|p2a: Do it again.|Landorus-Therian, M|100/100|[from] Chilly Reception
|-ability|p2a: Do it again.|Intimidate|boost
|-unboost|p1a: Bruxish|atk|1
|
|-weather|Snowscape|[upkeep]
|upkeep
|turn|2
|
|t:|1779559243
|switch|p1a: Pelipper|Pelipper, M|100/100
|-weather|RainDance|[from] ability: Drizzle|[of] p1a: Pelipper
|move|p2a: Do it again.|U-turn|p1a: Pelipper
|-resisted|p1a: Pelipper
|-damage|p1a: Pelipper|92/100
|
|t:|1779559249
|switch|p2a: Back. Jack.|Slowking-Galar, F|83/100|[from] U-turn
|
|-weather|RainDance|[upkeep]
|upkeep
|turn|3
|
|t:|1779559252
|move|p1a: Pelipper|Weather Ball|p2a: Back. Jack.
|-damage|p2a: Back. Jack.|55/100
|-prepare|p2a: Back. Jack.|Chilly Reception|[premajor]
|move|p2a: Back. Jack.|Chilly Reception|p2a: Back. Jack.
|-weather|Snowscape
|
|t:|1779559258
|switch|p2a: Round and Round|Regieleki, shiny|100/100|[from] Chilly Reception
|
|-weather|Snowscape|[upkeep]
|upkeep
|turn|4
|
|t:|1779559262
|switch|p1a: Iron Treads|Iron Treads|100/100
|-enditem|p1a: Iron Treads|Booster Energy
|-activate|p1a: Iron Treads|ability: Quark Drive|[fromitem]
|-start|p1a: Iron Treads|quarkdrivespe
|move|p2a: Round and Round|Trick|p1a: Iron Treads
|-activate|p2a: Round and Round|move: Trick|[of] p1a: Iron Treads
|-item|p1a: Iron Treads|Ring Target|[from] move: Trick
|-enditem|p2a: Round and Round|Ring Target|[silent]|[from] move: Trick
|
|-weather|Snowscape|[upkeep]
|upkeep
|turn|5
|
|t:|1779559283
|switch|p2a: Do it again.|Landorus-Therian, M|100/100
|-ability|p2a: Do it again.|Intimidate|boost
|-unboost|p1a: Iron Treads|atk|1
|move|p1a: Iron Treads|Earthquake|p2a: Do it again.
|-immune|p2a: Do it again.
|
|-weather|Snowscape|[upkeep]
|upkeep
|turn|6
|
|t:|1779559290
|move|p1a: Iron Treads|Stealth Rock|p2a: Do it again.
|-sidestart|p2: bo552|move: Stealth Rock
|move|p2a: Do it again.|Earthquake|p1a: Iron Treads
|-supereffective|p1a: Iron Treads
|-damage|p1a: Iron Treads|27/100
|
|-weather|Snowscape|[upkeep]
|upkeep
|turn|7
|
|t:|1779559304
|-end|p1a: Iron Treads|Quark Drive|[silent]
|switch|p1a: Pelipper|Pelipper, M|92/100
|-weather|RainDance|[from] ability: Drizzle|[of] p1a: Pelipper
|move|p2a: Do it again.|U-turn|p1a: Pelipper
|-resisted|p1a: Pelipper
|-damage|p1a: Pelipper|84/100
|
|t:|1779559306
|switch|p2a: Back. Jack.|Slowking-Galar, F|88/100|[from] U-turn
|
|-weather|RainDance|[upkeep]
|upkeep
|turn|8
|
|t:|1779559313
|move|p1a: Pelipper|Weather Ball|p2a: Back. Jack.
|-damage|p2a: Back. Jack.|58/100
|-prepare|p2a: Back. Jack.|Chilly Reception|[premajor]
|move|p2a: Back. Jack.|Chilly Reception|p2a: Back. Jack.
|-weather|Snowscape
|
|t:|1779559324
|switch|p2a: Ballin|Cinderace, M|100/100|[from] Chilly Reception
|
|-weather|Snowscape|[upkeep]
|upkeep
|turn|9
|
|t:|1779559332
|move|p2a: Ballin|Court Change|p2a: Ballin
|-swapsideconditions
|-activate|p2a: Ballin|move: Court Change
|move|p1a: Pelipper|U-turn|p2a: Ballin
|-resisted|p2a: Ballin
|-damage|p2a: Ballin|96/100
|-message|hat40 forfeited.
|
|win|bo552
|raw|hat40's rating: 1249 &rarr; <strong>1227</strong><br />(-22 for losing)
|raw|bo552's rating: 1294 &rarr; <strong>1316</strong><br />(+22 for winning)
|l|☆hat40
|player|p1|
|l|☆bo552
|player|p2|
