|j|☆ChessDennis
|j|☆michael00000000
|t:|1779661317
|gametype|singles
|player|p1|ChessDennis|169|1317
|player|p2|michael00000000|clair|1313
|gen|9
|tier|[Gen 9] OU
|rated|
|rule|HP Percentage Mod: HP is shown in percentages
|rule|Endless Battle Clause: Forcing endless battles is banned
|rule|Species Clause: Limit one of each Pokémon
|rule|OHKO Clause: OHKO moves are banned
|rule|Evasion Items Clause: Evasion items are banned
|rule|Evasion Moves Clause: Evasion moves are banned
|rule|Evasion Abilities Clause: Evasion abilities are banned
|rule|Sleep Moves Clause: Sleep-inducing moves are banned
|clearpoke
|poke|p1|Iron Crown|
|poke|p1|Corviknight, M|
|poke|p1|Kingambit, M|
|poke|p1|Ninetales-Alola, F|
|poke|p1|Ogerpon-Wellspring, F|
|poke|p1|Tornadus-Therian, M|
|poke|p2|Gardevoir, F|
|poke|p2|Iron Valiant|
|poke|p2|Arcanine, M|
|poke|p2|Hatterene, F|
|poke|p2|Dragapult, F|
|poke|p2|Milotic, F|
|teampreview
|
|t:|1779661343
|teamsize|p1|6
|teamsize|p2|6
|start
|switch|p1a: Corviknight|Corviknight, M|100/100
|switch|p2a: Nimbus|Arcanine, M|100/100
|-ability|p2a: Nimbus|Intimidate|boost
|-unboost|p1a: Corviknight|atk|1
|-ability|p1a: Corviknight|Pressure
|turn|1
|
|t:|1779661348
|switch|p1a: Tornadus|Tornadus-Therian, M|100/100
|move|p2a: Nimbus|Flare Blitz|p1a: Tornadus
|-damage|p1a: Tornadus|0 fnt
|faint|p1a: Tornadus
|-damage|p2a: Nimbus|70/100|[from] Recoil
|
|upkeep
|
|t:|1779661353
|switch|p1a: Ogerpon|Ogerpon-Wellspring, F|100/100
|turn|2
|
|t:|1779661362
|switch|p2a: Mercé|Dragapult, F, shiny|100/100
|move|p1a: Ogerpon|Ivy Cudgel|p2a: Mercé|[anim] Ivy Cudgel Water
|-resisted|p2a: Mercé
|-damage|p2a: Mercé|65/100
|
|upkeep
|turn|3
|
|t:|1779661366
|switch|p1a: Ninetales|Ninetales-Alola, F|100/100
|-weather|Snowscape|[from] ability: Snow Warning|[of] p1a: Ninetales
|move|p2a: Mercé|Will-O-Wisp|p1a: Ninetales
|-status|p1a: Ninetales|brn
|
|-weather|Snowscape|[upkeep]
|-damage|p1a: Ninetales|94/100 brn|[from] brn
|upkeep
|turn|4
|
|t:|1779661371
|switch|p2a: Nimbus|Arcanine, M|70/100
|-ability|p2a: Nimbus|Intimidate|boost
|-unboost|p1a: Ninetales|atk|1
|move|p1a: Ninetales|Aurora Veil|p1a: Ninetales
|-sidestart|p1: ChessDennis|move: Aurora Veil
|
|-weather|Snowscape|[upkeep]
|-damage|p1a: Ninetales|88/100 brn|[from] brn
|upkeep
|turn|5
|
|t:|1779661375
|switch|p1a: Ogerpon|Ogerpon-Wellspring, F|100/100
|move|p2a: Nimbus|Flare Blitz|p1a: Ogerpon
|-damage|p1a: Ogerpon|63/100
|-damage|p2a: Nimbus|57/100|[from] Recoil
|
|-weather|Snowscape|[upkeep]
|upkeep
|turn|6
|
|t:|1779661399
|move|p2a: Nimbus|Flare Blitz|p1a: Ogerpon
|-damage|p1a: Ogerpon|20/100
|-status|p1a: Ogerpon|brn
|-damage|p2a: Nimbus|42/100|[from] Recoil
|move|p1a: Ogerpon|Ivy Cudgel|p2a: Nimbus|[anim] Ivy Cudgel Water
|-supereffective|p2a: Nimbus
|-damage|p2a: Nimbus|0 fnt
|faint|p2a: Nimbus
|
|-weather|Snowscape|[upkeep]
|-damage|p1a: Ogerpon|14/100 brn|[from] brn
|upkeep
|
|t:|1779661406
|switch|p2a: Mercé|Dragapult, F, shiny|65/100
|turn|7
|
|t:|1779661412
|move|p2a: Mercé|Hex|p1a: Ogerpon
|-damage|p1a: Ogerpon|0 fnt
|faint|p1a: Ogerpon
|
|-weather|none
|upkeep
|
|t:|1779661414
|switch|p1a: Ninetales|Ninetales-Alola, F|88/100 brn
|-weather|Snowscape|[from] ability: Snow Warning|[of] p1a: Ninetales
|turn|8
|
|t:|1779661426
|move|p1a: Ninetales|Moonblast|p2a: Mercé
|-supereffective|p2a: Mercé
|-damage|p2a: Mercé|0 fnt
|faint|p2a: Mercé
|
|-weather|Snowscape|[upkeep]
|-damage|p1a: Ninetales|82/100 brn|[from] brn
|-sideend|p1: ChessDennis|move: Aurora Veil
|upkeep
|
|t:|1779661431
|switch|p2a: Noir|Hatterene, F, shiny|100/100
|turn|9
|
|t:|1779661436
|switch|p1a: Kingambit|Kingambit, M|100/100
|-activate|p1a: Kingambit|ability: Supreme Overlord
|-start|p1a: Kingambit|fallen2|[silent]
|move|p2a: Noir|Mystical Fire|p1a: Kingambit
|-supereffective|p1a: Kingambit
|-damage|p1a: Kingambit|34/100
|-unboost|p1a: Kingambit|spa|1
|
|-weather|Snowscape|[upkeep]
|upkeep
|turn|10
|
|t:|1779661442
|move|p1a: Kingambit|Iron Head|p2a: Noir
|-supereffective|p2a: Noir
|-damage|p2a: Noir|0 fnt
|faint|p2a: Noir
|
|-weather|Snowscape|[upkeep]
|upkeep
|
|t:|1779661444
|switch|p2a: Rhea|Gardevoir, F, shiny|100/100
|-ability|p2a: Rhea|Supreme Overlord|Trace|[from] ability: Trace|[of] p1a: Kingambit
|-activate|p2a: Rhea|ability: Supreme Overlord
|-start|p2a: Rhea|fallen3|[silent]
|turn|11
|
|t:|1779661448
|-end|p2a: Rhea|fallen3|[silent]
|switch|p2a: Ceteres|Milotic, F, shiny|100/100
|move|p1a: Kingambit|Iron Head|p2a: Ceteres
|-resisted|p2a: Ceteres
|-damage|p2a: Ceteres|82/100
|
|-weather|Snowscape|[upkeep]
|-heal|p2a: Ceteres|89/100|[from] item: Leftovers
|upkeep
|turn|12
|
|t:|1779661452
|move|p2a: Ceteres|Scald|p1a: Kingambit
|-damage|p1a: Kingambit|3/100
|move|p1a: Kingambit|Grass Knot|p2a: Ceteres
|-supereffective|p2a: Ceteres
|-damage|p2a: Ceteres|62/100
|
|-weather|none
|-heal|p2a: Ceteres|68/100|[from] item: Leftovers
|upkeep
|turn|13
|
|t:|1779661456
|move|p1a: Kingambit|Sucker Punch|p2a: Ceteres
|-damage|p2a: Ceteres|33/100
|move|p2a: Ceteres|Scald|p1a: Kingambit
|-damage|p1a: Kingambit|0 fnt
|faint|p1a: Kingambit
|-end|p1a: Kingambit|fallen2|[silent]
|
|-heal|p2a: Ceteres|39/100|[from] item: Leftovers
|upkeep
|
|t:|1779661462
|switch|p1a: Iron Crown|Iron Crown|100/100
|turn|14
|
|t:|1779661466
|move|p1a: Iron Crown|Agility|p1a: Iron Crown
|-boost|p1a: Iron Crown|spe|2
|move|p2a: Ceteres|Recover|p2a: Ceteres
|-heal|p2a: Ceteres|89/100
|
|-heal|p2a: Ceteres|95/100|[from] item: Leftovers
|upkeep
|turn|15
|
|t:|1779661469
|move|p1a: Iron Crown|Agility|p1a: Iron Crown
|-boost|p1a: Iron Crown|spe|2
|move|p2a: Ceteres|Haze|p2a: Ceteres
|-clearallboost
|
|-heal|p2a: Ceteres|100/100|[from] item: Leftovers
|upkeep
|turn|16
|
|t:|1779661472
|move|p1a: Iron Crown|Calm Mind|p1a: Iron Crown
|-boost|p1a: Iron Crown|spa|1
|-boost|p1a: Iron Crown|spd|1
|move|p2a: Ceteres|Scald|p1a: Iron Crown
|-damage|p1a: Iron Crown|85/100
|
|upkeep
|turn|17
|
|t:|1779661480
|move|p1a: Iron Crown|Stored Power|p2a: Ceteres
|-damage|p2a: Ceteres|74/100
|move|p2a: Ceteres|Haze|p2a: Ceteres
|-clearallboost
|
|-heal|p2a: Ceteres|80/100|[from] item: Leftovers
|upkeep
|turn|18
|
|t:|1779661483
|move|p1a: Iron Crown|Calm Mind|p1a: Iron Crown
|-boost|p1a: Iron Crown|spa|1
|-boost|p1a: Iron Crown|spd|1
|move|p2a: Ceteres|Scald|p1a: Iron Crown
|-damage|p1a: Iron Crown|69/100
|-status|p1a: Iron Crown|brn
|
|-heal|p2a: Ceteres|86/100|[from] item: Leftovers
|-damage|p1a: Iron Crown|63/100 brn|[from] brn
|upkeep
|turn|19
|
|t:|1779661490
|move|p1a: Iron Crown|Stored Power|p2a: Ceteres
|-damage|p2a: Ceteres|58/100
|move|p2a: Ceteres|Haze|p2a: Ceteres
|-clearallboost
|
|-heal|p2a: Ceteres|64/100|[from] item: Leftovers
|-damage|p1a: Iron Crown|57/100 brn|[from] brn
|upkeep
|turn|20
|
|t:|1779661495
|move|p1a: Iron Crown|Calm Mind|p1a: Iron Crown
|-boost|p1a: Iron Crown|spa|1
|-boost|p1a: Iron Crown|spd|1
|move|p2a: Ceteres|Scald|p1a: Iron Crown
|-damage|p1a: Iron Crown|44/100 brn
|
|-heal|p2a: Ceteres|70/100|[from] item: Leftovers
|-damage|p1a: Iron Crown|38/100 brn|[from] brn
|upkeep
|turn|21
|
|t:|1779661498
|move|p1a: Iron Crown|Calm Mind|p1a: Iron Crown
|-boost|p1a: Iron Crown|spa|1
|-boost|p1a: Iron Crown|spd|1
|move|p2a: Ceteres|Haze|p2a: Ceteres
|-clearallboost
|
|-heal|p2a: Ceteres|76/100|[from] item: Leftovers
|-damage|p1a: Iron Crown|32/100 brn|[from] brn
|upkeep
|turn|22
|
|t:|1779661502
|-end|p1a: Iron Crown|Quark Drive|[silent]
|switch|p1a: Ninetales|Ninetales-Alola, F|82/100 brn
|-weather|Snowscape|[from] ability: Snow Warning|[of] p1a: Ninetales
|move|p2a: Ceteres|Scald|p1a: Ninetales
|-damage|p1a: Ninetales|53/100 brn
|
|-weather|Snowscape|[upkeep]
|-heal|p2a: Ceteres|82/100|[from] item: Leftovers
|-damage|p1a: Ninetales|47/100 brn|[from] brn
|upkeep
|turn|23
|
|t:|1779661505
|move|p1a: Ninetales|Pain Split|p2a: Ceteres
|-sethp|p2a: Ceteres|59/100|[from] move: Pain Split|[silent]
|-sethp|p1a: Ninetales|78/100 brn|[from] move: Pain Split
|move|p2a: Ceteres|Scald|p1a: Ninetales
|-damage|p1a: Ninetales|44/100 brn
|
|-weather|Snowscape|[upkeep]
|-heal|p2a: Ceteres|65/100|[from] item: Leftovers
|-damage|p1a: Ninetales|38/100 brn|[from] brn
|upkeep
|turn|24
|
|t:|1779661508
|move|p1a: Ninetales|Pain Split|p2a: Ceteres
|-sethp|p2a: Ceteres|47/100|[from] move: Pain Split|[silent]
|-sethp|p1a: Ninetales|62/100 brn|[from] move: Pain Split
|move|p2a: Ceteres|Recover|p2a: Ceteres
|-heal|p2a: Ceteres|97/100
|
|-weather|Snowscape|[upkeep]
|-heal|p2a: Ceteres|100/100|[from] item: Leftovers
|-damage|p1a: Ninetales|56/100 brn|[from] brn
|upkeep
|turn|25
|
|t:|1779661510
|move|p1a: Ninetales|Pain Split|p2a: Ceteres
|-sethp|p2a: Ceteres|72/100|[from] move: Pain Split|[silent]
|-sethp|p1a: Ninetales|94/100 brn|[from] move: Pain Split
|move|p2a: Ceteres|Scald|p1a: Ninetales
|-damage|p1a: Ninetales|65/100 brn
|
|-weather|Snowscape|[upkeep]
|-heal|p2a: Ceteres|78/100|[from] item: Leftovers
|-damage|p1a: Ninetales|59/100 brn|[from] brn
|upkeep
|turn|26
|
|t:|1779661514
|move|p1a: Ninetales|Pain Split|p2a: Ceteres
|-sethp|p2a: Ceteres|61/100|[from] move: Pain Split|[silent]
|-sethp|p1a: Ninetales|80/100 brn|[from] move: Pain Split
|move|p2a: Ceteres|Scald|p1a: Ninetales
|-damage|p1a: Ninetales|50/100 brn
|
|-weather|none
|-heal|p2a: Ceteres|67/100|[from] item: Leftovers
|-damage|p1a: Ninetales|44/100 brn|[from] brn
|upkeep
|turn|27
|
|t:|1779661516
|move|p1a: Ninetales|Pain Split|p2a: Ceteres
|-sethp|p2a: Ceteres|50/100|[from] move: Pain Split|[silent]
|-sethp|p1a: Ninetales|66/100 brn|[from] move: Pain Split
|move|p2a: Ceteres|Scald|p1a: Ninetales
|-damage|p1a: Ninetales|33/100 brn
|
|-heal|p2a: Ceteres|57/100|[from] item: Leftovers
|-damage|p1a: Ninetales|27/100 brn|[from] brn
|upkeep
|turn|28
|
|t:|1779661519
|move|p1a: Ninetales|Pain Split|p2a: Ceteres
|-sethp|p2a: Ceteres|39/100|[from] move: Pain Split|[silent]
|-sethp|p1a: Ninetales|51/100 brn|[from] move: Pain Split
|move|p2a: Ceteres|Scald|p1a: Ninetales
|-damage|p1a: Ninetales|18/100 brn
|
|-heal|p2a: Ceteres|45/100|[from] item: Leftovers
|-damage|p1a: Ninetales|12/100 brn|[from] brn
|upkeep
|turn|29
|
|t:|1779661526
|switch|p1a: Iron Crown|Iron Crown|32/100 brn
|move|p2a: Ceteres|Scald|p1a: Iron Crown
|-damage|p1a: Iron Crown|12/100 brn
|
|-heal|p2a: Ceteres|51/100|[from] item: Leftovers
|-damage|p1a: Iron Crown|6/100 brn|[from] brn
|upkeep
|turn|30
|
|t:|1779661529
|move|p1a: Iron Crown|Tachyon Cutter|p2a: Ceteres
|-resisted|p2a: Ceteres
|-damage|p2a: Ceteres|42/100
|-resisted|p2a: Ceteres
|-damage|p2a: Ceteres|34/100
|-hitcount|p2a: Ceteres|2
|move|p2a: Ceteres|Scald|p1a: Iron Crown
|-damage|p1a: Iron Crown|0 fnt
|faint|p1a: Iron Crown
|-end|p1a: Iron Crown|Quark Drive|[silent]
|
|-heal|p2a: Ceteres|40/100|[from] item: Leftovers
|upkeep
|
|t:|1779661531
|switch|p1a: Corviknight|Corviknight, M|100/100
|-ability|p1a: Corviknight|Pressure
|turn|31
|
|t:|1779661537
|switch|p1a: Ninetales|Ninetales-Alola, F|12/100 brn
|-weather|Snowscape|[from] ability: Snow Warning|[of] p1a: Ninetales
|move|p2a: Ceteres|Scald|p1a: Ninetales
|-damage|p1a: Ninetales|0 fnt
|faint|p1a: Ninetales
|
|-weather|Snowscape|[upkeep]
|-heal|p2a: Ceteres|46/100|[from] item: Leftovers
|upkeep
|
|t:|1779661539
|switch|p1a: Corviknight|Corviknight, M|100/100
|-ability|p1a: Corviknight|Pressure
|turn|32
|
|t:|1779661542
|move|p1a: Corviknight|Bulk Up|p1a: Corviknight
|-boost|p1a: Corviknight|atk|1
|-boost|p1a: Corviknight|def|1
|move|p2a: Ceteres|Scald|p1a: Corviknight
|-damage|p1a: Corviknight|77/100
|
|-weather|Snowscape|[upkeep]
|-heal|p2a: Ceteres|52/100|[from] item: Leftovers
|upkeep
|turn|33
|
|t:|1779661545
|move|p1a: Corviknight|Bulk Up|p1a: Corviknight
|-boost|p1a: Corviknight|atk|1
|-boost|p1a: Corviknight|def|1
|move|p2a: Ceteres|Scald|p1a: Corviknight
|-damage|p1a: Corviknight|56/100
|-status|p1a: Corviknight|brn
|
|-weather|Snowscape|[upkeep]
|-heal|p2a: Ceteres|58/100|[from] item: Leftovers
|-damage|p1a: Corviknight|50/100 brn|[from] brn
|upkeep
|turn|34
|
|t:|1779661547
|move|p1a: Corviknight|Bulk Up|p1a: Corviknight
|-boost|p1a: Corviknight|atk|1
|-boost|p1a: Corviknight|def|1
|move|p2a: Ceteres|Haze|p2a: Ceteres
|-clearallboost
|
|-weather|Snowscape|[upkeep]
|-heal|p2a: Ceteres|64/100|[from] item: Leftovers
|-damage|p1a: Corviknight|44/100 brn|[from] brn
|upkeep
|turn|35
|c|☆michael00000000|gg wp
|
|t:|1779661550
|move|p1a: Corviknight|Bulk Up|p1a: Corviknight
|-boost|p1a: Corviknight|atk|1
|-boost|p1a: Corviknight|def|1
|move|p2a: Ceteres|Scald|p1a: Corviknight
|-damage|p1a: Corviknight|24/100 brn
|
|-weather|none
|-heal|p2a: Ceteres|71/100|[from] item: Leftovers
|-damage|p1a: Corviknight|18/100 brn|[from] brn
|upkeep
|turn|36
|
|t:|1779661552
|move|p1a: Corviknight|Roost|p1a: Corviknight
|-heal|p1a: Corviknight|68/100 brn
|-singleturn|p1a: Corviknight|move: Roost
|move|p2a: Ceteres|Scald|p1a: Corviknight
|-crit|p1a: Corviknight
|-damage|p1a: Corviknight|33/100 brn
|
|-heal|p2a: Ceteres|77/100|[from] item: Leftovers
|-damage|p1a: Corviknight|27/100 brn|[from] brn
|upkeep
|turn|37
|
|t:|1779661555
|move|p1a: Corviknight|Roost|p1a: Corviknight
|-heal|p1a: Corviknight|77/100 brn
|-singleturn|p1a: Corviknight|move: Roost
|move|p2a: Ceteres|Haze|p2a: Ceteres
|-clearallboost
|
|-heal|p2a: Ceteres|83/100|[from] item: Leftovers
|-damage|p1a: Corviknight|71/100 brn|[from] brn
|upkeep
|turn|38
|
|t:|1779661561
|switch|p2a: Rhea|Gardevoir, F, shiny|100/100
|-ability|p2a: Rhea|Pressure|Trace|[from] ability: Trace|[of] p1a: Corviknight
|-ability|p2a: Rhea|Pressure
|move|p1a: Corviknight|Bulk Up|p1a: Corviknight
|-boost|p1a: Corviknight|atk|1
|-boost|p1a: Corviknight|def|1
|
|-damage|p1a: Corviknight|65/100 brn|[from] brn
|upkeep
|turn|39
|
|t:|1779661563
|move|p1a: Corviknight|Agility|p1a: Corviknight
|-boost|p1a: Corviknight|spe|2
|move|p2a: Rhea|Thunderbolt|p1a: Corviknight
|-supereffective|p1a: Corviknight
|-damage|p1a: Corviknight|12/100 brn
|-enditem|p1a: Corviknight|Weakness Policy
|-boost|p1a: Corviknight|atk|2|[from] item: Weakness Policy
|-boost|p1a: Corviknight|spa|2|[from] item: Weakness Policy
|
|-damage|p1a: Corviknight|6/100 brn|[from] brn
|upkeep
|turn|40
|
|t:|1779661571
|-terastallize|p1a: Corviknight|Dark
|move|p1a: Corviknight|Roost|p1a: Corviknight
|-heal|p1a: Corviknight|56/100 brn
|move|p2a: Rhea|Mystical Fire|p1a: Corviknight
|-damage|p1a: Corviknight|36/100 brn
|-unboost|p1a: Corviknight|spa|1
|
|-damage|p1a: Corviknight|29/100 brn|[from] brn
|upkeep
|turn|41
|
|t:|1779661579
|switch|p2a: Hermé|Iron Valiant, shiny|100/100
|-enditem|p2a: Hermé|Booster Energy
|-activate|p2a: Hermé|ability: Quark Drive|[fromitem]
|-start|p2a: Hermé|quarkdrivespe
|move|p1a: Corviknight|Power Trip|p2a: Hermé
|-resisted|p2a: Hermé
|-damage|p2a: Hermé|81/100
|
|-damage|p1a: Corviknight|23/100 brn|[from] brn
|upkeep
|turn|42
|
|t:|1779661585
|move|p2a: Hermé|Brick Break|p1a: Corviknight
|-supereffective|p1a: Corviknight
|-crit|p1a: Corviknight
|-damage|p1a: Corviknight|0 fnt
|faint|p1a: Corviknight
|
|win|michael00000000
|raw|ChessDennis's rating: 1317 &rarr; <strong>1297</strong><br />(-20 for losing)
|raw|michael00000000's rating: 1313 &rarr; <strong>1333</strong><br />(+20 for winning)
|l|☆ChessDennis
|player|p1|
|l|☆michael00000000
|player|p2|
