|j|☆jsf130808
|j|☆batou7
|t:|1779581121
|gametype|singles
|player|p1|jsf130808|dawn|1115
|player|p2|batou7|morty|1116
|gen|9
|tier|[Gen 9] OU
|rated|
|rule|HP Percentage Mod: HP is shown in percentages
|rule|Endless Battle Clause: Forcing endless battles is banned
|rule|Species Clause: Limit one of each Pokémon
|rule|OHKO Clause: OHKO moves are banned
|rule|Evasion Items Clause: Evasion items are banned
|rule|Evasion Moves Clause: Evasion moves are banned
|rule|Evasion Abilities Clause: Evasion abilities are banned
|rule|Sleep Moves Clause: Sleep-inducing moves are banned
|clearpoke
|poke|p1|Keldeo-Resolute|
|poke|p1|Camerupt, F|
|poke|p1|Wigglytuff, M|
|poke|p1|Sylveon, M|
|poke|p1|Kleavor, F|
|poke|p1|Tornadus-Therian, M|
|poke|p2|Zamazenta-*|
|poke|p2|Iron Hands|
|poke|p2|Ceruledge, F|
|poke|p2|Iron Valiant|
|poke|p2|Deoxys-Speed|
|poke|p2|Glimmora, F|
|teampreview
|
|t:|1779581138
|teamsize|p1|6
|teamsize|p2|6
|start
|switch|p1a: Hamish|Wigglytuff, M|100/100
|switch|p2a: Glimmora|Glimmora, F|100/100
|-item|p2a: Glimmora|Red Card|[from] ability: Frisk|[of] p1a: Hamish
|turn|1
|inactive|Battle timer is ON: inactive players will automatically lose when time's up. (requested by batou7)
|
|t:|1779581160
|switch|p1a: Willow|Camerupt, F|100/100
|move|p2a: Glimmora|Stealth Rock|p1a: Willow
|-sidestart|p1: jsf130808|move: Stealth Rock
|
|upkeep
|turn|2
|
|t:|1779581166
|move|p2a: Glimmora|Spikes|p1a: Willow
|-sidestart|p1: jsf130808|Spikes
|move|p1a: Willow|Stealth Rock|p2a: Glimmora
|-sidestart|p2: batou7|move: Stealth Rock
|
|upkeep
|turn|3
|
|t:|1779581171
|move|p2a: Glimmora|Spikes|p1a: Willow
|-sidestart|p1: jsf130808|Spikes
|move|p1a: Willow|Earth Power|p2a: Glimmora
|-supereffective|p2a: Glimmora
|-damage|p2a: Glimmora|0 fnt
|faint|p2a: Glimmora
|
|upkeep
|
|t:|1779581199
|switch|p2a: Deoxys|Deoxys-Speed|100/100
|-damage|p2a: Deoxys|88/100|[from] Stealth Rock
|-ability|p2a: Deoxys|Pressure
|turn|4
|
|t:|1779581207
|move|p2a: Deoxys|Light Screen|p2a: Deoxys
|-sidestart|p2: batou7|move: Light Screen
|move|p1a: Willow|Earth Power|p2a: Deoxys
|-damage|p2a: Deoxys|62/100
|-unboost|p2a: Deoxys|spd|1
|
|upkeep
|turn|5
|
|t:|1779581216
|move|p2a: Deoxys|Taunt|p1a: Willow
|-start|p1a: Willow|move: Taunt
|move|p1a: Willow|Earth Power|p2a: Deoxys
|-damage|p2a: Deoxys|19/100
|
|upkeep
|turn|6
|
|t:|1779581227
|switch|p2a: Zamazenta|Zamazenta|100/100
|-damage|p2a: Zamazenta|94/100|[from] Stealth Rock
|-ability|p2a: Zamazenta|Dauntless Shield|boost
|-boost|p2a: Zamazenta|def|1
|move|p1a: Willow|Earth Power|p2a: Zamazenta
|-damage|p2a: Zamazenta|73/100
|
|-heal|p2a: Zamazenta|80/100|[from] item: Leftovers
|upkeep
|turn|7
|
|t:|1779581245
|move|p2a: Zamazenta|Iron Defense|p2a: Zamazenta
|-boost|p2a: Zamazenta|def|2
|move|p1a: Willow|Earth Power|p2a: Zamazenta
|-crit|p2a: Zamazenta
|-damage|p2a: Zamazenta|17/100
|
|-heal|p2a: Zamazenta|23/100|[from] item: Leftovers
|-end|p1a: Willow|move: Taunt
|upkeep
|turn|8
|
|t:|1779581260
|move|p2a: Zamazenta|Body Press|p1a: Willow
|-damage|p1a: Willow|0 fnt
|faint|p1a: Willow
|
|-heal|p2a: Zamazenta|29/100|[from] item: Leftovers
|upkeep
|
|t:|1779581273
|switch|p1a: Hamish|Wigglytuff, M|100/100
|-damage|p1a: Hamish|88/100|[from] Stealth Rock
|-damage|p1a: Hamish|72/100|[from] Spikes
|-item|p2a: Zamazenta|Leftovers|[from] ability: Frisk|[of] p1a: Hamish
|turn|9
|
|t:|1779581286
|move|p2a: Zamazenta|Body Press|p1a: Hamish
|-damage|p1a: Hamish|0 fnt
|faint|p1a: Hamish
|
|-heal|p2a: Zamazenta|35/100|[from] item: Leftovers
|upkeep
|
|t:|1779581296
|switch|p1a: Bailey|Sylveon, M|100/100
|-damage|p1a: Bailey|88/100|[from] Stealth Rock
|-damage|p1a: Bailey|72/100|[from] Spikes
|turn|10
|
|t:|1779581305
|move|p2a: Zamazenta|Body Press|p1a: Bailey
|-resisted|p1a: Bailey
|-damage|p1a: Bailey|13/100
|move|p1a: Bailey|Hyper Voice|p2a: Zamazenta
|-supereffective|p2a: Zamazenta
|-damage|p2a: Zamazenta|0 fnt
|faint|p2a: Zamazenta
|
|upkeep
|
|t:|1779581313
|switch|p2a: Iron Valiant|Iron Valiant|100/100
|-damage|p2a: Iron Valiant|94/100|[from] Stealth Rock
|-enditem|p2a: Iron Valiant|Booster Energy
|-activate|p2a: Iron Valiant|ability: Quark Drive|[fromitem]
|-start|p2a: Iron Valiant|quarkdrivespe
|turn|11
|
|t:|1779581329
|-terastallize|p2a: Iron Valiant|Steel
|move|p2a: Iron Valiant|Moonblast|p1a: Bailey
|-damage|p1a: Bailey|0 fnt
|faint|p1a: Bailey
|
|-sideend|p2: batou7|move: Light Screen
|upkeep
|
|t:|1779581342
|switch|p1a: Ophelia|Keldeo-Resolute|100/100
|turn|12
|
|t:|1779581354
|move|p1a: Ophelia|Vacuum Wave|p2a: Iron Valiant
|-supereffective|p2a: Iron Valiant
|-damage|p2a: Iron Valiant|22/100
|move|p2a: Iron Valiant|Moonblast|p1a: Ophelia
|-supereffective|p1a: Ophelia
|-damage|p1a: Ophelia|0 fnt
|faint|p1a: Ophelia
|
|upkeep
|
|t:|1779581365
|switch|p1a: Ewatta|Tornadus-Therian, M|100/100
|turn|13
|
|t:|1779581375
|move|p2a: Iron Valiant|Moonblast|p1a: Ewatta
|-damage|p1a: Ewatta|46/100
|move|p1a: Ewatta|Heat Wave|p2a: Iron Valiant
|-supereffective|p2a: Iron Valiant
|-damage|p2a: Iron Valiant|0 fnt
|faint|p2a: Iron Valiant
|-end|p2a: Iron Valiant|Quark Drive|[silent]
|
|upkeep
|
|t:|1779581382
|switch|p2a: Iron Hands|Iron Hands|100/100
|-damage|p2a: Iron Hands|94/100|[from] Stealth Rock
|-enditem|p2a: Iron Hands|Booster Energy
|-activate|p2a: Iron Hands|ability: Quark Drive|[fromitem]
|-start|p2a: Iron Hands|quarkdriveatk
|turn|14
|
|t:|1779581400
|switch|p1a: Dech|Kleavor, F|100/100
|-damage|p1a: Dech|76/100|[from] Stealth Rock
|-damage|p1a: Dech|59/100|[from] Spikes
|move|p2a: Iron Hands|Supercell Slam|p1a: Dech
|-damage|p1a: Dech|0 fnt
|faint|p1a: Dech
|
|upkeep
|
|t:|1779581409
|switch|p1a: Ewatta|Tornadus-Therian, M|79/100
|turn|15
|
|t:|1779581414
|move|p1a: Ewatta|Bleakwind Storm|p2a: Iron Hands
|-damage|p2a: Iron Hands|45/100
|move|p2a: Iron Hands|Supercell Slam|p1a: Ewatta
|-supereffective|p1a: Ewatta
|-damage|p1a: Ewatta|0 fnt
|faint|p1a: Ewatta
|
|win|batou7
|raw|jsf130808's rating: 1115 &rarr; <strong>1090</strong><br />(-25 for losing)
|raw|batou7's rating: 1116 &rarr; <strong>1141</strong><br />(+25 for winning)
|c|☆jsf130808|gg
