|j|☆chrovalis
|j|☆ok9877
|t:|1779711816
|gametype|singles
|player|p1|chrovalis|ethan|1117
|player|p2|ok9877|marlon|1072
|gen|9
|tier|[Gen 9] OU
|rated|
|rule|HP Percentage Mod: HP is shown in percentages
|rule|Endless Battle Clause: Forcing endless battles is banned
|rule|Species Clause: Limit one of each Pokémon
|rule|OHKO Clause: OHKO moves are banned
|rule|Evasion Items Clause: Evasion items are banned
|rule|Evasion Moves Clause: Evasion moves are banned
|rule|Evasion Abilities Clause: Evasion abilities are banned
|rule|Sleep Moves Clause: Sleep-inducing moves are banned
|clearpoke
|poke|p1|Rillaboom, F|
|poke|p1|Arcanine, M|
|poke|p1|Empoleon, M|
|poke|p1|Espeon, F|
|poke|p1|Hariyama, M|
|poke|p2|Hitmonlee, M|
|poke|p2|Haxorus, F|
|poke|p2|Donphan, F|
|poke|p2|Terrakion|
|poke|p2|Crawdaunt, F|
|poke|p2|Vikavolt, F|
|teampreview
|inactive|Battle timer is ON: inactive players will automatically lose when time's up. (requested by chrovalis)
|inactive|ok9877 also wants the timer to be on.
|l|☆ok9877
|inactive|ok9877 disconnected and has a minute to reconnect!
|player|p2|
|j|☆ok9877
|inactive|ok9877 reconnected and has 130 seconds left.
|player|p2|ok9877|marlon|
|
|t:|1779711841
|teamsize|p1|5
|teamsize|p2|6
|start
|switch|p1a: Rillaboom|Rillaboom, F|100/100
|switch|p2a: Haxorus|Haxorus, F, shiny|100/100
|-ability|p2a: Haxorus|Mold Breaker
|-fieldstart|move: Grassy Terrain|[from] ability: Grassy Surge|[of] p1a: Rillaboom
|turn|1
|
|t:|1779711851
|move|p2a: Haxorus|Swords Dance|p2a: Haxorus
|-boost|p2a: Haxorus|atk|2
|move|p1a: Rillaboom|Knock Off|p2a: Haxorus
|-damage|p2a: Haxorus|56/100
|-enditem|p2a: Haxorus|Loaded Dice|[from] move: Knock Off|[of] p1a: Rillaboom
|
|-heal|p2a: Haxorus|63/100|[from] Grassy Terrain
|upkeep
|turn|2
|
|t:|1779711862
|-terastallize|p1a: Rillaboom|Grass
|move|p1a: Rillaboom|Grassy Glide|p2a: Haxorus
|-resisted|p2a: Haxorus
|-damage|p2a: Haxorus|27/100
|move|p2a: Haxorus|Scale Shot|p1a: Rillaboom
|-damage|p1a: Rillaboom|72/100
|-damage|p1a: Rillaboom|45/100
|-damage|p1a: Rillaboom|17/100
|-damage|p1a: Rillaboom|0 fnt
|faint|p1a: Rillaboom
|-hitcount|p1: Rillaboom|4
|-unboost|p2a: Haxorus|def|1
|-boost|p2a: Haxorus|spe|1
|
|-heal|p2a: Haxorus|33/100|[from] Grassy Terrain
|upkeep
|
|t:|1779711875
|switch|p1a: Arcanine|Arcanine, M|100/100
|-ability|p1a: Arcanine|Intimidate|boost
|-unboost|p2a: Haxorus|atk|1
|turn|3
|
|t:|1779711880
|move|p1a: Arcanine|Extreme Speed|p2a: Haxorus
|-damage|p2a: Haxorus|0 fnt
|faint|p2a: Haxorus
|
|upkeep
|
|t:|1779711884
|switch|p2a: Crawdaunt|Crawdaunt, F, shiny|100/100
|turn|4
|
|t:|1779711892
|switch|p1a: Empoleon|Empoleon, M|100/100
|move|p2a: Crawdaunt|Crabhammer|p1a: Empoleon
|-resisted|p1a: Empoleon
|-damage|p1a: Empoleon|36/100
|
|-heal|p1a: Empoleon|43/100|[from] Grassy Terrain
|-heal|p1a: Empoleon|49/100|[from] item: Leftovers
|upkeep
|turn|5
|
|t:|1779711905
|move|p1a: Empoleon|Ice Beam|p2a: Crawdaunt
|-resisted|p2a: Crawdaunt
|-damage|p2a: Crawdaunt|77/100
|move|p2a: Crawdaunt|Crabhammer|p1a: Empoleon|[miss]
|-miss|p2a: Crawdaunt|p1a: Empoleon
|
|-heal|p1a: Empoleon|55/100|[from] Grassy Terrain
|-heal|p1a: Empoleon|61/100|[from] item: Leftovers
|-heal|p2a: Crawdaunt|83/100|[from] Grassy Terrain
|upkeep
|turn|6
|
|t:|1779711912
|move|p1a: Empoleon|Roost|p1a: Empoleon
|-heal|p1a: Empoleon|100/100
|-singleturn|p1a: Empoleon|move: Roost
|move|p2a: Crawdaunt|Crabhammer|p1a: Empoleon
|-resisted|p1a: Empoleon
|-damage|p1a: Empoleon|39/100
|
|-heal|p1a: Empoleon|45/100|[from] Grassy Terrain
|-heal|p1a: Empoleon|51/100|[from] item: Leftovers
|-heal|p2a: Crawdaunt|89/100|[from] Grassy Terrain
|upkeep
|turn|7
|
|t:|1779711918
|switch|p2a: Vikavolt|Vikavolt, F, shiny|100/100
|move|p1a: Empoleon|Surf|p2a: Vikavolt
|-damage|p2a: Vikavolt|28/100
|
|-heal|p1a: Empoleon|57/100|[from] Grassy Terrain
|-heal|p1a: Empoleon|64/100|[from] item: Leftovers
|upkeep
|turn|8
|
|t:|1779711927
|move|p1a: Empoleon|Ice Beam|p2a: Vikavolt
|-damage|p2a: Vikavolt|0 fnt
|faint|p2a: Vikavolt
|
|-heal|p1a: Empoleon|70/100|[from] Grassy Terrain
|-heal|p1a: Empoleon|76/100|[from] item: Leftovers
|-fieldend|move: Grassy Terrain
|upkeep
|
|t:|1779711931
|switch|p2a: Terrakion|Terrakion, shiny|100/100
|turn|9
|
|t:|1779711939
|-terastallize|p2a: Terrakion|Grass
|move|p2a: Terrakion|Earthquake|p1a: Empoleon
|-supereffective|p1a: Empoleon
|-crit|p1a: Empoleon
|-damage|p1a: Empoleon|0 fnt
|faint|p1a: Empoleon
|
|upkeep
|
|t:|1779711946
|switch|p1a: Arcanine|Arcanine, M|100/100
|-ability|p1a: Arcanine|Intimidate|boost
|-unboost|p2a: Terrakion|atk|1
|turn|10
|
|t:|1779711952
|switch|p2a: Crawdaunt|Crawdaunt, F, shiny|89/100
|move|p1a: Arcanine|Flare Blitz|p2a: Crawdaunt
|-resisted|p2a: Crawdaunt
|-damage|p2a: Crawdaunt|50/100
|-damage|p1a: Arcanine|89/100|[from] Recoil
|
|upkeep
|turn|11
|
|t:|1779711960
|switch|p1a: Espeon|Espeon, F|100/100
|move|p2a: Crawdaunt|Aqua Jet|p1a: Espeon
|-damage|p1a: Espeon|47/100
|
|upkeep
|turn|12
|
|t:|1779711963
|move|p2a: Crawdaunt|Aqua Jet|p1a: Espeon
|-damage|p1a: Espeon|0 fnt
|faint|p1a: Espeon
|
|upkeep
|
|t:|1779711966
|switch|p1a: Hariyama|Hariyama, M, shiny|100/100
|turn|13
|
|t:|1779711971
|switch|p2a: Hitmonlee|Hitmonlee, M, shiny|100/100
|move|p1a: Hariyama|Drain Punch|p2a: Hitmonlee
|-damage|p2a: Hitmonlee|15/100
|-enditem|p2a: Hitmonlee|Liechi Berry|[eat]
|-boost|p2a: Hitmonlee|atk|1|[from] item: Liechi Berry
|
|upkeep
|turn|14
|
|t:|1779711980
|move|p2a: Hitmonlee|Endure|p2a: Hitmonlee
|-singleturn|p2a: Hitmonlee|move: Endure
|move|p1a: Hariyama|Bullet Punch|p2a: Hitmonlee
|-activate|p2a: Hitmonlee|move: Endure
|-damage|p2a: Hitmonlee|1/100
|
|upkeep
|turn|15
|
|t:|1779711987
|move|p2a: Hitmonlee|Upper Hand|p1a: Hariyama
|-damage|p1a: Hariyama|46/100
|cant|p1a: Hariyama|flinch
|
|-heal|p1a: Hariyama|52/100|[from] item: Leftovers
|upkeep
|turn|16
|
|t:|1779711991
|move|p2a: Hitmonlee|Upper Hand|p1a: Hariyama
|-damage|p1a: Hariyama|0 fnt
|faint|p1a: Hariyama
|
|upkeep
|
|t:|1779711995
|switch|p1a: Arcanine|Arcanine, M|89/100
|-ability|p1a: Arcanine|Intimidate|boost
|-unboost|p2a: Hitmonlee|atk|1
|turn|17
|
|t:|1779711997
|move|p2a: Hitmonlee|Upper Hand|p1a: Arcanine
|-damage|p1a: Arcanine|58/100
|cant|p1a: Arcanine|flinch
|
|upkeep
|turn|18
|
|t:|1779712002
|move|p2a: Hitmonlee|Upper Hand||[still]
|-fail|p2a: Hitmonlee
|move|p1a: Arcanine|Flare Blitz|p2a: Hitmonlee
|-damage|p2a: Hitmonlee|0 fnt
|faint|p2a: Hitmonlee
|-damage|p1a: Arcanine|57/100|[from] Recoil
|
|upkeep
|
|t:|1779712004
|switch|p2a: Crawdaunt|Crawdaunt, F, shiny|50/100
|turn|19
|
|t:|1779712008
|move|p1a: Arcanine|Extreme Speed|p2a: Crawdaunt
|-damage|p2a: Crawdaunt|16/100
|move|p2a: Crawdaunt|Aqua Jet|p1a: Arcanine
|-supereffective|p1a: Arcanine
|-damage|p1a: Arcanine|0 fnt
|faint|p1a: Arcanine
|
|win|ok9877
|raw|chrovalis's rating: 1117 &rarr; <strong>1089</strong><br />(-28 for losing)
|raw|ok9877's rating: 1072 &rarr; <strong>1105</strong><br />(+33 for winning)
|l|☆ok9877
|player|p2|
|l|☆chrovalis
|player|p1|
