|j|☆purpashroom
|j|☆Srbin_21
|t:|1779691437
|gametype|singles
|player|p1|purpashroom|richboy-gen4|1104
|player|p2|Srbin_21|101|1125
|gen|9
|tier|[Gen 9] OU
|rated|
|rule|HP Percentage Mod: HP is shown in percentages
|rule|Endless Battle Clause: Forcing endless battles is banned
|rule|Species Clause: Limit one of each Pokémon
|rule|OHKO Clause: OHKO moves are banned
|rule|Evasion Items Clause: Evasion items are banned
|rule|Evasion Moves Clause: Evasion moves are banned
|rule|Evasion Abilities Clause: Evasion abilities are banned
|rule|Sleep Moves Clause: Sleep-inducing moves are banned
|clearpoke
|poke|p1|Hatterene, F|
|poke|p1|Reuniclus, M|
|poke|p1|Ursaluna, M|
|poke|p1|Kingambit, M|
|poke|p1|Torkoal, M|
|poke|p1|Farigiraf, M|
|poke|p2|Hydreigon, M|
|poke|p2|Corviknight, M|
|poke|p2|Haxorus, F|
|poke|p2|Rampardos, M|
|poke|p2|Toxtricity, M|
|poke|p2|Necrozma|
|teampreview
|inactive|Battle timer is ON: inactive players will automatically lose when time's up. (requested by purpashroom)
|
|t:|1779691449
|teamsize|p1|6
|teamsize|p2|6
|start
|switch|p1a: Hatterene|Hatterene, F|100/100
|switch|p2a: Toxtricity|Toxtricity, M|100/100
|turn|1
|
|t:|1779691460
|move|p2a: Toxtricity|Boomburst|p1a: Hatterene
|-damage|p1a: Hatterene|39/100
|-enditem|p2a: Toxtricity|Throat Spray
|-boost|p2a: Toxtricity|spa|1|[from] item: Throat Spray
|move|p1a: Hatterene|Trick Room|p1a: Hatterene
|-fieldstart|move: Trick Room|[of] p1a: Hatterene
|
|-heal|p1a: Hatterene|45/100|[from] item: Leftovers
|upkeep
|turn|2
|
|t:|1779691485
|switch|p1a: Ursaluna|Ursaluna, M|100/100
|move|p2a: Toxtricity|Sludge Wave|p1a: Ursaluna
|-resisted|p1a: Ursaluna
|-damage|p1a: Ursaluna|66/100
|
|-status|p1a: Ursaluna|brn|[from] item: Flame Orb
|upkeep
|turn|3
|
|t:|1779691494
|move|p1a: Ursaluna|Headlong Rush|p2a: Toxtricity
|-supereffective|p2a: Toxtricity
|-damage|p2a: Toxtricity|0 fnt
|-unboost|p1a: Ursaluna|def|1
|-unboost|p1a: Ursaluna|spd|1
|faint|p2a: Toxtricity
|
|-damage|p1a: Ursaluna|60/100 brn|[from] brn
|upkeep
|
|t:|1779691507
|switch|p2a: Rampardos|Rampardos, M|100/100
|turn|4
|
|t:|1779691513
|move|p1a: Ursaluna|Close Combat|p2a: Rampardos
|-supereffective|p2a: Rampardos
|-crit|p2a: Rampardos
|-damage|p2a: Rampardos|0 fnt
|-unboost|p1a: Ursaluna|def|1
|-unboost|p1a: Ursaluna|spd|1
|faint|p2a: Rampardos
|
|-damage|p1a: Ursaluna|54/100 brn|[from] brn
|upkeep
|
|t:|1779691526
|switch|p2a: Necrozma|Necrozma|100/100
|turn|5
|
|t:|1779691543
|move|p1a: Ursaluna|Facade|p2a: Necrozma
|-damage|p2a: Necrozma|0 fnt
|faint|p2a: Necrozma
|
|-damage|p1a: Ursaluna|47/100 brn|[from] brn
|-fieldend|move: Trick Room
|upkeep
|
|t:|1779691546
|switch|p2a: BEST POKEMON OAT|Hydreigon, M|100/100
|turn|6
|
|t:|1779691555
|switch|p1a: Hatterene|Hatterene, F|45/100
|move|p2a: BEST POKEMON OAT|Dark Pulse|p1a: Hatterene
|-damage|p1a: Hatterene|1/100
|
|-heal|p1a: Hatterene|7/100|[from] item: Leftovers
|upkeep
|turn|7
|
|t:|1779691566
|move|p2a: BEST POKEMON OAT|Nasty Plot|p2a: BEST POKEMON OAT
|-boost|p2a: BEST POKEMON OAT|spa|2
|move|p1a: Hatterene|Healing Wish|p1a: Hatterene
|faint|p1a: Hatterene
|
|upkeep
|
|t:|1779691571
|switch|p1a: Ursaluna|Ursaluna, M|47/100 brn
|-heal|p1a: Ursaluna|100/100|[from] move: Healing Wish
|turn|8
|
|t:|1779691581
|switch|p1a: Reuniclus|Reuniclus, M, shiny|100/100
|move|p2a: BEST POKEMON OAT|Dark Pulse|p1a: Reuniclus
|-supereffective|p1a: Reuniclus
|-damage|p1a: Reuniclus|0 fnt
|faint|p1a: Reuniclus
|
|upkeep
|
|t:|1779691588
|switch|p1a: Farigiraf|Farigiraf, M|100/100
|turn|9
|
|t:|1779691594
|-terastallize|p1a: Farigiraf|Normal
|move|p2a: BEST POKEMON OAT|Dark Pulse|p1a: Farigiraf
|-damage|p1a: Farigiraf|13/100
|move|p1a: Farigiraf|Trick Room|p1a: Farigiraf
|-fieldstart|move: Trick Room|[of] p1a: Farigiraf
|
|upkeep
|turn|10
|
|t:|1779691603
|-terastallize|p2a: BEST POKEMON OAT|Steel
|move|p1a: Farigiraf|Hyper Voice|p2a: BEST POKEMON OAT
|-resisted|p2a: BEST POKEMON OAT
|-damage|p2a: BEST POKEMON OAT|67/100
|-enditem|p1a: Farigiraf|Throat Spray
|-boost|p1a: Farigiraf|spa|1|[from] item: Throat Spray
|move|p2a: BEST POKEMON OAT|Dark Pulse|p1a: Farigiraf
|-damage|p1a: Farigiraf|0 fnt
|faint|p1a: Farigiraf
|
|upkeep
|
|t:|1779691612
|switch|p1a: Ursaluna|Ursaluna, M|100/100
|turn|11
|
|t:|1779691622
|move|p1a: Ursaluna|Close Combat|p2a: BEST POKEMON OAT
|-supereffective|p2a: BEST POKEMON OAT
|-damage|p2a: BEST POKEMON OAT|0 fnt
|-unboost|p1a: Ursaluna|def|1
|-unboost|p1a: Ursaluna|spd|1
|-damage|p1a: Ursaluna|84/100|[from] item: Rocky Helmet|[of] p2a: BEST POKEMON OAT
|faint|p2a: BEST POKEMON OAT
|
|-status|p1a: Ursaluna|brn|[from] item: Flame Orb
|upkeep
|
|t:|1779691625
|switch|p2a: Haxorus|Haxorus, F, shiny|100/100
|-ability|p2a: Haxorus|Mold Breaker
|turn|12
|
|t:|1779691636
|move|p1a: Ursaluna|Facade|p2a: Haxorus
|-damage|p2a: Haxorus|0 fnt
|faint|p2a: Haxorus
|
|-damage|p1a: Ursaluna|78/100 brn|[from] brn
|upkeep
|
|t:|1779691639
|switch|p2a: Corviknight|Corviknight, M|100/100
|turn|13
|
|t:|1779691647
|move|p1a: Ursaluna|Close Combat|p2a: Corviknight
|-damage|p2a: Corviknight|43/100
|-unboost|p1a: Ursaluna|def|1
|-unboost|p1a: Ursaluna|spd|1
|move|p2a: Corviknight|Roost|p2a: Corviknight
|-heal|p2a: Corviknight|93/100
|-singleturn|p2a: Corviknight|move: Roost
|
|-heal|p2a: Corviknight|99/100|[from] item: Leftovers
|-damage|p1a: Ursaluna|71/100 brn|[from] brn
|-fieldend|move: Trick Room
|upkeep
|turn|14
|
|t:|1779691669
|move|p2a: Corviknight|Iron Defense|p2a: Corviknight
|-boost|p2a: Corviknight|def|2
|move|p1a: Ursaluna|Close Combat|p2a: Corviknight
|-damage|p2a: Corviknight|72/100
|-unboost|p1a: Ursaluna|def|1
|-unboost|p1a: Ursaluna|spd|1
|
|-heal|p2a: Corviknight|78/100|[from] item: Leftovers
|-damage|p1a: Ursaluna|65/100 brn|[from] brn
|upkeep
|turn|15
|
|t:|1779691678
|move|p2a: Corviknight|Iron Defense|p2a: Corviknight
|-boost|p2a: Corviknight|def|2
|move|p1a: Ursaluna|Headlong Rush|p2a: Corviknight
|-immune|p2a: Corviknight
|
|-heal|p2a: Corviknight|84/100|[from] item: Leftovers
|-damage|p1a: Ursaluna|59/100 brn|[from] brn
|upkeep
|turn|16
|
|t:|1779691688
|move|p2a: Corviknight|Iron Defense|p2a: Corviknight
|-boost|p2a: Corviknight|def|2
|move|p1a: Ursaluna|Close Combat|p2a: Corviknight
|-damage|p2a: Corviknight|70/100
|-unboost|p1a: Ursaluna|def|1
|-unboost|p1a: Ursaluna|spd|1
|
|-heal|p2a: Corviknight|76/100|[from] item: Leftovers
|-damage|p1a: Ursaluna|53/100 brn|[from] brn
|upkeep
|turn|17
|
|t:|1779691697
|move|p2a: Corviknight|Body Press|p1a: Ursaluna
|-supereffective|p1a: Ursaluna
|-damage|p1a: Ursaluna|0 fnt
|faint|p1a: Ursaluna
|
|-heal|p2a: Corviknight|82/100|[from] item: Leftovers
|upkeep
|
|t:|1779691704
|switch|p1a: Torkoal|Torkoal, M|100/100
|-weather|SunnyDay|[from] ability: Drought|[of] p1a: Torkoal
|turn|18
|
|t:|1779691712
|move|p2a: Corviknight|Body Press|p1a: Torkoal
|-damage|p1a: Torkoal|29/100
|move|p1a: Torkoal|Flamethrower|p2a: Corviknight
|-supereffective|p2a: Corviknight
|-damage|p2a: Corviknight|0 fnt
|faint|p2a: Corviknight
|
|win|purpashroom
|raw|purpashroom's rating: 1104 &rarr; <strong>1131</strong><br />(+27 for winning)
|raw|Srbin_21's rating: 1125 &rarr; <strong>1098</strong><br />(-27 for losing)
|c|☆Srbin_21|gg
|l|☆purpashroom
|player|p1|
|l|☆Srbin_21
|player|p2|
|j|☆purpashroom
|player|p1|purpashroom|richboy-gen4|
|l|☆purpashroom
|player|p1|
|j| aer0_257
|l| aer0_257
