|j|☆Demostert
|j|☆claudechamp
|t:|1779716444
|gametype|singles
|player|p1|Demostert|barry|1311
|player|p2|claudechamp|102|1313
|gen|9
|tier|[Gen 9] OU
|rated|
|rule|HP Percentage Mod: HP is shown in percentages
|rule|Endless Battle Clause: Forcing endless battles is banned
|rule|Species Clause: Limit one of each Pokémon
|rule|OHKO Clause: OHKO moves are banned
|rule|Evasion Items Clause: Evasion items are banned
|rule|Evasion Moves Clause: Evasion moves are banned
|rule|Evasion Abilities Clause: Evasion abilities are banned
|rule|Sleep Moves Clause: Sleep-inducing moves are banned
|clearpoke
|poke|p1|Heatran, F|
|poke|p1|Samurott-Hisui, M|
|poke|p1|Garchomp, M|
|poke|p1|Corviknight, F|
|poke|p1|Zamazenta-*|
|poke|p1|Ogerpon, F|
|poke|p2|Gliscor, M|
|poke|p2|Gholdengo|
|poke|p2|Zamazenta-*|
|poke|p2|Blissey, F|
|poke|p2|Skarmory, M|
|poke|p2|Pecharunt|
|teampreview
|c|☆claudechamp|hf
|inactive|Battle timer is ON: inactive players will automatically lose when time's up. (requested by claudechamp)
|
|t:|1779716465
|teamsize|p1|6
|teamsize|p2|6
|start
|switch|p1a: Samurott|Samurott-Hisui, M|100/100
|switch|p2a: Skarmory|Skarmory, M|100/100
|turn|1
|
|t:|1779716472
|move|p1a: Samurott|Knock Off|p2a: Skarmory
|-damage|p2a: Skarmory|75/100
|-enditem|p2a: Skarmory|Heavy-Duty Boots|[from] move: Knock Off|[of] p1a: Samurott
|move|p2a: Skarmory|Spikes|p1a: Samurott
|-sidestart|p1: Demostert|Spikes
|
|upkeep
|turn|2
|
|t:|1779716478
|move|p1a: Samurott|Ceaseless Edge|p2a: Skarmory
|-damage|p2a: Skarmory|48/100
|-sidestart|p2: claudechamp|Spikes
|move|p2a: Skarmory|Spikes|p1a: Samurott
|-sidestart|p1: Demostert|Spikes
|
|upkeep
|turn|3
|
|t:|1779716484
|move|p1a: Samurott|Ceaseless Edge|p2a: Skarmory
|-crit|p2a: Skarmory
|-damage|p2a: Skarmory|5/100
|-sidestart|p2: claudechamp|Spikes
|move|p2a: Skarmory|Roost|p2a: Skarmory
|-heal|p2a: Skarmory|55/100
|-singleturn|p2a: Skarmory|move: Roost
|
|upkeep
|turn|4
|
|t:|1779716491
|move|p1a: Samurott|Ceaseless Edge|p2a: Skarmory
|-damage|p2a: Skarmory|30/100
|-sidestart|p2: claudechamp|Spikes
|move|p2a: Skarmory|Roost|p2a: Skarmory
|-heal|p2a: Skarmory|80/100
|-singleturn|p2a: Skarmory|move: Roost
|
|upkeep
|turn|5
|
|t:|1779716499
|move|p1a: Samurott|Razor Shell|p2a: Skarmory
|-damage|p2a: Skarmory|51/100
|-unboost|p2a: Skarmory|def|1
|move|p2a: Skarmory|Spikes|p1a: Samurott
|-sidestart|p1: Demostert|Spikes
|
|upkeep
|turn|6
|
|t:|1779716508
|switch|p2a: Zamazenta|Zamazenta|100/100
|-ability|p2a: Zamazenta|Dauntless Shield|boost
|-boost|p2a: Zamazenta|def|1
|move|p1a: Samurott|Razor Shell|p2a: Zamazenta
|-damage|p2a: Zamazenta|69/100
|
|upkeep
|turn|7
|
|t:|1779716517
|-terastallize|p1a: Samurott|Poison
|move|p2a: Zamazenta|Close Combat|p1a: Samurott
|-resisted|p1a: Samurott
|-damage|p1a: Samurott|70/100
|-unboost|p2a: Zamazenta|def|1
|-unboost|p2a: Zamazenta|spd|1
|move|p1a: Samurott|Knock Off|p2a: Zamazenta
|-resisted|p2a: Zamazenta
|-damage|p2a: Zamazenta|48/100
|-enditem|p2a: Zamazenta|Heavy-Duty Boots|[from] move: Knock Off|[of] p1a: Samurott
|
|upkeep
|turn|8
|
|t:|1779716528
|move|p2a: Zamazenta|Close Combat|p1a: Samurott
|-resisted|p1a: Samurott
|-damage|p1a: Samurott|38/100
|-unboost|p2a: Zamazenta|def|1
|-unboost|p2a: Zamazenta|spd|1
|move|p1a: Samurott|Razor Shell|p2a: Zamazenta
|-damage|p2a: Zamazenta|0 fnt
|faint|p2a: Zamazenta
|
|upkeep
|
|t:|1779716530
|switch|p2a: Gliscor|Gliscor, M|100/100
|turn|9
|
|t:|1779716533
|move|p2a: Gliscor|Earthquake|p1a: Samurott
|-supereffective|p1a: Samurott
|-damage|p1a: Samurott|0 fnt
|faint|p1a: Samurott
|
|-status|p2a: Gliscor|tox|[from] item: Toxic Orb
|upkeep
|
|t:|1779716540
|switch|p1a: Corviknight|Corviknight, F, shiny|100/100
|-ability|p1a: Corviknight|Pressure
|turn|10
|
|t:|1779716543
|move|p2a: Gliscor|Swords Dance|p2a: Gliscor
|-boost|p2a: Gliscor|atk|2
|move|p1a: Corviknight|Defog|p2a: Gliscor
|-unboost|p2a: Gliscor|evasion|1
|-sideend|p2: claudechamp|Spikes|[from] move: Defog|[of] p1a: Corviknight
|-sideend|p1: Demostert|Spikes|[from] move: Defog|[of] p1a: Corviknight
|
|upkeep
|turn|11
|
|t:|1779716549
|move|p2a: Gliscor|Swords Dance|p2a: Gliscor
|-boost|p2a: Gliscor|atk|2
|move|p1a: Corviknight|U-turn|p2a: Gliscor
|-resisted|p2a: Gliscor
|-damage|p2a: Gliscor|94/100 tox
|
|t:|1779716552
|switch|p1a: Garchomp|Garchomp, M, shiny|100/100|[from] U-turn
|
|-heal|p2a: Gliscor|100/100 tox|[from] ability: Poison Heal
|upkeep
|turn|12
|
|t:|1779716554
|move|p2a: Gliscor|Knock Off|p1a: Garchomp
|-damage|p1a: Garchomp|62/100
|-damage|p2a: Gliscor|88/100 tox|[from] ability: Rough Skin|[of] p1a: Garchomp
|-damage|p2a: Gliscor|72/100 tox|[from] item: Rocky Helmet|[of] p1a: Garchomp
|-enditem|p1a: Garchomp|Rocky Helmet|[from] move: Knock Off|[of] p2a: Gliscor
|move|p1a: Garchomp|Dragon Tail|p2a: Gliscor
|-damage|p2a: Gliscor|51/100 tox
|drag|p2a: Gholdengo|Gholdengo|100/100
|
|upkeep
|turn|13
|
|t:|1779716566
|move|p1a: Garchomp|Stealth Rock|p2a: Gholdengo
|-sidestart|p2: claudechamp|move: Stealth Rock
|move|p2a: Gholdengo|Hex|p1a: Garchomp
|-damage|p1a: Garchomp|33/100
|
|upkeep
|turn|14
|
|t:|1779716571
|move|p1a: Garchomp|Earthquake|p2a: Gholdengo
|-supereffective|p2a: Gholdengo
|-crit|p2a: Gholdengo
|-damage|p2a: Gholdengo|9/100
|move|p2a: Gholdengo|Hex|p1a: Garchomp
|-damage|p1a: Garchomp|5/100
|
|upkeep
|turn|15
|
|t:|1779716577
|move|p1a: Garchomp|Earthquake|p2a: Gholdengo
|-supereffective|p2a: Gholdengo
|-damage|p2a: Gholdengo|0 fnt
|faint|p2a: Gholdengo
|
|upkeep
|
|t:|1779716581
|switch|p2a: Gliscor|Gliscor, M|51/100 tox
|-damage|p2a: Gliscor|39/100 tox|[from] Stealth Rock
|turn|16
|
|t:|1779716585
|move|p2a: Gliscor|Earthquake|p1a: Garchomp
|-crit|p1a: Garchomp
|-damage|p1a: Garchomp|0 fnt
|faint|p1a: Garchomp
|
|-heal|p2a: Gliscor|51/100 tox|[from] ability: Poison Heal
|upkeep
|
|t:|1779716588
|switch|p1a: Ogerpon|Ogerpon, F|100/100
|turn|17
|
|t:|1779716594
|move|p1a: Ogerpon|Ivy Cudgel|p2a: Gliscor
|-damage|p2a: Gliscor|13/100 tox
|move|p2a: Gliscor|Swords Dance|p2a: Gliscor
|-boost|p2a: Gliscor|atk|2
|
|-heal|p2a: Gliscor|26/100 tox|[from] ability: Poison Heal
|upkeep
|turn|18
|
|t:|1779716600
|switch|p2a: Skarmory|Skarmory, M|51/100
|-damage|p2a: Skarmory|39/100|[from] Stealth Rock
|move|p1a: Ogerpon|Encore||[still]
|-fail|p1a: Ogerpon
|
|upkeep
|turn|19
|
|t:|1779716603
|move|p1a: Ogerpon|U-turn|p2a: Skarmory
|-resisted|p2a: Skarmory
|-damage|p2a: Skarmory|36/100
|
|t:|1779716607
|switch|p1a: Corviknight|Corviknight, F, shiny|100/100|[from] U-turn
|-ability|p1a: Corviknight|Pressure
|move|p2a: Skarmory|Roost|p2a: Skarmory
|-heal|p2a: Skarmory|86/100
|-singleturn|p2a: Skarmory|move: Roost
|
|upkeep
|turn|20
|
|t:|1779716614
|move|p2a: Skarmory|Spikes|p1a: Corviknight
|-sidestart|p1: Demostert|Spikes
|move|p1a: Corviknight|U-turn|p2a: Skarmory
|-resisted|p2a: Skarmory
|-damage|p2a: Skarmory|83/100
|
|t:|1779716616
|switch|p1a: Heatran|Heatran, F, shiny|100/100|[from] U-turn
|-damage|p1a: Heatran|88/100|[from] Spikes
|
|-heal|p1a: Heatran|94/100|[from] item: Leftovers
|upkeep
|turn|21
|
|t:|1779716620
|switch|p2a: Blissey|Blissey, F|100/100
|move|p1a: Heatran|Magma Storm|p2a: Blissey
|-damage|p2a: Blissey|87/100
|-activate|p2a: Blissey|move: Magma Storm|[of] p1a: Heatran
|
|-heal|p1a: Heatran|100/100|[from] item: Leftovers
|-damage|p2a: Blissey|74/100|[from] move: Magma Storm|[partiallytrapped]
|upkeep
|turn|22
|
|t:|1779716625
|move|p1a: Heatran|Taunt|p2a: Blissey
|-start|p2a: Blissey|move: Taunt
|cant|p2a: Blissey|move: Taunt|Stealth Rock
|
|-damage|p2a: Blissey|62/100|[from] move: Magma Storm|[partiallytrapped]
|upkeep
|turn|23
|
|t:|1779716635
|switch|p1a: Ogerpon|Ogerpon, F|100/100
|move|p2a: Blissey|Shadow Ball|p1a: Ogerpon
|-crit|p1a: Ogerpon
|-damage|p1a: Ogerpon|73/100
|
|-end|p2a: Blissey|Magma Storm|[partiallytrapped]|[silent]
|upkeep
|turn|24
|
|t:|1779716641
|switch|p1a: Heatran|Heatran, F, shiny|100/100
|-damage|p1a: Heatran|88/100|[from] Spikes
|switch|p2a: Skarmory|Skarmory, M|83/100
|-damage|p2a: Skarmory|71/100|[from] Stealth Rock
|
|-heal|p1a: Heatran|94/100|[from] item: Leftovers
|upkeep
|turn|25
|
|t:|1779716649
|-terastallize|p2a: Skarmory|Dragon
|move|p2a: Skarmory|Roost|p2a: Skarmory
|-heal|p2a: Skarmory|100/100
|move|p1a: Heatran|Magma Storm|p2a: Skarmory
|-resisted|p2a: Skarmory
|-damage|p2a: Skarmory|69/100
|-activate|p2a: Skarmory|move: Magma Storm|[of] p1a: Heatran
|
|-heal|p1a: Heatran|100/100|[from] item: Leftovers
|-damage|p2a: Skarmory|57/100|[from] move: Magma Storm|[partiallytrapped]
|upkeep
|turn|26
|
|t:|1779716657
|move|p2a: Skarmory|Body Press|p1a: Heatran
|-supereffective|p1a: Heatran
|-damage|p1a: Heatran|48/100
|move|p1a: Heatran|Earth Power|p2a: Skarmory
|-damage|p2a: Skarmory|19/100
|
|-heal|p1a: Heatran|54/100|[from] item: Leftovers
|-damage|p2a: Skarmory|7/100|[from] move: Magma Storm|[partiallytrapped]
|upkeep
|turn|27
|
|t:|1779716669
|switch|p1a: Corviknight|Corviknight, F, shiny|100/100
|-ability|p1a: Corviknight|Pressure
|move|p2a: Skarmory|Roost|p2a: Skarmory
|-heal|p2a: Skarmory|57/100
|
|-end|p2a: Skarmory|Magma Storm|[partiallytrapped]|[silent]
|upkeep
|turn|28
|
|t:|1779716675
|move|p2a: Skarmory|Spikes|p1a: Corviknight
|-sidestart|p1: Demostert|Spikes
|move|p1a: Corviknight|Brave Bird|p2a: Skarmory
|-damage|p2a: Skarmory|35/100
|-damage|p1a: Corviknight|94/100|[from] Recoil
|
|upkeep
|turn|29
|
|t:|1779716681
|move|p2a: Skarmory|Roost|p2a: Skarmory
|-heal|p2a: Skarmory|85/100
|move|p1a: Corviknight|U-turn|p2a: Skarmory
|-crit|p2a: Skarmory
|-damage|p2a: Skarmory|71/100
|
|t:|1779716685
|switch|p1a: Zamazenta|Zamazenta, shiny|100/100|[from] U-turn
|-damage|p1a: Zamazenta|84/100|[from] Spikes
|-ability|p1a: Zamazenta|Dauntless Shield|boost
|-boost|p1a: Zamazenta|def|1
|
|upkeep
|turn|30
|
|t:|1779716690
|move|p1a: Zamazenta|Crunch|p2a: Skarmory
|-damage|p2a: Skarmory|52/100
|-damage|p1a: Zamazenta|74/100|[from] item: Life Orb
|move|p2a: Skarmory|Whirlwind|p1a: Zamazenta
|drag|p1a: Heatran|Heatran, F, shiny|54/100
|-damage|p1a: Heatran|37/100|[from] Spikes
|
|-heal|p1a: Heatran|44/100|[from] item: Leftovers
|upkeep
|turn|31
|
|t:|1779716699
|move|p2a: Skarmory|Roost|p2a: Skarmory
|-heal|p2a: Skarmory|100/100
|move|p1a: Heatran|Magma Storm|p2a: Skarmory|[miss]
|-miss|p1a: Heatran|p2a: Skarmory
|
|-heal|p1a: Heatran|50/100|[from] item: Leftovers
|upkeep
|turn|32
|-message|Demostert forfeited.
|
|win|claudechamp
|raw|Demostert's rating: 1311 &rarr; <strong>1290</strong><br />(-21 for losing)
|raw|claudechamp's rating: 1293 &rarr; <strong>1319</strong><br />(+26 for winning)
|l|☆Demostert
|player|p1|
|c|☆claudechamp|gg
