|j|☆luisovalle
|j|☆chrovalis
|t:|1779662223
|gametype|singles
|player|p1|luisovalle|silver|1322
|player|p2|chrovalis|ethan|1258
|gen|9
|tier|[Gen 9] OU
|rated|
|rule|HP Percentage Mod: HP is shown in percentages
|rule|Endless Battle Clause: Forcing endless battles is banned
|rule|Species Clause: Limit one of each Pokémon
|rule|OHKO Clause: OHKO moves are banned
|rule|Evasion Items Clause: Evasion items are banned
|rule|Evasion Moves Clause: Evasion moves are banned
|rule|Evasion Abilities Clause: Evasion abilities are banned
|rule|Sleep Moves Clause: Sleep-inducing moves are banned
|clearpoke
|poke|p1|Great Tusk|
|poke|p1|Enamorus, F|
|poke|p1|Iron Moth|
|poke|p1|Raging Bolt|
|poke|p1|Garchomp, M|
|poke|p1|Ogerpon-Wellspring, F|
|poke|p2|Arcanine, M|
|poke|p2|Decidueye, M|
|poke|p2|Mudsdale, F|
|poke|p2|Rotom-Wash|
|poke|p2|Espeon, F|
|poke|p2|Snorlax, M|
|teampreview
|inactive|Battle timer is ON: inactive players will automatically lose when time's up. (requested by chrovalis)
|inactive|luisovalle also wants the timer to be on.
|
|t:|1779662227
|teamsize|p1|6
|teamsize|p2|6
|start
|switch|p1a: Tooth Fairy|Garchomp, M|100/100
|switch|p2a: Arcanine|Arcanine, M|100/100
|-ability|p2a: Arcanine|Intimidate|boost
|-unboost|p1a: Tooth Fairy|atk|1
|turn|1
|
|t:|1779662241
|-terastallize|p2a: Arcanine|Normal
|move|p2a: Arcanine|Extreme Speed|p1a: Tooth Fairy
|-damage|p1a: Tooth Fairy|61/100
|-damage|p2a: Arcanine|88/100|[from] ability: Rough Skin|[of] p1a: Tooth Fairy
|move|p1a: Tooth Fairy|Swords Dance|p1a: Tooth Fairy
|-boost|p1a: Tooth Fairy|atk|2
|
|-heal|p2a: Arcanine|94/100|[from] item: Leftovers
|upkeep
|turn|2
|
|t:|1779662251
|move|p2a: Arcanine|Extreme Speed|p1a: Tooth Fairy
|-damage|p1a: Tooth Fairy|21/100
|-damage|p2a: Arcanine|82/100|[from] ability: Rough Skin|[of] p1a: Tooth Fairy
|move|p1a: Tooth Fairy|Earthquake|p2a: Arcanine
|-damage|p2a: Arcanine|0 fnt
|faint|p2a: Arcanine
|
|upkeep
|
|t:|1779662260
|switch|p2a: Espeon|Espeon, F|100/100
|turn|3
|
|t:|1779662268
|move|p2a: Espeon|Alluring Voice|p1a: Tooth Fairy
|-supereffective|p1a: Tooth Fairy
|-damage|p1a: Tooth Fairy|0 fnt
|faint|p1a: Tooth Fairy
|
|upkeep
|
|t:|1779662274
|switch|p1a: Garden Gnome|Ogerpon-Wellspring, F|100/100
|turn|4
|
|t:|1779662283
|move|p1a: Garden Gnome|Trailblaze|p2a: Espeon
|-damage|p2a: Espeon|41/100
|-boost|p1a: Garden Gnome|spe|1
|move|p2a: Espeon|Psychic Noise|p1a: Garden Gnome
|-damage|p1a: Garden Gnome|57/100
|-start|p1a: Garden Gnome|move: Heal Block
|
|upkeep
|turn|5
|
|t:|1779662293
|switch|p2a: Snorlax|Snorlax, M, shiny|100/100
|move|p1a: Garden Gnome|Swords Dance|p1a: Garden Gnome
|-boost|p1a: Garden Gnome|atk|2
|
|-end|p1a: Garden Gnome|move: Heal Block
|upkeep
|turn|6
|
|t:|1779662299
|move|p1a: Garden Gnome|Ivy Cudgel|p2a: Snorlax|[anim] Ivy Cudgel Water
|-damage|p2a: Snorlax|8/100
|move|p2a: Snorlax|Heat Crash|p1a: Garden Gnome
|-damage|p1a: Garden Gnome|17/100
|
|-heal|p2a: Snorlax|14/100|[from] item: Leftovers
|upkeep
|turn|7
|
|t:|1779662306
|move|p1a: Garden Gnome|Trailblaze|p2a: Snorlax
|-damage|p2a: Snorlax|0 fnt
|-boost|p1a: Garden Gnome|spe|1
|faint|p2a: Snorlax
|
|upkeep
|
|t:|1779662311
|switch|p2a: Decidueye|Decidueye, M, shiny|100/100
|turn|8
|
|t:|1779662318
|move|p2a: Decidueye|Shadow Sneak|p1a: Garden Gnome
|-damage|p1a: Garden Gnome|0 fnt
|faint|p1a: Garden Gnome
|
|upkeep
|
|t:|1779662331
|switch|p1a: Bugatti|Iron Moth, shiny|100/100
|-enditem|p1a: Bugatti|Booster Energy
|-activate|p1a: Bugatti|ability: Quark Drive|[fromitem]
|-start|p1a: Bugatti|quarkdrivespe
|turn|9
|
|t:|1779662337
|switch|p2a: Mudsdale|Mudsdale, F|100/100
|move|p1a: Bugatti|Fiery Dance|p2a: Mudsdale
|-damage|p2a: Mudsdale|62/100
|-boost|p1a: Bugatti|spa|1
|-ability|p2a: Mudsdale|Stamina|boost
|-boost|p2a: Mudsdale|def|1
|
|-heal|p2a: Mudsdale|68/100|[from] item: Leftovers
|upkeep
|turn|10
|
|t:|1779662343
|move|p1a: Bugatti|Energy Ball|p2a: Mudsdale
|-supereffective|p2a: Mudsdale
|-damage|p2a: Mudsdale|0 fnt
|faint|p2a: Mudsdale
|
|upkeep
|
|t:|1779662346
|switch|p2a: Rotom|Rotom-Wash, shiny|100/100
|turn|11
|
|t:|1779662352
|-terastallize|p1a: Bugatti|Grass
|move|p1a: Bugatti|Energy Ball|p2a: Rotom
|-supereffective|p2a: Rotom
|-damage|p2a: Rotom|0 fnt
|faint|p2a: Rotom
|
|upkeep
|-message|chrovalis forfeited.
|
|win|luisovalle
|raw|luisovalle's rating: 1322 &rarr; <strong>1338</strong><br />(+16 for winning)
|raw|chrovalis's rating: 1258 &rarr; <strong>1238</strong><br />(-20 for losing)
|l|☆chrovalis
|player|p2|
|l|☆luisovalle
|player|p1|
