|j|☆DAVID-JD0
|j|☆ju2508
|t:|1779656794
|gametype|singles
|player|p1|DAVID-JD0|palmer|1128
|player|p2|ju2508|169|1113
|gen|9
|tier|[Gen 9] OU
|rated|
|rule|HP Percentage Mod: HP is shown in percentages
|rule|Endless Battle Clause: Forcing endless battles is banned
|rule|Species Clause: Limit one of each Pokémon
|rule|OHKO Clause: OHKO moves are banned
|rule|Evasion Items Clause: Evasion items are banned
|rule|Evasion Moves Clause: Evasion moves are banned
|rule|Evasion Abilities Clause: Evasion abilities are banned
|rule|Sleep Moves Clause: Sleep-inducing moves are banned
|clearpoke
|poke|p1|Hydreigon, M|
|poke|p1|Clodsire, M|
|poke|p1|Espeon, F|
|poke|p1|Corviknight, M|
|poke|p1|Blaziken, M|
|poke|p1|Dragonite, M|
|poke|p2|Feraligatr, M|
|poke|p2|Donphan, F|
|poke|p2|Sylveon, M|
|poke|p2|Magneton|
|poke|p2|Serperior, F|
|poke|p2|Flamigo, M|
|teampreview
|inactive|Battle timer is ON: inactive players will automatically lose when time's up. (requested by ju2508)
|
|t:|1779656802
|teamsize|p1|6
|teamsize|p2|6
|start
|switch|p1a: Hydreigon|Hydreigon, M|100/100
|switch|p2a: Flamigo|Flamigo, M|100/100
|turn|1
|
|t:|1779656810
|switch|p1a: Clodsire|Clodsire, M|100/100
|move|p2a: Flamigo|U-turn|p1a: Clodsire
|-resisted|p1a: Clodsire
|-damage|p1a: Clodsire|88/100
|
|t:|1779656816
|switch|p2a: Serperior|Serperior, F|100/100|[from] U-turn
|
|-heal|p1a: Clodsire|94/100|[from] item: Leftovers
|upkeep
|turn|2
|
|t:|1779656822
|move|p2a: Serperior|Taunt|p1a: Clodsire
|-start|p1a: Clodsire|move: Taunt
|cant|p1a: Clodsire|move: Taunt|Toxic
|
|-heal|p1a: Clodsire|99/100|[from] item: Leftovers
|upkeep
|turn|3
|
|t:|1779656831
|switch|p1a: Corviknight|Corviknight, M|100/100
|move|p2a: Serperior|Glare|p1a: Corviknight
|-status|p1a: Corviknight|par
|
|upkeep
|turn|4
|
|t:|1779656839
|switch|p2a: Donphan|Donphan, F|100/100
|cant|p1a: Corviknight|par
|
|upkeep
|turn|5
|
|t:|1779656845
|move|p2a: Donphan|Knock Off|p1a: Corviknight
|-damage|p1a: Corviknight|80/100 par
|-enditem|p1a: Corviknight|Leftovers|[from] move: Knock Off|[of] p2a: Donphan
|move|p1a: Corviknight|Iron Defense|p1a: Corviknight
|-boost|p1a: Corviknight|def|2
|
|upkeep
|turn|6
|
|t:|1779656853
|switch|p2a: Magneton|Magneton|100/100
|move|p1a: Corviknight|Iron Defense|p1a: Corviknight
|-boost|p1a: Corviknight|def|2
|
|upkeep
|turn|7
|
|t:|1779656859
|move|p2a: Magneton|Thunderbolt|p1a: Corviknight
|-supereffective|p1a: Corviknight
|-damage|p1a: Corviknight|17/100 par
|cant|p1a: Corviknight|par
|
|upkeep
|turn|8
|
|t:|1779656877
|move|p2a: Magneton|Volt Switch|p1a: Corviknight
|-supereffective|p1a: Corviknight
|-damage|p1a: Corviknight|0 fnt
|faint|p1a: Corviknight
|
|t:|1779656883
|switch|p2a: Flamigo|Flamigo, M|100/100|[from] Volt Switch
|
|upkeep
|
|t:|1779656887
|switch|p1a: Clodsire|Clodsire, M|99/100
|turn|9
|
|t:|1779656890
|move|p2a: Flamigo|Taunt|p1a: Clodsire
|-start|p1a: Clodsire|move: Taunt
|cant|p1a: Clodsire|move: Taunt|Toxic
|
|-heal|p1a: Clodsire|100/100|[from] item: Leftovers
|upkeep
|turn|10
|-message|DAVID-JD0 forfeited.
|
|win|ju2508
|raw|DAVID-JD0's rating: 1128 &rarr; <strong>1102</strong><br />(-26 for losing)
|raw|ju2508's rating: 1113 &rarr; <strong>1139</strong><br />(+26 for winning)
|l|☆DAVID-JD0
|player|p1|
|l|☆ju2508
|player|p2|
