|j|☆renardoux99
|j|☆LOC22
|t:|1779715708
|gametype|singles
|player|p1|renardoux99|medium|1089
|player|p2|LOC22|101|1104
|gen|9
|tier|[Gen 9] OU
|rated|
|rule|HP Percentage Mod: HP is shown in percentages
|rule|Endless Battle Clause: Forcing endless battles is banned
|rule|Species Clause: Limit one of each Pokémon
|rule|OHKO Clause: OHKO moves are banned
|rule|Evasion Items Clause: Evasion items are banned
|rule|Evasion Moves Clause: Evasion moves are banned
|rule|Evasion Abilities Clause: Evasion abilities are banned
|rule|Sleep Moves Clause: Sleep-inducing moves are banned
|clearpoke
|poke|p1|Samurott-Hisui, M|
|poke|p1|Gholdengo|
|poke|p1|Iron Valiant|
|poke|p1|Iron Crown|
|poke|p1|Landorus-Therian, M|
|poke|p1|Deoxys-Speed|
|poke|p2|Polteageist-Antique|
|poke|p2|Azumarill, M|
|poke|p2|Kleavor, F|
|poke|p2|Great Tusk|
|poke|p2|Clawitzer, F|
|poke|p2|Misdreavus, F|
|teampreview
|
|t:|1779715715
|teamsize|p1|6
|teamsize|p2|6
|start
|switch|p1a: Pascaloutre|Samurott-Hisui, M|100/100
|switch|p2a: Polteageist|Polteageist-Antique|100/100
|turn|1
|
|t:|1779715721
|move|p1a: Pascaloutre|Ceaseless Edge|p2a: Polteageist
|-supereffective|p2a: Polteageist
|-enditem|p2a: Polteageist|Focus Sash
|-damage|p2a: Polteageist|1/100
|-ability|p2a: Polteageist|Weak Armor|boost
|-unboost|p2a: Polteageist|def|1
|-boost|p2a: Polteageist|spe|2
|-sidestart|p2: LOC22|Spikes
|move|p2a: Polteageist|Shell Smash|p2a: Polteageist
|-unboost|p2a: Polteageist|def|1
|-unboost|p2a: Polteageist|spd|1
|-boost|p2a: Polteageist|atk|2
|-boost|p2a: Polteageist|spa|2
|-boost|p2a: Polteageist|spe|2
|
|upkeep
|turn|2
|
|t:|1779715738
|move|p2a: Polteageist|Giga Drain|p1a: Pascaloutre
|-supereffective|p1a: Pascaloutre
|-enditem|p1a: Pascaloutre|Focus Sash
|-damage|p1a: Pascaloutre|1/100
|-heal|p2a: Polteageist|62/100|[from] drain|[of] p1a: Pascaloutre
|move|p1a: Pascaloutre|Ceaseless Edge|p2a: Polteageist|[miss]
|-miss|p1a: Pascaloutre|p2a: Polteageist
|
|upkeep
|turn|3
|inactive|Battle timer is ON: inactive players will automatically lose when time's up. (requested by LOC22)
|
|t:|1779715756
|move|p1a: Pascaloutre|Sucker Punch|p2a: Polteageist
|-supereffective|p2a: Polteageist
|-damage|p2a: Polteageist|0 fnt
|faint|p2a: Polteageist
|
|upkeep
|
|t:|1779715762
|switch|p2a: Great Tusk|Great Tusk|100/100
|-damage|p2a: Great Tusk|88/100|[from] Spikes
|-enditem|p2a: Great Tusk|Booster Energy
|-activate|p2a: Great Tusk|ability: Protosynthesis|[fromitem]
|-start|p2a: Great Tusk|protosynthesisdef
|turn|4
|
|t:|1779715769
|move|p1a: Pascaloutre|Knock Off|p2a: Great Tusk
|-resisted|p2a: Great Tusk
|-damage|p2a: Great Tusk|80/100
|move|p2a: Great Tusk|Rapid Spin|p1a: Pascaloutre
|-damage|p1a: Pascaloutre|0 fnt
|-boost|p2a: Great Tusk|spe|1
|-sideend|p2: LOC22|Spikes|[from] move: Rapid Spin|[of] p2a: Great Tusk
|faint|p1a: Pascaloutre
|
|upkeep
|
|t:|1779715780
|switch|p1a: You're to slow|Deoxys-Speed|100/100
|-ability|p1a: You're to slow|Pressure
|turn|5
|
|t:|1779715795
|move|p1a: You're to slow|Reflect|p1a: You're to slow
|-sidestart|p1: renardoux99|Reflect
|move|p2a: Great Tusk|Knock Off|p1a: You're to slow
|-supereffective|p1a: You're to slow
|-damage|p1a: You're to slow|57/100
|-enditem|p1a: You're to slow|Light Clay|[from] move: Knock Off|[of] p2a: Great Tusk
|
|upkeep
|turn|6
|
|t:|1779715803
|move|p1a: You're to slow|Light Screen|p1a: You're to slow
|-sidestart|p1: renardoux99|move: Light Screen
|move|p2a: Great Tusk|Roar|p1a: You're to slow
|drag|p1a: DeTypeAcier|Iron Crown|100/100
|-enditem|p1a: DeTypeAcier|Booster Energy
|-activate|p1a: DeTypeAcier|ability: Quark Drive|[fromitem]
|-start|p1a: DeTypeAcier|quarkdrivespa
|
|upkeep
|turn|7
|
|t:|1779715819
|-terastallize|p1a: DeTypeAcier|Fighting
|move|p2a: Great Tusk|Knock Off|p1a: DeTypeAcier
|-resisted|p1a: DeTypeAcier
|-damage|p1a: DeTypeAcier|96/100
|move|p1a: DeTypeAcier|Calm Mind|p1a: DeTypeAcier
|-boost|p1a: DeTypeAcier|spa|1
|-boost|p1a: DeTypeAcier|spd|1
|
|upkeep
|turn|8
|
|t:|1779715829
|move|p1a: DeTypeAcier|Agility|p1a: DeTypeAcier
|-boost|p1a: DeTypeAcier|spe|2
|move|p2a: Great Tusk|Roar|p1a: DeTypeAcier
|-end|p1a: DeTypeAcier|Quark Drive|[silent]
|drag|p1a: Agrabah|Landorus-Therian, M|100/100
|-ability|p1a: Agrabah|Intimidate|boost
|-unboost|p2a: Great Tusk|atk|1
|
|upkeep
|turn|9
|
|t:|1779715838
|move|p2a: Great Tusk|Knock Off|p1a: Agrabah
|-damage|p1a: Agrabah|89/100
|-enditem|p1a: Agrabah|Leftovers|[from] move: Knock Off|[of] p2a: Great Tusk
|move|p1a: Agrabah|Grass Knot|p2a: Great Tusk
|-supereffective|p2a: Great Tusk
|-damage|p2a: Great Tusk|20/100
|
|upkeep
|turn|10
|
|t:|1779715850
|move|p2a: Great Tusk|Close Combat|p1a: Agrabah
|-resisted|p1a: Agrabah
|-damage|p1a: Agrabah|79/100
|-unboost|p2a: Great Tusk|def|1
|-unboost|p2a: Great Tusk|spd|1
|move|p1a: Agrabah|Grass Knot|p2a: Great Tusk
|-supereffective|p2a: Great Tusk
|-damage|p2a: Great Tusk|0 fnt
|faint|p2a: Great Tusk
|-end|p2a: Great Tusk|Protosynthesis|[silent]
|
|-sideend|p1: renardoux99|move: Light Screen
|upkeep
|
|t:|1779715860
|switch|p2a: Clawitzer|Clawitzer, F|100/100
|turn|11
|
|t:|1779715867
|move|p1a: Agrabah|Grass Knot|p2a: Clawitzer
|-supereffective|p2a: Clawitzer
|-damage|p2a: Clawitzer|69/100
|move|p2a: Clawitzer|Water Pulse|p1a: Agrabah
|-supereffective|p1a: Agrabah
|-damage|p1a: Agrabah|0 fnt
|faint|p1a: Agrabah
|-damage|p2a: Clawitzer|60/100|[from] item: Life Orb
|
|upkeep
|
|t:|1779715883
|switch|p1a: You're to slow|Deoxys-Speed|57/100
|-ability|p1a: You're to slow|Pressure
|turn|12
|
|t:|1779715893
|move|p1a: You're to slow|Light Screen|p1a: You're to slow
|-sidestart|p1: renardoux99|move: Light Screen
|move|p2a: Clawitzer|Dark Pulse|p1a: You're to slow
|-supereffective|p1a: You're to slow
|-damage|p1a: You're to slow|0 fnt
|faint|p1a: You're to slow
|-damage|p2a: Clawitzer|50/100|[from] item: Life Orb
|
|-sideend|p1: renardoux99|Reflect
|upkeep
|
|t:|1779715903
|switch|p1a: DeTypeAcier|Iron Crown, tera:Fighting|96/100
|turn|13
|
|t:|1779715909
|move|p1a: DeTypeAcier|Calm Mind|p1a: DeTypeAcier
|-boost|p1a: DeTypeAcier|spa|1
|-boost|p1a: DeTypeAcier|spd|1
|move|p2a: Clawitzer|Water Pulse|p1a: DeTypeAcier
|-damage|p1a: DeTypeAcier|80/100
|-damage|p2a: Clawitzer|40/100|[from] item: Life Orb
|
|upkeep
|turn|14
|
|t:|1779715917
|switch|p2a: Azumarill|Azumarill, M|100/100
|move|p1a: DeTypeAcier|Agility|p1a: DeTypeAcier
|-boost|p1a: DeTypeAcier|spe|2
|
|upkeep
|turn|15
|
|t:|1779715930
|move|p1a: DeTypeAcier|Stored Power|p2a: Azumarill
|-damage|p2a: Azumarill|11/100
|-enditem|p2a: Azumarill|Sitrus Berry|[eat]
|-heal|p2a: Azumarill|36/100|[from] item: Sitrus Berry
|move|p2a: Azumarill|Belly Drum||[still]
|-fail|p2a: Azumarill
|
|upkeep
|turn|16
|
|t:|1779715942
|-terastallize|p2a: Azumarill|Water
|move|p2a: Azumarill|Aqua Jet|p1a: DeTypeAcier
|-damage|p1a: DeTypeAcier|47/100
|move|p1a: DeTypeAcier|Stored Power|p2a: Azumarill
|-damage|p2a: Azumarill|0 fnt
|faint|p2a: Azumarill
|
|-sideend|p1: renardoux99|move: Light Screen
|upkeep
|
|t:|1779715950
|switch|p2a: Misdreavus|Misdreavus, F|100/100
|turn|17
|-message|LOC22 forfeited.
|
|win|renardoux99
|raw|renardoux99's rating: 1089 &rarr; <strong>1117</strong><br />(+28 for winning)
|raw|LOC22's rating: 1104 &rarr; <strong>1078</strong><br />(-26 for losing)
|l|☆LOC22
|player|p2|
|l|☆renardoux99
|player|p1|
