|j|☆Islands_Madness
|j|☆chunkanator 67
|t:|1779575198
|gametype|singles
|player|p1|Islands_Madness|clair|1120
|player|p2|chunkanator 67|biker-gen4|1103
|gen|9
|tier|[Gen 9] OU
|rated|
|rule|HP Percentage Mod: HP is shown in percentages
|rule|Endless Battle Clause: Forcing endless battles is banned
|rule|Species Clause: Limit one of each Pokémon
|rule|OHKO Clause: OHKO moves are banned
|rule|Evasion Items Clause: Evasion items are banned
|rule|Evasion Moves Clause: Evasion moves are banned
|rule|Evasion Abilities Clause: Evasion abilities are banned
|rule|Sleep Moves Clause: Sleep-inducing moves are banned
|clearpoke
|poke|p1|Torkoal, M|
|poke|p1|Ogerpon-Wellspring, F|
|poke|p1|Ceruledge, F|
|poke|p1|Whimsicott, F|
|poke|p1|Lurantis, F|
|poke|p1|Walking Wake|
|poke|p2|Cinderace, M|
|poke|p2|Alomomola, F|
|poke|p2|Meowscarada, F|
|poke|p2|Zamazenta-*|
|poke|p2|Regieleki|
|poke|p2|Porygon-Z|
|teampreview
|
|t:|1779575202
|teamsize|p1|6
|teamsize|p2|6
|start
|switch|p1a: Torkoal|Torkoal, M|100/100
|switch|p2a: Porygon-Z|Porygon-Z|100/100
|-weather|SunnyDay|[from] ability: Drought|[of] p1a: Torkoal
|turn|1
|
|t:|1779575210
|move|p2a: Porygon-Z|Hyper Beam|p1a: Torkoal
|-damage|p1a: Torkoal|0 fnt
|-mustrecharge|p2a: Porygon-Z
|faint|p1a: Torkoal
|
|-weather|SunnyDay|[upkeep]
|upkeep
|
|t:|1779575213
|switch|p1a: Whimsicott|Whimsicott, F|100/100
|turn|2
|
|t:|1779575220
|move|p1a: Whimsicott|Solar Beam||[still]
|-prepare|p1a: Whimsicott|Solar Beam
|-anim|p1a: Whimsicott|Solar Beam|p2a: Porygon-Z
|-damage|p2a: Porygon-Z|0 fnt
|faint|p2a: Porygon-Z
|
|-weather|SunnyDay|[upkeep]
|upkeep
|
|t:|1779575224
|switch|p2a: Cinderace|Cinderace, M|100/100
|turn|3
|
|t:|1779575231
|switch|p1a: Walking Wake|Walking Wake|100/100
|-activate|p1a: Walking Wake|ability: Protosynthesis
|-start|p1a: Walking Wake|protosynthesisspe
|move|p2a: Cinderace|Pyro Ball|p1a: Walking Wake|[miss]
|-miss|p2a: Cinderace|p1a: Walking Wake
|
|-weather|SunnyDay|[upkeep]
|upkeep
|turn|4
|
|t:|1779575242
|switch|p2a: Alomomola|Alomomola, F|100/100
|move|p1a: Walking Wake|Hydro Steam|p2a: Alomomola
|-resisted|p2a: Alomomola
|-damage|p2a: Alomomola|48/100
|
|-weather|SunnyDay|[upkeep]
|upkeep
|turn|5
|
|t:|1779575250
|move|p2a: Alomomola|Protect|p2a: Alomomola
|-singleturn|p2a: Alomomola|Protect
|move|p1a: Walking Wake|Hydro Steam|p2a: Alomomola
|-activate|p2a: Alomomola|move: Protect
|
|-weather|SunnyDay|[upkeep]
|upkeep
|turn|6
|
|t:|1779575256
|move|p1a: Walking Wake|Hydro Steam|p2a: Alomomola
|-resisted|p2a: Alomomola
|-damage|p2a: Alomomola|0 fnt
|faint|p2a: Alomomola
|
|-weather|SunnyDay|[upkeep]
|upkeep
|
|t:|1779575259
|switch|p2a: Regieleki|Regieleki|100/100
|turn|7
|inactive|Battle timer is ON: inactive players will automatically lose when time's up. (requested by chunkanator 67)
|
|t:|1779575271
|-end|p1a: Walking Wake|Protosynthesis|[silent]
|switch|p1a: Whimsicott|Whimsicott, F|100/100
|move|p2a: Regieleki|Light Screen|p2a: Regieleki
|-sidestart|p2: chunkanator 67|move: Light Screen
|
|-weather|SunnyDay|[upkeep]
|upkeep
|turn|8
|
|t:|1779575280
|move|p1a: Whimsicott|Solar Beam||[still]
|-prepare|p1a: Whimsicott|Solar Beam
|-anim|p1a: Whimsicott|Solar Beam|p2a: Regieleki
|-damage|p2a: Regieleki|30/100
|move|p2a: Regieleki|Reflect|p2a: Regieleki
|-sidestart|p2: chunkanator 67|Reflect
|
|-weather|none
|upkeep
|turn|9
|
|t:|1779575286
|move|p2a: Regieleki|Volt Switch|p1a: Whimsicott
|-resisted|p1a: Whimsicott
|-damage|p1a: Whimsicott|66/100
|
|t:|1779575289
|switch|p2a: Zamazenta|Zamazenta|100/100|[from] Volt Switch
|-ability|p2a: Zamazenta|Dauntless Shield|boost
|-boost|p2a: Zamazenta|def|1
|move|p1a: Whimsicott|Solar Beam||[still]
|-prepare|p1a: Whimsicott|Solar Beam
|
|upkeep
|turn|10
|
|t:|1779575295
|move|p2a: Zamazenta|Iron Defense|p2a: Zamazenta
|-boost|p2a: Zamazenta|def|2
|move|p1a: Whimsicott|Solar Beam|p2a: Zamazenta|[from] lockedmove
|-damage|p2a: Zamazenta|73/100
|
|upkeep
|turn|11
|
|t:|1779575299
|switch|p1a: Ceruledge|Ceruledge, F|100/100
|move|p2a: Zamazenta|Iron Defense|p2a: Zamazenta
|-boost|p2a: Zamazenta|def|2
|
|upkeep
|turn|12
|
|t:|1779575316
|move|p1a: Ceruledge|Shadow Sneak|p2a: Zamazenta
|-damage|p2a: Zamazenta|71/100
|-damage|p1a: Ceruledge|91/100|[from] item: Life Orb
|move|p2a: Zamazenta|Crunch|p1a: Ceruledge
|-supereffective|p1a: Ceruledge
|-damage|p1a: Ceruledge|25/100
|-ability|p1a: Ceruledge|Weak Armor|boost
|-unboost|p1a: Ceruledge|def|1
|-boost|p1a: Ceruledge|spe|2
|
|upkeep
|turn|13
|
|t:|1779575329
|move|p1a: Ceruledge|Bitter Blade|p2a: Zamazenta
|-damage|p2a: Zamazenta|64/100
|-heal|p1a: Ceruledge|30/100|[from] drain|[of] p2a: Zamazenta
|-damage|p1a: Ceruledge|20/100|[from] item: Life Orb
|move|p2a: Zamazenta|Iron Defense|p2a: Zamazenta
|-boost|p2a: Zamazenta|def|1
|
|upkeep
|turn|14
|
|t:|1779575336
|move|p1a: Ceruledge|Swords Dance|p1a: Ceruledge
|-boost|p1a: Ceruledge|atk|2
|move|p2a: Zamazenta|Crunch|p1a: Ceruledge
|-supereffective|p1a: Ceruledge
|-damage|p1a: Ceruledge|0 fnt
|faint|p1a: Ceruledge
|
|-sideend|p2: chunkanator 67|move: Light Screen
|upkeep
|
|t:|1779575340
|switch|p1a: Whimsicott|Whimsicott, F|66/100
|turn|15
|
|t:|1779575343
|move|p2a: Zamazenta|Body Press|p1a: Whimsicott
|-resisted|p1a: Whimsicott
|-crit|p1a: Whimsicott
|-damage|p1a: Whimsicott|0 fnt
|faint|p1a: Whimsicott
|
|-sideend|p2: chunkanator 67|Reflect
|upkeep
|
|t:|1779575348
|switch|p1a: Walking Wake|Walking Wake|100/100
|turn|16
|
|t:|1779575359
|move|p2a: Zamazenta|Body Press|p1a: Walking Wake
|-damage|p1a: Walking Wake|0 fnt
|faint|p1a: Walking Wake
|-end|p1a: Walking Wake|Protosynthesis|[silent]
|
|upkeep
|
|t:|1779575364
|switch|p1a: Ogerpon|Ogerpon-Wellspring, F|100/100
|turn|17
|
|t:|1779575372
|move|p2a: Zamazenta|Body Press|p1a: Ogerpon
|-damage|p1a: Ogerpon|0 fnt
|faint|p1a: Ogerpon
|
|upkeep
|
|t:|1779575375
|switch|p1a: Lurantis|Lurantis, F|100/100
|turn|18
|
|t:|1779575379
|move|p2a: Zamazenta|Body Press|p1a: Lurantis
|-damage|p1a: Lurantis|0 fnt
|faint|p1a: Lurantis
|
|win|chunkanator 67
|raw|Islands_Madness's rating: 1120 &rarr; <strong>1094</strong><br />(-26 for losing)
|raw|chunkanator 67's rating: 1103 &rarr; <strong>1129</strong><br />(+26 for winning)
|l|☆Islands_Madness
|player|p1|
