|j|☆NebulaTrainer
|j|☆Bouquetofroselias
|t:|1779629815
|gametype|singles
|player|p1|NebulaTrainer|cynthia-gen4|1514
|player|p2|Bouquetofroselias|lady-gen4|1543
|gen|9
|tier|[Gen 9] OU
|rated|
|rule|HP Percentage Mod: HP is shown in percentages
|rule|Endless Battle Clause: Forcing endless battles is banned
|rule|Species Clause: Limit one of each Pokémon
|rule|OHKO Clause: OHKO moves are banned
|rule|Evasion Items Clause: Evasion items are banned
|rule|Evasion Moves Clause: Evasion moves are banned
|rule|Evasion Abilities Clause: Evasion abilities are banned
|rule|Sleep Moves Clause: Sleep-inducing moves are banned
|clearpoke
|poke|p1|Tornadus-Therian, M|
|poke|p1|Heatran, M|
|poke|p1|Hippowdon, M|
|poke|p1|Keldeo-Resolute|
|poke|p1|Excadrill, M|
|poke|p1|Hydrapple, F|
|poke|p2|Iron Valiant|
|poke|p2|Samurott-Hisui, M|
|poke|p2|Ting-Lu|
|poke|p2|Gholdengo|
|poke|p2|Corviknight, F|
|poke|p2|Raging Bolt|
|teampreview
|inactive|Battle timer is ON: inactive players will automatically lose when time's up. (requested by Bouquetofroselias)
|inactive|NebulaTrainer has 120 seconds left.
|l|☆NebulaTrainer
|inactive|NebulaTrainer disconnected and has a minute to reconnect!
|player|p1|
|j|☆NebulaTrainer
|inactive|NebulaTrainer reconnected and has 105 seconds left.
|player|p1|NebulaTrainer|cynthia-gen4|
|
|t:|1779629888
|teamsize|p1|6
|teamsize|p2|6
|start
|switch|p1a: Keldeo|Keldeo-Resolute, shiny|100/100
|switch|p2a: Samurott|Samurott-Hisui, M|100/100
|turn|1
|
|t:|1779629906
|switch|p2a: Iron Valiant|Iron Valiant|100/100
|move|p1a: Keldeo|Hydro Pump|p2a: Iron Valiant
|-damage|p2a: Iron Valiant|0 fnt
|faint|p2a: Iron Valiant
|-end|p2a: Iron Valiant|Quark Drive|[silent]
|
|upkeep
|
|t:|1779629909
|switch|p2a: Raging Bolt|Raging Bolt|100/100
|turn|2
|
|t:|1779629916
|switch|p1a: Excadrill|Excadrill, M, shiny|100/100
|move|p2a: Raging Bolt|Draco Meteor|p1a: Excadrill
|-resisted|p1a: Excadrill
|-damage|p1a: Excadrill|27/100
|-unboost|p2a: Raging Bolt|spa|2
|
|-heal|p1a: Excadrill|33/100|[from] item: Leftovers
|upkeep
|turn|3
|
|t:|1779629926
|switch|p1a: Heatran|Heatran, M, shiny|100/100
|-end|p2a: Raging Bolt|Protosynthesis|[silent]
|switch|p2a: Corviknight|Corviknight, F|100/100
|-ability|p2a: Corviknight|Pressure
|
|upkeep
|turn|4
|
|t:|1779629934
|switch|p1a: Keldeo|Keldeo-Resolute, shiny|100/100
|switch|p2a: Samurott|Samurott-Hisui, M|100/100
|
|upkeep
|turn|5
|
|t:|1779629942
|-terastallize|p2a: Samurott|Water
|move|p1a: Keldeo|Hydro Pump|p2a: Samurott
|-resisted|p2a: Samurott
|-damage|p2a: Samurott|39/100
|move|p2a: Samurott|Aqua Cutter|p1a: Keldeo
|-resisted|p1a: Keldeo
|-damage|p1a: Keldeo|35/100
|
|upkeep
|turn|6
|
|t:|1779629951
|switch|p2a: Raging Bolt|Raging Bolt|100/100
|move|p1a: Keldeo|Hydro Pump|p2a: Raging Bolt
|-resisted|p2a: Raging Bolt
|-damage|p2a: Raging Bolt|59/100
|
|upkeep
|turn|7
|
|t:|1779629958
|switch|p1a: Heatran|Heatran, M, shiny|100/100
|move|p2a: Raging Bolt|Draco Meteor|p1a: Heatran
|-resisted|p1a: Heatran
|-damage|p1a: Heatran|66/100
|-unboost|p2a: Raging Bolt|spa|2
|
|-heal|p1a: Heatran|72/100|[from] item: Leftovers
|upkeep
|turn|8
|
|t:|1779629968
|-end|p2a: Raging Bolt|Protosynthesis|[silent]
|switch|p2a: Ting-Lu|Ting-Lu|100/100
|-ability|p2a: Ting-Lu|Vessel of Ruin
|move|p1a: Heatran|Magma Storm|p2a: Ting-Lu|[miss]
|-miss|p1a: Heatran|p2a: Ting-Lu
|
|-heal|p1a: Heatran|78/100|[from] item: Leftovers
|upkeep
|turn|9
|
|t:|1779629977
|move|p1a: Heatran|Taunt|p2a: Ting-Lu
|-start|p2a: Ting-Lu|move: Taunt
|cant|p2a: Ting-Lu|move: Taunt|Stealth Rock
|
|-heal|p1a: Heatran|84/100|[from] item: Leftovers
|upkeep
|turn|10
|
|t:|1779629985
|switch|p1a: Tornadus|Tornadus-Therian, M, shiny|100/100
|switch|p2a: Raging Bolt|Raging Bolt|59/100
|
|upkeep
|turn|11
|
|t:|1779629998
|switch|p1a: Heatran|Heatran, M, shiny|84/100
|move|p2a: Raging Bolt|Draco Meteor|p1a: Heatran
|-resisted|p1a: Heatran
|-damage|p1a: Heatran|48/100
|-unboost|p2a: Raging Bolt|spa|2
|
|-heal|p1a: Heatran|54/100|[from] item: Leftovers
|upkeep
|turn|12
|
|t:|1779630008
|-end|p2a: Raging Bolt|Protosynthesis|[silent]
|switch|p2a: Ting-Lu|Ting-Lu|100/100
|-ability|p2a: Ting-Lu|Vessel of Ruin
|move|p1a: Heatran|Taunt|p2a: Ting-Lu
|-start|p2a: Ting-Lu|move: Taunt
|
|-heal|p1a: Heatran|60/100|[from] item: Leftovers
|upkeep
|turn|13
|
|t:|1779630018
|switch|p1a: Hydrapple|Hydrapple, F, shiny|100/100
|move|p2a: Ting-Lu|Ruination|p1a: Hydrapple
|-damage|p1a: Hydrapple|50/100
|
|upkeep
|turn|14
|
|t:|1779630031
|switch|p2a: Corviknight|Corviknight, F|100/100
|-ability|p2a: Corviknight|Pressure
|move|p1a: Hydrapple|Fickle Beam|p2a: Corviknight
|-resisted|p2a: Corviknight
|-damage|p2a: Corviknight|79/100
|
|upkeep
|turn|15
|
|t:|1779630041
|switch|p1a: Tornadus|Tornadus-Therian, M, shiny|100/100
|move|p2a: Corviknight|U-turn|p1a: Tornadus
|-resisted|p1a: Tornadus
|-damage|p1a: Tornadus|92/100
|
|t:|1779630044
|switch|p2a: Raging Bolt|Raging Bolt|59/100|[from] U-turn
|
|upkeep
|turn|16
|
|t:|1779630050
|move|p1a: Tornadus|U-turn|p2a: Raging Bolt
|-damage|p2a: Raging Bolt|45/100
|
|t:|1779630054
|switch|p1a: Heatran|Heatran, M, shiny|60/100|[from] U-turn
|move|p2a: Raging Bolt|Draco Meteor|p1a: Heatran
|-resisted|p1a: Heatran
|-damage|p1a: Heatran|26/100
|-unboost|p2a: Raging Bolt|spa|2
|
|-heal|p1a: Heatran|32/100|[from] item: Leftovers
|upkeep
|turn|17
|
|t:|1779630067
|-end|p2a: Raging Bolt|Protosynthesis|[silent]
|switch|p2a: Ting-Lu|Ting-Lu|100/100
|-ability|p2a: Ting-Lu|Vessel of Ruin
|switch|p1a: Hydrapple|Hydrapple, F, shiny|84/100
|
|upkeep
|turn|18
|
|t:|1779630077
|switch|p2a: Corviknight|Corviknight, F|79/100
|-ability|p2a: Corviknight|Pressure
|move|p1a: Hydrapple|Nasty Plot|p1a: Hydrapple
|-boost|p1a: Hydrapple|spa|2
|
|upkeep
|turn|19
|
|t:|1779630084
|move|p2a: Corviknight|Brave Bird|p1a: Hydrapple
|-supereffective|p1a: Hydrapple
|-damage|p1a: Hydrapple|31/100
|-damage|p2a: Corviknight|61/100|[from] Recoil
|move|p1a: Hydrapple|Fickle Beam|p2a: Corviknight
|-resisted|p2a: Corviknight
|-damage|p2a: Corviknight|22/100
|
|upkeep
|turn|20
|
|t:|1779630094
|move|p2a: Corviknight|Roost|p2a: Corviknight
|-heal|p2a: Corviknight|72/100
|-singleturn|p2a: Corviknight|move: Roost
|move|p1a: Hydrapple|Earth Power|p2a: Corviknight
|-supereffective|p2a: Corviknight
|-damage|p2a: Corviknight|0 fnt
|faint|p2a: Corviknight
|
|upkeep
|
|t:|1779630098
|switch|p2a: Samurott|Samurott-Hisui, M, tera:Water|39/100
|turn|21
|
|t:|1779630106
|switch|p1a: Tornadus|Tornadus-Therian, M, shiny|100/100
|move|p2a: Samurott|Ceaseless Edge|p1a: Tornadus
|-damage|p1a: Tornadus|23/100
|-sidestart|p1: NebulaTrainer|Spikes
|
|upkeep
|turn|22
|
|t:|1779630114
|switch|p2a: Ting-Lu|Ting-Lu|100/100
|-ability|p2a: Ting-Lu|Vessel of Ruin
|move|p1a: Tornadus|Hurricane|p2a: Ting-Lu
|-damage|p2a: Ting-Lu|84/100
|
|-heal|p2a: Ting-Lu|90/100|[from] item: Leftovers
|upkeep
|turn|23
|
|t:|1779630124
|move|p1a: Tornadus|Knock Off|p2a: Ting-Lu
|-resisted|p2a: Ting-Lu
|-damage|p2a: Ting-Lu|85/100
|-enditem|p2a: Ting-Lu|Leftovers|[from] move: Knock Off|[of] p1a: Tornadus
|move|p2a: Ting-Lu|Stealth Rock|p1a: Tornadus
|-sidestart|p1: NebulaTrainer|move: Stealth Rock
|
|upkeep
|turn|24
|
|t:|1779630133
|move|p1a: Tornadus|U-turn|p2a: Ting-Lu
|-supereffective|p2a: Ting-Lu
|-damage|p2a: Ting-Lu|67/100
|
|t:|1779630137
|switch|p1a: Hydrapple|Hydrapple, F, shiny|64/100|[from] U-turn
|move|p2a: Ting-Lu|Whirlwind|p1a: Hydrapple
|drag|p1a: Keldeo|Keldeo-Resolute, shiny|35/100
|-damage|p1a: Keldeo|23/100|[from] Spikes
|-damage|p1a: Keldeo|17/100|[from] Stealth Rock
|
|upkeep
|turn|25
|
|t:|1779630150
|switch|p2a: Gholdengo|Gholdengo|100/100
|move|p1a: Keldeo|Hydro Pump|p2a: Gholdengo
|-damage|p2a: Gholdengo|3/100
|
|upkeep
|turn|26
|
|t:|1779630156
|move|p2a: Gholdengo|Make It Rain|p1a: Keldeo
|-resisted|p1a: Keldeo
|-damage|p1a: Keldeo|0 fnt
|-unboost|p2a: Gholdengo|spa|1
|faint|p1a: Keldeo
|
|upkeep
|
|t:|1779630164
|switch|p1a: Tornadus|Tornadus-Therian, M, shiny|56/100
|-damage|p1a: Tornadus|31/100|[from] Stealth Rock
|turn|27
|
|t:|1779630168
|move|p2a: Gholdengo|Make It Rain|p1a: Tornadus
|-crit|p1a: Tornadus
|-damage|p1a: Tornadus|0 fnt
|-unboost|p2a: Gholdengo|spa|1
|faint|p1a: Tornadus
|
|upkeep
|
|t:|1779630179
|switch|p1a: Hydrapple|Hydrapple, F, shiny|98/100
|turn|28
|
|t:|1779630190
|switch|p2a: Raging Bolt|Raging Bolt|45/100
|move|p1a: Hydrapple|Giga Drain|p2a: Raging Bolt
|-resisted|p2a: Raging Bolt
|-damage|p2a: Raging Bolt|25/100
|-heal|p1a: Hydrapple|100/100|[from] drain|[of] p2a: Raging Bolt
|
|upkeep
|turn|29
|
|t:|1779630199
|switch|p1a: Heatran|Heatran, M, shiny|32/100
|-damage|p1a: Heatran|20/100|[from] Spikes
|-damage|p1a: Heatran|7/100|[from] Stealth Rock
|move|p2a: Raging Bolt|Volt Switch|p1a: Heatran
|-damage|p1a: Heatran|0 fnt
|faint|p1a: Heatran
|
|t:|1779630203
|-end|p2a: Raging Bolt|Protosynthesis|[silent]
|switch|p2a: Gholdengo|Gholdengo|3/100|[from] Volt Switch
|
|upkeep
|
|t:|1779630212
|switch|p1a: Hippowdon|Hippowdon, M, shiny|100/100
|-damage|p1a: Hippowdon|88/100|[from] Spikes
|-damage|p1a: Hippowdon|82/100|[from] Stealth Rock
|-weather|Sandstorm|[from] ability: Sand Stream|[of] p1a: Hippowdon
|turn|30
|
|t:|1779630219
|move|p2a: Gholdengo|Make It Rain|p1a: Hippowdon
|-damage|p1a: Hippowdon|17/100
|-unboost|p2a: Gholdengo|spa|1
|move|p1a: Hippowdon|Slack Off|p1a: Hippowdon
|-heal|p1a: Hippowdon|67/100
|
|-weather|Sandstorm|[upkeep]
|upkeep
|turn|31
|
|t:|1779630228
|switch|p2a: Ting-Lu|Ting-Lu|67/100
|-ability|p2a: Ting-Lu|Vessel of Ruin
|move|p1a: Hippowdon|Stealth Rock|p2a: Ting-Lu
|-sidestart|p2: Bouquetofroselias|move: Stealth Rock
|
|-weather|Sandstorm|[upkeep]
|upkeep
|turn|32
|
|t:|1779630238
|move|p1a: Hippowdon|Earthquake|p2a: Ting-Lu
|-damage|p2a: Ting-Lu|48/100
|move|p2a: Ting-Lu|Whirlwind|p1a: Hippowdon
|drag|p1a: Excadrill|Excadrill, M, shiny|33/100
|-damage|p1a: Excadrill|20/100|[from] Spikes
|-damage|p1a: Excadrill|17/100|[from] Stealth Rock
|
|-weather|Sandstorm|[upkeep]
|-heal|p1a: Excadrill|23/100|[from] item: Leftovers
|upkeep
|turn|33
|
|t:|1779630249
|move|p1a: Excadrill|Rapid Spin|p2a: Ting-Lu
|-damage|p2a: Ting-Lu|39/100
|-boost|p1a: Excadrill|spe|1
|-sideend|p1: NebulaTrainer|Spikes|[from] move: Rapid Spin|[of] p1a: Excadrill
|-sideend|p1: NebulaTrainer|Stealth Rock|[from] move: Rapid Spin|[of] p1a: Excadrill
|move|p2a: Ting-Lu|Earthquake|p1a: Excadrill
|-supereffective|p1a: Excadrill
|-damage|p1a: Excadrill|0 fnt
|faint|p1a: Excadrill
|
|-weather|Sandstorm|[upkeep]
|upkeep
|
|t:|1779630260
|switch|p1a: Hydrapple|Hydrapple, F, shiny|100/100
|turn|34
|
|t:|1779630265
|switch|p2a: Gholdengo|Gholdengo|3/100
|-damage|p2a: Gholdengo|0 fnt|[from] Stealth Rock
|faint|p2a: Gholdengo
|move|p1a: Hydrapple|Giga Drain|p2: Gholdengo|[notarget]
|-fail|p1a: Hydrapple
|
|-weather|Sandstorm|[upkeep]
|-damage|p1a: Hydrapple|94/100|[from] Sandstorm
|upkeep
|
|t:|1779630271
|switch|p2a: Raging Bolt|Raging Bolt|25/100
|-damage|p2a: Raging Bolt|13/100|[from] Stealth Rock
|turn|35
|
|t:|1779630282
|switch|p1a: Hippowdon|Hippowdon, M, shiny|67/100
|move|p2a: Raging Bolt|Draco Meteor|p1a: Hippowdon
|-damage|p1a: Hippowdon|0 fnt
|-unboost|p2a: Raging Bolt|spa|2
|faint|p1a: Hippowdon
|
|-weather|Sandstorm|[upkeep]
|-damage|p2a: Raging Bolt|6/100|[from] Sandstorm
|upkeep
|
|t:|1779630292
|switch|p1a: Hydrapple|Hydrapple, F, shiny|100/100
|turn|36
|
|t:|1779630296
|-terastallize|p1a: Hydrapple|Fairy
|move|p2a: Raging Bolt|Draco Meteor|p1a: Hydrapple
|-immune|p1a: Hydrapple
|move|p1a: Hydrapple|Nasty Plot|p1a: Hydrapple
|-boost|p1a: Hydrapple|spa|2
|
|-weather|Sandstorm|[upkeep]
|-damage|p2a: Raging Bolt|0 fnt|[from] Sandstorm
|-damage|p1a: Hydrapple|94/100|[from] Sandstorm
|faint|p2a: Raging Bolt
|-end|p2a: Raging Bolt|Protosynthesis|[silent]
|upkeep
|
|t:|1779630301
|switch|p2a: Samurott|Samurott-Hisui, M, tera:Water|39/100
|-damage|p2a: Samurott|26/100|[from] Stealth Rock
|turn|37
|
|t:|1779630326
|move|p2a: Samurott|Flip Turn|p1a: Hydrapple
|-damage|p1a: Hydrapple|51/100
|
|t:|1779630329
|switch|p2a: Ting-Lu|Ting-Lu|39/100|[from] Flip Turn
|-damage|p2a: Ting-Lu|32/100|[from] Stealth Rock
|-ability|p2a: Ting-Lu|Vessel of Ruin
|move|p1a: Hydrapple|Giga Drain|p2a: Ting-Lu
|-supereffective|p2a: Ting-Lu
|-damage|p2a: Ting-Lu|0 fnt
|-heal|p1a: Hydrapple|71/100|[from] drain|[of] p2a: Ting-Lu
|faint|p2a: Ting-Lu
|
|-weather|none
|upkeep
|
|t:|1779630330
|switch|p2a: Samurott|Samurott-Hisui, M, tera:Water|26/100
|-damage|p2a: Samurott|14/100|[from] Stealth Rock
|turn|38
|c|☆NebulaTrainer|Jajajaja
|c|☆NebulaTrainer|byeeeeeeee
|
|t:|1779630344
|move|p2a: Samurott|Aqua Cutter|p1a: Hydrapple
|-damage|p1a: Hydrapple|0 fnt
|faint|p1a: Hydrapple
|
|win|Bouquetofroselias
|raw|NebulaTrainer's rating: 1514 &rarr; <strong>1496</strong><br />(-18 for losing)
|raw|Bouquetofroselias's rating: 1543 &rarr; <strong>1561</strong><br />(+18 for winning)
|l|☆NebulaTrainer
|player|p1|
|c|☆Bouquetofroselias|JAJAJJAAJAJAJ
|c|☆Bouquetofroselias|JAJAJJAJA
|l|☆Bouquetofroselias
|player|p2|
