|j|☆nelelelelels
|j|☆PikachuRTM
|t:|1779663352
|gametype|singles
|player|p1|nelelelelels|dawn|1385
|player|p2|PikachuRTM|lance|1349
|gen|9
|tier|[Gen 9] OU
|rated|
|rule|HP Percentage Mod: HP is shown in percentages
|rule|Endless Battle Clause: Forcing endless battles is banned
|rule|Species Clause: Limit one of each Pokémon
|rule|OHKO Clause: OHKO moves are banned
|rule|Evasion Items Clause: Evasion items are banned
|rule|Evasion Moves Clause: Evasion moves are banned
|rule|Evasion Abilities Clause: Evasion abilities are banned
|rule|Sleep Moves Clause: Sleep-inducing moves are banned
|clearpoke
|poke|p1|Walking Wake|
|poke|p1|Ting-Lu|
|poke|p1|Gliscor, M|
|poke|p1|Iron Valiant|
|poke|p1|Gholdengo|
|poke|p1|Dragonite, M|
|poke|p2|Pikachu, M|
|poke|p2|Dragapult, M|
|poke|p2|Deoxys-Speed|
|poke|p2|Glimmora, M|
|poke|p2|Ting-Lu|
|poke|p2|Quaquaval, M|
|teampreview
|inactive|Battle timer is ON: inactive players will automatically lose when time's up. (requested by nelelelelels)
|
|t:|1779663382
|teamsize|p1|6
|teamsize|p2|6
|start
|switch|p1a: Gliscor|Gliscor, M|100/100
|switch|p2a: Quack|Quaquaval, M|100/100
|turn|1
|
|t:|1779663402
|switch|p1a: Gholdengo|Gholdengo|100/100
|move|p2a: Quack|Knock Off|p1a: Gholdengo
|-supereffective|p1a: Gholdengo
|-damage|p1a: Gholdengo|24/100
|-enditem|p1a: Gholdengo|Choice Scarf|[from] move: Knock Off|[of] p2a: Quack
|
|upkeep
|turn|2
|
|t:|1779663412
|switch|p1a: Walking Wake|Walking Wake|100/100
|move|p2a: Quack|Aqua Step|p1a: Walking Wake
|-resisted|p1a: Walking Wake
|-crit|p1a: Walking Wake
|-damage|p1a: Walking Wake|81/100
|-boost|p2a: Quack|spe|1
|
|upkeep
|turn|3
|
|t:|1779663418
|move|p2a: Quack|Knock Off|p1a: Walking Wake
|-damage|p1a: Walking Wake|42/100
|-enditem|p1a: Walking Wake|Heavy-Duty Boots|[from] move: Knock Off|[of] p2a: Quack
|move|p1a: Walking Wake|Draco Meteor|p2a: Quack
|-damage|p2a: Quack|39/100
|-unboost|p1a: Walking Wake|spa|2
|
|upkeep
|turn|4
|
|t:|1779663426
|-end|p1a: Walking Wake|Protosynthesis|[silent]
|switch|p1a: Gholdengo|Gholdengo|24/100
|move|p2a: Quack|Aqua Step|p1a: Gholdengo
|-damage|p1a: Gholdengo|0 fnt
|-boost|p2a: Quack|spe|1
|faint|p1a: Gholdengo
|-ability|p2a: Quack|Moxie|boost
|-boost|p2a: Quack|atk|1
|
|upkeep
|
|t:|1779663432
|switch|p1a: Dragonite|Dragonite, M|100/100
|turn|5
|
|t:|1779663436
|move|p2a: Quack|Knock Off|p1a: Dragonite
|-crit|p1a: Dragonite
|-damage|p1a: Dragonite|58/100
|-enditem|p1a: Dragonite|Heavy-Duty Boots|[from] move: Knock Off|[of] p2a: Quack
|move|p1a: Dragonite|Dragon Dance|p1a: Dragonite
|-boost|p1a: Dragonite|atk|1
|-boost|p1a: Dragonite|spe|1
|
|upkeep
|turn|6
|
|t:|1779663442
|move|p1a: Dragonite|Extreme Speed|p2a: Quack
|-damage|p2a: Quack|0 fnt
|faint|p2a: Quack
|
|upkeep
|
|t:|1779663447
|switch|p2a: Liftoff|Dragapult, M, shiny|100/100
|turn|7
|
|t:|1779663452
|switch|p1a: Ting-Lu|Ting-Lu|100/100
|-ability|p1a: Ting-Lu|Vessel of Ruin
|move|p2a: Liftoff|Dragon Darts|p1a: Ting-Lu
|-damage|p1a: Ting-Lu|89/100
|-anim|p2a: Liftoff|Dragon Darts|p1a: Ting-Lu
|-damage|p1a: Ting-Lu|77/100
|
|upkeep
|turn|8
|
|t:|1779663458
|move|p2a: Liftoff|Will-O-Wisp|p1a: Ting-Lu
|-status|p1a: Ting-Lu|brn
|move|p1a: Ting-Lu|Stealth Rock|p2a: Liftoff
|-sidestart|p2: PikachuRTM|move: Stealth Rock
|
|-damage|p1a: Ting-Lu|71/100 brn|[from] brn
|upkeep
|turn|9
|
|t:|1779663463
|move|p2a: Liftoff|U-turn|p1a: Ting-Lu
|-supereffective|p1a: Ting-Lu
|-damage|p1a: Ting-Lu|50/100 brn
|
|t:|1779663466
|switch|p2a: Deer!|Ting-Lu|100/100|[from] U-turn
|-damage|p2a: Deer!|94/100|[from] Stealth Rock
|-ability|p2a: Deer!|Vessel of Ruin
|move|p1a: Ting-Lu|Ruination|p2a: Deer!
|-damage|p2a: Deer!|47/100
|
|-heal|p2a: Deer!|54/100|[from] item: Leftovers
|-damage|p1a: Ting-Lu|44/100 brn|[from] brn
|upkeep
|turn|10
|
|t:|1779663475
|switch|p1a: Gliscor|Gliscor, M|100/100
|move|p2a: Deer!|Stealth Rock|p1a: Gliscor
|-sidestart|p1: nelelelelels|move: Stealth Rock
|
|-heal|p2a: Deer!|60/100|[from] item: Leftovers
|-status|p1a: Gliscor|tox|[from] item: Toxic Orb
|upkeep
|turn|11
|
|t:|1779663489
|move|p1a: Gliscor|Knock Off|p2a: Deer!
|-resisted|p2a: Deer!
|-damage|p2a: Deer!|54/100
|-enditem|p2a: Deer!|Leftovers|[from] move: Knock Off|[of] p1a: Gliscor
|move|p2a: Deer!|Whirlwind|p1a: Gliscor
|drag|p1a: Iron Valiant|Iron Valiant|100/100
|
|upkeep
|turn|12
|
|t:|1779663497
|-end|p1a: Iron Valiant|Quark Drive|[silent]
|switch|p1a: Gliscor|Gliscor, M|100/100 tox
|-damage|p1a: Gliscor|88/100 tox|[from] Stealth Rock
|move|p2a: Deer!|Whirlwind|p1a: Gliscor
|drag|p1a: Dragonite|Dragonite, M|58/100
|-damage|p1a: Dragonite|33/100|[from] Stealth Rock
|
|upkeep
|turn|13
|
|t:|1779663514
|move|p1a: Dragonite|Earthquake|p2a: Deer!
|-damage|p2a: Deer!|31/100
|move|p2a: Deer!|Ruination|p1a: Dragonite
|-damage|p1a: Dragonite|17/100
|
|upkeep
|turn|14
|
|t:|1779663520
|switch|p1a: Gliscor|Gliscor, M|88/100 tox
|-damage|p1a: Gliscor|76/100 tox|[from] Stealth Rock
|move|p2a: Deer!|Whirlwind|p1a: Gliscor
|drag|p1a: Dragonite|Dragonite, M|17/100
|-damage|p1a: Dragonite|0 fnt|[from] Stealth Rock
|faint|p1a: Dragonite
|
|upkeep
|
|t:|1779663529
|switch|p1a: Gliscor|Gliscor, M|76/100 tox
|-damage|p1a: Gliscor|63/100 tox|[from] Stealth Rock
|turn|15
|
|t:|1779663532
|move|p1a: Gliscor|Spikes|p2a: Deer!
|-sidestart|p2: PikachuRTM|Spikes
|move|p2a: Deer!|Whirlwind|p1a: Gliscor
|drag|p1a: Walking Wake|Walking Wake|42/100
|-damage|p1a: Walking Wake|30/100|[from] Stealth Rock
|
|upkeep
|turn|16
|
|t:|1779663538
|move|p1a: Walking Wake|Surf|p2a: Deer!
|-supereffective|p2a: Deer!
|-damage|p2a: Deer!|0 fnt
|faint|p2a: Deer!
|
|upkeep
|
|t:|1779663552
|switch|p2a: IShowSpeed|Deoxys-Speed|100/100
|-damage|p2a: IShowSpeed|88/100|[from] Stealth Rock
|-damage|p2a: IShowSpeed|76/100|[from] Spikes
|-ability|p2a: IShowSpeed|Pressure
|turn|17
|
|t:|1779663558
|move|p2a: IShowSpeed|Light Screen|p2a: IShowSpeed
|-sidestart|p2: PikachuRTM|move: Light Screen
|move|p1a: Walking Wake|Surf|p2a: IShowSpeed
|-damage|p2a: IShowSpeed|45/100
|
|upkeep
|turn|18
|
|t:|1779663564
|move|p2a: IShowSpeed|Reflect|p2a: IShowSpeed
|-sidestart|p2: PikachuRTM|Reflect
|move|p1a: Walking Wake|Flip Turn|p2a: IShowSpeed
|-damage|p2a: IShowSpeed|36/100
|
|t:|1779663570
|-end|p1a: Walking Wake|Protosynthesis|[silent]
|switch|p1a: Gliscor|Gliscor, M|63/100 tox|[from] Flip Turn
|-damage|p1a: Gliscor|51/100 tox|[from] Stealth Rock
|
|-heal|p1a: Gliscor|63/100 tox|[from] ability: Poison Heal
|upkeep
|turn|19
|
|t:|1779663579
|move|p2a: IShowSpeed|Taunt|p1a: Gliscor
|-start|p1a: Gliscor|move: Taunt
|move|p1a: Gliscor|Knock Off|p2a: IShowSpeed
|-supereffective|p2a: IShowSpeed
|-crit|p2a: IShowSpeed
|-damage|p2a: IShowSpeed|0 fnt
|-enditem|p2a: IShowSpeed|Light Clay|[from] move: Knock Off|[of] p1a: Gliscor
|faint|p2a: IShowSpeed
|
|-heal|p1a: Gliscor|76/100 tox|[from] ability: Poison Heal
|upkeep
|
|t:|1779663591
|switch|p2a: Glimm Reaper|Glimmora, M, shiny|100/100
|-damage|p2a: Glimm Reaper|88/100|[from] Stealth Rock
|-damage|p2a: Glimm Reaper|76/100|[from] Spikes
|turn|20
|
|t:|1779663611
|-terastallize|p2a: Glimm Reaper|Fairy
|move|p2a: Glimm Reaper|Rock Polish|p2a: Glimm Reaper
|-boost|p2a: Glimm Reaper|spe|2
|move|p1a: Gliscor|Knock Off|p2a: Glimm Reaper
|-resisted|p2a: Glimm Reaper
|-damage|p2a: Glimm Reaper|69/100
|-activate|p2a: Glimm Reaper|ability: Toxic Debris
|-sidestart|p1: nelelelelels|move: Toxic Spikes
|-enditem|p2a: Glimm Reaper|Power Herb|[from] move: Knock Off|[of] p1a: Gliscor
|
|-heal|p1a: Gliscor|88/100 tox|[from] ability: Poison Heal
|upkeep
|turn|21
|
|t:|1779663623
|switch|p1a: Ting-Lu|Ting-Lu|44/100 brn
|-ability|p1a: Ting-Lu|Vessel of Ruin
|move|p2a: Glimm Reaper|Meteor Beam||[still]
|-prepare|p2a: Glimm Reaper|Meteor Beam
|-boost|p2a: Glimm Reaper|spa|1
|
|-damage|p1a: Ting-Lu|37/100 brn|[from] brn
|upkeep
|turn|22
|
|t:|1779663634
|move|p2a: Glimm Reaper|Meteor Beam|p1a: Ting-Lu|[from] lockedmove
|-resisted|p1a: Ting-Lu
|-damage|p1a: Ting-Lu|17/100 brn
|move|p1a: Ting-Lu|Whirlwind|p2a: Glimm Reaper
|drag|p2a: Derrick|Pikachu, M|100/100
|-damage|p2a: Derrick|88/100|[from] Stealth Rock
|-damage|p2a: Derrick|76/100|[from] Spikes
|
|-damage|p1a: Ting-Lu|11/100 brn|[from] brn
|upkeep
|turn|23
|
|t:|1779663643
|move|p2a: Derrick|Agility|p2a: Derrick
|-boost|p2a: Derrick|spe|2
|move|p1a: Ting-Lu|Earthquake|p2a: Derrick
|-supereffective|p2a: Derrick
|-damage|p2a: Derrick|17/100
|
|-damage|p1a: Ting-Lu|4/100 brn|[from] brn
|upkeep
|turn|24
|
|t:|1779663650
|move|p2a: Derrick|Alluring Voice|p1a: Ting-Lu
|-supereffective|p1a: Ting-Lu
|-damage|p1a: Ting-Lu|0 fnt
|faint|p1a: Ting-Lu
|
|-sideend|p2: PikachuRTM|move: Light Screen
|upkeep
|
|t:|1779663657
|switch|p1a: Gliscor|Gliscor, M|88/100 tox
|-damage|p1a: Gliscor|76/100 tox|[from] Stealth Rock
|turn|25
|
|t:|1779663660
|move|p2a: Derrick|Alluring Voice|p1a: Gliscor
|-damage|p1a: Gliscor|41/100 tox
|move|p1a: Gliscor|U-turn|p2a: Derrick
|-damage|p2a: Derrick|0 fnt
|faint|p2a: Derrick
|
|t:|1779663668
|switch|p1a: Iron Valiant|Iron Valiant|100/100|[from] U-turn
|
|-sideend|p2: PikachuRTM|Reflect
|upkeep
|
|t:|1779663671
|switch|p2a: Glimm Reaper|Glimmora, M, shiny, tera:Fairy|69/100
|-damage|p2a: Glimm Reaper|57/100|[from] Stealth Rock
|-damage|p2a: Glimm Reaper|44/100|[from] Spikes
|turn|26
|
|t:|1779663676
|-terastallize|p1a: Iron Valiant|Fairy
|move|p1a: Iron Valiant|Moonblast|p2a: Glimm Reaper
|-damage|p2a: Glimm Reaper|0 fnt
|faint|p2a: Glimm Reaper
|
|upkeep
|
|t:|1779663680
|switch|p2a: Liftoff|Dragapult, M, shiny|100/100
|turn|27
|
|t:|1779663681
|move|p2a: Liftoff|Hex|p1a: Iron Valiant
|-damage|p1a: Iron Valiant|43/100
|move|p1a: Iron Valiant|Moonblast|p2a: Liftoff
|-supereffective|p2a: Liftoff
|-damage|p2a: Liftoff|0 fnt
|faint|p2a: Liftoff
|
|win|nelelelelels
|raw|nelelelelels's rating: 1385 &rarr; <strong>1403</strong><br />(+18 for winning)
|raw|PikachuRTM's rating: 1349 &rarr; <strong>1331</strong><br />(-18 for losing)
|l|☆nelelelelels
|player|p1|
|l|☆PikachuRTM
|player|p2|
