|j|☆barrman1313
|j|☆mushtery
|t:|1779712669
|gametype|singles
|player|p1|barrman1313|janitor|1384
|player|p2|mushtery|unknown|1459
|gen|9
|tier|[Gen 9] OU
|rated|
|rule|HP Percentage Mod: HP is shown in percentages
|rule|Endless Battle Clause: Forcing endless battles is banned
|rule|Species Clause: Limit one of each Pokémon
|rule|OHKO Clause: OHKO moves are banned
|rule|Evasion Items Clause: Evasion items are banned
|rule|Evasion Moves Clause: Evasion moves are banned
|rule|Evasion Abilities Clause: Evasion abilities are banned
|rule|Sleep Moves Clause: Sleep-inducing moves are banned
|clearpoke
|poke|p1|Hatterene, F|
|poke|p1|Pelipper, F|
|poke|p1|Hariyama, M|
|poke|p1|Cresselia, F|
|poke|p1|Ursaluna, M|
|poke|p1|Porygon2|
|poke|p2|Mew|
|poke|p2|Great Tusk|
|poke|p2|Gholdengo|
|poke|p2|Tornadus-Therian, M|
|poke|p2|Alomomola, F|
|poke|p2|Rillaboom, M|
|teampreview
|inactive|Battle timer is ON: inactive players will automatically lose when time's up. (requested by mushtery)
|
|t:|1779712685
|teamsize|p1|6
|teamsize|p2|6
|start
|switch|p1a: Hatterene|Hatterene, F|100/100
|switch|p2a: Rillaboom|Rillaboom, M|100/100
|-fieldstart|move: Grassy Terrain|[from] ability: Grassy Surge|[of] p2a: Rillaboom
|turn|1
|
|t:|1779712695
|-terastallize|p2a: Rillaboom|Grass
|move|p2a: Rillaboom|Wood Hammer|p1a: Hatterene
|-enditem|p1a: Hatterene|Focus Sash
|-damage|p1a: Hatterene|1/100
|-damage|p2a: Rillaboom|70/100|[from] Recoil
|move|p1a: Hatterene|Trick Room|p1a: Hatterene
|-fieldstart|move: Trick Room|[of] p1a: Hatterene
|
|-heal|p1a: Hatterene|7/100|[from] Grassy Terrain
|-heal|p2a: Rillaboom|76/100|[from] Grassy Terrain
|upkeep
|turn|2
|
|t:|1779712710
|move|p1a: Hatterene|Healing Wish|p1a: Hatterene
|faint|p1a: Hatterene
|move|p2a: Rillaboom|Wood Hammer|p1: Hatterene|[notarget]
|-fail|p2a: Rillaboom
|
|-heal|p2a: Rillaboom|82/100|[from] Grassy Terrain
|upkeep
|inactive|barrman1313 has 120 seconds left.
|
|t:|1779712732
|switch|p1a: Pelipper|Pelipper, F|100/100
|-weather|RainDance|[from] ability: Drizzle|[of] p1a: Pelipper
|turn|3
|
|t:|1779712740
|switch|p2a: Mew|Mew|100/100
|move|p1a: Pelipper|Hurricane|p2a: Mew
|-crit|p2a: Mew
|-damage|p2a: Mew|0 fnt
|faint|p2a: Mew
|
|-weather|RainDance|[upkeep]
|upkeep
|
|t:|1779712745
|switch|p2a: Alomomola|Alomomola, F|100/100
|turn|4
|
|t:|1779712765
|switch|p1a: Porygon2|Porygon2|100/100
|-ability|p1a: Porygon2|Download|boost
|-boost|p1a: Porygon2|spa|1
|move|p2a: Alomomola|Protect||[still]
|-fail|p2a: Alomomola
|
|-weather|RainDance|[upkeep]
|upkeep
|turn|5
|
|t:|1779712770
|move|p2a: Alomomola|Protect|p2a: Alomomola
|-singleturn|p2a: Alomomola|Protect
|move|p1a: Porygon2|Thunder|p2a: Alomomola
|-activate|p2a: Alomomola|move: Protect
|
|-weather|RainDance|[upkeep]
|-fieldend|move: Trick Room
|-fieldend|move: Grassy Terrain
|upkeep
|turn|6
|
|t:|1779712779
|move|p2a: Alomomola|Flip Turn|p1a: Porygon2
|-damage|p1a: Porygon2|84/100
|
|t:|1779712787
|switch|p2a: Gholdengo|Gholdengo|100/100|[from] Flip Turn
|move|p1a: Porygon2|Trick Room|p1a: Porygon2
|-fieldstart|move: Trick Room|[of] p1a: Porygon2
|
|-weather|RainDance|[upkeep]
|upkeep
|turn|7
|
|t:|1779712796
|switch|p1a: Hariyama|Hariyama, M|100/100
|move|p2a: Gholdengo|Recover||[still]
|-fail|p2a: Gholdengo|heal
|
|-weather|none
|upkeep
|turn|8
|
|t:|1779712805
|switch|p2a: Alomomola|Alomomola, F|100/100
|move|p1a: Hariyama|Knock Off|p2a: Alomomola
|-damage|p2a: Alomomola|81/100
|-damage|p1a: Hariyama|84/100|[from] item: Rocky Helmet|[of] p2a: Alomomola
|-enditem|p2a: Alomomola|Rocky Helmet|[from] move: Knock Off|[of] p1a: Hariyama
|
|upkeep
|turn|9
|
|t:|1779712811
|move|p1a: Hariyama|Belly Drum|p1a: Hariyama
|-damage|p1a: Hariyama|34/100
|-setboost|p1a: Hariyama|atk|6|[from] move: Belly Drum
|-enditem|p1a: Hariyama|Sitrus Berry|[eat]
|-heal|p1a: Hariyama|59/100|[from] item: Sitrus Berry
|move|p2a: Alomomola|Wish|p2a: Alomomola
|
|upkeep
|turn|10
|
|t:|1779712816
|move|p2a: Alomomola|Protect|p2a: Alomomola
|-singleturn|p2a: Alomomola|Protect
|move|p1a: Hariyama|Drain Punch|p2a: Alomomola
|-activate|p2a: Alomomola|move: Protect
|
|-heal|p2a: Alomomola|100/100|[from] move: Wish|[wisher] Alomomola
|-fieldend|move: Trick Room
|upkeep
|turn|11
|
|t:|1779712819
|switch|p2a: Gholdengo|Gholdengo|100/100
|move|p1a: Hariyama|Drain Punch|p2a: Gholdengo
|-immune|p2a: Gholdengo
|
|upkeep
|turn|12
|
|t:|1779712823
|move|p2a: Gholdengo|Make It Rain|p1a: Hariyama
|-damage|p1a: Hariyama|0 fnt
|-unboost|p2a: Gholdengo|spa|1
|faint|p1a: Hariyama
|
|upkeep
|
|t:|1779712835
|switch|p1a: Porygon2|Porygon2|84/100
|-heal|p1a: Porygon2|100/100|[from] move: Healing Wish
|-ability|p1a: Porygon2|Download|boost
|-boost|p1a: Porygon2|spa|1
|turn|13
|
|t:|1779712846
|move|p2a: Gholdengo|Nasty Plot|p2a: Gholdengo
|-boost|p2a: Gholdengo|spa|2
|move|p1a: Porygon2|Trick Room|p1a: Porygon2
|-fieldstart|move: Trick Room|[of] p1a: Porygon2
|
|upkeep
|turn|14
|
|t:|1779712861
|switch|p1a: Pelipper|Pelipper, F|100/100
|-weather|RainDance|[from] ability: Drizzle|[of] p1a: Pelipper
|move|p2a: Gholdengo|Make It Rain|p1a: Pelipper
|-resisted|p1a: Pelipper
|-damage|p1a: Pelipper|18/100
|-unboost|p2a: Gholdengo|spa|1
|
|-weather|RainDance|[upkeep]
|upkeep
|turn|15
|
|t:|1779712867
|move|p1a: Pelipper|Hydro Pump|p2a: Gholdengo
|-damage|p2a: Gholdengo|0 fnt
|faint|p2a: Gholdengo
|
|-weather|RainDance|[upkeep]
|upkeep
|
|t:|1779712870
|switch|p2a: Rillaboom|Rillaboom, M, tera:Grass|82/100
|-fieldstart|move: Grassy Terrain|[from] ability: Grassy Surge|[of] p2a: Rillaboom
|turn|16
|
|t:|1779712873
|move|p2a: Rillaboom|Grassy Glide|p1a: Pelipper
|-damage|p1a: Pelipper|0 fnt
|faint|p1a: Pelipper
|
|-weather|RainDance|[upkeep]
|-heal|p2a: Rillaboom|88/100|[from] Grassy Terrain
|upkeep
|
|t:|1779712880
|switch|p1a: Ursaluna|Ursaluna, M|100/100
|turn|17
|
|t:|1779712884
|-terastallize|p1a: Ursaluna|Normal
|move|p2a: Rillaboom|Grassy Glide|p1a: Ursaluna
|-damage|p1a: Ursaluna|43/100
|move|p1a: Ursaluna|Facade|p2a: Rillaboom
|-damage|p2a: Rillaboom|22/100
|
|-weather|RainDance|[upkeep]
|-heal|p1a: Ursaluna|49/100|[from] Grassy Terrain
|-heal|p2a: Rillaboom|28/100|[from] Grassy Terrain
|-fieldend|move: Trick Room
|-status|p1a: Ursaluna|brn|[from] item: Flame Orb
|upkeep
|turn|18
|
|t:|1779712894
|switch|p1a: Porygon2|Porygon2|100/100
|-ability|p1a: Porygon2|Download|boost
|-boost|p1a: Porygon2|spa|1
|move|p2a: Rillaboom|Grassy Glide|p1a: Porygon2
|-damage|p1a: Porygon2|44/100
|
|-weather|none
|-heal|p2a: Rillaboom|34/100|[from] Grassy Terrain
|-heal|p1a: Porygon2|50/100|[from] Grassy Terrain
|upkeep
|turn|19
|
|t:|1779712903
|switch|p1a: Cresselia|Cresselia, F|100/100
|move|p2a: Rillaboom|Grassy Glide|p1a: Cresselia
|-damage|p1a: Cresselia|60/100
|
|-heal|p2a: Rillaboom|40/100|[from] Grassy Terrain
|upkeep
|turn|20
|
|t:|1779712908
|switch|p2a: Alomomola|Alomomola, F|100/100
|move|p1a: Cresselia|Trick Room|p1a: Cresselia
|-fieldstart|move: Trick Room|[of] p1a: Cresselia
|
|-fieldend|move: Grassy Terrain
|upkeep
|turn|21
|
|t:|1779712922
|switch|p1a: Ursaluna|Ursaluna, M, tera:Normal|49/100 brn
|move|p2a: Alomomola|Wish|p2a: Alomomola
|
|-damage|p1a: Ursaluna|43/100 brn|[from] brn
|upkeep
|turn|22
|
|t:|1779712929
|move|p2a: Alomomola|Protect|p2a: Alomomola
|-singleturn|p2a: Alomomola|Protect
|move|p1a: Ursaluna|Swords Dance|p1a: Ursaluna
|-boost|p1a: Ursaluna|atk|2
|
|-damage|p1a: Ursaluna|37/100 brn|[from] brn
|upkeep
|turn|23
|
|t:|1779712940
|switch|p2a: Great Tusk|Great Tusk|100/100
|move|p1a: Ursaluna|Facade|p2a: Great Tusk
|-damage|p2a: Great Tusk|0 fnt
|faint|p2a: Great Tusk
|-end|p2a: Great Tusk|Protosynthesis|[silent]
|
|-damage|p1a: Ursaluna|31/100 brn|[from] brn
|upkeep
|
|t:|1779712945
|switch|p2a: Alomomola|Alomomola, F|100/100
|turn|24
|
|t:|1779712955
|move|p2a: Alomomola|Protect|p2a: Alomomola
|-singleturn|p2a: Alomomola|Protect
|move|p1a: Ursaluna|Facade|p2a: Alomomola
|-activate|p2a: Alomomola|move: Protect
|
|-damage|p1a: Ursaluna|25/100 brn|[from] brn
|-fieldend|move: Trick Room
|upkeep
|turn|25
|
|t:|1779712958
|move|p2a: Alomomola|Flip Turn|p1a: Ursaluna
|-damage|p1a: Ursaluna|14/100 brn
|
|t:|1779712961
|switch|p2a: Tornadus|Tornadus-Therian, M|100/100|[from] Flip Turn
|move|p1a: Ursaluna|Facade|p2a: Tornadus
|-damage|p2a: Tornadus|0 fnt
|faint|p2a: Tornadus
|
|-damage|p1a: Ursaluna|8/100 brn|[from] brn
|upkeep
|
|t:|1779712963
|switch|p2a: Rillaboom|Rillaboom, M, tera:Grass|40/100
|-fieldstart|move: Grassy Terrain|[from] ability: Grassy Surge|[of] p2a: Rillaboom
|turn|26
|
|t:|1779712984
|switch|p1a: Porygon2|Porygon2|50/100
|-ability|p1a: Porygon2|Download|boost
|-boost|p1a: Porygon2|spa|1
|move|p2a: Rillaboom|Wood Hammer|p1a: Porygon2
|-damage|p1a: Porygon2|0 fnt
|faint|p1a: Porygon2
|-damage|p2a: Rillaboom|22/100|[from] Recoil
|
|-heal|p2a: Rillaboom|29/100|[from] Grassy Terrain
|upkeep
|c|☆barrman1313|Gg
|c|☆barrman1313|Wp
|
|t:|1779712998
|switch|p1a: Cresselia|Cresselia, F|60/100
|turn|27
|c|☆mushtery|u2
|
|t:|1779713001
|move|p2a: Rillaboom|Wood Hammer|p1a: Cresselia
|-damage|p1a: Cresselia|0 fnt
|faint|p1a: Cresselia
|-damage|p2a: Rillaboom|3/100|[from] Recoil
|
|-heal|p2a: Rillaboom|10/100|[from] Grassy Terrain
|upkeep
|
|t:|1779713004
|switch|p1a: Ursaluna|Ursaluna, M, tera:Normal|8/100 brn
|turn|28
|
|t:|1779713006
|move|p2a: Rillaboom|Wood Hammer|p1a: Ursaluna
|-damage|p1a: Ursaluna|0 fnt
|faint|p1a: Ursaluna
|-damage|p2a: Rillaboom|6/100|[from] Recoil
|
|win|mushtery
|raw|barrman1313's rating: 1384 &rarr; <strong>1368</strong><br />(-16 for losing)
|raw|mushtery's rating: 1459 &rarr; <strong>1475</strong><br />(+16 for winning)
|l|☆barrman1313
|player|p1|
|l|☆mushtery
|player|p2|
