|j|☆Exeggy
|j|☆chrovalis
|t:|1779669339
|gametype|singles
|player|p1|Exeggy|2|1155
|player|p2|chrovalis|ethan|1161
|gen|9
|tier|[Gen 9] OU
|rated|
|rule|HP Percentage Mod: HP is shown in percentages
|rule|Endless Battle Clause: Forcing endless battles is banned
|rule|Species Clause: Limit one of each Pokémon
|rule|OHKO Clause: OHKO moves are banned
|rule|Evasion Items Clause: Evasion items are banned
|rule|Evasion Moves Clause: Evasion moves are banned
|rule|Evasion Abilities Clause: Evasion abilities are banned
|rule|Sleep Moves Clause: Sleep-inducing moves are banned
|clearpoke
|poke|p1|Dragonite, F|
|poke|p1|Clefable, F|
|poke|p1|Moltres|
|poke|p1|Chansey, F|
|poke|p1|Hitmonchan, M|
|poke|p1|Gengar, M|
|poke|p2|Decidueye, M|
|poke|p2|Mudsdale, M|
|poke|p2|Espeon, M|
|poke|p2|Arcanine, M|
|poke|p2|Empoleon, M|
|teampreview
|inactive|Battle timer is ON: inactive players will automatically lose when time's up. (requested by chrovalis)
|
|t:|1779669356
|teamsize|p1|6
|teamsize|p2|5
|start
|switch|p1a: Hitmonchan|Hitmonchan, M|100/100
|switch|p2a: Empoleon|Empoleon, M|100/100
|turn|1
|
|t:|1779669364
|switch|p2a: Decidueye|Decidueye, M, shiny|100/100
|move|p1a: Hitmonchan|Drain Punch|p2a: Decidueye
|-immune|p2a: Decidueye
|
|upkeep
|turn|2
|
|t:|1779669370
|move|p2a: Decidueye|Swords Dance|p2a: Decidueye
|-boost|p2a: Decidueye|atk|2
|move|p1a: Hitmonchan|Knock Off|p2a: Decidueye
|-supereffective|p2a: Decidueye
|-damage|p2a: Decidueye|28/100
|-enditem|p2a: Decidueye|Spell Tag|[from] move: Knock Off|[of] p1a: Hitmonchan
|
|upkeep
|turn|3
|
|t:|1779669377
|move|p2a: Decidueye|Spirit Shackle|p1a: Hitmonchan
|-damage|p1a: Hitmonchan|0 fnt
|faint|p1a: Hitmonchan
|
|upkeep
|
|t:|1779669381
|switch|p1a: Moltres|Moltres|100/100
|turn|4
|
|t:|1779669386
|move|p2a: Decidueye|Shadow Sneak|p1a: Moltres
|-damage|p1a: Moltres|72/100
|move|p1a: Moltres|Flamethrower|p2a: Decidueye
|-supereffective|p2a: Decidueye
|-damage|p2a: Decidueye|0 fnt
|faint|p2a: Decidueye
|
|upkeep
|
|t:|1779669391
|switch|p2a: Empoleon|Empoleon, M|100/100
|turn|5
|
|t:|1779669396
|move|p1a: Moltres|U-turn|p2a: Empoleon
|-resisted|p2a: Empoleon
|-damage|p2a: Empoleon|93/100
|
|t:|1779669398
|switch|p1a: Chansey|Chansey, F|100/100|[from] U-turn
|move|p2a: Empoleon|Surf|p1a: Chansey
|-crit|p1a: Chansey
|-damage|p1a: Chansey|81/100
|
|-heal|p2a: Empoleon|99/100|[from] item: Leftovers
|upkeep
|turn|6
|
|t:|1779669405
|move|p2a: Empoleon|Ice Beam|p1a: Chansey
|-damage|p1a: Chansey|71/100
|move|p1a: Chansey|Seismic Toss|p2a: Empoleon
|-damage|p2a: Empoleon|68/100
|
|-heal|p2a: Empoleon|74/100|[from] item: Leftovers
|upkeep
|turn|7
|
|t:|1779669415
|switch|p2a: Mudsdale|Mudsdale, M|100/100
|move|p1a: Chansey|Seismic Toss|p2a: Mudsdale
|-damage|p2a: Mudsdale|76/100
|-ability|p2a: Mudsdale|Stamina|boost
|-boost|p2a: Mudsdale|def|1
|
|-heal|p2a: Mudsdale|82/100|[from] item: Leftovers
|upkeep
|turn|8
|
|t:|1779669423
|switch|p1a: Moltres|Moltres|72/100
|move|p2a: Mudsdale|Stealth Rock|p1a: Moltres
|-sidestart|p1: Exeggy|move: Stealth Rock
|
|-heal|p2a: Mudsdale|88/100|[from] item: Leftovers
|upkeep
|turn|9
|
|t:|1779669429
|move|p1a: Moltres|Flamethrower|p2a: Mudsdale
|-damage|p2a: Mudsdale|52/100
|-ability|p2a: Mudsdale|Stamina|boost
|-boost|p2a: Mudsdale|def|1
|move|p2a: Mudsdale|Body Press|p1a: Moltres
|-resisted|p1a: Moltres
|-damage|p1a: Moltres|54/100
|-status|p2a: Mudsdale|brn|[from] ability: Flame Body|[of] p1a: Moltres
|
|-heal|p2a: Mudsdale|58/100 brn|[from] item: Leftovers
|-damage|p2a: Mudsdale|52/100 brn|[from] brn
|upkeep
|turn|10
|
|t:|1779669441
|move|p1a: Moltres|Roost|p1a: Moltres
|-heal|p1a: Moltres|100/100
|-singleturn|p1a: Moltres|move: Roost
|move|p2a: Mudsdale|Body Press|p1a: Moltres
|-damage|p1a: Moltres|83/100
|
|-heal|p2a: Mudsdale|58/100 brn|[from] item: Leftovers
|-damage|p2a: Mudsdale|52/100 brn|[from] brn
|upkeep
|turn|11
|
|t:|1779669450
|move|p1a: Moltres|Flamethrower|p2a: Mudsdale
|-crit|p2a: Mudsdale
|-damage|p2a: Mudsdale|0 fnt
|faint|p2a: Mudsdale
|
|upkeep
|
|t:|1779669458
|switch|p2a: Empoleon|Empoleon, M|74/100
|turn|12
|
|t:|1779669465
|move|p1a: Moltres|U-turn|p2a: Empoleon
|-resisted|p2a: Empoleon
|-damage|p2a: Empoleon|65/100
|
|t:|1779669467
|switch|p1a: Chansey|Chansey, F|71/100|[from] U-turn
|-damage|p1a: Chansey|59/100|[from] Stealth Rock
|move|p2a: Empoleon|Surf|p1a: Chansey
|-damage|p1a: Chansey|45/100
|
|-heal|p2a: Empoleon|71/100|[from] item: Leftovers
|upkeep
|turn|13
|
|t:|1779669475
|switch|p2a: Espeon|Espeon, M|100/100
|move|p1a: Chansey|Soft-Boiled|p1a: Chansey
|-heal|p1a: Chansey|95/100
|
|upkeep
|turn|14
|
|t:|1779669479
|move|p2a: Espeon|Psychic Noise|p1a: Chansey
|-damage|p1a: Chansey|83/100
|-start|p1a: Chansey|move: Heal Block
|move|p1a: Chansey|Seismic Toss|p2a: Espeon
|-damage|p2a: Espeon|64/100
|
|upkeep
|turn|15
|
|t:|1779669487
|move|p2a: Espeon|Draining Kiss|p1a: Chansey
|-damage|p1a: Chansey|78/100
|-heal|p2a: Espeon|74/100|[from] drain|[of] p1a: Chansey
|move|p1a: Chansey|Seismic Toss|p2a: Espeon
|-damage|p2a: Espeon|37/100
|
|-end|p1a: Chansey|move: Heal Block
|upkeep
|turn|16
|-message|chrovalis forfeited.
|
|win|Exeggy
|raw|Exeggy's rating: 1155 &rarr; <strong>1180</strong><br />(+25 for winning)
|raw|chrovalis's rating: 1161 &rarr; <strong>1136</strong><br />(-25 for losing)
|l|☆chrovalis
|player|p2|
|l|☆Exeggy
|player|p1|
