|j|☆ikthoizzykil
|j|☆ilikemyfishwalking
|t:|1779666200
|gametype|singles
|player|p1|ikthoizzykil|pokemaniac-gen3rs|1421
|player|p2|ilikemyfishwalking|emmet|1401
|gen|9
|tier|[Gen 9] OU
|rated|
|rule|HP Percentage Mod: HP is shown in percentages
|rule|Endless Battle Clause: Forcing endless battles is banned
|rule|Species Clause: Limit one of each Pokémon
|rule|OHKO Clause: OHKO moves are banned
|rule|Evasion Items Clause: Evasion items are banned
|rule|Evasion Moves Clause: Evasion moves are banned
|rule|Evasion Abilities Clause: Evasion abilities are banned
|rule|Sleep Moves Clause: Sleep-inducing moves are banned
|clearpoke
|poke|p1|Slaking, M|
|poke|p1|Rillaboom, M|
|poke|p1|Alomomola, M|
|poke|p1|Ting-Lu|
|poke|p1|Corviknight, F|
|poke|p1|Skeledirge, M|
|poke|p2|Iron Valiant|
|poke|p2|Great Tusk|
|poke|p2|Dragonite, M|
|poke|p2|Deoxys-Speed|
|poke|p2|Moltres-Galar|
|poke|p2|Rillaboom, M|
|teampreview
|inactive|Battle timer is ON: inactive players will automatically lose when time's up. (requested by ikthoizzykil)
|
|t:|1779666219
|teamsize|p1|6
|teamsize|p2|6
|start
|switch|p1a: Slaking|Slaking, M|100/100
|switch|p2a: Deoxys|Deoxys-Speed|100/100
|-ability|p2a: Deoxys|Pressure
|turn|1
|
|t:|1779666226
|move|p2a: Deoxys|Reflect|p2a: Deoxys
|-sidestart|p2: ilikemyfishwalking|Reflect
|move|p1a: Slaking|Knock Off|p2a: Deoxys
|-supereffective|p2a: Deoxys
|-damage|p2a: Deoxys|53/100
|-enditem|p2a: Deoxys|Light Clay|[from] move: Knock Off|[of] p1a: Slaking
|
|upkeep
|turn|2
|
|t:|1779666233
|switch|p1a: Corviknight|Corviknight, F|100/100
|-ability|p1a: Corviknight|Pressure
|move|p2a: Deoxys|Light Screen|p2a: Deoxys
|-sidestart|p2: ilikemyfishwalking|move: Light Screen
|
|upkeep
|turn|3
|
|t:|1779666245
|move|p2a: Deoxys|Taunt|p1a: Corviknight
|-start|p1a: Corviknight|move: Taunt
|cant|p1a: Corviknight|move: Taunt|Defog
|
|upkeep
|turn|4
|
|t:|1779666250
|switch|p2a: Moltres|Moltres-Galar|100/100
|move|p1a: Corviknight|U-turn|p2a: Moltres
|-damage|p2a: Moltres|92/100
|
|t:|1779666255
|switch|p1a: Slaking|Slaking, M|100/100|[from] U-turn
|
|upkeep
|turn|5
|
|t:|1779666261
|move|p2a: Moltres|Agility|p2a: Moltres
|-boost|p2a: Moltres|spe|2
|move|p1a: Slaking|Body Slam|p2a: Moltres
|-damage|p2a: Moltres|64/100
|
|upkeep
|turn|6
|
|t:|1779666267
|move|p2a: Moltres|Nasty Plot|p2a: Moltres
|-boost|p2a: Moltres|spa|2
|cant|p1a: Slaking|ability: Truant
|
|-sideend|p2: ilikemyfishwalking|move: Light Screen
|upkeep
|turn|7
|
|t:|1779666273
|move|p2a: Moltres|Hurricane|p1a: Slaking|[miss]
|-miss|p2a: Moltres|p1a: Slaking
|move|p1a: Slaking|Body Slam|p2a: Moltres
|-damage|p2a: Moltres|35/100
|-ability|p2a: Moltres|Berserk|boost
|-boost|p2a: Moltres|spa|1
|-enditem|p2a: Moltres|Sitrus Berry|[eat]
|-heal|p2a: Moltres|60/100|[from] item: Sitrus Berry
|
|upkeep
|turn|8
|
|t:|1779666282
|switch|p1a: Skeledirge|Skeledirge, M|100/100
|move|p2a: Moltres|Fiery Wrath|p1a: Skeledirge
|-supereffective|p1a: Skeledirge
|-damage|p1a: Skeledirge|39/100
|
|-sideend|p2: ilikemyfishwalking|Reflect
|upkeep
|turn|9
|
|t:|1779666288
|switch|p1a: Slaking|Slaking, M|100/100
|move|p2a: Moltres|Fiery Wrath|p1a: Slaking
|-damage|p1a: Slaking|49/100
|
|upkeep
|turn|10
|
|t:|1779666294
|switch|p1a: Ting-Lu|Ting-Lu|100/100
|-ability|p1a: Ting-Lu|Vessel of Ruin
|move|p2a: Moltres|Fiery Wrath|p1a: Ting-Lu
|-resisted|p1a: Ting-Lu
|-damage|p1a: Ting-Lu|75/100
|
|-heal|p1a: Ting-Lu|81/100|[from] item: Leftovers
|upkeep
|turn|11
|
|t:|1779666302
|move|p2a: Moltres|Hurricane|p1a: Ting-Lu|[miss]
|-miss|p2a: Moltres|p1a: Ting-Lu
|move|p1a: Ting-Lu|Whirlwind|p2a: Moltres
|drag|p2a: Great Tusk|Great Tusk|100/100
|-enditem|p2a: Great Tusk|Booster Energy
|-activate|p2a: Great Tusk|ability: Protosynthesis|[fromitem]
|-start|p2a: Great Tusk|protosynthesisspe
|
|-heal|p1a: Ting-Lu|87/100|[from] item: Leftovers
|upkeep
|turn|12
|
|t:|1779666311
|switch|p1a: Alomomola|Alomomola, M|100/100
|move|p2a: Great Tusk|Close Combat|p1a: Alomomola
|-damage|p1a: Alomomola|72/100
|-unboost|p2a: Great Tusk|def|1
|-unboost|p2a: Great Tusk|spd|1
|
|upkeep
|turn|13
|
|t:|1779666320
|-end|p2a: Great Tusk|Protosynthesis|[silent]
|switch|p2a: Rillaboom|Rillaboom, M|100/100
|-fieldstart|move: Grassy Terrain|[from] ability: Grassy Surge|[of] p2a: Rillaboom
|move|p1a: Alomomola|Wish|p1a: Alomomola
|
|-heal|p1a: Alomomola|78/100|[from] Grassy Terrain
|upkeep
|turn|14
|
|t:|1779666327
|switch|p1a: Corviknight|Corviknight, F|100/100
|-ability|p1a: Corviknight|Pressure
|move|p2a: Rillaboom|Swords Dance|p2a: Rillaboom
|-boost|p2a: Rillaboom|atk|2
|
|upkeep
|turn|15
|
|t:|1779666335
|move|p2a: Rillaboom|Knock Off|p1a: Corviknight
|-damage|p1a: Corviknight|43/100
|-damage|p2a: Rillaboom|84/100|[from] item: Rocky Helmet|[of] p1a: Corviknight
|-enditem|p1a: Corviknight|Rocky Helmet|[from] move: Knock Off|[of] p2a: Rillaboom
|-damage|p2a: Rillaboom|74/100|[from] item: Life Orb
|move|p1a: Corviknight|U-turn|p2a: Rillaboom
|-supereffective|p2a: Rillaboom
|-damage|p2a: Rillaboom|40/100
|
|t:|1779666352
|switch|p1a: Rillaboom|Rillaboom, M|100/100|[from] U-turn
|
|-heal|p2a: Rillaboom|46/100|[from] Grassy Terrain
|upkeep
|turn|16
|
|t:|1779666359
|move|p2a: Rillaboom|Knock Off|p1a: Rillaboom
|-damage|p1a: Rillaboom|22/100
|-enditem|p1a: Rillaboom|Life Orb|[from] move: Knock Off|[of] p2a: Rillaboom
|-damage|p2a: Rillaboom|36/100|[from] item: Life Orb
|move|p1a: Rillaboom|U-turn|p2a: Rillaboom
|-supereffective|p2a: Rillaboom
|-damage|p2a: Rillaboom|0 fnt
|faint|p2a: Rillaboom
|
|t:|1779666367
|switch|p1a: Alomomola|Alomomola, M|100/100|[from] U-turn
|
|upkeep
|
|t:|1779666373
|switch|p2a: Deoxys|Deoxys-Speed|53/100
|-ability|p2a: Deoxys|Pressure
|turn|17
|
|t:|1779666377
|move|p2a: Deoxys|Taunt|p1a: Alomomola
|-start|p1a: Alomomola|move: Taunt
|move|p1a: Alomomola|Flip Turn|p2a: Deoxys
|-damage|p2a: Deoxys|32/100
|
|t:|1779666383
|switch|p1a: Skeledirge|Skeledirge, M|39/100|[from] Flip Turn
|
|-heal|p2a: Deoxys|38/100|[from] Grassy Terrain
|-heal|p1a: Skeledirge|45/100|[from] Grassy Terrain
|-fieldend|move: Grassy Terrain
|upkeep
|turn|18
|
|t:|1779666389
|move|p2a: Deoxys|Light Screen|p2a: Deoxys
|-sidestart|p2: ilikemyfishwalking|move: Light Screen
|move|p1a: Skeledirge|Slack Off|p1a: Skeledirge
|-heal|p1a: Skeledirge|95/100
|
|upkeep
|turn|19
|
|t:|1779666393
|move|p2a: Deoxys|Reflect|p2a: Deoxys
|-sidestart|p2: ilikemyfishwalking|Reflect
|move|p1a: Skeledirge|Torch Song|p2a: Deoxys
|-damage|p2a: Deoxys|21/100
|-boost|p1a: Skeledirge|spa|1
|
|upkeep
|turn|20
|
|t:|1779666398
|switch|p2a: Dragonite|Dragonite, M|100/100
|move|p1a: Skeledirge|Torch Song|p2a: Dragonite
|-resisted|p2a: Dragonite
|-damage|p2a: Dragonite|95/100
|-boost|p1a: Skeledirge|spa|1
|
|upkeep
|turn|21
|
|t:|1779666405
|move|p2a: Dragonite|Dragon Dance|p2a: Dragonite
|-boost|p2a: Dragonite|atk|1
|-boost|p2a: Dragonite|spe|1
|move|p1a: Skeledirge|Will-O-Wisp|p2a: Dragonite
|-status|p2a: Dragonite|brn
|
|-damage|p2a: Dragonite|88/100 brn|[from] brn
|upkeep
|turn|22
|-message|ilikemyfishwalking forfeited.
|
|win|ikthoizzykil
|raw|ikthoizzykil's rating: 1421 &rarr; <strong>1440</strong><br />(+19 for winning)
|raw|ilikemyfishwalking's rating: 1401 &rarr; <strong>1382</strong><br />(-19 for losing)
|l|☆ilikemyfishwalking
|player|p2|
