|j|☆Jihyo'sHusband
|j|☆vaxanon
|t:|1779710774
|gametype|singles
|player|p1|Jihyo'sHusband|266|1239
|player|p2|vaxanon|169|1215
|gen|9
|tier|[Gen 9] OU
|rated|
|rule|HP Percentage Mod: HP is shown in percentages
|rule|Endless Battle Clause: Forcing endless battles is banned
|rule|Species Clause: Limit one of each Pokémon
|rule|OHKO Clause: OHKO moves are banned
|rule|Evasion Items Clause: Evasion items are banned
|rule|Evasion Moves Clause: Evasion moves are banned
|rule|Evasion Abilities Clause: Evasion abilities are banned
|rule|Sleep Moves Clause: Sleep-inducing moves are banned
|clearpoke
|poke|p1|Iron Moth|
|poke|p1|Gholdengo|
|poke|p1|Araquanid, F|
|poke|p1|Zapdos-Galar|
|poke|p1|Garchomp, M|
|poke|p1|Corviknight, F|
|poke|p2|Meowscarada, F|
|poke|p2|Gastrodon-East, M|
|poke|p2|Ambipom, M|
|poke|p2|Cinderace, M|
|poke|p2|Whimsicott, F|
|poke|p2|Sableye, F|
|teampreview
|inactive|Battle timer is ON: inactive players will automatically lose when time's up. (requested by vaxanon)
|
|t:|1779710784
|teamsize|p1|6
|teamsize|p2|6
|start
|switch|p1a: Zapdos|Zapdos-Galar|100/100
|switch|p2a: Ambipom|Ambipom, M, shiny|100/100
|turn|1
|
|t:|1779710790
|switch|p1a: Corviknight|Corviknight, F|100/100
|-ability|p1a: Corviknight|Pressure
|-terastallize|p2a: Ambipom|Normal
|move|p2a: Ambipom|Fake Out|p1a: Corviknight
|-resisted|p1a: Corviknight
|-damage|p1a: Corviknight|88/100
|-damage|p2a: Ambipom|84/100|[from] item: Rocky Helmet|[of] p1a: Corviknight
|
|upkeep
|turn|2
|
|t:|1779710805
|move|p2a: Ambipom|Knock Off|p1a: Corviknight
|-damage|p1a: Corviknight|73/100
|-damage|p2a: Ambipom|68/100|[from] item: Rocky Helmet|[of] p1a: Corviknight
|-enditem|p1a: Corviknight|Rocky Helmet|[from] move: Knock Off|[of] p2a: Ambipom
|move|p1a: Corviknight|U-turn|p2a: Ambipom
|-damage|p2a: Ambipom|44/100
|
|t:|1779710813
|switch|p1a: Zapdos|Zapdos-Galar|100/100|[from] U-turn
|
|upkeep
|turn|3
|
|t:|1779710832
|move|p2a: Ambipom|U-turn|p1a: Zapdos
|-resisted|p1a: Zapdos
|-damage|p1a: Zapdos|95/100
|
|t:|1779710837
|switch|p2a: Sableye|Sableye, F|100/100|[from] U-turn
|move|p1a: Zapdos|U-turn|p2a: Sableye
|-damage|p2a: Sableye|57/100
|
|t:|1779710842
|switch|p1a: Gholdengo|Gholdengo|100/100|[from] U-turn
|-item|p1a: Gholdengo|Air Balloon
|
|-heal|p2a: Sableye|63/100|[from] item: Leftovers
|upkeep
|turn|4
|
|t:|1779710849
|move|p1a: Gholdengo|Thunder Wave|p2a: Sableye
|-status|p2a: Sableye|par
|move|p2a: Sableye|Knock Off|p1a: Gholdengo
|-supereffective|p1a: Gholdengo
|-damage|p1a: Gholdengo|51/100
|-enditem|p1a: Gholdengo|Air Balloon
|
|-heal|p2a: Sableye|69/100 par|[from] item: Leftovers
|upkeep
|turn|5
|
|t:|1779710858
|move|p2a: Sableye|Encore|p1a: Gholdengo
|-immune|p1a: Gholdengo|[from] ability: Good as Gold
|move|p1a: Gholdengo|Hex|p2a: Sableye
|-damage|p2a: Sableye|0 fnt
|faint|p2a: Sableye
|
|upkeep
|
|t:|1779710870
|switch|p2a: Meowscarada|Meowscarada, F, shiny|100/100
|turn|6
|
|t:|1779710875
|switch|p1a: Corviknight|Corviknight, F|73/100
|-ability|p1a: Corviknight|Pressure
|move|p2a: Meowscarada|Knock Off|p1a: Corviknight
|-start|p2a: Meowscarada|typechange|Dark|[from] ability: Protean
|-damage|p1a: Corviknight|54/100
|
|upkeep
|turn|7
|
|t:|1779710887
|switch|p2a: Gastrodon|Gastrodon-East, M|100/100
|move|p1a: Corviknight|U-turn|p2a: Gastrodon
|-damage|p2a: Gastrodon|89/100
|-damage|p1a: Corviknight|37/100|[from] item: Rocky Helmet|[of] p2a: Gastrodon
|
|t:|1779710891
|switch|p1a: Araquanid|Araquanid, F|100/100|[from] U-turn
|
|upkeep
|turn|8
|
|t:|1779710899
|move|p1a: Araquanid|Sticky Web|p2a: Gastrodon
|-sidestart|p2: vaxanon|move: Sticky Web
|move|p2a: Gastrodon|Chilling Water|p1a: Araquanid
|-resisted|p1a: Araquanid
|-damage|p1a: Araquanid|96/100
|-unboost|p1a: Araquanid|atk|1
|
|upkeep
|turn|9
|
|t:|1779710904
|move|p2a: Gastrodon|Chilling Water|p1a: Araquanid
|-resisted|p1a: Araquanid
|-damage|p1a: Araquanid|91/100
|-unboost|p1a: Araquanid|atk|1
|move|p1a: Araquanid|Mirror Coat|p2a: Gastrodon
|-damage|p2a: Gastrodon|81/100
|
|upkeep
|turn|10
|
|t:|1779710917
|switch|p1a: Iron Moth|Iron Moth|100/100
|-enditem|p1a: Iron Moth|Booster Energy
|-activate|p1a: Iron Moth|ability: Quark Drive|[fromitem]
|-start|p1a: Iron Moth|quarkdrivespa
|move|p2a: Gastrodon|Chilling Water|p1a: Iron Moth
|-supereffective|p1a: Iron Moth
|-damage|p1a: Iron Moth|69/100
|-unboost|p1a: Iron Moth|atk|1
|
|upkeep
|turn|11
|
|t:|1779710931
|switch|p2a: Cinderace|Cinderace, M, shiny|100/100
|move|p1a: Iron Moth|Energy Ball|p2a: Cinderace
|-resisted|p2a: Cinderace
|-damage|p2a: Cinderace|72/100
|
|upkeep
|turn|12
|
|t:|1779710943
|move|p2a: Cinderace|Pyro Ball|p1a: Iron Moth
|-resisted|p1a: Iron Moth
|-damage|p1a: Iron Moth|18/100
|move|p1a: Iron Moth|Fiery Dance|p2a: Cinderace
|-resisted|p2a: Cinderace
|-damage|p2a: Cinderace|32/100
|
|upkeep
|turn|13
|
|t:|1779710950
|-end|p1a: Iron Moth|Quark Drive|[silent]
|switch|p1a: Araquanid|Araquanid, F|91/100
|move|p2a: Cinderace|Pyro Ball|p1a: Araquanid
|-damage|p1a: Araquanid|59/100
|
|upkeep
|turn|14
|
|t:|1779710957
|move|p2a: Cinderace|U-turn|p1a: Araquanid
|-start|p2a: Cinderace|typechange|Bug|[from] ability: Libero
|-damage|p1a: Araquanid|20/100
|
|t:|1779710962
|switch|p2a: Gastrodon|Gastrodon-East, M|81/100|[from] U-turn
|-activate|p2a: Gastrodon|move: Sticky Web
|-unboost|p2a: Gastrodon|spe|1
|move|p1a: Araquanid|Surf|p2a: Gastrodon
|-ability|p2a: Gastrodon|Storm Drain|boost
|-boost|p2a: Gastrodon|spa|1
|
|upkeep
|turn|15
|
|t:|1779710971
|switch|p1a: Gholdengo|Gholdengo|51/100
|move|p2a: Gastrodon|Earth Power|p1a: Gholdengo
|-supereffective|p1a: Gholdengo
|-damage|p1a: Gholdengo|0 fnt
|faint|p1a: Gholdengo
|
|upkeep
|
|t:|1779710979
|switch|p1a: Iron Moth|Iron Moth|18/100
|turn|16
|
|t:|1779710987
|switch|p2a: Cinderace|Cinderace, M, shiny|32/100
|move|p1a: Iron Moth|Energy Ball|p2a: Cinderace
|-resisted|p2a: Cinderace
|-damage|p2a: Cinderace|10/100
|
|upkeep
|turn|17
|
|t:|1779710997
|-end|p1a: Iron Moth|Quark Drive|[silent]
|switch|p1a: Araquanid|Araquanid, F|20/100
|move|p2a: Cinderace|Pyro Ball|p1a: Araquanid
|-damage|p1a: Araquanid|0 fnt
|faint|p1a: Araquanid
|
|upkeep
|
|t:|1779711005
|switch|p1a: Zapdos|Zapdos-Galar|95/100
|turn|18
|
|t:|1779711010
|move|p2a: Cinderace|Court Change|p2a: Cinderace
|-start|p2a: Cinderace|typechange|Normal|[from] ability: Libero
|-swapsideconditions
|-activate|p2a: Cinderace|move: Court Change
|move|p1a: Zapdos|Knock Off|p2a: Cinderace
|-crit|p2a: Cinderace
|-damage|p2a: Cinderace|0 fnt
|-enditem|p2a: Cinderace|Heavy-Duty Boots|[from] move: Knock Off|[of] p1a: Zapdos
|faint|p2a: Cinderace
|
|upkeep
|
|t:|1779711021
|switch|p2a: Ambipom|Ambipom, M, shiny, tera:Normal|44/100
|turn|19
|
|t:|1779711025
|switch|p1a: Corviknight|Corviknight, F|37/100
|-ability|p1a: Corviknight|Pressure
|move|p2a: Ambipom|Fake Out|p1a: Corviknight
|-resisted|p1a: Corviknight
|-damage|p1a: Corviknight|25/100
|
|upkeep
|turn|20
|
|t:|1779711032
|move|p2a: Ambipom|Double Hit|p1a: Corviknight
|-resisted|p1a: Corviknight
|-damage|p1a: Corviknight|14/100
|-resisted|p1a: Corviknight
|-damage|p1a: Corviknight|2/100
|-hitcount|p1a: Corviknight|2
|move|p1a: Corviknight|Roost|p1a: Corviknight
|-heal|p1a: Corviknight|52/100
|-singleturn|p1a: Corviknight|move: Roost
|
|upkeep
|turn|21
|
|t:|1779711041
|move|p2a: Ambipom|U-turn|p1a: Corviknight
|-resisted|p1a: Corviknight
|-damage|p1a: Corviknight|49/100
|
|t:|1779711046
|switch|p2a: Gastrodon|Gastrodon-East, M|81/100|[from] U-turn
|move|p1a: Corviknight|Defog|p2a: Gastrodon
|-unboost|p2a: Gastrodon|evasion|1
|-sideend|p1: Jihyo'sHusband|Sticky Web|[from] move: Defog|[of] p1a: Corviknight
|
|upkeep
|turn|22
|
|t:|1779711054
|move|p1a: Corviknight|Roost|p1a: Corviknight
|-heal|p1a: Corviknight|99/100
|-singleturn|p1a: Corviknight|move: Roost
|move|p2a: Gastrodon|Chilling Water|p1a: Corviknight
|-damage|p1a: Corviknight|84/100
|-unboost|p1a: Corviknight|atk|1
|
|upkeep
|turn|23
|
|t:|1779711061
|move|p1a: Corviknight|Brave Bird|p2a: Gastrodon
|-damage|p2a: Gastrodon|62/100
|-damage|p1a: Corviknight|68/100|[from] item: Rocky Helmet|[of] p2a: Gastrodon
|-damage|p1a: Corviknight|61/100|[from] Recoil
|move|p2a: Gastrodon|Chilling Water|p1a: Corviknight
|-damage|p1a: Corviknight|46/100
|-unboost|p1a: Corviknight|atk|1
|
|upkeep
|turn|24
|
|t:|1779711069
|move|p1a: Corviknight|U-turn|p2a: Gastrodon
|-damage|p2a: Gastrodon|56/100
|-damage|p1a: Corviknight|29/100|[from] item: Rocky Helmet|[of] p2a: Gastrodon
|
|t:|1779711075
|switch|p1a: Garchomp|Garchomp, M|100/100|[from] U-turn
|move|p2a: Gastrodon|Recover|p2a: Gastrodon
|-heal|p2a: Gastrodon|100/100
|
|upkeep
|turn|25
|
|t:|1779711081
|move|p1a: Garchomp|Swords Dance|p1a: Garchomp
|-boost|p1a: Garchomp|atk|2
|move|p2a: Gastrodon|Ice Beam|p1a: Garchomp
|-supereffective|p1a: Garchomp
|-damage|p1a: Garchomp|11/100
|
|upkeep
|turn|26
|
|t:|1779711090
|move|p1a: Garchomp|Earthquake|p2a: Gastrodon
|-damage|p2a: Gastrodon|27/100
|move|p2a: Gastrodon|Ice Beam|p1a: Garchomp
|-supereffective|p1a: Garchomp
|-damage|p1a: Garchomp|0 fnt
|faint|p1a: Garchomp
|
|upkeep
|
|t:|1779711094
|switch|p1a: Iron Moth|Iron Moth|18/100
|turn|27
|c|☆vaxanon|aww poor guy
|
|t:|1779711110
|switch|p2a: Whimsicott|Whimsicott, F|100/100
|move|p1a: Iron Moth|Energy Ball|p2a: Whimsicott
|-resisted|p2a: Whimsicott
|-damage|p2a: Whimsicott|77/100
|
|upkeep
|turn|28
|
|t:|1779711119
|move|p2a: Whimsicott|Encore|p1a: Iron Moth
|-start|p1a: Iron Moth|Encore
|move|p1a: Iron Moth|Energy Ball|p2a: Whimsicott
|-resisted|p2a: Whimsicott
|-damage|p2a: Whimsicott|56/100
|
|upkeep
|turn|29
|
|t:|1779711125
|-end|p1a: Iron Moth|Quark Drive|[silent]
|switch|p1a: Corviknight|Corviknight, F|29/100
|-ability|p1a: Corviknight|Pressure
|switch|p2a: Ambipom|Ambipom, M, shiny, tera:Normal|44/100
|
|upkeep
|turn|30
|
|t:|1779711132
|move|p2a: Ambipom|Fake Out|p1a: Corviknight
|-resisted|p1a: Corviknight
|-damage|p1a: Corviknight|17/100
|cant|p1a: Corviknight|flinch
|
|upkeep
|turn|31
|
|t:|1779711138
|move|p2a: Ambipom|Double Hit|p1a: Corviknight
|-resisted|p1a: Corviknight
|-damage|p1a: Corviknight|6/100
|-resisted|p1a: Corviknight
|-damage|p1a: Corviknight|0 fnt
|faint|p1a: Corviknight
|-hitcount|p1: Corviknight|2
|
|upkeep
|
|t:|1779711141
|switch|p1a: Zapdos|Zapdos-Galar|95/100
|turn|32
|
|t:|1779711148
|-terastallize|p1a: Zapdos|Flying
|move|p2a: Ambipom|U-turn|p1a: Zapdos
|-resisted|p1a: Zapdos
|-damage|p1a: Zapdos|83/100
|
|t:|1779711155
|switch|p2a: Gastrodon|Gastrodon-East, M|27/100|[from] U-turn
|move|p1a: Zapdos|Brave Bird|p2a: Gastrodon
|-damage|p2a: Gastrodon|0 fnt
|-damage|p1a: Zapdos|66/100|[from] item: Rocky Helmet|[of] p2a: Gastrodon
|faint|p2a: Gastrodon
|-damage|p1a: Zapdos|55/100|[from] Recoil
|
|upkeep
|
|t:|1779711164
|switch|p2a: Ambipom|Ambipom, M, shiny, tera:Normal|44/100
|turn|33
|
|t:|1779711168
|move|p2a: Ambipom|Fake Out|p1a: Zapdos
|-damage|p1a: Zapdos|8/100
|cant|p1a: Zapdos|flinch
|
|upkeep
|turn|34
|
|t:|1779711173
|move|p2a: Ambipom|U-turn|p1a: Zapdos
|-resisted|p1a: Zapdos
|-damage|p1a: Zapdos|0 fnt
|faint|p1a: Zapdos
|
|t:|1779711178
|switch|p2a: Meowscarada|Meowscarada, F, shiny|100/100|[from] U-turn
|
|upkeep
|-message|Jihyo'sHusband forfeited.
|
|win|vaxanon
|raw|Jihyo&apos;sHusband's rating: 1239 &rarr; <strong>1212</strong><br />(-27 for losing)
|raw|vaxanon's rating: 1215 &rarr; <strong>1242</strong><br />(+27 for winning)
|l|☆Jihyo'sHusband
|player|p1|
|l|☆vaxanon
|player|p2|
