|j|☆bomberr
|j|☆cheatoh
|t:|1779684185
|gametype|singles
|player|p1|bomberr|101|1516
|player|p2|cheatoh|266|1491
|gen|9
|tier|[Gen 9] OU
|rated|
|rule|HP Percentage Mod: HP is shown in percentages
|rule|Endless Battle Clause: Forcing endless battles is banned
|rule|Species Clause: Limit one of each Pokémon
|rule|OHKO Clause: OHKO moves are banned
|rule|Evasion Items Clause: Evasion items are banned
|rule|Evasion Moves Clause: Evasion moves are banned
|rule|Evasion Abilities Clause: Evasion abilities are banned
|rule|Sleep Moves Clause: Sleep-inducing moves are banned
|clearpoke
|poke|p1|Kingambit, F|
|poke|p1|Zamazenta-*|
|poke|p1|Ninetales-Alola, F|
|poke|p1|Tornadus-Therian, M|
|poke|p1|Iron Moth|
|poke|p1|Kyurem|
|poke|p2|Tyranitar, M|
|poke|p2|Excadrill, M|
|poke|p2|Iron Valiant|
|poke|p2|Zapdos|
|poke|p2|Ogerpon, F|
|poke|p2|Toxapex, M|
|teampreview
|inactive|Battle timer is ON: inactive players will automatically lose when time's up. (requested by bomberr)
|
|t:|1779684220
|teamsize|p1|6
|teamsize|p2|6
|start
|switch|p1a: Tornadus|Tornadus-Therian, M|100/100
|switch|p2a: Tyranitar|Tyranitar, M, shiny|100/100
|-weather|Sandstorm|[from] ability: Sand Stream|[of] p2a: Tyranitar
|turn|1
|
|t:|1779684229
|move|p1a: Tornadus|Taunt|p2a: Tyranitar
|-start|p2a: Tyranitar|move: Taunt
|move|p2a: Tyranitar|Knock Off|p1a: Tornadus
|-crit|p1a: Tornadus
|-damage|p1a: Tornadus|11/100
|-enditem|p1a: Tornadus|Heavy-Duty Boots|[from] move: Knock Off|[of] p2a: Tyranitar
|
|-weather|Sandstorm|[upkeep]
|-damage|p1a: Tornadus|5/100|[from] Sandstorm
|upkeep
|turn|2
|
|t:|1779684241
|move|p1a: Tornadus|U-turn|p2a: Tyranitar
|-supereffective|p2a: Tyranitar
|-damage|p2a: Tyranitar|72/100
|
|t:|1779684244
|switch|p1a: Ninetales|Ninetales-Alola, F, shiny|100/100|[from] U-turn
|-weather|Snowscape|[from] ability: Snow Warning|[of] p1a: Ninetales
|move|p2a: Tyranitar|Knock Off|p1a: Ninetales
|-resisted|p1a: Ninetales
|-damage|p1a: Ninetales|77/100
|-enditem|p1a: Ninetales|Light Clay|[from] move: Knock Off|[of] p2a: Tyranitar
|
|-weather|Snowscape|[upkeep]
|upkeep
|turn|3
|
|t:|1779684256
|switch|p2a: Toxapex|Toxapex, M, shiny|100/100
|move|p1a: Ninetales|Aurora Veil|p1a: Ninetales
|-sidestart|p1: bomberr|move: Aurora Veil
|
|-weather|Snowscape|[upkeep]
|upkeep
|turn|4
|
|t:|1779684264
|move|p1a: Ninetales|Freeze-Dry|p2a: Toxapex
|-supereffective|p2a: Toxapex
|-damage|p2a: Toxapex|72/100
|-enditem|p2a: Toxapex|Eject Button
|
|t:|1779684267
|switch|p2a: Tyranitar|Tyranitar, M, shiny|72/100
|-weather|Sandstorm|[from] ability: Sand Stream|[of] p2a: Tyranitar
|
|-weather|Sandstorm|[upkeep]
|-damage|p1a: Ninetales|71/100|[from] Sandstorm
|upkeep
|turn|5
|
|t:|1779684277
|move|p1a: Ninetales|Snowscape|p1a: Ninetales
|-weather|Snowscape
|move|p2a: Tyranitar|Stealth Rock|p1a: Ninetales
|-sidestart|p1: bomberr|move: Stealth Rock
|
|-weather|Snowscape|[upkeep]
|upkeep
|turn|6
|
|t:|1779684286
|switch|p2a: Toxapex|Toxapex, M, shiny|100/100
|move|p1a: Ninetales|Encore||[still]
|-fail|p1a: Ninetales
|
|-weather|Snowscape|[upkeep]
|upkeep
|turn|7
|
|t:|1779684291
|move|p1a: Ninetales|Freeze-Dry|p2a: Toxapex
|-supereffective|p2a: Toxapex
|-damage|p2a: Toxapex|71/100
|move|p2a: Toxapex|Toxic Spikes|p1a: Ninetales
|-sidestart|p1: bomberr|move: Toxic Spikes
|
|-weather|Snowscape|[upkeep]
|-sideend|p1: bomberr|move: Aurora Veil
|upkeep
|turn|8
|
|t:|1779684306
|switch|p2a: Tyranitar|Tyranitar, M, shiny|72/100
|-weather|Sandstorm|[from] ability: Sand Stream|[of] p2a: Tyranitar
|move|p1a: Ninetales|Freeze-Dry|p2a: Tyranitar
|-damage|p2a: Tyranitar|59/100
|
|-weather|Sandstorm|[upkeep]
|-damage|p1a: Ninetales|65/100|[from] Sandstorm
|upkeep
|turn|9
|
|t:|1779684315
|switch|p2a: Iron Valiant|Iron Valiant, shiny|100/100
|move|p1a: Ninetales|Snowscape|p1a: Ninetales
|-weather|Snowscape
|
|-weather|Snowscape|[upkeep]
|upkeep
|turn|10
|
|t:|1779684320
|move|p2a: Iron Valiant|Moonblast|p1a: Ninetales
|-damage|p1a: Ninetales|0 fnt
|faint|p1a: Ninetales
|
|-weather|Snowscape|[upkeep]
|upkeep
|
|t:|1779684326
|switch|p1a: Iron Moth|Iron Moth, shiny|100/100
|-damage|p1a: Iron Moth|75/100|[from] Stealth Rock
|-sideend|p1: bomberr|move: Toxic Spikes|[of] p1a: Iron Moth
|-enditem|p1a: Iron Moth|Booster Energy
|-activate|p1a: Iron Moth|ability: Quark Drive|[fromitem]
|-start|p1a: Iron Moth|quarkdrivespe
|turn|11
|
|t:|1779684338
|-end|p2a: Iron Valiant|Quark Drive|[silent]
|switch|p2a: Toxapex|Toxapex, M, shiny|100/100
|move|p1a: Iron Moth|Fiery Dance|p2a: Toxapex
|-resisted|p2a: Toxapex
|-damage|p2a: Toxapex|87/100
|
|-weather|Snowscape|[upkeep]
|upkeep
|turn|12
|
|t:|1779684346
|move|p1a: Iron Moth|Psychic|p2a: Toxapex
|-supereffective|p2a: Toxapex
|-damage|p2a: Toxapex|40/100
|move|p2a: Toxapex|Surf|p1a: Iron Moth
|-supereffective|p1a: Iron Moth
|-crit|p1a: Iron Moth
|-damage|p1a: Iron Moth|21/100
|
|-weather|Snowscape|[upkeep]
|upkeep
|turn|13
|
|t:|1779684354
|switch|p2a: Tyranitar|Tyranitar, M, shiny|59/100
|-weather|Sandstorm|[from] ability: Sand Stream|[of] p2a: Tyranitar
|move|p1a: Iron Moth|Psychic|p2a: Tyranitar
|-immune|p2a: Tyranitar
|
|-weather|Sandstorm|[upkeep]
|-damage|p1a: Iron Moth|15/100|[from] Sandstorm
|upkeep
|turn|14
|
|t:|1779684367
|switch|p2a: Toxapex|Toxapex, M, shiny|74/100
|move|p1a: Iron Moth|Energy Ball|p2a: Toxapex
|-damage|p2a: Toxapex|53/100
|
|-weather|Sandstorm|[upkeep]
|-damage|p1a: Iron Moth|9/100|[from] Sandstorm
|-damage|p2a: Toxapex|47/100|[from] Sandstorm
|upkeep
|turn|15
|
|t:|1779684377
|move|p1a: Iron Moth|Energy Ball|p2a: Toxapex
|-damage|p2a: Toxapex|26/100
|move|p2a: Toxapex|Recover|p2a: Toxapex
|-heal|p2a: Toxapex|76/100
|
|-weather|Sandstorm|[upkeep]
|-damage|p1a: Iron Moth|3/100|[from] Sandstorm
|-damage|p2a: Toxapex|70/100|[from] Sandstorm
|upkeep
|turn|16
|
|t:|1779684385
|move|p1a: Iron Moth|Energy Ball|p2a: Toxapex
|-damage|p2a: Toxapex|49/100
|-unboost|p2a: Toxapex|spd|1
|move|p2a: Toxapex|Recover|p2a: Toxapex
|-heal|p2a: Toxapex|99/100
|
|-weather|Sandstorm|[upkeep]
|-damage|p1a: Iron Moth|0 fnt|[from] Sandstorm
|-damage|p2a: Toxapex|94/100|[from] Sandstorm
|faint|p1a: Iron Moth
|-end|p1a: Iron Moth|Quark Drive|[silent]
|upkeep
|
|t:|1779684396
|switch|p1a: Tornadus|Tornadus-Therian, M|38/100
|-damage|p1a: Tornadus|13/100|[from] Stealth Rock
|turn|17
|
|t:|1779684399
|move|p1a: Tornadus|Knock Off|p2a: Toxapex
|-damage|p2a: Toxapex|84/100
|move|p2a: Toxapex|Surf|p1a: Tornadus
|-damage|p1a: Tornadus|0 fnt
|faint|p1a: Tornadus
|
|-weather|Sandstorm|[upkeep]
|-damage|p2a: Toxapex|78/100|[from] Sandstorm
|upkeep
|
|t:|1779684427
|switch|p1a: Kyurem|Kyurem, shiny|100/100
|-damage|p1a: Kyurem|75/100|[from] Stealth Rock
|-ability|p1a: Kyurem|Pressure
|turn|18
|
|t:|1779684445
|switch|p2a: Iron Valiant|Iron Valiant, shiny|100/100
|move|p1a: Kyurem|Earth Power|p2a: Iron Valiant
|-damage|p2a: Iron Valiant|39/100
|
|-weather|Sandstorm|[upkeep]
|-damage|p1a: Kyurem|69/100|[from] Sandstorm
|-damage|p2a: Iron Valiant|33/100|[from] Sandstorm
|upkeep
|turn|19
|
|t:|1779684454
|move|p1a: Kyurem|Earth Power|p2a: Iron Valiant
|-damage|p2a: Iron Valiant|0 fnt
|faint|p2a: Iron Valiant
|-end|p2a: Iron Valiant|Quark Drive|[silent]
|
|-weather|Sandstorm|[upkeep]
|-damage|p1a: Kyurem|63/100|[from] Sandstorm
|upkeep
|
|t:|1779684463
|switch|p2a: Zapdos|Zapdos, shiny|100/100
|turn|20
|
|t:|1779684469
|switch|p1a: Zamazenta|Zamazenta|100/100
|-damage|p1a: Zamazenta|94/100|[from] Stealth Rock
|-ability|p1a: Zamazenta|Dauntless Shield|boost
|-boost|p1a: Zamazenta|def|1
|move|p2a: Zapdos|Volt Switch|p1a: Zamazenta
|-damage|p1a: Zamazenta|67/100
|
|t:|1779684476
|switch|p2a: Toxapex|Toxapex, M, shiny|100/100|[from] Volt Switch
|
|-weather|none
|-heal|p1a: Zamazenta|73/100|[from] item: Leftovers
|upkeep
|turn|21
|
|t:|1779684483
|move|p1a: Zamazenta|Substitute|p1a: Zamazenta
|-start|p1a: Zamazenta|Substitute
|-damage|p1a: Zamazenta|48/100
|move|p2a: Toxapex|Toxic Spikes|p1a: Zamazenta
|-sidestart|p1: bomberr|move: Toxic Spikes
|
|-heal|p1a: Zamazenta|54/100|[from] item: Leftovers
|upkeep
|turn|22
|
|t:|1779684490
|move|p1a: Zamazenta|Iron Defense|p1a: Zamazenta
|-boost|p1a: Zamazenta|def|2
|move|p2a: Toxapex|Toxic Spikes|p1a: Zamazenta
|-sidestart|p1: bomberr|move: Toxic Spikes
|
|-heal|p1a: Zamazenta|61/100|[from] item: Leftovers
|upkeep
|turn|23
|
|t:|1779684496
|move|p1a: Zamazenta|Iron Defense|p1a: Zamazenta
|-boost|p1a: Zamazenta|def|2
|move|p2a: Toxapex|Haze|p2a: Toxapex
|-clearallboost
|
|-heal|p1a: Zamazenta|67/100|[from] item: Leftovers
|upkeep
|turn|24
|-message|bomberr forfeited.
|
|win|cheatoh
|raw|bomberr's rating: 1516 &rarr; <strong>1495</strong><br />(-21 for losing)
|raw|cheatoh's rating: 1491 &rarr; <strong>1512</strong><br />(+21 for winning)
|l|☆bomberr
|player|p1|
|l|☆cheatoh
|player|p2|
