|j|☆i have no id
|j|☆PikachuRTM
|t:|1779556634
|gametype|singles
|player|p1|i have no id|102|1435
|player|p2|PikachuRTM|lance|1443
|gen|9
|tier|[Gen 9] OU
|rated|
|rule|HP Percentage Mod: HP is shown in percentages
|rule|Endless Battle Clause: Forcing endless battles is banned
|rule|Species Clause: Limit one of each Pokémon
|rule|OHKO Clause: OHKO moves are banned
|rule|Evasion Items Clause: Evasion items are banned
|rule|Evasion Moves Clause: Evasion moves are banned
|rule|Evasion Abilities Clause: Evasion abilities are banned
|rule|Sleep Moves Clause: Sleep-inducing moves are banned
|clearpoke
|poke|p1|Torkoal, F|
|poke|p1|Walking Wake|
|poke|p1|Great Tusk|
|poke|p1|Hatterene, F|
|poke|p1|Slither Wing|
|poke|p1|Venusaur, M|
|poke|p2|Pikachu, M|
|poke|p2|Dragapult, M|
|poke|p2|Samurott-Hisui, M|
|poke|p2|Weezing-Galar, M|
|poke|p2|Corviknight, M|
|poke|p2|Landorus-Therian, M|
|teampreview
|
|t:|1779556656
|teamsize|p1|6
|teamsize|p2|6
|start
|switch|p1a: Torkoal|Torkoal, F|100/100
|switch|p2a: Sam|Samurott-Hisui, M|100/100
|-weather|SunnyDay|[from] ability: Drought|[of] p1a: Torkoal
|turn|1
|inactive|Battle timer is ON: inactive players will automatically lose when time's up. (requested by PikachuRTM)
|
|t:|1779556662
|move|p2a: Sam|Knock Off|p1a: Torkoal
|-damage|p1a: Torkoal|77/100
|-enditem|p1a: Torkoal|Heat Rock|[from] move: Knock Off|[of] p2a: Sam
|move|p1a: Torkoal|Rapid Spin|p2a: Sam
|-damage|p2a: Sam|90/100
|-boost|p1a: Torkoal|spe|1
|
|-weather|SunnyDay|[upkeep]
|upkeep
|turn|2
|
|t:|1779556670
|switch|p1a: Slither Wing|Slither Wing|100/100
|-activate|p1a: Slither Wing|ability: Protosynthesis
|-start|p1a: Slither Wing|protosynthesisatk
|move|p2a: Sam|Ceaseless Edge|p1a: Slither Wing
|-resisted|p1a: Slither Wing
|-damage|p1a: Slither Wing|72/100
|-sidestart|p1: i have no id|Spikes
|
|-weather|SunnyDay|[upkeep]
|upkeep
|turn|3
|
|t:|1779556686
|switch|p2a: Lando|Landorus-Therian, M|100/100
|-ability|p2a: Lando|Intimidate|boost
|-unboost|p1a: Slither Wing|atk|1
|move|p1a: Slither Wing|U-turn|p2a: Lando
|-resisted|p2a: Lando
|-damage|p2a: Lando|74/100
|
|t:|1779556692
|-end|p1a: Slither Wing|Protosynthesis|[silent]
|switch|p1a: Walking Wake|Walking Wake|100/100|[from] U-turn
|-damage|p1a: Walking Wake|88/100|[from] Spikes
|-activate|p1a: Walking Wake|ability: Protosynthesis
|-start|p1a: Walking Wake|protosynthesisspe
|
|-weather|SunnyDay|[upkeep]
|upkeep
|turn|4
|
|t:|1779556698
|-terastallize|p1a: Walking Wake|Water
|move|p1a: Walking Wake|Hydro Steam|p2a: Lando
|-supereffective|p2a: Lando
|-damage|p2a: Lando|0 fnt
|faint|p2a: Lando
|
|-weather|SunnyDay|[upkeep]
|upkeep
|
|t:|1779556704
|switch|p2a: Sam|Samurott-Hisui, M|90/100
|turn|5
|
|t:|1779556706
|move|p1a: Walking Wake|Hydro Steam|p2a: Sam
|-resisted|p2a: Sam
|-damage|p2a: Sam|50/100
|move|p2a: Sam|Ceaseless Edge|p1a: Walking Wake
|-damage|p1a: Walking Wake|39/100
|-sidestart|p1: i have no id|Spikes
|
|-weather|SunnyDay|[upkeep]
|upkeep
|turn|6
|
|t:|1779556715
|move|p1a: Walking Wake|Hydro Steam|p2a: Sam
|-resisted|p2a: Sam
|-damage|p2a: Sam|10/100
|move|p2a: Sam|Knock Off|p1a: Walking Wake
|-damage|p1a: Walking Wake|0 fnt
|-enditem|p1a: Walking Wake|Choice Specs|[from] move: Knock Off|[of] p2a: Sam
|faint|p1a: Walking Wake
|-end|p1a: Walking Wake|Protosynthesis|[silent]
|
|-weather|SunnyDay|[upkeep]
|upkeep
|
|t:|1779556719
|switch|p1a: Great Tusk|Great Tusk|100/100
|-damage|p1a: Great Tusk|84/100|[from] Spikes
|-activate|p1a: Great Tusk|ability: Protosynthesis
|-start|p1a: Great Tusk|protosynthesisatk
|turn|7
|
|t:|1779556725
|move|p1a: Great Tusk|Rapid Spin|p2a: Sam
|-damage|p2a: Sam|0 fnt
|-boost|p1a: Great Tusk|spe|1
|-sideend|p1: i have no id|Spikes|[from] move: Rapid Spin|[of] p1a: Great Tusk
|faint|p2a: Sam
|
|-weather|SunnyDay|[upkeep]
|upkeep
|
|t:|1779556736
|switch|p2a: Aegir|Corviknight, M|100/100
|-ability|p2a: Aegir|Pressure
|turn|8
|
|t:|1779556742
|-end|p1a: Great Tusk|Protosynthesis|[silent]
|switch|p1a: Hatterene|Hatterene, F|100/100
|switch|p2a: The Smoke|Weezing-Galar, M|100/100
|-ability|p2a: The Smoke|Neutralizing Gas
|
|-weather|none
|upkeep
|turn|9
|
|t:|1779556747
|move|p2a: The Smoke|Sludge Bomb|p1a: Hatterene
|-supereffective|p1a: Hatterene
|-damage|p1a: Hatterene|47/100
|-status|p1a: Hatterene|psn
|-enditem|p1a: Hatterene|Eject Button
|
|t:|1779556752
|switch|p1a: Torkoal|Torkoal, F|77/100
|
|upkeep
|turn|10
|
|t:|1779556756
|switch|p1a: Great Tusk|Great Tusk|84/100
|move|p2a: The Smoke|Sludge Bomb|p1a: Great Tusk
|-resisted|p1a: Great Tusk
|-damage|p1a: Great Tusk|64/100
|-status|p1a: Great Tusk|psn
|
|-damage|p1a: Great Tusk|52/100 psn|[from] psn
|upkeep
|turn|11
|
|t:|1779556771
|-end|p1a: Great Tusk|Protosynthesis|[silent]
|switch|p1a: Torkoal|Torkoal, F|77/100
|move|p2a: The Smoke|Sludge Bomb|p1a: Torkoal
|-damage|p1a: Torkoal|40/100
|
|upkeep
|turn|12
|
|t:|1779556775
|switch|p1a: Hatterene|Hatterene, F|47/100 psn
|move|p2a: The Smoke|Sludge Bomb|p1a: Hatterene
|-supereffective|p1a: Hatterene
|-damage|p1a: Hatterene|0 fnt
|faint|p1a: Hatterene
|
|upkeep
|
|t:|1779556777
|switch|p1a: Great Tusk|Great Tusk|52/100 psn
|turn|13
|
|t:|1779556784
|-end|p2a: The Smoke|ability: Neutralizing Gas
|switch|p2a: Aegir|Corviknight, M|100/100
|-enditem|p1a: Great Tusk|Booster Energy
|-activate|p1a: Great Tusk|ability: Protosynthesis|[fromitem]
|-start|p1a: Great Tusk|protosynthesisatk
|-ability|p2a: Aegir|Pressure
|move|p1a: Great Tusk|Headlong Rush|p2a: Aegir
|-immune|p2a: Aegir
|
|-damage|p1a: Great Tusk|39/100 psn|[from] psn
|upkeep
|turn|14
|
|t:|1779556795
|-end|p1a: Great Tusk|Protosynthesis|[silent]
|switch|p1a: Torkoal|Torkoal, F|40/100
|-weather|SunnyDay|[from] ability: Drought|[of] p1a: Torkoal
|move|p2a: Aegir|Bulk Up|p2a: Aegir
|-boost|p2a: Aegir|atk|1
|-boost|p2a: Aegir|def|1
|
|-weather|SunnyDay|[upkeep]
|upkeep
|turn|15
|
|t:|1779556802
|switch|p2a: The Smoke|Weezing-Galar, M|100/100
|-ability|p2a: The Smoke|Neutralizing Gas
|move|p1a: Torkoal|Lava Plume|p2a: The Smoke
|-damage|p2a: The Smoke|50/100
|-status|p2a: The Smoke|brn
|
|-weather|SunnyDay|[upkeep]
|-damage|p2a: The Smoke|44/100 brn|[from] brn
|upkeep
|turn|16
|
|t:|1779556806
|switch|p1a: Venusaur|Venusaur, M|100/100
|move|p2a: The Smoke|Sludge Bomb|p1a: Venusaur
|-damage|p1a: Venusaur|68/100
|
|-weather|SunnyDay|[upkeep]
|-damage|p2a: The Smoke|38/100 brn|[from] brn
|upkeep
|turn|17
|
|t:|1779556808
|move|p1a: Venusaur|Growth|p1a: Venusaur
|-boost|p1a: Venusaur|atk|2
|-boost|p1a: Venusaur|spa|2
|move|p2a: The Smoke|Pain Split|p1a: Venusaur
|-sethp|p1a: Venusaur|55/100|[from] move: Pain Split|[silent]
|-sethp|p2a: The Smoke|50/100 brn|[from] move: Pain Split
|
|-weather|SunnyDay|[upkeep]
|-damage|p2a: The Smoke|44/100 brn|[from] brn
|upkeep
|turn|18
|
|t:|1779556812
|move|p1a: Venusaur|Weather Ball|p2a: The Smoke
|-damage|p2a: The Smoke|0 fnt
|faint|p2a: The Smoke
|-end|p2a: The Smoke|ability: Neutralizing Gas
|-damage|p1a: Venusaur|45/100|[from] item: Life Orb
|
|-weather|none
|upkeep
|
|t:|1779556818
|switch|p2a: Liftoff|Dragapult, M, shiny|100/100
|turn|19
|
|t:|1779556826
|move|p2a: Liftoff|Shadow Ball|p1a: Venusaur
|-damage|p1a: Venusaur|0 fnt
|faint|p1a: Venusaur
|-damage|p2a: Liftoff|91/100|[from] item: Life Orb
|
|upkeep
|
|t:|1779556829
|switch|p1a: Torkoal|Torkoal, F|40/100
|-weather|SunnyDay|[from] ability: Drought|[of] p1a: Torkoal
|turn|20
|
|t:|1779556833
|move|p2a: Liftoff|Shadow Ball|p1a: Torkoal
|-damage|p1a: Torkoal|0 fnt
|faint|p1a: Torkoal
|-damage|p2a: Liftoff|81/100|[from] item: Life Orb
|
|-weather|SunnyDay|[upkeep]
|upkeep
|
|t:|1779556835
|switch|p1a: Slither Wing|Slither Wing|72/100
|-activate|p1a: Slither Wing|ability: Protosynthesis
|-start|p1a: Slither Wing|protosynthesisatk
|turn|21
|
|t:|1779556847
|move|p2a: Liftoff|Draco Meteor|p1a: Slither Wing
|-damage|p1a: Slither Wing|0 fnt
|-unboost|p2a: Liftoff|spa|2
|faint|p1a: Slither Wing
|-end|p1a: Slither Wing|Protosynthesis|[silent]
|-damage|p2a: Liftoff|71/100|[from] item: Life Orb
|
|-weather|SunnyDay|[upkeep]
|upkeep
|-message|i have no id forfeited.
|
|win|PikachuRTM
|raw|i have no id's rating: 1435 &rarr; <strong>1415</strong><br />(-20 for losing)
|raw|PikachuRTM's rating: 1443 &rarr; <strong>1463</strong><br />(+20 for winning)
|l|☆i have no id
|player|p1|
|l|☆PikachuRTM
|player|p2|
