|j|☆MAGAboominGOOCH
|j|☆Golubahuttej
|t:|1779608871
|gametype|singles
|player|p1|MAGAboominGOOCH|supernerd|1121
|player|p2|Golubahuttej|265|1156
|gen|9
|tier|[Gen 9] OU
|rated|
|rule|HP Percentage Mod: HP is shown in percentages
|rule|Endless Battle Clause: Forcing endless battles is banned
|rule|Species Clause: Limit one of each Pokémon
|rule|OHKO Clause: OHKO moves are banned
|rule|Evasion Items Clause: Evasion items are banned
|rule|Evasion Moves Clause: Evasion moves are banned
|rule|Evasion Abilities Clause: Evasion abilities are banned
|rule|Sleep Moves Clause: Sleep-inducing moves are banned
|clearpoke
|poke|p1|Volbeat, M|
|poke|p1|Cloyster, F|
|poke|p1|Kingdra, F|
|poke|p1|Salamence, M|
|poke|p1|Cinccino, F|
|poke|p1|Palossand, F|
|poke|p2|Dragonite, F|
|poke|p2|Darkrai|
|poke|p2|Gholdengo|
|poke|p2|Garganacl, M|
|poke|p2|Ribombee, F|
|poke|p2|Dragapult, F|
|teampreview
|
|t:|1779608877
|teamsize|p1|6
|teamsize|p2|6
|start
|switch|p1a: Clarizza|Cloyster, F|100/100
|switch|p2a: Dragapult|Dragapult, F|100/100
|turn|1
|
|t:|1779608886
|move|p2a: Dragapult|Dragon Darts|p1a: Clarizza
|-damage|p1a: Clarizza|66/100
|-anim|p2a: Dragapult|Dragon Darts|p1a: Clarizza
|-damage|p1a: Clarizza|32/100
|move|p1a: Clarizza|Icicle Spear|p2a: Dragapult
|-supereffective|p2a: Dragapult
|-damage|p2a: Dragapult|66/100
|-supereffective|p2a: Dragapult
|-damage|p2a: Dragapult|35/100
|-supereffective|p2a: Dragapult
|-damage|p2a: Dragapult|4/100
|-supereffective|p2a: Dragapult
|-damage|p2a: Dragapult|0 fnt
|faint|p2a: Dragapult
|-hitcount|p2: Dragapult|4
|
|upkeep
|
|t:|1779608893
|switch|p2a: Ribombee|Ribombee, F|100/100
|turn|2
|
|t:|1779608903
|switch|p1a: Thanos|Volbeat, M, shiny|100/100
|move|p2a: Ribombee|Quiver Dance|p2a: Ribombee
|-boost|p2a: Ribombee|spa|1
|-boost|p2a: Ribombee|spd|1
|-boost|p2a: Ribombee|spe|1
|
|upkeep
|turn|3
|
|t:|1779608909
|move|p1a: Thanos|Thunder Wave|p2a: Ribombee
|-status|p2a: Ribombee|par
|cant|p2a: Ribombee|par
|
|upkeep
|turn|4
|
|t:|1779608928
|switch|p1a: Palossand|Palossand, F|100/100
|move|p2a: Ribombee|Quiver Dance|p2a: Ribombee
|-boost|p2a: Ribombee|spa|1
|-boost|p2a: Ribombee|spd|1
|-boost|p2a: Ribombee|spe|1
|
|upkeep
|turn|5
|
|t:|1779608935
|move|p2a: Ribombee|Quiver Dance|p2a: Ribombee
|-boost|p2a: Ribombee|spa|1
|-boost|p2a: Ribombee|spd|1
|-boost|p2a: Ribombee|spe|1
|move|p1a: Palossand|Curse|p2a: Ribombee
|-start|p2a: Ribombee|Curse|[of] p1a: Palossand
|-damage|p1a: Palossand|51/100
|
|-heal|p1a: Palossand|57/100|[from] item: Leftovers
|-damage|p2a: Ribombee|76/100 par|[from] Curse
|upkeep
|turn|6
|
|t:|1779608943
|cant|p2a: Ribombee|par
|move|p1a: Palossand|Shore Up|p1a: Palossand
|-heal|p1a: Palossand|100/100
|
|-damage|p2a: Ribombee|51/100 par|[from] Curse
|upkeep
|turn|7
|
|t:|1779608949
|cant|p2a: Ribombee|par
|move|p1a: Palossand|Poltergeist|p2a: Ribombee
|-activate|p2a: Ribombee|move: Poltergeist|Focus Sash
|-damage|p2a: Ribombee|0 fnt
|faint|p2a: Ribombee
|
|upkeep
|
|t:|1779608955
|switch|p2a: Mota sand|Dragonite, F|100/100
|turn|8
|
|t:|1779608961
|move|p2a: Mota sand|Dragon Dance|p2a: Mota sand
|-boost|p2a: Mota sand|atk|1
|-boost|p2a: Mota sand|spe|1
|move|p1a: Palossand|Curse|p2a: Mota sand
|-start|p2a: Mota sand|Curse|[of] p1a: Palossand
|-damage|p1a: Palossand|51/100
|
|-heal|p1a: Palossand|57/100|[from] item: Leftovers
|-damage|p2a: Mota sand|76/100|[from] Curse
|upkeep
|turn|9
|
|t:|1779608967
|move|p2a: Mota sand|Earthquake|p1a: Palossand
|-damage|p1a: Palossand|17/100
|move|p1a: Palossand|Shore Up|p1a: Palossand
|-heal|p1a: Palossand|67/100
|
|-heal|p1a: Palossand|73/100|[from] item: Leftovers
|-damage|p2a: Mota sand|51/100|[from] Curse
|upkeep
|turn|10
|
|t:|1779608972
|move|p2a: Mota sand|Earthquake|p1a: Palossand
|-damage|p1a: Palossand|36/100
|move|p1a: Palossand|Shore Up|p1a: Palossand
|-heal|p1a: Palossand|86/100
|
|-heal|p1a: Palossand|92/100|[from] item: Leftovers
|-damage|p2a: Mota sand|26/100|[from] Curse
|upkeep
|turn|11
|
|t:|1779608981
|move|p2a: Mota sand|Dragon Claw|p1a: Palossand
|-damage|p1a: Palossand|38/100
|move|p1a: Palossand|Shore Up|p1a: Palossand
|-heal|p1a: Palossand|88/100
|
|-heal|p1a: Palossand|94/100|[from] item: Leftovers
|-damage|p2a: Mota sand|1/100|[from] Curse
|upkeep
|turn|12
|
|t:|1779608989
|move|p2a: Mota sand|Earthquake|p1a: Palossand
|-damage|p1a: Palossand|56/100
|move|p1a: Palossand|Shore Up|p1a: Palossand
|-heal|p1a: Palossand|100/100
|
|-damage|p2a: Mota sand|0 fnt|[from] Curse
|faint|p2a: Mota sand
|upkeep
|
|t:|1779608993
|switch|p2a: Garganacl|Garganacl, M|100/100
|turn|13
|
|t:|1779609004
|move|p1a: Palossand|Curse|p2a: Garganacl
|-start|p2a: Garganacl|Curse|[of] p1a: Palossand
|-damage|p1a: Palossand|51/100
|move|p2a: Garganacl|Salt Cure|p1a: Palossand
|-resisted|p1a: Palossand
|-damage|p1a: Palossand|46/100
|-start|p1a: Palossand|Salt Cure
|
|-heal|p1a: Palossand|52/100|[from] item: Leftovers
|-damage|p2a: Garganacl|75/100|[from] Curse
|-damage|p1a: Palossand|40/100|[from] Salt Cure
|upkeep
|turn|14
|
|t:|1779609010
|move|p2a: Garganacl|Protect|p2a: Garganacl
|-singleturn|p2a: Garganacl|Protect
|move|p1a: Palossand|Shore Up|p1a: Palossand
|-heal|p1a: Palossand|90/100
|
|-heal|p2a: Garganacl|82/100|[from] item: Leftovers
|-heal|p1a: Palossand|96/100|[from] item: Leftovers
|-damage|p2a: Garganacl|57/100|[from] Curse
|-damage|p1a: Palossand|84/100|[from] Salt Cure
|upkeep
|turn|15
|
|t:|1779609019
|move|p1a: Palossand|Earthquake|p2a: Garganacl
|-supereffective|p2a: Garganacl
|-damage|p2a: Garganacl|33/100
|move|p2a: Garganacl|Salt Cure|p1a: Palossand
|-resisted|p1a: Palossand
|-damage|p1a: Palossand|79/100
|
|-heal|p1a: Palossand|85/100|[from] item: Leftovers
|-heal|p2a: Garganacl|39/100|[from] item: Leftovers
|-damage|p2a: Garganacl|14/100|[from] Curse
|-damage|p1a: Palossand|73/100|[from] Salt Cure
|upkeep
|turn|16
|
|t:|1779609027
|move|p2a: Garganacl|Protect|p2a: Garganacl
|-singleturn|p2a: Garganacl|Protect
|move|p1a: Palossand|Earthquake|p2a: Garganacl
|-activate|p2a: Garganacl|move: Protect
|
|-heal|p1a: Palossand|79/100|[from] item: Leftovers
|-heal|p2a: Garganacl|20/100|[from] item: Leftovers
|-damage|p2a: Garganacl|0 fnt|[from] Curse
|faint|p2a: Garganacl
|-damage|p1a: Palossand|67/100|[from] Salt Cure
|upkeep
|
|t:|1779609030
|switch|p2a: Kala khatta|Darkrai|100/100
|turn|17
|
|t:|1779609037
|-terastallize|p1a: Palossand|Water
|move|p2a: Kala khatta|Dark Pulse|p1a: Palossand
|-damage|p1a: Palossand|19/100
|move|p1a: Palossand|Curse|p1a: Palossand
|-unboost|p1a: Palossand|spe|1
|-boost|p1a: Palossand|atk|1
|-boost|p1a: Palossand|def|1
|
|-heal|p1a: Palossand|25/100|[from] item: Leftovers
|-damage|p1a: Palossand|0 fnt|[from] Salt Cure
|faint|p1a: Palossand
|upkeep
|
|t:|1779609049
|switch|p1a: Paul|Cinccino, F|100/100
|turn|18
|
|t:|1779609057
|move|p2a: Kala khatta|Nasty Plot|p2a: Kala khatta
|-boost|p2a: Kala khatta|spa|2
|move|p1a: Paul|Tidy Up|p1a: Paul
|-boost|p1a: Paul|atk|1
|-boost|p1a: Paul|spe|1
|
|upkeep
|turn|19
|
|t:|1779609065
|move|p1a: Paul|Tail Slap|p2a: Kala khatta
|-damage|p2a: Kala khatta|76/100
|-damage|p2a: Kala khatta|53/100
|-damage|p2a: Kala khatta|30/100
|-damage|p2a: Kala khatta|5/100
|-damage|p2a: Kala khatta|0 fnt
|faint|p2a: Kala khatta
|-hitcount|p2: Kala khatta|5
|
|upkeep
|
|t:|1779609073
|switch|p2a: Chitti|Gholdengo|100/100
|turn|20
|
|t:|1779609081
|move|p1a: Paul|Bullet Seed|p2a: Chitti
|-resisted|p2a: Chitti
|-damage|p2a: Chitti|94/100
|-resisted|p2a: Chitti
|-damage|p2a: Chitti|88/100
|-resisted|p2a: Chitti
|-damage|p2a: Chitti|82/100
|-resisted|p2a: Chitti
|-damage|p2a: Chitti|77/100
|-resisted|p2a: Chitti
|-damage|p2a: Chitti|71/100
|-hitcount|p2a: Chitti|5
|move|p2a: Chitti|Dazzling Gleam|p1a: Paul
|-damage|p1a: Paul|46/100
|
|upkeep
|turn|21
|
|t:|1779609088
|move|p1a: Paul|Rock Blast|p2a: Chitti
|-resisted|p2a: Chitti
|-damage|p2a: Chitti|64/100
|-resisted|p2a: Chitti
|-damage|p2a: Chitti|58/100
|-resisted|p2a: Chitti
|-damage|p2a: Chitti|52/100
|-resisted|p2a: Chitti
|-damage|p2a: Chitti|46/100
|-resisted|p2a: Chitti
|-damage|p2a: Chitti|40/100
|-hitcount|p2a: Chitti|5
|move|p2a: Chitti|Dazzling Gleam|p1a: Paul
|-damage|p1a: Paul|0 fnt
|faint|p1a: Paul
|
|upkeep
|
|t:|1779609117
|switch|p1a: Salama|Salamence, M|100/100
|-ability|p1a: Salama|Intimidate|boost
|-unboost|p2a: Chitti|atk|1
|turn|22
|l|☆MAGAboominGOOCH
|player|p1|
|j|☆MAGAboominGOOCH
|player|p1|MAGAboominGOOCH|supernerd|
|inactive|Battle timer is ON: inactive players will automatically lose when time's up. (requested by MAGAboominGOOCH)
|
|t:|1779609347
|move|p2a: Chitti|Dazzling Gleam|p1a: Salama
|-supereffective|p1a: Salama
|-damage|p1a: Salama|38/100
|move|p1a: Salama|Hydro Pump|p2a: Chitti
|-damage|p2a: Chitti|4/100
|
|upkeep
|turn|23
|
|t:|1779609354
|move|p2a: Chitti|Dazzling Gleam|p1a: Salama
|-supereffective|p1a: Salama
|-damage|p1a: Salama|0 fnt
|faint|p1a: Salama
|
|upkeep
|
|t:|1779609362
|switch|p1a: Shehorse|Kingdra, F, shiny|100/100
|turn|24
|
|t:|1779609365
|move|p2a: Chitti|Dazzling Gleam|p1a: Shehorse
|-supereffective|p1a: Shehorse
|-damage|p1a: Shehorse|26/100
|move|p1a: Shehorse|Scald|p2a: Chitti
|-damage|p2a: Chitti|0 fnt
|faint|p2a: Chitti
|
|win|MAGAboominGOOCH
|raw|MAGAboominGOOCH's rating: 1121 &rarr; <strong>1149</strong><br />(+28 for winning)
|raw|Golubahuttej's rating: 1156 &rarr; <strong>1128</strong><br />(-28 for losing)
|l|☆MAGAboominGOOCH
|player|p1|
|j|☆MAGAboominGOOCH
|player|p1|MAGAboominGOOCH|supernerd|
