|j|☆xsilver069623
|j|☆trueross
|t:|1779595290
|gametype|singles
|player|p1|xsilver069623|silver|1312
|player|p2|trueross|li|1335
|gen|9
|tier|[Gen 9] OU
|rated|
|rule|HP Percentage Mod: HP is shown in percentages
|rule|Endless Battle Clause: Forcing endless battles is banned
|rule|Species Clause: Limit one of each Pokémon
|rule|OHKO Clause: OHKO moves are banned
|rule|Evasion Items Clause: Evasion items are banned
|rule|Evasion Moves Clause: Evasion moves are banned
|rule|Evasion Abilities Clause: Evasion abilities are banned
|rule|Sleep Moves Clause: Sleep-inducing moves are banned
|clearpoke
|poke|p1|Volcanion|
|poke|p1|Zoroark-Hisui, F|
|poke|p1|Reuniclus, F|
|poke|p1|Scizor, F|
|poke|p1|Darkrai|
|poke|p1|Kommo-o, M|
|poke|p2|Lokix, F|
|poke|p2|Garchomp, M|
|poke|p2|Iron Treads|
|poke|p2|Slowking-Galar, F|
|poke|p2|Cetitan, M|
|poke|p2|Pecharunt|
|teampreview
|inactive|Battle timer is ON: inactive players will automatically lose when time's up. (requested by trueross)
|inactive|xsilver069623 also wants the timer to be on.
|
|t:|1779595300
|teamsize|p1|6
|teamsize|p2|6
|start
|switch|p1a: Reuniclus|Reuniclus, F|100/100
|switch|p2a: Lokix|Lokix, F|100/100
|turn|1
|
|t:|1779595310
|switch|p1a: Kommo-o|Kommo-o, M|100/100
|move|p2a: Lokix|First Impression|p1a: Kommo-o
|-resisted|p1a: Kommo-o
|-damage|p1a: Kommo-o|44/100
|
|upkeep
|turn|2
|
|t:|1779595318
|switch|p2a: Pecharunt|Pecharunt|100/100
|move|p1a: Kommo-o|Clangorous Soul|p1a: Kommo-o
|-boost|p1a: Kommo-o|atk|1
|-boost|p1a: Kommo-o|def|1
|-boost|p1a: Kommo-o|spa|1
|-boost|p1a: Kommo-o|spd|1
|-boost|p1a: Kommo-o|spe|1
|-damage|p1a: Kommo-o|12/100
|
|upkeep
|turn|3
|
|t:|1779595328
|move|p1a: Kommo-o|Scale Shot|p2a: Pecharunt
|-crit|p2a: Pecharunt
|-damage|p2a: Pecharunt|84/100
|-damage|p2a: Pecharunt|73/100
|-damage|p2a: Pecharunt|62/100
|-damage|p2a: Pecharunt|51/100
|-hitcount|p2a: Pecharunt|4
|-unboost|p1a: Kommo-o|def|1
|-boost|p1a: Kommo-o|spe|1
|move|p2a: Pecharunt|Hex|p1a: Kommo-o
|-damage|p1a: Kommo-o|0 fnt
|faint|p1a: Kommo-o
|
|-heal|p2a: Pecharunt|57/100|[from] item: Leftovers
|upkeep
|
|t:|1779595348
|switch|p1a: Volcanion|Volcanion|100/100
|turn|4
|
|t:|1779595356
|move|p2a: Pecharunt|Parting Shot|p1a: Volcanion
|-unboost|p1a: Volcanion|atk|1
|-unboost|p1a: Volcanion|spa|1
|
|t:|1779595360
|switch|p2a: Iron Treads|Iron Treads|100/100|[from] Parting Shot
|move|p1a: Volcanion|Steam Eruption|p2a: Iron Treads|[miss]
|-miss|p1a: Volcanion|p2a: Iron Treads
|
|upkeep
|turn|5
|
|t:|1779595377
|switch|p1a: Reuniclus|Reuniclus, F|100/100
|move|p2a: Iron Treads|Knock Off|p1a: Reuniclus
|-supereffective|p1a: Reuniclus
|-damage|p1a: Reuniclus|53/100
|-enditem|p1a: Reuniclus|Light Clay|[from] move: Knock Off|[of] p2a: Iron Treads
|
|upkeep
|turn|6
|
|t:|1779595388
|move|p2a: Iron Treads|Earthquake|p1a: Reuniclus
|-damage|p1a: Reuniclus|14/100
|move|p1a: Reuniclus|Reflect|p1a: Reuniclus
|-sidestart|p1: xsilver069623|Reflect
|
|upkeep
|turn|7
|
|t:|1779595404
|switch|p1a: Scizor|Scizor, F|100/100
|move|p2a: Iron Treads|Earthquake|p1a: Scizor
|-damage|p1a: Scizor|74/100
|
|upkeep
|turn|8
|
|t:|1779595410
|move|p2a: Iron Treads|Volt Switch|p1a: Scizor
|-damage|p1a: Scizor|62/100
|
|t:|1779595413
|-end|p2a: Iron Treads|Quark Drive|[silent]
|switch|p2a: Garchomp|Garchomp, M|100/100|[from] Volt Switch
|move|p1a: Scizor|Knock Off|p2a: Garchomp
|-damage|p2a: Garchomp|66/100
|-damage|p1a: Scizor|49/100|[from] ability: Rough Skin|[of] p2a: Garchomp
|-damage|p1a: Scizor|33/100|[from] item: Rocky Helmet|[of] p2a: Garchomp
|-enditem|p2a: Garchomp|Rocky Helmet|[from] move: Knock Off|[of] p1a: Scizor
|
|upkeep
|turn|9
|
|t:|1779595424
|move|p2a: Garchomp|Stealth Rock|p1a: Scizor
|-sidestart|p1: xsilver069623|move: Stealth Rock
|move|p1a: Scizor|U-turn|p2a: Garchomp
|-damage|p2a: Garchomp|24/100
|-damage|p1a: Scizor|21/100|[from] ability: Rough Skin|[of] p2a: Garchomp
|
|t:|1779595434
|switch|p1a: Darkrai|Darkrai|100/100|[from] U-turn
|-damage|p1a: Darkrai|88/100|[from] Stealth Rock
|
|upkeep
|turn|10
|
|t:|1779595443
|move|p1a: Darkrai|Nasty Plot|p1a: Darkrai
|-boost|p1a: Darkrai|spa|2
|move|p2a: Garchomp|Spikes|p1a: Darkrai
|-sidestart|p1: xsilver069623|Spikes
|
|-sideend|p1: xsilver069623|Reflect
|upkeep
|turn|11
|
|t:|1779595449
|move|p1a: Darkrai|Dark Pulse|p2a: Garchomp
|-damage|p2a: Garchomp|0 fnt
|faint|p2a: Garchomp
|
|upkeep
|
|t:|1779595453
|switch|p2a: Lokix|Lokix, F|100/100
|turn|12
|
|t:|1779595458
|-terastallize|p1a: Darkrai|Poison
|move|p2a: Lokix|First Impression|p1a: Darkrai
|-resisted|p1a: Darkrai
|-damage|p1a: Darkrai|10/100
|move|p1a: Darkrai|Focus Blast|p2a: Lokix
|-damage|p2a: Lokix|0 fnt
|faint|p2a: Lokix
|
|upkeep
|
|t:|1779595484
|switch|p2a: Slowking|Slowking-Galar, F|100/100
|turn|13
|
|t:|1779595487
|-terastallize|p2a: Slowking|Flying
|move|p1a: Darkrai|Dark Pulse|p2a: Slowking
|-damage|p2a: Slowking|55/100
|move|p2a: Slowking|Sludge Bomb|p1a: Darkrai
|-resisted|p1a: Darkrai
|-damage|p1a: Darkrai|0 fnt
|faint|p1a: Darkrai
|
|upkeep
|
|t:|1779595496
|switch|p1a: Scizor|Scizor, F|21/100
|turn|14
|
|t:|1779595500
|move|p1a: Scizor|Defog|p2a: Slowking
|-unboost|p2a: Slowking|evasion|1
|-sideend|p1: xsilver069623|Spikes|[from] move: Defog|[of] p1a: Scizor
|-sideend|p1: xsilver069623|Stealth Rock|[from] move: Defog|[of] p1a: Scizor
|-prepare|p2a: Slowking|Chilly Reception|[premajor]
|move|p2a: Slowking|Chilly Reception|p2a: Slowking
|-weather|Snowscape
|
|t:|1779595510
|switch|p2a: Cetitan|Cetitan, M, shiny|100/100|[from] Chilly Reception
|
|-weather|Snowscape|[upkeep]
|upkeep
|turn|15
|
|t:|1779595514
|move|p1a: Scizor|Bullet Punch|p2a: Cetitan
|-supereffective|p2a: Cetitan
|-damage|p2a: Cetitan|57/100
|move|p2a: Cetitan|Liquidation|p1a: Scizor
|-damage|p1a: Scizor|0 fnt
|faint|p1a: Scizor
|
|-weather|Snowscape|[upkeep]
|upkeep
|
|t:|1779595522
|switch|p1a: Volcanion|Volcanion|100/100
|turn|16
|
|t:|1779595527
|switch|p2a: Iron Treads|Iron Treads|100/100
|move|p1a: Volcanion|Flamethrower|p2a: Iron Treads
|-supereffective|p2a: Iron Treads
|-damage|p2a: Iron Treads|16/100
|-status|p2a: Iron Treads|brn
|
|-weather|Snowscape|[upkeep]
|-damage|p2a: Iron Treads|10/100 brn|[from] brn
|upkeep
|turn|17
|
|t:|1779595537
|move|p1a: Volcanion|Flamethrower|p2a: Iron Treads
|-supereffective|p2a: Iron Treads
|-damage|p2a: Iron Treads|0 fnt
|faint|p2a: Iron Treads
|-end|p2a: Iron Treads|Quark Drive|[silent]
|
|-weather|Snowscape|[upkeep]
|upkeep
|
|t:|1779595552
|switch|p2a: Slowking|Slowking-Galar, F, tera:Flying|89/100
|turn|18
|
|t:|1779595568
|move|p1a: Volcanion|Nasty Plot|p1a: Volcanion
|-boost|p1a: Volcanion|spa|2
|move|p2a: Slowking|Future Sight|p1a: Volcanion
|-start|p2a: Slowking|move: Future Sight
|
|-weather|none
|upkeep
|turn|19
|
|t:|1779595574
|move|p1a: Volcanion|Shadow Ball|p2a: Slowking
|-damage|p2a: Slowking|39/100
|move|p2a: Slowking|Sludge Bomb|p1a: Volcanion
|-resisted|p1a: Volcanion
|-damage|p1a: Volcanion|67/100
|-status|p1a: Volcanion|psn
|replace|p1a: Zoroark|Zoroark-Hisui, F
|-end|p1a: Zoroark|Illusion
|
|-damage|p1a: Zoroark|54/100 psn|[from] psn
|upkeep
|turn|20
|
|t:|1779595585
|switch|p2a: Pecharunt|Pecharunt|57/100
|move|p1a: Zoroark|Shadow Ball|p2a: Pecharunt
|-supereffective|p2a: Pecharunt
|-damage|p2a: Pecharunt|0 fnt
|faint|p2a: Pecharunt
|
|-end|p1a: Zoroark|move: Future Sight
|-damage|p1a: Zoroark|0 fnt
|faint|p1a: Zoroark
|upkeep
|
|t:|1779595596
|switch|p1a: Reuniclus|Reuniclus, F|48/100
|switch|p2a: Slowking|Slowking-Galar, F, tera:Flying|72/100
|turn|21
|
|t:|1779595604
|move|p2a: Slowking|Sludge Bomb|p1a: Reuniclus
|-damage|p1a: Reuniclus|19/100
|move|p1a: Reuniclus|Thunder Wave|p2a: Slowking
|-status|p2a: Slowking|par
|
|upkeep
|turn|22
|
|t:|1779595613
|move|p1a: Reuniclus|Light Screen|p1a: Reuniclus
|-sidestart|p1: xsilver069623|move: Light Screen
|move|p2a: Slowking|Sludge Bomb|p1a: Reuniclus
|-damage|p1a: Reuniclus|4/100
|-status|p1a: Reuniclus|psn
|
|-damage|p1a: Reuniclus|0 fnt|[from] psn
|faint|p1a: Reuniclus
|upkeep
|
|t:|1779595621
|switch|p1a: Volcanion|Volcanion|100/100
|turn|23
|
|t:|1779595627
|move|p1a: Volcanion|Taunt|p2a: Slowking
|-start|p2a: Slowking|move: Taunt
|-prepare|p2a: Slowking|Chilly Reception|[premajor]
|cant|p2a: Slowking|move: Taunt|Chilly Reception
|
|upkeep
|turn|24
|
|t:|1779595635
|move|p1a: Volcanion|Flamethrower|p2a: Slowking
|-crit|p2a: Slowking
|-damage|p2a: Slowking|35/100 par
|move|p2a: Slowking|Sludge Bomb|p1a: Volcanion
|-damage|p1a: Volcanion|83/100
|
|-heal|p1a: Volcanion|90/100|[from] item: Leftovers
|upkeep
|turn|25
|
|t:|1779595643
|switch|p2a: Cetitan|Cetitan, M, shiny|57/100
|move|p1a: Volcanion|Steam Eruption|p2a: Cetitan
|-damage|p2a: Cetitan|0 fnt
|faint|p2a: Cetitan
|
|-heal|p1a: Volcanion|96/100|[from] item: Leftovers
|upkeep
|
|t:|1779595648
|switch|p2a: Slowking|Slowking-Galar, F, tera:Flying|68/100 par
|turn|26
|
|t:|1779595653
|move|p1a: Volcanion|Steam Eruption|p2a: Slowking
|-damage|p2a: Slowking|36/100 par
|move|p2a: Slowking|Sludge Bomb|p1a: Volcanion
|-damage|p1a: Volcanion|79/100
|
|-heal|p1a: Volcanion|85/100|[from] item: Leftovers
|-sideend|p1: xsilver069623|move: Light Screen
|upkeep
|turn|27
|
|t:|1779595661
|move|p1a: Volcanion|Steam Eruption|p2a: Slowking
|-damage|p2a: Slowking|0 fnt
|faint|p2a: Slowking
|
|win|xsilver069623
|raw|xsilver069623's rating: 1312 &rarr; <strong>1333</strong><br />(+21 for winning)
|raw|trueross's rating: 1335 &rarr; <strong>1314</strong><br />(-21 for losing)
|l|☆trueross
|player|p2|
|l|☆xsilver069623
|player|p1|
