|j|☆SlNGULARlTY
|j|☆mushtery
|t:|1779713029
|gametype|singles
|player|p1|SlNGULARlTY|koga|1464
|player|p2|mushtery|unknown|1475
|gen|9
|tier|[Gen 9] OU
|rated|
|rule|HP Percentage Mod: HP is shown in percentages
|rule|Endless Battle Clause: Forcing endless battles is banned
|rule|Species Clause: Limit one of each Pokémon
|rule|OHKO Clause: OHKO moves are banned
|rule|Evasion Items Clause: Evasion items are banned
|rule|Evasion Moves Clause: Evasion moves are banned
|rule|Evasion Abilities Clause: Evasion abilities are banned
|rule|Sleep Moves Clause: Sleep-inducing moves are banned
|clearpoke
|poke|p1|Ogerpon-Wellspring, F|
|poke|p1|Moltres|
|poke|p1|Gholdengo|
|poke|p1|Garganacl, F|
|poke|p1|Hatterene, F|
|poke|p1|Heatran, M|
|poke|p2|Mew|
|poke|p2|Great Tusk|
|poke|p2|Gholdengo|
|poke|p2|Tornadus-Therian, M|
|poke|p2|Alomomola, F|
|poke|p2|Rillaboom, F|
|teampreview
|inactive|Battle timer is ON: inactive players will automatically lose when time's up. (requested by mushtery)
|inactive|SlNGULARlTY also wants the timer to be on.
|
|t:|1779713047
|teamsize|p1|6
|teamsize|p2|6
|start
|switch|p1a: Heatran|Heatran, M|100/100
|switch|p2a: Mew|Mew|100/100
|turn|1
|
|t:|1779713053
|move|p2a: Mew|Swords Dance|p2a: Mew
|-boost|p2a: Mew|atk|2
|move|p1a: Heatran|Magma Storm|p2a: Mew
|-damage|p2a: Mew|21/100
|-activate|p2a: Mew|move: Magma Storm|[of] p1a: Heatran
|
|-damage|p2a: Mew|9/100|[from] move: Magma Storm|[partiallytrapped]
|upkeep
|turn|2
|
|t:|1779713057
|switch|p1a: Moltres|Moltres|100/100
|move|p2a: Mew|Close Combat|p1a: Moltres
|-resisted|p1a: Moltres
|-damage|p1a: Moltres|69/100
|-unboost|p2a: Mew|def|1
|-unboost|p2a: Mew|spd|1
|-damage|p2a: Mew|0 fnt|[from] item: Life Orb
|faint|p2a: Mew
|
|upkeep
|
|t:|1779713062
|switch|p2a: Tornadus|Tornadus-Therian, M|100/100
|turn|3
|
|t:|1779713067
|move|p2a: Tornadus|Knock Off|p1a: Moltres
|-damage|p1a: Moltres|54/100
|-enditem|p1a: Moltres|Heavy-Duty Boots|[from] move: Knock Off|[of] p2a: Tornadus
|move|p1a: Moltres|Roost|p1a: Moltres
|-heal|p1a: Moltres|100/100
|-singleturn|p1a: Moltres|move: Roost
|
|upkeep
|turn|4
|
|t:|1779713072
|move|p2a: Tornadus|Bleakwind Storm|p1a: Moltres|[miss]
|-miss|p2a: Tornadus|p1a: Moltres
|move|p1a: Moltres|Will-O-Wisp|p2a: Tornadus
|-status|p2a: Tornadus|brn
|
|-damage|p2a: Tornadus|94/100 brn|[from] brn
|upkeep
|turn|5
|
|t:|1779713075
|switch|p1a: Heatran|Heatran, M|100/100
|move|p2a: Tornadus|Bleakwind Storm|p1a: Heatran
|-resisted|p1a: Heatran
|-damage|p1a: Heatran|83/100
|
|-damage|p2a: Tornadus|88/100 brn|[from] brn
|upkeep
|turn|6
|
|t:|1779713078
|move|p2a: Tornadus|U-turn|p1a: Heatran
|-resisted|p1a: Heatran
|-damage|p1a: Heatran|81/100
|
|t:|1779713080
|switch|p2a: Alomomola|Alomomola, F|100/100|[from] U-turn
|move|p1a: Heatran|Magma Storm|p2a: Alomomola|[miss]
|-miss|p1a: Heatran|p2a: Alomomola
|
|upkeep
|turn|7
|
|t:|1779713084
|switch|p1a: Ogerpon|Ogerpon-Wellspring, F|100/100
|move|p2a: Alomomola|Flip Turn|p1a: Ogerpon
|-immune|p1a: Ogerpon|[from] ability: Water Absorb
|
|upkeep
|turn|8
|
|t:|1779713088
|switch|p2a: Rillaboom|Rillaboom, F|100/100
|-fieldstart|move: Grassy Terrain|[from] ability: Grassy Surge|[of] p2a: Rillaboom
|move|p1a: Ogerpon|Trailblaze|p2a: Rillaboom
|-resisted|p2a: Rillaboom
|-damage|p2a: Rillaboom|81/100
|-boost|p1a: Ogerpon|spe|1
|
|-heal|p2a: Rillaboom|87/100|[from] Grassy Terrain
|upkeep
|turn|9
|
|t:|1779713091
|switch|p1a: Moltres|Moltres|100/100
|move|p2a: Rillaboom|U-turn|p1a: Moltres
|-resisted|p1a: Moltres
|-damage|p1a: Moltres|93/100
|
|t:|1779713094
|switch|p2a: Great Tusk|Great Tusk|100/100|[from] U-turn
|
|upkeep
|turn|10
|
|t:|1779713096
|switch|p1a: Hatterene|Hatterene, F|100/100
|move|p2a: Great Tusk|Stealth Rock|p1a: Hatterene
|move|p1a: Hatterene|Stealth Rock|p2a: Great Tusk|[from] ability: Magic Bounce
|-sidestart|p2: mushtery|move: Stealth Rock
|
|upkeep
|turn|11
|
|t:|1779713098
|move|p2a: Great Tusk|Rapid Spin|p1a: Hatterene
|-damage|p1a: Hatterene|86/100
|-boost|p2a: Great Tusk|spe|1
|-damage|p2a: Great Tusk|84/100|[from] item: Rocky Helmet|[of] p1a: Hatterene
|-sideend|p2: mushtery|Stealth Rock|[from] move: Rapid Spin|[of] p2a: Great Tusk
|move|p1a: Hatterene|Calm Mind|p1a: Hatterene
|-boost|p1a: Hatterene|spa|1
|-boost|p1a: Hatterene|spd|1
|
|-heal|p2a: Great Tusk|90/100|[from] Grassy Terrain
|-heal|p1a: Hatterene|92/100|[from] Grassy Terrain
|upkeep
|turn|12
|
|t:|1779713101
|move|p2a: Great Tusk|Headlong Rush|p1a: Hatterene
|-damage|p1a: Hatterene|43/100
|-unboost|p2a: Great Tusk|def|1
|-unboost|p2a: Great Tusk|spd|1
|-damage|p2a: Great Tusk|74/100|[from] item: Rocky Helmet|[of] p1a: Hatterene
|move|p1a: Hatterene|Nuzzle|p2a: Great Tusk
|-immune|p2a: Great Tusk
|
|-heal|p2a: Great Tusk|80/100|[from] Grassy Terrain
|-heal|p1a: Hatterene|49/100|[from] Grassy Terrain
|-fieldend|move: Grassy Terrain
|upkeep
|turn|13
|
|t:|1779713107
|move|p2a: Great Tusk|Headlong Rush|p1a: Hatterene
|-damage|p1a: Hatterene|0 fnt
|-unboost|p2a: Great Tusk|def|1
|-unboost|p2a: Great Tusk|spd|1
|-damage|p2a: Great Tusk|64/100|[from] item: Rocky Helmet|[of] p1a: Hatterene
|faint|p1a: Hatterene
|
|upkeep
|
|t:|1779713111
|switch|p1a: Ogerpon|Ogerpon-Wellspring, F|100/100
|turn|14
|
|t:|1779713115
|-end|p2a: Great Tusk|Protosynthesis|[silent]
|switch|p2a: Rillaboom|Rillaboom, F|87/100
|-fieldstart|move: Grassy Terrain|[from] ability: Grassy Surge|[of] p2a: Rillaboom
|move|p1a: Ogerpon|Ivy Cudgel|p2a: Rillaboom|[anim] Ivy Cudgel Water
|-resisted|p2a: Rillaboom
|-damage|p2a: Rillaboom|54/100
|
|-heal|p2a: Rillaboom|61/100|[from] Grassy Terrain
|upkeep
|turn|15
|
|t:|1779713125
|switch|p1a: Moltres|Moltres|93/100
|switch|p2a: Tornadus|Tornadus-Therian, M|100/100 brn
|
|-damage|p2a: Tornadus|94/100 brn|[from] brn
|upkeep
|turn|16
|
|t:|1779713129
|switch|p1a: Heatran|Heatran, M|81/100
|move|p2a: Tornadus|Bleakwind Storm|p1a: Heatran
|-resisted|p1a: Heatran
|-damage|p1a: Heatran|61/100
|
|-heal|p1a: Heatran|67/100|[from] Grassy Terrain
|-damage|p2a: Tornadus|88/100 brn|[from] brn
|upkeep
|turn|17
|
|t:|1779713132
|move|p2a: Tornadus|Knock Off|p1a: Heatran
|-damage|p1a: Heatran|56/100
|-enditem|p1a: Heatran|Choice Specs|[from] move: Knock Off|[of] p2a: Tornadus
|move|p1a: Heatran|Magma Storm|p2a: Tornadus
|-damage|p2a: Tornadus|39/100 brn
|-activate|p2a: Tornadus|move: Magma Storm|[of] p1a: Heatran
|
|-heal|p1a: Heatran|62/100|[from] Grassy Terrain
|-damage|p2a: Tornadus|33/100 brn|[from] brn
|-damage|p2a: Tornadus|20/100 brn|[from] move: Magma Storm|[partiallytrapped]
|upkeep
|turn|18
|
|t:|1779713141
|switch|p1a: Garganacl|Garganacl, F|100/100
|move|p2a: Tornadus|U-turn|p1a: Garganacl
|-damage|p1a: Garganacl|96/100
|
|t:|1779713143
|switch|p2a: Great Tusk|Great Tusk|64/100|[from] U-turn
|
|-heal|p2a: Great Tusk|70/100|[from] Grassy Terrain
|-heal|p1a: Garganacl|100/100|[from] Grassy Terrain
|-fieldend|move: Grassy Terrain
|upkeep
|turn|19
|
|t:|1779713145
|move|p2a: Great Tusk|Stealth Rock|p1a: Garganacl
|-sidestart|p1: SlNGULARlTY|move: Stealth Rock
|move|p1a: Garganacl|Salt Cure|p2a: Great Tusk
|-resisted|p2a: Great Tusk
|-damage|p2a: Great Tusk|67/100
|-start|p2a: Great Tusk|Salt Cure
|
|-damage|p2a: Great Tusk|55/100|[from] Salt Cure
|upkeep
|turn|20
|
|t:|1779713151
|-end|p2a: Great Tusk|Protosynthesis|[silent]
|switch|p2a: Tornadus|Tornadus-Therian, M|53/100 brn
|switch|p1a: Gholdengo|Gholdengo|100/100
|-damage|p1a: Gholdengo|94/100|[from] Stealth Rock
|-item|p1a: Gholdengo|Air Balloon
|
|-damage|p2a: Tornadus|47/100 brn|[from] brn
|upkeep
|turn|21
|
|t:|1779713155
|switch|p1a: Garganacl|Garganacl, F|100/100
|-damage|p1a: Garganacl|88/100|[from] Stealth Rock
|move|p2a: Tornadus|U-turn|p1a: Garganacl
|-damage|p1a: Garganacl|84/100
|
|t:|1779713157
|switch|p2a: Great Tusk|Great Tusk|55/100|[from] U-turn
|
|-heal|p1a: Garganacl|90/100|[from] item: Leftovers
|upkeep
|turn|22
|
|t:|1779713161
|switch|p1a: Gholdengo|Gholdengo|94/100
|-damage|p1a: Gholdengo|88/100|[from] Stealth Rock
|-item|p1a: Gholdengo|Air Balloon
|move|p2a: Great Tusk|Headlong Rush|p1a: Gholdengo
|-immune|p1a: Gholdengo
|
|upkeep
|turn|23
|
|t:|1779713164
|-end|p2a: Great Tusk|Protosynthesis|[silent]
|switch|p2a: Gholdengo|Gholdengo|100/100
|move|p1a: Gholdengo|Make It Rain|p2a: Gholdengo
|-resisted|p2a: Gholdengo
|-damage|p2a: Gholdengo|66/100
|-unboost|p1a: Gholdengo|spa|1
|
|upkeep
|turn|24
|
|t:|1779713172
|switch|p1a: Garganacl|Garganacl, F|90/100
|-damage|p1a: Garganacl|77/100|[from] Stealth Rock
|move|p2a: Gholdengo|Shadow Ball|p1a: Garganacl
|-damage|p1a: Garganacl|61/100
|
|-heal|p1a: Garganacl|67/100|[from] item: Leftovers
|upkeep
|turn|25
|
|t:|1779713175
|move|p2a: Gholdengo|Make It Rain|p1a: Garganacl
|-supereffective|p1a: Garganacl
|-damage|p1a: Garganacl|0 fnt
|-unboost|p2a: Gholdengo|spa|1
|faint|p1a: Garganacl
|
|upkeep
|
|t:|1779713178
|switch|p1a: Ogerpon|Ogerpon-Wellspring, F|100/100
|-damage|p1a: Ogerpon|88/100|[from] Stealth Rock
|turn|26
|
|t:|1779713195
|switch|p1a: Heatran|Heatran, M|62/100
|-damage|p1a: Heatran|50/100|[from] Stealth Rock
|move|p2a: Gholdengo|Shadow Ball|p1a: Heatran
|-damage|p1a: Heatran|16/100
|-unboost|p1a: Heatran|spd|1
|
|upkeep
|turn|27
|
|t:|1779713200
|switch|p2a: Alomomola|Alomomola, F|100/100
|move|p1a: Heatran|Magma Storm|p2a: Alomomola
|-resisted|p2a: Alomomola
|-damage|p2a: Alomomola|78/100
|-activate|p2a: Alomomola|move: Magma Storm|[of] p1a: Heatran
|
|-damage|p2a: Alomomola|65/100|[from] move: Magma Storm|[partiallytrapped]
|upkeep
|turn|28
|
|t:|1779713204
|switch|p1a: Ogerpon|Ogerpon-Wellspring, F|88/100
|-damage|p1a: Ogerpon|76/100|[from] Stealth Rock
|move|p2a: Alomomola|Flip Turn|p1a: Ogerpon
|-heal|p1a: Ogerpon|100/100|[from] ability: Water Absorb|[of] p2a: Alomomola
|
|-end|p2a: Alomomola|Magma Storm|[partiallytrapped]|[silent]
|upkeep
|turn|29
|
|t:|1779713208
|switch|p1a: Moltres|Moltres|93/100
|-damage|p1a: Moltres|43/100|[from] Stealth Rock
|switch|p2a: Rillaboom|Rillaboom, F|61/100
|-fieldstart|move: Grassy Terrain|[from] ability: Grassy Surge|[of] p2a: Rillaboom
|
|-heal|p2a: Rillaboom|67/100|[from] Grassy Terrain
|upkeep
|turn|30
|
|t:|1779713212
|switch|p2a: Tornadus|Tornadus-Therian, M|80/100 brn
|move|p1a: Moltres|Roost|p1a: Moltres
|-heal|p1a: Moltres|93/100
|-singleturn|p1a: Moltres|move: Roost
|
|-heal|p1a: Moltres|99/100|[from] Grassy Terrain
|-damage|p2a: Tornadus|74/100 brn|[from] brn
|upkeep
|turn|31
|
|t:|1779713218
|move|p2a: Tornadus|Bleakwind Storm|p1a: Moltres|[miss]
|-miss|p2a: Tornadus|p1a: Moltres
|move|p1a: Moltres|Flamethrower|p2a: Tornadus
|-damage|p2a: Tornadus|37/100 brn
|
|-damage|p2a: Tornadus|31/100 brn|[from] brn
|upkeep
|turn|32
|
|t:|1779713220
|move|p2a: Tornadus|U-turn|p1a: Moltres
|-resisted|p1a: Moltres
|-damage|p1a: Moltres|98/100
|
|t:|1779713224
|switch|p2a: Alomomola|Alomomola, F|99/100|[from] U-turn
|move|p1a: Moltres|Flamethrower|p2a: Alomomola
|-resisted|p2a: Alomomola
|-damage|p2a: Alomomola|82/100
|
|-heal|p2a: Alomomola|89/100|[from] Grassy Terrain
|upkeep
|turn|33
|
|t:|1779713226
|move|p1a: Moltres|Will-O-Wisp|p2a: Alomomola|[miss]
|-miss|p1a: Moltres|p2a: Alomomola
|move|p2a: Alomomola|Wish|p2a: Alomomola
|
|-heal|p2a: Alomomola|95/100|[from] Grassy Terrain
|-fieldend|move: Grassy Terrain
|upkeep
|turn|34
|
|t:|1779713229
|switch|p2a: Tornadus|Tornadus-Therian, M|64/100 brn
|move|p1a: Moltres|U-turn|p2a: Tornadus
|-resisted|p2a: Tornadus
|-damage|p2a: Tornadus|55/100 brn
|
|t:|1779713231
|switch|p1a: Gholdengo|Gholdengo|88/100|[from] U-turn
|-damage|p1a: Gholdengo|82/100|[from] Stealth Rock
|-item|p1a: Gholdengo|Air Balloon
|
|-heal|p2a: Tornadus|100/100 brn|[from] move: Wish|[wisher] Alomomola
|-damage|p2a: Tornadus|94/100 brn|[from] brn
|upkeep
|turn|35
|
|t:|1779713235
|move|p2a: Tornadus|U-turn|p1a: Gholdengo
|-resisted|p1a: Gholdengo
|-damage|p1a: Gholdengo|81/100
|-enditem|p1a: Gholdengo|Air Balloon
|
|t:|1779713238
|switch|p2a: Alomomola|Alomomola, F|100/100|[from] U-turn
|move|p1a: Gholdengo|Nasty Plot|p1a: Gholdengo
|-boost|p1a: Gholdengo|spa|2
|
|upkeep
|turn|36
|
|t:|1779713247
|move|p1a: Gholdengo|Nasty Plot|p1a: Gholdengo
|-boost|p1a: Gholdengo|spa|2
|move|p2a: Alomomola|Wish|p2a: Alomomola
|
|upkeep
|turn|37
|
|t:|1779713249
|move|p1a: Gholdengo|Shadow Ball|p2a: Alomomola
|-damage|p2a: Alomomola|0 fnt
|faint|p2a: Alomomola
|
|upkeep
|
|t:|1779713253
|switch|p2a: Great Tusk|Great Tusk|55/100
|turn|38
|
|t:|1779713256
|-end|p2a: Great Tusk|Protosynthesis|[silent]
|switch|p2a: Tornadus|Tornadus-Therian, M|100/100 brn
|switch|p1a: Heatran|Heatran, M|16/100
|-damage|p1a: Heatran|4/100|[from] Stealth Rock
|
|-damage|p2a: Tornadus|94/100 brn|[from] brn
|upkeep
|turn|39
|
|t:|1779713261
|move|p2a: Tornadus|Knock Off|p1a: Heatran
|-damage|p1a: Heatran|0 fnt
|faint|p1a: Heatran
|
|-damage|p2a: Tornadus|88/100 brn|[from] brn
|upkeep
|
|t:|1779713264
|switch|p1a: Gholdengo|Gholdengo|81/100
|-damage|p1a: Gholdengo|75/100|[from] Stealth Rock
|turn|40
|
|t:|1779713267
|move|p2a: Tornadus|Heat Wave|p1a: Gholdengo|[miss]
|-miss|p2a: Tornadus|p1a: Gholdengo
|move|p1a: Gholdengo|Shadow Ball|p2a: Tornadus
|-damage|p2a: Tornadus|44/100 brn
|
|-damage|p2a: Tornadus|38/100 brn|[from] brn
|upkeep
|turn|41
|
|t:|1779713271
|move|p2a: Tornadus|U-turn|p1a: Gholdengo
|-resisted|p1a: Gholdengo
|-damage|p1a: Gholdengo|73/100
|
|t:|1779713272
|switch|p2a: Great Tusk|Great Tusk|55/100|[from] U-turn
|move|p1a: Gholdengo|Shadow Ball|p2a: Great Tusk
|-damage|p2a: Great Tusk|0 fnt
|faint|p2a: Great Tusk
|-end|p2a: Great Tusk|Protosynthesis|[silent]
|
|upkeep
|
|t:|1779713278
|switch|p2a: Rillaboom|Rillaboom, F|67/100
|-fieldstart|move: Grassy Terrain|[from] ability: Grassy Surge|[of] p2a: Rillaboom
|turn|42
|
|t:|1779713282
|switch|p2a: Gholdengo|Gholdengo|66/100
|move|p1a: Gholdengo|Make It Rain|p2a: Gholdengo
|-resisted|p2a: Gholdengo
|-damage|p2a: Gholdengo|32/100
|-unboost|p1a: Gholdengo|spa|1
|
|-heal|p1a: Gholdengo|79/100|[from] Grassy Terrain
|-heal|p2a: Gholdengo|38/100|[from] Grassy Terrain
|upkeep
|turn|43
|
|t:|1779713286
|move|p1a: Gholdengo|Shadow Ball|p2a: Gholdengo
|-supereffective|p2a: Gholdengo
|-damage|p2a: Gholdengo|0 fnt
|faint|p2a: Gholdengo
|
|-heal|p1a: Gholdengo|85/100|[from] Grassy Terrain
|upkeep
|
|t:|1779713291
|switch|p2a: Rillaboom|Rillaboom, F|67/100
|turn|44
|c|☆SlNGULARlTY|Gg ez
|c|☆SlNGULARlTY|as expected
|c|☆mushtery|who are you
|
|t:|1779713301
|switch|p2a: Tornadus|Tornadus-Therian, M|71/100 brn
|move|p1a: Gholdengo|Nasty Plot|p1a: Gholdengo
|-boost|p1a: Gholdengo|spa|2
|
|-heal|p1a: Gholdengo|91/100|[from] Grassy Terrain
|-damage|p2a: Tornadus|65/100 brn|[from] brn
|upkeep
|turn|45
|
|t:|1779713307
|-terastallize|p2a: Tornadus|Steel
|move|p2a: Tornadus|Heat Wave|p1a: Gholdengo
|-supereffective|p1a: Gholdengo
|-damage|p1a: Gholdengo|40/100
|-status|p1a: Gholdengo|brn
|move|p1a: Gholdengo|Shadow Ball|p2a: Tornadus
|-damage|p2a: Tornadus|0 fnt
|faint|p2a: Tornadus
|
|-heal|p1a: Gholdengo|47/100 brn|[from] Grassy Terrain
|-damage|p1a: Gholdengo|40/100 brn|[from] brn
|upkeep
|
|t:|1779713314
|switch|p2a: Rillaboom|Rillaboom, F|67/100
|turn|46
|c|☆SlNGULARlTY|Your worst nightmare
|
|t:|1779713320
|move|p1a: Gholdengo|Make It Rain|p2a: Rillaboom
|-damage|p2a: Rillaboom|0 fnt
|-unboost|p1a: Gholdengo|spa|1
|faint|p2a: Rillaboom
|
|win|SlNGULARlTY
|raw|SlNGULARlTY's rating: 1464 &rarr; <strong>1485</strong><br />(+21 for winning)
|raw|mushtery's rating: 1475 &rarr; <strong>1454</strong><br />(-21 for losing)
|c|☆mushtery|im terrified
|c|☆mushtery|have you been haunting me
|c|☆SlNGULARlTY|You should be
|c|☆mushtery|for 11 years?
|c|☆SlNGULARlTY|Always
|l|☆SlNGULARlTY
|player|p1|
|c|☆mushtery|thats how old u sound :skull:
