|j|☆Quagmalafle
|j|☆TheOtherSustem
|t:|1779669334
|gametype|singles
|player|p1|Quagmalafle|101|1129
|player|p2|TheOtherSustem|chili|1188
|gen|9
|tier|[Gen 9] OU
|rated|
|rule|HP Percentage Mod: HP is shown in percentages
|rule|Endless Battle Clause: Forcing endless battles is banned
|rule|Species Clause: Limit one of each Pokémon
|rule|OHKO Clause: OHKO moves are banned
|rule|Evasion Items Clause: Evasion items are banned
|rule|Evasion Moves Clause: Evasion moves are banned
|rule|Evasion Abilities Clause: Evasion abilities are banned
|rule|Sleep Moves Clause: Sleep-inducing moves are banned
|clearpoke
|poke|p1|Orthworm, F|
|poke|p1|Gliscor, M|
|poke|p1|Samurott-Hisui, F|
|poke|p1|Salamence, F|
|poke|p1|Mandibuzz, F|
|poke|p1|Blissey, F|
|poke|p2|Alomomola, F|
|poke|p2|Gliscor, M|
|poke|p2|Corviknight, F|
|poke|p2|Moltres|
|poke|p2|Hydrapple, M|
|poke|p2|Pecharunt|
|teampreview
|inactive|Battle timer is ON: inactive players will automatically lose when time's up. (requested by Quagmalafle)
|
|t:|1779669356
|teamsize|p1|6
|teamsize|p2|6
|start
|switch|p1a: Samurott|Samurott-Hisui, F|100/100
|switch|p2a: Gliscor|Gliscor, M|100/100
|turn|1
|
|t:|1779669363
|move|p2a: Gliscor|Stealth Rock|p1a: Samurott
|-sidestart|p1: Quagmalafle|move: Stealth Rock
|move|p1a: Samurott|Surf|p2a: Gliscor
|-supereffective|p2a: Gliscor
|-damage|p2a: Gliscor|0 fnt
|faint|p2a: Gliscor
|-damage|p1a: Samurott|91/100|[from] item: Life Orb
|
|upkeep
|
|t:|1779669374
|switch|p2a: Hydrapple|Hydrapple, M|100/100
|turn|2
|
|t:|1779669378
|move|p1a: Samurott|Air Slash|p2a: Hydrapple
|-supereffective|p2a: Hydrapple
|-damage|p2a: Hydrapple|14/100
|-damage|p1a: Samurott|81/100|[from] item: Life Orb
|move|p2a: Hydrapple|Giga Drain|p1a: Samurott
|-supereffective|p1a: Samurott
|-damage|p1a: Samurott|0 fnt
|-heal|p2a: Hydrapple|45/100|[from] drain|[of] p1a: Samurott
|faint|p1a: Samurott
|
|upkeep
|
|t:|1779669385
|switch|p1a: Blissey|Blissey, F|100/100
|-damage|p1a: Blissey|88/100|[from] Stealth Rock
|turn|3
|
|t:|1779669394
|switch|p2a: Moltres|Moltres|100/100
|move|p1a: Blissey|Thunder Wave|p2a: Moltres
|-status|p2a: Moltres|par
|
|-heal|p1a: Blissey|94/100|[from] item: Leftovers
|upkeep
|turn|4
|
|t:|1779669406
|move|p1a: Blissey|Icy Wind|p2a: Moltres
|-damage|p2a: Moltres|93/100 par
|-unboost|p2a: Moltres|spe|1
|cant|p2a: Moltres|par
|
|-heal|p1a: Blissey|99/100|[from] item: Leftovers
|upkeep
|turn|5
|
|t:|1779669413
|move|p1a: Blissey|Seismic Toss|p2a: Moltres
|-damage|p2a: Moltres|67/100 par
|move|p2a: Moltres|Flamethrower|p1a: Blissey
|-damage|p1a: Blissey|86/100
|
|-heal|p1a: Blissey|92/100|[from] item: Leftovers
|upkeep
|turn|6
|
|t:|1779669421
|move|p1a: Blissey|Seismic Toss|p2a: Moltres
|-damage|p2a: Moltres|41/100 par
|-status|p1a: Blissey|brn|[from] ability: Flame Body|[of] p2a: Moltres
|move|p2a: Moltres|Roost|p2a: Moltres
|-heal|p2a: Moltres|91/100 par
|-singleturn|p2a: Moltres|move: Roost
|
|-heal|p1a: Blissey|98/100 brn|[from] item: Leftovers
|-damage|p1a: Blissey|92/100 brn|[from] brn
|upkeep
|turn|7
|
|t:|1779669434
|switch|p2a: Hydrapple|Hydrapple, M|78/100
|move|p1a: Blissey|Seismic Toss|p2a: Hydrapple
|-damage|p2a: Hydrapple|54/100
|
|-heal|p1a: Blissey|98/100 brn|[from] item: Leftovers
|-damage|p1a: Blissey|92/100 brn|[from] brn
|upkeep
|turn|8
|
|t:|1779669443
|switch|p2a: Pecharunt|Pecharunt|100/100
|move|p1a: Blissey|Thunder Wave|p2a: Pecharunt
|-status|p2a: Pecharunt|par
|
|-heal|p1a: Blissey|98/100 brn|[from] item: Leftovers
|-damage|p1a: Blissey|92/100 brn|[from] brn
|upkeep
|turn|9
|
|t:|1779669451
|move|p2a: Pecharunt|Nasty Plot|p2a: Pecharunt
|-boost|p2a: Pecharunt|spa|2
|move|p1a: Blissey|Icy Wind|p2a: Pecharunt
|-damage|p2a: Pecharunt|89/100 par
|-unboost|p2a: Pecharunt|spe|1
|
|-heal|p1a: Blissey|98/100 brn|[from] item: Leftovers
|-damage|p1a: Blissey|92/100 brn|[from] brn
|upkeep
|turn|10
|
|t:|1779669460
|-curestatus|p1a: Blissey|brn|[from] ability: Natural Cure|[silent]
|switch|p1a: Gliscor|Gliscor, M|100/100
|-damage|p1a: Gliscor|88/100|[from] Stealth Rock
|cant|p2a: Pecharunt|par
|
|-heal|p1a: Gliscor|94/100|[from] item: Leftovers
|upkeep
|turn|11
|
|t:|1779669479
|switch|p2a: Corviknight|Corviknight, F|100/100
|-ability|p2a: Corviknight|Pressure
|move|p1a: Gliscor|Swords Dance|p1a: Gliscor
|-boost|p1a: Gliscor|atk|2
|
|-heal|p1a: Gliscor|100/100|[from] item: Leftovers
|upkeep
|turn|12
|
|t:|1779669490
|move|p1a: Gliscor|Crabhammer|p2a: Corviknight
|-damage|p2a: Corviknight|68/100
|-damage|p1a: Gliscor|84/100|[from] item: Rocky Helmet|[of] p2a: Corviknight
|move|p2a: Corviknight|Brave Bird|p1a: Gliscor
|-damage|p1a: Gliscor|46/100
|-damage|p2a: Corviknight|59/100|[from] Recoil
|
|-heal|p1a: Gliscor|52/100|[from] item: Leftovers
|upkeep
|turn|13
|
|t:|1779669506
|move|p1a: Gliscor|Crabhammer|p2a: Corviknight
|-damage|p2a: Corviknight|26/100
|-damage|p1a: Gliscor|35/100|[from] item: Rocky Helmet|[of] p2a: Corviknight
|move|p2a: Corviknight|Roost|p2a: Corviknight
|-heal|p2a: Corviknight|76/100
|-singleturn|p2a: Corviknight|move: Roost
|
|-heal|p1a: Gliscor|41/100|[from] item: Leftovers
|upkeep
|turn|14
|
|t:|1779669518
|move|p1a: Gliscor|Swords Dance|p1a: Gliscor
|-boost|p1a: Gliscor|atk|2
|move|p2a: Corviknight|Brave Bird|p1a: Gliscor
|-damage|p1a: Gliscor|7/100
|-damage|p2a: Corviknight|68/100|[from] Recoil
|
|-heal|p1a: Gliscor|14/100|[from] item: Leftovers
|upkeep
|turn|15
|
|t:|1779669535
|-terastallize|p2a: Corviknight|Dragon
|move|p1a: Gliscor|Crabhammer|p2a: Corviknight
|-resisted|p2a: Corviknight
|-damage|p2a: Corviknight|43/100
|-damage|p1a: Gliscor|0 fnt|[from] item: Rocky Helmet|[of] p2a: Corviknight
|faint|p1a: Gliscor
|move|p2a: Corviknight|Roost|p2a: Corviknight
|-heal|p2a: Corviknight|93/100
|
|upkeep
|
|t:|1779669549
|switch|p1a: Mandibuzz|Mandibuzz, F|100/100
|-damage|p1a: Mandibuzz|75/100|[from] Stealth Rock
|turn|16
|
|t:|1779669555
|move|p1a: Mandibuzz|Toxic|p2a: Corviknight
|-status|p2a: Corviknight|tox
|move|p2a: Corviknight|U-turn|p1a: Mandibuzz
|-damage|p1a: Mandibuzz|68/100
|
|t:|1779669561
|switch|p2a: Alomomola|Alomomola, F|100/100|[from] U-turn
|
|-heal|p1a: Mandibuzz|74/100|[from] item: Leftovers
|upkeep
|turn|17
|
|t:|1779669572
|move|p1a: Mandibuzz|Toxic|p2a: Alomomola
|-status|p2a: Alomomola|tox
|move|p2a: Alomomola|Scald|p1a: Mandibuzz
|-damage|p1a: Mandibuzz|62/100
|
|-heal|p1a: Mandibuzz|68/100|[from] item: Leftovers
|-damage|p2a: Alomomola|94/100 tox|[from] psn
|upkeep
|turn|18
|
|t:|1779669581
|move|p1a: Mandibuzz|Defog|p2a: Alomomola
|-unboost|p2a: Alomomola|evasion|1
|-sideend|p1: Quagmalafle|Stealth Rock|[from] move: Defog|[of] p1a: Mandibuzz
|move|p2a: Alomomola|Scald|p1a: Mandibuzz
|-damage|p1a: Mandibuzz|56/100
|
|-heal|p1a: Mandibuzz|63/100|[from] item: Leftovers
|-heal|p2a: Alomomola|100/100 tox|[from] item: Leftovers
|-damage|p2a: Alomomola|88/100 tox|[from] psn
|upkeep
|turn|19
|
|t:|1779669591
|switch|p1a: Blissey|Blissey, F|92/100
|move|p2a: Alomomola|Flip Turn|p1a: Blissey
|-damage|p1a: Blissey|80/100
|
|t:|1779669600
|switch|p2a: Hydrapple|Hydrapple, M|87/100|[from] Flip Turn
|
|-heal|p1a: Blissey|86/100|[from] item: Leftovers
|upkeep
|turn|20
|
|t:|1779669612
|switch|p2a: Pecharunt|Pecharunt|89/100 par
|move|p1a: Blissey|Icy Wind|p2a: Pecharunt
|-damage|p2a: Pecharunt|76/100 par
|-unboost|p2a: Pecharunt|spe|1
|
|-heal|p1a: Blissey|92/100|[from] item: Leftovers
|upkeep
|turn|21
|
|t:|1779669621
|switch|p1a: Orthworm|Orthworm, F|100/100
|move|p2a: Pecharunt|Nasty Plot|p2a: Pecharunt
|-boost|p2a: Pecharunt|spa|2
|
|upkeep
|turn|22
|
|t:|1779669628
|move|p1a: Orthworm|Coil|p1a: Orthworm
|-boost|p1a: Orthworm|atk|1
|-boost|p1a: Orthworm|def|1
|-boost|p1a: Orthworm|accuracy|1
|move|p2a: Pecharunt|Shadow Ball|p1a: Orthworm
|-damage|p1a: Orthworm|4/100
|
|upkeep
|turn|23
|
|t:|1779669635
|switch|p1a: Blissey|Blissey, F|92/100
|move|p2a: Pecharunt|Shadow Ball|p1a: Blissey
|-immune|p1a: Blissey
|
|-heal|p1a: Blissey|98/100|[from] item: Leftovers
|upkeep
|turn|24
|
|t:|1779669643
|move|p1a: Blissey|Icy Wind|p2a: Pecharunt
|-damage|p2a: Pecharunt|63/100 par
|-unboost|p2a: Pecharunt|spe|1
|move|p2a: Pecharunt|Malignant Chain|p1a: Blissey
|-damage|p1a: Blissey|69/100
|
|-heal|p1a: Blissey|75/100|[from] item: Leftovers
|upkeep
|turn|25
|
|t:|1779669652
|move|p1a: Blissey|Icy Wind|p2a: Pecharunt
|-damage|p2a: Pecharunt|52/100 par
|-unboost|p2a: Pecharunt|spe|1
|move|p2a: Pecharunt|Nasty Plot|p2a: Pecharunt
|-boost|p2a: Pecharunt|spa|2
|
|-heal|p1a: Blissey|81/100|[from] item: Leftovers
|upkeep
|turn|26
|
|t:|1779669660
|move|p1a: Blissey|Icy Wind|p2a: Pecharunt
|-damage|p2a: Pecharunt|39/100 par
|-unboost|p2a: Pecharunt|spe|1
|move|p2a: Pecharunt|Recover|p2a: Pecharunt
|-heal|p2a: Pecharunt|89/100 par
|
|-heal|p1a: Blissey|87/100|[from] item: Leftovers
|upkeep
|turn|27
|
|t:|1779669669
|switch|p1a: Mandibuzz|Mandibuzz, F|63/100
|cant|p2a: Pecharunt|par
|
|-heal|p1a: Mandibuzz|69/100|[from] item: Leftovers
|upkeep
|turn|28
|
|t:|1779669676
|move|p1a: Mandibuzz|Brave Bird|p2a: Pecharunt
|-damage|p2a: Pecharunt|70/100 par
|-damage|p1a: Mandibuzz|64/100|[from] Recoil
|move|p2a: Pecharunt|Malignant Chain|p1a: Mandibuzz
|-damage|p1a: Mandibuzz|0 fnt
|faint|p1a: Mandibuzz
|
|upkeep
|
|t:|1779669678
|switch|p1a: Salamence|Salamence, F|100/100
|turn|29
|
|t:|1779669686
|move|p1a: Salamence|Earthquake|p2a: Pecharunt
|-supereffective|p2a: Pecharunt
|-damage|p2a: Pecharunt|22/100 par
|move|p2a: Pecharunt|Malignant Chain|p1a: Salamence
|-damage|p1a: Salamence|0 fnt
|faint|p1a: Salamence
|
|upkeep
|
|t:|1779669691
|switch|p1a: Blissey|Blissey, F|87/100
|turn|30
|
|t:|1779669694
|move|p1a: Blissey|Icy Wind|p2a: Pecharunt
|-damage|p2a: Pecharunt|9/100 par
|-unboost|p2a: Pecharunt|spe|1
|move|p2a: Pecharunt|Malignant Chain|p1a: Blissey
|-damage|p1a: Blissey|42/100
|-status|p1a: Blissey|tox
|-start|p1a: Blissey|confusion|[from] ability: Poison Puppeteer|[of] p2a: Pecharunt
|
|-heal|p1a: Blissey|48/100 tox|[from] item: Leftovers
|-damage|p1a: Blissey|42/100 tox|[from] psn
|upkeep
|turn|31
|
|t:|1779669709
|switch|p2a: Alomomola|Alomomola, F|100/100 tox
|-activate|p1a: Blissey|confusion
|move|p1a: Blissey|Icy Wind|p2a: Alomomola
|-resisted|p2a: Alomomola
|-damage|p2a: Alomomola|95/100 tox
|-unboost|p2a: Alomomola|spe|1
|
|-heal|p1a: Blissey|48/100 tox|[from] item: Leftovers
|-heal|p2a: Alomomola|100/100 tox|[from] item: Leftovers
|-damage|p1a: Blissey|36/100 tox|[from] psn
|-damage|p2a: Alomomola|94/100 tox|[from] psn
|upkeep
|turn|32
|
|t:|1779669723
|-activate|p1a: Blissey|confusion
|-damage|p1a: Blissey|35/100 tox|[from] confusion
|move|p2a: Alomomola|Flip Turn|p1a: Blissey
|-damage|p1a: Blissey|23/100 tox
|
|t:|1779669731
|switch|p2a: Corviknight|Corviknight, F, tera:Dragon|93/100 tox|[from] Flip Turn
|-ability|p2a: Corviknight|Pressure
|
|-heal|p1a: Blissey|29/100 tox|[from] item: Leftovers
|-damage|p2a: Corviknight|87/100 tox|[from] psn
|-damage|p1a: Blissey|11/100 tox|[from] psn
|upkeep
|turn|33
|
|t:|1779669739
|move|p2a: Corviknight|U-turn|p1a: Blissey
|-damage|p1a: Blissey|0 fnt
|faint|p1a: Blissey
|
|t:|1779669746
|switch|p2a: Moltres|Moltres|91/100 par|[from] U-turn
|
|upkeep
|
|t:|1779669748
|switch|p1a: Orthworm|Orthworm, F|4/100
|turn|34
|
|t:|1779669752
|-terastallize|p1a: Orthworm|Electric
|move|p1a: Orthworm|Rest|p1a: Orthworm
|-status|p1a: Orthworm|slp|[from] move: Rest
|-heal|p1a: Orthworm|100/100 slp|[silent]
|cant|p2a: Moltres|par
|
|upkeep
|turn|35
|
|t:|1779669773
|cant|p1a: Orthworm|slp
|move|p1a: Orthworm|Sleep Talk|p1a: Orthworm
|move|p1a: Orthworm|Wrap|p2a: Moltres|[from] move: Sleep Talk
|-damage|p2a: Moltres|87/100 par
|-activate|p2a: Moltres|move: Wrap|[of] p1a: Orthworm
|move|p2a: Moltres|U-turn|p1a: Orthworm
|-damage|p1a: Orthworm|90/100 slp
|
|t:|1779669784
|switch|p2a: Pecharunt|Pecharunt|9/100 par|[from] U-turn
|
|upkeep
|turn|36
|
|t:|1779669790
|cant|p1a: Orthworm|slp
|move|p1a: Orthworm|Sleep Talk|p1a: Orthworm
|move|p1a: Orthworm|Wrap|p2a: Pecharunt|[from] move: Sleep Talk
|-immune|p2a: Pecharunt
|move|p2a: Pecharunt|Recover|p2a: Pecharunt
|-heal|p2a: Pecharunt|59/100 par
|
|upkeep
|turn|37
|
|t:|1779669799
|-curestatus|p1a: Orthworm|slp|[msg]
|move|p1a: Orthworm|Coil|p1a: Orthworm
|-boost|p1a: Orthworm|atk|1
|-boost|p1a: Orthworm|def|1
|-boost|p1a: Orthworm|accuracy|1
|move|p2a: Pecharunt|Recover|p2a: Pecharunt
|-heal|p2a: Pecharunt|100/100 par
|
|upkeep
|turn|38
|
|t:|1779669807
|move|p1a: Orthworm|Coil|p1a: Orthworm
|-boost|p1a: Orthworm|atk|1
|-boost|p1a: Orthworm|def|1
|-boost|p1a: Orthworm|accuracy|1
|move|p2a: Pecharunt|Nasty Plot|p2a: Pecharunt
|-boost|p2a: Pecharunt|spa|2
|
|upkeep
|turn|39
|c|☆TheOtherSustem|gg
|
|t:|1779669814
|move|p1a: Orthworm|Coil|p1a: Orthworm
|-boost|p1a: Orthworm|atk|1
|-boost|p1a: Orthworm|def|1
|-boost|p1a: Orthworm|accuracy|1
|move|p2a: Pecharunt|Nasty Plot|p2a: Pecharunt
|-boost|p2a: Pecharunt|spa|2
|
|upkeep
|turn|40
|
|t:|1779669823
|move|p1a: Orthworm|Coil|p1a: Orthworm
|-boost|p1a: Orthworm|atk|1
|-boost|p1a: Orthworm|def|1
|-boost|p1a: Orthworm|accuracy|1
|move|p2a: Pecharunt|Malignant Chain|p1a: Orthworm
|-damage|p1a: Orthworm|0 fnt
|faint|p1a: Orthworm
|
|win|TheOtherSustem
|raw|Quagmalafle's rating: 1129 &rarr; <strong>1108</strong><br />(-21 for losing)
|raw|TheOtherSustem's rating: 1188 &rarr; <strong>1209</strong><br />(+21 for winning)
|l|☆Quagmalafle
|player|p1|
