|j|☆Ballerr
|j|☆catcat77
|t:|1779702087
|gametype|singles
|player|p1|Ballerr|miku-ground|1434
|player|p2|catcat77|caitlin-masters|1483
|gen|9
|tier|[Gen 9] OU
|rated|
|rule|HP Percentage Mod: HP is shown in percentages
|rule|Endless Battle Clause: Forcing endless battles is banned
|rule|Species Clause: Limit one of each Pokémon
|rule|OHKO Clause: OHKO moves are banned
|rule|Evasion Items Clause: Evasion items are banned
|rule|Evasion Moves Clause: Evasion moves are banned
|rule|Evasion Abilities Clause: Evasion abilities are banned
|rule|Sleep Moves Clause: Sleep-inducing moves are banned
|clearpoke
|poke|p1|Entei|
|poke|p1|Gliscor, F|
|poke|p1|Great Tusk|
|poke|p1|Dragapult, M|
|poke|p1|Samurott-Hisui, M|
|poke|p1|Weezing-Galar, M|
|poke|p2|Ogerpon-Wellspring, F|
|poke|p2|Kingambit, M|
|poke|p2|Great Tusk|
|poke|p2|Raging Bolt|
|poke|p2|Iron Crown|
|poke|p2|Zamazenta-*|
|teampreview
|
|t:|1779702093
|teamsize|p1|6
|teamsize|p2|6
|start
|switch|p1a: Dragapult|Dragapult, M|100/100
|switch|p2a: Ogerpon|Ogerpon-Wellspring, F|100/100
|turn|1
|
|t:|1779702102
|switch|p2a: Kingambit|Kingambit, M|100/100
|move|p1a: Dragapult|Will-O-Wisp|p2a: Kingambit
|-status|p2a: Kingambit|brn
|-enditem|p2a: Kingambit|Lum Berry|[eat]
|-curestatus|p2a: Kingambit|brn|[msg]
|
|upkeep
|turn|2
|
|t:|1779702112
|move|p1a: Dragapult|Will-O-Wisp|p2a: Kingambit
|-status|p2a: Kingambit|brn
|move|p2a: Kingambit|Kowtow Cleave|p1a: Dragapult
|-supereffective|p1a: Dragapult
|-damage|p1a: Dragapult|29/100
|
|-damage|p2a: Kingambit|94/100 brn|[from] brn
|upkeep
|turn|3
|
|t:|1779702120
|switch|p1a: Great Tusk|Great Tusk|100/100
|move|p2a: Kingambit|Iron Head|p1a: Great Tusk
|-crit|p1a: Great Tusk
|-damage|p1a: Great Tusk|75/100
|
|-damage|p2a: Kingambit|88/100 brn|[from] brn
|upkeep
|turn|4
|
|t:|1779702123
|move|p1a: Great Tusk|Stealth Rock|p2a: Kingambit
|-sidestart|p2: catcat77|move: Stealth Rock
|move|p2a: Kingambit|Iron Head|p1a: Great Tusk
|-damage|p1a: Great Tusk|57/100
|
|-damage|p2a: Kingambit|82/100 brn|[from] brn
|upkeep
|turn|5
|
|t:|1779702136
|move|p1a: Great Tusk|Headlong Rush|p2a: Kingambit
|-supereffective|p2a: Kingambit
|-damage|p2a: Kingambit|1/100 brn
|-unboost|p1a: Great Tusk|def|1
|-unboost|p1a: Great Tusk|spd|1
|move|p2a: Kingambit|Iron Head|p1a: Great Tusk
|-damage|p1a: Great Tusk|30/100
|
|-damage|p2a: Kingambit|0 fnt|[from] brn
|faint|p2a: Kingambit
|upkeep
|
|t:|1779702138
|switch|p2a: Great Tusk|Great Tusk|100/100
|-damage|p2a: Great Tusk|97/100|[from] Stealth Rock
|turn|6
|
|t:|1779702155
|move|p1a: Great Tusk|Headlong Rush|p2a: Great Tusk
|-damage|p2a: Great Tusk|56/100
|-unboost|p1a: Great Tusk|def|1
|-unboost|p1a: Great Tusk|spd|1
|-damage|p1a: Great Tusk|14/100|[from] item: Rocky Helmet|[of] p2a: Great Tusk
|move|p2a: Great Tusk|Ice Spinner|p1a: Great Tusk
|-supereffective|p1a: Great Tusk
|-damage|p1a: Great Tusk|0 fnt
|faint|p1a: Great Tusk
|-end|p1a: Great Tusk|Protosynthesis|[silent]
|
|upkeep
|
|t:|1779702163
|switch|p1a: Dragapult|Dragapult, M|29/100
|turn|7
|
|t:|1779702172
|-terastallize|p1a: Dragapult|Ghost
|move|p1a: Dragapult|Hex|p2a: Great Tusk
|-damage|p2a: Great Tusk|0 fnt
|faint|p2a: Great Tusk
|-end|p2a: Great Tusk|Protosynthesis|[silent]
|
|upkeep
|
|t:|1779702180
|switch|p2a: Raging Bolt|Raging Bolt|100/100
|-damage|p2a: Raging Bolt|88/100|[from] Stealth Rock
|turn|8
|
|t:|1779702199
|switch|p1a: Gliscor|Gliscor, F|100/100
|move|p2a: Raging Bolt|Thunderclap||[still]
|-fail|p2a: Raging Bolt
|
|-heal|p2a: Raging Bolt|94/100|[from] item: Leftovers
|-status|p1a: Gliscor|tox|[from] item: Toxic Orb
|upkeep
|turn|9
|
|t:|1779702204
|move|p1a: Gliscor|Swords Dance|p1a: Gliscor
|-boost|p1a: Gliscor|atk|2
|move|p2a: Raging Bolt|Calm Mind|p2a: Raging Bolt
|-boost|p2a: Raging Bolt|spa|1
|-boost|p2a: Raging Bolt|spd|1
|
|-heal|p2a: Raging Bolt|100/100|[from] item: Leftovers
|upkeep
|turn|10
|
|t:|1779702212
|move|p1a: Gliscor|Facade|p2a: Raging Bolt
|-damage|p2a: Raging Bolt|47/100
|move|p2a: Raging Bolt|Draco Meteor|p1a: Gliscor
|-damage|p1a: Gliscor|4/100 tox
|-unboost|p2a: Raging Bolt|spa|2
|
|-heal|p2a: Raging Bolt|53/100|[from] item: Leftovers
|-heal|p1a: Gliscor|16/100 tox|[from] ability: Poison Heal
|upkeep
|turn|11
|
|t:|1779702218
|move|p1a: Gliscor|Facade|p2a: Raging Bolt
|-damage|p2a: Raging Bolt|5/100
|move|p2a: Raging Bolt|Draco Meteor|p1a: Gliscor
|-damage|p1a: Gliscor|0 fnt
|-unboost|p2a: Raging Bolt|spa|2
|faint|p1a: Gliscor
|
|-heal|p2a: Raging Bolt|12/100|[from] item: Leftovers
|upkeep
|
|t:|1779702226
|switch|p1a: Entei|Entei|100/100
|turn|12
|
|t:|1779702229
|move|p1a: Entei|Extreme Speed|p2a: Raging Bolt
|-damage|p2a: Raging Bolt|0 fnt
|faint|p2a: Raging Bolt
|-end|p2a: Raging Bolt|Protosynthesis|[silent]
|
|upkeep
|
|t:|1779702231
|switch|p2a: Zamazenta|Zamazenta|100/100
|-damage|p2a: Zamazenta|94/100|[from] Stealth Rock
|-ability|p2a: Zamazenta|Dauntless Shield|boost
|-boost|p2a: Zamazenta|def|1
|turn|13
|
|t:|1779702236
|switch|p1a: Weezing|Weezing-Galar, M|100/100
|-ability|p1a: Weezing|Neutralizing Gas
|move|p2a: Zamazenta|Crunch|p1a: Weezing
|-resisted|p1a: Weezing
|-damage|p1a: Weezing|93/100
|-unboost|p1a: Weezing|def|1
|
|upkeep
|turn|14
|
|t:|1779702243
|switch|p2a: Iron Crown|Iron Crown|100/100
|-damage|p2a: Iron Crown|94/100|[from] Stealth Rock
|move|p1a: Weezing|Sludge Bomb|p2a: Iron Crown
|-immune|p2a: Iron Crown
|
|upkeep
|turn|15
|
|t:|1779702256
|-end|p1a: Weezing|ability: Neutralizing Gas
|switch|p1a: Entei|Entei|100/100
|move|p2a: Iron Crown|Volt Switch|p1a: Entei
|-crit|p1a: Entei
|-damage|p1a: Entei|31/100
|
|t:|1779702262
|-end|p2a: Iron Crown|Quark Drive|[silent]
|switch|p2a: Ogerpon|Ogerpon-Wellspring, F|100/100|[from] Volt Switch
|-damage|p2a: Ogerpon|88/100|[from] Stealth Rock
|
|upkeep
|turn|16
|
|t:|1779702267
|move|p1a: Entei|Extreme Speed|p2a: Ogerpon
|-damage|p2a: Ogerpon|40/100
|move|p2a: Ogerpon|Ivy Cudgel|p1a: Entei|[anim] Ivy Cudgel Water
|-supereffective|p1a: Entei
|-damage|p1a: Entei|0 fnt
|faint|p1a: Entei
|
|upkeep
|
|t:|1779702273
|switch|p1a: Dragapult|Dragapult, M, tera:Ghost|29/100
|turn|17
|
|t:|1779702278
|move|p1a: Dragapult|Dragon Darts|p2a: Ogerpon
|-damage|p2a: Ogerpon|11/100
|-anim|p1a: Dragapult|Dragon Darts|p2a: Ogerpon
|-damage|p2a: Ogerpon|0 fnt
|faint|p2a: Ogerpon
|
|upkeep
|
|t:|1779702286
|switch|p2a: Iron Crown|Iron Crown|94/100
|-damage|p2a: Iron Crown|88/100|[from] Stealth Rock
|turn|18
|
|t:|1779702299
|-terastallize|p2a: Iron Crown|Steel
|move|p1a: Dragapult|U-turn|p2a: Iron Crown
|-resisted|p2a: Iron Crown
|-damage|p2a: Iron Crown|78/100
|
|t:|1779702302
|switch|p1a: Samurott|Samurott-Hisui, M|100/100|[from] U-turn
|move|p2a: Iron Crown|Volt Switch|p1a: Samurott
|-supereffective|p1a: Samurott
|-damage|p1a: Samurott|47/100
|
|t:|1779702304
|-end|p2a: Iron Crown|Quark Drive|[silent]
|switch|p2a: Zamazenta|Zamazenta|94/100|[from] Volt Switch
|-damage|p2a: Zamazenta|88/100|[from] Stealth Rock
|
|upkeep
|turn|19
|
|t:|1779702309
|switch|p1a: Weezing|Weezing-Galar, M|93/100
|-ability|p1a: Weezing|Neutralizing Gas
|move|p2a: Zamazenta|Body Press|p1a: Weezing
|-resisted|p1a: Weezing
|-damage|p1a: Weezing|86/100
|
|upkeep
|turn|20
|
|t:|1779702323
|-end|p1a: Weezing|ability: Neutralizing Gas
|switch|p1a: Samurott|Samurott-Hisui, M|47/100
|move|p2a: Zamazenta|Iron Defense|p2a: Zamazenta
|-boost|p2a: Zamazenta|def|2
|
|upkeep
|turn|21
|
|t:|1779702328
|switch|p1a: Weezing|Weezing-Galar, M|86/100
|-ability|p1a: Weezing|Neutralizing Gas
|move|p2a: Zamazenta|Body Press|p1a: Weezing
|-resisted|p1a: Weezing
|-damage|p1a: Weezing|72/100
|
|upkeep
|turn|22
|
|t:|1779702332
|switch|p2a: Iron Crown|Iron Crown, tera:Steel|78/100
|-damage|p2a: Iron Crown|72/100|[from] Stealth Rock
|move|p1a: Weezing|Toxic Spikes|p2a: Iron Crown
|-sidestart|p2: catcat77|move: Toxic Spikes
|
|upkeep
|turn|23
|
|t:|1779702348
|-end|p1a: Weezing|ability: Neutralizing Gas
|switch|p1a: Samurott|Samurott-Hisui, M|47/100
|move|p2a: Iron Crown|Tachyon Cutter|p1a: Samurott
|-resisted|p1a: Samurott
|-damage|p1a: Samurott|27/100
|-resisted|p1a: Samurott
|-damage|p1a: Samurott|9/100
|-hitcount|p1a: Samurott|2
|
|upkeep
|turn|24
|
|t:|1779702355
|move|p1a: Samurott|Sucker Punch|p2a: Iron Crown
|-damage|p2a: Iron Crown|41/100
|move|p2a: Iron Crown|Tachyon Cutter|p1a: Samurott
|-resisted|p1a: Samurott
|-damage|p1a: Samurott|0 fnt
|faint|p1a: Samurott
|-hitcount|p1: Samurott|1
|
|upkeep
|
|t:|1779702363
|switch|p1a: Dragapult|Dragapult, M, tera:Ghost|29/100
|turn|25
|
|t:|1779702366
|move|p1a: Dragapult|Hex|p2a: Iron Crown
|-damage|p2a: Iron Crown|0 fnt
|faint|p2a: Iron Crown
|-end|p2a: Iron Crown|Quark Drive|[silent]
|
|upkeep
|
|t:|1779702368
|switch|p2a: Zamazenta|Zamazenta|88/100
|-damage|p2a: Zamazenta|82/100|[from] Stealth Rock
|-status|p2a: Zamazenta|psn
|turn|26
|
|t:|1779702373
|move|p1a: Dragapult|Hex|p2a: Zamazenta
|-damage|p2a: Zamazenta|10/100 psn
|move|p2a: Zamazenta|Iron Defense|p2a: Zamazenta
|-boost|p2a: Zamazenta|def|2
|
|-damage|p2a: Zamazenta|0 fnt|[from] psn
|faint|p2a: Zamazenta
|
|win|Ballerr
|raw|Ballerr's rating: 1434 &rarr; <strong>1457</strong><br />(+23 for winning)
|raw|catcat77's rating: 1483 &rarr; <strong>1460</strong><br />(-23 for losing)
|l|☆catcat77
|player|p2|
|c|☆Ballerr|gg
|l|☆Ballerr
|player|p1|
