|j|☆skibidiwatermelon
|j|☆dazhigg
|t:|1779611420
|gametype|singles
|player|p1|skibidiwatermelon|nurse|1312
|player|p2|dazhigg|schoolkid-gen4|1321
|gen|9
|tier|[Gen 9] OU
|rated|
|rule|HP Percentage Mod: HP is shown in percentages
|rule|Endless Battle Clause: Forcing endless battles is banned
|rule|Species Clause: Limit one of each Pokémon
|rule|OHKO Clause: OHKO moves are banned
|rule|Evasion Items Clause: Evasion items are banned
|rule|Evasion Moves Clause: Evasion moves are banned
|rule|Evasion Abilities Clause: Evasion abilities are banned
|rule|Sleep Moves Clause: Sleep-inducing moves are banned
|clearpoke
|poke|p1|Ursaluna, M|
|poke|p1|Slowking-Galar, M|
|poke|p1|Cinderace, F|
|poke|p1|Kyurem|
|poke|p1|Landorus-Therian, M|
|poke|p1|Iron Valiant|
|poke|p2|Whimsicott, M|
|poke|p2|Great Tusk|
|poke|p2|Dragonite, M|
|poke|p2|Iron Moth|
|poke|p2|Ninetales, M|
|poke|p2|Walking Wake|
|teampreview
|inactive|Battle timer is ON: inactive players will automatically lose when time's up. (requested by skibidiwatermelon)
|
|t:|1779611429
|teamsize|p1|6
|teamsize|p2|6
|start
|switch|p1a: Slowking|Slowking-Galar, M|100/100
|switch|p2a: Walking Wake|Walking Wake|100/100
|turn|1
|
|t:|1779611439
|move|p2a: Walking Wake|Hydro Steam|p1a: Slowking
|-crit|p1a: Slowking
|-damage|p1a: Slowking|24/100
|move|p1a: Slowking|Thunder Wave|p2a: Walking Wake
|-status|p2a: Walking Wake|par
|
|upkeep
|turn|2
|
|t:|1779611448
|switch|p1a: Kyurem|Kyurem|100/100
|-ability|p1a: Kyurem|Pressure
|move|p2a: Walking Wake|Hydro Steam|p1a: Kyurem
|-resisted|p1a: Kyurem
|-damage|p1a: Kyurem|80/100
|
|upkeep
|turn|3
|
|t:|1779611462
|-end|p2a: Walking Wake|Protosynthesis|[silent]
|switch|p2a: Ninetales|Ninetales, M|100/100
|-weather|SunnyDay|[from] ability: Drought|[of] p2a: Ninetales
|move|p1a: Kyurem|Earth Power|p2a: Ninetales
|-supereffective|p2a: Ninetales
|-damage|p2a: Ninetales|49/100
|
|-weather|SunnyDay|[upkeep]
|upkeep
|turn|4
|
|t:|1779611482
|switch|p2a: Whimsicott|Whimsicott, M|100/100
|move|p1a: Kyurem|Ice Beam|p2a: Whimsicott
|-supereffective|p2a: Whimsicott
|-damage|p2a: Whimsicott|0 fnt
|faint|p2a: Whimsicott
|
|-weather|SunnyDay|[upkeep]
|upkeep
|inactive|dazhigg has 120 seconds left.
|
|t:|1779611522
|switch|p2a: Iron Moth|Iron Moth|100/100
|-enditem|p2a: Iron Moth|Booster Energy
|-activate|p2a: Iron Moth|ability: Quark Drive|[fromitem]
|-start|p2a: Iron Moth|quarkdrivespe
|turn|5
|
|t:|1779611530
|-terastallize|p2a: Iron Moth|Grass
|move|p2a: Iron Moth|Fiery Dance|p1a: Kyurem
|-damage|p1a: Kyurem|42/100
|-boost|p2a: Iron Moth|spa|1
|move|p1a: Kyurem|Earth Power|p2a: Iron Moth
|-resisted|p2a: Iron Moth
|-damage|p2a: Iron Moth|88/100
|
|-weather|SunnyDay|[upkeep]
|upkeep
|turn|6
|
|t:|1779611546
|move|p2a: Iron Moth|Fiery Dance|p1a: Kyurem
|-crit|p1a: Kyurem
|-damage|p1a: Kyurem|0 fnt
|-boost|p2a: Iron Moth|spa|1
|faint|p1a: Kyurem
|
|-weather|SunnyDay|[upkeep]
|upkeep
|
|t:|1779611560
|switch|p1a: Iron Valiant|Iron Valiant|100/100
|turn|7
|
|t:|1779611565
|move|p1a: Iron Valiant|Trick|p2a: Iron Moth
|-activate|p1a: Iron Valiant|move: Trick|[of] p2a: Iron Moth
|-item|p2a: Iron Moth|Choice Scarf|[from] move: Trick
|-enditem|p1a: Iron Valiant|Choice Scarf|[silent]|[from] move: Trick
|move|p2a: Iron Moth|Sludge Wave|p1a: Iron Valiant
|-supereffective|p1a: Iron Valiant
|-damage|p1a: Iron Valiant|0 fnt
|faint|p1a: Iron Valiant
|-end|p1a: Iron Valiant|Quark Drive|[silent]
|
|-weather|SunnyDay|[upkeep]
|upkeep
|
|t:|1779611572
|switch|p1a: Ursaluna|Ursaluna, M|100/100
|turn|8
|
|t:|1779611578
|move|p1a: Ursaluna|Protect|p1a: Ursaluna
|-singleturn|p1a: Ursaluna|Protect
|move|p2a: Iron Moth|Sludge Wave|p1a: Ursaluna
|-activate|p1a: Ursaluna|move: Protect
|
|-weather|SunnyDay|[upkeep]
|upkeep
|turn|9
|inactive|skibidiwatermelon has 120 seconds left.
|
|t:|1779611611
|move|p2a: Iron Moth|Sludge Wave|p1a: Ursaluna
|-resisted|p1a: Ursaluna
|-damage|p1a: Ursaluna|70/100
|move|p1a: Ursaluna|Ice Punch|p2a: Iron Moth
|-supereffective|p2a: Iron Moth
|-damage|p2a: Iron Moth|22/100
|
|-weather|SunnyDay|[upkeep]
|-heal|p1a: Ursaluna|77/100|[from] item: Leftovers
|upkeep
|turn|10
|inactive|skibidiwatermelon has 120 seconds left.
|inactive|dazhigg has 120 seconds left.
|
|t:|1779611637
|-end|p2a: Iron Moth|Quark Drive|[silent]
|switch|p2a: Great Tusk|Great Tusk|100/100
|-activate|p2a: Great Tusk|ability: Protosynthesis
|-start|p2a: Great Tusk|protosynthesisspe
|move|p1a: Ursaluna|Ice Punch|p2a: Great Tusk
|-supereffective|p2a: Great Tusk
|-damage|p2a: Great Tusk|65/100
|
|-weather|none
|-end|p2a: Great Tusk|Protosynthesis
|-heal|p2a: Great Tusk|71/100|[from] item: Leftovers
|-heal|p1a: Ursaluna|83/100|[from] item: Leftovers
|upkeep
|turn|11
|inactive|skibidiwatermelon has 120 seconds left.
|inactive|dazhigg has 120 seconds left.
|
|t:|1779611649
|switch|p1a: Landorus|Landorus-Therian, M|100/100
|-ability|p1a: Landorus|Intimidate|boost
|-unboost|p2a: Great Tusk|atk|1
|move|p2a: Great Tusk|Bulk Up|p2a: Great Tusk
|-boost|p2a: Great Tusk|atk|1
|-boost|p2a: Great Tusk|def|1
|
|-heal|p2a: Great Tusk|77/100|[from] item: Leftovers
|upkeep
|turn|12
|inactive|skibidiwatermelon has 120 seconds left.
|inactive|dazhigg has 120 seconds left.
|
|t:|1779611661
|move|p1a: Landorus|Psychic|p2a: Great Tusk
|-supereffective|p2a: Great Tusk
|-damage|p2a: Great Tusk|28/100
|move|p2a: Great Tusk|Bulk Up|p2a: Great Tusk
|-boost|p2a: Great Tusk|atk|1
|-boost|p2a: Great Tusk|def|1
|
|-heal|p2a: Great Tusk|34/100|[from] item: Leftovers
|upkeep
|turn|13
|inactive|skibidiwatermelon has 120 seconds left.
|inactive|dazhigg has 120 seconds left.
|
|t:|1779611704
|switch|p1a: Cinderace|Cinderace, F|100/100
|-end|p2a: Great Tusk|Protosynthesis|[silent]
|switch|p2a: Iron Moth|Iron Moth, tera:Grass|22/100
|
|upkeep
|turn|14
|inactive|dazhigg has 90 seconds left.
|
|t:|1779611734
|-end|p2a: Iron Moth|Quark Drive|[silent]
|switch|p2a: Ninetales|Ninetales, M|49/100
|-weather|SunnyDay|[from] ability: Drought|[of] p2a: Ninetales
|move|p1a: Cinderace|U-turn|p2a: Ninetales
|-resisted|p2a: Ninetales
|-damage|p2a: Ninetales|37/100
|
|t:|1779611740
|switch|p1a: Ursaluna|Ursaluna, M|83/100|[from] U-turn
|
|-weather|SunnyDay|[upkeep]
|-heal|p1a: Ursaluna|89/100|[from] item: Leftovers
|upkeep
|turn|15
|l|☆dazhigg
|inactive|dazhigg disconnected and has a minute to reconnect!
|player|p2|
|inactive|skibidiwatermelon has 120 seconds left.
|j|☆dazhigg
|inactive|dazhigg reconnected and has 85 seconds left.
|player|p2|dazhigg|schoolkid-gen4|
|
|t:|1779611769
|move|p2a: Ninetales|Will-O-Wisp|p1a: Ursaluna
|-status|p1a: Ursaluna|brn
|move|p1a: Ursaluna|Earthquake|p2a: Ninetales
|-supereffective|p2a: Ninetales
|-damage|p2a: Ninetales|0 fnt
|faint|p2a: Ninetales
|
|-weather|SunnyDay|[upkeep]
|-heal|p1a: Ursaluna|95/100 brn|[from] item: Leftovers
|-damage|p1a: Ursaluna|89/100 brn|[from] brn
|upkeep
|
|t:|1779611794
|switch|p2a: Walking Wake|Walking Wake|100/100 par
|-activate|p2a: Walking Wake|ability: Protosynthesis
|-start|p2a: Walking Wake|protosynthesisspa
|turn|16
|
|t:|1779611803
|move|p1a: Ursaluna|Protect|p1a: Ursaluna
|-singleturn|p1a: Ursaluna|Protect
|move|p2a: Walking Wake|Hydro Steam|p1a: Ursaluna
|-activate|p1a: Ursaluna|move: Protect
|
|-weather|SunnyDay|[upkeep]
|-heal|p1a: Ursaluna|95/100 brn|[from] item: Leftovers
|-damage|p1a: Ursaluna|89/100 brn|[from] brn
|upkeep
|turn|17
|
|t:|1779611822
|switch|p1a: Landorus|Landorus-Therian, M|100/100
|-ability|p1a: Landorus|Intimidate|boost
|-unboost|p2a: Walking Wake|atk|1
|move|p2a: Walking Wake|Hydro Steam|p1a: Landorus
|-supereffective|p1a: Landorus
|-damage|p1a: Landorus|0 fnt
|faint|p1a: Landorus
|
|-weather|SunnyDay|[upkeep]
|upkeep
|inactive|skibidiwatermelon has 90 seconds left.
|
|t:|1779611854
|switch|p1a: Slowking|Slowking-Galar, M|57/100
|turn|18
|
|t:|1779611859
|-terastallize|p1a: Slowking|Water
|move|p2a: Walking Wake|Hydro Steam|p1a: Slowking
|-resisted|p1a: Slowking
|-damage|p1a: Slowking|8/100
|-prepare|p1a: Slowking|Chilly Reception|[premajor]
|move|p1a: Slowking|Chilly Reception|p1a: Slowking
|-weather|Snowscape
|-end|p2a: Walking Wake|Protosynthesis
|inactive|skibidiwatermelon has 90 seconds left.
|
|t:|1779611871
|switch|p1a: Ursaluna|Ursaluna, M|89/100 brn|[from] Chilly Reception
|
|-weather|Snowscape|[upkeep]
|-heal|p1a: Ursaluna|95/100 brn|[from] item: Leftovers
|-damage|p1a: Ursaluna|89/100 brn|[from] brn
|upkeep
|turn|19
|
|t:|1779611879
|move|p2a: Walking Wake|Hydro Steam|p1a: Ursaluna
|-supereffective|p1a: Ursaluna
|-damage|p1a: Ursaluna|12/100 brn
|move|p1a: Ursaluna|Earthquake|p2a: Walking Wake
|-damage|p2a: Walking Wake|24/100 par
|
|-weather|Snowscape|[upkeep]
|-heal|p1a: Ursaluna|18/100 brn|[from] item: Leftovers
|-damage|p1a: Ursaluna|12/100 brn|[from] brn
|upkeep
|turn|20
|
|t:|1779611891
|move|p2a: Walking Wake|Hydro Steam|p1a: Ursaluna
|-supereffective|p1a: Ursaluna
|-damage|p1a: Ursaluna|0 fnt
|faint|p1a: Ursaluna
|
|-weather|Snowscape|[upkeep]
|upkeep
|inactive|skibidiwatermelon has 90 seconds left.
|
|t:|1779611906
|switch|p1a: Slowking|Slowking-Galar, M, tera:Water|41/100
|turn|21
|
|t:|1779611918
|-end|p2a: Walking Wake|Protosynthesis|[silent]
|switch|p2a: Iron Moth|Iron Moth, tera:Grass|22/100
|move|p1a: Slowking|Sludge Bomb|p2a: Iron Moth
|-supereffective|p2a: Iron Moth
|-damage|p2a: Iron Moth|0 fnt
|faint|p2a: Iron Moth
|-end|p2a: Iron Moth|Quark Drive|[silent]
|
|-weather|Snowscape|[upkeep]
|upkeep
|inactive|dazhigg has 90 seconds left.
|
|t:|1779611934
|switch|p2a: Walking Wake|Walking Wake|24/100 par
|turn|22
|
|t:|1779611942
|cant|p2a: Walking Wake|par
|move|p1a: Slowking|Sludge Bomb|p2a: Walking Wake
|-damage|p2a: Walking Wake|0 fnt
|faint|p2a: Walking Wake
|-end|p2a: Walking Wake|Protosynthesis|[silent]
|
|-weather|none
|upkeep
|inactive|dazhigg has 90 seconds left.
|
|t:|1779611956
|switch|p2a: Dragonite|Dragonite, M|100/100
|turn|23
|inactive|skibidiwatermelon has 120 seconds left.
|
|t:|1779611965
|move|p2a: Dragonite|Dragon Dance|p2a: Dragonite
|-boost|p2a: Dragonite|atk|1
|-boost|p2a: Dragonite|spe|1
|move|p1a: Slowking|Thunder Wave|p2a: Dragonite
|-status|p2a: Dragonite|par
|
|upkeep
|turn|24
|inactive|dazhigg has 90 seconds left.
|
|t:|1779611981
|move|p2a: Dragonite|Earthquake|p1a: Slowking
|-damage|p1a: Slowking|0 fnt
|faint|p1a: Slowking
|
|upkeep
|
|t:|1779611985
|switch|p1a: Cinderace|Cinderace, F|100/100
|turn|25
|l|☆skibidiwatermelon
|inactive|skibidiwatermelon disconnected and has a minute to reconnect!
|player|p1|
|inactive|skibidiwatermelon has 30 seconds to reconnect!
|inactive|skibidiwatermelon has 20 seconds to reconnect!
|inactive|skibidiwatermelon has 15 seconds to reconnect!
|inactive|skibidiwatermelon has 10 seconds to reconnect!
|inactive|skibidiwatermelon has 5 seconds to reconnect!
|-message|skibidiwatermelon lost due to inactivity.
|
|win|dazhigg
|raw|skibidiwatermelon's rating: 1312 &rarr; <strong>1293</strong><br />(-19 for losing)
|raw|dazhigg's rating: 1321 &rarr; <strong>1340</strong><br />(+19 for winning)
|l|☆dazhigg
|player|p2|
