|j|☆owlwaystired
|j|☆yoki
|t:|1779686988
|gametype|singles
|player|p1|owlwaystired|169|1478
|player|p2|yoki|2|1489
|gen|9
|tier|[Gen 9] OU
|rated|
|rule|HP Percentage Mod: HP is shown in percentages
|rule|Endless Battle Clause: Forcing endless battles is banned
|rule|Species Clause: Limit one of each Pokémon
|rule|OHKO Clause: OHKO moves are banned
|rule|Evasion Items Clause: Evasion items are banned
|rule|Evasion Moves Clause: Evasion moves are banned
|rule|Evasion Abilities Clause: Evasion abilities are banned
|rule|Sleep Moves Clause: Sleep-inducing moves are banned
|clearpoke
|poke|p1|Primarina, F|
|poke|p1|Grimmsnarl, M|
|poke|p1|Lokix, F|
|poke|p1|Walking Wake|
|poke|p1|Kingambit, F|
|poke|p1|Iron Moth|
|poke|p2|Slowking-Galar, M|
|poke|p2|Great Tusk|
|poke|p2|Kyurem|
|poke|p2|Garganacl, F|
|poke|p2|Darkrai|
|poke|p2|Zapdos|
|teampreview
|inactive|Battle timer is ON: inactive players will automatically lose when time's up. (requested by owlwaystired)
|
|t:|1779687009
|teamsize|p1|6
|teamsize|p2|6
|start
|switch|p1a: Walking Wake|Walking Wake|100/100
|switch|p2a: Slowking|Slowking-Galar, M|100/100
|-enditem|p1a: Walking Wake|Booster Energy
|-activate|p1a: Walking Wake|ability: Protosynthesis|[fromitem]
|-start|p1a: Walking Wake|protosynthesisspa
|turn|1
|
|t:|1779687014
|move|p1a: Walking Wake|Scald|p2a: Slowking
|-damage|p2a: Slowking|64/100
|move|p2a: Slowking|Thunder Wave|p1a: Walking Wake
|-status|p1a: Walking Wake|par
|
|upkeep
|turn|2
|
|t:|1779687024
|move|p1a: Walking Wake|Dragon Pulse|p2a: Slowking
|-crit|p2a: Slowking
|-damage|p2a: Slowking|6/100
|-prepare|p2a: Slowking|Chilly Reception|[premajor]
|move|p2a: Slowking|Chilly Reception|p2a: Slowking
|-weather|Snowscape
|
|t:|1779687030
|switch|p2a: Kyurem|Kyurem|100/100|[from] Chilly Reception
|-ability|p2a: Kyurem|Pressure
|
|-weather|Snowscape|[upkeep]
|upkeep
|turn|3
|
|t:|1779687038
|-end|p1a: Walking Wake|Protosynthesis|[silent]
|switch|p1a: Iron Moth|Iron Moth|100/100
|-enditem|p1a: Iron Moth|Booster Energy
|-activate|p1a: Iron Moth|ability: Quark Drive|[fromitem]
|-start|p1a: Iron Moth|quarkdrivespa
|-terastallize|p2a: Kyurem|Ice
|move|p2a: Kyurem|Freeze-Dry|p1a: Iron Moth
|-resisted|p1a: Iron Moth
|-damage|p1a: Iron Moth|59/100
|
|-weather|Snowscape|[upkeep]
|upkeep
|turn|4
|
|t:|1779687050
|switch|p2a: Garganacl|Garganacl, F|100/100
|move|p1a: Iron Moth|Fiery Dance|p2a: Garganacl
|-resisted|p2a: Garganacl
|-damage|p2a: Garganacl|75/100
|-boost|p1a: Iron Moth|spa|1
|
|-weather|Snowscape|[upkeep]
|-heal|p2a: Garganacl|81/100|[from] item: Leftovers
|upkeep
|turn|5
|
|t:|1779687061
|-terastallize|p1a: Iron Moth|Bug
|move|p1a: Iron Moth|Bug Buzz|p2a: Garganacl
|-damage|p2a: Garganacl|0 fnt
|faint|p2a: Garganacl
|
|-weather|Snowscape|[upkeep]
|upkeep
|
|t:|1779687066
|switch|p2a: Zapdos|Zapdos, shiny|100/100
|turn|6
|
|t:|1779687074
|move|p1a: Iron Moth|Sludge Wave|p2a: Zapdos
|-damage|p2a: Zapdos|6/100
|move|p2a: Zapdos|Thunder Wave|p1a: Iron Moth
|-status|p1a: Iron Moth|par
|
|-weather|none
|upkeep
|turn|7
|
|t:|1779687101
|move|p2a: Zapdos|Hurricane|p1a: Iron Moth|[miss]
|-miss|p2a: Zapdos|p1a: Iron Moth
|move|p1a: Iron Moth|Fiery Dance|p2a: Zapdos
|-crit|p2a: Zapdos
|-damage|p2a: Zapdos|0 fnt
|faint|p2a: Zapdos
|
|upkeep
|inactive|yoki has 120 seconds left.
|
|t:|1779687113
|switch|p2a: Kyurem|Kyurem, tera:Ice|100/100
|-ability|p2a: Kyurem|Pressure
|turn|8
|
|t:|1779687129
|move|p2a: Kyurem|Freeze-Dry|p1a: Iron Moth
|-damage|p1a: Iron Moth|0 fnt
|faint|p1a: Iron Moth
|-end|p1a: Iron Moth|Quark Drive|[silent]
|
|upkeep
|
|t:|1779687141
|switch|p1a: Kingambit|Kingambit, F|100/100
|-activate|p1a: Kingambit|ability: Supreme Overlord
|-start|p1a: Kingambit|fallen1|[silent]
|turn|9
|
|t:|1779687147
|switch|p2a: Great Tusk|Great Tusk|100/100
|move|p1a: Kingambit|Iron Head|p2a: Great Tusk
|-damage|p2a: Great Tusk|67/100
|
|-heal|p2a: Great Tusk|73/100|[from] item: Leftovers
|upkeep
|turn|10
|
|t:|1779687159
|-end|p1a: Kingambit|fallen1|[silent]
|switch|p1a: Primarina|Primarina, F|100/100
|move|p2a: Great Tusk|Headlong Rush|p1a: Primarina
|-damage|p1a: Primarina|25/100
|-unboost|p2a: Great Tusk|def|1
|-unboost|p2a: Great Tusk|spd|1
|
|-heal|p2a: Great Tusk|79/100|[from] item: Leftovers
|upkeep
|turn|11
|
|t:|1779687167
|-end|p2a: Great Tusk|Protosynthesis|[silent]
|switch|p2a: Slowking|Slowking-Galar, M|39/100
|move|p1a: Primarina|Aqua Jet|p2a: Slowking
|-damage|p2a: Slowking|18/100
|
|upkeep
|turn|12
|
|t:|1779687175
|move|p1a: Primarina|Sparkling Aria|p2a: Slowking
|-damage|p2a: Slowking|0 fnt
|faint|p2a: Slowking
|
|upkeep
|
|t:|1779687178
|switch|p2a: Kyurem|Kyurem, tera:Ice|100/100
|-ability|p2a: Kyurem|Pressure
|turn|13
|
|t:|1779687186
|move|p1a: Primarina|Aqua Jet|p2a: Kyurem
|-damage|p2a: Kyurem|80/100
|move|p2a: Kyurem|Freeze-Dry|p1a: Primarina
|-supereffective|p1a: Primarina
|-damage|p1a: Primarina|0 fnt
|faint|p1a: Primarina
|
|upkeep
|
|t:|1779687201
|switch|p1a: Lokix|Lokix, F|100/100
|turn|14
|
|t:|1779687204
|move|p1a: Lokix|First Impression|p2a: Kyurem
|-damage|p2a: Kyurem|35/100
|move|p2a: Kyurem|Freeze-Dry|p1a: Lokix
|-damage|p1a: Lokix|0 fnt
|faint|p1a: Lokix
|
|upkeep
|
|t:|1779687216
|switch|p1a: Grimmsnarl|Grimmsnarl, M|100/100
|turn|15
|
|t:|1779687222
|move|p1a: Grimmsnarl|Sucker Punch|p2a: Kyurem
|-damage|p2a: Kyurem|0 fnt
|faint|p2a: Kyurem
|
|upkeep
|
|t:|1779687227
|switch|p2a: Darkrai|Darkrai|100/100
|turn|16
|
|t:|1779687230
|move|p2a: Darkrai|Sludge Bomb|p1a: Grimmsnarl
|-supereffective|p1a: Grimmsnarl
|-damage|p1a: Grimmsnarl|35/100
|move|p1a: Grimmsnarl|Spirit Break|p2a: Darkrai
|-supereffective|p2a: Darkrai
|-damage|p2a: Darkrai|0 fnt
|faint|p2a: Darkrai
|
|-heal|p1a: Grimmsnarl|41/100|[from] item: Leftovers
|upkeep
|
|t:|1779687233
|switch|p2a: Great Tusk|Great Tusk|79/100
|turn|17
|
|t:|1779687239
|move|p2a: Great Tusk|Headlong Rush|p1a: Grimmsnarl
|-damage|p1a: Grimmsnarl|0 fnt
|-unboost|p2a: Great Tusk|def|1
|-unboost|p2a: Great Tusk|spd|1
|faint|p1a: Grimmsnarl
|
|-heal|p2a: Great Tusk|86/100|[from] item: Leftovers
|upkeep
|
|t:|1779687243
|switch|p1a: Walking Wake|Walking Wake|100/100 par
|turn|18
|
|t:|1779687247
|move|p2a: Great Tusk|Headlong Rush|p1a: Walking Wake
|-damage|p1a: Walking Wake|36/100 par
|-unboost|p2a: Great Tusk|def|1
|-unboost|p2a: Great Tusk|spd|1
|move|p1a: Walking Wake|Scald|p2a: Great Tusk
|-supereffective|p2a: Great Tusk
|-damage|p2a: Great Tusk|0 fnt
|faint|p2a: Great Tusk
|-end|p2a: Great Tusk|Protosynthesis|[silent]
|
|win|owlwaystired
|raw|owlwaystired's rating: 1478 &rarr; <strong>1499</strong><br />(+21 for winning)
|raw|yoki's rating: 1489 &rarr; <strong>1468</strong><br />(-21 for losing)
|l|☆yoki
|player|p2|
|l|☆owlwaystired
|player|p1|
