|j|☆Superweeegeegamur
|j|☆my shitters
|t:|1779644920
|gametype|singles
|player|p1|Superweeegeegamur|nate|1374
|player|p2|my shitters|dancer-gen7|1377
|gen|9
|tier|[Gen 9] OU
|rated|
|rule|HP Percentage Mod: HP is shown in percentages
|rule|Endless Battle Clause: Forcing endless battles is banned
|rule|Species Clause: Limit one of each Pokémon
|rule|OHKO Clause: OHKO moves are banned
|rule|Evasion Items Clause: Evasion items are banned
|rule|Evasion Moves Clause: Evasion moves are banned
|rule|Evasion Abilities Clause: Evasion abilities are banned
|rule|Sleep Moves Clause: Sleep-inducing moves are banned
|clearpoke
|poke|p1|Zamazenta-*|
|poke|p1|Porygon-Z|
|poke|p1|Skeledirge, F|
|poke|p1|Alomomola, F|
|poke|p1|Ting-Lu|
|poke|p1|Corviknight, F|
|poke|p2|Sableye, F|
|poke|p2|Alcremie-Ruby-Swirl, F|
|poke|p2|Squawkabilly-Blue, M|
|poke|p2|Primeape, F|
|poke|p2|Brute Bonnet|
|poke|p2|Ursaring, M|
|teampreview
|inactive|Battle timer is ON: inactive players will automatically lose when time's up. (requested by my shitters)
|
|t:|1779644949
|teamsize|p1|6
|teamsize|p2|6
|start
|switch|p1a: Ting-Lu|Ting-Lu|100/100
|switch|p2a: BillyBlutcher|Squawkabilly-Blue, M|100/100
|-ability|p2a: BillyBlutcher|Intimidate|boost
|-unboost|p1a: Ting-Lu|atk|1
|-ability|p1a: Ting-Lu|Vessel of Ruin
|turn|1
|
|t:|1779644959
|move|p2a: BillyBlutcher|Final Gambit|p1a: Ting-Lu
|-damage|p1a: Ting-Lu|29/100
|faint|p2a: BillyBlutcher
|move|p1a: Ting-Lu|Stealth Rock|p2: BillyBlutcher
|-sidestart|p2: my shitters|move: Stealth Rock
|
|-heal|p1a: Ting-Lu|35/100|[from] item: Leftovers
|upkeep
|
|t:|1779644968
|switch|p2a: UngaBoonguss|Brute Bonnet|100/100
|-damage|p2a: UngaBoonguss|88/100|[from] Stealth Rock
|-enditem|p2a: UngaBoonguss|Booster Energy
|-activate|p2a: UngaBoonguss|ability: Protosynthesis|[fromitem]
|-start|p2a: UngaBoonguss|protosynthesisatk
|turn|2
|
|t:|1779644979
|switch|p1a: Corviknight|Corviknight, F|100/100
|-ability|p1a: Corviknight|Pressure
|move|p2a: UngaBoonguss|Seed Bomb|p1a: Corviknight
|-resisted|p1a: Corviknight
|-damage|p1a: Corviknight|93/100
|
|upkeep
|turn|3
|
|t:|1779644994
|-end|p2a: UngaBoonguss|Protosynthesis|[silent]
|switch|p2a: GemPostin|Sableye, F|100/100
|-damage|p2a: GemPostin|88/100|[from] Stealth Rock
|move|p1a: Corviknight|U-turn|p2a: GemPostin
|-damage|p2a: GemPostin|74/100
|
|t:|1779645009
|switch|p1a: Porygon-Z|Porygon-Z|100/100|[from] U-turn
|-ability|p1a: Porygon-Z|Download|boost
|-boost|p1a: Porygon-Z|spa|1
|
|upkeep
|turn|4
|
|t:|1779645025
|move|p2a: GemPostin|Light Screen|p2a: GemPostin
|-sidestart|p2: my shitters|move: Light Screen
|move|p1a: Porygon-Z|Ice Beam|p2a: GemPostin
|-damage|p2a: GemPostin|13/100
|-status|p2a: GemPostin|frz
|
|upkeep
|turn|5
|
|t:|1779645031
|cant|p2a: GemPostin|frz
|move|p1a: Porygon-Z|Ice Beam|p2a: GemPostin
|-damage|p2a: GemPostin|0 fnt
|faint|p2a: GemPostin
|
|upkeep
|
|t:|1779645049
|switch|p2a: RobotAlcremicDrive|Alcremie-Ruby-Swirl, F|100/100
|-damage|p2a: RobotAlcremicDrive|88/100|[from] Stealth Rock
|turn|6
|
|t:|1779645057
|switch|p1a: Skeledirge|Skeledirge, F|100/100
|move|p2a: RobotAlcremicDrive|Calm Mind|p2a: RobotAlcremicDrive
|-boost|p2a: RobotAlcremicDrive|spa|1
|-boost|p2a: RobotAlcremicDrive|spd|1
|
|-heal|p2a: RobotAlcremicDrive|94/100|[from] item: Leftovers
|upkeep
|turn|7
|
|t:|1779645077
|switch|p2a: UngaBoonguss|Brute Bonnet|88/100
|-damage|p2a: UngaBoonguss|76/100|[from] Stealth Rock
|move|p1a: Skeledirge|Torch Song|p2a: UngaBoonguss
|-supereffective|p2a: UngaBoonguss
|-damage|p2a: UngaBoonguss|50/100
|-boost|p1a: Skeledirge|spa|1
|
|upkeep
|turn|8
|
|t:|1779645086
|move|p1a: Skeledirge|Torch Song|p2a: UngaBoonguss
|-supereffective|p2a: UngaBoonguss
|-damage|p2a: UngaBoonguss|13/100
|-boost|p1a: Skeledirge|spa|1
|move|p2a: UngaBoonguss|Crunch|p1a: Skeledirge
|-supereffective|p1a: Skeledirge
|-damage|p1a: Skeledirge|32/100
|
|upkeep
|turn|9
|
|t:|1779645096
|move|p1a: Skeledirge|Torch Song|p2a: UngaBoonguss
|-supereffective|p2a: UngaBoonguss
|-damage|p2a: UngaBoonguss|0 fnt
|-boost|p1a: Skeledirge|spa|1
|faint|p2a: UngaBoonguss
|-end|p2a: UngaBoonguss|Protosynthesis|[silent]
|
|upkeep
|
|t:|1779645101
|switch|p2a: OnePunchBear|Ursaring, M|100/100
|-damage|p2a: OnePunchBear|88/100|[from] Stealth Rock
|turn|10
|
|t:|1779645105
|move|p2a: OnePunchBear|Earthquake|p1a: Skeledirge
|-supereffective|p1a: Skeledirge
|-damage|p1a: Skeledirge|0 fnt
|faint|p1a: Skeledirge
|
|-status|p2a: OnePunchBear|brn|[from] item: Flame Orb
|upkeep
|
|t:|1779645118
|switch|p1a: Zamazenta|Zamazenta|100/100
|-ability|p1a: Zamazenta|Dauntless Shield|boost
|-boost|p1a: Zamazenta|def|1
|turn|11
|
|t:|1779645125
|move|p1a: Zamazenta|Iron Defense|p1a: Zamazenta
|-boost|p1a: Zamazenta|def|2
|move|p2a: OnePunchBear|Facade|p1a: Zamazenta
|-damage|p1a: Zamazenta|64/100
|
|-heal|p1a: Zamazenta|70/100|[from] item: Leftovers
|-damage|p2a: OnePunchBear|82/100 brn|[from] brn
|-sideend|p2: my shitters|move: Light Screen
|upkeep
|turn|12
|
|t:|1779645136
|move|p1a: Zamazenta|Iron Defense|p1a: Zamazenta
|-boost|p1a: Zamazenta|def|2
|move|p2a: OnePunchBear|Facade|p1a: Zamazenta
|-damage|p1a: Zamazenta|46/100
|
|-heal|p1a: Zamazenta|52/100|[from] item: Leftovers
|-damage|p2a: OnePunchBear|76/100 brn|[from] brn
|upkeep
|turn|13
|
|t:|1779645152
|move|p1a: Zamazenta|Body Press|p2a: OnePunchBear
|-supereffective|p2a: OnePunchBear
|-damage|p2a: OnePunchBear|0 fnt
|faint|p2a: OnePunchBear
|
|-heal|p1a: Zamazenta|58/100|[from] item: Leftovers
|upkeep
|
|t:|1779645154
|switch|p2a: RobotAlcremicDrive|Alcremie-Ruby-Swirl, F|94/100
|-damage|p2a: RobotAlcremicDrive|82/100|[from] Stealth Rock
|turn|14
|
|t:|1779645169
|move|p1a: Zamazenta|Body Press|p2a: RobotAlcremicDrive
|-resisted|p2a: RobotAlcremicDrive
|-damage|p2a: RobotAlcremicDrive|21/100
|move|p2a: RobotAlcremicDrive|Acid Armor|p2a: RobotAlcremicDrive
|-boost|p2a: RobotAlcremicDrive|def|2
|
|-heal|p1a: Zamazenta|64/100|[from] item: Leftovers
|-heal|p2a: RobotAlcremicDrive|27/100|[from] item: Leftovers
|upkeep
|turn|15
|
|t:|1779645179
|move|p1a: Zamazenta|Body Press|p2a: RobotAlcremicDrive
|-resisted|p2a: RobotAlcremicDrive
|-damage|p2a: RobotAlcremicDrive|0 fnt
|faint|p2a: RobotAlcremicDrive
|
|-heal|p1a: Zamazenta|70/100|[from] item: Leftovers
|upkeep
|-message|my shitters forfeited.
|
|win|Superweeegeegamur
|raw|Superweeegeegamur's rating: 1374 &rarr; <strong>1393</strong><br />(+19 for winning)
|raw|my shitters's rating: 1359 &rarr; <strong>1340</strong><br />(-19 for losing)
|l|☆my shitters
|player|p2|
|l|☆Superweeegeegamur
|player|p1|
