|j|☆bihexual
|j|☆stan146
|t:|1779610999
|gametype|singles
|player|p1|bihexual|miku-ghost|1410
|player|p2|stan146|fisherman|1457
|gen|9
|tier|[Gen 9] OU
|rated|
|rule|HP Percentage Mod: HP is shown in percentages
|rule|Endless Battle Clause: Forcing endless battles is banned
|rule|Species Clause: Limit one of each Pokémon
|rule|OHKO Clause: OHKO moves are banned
|rule|Evasion Items Clause: Evasion items are banned
|rule|Evasion Moves Clause: Evasion moves are banned
|rule|Evasion Abilities Clause: Evasion abilities are banned
|rule|Sleep Moves Clause: Sleep-inducing moves are banned
|clearpoke
|poke|p1|Corviknight, F|
|poke|p1|Samurott-Hisui, F|
|poke|p1|Hatterene, F|
|poke|p1|Meloetta|
|poke|p1|Blaziken, F|
|poke|p1|Polteageist|
|poke|p2|Glimmora, F|
|poke|p2|Ribombee, M|
|poke|p2|Gholdengo|
|poke|p2|Samurott-Hisui, M|
|poke|p2|Kingambit, M|
|poke|p2|Dragonite, F|
|teampreview
|inactive|Battle timer is ON: inactive players will automatically lose when time's up. (requested by stan146)
|
|t:|1779611013
|teamsize|p1|6
|teamsize|p2|6
|start
|switch|p1a: Corviknight|Corviknight, F|100/100
|switch|p2a: Ribombee|Ribombee, M|100/100
|turn|1
|
|t:|1779611017
|move|p2a: Ribombee|Skill Swap|p1a: Corviknight
|-activate|p2a: Ribombee|Skill Swap|Mirror Armor|Shield Dust|[of] p1a: Corviknight
|move|p1a: Corviknight|Brave Bird|p2a: Ribombee
|-supereffective|p2a: Ribombee
|-enditem|p2a: Ribombee|Focus Sash
|-damage|p2a: Ribombee|1/100
|-damage|p1a: Corviknight|79/100|[from] Recoil
|
|upkeep
|turn|2
|
|t:|1779611023
|switch|p1a: Hatterene|Hatterene, F|100/100
|move|p2a: Ribombee|Skill Swap|p1a: Hatterene
|-activate|p2a: Ribombee|Skill Swap|Magic Bounce|Mirror Armor|[of] p1a: Hatterene
|
|upkeep
|turn|3
|
|t:|1779611030
|move|p2a: Ribombee|Sticky Web|p1a: Hatterene
|-sidestart|p1: bihexual|move: Sticky Web
|move|p1a: Hatterene|Calm Mind|p1a: Hatterene
|-boost|p1a: Hatterene|spa|1
|-boost|p1a: Hatterene|spd|1
|
|upkeep
|turn|4
|
|t:|1779611034
|move|p2a: Ribombee|Stun Spore|p1a: Hatterene|[miss]
|-miss|p2a: Ribombee|p1a: Hatterene
|move|p1a: Hatterene|Calm Mind|p1a: Hatterene
|-boost|p1a: Hatterene|spa|1
|-boost|p1a: Hatterene|spd|1
|
|upkeep
|turn|5
|
|t:|1779611038
|move|p2a: Ribombee|Stun Spore|p1a: Hatterene
|-status|p1a: Hatterene|par
|move|p1a: Hatterene|Calm Mind|p1a: Hatterene
|-boost|p1a: Hatterene|spa|1
|-boost|p1a: Hatterene|spd|1
|
|upkeep
|turn|6
|
|t:|1779611050
|switch|p2a: Samurott|Samurott-Hisui, M|100/100
|move|p1a: Hatterene|Calm Mind|p1a: Hatterene
|-boost|p1a: Hatterene|spa|1
|-boost|p1a: Hatterene|spd|1
|
|upkeep
|turn|7
|
|t:|1779611056
|move|p2a: Samurott|Ceaseless Edge|p1a: Hatterene
|-damage|p1a: Hatterene|61/100 par
|-sidestart|p1: bihexual|Spikes
|move|p1a: Hatterene|Draining Kiss|p2a: Samurott
|-supereffective|p2a: Samurott
|-enditem|p2a: Samurott|Focus Sash
|-damage|p2a: Samurott|1/100
|-heal|p1a: Hatterene|100/100 par|[from] drain|[of] p2a: Samurott
|
|upkeep
|turn|8
|
|t:|1779611071
|-terastallize|p1a: Hatterene|Water
|move|p2a: Samurott|Ceaseless Edge|p1a: Hatterene
|-damage|p1a: Hatterene|58/100 par
|-sidestart|p1: bihexual|Spikes
|move|p1a: Hatterene|Draining Kiss|p2a: Samurott
|-supereffective|p2a: Samurott
|-damage|p2a: Samurott|0 fnt
|-heal|p1a: Hatterene|58/100 par|[from] drain|[of] p2a: Samurott
|faint|p2a: Samurott
|
|-heal|p1a: Hatterene|64/100 par|[from] item: Leftovers
|upkeep
|
|t:|1779611087
|switch|p2a: Dragonite|Dragonite, F|100/100
|turn|9
|
|t:|1779611091
|-terastallize|p2a: Dragonite|Normal
|move|p2a: Dragonite|Extreme Speed|p1a: Hatterene
|-damage|p1a: Hatterene|3/100 par
|move|p1a: Hatterene|Draining Kiss|p2a: Dragonite
|-damage|p2a: Dragonite|66/100
|-heal|p1a: Hatterene|29/100 par|[from] drain|[of] p2a: Dragonite
|
|-heal|p1a: Hatterene|35/100 par|[from] item: Leftovers
|upkeep
|turn|10
|
|t:|1779611099
|switch|p1a: Polteageist|Polteageist|100/100
|-activate|p1a: Polteageist|move: Sticky Web
|-unboost|p1a: Polteageist|spe|1
|-damage|p1a: Polteageist|84/100|[from] Spikes
|move|p2a: Dragonite|Extreme Speed|p1a: Polteageist
|-immune|p1a: Polteageist
|
|upkeep
|turn|11
|
|t:|1779611103
|switch|p2a: Kingambit|Kingambit, M|100/100
|-activate|p2a: Kingambit|ability: Supreme Overlord
|-start|p2a: Kingambit|fallen1|[silent]
|move|p1a: Polteageist|Shell Smash|p1a: Polteageist
|-unboost|p1a: Polteageist|def|1
|-unboost|p1a: Polteageist|spd|1
|-boost|p1a: Polteageist|atk|2
|-boost|p1a: Polteageist|spa|2
|-boost|p1a: Polteageist|spe|2
|
|upkeep
|turn|12
|
|t:|1779611109
|move|p1a: Polteageist|Metronome|p1a: Polteageist
|move|p1a: Polteageist|Mud Shot|p2a: Kingambit|[from] move: Metronome
|-supereffective|p2a: Kingambit
|-damage|p2a: Kingambit|0 fnt
|faint|p2a: Kingambit
|-end|p2a: Kingambit|fallen1|[silent]
|
|upkeep
|
|t:|1779611122
|switch|p2a: Glimmora|Glimmora, F|100/100
|turn|13
|
|t:|1779611125
|move|p1a: Polteageist|Stored Power|p2a: Glimmora
|-supereffective|p2a: Glimmora
|-damage|p2a: Glimmora|0 fnt
|faint|p2a: Glimmora
|
|upkeep
|-message|stan146 forfeited.
|
|win|bihexual
|raw|bihexual's rating: 1410 &rarr; <strong>1433</strong><br />(+23 for winning)
|raw|stan146's rating: 1457 &rarr; <strong>1434</strong><br />(-23 for losing)
|l|☆stan146
|player|p2|
|l|☆bihexual
|player|p1|
