|j|☆WhyHinote
|j|☆Marraquet0
|t:|1779605867
|gametype|singles
|player|p1|WhyHinote|steven|1129
|player|p2|Marraquet0|265|1068
|gen|9
|tier|[Gen 9] OU
|rated|
|rule|HP Percentage Mod: HP is shown in percentages
|rule|Endless Battle Clause: Forcing endless battles is banned
|rule|Species Clause: Limit one of each Pokémon
|rule|OHKO Clause: OHKO moves are banned
|rule|Evasion Items Clause: Evasion items are banned
|rule|Evasion Moves Clause: Evasion moves are banned
|rule|Evasion Abilities Clause: Evasion abilities are banned
|rule|Sleep Moves Clause: Sleep-inducing moves are banned
|clearpoke
|poke|p1|Floatzel, F|
|poke|p1|Pelipper, M|
|poke|p1|Great Tusk|
|poke|p1|Clodsire, M|
|poke|p1|Kingambit, M|
|poke|p1|Amoonguss, M|
|poke|p2|Weezing-Galar, M|
|poke|p2|Ogerpon, F|
|poke|p2|Skarmory, M|
|poke|p2|Alomomola, M|
|poke|p2|Clodsire, M|
|poke|p2|Hydreigon, M|
|teampreview
|inactive|Battle timer is ON: inactive players will automatically lose when time's up. (requested by WhyHinote)
|
|t:|1779605935
|teamsize|p1|6
|teamsize|p2|6
|start
|switch|p1a: Clodsire|Clodsire, M|100/100
|switch|p2a: Anonymous|Ogerpon, F|100/100
|turn|1
|
|t:|1779605948
|move|p2a: Anonymous|Swords Dance|p2a: Anonymous
|-boost|p2a: Anonymous|atk|2
|move|p1a: Clodsire|Spikes|p2a: Anonymous
|-sidestart|p2: Marraquet0|Spikes
|
|upkeep
|turn|2
|
|t:|1779605957
|move|p2a: Anonymous|Ivy Cudgel|p1a: Clodsire
|-damage|p1a: Clodsire|26/100
|move|p1a: Clodsire|Spikes|p2a: Anonymous
|-sidestart|p2: Marraquet0|Spikes
|
|upkeep
|turn|3
|
|t:|1779605965
|move|p2a: Anonymous|Swords Dance|p2a: Anonymous
|-boost|p2a: Anonymous|atk|2
|move|p1a: Clodsire|Poison Jab|p2a: Anonymous
|-supereffective|p2a: Anonymous
|-damage|p2a: Anonymous|47/100
|
|upkeep
|turn|4
|
|t:|1779605972
|move|p2a: Anonymous|Ivy Cudgel|p1a: Clodsire
|-damage|p1a: Clodsire|0 fnt
|faint|p1a: Clodsire
|
|upkeep
|
|t:|1779605977
|switch|p1a: Pelipper|Pelipper, M|100/100
|-weather|RainDance|[from] ability: Drizzle|[of] p1a: Pelipper
|turn|5
|
|t:|1779605981
|move|p2a: Anonymous|Ivy Cudgel|p1a: Pelipper
|-damage|p1a: Pelipper|0 fnt
|faint|p1a: Pelipper
|
|-weather|RainDance|[upkeep]
|upkeep
|
|t:|1779605984
|switch|p1a: Floatzel|Floatzel, F|100/100
|turn|6
|
|t:|1779605990
|move|p1a: Floatzel|Wave Crash|p2a: Anonymous
|-resisted|p2a: Anonymous
|-damage|p2a: Anonymous|0 fnt
|faint|p2a: Anonymous
|-damage|p1a: Floatzel|86/100|[from] Recoil
|
|-weather|RainDance|[upkeep]
|upkeep
|
|t:|1779606019
|switch|p2a: Hybrid|Hydreigon, M, shiny|100/100
|turn|7
|
|t:|1779606022
|switch|p2a: Endless Nameless|Clodsire, M, shiny|100/100
|-damage|p2a: Endless Nameless|84/100|[from] Spikes
|move|p1a: Floatzel|Wave Crash|p2a: Endless Nameless
|-supereffective|p2a: Endless Nameless
|-damage|p2a: Endless Nameless|0 fnt
|faint|p2a: Endless Nameless
|-damage|p1a: Floatzel|45/100|[from] Recoil
|
|-weather|RainDance|[upkeep]
|upkeep
|
|t:|1779606035
|switch|p2a: Hybrid|Hydreigon, M, shiny|100/100
|turn|8
|inactive|Marraquet0 has 120 seconds left.
|
|t:|1779606057
|move|p1a: Floatzel|Wave Crash|p2a: Hybrid
|-resisted|p2a: Hybrid
|-damage|p2a: Hybrid|21/100
|-damage|p1a: Floatzel|18/100|[from] Recoil
|move|p2a: Hybrid|Dark Pulse|p1a: Floatzel
|-damage|p1a: Floatzel|0 fnt
|faint|p1a: Floatzel
|
|-weather|RainDance|[upkeep]
|upkeep
|
|t:|1779606064
|switch|p1a: Great Tusk|Great Tusk|100/100
|turn|9
|
|t:|1779606076
|switch|p2a: Raptor|Skarmory, M, shiny|100/100
|move|p1a: Great Tusk|Headlong Rush|p2a: Raptor
|-immune|p2a: Raptor
|
|-weather|RainDance|[upkeep]
|upkeep
|turn|10
|
|t:|1779606090
|move|p1a: Great Tusk|Stealth Rock|p2a: Raptor
|-sidestart|p2: Marraquet0|move: Stealth Rock
|move|p2a: Raptor|Spikes|p1a: Great Tusk
|-sidestart|p1: WhyHinote|Spikes
|
|-weather|RainDance|[upkeep]
|upkeep
|turn|11
|
|t:|1779606102
|move|p1a: Great Tusk|Rapid Spin|p2a: Raptor
|-resisted|p2a: Raptor
|-damage|p2a: Raptor|95/100
|-boost|p1a: Great Tusk|spe|1
|-damage|p1a: Great Tusk|84/100|[from] item: Rocky Helmet|[of] p2a: Raptor
|-sideend|p1: WhyHinote|Spikes|[from] move: Rapid Spin|[of] p1a: Great Tusk
|move|p2a: Raptor|Body Press|p1a: Great Tusk
|-damage|p1a: Great Tusk|59/100
|
|-weather|RainDance|[upkeep]
|upkeep
|turn|12
|
|t:|1779606114
|move|p1a: Great Tusk|Knock Off|p2a: Raptor
|-damage|p2a: Raptor|74/100
|-damage|p1a: Great Tusk|42/100|[from] item: Rocky Helmet|[of] p2a: Raptor
|-enditem|p2a: Raptor|Rocky Helmet|[from] move: Knock Off|[of] p1a: Great Tusk
|move|p2a: Raptor|Spikes|p1a: Great Tusk
|-sidestart|p1: WhyHinote|Spikes
|
|-weather|none
|upkeep
|turn|13
|
|t:|1779606124
|move|p1a: Great Tusk|Knock Off|p2a: Raptor
|-damage|p2a: Raptor|60/100
|move|p2a: Raptor|Body Press|p1a: Great Tusk
|-damage|p1a: Great Tusk|18/100
|
|upkeep
|turn|14
|
|t:|1779606131
|move|p1a: Great Tusk|Rapid Spin|p2a: Raptor
|-resisted|p2a: Raptor
|-crit|p2a: Raptor
|-damage|p2a: Raptor|51/100
|-boost|p1a: Great Tusk|spe|1
|-sideend|p1: WhyHinote|Spikes|[from] move: Rapid Spin|[of] p1a: Great Tusk
|move|p2a: Raptor|Body Press|p1a: Great Tusk
|-damage|p1a: Great Tusk|0 fnt
|faint|p1a: Great Tusk
|-end|p1a: Great Tusk|Protosynthesis|[silent]
|
|upkeep
|
|t:|1779606136
|switch|p1a: Kingambit|Kingambit, M|100/100
|-activate|p1a: Kingambit|ability: Supreme Overlord
|-start|p1a: Kingambit|fallen4|[silent]
|turn|15
|
|t:|1779606148
|-terastallize|p1a: Kingambit|Ghost
|move|p2a: Raptor|Roost|p2a: Raptor
|-heal|p2a: Raptor|100/100
|-singleturn|p2a: Raptor|move: Roost
|move|p1a: Kingambit|Swords Dance|p1a: Kingambit
|-boost|p1a: Kingambit|atk|2
|
|upkeep
|turn|16
|
|t:|1779606165
|switch|p2a: Sentinel|Weezing-Galar, M, shiny|100/100
|-ability|p2a: Sentinel|Neutralizing Gas
|move|p1a: Kingambit|Swords Dance|p1a: Kingambit
|-boost|p1a: Kingambit|atk|2
|
|upkeep
|turn|17
|
|t:|1779606173
|move|p1a: Kingambit|Iron Head|p2a: Sentinel
|-supereffective|p2a: Sentinel
|-damage|p2a: Sentinel|0 fnt
|faint|p2a: Sentinel
|-end|p2a: Sentinel|ability: Neutralizing Gas
|-activate|p1a: Kingambit|ability: Supreme Overlord
|-start|p1a: Kingambit|fallen4|[silent]
|
|upkeep
|
|t:|1779606181
|switch|p2a: Pisces|Alomomola, M, shiny|100/100
|-damage|p2a: Pisces|84/100|[from] Spikes
|-damage|p2a: Pisces|72/100|[from] Stealth Rock
|turn|18
|
|t:|1779606191
|move|p1a: Kingambit|Iron Head|p2a: Pisces
|-resisted|p2a: Pisces
|-damage|p2a: Pisces|0 fnt
|faint|p2a: Pisces
|
|upkeep
|
|t:|1779606197
|switch|p2a: Raptor|Skarmory, M, shiny|100/100
|-damage|p2a: Raptor|88/100|[from] Stealth Rock
|turn|19
|
|t:|1779606213
|move|p2a: Raptor|Spikes|p1a: Kingambit
|-sidestart|p1: WhyHinote|Spikes
|move|p1a: Kingambit|Low Kick|p2a: Raptor
|-damage|p2a: Raptor|7/100
|
|upkeep
|turn|20
|
|t:|1779606220
|switch|p2a: Hybrid|Hydreigon, M, shiny|21/100
|-damage|p2a: Hybrid|9/100|[from] Stealth Rock
|move|p1a: Kingambit|Sucker Punch||[still]
|-fail|p1a: Kingambit
|
|upkeep
|turn|21
|
|t:|1779606233
|move|p2a: Hybrid|Dark Pulse|p1a: Kingambit
|-supereffective|p1a: Kingambit
|-damage|p1a: Kingambit|0 fnt
|faint|p1a: Kingambit
|-end|p1a: Kingambit|fallen4|[silent]
|
|upkeep
|
|t:|1779606236
|switch|p1a: Amoonguss|Amoonguss, M|100/100
|-damage|p1a: Amoonguss|88/100|[from] Spikes
|turn|22
|
|t:|1779606245
|move|p2a: Hybrid|Dark Pulse|p1a: Amoonguss
|-damage|p1a: Amoonguss|29/100
|cant|p1a: Amoonguss|flinch
|
|upkeep
|turn|23
|
|t:|1779606251
|move|p2a: Hybrid|Dark Pulse|p1a: Amoonguss
|-damage|p1a: Amoonguss|0 fnt
|faint|p1a: Amoonguss
|
|win|Marraquet0
|raw|WhyHinote's rating: 1129 &rarr; <strong>1100</strong><br />(-29 for losing)
|raw|Marraquet0's rating: 1068 &rarr; <strong>1103</strong><br />(+35 for winning)
|c|☆WhyHinote|the luck
|c|☆WhyHinote|gg
|l|☆Marraquet0
|player|p2|
|l|☆WhyHinote
|player|p1|
