|j|☆ljdakelaiyi
|j|☆fffffer
|t:|1779682134
|gametype|singles
|player|p1|ljdakelaiyi|2|1325
|player|p2|fffffer|waiter|1444
|gen|9
|tier|[Gen 9] OU
|rated|
|rule|HP Percentage Mod: HP is shown in percentages
|rule|Endless Battle Clause: Forcing endless battles is banned
|rule|Species Clause: Limit one of each Pokémon
|rule|OHKO Clause: OHKO moves are banned
|rule|Evasion Items Clause: Evasion items are banned
|rule|Evasion Moves Clause: Evasion moves are banned
|rule|Evasion Abilities Clause: Evasion abilities are banned
|rule|Sleep Moves Clause: Sleep-inducing moves are banned
|clearpoke
|poke|p1|Ogerpon-Wellspring, F|
|poke|p1|Hatterene, F|
|poke|p1|Gliscor, M|
|poke|p1|Blaziken, F|
|poke|p1|Deoxys-Speed|
|poke|p1|Iron Hands|
|poke|p2|Zangoose, F|
|poke|p2|Moltres|
|poke|p2|Iron Crown|
|poke|p2|Weezing-Galar, F|
|poke|p2|Rillaboom, F|
|poke|p2|Walking Wake|
|teampreview
|inactive|Battle timer is ON: inactive players will automatically lose when time's up. (requested by ljdakelaiyi)
|
|t:|1779682143
|teamsize|p1|6
|teamsize|p2|6
|start
|switch|p1a: Deoxys|Deoxys-Speed, shiny|100/100
|switch|p2a: Zangoose|Zangoose, F|100/100
|-ability|p1a: Deoxys|Pressure
|turn|1
|
|t:|1779682159
|move|p1a: Deoxys|Psycho Boost|p2a: Zangoose
|-damage|p2a: Zangoose|0 fnt
|-unboost|p1a: Deoxys|spa|2
|faint|p2a: Zangoose
|
|upkeep
|
|t:|1779682169
|switch|p2a: Iron Crown|Iron Crown|100/100
|turn|2
|
|t:|1779682174
|move|p1a: Deoxys|Light Screen|p1a: Deoxys
|-sidestart|p1: ljdakelaiyi|move: Light Screen
|move|p2a: Iron Crown|Tachyon Cutter|p1a: Deoxys
|-damage|p1a: Deoxys|77/100
|-damage|p1a: Deoxys|55/100
|-hitcount|p1a: Deoxys|2
|
|upkeep
|turn|3
|
|t:|1779682183
|move|p1a: Deoxys|Reflect|p1a: Deoxys
|-sidestart|p1: ljdakelaiyi|Reflect
|move|p2a: Iron Crown|Tachyon Cutter|p1a: Deoxys
|-damage|p1a: Deoxys|34/100
|-damage|p1a: Deoxys|13/100
|-hitcount|p1a: Deoxys|2
|
|upkeep
|turn|4
|
|t:|1779682200
|switch|p1a: Hatterene|Hatterene, F|100/100
|move|p2a: Iron Crown|Tachyon Cutter|p1a: Hatterene
|-supereffective|p1a: Hatterene
|-damage|p1a: Hatterene|62/100
|-supereffective|p1a: Hatterene
|-damage|p1a: Hatterene|19/100
|-hitcount|p1a: Hatterene|2
|
|-heal|p1a: Hatterene|25/100|[from] item: Leftovers
|upkeep
|turn|5
|
|t:|1779682213
|move|p2a: Iron Crown|Tachyon Cutter|p1a: Hatterene
|-supereffective|p1a: Hatterene
|-damage|p1a: Hatterene|0 fnt
|faint|p1a: Hatterene
|-hitcount|p1: Hatterene|1
|
|upkeep
|
|t:|1779682219
|switch|p1a: Blaziken|Blaziken, F, shiny|100/100
|-item|p1a: Blaziken|Air Balloon
|turn|6
|l|☆fffffer
|inactive|fffffer disconnected and has a minute to reconnect!
|player|p2|
|j|☆fffffer
|inactive|fffffer reconnected and has 140 seconds left.
|player|p2|fffffer|waiter|
|
|t:|1779682237
|-end|p2a: Iron Crown|Quark Drive|[silent]
|switch|p2a: Weezing|Weezing-Galar, F|100/100
|move|p1a: Blaziken|Swords Dance|p1a: Blaziken
|-boost|p1a: Blaziken|atk|2
|
|-ability|p1a: Blaziken|Speed Boost|boost
|-boost|p1a: Blaziken|spe|1
|upkeep
|turn|7
|
|t:|1779682248
|move|p1a: Blaziken|Flare Blitz|p2a: Weezing
|-damage|p2a: Weezing|28/100
|-damage|p1a: Blaziken|74/100|[from] Recoil
|move|p2a: Weezing|Strange Steam|p1a: Blaziken
|-damage|p1a: Blaziken|53/100
|-enditem|p1a: Blaziken|Air Balloon
|
|-ability|p1a: Blaziken|Speed Boost|boost
|-boost|p1a: Blaziken|spe|1
|upkeep
|turn|8
|
|t:|1779682259
|move|p1a: Blaziken|Flare Blitz|p2a: Weezing
|-damage|p2a: Weezing|0 fnt
|faint|p2a: Weezing
|-damage|p1a: Blaziken|44/100|[from] Recoil
|
|-ability|p1a: Blaziken|Speed Boost|boost
|-boost|p1a: Blaziken|spe|1
|upkeep
|
|t:|1779682263
|switch|p2a: Moltres|Moltres|100/100
|turn|9
|
|t:|1779682281
|switch|p1a: Iron Hands|Iron Hands, shiny|100/100
|-enditem|p1a: Iron Hands|Booster Energy
|-activate|p1a: Iron Hands|ability: Quark Drive|[fromitem]
|-start|p1a: Iron Hands|quarkdriveatk
|move|p2a: Moltres|Hurricane|p1a: Iron Hands
|-damage|p1a: Iron Hands|82/100
|
|-sideend|p1: ljdakelaiyi|move: Light Screen
|upkeep
|turn|10
|
|t:|1779682291
|move|p2a: Moltres|U-turn|p1a: Iron Hands
|-resisted|p1a: Iron Hands
|-damage|p1a: Iron Hands|80/100
|
|t:|1779682306
|switch|p2a: Iron Crown|Iron Crown|100/100|[from] U-turn
|move|p1a: Iron Hands|Swords Dance|p1a: Iron Hands
|-boost|p1a: Iron Hands|atk|2
|
|-sideend|p1: ljdakelaiyi|Reflect
|upkeep
|turn|11
|
|t:|1779682317
|move|p2a: Iron Crown|Psyshock|p1a: Iron Hands
|-supereffective|p1a: Iron Hands
|-damage|p1a: Iron Hands|11/100
|move|p1a: Iron Hands|Drain Punch|p2a: Iron Crown
|-damage|p2a: Iron Crown|0 fnt
|-heal|p1a: Iron Hands|42/100|[from] drain|[of] p2a: Iron Crown
|faint|p2a: Iron Crown
|-end|p2a: Iron Crown|Quark Drive|[silent]
|
|upkeep
|
|t:|1779682323
|switch|p2a: Rillaboom|Rillaboom, F|100/100
|-fieldstart|move: Grassy Terrain|[from] ability: Grassy Surge|[of] p2a: Rillaboom
|turn|12
|
|t:|1779682331
|move|p2a: Rillaboom|Wood Hammer|p1a: Iron Hands
|-damage|p1a: Iron Hands|0 fnt
|faint|p1a: Iron Hands
|-end|p1a: Iron Hands|Quark Drive|[silent]
|-damage|p2a: Rillaboom|80/100|[from] Recoil
|-damage|p2a: Rillaboom|70/100|[from] item: Life Orb
|
|-heal|p2a: Rillaboom|76/100|[from] Grassy Terrain
|upkeep
|
|t:|1779682342
|switch|p1a: Deoxys|Deoxys-Speed, shiny|13/100
|-ability|p1a: Deoxys|Pressure
|turn|13
|
|t:|1779682348
|move|p2a: Rillaboom|Grassy Glide|p1a: Deoxys
|-damage|p1a: Deoxys|0 fnt
|faint|p1a: Deoxys
|-damage|p2a: Rillaboom|66/100|[from] item: Life Orb
|
|-heal|p2a: Rillaboom|72/100|[from] Grassy Terrain
|upkeep
|
|t:|1779682370
|switch|p1a: Gliscor|Gliscor, M|100/100
|turn|14
|
|t:|1779682387
|switch|p2a: Moltres|Moltres|100/100
|move|p1a: Gliscor|Swords Dance|p1a: Gliscor
|-boost|p1a: Gliscor|atk|2
|
|-status|p1a: Gliscor|tox|[from] item: Toxic Orb
|upkeep
|turn|15
|
|t:|1779682403
|move|p1a: Gliscor|Dual Wingbeat|p2a: Moltres
|-damage|p2a: Moltres|84/100
|-damage|p2a: Moltres|66/100
|-hitcount|p2a: Moltres|2
|move|p2a: Moltres|Hurricane|p1a: Gliscor
|-damage|p1a: Gliscor|34/100 tox
|-start|p1a: Gliscor|confusion
|
|-heal|p1a: Gliscor|47/100 tox|[from] ability: Poison Heal
|upkeep
|turn|16
|inactive|ljdakelaiyi has 120 seconds left.
|
|t:|1779682424
|-activate|p1a: Gliscor|confusion
|move|p1a: Gliscor|Dual Wingbeat|p2a: Moltres
|-damage|p2a: Moltres|47/100
|-damage|p2a: Moltres|28/100
|-hitcount|p2a: Moltres|2
|move|p2a: Moltres|Hurricane|p1a: Gliscor|[miss]
|-miss|p2a: Moltres|p1a: Gliscor
|
|-heal|p1a: Gliscor|59/100 tox|[from] ability: Poison Heal
|-fieldend|move: Grassy Terrain
|upkeep
|turn|17
|inactive|ljdakelaiyi has 120 seconds left.
|
|t:|1779682435
|-end|p1a: Gliscor|confusion
|move|p1a: Gliscor|Dual Wingbeat|p2a: Moltres
|-damage|p2a: Moltres|12/100
|-damage|p2a: Moltres|0 fnt
|faint|p2a: Moltres
|-hitcount|p2: Moltres|2
|
|-heal|p1a: Gliscor|71/100 tox|[from] ability: Poison Heal
|upkeep
|
|t:|1779682442
|switch|p2a: Walking Wake|Walking Wake|100/100
|turn|18
|inactive|ljdakelaiyi has 120 seconds left.
|
|t:|1779682462
|-terastallize|p1a: Gliscor|Steel
|move|p2a: Walking Wake|Surf|p1a: Gliscor
|-damage|p1a: Gliscor|2/100 tox
|move|p1a: Gliscor|Earthquake|p2a: Walking Wake
|-damage|p2a: Walking Wake|29/100
|
|-heal|p1a: Gliscor|15/100 tox|[from] ability: Poison Heal
|upkeep
|turn|19
|inactive|ljdakelaiyi has 120 seconds left.
|
|t:|1779682474
|move|p2a: Walking Wake|Surf|p1a: Gliscor
|-damage|p1a: Gliscor|0 fnt
|faint|p1a: Gliscor
|
|upkeep
|inactive|ljdakelaiyi has 120 seconds left.
|
|t:|1779682479
|switch|p1a: Ogerpon|Ogerpon-Wellspring, F|100/100
|turn|20
|
|t:|1779682488
|-end|p2a: Walking Wake|Protosynthesis|[silent]
|switch|p2a: Rillaboom|Rillaboom, F|72/100
|-fieldstart|move: Grassy Terrain|[from] ability: Grassy Surge|[of] p2a: Rillaboom
|move|p1a: Ogerpon|Encore||[still]
|-fail|p1a: Ogerpon
|
|-heal|p2a: Rillaboom|78/100|[from] Grassy Terrain
|upkeep
|turn|21
|
|t:|1779682499
|move|p1a: Ogerpon|Swords Dance|p1a: Ogerpon
|-boost|p1a: Ogerpon|atk|2
|move|p2a: Rillaboom|Wood Hammer|p1a: Ogerpon
|-crit|p1a: Ogerpon
|-damage|p1a: Ogerpon|0 fnt
|faint|p1a: Ogerpon
|-damage|p2a: Rillaboom|49/100|[from] Recoil
|-damage|p2a: Rillaboom|39/100|[from] item: Life Orb
|
|-heal|p2a: Rillaboom|45/100|[from] Grassy Terrain
|upkeep
|inactive|ljdakelaiyi has 120 seconds left.
|
|t:|1779682511
|switch|p1a: Blaziken|Blaziken, F, shiny|44/100
|turn|22
|
|t:|1779682530
|-terastallize|p2a: Rillaboom|Water
|move|p1a: Blaziken|Protect|p1a: Blaziken
|-singleturn|p1a: Blaziken|Protect
|move|p2a: Rillaboom|Grassy Glide|p1a: Blaziken
|-activate|p1a: Blaziken|move: Protect
|
|-heal|p1a: Blaziken|50/100|[from] Grassy Terrain
|-heal|p2a: Rillaboom|52/100|[from] Grassy Terrain
|-ability|p1a: Blaziken|Speed Boost|boost
|-boost|p1a: Blaziken|spe|1
|upkeep
|turn|23
|
|t:|1779682544
|switch|p2a: Walking Wake|Walking Wake|29/100
|move|p1a: Blaziken|Close Combat|p2a: Walking Wake
|-damage|p2a: Walking Wake|0 fnt
|-unboost|p1a: Blaziken|def|1
|-unboost|p1a: Blaziken|spd|1
|faint|p2a: Walking Wake
|-end|p2a: Walking Wake|Protosynthesis|[silent]
|
|-heal|p1a: Blaziken|55/100|[from] Grassy Terrain
|-ability|p1a: Blaziken|Speed Boost|boost
|-boost|p1a: Blaziken|spe|1
|upkeep
|
|t:|1779682548
|switch|p2a: Rillaboom|Rillaboom, F, tera:Water|52/100
|turn|24
|
|t:|1779682559
|move|p1a: Blaziken|Close Combat|p2a: Rillaboom
|-damage|p2a: Rillaboom|0 fnt
|-unboost|p1a: Blaziken|def|1
|-unboost|p1a: Blaziken|spd|1
|faint|p2a: Rillaboom
|
|win|ljdakelaiyi
|raw|ljdakelaiyi's rating: 1325 &rarr; <strong>1352</strong><br />(+27 for winning)
|raw|fffffer's rating: 1444 &rarr; <strong>1417</strong><br />(-27 for losing)
|l|☆fffffer
|player|p2|
|l|☆ljdakelaiyi
|player|p1|
