|j|☆emellano
|j|☆Weyselb
|t:|1779561884
|gametype|singles
|player|p1|emellano|170|1533
|player|p2|Weyselb|pokemaniac|1498
|gen|9
|tier|[Gen 9] OU
|rated|
|rule|HP Percentage Mod: HP is shown in percentages
|rule|Endless Battle Clause: Forcing endless battles is banned
|rule|Species Clause: Limit one of each Pokémon
|rule|OHKO Clause: OHKO moves are banned
|rule|Evasion Items Clause: Evasion items are banned
|rule|Evasion Moves Clause: Evasion moves are banned
|rule|Evasion Abilities Clause: Evasion abilities are banned
|rule|Sleep Moves Clause: Sleep-inducing moves are banned
|clearpoke
|poke|p1|Ninetales-Alola, F|
|poke|p1|Inteleon, F|
|poke|p1|Iron Treads|
|poke|p1|Ceruledge, F|
|poke|p1|Ogerpon-Wellspring, F|
|poke|p1|Haxorus, F|
|poke|p2|Greninja-*, F|
|poke|p2|Slowking-Galar, F|
|poke|p2|Corviknight, F|
|poke|p2|Cinderace, M|
|poke|p2|Ogerpon-Wellspring, F|
|poke|p2|Landorus-Therian, M|
|teampreview
|inactive|Battle timer is ON: inactive players will automatically lose when time's up. (requested by Weyselb)
|
|t:|1779561895
|teamsize|p1|6
|teamsize|p2|6
|start
|switch|p1a: Inteleon|Inteleon, F|100/100
|switch|p2a: Landorus|Landorus-Therian, M|100/100
|-ability|p2a: Landorus|Intimidate|boost
|-unboost|p1a: Inteleon|atk|1
|turn|1
|
|t:|1779561905
|switch|p2a: Slowking|Slowking-Galar, F|100/100
|move|p1a: Inteleon|Reflect|p1a: Inteleon
|-sidestart|p1: emellano|Reflect
|
|upkeep
|turn|2
|
|t:|1779561909
|move|p1a: Inteleon|Light Screen|p1a: Inteleon
|-sidestart|p1: emellano|move: Light Screen
|move|p2a: Slowking|Sludge Bomb|p1a: Inteleon
|-damage|p1a: Inteleon|79/100
|-status|p1a: Inteleon|psn
|
|-damage|p1a: Inteleon|66/100 psn|[from] psn
|upkeep
|turn|3
|
|t:|1779561915
|move|p1a: Inteleon|Taunt|p2a: Slowking
|-start|p2a: Slowking|move: Taunt
|-prepare|p2a: Slowking|Chilly Reception|[premajor]
|cant|p2a: Slowking|move: Taunt|Chilly Reception
|
|-damage|p1a: Inteleon|54/100 psn|[from] psn
|upkeep
|turn|4
|
|t:|1779561920
|switch|p1a: Iron Treads|Iron Treads|100/100
|-enditem|p1a: Iron Treads|Booster Energy
|-activate|p1a: Iron Treads|ability: Quark Drive|[fromitem]
|-start|p1a: Iron Treads|quarkdrivespe
|move|p2a: Slowking|Future Sight|p1a: Iron Treads
|-start|p2a: Slowking|move: Future Sight
|
|upkeep
|turn|5
|
|t:|1779561928
|switch|p2a: Corviknight|Corviknight, F|100/100
|-ability|p2a: Corviknight|Pressure
|move|p1a: Iron Treads|Knock Off|p2a: Corviknight
|-damage|p2a: Corviknight|83/100
|-damage|p1a: Iron Treads|84/100|[from] item: Rocky Helmet|[of] p2a: Corviknight
|-enditem|p2a: Corviknight|Rocky Helmet|[from] move: Knock Off|[of] p1a: Iron Treads
|
|upkeep
|turn|6
|
|t:|1779561950
|move|p1a: Iron Treads|Stealth Rock|p2a: Corviknight
|-sidestart|p2: Weyselb|move: Stealth Rock
|move|p2a: Corviknight|Defog|p1a: Iron Treads
|-unboost|p1a: Iron Treads|evasion|1
|-sideend|p1: emellano|Reflect
|-sideend|p1: emellano|move: Light Screen
|-sideend|p2: Weyselb|Stealth Rock|[from] move: Defog|[of] p2a: Corviknight
|
|-end|p1a: Iron Treads|move: Future Sight
|-resisted|p1a: Iron Treads
|-damage|p1a: Iron Treads|52/100
|upkeep
|turn|7
|
|t:|1779561955
|move|p1a: Iron Treads|Stealth Rock|p2a: Corviknight
|-sidestart|p2: Weyselb|move: Stealth Rock
|move|p2a: Corviknight|U-turn|p1a: Iron Treads
|-resisted|p1a: Iron Treads
|-damage|p1a: Iron Treads|45/100
|
|t:|1779561958
|switch|p2a: Cinderace|Cinderace, M|100/100|[from] U-turn
|
|upkeep
|turn|8
|
|t:|1779561962
|move|p1a: Iron Treads|Earthquake|p2a: Cinderace
|-supereffective|p2a: Cinderace
|-damage|p2a: Cinderace|0 fnt
|faint|p2a: Cinderace
|
|upkeep
|
|t:|1779561979
|switch|p2a: Landorus|Landorus-Therian, M|100/100
|-damage|p2a: Landorus|88/100|[from] Stealth Rock
|-ability|p2a: Landorus|Intimidate|boost
|-unboost|p1a: Iron Treads|atk|1
|turn|9
|
|t:|1779561990
|-end|p1a: Iron Treads|Quark Drive|[silent]
|switch|p1a: Ninetales|Ninetales-Alola, F|100/100
|-weather|Snowscape|[from] ability: Snow Warning|[of] p1a: Ninetales
|move|p2a: Landorus|Earthquake|p1a: Ninetales
|-damage|p1a: Ninetales|53/100
|
|-weather|Snowscape|[upkeep]
|upkeep
|turn|10
|
|t:|1779562000
|switch|p2a: Slowking|Slowking-Galar, F|100/100
|move|p1a: Ninetales|Aurora Veil|p1a: Ninetales
|-sidestart|p1: emellano|move: Aurora Veil
|
|-weather|Snowscape|[upkeep]
|upkeep
|turn|11
|
|t:|1779562006
|switch|p1a: Iron Treads|Iron Treads|45/100
|move|p2a: Slowking|Future Sight|p1a: Iron Treads
|-start|p2a: Slowking|move: Future Sight
|
|-weather|Snowscape|[upkeep]
|upkeep
|turn|12
|
|t:|1779562012
|switch|p2a: Corviknight|Corviknight, F|83/100
|-damage|p2a: Corviknight|70/100|[from] Stealth Rock
|-ability|p2a: Corviknight|Pressure
|move|p1a: Iron Treads|Knock Off|p2a: Corviknight
|-damage|p2a: Corviknight|59/100
|
|-weather|Snowscape|[upkeep]
|upkeep
|turn|13
|
|t:|1779562037
|-end|p1a: Iron Treads|Quark Drive|[silent]
|switch|p1a: Inteleon|Inteleon, F|54/100 psn
|move|p2a: Corviknight|Defog|p1a: Inteleon
|-unboost|p1a: Inteleon|evasion|1
|-sideend|p1: emellano|move: Aurora Veil
|-sideend|p2: Weyselb|Stealth Rock|[from] move: Defog|[of] p2a: Corviknight
|
|-weather|none
|-end|p1a: Inteleon|move: Future Sight
|-damage|p1a: Inteleon|0 fnt
|faint|p1a: Inteleon
|upkeep
|inactive|emellano has 120 seconds left.
|
|t:|1779562052
|switch|p1a: Ninetales|Ninetales-Alola, F|53/100
|-weather|Snowscape|[from] ability: Snow Warning|[of] p1a: Ninetales
|turn|14
|
|t:|1779562058
|switch|p2a: Slowking|Slowking-Galar, F|100/100
|move|p1a: Ninetales|Aurora Veil|p1a: Ninetales
|-sidestart|p1: emellano|move: Aurora Veil
|
|-weather|Snowscape|[upkeep]
|upkeep
|turn|15
|
|t:|1779562067
|switch|p1a: Haxorus|Haxorus, F|100/100
|-ability|p1a: Haxorus|Mold Breaker
|move|p2a: Slowking|Future Sight|p1a: Haxorus
|-start|p2a: Slowking|move: Future Sight
|
|-weather|Snowscape|[upkeep]
|upkeep
|turn|16
|
|t:|1779562075
|switch|p2a: Landorus|Landorus-Therian, M|88/100
|-ability|p2a: Landorus|Intimidate|boost
|-unboost|p1a: Haxorus|atk|1
|move|p1a: Haxorus|Dragon Dance|p1a: Haxorus
|-boost|p1a: Haxorus|atk|1
|-boost|p1a: Haxorus|spe|1
|
|-weather|Snowscape|[upkeep]
|upkeep
|turn|17
|
|t:|1779562082
|move|p2a: Landorus|Earthquake|p1a: Haxorus
|-damage|p1a: Haxorus|66/100
|move|p1a: Haxorus|Outrage|p2a: Landorus
|-damage|p2a: Landorus|6/100
|
|-weather|Snowscape|[upkeep]
|-end|p1a: Haxorus|move: Future Sight
|-damage|p1a: Haxorus|33/100
|upkeep
|turn|18
|
|t:|1779562091
|move|p2a: Landorus|Earthquake|p1a: Haxorus
|-damage|p1a: Haxorus|0 fnt
|faint|p1a: Haxorus
|
|-weather|none
|upkeep
|
|t:|1779562095
|switch|p1a: Ceruledge|Ceruledge, F|100/100
|-item|p1a: Ceruledge|Air Balloon
|turn|19
|
|t:|1779562112
|switch|p2a: Ogerpon|Ogerpon-Wellspring, F|100/100
|move|p1a: Ceruledge|Swords Dance|p1a: Ceruledge
|-boost|p1a: Ceruledge|atk|2
|
|upkeep
|turn|20
|
|t:|1779562130
|switch|p2a: Landorus|Landorus-Therian, M|6/100
|-ability|p2a: Landorus|Intimidate|boost
|-unboost|p1a: Ceruledge|atk|1
|move|p1a: Ceruledge|Swords Dance|p1a: Ceruledge
|-boost|p1a: Ceruledge|atk|2
|
|upkeep
|turn|21
|
|t:|1779562150
|switch|p2a: Ogerpon|Ogerpon-Wellspring, F|100/100
|move|p1a: Ceruledge|Shadow Sneak|p2a: Ogerpon
|-damage|p2a: Ogerpon|28/100
|
|-sideend|p1: emellano|move: Aurora Veil
|upkeep
|turn|22
|
|t:|1779562157
|switch|p2a: Landorus|Landorus-Therian, M|6/100
|-ability|p2a: Landorus|Intimidate|boost
|-unboost|p1a: Ceruledge|atk|1
|move|p1a: Ceruledge|Shadow Sneak|p2a: Landorus
|-damage|p2a: Landorus|0 fnt
|faint|p2a: Landorus
|
|upkeep
|
|t:|1779562161
|switch|p2a: Greninja|Greninja, F|100/100
|turn|23
|inactive|emellano has 120 seconds left.
|
|t:|1779562220
|switch|p1a: Iron Treads|Iron Treads|45/100
|move|p2a: Greninja|Dark Pulse|p1a: Iron Treads
|-start|p2a: Greninja|typechange|Dark|[from] ability: Protean
|-damage|p1a: Iron Treads|0 fnt
|faint|p1a: Iron Treads
|-end|p1a: Iron Treads|Quark Drive|[silent]
|
|upkeep
|inactive|emellano has 90 seconds left.
|
|t:|1779562236
|switch|p1a: Ogerpon|Ogerpon-Wellspring, F|100/100
|turn|24
|inactive|emellano has 90 seconds left.
|
|t:|1779562250
|switch|p2a: Corviknight|Corviknight, F|59/100
|-ability|p2a: Corviknight|Pressure
|-terastallize|p1a: Ogerpon|Water
|detailschange|p1a: Ogerpon|Ogerpon-Wellspring-Tera, F, tera:Water
|-ability|p1a: Ogerpon|Embody Aspect (Wellspring)|boost
|-boost|p1a: Ogerpon|spd|1
|move|p1a: Ogerpon|Horn Leech|p2a: Corviknight
|-resisted|p2a: Corviknight
|-damage|p2a: Corviknight|53/100
|
|upkeep
|turn|25
|inactive|emellano has 90 seconds left.
|
|t:|1779562265
|move|p1a: Ogerpon|Ivy Cudgel|p2a: Corviknight|[anim] Ivy Cudgel Water
|-damage|p2a: Corviknight|4/100
|move|p2a: Corviknight|Roost|p2a: Corviknight
|-heal|p2a: Corviknight|54/100
|-singleturn|p2a: Corviknight|move: Roost
|
|upkeep
|turn|26
|
|t:|1779562271
|move|p1a: Ogerpon|Ivy Cudgel|p2a: Corviknight|[anim] Ivy Cudgel Water
|-damage|p2a: Corviknight|5/100
|move|p2a: Corviknight|U-turn|p1a: Ogerpon
|-damage|p1a: Ogerpon|81/100
|
|t:|1779562284
|switch|p2a: Greninja|Greninja, F|100/100|[from] U-turn
|
|upkeep
|turn|27
|
|t:|1779562292
|move|p2a: Greninja|Dark Pulse|p1a: Ogerpon
|-start|p2a: Greninja|typechange|Dark|[from] ability: Protean
|-damage|p1a: Ogerpon|39/100
|move|p1a: Ogerpon|Horn Leech|p2a: Greninja
|-damage|p2a: Greninja|23/100
|-heal|p1a: Ogerpon|75/100|[from] drain|[of] p2a: Greninja
|
|upkeep
|turn|28
|
|t:|1779562306
|switch|p2a: Corviknight|Corviknight, F|5/100
|-ability|p2a: Corviknight|Pressure
|move|p1a: Ogerpon|Horn Leech|p2a: Corviknight
|-resisted|p2a: Corviknight
|-damage|p2a: Corviknight|0 fnt
|-heal|p1a: Ogerpon|78/100|[from] drain|[of] p2a: Corviknight
|faint|p2a: Corviknight
|
|upkeep
|
|t:|1779562319
|switch|p2a: Ogerpon|Ogerpon-Wellspring, F|28/100
|turn|29
|
|t:|1779562327
|switch|p1a: Ceruledge|Ceruledge, F|100/100
|-item|p1a: Ceruledge|Air Balloon
|move|p2a: Ogerpon|Power Whip|p1a: Ceruledge
|-resisted|p1a: Ceruledge
|-damage|p1a: Ceruledge|46/100
|-ability|p1a: Ceruledge|Weak Armor|boost
|-unboost|p1a: Ceruledge|def|1
|-boost|p1a: Ceruledge|spe|2
|-enditem|p1a: Ceruledge|Air Balloon
|
|upkeep
|turn|30
|
|t:|1779562333
|switch|p2a: Slowking|Slowking-Galar, F|100/100
|move|p1a: Ceruledge|Bitter Blade|p2a: Slowking
|-damage|p2a: Slowking|45/100
|-heal|p1a: Ceruledge|84/100|[from] drain|[of] p2a: Slowking
|
|upkeep
|turn|31
|
|t:|1779562341
|move|p1a: Ceruledge|Bitter Blade|p2a: Slowking
|-damage|p2a: Slowking|0 fnt
|-heal|p1a: Ceruledge|100/100|[from] drain|[of] p2a: Slowking
|faint|p2a: Slowking
|
|upkeep
|
|t:|1779562345
|switch|p2a: Greninja|Greninja, F|23/100
|turn|32
|
|t:|1779562349
|switch|p1a: Ogerpon|Ogerpon-Wellspring-Tera, F, tera:Water|78/100
|-ability|p1a: Ogerpon|Embody Aspect (Wellspring)|boost
|-boost|p1a: Ogerpon|spd|1
|move|p2a: Greninja|Water Shuriken|p1a: Ogerpon
|-start|p2a: Greninja|typechange|Water|[from] ability: Protean
|-resisted|p1a: Ogerpon
|-damage|p1a: Ogerpon|74/100
|-resisted|p1a: Ogerpon
|-damage|p1a: Ogerpon|70/100
|-hitcount|p1a: Ogerpon|2
|
|upkeep
|turn|33
|-message|Weyselb forfeited.
|
|win|emellano
|raw|emellano's rating: 1533 &rarr; <strong>1551</strong><br />(+18 for winning)
|raw|Weyselb's rating: 1498 &rarr; <strong>1480</strong><br />(-18 for losing)
|l|☆Weyselb
|player|p2|
|l|☆emellano
|player|p1|
