|j|☆hiro1911
|j|☆MasterJarJam
|t:|1779683562
|gametype|singles
|player|p1|hiro1911|gentleman-gen4|1055
|player|p2|MasterJarJam|nate|1132
|gen|9
|tier|[Gen 9] OU
|rated|
|rule|HP Percentage Mod: HP is shown in percentages
|rule|Endless Battle Clause: Forcing endless battles is banned
|rule|Species Clause: Limit one of each Pokémon
|rule|OHKO Clause: OHKO moves are banned
|rule|Evasion Items Clause: Evasion items are banned
|rule|Evasion Moves Clause: Evasion moves are banned
|rule|Evasion Abilities Clause: Evasion abilities are banned
|rule|Sleep Moves Clause: Sleep-inducing moves are banned
|clearpoke
|poke|p1|Dragonite, M|
|poke|p1|Jolteon, M|
|poke|p1|Pelipper, M|
|poke|p1|Samurott-Hisui, F|
|poke|p1|Glimmora, M|
|poke|p1|Ogerpon-Wellspring, F|
|poke|p2|Gholdengo|
|poke|p2|Great Tusk|
|poke|p2|Kyurem|
|poke|p2|Iron Valiant|
|poke|p2|Glimmora, F|
|poke|p2|Clodsire, M|
|teampreview
|inactive|Battle timer is ON: inactive players will automatically lose when time's up. (requested by hiro1911)
|
|t:|1779683592
|teamsize|p1|6
|teamsize|p2|6
|start
|switch|p1a: Glimmora|Glimmora, M|100/100
|switch|p2a: Gholdengo|Gholdengo|100/100
|turn|1
|
|t:|1779683615
|switch|p1a: Burung delivery|Pelipper, M|100/100
|-weather|RainDance|[from] ability: Drizzle|[of] p1a: Burung delivery
|move|p2a: Gholdengo|Make It Rain|p1a: Burung delivery
|-resisted|p1a: Burung delivery
|-damage|p1a: Burung delivery|48/100
|-unboost|p2a: Gholdengo|spa|1
|
|-weather|RainDance|[upkeep]
|upkeep
|turn|2
|inactive|hiro1911 has 120 seconds left.
|
|t:|1779683636
|move|p1a: Burung delivery|Weather Ball|p2a: Gholdengo
|-damage|p2a: Gholdengo|63/100
|move|p2a: Gholdengo|Thunderbolt|p1a: Burung delivery
|-supereffective|p1a: Burung delivery
|-damage|p1a: Burung delivery|0 fnt
|faint|p1a: Burung delivery
|
|-weather|RainDance|[upkeep]
|upkeep
|inactive|hiro1911 has 120 seconds left.
|
|t:|1779683645
|switch|p1a: Jolteon|Jolteon, M|100/100
|turn|3
|
|t:|1779683652
|switch|p2a: Great Tusk|Great Tusk|100/100
|move|p1a: Jolteon|Thunder|p2a: Great Tusk
|-immune|p2a: Great Tusk
|
|-weather|RainDance|[upkeep]
|upkeep
|turn|4
|
|t:|1779683664
|switch|p1a: Glimmora|Glimmora, M|100/100
|move|p2a: Great Tusk|Knock Off|p1a: Glimmora
|-damage|p1a: Glimmora|66/100
|-damage|p2a: Great Tusk|84/100|[from] item: Rocky Helmet|[of] p1a: Glimmora
|-activate|p1a: Glimmora|ability: Toxic Debris
|-sidestart|p2: MasterJarJam|move: Toxic Spikes
|-enditem|p1a: Glimmora|Rocky Helmet|[from] move: Knock Off|[of] p2a: Great Tusk
|
|-weather|RainDance|[upkeep]
|upkeep
|turn|5
|
|t:|1779683680
|move|p1a: Glimmora|Spikes|p2a: Great Tusk
|-sidestart|p2: MasterJarJam|Spikes
|move|p2a: Great Tusk|Headlong Rush|p1a: Glimmora
|-supereffective|p1a: Glimmora
|-damage|p1a: Glimmora|0 fnt
|-unboost|p2a: Great Tusk|def|1
|-unboost|p2a: Great Tusk|spd|1
|-activate|p1a: Glimmora|ability: Toxic Debris
|-sidestart|p2: MasterJarJam|move: Toxic Spikes
|faint|p1a: Glimmora
|
|-weather|RainDance|[upkeep]
|upkeep
|inactive|hiro1911 has 120 seconds left.
|inactive|hiro1911 has 90 seconds left.
|
|t:|1779683731
|switch|p1a: Dragonite|Dragonite, M|100/100
|turn|6
|
|t:|1779683736
|-terastallize|p1a: Dragonite|Normal
|move|p1a: Dragonite|Extreme Speed|p2a: Great Tusk
|-damage|p2a: Great Tusk|29/100
|move|p2a: Great Tusk|Rapid Spin|p1a: Dragonite
|-damage|p1a: Dragonite|80/100
|-boost|p2a: Great Tusk|spe|1
|-sideend|p2: MasterJarJam|Spikes|[from] move: Rapid Spin|[of] p2a: Great Tusk
|-sideend|p2: MasterJarJam|Toxic Spikes|[from] move: Rapid Spin|[of] p2a: Great Tusk
|
|-weather|RainDance|[upkeep]
|upkeep
|turn|7
|inactive|hiro1911 has 90 seconds left.
|
|t:|1779683748
|-end|p2a: Great Tusk|Protosynthesis|[silent]
|switch|p2a: Gholdengo|Gholdengo|63/100
|move|p1a: Dragonite|Extreme Speed|p2a: Gholdengo
|-immune|p2a: Gholdengo
|
|-weather|RainDance|[upkeep]
|upkeep
|turn|8
|-message|hiro1911 forfeited.
|
|win|MasterJarJam
|raw|hiro1911's rating: 1055 &rarr; <strong>1041</strong><br />(-14 for losing)
|raw|MasterJarJam's rating: 1132 &rarr; <strong>1152</strong><br />(+20 for winning)
|l|☆hiro1911
|player|p1|
|l|☆MasterJarJam
|player|p2|
