|j|☆biger01
|j|☆theoddkeystone
|t:|1779561885
|gametype|singles
|player|p1|biger01|265|1387
|player|p2|theoddkeystone|bruno-gen2|1430
|gen|9
|tier|[Gen 9] OU
|rated|
|rule|HP Percentage Mod: HP is shown in percentages
|rule|Endless Battle Clause: Forcing endless battles is banned
|rule|Species Clause: Limit one of each Pokémon
|rule|OHKO Clause: OHKO moves are banned
|rule|Evasion Items Clause: Evasion items are banned
|rule|Evasion Moves Clause: Evasion moves are banned
|rule|Evasion Abilities Clause: Evasion abilities are banned
|rule|Sleep Moves Clause: Sleep-inducing moves are banned
|clearpoke
|poke|p1|Weavile, F|
|poke|p1|Pecharunt|
|poke|p1|Ting-Lu|
|poke|p1|Tinkaton, F|
|poke|p1|Keldeo-Resolute|
|poke|p1|Dragonite, F|
|poke|p2|Slowking-Galar, F|
|poke|p2|Ogerpon-Wellspring, F|
|poke|p2|Dragapult, F|
|poke|p2|Iron Valiant|
|poke|p2|Corviknight, F|
|poke|p2|Ting-Lu|
|teampreview
|inactive|Battle timer is ON: inactive players will automatically lose when time's up. (requested by biger01)
|
|t:|1779561903
|teamsize|p1|6
|teamsize|p2|6
|start
|switch|p1a: Keldeo|Keldeo-Resolute|100/100
|switch|p2a: Ting-Lu|Ting-Lu|100/100
|-ability|p2a: Ting-Lu|Vessel of Ruin
|turn|1
|
|t:|1779561932
|switch|p2a: Slowking|Slowking-Galar, F|100/100
|move|p1a: Keldeo|Hydro Pump|p2a: Slowking
|-damage|p2a: Slowking|56/100
|
|upkeep
|turn|2
|
|t:|1779561942
|switch|p2a: Ogerpon|Ogerpon-Wellspring, F|100/100
|move|p1a: Keldeo|Flip Turn|p2a: Ogerpon
|-immune|p2a: Ogerpon|[from] ability: Water Absorb
|
|upkeep
|turn|3
|inactive|theoddkeystone has 120 seconds left.
|
|t:|1779561969
|switch|p1a: Pecharunt|Pecharunt|100/100
|move|p2a: Ogerpon|Knock Off|p1a: Pecharunt
|-supereffective|p1a: Pecharunt
|-damage|p1a: Pecharunt|62/100
|-enditem|p1a: Pecharunt|Heavy-Duty Boots|[from] move: Knock Off|[of] p2a: Ogerpon
|
|upkeep
|turn|4
|
|t:|1779561976
|move|p2a: Ogerpon|U-turn|p1a: Pecharunt
|-resisted|p1a: Pecharunt
|-damage|p1a: Pecharunt|59/100
|
|t:|1779561979
|switch|p2a: Ting-Lu|Ting-Lu|100/100|[from] U-turn
|-ability|p2a: Ting-Lu|Vessel of Ruin
|move|p1a: Pecharunt|Parting Shot|p2a: Ting-Lu
|-unboost|p2a: Ting-Lu|atk|1
|-unboost|p2a: Ting-Lu|spa|1
|
|t:|1779561986
|switch|p1a: Keldeo|Keldeo-Resolute|100/100|[from] Parting Shot
|
|upkeep
|turn|5
|
|t:|1779561996
|switch|p2a: Dragapult|Dragapult, F|100/100
|move|p1a: Keldeo|Secret Sword|p2a: Dragapult
|-immune|p2a: Dragapult
|
|upkeep
|turn|6
|
|t:|1779562000
|move|p2a: Dragapult|Will-O-Wisp|p1a: Keldeo
|-status|p1a: Keldeo|brn
|move|p1a: Keldeo|Flip Turn|p2a: Dragapult
|-resisted|p2a: Dragapult
|-damage|p2a: Dragapult|95/100
|
|t:|1779562010
|switch|p1a: Tinkaton|Tinkaton, F|100/100|[from] Flip Turn
|-item|p1a: Tinkaton|Air Balloon
|
|upkeep
|turn|7
|
|t:|1779562015
|move|p2a: Dragapult|Will-O-Wisp|p1a: Tinkaton
|-status|p1a: Tinkaton|brn
|move|p1a: Tinkaton|Thunder Wave|p2a: Dragapult
|-status|p2a: Dragapult|par
|
|-damage|p1a: Tinkaton|94/100 brn|[from] brn
|upkeep
|turn|8
|
|t:|1779562019
|move|p1a: Tinkaton|Stealth Rock|p2a: Dragapult
|-sidestart|p2: theoddkeystone|move: Stealth Rock
|cant|p2a: Dragapult|par
|
|-damage|p1a: Tinkaton|88/100 brn|[from] brn
|upkeep
|turn|9
|
|t:|1779562023
|move|p1a: Tinkaton|Encore|p2a: Dragapult
|-start|p2a: Dragapult|Encore
|cant|p2a: Dragapult|par
|
|-damage|p1a: Tinkaton|82/100 brn|[from] brn
|upkeep
|turn|10
|
|t:|1779562035
|switch|p1a: Pecharunt|Pecharunt|59/100
|switch|p2a: Ting-Lu|Ting-Lu|100/100
|-damage|p2a: Ting-Lu|94/100|[from] Stealth Rock
|-ability|p2a: Ting-Lu|Vessel of Ruin
|
|-heal|p2a: Ting-Lu|100/100|[from] item: Leftovers
|upkeep
|turn|11
|
|t:|1779562045
|move|p1a: Pecharunt|Recover|p1a: Pecharunt
|-heal|p1a: Pecharunt|100/100
|move|p2a: Ting-Lu|Stealth Rock|p1a: Pecharunt
|-sidestart|p1: biger01|move: Stealth Rock
|
|upkeep
|turn|12
|
|t:|1779562051
|move|p1a: Pecharunt|Parting Shot|p2a: Ting-Lu
|-unboost|p2a: Ting-Lu|atk|1
|-unboost|p2a: Ting-Lu|spa|1
|
|t:|1779562056
|switch|p1a: Tinkaton|Tinkaton, F|82/100 brn|[from] Parting Shot
|-damage|p1a: Tinkaton|76/100 brn|[from] Stealth Rock
|-item|p1a: Tinkaton|Air Balloon
|move|p2a: Ting-Lu|Ruination|p1a: Tinkaton
|-damage|p1a: Tinkaton|38/100 brn
|-enditem|p1a: Tinkaton|Air Balloon
|
|-damage|p1a: Tinkaton|32/100 brn|[from] brn
|upkeep
|turn|13
|
|t:|1779562066
|move|p1a: Tinkaton|Encore|p2a: Ting-Lu
|-start|p2a: Ting-Lu|Encore
|move|p2a: Ting-Lu|Ruination|p1a: Tinkaton
|-damage|p1a: Tinkaton|16/100 brn
|
|-damage|p1a: Tinkaton|10/100 brn|[from] brn
|upkeep
|turn|14
|
|t:|1779562072
|move|p1a: Tinkaton|Gigaton Hammer|p2a: Ting-Lu
|-damage|p2a: Ting-Lu|87/100
|move|p2a: Ting-Lu|Ruination|p1a: Tinkaton
|-damage|p1a: Tinkaton|5/100 brn
|
|-heal|p2a: Ting-Lu|93/100|[from] item: Leftovers
|-damage|p1a: Tinkaton|0 fnt|[from] brn
|faint|p1a: Tinkaton
|upkeep
|
|t:|1779562081
|switch|p1a: Ting-Lu|Ting-Lu|100/100
|-damage|p1a: Ting-Lu|94/100|[from] Stealth Rock
|-ability|p1a: Ting-Lu|Vessel of Ruin
|turn|15
|
|t:|1779562087
|switch|p2a: Ogerpon|Ogerpon-Wellspring, F|100/100
|-damage|p2a: Ogerpon|88/100|[from] Stealth Rock
|move|p1a: Ting-Lu|Ruination|p2a: Ogerpon
|-damage|p2a: Ogerpon|44/100
|
|upkeep
|turn|16
|
|t:|1779562096
|switch|p1a: Pecharunt|Pecharunt|100/100
|-damage|p1a: Pecharunt|88/100|[from] Stealth Rock
|move|p2a: Ogerpon|Ivy Cudgel|p1a: Pecharunt|[anim] Ivy Cudgel Water
|-damage|p1a: Pecharunt|55/100
|
|upkeep
|turn|17
|
|t:|1779562105
|move|p2a: Ogerpon|Ivy Cudgel|p1a: Pecharunt|[anim] Ivy Cudgel Water
|-damage|p1a: Pecharunt|23/100
|move|p1a: Pecharunt|Recover|p1a: Pecharunt
|-heal|p1a: Pecharunt|74/100
|
|upkeep
|turn|18
|
|t:|1779562117
|move|p2a: Ogerpon|Ivy Cudgel|p1a: Pecharunt|[anim] Ivy Cudgel Water
|-damage|p1a: Pecharunt|44/100
|move|p1a: Pecharunt|Malignant Chain|p2a: Ogerpon
|-supereffective|p2a: Ogerpon
|-damage|p2a: Ogerpon|0 fnt
|faint|p2a: Ogerpon
|
|upkeep
|
|t:|1779562123
|switch|p2a: Iron Valiant|Iron Valiant|100/100
|-damage|p2a: Iron Valiant|94/100|[from] Stealth Rock
|turn|19
|
|t:|1779562137
|switch|p1a: Ting-Lu|Ting-Lu|94/100
|-damage|p1a: Ting-Lu|88/100|[from] Stealth Rock
|-ability|p1a: Ting-Lu|Vessel of Ruin
|move|p2a: Iron Valiant|Shadow Ball|p1a: Ting-Lu
|-resisted|p1a: Ting-Lu
|-damage|p1a: Ting-Lu|79/100
|
|upkeep
|turn|20
|
|t:|1779562151
|-end|p2a: Iron Valiant|Quark Drive|[silent]
|switch|p2a: Corviknight|Corviknight, F|100/100
|-damage|p2a: Corviknight|88/100|[from] Stealth Rock
|-ability|p2a: Corviknight|Pressure
|move|p1a: Ting-Lu|Whirlwind|p2a: Corviknight
|drag|p2a: Ting-Lu|Ting-Lu|93/100
|-damage|p2a: Ting-Lu|87/100|[from] Stealth Rock
|-ability|p2a: Ting-Lu|Vessel of Ruin
|
|-heal|p2a: Ting-Lu|93/100|[from] item: Leftovers
|upkeep
|turn|21
|
|t:|1779562164
|move|p1a: Ting-Lu|Ruination|p2a: Ting-Lu
|-damage|p2a: Ting-Lu|47/100
|move|p2a: Ting-Lu|Ruination|p1a: Ting-Lu
|-damage|p1a: Ting-Lu|40/100
|
|-heal|p2a: Ting-Lu|53/100|[from] item: Leftovers
|upkeep
|turn|22
|
|t:|1779562175
|move|p2a: Ting-Lu|Earthquake|p1a: Ting-Lu
|-damage|p1a: Ting-Lu|21/100
|move|p1a: Ting-Lu|Whirlwind|p2a: Ting-Lu
|drag|p2a: Iron Valiant|Iron Valiant|94/100
|-damage|p2a: Iron Valiant|88/100|[from] Stealth Rock
|
|upkeep
|turn|23
|
|t:|1779562180
|move|p2a: Iron Valiant|Moonblast|p1a: Ting-Lu
|-supereffective|p1a: Ting-Lu
|-damage|p1a: Ting-Lu|0 fnt
|faint|p1a: Ting-Lu
|
|upkeep
|
|t:|1779562187
|switch|p1a: Pecharunt|Pecharunt|44/100
|-damage|p1a: Pecharunt|31/100|[from] Stealth Rock
|turn|24
|
|t:|1779562199
|move|p2a: Iron Valiant|Moonblast|p1a: Pecharunt
|-resisted|p1a: Pecharunt
|-damage|p1a: Pecharunt|0 fnt
|faint|p1a: Pecharunt
|
|upkeep
|
|t:|1779562203
|switch|p1a: Weavile|Weavile, F|100/100
|-ability|p1a: Weavile|Pressure
|turn|25
|
|t:|1779562207
|-end|p2a: Iron Valiant|Quark Drive|[silent]
|switch|p2a: Corviknight|Corviknight, F|88/100
|-damage|p2a: Corviknight|76/100|[from] Stealth Rock
|-ability|p2a: Corviknight|Pressure
|-terastallize|p1a: Weavile|Poison
|move|p1a: Weavile|Swords Dance|p1a: Weavile
|-boost|p1a: Weavile|atk|2
|
|upkeep
|turn|26
|
|t:|1779562230
|move|p1a: Weavile|Swords Dance|p1a: Weavile
|-boost|p1a: Weavile|atk|2
|move|p2a: Corviknight|Body Press|p1a: Weavile
|-resisted|p1a: Weavile
|-damage|p1a: Weavile|78/100
|
|upkeep
|turn|27
|
|t:|1779562240
|move|p1a: Weavile|Knock Off|p2a: Corviknight
|-damage|p2a: Corviknight|0 fnt
|-damage|p1a: Weavile|62/100|[from] item: Rocky Helmet|[of] p2a: Corviknight
|-enditem|p2a: Corviknight|Rocky Helmet|[from] move: Knock Off|[of] p1a: Weavile
|faint|p2a: Corviknight
|
|upkeep
|
|t:|1779562243
|switch|p2a: Ting-Lu|Ting-Lu|53/100
|-damage|p2a: Ting-Lu|47/100|[from] Stealth Rock
|-ability|p2a: Ting-Lu|Vessel of Ruin
|turn|28
|
|t:|1779562254
|-terastallize|p2a: Ting-Lu|Ice
|move|p1a: Weavile|Knock Off|p2a: Ting-Lu
|-damage|p2a: Ting-Lu|0 fnt
|-enditem|p2a: Ting-Lu|Leftovers|[from] move: Knock Off|[of] p1a: Weavile
|faint|p2a: Ting-Lu
|
|upkeep
|
|t:|1779562261
|switch|p2a: Iron Valiant|Iron Valiant|88/100
|-damage|p2a: Iron Valiant|82/100|[from] Stealth Rock
|turn|29
|
|t:|1779562266
|move|p2a: Iron Valiant|Vacuum Wave|p1a: Weavile
|-resisted|p1a: Weavile
|-damage|p1a: Weavile|39/100
|move|p1a: Weavile|Triple Axel|p2a: Iron Valiant
|-damage|p2a: Iron Valiant|45/100
|-hitcount|p2a: Iron Valiant|1
|
|upkeep
|turn|30
|
|t:|1779562273
|move|p1a: Weavile|Ice Shard|p2a: Iron Valiant
|-damage|p2a: Iron Valiant|0 fnt
|faint|p2a: Iron Valiant
|-end|p2a: Iron Valiant|Quark Drive|[silent]
|
|upkeep
|-message|theoddkeystone forfeited.
|
|win|biger01
|raw|biger01's rating: 1387 &rarr; <strong>1409</strong><br />(+22 for winning)
|raw|theoddkeystone's rating: 1430 &rarr; <strong>1408</strong><br />(-22 for losing)
|l|☆theoddkeystone
|player|p2|
