|j|☆athrel
|j|☆Mathchamp
|t:|1779681680
|gametype|singles
|player|p1|athrel|102|1341
|player|p2|Mathchamp|backersf|1330
|gen|9
|tier|[Gen 9] OU
|rated|
|rule|HP Percentage Mod: HP is shown in percentages
|rule|Endless Battle Clause: Forcing endless battles is banned
|rule|Species Clause: Limit one of each Pokémon
|rule|OHKO Clause: OHKO moves are banned
|rule|Evasion Items Clause: Evasion items are banned
|rule|Evasion Moves Clause: Evasion moves are banned
|rule|Evasion Abilities Clause: Evasion abilities are banned
|rule|Sleep Moves Clause: Sleep-inducing moves are banned
|clearpoke
|poke|p1|Kyurem|
|poke|p1|Araquanid, F|
|poke|p1|Ceruledge, F|
|poke|p1|Rillaboom, M|
|poke|p1|Gholdengo|
|poke|p1|Iron Treads|
|poke|p2|Kyurem|
|poke|p2|Latios, M|
|poke|p2|Dragonite, F|
|poke|p2|Dragapult, F|
|poke|p2|Garchomp, F|
|poke|p2|Dragalge, F|
|teampreview
|inactive|Battle timer is ON: inactive players will automatically lose when time's up. (requested by Mathchamp)
|
|t:|1779681689
|teamsize|p1|6
|teamsize|p2|6
|start
|switch|p1a: Gholdengo|Gholdengo|100/100
|switch|p2a: Kyurem|Kyurem, shiny|100/100
|-ability|p2a: Kyurem|Pressure
|turn|1
|
|t:|1779681702
|-terastallize|p2a: Kyurem|Ground
|move|p1a: Gholdengo|Make It Rain|p2a: Kyurem
|-damage|p2a: Kyurem|42/100
|-unboost|p1a: Gholdengo|spa|1
|move|p2a: Kyurem|Earth Power|p1a: Gholdengo
|-supereffective|p1a: Gholdengo
|-damage|p1a: Gholdengo|0 fnt
|faint|p1a: Gholdengo
|
|upkeep
|
|t:|1779681707
|switch|p1a: Araquanid|Araquanid, F|100/100
|turn|2
|
|t:|1779681712
|switch|p2a: Dragalge|Dragalge, F|100/100
|move|p1a: Araquanid|Sticky Web|p2a: Dragalge
|-sidestart|p2: Mathchamp|move: Sticky Web
|
|upkeep
|turn|3
|
|t:|1779681717
|move|p2a: Dragalge|Toxic Spikes|p1a: Araquanid
|-sidestart|p1: athrel|move: Toxic Spikes
|move|p1a: Araquanid|Liquidation|p2a: Dragalge
|-resisted|p2a: Dragalge
|-damage|p2a: Dragalge|64/100
|
|-heal|p2a: Dragalge|70/100|[from] item: Leftovers
|upkeep
|turn|4
|
|t:|1779681723
|switch|p1a: Iron Treads|Iron Treads|100/100
|move|p2a: Dragalge|Toxic|p1a: Iron Treads
|-immune|p1a: Iron Treads
|
|-heal|p2a: Dragalge|76/100|[from] item: Leftovers
|upkeep
|turn|5
|
|t:|1779681731
|switch|p2a: Dragapult|Dragapult, F|100/100
|-activate|p2a: Dragapult|move: Sticky Web
|-unboost|p2a: Dragapult|spe|1
|move|p1a: Iron Treads|Stealth Rock|p2a: Dragapult
|-sidestart|p2: Mathchamp|move: Stealth Rock
|
|upkeep
|turn|6
|
|t:|1779681739
|move|p2a: Dragapult|Phantom Force||[still]
|-prepare|p2a: Dragapult|Phantom Force
|move|p1a: Iron Treads|Volt Switch|p2a: Dragapult|[miss]
|-miss|p1a: Iron Treads|p2a: Dragapult
|
|upkeep
|turn|7
|
|t:|1779681767
|-end|p1a: Iron Treads|Quark Drive|[silent]
|switch|p1a: Araquanid|Araquanid, F|100/100
|-status|p1a: Araquanid|psn
|move|p2a: Dragapult|Phantom Force|p1a: Araquanid|[from] lockedmove
|-damage|p1a: Araquanid|44/100 psn
|
|-damage|p1a: Araquanid|31/100 psn|[from] psn
|upkeep
|turn|8
|inactive|athrel has 120 seconds left.
|
|t:|1779681791
|move|p2a: Dragapult|Phantom Force||[still]
|-prepare|p2a: Dragapult|Phantom Force
|move|p1a: Araquanid|Liquidation|p2a: Dragapult|[miss]
|-miss|p1a: Araquanid|p2a: Dragapult
|
|-damage|p1a: Araquanid|19/100 psn|[from] psn
|upkeep
|turn|9
|inactive|athrel has 120 seconds left.
|
|t:|1779681798
|switch|p1a: Iron Treads|Iron Treads|100/100
|move|p2a: Dragapult|Phantom Force|p1a: Iron Treads|[from] lockedmove
|-crit|p1a: Iron Treads
|-damage|p1a: Iron Treads|47/100
|
|-heal|p1a: Iron Treads|53/100|[from] item: Leftovers
|upkeep
|turn|10
|
|t:|1779681804
|move|p2a: Dragapult|Phantom Force||[still]
|-prepare|p2a: Dragapult|Phantom Force
|move|p1a: Iron Treads|Earth Power|p2a: Dragapult|[miss]
|-miss|p1a: Iron Treads|p2a: Dragapult
|
|-heal|p1a: Iron Treads|60/100|[from] item: Leftovers
|upkeep
|turn|11
|
|t:|1779681811
|move|p2a: Dragapult|Phantom Force|p1a: Iron Treads|[from] lockedmove
|-damage|p1a: Iron Treads|24/100
|move|p1a: Iron Treads|Earth Power|p2a: Dragapult
|-damage|p2a: Dragapult|66/100
|
|-heal|p1a: Iron Treads|30/100|[from] item: Leftovers
|upkeep
|turn|12
|
|t:|1779681824
|-end|p1a: Iron Treads|Quark Drive|[silent]
|switch|p1a: Rillaboom|Rillaboom, M|100/100
|-status|p1a: Rillaboom|psn
|-fieldstart|move: Grassy Terrain|[from] ability: Grassy Surge|[of] p1a: Rillaboom
|move|p2a: Dragapult|Phantom Force||[still]
|-prepare|p2a: Dragapult|Phantom Force
|
|-damage|p1a: Rillaboom|88/100 psn|[from] psn
|upkeep
|turn|13
|
|t:|1779681833
|move|p2a: Dragapult|Phantom Force|p1a: Rillaboom|[from] lockedmove
|-damage|p1a: Rillaboom|43/100 psn
|move|p1a: Rillaboom|Knock Off|p2a: Dragapult
|-supereffective|p2a: Dragapult
|-damage|p2a: Dragapult|0 fnt
|-enditem|p2a: Dragapult|Choice Scarf|[from] move: Knock Off|[of] p1a: Rillaboom
|faint|p2a: Dragapult
|
|-heal|p1a: Rillaboom|49/100 psn|[from] Grassy Terrain
|-damage|p1a: Rillaboom|37/100 psn|[from] psn
|upkeep
|
|t:|1779681846
|switch|p2a: Garchomp|Garchomp, F|100/100
|-activate|p2a: Garchomp|move: Sticky Web
|-unboost|p2a: Garchomp|spe|1
|-damage|p2a: Garchomp|94/100|[from] Stealth Rock
|turn|14
|
|t:|1779681856
|move|p1a: Rillaboom|Grassy Glide|p2a: Garchomp
|-damage|p2a: Garchomp|55/100
|-damage|p1a: Rillaboom|24/100 psn|[from] ability: Rough Skin|[of] p2a: Garchomp
|-damage|p1a: Rillaboom|8/100 psn|[from] item: Rocky Helmet|[of] p2a: Garchomp
|move|p2a: Garchomp|Scale Shot|p1a: Rillaboom
|-damage|p1a: Rillaboom|0 fnt
|faint|p1a: Rillaboom
|-hitcount|p1: Rillaboom|1
|-unboost|p2a: Garchomp|def|1
|-boost|p2a: Garchomp|spe|1
|
|-heal|p2a: Garchomp|61/100|[from] Grassy Terrain
|upkeep
|
|t:|1779681865
|switch|p1a: Iron Treads|Iron Treads|30/100
|turn|15
|
|t:|1779681874
|move|p1a: Iron Treads|Rapid Spin|p2a: Garchomp
|-damage|p2a: Garchomp|43/100
|-boost|p1a: Iron Treads|spe|1
|-damage|p1a: Iron Treads|17/100|[from] ability: Rough Skin|[of] p2a: Garchomp
|-damage|p1a: Iron Treads|1/100|[from] item: Rocky Helmet|[of] p2a: Garchomp
|-sideend|p1: athrel|Toxic Spikes|[from] move: Rapid Spin|[of] p1a: Iron Treads
|move|p2a: Garchomp|Scale Shot|p1a: Iron Treads
|-resisted|p1a: Iron Treads
|-damage|p1a: Iron Treads|0 fnt
|faint|p1a: Iron Treads
|-end|p1a: Iron Treads|Quark Drive|[silent]
|-hitcount|p1: Iron Treads|1
|-unboost|p2a: Garchomp|def|1
|-boost|p2a: Garchomp|spe|1
|
|-heal|p2a: Garchomp|49/100|[from] Grassy Terrain
|upkeep
|
|t:|1779681882
|switch|p1a: Araquanid|Araquanid, F|19/100 psn
|turn|16
|-enditem|p1a: Araquanid|Custap Berry|[eat]
|-activate|p1a: Araquanid|item: Custap Berry|[consumed]
|
|t:|1779681890
|move|p1a: Araquanid|Liquidation|p2a: Garchomp
|-damage|p2a: Garchomp|0 fnt
|-damage|p1a: Araquanid|7/100 psn|[from] ability: Rough Skin|[of] p2a: Garchomp
|-damage|p1a: Araquanid|0 fnt|[from] item: Rocky Helmet|[of] p2a: Garchomp
|faint|p2a: Garchomp
|faint|p1a: Araquanid
|
|-fieldend|move: Grassy Terrain
|upkeep
|
|t:|1779681898
|switch|p2a: Dragalge|Dragalge, F|76/100
|switch|p1a: Kyurem|Kyurem|100/100
|-ability|p1a: Kyurem|Pressure
|-activate|p2a: Dragalge|move: Sticky Web
|-unboost|p2a: Dragalge|spe|1
|-damage|p2a: Dragalge|63/100|[from] Stealth Rock
|turn|17
|
|t:|1779681906
|move|p1a: Kyurem|Ice Beam|p2a: Dragalge
|-supereffective|p2a: Dragalge
|-damage|p2a: Dragalge|0 fnt
|faint|p2a: Dragalge
|
|upkeep
|
|t:|1779681914
|switch|p2a: Latios|Latios, M|100/100
|-damage|p2a: Latios|88/100|[from] Stealth Rock
|turn|18
|
|t:|1779681920
|-terastallize|p1a: Kyurem|Water
|move|p2a: Latios|Scale Shot|p1a: Kyurem
|-damage|p1a: Kyurem|91/100
|-damage|p1a: Kyurem|81/100
|-damage|p1a: Kyurem|72/100
|-damage|p1a: Kyurem|62/100
|-hitcount|p1a: Kyurem|4
|-unboost|p2a: Latios|def|1
|-boost|p2a: Latios|spe|1
|move|p1a: Kyurem|Ice Beam|p2a: Latios
|-supereffective|p2a: Latios
|-damage|p2a: Latios|0 fnt
|faint|p2a: Latios
|
|upkeep
|
|t:|1779681925
|switch|p2a: Kyurem|Kyurem, shiny, tera:Ground|42/100
|-activate|p2a: Kyurem|move: Sticky Web
|-unboost|p2a: Kyurem|spe|1
|-damage|p2a: Kyurem|36/100|[from] Stealth Rock
|-ability|p2a: Kyurem|Pressure
|turn|19
|
|t:|1779681929
|move|p1a: Kyurem|Ice Beam|p2a: Kyurem
|-supereffective|p2a: Kyurem
|-damage|p2a: Kyurem|0 fnt
|faint|p2a: Kyurem
|
|upkeep
|
|t:|1779681931
|switch|p2a: Dragonite|Dragonite, F|100/100
|-damage|p2a: Dragonite|75/100|[from] Stealth Rock
|turn|20
|
|t:|1779681936
|move|p2a: Dragonite|Extreme Speed|p1a: Kyurem
|-damage|p1a: Kyurem|36/100
|move|p1a: Kyurem|Ice Beam|p2a: Dragonite
|-supereffective|p2a: Dragonite
|-damage|p2a: Dragonite|0 fnt
|faint|p2a: Dragonite
|
|win|athrel
|raw|athrel's rating: 1341 &rarr; <strong>1360</strong><br />(+19 for winning)
|raw|Mathchamp's rating: 1330 &rarr; <strong>1311</strong><br />(-19 for losing)
|l|☆Mathchamp
|player|p2|
|l|☆athrel
|player|p1|
