|j|☆Satoshi248
|j|☆The Poo Wrangler
|t:|1779598742
|gametype|singles
|player|p1|Satoshi248|hilbert|1100
|player|p2|The Poo Wrangler|102|1084
|gen|9
|tier|[Gen 9] OU
|rated|
|rule|HP Percentage Mod: HP is shown in percentages
|rule|Endless Battle Clause: Forcing endless battles is banned
|rule|Species Clause: Limit one of each Pokémon
|rule|OHKO Clause: OHKO moves are banned
|rule|Evasion Items Clause: Evasion items are banned
|rule|Evasion Moves Clause: Evasion moves are banned
|rule|Evasion Abilities Clause: Evasion abilities are banned
|rule|Sleep Moves Clause: Sleep-inducing moves are banned
|clearpoke
|poke|p1|Greninja-*, M|
|poke|p1|Porygon2|
|poke|p1|Garchomp, F|
|poke|p1|Arcanine, F|
|poke|p1|Blissey, F|
|poke|p1|Skarmory, F|
|poke|p2|Indeedee, M|
|poke|p2|Kommo-o, F|
|poke|p2|Polteageist|
|poke|p2|Cloyster, M|
|poke|p2|Quaquaval, M|
|poke|p2|Hatterene, F|
|teampreview
|inactive|Battle timer is ON: inactive players will automatically lose when time's up. (requested by The Poo Wrangler)
|
|t:|1779598760
|teamsize|p1|6
|teamsize|p2|6
|start
|switch|p1a: Porygon2|Porygon2, shiny|100/100
|switch|p2a: Indeedee|Indeedee, M|100/100
|-fieldstart|move: Psychic Terrain|[from] ability: Psychic Surge|[of] p2a: Indeedee
|turn|1
|
|t:|1779598779
|switch|p2a: An OwO moment|Hatterene, F|100/100
|move|p1a: Porygon2|Tri Attack|p2a: An OwO moment
|-damage|p2a: An OwO moment|56/100
|
|-heal|p2a: An OwO moment|62/100|[from] item: Leftovers
|upkeep
|turn|2
|
|t:|1779598797
|switch|p2a: A Pot-Head|Polteageist|100/100
|move|p1a: Porygon2|Tri Attack|p2a: A Pot-Head
|-immune|p2a: A Pot-Head
|
|upkeep
|turn|3
|
|t:|1779598815
|move|p2a: A Pot-Head|Shell Smash|p2a: A Pot-Head
|-unboost|p2a: A Pot-Head|def|1
|-unboost|p2a: A Pot-Head|spd|1
|-boost|p2a: A Pot-Head|atk|2
|-boost|p2a: A Pot-Head|spa|2
|-boost|p2a: A Pot-Head|spe|2
|move|p1a: Porygon2|Discharge|p2a: A Pot-Head
|-damage|p2a: A Pot-Head|53/100
|
|upkeep
|turn|4
|
|t:|1779598829
|move|p2a: A Pot-Head|Stored Power|p1a: Porygon2
|-damage|p1a: Porygon2|29/100
|move|p1a: Porygon2|Discharge|p2a: A Pot-Head
|-damage|p2a: A Pot-Head|0 fnt
|faint|p2a: A Pot-Head
|
|upkeep
|
|t:|1779598838
|switch|p2a: Quaquaval|Quaquaval, M|100/100
|turn|5
|
|t:|1779598857
|switch|p1a: Skarmory|Skarmory, F|100/100
|move|p2a: Quaquaval|Aqua Step|p1a: Skarmory
|-damage|p1a: Skarmory|79/100
|-boost|p2a: Quaquaval|spe|1
|-damage|p2a: Quaquaval|84/100|[from] item: Rocky Helmet|[of] p1a: Skarmory
|
|upkeep
|turn|6
|
|t:|1779598867
|switch|p2a: An OwO moment|Hatterene, F|62/100
|move|p1a: Skarmory|Iron Defense|p1a: Skarmory
|-boost|p1a: Skarmory|def|2
|
|-heal|p2a: An OwO moment|68/100|[from] item: Leftovers
|upkeep
|turn|7
|
|t:|1779598888
|move|p1a: Skarmory|Spikes|p2a: An OwO moment
|move|p2a: An OwO moment|Spikes|p1a: Skarmory|[from] ability: Magic Bounce
|-sidestart|p1: Satoshi248|Spikes
|move|p2a: An OwO moment|Calm Mind|p2a: An OwO moment
|-boost|p2a: An OwO moment|spa|1
|-boost|p2a: An OwO moment|spd|1
|
|-heal|p2a: An OwO moment|74/100|[from] item: Leftovers
|upkeep
|turn|8
|-message|Satoshi248 forfeited.
|
|win|The Poo Wrangler
|raw|Satoshi248's rating: 1100 &rarr; <strong>1074</strong><br />(-26 for losing)
|raw|The Poo Wrangler's rating: 1084 &rarr; <strong>1113</strong><br />(+29 for winning)
|l|☆Satoshi248
|player|p1|
|l|☆The Poo Wrangler
|player|p2|
