|j|☆Pokemon blodown
|j|☆bvcnmkor85471
|t:|1779716742
|gametype|singles
|player|p1|Pokemon blodown|170|1126
|player|p2|bvcnmkor85471|265|1145
|gen|9
|tier|[Gen 9] OU
|rated|
|rule|HP Percentage Mod: HP is shown in percentages
|rule|Endless Battle Clause: Forcing endless battles is banned
|rule|Species Clause: Limit one of each Pokémon
|rule|OHKO Clause: OHKO moves are banned
|rule|Evasion Items Clause: Evasion items are banned
|rule|Evasion Moves Clause: Evasion moves are banned
|rule|Evasion Abilities Clause: Evasion abilities are banned
|rule|Sleep Moves Clause: Sleep-inducing moves are banned
|clearpoke
|poke|p1|Clefable, F|
|poke|p1|Iron Treads|
|poke|p1|Vileplume, M|
|poke|p1|Tauros-Paldea-Aqua, M|
|poke|p1|Mismagius, M|
|poke|p1|Grimmsnarl, M|
|poke|p2|Tyranitar, F|
|poke|p2|Houndstone, M|
|poke|p2|Tsareena, F|
|poke|p2|Sandslash, M|
|poke|p2|Tornadus-Therian, M|
|poke|p2|Rotom-Wash|
|teampreview
|inactive|Battle timer is ON: inactive players will automatically lose when time's up. (requested by Pokemon blodown)
|
|t:|1779716765
|teamsize|p1|6
|teamsize|p2|6
|start
|switch|p1a: Tauros|Tauros-Paldea-Aqua, M|100/100
|switch|p2a: Tyranitar|Tyranitar, F|100/100
|-ability|p1a: Tauros|Intimidate|boost
|-unboost|p2a: Tyranitar|atk|1
|-weather|Sandstorm|[from] ability: Sand Stream|[of] p2a: Tyranitar
|turn|1
|
|t:|1779716774
|switch|p2a: Tsareena|Tsareena, F|100/100
|move|p1a: Tauros|Close Combat|p2a: Tsareena
|-damage|p2a: Tsareena|40/100
|-unboost|p1a: Tauros|def|1
|-unboost|p1a: Tauros|spd|1
|
|-weather|Sandstorm|[upkeep]
|-damage|p1a: Tauros|94/100|[from] Sandstorm
|-damage|p2a: Tsareena|34/100|[from] Sandstorm
|-heal|p2a: Tsareena|40/100|[from] item: Leftovers
|upkeep
|turn|2
|
|t:|1779716780
|switch|p2a: Houndstone|Houndstone, M, shiny|100/100
|move|p1a: Tauros|Close Combat|p2a: Houndstone
|-immune|p2a: Houndstone
|
|-weather|Sandstorm|[upkeep]
|-damage|p1a: Tauros|88/100|[from] Sandstorm
|upkeep
|turn|3
|
|t:|1779716789
|switch|p1a: Vileplume|Vileplume, M|100/100
|move|p2a: Houndstone|Poltergeist|p1a: Vileplume
|-activate|p1a: Vileplume|move: Poltergeist|Rocky Helmet
|-damage|p1a: Vileplume|34/100
|
|-weather|Sandstorm|[upkeep]
|-damage|p1a: Vileplume|28/100|[from] Sandstorm
|upkeep
|turn|4
|
|t:|1779716804
|switch|p1a: Tauros|Tauros-Paldea-Aqua, M|88/100
|-ability|p1a: Tauros|Intimidate|boost
|-unboost|p2a: Houndstone|atk|1
|move|p2a: Houndstone|Poltergeist|p1a: Tauros
|-activate|p1a: Tauros|move: Poltergeist|Choice Scarf
|-damage|p1a: Tauros|30/100
|
|-weather|Sandstorm|[upkeep]
|-damage|p1a: Tauros|24/100|[from] Sandstorm
|upkeep
|turn|5
|
|t:|1779716823
|switch|p2a: Rotom|Rotom-Wash|100/100
|move|p1a: Tauros|Raging Bull|p2a: Rotom
|-resisted|p2a: Rotom
|-damage|p2a: Rotom|76/100
|
|-weather|Sandstorm|[upkeep]
|-damage|p1a: Tauros|18/100|[from] Sandstorm
|-damage|p2a: Rotom|70/100|[from] Sandstorm
|upkeep
|turn|6
|
|t:|1779716834
|switch|p1a: Vileplume|Vileplume, M|28/100
|move|p2a: Rotom|Volt Switch|p1a: Vileplume
|-resisted|p1a: Vileplume
|-damage|p1a: Vileplume|11/100
|
|t:|1779716844
|switch|p2a: Tornadus|Tornadus-Therian, M, shiny|100/100|[from] Volt Switch
|
|-weather|Sandstorm|[upkeep]
|-damage|p2a: Tornadus|94/100|[from] Sandstorm
|-damage|p1a: Vileplume|5/100|[from] Sandstorm
|upkeep
|turn|7
|
|t:|1779716850
|move|p2a: Tornadus|Weather Ball|p1a: Vileplume
|-damage|p1a: Vileplume|0 fnt
|faint|p1a: Vileplume
|
|-weather|Sandstorm|[upkeep]
|-damage|p2a: Tornadus|88/100|[from] Sandstorm
|upkeep
|
|t:|1779716856
|switch|p1a: Tauros|Tauros-Paldea-Aqua, M|18/100
|-ability|p1a: Tauros|Intimidate|boost
|-unboost|p2a: Tornadus|atk|1
|turn|8
|
|t:|1779716884
|switch|p2a: Rotom|Rotom-Wash|70/100
|move|p1a: Tauros|Wild Charge|p2a: Rotom
|-damage|p2a: Rotom|40/100
|-damage|p1a: Tauros|10/100|[from] Recoil
|
|-weather|none
|upkeep
|turn|9
|
|t:|1779716889
|move|p1a: Tauros|Wild Charge|p2a: Rotom
|-damage|p2a: Rotom|5/100
|-damage|p1a: Tauros|1/100|[from] Recoil
|move|p2a: Rotom|Volt Switch|p1a: Tauros
|-supereffective|p1a: Tauros
|-damage|p1a: Tauros|0 fnt
|faint|p1a: Tauros
|
|t:|1779716895
|switch|p2a: Tyranitar|Tyranitar, F|100/100|[from] Volt Switch
|-weather|Sandstorm|[from] ability: Sand Stream|[of] p2a: Tyranitar
|
|-weather|Sandstorm|[upkeep]
|upkeep
|
|t:|1779716904
|switch|p1a: Iron Treads|Iron Treads|100/100
|turn|10
|
|t:|1779716915
|move|p1a: Iron Treads|Earthquake|p2a: Tyranitar
|-supereffective|p2a: Tyranitar
|-damage|p2a: Tyranitar|40/100
|move|p2a: Tyranitar|Body Press|p1a: Iron Treads
|-supereffective|p1a: Iron Treads
|-damage|p1a: Iron Treads|70/100
|
|-weather|Sandstorm|[upkeep]
|-heal|p1a: Iron Treads|77/100|[from] item: Leftovers
|upkeep
|turn|11
|
|t:|1779716927
|switch|p2a: Tornadus|Tornadus-Therian, M, shiny|100/100
|move|p1a: Iron Treads|Iron Head|p2a: Tornadus
|-damage|p2a: Tornadus|59/100
|
|-weather|Sandstorm|[upkeep]
|-damage|p2a: Tornadus|53/100|[from] Sandstorm
|-heal|p1a: Iron Treads|83/100|[from] item: Leftovers
|upkeep
|turn|12
|
|t:|1779716935
|move|p2a: Tornadus|Heat Wave|p1a: Iron Treads
|-supereffective|p1a: Iron Treads
|-damage|p1a: Iron Treads|39/100
|move|p1a: Iron Treads|Iron Head|p2a: Tornadus
|-damage|p2a: Tornadus|15/100
|
|-weather|Sandstorm|[upkeep]
|-damage|p2a: Tornadus|9/100|[from] Sandstorm
|-heal|p1a: Iron Treads|45/100|[from] item: Leftovers
|upkeep
|turn|13
|
|t:|1779716949
|-end|p1a: Iron Treads|Quark Drive|[silent]
|switch|p1a: Grimmsnarl|Grimmsnarl, M|100/100
|move|p2a: Tornadus|U-turn|p1a: Grimmsnarl
|-damage|p1a: Grimmsnarl|83/100
|
|t:|1779716954
|switch|p2a: Sandslash|Sandslash, M, shiny|100/100|[from] U-turn
|
|-weather|Sandstorm|[upkeep]
|-damage|p1a: Grimmsnarl|77/100|[from] Sandstorm
|upkeep
|turn|14
|
|t:|1779716971
|move|p1a: Grimmsnarl|Parting Shot|p2a: Sandslash
|-unboost|p2a: Sandslash|atk|1
|-unboost|p2a: Sandslash|spa|1
|
|t:|1779716975
|switch|p1a: Mismagius|Mismagius, M|100/100|[from] Parting Shot
|move|p2a: Sandslash|Earthquake|p1a: Mismagius
|-immune|p1a: Mismagius|[from] ability: Levitate
|
|-weather|Sandstorm|[upkeep]
|-damage|p1a: Mismagius|94/100|[from] Sandstorm
|-heal|p1a: Mismagius|100/100|[from] item: Leftovers
|upkeep
|turn|15
|
|t:|1779716983
|move|p2a: Sandslash|Swords Dance|p2a: Sandslash
|-boost|p2a: Sandslash|atk|2
|move|p1a: Mismagius|Will-O-Wisp|p2a: Sandslash|[miss]
|-miss|p1a: Mismagius|p2a: Sandslash
|
|-weather|Sandstorm|[upkeep]
|-damage|p1a: Mismagius|94/100|[from] Sandstorm
|-heal|p1a: Mismagius|100/100|[from] item: Leftovers
|upkeep
|turn|16
|
|t:|1779716987
|move|p2a: Sandslash|Knock Off|p1a: Mismagius
|-supereffective|p1a: Mismagius
|-damage|p1a: Mismagius|0 fnt
|-enditem|p1a: Mismagius|Leftovers|[from] move: Knock Off|[of] p2a: Sandslash
|faint|p1a: Mismagius
|-damage|p2a: Sandslash|91/100|[from] item: Life Orb
|
|-weather|none
|upkeep
|-message|Pokemon blodown forfeited.
|
|win|bvcnmkor85471
|raw|Pokemon blodown's rating: 1126 &rarr; <strong>1102</strong><br />(-24 for losing)
|raw|bvcnmkor85471's rating: 1145 &rarr; <strong>1169</strong><br />(+24 for winning)
|l|☆bvcnmkor85471
|player|p2|
|l|☆Pokemon blodown
|player|p1|
