|j|☆FeeshyArtist
|j|☆NewNewNwAcc
|t:|1779600333
|gametype|singles
|player|p1|FeeshyArtist|aromalady|1253
|player|p2|NewNewNwAcc|hooligans|1251
|gen|9
|tier|[Gen 9] OU
|rated|
|rule|HP Percentage Mod: HP is shown in percentages
|rule|Endless Battle Clause: Forcing endless battles is banned
|rule|Species Clause: Limit one of each Pokémon
|rule|OHKO Clause: OHKO moves are banned
|rule|Evasion Items Clause: Evasion items are banned
|rule|Evasion Moves Clause: Evasion moves are banned
|rule|Evasion Abilities Clause: Evasion abilities are banned
|rule|Sleep Moves Clause: Sleep-inducing moves are banned
|clearpoke
|poke|p1|Polteageist|
|poke|p1|Slowbro-Galar, M|
|poke|p1|Iron Moth|
|poke|p1|Staraptor, F|
|poke|p1|Mamoswine, M|
|poke|p1|Tatsugiri, M|
|poke|p2|Orthworm, F|
|poke|p2|Gliscor, M|
|poke|p2|Meowscarada, M|
|poke|p2|Ting-Lu|
|poke|p2|Dragonite, M|
|poke|p2|Sinistcha|
|teampreview
|inactive|Battle timer is ON: inactive players will automatically lose when time's up. (requested by NewNewNwAcc)
|inactive|FeeshyArtist also wants the timer to be on.
|
|t:|1779600342
|teamsize|p1|6
|teamsize|p2|6
|start
|switch|p1a: Mamoswine|Mamoswine, M|100/100
|switch|p2a: Gliscor|Gliscor, M|100/100
|turn|1
|
|t:|1779600352
|move|p2a: Gliscor|Protect|p2a: Gliscor
|-singleturn|p2a: Gliscor|Protect
|move|p1a: Mamoswine|Icicle Crash|p2a: Gliscor
|-activate|p2a: Gliscor|move: Protect
|
|-status|p2a: Gliscor|tox|[from] item: Toxic Orb
|upkeep
|turn|2
|
|t:|1779600356
|switch|p2a: Orthworm|Orthworm, F|100/100
|move|p1a: Mamoswine|Icicle Crash|p2a: Orthworm|[miss]
|-miss|p1a: Mamoswine|p2a: Orthworm
|
|upkeep
|turn|3
|
|t:|1779600366
|switch|p1a: Iron Moth|Iron Moth|100/100
|move|p2a: Orthworm|Body Press|p1a: Iron Moth
|-resisted|p1a: Iron Moth
|-damage|p1a: Iron Moth|76/100
|
|upkeep
|turn|4
|
|t:|1779600372
|switch|p2a: Ting-Lu|Ting-Lu|100/100
|-ability|p2a: Ting-Lu|Vessel of Ruin
|move|p1a: Iron Moth|Fiery Dance|p2a: Ting-Lu
|-damage|p2a: Ting-Lu|82/100
|-boost|p1a: Iron Moth|spa|1
|
|-heal|p2a: Ting-Lu|88/100|[from] item: Leftovers
|upkeep
|turn|5
|
|t:|1779600387
|move|p1a: Iron Moth|Fiery Dance|p2a: Ting-Lu
|-damage|p2a: Ting-Lu|60/100
|-boost|p1a: Iron Moth|spa|1
|move|p2a: Ting-Lu|Stealth Rock|p1a: Iron Moth
|-sidestart|p1: FeeshyArtist|move: Stealth Rock
|
|-heal|p2a: Ting-Lu|67/100|[from] item: Leftovers
|upkeep
|turn|6
|
|t:|1779600390
|move|p1a: Iron Moth|Fiery Dance|p2a: Ting-Lu
|-damage|p2a: Ting-Lu|30/100
|-boost|p1a: Iron Moth|spa|1
|move|p2a: Ting-Lu|Earthquake|p1a: Iron Moth
|-supereffective|p1a: Iron Moth
|-damage|p1a: Iron Moth|0 fnt
|faint|p1a: Iron Moth
|-end|p1a: Iron Moth|Quark Drive|[silent]
|
|-heal|p2a: Ting-Lu|36/100|[from] item: Leftovers
|upkeep
|
|t:|1779600393
|switch|p1a: Mamoswine|Mamoswine, M|100/100
|-damage|p1a: Mamoswine|88/100|[from] Stealth Rock
|turn|7
|
|t:|1779600397
|switch|p2a: Orthworm|Orthworm, F|100/100
|move|p1a: Mamoswine|Icicle Crash|p2a: Orthworm
|-resisted|p2a: Orthworm
|-damage|p2a: Orthworm|79/100
|-damage|p1a: Mamoswine|78/100|[from] item: Life Orb
|
|-heal|p2a: Orthworm|85/100|[from] item: Leftovers
|upkeep
|turn|8
|
|t:|1779600408
|switch|p1a: Slowbro|Slowbro-Galar, M|100/100
|-damage|p1a: Slowbro|88/100|[from] Stealth Rock
|move|p2a: Orthworm|Spikes|p1a: Slowbro
|-sidestart|p1: FeeshyArtist|Spikes
|
|-heal|p2a: Orthworm|91/100|[from] item: Leftovers
|upkeep
|turn|9
|-activate|p1a: Slowbro|item: Quick Claw
|
|t:|1779600412
|move|p1a: Slowbro|Nasty Plot|p1a: Slowbro
|-boost|p1a: Slowbro|spa|2
|move|p2a: Orthworm|Spikes|p1a: Slowbro
|-sidestart|p1: FeeshyArtist|Spikes
|
|-heal|p2a: Orthworm|98/100|[from] item: Leftovers
|upkeep
|turn|10
|-activate|p1a: Slowbro|ability: Quick Draw
|
|t:|1779600420
|switch|p2a: Ting-Lu|Ting-Lu|36/100
|-ability|p2a: Ting-Lu|Vessel of Ruin
|move|p1a: Slowbro|Fire Blast|p2a: Ting-Lu
|-damage|p2a: Ting-Lu|6/100
|-status|p2a: Ting-Lu|brn
|
|-heal|p2a: Ting-Lu|13/100 brn|[from] item: Leftovers
|-damage|p2a: Ting-Lu|6/100 brn|[from] brn
|upkeep
|turn|11
|-activate|p1a: Slowbro|ability: Quick Draw
|
|t:|1779600431
|move|p1a: Slowbro|Sludge Bomb|p2a: Ting-Lu
|-resisted|p2a: Ting-Lu
|-damage|p2a: Ting-Lu|0 fnt
|faint|p2a: Ting-Lu
|
|upkeep
|
|t:|1779600438
|switch|p2a: Meowscarada|Meowscarada, M|100/100
|turn|12
|-activate|p1a: Slowbro|ability: Quick Draw
|
|t:|1779600444
|-terastallize|p1a: Slowbro|Fairy
|move|p1a: Slowbro|Sludge Bomb|p2a: Meowscarada
|-supereffective|p2a: Meowscarada
|-damage|p2a: Meowscarada|0 fnt
|faint|p2a: Meowscarada
|
|upkeep
|
|t:|1779600452
|switch|p2a: Dragonite|Dragonite, M|100/100
|turn|13
|
|t:|1779600457
|move|p2a: Dragonite|Earthquake|p1a: Slowbro
|-damage|p1a: Slowbro|54/100
|move|p1a: Slowbro|Sludge Bomb|p2a: Dragonite
|-damage|p2a: Dragonite|61/100
|-status|p2a: Dragonite|psn
|
|-damage|p2a: Dragonite|49/100 psn|[from] psn
|upkeep
|turn|14
|-activate|p1a: Slowbro|item: Quick Claw
|
|t:|1779600463
|-terastallize|p2a: Dragonite|Normal
|move|p2a: Dragonite|Extreme Speed|p1a: Slowbro
|-damage|p1a: Slowbro|8/100
|move|p1a: Slowbro|Sludge Bomb|p2a: Dragonite
|-damage|p2a: Dragonite|0 fnt
|faint|p2a: Dragonite
|
|upkeep
|
|t:|1779600476
|switch|p2a: Sinistcha|Sinistcha|100/100
|turn|15
|-activate|p1a: Slowbro|ability: Quick Draw
|
|t:|1779600479
|move|p1a: Slowbro|Sludge Bomb|p2a: Sinistcha
|-damage|p2a: Sinistcha|7/100
|move|p2a: Sinistcha|Shadow Ball|p1a: Slowbro
|-damage|p1a: Slowbro|0 fnt
|faint|p1a: Slowbro
|
|upkeep
|
|t:|1779600493
|switch|p1a: Staraptor|Staraptor, F|100/100
|-damage|p1a: Staraptor|76/100|[from] Stealth Rock
|turn|16
|
|t:|1779600500
|switch|p2a: Gliscor|Gliscor, M|100/100 tox
|move|p1a: Staraptor|Brave Bird|p2a: Gliscor
|-damage|p2a: Gliscor|44/100 tox
|-damage|p1a: Staraptor|55/100|[from] Recoil
|
|-heal|p2a: Gliscor|57/100 tox|[from] ability: Poison Heal
|upkeep
|turn|17
|
|t:|1779600510
|move|p2a: Gliscor|Protect|p2a: Gliscor
|-singleturn|p2a: Gliscor|Protect
|move|p1a: Staraptor|Brave Bird|p2a: Gliscor
|-activate|p2a: Gliscor|move: Protect
|
|-heal|p2a: Gliscor|69/100 tox|[from] ability: Poison Heal
|upkeep
|turn|18
|
|t:|1779600513
|move|p1a: Staraptor|Brave Bird|p2a: Gliscor
|-damage|p2a: Gliscor|12/100 tox
|-damage|p1a: Staraptor|33/100|[from] Recoil
|move|p2a: Gliscor|Toxic|p1a: Staraptor
|-status|p1a: Staraptor|tox
|
|-damage|p1a: Staraptor|27/100 tox|[from] psn
|-heal|p2a: Gliscor|24/100 tox|[from] ability: Poison Heal
|upkeep
|turn|19
|
|t:|1779600515
|move|p2a: Gliscor|Protect|p2a: Gliscor
|-singleturn|p2a: Gliscor|Protect
|move|p1a: Staraptor|Brave Bird|p2a: Gliscor
|-activate|p2a: Gliscor|move: Protect
|
|-damage|p1a: Staraptor|15/100 tox|[from] psn
|-heal|p2a: Gliscor|37/100 tox|[from] ability: Poison Heal
|upkeep
|turn|20
|
|t:|1779600524
|switch|p2a: Sinistcha|Sinistcha|7/100
|move|p1a: Staraptor|Brave Bird|p2a: Sinistcha
|-supereffective|p2a: Sinistcha
|-damage|p2a: Sinistcha|0 fnt
|faint|p2a: Sinistcha
|-damage|p1a: Staraptor|13/100 tox|[from] Recoil
|
|-damage|p1a: Staraptor|0 fnt|[from] psn
|faint|p1a: Staraptor
|upkeep
|
|t:|1779600532
|switch|p1a: Tatsugiri|Tatsugiri, M|100/100
|switch|p2a: Orthworm|Orthworm, F|98/100
|-damage|p1a: Tatsugiri|88/100|[from] Stealth Rock
|-damage|p1a: Tatsugiri|72/100|[from] Spikes
|turn|21
|
|t:|1779600537
|move|p1a: Tatsugiri|Rapid Spin|p2a: Orthworm
|-resisted|p2a: Orthworm
|-damage|p2a: Orthworm|96/100
|-boost|p1a: Tatsugiri|spe|1
|-sideend|p1: FeeshyArtist|Spikes|[from] move: Rapid Spin|[of] p1a: Tatsugiri
|-sideend|p1: FeeshyArtist|Stealth Rock|[from] move: Rapid Spin|[of] p1a: Tatsugiri
|move|p2a: Orthworm|Body Press|p1a: Tatsugiri
|-damage|p1a: Tatsugiri|15/100
|
|-heal|p2a: Orthworm|100/100|[from] item: Leftovers
|upkeep
|turn|22
|
|t:|1779600543
|move|p1a: Tatsugiri|Surf|p2a: Orthworm
|-damage|p2a: Orthworm|49/100
|move|p2a: Orthworm|Body Press|p1a: Tatsugiri
|-damage|p1a: Tatsugiri|0 fnt
|faint|p1a: Tatsugiri
|
|-heal|p2a: Orthworm|55/100|[from] item: Leftovers
|upkeep
|
|t:|1779600549
|switch|p1a: Polteageist|Polteageist|100/100
|turn|23
|
|t:|1779600554
|move|p1a: Polteageist|Shadow Ball|p2a: Orthworm
|-damage|p2a: Orthworm|3/100
|move|p2a: Orthworm|Body Press|p1a: Polteageist
|-immune|p1a: Polteageist
|
|-heal|p2a: Orthworm|10/100|[from] item: Leftovers
|upkeep
|turn|24
|
|t:|1779600560
|move|p1a: Polteageist|Shadow Ball|p2a: Orthworm
|-damage|p2a: Orthworm|0 fnt
|faint|p2a: Orthworm
|
|upkeep
|
|t:|1779600561
|switch|p2a: Gliscor|Gliscor, M|37/100 tox
|turn|25
|
|t:|1779600565
|move|p1a: Polteageist|Shell Smash|p1a: Polteageist
|-unboost|p1a: Polteageist|def|1
|-unboost|p1a: Polteageist|spd|1
|-boost|p1a: Polteageist|atk|2
|-boost|p1a: Polteageist|spa|2
|-boost|p1a: Polteageist|spe|2
|-enditem|p1a: Polteageist|White Herb
|-clearnegativeboost|p1a: Polteageist|[silent]
|move|p2a: Gliscor|Knock Off|p1a: Polteageist
|-supereffective|p1a: Polteageist
|-damage|p1a: Polteageist|47/100
|-ability|p1a: Polteageist|Weak Armor|boost
|-unboost|p1a: Polteageist|def|1
|-boost|p1a: Polteageist|spe|2
|
|-heal|p2a: Gliscor|49/100 tox|[from] ability: Poison Heal
|upkeep
|turn|26
|
|t:|1779600578
|move|p2a: Gliscor|Protect|p2a: Gliscor
|-singleturn|p2a: Gliscor|Protect
|move|p1a: Polteageist|Giga Drain|p2a: Gliscor
|-activate|p2a: Gliscor|move: Protect
|
|-heal|p2a: Gliscor|62/100 tox|[from] ability: Poison Heal
|upkeep
|turn|27
|
|t:|1779600582
|move|p1a: Polteageist|Strength Sap|p2a: Gliscor
|-unboost|p2a: Gliscor|atk|1
|-heal|p1a: Polteageist|100/100
|move|p2a: Gliscor|Knock Off|p1a: Polteageist
|-supereffective|p1a: Polteageist
|-damage|p1a: Polteageist|47/100
|-ability|p1a: Polteageist|Weak Armor|boost
|-unboost|p1a: Polteageist|def|1
|-boost|p1a: Polteageist|spe|2
|
|-heal|p2a: Gliscor|74/100 tox|[from] ability: Poison Heal
|upkeep
|turn|28
|
|t:|1779600588
|move|p2a: Gliscor|Protect|p2a: Gliscor
|-singleturn|p2a: Gliscor|Protect
|move|p1a: Polteageist|Strength Sap|p2a: Gliscor
|-activate|p2a: Gliscor|move: Protect
|
|-heal|p2a: Gliscor|87/100 tox|[from] ability: Poison Heal
|upkeep
|turn|29
|
|t:|1779600590
|move|p1a: Polteageist|Strength Sap|p2a: Gliscor
|-unboost|p2a: Gliscor|atk|1
|-heal|p1a: Polteageist|100/100
|move|p2a: Gliscor|Toxic|p1a: Polteageist
|-status|p1a: Polteageist|tox
|
|-damage|p1a: Polteageist|94/100 tox|[from] psn
|-heal|p2a: Gliscor|99/100 tox|[from] ability: Poison Heal
|upkeep
|turn|30
|
|t:|1779600595
|move|p1a: Polteageist|Giga Drain|p2a: Gliscor
|-damage|p2a: Gliscor|56/100 tox
|-heal|p1a: Polteageist|100/100 tox|[from] drain|[of] p2a: Gliscor
|move|p2a: Gliscor|Knock Off|p1a: Polteageist
|-supereffective|p1a: Polteageist
|-crit|p1a: Polteageist
|-damage|p1a: Polteageist|0 fnt
|faint|p1a: Polteageist
|
|-heal|p2a: Gliscor|68/100 tox|[from] ability: Poison Heal
|upkeep
|
|t:|1779600598
|switch|p1a: Mamoswine|Mamoswine, M|78/100
|turn|31
|
|t:|1779600601
|move|p2a: Gliscor|Protect|p2a: Gliscor
|-singleturn|p2a: Gliscor|Protect
|move|p1a: Mamoswine|Ice Shard|p2a: Gliscor
|-activate|p2a: Gliscor|move: Protect
|
|-heal|p2a: Gliscor|81/100 tox|[from] ability: Poison Heal
|upkeep
|turn|32
|
|t:|1779600604
|move|p2a: Gliscor|Knock Off|p1a: Mamoswine
|-damage|p1a: Mamoswine|68/100
|-enditem|p1a: Mamoswine|Life Orb|[from] move: Knock Off|[of] p2a: Gliscor
|move|p1a: Mamoswine|Icicle Crash|p2a: Gliscor
|-supereffective|p2a: Gliscor
|-damage|p2a: Gliscor|0 fnt
|faint|p2a: Gliscor
|
|win|FeeshyArtist
|raw|FeeshyArtist's rating: 1253 &rarr; <strong>1278</strong><br />(+25 for winning)
|raw|NewNewNwAcc's rating: 1251 &rarr; <strong>1226</strong><br />(-25 for losing)
|l|☆NewNewNwAcc
|player|p2|
|c|☆FeeshyArtist|gg
|l|☆FeeshyArtist
|player|p1|
