|j|☆wei_cheng09
|j|☆Scuhbee Fluff
|t:|1779607904
|gametype|singles
|player|p1|wei_cheng09|hooligans|1165
|player|p2|Scuhbee Fluff|swimmerf-gen4dp|1166
|gen|9
|tier|[Gen 9] OU
|rated|
|rule|HP Percentage Mod: HP is shown in percentages
|rule|Endless Battle Clause: Forcing endless battles is banned
|rule|Species Clause: Limit one of each Pokémon
|rule|OHKO Clause: OHKO moves are banned
|rule|Evasion Items Clause: Evasion items are banned
|rule|Evasion Moves Clause: Evasion moves are banned
|rule|Evasion Abilities Clause: Evasion abilities are banned
|rule|Sleep Moves Clause: Sleep-inducing moves are banned
|clearpoke
|poke|p1|Pelipper, F|
|poke|p1|Manaphy|
|poke|p1|Bruxish, M|
|poke|p1|Overqwil, M|
|poke|p1|Iron Treads|
|poke|p1|Raging Bolt|
|poke|p2|Gardevoir, F|
|poke|p2|Iron Crown|
|poke|p2|Latios, M|
|poke|p2|Hoopa-Unbound|
|poke|p2|Hatterene, F|
|poke|p2|Metagross|
|teampreview
|inactive|Battle timer is ON: inactive players will automatically lose when time's up. (requested by wei_cheng09)
|
|t:|1779607921
|teamsize|p1|6
|teamsize|p2|6
|start
|switch|p1a: Pelipper|Pelipper, F|100/100
|switch|p2a: Blue Bitch|Iron Crown|100/100
|-weather|RainDance|[from] ability: Drizzle|[of] p1a: Pelipper
|turn|1
|
|t:|1779607927
|switch|p1a: Iron Treads|Iron Treads|100/100
|-enditem|p1a: Iron Treads|Booster Energy
|-activate|p1a: Iron Treads|ability: Quark Drive|[fromitem]
|-start|p1a: Iron Treads|quarkdrivespe
|move|p2a: Blue Bitch|Focus Blast|p1a: Iron Treads
|-supereffective|p1a: Iron Treads
|-damage|p1a: Iron Treads|5/100
|-damage|p2a: Blue Bitch|91/100|[from] item: Life Orb
|
|-weather|RainDance|[upkeep]
|upkeep
|turn|2
|
|t:|1779607937
|-end|p2a: Blue Bitch|Quark Drive|[silent]
|switch|p2a: X3 Paralyzes You|Hatterene, F|100/100
|move|p1a: Iron Treads|Knock Off|p2a: X3 Paralyzes You
|-damage|p2a: X3 Paralyzes You|72/100
|-enditem|p2a: X3 Paralyzes You|Assault Vest|[from] move: Knock Off|[of] p1a: Iron Treads
|
|-weather|RainDance|[upkeep]
|upkeep
|turn|3
|
|t:|1779607946
|move|p1a: Iron Treads|Earthquake|p2a: X3 Paralyzes You
|-damage|p2a: X3 Paralyzes You|32/100
|move|p2a: X3 Paralyzes You|Draining Kiss|p1a: Iron Treads
|-resisted|p1a: Iron Treads
|-crit|p1a: Iron Treads
|-damage|p1a: Iron Treads|0 fnt
|-heal|p2a: X3 Paralyzes You|36/100|[from] drain|[of] p1a: Iron Treads
|faint|p1a: Iron Treads
|-end|p1a: Iron Treads|Quark Drive|[silent]
|
|-weather|RainDance|[upkeep]
|upkeep
|
|t:|1779607957
|switch|p1a: Overqwil|Overqwil, M|100/100
|turn|4
|
|t:|1779607963
|switch|p2a: Blue Bitch|Iron Crown|91/100
|move|p1a: Overqwil|Liquidation|p2a: Blue Bitch
|-damage|p2a: Blue Bitch|36/100
|-damage|p1a: Overqwil|91/100|[from] item: Life Orb
|
|-weather|RainDance|[upkeep]
|upkeep
|turn|5
|
|t:|1779607973
|move|p1a: Overqwil|Crunch|p2a: Blue Bitch
|-supereffective|p2a: Blue Bitch
|-crit|p2a: Blue Bitch
|-damage|p2a: Blue Bitch|0 fnt
|faint|p2a: Blue Bitch
|-end|p2a: Blue Bitch|Quark Drive|[silent]
|-damage|p1a: Overqwil|81/100|[from] item: Life Orb
|
|-weather|RainDance|[upkeep]
|upkeep
|
|t:|1779607988
|switch|p2a: Metagross|Metagross|100/100
|turn|6
|
|t:|1779607992
|-terastallize|p2a: Metagross|Dark
|move|p1a: Overqwil|Crunch|p2a: Metagross
|-resisted|p2a: Metagross
|-crit|p2a: Metagross
|-damage|p2a: Metagross|69/100
|-damage|p1a: Overqwil|71/100|[from] item: Life Orb
|move|p2a: Metagross|Earthquake|p1a: Overqwil
|-supereffective|p1a: Overqwil
|-damage|p1a: Overqwil|0 fnt
|faint|p1a: Overqwil
|
|-weather|RainDance|[upkeep]
|upkeep
|
|t:|1779608004
|switch|p1a: Manaphy|Manaphy|100/100
|turn|7
|
|t:|1779608010
|move|p1a: Manaphy|Surf|p2a: Metagross
|-damage|p2a: Metagross|0 fnt
|faint|p2a: Metagross
|
|-weather|RainDance|[upkeep]
|upkeep
|
|t:|1779608018
|switch|p2a: Latinos|Latios, M|100/100
|turn|8
|
|t:|1779608023
|move|p2a: Latinos|Psychic Noise|p1a: Manaphy
|-damage|p1a: Manaphy|54/100
|-start|p1a: Manaphy|move: Heal Block
|move|p1a: Manaphy|Ice Beam|p2a: Latinos
|-supereffective|p2a: Latinos
|-damage|p2a: Latinos|45/100
|
|-weather|none
|upkeep
|turn|9
|
|t:|1779608033
|switch|p1a: Pelipper|Pelipper, F|100/100
|-weather|RainDance|[from] ability: Drizzle|[of] p1a: Pelipper
|move|p2a: Latinos|Draco Meteor|p1a: Pelipper
|-damage|p1a: Pelipper|0 fnt
|-unboost|p2a: Latinos|spa|2
|faint|p1a: Pelipper
|
|-weather|RainDance|[upkeep]
|upkeep
|
|t:|1779608042
|switch|p1a: Manaphy|Manaphy|54/100
|turn|10
|
|t:|1779608047
|switch|p2a: X3 Paralyzes You|Hatterene, F|36/100
|move|p1a: Manaphy|Ice Beam|p2a: X3 Paralyzes You
|-crit|p2a: X3 Paralyzes You
|-damage|p2a: X3 Paralyzes You|0 fnt
|faint|p2a: X3 Paralyzes You
|
|-weather|RainDance|[upkeep]
|upkeep
|
|t:|1779608057
|switch|p2a: Suctioncup Man|Hoopa-Unbound|100/100
|turn|11
|
|t:|1779608061
|move|p1a: Manaphy|Surf|p2a: Suctioncup Man
|-damage|p2a: Suctioncup Man|31/100
|move|p2a: Suctioncup Man|Hyperspace Fury|p1a: Manaphy
|-damage|p1a: Manaphy|6/100
|-unboost|p2a: Suctioncup Man|def|1
|-enditem|p2a: Suctioncup Man|Eject Pack
|
|t:|1779608067
|switch|p2a: Honey|Gardevoir, F, shiny|100/100
|-ability|p2a: Honey|Hydration|Trace|[from] ability: Trace|[of] p1a: Manaphy
|
|-weather|RainDance|[upkeep]
|upkeep
|turn|12
|
|t:|1779608085
|move|p2a: Honey|Moonblast|p1a: Manaphy
|-damage|p1a: Manaphy|0 fnt
|faint|p1a: Manaphy
|
|-weather|RainDance|[upkeep]
|upkeep
|
|t:|1779608095
|switch|p1a: Bruxish|Bruxish, M|100/100
|turn|13
|
|t:|1779608098
|switch|p2a: Suctioncup Man|Hoopa-Unbound|31/100
|move|p1a: Bruxish|Wave Crash|p2a: Suctioncup Man
|-damage|p2a: Suctioncup Man|0 fnt
|faint|p2a: Suctioncup Man
|-damage|p1a: Bruxish|89/100|[from] Recoil
|
|-weather|RainDance|[upkeep]
|upkeep
|
|t:|1779608108
|switch|p2a: Latinos|Latios, M|45/100
|turn|14
|
|t:|1779608113
|move|p1a: Bruxish|Wave Crash|p2a: Latinos
|-resisted|p2a: Latinos
|-crit|p2a: Latinos
|-damage|p2a: Latinos|0 fnt
|faint|p2a: Latinos
|-damage|p1a: Bruxish|73/100|[from] Recoil
|
|-weather|RainDance|[upkeep]
|upkeep
|
|t:|1779608119
|switch|p2a: Honey|Gardevoir, F, shiny|100/100
|-ability|p2a: Honey|Dazzling|Trace|[from] ability: Trace|[of] p1a: Bruxish
|turn|15
|
|t:|1779608123
|move|p1a: Bruxish|Wave Crash|p2a: Honey
|-damage|p2a: Honey|0 fnt
|faint|p2a: Honey
|-damage|p1a: Bruxish|40/100|[from] Recoil
|
|win|wei_cheng09
|raw|wei_cheng09's rating: 1165 &rarr; <strong>1190</strong><br />(+25 for winning)
|raw|Scuhbee Fluff's rating: 1166 &rarr; <strong>1141</strong><br />(-25 for losing)
|l|☆Scuhbee Fluff
|player|p2|
|l|☆wei_cheng09
|player|p1|
