|j|☆huevo saurio
|j|☆barrman1313
|t:|1779580889
|gametype|singles
|player|p1|huevo saurio|170|1290
|player|p2|barrman1313|janitor|1287
|gen|9
|tier|[Gen 9] OU
|rated|
|rule|HP Percentage Mod: HP is shown in percentages
|rule|Endless Battle Clause: Forcing endless battles is banned
|rule|Species Clause: Limit one of each Pokémon
|rule|OHKO Clause: OHKO moves are banned
|rule|Evasion Items Clause: Evasion items are banned
|rule|Evasion Moves Clause: Evasion moves are banned
|rule|Evasion Abilities Clause: Evasion abilities are banned
|rule|Sleep Moves Clause: Sleep-inducing moves are banned
|clearpoke
|poke|p1|Eelektross, M|
|poke|p1|Primarina, F|
|poke|p1|Dragapult, F|
|poke|p1|Great Tusk|
|poke|p1|Iron Moth|
|poke|p1|Ogerpon-Wellspring, F|
|poke|p2|Hatterene, F|
|poke|p2|Pelipper, F|
|poke|p2|Hariyama, F|
|poke|p2|Cresselia, F|
|poke|p2|Ursaluna, F|
|poke|p2|Porygon2|
|teampreview
|
|t:|1779580905
|teamsize|p1|6
|teamsize|p2|6
|start
|switch|p1a: Iron Moth|Iron Moth|100/100
|switch|p2a: Porygon2|Porygon2|100/100
|-ability|p2a: Porygon2|Download|boost
|-boost|p2a: Porygon2|atk|1
|-enditem|p1a: Iron Moth|Booster Energy
|-activate|p1a: Iron Moth|ability: Quark Drive|[fromitem]
|-start|p1a: Iron Moth|quarkdrivespa
|turn|1
|
|t:|1779580938
|-end|p1a: Iron Moth|Quark Drive|[silent]
|switch|p1a: Great Tusk|Great Tusk|100/100
|move|p2a: Porygon2|Trick Room|p2a: Porygon2
|-fieldstart|move: Trick Room|[of] p2a: Porygon2
|
|upkeep
|turn|2
|
|t:|1779580952
|switch|p2a: Pelipper|Pelipper, F|100/100
|-weather|RainDance|[from] ability: Drizzle|[of] p2a: Pelipper
|move|p1a: Great Tusk|Earthquake|p2a: Pelipper
|-immune|p2a: Pelipper
|
|-weather|RainDance|[upkeep]
|upkeep
|turn|3
|
|t:|1779580963
|-end|p1a: Great Tusk|Protosynthesis|[silent]
|switch|p1a: Primarina|Primarina, F|100/100
|move|p2a: Pelipper|Hurricane|p1a: Primarina
|-damage|p1a: Primarina|58/100
|
|-weather|RainDance|[upkeep]
|upkeep
|turn|4
|
|t:|1779580976
|move|p2a: Pelipper|Hurricane|p1a: Primarina
|-damage|p1a: Primarina|19/100
|move|p1a: Primarina|Moonblast|p2a: Pelipper
|-damage|p2a: Pelipper|24/100
|-unboost|p2a: Pelipper|spa|1
|
|-weather|RainDance|[upkeep]
|upkeep
|turn|5
|
|t:|1779580985
|switch|p1a: Eelektross|Eelektross, M|100/100
|move|p2a: Pelipper|Hurricane|p1a: Eelektross
|-resisted|p1a: Eelektross
|-damage|p1a: Eelektross|82/100
|
|-weather|RainDance|[upkeep]
|-fieldend|move: Trick Room
|upkeep
|turn|6
|
|t:|1779581000
|switch|p2a: Porygon2|Porygon2|100/100
|-ability|p2a: Porygon2|Download|boost
|-boost|p2a: Porygon2|atk|1
|move|p1a: Eelektross|Knock Off|p2a: Porygon2
|-damage|p2a: Porygon2|83/100
|-enditem|p2a: Porygon2|Eviolite|[from] move: Knock Off|[of] p1a: Eelektross
|
|-weather|none
|upkeep
|turn|7
|
|t:|1779581010
|move|p1a: Eelektross|Close Combat|p2a: Porygon2
|-supereffective|p2a: Porygon2
|-damage|p2a: Porygon2|11/100
|-unboost|p1a: Eelektross|def|1
|-unboost|p1a: Eelektross|spd|1
|move|p2a: Porygon2|Trick Room|p2a: Porygon2
|-fieldstart|move: Trick Room|[of] p2a: Porygon2
|
|upkeep
|turn|8
|
|t:|1779581022
|move|p1a: Eelektross|Giga Drain|p2a: Porygon2
|-damage|p2a: Porygon2|0 fnt
|-heal|p1a: Eelektross|87/100|[from] drain|[of] p2a: Porygon2
|faint|p2a: Porygon2
|
|upkeep
|
|t:|1779581032
|switch|p2a: Hariyama|Hariyama, F|100/100
|turn|9
|
|t:|1779581041
|switch|p1a: Great Tusk|Great Tusk|100/100
|move|p2a: Hariyama|Belly Drum|p2a: Hariyama
|-damage|p2a: Hariyama|50/100
|-setboost|p2a: Hariyama|atk|6|[from] move: Belly Drum
|-enditem|p2a: Hariyama|Sitrus Berry|[eat]
|-heal|p2a: Hariyama|75/100|[from] item: Sitrus Berry
|
|upkeep
|turn|10
|
|t:|1779581055
|-terastallize|p1a: Great Tusk|Ghost
|move|p2a: Hariyama|Drain Punch|p1a: Great Tusk
|-immune|p1a: Great Tusk
|move|p1a: Great Tusk|Zen Headbutt|p2a: Hariyama
|-supereffective|p2a: Hariyama
|-damage|p2a: Hariyama|27/100
|
|upkeep
|turn|11
|
|t:|1779581062
|move|p2a: Hariyama|Knock Off|p1a: Great Tusk
|-supereffective|p1a: Great Tusk
|-damage|p1a: Great Tusk|0 fnt
|-damage|p2a: Hariyama|10/100|[from] item: Rocky Helmet|[of] p1a: Great Tusk
|-enditem|p1a: Great Tusk|Rocky Helmet|[from] move: Knock Off|[of] p2a: Hariyama
|faint|p1a: Great Tusk
|-end|p1a: Great Tusk|Protosynthesis|[silent]
|
|-fieldend|move: Trick Room
|upkeep
|
|t:|1779581071
|switch|p1a: Eelektross|Eelektross, M|87/100
|turn|12
|
|t:|1779581084
|move|p2a: Hariyama|Bullet Punch|p1a: Eelektross
|-resisted|p1a: Eelektross
|-damage|p1a: Eelektross|53/100
|move|p1a: Eelektross|Giga Drain|p2a: Hariyama
|-damage|p2a: Hariyama|0 fnt
|-heal|p1a: Eelektross|59/100|[from] drain|[of] p2a: Hariyama
|faint|p2a: Hariyama
|
|upkeep
|
|t:|1779581092
|switch|p2a: Pelipper|Pelipper, F|24/100
|-weather|RainDance|[from] ability: Drizzle|[of] p2a: Pelipper
|turn|13
|
|t:|1779581097
|move|p2a: Pelipper|Weather Ball|p1a: Eelektross
|-damage|p1a: Eelektross|0 fnt
|faint|p1a: Eelektross
|
|-weather|RainDance|[upkeep]
|upkeep
|
|t:|1779581108
|switch|p1a: Iron Moth|Iron Moth|100/100
|turn|14
|
|t:|1779581117
|switch|p2a: Cresselia|Cresselia, F|100/100
|move|p1a: Iron Moth|Energy Ball|p2a: Cresselia
|-damage|p2a: Cresselia|80/100
|
|-weather|RainDance|[upkeep]
|upkeep
|turn|15
|
|t:|1779581139
|-end|p1a: Iron Moth|Quark Drive|[silent]
|switch|p1a: Primarina|Primarina, F|19/100
|move|p2a: Cresselia|Trick Room|p2a: Cresselia
|-fieldstart|move: Trick Room|[of] p2a: Cresselia
|
|-weather|RainDance|[upkeep]
|upkeep
|turn|16
|
|t:|1779581146
|move|p1a: Primarina|Surf|p2a: Cresselia
|-damage|p2a: Cresselia|9/100
|move|p2a: Cresselia|Lunar Dance|p2a: Cresselia
|faint|p2a: Cresselia
|
|-weather|RainDance|[upkeep]
|upkeep
|
|t:|1779581149
|switch|p2a: Pelipper|Pelipper, F|24/100
|-heal|p2a: Pelipper|100/100|[from] move: Lunar Dance
|turn|17
|
|t:|1779581165
|move|p2a: Pelipper|Hurricane|p1a: Primarina
|-damage|p1a: Primarina|0 fnt
|faint|p1a: Primarina
|
|-weather|none
|upkeep
|
|t:|1779581174
|switch|p1a: Ogerpon|Ogerpon-Wellspring, F|100/100
|turn|18
|
|t:|1779581180
|move|p2a: Pelipper|Hurricane|p1a: Ogerpon
|-supereffective|p1a: Ogerpon
|-damage|p1a: Ogerpon|0 fnt
|faint|p1a: Ogerpon
|
|upkeep
|
|t:|1779581197
|switch|p1a: Dragapult|Dragapult, F|100/100
|turn|19
|
|t:|1779581200
|move|p2a: Pelipper|Hurricane|p1a: Dragapult
|-damage|p1a: Dragapult|0 fnt
|faint|p1a: Dragapult
|
|-fieldend|move: Trick Room
|upkeep
|
|t:|1779581205
|switch|p1a: Iron Moth|Iron Moth|100/100
|turn|20
|
|t:|1779581220
|move|p1a: Iron Moth|Discharge|p2a: Pelipper
|-supereffective|p2a: Pelipper
|-damage|p2a: Pelipper|0 fnt
|faint|p2a: Pelipper
|
|upkeep
|
|t:|1779581224
|switch|p2a: Hatterene|Hatterene, F|100/100
|turn|21
|
|t:|1779581229
|-terastallize|p2a: Hatterene|Steel
|move|p1a: Iron Moth|Sludge Wave|p2a: Hatterene
|-immune|p2a: Hatterene
|move|p2a: Hatterene|Trick Room|p2a: Hatterene
|-fieldstart|move: Trick Room|[of] p2a: Hatterene
|
|upkeep
|turn|22
|
|t:|1779581235
|move|p2a: Hatterene|Psychic Noise|p1a: Iron Moth
|-supereffective|p1a: Iron Moth
|-damage|p1a: Iron Moth|12/100
|-start|p1a: Iron Moth|move: Heal Block
|move|p1a: Iron Moth|Fiery Dance|p2a: Hatterene
|-supereffective|p2a: Hatterene
|-damage|p2a: Hatterene|8/100
|-boost|p1a: Iron Moth|spa|1
|
|upkeep
|turn|23
|c|☆barrman1313|Gg
|c|☆barrman1313|Wp
|
|t:|1779581245
|move|p2a: Hatterene|Psychic Noise|p1a: Iron Moth
|-supereffective|p1a: Iron Moth
|-damage|p1a: Iron Moth|0 fnt
|faint|p1a: Iron Moth
|-end|p1a: Iron Moth|Quark Drive|[silent]
|
|win|barrman1313
|raw|huevo saurio's rating: 1290 &rarr; <strong>1265</strong><br />(-25 for losing)
|raw|barrman1313's rating: 1287 &rarr; <strong>1312</strong><br />(+25 for winning)
|l|☆huevo saurio
|player|p1|
|l|☆barrman1313
|player|p2|
