|j|☆encore21768768
|j|☆Abyssal Bot
|t:|1779628989
|gametype|singles
|player|p1|encore21768768|266|
|player|p2|Abyssal Bot|supernerd|
|teamsize|p1|6
|teamsize|p2|6
|gen|9
|tier|[Gen 9] OU
|rule|Species Clause: Limit one of each Pokémon
|rule|OHKO Clause: OHKO moves are banned
|rule|Evasion Items Clause: Evasion items are banned
|rule|Evasion Moves Clause: Evasion moves are banned
|rule|Endless Battle Clause: Forcing endless battles is banned
|rule|HP Percentage Mod: HP is shown in percentages
|rule|Sleep Moves Clause: Sleep-inducing moves are banned
|clearpoke
|poke|p1|Thundurus-Therian, M|
|poke|p1|Mandibuzz, F|
|poke|p1|Tornadus-Therian, M|
|poke|p1|Pelipper, F|
|poke|p1|Gyarados, M|
|poke|p1|Gliscor, F|
|poke|p2|Ribombee, M|
|poke|p2|Glimmora, M|
|poke|p2|Manaphy|
|poke|p2|Zamazenta-*|
|poke|p2|Gholdengo|
|poke|p2|Roaring Moon|
|teampreview
|c|☆Abyssal Bot|Good Luck and Have Fun my Friend!
|inactive|Battle timer is ON: inactive players will automatically lose when time's up. (requested by Abyssal Bot)
|j|*Turbo Bottttt
|
|t:|1779628993
|start
|switch|p1a: Gliscor|Gliscor, F|100/100
|switch|p2a: Ribombee|Ribombee, M|100/100
|turn|1
|
|t:|1779628995
|move|p2a: Ribombee|Moonblast|p1a: Gliscor
|-damage|p1a: Gliscor|68/100
|-unboost|p1a: Gliscor|spa|1
|move|p1a: Gliscor|Stealth Rock|p2a: Ribombee
|-sidestart|p2: Abyssal Bot|move: Stealth Rock
|
|-status|p1a: Gliscor|tox|[from] item: Toxic Orb
|upkeep
|turn|2
|
|t:|1779628997
|move|p2a: Ribombee|Psychic Noise|p1a: Gliscor
|-damage|p1a: Gliscor|52/100 tox
|-start|p1a: Gliscor|move: Heal Block
|move|p1a: Gliscor|Toxic|p2a: Ribombee|[miss]
|-miss|p1a: Gliscor|p2a: Ribombee
|
|upkeep
|turn|3
|c|☆Abyssal Bot|That thing needs an eye doctor
|
|t:|1779628999
|move|p1a: Gliscor|Protect|p1a: Gliscor
|-singleturn|p1a: Gliscor|Protect
|move|p2a: Ribombee|Moonblast|p1a: Gliscor
|-activate|p1a: Gliscor|move: Protect
|
|-end|p1a: Gliscor|move: Heal Block
|upkeep
|turn|4
|
|t:|1779629006
|move|p2a: Ribombee|Moonblast|p1a: Gliscor
|-damage|p1a: Gliscor|22/100 tox
|move|p1a: Gliscor|Toxic|p2a: Ribombee
|-status|p2a: Ribombee|tox
|
|-damage|p2a: Ribombee|94/100 tox|[from] psn|[of] p1a: Gliscor
|-heal|p1a: Gliscor|34/100 tox|[from] ability: Poison Heal
|upkeep
|turn|5
|
|t:|1779629008
|move|p1a: Gliscor|Protect|p1a: Gliscor
|-singleturn|p1a: Gliscor|Protect
|move|p2a: Ribombee|Psychic Noise|p1a: Gliscor
|-activate|p1a: Gliscor|move: Protect
|
|-damage|p2a: Ribombee|82/100 tox|[from] psn|[of] p1a: Gliscor
|-heal|p1a: Gliscor|47/100 tox|[from] ability: Poison Heal
|upkeep
|turn|6
|
|t:|1779629009
|move|p1a: Gliscor|Protect||[still]
|-fail|p1a: Gliscor
|move|p2a: Ribombee|Moonblast|p1a: Gliscor
|-damage|p1a: Gliscor|15/100 tox
|
|-damage|p2a: Ribombee|64/100 tox|[from] psn|[of] p1a: Gliscor
|-heal|p1a: Gliscor|27/100 tox|[from] ability: Poison Heal
|upkeep
|turn|7
|
|t:|1779629013
|move|p1a: Gliscor|Protect|p1a: Gliscor
|-singleturn|p1a: Gliscor|Protect
|move|p2a: Ribombee|Psychic Noise|p1a: Gliscor
|-activate|p1a: Gliscor|move: Protect
|
|-damage|p2a: Ribombee|40/100 tox|[from] psn|[of] p1a: Gliscor
|-heal|p1a: Gliscor|40/100 tox|[from] ability: Poison Heal
|upkeep
|turn|8
|
|t:|1779629019
|move|p1a: Gliscor|Protect||[still]
|-fail|p1a: Gliscor
|move|p2a: Ribombee|Moonblast|p1a: Gliscor
|-damage|p1a: Gliscor|7/100 tox
|
|-damage|p2a: Ribombee|9/100 tox|[from] psn|[of] p1a: Gliscor
|-heal|p1a: Gliscor|20/100 tox|[from] ability: Poison Heal
|upkeep
|turn|9
|
|t:|1779629021
|move|p1a: Gliscor|Protect|p1a: Gliscor
|-singleturn|p1a: Gliscor|Protect
|move|p2a: Ribombee|Moonblast|p1a: Gliscor
|-activate|p1a: Gliscor|move: Protect
|
|-damage|p2a: Ribombee|0 tox|[from] psn|[of] p1a: Gliscor
|faint|p2a: Ribombee
|-heal|p1a: Gliscor|32/100 tox|[from] ability: Poison Heal
|upkeep
|
|t:|1779629022
|switch|p2a: Manaphy|Manaphy|100/100
|-damage|p2a: Manaphy|88/100|[from] Stealth Rock|[of] p1a: Gliscor
|turn|10
|
|t:|1779629025
|switch|p1a: Gyarados|Gyarados, M|100/100
|move|p2a: Manaphy|Surf|p1a: Gyarados
|-resisted|p1a: Gyarados
|-damage|p1a: Gyarados|89/100
|
|-heal|p2a: Manaphy|94/100|[from] item: Leftovers
|upkeep
|turn|11
|
|t:|1779629028
|switch|p2a: Roaring Moon|Roaring Moon|100/100
|-damage|p2a: Roaring Moon|88/100|[from] Stealth Rock|[of] p1: Gliscor
|-enditem|p2a: Roaring Moon|Booster Energy
|-activate|p2a: Roaring Moon|ability: Protosynthesis|[fromitem]
|-start|p2a: Roaring Moon|protosynthesisatk
|move|p1a: Gyarados|Stone Edge|p2a: Roaring Moon
|-damage|p2a: Roaring Moon|40/100
|
|upkeep
|turn|12
|
|t:|1779629030
|move|p2a: Roaring Moon|Knock Off|p1a: Gyarados
|-damage|p1a: Gyarados|0
|-enditem|p1a: Gyarados|Assault Vest|[from] move: Knock Off|[of] p2a: Roaring Moon
|faint|p1a: Gyarados
|
|upkeep
|
|t:|1779629037
|switch|p1a: Tornadus|Tornadus-Therian, M|100/100
|turn|13
|
|t:|1779629038
|move|p1a: Tornadus|Focus Blast|p2a: Roaring Moon
|-supereffective|p2a: Roaring Moon
|-damage|p2a: Roaring Moon|0
|faint|p2a: Roaring Moon
|-end|p2a: Roaring Moon|Protosynthesis|[silent]
|
|upkeep
|
|t:|1779629038
|switch|p2a: Glimmora|Glimmora, M|100/100
|-damage|p2a: Glimmora|88/100|[from] Stealth Rock|[of] p1: Gliscor
|turn|14
|
|t:|1779629054
|move|p1a: Tornadus|Knock Off|p2a: Glimmora
|-crit|p2a: Glimmora
|-damage|p2a: Glimmora|55/100
|-activate|p2a: Glimmora|ability: Toxic Debris
|-sidestart|p1: encore21768768|move: Toxic Spikes
|-enditem|p2a: Glimmora|Power Herb|[from] move: Knock Off|[of] p1a: Tornadus
|move|p2a: Glimmora|Meteor Beam||[still]
|-prepare|p2a: Glimmora|Meteor Beam
|-boost|p2a: Glimmora|spa|1
|
|upkeep
|turn|15
|c|☆Abyssal Bot|Oh crap, that crit...
|
|t:|1779629058
|move|p1a: Tornadus|Nasty Plot|p1a: Tornadus
|-boost|p1a: Tornadus|spa|2
|move|p2a: Glimmora|Meteor Beam|p1a: Tornadus|[from]lockedmove
|-supereffective|p1a: Tornadus
|-damage|p1a: Tornadus|0
|faint|p1a: Tornadus
|
|upkeep
|
|t:|1779629063
|switch|p1a: Thundurus|Thundurus-Therian, M|100/100
|turn|16
|
|t:|1779629064
|move|p1a: Thundurus|Thunderbolt|p2a: Glimmora
|-damage|p2a: Glimmora|0
|faint|p2a: Glimmora
|
|upkeep
|
|t:|1779629064
|switch|p2a: Gholdengo|Gholdengo|100/100
|-item|p2a: Gholdengo|Air Balloon
|-damage|p2a: Gholdengo|94/100|[from] Stealth Rock|[of] p1: Gliscor
|turn|17
|
|t:|1779629067
|move|p1a: Thundurus|Nasty Plot|p1a: Thundurus
|-boost|p1a: Thundurus|spa|2
|move|p2a: Gholdengo|Hex|p1a: Thundurus
|-damage|p1a: Thundurus|63/100
|
|upkeep
|turn|18
|
|t:|1779629069
|move|p1a: Thundurus|Thunderbolt|p2a: Gholdengo
|-damage|p2a: Gholdengo|16/100
|-enditem|p2a: Gholdengo|Air Balloon
|move|p2a: Gholdengo|Hex|p1a: Thundurus
|-damage|p1a: Thundurus|21/100
|
|upkeep
|turn|19
|
|t:|1779629072
|move|p1a: Thundurus|Thunderbolt|p2a: Gholdengo
|-damage|p2a: Gholdengo|0
|faint|p2a: Gholdengo
|
|upkeep
|
|t:|1779629072
|switch|p2a: Manaphy|Manaphy|94/100
|-damage|p2a: Manaphy|82/100|[from] Stealth Rock|[of] p1: Gliscor
|turn|20
|
|t:|1779629074
|move|p1a: Thundurus|Thunderbolt|p2a: Manaphy
|-supereffective|p2a: Manaphy
|-damage|p2a: Manaphy|0
|faint|p2a: Manaphy
|
|upkeep
|
|t:|1779629074
|switch|p2a: Zamazenta|Zamazenta|100/100
|-damage|p2a: Zamazenta|94/100|[from] Stealth Rock|[of] p1: Gliscor
|-ability|p2a: Zamazenta|Dauntless Shield|boost
|-boost|p2a: Zamazenta|def|1
|turn|21
|
|t:|1779629075
|move|p2a: Zamazenta|Stone Edge|p1a: Thundurus
|-supereffective|p1a: Thundurus
|-damage|p1a: Thundurus|0
|faint|p1a: Thundurus
|
|upkeep
|
|t:|1779629078
|switch|p1a: Pelipper|Pelipper, F|100/100
|-weather|Rain Dance|[from] ability: Drizzle|[of] p1a: Pelipper
|turn|22
|
|t:|1779629080
|move|p2a: Zamazenta|Stone Edge|p1a: Pelipper
|-supereffective|p1a: Pelipper
|-damage|p1a: Pelipper|60/100
|move|p1a: Pelipper|Hurricane|p2a: Zamazenta
|-supereffective|p2a: Zamazenta
|-damage|p2a: Zamazenta|26/100
|
|-weather|Rain Dance|[upkeep]
|upkeep
|turn|23
|
|t:|1779629083
|move|p2a: Zamazenta|Stone Edge|p1a: Pelipper|[miss]
|-miss|p2a: Zamazenta|p1a: Pelipper
|move|p1a: Pelipper|Surf|p2a: Zamazenta
|-damage|p2a: Zamazenta|0
|faint|p2a: Zamazenta
|
|win|encore21768768
|c|☆Abyssal Bot|;-;
|c|☆Abyssal Bot|Well Played.
|l|☆Abyssal Bot
|player|p2|
|l|*Turbo Bottttt
