|j|☆Naro51
|j|☆Rank Acc
|t:|1779620957
|gametype|singles
|player|p1|Naro51|170|1403
|player|p2|Rank Acc|101|1502
|gen|9
|tier|[Gen 9] OU
|rated|
|rule|HP Percentage Mod: HP is shown in percentages
|rule|Endless Battle Clause: Forcing endless battles is banned
|rule|Species Clause: Limit one of each Pokémon
|rule|OHKO Clause: OHKO moves are banned
|rule|Evasion Items Clause: Evasion items are banned
|rule|Evasion Moves Clause: Evasion moves are banned
|rule|Evasion Abilities Clause: Evasion abilities are banned
|rule|Sleep Moves Clause: Sleep-inducing moves are banned
|clearpoke
|poke|p1|Glimmora, M|
|poke|p1|Rillaboom, M|
|poke|p1|Hatterene, F|
|poke|p1|Primarina, F|
|poke|p1|Hawlucha, M|
|poke|p1|Kingambit, F|
|poke|p2|Kleavor, M|
|poke|p2|Pecharunt|
|poke|p2|Ogerpon-Wellspring, F|
|poke|p2|Great Tusk|
|poke|p2|Raging Bolt|
|poke|p2|Corviknight, F|
|teampreview
|inactive|Battle timer is ON: inactive players will automatically lose when time's up. (requested by Rank Acc)
|
|t:|1779620975
|teamsize|p1|6
|teamsize|p2|6
|start
|switch|p1a: Glimmora|Glimmora, M|100/100
|switch|p2a: Raging Bolt|Raging Bolt|100/100
|turn|1
|
|t:|1779620983
|move|p1a: Glimmora|Stealth Rock|p2a: Raging Bolt
|-sidestart|p2: Rank Acc|move: Stealth Rock
|move|p2a: Raging Bolt|Volt Switch|p1a: Glimmora
|-damage|p1a: Glimmora|46/100
|
|t:|1779620998
|-end|p2a: Raging Bolt|Protosynthesis|[silent]
|switch|p2a: Ogerpon|Ogerpon-Wellspring, F|100/100|[from] Volt Switch
|-damage|p2a: Ogerpon|88/100|[from] Stealth Rock
|
|upkeep
|turn|2
|
|t:|1779621004
|switch|p1a: Rillaboom|Rillaboom, M|100/100
|-fieldstart|move: Grassy Terrain|[from] ability: Grassy Surge|[of] p1a: Rillaboom
|move|p2a: Ogerpon|Ivy Cudgel|p1a: Rillaboom|[anim] Ivy Cudgel Water
|-resisted|p1a: Rillaboom
|-damage|p1a: Rillaboom|74/100
|
|-heal|p2a: Ogerpon|94/100|[from] Grassy Terrain
|-heal|p1a: Rillaboom|80/100|[from] Grassy Terrain
|upkeep
|turn|3
|
|t:|1779621012
|switch|p2a: Corviknight|Corviknight, F|100/100
|-damage|p2a: Corviknight|88/100|[from] Stealth Rock
|-ability|p2a: Corviknight|Pressure
|move|p1a: Rillaboom|Knock Off|p2a: Corviknight
|-damage|p2a: Corviknight|57/100
|-damage|p1a: Rillaboom|64/100|[from] item: Rocky Helmet|[of] p2a: Corviknight
|-enditem|p2a: Corviknight|Rocky Helmet|[from] move: Knock Off|[of] p1a: Rillaboom
|
|-heal|p1a: Rillaboom|70/100|[from] Grassy Terrain
|upkeep
|turn|4
|
|t:|1779621021
|move|p1a: Rillaboom|U-turn|p2a: Corviknight
|-resisted|p2a: Corviknight
|-damage|p2a: Corviknight|51/100
|
|t:|1779621035
|switch|p1a: Hatterene|Hatterene, F|100/100|[from] U-turn
|-enditem|p1a: Hatterene|Grassy Seed
|-boost|p1a: Hatterene|def|1|[from] item: Grassy Seed
|move|p2a: Corviknight|Roost|p2a: Corviknight
|-heal|p2a: Corviknight|100/100
|-singleturn|p2a: Corviknight|move: Roost
|
|upkeep
|turn|5
|
|t:|1779621041
|move|p2a: Corviknight|U-turn|p1a: Hatterene
|-crit|p1a: Hatterene
|-damage|p1a: Hatterene|83/100
|
|t:|1779621043
|switch|p2a: Pecharunt|Pecharunt|100/100|[from] U-turn
|-damage|p2a: Pecharunt|88/100|[from] Stealth Rock
|move|p1a: Hatterene|Calm Mind|p1a: Hatterene
|-boost|p1a: Hatterene|spa|1
|-boost|p1a: Hatterene|spd|1
|
|-heal|p2a: Pecharunt|94/100|[from] Grassy Terrain
|-heal|p2a: Pecharunt|99/100|[from] item: Leftovers
|-heal|p1a: Hatterene|89/100|[from] Grassy Terrain
|upkeep
|turn|6
|
|t:|1779621049
|-terastallize|p1a: Hatterene|Water
|move|p2a: Pecharunt|Parting Shot|p1a: Hatterene
|move|p1a: Hatterene|Parting Shot|p2a: Pecharunt|[from] ability: Magic Bounce
|-unboost|p2a: Pecharunt|atk|1
|-unboost|p2a: Pecharunt|spa|1
|c|☆Rank Acc|Lol
|
|t:|1779621063
|switch|p1a: Kingambit|Kingambit, F|100/100|[from] Parting Shot
|
|-heal|p2a: Pecharunt|100/100|[from] Grassy Terrain
|upkeep
|turn|7
|
|t:|1779621077
|-end|p1a: Kingambit|fallenundefined|[silent]
|switch|p1a: Hatterene|Hatterene, F, tera:Water|89/100
|move|p2a: Pecharunt|Parting Shot|p1a: Hatterene
|move|p1a: Hatterene|Parting Shot|p2a: Pecharunt|[from] ability: Magic Bounce
|-unboost|p2a: Pecharunt|atk|1
|-unboost|p2a: Pecharunt|spa|1
|
|t:|1779621083
|switch|p1a: Rillaboom|Rillaboom, M|70/100|[from] Parting Shot
|
|-heal|p1a: Rillaboom|76/100|[from] Grassy Terrain
|upkeep
|turn|8
|
|t:|1779621091
|switch|p1a: Kingambit|Kingambit, F|100/100
|move|p2a: Pecharunt|Malignant Chain|p1a: Kingambit
|-immune|p1a: Kingambit
|
|upkeep
|turn|9
|
|t:|1779621106
|-end|p1a: Kingambit|fallenundefined|[silent]
|switch|p1a: Hatterene|Hatterene, F, tera:Water|89/100
|move|p2a: Pecharunt|Parting Shot|p1a: Hatterene
|move|p1a: Hatterene|Parting Shot|p2a: Pecharunt|[from] ability: Magic Bounce
|-unboost|p2a: Pecharunt|atk|1
|-unboost|p2a: Pecharunt|spa|1
|
|t:|1779621115
|switch|p1a: Rillaboom|Rillaboom, M|76/100|[from] Parting Shot
|
|-heal|p1a: Rillaboom|82/100|[from] Grassy Terrain
|-fieldend|move: Grassy Terrain
|upkeep
|turn|10
|c|☆Rank Acc|Lmao
|
|t:|1779621127
|switch|p1a: Kingambit|Kingambit, F|100/100
|move|p2a: Pecharunt|Malignant Chain|p1a: Kingambit
|-immune|p1a: Kingambit
|
|upkeep
|turn|11
|
|t:|1779621135
|move|p2a: Pecharunt|Malignant Chain|p1a: Kingambit
|-immune|p1a: Kingambit
|move|p1a: Kingambit|Kowtow Cleave|p2a: Pecharunt
|-supereffective|p2a: Pecharunt
|-damage|p2a: Pecharunt|27/100
|
|-heal|p2a: Pecharunt|33/100|[from] item: Leftovers
|upkeep
|turn|12
|
|t:|1779621150
|switch|p2a: Great Tusk|Great Tusk|100/100
|-end|p1a: Kingambit|fallenundefined|[silent]
|switch|p1a: Hatterene|Hatterene, F, tera:Water|89/100
|
|upkeep
|turn|13
|
|t:|1779621159
|-end|p2a: Great Tusk|Protosynthesis|[silent]
|switch|p2a: Corviknight|Corviknight, F|100/100
|-damage|p2a: Corviknight|88/100|[from] Stealth Rock
|-ability|p2a: Corviknight|Pressure
|move|p1a: Hatterene|Draining Kiss|p2a: Corviknight
|-resisted|p2a: Corviknight
|-damage|p2a: Corviknight|80/100
|-heal|p1a: Hatterene|97/100|[from] drain|[of] p2a: Corviknight
|
|upkeep
|turn|14
|
|t:|1779621166
|move|p2a: Corviknight|U-turn|p1a: Hatterene
|-damage|p1a: Hatterene|84/100
|
|t:|1779621170
|switch|p2a: Kleavor|Kleavor, M|100/100|[from] U-turn
|-damage|p2a: Kleavor|76/100|[from] Stealth Rock
|move|p1a: Hatterene|Calm Mind|p1a: Hatterene
|-boost|p1a: Hatterene|spa|1
|-boost|p1a: Hatterene|spd|1
|
|upkeep
|turn|15
|
|t:|1779621175
|move|p2a: Kleavor|Stone Axe|p1a: Hatterene
|-damage|p1a: Hatterene|37/100
|-sidestart|p1: Naro51|move: Stealth Rock
|move|p1a: Hatterene|Psychic Noise|p2a: Kleavor
|-damage|p2a: Kleavor|0 fnt
|faint|p2a: Kleavor
|
|upkeep
|
|t:|1779621187
|switch|p2a: Raging Bolt|Raging Bolt|100/100
|-damage|p2a: Raging Bolt|88/100|[from] Stealth Rock
|turn|16
|
|t:|1779621205
|move|p2a: Raging Bolt|Volt Switch|p1a: Hatterene
|-supereffective|p1a: Hatterene
|-crit|p1a: Hatterene
|-damage|p1a: Hatterene|0 fnt
|faint|p1a: Hatterene
|
|t:|1779621226
|-end|p2a: Raging Bolt|Protosynthesis|[silent]
|switch|p2a: Corviknight|Corviknight, F|80/100|[from] Volt Switch
|-damage|p2a: Corviknight|68/100|[from] Stealth Rock
|-ability|p2a: Corviknight|Pressure
|
|upkeep
|
|t:|1779621229
|switch|p1a: Rillaboom|Rillaboom, M|82/100
|-damage|p1a: Rillaboom|70/100|[from] Stealth Rock
|-fieldstart|move: Grassy Terrain|[from] ability: Grassy Surge|[of] p1a: Rillaboom
|turn|17
|
|t:|1779621235
|move|p1a: Rillaboom|U-turn|p2a: Corviknight
|-resisted|p2a: Corviknight
|-damage|p2a: Corviknight|63/100
|
|t:|1779621241
|switch|p1a: Glimmora|Glimmora, M|46/100|[from] U-turn
|-damage|p1a: Glimmora|34/100|[from] Stealth Rock
|move|p2a: Corviknight|U-turn|p1a: Glimmora
|-resisted|p1a: Glimmora
|-damage|p1a: Glimmora|26/100
|-activate|p1a: Glimmora|ability: Toxic Debris
|-sidestart|p2: Rank Acc|move: Toxic Spikes
|
|t:|1779621250
|switch|p2a: Great Tusk|Great Tusk|100/100|[from] U-turn
|
|-heal|p1a: Glimmora|32/100|[from] Grassy Terrain
|upkeep
|turn|18
|
|t:|1779621255
|move|p2a: Great Tusk|Rapid Spin|p1a: Glimmora
|-resisted|p1a: Glimmora
|-damage|p1a: Glimmora|21/100
|-boost|p2a: Great Tusk|spe|1
|-activate|p1a: Glimmora|ability: Toxic Debris
|-sidestart|p2: Rank Acc|move: Toxic Spikes
|-sideend|p2: Rank Acc|Toxic Spikes|[from] move: Rapid Spin|[of] p2a: Great Tusk
|-sideend|p2: Rank Acc|Stealth Rock|[from] move: Rapid Spin|[of] p2a: Great Tusk
|move|p1a: Glimmora|Mortal Spin|p2a: Great Tusk
|-resisted|p2a: Great Tusk
|-damage|p2a: Great Tusk|98/100
|-status|p2a: Great Tusk|psn
|-sideend|p1: Naro51|Stealth Rock|[from] move: Mortal Spin|[of] p1a: Glimmora
|
|-heal|p2a: Great Tusk|100/100 psn|[from] Grassy Terrain
|-heal|p1a: Glimmora|28/100|[from] Grassy Terrain
|-damage|p2a: Great Tusk|88/100 psn|[from] psn
|upkeep
|turn|19
|
|t:|1779621270
|move|p2a: Great Tusk|Headlong Rush|p1a: Glimmora
|-supereffective|p1a: Glimmora
|-damage|p1a: Glimmora|0 fnt
|-unboost|p2a: Great Tusk|def|1
|-unboost|p2a: Great Tusk|spd|1
|-activate|p1a: Glimmora|ability: Toxic Debris
|-sidestart|p2: Rank Acc|move: Toxic Spikes
|faint|p1a: Glimmora
|
|-heal|p2a: Great Tusk|94/100 psn|[from] Grassy Terrain
|-damage|p2a: Great Tusk|82/100 psn|[from] psn
|upkeep
|inactive|Naro51 has 120 seconds left.
|
|t:|1779621318
|switch|p1a: Hawlucha|Hawlucha, M|100/100
|-enditem|p1a: Hawlucha|Grassy Seed
|-boost|p1a: Hawlucha|def|1|[from] item: Grassy Seed
|turn|20
|
|t:|1779621332
|move|p1a: Hawlucha|Swords Dance|p1a: Hawlucha
|-boost|p1a: Hawlucha|atk|2
|move|p2a: Great Tusk|Ice Spinner|p1a: Hawlucha
|-supereffective|p1a: Hawlucha
|-crit|p1a: Hawlucha
|-damage|p1a: Hawlucha|0 fnt
|-fieldend|move: Grassy Terrain
|faint|p1a: Hawlucha
|
|-damage|p2a: Great Tusk|70/100 psn|[from] psn
|upkeep
|c|☆Rank Acc|Well that crit mattered
|
|t:|1779621345
|switch|p1a: Primarina|Primarina, F|100/100
|turn|21
|
|t:|1779621353
|-end|p2a: Great Tusk|Protosynthesis|[silent]
|switch|p2a: Pecharunt|Pecharunt|33/100
|-sideend|p2: Rank Acc|move: Toxic Spikes|[of] p2a: Pecharunt
|move|p1a: Primarina|Substitute|p1a: Primarina
|-start|p1a: Primarina|Substitute
|-damage|p1a: Primarina|76/100
|
|-heal|p2a: Pecharunt|39/100|[from] item: Leftovers
|-heal|p1a: Primarina|82/100|[from] item: Leftovers
|upkeep
|turn|22
|
|t:|1779621358
|move|p2a: Pecharunt|Recover|p2a: Pecharunt
|-heal|p2a: Pecharunt|89/100
|move|p1a: Primarina|Surf|p2a: Pecharunt
|-crit|p2a: Pecharunt
|-damage|p2a: Pecharunt|16/100
|
|-heal|p2a: Pecharunt|22/100|[from] item: Leftovers
|-heal|p1a: Primarina|88/100|[from] item: Leftovers
|upkeep
|turn|23
|
|t:|1779621364
|move|p2a: Pecharunt|Parting Shot|p1a: Primarina
|-unboost|p1a: Primarina|atk|1
|-unboost|p1a: Primarina|spa|1
|
|t:|1779621365
|switch|p2a: Ogerpon|Ogerpon-Wellspring, F|94/100|[from] Parting Shot
|move|p1a: Primarina|Calm Mind|p1a: Primarina
|-boost|p1a: Primarina|spa|1
|-boost|p1a: Primarina|spd|1
|
|-heal|p1a: Primarina|94/100|[from] item: Leftovers
|upkeep
|turn|24
|
|t:|1779621371
|move|p2a: Ogerpon|Wood Hammer|p1a: Primarina
|-supereffective|p1a: Primarina
|-end|p1a: Primarina|Substitute
|-damage|p2a: Ogerpon|86/100|[from] Recoil|[of] p1a: Primarina
|move|p1a: Primarina|Moonblast|p2a: Ogerpon
|-crit|p2a: Ogerpon
|-damage|p2a: Ogerpon|0 fnt
|faint|p2a: Ogerpon
|
|-heal|p1a: Primarina|100/100|[from] item: Leftovers
|upkeep
|c|☆Rank Acc|Well that crit mattered too so we even I guess
|
|t:|1779621392
|switch|p2a: Raging Bolt|Raging Bolt|88/100
|turn|25
|
|t:|1779621395
|switch|p1a: Rillaboom|Rillaboom, M|70/100
|-fieldstart|move: Grassy Terrain|[from] ability: Grassy Surge|[of] p1a: Rillaboom
|move|p2a: Raging Bolt|Discharge|p1a: Rillaboom
|-resisted|p1a: Rillaboom
|-damage|p1a: Rillaboom|43/100
|-status|p1a: Rillaboom|par
|
|-heal|p2a: Raging Bolt|94/100|[from] Grassy Terrain
|-heal|p1a: Rillaboom|49/100 par|[from] Grassy Terrain
|upkeep
|turn|26
|
|t:|1779621406
|move|p2a: Raging Bolt|Discharge|p1a: Rillaboom
|-resisted|p1a: Rillaboom
|-damage|p1a: Rillaboom|20/100 par
|move|p1a: Rillaboom|U-turn|p2a: Raging Bolt
|-damage|p2a: Raging Bolt|74/100
|
|t:|1779621427
|switch|p1a: Kingambit|Kingambit, F|100/100|[from] U-turn
|-activate|p1a: Kingambit|ability: Supreme Overlord
|-start|p1a: Kingambit|fallen3|[silent]
|
|-heal|p2a: Raging Bolt|80/100|[from] Grassy Terrain
|upkeep
|turn|27
|
|t:|1779621433
|move|p1a: Kingambit|Swords Dance|p1a: Kingambit
|-boost|p1a: Kingambit|atk|2
|move|p2a: Raging Bolt|Discharge|p1a: Kingambit
|-damage|p1a: Kingambit|44/100
|
|-heal|p1a: Kingambit|50/100|[from] Grassy Terrain
|-heal|p2a: Raging Bolt|86/100|[from] Grassy Terrain
|upkeep
|turn|28
|
|t:|1779621439
|move|p1a: Kingambit|Sucker Punch|p2a: Raging Bolt
|-damage|p2a: Raging Bolt|0 fnt
|faint|p2a: Raging Bolt
|-end|p2a: Raging Bolt|Protosynthesis|[silent]
|
|-heal|p1a: Kingambit|56/100|[from] Grassy Terrain
|upkeep
|c|☆Rank Acc|Oh wait ur faster than me
|c|☆Rank Acc|i was like why’d my clap not go first
|
|t:|1779621464
|switch|p2a: Great Tusk|Great Tusk|70/100 psn
|turn|29
|
|t:|1779621473
|-end|p1a: Kingambit|fallen3|[silent]
|switch|p1a: Rillaboom|Rillaboom, M|20/100 par
|move|p2a: Great Tusk|Headlong Rush|p1a: Rillaboom
|-resisted|p1a: Rillaboom
|-damage|p1a: Rillaboom|0 fnt
|-unboost|p2a: Great Tusk|def|1
|-unboost|p2a: Great Tusk|spd|1
|faint|p1a: Rillaboom
|
|-heal|p2a: Great Tusk|76/100 psn|[from] Grassy Terrain
|-damage|p2a: Great Tusk|63/100 psn|[from] psn
|upkeep
|
|t:|1779621478
|switch|p1a: Primarina|Primarina, F|100/100
|turn|30
|
|t:|1779621494
|-end|p2a: Great Tusk|Protosynthesis|[silent]
|switch|p2a: Pecharunt|Pecharunt|22/100
|move|p1a: Primarina|Surf|p2a: Pecharunt
|-damage|p2a: Pecharunt|0 fnt
|faint|p2a: Pecharunt
|
|upkeep
|
|t:|1779621496
|switch|p2a: Corviknight|Corviknight, F|63/100
|-ability|p2a: Corviknight|Pressure
|turn|31
|
|t:|1779621503
|switch|p1a: Kingambit|Kingambit, F|56/100
|-activate|p1a: Kingambit|ability: Supreme Overlord
|-start|p1a: Kingambit|fallen4|[silent]
|move|p2a: Corviknight|U-turn|p1a: Kingambit
|-damage|p1a: Kingambit|43/100
|-message|Rank Acc forfeited.
|
|win|Naro51
|raw|Naro51's rating: 1403 &rarr; <strong>1429</strong><br />(+26 for winning)
|raw|Rank Acc's rating: 1502 &rarr; <strong>1476</strong><br />(-26 for losing)
|l|☆Rank Acc
|player|p2|
|l|☆Naro51
|player|p1|
