|j|☆smashbros87878
|j|‽aaagislash
|t:|1779700074
|gametype|singles
|player|p1|smashbros87878|iono|1468
|player|p2|aaagislash|1|1500
|gen|9
|tier|[Gen 9] OU
|rated|
|rule|HP Percentage Mod: HP is shown in percentages
|rule|Endless Battle Clause: Forcing endless battles is banned
|rule|Species Clause: Limit one of each Pokémon
|rule|OHKO Clause: OHKO moves are banned
|rule|Evasion Items Clause: Evasion items are banned
|rule|Evasion Moves Clause: Evasion moves are banned
|rule|Evasion Abilities Clause: Evasion abilities are banned
|rule|Sleep Moves Clause: Sleep-inducing moves are banned
|clearpoke
|poke|p1|Kingambit, M|
|poke|p1|Kommo-o, M|
|poke|p1|Iron Treads|
|poke|p1|Dragonite, M|
|poke|p1|Raging Bolt|
|poke|p1|Iron Boulder|
|poke|p2|Kommo-o, F|
|poke|p2|Enamorus, F|
|poke|p2|Iron Valiant|
|poke|p2|Meowscarada, F|
|poke|p2|Scizor, M|
|poke|p2|Great Tusk|
|teampreview
|inactive|Battle timer is ON: inactive players will automatically lose when time's up. (requested by smashbros87878)
|c|☆smashbros87878|glhf
|
|t:|1779700088
|teamsize|p1|6
|teamsize|p2|6
|start
|switch|p1a: Iron Treads|Iron Treads|100/100
|switch|p2a: Enamorus|Enamorus, F|100/100
|-enditem|p1a: Iron Treads|Booster Energy
|-activate|p1a: Iron Treads|ability: Quark Drive|[fromitem]
|-start|p1a: Iron Treads|quarkdrivespe
|turn|1
|
|t:|1779700093
|move|p1a: Iron Treads|Stealth Rock|p2a: Enamorus
|-sidestart|p2: aaagislash|move: Stealth Rock
|move|p2a: Enamorus|Calm Mind|p2a: Enamorus
|-boost|p2a: Enamorus|spa|1
|-boost|p2a: Enamorus|spd|1
|
|upkeep
|turn|2
|
|t:|1779700101
|-end|p1a: Iron Treads|Quark Drive|[silent]
|switch|p1a: Iron Boulder|Iron Boulder|100/100
|-enditem|p1a: Iron Boulder|Booster Energy
|-activate|p1a: Iron Boulder|ability: Quark Drive|[fromitem]
|-start|p1a: Iron Boulder|quarkdrivespe
|move|p2a: Enamorus|Moonblast|p1a: Iron Boulder
|-damage|p1a: Iron Boulder|34/100
|-unboost|p1a: Iron Boulder|spa|1
|
|upkeep
|turn|3
|
|t:|1779700106
|-terastallize|p2a: Enamorus|Steel
|move|p1a: Iron Boulder|Mighty Cleave|p2a: Enamorus
|-resisted|p2a: Enamorus
|-damage|p2a: Enamorus|74/100
|move|p2a: Enamorus|Draining Kiss|p1a: Iron Boulder
|-damage|p1a: Iron Boulder|1/100
|-heal|p2a: Enamorus|96/100|[from] drain|[of] p1a: Iron Boulder
|
|upkeep
|turn|4
|
|t:|1779700115
|move|p1a: Iron Boulder|Close Combat|p2a: Enamorus
|-supereffective|p2a: Enamorus
|-damage|p2a: Enamorus|0 fnt
|-unboost|p1a: Iron Boulder|def|1
|-unboost|p1a: Iron Boulder|spd|1
|faint|p2a: Enamorus
|
|upkeep
|
|t:|1779700122
|switch|p2a: Scizor|Scizor, M|100/100
|-damage|p2a: Scizor|88/100|[from] Stealth Rock
|turn|5
|
|t:|1779700125
|move|p2a: Scizor|Bullet Punch|p1a: Iron Boulder
|-supereffective|p1a: Iron Boulder
|-damage|p1a: Iron Boulder|0 fnt
|faint|p1a: Iron Boulder
|-end|p1a: Iron Boulder|Quark Drive|[silent]
|
|-heal|p2a: Scizor|94/100|[from] item: Leftovers
|upkeep
|
|t:|1779700129
|switch|p1a: Raging Bolt|Raging Bolt|100/100
|-enditem|p1a: Raging Bolt|Booster Energy
|-activate|p1a: Raging Bolt|ability: Protosynthesis|[fromitem]
|-start|p1a: Raging Bolt|protosynthesisspa
|turn|6
|
|t:|1779700141
|move|p2a: Scizor|Swords Dance|p2a: Scizor
|-boost|p2a: Scizor|atk|2
|move|p1a: Raging Bolt|Draco Meteor|p2a: Scizor
|-resisted|p2a: Scizor
|-damage|p2a: Scizor|20/100
|-unboost|p1a: Raging Bolt|spa|2
|
|-heal|p2a: Scizor|26/100|[from] item: Leftovers
|upkeep
|turn|7
|
|t:|1779700145
|move|p2a: Scizor|Bullet Punch|p1a: Raging Bolt
|-resisted|p1a: Raging Bolt
|-damage|p1a: Raging Bolt|75/100
|move|p1a: Raging Bolt|Thunderbolt|p2a: Scizor
|-damage|p2a: Scizor|0 fnt
|faint|p2a: Scizor
|
|upkeep
|
|t:|1779700151
|switch|p2a: Kommo-o|Kommo-o, F|100/100
|-damage|p2a: Kommo-o|94/100|[from] Stealth Rock
|turn|8
|
|t:|1779700158
|move|p2a: Kommo-o|Outrage|p1a: Raging Bolt
|-supereffective|p1a: Raging Bolt
|-damage|p1a: Raging Bolt|0 fnt
|faint|p1a: Raging Bolt
|-end|p1a: Raging Bolt|Protosynthesis|[silent]
|-damage|p2a: Kommo-o|84/100|[from] item: Life Orb
|
|upkeep
|
|t:|1779700167
|switch|p1a: Iron Treads|Iron Treads|100/100
|turn|9
|
|t:|1779700173
|move|p1a: Iron Treads|Earthquake|p2a: Kommo-o
|-damage|p2a: Kommo-o|46/100
|move|p2a: Kommo-o|Outrage|p1a: Iron Treads|[from] lockedmove
|-resisted|p1a: Iron Treads
|-damage|p1a: Iron Treads|70/100
|-damage|p2a: Kommo-o|36/100|[from] item: Life Orb
|
|upkeep
|turn|10
|
|t:|1779700177
|move|p1a: Iron Treads|Earthquake|p2a: Kommo-o
|-crit|p2a: Kommo-o
|-damage|p2a: Kommo-o|0 fnt
|faint|p2a: Kommo-o
|
|upkeep
|
|t:|1779700179
|switch|p2a: Meowscarada|Meowscarada, F|100/100
|-damage|p2a: Meowscarada|88/100|[from] Stealth Rock
|turn|11
|
|t:|1779700187
|move|p2a: Meowscarada|Spikes|p1a: Iron Treads
|-sidestart|p1: smashbros87878|Spikes
|move|p1a: Iron Treads|Rapid Spin|p2a: Meowscarada
|-damage|p2a: Meowscarada|66/100
|-boost|p1a: Iron Treads|spe|1
|-sideend|p1: smashbros87878|Spikes|[from] move: Rapid Spin|[of] p1a: Iron Treads
|
|upkeep
|turn|12
|
|t:|1779700196
|move|p1a: Iron Treads|Earthquake|p2a: Meowscarada
|-resisted|p2a: Meowscarada
|-damage|p2a: Meowscarada|39/100
|move|p2a: Meowscarada|Flower Trick|p1a: Iron Treads
|-crit|p1a: Iron Treads
|-damage|p1a: Iron Treads|34/100
|
|upkeep
|turn|13
|
|t:|1779700202
|move|p1a: Iron Treads|Earthquake|p2a: Meowscarada
|-resisted|p2a: Meowscarada
|-damage|p2a: Meowscarada|11/100
|-enditem|p2a: Meowscarada|Liechi Berry|[eat]
|-boost|p2a: Meowscarada|atk|1|[from] item: Liechi Berry
|move|p2a: Meowscarada|Spikes|p1a: Iron Treads
|-sidestart|p1: smashbros87878|Spikes
|
|upkeep
|turn|14
|
|t:|1779700207
|move|p2a: Meowscarada|Sucker Punch|p1a: Iron Treads
|-damage|p1a: Iron Treads|0 fnt
|faint|p1a: Iron Treads
|-end|p1a: Iron Treads|Quark Drive|[silent]
|
|upkeep
|
|t:|1779700212
|switch|p1a: Dragonite|Dragonite, M|100/100
|turn|15
|
|t:|1779700217
|move|p1a: Dragonite|Extreme Speed|p2a: Meowscarada
|-damage|p2a: Meowscarada|0 fnt
|faint|p2a: Meowscarada
|
|upkeep
|
|t:|1779700223
|switch|p2a: Great Tusk|Great Tusk|100/100
|-damage|p2a: Great Tusk|98/100|[from] Stealth Rock
|-enditem|p2a: Great Tusk|Booster Energy
|-activate|p2a: Great Tusk|ability: Protosynthesis|[fromitem]
|-start|p2a: Great Tusk|protosynthesisatk
|turn|16
|
|t:|1779700227
|move|p1a: Dragonite|Dragon Dance|p1a: Dragonite
|-boost|p1a: Dragonite|atk|1
|-boost|p1a: Dragonite|spe|1
|move|p2a: Great Tusk|Rapid Spin|p1a: Dragonite
|-damage|p1a: Dragonite|86/100
|-boost|p2a: Great Tusk|spe|1
|-sideend|p2: aaagislash|Stealth Rock|[from] move: Rapid Spin|[of] p2a: Great Tusk
|
|upkeep
|turn|17
|
|t:|1779700234
|-terastallize|p1a: Dragonite|Normal
|move|p1a: Dragonite|Dragon Dance|p1a: Dragonite
|-boost|p1a: Dragonite|atk|1
|-boost|p1a: Dragonite|spe|1
|move|p2a: Great Tusk|Bulk Up|p2a: Great Tusk
|-boost|p2a: Great Tusk|atk|1
|-boost|p2a: Great Tusk|def|1
|
|upkeep
|turn|18
|
|t:|1779700240
|move|p1a: Dragonite|Extreme Speed|p2a: Great Tusk
|-damage|p2a: Great Tusk|54/100
|move|p2a: Great Tusk|Headlong Rush|p1a: Dragonite
|-damage|p1a: Dragonite|0 fnt
|-unboost|p2a: Great Tusk|def|1
|-unboost|p2a: Great Tusk|spd|1
|faint|p1a: Dragonite
|
|upkeep
|
|t:|1779700247
|switch|p1a: Kommo-o|Kommo-o, M|100/100
|-damage|p1a: Kommo-o|88/100|[from] Spikes
|turn|19
|
|t:|1779700251
|move|p2a: Great Tusk|Headlong Rush|p1a: Kommo-o
|-damage|p1a: Kommo-o|0 fnt
|-unboost|p2a: Great Tusk|def|1
|-unboost|p2a: Great Tusk|spd|1
|faint|p1a: Kommo-o
|
|upkeep
|
|t:|1779700255
|switch|p1a: Kingambit|Kingambit, M|100/100
|-damage|p1a: Kingambit|88/100|[from] Spikes
|-activate|p1a: Kingambit|ability: Supreme Overlord
|-start|p1a: Kingambit|fallen5|[silent]
|turn|20
|
|t:|1779700257
|move|p1a: Kingambit|Sucker Punch|p2a: Great Tusk
|-resisted|p2a: Great Tusk
|-damage|p2a: Great Tusk|21/100
|move|p2a: Great Tusk|Headlong Rush|p1a: Kingambit
|-supereffective|p1a: Kingambit
|-damage|p1a: Kingambit|0 fnt
|-unboost|p2a: Great Tusk|def|1
|-unboost|p2a: Great Tusk|spd|1
|faint|p1a: Kingambit
|-end|p1a: Kingambit|fallen5|[silent]
|
|win|aaagislash
|raw|smashbros87878's rating: 1468 &rarr; <strong>1450</strong><br />(-18 for losing)
|raw|aaagislash's rating: 1500 &rarr; <strong>1518</strong><br />(+18 for winning)
|l|‽aaagislash
|player|p2|
|c|☆smashbros87878|gg
|l|☆smashbros87878
|player|p1|
