|j|☆Fine and Sandy
|j|☆BigCungusxRemix
|t:|1779668614
|gametype|singles
|player|p1|Fine and Sandy|2|1413
|player|p2|BigCungusxRemix|101|1433
|gen|9
|tier|[Gen 9] OU
|rated|
|rule|HP Percentage Mod: HP is shown in percentages
|rule|Endless Battle Clause: Forcing endless battles is banned
|rule|Species Clause: Limit one of each Pokémon
|rule|OHKO Clause: OHKO moves are banned
|rule|Evasion Items Clause: Evasion items are banned
|rule|Evasion Moves Clause: Evasion moves are banned
|rule|Evasion Abilities Clause: Evasion abilities are banned
|rule|Sleep Moves Clause: Sleep-inducing moves are banned
|clearpoke
|poke|p1|Darkrai|
|poke|p1|Garchomp, F|
|poke|p1|Alomomola, M|
|poke|p1|Corviknight, F|
|poke|p1|Weezing-Galar, F|
|poke|p1|Ogerpon, F|
|poke|p2|Volcanion|
|poke|p2|Samurott-Hisui, F|
|poke|p2|Pecharunt|
|poke|p2|Quaquaval, M|
|poke|p2|Gliscor, F|
|poke|p2|Rotom-Wash|
|teampreview
|inactive|Battle timer is ON: inactive players will automatically lose when time's up. (requested by Fine and Sandy)
|
|t:|1779668621
|teamsize|p1|6
|teamsize|p2|6
|start
|switch|p1a: Garchomp|Garchomp, F|100/100
|switch|p2a: Samurott|Samurott-Hisui, F|100/100
|turn|1
|
|t:|1779668634
|move|p1a: Garchomp|Earthquake|p2a: Samurott
|-damage|p2a: Samurott|53/100
|move|p2a: Samurott|Ceaseless Edge|p1a: Garchomp
|-damage|p1a: Garchomp|71/100
|-damage|p2a: Samurott|41/100|[from] ability: Rough Skin|[of] p1a: Garchomp
|-damage|p2a: Samurott|24/100|[from] item: Rocky Helmet|[of] p1a: Garchomp
|-sidestart|p1: Fine and Sandy|Spikes
|
|upkeep
|turn|2
|
|t:|1779668648
|switch|p2a: Gliscor|Gliscor, F|100/100
|move|p1a: Garchomp|Dragon Tail|p2a: Gliscor
|-damage|p2a: Gliscor|80/100
|drag|p2a: Rotom|Rotom-Wash|100/100
|
|upkeep
|turn|3
|
|t:|1779668660
|move|p2a: Rotom|Will-O-Wisp|p1a: Garchomp
|-status|p1a: Garchomp|brn
|move|p1a: Garchomp|Stealth Rock|p2a: Rotom
|-sidestart|p2: BigCungusxRemix|move: Stealth Rock
|
|-damage|p1a: Garchomp|65/100 brn|[from] brn
|upkeep
|turn|4
|
|t:|1779668668
|switch|p2a: Gliscor|Gliscor, F|80/100
|-damage|p2a: Gliscor|67/100|[from] Stealth Rock
|switch|p1a: Alomomola|Alomomola, M|100/100
|-damage|p1a: Alomomola|88/100|[from] Spikes
|
|-status|p2a: Gliscor|tox|[from] item: Toxic Orb
|upkeep
|turn|5
|
|t:|1779668691
|switch|p2a: Volcanion|Volcanion|100/100
|move|p1a: Alomomola|Flip Turn|p2a: Volcanion
|-immune|p2a: Volcanion|[from] ability: Water Absorb
|
|upkeep
|turn|6
|
|t:|1779668697
|move|p2a: Volcanion|Fire Spin|p1a: Alomomola
|-resisted|p1a: Alomomola
|-damage|p1a: Alomomola|83/100
|-activate|p1a: Alomomola|move: Fire Spin|[of] p2a: Volcanion
|move|p1a: Alomomola|Body Slam|p2a: Volcanion
|-damage|p2a: Volcanion|89/100
|-status|p2a: Volcanion|par
|
|-damage|p1a: Alomomola|71/100|[from] move: Fire Spin|[partiallytrapped]
|upkeep
|turn|7
|
|t:|1779668705
|move|p2a: Volcanion|Taunt|p1a: Alomomola
|-start|p1a: Alomomola|move: Taunt
|move|p1a: Alomomola|Mirror Coat||[still]
|-fail|p1a: Alomomola
|
|-damage|p1a: Alomomola|58/100|[from] move: Fire Spin|[partiallytrapped]
|upkeep
|turn|8
|
|t:|1779668716
|move|p1a: Alomomola|Body Slam|p2a: Volcanion
|-damage|p2a: Volcanion|76/100 par
|move|p2a: Volcanion|Sludge Bomb|p1a: Alomomola
|-damage|p1a: Alomomola|41/100
|
|-damage|p1a: Alomomola|29/100|[from] move: Fire Spin|[partiallytrapped]
|upkeep
|turn|9
|
|t:|1779668727
|move|p2a: Volcanion|Sludge Bomb|p1a: Alomomola
|-damage|p1a: Alomomola|10/100
|-status|p1a: Alomomola|psn
|move|p1a: Alomomola|Mirror Coat|p2a: Volcanion
|-damage|p2a: Volcanion|22/100 par
|
|-damage|p1a: Alomomola|0 fnt|[from] psn
|faint|p1a: Alomomola
|upkeep
|
|t:|1779668735
|switch|p1a: Ogerpon|Ogerpon, F|100/100
|-damage|p1a: Ogerpon|88/100|[from] Spikes
|turn|10
|
|t:|1779668741
|move|p1a: Ogerpon|Ivy Cudgel|p2a: Volcanion
|-damage|p2a: Volcanion|0 fnt
|faint|p2a: Volcanion
|
|upkeep
|
|t:|1779668748
|switch|p2a: Pecharunt|Pecharunt|100/100
|-damage|p2a: Pecharunt|88/100|[from] Stealth Rock
|-item|p2a: Pecharunt|Air Balloon
|turn|11
|
|t:|1779668757
|switch|p1a: Corviknight|Corviknight, F|100/100
|-ability|p1a: Corviknight|Pressure
|move|p2a: Pecharunt|Nasty Plot|p2a: Pecharunt
|-boost|p2a: Pecharunt|spa|2
|
|upkeep
|turn|12
|
|t:|1779668763
|move|p2a: Pecharunt|Shadow Ball|p1a: Corviknight
|-crit|p1a: Corviknight
|-damage|p1a: Corviknight|50/100
|move|p1a: Corviknight|U-turn|p2a: Pecharunt
|-resisted|p2a: Pecharunt
|-damage|p2a: Pecharunt|86/100
|-enditem|p2a: Pecharunt|Air Balloon
|
|t:|1779668772
|switch|p1a: Darkrai|Darkrai|100/100|[from] U-turn
|-damage|p1a: Darkrai|88/100|[from] Spikes
|
|upkeep
|turn|13
|
|t:|1779668777
|switch|p1a: Corviknight|Corviknight, F|50/100
|-ability|p1a: Corviknight|Pressure
|switch|p2a: Samurott|Samurott-Hisui, F|24/100
|-damage|p2a: Samurott|12/100|[from] Stealth Rock
|
|-heal|p1a: Corviknight|56/100|[from] item: Leftovers
|upkeep
|turn|14
|
|t:|1779668787
|move|p2a: Samurott|Razor Shell|p1a: Corviknight
|-damage|p1a: Corviknight|10/100
|move|p1a: Corviknight|Defog|p2a: Samurott
|-unboost|p2a: Samurott|evasion|1
|-sideend|p2: BigCungusxRemix|Stealth Rock|[from] move: Defog|[of] p1a: Corviknight
|-sideend|p1: Fine and Sandy|Spikes|[from] move: Defog|[of] p1a: Corviknight
|
|-heal|p1a: Corviknight|17/100|[from] item: Leftovers
|upkeep
|turn|15
|
|t:|1779668795
|switch|p1a: Garchomp|Garchomp, F|65/100 brn
|move|p2a: Samurott|Ceaseless Edge|p1a: Garchomp
|-damage|p1a: Garchomp|36/100 brn
|-damage|p2a: Samurott|0 fnt|[from] ability: Rough Skin|[of] p1a: Garchomp
|faint|p2a: Samurott
|
|-damage|p1a: Garchomp|30/100 brn|[from] brn
|upkeep
|
|t:|1779668804
|switch|p2a: Quaquaval|Quaquaval, M|100/100
|turn|16
|
|t:|1779668808
|move|p2a: Quaquaval|Aqua Step|p1a: Garchomp
|-damage|p1a: Garchomp|6/100 brn
|-boost|p2a: Quaquaval|spe|1
|-damage|p2a: Quaquaval|88/100|[from] ability: Rough Skin|[of] p1a: Garchomp
|-damage|p2a: Quaquaval|72/100|[from] item: Rocky Helmet|[of] p1a: Garchomp
|move|p1a: Garchomp|Dragon Tail|p2a: Quaquaval
|-damage|p2a: Quaquaval|56/100
|drag|p2a: Pecharunt|Pecharunt|86/100
|
|-damage|p1a: Garchomp|0 fnt|[from] brn
|faint|p1a: Garchomp
|upkeep
|
|t:|1779668819
|switch|p1a: Darkrai|Darkrai|88/100
|turn|17
|
|t:|1779668825
|switch|p2a: Quaquaval|Quaquaval, M|56/100
|move|p1a: Darkrai|Dark Pulse|p2a: Quaquaval
|-resisted|p2a: Quaquaval
|-damage|p2a: Quaquaval|8/100
|
|upkeep
|turn|18
|
|t:|1779668832
|move|p1a: Darkrai|Dark Pulse|p2a: Quaquaval
|-resisted|p2a: Quaquaval
|-damage|p2a: Quaquaval|0 fnt
|faint|p2a: Quaquaval
|
|upkeep
|
|t:|1779668837
|switch|p2a: Gliscor|Gliscor, F|67/100 tox
|turn|19
|
|t:|1779668841
|-terastallize|p1a: Darkrai|Dark
|-terastallize|p2a: Gliscor|Fairy
|move|p1a: Darkrai|Dark Pulse|p2a: Gliscor
|-resisted|p2a: Gliscor
|-damage|p2a: Gliscor|29/100 tox
|move|p2a: Gliscor|Toxic|p1a: Darkrai
|-status|p1a: Darkrai|tox
|
|-damage|p1a: Darkrai|82/100 tox|[from] psn
|-heal|p2a: Gliscor|42/100 tox|[from] ability: Poison Heal
|upkeep
|turn|20
|
|t:|1779668858
|switch|p1a: Ogerpon|Ogerpon, F|88/100
|switch|p2a: Rotom|Rotom-Wash|100/100
|
|upkeep
|turn|21
|
|t:|1779668867
|switch|p1a: Corviknight|Corviknight, F|17/100
|-ability|p1a: Corviknight|Pressure
|move|p2a: Rotom|Will-O-Wisp|p1a: Corviknight
|-status|p1a: Corviknight|brn
|
|-heal|p1a: Corviknight|23/100 brn|[from] item: Leftovers
|-damage|p1a: Corviknight|17/100 brn|[from] brn
|upkeep
|turn|22
|
|t:|1779668877
|switch|p2a: Gliscor|Gliscor, F, tera:Fairy|42/100 tox
|move|p1a: Corviknight|Roost|p1a: Corviknight
|-heal|p1a: Corviknight|67/100 brn
|-singleturn|p1a: Corviknight|move: Roost
|
|-heal|p1a: Corviknight|73/100 brn|[from] item: Leftovers
|-heal|p2a: Gliscor|54/100 tox|[from] ability: Poison Heal
|-damage|p1a: Corviknight|67/100 brn|[from] brn
|upkeep
|turn|23
|
|t:|1779668890
|move|p2a: Gliscor|Earthquake|p1a: Corviknight
|-immune|p1a: Corviknight
|move|p1a: Corviknight|U-turn|p2a: Gliscor
|-resisted|p2a: Gliscor
|-damage|p2a: Gliscor|51/100 tox
|
|t:|1779668905
|switch|p1a: Ogerpon|Ogerpon, F|88/100|[from] U-turn
|
|-heal|p2a: Gliscor|63/100 tox|[from] ability: Poison Heal
|upkeep
|turn|24
|
|t:|1779668912
|switch|p2a: Pecharunt|Pecharunt|86/100
|move|p1a: Ogerpon|Ivy Cudgel|p2a: Pecharunt
|-resisted|p2a: Pecharunt
|-crit|p2a: Pecharunt
|-damage|p2a: Pecharunt|65/100
|
|upkeep
|turn|25
|
|t:|1779668919
|move|p1a: Ogerpon|Knock Off|p2a: Pecharunt
|-supereffective|p2a: Pecharunt
|-damage|p2a: Pecharunt|39/100
|move|p2a: Pecharunt|Malignant Chain|p1a: Ogerpon
|-supereffective|p1a: Ogerpon
|-damage|p1a: Ogerpon|16/100
|
|upkeep
|turn|26
|
|t:|1779668931
|switch|p1a: Corviknight|Corviknight, F|67/100 brn
|-ability|p1a: Corviknight|Pressure
|move|p2a: Pecharunt|Shadow Ball|p1a: Corviknight
|-damage|p1a: Corviknight|49/100 brn
|-unboost|p1a: Corviknight|spd|1
|
|-heal|p1a: Corviknight|55/100 brn|[from] item: Leftovers
|-damage|p1a: Corviknight|49/100 brn|[from] brn
|upkeep
|turn|27
|
|t:|1779668949
|switch|p2a: Rotom|Rotom-Wash|100/100
|move|p1a: Corviknight|U-turn|p2a: Rotom
|-damage|p2a: Rotom|90/100
|
|t:|1779668958
|switch|p1a: Darkrai|Darkrai, tera:Dark|82/100 tox|[from] U-turn
|
|-damage|p1a: Darkrai|76/100 tox|[from] psn
|upkeep
|turn|28
|
|t:|1779668964
|move|p2a: Rotom|Hydro Pump|p1a: Darkrai|[miss]
|-miss|p2a: Rotom|p1a: Darkrai
|move|p1a: Darkrai|Dark Pulse|p2a: Rotom
|-crit|p2a: Rotom
|-damage|p2a: Rotom|0 fnt
|faint|p2a: Rotom
|
|-damage|p1a: Darkrai|64/100 tox|[from] psn
|upkeep
|c|☆BigCungusxRemix|I miss into you crit
|c|☆BigCungusxRemix|grt
|-message|BigCungusxRemix forfeited.
|
|win|Fine and Sandy
|raw|Fine and Sandy's rating: 1413 &rarr; <strong>1434</strong><br />(+21 for winning)
|raw|BigCungusxRemix's rating: 1433 &rarr; <strong>1412</strong><br />(-21 for losing)
|l|☆Fine and Sandy
|player|p1|
