|j|☆huuueehueeek
|j|☆whqlwhql
|t:|1779581343
|gametype|singles
|player|p1|huuueehueeek|steven|1228
|player|p2|whqlwhql|2|1240
|gen|9
|tier|[Gen 9] OU
|rated|
|rule|HP Percentage Mod: HP is shown in percentages
|rule|Endless Battle Clause: Forcing endless battles is banned
|rule|Species Clause: Limit one of each Pokémon
|rule|OHKO Clause: OHKO moves are banned
|rule|Evasion Items Clause: Evasion items are banned
|rule|Evasion Moves Clause: Evasion moves are banned
|rule|Evasion Abilities Clause: Evasion abilities are banned
|rule|Sleep Moves Clause: Sleep-inducing moves are banned
|clearpoke
|poke|p1|Suicune|
|poke|p1|Dragonite, M|
|poke|p1|Cinderace, M|
|poke|p1|Zamazenta-*|
|poke|p1|Latias, F|
|poke|p1|Pecharunt|
|poke|p2|Blaziken, M|
|poke|p2|Iron Hands|
|poke|p2|Hatterene, F|
|poke|p2|Gliscor, M|
|poke|p2|Ogerpon-Wellspring, F|
|poke|p2|Deoxys-Speed|
|teampreview
|inactive|Battle timer is ON: inactive players will automatically lose when time's up. (requested by huuueehueeek)
|
|t:|1779581355
|teamsize|p1|6
|teamsize|p2|6
|start
|switch|p1a: Cinderace|Cinderace, M|100/100
|switch|p2a: Deoxys|Deoxys-Speed|100/100
|-ability|p2a: Deoxys|Pressure
|turn|1
|
|t:|1779581361
|move|p2a: Deoxys|Reflect|p2a: Deoxys
|-sidestart|p2: whqlwhql|Reflect
|move|p1a: Cinderace|U-turn|p2a: Deoxys
|-start|p1a: Cinderace|typechange|Bug|[from] ability: Libero
|-supereffective|p2a: Deoxys
|-damage|p2a: Deoxys|60/100
|
|t:|1779581371
|switch|p1a: Latias|Latias, F|100/100|[from] U-turn
|
|upkeep
|turn|2
|
|t:|1779581374
|move|p2a: Deoxys|Light Screen|p2a: Deoxys
|-sidestart|p2: whqlwhql|move: Light Screen
|move|p1a: Latias|Agility|p1a: Latias
|-boost|p1a: Latias|spe|2
|
|upkeep
|turn|3
|
|t:|1779581377
|move|p1a: Latias|Calm Mind|p1a: Latias
|-boost|p1a: Latias|spa|1
|-boost|p1a: Latias|spd|1
|move|p2a: Deoxys|Taunt|p1a: Latias
|-start|p1a: Latias|move: Taunt
|
|upkeep
|turn|4
|
|t:|1779581383
|switch|p2a: Hatterene|Hatterene, F|100/100
|move|p1a: Latias|Stored Power|p2a: Hatterene
|-resisted|p2a: Hatterene
|-damage|p2a: Hatterene|81/100
|
|-heal|p2a: Hatterene|87/100|[from] item: Leftovers
|upkeep
|turn|5
|
|t:|1779581390
|switch|p1a: Suicune|Suicune, shiny|100/100
|-ability|p1a: Suicune|Pressure
|move|p2a: Hatterene|Calm Mind|p2a: Hatterene
|-boost|p2a: Hatterene|spa|1
|-boost|p2a: Hatterene|spd|1
|
|-heal|p2a: Hatterene|93/100|[from] item: Leftovers
|upkeep
|turn|6
|
|t:|1779581395
|move|p1a: Suicune|Calm Mind|p1a: Suicune
|-boost|p1a: Suicune|spa|1
|-boost|p1a: Suicune|spd|1
|move|p2a: Hatterene|Calm Mind|p2a: Hatterene
|-boost|p2a: Hatterene|spa|1
|-boost|p2a: Hatterene|spd|1
|
|-heal|p2a: Hatterene|99/100|[from] item: Leftovers
|upkeep
|turn|7
|
|t:|1779581398
|move|p1a: Suicune|Calm Mind|p1a: Suicune
|-boost|p1a: Suicune|spa|1
|-boost|p1a: Suicune|spd|1
|move|p2a: Hatterene|Stored Power|p1a: Suicune
|-damage|p1a: Suicune|64/100
|
|-heal|p1a: Suicune|70/100|[from] item: Leftovers
|-heal|p2a: Hatterene|100/100|[from] item: Leftovers
|upkeep
|turn|8
|
|t:|1779581400
|move|p1a: Suicune|Calm Mind|p1a: Suicune
|-boost|p1a: Suicune|spa|1
|-boost|p1a: Suicune|spd|1
|move|p2a: Hatterene|Calm Mind|p2a: Hatterene
|-boost|p2a: Hatterene|spa|1
|-boost|p2a: Hatterene|spd|1
|
|-heal|p1a: Suicune|76/100|[from] item: Leftovers
|-sideend|p2: whqlwhql|Reflect
|upkeep
|turn|9
|
|t:|1779581402
|move|p1a: Suicune|Calm Mind|p1a: Suicune
|-boost|p1a: Suicune|spa|1
|-boost|p1a: Suicune|spd|1
|move|p2a: Hatterene|Stored Power|p1a: Suicune
|-damage|p1a: Suicune|36/100
|
|-heal|p1a: Suicune|42/100|[from] item: Leftovers
|-sideend|p2: whqlwhql|move: Light Screen
|upkeep
|turn|10
|
|t:|1779581408
|move|p1a: Suicune|Scald|p2a: Hatterene
|-damage|p2a: Hatterene|68/100
|move|p2a: Hatterene|Calm Mind|p2a: Hatterene
|-boost|p2a: Hatterene|spa|1
|-boost|p2a: Hatterene|spd|1
|
|-heal|p1a: Suicune|48/100|[from] item: Leftovers
|-heal|p2a: Hatterene|74/100|[from] item: Leftovers
|upkeep
|turn|11
|
|t:|1779581411
|move|p1a: Suicune|Scald|p2a: Hatterene
|-damage|p2a: Hatterene|48/100
|move|p2a: Hatterene|Draining Kiss|p1a: Suicune
|-damage|p1a: Suicune|32/100
|-heal|p2a: Hatterene|64/100|[from] drain|[of] p1a: Suicune
|
|-heal|p1a: Suicune|38/100|[from] item: Leftovers
|-heal|p2a: Hatterene|70/100|[from] item: Leftovers
|upkeep
|turn|12
|
|t:|1779581418
|move|p1a: Suicune|Scald|p2a: Hatterene
|-damage|p2a: Hatterene|46/100
|-status|p2a: Hatterene|brn
|move|p2a: Hatterene|Stored Power|p1a: Suicune
|-damage|p1a: Suicune|0 fnt
|faint|p1a: Suicune
|
|-heal|p2a: Hatterene|52/100 brn|[from] item: Leftovers
|-damage|p2a: Hatterene|46/100 brn|[from] brn
|upkeep
|
|t:|1779581423
|switch|p1a: Cinderace|Cinderace, M|100/100
|turn|13
|
|t:|1779581430
|switch|p2a: Gliscor|Gliscor, M|100/100
|-terastallize|p1a: Cinderace|Fire
|move|p1a: Cinderace|Pyro Ball|p2a: Gliscor
|-damage|p2a: Gliscor|40/100
|
|-status|p2a: Gliscor|tox|[from] item: Toxic Orb
|upkeep
|turn|14
|
|t:|1779581447
|move|p1a: Cinderace|Pyro Ball|p2a: Gliscor
|-damage|p2a: Gliscor|0 fnt
|faint|p2a: Gliscor
|
|upkeep
|
|t:|1779581452
|switch|p2a: Deoxys|Deoxys-Speed|60/100
|-ability|p2a: Deoxys|Pressure
|turn|15
|
|t:|1779581456
|move|p2a: Deoxys|Reflect|p2a: Deoxys
|-sidestart|p2: whqlwhql|Reflect
|move|p1a: Cinderace|Pyro Ball|p2a: Deoxys
|-damage|p2a: Deoxys|16/100
|
|upkeep
|turn|16
|
|t:|1779581461
|move|p2a: Deoxys|Light Screen|p2a: Deoxys
|-sidestart|p2: whqlwhql|move: Light Screen
|move|p1a: Cinderace|Court Change|p1a: Cinderace
|-swapsideconditions
|-activate|p1a: Cinderace|move: Court Change
|
|upkeep
|turn|17
|
|t:|1779581466
|move|p2a: Deoxys|Light Screen|p2a: Deoxys
|-sidestart|p2: whqlwhql|move: Light Screen
|move|p1a: Cinderace|U-turn|p2a: Deoxys
|-supereffective|p2a: Deoxys
|-damage|p2a: Deoxys|0 fnt
|faint|p2a: Deoxys
|-message|whqlwhql forfeited.
|
|win|huuueehueeek
|raw|huuueehueeek's rating: 1228 &rarr; <strong>1254</strong><br />(+26 for winning)
|raw|whqlwhql's rating: 1240 &rarr; <strong>1214</strong><br />(-26 for losing)
|l|☆whqlwhql
|player|p2|
