|j|☆UltraJoy012
|j|☆onclemondrop
|t:|1779643666
|gametype|singles
|player|p1|UltraJoy012|ghetsis|1126
|player|p2|onclemondrop|170|1087
|gen|9
|tier|[Gen 9] OU
|rated|
|rule|HP Percentage Mod: HP is shown in percentages
|rule|Endless Battle Clause: Forcing endless battles is banned
|rule|Species Clause: Limit one of each Pokémon
|rule|OHKO Clause: OHKO moves are banned
|rule|Evasion Items Clause: Evasion items are banned
|rule|Evasion Moves Clause: Evasion moves are banned
|rule|Evasion Abilities Clause: Evasion abilities are banned
|rule|Sleep Moves Clause: Sleep-inducing moves are banned
|clearpoke
|poke|p1|Hawlucha, M|
|poke|p1|Indeedee, M|
|poke|p1|Zapdos|
|poke|p1|Latios, M|
|poke|p1|Clefable, M|
|poke|p1|Talonflame, F|
|poke|p2|Ninetales-Alola, M|
|poke|p2|Iron Hands|
|poke|p2|Pecharunt|
|poke|p2|Rillaboom, M|
|poke|p2|Hawlucha, M|
|poke|p2|Landorus-Therian, M|
|teampreview
|inactive|Battle timer is ON: inactive players will automatically lose when time's up. (requested by UltraJoy012)
|inactive|UltraJoy012 has 120 seconds left.
|
|t:|1779643710
|teamsize|p1|6
|teamsize|p2|6
|start
|switch|p1a: Clefable|Clefable, M, shiny|100/100
|switch|p2a: Landorus|Landorus-Therian, M|100/100
|-ability|p2a: Landorus|Intimidate|boost
|-unboost|p1a: Clefable|atk|1
|turn|1
|
|t:|1779643728
|move|p2a: Landorus|U-turn|p1a: Clefable
|-resisted|p1a: Clefable
|-damage|p1a: Clefable|90/100
|
|t:|1779643730
|switch|p2a: Pecharunt|Pecharunt|100/100|[from] U-turn
|move|p1a: Clefable|Stored Power|p2a: Pecharunt
|-supereffective|p2a: Pecharunt
|-damage|p2a: Pecharunt|87/100
|
|-heal|p1a: Clefable|96/100|[from] item: Leftovers
|upkeep
|turn|2
|
|t:|1779643735
|move|p2a: Pecharunt|Malignant Chain|p1a: Clefable
|-supereffective|p1a: Clefable
|-damage|p1a: Clefable|30/100
|move|p1a: Clefable|Cosmic Power|p1a: Clefable
|-boost|p1a: Clefable|def|1
|-boost|p1a: Clefable|spd|1
|
|-heal|p1a: Clefable|36/100|[from] item: Leftovers
|upkeep
|turn|3
|
|t:|1779643743
|move|p2a: Pecharunt|Malignant Chain|p1a: Clefable
|-supereffective|p1a: Clefable
|-damage|p1a: Clefable|0 fnt
|faint|p1a: Clefable
|
|upkeep
|
|t:|1779643751
|switch|p1a: Indeedee|Indeedee, M|100/100
|-fieldstart|move: Psychic Terrain|[from] ability: Psychic Surge|[of] p1a: Indeedee
|turn|4
|l|☆onclemondrop
|inactive|onclemondrop disconnected and has a minute to reconnect!
|player|p2|
|j|☆onclemondrop
|inactive|onclemondrop reconnected and has 145 seconds left.
|player|p2|onclemondrop|170|
|
|t:|1779643771
|-terastallize|p2a: Pecharunt|Dark
|move|p1a: Indeedee|Expanding Force|p2a: Pecharunt
|-immune|p2a: Pecharunt
|move|p2a: Pecharunt|Foul Play|p1a: Indeedee
|-supereffective|p1a: Indeedee
|-damage|p1a: Indeedee|29/100
|
|-heal|p1a: Indeedee|35/100|[from] item: Leftovers
|upkeep
|turn|5
|
|t:|1779643777
|move|p1a: Indeedee|Energy Ball|p2a: Pecharunt
|-damage|p2a: Pecharunt|59/100
|move|p2a: Pecharunt|Foul Play|p1a: Indeedee
|-supereffective|p1a: Indeedee
|-damage|p1a: Indeedee|0 fnt
|faint|p1a: Indeedee
|
|upkeep
|
|t:|1779643786
|switch|p1a: Hawlucha|Hawlucha, M|100/100
|-enditem|p1a: Hawlucha|Psychic Seed
|-boost|p1a: Hawlucha|spd|1|[from] item: Psychic Seed
|turn|6
|
|t:|1779643801
|switch|p2a: Landorus|Landorus-Therian, M|100/100
|-ability|p2a: Landorus|Intimidate|boost
|-unboost|p1a: Hawlucha|atk|1
|move|p1a: Hawlucha|Drain Punch|p2a: Landorus
|-resisted|p2a: Landorus
|-damage|p2a: Landorus|88/100
|-damage|p1a: Hawlucha|84/100|[from] item: Rocky Helmet|[of] p2a: Landorus
|
|upkeep
|turn|7
|
|t:|1779643809
|move|p1a: Hawlucha|Swords Dance|p1a: Hawlucha
|-boost|p1a: Hawlucha|atk|2
|move|p2a: Landorus|Stealth Rock|p1a: Hawlucha
|-sidestart|p1: UltraJoy012|move: Stealth Rock
|
|upkeep
|turn|8
|
|t:|1779643823
|move|p1a: Hawlucha|Swords Dance|p1a: Hawlucha
|-boost|p1a: Hawlucha|atk|2
|move|p2a: Landorus|Taunt|p1a: Hawlucha
|-start|p1a: Hawlucha|move: Taunt
|
|-fieldend|move: Psychic Terrain
|upkeep
|turn|9
|
|t:|1779643835
|switch|p2a: Ninetales|Ninetales-Alola, M|100/100
|-weather|Snowscape|[from] ability: Snow Warning|[of] p2a: Ninetales
|move|p1a: Hawlucha|Acrobatics|p2a: Ninetales
|-damage|p2a: Ninetales|0 fnt
|faint|p2a: Ninetales
|
|-weather|Snowscape|[upkeep]
|upkeep
|
|t:|1779643841
|switch|p2a: Landorus|Landorus-Therian, M|88/100
|-ability|p2a: Landorus|Intimidate|boost
|-unboost|p1a: Hawlucha|atk|1
|turn|10
|
|t:|1779643847
|move|p1a: Hawlucha|Acrobatics|p2a: Landorus
|-damage|p2a: Landorus|0 fnt
|-damage|p1a: Hawlucha|68/100|[from] item: Rocky Helmet|[of] p2a: Landorus
|faint|p2a: Landorus
|
|-weather|Snowscape|[upkeep]
|upkeep
|
|t:|1779643852
|switch|p2a: Rillaboom|Rillaboom, M|100/100
|-fieldstart|move: Grassy Terrain|[from] ability: Grassy Surge|[of] p2a: Rillaboom
|turn|11
|
|t:|1779643857
|move|p2a: Rillaboom|Grassy Glide|p1a: Hawlucha
|-resisted|p1a: Hawlucha
|-damage|p1a: Hawlucha|27/100
|move|p1a: Hawlucha|Acrobatics|p2a: Rillaboom
|-supereffective|p2a: Rillaboom
|-damage|p2a: Rillaboom|0 fnt
|faint|p2a: Rillaboom
|
|-weather|Snowscape|[upkeep]
|-end|p1a: Hawlucha|move: Taunt
|upkeep
|
|t:|1779643863
|switch|p2a: Hawlucha|Hawlucha, M|100/100
|-enditem|p2a: Hawlucha|Grassy Seed
|-boost|p2a: Hawlucha|def|1|[from] item: Grassy Seed
|turn|12
|
|t:|1779643881
|move|p1a: Hawlucha|Acrobatics|p2a: Hawlucha
|-supereffective|p2a: Hawlucha
|-damage|p2a: Hawlucha|0 fnt
|faint|p2a: Hawlucha
|
|-weather|Snowscape|[upkeep]
|upkeep
|-message|onclemondrop forfeited.
|
|win|UltraJoy012
|raw|UltraJoy012's rating: 1126 &rarr; <strong>1148</strong><br />(+22 for winning)
|raw|onclemondrop's rating: 1087 &rarr; <strong>1067</strong><br />(-20 for losing)
|l|☆onclemondrop
|player|p2|
|c|☆UltraJoy012|Ye good ff
