|j|☆louwilliamzz
|j|☆Mouu'D
|t:|1779648783
|gametype|singles
|player|p1|louwilliamzz|101|1457
|player|p2|Mouu'D|youngster-gen4dp|1305
|gen|9
|tier|[Gen 9] OU
|rated|
|rule|HP Percentage Mod: HP is shown in percentages
|rule|Endless Battle Clause: Forcing endless battles is banned
|rule|Species Clause: Limit one of each Pokémon
|rule|OHKO Clause: OHKO moves are banned
|rule|Evasion Items Clause: Evasion items are banned
|rule|Evasion Moves Clause: Evasion moves are banned
|rule|Evasion Abilities Clause: Evasion abilities are banned
|rule|Sleep Moves Clause: Sleep-inducing moves are banned
|clearpoke
|poke|p1|Regieleki|
|poke|p1|Raging Bolt|
|poke|p1|Pelipper, M|
|poke|p1|Iron Treads|
|poke|p1|Barraskewda, M|
|poke|p1|Sinistcha|
|poke|p2|Deoxys-Defense|
|poke|p2|Diancie|
|poke|p2|Glastrier|
|poke|p2|Ursaluna, M|
|poke|p2|Exeggutor-Alola, M|
|poke|p2|Conkeldurr, F|
|teampreview
|inactive|Battle timer is ON: inactive players will automatically lose when time's up. (requested by louwilliamzz)
|
|t:|1779648807
|teamsize|p1|6
|teamsize|p2|6
|start
|switch|p1a: Regieleki|Regieleki|100/100
|switch|p2a: Vegapunk 03|Deoxys-Defense, shiny|100/100
|-ability|p2a: Vegapunk 03|Pressure
|turn|1
|
|t:|1779648819
|move|p1a: Regieleki|Reflect|p1a: Regieleki
|-sidestart|p1: louwilliamzz|Reflect
|move|p2a: Vegapunk 03|Trick Room|p2a: Vegapunk 03
|-fieldstart|move: Trick Room|[of] p2a: Vegapunk 03
|
|upkeep
|turn|2
|
|t:|1779648835
|move|p2a: Vegapunk 03|Psycho Boost|p1a: Regieleki
|-damage|p1a: Regieleki|44/100
|-unboost|p2a: Vegapunk 03|spa|2
|move|p1a: Regieleki|Light Screen|p1a: Regieleki
|-sidestart|p1: louwilliamzz|move: Light Screen
|
|upkeep
|turn|3
|
|t:|1779648850
|switch|p2a: Kuma|Ursaluna, M|100/100
|move|p1a: Regieleki|Volt Switch|p2a: Kuma
|-immune|p2a: Kuma
|
|-status|p2a: Kuma|brn|[from] item: Flame Orb
|upkeep
|turn|4
|
|t:|1779648864
|switch|p1a: Sinistcha|Sinistcha|100/100
|move|p2a: Kuma|Shadow Claw|p1a: Sinistcha
|-supereffective|p1a: Sinistcha
|-damage|p1a: Sinistcha|70/100
|
|-damage|p2a: Kuma|94/100 brn|[from] brn
|upkeep
|turn|5
|
|t:|1779648893
|move|p2a: Kuma|Shadow Claw|p1a: Sinistcha
|-supereffective|p1a: Sinistcha
|-damage|p1a: Sinistcha|42/100
|move|p1a: Sinistcha|Strength Sap|p2a: Kuma
|-unboost|p2a: Kuma|atk|1
|-heal|p1a: Sinistcha|100/100
|
|-damage|p2a: Kuma|88/100 brn|[from] brn
|-fieldend|move: Trick Room
|upkeep
|turn|6
|
|t:|1779648902
|switch|p2a: Sodom|Exeggutor-Alola, M, shiny|100/100
|move|p1a: Sinistcha|Strength Sap|p2a: Sodom
|-unboost|p2a: Sodom|atk|1
|
|upkeep
|turn|7
|
|t:|1779648917
|switch|p1a: Pelipper|Pelipper, M|100/100
|-weather|RainDance|[from] ability: Drizzle|[of] p1a: Pelipper
|-terastallize|p2a: Sodom|Poison
|move|p2a: Sodom|Sludge Bomb|p1a: Pelipper
|-damage|p1a: Pelipper|63/100
|
|-weather|RainDance|[upkeep]
|upkeep
|turn|8
|
|t:|1779648934
|switch|p2a: Joz|Diancie|100/100
|move|p1a: Pelipper|Knock Off|p2a: Joz
|-resisted|p2a: Joz
|-damage|p2a: Joz|95/100
|-enditem|p2a: Joz|Focus Sash|[from] move: Knock Off|[of] p1a: Pelipper
|
|-weather|RainDance|[upkeep]
|-sideend|p1: louwilliamzz|Reflect
|upkeep
|turn|9
|
|t:|1779648943
|switch|p1a: Iron Treads|Iron Treads|100/100
|move|p2a: Joz|Trick Room|p2a: Joz
|-fieldstart|move: Trick Room|[of] p2a: Joz
|
|-weather|RainDance|[upkeep]
|-sideend|p1: louwilliamzz|move: Light Screen
|upkeep
|turn|10
|
|t:|1779648953
|move|p2a: Joz|Earth Power|p1a: Iron Treads
|-supereffective|p1a: Iron Treads
|-damage|p1a: Iron Treads|12/100
|move|p1a: Iron Treads|Earthquake|p2a: Joz
|-supereffective|p2a: Joz
|-crit|p2a: Joz
|-damage|p2a: Joz|0 fnt
|faint|p2a: Joz
|
|-weather|RainDance|[upkeep]
|-heal|p1a: Iron Treads|18/100|[from] item: Leftovers
|upkeep
|
|t:|1779648959
|switch|p2a: Stronger|Glastrier|100/100
|turn|11
|
|t:|1779648966
|-end|p1a: Iron Treads|Quark Drive|[silent]
|switch|p1a: Pelipper|Pelipper, M|63/100
|move|p2a: Stronger|Stomping Tantrum|p1a: Pelipper
|-immune|p1a: Pelipper
|
|-weather|RainDance|[upkeep]
|upkeep
|turn|12
|
|t:|1779648972
|move|p1a: Pelipper|Knock Off|p2a: Stronger
|-damage|p2a: Stronger|92/100
|-enditem|p2a: Stronger|Assault Vest|[from] move: Knock Off|[of] p1a: Pelipper
|move|p2a: Stronger|Avalanche|p1a: Pelipper
|-damage|p1a: Pelipper|9/100
|
|-weather|RainDance|[upkeep]
|upkeep
|turn|13
|
|t:|1779648980
|move|p2a: Stronger|Crunch|p1a: Pelipper
|-damage|p1a: Pelipper|0 fnt
|faint|p1a: Pelipper
|-ability|p2a: Stronger|Chilling Neigh|boost
|-boost|p2a: Stronger|atk|1
|
|-weather|RainDance|[upkeep]
|-fieldend|move: Trick Room
|upkeep
|
|t:|1779648996
|switch|p1a: Barraskewda|Barraskewda, M, shiny|100/100
|turn|14
|
|t:|1779649001
|move|p1a: Barraskewda|Liquidation|p2a: Stronger
|-damage|p2a: Stronger|33/100
|move|p2a: Stronger|Stomping Tantrum|p1a: Barraskewda
|-damage|p1a: Barraskewda|2/100
|
|-weather|none
|upkeep
|turn|15
|
|t:|1779649012
|move|p1a: Barraskewda|Close Combat|p2a: Stronger
|-supereffective|p2a: Stronger
|-damage|p2a: Stronger|0 fnt
|-unboost|p1a: Barraskewda|def|1
|-unboost|p1a: Barraskewda|spd|1
|faint|p2a: Stronger
|
|upkeep
|
|t:|1779649017
|switch|p2a: Luffy gear 4th|Conkeldurr, F|100/100
|turn|16
|
|t:|1779649021
|switch|p1a: Sinistcha|Sinistcha|100/100
|move|p2a: Luffy gear 4th|Mach Punch|p1a: Sinistcha
|-immune|p1a: Sinistcha
|
|-status|p2a: Luffy gear 4th|brn|[from] item: Flame Orb
|upkeep
|turn|17
|
|t:|1779649029
|move|p1a: Sinistcha|Strength Sap|p2a: Luffy gear 4th
|-unboost|p2a: Luffy gear 4th|atk|1
|move|p2a: Luffy gear 4th|Knock Off|p1a: Sinistcha
|-supereffective|p1a: Sinistcha
|-damage|p1a: Sinistcha|50/100
|-enditem|p1a: Sinistcha|Heavy-Duty Boots|[from] move: Knock Off|[of] p2a: Luffy gear 4th
|
|-damage|p2a: Luffy gear 4th|94/100 brn|[from] brn
|upkeep
|turn|18
|
|t:|1779649038
|switch|p2a: Sodom|Exeggutor-Alola, M, shiny, tera:Poison|100/100
|move|p1a: Sinistcha|Strength Sap|p2a: Sodom
|-unboost|p2a: Sodom|atk|1
|-heal|p1a: Sinistcha|100/100
|
|upkeep
|turn|19
|
|t:|1779649048
|switch|p1a: Barraskewda|Barraskewda, M, shiny|2/100
|move|p2a: Sodom|Trick Room|p2a: Sodom
|-fieldstart|move: Trick Room|[of] p2a: Sodom
|
|upkeep
|turn|20
|
|t:|1779649055
|move|p1a: Barraskewda|Aqua Jet|p2a: Sodom
|-damage|p2a: Sodom|72/100
|move|p2a: Sodom|Energy Ball|p1a: Barraskewda
|-supereffective|p1a: Barraskewda
|-damage|p1a: Barraskewda|0 fnt
|faint|p1a: Barraskewda
|
|upkeep
|
|t:|1779649067
|switch|p1a: Sinistcha|Sinistcha|100/100
|turn|21
|
|t:|1779649086
|move|p2a: Sodom|Sludge Bomb|p1a: Sinistcha
|-damage|p1a: Sinistcha|39/100
|move|p1a: Sinistcha|Calm Mind|p1a: Sinistcha
|-boost|p1a: Sinistcha|spa|1
|-boost|p1a: Sinistcha|spd|1
|
|upkeep
|turn|22
|
|t:|1779649095
|-terastallize|p1a: Sinistcha|Poison
|move|p2a: Sodom|Sludge Bomb|p1a: Sinistcha
|-resisted|p1a: Sinistcha
|-damage|p1a: Sinistcha|20/100
|move|p1a: Sinistcha|Strength Sap|p2a: Sodom
|-unboost|p2a: Sodom|atk|1
|-heal|p1a: Sinistcha|61/100
|
|upkeep
|turn|23
|
|t:|1779649108
|move|p2a: Sodom|Flamethrower|p1a: Sinistcha
|-damage|p1a: Sinistcha|48/100
|move|p1a: Sinistcha|Shadow Ball|p2a: Sodom
|-damage|p2a: Sodom|21/100
|-unboost|p2a: Sodom|spd|1
|-enditem|p2a: Sodom|Sitrus Berry|[eat]
|-heal|p2a: Sodom|46/100|[from] item: Sitrus Berry
|
|-fieldend|move: Trick Room
|-item|p2a: Sodom|Sitrus Berry|[from] ability: Harvest
|upkeep
|-enditem|p2a: Sodom|Sitrus Berry|[eat]
|-heal|p2a: Sodom|71/100|[from] item: Sitrus Berry
|turn|24
|
|t:|1779649119
|move|p1a: Sinistcha|Shadow Ball|p2a: Sodom
|-damage|p2a: Sodom|0 fnt
|faint|p2a: Sodom
|
|upkeep
|
|t:|1779649126
|switch|p2a: Kuma|Ursaluna, M|88/100 brn
|turn|25
|
|t:|1779649133
|move|p1a: Sinistcha|Strength Sap|p2a: Kuma
|-unboost|p2a: Kuma|atk|1
|-heal|p1a: Sinistcha|100/100
|move|p2a: Kuma|Earthquake|p1a: Sinistcha
|-supereffective|p1a: Sinistcha
|-damage|p1a: Sinistcha|24/100
|
|-damage|p2a: Kuma|82/100 brn|[from] brn
|upkeep
|turn|26
|
|t:|1779649143
|switch|p2a: Vegapunk 03|Deoxys-Defense, shiny|100/100
|-ability|p2a: Vegapunk 03|Pressure
|move|p1a: Sinistcha|Matcha Gotcha|p2a: Vegapunk 03
|-damage|p2a: Vegapunk 03|72/100
|-heal|p1a: Sinistcha|37/100|[from] drain|[of] p2a: Vegapunk 03
|
|upkeep
|turn|27
|
|t:|1779649164
|switch|p1a: Iron Treads|Iron Treads|18/100
|move|p2a: Vegapunk 03|Psycho Boost|p1a: Iron Treads
|-resisted|p1a: Iron Treads
|-damage|p1a: Iron Treads|0 fnt
|-unboost|p2a: Vegapunk 03|spa|2
|faint|p1a: Iron Treads
|-end|p1a: Iron Treads|Quark Drive|[silent]
|
|upkeep
|
|t:|1779649174
|switch|p1a: Regieleki|Regieleki|44/100
|turn|28
|
|t:|1779649179
|move|p1a: Regieleki|Reflect|p1a: Regieleki
|-sidestart|p1: louwilliamzz|Reflect
|move|p2a: Vegapunk 03|Trick Room|p2a: Vegapunk 03
|-fieldstart|move: Trick Room|[of] p2a: Vegapunk 03
|
|upkeep
|turn|29
|
|t:|1779649193
|switch|p2a: Kuma|Ursaluna, M|82/100 brn
|move|p1a: Regieleki|Electric Terrain|p1a: Regieleki
|-fieldstart|move: Electric Terrain
|
|-damage|p2a: Kuma|75/100 brn|[from] brn
|upkeep
|turn|30
|
|t:|1779649218
|move|p2a: Kuma|Earthquake|p1a: Regieleki
|-supereffective|p1a: Regieleki
|-damage|p1a: Regieleki|0 fnt
|faint|p1a: Regieleki
|
|-damage|p2a: Kuma|69/100 brn|[from] brn
|upkeep
|
|t:|1779649222
|switch|p1a: Sinistcha|Sinistcha, tera:Poison|37/100
|turn|31
|
|t:|1779649227
|move|p2a: Kuma|Earthquake|p1a: Sinistcha
|-supereffective|p1a: Sinistcha
|-damage|p1a: Sinistcha|0 fnt
|faint|p1a: Sinistcha
|
|-damage|p2a: Kuma|63/100 brn|[from] brn
|upkeep
|
|t:|1779649235
|switch|p1a: Raging Bolt|Raging Bolt|100/100
|turn|32
|
|t:|1779649244
|move|p2a: Kuma|Earthquake|p1a: Raging Bolt
|-supereffective|p1a: Raging Bolt
|-damage|p1a: Raging Bolt|11/100
|move|p1a: Raging Bolt|Draco Meteor|p2a: Kuma
|-damage|p2a: Kuma|0 fnt
|-unboost|p1a: Raging Bolt|spa|2
|faint|p2a: Kuma
|
|-fieldend|move: Trick Room
|upkeep
|
|t:|1779649252
|switch|p2a: Luffy gear 4th|Conkeldurr, F|94/100 brn
|turn|33
|
|t:|1779649256
|move|p2a: Luffy gear 4th|Mach Punch|p1a: Raging Bolt
|-damage|p1a: Raging Bolt|0 fnt
|faint|p1a: Raging Bolt
|-end|p1a: Raging Bolt|Protosynthesis|[silent]
|
|win|Mouu'D
|raw|louwilliamzz's rating: 1457 &rarr; <strong>1429</strong><br />(-28 for losing)
|raw|Mouu&apos;D's rating: 1305 &rarr; <strong>1333</strong><br />(+28 for winning)
|l|☆louwilliamzz
|player|p1|
|l|☆Mouu'D
|player|p2|
