|j|☆cozmosiz
|j|☆bradfish1761
|t:|1779649463
|gametype|singles
|player|p1|cozmosiz|steven|1180
|player|p2|bradfish1761|elesa|1149
|gen|9
|tier|[Gen 9] OU
|rated|
|rule|HP Percentage Mod: HP is shown in percentages
|rule|Endless Battle Clause: Forcing endless battles is banned
|rule|Species Clause: Limit one of each Pokémon
|rule|OHKO Clause: OHKO moves are banned
|rule|Evasion Items Clause: Evasion items are banned
|rule|Evasion Moves Clause: Evasion moves are banned
|rule|Evasion Abilities Clause: Evasion abilities are banned
|rule|Sleep Moves Clause: Sleep-inducing moves are banned
|clearpoke
|poke|p1|Raging Bolt|
|poke|p1|Ceruledge, M|
|poke|p1|Walking Wake|
|poke|p1|Rillaboom, M|
|poke|p1|Iron Treads|
|poke|p1|Iron Valiant|
|poke|p2|Electrode-Hisui|
|poke|p2|Pelipper, F|
|poke|p2|Gholdengo|
|poke|p2|Cinderace, F|
|poke|p2|Great Tusk|
|poke|p2|Darkrai|
|teampreview
|inactive|Battle timer is ON: inactive players will automatically lose when time's up. (requested by bradfish1761)
|
|t:|1779649476
|teamsize|p1|6
|teamsize|p2|6
|start
|switch|p1a: Walking Wake|Walking Wake|100/100
|switch|p2a: Pelipper|Pelipper, F|100/100
|-weather|RainDance|[from] ability: Drizzle|[of] p2a: Pelipper
|-enditem|p1a: Walking Wake|Booster Energy
|-activate|p1a: Walking Wake|ability: Protosynthesis|[fromitem]
|-start|p1a: Walking Wake|protosynthesisspa
|turn|1
|
|t:|1779649489
|move|p1a: Walking Wake|Dragon Pulse|p2a: Pelipper
|-damage|p2a: Pelipper|27/100
|move|p2a: Pelipper|Hurricane|p1a: Walking Wake
|-damage|p1a: Walking Wake|39/100
|
|-weather|RainDance|[upkeep]
|upkeep
|turn|2
|
|t:|1779649499
|move|p1a: Walking Wake|Dragon Pulse|p2a: Pelipper
|-damage|p2a: Pelipper|0 fnt
|faint|p2a: Pelipper
|
|-weather|RainDance|[upkeep]
|upkeep
|
|t:|1779649504
|switch|p2a: Darkrai|Darkrai|100/100
|turn|3
|
|t:|1779649509
|move|p2a: Darkrai|Dark Pulse|p1a: Walking Wake
|-damage|p1a: Walking Wake|0 fnt
|faint|p1a: Walking Wake
|-end|p1a: Walking Wake|Protosynthesis|[silent]
|
|-weather|RainDance|[upkeep]
|upkeep
|
|t:|1779649526
|switch|p1a: Iron Valiant|Iron Valiant|100/100
|-enditem|p1a: Iron Valiant|Booster Energy
|-activate|p1a: Iron Valiant|ability: Quark Drive|[fromitem]
|-start|p1a: Iron Valiant|quarkdrivespe
|turn|4
|
|t:|1779649534
|switch|p2a: Gholdengo|Gholdengo|100/100
|move|p1a: Iron Valiant|Moonblast|p2a: Gholdengo
|-resisted|p2a: Gholdengo
|-damage|p2a: Gholdengo|74/100
|
|-weather|RainDance|[upkeep]
|upkeep
|turn|5
|
|t:|1779649556
|move|p1a: Iron Valiant|Shadow Ball|p2a: Gholdengo
|-supereffective|p2a: Gholdengo
|-damage|p2a: Gholdengo|15/100
|move|p2a: Gholdengo|Make It Rain|p1a: Iron Valiant
|-supereffective|p1a: Iron Valiant
|-damage|p1a: Iron Valiant|0 fnt
|-unboost|p2a: Gholdengo|spa|1
|faint|p1a: Iron Valiant
|-end|p1a: Iron Valiant|Quark Drive|[silent]
|
|-weather|RainDance|[upkeep]
|upkeep
|inactive|cozmosiz has 120 seconds left.
|
|t:|1779649588
|switch|p1a: Iron Treads|Iron Treads|100/100
|-enditem|p1a: Iron Treads|Booster Energy
|-activate|p1a: Iron Treads|ability: Quark Drive|[fromitem]
|-start|p1a: Iron Treads|quarkdrivespe
|turn|6
|
|t:|1779649593
|move|p1a: Iron Treads|Earthquake|p2a: Gholdengo
|-supereffective|p2a: Gholdengo
|-damage|p2a: Gholdengo|0 fnt
|faint|p2a: Gholdengo
|
|-weather|RainDance|[upkeep]
|upkeep
|
|t:|1779649601
|switch|p2a: Great Tusk|Great Tusk|100/100
|-enditem|p2a: Great Tusk|Booster Energy
|-activate|p2a: Great Tusk|ability: Protosynthesis|[fromitem]
|-start|p2a: Great Tusk|protosynthesisatk
|turn|7
|inactive|cozmosiz has 120 seconds left.
|
|t:|1779649610
|move|p1a: Iron Treads|Ice Spinner|p2a: Great Tusk
|-supereffective|p2a: Great Tusk
|-damage|p2a: Great Tusk|67/100
|move|p2a: Great Tusk|Stealth Rock|p1a: Iron Treads
|-sidestart|p1: cozmosiz|move: Stealth Rock
|
|-weather|RainDance|[upkeep]
|upkeep
|turn|8
|
|t:|1779649618
|move|p1a: Iron Treads|Ice Spinner|p2a: Great Tusk
|-supereffective|p2a: Great Tusk
|-damage|p2a: Great Tusk|29/100
|move|p2a: Great Tusk|Headlong Rush|p1a: Iron Treads
|-supereffective|p1a: Iron Treads
|-damage|p1a: Iron Treads|0 fnt
|-unboost|p2a: Great Tusk|def|1
|-unboost|p2a: Great Tusk|spd|1
|faint|p1a: Iron Treads
|-end|p1a: Iron Treads|Quark Drive|[silent]
|
|-weather|none
|upkeep
|inactive|cozmosiz has 120 seconds left.
|
|t:|1779649630
|switch|p1a: Rillaboom|Rillaboom, M|100/100
|-damage|p1a: Rillaboom|88/100|[from] Stealth Rock
|-fieldstart|move: Grassy Terrain|[from] ability: Grassy Surge|[of] p1a: Rillaboom
|-enditem|p1a: Rillaboom|Grassy Seed
|-boost|p1a: Rillaboom|def|1|[from] item: Grassy Seed
|turn|9
|
|t:|1779649636
|-end|p2a: Great Tusk|Protosynthesis|[silent]
|switch|p2a: Electrode|Electrode-Hisui|100/100
|move|p1a: Rillaboom|Grassy Glide|p2a: Electrode
|-resisted|p2a: Electrode
|-damage|p2a: Electrode|67/100
|
|-heal|p2a: Electrode|73/100|[from] Grassy Terrain
|-heal|p1a: Rillaboom|94/100|[from] Grassy Terrain
|upkeep
|turn|10
|inactive|cozmosiz has 120 seconds left.
|
|t:|1779649657
|move|p2a: Electrode|Leaf Storm|p1a: Rillaboom
|-resisted|p1a: Rillaboom
|-damage|p1a: Rillaboom|20/100
|-unboost|p2a: Electrode|spa|2
|move|p1a: Rillaboom|Knock Off|p2a: Electrode
|-damage|p2a: Electrode|13/100
|-enditem|p2a: Electrode|Choice Specs|[from] move: Knock Off|[of] p1a: Rillaboom
|
|-heal|p2a: Electrode|19/100|[from] Grassy Terrain
|-heal|p1a: Rillaboom|27/100|[from] Grassy Terrain
|upkeep
|turn|11
|inactive|cozmosiz has 120 seconds left.
|
|t:|1779649670
|move|p1a: Rillaboom|Grassy Glide|p2a: Electrode
|-resisted|p2a: Electrode
|-damage|p2a: Electrode|0 fnt
|-damage|p1a: Rillaboom|2/100|[from] ability: Aftermath|[of] p2a: Electrode
|faint|p2a: Electrode
|
|-heal|p1a: Rillaboom|8/100|[from] Grassy Terrain
|upkeep
|
|t:|1779649677
|switch|p2a: Darkrai|Darkrai|100/100
|turn|12
|
|t:|1779649685
|-terastallize|p2a: Darkrai|Poison
|move|p2a: Darkrai|Dark Pulse|p1a: Rillaboom
|-damage|p1a: Rillaboom|0 fnt
|faint|p1a: Rillaboom
|
|upkeep
|inactive|cozmosiz has 120 seconds left.
|
|t:|1779649710
|switch|p1a: Ceruledge|Ceruledge, M|100/100
|-damage|p1a: Ceruledge|76/100|[from] Stealth Rock
|turn|13
|
|t:|1779649717
|move|p2a: Darkrai|Dark Pulse|p1a: Ceruledge
|-supereffective|p1a: Ceruledge
|-damage|p1a: Ceruledge|0 fnt
|faint|p1a: Ceruledge
|
|-fieldend|move: Grassy Terrain
|upkeep
|
|t:|1779649724
|switch|p1a: Raging Bolt|Raging Bolt|100/100
|-damage|p1a: Raging Bolt|88/100|[from] Stealth Rock
|turn|14
|inactive|cozmosiz has 120 seconds left.
|
|t:|1779649732
|move|p2a: Darkrai|Dark Pulse|p1a: Raging Bolt
|-crit|p1a: Raging Bolt
|-damage|p1a: Raging Bolt|50/100
|move|p1a: Raging Bolt|Discharge|p2a: Darkrai
|-damage|p2a: Darkrai|38/100
|
|upkeep
|turn|15
|
|t:|1779649740
|move|p1a: Raging Bolt|Thunderclap|p2a: Darkrai
|-damage|p2a: Darkrai|0 fnt
|faint|p2a: Darkrai
|
|upkeep
|
|t:|1779649743
|switch|p2a: Great Tusk|Great Tusk|29/100
|turn|16
|
|t:|1779649750
|-terastallize|p1a: Raging Bolt|Flying
|move|p2a: Great Tusk|Headlong Rush|p1a: Raging Bolt
|-immune|p1a: Raging Bolt
|move|p1a: Raging Bolt|Draco Meteor|p2a: Great Tusk
|-damage|p2a: Great Tusk|0 fnt
|-unboost|p1a: Raging Bolt|spa|2
|faint|p2a: Great Tusk
|-end|p2a: Great Tusk|Protosynthesis|[silent]
|
|upkeep
|
|t:|1779649753
|switch|p2a: Cinderace|Cinderace, F|100/100
|turn|17
|
|t:|1779649768
|move|p1a: Raging Bolt|Thunderclap|p2a: Cinderace
|-damage|p2a: Cinderace|72/100
|move|p2a: Cinderace|Pyro Ball|p1a: Raging Bolt
|-damage|p1a: Raging Bolt|1/100
|
|upkeep
|turn|18
|
|t:|1779649776
|move|p2a: Cinderace|U-turn|p1a: Raging Bolt
|-start|p2a: Cinderace|typechange|Bug|[from] ability: Libero
|-resisted|p1a: Raging Bolt
|-damage|p1a: Raging Bolt|0 fnt
|faint|p1a: Raging Bolt
|-end|p1a: Raging Bolt|Protosynthesis|[silent]
|
|win|bradfish1761
|raw|cozmosiz's rating: 1180 &rarr; <strong>1153</strong><br />(-27 for losing)
|raw|bradfish1761's rating: 1149 &rarr; <strong>1176</strong><br />(+27 for winning)
|c|☆bradfish1761|Gg
|l|☆cozmosiz
|player|p1|
