|j|☆honest opinion
|j|☆scald spamm
|inactive|Battle timer is ON: inactive players will automatically lose when time's up.
|t:|1779711745
|gametype|singles
|player|p1|honest opinion|nate-masters|
|player|p2|scald spamm|wallace|
|gen|9
|tier|[Gen 9] OU
|rated|Tournament battle
|rule|HP Percentage Mod: HP is shown in percentages
|rule|Endless Battle Clause: Forcing endless battles is banned
|rule|Species Clause: Limit one of each Pokémon
|rule|OHKO Clause: OHKO moves are banned
|rule|Evasion Items Clause: Evasion items are banned
|rule|Evasion Moves Clause: Evasion moves are banned
|rule|Evasion Abilities Clause: Evasion abilities are banned
|rule|Sleep Moves Clause: Sleep-inducing moves are banned
|raw|<div class="infobox"><details class="readmore"><summary><strong>15 custom rules:</strong></summary> -burmy, -caterpie, -combee, -kricketot, -magikarp, -scatterbug, -sunkern, -tynamo, -typenull, -weedle, -wurmple, -cosmog, -blipbug, -snom, -wynaut</details></div>
|clearpoke
|poke|p1|Rampardos, F|
|poke|p1|Squirtle, F|
|poke|p1|Pawniard, F|
|poke|p1|Noivern, M|
|poke|p2|Grookey, M|
|poke|p2|Finneon, M|
|poke|p2|Gholdengo|
|poke|p2|Maushold-Four|
|teampreview
|j|*Lady Monita 
|inactive|scald spamm also wants the timer to be on.
|inactive|honest opinion also wants the timer to be on.
|c|☆scald spamm|glhf
|c|☆honest opinion|u2
|
|t:|1779711761
|teamsize|p1|4
|teamsize|p2|4
|start
|switch|p1a: Squirtle|Squirtle, F|100/100
|switch|p2a: Finni|Finneon, M|100/100
|turn|1
|j|^Baddieprathikmon
|
|t:|1779711766
|move|p2a: Finni|U-turn|p1a: Squirtle
|-damage|p1a: Squirtle|88/100
|
|t:|1779711769
|switch|p2a: Goku ey|Grookey, M|100/100|[from] U-turn
|-fieldstart|move: Grassy Terrain|[from] ability: Grassy Surge|[of] p2a: Goku ey
|move|p1a: Squirtle|Shell Smash|p1a: Squirtle
|-unboost|p1a: Squirtle|def|1
|-unboost|p1a: Squirtle|spd|1
|-boost|p1a: Squirtle|atk|2
|-boost|p1a: Squirtle|spa|2
|-boost|p1a: Squirtle|spe|2
|
|-heal|p1a: Squirtle|94/100|[from] Grassy Terrain
|upkeep
|turn|2
|c|^Baddieprathikmon|Ew
|j| Renku
|
|t:|1779711780
|move|p2a: Goku ey|Grassy Glide|p1a: Squirtle
|-supereffective|p1a: Squirtle
|-damage|p1a: Squirtle|0 fnt
|faint|p1a: Squirtle
|-damage|p2a: Goku ey|91/100|[from] item: Life Orb
|
|-heal|p2a: Goku ey|97/100|[from] Grassy Terrain
|upkeep
|c|^Baddieprathikmon|Weird gholdengo
|
|t:|1779711791
|switch|p1a: Noivern|Noivern, M|100/100
|-item|p2a: Goku ey|Life Orb|[from] ability: Frisk|[of] p1a: Noivern
|turn|3
|c|^Baddieprathikmon|I wanted to see scarf blastoise
|l| Renku
|
|t:|1779711800
|switch|p2a: Finni|Finneon, M|100/100
|move|p1a: Noivern|Flamethrower|p2a: Finni
|-resisted|p2a: Finni
|-damage|p2a: Finni|84/100
|
|-heal|p2a: Finni|90/100|[from] Grassy Terrain
|upkeep
|turn|4
|
|t:|1779711807
|move|p1a: Noivern|Draco Meteor|p2a: Finni|[miss]
|-miss|p1a: Noivern|p2a: Finni
|move|p2a: Finni|Ice Beam|p1a: Noivern
|-supereffective|p1a: Noivern
|-damage|p1a: Noivern|5/100
|
|-heal|p2a: Finni|95/100|[from] Grassy Terrain
|upkeep
|turn|5
|c|^Baddieprathikmon|No heatwave
|
|t:|1779711816
|move|p1a: Noivern|Draco Meteor|p2a: Finni
|-damage|p2a: Finni|21/100
|-unboost|p1a: Noivern|spa|2
|move|p2a: Finni|Ice Beam|p1a: Noivern
|-supereffective|p1a: Noivern
|-damage|p1a: Noivern|0 fnt
|faint|p1a: Noivern
|
|-heal|p2a: Finni|27/100|[from] Grassy Terrain
|-fieldend|move: Grassy Terrain
|upkeep
|c|^Baddieprathikmon|No specs
|
|t:|1779711820
|switch|p1a: Pawniard|Pawniard, F|100/100
|turn|6
|c|☆scald spamm|Anything is possible
|c|^Baddieprathikmon|No tera normal boombirst
|
|t:|1779711824
|move|p2a: Finni|Surf|p1a: Pawniard
|-damage|p1a: Pawniard|55/100
|move|p1a: Pawniard|Swords Dance|p1a: Pawniard
|-boost|p1a: Pawniard|atk|2
|
|upkeep
|turn|7
|
|t:|1779711833
|move|p1a: Pawniard|Sucker Punch|p2a: Finni
|-damage|p2a: Finni|0 fnt
|faint|p2a: Finni
|
|upkeep
|c|^Baddieprathikmon|Ain't no a
|
|t:|1779711836
|switch|p2a: Mickeys Clubhouse|Maushold-Four|100/100
|turn|8
|
|t:|1779711843
|move|p1a: Pawniard|Sucker Punch||[still]
|-fail|p1a: Pawniard
|move|p2a: Mickeys Clubhouse|Encore|p1a: Pawniard
|-start|p1a: Pawniard|Encore
|
|upkeep
|turn|9
|c|^Baddieprathikmon|Fire punch rampardos
|c|☆scald spamm|No bisharp too
|
|t:|1779711852
|move|p1a: Pawniard|Sucker Punch||[still]
|-fail|p1a: Pawniard
|move|p2a: Mickeys Clubhouse|Tidy Up|p2a: Mickeys Clubhouse
|-boost|p2a: Mickeys Clubhouse|atk|1
|-boost|p2a: Mickeys Clubhouse|spe|1
|
|upkeep
|turn|10
|
|t:|1779711854
|move|p1a: Pawniard|Sucker Punch||[still]
|-fail|p1a: Pawniard
|move|p2a: Mickeys Clubhouse|Tidy Up|p2a: Mickeys Clubhouse
|-boost|p2a: Mickeys Clubhouse|atk|1
|-boost|p2a: Mickeys Clubhouse|spe|1
|
|upkeep
|turn|11
|
|t:|1779711858
|move|p1a: Pawniard|Sucker Punch||[still]
|-fail|p1a: Pawniard
|move|p2a: Mickeys Clubhouse|Tidy Up|p2a: Mickeys Clubhouse
|-boost|p2a: Mickeys Clubhouse|atk|1
|-boost|p2a: Mickeys Clubhouse|spe|1
|
|-end|p1a: Pawniard|Encore
|upkeep
|turn|12
|
|t:|1779711861
|move|p1a: Pawniard|Sucker Punch||[still]
|-fail|p1a: Pawniard
|move|p2a: Mickeys Clubhouse|Encore|p1a: Pawniard
|-start|p1a: Pawniard|Encore
|
|upkeep
|turn|13
|c|^Baddieprathikmon|Hopi what are u don't ng
|
|t:|1779711864
|move|p1a: Pawniard|Sucker Punch||[still]
|-fail|p1a: Pawniard
|move|p2a: Mickeys Clubhouse|Tidy Up|p2a: Mickeys Clubhouse
|-boost|p2a: Mickeys Clubhouse|atk|1
|-boost|p2a: Mickeys Clubhouse|spe|1
|
|upkeep
|turn|14
|c|^Baddieprathikmon|What are u doing
|
|t:|1779711873
|move|p1a: Pawniard|Sucker Punch|p2a: Mickeys Clubhouse
|-damage|p2a: Mickeys Clubhouse|17/100
|move|p2a: Mickeys Clubhouse|Population Bomb|p1a: Pawniard
|-resisted|p1a: Pawniard
|-damage|p1a: Pawniard|41/100
|-resisted|p1a: Pawniard
|-damage|p1a: Pawniard|28/100
|-resisted|p1a: Pawniard
|-damage|p1a: Pawniard|14/100
|-resisted|p1a: Pawniard
|-damage|p1a: Pawniard|1/100
|-resisted|p1a: Pawniard
|-damage|p1a: Pawniard|0 fnt
|faint|p1a: Pawniard
|-hitcount|p1: Pawniard|5
|
|upkeep
|
|t:|1779711877
|switch|p1a: Rampardos|Rampardos, F|100/100
|turn|15
|
|t:|1779711886
|-terastallize|p1a: Rampardos|Grass
|move|p2a: Mickeys Clubhouse|Population Bomb|p1a: Rampardos
|-damage|p1a: Rampardos|64/100
|-damage|p1a: Rampardos|32/100
|-damage|p1a: Rampardos|0 fnt
|faint|p1a: Rampardos
|-hitcount|p1: Rampardos|3
|
|win|scald spamm
|n|☆honest opinion|honestopinion
|n|☆scald spamm|scaldspamm
|n|*Lady Monita |ladymonita
|n| Baddieprathikmon|baddieprathikmon
