|j|☆Becham141
|j|‽prismatic_player
|t:|1779684932
|gametype|singles
|player|p1|Becham141|170|1094
|player|p2|prismatic_player|lucas|1071
|gen|9
|tier|[Gen 9] OU
|rated|
|rule|HP Percentage Mod: HP is shown in percentages
|rule|Endless Battle Clause: Forcing endless battles is banned
|rule|Species Clause: Limit one of each Pokémon
|rule|OHKO Clause: OHKO moves are banned
|rule|Evasion Items Clause: Evasion items are banned
|rule|Evasion Moves Clause: Evasion moves are banned
|rule|Evasion Abilities Clause: Evasion abilities are banned
|rule|Sleep Moves Clause: Sleep-inducing moves are banned
|clearpoke
|poke|p1|Clefable, M|
|poke|p1|Gholdengo|
|poke|p1|Smeargle, M|
|poke|p1|Dragonite, M|
|poke|p1|Cinderace, F|
|poke|p1|Samurott-Hisui, M|
|poke|p2|Medicham, F|
|poke|p2|Zapdos|
|poke|p2|Ogerpon-Wellspring, F|
|poke|p2|Pelipper, M|
|poke|p2|Lokix, M|
|poke|p2|Clawitzer, F|
|teampreview
|inactive|Battle timer is ON: inactive players will automatically lose when time's up. (requested by prismatic_player)
|
|t:|1779684947
|teamsize|p1|6
|teamsize|p2|6
|start
|switch|p1a: Smeargle|Smeargle, M, shiny|100/100
|switch|p2a: Pelipper|Pelipper, M|100/100
|-weather|RainDance|[from] ability: Drizzle|[of] p2a: Pelipper
|turn|1
|
|t:|1779684952
|move|p1a: Smeargle|Nuzzle|p2a: Pelipper
|-supereffective|p2a: Pelipper
|-damage|p2a: Pelipper|93/100
|-status|p2a: Pelipper|par
|move|p2a: Pelipper|Hurricane|p1a: Smeargle
|-enditem|p1a: Smeargle|Focus Sash
|-damage|p1a: Smeargle|1/100
|
|-weather|RainDance|[upkeep]
|upkeep
|turn|2
|
|t:|1779684959
|move|p1a: Smeargle|Sticky Web|p2a: Pelipper
|-sidestart|p2: prismatic_player|move: Sticky Web
|move|p2a: Pelipper|Tailwind|p2a: Pelipper
|-sidestart|p2: prismatic_player|move: Tailwind
|
|-weather|RainDance|[upkeep]
|upkeep
|turn|3
|
|t:|1779684964
|move|p1a: Smeargle|Destiny Bond|p1a: Smeargle
|-singlemove|p1a: Smeargle|Destiny Bond
|move|p2a: Pelipper|Tailwind||[still]
|-fail|p2a: Pelipper
|
|-weather|RainDance|[upkeep]
|upkeep
|turn|4
|
|t:|1779684969
|move|p1a: Smeargle|Stealth Rock|p2a: Pelipper
|-sidestart|p2: prismatic_player|move: Stealth Rock
|cant|p2a: Pelipper|par
|
|-weather|RainDance|[upkeep]
|upkeep
|turn|5
|
|t:|1779684974
|move|p1a: Smeargle|Destiny Bond|p1a: Smeargle
|-singlemove|p1a: Smeargle|Destiny Bond
|move|p2a: Pelipper|Tailwind||[still]
|-fail|p2a: Pelipper
|
|-weather|RainDance|[upkeep]
|-sideend|p2: prismatic_player|move: Tailwind
|upkeep
|turn|6
|
|t:|1779684981
|switch|p1a: Clefable|Clefable, M, shiny|100/100
|move|p2a: Pelipper|Weather Ball|p1a: Clefable
|-damage|p1a: Clefable|31/100
|
|-weather|RainDance|[upkeep]
|upkeep
|turn|7
|
|t:|1779684984
|move|p1a: Clefable|Thunderbolt|p2a: Pelipper
|-supereffective|p2a: Pelipper
|-damage|p2a: Pelipper|0 fnt
|faint|p2a: Pelipper
|
|-weather|RainDance|[upkeep]
|upkeep
|
|t:|1779684990
|switch|p2a: Zapdos|Zapdos|100/100
|-damage|p2a: Zapdos|76/100|[from] Stealth Rock
|turn|8
|
|t:|1779684993
|switch|p1a: Smeargle|Smeargle, M, shiny|1/100
|move|p2a: Zapdos|Hurricane|p1a: Smeargle
|-damage|p1a: Smeargle|0 fnt
|faint|p1a: Smeargle
|
|-weather|none
|-heal|p2a: Zapdos|82/100|[from] item: Leftovers
|upkeep
|
|t:|1779684998
|switch|p1a: Clefable|Clefable, M, shiny|31/100
|turn|9
|
|t:|1779685007
|move|p2a: Zapdos|Thunder Wave|p1a: Clefable
|-status|p1a: Clefable|par
|move|p1a: Clefable|Ice Beam|p2a: Zapdos
|-supereffective|p2a: Zapdos
|-damage|p2a: Zapdos|0 fnt
|faint|p2a: Zapdos
|
|upkeep
|
|t:|1779685009
|switch|p2a: Clawitzer|Clawitzer, F, shiny|100/100
|-activate|p2a: Clawitzer|move: Sticky Web
|-unboost|p2a: Clawitzer|spe|1
|-damage|p2a: Clawitzer|88/100|[from] Stealth Rock
|turn|10
|
|t:|1779685013
|-terastallize|p2a: Clawitzer|Water
|move|p2a: Clawitzer|Water Pulse|p1a: Clefable
|-damage|p1a: Clefable|0 fnt
|faint|p1a: Clefable
|-damage|p2a: Clawitzer|78/100|[from] item: Life Orb
|
|upkeep
|
|t:|1779685019
|switch|p1a: Cinderace|Cinderace, F|100/100
|turn|11
|
|t:|1779685025
|move|p1a: Cinderace|Trailblaze|p2a: Clawitzer
|-start|p1a: Cinderace|typechange|Grass|[from] ability: Libero
|-supereffective|p2a: Clawitzer
|-damage|p2a: Clawitzer|0 fnt
|-boost|p1a: Cinderace|spe|1
|faint|p2a: Clawitzer
|
|upkeep
|
|t:|1779685029
|switch|p2a: Lokix|Lokix, M|100/100
|-activate|p2a: Lokix|move: Sticky Web
|-unboost|p2a: Lokix|spe|1
|-damage|p2a: Lokix|76/100|[from] Stealth Rock
|turn|12
|
|t:|1779685035
|switch|p1a: Samurott|Samurott-Hisui, M|100/100
|move|p2a: Lokix|First Impression|p1a: Samurott
|-supereffective|p1a: Samurott
|-damage|p1a: Samurott|0 fnt
|faint|p1a: Samurott
|-damage|p2a: Lokix|66/100|[from] item: Life Orb
|
|upkeep
|
|t:|1779685041
|switch|p1a: Cinderace|Cinderace, F|100/100
|turn|13
|
|t:|1779685044
|move|p2a: Lokix|Sucker Punch|p1a: Cinderace
|-damage|p1a: Cinderace|34/100
|-damage|p2a: Lokix|56/100|[from] item: Life Orb
|move|p1a: Cinderace|Pyro Ball|p2a: Lokix
|-supereffective|p2a: Lokix
|-damage|p2a: Lokix|0 fnt
|faint|p2a: Lokix
|
|upkeep
|
|t:|1779685051
|switch|p2a: Ogerpon|Ogerpon-Wellspring, F|100/100
|-activate|p2a: Ogerpon|move: Sticky Web
|-unboost|p2a: Ogerpon|spe|1
|-damage|p2a: Ogerpon|88/100|[from] Stealth Rock
|turn|14
|
|t:|1779685053
|move|p1a: Cinderace|Pyro Ball|p2a: Ogerpon
|-damage|p2a: Ogerpon|0 fnt
|faint|p2a: Ogerpon
|
|upkeep
|l|‽prismatic_player
|inactive|prismatic_player disconnected and has a minute to reconnect!
|player|p2|
|inactive|prismatic_player has 30 seconds to reconnect!
|inactive|prismatic_player has 20 seconds to reconnect!
|inactive|prismatic_player has 15 seconds to reconnect!
|inactive|prismatic_player has 10 seconds to reconnect!
|inactive|prismatic_player has 5 seconds to reconnect!
|-message|prismatic_player lost due to inactivity.
|
|win|Becham141
|raw|Becham141's rating: 1094 &rarr; <strong>1118</strong><br />(+24 for winning)
|raw|prismatic_player's rating: 1071 &rarr; <strong>1052</strong><br />(-19 for losing)
|l|☆Becham141
|player|p1|
