|j|☆Cantarope
|j|☆immaterial-light
|t:|1779657592
|gametype|singles
|player|p1|Cantarope|kieran|1479
|player|p2|immaterial-light|2|1508
|gen|9
|tier|[Gen 9] OU
|rated|
|rule|HP Percentage Mod: HP is shown in percentages
|rule|Endless Battle Clause: Forcing endless battles is banned
|rule|Species Clause: Limit one of each Pokémon
|rule|OHKO Clause: OHKO moves are banned
|rule|Evasion Items Clause: Evasion items are banned
|rule|Evasion Moves Clause: Evasion moves are banned
|rule|Evasion Abilities Clause: Evasion abilities are banned
|rule|Sleep Moves Clause: Sleep-inducing moves are banned
|clearpoke
|poke|p1|Muk, M|
|poke|p1|Corviknight, F|
|poke|p1|Darkrai|
|poke|p1|Gholdengo|
|poke|p1|Ogerpon-Wellspring, F|
|poke|p1|Cinderace, M|
|poke|p2|Cresselia, F|
|poke|p2|Hatterene, F|
|poke|p2|Iron Hands|
|poke|p2|Ursaluna, M|
|poke|p2|Torkoal, F|
|poke|p2|Porygon2|
|teampreview
|inactive|Battle timer is ON: inactive players will automatically lose when time's up. (requested by Cantarope)
|
|t:|1779657603
|teamsize|p1|6
|teamsize|p2|6
|start
|switch|p1a: Me Ne Sbatto|Muk, M|100/100
|switch|p2a: Porygon2|Porygon2|100/100
|-ability|p2a: Porygon2|Download|boost
|-boost|p2a: Porygon2|atk|1
|turn|1
|
|t:|1779657609
|move|p1a: Me Ne Sbatto|Knock Off|p2a: Porygon2
|-crit|p2a: Porygon2
|-damage|p2a: Porygon2|66/100
|-status|p2a: Porygon2|psn|[from] ability: Poison Touch|[of] p1a: Me Ne Sbatto
|-enditem|p2a: Porygon2|Eviolite|[from] move: Knock Off|[of] p1a: Me Ne Sbatto
|move|p2a: Porygon2|Trick Room|p2a: Porygon2
|-fieldstart|move: Trick Room|[of] p2a: Porygon2
|
|-damage|p2a: Porygon2|54/100 psn|[from] psn
|upkeep
|turn|2
|
|t:|1779657624
|switch|p2a: Iron Hands|Iron Hands|100/100
|-enditem|p2a: Iron Hands|Booster Energy
|-activate|p2a: Iron Hands|ability: Quark Drive|[fromitem]
|-start|p2a: Iron Hands|quarkdriveatk
|move|p1a: Me Ne Sbatto|Drain Punch|p2a: Iron Hands
|-damage|p2a: Iron Hands|86/100
|
|upkeep
|turn|3
|
|t:|1779657651
|move|p2a: Iron Hands|Swords Dance|p2a: Iron Hands
|-boost|p2a: Iron Hands|atk|2
|move|p1a: Me Ne Sbatto|Poison Jab|p2a: Iron Hands
|-damage|p2a: Iron Hands|61/100
|
|upkeep
|turn|4
|
|t:|1779657661
|move|p2a: Iron Hands|Thunder Punch|p1a: Me Ne Sbatto
|-damage|p1a: Me Ne Sbatto|0 fnt
|faint|p1a: Me Ne Sbatto
|
|upkeep
|inactive|Cantarope has 120 seconds left.
|
|t:|1779657702
|switch|p1a: Corviknight|Corviknight, F|100/100
|-ability|p1a: Corviknight|Pressure
|turn|5
|
|t:|1779657710
|-terastallize|p1a: Corviknight|Dragon
|move|p2a: Iron Hands|Drain Punch|p1a: Corviknight
|-damage|p1a: Corviknight|28/100
|-heal|p2a: Iron Hands|89/100|[from] drain|[of] p1a: Corviknight
|move|p1a: Corviknight|U-turn|p2a: Iron Hands
|-resisted|p2a: Iron Hands
|-damage|p2a: Iron Hands|85/100
|
|t:|1779657724
|switch|p1a: Gholdengo|Gholdengo|100/100|[from] U-turn
|
|-fieldend|move: Trick Room
|upkeep
|turn|6
|
|t:|1779657730
|move|p1a: Gholdengo|Dazzling Gleam|p2a: Iron Hands
|-supereffective|p2a: Iron Hands
|-damage|p2a: Iron Hands|33/100
|move|p2a: Iron Hands|Thunder Punch|p1a: Gholdengo
|-crit|p1a: Gholdengo
|-damage|p1a: Gholdengo|0 fnt
|faint|p1a: Gholdengo
|
|upkeep
|
|t:|1779657745
|switch|p1a: Darkrai|Darkrai|100/100
|turn|7
|
|t:|1779657760
|move|p1a: Darkrai|Sludge Bomb|p2a: Iron Hands
|-damage|p2a: Iron Hands|0 fnt
|faint|p2a: Iron Hands
|-end|p2a: Iron Hands|Quark Drive|[silent]
|-damage|p1a: Darkrai|91/100|[from] item: Life Orb
|
|upkeep
|
|t:|1779657772
|switch|p2a: Hatterene|Hatterene, F|100/100
|turn|8
|
|t:|1779657776
|move|p1a: Darkrai|Sludge Bomb|p2a: Hatterene
|-supereffective|p2a: Hatterene
|-damage|p2a: Hatterene|14/100
|-status|p2a: Hatterene|psn
|-damage|p1a: Darkrai|81/100|[from] item: Life Orb
|move|p2a: Hatterene|Trick Room|p2a: Hatterene
|-fieldstart|move: Trick Room|[of] p2a: Hatterene
|
|-damage|p2a: Hatterene|1/100 psn|[from] psn
|upkeep
|turn|9
|
|t:|1779657794
|switch|p1a: Corviknight|Corviknight, F, tera:Dragon|28/100
|-ability|p1a: Corviknight|Pressure
|move|p2a: Hatterene|Healing Wish|p2a: Hatterene
|faint|p2a: Hatterene
|
|-heal|p1a: Corviknight|35/100|[from] item: Leftovers
|upkeep
|
|t:|1779657798
|switch|p2a: Porygon2|Porygon2|54/100 psn
|-heal|p2a: Porygon2|100/100|[from] move: Healing Wish
|-ability|p2a: Porygon2|Download|boost
|-boost|p2a: Porygon2|spa|1
|turn|10
|
|t:|1779657801
|move|p2a: Porygon2|Ice Beam|p1a: Corviknight
|-supereffective|p1a: Corviknight
|-damage|p1a: Corviknight|0 fnt
|faint|p1a: Corviknight
|
|upkeep
|inactive|Cantarope has 120 seconds left.
|
|t:|1779657816
|switch|p1a: Ogerpon|Ogerpon-Wellspring, F|100/100
|turn|11
|
|t:|1779657832
|move|p2a: Porygon2|Hyper Beam|p1a: Ogerpon
|-damage|p1a: Ogerpon|0 fnt
|-mustrecharge|p2a: Porygon2
|faint|p1a: Ogerpon
|
|upkeep
|inactive|Cantarope has 120 seconds left.
|
|t:|1779657844
|switch|p1a: Darkrai|Darkrai|81/100
|turn|12
|
|t:|1779657846
|cant|p2a: Porygon2|recharge
|move|p1a: Darkrai|Focus Blast|p2a: Porygon2
|-supereffective|p2a: Porygon2
|-damage|p2a: Porygon2|0 fnt
|faint|p2a: Porygon2
|-damage|p1a: Darkrai|71/100|[from] item: Life Orb
|
|-fieldend|move: Trick Room
|upkeep
|
|t:|1779657852
|switch|p2a: Cresselia|Cresselia, F|100/100
|turn|13
|
|t:|1779657856
|move|p1a: Darkrai|Dark Pulse|p2a: Cresselia
|-supereffective|p2a: Cresselia
|-damage|p2a: Cresselia|30/100
|-damage|p1a: Darkrai|61/100|[from] item: Life Orb
|move|p2a: Cresselia|Trick Room|p2a: Cresselia
|-fieldstart|move: Trick Room|[of] p2a: Cresselia
|
|upkeep
|turn|14
|
|t:|1779657864
|move|p2a: Cresselia|Lunar Dance|p2a: Cresselia
|faint|p2a: Cresselia
|move|p1a: Darkrai|Dark Pulse|p2: Cresselia|[notarget]
|-fail|p1a: Darkrai
|
|upkeep
|
|t:|1779657865
|switch|p2a: Torkoal|Torkoal, F|100/100
|-weather|SunnyDay|[from] ability: Drought|[of] p2a: Torkoal
|turn|15
|
|t:|1779657878
|-terastallize|p2a: Torkoal|Fire
|move|p2a: Torkoal|Eruption|p1a: Darkrai
|-damage|p1a: Darkrai|0 fnt
|faint|p1a: Darkrai
|
|-weather|SunnyDay|[upkeep]
|upkeep
|
|t:|1779657881
|switch|p1a: Cinderace|Cinderace, M|100/100
|turn|16
|c|☆Cantarope|gg
|
|t:|1779657885
|move|p2a: Torkoal|Eruption|p1a: Cinderace
|-resisted|p1a: Cinderace
|-damage|p1a: Cinderace|0 fnt
|faint|p1a: Cinderace
|
|win|immaterial-light
|raw|Cantarope's rating: 1479 &rarr; <strong>1461</strong><br />(-18 for losing)
|raw|immaterial-light's rating: 1508 &rarr; <strong>1526</strong><br />(+18 for winning)
|l|☆Cantarope
|player|p1|
|l|☆immaterial-light
|player|p2|
