|j|☆testskayo
|j|☆bjls
|t:|1779696396
|gametype|singles
|player|p1|testskayo|101|1508
|player|p2|bjls|hilda|1522
|gen|9
|tier|[Gen 9] OU
|rated|
|rule|HP Percentage Mod: HP is shown in percentages
|rule|Endless Battle Clause: Forcing endless battles is banned
|rule|Species Clause: Limit one of each Pokémon
|rule|OHKO Clause: OHKO moves are banned
|rule|Evasion Items Clause: Evasion items are banned
|rule|Evasion Moves Clause: Evasion moves are banned
|rule|Evasion Abilities Clause: Evasion abilities are banned
|rule|Sleep Moves Clause: Sleep-inducing moves are banned
|clearpoke
|poke|p1|Samurott-Hisui, M|
|poke|p1|Rillaboom, F|
|poke|p1|Garchomp, M|
|poke|p1|Gholdengo|
|poke|p1|Slowking-Galar, M|
|poke|p1|Cinderace, F|
|poke|p2|Pelipper, M|
|poke|p2|Basculegion, M|
|poke|p2|Iron Jugulis|
|poke|p2|Raging Bolt|
|poke|p2|Iron Treads|
|poke|p2|Kingambit, M|
|teampreview
|inactive|Battle timer is ON: inactive players will automatically lose when time's up. (requested by bjls)
|
|t:|1779696405
|teamsize|p1|6
|teamsize|p2|6
|start
|switch|p1a: Slowking|Slowking-Galar, M|100/100
|switch|p2a: 大卫·戴|Pelipper, M|100/100
|-weather|RainDance|[from] ability: Drizzle|[of] p2a: 大卫·戴
|turn|1
|
|t:|1779696429
|move|p2a: 大卫·戴|U-turn|p1a: Slowking
|-damage|p1a: Slowking|91/100
|
|t:|1779696432
|switch|p2a: 驭雷掣电天尊|Raging Bolt|100/100|[from] U-turn
|-enditem|p2a: 驭雷掣电天尊|Booster Energy
|-activate|p2a: 驭雷掣电天尊|ability: Protosynthesis|[fromitem]
|-start|p2a: 驭雷掣电天尊|protosynthesisspa
|-prepare|p1a: Slowking|Chilly Reception|[premajor]
|move|p1a: Slowking|Chilly Reception|p1a: Slowking
|-weather|Snowscape
|
|t:|1779696446
|switch|p1a: Garchomp|Garchomp, M|100/100|[from] Chilly Reception
|
|-weather|Snowscape|[upkeep]
|upkeep
|turn|2
|
|t:|1779696451
|-terastallize|p2a: 驭雷掣电天尊|Fairy
|move|p1a: Garchomp|Earthquake|p2a: 驭雷掣电天尊
|-crit|p2a: 驭雷掣电天尊
|-damage|p2a: 驭雷掣电天尊|50/100
|move|p2a: 驭雷掣电天尊|Weather Ball|p1a: Garchomp
|-supereffective|p1a: Garchomp
|-damage|p1a: Garchomp|0 fnt
|faint|p1a: Garchomp
|
|-weather|Snowscape|[upkeep]
|upkeep
|
|t:|1779696458
|switch|p1a: Slowking|Slowking-Galar, M|100/100
|turn|3
|
|t:|1779696468
|move|p2a: 驭雷掣电天尊|Draco Meteor|p1a: Slowking
|-damage|p1a: Slowking|37/100
|-unboost|p2a: 驭雷掣电天尊|spa|2
|move|p1a: Slowking|Sludge Bomb|p2a: 驭雷掣电天尊
|-supereffective|p2a: 驭雷掣电天尊
|-damage|p2a: 驭雷掣电天尊|0 fnt
|faint|p2a: 驭雷掣电天尊
|-end|p2a: 驭雷掣电天尊|Protosynthesis|[silent]
|
|-weather|Snowscape|[upkeep]
|upkeep
|
|t:|1779696476
|switch|p2a: 帝车超光所向捷|Iron Treads|100/100
|-enditem|p2a: 帝车超光所向捷|Booster Energy
|-activate|p2a: 帝车超光所向捷|ability: Quark Drive|[fromitem]
|-start|p2a: 帝车超光所向捷|quarkdrivespe
|turn|4
|
|t:|1779696485
|switch|p1a: Rillaboom|Rillaboom, F|100/100
|-fieldstart|move: Grassy Terrain|[from] ability: Grassy Surge|[of] p1a: Rillaboom
|move|p2a: 帝车超光所向捷|Ice Spinner|p1a: Rillaboom
|-supereffective|p1a: Rillaboom
|-damage|p1a: Rillaboom|50/100
|-fieldend|move: Grassy Terrain
|
|-weather|Snowscape|[upkeep]
|upkeep
|turn|5
|
|t:|1779696488
|move|p2a: 帝车超光所向捷|Ice Spinner|p1a: Rillaboom
|-supereffective|p1a: Rillaboom
|-damage|p1a: Rillaboom|6/100
|move|p1a: Rillaboom|Wood Hammer|p2a: 帝车超光所向捷
|-damage|p2a: 帝车超光所向捷|6/100
|-damage|p1a: Rillaboom|0 fnt|[from] Recoil
|faint|p1a: Rillaboom
|
|-weather|none
|upkeep
|
|t:|1779696492
|switch|p1a: Samurott|Samurott-Hisui, M|100/100
|turn|6
|
|t:|1779696496
|move|p2a: 帝车超光所向捷|Earthquake|p1a: Samurott
|-damage|p1a: Samurott|50/100
|move|p1a: Samurott|Ceaseless Edge|p2a: 帝车超光所向捷
|-damage|p2a: 帝车超光所向捷|0 fnt
|-sidestart|p2: bjls|Spikes
|faint|p2a: 帝车超光所向捷
|-end|p2a: 帝车超光所向捷|Quark Drive|[silent]
|
|-heal|p1a: Samurott|56/100|[from] item: Leftovers
|upkeep
|
|t:|1779696499
|switch|p2a: 大卫·戴|Pelipper, M|100/100
|-weather|RainDance|[from] ability: Drizzle|[of] p2a: 大卫·戴
|turn|7
|
|t:|1779696507
|move|p1a: Samurott|Ceaseless Edge|p2a: 大卫·戴
|-damage|p2a: 大卫·戴|62/100
|-sidestart|p2: bjls|Spikes
|move|p2a: 大卫·戴|U-turn|p1a: Samurott
|-supereffective|p1a: Samurott
|-damage|p1a: Samurott|38/100
|
|t:|1779696510
|switch|p2a: 特瓦林|Iron Jugulis|100/100|[from] U-turn
|-enditem|p2a: 特瓦林|Booster Energy
|-activate|p2a: 特瓦林|ability: Quark Drive|[fromitem]
|-start|p2a: 特瓦林|quarkdrivespe
|
|-weather|RainDance|[upkeep]
|-heal|p1a: Samurott|44/100|[from] item: Leftovers
|upkeep
|turn|8
|
|t:|1779696526
|move|p1a: Samurott|Sucker Punch|p2a: 特瓦林
|-resisted|p2a: 特瓦林
|-damage|p2a: 特瓦林|80/100
|move|p2a: 特瓦林|Hurricane|p1a: Samurott
|-damage|p1a: Samurott|0 fnt
|faint|p1a: Samurott
|
|-weather|RainDance|[upkeep]
|upkeep
|
|t:|1779696529
|switch|p1a: Gholdengo|Gholdengo|100/100
|turn|9
|
|t:|1779696532
|move|p2a: 特瓦林|Dark Pulse|p1a: Gholdengo
|-supereffective|p1a: Gholdengo
|-damage|p1a: Gholdengo|12/100
|move|p1a: Gholdengo|Make It Rain|p2a: 特瓦林
|-damage|p2a: 特瓦林|8/100
|-unboost|p1a: Gholdengo|spa|1
|
|-weather|RainDance|[upkeep]
|upkeep
|turn|10
|
|t:|1779696557
|move|p2a: 特瓦林|Earth Power|p1a: Gholdengo
|-supereffective|p1a: Gholdengo
|-damage|p1a: Gholdengo|0 fnt
|faint|p1a: Gholdengo
|
|-weather|RainDance|[upkeep]
|upkeep
|
|t:|1779696560
|switch|p1a: Cinderace|Cinderace, F|100/100
|turn|11
|
|t:|1779696563
|move|p1a: Cinderace|Sucker Punch|p2a: 特瓦林
|-resisted|p2a: 特瓦林
|-damage|p2a: 特瓦林|0 fnt
|faint|p2a: 特瓦林
|-end|p2a: 特瓦林|Quark Drive|[silent]
|
|-weather|RainDance|[upkeep]
|upkeep
|
|t:|1779696568
|switch|p2a: 一汽·大运|Basculegion, M|100/100
|-damage|p2a: 一汽·大运|84/100|[from] Spikes
|turn|12
|
|t:|1779696571
|move|p2a: 一汽·大运|Aqua Jet|p1a: Cinderace
|-supereffective|p1a: Cinderace
|-damage|p1a: Cinderace|0 fnt
|faint|p1a: Cinderace
|
|-weather|RainDance|[upkeep]
|upkeep
|-message|testskayo forfeited.
|
|win|bjls
|raw|testskayo's rating: 1508 &rarr; <strong>1489</strong><br />(-19 for losing)
|raw|bjls's rating: 1522 &rarr; <strong>1541</strong><br />(+19 for winning)
|l|☆testskayo
|player|p1|
|l|☆bjls
|player|p2|
