|j|☆A05236
|j|☆Abyssal Bot
|t:|1779573745
|gametype|singles
|player|p1|A05236|265|
|player|p2|Abyssal Bot|supernerd|
|teamsize|p1|6
|teamsize|p2|6
|gen|9
|tier|[Gen 9] OU
|rule|Species Clause: Limit one of each Pokémon
|rule|OHKO Clause: OHKO moves are banned
|rule|Evasion Items Clause: Evasion items are banned
|rule|Evasion Moves Clause: Evasion moves are banned
|rule|Endless Battle Clause: Forcing endless battles is banned
|rule|HP Percentage Mod: HP is shown in percentages
|rule|Sleep Moves Clause: Sleep-inducing moves are banned
|clearpoke
|poke|p1|Rufflet, M|
|poke|p1|Ninetales-Alola, F|
|poke|p1|Carkol, F|
|poke|p1|Dragonair, M|
|poke|p1|Magnezone|
|poke|p1|Dragonite, M|
|poke|p2|Gholdengo|
|poke|p2|Ting-Lu|
|poke|p2|Deoxys-Speed|
|poke|p2|Garganacl, F|
|poke|p2|Ogerpon, F|
|poke|p2|Gliscor, F|
|teampreview
|c|☆Abyssal Bot|Good Luck and Have Fun my Friend!
|inactive|Battle timer is ON: inactive players will automatically lose when time's up. (requested by Abyssal Bot)
|j|*Turbo Bottttt
|
|t:|1779573747
|start
|switch|p1a: twice|Rufflet, M|100/100
|switch|p2a: Gliscor|Gliscor, F|100/100
|turn|1
|
|t:|1779573750
|switch|p2a: Gholdengo|Gholdengo|100/100
|move|p1a: twice|Bulk Up|p1a: twice
|-boost|p1a: twice|atk|1
|-boost|p1a: twice|def|1
|
|upkeep
|turn|2
|
|t:|1779573757
|move|p2a: Gholdengo|Thunder Wave|p1a: twice
|-status|p1a: twice|par
|move|p1a: twice|Brave Bird|p2a: Gholdengo|[miss]
|-miss|p1a: twice|p2a: Gholdengo
|
|upkeep
|turn|3
|c|☆Abyssal Bot|That thing needs an eye doctor
|
|t:|1779573760
|move|p2a: Gholdengo|Focus Blast|p1a: twice|[miss]
|-miss|p2a: Gholdengo|p1a: twice
|move|p1a: twice|Brave Bird|p2a: Gholdengo
|-resisted|p2a: Gholdengo
|-damage|p2a: Gholdengo|63/100
|-damage|p1a: twice|84/100 par|[from] Recoil
|
|upkeep
|turn|4
|c|☆Abyssal Bot|Uh Gholdengo, you're as blind as Deino...
|
|t:|1779573763
|move|p2a: Gholdengo|Recover|p2a: Gholdengo
|-heal|p2a: Gholdengo|100/100
|cant|p1a: twice|par
|
|upkeep
|turn|5
|
|t:|1779573766
|move|p2a: Gholdengo|Focus Blast|p1a: twice
|-damage|p1a: twice|50/100 par
|move|p1a: twice|Brave Bird|p2a: Gholdengo
|-resisted|p2a: Gholdengo
|-damage|p2a: Gholdengo|67/100
|-damage|p1a: twice|35/100 par|[from] Recoil
|
|upkeep
|turn|6
|
|t:|1779573768
|move|p2a: Gholdengo|Focus Blast|p1a: twice
|-damage|p1a: twice|1/100 par
|move|p1a: twice|Brave Bird|p2a: Gholdengo
|-resisted|p2a: Gholdengo
|-damage|p2a: Gholdengo|29/100
|-damage|p1a: twice|0 par|[from] Recoil
|faint|p1a: twice
|
|upkeep
|
|t:|1779573773
|switch|p1a: the agency|Dragonite, M|100/100
|turn|7
|
|t:|1779573774
|move|p1a: the agency|Fire Punch|p2a: Gholdengo
|-supereffective|p2a: Gholdengo
|-damage|p2a: Gholdengo|0
|faint|p2a: Gholdengo
|
|upkeep
|
|t:|1779573774
|switch|p2a: Garganacl|Garganacl, F|100/100
|turn|8
|
|t:|1779573779
|move|p1a: the agency|Dragon Dance|p1a: the agency
|-boost|p1a: the agency|atk|1
|-boost|p1a: the agency|spe|1
|move|p2a: Garganacl|Stealth Rock|p1a: the agency
|-sidestart|p1: A05236|move: Stealth Rock
|
|upkeep
|turn|9
|
|t:|1779573781
|move|p1a: the agency|Encore|p2a: Garganacl
|-start|p2a: Garganacl|Encore
|move|p2a: Garganacl|Stealth Rock||[still]
|-fail|p2a: Garganacl
|
|upkeep
|turn|10
|
|t:|1779573784
|switch|p2a: Deoxys|Deoxys-Speed|100/100
|-ability|p2a: Deoxys|Pressure
|move|p1a: the agency|Dragon Dance|p1a: the agency
|-boost|p1a: the agency|atk|1
|-boost|p1a: the agency|spe|1
|
|upkeep
|turn|11
|
|t:|1779573786
|move|p1a: the agency|Scale Shot|p2a: Deoxys
|-damage|p2a: Deoxys|57/100
|-damage|p2a: Deoxys|9/100
|-damage|p2a: Deoxys|0
|faint|p2a: Deoxys
|-hitcount|p2: Deoxys|3
|-unboost|p1a: the agency|def|1
|-boost|p1a: the agency|spe|1
|
|upkeep
|
|t:|1779573786
|switch|p2a: Garganacl|Garganacl, F|100/100
|turn|12
|
|t:|1779573793
|move|p1a: the agency|Scale Shot|p2a: Garganacl
|-damage|p2a: Garganacl|85/100
|-crit|p2a: Garganacl
|-damage|p2a: Garganacl|63/100
|-damage|p2a: Garganacl|48/100
|-damage|p2a: Garganacl|33/100
|-hitcount|p2a: Garganacl|4
|-unboost|p1a: the agency|def|1
|-boost|p1a: the agency|spe|1
|move|p2a: Garganacl|Salt Cure|p1a: the agency
|-supereffective|p1a: the agency
|-damage|p1a: the agency|68/100
|-start|p1a: the agency|Salt Cure
|
|-heal|p2a: Garganacl|40/100|[from] item: Leftovers
|-damage|p1a: the agency|56/100|[from] Salt Cure|[of] p2a: Garganacl
|upkeep
|turn|13
|c|☆Abyssal Bot|I should be the one who gets hax ;-;
|
|t:|1779573801
|move|p1a: the agency|Scale Shot|p2a: Garganacl
|-damage|p2a: Garganacl|25/100
|-damage|p2a: Garganacl|9/100
|-damage|p2a: Garganacl|0
|faint|p2a: Garganacl
|-hitcount|p2: Garganacl|3
|-unboost|p1a: the agency|def|1
|-boost|p1a: the agency|spe|1
|
|-damage|p1a: the agency|43/100|[from] Salt Cure|[of] p2: Garganacl
|upkeep
|
|t:|1779573801
|switch|p2a: Gliscor|Gliscor, F|100/100
|turn|14
|
|t:|1779573808
|move|p1a: the agency|Scale Shot|p2a: Gliscor
|-damage|p2a: Gliscor|76/100
|-damage|p2a: Gliscor|53/100
|-damage|p2a: Gliscor|32/100
|-damage|p2a: Gliscor|7/100
|-damage|p2a: Gliscor|0
|faint|p2a: Gliscor
|-hitcount|p2: Gliscor|5
|-unboost|p1a: the agency|def|1
|-boost|p1a: the agency|spe|1
|
|-damage|p1a: the agency|31/100|[from] Salt Cure|[of] p2: Garganacl
|upkeep
|
|t:|1779573808
|switch|p2a: Ting-Lu|Ting-Lu|100/100
|-ability|p2a: Ting-Lu|Vessel of Ruin
|turn|15
|
|t:|1779573815
|move|p1a: the agency|Fire Punch|p2a: Ting-Lu
|-damage|p2a: Ting-Lu|70/100
|move|p2a: Ting-Lu|Whirlwind|p1a: the agency
|drag|p1a: inroads|Carkol, F|100/100
|-damage|p1a: inroads|75/100|[from] Stealth Rock|[of] p2: Garganacl
|
|upkeep
|turn|16
|
|t:|1779573821
|move|p1a: inroads|Will-O-Wisp|p2a: Ting-Lu
|-status|p2a: Ting-Lu|brn
|move|p2a: Ting-Lu|Earthquake|p1a: inroads
|-supereffective|p1a: inroads
|-damage|p1a: inroads|40/100
|
|-damage|p2a: Ting-Lu|64/100 brn|[from] brn|[of] p1a: inroads
|upkeep
|turn|17
|
|t:|1779573824
|move|p1a: inroads|Rapid Spin|p2a: Ting-Lu
|-damage|p2a: Ting-Lu|60/100 brn
|-boost|p1a: inroads|spe|1
|-sideend|p1: A05236|Stealth Rock|[from] move: Rapid Spin|[of] p1a: inroads
|move|p2a: Ting-Lu|Earthquake|p1a: inroads
|-supereffective|p1a: inroads
|-damage|p1a: inroads|2/100
|
|-damage|p2a: Ting-Lu|54/100 brn|[from] brn|[of] p1a: inroads
|upkeep
|turn|18
|
|t:|1779573828
|move|p1a: inroads|Stealth Rock|p2a: Ting-Lu
|-sidestart|p2: Abyssal Bot|move: Stealth Rock
|move|p2a: Ting-Lu|Earthquake|p1a: inroads
|-supereffective|p1a: inroads
|-damage|p1a: inroads|0
|faint|p1a: inroads
|
|-damage|p2a: Ting-Lu|48/100 brn|[from] brn|[of] p1: inroads
|upkeep
|
|t:|1779573830
|switch|p1a: negotiations|Ninetales-Alola, F|100/100
|-weather|Snow|[from] ability: Snow Warning|[of] p1a: negotiations
|turn|19
|
|t:|1779573833
|switch|p2a: Ogerpon|Ogerpon, F|100/100
|move|p1a: negotiations|Aurora Veil|p1a: negotiations
|-sidestart|p1: A05236|move: Aurora Veil
|
|-weather|Snow|[upkeep]
|upkeep
|turn|20
|
|t:|1779573835
|move|p2a: Ogerpon|Encore|p1a: negotiations
|-start|p1a: negotiations|Encore
|move|p1a: negotiations|Aurora Veil||[still]
|-fail|p1a: negotiations
|
|-weather|Snow|[upkeep]
|upkeep
|turn|21
|
|t:|1779573839
|switch|p1a: deadly|Magnezone|100/100
|move|p2a: Ogerpon|Encore||[still]
|-fail|p2a: Ogerpon
|
|-weather|Snow|[upkeep]
|upkeep
|turn|22
|
|t:|1779573842
|switch|p2a: Ting-Lu|Ting-Lu|48/100 brn
|-ability|p2a: Ting-Lu|Vessel of Ruin
|move|p1a: deadly|Flash Cannon|p2a: Ting-Lu
|-damage|p2a: Ting-Lu|24/100 brn
|-unboost|p2a: Ting-Lu|spd|1
|-damage|p1a: deadly|91/100|[from] item: Life Orb
|
|-weather|Snow|[upkeep]
|-damage|p2a: Ting-Lu|17/100 brn|[from] brn|[of] p1: inroads
|upkeep
|turn|23
|
|t:|1779573845
|move|p1a: deadly|Flash Cannon|p2a: Ting-Lu
|-damage|p2a: Ting-Lu|0 brn
|faint|p2a: Ting-Lu
|-damage|p1a: deadly|81/100|[from] item: Life Orb
|
|-weather|none
|upkeep
|
|t:|1779573845
|switch|p2a: Ogerpon|Ogerpon, F|100/100
|turn|24
|
|t:|1779573848
|move|p2a: Ogerpon|Knock Off|p1a: deadly
|-damage|p1a: deadly|66/100
|-enditem|p1a: deadly|Life Orb|[from] move: Knock Off|[of] p2a: Ogerpon
|move|p1a: deadly|Flash Cannon|p2a: Ogerpon
|-damage|p2a: Ogerpon|49/100
|
|upkeep
|turn|25
|
|t:|1779573850
|move|p2a: Ogerpon|Ivy Cudgel|p1a: deadly
|-resisted|p1a: deadly
|-damage|p1a: deadly|54/100
|move|p1a: deadly|Flash Cannon|p2a: Ogerpon
|-damage|p2a: Ogerpon|4/100
|
|upkeep
|turn|26
|
|t:|1779573854
|move|p2a: Ogerpon|Knock Off|p1a: deadly
|-damage|p1a: deadly|43/100
|move|p1a: deadly|Body Press|p2a: Ogerpon
|-damage|p2a: Ogerpon|0
|faint|p2a: Ogerpon
|
|win|A05236
|c|☆Abyssal Bot|Oh, I lost. Good Game.
|l|☆Abyssal Bot
|player|p2|
|l|*Turbo Bottttt
