|j|☆crust king kahn
|j|☆Groypernacl
|t:|1779688994
|gametype|singles
|player|p1|crust king kahn|170|1578
|player|p2|Groypernacl|101|1523
|gen|9
|tier|[Gen 9] OU
|rated|
|rule|HP Percentage Mod: HP is shown in percentages
|rule|Endless Battle Clause: Forcing endless battles is banned
|rule|Species Clause: Limit one of each Pokémon
|rule|OHKO Clause: OHKO moves are banned
|rule|Evasion Items Clause: Evasion items are banned
|rule|Evasion Moves Clause: Evasion moves are banned
|rule|Evasion Abilities Clause: Evasion abilities are banned
|rule|Sleep Moves Clause: Sleep-inducing moves are banned
|clearpoke
|poke|p1|Cramorant, M|
|poke|p1|Iron Treads|
|poke|p1|Dragonite, F|
|poke|p1|Deoxys-Speed|
|poke|p1|Zamazenta-*|
|poke|p1|Garganacl, F|
|poke|p2|Darkrai|
|poke|p2|Garchomp, M|
|poke|p2|Alomomola, M|
|poke|p2|Corviknight, M|
|poke|p2|Weezing-Galar, F|
|poke|p2|Ogerpon, F|
|teampreview
|inactive|Battle timer is ON: inactive players will automatically lose when time's up. (requested by Groypernacl)
|
|t:|1779689008
|teamsize|p1|6
|teamsize|p2|6
|start
|switch|p1a: Deoxys|Deoxys-Speed|100/100
|switch|p2a: Corviknight|Corviknight, M|100/100
|-ability|p1a: Deoxys|Pressure
|-ability|p2a: Corviknight|Pressure
|turn|1
|
|t:|1779689025
|switch|p1a: Cramorant|Cramorant, M, shiny|100/100
|move|p2a: Corviknight|U-turn|p1a: Cramorant
|-resisted|p1a: Cramorant
|-damage|p1a: Cramorant|91/100
|
|t:|1779689036
|switch|p2a: Darkrai|Darkrai|100/100|[from] U-turn
|
|upkeep
|turn|2
|
|t:|1779689038
|move|p2a: Darkrai|Dark Pulse|p1a: Cramorant
|-damage|p1a: Cramorant|41/100
|move|p1a: Cramorant|Surf|p2a: Darkrai
|-formechange|p1a: Cramorant|Cramorant-Gorging|
|-damage|p2a: Darkrai|66/100
|
|upkeep
|turn|3
|
|t:|1779689045
|move|p2a: Darkrai|Dark Pulse|p1a: Cramorant
|-damage|p1a: Cramorant|0 fnt
|-damage|p2a: Darkrai|41/100|[from] ability: Gulp Missile|[of] p1a: Cramorant
|-status|p2a: Darkrai|par
|-formechange|p1a: Cramorant|Cramorant|
|faint|p1a: Cramorant
|
|upkeep
|
|t:|1779689053
|switch|p1a: Iron Treads|Iron Treads|100/100
|turn|4
|j| wuxinshushu1
|
|t:|1779689064
|switch|p2a: Corviknight|Corviknight, M|100/100
|-ability|p2a: Corviknight|Pressure
|move|p1a: Iron Treads|Earthquake|p2a: Corviknight
|-immune|p2a: Corviknight
|
|upkeep
|turn|5
|
|t:|1779689074
|-end|p1a: Iron Treads|Quark Drive|[silent]
|switch|p1a: Deoxys|Deoxys-Speed|100/100
|-ability|p1a: Deoxys|Pressure
|move|p2a: Corviknight|U-turn|p1a: Deoxys
|-supereffective|p1a: Deoxys
|-damage|p1a: Deoxys|53/100
|
|t:|1779689087
|switch|p2a: Garchomp|Garchomp, M|100/100|[from] U-turn
|
|upkeep
|turn|6
|
|t:|1779689092
|move|p1a: Deoxys|Ice Beam|p2a: Garchomp
|-supereffective|p2a: Garchomp
|-damage|p2a: Garchomp|0 fnt
|faint|p2a: Garchomp
|
|upkeep
|
|t:|1779689097
|switch|p2a: Alomomola|Alomomola, M|100/100
|turn|7
|
|t:|1779689104
|move|p1a: Deoxys|Stealth Rock|p2a: Alomomola
|-sidestart|p2: Groypernacl|move: Stealth Rock
|move|p2a: Alomomola|Body Slam|p1a: Deoxys
|-damage|p1a: Deoxys|29/100
|-status|p1a: Deoxys|par
|
|upkeep
|turn|8
|
|t:|1779689109
|move|p2a: Alomomola|Aqua Jet|p1a: Deoxys
|-damage|p1a: Deoxys|11/100 par
|move|p1a: Deoxys|Psycho Boost|p2a: Alomomola
|-damage|p2a: Alomomola|73/100
|-unboost|p1a: Deoxys|spa|2
|
|upkeep
|turn|9
|
|t:|1779689113
|cant|p1a: Deoxys|par
|move|p2a: Alomomola|Flip Turn|p1a: Deoxys
|-damage|p1a: Deoxys|0 fnt
|faint|p1a: Deoxys
|
|t:|1779689116
|switch|p2a: Corviknight|Corviknight, M|100/100|[from] Flip Turn
|-damage|p2a: Corviknight|88/100|[from] Stealth Rock
|-ability|p2a: Corviknight|Pressure
|
|-heal|p2a: Corviknight|94/100|[from] item: Leftovers
|upkeep
|
|t:|1779689121
|switch|p1a: Garganacl|Garganacl, F|100/100
|turn|10
|
|t:|1779689124
|move|p2a: Corviknight|Defog|p1a: Garganacl
|-unboost|p1a: Garganacl|evasion|1
|-sideend|p2: Groypernacl|Stealth Rock|[from] move: Defog|[of] p2a: Corviknight
|move|p1a: Garganacl|Iron Defense|p1a: Garganacl
|-boost|p1a: Garganacl|def|2
|
|-heal|p2a: Corviknight|100/100|[from] item: Leftovers
|upkeep
|turn|11
|
|t:|1779689127
|move|p2a: Corviknight|U-turn|p1a: Garganacl
|-damage|p1a: Garganacl|97/100
|
|t:|1779689129
|switch|p2a: Weezing|Weezing-Galar, F|100/100|[from] U-turn
|-ability|p2a: Weezing|Neutralizing Gas
|move|p1a: Garganacl|Iron Defense|p1a: Garganacl
|-boost|p1a: Garganacl|def|2
|
|-heal|p1a: Garganacl|100/100|[from] item: Leftovers
|upkeep
|turn|12
|
|t:|1779689134
|-end|p2a: Weezing|ability: Neutralizing Gas
|switch|p2a: Ogerpon|Ogerpon, F|100/100
|move|p1a: Garganacl|Iron Defense|p1a: Garganacl
|-boost|p1a: Garganacl|def|2
|
|upkeep
|turn|13
|
|t:|1779689139
|-terastallize|p1a: Garganacl|Ghost
|move|p2a: Ogerpon|Encore|p1a: Garganacl
|-start|p1a: Garganacl|Encore
|move|p1a: Garganacl|Iron Defense|p1a: Garganacl
|-boost|p1a: Garganacl|def|0
|
|upkeep
|turn|14
|
|t:|1779689147
|move|p2a: Ogerpon|Ivy Cudgel|p1a: Garganacl
|-damage|p1a: Garganacl|94/100
|move|p1a: Garganacl|Iron Defense|p1a: Garganacl
|-boost|p1a: Garganacl|def|0
|
|-heal|p1a: Garganacl|100/100|[from] item: Leftovers
|upkeep
|turn|15
|
|t:|1779689151
|move|p2a: Ogerpon|Knock Off|p1a: Garganacl
|-supereffective|p1a: Garganacl
|-damage|p1a: Garganacl|93/100
|-enditem|p1a: Garganacl|Leftovers|[from] move: Knock Off|[of] p2a: Ogerpon
|move|p1a: Garganacl|Iron Defense|p1a: Garganacl
|-boost|p1a: Garganacl|def|0
|
|-end|p1a: Garganacl|Encore
|upkeep
|turn|16
|l| wuxinshushu1
|
|t:|1779689159
|move|p2a: Ogerpon|Encore|p1a: Garganacl
|-start|p1a: Garganacl|Encore
|move|p1a: Garganacl|Iron Defense|p1a: Garganacl
|-boost|p1a: Garganacl|def|0
|
|upkeep
|turn|17
|
|t:|1779689161
|move|p2a: Ogerpon|Swords Dance|p2a: Ogerpon
|-boost|p2a: Ogerpon|atk|2
|move|p1a: Garganacl|Iron Defense|p1a: Garganacl
|-boost|p1a: Garganacl|def|0
|
|upkeep
|turn|18
|
|t:|1779689166
|move|p2a: Ogerpon|Swords Dance|p2a: Ogerpon
|-boost|p2a: Ogerpon|atk|2
|move|p1a: Garganacl|Iron Defense|p1a: Garganacl
|-boost|p1a: Garganacl|def|0
|
|-end|p1a: Garganacl|Encore
|upkeep
|turn|19
|
|t:|1779689168
|move|p2a: Ogerpon|Encore|p1a: Garganacl
|-start|p1a: Garganacl|Encore
|move|p1a: Garganacl|Iron Defense|p1a: Garganacl
|-boost|p1a: Garganacl|def|0
|
|upkeep
|turn|20
|
|t:|1779689172
|move|p2a: Ogerpon|Swords Dance|p2a: Ogerpon
|-boost|p2a: Ogerpon|atk|2
|move|p1a: Garganacl|Iron Defense|p1a: Garganacl
|-boost|p1a: Garganacl|def|0
|
|upkeep
|turn|21
|
|t:|1779689174
|-terastallize|p2a: Ogerpon|Grass
|detailschange|p2a: Ogerpon|Ogerpon-Teal-Tera, F, tera:Grass
|-ability|p2a: Ogerpon|Embody Aspect (Teal)|boost
|-boost|p2a: Ogerpon|spe|1
|move|p2a: Ogerpon|Ivy Cudgel|p1a: Garganacl
|-damage|p1a: Garganacl|57/100
|move|p1a: Garganacl|Iron Defense|p1a: Garganacl
|-boost|p1a: Garganacl|def|0
|
|-end|p1a: Garganacl|Encore
|upkeep
|turn|22
|
|t:|1779689177
|move|p2a: Ogerpon|Encore|p1a: Garganacl
|-start|p1a: Garganacl|Encore
|move|p1a: Garganacl|Iron Defense|p1a: Garganacl
|-boost|p1a: Garganacl|def|0
|
|upkeep
|turn|23
|
|t:|1779689179
|move|p2a: Ogerpon|Ivy Cudgel|p1a: Garganacl
|-damage|p1a: Garganacl|21/100
|move|p1a: Garganacl|Iron Defense|p1a: Garganacl
|-boost|p1a: Garganacl|def|0
|
|upkeep
|turn|24
|-message|crust king kahn forfeited.
|
|win|Groypernacl
|raw|crust king kahn's rating: 1578 &rarr; <strong>1555</strong><br />(-23 for losing)
|raw|Groypernacl's rating: 1523 &rarr; <strong>1546</strong><br />(+23 for winning)
|l|☆crust king kahn
|player|p1|
|l|☆Groypernacl
|player|p2|
