|j|☆cnlp
|j|☆claudechamp
|t:|1779697506
|gametype|singles
|player|p1|cnlp|2|1236
|player|p2|claudechamp|169|1189
|gen|9
|tier|[Gen 9] OU
|rated|
|rule|HP Percentage Mod: HP is shown in percentages
|rule|Endless Battle Clause: Forcing endless battles is banned
|rule|Species Clause: Limit one of each Pokémon
|rule|OHKO Clause: OHKO moves are banned
|rule|Evasion Items Clause: Evasion items are banned
|rule|Evasion Moves Clause: Evasion moves are banned
|rule|Evasion Abilities Clause: Evasion abilities are banned
|rule|Sleep Moves Clause: Sleep-inducing moves are banned
|clearpoke
|poke|p1|Cinderace, F|
|poke|p1|Ogerpon-Wellspring, F|
|poke|p1|Dragapult, F|
|poke|p1|Slowking-Galar, F|
|poke|p1|Great Tusk|
|poke|p1|Gholdengo|
|poke|p2|Gliscor, F|
|poke|p2|Ogerpon, F|
|poke|p2|Walking Wake|
|poke|p2|Blissey, F|
|poke|p2|Corviknight, F|
|poke|p2|Pecharunt|
|teampreview
|c|☆claudechamp|hf
|inactive|Battle timer is ON: inactive players will automatically lose when time's up. (requested by claudechamp)
|
|t:|1779697527
|teamsize|p1|6
|teamsize|p2|6
|start
|switch|p1a: Ogerpon|Ogerpon-Wellspring, F|100/100
|switch|p2a: Gliscor|Gliscor, F|100/100
|turn|1
|
|t:|1779697538
|switch|p2a: Pecharunt|Pecharunt|100/100
|move|p1a: Ogerpon|Knock Off|p2a: Pecharunt
|-supereffective|p2a: Pecharunt
|-damage|p2a: Pecharunt|66/100
|-enditem|p2a: Pecharunt|Heavy-Duty Boots|[from] move: Knock Off|[of] p1a: Ogerpon
|
|upkeep
|turn|2
|
|t:|1779697555
|switch|p1a: Gholdengo|Gholdengo|100/100
|move|p2a: Pecharunt|Recover|p2a: Pecharunt
|-heal|p2a: Pecharunt|100/100
|
|upkeep
|turn|3
|
|t:|1779697560
|move|p1a: Gholdengo|Thunder Wave|p2a: Pecharunt
|-status|p2a: Pecharunt|par
|move|p2a: Pecharunt|Foul Play|p1a: Gholdengo
|-supereffective|p1a: Gholdengo
|-damage|p1a: Gholdengo|78/100
|
|upkeep
|turn|4
|
|t:|1779697568
|switch|p1a: Slowking|Slowking-Galar, F|100/100
|switch|p2a: Gliscor|Gliscor, F|100/100
|
|-status|p2a: Gliscor|tox|[from] item: Toxic Orb
|upkeep
|turn|5
|
|t:|1779697571
|move|p2a: Gliscor|Spikes|p1a: Slowking
|-sidestart|p1: cnlp|Spikes
|move|p1a: Slowking|Ice Beam|p2a: Gliscor
|-supereffective|p2a: Gliscor
|-damage|p2a: Gliscor|0 fnt
|faint|p2a: Gliscor
|
|upkeep
|
|t:|1779697574
|switch|p2a: Blissey|Blissey, F|100/100
|turn|6
|
|t:|1779697581
|switch|p1a: Cinderace|Cinderace, F|100/100
|move|p2a: Blissey|Stealth Rock|p1a: Cinderace
|-sidestart|p1: cnlp|move: Stealth Rock
|
|upkeep
|turn|7
|
|t:|1779697585
|switch|p2a: Walking Wake|Walking Wake|100/100
|move|p1a: Cinderace|Court Change|p1a: Cinderace
|-start|p1a: Cinderace|typechange|Normal|[from] ability: Libero
|-swapsideconditions
|-activate|p1a: Cinderace|move: Court Change
|
|upkeep
|turn|8
|
|t:|1779697589
|move|p1a: Cinderace|Sucker Punch|p2a: Walking Wake
|-damage|p2a: Walking Wake|78/100
|move|p2a: Walking Wake|Draco Meteor|p1a: Cinderace
|-damage|p1a: Cinderace|4/100
|-unboost|p2a: Walking Wake|spa|2
|
|upkeep
|turn|9
|
|t:|1779697593
|-end|p2a: Walking Wake|Protosynthesis|[silent]
|switch|p2a: Pecharunt|Pecharunt|100/100 par
|-damage|p2a: Pecharunt|88/100 par|[from] Spikes
|-damage|p2a: Pecharunt|76/100 par|[from] Stealth Rock
|move|p1a: Cinderace|Sucker Punch||[still]
|-fail|p1a: Cinderace
|
|upkeep
|turn|10
|
|t:|1779697600
|move|p1a: Cinderace|Iron Head|p2a: Pecharunt
|-damage|p2a: Pecharunt|63/100 par
|cant|p2a: Pecharunt|flinch
|
|upkeep
|turn|11
|
|t:|1779697604
|move|p1a: Cinderace|Iron Head|p2a: Pecharunt
|-damage|p2a: Pecharunt|52/100 par
|move|p2a: Pecharunt|Recover|p2a: Pecharunt
|-heal|p2a: Pecharunt|100/100 par
|
|upkeep
|turn|12
|
|t:|1779697611
|move|p1a: Cinderace|Iron Head|p2a: Pecharunt
|-damage|p2a: Pecharunt|88/100 par
|move|p2a: Pecharunt|Parting Shot|p1a: Cinderace
|-unboost|p1a: Cinderace|atk|1
|-unboost|p1a: Cinderace|spa|1
|
|t:|1779697614
|switch|p2a: Ogerpon|Ogerpon, F|100/100|[from] Parting Shot
|
|upkeep
|turn|13
|
|t:|1779697619
|move|p1a: Cinderace|U-turn|p2a: Ogerpon
|-supereffective|p2a: Ogerpon
|-damage|p2a: Ogerpon|58/100
|
|t:|1779697626
|switch|p1a: Slowking|Slowking-Galar, F|100/100|[from] U-turn
|move|p2a: Ogerpon|Knock Off|p1a: Slowking
|-supereffective|p1a: Slowking
|-damage|p1a: Slowking|30/100
|-enditem|p1a: Slowking|Assault Vest|[from] move: Knock Off|[of] p2a: Ogerpon
|
|upkeep
|turn|14
|
|t:|1779697630
|move|p2a: Ogerpon|Knock Off|p1a: Slowking
|-supereffective|p1a: Slowking
|-damage|p1a: Slowking|0 fnt
|faint|p1a: Slowking
|
|upkeep
|
|t:|1779697634
|switch|p1a: Cinderace|Cinderace, F|4/100
|turn|15
|
|t:|1779697637
|switch|p2a: Pecharunt|Pecharunt|88/100 par
|-damage|p2a: Pecharunt|76/100 par|[from] Spikes
|-damage|p2a: Pecharunt|63/100 par|[from] Stealth Rock
|move|p1a: Cinderace|U-turn|p2a: Pecharunt
|-start|p1a: Cinderace|typechange|Bug|[from] ability: Libero
|-resisted|p2a: Pecharunt
|-damage|p2a: Pecharunt|60/100 par
|
|t:|1779697650
|switch|p1a: Gholdengo|Gholdengo|78/100|[from] U-turn
|
|upkeep
|turn|16
|
|t:|1779697660
|move|p1a: Gholdengo|Make It Rain|p2a: Pecharunt
|-damage|p2a: Pecharunt|0 fnt
|-unboost|p1a: Gholdengo|spa|1
|faint|p2a: Pecharunt
|
|upkeep
|
|t:|1779697666
|switch|p2a: Ogerpon|Ogerpon, F|58/100
|turn|17
|
|t:|1779697684
|switch|p1a: Great Tusk|Great Tusk|100/100
|-enditem|p1a: Great Tusk|Booster Energy
|-activate|p1a: Great Tusk|ability: Protosynthesis|[fromitem]
|-start|p1a: Great Tusk|protosynthesisatk
|move|p2a: Ogerpon|Knock Off|p1a: Great Tusk
|-resisted|p1a: Great Tusk
|-damage|p1a: Great Tusk|92/100
|
|upkeep
|turn|18
|
|t:|1779697694
|-end|p1a: Great Tusk|Protosynthesis|[silent]
|switch|p1a: Gholdengo|Gholdengo|78/100
|move|p2a: Ogerpon|Ivy Cudgel|p1a: Gholdengo
|-resisted|p1a: Gholdengo
|-damage|p1a: Gholdengo|47/100
|
|upkeep
|turn|19
|
|t:|1779697708
|move|p1a: Gholdengo|Make It Rain|p2a: Ogerpon
|-damage|p2a: Ogerpon|0 fnt
|-unboost|p1a: Gholdengo|spa|1
|faint|p2a: Ogerpon
|
|upkeep
|
|t:|1779697714
|switch|p2a: Walking Wake|Walking Wake|78/100
|turn|20
|
|t:|1779697734
|switch|p1a: Great Tusk|Great Tusk|92/100
|move|p2a: Walking Wake|Draco Meteor|p1a: Great Tusk
|-damage|p1a: Great Tusk|0 fnt
|-unboost|p2a: Walking Wake|spa|2
|faint|p1a: Great Tusk
|-end|p1a: Great Tusk|Protosynthesis|[silent]
|
|upkeep
|
|t:|1779697739
|switch|p1a: Cinderace|Cinderace, F|4/100
|turn|21
|
|t:|1779697745
|move|p1a: Cinderace|Iron Head|p2a: Walking Wake
|-start|p1a: Cinderace|typechange|Steel|[from] ability: Libero
|-resisted|p2a: Walking Wake
|-damage|p2a: Walking Wake|57/100
|move|p2a: Walking Wake|Draco Meteor|p1a: Cinderace
|-resisted|p1a: Cinderace
|-damage|p1a: Cinderace|0 fnt
|-unboost|p2a: Walking Wake|spa|2
|faint|p1a: Cinderace
|
|upkeep
|
|t:|1779697760
|switch|p1a: Gholdengo|Gholdengo|47/100
|turn|22
|
|t:|1779697772
|-end|p2a: Walking Wake|Protosynthesis|[silent]
|switch|p2a: Corviknight|Corviknight, F|100/100
|-ability|p2a: Corviknight|Pressure
|move|p1a: Gholdengo|Shadow Ball|p2a: Corviknight
|-damage|p2a: Corviknight|54/100
|
|upkeep
|turn|23
|
|t:|1779697781
|switch|p1a: Ogerpon|Ogerpon-Wellspring, F|100/100
|switch|p2a: Blissey|Blissey, F|100/100
|
|upkeep
|turn|24
|
|t:|1779697788
|move|p1a: Ogerpon|Knock Off|p2a: Blissey
|-damage|p2a: Blissey|62/100
|-enditem|p2a: Blissey|Heavy-Duty Boots|[from] move: Knock Off|[of] p1a: Ogerpon
|move|p2a: Blissey|Stealth Rock|p1a: Ogerpon
|-sidestart|p1: cnlp|move: Stealth Rock
|
|upkeep
|turn|25
|
|t:|1779697799
|move|p1a: Ogerpon|Swords Dance|p1a: Ogerpon
|-boost|p1a: Ogerpon|atk|2
|move|p2a: Blissey|Soft-Boiled|p2a: Blissey
|-heal|p2a: Blissey|100/100
|
|upkeep
|turn|26
|
|t:|1779697809
|switch|p2a: Walking Wake|Walking Wake|57/100
|move|p1a: Ogerpon|Swords Dance|p1a: Ogerpon
|-boost|p1a: Ogerpon|atk|2
|
|upkeep
|turn|27
|
|t:|1779697822
|move|p1a: Ogerpon|Trailblaze|p2a: Walking Wake
|-damage|p2a: Walking Wake|0 fnt
|-boost|p1a: Ogerpon|spe|1
|faint|p2a: Walking Wake
|-end|p2a: Walking Wake|Protosynthesis|[silent]
|
|upkeep
|
|t:|1779697833
|switch|p2a: Corviknight|Corviknight, F|54/100
|-ability|p2a: Corviknight|Pressure
|turn|28
|
|t:|1779697848
|move|p1a: Ogerpon|Ivy Cudgel|p2a: Corviknight|[anim] Ivy Cudgel Water
|-damage|p2a: Corviknight|0 fnt
|faint|p2a: Corviknight
|
|upkeep
|
|t:|1779697854
|switch|p2a: Blissey|Blissey, F|100/100
|-damage|p2a: Blissey|88/100|[from] Spikes
|-damage|p2a: Blissey|76/100|[from] Stealth Rock
|turn|29
|
|t:|1779697866
|move|p1a: Ogerpon|Ivy Cudgel|p2a: Blissey|[anim] Ivy Cudgel Water
|-crit|p2a: Blissey
|-damage|p2a: Blissey|0 fnt
|faint|p2a: Blissey
|
|win|cnlp
|raw|cnlp's rating: 1236 &rarr; <strong>1258</strong><br />(+22 for winning)
|raw|claudechamp's rating: 1189 &rarr; <strong>1167</strong><br />(-22 for losing)
|c|☆claudechamp|gg
|l|☆cnlp
|player|p1|
