|j|☆paradox2713
|j|☆my shitters
|t:|1779667762
|gametype|singles
|player|p1|paradox2713|170|1288
|player|p2|my shitters|preschooler|1368
|gen|9
|tier|[Gen 9] OU
|rated|
|rule|HP Percentage Mod: HP is shown in percentages
|rule|Endless Battle Clause: Forcing endless battles is banned
|rule|Species Clause: Limit one of each Pokémon
|rule|OHKO Clause: OHKO moves are banned
|rule|Evasion Items Clause: Evasion items are banned
|rule|Evasion Moves Clause: Evasion moves are banned
|rule|Evasion Abilities Clause: Evasion abilities are banned
|rule|Sleep Moves Clause: Sleep-inducing moves are banned
|clearpoke
|poke|p1|Gholdengo|
|poke|p1|Iron Treads|
|poke|p1|Moltres|
|poke|p1|Zamazenta-*|
|poke|p1|Samurott-Hisui, M|
|poke|p1|Garganacl, F|
|poke|p2|Sableye, M|
|poke|p2|Alcremie-Ruby-Swirl, F|
|poke|p2|Squawkabilly-Blue, M|
|poke|p2|Primeape, F|
|poke|p2|Brute Bonnet|
|poke|p2|Ursaring, F|
|teampreview
|inactive|Battle timer is ON: inactive players will automatically lose when time's up. (requested by my shitters)
|
|t:|1779667777
|teamsize|p1|6
|teamsize|p2|6
|start
|switch|p1a: Samurott|Samurott-Hisui, M|100/100
|switch|p2a: BillyBlutcher|Squawkabilly-Blue, M|100/100
|-ability|p2a: BillyBlutcher|Intimidate|boost
|-unboost|p1a: Samurott|atk|1
|turn|1
|n|☆my shitters|myshitters
|
|t:|1779667781
|move|p2a: BillyBlutcher|U-turn|p1a: Samurott
|-supereffective|p1a: Samurott
|-damage|p1a: Samurott|62/100
|
|t:|1779667784
|switch|p2a: UngaBoonguss|Brute Bonnet|100/100|[from] U-turn
|-enditem|p2a: UngaBoonguss|Booster Energy
|-activate|p2a: UngaBoonguss|ability: Protosynthesis|[fromitem]
|-start|p2a: UngaBoonguss|protosynthesisatk
|move|p1a: Samurott|Ceaseless Edge|p2a: UngaBoonguss
|-resisted|p2a: UngaBoonguss
|-damage|p2a: UngaBoonguss|88/100
|-sidestart|p2: my shitters|Spikes
|
|upkeep
|turn|2
|
|t:|1779667787
|switch|p1a: Moltres|Moltres|100/100
|move|p2a: UngaBoonguss|Seed Bomb|p1a: Moltres
|-resisted|p1a: Moltres
|-damage|p1a: Moltres|90/100
|
|upkeep
|turn|3
|
|t:|1779667793
|move|p1a: Moltres|Flamethrower|p2a: UngaBoonguss
|-supereffective|p2a: UngaBoonguss
|-damage|p2a: UngaBoonguss|27/100
|move|p2a: UngaBoonguss|Crunch|p1a: Moltres
|-damage|p1a: Moltres|53/100
|
|upkeep
|turn|4
|
|t:|1779667799
|-end|p2a: UngaBoonguss|Protosynthesis|[silent]
|switch|p2a: BillyBlutcher|Squawkabilly-Blue, M|100/100
|-ability|p2a: BillyBlutcher|Intimidate|boost
|-unboost|p1a: Moltres|atk|1
|move|p1a: Moltres|Flamethrower|p2a: BillyBlutcher
|-damage|p2a: BillyBlutcher|46/100
|
|upkeep
|turn|5
|
|t:|1779667805
|move|p2a: BillyBlutcher|Parting Shot|p1a: Moltres
|-unboost|p1a: Moltres|atk|1
|-unboost|p1a: Moltres|spa|1
|
|t:|1779667807
|switch|p2a: GemPostin|Sableye, M|100/100|[from] Parting Shot
|-damage|p2a: GemPostin|88/100|[from] Spikes
|move|p1a: Moltres|Roost|p1a: Moltres
|-heal|p1a: Moltres|100/100
|-singleturn|p1a: Moltres|move: Roost
|
|upkeep
|turn|6
|
|t:|1779667817
|move|p2a: GemPostin|Reflect|p2a: GemPostin
|-sidestart|p2: my shitters|Reflect
|move|p1a: Moltres|U-turn|p2a: GemPostin
|-damage|p2a: GemPostin|85/100
|
|t:|1779667824
|switch|p1a: Samurott|Samurott-Hisui, M|62/100|[from] U-turn
|
|upkeep
|turn|7
|
|t:|1779667827
|move|p2a: GemPostin|Light Screen|p2a: GemPostin
|-sidestart|p2: my shitters|move: Light Screen
|move|p1a: Samurott|Ceaseless Edge|p2a: GemPostin
|-damage|p2a: GemPostin|64/100
|-sidestart|p2: my shitters|Spikes
|
|upkeep
|turn|8
|
|t:|1779667830
|switch|p2a: UngaBoonguss|Brute Bonnet|27/100
|-damage|p2a: UngaBoonguss|10/100|[from] Spikes
|move|p1a: Samurott|Ceaseless Edge|p2a: UngaBoonguss|[miss]
|-miss|p1a: Samurott|p2a: UngaBoonguss
|
|upkeep
|turn|9
|
|t:|1779667834
|move|p1a: Samurott|Ceaseless Edge|p2a: UngaBoonguss
|-resisted|p2a: UngaBoonguss
|-crit|p2a: UngaBoonguss
|-damage|p2a: UngaBoonguss|0 fnt
|-sidestart|p2: my shitters|Spikes
|faint|p2a: UngaBoonguss
|-end|p2a: UngaBoonguss|Protosynthesis|[silent]
|
|upkeep
|
|t:|1779667843
|switch|p2a: RobotAlcremicDrive|Alcremie-Ruby-Swirl, F|100/100
|-damage|p2a: RobotAlcremicDrive|76/100|[from] Spikes
|turn|10
|
|t:|1779667846
|switch|p1a: Iron Treads|Iron Treads|100/100
|move|p2a: RobotAlcremicDrive|Calm Mind|p2a: RobotAlcremicDrive
|-boost|p2a: RobotAlcremicDrive|spa|1
|-boost|p2a: RobotAlcremicDrive|spd|1
|
|-heal|p2a: RobotAlcremicDrive|82/100|[from] item: Leftovers
|upkeep
|turn|11
|
|t:|1779667851
|move|p1a: Iron Treads|Knock Off|p2a: RobotAlcremicDrive
|-resisted|p2a: RobotAlcremicDrive
|-damage|p2a: RobotAlcremicDrive|75/100
|-enditem|p2a: RobotAlcremicDrive|Leftovers|[from] move: Knock Off|[of] p1a: Iron Treads
|move|p2a: RobotAlcremicDrive|Acid Armor|p2a: RobotAlcremicDrive
|-boost|p2a: RobotAlcremicDrive|def|2
|
|upkeep
|turn|12
|
|t:|1779667856
|-end|p1a: Iron Treads|Quark Drive|[silent]
|switch|p1a: Gholdengo|Gholdengo|100/100
|-item|p1a: Gholdengo|Air Balloon
|move|p2a: RobotAlcremicDrive|Draining Kiss|p1a: Gholdengo
|-resisted|p1a: Gholdengo
|-damage|p1a: Gholdengo|85/100
|-heal|p2a: RobotAlcremicDrive|88/100|[from] drain|[of] p1a: Gholdengo
|-enditem|p1a: Gholdengo|Air Balloon
|
|upkeep
|turn|13
|
|t:|1779667862
|move|p1a: Gholdengo|Nasty Plot|p1a: Gholdengo
|-boost|p1a: Gholdengo|spa|2
|move|p2a: RobotAlcremicDrive|Calm Mind|p2a: RobotAlcremicDrive
|-boost|p2a: RobotAlcremicDrive|spa|1
|-boost|p2a: RobotAlcremicDrive|spd|1
|
|-sideend|p2: my shitters|Reflect
|upkeep
|turn|14
|
|t:|1779667865
|move|p1a: Gholdengo|Nasty Plot|p1a: Gholdengo
|-boost|p1a: Gholdengo|spa|2
|move|p2a: RobotAlcremicDrive|Stored Power|p1a: Gholdengo
|-resisted|p1a: Gholdengo
|-damage|p1a: Gholdengo|43/100
|
|-sideend|p2: my shitters|move: Light Screen
|upkeep
|turn|15
|
|t:|1779667870
|switch|p2a: BillyBlutcher|Squawkabilly-Blue, M|46/100
|-ability|p2a: BillyBlutcher|Intimidate|boost
|-unboost|p1a: Gholdengo|atk|1
|move|p1a: Gholdengo|Make It Rain|p2a: BillyBlutcher
|-damage|p2a: BillyBlutcher|0 fnt
|-unboost|p1a: Gholdengo|spa|1
|faint|p2a: BillyBlutcher
|
|upkeep
|
|t:|1779667872
|switch|p2a: PonnieColeman|Primeape, F|100/100
|-damage|p2a: PonnieColeman|76/100|[from] Spikes
|turn|16
|
|t:|1779667879
|switch|p1a: Moltres|Moltres|100/100
|move|p2a: PonnieColeman|Bulk Up|p2a: PonnieColeman
|-boost|p2a: PonnieColeman|atk|1
|-boost|p2a: PonnieColeman|def|1
|
|upkeep
|turn|17
|
|t:|1779667886
|move|p2a: PonnieColeman|Bulk Up|p2a: PonnieColeman
|-boost|p2a: PonnieColeman|atk|1
|-boost|p2a: PonnieColeman|def|1
|move|p1a: Moltres|Flamethrower|p2a: PonnieColeman
|-damage|p2a: PonnieColeman|39/100
|
|upkeep
|turn|18
|
|t:|1779667893
|move|p2a: PonnieColeman|Rage Fist|p1a: Moltres
|-damage|p1a: Moltres|68/100
|-status|p2a: PonnieColeman|brn|[from] ability: Flame Body|[of] p1a: Moltres
|move|p1a: Moltres|Flamethrower|p2a: PonnieColeman
|-damage|p2a: PonnieColeman|8/100 brn
|
|-damage|p2a: PonnieColeman|2/100 brn|[from] brn
|upkeep
|turn|19
|
|t:|1779667902
|move|p2a: PonnieColeman|Rest|p2a: PonnieColeman
|-status|p2a: PonnieColeman|slp|[from] move: Rest
|-heal|p2a: PonnieColeman|100/100 slp|[silent]
|move|p1a: Moltres|Roost|p1a: Moltres
|-heal|p1a: Moltres|100/100
|-singleturn|p1a: Moltres|move: Roost
|
|upkeep
|turn|20
|
|t:|1779667905
|cant|p2a: PonnieColeman|slp
|move|p1a: Moltres|U-turn|p2a: PonnieColeman
|-resisted|p2a: PonnieColeman
|-damage|p2a: PonnieColeman|97/100 slp
|
|t:|1779667916
|switch|p1a: Gholdengo|Gholdengo|43/100|[from] U-turn
|
|upkeep
|turn|21
|
|t:|1779667923
|cant|p2a: PonnieColeman|slp
|move|p1a: Gholdengo|Nasty Plot|p1a: Gholdengo
|-boost|p1a: Gholdengo|spa|2
|
|upkeep
|turn|22
|
|t:|1779667928
|-curestatus|p2a: PonnieColeman|slp|[msg]
|move|p2a: PonnieColeman|Rage Fist|p1a: Gholdengo
|-supereffective|p1a: Gholdengo
|-damage|p1a: Gholdengo|0 fnt
|faint|p1a: Gholdengo
|
|upkeep
|
|t:|1779667931
|switch|p1a: Moltres|Moltres|100/100
|turn|23
|
|t:|1779667945
|-terastallize|p2a: PonnieColeman|Fire
|move|p2a: PonnieColeman|Bulk Up|p2a: PonnieColeman
|-boost|p2a: PonnieColeman|atk|1
|-boost|p2a: PonnieColeman|def|1
|move|p1a: Moltres|Flamethrower|p2a: PonnieColeman
|-resisted|p2a: PonnieColeman
|-damage|p2a: PonnieColeman|80/100
|
|upkeep
|turn|24
|
|t:|1779667949
|move|p2a: PonnieColeman|Rage Fist|p1a: Moltres
|-damage|p1a: Moltres|0 fnt
|faint|p1a: Moltres
|
|upkeep
|
|t:|1779667956
|switch|p1a: Samurott|Samurott-Hisui, M|62/100
|turn|25
|
|t:|1779667965
|move|p1a: Samurott|Razor Shell|p2a: PonnieColeman
|-supereffective|p2a: PonnieColeman
|-damage|p2a: PonnieColeman|36/100
|-unboost|p2a: PonnieColeman|def|1
|-ability|p2a: PonnieColeman|Defiant|boost
|-boost|p2a: PonnieColeman|atk|2
|move|p2a: PonnieColeman|Drain Punch|p1a: Samurott
|-supereffective|p1a: Samurott
|-damage|p1a: Samurott|0 fnt
|-heal|p2a: PonnieColeman|66/100|[from] drain|[of] p1a: Samurott
|faint|p1a: Samurott
|
|upkeep
|
|t:|1779667970
|switch|p1a: Garganacl|Garganacl, F|100/100
|turn|26
|
|t:|1779667981
|-terastallize|p1a: Garganacl|Water
|move|p2a: PonnieColeman|Drain Punch|p1a: Garganacl
|-damage|p1a: Garganacl|34/100
|-heal|p2a: PonnieColeman|100/100|[from] drain|[of] p1a: Garganacl
|move|p1a: Garganacl|Salt Cure|p2a: PonnieColeman
|-supereffective|p2a: PonnieColeman
|-damage|p2a: PonnieColeman|86/100
|-start|p2a: PonnieColeman|Salt Cure
|
|-heal|p1a: Garganacl|40/100|[from] item: Leftovers
|-damage|p2a: PonnieColeman|74/100|[from] Salt Cure
|upkeep
|turn|27
|-message|paradox2713 forfeited.
|
|win|my shitters
|raw|paradox2713's rating: 1288 &rarr; <strong>1269</strong><br />(-19 for losing)
|raw|my shitters's rating: 1368 &rarr; <strong>1383</strong><br />(+15 for winning)
|l|☆paradox2713
|player|p1|
