|j|☆MagicalPumpkinpie
|j|☆zoroark the master
|t:|1779688316
|gametype|singles
|player|p1|MagicalPumpkinpie|gambler|1205
|player|p2|zoroark the master|emmet|1211
|gen|9
|tier|[Gen 9] OU
|rated|
|rule|HP Percentage Mod: HP is shown in percentages
|rule|Endless Battle Clause: Forcing endless battles is banned
|rule|Species Clause: Limit one of each Pokémon
|rule|OHKO Clause: OHKO moves are banned
|rule|Evasion Items Clause: Evasion items are banned
|rule|Evasion Moves Clause: Evasion moves are banned
|rule|Evasion Abilities Clause: Evasion abilities are banned
|rule|Sleep Moves Clause: Sleep-inducing moves are banned
|clearpoke
|poke|p1|Falinks|
|poke|p1|Darkrai|
|poke|p1|Salamence, F|
|poke|p1|Bronzong|
|poke|p1|Ceruledge, M|
|poke|p1|Moltres-Galar|
|poke|p2|Rillaboom, F|
|poke|p2|Ogerpon-Cornerstone, F|
|poke|p2|Iron Moth|
|poke|p2|Raging Bolt|
|poke|p2|Basculegion-F, F|
|poke|p2|Araquanid, F|
|teampreview
|inactive|Battle timer is ON: inactive players will automatically lose when time's up. (requested by MagicalPumpkinpie)
|c|☆MagicalPumpkinpie|SOLDIERS!!!!
|
|t:|1779688337
|teamsize|p1|6
|teamsize|p2|6
|start
|switch|p1a: Fall In Line|Falinks|100/100
|switch|p2a: Araquanid|Araquanid, F|100/100
|turn|1
|
|t:|1779688341
|move|p1a: Fall In Line|No Retreat|p1a: Fall In Line
|-boost|p1a: Fall In Line|atk|1
|-boost|p1a: Fall In Line|def|1
|-boost|p1a: Fall In Line|spa|1
|-boost|p1a: Fall In Line|spd|1
|-boost|p1a: Fall In Line|spe|1
|-start|p1a: Fall In Line|move: No Retreat
|move|p2a: Araquanid|Surf|p1a: Fall In Line
|-damage|p1a: Fall In Line|47/100
|
|upkeep
|turn|2
|
|t:|1779688347
|move|p1a: Fall In Line|Knock Off|p2a: Araquanid
|-damage|p2a: Araquanid|53/100
|-enditem|p2a: Araquanid|Custap Berry|[from] move: Knock Off|[of] p1a: Fall In Line
|move|p2a: Araquanid|Surf|p1a: Fall In Line
|-damage|p1a: Fall In Line|0 fnt
|faint|p1a: Fall In Line
|
|upkeep
|
|t:|1779688351
|switch|p1a: Bird|Salamence, F|100/100
|turn|3
|
|t:|1779688369
|switch|p2a: Ogerpon|Ogerpon-Cornerstone, F|100/100
|move|p1a: Bird|Dragon Dance|p1a: Bird
|-boost|p1a: Bird|atk|1
|-boost|p1a: Bird|spe|1
|
|upkeep
|turn|4
|c|☆MagicalPumpkinpie|Why do ppl always run sp. araquanarid?
|
|t:|1779688384
|-terastallize|p1a: Bird|Steel
|move|p1a: Bird|Outrage|p2a: Ogerpon
|-ability|p2a: Ogerpon|Sturdy
|-damage|p2a: Ogerpon|1/100
|-damage|p1a: Bird|91/100|[from] item: Life Orb
|move|p2a: Ogerpon|Ivy Cudgel|p1a: Bird|[anim] Ivy Cudgel Rock
|-resisted|p1a: Bird
|-damage|p1a: Bird|54/100
|
|upkeep
|turn|5
|c|☆zoroark the master|See, it's just bette rinto gholdengo and stuff
|
|t:|1779688394
|move|p1a: Bird|Outrage|p2a: Ogerpon|[from] lockedmove
|-damage|p2a: Ogerpon|0 fnt
|faint|p2a: Ogerpon
|-ability|p1a: Bird|Moxie|boost
|-boost|p1a: Bird|atk|1
|-damage|p1a: Bird|44/100|[from] item: Life Orb
|
|upkeep
|
|t:|1779688404
|switch|p2a: Iron Moth|Iron Moth|100/100
|turn|6
|
|t:|1779688406
|-terastallize|p2a: Iron Moth|Fairy
|move|p1a: Bird|Outrage|p2a: Iron Moth|[from] lockedmove
|-immune|p2a: Iron Moth
|-start|p1a: Bird|confusion|[fatigue]
|move|p2a: Iron Moth|Fiery Dance|p1a: Bird
|-supereffective|p1a: Bird
|-damage|p1a: Bird|0 fnt
|faint|p1a: Bird
|
|upkeep
|
|t:|1779688409
|switch|p1a: Annihilation|Darkrai|100/100
|turn|7
|
|t:|1779688421
|move|p1a: Annihilation|Sludge Bomb|p2a: Iron Moth
|-supereffective|p2a: Iron Moth
|-damage|p2a: Iron Moth|4/100
|move|p2a: Iron Moth|Dazzling Gleam|p1a: Annihilation
|-supereffective|p1a: Annihilation
|-damage|p1a: Annihilation|0 fnt
|faint|p1a: Annihilation
|
|upkeep
|c|☆MagicalPumpkinpie|K bonk
|
|t:|1779688428
|switch|p1a: The Ceruledge|Ceruledge, M|100/100
|turn|8
|
|t:|1779688432
|move|p1a: The Ceruledge|Shadow Sneak|p2a: Iron Moth
|-damage|p2a: Iron Moth|0 fnt
|faint|p2a: Iron Moth
|-end|p2a: Iron Moth|Quark Drive|[silent]
|
|upkeep
|
|t:|1779688440
|switch|p2a: Raging Bolt|Raging Bolt|100/100
|-enditem|p2a: Raging Bolt|Booster Energy
|-activate|p2a: Raging Bolt|ability: Protosynthesis|[fromitem]
|-start|p2a: Raging Bolt|protosynthesisspa
|turn|9
|
|t:|1779688445
|move|p1a: The Ceruledge|Swords Dance|p1a: The Ceruledge
|-boost|p1a: The Ceruledge|atk|2
|move|p2a: Raging Bolt|Thunderbolt|p1a: The Ceruledge
|-damage|p1a: The Ceruledge|12/100
|-enditem|p1a: The Ceruledge|Salac Berry|[eat]
|-boost|p1a: The Ceruledge|spe|1|[from] item: Salac Berry
|
|upkeep
|turn|10
|c|☆MagicalPumpkinpie|Ow
|
|t:|1779688459
|move|p2a: Raging Bolt|Thunderclap|p1a: The Ceruledge
|-damage|p1a: The Ceruledge|0 fnt
|faint|p1a: The Ceruledge
|
|upkeep
|
|t:|1779688461
|switch|p1a: DingSong|Bronzong|100/100
|turn|11
|
|t:|1779688469
|move|p2a: Raging Bolt|Thunderbolt|p1a: DingSong
|-damage|p1a: DingSong|35/100
|move|p1a: DingSong|Future Sight|p2a: Raging Bolt
|-start|p1a: DingSong|move: Future Sight
|
|upkeep
|turn|12
|
|t:|1779688474
|move|p2a: Raging Bolt|Thunderbolt|p1a: DingSong
|-damage|p1a: DingSong|0 fnt
|faint|p1a: DingSong
|
|upkeep
|
|t:|1779688476
|switch|p1a: Moltres-Kanto|Moltres-Galar, shiny|100/100
|turn|13
|
|t:|1779688478
|move|p1a: Moltres-Kanto|Pain Split|p2a: Raging Bolt
|-sethp|p2a: Raging Bolt|92/100|[from] move: Pain Split|[silent]
|-sethp|p1a: Moltres-Kanto|100/100|[from] move: Pain Split
|move|p2a: Raging Bolt|Thunderbolt|p1a: Moltres-Kanto
|-supereffective|p1a: Moltres-Kanto
|-damage|p1a: Moltres-Kanto|0 fnt
|faint|p1a: Moltres-Kanto
|
|win|zoroark the master
|raw|MagicalPumpkinpie's rating: 1205 &rarr; <strong>1180</strong><br />(-25 for losing)
|raw|zoroark the master's rating: 1211 &rarr; <strong>1236</strong><br />(+25 for winning)
|c|☆MagicalPumpkinpie|Gg
|l|☆MagicalPumpkinpie
|player|p1|
|l|☆zoroark the master
|player|p2|
