|j|☆39% gxe
|j|☆dropafreezedry
|t:|1779557704
|gametype|singles
|player|p1|39% gxe|2|1195
|player|p2|dropafreezedry|palmer|1269
|gen|9
|tier|[Gen 9] OU
|rated|
|rule|HP Percentage Mod: HP is shown in percentages
|rule|Endless Battle Clause: Forcing endless battles is banned
|rule|Species Clause: Limit one of each Pokémon
|rule|OHKO Clause: OHKO moves are banned
|rule|Evasion Items Clause: Evasion items are banned
|rule|Evasion Moves Clause: Evasion moves are banned
|rule|Evasion Abilities Clause: Evasion abilities are banned
|rule|Sleep Moves Clause: Sleep-inducing moves are banned
|clearpoke
|poke|p1|Iron Crown|
|poke|p1|Moltres|
|poke|p1|Great Tusk|
|poke|p1|Wo-Chien|
|poke|p1|Iron Valiant|
|poke|p1|Kyurem|
|poke|p2|Glaceon, F|
|poke|p2|Ninetales-Alola, F|
|poke|p2|Basculegion-F, F|
|poke|p2|Ogerpon-Wellspring, F|
|poke|p2|Iron Treads|
|poke|p2|Weavile, F|
|teampreview
|inactive|Battle timer is ON: inactive players will automatically lose when time's up. (requested by 39% gxe)
|
|t:|1779557718
|teamsize|p1|6
|teamsize|p2|6
|start
|switch|p1a: shaq|Great Tusk|100/100
|switch|p2a: Basculegion|Basculegion-F, F|100/100
|turn|1
|
|t:|1779557743
|-end|p1a: shaq|Protosynthesis|[silent]
|switch|p1a: Osamason|Wo-Chien|100/100
|-ability|p1a: Osamason|Tablets of Ruin
|move|p2a: Basculegion|Surf|p1a: Osamason
|-resisted|p1a: Osamason
|-damage|p1a: Osamason|86/100
|
|-heal|p1a: Osamason|92/100|[from] item: Leftovers
|upkeep
|turn|2
|
|t:|1779557755
|switch|p2a: Ninetales|Ninetales-Alola, F|100/100
|-weather|Snowscape|[from] ability: Snow Warning|[of] p2a: Ninetales
|move|p1a: Osamason|Knock Off|p2a: Ninetales
|-resisted|p2a: Ninetales
|-damage|p2a: Ninetales|88/100
|-enditem|p2a: Ninetales|Light Clay|[from] move: Knock Off|[of] p1a: Osamason
|
|-weather|Snowscape|[upkeep]
|-heal|p1a: Osamason|99/100|[from] item: Leftovers
|upkeep
|turn|3
|
|t:|1779557764
|switch|p1a: dudeman|Iron Crown|100/100
|move|p2a: Ninetales|Aurora Veil|p2a: Ninetales
|-sidestart|p2: dropafreezedry|move: Aurora Veil
|
|-weather|Snowscape|[upkeep]
|upkeep
|turn|4
|
|t:|1779557771
|switch|p2a: Iron Treads|Iron Treads|100/100
|-enditem|p2a: Iron Treads|Booster Energy
|-activate|p2a: Iron Treads|ability: Quark Drive|[fromitem]
|-start|p2a: Iron Treads|quarkdriveatk
|move|p1a: dudeman|Tachyon Cutter|p2a: Iron Treads
|-resisted|p2a: Iron Treads
|-damage|p2a: Iron Treads|86/100
|-resisted|p2a: Iron Treads
|-damage|p2a: Iron Treads|74/100
|-hitcount|p2a: Iron Treads|2
|
|-weather|Snowscape|[upkeep]
|upkeep
|turn|5
|
|t:|1779557782
|-end|p1a: dudeman|Quark Drive|[silent]
|switch|p1a: freaky ahh bird|Moltres|100/100
|move|p2a: Iron Treads|Ice Spinner|p1a: freaky ahh bird
|-damage|p1a: freaky ahh bird|76/100
|
|-weather|Snowscape|[upkeep]
|upkeep
|turn|6
|
|t:|1779557792
|-end|p2a: Iron Treads|Quark Drive|[silent]
|switch|p2a: Basculegion|Basculegion-F, F|100/100
|move|p1a: freaky ahh bird|Flamethrower|p2a: Basculegion
|-resisted|p2a: Basculegion
|-damage|p2a: Basculegion|91/100
|
|-weather|none
|upkeep
|turn|7
|
|t:|1779557800
|move|p2a: Basculegion|Shadow Ball|p1a: freaky ahh bird
|-damage|p1a: freaky ahh bird|28/100
|move|p1a: freaky ahh bird|U-turn|p2a: Basculegion
|-resisted|p2a: Basculegion
|-damage|p2a: Basculegion|86/100
|
|t:|1779557807
|switch|p1a: Osamason|Wo-Chien|99/100|[from] U-turn
|-ability|p1a: Osamason|Tablets of Ruin
|
|-heal|p1a: Osamason|100/100|[from] item: Leftovers
|-sideend|p2: dropafreezedry|move: Aurora Veil
|upkeep
|turn|8
|
|t:|1779557815
|switch|p2a: Ninetales|Ninetales-Alola, F|88/100
|-weather|Snowscape|[from] ability: Snow Warning|[of] p2a: Ninetales
|move|p1a: Osamason|Leech Seed|p2a: Ninetales
|-start|p2a: Ninetales|move: Leech Seed
|
|-weather|Snowscape|[upkeep]
|-damage|p2a: Ninetales|76/100|[from] Leech Seed|[of] p1a: Osamason
|upkeep
|turn|9
|
|t:|1779557822
|move|p1a: Osamason|Protect|p1a: Osamason
|-singleturn|p1a: Osamason|Protect
|move|p2a: Ninetales|Aurora Veil|p2a: Ninetales
|-sidestart|p2: dropafreezedry|move: Aurora Veil
|
|-weather|Snowscape|[upkeep]
|-damage|p2a: Ninetales|64/100|[from] Leech Seed|[of] p1a: Osamason
|upkeep
|turn|10
|
|t:|1779557831
|switch|p2a: Glaceon|Glaceon, F|100/100
|switch|p1a: dudeman|Iron Crown|100/100
|
|-weather|Snowscape|[upkeep]
|upkeep
|turn|11
|
|t:|1779557838
|move|p1a: dudeman|Tachyon Cutter|p2a: Glaceon
|-supereffective|p2a: Glaceon
|-damage|p2a: Glaceon|59/100
|-supereffective|p2a: Glaceon
|-damage|p2a: Glaceon|21/100
|-hitcount|p2a: Glaceon|2
|move|p2a: Glaceon|Shadow Ball|p1a: dudeman
|-supereffective|p1a: dudeman
|-damage|p1a: dudeman|16/100
|
|-weather|Snowscape|[upkeep]
|-heal|p2a: Glaceon|27/100|[from] ability: Ice Body
|upkeep
|turn|12
|
|t:|1779557850
|switch|p2a: Basculegion|Basculegion-F, F|86/100
|move|p1a: dudeman|Tachyon Cutter|p2a: Basculegion
|-resisted|p2a: Basculegion
|-damage|p2a: Basculegion|76/100
|-resisted|p2a: Basculegion
|-damage|p2a: Basculegion|66/100
|-hitcount|p2a: Basculegion|2
|
|-weather|none
|upkeep
|turn|13
|
|t:|1779557858
|-end|p1a: dudeman|Quark Drive|[silent]
|switch|p1a: Osamason|Wo-Chien|100/100
|-ability|p1a: Osamason|Tablets of Ruin
|move|p2a: Basculegion|Flip Turn|p1a: Osamason
|-resisted|p1a: Osamason
|-damage|p1a: Osamason|92/100
|
|t:|1779557860
|switch|p2a: Glaceon|Glaceon, F|27/100|[from] Flip Turn
|
|-heal|p1a: Osamason|98/100|[from] item: Leftovers
|-sideend|p2: dropafreezedry|move: Aurora Veil
|upkeep
|turn|14
|
|t:|1779557872
|move|p1a: Osamason|Knock Off|p2a: Glaceon
|-damage|p2a: Glaceon|0 fnt
|-enditem|p2a: Glaceon|Choice Specs|[from] move: Knock Off|[of] p1a: Osamason
|faint|p2a: Glaceon
|
|-heal|p1a: Osamason|100/100|[from] item: Leftovers
|upkeep
|
|t:|1779557886
|switch|p2a: Ogerpon|Ogerpon-Wellspring, F|100/100
|turn|15
|
|t:|1779557895
|switch|p1a: freaky ahh bird|Moltres|28/100
|move|p2a: Ogerpon|U-turn|p1a: freaky ahh bird
|-resisted|p1a: freaky ahh bird
|-damage|p1a: freaky ahh bird|23/100
|
|t:|1779557898
|switch|p2a: Basculegion|Basculegion-F, F|66/100|[from] U-turn
|
|upkeep
|turn|16
|
|t:|1779557904
|switch|p1a: Osamason|Wo-Chien|100/100
|-ability|p1a: Osamason|Tablets of Ruin
|move|p2a: Basculegion|Ice Beam|p1a: Osamason
|-supereffective|p1a: Osamason
|-damage|p1a: Osamason|71/100
|
|-heal|p1a: Osamason|77/100|[from] item: Leftovers
|upkeep
|turn|17
|
|t:|1779557914
|move|p2a: Basculegion|Ice Beam|p1a: Osamason
|-supereffective|p1a: Osamason
|-damage|p1a: Osamason|47/100
|move|p1a: Osamason|Knock Off|p2a: Basculegion
|-supereffective|p2a: Basculegion
|-damage|p2a: Basculegion|0 fnt
|-enditem|p2a: Basculegion|Choice Scarf|[from] move: Knock Off|[of] p1a: Osamason
|faint|p2a: Basculegion
|
|-heal|p1a: Osamason|53/100|[from] item: Leftovers
|upkeep
|
|t:|1779557917
|switch|p2a: Ogerpon|Ogerpon-Wellspring, F|100/100
|turn|18
|
|t:|1779557930
|move|p1a: Osamason|Protect|p1a: Osamason
|-singleturn|p1a: Osamason|Protect
|move|p2a: Ogerpon|U-turn|p1a: Osamason
|-activate|p1a: Osamason|move: Protect
|
|-heal|p1a: Osamason|59/100|[from] item: Leftovers
|upkeep
|turn|19
|
|t:|1779557939
|switch|p1a: freaky ahh bird|Moltres|23/100
|move|p2a: Ogerpon|Ivy Cudgel|p1a: freaky ahh bird|[anim] Ivy Cudgel Water
|-supereffective|p1a: freaky ahh bird
|-crit|p1a: freaky ahh bird
|-damage|p1a: freaky ahh bird|0 fnt
|faint|p1a: freaky ahh bird
|
|upkeep
|
|t:|1779557950
|switch|p1a: Boolymon|Kyurem|100/100
|-ability|p1a: Boolymon|Pressure
|turn|20
|
|t:|1779557957
|move|p2a: Ogerpon|U-turn|p1a: Boolymon
|-damage|p1a: Boolymon|74/100
|
|t:|1779557960
|switch|p2a: Ninetales|Ninetales-Alola, F|64/100|[from] U-turn
|-weather|Snowscape|[from] ability: Snow Warning|[of] p2a: Ninetales
|move|p1a: Boolymon|Freeze-Dry|p2a: Ninetales
|-resisted|p2a: Ninetales
|-crit|p2a: Ninetales
|-damage|p2a: Ninetales|37/100
|
|-weather|Snowscape|[upkeep]
|-heal|p1a: Boolymon|80/100|[from] item: Leftovers
|upkeep
|turn|21
|
|t:|1779557981
|switch|p1a: dudeman|Iron Crown|16/100
|move|p2a: Ninetales|Moonblast|p1a: dudeman
|-resisted|p1a: dudeman
|-damage|p1a: dudeman|4/100
|
|-weather|Snowscape|[upkeep]
|upkeep
|turn|22
|
|t:|1779557990
|move|p2a: Ninetales|Aurora Veil|p2a: Ninetales
|-sidestart|p2: dropafreezedry|move: Aurora Veil
|move|p1a: dudeman|Tachyon Cutter|p2a: Ninetales
|-supereffective|p2a: Ninetales
|-damage|p2a: Ninetales|0 fnt
|faint|p2a: Ninetales
|-hitcount|p2: Ninetales|1
|
|-weather|Snowscape|[upkeep]
|upkeep
|
|t:|1779558009
|switch|p2a: Weavile|Weavile, F|100/100
|-ability|p2a: Weavile|Pressure
|turn|23
|
|t:|1779558017
|move|p2a: Weavile|Knock Off|p1a: dudeman
|-supereffective|p1a: dudeman
|-damage|p1a: dudeman|0 fnt
|-enditem|p1a: dudeman|Choice Specs|[from] move: Knock Off|[of] p2a: Weavile
|faint|p1a: dudeman
|-end|p1a: dudeman|Quark Drive|[silent]
|
|-weather|Snowscape|[upkeep]
|upkeep
|
|t:|1779558031
|switch|p1a: Osamason|Wo-Chien|59/100
|-ability|p1a: Osamason|Tablets of Ruin
|turn|24
|
|t:|1779558036
|move|p1a: Osamason|Protect|p1a: Osamason
|-singleturn|p1a: Osamason|Protect
|move|p2a: Weavile|Triple Axel|p1a: Osamason
|-activate|p1a: Osamason|move: Protect
|
|-weather|none
|-heal|p1a: Osamason|65/100|[from] item: Leftovers
|upkeep
|turn|25
|
|t:|1779558051
|-terastallize|p1a: Osamason|Poison
|move|p2a: Weavile|Triple Axel|p1a: Osamason
|-damage|p1a: Osamason|58/100
|-damage|p1a: Osamason|44/100
|-hitcount|p1a: Osamason|2
|move|p1a: Osamason|Leech Seed|p2a: Weavile
|-start|p2a: Weavile|move: Leech Seed
|
|-heal|p1a: Osamason|50/100|[from] item: Leftovers
|-damage|p2a: Weavile|88/100|[from] Leech Seed|[of] p1a: Osamason
|-heal|p1a: Osamason|60/100|[silent]
|upkeep
|turn|26
|
|t:|1779558063
|switch|p2a: Iron Treads|Iron Treads|74/100
|move|p1a: Osamason|Protect||[still]
|-fail|p1a: Osamason
|
|-heal|p1a: Osamason|66/100|[from] item: Leftovers
|-sideend|p2: dropafreezedry|move: Aurora Veil
|upkeep
|turn|27
|
|t:|1779558072
|switch|p1a: shaq|Great Tusk|100/100
|move|p2a: Iron Treads|Earthquake|p1a: shaq
|-damage|p1a: shaq|62/100
|
|upkeep
|turn|28
|
|t:|1779558086
|move|p2a: Iron Treads|Earthquake|p1a: shaq
|-damage|p1a: shaq|26/100
|move|p1a: shaq|Rapid Spin|p2a: Iron Treads
|-resisted|p2a: Iron Treads
|-damage|p2a: Iron Treads|66/100
|-boost|p1a: shaq|spe|1
|
|upkeep
|turn|29
|
|t:|1779558091
|move|p1a: shaq|Headlong Rush|p2a: Iron Treads
|-supereffective|p2a: Iron Treads
|-damage|p2a: Iron Treads|0 fnt
|-unboost|p1a: shaq|def|1
|-unboost|p1a: shaq|spd|1
|faint|p2a: Iron Treads
|-end|p2a: Iron Treads|Quark Drive|[silent]
|
|upkeep
|
|t:|1779558094
|switch|p2a: Weavile|Weavile, F|88/100
|-ability|p2a: Weavile|Pressure
|turn|30
|
|t:|1779558104
|move|p2a: Weavile|Ice Shard|p1a: shaq
|-supereffective|p1a: shaq
|-damage|p1a: shaq|0 fnt
|faint|p1a: shaq
|-end|p1a: shaq|Protosynthesis|[silent]
|
|upkeep
|
|t:|1779558113
|switch|p1a: what set am i?|Iron Valiant|100/100
|-enditem|p1a: what set am i?|Booster Energy
|-activate|p1a: what set am i?|ability: Quark Drive|[fromitem]
|-start|p1a: what set am i?|quarkdrivespe
|turn|31
|
|t:|1779558120
|move|p1a: what set am i?|Moonblast|p2a: Weavile
|-supereffective|p2a: Weavile
|-damage|p2a: Weavile|0 fnt
|faint|p2a: Weavile
|
|upkeep
|
|t:|1779558122
|switch|p2a: Ogerpon|Ogerpon-Wellspring, F|100/100
|turn|32
|
|t:|1779558129
|-terastallize|p2a: Ogerpon|Water
|detailschange|p2a: Ogerpon|Ogerpon-Wellspring-Tera, F, tera:Water
|-ability|p2a: Ogerpon|Embody Aspect (Wellspring)|boost
|-boost|p2a: Ogerpon|spd|1
|move|p1a: what set am i?|Moonblast|p2a: Ogerpon
|-damage|p2a: Ogerpon|65/100
|move|p2a: Ogerpon|Ivy Cudgel|p1a: what set am i?|[anim] Ivy Cudgel Water
|-crit|p1a: what set am i?
|-damage|p1a: what set am i?|0 fnt
|faint|p1a: what set am i?
|-end|p1a: what set am i?|Quark Drive|[silent]
|
|upkeep
|
|t:|1779558139
|switch|p1a: Osamason|Wo-Chien, tera:Poison|66/100
|-ability|p1a: Osamason|Tablets of Ruin
|turn|33
|
|t:|1779558143
|move|p2a: Ogerpon|Ivy Cudgel|p1a: Osamason|[anim] Ivy Cudgel Water
|-damage|p1a: Osamason|15/100
|move|p1a: Osamason|Leech Seed|p2a: Ogerpon|[miss]
|-miss|p1a: Osamason|p2a: Ogerpon
|
|-heal|p1a: Osamason|22/100|[from] item: Leftovers
|upkeep
|turn|34
|
|t:|1779558152
|move|p1a: Osamason|Protect|p1a: Osamason
|-singleturn|p1a: Osamason|Protect
|move|p2a: Ogerpon|Ivy Cudgel|p1a: Osamason|[anim] Ivy Cudgel Water
|-activate|p1a: Osamason|move: Protect
|
|-heal|p1a: Osamason|28/100|[from] item: Leftovers
|upkeep
|turn|35
|
|t:|1779558158
|move|p2a: Ogerpon|Ivy Cudgel|p1a: Osamason|[anim] Ivy Cudgel Water
|-crit|p1a: Osamason
|-damage|p1a: Osamason|0 fnt
|faint|p1a: Osamason
|
|upkeep
|
|t:|1779558162
|switch|p1a: Boolymon|Kyurem|80/100
|-ability|p1a: Boolymon|Pressure
|turn|36
|
|t:|1779558171
|move|p2a: Ogerpon|Ivy Cudgel|p1a: Boolymon|[anim] Ivy Cudgel Water
|-resisted|p1a: Boolymon
|-damage|p1a: Boolymon|42/100
|move|p1a: Boolymon|Freeze-Dry|p2a: Ogerpon
|-supereffective|p2a: Ogerpon
|-damage|p2a: Ogerpon|11/100
|
|-heal|p1a: Boolymon|48/100|[from] item: Leftovers
|upkeep
|turn|37
|
|t:|1779558179
|move|p2a: Ogerpon|Ivy Cudgel|p1a: Boolymon|[anim] Ivy Cudgel Water
|-resisted|p1a: Boolymon
|-damage|p1a: Boolymon|12/100
|move|p1a: Boolymon|Freeze-Dry|p2a: Ogerpon
|-supereffective|p2a: Ogerpon
|-damage|p2a: Ogerpon|0 fnt
|faint|p2a: Ogerpon
|detailschange|p2: Ogerpon|Ogerpon-Wellspring, F|[silent]
|
|win|39% gxe
|raw|39% gxe's rating: 1195 &rarr; <strong>1225</strong><br />(+30 for winning)
|raw|dropafreezedry's rating: 1269 &rarr; <strong>1239</strong><br />(-30 for losing)
|l|☆dropafreezedry
|player|p2|
