|j|☆volkron zz
|j|☆pokeparkadv
|t:|1779645277
|gametype|singles
|player|p1|volkron zz|unknownf|1123
|player|p2|pokeparkadv|265|1170
|gen|9
|tier|[Gen 9] OU
|rated|
|rule|HP Percentage Mod: HP is shown in percentages
|rule|Endless Battle Clause: Forcing endless battles is banned
|rule|Species Clause: Limit one of each Pokémon
|rule|OHKO Clause: OHKO moves are banned
|rule|Evasion Items Clause: Evasion items are banned
|rule|Evasion Moves Clause: Evasion moves are banned
|rule|Evasion Abilities Clause: Evasion abilities are banned
|rule|Sleep Moves Clause: Sleep-inducing moves are banned
|clearpoke
|poke|p1|Flapple, F|
|poke|p1|Meowstic, M|
|poke|p1|Enamorus, F|
|poke|p1|Great Tusk|
|poke|p1|Regieleki|
|poke|p1|Slowking-Galar, M|
|poke|p2|Umbreon, M|
|poke|p2|Minior-Orange|
|poke|p2|Piloswine, M|
|poke|p2|Samurott-Hisui, F|
|poke|p2|Sylveon, F|
|poke|p2|Dragonite, M|
|teampreview
|inactive|Battle timer is ON: inactive players will automatically lose when time's up. (requested by volkron zz)
|
|t:|1779645285
|teamsize|p1|6
|teamsize|p2|6
|start
|switch|p1a: Flapple|Flapple, F|100/100
|switch|p2a: junior|Minior-Orange, shiny|100/100
|-formechange|p2a: junior|Minior-Meteor||[from] ability: Shields Down
|turn|1
|
|t:|1779645292
|move|p1a: Flapple|U-turn|p2a: junior
|-resisted|p2a: junior
|-damage|p2a: junior|78/100
|
|t:|1779645296
|switch|p1a: Great Tusk|Great Tusk|100/100|[from] U-turn
|move|p2a: junior|Shell Smash|p2a: junior
|-unboost|p2a: junior|def|1
|-unboost|p2a: junior|spd|1
|-boost|p2a: junior|atk|2
|-boost|p2a: junior|spa|2
|-boost|p2a: junior|spe|2
|-enditem|p2a: junior|White Herb
|-clearnegativeboost|p2a: junior|[silent]
|
|upkeep
|turn|2
|l|☆pokeparkadv
|inactive|pokeparkadv disconnected and has a minute to reconnect!
|player|p2|
|j|☆pokeparkadv
|inactive|pokeparkadv reconnected and has 140 seconds left.
|player|p2|pokeparkadv|265|
|
|t:|1779645317
|move|p2a: junior|Acrobatics|p1a: Great Tusk
|-supereffective|p1a: Great Tusk
|-damage|p1a: Great Tusk|0 fnt
|faint|p1a: Great Tusk
|-end|p1a: Great Tusk|Protosynthesis|[silent]
|
|upkeep
|
|t:|1779645324
|switch|p1a: Slowking|Slowking-Galar, M|100/100
|turn|3
|
|t:|1779645332
|move|p2a: junior|Earthquake|p1a: Slowking
|-supereffective|p1a: Slowking
|-damage|p1a: Slowking|5/100
|move|p1a: Slowking|Thunder Wave|p2a: junior
|-immune|p2a: junior|[from] ability: Shields Down
|
|upkeep
|turn|4
|
|t:|1779645339
|move|p2a: junior|Earthquake|p1a: Slowking
|-supereffective|p1a: Slowking
|-damage|p1a: Slowking|0 fnt
|faint|p1a: Slowking
|
|upkeep
|
|t:|1779645346
|switch|p1a: Regieleki|Regieleki|100/100
|turn|5
|
|t:|1779645357
|move|p1a: Regieleki|Volt Switch|p2a: junior
|-supereffective|p2a: junior
|-crit|p2a: junior
|-damage|p2a: junior|0 fnt
|faint|p2a: junior
|
|t:|1779645367
|switch|p1a: Meowstic|Meowstic, M|100/100|[from] Volt Switch
|
|upkeep
|
|t:|1779645375
|switch|p2a: AHH SAMMY|Samurott-Hisui, F|100/100
|turn|6
|
|t:|1779645378
|move|p1a: Meowstic|Gravity|p1a: Meowstic
|-fieldstart|move: Gravity
|move|p2a: AHH SAMMY|Ceaseless Edge|p1a: Meowstic
|-supereffective|p1a: Meowstic
|-crit|p1a: Meowstic
|-damage|p1a: Meowstic|0 fnt
|-sidestart|p1: volkron zz|Spikes
|faint|p1a: Meowstic
|
|upkeep
|
|t:|1779645383
|switch|p1a: Flapple|Flapple, F|100/100
|-damage|p1a: Flapple|88/100|[from] Spikes
|turn|7
|
|t:|1779645388
|move|p1a: Flapple|Grav Apple|p2a: AHH SAMMY
|-supereffective|p2a: AHH SAMMY
|-damage|p2a: AHH SAMMY|0 fnt
|faint|p2a: AHH SAMMY
|
|upkeep
|
|t:|1779645395
|switch|p2a: princess|Sylveon, F|100/100
|turn|8
|
|t:|1779645398
|move|p1a: Flapple|Grav Apple|p2a: princess
|-damage|p2a: princess|0 fnt
|faint|p2a: princess
|
|upkeep
|
|t:|1779645406
|switch|p2a: manolo|Piloswine, M|100/100
|turn|9
|
|t:|1779645410
|move|p1a: Flapple|Grav Apple|p2a: manolo
|-supereffective|p2a: manolo
|-damage|p2a: manolo|0 fnt
|faint|p2a: manolo
|
|upkeep
|c|☆pokeparkadv|what the
|
|t:|1779645426
|switch|p2a: pure evil|Umbreon, M|100/100
|turn|10
|
|t:|1779645432
|move|p1a: Flapple|Grav Apple|p2a: pure evil
|-damage|p2a: pure evil|30/100
|-unboost|p2a: pure evil|def|1
|move|p2a: pure evil|Toxic|p1a: Flapple
|-status|p1a: Flapple|tox
|
|-damage|p1a: Flapple|82/100 tox|[from] psn
|-fieldend|move: Gravity
|upkeep
|turn|11
|
|t:|1779645441
|move|p2a: pure evil|Protect|p2a: pure evil
|-singleturn|p2a: pure evil|Protect
|move|p1a: Flapple|Grav Apple|p2a: pure evil
|-activate|p2a: pure evil|move: Protect
|
|-damage|p1a: Flapple|70/100 tox|[from] psn
|upkeep
|turn|12
|
|t:|1779645447
|move|p1a: Flapple|Grav Apple|p2a: pure evil
|-damage|p2a: pure evil|0 fnt
|faint|p2a: pure evil
|
|-damage|p1a: Flapple|52/100 tox|[from] psn
|upkeep
|
|t:|1779645453
|switch|p2a: the puff|Dragonite, M|100/100
|turn|13
|
|t:|1779645459
|switch|p1a: Regieleki|Regieleki|100/100
|-damage|p1a: Regieleki|88/100|[from] Spikes
|move|p2a: the puff|Dragon Dance|p2a: the puff
|-boost|p2a: the puff|atk|1
|-boost|p2a: the puff|spe|1
|
|upkeep
|turn|14
|
|t:|1779645470
|move|p1a: Regieleki|Volt Switch|p2a: the puff
|-damage|p2a: the puff|67/100
|
|t:|1779645473
|switch|p1a: Flapple|Flapple, F|52/100 tox|[from] Volt Switch
|-damage|p1a: Flapple|39/100 tox|[from] Spikes
|move|p2a: the puff|Dragon Dance|p2a: the puff
|-boost|p2a: the puff|atk|1
|-boost|p2a: the puff|spe|1
|
|-damage|p1a: Flapple|33/100 tox|[from] psn
|upkeep
|turn|15
|
|t:|1779645482
|move|p2a: the puff|Dragon Claw|p1a: Flapple
|-supereffective|p1a: Flapple
|-damage|p1a: Flapple|0 fnt
|faint|p1a: Flapple
|
|upkeep
|
|t:|1779645485
|switch|p1a: Enamorus|Enamorus, F|100/100
|turn|16
|
|t:|1779645492
|-terastallize|p1a: Enamorus|Fairy
|move|p2a: the puff|Fire Punch|p1a: Enamorus
|-damage|p1a: Enamorus|10/100
|move|p1a: Enamorus|Moonblast|p2a: the puff
|-supereffective|p2a: the puff
|-damage|p2a: the puff|0 fnt
|faint|p2a: the puff
|
|win|volkron zz
|raw|volkron zz's rating: 1123 &rarr; <strong>1151</strong><br />(+28 for winning)
|raw|pokeparkadv's rating: 1170 &rarr; <strong>1142</strong><br />(-28 for losing)
|l|☆volkron zz
|player|p1|
|l|☆pokeparkadv
|player|p2|
