|j|☆NlGER RAPlST FUK
|j|☆spauty18
|t:|1779607927
|gametype|singles
|player|p1|NlGER RAPlST FUK|101|1099
|player|p2|spauty18|265|1097
|gen|9
|tier|[Gen 9] OU
|rated|
|rule|HP Percentage Mod: HP is shown in percentages
|rule|Endless Battle Clause: Forcing endless battles is banned
|rule|Species Clause: Limit one of each Pokémon
|rule|OHKO Clause: OHKO moves are banned
|rule|Evasion Items Clause: Evasion items are banned
|rule|Evasion Moves Clause: Evasion moves are banned
|rule|Evasion Abilities Clause: Evasion abilities are banned
|rule|Sleep Moves Clause: Sleep-inducing moves are banned
|clearpoke
|poke|p1|Grimmsnarl, M|
|poke|p1|Hariyama, F|
|poke|p1|Iron Hands|
|poke|p1|Kingambit, M|
|poke|p1|Enamorus-Therian, F|
|poke|p1|Slowbro-Galar, M|
|poke|p2|Umbreon, M|
|poke|p2|Manaphy|
|poke|p2|Great Tusk|
|poke|p2|Garganacl, M|
|poke|p2|Corviknight, M|
|poke|p2|Alomomola, M|
|teampreview
|inactive|Battle timer is ON: inactive players will automatically lose when time's up. (requested by spauty18)
|
|t:|1779607930
|teamsize|p1|6
|teamsize|p2|6
|start
|switch|p1a: Hariyama|Hariyama, F, shiny|100/100
|switch|p2a: Garganacl|Garganacl, M|100/100
|turn|1
|
|t:|1779607936
|move|p1a: Hariyama|Bulk Up|p1a: Hariyama
|-boost|p1a: Hariyama|atk|1
|-boost|p1a: Hariyama|def|1
|move|p2a: Garganacl|Salt Cure|p1a: Hariyama
|-resisted|p1a: Hariyama
|-damage|p1a: Hariyama|96/100
|-start|p1a: Hariyama|Salt Cure
|
|-damage|p1a: Hariyama|83/100|[from] Salt Cure
|upkeep
|turn|2
|
|t:|1779607951
|move|p1a: Hariyama|Close Combat|p2a: Garganacl
|-supereffective|p2a: Garganacl
|-crit|p2a: Garganacl
|-damage|p2a: Garganacl|0 fnt
|-unboost|p1a: Hariyama|def|1
|-unboost|p1a: Hariyama|spd|1
|faint|p2a: Garganacl
|
|-damage|p1a: Hariyama|71/100|[from] Salt Cure
|upkeep
|
|t:|1779607961
|switch|p2a: Manaphy|Manaphy|100/100
|turn|3
|-activate|p1a: Hariyama|item: Quick Claw
|
|t:|1779607964
|move|p1a: Hariyama|Close Combat|p2a: Manaphy
|-damage|p2a: Manaphy|0 fnt
|-unboost|p1a: Hariyama|def|1
|-unboost|p1a: Hariyama|spd|1
|faint|p2a: Manaphy
|
|-damage|p1a: Hariyama|59/100|[from] Salt Cure
|upkeep
|
|t:|1779607973
|switch|p2a: Corviknight|Corviknight, M|100/100
|-ability|p2a: Corviknight|Pressure
|turn|4
|
|t:|1779607980
|move|p2a: Corviknight|Drill Peck|p1a: Hariyama
|-supereffective|p1a: Hariyama
|-damage|p1a: Hariyama|0 fnt
|faint|p1a: Hariyama
|
|upkeep
|
|t:|1779607996
|switch|p1a: Iron Hands|Iron Hands, shiny|100/100
|turn|5
|
|t:|1779608014
|switch|p2a: Great Tusk|Great Tusk|100/100
|-enditem|p2a: Great Tusk|Booster Energy
|-activate|p2a: Great Tusk|ability: Protosynthesis|[fromitem]
|-start|p2a: Great Tusk|protosynthesisatk
|move|p1a: Iron Hands|Swords Dance|p1a: Iron Hands
|-boost|p1a: Iron Hands|atk|2
|
|upkeep
|turn|6
|
|t:|1779608035
|-end|p1a: Iron Hands|Quark Drive|[silent]
|switch|p1a: Enamorus|Enamorus-Therian, F, shiny|100/100
|move|p2a: Great Tusk|Earthquake|p1a: Enamorus
|-immune|p1a: Enamorus
|
|upkeep
|turn|7
|
|t:|1779608045
|-terastallize|p2a: Great Tusk|Steel
|move|p2a: Great Tusk|Rapid Spin|p1a: Enamorus
|-damage|p1a: Enamorus|80/100
|-boost|p2a: Great Tusk|spe|1
|move|p1a: Enamorus|Moonblast|p2a: Great Tusk
|-resisted|p2a: Great Tusk
|-damage|p2a: Great Tusk|61/100
|
|upkeep
|turn|8
|
|t:|1779608056
|-terastallize|p1a: Enamorus|Fire
|move|p1a: Enamorus|Mystical Fire|p2a: Great Tusk
|-supereffective|p2a: Great Tusk
|-damage|p2a: Great Tusk|0 fnt
|faint|p2a: Great Tusk
|-end|p2a: Great Tusk|Protosynthesis|[silent]
|
|upkeep
|
|t:|1779608062
|switch|p2a: Umbreon|Umbreon, M|100/100
|turn|9
|-activate|p1a: Enamorus|item: Quick Claw
|
|t:|1779608065
|move|p1a: Enamorus|Moonblast|p2a: Umbreon
|-supereffective|p2a: Umbreon
|-damage|p2a: Umbreon|24/100
|-unboost|p2a: Umbreon|spa|1
|move|p2a: Umbreon|Toxic|p1a: Enamorus|[miss]
|-miss|p2a: Umbreon|p1a: Enamorus
|
|-heal|p2a: Umbreon|30/100|[from] item: Leftovers
|upkeep
|turn|10
|-message|spauty18 forfeited.
|
|win|NlGER RAPlST FUK
|raw|NlGER RAPlST FUK's rating: 1099 &rarr; <strong>1124</strong><br />(+25 for winning)
|raw|spauty18's rating: 1097 &rarr; <strong>1073</strong><br />(-24 for losing)
|l|☆spauty18
|player|p2|
