|j|☆Urteam8
|j|☆engeruzimmer
|t:|1779588295
|gametype|singles
|player|p1|Urteam8|brock|1235
|player|p2|engeruzimmer|266|1244
|gen|9
|tier|[Gen 9] OU
|rated|
|rule|HP Percentage Mod: HP is shown in percentages
|rule|Endless Battle Clause: Forcing endless battles is banned
|rule|Species Clause: Limit one of each Pokémon
|rule|OHKO Clause: OHKO moves are banned
|rule|Evasion Items Clause: Evasion items are banned
|rule|Evasion Moves Clause: Evasion moves are banned
|rule|Evasion Abilities Clause: Evasion abilities are banned
|rule|Sleep Moves Clause: Sleep-inducing moves are banned
|clearpoke
|poke|p1|Chesnaught, M|
|poke|p1|Crawdaunt, F|
|poke|p1|Clefable, M|
|poke|p1|Rotom-Wash|
|poke|p1|Gengar, M|
|poke|p1|Excadrill, M|
|poke|p2|Skeledirge, M|
|poke|p2|Sableye, M|
|poke|p2|Torkoal, F|
|poke|p2|Gastrodon, M|
|poke|p2|Salamence, M|
|poke|p2|Victreebel, M|
|teampreview
|inactive|Battle timer is ON: inactive players will automatically lose when time's up. (requested by Urteam8)
|
|t:|1779588326
|teamsize|p1|6
|teamsize|p2|6
|start
|switch|p1a: Rotom|Rotom-Wash|100/100
|switch|p2a: Torkoal|Torkoal, F|100/100
|-weather|SunnyDay|[from] ability: Drought|[of] p2a: Torkoal
|turn|1
|
|t:|1779588340
|move|p1a: Rotom|Hydro Pump|p2a: Torkoal|[miss]
|-miss|p1a: Rotom|p2a: Torkoal
|move|p2a: Torkoal|Stealth Rock|p1a: Rotom
|-sidestart|p1: Urteam8|move: Stealth Rock
|
|-weather|SunnyDay|[upkeep]
|upkeep
|turn|2
|
|t:|1779588347
|switch|p2a: Sableye|Sableye, M|100/100
|move|p1a: Rotom|Volt Switch|p2a: Sableye
|-damage|p2a: Sableye|67/100
|
|t:|1779588355
|switch|p1a: Crawdaunt|Crawdaunt, F|100/100|[from] Volt Switch
|-damage|p1a: Crawdaunt|88/100|[from] Stealth Rock
|
|-weather|SunnyDay|[upkeep]
|upkeep
|turn|3
|
|t:|1779588369
|move|p2a: Sableye|Will-O-Wisp|p1a: Crawdaunt
|-hint|Since gen 7, Dark is immune to Prankster moves.
|-immune|p1a: Crawdaunt
|move|p1a: Crawdaunt|Knock Off|p2a: Sableye
|-damage|p2a: Sableye|0 fnt
|-enditem|p2a: Sableye|Light Clay|[from] move: Knock Off|[of] p1a: Crawdaunt
|faint|p2a: Sableye
|
|-weather|SunnyDay|[upkeep]
|upkeep
|
|t:|1779588379
|switch|p2a: Victreebel|Victreebel, M, shiny|100/100
|turn|4
|
|t:|1779588395
|switch|p1a: Excadrill|Excadrill, M|100/100
|-damage|p1a: Excadrill|97/100|[from] Stealth Rock
|-ability|p1a: Excadrill|Mold Breaker
|-item|p1a: Excadrill|Air Balloon
|move|p2a: Victreebel|Growth|p2a: Victreebel
|-boost|p2a: Victreebel|atk|2
|-boost|p2a: Victreebel|spa|2
|
|-weather|SunnyDay|[upkeep]
|upkeep
|turn|5
|
|t:|1779588408
|move|p2a: Victreebel|Weather Ball|p1a: Excadrill
|-supereffective|p1a: Excadrill
|-damage|p1a: Excadrill|0 fnt
|-enditem|p1a: Excadrill|Air Balloon
|faint|p1a: Excadrill
|
|-weather|SunnyDay|[upkeep]
|upkeep
|
|t:|1779588418
|switch|p1a: Chesnaught|Chesnaught, M|100/100
|-damage|p1a: Chesnaught|94/100|[from] Stealth Rock
|turn|6
|
|t:|1779588429
|move|p1a: Chesnaught|Spiky Shield|p1a: Chesnaught
|-singleturn|p1a: Chesnaught|move: Protect
|move|p2a: Victreebel|Sludge Wave|p1a: Chesnaught
|-activate|p1a: Chesnaught|move: Protect
|
|-weather|SunnyDay|[upkeep]
|-heal|p1a: Chesnaught|100/100|[from] item: Leftovers
|upkeep
|turn|7
|inactive|Urteam8 has 120 seconds left.
|
|t:|1779588471
|-terastallize|p1a: Chesnaught|Steel
|move|p2a: Victreebel|Sludge Wave|p1a: Chesnaught
|-immune|p1a: Chesnaught
|move|p1a: Chesnaught|Spikes|p2a: Victreebel
|-sidestart|p2: engeruzimmer|Spikes
|
|-weather|SunnyDay|[upkeep]
|upkeep
|turn|8
|
|t:|1779588484
|move|p1a: Chesnaught|Spiky Shield|p1a: Chesnaught
|-singleturn|p1a: Chesnaught|move: Protect
|move|p2a: Victreebel|Weather Ball|p1a: Chesnaught
|-activate|p1a: Chesnaught|move: Protect
|
|-weather|none
|upkeep
|turn|9
|inactive|Urteam8 has 120 seconds left.
|
|t:|1779588496
|switch|p2a: Torkoal|Torkoal, F|100/100
|-damage|p2a: Torkoal|88/100|[from] Spikes
|-weather|SunnyDay|[from] ability: Drought|[of] p2a: Torkoal
|switch|p1a: Rotom|Rotom-Wash|100/100
|-damage|p1a: Rotom|88/100|[from] Stealth Rock
|
|-weather|SunnyDay|[upkeep]
|-heal|p1a: Rotom|94/100|[from] item: Leftovers
|upkeep
|turn|10
|inactive|Urteam8 has 120 seconds left.
|
|t:|1779588510
|move|p1a: Rotom|Hydro Pump|p2a: Torkoal
|-supereffective|p2a: Torkoal
|-damage|p2a: Torkoal|33/100
|move|p2a: Torkoal|Rapid Spin|p1a: Rotom
|-damage|p1a: Rotom|86/100
|-boost|p2a: Torkoal|spe|1
|-sideend|p2: engeruzimmer|Spikes|[from] move: Rapid Spin|[of] p2a: Torkoal
|
|-weather|SunnyDay|[upkeep]
|-heal|p1a: Rotom|92/100|[from] item: Leftovers
|upkeep
|turn|11
|inactive|Urteam8 has 120 seconds left.
|
|t:|1779588520
|switch|p2a: Gastrodon|Gastrodon, M|100/100
|move|p1a: Rotom|Volt Switch|p2a: Gastrodon
|-immune|p2a: Gastrodon
|
|-weather|SunnyDay|[upkeep]
|-heal|p1a: Rotom|99/100|[from] item: Leftovers
|upkeep
|turn|12
|inactive|Urteam8 has 120 seconds left.
|
|t:|1779588542
|switch|p1a: Chesnaught|Chesnaught, M, tera:Steel|100/100
|-damage|p1a: Chesnaught|94/100|[from] Stealth Rock
|move|p2a: Gastrodon|Earth Power|p1a: Chesnaught
|-supereffective|p1a: Chesnaught
|-damage|p1a: Chesnaught|32/100
|
|-weather|SunnyDay|[upkeep]
|-heal|p1a: Chesnaught|38/100|[from] item: Leftovers
|upkeep
|turn|13
|inactive|Urteam8 has 120 seconds left.
|
|t:|1779588557
|switch|p2a: Salamence|Salamence, M, shiny|100/100
|move|p1a: Chesnaught|Leech Seed|p2a: Salamence
|-start|p2a: Salamence|move: Leech Seed
|
|-weather|SunnyDay|[upkeep]
|-heal|p1a: Chesnaught|44/100|[from] item: Leftovers
|-damage|p2a: Salamence|88/100|[from] Leech Seed|[of] p1a: Chesnaught
|-heal|p1a: Chesnaught|55/100|[silent]
|upkeep
|turn|14
|inactive|Urteam8 has 120 seconds left.
|
|t:|1779588572
|switch|p2a: Victreebel|Victreebel, M, shiny|100/100
|move|p1a: Chesnaught|Spiky Shield||[still]
|-fail|p1a: Chesnaught
|
|-weather|SunnyDay|[upkeep]
|-heal|p1a: Chesnaught|61/100|[from] item: Leftovers
|upkeep
|turn|15
|
|t:|1779588581
|switch|p1a: Rotom|Rotom-Wash|99/100
|-damage|p1a: Rotom|86/100|[from] Stealth Rock
|move|p2a: Victreebel|Weather Ball|p1a: Rotom
|-resisted|p1a: Rotom
|-damage|p1a: Rotom|67/100
|
|-weather|SunnyDay|[upkeep]
|-heal|p1a: Rotom|74/100|[from] item: Leftovers
|upkeep
|turn|16
|
|t:|1779588592
|move|p2a: Victreebel|Solar Beam||[still]
|-prepare|p2a: Victreebel|Solar Beam
|-anim|p2a: Victreebel|Solar Beam|p1a: Rotom
|-supereffective|p1a: Rotom
|-damage|p1a: Rotom|0 fnt
|faint|p1a: Rotom
|
|-weather|none
|upkeep
|
|t:|1779588601
|switch|p1a: Gengar|Gengar, M|100/100
|-damage|p1a: Gengar|88/100|[from] Stealth Rock
|turn|17
|
|t:|1779588612
|switch|p2a: Torkoal|Torkoal, F|33/100
|-weather|SunnyDay|[from] ability: Drought|[of] p2a: Torkoal
|move|p1a: Gengar|Shadow Ball|p2a: Torkoal
|-damage|p2a: Torkoal|0 fnt
|faint|p2a: Torkoal
|
|-weather|SunnyDay|[upkeep]
|upkeep
|
|t:|1779588623
|switch|p2a: Victreebel|Victreebel, M, shiny|100/100
|turn|18
|
|t:|1779588634
|move|p2a: Victreebel|Growth|p2a: Victreebel
|-boost|p2a: Victreebel|atk|2
|-boost|p2a: Victreebel|spa|2
|move|p1a: Gengar|Shadow Ball|p2a: Victreebel
|-damage|p2a: Victreebel|3/100
|
|-weather|SunnyDay|[upkeep]
|upkeep
|turn|19
|
|t:|1779588658
|switch|p1a: Crawdaunt|Crawdaunt, F|88/100
|-damage|p1a: Crawdaunt|76/100|[from] Stealth Rock
|-terastallize|p2a: Victreebel|Fire
|move|p2a: Victreebel|Weather Ball|p1a: Crawdaunt
|-resisted|p1a: Crawdaunt
|-damage|p1a: Crawdaunt|0 fnt
|faint|p1a: Crawdaunt
|
|-weather|SunnyDay|[upkeep]
|upkeep
|
|t:|1779588671
|switch|p1a: Chesnaught|Chesnaught, M, tera:Steel|61/100
|-damage|p1a: Chesnaught|55/100|[from] Stealth Rock
|turn|20
|
|t:|1779588679
|move|p1a: Chesnaught|Spiky Shield|p1a: Chesnaught
|-singleturn|p1a: Chesnaught|move: Protect
|move|p2a: Victreebel|Weather Ball|p1a: Chesnaught
|-activate|p1a: Chesnaught|move: Protect
|
|-weather|SunnyDay|[upkeep]
|-heal|p1a: Chesnaught|61/100|[from] item: Leftovers
|upkeep
|turn|21
|-message|Urteam8 forfeited.
|
|win|engeruzimmer
|raw|Urteam8's rating: 1235 &rarr; <strong>1211</strong><br />(-24 for losing)
|raw|engeruzimmer's rating: 1244 &rarr; <strong>1268</strong><br />(+24 for winning)
|l|☆Urteam8
|player|p1|
|c|☆engeruzimmer|lol
|l|☆engeruzimmer
|player|p2|
