|j|☆spindle pit
|j|☆YoSoyDelBronx
|t:|1779636039
|gametype|singles
|player|p1|spindle pit|ethan|1412
|player|p2|YoSoyDelBronx|noland|1325
|gen|9
|tier|[Gen 9] OU
|rated|
|rule|HP Percentage Mod: HP is shown in percentages
|rule|Endless Battle Clause: Forcing endless battles is banned
|rule|Species Clause: Limit one of each Pokémon
|rule|OHKO Clause: OHKO moves are banned
|rule|Evasion Items Clause: Evasion items are banned
|rule|Evasion Moves Clause: Evasion moves are banned
|rule|Evasion Abilities Clause: Evasion abilities are banned
|rule|Sleep Moves Clause: Sleep-inducing moves are banned
|clearpoke
|poke|p1|Pincurchin, F|
|poke|p1|Raging Bolt|
|poke|p1|Latios, M|
|poke|p1|Corviknight, F|
|poke|p1|Iron Crown|
|poke|p1|Iron Valiant|
|poke|p2|Ninetales, F|
|poke|p2|Venusaur, F|
|poke|p2|Walking Wake|
|poke|p2|Brute Bonnet|
|poke|p2|Great Tusk|
|poke|p2|Golem-Alola, M|
|teampreview
|inactive|Battle timer is ON: inactive players will automatically lose when time's up. (requested by spindle pit)
|
|t:|1779636050
|teamsize|p1|6
|teamsize|p2|6
|start
|switch|p1a: Pliny|Pincurchin, F|100/100
|switch|p2a: Brute Bonnet|Brute Bonnet|100/100
|-fieldstart|move: Electric Terrain|[from] ability: Electric Surge|[of] p1a: Pliny
|-enditem|p2a: Brute Bonnet|Booster Energy
|-activate|p2a: Brute Bonnet|ability: Protosynthesis|[fromitem]
|-start|p2a: Brute Bonnet|protosynthesisatk
|turn|1
|
|t:|1779636062
|switch|p1a: Vala|Iron Valiant|100/100
|-activate|p1a: Vala|ability: Quark Drive
|-start|p1a: Vala|quarkdrivespe
|move|p2a: Brute Bonnet|Thief|p1a: Vala
|-resisted|p1a: Vala
|-damage|p1a: Vala|86/100
|-enditem|p1a: Vala|Focus Sash|[silent]|[from] move: Thief|[of] p2a: Brute Bonnet
|-item|p2a: Brute Bonnet|Focus Sash|[from] move: Thief|[of] p1a: Vala
|
|upkeep
|turn|2
|
|t:|1779636071
|move|p1a: Vala|Moonblast|p2a: Brute Bonnet
|-supereffective|p2a: Brute Bonnet
|-damage|p2a: Brute Bonnet|22/100
|-unboost|p2a: Brute Bonnet|spa|1
|move|p2a: Brute Bonnet|Seed Bomb|p1a: Vala
|-damage|p1a: Vala|12/100
|
|upkeep
|turn|3
|
|t:|1779636078
|move|p2a: Brute Bonnet|Sucker Punch|p1a: Vala
|-resisted|p1a: Vala
|-damage|p1a: Vala|0 fnt
|faint|p1a: Vala
|-end|p1a: Vala|Quark Drive|[silent]
|
|upkeep
|
|t:|1779636086
|switch|p1a: Corkini|Corviknight, F|100/100
|-ability|p1a: Corkini|Pressure
|turn|4
|
|t:|1779636102
|move|p2a: Brute Bonnet|Thief|p1a: Corkini
|-damage|p1a: Corkini|73/100
|-damage|p2a: Brute Bonnet|6/100|[from] item: Rocky Helmet|[of] p1a: Corkini
|move|p1a: Corkini|U-turn|p2a: Brute Bonnet
|-supereffective|p2a: Brute Bonnet
|-damage|p2a: Brute Bonnet|0 fnt
|faint|p2a: Brute Bonnet
|-end|p2a: Brute Bonnet|Protosynthesis|[silent]
|
|t:|1779636110
|switch|p1a: Thundrink|Raging Bolt|100/100|[from] U-turn
|
|upkeep
|
|t:|1779636123
|switch|p2a: Hustle Hard|Golem-Alola, M, shiny|100/100
|turn|5
|
|t:|1779636134
|move|p1a: Thundrink|Rising Voltage|p2a: Hustle Hard
|-hint|Rising Voltage's BP doubled on grounded target.
|-resisted|p2a: Hustle Hard
|-damage|p2a: Hustle Hard|21/100
|move|p2a: Hustle Hard|Earthquake|p1a: Thundrink
|-supereffective|p1a: Thundrink
|-damage|p1a: Thundrink|3/100
|
|upkeep
|turn|6
|
|t:|1779636149
|switch|p2a: Great Tusk|Great Tusk|100/100
|move|p1a: Thundrink|Volt Switch|p2a: Great Tusk
|-immune|p2a: Great Tusk
|
|upkeep
|turn|7
|inactive|YoSoyDelBronx has 120 seconds left.
|
|t:|1779636175
|-end|p1a: Thundrink|Protosynthesis|[silent]
|switch|p1a: Latte|Latios, M|100/100
|move|p2a: Great Tusk|Rapid Spin|p1a: Latte
|-damage|p1a: Latte|81/100
|-boost|p2a: Great Tusk|spe|1
|
|upkeep
|turn|8
|
|t:|1779636183
|move|p1a: Latte|Psychic|p2a: Great Tusk
|-supereffective|p2a: Great Tusk
|-damage|p2a: Great Tusk|0 fnt
|faint|p2a: Great Tusk
|-end|p2a: Great Tusk|Protosynthesis|[silent]
|
|-fieldend|move: Electric Terrain
|upkeep
|
|t:|1779636189
|switch|p2a: Ninetales|Ninetales, F|100/100
|-weather|SunnyDay|[from] ability: Drought|[of] p2a: Ninetales
|turn|9
|
|t:|1779636196
|switch|p1a: Pliny|Pincurchin, F|100/100
|-fieldstart|move: Electric Terrain|[from] ability: Electric Surge|[of] p1a: Pliny
|move|p2a: Ninetales|Healing Wish|p2a: Ninetales
|faint|p2a: Ninetales
|
|-weather|SunnyDay|[upkeep]
|upkeep
|
|t:|1779636208
|switch|p2a: Hustle Hard|Golem-Alola, M, shiny|21/100
|-heal|p2a: Hustle Hard|100/100|[from] move: Healing Wish
|turn|10
|
|t:|1779636215
|switch|p1a: Cron|Iron Crown|100/100
|-item|p1a: Cron|Air Balloon
|-activate|p1a: Cron|ability: Quark Drive
|-start|p1a: Cron|quarkdrivespe
|-terastallize|p2a: Hustle Hard|Electric
|move|p2a: Hustle Hard|Supercell Slam|p1a: Cron
|-damage|p1a: Cron|0 fnt
|-enditem|p1a: Cron|Air Balloon
|faint|p1a: Cron
|-end|p1a: Cron|Quark Drive|[silent]
|
|-weather|SunnyDay|[upkeep]
|upkeep
|
|t:|1779636221
|switch|p1a: Latte|Latios, M|81/100
|turn|11
|
|t:|1779636232
|move|p1a: Latte|Draco Meteor|p2a: Hustle Hard|[miss]
|-miss|p1a: Latte|p2a: Hustle Hard
|move|p2a: Hustle Hard|Supercell Slam|p1a: Latte
|-resisted|p1a: Latte
|-damage|p1a: Latte|0 fnt
|faint|p1a: Latte
|
|-weather|SunnyDay|[upkeep]
|upkeep
|
|t:|1779636236
|switch|p1a: Thundrink|Raging Bolt|3/100
|-activate|p1a: Thundrink|ability: Protosynthesis
|-start|p1a: Thundrink|protosynthesisspa
|turn|12
|
|t:|1779636242
|move|p1a: Thundrink|Rising Voltage|p2a: Hustle Hard
|-hint|Rising Voltage's BP doubled on grounded target.
|-resisted|p2a: Hustle Hard
|-damage|p2a: Hustle Hard|0 fnt
|faint|p2a: Hustle Hard
|
|-weather|SunnyDay|[upkeep]
|upkeep
|
|t:|1779636255
|switch|p2a: Venusaur|Venusaur, F|100/100
|turn|13
|
|t:|1779636260
|-end|p1a: Thundrink|Protosynthesis|[silent]
|switch|p1a: Corkini|Corviknight, F|73/100
|-ability|p1a: Corkini|Pressure
|move|p2a: Venusaur|Giga Drain|p1a: Corkini
|-resisted|p1a: Corkini
|-damage|p1a: Corkini|63/100
|-damage|p2a: Venusaur|91/100|[from] item: Life Orb
|
|-weather|SunnyDay|[upkeep]
|upkeep
|turn|14
|
|t:|1779636264
|move|p2a: Venusaur|Weather Ball|p1a: Corkini
|-supereffective|p1a: Corkini
|-damage|p1a: Corkini|0 fnt
|faint|p1a: Corkini
|-damage|p2a: Venusaur|81/100|[from] item: Life Orb
|
|-weather|SunnyDay|[upkeep]
|upkeep
|c|☆spindle pit|gg
|-message|spindle pit forfeited.
|
|win|YoSoyDelBronx
|raw|spindle pit's rating: 1412 &rarr; <strong>1387</strong><br />(-25 for losing)
|raw|YoSoyDelBronx's rating: 1325 &rarr; <strong>1350</strong><br />(+25 for winning)
|l|☆spindle pit
|player|p1|
|l|☆YoSoyDelBronx
|player|p2|
