|j|☆pen ref
|j|☆hem07
|t:|1779644376
|gametype|singles
|player|p1|pen ref|archer|1231
|player|p2|hem07|dawn|1268
|gen|9
|tier|[Gen 9] OU
|rated|
|rule|HP Percentage Mod: HP is shown in percentages
|rule|Endless Battle Clause: Forcing endless battles is banned
|rule|Species Clause: Limit one of each Pokémon
|rule|OHKO Clause: OHKO moves are banned
|rule|Evasion Items Clause: Evasion items are banned
|rule|Evasion Moves Clause: Evasion moves are banned
|rule|Evasion Abilities Clause: Evasion abilities are banned
|rule|Sleep Moves Clause: Sleep-inducing moves are banned
|clearpoke
|poke|p1|Garganacl, F|
|poke|p1|Glimmora, F|
|poke|p1|Zapdos|
|poke|p1|Pecharunt|
|poke|p1|Ting-Lu|
|poke|p1|Corviknight, M|
|poke|p2|Tyranitar, M|
|poke|p2|Skarmory, M|
|poke|p2|Zamazenta-*|
|poke|p2|Glimmora, F|
|poke|p2|Ogerpon-Cornerstone, F|
|poke|p2|Pecharunt|
|teampreview
|inactive|Battle timer is ON: inactive players will automatically lose when time's up. (requested by pen ref)
|inactive|hem07 also wants the timer to be on.
|c|☆pen ref|glhf
|
|t:|1779644399
|teamsize|p1|6
|teamsize|p2|6
|start
|switch|p1a: Glimmora|Glimmora, F|100/100
|switch|p2a: Tyranitar|Tyranitar, M|100/100
|-weather|Sandstorm|[from] ability: Sand Stream|[of] p2a: Tyranitar
|turn|1
|inactive|pen ref has 120 seconds left.
|
|t:|1779644435
|move|p1a: Glimmora|Stealth Rock|p2a: Tyranitar
|-sidestart|p2: hem07|move: Stealth Rock
|move|p2a: Tyranitar|Knock Off|p1a: Glimmora
|-damage|p1a: Glimmora|44/100
|-activate|p1a: Glimmora|ability: Toxic Debris
|-sidestart|p2: hem07|move: Toxic Spikes
|-enditem|p1a: Glimmora|Focus Sash|[from] move: Knock Off|[of] p2a: Tyranitar
|
|-weather|Sandstorm|[upkeep]
|upkeep
|turn|2
|inactive|pen ref has 120 seconds left.
|
|t:|1779644452
|switch|p2a: Pecharunt|Pecharunt|100/100
|-damage|p2a: Pecharunt|88/100|[from] Stealth Rock
|-sideend|p2: hem07|move: Toxic Spikes|[of] p2a: Pecharunt
|move|p1a: Glimmora|Earth Power|p2a: Pecharunt
|-supereffective|p2a: Pecharunt
|-damage|p2a: Pecharunt|41/100
|
|-weather|Sandstorm|[upkeep]
|-damage|p2a: Pecharunt|35/100|[from] Sandstorm
|-heal|p2a: Pecharunt|41/100|[from] item: Leftovers
|upkeep
|turn|3
|inactive|pen ref has 120 seconds left.
|inactive|hem07 has 120 seconds left.
|
|t:|1779644472
|move|p1a: Glimmora|Earth Power|p2a: Pecharunt
|-supereffective|p2a: Pecharunt
|-damage|p2a: Pecharunt|0 fnt
|faint|p2a: Pecharunt
|
|-weather|Sandstorm|[upkeep]
|upkeep
|
|t:|1779644493
|switch|p2a: Glimmora|Glimmora, F|100/100
|-damage|p2a: Glimmora|88/100|[from] Stealth Rock
|turn|4
|
|t:|1779644504
|move|p1a: Glimmora|Earth Power|p2a: Glimmora
|-supereffective|p2a: Glimmora
|-damage|p2a: Glimmora|0 fnt
|faint|p2a: Glimmora
|
|-weather|Sandstorm|[upkeep]
|upkeep
|
|t:|1779644517
|switch|p2a: Ogerpon|Ogerpon-Cornerstone, F|100/100
|-damage|p2a: Ogerpon|88/100|[from] Stealth Rock
|turn|5
|
|t:|1779644523
|move|p2a: Ogerpon|Ivy Cudgel|p1a: Glimmora|[anim] Ivy Cudgel Rock
|-damage|p1a: Glimmora|0 fnt
|-activate|p1a: Glimmora|ability: Toxic Debris
|-sidestart|p2: hem07|move: Toxic Spikes
|faint|p1a: Glimmora
|
|-weather|none
|upkeep
|
|t:|1779644527
|switch|p1a: Garganacl|Garganacl, F, shiny|100/100
|turn|6
|
|t:|1779644536
|move|p2a: Ogerpon|Horn Leech|p1a: Garganacl
|-supereffective|p1a: Garganacl
|-damage|p1a: Garganacl|51/100
|-heal|p2a: Ogerpon|100/100|[from] drain|[of] p1a: Garganacl
|move|p1a: Garganacl|Salt Cure|p2a: Ogerpon
|-damage|p2a: Ogerpon|81/100
|-start|p2a: Ogerpon|Salt Cure
|
|-heal|p1a: Garganacl|58/100|[from] item: Leftovers
|-damage|p2a: Ogerpon|68/100|[from] Salt Cure
|upkeep
|turn|7
|
|t:|1779644550
|move|p1a: Garganacl|Protect|p1a: Garganacl
|-singleturn|p1a: Garganacl|Protect
|move|p2a: Ogerpon|U-turn|p1a: Garganacl
|-activate|p1a: Garganacl|move: Protect
|
|-heal|p1a: Garganacl|64/100|[from] item: Leftovers
|-damage|p2a: Ogerpon|56/100|[from] Salt Cure
|upkeep
|turn|8
|inactive|pen ref has 120 seconds left.
|
|t:|1779644586
|move|p2a: Ogerpon|Horn Leech|p1a: Garganacl
|-supereffective|p1a: Garganacl
|-damage|p1a: Garganacl|20/100
|-heal|p2a: Ogerpon|85/100|[from] drain|[of] p1a: Garganacl
|move|p1a: Garganacl|Recover|p1a: Garganacl
|-heal|p1a: Garganacl|70/100
|
|-heal|p1a: Garganacl|76/100|[from] item: Leftovers
|-damage|p2a: Ogerpon|73/100|[from] Salt Cure
|upkeep
|turn|9
|
|t:|1779644595
|switch|p2a: Tyranitar|Tyranitar, M|100/100
|-damage|p2a: Tyranitar|88/100|[from] Stealth Rock
|-status|p2a: Tyranitar|psn
|-weather|Sandstorm|[from] ability: Sand Stream|[of] p2a: Tyranitar
|move|p1a: Garganacl|Protect||[still]
|-fail|p1a: Garganacl
|
|-weather|Sandstorm|[upkeep]
|-heal|p1a: Garganacl|83/100|[from] item: Leftovers
|-damage|p2a: Tyranitar|76/100 psn|[from] psn
|upkeep
|turn|10
|inactive|hem07 has 120 seconds left.
|inactive|pen ref has 120 seconds left.
|
|t:|1779644621
|-terastallize|p2a: Tyranitar|Flying
|move|p2a: Tyranitar|Knock Off|p1a: Garganacl
|-damage|p1a: Garganacl|58/100
|-enditem|p1a: Garganacl|Leftovers|[from] move: Knock Off|[of] p2a: Tyranitar
|move|p1a: Garganacl|Body Press|p2a: Tyranitar
|-resisted|p2a: Tyranitar
|-damage|p2a: Tyranitar|65/100 psn
|
|-weather|Sandstorm|[upkeep]
|-damage|p2a: Tyranitar|59/100 psn|[from] Sandstorm
|-damage|p2a: Tyranitar|47/100 psn|[from] psn
|upkeep
|turn|11
|
|t:|1779644630
|move|p2a: Tyranitar|Low Kick|p1a: Garganacl
|-supereffective|p1a: Garganacl
|-damage|p1a: Garganacl|18/100
|move|p1a: Garganacl|Recover|p1a: Garganacl
|-heal|p1a: Garganacl|68/100
|
|-weather|Sandstorm|[upkeep]
|-damage|p2a: Tyranitar|40/100 psn|[from] Sandstorm
|-damage|p2a: Tyranitar|28/100 psn|[from] psn
|upkeep
|turn|12
|
|t:|1779644644
|move|p2a: Tyranitar|Low Kick|p1a: Garganacl
|-supereffective|p1a: Garganacl
|-damage|p1a: Garganacl|31/100
|move|p1a: Garganacl|Recover|p1a: Garganacl
|-heal|p1a: Garganacl|81/100
|
|-weather|Sandstorm|[upkeep]
|-damage|p2a: Tyranitar|22/100 psn|[from] Sandstorm
|-damage|p2a: Tyranitar|9/100 psn|[from] psn
|upkeep
|turn|13
|
|t:|1779644648
|move|p1a: Garganacl|Protect|p1a: Garganacl
|-singleturn|p1a: Garganacl|Protect
|move|p2a: Tyranitar|Low Kick|p1a: Garganacl
|-activate|p1a: Garganacl|move: Protect
|
|-weather|none
|-damage|p2a: Tyranitar|0 fnt|[from] psn
|faint|p2a: Tyranitar
|upkeep
|
|t:|1779644656
|switch|p2a: Skarmory|Skarmory, M|100/100
|-damage|p2a: Skarmory|88/100|[from] Stealth Rock
|turn|14
|
|t:|1779644662
|move|p2a: Skarmory|Body Press|p1a: Garganacl
|-supereffective|p1a: Garganacl
|-damage|p1a: Garganacl|49/100
|move|p1a: Garganacl|Salt Cure|p2a: Skarmory
|-damage|p2a: Skarmory|79/100
|-start|p2a: Skarmory|Salt Cure
|
|-damage|p2a: Skarmory|54/100|[from] Salt Cure
|upkeep
|turn|15
|
|t:|1779644680
|move|p1a: Garganacl|Recover|p1a: Garganacl
|-heal|p1a: Garganacl|99/100
|move|p2a: Skarmory|Whirlwind|p1a: Garganacl
|drag|p1a: Ting-Lu|Ting-Lu|100/100
|-ability|p1a: Ting-Lu|Vessel of Ruin
|
|-damage|p2a: Skarmory|30/100|[from] Salt Cure
|upkeep
|turn|16
|
|t:|1779644691
|switch|p2a: Ogerpon|Ogerpon-Cornerstone, F|73/100
|-damage|p2a: Ogerpon|61/100|[from] Stealth Rock
|-status|p2a: Ogerpon|psn
|move|p1a: Ting-Lu|Spikes|p2a: Ogerpon
|-sidestart|p2: hem07|Spikes
|
|-damage|p2a: Ogerpon|48/100 psn|[from] psn
|upkeep
|turn|17
|j| The impimp
|-message|hem07 forfeited.
|
|win|pen ref
|raw|pen ref's rating: 1259 &rarr; <strong>1285</strong><br />(+26 for winning)
|raw|hem07's rating: 1268 &rarr; <strong>1242</strong><br />(-26 for losing)
|l|☆hem07
|player|p2|
|c|☆pen ref|gg
|l|☆pen ref
|player|p1|
