|j|☆notashota
|j|☆zudexc
|t:|1779705092
|gametype|singles
|player|p1|notashota|ethan|1114
|player|p2|zudexc|1|1099
|gen|9
|tier|[Gen 9] OU
|rated|
|rule|HP Percentage Mod: HP is shown in percentages
|rule|Endless Battle Clause: Forcing endless battles is banned
|rule|Species Clause: Limit one of each Pokémon
|rule|OHKO Clause: OHKO moves are banned
|rule|Evasion Items Clause: Evasion items are banned
|rule|Evasion Moves Clause: Evasion moves are banned
|rule|Evasion Abilities Clause: Evasion abilities are banned
|rule|Sleep Moves Clause: Sleep-inducing moves are banned
|clearpoke
|poke|p1|Slowbro, M|
|poke|p1|Sandslash, F|
|poke|p1|Scizor, M|
|poke|p1|Clefable, F|
|poke|p1|Dragonite, M|
|poke|p1|Jolteon, F|
|poke|p2|Samurott-Hisui, F|
|poke|p2|Kingambit, F|
|poke|p2|Zapdos|
|poke|p2|Iron Treads|
|poke|p2|Hatterene, F|
|poke|p2|Iron Moth|
|teampreview
|
|t:|1779705099
|teamsize|p1|6
|teamsize|p2|6
|start
|switch|p1a: Jolteon|Jolteon, F|100/100
|switch|p2a: Iron Treads|Iron Treads|100/100
|-enditem|p2a: Iron Treads|Booster Energy
|-activate|p2a: Iron Treads|ability: Quark Drive|[fromitem]
|-start|p2a: Iron Treads|quarkdrivespe
|turn|1
|
|t:|1779705111
|switch|p1a: Clefable|Clefable, F|100/100
|move|p2a: Iron Treads|Stealth Rock|p1a: Clefable
|-sidestart|p1: notashota|move: Stealth Rock
|
|upkeep
|turn|2
|
|t:|1779705119
|-end|p2a: Iron Treads|Quark Drive|[silent]
|switch|p2a: Hatterene|Hatterene, F|100/100
|move|p1a: Clefable|Calm Mind|p1a: Clefable
|-boost|p1a: Clefable|spa|1
|-boost|p1a: Clefable|spd|1
|
|upkeep
|turn|3
|
|t:|1779705127
|move|p1a: Clefable|Flamethrower|p2a: Hatterene
|-damage|p2a: Hatterene|59/100
|move|p2a: Hatterene|Nuzzle|p1a: Clefable
|-damage|p1a: Clefable|96/100
|-status|p1a: Clefable|par
|-damage|p2a: Hatterene|42/100|[from] item: Rocky Helmet|[of] p1a: Clefable
|
|upkeep
|turn|4
|
|t:|1779705136
|move|p2a: Hatterene|Calm Mind|p2a: Hatterene
|-boost|p2a: Hatterene|spa|1
|-boost|p2a: Hatterene|spd|1
|cant|p1a: Clefable|par
|
|upkeep
|turn|5
|
|t:|1779705140
|move|p2a: Hatterene|Draining Kiss|p1a: Clefable
|-damage|p1a: Clefable|72/100 par
|-heal|p2a: Hatterene|65/100|[from] drain|[of] p1a: Clefable
|-damage|p2a: Hatterene|48/100|[from] item: Rocky Helmet|[of] p1a: Clefable
|move|p1a: Clefable|Flamethrower|p2a: Hatterene
|-damage|p2a: Hatterene|17/100
|
|upkeep
|turn|6
|
|t:|1779705149
|move|p2a: Hatterene|Psychic Noise|p1a: Clefable
|-damage|p1a: Clefable|34/100 par
|-start|p1a: Clefable|move: Heal Block
|move|p1a: Clefable|Flamethrower|p2a: Hatterene
|-damage|p2a: Hatterene|0 fnt
|faint|p2a: Hatterene
|
|upkeep
|
|t:|1779705156
|switch|p2a: Kingambit|Kingambit, F|100/100
|-activate|p2a: Kingambit|ability: Supreme Overlord
|-start|p2a: Kingambit|fallen1|[silent]
|turn|7
|
|t:|1779705162
|move|p2a: Kingambit|Iron Head|p1a: Clefable
|-supereffective|p1a: Clefable
|-damage|p1a: Clefable|0 fnt
|-damage|p2a: Kingambit|84/100|[from] item: Rocky Helmet|[of] p1a: Clefable
|faint|p1a: Clefable
|
|-heal|p2a: Kingambit|90/100|[from] item: Leftovers
|upkeep
|
|t:|1779705173
|switch|p1a: Scizor|Scizor, M|100/100
|-damage|p1a: Scizor|88/100|[from] Stealth Rock
|turn|8
|
|t:|1779705180
|move|p1a: Scizor|Bug Bite|p2a: Kingambit
|-damage|p2a: Kingambit|54/100
|move|p2a: Kingambit|Swords Dance|p2a: Kingambit
|-boost|p2a: Kingambit|atk|2
|
|-heal|p2a: Kingambit|60/100|[from] item: Leftovers
|upkeep
|turn|9
|
|t:|1779705196
|switch|p1a: Sandslash|Sandslash, F|100/100
|move|p2a: Kingambit|Kowtow Cleave|p1a: Sandslash
|-damage|p1a: Sandslash|0 fnt
|faint|p1a: Sandslash
|
|-heal|p2a: Kingambit|66/100|[from] item: Leftovers
|upkeep
|
|t:|1779705216
|switch|p1a: Dragonite|Dragonite, M|100/100
|-damage|p1a: Dragonite|76/100|[from] Stealth Rock
|turn|10
|
|t:|1779705228
|-terastallize|p2a: Kingambit|Ghost
|move|p1a: Dragonite|Dragon Dance|p1a: Dragonite
|-boost|p1a: Dragonite|atk|1
|-boost|p1a: Dragonite|spe|1
|move|p2a: Kingambit|Swords Dance|p2a: Kingambit
|-boost|p2a: Kingambit|atk|2
|
|-heal|p2a: Kingambit|72/100|[from] item: Leftovers
|upkeep
|turn|11
|
|t:|1779705240
|move|p1a: Dragonite|Outrage|p2a: Kingambit
|-damage|p2a: Kingambit|0 fnt
|faint|p2a: Kingambit
|-end|p2a: Kingambit|fallen1|[silent]
|
|upkeep
|
|t:|1779705244
|switch|p2a: Zapdos|Zapdos|100/100
|turn|12
|
|t:|1779705256
|move|p1a: Dragonite|Outrage|p2a: Zapdos|[from] lockedmove
|-damage|p2a: Zapdos|0 fnt
|faint|p2a: Zapdos
|-start|p1a: Dragonite|confusion|[fatigue]
|-enditem|p1a: Dragonite|Lum Berry|[eat]
|-end|p1a: Dragonite|confusion
|
|upkeep
|
|t:|1779705266
|switch|p2a: Iron Moth|Iron Moth|100/100
|-enditem|p2a: Iron Moth|Booster Energy
|-activate|p2a: Iron Moth|ability: Quark Drive|[fromitem]
|-start|p2a: Iron Moth|quarkdrivespe
|turn|13
|
|t:|1779705275
|move|p2a: Iron Moth|Dazzling Gleam|p1a: Dragonite
|-supereffective|p1a: Dragonite
|-crit|p1a: Dragonite
|-damage|p1a: Dragonite|0 fnt
|faint|p1a: Dragonite
|
|upkeep
|
|t:|1779705283
|switch|p1a: Jolteon|Jolteon, F|100/100
|-damage|p1a: Jolteon|88/100|[from] Stealth Rock
|turn|14
|
|t:|1779705294
|move|p2a: Iron Moth|Fiery Dance|p1a: Jolteon
|-damage|p1a: Jolteon|33/100
|-boost|p2a: Iron Moth|spa|1
|move|p1a: Jolteon|Volt Switch|p2a: Iron Moth
|-damage|p2a: Iron Moth|55/100
|
|t:|1779705303
|switch|p1a: Scizor|Scizor, M|88/100|[from] Volt Switch
|-damage|p1a: Scizor|76/100|[from] Stealth Rock
|
|upkeep
|turn|15
|
|t:|1779705317
|move|p1a: Scizor|Bullet Punch|p2a: Iron Moth
|-resisted|p2a: Iron Moth
|-damage|p2a: Iron Moth|27/100
|move|p2a: Iron Moth|Fiery Dance|p1a: Scizor
|-supereffective|p1a: Scizor
|-damage|p1a: Scizor|0 fnt
|-boost|p2a: Iron Moth|spa|1
|faint|p1a: Scizor
|
|upkeep
|
|t:|1779705327
|switch|p1a: Jolteon|Jolteon, F|33/100
|-damage|p1a: Jolteon|21/100|[from] Stealth Rock
|turn|16
|
|t:|1779705337
|move|p2a: Iron Moth|Fiery Dance|p1a: Jolteon
|-damage|p1a: Jolteon|0 fnt
|-boost|p2a: Iron Moth|spa|1
|faint|p1a: Jolteon
|
|upkeep
|
|t:|1779705343
|switch|p1a: Slowbro|Slowbro, M|100/100
|-damage|p1a: Slowbro|88/100|[from] Stealth Rock
|turn|17
|
|t:|1779705350
|move|p2a: Iron Moth|Energy Ball|p1a: Slowbro
|-supereffective|p1a: Slowbro
|-damage|p1a: Slowbro|0 fnt
|faint|p1a: Slowbro
|
|win|zudexc
|raw|notashota's rating: 1114 &rarr; <strong>1088</strong><br />(-26 for losing)
|raw|zudexc's rating: 1099 &rarr; <strong>1125</strong><br />(+26 for winning)
|l|☆notashota
|player|p1|
|l|☆zudexc
|player|p2|
