|j|☆CirclesInSquares
|j|☆bradfish1761
|t:|1779646435
|gametype|singles
|player|p1|CirclesInSquares|169|1169
|player|p2|bradfish1761|elesa|1140
|gen|9
|tier|[Gen 9] OU
|rated|
|rule|HP Percentage Mod: HP is shown in percentages
|rule|Endless Battle Clause: Forcing endless battles is banned
|rule|Species Clause: Limit one of each Pokémon
|rule|OHKO Clause: OHKO moves are banned
|rule|Evasion Items Clause: Evasion items are banned
|rule|Evasion Moves Clause: Evasion moves are banned
|rule|Evasion Abilities Clause: Evasion abilities are banned
|rule|Sleep Moves Clause: Sleep-inducing moves are banned
|clearpoke
|poke|p1|Clodsire, F|
|poke|p1|Garganacl, F|
|poke|p1|Alomomola, M|
|poke|p1|Corviknight, F|
|poke|p1|Ogerpon-Wellspring, F|
|poke|p1|Clefable, M|
|poke|p2|Electrode-Hisui|
|poke|p2|Pelipper, M|
|poke|p2|Garganacl, F|
|poke|p2|Gholdengo|
|poke|p2|Cinderace, F|
|poke|p2|Zamazenta-*|
|teampreview
|inactive|Battle timer is ON: inactive players will automatically lose when time's up. (requested by bradfish1761)
|
|t:|1779646449
|teamsize|p1|6
|teamsize|p2|6
|start
|switch|p1a: Clodsire|Clodsire, F|100/100
|switch|p2a: Pelipper|Pelipper, M|100/100
|-weather|RainDance|[from] ability: Drizzle|[of] p2a: Pelipper
|turn|1
|
|t:|1779646459
|move|p2a: Pelipper|Hurricane|p1a: Clodsire
|-damage|p1a: Clodsire|74/100
|move|p1a: Clodsire|Toxic|p2a: Pelipper
|-status|p2a: Pelipper|tox
|
|-weather|RainDance|[upkeep]
|-heal|p1a: Clodsire|80/100|[from] item: Leftovers
|-damage|p2a: Pelipper|94/100 tox|[from] psn
|upkeep
|turn|2
|
|t:|1779646472
|switch|p1a: Alomomola|Alomomola, M|100/100
|move|p2a: Pelipper|Hurricane|p1a: Alomomola
|-damage|p1a: Alomomola|43/100
|
|-weather|RainDance|[upkeep]
|-heal|p1a: Alomomola|49/100|[from] item: Leftovers
|-damage|p2a: Pelipper|82/100 tox|[from] psn
|upkeep
|turn|3
|
|t:|1779646484
|switch|p1a: Ogerpon|Ogerpon-Wellspring, F|100/100
|move|p2a: Pelipper|Hurricane|p1a: Ogerpon
|-supereffective|p1a: Ogerpon
|-damage|p1a: Ogerpon|0 fnt
|faint|p1a: Ogerpon
|
|-weather|RainDance|[upkeep]
|-damage|p2a: Pelipper|63/100 tox|[from] psn
|upkeep
|
|t:|1779646493
|switch|p1a: Clefable|Clefable, M|100/100
|turn|4
|
|t:|1779646502
|move|p1a: Clefable|Future Sight|p2a: Pelipper
|-start|p1a: Clefable|move: Future Sight
|move|p2a: Pelipper|Hurricane|p1a: Clefable
|-crit|p1a: Clefable
|-damage|p1a: Clefable|26/100
|
|-weather|RainDance|[upkeep]
|-heal|p1a: Clefable|32/100|[from] item: Leftovers
|-damage|p2a: Pelipper|39/100 tox|[from] psn
|upkeep
|turn|5
|
|t:|1779646514
|-terastallize|p1a: Clefable|Fairy
|move|p1a: Clefable|Draining Kiss|p2a: Pelipper
|-damage|p2a: Pelipper|0 fnt
|-heal|p1a: Clefable|56/100|[from] drain|[of] p2a: Pelipper
|faint|p2a: Pelipper
|
|-weather|RainDance|[upkeep]
|-heal|p1a: Clefable|62/100|[from] item: Leftovers
|upkeep
|
|t:|1779646525
|switch|p2a: Cinderace|Cinderace, F|100/100
|turn|6
|
|t:|1779646538
|switch|p1a: Garganacl|Garganacl, F|100/100
|move|p2a: Cinderace|U-turn|p1a: Garganacl
|-start|p2a: Cinderace|typechange|Bug|[from] ability: Libero
|-damage|p1a: Garganacl|84/100
|
|t:|1779646545
|switch|p2a: Electrode|Electrode-Hisui|100/100|[from] U-turn
|
|-weather|RainDance|[upkeep]
|-end|p2a: Electrode|move: Future Sight
|-damage|p2a: Electrode|47/100
|-heal|p1a: Garganacl|90/100|[from] item: Leftovers
|upkeep
|turn|7
|
|t:|1779646554
|-terastallize|p2a: Electrode|Electric
|move|p1a: Garganacl|Protect|p1a: Garganacl
|-singleturn|p1a: Garganacl|Protect
|move|p2a: Electrode|Electro Ball|p1a: Garganacl
|-activate|p1a: Garganacl|move: Protect
|
|-weather|RainDance|[upkeep]
|-heal|p1a: Garganacl|96/100|[from] item: Leftovers
|upkeep
|turn|8
|
|t:|1779646565
|switch|p2a: Garganacl|Garganacl, F|100/100
|move|p1a: Garganacl|Earthquake|p2a: Garganacl
|-supereffective|p2a: Garganacl
|-damage|p2a: Garganacl|71/100
|
|-weather|none
|-heal|p1a: Garganacl|100/100|[from] item: Leftovers
|-heal|p2a: Garganacl|77/100|[from] item: Leftovers
|upkeep
|turn|9
|
|t:|1779646578
|move|p1a: Garganacl|Earthquake|p2a: Garganacl
|-supereffective|p2a: Garganacl
|-damage|p2a: Garganacl|48/100
|move|p2a: Garganacl|Stealth Rock|p1a: Garganacl
|-sidestart|p1: CirclesInSquares|move: Stealth Rock
|
|-heal|p2a: Garganacl|54/100|[from] item: Leftovers
|upkeep
|turn|10
|
|t:|1779646585
|move|p1a: Garganacl|Earthquake|p2a: Garganacl
|-supereffective|p2a: Garganacl
|-damage|p2a: Garganacl|23/100
|move|p2a: Garganacl|Recover|p2a: Garganacl
|-heal|p2a: Garganacl|73/100
|
|-heal|p2a: Garganacl|79/100|[from] item: Leftovers
|upkeep
|turn|11
|
|t:|1779646593
|move|p1a: Garganacl|Earthquake|p2a: Garganacl
|-supereffective|p2a: Garganacl
|-damage|p2a: Garganacl|51/100
|move|p2a: Garganacl|Body Press|p1a: Garganacl
|-supereffective|p1a: Garganacl
|-damage|p1a: Garganacl|74/100
|
|-heal|p1a: Garganacl|80/100|[from] item: Leftovers
|-heal|p2a: Garganacl|58/100|[from] item: Leftovers
|upkeep
|turn|12
|
|t:|1779646601
|move|p1a: Garganacl|Earthquake|p2a: Garganacl
|-supereffective|p2a: Garganacl
|-damage|p2a: Garganacl|29/100
|move|p2a: Garganacl|Recover|p2a: Garganacl
|-heal|p2a: Garganacl|79/100
|
|-heal|p1a: Garganacl|87/100|[from] item: Leftovers
|-heal|p2a: Garganacl|85/100|[from] item: Leftovers
|upkeep
|turn|13
|
|t:|1779646609
|move|p1a: Garganacl|Earthquake|p2a: Garganacl
|-supereffective|p2a: Garganacl
|-damage|p2a: Garganacl|53/100
|move|p2a: Garganacl|Body Press|p1a: Garganacl
|-supereffective|p1a: Garganacl
|-damage|p1a: Garganacl|60/100
|
|-heal|p1a: Garganacl|67/100|[from] item: Leftovers
|-heal|p2a: Garganacl|59/100|[from] item: Leftovers
|upkeep
|turn|14
|
|t:|1779646618
|move|p1a: Garganacl|Earthquake|p2a: Garganacl
|-supereffective|p2a: Garganacl
|-damage|p2a: Garganacl|29/100
|move|p2a: Garganacl|Recover|p2a: Garganacl
|-heal|p2a: Garganacl|79/100
|
|-heal|p1a: Garganacl|73/100|[from] item: Leftovers
|-heal|p2a: Garganacl|85/100|[from] item: Leftovers
|upkeep
|turn|15
|
|t:|1779646627
|move|p1a: Garganacl|Earthquake|p2a: Garganacl
|-supereffective|p2a: Garganacl
|-damage|p2a: Garganacl|52/100
|move|p2a: Garganacl|Salt Cure|p1a: Garganacl
|-damage|p1a: Garganacl|66/100
|-start|p1a: Garganacl|Salt Cure
|
|-heal|p1a: Garganacl|72/100|[from] item: Leftovers
|-heal|p2a: Garganacl|58/100|[from] item: Leftovers
|-damage|p1a: Garganacl|60/100|[from] Salt Cure
|upkeep
|turn|16
|
|t:|1779646641
|switch|p1a: Alomomola|Alomomola, M|49/100
|-damage|p1a: Alomomola|37/100|[from] Stealth Rock
|move|p2a: Garganacl|Recover|p2a: Garganacl
|-heal|p2a: Garganacl|100/100
|
|-heal|p1a: Alomomola|43/100|[from] item: Leftovers
|upkeep
|turn|17
|
|t:|1779646651
|move|p1a: Alomomola|Wish|p1a: Alomomola
|move|p2a: Garganacl|Salt Cure|p1a: Alomomola
|-damage|p1a: Alomomola|36/100
|-start|p1a: Alomomola|Salt Cure
|
|-heal|p1a: Alomomola|42/100|[from] item: Leftovers
|-damage|p1a: Alomomola|18/100|[from] Salt Cure
|upkeep
|turn|18
|
|t:|1779646659
|move|p1a: Alomomola|Flip Turn|p2a: Garganacl
|-supereffective|p2a: Garganacl
|-damage|p2a: Garganacl|78/100
|
|t:|1779646669
|switch|p1a: Clodsire|Clodsire, F|80/100|[from] Flip Turn
|-damage|p1a: Clodsire|74/100|[from] Stealth Rock
|move|p2a: Garganacl|Body Press|p1a: Clodsire
|-resisted|p1a: Clodsire
|-damage|p1a: Clodsire|57/100
|
|-heal|p1a: Clodsire|100/100|[from] move: Wish|[wisher] Alomomola
|-heal|p2a: Garganacl|84/100|[from] item: Leftovers
|upkeep
|turn|19
|
|t:|1779646683
|move|p1a: Clodsire|Earthquake|p2a: Garganacl
|-supereffective|p2a: Garganacl
|-damage|p2a: Garganacl|46/100
|move|p2a: Garganacl|Salt Cure|p1a: Clodsire
|-resisted|p1a: Clodsire
|-damage|p1a: Clodsire|93/100
|-start|p1a: Clodsire|Salt Cure
|
|-heal|p1a: Clodsire|99/100|[from] item: Leftovers
|-heal|p2a: Garganacl|53/100|[from] item: Leftovers
|-damage|p1a: Clodsire|87/100|[from] Salt Cure
|upkeep
|turn|20
|
|t:|1779646693
|move|p1a: Clodsire|Earthquake|p2a: Garganacl
|-supereffective|p2a: Garganacl
|-damage|p2a: Garganacl|16/100
|move|p2a: Garganacl|Recover|p2a: Garganacl
|-heal|p2a: Garganacl|66/100
|
|-heal|p1a: Clodsire|93/100|[from] item: Leftovers
|-heal|p2a: Garganacl|72/100|[from] item: Leftovers
|-damage|p1a: Clodsire|81/100|[from] Salt Cure
|upkeep
|turn|21
|
|t:|1779646702
|move|p1a: Clodsire|Earthquake|p2a: Garganacl
|-supereffective|p2a: Garganacl
|-damage|p2a: Garganacl|39/100
|move|p2a: Garganacl|Recover|p2a: Garganacl
|-heal|p2a: Garganacl|89/100
|
|-heal|p1a: Clodsire|87/100|[from] item: Leftovers
|-heal|p2a: Garganacl|95/100|[from] item: Leftovers
|-damage|p1a: Clodsire|75/100|[from] Salt Cure
|upkeep
|turn|22
|
|t:|1779646712
|switch|p2a: Zamazenta|Zamazenta|100/100
|-ability|p2a: Zamazenta|Dauntless Shield|boost
|-boost|p2a: Zamazenta|def|1
|move|p1a: Clodsire|Earthquake|p2a: Zamazenta
|-damage|p2a: Zamazenta|84/100
|
|-heal|p2a: Zamazenta|90/100|[from] item: Leftovers
|-heal|p1a: Clodsire|81/100|[from] item: Leftovers
|-damage|p1a: Clodsire|68/100|[from] Salt Cure
|upkeep
|turn|23
|
|t:|1779646725
|move|p2a: Zamazenta|Substitute|p2a: Zamazenta
|-start|p2a: Zamazenta|Substitute
|-damage|p2a: Zamazenta|65/100
|move|p1a: Clodsire|Toxic||[still]
|-fail|p1a: Clodsire
|
|-heal|p2a: Zamazenta|71/100|[from] item: Leftovers
|-heal|p1a: Clodsire|74/100|[from] item: Leftovers
|-damage|p1a: Clodsire|62/100|[from] Salt Cure
|upkeep
|turn|24
|
|t:|1779646733
|move|p2a: Zamazenta|Iron Defense|p2a: Zamazenta
|-boost|p2a: Zamazenta|def|2
|move|p1a: Clodsire|Recover|p1a: Clodsire
|-heal|p1a: Clodsire|100/100
|
|-heal|p2a: Zamazenta|77/100|[from] item: Leftovers
|-damage|p1a: Clodsire|88/100|[from] Salt Cure
|upkeep
|turn|25
|
|t:|1779646744
|switch|p1a: Clefable|Clefable, M, tera:Fairy|62/100
|move|p2a: Zamazenta|Iron Defense|p2a: Zamazenta
|-boost|p2a: Zamazenta|def|2
|
|-heal|p2a: Zamazenta|84/100|[from] item: Leftovers
|-heal|p1a: Clefable|68/100|[from] item: Leftovers
|upkeep
|turn|26
|
|t:|1779646756
|move|p1a: Clefable|Hyper Voice|p2a: Zamazenta
|-damage|p2a: Zamazenta|63/100
|move|p2a: Zamazenta|Roar|p1a: Clefable
|drag|p1a: Clodsire|Clodsire, F|88/100
|-damage|p1a: Clodsire|82/100|[from] Stealth Rock
|
|-heal|p2a: Zamazenta|69/100|[from] item: Leftovers
|-heal|p1a: Clodsire|88/100|[from] item: Leftovers
|upkeep
|turn|27
|
|t:|1779646768
|move|p2a: Zamazenta|Iron Defense|p2a: Zamazenta
|-boost|p2a: Zamazenta|def|1
|move|p1a: Clodsire|Earthquake|p2a: Zamazenta
|-activate|p2a: Zamazenta|move: Substitute|[damage]
|
|-heal|p2a: Zamazenta|75/100|[from] item: Leftovers
|-heal|p1a: Clodsire|94/100|[from] item: Leftovers
|upkeep
|turn|28
|
|t:|1779646776
|move|p2a: Zamazenta|Body Press|p1a: Clodsire
|-resisted|p1a: Clodsire
|-damage|p1a: Clodsire|30/100
|move|p1a: Clodsire|Earthquake|p2a: Zamazenta
|-activate|p2a: Zamazenta|move: Substitute|[damage]
|
|-heal|p2a: Zamazenta|81/100|[from] item: Leftovers
|-heal|p1a: Clodsire|36/100|[from] item: Leftovers
|upkeep
|turn|29
|
|t:|1779646789
|switch|p1a: Garganacl|Garganacl, F|60/100
|-damage|p1a: Garganacl|47/100|[from] Stealth Rock
|move|p2a: Zamazenta|Body Press|p1a: Garganacl
|-supereffective|p1a: Garganacl
|-damage|p1a: Garganacl|0 fnt
|faint|p1a: Garganacl
|
|-heal|p2a: Zamazenta|87/100|[from] item: Leftovers
|upkeep
|-message|CirclesInSquares forfeited.
|
|win|bradfish1761
|raw|CirclesInSquares's rating: 1169 &rarr; <strong>1142</strong><br />(-27 for losing)
|raw|bradfish1761's rating: 1140 &rarr; <strong>1167</strong><br />(+27 for winning)
|l|☆CirclesInSquares
|player|p1|
