|j|☆nov.rain
|j|☆LFGM157
|t:|1779682553
|gametype|singles
|player|p1|nov.rain|169|1253
|player|p2|LFGM157|volkner|1259
|gen|9
|tier|[Gen 9] OU
|rated|
|rule|HP Percentage Mod: HP is shown in percentages
|rule|Endless Battle Clause: Forcing endless battles is banned
|rule|Species Clause: Limit one of each Pokémon
|rule|OHKO Clause: OHKO moves are banned
|rule|Evasion Items Clause: Evasion items are banned
|rule|Evasion Moves Clause: Evasion moves are banned
|rule|Evasion Abilities Clause: Evasion abilities are banned
|rule|Sleep Moves Clause: Sleep-inducing moves are banned
|clearpoke
|poke|p1|Iron Valiant|
|poke|p1|Kingambit, M|
|poke|p1|Ting-Lu|
|poke|p1|Ninetales, F|
|poke|p1|Walking Wake|
|poke|p1|Corviknight, M|
|poke|p2|Ninetales, M|
|poke|p2|Walking Wake|
|poke|p2|Iron Moth|
|poke|p2|Great Tusk|
|poke|p2|Hatterene, F|
|poke|p2|Kingambit, M|
|teampreview
|
|t:|1779682581
|teamsize|p1|6
|teamsize|p2|6
|start
|switch|p1a: Walking Wake|Walking Wake|100/100
|switch|p2a: Ninetales|Ninetales, M|100/100
|-weather|SunnyDay|[from] ability: Drought|[of] p2a: Ninetales
|-activate|p1a: Walking Wake|ability: Protosynthesis
|-start|p1a: Walking Wake|protosynthesisspe
|turn|1
|inactive|Battle timer is ON: inactive players will automatically lose when time's up. (requested by nov.rain)
|
|t:|1779682609
|switch|p2a: Hatterene|Hatterene, F|100/100
|move|p1a: Walking Wake|Hydro Steam|p2a: Hatterene
|-damage|p2a: Hatterene|40/100
|-enditem|p2a: Hatterene|Eject Button
|-damage|p1a: Walking Wake|91/100|[from] item: Life Orb
|
|t:|1779682614
|switch|p2a: Walking Wake|Walking Wake|100/100
|-activate|p2a: Walking Wake|ability: Protosynthesis
|-start|p2a: Walking Wake|protosynthesisspe
|
|-weather|SunnyDay|[upkeep]
|upkeep
|turn|2
|
|t:|1779682628
|-end|p1a: Walking Wake|Protosynthesis|[silent]
|switch|p1a: Un-ting the Lu|Ting-Lu, shiny|100/100
|-ability|p1a: Un-ting the Lu|Vessel of Ruin
|move|p2a: Walking Wake|Draco Meteor|p1a: Un-ting the Lu|[miss]
|-miss|p2a: Walking Wake|p1a: Un-ting the Lu
|
|-weather|SunnyDay|[upkeep]
|upkeep
|turn|3
|inactive|nov.rain has 120 seconds left.
|inactive|nov.rain has 90 seconds left.
|inactive|nov.rain has 60 seconds left.
|
|t:|1779682734
|-end|p2a: Walking Wake|Protosynthesis|[silent]
|switch|p2a: Great Tusk|Great Tusk|100/100
|-activate|p2a: Great Tusk|ability: Protosynthesis
|-start|p2a: Great Tusk|protosynthesisatk
|move|p1a: Un-ting the Lu|Ruination|p2a: Great Tusk
|-damage|p2a: Great Tusk|51/100
|
|-weather|SunnyDay|[upkeep]
|upkeep
|turn|4
|
|t:|1779682745
|-end|p2a: Great Tusk|Protosynthesis|[silent]
|switch|p2a: Iron Moth|Iron Moth|100/100
|-enditem|p2a: Iron Moth|Booster Energy
|-activate|p2a: Iron Moth|ability: Quark Drive|[fromitem]
|-start|p2a: Iron Moth|quarkdrivespe
|switch|p1a: Poe|Corviknight, M|100/100
|-ability|p1a: Poe|Pressure
|
|-weather|SunnyDay|[upkeep]
|upkeep
|turn|5
|
|t:|1779682752
|switch|p1a: Un-ting the Lu|Ting-Lu, shiny|100/100
|-ability|p1a: Un-ting the Lu|Vessel of Ruin
|move|p2a: Iron Moth|Substitute|p2a: Iron Moth
|-start|p2a: Iron Moth|Substitute
|-damage|p2a: Iron Moth|76/100
|
|-weather|SunnyDay|[upkeep]
|upkeep
|turn|6
|inactive|nov.rain has 60 seconds left.
|
|t:|1779682766
|move|p2a: Iron Moth|Fiery Dance|p1a: Un-ting the Lu
|-damage|p1a: Un-ting the Lu|75/100
|move|p1a: Un-ting the Lu|Whirlwind|p2a: Iron Moth
|-end|p2a: Iron Moth|Quark Drive|[silent]
|drag|p2a: Great Tusk|Great Tusk|51/100
|-activate|p2a: Great Tusk|ability: Protosynthesis
|-start|p2a: Great Tusk|protosynthesisatk
|
|-weather|SunnyDay|[upkeep]
|-heal|p1a: Un-ting the Lu|81/100|[from] item: Leftovers
|upkeep
|turn|7
|inactive|nov.rain has 60 seconds left.
|
|t:|1779682778
|move|p2a: Great Tusk|Headlong Rush|p1a: Un-ting the Lu
|-damage|p1a: Un-ting the Lu|40/100
|-unboost|p2a: Great Tusk|def|1
|-unboost|p2a: Great Tusk|spd|1
|move|p1a: Un-ting the Lu|Ruination|p2a: Great Tusk
|-damage|p2a: Great Tusk|26/100
|
|-weather|SunnyDay|[upkeep]
|-heal|p1a: Un-ting the Lu|47/100|[from] item: Leftovers
|upkeep
|turn|8
|
|t:|1779682783
|switch|p1a: Poe|Corviknight, M|100/100
|-ability|p1a: Poe|Pressure
|move|p2a: Great Tusk|Ice Spinner|p1a: Poe
|-damage|p1a: Poe|80/100
|-damage|p2a: Great Tusk|9/100|[from] item: Rocky Helmet|[of] p1a: Poe
|
|-weather|none
|-end|p2a: Great Tusk|Protosynthesis
|upkeep
|turn|9
|
|t:|1779682786
|move|p2a: Great Tusk|Head Smash|p1a: Poe
|-damage|p1a: Poe|50/100
|-damage|p2a: Great Tusk|0 fnt|[from] item: Rocky Helmet|[of] p1a: Poe
|faint|p2a: Great Tusk
|-end|p2a: Great Tusk|Protosynthesis|[silent]
|move|p1a: Poe|Brave Bird|p2: Great Tusk|[notarget]
|-fail|p1a: Poe
|
|upkeep
|
|t:|1779682791
|switch|p2a: Iron Moth|Iron Moth|76/100
|turn|10
|inactive|nov.rain has 90 seconds left.
|
|t:|1779682797
|switch|p1a: Un-ting the Lu|Ting-Lu, shiny|47/100
|-ability|p1a: Un-ting the Lu|Vessel of Ruin
|move|p2a: Iron Moth|Fiery Dance|p1a: Un-ting the Lu
|-damage|p1a: Un-ting the Lu|28/100
|
|-heal|p1a: Un-ting the Lu|34/100|[from] item: Leftovers
|upkeep
|turn|11
|
|t:|1779682820
|-terastallize|p2a: Iron Moth|Fairy
|move|p2a: Iron Moth|Dazzling Gleam|p1a: Un-ting the Lu
|-supereffective|p1a: Un-ting the Lu
|-damage|p1a: Un-ting the Lu|0 fnt
|faint|p1a: Un-ting the Lu
|
|upkeep
|
|t:|1779682834
|switch|p1a: Ninetales|Ninetales, F|100/100
|-weather|SunnyDay|[from] ability: Drought|[of] p1a: Ninetales
|turn|12
|
|t:|1779682845
|move|p2a: Iron Moth|Fiery Dance|p1a: Ninetales
|-resisted|p1a: Ninetales
|-damage|p1a: Ninetales|71/100
|-boost|p2a: Iron Moth|spa|1
|move|p1a: Ninetales|Flamethrower|p2a: Iron Moth
|-damage|p2a: Iron Moth|31/100
|
|-weather|SunnyDay|[upkeep]
|upkeep
|turn|13
|
|t:|1779682850
|move|p2a: Iron Moth|Sludge Wave|p1a: Ninetales
|-damage|p1a: Ninetales|0 fnt
|faint|p1a: Ninetales
|
|-weather|SunnyDay|[upkeep]
|upkeep
|
|t:|1779682854
|switch|p1a: Walking Wake|Walking Wake|91/100
|-activate|p1a: Walking Wake|ability: Protosynthesis
|-start|p1a: Walking Wake|protosynthesisspe
|turn|14
|
|t:|1779682864
|-end|p2a: Iron Moth|Quark Drive|[silent]
|switch|p2a: Hatterene|Hatterene, F|40/100
|move|p1a: Walking Wake|Hydro Steam|p2a: Hatterene
|-crit|p2a: Hatterene
|-damage|p2a: Hatterene|0 fnt
|faint|p2a: Hatterene
|-damage|p1a: Walking Wake|81/100|[from] item: Life Orb
|
|-weather|SunnyDay|[upkeep]
|upkeep
|
|t:|1779682866
|switch|p2a: Walking Wake|Walking Wake|100/100
|-activate|p2a: Walking Wake|ability: Protosynthesis
|-start|p2a: Walking Wake|protosynthesisspe
|turn|15
|
|t:|1779682872
|-terastallize|p1a: Walking Wake|Water
|move|p1a: Walking Wake|Dragon Pulse|p2a: Walking Wake
|-supereffective|p2a: Walking Wake
|-damage|p2a: Walking Wake|0 fnt
|faint|p2a: Walking Wake
|-end|p2a: Walking Wake|Protosynthesis|[silent]
|-damage|p1a: Walking Wake|71/100|[from] item: Life Orb
|
|-weather|SunnyDay|[upkeep]
|upkeep
|
|t:|1779682876
|switch|p2a: Kingambit|Kingambit, M|100/100
|-activate|p2a: Kingambit|ability: Supreme Overlord
|-start|p2a: Kingambit|fallen3|[silent]
|-item|p2a: Kingambit|Air Balloon
|turn|16
|
|t:|1779682880
|-end|p1a: Walking Wake|Protosynthesis|[silent]
|switch|p1a: Poe|Corviknight, M|50/100
|-ability|p1a: Poe|Pressure
|move|p2a: Kingambit|Swords Dance|p2a: Kingambit
|-boost|p2a: Kingambit|atk|2
|
|-weather|SunnyDay|[upkeep]
|upkeep
|turn|17
|
|t:|1779682896
|move|p1a: Poe|Body Press|p2a: Kingambit
|-supereffective|p2a: Kingambit
|-damage|p2a: Kingambit|24/100
|-enditem|p2a: Kingambit|Air Balloon
|move|p2a: Kingambit|Low Kick|p1a: Poe
|-damage|p1a: Poe|0 fnt
|-damage|p2a: Kingambit|8/100|[from] item: Rocky Helmet|[of] p1a: Poe
|faint|p1a: Poe
|
|-weather|SunnyDay|[upkeep]
|upkeep
|
|t:|1779682907
|switch|p1a: Al-Ta'ir|Iron Valiant, shiny|100/100
|-enditem|p1a: Al-Ta'ir|Booster Energy
|-activate|p1a: Al-Ta'ir|ability: Quark Drive|[fromitem]
|-start|p1a: Al-Ta'ir|quarkdrivespe
|turn|18
|
|t:|1779682910
|move|p2a: Kingambit|Sucker Punch|p1a: Al-Ta'ir
|-resisted|p1a: Al-Ta'ir
|-damage|p1a: Al-Ta'ir|67/100
|move|p1a: Al-Ta'ir|Spirit Break|p2a: Kingambit
|-damage|p2a: Kingambit|0 fnt
|faint|p2a: Kingambit
|-end|p2a: Kingambit|fallen3|[silent]
|
|-weather|SunnyDay|[upkeep]
|upkeep
|
|t:|1779682913
|switch|p2a: Ninetales|Ninetales, M|100/100
|turn|19
|
|t:|1779682921
|-end|p1a: Al-Ta'ir|Quark Drive|[silent]
|switch|p1a: Walking Wake|Walking Wake, tera:Water|71/100
|-activate|p1a: Walking Wake|ability: Protosynthesis
|-start|p1a: Walking Wake|protosynthesisspe
|move|p2a: Ninetales|Healing Wish|p2a: Ninetales
|faint|p2a: Ninetales
|
|-weather|none
|-end|p1a: Walking Wake|Protosynthesis
|upkeep
|
|t:|1779682923
|switch|p2a: Iron Moth|Iron Moth, tera:Fairy|31/100
|-heal|p2a: Iron Moth|100/100|[from] move: Healing Wish
|turn|20
|
|t:|1779682929
|move|p2a: Iron Moth|Sludge Wave|p1a: Walking Wake
|-damage|p1a: Walking Wake|11/100
|move|p1a: Walking Wake|Hydro Steam|p2a: Iron Moth
|-damage|p2a: Iron Moth|24/100
|-damage|p1a: Walking Wake|1/100|[from] item: Life Orb
|
|upkeep
|turn|21
|
|t:|1779682934
|move|p2a: Iron Moth|Dazzling Gleam|p1a: Walking Wake
|-damage|p1a: Walking Wake|0 fnt
|faint|p1a: Walking Wake
|-end|p1a: Walking Wake|Protosynthesis|[silent]
|
|upkeep
|
|t:|1779682936
|switch|p1a: Al-Ta'ir|Iron Valiant, shiny|67/100
|turn|22
|
|t:|1779682939
|move|p1a: Al-Ta'ir|Spirit Break|p2a: Iron Moth
|-damage|p2a: Iron Moth|0 fnt
|faint|p2a: Iron Moth
|-end|p2a: Iron Moth|Quark Drive|[silent]
|
|win|nov.rain
|raw|nov.rain's rating: 1231 &rarr; <strong>1257</strong><br />(+26 for winning)
|raw|LFGM157's rating: 1239 &rarr; <strong>1213</strong><br />(-26 for losing)
|l|☆LFGM157
|player|p2|
|l|☆nov.rain
|player|p1|
