|j|☆itsjustrps
|j|‽aaagislash
|t:|1779627843
|gametype|singles
|player|p1|itsjustrps|102|1511
|player|p2|aaagislash|102|1497
|gen|9
|tier|[Gen 9] OU
|rated|
|rule|HP Percentage Mod: HP is shown in percentages
|rule|Endless Battle Clause: Forcing endless battles is banned
|rule|Species Clause: Limit one of each Pokémon
|rule|OHKO Clause: OHKO moves are banned
|rule|Evasion Items Clause: Evasion items are banned
|rule|Evasion Moves Clause: Evasion moves are banned
|rule|Evasion Abilities Clause: Evasion abilities are banned
|rule|Sleep Moves Clause: Sleep-inducing moves are banned
|clearpoke
|poke|p1|Corviknight, M|
|poke|p1|Garganacl, M|
|poke|p1|Kyurem|
|poke|p1|Tornadus-Therian, M|
|poke|p1|Dondozo, F|
|poke|p1|Clodsire, M|
|poke|p2|Wigglytuff, F|
|poke|p2|Empoleon, M|
|poke|p2|Smeargle, F|
|poke|p2|Falinks|
|poke|p2|Rabsca, M|
|poke|p2|Cresselia, F|
|teampreview
|
|t:|1779627856
|teamsize|p1|6
|teamsize|p2|6
|start
|switch|p1a: Tornadus|Tornadus-Therian, M|100/100
|switch|p2a: Smeargle|Smeargle, F|100/100
|turn|1
|
|t:|1779627860
|move|p1a: Tornadus|Taunt|p2a: Smeargle
|-start|p2a: Smeargle|move: Taunt
|cant|p2a: Smeargle|move: Taunt|Sticky Web
|
|upkeep
|turn|2
|
|t:|1779627868
|switch|p2a: Rabsca|Rabsca, M|100/100
|move|p1a: Tornadus|U-turn|p2a: Rabsca
|-supereffective|p2a: Rabsca
|-damage|p2a: Rabsca|72/100
|inactive|Battle timer is ON: inactive players will automatically lose when time's up. (requested by itsjustrps)
|
|t:|1779627876
|switch|p1a: Corviknight|Corviknight, M|100/100|[from] U-turn
|-ability|p1a: Corviknight|Pressure
|
|upkeep
|turn|3
|
|t:|1779627879
|move|p1a: Corviknight|U-turn|p2a: Rabsca
|-supereffective|p2a: Rabsca
|-damage|p2a: Rabsca|46/100
|
|t:|1779627882
|switch|p1a: Salty|Garganacl, M|100/100|[from] U-turn
|move|p2a: Rabsca|Trick Room|p2a: Rabsca
|-fieldstart|move: Trick Room|[of] p2a: Rabsca
|
|upkeep
|turn|4
|
|t:|1779627885
|switch|p2a: Smeargle|Smeargle, F|100/100
|move|p1a: Salty|Salt Cure|p2a: Smeargle
|-damage|p2a: Smeargle|81/100
|-start|p2a: Smeargle|Salt Cure
|
|-damage|p2a: Smeargle|69/100|[from] Salt Cure
|upkeep
|turn|5
|
|t:|1779627891
|move|p1a: Salty|Body Press|p2a: Smeargle
|-supereffective|p2a: Smeargle
|-crit|p2a: Smeargle
|-damage|p2a: Smeargle|0 fnt
|faint|p2a: Smeargle
|
|upkeep
|
|t:|1779627895
|switch|p2a: Rabsca|Rabsca, M|46/100
|turn|6
|
|t:|1779627915
|switch|p1a: Tornadus|Tornadus-Therian, M|100/100
|move|p2a: Rabsca|Revival Blessing|p2a: Rabsca
|
|t:|1779627919
|-heal|p2: Smeargle|50/100|[from] move: Revival Blessing
|
|upkeep
|turn|7
|
|t:|1779627930
|move|p2a: Rabsca|Bug Buzz|p1a: Tornadus
|-resisted|p1a: Tornadus
|-damage|p1a: Tornadus|82/100
|move|p1a: Tornadus|U-turn|p2a: Rabsca
|-supereffective|p2a: Rabsca
|-damage|p2a: Rabsca|18/100
|
|t:|1779627933
|switch|p1a: Corviknight|Corviknight, M|100/100|[from] U-turn
|-ability|p1a: Corviknight|Pressure
|
|-fieldend|move: Trick Room
|upkeep
|turn|8
|
|t:|1779627938
|switch|p2a: Cresselia|Cresselia, F|100/100
|move|p1a: Corviknight|U-turn|p2a: Cresselia
|-supereffective|p2a: Cresselia
|-damage|p2a: Cresselia|85/100
|
|t:|1779627941
|switch|p1a: Tornadus|Tornadus-Therian, M|100/100|[from] U-turn
|
|upkeep
|turn|9
|
|t:|1779627943
|move|p1a: Tornadus|Taunt|p2a: Cresselia
|-start|p2a: Cresselia|move: Taunt
|-enditem|p2a: Cresselia|Mental Herb
|-end|p2a: Cresselia|move: Taunt
|move|p2a: Cresselia|Trick Room|p2a: Cresselia
|-fieldstart|move: Trick Room|[of] p2a: Cresselia
|
|upkeep
|turn|10
|
|t:|1779627974
|switch|p1a: Corviknight|Corviknight, M|100/100
|-ability|p1a: Corviknight|Pressure
|move|p2a: Cresselia|Lunar Dance|p2a: Cresselia
|faint|p2a: Cresselia
|
|upkeep
|
|t:|1779627983
|switch|p2a: Wigglytuff|Wigglytuff, F|100/100
|turn|11
|
|t:|1779627994
|switch|p1a: Clodsire|Clodsire, M|100/100
|-terastallize|p2a: Wigglytuff|Normal
|move|p2a: Wigglytuff|Hyper Beam|p1a: Clodsire|[miss]
|-miss|p2a: Wigglytuff|p1a: Clodsire
|
|upkeep
|turn|12
|
|t:|1779628005
|switch|p1a: Salty|Garganacl, M|100/100
|switch|p2a: Smeargle|Smeargle, F|50/100
|-heal|p2a: Smeargle|100/100|[from] move: Lunar Dance
|
|upkeep
|turn|13
|
|t:|1779628009
|move|p1a: Salty|Body Press|p2a: Smeargle
|-supereffective|p2a: Smeargle
|-damage|p2a: Smeargle|41/100
|move|p2a: Smeargle|Sticky Web|p1a: Salty
|-sidestart|p1: itsjustrps|move: Sticky Web
|
|-fieldend|move: Trick Room
|upkeep
|turn|14
|
|t:|1779628016
|move|p1a: Salty|Salt Cure|p2a: Smeargle
|-crit|p2a: Smeargle
|-damage|p2a: Smeargle|9/100
|-start|p2a: Smeargle|Salt Cure
|move|p2a: Smeargle|Trick Room|p2a: Smeargle
|-fieldstart|move: Trick Room|[of] p2a: Smeargle
|
|-damage|p2a: Smeargle|0 fnt|[from] Salt Cure
|faint|p2a: Smeargle
|upkeep
|
|t:|1779628031
|switch|p2a: Empoleon|Empoleon, M|100/100
|turn|15
|j| dr6ke
|-message|aaagislash forfeited.
|
|win|itsjustrps
|raw|itsjustrps's rating: 1511 &rarr; <strong>1530</strong><br />(+19 for winning)
|raw|aaagislash's rating: 1497 &rarr; <strong>1478</strong><br />(-19 for losing)
|l|‽aaagislash
|player|p2|
|l| dr6ke
|l|☆itsjustrps
|player|p1|
