|j|☆Nikfire48
|j|☆ainasucks
|t:|1779685331
|gametype|singles
|player|p1|Nikfire48|1|1197
|player|p2|ainasucks|265|1183
|gen|9
|tier|[Gen 9] OU
|rated|
|rule|HP Percentage Mod: HP is shown in percentages
|rule|Endless Battle Clause: Forcing endless battles is banned
|rule|Species Clause: Limit one of each Pokémon
|rule|OHKO Clause: OHKO moves are banned
|rule|Evasion Items Clause: Evasion items are banned
|rule|Evasion Moves Clause: Evasion moves are banned
|rule|Evasion Abilities Clause: Evasion abilities are banned
|rule|Sleep Moves Clause: Sleep-inducing moves are banned
|clearpoke
|poke|p1|Garganacl, M|
|poke|p1|Dondozo, F|
|poke|p1|Weezing-Galar, F|
|poke|p1|Alomomola, F|
|poke|p1|Gliscor, M|
|poke|p1|Gholdengo|
|poke|p2|Regieleki|
|poke|p2|Glastrier|
|poke|p2|Zamazenta-*|
|poke|p2|Darkrai|
|poke|p2|Garchomp, F|
|poke|p2|Latias, F|
|teampreview
|inactive|Battle timer is ON: inactive players will automatically lose when time's up. (requested by Nikfire48)
|
|t:|1779685338
|teamsize|p1|6
|teamsize|p2|6
|start
|switch|p1a: Gliscor|Gliscor, M|100/100
|switch|p2a: Glastrier|Glastrier|100/100
|turn|1
|
|t:|1779685345
|-terastallize|p1a: Gliscor|Normal
|move|p1a: Gliscor|Toxic|p2a: Glastrier
|-status|p2a: Glastrier|tox
|move|p2a: Glastrier|Avalanche|p1a: Gliscor
|-damage|p1a: Gliscor|78/100
|
|-damage|p2a: Glastrier|94/100 tox|[from] psn
|-status|p1a: Gliscor|tox|[from] item: Toxic Orb
|upkeep
|turn|2
|
|t:|1779685357
|move|p1a: Gliscor|Substitute|p1a: Gliscor
|-start|p1a: Gliscor|Substitute
|-damage|p1a: Gliscor|53/100 tox
|move|p2a: Glastrier|Zen Headbutt|p1a: Gliscor
|-crit|p1a: Gliscor
|-end|p1a: Gliscor|Substitute
|
|-heal|p1a: Gliscor|65/100 tox|[from] ability: Poison Heal
|-damage|p2a: Glastrier|82/100 tox|[from] psn
|upkeep
|turn|3
|
|t:|1779685367
|move|p1a: Gliscor|Protect|p1a: Gliscor
|-singleturn|p1a: Gliscor|Protect
|move|p2a: Glastrier|High Horsepower|p1a: Gliscor
|-activate|p1a: Gliscor|move: Protect
|
|-heal|p1a: Gliscor|78/100 tox|[from] ability: Poison Heal
|-damage|p2a: Glastrier|63/100 tox|[from] psn
|upkeep
|turn|4
|
|t:|1779685377
|move|p1a: Gliscor|Substitute|p1a: Gliscor
|-start|p1a: Gliscor|Substitute
|-damage|p1a: Gliscor|53/100 tox
|move|p2a: Glastrier|High Horsepower|p1a: Gliscor
|-end|p1a: Gliscor|Substitute
|
|-heal|p1a: Gliscor|65/100 tox|[from] ability: Poison Heal
|-damage|p2a: Glastrier|38/100 tox|[from] psn
|upkeep
|turn|5
|
|t:|1779685387
|move|p1a: Gliscor|Protect|p1a: Gliscor
|-singleturn|p1a: Gliscor|Protect
|move|p2a: Glastrier|Rest|p2a: Glastrier
|-status|p2a: Glastrier|slp|[from] move: Rest
|-heal|p2a: Glastrier|100/100 slp|[silent]
|-enditem|p2a: Glastrier|Chesto Berry|[eat]
|-curestatus|p2a: Glastrier|slp|[msg]
|
|-heal|p1a: Gliscor|78/100 tox|[from] ability: Poison Heal
|upkeep
|turn|6
|
|t:|1779685399
|switch|p2a: Regieleki|Regieleki|100/100
|move|p1a: Gliscor|Toxic|p2a: Regieleki
|-status|p2a: Regieleki|tox
|
|-damage|p2a: Regieleki|95/100 tox|[from] psn
|-heal|p1a: Gliscor|90/100 tox|[from] ability: Poison Heal
|upkeep
|turn|7
|
|t:|1779685414
|move|p1a: Gliscor|Protect|p1a: Gliscor
|-singleturn|p1a: Gliscor|Protect
|move|p2a: Regieleki|Thunderbolt|p1a: Gliscor
|-activate|p1a: Gliscor|move: Protect
|
|-damage|p2a: Regieleki|83/100 tox|[from] psn
|-heal|p1a: Gliscor|100/100 tox|[from] ability: Poison Heal
|upkeep
|turn|8
|
|t:|1779685423
|switch|p1a: Weezing|Weezing-Galar, F|100/100
|-ability|p1a: Weezing|Neutralizing Gas
|move|p2a: Regieleki|Thunderbolt|p1a: Weezing
|-damage|p1a: Weezing|50/100
|
|-heal|p1a: Weezing|56/100|[from] item: Leftovers
|-damage|p2a: Regieleki|65/100 tox|[from] psn
|upkeep
|turn|9
|
|t:|1779685435
|switch|p2a: Zamazenta|Zamazenta|100/100
|move|p1a: Weezing|Pain Split|p2a: Zamazenta
|-sethp|p2a: Zamazenta|74/100|[from] move: Pain Split|[silent]
|-sethp|p1a: Weezing|86/100|[from] move: Pain Split
|
|-heal|p2a: Zamazenta|80/100|[from] item: Leftovers
|-heal|p1a: Weezing|92/100|[from] item: Leftovers
|upkeep
|turn|10
|
|t:|1779685445
|move|p2a: Zamazenta|Iron Head|p1a: Weezing
|-supereffective|p1a: Weezing
|-damage|p1a: Weezing|57/100
|move|p1a: Weezing|Will-O-Wisp|p2a: Zamazenta
|-status|p2a: Zamazenta|brn
|
|-heal|p2a: Zamazenta|87/100 brn|[from] item: Leftovers
|-heal|p1a: Weezing|63/100|[from] item: Leftovers
|-damage|p2a: Zamazenta|80/100 brn|[from] brn
|upkeep
|turn|11
|-message|ainasucks forfeited.
|
|win|Nikfire48
|raw|Nikfire48's rating: 1197 &rarr; <strong>1221</strong><br />(+24 for winning)
|raw|ainasucks's rating: 1183 &rarr; <strong>1159</strong><br />(-24 for losing)
|l|☆ainasucks
|player|p2|
