|j|☆Vieux Paresseux
|j|☆Player569m
|t:|1779659473
|gametype|singles
|player|p1|Vieux Paresseux|collector|1343
|player|p2|Player569m|1|1375
|gen|9
|tier|[Gen 9] OU
|rated|
|rule|HP Percentage Mod: HP is shown in percentages
|rule|Endless Battle Clause: Forcing endless battles is banned
|rule|Species Clause: Limit one of each Pokémon
|rule|OHKO Clause: OHKO moves are banned
|rule|Evasion Items Clause: Evasion items are banned
|rule|Evasion Moves Clause: Evasion moves are banned
|rule|Evasion Abilities Clause: Evasion abilities are banned
|rule|Sleep Moves Clause: Sleep-inducing moves are banned
|clearpoke
|poke|p1|Dragonite, F|
|poke|p1|Snorlax, F|
|poke|p1|Lapras, F|
|poke|p1|Moltres|
|poke|p1|Gengar, M|
|poke|p1|Scyther, F|
|poke|p2|Kingambit, M|
|poke|p2|Torkoal, M|
|poke|p2|Ninetales-Alola, M|
|poke|p2|Pecharunt|
|poke|p2|Walking Wake|
|poke|p2|Rillaboom, M|
|teampreview
|
|t:|1779659483
|teamsize|p1|6
|teamsize|p2|6
|start
|switch|p1a: What's up|Dragonite, F|100/100
|switch|p2a: Ninetales|Ninetales-Alola, M|100/100
|-weather|Snowscape|[from] ability: Snow Warning|[of] p2a: Ninetales
|turn|1
|inactive|Battle timer is ON: inactive players will automatically lose when time's up. (requested by Player569m)
|
|t:|1779659491
|-terastallize|p1a: What's up|Normal
|move|p2a: Ninetales|Aurora Veil|p2a: Ninetales
|-sidestart|p2: Player569m|move: Aurora Veil
|move|p1a: What's up|Iron Head|p2a: Ninetales
|-supereffective|p2a: Ninetales
|-damage|p2a: Ninetales|34/100
|
|-weather|Snowscape|[upkeep]
|upkeep
|turn|2
|
|t:|1779659502
|switch|p2a: Pecharunt|Pecharunt|100/100
|move|p1a: What's up|Earthquake|p2a: Pecharunt
|-supereffective|p2a: Pecharunt
|-damage|p2a: Pecharunt|72/100
|
|-weather|Snowscape|[upkeep]
|upkeep
|turn|3
|
|t:|1779659508
|switch|p1a: Gengar|Gengar, M|100/100
|switch|p2a: Rillaboom|Rillaboom, M|100/100
|-fieldstart|move: Grassy Terrain|[from] ability: Grassy Surge|[of] p2a: Rillaboom
|-enditem|p2a: Rillaboom|Grassy Seed
|-boost|p2a: Rillaboom|def|1|[from] item: Grassy Seed
|
|-weather|Snowscape|[upkeep]
|upkeep
|turn|4
|
|t:|1779659521
|switch|p1a: Fried Chicken|Moltres|100/100
|move|p2a: Rillaboom|Knock Off|p1a: Fried Chicken
|-damage|p1a: Fried Chicken|76/100
|-enditem|p1a: Fried Chicken|Heavy-Duty Boots|[from] move: Knock Off|[of] p2a: Rillaboom
|
|-weather|Snowscape|[upkeep]
|upkeep
|turn|5
|
|t:|1779659535
|switch|p2a: Torkoal|Torkoal, M|100/100
|-weather|SunnyDay|[from] ability: Drought|[of] p2a: Torkoal
|move|p1a: Fried Chicken|U-turn|p2a: Torkoal
|-resisted|p2a: Torkoal
|-damage|p2a: Torkoal|97/100
|
|t:|1779659539
|switch|p1a: Fat Cat|Snorlax, F|100/100|[from] U-turn
|
|-weather|SunnyDay|[upkeep]
|-heal|p2a: Torkoal|100/100|[from] Grassy Terrain
|upkeep
|turn|6
|
|t:|1779659548
|move|p1a: Fat Cat|Body Slam|p2a: Torkoal
|-damage|p2a: Torkoal|80/100
|move|p2a: Torkoal|Stealth Rock|p1a: Fat Cat
|-sidestart|p1: Vieux Paresseux|move: Stealth Rock
|
|-weather|SunnyDay|[upkeep]
|-heal|p2a: Torkoal|86/100|[from] Grassy Terrain
|upkeep
|turn|7
|
|t:|1779659556
|move|p1a: Fat Cat|Body Slam|p2a: Torkoal
|-damage|p2a: Torkoal|67/100
|move|p2a: Torkoal|Flare Blitz|p1a: Fat Cat
|-damage|p1a: Fat Cat|66/100
|-damage|p2a: Torkoal|47/100|[from] Recoil
|
|-weather|SunnyDay|[upkeep]
|-heal|p1a: Fat Cat|72/100|[from] Grassy Terrain
|-heal|p2a: Torkoal|53/100|[from] Grassy Terrain
|-fieldend|move: Grassy Terrain
|upkeep
|turn|8
|
|t:|1779659571
|switch|p2a: Pecharunt|Pecharunt|72/100
|move|p1a: Fat Cat|Body Slam|p2a: Pecharunt
|-immune|p2a: Pecharunt
|
|-weather|SunnyDay|[upkeep]
|-sideend|p2: Player569m|move: Aurora Veil
|upkeep
|turn|9
|
|t:|1779659580
|switch|p1a: Gengar|Gengar, M|100/100
|-damage|p1a: Gengar|88/100|[from] Stealth Rock
|move|p2a: Pecharunt|Nasty Plot|p2a: Pecharunt
|-boost|p2a: Pecharunt|spa|2
|
|-weather|none
|upkeep
|turn|10
|-activate|p2a: Pecharunt|item: Quick Claw
|
|t:|1779659600
|move|p2a: Pecharunt|Shadow Ball|p1a: Gengar
|-supereffective|p1a: Gengar
|-damage|p1a: Gengar|0 fnt
|faint|p1a: Gengar
|
|upkeep
|
|t:|1779659617
|switch|p1a: Scyther|Scyther, F|100/100
|turn|11
|
|t:|1779659623
|move|p1a: Scyther|Swords Dance|p1a: Scyther
|-boost|p1a: Scyther|atk|2
|move|p2a: Pecharunt|Shadow Ball|p1a: Scyther
|-damage|p1a: Scyther|0 fnt
|faint|p1a: Scyther
|
|upkeep
|-message|Vieux Paresseux forfeited.
|
|win|Player569m
|raw|Vieux Paresseux's rating: 1343 &rarr; <strong>1325</strong><br />(-18 for losing)
|raw|Player569m's rating: 1375 &rarr; <strong>1393</strong><br />(+18 for winning)
|l|☆Vieux Paresseux
|player|p1|
