|j|☆PokeAbl052417015ub
|j|☆Looneyguy24
|t:|1779656562
|gametype|singles
|player|p1|PokeAbl052417015ub|101|1040
|player|p2|Looneyguy24|ruinmaniac|1035
|gen|9
|tier|[Gen 9] OU
|rated|
|rule|HP Percentage Mod: HP is shown in percentages
|rule|Endless Battle Clause: Forcing endless battles is banned
|rule|Species Clause: Limit one of each Pokémon
|rule|OHKO Clause: OHKO moves are banned
|rule|Evasion Items Clause: Evasion items are banned
|rule|Evasion Moves Clause: Evasion moves are banned
|rule|Evasion Abilities Clause: Evasion abilities are banned
|rule|Sleep Moves Clause: Sleep-inducing moves are banned
|clearpoke
|poke|p1|Glimmora, F|
|poke|p1|Great Tusk|
|poke|p1|Gholdengo|
|poke|p1|Dragapult, F|
|poke|p1|Primarina, M|
|poke|p1|Kingambit, F|
|poke|p2|Scizor, M|
|poke|p2|Infernape, M|
|poke|p2|Poliwrath, M|
|poke|p2|Politoed, M|
|poke|p2|Torterra, M|
|poke|p2|Garganacl, M|
|teampreview
|
|t:|1779656567
|teamsize|p1|6
|teamsize|p2|6
|start
|switch|p1a: Great Tusk|Great Tusk|100/100
|switch|p2a: Scizor|Scizor, M|100/100
|turn|1
|inactive|Battle timer is ON: inactive players will automatically lose when time's up. (requested by PokeAbl052417015ub)
|
|t:|1779656571
|move|p1a: Great Tusk|Knock Off|p2a: Scizor
|-damage|p2a: Scizor|66/100
|-enditem|p2a: Scizor|Leftovers|[from] move: Knock Off|[of] p1a: Great Tusk
|move|p2a: Scizor|Close Combat|p1a: Great Tusk
|-damage|p1a: Great Tusk|66/100
|-unboost|p2a: Scizor|def|1
|-unboost|p2a: Scizor|spd|1
|
|upkeep
|turn|2
|
|t:|1779656576
|move|p1a: Great Tusk|Headlong Rush|p2a: Scizor
|-damage|p2a: Scizor|0 fnt
|-unboost|p1a: Great Tusk|def|1
|-unboost|p1a: Great Tusk|spd|1
|faint|p2a: Scizor
|
|upkeep
|
|t:|1779656582
|switch|p2a: Politoed|Politoed, M, shiny|100/100
|-weather|RainDance|[from] ability: Drizzle|[of] p2a: Politoed
|turn|3
|
|t:|1779656587
|move|p1a: Great Tusk|Headlong Rush|p2a: Politoed
|-damage|p2a: Politoed|29/100
|-unboost|p1a: Great Tusk|def|1
|-unboost|p1a: Great Tusk|spd|1
|move|p2a: Politoed|Weather Ball|p1a: Great Tusk
|-supereffective|p1a: Great Tusk
|-damage|p1a: Great Tusk|0 fnt
|faint|p1a: Great Tusk
|-end|p1a: Great Tusk|Protosynthesis|[silent]
|
|-weather|RainDance|[upkeep]
|upkeep
|
|t:|1779656592
|switch|p1a: Primarina|Primarina, M|100/100
|turn|4
|
|t:|1779656597
|move|p1a: Primarina|Surf|p2a: Politoed
|-resisted|p2a: Politoed
|-damage|p2a: Politoed|3/100
|move|p2a: Politoed|Ice Beam|p1a: Primarina
|-resisted|p1a: Primarina
|-damage|p1a: Primarina|95/100
|
|-weather|RainDance|[upkeep]
|upkeep
|turn|5
|
|t:|1779656602
|move|p1a: Primarina|Flip Turn|p2a: Politoed
|-resisted|p2a: Politoed
|-damage|p2a: Politoed|0 fnt
|faint|p2a: Politoed
|
|t:|1779656607
|switch|p1a: Dragapult|Dragapult, F|100/100|[from] Flip Turn
|
|-weather|RainDance|[upkeep]
|upkeep
|
|t:|1779656610
|switch|p2a: Poliwrath|Poliwrath, M|100/100
|turn|6
|
|t:|1779656615
|move|p2a: Poliwrath|Belly Drum|p2a: Poliwrath
|-damage|p2a: Poliwrath|50/100
|-setboost|p2a: Poliwrath|atk|6|[from] move: Belly Drum
|-enditem|p2a: Poliwrath|Sitrus Berry|[eat]
|-heal|p2a: Poliwrath|75/100|[from] item: Sitrus Berry
|move|p1a: Dragapult|Draco Meteor|p2a: Poliwrath
|-damage|p2a: Poliwrath|11/100
|-unboost|p1a: Dragapult|spa|2
|
|-weather|RainDance|[upkeep]
|upkeep
|turn|7
|
|t:|1779656621
|switch|p1a: Glimmora|Glimmora, F|100/100
|move|p2a: Poliwrath|Liquidation|p1a: Glimmora
|-supereffective|p1a: Glimmora
|-enditem|p1a: Glimmora|Focus Sash
|-damage|p1a: Glimmora|1/100
|-activate|p1a: Glimmora|ability: Toxic Debris
|-sidestart|p2: Looneyguy24|move: Toxic Spikes
|
|-weather|RainDance|[upkeep]
|upkeep
|turn|8
|
|t:|1779656631
|move|p2a: Poliwrath|Drain Punch|p1a: Glimmora
|-damage|p1a: Glimmora|0 fnt
|-heal|p2a: Poliwrath|11/100|[from] drain|[of] p1a: Glimmora
|-activate|p1a: Glimmora|ability: Toxic Debris
|-sidestart|p2: Looneyguy24|move: Toxic Spikes
|faint|p1a: Glimmora
|
|-weather|RainDance|[upkeep]
|upkeep
|
|t:|1779656634
|switch|p1a: Kingambit|Kingambit, F|100/100
|-activate|p1a: Kingambit|ability: Supreme Overlord
|-start|p1a: Kingambit|fallen2|[silent]
|turn|9
|
|t:|1779656637
|move|p1a: Kingambit|Sucker Punch|p2a: Poliwrath
|-resisted|p2a: Poliwrath
|-damage|p2a: Poliwrath|0 fnt
|faint|p2a: Poliwrath
|
|-weather|RainDance|[upkeep]
|upkeep
|
|t:|1779656639
|switch|p2a: Infernape|Infernape, M|100/100
|-status|p2a: Infernape|tox
|turn|10
|
|t:|1779656644
|-end|p1a: Kingambit|fallen2|[silent]
|switch|p1a: Primarina|Primarina, M|95/100
|move|p2a: Infernape|Overheat|p1a: Primarina
|-resisted|p1a: Primarina
|-damage|p1a: Primarina|86/100
|-unboost|p2a: Infernape|spa|2
|
|-weather|none
|-damage|p2a: Infernape|94/100 tox|[from] psn
|upkeep
|turn|11
|
|t:|1779656649
|switch|p2a: Torterra|Torterra, M|100/100
|-status|p2a: Torterra|tox
|move|p1a: Primarina|Surf|p2a: Torterra
|-damage|p2a: Torterra|54/100 tox
|
|-heal|p2a: Torterra|60/100 tox|[from] item: Leftovers
|-damage|p2a: Torterra|54/100 tox|[from] psn
|upkeep
|turn|12
|
|t:|1779656655
|move|p1a: Primarina|Flip Turn|p2a: Torterra
|-damage|p2a: Torterra|45/100 tox
|
|t:|1779656660
|switch|p1a: Gholdengo|Gholdengo|100/100|[from] Flip Turn
|-item|p1a: Gholdengo|Air Balloon
|move|p2a: Torterra|Leech Seed|p1a: Gholdengo
|-immune|p1a: Gholdengo|[from] ability: Good as Gold
|
|-heal|p2a: Torterra|51/100 tox|[from] item: Leftovers
|-damage|p2a: Torterra|39/100 tox|[from] psn
|upkeep
|turn|13
|-message|Looneyguy24 forfeited.
|
|win|PokeAbl052417015ub
|raw|PokeAbl052417015ub's rating: 1040 &rarr; <strong>1074</strong><br />(+34 for winning)
|raw|Looneyguy24's rating: 1035 &rarr; <strong>1020</strong><br />(-15 for losing)
|l|☆Looneyguy24
|player|p2|
