|j|☆my 100lb pug
|j|☆Mr Tpen
|t:|1779641180
|gametype|singles
|player|p1|my 100lb pug|1|1683
|player|p2|Mr Tpen|102|1636
|gen|9
|tier|[Gen 9] OU
|rated|
|rule|HP Percentage Mod: HP is shown in percentages
|rule|Endless Battle Clause: Forcing endless battles is banned
|rule|Species Clause: Limit one of each Pokémon
|rule|OHKO Clause: OHKO moves are banned
|rule|Evasion Items Clause: Evasion items are banned
|rule|Evasion Moves Clause: Evasion moves are banned
|rule|Evasion Abilities Clause: Evasion abilities are banned
|rule|Sleep Moves Clause: Sleep-inducing moves are banned
|clearpoke
|poke|p1|Delphox, F|
|poke|p1|Raging Bolt|
|poke|p1|Samurott-Hisui, M|
|poke|p1|Hatterene, F|
|poke|p1|Great Tusk|
|poke|p1|Kyurem|
|poke|p2|Kyurem|
|poke|p2|Hatterene, F|
|poke|p2|Darkrai|
|poke|p2|Great Tusk|
|poke|p2|Dragonite, F|
|poke|p2|Gholdengo|
|teampreview
|inactive|Battle timer is ON: inactive players will automatically lose when time's up. (requested by Mr Tpen)
|inactive|my 100lb pug has 120 seconds left.
|inactive|my 100lb pug has 90 seconds left.
|inactive|my 100lb pug has 60 seconds left.
|inactive|my 100lb pug has 30 seconds left.
|
|t:|1779641310
|teamsize|p1|6
|teamsize|p2|6
|start
|switch|p1a: Samurott|Samurott-Hisui, M|100/100
|switch|p2a: Kyurem|Kyurem|100/100
|-ability|p2a: Kyurem|Pressure
|turn|1
|
|t:|1779641315
|move|p1a: Samurott|Sacred Sword|p2a: Kyurem
|-supereffective|p2a: Kyurem
|-damage|p2a: Kyurem|44/100
|move|p2a: Kyurem|Freeze-Dry|p1a: Samurott
|-supereffective|p1a: Samurott
|-damage|p1a: Samurott|0 fnt
|faint|p1a: Samurott
|
|upkeep
|inactive|my 100lb pug has 90 seconds left.
|
|t:|1779641340
|switch|p1a: Delphox|Delphox, F|100/100
|turn|2
|
|t:|1779641345
|move|p1a: Delphox|Flamethrower|p2a: Kyurem
|-damage|p2a: Kyurem|5/100
|move|p2a: Kyurem|Earth Power|p1a: Delphox
|-supereffective|p1a: Delphox
|-damage|p1a: Delphox|30/100
|
|upkeep
|turn|3
|
|t:|1779641351
|move|p1a: Delphox|Flamethrower|p2a: Kyurem
|-damage|p2a: Kyurem|0 fnt
|faint|p2a: Kyurem
|
|upkeep
|
|t:|1779641363
|switch|p2a: Darkrai|Darkrai|100/100
|turn|4
|
|t:|1779641367
|switch|p1a: Hatterene|Hatterene, F|100/100
|move|p2a: Darkrai|Dark Pulse|p1a: Hatterene
|-damage|p1a: Hatterene|68/100
|
|upkeep
|turn|5
|inactive|my 100lb pug has 120 seconds left.
|
|t:|1779641373
|switch|p2a: Hatterene|Hatterene, F|100/100
|move|p1a: Hatterene|Nuzzle|p2a: Hatterene
|-damage|p2a: Hatterene|97/100
|-status|p2a: Hatterene|par
|-damage|p1a: Hatterene|52/100|[from] item: Rocky Helmet|[of] p2a: Hatterene
|
|upkeep
|turn|6
|
|t:|1779641376
|move|p1a: Hatterene|Draining Kiss|p2a: Hatterene
|-damage|p2a: Hatterene|67/100 par
|-heal|p1a: Hatterene|74/100|[from] drain|[of] p2a: Hatterene
|-damage|p1a: Hatterene|58/100|[from] item: Rocky Helmet|[of] p2a: Hatterene
|move|p2a: Hatterene|Nuzzle|p1a: Hatterene
|-damage|p1a: Hatterene|54/100
|-status|p1a: Hatterene|par
|
|upkeep
|turn|7
|
|t:|1779641380
|move|p2a: Hatterene|Psychic Noise|p1a: Hatterene
|-resisted|p1a: Hatterene
|-damage|p1a: Hatterene|43/100 par
|-start|p1a: Hatterene|move: Heal Block
|cant|p1a: Hatterene|move: Heal Block|Draining Kiss
|
|upkeep
|turn|8
|
|t:|1779641384
|move|p2a: Hatterene|Draining Kiss|p1a: Hatterene
|-damage|p1a: Hatterene|26/100 par
|-heal|p2a: Hatterene|80/100 par|[from] drain|[of] p1a: Hatterene
|move|p1a: Hatterene|Dazzling Gleam|p2a: Hatterene
|-damage|p2a: Hatterene|30/100 par
|
|-end|p1a: Hatterene|move: Heal Block
|upkeep
|turn|9
|
|t:|1779641390
|move|p2a: Hatterene|Psychic Noise|p1a: Hatterene
|-resisted|p1a: Hatterene
|-crit|p1a: Hatterene
|-damage|p1a: Hatterene|9/100 par
|-start|p1a: Hatterene|move: Heal Block
|move|p1a: Hatterene|Dazzling Gleam|p2a: Hatterene
|-damage|p2a: Hatterene|0 fnt
|faint|p2a: Hatterene
|
|upkeep
|
|t:|1779641395
|switch|p2a: Great Tusk|Great Tusk|100/100
|turn|10
|
|t:|1779641399
|move|p2a: Great Tusk|Rapid Spin|p1a: Hatterene
|-damage|p1a: Hatterene|0 fnt
|-boost|p2a: Great Tusk|spe|1
|faint|p1a: Hatterene
|
|upkeep
|
|t:|1779641404
|switch|p1a: Raging Bolt|Raging Bolt|100/100
|-enditem|p1a: Raging Bolt|Booster Energy
|-activate|p1a: Raging Bolt|ability: Protosynthesis|[fromitem]
|-start|p1a: Raging Bolt|protosynthesisspa
|turn|11
|
|t:|1779641409
|-terastallize|p1a: Raging Bolt|Flying
|move|p2a: Great Tusk|Ice Spinner|p1a: Raging Bolt
|-supereffective|p1a: Raging Bolt
|-damage|p1a: Raging Bolt|60/100
|move|p1a: Raging Bolt|Dragon Pulse|p2a: Great Tusk
|-damage|p2a: Great Tusk|21/100
|
|-heal|p2a: Great Tusk|27/100|[from] item: Leftovers
|upkeep
|turn|12
|
|t:|1779641414
|move|p2a: Great Tusk|Ice Spinner|p1a: Raging Bolt
|-supereffective|p1a: Raging Bolt
|-damage|p1a: Raging Bolt|21/100
|move|p1a: Raging Bolt|Dragon Pulse|p2a: Great Tusk
|-damage|p2a: Great Tusk|0 fnt
|faint|p2a: Great Tusk
|-end|p2a: Great Tusk|Protosynthesis|[silent]
|
|upkeep
|
|t:|1779641417
|switch|p2a: Dragonite|Dragonite, F|100/100
|turn|13
|
|t:|1779641423
|-end|p1a: Raging Bolt|Protosynthesis|[silent]
|switch|p1a: Great Tusk|Great Tusk|100/100
|move|p2a: Dragonite|Extreme Speed|p1a: Great Tusk
|-damage|p1a: Great Tusk|86/100
|
|upkeep
|turn|14
|
|t:|1779641427
|switch|p2a: Gholdengo|Gholdengo|100/100
|move|p1a: Great Tusk|Knock Off|p2a: Gholdengo
|-supereffective|p2a: Gholdengo
|-damage|p2a: Gholdengo|46/100
|-enditem|p2a: Gholdengo|Shuca Berry|[from] move: Knock Off|[of] p1a: Great Tusk
|
|upkeep
|turn|15
|
|t:|1779641435
|-terastallize|p2a: Gholdengo|Flying
|move|p1a: Great Tusk|Headlong Rush|p2a: Gholdengo
|-immune|p2a: Gholdengo
|move|p2a: Gholdengo|Psyshock|p1a: Great Tusk
|-supereffective|p1a: Great Tusk
|-damage|p1a: Great Tusk|53/100
|
|upkeep
|turn|16
|
|t:|1779641442
|move|p1a: Great Tusk|Stealth Rock|p2a: Gholdengo
|-sidestart|p2: Mr Tpen|move: Stealth Rock
|move|p2a: Gholdengo|Make It Rain|p1a: Great Tusk
|-damage|p1a: Great Tusk|0 fnt
|-unboost|p2a: Gholdengo|spa|1
|faint|p1a: Great Tusk
|-end|p1a: Great Tusk|Protosynthesis|[silent]
|
|upkeep
|
|t:|1779641445
|switch|p1a: Kyurem|Kyurem|100/100
|-ability|p1a: Kyurem|Pressure
|turn|17
|
|t:|1779641453
|move|p1a: Kyurem|Scale Shot|p2a: Gholdengo|[miss]
|-miss|p1a: Kyurem|p2a: Gholdengo
|move|p2a: Gholdengo|Make It Rain|p1a: Kyurem
|-supereffective|p1a: Kyurem
|-damage|p1a: Kyurem|0 fnt
|-unboost|p2a: Gholdengo|spa|1
|faint|p1a: Kyurem
|
|upkeep
|-message|my 100lb pug forfeited.
|
|win|Mr Tpen
|raw|my 100lb pug's rating: 1683 &rarr; <strong>1660</strong><br />(-23 for losing)
|raw|Mr Tpen's rating: 1636 &rarr; <strong>1659</strong><br />(+23 for winning)
|l|☆my 100lb pug
|player|p1|
|l|☆Mr Tpen
|player|p2|
