|j|☆Winke Noppen
|j|☆scj2012
|t:|1779630459
|gametype|singles
|player|p1|Winke Noppen|flannery|1106
|player|p2|scj2012|2|1104
|gen|9
|tier|[Gen 9] OU
|rated|
|rule|HP Percentage Mod: HP is shown in percentages
|rule|Endless Battle Clause: Forcing endless battles is banned
|rule|Species Clause: Limit one of each Pokémon
|rule|OHKO Clause: OHKO moves are banned
|rule|Evasion Items Clause: Evasion items are banned
|rule|Evasion Moves Clause: Evasion moves are banned
|rule|Evasion Abilities Clause: Evasion abilities are banned
|rule|Sleep Moves Clause: Sleep-inducing moves are banned
|clearpoke
|poke|p1|Malamar, F|
|poke|p1|Serperior, F|
|poke|p1|Manaphy|
|poke|p1|Hatterene, F|
|poke|p1|Toxapex, F|
|poke|p1|Glimmora, F|
|poke|p2|Hawlucha, M|
|poke|p2|Sudowoodo, L1, M|
|poke|p2|Kingambit, M|
|poke|p2|Dragonite, M|
|poke|p2|Ogerpon, F|
|poke|p2|Great Tusk|
|teampreview
|
|t:|1779630467
|teamsize|p1|6
|teamsize|p2|6
|start
|switch|p1a: Serperior|Serperior, F|100/100
|switch|p2a: Sudowoodo|Sudowoodo, L1, M|100/100
|turn|1
|
|t:|1779630478
|move|p1a: Serperior|Leaf Storm|p2a: Sudowoodo|[miss]
|-miss|p1a: Serperior|p2a: Sudowoodo
|move|p2a: Sudowoodo|Spikes|p1a: Serperior
|-sidestart|p1: Winke Noppen|Spikes
|
|upkeep
|turn|2
|
|t:|1779630486
|move|p1a: Serperior|Leaf Storm|p2a: Sudowoodo
|-supereffective|p2a: Sudowoodo
|-ability|p2a: Sudowoodo|Sturdy
|-damage|p2a: Sudowoodo|8/100
|-boost|p1a: Serperior|spa|2
|move|p2a: Sudowoodo|Spikes|p1a: Serperior
|-sidestart|p1: Winke Noppen|Spikes
|
|upkeep
|turn|3
|-enditem|p2a: Sudowoodo|Custap Berry|[eat]
|-activate|p2a: Sudowoodo|item: Custap Berry|[consumed]
|
|t:|1779630497
|move|p2a: Sudowoodo|Endeavor|p1a: Serperior
|-damage|p1a: Serperior|1/100
|move|p1a: Serperior|Leaf Storm|p2a: Sudowoodo
|-supereffective|p2a: Sudowoodo
|-damage|p2a: Sudowoodo|0 fnt
|-boost|p1a: Serperior|spa|2
|faint|p2a: Sudowoodo
|
|-heal|p1a: Serperior|7/100|[from] item: Leftovers
|upkeep
|
|t:|1779630502
|switch|p2a: Dragonite|Dragonite, M|100/100
|turn|4
|
|t:|1779630512
|move|p2a: Dragonite|Extreme Speed|p1a: Serperior
|-damage|p1a: Serperior|0 fnt
|faint|p1a: Serperior
|
|upkeep
|
|t:|1779630517
|switch|p1a: Toxapex|Toxapex, F|100/100
|-damage|p1a: Toxapex|84/100|[from] Spikes
|turn|5
|
|t:|1779630526
|move|p2a: Dragonite|Dragon Dance|p2a: Dragonite
|-boost|p2a: Dragonite|atk|1
|-boost|p2a: Dragonite|spe|1
|move|p1a: Toxapex|Toxic|p2a: Dragonite
|-status|p2a: Dragonite|tox
|
|-damage|p2a: Dragonite|94/100 tox|[from] psn
|upkeep
|turn|6
|
|t:|1779630534
|move|p1a: Toxapex|Baneful Bunker|p1a: Toxapex
|-singleturn|p1a: Toxapex|move: Protect
|move|p2a: Dragonite|Earthquake|p1a: Toxapex
|-activate|p1a: Toxapex|move: Protect
|
|-damage|p2a: Dragonite|82/100 tox|[from] psn
|upkeep
|turn|7
|
|t:|1779630541
|-terastallize|p1a: Toxapex|Dark
|move|p2a: Dragonite|Earthquake|p1a: Toxapex
|-damage|p1a: Toxapex|34/100
|move|p1a: Toxapex|Infestation|p2a: Dragonite
|-resisted|p2a: Dragonite
|-damage|p2a: Dragonite|80/100 tox
|-activate|p2a: Dragonite|move: Infestation|[of] p1a: Toxapex
|
|-damage|p2a: Dragonite|62/100 tox|[from] psn
|-damage|p2a: Dragonite|49/100 tox|[from] move: Infestation|[partiallytrapped]
|upkeep
|turn|8
|
|t:|1779630553
|move|p1a: Toxapex|Baneful Bunker|p1a: Toxapex
|-singleturn|p1a: Toxapex|move: Protect
|move|p2a: Dragonite|Dragon Dance|p2a: Dragonite
|-boost|p2a: Dragonite|atk|1
|-boost|p2a: Dragonite|spe|1
|
|-damage|p2a: Dragonite|25/100 tox|[from] psn
|-damage|p2a: Dragonite|12/100 tox|[from] move: Infestation|[partiallytrapped]
|upkeep
|turn|9
|
|t:|1779630561
|move|p1a: Toxapex|Baneful Bunker|p1a: Toxapex
|-singleturn|p1a: Toxapex|move: Protect
|move|p2a: Dragonite|Earthquake|p1a: Toxapex
|-activate|p1a: Toxapex|move: Protect
|
|-damage|p2a: Dragonite|0 fnt|[from] psn
|faint|p2a: Dragonite
|upkeep
|
|t:|1779630571
|switch|p2a: Hawlucha|Hawlucha, M|100/100
|turn|10
|
|t:|1779630575
|move|p2a: Hawlucha|Close Combat|p1a: Toxapex
|-supereffective|p1a: Toxapex
|-damage|p1a: Toxapex|0 fnt
|-unboost|p2a: Hawlucha|def|1
|-unboost|p2a: Hawlucha|spd|1
|-damage|p2a: Hawlucha|84/100|[from] item: Rocky Helmet|[of] p1a: Toxapex
|faint|p1a: Toxapex
|
|upkeep
|
|t:|1779630582
|switch|p1a: Hatterene|Hatterene, F|100/100
|-damage|p1a: Hatterene|84/100|[from] Spikes
|turn|11
|
|t:|1779630589
|switch|p2a: Kingambit|Kingambit, M|100/100
|-activate|p2a: Kingambit|ability: Supreme Overlord
|-start|p2a: Kingambit|fallen2|[silent]
|move|p1a: Hatterene|Draining Kiss|p2a: Kingambit
|-damage|p2a: Kingambit|71/100
|-heal|p1a: Hatterene|100/100|[from] drain|[of] p2a: Kingambit
|
|-heal|p2a: Kingambit|77/100|[from] item: Leftovers
|upkeep
|turn|12
|
|t:|1779630599
|move|p2a: Kingambit|Iron Head|p1a: Hatterene
|-supereffective|p1a: Hatterene
|-damage|p1a: Hatterene|0 fnt
|-damage|p2a: Kingambit|60/100|[from] item: Rocky Helmet|[of] p1a: Hatterene
|faint|p1a: Hatterene
|
|-heal|p2a: Kingambit|66/100|[from] item: Leftovers
|upkeep
|
|t:|1779630607
|switch|p1a: Manaphy|Manaphy|100/100
|-damage|p1a: Manaphy|84/100|[from] Spikes
|turn|13
|
|t:|1779630612
|move|p1a: Manaphy|Whirlpool|p2a: Kingambit
|-damage|p2a: Kingambit|52/100
|-activate|p2a: Kingambit|move: Whirlpool|[of] p1a: Manaphy
|move|p2a: Kingambit|Kowtow Cleave|p1a: Manaphy
|-damage|p1a: Manaphy|40/100
|
|-heal|p1a: Manaphy|46/100|[from] item: Leftovers
|-heal|p2a: Kingambit|59/100|[from] item: Leftovers
|-damage|p2a: Kingambit|46/100|[from] move: Whirlpool|[partiallytrapped]
|upkeep
|turn|14
|
|t:|1779630621
|move|p1a: Manaphy|Protect|p1a: Manaphy
|-singleturn|p1a: Manaphy|Protect
|move|p2a: Kingambit|Swords Dance|p2a: Kingambit
|-boost|p2a: Kingambit|atk|2
|
|-heal|p1a: Manaphy|52/100|[from] item: Leftovers
|-heal|p2a: Kingambit|52/100|[from] item: Leftovers
|-damage|p2a: Kingambit|40/100|[from] move: Whirlpool|[partiallytrapped]
|upkeep
|turn|15
|
|t:|1779630629
|move|p1a: Manaphy|Whirlpool|p2a: Kingambit
|-damage|p2a: Kingambit|26/100
|move|p2a: Kingambit|Kowtow Cleave|p1a: Manaphy
|-damage|p1a: Manaphy|0 fnt
|faint|p1a: Manaphy
|
|-heal|p2a: Kingambit|32/100|[from] item: Leftovers
|-end|p2a: Kingambit|Whirlpool|[partiallytrapped]|[silent]
|upkeep
|
|t:|1779630638
|switch|p1a: Glimmora|Glimmora, F|100/100
|-damage|p1a: Glimmora|84/100|[from] Spikes
|turn|16
|
|t:|1779630647
|move|p1a: Glimmora|Spiky Shield|p1a: Glimmora
|-singleturn|p1a: Glimmora|move: Protect
|move|p2a: Kingambit|Iron Head|p1a: Glimmora
|-activate|p1a: Glimmora|move: Protect
|-damage|p2a: Kingambit|20/100|[from] Spiky Shield|[of] p1a: Glimmora
|
|-heal|p1a: Glimmora|90/100|[from] item: Leftovers
|-heal|p2a: Kingambit|26/100|[from] item: Leftovers
|upkeep
|turn|17
|-message|Winke Noppen forfeited.
|
|win|scj2012
|raw|Winke Noppen's rating: 1106 &rarr; <strong>1081</strong><br />(-25 for losing)
|raw|scj2012's rating: 1104 &rarr; <strong>1129</strong><br />(+25 for winning)
|l|☆Winke Noppen
|player|p1|
|l|☆scj2012
|player|p2|
