|j|☆pwetnilycan
|j|☆Hokari
|t:|1779589541
|gametype|singles
|player|p1|pwetnilycan|170|1071
|player|p2|Hokari|koga|1060
|gen|9
|tier|[Gen 9] OU
|rated|
|rule|HP Percentage Mod: HP is shown in percentages
|rule|Endless Battle Clause: Forcing endless battles is banned
|rule|Species Clause: Limit one of each Pokémon
|rule|OHKO Clause: OHKO moves are banned
|rule|Evasion Items Clause: Evasion items are banned
|rule|Evasion Moves Clause: Evasion moves are banned
|rule|Evasion Abilities Clause: Evasion abilities are banned
|rule|Sleep Moves Clause: Sleep-inducing moves are banned
|clearpoke
|poke|p1|Charizard, M|
|poke|p1|Venusaur, F|
|poke|p1|Ninetales, F|
|poke|p1|Great Tusk|
|poke|p1|Glimmora, M|
|poke|p1|Ceruledge, F|
|poke|p2|Dragonite, F|
|poke|p2|Great Tusk|
|poke|p2|Weavile, F|
|poke|p2|Minior-Blue|
|poke|p2|Iron Valiant|
|poke|p2|Oricorio, M|
|teampreview
|inactive|Battle timer is ON: inactive players will automatically lose when time's up. (requested by pwetnilycan)
|
|t:|1779589546
|teamsize|p1|6
|teamsize|p2|6
|start
|switch|p1a: Glimmora|Glimmora, M|100/100
|switch|p2a: Minior|Minior-Blue|100/100
|-formechange|p2a: Minior|Minior-Meteor||[from] ability: Shields Down
|turn|1
|
|t:|1779589558
|move|p1a: Glimmora|Stealth Rock|p2a: Minior
|-sidestart|p2: Hokari|move: Stealth Rock
|move|p2a: Minior|Shell Smash|p2a: Minior
|-unboost|p2a: Minior|def|1
|-unboost|p2a: Minior|spd|1
|-boost|p2a: Minior|atk|2
|-boost|p2a: Minior|spa|2
|-boost|p2a: Minior|spe|2
|-enditem|p2a: Minior|White Herb
|-clearnegativeboost|p2a: Minior|[silent]
|
|upkeep
|turn|2
|
|t:|1779589569
|move|p2a: Minior|Earthquake|p1a: Glimmora
|-supereffective|p1a: Glimmora
|-enditem|p1a: Glimmora|Focus Sash
|-damage|p1a: Glimmora|1/100
|-activate|p1a: Glimmora|ability: Toxic Debris
|-sidestart|p2: Hokari|move: Toxic Spikes
|move|p1a: Glimmora|Power Gem|p2a: Minior
|-supereffective|p2a: Minior
|-damage|p2a: Minior|0 fnt
|faint|p2a: Minior
|
|upkeep
|
|t:|1779589580
|switch|p2a: Dragonite|Dragonite, F, shiny|100/100
|-damage|p2a: Dragonite|76/100|[from] Stealth Rock
|turn|3
|
|t:|1779589586
|move|p2a: Dragonite|Extreme Speed|p1a: Glimmora
|-resisted|p1a: Glimmora
|-damage|p1a: Glimmora|0 fnt
|-activate|p1a: Glimmora|ability: Toxic Debris
|-sidestart|p2: Hokari|move: Toxic Spikes
|faint|p1a: Glimmora
|
|upkeep
|
|t:|1779589592
|switch|p1a: Great Tusk|Great Tusk|100/100
|-enditem|p1a: Great Tusk|Booster Energy
|-activate|p1a: Great Tusk|ability: Protosynthesis|[fromitem]
|-start|p1a: Great Tusk|protosynthesisatk
|turn|4
|
|t:|1779589600
|move|p2a: Dragonite|Dragon Dance|p2a: Dragonite
|-boost|p2a: Dragonite|atk|1
|-boost|p2a: Dragonite|spe|1
|move|p1a: Great Tusk|Ice Spinner|p2a: Dragonite
|-supereffective|p2a: Dragonite
|-damage|p2a: Dragonite|0 fnt
|faint|p2a: Dragonite
|
|upkeep
|
|t:|1779589609
|switch|p2a: Oricorio|Oricorio, M, shiny|100/100
|-damage|p2a: Oricorio|51/100|[from] Stealth Rock
|turn|5
|
|t:|1779589624
|move|p2a: Oricorio|Quiver Dance|p2a: Oricorio
|-boost|p2a: Oricorio|spa|1
|-boost|p2a: Oricorio|spd|1
|-boost|p2a: Oricorio|spe|1
|move|p1a: Great Tusk|Ice Spinner|p2a: Oricorio
|-damage|p2a: Oricorio|0 fnt
|-damage|p1a: Great Tusk|84/100|[from] item: Rocky Helmet|[of] p2a: Oricorio
|faint|p2a: Oricorio
|
|upkeep
|
|t:|1779589627
|switch|p2a: Drug Addict|Weavile, F|100/100
|-damage|p2a: Drug Addict|76/100|[from] Stealth Rock
|-status|p2a: Drug Addict|tox
|-ability|p2a: Drug Addict|Pressure
|turn|6
|
|t:|1779589640
|-terastallize|p1a: Great Tusk|Fairy
|move|p2a: Drug Addict|Fake Out|p1a: Great Tusk
|-damage|p1a: Great Tusk|74/100
|cant|p1a: Great Tusk|flinch
|
|-damage|p2a: Drug Addict|70/100 tox|[from] psn
|upkeep
|turn|7
|
|t:|1779589648
|move|p2a: Drug Addict|Ice Spinner|p1a: Great Tusk
|-damage|p1a: Great Tusk|47/100
|move|p1a: Great Tusk|Play Rough|p2a: Drug Addict
|-supereffective|p2a: Drug Addict
|-damage|p2a: Drug Addict|0 fnt
|faint|p2a: Drug Addict
|
|upkeep
|
|t:|1779589653
|switch|p2a: Mamoswinae|Great Tusk|100/100
|-damage|p2a: Mamoswinae|98/100|[from] Stealth Rock
|-status|p2a: Mamoswinae|tox
|-enditem|p2a: Mamoswinae|Booster Energy
|-activate|p2a: Mamoswinae|ability: Protosynthesis|[fromitem]
|-start|p2a: Mamoswinae|protosynthesisdef
|turn|8
|
|t:|1779589660
|move|p1a: Great Tusk|Play Rough|p2a: Mamoswinae
|-supereffective|p2a: Mamoswinae
|-damage|p2a: Mamoswinae|39/100 tox
|move|p2a: Mamoswinae|Earthquake|p1a: Great Tusk
|-damage|p1a: Great Tusk|8/100
|
|-damage|p2a: Mamoswinae|33/100 tox|[from] psn
|upkeep
|turn|9
|
|t:|1779589667
|move|p1a: Great Tusk|Play Rough|p2a: Mamoswinae
|-supereffective|p2a: Mamoswinae
|-damage|p2a: Mamoswinae|0 fnt
|faint|p2a: Mamoswinae
|-end|p2a: Mamoswinae|Protosynthesis|[silent]
|
|upkeep
|
|t:|1779589670
|switch|p2a: Chris Paul|Iron Valiant, shiny|100/100
|-damage|p2a: Chris Paul|94/100|[from] Stealth Rock
|-status|p2a: Chris Paul|tox
|-enditem|p2a: Chris Paul|Booster Energy
|-activate|p2a: Chris Paul|ability: Quark Drive|[fromitem]
|-start|p2a: Chris Paul|quarkdrivespe
|turn|10
|
|t:|1779589679
|-terastallize|p2a: Chris Paul|Fairy
|move|p2a: Chris Paul|Spirit Break|p1a: Great Tusk
|-damage|p1a: Great Tusk|0 fnt
|faint|p1a: Great Tusk
|-end|p1a: Great Tusk|Protosynthesis|[silent]
|
|-damage|p2a: Chris Paul|88/100 tox|[from] psn
|upkeep
|
|t:|1779589686
|switch|p1a: Ceruledge|Ceruledge, F|100/100
|turn|11
|
|t:|1779589690
|move|p2a: Chris Paul|Spirit Break|p1a: Ceruledge
|-resisted|p1a: Ceruledge
|-damage|p1a: Ceruledge|61/100
|-unboost|p1a: Ceruledge|spa|1
|-ability|p1a: Ceruledge|Weak Armor|boost
|-unboost|p1a: Ceruledge|def|1
|-boost|p1a: Ceruledge|spe|2
|move|p1a: Ceruledge|Swords Dance|p1a: Ceruledge
|-boost|p1a: Ceruledge|atk|2
|
|-damage|p2a: Chris Paul|76/100 tox|[from] psn
|upkeep
|turn|12
|
|t:|1779589702
|move|p2a: Chris Paul|Spirit Break|p1a: Ceruledge
|-resisted|p1a: Ceruledge
|-damage|p1a: Ceruledge|1/100
|-unboost|p1a: Ceruledge|spa|1
|-ability|p1a: Ceruledge|Weak Armor|boost
|-unboost|p1a: Ceruledge|def|1
|-boost|p1a: Ceruledge|spe|2
|move|p1a: Ceruledge|Bitter Blade|p2a: Chris Paul
|-damage|p2a: Chris Paul|0 fnt
|-heal|p1a: Ceruledge|38/100|[from] drain|[of] p2a: Chris Paul
|faint|p2a: Chris Paul
|-end|p2a: Chris Paul|Quark Drive|[silent]
|
|win|pwetnilycan
|raw|pwetnilycan's rating: 1071 &rarr; <strong>1099</strong><br />(+28 for winning)
|raw|Hokari's rating: 1060 &rarr; <strong>1042</strong><br />(-18 for losing)
|l|☆Hokari
|player|p2|
|l|☆pwetnilycan
|player|p1|
