|j|☆mieldrain
|j|☆lklowxhn
|t:|1779595396
|gametype|singles
|player|p1|mieldrain|lady-gen4|1631
|player|p2|lklowxhn|miku-ghost|1609
|gen|9
|tier|[Gen 9] OU
|rated|
|rule|HP Percentage Mod: HP is shown in percentages
|rule|Endless Battle Clause: Forcing endless battles is banned
|rule|Species Clause: Limit one of each Pokémon
|rule|OHKO Clause: OHKO moves are banned
|rule|Evasion Items Clause: Evasion items are banned
|rule|Evasion Moves Clause: Evasion moves are banned
|rule|Evasion Abilities Clause: Evasion abilities are banned
|rule|Sleep Moves Clause: Sleep-inducing moves are banned
|clearpoke
|poke|p1|Dragapult, F|
|poke|p1|Ting-Lu|
|poke|p1|Corviknight, M|
|poke|p1|Primarina, M|
|poke|p1|Raging Bolt|
|poke|p1|Gholdengo|
|poke|p2|Ninetales, F|
|poke|p2|Walking Wake|
|poke|p2|Venusaur, F|
|poke|p2|Great Tusk|
|poke|p2|Hatterene, F|
|poke|p2|Hydreigon, M|
|teampreview
|inactive|Battle timer is ON: inactive players will automatically lose when time's up. (requested by mieldrain)
|inactive|lklowxhn also wants the timer to be on.
|
|t:|1779595412
|teamsize|p1|6
|teamsize|p2|6
|start
|switch|p1a: Rellana|Primarina, M, shiny|100/100
|switch|p2a: Ninetales|Ninetales, F|100/100
|-weather|SunnyDay|[from] ability: Drought|[of] p2a: Ninetales
|turn|1
|j| rexa2
|
|t:|1779595442
|switch|p2a: Venusaur|Venusaur, F|100/100
|switch|p1a: Mohg|Ting-Lu|100/100
|-ability|p1a: Mohg|Vessel of Ruin
|
|-weather|SunnyDay|[upkeep]
|upkeep
|turn|2
|l| rexa2
|
|t:|1779595453
|move|p2a: Venusaur|Growth|p2a: Venusaur
|-boost|p2a: Venusaur|atk|2
|-boost|p2a: Venusaur|spa|2
|move|p1a: Mohg|Earthquake|p2a: Venusaur
|-damage|p2a: Venusaur|48/100
|
|-weather|SunnyDay|[upkeep]
|upkeep
|turn|3
|
|t:|1779595470
|move|p2a: Venusaur|Solar Beam||[still]
|-prepare|p2a: Venusaur|Solar Beam
|-anim|p2a: Venusaur|Solar Beam|p1a: Mohg
|-supereffective|p1a: Mohg
|-damage|p1a: Mohg|0 fnt
|faint|p1a: Mohg
|-damage|p2a: Venusaur|38/100|[from] item: Life Orb
|
|-weather|SunnyDay|[upkeep]
|upkeep
|
|t:|1779595478
|switch|p1a: Placidusax|Dragapult, F|100/100
|turn|4
|
|t:|1779595483
|move|p2a: Venusaur|Solar Beam||[still]
|-prepare|p2a: Venusaur|Solar Beam
|-anim|p2a: Venusaur|Solar Beam|p1a: Placidusax
|-resisted|p1a: Placidusax
|-damage|p1a: Placidusax|0 fnt
|faint|p1a: Placidusax
|-damage|p2a: Venusaur|28/100|[from] item: Life Orb
|
|-weather|SunnyDay|[upkeep]
|upkeep
|
|t:|1779595490
|switch|p1a: Midra|Raging Bolt|100/100
|-activate|p1a: Midra|ability: Protosynthesis
|-start|p1a: Midra|protosynthesisspa
|turn|5
|
|t:|1779595494
|move|p1a: Midra|Thunderclap||[still]
|-fail|p1a: Midra
|move|p2a: Venusaur|Growth|p2a: Venusaur
|-boost|p2a: Venusaur|atk|2
|-boost|p2a: Venusaur|spa|2
|
|-weather|SunnyDay|[upkeep]
|upkeep
|turn|6
|
|t:|1779595497
|move|p1a: Midra|Thunderclap|p2a: Venusaur
|-resisted|p2a: Venusaur
|-damage|p2a: Venusaur|0 fnt
|faint|p2a: Venusaur
|
|-weather|SunnyDay|[upkeep]
|upkeep
|
|t:|1779595504
|switch|p2a: Hydreigon|Hydreigon, M|100/100
|turn|7
|
|t:|1779595511
|-terastallize|p1a: Midra|Fairy
|move|p2a: Hydreigon|Stealth Rock|p1a: Midra
|-sidestart|p1: mieldrain|move: Stealth Rock
|move|p1a: Midra|Dragon Pulse|p2a: Hydreigon
|-supereffective|p2a: Hydreigon
|-damage|p2a: Hydreigon|0 fnt
|faint|p2a: Hydreigon
|
|-weather|SunnyDay|[upkeep]
|upkeep
|
|t:|1779595518
|switch|p2a: Walking Wake|Walking Wake|100/100
|-activate|p2a: Walking Wake|ability: Protosynthesis
|-start|p2a: Walking Wake|protosynthesisspa
|turn|8
|
|t:|1779595528
|-end|p1a: Midra|Protosynthesis|[silent]
|switch|p1a: Godrick|Gholdengo|100/100
|-damage|p1a: Godrick|94/100|[from] Stealth Rock
|move|p2a: Walking Wake|Hydro Steam|p1a: Godrick
|-damage|p1a: Godrick|0 fnt
|faint|p1a: Godrick
|
|-weather|none
|-end|p2a: Walking Wake|Protosynthesis
|upkeep
|
|t:|1779595530
|switch|p1a: Rellana|Primarina, M, shiny|100/100
|-damage|p1a: Rellana|88/100|[from] Stealth Rock
|turn|9
|
|t:|1779595535
|-end|p2a: Walking Wake|Protosynthesis|[silent]
|switch|p2a: Ninetales|Ninetales, F|100/100
|-weather|SunnyDay|[from] ability: Drought|[of] p2a: Ninetales
|move|p1a: Rellana|Surf|p2a: Ninetales
|-supereffective|p2a: Ninetales
|-damage|p2a: Ninetales|37/100
|
|-weather|SunnyDay|[upkeep]
|upkeep
|turn|10
|
|t:|1779595547
|switch|p1a: Midra|Raging Bolt, tera:Fairy|100/100
|-damage|p1a: Midra|88/100|[from] Stealth Rock
|-activate|p1a: Midra|ability: Protosynthesis
|-start|p1a: Midra|protosynthesisspa
|move|p2a: Ninetales|Encore||[still]
|-fail|p2a: Ninetales
|
|-weather|SunnyDay|[upkeep]
|upkeep
|turn|11
|
|t:|1779595551
|-end|p1a: Midra|Protosynthesis|[silent]
|switch|p1a: Rellana|Primarina, M, shiny|88/100
|-damage|p1a: Rellana|75/100|[from] Stealth Rock
|move|p2a: Ninetales|Healing Wish|p2a: Ninetales
|faint|p2a: Ninetales
|
|-weather|SunnyDay|[upkeep]
|upkeep
|
|t:|1779595555
|switch|p2a: Great Tusk|Great Tusk|100/100
|-activate|p2a: Great Tusk|ability: Protosynthesis
|-start|p2a: Great Tusk|protosynthesisatk
|turn|12
|
|t:|1779595559
|switch|p1a: Maliketh|Corviknight, M|100/100
|-damage|p1a: Maliketh|88/100|[from] Stealth Rock
|-ability|p1a: Maliketh|Pressure
|move|p2a: Great Tusk|Headlong Rush|p1a: Maliketh
|-immune|p1a: Maliketh
|
|-weather|SunnyDay|[upkeep]
|upkeep
|turn|13
|
|t:|1779595561
|-end|p2a: Great Tusk|Protosynthesis|[silent]
|switch|p2a: Hatterene|Hatterene, F|100/100
|move|p1a: Maliketh|Brave Bird|p2a: Hatterene
|-damage|p2a: Hatterene|67/100
|-damage|p1a: Maliketh|79/100|[from] Recoil
|-enditem|p2a: Hatterene|Eject Button
|
|t:|1779595564
|switch|p2a: Walking Wake|Walking Wake|100/100
|-activate|p2a: Walking Wake|ability: Protosynthesis
|-start|p2a: Walking Wake|protosynthesisspa
|
|-weather|SunnyDay|[upkeep]
|upkeep
|turn|14
|
|t:|1779595567
|switch|p1a: Rellana|Primarina, M, shiny|75/100
|-damage|p1a: Rellana|63/100|[from] Stealth Rock
|move|p2a: Walking Wake|Hydro Steam|p1a: Rellana
|-resisted|p1a: Rellana
|-damage|p1a: Rellana|6/100
|
|-weather|SunnyDay|[upkeep]
|upkeep
|turn|15
|-enditem|p1a: Rellana|Custap Berry|[eat]
|-activate|p1a: Rellana|item: Custap Berry|[consumed]
|
|t:|1779595569
|move|p1a: Rellana|Moonblast|p2a: Walking Wake
|-supereffective|p2a: Walking Wake
|-damage|p2a: Walking Wake|0 fnt
|faint|p2a: Walking Wake
|-end|p2a: Walking Wake|Protosynthesis|[silent]
|
|-weather|SunnyDay|[upkeep]
|upkeep
|
|t:|1779595576
|switch|p2a: Hatterene|Hatterene, F|67/100
|-heal|p2a: Hatterene|100/100|[from] move: Healing Wish
|turn|16
|
|t:|1779595579
|move|p1a: Rellana|Moonblast|p2a: Hatterene
|-damage|p2a: Hatterene|55/100
|move|p2a: Hatterene|Dazzling Gleam|p1a: Rellana
|-damage|p1a: Rellana|0 fnt
|faint|p1a: Rellana
|
|-weather|none
|upkeep
|
|t:|1779595587
|switch|p1a: Midra|Raging Bolt, tera:Fairy|88/100
|-damage|p1a: Midra|76/100|[from] Stealth Rock
|-enditem|p1a: Midra|Booster Energy
|-activate|p1a: Midra|ability: Protosynthesis|[fromitem]
|-start|p1a: Midra|protosynthesisspa
|turn|17
|
|t:|1779595592
|move|p1a: Midra|Thunderbolt|p2a: Hatterene
|-crit|p2a: Hatterene
|-damage|p2a: Hatterene|0 fnt
|faint|p2a: Hatterene
|
|upkeep
|
|t:|1779595594
|switch|p2a: Great Tusk|Great Tusk|100/100
|turn|18
|
|t:|1779595604
|-terastallize|p2a: Great Tusk|Steel
|move|p2a: Great Tusk|Close Combat|p1a: Midra
|-resisted|p1a: Midra
|-damage|p1a: Midra|44/100
|-unboost|p2a: Great Tusk|def|1
|-unboost|p2a: Great Tusk|spd|1
|move|p1a: Midra|Dragon Pulse|p2a: Great Tusk
|-resisted|p2a: Great Tusk
|-damage|p2a: Great Tusk|29/100
|
|upkeep
|turn|19
|
|t:|1779595610
|move|p1a: Midra|Thunderclap|p2a: Great Tusk
|-damage|p2a: Great Tusk|0 fnt
|faint|p2a: Great Tusk
|-end|p2a: Great Tusk|Protosynthesis|[silent]
|
|win|mieldrain
|raw|mieldrain's rating: 1631 &rarr; <strong>1650</strong><br />(+19 for winning)
|raw|lklowxhn's rating: 1609 &rarr; <strong>1590</strong><br />(-19 for losing)
|j| wuthering ur waves
|l|☆mieldrain
|player|p1|
|l|☆lklowxhn
|player|p2|
|l| wuthering ur waves
