|j|☆A Humble Duck
|j|☆pokylemon
|t:|1779685423
|gametype|singles
|player|p1|A Humble Duck|brycenman|1053
|player|p2|pokylemon|101|1091
|gen|9
|tier|[Gen 9] OU
|rated|
|rule|HP Percentage Mod: HP is shown in percentages
|rule|Endless Battle Clause: Forcing endless battles is banned
|rule|Species Clause: Limit one of each Pokémon
|rule|OHKO Clause: OHKO moves are banned
|rule|Evasion Items Clause: Evasion items are banned
|rule|Evasion Moves Clause: Evasion moves are banned
|rule|Evasion Abilities Clause: Evasion abilities are banned
|rule|Sleep Moves Clause: Sleep-inducing moves are banned
|clearpoke
|poke|p1|Samurott-Hisui, F|
|poke|p1|Gholdengo|
|poke|p1|Great Tusk|
|poke|p1|Dragapult, M|
|poke|p1|Tyranitar, M|
|poke|p1|Gliscor, F|
|poke|p2|Landorus-Therian, M|
|poke|p2|Alomomola, F|
|poke|p2|Skeledirge, F|
|poke|p2|Slowking-Galar, F|
|poke|p2|Regieleki|
|poke|p2|Zapdos-Galar|
|teampreview
|inactive|Battle timer is ON: inactive players will automatically lose when time's up. (requested by pokylemon)
|
|t:|1779685429
|teamsize|p1|6
|teamsize|p2|6
|start
|switch|p1a: Samurott|Samurott-Hisui, F|100/100
|switch|p2a: Maybe I'm a Lion|Landorus-Therian, M|100/100
|-ability|p2a: Maybe I'm a Lion|Intimidate|boost
|-unboost|p1a: Samurott|atk|1
|turn|1
|
|t:|1779685457
|switch|p2a: Fish Fear Me|Alomomola, F|100/100
|move|p1a: Samurott|Aqua Cutter|p2a: Fish Fear Me
|-resisted|p2a: Fish Fear Me
|-damage|p2a: Fish Fear Me|95/100
|
|upkeep
|turn|2
|
|t:|1779685466
|move|p1a: Samurott|Ceaseless Edge|p2a: Fish Fear Me
|-damage|p2a: Fish Fear Me|85/100
|-sidestart|p2: pokylemon|Spikes
|move|p2a: Fish Fear Me|Flip Turn|p1a: Samurott
|-resisted|p1a: Samurott
|-damage|p1a: Samurott|91/100
|
|t:|1779685473
|switch|p2a: Zip Zap|Regieleki|100/100|[from] Flip Turn
|
|upkeep
|turn|3
|
|t:|1779685493
|switch|p1a: Gliscor|Gliscor, F|100/100
|move|p2a: Zip Zap|Rapid Spin|p1a: Gliscor
|-damage|p1a: Gliscor|95/100
|-boost|p2a: Zip Zap|spe|1
|-sideend|p2: pokylemon|Spikes|[from] move: Rapid Spin|[of] p2a: Zip Zap
|
|-status|p1a: Gliscor|tox|[from] item: Toxic Orb
|upkeep
|turn|4
|
|t:|1779685513
|switch|p2a: Fish Fear Me|Alomomola, F|100/100
|move|p1a: Gliscor|Earthquake|p2a: Fish Fear Me
|-damage|p2a: Fish Fear Me|83/100
|
|-heal|p1a: Gliscor|100/100 tox|[from] ability: Poison Heal
|upkeep
|turn|5
|
|t:|1779685530
|move|p1a: Gliscor|U-turn|p2a: Fish Fear Me
|-crit|p2a: Fish Fear Me
|-damage|p2a: Fish Fear Me|70/100
|inactive|A Humble Duck has 120 seconds left.
|
|t:|1779685546
|switch|p1a: Samurott|Samurott-Hisui, F|91/100|[from] U-turn
|move|p2a: Fish Fear Me|Flip Turn|p1a: Samurott
|-resisted|p1a: Samurott
|-damage|p1a: Samurott|82/100
|
|t:|1779685565
|switch|p2a: Bird Up|Zapdos-Galar|100/100|[from] Flip Turn
|
|upkeep
|turn|6
|inactive|A Humble Duck has 120 seconds left.
|
|t:|1779685587
|switch|p1a: Gholdengo|Gholdengo|100/100
|-item|p1a: Gholdengo|Air Balloon
|move|p2a: Bird Up|U-turn|p1a: Gholdengo
|-resisted|p1a: Gholdengo
|-damage|p1a: Gholdengo|94/100
|-enditem|p1a: Gholdengo|Air Balloon
|
|t:|1779685602
|switch|p2a: The Croc is Lava|Skeledirge, F|100/100|[from] U-turn
|
|upkeep
|turn|7
|inactive|A Humble Duck has 120 seconds left.
|
|t:|1779685627
|switch|p1a: Samurott|Samurott-Hisui, F|82/100
|move|p2a: The Croc is Lava|Torch Song|p1a: Samurott
|-resisted|p1a: Samurott
|-damage|p1a: Samurott|58/100
|-boost|p2a: The Croc is Lava|spa|1
|
|upkeep
|turn|8
|
|t:|1779685642
|switch|p2a: Fish Fear Me|Alomomola, F|100/100
|move|p1a: Samurott|Aqua Cutter|p2a: Fish Fear Me
|-resisted|p2a: Fish Fear Me
|-damage|p2a: Fish Fear Me|92/100
|
|upkeep
|turn|9
|
|t:|1779685650
|move|p1a: Samurott|Ceaseless Edge|p2a: Fish Fear Me
|-damage|p2a: Fish Fear Me|75/100
|-sidestart|p2: pokylemon|Spikes
|move|p2a: Fish Fear Me|Flip Turn|p1a: Samurott
|-resisted|p1a: Samurott
|-damage|p1a: Samurott|49/100
|
|t:|1779685656
|switch|p2a: Zip Zap|Regieleki|100/100|[from] Flip Turn
|
|upkeep
|turn|10
|
|t:|1779685668
|switch|p1a: Tyranitar|Tyranitar, M|100/100
|-weather|Sandstorm|[from] ability: Sand Stream|[of] p1a: Tyranitar
|move|p2a: Zip Zap|Volt Switch|p1a: Tyranitar
|-damage|p1a: Tyranitar|83/100
|
|t:|1779685679
|switch|p2a: Fish Fear Me|Alomomola, F|100/100|[from] Volt Switch
|
|-weather|Sandstorm|[upkeep]
|-damage|p2a: Fish Fear Me|94/100|[from] Sandstorm
|-heal|p1a: Tyranitar|90/100|[from] item: Leftovers
|upkeep
|turn|11
|
|t:|1779685697
|move|p2a: Fish Fear Me|Flip Turn|p1a: Tyranitar
|-supereffective|p1a: Tyranitar
|-damage|p1a: Tyranitar|67/100
|inactive|pokylemon has 120 seconds left.
|
|t:|1779685732
|switch|p2a: Maybe I'm a Lion|Landorus-Therian, M|100/100|[from] Flip Turn
|-ability|p2a: Maybe I'm a Lion|Intimidate|boost
|-unboost|p1a: Tyranitar|atk|1
|move|p1a: Tyranitar|Roar|p2a: Maybe I'm a Lion
|drag|p2a: The Croc is Lava|Skeledirge, F|100/100
|
|-weather|Sandstorm|[upkeep]
|-damage|p2a: The Croc is Lava|94/100|[from] Sandstorm
|-heal|p1a: Tyranitar|74/100|[from] item: Leftovers
|upkeep
|turn|12
|inactive|A Humble Duck has 120 seconds left.
|inactive|pokylemon has 120 seconds left.
|
|t:|1779685756
|move|p2a: The Croc is Lava|Will-O-Wisp|p1a: Tyranitar
|-status|p1a: Tyranitar|brn
|move|p1a: Tyranitar|Stealth Rock|p2a: The Croc is Lava
|-sidestart|p2: pokylemon|move: Stealth Rock
|
|-weather|Sandstorm|[upkeep]
|-damage|p2a: The Croc is Lava|88/100|[from] Sandstorm
|-heal|p1a: Tyranitar|80/100 brn|[from] item: Leftovers
|-damage|p1a: Tyranitar|74/100 brn|[from] brn
|upkeep
|turn|13
|
|t:|1779685767
|switch|p2a: Fish Fear Me|Alomomola, F|100/100
|move|p1a: Tyranitar|Knock Off|p2a: Fish Fear Me
|-damage|p2a: Fish Fear Me|93/100
|-enditem|p2a: Fish Fear Me|Heavy-Duty Boots|[from] move: Knock Off|[of] p1a: Tyranitar
|
|-weather|Sandstorm|[upkeep]
|-damage|p2a: Fish Fear Me|87/100|[from] Sandstorm
|-heal|p1a: Tyranitar|80/100 brn|[from] item: Leftovers
|-damage|p1a: Tyranitar|74/100 brn|[from] brn
|upkeep
|turn|14
|
|t:|1779685785
|move|p2a: Fish Fear Me|Flip Turn|p1a: Tyranitar
|-supereffective|p1a: Tyranitar
|-damage|p1a: Tyranitar|50/100 brn
|
|t:|1779685797
|switch|p2a: Maybe I'm a Lion|Landorus-Therian, M|100/100|[from] Flip Turn
|-damage|p2a: Maybe I'm a Lion|88/100|[from] Stealth Rock
|-ability|p2a: Maybe I'm a Lion|Intimidate|boost
|-unboost|p1a: Tyranitar|atk|1
|move|p1a: Tyranitar|Roar|p2a: Maybe I'm a Lion
|drag|p2a: Bird Up|Zapdos-Galar|100/100
|-damage|p2a: Bird Up|88/100|[from] Stealth Rock
|
|-weather|none
|-heal|p1a: Tyranitar|56/100 brn|[from] item: Leftovers
|-damage|p1a: Tyranitar|50/100 brn|[from] brn
|upkeep
|turn|15
|
|t:|1779685814
|switch|p1a: Dragapult|Dragapult, M|100/100
|move|p2a: Bird Up|U-turn|p1a: Dragapult
|-resisted|p1a: Dragapult
|-damage|p1a: Dragapult|71/100
|inactive|pokylemon has 90 seconds left.
|
|t:|1779685832
|switch|p2a: The Croc is Lava|Skeledirge, F|88/100|[from] U-turn
|
|upkeep
|turn|16
|
|t:|1779685858
|switch|p1a: Samurott|Samurott-Hisui, F|49/100
|move|p2a: The Croc is Lava|Hex|p1a: Samurott
|-resisted|p1a: Samurott
|-damage|p1a: Samurott|31/100
|
|upkeep
|turn|17
|
|t:|1779685877
|switch|p2a: Fish Fear Me|Alomomola, F|100/100
|-damage|p2a: Fish Fear Me|88/100|[from] Spikes
|-damage|p2a: Fish Fear Me|76/100|[from] Stealth Rock
|move|p1a: Samurott|Ceaseless Edge|p2a: Fish Fear Me
|-damage|p2a: Fish Fear Me|59/100
|-sidestart|p2: pokylemon|Spikes
|
|upkeep
|turn|18
|inactive|pokylemon has 90 seconds left.
|
|t:|1779685912
|move|p1a: Samurott|Ceaseless Edge|p2a: Fish Fear Me|[miss]
|-miss|p1a: Samurott|p2a: Fish Fear Me
|move|p2a: Fish Fear Me|Flip Turn|p1a: Samurott
|-resisted|p1a: Samurott
|-damage|p1a: Samurott|22/100
|
|t:|1779685919
|switch|p2a: Zip Zap|Regieleki|100/100|[from] Flip Turn
|
|upkeep
|turn|19
|
|t:|1779685934
|switch|p1a: Great Tusk|Great Tusk|100/100
|move|p2a: Zip Zap|Rapid Spin|p1a: Great Tusk
|-damage|p1a: Great Tusk|93/100
|-boost|p2a: Zip Zap|spe|1
|-sideend|p2: pokylemon|Spikes|[from] move: Rapid Spin|[of] p2a: Zip Zap
|-sideend|p2: pokylemon|Stealth Rock|[from] move: Rapid Spin|[of] p2a: Zip Zap
|
|upkeep
|turn|20
|
|t:|1779685951
|switch|p2a: Fish Fear Me|Alomomola, F|92/100
|move|p1a: Great Tusk|Ice Spinner|p2a: Fish Fear Me
|-resisted|p2a: Fish Fear Me
|-damage|p2a: Fish Fear Me|84/100
|
|upkeep
|turn|21
|
|t:|1779685966
|move|p1a: Great Tusk|Stealth Rock|p2a: Fish Fear Me
|-sidestart|p2: pokylemon|move: Stealth Rock
|move|p2a: Fish Fear Me|Flip Turn|p1a: Great Tusk
|-supereffective|p1a: Great Tusk
|-damage|p1a: Great Tusk|71/100
|
|t:|1779685974
|switch|p2a: Maybe I'm a Lion|Landorus-Therian, M|88/100|[from] Flip Turn
|-damage|p2a: Maybe I'm a Lion|76/100|[from] Stealth Rock
|-ability|p2a: Maybe I'm a Lion|Intimidate|boost
|-unboost|p1a: Great Tusk|atk|1
|
|-heal|p2a: Maybe I'm a Lion|82/100|[from] item: Leftovers
|upkeep
|turn|22
|
|t:|1779685987
|switch|p2a: Fish Fear Me|Alomomola, F|100/100
|-damage|p2a: Fish Fear Me|88/100|[from] Stealth Rock
|move|p1a: Great Tusk|Ice Spinner|p2a: Fish Fear Me
|-resisted|p2a: Fish Fear Me
|-damage|p2a: Fish Fear Me|83/100
|
|upkeep
|turn|23
|inactive|pokylemon has 90 seconds left.
|
|t:|1779686005
|-end|p1a: Great Tusk|Protosynthesis|[silent]
|switch|p1a: Dragapult|Dragapult, M|71/100
|move|p2a: Fish Fear Me|Flip Turn|p1a: Dragapult
|-resisted|p1a: Dragapult
|-damage|p1a: Dragapult|61/100
|inactive|pokylemon has 90 seconds left.
|
|t:|1779686012
|switch|p2a: The Croc is Lava|Skeledirge, F|88/100|[from] Flip Turn
|
|upkeep
|turn|24
|
|t:|1779686028
|-terastallize|p1a: Dragapult|Ghost
|move|p1a: Dragapult|Hex|p2a: The Croc is Lava
|-supereffective|p2a: The Croc is Lava
|-damage|p2a: The Croc is Lava|33/100
|move|p2a: The Croc is Lava|Hex|p1a: Dragapult
|-supereffective|p1a: Dragapult
|-damage|p1a: Dragapult|0 fnt
|faint|p1a: Dragapult
|
|upkeep
|inactive|A Humble Duck has 90 seconds left.
|
|t:|1779686054
|switch|p1a: Gliscor|Gliscor, F|100/100 tox
|turn|25
|
|t:|1779686068
|switch|p2a: Maybe I'm a Lion|Landorus-Therian, M|82/100
|-damage|p2a: Maybe I'm a Lion|70/100|[from] Stealth Rock
|-ability|p2a: Maybe I'm a Lion|Intimidate|boost
|-unboost|p1a: Gliscor|atk|1
|move|p1a: Gliscor|Knock Off|p2a: Maybe I'm a Lion
|-damage|p2a: Maybe I'm a Lion|53/100
|-enditem|p2a: Maybe I'm a Lion|Leftovers|[from] move: Knock Off|[of] p1a: Gliscor
|
|upkeep
|turn|26
|
|t:|1779686080
|move|p1a: Gliscor|Protect|p1a: Gliscor
|-singleturn|p1a: Gliscor|Protect
|move|p2a: Maybe I'm a Lion|Stealth Rock|p1a: Gliscor
|-sidestart|p1: A Humble Duck|move: Stealth Rock
|
|upkeep
|turn|27
|
|t:|1779686087
|move|p2a: Maybe I'm a Lion|U-turn|p1a: Gliscor
|-resisted|p1a: Gliscor
|-damage|p1a: Gliscor|93/100 tox
|
|t:|1779686102
|switch|p2a: Fish Fear Me|Alomomola, F|100/100|[from] U-turn
|-damage|p2a: Fish Fear Me|88/100|[from] Stealth Rock
|move|p1a: Gliscor|U-turn|p2a: Fish Fear Me
|-damage|p2a: Fish Fear Me|83/100
|
|t:|1779686108
|switch|p1a: Great Tusk|Great Tusk|71/100|[from] U-turn
|
|upkeep
|turn|28
|
|t:|1779686121
|move|p1a: Great Tusk|Rapid Spin|p2a: Fish Fear Me
|-damage|p2a: Fish Fear Me|74/100
|-boost|p1a: Great Tusk|spe|1
|-sideend|p1: A Humble Duck|Stealth Rock|[from] move: Rapid Spin|[of] p1a: Great Tusk
|move|p2a: Fish Fear Me|Scald|p1a: Great Tusk
|-supereffective|p1a: Great Tusk
|-damage|p1a: Great Tusk|32/100
|
|upkeep
|turn|29
|inactive|A Humble Duck has 120 seconds left.
|
|t:|1779686147
|-end|p1a: Great Tusk|Protosynthesis|[silent]
|switch|p1a: Gholdengo|Gholdengo|94/100
|move|p2a: Fish Fear Me|Wish|p2a: Fish Fear Me
|
|upkeep
|turn|30
|
|t:|1779686169
|move|p1a: Gholdengo|Dazzling Gleam|p2a: Fish Fear Me
|-damage|p2a: Fish Fear Me|48/100
|move|p2a: Fish Fear Me|Flip Turn|p1a: Gholdengo
|-damage|p1a: Gholdengo|84/100
|
|t:|1779686175
|switch|p2a: The Croc is Lava|Skeledirge, F|33/100|[from] Flip Turn
|
|-heal|p2a: The Croc is Lava|98/100|[from] move: Wish|[wisher] Fish Fear Me
|upkeep
|turn|31
|
|t:|1779686205
|switch|p1a: Tyranitar|Tyranitar, M|50/100 brn
|-weather|Sandstorm|[from] ability: Sand Stream|[of] p1a: Tyranitar
|-terastallize|p2a: The Croc is Lava|Fire
|move|p2a: The Croc is Lava|Hex|p1a: Tyranitar
|-resisted|p1a: Tyranitar
|-damage|p1a: Tyranitar|40/100 brn
|
|-weather|Sandstorm|[upkeep]
|-damage|p2a: The Croc is Lava|92/100|[from] Sandstorm
|-heal|p1a: Tyranitar|47/100 brn|[from] item: Leftovers
|-damage|p1a: Tyranitar|40/100 brn|[from] brn
|upkeep
|turn|32
|inactive|A Humble Duck has 90 seconds left.
|
|t:|1779686223
|switch|p2a: Fish Fear Me|Alomomola, F|81/100
|-damage|p2a: Fish Fear Me|69/100|[from] Stealth Rock
|move|p1a: Tyranitar|Knock Off|p2a: Fish Fear Me
|-damage|p2a: Fish Fear Me|61/100
|
|-weather|Sandstorm|[upkeep]
|-damage|p2a: Fish Fear Me|55/100|[from] Sandstorm
|-heal|p1a: Tyranitar|47/100 brn|[from] item: Leftovers
|-damage|p1a: Tyranitar|40/100 brn|[from] brn
|upkeep
|turn|33
|inactive|A Humble Duck has 90 seconds left.
|
|t:|1779686237
|switch|p1a: Gholdengo|Gholdengo|84/100
|move|p2a: Fish Fear Me|Wish|p2a: Fish Fear Me
|
|-weather|Sandstorm|[upkeep]
|-damage|p2a: Fish Fear Me|49/100|[from] Sandstorm
|upkeep
|turn|34
|
|t:|1779686246
|move|p1a: Gholdengo|Nasty Plot|p1a: Gholdengo
|-boost|p1a: Gholdengo|spa|2
|move|p2a: Fish Fear Me|Flip Turn|p1a: Gholdengo
|-damage|p1a: Gholdengo|74/100
|
|t:|1779686253
|switch|p2a: The Croc is Lava|Skeledirge, F, tera:Fire|92/100|[from] Flip Turn
|
|-weather|Sandstorm|[upkeep]
|-damage|p2a: The Croc is Lava|86/100|[from] Sandstorm
|-heal|p2a: The Croc is Lava|100/100|[from] move: Wish|[wisher] Fish Fear Me
|upkeep
|turn|35
|inactive|A Humble Duck has 90 seconds left.
|
|t:|1779686274
|switch|p1a: Gliscor|Gliscor, F|93/100 tox
|move|p2a: The Croc is Lava|Torch Song|p1a: Gliscor
|-damage|p1a: Gliscor|45/100 tox
|-boost|p2a: The Croc is Lava|spa|1
|
|-weather|none
|-heal|p1a: Gliscor|57/100 tox|[from] ability: Poison Heal
|upkeep
|turn|36
|inactive|A Humble Duck has 90 seconds left.
|
|t:|1779686288
|move|p1a: Gliscor|Earthquake|p2a: The Croc is Lava
|-supereffective|p2a: The Croc is Lava
|-damage|p2a: The Croc is Lava|49/100
|move|p2a: The Croc is Lava|Hex|p1a: Gliscor
|-damage|p1a: Gliscor|0 fnt
|faint|p1a: Gliscor
|
|upkeep
|inactive|A Humble Duck has 90 seconds left.
|
|t:|1779686297
|switch|p1a: Gholdengo|Gholdengo|74/100
|turn|37
|
|t:|1779686302
|move|p1a: Gholdengo|Make It Rain|p2a: The Croc is Lava
|-resisted|p2a: The Croc is Lava
|-damage|p2a: The Croc is Lava|29/100
|-unboost|p1a: Gholdengo|spa|1
|move|p2a: The Croc is Lava|Hex|p1a: Gholdengo
|-supereffective|p1a: Gholdengo
|-damage|p1a: Gholdengo|2/100
|
|upkeep
|turn|38
|inactive|pokylemon has 120 seconds left.
|
|t:|1779686319
|move|p1a: Gholdengo|Make It Rain|p2a: The Croc is Lava
|-resisted|p2a: The Croc is Lava
|-damage|p2a: The Croc is Lava|10/100
|-unboost|p1a: Gholdengo|spa|1
|move|p2a: The Croc is Lava|Hex|p1a: Gholdengo
|-supereffective|p1a: Gholdengo
|-damage|p1a: Gholdengo|0 fnt
|faint|p1a: Gholdengo
|
|upkeep
|-message|A Humble Duck forfeited.
|
|win|pokylemon
|raw|A Humble Duck's rating: 1053 &rarr; <strong>1037</strong><br />(-16 for losing)
|raw|pokylemon's rating: 1091 &rarr; <strong>1114</strong><br />(+23 for winning)
|l|☆A Humble Duck
|player|p1|
