|j|☆Naiwrath
|j|☆claudechamp
|t:|1779681563
|gametype|singles
|player|p1|Naiwrath|266|1326
|player|p2|claudechamp|170|1353
|gen|9
|tier|[Gen 9] OU
|rated|
|rule|HP Percentage Mod: HP is shown in percentages
|rule|Endless Battle Clause: Forcing endless battles is banned
|rule|Species Clause: Limit one of each Pokémon
|rule|OHKO Clause: OHKO moves are banned
|rule|Evasion Items Clause: Evasion items are banned
|rule|Evasion Moves Clause: Evasion moves are banned
|rule|Evasion Abilities Clause: Evasion abilities are banned
|rule|Sleep Moves Clause: Sleep-inducing moves are banned
|clearpoke
|poke|p1|Cramorant, M|
|poke|p1|Gallade, M|
|poke|p1|Kingambit, M|
|poke|p1|Iron Moth|
|poke|p1|Enamorus, F|
|poke|p1|Great Tusk|
|poke|p2|Gliscor, F|
|poke|p2|Gholdengo|
|poke|p2|Zamazenta-*|
|poke|p2|Blissey, F|
|poke|p2|Skarmory, F|
|poke|p2|Pecharunt|
|teampreview
|c|☆claudechamp|hf
|inactive|Battle timer is ON: inactive players will automatically lose when time's up. (requested by Naiwrath)
|inactive|claudechamp also wants the timer to be on.
|
|t:|1779681567
|teamsize|p1|6
|teamsize|p2|6
|start
|switch|p1a: Cramorant|Cramorant, M, shiny|100/100
|switch|p2a: Skarmory|Skarmory, F|100/100
|turn|1
|
|t:|1779681574
|move|p1a: Cramorant|Surf|p2a: Skarmory
|-formechange|p1a: Cramorant|Cramorant-Gulping|
|-damage|p2a: Skarmory|52/100
|move|p2a: Skarmory|Spikes|p1a: Cramorant
|-sidestart|p1: Naiwrath|Spikes
|
|upkeep
|turn|2
|
|t:|1779681580
|switch|p2a: Blissey|Blissey, F|100/100
|move|p1a: Cramorant|Surf|p2a: Blissey
|-damage|p2a: Blissey|89/100
|
|upkeep
|turn|3
|
|t:|1779681584
|move|p1a: Cramorant|Defog|p2a: Blissey
|-unboost|p2a: Blissey|evasion|1
|-sideend|p1: Naiwrath|Spikes|[from] move: Defog|[of] p1a: Cramorant
|move|p2a: Blissey|Stealth Rock|p1a: Cramorant
|-sidestart|p1: Naiwrath|move: Stealth Rock
|
|upkeep
|turn|4
|
|t:|1779681588
|move|p1a: Cramorant|Defog|p2a: Blissey
|-unboost|p2a: Blissey|evasion|1
|-sideend|p1: Naiwrath|Stealth Rock|[from] move: Defog|[of] p1a: Cramorant
|move|p2a: Blissey|Shadow Ball|p1a: Cramorant
|-damage|p1a: Cramorant|81/100
|-damage|p2a: Blissey|64/100|[from] ability: Gulp Missile|[of] p1a: Cramorant
|-unboost|p2a: Blissey|def|1
|-formechange|p1a: Cramorant|Cramorant|
|
|upkeep
|turn|5
|
|t:|1779681593
|switch|p1a: Great Tusk|Great Tusk, shiny|100/100
|-enditem|p1a: Great Tusk|Booster Energy
|-activate|p1a: Great Tusk|ability: Protosynthesis|[fromitem]
|-start|p1a: Great Tusk|protosynthesisatk
|move|p2a: Blissey|Stealth Rock|p1a: Great Tusk
|-sidestart|p1: Naiwrath|move: Stealth Rock
|
|upkeep
|turn|6
|
|t:|1779681600
|switch|p2a: Pecharunt|Pecharunt|100/100
|move|p1a: Great Tusk|Rapid Spin|p2a: Pecharunt
|-immune|p2a: Pecharunt
|
|upkeep
|turn|7
|
|t:|1779681604
|move|p1a: Great Tusk|Rapid Spin|p2a: Pecharunt
|-immune|p2a: Pecharunt
|move|p2a: Pecharunt|Shadow Ball|p1a: Great Tusk
|-damage|p1a: Great Tusk|63/100
|
|upkeep
|turn|8
|
|t:|1779681610
|move|p1a: Great Tusk|Headlong Rush|p2a: Pecharunt
|-supereffective|p2a: Pecharunt
|-damage|p2a: Pecharunt|20/100
|-unboost|p1a: Great Tusk|def|1
|-unboost|p1a: Great Tusk|spd|1
|move|p2a: Pecharunt|Shadow Ball|p1a: Great Tusk
|-damage|p1a: Great Tusk|5/100
|-unboost|p1a: Great Tusk|spd|1
|
|upkeep
|turn|9
|
|t:|1779681614
|switch|p2a: Gliscor|Gliscor, F|100/100
|move|p1a: Great Tusk|Headlong Rush|p2a: Gliscor
|-immune|p2a: Gliscor
|
|-status|p2a: Gliscor|tox|[from] item: Toxic Orb
|upkeep
|turn|10
|
|t:|1779681617
|-terastallize|p2a: Gliscor|Dark
|move|p1a: Great Tusk|Rapid Spin|p2a: Gliscor
|-damage|p2a: Gliscor|81/100 tox
|-boost|p1a: Great Tusk|spe|1
|-sideend|p1: Naiwrath|Stealth Rock|[from] move: Rapid Spin|[of] p1a: Great Tusk
|move|p2a: Gliscor|Knock Off|p1a: Great Tusk
|-resisted|p1a: Great Tusk
|-damage|p1a: Great Tusk|0 fnt
|faint|p1a: Great Tusk
|-end|p1a: Great Tusk|Protosynthesis|[silent]
|
|-heal|p2a: Gliscor|94/100 tox|[from] ability: Poison Heal
|upkeep
|
|t:|1779681623
|switch|p1a: Enamorus|Enamorus, F|100/100
|turn|11
|
|t:|1779681626
|move|p1a: Enamorus|Moonblast|p2a: Gliscor
|-supereffective|p2a: Gliscor
|-damage|p2a: Gliscor|0 fnt
|faint|p2a: Gliscor
|
|upkeep
|
|t:|1779681629
|switch|p2a: Blissey|Blissey, F|64/100
|turn|12
|
|t:|1779681635
|move|p1a: Enamorus|Superpower|p2a: Blissey
|-supereffective|p2a: Blissey
|-damage|p2a: Blissey|2/100
|-boost|p1a: Enamorus|atk|1
|-boost|p1a: Enamorus|def|1
|move|p2a: Blissey|Stealth Rock|p1a: Enamorus
|-sidestart|p1: Naiwrath|move: Stealth Rock
|
|upkeep
|turn|13
|
|t:|1779681641
|switch|p2a: Gholdengo|Gholdengo|100/100
|move|p1a: Enamorus|Superpower|p2a: Gholdengo
|-immune|p2a: Gholdengo
|
|upkeep
|turn|14
|
|t:|1779681645
|move|p1a: Enamorus|Earth Power|p2a: Gholdengo
|-supereffective|p2a: Gholdengo
|-damage|p2a: Gholdengo|32/100
|move|p2a: Gholdengo|Hex|p1a: Enamorus
|-damage|p1a: Enamorus|56/100
|
|upkeep
|turn|15
|
|t:|1779681649
|switch|p2a: Blissey|Blissey, F|2/100
|move|p1a: Enamorus|Earth Power|p2a: Blissey
|-damage|p2a: Blissey|0 fnt
|faint|p2a: Blissey
|
|upkeep
|
|t:|1779681652
|switch|p2a: Zamazenta|Zamazenta|100/100
|-ability|p2a: Zamazenta|Dauntless Shield|boost
|-boost|p2a: Zamazenta|def|1
|turn|16
|
|t:|1779681656
|-terastallize|p1a: Enamorus|Ghost
|move|p2a: Zamazenta|Heavy Slam|p1a: Enamorus
|-damage|p1a: Enamorus|17/100
|move|p1a: Enamorus|Moonblast|p2a: Zamazenta
|-supereffective|p2a: Zamazenta
|-damage|p2a: Zamazenta|0 fnt
|faint|p2a: Zamazenta
|
|upkeep
|
|t:|1779681660
|switch|p2a: Gholdengo|Gholdengo|32/100
|turn|17
|
|t:|1779681665
|move|p1a: Enamorus|Earth Power|p2a: Gholdengo
|-supereffective|p2a: Gholdengo
|-damage|p2a: Gholdengo|0 fnt
|faint|p2a: Gholdengo
|
|upkeep
|
|t:|1779681668
|switch|p2a: Skarmory|Skarmory, F|52/100
|turn|18
|
|t:|1779681675
|move|p1a: Enamorus|Healing Wish|p1a: Enamorus
|faint|p1a: Enamorus
|move|p2a: Skarmory|Whirlwind|p1: Enamorus|[notarget]
|-fail|p2a: Skarmory
|
|upkeep
|
|t:|1779681679
|switch|p1a: Cramorant|Cramorant, M, shiny|81/100
|-heal|p1a: Cramorant|100/100|[from] move: Healing Wish
|-damage|p1a: Cramorant|76/100|[from] Stealth Rock
|turn|19
|
|t:|1779681690
|move|p1a: Cramorant|Surf|p2a: Skarmory
|-formechange|p1a: Cramorant|Cramorant-Gulping|
|-crit|p2a: Skarmory
|-damage|p2a: Skarmory|0 fnt
|faint|p2a: Skarmory
|
|upkeep
|
|t:|1779681693
|switch|p2a: Pecharunt|Pecharunt|20/100
|turn|20
|
|t:|1779681699
|move|p1a: Cramorant|Surf|p2a: Pecharunt
|-damage|p2a: Pecharunt|0 fnt
|faint|p2a: Pecharunt
|
|win|Naiwrath
|raw|Naiwrath's rating: 1326 &rarr; <strong>1349</strong><br />(+23 for winning)
|raw|claudechamp's rating: 1376 &rarr; <strong>1353</strong><br />(-23 for losing)
|c|☆claudechamp|gg
|l|☆Naiwrath
|player|p1|
