|j|☆GavilarKholin
|j|☆arataomega1
|inactive|Battle timer is ON: inactive players will automatically lose when time's up.
|t:|1779641332
|gametype|singles
|player|p1|GavilarKholin|fantina|
|player|p2|arataomega1|marnie-masters3|
|gen|9
|tier|[Gen 9] OU
|rated|Tournament battle
|rule|HP Percentage Mod: HP is shown in percentages
|rule|Endless Battle Clause: Forcing endless battles is banned
|rule|Species Clause: Limit one of each Pokémon
|rule|OHKO Clause: OHKO moves are banned
|rule|Evasion Items Clause: Evasion items are banned
|rule|Evasion Moves Clause: Evasion moves are banned
|rule|Evasion Abilities Clause: Evasion abilities are banned
|rule|Sleep Moves Clause: Sleep-inducing moves are banned
|clearpoke
|poke|p1|Alomomola, F|
|poke|p1|Iron Crown|
|poke|p1|Zamazenta-*|
|poke|p1|Pecharunt|
|poke|p1|Gliscor, F|
|poke|p1|Weavile, F|
|poke|p2|Volcanion|
|poke|p2|Weezing-Galar, F|
|poke|p2|Reuniclus, M|
|poke|p2|Registeel|
|poke|p2|Krookodile, F|
|poke|p2|Zapdos-Galar|
|teampreview
|j|*Lady Monita 
|j| Nevam
|inactive|GavilarKholin has 120 seconds left.
|c|☆arataomega1|hf
|c|☆GavilarKholin|U2
|
|t:|1779641377
|teamsize|p1|6
|teamsize|p2|6
|start
|switch|p1a: Gliscor|Gliscor, F|100/100
|switch|p2a: El Stromboli|Volcanion|100/100
|turn|1
|j| ihateclodsire
|
|t:|1779641387
|move|p1a: Gliscor|Protect|p1a: Gliscor
|-singleturn|p1a: Gliscor|Protect
|move|p2a: El Stromboli|Steam Eruption|p1a: Gliscor
|-activate|p1a: Gliscor|move: Protect
|
|-status|p1a: Gliscor|tox|[from] item: Toxic Orb
|upkeep
|turn|2
|
|t:|1779641395
|switch|p1a: Alomomola|Alomomola, F|100/100
|move|p2a: El Stromboli|Steam Eruption|p1a: Alomomola
|-resisted|p1a: Alomomola
|-damage|p1a: Alomomola|77/100
|-status|p1a: Alomomola|brn
|
|-damage|p1a: Alomomola|71/100 brn|[from] brn
|upkeep
|turn|3
|l| ihateclodsire
|j| cholitoo
|l| Nevam
|l| cholitoo
|
|t:|1779641406
|switch|p2a: Big daddy|Registeel, shiny|100/100
|move|p1a: Alomomola|Wish|p1a: Alomomola
|
|-damage|p1a: Alomomola|65/100 brn|[from] brn
|upkeep
|turn|4
|
|t:|1779641419
|move|p2a: Big daddy|Stealth Rock|p1a: Alomomola
|-sidestart|p1: GavilarKholin|move: Stealth Rock
|move|p1a: Alomomola|Flip Turn|p2a: Big daddy
|-damage|p2a: Big daddy|95/100
|
|t:|1779641422
|switch|p1a: Iron Crown|Iron Crown|100/100|[from] Flip Turn
|-damage|p1a: Iron Crown|94/100|[from] Stealth Rock
|
|-heal|p1a: Iron Crown|100/100|[from] move: Wish|[wisher] Alomomola
|-heal|p2a: Big daddy|100/100|[from] item: Leftovers
|upkeep
|turn|5
|
|t:|1779641430
|move|p1a: Iron Crown|Focus Blast|p2a: Big daddy|[miss]
|-miss|p1a: Iron Crown|p2a: Big daddy
|move|p2a: Big daddy|Thunder Wave|p1a: Iron Crown
|-status|p1a: Iron Crown|par
|
|upkeep
|turn|6
|j| ihateclodsire
|
|t:|1779641445
|switch|p2a: Cesar zepeli|Reuniclus, M, shiny|100/100
|move|p1a: Iron Crown|Focus Blast|p2a: Cesar zepeli
|-resisted|p2a: Cesar zepeli
|-crit|p2a: Cesar zepeli
|-damage|p2a: Cesar zepeli|78/100
|
|upkeep
|turn|7
|j| i_am_da_pikachu
|j| Atarialex
|
|t:|1779641452
|-end|p1a: Iron Crown|Quark Drive|[silent]
|switch|p1a: Weavile|Weavile, F|100/100
|-ability|p1a: Weavile|Pressure
|move|p2a: Cesar zepeli|Knock Off|p1a: Weavile
|-resisted|p1a: Weavile
|-damage|p1a: Weavile|89/100
|-enditem|p1a: Weavile|Heavy-Duty Boots|[from] move: Knock Off|[of] p2a: Cesar zepeli
|
|upkeep
|turn|8
|
|t:|1779641464
|switch|p2a: Lord smogon|Weezing-Galar, F, shiny|100/100
|move|p1a: Weavile|Knock Off|p2a: Lord smogon
|-resisted|p2a: Lord smogon
|-damage|p2a: Lord smogon|82/100
|-enditem|p2a: Lord smogon|Leftovers|[from] move: Knock Off|[of] p1a: Weavile
|
|upkeep
|turn|9
|
|t:|1779641471
|switch|p1a: Gliscor|Gliscor, F|100/100 tox
|-damage|p1a: Gliscor|88/100 tox|[from] Stealth Rock
|move|p2a: Lord smogon|Strange Steam|p1a: Gliscor
|-damage|p1a: Gliscor|62/100 tox
|
|-heal|p1a: Gliscor|74/100 tox|[from] ability: Poison Heal
|upkeep
|turn|10
|
|t:|1779641480
|move|p1a: Gliscor|Spikes|p2a: Lord smogon
|-sidestart|p2: arataomega1|Spikes
|move|p2a: Lord smogon|Strange Steam|p1a: Gliscor
|-damage|p1a: Gliscor|47/100 tox
|
|-heal|p1a: Gliscor|59/100 tox|[from] ability: Poison Heal
|upkeep
|turn|11
|
|t:|1779641487
|move|p1a: Gliscor|Protect|p1a: Gliscor
|-singleturn|p1a: Gliscor|Protect
|move|p2a: Lord smogon|Strange Steam|p1a: Gliscor
|-activate|p1a: Gliscor|move: Protect
|
|-heal|p1a: Gliscor|72/100 tox|[from] ability: Poison Heal
|upkeep
|turn|12
|
|t:|1779641494
|move|p1a: Gliscor|Spikes|p2a: Lord smogon
|-sidestart|p2: arataomega1|Spikes
|move|p2a: Lord smogon|Strange Steam|p1a: Gliscor
|-damage|p1a: Gliscor|45/100 tox
|
|-heal|p1a: Gliscor|58/100 tox|[from] ability: Poison Heal
|upkeep
|turn|13
|
|t:|1779641507
|move|p1a: Gliscor|Protect|p1a: Gliscor
|-singleturn|p1a: Gliscor|Protect
|move|p2a: Lord smogon|Defog|p1a: Gliscor
|-activate|p1a: Gliscor|move: Protect
|
|-heal|p1a: Gliscor|70/100 tox|[from] ability: Poison Heal
|upkeep
|turn|14
|
|t:|1779641514
|switch|p1a: Iron Crown|Iron Crown|100/100 par
|-damage|p1a: Iron Crown|94/100 par|[from] Stealth Rock
|move|p2a: Lord smogon|Defog|p1a: Iron Crown
|-unboost|p1a: Iron Crown|evasion|1
|-sideend|p1: GavilarKholin|Stealth Rock|[from] move: Defog|[of] p2a: Lord smogon
|-sideend|p2: arataomega1|Spikes|[from] move: Defog|[of] p2a: Lord smogon
|
|upkeep
|turn|15
|j| DrakeDblitz
|
|t:|1779641524
|switch|p2a: Big daddy|Registeel, shiny|100/100
|cant|p1a: Iron Crown|par
|
|upkeep
|turn|16
|
|t:|1779641529
|-end|p1a: Iron Crown|Quark Drive|[silent]
|switch|p1a: Gliscor|Gliscor, F|70/100 tox
|move|p2a: Big daddy|Stealth Rock|p1a: Gliscor
|-sidestart|p1: GavilarKholin|move: Stealth Rock
|
|-heal|p1a: Gliscor|83/100 tox|[from] ability: Poison Heal
|upkeep
|turn|17
|
|t:|1779641536
|switch|p2a: El Stromboli|Volcanion|100/100
|move|p1a: Gliscor|Spikes|p2a: El Stromboli
|-sidestart|p2: arataomega1|Spikes
|
|-heal|p1a: Gliscor|95/100 tox|[from] ability: Poison Heal
|upkeep
|turn|18
|l| DrakeDblitz
|
|t:|1779641543
|switch|p1a: Alomomola|Alomomola, F|98/100 brn
|move|p2a: El Stromboli|Steam Eruption|p1a: Alomomola
|-resisted|p1a: Alomomola
|-damage|p1a: Alomomola|75/100 brn
|
|-damage|p1a: Alomomola|69/100 brn|[from] brn
|upkeep
|turn|19
|
|t:|1779641561
|switch|p2a: Cesar zepeli|Reuniclus, M, shiny|100/100
|-damage|p2a: Cesar zepeli|88/100|[from] Spikes
|move|p1a: Alomomola|Wish|p1a: Alomomola
|
|-damage|p1a: Alomomola|63/100 brn|[from] brn
|upkeep
|turn|20
|
|t:|1779641569
|move|p1a: Alomomola|Protect|p1a: Alomomola
|-singleturn|p1a: Alomomola|Protect
|move|p2a: Cesar zepeli|Future Sight|p1a: Alomomola
|-start|p2a: Cesar zepeli|move: Future Sight
|
|-heal|p1a: Alomomola|100/100 brn|[from] move: Wish|[wisher] Alomomola
|-damage|p1a: Alomomola|94/100 brn|[from] brn
|upkeep
|turn|21
|
|t:|1779641577
|switch|p1a: Gliscor|Gliscor, F|95/100 tox
|-damage|p1a: Gliscor|83/100 tox|[from] Stealth Rock
|move|p2a: Cesar zepeli|Focus Blast|p1a: Gliscor
|-resisted|p1a: Gliscor
|-damage|p1a: Gliscor|67/100 tox
|
|-heal|p1a: Gliscor|79/100 tox|[from] ability: Poison Heal
|upkeep
|turn|22
|
|t:|1779641587
|switch|p1a: Alomomola|Alomomola, F|100/100 brn
|move|p2a: Cesar zepeli|Psychic Noise|p1a: Alomomola
|-damage|p1a: Alomomola|76/100 brn
|-start|p1a: Alomomola|move: Heal Block
|
|-end|p1a: Alomomola|move: Future Sight
|-damage|p1a: Alomomola|37/100 brn
|-damage|p1a: Alomomola|31/100 brn|[from] brn
|upkeep
|turn|23
|
|t:|1779641598
|switch|p1a: Weavile|Weavile, F|89/100
|-damage|p1a: Weavile|64/100|[from] Stealth Rock
|-ability|p1a: Weavile|Pressure
|move|p2a: Cesar zepeli|Psychic Noise|p1a: Weavile
|-immune|p1a: Weavile
|
|upkeep
|turn|24
|
|t:|1779641608
|-terastallize|p2a: Cesar zepeli|Water
|move|p1a: Weavile|Triple Axel|p2a: Cesar zepeli
|-resisted|p2a: Cesar zepeli
|-damage|p2a: Cesar zepeli|83/100
|-resisted|p2a: Cesar zepeli
|-damage|p2a: Cesar zepeli|73/100
|-resisted|p2a: Cesar zepeli
|-damage|p2a: Cesar zepeli|58/100
|-hitcount|p2a: Cesar zepeli|3
|move|p2a: Cesar zepeli|Focus Blast|p1a: Weavile
|-supereffective|p1a: Weavile
|-crit|p1a: Weavile
|-damage|p1a: Weavile|0 fnt
|faint|p1a: Weavile
|
|upkeep
|
|t:|1779641623
|switch|p1a: Zamazenta|Zamazenta|100/100
|-ability|p1a: Zamazenta|Dauntless Shield|boost
|-boost|p1a: Zamazenta|def|1
|turn|25
|
|t:|1779641629
|switch|p2a: Lord smogon|Weezing-Galar, F, shiny|82/100
|move|p1a: Zamazenta|Close Combat|p2a: Lord smogon
|-resisted|p2a: Lord smogon
|-damage|p2a: Lord smogon|71/100
|-unboost|p1a: Zamazenta|def|1
|-unboost|p1a: Zamazenta|spd|1
|
|upkeep
|turn|26
|
|t:|1779641637
|switch|p1a: Iron Crown|Iron Crown|94/100 par
|-damage|p1a: Iron Crown|88/100 par|[from] Stealth Rock
|move|p2a: Lord smogon|Strange Steam|p1a: Iron Crown
|-resisted|p1a: Iron Crown
|-crit|p1a: Iron Crown
|-damage|p1a: Iron Crown|68/100 par
|
|upkeep
|turn|27
|
|t:|1779641647
|switch|p2a: El Stromboli|Volcanion|100/100
|move|p1a: Iron Crown|Volt Switch|p2a: El Stromboli
|-supereffective|p2a: El Stromboli
|-damage|p2a: El Stromboli|13/100
|l| ihateclodsire
|
|t:|1779641651
|-end|p1a: Iron Crown|Quark Drive|[silent]
|switch|p1a: Zamazenta|Zamazenta|100/100|[from] Volt Switch
|
|upkeep
|turn|28
|
|t:|1779641655
|switch|p2a: Lord smogon|Weezing-Galar, F, shiny|71/100
|move|p1a: Zamazenta|Crunch|p2a: Lord smogon
|-resisted|p2a: Lord smogon
|-damage|p2a: Lord smogon|62/100
|
|upkeep
|turn|29
|
|t:|1779641664
|switch|p1a: Iron Crown|Iron Crown|68/100 par
|-damage|p1a: Iron Crown|62/100 par|[from] Stealth Rock
|move|p2a: Lord smogon|Strange Steam|p1a: Iron Crown
|-resisted|p1a: Iron Crown
|-damage|p1a: Iron Crown|50/100 par
|
|upkeep
|turn|30
|
|t:|1779641673
|switch|p2a: Cesar zepeli|Reuniclus, M, shiny, tera:Water|91/100
|-damage|p2a: Cesar zepeli|79/100|[from] Spikes
|cant|p1a: Iron Crown|par
|
|upkeep
|turn|31
|
|t:|1779641684
|cant|p1a: Iron Crown|par
|move|p2a: Cesar zepeli|Future Sight|p1a: Iron Crown
|-start|p2a: Cesar zepeli|move: Future Sight
|
|upkeep
|turn|32
|
|t:|1779641688
|move|p1a: Iron Crown|Volt Switch|p2a: Cesar zepeli
|-supereffective|p2a: Cesar zepeli
|-damage|p2a: Cesar zepeli|47/100
|
|t:|1779641698
|-end|p1a: Iron Crown|Quark Drive|[silent]
|switch|p1a: Alomomola|Alomomola, F|64/100 brn|[from] Volt Switch
|move|p2a: Cesar zepeli|Knock Off|p1a: Alomomola
|-damage|p1a: Alomomola|53/100 brn
|-enditem|p1a: Alomomola|Heavy-Duty Boots|[from] move: Knock Off|[of] p2a: Cesar zepeli
|
|-damage|p1a: Alomomola|46/100 brn|[from] brn
|upkeep
|turn|33
|
|t:|1779641725
|switch|p1a: Iron Crown|Iron Crown|50/100 par
|-damage|p1a: Iron Crown|43/100 par|[from] Stealth Rock
|move|p2a: Cesar zepeli|Psychic Noise|p1a: Iron Crown
|-resisted|p1a: Iron Crown
|-damage|p1a: Iron Crown|35/100 par
|-start|p1a: Iron Crown|move: Heal Block
|
|-end|p1a: Iron Crown|move: Future Sight
|-resisted|p1a: Iron Crown
|-damage|p1a: Iron Crown|21/100 par
|upkeep
|turn|34
|l| i_am_da_pikachu
|
|t:|1779641737
|switch|p2a: Big daddy|Registeel, shiny|100/100
|-damage|p2a: Big daddy|88/100|[from] Spikes
|move|p1a: Iron Crown|Psyshock|p2a: Big daddy
|-resisted|p2a: Big daddy
|-damage|p2a: Big daddy|69/100
|
|-heal|p2a: Big daddy|75/100|[from] item: Leftovers
|-end|p1a: Iron Crown|move: Heal Block
|upkeep
|turn|35
|
|t:|1779641747
|-end|p1a: Iron Crown|Quark Drive|[silent]
|switch|p1a: Gliscor|Gliscor, F|79/100 tox
|-damage|p1a: Gliscor|67/100 tox|[from] Stealth Rock
|move|p2a: Big daddy|Body Press|p1a: Gliscor
|-resisted|p1a: Gliscor
|-crit|p1a: Gliscor
|-damage|p1a: Gliscor|52/100 tox
|
|-heal|p2a: Big daddy|81/100|[from] item: Leftovers
|-heal|p1a: Gliscor|64/100 tox|[from] ability: Poison Heal
|upkeep
|turn|36
|
|t:|1779641761
|switch|p1a: Alomomola|Alomomola, F|80/100 brn
|-damage|p1a: Alomomola|67/100 brn|[from] Stealth Rock
|switch|p2a: Lord smogon|Weezing-Galar, F, shiny|62/100
|
|-damage|p1a: Alomomola|61/100 brn|[from] brn
|upkeep
|turn|37
|
|t:|1779641769
|switch|p2a: EL sarcosucus|Krookodile, F, shiny|100/100
|-damage|p2a: EL sarcosucus|88/100|[from] Spikes
|move|p1a: Alomomola|Wish|p1a: Alomomola
|
|-damage|p1a: Alomomola|55/100 brn|[from] brn
|upkeep
|turn|38
|
|t:|1779641776
|move|p2a: EL sarcosucus|Knock Off|p1a: Alomomola
|-damage|p1a: Alomomola|20/100 brn
|move|p1a: Alomomola|Flip Turn|p2a: EL sarcosucus
|-supereffective|p2a: EL sarcosucus
|-damage|p2a: EL sarcosucus|67/100
|
|t:|1779641781
|switch|p1a: Iron Crown|Iron Crown|21/100 par|[from] Flip Turn
|-damage|p1a: Iron Crown|15/100 par|[from] Stealth Rock
|
|-heal|p1a: Iron Crown|98/100 par|[from] move: Wish|[wisher] Alomomola
|upkeep
|turn|39
|
|t:|1779641787
|-end|p1a: Iron Crown|Quark Drive|[silent]
|switch|p1a: Gliscor|Gliscor, F|64/100 tox
|-damage|p1a: Gliscor|52/100 tox|[from] Stealth Rock
|move|p2a: EL sarcosucus|Knock Off|p1a: Gliscor
|-damage|p1a: Gliscor|0 fnt
|-enditem|p1a: Gliscor|Toxic Orb|[from] move: Knock Off|[of] p2a: EL sarcosucus
|faint|p1a: Gliscor
|-ability|p2a: EL sarcosucus|Moxie|boost
|-boost|p2a: EL sarcosucus|atk|1
|
|upkeep
|
|t:|1779641794
|switch|p1a: Zamazenta|Zamazenta|100/100
|turn|40
|
|t:|1779641801
|switch|p2a: Lord smogon|Weezing-Galar, F, shiny|62/100
|move|p1a: Zamazenta|Heavy Slam|p2a: Lord smogon
|-supereffective|p2a: Lord smogon
|-damage|p2a: Lord smogon|9/100
|
|upkeep
|turn|41
|
|t:|1779641809
|switch|p2a: Big daddy|Registeel, shiny|81/100
|-damage|p2a: Big daddy|69/100|[from] Spikes
|move|p1a: Zamazenta|Heavy Slam|p2a: Big daddy
|-resisted|p2a: Big daddy
|-damage|p2a: Big daddy|64/100
|
|-heal|p2a: Big daddy|70/100|[from] item: Leftovers
|upkeep
|turn|42
|j| Hunter Knive
|
|t:|1779641829
|switch|p1a: Pecharunt|Pecharunt|100/100
|switch|p2a: Lord smogon|Weezing-Galar, F, shiny|9/100
|
|upkeep
|turn|43
|
|t:|1779641838
|switch|p2a: Big daddy|Registeel, shiny|70/100
|-damage|p2a: Big daddy|58/100|[from] Spikes
|move|p1a: Pecharunt|Malignant Chain|p2a: Big daddy
|-immune|p2a: Big daddy
|
|-heal|p2a: Big daddy|64/100|[from] item: Leftovers
|upkeep
|turn|44
|
|t:|1779641849
|move|p1a: Pecharunt|Parting Shot|p2a: Big daddy
|-fail|p2a: Big daddy|unboost|[from] ability: Clear Body|[of] p2a: Big daddy
|move|p2a: Big daddy|Thunder Wave|p1a: Pecharunt
|-status|p1a: Pecharunt|par
|
|-heal|p2a: Big daddy|70/100|[from] item: Leftovers
|upkeep
|turn|45
|
|t:|1779641858
|move|p2a: Big daddy|Heavy Slam|p1a: Pecharunt
|-damage|p1a: Pecharunt|87/100 par
|move|p1a: Pecharunt|Foul Play|p2a: Big daddy
|-damage|p2a: Big daddy|60/100
|
|-heal|p2a: Big daddy|66/100|[from] item: Leftovers
|upkeep
|turn|46
|
|t:|1779641876
|switch|p1a: Iron Crown|Iron Crown|98/100 par
|-damage|p1a: Iron Crown|92/100 par|[from] Stealth Rock
|move|p2a: Big daddy|Heavy Slam|p1a: Iron Crown
|-resisted|p1a: Iron Crown
|-damage|p1a: Iron Crown|86/100 par
|
|-heal|p2a: Big daddy|72/100|[from] item: Leftovers
|upkeep
|turn|47
|
|t:|1779641892
|switch|p2a: Cesar zepeli|Reuniclus, M, shiny, tera:Water|80/100
|-damage|p2a: Cesar zepeli|68/100|[from] Spikes
|move|p1a: Iron Crown|Focus Blast|p2a: Cesar zepeli
|-damage|p2a: Cesar zepeli|38/100
|
|upkeep
|turn|48
|
|t:|1779641901
|-end|p1a: Iron Crown|Quark Drive|[silent]
|switch|p1a: Alomomola|Alomomola, F|53/100 brn
|-damage|p1a: Alomomola|41/100 brn|[from] Stealth Rock
|move|p2a: Cesar zepeli|Future Sight|p1a: Alomomola
|-start|p2a: Cesar zepeli|move: Future Sight
|
|-damage|p1a: Alomomola|35/100 brn|[from] brn
|upkeep
|turn|49
|
|t:|1779641926
|move|p1a: Alomomola|Flip Turn|p2a: Cesar zepeli
|-resisted|p2a: Cesar zepeli
|-damage|p2a: Cesar zepeli|34/100
|
|t:|1779641929
|switch|p1a: Iron Crown|Iron Crown|86/100 par|[from] Flip Turn
|-damage|p1a: Iron Crown|80/100 par|[from] Stealth Rock
|move|p2a: Cesar zepeli|Psychic Noise|p1a: Iron Crown
|-resisted|p1a: Iron Crown
|-damage|p1a: Iron Crown|72/100 par
|-start|p1a: Iron Crown|move: Heal Block
|
|upkeep
|turn|50
|j| Love Pibble
|
|t:|1779641942
|move|p1a: Iron Crown|Volt Switch|p2a: Cesar zepeli
|-supereffective|p2a: Cesar zepeli
|-damage|p2a: Cesar zepeli|0 fnt
|faint|p2a: Cesar zepeli
|
|t:|1779641960
|-end|p1a: Iron Crown|Quark Drive|[silent]
|switch|p1a: Alomomola|Alomomola, F|68/100 brn|[from] Volt Switch
|-damage|p1a: Alomomola|56/100 brn|[from] Stealth Rock
|
|-end|p1a: Alomomola|move: Future Sight
|-damage|p1a: Alomomola|17/100 brn
|-damage|p1a: Alomomola|10/100 brn|[from] brn
|upkeep
|j| ihateclodsire
|
|t:|1779641972
|switch|p2a: EL sarcosucus|Krookodile, F, shiny|67/100
|-damage|p2a: EL sarcosucus|55/100|[from] Spikes
|turn|51
|
|t:|1779641977
|move|p2a: EL sarcosucus|Knock Off|p1a: Alomomola
|-damage|p1a: Alomomola|0 fnt
|faint|p1a: Alomomola
|-ability|p2a: EL sarcosucus|Moxie|boost
|-boost|p2a: EL sarcosucus|atk|1
|
|upkeep
|
|t:|1779641979
|switch|p1a: Zamazenta|Zamazenta|100/100
|turn|52
|
|t:|1779641986
|switch|p2a: Lord smogon|Weezing-Galar, F, shiny|9/100
|move|p1a: Zamazenta|Close Combat|p2a: Lord smogon
|-resisted|p2a: Lord smogon
|-damage|p2a: Lord smogon|0 fnt
|-unboost|p1a: Zamazenta|def|1
|-unboost|p1a: Zamazenta|spd|1
|faint|p2a: Lord smogon
|
|upkeep
|
|t:|1779641994
|switch|p2a: KFC chicken|Zapdos-Galar|100/100
|turn|53
|
|t:|1779642006
|switch|p1a: Pecharunt|Pecharunt|87/100 par
|move|p2a: KFC chicken|Knock Off|p1a: Pecharunt
|-supereffective|p1a: Pecharunt
|-damage|p1a: Pecharunt|54/100 par
|-enditem|p1a: Pecharunt|Heavy-Duty Boots|[from] move: Knock Off|[of] p2a: KFC chicken
|
|upkeep
|turn|54
|
|t:|1779642016
|move|p2a: KFC chicken|Knock Off|p1a: Pecharunt
|-supereffective|p1a: Pecharunt
|-damage|p1a: Pecharunt|30/100 par
|move|p1a: Pecharunt|Parting Shot|p2a: KFC chicken
|-unboost|p2a: KFC chicken|atk|1
|-ability|p2a: KFC chicken|Defiant|boost
|-boost|p2a: KFC chicken|atk|2
|-unboost|p2a: KFC chicken|spa|1
|-ability|p2a: KFC chicken|Defiant|boost
|-boost|p2a: KFC chicken|atk|2
|
|t:|1779642027
|switch|p1a: Zamazenta|Zamazenta|100/100|[from] Parting Shot
|
|upkeep
|turn|55
|
|t:|1779642031
|-terastallize|p1a: Zamazenta|Dark
|move|p2a: KFC chicken|Knock Off|p1a: Zamazenta
|-resisted|p1a: Zamazenta
|-damage|p1a: Zamazenta|61/100
|-enditem|p1a: Zamazenta|Heavy-Duty Boots|[from] move: Knock Off|[of] p2a: KFC chicken
|move|p1a: Zamazenta|Stone Edge|p2a: KFC chicken
|-damage|p2a: KFC chicken|60/100
|
|upkeep
|turn|56
|
|t:|1779642042
|move|p2a: KFC chicken|Knock Off|p1a: Zamazenta
|-resisted|p1a: Zamazenta
|-damage|p1a: Zamazenta|37/100
|move|p1a: Zamazenta|Stone Edge|p2a: KFC chicken|[miss]
|-miss|p1a: Zamazenta|p2a: KFC chicken
|
|upkeep
|turn|57
|l| Love Pibble
|
|t:|1779642047
|move|p2a: KFC chicken|Knock Off|p1a: Zamazenta
|-resisted|p1a: Zamazenta
|-damage|p1a: Zamazenta|12/100
|move|p1a: Zamazenta|Stone Edge|p2a: KFC chicken
|-damage|p2a: KFC chicken|25/100
|
|upkeep
|turn|58
|c|☆GavilarKholin|Gg
|-message|GavilarKholin forfeited.
|
|win|arataomega1
|n|☆GavilarKholin|gavilarkholin
|n|☆arataomega1|arataomega1
|n|*Lady Monita |ladymonita
|n| Atarialex|atarialex
|n| Hunter Knive|hunterknive
|n| ihateclodsire|ihateclodsire
