|j|☆vvnvcv
|j|☆tcloud
|t:|1779686108
|gametype|singles
|player|p1|vvnvcv|2|1318
|player|p2|tcloud|fisherman-gen4|1323
|gen|9
|tier|[Gen 9] OU
|rated|
|rule|HP Percentage Mod: HP is shown in percentages
|rule|Endless Battle Clause: Forcing endless battles is banned
|rule|Species Clause: Limit one of each Pokémon
|rule|OHKO Clause: OHKO moves are banned
|rule|Evasion Items Clause: Evasion items are banned
|rule|Evasion Moves Clause: Evasion moves are banned
|rule|Evasion Abilities Clause: Evasion abilities are banned
|rule|Sleep Moves Clause: Sleep-inducing moves are banned
|clearpoke
|poke|p1|Dondozo, M|
|poke|p1|Dragapult, M|
|poke|p1|Great Tusk|
|poke|p1|Gholdengo|
|poke|p1|Garchomp, M|
|poke|p1|Kleavor, M|
|poke|p2|Smeargle, M|
|poke|p2|Great Tusk|
|poke|p2|Raging Bolt|
|poke|p2|Gholdengo|
|poke|p2|Enamorus, F|
|poke|p2|Kingambit, F|
|teampreview
|
|t:|1779686116
|teamsize|p1|6
|teamsize|p2|6
|start
|switch|p1a: Kleavor|Kleavor, M|100/100
|switch|p2a: Enamorus|Enamorus, F|100/100
|turn|1
|
|t:|1779686120
|move|p1a: Kleavor|Stone Axe|p2a: Enamorus
|-supereffective|p2a: Enamorus
|-damage|p2a: Enamorus|0 fnt
|-sidestart|p2: tcloud|move: Stealth Rock
|faint|p2a: Enamorus
|
|upkeep
|
|t:|1779686123
|switch|p2a: Great Tusk|Great Tusk|100/100
|-damage|p2a: Great Tusk|98/100|[from] Stealth Rock
|-enditem|p2a: Great Tusk|Booster Energy
|-activate|p2a: Great Tusk|ability: Protosynthesis|[fromitem]
|-start|p2a: Great Tusk|protosynthesisatk
|turn|2
|
|t:|1779686128
|switch|p1a: Dragapult|Dragapult, M|100/100
|move|p2a: Great Tusk|Rapid Spin|p1a: Dragapult
|-immune|p1a: Dragapult
|
|upkeep
|turn|3
|
|t:|1779686133
|move|p1a: Dragapult|Will-O-Wisp|p2a: Great Tusk
|-status|p2a: Great Tusk|brn
|move|p2a: Great Tusk|Stealth Rock|p1a: Dragapult
|-sidestart|p1: vvnvcv|move: Stealth Rock
|
|-damage|p2a: Great Tusk|91/100 brn|[from] brn
|upkeep
|turn|4
|
|t:|1779686140
|move|p1a: Dragapult|Hex|p2a: Great Tusk
|-damage|p2a: Great Tusk|0 fnt
|faint|p2a: Great Tusk
|-end|p2a: Great Tusk|Protosynthesis|[silent]
|-damage|p1a: Dragapult|91/100|[from] item: Life Orb
|
|upkeep
|
|t:|1779686143
|switch|p2a: Smeargle|Smeargle, M|100/100
|-damage|p2a: Smeargle|88/100|[from] Stealth Rock
|turn|5
|
|t:|1779686149
|move|p1a: Dragapult|Draco Meteor|p2a: Smeargle
|-damage|p2a: Smeargle|0 fnt
|-unboost|p1a: Dragapult|spa|2
|faint|p2a: Smeargle
|-damage|p1a: Dragapult|81/100|[from] item: Life Orb
|
|upkeep
|-message|tcloud forfeited.
|
|win|vvnvcv
|raw|vvnvcv's rating: 1318 &rarr; <strong>1338</strong><br />(+20 for winning)
|raw|tcloud's rating: 1323 &rarr; <strong>1303</strong><br />(-20 for losing)
|l|☆vvnvcv
|player|p1|
