|j|☆immaterial-light
|j|☆jlsdfhpjksdhfni
|t:|1779674873
|gametype|singles
|player|p1|immaterial-light|101|1529
|player|p2|jlsdfhpjksdhfni|170|1533
|gen|9
|tier|[Gen 9] OU
|rated|
|rule|HP Percentage Mod: HP is shown in percentages
|rule|Endless Battle Clause: Forcing endless battles is banned
|rule|Species Clause: Limit one of each Pokémon
|rule|OHKO Clause: OHKO moves are banned
|rule|Evasion Items Clause: Evasion items are banned
|rule|Evasion Moves Clause: Evasion moves are banned
|rule|Evasion Abilities Clause: Evasion abilities are banned
|rule|Sleep Moves Clause: Sleep-inducing moves are banned
|clearpoke
|poke|p1|Cresselia, F|
|poke|p1|Hatterene, F|
|poke|p1|Iron Hands|
|poke|p1|Ursaluna, M|
|poke|p1|Torkoal, F|
|poke|p1|Porygon2|
|poke|p2|Hoopa-Unbound|
|poke|p2|Zoroark-Hisui, F|
|poke|p2|Zapdos|
|poke|p2|Iron Treads|
|poke|p2|Iron Moth|
|poke|p2|Samurott-Hisui, F|
|teampreview
|inactive|Battle timer is ON: inactive players will automatically lose when time's up. (requested by immaterial-light)
|
|t:|1779674906
|teamsize|p1|6
|teamsize|p2|6
|start
|switch|p1a: Hatterene|Hatterene, F|100/100
|switch|p2a: Samurott|Samurott-Hisui, F|100/100
|turn|1
|
|t:|1779674916
|move|p2a: Samurott|Ceaseless Edge|p1a: Hatterene
|-damage|p1a: Hatterene|46/100
|-sidestart|p1: immaterial-light|Spikes
|move|p1a: Hatterene|Trick Room|p1a: Hatterene
|-fieldstart|move: Trick Room|[of] p1a: Hatterene
|
|upkeep
|turn|2
|
|t:|1779674922
|switch|p2a: Iron Moth|Iron Moth|100/100
|move|p1a: Hatterene|Dazzling Gleam|p2a: Iron Moth
|-resisted|p2a: Iron Moth
|-damage|p2a: Iron Moth|88/100
|
|upkeep
|turn|3
|
|t:|1779674939
|-end|p2a: Iron Moth|Quark Drive|[silent]
|switch|p2a: Iron Treads|Iron Treads|100/100
|-enditem|p2a: Iron Treads|Booster Energy
|-activate|p2a: Iron Treads|ability: Quark Drive|[fromitem]
|-start|p2a: Iron Treads|quarkdrivespe
|move|p1a: Hatterene|Psychic Noise|p2a: Iron Treads
|-resisted|p2a: Iron Treads
|-damage|p2a: Iron Treads|67/100
|-start|p2a: Iron Treads|move: Heal Block
|
|upkeep
|turn|4
|
|t:|1779674949
|switch|p1a: Cresselia|Cresselia, F|100/100
|move|p2a: Iron Treads|Earth Power|p1a: Cresselia
|-immune|p1a: Cresselia|[from] ability: Levitate
|
|-end|p2a: Iron Treads|move: Heal Block
|upkeep
|turn|5
|
|t:|1779674953
|switch|p1a: Hatterene|Hatterene, F|46/100
|-damage|p1a: Hatterene|34/100|[from] Spikes
|-end|p2a: Iron Treads|Quark Drive|[silent]
|switch|p2a: Hoopa|Hoopa-Unbound|100/100
|
|-fieldend|move: Trick Room
|upkeep
|turn|6
|
|t:|1779674967
|move|p2a: Hoopa|Knock Off|p1a: Hatterene
|-damage|p1a: Hatterene|0 fnt
|-enditem|p1a: Hatterene|Focus Sash|[from] move: Knock Off|[of] p2a: Hoopa
|faint|p1a: Hatterene
|
|upkeep
|
|t:|1779674990
|switch|p1a: Cresselia|Cresselia, F|100/100
|turn|7
|
|t:|1779674995
|-terastallize|p2a: Hoopa|Dark
|move|p2a: Hoopa|Knock Off|p1a: Cresselia
|-supereffective|p1a: Cresselia
|-damage|p1a: Cresselia|0 fnt
|-enditem|p1a: Cresselia|Mental Herb|[from] move: Knock Off|[of] p2a: Hoopa
|faint|p1a: Cresselia
|
|upkeep
|
|t:|1779674999
|switch|p1a: Iron Hands|Iron Hands|100/100
|-damage|p1a: Iron Hands|88/100|[from] Spikes
|-enditem|p1a: Iron Hands|Booster Energy
|-activate|p1a: Iron Hands|ability: Quark Drive|[fromitem]
|-start|p1a: Iron Hands|quarkdriveatk
|turn|8
|c|☆jlsdfhpjksdhfni|first time i one shot a cres
|
|t:|1779675017
|switch|p2a: Zapdos|Zapdos|100/100
|move|p1a: Iron Hands|Swords Dance|p1a: Iron Hands
|-boost|p1a: Iron Hands|atk|2
|
|upkeep
|turn|9
|
|t:|1779675032
|move|p2a: Zapdos|Nasty Plot|p2a: Zapdos
|-boost|p2a: Zapdos|spa|2
|move|p1a: Iron Hands|Ice Punch|p2a: Zapdos
|-enditem|p2a: Zapdos|Focus Sash
|-damage|p2a: Zapdos|1/100
|replace|p2a: Zoroark|Zoroark-Hisui, F
|-end|p2a: Zoroark|Illusion
|
|upkeep
|turn|10
|
|t:|1779675039
|-end|p1a: Iron Hands|Quark Drive|[silent]
|switch|p1a: Porygon2|Porygon2|100/100
|-damage|p1a: Porygon2|88/100|[from] Spikes
|-ability|p1a: Porygon2|Download|boost
|-boost|p1a: Porygon2|atk|1
|move|p2a: Zoroark|Hyper Voice|p1a: Porygon2
|-damage|p1a: Porygon2|26/100
|
|upkeep
|turn|11
|
|t:|1779675048
|-terastallize|p1a: Porygon2|Ghost
|move|p2a: Zoroark|Hyper Voice|p1a: Porygon2
|-immune|p1a: Porygon2
|move|p1a: Porygon2|Trick Room|p1a: Porygon2
|-fieldstart|move: Trick Room|[of] p1a: Porygon2
|
|upkeep
|turn|12
|
|t:|1779675057
|switch|p1a: Ursaluna|Ursaluna, M|100/100
|-damage|p1a: Ursaluna|88/100|[from] Spikes
|move|p2a: Zoroark|Hyper Voice|p1a: Ursaluna
|-damage|p1a: Ursaluna|4/100
|
|-status|p1a: Ursaluna|brn|[from] item: Flame Orb
|upkeep
|turn|13
|
|t:|1779675064
|move|p1a: Ursaluna|Fire Punch|p2a: Zoroark
|-damage|p2a: Zoroark|0 fnt
|faint|p2a: Zoroark
|
|-damage|p1a: Ursaluna|0 fnt|[from] brn
|faint|p1a: Ursaluna
|upkeep
|
|t:|1779675078
|switch|p1a: Torkoal|Torkoal, F|100/100
|switch|p2a: Iron Moth|Iron Moth|88/100
|-damage|p1a: Torkoal|88/100|[from] Spikes
|-weather|SunnyDay|[from] ability: Drought|[of] p1a: Torkoal
|turn|14
|
|t:|1779675091
|-end|p2a: Iron Moth|Quark Drive|[silent]
|switch|p2a: Samurott|Samurott-Hisui, F|100/100
|move|p1a: Torkoal|Earth Power|p2a: Samurott
|-damage|p2a: Samurott|44/100
|
|-weather|SunnyDay|[upkeep]
|upkeep
|turn|15
|
|t:|1779675098
|switch|p1a: Iron Hands|Iron Hands|88/100
|-damage|p1a: Iron Hands|76/100|[from] Spikes
|switch|p2a: Zapdos|Zapdos|100/100
|
|-weather|SunnyDay|[upkeep]
|-fieldend|move: Trick Room
|upkeep
|turn|16
|
|t:|1779675111
|move|p2a: Zapdos|Volt Switch|p1a: Iron Hands
|-resisted|p1a: Iron Hands
|-damage|p1a: Iron Hands|62/100
|
|t:|1779675116
|switch|p2a: Iron Moth|Iron Moth|88/100|[from] Volt Switch
|move|p1a: Iron Hands|Swords Dance|p1a: Iron Hands
|-boost|p1a: Iron Hands|atk|2
|
|-weather|SunnyDay|[upkeep]
|upkeep
|turn|17
|
|t:|1779675122
|move|p2a: Iron Moth|Sludge Wave|p1a: Iron Hands
|-damage|p1a: Iron Hands|0 fnt
|faint|p1a: Iron Hands
|-end|p1a: Iron Hands|Quark Drive|[silent]
|
|-weather|SunnyDay|[upkeep]
|upkeep
|-message|immaterial-light forfeited.
|
|win|jlsdfhpjksdhfni
|raw|immaterial-light's rating: 1529 &rarr; <strong>1509</strong><br />(-20 for losing)
|raw|jlsdfhpjksdhfni's rating: 1533 &rarr; <strong>1553</strong><br />(+20 for winning)
|l|☆immaterial-light
|player|p1|
|l|☆jlsdfhpjksdhfni
|player|p2|
