|j|☆bodych0ke
|j|☆excivemaster
|t:|1779561440
|gametype|singles
|player|p1|bodych0ke|ghetsis|1238
|player|p2|excivemaster|170|1201
|gen|9
|tier|[Gen 9] OU
|rated|
|rule|HP Percentage Mod: HP is shown in percentages
|rule|Endless Battle Clause: Forcing endless battles is banned
|rule|Species Clause: Limit one of each Pokémon
|rule|OHKO Clause: OHKO moves are banned
|rule|Evasion Items Clause: Evasion items are banned
|rule|Evasion Moves Clause: Evasion moves are banned
|rule|Evasion Abilities Clause: Evasion abilities are banned
|rule|Sleep Moves Clause: Sleep-inducing moves are banned
|clearpoke
|poke|p1|Torkoal, M|
|poke|p1|Walking Wake|
|poke|p1|Raging Bolt|
|poke|p1|Ceruledge, M|
|poke|p1|Corviknight, M|
|poke|p1|Dragonite, M|
|poke|p2|Tsareena, F|
|poke|p2|Clodsire, M|
|poke|p2|Shroomish, F|
|poke|p2|Cinderace, M|
|poke|p2|Gastrodon, F|
|poke|p2|Glimmora, M|
|teampreview
|inactive|Battle timer is ON: inactive players will automatically lose when time's up. (requested by bodych0ke)
|
|t:|1779561459
|teamsize|p1|6
|teamsize|p2|6
|start
|switch|p1a: Torkoal|Torkoal, M|100/100
|switch|p2a: Tsareena|Tsareena, F|100/100
|-weather|SunnyDay|[from] ability: Drought|[of] p1a: Torkoal
|turn|1
|
|t:|1779561462
|move|p2a: Tsareena|Taunt|p1a: Torkoal
|-start|p1a: Torkoal|move: Taunt
|move|p1a: Torkoal|Lava Plume|p2a: Tsareena
|-supereffective|p2a: Tsareena
|-damage|p2a: Tsareena|16/100
|-enditem|p2a: Tsareena|Aguav Berry|[eat]
|-heal|p2a: Tsareena|49/100|[from] item: Aguav Berry
|
|-weather|SunnyDay|[upkeep]
|upkeep
|turn|2
|
|t:|1779561475
|move|p2a: Tsareena|Knock Off|p1a: Torkoal
|-damage|p1a: Torkoal|83/100
|-enditem|p1a: Torkoal|Heat Rock|[from] move: Knock Off|[of] p2a: Tsareena
|move|p1a: Torkoal|Lava Plume|p2a: Tsareena
|-supereffective|p2a: Tsareena
|-damage|p2a: Tsareena|0 fnt
|faint|p2a: Tsareena
|
|-weather|SunnyDay|[upkeep]
|upkeep
|
|t:|1779561481
|switch|p2a: Gastrodon|Gastrodon, F|100/100
|turn|3
|
|t:|1779561493
|switch|p1a: Corviknight|Corviknight, M|100/100
|-ability|p1a: Corviknight|Pressure
|move|p2a: Gastrodon|Surf|p1a: Corviknight
|-damage|p1a: Corviknight|87/100
|
|-weather|SunnyDay|[upkeep]
|upkeep
|turn|4
|
|t:|1779561499
|move|p1a: Corviknight|Iron Defense|p1a: Corviknight
|-boost|p1a: Corviknight|def|2
|move|p2a: Gastrodon|Stockpile|p2a: Gastrodon
|-start|p2a: Gastrodon|stockpile1
|-boost|p2a: Gastrodon|def|1
|-boost|p2a: Gastrodon|spd|1
|
|-weather|SunnyDay|[upkeep]
|upkeep
|turn|5
|
|t:|1779561503
|move|p1a: Corviknight|Body Press|p2a: Gastrodon
|-damage|p2a: Gastrodon|65/100
|move|p2a: Gastrodon|Stockpile|p2a: Gastrodon
|-start|p2a: Gastrodon|stockpile2
|-boost|p2a: Gastrodon|def|1
|-boost|p2a: Gastrodon|spd|1
|
|-weather|SunnyDay|[upkeep]
|upkeep
|turn|6
|
|t:|1779561507
|move|p1a: Corviknight|Iron Defense|p1a: Corviknight
|-boost|p1a: Corviknight|def|2
|move|p2a: Gastrodon|Stockpile|p2a: Gastrodon
|-start|p2a: Gastrodon|stockpile3
|-boost|p2a: Gastrodon|def|1
|-boost|p2a: Gastrodon|spd|1
|
|-weather|SunnyDay|[upkeep]
|upkeep
|turn|7
|
|t:|1779561509
|move|p1a: Corviknight|Iron Defense|p1a: Corviknight
|-boost|p1a: Corviknight|def|2
|move|p2a: Gastrodon|Recover|p2a: Gastrodon
|-heal|p2a: Gastrodon|100/100
|
|-weather|SunnyDay|[upkeep]
|upkeep
|turn|8
|
|t:|1779561512
|move|p1a: Corviknight|Body Press|p2a: Gastrodon
|-damage|p2a: Gastrodon|52/100
|move|p2a: Gastrodon|Surf|p1a: Corviknight
|-damage|p1a: Corviknight|72/100
|
|-weather|none
|upkeep
|turn|9
|
|t:|1779561518
|move|p1a: Corviknight|Body Press|p2a: Gastrodon
|-damage|p2a: Gastrodon|4/100
|move|p2a: Gastrodon|Recover|p2a: Gastrodon
|-heal|p2a: Gastrodon|54/100
|
|upkeep
|turn|10
|
|t:|1779561528
|switch|p2a: Glimmora|Glimmora, M|100/100
|move|p1a: Corviknight|Body Press|p2a: Glimmora
|-enditem|p2a: Glimmora|Focus Sash
|-damage|p2a: Glimmora|1/100
|-activate|p2a: Glimmora|ability: Toxic Debris
|-sidestart|p1: bodych0ke|move: Toxic Spikes
|
|upkeep
|turn|11
|
|t:|1779561539
|move|p2a: Glimmora|Sludge Wave|p1a: Corviknight
|-immune|p1a: Corviknight
|move|p1a: Corviknight|U-turn|p2a: Glimmora
|-resisted|p2a: Glimmora
|-damage|p2a: Glimmora|0 fnt
|-activate|p2a: Glimmora|ability: Toxic Debris
|-sidestart|p1: bodych0ke|move: Toxic Spikes
|faint|p2a: Glimmora
|
|t:|1779561543
|switch|p1a: Torkoal|Torkoal, M|83/100|[from] U-turn
|-status|p1a: Torkoal|tox
|-weather|SunnyDay|[from] ability: Drought|[of] p1a: Torkoal
|
|-weather|SunnyDay|[upkeep]
|-damage|p1a: Torkoal|77/100 tox|[from] psn
|upkeep
|
|t:|1779561547
|switch|p2a: Cinderace|Cinderace, M|100/100
|turn|12
|
|t:|1779561573
|move|p2a: Cinderace|Court Change|p2a: Cinderace
|-start|p2a: Cinderace|typechange|Normal|[from] ability: Libero
|-swapsideconditions
|-activate|p2a: Cinderace|move: Court Change
|move|p1a: Torkoal|Rapid Spin|p2a: Cinderace
|-damage|p2a: Cinderace|89/100
|-boost|p1a: Torkoal|spe|1
|
|-weather|SunnyDay|[upkeep]
|-damage|p1a: Torkoal|65/100 tox|[from] psn
|upkeep
|turn|13
|
|t:|1779561582
|switch|p1a: Walking Wake|Walking Wake|100/100
|-activate|p1a: Walking Wake|ability: Protosynthesis
|-start|p1a: Walking Wake|protosynthesisspe
|move|p2a: Cinderace|Pyro Ball|p1a: Walking Wake
|-resisted|p1a: Walking Wake
|-damage|p1a: Walking Wake|85/100
|-status|p1a: Walking Wake|brn
|
|-weather|SunnyDay|[upkeep]
|-damage|p1a: Walking Wake|79/100 brn|[from] brn
|upkeep
|turn|14
|
|t:|1779561589
|switch|p2a: Gastrodon|Gastrodon, F|54/100
|-status|p2a: Gastrodon|tox
|move|p1a: Walking Wake|Hydro Steam|p2a: Gastrodon
|-ability|p2a: Gastrodon|Storm Drain|boost
|-boost|p2a: Gastrodon|spa|1
|
|-weather|SunnyDay|[upkeep]
|-damage|p2a: Gastrodon|48/100 tox|[from] psn
|-damage|p1a: Walking Wake|72/100 brn|[from] brn
|upkeep
|turn|15
|
|t:|1779561608
|-end|p1a: Walking Wake|Protosynthesis|[silent]
|switch|p1a: Dragonite|Dragonite, M|100/100
|move|p2a: Gastrodon|Recover|p2a: Gastrodon
|-heal|p2a: Gastrodon|98/100 tox
|
|-weather|none
|-damage|p2a: Gastrodon|85/100 tox|[from] psn
|upkeep
|turn|16
|
|t:|1779561624
|move|p1a: Dragonite|Dragon Dance|p1a: Dragonite
|-boost|p1a: Dragonite|atk|1
|-boost|p1a: Dragonite|spe|1
|move|p2a: Gastrodon|Ice Beam|p1a: Dragonite
|-supereffective|p1a: Dragonite
|-damage|p1a: Dragonite|44/100
|
|-damage|p2a: Gastrodon|67/100 tox|[from] psn
|upkeep
|turn|17
|
|t:|1779561628
|move|p1a: Dragonite|Earthquake|p2a: Gastrodon
|-damage|p2a: Gastrodon|4/100 tox
|move|p2a: Gastrodon|Ice Beam|p1a: Dragonite
|-supereffective|p1a: Dragonite
|-damage|p1a: Dragonite|0 fnt
|faint|p1a: Dragonite
|
|-damage|p2a: Gastrodon|0 fnt|[from] psn
|faint|p2a: Gastrodon
|upkeep
|
|t:|1779561647
|switch|p1a: Torkoal|Torkoal, M|65/100 tox
|switch|p2a: Shroomish|Shroomish, F|100/100
|-status|p2a: Shroomish|tox
|-weather|SunnyDay|[from] ability: Drought|[of] p1a: Torkoal
|turn|18
|
|t:|1779561655
|switch|p2a: Clodsire|Clodsire, M|100/100
|-sideend|p2: excivemaster|move: Toxic Spikes|[of] p2a: Clodsire
|move|p1a: Torkoal|Lava Plume|p2a: Clodsire
|-damage|p2a: Clodsire|75/100
|
|-weather|SunnyDay|[upkeep]
|-heal|p2a: Clodsire|81/100|[from] item: Leftovers
|-damage|p1a: Torkoal|59/100 tox|[from] psn
|upkeep
|turn|19
|
|t:|1779561661
|switch|p1a: Walking Wake|Walking Wake|72/100 brn
|-activate|p1a: Walking Wake|ability: Protosynthesis
|-start|p1a: Walking Wake|protosynthesisspe
|move|p2a: Clodsire|Earthquake|p1a: Walking Wake
|-damage|p1a: Walking Wake|42/100 brn
|
|-weather|SunnyDay|[upkeep]
|-heal|p2a: Clodsire|88/100|[from] item: Leftovers
|-damage|p1a: Walking Wake|36/100 brn|[from] brn
|upkeep
|turn|20
|
|t:|1779561664
|move|p1a: Walking Wake|Hydro Steam|p2a: Clodsire
|-supereffective|p2a: Clodsire
|-damage|p2a: Clodsire|0 fnt
|faint|p2a: Clodsire
|
|-weather|SunnyDay|[upkeep]
|-damage|p1a: Walking Wake|29/100 brn|[from] brn
|upkeep
|
|t:|1779561667
|switch|p2a: Cinderace|Cinderace, M|89/100
|turn|21
|
|t:|1779561689
|move|p2a: Cinderace|Sucker Punch|p1a: Walking Wake
|-start|p2a: Cinderace|typechange|Dark|[from] ability: Libero
|-damage|p1a: Walking Wake|0 fnt
|faint|p1a: Walking Wake
|-end|p1a: Walking Wake|Protosynthesis|[silent]
|
|-weather|SunnyDay|[upkeep]
|upkeep
|
|t:|1779561693
|switch|p1a: Raging Bolt|Raging Bolt|100/100
|-activate|p1a: Raging Bolt|ability: Protosynthesis
|-start|p1a: Raging Bolt|protosynthesisspa
|turn|22
|
|t:|1779561700
|move|p2a: Cinderace|Pyro Ball|p1a: Raging Bolt
|-resisted|p1a: Raging Bolt
|-damage|p1a: Raging Bolt|74/100
|move|p1a: Raging Bolt|Dragon Pulse|p2a: Cinderace
|-damage|p2a: Cinderace|0 fnt
|faint|p2a: Cinderace
|
|-weather|none
|-end|p1a: Raging Bolt|Protosynthesis
|-heal|p1a: Raging Bolt|80/100|[from] item: Leftovers
|upkeep
|
|t:|1779561702
|switch|p2a: Shroomish|Shroomish, F|100/100 tox
|turn|23
|
|t:|1779561706
|move|p1a: Raging Bolt|Dragon Pulse|p2a: Shroomish
|-damage|p2a: Shroomish|63/100 tox
|move|p2a: Shroomish|Leech Seed|p1a: Raging Bolt
|-start|p1a: Raging Bolt|move: Leech Seed
|
|-heal|p1a: Raging Bolt|86/100|[from] item: Leftovers
|-damage|p1a: Raging Bolt|74/100|[from] Leech Seed|[of] p2a: Shroomish
|-heal|p2a: Shroomish|78/100 tox|[silent]
|-heal|p2a: Shroomish|91/100 tox|[from] ability: Poison Heal
|upkeep
|turn|24
|
|t:|1779561713
|move|p1a: Raging Bolt|Calm Mind|p1a: Raging Bolt
|-boost|p1a: Raging Bolt|spa|1
|-boost|p1a: Raging Bolt|spd|1
|move|p2a: Shroomish|Toxic|p1a: Raging Bolt
|-status|p1a: Raging Bolt|tox
|
|-heal|p1a: Raging Bolt|80/100 tox|[from] item: Leftovers
|-damage|p1a: Raging Bolt|68/100 tox|[from] Leech Seed|[of] p2a: Shroomish
|-heal|p2a: Shroomish|100/100 tox|[silent]
|-damage|p1a: Raging Bolt|62/100 tox|[from] psn
|upkeep
|turn|25
|
|t:|1779561726
|move|p2a: Shroomish|Protect|p2a: Shroomish
|-singleturn|p2a: Shroomish|Protect
|move|p1a: Raging Bolt|Dragon Pulse|p2a: Shroomish
|-activate|p2a: Shroomish|move: Protect
|
|-heal|p1a: Raging Bolt|68/100 tox|[from] item: Leftovers
|-damage|p1a: Raging Bolt|56/100 tox|[from] Leech Seed|[of] p2a: Shroomish
|-damage|p1a: Raging Bolt|43/100 tox|[from] psn
|upkeep
|turn|26
|
|t:|1779561734
|move|p2a: Shroomish|Protect||[still]
|-fail|p2a: Shroomish
|move|p1a: Raging Bolt|Dragon Pulse|p2a: Shroomish
|-damage|p2a: Shroomish|47/100 tox
|
|-heal|p1a: Raging Bolt|50/100 tox|[from] item: Leftovers
|-damage|p1a: Raging Bolt|37/100 tox|[from] Leech Seed|[of] p2a: Shroomish
|-heal|p2a: Shroomish|62/100 tox|[silent]
|-damage|p1a: Raging Bolt|19/100 tox|[from] psn
|-heal|p2a: Shroomish|75/100 tox|[from] ability: Poison Heal
|upkeep
|turn|27
|
|t:|1779561754
|move|p2a: Shroomish|Protect|p2a: Shroomish
|-singleturn|p2a: Shroomish|Protect
|move|p1a: Raging Bolt|Dragon Pulse|p2a: Shroomish
|-activate|p2a: Shroomish|move: Protect
|
|-heal|p1a: Raging Bolt|25/100 tox|[from] item: Leftovers
|-damage|p1a: Raging Bolt|13/100 tox|[from] Leech Seed|[of] p2a: Shroomish
|-heal|p2a: Shroomish|89/100 tox|[silent]
|-damage|p1a: Raging Bolt|0 fnt|[from] psn
|faint|p1a: Raging Bolt
|-end|p1a: Raging Bolt|Protosynthesis|[silent]
|-heal|p2a: Shroomish|100/100 tox|[from] ability: Poison Heal
|upkeep
|
|t:|1779561756
|switch|p1a: Ceruledge|Ceruledge, M|100/100
|turn|28
|
|t:|1779561761
|move|p1a: Ceruledge|Bitter Blade|p2a: Shroomish
|-supereffective|p2a: Shroomish
|-damage|p2a: Shroomish|10/100 tox
|move|p2a: Shroomish|Leech Seed|p1a: Ceruledge
|-start|p1a: Ceruledge|move: Leech Seed
|
|-damage|p1a: Ceruledge|88/100|[from] Leech Seed|[of] p2a: Shroomish
|-heal|p2a: Shroomish|21/100 tox|[silent]
|-heal|p2a: Shroomish|33/100 tox|[from] ability: Poison Heal
|upkeep
|turn|29
|
|t:|1779561778
|move|p1a: Ceruledge|Bitter Blade|p2a: Shroomish
|-supereffective|p2a: Shroomish
|-damage|p2a: Shroomish|0 fnt
|-heal|p1a: Ceruledge|100/100|[from] drain|[of] p2a: Shroomish
|faint|p2a: Shroomish
|
|win|bodych0ke
|raw|bodych0ke's rating: 1238 &rarr; <strong>1260</strong><br />(+22 for winning)
|raw|excivemaster's rating: 1201 &rarr; <strong>1179</strong><br />(-22 for losing)
|l|☆excivemaster
|player|p2|
|l|☆bodych0ke
|player|p1|
