|j|☆fregene97
|j|☆KenjiShiguma
|t:|1779630381
|gametype|singles
|player|p1|fregene97|cyclist-gen4|1309
|player|p2|KenjiShiguma|pokemonbreeder-gen4|1223
|gen|9
|tier|[Gen 9] OU
|rated|
|rule|HP Percentage Mod: HP is shown in percentages
|rule|Endless Battle Clause: Forcing endless battles is banned
|rule|Species Clause: Limit one of each Pokémon
|rule|OHKO Clause: OHKO moves are banned
|rule|Evasion Items Clause: Evasion items are banned
|rule|Evasion Moves Clause: Evasion moves are banned
|rule|Evasion Abilities Clause: Evasion abilities are banned
|rule|Sleep Moves Clause: Sleep-inducing moves are banned
|clearpoke
|poke|p1|Deoxys-Speed|
|poke|p1|Iron Moth|
|poke|p1|Iron Valiant|
|poke|p1|Gholdengo|
|poke|p1|Great Tusk|
|poke|p1|Samurott-Hisui, M|
|poke|p2|Drednaw, M|
|poke|p2|Golem, F|
|poke|p2|Snorlax, F|
|poke|p2|Clefable, F|
|poke|p2|Oricorio-Sensu, M|
|poke|p2|Infernape, F|
|teampreview
|
|t:|1779630393
|teamsize|p1|6
|teamsize|p2|6
|start
|switch|p1a: Samurott|Samurott-Hisui, M|100/100
|switch|p2a: Snorlax|Snorlax, F|100/100
|turn|1
|
|t:|1779630423
|switch|p2a: Clefable|Clefable, F|100/100
|move|p1a: Samurott|Swords Dance|p1a: Samurott
|-boost|p1a: Samurott|atk|2
|
|upkeep
|turn|2
|
|t:|1779630430
|move|p1a: Samurott|Razor Shell|p2a: Clefable
|-damage|p2a: Clefable|0 fnt
|faint|p2a: Clefable
|
|upkeep
|
|t:|1779630442
|switch|p2a: Golem|Golem, F|100/100
|turn|3
|
|t:|1779630451
|move|p1a: Samurott|Razor Shell|p2a: Golem
|-supereffective|p2a: Golem
|-ability|p2a: Golem|Sturdy
|-damage|p2a: Golem|1/100
|move|p2a: Golem|Earthquake|p1a: Samurott
|-damage|p1a: Samurott|37/100
|
|upkeep
|turn|4
|inactive|Battle timer is ON: inactive players will automatically lose when time's up. (requested by fregene97)
|-enditem|p2a: Golem|Custap Berry|[eat]
|-activate|p2a: Golem|item: Custap Berry|[consumed]
|
|t:|1779630460
|move|p1a: Samurott|Sucker Punch|p2a: Golem
|-damage|p2a: Golem|0 fnt
|faint|p2a: Golem
|
|upkeep
|
|t:|1779630467
|switch|p2a: Infernape|Infernape, F|100/100
|turn|5
|
|t:|1779630471
|move|p2a: Infernape|Encore|p1a: Samurott
|-start|p1a: Samurott|Encore
|move|p1a: Samurott|Sucker Punch||[still]
|-fail|p1a: Samurott
|
|upkeep
|turn|6
|
|t:|1779630478
|switch|p2a: Drednaw|Drednaw, M|100/100
|switch|p1a: Iron Moth|Iron Moth|100/100
|-enditem|p1a: Iron Moth|Booster Energy
|-activate|p1a: Iron Moth|ability: Quark Drive|[fromitem]
|-start|p1a: Iron Moth|quarkdrivespe
|
|upkeep
|turn|7
|
|t:|1779630486
|move|p1a: Iron Moth|Sludge Wave|p2a: Drednaw
|-resisted|p2a: Drednaw
|-damage|p2a: Drednaw|71/100
|-status|p2a: Drednaw|psn
|move|p2a: Drednaw|Liquidation|p1a: Iron Moth
|-supereffective|p1a: Iron Moth
|-damage|p1a: Iron Moth|0 fnt
|faint|p1a: Iron Moth
|-end|p1a: Iron Moth|Quark Drive|[silent]
|
|-damage|p2a: Drednaw|59/100 psn|[from] psn
|upkeep
|
|t:|1779630497
|switch|p1a: Iron Valiant|Iron Valiant|100/100
|-enditem|p1a: Iron Valiant|Booster Energy
|-activate|p1a: Iron Valiant|ability: Quark Drive|[fromitem]
|-start|p1a: Iron Valiant|quarkdrivespe
|turn|8
|
|t:|1779630504
|-terastallize|p1a: Iron Valiant|Ghost
|move|p1a: Iron Valiant|Moonblast|p2a: Drednaw
|-damage|p2a: Drednaw|0 fnt
|faint|p2a: Drednaw
|
|upkeep
|
|t:|1779630516
|switch|p2a: Infernape|Infernape, F|100/100
|turn|9
|
|t:|1779630524
|move|p1a: Iron Valiant|Moonblast|p2a: Infernape
|-crit|p2a: Infernape
|-damage|p2a: Infernape|10/100
|-unboost|p2a: Infernape|spa|1
|move|p2a: Infernape|Switcheroo|p1a: Iron Valiant
|-activate|p2a: Infernape|move: Trick|[of] p1a: Iron Valiant
|-item|p1a: Iron Valiant|Choice Scarf|[from] move: Switcheroo
|-enditem|p2a: Infernape|Choice Scarf|[silent]|[from] move: Switcheroo
|
|upkeep
|turn|10
|
|t:|1779630532
|switch|p2a: Snorlax|Snorlax, F|100/100
|move|p1a: Iron Valiant|Moonblast|p2a: Snorlax
|-crit|p2a: Snorlax
|-damage|p2a: Snorlax|69/100
|
|upkeep
|turn|11
|
|t:|1779630539
|move|p1a: Iron Valiant|Moonblast|p2a: Snorlax
|-damage|p2a: Snorlax|48/100
|-unboost|p2a: Snorlax|spa|1
|-enditem|p2a: Snorlax|Sitrus Berry|[eat]
|-heal|p2a: Snorlax|73/100|[from] item: Sitrus Berry
|move|p2a: Snorlax|Earthquake|p1a: Iron Valiant
|-damage|p1a: Iron Valiant|68/100
|
|upkeep
|turn|12
|
|t:|1779630548
|-end|p1a: Iron Valiant|Quark Drive|[silent]
|switch|p1a: Deoxys|Deoxys-Speed|100/100
|-ability|p1a: Deoxys|Pressure
|move|p2a: Snorlax|Earthquake|p1a: Deoxys
|-damage|p1a: Deoxys|68/100
|
|upkeep
|turn|13
|
|t:|1779630564
|move|p1a: Deoxys|Taunt|p2a: Snorlax
|-start|p2a: Snorlax|move: Taunt
|cant|p2a: Snorlax|move: Taunt|Block
|
|upkeep
|turn|14
|-message|KenjiShiguma forfeited.
|
|win|fregene97
|raw|fregene97's rating: 1326 &rarr; <strong>1340</strong><br />(+14 for winning)
|raw|KenjiShiguma's rating: 1223 &rarr; <strong>1205</strong><br />(-18 for losing)
|l|☆KenjiShiguma
|player|p2|
|l|☆fregene97
|player|p1|
