|j|☆PlayerDk
|j|☆Ash pikatchu
|t:|1779567594
|gametype|singles
|player|p1|PlayerDk|169|1198
|player|p2|Ash pikatchu|2|1204
|gen|9
|tier|[Gen 9] OU
|rated|
|rule|HP Percentage Mod: HP is shown in percentages
|rule|Endless Battle Clause: Forcing endless battles is banned
|rule|Species Clause: Limit one of each Pokémon
|rule|OHKO Clause: OHKO moves are banned
|rule|Evasion Items Clause: Evasion items are banned
|rule|Evasion Moves Clause: Evasion moves are banned
|rule|Evasion Abilities Clause: Evasion abilities are banned
|rule|Sleep Moves Clause: Sleep-inducing moves are banned
|clearpoke
|poke|p1|Dragonite, F|
|poke|p1|Torkoal, M|
|poke|p1|Venusaur, F|
|poke|p1|Garchomp, F|
|poke|p1|Ninetales, F|
|poke|p1|Walking Wake|
|poke|p2|Munchlax, F|
|poke|p2|Clefable, M|
|poke|p2|Haxorus, M|
|poke|p2|Hitmonlee, M|
|poke|p2|Cinderace, M|
|poke|p2|Revavroom, F|
|teampreview
|
|t:|1779567606
|teamsize|p1|6
|teamsize|p2|6
|start
|switch|p1a: Torkoal|Torkoal, M|100/100
|switch|p2a: Clefable|Clefable, M, shiny|100/100
|-weather|SunnyDay|[from] ability: Drought|[of] p1a: Torkoal
|turn|1
|
|t:|1779567635
|move|p2a: Clefable|Knock Off|p1a: Torkoal
|-damage|p1a: Torkoal|81/100
|-enditem|p1a: Torkoal|Heat Rock|[from] move: Knock Off|[of] p2a: Clefable
|move|p1a: Torkoal|Stealth Rock|p2a: Clefable
|-sidestart|p2: Ash pikatchu|move: Stealth Rock
|
|-weather|SunnyDay|[upkeep]
|upkeep
|turn|2
|
|t:|1779567649
|switch|p2a: Munchlax|Munchlax, F, shiny|100/100
|-damage|p2a: Munchlax|88/100|[from] Stealth Rock
|switch|p1a: Venusaur|Venusaur, F|100/100
|
|-weather|SunnyDay|[upkeep]
|upkeep
|turn|3
|
|t:|1779567660
|move|p1a: Venusaur|Weather Ball|p2a: Munchlax
|-damage|p2a: Munchlax|74/100
|-damage|p1a: Venusaur|91/100|[from] item: Life Orb
|move|p2a: Munchlax|Stockpile|p2a: Munchlax
|-start|p2a: Munchlax|stockpile1
|-boost|p2a: Munchlax|def|1
|-boost|p2a: Munchlax|spd|1
|
|-weather|SunnyDay|[upkeep]
|upkeep
|turn|4
|
|t:|1779567672
|move|p1a: Venusaur|Giga Drain|p2a: Munchlax
|-damage|p2a: Munchlax|60/100
|-heal|p1a: Venusaur|100/100|[from] drain|[of] p2a: Munchlax
|-damage|p1a: Venusaur|91/100|[from] item: Life Orb
|move|p2a: Munchlax|Stockpile|p2a: Munchlax
|-start|p2a: Munchlax|stockpile2
|-boost|p2a: Munchlax|def|1
|-boost|p2a: Munchlax|spd|1
|
|-weather|SunnyDay|[upkeep]
|upkeep
|turn|5
|
|t:|1779567683
|move|p1a: Venusaur|Sludge Bomb|p2a: Munchlax
|-damage|p2a: Munchlax|46/100
|-status|p2a: Munchlax|psn
|-damage|p1a: Venusaur|81/100|[from] item: Life Orb
|move|p2a: Munchlax|Stockpile|p2a: Munchlax
|-start|p2a: Munchlax|stockpile3
|-boost|p2a: Munchlax|def|1
|-boost|p2a: Munchlax|spd|1
|
|-weather|SunnyDay|[upkeep]
|-damage|p2a: Munchlax|33/100 psn|[from] psn
|upkeep
|turn|6
|
|t:|1779567694
|move|p1a: Venusaur|Weather Ball|p2a: Munchlax
|-damage|p2a: Munchlax|27/100 psn
|-damage|p1a: Venusaur|71/100|[from] item: Life Orb
|move|p2a: Munchlax|Rest|p2a: Munchlax
|-status|p2a: Munchlax|slp|[from] move: Rest
|-heal|p2a: Munchlax|100/100 slp|[silent]
|
|-weather|SunnyDay|[upkeep]
|upkeep
|turn|7
|
|t:|1779567706
|move|p1a: Venusaur|Giga Drain|p2a: Munchlax
|-damage|p2a: Munchlax|91/100 slp
|-heal|p1a: Venusaur|78/100|[from] drain|[of] p2a: Munchlax
|-damage|p1a: Venusaur|68/100|[from] item: Life Orb
|cant|p2a: Munchlax|slp
|
|-weather|SunnyDay|[upkeep]
|upkeep
|turn|8
|
|t:|1779567713
|move|p1a: Venusaur|Sludge Bomb|p2a: Munchlax
|-damage|p2a: Munchlax|80/100 slp
|-damage|p1a: Venusaur|58/100|[from] item: Life Orb
|cant|p2a: Munchlax|slp
|
|-weather|none
|upkeep
|turn|9
|
|t:|1779567728
|move|p1a: Venusaur|Sludge Bomb|p2a: Munchlax
|-damage|p2a: Munchlax|70/100 slp
|-damage|p1a: Venusaur|48/100|[from] item: Life Orb
|-curestatus|p2a: Munchlax|slp|[msg]
|move|p2a: Munchlax|Body Slam|p1a: Venusaur
|-damage|p1a: Venusaur|17/100
|-status|p1a: Venusaur|par
|
|upkeep
|turn|10
|
|t:|1779567739
|switch|p1a: Torkoal|Torkoal, M|81/100
|-weather|SunnyDay|[from] ability: Drought|[of] p1a: Torkoal
|move|p2a: Munchlax|Body Slam|p1a: Torkoal
|-damage|p1a: Torkoal|66/100
|
|-weather|SunnyDay|[upkeep]
|upkeep
|turn|11
|
|t:|1779567752
|move|p1a: Torkoal|Body Press|p2a: Munchlax
|-supereffective|p2a: Munchlax
|-damage|p2a: Munchlax|53/100
|move|p2a: Munchlax|Bulldoze|p1a: Torkoal
|-supereffective|p1a: Torkoal
|-damage|p1a: Torkoal|53/100
|-unboost|p1a: Torkoal|spe|1
|
|-weather|SunnyDay|[upkeep]
|upkeep
|turn|12
|
|t:|1779567760
|move|p1a: Torkoal|Body Press|p2a: Munchlax
|-supereffective|p2a: Munchlax
|-damage|p2a: Munchlax|36/100
|move|p2a: Munchlax|Bulldoze|p1a: Torkoal
|-supereffective|p1a: Torkoal
|-damage|p1a: Torkoal|39/100
|-unboost|p1a: Torkoal|spe|1
|
|-weather|SunnyDay|[upkeep]
|upkeep
|turn|13
|
|t:|1779567773
|move|p2a: Munchlax|Bulldoze|p1a: Torkoal
|-supereffective|p1a: Torkoal
|-damage|p1a: Torkoal|26/100
|-unboost|p1a: Torkoal|spe|1
|move|p1a: Torkoal|Body Press|p2a: Munchlax
|-supereffective|p2a: Munchlax
|-damage|p2a: Munchlax|18/100
|
|-weather|SunnyDay|[upkeep]
|upkeep
|turn|14
|
|t:|1779567782
|switch|p1a: Walking Wake|Walking Wake|100/100
|-activate|p1a: Walking Wake|ability: Protosynthesis
|-start|p1a: Walking Wake|protosynthesisspe
|move|p2a: Munchlax|Rest|p2a: Munchlax
|-status|p2a: Munchlax|slp|[from] move: Rest
|-heal|p2a: Munchlax|100/100 slp|[silent]
|
|-weather|none
|-end|p1a: Walking Wake|Protosynthesis
|upkeep
|turn|15
|
|t:|1779567797
|-end|p1a: Walking Wake|Protosynthesis|[silent]
|switch|p1a: Torkoal|Torkoal, M|26/100
|-weather|SunnyDay|[from] ability: Drought|[of] p1a: Torkoal
|cant|p2a: Munchlax|slp
|
|-weather|SunnyDay|[upkeep]
|upkeep
|turn|16
|
|t:|1779567805
|move|p1a: Torkoal|Body Press|p2a: Munchlax
|-supereffective|p2a: Munchlax
|-damage|p2a: Munchlax|81/100 slp
|cant|p2a: Munchlax|slp
|
|-weather|SunnyDay|[upkeep]
|upkeep
|turn|17
|
|t:|1779567816
|switch|p1a: Walking Wake|Walking Wake|100/100
|-activate|p1a: Walking Wake|ability: Protosynthesis
|-start|p1a: Walking Wake|protosynthesisspe
|-curestatus|p2a: Munchlax|slp|[msg]
|move|p2a: Munchlax|Bulldoze|p1a: Walking Wake
|-damage|p1a: Walking Wake|86/100
|-unboost|p1a: Walking Wake|spe|1
|
|-weather|SunnyDay|[upkeep]
|upkeep
|turn|18
|
|t:|1779567832
|move|p1a: Walking Wake|Hydro Steam|p2a: Munchlax
|-damage|p2a: Munchlax|63/100
|move|p2a: Munchlax|Body Slam|p1a: Walking Wake
|-damage|p1a: Walking Wake|57/100
|
|-weather|SunnyDay|[upkeep]
|upkeep
|turn|19
|
|t:|1779567840
|move|p1a: Walking Wake|Hydro Steam|p2a: Munchlax
|-damage|p2a: Munchlax|45/100
|move|p2a: Munchlax|Body Slam|p1a: Walking Wake
|-damage|p1a: Walking Wake|27/100
|-status|p1a: Walking Wake|par
|
|-weather|none
|-end|p1a: Walking Wake|Protosynthesis
|upkeep
|turn|20
|
|t:|1779567850
|cant|p1a: Walking Wake|par
|move|p2a: Munchlax|Body Slam|p1a: Walking Wake
|-damage|p1a: Walking Wake|0 fnt
|faint|p1a: Walking Wake
|-end|p1a: Walking Wake|Protosynthesis|[silent]
|
|upkeep
|
|t:|1779567856
|switch|p1a: Torkoal|Torkoal, M|26/100
|-weather|SunnyDay|[from] ability: Drought|[of] p1a: Torkoal
|turn|21
|
|t:|1779567860
|move|p1a: Torkoal|Body Press|p2a: Munchlax
|-supereffective|p2a: Munchlax
|-damage|p2a: Munchlax|27/100
|move|p2a: Munchlax|Bulldoze|p1a: Torkoal
|-supereffective|p1a: Torkoal
|-damage|p1a: Torkoal|11/100
|-unboost|p1a: Torkoal|spe|1
|
|-weather|SunnyDay|[upkeep]
|upkeep
|turn|22
|
|t:|1779567871
|move|p1a: Torkoal|Body Press|p2a: Munchlax
|-supereffective|p2a: Munchlax
|-damage|p2a: Munchlax|9/100
|move|p2a: Munchlax|Rest|p2a: Munchlax
|-status|p2a: Munchlax|slp|[from] move: Rest
|-heal|p2a: Munchlax|100/100 slp|[silent]
|
|-weather|SunnyDay|[upkeep]
|upkeep
|turn|23
|
|t:|1779567887
|move|p1a: Torkoal|Body Press|p2a: Munchlax
|-supereffective|p2a: Munchlax
|-crit|p2a: Munchlax
|-damage|p2a: Munchlax|35/100 slp
|cant|p2a: Munchlax|slp
|
|-weather|SunnyDay|[upkeep]
|upkeep
|turn|24
|
|t:|1779567895
|move|p1a: Torkoal|Body Press|p2a: Munchlax
|-supereffective|p2a: Munchlax
|-damage|p2a: Munchlax|16/100 slp
|cant|p2a: Munchlax|slp
|
|-weather|SunnyDay|[upkeep]
|upkeep
|turn|25
|
|t:|1779567901
|move|p1a: Torkoal|Body Press|p2a: Munchlax
|-supereffective|p2a: Munchlax
|-damage|p2a: Munchlax|0 fnt
|faint|p2a: Munchlax
|
|-weather|none
|upkeep
|
|t:|1779567920
|switch|p2a: Haxorus|Haxorus, M, shiny|100/100
|-damage|p2a: Haxorus|88/100|[from] Stealth Rock
|-ability|p2a: Haxorus|Mold Breaker
|turn|26
|inactive|Battle timer is ON: inactive players will automatically lose when time's up. (requested by PlayerDk)
|
|t:|1779567927
|move|p2a: Haxorus|Dragon Dance|p2a: Haxorus
|-boost|p2a: Haxorus|atk|1
|-boost|p2a: Haxorus|spe|1
|move|p1a: Torkoal|Body Press|p2a: Haxorus
|-damage|p2a: Haxorus|49/100
|
|upkeep
|turn|27
|
|t:|1779567936
|move|p2a: Haxorus|Iron Head|p1a: Torkoal
|-resisted|p1a: Torkoal
|-damage|p1a: Torkoal|0 fnt
|faint|p1a: Torkoal
|
|upkeep
|
|t:|1779567943
|switch|p1a: Ninetales|Ninetales, F|100/100
|-weather|SunnyDay|[from] ability: Drought|[of] p1a: Ninetales
|-item|p1a: Ninetales|Air Balloon
|turn|28
|
|t:|1779567955
|move|p2a: Haxorus|Dragon Claw|p1a: Ninetales
|-damage|p1a: Ninetales|0 fnt
|-enditem|p1a: Ninetales|Air Balloon
|faint|p1a: Ninetales
|
|-weather|SunnyDay|[upkeep]
|upkeep
|
|t:|1779567961
|switch|p1a: Venusaur|Venusaur, F|17/100 par
|turn|29
|
|t:|1779567967
|move|p2a: Haxorus|Iron Head|p1a: Venusaur
|-damage|p1a: Venusaur|0 fnt
|faint|p1a: Venusaur
|
|-weather|SunnyDay|[upkeep]
|upkeep
|
|t:|1779567974
|switch|p1a: Dragonite|Dragonite, F|100/100
|turn|30
|
|t:|1779567980
|move|p1a: Dragonite|Extreme Speed|p2a: Haxorus
|-damage|p2a: Haxorus|13/100
|move|p2a: Haxorus|Iron Head|p1a: Dragonite
|-damage|p1a: Dragonite|50/100
|-damage|p2a: Haxorus|0 fnt|[from] item: Rocky Helmet|[of] p1a: Dragonite
|faint|p2a: Haxorus
|
|-weather|SunnyDay|[upkeep]
|upkeep
|
|t:|1779567991
|switch|p2a: Clefable|Clefable, M, shiny|100/100
|-damage|p2a: Clefable|88/100|[from] Stealth Rock
|turn|31
|
|t:|1779567996
|move|p1a: Dragonite|Dragon Dance|p1a: Dragonite
|-boost|p1a: Dragonite|atk|1
|-boost|p1a: Dragonite|spe|1
|move|p2a: Clefable|Play Rough|p1a: Dragonite
|-supereffective|p1a: Dragonite
|-damage|p1a: Dragonite|0 fnt
|-damage|p2a: Clefable|72/100|[from] item: Rocky Helmet|[of] p1a: Dragonite
|faint|p1a: Dragonite
|
|-weather|SunnyDay|[upkeep]
|upkeep
|
|t:|1779568002
|switch|p1a: Garchomp|Garchomp, F|100/100
|turn|32
|
|t:|1779568007
|move|p1a: Garchomp|Swords Dance|p1a: Garchomp
|-boost|p1a: Garchomp|atk|2
|move|p2a: Clefable|Play Rough|p1a: Garchomp
|-supereffective|p1a: Garchomp
|-damage|p1a: Garchomp|0 fnt
|-damage|p2a: Clefable|59/100|[from] ability: Rough Skin|[of] p1a: Garchomp
|faint|p1a: Garchomp
|
|win|Ash pikatchu
|raw|PlayerDk's rating: 1198 &rarr; <strong>1173</strong><br />(-25 for losing)
|raw|Ash pikatchu's rating: 1204 &rarr; <strong>1229</strong><br />(+25 for winning)
|l|☆PlayerDk
|player|p1|
|l|☆Ash pikatchu
|player|p2|
