|j|☆KaiZX49
|j|☆wheezsumbeez
|t:|1779724241
|gametype|singles
|player|p1|KaiZX49|youngster|1227
|player|p2|wheezsumbeez|roxie|1271
|gen|9
|tier|[Gen 9] OU
|rated|
|rule|HP Percentage Mod: HP is shown in percentages
|rule|Endless Battle Clause: Forcing endless battles is banned
|rule|Species Clause: Limit one of each Pokémon
|rule|OHKO Clause: OHKO moves are banned
|rule|Evasion Items Clause: Evasion items are banned
|rule|Evasion Moves Clause: Evasion moves are banned
|rule|Evasion Abilities Clause: Evasion abilities are banned
|rule|Sleep Moves Clause: Sleep-inducing moves are banned
|clearpoke
|poke|p1|Skarmory, M|
|poke|p1|Iron Boulder|
|poke|p1|Clodsire, F|
|poke|p1|Rotom-Wash|
|poke|p1|Gengar, F|
|poke|p1|Cinderace, M|
|poke|p2|Heatran, M|
|poke|p2|Weezing-Galar, F|
|poke|p2|Slowking, F|
|poke|p2|Iron Treads|
|poke|p2|Tornadus-Therian, M|
|poke|p2|Meowscarada, F|
|teampreview
|
|t:|1779724275
|teamsize|p1|6
|teamsize|p2|6
|start
|switch|p1a: Rotom|Rotom-Wash|100/100
|switch|p2a: Meowscarada|Meowscarada, F|100/100
|turn|1
|inactive|Battle timer is ON: inactive players will automatically lose when time's up. (requested by KaiZX49)
|
|t:|1779724280
|switch|p1a: Skarmory|Skarmory, M|100/100
|move|p2a: Meowscarada|Flower Trick|p1a: Skarmory
|-start|p2a: Meowscarada|typechange|Grass|[from] ability: Protean
|-resisted|p1a: Skarmory
|-crit|p1a: Skarmory
|-damage|p1a: Skarmory|90/100
|
|upkeep
|turn|2
|
|t:|1779724289
|switch|p2a: Weezing|Weezing-Galar, F, shiny|100/100
|move|p1a: Skarmory|Whirlwind|p2a: Weezing
|drag|p2a: Iron Treads|Iron Treads|100/100
|
|upkeep
|turn|3
|
|t:|1779724296
|move|p2a: Iron Treads|Knock Off|p1a: Skarmory
|-damage|p1a: Skarmory|72/100
|-damage|p2a: Iron Treads|84/100|[from] item: Rocky Helmet|[of] p1a: Skarmory
|-enditem|p1a: Skarmory|Rocky Helmet|[from] move: Knock Off|[of] p2a: Iron Treads
|move|p1a: Skarmory|Body Press|p2a: Iron Treads
|-supereffective|p2a: Iron Treads
|-damage|p2a: Iron Treads|22/100
|
|upkeep
|turn|4
|
|t:|1779724304
|-end|p2a: Iron Treads|Quark Drive|[silent]
|switch|p2a: Weezing|Weezing-Galar, F, shiny|100/100
|move|p1a: Skarmory|Stealth Rock|p2a: Weezing
|-sidestart|p2: wheezsumbeez|move: Stealth Rock
|
|upkeep
|turn|5
|
|t:|1779724311
|switch|p1a: Gengar|Gengar, F|100/100
|move|p2a: Weezing|Defog|p1a: Gengar
|-unboost|p1a: Gengar|evasion|1
|-sideend|p2: wheezsumbeez|Stealth Rock|[from] move: Defog|[of] p2a: Weezing
|
|upkeep
|turn|6
|
|t:|1779724317
|switch|p2a: Heatran|Heatran, M, shiny|100/100
|move|p1a: Gengar|Trick|p2a: Heatran
|-activate|p1a: Gengar|move: Trick|[of] p2a: Heatran
|-item|p2a: Heatran|Choice Scarf|[from] move: Trick
|-item|p1a: Gengar|Leftovers|[from] move: Trick
|
|upkeep
|turn|7
|
|t:|1779724324
|switch|p1a: Rotom|Rotom-Wash|100/100
|move|p2a: Heatran|Magma Storm|p1a: Rotom|[miss]
|-miss|p2a: Heatran|p1a: Rotom
|
|upkeep
|turn|8
|c|☆wheezsumbeez|DUDE I MISSED THIS STUPID SHIT 3 TIMES IN ROW AND LOST OT SOME IDIOT'S NASTY PLOT RAI
|n|‽wheezsumbeez|wheezsumbeez
|c|~|/log wheezsumbeez was locked from talking by Artemis for a week. (☆wheezsumbeez: DUDE I MISSED THIS STUPID SHIT 3 TIMES IN ROW AND LOST OT SOME IDIOT'S NASTY PLOT RAI)
|c|~|/raw <small>This action was done automatically. Want to learn more about the AI? <a href="https://www.smogon.com/forums/threads/3570628/#post-9056769">Visit the information thread</a>.</small>
|inactive|wheezsumbeez has 120 seconds left.
|
|t:|1779724364
|switch|p2a: Slowking|Slowking, F, shiny|100/100
|move|p1a: Rotom|Will-O-Wisp|p2a: Slowking
|-status|p2a: Slowking|brn
|
|-damage|p2a: Slowking|94/100 brn|[from] brn
|upkeep
|turn|9
|inactive|wheezsumbeez has 120 seconds left.
|
|t:|1779724372
|move|p1a: Rotom|Volt Switch|p2a: Slowking
|-supereffective|p2a: Slowking
|-damage|p2a: Slowking|62/100 brn
|
|t:|1779724378
|switch|p1a: Cinderace|Cinderace, M|100/100|[from] Volt Switch
|-prepare|p2a: Slowking|Chilly Reception|[premajor]
|move|p2a: Slowking|Chilly Reception|p2a: Slowking
|-weather|Snowscape
|inactive|wheezsumbeez has 120 seconds left.
|
|t:|1779724390
|switch|p2a: Tornadus|Tornadus-Therian, M|100/100|[from] Chilly Reception
|
|-weather|Snowscape|[upkeep]
|upkeep
|turn|10
|
|t:|1779724398
|move|p2a: Tornadus|Bleakwind Storm|p1a: Cinderace
|-damage|p1a: Cinderace|12/100
|-damage|p2a: Tornadus|91/100|[from] item: Life Orb
|move|p1a: Cinderace|Pyro Ball|p2a: Tornadus
|-damage|p2a: Tornadus|8/100
|-status|p2a: Tornadus|brn
|
|-weather|Snowscape|[upkeep]
|-damage|p2a: Tornadus|2/100 brn|[from] brn
|upkeep
|turn|11
|
|t:|1779724410
|switch|p2a: Heatran|Heatran, M, shiny|100/100
|switch|p1a: Rotom|Rotom-Wash|100/100
|
|-weather|Snowscape|[upkeep]
|upkeep
|turn|12
|
|t:|1779724421
|switch|p2a: Slowking|Slowking, F, shiny|96/100 brn
|move|p1a: Rotom|Hydro Pump|p2a: Slowking
|-resisted|p2a: Slowking
|-damage|p2a: Slowking|85/100 brn
|
|-weather|Snowscape|[upkeep]
|-damage|p2a: Slowking|79/100 brn|[from] brn
|upkeep
|turn|13
|
|t:|1779724430
|move|p1a: Rotom|Volt Switch|p2a: Slowking
|-supereffective|p2a: Slowking
|-damage|p2a: Slowking|50/100 brn
|
|t:|1779724433
|switch|p1a: Clodsire|Clodsire, F|100/100|[from] Volt Switch
|move|p2a: Slowking|Future Sight|p1a: Clodsire
|-start|p2a: Slowking|move: Future Sight
|
|-weather|none
|-damage|p2a: Slowking|44/100 brn|[from] brn
|upkeep
|turn|14
|
|t:|1779724440
|-prepare|p2a: Slowking|Chilly Reception|[premajor]
|move|p2a: Slowking|Chilly Reception|p2a: Slowking
|-weather|Snowscape
|
|t:|1779724453
|switch|p2a: Heatran|Heatran, M, shiny|100/100|[from] Chilly Reception
|move|p1a: Clodsire|Spikes|p2a: Heatran
|-sidestart|p2: wheezsumbeez|Spikes
|
|-weather|Snowscape|[upkeep]
|upkeep
|turn|15
|
|t:|1779724459
|switch|p1a: Rotom|Rotom-Wash|100/100
|move|p2a: Heatran|Stealth Rock|p1a: Rotom
|-sidestart|p1: KaiZX49|move: Stealth Rock
|
|-weather|Snowscape|[upkeep]
|-end|p1a: Rotom|move: Future Sight
|-damage|p1a: Rotom|55/100
|-heal|p1a: Rotom|61/100|[from] item: Leftovers
|upkeep
|turn|16
|
|t:|1779724474
|switch|p2a: Iron Treads|Iron Treads|22/100
|-damage|p2a: Iron Treads|10/100|[from] Spikes
|move|p1a: Rotom|Pain Split|p2a: Iron Treads
|-sethp|p2a: Iron Treads|34/100|[from] move: Pain Split|[silent]
|-sethp|p1a: Rotom|36/100|[from] move: Pain Split
|
|-weather|Snowscape|[upkeep]
|-heal|p1a: Rotom|42/100|[from] item: Leftovers
|upkeep
|turn|17
|
|t:|1779724485
|move|p2a: Iron Treads|Rapid Spin|p1a: Rotom
|-damage|p1a: Rotom|28/100
|-boost|p2a: Iron Treads|spe|1
|-sideend|p2: wheezsumbeez|Spikes|[from] move: Rapid Spin|[of] p2a: Iron Treads
|move|p1a: Rotom|Will-O-Wisp|p2a: Iron Treads
|-status|p2a: Iron Treads|brn
|
|-weather|Snowscape|[upkeep]
|-heal|p1a: Rotom|35/100|[from] item: Leftovers
|-damage|p2a: Iron Treads|28/100 brn|[from] brn
|upkeep
|turn|18
|
|t:|1779724494
|move|p2a: Iron Treads|Knock Off|p1a: Rotom
|-damage|p1a: Rotom|23/100
|-enditem|p1a: Rotom|Leftovers|[from] move: Knock Off|[of] p2a: Iron Treads
|move|p1a: Rotom|Volt Switch|p2a: Iron Treads
|-immune|p2a: Iron Treads
|
|-weather|none
|-damage|p2a: Iron Treads|21/100 brn|[from] brn
|upkeep
|turn|19
|
|t:|1779724506
|move|p2a: Iron Treads|Knock Off|p1a: Rotom
|-damage|p1a: Rotom|14/100
|move|p1a: Rotom|Pain Split|p2a: Iron Treads
|-sethp|p2a: Iron Treads|17/100 brn|[from] move: Pain Split|[silent]
|-sethp|p1a: Rotom|18/100|[from] move: Pain Split
|
|-damage|p2a: Iron Treads|11/100 brn|[from] brn
|upkeep
|turn|20
|
|t:|1779724514
|move|p2a: Iron Treads|Knock Off|p1a: Rotom
|-damage|p1a: Rotom|11/100
|move|p1a: Rotom|Volt Switch|p2a: Iron Treads
|-immune|p2a: Iron Treads
|
|-damage|p2a: Iron Treads|5/100 brn|[from] brn
|upkeep
|turn|21
|
|t:|1779724522
|move|p2a: Iron Treads|Knock Off|p1a: Rotom
|-damage|p1a: Rotom|3/100
|move|p1a: Rotom|Hydro Pump|p2a: Iron Treads
|-supereffective|p2a: Iron Treads
|-damage|p2a: Iron Treads|0 fnt
|faint|p2a: Iron Treads
|-end|p2a: Iron Treads|Quark Drive|[silent]
|
|upkeep
|
|t:|1779724537
|switch|p2a: Tornadus|Tornadus-Therian, M|35/100 brn
|turn|22
|
|t:|1779724541
|switch|p1a: Clodsire|Clodsire, F|100/100
|move|p2a: Tornadus|U-turn|p1a: Clodsire
|-resisted|p1a: Clodsire
|-damage|p1a: Clodsire|96/100
|-damage|p2a: Tornadus|25/100 brn|[from] item: Life Orb
|
|t:|1779724547
|switch|p2a: Meowscarada|Meowscarada, F|100/100|[from] U-turn
|
|upkeep
|turn|23
|inactive|wheezsumbeez has 120 seconds left.
|
|t:|1779724581
|switch|p1a: Rotom|Rotom-Wash|3/100
|-damage|p1a: Rotom|0 fnt|[from] Stealth Rock
|faint|p1a: Rotom
|move|p2a: Meowscarada|Knock Off|p1: Rotom|[notarget]
|-fail|p2a: Meowscarada
|
|upkeep
|
|t:|1779724588
|switch|p1a: Skarmory|Skarmory, M|72/100
|-damage|p1a: Skarmory|60/100|[from] Stealth Rock
|turn|24
|
|t:|1779724597
|switch|p2a: Heatran|Heatran, M, shiny|100/100
|move|p1a: Skarmory|Stealth Rock|p2a: Heatran
|-sidestart|p2: wheezsumbeez|move: Stealth Rock
|
|upkeep
|turn|25
|
|t:|1779724611
|-terastallize|p1a: Skarmory|Dragon
|move|p2a: Heatran|Magma Storm|p1a: Skarmory
|-resisted|p1a: Skarmory
|-damage|p1a: Skarmory|30/100
|-activate|p1a: Skarmory|move: Magma Storm|[of] p2a: Heatran
|move|p1a: Skarmory|Body Press|p2a: Heatran
|-supereffective|p2a: Heatran
|-damage|p2a: Heatran|44/100
|
|-damage|p1a: Skarmory|17/100|[from] move: Magma Storm|[partiallytrapped]
|upkeep
|turn|26
|
|t:|1779724620
|move|p2a: Heatran|Magma Storm|p1a: Skarmory|[miss]
|-miss|p2a: Heatran|p1a: Skarmory
|move|p1a: Skarmory|Roost|p1a: Skarmory
|-heal|p1a: Skarmory|67/100
|
|-damage|p1a: Skarmory|55/100|[from] move: Magma Storm|[partiallytrapped]
|upkeep
|turn|27
|
|t:|1779724627
|move|p2a: Heatran|Magma Storm|p1a: Skarmory
|-resisted|p1a: Skarmory
|-damage|p1a: Skarmory|25/100
|move|p1a: Skarmory|Whirlwind|p2a: Heatran
|drag|p2a: Meowscarada|Meowscarada, F|100/100
|-damage|p2a: Meowscarada|88/100|[from] Stealth Rock
|
|-end|p1a: Skarmory|Magma Storm|[partiallytrapped]|[silent]
|upkeep
|turn|28
|
|t:|1779724638
|move|p2a: Meowscarada|Knock Off|p1a: Skarmory
|-start|p2a: Meowscarada|typechange|Dark|[from] ability: Protean
|-damage|p1a: Skarmory|0 fnt
|faint|p1a: Skarmory
|
|upkeep
|
|t:|1779724643
|switch|p1a: Iron Boulder|Iron Boulder|100/100
|-damage|p1a: Iron Boulder|88/100|[from] Stealth Rock
|-enditem|p1a: Iron Boulder|Booster Energy
|-activate|p1a: Iron Boulder|ability: Quark Drive|[fromitem]
|-start|p1a: Iron Boulder|quarkdrivespe
|turn|29
|
|t:|1779724651
|switch|p2a: Weezing|Weezing-Galar, F, shiny|100/100
|-damage|p2a: Weezing|88/100|[from] Stealth Rock
|move|p1a: Iron Boulder|Swords Dance|p1a: Iron Boulder
|-boost|p1a: Iron Boulder|atk|2
|
|-heal|p2a: Weezing|94/100|[from] item: Leftovers
|upkeep
|turn|30
|
|t:|1779724660
|move|p1a: Iron Boulder|Mighty Cleave|p2a: Weezing
|-damage|p2a: Weezing|36/100
|move|p2a: Weezing|Will-O-Wisp|p1a: Iron Boulder
|-status|p1a: Iron Boulder|brn
|
|-heal|p2a: Weezing|42/100|[from] item: Leftovers
|-damage|p1a: Iron Boulder|82/100 brn|[from] brn
|upkeep
|turn|31
|
|t:|1779724670
|move|p1a: Iron Boulder|Swords Dance|p1a: Iron Boulder
|-boost|p1a: Iron Boulder|atk|2
|move|p2a: Weezing|Haze|p2a: Weezing
|-clearallboost
|
|-heal|p2a: Weezing|48/100|[from] item: Leftovers
|-damage|p1a: Iron Boulder|76/100 brn|[from] brn
|upkeep
|turn|32
|
|t:|1779724679
|-end|p1a: Iron Boulder|Quark Drive|[silent]
|switch|p1a: Gengar|Gengar, F|100/100
|-damage|p1a: Gengar|88/100|[from] Stealth Rock
|move|p2a: Weezing|Defog|p1a: Gengar
|-unboost|p1a: Gengar|evasion|1
|-sideend|p1: KaiZX49|Stealth Rock|[from] move: Defog|[of] p2a: Weezing
|-sideend|p2: wheezsumbeez|Stealth Rock|[from] move: Defog|[of] p2a: Weezing
|
|-heal|p1a: Gengar|94/100|[from] item: Leftovers
|-heal|p2a: Weezing|54/100|[from] item: Leftovers
|upkeep
|turn|33
|
|t:|1779724690
|switch|p2a: Heatran|Heatran, M, shiny|44/100
|move|p1a: Gengar|Focus Blast|p2a: Heatran
|-supereffective|p2a: Heatran
|-damage|p2a: Heatran|0 fnt
|faint|p2a: Heatran
|
|-heal|p1a: Gengar|100/100|[from] item: Leftovers
|upkeep
|
|t:|1779724704
|switch|p2a: Meowscarada|Meowscarada, F|88/100
|turn|34
|
|t:|1779724711
|switch|p1a: Iron Boulder|Iron Boulder|76/100 brn
|move|p2a: Meowscarada|Knock Off|p1a: Iron Boulder
|-start|p2a: Meowscarada|typechange|Dark|[from] ability: Protean
|-supereffective|p1a: Iron Boulder
|-damage|p1a: Iron Boulder|0 fnt
|faint|p1a: Iron Boulder
|-end|p1a: Iron Boulder|Quark Drive|[silent]
|
|upkeep
|
|t:|1779724718
|switch|p1a: Cinderace|Cinderace, M|12/100
|turn|35
|
|t:|1779724725
|move|p2a: Meowscarada|Knock Off|p1a: Cinderace
|-damage|p1a: Cinderace|0 fnt
|-enditem|p1a: Cinderace|Heavy-Duty Boots|[from] move: Knock Off|[of] p2a: Meowscarada
|faint|p1a: Cinderace
|
|upkeep
|-message|KaiZX49 forfeited.
|
|win|wheezsumbeez
