|j|☆A Humble Duck
|j|☆AwaitingCombat
|t:|1779672302
|gametype|singles
|player|p1|A Humble Duck|brycenman|1073
|player|p2|AwaitingCombat|steven-masters|1110
|gen|9
|tier|[Gen 9] OU
|rated|
|rule|HP Percentage Mod: HP is shown in percentages
|rule|Endless Battle Clause: Forcing endless battles is banned
|rule|Species Clause: Limit one of each Pokémon
|rule|OHKO Clause: OHKO moves are banned
|rule|Evasion Items Clause: Evasion items are banned
|rule|Evasion Moves Clause: Evasion moves are banned
|rule|Evasion Abilities Clause: Evasion abilities are banned
|rule|Sleep Moves Clause: Sleep-inducing moves are banned
|clearpoke
|poke|p1|Iron Valiant|
|poke|p1|Gliscor, F|
|poke|p1|Slowking-Galar, F|
|poke|p1|Great Tusk|
|poke|p1|Dragapult, F|
|poke|p1|Skarmory, F|
|poke|p2|Porygon-Z|
|poke|p2|Ludicolo, M|
|poke|p2|Cramorant, M|
|poke|p2|Golduck, F|
|poke|p2|Cyndaquil, M|
|poke|p2|Pikachu, M|
|teampreview
|inactive|Battle timer is ON: inactive players will automatically lose when time's up. (requested by AwaitingCombat)
|
|t:|1779672311
|teamsize|p1|6
|teamsize|p2|6
|start
|switch|p1a: Great Tusk|Great Tusk|100/100
|switch|p2a: Gold Duck|Golduck, F|100/100
|turn|1
|
|t:|1779672323
|move|p1a: Great Tusk|Stealth Rock|p2a: Gold Duck
|-sidestart|p2: AwaitingCombat|move: Stealth Rock
|move|p2a: Gold Duck|Rain Dance|p2a: Gold Duck
|-weather|RainDance
|
|-weather|RainDance|[upkeep]
|upkeep
|turn|2
|
|t:|1779672333
|move|p2a: Gold Duck|Flip Turn|p1a: Great Tusk
|-supereffective|p1a: Great Tusk
|-damage|p1a: Great Tusk|66/100
|
|t:|1779672338
|switch|p2a: Dance Duck|Ludicolo, M, shiny|100/100|[from] Flip Turn
|-damage|p2a: Dance Duck|88/100|[from] Stealth Rock
|move|p1a: Great Tusk|Headlong Rush|p2a: Dance Duck
|-resisted|p2a: Dance Duck
|-damage|p2a: Dance Duck|42/100
|-unboost|p1a: Great Tusk|def|1
|-unboost|p1a: Great Tusk|spd|1
|
|-weather|RainDance|[upkeep]
|upkeep
|turn|3
|
|t:|1779672358
|move|p2a: Dance Duck|Giga Drain|p1a: Great Tusk
|-supereffective|p1a: Great Tusk
|-damage|p1a: Great Tusk|0 fnt
|-heal|p2a: Dance Duck|75/100|[from] drain|[of] p1a: Great Tusk
|faint|p1a: Great Tusk
|-end|p1a: Great Tusk|Protosynthesis|[silent]
|
|-weather|RainDance|[upkeep]
|upkeep
|inactive|A Humble Duck has 120 seconds left.
|
|t:|1779672376
|switch|p1a: Slowking|Slowking-Galar, F|100/100
|turn|4
|
|t:|1779672380
|move|p2a: Dance Duck|Knock Off|p1a: Slowking
|-supereffective|p1a: Slowking
|-damage|p1a: Slowking|66/100
|-enditem|p1a: Slowking|Heavy-Duty Boots|[from] move: Knock Off|[of] p2a: Dance Duck
|-prepare|p1a: Slowking|Chilly Reception|[premajor]
|move|p1a: Slowking|Chilly Reception|p1a: Slowking
|-weather|Snowscape
|inactive|A Humble Duck has 120 seconds left.
|
|t:|1779672398
|switch|p1a: Dragapult|Dragapult, F|100/100|[from] Chilly Reception
|
|-weather|Snowscape|[upkeep]
|upkeep
|turn|5
|
|t:|1779672404
|move|p1a: Dragapult|Dragon Darts|p2a: Dance Duck
|-damage|p2a: Dance Duck|46/100
|-anim|p1a: Dragapult|Dragon Darts|p2a: Dance Duck
|-damage|p2a: Dance Duck|18/100
|move|p2a: Dance Duck|Ice Beam|p1a: Dragapult
|-supereffective|p1a: Dragapult
|-damage|p1a: Dragapult|23/100
|
|-weather|Snowscape|[upkeep]
|upkeep
|turn|6
|
|t:|1779672415
|move|p1a: Dragapult|Dragon Darts|p2a: Dance Duck
|-damage|p2a: Dance Duck|0 fnt
|faint|p2a: Dance Duck
|
|-weather|Snowscape|[upkeep]
|upkeep
|
|t:|1779672422
|switch|p2a: Gold Duck|Golduck, F|100/100
|-damage|p2a: Gold Duck|88/100|[from] Stealth Rock
|turn|7
|
|t:|1779672435
|move|p1a: Dragapult|U-turn|p2a: Gold Duck
|-damage|p2a: Gold Duck|67/100
|inactive|A Humble Duck has 120 seconds left.
|
|t:|1779672454
|switch|p1a: Skarmory|Skarmory, F|100/100|[from] U-turn
|move|p2a: Gold Duck|Rain Dance|p2a: Gold Duck
|-weather|RainDance
|
|-weather|RainDance|[upkeep]
|upkeep
|turn|8
|inactive|A Humble Duck has 120 seconds left.
|
|t:|1779672466
|move|p2a: Gold Duck|Flip Turn|p1a: Skarmory
|-damage|p1a: Skarmory|86/100
|-damage|p2a: Gold Duck|50/100|[from] item: Rocky Helmet|[of] p1a: Skarmory
|
|t:|1779672469
|switch|p2a: Plot Armor Duck|Pikachu, M|100/100|[from] Flip Turn
|-damage|p2a: Plot Armor Duck|88/100|[from] Stealth Rock
|move|p1a: Skarmory|Brave Bird|p2a: Plot Armor Duck
|-resisted|p2a: Plot Armor Duck
|-damage|p2a: Plot Armor Duck|22/100
|-damage|p1a: Skarmory|72/100|[from] Recoil
|
|-weather|RainDance|[upkeep]
|upkeep
|turn|9
|inactive|A Humble Duck has 120 seconds left.
|
|t:|1779672487
|move|p2a: Plot Armor Duck|Knock Off|p1a: Skarmory
|-damage|p1a: Skarmory|49/100
|-damage|p2a: Plot Armor Duck|5/100|[from] item: Rocky Helmet|[of] p1a: Skarmory
|-enditem|p1a: Skarmory|Rocky Helmet|[from] move: Knock Off|[of] p2a: Plot Armor Duck
|move|p1a: Skarmory|Brave Bird|p2a: Plot Armor Duck
|-resisted|p2a: Plot Armor Duck
|-damage|p2a: Plot Armor Duck|0 fnt
|faint|p2a: Plot Armor Duck
|-damage|p1a: Skarmory|48/100|[from] Recoil
|
|-weather|RainDance|[upkeep]
|upkeep
|
|t:|1779672495
|switch|p2a: Digital Duck|Porygon-Z|100/100
|-damage|p2a: Digital Duck|88/100|[from] Stealth Rock
|turn|10
|
|t:|1779672502
|move|p2a: Digital Duck|Thunderbolt|p1a: Skarmory
|-supereffective|p1a: Skarmory
|-damage|p1a: Skarmory|0 fnt
|faint|p1a: Skarmory
|
|-weather|RainDance|[upkeep]
|upkeep
|
|t:|1779672512
|switch|p1a: Iron Valiant|Iron Valiant|100/100
|turn|11
|
|t:|1779672520
|move|p1a: Iron Valiant|Psyshock|p2a: Digital Duck
|-damage|p2a: Digital Duck|27/100
|move|p2a: Digital Duck|Tri Attack|p1a: Iron Valiant
|-damage|p1a: Iron Valiant|0 fnt
|faint|p1a: Iron Valiant
|-end|p1a: Iron Valiant|Quark Drive|[silent]
|
|-weather|RainDance|[upkeep]
|upkeep
|
|t:|1779672532
|switch|p1a: Slowking|Slowking-Galar, F|99/100
|turn|12
|
|t:|1779672538
|-terastallize|p2a: Digital Duck|Normal
|move|p2a: Digital Duck|Hyper Beam|p1a: Slowking
|-damage|p1a: Slowking|8/100
|-mustrecharge|p2a: Digital Duck
|move|p1a: Slowking|Sludge Bomb|p2a: Digital Duck
|-damage|p2a: Digital Duck|0 fnt
|faint|p2a: Digital Duck
|
|-weather|RainDance|[upkeep]
|upkeep
|
|t:|1779672545
|switch|p2a: Throat Duck|Cramorant, M|100/100
|-damage|p2a: Throat Duck|76/100|[from] Stealth Rock
|turn|13
|
|t:|1779672562
|move|p2a: Throat Duck|Surf|p1a: Slowking
|-formechange|p2a: Throat Duck|Cramorant-Gulping|
|-damage|p1a: Slowking|0 fnt
|faint|p1a: Slowking
|
|-weather|RainDance|[upkeep]
|upkeep
|
|t:|1779672569
|switch|p1a: Dragapult|Dragapult, F|23/100
|turn|14
|
|t:|1779672576
|move|p1a: Dragapult|Dragon Darts|p2a: Throat Duck
|-damage|p2a: Throat Duck|33/100
|-damage|p1a: Dragapult|0 fnt|[from] ability: Gulp Missile|[of] p2a: Throat Duck
|-formechange|p2a: Throat Duck|Cramorant|
|faint|p1a: Dragapult
|move|p2a: Throat Duck|Hurricane|p1: Dragapult|[notarget]
|-fail|p2a: Throat Duck
|
|-weather|none
|upkeep
|
|t:|1779672584
|switch|p1a: Gliscor|Gliscor, F|100/100
|turn|15
|
|t:|1779672591
|move|p2a: Throat Duck|Surf|p1a: Gliscor
|-formechange|p2a: Throat Duck|Cramorant-Gorging|
|-supereffective|p1a: Gliscor
|-damage|p1a: Gliscor|37/100
|move|p1a: Gliscor|Knock Off|p2a: Throat Duck
|-damage|p2a: Throat Duck|0 fnt
|-damage|p1a: Gliscor|12/100|[from] ability: Gulp Missile|[of] p2a: Throat Duck
|-status|p1a: Gliscor|par
|-formechange|p2a: Throat Duck|Cramorant|
|-enditem|p2a: Throat Duck|Focus Sash|[from] move: Knock Off|[of] p1a: Gliscor
|faint|p2a: Throat Duck
|
|upkeep
|
|t:|1779672600
|switch|p2a: Flaming Duck|Cyndaquil, M|100/100
|-damage|p2a: Flaming Duck|76/100|[from] Stealth Rock
|turn|16
|
|t:|1779672609
|move|p2a: Flaming Duck|Eruption|p1a: Gliscor
|-damage|p1a: Gliscor|0 fnt
|faint|p1a: Gliscor
|
|win|AwaitingCombat
|raw|A Humble Duck's rating: 1073 &rarr; <strong>1054</strong><br />(-19 for losing)
|raw|AwaitingCombat's rating: 1110 &rarr; <strong>1132</strong><br />(+22 for winning)
|l|☆AwaitingCombat
|player|p2|
|l|☆A Humble Duck
|player|p1|
