|j|☆TeaPause
|j|☆WizardSpices
|t:|1779655774
|gametype|singles
|player|p1|TeaPause|waiter|1322
|player|p2|WizardSpices|brycenman|1335
|gen|9
|tier|[Gen 9] OU
|rated|
|rule|HP Percentage Mod: HP is shown in percentages
|rule|Endless Battle Clause: Forcing endless battles is banned
|rule|Species Clause: Limit one of each Pokémon
|rule|OHKO Clause: OHKO moves are banned
|rule|Evasion Items Clause: Evasion items are banned
|rule|Evasion Moves Clause: Evasion moves are banned
|rule|Evasion Abilities Clause: Evasion abilities are banned
|rule|Sleep Moves Clause: Sleep-inducing moves are banned
|clearpoke
|poke|p1|Arboliva, F|
|poke|p1|Torkoal, M|
|poke|p1|Pincurchin, M|
|poke|p1|Hatterene, F|
|poke|p1|Cresselia, F|
|poke|p1|Conkeldurr, F|
|poke|p2|Pecharunt|
|poke|p2|Alomomola, M|
|poke|p2|Slowking-Galar, M|
|poke|p2|Weavile, F|
|poke|p2|Moltres|
|poke|p2|Tsareena, F|
|teampreview
|inactive|Battle timer is ON: inactive players will automatically lose when time's up. (requested by TeaPause)
|inactive|WizardSpices has 120 seconds left.
|
|t:|1779655805
|teamsize|p1|6
|teamsize|p2|6
|start
|switch|p1a: Hatterene|Hatterene, F|100/100
|switch|p2a: Moltres|Moltres, shiny|100/100
|-ability|p2a: Moltres|Pressure
|turn|1
|
|t:|1779655819
|move|p2a: Moltres|Flamethrower|p1a: Hatterene
|-crit|p1a: Hatterene
|-damage|p1a: Hatterene|59/100
|-enditem|p1a: Hatterene|Red Card|[of] p2a: Moltres
|drag|p2a: Weavile|Weavile, F, shiny|100/100
|-ability|p2a: Weavile|Pressure
|move|p1a: Hatterene|Future Sight|p2a: Weavile
|-start|p1a: Hatterene|move: Future Sight
|
|upkeep
|turn|2
|
|t:|1779655831
|move|p2a: Weavile|Substitute|p2a: Weavile
|-start|p2a: Weavile|Substitute
|-damage|p2a: Weavile|76/100
|move|p1a: Hatterene|Trick Room|p1a: Hatterene
|-fieldstart|move: Trick Room|[of] p1a: Hatterene
|
|-heal|p2a: Weavile|82/100|[from] item: Leftovers
|upkeep
|turn|3
|
|t:|1779655851
|switch|p1a: Conkeldurr|Conkeldurr, F|100/100
|move|p2a: Weavile|Protect||[still]
|-fail|p2a: Weavile
|
|-end|p2a: Weavile|move: Future Sight
|-immune|p2a: Weavile
|-heal|p2a: Weavile|88/100|[from] item: Leftovers
|upkeep
|turn|4
|
|t:|1779655862
|move|p1a: Conkeldurr|Drain Punch|p2a: Weavile
|-supereffective|p2a: Weavile
|-end|p2a: Weavile|Substitute
|move|p2a: Weavile|Knock Off|p1a: Conkeldurr
|-resisted|p1a: Conkeldurr
|-damage|p1a: Conkeldurr|85/100
|-enditem|p1a: Conkeldurr|Heavy-Duty Boots|[from] move: Knock Off|[of] p2a: Weavile
|
|-heal|p2a: Weavile|94/100|[from] item: Leftovers
|upkeep
|turn|5
|
|t:|1779655873
|move|p2a: Weavile|Protect|p2a: Weavile
|-singleturn|p2a: Weavile|Protect
|move|p1a: Conkeldurr|Bulk Up|p1a: Conkeldurr
|-boost|p1a: Conkeldurr|atk|1
|-boost|p1a: Conkeldurr|def|1
|
|-heal|p2a: Weavile|99/100|[from] item: Leftovers
|upkeep
|turn|6
|
|t:|1779655883
|switch|p2a: Pecharunt|Pecharunt|100/100
|move|p1a: Conkeldurr|Knock Off|p2a: Pecharunt
|-supereffective|p2a: Pecharunt
|-damage|p2a: Pecharunt|62/100
|-damage|p1a: Conkeldurr|68/100|[from] item: Rocky Helmet|[of] p2a: Pecharunt
|-enditem|p2a: Pecharunt|Rocky Helmet|[from] move: Knock Off|[of] p1a: Conkeldurr
|
|-fieldend|move: Trick Room
|upkeep
|turn|7
|inactive|TeaPause has 120 seconds left.
|
|t:|1779655914
|switch|p1a: Cresselia|Cresselia, F|100/100
|move|p2a: Pecharunt|Toxic|p1a: Cresselia
|-status|p1a: Cresselia|tox
|-start|p1a: Cresselia|confusion|[from] ability: Poison Puppeteer|[of] p2a: Pecharunt
|
|-damage|p1a: Cresselia|94/100 tox|[from] psn
|upkeep
|turn|8
|inactive|TeaPause has 120 seconds left.
|
|t:|1779655937
|move|p2a: Pecharunt|Recover|p2a: Pecharunt
|-heal|p2a: Pecharunt|100/100
|-activate|p1a: Cresselia|confusion
|move|p1a: Cresselia|Trick Room|p1a: Cresselia
|-fieldstart|move: Trick Room|[of] p1a: Cresselia
|
|-damage|p1a: Cresselia|82/100 tox|[from] psn
|upkeep
|turn|9
|
|t:|1779655957
|-activate|p1a: Cresselia|confusion
|-damage|p1a: Cresselia|78/100 tox|[from] confusion
|move|p2a: Pecharunt|Hex|p1a: Cresselia
|-supereffective|p1a: Cresselia
|-damage|p1a: Cresselia|21/100 tox
|
|-damage|p1a: Cresselia|3/100 tox|[from] psn
|upkeep
|turn|10
|
|t:|1779655965
|-activate|p1a: Cresselia|confusion
|move|p1a: Cresselia|Lunar Dance|p1a: Cresselia
|faint|p1a: Cresselia
|move|p2a: Pecharunt|Parting Shot|p1: Cresselia|[notarget]
|-fail|p2a: Pecharunt
|
|upkeep
|
|t:|1779655975
|switch|p1a: Torkoal|Torkoal, M|100/100
|-weather|SunnyDay|[from] ability: Drought|[of] p1a: Torkoal
|turn|11
|
|t:|1779655981
|switch|p2a: Moltres|Moltres, shiny|100/100
|-ability|p2a: Moltres|Pressure
|-terastallize|p1a: Torkoal|Fire
|move|p1a: Torkoal|Eruption|p2a: Moltres
|-resisted|p2a: Moltres
|-damage|p2a: Moltres|35/100
|
|-weather|SunnyDay|[upkeep]
|upkeep
|turn|12
|
|t:|1779655991
|switch|p2a: Alomomola|Alomomola, M|100/100
|move|p1a: Torkoal|Eruption|p2a: Alomomola
|-resisted|p2a: Alomomola
|-damage|p2a: Alomomola|0 fnt
|faint|p2a: Alomomola
|
|-weather|SunnyDay|[upkeep]
|-fieldend|move: Trick Room
|upkeep
|
|t:|1779656002
|switch|p2a: Slowking|Slowking-Galar, M|100/100
|turn|13
|
|t:|1779656012
|-terastallize|p2a: Slowking|Water
|move|p2a: Slowking|Future Sight|p1a: Torkoal
|-start|p2a: Slowking|move: Future Sight
|move|p1a: Torkoal|Eruption|p2a: Slowking
|-resisted|p2a: Slowking
|-damage|p2a: Slowking|41/100
|
|-weather|SunnyDay|[upkeep]
|upkeep
|turn|14
|
|t:|1779656024
|move|p2a: Slowking|Slack Off|p2a: Slowking
|-heal|p2a: Slowking|91/100
|move|p1a: Torkoal|Eruption|p2a: Slowking
|-resisted|p2a: Slowking
|-damage|p2a: Slowking|38/100
|
|-weather|SunnyDay|[upkeep]
|upkeep
|turn|15
|
|t:|1779656040
|switch|p1a: Arboliva|Arboliva, F|100/100
|move|p2a: Slowking|Slack Off|p2a: Slowking
|-heal|p2a: Slowking|89/100
|
|-weather|none
|-end|p1a: Arboliva|move: Future Sight
|-damage|p1a: Arboliva|72/100
|-fieldstart|move: Grassy Terrain|[from] ability: Seed Sower|[of] p1a: Arboliva
|upkeep
|turn|16
|
|t:|1779656057
|switch|p1a: Pincurchin|Pincurchin, M|100/100
|-fieldstart|move: Electric Terrain|[from] ability: Electric Surge|[of] p1a: Pincurchin
|move|p2a: Slowking|Toxic Spikes|p1a: Pincurchin
|-sidestart|p1: TeaPause|move: Toxic Spikes
|
|upkeep
|turn|17
|
|t:|1779656069
|move|p2a: Slowking|Toxic Spikes|p1a: Pincurchin
|-sidestart|p1: TeaPause|move: Toxic Spikes
|move|p1a: Pincurchin|Supercell Slam|p2a: Slowking
|-supereffective|p2a: Slowking
|-crit|p2a: Slowking
|-damage|p2a: Slowking|0 fnt
|faint|p2a: Slowking
|
|upkeep
|
|t:|1779656074
|switch|p2a: Weavile|Weavile, F, shiny|99/100
|-ability|p2a: Weavile|Pressure
|turn|18
|
|t:|1779656083
|switch|p1a: Conkeldurr|Conkeldurr, F|68/100
|-heal|p1a: Conkeldurr|100/100|[from] move: Lunar Dance
|-status|p1a: Conkeldurr|tox
|move|p2a: Weavile|Substitute|p2a: Weavile
|-start|p2a: Weavile|Substitute
|-damage|p2a: Weavile|75/100
|
|-heal|p2a: Weavile|81/100|[from] item: Leftovers
|-damage|p1a: Conkeldurr|94/100 tox|[from] psn
|upkeep
|turn|19
|
|t:|1779656100
|move|p2a: Weavile|Protect|p2a: Weavile
|-singleturn|p2a: Weavile|Protect
|move|p1a: Conkeldurr|Defog|p2a: Weavile
|-activate|p2a: Weavile|move: Protect
|
|-heal|p2a: Weavile|87/100|[from] item: Leftovers
|-damage|p1a: Conkeldurr|82/100 tox|[from] psn
|upkeep
|turn|20
|
|t:|1779656114
|switch|p2a: Moltres|Moltres, shiny|35/100
|-ability|p2a: Moltres|Pressure
|move|p1a: Conkeldurr|Defog|p2a: Moltres
|-unboost|p2a: Moltres|evasion|1
|-sideend|p1: TeaPause|Toxic Spikes|[from] move: Defog|[of] p1a: Conkeldurr
|-fieldend|move: Electric Terrain
|
|-damage|p1a: Conkeldurr|64/100 tox|[from] psn
|upkeep
|turn|21
|
|t:|1779656132
|switch|p1a: Pincurchin|Pincurchin, M|100/100
|-fieldstart|move: Electric Terrain|[from] ability: Electric Surge|[of] p1a: Pincurchin
|move|p2a: Moltres|Roost|p2a: Moltres
|-heal|p2a: Moltres|85/100
|-singleturn|p2a: Moltres|move: Roost
|
|upkeep
|turn|22
|
|t:|1779656142
|move|p2a: Moltres|U-turn|p1a: Pincurchin
|-damage|p1a: Pincurchin|81/100
|
|t:|1779656146
|switch|p2a: Pecharunt|Pecharunt|100/100|[from] U-turn
|move|p1a: Pincurchin|Supercell Slam|p2a: Pecharunt
|-damage|p2a: Pecharunt|55/100
|
|upkeep
|turn|23
|
|t:|1779656167
|switch|p1a: Torkoal|Torkoal, M, tera:Fire|100/100
|-weather|SunnyDay|[from] ability: Drought|[of] p1a: Torkoal
|move|p2a: Pecharunt|Recover|p2a: Pecharunt
|-heal|p2a: Pecharunt|100/100
|
|-weather|SunnyDay|[upkeep]
|upkeep
|turn|24
|
|t:|1779656179
|move|p2a: Pecharunt|Parting Shot|p1a: Torkoal
|-unboost|p1a: Torkoal|atk|1
|-unboost|p1a: Torkoal|spa|1
|
|t:|1779656181
|switch|p2a: Moltres|Moltres, shiny|85/100|[from] Parting Shot
|-ability|p2a: Moltres|Pressure
|move|p1a: Torkoal|Fire Blast|p2a: Moltres
|-resisted|p2a: Moltres
|-damage|p2a: Moltres|50/100
|
|-weather|SunnyDay|[upkeep]
|upkeep
|turn|25
|
|t:|1779656202
|switch|p1a: Pincurchin|Pincurchin, M|81/100
|move|p2a: Moltres|Flamethrower|p1a: Pincurchin
|-damage|p1a: Pincurchin|6/100
|
|-weather|SunnyDay|[upkeep]
|-fieldend|move: Electric Terrain
|upkeep
|turn|26
|
|t:|1779656212
|move|p1a: Pincurchin|Sucker Punch|p2a: Moltres
|-damage|p2a: Moltres|16/100
|move|p2a: Moltres|Flamethrower|p1a: Pincurchin
|-damage|p1a: Pincurchin|0 fnt
|faint|p1a: Pincurchin
|
|-weather|SunnyDay|[upkeep]
|upkeep
|
|t:|1779656224
|switch|p1a: Hatterene|Hatterene, F|59/100
|turn|27
|
|t:|1779656229
|move|p2a: Moltres|Roost|p2a: Moltres
|-heal|p2a: Moltres|66/100
|-singleturn|p2a: Moltres|move: Roost
|move|p1a: Hatterene|Trick Room|p1a: Hatterene
|-fieldstart|move: Trick Room|[of] p1a: Hatterene
|
|-weather|none
|upkeep
|turn|28
|
|t:|1779656242
|move|p1a: Hatterene|Healing Wish|p1a: Hatterene
|faint|p1a: Hatterene
|move|p2a: Moltres|Roost|p2a: Moltres
|-heal|p2a: Moltres|100/100
|-singleturn|p2a: Moltres|move: Roost
|
|upkeep
|
|t:|1779656250
|switch|p1a: Torkoal|Torkoal, M, tera:Fire|100/100
|-weather|SunnyDay|[from] ability: Drought|[of] p1a: Torkoal
|turn|29
|
|t:|1779656255
|move|p1a: Torkoal|Eruption|p2a: Moltres
|-resisted|p2a: Moltres
|-damage|p2a: Moltres|33/100
|move|p2a: Moltres|Flamethrower|p1a: Torkoal
|-resisted|p1a: Torkoal
|-damage|p1a: Torkoal|66/100
|
|-weather|SunnyDay|[upkeep]
|upkeep
|turn|30
|
|t:|1779656265
|move|p1a: Torkoal|Eruption|p2a: Moltres
|-resisted|p2a: Moltres
|-damage|p2a: Moltres|0 fnt
|faint|p2a: Moltres
|
|-weather|SunnyDay|[upkeep]
|upkeep
|
|t:|1779656269
|switch|p2a: Weavile|Weavile, F, shiny|87/100
|-ability|p2a: Weavile|Pressure
|turn|31
|
|t:|1779656278
|switch|p1a: Conkeldurr|Conkeldurr, F|64/100 tox
|-heal|p1a: Conkeldurr|100/100|[from] move: Healing Wish
|move|p2a: Weavile|Protect||[still]
|-fail|p2a: Weavile
|
|-weather|SunnyDay|[upkeep]
|-heal|p2a: Weavile|93/100|[from] item: Leftovers
|-fieldend|move: Trick Room
|upkeep
|turn|32
|
|t:|1779656288
|move|p2a: Weavile|Substitute|p2a: Weavile
|-start|p2a: Weavile|Substitute
|-damage|p2a: Weavile|68/100
|move|p1a: Conkeldurr|Bulk Up|p1a: Conkeldurr
|-boost|p1a: Conkeldurr|atk|1
|-boost|p1a: Conkeldurr|def|1
|
|-weather|SunnyDay|[upkeep]
|-heal|p2a: Weavile|74/100|[from] item: Leftovers
|upkeep
|turn|33
|
|t:|1779656297
|move|p2a: Weavile|Protect|p2a: Weavile
|-singleturn|p2a: Weavile|Protect
|move|p1a: Conkeldurr|Bulk Up|p1a: Conkeldurr
|-boost|p1a: Conkeldurr|atk|1
|-boost|p1a: Conkeldurr|def|1
|
|-weather|none
|-heal|p2a: Weavile|80/100|[from] item: Leftovers
|upkeep
|turn|34
|
|t:|1779656305
|move|p2a: Weavile|Spite|p1a: Conkeldurr
|-activate|p1a: Conkeldurr|move: Spite|Bulk Up|4
|move|p1a: Conkeldurr|Bulk Up|p1a: Conkeldurr
|-boost|p1a: Conkeldurr|atk|1
|-boost|p1a: Conkeldurr|def|1
|
|-heal|p2a: Weavile|86/100|[from] item: Leftovers
|upkeep
|turn|35
|
|t:|1779656314
|move|p2a: Weavile|Protect|p2a: Weavile
|-singleturn|p2a: Weavile|Protect
|move|p1a: Conkeldurr|Drain Punch|p2a: Weavile
|-activate|p2a: Weavile|move: Protect
|
|-heal|p2a: Weavile|92/100|[from] item: Leftovers
|upkeep
|turn|36
|
|t:|1779656323
|move|p2a: Weavile|Spite|p1a: Conkeldurr
|-activate|p1a: Conkeldurr|move: Spite|Drain Punch|4
|move|p1a: Conkeldurr|Drain Punch|p2a: Weavile
|-supereffective|p2a: Weavile
|-end|p2a: Weavile|Substitute
|
|-heal|p2a: Weavile|98/100|[from] item: Leftovers
|upkeep
|turn|37
|
|t:|1779656331
|move|p2a: Weavile|Protect|p2a: Weavile
|-singleturn|p2a: Weavile|Protect
|move|p1a: Conkeldurr|Knock Off|p2a: Weavile
|-activate|p2a: Weavile|move: Protect
|
|-heal|p2a: Weavile|100/100|[from] item: Leftovers
|upkeep
|turn|38
|
|t:|1779656339
|move|p2a: Weavile|Substitute|p2a: Weavile
|-start|p2a: Weavile|Substitute
|-damage|p2a: Weavile|76/100
|move|p1a: Conkeldurr|Knock Off|p2a: Weavile
|-resisted|p2a: Weavile
|-end|p2a: Weavile|Substitute
|
|-heal|p2a: Weavile|82/100|[from] item: Leftovers
|upkeep
|turn|39
|
|t:|1779656348
|move|p2a: Weavile|Substitute|p2a: Weavile
|-start|p2a: Weavile|Substitute
|-damage|p2a: Weavile|57/100
|move|p1a: Conkeldurr|Knock Off|p2a: Weavile
|-resisted|p2a: Weavile
|-end|p2a: Weavile|Substitute
|
|-heal|p2a: Weavile|63/100|[from] item: Leftovers
|upkeep
|turn|40
|
|t:|1779656358
|move|p2a: Weavile|Protect|p2a: Weavile
|-singleturn|p2a: Weavile|Protect
|move|p1a: Conkeldurr|Knock Off|p2a: Weavile
|-activate|p2a: Weavile|move: Protect
|
|-heal|p2a: Weavile|69/100|[from] item: Leftovers
|upkeep
|turn|41
|
|t:|1779656370
|move|p2a: Weavile|Substitute|p2a: Weavile
|-start|p2a: Weavile|Substitute
|-damage|p2a: Weavile|44/100
|move|p1a: Conkeldurr|Drain Punch|p2a: Weavile
|-supereffective|p2a: Weavile
|-end|p2a: Weavile|Substitute
|
|-heal|p2a: Weavile|50/100|[from] item: Leftovers
|upkeep
|turn|42
|
|t:|1779656380
|move|p2a: Weavile|Spite|p1a: Conkeldurr
|-activate|p1a: Conkeldurr|move: Spite|Drain Punch|4
|move|p1a: Conkeldurr|Knock Off|p2a: Weavile
|-resisted|p2a: Weavile
|-damage|p2a: Weavile|0 fnt
|-enditem|p2a: Weavile|Leftovers|[from] move: Knock Off|[of] p1a: Conkeldurr
|faint|p2a: Weavile
|
|upkeep
|
|t:|1779656388
|switch|p2a: Pecharunt|Pecharunt|100/100
|turn|43
|
|t:|1779656392
|move|p2a: Pecharunt|Toxic|p1a: Conkeldurr
|-status|p1a: Conkeldurr|tox
|-start|p1a: Conkeldurr|confusion|[from] ability: Poison Puppeteer|[of] p2a: Pecharunt
|-activate|p1a: Conkeldurr|confusion
|-damage|p1a: Conkeldurr|93/100 tox|[from] confusion
|
|-damage|p1a: Conkeldurr|87/100 tox|[from] psn
|upkeep
|turn|44
|
|t:|1779656401
|move|p2a: Pecharunt|Hex|p1a: Conkeldurr
|-damage|p1a: Conkeldurr|36/100 tox
|-activate|p1a: Conkeldurr|confusion
|move|p1a: Conkeldurr|Knock Off|p2a: Pecharunt
|-supereffective|p2a: Pecharunt
|-damage|p2a: Pecharunt|32/100
|
|-damage|p1a: Conkeldurr|24/100 tox|[from] psn
|upkeep
|turn|45
|
|t:|1779656414
|move|p2a: Pecharunt|Hex|p1a: Conkeldurr
|-damage|p1a: Conkeldurr|0 fnt
|faint|p1a: Conkeldurr
|
|upkeep
|
|t:|1779656419
|switch|p1a: Torkoal|Torkoal, M, tera:Fire|66/100
|-weather|SunnyDay|[from] ability: Drought|[of] p1a: Torkoal
|turn|46
|
|t:|1779656429
|move|p2a: Pecharunt|Toxic|p1a: Torkoal
|-status|p1a: Torkoal|tox
|-start|p1a: Torkoal|confusion|[from] ability: Poison Puppeteer|[of] p2a: Pecharunt
|-activate|p1a: Torkoal|confusion
|move|p1a: Torkoal|Fire Blast|p2a: Pecharunt
|-damage|p2a: Pecharunt|0 fnt
|faint|p2a: Pecharunt
|
|-weather|SunnyDay|[upkeep]
|-damage|p1a: Torkoal|60/100 tox|[from] psn
|upkeep
|
|t:|1779656434
|switch|p2a: Tsareena|Tsareena, F, shiny|100/100
|turn|47
|
|t:|1779656442
|switch|p1a: Arboliva|Arboliva, F|72/100
|move|p2a: Tsareena|Low Kick|p1a: Arboliva
|-supereffective|p1a: Arboliva
|-damage|p1a: Arboliva|34/100
|-fieldstart|move: Grassy Terrain|[from] ability: Seed Sower|[of] p1a: Arboliva
|
|-weather|SunnyDay|[upkeep]
|-heal|p1a: Arboliva|40/100|[from] Grassy Terrain
|upkeep
|turn|48
|
|t:|1779656456
|move|p2a: Tsareena|Low Kick|p1a: Arboliva
|-supereffective|p1a: Arboliva
|-damage|p1a: Arboliva|2/100
|move|p1a: Arboliva|Weather Ball|p2a: Tsareena
|-supereffective|p2a: Tsareena
|-damage|p2a: Tsareena|19/100
|
|-weather|SunnyDay|[upkeep]
|-heal|p2a: Tsareena|25/100|[from] Grassy Terrain
|-heal|p1a: Arboliva|8/100|[from] Grassy Terrain
|upkeep
|turn|49
|
|t:|1779656465
|move|p2a: Tsareena|Low Kick|p1a: Arboliva
|-supereffective|p1a: Arboliva
|-damage|p1a: Arboliva|0 fnt
|faint|p1a: Arboliva
|
|-weather|SunnyDay|[upkeep]
|-heal|p2a: Tsareena|31/100|[from] Grassy Terrain
|upkeep
|
|t:|1779656472
|switch|p1a: Torkoal|Torkoal, M, tera:Fire|60/100 tox
|turn|50
|
|t:|1779656483
|move|p2a: Tsareena|Power Whip|p1a: Torkoal
|-resisted|p1a: Torkoal
|-damage|p1a: Torkoal|31/100 tox
|move|p1a: Torkoal|Sludge Bomb|p2a: Tsareena
|-supereffective|p2a: Tsareena
|-crit|p2a: Tsareena
|-damage|p2a: Tsareena|0 fnt
|faint|p2a: Tsareena
|
|win|TeaPause
|raw|TeaPause's rating: 1322 &rarr; <strong>1343</strong><br />(+21 for winning)
|raw|WizardSpices's rating: 1335 &rarr; <strong>1314</strong><br />(-21 for losing)
|l|☆WizardSpices
|player|p2|
|l|☆TeaPause
|player|p1|
