|j|‽Ryoen
|j|☆waterdrinker48
|t:|1779556665
|gametype|singles
|player|p1|Ryoen|lucas-gen4pt|1226
|player|p2|waterdrinker48|miku-ghost|1213
|gen|9
|tier|[Gen 9] OU
|rated|
|rule|HP Percentage Mod: HP is shown in percentages
|rule|Endless Battle Clause: Forcing endless battles is banned
|rule|Species Clause: Limit one of each Pokémon
|rule|OHKO Clause: OHKO moves are banned
|rule|Evasion Items Clause: Evasion items are banned
|rule|Evasion Moves Clause: Evasion moves are banned
|rule|Evasion Abilities Clause: Evasion abilities are banned
|rule|Sleep Moves Clause: Sleep-inducing moves are banned
|clearpoke
|poke|p1|Hawlucha, F|
|poke|p1|Samurott-Hisui, F|
|poke|p1|Rillaboom, M|
|poke|p1|Gholdengo|
|poke|p1|Kyurem|
|poke|p1|Landorus-Therian, M|
|poke|p2|Okidogi, M|
|poke|p2|Grimmsnarl, M|
|poke|p2|Gliscor, M|
|poke|p2|Cinderace, F|
|poke|p2|Iron Crown|
|poke|p2|Dragapult, F|
|teampreview
|inactive|Battle timer is ON: inactive players will automatically lose when time's up. (requested by waterdrinker48)
|
|t:|1779556682
|teamsize|p1|6
|teamsize|p2|6
|start
|switch|p1a: Samurott|Samurott-Hisui, F|100/100
|switch|p2a: Okidogi|Okidogi, M|100/100
|turn|1
|
|t:|1779556691
|move|p1a: Samurott|Ceaseless Edge|p2a: Okidogi
|-resisted|p2a: Okidogi
|-damage|p2a: Okidogi|84/100
|-sidestart|p2: waterdrinker48|Spikes
|move|p2a: Okidogi|Substitute|p2a: Okidogi
|-start|p2a: Okidogi|Substitute
|-damage|p2a: Okidogi|59/100
|
|-heal|p2a: Okidogi|65/100|[from] item: Leftovers
|upkeep
|turn|2
|
|t:|1779556702
|move|p1a: Samurott|Flip Turn|p2a: Okidogi
|-activate|p2a: Okidogi|move: Substitute|[damage]
|
|t:|1779556708
|switch|p1a: Landorus|Landorus-Therian, M|100/100|[from] Flip Turn
|-ability|p1a: Landorus|Intimidate|boost
|-immune|p2a: Okidogi
|move|p2a: Okidogi|Bulk Up|p2a: Okidogi
|-boost|p2a: Okidogi|atk|1
|-boost|p2a: Okidogi|def|1
|
|-heal|p2a: Okidogi|71/100|[from] item: Leftovers
|upkeep
|turn|3
|
|t:|1779556721
|move|p1a: Landorus|Taunt|p2a: Okidogi
|-start|p2a: Okidogi|move: Taunt
|cant|p2a: Okidogi|move: Taunt|Bulk Up
|
|-heal|p2a: Okidogi|77/100|[from] item: Leftovers
|upkeep
|turn|4
|
|t:|1779556729
|move|p1a: Landorus|Earth Power|p2a: Okidogi
|-supereffective|p2a: Okidogi
|-end|p2a: Okidogi|Substitute
|move|p2a: Okidogi|Knock Off|p1a: Landorus
|-damage|p1a: Landorus|42/100
|-damage|p2a: Okidogi|60/100|[from] item: Rocky Helmet|[of] p1a: Landorus
|-status|p1a: Landorus|tox|[from] ability: Toxic Chain|[of] p2a: Okidogi
|-enditem|p1a: Landorus|Rocky Helmet|[from] move: Knock Off|[of] p2a: Okidogi
|
|-heal|p2a: Okidogi|66/100|[from] item: Leftovers
|-damage|p1a: Landorus|36/100 tox|[from] psn
|upkeep
|turn|5
|
|t:|1779556743
|switch|p2a: Gliscor|Gliscor, M|100/100
|move|p1a: Landorus|Stealth Rock|p2a: Gliscor
|-sidestart|p2: waterdrinker48|move: Stealth Rock
|
|-damage|p1a: Landorus|24/100 tox|[from] psn
|-status|p2a: Gliscor|tox|[from] item: Toxic Orb
|upkeep
|turn|6
|
|t:|1779556755
|move|p1a: Landorus|Taunt|p2a: Gliscor
|-start|p2a: Gliscor|move: Taunt
|move|p2a: Gliscor|Knock Off|p1a: Landorus
|-damage|p1a: Landorus|9/100 tox
|
|-damage|p1a: Landorus|0 fnt|[from] psn
|faint|p1a: Landorus
|upkeep
|
|t:|1779556765
|switch|p1a: Kyurem|Kyurem, shiny|100/100
|-ability|p1a: Kyurem|Pressure
|turn|7
|
|t:|1779556772
|move|p1a: Kyurem|Ice Beam|p2a: Gliscor
|-supereffective|p2a: Gliscor
|-damage|p2a: Gliscor|0 fnt
|faint|p2a: Gliscor
|
|upkeep
|
|t:|1779556774
|switch|p2a: Iron Crown|Iron Crown|100/100
|-damage|p2a: Iron Crown|88/100|[from] Spikes
|-damage|p2a: Iron Crown|82/100|[from] Stealth Rock
|turn|8
|
|t:|1779556788
|-terastallize|p1a: Kyurem|Poison
|move|p2a: Iron Crown|Tachyon Cutter|p1a: Kyurem
|-damage|p1a: Kyurem|86/100
|-damage|p1a: Kyurem|69/100
|-hitcount|p1a: Kyurem|2
|move|p1a: Kyurem|Earth Power|p2a: Iron Crown
|-supereffective|p2a: Iron Crown
|-damage|p2a: Iron Crown|39/100
|
|upkeep
|turn|9
|
|t:|1779556800
|move|p2a: Iron Crown|Volt Switch|p1a: Kyurem
|-damage|p1a: Kyurem|53/100
|
|t:|1779556803
|-end|p2a: Iron Crown|Quark Drive|[silent]
|switch|p2a: Grimmsnarl|Grimmsnarl, M|100/100|[from] Volt Switch
|move|p1a: Kyurem|Earth Power|p2a: Grimmsnarl
|-damage|p2a: Grimmsnarl|65/100
|
|upkeep
|turn|10
|
|t:|1779556817
|switch|p1a: Rillaboom|Rillaboom, M, shiny|100/100
|-fieldstart|move: Grassy Terrain|[from] ability: Grassy Surge|[of] p1a: Rillaboom
|move|p2a: Grimmsnarl|Thunder Wave|p1a: Rillaboom
|-status|p1a: Rillaboom|par
|-enditem|p1a: Rillaboom|Lum Berry|[eat]
|-curestatus|p1a: Rillaboom|par|[msg]
|
|-heal|p2a: Grimmsnarl|71/100|[from] Grassy Terrain
|upkeep
|turn|11
|
|t:|1779556829
|move|p1a: Rillaboom|Grassy Glide|p2a: Grimmsnarl
|-damage|p2a: Grimmsnarl|17/100
|move|p2a: Grimmsnarl|Parting Shot|p1a: Rillaboom
|-unboost|p1a: Rillaboom|atk|1
|-unboost|p1a: Rillaboom|spa|1
|
|t:|1779556833
|switch|p2a: Okidogi|Okidogi, M|66/100|[from] Parting Shot
|-damage|p2a: Okidogi|54/100|[from] Spikes
|-damage|p2a: Okidogi|48/100|[from] Stealth Rock
|
|-heal|p2a: Okidogi|54/100|[from] Grassy Terrain
|-heal|p2a: Okidogi|60/100|[from] item: Leftovers
|upkeep
|turn|12
|
|t:|1779556848
|switch|p1a: Hawlucha|Hawlucha, F, shiny|100/100
|-enditem|p1a: Hawlucha|Grassy Seed
|-boost|p1a: Hawlucha|def|1|[from] item: Grassy Seed
|move|p2a: Okidogi|Substitute|p2a: Okidogi
|-start|p2a: Okidogi|Substitute
|-damage|p2a: Okidogi|35/100
|
|-heal|p2a: Okidogi|41/100|[from] Grassy Terrain
|-heal|p2a: Okidogi|47/100|[from] item: Leftovers
|upkeep
|turn|13
|
|t:|1779556860
|move|p1a: Hawlucha|Acrobatics|p2a: Okidogi
|-supereffective|p2a: Okidogi
|-end|p2a: Okidogi|Substitute
|move|p2a: Okidogi|Bulk Up|p2a: Okidogi
|-boost|p2a: Okidogi|atk|1
|-boost|p2a: Okidogi|def|1
|
|-heal|p2a: Okidogi|54/100|[from] Grassy Terrain
|-heal|p2a: Okidogi|60/100|[from] item: Leftovers
|upkeep
|turn|14
|
|t:|1779556874
|-terastallize|p2a: Okidogi|Dark
|move|p1a: Hawlucha|Acrobatics|p2a: Okidogi
|-damage|p2a: Okidogi|34/100
|move|p2a: Okidogi|Substitute|p2a: Okidogi
|-start|p2a: Okidogi|Substitute
|-damage|p2a: Okidogi|9/100
|
|-heal|p2a: Okidogi|15/100|[from] Grassy Terrain
|-heal|p2a: Okidogi|21/100|[from] item: Leftovers
|-fieldend|move: Grassy Terrain
|upkeep
|turn|15
|
|t:|1779556887
|-singleturn|p2a: Okidogi|move: Focus Punch
|move|p1a: Hawlucha|Low Kick|p2a: Okidogi
|-supereffective|p2a: Okidogi
|-end|p2a: Okidogi|Substitute
|move|p2a: Okidogi|Focus Punch|p1a: Hawlucha
|-resisted|p1a: Hawlucha
|-damage|p1a: Hawlucha|43/100
|-status|p1a: Hawlucha|tox|[from] ability: Toxic Chain|[of] p2a: Okidogi
|
|-heal|p2a: Okidogi|27/100|[from] item: Leftovers
|-damage|p1a: Hawlucha|37/100 tox|[from] psn
|upkeep
|turn|16
|
|t:|1779556904
|switch|p2a: Dragapult|Dragapult, F|100/100
|-damage|p2a: Dragapult|88/100|[from] Spikes
|-damage|p2a: Dragapult|76/100|[from] Stealth Rock
|move|p1a: Hawlucha|Roost|p1a: Hawlucha
|-heal|p1a: Hawlucha|87/100 tox
|-singleturn|p1a: Hawlucha|move: Roost
|
|-damage|p1a: Hawlucha|75/100 tox|[from] psn
|upkeep
|turn|17
|
|t:|1779556916
|move|p1a: Hawlucha|Acrobatics|p2a: Dragapult
|-crit|p2a: Dragapult
|-damage|p2a: Dragapult|0 fnt
|faint|p2a: Dragapult
|
|-damage|p1a: Hawlucha|56/100 tox|[from] psn
|upkeep
|
|t:|1779556919
|switch|p2a: Cinderace|Cinderace, F|100/100
|turn|18
|
|t:|1779556928
|move|p1a: Hawlucha|Swords Dance|p1a: Hawlucha
|-boost|p1a: Hawlucha|atk|2
|move|p2a: Cinderace|Court Change|p2a: Cinderace
|-start|p2a: Cinderace|typechange|Normal|[from] ability: Libero
|-swapsideconditions
|-activate|p2a: Cinderace|move: Court Change
|
|-damage|p1a: Hawlucha|32/100 tox|[from] psn
|upkeep
|turn|19
|
|t:|1779556941
|move|p1a: Hawlucha|Acrobatics|p2a: Cinderace
|-damage|p2a: Cinderace|0 fnt
|faint|p2a: Cinderace
|
|-damage|p1a: Hawlucha|2/100 tox|[from] psn
|upkeep
|
|t:|1779556943
|switch|p2a: Grimmsnarl|Grimmsnarl, M|17/100
|turn|20
|
|t:|1779556953
|move|p1a: Hawlucha|Acrobatics|p2a: Grimmsnarl
|-damage|p2a: Grimmsnarl|0 fnt
|faint|p2a: Grimmsnarl
|
|-damage|p1a: Hawlucha|0 fnt|[from] psn
|faint|p1a: Hawlucha
|upkeep
|
|t:|1779556964
|switch|p1a: Gholdengo|Gholdengo|100/100
|switch|p2a: Iron Crown|Iron Crown|39/100
|-damage|p1a: Gholdengo|88/100|[from] Spikes
|-damage|p1a: Gholdengo|82/100|[from] Stealth Rock
|turn|21
|
|t:|1779556974
|move|p1a: Gholdengo|Shadow Ball|p2a: Iron Crown
|-supereffective|p2a: Iron Crown
|-damage|p2a: Iron Crown|0 fnt
|faint|p2a: Iron Crown
|-end|p2a: Iron Crown|Quark Drive|[silent]
|
|upkeep
|
|t:|1779556976
|switch|p2a: Okidogi|Okidogi, M, tera:Dark|27/100
|turn|22
|
|t:|1779556984
|move|p1a: Gholdengo|Shadow Ball|p2a: Okidogi
|-resisted|p2a: Okidogi
|-damage|p2a: Okidogi|7/100
|move|p2a: Okidogi|Knock Off|p1a: Gholdengo
|-supereffective|p1a: Gholdengo
|-damage|p1a: Gholdengo|0 fnt
|-enditem|p1a: Gholdengo|Choice Scarf|[from] move: Knock Off|[of] p2a: Okidogi
|faint|p1a: Gholdengo
|
|-heal|p2a: Okidogi|13/100|[from] item: Leftovers
|upkeep
|
|t:|1779556996
|switch|p1a: Kyurem|Kyurem, shiny, tera:Poison|53/100
|-damage|p1a: Kyurem|41/100|[from] Spikes
|-damage|p1a: Kyurem|29/100|[from] Stealth Rock
|-ability|p1a: Kyurem|Pressure
|turn|23
|
|t:|1779557005
|move|p1a: Kyurem|Ice Beam|p2a: Okidogi
|-damage|p2a: Okidogi|0 fnt
|faint|p2a: Okidogi
|
|win|Ryoen
|raw|Ryoen's rating: 1226 &rarr; <strong>1250</strong><br />(+24 for winning)
|raw|waterdrinker48's rating: 1213 &rarr; <strong>1189</strong><br />(-24 for losing)
|l|☆waterdrinker48
|player|p2|
