|j|☆belphegorr
|j|☆NewNewNwAcc
|t:|1779638628
|gametype|singles
|player|p1|belphegorr|hoopster|1294
|player|p2|NewNewNwAcc|hooligans|1289
|gen|9
|tier|[Gen 9] OU
|rated|
|rule|HP Percentage Mod: HP is shown in percentages
|rule|Endless Battle Clause: Forcing endless battles is banned
|rule|Species Clause: Limit one of each Pokémon
|rule|OHKO Clause: OHKO moves are banned
|rule|Evasion Items Clause: Evasion items are banned
|rule|Evasion Moves Clause: Evasion moves are banned
|rule|Evasion Abilities Clause: Evasion abilities are banned
|rule|Sleep Moves Clause: Sleep-inducing moves are banned
|clearpoke
|poke|p1|Samurott-Hisui, M|
|poke|p1|Coalossal, M|
|poke|p1|Scyther, F|
|poke|p1|Ogerpon, F|
|poke|p1|Weavile, M|
|poke|p1|Gengar, M|
|poke|p2|Orthworm, M|
|poke|p2|Gliscor, M|
|poke|p2|Meowscarada, F|
|poke|p2|Ting-Lu|
|poke|p2|Dragonite, M|
|poke|p2|Sinistcha|
|teampreview
|inactive|Battle timer is ON: inactive players will automatically lose when time's up. (requested by NewNewNwAcc)
|
|t:|1779638642
|teamsize|p1|6
|teamsize|p2|6
|start
|switch|p1a: Samurott|Samurott-Hisui, M, shiny|100/100
|switch|p2a: Orthworm|Orthworm, M|100/100
|turn|1
|
|t:|1779638646
|move|p1a: Samurott|Ceaseless Edge|p2a: Orthworm
|-damage|p2a: Orthworm|67/100
|-sidestart|p2: NewNewNwAcc|Spikes
|move|p2a: Orthworm|Spikes|p1a: Samurott
|-sidestart|p1: belphegorr|Spikes
|
|-heal|p2a: Orthworm|73/100|[from] item: Leftovers
|upkeep
|turn|2
|
|t:|1779638650
|move|p1a: Samurott|Ceaseless Edge|p2a: Orthworm|[miss]
|-miss|p1a: Samurott|p2a: Orthworm
|move|p2a: Orthworm|Spikes|p1a: Samurott
|-sidestart|p1: belphegorr|Spikes
|
|-heal|p2a: Orthworm|80/100|[from] item: Leftovers
|upkeep
|turn|3
|
|t:|1779638653
|move|p1a: Samurott|Ceaseless Edge|p2a: Orthworm
|-damage|p2a: Orthworm|46/100
|-sidestart|p2: NewNewNwAcc|Spikes
|move|p2a: Orthworm|Spikes|p1a: Samurott
|-sidestart|p1: belphegorr|Spikes
|
|-heal|p2a: Orthworm|52/100|[from] item: Leftovers
|upkeep
|turn|4
|
|t:|1779638658
|move|p1a: Samurott|Ceaseless Edge|p2a: Orthworm
|-damage|p2a: Orthworm|18/100
|-sidestart|p2: NewNewNwAcc|Spikes
|move|p2a: Orthworm|Body Press|p1a: Samurott
|-supereffective|p1a: Samurott
|-damage|p1a: Samurott|26/100
|
|-heal|p2a: Orthworm|24/100|[from] item: Leftovers
|upkeep
|turn|5
|
|t:|1779638665
|move|p1a: Samurott|Sacred Sword|p2a: Orthworm
|-supereffective|p2a: Orthworm
|-damage|p2a: Orthworm|0 fnt
|faint|p2a: Orthworm
|
|upkeep
|
|t:|1779638680
|switch|p2a: Dragonite|Dragonite, M|100/100
|turn|6
|
|t:|1779638686
|move|p2a: Dragonite|Extreme Speed|p1a: Samurott
|-damage|p1a: Samurott|0 fnt
|faint|p1a: Samurott
|
|upkeep
|
|t:|1779638689
|switch|p1a: Coalossal|Coalossal, M|100/100
|-damage|p1a: Coalossal|75/100|[from] Spikes
|turn|7
|
|t:|1779638693
|move|p2a: Dragonite|Earthquake|p1a: Coalossal
|-supereffective|p1a: Coalossal
|-damage|p1a: Coalossal|0 fnt
|faint|p1a: Coalossal
|
|upkeep
|
|t:|1779638699
|switch|p1a: Weavile|Weavile, M|100/100
|-damage|p1a: Weavile|76/100|[from] Spikes
|turn|8
|
|t:|1779638716
|-terastallize|p2a: Dragonite|Normal
|move|p2a: Dragonite|Extreme Speed|p1a: Weavile
|-damage|p1a: Weavile|0 fnt
|faint|p1a: Weavile
|
|upkeep
|
|t:|1779638724
|switch|p1a: Scyther|Scyther, F, shiny|100/100
|turn|9
|
|t:|1779638735
|move|p1a: Scyther|Close Combat|p2a: Dragonite
|-supereffective|p2a: Dragonite
|-damage|p2a: Dragonite|66/100
|-unboost|p1a: Scyther|def|1
|-unboost|p1a: Scyther|spd|1
|move|p2a: Dragonite|Dragon Tail|p1a: Scyther
|-damage|p1a: Scyther|48/100
|drag|p1a: Gengar|Gengar, M|100/100
|-damage|p1a: Gengar|76/100|[from] Spikes
|
|upkeep
|turn|10
|
|t:|1779638748
|-terastallize|p1a: Gengar|Flying
|move|p1a: Gengar|Encore|p2a: Dragonite
|-start|p2a: Dragonite|Encore
|move|p2a: Dragonite|Dragon Tail|p1a: Gengar
|-damage|p1a: Gengar|2/100
|drag|p1a: Ogerpon|Ogerpon, F|100/100
|-damage|p1a: Ogerpon|76/100|[from] Spikes
|
|upkeep
|turn|11
|
|t:|1779638756
|move|p1a: Ogerpon|Ivy Cudgel|p2a: Dragonite
|-crit|p2a: Dragonite
|-damage|p2a: Dragonite|0 fnt
|faint|p2a: Dragonite
|
|upkeep
|
|t:|1779638763
|switch|p2a: Meowscarada|Meowscarada, F|100/100
|-damage|p2a: Meowscarada|76/100|[from] Spikes
|turn|12
|
|t:|1779638769
|move|p2a: Meowscarada|U-turn|p1a: Ogerpon
|-start|p2a: Meowscarada|typechange|Bug|[from] ability: Protean
|-supereffective|p1a: Ogerpon
|-damage|p1a: Ogerpon|0 fnt
|faint|p1a: Ogerpon
|
|t:|1779638780
|switch|p2a: Gliscor|Gliscor, M|100/100|[from] U-turn
|
|-status|p2a: Gliscor|tox|[from] item: Toxic Orb
|upkeep
|
|t:|1779638788
|switch|p1a: Scyther|Scyther, F, shiny|48/100
|turn|13
|
|t:|1779638792
|move|p1a: Scyther|Aerial Ace|p2a: Gliscor
|-damage|p2a: Gliscor|69/100 tox
|move|p2a: Gliscor|Knock Off|p1a: Scyther
|-damage|p1a: Scyther|28/100
|-enditem|p1a: Scyther|Eviolite|[from] move: Knock Off|[of] p2a: Gliscor
|
|-heal|p2a: Gliscor|81/100 tox|[from] ability: Poison Heal
|upkeep
|turn|14
|
|t:|1779638799
|move|p1a: Scyther|Aerial Ace|p2a: Gliscor
|-crit|p2a: Gliscor
|-damage|p2a: Gliscor|28/100 tox
|move|p2a: Gliscor|Toxic|p1a: Scyther
|-status|p1a: Scyther|tox
|
|-damage|p1a: Scyther|22/100 tox|[from] psn
|-heal|p2a: Gliscor|41/100 tox|[from] ability: Poison Heal
|upkeep
|turn|15
|
|t:|1779638803
|move|p2a: Gliscor|Protect|p2a: Gliscor
|-singleturn|p2a: Gliscor|Protect
|move|p1a: Scyther|Swords Dance|p1a: Scyther
|-boost|p1a: Scyther|atk|2
|
|-damage|p1a: Scyther|10/100 tox|[from] psn
|-heal|p2a: Gliscor|53/100 tox|[from] ability: Poison Heal
|upkeep
|turn|16
|
|t:|1779638806
|switch|p2a: Ting-Lu|Ting-Lu|100/100
|-damage|p2a: Ting-Lu|76/100|[from] Spikes
|-ability|p2a: Ting-Lu|Vessel of Ruin
|move|p1a: Scyther|Aerial Ace|p2a: Ting-Lu
|-damage|p2a: Ting-Lu|31/100
|
|-heal|p2a: Ting-Lu|37/100|[from] item: Leftovers
|-damage|p1a: Scyther|0 fnt|[from] psn
|faint|p1a: Scyther
|upkeep
|
|t:|1779638809
|switch|p1a: Gengar|Gengar, M, tera:Flying|2/100
|turn|17
|
|t:|1779638816
|move|p1a: Gengar|Sludge Wave|p2a: Ting-Lu
|-resisted|p2a: Ting-Lu
|-damage|p2a: Ting-Lu|27/100
|move|p2a: Ting-Lu|Ruination|p1a: Gengar
|-damage|p1a: Gengar|1/100
|-start|p2a: Ting-Lu|Disable|Ruination|[from] ability: Cursed Body|[of] p1a: Gengar
|
|-heal|p2a: Ting-Lu|33/100|[from] item: Leftovers
|upkeep
|turn|18
|
|t:|1779638826
|move|p1a: Gengar|Nasty Plot|p1a: Gengar
|-boost|p1a: Gengar|spa|2
|move|p2a: Ting-Lu|Whirlwind||[still]
|-fail|p2a: Ting-Lu
|
|-heal|p2a: Ting-Lu|39/100|[from] item: Leftovers
|upkeep
|turn|19
|
|t:|1779638833
|move|p1a: Gengar|Sludge Wave|p2a: Ting-Lu
|-resisted|p2a: Ting-Lu
|-damage|p2a: Ting-Lu|20/100
|move|p2a: Ting-Lu|Earthquake|p1a: Gengar
|-immune|p1a: Gengar
|
|-heal|p2a: Ting-Lu|27/100|[from] item: Leftovers
|upkeep
|turn|20
|
|t:|1779638840
|move|p1a: Gengar|Nasty Plot|p1a: Gengar
|-boost|p1a: Gengar|spa|2
|move|p2a: Ting-Lu|Earthquake|p1a: Gengar
|-immune|p1a: Gengar
|
|-heal|p2a: Ting-Lu|33/100|[from] item: Leftovers
|-end|p2a: Ting-Lu|Disable
|upkeep
|turn|21
|
|t:|1779638844
|move|p1a: Gengar|Encore|p2a: Ting-Lu
|-start|p2a: Ting-Lu|Encore
|move|p2a: Ting-Lu|Earthquake|p1a: Gengar
|-immune|p1a: Gengar
|
|-heal|p2a: Ting-Lu|39/100|[from] item: Leftovers
|upkeep
|turn|22
|
|t:|1779638848
|switch|p2a: Gliscor|Gliscor, M|53/100 tox
|move|p1a: Gengar|Sludge Wave|p2a: Gliscor
|-resisted|p2a: Gliscor
|-damage|p2a: Gliscor|0 fnt
|faint|p2a: Gliscor
|
|upkeep
|
|t:|1779638850
|switch|p2a: Meowscarada|Meowscarada, F|76/100
|-damage|p2a: Meowscarada|51/100|[from] Spikes
|turn|23
|
|t:|1779638858
|move|p2a: Meowscarada|Flower Trick|p1a: Gengar
|-start|p2a: Meowscarada|typechange|Grass|[from] ability: Protean
|-resisted|p1a: Gengar
|-crit|p1a: Gengar
|-damage|p1a: Gengar|0 fnt
|faint|p1a: Gengar
|
|win|NewNewNwAcc
|raw|belphegorr's rating: 1294 &rarr; <strong>1269</strong><br />(-25 for losing)
|raw|NewNewNwAcc's rating: 1289 &rarr; <strong>1314</strong><br />(+25 for winning)
|l|☆belphegorr
|player|p1|
