|j|☆viscus_55
|j|☆Jairo_Macizo
|t:|1779595643
|gametype|singles
|player|p1|viscus_55|gardenia-masters|1376
|player|p2|Jairo_Macizo|swimmer-gen4dp|1308
|gen|9
|tier|[Gen 9] OU
|rated|
|rule|HP Percentage Mod: HP is shown in percentages
|rule|Endless Battle Clause: Forcing endless battles is banned
|rule|Species Clause: Limit one of each Pokémon
|rule|OHKO Clause: OHKO moves are banned
|rule|Evasion Items Clause: Evasion items are banned
|rule|Evasion Moves Clause: Evasion moves are banned
|rule|Evasion Abilities Clause: Evasion abilities are banned
|rule|Sleep Moves Clause: Sleep-inducing moves are banned
|clearpoke
|poke|p1|Pecharunt|
|poke|p1|Kommo-o, M|
|poke|p1|Darkrai|
|poke|p1|Cinderace, F|
|poke|p1|Ninetales-Alola, F|
|poke|p1|Corviknight, F|
|poke|p2|Dragapult, F|
|poke|p2|Dragonite, M|
|poke|p2|Great Tusk|
|poke|p2|Greninja-*, M|
|poke|p2|Iron Valiant|
|poke|p2|Corviknight, M|
|teampreview
|inactive|Battle timer is ON: inactive players will automatically lose when time's up. (requested by viscus_55)
|
|t:|1779595649
|teamsize|p1|6
|teamsize|p2|6
|start
|switch|p1a: Ninetales|Ninetales-Alola, F|100/100
|switch|p2a: Great Tusk|Great Tusk|100/100
|-weather|Snowscape|[from] ability: Snow Warning|[of] p1a: Ninetales
|turn|1
|
|t:|1779595654
|move|p1a: Ninetales|Aurora Veil|p1a: Ninetales
|-sidestart|p1: viscus_55|move: Aurora Veil
|move|p2a: Great Tusk|Stealth Rock|p1a: Ninetales
|-sidestart|p1: viscus_55|move: Stealth Rock
|
|-weather|Snowscape|[upkeep]
|upkeep
|turn|2
|
|t:|1779595659
|-end|p2a: Great Tusk|Protosynthesis|[silent]
|switch|p2a: Corviknight|Corviknight, M|100/100
|-ability|p2a: Corviknight|Pressure
|move|p1a: Ninetales|Nasty Plot|p1a: Ninetales
|-boost|p1a: Ninetales|spa|2
|
|-weather|Snowscape|[upkeep]
|upkeep
|turn|3
|
|t:|1779595669
|move|p1a: Ninetales|Freeze-Dry|p2a: Corviknight
|-damage|p2a: Corviknight|67/100
|move|p2a: Corviknight|Iron Defense|p2a: Corviknight
|-boost|p2a: Corviknight|def|2
|
|-weather|Snowscape|[upkeep]
|-heal|p2a: Corviknight|74/100|[from] item: Leftovers
|upkeep
|turn|4
|
|t:|1779595674
|move|p1a: Ninetales|Freeze-Dry|p2a: Corviknight
|-damage|p2a: Corviknight|37/100
|-status|p2a: Corviknight|frz
|cant|p2a: Corviknight|frz
|
|-weather|Snowscape|[upkeep]
|-heal|p2a: Corviknight|44/100 frz|[from] item: Leftovers
|upkeep
|turn|5
|
|t:|1779595678
|move|p1a: Ninetales|Nasty Plot|p1a: Ninetales
|-boost|p1a: Ninetales|spa|2
|cant|p2a: Corviknight|frz
|
|-weather|none
|-heal|p2a: Corviknight|50/100 frz|[from] item: Leftovers
|upkeep
|turn|6
|
|t:|1779595680
|move|p1a: Ninetales|Freeze-Dry|p2a: Corviknight
|-damage|p2a: Corviknight|0 fnt
|faint|p2a: Corviknight
|
|upkeep
|
|t:|1779595693
|switch|p2a: Greninja|Greninja, M, shiny|100/100
|turn|7
|
|t:|1779595697
|move|p2a: Greninja|Sludge Wave|p1a: Ninetales
|-start|p2a: Greninja|typechange|Poison|[from] ability: Protean
|-supereffective|p1a: Ninetales
|-damage|p1a: Ninetales|51/100
|-damage|p2a: Greninja|91/100|[from] item: Life Orb
|move|p1a: Ninetales|Moonblast|p2a: Greninja
|-resisted|p2a: Greninja
|-damage|p2a: Greninja|31/100
|
|upkeep
|turn|8
|
|t:|1779595704
|switch|p1a: Corviknight|Corviknight, F|100/100
|-damage|p1a: Corviknight|88/100|[from] Stealth Rock
|-ability|p1a: Corviknight|Pressure
|move|p2a: Greninja|Sludge Wave|p1a: Corviknight
|-immune|p1a: Corviknight
|
|-sideend|p1: viscus_55|move: Aurora Veil
|upkeep
|turn|9
|
|t:|1779595713
|switch|p2a: Dragapult|Dragapult, F|100/100
|move|p1a: Corviknight|Bulk Up|p1a: Corviknight
|-boost|p1a: Corviknight|atk|1
|-boost|p1a: Corviknight|def|1
|
|upkeep
|turn|10
|
|t:|1779595716
|move|p2a: Dragapult|Flamethrower|p1a: Corviknight
|-supereffective|p1a: Corviknight
|-damage|p1a: Corviknight|44/100
|-damage|p2a: Dragapult|91/100|[from] item: Life Orb
|move|p1a: Corviknight|Brave Bird|p2a: Dragapult
|-damage|p2a: Dragapult|28/100
|-damage|p1a: Corviknight|27/100|[from] Recoil
|
|upkeep
|turn|11
|
|t:|1779595725
|move|p2a: Dragapult|Flamethrower|p1a: Corviknight
|-supereffective|p1a: Corviknight
|-damage|p1a: Corviknight|0 fnt
|faint|p1a: Corviknight
|-damage|p2a: Dragapult|18/100|[from] item: Life Orb
|
|upkeep
|inactive|viscus_55 has 120 seconds left.
|
|t:|1779595782
|switch|p1a: What's up doc|Cinderace, F|100/100
|turn|12
|
|t:|1779595788
|move|p1a: What's up doc|Sucker Punch|p2a: Dragapult
|-start|p1a: What's up doc|typechange|Dark|[from] ability: Libero
|-supereffective|p2a: Dragapult
|-damage|p2a: Dragapult|0 fnt
|faint|p2a: Dragapult
|
|upkeep
|
|t:|1779595811
|switch|p2a: Dragonite|Dragonite, M|100/100
|turn|13
|
|t:|1779595815
|move|p1a: What's up doc|Will-O-Wisp|p2a: Dragonite
|-status|p2a: Dragonite|brn
|move|p2a: Dragonite|Dragon Dance|p2a: Dragonite
|-boost|p2a: Dragonite|atk|1
|-boost|p2a: Dragonite|spe|1
|
|-damage|p2a: Dragonite|94/100 brn|[from] brn
|upkeep
|turn|14
|
|t:|1779595820
|move|p2a: Dragonite|Dragon Dance|p2a: Dragonite
|-boost|p2a: Dragonite|atk|1
|-boost|p2a: Dragonite|spe|1
|move|p1a: What's up doc|U-turn|p2a: Dragonite
|-resisted|p2a: Dragonite
|-damage|p2a: Dragonite|82/100 brn
|
|t:|1779595823
|switch|p1a: Ninetales|Ninetales-Alola, F|51/100|[from] U-turn
|-damage|p1a: Ninetales|26/100|[from] Stealth Rock
|-weather|Snowscape|[from] ability: Snow Warning|[of] p1a: Ninetales
|
|-weather|Snowscape|[upkeep]
|-damage|p2a: Dragonite|75/100 brn|[from] brn
|upkeep
|turn|15
|
|t:|1779595831
|-terastallize|p2a: Dragonite|Normal
|move|p2a: Dragonite|Extreme Speed|p1a: Ninetales
|-damage|p1a: Ninetales|0 fnt
|faint|p1a: Ninetales
|
|-weather|Snowscape|[upkeep]
|-damage|p2a: Dragonite|69/100 brn|[from] brn
|upkeep
|
|t:|1779595836
|switch|p1a: Anti fairy|Pecharunt|100/100
|-damage|p1a: Anti fairy|88/100|[from] Stealth Rock
|turn|16
|
|t:|1779595841
|move|p2a: Dragonite|Earthquake|p1a: Anti fairy
|-supereffective|p1a: Anti fairy
|-damage|p1a: Anti fairy|39/100
|move|p1a: Anti fairy|Nasty Plot|p1a: Anti fairy
|-boost|p1a: Anti fairy|spa|2
|
|-weather|Snowscape|[upkeep]
|-heal|p1a: Anti fairy|45/100|[from] item: Leftovers
|-damage|p2a: Dragonite|63/100 brn|[from] brn
|upkeep
|turn|17
|
|t:|1779595855
|-terastallize|p1a: Anti fairy|Flying
|move|p2a: Dragonite|Earthquake|p1a: Anti fairy
|-immune|p1a: Anti fairy
|move|p1a: Anti fairy|Malignant Chain|p2a: Dragonite
|-crit|p2a: Dragonite
|-damage|p2a: Dragonite|0 fnt
|faint|p2a: Dragonite
|
|-weather|Snowscape|[upkeep]
|-heal|p1a: Anti fairy|51/100|[from] item: Leftovers
|upkeep
|
|t:|1779595860
|switch|p2a: Iron Valiant|Iron Valiant, shiny|100/100
|-enditem|p2a: Iron Valiant|Booster Energy
|-activate|p2a: Iron Valiant|ability: Quark Drive|[fromitem]
|-start|p2a: Iron Valiant|quarkdrivespe
|turn|18
|
|t:|1779595863
|move|p2a: Iron Valiant|Thunderbolt|p1a: Anti fairy
|-supereffective|p1a: Anti fairy
|-damage|p1a: Anti fairy|3/100
|move|p1a: Anti fairy|Recover|p1a: Anti fairy
|-heal|p1a: Anti fairy|53/100
|
|-weather|none
|-heal|p1a: Anti fairy|59/100|[from] item: Leftovers
|upkeep
|turn|19
|
|t:|1779595871
|move|p2a: Iron Valiant|Thunderbolt|p1a: Anti fairy
|-supereffective|p1a: Anti fairy
|-damage|p1a: Anti fairy|15/100
|move|p1a: Anti fairy|Malignant Chain|p2a: Iron Valiant
|-supereffective|p2a: Iron Valiant
|-damage|p2a: Iron Valiant|0 fnt
|faint|p2a: Iron Valiant
|-end|p2a: Iron Valiant|Quark Drive|[silent]
|
|-heal|p1a: Anti fairy|21/100|[from] item: Leftovers
|upkeep
|
|t:|1779595881
|switch|p2a: Great Tusk|Great Tusk|100/100
|turn|20
|
|t:|1779595884
|move|p1a: Anti fairy|Recover|p1a: Anti fairy
|-heal|p1a: Anti fairy|71/100
|move|p2a: Great Tusk|Knock Off|p1a: Anti fairy
|-damage|p1a: Anti fairy|54/100
|-enditem|p1a: Anti fairy|Leftovers|[from] move: Knock Off|[of] p2a: Great Tusk
|
|upkeep
|turn|21
|
|t:|1779595892
|move|p1a: Anti fairy|Malignant Chain|p2a: Great Tusk
|-resisted|p2a: Great Tusk
|-damage|p2a: Great Tusk|65/100
|move|p2a: Great Tusk|Knock Off|p1a: Anti fairy
|-damage|p1a: Anti fairy|44/100
|
|-heal|p2a: Great Tusk|72/100|[from] item: Leftovers
|upkeep
|turn|22
|
|t:|1779595901
|move|p1a: Anti fairy|Recover|p1a: Anti fairy
|-heal|p1a: Anti fairy|94/100
|move|p2a: Great Tusk|Knock Off|p1a: Anti fairy
|-damage|p1a: Anti fairy|82/100
|
|-heal|p2a: Great Tusk|78/100|[from] item: Leftovers
|upkeep
|turn|23
|
|t:|1779595904
|move|p1a: Anti fairy|Nasty Plot|p1a: Anti fairy
|-boost|p1a: Anti fairy|spa|2
|move|p2a: Great Tusk|Knock Off|p1a: Anti fairy
|-damage|p1a: Anti fairy|72/100
|
|-heal|p2a: Great Tusk|84/100|[from] item: Leftovers
|upkeep
|turn|24
|
|t:|1779595910
|move|p1a: Anti fairy|Recover|p1a: Anti fairy
|-heal|p1a: Anti fairy|100/100
|move|p2a: Great Tusk|Knock Off|p1a: Anti fairy
|-damage|p1a: Anti fairy|89/100
|
|-heal|p2a: Great Tusk|90/100|[from] item: Leftovers
|upkeep
|turn|25
|
|t:|1779595912
|move|p1a: Anti fairy|Shadow Ball|p2a: Great Tusk
|-damage|p2a: Great Tusk|3/100
|move|p2a: Great Tusk|Knock Off|p1a: Anti fairy
|-damage|p1a: Anti fairy|78/100
|
|-heal|p2a: Great Tusk|9/100|[from] item: Leftovers
|upkeep
|turn|26
|
|t:|1779595918
|move|p1a: Anti fairy|Shadow Ball|p2a: Great Tusk
|-damage|p2a: Great Tusk|0 fnt
|faint|p2a: Great Tusk
|-end|p2a: Great Tusk|Protosynthesis|[silent]
|
|upkeep
|
|t:|1779595919
|switch|p2a: Greninja|Greninja, M, shiny|31/100
|turn|27
|-message|Jairo_Macizo forfeited.
|
|win|viscus_55
|raw|viscus_55's rating: 1376 &rarr; <strong>1392</strong><br />(+16 for winning)
|raw|Jairo_Macizo's rating: 1308 &rarr; <strong>1292</strong><br />(-16 for losing)
|l|☆Jairo_Macizo
|player|p2|
|l|☆viscus_55
|player|p1|
