|j|☆redskyatnight
|j|☆NoobishTrainerJoe
|t:|1779682587
|gametype|singles
|player|p1|redskyatnight|grimsley-gen7|1502
|player|p2|NoobishTrainerJoe|170|1611
|gen|9
|tier|[Gen 9] OU
|rated|
|rule|HP Percentage Mod: HP is shown in percentages
|rule|Endless Battle Clause: Forcing endless battles is banned
|rule|Species Clause: Limit one of each Pokémon
|rule|OHKO Clause: OHKO moves are banned
|rule|Evasion Items Clause: Evasion items are banned
|rule|Evasion Moves Clause: Evasion moves are banned
|rule|Evasion Abilities Clause: Evasion abilities are banned
|rule|Sleep Moves Clause: Sleep-inducing moves are banned
|clearpoke
|poke|p1|Great Tusk|
|poke|p1|Cinderace, M|
|poke|p1|Alomomola, M|
|poke|p1|Zapdos|
|poke|p1|Slowking-Galar, M|
|poke|p1|Iron Valiant|
|poke|p2|Greninja-*, M|
|poke|p2|Pelipper, M|
|poke|p2|Iron Valiant|
|poke|p2|Primarina, M|
|poke|p2|Iron Treads|
|poke|p2|Kingambit, F|
|teampreview
|j| Pomme d'api
|
|t:|1779682610
|teamsize|p1|6
|teamsize|p2|6
|start
|switch|p1a: ThunderBird|Zapdos|100/100
|switch|p2a: Iron Treads|Iron Treads|100/100
|turn|1
|
|t:|1779682662
|switch|p1a: Roger Rabbit|Cinderace, M, shiny|100/100
|move|p2a: Iron Treads|Knock Off|p1a: Roger Rabbit
|-damage|p1a: Roger Rabbit|72/100
|-enditem|p1a: Roger Rabbit|Heavy-Duty Boots|[from] move: Knock Off|[of] p2a: Iron Treads
|
|upkeep
|turn|2
|
|t:|1779682692
|-end|p2a: Iron Treads|Quark Drive|[silent]
|switch|p2a: Pelipper|Pelipper, M|100/100
|-weather|RainDance|[from] ability: Drizzle|[of] p2a: Pelipper
|move|p1a: Roger Rabbit|Pyro Ball|p2a: Pelipper
|-resisted|p2a: Pelipper
|-damage|p2a: Pelipper|92/100
|
|-weather|RainDance|[upkeep]
|upkeep
|turn|3
|
|t:|1779682713
|move|p1a: Roger Rabbit|U-turn|p2a: Pelipper
|-resisted|p2a: Pelipper
|-damage|p2a: Pelipper|85/100
|
|t:|1779682715
|switch|p1a: Gordo|Slowking-Galar, M|100/100|[from] U-turn
|move|p2a: Pelipper|Knock Off|p1a: Gordo
|-supereffective|p1a: Gordo
|-damage|p1a: Gordo|82/100
|-enditem|p1a: Gordo|Shuca Berry|[from] move: Knock Off|[of] p2a: Pelipper
|
|-weather|RainDance|[upkeep]
|upkeep
|turn|4
|
|t:|1779682725
|move|p2a: Pelipper|U-turn|p1a: Gordo
|-damage|p1a: Gordo|75/100
|
|t:|1779682728
|switch|p2a: Iron Treads|Iron Treads|100/100|[from] U-turn
|-prepare|p1a: Gordo|Chilly Reception|[premajor]
|move|p1a: Gordo|Chilly Reception|p1a: Gordo
|-weather|Snowscape
|
|t:|1779682749
|switch|p1a: Iron Valorant|Iron Valiant, shiny|100/100|[from] Chilly Reception
|
|-weather|Snowscape|[upkeep]
|upkeep
|turn|5
|
|t:|1779682755
|-end|p2a: Iron Treads|Quark Drive|[silent]
|switch|p2a: Primarina|Primarina, M|100/100
|move|p1a: Iron Valorant|Close Combat|p2a: Primarina
|-resisted|p2a: Primarina
|-damage|p2a: Primarina|46/100
|-unboost|p1a: Iron Valorant|def|1
|-unboost|p1a: Iron Valorant|spd|1
|
|-weather|Snowscape|[upkeep]
|upkeep
|turn|6
|
|t:|1779682766
|switch|p2a: Iron Valiant|Iron Valiant|100/100
|-enditem|p2a: Iron Valiant|Booster Energy
|-activate|p2a: Iron Valiant|ability: Quark Drive|[fromitem]
|-start|p2a: Iron Valiant|quarkdrivespe
|move|p1a: Iron Valorant|Close Combat|p2a: Iron Valiant
|-resisted|p2a: Iron Valiant
|-damage|p2a: Iron Valiant|40/100
|-unboost|p1a: Iron Valorant|def|1
|-unboost|p1a: Iron Valorant|spd|1
|
|-weather|Snowscape|[upkeep]
|upkeep
|turn|7
|
|t:|1779682785
|-end|p1a: Iron Valorant|Quark Drive|[silent]
|switch|p1a: Gordo|Slowking-Galar, M|100/100
|move|p2a: Iron Valiant|Swords Dance|p2a: Iron Valiant
|-boost|p2a: Iron Valiant|atk|2
|
|-weather|Snowscape|[upkeep]
|upkeep
|turn|8
|
|t:|1779682811
|switch|p1a: Julio Rush|Great Tusk, shiny|100/100
|move|p2a: Iron Valiant|Knock Off|p1a: Julio Rush
|-resisted|p1a: Julio Rush
|-damage|p1a: Julio Rush|76/100
|-enditem|p1a: Julio Rush|Choice Scarf|[from] move: Knock Off|[of] p2a: Iron Valiant
|
|-weather|none
|upkeep
|turn|9
|l| Pomme d'api
|
|t:|1779682828
|move|p2a: Iron Valiant|Close Combat|p1a: Julio Rush
|-damage|p1a: Julio Rush|0 fnt
|-unboost|p2a: Iron Valiant|def|1
|-unboost|p2a: Iron Valiant|spd|1
|faint|p1a: Julio Rush
|-end|p1a: Julio Rush|Protosynthesis|[silent]
|
|upkeep
|j| Pomme d'api
|n| Tuzzfrth|pommedapi
|l|☆redskyatnight
|player|p1|
|inactive|Battle timer is ON: inactive players will automatically lose when time's up. (requested by NoobishTrainerJoe)
|j| wuxinshushu1
|inactive|redskyatnight has 30 seconds to reconnect!
|inactive|redskyatnight has 20 seconds to reconnect!
|inactive|redskyatnight has 15 seconds to reconnect!
|inactive|redskyatnight has 10 seconds to reconnect!
|inactive|redskyatnight has 5 seconds to reconnect!
|j| Eternity o2
|-message|redskyatnight lost due to inactivity.
|
|win|NoobishTrainerJoe
|raw|redskyatnight's rating: 1502 &rarr; <strong>1488</strong><br />(-14 for losing)
|raw|NoobishTrainerJoe's rating: 1611 &rarr; <strong>1625</strong><br />(+14 for winning)
|l|☆NoobishTrainerJoe
|player|p2|
|l| wuxinshushu1
