|j|☆pizzaauchat
|j|☆slowlyfadingaway
|t:|1779705793
|gametype|singles
|player|p1|pizzaauchat|wallace|1237
|player|p2|slowlyfadingaway|veteran|1259
|gen|9
|tier|[Gen 9] OU
|rated|
|rule|HP Percentage Mod: HP is shown in percentages
|rule|Endless Battle Clause: Forcing endless battles is banned
|rule|Species Clause: Limit one of each Pokémon
|rule|OHKO Clause: OHKO moves are banned
|rule|Evasion Items Clause: Evasion items are banned
|rule|Evasion Moves Clause: Evasion moves are banned
|rule|Evasion Abilities Clause: Evasion abilities are banned
|rule|Sleep Moves Clause: Sleep-inducing moves are banned
|clearpoke
|poke|p1|Barraskewda, F|
|poke|p1|Pelipper, F|
|poke|p1|Goodra-Hisui, F|
|poke|p1|Meowscarada, M|
|poke|p1|Zapdos|
|poke|p1|Great Tusk|
|poke|p2|Greninja-*, F|
|poke|p2|Forretress, F|
|poke|p2|Samurott-Hisui, F|
|poke|p2|Garchomp, F|
|poke|p2|Scizor, F|
|poke|p2|Diancie|
|teampreview
|inactive|Battle timer is ON: inactive players will automatically lose when time's up. (requested by slowlyfadingaway)
|inactive|pizzaauchat also wants the timer to be on.
|
|t:|1779705805
|teamsize|p1|6
|teamsize|p2|6
|start
|switch|p1a: TOBI|Meowscarada, M|100/100
|switch|p2a: Diancie|Diancie|100/100
|turn|1
|
|t:|1779705816
|switch|p2a: Forretress|Forretress, F|100/100
|move|p1a: TOBI|Flower Trick|p2a: Forretress
|-start|p1a: TOBI|typechange|Grass|[from] ability: Protean
|-resisted|p2a: Forretress
|-crit|p2a: Forretress
|-damage|p2a: Forretress|94/100
|
|upkeep
|turn|2
|
|t:|1779705829
|switch|p1a: Hanzo|Pelipper, F, shiny|100/100
|-weather|RainDance|[from] ability: Drizzle|[of] p1a: Hanzo
|move|p2a: Forretress|Stealth Rock|p1a: Hanzo
|-sidestart|p1: pizzaauchat|move: Stealth Rock
|
|-weather|RainDance|[upkeep]
|upkeep
|turn|3
|
|t:|1779705841
|switch|p2a: Diancie|Diancie|100/100
|move|p1a: Hanzo|Surf|p2a: Diancie
|-supereffective|p2a: Diancie
|-damage|p2a: Diancie|0 fnt
|faint|p2a: Diancie
|
|-weather|RainDance|[upkeep]
|upkeep
|
|t:|1779705846
|switch|p2a: Garchomp|Garchomp, F|100/100
|turn|4
|
|t:|1779705852
|move|p2a: Garchomp|Swords Dance|p2a: Garchomp
|-boost|p2a: Garchomp|atk|2
|move|p1a: Hanzo|Hurricane|p2a: Garchomp
|-damage|p2a: Garchomp|51/100
|-start|p2a: Garchomp|confusion
|
|-weather|RainDance|[upkeep]
|upkeep
|turn|5
|
|t:|1779705857
|-activate|p2a: Garchomp|confusion
|move|p2a: Garchomp|Scale Shot|p1a: Hanzo
|-damage|p1a: Hanzo|80/100
|-damage|p1a: Hanzo|57/100
|-damage|p1a: Hanzo|37/100
|-damage|p1a: Hanzo|15/100
|-damage|p1a: Hanzo|0 fnt
|faint|p1a: Hanzo
|-hitcount|p1: Hanzo|5
|-unboost|p2a: Garchomp|def|1
|-boost|p2a: Garchomp|spe|1
|
|-weather|RainDance|[upkeep]
|upkeep
|
|t:|1779705878
|switch|p1a: Kisame|Barraskewda, F, shiny|100/100
|-damage|p1a: Kisame|88/100|[from] Stealth Rock
|turn|6
|
|t:|1779705881
|switch|p2a: Forretress|Forretress, F|94/100
|move|p1a: Kisame|Liquidation|p2a: Forretress
|-damage|p2a: Forretress|39/100
|
|-weather|RainDance|[upkeep]
|upkeep
|turn|7
|
|t:|1779705886
|move|p1a: Kisame|Liquidation|p2a: Forretress
|-damage|p2a: Forretress|0 fnt
|faint|p2a: Forretress
|
|-weather|RainDance|[upkeep]
|upkeep
|
|t:|1779705889
|switch|p2a: Scizor|Scizor, F|100/100
|turn|8
|
|t:|1779705898
|switch|p1a: Great Tusk|Great Tusk|100/100
|-damage|p1a: Great Tusk|97/100|[from] Stealth Rock
|move|p2a: Scizor|Counter||[still]
|-fail|p2a: Scizor
|
|-weather|RainDance|[upkeep]
|upkeep
|turn|9
|
|t:|1779705904
|move|p1a: Great Tusk|Rapid Spin|p2a: Scizor
|-resisted|p2a: Scizor
|-damage|p2a: Scizor|94/100
|-boost|p1a: Great Tusk|spe|1
|-sideend|p1: pizzaauchat|Stealth Rock|[from] move: Rapid Spin|[of] p1a: Great Tusk
|move|p2a: Scizor|U-turn|p1a: Great Tusk
|-resisted|p1a: Great Tusk
|-crit|p1a: Great Tusk
|-damage|p1a: Great Tusk|78/100
|
|t:|1779705906
|switch|p2a: Samurott|Samurott-Hisui, F|100/100|[from] U-turn
|
|-weather|none
|upkeep
|turn|10
|
|t:|1779705915
|-end|p1a: Great Tusk|Protosynthesis|[silent]
|switch|p1a: Yondaime|Zapdos|100/100
|move|p2a: Samurott|Aqua Cutter|p1a: Yondaime
|-crit|p1a: Yondaime
|-damage|p1a: Yondaime|19/100
|
|upkeep
|turn|11
|
|t:|1779705924
|move|p2a: Samurott|Aqua Jet|p1a: Yondaime
|-damage|p1a: Yondaime|0 fnt
|-status|p2a: Samurott|par|[from] ability: Static|[of] p1a: Yondaime
|faint|p1a: Yondaime
|
|upkeep
|inactive|pizzaauchat has 120 seconds left.
|
|t:|1779705955
|switch|p1a: TOBI|Meowscarada, M|100/100
|turn|12
|inactive|pizzaauchat has 120 seconds left.
|
|t:|1779705981
|move|p1a: TOBI|Flower Trick|p2a: Samurott
|-start|p1a: TOBI|typechange|Grass|[from] ability: Protean
|-supereffective|p2a: Samurott
|-crit|p2a: Samurott
|-enditem|p2a: Samurott|Focus Sash
|-damage|p2a: Samurott|1/100 par
|cant|p2a: Samurott|par
|
|upkeep
|turn|13
|
|t:|1779705989
|cant|p2a: Samurott|par
|move|p1a: TOBI|Flower Trick|p2a: Samurott
|-supereffective|p2a: Samurott
|-crit|p2a: Samurott
|-damage|p2a: Samurott|0 fnt
|faint|p2a: Samurott
|
|upkeep
|
|t:|1779705991
|switch|p2a: Scizor|Scizor, F|94/100
|turn|14
|inactive|pizzaauchat has 120 seconds left.
|
|t:|1779706000
|switch|p1a: Choji|Goodra-Hisui, F, shiny|100/100
|move|p2a: Scizor|U-turn|p1a: Choji
|-resisted|p1a: Choji
|-damage|p1a: Choji|80/100
|
|t:|1779706005
|switch|p2a: Garchomp|Garchomp, F|51/100|[from] U-turn
|
|upkeep
|turn|15
|
|t:|1779706009
|move|p2a: Garchomp|Scale Shot|p1a: Choji
|-damage|p1a: Choji|65/100
|-damage|p1a: Choji|52/100
|-crit|p1a: Choji
|-damage|p1a: Choji|29/100
|-damage|p1a: Choji|14/100
|-hitcount|p1a: Choji|4
|-unboost|p2a: Garchomp|def|1
|-boost|p2a: Garchomp|spe|1
|move|p1a: Choji|Draco Meteor|p2a: Garchomp
|-supereffective|p2a: Garchomp
|-damage|p2a: Garchomp|0 fnt
|-unboost|p1a: Choji|spa|2
|faint|p2a: Garchomp
|
|upkeep
|
|t:|1779706012
|switch|p2a: Greninja|Greninja, F|100/100
|turn|16
|
|t:|1779706025
|switch|p1a: TOBI|Meowscarada, M|100/100
|move|p2a: Greninja|Sludge Wave|p1a: TOBI
|-start|p2a: Greninja|typechange|Poison|[from] ability: Protean
|-supereffective|p1a: TOBI
|-damage|p1a: TOBI|0 fnt
|faint|p1a: TOBI
|
|upkeep
|
|t:|1779706039
|switch|p1a: Choji|Goodra-Hisui, F, shiny|14/100
|turn|17
|
|t:|1779706044
|switch|p2a: Scizor|Scizor, F|94/100
|move|p1a: Choji|Earthquake|p2a: Scizor
|-damage|p2a: Scizor|67/100
|
|upkeep
|turn|18
|
|t:|1779706050
|switch|p1a: Great Tusk|Great Tusk|78/100
|move|p2a: Scizor|U-turn|p1a: Great Tusk
|-resisted|p1a: Great Tusk
|-damage|p1a: Great Tusk|66/100
|
|t:|1779706054
|switch|p2a: Greninja|Greninja, F|100/100|[from] U-turn
|
|upkeep
|turn|19
|inactive|pizzaauchat has 120 seconds left.
|
|t:|1779706099
|move|p2a: Greninja|Hydro Pump|p1a: Great Tusk
|-start|p2a: Greninja|typechange|Water|[from] ability: Protean
|-supereffective|p1a: Great Tusk
|-damage|p1a: Great Tusk|0 fnt
|faint|p1a: Great Tusk
|-end|p1a: Great Tusk|Protosynthesis|[silent]
|
|upkeep
|
|t:|1779706105
|switch|p1a: Kisame|Barraskewda, F, shiny|88/100
|turn|20
|
|t:|1779706115
|-terastallize|p2a: Greninja|Water
|move|p1a: Kisame|Close Combat|p2a: Greninja
|-damage|p2a: Greninja|5/100
|-unboost|p1a: Kisame|def|1
|-unboost|p1a: Kisame|spd|1
|move|p2a: Greninja|Hydro Pump|p1a: Kisame
|-resisted|p1a: Kisame
|-damage|p1a: Kisame|0 fnt
|faint|p1a: Kisame
|
|upkeep
|c|☆slowlyfadingaway|holy
|c|☆slowlyfadingaway|ggs
|
|t:|1779706131
|switch|p1a: Choji|Goodra-Hisui, F, shiny|14/100
|turn|21
|
|t:|1779706135
|switch|p2a: Scizor|Scizor, F|67/100
|move|p1a: Choji|Flash Cannon|p2a: Scizor
|-resisted|p2a: Scizor
|-damage|p2a: Scizor|47/100
|
|upkeep
|turn|22
|
|t:|1779706141
|move|p1a: Choji|Draco Meteor|p2a: Scizor
|-resisted|p2a: Scizor
|-damage|p2a: Scizor|15/100
|-unboost|p1a: Choji|spa|2
|move|p2a: Scizor|Counter||[still]
|-fail|p2a: Scizor
|
|upkeep
|turn|23
|inactive|pizzaauchat has 120 seconds left.
|
|t:|1779706147
|move|p2a: Scizor|Bullet Punch|p1a: Choji
|-resisted|p1a: Choji
|-damage|p1a: Choji|0 fnt
|faint|p1a: Choji
|
|win|slowlyfadingaway
|raw|pizzaauchat's rating: 1237 &rarr; <strong>1214</strong><br />(-23 for losing)
|raw|slowlyfadingaway's rating: 1259 &rarr; <strong>1282</strong><br />(+23 for winning)
|l|☆pizzaauchat
|player|p1|
|l|☆slowlyfadingaway
|player|p2|
