|j|☆MikhaelSunworth
|j|☆IAmHrishi
|t:|1779701183
|gametype|singles
|player|p1|MikhaelSunworth|chuck|1349
|player|p2|IAmHrishi|anabel|1398
|gen|9
|tier|[Gen 9] OU
|rated|
|rule|HP Percentage Mod: HP is shown in percentages
|rule|Endless Battle Clause: Forcing endless battles is banned
|rule|Species Clause: Limit one of each Pokémon
|rule|OHKO Clause: OHKO moves are banned
|rule|Evasion Items Clause: Evasion items are banned
|rule|Evasion Moves Clause: Evasion moves are banned
|rule|Evasion Abilities Clause: Evasion abilities are banned
|rule|Sleep Moves Clause: Sleep-inducing moves are banned
|clearpoke
|poke|p1|Great Tusk|
|poke|p1|Ninetales-Alola, F|
|poke|p1|Dragonite, F|
|poke|p1|Okidogi, M|
|poke|p1|Iron Crown|
|poke|p1|Darkrai|
|poke|p2|Torkoal, F|
|poke|p2|Walking Wake|
|poke|p2|Great Tusk|
|poke|p2|Ceruledge, F|
|poke|p2|Dragapult, F|
|poke|p2|Raging Bolt|
|teampreview
|inactive|Battle timer is ON: inactive players will automatically lose when time's up. (requested by IAmHrishi)
|
|t:|1779701203
|teamsize|p1|6
|teamsize|p2|6
|start
|switch|p1a: Ninetales|Ninetales-Alola, F, shiny|100/100
|switch|p2a: Dragapult|Dragapult, F|100/100
|-weather|Snowscape|[from] ability: Snow Warning|[of] p1a: Ninetales
|turn|1
|
|t:|1779701230
|move|p2a: Dragapult|U-turn|p1a: Ninetales
|-resisted|p1a: Ninetales
|-damage|p1a: Ninetales|94/100
|
|t:|1779701233
|switch|p2a: Torkoal|Torkoal, F|100/100|[from] U-turn
|-weather|SunnyDay|[from] ability: Drought|[of] p2a: Torkoal
|move|p1a: Ninetales|Moonblast|p2a: Torkoal
|-resisted|p2a: Torkoal
|-damage|p2a: Torkoal|80/100
|
|-weather|SunnyDay|[upkeep]
|upkeep
|turn|2
|
|t:|1779701243
|switch|p1a: Great Tusk|Great Tusk, shiny|100/100
|-activate|p1a: Great Tusk|ability: Protosynthesis
|-start|p1a: Great Tusk|protosynthesisspe
|move|p2a: Torkoal|Lava Plume|p1a: Great Tusk
|-damage|p1a: Great Tusk|53/100
|
|-weather|SunnyDay|[upkeep]
|upkeep
|turn|3
|
|t:|1779701261
|switch|p2a: Walking Wake|Walking Wake|100/100
|-activate|p2a: Walking Wake|ability: Protosynthesis
|-start|p2a: Walking Wake|protosynthesisspe
|move|p1a: Great Tusk|Headlong Rush|p2a: Walking Wake
|-damage|p2a: Walking Wake|44/100
|-unboost|p1a: Great Tusk|def|1
|-unboost|p1a: Great Tusk|spd|1
|
|-weather|SunnyDay|[upkeep]
|upkeep
|turn|4
|inactive|MikhaelSunworth has 120 seconds left.
|
|t:|1779701288
|move|p2a: Walking Wake|Hydro Steam|p1a: Great Tusk
|-supereffective|p1a: Great Tusk
|-damage|p1a: Great Tusk|0 fnt
|faint|p1a: Great Tusk
|-end|p1a: Great Tusk|Protosynthesis|[silent]
|
|-weather|SunnyDay|[upkeep]
|upkeep
|
|t:|1779701291
|switch|p1a: Ninetales|Ninetales-Alola, F, shiny|94/100
|-weather|Snowscape|[from] ability: Snow Warning|[of] p1a: Ninetales
|-end|p2a: Walking Wake|Protosynthesis
|turn|5
|inactive|MikhaelSunworth has 120 seconds left.
|
|t:|1779701307
|-end|p2a: Walking Wake|Protosynthesis|[silent]
|switch|p2a: Torkoal|Torkoal, F|80/100
|-weather|SunnyDay|[from] ability: Drought|[of] p2a: Torkoal
|move|p1a: Ninetales|Moonblast|p2a: Torkoal
|-resisted|p2a: Torkoal
|-damage|p2a: Torkoal|63/100
|
|-weather|SunnyDay|[upkeep]
|upkeep
|turn|6
|inactive|MikhaelSunworth has 120 seconds left.
|
|t:|1779701317
|switch|p1a: Dragonite|Dragonite, F|100/100
|move|p2a: Torkoal|Stealth Rock|p1a: Dragonite
|-sidestart|p1: MikhaelSunworth|move: Stealth Rock
|
|-weather|SunnyDay|[upkeep]
|upkeep
|turn|7
|
|t:|1779701333
|switch|p2a: Walking Wake|Walking Wake|44/100
|-activate|p2a: Walking Wake|ability: Protosynthesis
|-start|p2a: Walking Wake|protosynthesisspe
|-terastallize|p1a: Dragonite|Fire
|move|p1a: Dragonite|Dragon Dance|p1a: Dragonite
|-boost|p1a: Dragonite|atk|1
|-boost|p1a: Dragonite|spe|1
|
|-weather|SunnyDay|[upkeep]
|upkeep
|turn|8
|
|t:|1779701337
|move|p1a: Dragonite|Extreme Speed|p2a: Walking Wake
|-damage|p2a: Walking Wake|0 fnt
|faint|p2a: Walking Wake
|-end|p2a: Walking Wake|Protosynthesis|[silent]
|
|-weather|SunnyDay|[upkeep]
|upkeep
|
|t:|1779701361
|switch|p2a: Dragapult|Dragapult, F|100/100
|turn|9
|
|t:|1779701375
|move|p2a: Dragapult|U-turn|p1a: Dragonite
|-resisted|p1a: Dragonite
|-damage|p1a: Dragonite|96/100
|
|t:|1779701380
|switch|p2a: Great Tusk|Great Tusk|100/100|[from] U-turn
|-activate|p2a: Great Tusk|ability: Protosynthesis
|-start|p2a: Great Tusk|protosynthesisatk
|move|p1a: Dragonite|Dragon Dance|p1a: Dragonite
|-boost|p1a: Dragonite|atk|1
|-boost|p1a: Dragonite|spe|1
|
|-weather|SunnyDay|[upkeep]
|upkeep
|turn|10
|
|t:|1779701386
|move|p1a: Dragonite|Fire Punch|p2a: Great Tusk
|-damage|p2a: Great Tusk|3/100
|move|p2a: Great Tusk|Headlong Rush|p1a: Dragonite
|-supereffective|p1a: Dragonite
|-damage|p1a: Dragonite|0 fnt
|-unboost|p2a: Great Tusk|def|1
|-unboost|p2a: Great Tusk|spd|1
|faint|p1a: Dragonite
|
|-weather|SunnyDay|[upkeep]
|upkeep
|
|t:|1779701395
|switch|p1a: Iron Crown|Iron Crown|100/100
|-damage|p1a: Iron Crown|94/100|[from] Stealth Rock
|-enditem|p1a: Iron Crown|Booster Energy
|-activate|p1a: Iron Crown|ability: Quark Drive|[fromitem]
|-start|p1a: Iron Crown|quarkdrivespe
|turn|11
|
|t:|1779701404
|move|p1a: Iron Crown|Psychic Noise|p2a: Great Tusk
|-supereffective|p2a: Great Tusk
|-damage|p2a: Great Tusk|0 fnt
|faint|p2a: Great Tusk
|-end|p2a: Great Tusk|Protosynthesis|[silent]
|
|-weather|SunnyDay|[upkeep]
|upkeep
|
|t:|1779701413
|switch|p2a: Ceruledge|Ceruledge, F|100/100
|turn|12
|
|t:|1779701421
|move|p1a: Iron Crown|Psychic Noise|p2a: Ceruledge
|-damage|p2a: Ceruledge|60/100
|-start|p2a: Ceruledge|move: Heal Block
|cant|p2a: Ceruledge|move: Heal Block|Bitter Blade
|
|-weather|none
|upkeep
|turn|13
|
|t:|1779701431
|switch|p2a: Torkoal|Torkoal, F|63/100
|-weather|SunnyDay|[from] ability: Drought|[of] p2a: Torkoal
|move|p1a: Iron Crown|Psychic Noise|p2a: Torkoal
|-damage|p2a: Torkoal|14/100
|-start|p2a: Torkoal|move: Heal Block
|
|-weather|SunnyDay|[upkeep]
|upkeep
|turn|14
|
|t:|1779701456
|switch|p2a: Raging Bolt|Raging Bolt|100/100
|-item|p2a: Raging Bolt|Air Balloon
|-activate|p2a: Raging Bolt|ability: Protosynthesis
|-start|p2a: Raging Bolt|protosynthesisspa
|move|p1a: Iron Crown|Calm Mind|p1a: Iron Crown
|-boost|p1a: Iron Crown|spa|1
|-boost|p1a: Iron Crown|spd|1
|
|-weather|SunnyDay|[upkeep]
|upkeep
|turn|15
|inactive|MikhaelSunworth has 120 seconds left.
|inactive|MikhaelSunworth has 90 seconds left.
|inactive|MikhaelSunworth has 60 seconds left.
|
|t:|1779701534
|-end|p1a: Iron Crown|Quark Drive|[silent]
|switch|p1a: Ninetales|Ninetales-Alola, F, shiny|94/100
|-damage|p1a: Ninetales|69/100|[from] Stealth Rock
|-weather|Snowscape|[from] ability: Snow Warning|[of] p1a: Ninetales
|-end|p2a: Raging Bolt|Protosynthesis
|move|p2a: Raging Bolt|Calm Mind|p2a: Raging Bolt
|-boost|p2a: Raging Bolt|spa|1
|-boost|p2a: Raging Bolt|spd|1
|
|-weather|Snowscape|[upkeep]
|upkeep
|turn|16
|
|t:|1779701542
|move|p2a: Raging Bolt|Thunderclap||[still]
|-fail|p2a: Raging Bolt
|move|p1a: Ninetales|Encore|p2a: Raging Bolt
|-start|p2a: Raging Bolt|Encore
|
|-weather|Snowscape|[upkeep]
|upkeep
|turn|17
|
|t:|1779701553
|-end|p2a: Raging Bolt|Protosynthesis|[silent]
|switch|p2a: Torkoal|Torkoal, F|14/100
|-weather|SunnyDay|[from] ability: Drought|[of] p2a: Torkoal
|move|p1a: Ninetales|Aurora Veil||[still]
|-fail|p1a: Ninetales
|
|-weather|SunnyDay|[upkeep]
|upkeep
|turn|18
|
|t:|1779701560
|move|p1a: Ninetales|Moonblast|p2a: Torkoal
|-resisted|p2a: Torkoal
|-damage|p2a: Torkoal|0 fnt
|faint|p2a: Torkoal
|
|-weather|SunnyDay|[upkeep]
|upkeep
|
|t:|1779701564
|switch|p2a: Dragapult|Dragapult, F|100/100
|turn|19
|
|t:|1779701574
|switch|p1a: Iron Crown|Iron Crown|94/100
|-damage|p1a: Iron Crown|88/100|[from] Stealth Rock
|move|p2a: Dragapult|Flamethrower|p1a: Iron Crown
|-supereffective|p1a: Iron Crown
|-damage|p1a: Iron Crown|12/100
|
|-weather|SunnyDay|[upkeep]
|upkeep
|turn|20
|
|t:|1779701578
|move|p2a: Dragapult|U-turn|p1a: Iron Crown
|-damage|p1a: Iron Crown|0 fnt
|faint|p1a: Iron Crown
|-end|p1a: Iron Crown|Quark Drive|[silent]
|
|t:|1779701583
|switch|p2a: Ceruledge|Ceruledge, F|60/100|[from] U-turn
|
|-weather|SunnyDay|[upkeep]
|upkeep
|
|t:|1779701590
|switch|p1a: Darkrai|Darkrai|100/100
|-damage|p1a: Darkrai|88/100|[from] Stealth Rock
|turn|21
|
|t:|1779701595
|-terastallize|p2a: Ceruledge|Fighting
|move|p1a: Darkrai|Dark Pulse|p2a: Ceruledge
|-resisted|p2a: Ceruledge
|-crit|p2a: Ceruledge
|-damage|p2a: Ceruledge|25/100
|move|p2a: Ceruledge|Bitter Blade|p1a: Darkrai
|-damage|p1a: Darkrai|0 fnt
|-heal|p2a: Ceruledge|67/100|[from] drain|[of] p1a: Darkrai
|faint|p1a: Darkrai
|
|-weather|SunnyDay|[upkeep]
|upkeep
|
|t:|1779701598
|switch|p1a: Ninetales|Ninetales-Alola, F, shiny|69/100
|-damage|p1a: Ninetales|44/100|[from] Stealth Rock
|-weather|Snowscape|[from] ability: Snow Warning|[of] p1a: Ninetales
|turn|22
|
|t:|1779701611
|move|p1a: Ninetales|Aurora Veil|p1a: Ninetales
|-sidestart|p1: MikhaelSunworth|move: Aurora Veil
|move|p2a: Ceruledge|Bitter Blade|p1a: Ninetales
|-supereffective|p1a: Ninetales
|-damage|p1a: Ninetales|5/100
|-heal|p2a: Ceruledge|91/100|[from] drain|[of] p1a: Ninetales
|
|-weather|Snowscape|[upkeep]
|upkeep
|turn|23
|
|t:|1779701614
|move|p2a: Ceruledge|Shadow Sneak|p1a: Ninetales
|-damage|p1a: Ninetales|0 fnt
|faint|p1a: Ninetales
|
|-weather|Snowscape|[upkeep]
|upkeep
|
|t:|1779701616
|switch|p1a: Goatdogi|Okidogi, M|100/100
|-damage|p1a: Goatdogi|94/100|[from] Stealth Rock
|turn|24
|
|t:|1779701626
|move|p2a: Ceruledge|Bitter Blade|p1a: Goatdogi
|-damage|p1a: Goatdogi|75/100
|-heal|p2a: Ceruledge|100/100|[from] drain|[of] p1a: Goatdogi
|move|p1a: Goatdogi|Bulk Up|p1a: Goatdogi
|-boost|p1a: Goatdogi|atk|1
|-boost|p1a: Goatdogi|def|1
|
|-weather|Snowscape|[upkeep]
|-heal|p1a: Goatdogi|81/100|[from] item: Leftovers
|upkeep
|turn|25
|
|t:|1779701638
|move|p2a: Ceruledge|Swords Dance|p2a: Ceruledge
|-boost|p2a: Ceruledge|atk|2
|move|p1a: Goatdogi|Bulk Up|p1a: Goatdogi
|-boost|p1a: Goatdogi|atk|1
|-boost|p1a: Goatdogi|def|1
|
|-weather|Snowscape|[upkeep]
|-heal|p1a: Goatdogi|87/100|[from] item: Leftovers
|upkeep
|turn|26
|
|t:|1779701644
|move|p2a: Ceruledge|Bitter Blade|p1a: Goatdogi
|-crit|p1a: Goatdogi
|-damage|p1a: Goatdogi|0 fnt
|faint|p1a: Goatdogi
|
|win|IAmHrishi
|raw|MikhaelSunworth's rating: 1349 &rarr; <strong>1332</strong><br />(-17 for losing)
|raw|IAmHrishi's rating: 1398 &rarr; <strong>1415</strong><br />(+17 for winning)
|l|☆MikhaelSunworth
|player|p1|
|l|☆IAmHrishi
|player|p2|
