|j|☆8uh8huu8huhuh
|j|☆Gone2Heaven
|t:|1779688093
|gametype|singles
|player|p1|8uh8huu8huhuh|1|1266
|player|p2|Gone2Heaven|1|1247
|gen|9
|tier|[Gen 9] OU
|rated|
|rule|HP Percentage Mod: HP is shown in percentages
|rule|Endless Battle Clause: Forcing endless battles is banned
|rule|Species Clause: Limit one of each Pokémon
|rule|OHKO Clause: OHKO moves are banned
|rule|Evasion Items Clause: Evasion items are banned
|rule|Evasion Moves Clause: Evasion moves are banned
|rule|Evasion Abilities Clause: Evasion abilities are banned
|rule|Sleep Moves Clause: Sleep-inducing moves are banned
|clearpoke
|poke|p1|Blissey, F|
|poke|p1|Whimsicott, M|
|poke|p1|Corviknight, M|
|poke|p1|Hatterene, F|
|poke|p1|Ursaluna, F|
|poke|p1|Conkeldurr, F|
|poke|p2|Dragonite, F|
|poke|p2|Great Tusk|
|poke|p2|Deoxys-Speed|
|poke|p2|Gholdengo|
|poke|p2|Zamazenta-*|
|poke|p2|Iron Valiant|
|teampreview
|inactive|Battle timer is ON: inactive players will automatically lose when time's up. (requested by Gone2Heaven)
|
|t:|1779688105
|teamsize|p1|6
|teamsize|p2|6
|start
|switch|p1a: Whimsicott|Whimsicott, M|100/100
|switch|p2a: Deoxys|Deoxys-Speed|100/100
|-ability|p2a: Deoxys|Pressure
|turn|1
|
|t:|1779688116
|switch|p2a: Gholdengo|Gholdengo|100/100
|move|p1a: Whimsicott|Leech Seed|p2a: Gholdengo
|-immune|p2a: Gholdengo|[from] ability: Good as Gold
|
|upkeep
|turn|2
|
|t:|1779688124
|switch|p1a: Shield S|Blissey, F|100/100
|move|p2a: Gholdengo|Make It Rain|p1a: Shield S
|-damage|p1a: Shield S|76/100
|-unboost|p2a: Gholdengo|spa|1
|
|-heal|p1a: Shield S|82/100|[from] item: Leftovers
|upkeep
|turn|3
|
|t:|1779688133
|switch|p2a: Zamazenta|Zamazenta|100/100
|-ability|p2a: Zamazenta|Dauntless Shield|boost
|-boost|p2a: Zamazenta|def|1
|move|p1a: Shield S|Stealth Rock|p2a: Zamazenta
|-sidestart|p2: Gone2Heaven|move: Stealth Rock
|
|-heal|p1a: Shield S|88/100|[from] item: Leftovers
|upkeep
|turn|4
|
|t:|1779688141
|switch|p1a: Corviknight|Corviknight, M|100/100
|move|p2a: Zamazenta|Close Combat|p1a: Corviknight
|-damage|p1a: Corviknight|54/100
|-unboost|p2a: Zamazenta|def|1
|-unboost|p2a: Zamazenta|spd|1
|-damage|p2a: Zamazenta|84/100|[from] item: Rocky Helmet|[of] p1a: Corviknight
|-damage|p2a: Zamazenta|74/100|[from] item: Life Orb
|
|upkeep
|turn|5
|
|t:|1779688147
|move|p2a: Zamazenta|Close Combat|p1a: Corviknight
|-crit|p1a: Corviknight
|-damage|p1a: Corviknight|0 fnt
|-unboost|p2a: Zamazenta|def|1
|-unboost|p2a: Zamazenta|spd|1
|-damage|p2a: Zamazenta|57/100|[from] item: Rocky Helmet|[of] p1a: Corviknight
|faint|p1a: Corviknight
|-damage|p2a: Zamazenta|48/100|[from] item: Life Orb
|
|upkeep
|
|t:|1779688152
|switch|p1a: Whimsicott|Whimsicott, M|100/100
|turn|6
|
|t:|1779688163
|move|p2a: Zamazenta|Heavy Slam|p1a: Whimsicott
|-supereffective|p1a: Whimsicott
|-damage|p1a: Whimsicott|0 fnt
|faint|p1a: Whimsicott
|-damage|p2a: Zamazenta|38/100|[from] item: Life Orb
|
|upkeep
|
|t:|1779688174
|switch|p1a: Hatterene|Hatterene, F|100/100
|turn|7
|
|t:|1779688183
|move|p2a: Zamazenta|Heavy Slam|p1a: Hatterene
|-supereffective|p1a: Hatterene
|-damage|p1a: Hatterene|0 fnt
|faint|p1a: Hatterene
|-damage|p2a: Zamazenta|28/100|[from] item: Life Orb
|
|upkeep
|-message|8uh8huu8huhuh forfeited.
|
|win|Gone2Heaven
|raw|8uh8huu8huhuh's rating: 1266 &rarr; <strong>1240</strong><br />(-26 for losing)
|raw|Gone2Heaven's rating: 1247 &rarr; <strong>1273</strong><br />(+26 for winning)
|l|☆8uh8huu8huhuh
|player|p1|
|l|☆Gone2Heaven
|player|p2|
