|j|☆huuuehuueekk
|j|☆iran222
|t:|1779592989
|gametype|singles
|player|p1|huuuehuueekk|steven|1000
|player|p2|iran222|266|1048
|gen|9
|tier|[Gen 9] OU
|rated|
|rule|HP Percentage Mod: HP is shown in percentages
|rule|Endless Battle Clause: Forcing endless battles is banned
|rule|Species Clause: Limit one of each Pokémon
|rule|OHKO Clause: OHKO moves are banned
|rule|Evasion Items Clause: Evasion items are banned
|rule|Evasion Moves Clause: Evasion moves are banned
|rule|Evasion Abilities Clause: Evasion abilities are banned
|rule|Sleep Moves Clause: Sleep-inducing moves are banned
|clearpoke
|poke|p1|Suicune|
|poke|p1|Dragonite, M|
|poke|p1|Cinderace, M|
|poke|p1|Zamazenta-*|
|poke|p1|Pecharunt|
|poke|p1|Zapdos-Galar|
|poke|p2|Regirock|
|poke|p2|Kingambit, M|
|poke|p2|Ditto|
|poke|p2|Pawmot, M|
|poke|p2|Blastoise, M|
|poke|p2|Kommo-o, M|
|teampreview
|inactive|Battle timer is ON: inactive players will automatically lose when time's up. (requested by huuuehuueekk)
|
|t:|1779593015
|teamsize|p1|6
|teamsize|p2|6
|start
|switch|p1a: Suicune|Suicune, shiny|100/100
|switch|p2a: Kommo-o|Kommo-o, M, shiny|100/100
|-ability|p1a: Suicune|Pressure
|turn|1
|
|t:|1779593034
|-terastallize|p2a: Kommo-o|Stellar
|move|p2a: Kommo-o|Clangorous Soul|p2a: Kommo-o
|-boost|p2a: Kommo-o|atk|1
|-boost|p2a: Kommo-o|def|1
|-boost|p2a: Kommo-o|spa|1
|-boost|p2a: Kommo-o|spd|1
|-boost|p2a: Kommo-o|spe|1
|-damage|p2a: Kommo-o|68/100
|-enditem|p2a: Kommo-o|Throat Spray
|-boost|p2a: Kommo-o|spa|1|[from] item: Throat Spray
|move|p1a: Suicune|Scald|p2a: Kommo-o
|-resisted|p2a: Kommo-o
|-damage|p2a: Kommo-o|58/100
|
|upkeep
|turn|2
|inactive|huuuehuueekk has 120 seconds left.
|
|t:|1779593076
|move|p2a: Kommo-o|Drain Punch|p1a: Suicune
|-damage|p1a: Suicune|71/100
|-heal|p2a: Kommo-o|79/100|[from] drain|[of] p1a: Suicune
|move|p1a: Suicune|Scald|p2a: Kommo-o
|-resisted|p2a: Kommo-o
|-damage|p2a: Kommo-o|68/100
|-status|p2a: Kommo-o|brn
|
|-heal|p1a: Suicune|77/100|[from] item: Leftovers
|-damage|p2a: Kommo-o|61/100 brn|[from] brn
|upkeep
|turn|3
|
|t:|1779593092
|switch|p1a: Pecharunt|Pecharunt|100/100
|move|p2a: Kommo-o|Clanging Scales|p1a: Pecharunt
|-damage|p1a: Pecharunt|0 fnt
|faint|p1a: Pecharunt
|-unboost|p2a: Kommo-o|def|1
|
|-damage|p2a: Kommo-o|55/100 brn|[from] brn
|upkeep
|
|t:|1779593098
|switch|p1a: Suicune|Suicune, shiny|77/100
|-ability|p1a: Suicune|Pressure
|turn|4
|
|t:|1779593109
|move|p2a: Kommo-o|Clanging Scales|p1a: Suicune
|-damage|p1a: Suicune|9/100
|-unboost|p2a: Kommo-o|def|1
|move|p1a: Suicune|Scald|p2a: Kommo-o
|-resisted|p2a: Kommo-o
|-damage|p2a: Kommo-o|44/100 brn
|
|-heal|p1a: Suicune|15/100|[from] item: Leftovers
|-damage|p2a: Kommo-o|38/100 brn|[from] brn
|upkeep
|turn|5
|inactive|huuuehuueekk has 120 seconds left.
|
|t:|1779593121
|move|p2a: Kommo-o|Clanging Scales|p1a: Suicune
|-damage|p1a: Suicune|0 fnt
|faint|p1a: Suicune
|-unboost|p2a: Kommo-o|def|1
|
|-damage|p2a: Kommo-o|32/100 brn|[from] brn
|upkeep
|
|t:|1779593123
|switch|p1a: Dragonite|Dragonite, M, shiny|100/100
|turn|6
|
|t:|1779593130
|move|p1a: Dragonite|Extreme Speed|p2a: Kommo-o
|-damage|p2a: Kommo-o|0 fnt
|faint|p2a: Kommo-o
|
|upkeep
|
|t:|1779593135
|switch|p2a: Blastoise|Blastoise, M|100/100
|turn|7
|inactive|huuuehuueekk has 120 seconds left.
|
|t:|1779593175
|move|p1a: Dragonite|Dragon Claw|p2a: Blastoise
|-damage|p2a: Blastoise|51/100
|move|p2a: Blastoise|Shell Smash|p2a: Blastoise
|-unboost|p2a: Blastoise|def|1
|-unboost|p2a: Blastoise|spd|1
|-boost|p2a: Blastoise|atk|2
|-boost|p2a: Blastoise|spa|2
|-boost|p2a: Blastoise|spe|2
|-enditem|p2a: Blastoise|White Herb
|-clearnegativeboost|p2a: Blastoise|[silent]
|
|upkeep
|turn|8
|inactive|huuuehuueekk has 120 seconds left.
|inactive|iran222 has 120 seconds left.
|inactive|iran222 has 90 seconds left.
|
|t:|1779593249
|move|p2a: Blastoise|Ice Beam|p1a: Dragonite
|-supereffective|p1a: Dragonite
|-damage|p1a: Dragonite|0 fnt
|faint|p1a: Dragonite
|
|upkeep
|inactive|huuuehuueekk has 120 seconds left.
|
|t:|1779593254
|switch|p1a: Zamazenta|Zamazenta|100/100
|-ability|p1a: Zamazenta|Dauntless Shield|boost
|-boost|p1a: Zamazenta|def|1
|turn|9
|inactive|iran222 has 90 seconds left.
|
|t:|1779593264
|move|p2a: Blastoise|Surf|p1a: Zamazenta
|-damage|p1a: Zamazenta|36/100
|move|p1a: Zamazenta|Body Press|p2a: Blastoise
|-damage|p2a: Blastoise|0 fnt
|faint|p2a: Blastoise
|
|-heal|p1a: Zamazenta|42/100|[from] item: Leftovers
|upkeep
|inactive|iran222 has 90 seconds left.
|
|t:|1779593274
|switch|p2a: Regirock|Regirock|100/100
|turn|10
|
|t:|1779593278
|move|p1a: Zamazenta|Substitute|p1a: Zamazenta
|-start|p1a: Zamazenta|Substitute
|-damage|p1a: Zamazenta|17/100
|move|p2a: Regirock|Iron Defense|p2a: Regirock
|-boost|p2a: Regirock|def|2
|
|-heal|p1a: Zamazenta|23/100|[from] item: Leftovers
|upkeep
|turn|11
|
|t:|1779593284
|move|p1a: Zamazenta|Iron Defense|p1a: Zamazenta
|-boost|p1a: Zamazenta|def|2
|move|p2a: Regirock|Iron Defense|p2a: Regirock
|-boost|p2a: Regirock|def|2
|
|-heal|p1a: Zamazenta|30/100|[from] item: Leftovers
|upkeep
|turn|12
|
|t:|1779593292
|move|p1a: Zamazenta|Iron Defense|p1a: Zamazenta
|-boost|p1a: Zamazenta|def|2
|move|p2a: Regirock|Body Press|p1a: Zamazenta
|-activate|p1a: Zamazenta|move: Substitute|[damage]
|
|-heal|p1a: Zamazenta|36/100|[from] item: Leftovers
|upkeep
|turn|13
|
|t:|1779593303
|move|p1a: Zamazenta|Iron Defense|p1a: Zamazenta
|-boost|p1a: Zamazenta|def|1
|move|p2a: Regirock|Rock Blast|p1a: Zamazenta
|-resisted|p1a: Zamazenta
|-activate|p1a: Zamazenta|move: Substitute|[damage]
|-resisted|p1a: Zamazenta
|-end|p1a: Zamazenta|Substitute
|-resisted|p1a: Zamazenta
|-damage|p1a: Zamazenta|35/100
|-hitcount|p1a: Zamazenta|3
|
|-heal|p1a: Zamazenta|41/100|[from] item: Leftovers
|upkeep
|turn|14
|
|t:|1779593313
|move|p1a: Zamazenta|Substitute|p1a: Zamazenta
|-start|p1a: Zamazenta|Substitute
|-damage|p1a: Zamazenta|16/100
|move|p2a: Regirock|Iron Defense|p2a: Regirock
|-boost|p2a: Regirock|def|2
|
|-heal|p1a: Zamazenta|23/100|[from] item: Leftovers
|upkeep
|turn|15
|
|t:|1779593330
|move|p1a: Zamazenta|Body Press|p2a: Regirock
|-supereffective|p2a: Regirock
|-crit|p2a: Regirock
|-damage|p2a: Regirock|0 fnt
|faint|p2a: Regirock
|
|-heal|p1a: Zamazenta|29/100|[from] item: Leftovers
|upkeep
|
|t:|1779593340
|switch|p2a: Ditto|Ditto|100/100
|turn|16
|
|t:|1779593346
|switch|p2a: Pawmot|Pawmot, M, shiny|100/100
|move|p1a: Zamazenta|Body Press|p2a: Pawmot
|-damage|p2a: Pawmot|0 fnt
|faint|p2a: Pawmot
|
|-heal|p1a: Zamazenta|35/100|[from] item: Leftovers
|upkeep
|
|t:|1779593355
|switch|p2a: Kingambit|Kingambit, M|100/100
|-activate|p2a: Kingambit|ability: Supreme Overlord
|-start|p2a: Kingambit|fallen4|[silent]
|turn|17
|
|t:|1779593360
|move|p2a: Kingambit|Sucker Punch|p1a: Zamazenta
|-resisted|p1a: Zamazenta
|-activate|p1a: Zamazenta|move: Substitute|[damage]
|move|p1a: Zamazenta|Body Press|p2a: Kingambit
|-supereffective|p2a: Kingambit
|-damage|p2a: Kingambit|0 fnt
|faint|p2a: Kingambit
|-end|p2a: Kingambit|fallen4|[silent]
|
|-heal|p1a: Zamazenta|41/100|[from] item: Leftovers
|upkeep
|
|t:|1779593390
|switch|p2a: Ditto|Ditto|100/100
|turn|18
|inactive|iran222 has 90 seconds left.
|-message|iran222 forfeited.
|
|win|huuuehuueekk
|raw|huuuehuueekk's rating: 1000 &rarr; <strong>1045</strong><br />(+45 for winning)
|raw|iran222's rating: 1048 &rarr; <strong>1028</strong><br />(-20 for losing)
|l|☆iran222
|player|p2|
