|j|☆ydyjyrdy
|j|☆manwhocouldntcook
|t:|1779718682
|gametype|singles
|player|p1|ydyjyrdy|hilbert|1322
|player|p2|manwhocouldntcook|valerie|1392
|gen|9
|tier|[Gen 9] OU
|rated|
|rule|HP Percentage Mod: HP is shown in percentages
|rule|Endless Battle Clause: Forcing endless battles is banned
|rule|Species Clause: Limit one of each Pokémon
|rule|OHKO Clause: OHKO moves are banned
|rule|Evasion Items Clause: Evasion items are banned
|rule|Evasion Moves Clause: Evasion moves are banned
|rule|Evasion Abilities Clause: Evasion abilities are banned
|rule|Sleep Moves Clause: Sleep-inducing moves are banned
|clearpoke
|poke|p1|Pelipper, F|
|poke|p1|Kilowattrel, M|
|poke|p1|Basculegion, M|
|poke|p1|Iron Treads|
|poke|p1|Raging Bolt|
|poke|p1|Kingambit, F|
|poke|p2|Tyranitar, F|
|poke|p2|Hatterene, F|
|poke|p2|Probopass, M|
|poke|p2|Cresselia, F|
|poke|p2|Ursaluna, M|
|poke|p2|Houndstone, F|
|teampreview
|inactive|Battle timer is ON: inactive players will automatically lose when time's up. (requested by manwhocouldntcook)
|
|t:|1779718708
|teamsize|p1|6
|teamsize|p2|6
|start
|switch|p1a: Pelipper|Pelipper, F|100/100
|switch|p2a: Cresselia|Cresselia, F|100/100
|-weather|RainDance|[from] ability: Drizzle|[of] p1a: Pelipper
|turn|1
|
|t:|1779718720
|move|p1a: Pelipper|U-turn|p2a: Cresselia
|-supereffective|p2a: Cresselia
|-damage|p2a: Cresselia|91/100
|
|t:|1779718737
|switch|p1a: Kingambit|Kingambit, F|100/100|[from] U-turn
|move|p2a: Cresselia|Trick Room|p2a: Cresselia
|-fieldstart|move: Trick Room|[of] p2a: Cresselia
|
|-weather|RainDance|[upkeep]
|upkeep
|turn|2
|
|t:|1779718764
|switch|p2a: Tyranitar|Tyranitar, F|100/100
|-weather|Sandstorm|[from] ability: Sand Stream|[of] p2a: Tyranitar
|move|p1a: Kingambit|Kowtow Cleave|p2a: Tyranitar
|-resisted|p2a: Tyranitar
|-damage|p2a: Tyranitar|76/100
|
|-weather|Sandstorm|[upkeep]
|upkeep
|turn|3
|
|t:|1779718782
|-end|p1a: Kingambit|fallenundefined|[silent]
|switch|p1a: Pelipper|Pelipper, F|100/100
|-weather|RainDance|[from] ability: Drizzle|[of] p1a: Pelipper
|move|p2a: Tyranitar|Earthquake|p1a: Pelipper
|-immune|p1a: Pelipper
|
|-weather|RainDance|[upkeep]
|upkeep
|turn|4
|
|t:|1779718798
|switch|p2a: Cresselia|Cresselia, F|91/100
|move|p1a: Pelipper|Weather Ball|p2a: Cresselia
|-damage|p2a: Cresselia|58/100
|
|-weather|RainDance|[upkeep]
|upkeep
|turn|5
|
|t:|1779718807
|switch|p2a: Tyranitar|Tyranitar, F|76/100
|-weather|Sandstorm|[from] ability: Sand Stream|[of] p2a: Tyranitar
|move|p1a: Pelipper|U-turn|p2a: Tyranitar
|-supereffective|p2a: Tyranitar
|-crit|p2a: Tyranitar
|-damage|p2a: Tyranitar|55/100
|
|t:|1779718824
|switch|p1a: Basculegion|Basculegion, M|100/100|[from] U-turn
|
|-weather|Sandstorm|[upkeep]
|-damage|p1a: Basculegion|94/100|[from] Sandstorm
|-fieldend|move: Trick Room
|upkeep
|turn|6
|
|t:|1779718829
|switch|p2a: Houndstone|Houndstone, F|100/100
|move|p1a: Basculegion|Aqua Jet|p2a: Houndstone
|-damage|p2a: Houndstone|63/100
|
|-weather|Sandstorm|[upkeep]
|-damage|p1a: Basculegion|88/100|[from] Sandstorm
|upkeep
|turn|7
|
|t:|1779718836
|switch|p1a: Pelipper|Pelipper, F|100/100
|-weather|RainDance|[from] ability: Drizzle|[of] p1a: Pelipper
|move|p2a: Houndstone|Body Press|p1a: Pelipper
|-resisted|p1a: Pelipper
|-damage|p1a: Pelipper|90/100
|
|-weather|RainDance|[upkeep]
|upkeep
|turn|8
|
|t:|1779718845
|switch|p2a: Tyranitar|Tyranitar, F|55/100
|-weather|Sandstorm|[from] ability: Sand Stream|[of] p2a: Tyranitar
|move|p1a: Pelipper|Hurricane|p2a: Tyranitar
|-resisted|p2a: Tyranitar
|-damage|p2a: Tyranitar|44/100
|
|-weather|Sandstorm|[upkeep]
|-damage|p1a: Pelipper|84/100|[from] Sandstorm
|upkeep
|turn|9
|
|t:|1779718864
|switch|p1a: Iron Treads|Iron Treads, shiny|100/100
|-enditem|p1a: Iron Treads|Booster Energy
|-activate|p1a: Iron Treads|ability: Quark Drive|[fromitem]
|-start|p1a: Iron Treads|quarkdrivespe
|move|p2a: Tyranitar|Knock Off|p1a: Iron Treads
|-damage|p1a: Iron Treads|47/100
|
|-weather|Sandstorm|[upkeep]
|upkeep
|turn|10
|
|t:|1779718874
|switch|p2a: Hatterene|Hatterene, F|100/100
|move|p1a: Iron Treads|Earthquake|p2a: Hatterene
|-damage|p2a: Hatterene|52/100
|
|-weather|Sandstorm|[upkeep]
|-damage|p2a: Hatterene|46/100|[from] Sandstorm
|upkeep
|turn|11
|
|t:|1779718881
|switch|p2a: Cresselia|Cresselia, F|58/100
|move|p1a: Iron Treads|Iron Head|p2a: Cresselia
|-damage|p2a: Cresselia|38/100
|
|-weather|Sandstorm|[upkeep]
|-damage|p2a: Cresselia|32/100|[from] Sandstorm
|upkeep
|turn|12
|
|t:|1779718888
|move|p1a: Iron Treads|Earthquake|p2a: Cresselia
|-immune|p2a: Cresselia|[from] ability: Levitate
|move|p2a: Cresselia|Trick Room|p2a: Cresselia
|-fieldstart|move: Trick Room|[of] p2a: Cresselia
|
|-weather|none
|upkeep
|turn|13
|
|t:|1779718892
|move|p2a: Cresselia|Lunar Dance|p2a: Cresselia
|faint|p2a: Cresselia
|move|p1a: Iron Treads|Iron Head|p2: Cresselia|[notarget]
|-fail|p1a: Iron Treads
|
|upkeep
|
|t:|1779718894
|switch|p2a: Probopass|Probopass, M|100/100
|turn|14
|
|t:|1779718904
|-terastallize|p1a: Iron Treads|Flying
|move|p2a: Probopass|Earth Power|p1a: Iron Treads
|-immune|p1a: Iron Treads
|move|p1a: Iron Treads|Earthquake|p2a: Probopass
|-supereffective|p2a: Probopass
|-crit|p2a: Probopass
|-damage|p2a: Probopass|0 fnt
|faint|p2a: Probopass
|
|upkeep
|
|t:|1779718908
|switch|p2a: Ursaluna|Ursaluna, M|100/100
|turn|15
|
|t:|1779718917
|-end|p1a: Iron Treads|Quark Drive|[silent]
|switch|p1a: Pelipper|Pelipper, F|84/100
|-weather|RainDance|[from] ability: Drizzle|[of] p1a: Pelipper
|move|p2a: Ursaluna|Swords Dance|p2a: Ursaluna
|-boost|p2a: Ursaluna|atk|2
|
|-weather|RainDance|[upkeep]
|-status|p2a: Ursaluna|brn|[from] item: Flame Orb
|upkeep
|turn|16
|
|t:|1779718928
|switch|p1a: Basculegion|Basculegion, M|88/100
|move|p2a: Ursaluna|Facade|p1a: Basculegion
|-immune|p1a: Basculegion
|
|-weather|RainDance|[upkeep]
|-damage|p2a: Ursaluna|94/100 brn|[from] brn
|-fieldend|move: Trick Room
|upkeep
|turn|17
|
|t:|1779718938
|switch|p2a: Tyranitar|Tyranitar, F|44/100
|-heal|p2a: Tyranitar|100/100|[from] move: Lunar Dance
|-weather|Sandstorm|[from] ability: Sand Stream|[of] p2a: Tyranitar
|move|p1a: Basculegion|Wave Crash|p2a: Tyranitar
|-supereffective|p2a: Tyranitar
|-damage|p2a: Tyranitar|0 fnt
|faint|p2a: Tyranitar
|-damage|p1a: Basculegion|57/100|[from] Recoil
|
|-weather|Sandstorm|[upkeep]
|-damage|p1a: Basculegion|51/100|[from] Sandstorm
|upkeep
|
|t:|1779718941
|switch|p2a: Houndstone|Houndstone, F|63/100
|turn|18
|
|t:|1779718950
|switch|p1a: Pelipper|Pelipper, F|84/100
|-weather|RainDance|[from] ability: Drizzle|[of] p1a: Pelipper
|move|p2a: Houndstone|Poltergeist|p1a: Pelipper|[miss]
|-miss|p2a: Houndstone|p1a: Pelipper
|
|-weather|RainDance|[upkeep]
|upkeep
|turn|19
|-message|manwhocouldntcook forfeited.
|
|win|ydyjyrdy
|raw|ydyjyrdy's rating: 1322 &rarr; <strong>1346</strong><br />(+24 for winning)
|raw|manwhocouldntcook's rating: 1392 &rarr; <strong>1368</strong><br />(-24 for losing)
|l|☆manwhocouldntcook
|player|p2|
