|j|☆1mN0tD1zzy
|j|☆espe_pro12
|t:|1779654168
|gametype|singles
|player|p1|1mN0tD1zzy|benga|1122
|player|p2|espe_pro12|preschooler|1176
|gen|9
|tier|[Gen 9] OU
|rated|
|rule|HP Percentage Mod: HP is shown in percentages
|rule|Endless Battle Clause: Forcing endless battles is banned
|rule|Species Clause: Limit one of each Pokémon
|rule|OHKO Clause: OHKO moves are banned
|rule|Evasion Items Clause: Evasion items are banned
|rule|Evasion Moves Clause: Evasion moves are banned
|rule|Evasion Abilities Clause: Evasion abilities are banned
|rule|Sleep Moves Clause: Sleep-inducing moves are banned
|clearpoke
|poke|p1|Pincurchin, M|
|poke|p1|Iron Valiant|
|poke|p1|Hawlucha, F|
|poke|p1|Raging Bolt|
|poke|p1|Iron Treads|
|poke|p1|Ogerpon-Wellspring, F|
|poke|p2|Entei|
|poke|p2|Suicune|
|poke|p2|Ursaluna, M|
|poke|p2|Darkrai|
|poke|p2|Mandibuzz, F|
|poke|p2|Kilowattrel, F|
|teampreview
|c|☆1mN0tD1zzy|glhf
|c|☆espe_pro12|glhf
|
|t:|1779654190
|teamsize|p1|6
|teamsize|p2|6
|start
|switch|p1a: Pincurchin|Pincurchin, M|100/100
|switch|p2a: Darkrai|Darkrai|100/100
|-fieldstart|move: Electric Terrain|[from] ability: Electric Surge|[of] p1a: Pincurchin
|turn|1
|
|t:|1779654206
|move|p2a: Darkrai|Psychic|p1a: Pincurchin
|-damage|p1a: Pincurchin|61/100
|move|p1a: Pincurchin|Thunder Wave|p2a: Darkrai
|-status|p2a: Darkrai|par
|
|upkeep
|turn|2
|
|t:|1779654218
|switch|p1a: Iron Treads|Iron Treads|100/100
|-activate|p1a: Iron Treads|ability: Quark Drive
|-start|p1a: Iron Treads|quarkdrivespe
|move|p2a: Darkrai|Psychic|p1a: Iron Treads
|-resisted|p1a: Iron Treads
|-damage|p1a: Iron Treads|76/100
|
|upkeep
|turn|3
|
|t:|1779654228
|move|p1a: Iron Treads|Earthquake|p2a: Darkrai
|-damage|p2a: Darkrai|21/100 par
|-enditem|p2a: Darkrai|Sitrus Berry|[eat]
|-heal|p2a: Darkrai|46/100 par|[from] item: Sitrus Berry
|-damage|p1a: Iron Treads|66/100|[from] item: Life Orb
|move|p2a: Darkrai|Dark Pulse|p1a: Iron Treads
|-damage|p1a: Iron Treads|5/100
|
|upkeep
|turn|4
|
|t:|1779654239
|move|p1a: Iron Treads|Earthquake|p2a: Darkrai
|-damage|p2a: Darkrai|0 fnt
|faint|p2a: Darkrai
|-damage|p1a: Iron Treads|0 fnt|[from] item: Life Orb
|faint|p1a: Iron Treads
|-end|p1a: Iron Treads|Quark Drive|[silent]
|
|upkeep
|
|t:|1779654247
|switch|p2a: Kilowattrel|Kilowattrel, F|100/100
|switch|p1a: Hawlucha|Hawlucha, F|100/100
|-enditem|p1a: Hawlucha|Electric Seed
|-boost|p1a: Hawlucha|def|1|[from] item: Electric Seed
|turn|5
|
|t:|1779654254
|switch|p1a: Raging Bolt|Raging Bolt|100/100
|move|p2a: Kilowattrel|Thunderbolt|p1a: Raging Bolt
|-resisted|p1a: Raging Bolt
|-damage|p1a: Raging Bolt|95/100
|
|upkeep
|turn|6
|
|t:|1779654260
|move|p2a: Kilowattrel|Volt Switch|p1a: Raging Bolt
|-resisted|p1a: Raging Bolt
|-damage|p1a: Raging Bolt|91/100
|
|t:|1779654263
|switch|p2a: Ursaluna|Ursaluna, M|100/100|[from] Volt Switch
|-ability|p2a: Ursaluna|Unnerve
|move|p1a: Raging Bolt|Draco Meteor|p2a: Ursaluna
|-damage|p2a: Ursaluna|53/100
|-unboost|p1a: Raging Bolt|spa|2
|
|upkeep
|turn|7
|
|t:|1779654274
|-end|p1a: Raging Bolt|Protosynthesis|[silent]
|switch|p1a: Hawlucha|Hawlucha, F|100/100
|move|p2a: Ursaluna|Earthquake|p1a: Hawlucha
|-immune|p1a: Hawlucha
|
|upkeep
|turn|8
|
|t:|1779654282
|move|p1a: Hawlucha|Close Combat|p2a: Ursaluna
|-supereffective|p2a: Ursaluna
|-damage|p2a: Ursaluna|0 fnt
|-unboost|p1a: Hawlucha|def|1
|-unboost|p1a: Hawlucha|spd|1
|faint|p2a: Ursaluna
|
|-fieldend|move: Electric Terrain
|upkeep
|
|t:|1779654291
|switch|p2a: Kilowattrel|Kilowattrel, F|100/100
|turn|9
|
|t:|1779654294
|switch|p1a: Pincurchin|Pincurchin, M|61/100
|-fieldstart|move: Electric Terrain|[from] ability: Electric Surge|[of] p1a: Pincurchin
|move|p2a: Kilowattrel|Thunderbolt|p1a: Pincurchin
|-resisted|p1a: Pincurchin
|-damage|p1a: Pincurchin|37/100
|
|upkeep
|turn|10
|
|t:|1779654304
|move|p2a: Kilowattrel|Thunderbolt|p1a: Pincurchin
|-resisted|p1a: Pincurchin
|-damage|p1a: Pincurchin|8/100
|move|p1a: Pincurchin|Memento|p2a: Kilowattrel
|-unboost|p2a: Kilowattrel|atk|2
|-unboost|p2a: Kilowattrel|spa|2
|faint|p1a: Pincurchin
|
|upkeep
|
|t:|1779654309
|switch|p1a: Iron Valiant|Iron Valiant|100/100
|-activate|p1a: Iron Valiant|ability: Quark Drive
|-start|p1a: Iron Valiant|quarkdrivespe
|turn|11
|
|t:|1779654314
|move|p1a: Iron Valiant|Moonblast|p2a: Kilowattrel
|-enditem|p2a: Kilowattrel|Focus Sash
|-damage|p2a: Kilowattrel|1/100
|-unboost|p2a: Kilowattrel|spa|1
|move|p2a: Kilowattrel|Volt Switch|p1a: Iron Valiant
|-damage|p1a: Iron Valiant|76/100
|
|t:|1779654323
|switch|p2a: Smoke|Entei, shiny|100/100|[from] Volt Switch
|
|upkeep
|turn|12
|
|t:|1779654328
|-end|p1a: Iron Valiant|Quark Drive|[silent]
|switch|p1a: Ogerpon|Ogerpon-Wellspring, F|100/100
|move|p2a: Smoke|Iron Head|p1a: Ogerpon
|-resisted|p1a: Ogerpon
|-damage|p1a: Ogerpon|84/100
|
|upkeep
|turn|13
|
|t:|1779654352
|switch|p2a: Kilowattrel|Kilowattrel, F|1/100
|move|p1a: Ogerpon|Ivy Cudgel|p2a: Kilowattrel|[anim] Ivy Cudgel Water
|-damage|p2a: Kilowattrel|0 fnt
|faint|p2a: Kilowattrel
|
|upkeep
|
|t:|1779654363
|switch|p2a: Mandibuzz|Mandibuzz, F|100/100
|turn|14
|
|t:|1779654368
|switch|p1a: Raging Bolt|Raging Bolt|91/100
|move|p2a: Mandibuzz|Toxic|p1a: Raging Bolt
|-status|p1a: Raging Bolt|tox
|
|-damage|p1a: Raging Bolt|85/100 tox|[from] psn
|upkeep
|turn|15
|
|t:|1779654375
|switch|p2a: Smoke|Entei, shiny|100/100
|move|p1a: Raging Bolt|Thunderbolt|p2a: Smoke
|-damage|p2a: Smoke|17/100
|-enditem|p2a: Smoke|Sitrus Berry|[eat]
|-heal|p2a: Smoke|42/100|[from] item: Sitrus Berry
|
|-damage|p1a: Raging Bolt|73/100 tox|[from] psn
|upkeep
|turn|16
|
|t:|1779654390
|-end|p1a: Raging Bolt|Protosynthesis|[silent]
|switch|p1a: Ogerpon|Ogerpon-Wellspring, F|84/100
|move|p2a: Smoke|Extreme Speed|p1a: Ogerpon
|-damage|p1a: Ogerpon|48/100
|
|-fieldend|move: Electric Terrain
|upkeep
|turn|17
|
|t:|1779654398
|switch|p2a: Mandibuzz|Mandibuzz, F|100/100
|move|p1a: Ogerpon|Ivy Cudgel|p2a: Mandibuzz|[anim] Ivy Cudgel Water
|-crit|p2a: Mandibuzz
|-damage|p2a: Mandibuzz|47/100
|
|upkeep
|turn|18
|
|t:|1779654404
|move|p1a: Ogerpon|Ivy Cudgel|p2a: Mandibuzz|[anim] Ivy Cudgel Water
|-damage|p2a: Mandibuzz|10/100
|move|p2a: Mandibuzz|Toxic|p1a: Ogerpon
|-status|p1a: Ogerpon|tox
|
|-damage|p1a: Ogerpon|42/100 tox|[from] psn
|upkeep
|turn|19
|
|t:|1779654415
|move|p1a: Ogerpon|Ivy Cudgel|p2a: Mandibuzz|[anim] Ivy Cudgel Water
|-damage|p2a: Mandibuzz|0 fnt
|faint|p2a: Mandibuzz
|
|-damage|p1a: Ogerpon|30/100 tox|[from] psn
|upkeep
|
|t:|1779654420
|switch|p2a: Smoke|Entei, shiny|42/100
|turn|20
|
|t:|1779654425
|move|p2a: Smoke|Extreme Speed|p1a: Ogerpon
|-damage|p1a: Ogerpon|0 fnt
|faint|p1a: Ogerpon
|
|upkeep
|
|t:|1779654429
|switch|p1a: Hawlucha|Hawlucha, F|100/100
|turn|21
|
|t:|1779654433
|-terastallize|p1a: Hawlucha|Fighting
|move|p2a: Smoke|Extreme Speed|p1a: Hawlucha
|-damage|p1a: Hawlucha|64/100
|move|p1a: Hawlucha|Close Combat|p2a: Smoke
|-damage|p2a: Smoke|0 fnt
|-unboost|p1a: Hawlucha|def|1
|-unboost|p1a: Hawlucha|spd|1
|faint|p2a: Smoke
|
|upkeep
|
|t:|1779654442
|switch|p2a: Suicune|Suicune, shiny|100/100
|turn|22
|
|t:|1779654448
|-terastallize|p2a: Suicune|Water
|move|p1a: Hawlucha|Close Combat|p2a: Suicune
|-damage|p2a: Suicune|44/100
|-unboost|p1a: Hawlucha|def|1
|-unboost|p1a: Hawlucha|spd|1
|-enditem|p2a: Suicune|Sitrus Berry|[eat]
|-heal|p2a: Suicune|69/100|[from] item: Sitrus Berry
|move|p2a: Suicune|Extrasensory|p1a: Hawlucha
|-supereffective|p1a: Hawlucha
|-damage|p1a: Hawlucha|0 fnt
|faint|p1a: Hawlucha
|
|upkeep
|
|t:|1779654453
|switch|p1a: Raging Bolt|Raging Bolt|73/100 tox
|turn|23
|
|t:|1779654462
|move|p1a: Raging Bolt|Thunderclap|p2a: Suicune
|-supereffective|p2a: Suicune
|-damage|p2a: Suicune|11/100
|move|p2a: Suicune|Ice Beam|p1a: Raging Bolt
|-supereffective|p1a: Raging Bolt
|-damage|p1a: Raging Bolt|45/100 tox
|
|-damage|p1a: Raging Bolt|38/100 tox|[from] psn
|upkeep
|turn|24
|
|t:|1779654473
|move|p1a: Raging Bolt|Thunderclap|p2a: Suicune
|-supereffective|p2a: Suicune
|-damage|p2a: Suicune|0 fnt
|faint|p2a: Suicune
|
|win|1mN0tD1zzy
|raw|1mN0tD1zzy's rating: 1122 &rarr; <strong>1151</strong><br />(+29 for winning)
|raw|espe_pro12's rating: 1176 &rarr; <strong>1147</strong><br />(-29 for losing)
|c|☆espe_pro12|dude its unfair pure meta
|c|☆1mN0tD1zzy|if you dont mind me asking why sitrus berries
|c|☆espe_pro12|power creep
|l|☆espe_pro12
|player|p2|
|c|☆1mN0tD1zzy|pinchurrin isnt meta
|c|☆1mN0tD1zzy|ok
