|j|☆TheLump
|j|☆Param710
|t:|1779639623
|gametype|singles
|player|p1|TheLump|102|1147
|player|p2|Param710|red|1173
|gen|9
|tier|[Gen 9] OU
|rated|
|rule|HP Percentage Mod: HP is shown in percentages
|rule|Endless Battle Clause: Forcing endless battles is banned
|rule|Species Clause: Limit one of each Pokémon
|rule|OHKO Clause: OHKO moves are banned
|rule|Evasion Items Clause: Evasion items are banned
|rule|Evasion Moves Clause: Evasion moves are banned
|rule|Evasion Abilities Clause: Evasion abilities are banned
|rule|Sleep Moves Clause: Sleep-inducing moves are banned
|clearpoke
|poke|p1|Torkoal, F|
|poke|p1|Weepinbell, M|
|poke|p1|Slither Wing|
|poke|p1|Iron Moth|
|poke|p1|Exeggutor, M|
|poke|p1|Victreebel, M|
|poke|p2|Ceruledge, F|
|poke|p2|Walking Wake|
|poke|p2|Iron Valiant|
|poke|p2|Hawlucha, M|
|poke|p2|Grafaiai, F|
|poke|p2|Rillaboom, F|
|teampreview
|j| Beartomo
|l| Beartomo
|
|t:|1779639632
|teamsize|p1|6
|teamsize|p2|6
|start
|switch|p1a: Torkoal|Torkoal, F, shiny|100/100
|switch|p2a: Grafaiai|Grafaiai, F|100/100
|-weather|SunnyDay|[from] ability: Drought|[of] p1a: Torkoal
|turn|1
|inactive|Battle timer is ON: inactive players will automatically lose when time's up. (requested by Param710)
|
|t:|1779639683
|move|p2a: Grafaiai|Knock Off|p1a: Torkoal
|-damage|p1a: Torkoal|79/100
|-enditem|p1a: Torkoal|Heat Rock|[from] move: Knock Off|[of] p2a: Grafaiai
|move|p1a: Torkoal|Stealth Rock|p2a: Grafaiai
|-sidestart|p2: Param710|move: Stealth Rock
|
|-weather|SunnyDay|[upkeep]
|upkeep
|turn|2
|
|t:|1779639692
|move|p2a: Grafaiai|Parting Shot|p1a: Torkoal
|-unboost|p1a: Torkoal|atk|1
|-unboost|p1a: Torkoal|spa|1
|
|t:|1779639699
|switch|p2a: Ceruledge|Ceruledge, F|100/100|[from] Parting Shot
|-damage|p2a: Ceruledge|76/100|[from] Stealth Rock
|move|p1a: Torkoal|Lava Plume|p2a: Ceruledge
|-resisted|p2a: Ceruledge
|-damage|p2a: Ceruledge|61/100
|
|-weather|SunnyDay|[upkeep]
|upkeep
|turn|3
|c|☆Param710|Sunny day setup?
|inactive|TheLump has 120 seconds left.
|
|t:|1779639738
|move|p2a: Ceruledge|Swords Dance|p2a: Ceruledge
|-boost|p2a: Ceruledge|atk|2
|move|p1a: Torkoal|Lava Plume|p2a: Ceruledge
|-resisted|p2a: Ceruledge
|-damage|p2a: Ceruledge|46/100
|
|-weather|SunnyDay|[upkeep]
|upkeep
|turn|4
|
|t:|1779639750
|move|p2a: Ceruledge|Bitter Blade|p1a: Torkoal
|-resisted|p1a: Torkoal
|-damage|p1a: Torkoal|13/100
|-heal|p2a: Ceruledge|84/100|[from] drain|[of] p1a: Torkoal
|-damage|p2a: Ceruledge|74/100|[from] item: Life Orb
|move|p1a: Torkoal|Lava Plume|p2a: Ceruledge
|-resisted|p2a: Ceruledge
|-damage|p2a: Ceruledge|61/100
|
|-weather|SunnyDay|[upkeep]
|upkeep
|turn|5
|
|t:|1779639762
|move|p2a: Ceruledge|Bitter Blade|p1a: Torkoal
|-resisted|p1a: Torkoal
|-damage|p1a: Torkoal|0 fnt
|-heal|p2a: Ceruledge|69/100|[from] drain|[of] p1a: Torkoal
|faint|p1a: Torkoal
|-damage|p2a: Ceruledge|59/100|[from] item: Life Orb
|
|-weather|SunnyDay|[upkeep]
|upkeep
|
|t:|1779639770
|switch|p1a: Exeggutor|Exeggutor, M|100/100
|turn|6
|
|t:|1779639775
|-terastallize|p1a: Exeggutor|Dragon
|move|p2a: Ceruledge|Bitter Blade|p1a: Exeggutor
|-resisted|p1a: Exeggutor
|-damage|p1a: Exeggutor|12/100
|-heal|p2a: Ceruledge|100/100|[from] drain|[of] p1a: Exeggutor
|-enditem|p1a: Exeggutor|Sitrus Berry|[eat]
|-heal|p1a: Exeggutor|37/100|[from] item: Sitrus Berry
|-damage|p2a: Ceruledge|91/100|[from] item: Life Orb
|move|p1a: Exeggutor|Psychic Noise|p2a: Ceruledge
|-damage|p2a: Ceruledge|42/100
|-start|p2a: Ceruledge|move: Heal Block
|
|-weather|SunnyDay|[upkeep]
|-item|p1a: Exeggutor|Sitrus Berry|[from] ability: Harvest
|upkeep
|-enditem|p1a: Exeggutor|Sitrus Berry|[eat]
|-heal|p1a: Exeggutor|61/100|[from] item: Sitrus Berry
|turn|7
|
|t:|1779639795
|move|p2a: Ceruledge|Poltergeist||[still]
|-fail|p2a: Ceruledge
|move|p1a: Exeggutor|Psychic Noise|p2a: Ceruledge
|-damage|p2a: Ceruledge|0 fnt
|faint|p2a: Ceruledge
|
|-weather|SunnyDay|[upkeep]
|-item|p1a: Exeggutor|Sitrus Berry|[from] ability: Harvest
|upkeep
|c|☆TheLump|phew
|
|t:|1779639808
|switch|p2a: Grafaiai|Grafaiai, F|100/100
|turn|8
|
|t:|1779639812
|move|p2a: Grafaiai|Knock Off|p1a: Exeggutor
|-damage|p1a: Exeggutor|36/100
|-enditem|p1a: Exeggutor|Sitrus Berry|[from] move: Knock Off|[of] p2a: Grafaiai
|move|p1a: Exeggutor|Psychic Noise|p2a: Grafaiai
|-supereffective|p2a: Grafaiai
|-damage|p2a: Grafaiai|0 fnt
|faint|p2a: Grafaiai
|
|-weather|none
|upkeep
|inactive|Param710 has 120 seconds left.
|
|t:|1779639833
|switch|p2a: Iron Valiant|Iron Valiant, shiny|100/100
|-damage|p2a: Iron Valiant|94/100|[from] Stealth Rock
|turn|9
|c|☆Param710|My turn
|
|t:|1779639846
|move|p2a: Iron Valiant|Spirit Break|p1a: Exeggutor
|-supereffective|p1a: Exeggutor
|-damage|p1a: Exeggutor|0 fnt
|faint|p1a: Exeggutor
|-damage|p2a: Iron Valiant|84/100|[from] item: Life Orb
|
|upkeep
|
|t:|1779639850
|switch|p1a: Macrophylla|Weepinbell, M|100/100
|turn|10
|
|t:|1779639856
|move|p2a: Iron Valiant|Psycho Cut|p1a: Macrophylla
|-supereffective|p1a: Macrophylla
|-damage|p1a: Macrophylla|39/100
|-damage|p2a: Iron Valiant|74/100|[from] item: Life Orb
|move|p1a: Macrophylla|Toxic|p2a: Iron Valiant
|-status|p2a: Iron Valiant|tox
|
|-damage|p2a: Iron Valiant|68/100 tox|[from] psn
|upkeep
|turn|11
|
|t:|1779639867
|move|p2a: Iron Valiant|Knock Off|p1a: Macrophylla
|-damage|p1a: Macrophylla|0 fnt
|-enditem|p1a: Macrophylla|Eviolite|[from] move: Knock Off|[of] p2a: Iron Valiant
|faint|p1a: Macrophylla
|-damage|p2a: Iron Valiant|58/100 tox|[from] item: Life Orb
|
|-damage|p2a: Iron Valiant|46/100 tox|[from] psn
|upkeep
|
|t:|1779639876
|switch|p1a: Iron Moth|Iron Moth|100/100
|-enditem|p1a: Iron Moth|Booster Energy
|-activate|p1a: Iron Moth|ability: Quark Drive|[fromitem]
|-start|p1a: Iron Moth|quarkdrivespe
|turn|12
|
|t:|1779639883
|-terastallize|p2a: Iron Valiant|Steel
|move|p1a: Iron Moth|Psychic|p2a: Iron Valiant
|-resisted|p2a: Iron Valiant
|-damage|p2a: Iron Valiant|18/100 tox
|move|p2a: Iron Valiant|Psycho Cut|p1a: Iron Moth
|-supereffective|p1a: Iron Moth
|-damage|p1a: Iron Moth|2/100
|-damage|p2a: Iron Valiant|8/100 tox|[from] item: Life Orb
|
|-damage|p2a: Iron Valiant|0 fnt|[from] psn
|faint|p2a: Iron Valiant
|-end|p2a: Iron Valiant|Quark Drive|[silent]
|upkeep
|
|t:|1779639896
|switch|p2a: Rillaboom|Rillaboom, F|100/100
|-damage|p2a: Rillaboom|88/100|[from] Stealth Rock
|-fieldstart|move: Grassy Terrain|[from] ability: Grassy Surge|[of] p2a: Rillaboom
|turn|13
|
|t:|1779639903
|move|p2a: Rillaboom|Grassy Glide|p1a: Iron Moth
|-resisted|p1a: Iron Moth
|-damage|p1a: Iron Moth|0 fnt
|faint|p1a: Iron Moth
|-end|p1a: Iron Moth|Quark Drive|[silent]
|
|-heal|p2a: Rillaboom|94/100|[from] Grassy Terrain
|upkeep
|
|t:|1779639907
|switch|p1a: Lowi Trusmadi|Victreebel, M, shiny|100/100
|turn|14
|
|t:|1779639915
|switch|p2a: Walking Wake|Walking Wake|100/100
|-damage|p2a: Walking Wake|88/100|[from] Stealth Rock
|move|p1a: Lowi Trusmadi|Sunny Day|p1a: Lowi Trusmadi
|-weather|SunnyDay
|-activate|p2a: Walking Wake|ability: Protosynthesis
|-start|p2a: Walking Wake|protosynthesisspa
|
|-weather|SunnyDay|[upkeep]
|-heal|p2a: Walking Wake|94/100|[from] Grassy Terrain
|-heal|p2a: Walking Wake|100/100|[from] item: Leftovers
|upkeep
|turn|15
|inactive|TheLump has 120 seconds left.
|
|t:|1779639950
|move|p1a: Lowi Trusmadi|Giga Drain|p2a: Walking Wake
|-damage|p2a: Walking Wake|53/100
|move|p2a: Walking Wake|Flamethrower|p1a: Lowi Trusmadi
|-supereffective|p1a: Lowi Trusmadi
|-damage|p1a: Lowi Trusmadi|0 fnt
|faint|p1a: Lowi Trusmadi
|
|-weather|SunnyDay|[upkeep]
|-heal|p2a: Walking Wake|59/100|[from] Grassy Terrain
|-heal|p2a: Walking Wake|65/100|[from] item: Leftovers
|upkeep
|
|t:|1779639953
|switch|p1a: Slither Wing|Slither Wing, shiny|100/100
|-activate|p1a: Slither Wing|ability: Protosynthesis
|-start|p1a: Slither Wing|protosynthesisatk
|turn|16
|
|t:|1779639970
|move|p1a: Slither Wing|First Impression|p2a: Walking Wake
|-damage|p2a: Walking Wake|0 fnt
|faint|p2a: Walking Wake
|-end|p2a: Walking Wake|Protosynthesis|[silent]
|
|-weather|SunnyDay|[upkeep]
|upkeep
|
|t:|1779639977
|switch|p2a: Hawlucha|Hawlucha, M|100/100
|-damage|p2a: Hawlucha|88/100|[from] Stealth Rock
|turn|17
|
|t:|1779639987
|move|p2a: Hawlucha|Acrobatics|p1a: Slither Wing
|-supereffective|p1a: Slither Wing
|-damage|p1a: Slither Wing|0 fnt
|faint|p1a: Slither Wing
|-end|p1a: Slither Wing|Protosynthesis|[silent]
|
|win|Param710
|raw|TheLump's rating: 1147 &rarr; <strong>1124</strong><br />(-23 for losing)
|raw|Param710's rating: 1173 &rarr; <strong>1196</strong><br />(+23 for winning)
|c|☆TheLump|gg
|l|☆TheLump
|player|p1|
|c|☆Param710|Gg
|l|☆Param710
|player|p2|
