|j|☆Avv2121
|j|☆cydyl
|t:|1779600751
|gametype|singles
|player|p1|Avv2121|janine|1287
|player|p2|cydyl|rancher|1309
|gen|9
|tier|[Gen 9] OU
|rated|
|rule|HP Percentage Mod: HP is shown in percentages
|rule|Endless Battle Clause: Forcing endless battles is banned
|rule|Species Clause: Limit one of each Pokémon
|rule|OHKO Clause: OHKO moves are banned
|rule|Evasion Items Clause: Evasion items are banned
|rule|Evasion Moves Clause: Evasion moves are banned
|rule|Evasion Abilities Clause: Evasion abilities are banned
|rule|Sleep Moves Clause: Sleep-inducing moves are banned
|clearpoke
|poke|p1|Garganacl, M|
|poke|p1|Dragapult, F|
|poke|p1|Kingambit, F|
|poke|p1|Iron Moth|
|poke|p1|Corviknight, M|
|poke|p1|Mimikyu, M|
|poke|p2|Walking Wake|
|poke|p2|Torkoal, M|
|poke|p2|Ceruledge, F|
|poke|p2|Gliscor, F|
|poke|p2|Sawsbuck, M|
|poke|p2|Hatterene, F|
|teampreview
|inactive|Battle timer is ON: inactive players will automatically lose when time's up. (requested by Avv2121)
|
|t:|1779600757
|teamsize|p1|6
|teamsize|p2|6
|start
|switch|p1a: Mimikyu|Mimikyu, M|100/100
|switch|p2a: Torkoal|Torkoal, M|100/100
|-weather|SunnyDay|[from] ability: Drought|[of] p2a: Torkoal
|turn|1
|
|t:|1779600765
|move|p1a: Mimikyu|Swords Dance|p1a: Mimikyu
|-boost|p1a: Mimikyu|atk|2
|move|p2a: Torkoal|Will-O-Wisp|p1a: Mimikyu
|-status|p1a: Mimikyu|brn
|
|-weather|SunnyDay|[upkeep]
|-damage|p1a: Mimikyu|95/100 brn|[from] brn
|upkeep
|turn|2
|
|t:|1779600781
|switch|p2a: Ceruledge|Ceruledge, F|100/100
|move|p1a: Mimikyu|Swords Dance|p1a: Mimikyu
|-boost|p1a: Mimikyu|atk|2
|
|-weather|SunnyDay|[upkeep]
|-damage|p1a: Mimikyu|89/100 brn|[from] brn
|upkeep
|turn|3
|
|t:|1779600795
|move|p1a: Mimikyu|Shadow Sneak|p2a: Ceruledge
|-supereffective|p2a: Ceruledge
|-damage|p2a: Ceruledge|9/100
|-ability|p2a: Ceruledge|Weak Armor|boost
|-unboost|p2a: Ceruledge|def|1
|-boost|p2a: Ceruledge|spe|2
|-damage|p1a: Mimikyu|79/100 brn|[from] item: Life Orb
|move|p2a: Ceruledge|Bitter Blade|p1a: Mimikyu
|-activate|p1a: Mimikyu|ability: Disguise
|-damage|p1a: Mimikyu|79/100 brn
|detailschange|p1a: Mimikyu|Mimikyu-Busted, M
|-damage|p1a: Mimikyu|66/100 brn|[from] pokemon: Mimikyu-Busted
|
|-weather|SunnyDay|[upkeep]
|-damage|p1a: Mimikyu|60/100 brn|[from] brn
|upkeep
|turn|4
|
|t:|1779600810
|move|p2a: Ceruledge|Shadow Sneak|p1a: Mimikyu
|-supereffective|p1a: Mimikyu
|-damage|p1a: Mimikyu|0 fnt
|faint|p1a: Mimikyu
|
|-weather|SunnyDay|[upkeep]
|upkeep
|
|t:|1779600814
|switch|p1a: Corviknight|Corviknight, M|100/100
|turn|5
|
|t:|1779600819
|move|p2a: Ceruledge|Bitter Blade|p1a: Corviknight
|-supereffective|p1a: Corviknight
|-damage|p1a: Corviknight|0 fnt
|-heal|p2a: Ceruledge|78/100|[from] drain|[of] p1a: Corviknight
|-damage|p2a: Ceruledge|62/100|[from] item: Rocky Helmet|[of] p1a: Corviknight
|faint|p1a: Corviknight
|
|-weather|SunnyDay|[upkeep]
|upkeep
|
|t:|1779600823
|switch|p1a: Garganacl|Garganacl, M|100/100
|turn|6
|
|t:|1779600840
|switch|p2a: Gliscor|Gliscor, F|100/100
|move|p1a: Garganacl|Salt Cure|p2a: Gliscor
|-damage|p2a: Gliscor|90/100
|-start|p2a: Gliscor|Salt Cure
|
|-weather|SunnyDay|[upkeep]
|-damage|p2a: Gliscor|78/100|[from] Salt Cure
|-status|p2a: Gliscor|tox|[from] item: Toxic Orb
|upkeep
|turn|7
|
|t:|1779600851
|move|p2a: Gliscor|Earthquake|p1a: Garganacl
|-supereffective|p1a: Garganacl
|-damage|p1a: Garganacl|66/100
|move|p1a: Garganacl|Curse|p1a: Garganacl
|-unboost|p1a: Garganacl|spe|1
|-boost|p1a: Garganacl|atk|1
|-boost|p1a: Garganacl|def|1
|
|-weather|SunnyDay|[upkeep]
|-heal|p1a: Garganacl|72/100|[from] item: Leftovers
|-heal|p2a: Gliscor|90/100 tox|[from] ability: Poison Heal
|-damage|p2a: Gliscor|78/100 tox|[from] Salt Cure
|upkeep
|turn|8
|
|t:|1779600863
|move|p2a: Gliscor|Toxic|p1a: Garganacl
|-immune|p1a: Garganacl|[from] ability: Purifying Salt
|move|p1a: Garganacl|Salt Cure|p2a: Gliscor
|-damage|p2a: Gliscor|62/100 tox
|
|-weather|none
|-heal|p1a: Garganacl|78/100|[from] item: Leftovers
|-heal|p2a: Gliscor|75/100 tox|[from] ability: Poison Heal
|-damage|p2a: Gliscor|62/100 tox|[from] Salt Cure
|upkeep
|turn|9
|
|t:|1779600878
|switch|p2a: Torkoal|Torkoal, M|100/100
|-weather|SunnyDay|[from] ability: Drought|[of] p2a: Torkoal
|move|p1a: Garganacl|Salt Cure|p2a: Torkoal
|-supereffective|p2a: Torkoal
|-damage|p2a: Torkoal|74/100
|-start|p2a: Torkoal|Salt Cure
|
|-weather|SunnyDay|[upkeep]
|-heal|p1a: Garganacl|84/100|[from] item: Leftovers
|-damage|p2a: Torkoal|62/100|[from] Salt Cure
|upkeep
|turn|10
|
|t:|1779600891
|switch|p2a: Walking Wake|Walking Wake|100/100
|-activate|p2a: Walking Wake|ability: Protosynthesis
|-start|p2a: Walking Wake|protosynthesisspe
|move|p1a: Garganacl|Salt Cure|p2a: Walking Wake
|-damage|p2a: Walking Wake|77/100
|-start|p2a: Walking Wake|Salt Cure
|
|-weather|SunnyDay|[upkeep]
|-heal|p1a: Garganacl|91/100|[from] item: Leftovers
|-damage|p2a: Walking Wake|52/100|[from] Salt Cure
|upkeep
|turn|11
|
|t:|1779600901
|move|p1a: Garganacl|Protect|p1a: Garganacl
|-singleturn|p1a: Garganacl|Protect
|move|p2a: Walking Wake|Hydro Steam|p1a: Garganacl
|-activate|p1a: Garganacl|move: Protect
|
|-weather|SunnyDay|[upkeep]
|-heal|p1a: Garganacl|97/100|[from] item: Leftovers
|-damage|p2a: Walking Wake|27/100|[from] Salt Cure
|upkeep
|turn|12
|
|t:|1779600906
|-terastallize|p1a: Garganacl|Ghost
|move|p2a: Walking Wake|Hydro Steam|p1a: Garganacl
|-damage|p1a: Garganacl|28/100
|move|p1a: Garganacl|Recover|p1a: Garganacl
|-heal|p1a: Garganacl|78/100
|
|-weather|SunnyDay|[upkeep]
|-heal|p1a: Garganacl|84/100|[from] item: Leftovers
|-damage|p2a: Walking Wake|2/100|[from] Salt Cure
|upkeep
|turn|13
|
|t:|1779600923
|-end|p2a: Walking Wake|Protosynthesis|[silent]
|switch|p2a: Hatterene|Hatterene, F, shiny|100/100
|move|p1a: Garganacl|Salt Cure|p2a: Hatterene
|-damage|p2a: Hatterene|81/100
|-start|p2a: Hatterene|Salt Cure
|-enditem|p2a: Hatterene|Eject Button
|
|t:|1779600942
|switch|p2a: Sawsbuck|Sawsbuck, M, shiny|100/100
|
|-weather|SunnyDay|[upkeep]
|-heal|p1a: Garganacl|91/100|[from] item: Leftovers
|upkeep
|turn|14
|
|t:|1779600954
|move|p2a: Sawsbuck|Horn Leech|p1a: Garganacl
|-crit|p1a: Garganacl
|-damage|p1a: Garganacl|49/100
|move|p1a: Garganacl|Salt Cure|p2a: Sawsbuck
|-damage|p2a: Sawsbuck|66/100
|-start|p2a: Sawsbuck|Salt Cure
|
|-weather|SunnyDay|[upkeep]
|-heal|p1a: Garganacl|55/100|[from] item: Leftovers
|-damage|p2a: Sawsbuck|54/100|[from] Salt Cure
|upkeep
|turn|15
|
|t:|1779600961
|switch|p2a: Hatterene|Hatterene, F, shiny|81/100
|move|p1a: Garganacl|Protect||[still]
|-fail|p1a: Garganacl
|
|-weather|SunnyDay|[upkeep]
|-heal|p1a: Garganacl|61/100|[from] item: Leftovers
|upkeep
|turn|16
|
|t:|1779600976
|move|p2a: Hatterene|Mystical Fire|p1a: Garganacl
|-damage|p1a: Garganacl|33/100
|-unboost|p1a: Garganacl|spa|1
|move|p1a: Garganacl|Recover|p1a: Garganacl
|-heal|p1a: Garganacl|83/100
|
|-weather|none
|-heal|p1a: Garganacl|89/100|[from] item: Leftovers
|upkeep
|turn|17
|
|t:|1779600984
|move|p2a: Hatterene|Mystical Fire|p1a: Garganacl
|-damage|p1a: Garganacl|71/100
|-unboost|p1a: Garganacl|spa|1
|move|p1a: Garganacl|Salt Cure|p2a: Hatterene
|-damage|p2a: Hatterene|60/100
|-start|p2a: Hatterene|Salt Cure
|
|-heal|p1a: Garganacl|77/100|[from] item: Leftovers
|-damage|p2a: Hatterene|47/100|[from] Salt Cure
|upkeep
|turn|18
|
|t:|1779600995
|move|p2a: Hatterene|Mystical Fire|p1a: Garganacl
|-damage|p1a: Garganacl|59/100
|-unboost|p1a: Garganacl|spa|1
|move|p1a: Garganacl|Salt Cure|p2a: Hatterene
|-damage|p2a: Hatterene|27/100
|
|-heal|p1a: Garganacl|66/100|[from] item: Leftovers
|-damage|p2a: Hatterene|14/100|[from] Salt Cure
|upkeep
|turn|19
|
|t:|1779601004
|move|p2a: Hatterene|Healing Wish|p2a: Hatterene
|faint|p2a: Hatterene
|move|p1a: Garganacl|Recover|p1a: Garganacl
|-heal|p1a: Garganacl|100/100
|
|upkeep
|
|t:|1779601008
|switch|p2a: Walking Wake|Walking Wake|2/100
|-heal|p2a: Walking Wake|100/100|[from] move: Healing Wish
|turn|20
|
|t:|1779601017
|move|p2a: Walking Wake|Flip Turn|p1a: Garganacl
|-damage|p1a: Garganacl|95/100
|
|t:|1779601020
|-end|p2a: Walking Wake|Protosynthesis|[silent]
|switch|p2a: Torkoal|Torkoal, M|62/100|[from] Flip Turn
|-weather|SunnyDay|[from] ability: Drought|[of] p2a: Torkoal
|move|p1a: Garganacl|Salt Cure|p2a: Torkoal
|-supereffective|p2a: Torkoal
|-crit|p2a: Torkoal
|-damage|p2a: Torkoal|28/100
|-start|p2a: Torkoal|Salt Cure
|
|-weather|SunnyDay|[upkeep]
|-heal|p1a: Garganacl|100/100|[from] item: Leftovers
|-damage|p2a: Torkoal|16/100|[from] Salt Cure
|upkeep
|turn|21
|
|t:|1779601032
|switch|p2a: Gliscor|Gliscor, F|62/100 tox
|move|p1a: Garganacl|Salt Cure|p2a: Gliscor
|-damage|p2a: Gliscor|47/100 tox
|-start|p2a: Gliscor|Salt Cure
|
|-weather|SunnyDay|[upkeep]
|-heal|p2a: Gliscor|59/100 tox|[from] ability: Poison Heal
|-damage|p2a: Gliscor|47/100 tox|[from] Salt Cure
|upkeep
|turn|22
|
|t:|1779601049
|move|p2a: Gliscor|Protect|p2a: Gliscor
|-singleturn|p2a: Gliscor|Protect
|move|p1a: Garganacl|Salt Cure|p2a: Gliscor
|-activate|p2a: Gliscor|move: Protect
|
|-weather|SunnyDay|[upkeep]
|-heal|p2a: Gliscor|59/100 tox|[from] ability: Poison Heal
|-damage|p2a: Gliscor|47/100 tox|[from] Salt Cure
|upkeep
|turn|23
|
|t:|1779601057
|switch|p2a: Walking Wake|Walking Wake|100/100
|-activate|p2a: Walking Wake|ability: Protosynthesis
|-start|p2a: Walking Wake|protosynthesisspe
|move|p1a: Garganacl|Salt Cure|p2a: Walking Wake
|-damage|p2a: Walking Wake|76/100
|-start|p2a: Walking Wake|Salt Cure
|
|-weather|SunnyDay|[upkeep]
|-damage|p2a: Walking Wake|51/100|[from] Salt Cure
|upkeep
|turn|24
|
|t:|1779601070
|move|p2a: Walking Wake|Hydro Steam|p1a: Garganacl
|-damage|p1a: Garganacl|28/100
|move|p1a: Garganacl|Salt Cure|p2a: Walking Wake
|-damage|p2a: Walking Wake|29/100
|
|-weather|SunnyDay|[upkeep]
|-heal|p1a: Garganacl|34/100|[from] item: Leftovers
|-damage|p2a: Walking Wake|4/100|[from] Salt Cure
|upkeep
|turn|25
|
|t:|1779601078
|-end|p2a: Walking Wake|Protosynthesis|[silent]
|switch|p2a: Ceruledge|Ceruledge, F|62/100
|move|p1a: Garganacl|Protect||[still]
|-fail|p1a: Garganacl
|
|-weather|SunnyDay|[upkeep]
|-heal|p1a: Garganacl|40/100|[from] item: Leftovers
|upkeep
|turn|26
|
|t:|1779601096
|move|p1a: Garganacl|Protect|p1a: Garganacl
|-singleturn|p1a: Garganacl|Protect
|move|p2a: Ceruledge|Swords Dance|p2a: Ceruledge
|-boost|p2a: Ceruledge|atk|2
|
|-weather|SunnyDay|[upkeep]
|-heal|p1a: Garganacl|46/100|[from] item: Leftovers
|upkeep
|turn|27
|
|t:|1779601110
|move|p2a: Ceruledge|Bitter Blade|p1a: Garganacl
|-damage|p1a: Garganacl|0 fnt
|-heal|p2a: Ceruledge|94/100|[from] drain|[of] p1a: Garganacl
|faint|p1a: Garganacl
|
|-weather|none
|upkeep
|
|t:|1779601114
|switch|p1a: Dragapult|Dragapult, F|100/100
|turn|28
|
|t:|1779601119
|move|p2a: Ceruledge|Shadow Sneak|p1a: Dragapult
|-supereffective|p1a: Dragapult
|-damage|p1a: Dragapult|0 fnt
|faint|p1a: Dragapult
|
|upkeep
|
|t:|1779601121
|switch|p1a: Kingambit|Kingambit, F|100/100
|-activate|p1a: Kingambit|ability: Supreme Overlord
|-start|p1a: Kingambit|fallen4|[silent]
|turn|29
|
|t:|1779601134
|-terastallize|p2a: Ceruledge|Fighting
|move|p1a: Kingambit|Sucker Punch|p2a: Ceruledge
|-resisted|p2a: Ceruledge
|-damage|p2a: Ceruledge|48/100
|-ability|p2a: Ceruledge|Weak Armor|boost
|-unboost|p2a: Ceruledge|def|1
|-boost|p2a: Ceruledge|spe|2
|move|p2a: Ceruledge|Bitter Blade|p1a: Kingambit
|-supereffective|p1a: Kingambit
|-damage|p1a: Kingambit|0 fnt
|-heal|p2a: Ceruledge|100/100|[from] drain|[of] p1a: Kingambit
|faint|p1a: Kingambit
|-end|p1a: Kingambit|fallen4|[silent]
|
|upkeep
|
|t:|1779601138
|switch|p1a: Iron Moth|Iron Moth|100/100
|-enditem|p1a: Iron Moth|Booster Energy
|-activate|p1a: Iron Moth|ability: Quark Drive|[fromitem]
|-start|p1a: Iron Moth|quarkdrivespe
|turn|30
|
|t:|1779601154
|move|p2a: Ceruledge|Close Combat|p1a: Iron Moth
|-resisted|p1a: Iron Moth
|-damage|p1a: Iron Moth|4/100
|-unboost|p2a: Ceruledge|def|1
|-unboost|p2a: Ceruledge|spd|1
|move|p1a: Iron Moth|Dazzling Gleam|p2a: Ceruledge
|-supereffective|p2a: Ceruledge
|-damage|p2a: Ceruledge|12/100
|
|upkeep
|turn|31
|
|t:|1779601162
|move|p2a: Ceruledge|Shadow Sneak|p1a: Iron Moth
|-damage|p1a: Iron Moth|0 fnt
|faint|p1a: Iron Moth
|-end|p1a: Iron Moth|Quark Drive|[silent]
|
|win|cydyl
|raw|Avv2121's rating: 1287 &rarr; <strong>1264</strong><br />(-23 for losing)
|raw|cydyl's rating: 1309 &rarr; <strong>1328</strong><br />(+19 for winning)
|l|☆Avv2121
|player|p1|
