|j|☆Slopslop no Midren
|j|☆will-i-am2
|t:|1779566363
|gametype|singles
|player|p1|Slopslop no Midren|101|1659
|player|p2|will-i-am2|1|1630
|gen|9
|tier|[Gen 9] OU
|rated|
|rule|HP Percentage Mod: HP is shown in percentages
|rule|Endless Battle Clause: Forcing endless battles is banned
|rule|Species Clause: Limit one of each Pokémon
|rule|OHKO Clause: OHKO moves are banned
|rule|Evasion Items Clause: Evasion items are banned
|rule|Evasion Moves Clause: Evasion moves are banned
|rule|Evasion Abilities Clause: Evasion abilities are banned
|rule|Sleep Moves Clause: Sleep-inducing moves are banned
|clearpoke
|poke|p1|Magnezone|
|poke|p1|Dragonite, F|
|poke|p1|Great Tusk|
|poke|p1|Iron Valiant|
|poke|p1|Samurott-Hisui, F|
|poke|p1|Slowking-Galar, F|
|poke|p2|Hydreigon, M|
|poke|p2|Registeel|
|poke|p2|Mandibuzz, F|
|poke|p2|Pawmot, M|
|poke|p2|Mamoswine, M|
|poke|p2|Slowbro, F|
|teampreview
|inactive|Battle timer is ON: inactive players will automatically lose when time's up. (requested by Slopslop no Midren)
|inactive|Slopslop no Midren has 120 seconds left.
|inactive|will-i-am2 has 120 seconds left.
|
|t:|1779566416
|teamsize|p1|6
|teamsize|p2|6
|start
|switch|p1a: Samurott|Samurott-Hisui, F|100/100
|switch|p2a: Pawmot|Pawmot, M|100/100
|turn|1
|
|t:|1779566438
|move|p1a: Samurott|Flip Turn|p2a: Pawmot
|-damage|p2a: Pawmot|53/100
|
|t:|1779566442
|switch|p1a: Great Tusk|Great Tusk|100/100|[from] Flip Turn
|move|p2a: Pawmot|Ice Punch|p1a: Great Tusk
|-supereffective|p1a: Great Tusk
|-damage|p1a: Great Tusk|55/100
|-damage|p2a: Pawmot|37/100|[from] item: Rocky Helmet|[of] p1a: Great Tusk
|-damage|p2a: Pawmot|27/100|[from] item: Life Orb
|
|upkeep
|turn|2
|
|t:|1779566449
|switch|p2a: Slowbro|Slowbro, F|100/100
|move|p1a: Great Tusk|Rapid Spin|p2a: Slowbro
|-damage|p2a: Slowbro|88/100
|-boost|p1a: Great Tusk|spe|1
|
|-heal|p2a: Slowbro|94/100|[from] item: Leftovers
|upkeep
|turn|3
|
|t:|1779566456
|-end|p1a: Great Tusk|Protosynthesis|[silent]
|switch|p1a: Slowking|Slowking-Galar, F|100/100
|move|p2a: Slowbro|Scald|p1a: Slowking
|-damage|p1a: Slowking|79/100
|
|-heal|p2a: Slowbro|100/100|[from] item: Leftovers
|upkeep
|turn|4
|
|t:|1779566463
|switch|p2a: Registeel|Registeel|100/100
|move|p1a: Slowking|Future Sight|p2a: Registeel
|-start|p1a: Slowking|move: Future Sight
|
|upkeep
|turn|5
|
|t:|1779566467
|move|p2a: Registeel|Stealth Rock|p1a: Slowking
|-sidestart|p1: Slopslop no Midren|move: Stealth Rock
|-prepare|p1a: Slowking|Chilly Reception|[premajor]
|move|p1a: Slowking|Chilly Reception|p1a: Slowking
|-weather|Snowscape
|
|t:|1779566471
|switch|p1a: Great Tusk|Great Tusk|55/100|[from] Chilly Reception
|-damage|p1a: Great Tusk|52/100|[from] Stealth Rock
|
|-weather|Snowscape|[upkeep]
|upkeep
|turn|6
|
|t:|1779566477
|switch|p2a: Slowbro|Slowbro, F|100/100
|move|p1a: Great Tusk|Rapid Spin|p2a: Slowbro
|-damage|p2a: Slowbro|88/100
|-boost|p1a: Great Tusk|spe|1
|-sideend|p1: Slopslop no Midren|Stealth Rock|[from] move: Rapid Spin|[of] p1a: Great Tusk
|
|-weather|Snowscape|[upkeep]
|-end|p2a: Slowbro|move: Future Sight
|-resisted|p2a: Slowbro
|-damage|p2a: Slowbro|64/100
|-heal|p2a: Slowbro|70/100|[from] item: Leftovers
|upkeep
|turn|7
|
|t:|1779566484
|-end|p1a: Great Tusk|Protosynthesis|[silent]
|switch|p1a: Slowking|Slowking-Galar, F|100/100
|move|p2a: Slowbro|Scald|p1a: Slowking
|-damage|p1a: Slowking|77/100
|
|-weather|Snowscape|[upkeep]
|-heal|p2a: Slowbro|76/100|[from] item: Leftovers
|upkeep
|turn|8
|
|t:|1779566492
|move|p2a: Slowbro|Scald|p1a: Slowking
|-damage|p1a: Slowking|56/100
|-status|p1a: Slowking|brn
|move|p1a: Slowking|Sludge Bomb|p2a: Slowbro
|-damage|p2a: Slowbro|41/100
|
|-weather|Snowscape|[upkeep]
|-heal|p2a: Slowbro|47/100|[from] item: Leftovers
|-damage|p1a: Slowking|50/100 brn|[from] brn
|upkeep
|turn|9
|
|t:|1779566498
|move|p2a: Slowbro|Scald|p1a: Slowking
|-damage|p1a: Slowking|26/100 brn
|move|p1a: Slowking|Thunder Wave|p2a: Slowbro
|-status|p2a: Slowbro|par
|
|-weather|none
|-heal|p2a: Slowbro|54/100 par|[from] item: Leftovers
|-damage|p1a: Slowking|20/100 brn|[from] brn
|upkeep
|turn|10
|
|t:|1779566503
|switch|p1a: Magnezone|Magnezone|100/100
|move|p2a: Slowbro|Scald|p1a: Magnezone
|-damage|p1a: Magnezone|46/100
|
|-heal|p2a: Slowbro|60/100 par|[from] item: Leftovers
|upkeep
|turn|11
|
|t:|1779566510
|switch|p2a: Registeel|Registeel|100/100
|move|p1a: Magnezone|Flash Cannon|p2a: Registeel
|-resisted|p2a: Registeel
|-damage|p2a: Registeel|87/100
|
|-heal|p2a: Registeel|93/100|[from] item: Leftovers
|upkeep
|turn|12
|
|t:|1779566513
|move|p1a: Magnezone|Volt Switch|p2a: Registeel
|-damage|p2a: Registeel|69/100
|
|t:|1779566516
|switch|p1a: Great Tusk|Great Tusk|52/100|[from] Volt Switch
|move|p2a: Registeel|Stealth Rock|p1a: Great Tusk
|-sidestart|p1: Slopslop no Midren|move: Stealth Rock
|
|-heal|p2a: Registeel|75/100|[from] item: Leftovers
|upkeep
|turn|13
|
|t:|1779566521
|switch|p2a: Slowbro|Slowbro, F|93/100 par
|move|p1a: Great Tusk|Rapid Spin|p2a: Slowbro
|-damage|p2a: Slowbro|80/100 par
|-boost|p1a: Great Tusk|spe|1
|-sideend|p1: Slopslop no Midren|Stealth Rock|[from] move: Rapid Spin|[of] p1a: Great Tusk
|
|-heal|p2a: Slowbro|86/100 par|[from] item: Leftovers
|upkeep
|turn|14
|
|t:|1779566526
|-end|p1a: Great Tusk|Protosynthesis|[silent]
|switch|p1a: Slowking|Slowking-Galar, F|53/100 brn
|move|p2a: Slowbro|Scald|p1a: Slowking
|-damage|p1a: Slowking|32/100 brn
|
|-heal|p2a: Slowbro|92/100 par|[from] item: Leftovers
|-damage|p1a: Slowking|26/100 brn|[from] brn
|upkeep
|turn|15
|
|t:|1779566532
|move|p1a: Slowking|Sludge Bomb|p2a: Slowbro
|-damage|p2a: Slowbro|60/100 par
|cant|p2a: Slowbro|par
|
|-heal|p2a: Slowbro|66/100 par|[from] item: Leftovers
|-damage|p1a: Slowking|20/100 brn|[from] brn
|upkeep
|turn|16
|
|t:|1779566537
|-prepare|p1a: Slowking|Chilly Reception|[premajor]
|move|p1a: Slowking|Chilly Reception|p1a: Slowking
|-weather|Snowscape
|
|t:|1779566547
|switch|p1a: Samurott|Samurott-Hisui, F|100/100|[from] Chilly Reception
|cant|p2a: Slowbro|par
|
|-weather|Snowscape|[upkeep]
|-heal|p2a: Slowbro|72/100 par|[from] item: Leftovers
|upkeep
|turn|17
|
|t:|1779566552
|switch|p2a: Mandibuzz|Mandibuzz, F|100/100
|move|p1a: Samurott|Ceaseless Edge|p2a: Mandibuzz
|-resisted|p2a: Mandibuzz
|-crit|p2a: Mandibuzz
|-damage|p2a: Mandibuzz|80/100
|-damage|p1a: Samurott|84/100|[from] item: Rocky Helmet|[of] p2a: Mandibuzz
|-sidestart|p2: will-i-am2|Spikes
|
|-weather|Snowscape|[upkeep]
|upkeep
|turn|18
|
|t:|1779566557
|switch|p1a: Magnezone|Magnezone|46/100
|move|p2a: Mandibuzz|Defog|p1a: Magnezone
|-unboost|p1a: Magnezone|evasion|1
|-sideend|p2: will-i-am2|Spikes|[from] move: Defog|[of] p2a: Mandibuzz
|
|-weather|Snowscape|[upkeep]
|upkeep
|turn|19
|
|t:|1779566562
|switch|p2a: Registeel|Registeel|75/100
|move|p1a: Magnezone|Flash Cannon|p2a: Registeel
|-resisted|p2a: Registeel
|-damage|p2a: Registeel|63/100
|
|-weather|Snowscape|[upkeep]
|-heal|p2a: Registeel|69/100|[from] item: Leftovers
|upkeep
|turn|20
|
|t:|1779566564
|move|p1a: Magnezone|Volt Switch|p2a: Registeel
|-damage|p2a: Registeel|44/100
|
|t:|1779566567
|switch|p1a: Great Tusk|Great Tusk|52/100|[from] Volt Switch
|move|p2a: Registeel|Stealth Rock|p1a: Great Tusk
|-sidestart|p1: Slopslop no Midren|move: Stealth Rock
|
|-weather|none
|-heal|p2a: Registeel|50/100|[from] item: Leftovers
|upkeep
|turn|21
|
|t:|1779566573
|switch|p2a: Slowbro|Slowbro, F|100/100 par
|move|p1a: Great Tusk|Headlong Rush|p2a: Slowbro
|-damage|p2a: Slowbro|58/100 par
|-unboost|p1a: Great Tusk|def|1
|-unboost|p1a: Great Tusk|spd|1
|
|-heal|p2a: Slowbro|64/100 par|[from] item: Leftovers
|upkeep
|turn|22
|
|t:|1779566582
|-end|p1a: Great Tusk|Protosynthesis|[silent]
|switch|p1a: Samurott|Samurott-Hisui, F|84/100
|-damage|p1a: Samurott|72/100|[from] Stealth Rock
|cant|p2a: Slowbro|par
|
|-heal|p2a: Slowbro|70/100 par|[from] item: Leftovers
|upkeep
|turn|23
|
|t:|1779566587
|switch|p2a: Mandibuzz|Mandibuzz, F|80/100
|move|p1a: Samurott|Ceaseless Edge|p2a: Mandibuzz
|-resisted|p2a: Mandibuzz
|-damage|p2a: Mandibuzz|67/100
|-damage|p1a: Samurott|55/100|[from] item: Rocky Helmet|[of] p2a: Mandibuzz
|-sidestart|p2: will-i-am2|Spikes
|
|upkeep
|turn|24
|
|t:|1779566590
|switch|p1a: Great Tusk|Great Tusk|52/100
|-damage|p1a: Great Tusk|49/100|[from] Stealth Rock
|move|p2a: Mandibuzz|Foul Play|p1a: Great Tusk
|-resisted|p1a: Great Tusk
|-damage|p1a: Great Tusk|35/100
|-damage|p2a: Mandibuzz|50/100|[from] item: Rocky Helmet|[of] p1a: Great Tusk
|
|upkeep
|turn|25
|
|t:|1779566599
|move|p1a: Great Tusk|Stealth Rock|p2a: Mandibuzz
|-sidestart|p2: will-i-am2|move: Stealth Rock
|move|p2a: Mandibuzz|Roost|p2a: Mandibuzz
|-heal|p2a: Mandibuzz|100/100
|-singleturn|p2a: Mandibuzz|move: Roost
|
|upkeep
|turn|26
|
|t:|1779566605
|-end|p1a: Great Tusk|Protosynthesis|[silent]
|switch|p1a: Magnezone|Magnezone|46/100
|-damage|p1a: Magnezone|40/100|[from] Stealth Rock
|move|p2a: Mandibuzz|Defog|p1a: Magnezone
|-unboost|p1a: Magnezone|evasion|1
|-sideend|p1: Slopslop no Midren|Stealth Rock|[from] move: Defog|[of] p2a: Mandibuzz
|-sideend|p2: will-i-am2|Spikes|[from] move: Defog|[of] p2a: Mandibuzz
|-sideend|p2: will-i-am2|Stealth Rock|[from] move: Defog|[of] p2a: Mandibuzz
|
|upkeep
|turn|27
|
|t:|1779566612
|move|p1a: Magnezone|Flash Cannon|p2a: Mandibuzz
|-damage|p2a: Mandibuzz|63/100
|move|p2a: Mandibuzz|Foul Play|p1a: Magnezone
|-damage|p1a: Magnezone|21/100
|
|upkeep
|turn|28
|
|t:|1779566618
|switch|p2a: Registeel|Registeel|50/100
|move|p1a: Magnezone|Flash Cannon|p2a: Registeel
|-resisted|p2a: Registeel
|-damage|p2a: Registeel|38/100
|
|-heal|p2a: Registeel|44/100|[from] item: Leftovers
|upkeep
|turn|29
|
|t:|1779566625
|move|p1a: Magnezone|Volt Switch|p2a: Registeel
|-damage|p2a: Registeel|17/100
|
|t:|1779566628
|switch|p1a: Great Tusk|Great Tusk|35/100|[from] Volt Switch
|move|p2a: Registeel|Stealth Rock|p1a: Great Tusk
|-sidestart|p1: Slopslop no Midren|move: Stealth Rock
|
|-heal|p2a: Registeel|23/100|[from] item: Leftovers
|upkeep
|turn|30
|j| simplegent
|
|t:|1779566633
|switch|p2a: Slowbro|Slowbro, F|100/100 par
|move|p1a: Great Tusk|Rapid Spin|p2a: Slowbro
|-damage|p2a: Slowbro|88/100 par
|-boost|p1a: Great Tusk|spe|1
|-sideend|p1: Slopslop no Midren|Stealth Rock|[from] move: Rapid Spin|[of] p1a: Great Tusk
|
|-heal|p2a: Slowbro|94/100 par|[from] item: Leftovers
|upkeep
|turn|31
|
|t:|1779566643
|-end|p1a: Great Tusk|Protosynthesis|[silent]
|switch|p1a: Slowking|Slowking-Galar, F|53/100 brn
|move|p2a: Slowbro|Scald|p1a: Slowking
|-damage|p1a: Slowking|33/100 brn
|
|-heal|p2a: Slowbro|99/100 par|[from] item: Leftovers
|-damage|p1a: Slowking|27/100 brn|[from] brn
|upkeep
|turn|32
|
|t:|1779566654
|-terastallize|p1a: Slowking|Water
|move|p1a: Slowking|Sludge Bomb|p2a: Slowbro
|-damage|p2a: Slowbro|65/100 par
|cant|p2a: Slowbro|par
|
|-heal|p2a: Slowbro|71/100 par|[from] item: Leftovers
|-damage|p1a: Slowking|21/100 brn|[from] brn
|upkeep
|turn|33
|
|t:|1779566662
|move|p1a: Slowking|Sludge Bomb|p2a: Slowbro
|-damage|p2a: Slowbro|36/100 par
|move|p2a: Slowbro|Scald|p1a: Slowking
|-resisted|p1a: Slowking
|-damage|p1a: Slowking|9/100 brn
|
|-heal|p2a: Slowbro|42/100 par|[from] item: Leftovers
|-damage|p1a: Slowking|3/100 brn|[from] brn
|upkeep
|turn|34
|
|t:|1779566667
|-prepare|p1a: Slowking|Chilly Reception|[premajor]
|move|p1a: Slowking|Chilly Reception|p1a: Slowking
|-weather|Snowscape
|
|t:|1779566671
|switch|p1a: Magnezone|Magnezone|21/100|[from] Chilly Reception
|move|p2a: Slowbro|Scald|p1a: Magnezone
|-damage|p1a: Magnezone|0 fnt
|faint|p1a: Magnezone
|
|-weather|Snowscape|[upkeep]
|-heal|p2a: Slowbro|48/100 par|[from] item: Leftovers
|upkeep
|
|t:|1779566673
|switch|p1a: Samurott|Samurott-Hisui, F|55/100
|turn|35
|
|t:|1779566682
|switch|p2a: Mandibuzz|Mandibuzz, F|63/100
|move|p1a: Samurott|Knock Off|p2a: Mandibuzz
|-resisted|p2a: Mandibuzz
|-damage|p2a: Mandibuzz|50/100
|-damage|p1a: Samurott|39/100|[from] item: Rocky Helmet|[of] p2a: Mandibuzz
|-enditem|p2a: Mandibuzz|Rocky Helmet|[from] move: Knock Off|[of] p1a: Samurott
|
|-weather|Snowscape|[upkeep]
|upkeep
|turn|36
|
|t:|1779566688
|switch|p1a: Iron Valiant|Iron Valiant|100/100
|-enditem|p1a: Iron Valiant|Booster Energy
|-activate|p1a: Iron Valiant|ability: Quark Drive|[fromitem]
|-start|p1a: Iron Valiant|quarkdrivespe
|move|p2a: Mandibuzz|Roost|p2a: Mandibuzz
|-heal|p2a: Mandibuzz|99/100
|-singleturn|p2a: Mandibuzz|move: Roost
|
|-weather|Snowscape|[upkeep]
|upkeep
|turn|37
|
|t:|1779566696
|switch|p2a: Registeel|Registeel|23/100
|move|p1a: Iron Valiant|Moonblast|p2a: Registeel
|-resisted|p2a: Registeel
|-damage|p2a: Registeel|9/100
|
|-weather|Snowscape|[upkeep]
|-heal|p2a: Registeel|15/100|[from] item: Leftovers
|upkeep
|turn|38
|
|t:|1779566701
|move|p1a: Iron Valiant|Knock Off|p2a: Registeel
|-damage|p2a: Registeel|0 fnt
|-enditem|p2a: Registeel|Leftovers|[from] move: Knock Off|[of] p1a: Iron Valiant
|faint|p2a: Registeel
|
|-weather|none
|upkeep
|
|t:|1779566706
|switch|p2a: Slowbro|Slowbro, F|82/100 par
|turn|39
|
|t:|1779566713
|-end|p1a: Iron Valiant|Quark Drive|[silent]
|switch|p1a: Slowking|Slowking-Galar, F, tera:Water|37/100 brn
|move|p2a: Slowbro|Psychic|p1a: Slowking
|-damage|p1a: Slowking|12/100 brn
|
|-heal|p2a: Slowbro|88/100 par|[from] item: Leftovers
|-damage|p1a: Slowking|6/100 brn|[from] brn
|upkeep
|turn|40
|
|t:|1779566719
|switch|p1a: Samurott|Samurott-Hisui, F|39/100
|move|p2a: Slowbro|Scald|p1a: Samurott
|-resisted|p1a: Samurott
|-damage|p1a: Samurott|9/100
|-status|p1a: Samurott|brn
|
|-heal|p2a: Slowbro|94/100 par|[from] item: Leftovers
|-damage|p1a: Samurott|2/100 brn|[from] brn
|upkeep
|turn|41
|
|t:|1779566741
|move|p1a: Samurott|Knock Off|p2a: Slowbro
|-supereffective|p2a: Slowbro
|-crit|p2a: Slowbro
|-damage|p2a: Slowbro|38/100 par
|-enditem|p2a: Slowbro|Leftovers|[from] move: Knock Off|[of] p1a: Samurott
|cant|p2a: Slowbro|par
|
|-damage|p1a: Samurott|0 fnt|[from] brn
|faint|p1a: Samurott
|upkeep
|
|t:|1779566750
|switch|p1a: Iron Valiant|Iron Valiant|100/100
|turn|42
|
|t:|1779566759
|switch|p2a: Pawmot|Pawmot, M|27/100
|move|p1a: Iron Valiant|Moonblast|p2a: Pawmot
|-supereffective|p2a: Pawmot
|-damage|p2a: Pawmot|0 fnt
|faint|p2a: Pawmot
|
|upkeep
|
|t:|1779566769
|switch|p2a: Mamoswine|Mamoswine, M|100/100
|turn|43
|
|t:|1779566774
|-terastallize|p2a: Mamoswine|Ghost
|move|p1a: Iron Valiant|Close Combat|p2a: Mamoswine
|-immune|p2a: Mamoswine
|move|p2a: Mamoswine|Earthquake|p1a: Iron Valiant
|-damage|p1a: Iron Valiant|4/100
|
|upkeep
|turn|44
|
|t:|1779566788
|-end|p1a: Iron Valiant|Quark Drive|[silent]
|switch|p1a: Slowking|Slowking-Galar, F, tera:Water|39/100 brn
|switch|p2a: Mandibuzz|Mandibuzz, F|99/100
|
|-damage|p1a: Slowking|33/100 brn|[from] brn
|upkeep
|turn|45
|
|t:|1779566796
|switch|p2a: Mamoswine|Mamoswine, M, tera:Ghost|100/100
|-prepare|p1a: Slowking|Chilly Reception|[premajor]
|move|p1a: Slowking|Chilly Reception|p1a: Slowking
|-weather|Snowscape
|
|t:|1779566802
|switch|p1a: Dragonite|Dragonite, F|100/100|[from] Chilly Reception
|
|-weather|Snowscape|[upkeep]
|upkeep
|turn|46
|
|t:|1779566806
|move|p2a: Mamoswine|Icicle Crash|p1a: Dragonite|[miss]
|-miss|p2a: Mamoswine|p1a: Dragonite
|move|p1a: Dragonite|Earthquake|p2a: Mamoswine
|-damage|p2a: Mamoswine|56/100
|
|-weather|Snowscape|[upkeep]
|upkeep
|turn|47
|
|t:|1779566811
|move|p2a: Mamoswine|Icicle Crash|p1a: Dragonite
|-supereffective|p1a: Dragonite
|-damage|p1a: Dragonite|0 fnt
|faint|p1a: Dragonite
|
|-weather|Snowscape|[upkeep]
|upkeep
|
|t:|1779566814
|switch|p1a: Iron Valiant|Iron Valiant|4/100
|turn|48
|j| Electronno
|
|t:|1779566819
|switch|p2a: Mandibuzz|Mandibuzz, F|99/100
|move|p1a: Iron Valiant|Moonblast|p2a: Mandibuzz
|-supereffective|p2a: Mandibuzz
|-damage|p2a: Mandibuzz|27/100
|
|-weather|Snowscape|[upkeep]
|upkeep
|turn|49
|
|t:|1779566821
|move|p1a: Iron Valiant|Moonblast|p2a: Mandibuzz
|-supereffective|p2a: Mandibuzz
|-damage|p2a: Mandibuzz|0 fnt
|faint|p2a: Mandibuzz
|
|-weather|none
|upkeep
|
|t:|1779566824
|switch|p2a: Mamoswine|Mamoswine, M, tera:Ghost|56/100
|turn|50
|
|t:|1779566827
|move|p2a: Mamoswine|Ice Shard|p1a: Iron Valiant
|-damage|p1a: Iron Valiant|0 fnt
|faint|p1a: Iron Valiant
|-end|p1a: Iron Valiant|Quark Drive|[silent]
|
|upkeep
|
|t:|1779566833
|switch|p1a: Slowking|Slowking-Galar, F, tera:Water|66/100 brn
|turn|51
|
|t:|1779566836
|switch|p2a: Hydreigon|Hydreigon, M|100/100
|move|p1a: Slowking|Future Sight|p2a: Hydreigon
|-start|p1a: Slowking|move: Future Sight
|
|-damage|p1a: Slowking|60/100 brn|[from] brn
|upkeep
|turn|52
|
|t:|1779566843
|move|p2a: Hydreigon|Nasty Plot|p2a: Hydreigon
|-boost|p2a: Hydreigon|spa|2
|move|p1a: Slowking|Thunder Wave|p2a: Hydreigon
|-status|p2a: Hydreigon|par
|
|-damage|p1a: Slowking|54/100 brn|[from] brn
|upkeep
|turn|53
|
|t:|1779566849
|move|p2a: Hydreigon|Draco Meteor|p1a: Slowking
|-damage|p1a: Slowking|0 fnt
|-unboost|p2a: Hydreigon|spa|2
|faint|p1a: Slowking
|
|-end|p2a: Hydreigon|move: Future Sight
|-immune|p2a: Hydreigon
|upkeep
|
|t:|1779566852
|switch|p1a: Great Tusk|Great Tusk|35/100
|turn|54
|
|t:|1779566855
|move|p1a: Great Tusk|Rapid Spin|p2a: Hydreigon
|-damage|p2a: Hydreigon|84/100 par
|-boost|p1a: Great Tusk|spe|1
|cant|p2a: Hydreigon|par
|
|upkeep
|turn|55
|l| Electronno
|
|t:|1779566860
|move|p1a: Great Tusk|Ice Spinner|p2a: Hydreigon
|-supereffective|p2a: Hydreigon
|-damage|p2a: Hydreigon|33/100 par
|cant|p2a: Hydreigon|par
|
|upkeep
|turn|56
|
|t:|1779566864
|move|p1a: Great Tusk|Ice Spinner|p2a: Hydreigon
|-supereffective|p2a: Hydreigon
|-damage|p2a: Hydreigon|0 fnt
|faint|p2a: Hydreigon
|
|upkeep
|
|t:|1779566866
|switch|p2a: Mamoswine|Mamoswine, M, tera:Ghost|56/100
|turn|57
|
|t:|1779566868
|move|p2a: Mamoswine|Ice Shard|p1a: Great Tusk
|-supereffective|p1a: Great Tusk
|-damage|p1a: Great Tusk|0 fnt
|faint|p1a: Great Tusk
|-end|p1a: Great Tusk|Protosynthesis|[silent]
|
|win|will-i-am2
|raw|Slopslop no Midren's rating: 1659 &rarr; <strong>1637</strong><br />(-22 for losing)
|raw|will-i-am2's rating: 1630 &rarr; <strong>1652</strong><br />(+22 for winning)
|c|☆will-i-am2|gg
|c|☆Slopslop no Midren|gg
|l|☆will-i-am2
|player|p2|
|l|☆Slopslop no Midren
|player|p1|
|l| simplegent
