|j|☆bacolaco
|j|☆put to sleepp
|t:|1779658501
|gametype|singles
|player|p1|bacolaco|linebacker|1134
|player|p2|put to sleepp|cynthia-masters4|1142
|gen|9
|tier|[Gen 9] OU
|rated|
|rule|HP Percentage Mod: HP is shown in percentages
|rule|Endless Battle Clause: Forcing endless battles is banned
|rule|Species Clause: Limit one of each Pokémon
|rule|OHKO Clause: OHKO moves are banned
|rule|Evasion Items Clause: Evasion items are banned
|rule|Evasion Moves Clause: Evasion moves are banned
|rule|Evasion Abilities Clause: Evasion abilities are banned
|rule|Sleep Moves Clause: Sleep-inducing moves are banned
|clearpoke
|poke|p1|Flamigo, F|
|poke|p1|Toxapex, M|
|poke|p1|Kingambit, M|
|poke|p1|Grafaiai, M|
|poke|p1|Spidops, F|
|poke|p1|Avalugg, F|
|poke|p2|Indeedee, M|
|poke|p2|Hatterene, F|
|poke|p2|Ursaluna, F|
|poke|p2|Iron Hands|
|poke|p2|Hoopa-Unbound|
|poke|p2|Mimikyu, M|
|teampreview
|
|t:|1779658514
|teamsize|p1|6
|teamsize|p2|6
|start
|switch|p1a: african|Grafaiai, M|100/100
|switch|p2a: Subaru|Indeedee, M, shiny|100/100
|-fieldstart|move: Psychic Terrain|[from] ability: Psychic Surge|[of] p2a: Subaru
|turn|1
|
|t:|1779658521
|move|p1a: african|Knock Off|p2a: Subaru
|-supereffective|p2a: Subaru
|-damage|p2a: Subaru|53/100
|-enditem|p2a: Subaru|Terrain Extender|[from] move: Knock Off|[of] p1a: african
|move|p2a: Subaru|Trick Room|p2a: Subaru
|-fieldstart|move: Trick Room|[of] p2a: Subaru
|
|upkeep
|turn|2
|
|t:|1779658527
|move|p1a: african|Encore|p2a: Subaru
|-activate|p2a: Subaru|move: Psychic Terrain
|move|p2a: Subaru|Expanding Force|p1a: african
|-supereffective|p1a: african
|-enditem|p1a: african|Focus Sash
|-damage|p1a: african|1/100
|
|upkeep
|turn|3
|
|t:|1779658538
|switch|p2a: King 👑|Hoopa-Unbound|100/100
|-enditem|p2a: King 👑|Psychic Seed
|-boost|p2a: King 👑|spd|1|[from] item: Psychic Seed
|move|p1a: african|Knock Off|p2a: King 👑
|-damage|p2a: King 👑|84/100
|
|upkeep
|turn|4
|
|t:|1779658551
|move|p1a: african|Parting Shot|p2a: King 👑
|-activate|p2a: King 👑|move: Psychic Terrain
|move|p2a: King 👑|Expanding Force|p1a: african
|-supereffective|p1a: african
|-damage|p1a: african|0 fnt
|faint|p1a: african
|
|upkeep
|
|t:|1779658568
|switch|p1a: peter|Spidops, F|100/100
|turn|5
|
|t:|1779658579
|-terastallize|p2a: King 👑|Psychic
|move|p2a: King 👑|Expanding Force|p1a: peter
|-enditem|p1a: peter|Focus Sash
|-damage|p1a: peter|1/100
|move|p1a: peter|Circle Throw|p2a: King 👑
|-resisted|p2a: King 👑
|-damage|p2a: King 👑|77/100
|drag|p2a: Mimikyu|Mimikyu, M, shiny|100/100
|
|-fieldend|move: Trick Room
|upkeep
|turn|6
|
|t:|1779658591
|move|p1a: peter|Sticky Web|p2a: Mimikyu
|-sidestart|p2: put to sleepp|move: Sticky Web
|move|p2a: Mimikyu|Trick Room|p2a: Mimikyu
|-fieldstart|move: Trick Room|[of] p2a: Mimikyu
|
|upkeep
|turn|7
|
|t:|1779658600
|switch|p2a: 5 nights in TR|Ursaluna, F, shiny|100/100
|-activate|p2a: 5 nights in TR|move: Sticky Web
|-unboost|p2a: 5 nights in TR|spe|1
|move|p1a: peter|Toxic Spikes|p2a: 5 nights in TR
|-sidestart|p2: put to sleepp|move: Toxic Spikes
|
|-status|p2a: 5 nights in TR|brn|[from] item: Flame Orb
|upkeep
|turn|8
|
|t:|1779658608
|move|p2a: 5 nights in TR|Facade|p1a: peter
|-damage|p1a: peter|0 fnt
|faint|p1a: peter
|
|-damage|p2a: 5 nights in TR|94/100 brn|[from] brn
|-fieldend|move: Psychic Terrain
|upkeep
|
|t:|1779658621
|switch|p1a: demon.|Flamigo, F|100/100
|turn|9
|
|t:|1779658631
|move|p2a: 5 nights in TR|Supercell Slam|p1a: demon.
|-supereffective|p1a: demon.
|-damage|p1a: demon.|0 fnt
|faint|p1a: demon.
|
|-damage|p2a: 5 nights in TR|88/100 brn|[from] brn
|upkeep
|
|t:|1779658637
|switch|p1a: iron dome|Toxapex, M|100/100
|turn|10
|
|t:|1779658641
|move|p2a: 5 nights in TR|Headlong Rush|p1a: iron dome
|-supereffective|p1a: iron dome
|-damage|p1a: iron dome|0 fnt
|-unboost|p2a: 5 nights in TR|def|1
|-unboost|p2a: 5 nights in TR|spd|1
|faint|p1a: iron dome
|
|-damage|p2a: 5 nights in TR|82/100 brn|[from] brn
|-fieldend|move: Trick Room
|upkeep
|
|t:|1779658648
|switch|p1a: the wall in israel|Avalugg, F|100/100
|turn|11
|
|t:|1779658654
|move|p1a: the wall in israel|Body Press|p2a: 5 nights in TR
|-supereffective|p2a: 5 nights in TR
|-damage|p2a: 5 nights in TR|0 fnt
|faint|p2a: 5 nights in TR
|
|upkeep
|
|t:|1779658659
|switch|p2a: Mimikyu|Mimikyu, M, shiny|100/100
|-activate|p2a: Mimikyu|move: Sticky Web
|-unboost|p2a: Mimikyu|spe|1
|-status|p2a: Mimikyu|psn
|turn|12
|
|t:|1779658666
|move|p1a: the wall in israel|Avalanche|p2a: Mimikyu
|-activate|p2a: Mimikyu|ability: Disguise
|-damage|p2a: Mimikyu|100/100 psn
|detailschange|p2a: Mimikyu|Mimikyu-Busted, M, shiny
|-damage|p2a: Mimikyu|88/100 psn|[from] pokemon: Mimikyu-Busted
|-enditem|p2a: Mimikyu|Red Card|[of] p1a: the wall in israel
|drag|p1a: jewish overlord|Kingambit, M|100/100
|-activate|p1a: jewish overlord|ability: Supreme Overlord
|-start|p1a: jewish overlord|fallen4|[silent]
|move|p2a: Mimikyu|Trick Room|p2a: Mimikyu
|-fieldstart|move: Trick Room|[of] p2a: Mimikyu
|
|-damage|p2a: Mimikyu|76/100 psn|[from] psn
|upkeep
|turn|13
|inactive|Battle timer is ON: inactive players will automatically lose when time's up. (requested by put to sleepp)
|
|t:|1779658677
|move|p1a: jewish overlord|Sucker Punch||[still]
|-fail|p1a: jewish overlord
|move|p2a: Mimikyu|Destiny Bond|p2a: Mimikyu
|-singlemove|p2a: Mimikyu|Destiny Bond
|
|-damage|p2a: Mimikyu|63/100 psn|[from] psn
|upkeep
|turn|14
|
|t:|1779658681
|move|p1a: jewish overlord|Sucker Punch||[still]
|-fail|p1a: jewish overlord
|move|p2a: Mimikyu|Curse|p1a: jewish overlord
|-start|p1a: jewish overlord|Curse|[of] p2a: Mimikyu
|-damage|p2a: Mimikyu|13/100 psn
|
|-damage|p2a: Mimikyu|1/100 psn|[from] psn
|-damage|p1a: jewish overlord|75/100|[from] Curse
|upkeep
|turn|15
|
|t:|1779658691
|-end|p1a: jewish overlord|fallen4|[silent]
|switch|p1a: the wall in israel|Avalugg, F|100/100
|move|p2a: Mimikyu|Destiny Bond|p2a: Mimikyu
|-singlemove|p2a: Mimikyu|Destiny Bond
|
|-damage|p2a: Mimikyu|0 fnt|[from] psn
|faint|p2a: Mimikyu
|upkeep
|
|t:|1779658697
|switch|p2a: King 👑|Hoopa-Unbound, tera:Psychic|77/100
|-activate|p2a: King 👑|move: Sticky Web
|-unboost|p2a: King 👑|spe|1
|-status|p2a: King 👑|psn
|turn|16
|
|t:|1779658706
|move|p2a: King 👑|Expanding Force|p1a: the wall in israel
|-ability|p1a: the wall in israel|Sturdy
|-damage|p1a: the wall in israel|1/100
|-item|p2a: King 👑|Leftovers|[from] ability: Magician|[of] p1a: the wall in israel
|move|p1a: the wall in israel|Avalanche|p2a: King 👑
|-damage|p2a: King 👑|25/100 psn
|
|-heal|p2a: King 👑|31/100 psn|[from] item: Leftovers
|-damage|p2a: King 👑|18/100 psn|[from] psn
|-fieldend|move: Trick Room
|upkeep
|turn|17
|
|t:|1779658717
|switch|p2a: Satella|Hatterene, F|100/100
|-activate|p2a: Satella|move: Sticky Web
|-unboost|p2a: Satella|spe|1
|-status|p2a: Satella|psn
|move|p1a: the wall in israel|Recover|p1a: the wall in israel
|-heal|p1a: the wall in israel|51/100
|
|-damage|p2a: Satella|88/100 psn|[from] psn
|upkeep
|turn|18
|
|t:|1779658732
|move|p1a: the wall in israel|Recover|p1a: the wall in israel
|-heal|p1a: the wall in israel|100/100
|move|p2a: Satella|Trick Room|p2a: Satella
|-fieldstart|move: Trick Room|[of] p2a: Satella
|
|-damage|p2a: Satella|76/100 psn|[from] psn
|upkeep
|turn|19
|
|t:|1779658742
|move|p2a: Satella|Mystical Fire|p1a: the wall in israel
|-supereffective|p1a: the wall in israel
|-ability|p1a: the wall in israel|Sturdy
|-damage|p1a: the wall in israel|1/100
|-unboost|p1a: the wall in israel|spa|1
|-damage|p2a: Satella|66/100 psn|[from] item: Life Orb
|move|p1a: the wall in israel|Avalanche|p2a: Satella
|-damage|p2a: Satella|16/100 psn
|
|-damage|p2a: Satella|4/100 psn|[from] psn
|upkeep
|turn|20
|
|t:|1779658753
|move|p2a: Satella|Draining Kiss|p1a: the wall in israel
|-damage|p1a: the wall in israel|0 fnt
|-heal|p2a: Satella|4/100 psn|[from] drain|[of] p1a: the wall in israel
|faint|p1a: the wall in israel
|-damage|p2a: Satella|0 fnt|[from] item: Life Orb
|faint|p2a: Satella
|
|upkeep
|
|t:|1779658760
|switch|p2a: Subaru|Indeedee, M, shiny|53/100
|switch|p1a: jewish overlord|Kingambit, M|75/100
|-activate|p1a: jewish overlord|ability: Supreme Overlord
|-start|p1a: jewish overlord|fallen5|[silent]
|-activate|p2a: Subaru|move: Sticky Web
|-unboost|p2a: Subaru|spe|1
|-status|p2a: Subaru|psn
|-fieldstart|move: Psychic Terrain|[from] ability: Psychic Surge|[of] p2a: Subaru
|turn|21
|
|t:|1779658771
|move|p1a: jewish overlord|Kowtow Cleave|p2a: Subaru
|-supereffective|p2a: Subaru
|-damage|p2a: Subaru|0 fnt
|faint|p2a: Subaru
|
|upkeep
|
|t:|1779658774
|switch|p2a: King 👑|Hoopa-Unbound, tera:Psychic|18/100 psn
|-activate|p2a: King 👑|move: Sticky Web
|-unboost|p2a: King 👑|spe|1
|turn|22
|
|t:|1779658778
|move|p1a: jewish overlord|Sucker Punch|p2a: King 👑
|-activate|p2a: King 👑|move: Psychic Terrain
|move|p2a: King 👑|Focus Blast|p1a: jewish overlord|[miss]
|-miss|p2a: King 👑|p1a: jewish overlord
|
|-heal|p2a: King 👑|24/100 psn|[from] item: Leftovers
|-damage|p2a: King 👑|12/100 psn|[from] psn
|-fieldend|move: Trick Room
|upkeep
|turn|23
|
|t:|1779658782
|move|p1a: jewish overlord|Iron Head|p2a: King 👑
|-damage|p2a: King 👑|0 fnt
|faint|p2a: King 👑
|
|upkeep
|
|t:|1779658784
|switch|p2a: LEBRON|Iron Hands, shiny|100/100
|-activate|p2a: LEBRON|move: Sticky Web
|-unboost|p2a: LEBRON|spe|1
|-status|p2a: LEBRON|psn
|-enditem|p2a: LEBRON|Booster Energy
|-activate|p2a: LEBRON|ability: Quark Drive|[fromitem]
|-start|p2a: LEBRON|quarkdriveatk
|turn|24
|
|t:|1779658799
|move|p1a: jewish overlord|Kowtow Cleave|p2a: LEBRON
|-resisted|p2a: LEBRON
|-damage|p2a: LEBRON|67/100 psn
|move|p2a: LEBRON|Close Combat|p1a: jewish overlord
|-supereffective|p1a: jewish overlord
|-damage|p1a: jewish overlord|0 fnt
|-unboost|p2a: LEBRON|def|1
|-unboost|p2a: LEBRON|spd|1
|faint|p1a: jewish overlord
|-end|p1a: jewish overlord|fallen5|[silent]
|
|win|put to sleepp
|raw|bacolaco's rating: 1134 &rarr; <strong>1110</strong><br />(-24 for losing)
|raw|put to sleepp's rating: 1142 &rarr; <strong>1166</strong><br />(+24 for winning)
|l|☆bacolaco
|player|p1|
|l|☆put to sleepp
|player|p2|
