|j|☆Physical Yanmega
|j|☆Veiny1
|t:|1779620372
|gametype|singles
|player|p1|Physical Yanmega|bugcatcher-gen4dp|1272
|player|p2|Veiny1|169|1364
|gen|9
|tier|[Gen 9] OU
|rated|
|rule|HP Percentage Mod: HP is shown in percentages
|rule|Endless Battle Clause: Forcing endless battles is banned
|rule|Species Clause: Limit one of each Pokémon
|rule|OHKO Clause: OHKO moves are banned
|rule|Evasion Items Clause: Evasion items are banned
|rule|Evasion Moves Clause: Evasion moves are banned
|rule|Evasion Abilities Clause: Evasion abilities are banned
|rule|Sleep Moves Clause: Sleep-inducing moves are banned
|clearpoke
|poke|p1|Glalie, M|
|poke|p1|Alomomola, F|
|poke|p1|Slowking-Galar, F|
|poke|p1|Enamorus, F|
|poke|p1|Cinderace, M|
|poke|p1|Kommo-o, F|
|poke|p2|Salazzle, F|
|poke|p2|Clefable, M|
|poke|p2|Dragapult, M|
|poke|p2|Zapdos|
|poke|p2|Great Tusk|
|poke|p2|Whimsicott, F|
|teampreview
|
|t:|1779620381
|teamsize|p1|6
|teamsize|p2|6
|start
|switch|p1a: Slowking|Slowking-Galar, F|100/100
|switch|p2a: Salazzle|Salazzle, F|100/100
|turn|1
|
|t:|1779620386
|move|p2a: Salazzle|Toxic|p1a: Slowking
|-status|p1a: Slowking|tox
|move|p1a: Slowking|Psychic Noise|p2a: Salazzle
|-supereffective|p2a: Salazzle
|-enditem|p2a: Salazzle|Focus Sash
|-damage|p2a: Salazzle|1/100
|-start|p2a: Salazzle|move: Heal Block
|
|-damage|p1a: Slowking|94/100 tox|[from] psn
|upkeep
|turn|2
|inactive|Battle timer is ON: inactive players will automatically lose when time's up. (requested by Veiny1)
|
|t:|1779620393
|move|p2a: Salazzle|Endeavor|p1a: Slowking
|-damage|p1a: Slowking|1/100 tox
|move|p1a: Slowking|Psychic Noise|p2a: Salazzle
|-supereffective|p2a: Salazzle
|-damage|p2a: Salazzle|0 fnt
|faint|p2a: Salazzle
|
|-damage|p1a: Slowking|0 fnt|[from] psn
|faint|p1a: Slowking
|upkeep
|
|t:|1779620409
|switch|p2a: Whimsicott|Whimsicott, F, shiny|100/100
|switch|p1a: Cinderace|Cinderace, M|100/100
|turn|3
|
|t:|1779620417
|move|p1a: Cinderace|U-turn|p2a: Whimsicott
|-start|p1a: Cinderace|typechange|Bug|[from] ability: Libero
|-damage|p2a: Whimsicott|48/100
|
|t:|1779620420
|switch|p1a: Glalie|Glalie, M, shiny|100/100|[from] U-turn
|move|p2a: Whimsicott|Moonblast|p1a: Glalie
|-damage|p1a: Glalie|62/100
|-unboost|p1a: Glalie|spa|1
|
|upkeep
|turn|4
|
|t:|1779620426
|move|p2a: Whimsicott|Giga Drain|p1a: Glalie
|-damage|p1a: Glalie|30/100
|-heal|p2a: Whimsicott|76/100|[from] drain|[of] p1a: Glalie
|move|p1a: Glalie|Spikes|p2a: Whimsicott
|-sidestart|p2: Veiny1|Spikes
|
|upkeep
|turn|5
|
|t:|1779620438
|switch|p1a: Cinderace|Cinderace, M|100/100
|move|p2a: Whimsicott|Encore||[still]
|-fail|p2a: Whimsicott
|
|upkeep
|turn|6
|
|t:|1779620449
|move|p1a: Cinderace|Pyro Ball|p2a: Whimsicott
|-supereffective|p2a: Whimsicott
|-damage|p2a: Whimsicott|0 fnt
|faint|p2a: Whimsicott
|
|upkeep
|
|t:|1779620459
|switch|p2a: Zapdos|Zapdos|100/100
|turn|7
|
|t:|1779620477
|-terastallize|p1a: Cinderace|Fire
|move|p1a: Cinderace|Pyro Ball|p2a: Zapdos
|-damage|p2a: Zapdos|23/100
|move|p2a: Zapdos|Volt Switch|p1a: Cinderace
|-damage|p1a: Cinderace|46/100
|
|t:|1779620488
|switch|p2a: Dragapult|Dragapult, M|100/100|[from] Volt Switch
|-damage|p2a: Dragapult|88/100|[from] Spikes
|
|upkeep
|turn|8
|
|t:|1779620497
|switch|p1a: Glalie|Glalie, M, shiny|30/100
|move|p2a: Dragapult|Dragon Darts|p1a: Glalie
|-damage|p1a: Glalie|1/100
|-anim|p2a: Dragapult|Dragon Darts|p1a: Glalie
|-damage|p1a: Glalie|0 fnt
|faint|p1a: Glalie
|
|upkeep
|
|t:|1779620508
|switch|p1a: Enamorus|Enamorus, F|100/100
|turn|9
|
|t:|1779620513
|switch|p2a: Zapdos|Zapdos|23/100
|move|p1a: Enamorus|Moonblast|p2a: Zapdos
|-damage|p2a: Zapdos|0 fnt
|faint|p2a: Zapdos
|
|upkeep
|
|t:|1779620518
|switch|p2a: Great Tusk|Great Tusk|100/100
|-damage|p2a: Great Tusk|88/100|[from] Spikes
|turn|10
|
|t:|1779620527
|-terastallize|p2a: Great Tusk|Poison
|move|p1a: Enamorus|Moonblast|p2a: Great Tusk
|-resisted|p2a: Great Tusk
|-damage|p2a: Great Tusk|54/100
|-unboost|p2a: Great Tusk|spa|1
|move|p2a: Great Tusk|Rapid Spin|p1a: Enamorus
|-damage|p1a: Enamorus|77/100
|-boost|p2a: Great Tusk|spe|1
|-sideend|p2: Veiny1|Spikes|[from] move: Rapid Spin|[of] p2a: Great Tusk
|
|-heal|p2a: Great Tusk|60/100|[from] item: Leftovers
|upkeep
|turn|11
|
|t:|1779620539
|switch|p1a: Alomomola|Alomomola, F|100/100
|move|p2a: Great Tusk|Rapid Spin|p1a: Alomomola
|-damage|p1a: Alomomola|90/100
|-boost|p2a: Great Tusk|spe|1
|
|-heal|p2a: Great Tusk|67/100|[from] item: Leftovers
|upkeep
|turn|12
|
|t:|1779620543
|move|p2a: Great Tusk|Bulk Up|p2a: Great Tusk
|-boost|p2a: Great Tusk|atk|1
|-boost|p2a: Great Tusk|def|1
|move|p1a: Alomomola|Scald|p2a: Great Tusk
|-damage|p2a: Great Tusk|45/100
|
|-heal|p2a: Great Tusk|51/100|[from] item: Leftovers
|upkeep
|turn|13
|
|t:|1779620546
|move|p2a: Great Tusk|Bulk Up|p2a: Great Tusk
|-boost|p2a: Great Tusk|atk|1
|-boost|p2a: Great Tusk|def|1
|move|p1a: Alomomola|Scald|p2a: Great Tusk
|-damage|p2a: Great Tusk|30/100
|
|-heal|p2a: Great Tusk|36/100|[from] item: Leftovers
|upkeep
|turn|14
|
|t:|1779620550
|move|p2a: Great Tusk|Earthquake|p1a: Alomomola
|-damage|p1a: Alomomola|36/100
|move|p1a: Alomomola|Scald|p2a: Great Tusk
|-damage|p2a: Great Tusk|17/100
|-status|p2a: Great Tusk|brn
|
|-heal|p2a: Great Tusk|23/100 brn|[from] item: Leftovers
|-damage|p2a: Great Tusk|17/100 brn|[from] brn
|upkeep
|turn|15
|
|t:|1779620554
|move|p2a: Great Tusk|Body Press|p1a: Alomomola
|-damage|p1a: Alomomola|6/100
|move|p1a: Alomomola|Wish|p1a: Alomomola
|
|-heal|p2a: Great Tusk|23/100 brn|[from] item: Leftovers
|-damage|p2a: Great Tusk|17/100 brn|[from] brn
|upkeep
|turn|16
|
|t:|1779620562
|move|p1a: Alomomola|Protect|p1a: Alomomola
|-singleturn|p1a: Alomomola|Protect
|move|p2a: Great Tusk|Body Press|p1a: Alomomola
|-activate|p1a: Alomomola|move: Protect
|
|-heal|p1a: Alomomola|56/100|[from] move: Wish|[wisher] Alomomola
|-heal|p2a: Great Tusk|23/100 brn|[from] item: Leftovers
|-damage|p2a: Great Tusk|17/100 brn|[from] brn
|upkeep
|turn|17
|
|t:|1779620565
|move|p2a: Great Tusk|Body Press|p1a: Alomomola
|-damage|p1a: Alomomola|26/100
|move|p1a: Alomomola|Wish|p1a: Alomomola
|
|-heal|p2a: Great Tusk|23/100 brn|[from] item: Leftovers
|-damage|p2a: Great Tusk|17/100 brn|[from] brn
|upkeep
|turn|18
|
|t:|1779620569
|move|p1a: Alomomola|Protect|p1a: Alomomola
|-singleturn|p1a: Alomomola|Protect
|move|p2a: Great Tusk|Bulk Up|p2a: Great Tusk
|-boost|p2a: Great Tusk|atk|1
|-boost|p2a: Great Tusk|def|1
|
|-heal|p1a: Alomomola|76/100|[from] move: Wish|[wisher] Alomomola
|-heal|p2a: Great Tusk|23/100 brn|[from] item: Leftovers
|-damage|p2a: Great Tusk|17/100 brn|[from] brn
|upkeep
|turn|19
|
|t:|1779620572
|move|p2a: Great Tusk|Body Press|p1a: Alomomola
|-damage|p1a: Alomomola|42/100
|move|p1a: Alomomola|Wish|p1a: Alomomola
|
|-heal|p2a: Great Tusk|23/100 brn|[from] item: Leftovers
|-damage|p2a: Great Tusk|17/100 brn|[from] brn
|upkeep
|turn|20
|
|t:|1779620576
|move|p2a: Great Tusk|Bulk Up|p2a: Great Tusk
|-boost|p2a: Great Tusk|atk|1
|-boost|p2a: Great Tusk|def|1
|move|p1a: Alomomola|Scald|p2a: Great Tusk
|-damage|p2a: Great Tusk|0 fnt
|faint|p2a: Great Tusk
|-end|p2a: Great Tusk|Protosynthesis|[silent]
|
|-heal|p1a: Alomomola|92/100|[from] move: Wish|[wisher] Alomomola
|upkeep
|
|t:|1779620579
|switch|p2a: Clefable|Clefable, M|100/100
|turn|21
|
|t:|1779620582
|move|p2a: Clefable|Calm Mind|p2a: Clefable
|-boost|p2a: Clefable|spa|1
|-boost|p2a: Clefable|spd|1
|move|p1a: Alomomola|Flip Turn|p2a: Clefable
|-damage|p2a: Clefable|84/100
|-damage|p1a: Alomomola|75/100|[from] item: Rocky Helmet|[of] p2a: Clefable
|
|t:|1779620590
|switch|p1a: Cinderace|Cinderace, M, tera:Fire|46/100|[from] Flip Turn
|
|upkeep
|turn|22
|
|t:|1779620595
|move|p1a: Cinderace|Pyro Ball|p2a: Clefable
|-damage|p2a: Clefable|0 fnt
|faint|p2a: Clefable
|
|upkeep
|
|t:|1779620597
|switch|p2a: Dragapult|Dragapult, M|88/100
|turn|23
|
|t:|1779620605
|switch|p1a: Alomomola|Alomomola, F|100/100
|move|p2a: Dragapult|Flamethrower|p1a: Alomomola
|-resisted|p1a: Alomomola
|-damage|p1a: Alomomola|92/100
|
|upkeep
|turn|24
|
|t:|1779620612
|move|p2a: Dragapult|Dragon Darts|p1a: Alomomola
|-damage|p1a: Alomomola|75/100
|-anim|p2a: Dragapult|Dragon Darts|p1a: Alomomola
|-damage|p1a: Alomomola|59/100
|move|p1a: Alomomola|Scald|p2a: Dragapult
|-resisted|p2a: Dragapult
|-damage|p2a: Dragapult|78/100
|-status|p2a: Dragapult|brn
|
|-damage|p2a: Dragapult|72/100 brn|[from] brn
|upkeep
|turn|25
|-message|Veiny1 forfeited.
|
|win|Physical Yanmega
|raw|Physical Yanmega's rating: 1272 &rarr; <strong>1303</strong><br />(+31 for winning)
|raw|Veiny1's rating: 1364 &rarr; <strong>1339</strong><br />(-25 for losing)
|l|☆Veiny1
|player|p2|
|l|☆Physical Yanmega
|player|p1|
