|j|☆White Boy SZN
|j|☆psylxr
|t:|1779583514
|gametype|singles
|player|p1|White Boy SZN|blue-gen7|1547
|player|p2|psylxr|169|1586
|gen|9
|tier|[Gen 9] OU
|rated|
|rule|HP Percentage Mod: HP is shown in percentages
|rule|Endless Battle Clause: Forcing endless battles is banned
|rule|Species Clause: Limit one of each Pokémon
|rule|OHKO Clause: OHKO moves are banned
|rule|Evasion Items Clause: Evasion items are banned
|rule|Evasion Moves Clause: Evasion moves are banned
|rule|Evasion Abilities Clause: Evasion abilities are banned
|rule|Sleep Moves Clause: Sleep-inducing moves are banned
|clearpoke
|poke|p1|Iron Valiant|
|poke|p1|Landorus-Therian, M|
|poke|p1|Hatterene, F|
|poke|p1|Gholdengo|
|poke|p1|Kingambit, M|
|poke|p1|Primarina, M|
|poke|p2|Pelipper, M|
|poke|p2|Raging Bolt|
|poke|p2|Overqwil, M|
|poke|p2|Barraskewda, M|
|poke|p2|Iron Treads|
|poke|p2|Kingambit, M|
|teampreview
|inactive|Battle timer is ON: inactive players will automatically lose when time's up. (requested by psylxr)
|j| TheSacredJackal⨕
|
|t:|1779583527
|teamsize|p1|6
|teamsize|p2|6
|start
|switch|p1a: Prim Reaper|Primarina, M|100/100
|switch|p2a: Iron Treads|Iron Treads|100/100
|-enditem|p2a: Iron Treads|Booster Energy
|-activate|p2a: Iron Treads|ability: Quark Drive|[fromitem]
|-start|p2a: Iron Treads|quarkdrivespe
|turn|1
|j| LionInTheShadow
|j| MrTrendingTopic
|
|t:|1779583540
|move|p2a: Iron Treads|Stealth Rock|p1a: Prim Reaper
|-sidestart|p1: White Boy SZN|move: Stealth Rock
|move|p1a: Prim Reaper|Surf|p2a: Iron Treads
|-supereffective|p2a: Iron Treads
|-damage|p2a: Iron Treads|0 fnt
|faint|p2a: Iron Treads
|-end|p2a: Iron Treads|Quark Drive|[silent]
|
|upkeep
|j| Eternal Atake 1600
|
|t:|1779583544
|switch|p2a: Pelipper|Pelipper, M|100/100
|-weather|RainDance|[from] ability: Drizzle|[of] p2a: Pelipper
|turn|2
|j| 2bitebrownie
|
|t:|1779583551
|move|p1a: Prim Reaper|Moonblast|p2a: Pelipper
|-damage|p2a: Pelipper|26/100
|move|p2a: Pelipper|U-turn|p1a: Prim Reaper
|-resisted|p1a: Prim Reaper
|-damage|p1a: Prim Reaper|94/100
|
|t:|1779583560
|switch|p2a: Raging Bolt|Raging Bolt|100/100|[from] U-turn
|-enditem|p2a: Raging Bolt|Booster Energy
|-activate|p2a: Raging Bolt|ability: Protosynthesis|[fromitem]
|-start|p2a: Raging Bolt|protosynthesisspa
|
|-weather|RainDance|[upkeep]
|upkeep
|turn|3
|
|t:|1779583578
|move|p2a: Raging Bolt|Thunder|p1a: Prim Reaper
|-supereffective|p1a: Prim Reaper
|-damage|p1a: Prim Reaper|0 fnt
|faint|p1a: Prim Reaper
|
|-weather|RainDance|[upkeep]
|upkeep
|
|t:|1779583582
|switch|p1a: DON DADA|Landorus-Therian, M|100/100
|-damage|p1a: DON DADA|88/100|[from] Stealth Rock
|-ability|p1a: DON DADA|Intimidate|boost
|-unboost|p2a: Raging Bolt|atk|1
|turn|4
|
|t:|1779583590
|move|p1a: DON DADA|Earthquake|p2a: Raging Bolt
|-supereffective|p2a: Raging Bolt
|-damage|p2a: Raging Bolt|5/100
|move|p2a: Raging Bolt|Weather Ball|p1a: DON DADA
|-supereffective|p1a: DON DADA
|-damage|p1a: DON DADA|0 fnt
|faint|p1a: DON DADA
|
|-weather|RainDance|[upkeep]
|upkeep
|
|t:|1779583601
|switch|p1a: WEREGOINGUPUPUP|Gholdengo|100/100
|-damage|p1a: WEREGOINGUPUPUP|94/100|[from] Stealth Rock
|turn|5
|
|t:|1779583606
|move|p2a: Raging Bolt|Thunderclap|p1a: WEREGOINGUPUPUP
|-damage|p1a: WEREGOINGUPUPUP|27/100
|move|p1a: WEREGOINGUPUPUP|Shadow Ball|p2a: Raging Bolt
|-damage|p2a: Raging Bolt|0 fnt
|faint|p2a: Raging Bolt
|-end|p2a: Raging Bolt|Protosynthesis|[silent]
|
|-weather|RainDance|[upkeep]
|upkeep
|c| 2bitebrownie|raging goat
|c|☆psylxr|ong
|c|☆White Boy SZN|raging throat
|
|t:|1779583616
|switch|p2a: Barraskewda|Barraskewda, M|100/100
|turn|6
|c|☆psylxr|raging neck
|
|t:|1779583624
|switch|p1a: BUCKET HAT|Hatterene, F|100/100
|-damage|p1a: BUCKET HAT|88/100|[from] Stealth Rock
|move|p2a: Barraskewda|Flip Turn|p1a: BUCKET HAT
|-damage|p1a: BUCKET HAT|28/100
|-damage|p2a: Barraskewda|84/100|[from] item: Rocky Helmet|[of] p1a: BUCKET HAT
|
|t:|1779583627
|switch|p2a: Overqwil|Overqwil, M|100/100|[from] Flip Turn
|
|-weather|RainDance|[upkeep]
|upkeep
|turn|7
|
|t:|1779583634
|move|p2a: Overqwil|Crunch|p1a: BUCKET HAT
|-damage|p1a: BUCKET HAT|0 fnt
|-damage|p2a: Overqwil|84/100|[from] item: Rocky Helmet|[of] p1a: BUCKET HAT
|faint|p1a: BUCKET HAT
|-damage|p2a: Overqwil|74/100|[from] item: Life Orb
|
|-weather|RainDance|[upkeep]
|upkeep
|
|t:|1779583645
|switch|p1a: KING JAMES|Kingambit, M|100/100
|-damage|p1a: KING JAMES|94/100|[from] Stealth Rock
|-activate|p1a: KING JAMES|ability: Supreme Overlord
|-start|p1a: KING JAMES|fallen3|[silent]
|turn|8
|
|t:|1779583651
|move|p2a: Overqwil|Liquidation|p1a: KING JAMES
|-damage|p1a: KING JAMES|49/100
|-damage|p2a: Overqwil|64/100|[from] item: Life Orb
|move|p1a: KING JAMES|Iron Head|p2a: Overqwil
|-damage|p2a: Overqwil|1/100
|
|-weather|RainDance|[upkeep]
|-heal|p1a: KING JAMES|56/100|[from] item: Leftovers
|upkeep
|turn|9
|
|t:|1779583655
|move|p1a: KING JAMES|Sucker Punch||[still]
|-fail|p1a: KING JAMES
|move|p2a: Overqwil|Swords Dance|p2a: Overqwil
|-boost|p2a: Overqwil|atk|2
|
|-weather|none
|-heal|p1a: KING JAMES|62/100|[from] item: Leftovers
|upkeep
|turn|10
|
|t:|1779583658
|move|p1a: KING JAMES|Sucker Punch||[still]
|-fail|p1a: KING JAMES
|move|p2a: Overqwil|Swords Dance|p2a: Overqwil
|-boost|p2a: Overqwil|atk|2
|
|-heal|p1a: KING JAMES|68/100|[from] item: Leftovers
|upkeep
|turn|11
|
|t:|1779583661
|move|p1a: KING JAMES|Sucker Punch||[still]
|-fail|p1a: KING JAMES
|move|p2a: Overqwil|Swords Dance|p2a: Overqwil
|-boost|p2a: Overqwil|atk|2
|
|-heal|p1a: KING JAMES|74/100|[from] item: Leftovers
|upkeep
|turn|12
|
|t:|1779583663
|move|p1a: KING JAMES|Sucker Punch||[still]
|-fail|p1a: KING JAMES
|move|p2a: Overqwil|Swords Dance|p2a: Overqwil
|-boost|p2a: Overqwil|atk|0
|
|-heal|p1a: KING JAMES|80/100|[from] item: Leftovers
|upkeep
|turn|13
|
|t:|1779583665
|move|p2a: Overqwil|Swords Dance|p2a: Overqwil
|-boost|p2a: Overqwil|atk|0
|move|p1a: KING JAMES|Iron Head|p2a: Overqwil
|-damage|p2a: Overqwil|0 fnt
|faint|p2a: Overqwil
|
|-heal|p1a: KING JAMES|86/100|[from] item: Leftovers
|upkeep
|
|t:|1779583668
|switch|p2a: Pelipper|Pelipper, M|26/100
|-weather|RainDance|[from] ability: Drizzle|[of] p2a: Pelipper
|turn|14
|c| MrTrendingTopic|LMAO
|
|t:|1779583678
|move|p1a: KING JAMES|Swords Dance|p1a: KING JAMES
|-boost|p1a: KING JAMES|atk|2
|move|p2a: Pelipper|U-turn|p1a: KING JAMES
|-damage|p1a: KING JAMES|79/100
|
|t:|1779583696
|switch|p2a: Barraskewda|Barraskewda, M|84/100|[from] U-turn
|
|-weather|RainDance|[upkeep]
|-heal|p1a: KING JAMES|85/100|[from] item: Leftovers
|upkeep
|turn|15
|
|t:|1779583711
|-terastallize|p2a: Barraskewda|Water
|move|p2a: Barraskewda|Aqua Jet|p1a: KING JAMES
|-damage|p1a: KING JAMES|31/100
|move|p1a: KING JAMES|Sucker Punch||[still]
|-fail|p1a: KING JAMES
|
|-weather|RainDance|[upkeep]
|-heal|p1a: KING JAMES|37/100|[from] item: Leftovers
|upkeep
|turn|16
|
|t:|1779583723
|-end|p1a: KING JAMES|fallen3|[silent]
|switch|p1a: WEREGOINGUPUPUP|Gholdengo|27/100
|-damage|p1a: WEREGOINGUPUPUP|21/100|[from] Stealth Rock
|move|p2a: Barraskewda|Aqua Jet|p1a: WEREGOINGUPUPUP
|-damage|p1a: WEREGOINGUPUPUP|0 fnt
|faint|p1a: WEREGOINGUPUPUP
|
|-weather|RainDance|[upkeep]
|upkeep
|
|t:|1779583725
|switch|p1a: Iron Valiant|Iron Valiant|100/100
|-damage|p1a: Iron Valiant|94/100|[from] Stealth Rock
|-enditem|p1a: Iron Valiant|Booster Energy
|-activate|p1a: Iron Valiant|ability: Quark Drive|[fromitem]
|-start|p1a: Iron Valiant|quarkdrivespe
|turn|17
|
|t:|1779583736
|switch|p2a: Pelipper|Pelipper, M|26/100
|move|p1a: Iron Valiant|Moonblast|p2a: Pelipper
|-damage|p2a: Pelipper|0 fnt
|faint|p2a: Pelipper
|
|-weather|RainDance|[upkeep]
|upkeep
|c| Eternal Atake 1600|Close enough welcome back Gen 4 Ubers
|
|t:|1779583749
|switch|p2a: Barraskewda|Barraskewda, M, tera:Water|84/100
|turn|18
|
|t:|1779583756
|move|p2a: Barraskewda|Liquidation|p1a: Iron Valiant
|-damage|p1a: Iron Valiant|0 fnt
|faint|p1a: Iron Valiant
|-end|p1a: Iron Valiant|Quark Drive|[silent]
|
|-weather|RainDance|[upkeep]
|upkeep
|
|t:|1779583759
|switch|p1a: KING JAMES|Kingambit, M|37/100
|-damage|p1a: KING JAMES|31/100|[from] Stealth Rock
|-activate|p1a: KING JAMES|ability: Supreme Overlord
|-start|p1a: KING JAMES|fallen5|[silent]
|turn|19
|c|☆White Boy SZN|gg
|c|☆White Boy SZN|why are there 5 viewers
|c|☆psylxr|who knowsd
|
|t:|1779583773
|switch|p2a: Kingambit|Kingambit, M|100/100
|-activate|p2a: Kingambit|ability: Supreme Overlord
|-start|p2a: Kingambit|fallen4|[silent]
|move|p1a: KING JAMES|Sucker Punch||[still]
|-fail|p1a: KING JAMES
|
|-weather|RainDance|[upkeep]
|-heal|p1a: KING JAMES|37/100|[from] item: Leftovers
|upkeep
|turn|20
|c|☆psylxr|they watching you lose tho fr
|c| TheSacredJackal⨕|damn
|
|t:|1779583781
|move|p1a: KING JAMES|Swords Dance|p1a: KING JAMES
|-boost|p1a: KING JAMES|atk|2
|move|p2a: Kingambit|Iron Head|p1a: KING JAMES
|-resisted|p1a: KING JAMES
|-damage|p1a: KING JAMES|11/100
|
|-weather|RainDance|[upkeep]
|-heal|p1a: KING JAMES|17/100|[from] item: Leftovers
|upkeep
|turn|21
|
|t:|1779583787
|move|p1a: KING JAMES|Iron Head|p2a: Kingambit
|-resisted|p2a: Kingambit
|-crit|p2a: Kingambit
|-damage|p2a: Kingambit|27/100
|move|p2a: Kingambit|Kowtow Cleave|p1a: KING JAMES
|-resisted|p1a: KING JAMES
|-damage|p1a: KING JAMES|0 fnt
|faint|p1a: KING JAMES
|-end|p1a: KING JAMES|fallen5|[silent]
|
|win|psylxr
|raw|White Boy SZN's rating: 1547 &rarr; <strong>1529</strong><br />(-18 for losing)
|raw|psylxr's rating: 1586 &rarr; <strong>1604</strong><br />(+18 for winning)
|l|☆White Boy SZN
|player|p1|
|c|☆psylxr|elo yummers
|c| MrTrendingTopic|lovely
|c|☆psylxr|prec yall
|c|☆psylxr|good shi
|c| MrTrendingTopic|ofc twin
|l|☆psylxr
|player|p2|
|l| LionInTheShadow
|l| MrTrendingTopic
|l| 2bitebrownie
|l| Eternal Atake 1600
|l| TheSacredJackal⨕
