|j|☆pa!nfully_0rd1n4ry
|j|☆blah0blah1blah2
|t:|1779626539
|gametype|singles
|player|p1|pa!nfully_0rd1n4ry|ethan|1436
|player|p2|blah0blah1blah2|102|1434
|gen|9
|tier|[Gen 9] OU
|rated|
|rule|HP Percentage Mod: HP is shown in percentages
|rule|Endless Battle Clause: Forcing endless battles is banned
|rule|Species Clause: Limit one of each Pokémon
|rule|OHKO Clause: OHKO moves are banned
|rule|Evasion Items Clause: Evasion items are banned
|rule|Evasion Moves Clause: Evasion moves are banned
|rule|Evasion Abilities Clause: Evasion abilities are banned
|rule|Sleep Moves Clause: Sleep-inducing moves are banned
|clearpoke
|poke|p1|Samurott-Hisui, M|
|poke|p1|Great Tusk|
|poke|p1|Gholdengo|
|poke|p1|Ogerpon-Wellspring, F|
|poke|p1|Iron Moth|
|poke|p1|Iron Valiant|
|poke|p2|Regidrago|
|poke|p2|Regieleki|
|poke|p2|Registeel|
|poke|p2|Iron Treads|
|poke|p2|Primarina, F|
|poke|p2|Cresselia, F|
|teampreview
|inactive|Battle timer is ON: inactive players will automatically lose when time's up. (requested by blah0blah1blah2)
|j| Wanyamon
|inactive|pa!nfully_0rd1n4ry has 120 seconds left.
|inactive|blah0blah1blah2 has 120 seconds left.
|l| Wanyamon
|
|t:|1779626581
|teamsize|p1|6
|teamsize|p2|6
|start
|switch|p1a: Samurott|Samurott-Hisui, M|100/100
|switch|p2a: Registeel|Registeel|100/100
|turn|1
|
|t:|1779626588
|move|p1a: Samurott|Ceaseless Edge|p2a: Registeel
|-damage|p2a: Registeel|77/100
|-sidestart|p2: blah0blah1blah2|Spikes
|move|p2a: Registeel|Iron Defense|p2a: Registeel
|-boost|p2a: Registeel|def|2
|
|-heal|p2a: Registeel|83/100|[from] item: Leftovers
|upkeep
|turn|2
|
|t:|1779626605
|move|p1a: Samurott|Ceaseless Edge|p2a: Registeel
|-damage|p2a: Registeel|71/100
|-sidestart|p2: blah0blah1blah2|Spikes
|move|p2a: Registeel|Body Press|p1a: Samurott
|-supereffective|p1a: Samurott
|-enditem|p1a: Samurott|Focus Sash
|-damage|p1a: Samurott|1/100
|
|-heal|p2a: Registeel|77/100|[from] item: Leftovers
|upkeep
|turn|3
|
|t:|1779626625
|switch|p1a: Gholdengo|Gholdengo|100/100
|-item|p1a: Gholdengo|Air Balloon
|move|p2a: Registeel|Body Press|p1a: Gholdengo
|-immune|p1a: Gholdengo
|
|-heal|p2a: Registeel|83/100|[from] item: Leftovers
|upkeep
|turn|4
|
|t:|1779626652
|switch|p2a: Iron Treads|Iron Treads|100/100
|-damage|p2a: Iron Treads|84/100|[from] Spikes
|move|p1a: Gholdengo|Nasty Plot|p1a: Gholdengo
|-boost|p1a: Gholdengo|spa|2
|
|upkeep
|turn|5
|
|t:|1779626671
|move|p2a: Iron Treads|Knock Off|p1a: Gholdengo
|-supereffective|p1a: Gholdengo
|-damage|p1a: Gholdengo|44/100
|-enditem|p1a: Gholdengo|Air Balloon
|move|p1a: Gholdengo|Shadow Ball|p2a: Iron Treads
|-damage|p2a: Iron Treads|0 fnt
|faint|p2a: Iron Treads
|-end|p2a: Iron Treads|Quark Drive|[silent]
|
|upkeep
|inactive|blah0blah1blah2 has 120 seconds left.
|
|t:|1779626700
|switch|p2a: Regieleki|Regieleki|100/100
|-damage|p2a: Regieleki|84/100|[from] Spikes
|turn|6
|inactive|pa!nfully_0rd1n4ry has 120 seconds left.
|
|t:|1779626736
|move|p2a: Regieleki|Volt Switch|p1a: Gholdengo
|-damage|p1a: Gholdengo|0 fnt
|faint|p1a: Gholdengo
|-damage|p2a: Regieleki|74/100|[from] item: Life Orb
|
|t:|1779626743
|switch|p2a: Registeel|Registeel|83/100|[from] Volt Switch
|-damage|p2a: Registeel|67/100|[from] Spikes
|
|-heal|p2a: Registeel|73/100|[from] item: Leftovers
|upkeep
|inactive|pa!nfully_0rd1n4ry has 120 seconds left.
|
|t:|1779626758
|switch|p1a: Iron Moth|Iron Moth|100/100
|-enditem|p1a: Iron Moth|Booster Energy
|-activate|p1a: Iron Moth|ability: Quark Drive|[fromitem]
|-start|p1a: Iron Moth|quarkdrivespe
|turn|7
|
|t:|1779626780
|move|p1a: Iron Moth|Toxic Spikes|p2a: Registeel
|-sidestart|p2: blah0blah1blah2|move: Toxic Spikes
|move|p2a: Registeel|Stomping Tantrum|p1a: Iron Moth
|-supereffective|p1a: Iron Moth
|-damage|p1a: Iron Moth|21/100
|
|-heal|p2a: Registeel|79/100|[from] item: Leftovers
|upkeep
|turn|8
|
|t:|1779626799
|-terastallize|p1a: Iron Moth|Grass
|move|p1a: Iron Moth|Fiery Dance|p2a: Registeel
|-supereffective|p2a: Registeel
|-damage|p2a: Registeel|28/100
|move|p2a: Registeel|Body Press|p1a: Iron Moth
|-damage|p1a: Iron Moth|0 fnt
|faint|p1a: Iron Moth
|-end|p1a: Iron Moth|Quark Drive|[silent]
|
|-heal|p2a: Registeel|34/100|[from] item: Leftovers
|upkeep
|inactive|pa!nfully_0rd1n4ry has 90 seconds left.
|
|t:|1779626826
|switch|p1a: Samurott|Samurott-Hisui, M|1/100
|turn|9
|
|t:|1779626838
|move|p1a: Samurott|Knock Off|p2a: Registeel
|-damage|p2a: Registeel|11/100
|-enditem|p2a: Registeel|Leftovers|[from] move: Knock Off|[of] p1a: Samurott
|move|p2a: Registeel|Body Press|p1a: Samurott
|-supereffective|p1a: Samurott
|-damage|p1a: Samurott|0 fnt
|faint|p1a: Samurott
|
|upkeep
|
|t:|1779626851
|switch|p1a: Great Tusk|Great Tusk|100/100
|-enditem|p1a: Great Tusk|Booster Energy
|-activate|p1a: Great Tusk|ability: Protosynthesis|[fromitem]
|-start|p1a: Great Tusk|protosynthesisatk
|turn|10
|
|t:|1779626856
|move|p1a: Great Tusk|Stealth Rock|p2a: Registeel
|-sidestart|p2: blah0blah1blah2|move: Stealth Rock
|move|p2a: Registeel|Body Press|p1a: Great Tusk
|-damage|p1a: Great Tusk|76/100
|
|upkeep
|turn|11
|
|t:|1779626866
|move|p1a: Great Tusk|Rapid Spin|p2a: Registeel
|-resisted|p2a: Registeel
|-damage|p2a: Registeel|5/100
|-boost|p1a: Great Tusk|spe|1
|move|p2a: Registeel|Body Press|p1a: Great Tusk
|-crit|p1a: Great Tusk
|-damage|p1a: Great Tusk|40/100
|
|upkeep
|turn|12
|inactive|pa!nfully_0rd1n4ry has 90 seconds left.
|
|t:|1779626873
|move|p1a: Great Tusk|Rapid Spin|p2a: Registeel
|-resisted|p2a: Registeel
|-damage|p2a: Registeel|0 fnt
|-boost|p1a: Great Tusk|spe|1
|faint|p2a: Registeel
|
|upkeep
|
|t:|1779626876
|switch|p2a: Cresselia|Cresselia, F|100/100
|-damage|p2a: Cresselia|88/100|[from] Stealth Rock
|turn|13
|
|t:|1779626888
|move|p1a: Great Tusk|Headlong Rush|p2a: Cresselia
|-immune|p2a: Cresselia|[from] ability: Levitate
|move|p2a: Cresselia|Moonblast|p1a: Great Tusk
|-supereffective|p1a: Great Tusk
|-damage|p1a: Great Tusk|0 fnt
|faint|p1a: Great Tusk
|-end|p1a: Great Tusk|Protosynthesis|[silent]
|
|upkeep
|
|t:|1779626897
|switch|p1a: Ogerpon|Ogerpon-Wellspring, F|100/100
|turn|14
|
|t:|1779626918
|switch|p2a: Regidrago|Regidrago|100/100
|-damage|p2a: Regidrago|84/100|[from] Spikes
|-status|p2a: Regidrago|psn
|-damage|p2a: Regidrago|71/100 psn|[from] Stealth Rock
|move|p1a: Ogerpon|Swords Dance|p1a: Ogerpon
|-boost|p1a: Ogerpon|atk|2
|
|-damage|p2a: Regidrago|59/100 psn|[from] psn
|upkeep
|turn|15
|
|t:|1779626929
|move|p2a: Regidrago|Draco Meteor|p1a: Ogerpon
|-damage|p1a: Ogerpon|0 fnt
|-unboost|p2a: Regidrago|spa|2
|faint|p1a: Ogerpon
|
|-damage|p2a: Regidrago|47/100 psn|[from] psn
|upkeep
|
|t:|1779626935
|switch|p1a: Iron Valiant|Iron Valiant|100/100
|-enditem|p1a: Iron Valiant|Booster Energy
|-activate|p1a: Iron Valiant|ability: Quark Drive|[fromitem]
|-start|p1a: Iron Valiant|quarkdrivespe
|turn|16
|
|t:|1779626944
|switch|p2a: Regieleki|Regieleki|74/100
|-damage|p2a: Regieleki|57/100|[from] Spikes
|-status|p2a: Regieleki|psn
|-damage|p2a: Regieleki|45/100 psn|[from] Stealth Rock
|move|p1a: Iron Valiant|Moonblast|p2a: Regieleki
|-damage|p2a: Regieleki|0 fnt
|faint|p2a: Regieleki
|
|upkeep
|
|t:|1779626972
|switch|p2a: Cresselia|Cresselia, F|88/100
|-damage|p2a: Cresselia|76/100|[from] Stealth Rock
|turn|17
|
|t:|1779626978
|move|p1a: Iron Valiant|Knock Off|p2a: Cresselia
|-supereffective|p2a: Cresselia
|-damage|p2a: Cresselia|46/100
|-enditem|p2a: Cresselia|Ring Target|[from] move: Knock Off|[of] p1a: Iron Valiant
|move|p2a: Cresselia|Trick||[still]
|-fail|p2a: Cresselia
|
|upkeep
|turn|18
|inactive|pa!nfully_0rd1n4ry has 120 seconds left.
|
|t:|1779626994
|-terastallize|p2a: Cresselia|Fairy
|move|p1a: Iron Valiant|Moonblast|p2a: Cresselia
|-damage|p2a: Cresselia|16/100
|-unboost|p2a: Cresselia|spa|1
|move|p2a: Cresselia|Moonblast|p1a: Iron Valiant
|-supereffective|p1a: Iron Valiant
|-damage|p1a: Iron Valiant|29/100
|
|upkeep
|turn|19
|
|t:|1779627002
|move|p1a: Iron Valiant|Moonblast|p2a: Cresselia
|-crit|p2a: Cresselia
|-damage|p2a: Cresselia|0 fnt
|faint|p2a: Cresselia
|
|upkeep
|
|t:|1779627006
|switch|p2a: Primarina|Primarina, F|100/100
|-damage|p2a: Primarina|84/100|[from] Spikes
|-status|p2a: Primarina|psn
|-damage|p2a: Primarina|72/100 psn|[from] Stealth Rock
|turn|20
|
|t:|1779627013
|move|p1a: Iron Valiant|Moonblast|p2a: Primarina
|-damage|p2a: Primarina|48/100 psn
|move|p2a: Primarina|Moonblast|p1a: Iron Valiant
|-supereffective|p1a: Iron Valiant
|-damage|p1a: Iron Valiant|0 fnt
|faint|p1a: Iron Valiant
|-end|p1a: Iron Valiant|Quark Drive|[silent]
|
|win|blah0blah1blah2
|raw|pa!nfully_0rd1n4ry's rating: 1436 &rarr; <strong>1416</strong><br />(-20 for losing)
|raw|blah0blah1blah2's rating: 1434 &rarr; <strong>1454</strong><br />(+20 for winning)
|l|☆pa!nfully_0rd1n4ry
|player|p1|
|l|☆blah0blah1blah2
|player|p2|
