|j|☆dsekop
|j|☆i have no id
|t:|1779725342
|gametype|singles
|player|p1|dsekop|unknown|1510
|player|p2|i have no id|1|1463
|gen|9
|tier|[Gen 9] OU
|rated|
|rule|HP Percentage Mod: HP is shown in percentages
|rule|Endless Battle Clause: Forcing endless battles is banned
|rule|Species Clause: Limit one of each Pokémon
|rule|OHKO Clause: OHKO moves are banned
|rule|Evasion Items Clause: Evasion items are banned
|rule|Evasion Moves Clause: Evasion moves are banned
|rule|Evasion Abilities Clause: Evasion abilities are banned
|rule|Sleep Moves Clause: Sleep-inducing moves are banned
|clearpoke
|poke|p1|Glimmora, M|
|poke|p1|Iron Treads|
|poke|p1|Polteageist-Antique|
|poke|p1|Raging Bolt|
|poke|p1|Dragonite, F|
|poke|p1|Zamazenta-*|
|poke|p2|Torkoal, M|
|poke|p2|Walking Wake|
|poke|p2|Great Tusk|
|poke|p2|Hatterene, F|
|poke|p2|Slither Wing|
|poke|p2|Venusaur, F|
|teampreview
|inactive|Battle timer is ON: inactive players will automatically lose when time's up. (requested by dsekop)
|
|t:|1779725350
|teamsize|p1|6
|teamsize|p2|6
|start
|switch|p1a: Iron Treads|Iron Treads|100/100
|switch|p2a: Walking Wake|Walking Wake|100/100
|-enditem|p1a: Iron Treads|Booster Energy
|-activate|p1a: Iron Treads|ability: Quark Drive|[fromitem]
|-start|p1a: Iron Treads|quarkdrivespe
|turn|1
|
|t:|1779725361
|move|p1a: Iron Treads|Stealth Rock|p2a: Walking Wake
|-sidestart|p2: i have no id|move: Stealth Rock
|move|p2a: Walking Wake|Hydro Steam|p1a: Iron Treads
|-supereffective|p1a: Iron Treads
|-damage|p1a: Iron Treads|0 fnt
|faint|p1a: Iron Treads
|-end|p1a: Iron Treads|Quark Drive|[silent]
|
|upkeep
|
|t:|1779725374
|switch|p1a: Polteageist|Polteageist-Antique|100/100
|turn|2
|
|t:|1779725380
|move|p2a: Walking Wake|Hydro Steam|p1a: Polteageist
|-damage|p1a: Polteageist|35/100
|move|p1a: Polteageist|Shell Smash|p1a: Polteageist
|-unboost|p1a: Polteageist|def|1
|-unboost|p1a: Polteageist|spd|1
|-boost|p1a: Polteageist|atk|2
|-boost|p1a: Polteageist|spa|2
|-boost|p1a: Polteageist|spe|2
|
|upkeep
|turn|3
|
|t:|1779725391
|move|p1a: Polteageist|Shadow Ball|p2a: Walking Wake
|-damage|p2a: Walking Wake|0 fnt
|faint|p2a: Walking Wake
|-end|p2a: Walking Wake|Protosynthesis|[silent]
|
|upkeep
|
|t:|1779725397
|switch|p2a: Torkoal|Torkoal, M|100/100
|-damage|p2a: Torkoal|76/100|[from] Stealth Rock
|-weather|SunnyDay|[from] ability: Drought|[of] p2a: Torkoal
|turn|4
|
|t:|1779725402
|switch|p2a: Hatterene|Hatterene, F|100/100
|-damage|p2a: Hatterene|88/100|[from] Stealth Rock
|move|p1a: Polteageist|Stored Power|p2a: Hatterene
|-resisted|p2a: Hatterene
|-damage|p2a: Hatterene|27/100
|-enditem|p2a: Hatterene|Eject Button
|
|t:|1779725406
|switch|p2a: Venusaur|Venusaur, F|100/100
|-damage|p2a: Venusaur|88/100|[from] Stealth Rock
|
|-weather|SunnyDay|[upkeep]
|upkeep
|turn|5
|
|t:|1779725414
|move|p2a: Venusaur|Giga Drain|p1a: Polteageist
|-damage|p1a: Polteageist|0 fnt
|-heal|p2a: Venusaur|100/100|[from] drain|[of] p1a: Polteageist
|faint|p1a: Polteageist
|-damage|p2a: Venusaur|91/100|[from] item: Life Orb
|
|-weather|SunnyDay|[upkeep]
|upkeep
|
|t:|1779725422
|switch|p1a: 快龙一定要快|Dragonite, F|100/100
|turn|6
|
|t:|1779725426
|move|p2a: Venusaur|Sludge Bomb|p1a: 快龙一定要快
|-damage|p1a: 快龙一定要快|77/100
|-damage|p2a: Venusaur|81/100|[from] item: Life Orb
|move|p1a: 快龙一定要快|Fire Punch|p2a: Venusaur
|-supereffective|p2a: Venusaur
|-damage|p2a: Venusaur|0 fnt
|faint|p2a: Venusaur
|
|-weather|SunnyDay|[upkeep]
|upkeep
|
|t:|1779725433
|switch|p2a: Great Tusk|Great Tusk|100/100
|-damage|p2a: Great Tusk|98/100|[from] Stealth Rock
|-activate|p2a: Great Tusk|ability: Protosynthesis
|-start|p2a: Great Tusk|protosynthesisatk
|turn|7
|
|t:|1779725440
|switch|p1a: Glimmora|Glimmora, M|100/100
|move|p2a: Great Tusk|Rapid Spin|p1a: Glimmora
|-resisted|p1a: Glimmora
|-damage|p1a: Glimmora|87/100
|-boost|p2a: Great Tusk|spe|1
|-activate|p1a: Glimmora|ability: Toxic Debris
|-sidestart|p2: i have no id|move: Toxic Spikes
|-sideend|p2: i have no id|Toxic Spikes|[from] move: Rapid Spin|[of] p2a: Great Tusk
|-sideend|p2: i have no id|Stealth Rock|[from] move: Rapid Spin|[of] p2a: Great Tusk
|
|-weather|SunnyDay|[upkeep]
|upkeep
|turn|8
|
|t:|1779725450
|-terastallize|p1a: Glimmora|Grass
|move|p2a: Great Tusk|Headlong Rush|p1a: Glimmora
|-resisted|p1a: Glimmora
|-damage|p1a: Glimmora|42/100
|-unboost|p2a: Great Tusk|def|1
|-unboost|p2a: Great Tusk|spd|1
|-activate|p1a: Glimmora|ability: Toxic Debris
|-sidestart|p2: i have no id|move: Toxic Spikes
|move|p1a: Glimmora|Energy Ball|p2a: Great Tusk
|-supereffective|p2a: Great Tusk
|-damage|p2a: Great Tusk|0 fnt
|faint|p2a: Great Tusk
|-end|p2a: Great Tusk|Protosynthesis|[silent]
|
|-weather|SunnyDay|[upkeep]
|upkeep
|
|t:|1779725457
|switch|p2a: Slither Wing|Slither Wing|100/100
|-status|p2a: Slither Wing|psn
|-activate|p2a: Slither Wing|ability: Protosynthesis
|-start|p2a: Slither Wing|protosynthesisatk
|turn|9
|
|t:|1779725460
|switch|p1a: 快龙一定要快|Dragonite, F|77/100
|move|p2a: Slither Wing|U-turn|p1a: 快龙一定要快
|-resisted|p1a: 快龙一定要快
|-damage|p1a: 快龙一定要快|41/100
|
|t:|1779725464
|-end|p2a: Slither Wing|Protosynthesis|[silent]
|switch|p2a: Torkoal|Torkoal, M|76/100|[from] U-turn
|-status|p2a: Torkoal|psn
|
|-weather|SunnyDay|[upkeep]
|-damage|p2a: Torkoal|63/100 psn|[from] psn
|upkeep
|turn|10
|
|t:|1779725473
|move|p1a: 快龙一定要快|Earthquake|p2a: Torkoal
|-supereffective|p2a: Torkoal
|-damage|p2a: Torkoal|0 fnt
|faint|p2a: Torkoal
|
|-weather|SunnyDay|[upkeep]
|upkeep
|-message|i have no id forfeited.
|
|win|dsekop
|raw|dsekop's rating: 1531 &rarr; <strong>1547</strong><br />(+16 for winning)
|raw|i have no id's rating: 1463 &rarr; <strong>1447</strong><br />(-16 for losing)
|l|☆i have no id
|player|p2|
|l|☆dsekop
|player|p1|
