|j|☆MAGAboominGOOCH
|j|☆mauritorri
|t:|1779587316
|gametype|singles
|player|p1|MAGAboominGOOCH|supernerd|1088
|player|p2|mauritorri|falkner|1143
|gen|9
|tier|[Gen 9] OU
|rated|
|rule|HP Percentage Mod: HP is shown in percentages
|rule|Endless Battle Clause: Forcing endless battles is banned
|rule|Species Clause: Limit one of each Pokémon
|rule|OHKO Clause: OHKO moves are banned
|rule|Evasion Items Clause: Evasion items are banned
|rule|Evasion Moves Clause: Evasion moves are banned
|rule|Evasion Abilities Clause: Evasion abilities are banned
|rule|Sleep Moves Clause: Sleep-inducing moves are banned
|clearpoke
|poke|p1|Glimmora, M|
|poke|p1|Arcanine-Hisui, M|
|poke|p1|Torkoal, M|
|poke|p1|Houndoom, M|
|poke|p1|Inteleon, M|
|poke|p1|Scovillain, M|
|poke|p2|Great Tusk|
|poke|p2|Gholdengo|
|poke|p2|Dragonite, M|
|poke|p2|Rotom-Wash|
|poke|p2|Kingambit, M|
|poke|p2|Iron Valiant|
|teampreview
|inactive|Battle timer is ON: inactive players will automatically lose when time's up. (requested by MAGAboominGOOCH)
|
|t:|1779587341
|teamsize|p1|6
|teamsize|p2|6
|start
|switch|p1a: Torkoal|Torkoal, M|100/100
|switch|p2a: Great Tusk|Great Tusk|100/100
|-weather|SunnyDay|[from] ability: Drought|[of] p1a: Torkoal
|-activate|p2a: Great Tusk|ability: Protosynthesis
|-start|p2a: Great Tusk|protosynthesisdef
|turn|1
|
|t:|1779587369
|move|p2a: Great Tusk|Stealth Rock|p1a: Torkoal
|-sidestart|p1: MAGAboominGOOCH|move: Stealth Rock
|move|p1a: Torkoal|Flamethrower|p2a: Great Tusk
|-damage|p2a: Great Tusk|29/100
|
|-weather|SunnyDay|[upkeep]
|-heal|p2a: Great Tusk|35/100|[from] item: Leftovers
|upkeep
|turn|2
|
|t:|1779587395
|-end|p2a: Great Tusk|Protosynthesis|[silent]
|switch|p2a: Rotom|Rotom-Wash|100/100
|move|p1a: Torkoal|Flamethrower|p2a: Rotom
|-resisted|p2a: Rotom
|-damage|p2a: Rotom|70/100
|
|-weather|SunnyDay|[upkeep]
|-heal|p2a: Rotom|76/100|[from] item: Leftovers
|upkeep
|turn|3
|inactive|mauritorri has 120 seconds left.
|
|t:|1779587426
|switch|p1a: Scovillain|Scovillain, M, shiny|100/100
|-damage|p1a: Scovillain|76/100|[from] Stealth Rock
|move|p2a: Rotom|Hydro Pump|p1a: Scovillain
|-damage|p1a: Scovillain|41/100
|
|-weather|SunnyDay|[upkeep]
|-heal|p2a: Rotom|82/100|[from] item: Leftovers
|upkeep
|turn|4
|
|t:|1779587449
|switch|p2a: Dragonite|Dragonite, M|100/100
|move|p1a: Scovillain|Giga Drain|p2a: Dragonite
|-resisted|p2a: Dragonite
|-damage|p2a: Dragonite|96/100
|-heal|p1a: Scovillain|44/100|[from] drain|[of] p2a: Dragonite
|
|-weather|SunnyDay|[upkeep]
|upkeep
|turn|5
|
|t:|1779587463
|move|p1a: Scovillain|Fire Blast|p2a: Dragonite
|-resisted|p2a: Dragonite
|-crit|p2a: Dragonite
|-damage|p2a: Dragonite|26/100
|move|p2a: Dragonite|Dragon Dance|p2a: Dragonite
|-boost|p2a: Dragonite|atk|1
|-boost|p2a: Dragonite|spe|1
|
|-weather|SunnyDay|[upkeep]
|upkeep
|turn|6
|inactive|mauritorri has 90 seconds left.
|
|t:|1779587482
|move|p1a: Scovillain|Fire Blast|p2a: Dragonite
|-resisted|p2a: Dragonite
|-crit|p2a: Dragonite
|-damage|p2a: Dragonite|0 fnt
|faint|p2a: Dragonite
|
|-weather|SunnyDay|[upkeep]
|upkeep
|inactive|mauritorri has 90 seconds left.
|
|t:|1779587512
|switch|p2a: Gholdengo|Gholdengo|100/100
|turn|7
|
|t:|1779587520
|move|p1a: Scovillain|Flamethrower|p2a: Gholdengo
|-supereffective|p2a: Gholdengo
|-damage|p2a: Gholdengo|0 fnt
|faint|p2a: Gholdengo
|
|-weather|SunnyDay|[upkeep]
|upkeep
|inactive|mauritorri has 60 seconds left.
|
|t:|1779587536
|switch|p2a: Iron Valiant|Iron Valiant, shiny|100/100
|-enditem|p2a: Iron Valiant|Booster Energy
|-activate|p2a: Iron Valiant|ability: Quark Drive|[fromitem]
|-start|p2a: Iron Valiant|quarkdrivespe
|turn|8
|inactive|mauritorri has 60 seconds left.
|inactive|MAGAboominGOOCH has 120 seconds left.
|
|t:|1779587596
|move|p1a: Scovillain|Flamethrower|p2a: Iron Valiant
|-crit|p2a: Iron Valiant
|-damage|p2a: Iron Valiant|0 fnt
|faint|p2a: Iron Valiant
|-end|p2a: Iron Valiant|Quark Drive|[silent]
|
|-weather|none
|upkeep
|
|t:|1779587617
|switch|p2a: Kingambit|Kingambit, M|100/100
|-activate|p2a: Kingambit|ability: Supreme Overlord
|-start|p2a: Kingambit|fallen3|[silent]
|turn|9
|
|t:|1779587624
|switch|p1a: Torkoal|Torkoal, M|100/100
|-damage|p1a: Torkoal|75/100|[from] Stealth Rock
|-weather|SunnyDay|[from] ability: Drought|[of] p1a: Torkoal
|-terastallize|p2a: Kingambit|Dark
|move|p2a: Kingambit|Sucker Punch||[still]
|-fail|p2a: Kingambit
|
|-weather|SunnyDay|[upkeep]
|upkeep
|turn|10
|
|t:|1779587639
|move|p2a: Kingambit|Kowtow Cleave|p1a: Torkoal
|-damage|p1a: Torkoal|0 fnt
|faint|p1a: Torkoal
|
|-weather|SunnyDay|[upkeep]
|upkeep
|
|t:|1779587645
|switch|p1a: Scovillain|Scovillain, M, shiny|44/100
|-damage|p1a: Scovillain|20/100|[from] Stealth Rock
|turn|11
|
|t:|1779587654
|move|p2a: Kingambit|Sucker Punch|p1a: Scovillain
|-damage|p1a: Scovillain|0 fnt
|faint|p1a: Scovillain
|
|-weather|SunnyDay|[upkeep]
|upkeep
|
|t:|1779587670
|switch|p1a: Glimmora|Glimmora, M|100/100
|-damage|p1a: Glimmora|88/100|[from] Stealth Rock
|-item|p1a: Glimmora|Air Balloon
|turn|12
|inactive|mauritorri has 60 seconds left.
|
|t:|1779587685
|move|p1a: Glimmora|Dazzling Gleam|p2a: Kingambit
|-supereffective|p2a: Kingambit
|-damage|p2a: Kingambit|43/100
|move|p2a: Kingambit|Iron Head|p1a: Glimmora
|-supereffective|p1a: Glimmora
|-damage|p1a: Glimmora|0 fnt
|-activate|p1a: Glimmora|ability: Toxic Debris
|-sidestart|p2: mauritorri|move: Toxic Spikes
|-enditem|p1a: Glimmora|Air Balloon
|faint|p1a: Glimmora
|
|-weather|SunnyDay|[upkeep]
|upkeep
|
|t:|1779587693
|switch|p1a: Inteleon|Inteleon, M, shiny|100/100
|-damage|p1a: Inteleon|88/100|[from] Stealth Rock
|turn|13
|
|t:|1779587704
|-end|p2a: Kingambit|fallen3|[silent]
|switch|p2a: Rotom|Rotom-Wash|82/100
|-terastallize|p1a: Inteleon|Bug
|move|p1a: Inteleon|Fell Stinger|p2a: Rotom
|-damage|p2a: Rotom|63/100
|
|-weather|SunnyDay|[upkeep]
|-heal|p2a: Rotom|69/100|[from] item: Leftovers
|upkeep
|turn|14
|inactive|mauritorri has 60 seconds left.
|
|t:|1779587724
|switch|p1a: Houndoom|Houndoom, M|100/100
|-ability|p1a: Houndoom|Unnerve
|-damage|p1a: Houndoom|76/100|[from] Stealth Rock
|move|p2a: Rotom|Volt Switch|p1a: Houndoom
|-damage|p1a: Houndoom|42/100
|inactive|mauritorri has 60 seconds left.
|
|t:|1779587735
|switch|p2a: Great Tusk|Great Tusk|35/100|[from] Volt Switch
|-status|p2a: Great Tusk|psn
|-activate|p2a: Great Tusk|ability: Protosynthesis
|-start|p2a: Great Tusk|protosynthesisdef
|
|-weather|SunnyDay|[upkeep]
|-heal|p2a: Great Tusk|42/100 psn|[from] item: Leftovers
|-damage|p2a: Great Tusk|29/100 psn|[from] psn
|upkeep
|turn|15
|inactive|mauritorri has 60 seconds left.
|inactive|MAGAboominGOOCH has 90 seconds left.
|
|t:|1779587766
|move|p1a: Houndoom|Flamethrower|p2a: Great Tusk
|-damage|p2a: Great Tusk|0 fnt
|faint|p2a: Great Tusk
|-end|p2a: Great Tusk|Protosynthesis|[silent]
|
|-weather|SunnyDay|[upkeep]
|upkeep
|
|t:|1779587782
|switch|p2a: Kingambit|Kingambit, M, tera:Dark|43/100
|-status|p2a: Kingambit|psn
|-activate|p2a: Kingambit|ability: Supreme Overlord
|-start|p2a: Kingambit|fallen4|[silent]
|turn|16
|inactive|MAGAboominGOOCH has 90 seconds left.
|inactive|mauritorri has 30 seconds left.
|
|t:|1779587808
|move|p1a: Houndoom|Nasty Plot|p1a: Houndoom
|-boost|p1a: Houndoom|spa|2
|move|p2a: Kingambit|Kowtow Cleave|p1a: Houndoom
|-resisted|p1a: Houndoom
|-damage|p1a: Houndoom|0 fnt
|faint|p1a: Houndoom
|
|-weather|none
|-damage|p2a: Kingambit|31/100 psn|[from] psn
|upkeep
|
|t:|1779587811
|switch|p1a: Inteleon|Inteleon, M, shiny, tera:Bug|88/100
|-damage|p1a: Inteleon|63/100|[from] Stealth Rock
|turn|17
|
|t:|1779587821
|move|p2a: Kingambit|Sucker Punch|p1a: Inteleon
|-damage|p1a: Inteleon|0 fnt
|faint|p1a: Inteleon
|
|-damage|p2a: Kingambit|18/100 psn|[from] psn
|upkeep
|
|t:|1779587824
|switch|p1a: Arcanine|Arcanine-Hisui, M|100/100
|-damage|p1a: Arcanine|76/100|[from] Stealth Rock
|turn|18
|
|t:|1779587835
|move|p1a: Arcanine|Extreme Speed|p2a: Kingambit
|-damage|p2a: Kingambit|0 fnt
|faint|p2a: Kingambit
|-end|p2a: Kingambit|fallen4|[silent]
|-damage|p1a: Arcanine|66/100|[from] item: Life Orb
|
|upkeep
|
|t:|1779587841
|switch|p2a: Rotom|Rotom-Wash|69/100
|turn|19
|inactive|MAGAboominGOOCH has 120 seconds left.
|
|t:|1779587869
|move|p1a: Arcanine|Wild Charge|p2a: Rotom
|-damage|p2a: Rotom|38/100
|-damage|p1a: Arcanine|56/100|[from] item: Life Orb
|move|p2a: Rotom|Hydro Pump|p1a: Arcanine
|-supereffective|p1a: Arcanine
|-crit|p1a: Arcanine
|-damage|p1a: Arcanine|0 fnt
|faint|p1a: Arcanine
|
|win|mauritorri
|raw|MAGAboominGOOCH's rating: 1088 &rarr; <strong>1068</strong><br />(-20 for losing)
|raw|mauritorri's rating: 1143 &rarr; <strong>1164</strong><br />(+21 for winning)
|c|☆MAGAboominGOOCH|gg wp man
|c|☆MAGAboominGOOCH|crazu game
|c|☆MAGAboominGOOCH|crazy
