|j|☆zk1314
|j|☆lizholmes
|t:|1779599951
|gametype|singles
|player|p1|zk1314|n|1353
|player|p2|lizholmes|baker|1424
|gen|9
|tier|[Gen 9] OU
|rated|
|rule|HP Percentage Mod: HP is shown in percentages
|rule|Endless Battle Clause: Forcing endless battles is banned
|rule|Species Clause: Limit one of each Pokémon
|rule|OHKO Clause: OHKO moves are banned
|rule|Evasion Items Clause: Evasion items are banned
|rule|Evasion Moves Clause: Evasion moves are banned
|rule|Evasion Abilities Clause: Evasion abilities are banned
|rule|Sleep Moves Clause: Sleep-inducing moves are banned
|clearpoke
|poke|p1|Armarouge, M|
|poke|p1|Glimmora, F|
|poke|p1|Corviknight, M|
|poke|p1|Iron Valiant|
|poke|p1|Slowking-Galar, M|
|poke|p1|Hawlucha, F|
|poke|p2|Zamazenta-*|
|poke|p2|Iron Hands|
|poke|p2|Ceruledge, F|
|poke|p2|Iron Valiant|
|poke|p2|Deoxys-Speed|
|poke|p2|Glimmora, F|
|teampreview
|inactive|Battle timer is ON: inactive players will automatically lose when time's up. (requested by zk1314)
|
|t:|1779599968
|teamsize|p1|6
|teamsize|p2|6
|start
|switch|p1a: Glimmora|Glimmora, F|100/100
|switch|p2a: Deoxys|Deoxys-Speed|100/100
|-ability|p2a: Deoxys|Pressure
|turn|1
|
|t:|1779599978
|move|p2a: Deoxys|Taunt|p1a: Glimmora
|-start|p1a: Glimmora|move: Taunt
|move|p1a: Glimmora|Power Gem|p2a: Deoxys
|-damage|p2a: Deoxys|46/100
|
|upkeep
|turn|2
|
|t:|1779599986
|move|p2a: Deoxys|Light Screen|p2a: Deoxys
|-sidestart|p2: lizholmes|move: Light Screen
|move|p1a: Glimmora|Power Gem|p2a: Deoxys
|-damage|p2a: Deoxys|19/100
|
|upkeep
|turn|3
|
|t:|1779599991
|move|p2a: Deoxys|Psycho Boost|p1a: Glimmora
|-supereffective|p1a: Glimmora
|-enditem|p1a: Glimmora|Focus Sash
|-damage|p1a: Glimmora|1/100
|-unboost|p2a: Deoxys|spa|2
|move|p1a: Glimmora|Power Gem|p2a: Deoxys
|-damage|p2a: Deoxys|0 fnt
|faint|p2a: Deoxys
|
|-end|p1a: Glimmora|move: Taunt
|upkeep
|
|t:|1779600007
|switch|p2a: Glimmora|Glimmora, F|100/100
|turn|4
|
|t:|1779600013
|move|p1a: Glimmora|Stealth Rock|p2a: Glimmora
|-sidestart|p2: lizholmes|move: Stealth Rock
|move|p2a: Glimmora|Stealth Rock|p1a: Glimmora
|-sidestart|p1: zk1314|move: Stealth Rock
|
|upkeep
|turn|5
|
|t:|1779600019
|move|p1a: Glimmora|Mortal Spin|p2a: Glimmora
|-resisted|p2a: Glimmora
|-damage|p2a: Glimmora|99/100
|-activate|p2a: Glimmora|ability: Toxic Debris
|-sidestart|p1: zk1314|move: Toxic Spikes
|-sideend|p1: zk1314|Toxic Spikes|[from] move: Mortal Spin|[of] p1a: Glimmora
|-sideend|p1: zk1314|Stealth Rock|[from] move: Mortal Spin|[of] p1a: Glimmora
|-enditem|p2a: Glimmora|Red Card|[of] p1a: Glimmora
|drag|p1a: Hawlucha|Hawlucha, F|100/100
|move|p2a: Glimmora|Mortal Spin|p1a: Hawlucha
|-damage|p1a: Hawlucha|93/100
|-status|p1a: Hawlucha|psn
|-sideend|p2: lizholmes|Stealth Rock|[from] move: Mortal Spin|[of] p2a: Glimmora
|
|-damage|p1a: Hawlucha|80/100 psn|[from] psn
|upkeep
|turn|6
|
|t:|1779600035
|switch|p1a: Corviknight|Corviknight, M|100/100
|switch|p2a: Ceruledge|Ceruledge, F|100/100
|
|upkeep
|turn|7
|
|t:|1779600041
|move|p2a: Ceruledge|Swords Dance|p2a: Ceruledge
|-boost|p2a: Ceruledge|atk|2
|move|p1a: Corviknight|U-turn|p2a: Ceruledge
|-resisted|p2a: Ceruledge
|-damage|p2a: Ceruledge|95/100
|-ability|p2a: Ceruledge|Weak Armor|boost
|-unboost|p2a: Ceruledge|def|1
|-boost|p2a: Ceruledge|spe|2
|
|t:|1779600057
|switch|p1a: Armarouge|Armarouge, M|100/100|[from] U-turn
|
|upkeep
|turn|8
|
|t:|1779600068
|-terastallize|p1a: Armarouge|Psychic
|move|p2a: Ceruledge|Bitter Blade|p1a: Armarouge
|-enditem|p1a: Armarouge|Focus Sash
|-damage|p1a: Armarouge|1/100
|-heal|p2a: Ceruledge|100/100|[from] drain|[of] p1a: Armarouge
|-ability|p1a: Armarouge|Weak Armor|boost
|-unboost|p1a: Armarouge|def|1
|-boost|p1a: Armarouge|spe|2
|-damage|p2a: Ceruledge|91/100|[from] item: Life Orb
|move|p1a: Armarouge|Expanding Force|p2a: Ceruledge
|-damage|p2a: Ceruledge|55/100
|
|upkeep
|turn|9
|-message|zk1314 forfeited.
|
|win|lizholmes
|raw|zk1314's rating: 1353 &rarr; <strong>1337</strong><br />(-16 for losing)
|raw|lizholmes's rating: 1424 &rarr; <strong>1440</strong><br />(+16 for winning)
|l|☆zk1314
|player|p1|
|l|☆lizholmes
|player|p2|
