|j|☆A05236
|j|☆Abyssal Bot
|t:|1779572133
|gametype|singles
|player|p1|A05236|265|
|player|p2|Abyssal Bot|supernerd|
|teamsize|p1|6
|teamsize|p2|6
|gen|9
|tier|[Gen 9] OU
|rule|Species Clause: Limit one of each Pokémon
|rule|OHKO Clause: OHKO moves are banned
|rule|Evasion Items Clause: Evasion items are banned
|rule|Evasion Moves Clause: Evasion moves are banned
|rule|Endless Battle Clause: Forcing endless battles is banned
|rule|HP Percentage Mod: HP is shown in percentages
|rule|Sleep Moves Clause: Sleep-inducing moves are banned
|clearpoke
|poke|p1|Rufflet, M|
|poke|p1|Ninetales-Alola, F|
|poke|p1|Carkol, M|
|poke|p1|Dragonair, M|
|poke|p1|Magnezone|
|poke|p1|Dragonite, M|
|poke|p2|Iron Moth|
|poke|p2|Kingambit, M|
|poke|p2|Iron Valiant|
|poke|p2|Rillaboom, M|
|poke|p2|Ogerpon-Cornerstone, F|
|poke|p2|Raging Bolt|
|teampreview
|c|☆Abyssal Bot|**WARNING**: Expect much hax.
|inactive|Battle timer is ON: inactive players will automatically lose when time's up. (requested by Abyssal Bot)
|j|*Turbo Bottttt
|
|t:|1779572136
|start
|switch|p1a: inroads|Carkol, M|100/100
|switch|p2a: Calamity|Iron Valiant, shiny|100/100
|-enditem|p2a: Calamity|Booster Energy
|-activate|p2a: Calamity|ability: Quark Drive|[fromitem]
|-start|p2a: Calamity|quarkdrivespe
|turn|1
|
|t:|1779572139
|-end|p2a: Calamity|Quark Drive|[silent]
|switch|p2a: Byakko|Raging Bolt|100/100
|-enditem|p2a: Byakko|Booster Energy
|-activate|p2a: Byakko|ability: Protosynthesis|[fromitem]
|-start|p2a: Byakko|protosynthesisspa
|move|p1a: inroads|Stealth Rock|p2a: Byakko
|-sidestart|p2: Abyssal Bot|move: Stealth Rock
|
|upkeep
|turn|2
|
|t:|1779572142
|move|p2a: Byakko|Calm Mind|p2a: Byakko
|-boost|p2a: Byakko|spa|1
|-boost|p2a: Byakko|spd|1
|move|p1a: inroads|Will-O-Wisp|p2a: Byakko
|-status|p2a: Byakko|brn
|
|-damage|p2a: Byakko|94/100 brn|[from] brn|[of] p1a: inroads
|upkeep
|turn|3
|
|t:|1779572144
|move|p2a: Byakko|Dragon Pulse|p1a: inroads
|-damage|p1a: inroads|21/100
|move|p1a: inroads|Power Gem|p2a: Byakko
|-damage|p2a: Byakko|83/100 brn
|
|-damage|p2a: Byakko|77/100 brn|[from] brn|[of] p1a: inroads
|upkeep
|turn|4
|
|t:|1779572146
|move|p2a: Byakko|Tera Blast|p1a: inroads
|-resisted|p1a: inroads
|-damage|p1a: inroads|0
|faint|p1a: inroads
|
|-damage|p2a: Byakko|71/100 brn|[from] brn|[of] p1: inroads
|upkeep
|
|t:|1779572149
|switch|p1a: the agency|Dragonite, M|100/100
|turn|5
|
|t:|1779572151
|move|p1a: the agency|Scale Shot|p2a: Byakko
|-supereffective|p2a: Byakko
|-damage|p2a: Byakko|41/100 brn
|-supereffective|p2a: Byakko
|-damage|p2a: Byakko|13/100 brn
|-supereffective|p2a: Byakko
|-damage|p2a: Byakko|0 brn
|faint|p2a: Byakko
|-end|p2a: Byakko|Protosynthesis|[silent]
|-hitcount|p2: Byakko|3
|-unboost|p1a: the agency|def|1
|-boost|p1a: the agency|spe|1
|
|upkeep
|
|t:|1779572151
|switch|p2a: Overgod|Kingambit, M, shiny|100/100
|-damage|p2a: Overgod|94/100|[from] Stealth Rock|[of] p1: inroads
|-activate|p2a: Overgod|ability: Supreme Overlord
|-start|p2a: Overgod|fallen1|[silent]
|turn|6
|
|t:|1779572157
|switch|p1a: deadly|Magnezone|100/100
|move|p2a: Overgod|Swords Dance|p2a: Overgod
|-boost|p2a: Overgod|atk|2
|
|upkeep
|turn|7
|
|t:|1779572159
|move|p1a: deadly|Body Press|p2a: Overgod
|-supereffective|p2a: Overgod
|-damage|p2a: Overgod|0
|faint|p2a: Overgod
|-end|p2a: Overgod|fallen1|[silent]
|-damage|p1a: deadly|91/100|[from] item: Life Orb
|
|upkeep
|
|t:|1779572159
|switch|p2a: Symbolism|Iron Moth, shiny|100/100
|-damage|p2a: Symbolism|76/100|[from] Stealth Rock|[of] p1: inroads
|-enditem|p2a: Symbolism|Booster Energy
|-activate|p2a: Symbolism|ability: Quark Drive|[fromitem]
|-start|p2a: Symbolism|quarkdrivespe
|turn|8
|
|t:|1779572164
|switch|p1a: twice|Rufflet, M|100/100
|move|p2a: Symbolism|Fiery Dance|p1a: twice
|-damage|p1a: twice|64/100
|
|upkeep
|turn|9
|
|t:|1779572166
|move|p2a: Symbolism|Substitute|p2a: Symbolism
|-start|p2a: Symbolism|Substitute
|-damage|p2a: Symbolism|51/100
|move|p1a: twice|Brave Bird|p2a: Symbolism
|-end|p2a: Symbolism|Substitute
|-damage|p1a: twice|55/100|[from] Recoil|[of] p2a: Symbolism
|
|upkeep
|turn|10
|
|t:|1779572169
|move|p2a: Symbolism|Sludge Wave|p1a: twice
|-damage|p1a: twice|16/100
|move|p1a: twice|Brave Bird|p2a: Symbolism
|-damage|p2a: Symbolism|0
|faint|p2a: Symbolism
|-end|p2a: Symbolism|Quark Drive|[silent]
|-damage|p1a: twice|0|[from] Recoil
|faint|p1a: twice
|
|upkeep
|
|t:|1779572171
|switch|p2a: Kong|Rillaboom, M, shiny|100/100
|switch|p1a: china|Dragonair, M|100/100
|-damage|p2a: Kong|88/100|[from] Stealth Rock|[of] p1: inroads
|-fieldstart|move: Grassy Terrain|[from] ability: Grassy Surge|[of] p2a: Kong
|turn|11
|
|t:|1779572174
|move|p2a: Kong|Wood Hammer|p1a: china
|-resisted|p1a: china
|-damage|p1a: china|56/100
|-damage|p2a: Kong|74/100|[from] Recoil
|move|p1a: china|Thunder Wave|p2a: Kong
|-status|p2a: Kong|par
|
|-heal|p1a: china|62/100|[from] Grassy Terrain
|-heal|p2a: Kong|80/100 par|[from] Grassy Terrain
|upkeep
|turn|12
|
|t:|1779572184
|move|p1a: china|Outrage|p2a: Kong
|-damage|p2a: Kong|44/100 par
|move|p2a: Kong|Wood Hammer|p1a: china
|-resisted|p1a: china
|-damage|p1a: china|21/100
|-damage|p2a: Kong|31/100 par|[from] Recoil
|
|-heal|p1a: china|27/100|[from] Grassy Terrain
|-heal|p2a: Kong|37/100 par|[from] Grassy Terrain
|upkeep
|turn|13
|
|t:|1779572187
|move|p1a: china|Outrage|p2a: Kong|[from]lockedmove
|-damage|p2a: Kong|0 par
|faint|p2a: Kong
|-start|p1a: china|confusion|[fatigue]
|
|-heal|p1a: china|34/100|[from] Grassy Terrain
|upkeep
|
|t:|1779572187
|switch|p2a: Calamity|Iron Valiant, shiny|100/100
|-damage|p2a: Calamity|94/100|[from] Stealth Rock|[of] p1: inroads
|turn|14
|
|t:|1779572190
|move|p2a: Calamity|Moonblast|p1a: china
|-supereffective|p1a: china
|-damage|p1a: china|0
|faint|p1a: china
|
|-heal|p2a: Calamity|100/100|[from] Grassy Terrain
|upkeep
|
|t:|1779572196
|switch|p1a: negotiations|Ninetales-Alola, F|100/100
|-weather|Snow|[from] ability: Snow Warning|[of] p1a: negotiations
|turn|15
|
|t:|1779572198
|move|p2a: Calamity|Shadow Ball|p1a: negotiations
|-damage|p1a: negotiations|66/100
|move|p1a: negotiations|Aurora Veil|p1a: negotiations
|-sidestart|p1: A05236|move: Aurora Veil
|
|-weather|Snow|[upkeep]
|-heal|p1a: negotiations|73/100|[from] Grassy Terrain
|-fieldend|move: Grassy Terrain
|upkeep
|turn|16
|
|t:|1779572200
|move|p2a: Calamity|Moonblast|p1a: negotiations
|-damage|p1a: negotiations|45/100
|move|p1a: negotiations|Moonblast|p2a: Calamity
|-supereffective|p2a: Calamity
|-damage|p2a: Calamity|0
|faint|p2a: Calamity
|-end|p2a: Calamity|Quark Drive|[silent]
|
|-weather|Snow|[upkeep]
|upkeep
|
|t:|1779572201
|switch|p2a: Spirit Monger|Ogerpon-Cornerstone, F|100/100
|-damage|p2a: Spirit Monger|88/100|[from] Stealth Rock|[of] p1: inroads
|turn|17
|
|t:|1779572202
|move|p2a: Spirit Monger|Ivy Cudgel|p1a: negotiations|[anim] Ivy Cudgel Rock
|-supereffective|p1a: negotiations
|-damage|p1a: negotiations|0
|faint|p1a: negotiations
|
|-weather|Snow|[upkeep]
|upkeep
|
|t:|1779572207
|switch|p1a: deadly|Magnezone|91/100
|turn|18
|
|t:|1779572209
|move|p2a: Spirit Monger|Taunt|p1a: deadly
|-start|p1a: deadly|move: Taunt
|move|p1a: deadly|Flash Cannon|p2a: Spirit Monger
|-supereffective|p2a: Spirit Monger
|-damage|p2a: Spirit Monger|0
|faint|p2a: Spirit Monger
|-damage|p1a: deadly|81/100|[from] item: Life Orb
|
|win|A05236
|c|☆Abyssal Bot|This loss doesn't matter, because I'm just a bot.
|l|☆Abyssal Bot
|player|p2|
|l|*Turbo Bottttt
