|j|☆hat_fm
|j|☆cihNinja
|t:|1779682703
|gametype|singles
|player|p1|hat_fm|pilot|1329
|player|p2|cihNinja|hilbert-wonderlauncher|1378
|gen|9
|tier|[Gen 9] OU
|rated|
|rule|HP Percentage Mod: HP is shown in percentages
|rule|Endless Battle Clause: Forcing endless battles is banned
|rule|Species Clause: Limit one of each Pokémon
|rule|OHKO Clause: OHKO moves are banned
|rule|Evasion Items Clause: Evasion items are banned
|rule|Evasion Moves Clause: Evasion moves are banned
|rule|Evasion Abilities Clause: Evasion abilities are banned
|rule|Sleep Moves Clause: Sleep-inducing moves are banned
|clearpoke
|poke|p1|Zamazenta-*|
|poke|p1|Ceruledge, F|
|poke|p1|Scizor, F|
|poke|p1|Donphan, F|
|poke|p1|Lycanroc-Dusk, F|
|poke|p1|Florges, F|
|poke|p2|Garganacl, F|
|poke|p2|Zamazenta-*|
|poke|p2|Cresselia, F|
|poke|p2|Samurott-Hisui, F|
|poke|p2|Polteageist|
|poke|p2|Glimmora, M|
|teampreview
|inactive|Battle timer is ON: inactive players will automatically lose when time's up. (requested by cihNinja)
|
|t:|1779682716
|teamsize|p1|6
|teamsize|p2|6
|start
|switch|p1a: Lycanroc|Lycanroc-Dusk, F|100/100
|switch|p2a: Glimmora|Glimmora, M|100/100
|turn|1
|
|t:|1779682722
|move|p1a: Lycanroc|Zen Headbutt|p2a: Glimmora
|-supereffective|p2a: Glimmora
|-enditem|p2a: Glimmora|Focus Sash
|-damage|p2a: Glimmora|1/100
|-activate|p2a: Glimmora|ability: Toxic Debris
|-sidestart|p1: hat_fm|move: Toxic Spikes
|-damage|p1a: Lycanroc|91/100|[from] item: Life Orb
|move|p2a: Glimmora|Earth Power|p1a: Lycanroc
|-supereffective|p1a: Lycanroc
|-damage|p1a: Lycanroc|0 fnt
|faint|p1a: Lycanroc
|
|upkeep
|
|t:|1779682726
|switch|p1a: Donphan|Donphan, F|100/100
|-status|p1a: Donphan|psn
|turn|2
|
|t:|1779682731
|switch|p2a: Polteageist|Polteageist|100/100
|move|p1a: Donphan|Rapid Spin|p2a: Polteageist
|-immune|p2a: Polteageist
|
|-damage|p1a: Donphan|88/100 psn|[from] psn
|upkeep
|turn|3
|
|t:|1779682734
|move|p2a: Polteageist|Shell Smash|p2a: Polteageist
|-unboost|p2a: Polteageist|def|1
|-unboost|p2a: Polteageist|spd|1
|-boost|p2a: Polteageist|atk|2
|-boost|p2a: Polteageist|spa|2
|-boost|p2a: Polteageist|spe|2
|move|p1a: Donphan|Knock Off|p2a: Polteageist
|-supereffective|p2a: Polteageist
|-crit|p2a: Polteageist
|-enditem|p2a: Polteageist|Focus Sash
|-damage|p2a: Polteageist|1/100
|-ability|p2a: Polteageist|Weak Armor|boost
|-unboost|p2a: Polteageist|def|1
|-boost|p2a: Polteageist|spe|2
|
|-damage|p1a: Donphan|75/100 psn|[from] psn
|upkeep
|turn|4
|
|t:|1779682750
|move|p2a: Polteageist|Giga Drain|p1a: Donphan
|-supereffective|p1a: Donphan
|-damage|p1a: Donphan|0 fnt
|-heal|p2a: Polteageist|56/100|[from] drain|[of] p1a: Donphan
|faint|p1a: Donphan
|
|upkeep
|
|t:|1779682754
|switch|p1a: Ceruledge|Ceruledge, F|100/100
|-status|p1a: Ceruledge|psn
|turn|5
|
|t:|1779682763
|move|p1a: Ceruledge|Shadow Sneak|p2a: Polteageist
|-supereffective|p2a: Polteageist
|-crit|p2a: Polteageist
|-damage|p2a: Polteageist|0 fnt
|faint|p2a: Polteageist
|
|-damage|p1a: Ceruledge|88/100 psn|[from] psn
|upkeep
|
|t:|1779682767
|switch|p2a: Samurott|Samurott-Hisui, F|100/100
|turn|6
|
|t:|1779682773
|switch|p1a: Zamazenta|Zamazenta|100/100
|-status|p1a: Zamazenta|psn
|-ability|p1a: Zamazenta|Dauntless Shield|boost
|-boost|p1a: Zamazenta|def|1
|move|p2a: Samurott|Ceaseless Edge|p1a: Zamazenta
|-resisted|p1a: Zamazenta
|-damage|p1a: Zamazenta|90/100 psn
|-sidestart|p1: hat_fm|Spikes
|
|-heal|p1a: Zamazenta|96/100 psn|[from] item: Leftovers
|-damage|p1a: Zamazenta|83/100 psn|[from] psn
|upkeep
|turn|7
|
|t:|1779682781
|switch|p2a: Glimmora|Glimmora, M|1/100
|move|p1a: Zamazenta|Iron Defense|p1a: Zamazenta
|-boost|p1a: Zamazenta|def|2
|
|-heal|p1a: Zamazenta|90/100 psn|[from] item: Leftovers
|-damage|p1a: Zamazenta|77/100 psn|[from] psn
|upkeep
|turn|8
|
|t:|1779682787
|move|p1a: Zamazenta|Body Press|p2a: Glimmora
|-damage|p2a: Glimmora|0 fnt
|-activate|p2a: Glimmora|ability: Toxic Debris
|-sidestart|p1: hat_fm|move: Toxic Spikes
|faint|p2a: Glimmora
|
|-heal|p1a: Zamazenta|83/100 psn|[from] item: Leftovers
|-damage|p1a: Zamazenta|71/100 psn|[from] psn
|upkeep
|
|t:|1779682792
|switch|p2a: Zamazenta|Zamazenta|100/100
|-ability|p2a: Zamazenta|Dauntless Shield|boost
|-boost|p2a: Zamazenta|def|1
|turn|9
|
|t:|1779682797
|move|p1a: Zamazenta|Body Press|p2a: Zamazenta
|-damage|p2a: Zamazenta|59/100
|move|p2a: Zamazenta|Iron Defense|p2a: Zamazenta
|-boost|p2a: Zamazenta|def|2
|
|-heal|p1a: Zamazenta|77/100 psn|[from] item: Leftovers
|-heal|p2a: Zamazenta|65/100|[from] item: Leftovers
|-damage|p1a: Zamazenta|65/100 psn|[from] psn
|upkeep
|turn|10
|
|t:|1779682804
|move|p2a: Zamazenta|Body Press|p1a: Zamazenta
|-damage|p1a: Zamazenta|41/100 psn
|move|p1a: Zamazenta|Roar|p2a: Zamazenta
|drag|p2a: Cresselia|Cresselia, F|100/100
|
|-heal|p1a: Zamazenta|48/100 psn|[from] item: Leftovers
|-damage|p1a: Zamazenta|35/100 psn|[from] psn
|upkeep
|turn|11
|
|t:|1779682811
|switch|p2a: Zamazenta|Zamazenta|65/100
|-terastallize|p1a: Zamazenta|Dark
|move|p1a: Zamazenta|Crunch|p2a: Zamazenta
|-resisted|p2a: Zamazenta
|-damage|p2a: Zamazenta|55/100
|-unboost|p2a: Zamazenta|def|1
|
|-heal|p1a: Zamazenta|41/100 psn|[from] item: Leftovers
|-heal|p2a: Zamazenta|61/100|[from] item: Leftovers
|-damage|p1a: Zamazenta|29/100 psn|[from] psn
|upkeep
|turn|12
|
|t:|1779682816
|move|p1a: Zamazenta|Body Press|p2a: Zamazenta
|-damage|p2a: Zamazenta|0 fnt
|faint|p2a: Zamazenta
|
|-heal|p1a: Zamazenta|35/100 psn|[from] item: Leftovers
|-damage|p1a: Zamazenta|23/100 psn|[from] psn
|upkeep
|
|t:|1779682823
|switch|p2a: Cresselia|Cresselia, F|100/100
|turn|13
|
|t:|1779682828
|-terastallize|p2a: Cresselia|Poison
|move|p1a: Zamazenta|Crunch|p2a: Cresselia
|-damage|p2a: Cresselia|82/100
|-unboost|p2a: Cresselia|def|1
|move|p2a: Cresselia|Calm Mind|p2a: Cresselia
|-boost|p2a: Cresselia|spa|1
|-boost|p2a: Cresselia|spd|1
|
|-heal|p1a: Zamazenta|29/100 psn|[from] item: Leftovers
|-heal|p2a: Cresselia|88/100|[from] item: Leftovers
|-damage|p1a: Zamazenta|17/100 psn|[from] psn
|upkeep
|turn|14
|
|t:|1779682838
|move|p1a: Zamazenta|Body Press|p2a: Cresselia
|-resisted|p2a: Cresselia
|-crit|p2a: Cresselia
|-damage|p2a: Cresselia|37/100
|move|p2a: Cresselia|Moonblast|p1a: Zamazenta
|-supereffective|p1a: Zamazenta
|-damage|p1a: Zamazenta|0 fnt
|faint|p1a: Zamazenta
|
|-heal|p2a: Cresselia|43/100|[from] item: Leftovers
|upkeep
|
|t:|1779682855
|switch|p1a: Ceruledge|Ceruledge, F|88/100 psn
|-damage|p1a: Ceruledge|76/100 psn|[from] Spikes
|turn|15
|
|t:|1779682860
|move|p1a: Ceruledge|Poltergeist|p2a: Cresselia
|-activate|p2a: Cresselia|move: Poltergeist|Leftovers
|-damage|p2a: Cresselia|0 fnt
|faint|p2a: Cresselia
|
|-damage|p1a: Ceruledge|63/100 psn|[from] psn
|upkeep
|
|t:|1779682865
|switch|p2a: Samurott|Samurott-Hisui, F|100/100
|turn|16
|
|t:|1779682876
|move|p1a: Ceruledge|Shadow Sneak|p2a: Samurott
|-resisted|p2a: Samurott
|-damage|p2a: Samurott|90/100
|move|p2a: Samurott|Knock Off|p1a: Ceruledge
|-supereffective|p1a: Ceruledge
|-damage|p1a: Ceruledge|0 fnt
|-enditem|p1a: Ceruledge|Focus Sash|[from] move: Knock Off|[of] p2a: Samurott
|faint|p1a: Ceruledge
|
|upkeep
|
|t:|1779682878
|switch|p1a: Florges|Florges, F|100/100
|-status|p1a: Florges|tox
|-damage|p1a: Florges|88/100 tox|[from] Spikes
|turn|17
|
|t:|1779682883
|move|p2a: Samurott|Razor Shell|p1a: Florges
|-damage|p1a: Florges|23/100 tox
|-unboost|p1a: Florges|def|1
|move|p1a: Florges|Giga Drain|p2a: Samurott
|-supereffective|p2a: Samurott
|-damage|p2a: Samurott|51/100
|-heal|p1a: Florges|46/100 tox|[from] drain|[of] p2a: Samurott
|
|-heal|p1a: Florges|52/100 tox|[from] item: Leftovers
|-damage|p1a: Florges|46/100 tox|[from] psn
|upkeep
|turn|18
|
|t:|1779682890
|move|p2a: Samurott|Razor Shell|p1a: Florges
|-damage|p1a: Florges|0 fnt
|faint|p1a: Florges
|
|upkeep
|
|t:|1779682893
|switch|p1a: Scizor|Scizor, F|100/100
|-damage|p1a: Scizor|88/100|[from] Spikes
|turn|19
|
|t:|1779682903
|move|p2a: Samurott|Knock Off|p1a: Scizor
|-damage|p1a: Scizor|50/100
|-enditem|p1a: Scizor|Life Orb|[from] move: Knock Off|[of] p2a: Samurott
|move|p1a: Scizor|Swords Dance|p1a: Scizor
|-boost|p1a: Scizor|atk|2
|
|upkeep
|turn|20
|
|t:|1779682913
|move|p1a: Scizor|Bullet Punch|p2a: Samurott
|-resisted|p2a: Samurott
|-damage|p2a: Samurott|13/100
|move|p2a: Samurott|Knock Off|p1a: Scizor
|-damage|p1a: Scizor|22/100
|
|upkeep
|turn|21
|
|t:|1779682920
|move|p2a: Samurott|Sucker Punch|p1a: Scizor
|-damage|p1a: Scizor|0 fnt
|faint|p1a: Scizor
|
|win|cihNinja
|raw|hat_fm's rating: 1329 &rarr; <strong>1312</strong><br />(-17 for losing)
|raw|cihNinja's rating: 1378 &rarr; <strong>1395</strong><br />(+17 for winning)
|l|☆hat_fm
|player|p1|
|l|☆cihNinja
|player|p2|
