|j|☆5love
|j|☆doritolover1
|t:|1779589796
|gametype|singles
|player|p1|5love|102|1085
|player|p2|doritolover1|265|1079
|gen|9
|tier|[Gen 9] OU
|rated|
|rule|HP Percentage Mod: HP is shown in percentages
|rule|Endless Battle Clause: Forcing endless battles is banned
|rule|Species Clause: Limit one of each Pokémon
|rule|OHKO Clause: OHKO moves are banned
|rule|Evasion Items Clause: Evasion items are banned
|rule|Evasion Moves Clause: Evasion moves are banned
|rule|Evasion Abilities Clause: Evasion abilities are banned
|rule|Sleep Moves Clause: Sleep-inducing moves are banned
|clearpoke
|poke|p1|Noivern, M|
|poke|p1|Dragapult, M|
|poke|p1|Gholdengo|
|poke|p1|Lucario, F|
|poke|p1|Zoroark-Hisui, M|
|poke|p1|Swampert, M|
|poke|p2|Metagross|
|poke|p2|Azelf|
|poke|p2|Golem-Alola, M|
|poke|p2|Volcanion|
|poke|p2|Regidrago|
|poke|p2|Minior-Violet|
|teampreview
|inactive|Battle timer is ON: inactive players will automatically lose when time's up. (requested by doritolover1)
|
|t:|1779589813
|teamsize|p1|6
|teamsize|p2|6
|start
|switch|p1a: Noivern|Noivern, M|100/100
|switch|p2a: TNT|Regidrago, shiny|100/100
|-item|p2a: TNT|Expert Belt|[from] ability: Frisk|[of] p1a: Noivern
|turn|1
|
|t:|1779589823
|move|p1a: Noivern|Taunt|p2a: TNT
|-start|p2a: TNT|move: Taunt
|move|p2a: TNT|Dragon Claw|p1a: Noivern
|-supereffective|p1a: Noivern
|-damage|p1a: Noivern|0 fnt
|faint|p1a: Noivern
|
|upkeep
|
|t:|1779589838
|switch|p1a: Dragapult|Dragapult, M|100/100
|turn|2
|
|t:|1779589854
|switch|p2a: X-Plosion|Metagross, shiny|100/100
|move|p1a: Dragapult|Dragon Darts|p2a: X-Plosion
|-resisted|p2a: X-Plosion
|-damage|p2a: X-Plosion|89/100
|-anim|p1a: Dragapult|Dragon Darts|p2a: X-Plosion
|-resisted|p2a: X-Plosion
|-damage|p2a: X-Plosion|77/100
|
|upkeep
|turn|3
|
|t:|1779589867
|move|p1a: Dragapult|Phantom Force||[still]
|-prepare|p1a: Dragapult|Phantom Force
|move|p2a: X-Plosion|Stealth Rock|p1a: Dragapult
|-sidestart|p1: 5love|move: Stealth Rock
|
|upkeep
|turn|4
|
|t:|1779589878
|switch|p2a: Nuclear|Volcanion|100/100
|move|p1a: Dragapult|Phantom Force|p2a: Nuclear|[from] lockedmove
|-damage|p2a: Nuclear|56/100
|
|upkeep
|turn|5
|
|t:|1779589894
|move|p1a: Dragapult|Dragon Darts|p2a: Nuclear
|-damage|p2a: Nuclear|33/100
|-anim|p1a: Dragapult|Dragon Darts|p2a: Nuclear
|-damage|p2a: Nuclear|12/100
|move|p2a: Nuclear|Will-O-Wisp|p1a: Dragapult
|-status|p1a: Dragapult|brn
|
|-damage|p1a: Dragapult|95/100 brn|[from] brn
|upkeep
|turn|6
|
|t:|1779589917
|move|p2a: Nuclear|Protect|p2a: Nuclear
|-singleturn|p2a: Nuclear|Protect
|move|p1a: Dragapult|Dragon Darts|p2a: Nuclear
|-activate|p2a: Nuclear|move: Protect
|
|-heal|p1a: Dragapult|100/100 brn|[from] item: Leftovers
|-damage|p1a: Dragapult|95/100 brn|[from] brn
|upkeep
|turn|7
|
|t:|1779589945
|switch|p2a: Spark|Azelf|100/100
|move|p1a: Dragapult|Dragon Darts|p2a: Spark
|-damage|p2a: Spark|84/100
|-anim|p1a: Dragapult|Dragon Darts|p2a: Spark
|-damage|p2a: Spark|67/100
|
|-heal|p1a: Dragapult|100/100 brn|[from] item: Leftovers
|-damage|p1a: Dragapult|95/100 brn|[from] brn
|upkeep
|turn|8
|inactive|doritolover1 has 120 seconds left.
|
|t:|1779589967
|move|p1a: Dragapult|Phantom Force||[still]
|-prepare|p1a: Dragapult|Phantom Force
|move|p2a: Spark|Dazzling Gleam|p1a: Dragapult|[miss]
|-miss|p2a: Spark|p1a: Dragapult
|
|-heal|p1a: Dragapult|100/100 brn|[from] item: Leftovers
|-damage|p1a: Dragapult|95/100 brn|[from] brn
|upkeep
|turn|9
|
|t:|1779589971
|move|p2a: Spark|Protect|p2a: Spark
|-singleturn|p2a: Spark|Protect
|move|p1a: Dragapult|Phantom Force|p2a: Spark|[from] lockedmove
|-activate|p2a: Spark|move: Phantom Force|[broken]
|-supereffective|p2a: Spark
|-damage|p2a: Spark|6/100
|
|-heal|p1a: Dragapult|100/100 brn|[from] item: Leftovers
|-damage|p1a: Dragapult|95/100 brn|[from] brn
|upkeep
|turn|10
|
|t:|1779589982
|move|p1a: Dragapult|U-turn|p2a: Spark
|-supereffective|p2a: Spark
|-damage|p2a: Spark|0 fnt
|faint|p2a: Spark
|
|t:|1779589998
|switch|p1a: Swampert|Swampert, M|100/100|[from] U-turn
|-damage|p1a: Swampert|94/100|[from] Stealth Rock
|
|upkeep
|
|t:|1779590013
|switch|p2a: TNT|Regidrago, shiny|100/100
|turn|11
|
|t:|1779590019
|move|p2a: TNT|Dragon Dance|p2a: TNT
|-boost|p2a: TNT|atk|1
|-boost|p2a: TNT|spe|1
|move|p1a: Swampert|Ice Punch|p2a: TNT
|-supereffective|p2a: TNT
|-damage|p2a: TNT|44/100
|
|upkeep
|turn|12
|
|t:|1779590033
|-terastallize|p2a: TNT|Dragon
|move|p2a: TNT|Dragon Claw|p1a: Swampert
|-damage|p1a: Swampert|0 fnt
|faint|p1a: Swampert
|
|upkeep
|
|t:|1779590044
|switch|p1a: Dragapult|Dragapult, M|95/100 brn
|-damage|p1a: Dragapult|82/100 brn|[from] Stealth Rock
|turn|13
|
|t:|1779590051
|move|p1a: Dragapult|Dragon Darts|p2a: TNT
|-supereffective|p2a: TNT
|-damage|p2a: TNT|16/100
|-anim|p1a: Dragapult|Dragon Darts|p2a: TNT
|-supereffective|p2a: TNT
|-damage|p2a: TNT|0 fnt
|faint|p2a: TNT
|
|-heal|p1a: Dragapult|88/100 brn|[from] item: Leftovers
|-damage|p1a: Dragapult|82/100 brn|[from] brn
|upkeep
|
|t:|1779590070
|switch|p2a: Dynamite|Minior-Violet|100/100
|-formechange|p2a: Dynamite|Minior-Meteor||[from] ability: Shields Down
|turn|14
|inactive|doritolover1 has 120 seconds left.
|
|t:|1779590108
|move|p1a: Dragapult|U-turn|p2a: Dynamite
|-resisted|p2a: Dynamite
|-damage|p2a: Dynamite|92/100
|
|t:|1779590120
|switch|p1a: Lucario|Lucario, F|100/100|[from] U-turn
|-damage|p1a: Lucario|98/100|[from] Stealth Rock
|move|p2a: Dynamite|Shell Smash|p2a: Dynamite
|-unboost|p2a: Dynamite|def|1
|-unboost|p2a: Dynamite|spd|1
|-boost|p2a: Dynamite|atk|2
|-boost|p2a: Dynamite|spa|2
|-boost|p2a: Dynamite|spe|2
|-enditem|p2a: Dynamite|White Herb
|-clearnegativeboost|p2a: Dynamite|[silent]
|
|upkeep
|turn|15
|
|t:|1779590148
|move|p1a: Lucario|Protect|p1a: Lucario
|-singleturn|p1a: Lucario|Protect
|move|p2a: Dynamite|Acrobatics|p1a: Lucario
|-activate|p1a: Lucario|move: Protect
|
|upkeep
|turn|16
|
|t:|1779590154
|move|p2a: Dynamite|Acrobatics|p1a: Lucario
|-damage|p1a: Lucario|0 fnt
|faint|p1a: Lucario
|
|upkeep
|
|t:|1779590165
|switch|p1a: Dragapult|Dragapult, M|82/100 brn
|-damage|p1a: Dragapult|70/100 brn|[from] Stealth Rock
|turn|17
|
|t:|1779590172
|move|p2a: Dynamite|Acrobatics|p1a: Dragapult
|-damage|p1a: Dragapult|0 fnt
|faint|p1a: Dragapult
|
|upkeep
|
|t:|1779590176
|switch|p1a: Gholdengo|Gholdengo|100/100
|-damage|p1a: Gholdengo|94/100|[from] Stealth Rock
|-item|p1a: Gholdengo|Air Balloon
|turn|18
|
|t:|1779590186
|-terastallize|p1a: Gholdengo|Steel
|move|p2a: Dynamite|Acrobatics|p1a: Gholdengo
|-resisted|p1a: Gholdengo
|-damage|p1a: Gholdengo|53/100
|-enditem|p1a: Gholdengo|Air Balloon
|move|p1a: Gholdengo|Make It Rain|p2a: Dynamite
|-supereffective|p2a: Dynamite
|-damage|p2a: Dynamite|0 fnt
|-unboost|p1a: Gholdengo|spa|1
|faint|p2a: Dynamite
|
|upkeep
|inactive|doritolover1 has 120 seconds left.
|
|t:|1779590196
|switch|p2a: X-Plosion|Metagross, shiny|77/100
|turn|19
|
|t:|1779590203
|switch|p1a: Gholdengo|Gholdengo|100/100
|-damage|p1a: Gholdengo|88/100|[from] Stealth Rock
|move|p2a: X-Plosion|Explosion|p1a: Gholdengo
|-immune|p1a: Gholdengo
|faint|p2a: X-Plosion
|
|upkeep
|
|t:|1779590209
|switch|p2a: Nuclear|Volcanion|12/100
|-start|p1a: Gholdengo|typechange|Steel|[silent]
|turn|20
|
|t:|1779590222
|move|p1a: Gholdengo|Hyper Voice|p2a: Nuclear
|-damage|p2a: Nuclear|0 fnt
|faint|p2a: Nuclear
|-damage|p1a: Gholdengo|78/100|[from] item: Life Orb
|
|upkeep
|
|t:|1779590229
|switch|p2a: Atom Bomb|Golem-Alola, M, shiny|100/100
|turn|21
|
|t:|1779590235
|move|p1a: Gholdengo|Nasty Plot|p1a: Gholdengo
|-boost|p1a: Gholdengo|spa|2
|move|p2a: Atom Bomb|Rock Polish|p2a: Atom Bomb
|-boost|p2a: Atom Bomb|spe|2
|
|upkeep
|turn|22
|
|t:|1779590249
|move|p2a: Atom Bomb|Electric Terrain|p2a: Atom Bomb
|-fieldstart|move: Electric Terrain
|move|p1a: Gholdengo|Shadow Ball|p2a: Atom Bomb
|-enditem|p2a: Atom Bomb|Focus Sash
|-damage|p2a: Atom Bomb|1/100
|-damage|p1a: Gholdengo|68/100|[from] item: Life Orb
|
|upkeep
|turn|23
|
|t:|1779590265
|move|p2a: Atom Bomb|Explosion|p1a: Gholdengo
|-damage|p1a: Gholdengo|0 fnt
|replace|p1a: Zoroark|Zoroark-Hisui, M
|-end|p1a: Zoroark|Illusion
|faint|p2a: Atom Bomb
|faint|p1a: Zoroark
|
|win|5love
|raw|5love's rating: 1085 &rarr; <strong>1112</strong><br />(+27 for winning)
|raw|doritolover1's rating: 1079 &rarr; <strong>1058</strong><br />(-21 for losing)
|l|☆doritolover1
|player|p2|
|l|☆5love
|player|p1|
