|j|☆Twisted Divinity
|j|☆Exilos
|t:|1779564576
|gametype|singles
|player|p1|Twisted Divinity|acerola-masters|1437
|player|p2|Exilos|101|1365
|gen|9
|tier|[Gen 9] OU
|rated|
|rule|HP Percentage Mod: HP is shown in percentages
|rule|Endless Battle Clause: Forcing endless battles is banned
|rule|Species Clause: Limit one of each Pokémon
|rule|OHKO Clause: OHKO moves are banned
|rule|Evasion Items Clause: Evasion items are banned
|rule|Evasion Moves Clause: Evasion moves are banned
|rule|Evasion Abilities Clause: Evasion abilities are banned
|rule|Sleep Moves Clause: Sleep-inducing moves are banned
|clearpoke
|poke|p1|Wo-Chien|
|poke|p1|Torkoal, M|
|poke|p1|Cinderace, F|
|poke|p1|Great Tusk|
|poke|p1|Walking Wake|
|poke|p1|Clefable, F|
|poke|p2|Clawitzer, M|
|poke|p2|Raging Bolt|
|poke|p2|Zamazenta-*|
|poke|p2|Slowking-Galar, M|
|poke|p2|Moltres|
|poke|p2|Dragapult, M|
|teampreview
|inactive|Battle timer is ON: inactive players will automatically lose when time's up. (requested by Exilos)
|inactive|Twisted Divinity also wants the timer to be on.
|
|t:|1779564588
|teamsize|p1|6
|teamsize|p2|6
|start
|switch|p1a: Let's Larp|Clefable, F|100/100
|switch|p2a: Moltres|Moltres|100/100
|turn|1
|
|t:|1779564595
|switch|p1a: MAXIMUM OUTPUT|Walking Wake|100/100
|move|p2a: Moltres|U-turn|p1a: MAXIMUM OUTPUT
|-damage|p1a: MAXIMUM OUTPUT|85/100
|
|t:|1779564600
|switch|p2a: Slowking|Slowking-Galar, M|100/100|[from] U-turn
|
|upkeep
|turn|2
|
|t:|1779564614
|-end|p1a: MAXIMUM OUTPUT|Protosynthesis|[silent]
|switch|p1a: The Sun Is So Loud|Torkoal, M|100/100
|-weather|SunnyDay|[from] ability: Drought|[of] p1a: The Sun Is So Loud
|move|p2a: Slowking|Sludge Bomb|p1a: The Sun Is So Loud
|-damage|p1a: The Sun Is So Loud|65/100
|
|-weather|SunnyDay|[upkeep]
|upkeep
|turn|3
|
|t:|1779564635
|switch|p1a: Wo Chienuenly|Wo-Chien|100/100
|-ability|p1a: Wo Chienuenly|Tablets of Ruin
|move|p2a: Slowking|Sludge Bomb|p1a: Wo Chienuenly
|-supereffective|p1a: Wo Chienuenly
|-damage|p1a: Wo Chienuenly|23/100
|
|-weather|SunnyDay|[upkeep]
|upkeep
|turn|4
|
|t:|1779564640
|move|p1a: Wo Chienuenly|Knock Off|p2a: Slowking
|-supereffective|p2a: Slowking
|-damage|p2a: Slowking|1/100
|-enditem|p2a: Slowking|Assault Vest|[from] move: Knock Off|[of] p1a: Wo Chienuenly
|-damage|p1a: Wo Chienuenly|13/100|[from] item: Life Orb
|move|p2a: Slowking|Sludge Bomb|p1a: Wo Chienuenly
|-supereffective|p1a: Wo Chienuenly
|-damage|p1a: Wo Chienuenly|0 fnt
|faint|p1a: Wo Chienuenly
|
|-weather|SunnyDay|[upkeep]
|upkeep
|
|t:|1779564644
|switch|p1a: Chuck Norris Kick|Cinderace, F|100/100
|-item|p1a: Chuck Norris Kick|Air Balloon
|turn|5
|
|t:|1779564672
|switch|p2a: Zamazenta|Zamazenta|100/100
|-ability|p2a: Zamazenta|Dauntless Shield|boost
|-boost|p2a: Zamazenta|def|1
|move|p1a: Chuck Norris Kick|Flame Charge|p2a: Zamazenta
|-damage|p2a: Zamazenta|77/100
|-boost|p1a: Chuck Norris Kick|spe|1
|
|-weather|SunnyDay|[upkeep]
|upkeep
|turn|6
|
|t:|1779564680
|move|p1a: Chuck Norris Kick|Pyro Ball|p2a: Zamazenta|[miss]
|-miss|p1a: Chuck Norris Kick|p2a: Zamazenta
|move|p2a: Zamazenta|Stone Edge|p1a: Chuck Norris Kick
|-supereffective|p1a: Chuck Norris Kick
|-crit|p1a: Chuck Norris Kick
|-damage|p1a: Chuck Norris Kick|0 fnt
|-enditem|p1a: Chuck Norris Kick|Air Balloon
|faint|p1a: Chuck Norris Kick
|
|-weather|SunnyDay|[upkeep]
|upkeep
|
|t:|1779564685
|switch|p1a: MAXIMUM OUTPUT|Walking Wake|85/100
|-activate|p1a: MAXIMUM OUTPUT|ability: Protosynthesis
|-start|p1a: MAXIMUM OUTPUT|protosynthesisspe
|turn|7
|
|t:|1779564697
|move|p1a: MAXIMUM OUTPUT|Draco Meteor|p2a: Zamazenta
|-damage|p2a: Zamazenta|0 fnt
|-unboost|p1a: MAXIMUM OUTPUT|spa|2
|faint|p2a: Zamazenta
|
|-weather|SunnyDay|[upkeep]
|upkeep
|
|t:|1779564706
|switch|p2a: boom|Clawitzer, M, shiny|100/100
|turn|8
|
|t:|1779564710
|-end|p1a: MAXIMUM OUTPUT|Protosynthesis|[silent]
|switch|p1a: Let's Larp|Clefable, F|100/100
|move|p2a: boom|Dragon Pulse|p1a: Let's Larp
|-immune|p1a: Let's Larp
|
|-weather|SunnyDay|[upkeep]
|upkeep
|turn|9
|
|t:|1779564716
|switch|p2a: Slowking|Slowking-Galar, M|34/100
|move|p1a: Let's Larp|Calm Mind|p1a: Let's Larp
|-boost|p1a: Let's Larp|spa|1
|-boost|p1a: Let's Larp|spd|1
|
|-weather|none
|upkeep
|turn|10
|
|t:|1779564720
|move|p1a: Let's Larp|Flamethrower|p2a: Slowking
|-damage|p2a: Slowking|13/100
|move|p2a: Slowking|Sludge Bomb|p1a: Let's Larp
|-supereffective|p1a: Let's Larp
|-damage|p1a: Let's Larp|47/100
|
|upkeep
|turn|11
|
|t:|1779564727
|switch|p2a: Moltres|Moltres|100/100
|move|p1a: Let's Larp|Flamethrower|p2a: Moltres
|-resisted|p2a: Moltres
|-damage|p2a: Moltres|85/100
|
|upkeep
|turn|12
|
|t:|1779564731
|switch|p2a: Slowking|Slowking-Galar, M|46/100
|move|p1a: Let's Larp|Moonlight|p1a: Let's Larp
|-heal|p1a: Let's Larp|97/100
|
|upkeep
|turn|13
|
|t:|1779564736
|move|p1a: Let's Larp|Calm Mind|p1a: Let's Larp
|-boost|p1a: Let's Larp|spa|1
|-boost|p1a: Let's Larp|spd|1
|move|p2a: Slowking|Sludge Bomb|p1a: Let's Larp
|-supereffective|p1a: Let's Larp
|-damage|p1a: Let's Larp|63/100
|
|upkeep
|turn|14
|
|t:|1779564740
|move|p1a: Let's Larp|Calm Mind|p1a: Let's Larp
|-boost|p1a: Let's Larp|spa|1
|-boost|p1a: Let's Larp|spd|1
|move|p2a: Slowking|Sludge Bomb|p1a: Let's Larp
|-supereffective|p1a: Let's Larp
|-damage|p1a: Let's Larp|32/100
|
|upkeep
|turn|15
|
|t:|1779564742
|move|p1a: Let's Larp|Moonlight|p1a: Let's Larp
|-heal|p1a: Let's Larp|82/100
|move|p2a: Slowking|Sludge Bomb|p1a: Let's Larp
|-supereffective|p1a: Let's Larp
|-damage|p1a: Let's Larp|50/100
|
|upkeep
|turn|16
|
|t:|1779564745
|move|p1a: Let's Larp|Calm Mind|p1a: Let's Larp
|-boost|p1a: Let's Larp|spa|1
|-boost|p1a: Let's Larp|spd|1
|move|p2a: Slowking|Sludge Bomb|p1a: Let's Larp
|-supereffective|p1a: Let's Larp
|-damage|p1a: Let's Larp|23/100
|
|upkeep
|turn|17
|
|t:|1779564750
|move|p1a: Let's Larp|Moonlight|p1a: Let's Larp
|-heal|p1a: Let's Larp|73/100
|move|p2a: Slowking|Sludge Bomb|p1a: Let's Larp
|-supereffective|p1a: Let's Larp
|-damage|p1a: Let's Larp|45/100
|
|upkeep
|turn|18
|
|t:|1779564756
|move|p1a: Let's Larp|Moonlight|p1a: Let's Larp
|-heal|p1a: Let's Larp|95/100
|move|p2a: Slowking|Psyshock|p1a: Let's Larp
|-damage|p1a: Let's Larp|63/100
|
|upkeep
|turn|19
|
|t:|1779564759
|move|p1a: Let's Larp|Calm Mind|p1a: Let's Larp
|-boost|p1a: Let's Larp|spa|1
|-boost|p1a: Let's Larp|spd|1
|move|p2a: Slowking|Sludge Bomb|p1a: Let's Larp
|-supereffective|p1a: Let's Larp
|-damage|p1a: Let's Larp|40/100
|
|upkeep
|turn|20
|
|t:|1779564760
|move|p1a: Let's Larp|Moonlight|p1a: Let's Larp
|-heal|p1a: Let's Larp|90/100
|move|p2a: Slowking|Sludge Bomb|p1a: Let's Larp
|-supereffective|p1a: Let's Larp
|-damage|p1a: Let's Larp|70/100
|
|upkeep
|turn|21
|
|t:|1779564766
|move|p1a: Let's Larp|Flamethrower|p2a: Slowking
|-damage|p2a: Slowking|0 fnt
|faint|p2a: Slowking
|
|upkeep
|
|t:|1779564773
|switch|p2a: Moltres|Moltres|85/100
|turn|22
|
|t:|1779564776
|move|p1a: Let's Larp|Moonlight|p1a: Let's Larp
|-heal|p1a: Let's Larp|100/100
|move|p2a: Moltres|Roar|p1a: Let's Larp
|drag|p1a: Great Tuskarus|Great Tusk, shiny|100/100
|
|upkeep
|turn|23
|
|t:|1779564784
|move|p1a: Great Tuskarus|Stealth Rock|p2a: Moltres
|-sidestart|p2: Exilos|move: Stealth Rock
|move|p2a: Moltres|Flamethrower|p1a: Great Tuskarus
|-damage|p1a: Great Tuskarus|55/100
|
|upkeep
|turn|24
|
|t:|1779564791
|-end|p1a: Great Tuskarus|Protosynthesis|[silent]
|switch|p1a: Let's Larp|Clefable, F|100/100
|move|p2a: Moltres|Flamethrower|p1a: Let's Larp
|-damage|p1a: Let's Larp|70/100
|
|upkeep
|turn|25
|
|t:|1779564794
|move|p1a: Let's Larp|Moonblast|p2a: Moltres
|-resisted|p2a: Moltres
|-damage|p2a: Moltres|68/100
|move|p2a: Moltres|Roar|p1a: Let's Larp
|drag|p1a: The Sun Is So Loud|Torkoal, M|65/100
|-weather|SunnyDay|[from] ability: Drought|[of] p1a: The Sun Is So Loud
|
|-weather|SunnyDay|[upkeep]
|upkeep
|turn|26
|
|t:|1779564800
|switch|p1a: MAXIMUM OUTPUT|Walking Wake|85/100
|-activate|p1a: MAXIMUM OUTPUT|ability: Protosynthesis
|-start|p1a: MAXIMUM OUTPUT|protosynthesisspe
|move|p2a: Moltres|Flamethrower|p1a: MAXIMUM OUTPUT
|-resisted|p1a: MAXIMUM OUTPUT
|-damage|p1a: MAXIMUM OUTPUT|70/100
|
|-weather|SunnyDay|[upkeep]
|upkeep
|turn|27
|
|t:|1779564811
|move|p1a: MAXIMUM OUTPUT|Draco Meteor|p2a: Moltres
|-damage|p2a: Moltres|0 fnt
|-unboost|p1a: MAXIMUM OUTPUT|spa|2
|faint|p2a: Moltres
|
|-weather|SunnyDay|[upkeep]
|upkeep
|
|t:|1779564813
|switch|p2a: Raging Bolt|Raging Bolt|100/100
|-damage|p2a: Raging Bolt|88/100|[from] Stealth Rock
|-activate|p2a: Raging Bolt|ability: Protosynthesis
|-start|p2a: Raging Bolt|protosynthesisspa
|turn|28
|
|t:|1779564822
|-end|p1a: MAXIMUM OUTPUT|Protosynthesis|[silent]
|switch|p1a: Let's Larp|Clefable, F|70/100
|-terastallize|p2a: Raging Bolt|Fairy
|move|p2a: Raging Bolt|Calm Mind|p2a: Raging Bolt
|-boost|p2a: Raging Bolt|spa|1
|-boost|p2a: Raging Bolt|spd|1
|
|-weather|SunnyDay|[upkeep]
|upkeep
|turn|29
|
|t:|1779564826
|move|p2a: Raging Bolt|Thunderbolt|p1a: Let's Larp
|-damage|p1a: Let's Larp|11/100
|move|p1a: Let's Larp|Calm Mind|p1a: Let's Larp
|-boost|p1a: Let's Larp|spa|1
|-boost|p1a: Let's Larp|spd|1
|
|-weather|SunnyDay|[upkeep]
|upkeep
|turn|30
|
|t:|1779564832
|move|p2a: Raging Bolt|Thunderbolt|p1a: Let's Larp
|-damage|p1a: Let's Larp|0 fnt
|faint|p1a: Let's Larp
|
|-weather|SunnyDay|[upkeep]
|upkeep
|
|t:|1779564836
|switch|p1a: Great Tuskarus|Great Tusk, shiny|55/100
|-activate|p1a: Great Tuskarus|ability: Protosynthesis
|-start|p1a: Great Tuskarus|protosynthesisspe
|turn|31
|
|t:|1779564838
|move|p1a: Great Tuskarus|Headlong Rush|p2a: Raging Bolt
|-damage|p2a: Raging Bolt|43/100
|-unboost|p1a: Great Tuskarus|def|1
|-unboost|p1a: Great Tuskarus|spd|1
|move|p2a: Raging Bolt|Dragon Pulse|p1a: Great Tuskarus
|-damage|p1a: Great Tuskarus|0 fnt
|faint|p1a: Great Tuskarus
|-end|p1a: Great Tuskarus|Protosynthesis|[silent]
|
|-weather|SunnyDay|[upkeep]
|upkeep
|
|t:|1779564844
|switch|p1a: MAXIMUM OUTPUT|Walking Wake|70/100
|-activate|p1a: MAXIMUM OUTPUT|ability: Protosynthesis
|-start|p1a: MAXIMUM OUTPUT|protosynthesisspe
|turn|32
|
|t:|1779564850
|-terastallize|p1a: MAXIMUM OUTPUT|Water
|move|p1a: MAXIMUM OUTPUT|Hydro Steam|p2a: Raging Bolt
|-damage|p2a: Raging Bolt|0 fnt
|faint|p2a: Raging Bolt
|-end|p2a: Raging Bolt|Protosynthesis|[silent]
|
|-weather|none
|-end|p1a: MAXIMUM OUTPUT|Protosynthesis
|upkeep
|
|t:|1779564858
|switch|p2a: boom|Clawitzer, M, shiny|100/100
|-damage|p2a: boom|88/100|[from] Stealth Rock
|turn|33
|
|t:|1779564863
|move|p1a: MAXIMUM OUTPUT|Hydro Steam|p2a: boom
|-resisted|p2a: boom
|-damage|p2a: boom|44/100
|move|p2a: boom|Dragon Pulse|p1a: MAXIMUM OUTPUT
|-damage|p1a: MAXIMUM OUTPUT|0 fnt
|faint|p1a: MAXIMUM OUTPUT
|-end|p1a: MAXIMUM OUTPUT|Protosynthesis|[silent]
|
|upkeep
|
|t:|1779564865
|switch|p1a: The Sun Is So Loud|Torkoal, M|65/100
|-weather|SunnyDay|[from] ability: Drought|[of] p1a: The Sun Is So Loud
|turn|34
|
|t:|1779564873
|move|p2a: boom|Dragon Pulse|p1a: The Sun Is So Loud
|-damage|p1a: The Sun Is So Loud|0 fnt
|faint|p1a: The Sun Is So Loud
|
|win|Exilos
|raw|Twisted Divinity's rating: 1437 &rarr; <strong>1413</strong><br />(-24 for losing)
|raw|Exilos's rating: 1365 &rarr; <strong>1389</strong><br />(+24 for winning)
|l|☆Twisted Divinity
|player|p1|
|l|☆Exilos
|player|p2|
