|j|☆kopv
|j|☆ReturnedDragon
|t:|1779581726
|gametype|singles
|player|p1|kopv|bugcatcher-gen4dp|1414
|player|p2|ReturnedDragon|miku-fire|1372
|gen|9
|tier|[Gen 9] OU
|rated|
|rule|HP Percentage Mod: HP is shown in percentages
|rule|Endless Battle Clause: Forcing endless battles is banned
|rule|Species Clause: Limit one of each Pokémon
|rule|OHKO Clause: OHKO moves are banned
|rule|Evasion Items Clause: Evasion items are banned
|rule|Evasion Moves Clause: Evasion moves are banned
|rule|Evasion Abilities Clause: Evasion abilities are banned
|rule|Sleep Moves Clause: Sleep-inducing moves are banned
|clearpoke
|poke|p1|Pelipper, F|
|poke|p1|Barraskewda, F|
|poke|p1|Iron Treads|
|poke|p1|Bruxish, M|
|poke|p1|Raging Bolt|
|poke|p1|Enamorus, F|
|poke|p2|Weezing-Galar, M|
|poke|p2|Alomomola, M|
|poke|p2|Iron Treads|
|poke|p2|Tornadus-Therian, M|
|poke|p2|Zamazenta-*|
|poke|p2|Lokix, F|
|teampreview
|inactive|Battle timer is ON: inactive players will automatically lose when time's up. (requested by ReturnedDragon)
|
|t:|1779581736
|teamsize|p1|6
|teamsize|p2|6
|start
|switch|p1a: Pelipper|Pelipper, F|100/100
|switch|p2a: Piano Man|Weezing-Galar, M|100/100
|-ability|p2a: Piano Man|Neutralizing Gas
|turn|1
|
|t:|1779581749
|switch|p1a: Iron Treads|Iron Treads|100/100
|move|p2a: Piano Man|Toxic|p1a: Iron Treads
|-immune|p1a: Iron Treads
|
|upkeep
|turn|2
|
|t:|1779581762
|-end|p2a: Piano Man|ability: Neutralizing Gas
|switch|p2a: Uptown Girl|Alomomola, M, shiny|100/100
|move|p1a: Iron Treads|Stealth Rock|p2a: Uptown Girl
|-sidestart|p2: ReturnedDragon|move: Stealth Rock
|
|upkeep
|turn|3
|
|t:|1779581785
|-end|p1a: Iron Treads|Quark Drive|[silent]
|switch|p1a: Pelipper|Pelipper, F|100/100
|-weather|RainDance|[from] ability: Drizzle|[of] p1a: Pelipper
|switch|p2a: Piano Man|Weezing-Galar, M|100/100
|-ability|p2a: Piano Man|Neutralizing Gas
|-damage|p2a: Piano Man|88/100|[from] Stealth Rock
|
|-weather|RainDance|[upkeep]
|-heal|p2a: Piano Man|94/100|[from] item: Leftovers
|upkeep
|turn|4
|
|t:|1779581804
|switch|p1a: Iron Treads|Iron Treads|100/100
|move|p2a: Piano Man|Will-O-Wisp|p1a: Iron Treads
|-status|p1a: Iron Treads|brn
|
|-weather|RainDance|[upkeep]
|-heal|p2a: Piano Man|99/100|[from] item: Leftovers
|-damage|p1a: Iron Treads|94/100 brn|[from] brn
|upkeep
|turn|5
|
|t:|1779581812
|move|p1a: Iron Treads|Earth Power|p2a: Piano Man
|-supereffective|p2a: Piano Man
|-damage|p2a: Piano Man|46/100
|move|p2a: Piano Man|Defog|p1a: Iron Treads
|-unboost|p1a: Iron Treads|evasion|1
|-sideend|p2: ReturnedDragon|Stealth Rock|[from] move: Defog|[of] p2a: Piano Man
|
|-weather|RainDance|[upkeep]
|-heal|p1a: Iron Treads|100/100 brn|[from] item: Leftovers
|-heal|p2a: Piano Man|52/100|[from] item: Leftovers
|-damage|p1a: Iron Treads|94/100 brn|[from] brn
|upkeep
|turn|6
|
|t:|1779581824
|-end|p2a: Piano Man|ability: Neutralizing Gas
|switch|p2a: Vienna|Tornadus-Therian, M|100/100
|move|p1a: Iron Treads|Stealth Rock|p2a: Vienna
|-sidestart|p2: ReturnedDragon|move: Stealth Rock
|
|-weather|RainDance|[upkeep]
|-heal|p1a: Iron Treads|100/100 brn|[from] item: Leftovers
|-damage|p1a: Iron Treads|94/100 brn|[from] brn
|upkeep
|turn|7
|
|t:|1779581831
|-end|p1a: Iron Treads|Quark Drive|[silent]
|switch|p1a: Raging Bolt|Raging Bolt|100/100
|move|p2a: Vienna|Knock Off|p1a: Raging Bolt
|-damage|p1a: Raging Bolt|83/100
|-enditem|p1a: Raging Bolt|Leftovers|[from] move: Knock Off|[of] p2a: Vienna
|
|-weather|RainDance|[upkeep]
|upkeep
|turn|8
|
|t:|1779581839
|move|p2a: Vienna|U-turn|p1a: Raging Bolt
|-damage|p1a: Raging Bolt|69/100
|
|t:|1779581843
|switch|p2a: My Life|Iron Treads|100/100|[from] U-turn
|-damage|p2a: My Life|97/100|[from] Stealth Rock
|move|p1a: Raging Bolt|Weather Ball|p2a: My Life
|-supereffective|p2a: My Life
|-damage|p2a: My Life|0 fnt
|faint|p2a: My Life
|-end|p2a: My Life|Quark Drive|[silent]
|
|-weather|RainDance|[upkeep]
|upkeep
|
|t:|1779581852
|switch|p2a: WeDidntStartDaFyre|Zamazenta|100/100
|-damage|p2a: WeDidntStartDaFyre|94/100|[from] Stealth Rock
|-ability|p2a: WeDidntStartDaFyre|Dauntless Shield|boost
|-boost|p2a: WeDidntStartDaFyre|def|1
|turn|9
|
|t:|1779581865
|-end|p1a: Raging Bolt|Protosynthesis|[silent]
|switch|p1a: Enamorus|Enamorus, F|100/100
|move|p2a: WeDidntStartDaFyre|Heavy Slam|p1a: Enamorus
|-supereffective|p1a: Enamorus
|-damage|p1a: Enamorus|0 fnt
|faint|p1a: Enamorus
|
|-weather|RainDance|[upkeep]
|upkeep
|
|t:|1779581875
|switch|p1a: Pelipper|Pelipper, F|100/100
|turn|10
|
|t:|1779581889
|switch|p2a: Uptown Girl|Alomomola, M, shiny|100/100
|-damage|p2a: Uptown Girl|88/100|[from] Stealth Rock
|move|p1a: Pelipper|Hurricane|p2a: Uptown Girl
|-damage|p2a: Uptown Girl|55/100
|-start|p2a: Uptown Girl|confusion
|
|-weather|none
|upkeep
|turn|11
|
|t:|1779581893
|-activate|p2a: Uptown Girl|confusion
|-damage|p2a: Uptown Girl|50/100|[from] confusion
|move|p1a: Pelipper|Knock Off|p2a: Uptown Girl
|-damage|p2a: Uptown Girl|43/100
|-damage|p1a: Pelipper|84/100|[from] item: Rocky Helmet|[of] p2a: Uptown Girl
|-enditem|p2a: Uptown Girl|Rocky Helmet|[from] move: Knock Off|[of] p1a: Pelipper
|
|upkeep
|turn|12
|
|t:|1779581905
|switch|p1a: Raging Bolt|Raging Bolt|69/100
|-end|p2a: Uptown Girl|confusion
|move|p2a: Uptown Girl|Flip Turn|p1a: Raging Bolt
|-resisted|p1a: Raging Bolt
|-damage|p1a: Raging Bolt|62/100
|
|t:|1779581927
|switch|p2a: Pressure|Lokix, F|100/100|[from] Flip Turn
|-damage|p2a: Pressure|76/100|[from] Stealth Rock
|
|upkeep
|turn|13
|
|t:|1779581937
|-terastallize|p2a: Pressure|Bug
|move|p2a: Pressure|First Impression|p1a: Raging Bolt
|-damage|p1a: Raging Bolt|0 fnt
|faint|p1a: Raging Bolt
|-end|p1a: Raging Bolt|Protosynthesis|[silent]
|
|upkeep
|
|t:|1779581949
|switch|p1a: Pelipper|Pelipper, F|84/100
|-weather|RainDance|[from] ability: Drizzle|[of] p1a: Pelipper
|turn|14
|inactive|ReturnedDragon has 120 seconds left.
|
|t:|1779581970
|switch|p2a: Uptown Girl|Alomomola, M, shiny|76/100
|-damage|p2a: Uptown Girl|64/100|[from] Stealth Rock
|move|p1a: Pelipper|Hurricane|p2a: Uptown Girl
|-damage|p2a: Uptown Girl|32/100
|
|-weather|RainDance|[upkeep]
|upkeep
|turn|15
|
|t:|1779581985
|switch|p1a: 'Ello gov'na|Bruxish, M|100/100
|move|p2a: Uptown Girl|Protect||[still]
|-fail|p2a: Uptown Girl
|
|-weather|RainDance|[upkeep]
|upkeep
|turn|16
|
|t:|1779581996
|move|p1a: 'Ello gov'na|Wave Crash|p2a: Uptown Girl
|-resisted|p2a: Uptown Girl
|-damage|p2a: Uptown Girl|0 fnt
|faint|p2a: Uptown Girl
|-damage|p1a: 'Ello gov'na|83/100|[from] Recoil
|
|-weather|RainDance|[upkeep]
|upkeep
|inactive|ReturnedDragon has 120 seconds left.
|
|t:|1779582016
|switch|p2a: WeDidntStartDaFyre|Zamazenta|94/100
|-damage|p2a: WeDidntStartDaFyre|88/100|[from] Stealth Rock
|turn|17
|inactive|ReturnedDragon has 120 seconds left.
|
|t:|1779582046
|switch|p1a: Pelipper|Pelipper, F|84/100
|move|p2a: WeDidntStartDaFyre|Crunch|p1a: Pelipper
|-damage|p1a: Pelipper|50/100
|
|-weather|RainDance|[upkeep]
|upkeep
|turn|18
|
|t:|1779582067
|switch|p2a: Vienna|Tornadus-Therian, M|100/100
|-damage|p2a: Vienna|76/100|[from] Stealth Rock
|switch|p1a: Barraskewda|Barraskewda, F|100/100
|
|-weather|RainDance|[upkeep]
|upkeep
|turn|19
|
|t:|1779582073
|switch|p2a: Piano Man|Weezing-Galar, M|52/100
|-ability|p2a: Piano Man|Neutralizing Gas
|-damage|p2a: Piano Man|39/100|[from] Stealth Rock
|move|p1a: Barraskewda|Liquidation|p2a: Piano Man
|-damage|p2a: Piano Man|0 fnt
|faint|p2a: Piano Man
|-end|p2a: Piano Man|ability: Neutralizing Gas
|-damage|p1a: Barraskewda|91/100|[from] item: Life Orb
|
|-weather|RainDance|[upkeep]
|upkeep
|
|t:|1779582078
|switch|p2a: Pressure|Lokix, F, tera:Bug|76/100
|-damage|p2a: Pressure|51/100|[from] Stealth Rock
|turn|20
|
|t:|1779582085
|switch|p1a: Iron Treads|Iron Treads|94/100 brn
|move|p2a: Pressure|First Impression|p1a: Iron Treads
|-resisted|p1a: Iron Treads
|-damage|p1a: Iron Treads|14/100 brn
|
|-weather|RainDance|[upkeep]
|-heal|p1a: Iron Treads|20/100 brn|[from] item: Leftovers
|-damage|p1a: Iron Treads|14/100 brn|[from] brn
|upkeep
|turn|21
|
|t:|1779582097
|switch|p2a: Vienna|Tornadus-Therian, M|100/100
|-damage|p2a: Vienna|76/100|[from] Stealth Rock
|move|p1a: Iron Treads|Rapid Spin|p2a: Vienna
|-damage|p2a: Vienna|69/100
|-boost|p1a: Iron Treads|spe|1
|
|-weather|none
|-heal|p1a: Iron Treads|20/100 brn|[from] item: Leftovers
|-damage|p1a: Iron Treads|14/100 brn|[from] brn
|upkeep
|turn|22
|inactive|ReturnedDragon has 120 seconds left.
|
|t:|1779582104
|move|p1a: Iron Treads|Iron Head|p2a: Vienna
|-damage|p2a: Vienna|52/100
|move|p2a: Vienna|Bleakwind Storm|p1a: Iron Treads
|-resisted|p1a: Iron Treads
|-damage|p1a: Iron Treads|0 fnt
|faint|p1a: Iron Treads
|-end|p1a: Iron Treads|Quark Drive|[silent]
|
|upkeep
|
|t:|1779582109
|switch|p1a: Pelipper|Pelipper, F|50/100
|-weather|RainDance|[from] ability: Drizzle|[of] p1a: Pelipper
|turn|23
|inactive|ReturnedDragon has 120 seconds left.
|
|t:|1779582129
|move|p2a: Vienna|Bleakwind Storm|p1a: Pelipper
|-damage|p1a: Pelipper|2/100
|-unboost|p1a: Pelipper|spe|1
|move|p1a: Pelipper|U-turn|p2a: Vienna
|-resisted|p2a: Vienna
|-damage|p2a: Vienna|47/100
|
|t:|1779582135
|switch|p1a: Barraskewda|Barraskewda, F|91/100|[from] U-turn
|
|-weather|RainDance|[upkeep]
|upkeep
|turn|24
|
|t:|1779582146
|move|p1a: Barraskewda|Liquidation|p2a: Vienna
|-damage|p2a: Vienna|0 fnt
|faint|p2a: Vienna
|-damage|p1a: Barraskewda|81/100|[from] item: Life Orb
|
|-weather|RainDance|[upkeep]
|upkeep
|
|t:|1779582148
|switch|p2a: Pressure|Lokix, F, tera:Bug|51/100
|-damage|p2a: Pressure|26/100|[from] Stealth Rock
|turn|25
|
|t:|1779582154
|switch|p1a: Pelipper|Pelipper, F|2/100
|move|p2a: Pressure|First Impression|p1a: Pelipper
|-resisted|p1a: Pelipper
|-damage|p1a: Pelipper|0 fnt
|faint|p1a: Pelipper
|
|-weather|RainDance|[upkeep]
|upkeep
|
|t:|1779582159
|switch|p1a: Barraskewda|Barraskewda, F|81/100
|turn|26
|
|t:|1779582162
|switch|p2a: WeDidntStartDaFyre|Zamazenta|88/100
|-damage|p2a: WeDidntStartDaFyre|82/100|[from] Stealth Rock
|move|p1a: Barraskewda|Liquidation|p2a: WeDidntStartDaFyre
|-damage|p2a: WeDidntStartDaFyre|0 fnt
|faint|p2a: WeDidntStartDaFyre
|-damage|p1a: Barraskewda|71/100|[from] item: Life Orb
|
|-weather|RainDance|[upkeep]
|upkeep
|
|t:|1779582164
|switch|p2a: Pressure|Lokix, F, tera:Bug|26/100
|-damage|p2a: Pressure|2/100|[from] Stealth Rock
|turn|27
|
|t:|1779582167
|move|p2a: Pressure|First Impression|p1a: Barraskewda
|-damage|p1a: Barraskewda|0 fnt
|faint|p1a: Barraskewda
|
|-weather|RainDance|[upkeep]
|upkeep
|
|t:|1779582170
|switch|p1a: 'Ello gov'na|Bruxish, M|83/100
|turn|28
|
|t:|1779582172
|move|p2a: Pressure|First Impression||[still]
|cant|p1a: 'Ello gov'na|ability: Dazzling|First Impression|[of] p2a: Pressure
|move|p1a: 'Ello gov'na|Aqua Jet|p2a: Pressure
|-damage|p2a: Pressure|0 fnt
|faint|p2a: Pressure
|
|win|kopv
|raw|kopv's rating: 1414 &rarr; <strong>1432</strong><br />(+18 for winning)
|raw|ReturnedDragon's rating: 1372 &rarr; <strong>1354</strong><br />(-18 for losing)
|l|☆ReturnedDragon
|player|p2|
