|j|☆BarqsGotBite
|j|☆whomtheone_00
|t:|1779659509
|gametype|singles
|player|p1|BarqsGotBite|ethan|1202
|player|p2|whomtheone_00|102|1279
|gen|9
|tier|[Gen 9] OU
|rated|
|rule|HP Percentage Mod: HP is shown in percentages
|rule|Endless Battle Clause: Forcing endless battles is banned
|rule|Species Clause: Limit one of each Pokémon
|rule|OHKO Clause: OHKO moves are banned
|rule|Evasion Items Clause: Evasion items are banned
|rule|Evasion Moves Clause: Evasion moves are banned
|rule|Evasion Abilities Clause: Evasion abilities are banned
|rule|Sleep Moves Clause: Sleep-inducing moves are banned
|clearpoke
|poke|p1|Ariados, M|
|poke|p1|Zapdos|
|poke|p1|Garganacl, M|
|poke|p1|Dragapult, M|
|poke|p1|Iron Moth|
|poke|p1|Iron Treads|
|poke|p2|Meowscarada, F|
|poke|p2|Glimmora, M|
|poke|p2|Great Tusk|
|poke|p2|Kingambit, F|
|poke|p2|Alomomola, F|
|poke|p2|Zapdos|
|teampreview
|
|t:|1779659546
|teamsize|p1|6
|teamsize|p2|6
|start
|switch|p1a: Ariados|Ariados, M|100/100
|switch|p2a: Meow|Meowscarada, F, shiny|100/100
|turn|1
|
|t:|1779659565
|move|p2a: Meow|Triple Axel|p1a: Ariados
|-start|p2a: Meow|typechange|Ice|[from] ability: Protean
|-damage|p1a: Ariados|82/100
|-damage|p1a: Ariados|45/100
|-damage|p1a: Ariados|0 fnt
|faint|p1a: Ariados
|-hitcount|p1: Ariados|3
|
|upkeep
|
|t:|1779659574
|switch|p1a: Iron Moth|Iron Moth, shiny|100/100
|-enditem|p1a: Iron Moth|Booster Energy
|-activate|p1a: Iron Moth|ability: Quark Drive|[fromitem]
|-start|p1a: Iron Moth|quarkdrivespe
|turn|2
|
|t:|1779659582
|switch|p2a: Zappy|Zapdos|100/100
|-ability|p2a: Zappy|Pressure
|move|p1a: Iron Moth|Fiery Dance|p2a: Zappy
|-damage|p2a: Zappy|52/100
|-boost|p1a: Iron Moth|spa|1
|
|upkeep
|turn|3
|
|t:|1779659596
|move|p1a: Iron Moth|Fiery Dance|p2a: Zappy
|-damage|p2a: Zappy|0 fnt
|faint|p2a: Zappy
|
|upkeep
|
|t:|1779659607
|switch|p2a: Alomomola|Alomomola, F|100/100
|turn|4
|
|t:|1779659616
|move|p1a: Iron Moth|Energy Ball|p2a: Alomomola
|-supereffective|p2a: Alomomola
|-damage|p2a: Alomomola|0 fnt
|faint|p2a: Alomomola
|
|upkeep
|
|t:|1779659626
|switch|p2a: Sacrificial limb|Glimmora, M|100/100
|turn|5
|
|t:|1779659633
|move|p1a: Iron Moth|Fiery Dance|p2a: Sacrificial limb
|-resisted|p2a: Sacrificial limb
|-damage|p2a: Sacrificial limb|61/100
|-boost|p1a: Iron Moth|spa|1
|move|p2a: Sacrificial limb|Stealth Rock|p1a: Iron Moth
|-sidestart|p1: BarqsGotBite|move: Stealth Rock
|
|upkeep
|turn|6
|
|t:|1779659643
|move|p1a: Iron Moth|Energy Ball|p2a: Sacrificial limb
|-damage|p2a: Sacrificial limb|0 fnt
|faint|p2a: Sacrificial limb
|
|upkeep
|
|t:|1779659647
|switch|p2a: Big D. Tusk|Great Tusk|100/100
|turn|7
|
|t:|1779659654
|-terastallize|p1a: Iron Moth|Grass
|-terastallize|p2a: Big D. Tusk|Water
|move|p1a: Iron Moth|Energy Ball|p2a: Big D. Tusk
|-supereffective|p2a: Big D. Tusk
|-damage|p2a: Big D. Tusk|0 fnt
|faint|p2a: Big D. Tusk
|-end|p2a: Big D. Tusk|Protosynthesis|[silent]
|
|upkeep
|
|t:|1779659661
|switch|p2a: Meow|Meowscarada, F, shiny|100/100
|turn|8
|
|t:|1779659664
|move|p1a: Iron Moth|Fiery Dance|p2a: Meow
|-supereffective|p2a: Meow
|-damage|p2a: Meow|0 fnt
|faint|p2a: Meow
|
|upkeep
|
|t:|1779659669
|switch|p2a: Blue Ranger|Kingambit, F, shiny|100/100
|-activate|p2a: Blue Ranger|ability: Supreme Overlord
|-start|p2a: Blue Ranger|fallen5|[silent]
|turn|9
|
|t:|1779659673
|move|p2a: Blue Ranger|Sucker Punch|p1a: Iron Moth
|-crit|p1a: Iron Moth
|-damage|p1a: Iron Moth|0 fnt
|faint|p1a: Iron Moth
|-end|p1a: Iron Moth|Quark Drive|[silent]
|
|upkeep
|
|t:|1779659678
|switch|p1a: Zapdos|Zapdos|100/100
|turn|10
|
|t:|1779659683
|move|p1a: Zapdos|Discharge|p2a: Blue Ranger
|-damage|p2a: Blue Ranger|60/100
|move|p2a: Blue Ranger|Swords Dance|p2a: Blue Ranger
|-boost|p2a: Blue Ranger|atk|2
|
|upkeep
|turn|11
|
|t:|1779659689
|move|p2a: Blue Ranger|Sucker Punch|p1a: Zapdos
|-damage|p1a: Zapdos|0 fnt
|faint|p1a: Zapdos
|
|upkeep
|
|t:|1779659697
|switch|p1a: Garganacl|Garganacl, M, shiny|100/100
|-damage|p1a: Garganacl|88/100|[from] Stealth Rock
|turn|12
|
|t:|1779659704
|move|p2a: Blue Ranger|Sucker Punch|p1a: Garganacl
|-damage|p1a: Garganacl|9/100
|move|p1a: Garganacl|Salt Cure|p2a: Blue Ranger
|-resisted|p2a: Blue Ranger
|-damage|p2a: Blue Ranger|55/100
|-start|p2a: Blue Ranger|Salt Cure
|
|-heal|p1a: Garganacl|16/100|[from] item: Leftovers
|-damage|p2a: Blue Ranger|30/100|[from] Salt Cure
|upkeep
|turn|13
|
|t:|1779659714
|move|p1a: Garganacl|Protect|p1a: Garganacl
|-singleturn|p1a: Garganacl|Protect
|move|p2a: Blue Ranger|Sucker Punch||[still]
|-fail|p2a: Blue Ranger
|
|-heal|p1a: Garganacl|22/100|[from] item: Leftovers
|-damage|p2a: Blue Ranger|5/100|[from] Salt Cure
|upkeep
|turn|14
|
|t:|1779659722
|move|p2a: Blue Ranger|Kowtow Cleave|p1a: Garganacl
|-damage|p1a: Garganacl|0 fnt
|faint|p1a: Garganacl
|
|-damage|p2a: Blue Ranger|0 fnt|[from] Salt Cure
|faint|p2a: Blue Ranger
|-end|p2a: Blue Ranger|fallen5|[silent]
|
|win|BarqsGotBite
|raw|BarqsGotBite's rating: 1202 &rarr; <strong>1232</strong><br />(+30 for winning)
|raw|whomtheone_00's rating: 1279 &rarr; <strong>1249</strong><br />(-30 for losing)
|l|☆BarqsGotBite
|player|p1|
|l|☆whomtheone_00
|player|p2|
