|j|☆TrentMercer
|j|☆abcdxy
|t:|1779599090
|gametype|singles
|player|p1|TrentMercer|cynthia-gen4|1480
|player|p2|abcdxy|lady|1390
|gen|9
|tier|[Gen 9] OU
|rated|
|rule|HP Percentage Mod: HP is shown in percentages
|rule|Endless Battle Clause: Forcing endless battles is banned
|rule|Species Clause: Limit one of each Pokémon
|rule|OHKO Clause: OHKO moves are banned
|rule|Evasion Items Clause: Evasion items are banned
|rule|Evasion Moves Clause: Evasion moves are banned
|rule|Evasion Abilities Clause: Evasion abilities are banned
|rule|Sleep Moves Clause: Sleep-inducing moves are banned
|clearpoke
|poke|p1|Slowking-Galar, M|
|poke|p1|Corviknight, F|
|poke|p1|Great Tusk|
|poke|p1|Ogerpon-Wellspring, F|
|poke|p1|Zamazenta-*|
|poke|p1|Darkrai|
|poke|p2|Landorus-Therian, M|
|poke|p2|Raging Bolt|
|poke|p2|Iron Treads|
|poke|p2|Hawlucha, M|
|poke|p2|Pincurchin, M|
|poke|p2|Kyurem|
|teampreview
|inactive|Battle timer is ON: inactive players will automatically lose when time's up. (requested by abcdxy)
|
|t:|1779599118
|teamsize|p1|6
|teamsize|p2|6
|start
|switch|p1a: Great Tusk|Great Tusk|100/100
|switch|p2a: Kyurem|Kyurem, shiny|100/100
|-ability|p2a: Kyurem|Pressure
|turn|1
|
|t:|1779599125
|-end|p1a: Great Tusk|Protosynthesis|[silent]
|switch|p1a: Slowking|Slowking-Galar, M, shiny|100/100
|move|p2a: Kyurem|Ice Beam|p1a: Slowking
|-damage|p1a: Slowking|65/100
|
|upkeep
|turn|2
|
|t:|1779599154
|move|p2a: Kyurem|Ice Beam|p1a: Slowking
|-damage|p1a: Slowking|34/100
|move|p1a: Slowking|Sludge Bomb|p2a: Kyurem
|-damage|p2a: Kyurem|63/100
|-status|p2a: Kyurem|psn
|
|-damage|p2a: Kyurem|50/100 psn|[from] psn
|upkeep
|turn|3
|
|t:|1779599169
|switch|p2a: Iron Treads|Iron Treads|100/100
|switch|p1a: Corviknight|Corviknight, F, shiny|100/100
|-ability|p1a: Corviknight|Pressure
|
|upkeep
|turn|4
|
|t:|1779599175
|-end|p2a: Iron Treads|Quark Drive|[silent]
|switch|p2a: Landorus|Landorus-Therian, M|100/100
|-ability|p2a: Landorus|Intimidate|boost
|-unboost|p1a: Corviknight|atk|1
|move|p1a: Corviknight|U-turn|p2a: Landorus
|-resisted|p2a: Landorus
|-damage|p2a: Landorus|95/100
|-damage|p1a: Corviknight|84/100|[from] item: Rocky Helmet|[of] p2a: Landorus
|
|t:|1779599204
|switch|p1a: Great Tusk|Great Tusk|100/100|[from] U-turn
|
|upkeep
|turn|5
|
|t:|1779599218
|move|p2a: Landorus|U-turn|p1a: Great Tusk
|-resisted|p1a: Great Tusk
|-damage|p1a: Great Tusk|92/100
|
|t:|1779599223
|switch|p2a: Pincurchin|Pincurchin, M|100/100|[from] U-turn
|-fieldstart|move: Electric Terrain|[from] ability: Electric Surge|[of] p2a: Pincurchin
|move|p1a: Great Tusk|Rapid Spin|p2a: Pincurchin
|-damage|p2a: Pincurchin|88/100
|-boost|p1a: Great Tusk|spe|1
|
|upkeep
|turn|6
|inactive|TrentMercer has 120 seconds left.
|
|t:|1779599269
|switch|p2a: Landorus|Landorus-Therian, M|95/100
|-ability|p2a: Landorus|Intimidate|boost
|-unboost|p1a: Great Tusk|atk|1
|move|p1a: Great Tusk|Headlong Rush|p2a: Landorus
|-immune|p2a: Landorus
|
|upkeep
|turn|7
|
|t:|1779599295
|move|p1a: Great Tusk|Stealth Rock|p2a: Landorus
|-sidestart|p2: abcdxy|move: Stealth Rock
|move|p2a: Landorus|Stealth Rock|p1a: Great Tusk
|-sidestart|p1: TrentMercer|move: Stealth Rock
|
|upkeep
|turn|8
|inactive|TrentMercer has 120 seconds left.
|
|t:|1779599307
|move|p1a: Great Tusk|Rapid Spin|p2a: Landorus
|-damage|p2a: Landorus|83/100
|-boost|p1a: Great Tusk|spe|1
|-damage|p1a: Great Tusk|76/100|[from] item: Rocky Helmet|[of] p2a: Landorus
|-sideend|p1: TrentMercer|Stealth Rock|[from] move: Rapid Spin|[of] p1a: Great Tusk
|move|p2a: Landorus|Earthquake|p1a: Great Tusk
|-damage|p1a: Great Tusk|39/100
|
|upkeep
|turn|9
|
|t:|1779599316
|move|p1a: Great Tusk|Ice Spinner|p2a: Landorus
|-supereffective|p2a: Landorus
|-crit|p2a: Landorus
|-damage|p2a: Landorus|0 fnt
|-damage|p1a: Great Tusk|23/100|[from] item: Rocky Helmet|[of] p2a: Landorus
|-fieldend|move: Electric Terrain
|faint|p2a: Landorus
|
|upkeep
|
|t:|1779599330
|switch|p2a: Pincurchin|Pincurchin, M|88/100
|-damage|p2a: Pincurchin|76/100|[from] Stealth Rock
|-fieldstart|move: Electric Terrain|[from] ability: Electric Surge|[of] p2a: Pincurchin
|turn|10
|
|t:|1779599337
|switch|p2a: Hawlucha|Hawlucha, M|100/100
|-damage|p2a: Hawlucha|88/100|[from] Stealth Rock
|-enditem|p2a: Hawlucha|Electric Seed
|-boost|p2a: Hawlucha|def|1|[from] item: Electric Seed
|move|p1a: Great Tusk|Headlong Rush|p2a: Hawlucha
|-immune|p2a: Hawlucha
|
|upkeep
|turn|11
|
|t:|1779599345
|move|p2a: Hawlucha|Encore|p1a: Great Tusk
|-start|p1a: Great Tusk|Encore
|move|p1a: Great Tusk|Headlong Rush|p2a: Hawlucha
|-immune|p2a: Hawlucha
|
|upkeep
|turn|12
|
|t:|1779599354
|-end|p1a: Great Tusk|Protosynthesis|[silent]
|switch|p1a: Darkrai|Darkrai|100/100
|move|p2a: Hawlucha|Swords Dance|p2a: Hawlucha
|-boost|p2a: Hawlucha|atk|2
|
|upkeep
|turn|13
|
|t:|1779599359
|move|p2a: Hawlucha|Acrobatics|p1a: Darkrai
|-damage|p1a: Darkrai|0 fnt
|faint|p1a: Darkrai
|
|upkeep
|
|t:|1779599373
|switch|p1a: Zamazenta|Zamazenta|100/100
|-ability|p1a: Zamazenta|Dauntless Shield|boost
|-boost|p1a: Zamazenta|def|1
|turn|14
|
|t:|1779599377
|-terastallize|p1a: Zamazenta|Fire
|move|p2a: Hawlucha|Acrobatics|p1a: Zamazenta
|-damage|p1a: Zamazenta|54/100
|move|p1a: Zamazenta|Roar|p2a: Hawlucha
|drag|p2a: Iron Treads|Iron Treads|100/100
|-damage|p2a: Iron Treads|97/100|[from] Stealth Rock
|-activate|p2a: Iron Treads|ability: Quark Drive
|-start|p2a: Iron Treads|quarkdrivespe
|
|-heal|p1a: Zamazenta|60/100|[from] item: Leftovers
|upkeep
|turn|15
|
|t:|1779599389
|switch|p1a: Great Tusk|Great Tusk|23/100
|move|p2a: Iron Treads|Rapid Spin|p1a: Great Tusk
|-damage|p1a: Great Tusk|12/100
|-boost|p2a: Iron Treads|spe|1
|-sideend|p2: abcdxy|Stealth Rock|[from] move: Rapid Spin|[of] p2a: Iron Treads
|
|upkeep
|turn|16
|
|t:|1779599395
|move|p2a: Iron Treads|Earthquake|p1a: Great Tusk
|-damage|p1a: Great Tusk|0 fnt
|faint|p1a: Great Tusk
|-end|p1a: Great Tusk|Protosynthesis|[silent]
|
|upkeep
|
|t:|1779599400
|switch|p1a: Ogerpon|Ogerpon-Wellspring, F|100/100
|turn|17
|
|t:|1779599406
|-end|p2a: Iron Treads|Quark Drive|[silent]
|switch|p2a: Raging Bolt|Raging Bolt|100/100
|move|p1a: Ogerpon|Ivy Cudgel|p2a: Raging Bolt|[anim] Ivy Cudgel Water
|-resisted|p2a: Raging Bolt
|-damage|p2a: Raging Bolt|75/100
|
|-fieldend|move: Electric Terrain
|upkeep
|turn|18
|
|t:|1779599413
|move|p2a: Raging Bolt|Volt Switch|p1a: Ogerpon
|-damage|p1a: Ogerpon|58/100
|
|t:|1779599416
|-end|p2a: Raging Bolt|Protosynthesis|[silent]
|switch|p2a: Pincurchin|Pincurchin, M|76/100|[from] Volt Switch
|-fieldstart|move: Electric Terrain|[from] ability: Electric Surge|[of] p2a: Pincurchin
|move|p1a: Ogerpon|Play Rough|p2a: Pincurchin
|-damage|p2a: Pincurchin|44/100
|-unboost|p2a: Pincurchin|atk|1
|
|upkeep
|turn|19
|
|t:|1779599424
|move|p1a: Ogerpon|Ivy Cudgel|p2a: Pincurchin|[anim] Ivy Cudgel Water
|-damage|p2a: Pincurchin|0 fnt
|faint|p2a: Pincurchin
|
|upkeep
|
|t:|1779599428
|switch|p2a: Raging Bolt|Raging Bolt|75/100
|turn|20
|
|t:|1779599433
|switch|p1a: Slowking|Slowking-Galar, M, shiny|67/100
|move|p2a: Raging Bolt|Rising Voltage|p1a: Slowking
|-hint|Rising Voltage's BP doubled on grounded target.
|-damage|p1a: Slowking|21/100
|
|upkeep
|turn|21
|
|t:|1779599460
|switch|p1a: Corviknight|Corviknight, F, shiny|84/100
|-ability|p1a: Corviknight|Pressure
|move|p2a: Raging Bolt|Rising Voltage|p1a: Corviknight
|-supereffective|p1a: Corviknight
|-damage|p1a: Corviknight|0 fnt
|faint|p1a: Corviknight
|
|upkeep
|
|t:|1779599467
|switch|p1a: Slowking|Slowking-Galar, M, shiny|54/100
|turn|22
|
|t:|1779599474
|move|p2a: Raging Bolt|Rising Voltage|p1a: Slowking
|-hint|Rising Voltage's BP doubled on grounded target.
|-damage|p1a: Slowking|3/100
|move|p1a: Slowking|Ice Beam|p2a: Raging Bolt
|-supereffective|p2a: Raging Bolt
|-damage|p2a: Raging Bolt|20/100
|
|upkeep
|turn|23
|inactive|TrentMercer has 120 seconds left.
|
|t:|1779599499
|switch|p1a: Ogerpon|Ogerpon-Wellspring, F|58/100
|move|p2a: Raging Bolt|Rising Voltage|p1a: Ogerpon
|-hint|Rising Voltage's BP doubled on grounded target.
|-damage|p1a: Ogerpon|0 fnt
|faint|p1a: Ogerpon
|
|upkeep
|inactive|TrentMercer has 120 seconds left.
|
|t:|1779599506
|switch|p1a: Slowking|Slowking-Galar, M, shiny|36/100
|turn|24
|inactive|TrentMercer has 120 seconds left.
|-message|TrentMercer forfeited.
|
|win|abcdxy
|raw|TrentMercer's rating: 1480 &rarr; <strong>1455</strong><br />(-25 for losing)
|raw|abcdxy's rating: 1390 &rarr; <strong>1415</strong><br />(+25 for winning)
|l|☆TrentMercer
|player|p1|
|l|☆abcdxy
|player|p2|
