|j|☆30delta
|j|☆PokeCHAD052413069h
|t:|1779646581
|gametype|singles
|player|p1|30delta|rocketgrunt|1297
|player|p2|PokeCHAD052413069h|1|1297
|gen|9
|tier|[Gen 9] OU
|rated|
|rule|HP Percentage Mod: HP is shown in percentages
|rule|Endless Battle Clause: Forcing endless battles is banned
|rule|Species Clause: Limit one of each Pokémon
|rule|OHKO Clause: OHKO moves are banned
|rule|Evasion Items Clause: Evasion items are banned
|rule|Evasion Moves Clause: Evasion moves are banned
|rule|Evasion Abilities Clause: Evasion abilities are banned
|rule|Sleep Moves Clause: Sleep-inducing moves are banned
|clearpoke
|poke|p1|Garganacl, M|
|poke|p1|Dondozo, M|
|poke|p1|Kingambit, M|
|poke|p1|Great Tusk|
|poke|p1|Amoonguss, F|
|poke|p1|Gholdengo|
|poke|p2|Glimmora, M|
|poke|p2|Great Tusk|
|poke|p2|Gholdengo|
|poke|p2|Dragapult, M|
|poke|p2|Primarina, F|
|poke|p2|Kingambit, F|
|teampreview
|inactive|Battle timer is ON: inactive players will automatically lose when time's up. (requested by 30delta)
|
|t:|1779646586
|teamsize|p1|6
|teamsize|p2|6
|start
|switch|p1a: Garganacl|Garganacl, M|100/100
|switch|p2a: Primarina|Primarina, F|100/100
|turn|1
|inactive|PokeCHAD052413069h also wants the timer to be on.
|
|t:|1779646592
|-terastallize|p1a: Garganacl|Fairy
|move|p2a: Primarina|Surf|p1a: Garganacl
|-damage|p1a: Garganacl|63/100
|move|p1a: Garganacl|Salt Cure|p2a: Primarina
|-damage|p2a: Primarina|82/100
|-start|p2a: Primarina|Salt Cure
|
|-heal|p1a: Garganacl|69/100|[from] item: Leftovers
|-damage|p2a: Primarina|58/100|[from] Salt Cure
|upkeep
|turn|2
|
|t:|1779646603
|switch|p2a: Glimmora|Glimmora, M|100/100
|move|p1a: Garganacl|Salt Cure|p2a: Glimmora
|-damage|p2a: Glimmora|85/100
|-start|p2a: Glimmora|Salt Cure
|-activate|p2a: Glimmora|ability: Toxic Debris
|-sidestart|p1: 30delta|move: Toxic Spikes
|
|-heal|p1a: Garganacl|75/100|[from] item: Leftovers
|-damage|p2a: Glimmora|72/100|[from] Salt Cure
|upkeep
|turn|3
|
|t:|1779646608
|move|p1a: Garganacl|Protect|p1a: Garganacl
|-singleturn|p1a: Garganacl|Protect
|move|p2a: Glimmora|Stealth Rock|p1a: Garganacl
|-sidestart|p1: 30delta|move: Stealth Rock
|
|-heal|p1a: Garganacl|82/100|[from] item: Leftovers
|-damage|p2a: Glimmora|60/100|[from] Salt Cure
|upkeep
|turn|4
|
|t:|1779646613
|move|p2a: Glimmora|Power Gem|p1a: Garganacl
|-damage|p1a: Garganacl|52/100
|move|p1a: Garganacl|Stealth Rock|p2a: Glimmora
|-sidestart|p2: PokeCHAD052413069h|move: Stealth Rock
|
|-heal|p1a: Garganacl|58/100|[from] item: Leftovers
|-damage|p2a: Glimmora|47/100|[from] Salt Cure
|upkeep
|turn|5
|
|t:|1779646616
|switch|p2a: Great Tusk|Great Tusk|100/100
|move|p1a: Garganacl|Protect||[still]
|-fail|p1a: Garganacl
|
|-heal|p1a: Garganacl|64/100|[from] item: Leftovers
|upkeep
|turn|6
|
|t:|1779646623
|switch|p1a: Gholdengo|Gholdengo|100/100
|-damage|p1a: Gholdengo|94/100|[from] Stealth Rock
|-item|p1a: Gholdengo|Air Balloon
|move|p2a: Great Tusk|Rapid Spin|p1a: Gholdengo
|-immune|p1a: Gholdengo
|
|upkeep
|turn|7
|
|t:|1779646639
|-terastallize|p2a: Great Tusk|Steel
|move|p2a: Great Tusk|Knock Off|p1a: Gholdengo
|-supereffective|p1a: Gholdengo
|-damage|p1a: Gholdengo|13/100
|-enditem|p1a: Gholdengo|Air Balloon
|move|p1a: Gholdengo|Shadow Ball|p2a: Great Tusk
|-damage|p2a: Great Tusk|36/100
|
|upkeep
|turn|8
|
|t:|1779646652
|switch|p1a: Amoonguss|Amoonguss, F|100/100
|-sideend|p1: 30delta|move: Toxic Spikes|[of] p1a: Amoonguss
|move|p2a: Great Tusk|Ice Spinner|p1a: Amoonguss
|-supereffective|p1a: Amoonguss
|-damage|p1a: Amoonguss|62/100
|
|upkeep
|turn|9
|
|t:|1779646661
|switch|p1a: Dondozo|Dondozo, M|100/100
|-damage|p1a: Dondozo|88/100|[from] Stealth Rock
|move|p2a: Great Tusk|Rapid Spin|p1a: Dondozo
|-damage|p1a: Dondozo|80/100
|-boost|p2a: Great Tusk|spe|1
|-sideend|p2: PokeCHAD052413069h|Stealth Rock|[from] move: Rapid Spin|[of] p2a: Great Tusk
|
|-heal|p1a: Dondozo|86/100|[from] item: Leftovers
|upkeep
|turn|10
|
|t:|1779646667
|move|p2a: Great Tusk|Headlong Rush|p1a: Dondozo
|-damage|p1a: Dondozo|56/100
|-unboost|p2a: Great Tusk|def|1
|-unboost|p2a: Great Tusk|spd|1
|move|p1a: Dondozo|Body Press|p2a: Great Tusk
|-supereffective|p2a: Great Tusk
|-damage|p2a: Great Tusk|0 fnt
|faint|p2a: Great Tusk
|-end|p2a: Great Tusk|Protosynthesis|[silent]
|
|-heal|p1a: Dondozo|62/100|[from] item: Leftovers
|upkeep
|
|t:|1779646672
|switch|p2a: Primarina|Primarina, F|58/100
|turn|11
|
|t:|1779646678
|switch|p2a: Glimmora|Glimmora, M|47/100
|switch|p1a: Garganacl|Garganacl, M, tera:Fairy|64/100
|-damage|p1a: Garganacl|52/100|[from] Stealth Rock
|
|-heal|p1a: Garganacl|58/100|[from] item: Leftovers
|upkeep
|turn|12
|
|t:|1779646681
|switch|p2a: Kingambit|Kingambit, F|100/100
|-activate|p2a: Kingambit|ability: Supreme Overlord
|-start|p2a: Kingambit|fallen1|[silent]
|move|p1a: Garganacl|Recover|p1a: Garganacl
|-heal|p1a: Garganacl|100/100
|
|upkeep
|turn|13
|
|t:|1779646685
|move|p1a: Garganacl|Protect|p1a: Garganacl
|-singleturn|p1a: Garganacl|Protect
|move|p2a: Kingambit|Iron Head|p1a: Garganacl
|-activate|p1a: Garganacl|move: Protect
|
|upkeep
|turn|14
|
|t:|1779646688
|move|p2a: Kingambit|Iron Head|p1a: Garganacl
|-supereffective|p1a: Garganacl
|-damage|p1a: Garganacl|32/100
|move|p1a: Garganacl|Salt Cure|p2a: Kingambit
|-resisted|p2a: Kingambit
|-damage|p2a: Kingambit|96/100
|-start|p2a: Kingambit|Salt Cure
|
|-heal|p1a: Garganacl|38/100|[from] item: Leftovers
|-damage|p2a: Kingambit|71/100|[from] Salt Cure
|upkeep
|turn|15
|
|t:|1779646693
|move|p1a: Garganacl|Protect|p1a: Garganacl
|-singleturn|p1a: Garganacl|Protect
|move|p2a: Kingambit|Iron Head|p1a: Garganacl
|-activate|p1a: Garganacl|move: Protect
|
|-heal|p1a: Garganacl|44/100|[from] item: Leftovers
|-damage|p2a: Kingambit|46/100|[from] Salt Cure
|upkeep
|turn|16
|
|t:|1779646697
|-end|p2a: Kingambit|fallen1|[silent]
|switch|p2a: Gholdengo|Gholdengo|100/100
|-item|p2a: Gholdengo|Air Balloon
|switch|p1a: Amoonguss|Amoonguss, F|95/100
|
|upkeep
|turn|17
|
|t:|1779646702
|switch|p2a: Glimmora|Glimmora, M|47/100
|move|p1a: Amoonguss|Foul Play|p2a: Glimmora
|-damage|p2a: Glimmora|36/100
|-activate|p2a: Glimmora|ability: Toxic Debris
|-sidestart|p1: 30delta|move: Toxic Spikes
|
|upkeep
|turn|18
|
|t:|1779646708
|switch|p1a: Dondozo|Dondozo, M|62/100
|-damage|p1a: Dondozo|50/100|[from] Stealth Rock
|-status|p1a: Dondozo|psn
|move|p2a: Glimmora|Mortal Spin|p1a: Dondozo
|-damage|p1a: Dondozo|48/100 psn
|
|-heal|p1a: Dondozo|54/100 psn|[from] item: Leftovers
|-damage|p1a: Dondozo|41/100 psn|[from] psn
|upkeep
|turn|19
|
|t:|1779646713
|move|p2a: Glimmora|Power Gem|p1a: Dondozo
|-damage|p1a: Dondozo|4/100 psn
|move|p1a: Dondozo|Rest|p1a: Dondozo
|-status|p1a: Dondozo|slp|[from] move: Rest
|-heal|p1a: Dondozo|100/100 slp|[silent]
|
|upkeep
|turn|20
|
|t:|1779646721
|move|p2a: Glimmora|Mortal Spin|p1a: Dondozo
|-damage|p1a: Dondozo|99/100 slp
|cant|p1a: Dondozo|slp
|move|p1a: Dondozo|Sleep Talk|p1a: Dondozo
|move|p1a: Dondozo|Waterfall|p2a: Glimmora|[from] move: Sleep Talk
|-supereffective|p2a: Glimmora
|-crit|p2a: Glimmora
|-damage|p2a: Glimmora|0 fnt
|-activate|p2a: Glimmora|ability: Toxic Debris
|-sidestart|p1: 30delta|move: Toxic Spikes
|faint|p2a: Glimmora
|
|-heal|p1a: Dondozo|100/100 slp|[from] item: Leftovers
|upkeep
|
|t:|1779646725
|switch|p2a: Dragapult|Dragapult, M|100/100
|turn|21
|
|t:|1779646729
|switch|p1a: Amoonguss|Amoonguss, F|100/100
|-sideend|p1: 30delta|move: Toxic Spikes|[of] p1a: Amoonguss
|move|p2a: Dragapult|U-turn|p1a: Amoonguss
|-damage|p1a: Amoonguss|86/100
|
|t:|1779646734
|switch|p2a: Primarina|Primarina, F|58/100|[from] U-turn
|
|upkeep
|turn|22
|
|t:|1779646739
|switch|p2a: Kingambit|Kingambit, F|46/100
|-activate|p2a: Kingambit|ability: Supreme Overlord
|-start|p2a: Kingambit|fallen2|[silent]
|move|p1a: Amoonguss|Toxic|p2a: Kingambit
|-immune|p2a: Kingambit
|
|upkeep
|turn|23
|
|t:|1779646745
|switch|p1a: Dondozo|Dondozo, M|100/100 slp
|-damage|p1a: Dondozo|88/100 slp|[from] Stealth Rock
|move|p2a: Kingambit|Iron Head|p1a: Dondozo
|-resisted|p1a: Dondozo
|-damage|p1a: Dondozo|75/100 slp
|
|-heal|p1a: Dondozo|82/100 slp|[from] item: Leftovers
|upkeep
|turn|24
|
|t:|1779646750
|-end|p2a: Kingambit|fallen2|[silent]
|switch|p2a: Primarina|Primarina, F|58/100
|cant|p1a: Dondozo|slp
|move|p1a: Dondozo|Sleep Talk|p1a: Dondozo
|move|p1a: Dondozo|Rest||[from] move: Sleep Talk|[still]
|-fail|p1a: Dondozo
|
|-heal|p1a: Dondozo|88/100 slp|[from] item: Leftovers
|upkeep
|turn|25
|
|t:|1779646754
|move|p2a: Primarina|Flip Turn|p1a: Dondozo
|-resisted|p1a: Dondozo
|-crit|p1a: Dondozo
|-damage|p1a: Dondozo|84/100 slp
|
|t:|1779646757
|switch|p2a: Dragapult|Dragapult, M|100/100|[from] Flip Turn
|-curestatus|p1a: Dondozo|slp|[msg]
|move|p1a: Dondozo|Sleep Talk||[still]
|-fail|p1a: Dondozo
|
|-heal|p1a: Dondozo|90/100|[from] item: Leftovers
|upkeep
|turn|26
|
|t:|1779646762
|switch|p1a: Garganacl|Garganacl, M, tera:Fairy|44/100
|-damage|p1a: Garganacl|32/100|[from] Stealth Rock
|move|p2a: Dragapult|U-turn|p1a: Garganacl
|-resisted|p1a: Garganacl
|-damage|p1a: Garganacl|26/100
|
|t:|1779646766
|switch|p2a: Kingambit|Kingambit, F|46/100|[from] U-turn
|-activate|p2a: Kingambit|ability: Supreme Overlord
|-start|p2a: Kingambit|fallen2|[silent]
|
|-heal|p1a: Garganacl|32/100|[from] item: Leftovers
|upkeep
|turn|27
|
|t:|1779646773
|move|p2a: Kingambit|Iron Head|p1a: Garganacl
|-supereffective|p1a: Garganacl
|-damage|p1a: Garganacl|0 fnt
|faint|p1a: Garganacl
|
|upkeep
|
|t:|1779646781
|switch|p1a: Great Tusk|Great Tusk|100/100
|turn|28
|
|t:|1779646787
|-end|p2a: Kingambit|fallen2|[silent]
|switch|p2a: Gholdengo|Gholdengo|100/100
|-item|p2a: Gholdengo|Air Balloon
|move|p1a: Great Tusk|Ice Spinner|p2a: Gholdengo
|-resisted|p2a: Gholdengo
|-damage|p2a: Gholdengo|85/100
|-enditem|p2a: Gholdengo|Air Balloon
|
|upkeep
|turn|29
|
|t:|1779646794
|switch|p2a: Dragapult|Dragapult, M|100/100
|move|p1a: Great Tusk|Knock Off|p2a: Dragapult
|-supereffective|p2a: Dragapult
|-damage|p2a: Dragapult|10/100
|-enditem|p2a: Dragapult|Heavy-Duty Boots|[from] move: Knock Off|[of] p1a: Great Tusk
|
|upkeep
|turn|30
|
|t:|1779646800
|move|p2a: Dragapult|Will-O-Wisp|p1a: Great Tusk
|-status|p1a: Great Tusk|brn
|move|p1a: Great Tusk|Knock Off|p2a: Dragapult
|-supereffective|p2a: Dragapult
|-damage|p2a: Dragapult|0 fnt
|faint|p2a: Dragapult
|
|-damage|p1a: Great Tusk|94/100 brn|[from] brn
|upkeep
|
|t:|1779646806
|switch|p2a: Primarina|Primarina, F|58/100
|turn|31
|
|t:|1779646811
|move|p1a: Great Tusk|Rapid Spin|p2a: Primarina
|-damage|p2a: Primarina|46/100
|-boost|p1a: Great Tusk|spe|1
|-sideend|p1: 30delta|Stealth Rock|[from] move: Rapid Spin|[of] p1a: Great Tusk
|move|p2a: Primarina|Surf|p1a: Great Tusk
|-supereffective|p1a: Great Tusk
|-damage|p1a: Great Tusk|0 fnt
|faint|p1a: Great Tusk
|-end|p1a: Great Tusk|Protosynthesis|[silent]
|
|upkeep
|
|t:|1779646815
|switch|p1a: Amoonguss|Amoonguss, F|100/100
|turn|32
|
|t:|1779646821
|move|p2a: Primarina|Psychic Noise|p1a: Amoonguss
|-supereffective|p1a: Amoonguss
|-damage|p1a: Amoonguss|46/100
|-start|p1a: Amoonguss|move: Heal Block
|move|p1a: Amoonguss|Foul Play|p2a: Primarina
|-resisted|p2a: Primarina
|-damage|p2a: Primarina|38/100
|
|upkeep
|turn|33
|
|t:|1779646828
|switch|p1a: Dondozo|Dondozo, M|90/100
|move|p2a: Primarina|Psychic Noise|p1a: Dondozo
|-damage|p1a: Dondozo|63/100
|-start|p1a: Dondozo|move: Heal Block
|
|upkeep
|turn|34
|
|t:|1779646834
|move|p2a: Primarina|Surf|p1a: Dondozo
|-resisted|p1a: Dondozo
|-damage|p1a: Dondozo|40/100
|move|p1a: Dondozo|Body Press|p2a: Primarina
|-resisted|p2a: Primarina
|-damage|p2a: Primarina|20/100
|
|-end|p1a: Dondozo|move: Heal Block
|upkeep
|turn|35
|
|t:|1779646838
|switch|p2a: Gholdengo|Gholdengo|85/100
|move|p1a: Dondozo|Rest|p1a: Dondozo
|-status|p1a: Dondozo|slp|[from] move: Rest
|-heal|p1a: Dondozo|100/100 slp|[silent]
|
|upkeep
|turn|36
|
|t:|1779646842
|move|p2a: Gholdengo|Shadow Ball|p1a: Dondozo
|-damage|p1a: Dondozo|59/100 slp
|cant|p1a: Dondozo|slp
|move|p1a: Dondozo|Sleep Talk|p1a: Dondozo
|move|p1a: Dondozo|Waterfall|p2a: Gholdengo|[from] move: Sleep Talk
|-damage|p2a: Gholdengo|51/100
|
|-heal|p1a: Dondozo|65/100 slp|[from] item: Leftovers
|upkeep
|turn|37
|
|t:|1779646846
|switch|p1a: Kingambit|Kingambit, M|100/100
|-activate|p1a: Kingambit|ability: Supreme Overlord
|-start|p1a: Kingambit|fallen2|[silent]
|move|p2a: Gholdengo|Shadow Ball|p1a: Kingambit
|-resisted|p1a: Kingambit
|-damage|p1a: Kingambit|75/100
|
|-heal|p1a: Kingambit|81/100|[from] item: Leftovers
|upkeep
|turn|38
|
|t:|1779646853
|move|p1a: Kingambit|Sucker Punch||[still]
|-fail|p1a: Kingambit
|move|p2a: Gholdengo|Nasty Plot|p2a: Gholdengo
|-boost|p2a: Gholdengo|spa|2
|
|-heal|p1a: Kingambit|87/100|[from] item: Leftovers
|upkeep
|turn|39
|
|t:|1779646859
|switch|p2a: Primarina|Primarina, F|20/100
|move|p1a: Kingambit|Sucker Punch||[still]
|-fail|p1a: Kingambit
|
|-heal|p1a: Kingambit|93/100|[from] item: Leftovers
|upkeep
|turn|40
|
|t:|1779646865
|switch|p2a: Gholdengo|Gholdengo|51/100
|move|p1a: Kingambit|Iron Head|p2a: Gholdengo
|-resisted|p2a: Gholdengo
|-damage|p2a: Gholdengo|19/100
|
|-heal|p1a: Kingambit|99/100|[from] item: Leftovers
|upkeep
|turn|41
|
|t:|1779646871
|move|p1a: Kingambit|Sucker Punch|p2a: Gholdengo
|-supereffective|p2a: Gholdengo
|-damage|p2a: Gholdengo|0 fnt
|faint|p2a: Gholdengo
|
|-heal|p1a: Kingambit|100/100|[from] item: Leftovers
|upkeep
|
|t:|1779646876
|switch|p2a: Primarina|Primarina, F|20/100
|turn|42
|
|t:|1779646882
|switch|p2a: Kingambit|Kingambit, F|46/100
|-activate|p2a: Kingambit|ability: Supreme Overlord
|-start|p2a: Kingambit|fallen4|[silent]
|move|p1a: Kingambit|Iron Head|p2a: Kingambit
|-resisted|p2a: Kingambit
|-damage|p2a: Kingambit|24/100
|
|upkeep
|turn|43
|
|t:|1779646888
|-end|p1a: Kingambit|fallen2|[silent]
|switch|p1a: Dondozo|Dondozo, M|65/100 slp
|move|p2a: Kingambit|Sucker Punch||[still]
|-fail|p2a: Kingambit
|
|-heal|p1a: Dondozo|72/100 slp|[from] item: Leftovers
|upkeep
|turn|44
|
|t:|1779646892
|move|p2a: Kingambit|Swords Dance|p2a: Kingambit
|-boost|p2a: Kingambit|atk|2
|cant|p1a: Dondozo|slp
|move|p1a: Dondozo|Sleep Talk|p1a: Dondozo
|move|p1a: Dondozo|Body Press|p2a: Kingambit|[from] move: Sleep Talk
|-supereffective|p2a: Kingambit
|-damage|p2a: Kingambit|0 fnt
|faint|p2a: Kingambit
|-end|p2a: Kingambit|fallen4|[silent]
|
|-heal|p1a: Dondozo|78/100 slp|[from] item: Leftovers
|upkeep
|
|t:|1779646895
|switch|p2a: Primarina|Primarina, F|20/100
|turn|45
|
|t:|1779646898
|move|p2a: Primarina|Moonblast|p1a: Dondozo
|-damage|p1a: Dondozo|27/100 slp
|-curestatus|p1a: Dondozo|slp|[msg]
|move|p1a: Dondozo|Sleep Talk||[still]
|-fail|p1a: Dondozo
|
|-heal|p1a: Dondozo|33/100|[from] item: Leftovers
|upkeep
|turn|46
|
|t:|1779646913
|switch|p1a: Amoonguss|Amoonguss, F|79/100
|move|p2a: Primarina|Moonblast|p1a: Amoonguss
|-resisted|p1a: Amoonguss
|-damage|p1a: Amoonguss|55/100
|
|upkeep
|turn|47
|
|t:|1779646918
|move|p2a: Primarina|Psychic Noise|p1a: Amoonguss
|-supereffective|p1a: Amoonguss
|-damage|p1a: Amoonguss|4/100
|-start|p1a: Amoonguss|move: Heal Block
|move|p1a: Amoonguss|Clear Smog|p2a: Primarina
|-supereffective|p2a: Primarina
|-damage|p2a: Primarina|3/100
|-clearboost|p2a: Primarina
|
|upkeep
|turn|48
|
|t:|1779646924
|switch|p1a: Kingambit|Kingambit, M|100/100
|-activate|p1a: Kingambit|ability: Supreme Overlord
|-start|p1a: Kingambit|fallen2|[silent]
|move|p2a: Primarina|Moonblast|p1a: Kingambit
|-damage|p1a: Kingambit|42/100
|
|-heal|p1a: Kingambit|48/100|[from] item: Leftovers
|upkeep
|turn|49
|
|t:|1779646928
|move|p1a: Kingambit|Sucker Punch|p2a: Primarina
|-resisted|p2a: Primarina
|-damage|p2a: Primarina|0 fnt
|faint|p2a: Primarina
|
|win|30delta
|raw|30delta's rating: 1297 &rarr; <strong>1322</strong><br />(+25 for winning)
|raw|PokeCHAD052413069h's rating: 1297 &rarr; <strong>1272</strong><br />(-25 for losing)
