|j|☆A05236
|j|☆Abyssal Bot
|t:|1779570867
|gametype|singles
|player|p1|A05236|265|
|player|p2|Abyssal Bot|supernerd|
|teamsize|p1|6
|teamsize|p2|6
|gen|9
|tier|[Gen 9] OU
|rule|Species Clause: Limit one of each Pokémon
|rule|OHKO Clause: OHKO moves are banned
|rule|Evasion Items Clause: Evasion items are banned
|rule|Evasion Moves Clause: Evasion moves are banned
|rule|Endless Battle Clause: Forcing endless battles is banned
|rule|HP Percentage Mod: HP is shown in percentages
|rule|Sleep Moves Clause: Sleep-inducing moves are banned
|clearpoke
|poke|p1|Rufflet, M|
|poke|p1|Ninetales-Alola, M|
|poke|p1|Carkol, M|
|poke|p1|Dragonair, M|
|poke|p1|Magnezone|
|poke|p1|Dragonite, F|
|poke|p2|Dragapult, M|
|poke|p2|Primarina, F|
|poke|p2|Iron Crown|
|poke|p2|Samurott-Hisui, M|
|poke|p2|Kingambit, F|
|poke|p2|Landorus-Therian, M|
|teampreview
|c|☆Abyssal Bot|Good Luck and Have Fun my Friend!
|inactive|Battle timer is ON: inactive players will automatically lose when time's up. (requested by Abyssal Bot)
|j|*Turbo Bottttt
|
|t:|1779570872
|start
|switch|p1a: twice|Rufflet, M|100/100
|switch|p2a: Kingambit|Kingambit, F|100/100
|turn|1
|
|t:|1779570873
|move|p1a: twice|Close Combat|p2a: Kingambit
|-supereffective|p2a: Kingambit
|-damage|p2a: Kingambit|0
|-unboost|p1a: twice|def|1
|-unboost|p1a: twice|spd|1
|faint|p2a: Kingambit
|-end|p2a: Kingambit|fallenundefined|[silent]
|
|upkeep
|
|t:|1779570873
|switch|p2a: Iron Crown|Iron Crown|100/100
|turn|2
|
|t:|1779570880
|move|p2a: Iron Crown|Future Sight|p1a: twice
|-start|p2a: Iron Crown|move: Future Sight
|move|p1a: twice|Close Combat|p2a: Iron Crown
|-damage|p2a: Iron Crown|53/100
|-unboost|p1a: twice|def|1
|-unboost|p1a: twice|spd|1
|
|upkeep
|turn|3
|
|t:|1779570883
|move|p2a: Iron Crown|Future Sight||[still]
|-fail|p2a: Iron Crown
|move|p1a: twice|Close Combat|p2a: Iron Crown
|-damage|p2a: Iron Crown|3/100
|-unboost|p1a: twice|def|1
|-unboost|p1a: twice|spd|1
|
|upkeep
|turn|4
|
|t:|1779570885
|move|p2a: Iron Crown|Future Sight||[still]
|-fail|p2a: Iron Crown
|move|p1a: twice|U-turn|p2a: Iron Crown
|-damage|p2a: Iron Crown|0
|faint|p2a: Iron Crown
|-end|p2a: Iron Crown|Quark Drive|[silent]
|
|t:|1779570890
|switch|p1a: deadly|Magnezone|100/100|[from] U-turn
|
|-end|p1a: deadly|move: Future Sight
|-resisted|p1a: deadly
|-damage|p1a: deadly|60/100
|upkeep
|
|t:|1779570890
|switch|p2a: Landorus|Landorus-Therian, M|100/100
|-ability|p2a: Landorus|Intimidate|boost
|-unboost|p1a: deadly|atk|1
|turn|5
|
|t:|1779570894
|move|p1a: deadly|Magnet Rise|p1a: deadly
|-start|p1a: deadly|Magnet Rise
|move|p2a: Landorus|Earth Power|p1a: deadly
|-immune|p1a: deadly
|
|upkeep
|turn|6
|
|t:|1779570896
|move|p2a: Landorus|Grass Knot|p1a: deadly
|-resisted|p1a: deadly
|-damage|p1a: deadly|43/100
|move|p1a: deadly|Flash Cannon|p2a: Landorus
|-damage|p2a: Landorus|38/100
|-unboost|p2a: Landorus|spd|1
|-damage|p1a: deadly|33/100|[from] item: Life Orb
|
|upkeep
|turn|7
|
|t:|1779570899
|move|p2a: Landorus|Grass Knot|p1a: deadly
|-resisted|p1a: deadly
|-damage|p1a: deadly|16/100
|move|p1a: deadly|Flash Cannon|p2a: Landorus
|-damage|p2a: Landorus|0
|faint|p2a: Landorus
|-damage|p1a: deadly|6/100|[from] item: Life Orb
|
|upkeep
|
|t:|1779570899
|switch|p2a: Dragapult|Dragapult, M, shiny|100/100
|turn|8
|
|t:|1779570902
|move|p2a: Dragapult|U-turn|p1a: deadly
|-resisted|p1a: deadly
|-damage|p1a: deadly|0
|faint|p1a: deadly
|
|t:|1779570902
|switch|p2a: Samurott|Samurott-Hisui, M|100/100|[from] U-turn
|
|upkeep
|
|t:|1779570906
|switch|p1a: negotiations|Ninetales-Alola, M|100/100
|-weather|Snow|[from] ability: Snow Warning|[of] p1a: negotiations
|turn|9
|
|t:|1779570908
|move|p1a: negotiations|Aurora Veil|p1a: negotiations
|-sidestart|p1: A05236|move: Aurora Veil
|move|p2a: Samurott|Razor Shell|p1a: negotiations
|-damage|p1a: negotiations|75/100
|-unboost|p1a: negotiations|def|1
|
|-weather|Snow|[upkeep]
|upkeep
|turn|10
|
|t:|1779570909
|move|p1a: negotiations|Nasty Plot|p1a: negotiations
|-boost|p1a: negotiations|spa|2
|move|p2a: Samurott|Razor Shell|p1a: negotiations
|-damage|p1a: negotiations|33/100
|-unboost|p1a: negotiations|def|1
|
|-weather|Snow|[upkeep]
|upkeep
|turn|11
|
|t:|1779570911
|move|p1a: negotiations|Moonblast|p2a: Samurott
|-supereffective|p2a: Samurott
|-damage|p2a: Samurott|0
|faint|p2a: Samurott
|
|-weather|Snow|[upkeep]
|upkeep
|
|t:|1779570911
|switch|p2a: Primarina|Primarina, F|100/100
|turn|12
|
|t:|1779570913
|move|p1a: negotiations|Moonblast|p2a: Primarina
|-damage|p2a: Primarina|43/100
|move|p2a: Primarina|Surf|p1a: negotiations
|-damage|p1a: negotiations|6/100
|
|-weather|Snow|[upkeep]
|upkeep
|turn|13
|
|t:|1779570916
|move|p1a: negotiations|Moonblast|p2a: Primarina
|-damage|p2a: Primarina|0
|faint|p2a: Primarina
|
|-weather|none
|upkeep
|
|t:|1779570916
|switch|p2a: Dragapult|Dragapult, M, shiny|100/100
|turn|14
|
|t:|1779570918
|move|p2a: Dragapult|Tera Blast|p1a: negotiations
|-damage|p1a: negotiations|0
|faint|p1a: negotiations
|
|upkeep
|
|t:|1779570922
|switch|p1a: china|Dragonair, M|100/100
|turn|15
|
|t:|1779570924
|move|p2a: Dragapult|Tera Blast|p1a: china
|-damage|p1a: china|92/100
|move|p1a: china|Thunder Wave|p2a: Dragapult
|-status|p2a: Dragapult|par
|
|upkeep
|turn|16
|
|t:|1779570926
|cant|p2a: Dragapult|par
|move|p1a: china|Dragon Dance|p1a: china
|-boost|p1a: china|atk|1
|-boost|p1a: china|spe|1
|
|-sideend|p1: A05236|move: Aurora Veil
|upkeep
|turn|17
|
|t:|1779570927
|move|p1a: china|Dragon Dance|p1a: china
|-boost|p1a: china|atk|1
|-boost|p1a: china|spe|1
|move|p2a: Dragapult|Tera Blast|p1a: china
|-damage|p1a: china|77/100
|
|upkeep
|turn|18
|
|t:|1779570929
|move|p1a: china|Outrage|p2a: Dragapult
|-supereffective|p2a: Dragapult
|-damage|p2a: Dragapult|0 par
|faint|p2a: Dragapult
|
|win|A05236
|c|☆Abyssal Bot|Well Played.
|l|☆Abyssal Bot
|player|p2|
|l|*Turbo Bottttt
