|inactive|Battle timer is ON: inactive players will automatically lose when time's up.
|t:|1779649558
|gametype|singles
|player|p1|ticktackplayz|hexmaniac-gen6|
|player|p2|TPP|#bwpliicrustlepalace|
|gen|9
|tier|[Gen 9] OU
|rule|HP Percentage Mod: HP is shown in percentages
|rule|Endless Battle Clause: Forcing endless battles is banned
|rule|Species Clause: Limit one of each Pokémon
|rule|OHKO Clause: OHKO moves are banned
|rule|Evasion Items Clause: Evasion items are banned
|rule|Evasion Moves Clause: Evasion moves are banned
|rule|Evasion Abilities Clause: Evasion abilities are banned
|rule|Sleep Moves Clause: Sleep-inducing moves are banned
|clearpoke
|poke|p1|Iron Treads|
|poke|p1|Dragonite, M|
|poke|p1|Darkrai|
|poke|p1|Hatterene, F|
|poke|p1|Ogerpon-Wellspring, F|
|poke|p1|Ceruledge, M|
|poke|p2|Zamazenta-*|
|poke|p2|Kyurem|
|poke|p2|Iron Treads|
|poke|p2|Hatterene, F|
|poke|p2|Tornadus-Therian, M|
|poke|p2|Kingambit, F|
|teampreview
|c|☆TPP|glhf
|c|☆ticktackplayz|h
|c|☆ticktackplayz|glhf
|inactive|TPP has 270 seconds left.
|inactive|TPP has 240 seconds left.
|
|t:|1779649639
|teamsize|p1|6
|teamsize|p2|6
|start
|switch|p1a: Iron Treads|Iron Treads, shiny|100/100
|switch|p2a: Kyurem|Kyurem|100/100
|-ability|p2a: Kyurem|Pressure
|-enditem|p1a: Iron Treads|Booster Energy
|-activate|p1a: Iron Treads|ability: Quark Drive|[fromitem]
|-start|p1a: Iron Treads|quarkdrivespe
|turn|1
|
|t:|1779649669
|switch|p2a: Hatterene|Hatterene, F|100/100
|move|p1a: Iron Treads|Steel Beam|p2a: Hatterene
|-supereffective|p2a: Hatterene
|-damage|p2a: Hatterene|0 fnt
|-damage|p1a: Iron Treads|50/100|[from] steelbeam
|faint|p2a: Hatterene
|
|upkeep
|inactive|TPP has 270 seconds left.
|inactive|TPP has 240 seconds left.
|
|t:|1779649734
|switch|p2a: Iron Treads|Iron Treads|100/100
|turn|2
|
|t:|1779649746
|move|p1a: Iron Treads|Stealth Rock|p2a: Iron Treads
|-sidestart|p2: TPP|move: Stealth Rock
|move|p2a: Iron Treads|Earthquake|p1a: Iron Treads
|-supereffective|p1a: Iron Treads
|-damage|p1a: Iron Treads|0 fnt
|faint|p1a: Iron Treads
|-end|p1a: Iron Treads|Quark Drive|[silent]
|
|upkeep
|
|t:|1779649754
|switch|p1a: Ogerpon|Ogerpon-Wellspring, F|100/100
|turn|3
|inactive|TPP has 240 seconds left.
|inactive|ticktackplayz has 270 seconds left.
|inactive|TPP has 210 seconds left.
|inactive|ticktackplayz has 240 seconds left.
|
|t:|1779649823
|-end|p2a: Iron Treads|Quark Drive|[silent]
|switch|p2a: Kyurem|Kyurem|100/100
|-damage|p2a: Kyurem|76/100|[from] Stealth Rock
|-ability|p2a: Kyurem|Pressure
|-terastallize|p1a: Ogerpon|Water
|detailschange|p1a: Ogerpon|Ogerpon-Wellspring-Tera, F, tera:Water
|-ability|p1a: Ogerpon|Embody Aspect (Wellspring)|boost
|-boost|p1a: Ogerpon|spd|1
|move|p1a: Ogerpon|Ivy Cudgel|p2a: Kyurem|[anim] Ivy Cudgel Water
|-resisted|p2a: Kyurem
|-damage|p2a: Kyurem|40/100
|
|upkeep
|turn|4
|inactive|ticktackplayz has 240 seconds left.
|
|t:|1779649836
|move|p1a: Ogerpon|Play Rough|p2a: Kyurem
|-supereffective|p2a: Kyurem
|-damage|p2a: Kyurem|0 fnt
|faint|p2a: Kyurem
|
|upkeep
|inactive|TPP has 180 seconds left.
|
|t:|1779649873
|switch|p2a: Kingambit|Kingambit, F|100/100
|-damage|p2a: Kingambit|94/100|[from] Stealth Rock
|-activate|p2a: Kingambit|ability: Supreme Overlord
|-start|p2a: Kingambit|fallen2|[silent]
|-item|p2a: Kingambit|Air Balloon
|turn|5
|inactive|ticktackplayz has 240 seconds left.
|
|t:|1779649899
|move|p1a: Ogerpon|Ivy Cudgel|p2a: Kingambit|[anim] Ivy Cudgel Water
|-damage|p2a: Kingambit|31/100
|-enditem|p2a: Kingambit|Air Balloon
|move|p2a: Kingambit|Kowtow Cleave|p1a: Ogerpon
|-damage|p1a: Ogerpon|26/100
|
|upkeep
|turn|6
|inactive|TPP has 150 seconds left.
|inactive|ticktackplayz has 210 seconds left.
|
|t:|1779649961
|move|p1a: Ogerpon|Ivy Cudgel|p2a: Kingambit|[anim] Ivy Cudgel Water
|-crit|p2a: Kingambit
|-damage|p2a: Kingambit|0 fnt
|faint|p2a: Kingambit
|-end|p2a: Kingambit|fallen2|[silent]
|
|upkeep
|inactive|TPP has 120 seconds left.
|
|t:|1779649971
|switch|p2a: Tornadus|Tornadus-Therian, M|100/100
|-damage|p2a: Tornadus|76/100|[from] Stealth Rock
|turn|7
|inactive|ticktackplayz has 180 seconds left.
|
|t:|1779649996
|move|p2a: Tornadus|Bleakwind Storm|p1a: Ogerpon
|-damage|p1a: Ogerpon|0 fnt
|faint|p1a: Ogerpon
|detailschange|p1: Ogerpon|Ogerpon-Wellspring, F|[silent]
|-damage|p2a: Tornadus|66/100|[from] item: Life Orb
|
|upkeep
|inactive|ticktackplayz has 180 seconds left.
|inactive|ticktackplayz has 150 seconds left.
|inactive|ticktackplayz has 120 seconds left.
|
|t:|1779650083
|switch|p1a: Ceruledge|Ceruledge, M|100/100
|turn|8
|
|t:|1779650091
|move|p2a: Tornadus|Dark Pulse|p1a: Ceruledge
|-supereffective|p1a: Ceruledge
|-damage|p1a: Ceruledge|18/100
|-damage|p2a: Tornadus|56/100|[from] item: Life Orb
|cant|p1a: Ceruledge|flinch
|
|upkeep
|turn|9
|c|☆ticktackplayz|..
|
|t:|1779650117
|move|p1a: Ceruledge|Shadow Sneak|p2a: Tornadus
|-damage|p2a: Tornadus|27/100
|move|p2a: Tornadus|Dark Pulse|p1a: Ceruledge
|-supereffective|p1a: Ceruledge
|-damage|p1a: Ceruledge|0 fnt
|faint|p1a: Ceruledge
|-damage|p2a: Tornadus|18/100|[from] item: Life Orb
|
|upkeep
|
|t:|1779650120
|switch|p1a: Darkrai|Darkrai|100/100
|turn|10
|
|t:|1779650129
|move|p1a: Darkrai|Dark Pulse|p2a: Tornadus
|-damage|p2a: Tornadus|0 fnt
|faint|p2a: Tornadus
|
|upkeep
|
|t:|1779650135
|switch|p2a: Iron Treads|Iron Treads|100/100
|-damage|p2a: Iron Treads|97/100|[from] Stealth Rock
|turn|11
|inactive|ticktackplayz has 120 seconds left.
|
|t:|1779650155
|move|p1a: Darkrai|Focus Blast|p2a: Iron Treads
|-supereffective|p2a: Iron Treads
|-damage|p2a: Iron Treads|0 fnt
|faint|p2a: Iron Treads
|-end|p2a: Iron Treads|Quark Drive|[silent]
|
|upkeep
|
|t:|1779650159
|switch|p2a: Zamazenta|Zamazenta|100/100
|-damage|p2a: Zamazenta|94/100|[from] Stealth Rock
|-ability|p2a: Zamazenta|Dauntless Shield|boost
|-boost|p2a: Zamazenta|def|1
|turn|12
|inactive|ticktackplayz has 120 seconds left.
|inactive|TPP has 150 seconds left.
|
|t:|1779650197
|move|p2a: Zamazenta|Iron Defense|p2a: Zamazenta
|-boost|p2a: Zamazenta|def|2
|move|p1a: Darkrai|Sludge Bomb|p2a: Zamazenta
|-damage|p2a: Zamazenta|63/100
|
|-heal|p2a: Zamazenta|69/100|[from] item: Leftovers
|upkeep
|turn|13
|
|t:|1779650202
|move|p2a: Zamazenta|Body Press|p1a: Darkrai
|-supereffective|p1a: Darkrai
|-damage|p1a: Darkrai|0 fnt
|faint|p1a: Darkrai
|
|-heal|p2a: Zamazenta|76/100|[from] item: Leftovers
|upkeep
|
|t:|1779650204
|switch|p1a: Hatterene|Hatterene, F|100/100
|turn|14
|
|t:|1779650214
|-terastallize|p2a: Zamazenta|Electric
|move|p2a: Zamazenta|Heavy Slam|p1a: Hatterene
|-supereffective|p1a: Hatterene
|-damage|p1a: Hatterene|45/100
|-damage|p2a: Zamazenta|59/100|[from] item: Rocky Helmet|[of] p1a: Hatterene
|move|p1a: Hatterene|Psychic Noise|p2a: Zamazenta
|-damage|p2a: Zamazenta|27/100
|-start|p2a: Zamazenta|move: Heal Block
|
|upkeep
|turn|15
|inactive|TPP has 150 seconds left.
|
|t:|1779650223
|move|p2a: Zamazenta|Heavy Slam|p1a: Hatterene
|-supereffective|p1a: Hatterene
|-damage|p1a: Hatterene|0 fnt
|-damage|p2a: Zamazenta|11/100|[from] item: Rocky Helmet|[of] p1a: Hatterene
|faint|p1a: Hatterene
|
|-end|p2a: Zamazenta|move: Heal Block
|upkeep
|
|t:|1779650224
|switch|p1a: Dragonite|Dragonite, M|100/100
|turn|16
|
|t:|1779650227
|move|p2a: Zamazenta|Body Press|p1a: Dragonite
|-resisted|p1a: Dragonite
|-damage|p1a: Dragonite|76/100
|move|p1a: Dragonite|Scale Shot|p2a: Zamazenta
|-damage|p2a: Zamazenta|6/100
|-damage|p2a: Zamazenta|0 fnt
|faint|p2a: Zamazenta
|-hitcount|p2: Zamazenta|2
|
|win|ticktackplayz
