|inactive|Battle timer is ON: inactive players will automatically lose when time's up.
|t:|1779646681
|gametype|singles
|player|p1|Allan2004|#fcplvmutants|
|player|p2|Silent Waltzz|#wcop2026africa2|
|gen|9
|tier|[Gen 9] OU
|rule|HP Percentage Mod: HP is shown in percentages
|rule|Endless Battle Clause: Forcing endless battles is banned
|rule|Species Clause: Limit one of each Pokémon
|rule|OHKO Clause: OHKO moves are banned
|rule|Evasion Items Clause: Evasion items are banned
|rule|Evasion Moves Clause: Evasion moves are banned
|rule|Evasion Abilities Clause: Evasion abilities are banned
|rule|Sleep Moves Clause: Sleep-inducing moves are banned
|clearpoke
|poke|p1|Samurott-Hisui, M|
|poke|p1|Kyurem|
|poke|p1|Enamorus, F|
|poke|p1|Kingambit, M|
|poke|p1|Slowking-Galar, F|
|poke|p1|Great Tusk|
|poke|p2|Deoxys-Speed|
|poke|p2|Iron Valiant|
|poke|p2|Dragonite, F|
|poke|p2|Gholdengo|
|poke|p2|Ogerpon-Wellspring, F|
|poke|p2|Ting-Lu|
|teampreview
|c|☆Silent Waltzz|hf
|c|☆Allan2004|hf
|inactive|Allan2004 has 270 seconds left.
|inactive|Silent Waltzz has 270 seconds left.
|c|+fabriisse|incr je sais pas pour qui root
|
|t:|1779646724
|teamsize|p1|6
|teamsize|p2|6
|start
|switch|p1a: Kyurem|Kyurem|100/100
|switch|p2a: Ting-Lu|Ting-Lu|100/100
|-ability|p1a: Kyurem|Pressure
|-ability|p2a: Ting-Lu|Vessel of Ruin
|turn|1
|
|t:|1779646732
|move|p1a: Kyurem|Ice Beam|p2a: Ting-Lu
|-supereffective|p2a: Ting-Lu
|-damage|p2a: Ting-Lu|16/100
|move|p2a: Ting-Lu|Stealth Rock|p1a: Kyurem
|-sidestart|p1: Allan2004|move: Stealth Rock
|
|upkeep
|turn|2
|
|t:|1779646737
|switch|p2a: Gholdengo|Gholdengo|100/100
|move|p1a: Kyurem|Ice Beam|p2a: Gholdengo
|-resisted|p2a: Gholdengo
|-damage|p2a: Gholdengo|60/100
|
|upkeep
|turn|3
|
|t:|1779646764
|switch|p2a: Ogerpon|Ogerpon-Wellspring, F|100/100
|switch|p1a: Slowking|Slowking-Galar, F|100/100
|-damage|p1a: Slowking|88/100|[from] Stealth Rock
|
|-heal|p1a: Slowking|94/100|[from] item: Leftovers
|upkeep
|turn|4
|inactive|Allan2004 has 270 seconds left.
|
|t:|1779646780
|move|p2a: Ogerpon|Swords Dance|p2a: Ogerpon
|-boost|p2a: Ogerpon|atk|2
|-prepare|p1a: Slowking|Chilly Reception|[premajor]
|move|p1a: Slowking|Chilly Reception|p1a: Slowking
|-weather|Snowscape
|inactive|Allan2004 has 270 seconds left.
|inactive|Allan2004 has 240 seconds left.
|
|t:|1779646831
|switch|p1a: Kyurem|Kyurem|100/100|[from] Chilly Reception
|-damage|p1a: Kyurem|76/100|[from] Stealth Rock
|-ability|p1a: Kyurem|Pressure
|
|-weather|Snowscape|[upkeep]
|upkeep
|turn|5
|inactive|Silent Waltzz has 270 seconds left.
|
|t:|1779646866
|move|p2a: Ogerpon|Play Rough|p1a: Kyurem|[miss]
|-miss|p2a: Ogerpon|p1a: Kyurem
|move|p1a: Kyurem|Freeze-Dry|p2a: Ogerpon
|-supereffective|p2a: Ogerpon
|-damage|p2a: Ogerpon|0 fnt
|faint|p2a: Ogerpon
|
|-weather|Snowscape|[upkeep]
|upkeep
|c|☆Allan2004|mb
|c|☆Silent Waltzz|tkt
|
|t:|1779646880
|switch|p2a: Deoxys|Deoxys-Speed|100/100
|-ability|p2a: Deoxys|Pressure
|turn|6
|
|t:|1779646891
|move|p2a: Deoxys|Focus Blast|p1a: Kyurem|[miss]
|-miss|p2a: Deoxys|p1a: Kyurem
|move|p1a: Kyurem|Freeze-Dry|p2a: Deoxys
|-damage|p2a: Deoxys|10/100
|
|-weather|Snowscape|[upkeep]
|upkeep
|turn|7
|inactive|Silent Waltzz has 270 seconds left.
|inactive|Allan2004 has 210 seconds left.
|
|t:|1779646928
|switch|p1a: Slowking|Slowking-Galar, F|100/100
|-damage|p1a: Slowking|88/100|[from] Stealth Rock
|move|p2a: Deoxys|Psycho Boost|p1a: Slowking
|-damage|p1a: Slowking|37/100
|-unboost|p2a: Deoxys|spa|2
|-damage|p2a: Deoxys|0 fnt|[from] item: Life Orb
|faint|p2a: Deoxys
|
|-weather|Snowscape|[upkeep]
|-heal|p1a: Slowking|43/100|[from] item: Leftovers
|upkeep
|
|t:|1779646948
|switch|p2a: Ting-Lu|Ting-Lu|16/100
|-ability|p2a: Ting-Lu|Vessel of Ruin
|turn|8
|inactive|Allan2004 has 210 seconds left.
|
|t:|1779646966
|switch|p1a: Great Tusk|Great Tusk|100/100
|move|p2a: Ting-Lu|Ruination|p1a: Great Tusk
|-damage|p1a: Great Tusk|51/100
|
|-weather|none
|upkeep
|turn|9
|
|t:|1779646978
|move|p1a: Great Tusk|Knock Off|p2a: Ting-Lu
|-resisted|p2a: Ting-Lu
|-damage|p2a: Ting-Lu|8/100
|-damage|p1a: Great Tusk|34/100|[from] item: Rocky Helmet|[of] p2a: Ting-Lu
|-enditem|p2a: Ting-Lu|Rocky Helmet|[from] move: Knock Off|[of] p1a: Great Tusk
|move|p2a: Ting-Lu|Earthquake|p1a: Great Tusk
|-damage|p1a: Great Tusk|7/100
|
|upkeep
|turn|10
|c|+fabriisse|nemosse est nul lol
|
|t:|1779646990
|switch|p2a: Gholdengo|Gholdengo|60/100
|move|p1a: Great Tusk|Rapid Spin|p2a: Gholdengo
|-immune|p2a: Gholdengo
|
|upkeep
|turn|11
|inactive|Allan2004 has 210 seconds left.
|
|t:|1779647012
|-end|p1a: Great Tusk|Protosynthesis|[silent]
|switch|p1a: Slowking|Slowking-Galar, F|76/100
|-damage|p1a: Slowking|63/100|[from] Stealth Rock
|move|p2a: Gholdengo|Shadow Ball|p1a: Slowking
|-supereffective|p1a: Slowking
|-damage|p1a: Slowking|16/100
|
|-heal|p1a: Slowking|22/100|[from] item: Leftovers
|upkeep
|turn|12
|inactive|Silent Waltzz has 270 seconds left.
|
|t:|1779647023
|switch|p1a: Kingambit|Kingambit, M|100/100
|-damage|p1a: Kingambit|94/100|[from] Stealth Rock
|move|p2a: Gholdengo|Shadow Ball|p1a: Kingambit
|-resisted|p1a: Kingambit
|-damage|p1a: Kingambit|72/100
|
|-heal|p1a: Kingambit|78/100|[from] item: Leftovers
|upkeep
|turn|13
|inactive|Allan2004 has 210 seconds left.
|
|t:|1779647035
|switch|p2a: Ting-Lu|Ting-Lu|8/100
|-ability|p2a: Ting-Lu|Vessel of Ruin
|move|p1a: Kingambit|Kowtow Cleave|p2a: Ting-Lu
|-resisted|p2a: Ting-Lu
|-damage|p2a: Ting-Lu|0 fnt
|faint|p2a: Ting-Lu
|
|-heal|p1a: Kingambit|85/100|[from] item: Leftovers
|upkeep
|
|t:|1779647049
|switch|p2a: Dragonite|Dragonite, F|100/100
|turn|14
|inactive|Allan2004 has 210 seconds left.
|
|t:|1779647060
|move|p2a: Dragonite|Dragon Dance|p2a: Dragonite
|-boost|p2a: Dragonite|atk|1
|-boost|p2a: Dragonite|spe|1
|move|p1a: Kingambit|Kowtow Cleave|p2a: Dragonite
|-crit|p2a: Dragonite
|-damage|p2a: Dragonite|67/100
|
|-heal|p1a: Kingambit|91/100|[from] item: Leftovers
|upkeep
|turn|15
|c|+fabriisse|6 7
|inactive|Allan2004 has 210 seconds left.
|
|t:|1779647079
|move|p2a: Dragonite|Roost|p2a: Dragonite
|-heal|p2a: Dragonite|100/100
|-singleturn|p2a: Dragonite|move: Roost
|move|p1a: Kingambit|Kowtow Cleave|p2a: Dragonite
|-damage|p2a: Dragonite|77/100
|
|-heal|p1a: Kingambit|97/100|[from] item: Leftovers
|upkeep
|turn|16
|inactive|Allan2004 has 210 seconds left.
|
|t:|1779647092
|move|p2a: Dragonite|Dragon Dance|p2a: Dragonite
|-boost|p2a: Dragonite|atk|1
|-boost|p2a: Dragonite|spe|1
|move|p1a: Kingambit|Kowtow Cleave|p2a: Dragonite
|-damage|p2a: Dragonite|29/100
|
|-heal|p1a: Kingambit|100/100|[from] item: Leftovers
|upkeep
|turn|17
|inactive|Allan2004 has 210 seconds left.
|
|t:|1779647100
|move|p2a: Dragonite|Roost|p2a: Dragonite
|-heal|p2a: Dragonite|79/100
|-singleturn|p2a: Dragonite|move: Roost
|move|p1a: Kingambit|Swords Dance|p1a: Kingambit
|-boost|p1a: Kingambit|atk|2
|
|upkeep
|turn|18
|
|t:|1779647106
|move|p2a: Dragonite|Earthquake|p1a: Kingambit
|-supereffective|p1a: Kingambit
|-damage|p1a: Kingambit|0 fnt
|faint|p1a: Kingambit
|-end|p1a: Kingambit|fallenundefined|[silent]
|
|upkeep
|inactive|Allan2004 has 210 seconds left.
|
|t:|1779647143
|switch|p1a: Enamorus|Enamorus, F|100/100
|turn|19
|
|t:|1779647165
|-terastallize|p2a: Dragonite|Normal
|move|p2a: Dragonite|Extreme Speed|p1a: Enamorus
|-crit|p1a: Enamorus
|-damage|p1a: Enamorus|0 fnt
|faint|p1a: Enamorus
|
|upkeep
|inactive|Allan2004 has 180 seconds left.
|inactive|Allan2004 has 150 seconds left.
|
|t:|1779647233
|switch|p1a: Great Tusk|Great Tusk|7/100
|turn|20
|inactive|Allan2004 has 120 seconds left.
|
|t:|1779647258
|move|p2a: Dragonite|Earthquake|p1a: Great Tusk
|-damage|p1a: Great Tusk|0 fnt
|faint|p1a: Great Tusk
|-end|p1a: Great Tusk|Protosynthesis|[silent]
|
|upkeep
|
|t:|1779647262
|switch|p1a: Samurott|Samurott-Hisui, M|100/100
|-damage|p1a: Samurott|88/100|[from] Stealth Rock
|turn|21
|
|t:|1779647269
|move|p2a: Dragonite|Extreme Speed|p1a: Samurott
|-damage|p1a: Samurott|0 fnt
|faint|p1a: Samurott
|
|upkeep
|inactive|Allan2004 has 120 seconds left.
|-message|Allan2004 forfeited.
|
|win|Silent Waltzz
|c|☆Allan2004|gg
|c|☆Silent Waltzz|gg
|player|p1|
|player|p2|
