|j|☆megalati
|j|☆xinshouS?M
|t:|1779606357
|gametype|singles
|player|p1|megalati|1|1537
|player|p2|xinshouS?M|geeta|1483
|gen|9
|tier|[Gen 9] OU
|rated|
|rule|HP Percentage Mod: HP is shown in percentages
|rule|Endless Battle Clause: Forcing endless battles is banned
|rule|Species Clause: Limit one of each Pokémon
|rule|OHKO Clause: OHKO moves are banned
|rule|Evasion Items Clause: Evasion items are banned
|rule|Evasion Moves Clause: Evasion moves are banned
|rule|Evasion Abilities Clause: Evasion abilities are banned
|rule|Sleep Moves Clause: Sleep-inducing moves are banned
|clearpoke
|poke|p1|Hatterene, F|
|poke|p1|Cresselia, F|
|poke|p1|Ursaluna, F|
|poke|p1|Iron Hands|
|poke|p1|Kingambit, M|
|poke|p1|Landorus-Therian, M|
|poke|p2|Regidrago|
|poke|p2|Talonflame, M|
|poke|p2|Suicune|
|poke|p2|Amoonguss, F|
|poke|p2|Gholdengo|
|poke|p2|Zamazenta-*|
|teampreview
|inactive|Battle timer is ON: inactive players will automatically lose when time's up. (requested by xinshouS?M)
|
|t:|1779606381
|teamsize|p1|6
|teamsize|p2|6
|start
|switch|p1a: Landorus|Landorus-Therian, M|100/100
|switch|p2a: Gholdengo|Gholdengo|100/100
|-ability|p1a: Landorus|Intimidate|boost
|-unboost|p2a: Gholdengo|atk|1
|turn|1
|
|t:|1779606389
|switch|p2a: Talonflame|Talonflame, M|100/100
|move|p1a: Landorus|U-turn|p2a: Talonflame
|-resisted|p2a: Talonflame
|-crit|p2a: Talonflame
|-damage|p2a: Talonflame|86/100
|j| juQian
|inactive|megalati has 120 seconds left.
|inactive|megalati has 90 seconds left.
|
|t:|1779606449
|switch|p1a: Hatterene|Hatterene, F|100/100|[from] U-turn
|
|upkeep
|turn|2
|
|t:|1779606457
|move|p2a: Talonflame|U-turn|p1a: Hatterene
|-damage|p1a: Hatterene|84/100
|
|t:|1779606460
|switch|p2a: Amoonguss|Amoonguss, F|100/100|[from] U-turn
|move|p1a: Hatterene|Trick Room|p1a: Hatterene
|-fieldstart|move: Trick Room|[of] p1a: Hatterene
|
|upkeep
|turn|3
|
|t:|1779606482
|switch|p1a: Kingambit|Kingambit, M|100/100
|switch|p2a: Gholdengo|Gholdengo|100/100
|
|upkeep
|turn|4
|
|t:|1779606493
|-terastallize|p2a: Gholdengo|Steel
|move|p1a: Kingambit|Swords Dance|p1a: Kingambit
|-boost|p1a: Kingambit|atk|2
|move|p2a: Gholdengo|Trick|p1a: Kingambit
|-activate|p2a: Gholdengo|move: Trick|[of] p1a: Kingambit
|-item|p1a: Kingambit|Choice Scarf|[from] move: Trick
|-item|p2a: Gholdengo|Leftovers|[from] move: Trick
|
|upkeep
|turn|5
|inactive|megalati has 90 seconds left.
|
|t:|1779606509
|switch|p2a: Zamazenta|Zamazenta|100/100
|-ability|p2a: Zamazenta|Dauntless Shield|boost
|-boost|p2a: Zamazenta|def|1
|move|p1a: Kingambit|Kowtow Cleave|p2a: Zamazenta
|-resisted|p2a: Zamazenta
|-damage|p2a: Zamazenta|74/100
|
|-heal|p2a: Zamazenta|80/100|[from] item: Leftovers
|upkeep
|turn|6
|inactive|megalati has 90 seconds left.
|
|t:|1779606526
|-end|p1a: Kingambit|fallenundefined|[silent]
|switch|p1a: Cresselia|Cresselia, F|100/100
|switch|p2a: Suicune|Suicune|100/100
|
|-fieldend|move: Trick Room
|upkeep
|turn|7
|inactive|megalati has 90 seconds left.
|
|t:|1779606532
|move|p2a: Suicune|Calm Mind|p2a: Suicune
|-boost|p2a: Suicune|spa|1
|-boost|p2a: Suicune|spd|1
|move|p1a: Cresselia|Trick Room|p1a: Cresselia
|-fieldstart|move: Trick Room|[of] p1a: Cresselia
|
|upkeep
|turn|8
|
|t:|1779606542
|switch|p1a: Iron Hands|Iron Hands|100/100
|-enditem|p1a: Iron Hands|Booster Energy
|-activate|p1a: Iron Hands|ability: Quark Drive|[fromitem]
|-start|p1a: Iron Hands|quarkdriveatk
|move|p2a: Suicune|Calm Mind|p2a: Suicune
|-boost|p2a: Suicune|spa|1
|-boost|p2a: Suicune|spd|1
|
|upkeep
|turn|9
|
|t:|1779606552
|move|p1a: Iron Hands|Swords Dance|p1a: Iron Hands
|-boost|p1a: Iron Hands|atk|2
|move|p2a: Suicune|Scald|p1a: Iron Hands
|-damage|p1a: Iron Hands|60/100
|
|upkeep
|turn|10
|
|t:|1779606572
|switch|p2a: Amoonguss|Amoonguss, F|100/100
|move|p1a: Iron Hands|Thunder Punch|p2a: Amoonguss
|-resisted|p2a: Amoonguss
|-damage|p2a: Amoonguss|62/100
|
|upkeep
|turn|11
|
|t:|1779606580
|move|p1a: Iron Hands|Ice Punch|p2a: Amoonguss
|-supereffective|p2a: Amoonguss
|-damage|p2a: Amoonguss|0 fnt
|faint|p2a: Amoonguss
|
|-fieldend|move: Trick Room
|upkeep
|
|t:|1779606588
|switch|p2a: Regidrago|Regidrago|100/100
|turn|12
|inactive|megalati has 120 seconds left.
|
|t:|1779606594
|switch|p2a: Gholdengo|Gholdengo, tera:Steel|100/100
|-end|p1a: Iron Hands|Quark Drive|[silent]
|switch|p1a: Hatterene|Hatterene, F|84/100
|
|upkeep
|turn|13
|inactive|megalati has 120 seconds left.
|
|t:|1779606609
|switch|p1a: Kingambit|Kingambit, M|100/100
|move|p2a: Gholdengo|Make It Rain|p1a: Kingambit
|-resisted|p1a: Kingambit
|-damage|p1a: Kingambit|58/100
|-unboost|p2a: Gholdengo|spa|1
|
|upkeep
|turn|14
|inactive|megalati has 120 seconds left.
|
|t:|1779606622
|switch|p2a: Zamazenta|Zamazenta|80/100
|-end|p1a: Kingambit|fallenundefined|[silent]
|switch|p1a: Hatterene|Hatterene, F|84/100
|
|-heal|p2a: Zamazenta|87/100|[from] item: Leftovers
|upkeep
|turn|15
|
|t:|1779606631
|switch|p2a: Gholdengo|Gholdengo, tera:Steel|100/100
|move|p1a: Hatterene|Trick Room|p1a: Hatterene
|-fieldstart|move: Trick Room|[of] p1a: Hatterene
|
|upkeep
|turn|16
|
|t:|1779606646
|move|p1a: Hatterene|Healing Wish|p1a: Hatterene
|faint|p1a: Hatterene
|move|p2a: Gholdengo|Focus Blast|p1: Hatterene|[notarget]
|-fail|p2a: Gholdengo
|
|upkeep
|
|t:|1779606650
|switch|p1a: Iron Hands|Iron Hands|60/100
|-heal|p1a: Iron Hands|100/100|[from] move: Healing Wish
|turn|17
|
|t:|1779606661
|switch|p2a: Zamazenta|Zamazenta|87/100
|move|p1a: Iron Hands|Swords Dance|p1a: Iron Hands
|-boost|p1a: Iron Hands|atk|2
|
|-heal|p2a: Zamazenta|93/100|[from] item: Leftovers
|upkeep
|turn|18
|
|t:|1779606667
|move|p1a: Iron Hands|Close Combat|p2a: Zamazenta
|-damage|p2a: Zamazenta|0 fnt
|-unboost|p1a: Iron Hands|def|1
|-unboost|p1a: Iron Hands|spd|1
|faint|p2a: Zamazenta
|
|upkeep
|
|t:|1779606671
|switch|p2a: Talonflame|Talonflame, M|86/100
|turn|19
|-message|xinshouS?M forfeited.
|
|win|megalati
|raw|megalati's rating: 1537 &rarr; <strong>1554</strong><br />(+17 for winning)
|raw|xinshouS?M's rating: 1483 &rarr; <strong>1466</strong><br />(-17 for losing)
|l|☆megalati
|player|p1|
|l|☆xinshouS?M
|player|p2|
