|j|☆KeIpie
|j|☆o pagao
|t:|1779590437
|gametype|singles
|player|p1|KeIpie|rocketgruntf|1142
|player|p2|o pagao|265|1128
|gen|9
|tier|[Gen 9] OU
|rated|
|rule|HP Percentage Mod: HP is shown in percentages
|rule|Endless Battle Clause: Forcing endless battles is banned
|rule|Species Clause: Limit one of each Pokémon
|rule|OHKO Clause: OHKO moves are banned
|rule|Evasion Items Clause: Evasion items are banned
|rule|Evasion Moves Clause: Evasion moves are banned
|rule|Evasion Abilities Clause: Evasion abilities are banned
|rule|Sleep Moves Clause: Sleep-inducing moves are banned
|clearpoke
|poke|p1|Scyther, F|
|poke|p1|Bastiodon, M|
|poke|p1|Muk, F|
|poke|p1|Salamence, F|
|poke|p1|Rampardos, F|
|poke|p1|Haxorus, M|
|poke|p2|Venusaur, M|
|poke|p2|Magmortar, M|
|poke|p2|Scizor, F|
|poke|p2|Darkrai|
|poke|p2|Gliscor, M|
|poke|p2|Dragonite, M|
|teampreview
|
|t:|1779590452
|teamsize|p1|6
|teamsize|p2|6
|start
|switch|p1a: Scyther|Scyther, F, shiny|100/100
|switch|p2a: Venusaur|Venusaur, M|100/100
|turn|1
|
|t:|1779590469
|move|p1a: Scyther|Swords Dance|p1a: Scyther
|-boost|p1a: Scyther|atk|2
|move|p2a: Venusaur|Leech Seed|p1a: Scyther
|-start|p1a: Scyther|move: Leech Seed
|
|-damage|p1a: Scyther|88/100|[from] Leech Seed|[of] p2a: Venusaur
|upkeep
|turn|2
|
|t:|1779590483
|move|p1a: Scyther|Dual Wingbeat|p2a: Venusaur
|-supereffective|p2a: Venusaur
|-damage|p2a: Venusaur|0 fnt
|faint|p2a: Venusaur
|-hitcount|p2: Venusaur|1
|
|upkeep
|
|t:|1779590499
|switch|p2a: Gliscor|Gliscor, M|100/100
|turn|3
|
|t:|1779590506
|move|p2a: Gliscor|Swords Dance|p2a: Gliscor
|-boost|p2a: Gliscor|atk|2
|move|p1a: Scyther|Swords Dance|p1a: Scyther
|-boost|p1a: Scyther|atk|2
|
|-damage|p1a: Scyther|76/100|[from] Leech Seed|[of] p2a: Gliscor
|-status|p2a: Gliscor|tox|[from] item: Toxic Orb
|upkeep
|turn|4
|
|t:|1779590523
|-terastallize|p1a: Scyther|Fire
|move|p2a: Gliscor|Facade|p1a: Scyther
|-damage|p1a: Scyther|0 fnt
|faint|p1a: Scyther
|
|upkeep
|
|t:|1779590529
|switch|p1a: Bastiodon|Bastiodon, M, shiny|100/100
|turn|5
|
|t:|1779590538
|move|p2a: Gliscor|Earthquake|p1a: Bastiodon
|-supereffective|p1a: Bastiodon
|-ability|p1a: Bastiodon|Sturdy
|-damage|p1a: Bastiodon|1/100
|-enditem|p1a: Bastiodon|Red Card|[of] p2a: Gliscor
|drag|p2a: Dragonite|Dragonite, M|100/100
|move|p1a: Bastiodon|Stealth Rock|p2a: Dragonite
|-sidestart|p2: o pagao|move: Stealth Rock
|
|upkeep
|turn|6
|
|t:|1779590550
|move|p2a: Dragonite|Dragon Dance|p2a: Dragonite
|-boost|p2a: Dragonite|atk|1
|-boost|p2a: Dragonite|spe|1
|move|p1a: Bastiodon|Roar|p2a: Dragonite
|drag|p2a: Gliscor|Gliscor, M|100/100 tox
|-damage|p2a: Gliscor|88/100 tox|[from] Stealth Rock
|
|-heal|p2a: Gliscor|100/100 tox|[from] ability: Poison Heal
|upkeep
|turn|7
|
|t:|1779590566
|move|p2a: Gliscor|Facade|p1a: Bastiodon
|-resisted|p1a: Bastiodon
|-damage|p1a: Bastiodon|0 fnt
|faint|p1a: Bastiodon
|
|upkeep
|
|t:|1779590570
|switch|p1a: Muk|Muk, F, shiny|100/100
|turn|8
|
|t:|1779590576
|move|p2a: Gliscor|Earthquake|p1a: Muk
|-supereffective|p1a: Muk
|-damage|p1a: Muk|23/100
|move|p1a: Muk|Toxic Spikes|p2a: Gliscor
|-sidestart|p2: o pagao|move: Toxic Spikes
|
|-heal|p1a: Muk|29/100|[from] item: Leftovers
|upkeep
|turn|9
|
|t:|1779590597
|switch|p1a: Salamence|Salamence, F, shiny|100/100
|move|p2a: Gliscor|Facade|p1a: Salamence
|-damage|p1a: Salamence|50/100
|
|upkeep
|turn|10
|
|t:|1779590607
|move|p1a: Salamence|Outrage|p2a: Gliscor
|-damage|p2a: Gliscor|14/100 tox
|move|p2a: Gliscor|Facade|p1a: Salamence
|-damage|p1a: Salamence|0 fnt
|faint|p1a: Salamence
|
|-heal|p2a: Gliscor|26/100 tox|[from] ability: Poison Heal
|upkeep
|
|t:|1779590616
|switch|p1a: Rampardos|Rampardos, F, shiny|100/100
|turn|11
|
|t:|1779590627
|move|p1a: Rampardos|Rock Slide|p2a: Gliscor
|-damage|p2a: Gliscor|0 fnt
|faint|p2a: Gliscor
|
|upkeep
|
|t:|1779590649
|switch|p2a: Scizor|Scizor, F|100/100
|-damage|p2a: Scizor|88/100|[from] Stealth Rock
|turn|12
|
|t:|1779590664
|move|p1a: Rampardos|Rock Slide|p2a: Scizor
|-crit|p2a: Scizor
|-damage|p2a: Scizor|0 fnt
|faint|p2a: Scizor
|
|upkeep
|
|t:|1779590680
|switch|p2a: Dragonite|Dragonite, M|100/100
|-damage|p2a: Dragonite|76/100|[from] Stealth Rock
|turn|13
|
|t:|1779590689
|move|p1a: Rampardos|Rock Slide|p2a: Dragonite
|-supereffective|p2a: Dragonite
|-damage|p2a: Dragonite|0 fnt
|faint|p2a: Dragonite
|
|upkeep
|
|t:|1779590701
|switch|p2a: Darkrai|Darkrai|100/100
|-damage|p2a: Darkrai|88/100|[from] Stealth Rock
|-status|p2a: Darkrai|psn
|turn|14
|
|t:|1779590716
|switch|p1a: Muk|Muk, F, shiny|29/100
|move|p2a: Darkrai|Dark Pulse|p1a: Muk
|-damage|p1a: Muk|0 fnt
|faint|p1a: Muk
|
|-damage|p2a: Darkrai|76/100 psn|[from] psn
|upkeep
|
|t:|1779590727
|switch|p1a: Haxorus|Haxorus, M, shiny|100/100
|turn|15
|
|t:|1779590733
|move|p1a: Haxorus|Close Combat|p2a: Darkrai
|-supereffective|p2a: Darkrai
|-damage|p2a: Darkrai|0 fnt
|-unboost|p1a: Haxorus|def|1
|-unboost|p1a: Haxorus|spd|1
|faint|p2a: Darkrai
|
|upkeep
|
|t:|1779590746
|switch|p2a: Magmortar|Magmortar, M|100/100
|-damage|p2a: Magmortar|76/100|[from] Stealth Rock
|-status|p2a: Magmortar|psn
|turn|16
|
|t:|1779590760
|move|p1a: Haxorus|Close Combat|p2a: Magmortar
|-damage|p2a: Magmortar|0 fnt
|-unboost|p1a: Haxorus|def|1
|-unboost|p1a: Haxorus|spd|1
|faint|p2a: Magmortar
|
|win|KeIpie
|raw|KeIpie's rating: 1142 &rarr; <strong>1166</strong><br />(+24 for winning)
|raw|o pagao's rating: 1128 &rarr; <strong>1104</strong><br />(-24 for losing)
|l|☆KeIpie
|player|p1|
|l|☆o pagao
|player|p2|
