|j|☆cryrob9909
|j|☆WeAreSuspectTest
|t:|1779649541
|gametype|singles
|player|p1|cryrob9909|plasmagruntf-gen5bw|1239
|player|p2|WeAreSuspectTest|sabrina|1262
|gen|9
|tier|[Gen 9] OU
|rated|
|rule|HP Percentage Mod: HP is shown in percentages
|rule|Endless Battle Clause: Forcing endless battles is banned
|rule|Species Clause: Limit one of each Pokémon
|rule|OHKO Clause: OHKO moves are banned
|rule|Evasion Items Clause: Evasion items are banned
|rule|Evasion Moves Clause: Evasion moves are banned
|rule|Evasion Abilities Clause: Evasion abilities are banned
|rule|Sleep Moves Clause: Sleep-inducing moves are banned
|clearpoke
|poke|p1|Frosmoth, F|
|poke|p1|Ninetales-Alola, F|
|poke|p1|Garchomp, M|
|poke|p1|Rillaboom, F|
|poke|p1|Slowking-Galar, M|
|poke|p1|Sandslash-Alola, M|
|poke|p2|Pincurchin, M|
|poke|p2|Iron Moth|
|poke|p2|Hatterene, F|
|poke|p2|Iron Treads|
|poke|p2|Tornadus-Therian, M|
|poke|p2|Ogerpon-Wellspring, F|
|teampreview
|inactive|Battle timer is ON: inactive players will automatically lose when time's up. (requested by cryrob9909)
|
|t:|1779649550
|teamsize|p1|6
|teamsize|p2|6
|start
|switch|p1a: Sandslash|Sandslash-Alola, M, shiny|100/100
|switch|p2a: Pincurchin|Pincurchin, M|100/100
|-fieldstart|move: Electric Terrain|[from] ability: Electric Surge|[of] p2a: Pincurchin
|turn|1
|
|t:|1779649568
|move|p1a: Sandslash|Swords Dance|p1a: Sandslash
|-boost|p1a: Sandslash|atk|2
|move|p2a: Pincurchin|Memento|p1a: Sandslash
|-unboost|p1a: Sandslash|atk|2
|-unboost|p1a: Sandslash|spa|2
|faint|p2a: Pincurchin
|
|upkeep
|
|t:|1779649570
|switch|p2a: Iron Moth|Iron Moth|100/100
|-activate|p2a: Iron Moth|ability: Quark Drive
|-start|p2a: Iron Moth|quarkdrivespe
|turn|2
|
|t:|1779649583
|-terastallize|p1a: Sandslash|Water
|move|p2a: Iron Moth|Fiery Dance|p1a: Sandslash
|-resisted|p1a: Sandslash
|-damage|p1a: Sandslash|72/100
|move|p1a: Sandslash|Rock Slide|p2a: Iron Moth
|-supereffective|p2a: Iron Moth
|-damage|p2a: Iron Moth|32/100
|
|upkeep
|turn|3
|
|t:|1779649610
|move|p2a: Iron Moth|Morning Sun|p2a: Iron Moth
|-heal|p2a: Iron Moth|82/100
|move|p1a: Sandslash|Rock Slide|p2a: Iron Moth
|-supereffective|p2a: Iron Moth
|-damage|p2a: Iron Moth|5/100
|
|upkeep
|turn|4
|
|t:|1779649619
|move|p2a: Iron Moth|Morning Sun|p2a: Iron Moth
|-heal|p2a: Iron Moth|55/100
|move|p1a: Sandslash|Rock Slide|p2a: Iron Moth
|-supereffective|p2a: Iron Moth
|-damage|p2a: Iron Moth|0 fnt
|faint|p2a: Iron Moth
|-end|p2a: Iron Moth|Quark Drive|[silent]
|
|upkeep
|
|t:|1779649627
|switch|p2a: Hatterene|Hatterene, F, shiny|100/100
|turn|5
|
|t:|1779649632
|move|p1a: Sandslash|Iron Head|p2a: Hatterene
|-supereffective|p2a: Hatterene
|-damage|p2a: Hatterene|36/100
|-damage|p1a: Sandslash|55/100|[from] item: Rocky Helmet|[of] p2a: Hatterene
|move|p2a: Hatterene|Nuzzle|p1a: Sandslash
|-supereffective|p1a: Sandslash
|-damage|p1a: Sandslash|45/100
|-status|p1a: Sandslash|par
|
|upkeep
|turn|6
|
|t:|1779649640
|move|p2a: Hatterene|Draining Kiss|p1a: Sandslash
|-damage|p1a: Sandslash|14/100 par
|-heal|p2a: Hatterene|60/100|[from] drain|[of] p1a: Sandslash
|move|p1a: Sandslash|Iron Head|p2a: Hatterene
|-supereffective|p2a: Hatterene
|-damage|p2a: Hatterene|0 fnt
|-damage|p1a: Sandslash|0 fnt|[from] item: Rocky Helmet|[of] p2a: Hatterene
|faint|p2a: Hatterene
|faint|p1a: Sandslash
|
|upkeep
|
|t:|1779649651
|switch|p1a: Kitsune|Ninetales-Alola, F, shiny|100/100
|switch|p2a: Iron Treads|Iron Treads|100/100
|-weather|Snowscape|[from] ability: Snow Warning|[of] p1a: Kitsune
|-activate|p2a: Iron Treads|ability: Quark Drive
|-start|p2a: Iron Treads|quarkdrivespe
|turn|7
|
|t:|1779649678
|switch|p1a: Dark humor|Slowking-Galar, M|100/100
|move|p2a: Iron Treads|Earthquake|p1a: Dark humor
|-supereffective|p1a: Dark humor
|-damage|p1a: Dark humor|15/100
|
|-weather|Snowscape|[upkeep]
|-heal|p1a: Dark humor|21/100|[from] item: Black Sludge
|upkeep
|turn|8
|inactive|WeAreSuspectTest has 120 seconds left.
|
|t:|1779649694
|move|p2a: Iron Treads|Earthquake|p1a: Dark humor
|-supereffective|p1a: Dark humor
|-damage|p1a: Dark humor|0 fnt
|faint|p1a: Dark humor
|
|-weather|Snowscape|[upkeep]
|-fieldend|move: Electric Terrain
|-end|p2a: Iron Treads|Quark Drive
|upkeep
|
|t:|1779649702
|switch|p1a: Fem Gojo|Frosmoth, F|100/100
|turn|9
|inactive|WeAreSuspectTest has 120 seconds left.
|
|t:|1779649741
|move|p2a: Iron Treads|Earthquake|p1a: Fem Gojo
|-resisted|p1a: Fem Gojo
|-damage|p1a: Fem Gojo|76/100
|move|p1a: Fem Gojo|Blizzard|p2a: Iron Treads
|-damage|p2a: Iron Treads|0 fnt
|faint|p2a: Iron Treads
|-end|p2a: Iron Treads|Quark Drive|[silent]
|
|-weather|Snowscape|[upkeep]
|upkeep
|
|t:|1779649744
|switch|p2a: Tornadus|Tornadus-Therian, M, shiny|100/100
|turn|10
|
|t:|1779649750
|move|p2a: Tornadus|Bleakwind Storm|p1a: Fem Gojo
|-supereffective|p1a: Fem Gojo
|-damage|p1a: Fem Gojo|40/100
|move|p1a: Fem Gojo|Blizzard|p2a: Tornadus
|-supereffective|p2a: Tornadus
|-damage|p2a: Tornadus|0 fnt
|faint|p2a: Tornadus
|
|-weather|Snowscape|[upkeep]
|upkeep
|
|t:|1779649753
|switch|p2a: Ogerpon|Ogerpon-Wellspring, F|100/100
|turn|11
|inactive|WeAreSuspectTest has 120 seconds left.
|
|t:|1779649764
|move|p2a: Ogerpon|Ivy Cudgel|p1a: Fem Gojo|[anim] Ivy Cudgel Water
|-damage|p1a: Fem Gojo|0 fnt
|faint|p1a: Fem Gojo
|
|-weather|Snowscape|[upkeep]
|upkeep
|
|t:|1779649770
|switch|p1a: DK|Rillaboom, F|100/100
|-fieldstart|move: Grassy Terrain|[from] ability: Grassy Surge|[of] p1a: DK
|turn|12
|inactive|WeAreSuspectTest has 120 seconds left.
|
|t:|1779649792
|move|p1a: DK|Fake Out|p2a: Ogerpon
|-damage|p2a: Ogerpon|80/100
|cant|p2a: Ogerpon|flinch
|
|-weather|Snowscape|[upkeep]
|-heal|p2a: Ogerpon|86/100|[from] Grassy Terrain
|upkeep
|turn|13
|
|t:|1779649800
|move|p1a: DK|Grassy Glide|p2a: Ogerpon
|-damage|p2a: Ogerpon|23/100
|move|p2a: Ogerpon|Knock Off|p1a: DK
|-damage|p1a: DK|62/100
|-enditem|p1a: DK|Meadow Plate|[from] move: Knock Off|[of] p2a: Ogerpon
|
|-weather|Snowscape|[upkeep]
|-heal|p2a: Ogerpon|29/100|[from] Grassy Terrain
|-heal|p1a: DK|68/100|[from] Grassy Terrain
|upkeep
|turn|14
|inactive|WeAreSuspectTest has 120 seconds left.
|
|t:|1779649808
|move|p1a: DK|Grassy Glide|p2a: Ogerpon
|-damage|p2a: Ogerpon|0 fnt
|faint|p2a: Ogerpon
|
|win|cryrob9909
|raw|cryrob9909's rating: 1239 &rarr; <strong>1266</strong><br />(+27 for winning)
|raw|WeAreSuspectTest's rating: 1262 &rarr; <strong>1235</strong><br />(-27 for losing)
|l|☆WeAreSuspectTest
|player|p2|
|l|☆cryrob9909
|player|p1|
