|j|☆Excadrill>AnyMon
|j|☆kadyn161517
|t:|1779686375
|gametype|singles
|player|p1|Excadrill>AnyMon|101|1070
|player|p2|kadyn161517|benga|1065
|gen|9
|tier|[Gen 9] OU
|rated|
|rule|HP Percentage Mod: HP is shown in percentages
|rule|Endless Battle Clause: Forcing endless battles is banned
|rule|Species Clause: Limit one of each Pokémon
|rule|OHKO Clause: OHKO moves are banned
|rule|Evasion Items Clause: Evasion items are banned
|rule|Evasion Moves Clause: Evasion moves are banned
|rule|Evasion Abilities Clause: Evasion abilities are banned
|rule|Sleep Moves Clause: Sleep-inducing moves are banned
|clearpoke
|poke|p1|Dondozo, F|
|poke|p1|Blissey, F|
|poke|p1|Gliscor, F|
|poke|p1|Toxapex, M|
|poke|p1|Mandibuzz, F|
|poke|p1|Talonflame, F|
|poke|p2|Raging Bolt|
|poke|p2|Rillaboom, F|
|poke|p2|Hatterene, F|
|poke|p2|Hawlucha, M|
|poke|p2|Great Tusk|
|poke|p2|Heatran, F|
|teampreview
|
|t:|1779686391
|teamsize|p1|6
|teamsize|p2|6
|start
|switch|p1a: Talonflame|Talonflame, F|100/100
|switch|p2a: Hatterene|Hatterene, F, shiny|100/100
|turn|1
|
|t:|1779686411
|switch|p1a: Gliscor|Gliscor, F|100/100
|switch|p2a: Heatran|Heatran, F|100/100
|-item|p2a: Heatran|Air Balloon
|
|-status|p1a: Gliscor|tox|[from] item: Toxic Orb
|upkeep
|turn|2
|
|t:|1779686426
|move|p1a: Gliscor|Knock Off|p2a: Heatran
|-damage|p2a: Heatran|83/100
|-enditem|p2a: Heatran|Air Balloon
|move|p2a: Heatran|Magma Storm|p1a: Gliscor
|-damage|p1a: Gliscor|67/100 tox
|-activate|p1a: Gliscor|move: Magma Storm|[of] p2a: Heatran
|
|-heal|p1a: Gliscor|79/100 tox|[from] ability: Poison Heal
|-damage|p1a: Gliscor|67/100 tox|[from] move: Magma Storm|[partiallytrapped]
|upkeep
|turn|3
|
|t:|1779686447
|switch|p2a: Great Tusk|Great Tusk|100/100
|-enditem|p2a: Great Tusk|Booster Energy
|-activate|p2a: Great Tusk|ability: Protosynthesis|[fromitem]
|-start|p2a: Great Tusk|protosynthesisspe
|move|p1a: Gliscor|Earthquake|p2a: Great Tusk
|-damage|p2a: Great Tusk|80/100
|
|-heal|p1a: Gliscor|79/100 tox|[from] ability: Poison Heal
|-end|p1a: Gliscor|Magma Storm|[partiallytrapped]|[silent]
|upkeep
|turn|4
|
|t:|1779686472
|move|p1a: Gliscor|Protect|p1a: Gliscor
|-singleturn|p1a: Gliscor|Protect
|move|p2a: Great Tusk|Ice Spinner|p1a: Gliscor
|-activate|p1a: Gliscor|move: Protect
|
|-heal|p1a: Gliscor|92/100 tox|[from] ability: Poison Heal
|upkeep
|turn|5
|
|t:|1779686490
|switch|p1a: Talonflame|Talonflame, F|100/100
|move|p2a: Great Tusk|Rapid Spin|p1a: Talonflame
|-damage|p1a: Talonflame|87/100
|-boost|p2a: Great Tusk|spe|1
|
|upkeep
|turn|6
|
|t:|1779686502
|move|p2a: Great Tusk|Ice Spinner|p1a: Talonflame
|-damage|p1a: Talonflame|66/100
|-status|p2a: Great Tusk|brn|[from] ability: Flame Body|[of] p1a: Talonflame
|move|p1a: Talonflame|Will-O-Wisp|p2a: Great Tusk
|-fail|p2a: Great Tusk|brn
|
|-damage|p2a: Great Tusk|74/100 brn|[from] brn
|upkeep
|turn|7
|
|t:|1779686554
|switch|p1a: Toxapex|Toxapex, M|100/100
|move|p2a: Great Tusk|Rapid Spin|p1a: Toxapex
|-damage|p1a: Toxapex|96/100
|-boost|p2a: Great Tusk|spe|1
|
|-heal|p1a: Toxapex|100/100|[from] item: Black Sludge
|-damage|p2a: Great Tusk|67/100 brn|[from] brn
|upkeep
|turn|8
|
|t:|1779686564
|move|p2a: Great Tusk|Headlong Rush|p1a: Toxapex
|-supereffective|p1a: Toxapex
|-damage|p1a: Toxapex|62/100
|-unboost|p2a: Great Tusk|def|1
|-unboost|p2a: Great Tusk|spd|1
|move|p1a: Toxapex|Toxic Spikes|p2a: Great Tusk
|-sidestart|p2: kadyn161517|move: Toxic Spikes
|
|-heal|p1a: Toxapex|68/100|[from] item: Black Sludge
|-damage|p2a: Great Tusk|61/100 brn|[from] brn
|upkeep
|turn|9
|
|t:|1779686577
|move|p2a: Great Tusk|Headlong Rush|p1a: Toxapex
|-supereffective|p1a: Toxapex
|-damage|p1a: Toxapex|29/100
|-unboost|p2a: Great Tusk|def|1
|-unboost|p2a: Great Tusk|spd|1
|move|p1a: Toxapex|Surf|p2a: Great Tusk
|-supereffective|p2a: Great Tusk
|-damage|p2a: Great Tusk|0 fnt
|faint|p2a: Great Tusk
|-end|p2a: Great Tusk|Protosynthesis|[silent]
|
|-heal|p1a: Toxapex|36/100|[from] item: Black Sludge
|upkeep
|
|t:|1779686591
|switch|p2a: BOOM BOOM BOOM|Rillaboom, F|100/100
|-status|p2a: BOOM BOOM BOOM|psn
|-fieldstart|move: Grassy Terrain|[from] ability: Grassy Surge|[of] p2a: BOOM BOOM BOOM
|turn|10
|
|t:|1779686598
|switch|p1a: Talonflame|Talonflame, F|66/100
|move|p2a: BOOM BOOM BOOM|Grassy Glide|p1a: Talonflame
|-resisted|p1a: Talonflame
|-damage|p1a: Talonflame|58/100
|
|-damage|p2a: BOOM BOOM BOOM|88/100 psn|[from] psn
|upkeep
|turn|11
|
|t:|1779686611
|move|p1a: Talonflame|Will-O-Wisp|p2a: BOOM BOOM BOOM|[miss]
|-miss|p1a: Talonflame|p2a: BOOM BOOM BOOM
|move|p2a: BOOM BOOM BOOM|Knock Off|p1a: Talonflame
|-damage|p1a: Talonflame|27/100
|-enditem|p1a: Talonflame|Heavy-Duty Boots|[from] move: Knock Off|[of] p2a: BOOM BOOM BOOM
|
|-heal|p2a: BOOM BOOM BOOM|94/100 psn|[from] Grassy Terrain
|-damage|p2a: BOOM BOOM BOOM|82/100 psn|[from] psn
|upkeep
|turn|12
|
|t:|1779686619
|move|p1a: Talonflame|Roost|p1a: Talonflame
|-heal|p1a: Talonflame|77/100
|-singleturn|p1a: Talonflame|move: Roost
|move|p2a: BOOM BOOM BOOM|U-turn|p1a: Talonflame
|-resisted|p1a: Talonflame
|-damage|p1a: Talonflame|66/100
|
|t:|1779686626
|switch|p2a: WALUCH|Hawlucha, M, shiny|100/100|[from] U-turn
|-enditem|p2a: WALUCH|Grassy Seed
|-boost|p2a: WALUCH|def|1|[from] item: Grassy Seed
|
|-heal|p1a: Talonflame|72/100|[from] Grassy Terrain
|upkeep
|turn|13
|
|t:|1779686657
|switch|p1a: Dondozo|Dondozo, F|100/100
|move|p2a: WALUCH|Acrobatics|p1a: Dondozo
|-damage|p1a: Dondozo|79/100
|
|-heal|p1a: Dondozo|86/100|[from] Grassy Terrain
|-heal|p1a: Dondozo|92/100|[from] item: Leftovers
|upkeep
|turn|14
|
|t:|1779686675
|move|p2a: WALUCH|Swords Dance|p2a: WALUCH
|-boost|p2a: WALUCH|atk|2
|move|p1a: Dondozo|Avalanche|p2a: WALUCH
|-supereffective|p2a: WALUCH
|-damage|p2a: WALUCH|63/100
|
|-heal|p1a: Dondozo|98/100|[from] Grassy Terrain
|-heal|p1a: Dondozo|100/100|[from] item: Leftovers
|upkeep
|turn|15
|
|t:|1779686685
|move|p2a: WALUCH|Swords Dance|p2a: WALUCH
|-boost|p2a: WALUCH|atk|2
|move|p1a: Dondozo|Avalanche|p2a: WALUCH
|-supereffective|p2a: WALUCH
|-damage|p2a: WALUCH|29/100
|
|upkeep
|turn|16
|
|t:|1779686703
|move|p2a: WALUCH|Acrobatics|p1a: Dondozo
|-damage|p1a: Dondozo|79/100
|move|p1a: Dondozo|Avalanche|p2a: WALUCH
|-supereffective|p2a: WALUCH
|-damage|p2a: WALUCH|0 fnt
|faint|p2a: WALUCH
|
|-heal|p1a: Dondozo|85/100|[from] Grassy Terrain
|-heal|p1a: Dondozo|91/100|[from] item: Leftovers
|upkeep
|
|t:|1779686713
|switch|p2a: BOOM BOOM BOOM|Rillaboom, F|82/100 psn
|turn|17
|
|t:|1779686736
|switch|p1a: Talonflame|Talonflame, F|72/100
|move|p2a: BOOM BOOM BOOM|Grassy Glide|p1a: Talonflame
|-resisted|p1a: Talonflame
|-damage|p1a: Talonflame|64/100
|
|-heal|p2a: BOOM BOOM BOOM|88/100 psn|[from] Grassy Terrain
|-damage|p2a: BOOM BOOM BOOM|76/100 psn|[from] psn
|-fieldend|move: Grassy Terrain
|upkeep
|turn|18
|-message|kadyn161517 forfeited.
|
|win|Excadrill>AnyMon
|raw|Excadrill&gt;AnyMon's rating: 1070 &rarr; <strong>1099</strong><br />(+29 for winning)
|raw|kadyn161517's rating: 1065 &rarr; <strong>1046</strong><br />(-19 for losing)
|l|☆kadyn161517
|player|p2|
|l|☆Excadrill>AnyMon
|player|p1|
