|j|☆ChillLanturnYT
|j|☆asw990117
|t:|1779621326
|gametype|singles
|player|p1|ChillLanturnYT|palmer|1238
|player|p2|asw990117|265|1148
|gen|9
|tier|[Gen 9] OU
|rated|
|rule|HP Percentage Mod: HP is shown in percentages
|rule|Endless Battle Clause: Forcing endless battles is banned
|rule|Species Clause: Limit one of each Pokémon
|rule|OHKO Clause: OHKO moves are banned
|rule|Evasion Items Clause: Evasion items are banned
|rule|Evasion Moves Clause: Evasion moves are banned
|rule|Evasion Abilities Clause: Evasion abilities are banned
|rule|Sleep Moves Clause: Sleep-inducing moves are banned
|clearpoke
|poke|p1|Exeggutor, F|
|poke|p1|Dragonite, F|
|poke|p1|Samurott-Hisui, F|
|poke|p1|Jirachi|
|poke|p1|Iron Treads|
|poke|p1|Raging Bolt|
|poke|p2|Breloom, F|
|poke|p2|Dragonite, M|
|poke|p2|Corviknight, F|
|poke|p2|Blaziken, M|
|poke|p2|Swampert, M|
|poke|p2|Gholdengo|
|teampreview
|inactive|Battle timer is ON: inactive players will automatically lose when time's up. (requested by ChillLanturnYT)
|inactive|asw990117 has 120 seconds left.
|
|t:|1779621360
|teamsize|p1|6
|teamsize|p2|6
|start
|switch|p1a: Exeggutor|Exeggutor, F|100/100
|switch|p2a: Breloom|Breloom, F|100/100
|turn|1
|
|t:|1779621368
|move|p2a: Breloom|Rock Tomb|p1a: Exeggutor
|-crit|p1a: Exeggutor
|-damage|p1a: Exeggutor|39/100
|-unboost|p1a: Exeggutor|spe|1
|move|p1a: Exeggutor|Substitute|p1a: Exeggutor
|-start|p1a: Exeggutor|Substitute
|-damage|p1a: Exeggutor|14/100
|-enditem|p1a: Exeggutor|Starf Berry|[eat]
|-boost|p1a: Exeggutor|atk|2|[from] item: Starf Berry
|
|-item|p1a: Exeggutor|Starf Berry|[from] ability: Harvest
|upkeep
|-enditem|p1a: Exeggutor|Starf Berry|[eat]
|-boost|p1a: Exeggutor|spd|2|[from] item: Starf Berry
|turn|2
|
|t:|1779621379
|move|p2a: Breloom|Rock Tomb|p1a: Exeggutor
|-end|p1a: Exeggutor|Substitute
|move|p1a: Exeggutor|Stored Power|p2a: Breloom
|-supereffective|p2a: Breloom
|-damage|p2a: Breloom|0 fnt
|faint|p2a: Breloom
|
|upkeep
|
|t:|1779621386
|switch|p2a: Dragonite|Dragonite, M|100/100
|turn|3
|
|t:|1779621390
|switch|p1a: Jirachi|Jirachi|100/100
|move|p2a: Dragonite|Extreme Speed|p1a: Jirachi
|-resisted|p1a: Jirachi
|-damage|p1a: Jirachi|90/100
|
|-heal|p1a: Jirachi|96/100|[from] item: Leftovers
|upkeep
|turn|4
|
|t:|1779621396
|move|p1a: Jirachi|Cosmic Power|p1a: Jirachi
|-boost|p1a: Jirachi|def|1
|-boost|p1a: Jirachi|spd|1
|move|p2a: Dragonite|Dragon Dance|p2a: Dragonite
|-boost|p2a: Dragonite|atk|1
|-boost|p2a: Dragonite|spe|1
|
|-heal|p1a: Jirachi|100/100|[from] item: Leftovers
|upkeep
|turn|5
|
|t:|1779621402
|switch|p2a: Corviknight|Corviknight, F|100/100
|move|p1a: Jirachi|Wish|p1a: Jirachi
|
|upkeep
|turn|6
|
|t:|1779621405
|move|p1a: Jirachi|Cosmic Power|p1a: Jirachi
|-boost|p1a: Jirachi|def|1
|-boost|p1a: Jirachi|spd|1
|move|p2a: Corviknight|Iron Defense|p2a: Corviknight
|-boost|p2a: Corviknight|def|2
|
|upkeep
|turn|7
|
|t:|1779621409
|move|p1a: Jirachi|Cosmic Power|p1a: Jirachi
|-boost|p1a: Jirachi|def|1
|-boost|p1a: Jirachi|spd|1
|move|p2a: Corviknight|Iron Defense|p2a: Corviknight
|-boost|p2a: Corviknight|def|2
|
|upkeep
|turn|8
|
|t:|1779621415
|move|p1a: Jirachi|Charge Beam|p2a: Corviknight
|-supereffective|p2a: Corviknight
|-damage|p2a: Corviknight|80/100
|-boost|p1a: Jirachi|spa|1
|move|p2a: Corviknight|Iron Defense|p2a: Corviknight
|-boost|p2a: Corviknight|def|2
|
|-heal|p2a: Corviknight|86/100|[from] item: Leftovers
|upkeep
|turn|9
|
|t:|1779621420
|move|p1a: Jirachi|Charge Beam|p2a: Corviknight|[miss]
|-miss|p1a: Jirachi|p2a: Corviknight
|move|p2a: Corviknight|Body Press|p1a: Jirachi
|-damage|p1a: Jirachi|75/100
|
|-heal|p1a: Jirachi|81/100|[from] item: Leftovers
|-heal|p2a: Corviknight|92/100|[from] item: Leftovers
|upkeep
|turn|10
|
|t:|1779621425
|move|p1a: Jirachi|Wish|p1a: Jirachi
|move|p2a: Corviknight|Body Press|p1a: Jirachi
|-damage|p1a: Jirachi|53/100
|
|-heal|p1a: Jirachi|59/100|[from] item: Leftovers
|-heal|p2a: Corviknight|99/100|[from] item: Leftovers
|upkeep
|turn|11
|
|t:|1779621429
|move|p1a: Jirachi|Cosmic Power|p1a: Jirachi
|-boost|p1a: Jirachi|def|1
|-boost|p1a: Jirachi|spd|1
|move|p2a: Corviknight|Body Press|p1a: Jirachi
|-damage|p1a: Jirachi|35/100
|
|-heal|p1a: Jirachi|85/100|[from] move: Wish|[wisher] Jirachi
|-heal|p1a: Jirachi|91/100|[from] item: Leftovers
|-heal|p2a: Corviknight|100/100|[from] item: Leftovers
|upkeep
|turn|12
|
|t:|1779621432
|move|p1a: Jirachi|Cosmic Power|p1a: Jirachi
|-boost|p1a: Jirachi|def|1
|-boost|p1a: Jirachi|spd|1
|move|p2a: Corviknight|Body Press|p1a: Jirachi
|-damage|p1a: Jirachi|71/100
|
|-heal|p1a: Jirachi|77/100|[from] item: Leftovers
|upkeep
|turn|13
|
|t:|1779621438
|move|p1a: Jirachi|Wish|p1a: Jirachi
|move|p2a: Corviknight|Body Press|p1a: Jirachi
|-damage|p1a: Jirachi|59/100
|
|-heal|p1a: Jirachi|65/100|[from] item: Leftovers
|upkeep
|turn|14
|
|t:|1779621450
|move|p1a: Jirachi|Charge Beam|p2a: Corviknight
|-supereffective|p2a: Corviknight
|-damage|p2a: Corviknight|68/100
|-boost|p1a: Jirachi|spa|1
|move|p2a: Corviknight|Body Press|p1a: Jirachi
|-damage|p1a: Jirachi|46/100
|
|-heal|p1a: Jirachi|96/100|[from] move: Wish|[wisher] Jirachi
|-heal|p1a: Jirachi|100/100|[from] item: Leftovers
|-heal|p2a: Corviknight|74/100|[from] item: Leftovers
|upkeep
|turn|15
|
|t:|1779621458
|move|p1a: Jirachi|Charge Beam|p2a: Corviknight
|-supereffective|p2a: Corviknight
|-damage|p2a: Corviknight|36/100
|-boost|p1a: Jirachi|spa|1
|move|p2a: Corviknight|Body Press|p1a: Jirachi
|-damage|p1a: Jirachi|82/100
|
|-heal|p1a: Jirachi|89/100|[from] item: Leftovers
|-heal|p2a: Corviknight|42/100|[from] item: Leftovers
|upkeep
|turn|16
|
|t:|1779621467
|move|p1a: Jirachi|Charge Beam|p2a: Corviknight
|-supereffective|p2a: Corviknight
|-damage|p2a: Corviknight|0 fnt
|-boost|p1a: Jirachi|spa|1
|faint|p2a: Corviknight
|
|-heal|p1a: Jirachi|95/100|[from] item: Leftovers
|upkeep
|-message|asw990117 forfeited.
|
|win|ChillLanturnYT
|raw|ChillLanturnYT's rating: 1238 &rarr; <strong>1257</strong><br />(+19 for winning)
|raw|asw990117's rating: 1148 &rarr; <strong>1129</strong><br />(-19 for losing)
|l|☆asw990117
|player|p2|
|l|☆ChillLanturnYT
|player|p1|
