|j|☆9viciousrend
|j|☆GONZALOCARDOZO03
|t:|1779561484
|gametype|singles
|player|p1|9viciousrend|roxie|1395
|player|p2|GONZALOCARDOZO03|byron|1379
|gen|9
|tier|[Gen 9] OU
|rated|
|rule|HP Percentage Mod: HP is shown in percentages
|rule|Endless Battle Clause: Forcing endless battles is banned
|rule|Species Clause: Limit one of each Pokémon
|rule|OHKO Clause: OHKO moves are banned
|rule|Evasion Items Clause: Evasion items are banned
|rule|Evasion Moves Clause: Evasion moves are banned
|rule|Evasion Abilities Clause: Evasion abilities are banned
|rule|Sleep Moves Clause: Sleep-inducing moves are banned
|clearpoke
|poke|p1|Dragonite, F|
|poke|p1|Toxapex, F|
|poke|p1|Metagross|
|poke|p1|Clefable, F|
|poke|p1|Ting-Lu|
|poke|p1|Heatran, M|
|poke|p2|Salazzle, F|
|poke|p2|Ogerpon-Wellspring, F|
|poke|p2|Garganacl, M|
|poke|p2|Iron Treads|
|poke|p2|Corviknight, F|
|poke|p2|Cinderace, F|
|teampreview
|inactive|Battle timer is ON: inactive players will automatically lose when time's up. (requested by GONZALOCARDOZO03)
|
|t:|1779561494
|teamsize|p1|6
|teamsize|p2|6
|start
|switch|p1a: Fakezinc|Ting-Lu, shiny|100/100
|switch|p2a: Salazzle|Salazzle, F, shiny|100/100
|-ability|p1a: Fakezinc|Vessel of Ruin
|turn|1
|
|t:|1779561501
|move|p2a: Salazzle|Protect|p2a: Salazzle
|-singleturn|p2a: Salazzle|Protect
|move|p1a: Fakezinc|Earthquake|p2a: Salazzle
|-activate|p2a: Salazzle|move: Protect
|
|upkeep
|turn|2
|
|t:|1779561507
|-terastallize|p2a: Salazzle|Flying
|move|p2a: Salazzle|Encore|p1a: Fakezinc
|-start|p1a: Fakezinc|Encore
|move|p1a: Fakezinc|Earthquake|p2a: Salazzle
|-immune|p2a: Salazzle
|
|upkeep
|turn|3
|
|t:|1779561529
|switch|p1a: Toxapex|Toxapex, F, shiny|100/100
|move|p2a: Salazzle|Substitute|p2a: Salazzle
|-start|p2a: Salazzle|Substitute
|-damage|p2a: Salazzle|75/100
|
|-heal|p2a: Salazzle|82/100|[from] item: Leftovers
|upkeep
|turn|4
|
|t:|1779561534
|move|p2a: Salazzle|Toxic|p1a: Toxapex
|-status|p1a: Toxapex|tox
|move|p1a: Toxapex|Surf|p2a: Salazzle
|-crit|p2a: Salazzle
|-end|p2a: Salazzle|Substitute
|
|-heal|p2a: Salazzle|88/100|[from] item: Leftovers
|-damage|p1a: Toxapex|95/100 tox|[from] psn
|upkeep
|turn|5
|
|t:|1779561542
|switch|p1a: Chefable|Clefable, F, shiny|100/100
|move|p2a: Salazzle|Protect||[still]
|-fail|p2a: Salazzle
|
|-heal|p2a: Salazzle|94/100|[from] item: Leftovers
|upkeep
|turn|6
|
|t:|1779561547
|switch|p2a: Iron Treads|Iron Treads|100/100
|-enditem|p2a: Iron Treads|Booster Energy
|-activate|p2a: Iron Treads|ability: Quark Drive|[fromitem]
|-start|p2a: Iron Treads|quarkdriveatk
|move|p1a: Chefable|Calm Mind|p1a: Chefable
|-boost|p1a: Chefable|spa|1
|-boost|p1a: Chefable|spd|1
|
|upkeep
|turn|7
|
|t:|1779561551
|move|p2a: Iron Treads|Iron Head|p1a: Chefable
|-supereffective|p1a: Chefable
|-damage|p1a: Chefable|13/100
|cant|p1a: Chefable|flinch
|
|-heal|p1a: Chefable|19/100|[from] item: Leftovers
|upkeep
|turn|8
|
|t:|1779561557
|switch|p1a: Toxapex|Toxapex, F, shiny|100/100 tox
|move|p2a: Iron Treads|Rapid Spin|p1a: Toxapex
|-damage|p1a: Toxapex|86/100 tox
|-boost|p2a: Iron Treads|spe|1
|
|-damage|p1a: Toxapex|80/100 tox|[from] psn
|upkeep
|turn|9
|
|t:|1779561575
|move|p2a: Iron Treads|Earthquake|p1a: Toxapex
|-supereffective|p1a: Toxapex
|-damage|p1a: Toxapex|0 fnt
|faint|p1a: Toxapex
|
|upkeep
|
|t:|1779561581
|switch|p1a: Dragnutzite|Dragonite, F, shiny|100/100
|turn|10
|
|t:|1779561585
|move|p2a: Iron Treads|Ice Spinner|p1a: Dragnutzite
|-supereffective|p1a: Dragnutzite
|-damage|p1a: Dragnutzite|21/100
|move|p1a: Dragnutzite|Earthquake|p2a: Iron Treads
|-supereffective|p2a: Iron Treads
|-damage|p2a: Iron Treads|35/100
|
|upkeep
|turn|11
|
|t:|1779561597
|move|p2a: Iron Treads|Ice Spinner|p1a: Dragnutzite
|-supereffective|p1a: Dragnutzite
|-damage|p1a: Dragnutzite|0 fnt
|faint|p1a: Dragnutzite
|
|upkeep
|
|t:|1779561604
|switch|p1a: Fakezinc|Ting-Lu, shiny|100/100
|-ability|p1a: Fakezinc|Vessel of Ruin
|turn|12
|
|t:|1779561620
|-terastallize|p1a: Fakezinc|Water
|move|p2a: Iron Treads|Ice Spinner|p1a: Fakezinc
|-resisted|p1a: Fakezinc
|-damage|p1a: Fakezinc|91/100
|move|p1a: Fakezinc|Earthquake|p2a: Iron Treads
|-supereffective|p2a: Iron Treads
|-damage|p2a: Iron Treads|0 fnt
|faint|p2a: Iron Treads
|-end|p2a: Iron Treads|Quark Drive|[silent]
|
|-heal|p1a: Fakezinc|97/100|[from] item: Leftovers
|upkeep
|
|t:|1779561622
|switch|p2a: Garganacl|Garganacl, M|100/100
|turn|13
|
|t:|1779561626
|switch|p1a: Chefable|Clefable, F, shiny|19/100
|move|p2a: Garganacl|Salt Cure|p1a: Chefable
|-damage|p1a: Chefable|5/100
|-start|p1a: Chefable|Salt Cure
|
|-heal|p1a: Chefable|11/100|[from] item: Leftovers
|upkeep
|turn|14
|
|t:|1779561634
|move|p1a: Chefable|Protect|p1a: Chefable
|-singleturn|p1a: Chefable|Protect
|move|p2a: Garganacl|Curse|p2a: Garganacl
|-unboost|p2a: Garganacl|spe|1
|-boost|p2a: Garganacl|atk|1
|-boost|p2a: Garganacl|def|1
|
|-heal|p1a: Chefable|18/100|[from] item: Leftovers
|upkeep
|turn|15
|
|t:|1779561639
|move|p1a: Chefable|Wish|p1a: Chefable
|move|p2a: Garganacl|Curse|p2a: Garganacl
|-unboost|p2a: Garganacl|spe|1
|-boost|p2a: Garganacl|atk|1
|-boost|p2a: Garganacl|def|1
|
|-heal|p1a: Chefable|24/100|[from] item: Leftovers
|upkeep
|turn|16
|
|t:|1779561642
|move|p1a: Chefable|Protect|p1a: Chefable
|-singleturn|p1a: Chefable|Protect
|move|p2a: Garganacl|Salt Cure|p1a: Chefable
|-activate|p1a: Chefable|move: Protect
|
|-heal|p1a: Chefable|74/100|[from] move: Wish|[wisher] Chefable
|-heal|p1a: Chefable|80/100|[from] item: Leftovers
|upkeep
|turn|17
|
|t:|1779561651
|move|p1a: Chefable|Calm Mind|p1a: Chefable
|-boost|p1a: Chefable|spa|1
|-boost|p1a: Chefable|spd|1
|move|p2a: Garganacl|Salt Cure|p1a: Chefable
|-damage|p1a: Chefable|50/100
|
|-heal|p1a: Chefable|56/100|[from] item: Leftovers
|upkeep
|turn|18
|
|t:|1779561657
|move|p1a: Chefable|Wish|p1a: Chefable
|move|p2a: Garganacl|Salt Cure|p1a: Chefable
|-damage|p1a: Chefable|25/100
|
|-heal|p1a: Chefable|31/100|[from] item: Leftovers
|upkeep
|turn|19
|
|t:|1779561661
|move|p1a: Chefable|Protect|p1a: Chefable
|-singleturn|p1a: Chefable|Protect
|move|p2a: Garganacl|Curse|p2a: Garganacl
|-unboost|p2a: Garganacl|spe|1
|-boost|p2a: Garganacl|atk|1
|-boost|p2a: Garganacl|def|1
|
|-heal|p1a: Chefable|81/100|[from] move: Wish|[wisher] Chefable
|-heal|p1a: Chefable|87/100|[from] item: Leftovers
|upkeep
|turn|20
|
|t:|1779561663
|move|p1a: Chefable|Moonblast|p2a: Garganacl
|-damage|p2a: Garganacl|58/100
|move|p2a: Garganacl|Salt Cure|p1a: Chefable
|-damage|p1a: Chefable|50/100
|
|-heal|p1a: Chefable|56/100|[from] item: Leftovers
|upkeep
|turn|21
|
|t:|1779561670
|move|p1a: Chefable|Wish|p1a: Chefable
|move|p2a: Garganacl|Salt Cure|p1a: Chefable
|-damage|p1a: Chefable|23/100
|
|-heal|p1a: Chefable|29/100|[from] item: Leftovers
|upkeep
|turn|22
|
|t:|1779561673
|move|p1a: Chefable|Protect|p1a: Chefable
|-singleturn|p1a: Chefable|Protect
|move|p2a: Garganacl|Salt Cure|p1a: Chefable
|-activate|p1a: Chefable|move: Protect
|
|-heal|p1a: Chefable|79/100|[from] move: Wish|[wisher] Chefable
|-heal|p1a: Chefable|85/100|[from] item: Leftovers
|upkeep
|turn|23
|
|t:|1779561675
|move|p1a: Chefable|Moonblast|p2a: Garganacl
|-damage|p2a: Garganacl|19/100
|-enditem|p2a: Garganacl|Aguav Berry|[eat]
|-heal|p2a: Garganacl|52/100|[from] item: Aguav Berry
|move|p2a: Garganacl|Salt Cure|p1a: Chefable
|-damage|p1a: Chefable|48/100
|
|-heal|p1a: Chefable|54/100|[from] item: Leftovers
|upkeep
|turn|24
|
|t:|1779561681
|move|p1a: Chefable|Wish|p1a: Chefable
|move|p2a: Garganacl|Salt Cure|p1a: Chefable
|-damage|p1a: Chefable|17/100
|
|-heal|p1a: Chefable|23/100|[from] item: Leftovers
|upkeep
|turn|25
|
|t:|1779561685
|switch|p2a: Salazzle|Salazzle, F, shiny, tera:Flying|94/100
|move|p1a: Chefable|Protect||[still]
|-fail|p1a: Chefable
|
|-heal|p1a: Chefable|73/100|[from] move: Wish|[wisher] Chefable
|-heal|p2a: Salazzle|99/100|[from] item: Leftovers
|-heal|p1a: Chefable|79/100|[from] item: Leftovers
|upkeep
|turn|26
|
|t:|1779561690
|move|p2a: Salazzle|Encore|p1a: Chefable
|-start|p1a: Chefable|Encore
|move|p1a: Chefable|Protect||[still]
|-fail|p1a: Chefable
|
|-heal|p2a: Salazzle|100/100|[from] item: Leftovers
|-heal|p1a: Chefable|85/100|[from] item: Leftovers
|upkeep
|turn|27
|
|t:|1779561693
|move|p1a: Chefable|Protect|p1a: Chefable
|-singleturn|p1a: Chefable|Protect
|move|p2a: Salazzle|Toxic|p1a: Chefable
|-activate|p1a: Chefable|move: Protect
|
|-heal|p1a: Chefable|91/100|[from] item: Leftovers
|upkeep
|turn|28
|
|t:|1779561695
|move|p1a: Chefable|Protect|p1a: Chefable
|-singleturn|p1a: Chefable|Protect
|move|p2a: Salazzle|Toxic|p1a: Chefable
|-activate|p1a: Chefable|move: Protect
|
|-heal|p1a: Chefable|97/100|[from] item: Leftovers
|-end|p1a: Chefable|Encore
|upkeep
|turn|29
|
|t:|1779561707
|switch|p1a: Heatran|Heatran, M, shiny|100/100
|-item|p1a: Heatran|Air Balloon
|move|p2a: Salazzle|Encore||[still]
|-fail|p2a: Salazzle
|
|upkeep
|turn|30
|
|t:|1779561717
|move|p2a: Salazzle|Protect|p2a: Salazzle
|-singleturn|p2a: Salazzle|Protect
|move|p1a: Heatran|Magma Storm|p2a: Salazzle
|-activate|p2a: Salazzle|move: Protect
|
|upkeep
|turn|31
|
|t:|1779561721
|move|p2a: Salazzle|Toxic|p1a: Heatran
|-status|p1a: Heatran|tox
|move|p1a: Heatran|Magma Storm|p2a: Salazzle|[miss]
|-miss|p1a: Heatran|p2a: Salazzle
|
|-damage|p1a: Heatran|94/100 tox|[from] psn
|upkeep
|turn|32
|
|t:|1779561730
|move|p2a: Salazzle|Substitute|p2a: Salazzle
|-start|p2a: Salazzle|Substitute
|-damage|p2a: Salazzle|75/100
|move|p1a: Heatran|Taunt|p2a: Salazzle
|-start|p2a: Salazzle|move: Taunt
|
|-heal|p2a: Salazzle|82/100|[from] item: Leftovers
|-damage|p1a: Heatran|82/100 tox|[from] psn
|upkeep
|turn|33
|
|t:|1779561738
|switch|p2a: Cinderace|Cinderace, F|100/100
|move|p1a: Heatran|Magma Storm|p2a: Cinderace
|-resisted|p2a: Cinderace
|-damage|p2a: Cinderace|57/100
|-activate|p2a: Cinderace|move: Magma Storm|[of] p1a: Heatran
|
|-damage|p1a: Heatran|63/100 tox|[from] psn
|-damage|p2a: Cinderace|45/100|[from] move: Magma Storm|[partiallytrapped]
|upkeep
|turn|34
|
|t:|1779561745
|move|p2a: Cinderace|Low Sweep|p1a: Heatran
|-start|p2a: Cinderace|typechange|Fighting|[from] ability: Libero
|-supereffective|p1a: Heatran
|-damage|p1a: Heatran|8/100 tox
|-unboost|p1a: Heatran|spe|1
|-enditem|p1a: Heatran|Air Balloon
|move|p1a: Heatran|Earth Power|p2a: Cinderace
|-damage|p2a: Cinderace|0 fnt
|faint|p2a: Cinderace
|
|-damage|p1a: Heatran|0 fnt|[from] psn
|faint|p1a: Heatran
|upkeep
|
|t:|1779561759
|switch|p2a: Salazzle|Salazzle, F, shiny, tera:Flying|82/100
|switch|p1a: Metagross|Metagross, shiny|100/100
|turn|35
|
|t:|1779561763
|move|p2a: Salazzle|Protect|p2a: Salazzle
|-singleturn|p2a: Salazzle|Protect
|move|p1a: Metagross|Meteor Mash|p2a: Salazzle
|-activate|p2a: Salazzle|move: Protect
|
|-heal|p2a: Salazzle|88/100|[from] item: Leftovers
|upkeep
|turn|36
|
|t:|1779561768
|move|p2a: Salazzle|Toxic|p1a: Metagross
|-status|p1a: Metagross|tox
|move|p1a: Metagross|Meteor Mash|p2a: Salazzle
|-damage|p2a: Salazzle|0 fnt
|-boost|p1a: Metagross|atk|1
|faint|p2a: Salazzle
|
|-damage|p1a: Metagross|95/100 tox|[from] psn
|upkeep
|
|t:|1779561775
|switch|p2a: Corviknight|Corviknight, F|100/100
|turn|37
|
|t:|1779561781
|switch|p1a: Fakezinc|Ting-Lu, shiny, tera:Water|97/100
|-ability|p1a: Fakezinc|Vessel of Ruin
|move|p2a: Corviknight|Body Press|p1a: Fakezinc
|-damage|p1a: Fakezinc|83/100
|
|-heal|p1a: Fakezinc|89/100|[from] item: Leftovers
|upkeep
|turn|38
|
|t:|1779561788
|switch|p2a: Ogerpon|Ogerpon-Wellspring, F|100/100
|move|p1a: Fakezinc|Ruination|p2a: Ogerpon
|-damage|p2a: Ogerpon|50/100
|
|-heal|p1a: Fakezinc|96/100|[from] item: Leftovers
|upkeep
|turn|39
|
|t:|1779561792
|switch|p1a: Chefable|Clefable, F, shiny|97/100
|move|p2a: Ogerpon|Horn Leech|p1a: Chefable
|-damage|p1a: Chefable|65/100
|-heal|p2a: Ogerpon|72/100|[from] drain|[of] p1a: Chefable
|
|-heal|p1a: Chefable|71/100|[from] item: Leftovers
|upkeep
|turn|40
|
|t:|1779561799
|move|p2a: Ogerpon|Ivy Cudgel|p1a: Chefable|[anim] Ivy Cudgel Water
|-damage|p1a: Chefable|23/100
|move|p1a: Chefable|Moonblast|p2a: Ogerpon
|-damage|p2a: Ogerpon|38/100
|
|-heal|p1a: Chefable|29/100|[from] item: Leftovers
|upkeep
|turn|41
|
|t:|1779561806
|move|p2a: Ogerpon|Horn Leech|p1a: Chefable
|-damage|p1a: Chefable|0 fnt
|-heal|p2a: Ogerpon|57/100|[from] drain|[of] p1a: Chefable
|faint|p1a: Chefable
|
|upkeep
|
|t:|1779561809
|switch|p1a: Metagross|Metagross, shiny|95/100 tox
|turn|42
|
|t:|1779561812
|move|p2a: Ogerpon|U-turn|p1a: Metagross
|-damage|p1a: Metagross|70/100 tox
|
|t:|1779561815
|switch|p2a: Corviknight|Corviknight, F|100/100|[from] U-turn
|move|p1a: Metagross|Knock Off|p2a: Corviknight
|-damage|p2a: Corviknight|59/100
|-damage|p1a: Metagross|53/100 tox|[from] item: Rocky Helmet|[of] p2a: Corviknight
|-enditem|p2a: Corviknight|Rocky Helmet|[from] move: Knock Off|[of] p1a: Metagross
|
|-damage|p1a: Metagross|48/100 tox|[from] psn
|upkeep
|turn|43
|
|t:|1779561822
|switch|p1a: Fakezinc|Ting-Lu, shiny, tera:Water|96/100
|-ability|p1a: Fakezinc|Vessel of Ruin
|move|p2a: Corviknight|Body Press|p1a: Fakezinc
|-damage|p1a: Fakezinc|82/100
|
|-heal|p1a: Fakezinc|89/100|[from] item: Leftovers
|upkeep
|turn|44
|
|t:|1779561830
|move|p2a: Corviknight|Roost|p2a: Corviknight
|-heal|p2a: Corviknight|100/100
|-singleturn|p2a: Corviknight|move: Roost
|move|p1a: Fakezinc|Stealth Rock|p2a: Corviknight
|-sidestart|p2: GONZALOCARDOZO03|move: Stealth Rock
|
|-heal|p1a: Fakezinc|95/100|[from] item: Leftovers
|upkeep
|turn|45
|
|t:|1779561836
|move|p2a: Corviknight|Defog|p1a: Fakezinc
|-unboost|p1a: Fakezinc|evasion|1
|-sideend|p2: GONZALOCARDOZO03|Stealth Rock|[from] move: Defog|[of] p2a: Corviknight
|move|p1a: Fakezinc|Whirlwind|p2a: Corviknight
|drag|p2a: Garganacl|Garganacl, M|52/100
|
|-heal|p1a: Fakezinc|100/100|[from] item: Leftovers
|upkeep
|turn|46
|
|t:|1779561843
|move|p1a: Fakezinc|Earthquake|p2a: Garganacl
|-supereffective|p2a: Garganacl
|-damage|p2a: Garganacl|2/100
|move|p2a: Garganacl|Salt Cure|p1a: Fakezinc
|-damage|p1a: Fakezinc|90/100
|-start|p1a: Fakezinc|Salt Cure
|
|-heal|p1a: Fakezinc|97/100|[from] item: Leftovers
|-damage|p1a: Fakezinc|72/100|[from] Salt Cure
|upkeep
|turn|47
|
|t:|1779561847
|switch|p2a: Corviknight|Corviknight, F|100/100
|move|p1a: Fakezinc|Earthquake|p2a: Corviknight
|-immune|p2a: Corviknight
|
|-heal|p1a: Fakezinc|78/100|[from] item: Leftovers
|-damage|p1a: Fakezinc|53/100|[from] Salt Cure
|upkeep
|turn|48
|
|t:|1779561853
|switch|p1a: Metagross|Metagross, shiny|48/100 tox
|move|p2a: Corviknight|Body Press|p1a: Metagross
|-damage|p1a: Metagross|27/100 tox
|
|-damage|p1a: Metagross|21/100 tox|[from] psn
|upkeep
|turn|49
|
|t:|1779561858
|switch|p1a: Fakezinc|Ting-Lu, shiny, tera:Water|53/100
|-ability|p1a: Fakezinc|Vessel of Ruin
|move|p2a: Corviknight|Body Press|p1a: Fakezinc
|-damage|p1a: Fakezinc|40/100
|
|-heal|p1a: Fakezinc|46/100|[from] item: Leftovers
|upkeep
|turn|50
|
|t:|1779561867
|move|p2a: Corviknight|Body Press|p1a: Fakezinc
|-damage|p1a: Fakezinc|32/100
|move|p1a: Fakezinc|Ruination|p2a: Corviknight
|-damage|p2a: Corviknight|50/100
|
|-heal|p1a: Fakezinc|38/100|[from] item: Leftovers
|upkeep
|turn|51
|
|t:|1779561872
|move|p2a: Corviknight|Roost|p2a: Corviknight
|-heal|p2a: Corviknight|100/100
|-singleturn|p2a: Corviknight|move: Roost
|move|p1a: Fakezinc|Ruination|p2a: Corviknight|[miss]
|-miss|p1a: Fakezinc|p2a: Corviknight
|
|-heal|p1a: Fakezinc|44/100|[from] item: Leftovers
|upkeep
|turn|52
|
|t:|1779561879
|switch|p2a: Ogerpon|Ogerpon-Wellspring, F|57/100
|move|p1a: Fakezinc|Ruination|p2a: Ogerpon
|-damage|p2a: Ogerpon|29/100
|
|-heal|p1a: Fakezinc|50/100|[from] item: Leftovers
|upkeep
|turn|53
|
|t:|1779561883
|move|p2a: Ogerpon|Horn Leech|p1a: Fakezinc
|-supereffective|p1a: Fakezinc
|-damage|p1a: Fakezinc|3/100
|-heal|p2a: Ogerpon|69/100|[from] drain|[of] p1a: Fakezinc
|move|p1a: Fakezinc|Stealth Rock|p2a: Ogerpon
|-sidestart|p2: GONZALOCARDOZO03|move: Stealth Rock
|
|-heal|p1a: Fakezinc|9/100|[from] item: Leftovers
|upkeep
|turn|54
|
|t:|1779561887
|move|p2a: Ogerpon|Horn Leech|p1a: Fakezinc
|-supereffective|p1a: Fakezinc
|-crit|p1a: Fakezinc
|-damage|p1a: Fakezinc|0 fnt
|-heal|p2a: Ogerpon|76/100|[from] drain|[of] p1a: Fakezinc
|faint|p1a: Fakezinc
|
|upkeep
|
|t:|1779561889
|switch|p1a: Metagross|Metagross, shiny|21/100 tox
|turn|55
|
|t:|1779561894
|move|p2a: Ogerpon|Ivy Cudgel|p1a: Metagross|[anim] Ivy Cudgel Water
|-damage|p1a: Metagross|0 fnt
|faint|p1a: Metagross
|
|win|GONZALOCARDOZO03
|raw|9viciousrend's rating: 1395 &rarr; <strong>1374</strong><br />(-21 for losing)
|raw|GONZALOCARDOZO03's rating: 1379 &rarr; <strong>1400</strong><br />(+21 for winning)
|l|☆9viciousrend
|player|p1|
|l|☆GONZALOCARDOZO03
|player|p2|
