|j|‽Davemcbean
|j|☆octillery chicken
|t:|1779654889
|gametype|singles
|player|p1|Davemcbean|101|1374
|player|p2|octillery chicken|harlequin|1361
|gen|9
|tier|[Gen 9] OU
|rated|
|rule|HP Percentage Mod: HP is shown in percentages
|rule|Endless Battle Clause: Forcing endless battles is banned
|rule|Species Clause: Limit one of each Pokémon
|rule|OHKO Clause: OHKO moves are banned
|rule|Evasion Items Clause: Evasion items are banned
|rule|Evasion Moves Clause: Evasion moves are banned
|rule|Evasion Abilities Clause: Evasion abilities are banned
|rule|Sleep Moves Clause: Sleep-inducing moves are banned
|clearpoke
|poke|p1|Torkoal, M|
|poke|p1|Cresselia, F|
|poke|p1|Raging Bolt|
|poke|p1|Iron Moth|
|poke|p1|Great Tusk|
|poke|p1|Walking Wake|
|poke|p2|Samurott-Hisui, F|
|poke|p2|Rillaboom, M|
|poke|p2|Diancie|
|poke|p2|Garchomp, F|
|poke|p2|Magnezone|
|poke|p2|Mismagius, M|
|teampreview
|
|t:|1779654928
|teamsize|p1|6
|teamsize|p2|6
|start
|switch|p1a: Torkoal|Torkoal, M, shiny|100/100
|switch|p2a: Garchomp|Garchomp, F|100/100
|-weather|SunnyDay|[from] ability: Drought|[of] p1a: Torkoal
|turn|1
|inactive|Battle timer is ON: inactive players will automatically lose when time's up. (requested by octillery chicken)
|
|t:|1779654946
|-terastallize|p1a: Torkoal|Flying
|move|p2a: Garchomp|Earthquake|p1a: Torkoal
|-immune|p1a: Torkoal
|move|p1a: Torkoal|Will-O-Wisp|p2a: Garchomp|[miss]
|-miss|p1a: Torkoal|p2a: Garchomp
|
|-weather|SunnyDay|[upkeep]
|upkeep
|turn|2
|
|t:|1779654957
|switch|p2a: Diancie|Diancie|100/100
|move|p1a: Torkoal|Will-O-Wisp|p2a: Diancie
|-status|p2a: Diancie|brn
|
|-weather|SunnyDay|[upkeep]
|-damage|p2a: Diancie|94/100 brn|[from] brn
|upkeep
|turn|3
|
|t:|1779654986
|switch|p1a: Cresselia|Cresselia, F, shiny|100/100
|move|p2a: Diancie|Calm Mind|p2a: Diancie
|-boost|p2a: Diancie|spa|1
|-boost|p2a: Diancie|spd|1
|
|-weather|SunnyDay|[upkeep]
|-heal|p2a: Diancie|100/100 brn|[from] item: Leftovers
|-damage|p2a: Diancie|94/100 brn|[from] brn
|upkeep
|turn|4
|inactive|Davemcbean has 120 seconds left.
|
|t:|1779655007
|move|p1a: Cresselia|Ice Beam|p2a: Diancie
|-damage|p2a: Diancie|85/100 brn
|move|p2a: Diancie|Calm Mind|p2a: Diancie
|-boost|p2a: Diancie|spa|1
|-boost|p2a: Diancie|spd|1
|
|-weather|SunnyDay|[upkeep]
|-heal|p2a: Diancie|92/100 brn|[from] item: Leftovers
|-damage|p2a: Diancie|85/100 brn|[from] brn
|upkeep
|turn|5
|inactive|Davemcbean has 120 seconds left.
|
|t:|1779655018
|move|p1a: Cresselia|Ice Beam|p2a: Diancie
|-damage|p2a: Diancie|79/100 brn
|move|p2a: Diancie|Calm Mind|p2a: Diancie
|-boost|p2a: Diancie|spa|1
|-boost|p2a: Diancie|spd|1
|
|-weather|SunnyDay|[upkeep]
|-heal|p2a: Diancie|85/100 brn|[from] item: Leftovers
|-damage|p2a: Diancie|79/100 brn|[from] brn
|upkeep
|turn|6
|inactive|Davemcbean has 120 seconds left.
|
|t:|1779655041
|switch|p1a: Great Tusk|Great Tusk|100/100
|-activate|p1a: Great Tusk|ability: Protosynthesis
|-start|p1a: Great Tusk|protosynthesisspe
|move|p2a: Diancie|Draining Kiss|p1a: Great Tusk
|-supereffective|p1a: Great Tusk
|-damage|p1a: Great Tusk|0 fnt
|-heal|p2a: Diancie|100/100 brn|[from] drain|[of] p1a: Great Tusk
|-damage|p2a: Diancie|84/100 brn|[from] item: Rocky Helmet|[of] p1a: Great Tusk
|faint|p1a: Great Tusk
|-end|p1a: Great Tusk|Protosynthesis|[silent]
|
|-weather|SunnyDay|[upkeep]
|-heal|p2a: Diancie|90/100 brn|[from] item: Leftovers
|-damage|p2a: Diancie|84/100 brn|[from] brn
|upkeep
|
|t:|1779655059
|switch|p1a: Iron Moth|Iron Moth|100/100
|-enditem|p1a: Iron Moth|Booster Energy
|-activate|p1a: Iron Moth|ability: Quark Drive|[fromitem]
|-start|p1a: Iron Moth|quarkdrivespe
|turn|7
|
|t:|1779655069
|move|p1a: Iron Moth|Solar Beam||[still]
|-prepare|p1a: Iron Moth|Solar Beam
|-anim|p1a: Iron Moth|Solar Beam|p2a: Diancie
|-supereffective|p2a: Diancie
|-crit|p2a: Diancie
|-damage|p2a: Diancie|0 fnt
|faint|p2a: Diancie
|
|-weather|SunnyDay|[upkeep]
|upkeep
|
|t:|1779655080
|switch|p2a: Garchomp|Garchomp, F|100/100
|turn|8
|
|t:|1779655094
|-end|p1a: Iron Moth|Quark Drive|[silent]
|switch|p1a: Cresselia|Cresselia, F, shiny|100/100
|move|p2a: Garchomp|Earthquake|p1a: Cresselia
|-immune|p1a: Cresselia|[from] ability: Levitate
|
|-weather|none
|upkeep
|turn|9
|
|t:|1779655102
|switch|p2a: Mismagius|Mismagius, M|100/100
|move|p1a: Cresselia|Ice Beam|p2a: Mismagius
|-damage|p2a: Mismagius|85/100
|-status|p2a: Mismagius|frz
|
|upkeep
|turn|10
|
|t:|1779655119
|switch|p2a: Samurott|Samurott-Hisui, F|100/100
|switch|p1a: Torkoal|Torkoal, M, shiny, tera:Flying|100/100
|-weather|SunnyDay|[from] ability: Drought|[of] p1a: Torkoal
|
|-weather|SunnyDay|[upkeep]
|upkeep
|turn|11
|
|t:|1779655130
|move|p2a: Samurott|Flip Turn|p1a: Torkoal
|-damage|p1a: Torkoal|93/100
|
|t:|1779655137
|switch|p2a: Mismagius|Mismagius, M|85/100 frz|[from] Flip Turn
|move|p1a: Torkoal|Will-O-Wisp||[still]
|-fail|p1a: Torkoal
|
|-weather|SunnyDay|[upkeep]
|upkeep
|turn|12
|
|t:|1779655155
|switch|p1a: Iron Moth|Iron Moth|100/100
|cant|p2a: Mismagius|frz
|
|-weather|SunnyDay|[upkeep]
|upkeep
|turn|13
|
|t:|1779655168
|move|p1a: Iron Moth|Fiery Dance|p2a: Mismagius
|-damage|p2a: Mismagius|19/100 frz
|-boost|p1a: Iron Moth|spa|1
|-curestatus|p2a: Mismagius|frz|[msg]
|move|p2a: Mismagius|Pain Split|p1a: Iron Moth
|-sethp|p1a: Iron Moth|60/100|[from] move: Pain Split|[silent]
|-sethp|p2a: Mismagius|58/100|[from] move: Pain Split
|
|-weather|SunnyDay|[upkeep]
|upkeep
|turn|14
|
|t:|1779655181
|move|p1a: Iron Moth|Fiery Dance|p2a: Mismagius
|-damage|p2a: Mismagius|0 fnt
|-boost|p1a: Iron Moth|spa|1
|faint|p2a: Mismagius
|
|-weather|SunnyDay|[upkeep]
|upkeep
|
|t:|1779655185
|switch|p2a: Garchomp|Garchomp, F|100/100
|turn|15
|
|t:|1779655196
|move|p1a: Iron Moth|Solar Beam||[still]
|-prepare|p1a: Iron Moth|Solar Beam
|-anim|p1a: Iron Moth|Solar Beam|p2a: Garchomp
|-enditem|p2a: Garchomp|Focus Sash
|-damage|p2a: Garchomp|1/100
|move|p2a: Garchomp|Earthquake|p1a: Iron Moth
|-supereffective|p1a: Iron Moth
|-damage|p1a: Iron Moth|0 fnt
|faint|p1a: Iron Moth
|-end|p1a: Iron Moth|Quark Drive|[silent]
|
|-weather|SunnyDay|[upkeep]
|upkeep
|
|t:|1779655214
|switch|p1a: Torkoal|Torkoal, M, shiny, tera:Flying|93/100
|turn|16
|
|t:|1779655221
|switch|p2a: Samurott|Samurott-Hisui, F|100/100
|move|p1a: Torkoal|Will-O-Wisp|p2a: Samurott
|-status|p2a: Samurott|brn
|
|-weather|SunnyDay|[upkeep]
|-damage|p2a: Samurott|94/100 brn|[from] brn
|upkeep
|turn|17
|
|t:|1779655233
|move|p2a: Samurott|Ceaseless Edge|p1a: Torkoal|[miss]
|-miss|p2a: Samurott|p1a: Torkoal
|move|p1a: Torkoal|Stealth Rock|p2a: Samurott
|-sidestart|p2: octillery chicken|move: Stealth Rock
|
|-weather|none
|-damage|p2a: Samurott|88/100 brn|[from] brn
|upkeep
|turn|18
|
|t:|1779655241
|switch|p1a: Cresselia|Cresselia, F, shiny|100/100
|move|p2a: Samurott|Ceaseless Edge|p1a: Cresselia
|-supereffective|p1a: Cresselia
|-damage|p1a: Cresselia|76/100
|-sidestart|p1: Davemcbean|Spikes
|-enditem|p1a: Cresselia|Eject Button
|
|t:|1779655249
|switch|p1a: Torkoal|Torkoal, M, shiny, tera:Flying|93/100
|-weather|SunnyDay|[from] ability: Drought|[of] p1a: Torkoal
|
|-weather|SunnyDay|[upkeep]
|-damage|p2a: Samurott|82/100 brn|[from] brn
|upkeep
|turn|19
|
|t:|1779655267
|switch|p1a: Raging Bolt|Raging Bolt|100/100
|-damage|p1a: Raging Bolt|88/100|[from] Spikes
|-activate|p1a: Raging Bolt|ability: Protosynthesis
|-start|p1a: Raging Bolt|protosynthesisspa
|move|p2a: Samurott|Ceaseless Edge|p1a: Raging Bolt
|-damage|p1a: Raging Bolt|68/100
|-sidestart|p1: Davemcbean|Spikes
|
|-weather|SunnyDay|[upkeep]
|-damage|p2a: Samurott|76/100 brn|[from] brn
|upkeep
|turn|20
|
|t:|1779655283
|switch|p2a: Garchomp|Garchomp, F|1/100
|-damage|p2a: Garchomp|0 fnt|[from] Stealth Rock
|faint|p2a: Garchomp
|move|p1a: Raging Bolt|Thunderclap|p2: Garchomp|[notarget]
|-fail|p1a: Raging Bolt
|
|-weather|SunnyDay|[upkeep]
|upkeep
|
|t:|1779655300
|switch|p2a: Rillaboom|Rillaboom, M|100/100
|-damage|p2a: Rillaboom|88/100|[from] Stealth Rock
|-fieldstart|move: Grassy Terrain|[from] ability: Grassy Surge|[of] p2a: Rillaboom
|turn|21
|
|t:|1779655309
|switch|p2a: Magnezone|Magnezone|100/100
|-damage|p2a: Magnezone|94/100|[from] Stealth Rock
|move|p1a: Raging Bolt|Weather Ball|p2a: Magnezone
|-supereffective|p2a: Magnezone
|-damage|p2a: Magnezone|0 fnt
|faint|p2a: Magnezone
|-damage|p1a: Raging Bolt|58/100|[from] item: Life Orb
|
|-weather|SunnyDay|[upkeep]
|-heal|p1a: Raging Bolt|64/100|[from] Grassy Terrain
|upkeep
|inactive|octillery chicken has 120 seconds left.
|
|t:|1779655329
|switch|p2a: Samurott|Samurott-Hisui, F|76/100 brn
|-damage|p2a: Samurott|63/100 brn|[from] Stealth Rock
|turn|22
|inactive|Davemcbean has 120 seconds left.
|
|t:|1779655338
|move|p1a: Raging Bolt|Thunderclap|p2a: Samurott
|-supereffective|p2a: Samurott
|-damage|p2a: Samurott|0 fnt
|faint|p2a: Samurott
|-damage|p1a: Raging Bolt|54/100|[from] item: Life Orb
|
|-weather|SunnyDay|[upkeep]
|-heal|p1a: Raging Bolt|61/100|[from] Grassy Terrain
|upkeep
|
|t:|1779655340
|switch|p2a: Rillaboom|Rillaboom, M|88/100
|-damage|p2a: Rillaboom|76/100|[from] Stealth Rock
|turn|23
|
|t:|1779655350
|move|p2a: Rillaboom|Knock Off|p1a: Raging Bolt
|-damage|p1a: Raging Bolt|13/100
|-enditem|p1a: Raging Bolt|Life Orb|[from] move: Knock Off|[of] p2a: Rillaboom
|-damage|p2a: Rillaboom|66/100|[from] item: Life Orb
|move|p1a: Raging Bolt|Weather Ball|p2a: Rillaboom
|-supereffective|p2a: Rillaboom
|-damage|p2a: Rillaboom|0 fnt
|faint|p2a: Rillaboom
|
|win|Davemcbean
|raw|Davemcbean's rating: 1374 &rarr; <strong>1393</strong><br />(+19 for winning)
|raw|octillery chicken's rating: 1361 &rarr; <strong>1342</strong><br />(-19 for losing)
|l|‽Davemcbean
|player|p1|
|l|☆octillery chicken
|player|p2|
