|j|☆jojosworld
|j|☆merlin sword
|t:|1779715860
|gametype|singles
|player|p1|jojosworld|bellelba|1483
|player|p2|merlin sword|hiker-gen4|1532
|gen|9
|tier|[Gen 9] OU
|rated|
|rule|HP Percentage Mod: HP is shown in percentages
|rule|Endless Battle Clause: Forcing endless battles is banned
|rule|Species Clause: Limit one of each Pokémon
|rule|OHKO Clause: OHKO moves are banned
|rule|Evasion Items Clause: Evasion items are banned
|rule|Evasion Moves Clause: Evasion moves are banned
|rule|Evasion Abilities Clause: Evasion abilities are banned
|rule|Sleep Moves Clause: Sleep-inducing moves are banned
|clearpoke
|poke|p1|Slowking-Galar, F|
|poke|p1|Dragapult, F|
|poke|p1|Hatterene, F|
|poke|p1|Fezandipiti, M|
|poke|p1|Corviknight, F|
|poke|p1|Iron Valiant|
|poke|p2|Dragonite, F|
|poke|p2|Hatterene, F|
|poke|p2|Weavile, M|
|poke|p2|Ogerpon-Wellspring, F|
|poke|p2|Kingambit, M|
|poke|p2|Great Tusk|
|teampreview
|inactive|Battle timer is ON: inactive players will automatically lose when time's up. (requested by jojosworld)
|
|t:|1779715876
|teamsize|p1|6
|teamsize|p2|6
|start
|switch|p1a: Iron Valiant|Iron Valiant, shiny|100/100
|switch|p2a: Weavile|Weavile, M|100/100
|turn|1
|
|t:|1779715887
|move|p2a: Weavile|Icicle Crash|p1a: Iron Valiant|[miss]
|-miss|p2a: Weavile|p1a: Iron Valiant
|move|p1a: Iron Valiant|Moonblast|p2a: Weavile
|-supereffective|p2a: Weavile
|-enditem|p2a: Weavile|Focus Sash
|-damage|p2a: Weavile|1/100
|-damage|p1a: Iron Valiant|91/100|[from] item: Life Orb
|
|upkeep
|turn|2
|
|t:|1779715892
|-end|p1a: Iron Valiant|Quark Drive|[silent]
|switch|p1a: Corviknight|Corviknight, F, shiny|100/100
|-ability|p1a: Corviknight|Pressure
|move|p2a: Weavile|Icicle Crash|p1a: Corviknight|[miss]
|-miss|p2a: Weavile|p1a: Corviknight
|
|upkeep
|turn|3
|
|t:|1779715899
|move|p2a: Weavile|Swords Dance|p2a: Weavile
|-boost|p2a: Weavile|atk|2
|move|p1a: Corviknight|U-turn|p2a: Weavile
|-supereffective|p2a: Weavile
|-damage|p2a: Weavile|0 fnt
|faint|p2a: Weavile
|
|t:|1779715905
|switch|p1a: Dragapult|Dragapult, F, shiny|100/100|[from] U-turn
|
|upkeep
|
|t:|1779715914
|switch|p2a: Great Tusk|Great Tusk|100/100
|turn|4
|
|t:|1779715920
|move|p1a: Dragapult|U-turn|p2a: Great Tusk
|-resisted|p2a: Great Tusk
|-damage|p2a: Great Tusk|95/100
|
|t:|1779715921
|switch|p1a: Corviknight|Corviknight, F, shiny|100/100|[from] U-turn
|-ability|p1a: Corviknight|Pressure
|move|p2a: Great Tusk|Ice Spinner|p1a: Corviknight
|-damage|p1a: Corviknight|82/100
|-damage|p2a: Great Tusk|78/100|[from] item: Rocky Helmet|[of] p1a: Corviknight
|
|upkeep
|turn|5
|
|t:|1779715927
|switch|p1a: Hatterene|Hatterene, F, shiny|100/100
|move|p2a: Great Tusk|Close Combat|p1a: Hatterene
|-resisted|p1a: Hatterene
|-damage|p1a: Hatterene|87/100
|-unboost|p2a: Great Tusk|def|1
|-unboost|p2a: Great Tusk|spd|1
|-damage|p2a: Great Tusk|62/100|[from] item: Rocky Helmet|[of] p1a: Hatterene
|
|upkeep
|turn|6
|
|t:|1779715931
|move|p2a: Great Tusk|Headlong Rush|p1a: Hatterene
|-damage|p1a: Hatterene|30/100
|-unboost|p2a: Great Tusk|def|1
|-unboost|p2a: Great Tusk|spd|1
|-damage|p2a: Great Tusk|45/100|[from] item: Rocky Helmet|[of] p1a: Hatterene
|move|p1a: Hatterene|Draining Kiss|p2a: Great Tusk
|-supereffective|p2a: Great Tusk
|-damage|p2a: Great Tusk|0 fnt
|-heal|p1a: Hatterene|70/100|[from] drain|[of] p2a: Great Tusk
|faint|p2a: Great Tusk
|-end|p2a: Great Tusk|Protosynthesis|[silent]
|
|upkeep
|
|t:|1779715936
|switch|p2a: Kingambit|Kingambit, M|100/100
|-activate|p2a: Kingambit|ability: Supreme Overlord
|-start|p2a: Kingambit|fallen2|[silent]
|turn|7
|
|t:|1779715944
|switch|p1a: Corviknight|Corviknight, F, shiny|82/100
|-ability|p1a: Corviknight|Pressure
|move|p2a: Kingambit|Swords Dance|p2a: Kingambit
|-boost|p2a: Kingambit|atk|2
|
|upkeep
|turn|8
|
|t:|1779715950
|move|p2a: Kingambit|Kowtow Cleave|p1a: Corviknight
|-crit|p1a: Corviknight
|-damage|p1a: Corviknight|0 fnt
|-damage|p2a: Kingambit|84/100|[from] item: Rocky Helmet|[of] p1a: Corviknight
|faint|p1a: Corviknight
|
|upkeep
|
|t:|1779715953
|switch|p1a: Iron Valiant|Iron Valiant, shiny|91/100
|turn|9
|
|t:|1779715960
|-terastallize|p2a: Kingambit|Fairy
|move|p1a: Iron Valiant|Encore|p2a: Kingambit
|-start|p2a: Kingambit|Encore
|move|p2a: Kingambit|Kowtow Cleave|p1a: Iron Valiant
|-resisted|p1a: Iron Valiant
|-damage|p1a: Iron Valiant|53/100
|
|upkeep
|turn|10
|
|t:|1779715964
|move|p1a: Iron Valiant|Moonblast|p2a: Kingambit
|-damage|p2a: Kingambit|6/100
|-damage|p1a: Iron Valiant|44/100|[from] item: Life Orb
|move|p2a: Kingambit|Kowtow Cleave|p1a: Iron Valiant
|-resisted|p1a: Iron Valiant
|-damage|p1a: Iron Valiant|4/100
|
|upkeep
|turn|11
|
|t:|1779715970
|-end|p1a: Iron Valiant|Quark Drive|[silent]
|switch|p1a: Fezandipiti|Fezandipiti, M|100/100
|-end|p2a: Kingambit|fallen2|[silent]
|switch|p2a: Hatterene|Hatterene, F|100/100
|
|upkeep
|turn|12
|
|t:|1779715974
|move|p1a: Fezandipiti|Beat Up|p2a: Hatterene
|-damage|p2a: Hatterene|98/100
|-status|p2a: Hatterene|tox|[from] ability: Toxic Chain|[of] p1a: Fezandipiti
|-damage|p2a: Hatterene|94/100 tox
|-damage|p2a: Hatterene|91/100 tox
|-damage|p2a: Hatterene|87/100 tox
|-damage|p2a: Hatterene|84/100 tox
|-hitcount|p2a: Hatterene|5
|move|p2a: Hatterene|Psychic Noise|p1a: Fezandipiti
|-supereffective|p1a: Fezandipiti
|-damage|p1a: Fezandipiti|56/100
|-start|p1a: Fezandipiti|move: Heal Block
|
|-damage|p2a: Hatterene|78/100 tox|[from] psn
|upkeep
|turn|13
|
|t:|1779715977
|move|p1a: Fezandipiti|U-turn|p2a: Hatterene
|-damage|p2a: Hatterene|64/100 tox
|-damage|p1a: Fezandipiti|39/100|[from] item: Rocky Helmet|[of] p2a: Hatterene
|
|t:|1779715980
|switch|p1a: Slowking|Slowking-Galar, F, shiny|100/100|[from] U-turn
|move|p2a: Hatterene|Psychic Noise|p1a: Slowking
|-damage|p1a: Slowking|79/100
|-start|p1a: Slowking|move: Heal Block
|
|-damage|p2a: Hatterene|52/100 tox|[from] psn
|upkeep
|turn|14
|
|t:|1779715983
|move|p2a: Hatterene|Healing Wish|p2a: Hatterene
|faint|p2a: Hatterene
|-prepare|p1a: Slowking|Chilly Reception|[premajor]
|move|p1a: Slowking|Chilly Reception|p1a: Slowking
|-weather|Snowscape
|
|t:|1779716000
|switch|p1a: Iron Valiant|Iron Valiant, shiny|4/100|[from] Chilly Reception
|
|-weather|Snowscape|[upkeep]
|upkeep
|
|t:|1779716005
|switch|p2a: Kingambit|Kingambit, M, tera:Fairy|6/100
|-heal|p2a: Kingambit|100/100|[from] move: Healing Wish
|-activate|p2a: Kingambit|ability: Supreme Overlord
|-start|p2a: Kingambit|fallen3|[silent]
|turn|15
|
|t:|1779716008
|move|p1a: Iron Valiant|Destiny Bond|p1a: Iron Valiant
|-singlemove|p1a: Iron Valiant|Destiny Bond
|move|p2a: Kingambit|Iron Head|p1a: Iron Valiant
|-supereffective|p1a: Iron Valiant
|-damage|p1a: Iron Valiant|0 fnt
|faint|p1a: Iron Valiant
|-activate|p1a: Iron Valiant|move: Destiny Bond
|-end|p1a: Iron Valiant|Quark Drive|[silent]
|faint|p2a: Kingambit
|-end|p2a: Kingambit|fallen3|[silent]
|
|-weather|Snowscape|[upkeep]
|upkeep
|
|t:|1779716020
|switch|p1a: Hatterene|Hatterene, F, shiny|70/100
|switch|p2a: Ogerpon|Ogerpon-Wellspring, F|100/100
|turn|16
|
|t:|1779716024
|move|p2a: Ogerpon|Ivy Cudgel|p1a: Hatterene|[anim] Ivy Cudgel Water
|-damage|p1a: Hatterene|18/100
|move|p1a: Hatterene|Nuzzle|p2a: Ogerpon
|-damage|p2a: Ogerpon|96/100
|-status|p2a: Ogerpon|par
|
|-weather|Snowscape|[upkeep]
|upkeep
|turn|17
|
|t:|1779716027
|cant|p2a: Ogerpon|par
|move|p1a: Hatterene|Pain Split|p2a: Ogerpon
|-sethp|p2a: Ogerpon|57/100 par|[from] move: Pain Split|[silent]
|-sethp|p1a: Hatterene|54/100|[from] move: Pain Split
|
|-weather|Snowscape|[upkeep]
|upkeep
|turn|18
|
|t:|1779716029
|move|p2a: Ogerpon|Ivy Cudgel|p1a: Hatterene|[anim] Ivy Cudgel Water
|-damage|p1a: Hatterene|3/100
|move|p1a: Hatterene|Draining Kiss|p2a: Ogerpon
|-damage|p2a: Ogerpon|31/100 par
|-heal|p1a: Hatterene|22/100|[from] drain|[of] p2a: Ogerpon
|
|-weather|none
|upkeep
|turn|19
|
|t:|1779716033
|cant|p2a: Ogerpon|par
|move|p1a: Hatterene|Draining Kiss|p2a: Ogerpon
|-damage|p2a: Ogerpon|3/100 par
|-heal|p1a: Hatterene|41/100|[from] drain|[of] p2a: Ogerpon
|
|upkeep
|turn|20
|
|t:|1779716039
|move|p2a: Ogerpon|Ivy Cudgel|p1a: Hatterene|[anim] Ivy Cudgel Water
|-damage|p1a: Hatterene|0 fnt
|faint|p1a: Hatterene
|
|upkeep
|
|t:|1779716042
|switch|p1a: Fezandipiti|Fezandipiti, M|39/100
|turn|21
|
|t:|1779716046
|move|p1a: Fezandipiti|Roost|p1a: Fezandipiti
|-heal|p1a: Fezandipiti|89/100
|-singleturn|p1a: Fezandipiti|move: Roost
|move|p2a: Ogerpon|Ivy Cudgel|p1a: Fezandipiti|[anim] Ivy Cudgel Water
|-damage|p1a: Fezandipiti|23/100
|
|upkeep
|turn|22
|
|t:|1779716049
|move|p1a: Fezandipiti|Roost|p1a: Fezandipiti
|-heal|p1a: Fezandipiti|74/100
|-singleturn|p1a: Fezandipiti|move: Roost
|move|p2a: Ogerpon|Ivy Cudgel|p1a: Fezandipiti|[anim] Ivy Cudgel Water
|-damage|p1a: Fezandipiti|13/100
|
|upkeep
|turn|23
|
|t:|1779716052
|move|p1a: Fezandipiti|Roost|p1a: Fezandipiti
|-heal|p1a: Fezandipiti|63/100
|-singleturn|p1a: Fezandipiti|move: Roost
|move|p2a: Ogerpon|Ivy Cudgel|p1a: Fezandipiti|[anim] Ivy Cudgel Water
|-damage|p1a: Fezandipiti|0 fnt
|faint|p1a: Fezandipiti
|
|upkeep
|
|t:|1779716055
|switch|p1a: Dragapult|Dragapult, F, shiny|100/100
|turn|24
|
|t:|1779716060
|move|p1a: Dragapult|U-turn|p2a: Ogerpon
|-supereffective|p2a: Ogerpon
|-damage|p2a: Ogerpon|0 fnt
|faint|p2a: Ogerpon
|
|t:|1779716061
|switch|p1a: Slowking|Slowking-Galar, F, shiny|100/100|[from] U-turn
|
|upkeep
|
|t:|1779716065
|switch|p2a: Dragonite|Dragonite, F|100/100
|turn|25
|
|t:|1779716068
|move|p2a: Dragonite|Dragon Dance|p2a: Dragonite
|-boost|p2a: Dragonite|atk|1
|-boost|p2a: Dragonite|spe|1
|move|p1a: Slowking|Thunder Wave|p2a: Dragonite
|-status|p2a: Dragonite|par
|
|upkeep
|turn|26
|
|t:|1779716073
|move|p2a: Dragonite|Encore|p1a: Slowking
|-start|p1a: Slowking|Encore
|move|p1a: Slowking|Thunder Wave|p2a: Dragonite
|-fail|p2a: Dragonite|par
|
|upkeep
|turn|27
|
|t:|1779716075
|switch|p1a: Dragapult|Dragapult, F, shiny|100/100
|move|p2a: Dragonite|Dragon Dance|p2a: Dragonite
|-boost|p2a: Dragonite|atk|1
|-boost|p2a: Dragonite|spe|1
|
|upkeep
|turn|28
|
|t:|1779716080
|-terastallize|p1a: Dragapult|Ghost
|move|p1a: Dragapult|Hex|p2a: Dragonite
|-damage|p2a: Dragonite|37/100 par
|move|p2a: Dragonite|Earthquake|p1a: Dragapult
|-damage|p1a: Dragapult|0 fnt
|faint|p1a: Dragapult
|
|-heal|p2a: Dragonite|43/100 par|[from] item: Leftovers
|upkeep
|
|t:|1779716085
|switch|p1a: Slowking|Slowking-Galar, F, shiny|100/100
|turn|29
|
|t:|1779716090
|move|p2a: Dragonite|Earthquake|p1a: Slowking
|-supereffective|p1a: Slowking
|-damage|p1a: Slowking|0 fnt
|faint|p1a: Slowking
|
|win|merlin sword
|raw|jojosworld's rating: 1483 &rarr; <strong>1466</strong><br />(-17 for losing)
|raw|merlin sword's rating: 1532 &rarr; <strong>1549</strong><br />(+17 for winning)
|l|☆jojosworld
|player|p1|
|l|☆merlin sword
|player|p2|
