|j|☆Megachamp100
|j|☆me destroy you 15
|t:|1779706951
|gametype|singles
|player|p1|Megachamp100|marshal|1095
|player|p2|me destroy you 15|flint|1123
|gen|9
|tier|[Gen 9] OU
|rated|
|rule|HP Percentage Mod: HP is shown in percentages
|rule|Endless Battle Clause: Forcing endless battles is banned
|rule|Species Clause: Limit one of each Pokémon
|rule|OHKO Clause: OHKO moves are banned
|rule|Evasion Items Clause: Evasion items are banned
|rule|Evasion Moves Clause: Evasion moves are banned
|rule|Evasion Abilities Clause: Evasion abilities are banned
|rule|Sleep Moves Clause: Sleep-inducing moves are banned
|clearpoke
|poke|p1|Forretress, M|
|poke|p1|Slowking-Galar, F|
|poke|p1|Clefable, F|
|poke|p1|Zapdos|
|poke|p1|Arcanine, M|
|poke|p1|Ursaluna, F|
|poke|p2|Blastoise, M|
|poke|p2|Charizard, M|
|poke|p2|Vileplume, F|
|poke|p2|Forretress, M|
|poke|p2|Gengar, F|
|poke|p2|Electivire, M|
|teampreview
|inactive|Battle timer is ON: inactive players will automatically lose when time's up. (requested by me destroy you 15)
|
|t:|1779706964
|teamsize|p1|6
|teamsize|p2|6
|start
|switch|p1a: Arcanine|Arcanine, M, shiny|100/100
|switch|p2a: Gengar|Gengar, F|100/100
|-ability|p1a: Arcanine|Intimidate|boost
|-unboost|p2a: Gengar|atk|1
|turn|1
|inactive|Megachamp100 has 120 seconds left.
|
|t:|1779706995
|move|p2a: Gengar|Sludge Bomb|p1a: Arcanine
|-damage|p1a: Arcanine|39/100
|-status|p1a: Arcanine|psn
|move|p1a: Arcanine|Crunch|p2a: Gengar
|-supereffective|p2a: Gengar
|-enditem|p2a: Gengar|Focus Sash
|-damage|p2a: Gengar|1/100
|-start|p1a: Arcanine|Disable|Crunch|[from] ability: Cursed Body|[of] p2a: Gengar
|
|-damage|p1a: Arcanine|26/100 psn|[from] psn
|upkeep
|turn|2
|inactive|Megachamp100 has 120 seconds left.
|
|t:|1779707011
|switch|p1a: Slowking|Slowking-Galar, F|100/100
|move|p2a: Gengar|Shadow Ball|p1a: Slowking
|-supereffective|p1a: Slowking
|-damage|p1a: Slowking|50/100
|
|upkeep
|turn|3
|inactive|Megachamp100 has 120 seconds left.
|
|t:|1779707024
|switch|p1a: Arcanine|Arcanine, M, shiny|26/100 psn
|-ability|p1a: Arcanine|Intimidate|boost
|-unboost|p2a: Gengar|atk|1
|move|p2a: Gengar|Shadow Ball|p1a: Arcanine
|-damage|p1a: Arcanine|0 fnt
|faint|p1a: Arcanine
|
|upkeep
|
|t:|1779707034
|switch|p1a: Forretress|Forretress, M, shiny|100/100
|turn|4
|
|t:|1779707037
|move|p2a: Gengar|Shadow Ball|p1a: Forretress
|-damage|p1a: Forretress|31/100
|move|p1a: Forretress|Volt Switch|p2a: Gengar
|-crit|p2a: Gengar
|-damage|p2a: Gengar|0 fnt
|faint|p2a: Gengar
|inactive|Megachamp100 has 120 seconds left.
|
|t:|1779707045
|switch|p1a: Slowking|Slowking-Galar, F|83/100|[from] Volt Switch
|
|upkeep
|
|t:|1779707050
|switch|p2a: Forretress|Forretress, M|100/100
|turn|5
|
|t:|1779707054
|switch|p1a: Ursaluna|Ursaluna, F|100/100
|move|p2a: Forretress|Thunder Wave|p1a: Ursaluna
|-immune|p1a: Ursaluna
|
|-status|p1a: Ursaluna|brn|[from] item: Flame Orb
|upkeep
|turn|6
|
|t:|1779707062
|move|p1a: Ursaluna|Fire Punch|p2a: Forretress
|-supereffective|p2a: Forretress
|-ability|p2a: Forretress|Sturdy
|-damage|p2a: Forretress|1/100
|move|p2a: Forretress|Lunge|p1a: Ursaluna
|-damage|p1a: Ursaluna|83/100 brn
|-unboost|p1a: Ursaluna|atk|1
|
|-heal|p2a: Forretress|7/100|[from] item: Leftovers
|-damage|p1a: Ursaluna|77/100 brn|[from] brn
|upkeep
|turn|7
|
|t:|1779707075
|switch|p2a: Charizard|Charizard, M|100/100
|move|p1a: Ursaluna|Facade|p2a: Charizard
|-crit|p2a: Charizard
|-damage|p2a: Charizard|0 fnt
|faint|p2a: Charizard
|
|-damage|p1a: Ursaluna|70/100 brn|[from] brn
|upkeep
|
|t:|1779707085
|switch|p2a: Forretress|Forretress, M|7/100
|turn|8
|
|t:|1779707089
|move|p1a: Ursaluna|Facade|p2a: Forretress
|-resisted|p2a: Forretress
|-damage|p2a: Forretress|0 fnt
|faint|p2a: Forretress
|
|-damage|p1a: Ursaluna|64/100 brn|[from] brn
|upkeep
|
|t:|1779707097
|switch|p2a: Blastoise|Blastoise, M|100/100
|turn|9
|
|t:|1779707101
|switch|p1a: Slowking|Slowking-Galar, F|100/100
|move|p2a: Blastoise|Shell Smash|p2a: Blastoise
|-unboost|p2a: Blastoise|def|1
|-unboost|p2a: Blastoise|spd|1
|-boost|p2a: Blastoise|atk|2
|-boost|p2a: Blastoise|spa|2
|-boost|p2a: Blastoise|spe|2
|-enditem|p2a: Blastoise|White Herb
|-clearnegativeboost|p2a: Blastoise|[silent]
|
|upkeep
|turn|10
|
|t:|1779707111
|move|p2a: Blastoise|Surf|p1a: Slowking
|-damage|p1a: Slowking|63/100
|move|p1a: Slowking|Trick Room|p1a: Slowking
|-fieldstart|move: Trick Room|[of] p1a: Slowking
|
|upkeep
|turn|11
|
|t:|1779707119
|move|p1a: Slowking|Future Sight|p2a: Blastoise
|-start|p1a: Slowking|move: Future Sight
|move|p2a: Blastoise|Shell Smash|p2a: Blastoise
|-unboost|p2a: Blastoise|def|1
|-unboost|p2a: Blastoise|spd|1
|-boost|p2a: Blastoise|atk|2
|-boost|p2a: Blastoise|spa|2
|-boost|p2a: Blastoise|spe|2
|
|upkeep
|turn|12
|
|t:|1779707126
|-prepare|p1a: Slowking|Chilly Reception|[premajor]
|move|p1a: Slowking|Chilly Reception|p1a: Slowking
|-weather|Snowscape
|
|t:|1779707131
|switch|p1a: Forretress|Forretress, M, shiny|31/100|[from] Chilly Reception
|move|p2a: Blastoise|Surf|p1a: Forretress
|-damage|p1a: Forretress|0 fnt
|faint|p1a: Forretress
|
|-weather|Snowscape|[upkeep]
|upkeep
|
|t:|1779707138
|switch|p1a: Ursaluna|Ursaluna, F|64/100 brn
|turn|13
|
|t:|1779707142
|move|p1a: Ursaluna|Facade|p2a: Blastoise
|-damage|p2a: Blastoise|0 fnt
|faint|p2a: Blastoise
|
|-weather|Snowscape|[upkeep]
|-hint|Future Sight did not hit because the target is fainted.
|-damage|p1a: Ursaluna|58/100 brn|[from] brn
|upkeep
|
|t:|1779707150
|switch|p2a: Electivire|Electivire, M|100/100
|turn|14
|
|t:|1779707154
|move|p1a: Ursaluna|Facade|p2a: Electivire
|-damage|p2a: Electivire|0 fnt
|faint|p2a: Electivire
|
|-weather|Snowscape|[upkeep]
|-damage|p1a: Ursaluna|52/100 brn|[from] brn
|-fieldend|move: Trick Room
|upkeep
|-message|me destroy you 15 forfeited.
|
|win|Megachamp100
|raw|Megachamp100's rating: 1095 &rarr; <strong>1123</strong><br />(+28 for winning)
|raw|me destroy you 15's rating: 1123 &rarr; <strong>1096</strong><br />(-27 for losing)
|l|☆me destroy you 15
|player|p2|
|l|☆Megachamp100
|player|p1|
