|j|☆serpico XD
|j|‽aaagislash
|t:|1779615592
|gametype|singles
|player|p1|serpico XD|blue|1425
|player|p2|aaagislash|102|1380
|gen|9
|tier|[Gen 9] OU
|rated|
|rule|HP Percentage Mod: HP is shown in percentages
|rule|Endless Battle Clause: Forcing endless battles is banned
|rule|Species Clause: Limit one of each Pokémon
|rule|OHKO Clause: OHKO moves are banned
|rule|Evasion Items Clause: Evasion items are banned
|rule|Evasion Moves Clause: Evasion moves are banned
|rule|Evasion Abilities Clause: Evasion abilities are banned
|rule|Sleep Moves Clause: Sleep-inducing moves are banned
|clearpoke
|poke|p1|Regieleki|
|poke|p1|Cinderace, M|
|poke|p1|Meowscarada, F|
|poke|p1|Primarina, F|
|poke|p1|Corviknight, F|
|poke|p1|Iron Valiant|
|poke|p2|Zamazenta-*|
|poke|p2|Gastrodon, M|
|poke|p2|Slowking-Galar, F|
|poke|p2|Cetitan, M|
|poke|p2|Dragapult, M|
|poke|p2|Hoopa-Unbound|
|teampreview
|inactive|Battle timer is ON: inactive players will automatically lose when time's up. (requested by serpico XD)
|c|☆serpico XD|glhf
|
|t:|1779615609
|teamsize|p1|6
|teamsize|p2|6
|start
|switch|p1a: Meowscarada|Meowscarada, F|100/100
|switch|p2a: Gastrodon|Gastrodon, M|100/100
|turn|1
|
|t:|1779615615
|switch|p2a: Slowking|Slowking-Galar, F|100/100
|move|p1a: Meowscarada|Flower Trick|p2a: Slowking
|-start|p1a: Meowscarada|typechange|Grass|[from] ability: Protean
|-resisted|p2a: Slowking
|-crit|p2a: Slowking
|-damage|p2a: Slowking|71/100
|
|upkeep
|turn|2
|
|t:|1779615621
|switch|p1a: Corviknight|Corviknight, F, shiny|100/100
|-prepare|p2a: Slowking|Chilly Reception|[premajor]
|move|p2a: Slowking|Chilly Reception|p2a: Slowking
|-weather|Snowscape
|
|t:|1779615633
|switch|p2a: Dragapult|Dragapult, M|100/100|[from] Chilly Reception
|
|-weather|Snowscape|[upkeep]
|upkeep
|turn|3
|
|t:|1779615637
|move|p2a: Dragapult|Will-O-Wisp|p1a: Corviknight
|-status|p1a: Corviknight|brn
|move|p1a: Corviknight|U-turn|p2a: Dragapult
|-resisted|p2a: Dragapult
|-damage|p2a: Dragapult|96/100
|
|t:|1779615642
|switch|p1a: Primarina|Primarina, F|100/100|[from] U-turn
|
|-weather|Snowscape|[upkeep]
|upkeep
|turn|4
|
|t:|1779615649
|switch|p2a: Slowking|Slowking-Galar, F|100/100
|move|p1a: Primarina|Substitute|p1a: Primarina
|-start|p1a: Primarina|Substitute
|-damage|p1a: Primarina|76/100
|
|-weather|Snowscape|[upkeep]
|-heal|p1a: Primarina|82/100|[from] item: Leftovers
|upkeep
|turn|5
|
|t:|1779615653
|move|p1a: Primarina|Calm Mind|p1a: Primarina
|-boost|p1a: Primarina|spa|1
|-boost|p1a: Primarina|spd|1
|move|p2a: Slowking|Psychic Noise|p1a: Primarina
|-damage|p1a: Primarina|66/100
|-start|p1a: Primarina|move: Heal Block
|
|-weather|Snowscape|[upkeep]
|upkeep
|turn|6
|
|t:|1779615655
|move|p1a: Primarina|Hyper Voice|p2a: Slowking
|-damage|p2a: Slowking|49/100
|move|p2a: Slowking|Sludge Bomb|p1a: Primarina
|-supereffective|p1a: Primarina
|-end|p1a: Primarina|Substitute
|
|-weather|none
|-end|p1a: Primarina|move: Heal Block
|upkeep
|turn|7
|
|t:|1779615660
|switch|p2a: Gastrodon|Gastrodon, M|100/100
|move|p1a: Primarina|Hyper Voice|p2a: Gastrodon
|-damage|p2a: Gastrodon|16/100
|-enditem|p2a: Gastrodon|Red Card|[of] p1a: Primarina
|drag|p1a: Regieleki|Regieleki, shiny|100/100
|
|upkeep
|turn|8
|
|t:|1779615664
|move|p1a: Regieleki|Extreme Speed|p2a: Gastrodon
|-damage|p2a: Gastrodon|0 fnt
|faint|p2a: Gastrodon
|
|upkeep
|
|t:|1779615667
|switch|p2a: Slowking|Slowking-Galar, F|82/100
|turn|9
|
|t:|1779615669
|move|p1a: Regieleki|Thunderbolt|p2a: Slowking
|-damage|p2a: Slowking|51/100
|-prepare|p2a: Slowking|Chilly Reception|[premajor]
|move|p2a: Slowking|Chilly Reception|p2a: Slowking
|-weather|Snowscape
|
|t:|1779615674
|switch|p2a: Hoopa|Hoopa-Unbound|100/100|[from] Chilly Reception
|
|-weather|Snowscape|[upkeep]
|upkeep
|turn|10
|
|t:|1779615681
|move|p1a: Regieleki|Volt Switch|p2a: Hoopa
|-damage|p2a: Hoopa|79/100
|
|t:|1779615684
|switch|p1a: Corviknight|Corviknight, F, shiny|100/100 brn|[from] Volt Switch
|move|p2a: Hoopa|Knock Off|p1a: Corviknight
|-damage|p1a: Corviknight|64/100 brn
|-damage|p2a: Hoopa|63/100|[from] item: Rocky Helmet|[of] p1a: Corviknight
|-enditem|p1a: Corviknight|Rocky Helmet|[from] move: Knock Off|[of] p2a: Hoopa
|
|-weather|Snowscape|[upkeep]
|-damage|p1a: Corviknight|58/100 brn|[from] brn
|upkeep
|turn|11
|
|t:|1779615688
|switch|p2a: Cetitan|Cetitan, M|100/100
|move|p1a: Corviknight|U-turn|p2a: Cetitan
|-damage|p2a: Cetitan|96/100
|
|t:|1779615692
|switch|p1a: Cinderace|Cinderace, M|100/100|[from] U-turn
|
|-weather|Snowscape|[upkeep]
|upkeep
|turn|12
|
|t:|1779615694
|move|p1a: Cinderace|Pyro Ball|p2a: Cetitan|[miss]
|-miss|p1a: Cinderace|p2a: Cetitan
|move|p2a: Cetitan|Earthquake|p1a: Cinderace
|-supereffective|p1a: Cinderace
|-crit|p1a: Cinderace
|-damage|p1a: Cinderace|0 fnt
|faint|p1a: Cinderace
|
|-weather|Snowscape|[upkeep]
|upkeep
|
|t:|1779615703
|switch|p1a: Iron Valiant|Iron Valiant, shiny|100/100
|-enditem|p1a: Iron Valiant|Booster Energy
|-activate|p1a: Iron Valiant|ability: Quark Drive|[fromitem]
|-start|p1a: Iron Valiant|quarkdrivespe
|turn|13
|
|t:|1779615709
|move|p1a: Iron Valiant|Aura Sphere|p2a: Cetitan
|-supereffective|p2a: Cetitan
|-damage|p2a: Cetitan|4/100
|move|p2a: Cetitan|Earthquake|p1a: Iron Valiant
|-damage|p1a: Iron Valiant|38/100
|
|-weather|none
|upkeep
|turn|14
|
|t:|1779615714
|switch|p2a: Slowking|Slowking-Galar, F|84/100
|move|p1a: Iron Valiant|Shadow Ball|p2a: Slowking
|-supereffective|p2a: Slowking
|-damage|p2a: Slowking|47/100
|
|upkeep
|turn|15
|
|t:|1779615719
|switch|p2a: Hoopa|Hoopa-Unbound|63/100
|-terastallize|p1a: Iron Valiant|Ghost
|move|p1a: Iron Valiant|Shadow Ball|p2a: Hoopa
|-damage|p2a: Hoopa|40/100
|
|upkeep
|turn|16
|
|t:|1779615722
|switch|p2a: Slowking|Slowking-Galar, F|80/100
|move|p1a: Iron Valiant|Moonblast|p2a: Slowking
|-resisted|p2a: Slowking
|-damage|p2a: Slowking|64/100
|
|upkeep
|turn|17
|
|t:|1779615728
|move|p1a: Iron Valiant|Shadow Ball|p2a: Slowking
|-supereffective|p2a: Slowking
|-damage|p2a: Slowking|17/100
|-prepare|p2a: Slowking|Chilly Reception|[premajor]
|move|p2a: Slowking|Chilly Reception|p2a: Slowking
|-weather|Snowscape
|
|t:|1779615732
|switch|p2a: Cetitan|Cetitan, M|4/100|[from] Chilly Reception
|
|-weather|Snowscape|[upkeep]
|upkeep
|turn|18
|
|t:|1779615735
|move|p2a: Cetitan|Ice Shard|p1a: Iron Valiant
|-damage|p1a: Iron Valiant|0 fnt
|faint|p1a: Iron Valiant
|-end|p1a: Iron Valiant|Quark Drive|[silent]
|
|-weather|Snowscape|[upkeep]
|upkeep
|
|t:|1779615738
|switch|p1a: Regieleki|Regieleki, shiny|100/100
|turn|19
|
|t:|1779615741
|move|p1a: Regieleki|Extreme Speed|p2a: Cetitan
|-damage|p2a: Cetitan|0 fnt
|faint|p2a: Cetitan
|
|-weather|Snowscape|[upkeep]
|upkeep
|
|t:|1779615750
|switch|p2a: Dragapult|Dragapult, M|96/100
|turn|20
|
|t:|1779615755
|move|p1a: Regieleki|Volt Switch|p2a: Dragapult
|-resisted|p2a: Dragapult
|-damage|p2a: Dragapult|69/100
|
|t:|1779615758
|switch|p1a: Primarina|Primarina, F|66/100|[from] Volt Switch
|move|p2a: Dragapult|Shadow Ball|p1a: Primarina
|-damage|p1a: Primarina|38/100
|
|-weather|Snowscape|[upkeep]
|-heal|p1a: Primarina|44/100|[from] item: Leftovers
|upkeep
|turn|21
|
|t:|1779615769
|move|p2a: Dragapult|Shadow Ball|p1a: Primarina
|-damage|p1a: Primarina|16/100
|move|p1a: Primarina|Draining Kiss|p2a: Dragapult
|-supereffective|p2a: Dragapult
|-damage|p2a: Dragapult|0 fnt
|-heal|p1a: Primarina|60/100|[from] drain|[of] p2a: Dragapult
|faint|p2a: Dragapult
|
|-weather|none
|-heal|p1a: Primarina|66/100|[from] item: Leftovers
|upkeep
|
|t:|1779615772
|switch|p2a: Slowking|Slowking-Galar, F|50/100
|turn|22
|
|t:|1779615776
|move|p1a: Primarina|Substitute|p1a: Primarina
|-start|p1a: Primarina|Substitute
|-damage|p1a: Primarina|42/100
|move|p2a: Slowking|Sludge Bomb|p1a: Primarina
|-supereffective|p1a: Primarina
|-end|p1a: Primarina|Substitute
|
|-heal|p1a: Primarina|48/100|[from] item: Leftovers
|upkeep
|turn|23
|
|t:|1779615779
|switch|p1a: Corviknight|Corviknight, F, shiny|58/100 brn
|move|p2a: Slowking|Sludge Bomb|p1a: Corviknight
|-immune|p1a: Corviknight
|
|-damage|p1a: Corviknight|52/100 brn|[from] brn
|upkeep
|turn|24
|
|t:|1779615783
|move|p1a: Corviknight|Roost|p1a: Corviknight
|-heal|p1a: Corviknight|100/100 brn
|-singleturn|p1a: Corviknight|move: Roost
|move|p2a: Slowking|Future Sight|p1a: Corviknight
|-start|p2a: Slowking|move: Future Sight
|
|-damage|p1a: Corviknight|94/100 brn|[from] brn
|upkeep
|turn|25
|
|t:|1779615786
|move|p1a: Corviknight|Brave Bird|p2a: Slowking
|-damage|p2a: Slowking|32/100
|-damage|p1a: Corviknight|89/100 brn|[from] Recoil
|move|p2a: Slowking|Psychic Noise|p1a: Corviknight
|-resisted|p1a: Corviknight
|-damage|p1a: Corviknight|74/100 brn
|-start|p1a: Corviknight|move: Heal Block
|
|-damage|p1a: Corviknight|68/100 brn|[from] brn
|upkeep
|turn|26
|
|t:|1779615791
|move|p1a: Corviknight|U-turn|p2a: Slowking
|-damage|p2a: Slowking|26/100
|
|t:|1779615793
|switch|p1a: Meowscarada|Meowscarada, F|100/100|[from] U-turn
|-prepare|p2a: Slowking|Chilly Reception|[premajor]
|move|p2a: Slowking|Chilly Reception|p2a: Slowking
|-weather|Snowscape
|
|t:|1779615795
|switch|p2a: Zamazenta|Zamazenta|100/100|[from] Chilly Reception
|-ability|p2a: Zamazenta|Dauntless Shield|boost
|-boost|p2a: Zamazenta|def|1
|
|-weather|Snowscape|[upkeep]
|-end|p1a: Meowscarada|move: Future Sight
|-immune|p1a: Meowscarada
|upkeep
|turn|27
|
|t:|1779615801
|switch|p1a: Primarina|Primarina, F|48/100
|-terastallize|p2a: Zamazenta|Steel
|move|p2a: Zamazenta|Substitute|p2a: Zamazenta
|-start|p2a: Zamazenta|Substitute
|-damage|p2a: Zamazenta|75/100
|
|-weather|Snowscape|[upkeep]
|-heal|p2a: Zamazenta|82/100|[from] item: Leftovers
|-heal|p1a: Primarina|54/100|[from] item: Leftovers
|upkeep
|turn|28
|
|t:|1779615806
|move|p1a: Primarina|Hyper Voice|p2a: Zamazenta
|-damage|p2a: Zamazenta|39/100
|move|p2a: Zamazenta|Roar|p1a: Primarina
|drag|p1a: Corviknight|Corviknight, F, shiny|68/100 brn
|
|-weather|Snowscape|[upkeep]
|-heal|p2a: Zamazenta|45/100|[from] item: Leftovers
|-damage|p1a: Corviknight|62/100 brn|[from] brn
|upkeep
|turn|29
|
|t:|1779615811
|switch|p1a: Primarina|Primarina, F|54/100
|move|p2a: Zamazenta|Iron Defense|p2a: Zamazenta
|-boost|p2a: Zamazenta|def|2
|
|-weather|Snowscape|[upkeep]
|-heal|p2a: Zamazenta|51/100|[from] item: Leftovers
|-heal|p1a: Primarina|60/100|[from] item: Leftovers
|upkeep
|turn|30
|
|t:|1779615815
|move|p2a: Zamazenta|Body Press|p1a: Primarina
|-resisted|p1a: Primarina
|-damage|p1a: Primarina|15/100
|move|p1a: Primarina|Hyper Voice|p2a: Zamazenta
|-damage|p2a: Zamazenta|15/100
|
|-weather|none
|-heal|p2a: Zamazenta|21/100|[from] item: Leftovers
|-heal|p1a: Primarina|21/100|[from] item: Leftovers
|upkeep
|turn|31
|
|t:|1779615822
|move|p2a: Zamazenta|Body Press|p1a: Primarina
|-resisted|p1a: Primarina
|-damage|p1a: Primarina|0 fnt
|faint|p1a: Primarina
|
|-heal|p2a: Zamazenta|27/100|[from] item: Leftovers
|upkeep
|
|t:|1779615825
|switch|p1a: Regieleki|Regieleki, shiny|100/100
|turn|32
|
|t:|1779615833
|move|p1a: Regieleki|Thunderbolt|p2a: Zamazenta
|-end|p2a: Zamazenta|Substitute
|move|p2a: Zamazenta|Substitute|p2a: Zamazenta
|-start|p2a: Zamazenta|Substitute
|-damage|p2a: Zamazenta|2/100
|
|-heal|p2a: Zamazenta|8/100|[from] item: Leftovers
|upkeep
|turn|33
|
|t:|1779615837
|move|p1a: Regieleki|Thunderbolt|p2a: Zamazenta
|-end|p2a: Zamazenta|Substitute
|move|p2a: Zamazenta|Body Press|p1a: Regieleki
|-crit|p1a: Regieleki
|-damage|p1a: Regieleki|0 fnt
|faint|p1a: Regieleki
|
|-heal|p2a: Zamazenta|14/100|[from] item: Leftovers
|upkeep
|
|t:|1779615845
|switch|p1a: Meowscarada|Meowscarada, F|100/100
|turn|34
|
|t:|1779615848
|move|p2a: Zamazenta|Body Press|p1a: Meowscarada
|-supereffective|p1a: Meowscarada
|-damage|p1a: Meowscarada|0 fnt
|faint|p1a: Meowscarada
|
|-heal|p2a: Zamazenta|21/100|[from] item: Leftovers
|upkeep
|-message|serpico XD forfeited.
|
|win|aaagislash
|raw|serpico XD's rating: 1425 &rarr; <strong>1402</strong><br />(-23 for losing)
|raw|aaagislash's rating: 1380 &rarr; <strong>1403</strong><br />(+23 for winning)
|l|☆serpico XD
|player|p1|
|l|‽aaagislash
|player|p2|
