|j|☆noodlepantseli
|j|☆hoenn hunnies
|t:|1779684688
|gametype|singles
|player|p1|noodlepantseli|101|1099
|player|p2|hoenn hunnies|265|1051
|gen|9
|tier|[Gen 9] OU
|rated|
|rule|HP Percentage Mod: HP is shown in percentages
|rule|Endless Battle Clause: Forcing endless battles is banned
|rule|Species Clause: Limit one of each Pokémon
|rule|OHKO Clause: OHKO moves are banned
|rule|Evasion Items Clause: Evasion items are banned
|rule|Evasion Moves Clause: Evasion moves are banned
|rule|Evasion Abilities Clause: Evasion abilities are banned
|rule|Sleep Moves Clause: Sleep-inducing moves are banned
|clearpoke
|poke|p1|Samurott-Hisui, M|
|poke|p1|Dragonite, F|
|poke|p1|Ogerpon, F|
|poke|p1|Gholdengo|
|poke|p1|Darkrai|
|poke|p1|Iron Treads|
|poke|p2|Exeggutor-Alola, F|
|poke|p2|Shiftry, M|
|poke|p2|Torkoal, F|
|poke|p2|Venusaur, M|
|poke|p2|Breloom, M|
|poke|p2|Ninetales, M|
|teampreview
|inactive|Battle timer is ON: inactive players will automatically lose when time's up. (requested by noodlepantseli)
|
|t:|1779684697
|teamsize|p1|6
|teamsize|p2|6
|start
|switch|p1a: Samurott|Samurott-Hisui, M|100/100
|switch|p2a: Breloom|Breloom, M, shiny|100/100
|turn|1
|
|t:|1779684706
|move|p2a: Breloom|Mach Punch|p1a: Samurott
|-supereffective|p1a: Samurott
|-damage|p1a: Samurott|23/100
|move|p1a: Samurott|Ceaseless Edge|p2a: Breloom
|-resisted|p2a: Breloom
|-damage|p2a: Breloom|67/100
|-sidestart|p2: hoenn hunnies|Spikes
|
|upkeep
|turn|2
|
|t:|1779684716
|move|p1a: Samurott|Flip Turn|p2a: Breloom
|-resisted|p2a: Breloom
|-damage|p2a: Breloom|45/100
|
|t:|1779684724
|switch|p1a: Dragonite|Dragonite, F|100/100|[from] Flip Turn
|move|p2a: Breloom|Bullet Seed|p1a: Dragonite
|-resisted|p1a: Dragonite
|-damage|p1a: Dragonite|98/100
|-resisted|p1a: Dragonite
|-damage|p1a: Dragonite|92/100
|-resisted|p1a: Dragonite
|-damage|p1a: Dragonite|87/100
|-resisted|p1a: Dragonite
|-damage|p1a: Dragonite|81/100
|-resisted|p1a: Dragonite
|-damage|p1a: Dragonite|76/100
|-hitcount|p1a: Dragonite|5
|
|upkeep
|turn|3
|
|t:|1779684741
|switch|p2a: Torkoal|Torkoal, F|100/100
|-damage|p2a: Torkoal|88/100|[from] Spikes
|-weather|SunnyDay|[from] ability: Drought|[of] p2a: Torkoal
|move|p1a: Dragonite|Dragon Dance|p1a: Dragonite
|-boost|p1a: Dragonite|atk|1
|-boost|p1a: Dragonite|spe|1
|
|-weather|SunnyDay|[upkeep]
|upkeep
|turn|4
|
|t:|1779684758
|move|p1a: Dragonite|Earthquake|p2a: Torkoal
|-supereffective|p2a: Torkoal
|-damage|p2a: Torkoal|0 fnt
|faint|p2a: Torkoal
|
|-weather|SunnyDay|[upkeep]
|upkeep
|
|t:|1779684773
|switch|p2a: Exeggutor|Exeggutor-Alola, F|100/100
|-damage|p2a: Exeggutor|88/100|[from] Spikes
|turn|5
|
|t:|1779684780
|-terastallize|p2a: Exeggutor|Poison
|move|p1a: Dragonite|Ice Spinner|p2a: Exeggutor
|-damage|p2a: Exeggutor|50/100
|-enditem|p2a: Exeggutor|Sitrus Berry|[eat]
|-heal|p2a: Exeggutor|75/100|[from] item: Sitrus Berry
|move|p2a: Exeggutor|Dragon Tail|p1a: Dragonite
|-supereffective|p1a: Dragonite
|-damage|p1a: Dragonite|27/100
|drag|p1a: Ogerpon|Ogerpon, F|100/100
|
|-weather|SunnyDay|[upkeep]
|-item|p2a: Exeggutor|Sitrus Berry|[from] ability: Harvest
|upkeep
|turn|6
|
|t:|1779684807
|move|p1a: Ogerpon|Knock Off|p2a: Exeggutor
|-damage|p2a: Exeggutor|37/100
|-enditem|p2a: Exeggutor|Sitrus Berry|[from] move: Knock Off|[of] p1a: Ogerpon
|move|p2a: Exeggutor|Curse|p2a: Exeggutor
|-unboost|p2a: Exeggutor|spe|1
|-boost|p2a: Exeggutor|atk|1
|-boost|p2a: Exeggutor|def|1
|
|-weather|SunnyDay|[upkeep]
|upkeep
|turn|7
|
|t:|1779684818
|switch|p1a: Samurott|Samurott-Hisui, M|23/100
|move|p2a: Exeggutor|Dragon Tail|p1a: Samurott
|-damage|p1a: Samurott|0 fnt
|faint|p1a: Samurott
|
|-weather|SunnyDay|[upkeep]
|upkeep
|
|t:|1779684827
|switch|p1a: Darkrai|Darkrai|100/100
|turn|8
|
|t:|1779684837
|move|p1a: Darkrai|Nasty Plot|p1a: Darkrai
|-boost|p1a: Darkrai|spa|2
|move|p2a: Exeggutor|Dragon Tail|p1a: Darkrai
|-damage|p1a: Darkrai|59/100
|drag|p1a: Ogerpon|Ogerpon, F|100/100
|
|-weather|SunnyDay|[upkeep]
|upkeep
|turn|9
|inactive|noodlepantseli has 120 seconds left.
|
|t:|1779684855
|move|p1a: Ogerpon|Ivy Cudgel|p2a: Exeggutor
|-resisted|p2a: Exeggutor
|-damage|p2a: Exeggutor|17/100
|move|p2a: Exeggutor|Dragon Tail|p1a: Ogerpon
|-damage|p1a: Ogerpon|57/100
|drag|p1a: Iron Treads|Iron Treads|100/100
|-item|p1a: Iron Treads|Air Balloon
|
|-weather|SunnyDay|[upkeep]
|upkeep
|turn|10
|inactive|noodlepantseli has 120 seconds left.
|
|t:|1779684866
|move|p1a: Iron Treads|Earthquake|p2a: Exeggutor
|-supereffective|p2a: Exeggutor
|-damage|p2a: Exeggutor|0 fnt
|faint|p2a: Exeggutor
|
|-weather|none
|upkeep
|
|t:|1779684883
|switch|p2a: Ninetales|Ninetales, M|100/100
|-damage|p2a: Ninetales|88/100|[from] Spikes
|-weather|SunnyDay|[from] ability: Drought|[of] p2a: Ninetales
|turn|11
|inactive|noodlepantseli has 120 seconds left.
|
|t:|1779684901
|-terastallize|p1a: Iron Treads|Ghost
|move|p1a: Iron Treads|Earthquake|p2a: Ninetales
|-supereffective|p2a: Ninetales
|-damage|p2a: Ninetales|0 fnt
|faint|p2a: Ninetales
|
|-weather|SunnyDay|[upkeep]
|upkeep
|
|t:|1779684909
|switch|p2a: Shiftry|Shiftry, M|100/100
|-damage|p2a: Shiftry|88/100|[from] Spikes
|turn|12
|
|t:|1779684922
|move|p2a: Shiftry|Dark Pulse|p1a: Iron Treads
|-supereffective|p1a: Iron Treads
|-damage|p1a: Iron Treads|0 fnt
|-enditem|p1a: Iron Treads|Air Balloon
|faint|p1a: Iron Treads
|-end|p1a: Iron Treads|Quark Drive|[silent]
|-damage|p2a: Shiftry|78/100|[from] item: Life Orb
|
|-weather|SunnyDay|[upkeep]
|upkeep
|inactive|noodlepantseli has 120 seconds left.
|
|t:|1779684948
|switch|p1a: Ogerpon|Ogerpon, F|57/100
|turn|13
|
|t:|1779684958
|move|p2a: Shiftry|Dark Pulse|p1a: Ogerpon
|-damage|p1a: Ogerpon|0 fnt
|faint|p1a: Ogerpon
|-damage|p2a: Shiftry|68/100|[from] item: Life Orb
|
|-weather|SunnyDay|[upkeep]
|upkeep
|
|t:|1779684965
|switch|p1a: Gholdengo|Gholdengo|100/100
|turn|14
|
|t:|1779684970
|move|p2a: Shiftry|Dark Pulse|p1a: Gholdengo
|-supereffective|p1a: Gholdengo
|-damage|p1a: Gholdengo|0 fnt
|faint|p1a: Gholdengo
|-damage|p2a: Shiftry|58/100|[from] item: Life Orb
|
|-weather|SunnyDay|[upkeep]
|upkeep
|
|t:|1779684977
|switch|p1a: Darkrai|Darkrai|59/100
|turn|15
|
|t:|1779684982
|move|p2a: Shiftry|Solar Beam||[still]
|-prepare|p2a: Shiftry|Solar Beam
|-anim|p2a: Shiftry|Solar Beam|p1a: Darkrai
|-damage|p1a: Darkrai|0 fnt
|faint|p1a: Darkrai
|-damage|p2a: Shiftry|48/100|[from] item: Life Orb
|
|-weather|none
|upkeep
|
|t:|1779684988
|switch|p1a: Dragonite|Dragonite, F|27/100
|turn|16
|
|t:|1779684997
|move|p1a: Dragonite|Extreme Speed|p2a: Shiftry
|-damage|p2a: Shiftry|0 fnt
|faint|p2a: Shiftry
|
|upkeep
|
|t:|1779685003
|switch|p2a: Venusaur|Venusaur, M|100/100
|-damage|p2a: Venusaur|88/100|[from] Spikes
|turn|17
|
|t:|1779685009
|move|p1a: Dragonite|Ice Spinner|p2a: Venusaur
|-supereffective|p2a: Venusaur
|-damage|p2a: Venusaur|20/100
|move|p2a: Venusaur|Toxic|p1a: Dragonite
|-status|p1a: Dragonite|tox
|
|-heal|p2a: Venusaur|26/100|[from] item: Leftovers
|-damage|p1a: Dragonite|21/100 tox|[from] psn
|upkeep
|turn|18
|
|t:|1779685021
|move|p1a: Dragonite|Ice Spinner|p2a: Venusaur
|-supereffective|p2a: Venusaur
|-damage|p2a: Venusaur|0 fnt
|faint|p2a: Venusaur
|
|-damage|p1a: Dragonite|8/100 tox|[from] psn
|upkeep
|
|t:|1779685028
|switch|p2a: Breloom|Breloom, M, shiny|45/100
|-damage|p2a: Breloom|32/100|[from] Spikes
|turn|19
|
|t:|1779685032
|move|p1a: Dragonite|Extreme Speed|p2a: Breloom
|-damage|p2a: Breloom|0 fnt
|faint|p2a: Breloom
|
|win|noodlepantseli
|raw|noodlepantseli's rating: 1099 &rarr; <strong>1121</strong><br />(+22 for winning)
|raw|hoenn hunnies's rating: 1051 &rarr; <strong>1036</strong><br />(-15 for losing)
|l|☆hoenn hunnies
|player|p2|
|l|☆noodlepantseli
|player|p1|
