|j|☆t0usei
|j|☆Sun Addict
|t:|1779710553
|gametype|singles
|player|p1|t0usei|ghetsis|1545
|player|p2|Sun Addict|brendan-masters2|1667
|gen|9
|tier|[Gen 9] OU
|rated|
|rule|HP Percentage Mod: HP is shown in percentages
|rule|Endless Battle Clause: Forcing endless battles is banned
|rule|Species Clause: Limit one of each Pokémon
|rule|OHKO Clause: OHKO moves are banned
|rule|Evasion Items Clause: Evasion items are banned
|rule|Evasion Moves Clause: Evasion moves are banned
|rule|Evasion Abilities Clause: Evasion abilities are banned
|rule|Sleep Moves Clause: Sleep-inducing moves are banned
|clearpoke
|poke|p1|Gholdengo|
|poke|p1|Zamazenta-*|
|poke|p1|Tyranitar, M|
|poke|p1|Corviknight, F|
|poke|p1|Garchomp, F|
|poke|p1|Walking Wake|
|poke|p2|Leafeon, F|
|poke|p2|Torkoal, F|
|poke|p2|Walking Wake|
|poke|p2|Great Tusk|
|poke|p2|Raging Bolt|
|poke|p2|Charizard, F|
|teampreview
|inactive|Battle timer is ON: inactive players will automatically lose when time's up. (requested by t0usei)
|inactive|Sun Addict has 120 seconds left.
|j| GracieVGC
|inactive|Sun Addict has 90 seconds left.
|
|t:|1779710635
|teamsize|p1|6
|teamsize|p2|6
|start
|switch|p1a: Garchomp|Garchomp, F|100/100
|switch|p2a: Raging Bolt|Raging Bolt|100/100
|turn|1
|inactive|Sun Addict has 120 seconds left.
|
|t:|1779710667
|-terastallize|p2a: Raging Bolt|Ghost
|move|p1a: Garchomp|Draco Meteor|p2a: Raging Bolt
|-damage|p2a: Raging Bolt|71/100
|-unboost|p1a: Garchomp|spa|2
|-damage|p1a: Garchomp|91/100|[from] item: Life Orb
|move|p2a: Raging Bolt|Dragon Pulse|p1a: Garchomp
|-supereffective|p1a: Garchomp
|-damage|p1a: Garchomp|0 fnt
|faint|p1a: Garchomp
|
|upkeep
|
|t:|1779710672
|switch|p1a: Gholdengo|Gholdengo|100/100
|turn|2
|inactive|Sun Addict has 120 seconds left.
|
|t:|1779710682
|-end|p2a: Raging Bolt|Protosynthesis|[silent]
|switch|p2a: Torkoal|Torkoal, F|100/100
|-weather|SunnyDay|[from] ability: Drought|[of] p2a: Torkoal
|move|p1a: Gholdengo|Make It Rain|p2a: Torkoal
|-resisted|p2a: Torkoal
|-damage|p2a: Torkoal|58/100
|-unboost|p1a: Gholdengo|spa|1
|
|-weather|SunnyDay|[upkeep]
|upkeep
|turn|3
|inactive|Sun Addict has 120 seconds left.
|
|t:|1779710699
|switch|p1a: Tyranitar|Tyranitar, M, shiny|100/100
|-weather|Sandstorm|[from] ability: Sand Stream|[of] p1a: Tyranitar
|move|p2a: Torkoal|Stealth Rock|p1a: Tyranitar
|-sidestart|p1: t0usei|move: Stealth Rock
|
|-weather|Sandstorm|[upkeep]
|-damage|p2a: Torkoal|52/100|[from] Sandstorm
|upkeep
|turn|4
|
|t:|1779710703
|switch|p2a: Great Tusk|Great Tusk|100/100
|move|p1a: Tyranitar|Stone Edge|p2a: Great Tusk
|-resisted|p2a: Great Tusk
|-damage|p2a: Great Tusk|94/100
|-enditem|p2a: Great Tusk|Eject Button
|inactive|Sun Addict has 120 seconds left.
|
|t:|1779710730
|-end|p2a: Great Tusk|Protosynthesis|[silent]
|switch|p2a: Walking Wake|Walking Wake|100/100
|
|-weather|Sandstorm|[upkeep]
|-damage|p2a: Walking Wake|94/100|[from] Sandstorm
|upkeep
|turn|5
|
|t:|1779710748
|move|p2a: Walking Wake|Flip Turn|p1a: Tyranitar
|-supereffective|p1a: Tyranitar
|-crit|p1a: Tyranitar
|-damage|p1a: Tyranitar|64/100
|
|t:|1779710751
|-end|p2a: Walking Wake|Protosynthesis|[silent]
|switch|p2a: Great Tusk|Great Tusk|94/100|[from] Flip Turn
|move|p1a: Tyranitar|Knock Off|p2a: Great Tusk
|-resisted|p2a: Great Tusk
|-damage|p2a: Great Tusk|84/100
|
|-weather|Sandstorm|[upkeep]
|upkeep
|turn|6
|
|t:|1779710763
|-end|p2a: Great Tusk|Protosynthesis|[silent]
|switch|p2a: Walking Wake|Walking Wake|94/100
|switch|p1a: Corviknight|Corviknight, F|100/100
|-damage|p1a: Corviknight|88/100|[from] Stealth Rock
|-ability|p1a: Corviknight|Pressure
|
|-weather|Sandstorm|[upkeep]
|-damage|p2a: Walking Wake|88/100|[from] Sandstorm
|upkeep
|turn|7
|
|t:|1779710772
|switch|p1a: Tyranitar|Tyranitar, M, shiny|64/100
|-damage|p1a: Tyranitar|52/100|[from] Stealth Rock
|move|p2a: Walking Wake|Flamethrower|p1a: Tyranitar
|-resisted|p1a: Tyranitar
|-damage|p1a: Tyranitar|46/100
|
|-weather|none
|upkeep
|turn|8
|
|t:|1779710786
|-end|p2a: Walking Wake|Protosynthesis|[silent]
|switch|p2a: Great Tusk|Great Tusk|84/100
|move|p1a: Tyranitar|Ice Beam|p2a: Great Tusk
|-supereffective|p2a: Great Tusk
|-damage|p2a: Great Tusk|36/100
|
|upkeep
|turn|9
|
|t:|1779710797
|-end|p2a: Great Tusk|Protosynthesis|[silent]
|switch|p2a: Walking Wake|Walking Wake|88/100
|switch|p1a: Corviknight|Corviknight, F|88/100
|-damage|p1a: Corviknight|76/100|[from] Stealth Rock
|-ability|p1a: Corviknight|Pressure
|
|upkeep
|turn|10
|inactive|Sun Addict has 120 seconds left.
|
|t:|1779710805
|switch|p1a: Tyranitar|Tyranitar, M, shiny|46/100
|-damage|p1a: Tyranitar|33/100|[from] Stealth Rock
|-weather|Sandstorm|[from] ability: Sand Stream|[of] p1a: Tyranitar
|move|p2a: Walking Wake|Hydro Steam|p1a: Tyranitar
|-supereffective|p1a: Tyranitar
|-damage|p1a: Tyranitar|1/100
|
|-weather|Sandstorm|[upkeep]
|-damage|p2a: Walking Wake|82/100|[from] Sandstorm
|upkeep
|turn|11
|
|t:|1779710811
|switch|p1a: Walking Wake|Walking Wake|100/100
|-damage|p1a: Walking Wake|88/100|[from] Stealth Rock
|move|p2a: Walking Wake|Hydro Steam|p1a: Walking Wake
|-resisted|p1a: Walking Wake
|-damage|p1a: Walking Wake|68/100
|
|-weather|Sandstorm|[upkeep]
|-damage|p2a: Walking Wake|76/100|[from] Sandstorm
|-damage|p1a: Walking Wake|62/100|[from] Sandstorm
|upkeep
|turn|12
|inactive|Sun Addict has 120 seconds left.
|
|t:|1779710850
|-end|p2a: Walking Wake|Protosynthesis|[silent]
|switch|p2a: Great Tusk|Great Tusk|36/100
|move|p1a: Walking Wake|Surf|p2a: Great Tusk
|-supereffective|p2a: Great Tusk
|-damage|p2a: Great Tusk|0 fnt
|faint|p2a: Great Tusk
|-end|p2a: Great Tusk|Protosynthesis|[silent]
|
|-weather|Sandstorm|[upkeep]
|-damage|p1a: Walking Wake|56/100|[from] Sandstorm
|upkeep
|
|t:|1779710856
|switch|p2a: Raging Bolt|Raging Bolt, tera:Ghost|71/100
|turn|13
|j| eternity o2
|
|t:|1779710872
|move|p1a: Walking Wake|Surf|p2a: Raging Bolt
|-damage|p2a: Raging Bolt|46/100
|move|p2a: Raging Bolt|Volt Switch|p1a: Walking Wake
|-damage|p1a: Walking Wake|3/100
|
|t:|1779710878
|-end|p2a: Raging Bolt|Protosynthesis|[silent]
|switch|p2a: Torkoal|Torkoal, F|52/100|[from] Volt Switch
|-weather|SunnyDay|[from] ability: Drought|[of] p2a: Torkoal
|-activate|p1a: Walking Wake|ability: Protosynthesis
|-start|p1a: Walking Wake|protosynthesisspa
|
|-weather|SunnyDay|[upkeep]
|upkeep
|turn|14
|
|t:|1779710891
|switch|p2a: Raging Bolt|Raging Bolt, tera:Ghost|46/100
|-activate|p2a: Raging Bolt|ability: Protosynthesis
|-start|p2a: Raging Bolt|protosynthesisspa
|move|p1a: Walking Wake|Surf|p2a: Raging Bolt
|-damage|p2a: Raging Bolt|29/100
|
|-weather|SunnyDay|[upkeep]
|upkeep
|turn|15
|
|t:|1779710901
|move|p2a: Raging Bolt|Thunderclap|p1a: Walking Wake
|-damage|p1a: Walking Wake|0 fnt
|faint|p1a: Walking Wake
|-end|p1a: Walking Wake|Protosynthesis|[silent]
|
|-weather|SunnyDay|[upkeep]
|upkeep
|
|t:|1779710912
|switch|p1a: Gholdengo|Gholdengo|100/100
|-damage|p1a: Gholdengo|94/100|[from] Stealth Rock
|turn|16
|inactive|Sun Addict has 120 seconds left.
|
|t:|1779710934
|-end|p2a: Raging Bolt|Protosynthesis|[silent]
|switch|p2a: Leafeon|Leafeon, F|100/100
|move|p1a: Gholdengo|Shadow Ball|p2a: Leafeon
|-damage|p2a: Leafeon|21/100
|-unboost|p2a: Leafeon|spd|1
|
|-weather|SunnyDay|[upkeep]
|upkeep
|turn|17
|
|t:|1779710943
|switch|p1a: Corviknight|Corviknight, F|76/100
|-damage|p1a: Corviknight|64/100|[from] Stealth Rock
|-ability|p1a: Corviknight|Pressure
|move|p2a: Leafeon|Knock Off|p1a: Corviknight
|-damage|p1a: Corviknight|39/100
|-damage|p2a: Leafeon|4/100|[from] item: Rocky Helmet|[of] p1a: Corviknight
|-enditem|p1a: Corviknight|Rocky Helmet|[from] move: Knock Off|[of] p2a: Leafeon
|-damage|p2a: Leafeon|0 fnt|[from] item: Life Orb
|faint|p2a: Leafeon
|
|-weather|SunnyDay|[upkeep]
|upkeep
|
|t:|1779710958
|switch|p2a: Charizard|Charizard, F|100/100
|turn|18
|
|t:|1779710971
|switch|p1a: Tyranitar|Tyranitar, M, shiny|1/100
|-damage|p1a: Tyranitar|0 fnt|[from] Stealth Rock
|faint|p1a: Tyranitar
|move|p2a: Charizard|Weather Ball|p1: Tyranitar|[notarget]
|-fail|p2a: Charizard
|
|-weather|SunnyDay|[upkeep]
|-damage|p2a: Charizard|88/100|[from] ability: Solar Power|[of] p2a: Charizard
|upkeep
|
|t:|1779710973
|switch|p1a: Zamazenta|Zamazenta|100/100
|-damage|p1a: Zamazenta|94/100|[from] Stealth Rock
|-ability|p1a: Zamazenta|Dauntless Shield|boost
|-boost|p1a: Zamazenta|def|1
|turn|19
|inactive|Sun Addict has 120 seconds left.
|
|t:|1779710981
|move|p1a: Zamazenta|Stone Edge|p2a: Charizard
|-supereffective|p2a: Charizard
|-damage|p2a: Charizard|0 fnt
|faint|p2a: Charizard
|-damage|p1a: Zamazenta|84/100|[from] item: Life Orb
|
|-weather|SunnyDay|[upkeep]
|upkeep
|
|t:|1779710984
|switch|p2a: Walking Wake|Walking Wake|76/100
|-activate|p2a: Walking Wake|ability: Protosynthesis
|-start|p2a: Walking Wake|protosynthesisspe
|turn|20
|inactive|t0usei has 120 seconds left.
|
|t:|1779711022
|move|p2a: Walking Wake|Hydro Steam|p1a: Zamazenta
|-damage|p1a: Zamazenta|0 fnt
|faint|p1a: Zamazenta
|
|-weather|none
|-end|p2a: Walking Wake|Protosynthesis
|upkeep
|
|t:|1779711027
|switch|p1a: Gholdengo|Gholdengo|94/100
|-damage|p1a: Gholdengo|88/100|[from] Stealth Rock
|turn|21
|
|t:|1779711032
|-end|p2a: Walking Wake|Protosynthesis|[silent]
|switch|p2a: Torkoal|Torkoal, F|52/100
|-weather|SunnyDay|[from] ability: Drought|[of] p2a: Torkoal
|move|p1a: Gholdengo|Nasty Plot|p1a: Gholdengo
|-boost|p1a: Gholdengo|spa|2
|
|-weather|SunnyDay|[upkeep]
|upkeep
|turn|22
|
|t:|1779711042
|move|p1a: Gholdengo|Shadow Ball|p2a: Torkoal
|-damage|p2a: Torkoal|0 fnt
|faint|p2a: Torkoal
|
|-weather|SunnyDay|[upkeep]
|upkeep
|
|t:|1779711047
|switch|p2a: Walking Wake|Walking Wake|76/100
|-activate|p2a: Walking Wake|ability: Protosynthesis
|-start|p2a: Walking Wake|protosynthesisspe
|turn|23
|
|t:|1779711052
|-terastallize|p1a: Gholdengo|Steel
|move|p2a: Walking Wake|Hydro Steam|p1a: Gholdengo
|-damage|p1a: Gholdengo|0 fnt
|faint|p1a: Gholdengo
|
|-weather|SunnyDay|[upkeep]
|upkeep
|-message|t0usei forfeited.
|
|win|Sun Addict
|raw|t0usei's rating: 1545 &rarr; <strong>1532</strong><br />(-13 for losing)
|raw|Sun Addict's rating: 1667 &rarr; <strong>1680</strong><br />(+13 for winning)
|l|☆t0usei
|player|p1|
