|j|☆owl_with_scarf
|j|☆calamitycow
|t:|1779601075
|gametype|singles
|player|p1|owl_with_scarf|#owlwithscarf|1528
|player|p2|calamitycow|miku-water|1461
|gen|9
|tier|[Gen 9] OU
|rated|
|rule|HP Percentage Mod: HP is shown in percentages
|rule|Endless Battle Clause: Forcing endless battles is banned
|rule|Species Clause: Limit one of each Pokémon
|rule|OHKO Clause: OHKO moves are banned
|rule|Evasion Items Clause: Evasion items are banned
|rule|Evasion Moves Clause: Evasion moves are banned
|rule|Evasion Abilities Clause: Evasion abilities are banned
|rule|Sleep Moves Clause: Sleep-inducing moves are banned
|clearpoke
|poke|p1|Diancie|
|poke|p1|Blaziken, F|
|poke|p1|Oricorio-Pom-Pom, F|
|poke|p1|Cinderace, M|
|poke|p1|Regidrago|
|poke|p1|Ursaluna, M|
|poke|p2|Samurott-Hisui, F|
|poke|p2|Gholdengo|
|poke|p2|Revavroom, F|
|poke|p2|Landorus-Therian, M|
|poke|p2|Latios, M|
|poke|p2|Zamazenta-*|
|teampreview
|inactive|Battle timer is ON: inactive players will automatically lose when time's up. (requested by owl_with_scarf)
|
|t:|1779601086
|teamsize|p1|6
|teamsize|p2|6
|start
|switch|p1a: Regidrago|Regidrago|100/100
|switch|p2a: Landorus|Landorus-Therian, M|100/100
|-ability|p2a: Landorus|Intimidate|boost
|-unboost|p1a: Regidrago|atk|1
|turn|1
|inactive|owl_with_scarf has 120 seconds left.
|
|t:|1779601125
|switch|p2a: Samurott|Samurott-Hisui, F|100/100
|move|p1a: Regidrago|Dragon Energy|p2a: Samurott
|-damage|p2a: Samurott|23/100
|
|upkeep
|turn|2
|
|t:|1779601137
|switch|p2a: Revavroom|Revavroom, F|100/100
|move|p1a: Regidrago|Scale Shot|p2a: Revavroom
|-resisted|p2a: Revavroom
|-damage|p2a: Revavroom|94/100
|-resisted|p2a: Revavroom
|-damage|p2a: Revavroom|87/100
|-resisted|p2a: Revavroom
|-damage|p2a: Revavroom|81/100
|-hitcount|p2a: Revavroom|3
|-unboost|p1a: Regidrago|def|1
|-boost|p1a: Regidrago|spe|1
|
|upkeep
|turn|3
|
|t:|1779601150
|move|p1a: Regidrago|Dragon Energy|p2a: Revavroom
|-resisted|p2a: Revavroom
|-damage|p2a: Revavroom|0 fnt
|faint|p2a: Revavroom
|
|upkeep
|
|t:|1779601175
|switch|p2a: Gholdengo|Gholdengo|100/100
|-item|p2a: Gholdengo|Air Balloon
|turn|4
|
|t:|1779601187
|move|p1a: Regidrago|Dragon Energy|p2a: Gholdengo
|-resisted|p2a: Gholdengo
|-damage|p2a: Gholdengo|45/100
|-enditem|p2a: Gholdengo|Air Balloon
|move|p2a: Gholdengo|Make It Rain|p1a: Regidrago
|-damage|p1a: Regidrago|43/100
|-unboost|p2a: Gholdengo|spa|1
|
|upkeep
|turn|5
|
|t:|1779601192
|move|p1a: Regidrago|Draco Meteor|p2a: Gholdengo
|-resisted|p2a: Gholdengo
|-damage|p2a: Gholdengo|0 fnt
|-unboost|p1a: Regidrago|spa|2
|faint|p2a: Gholdengo
|
|upkeep
|
|t:|1779601200
|switch|p2a: Landorus|Landorus-Therian, M|100/100
|-ability|p2a: Landorus|Intimidate|boost
|-unboost|p1a: Regidrago|atk|1
|turn|6
|
|t:|1779601208
|move|p1a: Regidrago|Draco Meteor|p2a: Landorus
|-damage|p2a: Landorus|48/100
|-unboost|p1a: Regidrago|spa|2
|move|p2a: Landorus|Earthquake|p1a: Regidrago
|-damage|p1a: Regidrago|0 fnt
|faint|p1a: Regidrago
|
|upkeep
|
|t:|1779601216
|switch|p1a: Diancie|Diancie|100/100
|turn|7
|l|☆owl_with_scarf
|inactive|owl_with_scarf disconnected and has a minute to reconnect!
|player|p1|
|inactive|calamitycow has 120 seconds left.
|j|☆owl_with_scarf
|inactive|owl_with_scarf reconnected.
|player|p1|owl_with_scarf|#owlwithscarf|
|
|t:|1779601254
|move|p2a: Landorus|Earthquake|p1a: Diancie
|-supereffective|p1a: Diancie
|-damage|p1a: Diancie|19/100
|move|p1a: Diancie|Trick Room|p1a: Diancie
|-fieldstart|move: Trick Room|[of] p1a: Diancie
|
|upkeep
|turn|8
|inactive|calamitycow has 120 seconds left.
|
|t:|1779601260
|move|p1a: Diancie|Meteor Beam||[still]
|-prepare|p1a: Diancie|Meteor Beam
|-boost|p1a: Diancie|spa|1
|-enditem|p1a: Diancie|Power Herb
|-anim|p1a: Diancie|Meteor Beam|p2a: Landorus
|-damage|p2a: Landorus|0 fnt
|faint|p2a: Landorus
|
|upkeep
|inactive|calamitycow has 120 seconds left.
|
|t:|1779601273
|switch|p2a: Samurott|Samurott-Hisui, F|23/100
|turn|9
|
|t:|1779601276
|move|p2a: Samurott|Sucker Punch|p1a: Diancie
|-resisted|p1a: Diancie
|-damage|p1a: Diancie|7/100
|move|p1a: Diancie|Moonblast|p2a: Samurott
|-supereffective|p2a: Samurott
|-crit|p2a: Samurott
|-damage|p2a: Samurott|0 fnt
|faint|p2a: Samurott
|
|upkeep
|
|t:|1779601279
|switch|p2a: Latios|Latios, M|100/100
|turn|10
|
|t:|1779601290
|-terastallize|p2a: Latios|Steel
|move|p1a: Diancie|Moonblast|p2a: Latios
|-resisted|p2a: Latios
|-damage|p2a: Latios|67/100
|-unboost|p2a: Latios|spa|1
|move|p2a: Latios|Calm Mind|p2a: Latios
|-boost|p2a: Latios|spa|1
|-boost|p2a: Latios|spd|1
|
|upkeep
|turn|11
|
|t:|1779601295
|switch|p1a: Cinderace|Cinderace, M|100/100
|move|p2a: Latios|Recover|p2a: Latios
|-heal|p2a: Latios|100/100
|
|-fieldend|move: Trick Room
|upkeep
|turn|12
|
|t:|1779601300
|switch|p2a: Zamazenta|Zamazenta|100/100
|-ability|p2a: Zamazenta|Dauntless Shield|boost
|-boost|p2a: Zamazenta|def|1
|move|p1a: Cinderace|High Jump Kick|p2a: Zamazenta
|-start|p1a: Cinderace|typechange|Fighting|[from] ability: Libero
|-damage|p2a: Zamazenta|70/100
|
|upkeep
|turn|13
|
|t:|1779601313
|move|p2a: Zamazenta|Iron Defense|p2a: Zamazenta
|-boost|p2a: Zamazenta|def|2
|move|p1a: Cinderace|Gunk Shot|p2a: Zamazenta
|-crit|p2a: Zamazenta
|-damage|p2a: Zamazenta|29/100
|
|upkeep
|turn|14
|
|t:|1779601318
|move|p2a: Zamazenta|Body Press|p1a: Cinderace
|-damage|p1a: Cinderace|0 fnt
|faint|p1a: Cinderace
|
|upkeep
|
|t:|1779601320
|switch|p1a: Oricorio|Oricorio-Pom-Pom, F|100/100
|turn|15
|
|t:|1779601339
|switch|p2a: Latios|Latios, M, tera:Steel|100/100
|move|p1a: Oricorio|Hurricane|p2a: Latios
|-resisted|p2a: Latios
|-damage|p2a: Latios|81/100
|
|upkeep
|turn|16
|
|t:|1779601355
|move|p2a: Latios|Psychic Noise|p1a: Oricorio
|-damage|p1a: Oricorio|36/100
|-start|p1a: Oricorio|move: Heal Block
|move|p1a: Oricorio|Quiver Dance|p1a: Oricorio
|-boost|p1a: Oricorio|spa|1
|-boost|p1a: Oricorio|spd|1
|-boost|p1a: Oricorio|spe|1
|
|upkeep
|turn|17
|
|t:|1779601363
|move|p1a: Oricorio|Revelation Dance|p2a: Latios
|-damage|p2a: Latios|30/100
|move|p2a: Latios|Psychic Noise|p1a: Oricorio
|-damage|p1a: Oricorio|0 fnt
|faint|p1a: Oricorio
|
|upkeep
|
|t:|1779601369
|switch|p1a: Ursaluna|Ursaluna, M|100/100
|turn|18
|
|t:|1779601381
|move|p2a: Latios|Draco Meteor|p1a: Ursaluna
|-damage|p1a: Ursaluna|20/100
|-unboost|p2a: Latios|spa|2
|move|p1a: Ursaluna|Trailblaze|p2a: Latios
|-resisted|p2a: Latios
|-damage|p2a: Latios|18/100
|-boost|p1a: Ursaluna|spe|1
|
|-status|p1a: Ursaluna|brn|[from] item: Flame Orb
|upkeep
|turn|19
|
|t:|1779601388
|move|p2a: Latios|Psychic Noise|p1a: Ursaluna
|-damage|p1a: Ursaluna|0 fnt
|faint|p1a: Ursaluna
|
|upkeep
|
|t:|1779601391
|switch|p1a: Blaziken|Blaziken, F|100/100
|turn|20
|
|t:|1779601394
|-terastallize|p1a: Blaziken|Flying
|move|p2a: Latios|Recover|p2a: Latios
|-heal|p2a: Latios|68/100
|move|p1a: Blaziken|Swords Dance|p1a: Blaziken
|-boost|p1a: Blaziken|atk|2
|
|-ability|p1a: Blaziken|Speed Boost|boost
|-boost|p1a: Blaziken|spe|1
|upkeep
|turn|21
|
|t:|1779601399
|move|p1a: Blaziken|Close Combat|p2a: Latios
|-supereffective|p2a: Latios
|-damage|p2a: Latios|0 fnt
|-unboost|p1a: Blaziken|def|1
|-unboost|p1a: Blaziken|spd|1
|faint|p2a: Latios
|
|-ability|p1a: Blaziken|Speed Boost|boost
|-boost|p1a: Blaziken|spe|1
|upkeep
|
|t:|1779601401
|switch|p2a: Zamazenta|Zamazenta|29/100
|turn|22
|-message|calamitycow forfeited.
|
|win|owl_with_scarf
|raw|owl_with_scarf's rating: 1528 &rarr; <strong>1544</strong><br />(+16 for winning)
|raw|calamitycow's rating: 1461 &rarr; <strong>1445</strong><br />(-16 for losing)
|l|☆calamitycow
|player|p2|
|l|☆owl_with_scarf
|player|p1|
