|j|☆itstheboyjay
|j|☆johtoboi_9
|t:|1779600456
|gametype|singles
|player|p1|itstheboyjay|palmer|1156
|player|p2|johtoboi_9|bugcatcher-gen4dp|1204
|gen|9
|tier|[Gen 9] OU
|rated|
|rule|HP Percentage Mod: HP is shown in percentages
|rule|Endless Battle Clause: Forcing endless battles is banned
|rule|Species Clause: Limit one of each Pokémon
|rule|OHKO Clause: OHKO moves are banned
|rule|Evasion Items Clause: Evasion items are banned
|rule|Evasion Moves Clause: Evasion moves are banned
|rule|Evasion Abilities Clause: Evasion abilities are banned
|rule|Sleep Moves Clause: Sleep-inducing moves are banned
|clearpoke
|poke|p1|Jolteon, M|
|poke|p1|Rhydon, F|
|poke|p1|Blastoise, F|
|poke|p1|Gengar, M|
|poke|p1|Arcanine, F|
|poke|p1|Exeggutor, M|
|poke|p2|Vileplume, F|
|poke|p2|Gyarados, F|
|poke|p2|Gengar, M|
|poke|p2|Dragonite, F|
|poke|p2|Blastoise, M|
|poke|p2|Clefable, F|
|teampreview
|c|☆johtoboi_9|helllllllll yesh
|c|☆itstheboyjay|Oh sick
|c|☆itstheboyjay|genwunner
|
|t:|1779600480
|teamsize|p1|6
|teamsize|p2|6
|start
|switch|p1a: Arcanine|Arcanine, F, shiny|100/100
|switch|p2a: カメックス|Blastoise, M|100/100
|-ability|p1a: Arcanine|Intimidate|boost
|-unboost|p2a: カメックス|atk|1
|-enditem|p2a: カメックス|White Herb
|-clearnegativeboost|p2a: カメックス|[silent]
|turn|1
|c|☆johtoboi_9|a man after my own heart
|
|t:|1779600505
|switch|p1a: Exeggutor|Exeggutor, M, shiny|100/100
|move|p2a: カメックス|Shell Smash|p2a: カメックス
|-unboost|p2a: カメックス|def|1
|-unboost|p2a: カメックス|spd|1
|-boost|p2a: カメックス|atk|2
|-boost|p2a: カメックス|spa|2
|-boost|p2a: カメックス|spe|2
|
|upkeep
|turn|2
|
|t:|1779600539
|move|p2a: カメックス|Ice Beam|p1a: Exeggutor
|-supereffective|p1a: Exeggutor
|-damage|p1a: Exeggutor|6/100
|-enditem|p1a: Exeggutor|Sitrus Berry|[eat]
|-heal|p1a: Exeggutor|30/100|[from] item: Sitrus Berry
|move|p1a: Exeggutor|Giga Drain|p2a: カメックス
|-supereffective|p2a: カメックス
|-damage|p2a: カメックス|0 fnt
|-heal|p1a: Exeggutor|76/100|[from] drain|[of] p2a: カメックス
|faint|p2a: カメックス
|
|upkeep
|c|☆johtoboi_9|damb
|
|t:|1779600554
|switch|p2a: ゲンガー|Gengar, M|100/100
|turn|3
|
|t:|1779600563
|-terastallize|p1a: Exeggutor|Grass
|move|p2a: ゲンガー|Sludge Wave|p1a: Exeggutor
|-supereffective|p1a: Exeggutor
|-damage|p1a: Exeggutor|0 fnt
|faint|p1a: Exeggutor
|
|upkeep
|c|☆johtoboi_9|;)
|
|t:|1779600580
|switch|p1a: Gengar|Gengar, M, shiny|100/100
|turn|4
|c|☆johtoboi_9|brother...
|
|t:|1779600601
|move|p2a: ゲンガー|Sludge Wave|p1a: Gengar
|-resisted|p1a: Gengar
|-damage|p1a: Gengar|79/100
|-start|p2a: ゲンガー|Disable|Sludge Wave|[from] ability: Cursed Body|[of] p1a: Gengar
|move|p1a: Gengar|Trick|p2a: ゲンガー
|-activate|p1a: Gengar|move: Trick|[of] p2a: ゲンガー
|-item|p2a: ゲンガー|Choice Specs|[from] move: Trick
|-item|p1a: Gengar|Choice Scarf|[from] move: Trick
|
|upkeep
|turn|5
|c|☆johtoboi_9|lol
|
|t:|1779600619
|switch|p2a: ラフレシア|Vileplume, F|100/100
|move|p1a: Gengar|Shadow Ball|p2a: ラフレシア
|-damage|p2a: ラフレシア|61/100
|-unboost|p2a: ラフレシア|spd|1
|
|upkeep
|turn|6
|
|t:|1779600639
|switch|p2a: ピクシー|Clefable, F, shiny|100/100
|move|p1a: Gengar|Shadow Ball|p2a: ピクシー
|-damage|p2a: ピクシー|62/100
|-unboost|p2a: ピクシー|spd|1
|-enditem|p2a: ピクシー|Red Card|[of] p1a: Gengar
|drag|p1a: Arcanine|Arcanine, F, shiny|100/100
|-ability|p1a: Arcanine|Intimidate|boost
|-unboost|p2a: ピクシー|atk|1
|
|upkeep
|turn|7
|
|t:|1779600651
|move|p1a: Arcanine|Fire Spin|p2a: ピクシー|[miss]
|-miss|p1a: Arcanine|p2a: ピクシー
|move|p2a: ピクシー|Moonlight|p2a: ピクシー
|-heal|p2a: ピクシー|100/100
|
|upkeep
|turn|8
|
|t:|1779600663
|move|p1a: Arcanine|Fire Spin|p2a: ピクシー
|-damage|p2a: ピクシー|87/100
|-activate|p2a: ピクシー|move: Fire Spin|[of] p1a: Arcanine
|move|p2a: ピクシー|Cosmic Power|p2a: ピクシー
|-boost|p2a: ピクシー|def|1
|-boost|p2a: ピクシー|spd|1
|
|-damage|p2a: ピクシー|74/100|[from] move: Fire Spin|[partiallytrapped]
|upkeep
|turn|9
|
|t:|1779600673
|move|p1a: Arcanine|Will-O-Wisp|p2a: ピクシー
|-status|p2a: ピクシー|brn
|move|p2a: ピクシー|Moonlight|p2a: ピクシー
|-heal|p2a: ピクシー|100/100 brn
|
|-damage|p2a: ピクシー|94/100 brn|[from] brn
|-damage|p2a: ピクシー|82/100 brn|[from] move: Fire Spin|[partiallytrapped]
|upkeep
|turn|10
|
|t:|1779600684
|move|p1a: Arcanine|Fire Spin|p2a: ピクシー|[miss]
|-miss|p1a: Arcanine|p2a: ピクシー
|move|p2a: ピクシー|Cosmic Power|p2a: ピクシー
|-boost|p2a: ピクシー|def|1
|-boost|p2a: ピクシー|spd|1
|
|-damage|p2a: ピクシー|76/100 brn|[from] brn
|-damage|p2a: ピクシー|63/100 brn|[from] move: Fire Spin|[partiallytrapped]
|upkeep
|turn|11
|
|t:|1779600696
|move|p1a: Arcanine|Extreme Speed|p2a: ピクシー
|-damage|p2a: ピクシー|56/100 brn
|move|p2a: ピクシー|Moonlight|p2a: ピクシー
|-heal|p2a: ピクシー|100/100 brn
|
|-damage|p2a: ピクシー|94/100 brn|[from] brn
|-damage|p2a: ピクシー|82/100 brn|[from] move: Fire Spin|[partiallytrapped]
|upkeep
|turn|12
|
|t:|1779600708
|switch|p1a: Gengar|Gengar, M, shiny|79/100
|move|p2a: ピクシー|Cosmic Power|p2a: ピクシー
|-boost|p2a: ピクシー|def|1
|-boost|p2a: ピクシー|spd|1
|
|-damage|p2a: ピクシー|76/100 brn|[from] brn
|-end|p2a: ピクシー|Fire Spin|[partiallytrapped]|[silent]
|upkeep
|turn|13
|
|t:|1779600717
|-terastallize|p2a: ピクシー|Steel
|move|p1a: Gengar|Trick|p2a: ピクシー
|-activate|p1a: Gengar|move: Trick|[of] p2a: ピクシー
|-item|p2a: ピクシー|Choice Scarf|[from] move: Trick
|-enditem|p1a: Gengar|Choice Scarf|[silent]|[from] move: Trick
|move|p2a: ピクシー|Stored Power|p1a: Gengar
|-supereffective|p1a: Gengar
|-damage|p1a: Gengar|0 fnt
|faint|p1a: Gengar
|
|-damage|p2a: ピクシー|70/100 brn|[from] brn
|upkeep
|c|☆itstheboyjay|Damn I'm just ass
|c|☆itstheboyjay|Gg
|-message|itstheboyjay forfeited.
|
|win|johtoboi_9
|raw|itstheboyjay's rating: 1156 &rarr; <strong>1134</strong><br />(-22 for losing)
|raw|johtoboi_9's rating: 1204 &rarr; <strong>1226</strong><br />(+22 for winning)
|l|☆itstheboyjay
|player|p1|
|c|☆johtoboi_9|gg
|c|☆johtoboi_9|sick tewam
|l|☆johtoboi_9
|player|p2|
