|j|☆fenixkarde
|j|☆cozyprincemshroom
|t:|1779584288
|gametype|singles
|player|p1|fenixkarde|2|1112
|player|p2|cozyprincemshroom|waiter|1143
|gen|9
|tier|[Gen 9] OU
|rated|
|rule|HP Percentage Mod: HP is shown in percentages
|rule|Endless Battle Clause: Forcing endless battles is banned
|rule|Species Clause: Limit one of each Pokémon
|rule|OHKO Clause: OHKO moves are banned
|rule|Evasion Items Clause: Evasion items are banned
|rule|Evasion Moves Clause: Evasion moves are banned
|rule|Evasion Abilities Clause: Evasion abilities are banned
|rule|Sleep Moves Clause: Sleep-inducing moves are banned
|clearpoke
|poke|p1|Pikachu-Sinnoh, M|
|poke|p1|Charizard, M|
|poke|p1|Sceptile, F|
|poke|p1|Infernape, M|
|poke|p1|Krookodile, M|
|poke|p1|Greninja-*, M|
|poke|p2|Inteleon, M|
|poke|p2|Meganium, F|
|poke|p2|Munkidori, M|
|poke|p2|Lycanroc-Dusk, F|
|poke|p2|Donphan, F|
|poke|p2|Salazzle, F|
|teampreview
|inactive|Battle timer is ON: inactive players will automatically lose when time's up. (requested by cozyprincemshroom)
|inactive|cozyprincemshroom has 120 seconds left.
|
|t:|1779584329
|teamsize|p1|6
|teamsize|p2|6
|start
|switch|p1a: Infernape|Infernape, M, shiny|100/100
|switch|p2a: Munkidori|Munkidori, M|100/100
|-item|p1a: Infernape|Air Balloon
|turn|1
|
|t:|1779584342
|move|p1a: Infernape|Fake Out|p2a: Munkidori
|-damage|p2a: Munkidori|83/100
|cant|p2a: Munkidori|flinch
|
|upkeep
|turn|2
|
|t:|1779584358
|switch|p1a: Krookodile|Krookodile, M, shiny|100/100
|-ability|p1a: Krookodile|Intimidate|boost
|-unboost|p2a: Munkidori|atk|1
|move|p2a: Munkidori|Trick|p1a: Krookodile
|-activate|p2a: Munkidori|move: Trick|[of] p1a: Krookodile
|-item|p1a: Krookodile|Choice Scarf|[from] move: Trick
|-item|p2a: Munkidori|Black Glasses|[from] move: Trick
|
|upkeep
|turn|3
|
|t:|1779584369
|switch|p2a: Meganium|Meganium, F|100/100
|move|p1a: Krookodile|Earthquake|p2a: Meganium
|-resisted|p2a: Meganium
|-damage|p2a: Meganium|76/100
|
|-heal|p2a: Meganium|82/100|[from] item: Leftovers
|upkeep
|turn|4
|
|t:|1779584379
|switch|p1a: Charizard|Charizard, M, shiny|100/100
|switch|p2a: Munkidori|Munkidori, M|83/100
|
|upkeep
|turn|5
|
|t:|1779584395
|move|p2a: Munkidori|Sludge Wave|p1a: Charizard
|-damage|p1a: Charizard|44/100
|move|p1a: Charizard|Fire Blast|p2a: Munkidori
|-damage|p2a: Munkidori|6/100
|-damage|p1a: Charizard|34/100|[from] item: Life Orb
|
|upkeep
|turn|6
|
|t:|1779584403
|move|p2a: Munkidori|Sludge Wave|p1a: Charizard
|-damage|p1a: Charizard|0 fnt
|faint|p1a: Charizard
|
|upkeep
|
|t:|1779584411
|switch|p1a: Infernape|Infernape, M, shiny|100/100
|-item|p1a: Infernape|Air Balloon
|turn|7
|
|t:|1779584417
|switch|p2a: Inteleon|Inteleon, M|100/100
|move|p1a: Infernape|Fake Out|p2a: Inteleon
|-damage|p2a: Inteleon|78/100
|
|upkeep
|turn|8
|
|t:|1779584426
|switch|p2a: Munkidori|Munkidori, M|6/100
|switch|p1a: Sceptile|Sceptile, F, shiny|100/100
|
|upkeep
|turn|9
|
|t:|1779584434
|switch|p1a: Krookodile|Krookodile, M, shiny|100/100
|-ability|p1a: Krookodile|Intimidate|boost
|-unboost|p2a: Munkidori|atk|1
|move|p2a: Munkidori|Sludge Wave|p1a: Krookodile
|-resisted|p1a: Krookodile
|-damage|p1a: Krookodile|72/100
|
|upkeep
|turn|10
|
|t:|1779584442
|move|p1a: Krookodile|Crunch|p2a: Munkidori
|-supereffective|p2a: Munkidori
|-damage|p2a: Munkidori|0 fnt
|faint|p2a: Munkidori
|
|upkeep
|
|t:|1779584447
|switch|p2a: Inteleon|Inteleon, M|78/100
|turn|11
|
|t:|1779584451
|move|p2a: Inteleon|Ice Beam|p1a: Krookodile
|-supereffective|p1a: Krookodile
|-damage|p1a: Krookodile|0 fnt
|faint|p1a: Krookodile
|
|upkeep
|
|t:|1779584453
|switch|p1a: Sceptile|Sceptile, F, shiny|100/100
|turn|12
|
|t:|1779584459
|move|p2a: Inteleon|Ice Beam|p1a: Sceptile
|-supereffective|p1a: Sceptile
|-damage|p1a: Sceptile|22/100
|move|p1a: Sceptile|Leaf Storm|p2a: Inteleon
|-supereffective|p2a: Inteleon
|-damage|p2a: Inteleon|0 fnt
|-unboost|p1a: Sceptile|spa|2
|faint|p2a: Inteleon
|-enditem|p1a: Sceptile|White Herb
|-clearnegativeboost|p1a: Sceptile|[silent]
|
|upkeep
|
|t:|1779584470
|switch|p2a: Donphan|Donphan, F|100/100
|turn|13
|
|t:|1779584474
|move|p2a: Donphan|Ice Shard|p1a: Sceptile
|-supereffective|p1a: Sceptile
|-damage|p1a: Sceptile|0 fnt
|faint|p1a: Sceptile
|
|upkeep
|inactive|fenixkarde has 120 seconds left.
|
|t:|1779584505
|switch|p1a: Greninja|Greninja, M|100/100
|turn|14
|
|t:|1779584508
|move|p1a: Greninja|Hydro Pump|p2a: Donphan
|-supereffective|p2a: Donphan
|-crit|p2a: Donphan
|-ability|p2a: Donphan|Sturdy
|-damage|p2a: Donphan|1/100
|-damage|p1a: Greninja|91/100|[from] item: Life Orb
|move|p2a: Donphan|Earthquake|p1a: Greninja
|-crit|p1a: Greninja
|-damage|p1a: Greninja|0 fnt
|faint|p1a: Greninja
|
|upkeep
|
|t:|1779584524
|switch|p1a: Pikachu|Pikachu-Sinnoh, M|100/100
|turn|15
|
|t:|1779584528
|move|p2a: Donphan|Ice Shard|p1a: Pikachu
|-damage|p1a: Pikachu|54/100
|move|p1a: Pikachu|Knock Off|p2a: Donphan
|-damage|p2a: Donphan|0 fnt
|-enditem|p2a: Donphan|Heavy-Duty Boots|[from] move: Knock Off|[of] p1a: Pikachu
|faint|p2a: Donphan
|
|upkeep
|
|t:|1779584536
|switch|p2a: Lycanroc|Lycanroc-Dusk, F|100/100
|turn|16
|
|t:|1779584540
|move|p2a: Lycanroc|Accelerock|p1a: Pikachu
|-damage|p1a: Pikachu|0 fnt
|faint|p1a: Pikachu
|
|upkeep
|
|t:|1779584542
|switch|p1a: Infernape|Infernape, M, shiny|100/100
|-item|p1a: Infernape|Air Balloon
|turn|17
|
|t:|1779584547
|move|p1a: Infernape|Fake Out|p2a: Lycanroc
|-resisted|p2a: Lycanroc
|-damage|p2a: Lycanroc|92/100
|cant|p2a: Lycanroc|flinch
|
|upkeep
|turn|18
|
|t:|1779584554
|-terastallize|p2a: Lycanroc|Flying
|move|p2a: Lycanroc|Accelerock|p1a: Infernape
|-damage|p1a: Infernape|60/100
|-enditem|p1a: Infernape|Air Balloon
|move|p1a: Infernape|Close Combat|p2a: Lycanroc
|-resisted|p2a: Lycanroc
|-damage|p2a: Lycanroc|46/100
|-unboost|p1a: Infernape|def|1
|-unboost|p1a: Infernape|spd|1
|
|upkeep
|turn|19
|
|t:|1779584565
|-terastallize|p1a: Infernape|Rock
|move|p2a: Lycanroc|Drill Run|p1a: Infernape
|-supereffective|p1a: Infernape
|-crit|p1a: Infernape
|-damage|p1a: Infernape|0 fnt
|faint|p1a: Infernape
|
|win|cozyprincemshroom
|raw|fenixkarde's rating: 1112 &rarr; <strong>1089</strong><br />(-23 for losing)
|raw|cozyprincemshroom's rating: 1143 &rarr; <strong>1166</strong><br />(+23 for winning)
|l|☆fenixkarde
|player|p1|
|l|☆cozyprincemshroom
|player|p2|
