|inactive|Battle timer is ON: inactive players will automatically lose when time's up.
|t:|1779571821
|gametype|singles
|player|p1|sand castle|swimmer|
|player|p2|Sagazinha|#ptplvidazzlingdiancies|
|gen|9
|tier|[Gen 9] OU
|rule|HP Percentage Mod: HP is shown in percentages
|rule|Endless Battle Clause: Forcing endless battles is banned
|rule|Species Clause: Limit one of each Pokémon
|rule|OHKO Clause: OHKO moves are banned
|rule|Evasion Items Clause: Evasion items are banned
|rule|Evasion Moves Clause: Evasion moves are banned
|rule|Evasion Abilities Clause: Evasion abilities are banned
|rule|Sleep Moves Clause: Sleep-inducing moves are banned
|clearpoke
|poke|p1|Hatterene, F|
|poke|p1|Great Tusk|
|poke|p1|Tornadus-Therian, M|
|poke|p1|Kyurem|
|poke|p1|Slowking-Galar, M|
|poke|p1|Kingambit, F|
|poke|p2|Zamazenta-*|
|poke|p2|Great Tusk|
|poke|p2|Kingambit, M|
|poke|p2|Slowking-Galar, M|
|poke|p2|Kyurem|
|poke|p2|Zapdos|
|teampreview
|c|☆sand castle|hf
|c|☆Sagazinha|u2
|inactive|Sagazinha has 270 seconds left.
|
|t:|1779571873
|teamsize|p1|6
|teamsize|p2|6
|start
|switch|p1a: Slowking|Slowking-Galar, M|100/100
|switch|p2a: Slowking|Slowking-Galar, M|100/100
|turn|1
|
|t:|1779571878
|move|p1a: Slowking|Future Sight|p2a: Slowking
|-start|p1a: Slowking|move: Future Sight
|move|p2a: Slowking|Future Sight|p1a: Slowking
|-start|p2a: Slowking|move: Future Sight
|
|upkeep
|turn|2
|
|t:|1779571883
|-prepare|p2a: Slowking|Chilly Reception|[premajor]
|move|p2a: Slowking|Chilly Reception|p2a: Slowking
|-weather|Snowscape
|
|t:|1779571888
|switch|p2a: Kingambit|Kingambit, M|100/100|[from] Chilly Reception
|-prepare|p1a: Slowking|Chilly Reception|[premajor]
|move|p1a: Slowking|Chilly Reception|p1a: Slowking
|
|t:|1779571899
|switch|p1a: Kingambit|Kingambit, F|100/100|[from] Chilly Reception
|
|-weather|Snowscape|[upkeep]
|upkeep
|turn|3
|
|t:|1779571917
|move|p2a: Kingambit|Swords Dance|p2a: Kingambit
|-boost|p2a: Kingambit|atk|2
|move|p1a: Kingambit|Kowtow Cleave|p2a: Kingambit
|-resisted|p2a: Kingambit
|-damage|p2a: Kingambit|82/100
|
|-weather|Snowscape|[upkeep]
|-end|p2a: Kingambit|move: Future Sight
|-immune|p2a: Kingambit
|-end|p1a: Kingambit|move: Future Sight
|-immune|p1a: Kingambit
|-heal|p2a: Kingambit|88/100|[from] item: Leftovers
|upkeep
|turn|4
|
|t:|1779571924
|-end|p1a: Kingambit|fallenundefined|[silent]
|switch|p1a: Great Tusk|Great Tusk|100/100
|move|p2a: Kingambit|Iron Head|p1a: Great Tusk
|-damage|p1a: Great Tusk|36/100
|-damage|p2a: Kingambit|72/100|[from] item: Rocky Helmet|[of] p1a: Great Tusk
|
|-weather|Snowscape|[upkeep]
|-heal|p2a: Kingambit|78/100|[from] item: Leftovers
|upkeep
|turn|5
|c|+ASKOV|aqui que ta rolando canelada?
|inactive|Sagazinha has 270 seconds left.
|
|t:|1779571966
|-end|p2a: Kingambit|fallenundefined|[silent]
|switch|p2a: Kyurem|Kyurem|100/100
|-ability|p2a: Kyurem|Pressure
|move|p1a: Great Tusk|Stealth Rock|p2a: Kyurem
|-sidestart|p2: Sagazinha|move: Stealth Rock
|
|-weather|Snowscape|[upkeep]
|upkeep
|turn|6
|
|t:|1779571975
|-end|p1a: Great Tusk|Protosynthesis|[silent]
|switch|p1a: Slowking|Slowking-Galar, M|100/100
|move|p2a: Kyurem|Substitute|p2a: Kyurem
|-start|p2a: Kyurem|Substitute
|-damage|p2a: Kyurem|75/100
|
|-weather|none
|-heal|p2a: Kyurem|82/100|[from] item: Leftovers
|upkeep
|turn|7
|
|t:|1779571983
|move|p2a: Kyurem|Earth Power|p1a: Slowking
|-supereffective|p1a: Slowking
|-damage|p1a: Slowking|50/100
|move|p1a: Slowking|Future Sight|p2a: Kyurem
|-start|p1a: Slowking|move: Future Sight
|
|-heal|p2a: Kyurem|88/100|[from] item: Leftovers
|-heal|p1a: Slowking|56/100|[from] item: Black Sludge
|upkeep
|turn|8
|
|t:|1779571995
|switch|p1a: Tornadus|Tornadus-Therian, M|100/100
|move|p2a: Kyurem|Earth Power|p1a: Tornadus
|-immune|p1a: Tornadus
|
|-heal|p2a: Kyurem|94/100|[from] item: Leftovers
|upkeep
|turn|9
|
|t:|1779571998
|move|p2a: Kyurem|Protect|p2a: Kyurem
|-singleturn|p2a: Kyurem|Protect
|move|p1a: Tornadus|U-turn|p2a: Kyurem
|-activate|p2a: Kyurem|move: Protect
|
|-end|p2a: Kyurem|move: Future Sight
|-end|p2a: Kyurem|Substitute
|-heal|p2a: Kyurem|99/100|[from] item: Leftovers
|upkeep
|turn|10
|
|t:|1779572011
|switch|p2a: Zapdos|Zapdos|100/100
|move|p1a: Tornadus|Knock Off|p2a: Zapdos
|-crit|p2a: Zapdos
|-damage|p2a: Zapdos|77/100
|-status|p1a: Tornadus|par|[from] ability: Static|[of] p2a: Zapdos
|-enditem|p2a: Zapdos|Heavy-Duty Boots|[from] move: Knock Off|[of] p1a: Tornadus
|
|upkeep
|turn|11
|
|t:|1779572016
|switch|p1a: Slowking|Slowking-Galar, M|90/100
|move|p2a: Zapdos|U-turn|p1a: Slowking
|-damage|p1a: Slowking|79/100
|
|t:|1779572019
|switch|p2a: Kingambit|Kingambit, M|78/100|[from] U-turn
|-damage|p2a: Kingambit|72/100|[from] Stealth Rock
|
|-heal|p2a: Kingambit|78/100|[from] item: Leftovers
|-heal|p1a: Slowking|85/100|[from] item: Black Sludge
|upkeep
|turn|12
|
|t:|1779572031
|switch|p1a: Kingambit|Kingambit, F|100/100
|move|p2a: Kingambit|Kowtow Cleave|p1a: Kingambit
|-resisted|p1a: Kingambit
|-damage|p1a: Kingambit|81/100
|
|-heal|p2a: Kingambit|84/100|[from] item: Leftovers
|-heal|p1a: Kingambit|87/100|[from] item: Leftovers
|upkeep
|turn|13
|
|t:|1779572035
|-end|p2a: Kingambit|fallenundefined|[silent]
|switch|p2a: Great Tusk|Great Tusk|100/100
|move|p1a: Kingambit|Swords Dance|p1a: Kingambit
|-boost|p1a: Kingambit|atk|2
|
|-heal|p1a: Kingambit|94/100|[from] item: Leftovers
|upkeep
|turn|14
|
|t:|1779572060
|-terastallize|p1a: Kingambit|Ghost
|move|p2a: Great Tusk|Rapid Spin|p1a: Kingambit
|-immune|p1a: Kingambit
|move|p1a: Kingambit|Iron Head|p2a: Great Tusk
|-damage|p2a: Great Tusk|37/100
|
|-heal|p1a: Kingambit|99/100|[from] item: Leftovers
|upkeep
|turn|15
|
|t:|1779572069
|move|p2a: Great Tusk|Knock Off|p1a: Kingambit
|-supereffective|p1a: Kingambit
|-damage|p1a: Kingambit|54/100
|-enditem|p1a: Kingambit|Leftovers|[from] move: Knock Off|[of] p2a: Great Tusk
|move|p1a: Kingambit|Iron Head|p2a: Great Tusk
|-damage|p2a: Great Tusk|0 fnt
|faint|p2a: Great Tusk
|-end|p2a: Great Tusk|Protosynthesis|[silent]
|
|upkeep
|
|t:|1779572080
|switch|p2a: Zamazenta|Zamazenta|100/100
|-damage|p2a: Zamazenta|94/100|[from] Stealth Rock
|-ability|p2a: Zamazenta|Dauntless Shield|boost
|-boost|p2a: Zamazenta|def|1
|turn|16
|
|t:|1779572094
|-end|p1a: Kingambit|fallenundefined|[silent]
|switch|p1a: Hatterene|Hatterene, F|100/100
|move|p2a: Zamazenta|Crunch|p1a: Hatterene
|-damage|p1a: Hatterene|73/100
|-damage|p2a: Zamazenta|78/100|[from] item: Rocky Helmet|[of] p1a: Hatterene
|-damage|p2a: Zamazenta|68/100|[from] item: Life Orb
|
|upkeep
|turn|17
|
|t:|1779572104
|switch|p1a: Great Tusk|Great Tusk|36/100
|move|p2a: Zamazenta|Heavy Slam|p1a: Great Tusk
|-crit|p1a: Great Tusk
|-damage|p1a: Great Tusk|15/100
|-damage|p2a: Zamazenta|51/100|[from] item: Rocky Helmet|[of] p1a: Great Tusk
|-damage|p2a: Zamazenta|41/100|[from] item: Life Orb
|
|upkeep
|turn|18
|
|t:|1779572123
|-end|p1a: Great Tusk|Protosynthesis|[silent]
|switch|p1a: Hatterene|Hatterene, F|73/100
|move|p2a: Zamazenta|Close Combat|p1a: Hatterene
|-resisted|p1a: Hatterene
|-damage|p1a: Hatterene|58/100
|-unboost|p2a: Zamazenta|def|1
|-unboost|p2a: Zamazenta|spd|1
|-damage|p2a: Zamazenta|25/100|[from] item: Rocky Helmet|[of] p1a: Hatterene
|-damage|p2a: Zamazenta|15/100|[from] item: Life Orb
|
|upkeep
|turn|19
|
|t:|1779572128
|switch|p1a: Great Tusk|Great Tusk|15/100
|move|p2a: Zamazenta|Heavy Slam|p1a: Great Tusk
|-damage|p1a: Great Tusk|2/100
|-damage|p2a: Zamazenta|0 fnt|[from] item: Rocky Helmet|[of] p1a: Great Tusk
|faint|p2a: Zamazenta
|
|upkeep
|
|t:|1779572131
|switch|p2a: Kyurem|Kyurem|99/100
|-damage|p2a: Kyurem|75/100|[from] Stealth Rock
|-ability|p2a: Kyurem|Pressure
|turn|20
|
|t:|1779572144
|-end|p1a: Great Tusk|Protosynthesis|[silent]
|switch|p1a: Slowking|Slowking-Galar, M|100/100
|move|p2a: Kyurem|Freeze-Dry|p1a: Slowking
|-damage|p1a: Slowking|73/100
|
|-heal|p2a: Kyurem|81/100|[from] item: Leftovers
|-heal|p1a: Slowking|79/100|[from] item: Black Sludge
|upkeep
|turn|21
|
|t:|1779572150
|move|p2a: Kyurem|Earth Power|p1a: Slowking
|-supereffective|p1a: Slowking
|-damage|p1a: Slowking|33/100
|-prepare|p1a: Slowking|Chilly Reception|[premajor]
|move|p1a: Slowking|Chilly Reception|p1a: Slowking
|-weather|Snowscape
|
|t:|1779572152
|switch|p1a: Kyurem|Kyurem|100/100|[from] Chilly Reception
|-ability|p1a: Kyurem|Pressure
|
|-weather|Snowscape|[upkeep]
|-heal|p2a: Kyurem|88/100|[from] item: Leftovers
|upkeep
|turn|22
|
|t:|1779572162
|move|p2a: Kyurem|Protect|p2a: Kyurem
|-singleturn|p2a: Kyurem|Protect
|move|p1a: Kyurem|Blizzard|p2a: Kyurem
|-activate|p2a: Kyurem|move: Protect
|
|-weather|Snowscape|[upkeep]
|-heal|p2a: Kyurem|94/100|[from] item: Leftovers
|upkeep
|turn|23
|
|t:|1779572178
|move|p1a: Kyurem|Blizzard|p2a: Kyurem
|-damage|p2a: Kyurem|10/100
|move|p2a: Kyurem|Freeze-Dry|p1a: Kyurem
|-damage|p1a: Kyurem|66/100
|
|-weather|Snowscape|[upkeep]
|-heal|p2a: Kyurem|16/100|[from] item: Leftovers
|upkeep
|turn|24
|
|t:|1779572185
|switch|p1a: Slowking|Slowking-Galar, M|67/100
|move|p2a: Kyurem|Protect||[still]
|-fail|p2a: Kyurem
|
|-weather|Snowscape|[upkeep]
|-heal|p2a: Kyurem|22/100|[from] item: Leftovers
|-heal|p1a: Slowking|73/100|[from] item: Black Sludge
|upkeep
|turn|25
|
|t:|1779572197
|move|p2a: Kyurem|Earth Power|p1a: Slowking
|-supereffective|p1a: Slowking
|-damage|p1a: Slowking|27/100
|-prepare|p1a: Slowking|Chilly Reception|[premajor]
|move|p1a: Slowking|Chilly Reception|p1a: Slowking
|
|t:|1779572202
|switch|p1a: Kyurem|Kyurem|66/100|[from] Chilly Reception
|-ability|p1a: Kyurem|Pressure
|
|-weather|none
|-heal|p2a: Kyurem|28/100|[from] item: Leftovers
|upkeep
|turn|26
|
|t:|1779572215
|move|p2a: Kyurem|Protect|p2a: Kyurem
|-singleturn|p2a: Kyurem|Protect
|move|p1a: Kyurem|Ice Beam|p2a: Kyurem
|-activate|p2a: Kyurem|move: Protect
|
|-heal|p2a: Kyurem|34/100|[from] item: Leftovers
|upkeep
|turn|27
|
|t:|1779572222
|switch|p2a: Slowking|Slowking-Galar, M|100/100
|move|p1a: Kyurem|Ice Beam|p2a: Slowking
|-damage|p2a: Slowking|58/100
|-status|p2a: Slowking|frz
|
|upkeep
|turn|28
|
|t:|1779572227
|move|p1a: Kyurem|Ice Beam|p2a: Slowking
|-damage|p2a: Slowking|16/100 frz
|-prepare|p2a: Slowking|Chilly Reception|[premajor]
|cant|p2a: Slowking|frz
|
|upkeep
|turn|29
|c|☆Sagazinha|ta no prime
|c|+ASKOV|roba y roba
|c|☆sand castle|tu eh br
|c|☆sand castle|kkk
|c|☆sand castle|eu ja perdi a partida
|c|☆sand castle|'-'
|inactive|sand castle has 270 seconds left.
|
|t:|1779572258
|switch|p1a: Slowking|Slowking-Galar, M|60/100
|-prepare|p2a: Slowking|Chilly Reception|[premajor]
|cant|p2a: Slowking|frz
|
|-heal|p1a: Slowking|66/100|[from] item: Black Sludge
|upkeep
|turn|30
|
|t:|1779572272
|move|p1a: Slowking|Sludge Bomb|p2a: Slowking
|-resisted|p2a: Slowking
|-crit|p2a: Slowking
|-damage|p2a: Slowking|2/100 frz
|-prepare|p2a: Slowking|Chilly Reception|[premajor]
|cant|p2a: Slowking|frz
|
|-heal|p1a: Slowking|73/100|[from] item: Black Sludge
|upkeep
|turn|31
|
|t:|1779572278
|move|p1a: Slowking|Sludge Bomb|p2a: Slowking
|-resisted|p2a: Slowking
|-damage|p2a: Slowking|0 fnt
|faint|p2a: Slowking
|
|-heal|p1a: Slowking|79/100|[from] item: Black Sludge
|upkeep
|
|t:|1779572279
|switch|p2a: Kingambit|Kingambit, M|84/100
|-damage|p2a: Kingambit|78/100|[from] Stealth Rock
|-activate|p2a: Kingambit|ability: Supreme Overlord
|-start|p2a: Kingambit|fallen3|[silent]
|turn|32
|
|t:|1779572283
|move|p2a: Kingambit|Kowtow Cleave|p1a: Slowking
|-supereffective|p1a: Slowking
|-damage|p1a: Slowking|0 fnt
|faint|p1a: Slowking
|
|-heal|p2a: Kingambit|84/100|[from] item: Leftovers
|upkeep
|
|t:|1779572286
|switch|p1a: Kyurem|Kyurem|66/100
|-ability|p1a: Kyurem|Pressure
|turn|33
|
|t:|1779572301
|-end|p2a: Kingambit|fallen3|[silent]
|switch|p2a: Zapdos|Zapdos|77/100
|-damage|p2a: Zapdos|52/100|[from] Stealth Rock
|move|p1a: Kyurem|Earth Power|p2a: Zapdos
|-immune|p2a: Zapdos
|
|upkeep
|turn|34
|
|t:|1779572316
|switch|p1a: Hatterene|Hatterene, F|58/100
|move|p2a: Zapdos|Hurricane|p1a: Hatterene
|-damage|p1a: Hatterene|8/100
|
|upkeep
|turn|35
|
|t:|1779572334
|move|p2a: Zapdos|Discharge|p1a: Hatterene
|-damage|p1a: Hatterene|0 fnt
|faint|p1a: Hatterene
|
|upkeep
|
|t:|1779572336
|switch|p1a: Kyurem|Kyurem|66/100
|-ability|p1a: Kyurem|Pressure
|turn|36
|c|+ASKOV|pai braz
|
|t:|1779572364
|switch|p2a: Kyurem|Kyurem|34/100
|-damage|p2a: Kyurem|9/100|[from] Stealth Rock
|-ability|p2a: Kyurem|Pressure
|move|p1a: Kyurem|Ice Beam|p2a: Kyurem
|-damage|p2a: Kyurem|0 fnt
|faint|p2a: Kyurem
|
|upkeep
|
|t:|1779572367
|switch|p2a: Kingambit|Kingambit, M|84/100
|-damage|p2a: Kingambit|78/100|[from] Stealth Rock
|-activate|p2a: Kingambit|ability: Supreme Overlord
|-start|p2a: Kingambit|fallen4|[silent]
|turn|37
|
|t:|1779572370
|move|p1a: Kyurem|Ice Beam|p2a: Kingambit
|-resisted|p2a: Kingambit
|-damage|p2a: Kingambit|40/100
|move|p2a: Kingambit|Swords Dance|p2a: Kingambit
|-boost|p2a: Kingambit|atk|2
|
|-heal|p2a: Kingambit|46/100|[from] item: Leftovers
|upkeep
|turn|38
|
|t:|1779572385
|switch|p1a: Tornadus|Tornadus-Therian, M|100/100 par
|move|p2a: Kingambit|Sucker Punch||[still]
|-fail|p2a: Kingambit
|
|-heal|p2a: Kingambit|52/100|[from] item: Leftovers
|upkeep
|turn|39
|
|t:|1779572389
|move|p2a: Kingambit|Sucker Punch|p1a: Tornadus
|-damage|p1a: Tornadus|0 fnt
|faint|p1a: Tornadus
|
|-heal|p2a: Kingambit|58/100|[from] item: Leftovers
|upkeep
|
|t:|1779572391
|switch|p1a: Great Tusk|Great Tusk|2/100
|turn|40
|
|t:|1779572393
|move|p2a: Kingambit|Sucker Punch||[still]
|-fail|p2a: Kingambit
|move|p1a: Great Tusk|Stealth Rock||[still]
|-fail|p1a: Great Tusk
|
|-heal|p2a: Kingambit|64/100|[from] item: Leftovers
|upkeep
|turn|41
|
|t:|1779572400
|move|p2a: Kingambit|Sucker Punch|p1a: Great Tusk
|-resisted|p1a: Great Tusk
|-damage|p1a: Great Tusk|0 fnt
|-damage|p2a: Kingambit|48/100|[from] item: Rocky Helmet|[of] p1a: Great Tusk
|faint|p1a: Great Tusk
|-end|p1a: Great Tusk|Protosynthesis|[silent]
|
|-heal|p2a: Kingambit|54/100|[from] item: Leftovers
|upkeep
|
|t:|1779572402
|switch|p1a: Kingambit|Kingambit, F, tera:Ghost|54/100
|-activate|p1a: Kingambit|ability: Supreme Overlord
|-start|p1a: Kingambit|fallen4|[silent]
|turn|42
|
|t:|1779572408
|move|p1a: Kingambit|Sucker Punch|p2a: Kingambit
|-resisted|p2a: Kingambit
|-damage|p2a: Kingambit|31/100
|move|p2a: Kingambit|Kowtow Cleave|p1a: Kingambit
|-supereffective|p1a: Kingambit
|-damage|p1a: Kingambit|0 fnt
|faint|p1a: Kingambit
|-end|p1a: Kingambit|fallen4|[silent]
|
|-heal|p2a: Kingambit|37/100|[from] item: Leftovers
|upkeep
|
|t:|1779572410
|switch|p1a: Kyurem|Kyurem|66/100
|-ability|p1a: Kyurem|Pressure
|turn|43
|
|t:|1779572413
|move|p2a: Kingambit|Sucker Punch|p1a: Kyurem
|-damage|p1a: Kyurem|0 fnt
|faint|p1a: Kyurem
|
|win|Sagazinha
|c|☆sand castle|gg
|player|p2|
|player|p1|
