|j|☆blah0blah1blah2
|j|☆a19a19
|t:|1779641776
|gametype|singles
|player|p1|blah0blah1blah2|102|1441
|player|p2|a19a19|red|1399
|gen|9
|tier|[Gen 9] OU
|rated|
|rule|HP Percentage Mod: HP is shown in percentages
|rule|Endless Battle Clause: Forcing endless battles is banned
|rule|Species Clause: Limit one of each Pokémon
|rule|OHKO Clause: OHKO moves are banned
|rule|Evasion Items Clause: Evasion items are banned
|rule|Evasion Moves Clause: Evasion moves are banned
|rule|Evasion Abilities Clause: Evasion abilities are banned
|rule|Sleep Moves Clause: Sleep-inducing moves are banned
|clearpoke
|poke|p1|Landorus-Therian, M|
|poke|p1|Flapple, M|
|poke|p1|Gholdengo|
|poke|p1|Great Tusk|
|poke|p1|Deoxys-Speed|
|poke|p1|Tyranitar, F|
|poke|p2|Kyurem|
|poke|p2|Great Tusk|
|poke|p2|Entei|
|poke|p2|Ting-Lu|
|poke|p2|Tornadus-Therian, M|
|poke|p2|Dragapult, F|
|teampreview
|inactive|Battle timer is ON: inactive players will automatically lose when time's up. (requested by blah0blah1blah2)
|
|t:|1779641802
|teamsize|p1|6
|teamsize|p2|6
|start
|switch|p1a: Tyranitar|Tyranitar, F|100/100
|switch|p2a: Tornadus|Tornadus-Therian, M|100/100
|-weather|Sandstorm|[from] ability: Sand Stream|[of] p1a: Tyranitar
|turn|1
|
|t:|1779641814
|move|p2a: Tornadus|U-turn|p1a: Tyranitar
|-supereffective|p1a: Tyranitar
|-damage|p1a: Tyranitar|78/100
|-damage|p2a: Tornadus|84/100|[from] item: Rocky Helmet|[of] p1a: Tyranitar
|
|t:|1779641822
|switch|p2a: Great Tusk|Great Tusk|100/100|[from] U-turn
|-enditem|p2a: Great Tusk|Booster Energy
|-activate|p2a: Great Tusk|ability: Protosynthesis|[fromitem]
|-start|p2a: Great Tusk|protosynthesisatk
|move|p1a: Tyranitar|Knock Off|p2a: Great Tusk
|-resisted|p2a: Great Tusk
|-damage|p2a: Great Tusk|90/100
|
|-weather|Sandstorm|[upkeep]
|upkeep
|turn|2
|
|t:|1779641847
|move|p2a: Great Tusk|Knock Off|p1a: Tyranitar
|-resisted|p1a: Tyranitar
|-damage|p1a: Tyranitar|58/100
|-damage|p2a: Great Tusk|73/100|[from] item: Rocky Helmet|[of] p1a: Tyranitar
|-enditem|p1a: Tyranitar|Rocky Helmet|[from] move: Knock Off|[of] p2a: Great Tusk
|move|p1a: Tyranitar|Roar|p2a: Great Tusk
|-end|p2a: Great Tusk|Protosynthesis|[silent]
|drag|p2a: Tornadus|Tornadus-Therian, M|100/100
|
|-weather|Sandstorm|[upkeep]
|-damage|p2a: Tornadus|94/100|[from] Sandstorm
|upkeep
|turn|3
|
|t:|1779641859
|move|p2a: Tornadus|U-turn|p1a: Tyranitar
|-supereffective|p1a: Tyranitar
|-damage|p1a: Tyranitar|37/100
|
|t:|1779641862
|switch|p2a: Great Tusk|Great Tusk|73/100|[from] U-turn
|move|p1a: Tyranitar|Stealth Rock|p2a: Great Tusk
|-sidestart|p2: a19a19|move: Stealth Rock
|
|-weather|Sandstorm|[upkeep]
|upkeep
|turn|4
|
|t:|1779641870
|switch|p1a: Gholdengo|Gholdengo|100/100
|move|p2a: Great Tusk|Ice Spinner|p1a: Gholdengo
|-resisted|p1a: Gholdengo
|-damage|p1a: Gholdengo|84/100
|
|-weather|Sandstorm|[upkeep]
|upkeep
|turn|5
|
|t:|1779641880
|-end|p2a: Great Tusk|Protosynthesis|[silent]
|switch|p2a: Tornadus|Tornadus-Therian, M|100/100
|-terastallize|p1a: Gholdengo|Flying
|move|p1a: Gholdengo|Shadow Ball|p2a: Tornadus
|-damage|p2a: Tornadus|53/100
|
|-weather|none
|upkeep
|turn|6
|
|t:|1779641891
|switch|p1a: Tyranitar|Tyranitar, F|37/100
|-weather|Sandstorm|[from] ability: Sand Stream|[of] p1a: Tyranitar
|move|p2a: Tornadus|Knock Off|p1a: Tyranitar
|-resisted|p1a: Tyranitar
|-damage|p1a: Tyranitar|31/100
|
|-weather|Sandstorm|[upkeep]
|-damage|p2a: Tornadus|47/100|[from] Sandstorm
|upkeep
|turn|7
|
|t:|1779641902
|move|p2a: Tornadus|U-turn|p1a: Tyranitar
|-supereffective|p1a: Tyranitar
|-damage|p1a: Tyranitar|8/100
|
|t:|1779641905
|switch|p2a: Great Tusk|Great Tusk|73/100|[from] U-turn
|-damage|p2a: Great Tusk|70/100|[from] Stealth Rock
|move|p1a: Tyranitar|Roar|p2a: Great Tusk
|-end|p2a: Great Tusk|Protosynthesis|[silent]
|drag|p2a: Up Bowl On Em|Ting-Lu|100/100
|-damage|p2a: Up Bowl On Em|94/100|[from] Stealth Rock
|-ability|p2a: Up Bowl On Em|Vessel of Ruin
|
|-weather|Sandstorm|[upkeep]
|-heal|p2a: Up Bowl On Em|100/100|[from] item: Leftovers
|upkeep
|turn|8
|
|t:|1779641920
|switch|p2a: Great Tusk|Great Tusk|70/100
|-damage|p2a: Great Tusk|67/100|[from] Stealth Rock
|move|p1a: Tyranitar|Knock Off|p2a: Great Tusk
|-resisted|p2a: Great Tusk
|-damage|p2a: Great Tusk|58/100
|
|-weather|Sandstorm|[upkeep]
|upkeep
|turn|9
|
|t:|1779641929
|move|p2a: Great Tusk|Rapid Spin|p1a: Tyranitar
|-resisted|p1a: Tyranitar
|-damage|p1a: Tyranitar|1/100
|-boost|p2a: Great Tusk|spe|1
|-sideend|p2: a19a19|Stealth Rock|[from] move: Rapid Spin|[of] p2a: Great Tusk
|move|p1a: Tyranitar|Roar|p2a: Great Tusk
|-end|p2a: Great Tusk|Protosynthesis|[silent]
|drag|p2a: Up Bowl On Em|Ting-Lu|100/100
|-ability|p2a: Up Bowl On Em|Vessel of Ruin
|
|-weather|Sandstorm|[upkeep]
|upkeep
|turn|10
|
|t:|1779641941
|switch|p2a: Great Tusk|Great Tusk|58/100
|move|p1a: Tyranitar|Stealth Rock|p2a: Great Tusk
|-sidestart|p2: a19a19|move: Stealth Rock
|
|-weather|none
|upkeep
|turn|11
|
|t:|1779641967
|move|p2a: Great Tusk|Rapid Spin|p1a: Tyranitar
|-resisted|p1a: Tyranitar
|-damage|p1a: Tyranitar|0 fnt
|-boost|p2a: Great Tusk|spe|1
|-sideend|p2: a19a19|Stealth Rock|[from] move: Rapid Spin|[of] p2a: Great Tusk
|faint|p1a: Tyranitar
|
|upkeep
|
|t:|1779641969
|switch|p1a: Deoxys|Deoxys-Speed|100/100
|-ability|p1a: Deoxys|Pressure
|turn|12
|
|t:|1779641978
|-terastallize|p2a: Great Tusk|Dark
|move|p1a: Deoxys|Gravity|p1a: Deoxys
|-fieldstart|move: Gravity
|move|p2a: Great Tusk|Knock Off|p1a: Deoxys
|-supereffective|p1a: Deoxys
|-enditem|p1a: Deoxys|Focus Sash
|-damage|p1a: Deoxys|1/100
|
|upkeep
|turn|13
|
|t:|1779641986
|move|p1a: Deoxys|Focus Blast|p2a: Great Tusk
|-supereffective|p2a: Great Tusk
|-damage|p2a: Great Tusk|0 fnt
|faint|p2a: Great Tusk
|-end|p2a: Great Tusk|Protosynthesis|[silent]
|
|upkeep
|
|t:|1779641993
|switch|p2a: Tornadus|Tornadus-Therian, M|80/100
|turn|14
|
|t:|1779641997
|move|p1a: Deoxys|Zap Cannon|p2a: Tornadus
|-supereffective|p2a: Tornadus
|-damage|p2a: Tornadus|22/100
|-status|p2a: Tornadus|par
|move|p2a: Tornadus|U-turn|p1a: Deoxys
|-supereffective|p1a: Deoxys
|-damage|p1a: Deoxys|0 fnt
|faint|p1a: Deoxys
|
|t:|1779642012
|switch|p2a: Dragapult|Dragapult, F|100/100|[from] U-turn
|
|upkeep
|
|t:|1779642041
|switch|p1a: Great Tusk|Great Tusk|100/100
|turn|15
|
|t:|1779642057
|switch|p2a: Tornadus|Tornadus-Therian, M|55/100 par
|move|p1a: Great Tusk|Ice Spinner|p2a: Tornadus
|-supereffective|p2a: Tornadus
|-damage|p2a: Tornadus|0 fnt
|faint|p2a: Tornadus
|
|upkeep
|
|t:|1779642073
|switch|p2a: Up Bowl On Em|Ting-Lu|100/100
|-ability|p2a: Up Bowl On Em|Vessel of Ruin
|turn|16
|
|t:|1779642084
|-end|p1a: Great Tusk|Protosynthesis|[silent]
|switch|p1a: Landorus|Landorus-Therian, M|100/100
|-ability|p1a: Landorus|Intimidate|boost
|-unboost|p2a: Up Bowl On Em|atk|1
|move|p2a: Up Bowl On Em|Ruination|p1a: Landorus
|-damage|p1a: Landorus|50/100
|
|-fieldend|move: Gravity
|upkeep
|turn|17
|
|t:|1779642094
|move|p1a: Landorus|Taunt|p2a: Up Bowl On Em
|-start|p2a: Up Bowl On Em|move: Taunt
|cant|p2a: Up Bowl On Em|move: Taunt|Stealth Rock
|
|upkeep
|turn|18
|
|t:|1779642102
|switch|p2a: Kyurem|Kyurem|100/100
|-ability|p2a: Kyurem|Pressure
|move|p1a: Landorus|Gravity|p1a: Landorus
|-fieldstart|move: Gravity
|
|upkeep
|turn|19
|
|t:|1779642109
|move|p2a: Kyurem|Freeze-Dry|p1a: Landorus
|-supereffective|p1a: Landorus
|-damage|p1a: Landorus|0 fnt
|faint|p1a: Landorus
|
|upkeep
|
|t:|1779642121
|switch|p1a: Great Tusk|Great Tusk|100/100
|turn|20
|
|t:|1779642126
|switch|p2a: Up Bowl On Em|Ting-Lu|100/100
|-ability|p2a: Up Bowl On Em|Vessel of Ruin
|move|p1a: Great Tusk|Head Smash|p2a: Up Bowl On Em
|-resisted|p2a: Up Bowl On Em
|-damage|p2a: Up Bowl On Em|85/100
|-damage|p1a: Great Tusk|90/100|[from] Recoil
|
|-heal|p2a: Up Bowl On Em|92/100|[from] item: Leftovers
|upkeep
|turn|21
|
|t:|1779642137
|-end|p1a: Great Tusk|Protosynthesis|[silent]
|switch|p1a: Flapple|Flapple, M|100/100
|move|p2a: Up Bowl On Em|Ruination|p1a: Flapple
|-damage|p1a: Flapple|50/100
|
|-heal|p2a: Up Bowl On Em|98/100|[from] item: Leftovers
|upkeep
|turn|22
|
|t:|1779642146
|move|p1a: Flapple|Grav Apple|p2a: Up Bowl On Em
|-supereffective|p2a: Up Bowl On Em
|-damage|p2a: Up Bowl On Em|0 fnt
|faint|p2a: Up Bowl On Em
|-damage|p1a: Flapple|41/100|[from] item: Life Orb
|
|-fieldend|move: Gravity
|upkeep
|
|t:|1779642155
|switch|p2a: Kyurem|Kyurem|100/100
|-ability|p2a: Kyurem|Pressure
|turn|23
|
|t:|1779642159
|move|p1a: Flapple|Sucker Punch|p2a: Kyurem|[miss]
|-miss|p1a: Flapple|p2a: Kyurem
|move|p2a: Kyurem|Freeze-Dry|p1a: Flapple
|-supereffective|p1a: Flapple
|-damage|p1a: Flapple|0 fnt
|faint|p1a: Flapple
|
|upkeep
|
|t:|1779642169
|switch|p1a: Great Tusk|Great Tusk|90/100
|turn|24
|
|t:|1779642181
|move|p1a: Great Tusk|Head Smash|p2a: Kyurem
|-supereffective|p2a: Kyurem
|-damage|p2a: Kyurem|0 fnt
|faint|p2a: Kyurem
|-damage|p1a: Great Tusk|37/100|[from] Recoil
|
|upkeep
|inactive|a19a19 has 120 seconds left.
|
|t:|1779642208
|switch|p2a: Entei|Entei|100/100
|turn|25
|
|t:|1779642215
|move|p1a: Great Tusk|Head Smash|p2a: Entei
|-supereffective|p2a: Entei
|-damage|p2a: Entei|0 fnt
|faint|p2a: Entei
|-damage|p1a: Great Tusk|0 fnt|[from] Recoil
|faint|p1a: Great Tusk
|-end|p1a: Great Tusk|Protosynthesis|[silent]
|
|upkeep
|
|t:|1779642223
|switch|p1a: Gholdengo|Gholdengo, tera:Flying|84/100
|switch|p2a: Dragapult|Dragapult, F|100/100
|turn|26
|
|t:|1779642229
|move|p2a: Dragapult|Draco Meteor|p1a: Gholdengo
|-damage|p1a: Gholdengo|0 fnt
|-unboost|p2a: Dragapult|spa|2
|faint|p1a: Gholdengo
|
|win|a19a19
|raw|blah0blah1blah2's rating: 1441 &rarr; <strong>1419</strong><br />(-22 for losing)
|raw|a19a19's rating: 1399 &rarr; <strong>1421</strong><br />(+22 for winning)
|l|☆a19a19
|player|p2|
|l|☆blah0blah1blah2
|player|p1|
