|j|☆the stroms
|j|☆ggdtzera
|t:|1779612651
|gametype|singles
|player|p1|the stroms|acetrainer-gen4dp|1201
|player|p2|ggdtzera|101|1204
|gen|9
|tier|[Gen 9] OU
|rated|
|rule|HP Percentage Mod: HP is shown in percentages
|rule|Endless Battle Clause: Forcing endless battles is banned
|rule|Species Clause: Limit one of each Pokémon
|rule|OHKO Clause: OHKO moves are banned
|rule|Evasion Items Clause: Evasion items are banned
|rule|Evasion Moves Clause: Evasion moves are banned
|rule|Evasion Abilities Clause: Evasion abilities are banned
|rule|Sleep Moves Clause: Sleep-inducing moves are banned
|clearpoke
|poke|p1|Deoxys-Speed|
|poke|p1|Ogerpon, F|
|poke|p1|Ceruledge, F|
|poke|p1|Samurott-Hisui, M|
|poke|p1|Blaziken, F|
|poke|p1|Gholdengo|
|poke|p2|Breloom, M|
|poke|p2|Hatterene, F|
|poke|p2|Talonflame, M|
|poke|p2|Clodsire, M|
|poke|p2|Gliscor, M|
|poke|p2|Ogerpon-Wellspring, F|
|teampreview
|inactive|Battle timer is ON: inactive players will automatically lose when time's up. (requested by ggdtzera)
|l|☆the stroms
|inactive|the stroms disconnected and has a minute to reconnect!
|player|p1|
|j|☆the stroms
|inactive|the stroms reconnected and has 130 seconds left.
|player|p1|the stroms|acetrainer-gen4dp|
|
|t:|1779612677
|teamsize|p1|6
|teamsize|p2|6
|start
|switch|p1a: Deoxys|Deoxys-Speed|100/100
|switch|p2a: Gliscor|Gliscor, M|100/100
|-ability|p1a: Deoxys|Pressure
|turn|1
|inactive|ggdtzera has 120 seconds left.
|inactive|ggdtzera has 90 seconds left.
|
|t:|1779612767
|move|p2a: Gliscor|Protect|p2a: Gliscor
|-singleturn|p2a: Gliscor|Protect
|move|p1a: Deoxys|Taunt|p2a: Gliscor
|-activate|p2a: Gliscor|move: Protect
|
|-status|p2a: Gliscor|tox|[from] item: Toxic Orb
|upkeep
|turn|2
|inactive|the stroms has 120 seconds left.
|
|t:|1779612809
|move|p1a: Deoxys|Taunt|p2a: Gliscor
|-start|p2a: Gliscor|move: Taunt
|move|p2a: Gliscor|Earthquake|p1a: Deoxys
|-damage|p1a: Deoxys|45/100
|
|upkeep
|turn|3
|
|t:|1779612814
|move|p1a: Deoxys|Stealth Rock|p2a: Gliscor
|-sidestart|p2: ggdtzera|move: Stealth Rock
|move|p2a: Gliscor|Earthquake|p1a: Deoxys
|-damage|p1a: Deoxys|0 fnt
|faint|p1a: Deoxys
|
|upkeep
|inactive|the stroms has 120 seconds left.
|
|t:|1779612820
|switch|p1a: Ogerpon|Ogerpon, F|100/100
|turn|4
|
|t:|1779612826
|move|p1a: Ogerpon|Swords Dance|p1a: Ogerpon
|-boost|p1a: Ogerpon|atk|2
|move|p2a: Gliscor|Poison Jab|p1a: Ogerpon
|-supereffective|p1a: Ogerpon
|-damage|p1a: Ogerpon|35/100
|-status|p1a: Ogerpon|psn
|
|-damage|p1a: Ogerpon|23/100 psn|[from] psn
|-end|p2a: Gliscor|move: Taunt
|upkeep
|turn|5
|inactive|ggdtzera has 90 seconds left.
|
|t:|1779612836
|move|p2a: Gliscor|Protect|p2a: Gliscor
|-singleturn|p2a: Gliscor|Protect
|move|p1a: Ogerpon|Power Whip|p2a: Gliscor
|-activate|p2a: Gliscor|move: Protect
|
|-damage|p1a: Ogerpon|11/100 psn|[from] psn
|upkeep
|turn|6
|inactive|ggdtzera has 90 seconds left.
|
|t:|1779612843
|switch|p2a: Breloom|Breloom, M|100/100
|-damage|p2a: Breloom|94/100|[from] Stealth Rock
|move|p1a: Ogerpon|Power Whip|p2a: Breloom
|-resisted|p2a: Breloom
|-damage|p2a: Breloom|34/100
|
|-damage|p1a: Ogerpon|0 fnt|[from] psn
|faint|p1a: Ogerpon
|-status|p2a: Breloom|tox|[from] item: Toxic Orb
|upkeep
|
|t:|1779612855
|switch|p1a: Ceruledge|Ceruledge, F|100/100
|turn|7
|
|t:|1779612864
|switch|p2a: Clodsire|Clodsire, M|100/100
|-damage|p2a: Clodsire|94/100|[from] Stealth Rock
|move|p1a: Ceruledge|Swords Dance|p1a: Ceruledge
|-boost|p1a: Ceruledge|atk|2
|
|-heal|p2a: Clodsire|100/100|[from] item: Black Sludge
|upkeep
|turn|8
|
|t:|1779612867
|move|p1a: Ceruledge|Poltergeist|p2a: Clodsire|[miss]
|-miss|p1a: Ceruledge|p2a: Clodsire
|move|p2a: Clodsire|Toxic|p1a: Ceruledge
|-status|p1a: Ceruledge|tox
|
|-damage|p1a: Ceruledge|94/100 tox|[from] psn
|upkeep
|turn|9
|
|t:|1779612873
|move|p1a: Ceruledge|Poltergeist|p2a: Clodsire
|-activate|p2a: Clodsire|move: Poltergeist|Black Sludge
|-damage|p2a: Clodsire|41/100
|move|p2a: Clodsire|Haze|p2a: Clodsire
|-clearallboost
|
|-heal|p2a: Clodsire|48/100|[from] item: Black Sludge
|-damage|p1a: Ceruledge|82/100 tox|[from] psn
|upkeep
|turn|10
|inactive|ggdtzera has 120 seconds left.
|
|t:|1779612878
|move|p1a: Ceruledge|Poltergeist|p2a: Clodsire
|-activate|p2a: Clodsire|move: Poltergeist|Black Sludge
|-damage|p2a: Clodsire|0 fnt
|faint|p2a: Clodsire
|
|-damage|p1a: Ceruledge|63/100 tox|[from] psn
|upkeep
|inactive|ggdtzera has 120 seconds left.
|
|t:|1779612893
|switch|p2a: Talonflame|Talonflame, M|100/100
|turn|11
|
|t:|1779612896
|move|p1a: Ceruledge|Shadow Sneak|p2a: Talonflame
|-damage|p2a: Talonflame|75/100
|move|p2a: Talonflame|Defog|p1a: Ceruledge
|-unboost|p1a: Ceruledge|evasion|1
|-sideend|p2: ggdtzera|Stealth Rock|[from] move: Defog|[of] p2a: Talonflame
|
|-damage|p1a: Ceruledge|39/100 tox|[from] psn
|upkeep
|turn|12
|
|t:|1779612900
|move|p2a: Talonflame|Flamethrower|p1a: Ceruledge
|-resisted|p1a: Ceruledge
|-damage|p1a: Ceruledge|24/100 tox
|move|p1a: Ceruledge|Poltergeist|p2a: Talonflame
|-activate|p2a: Talonflame|move: Poltergeist|Heavy-Duty Boots
|-damage|p2a: Talonflame|1/100
|
|-damage|p1a: Ceruledge|0 fnt|[from] psn
|faint|p1a: Ceruledge
|upkeep
|
|t:|1779612908
|switch|p1a: Samurott|Samurott-Hisui, M|100/100
|turn|13
|
|t:|1779612914
|move|p1a: Samurott|Ceaseless Edge|p2a: Talonflame
|-damage|p2a: Talonflame|0 fnt
|-sidestart|p2: ggdtzera|Spikes
|faint|p2a: Talonflame
|
|upkeep
|
|t:|1779612928
|switch|p2a: Ogerpon|Ogerpon-Wellspring, F|100/100
|-damage|p2a: Ogerpon|88/100|[from] Spikes
|turn|14
|
|t:|1779612933
|move|p1a: Samurott|Ceaseless Edge|p2a: Ogerpon
|-damage|p2a: Ogerpon|28/100
|-sidestart|p2: ggdtzera|Spikes
|move|p2a: Ogerpon|Horn Leech|p1a: Samurott
|-supereffective|p1a: Samurott
|-damage|p1a: Samurott|0 fnt
|-heal|p2a: Ogerpon|82/100|[from] drain|[of] p1a: Samurott
|faint|p1a: Samurott
|
|upkeep
|
|t:|1779612940
|switch|p1a: Gholdengo|Gholdengo|100/100
|turn|15
|
|t:|1779612944
|move|p1a: Gholdengo|Shadow Ball|p2a: Ogerpon
|-damage|p2a: Ogerpon|33/100
|-unboost|p2a: Ogerpon|spd|1
|move|p2a: Ogerpon|Knock Off|p1a: Gholdengo
|-supereffective|p1a: Gholdengo
|-damage|p1a: Gholdengo|19/100
|-enditem|p1a: Gholdengo|Choice Scarf|[from] move: Knock Off|[of] p2a: Ogerpon
|
|upkeep
|turn|16
|
|t:|1779612953
|switch|p2a: Breloom|Breloom, M|34/100 tox
|-damage|p2a: Breloom|17/100 tox|[from] Spikes
|move|p1a: Gholdengo|Shadow Ball|p2a: Breloom
|-damage|p2a: Breloom|0 fnt
|faint|p2a: Breloom
|
|upkeep
|
|t:|1779612960
|switch|p2a: Gliscor|Gliscor, M|100/100 tox
|turn|17
|
|t:|1779612964
|move|p1a: Gholdengo|Make It Rain|p2a: Gliscor
|-damage|p2a: Gliscor|19/100 tox
|-unboost|p1a: Gholdengo|spa|1
|move|p2a: Gliscor|Earthquake|p1a: Gholdengo
|-supereffective|p1a: Gholdengo
|-damage|p1a: Gholdengo|0 fnt
|faint|p1a: Gholdengo
|
|-heal|p2a: Gliscor|31/100 tox|[from] ability: Poison Heal
|upkeep
|
|t:|1779612971
|switch|p1a: Blaziken|Blaziken, F|100/100
|turn|18
|
|t:|1779612974
|move|p2a: Gliscor|Protect|p2a: Gliscor
|-singleturn|p2a: Gliscor|Protect
|move|p1a: Blaziken|Swords Dance|p1a: Blaziken
|-boost|p1a: Blaziken|atk|2
|
|-heal|p2a: Gliscor|44/100 tox|[from] ability: Poison Heal
|-ability|p1a: Blaziken|Speed Boost|boost
|-boost|p1a: Blaziken|spe|1
|upkeep
|turn|19
|
|t:|1779612981
|move|p1a: Blaziken|Flare Blitz|p2a: Gliscor
|-damage|p2a: Gliscor|0 fnt
|faint|p2a: Gliscor
|-damage|p1a: Blaziken|84/100|[from] Recoil
|-damage|p1a: Blaziken|74/100|[from] item: Life Orb
|
|-ability|p1a: Blaziken|Speed Boost|boost
|-boost|p1a: Blaziken|spe|1
|upkeep
|-message|ggdtzera forfeited.
|
|win|the stroms
|raw|the stroms's rating: 1201 &rarr; <strong>1226</strong><br />(+25 for winning)
|raw|ggdtzera's rating: 1204 &rarr; <strong>1179</strong><br />(-25 for losing)
|l|☆ggdtzera
|player|p2|
|l|☆the stroms
|player|p1|
