|inactive|Battle timer is ON: inactive players will automatically lose when time's up.
|t:|1779647023
|gametype|singles
|player|p1|henry151th|1|
|player|p2|gorgie|#splxviicryonicles2|
|gen|9
|tier|[Gen 9] OU
|rule|HP Percentage Mod: HP is shown in percentages
|rule|Endless Battle Clause: Forcing endless battles is banned
|rule|Species Clause: Limit one of each Pokémon
|rule|OHKO Clause: OHKO moves are banned
|rule|Evasion Items Clause: Evasion items are banned
|rule|Evasion Moves Clause: Evasion moves are banned
|rule|Evasion Abilities Clause: Evasion abilities are banned
|rule|Sleep Moves Clause: Sleep-inducing moves are banned
|clearpoke
|poke|p1|Kyurem|
|poke|p1|Corviknight, M|
|poke|p1|Ting-Lu|
|poke|p1|Dondozo, M|
|poke|p1|Slowking-Galar, M|
|poke|p1|Cinderace, M|
|poke|p2|Gliscor, M|
|poke|p2|Zamazenta-*|
|poke|p2|Garganacl, F|
|poke|p2|Hydrapple, M|
|poke|p2|Slowking-Galar, M|
|poke|p2|Moltres|
|teampreview
|c|☆henry151th|Glhf
|inactive|gorgie has 270 seconds left.
|inactive|gorgie has 240 seconds left.
|inactive|gorgie has 210 seconds left.
|
|t:|1779647124
|teamsize|p1|6
|teamsize|p2|6
|start
|switch|p1a: Slowking|Slowking-Galar, M|100/100
|switch|p2a: Slowking|Slowking-Galar, M|100/100
|turn|1
|
|t:|1779647138
|move|p2a: Slowking|Psychic Noise|p1a: Slowking
|-damage|p1a: Slowking|79/100
|-start|p1a: Slowking|move: Heal Block
|move|p1a: Slowking|Future Sight|p2a: Slowking
|-start|p1a: Slowking|move: Future Sight
|
|upkeep
|turn|2
|
|t:|1779647155
|move|p2a: Slowking|Psychic Noise|p1a: Slowking
|-damage|p1a: Slowking|58/100
|-prepare|p1a: Slowking|Chilly Reception|[premajor]
|move|p1a: Slowking|Chilly Reception|p1a: Slowking
|-weather|Snowscape
|
|t:|1779647165
|switch|p1a: Ting-Lu|Ting-Lu|100/100|[from] Chilly Reception
|-ability|p1a: Ting-Lu|Vessel of Ruin
|
|-weather|Snowscape|[upkeep]
|upkeep
|turn|3
|inactive|gorgie has 240 seconds left.
|
|t:|1779647199
|switch|p1a: Kyurem|Kyurem|100/100
|-ability|p1a: Kyurem|Pressure
|switch|p2a: Moltres|Moltres|100/100
|
|-weather|Snowscape|[upkeep]
|-end|p2a: Moltres|move: Future Sight
|-damage|p2a: Moltres|68/100
|upkeep
|turn|4
|c|☆henry151th|.
|inactive|henry151th disconnected and has 300 seconds to reconnect!
|player|p1|
|inactive|gorgie has 240 seconds left.
|inactive|henry151th reconnected and has 300 seconds left.
|player|p1|henry151th|1|
|
|t:|1779647232
|switch|p2a: Slowking|Slowking-Galar, M|100/100
|move|p1a: Kyurem|Blizzard|p2a: Slowking
|-damage|p2a: Slowking|46/100
|
|-weather|Snowscape|[upkeep]
|upkeep
|turn|5
|c|☆henry151th|Why does my internet suck bru
|inactive|gorgie has 210 seconds left.
|
|t:|1779647256
|-terastallize|p2a: Slowking|Water
|move|p1a: Kyurem|Blizzard|p2a: Slowking
|-resisted|p2a: Slowking
|-damage|p2a: Slowking|22/100
|move|p2a: Slowking|Toxic|p1a: Kyurem
|-status|p1a: Kyurem|tox
|
|-weather|Snowscape|[upkeep]
|-damage|p1a: Kyurem|94/100 tox|[from] psn
|upkeep
|turn|6
|inactive|gorgie has 210 seconds left.
|
|t:|1779647289
|switch|p2a: Garganacl|Garganacl, F|100/100
|move|p1a: Kyurem|Blizzard|p2a: Garganacl
|-damage|p2a: Garganacl|33/100
|
|-weather|none
|-heal|p2a: Garganacl|39/100|[from] item: Leftovers
|-damage|p1a: Kyurem|82/100 tox|[from] psn
|upkeep
|turn|7
|
|t:|1779647295
|move|p2a: Garganacl|Protect|p2a: Garganacl
|-singleturn|p2a: Garganacl|Protect
|move|p1a: Kyurem|Blizzard|p2a: Garganacl
|-activate|p2a: Garganacl|move: Protect
|
|-heal|p2a: Garganacl|45/100|[from] item: Leftovers
|-damage|p1a: Kyurem|64/100 tox|[from] psn
|upkeep
|turn|8
|
|t:|1779647300
|switch|p2a: Slowking|Slowking-Galar, M, tera:Water|55/100
|move|p1a: Kyurem|Blizzard|p2a: Slowking|[miss]
|-miss|p1a: Kyurem|p2a: Slowking
|
|-damage|p1a: Kyurem|39/100 tox|[from] psn
|upkeep
|turn|9
|
|t:|1779647307
|switch|p1a: Ting-Lu|Ting-Lu|100/100
|-ability|p1a: Ting-Lu|Vessel of Ruin
|-prepare|p2a: Slowking|Chilly Reception|[premajor]
|move|p2a: Slowking|Chilly Reception|p2a: Slowking
|-weather|Snowscape
|inactive|gorgie has 210 seconds left.
|
|t:|1779647343
|switch|p2a: Moltres|Moltres|68/100|[from] Chilly Reception
|
|-weather|Snowscape|[upkeep]
|upkeep
|turn|10
|
|t:|1779647351
|switch|p1a: Slowking|Slowking-Galar, M|92/100
|move|p2a: Moltres|Will-O-Wisp|p1a: Slowking
|-status|p1a: Slowking|brn
|
|-weather|Snowscape|[upkeep]
|-damage|p1a: Slowking|86/100 brn|[from] brn
|upkeep
|turn|11
|
|t:|1779647369
|move|p2a: Moltres|Flamethrower|p1a: Slowking
|-damage|p1a: Slowking|56/100 brn
|-prepare|p1a: Slowking|Chilly Reception|[premajor]
|move|p1a: Slowking|Chilly Reception|p1a: Slowking
|
|t:|1779647373
|switch|p1a: Kyurem|Kyurem|39/100 tox|[from] Chilly Reception
|-ability|p1a: Kyurem|Pressure
|
|-weather|Snowscape|[upkeep]
|-damage|p1a: Kyurem|33/100 tox|[from] psn
|upkeep
|turn|12
|
|t:|1779647380
|switch|p2a: Slowking|Slowking-Galar, M, tera:Water|89/100
|move|p1a: Kyurem|Freeze-Dry|p2a: Slowking
|-supereffective|p2a: Slowking
|-damage|p2a: Slowking|18/100
|
|-weather|Snowscape|[upkeep]
|-damage|p1a: Kyurem|21/100 tox|[from] psn
|upkeep
|turn|13
|c|☆henry151th|.
|inactive|gorgie has 180 seconds left.
|
|t:|1779647416
|switch|p2a: Moltres|Moltres|68/100
|move|p1a: Kyurem|Freeze-Dry|p2a: Moltres
|-damage|p2a: Moltres|25/100
|
|-weather|none
|-damage|p1a: Kyurem|2/100 tox|[from] psn
|upkeep
|turn|14
|
|t:|1779647429
|switch|p2a: Zamazenta|Zamazenta|100/100
|-ability|p2a: Zamazenta|Dauntless Shield|boost
|-boost|p2a: Zamazenta|def|1
|move|p1a: Kyurem|Freeze-Dry|p2a: Zamazenta
|-damage|p2a: Zamazenta|48/100
|
|-damage|p1a: Kyurem|0 fnt|[from] psn
|faint|p1a: Kyurem
|upkeep
|
|t:|1779647432
|switch|p1a: Slowking|Slowking-Galar, M|89/100 brn
|turn|15
|inactive|gorgie has 180 seconds left.
|
|t:|1779647450
|move|p2a: Zamazenta|Crunch|p1a: Slowking
|-supereffective|p1a: Slowking
|-damage|p1a: Slowking|52/100 brn
|move|p1a: Slowking|Future Sight|p2a: Zamazenta
|-start|p1a: Slowking|move: Future Sight
|
|-damage|p1a: Slowking|46/100 brn|[from] brn
|upkeep
|turn|16
|
|t:|1779647476
|switch|p1a: Corviknight|Corviknight, M|100/100
|-ability|p1a: Corviknight|Pressure
|move|p2a: Zamazenta|Crunch|p1a: Corviknight
|-damage|p1a: Corviknight|83/100
|-damage|p2a: Zamazenta|31/100|[from] item: Rocky Helmet|[of] p1a: Corviknight
|
|upkeep
|turn|17
|
|t:|1779647487
|switch|p2a: Gliscor|Gliscor, M|100/100
|move|p1a: Corviknight|Brave Bird|p2a: Gliscor
|-damage|p2a: Gliscor|69/100
|-damage|p1a: Corviknight|74/100|[from] Recoil
|
|-end|p2a: Gliscor|move: Future Sight
|-damage|p2a: Gliscor|10/100
|-status|p2a: Gliscor|tox|[from] item: Toxic Orb
|upkeep
|turn|18
|
|t:|1779647494
|move|p2a: Gliscor|Protect|p2a: Gliscor
|-singleturn|p2a: Gliscor|Protect
|move|p1a: Corviknight|Brave Bird|p2a: Gliscor
|-activate|p2a: Gliscor|move: Protect
|
|-heal|p2a: Gliscor|23/100 tox|[from] ability: Poison Heal
|upkeep
|turn|19
|
|t:|1779647502
|switch|p2a: Garganacl|Garganacl, F|45/100
|move|p1a: Corviknight|U-turn|p2a: Garganacl
|-damage|p2a: Garganacl|37/100
|
|t:|1779647509
|switch|p1a: Ting-Lu|Ting-Lu|100/100|[from] U-turn
|-ability|p1a: Ting-Lu|Vessel of Ruin
|
|-heal|p2a: Garganacl|43/100|[from] item: Leftovers
|upkeep
|turn|20
|
|t:|1779647512
|switch|p2a: Moltres|Moltres|25/100
|move|p1a: Ting-Lu|Earthquake|p2a: Moltres
|-immune|p2a: Moltres
|
|upkeep
|turn|21
|
|t:|1779647515
|move|p2a: Moltres|Roost|p2a: Moltres
|-heal|p2a: Moltres|75/100
|-singleturn|p2a: Moltres|move: Roost
|move|p1a: Ting-Lu|Earthquake|p2a: Moltres
|-supereffective|p2a: Moltres
|-damage|p2a: Moltres|3/100
|
|upkeep
|turn|22
|
|t:|1779647520
|move|p2a: Moltres|Will-O-Wisp|p1a: Ting-Lu
|-status|p1a: Ting-Lu|brn
|move|p1a: Ting-Lu|Earthquake|p2a: Moltres
|-immune|p2a: Moltres
|
|-damage|p1a: Ting-Lu|94/100 brn|[from] brn
|upkeep
|turn|23
|
|t:|1779647527
|move|p2a: Moltres|Roost|p2a: Moltres
|-heal|p2a: Moltres|53/100
|-singleturn|p2a: Moltres|move: Roost
|move|p1a: Ting-Lu|Earthquake|p2a: Moltres
|-supereffective|p2a: Moltres
|-damage|p2a: Moltres|21/100
|
|-heal|p1a: Ting-Lu|100/100 brn|[from] item: Leftovers
|-damage|p1a: Ting-Lu|94/100 brn|[from] brn
|upkeep
|turn|24
|inactive|gorgie has 210 seconds left.
|
|t:|1779647533
|switch|p1a: Slowking|Slowking-Galar, M|79/100 brn
|move|p2a: Moltres|Flamethrower|p1a: Slowking
|-damage|p1a: Slowking|47/100 brn
|
|-damage|p1a: Slowking|41/100 brn|[from] brn
|upkeep
|turn|25
|
|t:|1779647536
|move|p2a: Moltres|Roost|p2a: Moltres
|-heal|p2a: Moltres|71/100
|-singleturn|p2a: Moltres|move: Roost
|move|p1a: Slowking|Toxic|p2a: Moltres
|-status|p2a: Moltres|tox
|
|-damage|p2a: Moltres|65/100 tox|[from] psn
|-damage|p1a: Slowking|35/100 brn|[from] brn
|upkeep
|turn|26
|
|t:|1779647544
|switch|p2a: Hydrapple|Hydrapple, M|100/100
|switch|p1a: Ting-Lu|Ting-Lu|94/100 brn
|-ability|p1a: Ting-Lu|Vessel of Ruin
|
|-heal|p1a: Ting-Lu|100/100 brn|[from] item: Leftovers
|-damage|p1a: Ting-Lu|94/100 brn|[from] brn
|upkeep
|turn|27
|
|t:|1779647552
|switch|p1a: Corviknight|Corviknight, M|74/100
|-ability|p1a: Corviknight|Pressure
|move|p2a: Hydrapple|Nasty Plot|p2a: Hydrapple
|-boost|p2a: Hydrapple|spa|2
|
|upkeep
|turn|28
|
|t:|1779647555
|switch|p2a: Garganacl|Garganacl, F|43/100
|move|p1a: Corviknight|Brave Bird|p2a: Garganacl
|-resisted|p2a: Garganacl
|-damage|p2a: Garganacl|33/100
|-damage|p1a: Corviknight|71/100|[from] Recoil
|
|-heal|p2a: Garganacl|39/100|[from] item: Leftovers
|upkeep
|turn|29
|
|t:|1779647561
|move|p1a: Corviknight|U-turn|p2a: Garganacl
|-damage|p2a: Garganacl|30/100
|
|t:|1779647562
|switch|p1a: Slowking|Slowking-Galar, M|69/100 brn|[from] U-turn
|move|p2a: Garganacl|Salt Cure|p1a: Slowking
|-damage|p1a: Slowking|58/100 brn
|-start|p1a: Slowking|Salt Cure
|
|-heal|p2a: Garganacl|36/100|[from] item: Leftovers
|-damage|p1a: Slowking|52/100 brn|[from] brn
|-damage|p1a: Slowking|40/100 brn|[from] Salt Cure
|upkeep
|turn|30
|
|t:|1779647579
|switch|p1a: Ting-Lu|Ting-Lu|94/100 brn
|-ability|p1a: Ting-Lu|Vessel of Ruin
|move|p2a: Garganacl|Recover|p2a: Garganacl
|-heal|p2a: Garganacl|86/100
|
|-heal|p1a: Ting-Lu|100/100 brn|[from] item: Leftovers
|-heal|p2a: Garganacl|92/100|[from] item: Leftovers
|-damage|p1a: Ting-Lu|94/100 brn|[from] brn
|upkeep
|turn|31
|
|t:|1779647589
|switch|p1a: Slowking|Slowking-Galar, M|73/100 brn
|switch|p2a: Gliscor|Gliscor, M|23/100 tox
|
|-heal|p2a: Gliscor|35/100 tox|[from] ability: Poison Heal
|-damage|p1a: Slowking|67/100 brn|[from] brn
|upkeep
|turn|32
|inactive|gorgie has 240 seconds left.
|
|t:|1779647613
|switch|p1a: Corviknight|Corviknight, M|71/100
|-ability|p1a: Corviknight|Pressure
|move|p2a: Gliscor|Earthquake|p1a: Corviknight
|-immune|p1a: Corviknight
|
|-heal|p2a: Gliscor|48/100 tox|[from] ability: Poison Heal
|upkeep
|turn|33
|
|t:|1779647618
|move|p2a: Gliscor|Protect|p2a: Gliscor
|-singleturn|p2a: Gliscor|Protect
|move|p1a: Corviknight|Brave Bird|p2a: Gliscor
|-activate|p2a: Gliscor|move: Protect
|
|-heal|p2a: Gliscor|60/100 tox|[from] ability: Poison Heal
|upkeep
|turn|34
|
|t:|1779647629
|switch|p2a: Moltres|Moltres|65/100 tox
|move|p1a: Corviknight|U-turn|p2a: Moltres
|-resisted|p2a: Moltres
|-damage|p2a: Moltres|62/100 tox
|
|t:|1779647633
|switch|p1a: Slowking|Slowking-Galar, M|99/100 brn|[from] U-turn
|
|-damage|p2a: Moltres|56/100 tox|[from] psn
|-damage|p1a: Slowking|94/100 brn|[from] brn
|upkeep
|turn|35
|
|t:|1779647645
|move|p2a: Moltres|Roost|p2a: Moltres
|-heal|p2a: Moltres|100/100 tox
|-singleturn|p2a: Moltres|move: Roost
|move|p1a: Slowking|Future Sight|p2a: Moltres
|-start|p1a: Slowking|move: Future Sight
|
|-damage|p2a: Moltres|88/100 tox|[from] psn
|-damage|p1a: Slowking|88/100 brn|[from] brn
|upkeep
|turn|36
|
|t:|1779647651
|switch|p2a: Garganacl|Garganacl, F|92/100
|-prepare|p1a: Slowking|Chilly Reception|[premajor]
|move|p1a: Slowking|Chilly Reception|p1a: Slowking
|-weather|Snowscape
|
|t:|1779647655
|switch|p1a: Ting-Lu|Ting-Lu|94/100 brn|[from] Chilly Reception
|-ability|p1a: Ting-Lu|Vessel of Ruin
|
|-weather|Snowscape|[upkeep]
|-heal|p1a: Ting-Lu|100/100 brn|[from] item: Leftovers
|-heal|p2a: Garganacl|98/100|[from] item: Leftovers
|-damage|p1a: Ting-Lu|94/100 brn|[from] brn
|upkeep
|turn|37
|
|t:|1779647673
|move|p2a: Garganacl|Protect|p2a: Garganacl
|-singleturn|p2a: Garganacl|Protect
|move|p1a: Ting-Lu|Payback|p2a: Garganacl
|-activate|p2a: Garganacl|move: Protect
|
|-weather|Snowscape|[upkeep]
|-end|p2a: Garganacl|move: Future Sight
|-damage|p2a: Garganacl|75/100
|-heal|p1a: Ting-Lu|100/100 brn|[from] item: Leftovers
|-heal|p2a: Garganacl|81/100|[from] item: Leftovers
|-damage|p1a: Ting-Lu|94/100 brn|[from] brn
|upkeep
|turn|38
|
|t:|1779647679
|move|p1a: Ting-Lu|Rest|p1a: Ting-Lu
|-status|p1a: Ting-Lu|slp|[from] move: Rest
|-heal|p1a: Ting-Lu|100/100 slp|[silent]
|move|p2a: Garganacl|Salt Cure|p1a: Ting-Lu
|-resisted|p1a: Ting-Lu
|-crit|p1a: Ting-Lu
|-damage|p1a: Ting-Lu|95/100 slp
|-start|p1a: Ting-Lu|Salt Cure
|
|-weather|Snowscape|[upkeep]
|-heal|p1a: Ting-Lu|100/100 slp|[from] item: Leftovers
|-heal|p2a: Garganacl|87/100|[from] item: Leftovers
|-damage|p1a: Ting-Lu|88/100 slp|[from] Salt Cure
|upkeep
|turn|39
|
|t:|1779647692
|switch|p2a: Hydrapple|Hydrapple, M|100/100
|cant|p1a: Ting-Lu|slp
|move|p1a: Ting-Lu|Sleep Talk|p1a: Ting-Lu
|move|p1a: Ting-Lu|Rest||[from] move: Sleep Talk|[still]
|-fail|p1a: Ting-Lu
|
|-weather|Snowscape|[upkeep]
|-heal|p1a: Ting-Lu|94/100 slp|[from] item: Leftovers
|-damage|p1a: Ting-Lu|82/100 slp|[from] Salt Cure
|upkeep
|turn|40
|
|t:|1779647703
|switch|p1a: Slowking|Slowking-Galar, M|100/100 brn
|move|p2a: Hydrapple|Fickle Beam|p1a: Slowking
|-damage|p1a: Slowking|73/100 brn
|
|-weather|none
|-damage|p1a: Slowking|67/100 brn|[from] brn
|upkeep
|turn|41
|
|t:|1779647711
|switch|p2a: Gliscor|Gliscor, M|60/100 tox
|-prepare|p1a: Slowking|Chilly Reception|[premajor]
|move|p1a: Slowking|Chilly Reception|p1a: Slowking
|-weather|Snowscape
|
|t:|1779647714
|switch|p1a: Corviknight|Corviknight, M|71/100|[from] Chilly Reception
|-ability|p1a: Corviknight|Pressure
|
|-weather|Snowscape|[upkeep]
|-heal|p2a: Gliscor|73/100 tox|[from] ability: Poison Heal
|upkeep
|turn|42
|
|t:|1779647722
|move|p2a: Gliscor|Protect|p2a: Gliscor
|-singleturn|p2a: Gliscor|Protect
|move|p1a: Corviknight|Roost|p1a: Corviknight
|-heal|p1a: Corviknight|100/100
|-singleturn|p1a: Corviknight|move: Roost
|
|-weather|Snowscape|[upkeep]
|-heal|p2a: Gliscor|85/100 tox|[from] ability: Poison Heal
|upkeep
|turn|43
|
|t:|1779647726
|move|p2a: Gliscor|Swords Dance|p2a: Gliscor
|-boost|p2a: Gliscor|atk|2
|move|p1a: Corviknight|U-turn|p2a: Gliscor
|-resisted|p2a: Gliscor
|-damage|p2a: Gliscor|79/100 tox
|
|t:|1779647731
|switch|p1a: Dondozo|Dondozo, M|100/100|[from] U-turn
|
|-weather|Snowscape|[upkeep]
|-heal|p2a: Gliscor|92/100 tox|[from] ability: Poison Heal
|upkeep
|turn|44
|
|t:|1779647733
|switch|p2a: Hydrapple|Hydrapple, M|100/100
|move|p1a: Dondozo|Curse|p1a: Dondozo
|-unboost|p1a: Dondozo|spe|1
|-boost|p1a: Dondozo|atk|1
|-boost|p1a: Dondozo|def|1
|
|-weather|Snowscape|[upkeep]
|upkeep
|turn|45
|
|t:|1779647739
|-terastallize|p1a: Dondozo|Dark
|move|p2a: Hydrapple|Nasty Plot|p2a: Hydrapple
|-boost|p2a: Hydrapple|spa|2
|move|p1a: Dondozo|Curse|p1a: Dondozo
|-unboost|p1a: Dondozo|spe|1
|-boost|p1a: Dondozo|atk|1
|-boost|p1a: Dondozo|def|1
|
|-weather|none
|upkeep
|turn|46
|
|t:|1779647752
|switch|p2a: Moltres|Moltres|88/100 tox
|move|p1a: Dondozo|Curse|p1a: Dondozo
|-unboost|p1a: Dondozo|spe|1
|-boost|p1a: Dondozo|atk|1
|-boost|p1a: Dondozo|def|1
|
|-damage|p2a: Moltres|82/100 tox|[from] psn
|upkeep
|turn|47
|
|t:|1779647757
|move|p2a: Moltres|Will-O-Wisp|p1a: Dondozo
|-status|p1a: Dondozo|brn
|move|p1a: Dondozo|Waterfall|p2a: Moltres
|-supereffective|p2a: Moltres
|-damage|p2a: Moltres|14/100 tox
|
|-damage|p2a: Moltres|2/100 tox|[from] psn
|-damage|p1a: Dondozo|94/100 brn|[from] brn
|upkeep
|turn|48
|
|t:|1779647769
|switch|p2a: Slowking|Slowking-Galar, M, tera:Water|51/100
|move|p1a: Dondozo|Curse|p1a: Dondozo
|-unboost|p1a: Dondozo|spe|1
|-boost|p1a: Dondozo|atk|1
|-boost|p1a: Dondozo|def|1
|
|-heal|p1a: Dondozo|100/100 brn|[from] item: Leftovers
|-damage|p1a: Dondozo|94/100 brn|[from] brn
|upkeep
|turn|49
|
|t:|1779647774
|move|p2a: Slowking|Psychic Noise|p1a: Dondozo
|-immune|p1a: Dondozo
|move|p1a: Dondozo|Body Press|p2a: Slowking
|-damage|p2a: Slowking|19/100
|
|-heal|p1a: Dondozo|100/100 brn|[from] item: Leftovers
|-damage|p1a: Dondozo|94/100 brn|[from] brn
|upkeep
|turn|50
|c|☆gorgie|woops
|c|☆gorgie|LOL
|c|☆gorgie|hmmm
|inactive|gorgie has 270 seconds left.
|
|t:|1779647808
|switch|p2a: Hydrapple|Hydrapple, M|100/100
|move|p1a: Dondozo|Curse|p1a: Dondozo
|-unboost|p1a: Dondozo|spe|1
|-boost|p1a: Dondozo|atk|1
|-boost|p1a: Dondozo|def|1
|
|-heal|p1a: Dondozo|100/100 brn|[from] item: Leftovers
|-damage|p1a: Dondozo|94/100 brn|[from] brn
|upkeep
|turn|51
|c|☆henry151th|I was tired so decided to go for the win
|c|☆gorgie|ok henry151th
|inactive|gorgie has 270 seconds left.
|
|t:|1779647826
|move|p2a: Hydrapple|Fickle Beam|p1a: Dondozo
|-damage|p1a: Dondozo|72/100 brn
|move|p1a: Dondozo|Curse|p1a: Dondozo
|-unboost|p1a: Dondozo|spe|1
|-boost|p1a: Dondozo|atk|1
|-boost|p1a: Dondozo|def|1
|
|-heal|p1a: Dondozo|78/100 brn|[from] item: Leftovers
|-damage|p1a: Dondozo|72/100 brn|[from] brn
|upkeep
|turn|52
|inactive|gorgie has 270 seconds left.
|
|t:|1779647834
|move|p2a: Hydrapple|Fickle Beam|p1a: Dondozo
|-damage|p1a: Dondozo|52/100 brn
|move|p1a: Dondozo|Rest|p1a: Dondozo
|-status|p1a: Dondozo|slp|[from] move: Rest
|-heal|p1a: Dondozo|100/100 slp|[silent]
|
|upkeep
|turn|53
|inactive|gorgie has 270 seconds left.
|
|t:|1779647853
|switch|p2a: Garganacl|Garganacl, F|87/100
|cant|p1a: Dondozo|slp
|
|-heal|p2a: Garganacl|94/100|[from] item: Leftovers
|upkeep
|turn|54
|
|t:|1779647856
|move|p2a: Garganacl|Salt Cure|p1a: Dondozo
|-damage|p1a: Dondozo|98/100 slp
|-start|p1a: Dondozo|Salt Cure
|cant|p1a: Dondozo|slp
|
|-heal|p2a: Garganacl|99/100|[from] item: Leftovers
|-heal|p1a: Dondozo|100/100 slp|[from] item: Leftovers
|-damage|p1a: Dondozo|88/100 slp|[from] Salt Cure
|upkeep
|turn|55
|
|t:|1779647859
|move|p2a: Garganacl|Protect|p2a: Garganacl
|-singleturn|p2a: Garganacl|Protect
|-curestatus|p1a: Dondozo|slp|[msg]
|move|p1a: Dondozo|Body Press|p2a: Garganacl
|-activate|p2a: Garganacl|move: Protect
|
|-heal|p2a: Garganacl|100/100|[from] item: Leftovers
|-heal|p1a: Dondozo|94/100|[from] item: Leftovers
|-damage|p1a: Dondozo|82/100|[from] Salt Cure
|upkeep
|turn|56
|
|t:|1779647865
|switch|p2a: Moltres|Moltres|2/100 tox
|move|p1a: Dondozo|Body Press|p2a: Moltres
|-resisted|p2a: Moltres
|-damage|p2a: Moltres|0 fnt
|faint|p2a: Moltres
|
|-heal|p1a: Dondozo|88/100|[from] item: Leftovers
|-damage|p1a: Dondozo|76/100|[from] Salt Cure
|upkeep
|
|t:|1779647875
|switch|p2a: Hydrapple|Hydrapple, M|100/100
|turn|57
|
|t:|1779647881
|move|p2a: Hydrapple|Fickle Beam|p1a: Dondozo
|-damage|p1a: Dondozo|54/100
|move|p1a: Dondozo|Body Press|p2a: Hydrapple
|-damage|p2a: Hydrapple|48/100
|
|-heal|p1a: Dondozo|60/100|[from] item: Leftovers
|-damage|p1a: Dondozo|47/100|[from] Salt Cure
|upkeep
|turn|58
|
|t:|1779647887
|move|p2a: Hydrapple|Giga Drain|p1a: Dondozo
|-damage|p1a: Dondozo|28/100
|-heal|p2a: Hydrapple|60/100|[from] drain|[of] p1a: Dondozo
|move|p1a: Dondozo|Rest|p1a: Dondozo
|-status|p1a: Dondozo|slp|[from] move: Rest
|-heal|p1a: Dondozo|100/100 slp|[silent]
|
|-damage|p1a: Dondozo|88/100 slp|[from] Salt Cure
|upkeep
|turn|59
|
|t:|1779647890
|move|p2a: Hydrapple|Earth Power|p1a: Dondozo
|-damage|p1a: Dondozo|72/100 slp
|cant|p1a: Dondozo|slp
|
|-heal|p1a: Dondozo|78/100 slp|[from] item: Leftovers
|-damage|p1a: Dondozo|66/100 slp|[from] Salt Cure
|upkeep
|turn|60
|
|t:|1779647896
|move|p2a: Hydrapple|Earth Power|p1a: Dondozo
|-damage|p1a: Dondozo|51/100 slp
|cant|p1a: Dondozo|slp
|
|-heal|p1a: Dondozo|57/100 slp|[from] item: Leftovers
|-damage|p1a: Dondozo|45/100 slp|[from] Salt Cure
|upkeep
|turn|61
|
|t:|1779647901
|move|p2a: Hydrapple|Fickle Beam|p1a: Dondozo
|-damage|p1a: Dondozo|25/100 slp
|-curestatus|p1a: Dondozo|slp|[msg]
|move|p1a: Dondozo|Rest|p1a: Dondozo
|-status|p1a: Dondozo|slp|[from] move: Rest
|-heal|p1a: Dondozo|100/100 slp|[silent]
|
|-damage|p1a: Dondozo|88/100 slp|[from] Salt Cure
|upkeep
|turn|62
|
|t:|1779647905
|switch|p1a: Corviknight|Corviknight, M|100/100
|-ability|p1a: Corviknight|Pressure
|move|p2a: Hydrapple|Earth Power|p1a: Corviknight
|-immune|p1a: Corviknight
|
|upkeep
|turn|63
|c|☆gorgie|what happened?
|c|☆gorgie|lock in
|
|t:|1779647917
|switch|p2a: Garganacl|Garganacl, F|100/100
|move|p1a: Corviknight|U-turn|p2a: Garganacl
|-damage|p2a: Garganacl|91/100
|c|+Spitfire|hes not tired anymore
|
|t:|1779647922
|switch|p1a: Slowking|Slowking-Galar, M|99/100 brn|[from] U-turn
|
|-heal|p2a: Garganacl|97/100|[from] item: Leftovers
|-damage|p1a: Slowking|94/100 brn|[from] brn
|upkeep
|turn|64
|c|☆gorgie|makes sense
|
|t:|1779647936
|move|p2a: Garganacl|Stealth Rock|p1a: Slowking
|-sidestart|p1: henry151th|move: Stealth Rock
|move|p1a: Slowking|Future Sight|p2a: Garganacl
|-start|p1a: Slowking|move: Future Sight
|
|-heal|p2a: Garganacl|100/100|[from] item: Leftovers
|-damage|p1a: Slowking|88/100 brn|[from] brn
|upkeep
|turn|65
|c|☆henry151th|Im gonna win the slow way
|c|☆henry151th|Bc thats how i act win
|c|☆gorgie|i thought you cared about holding the tour up in dms?
|
|t:|1779647962
|move|p2a: Garganacl|Salt Cure|p1a: Slowking
|-damage|p1a: Slowking|78/100 brn
|-start|p1a: Slowking|Salt Cure
|-prepare|p1a: Slowking|Chilly Reception|[premajor]
|move|p1a: Slowking|Chilly Reception|p1a: Slowking
|-weather|Snowscape
|c|☆henry151th|Well i still wanna win
|
|t:|1779647968
|switch|p1a: Ting-Lu|Ting-Lu|82/100 slp|[from] Chilly Reception
|-damage|p1a: Ting-Lu|76/100 slp|[from] Stealth Rock
|-ability|p1a: Ting-Lu|Vessel of Ruin
|
|-weather|Snowscape|[upkeep]
|-heal|p1a: Ting-Lu|82/100 slp|[from] item: Leftovers
|upkeep
|turn|66
|
|t:|1779647977
|switch|p2a: Hydrapple|Hydrapple, M|94/100
|cant|p1a: Ting-Lu|slp
|move|p1a: Ting-Lu|Sleep Talk|p1a: Ting-Lu
|move|p1a: Ting-Lu|Payback|p2a: Hydrapple|[from] move: Sleep Talk
|-damage|p2a: Hydrapple|82/100
|
|-weather|Snowscape|[upkeep]
|-end|p2a: Hydrapple|move: Future Sight
|-damage|p2a: Hydrapple|48/100
|-heal|p1a: Ting-Lu|88/100 slp|[from] item: Leftovers
|upkeep
|turn|67
|
|t:|1779647989
|switch|p2a: Gliscor|Gliscor, M|92/100 tox
|switch|p1a: Corviknight|Corviknight, M|100/100
|-damage|p1a: Corviknight|88/100|[from] Stealth Rock
|-ability|p1a: Corviknight|Pressure
|
|-weather|Snowscape|[upkeep]
|-heal|p2a: Gliscor|100/100 tox|[from] ability: Poison Heal
|upkeep
|turn|68
|
|t:|1779647996
|switch|p2a: Garganacl|Garganacl, F|100/100
|move|p1a: Corviknight|Defog|p2a: Garganacl
|-unboost|p2a: Garganacl|evasion|1
|-sideend|p1: henry151th|Stealth Rock|[from] move: Defog|[of] p1a: Corviknight
|
|-weather|Snowscape|[upkeep]
|upkeep
|turn|69
|
|t:|1779648001
|switch|p1a: Slowking|Slowking-Galar, M|100/100 brn
|move|p2a: Garganacl|Stealth Rock|p1a: Slowking
|-sidestart|p1: henry151th|move: Stealth Rock
|
|-weather|none
|-damage|p1a: Slowking|94/100 brn|[from] brn
|upkeep
|turn|70
|
|t:|1779648006
|switch|p2a: Gliscor|Gliscor, M|100/100 tox
|-prepare|p1a: Slowking|Chilly Reception|[premajor]
|move|p1a: Slowking|Chilly Reception|p1a: Slowking
|-weather|Snowscape
|
|t:|1779648009
|switch|p1a: Corviknight|Corviknight, M|88/100|[from] Chilly Reception
|-damage|p1a: Corviknight|76/100|[from] Stealth Rock
|-ability|p1a: Corviknight|Pressure
|
|-weather|Snowscape|[upkeep]
|upkeep
|turn|71
|
|t:|1779648013
|switch|p2a: Garganacl|Garganacl, F|100/100
|move|p1a: Corviknight|Defog|p2a: Garganacl
|-unboost|p2a: Garganacl|evasion|1
|-sideend|p1: henry151th|Stealth Rock|[from] move: Defog|[of] p1a: Corviknight
|
|-weather|Snowscape|[upkeep]
|upkeep
|turn|72
|
|t:|1779648017
|move|p1a: Corviknight|Brave Bird|p2a: Garganacl
|-resisted|p2a: Garganacl
|-damage|p2a: Garganacl|89/100
|-damage|p1a: Corviknight|72/100|[from] Recoil
|move|p2a: Garganacl|Stealth Rock|p1a: Corviknight
|-sidestart|p1: henry151th|move: Stealth Rock
|
|-weather|Snowscape|[upkeep]
|-heal|p2a: Garganacl|95/100|[from] item: Leftovers
|upkeep
|turn|73
|
|t:|1779648020
|move|p1a: Corviknight|Defog|p2a: Garganacl
|-unboost|p2a: Garganacl|evasion|1
|-sideend|p1: henry151th|Stealth Rock|[from] move: Defog|[of] p1a: Corviknight
|move|p2a: Garganacl|Salt Cure|p1a: Corviknight
|-damage|p1a: Corviknight|63/100
|-start|p1a: Corviknight|Salt Cure
|
|-weather|Snowscape|[upkeep]
|-heal|p2a: Garganacl|100/100|[from] item: Leftovers
|-damage|p1a: Corviknight|39/100|[from] Salt Cure
|upkeep
|turn|74
|
|t:|1779648022
|move|p1a: Corviknight|Roost|p1a: Corviknight
|-heal|p1a: Corviknight|89/100
|-singleturn|p1a: Corviknight|move: Roost
|move|p2a: Garganacl|Stealth Rock|p1a: Corviknight
|-sidestart|p1: henry151th|move: Stealth Rock
|
|-weather|none
|-damage|p1a: Corviknight|64/100|[from] Salt Cure
|upkeep
|turn|75
|
|t:|1779648025
|move|p2a: Garganacl|Protect|p2a: Garganacl
|-singleturn|p2a: Garganacl|Protect
|move|p1a: Corviknight|Defog|p2a: Garganacl
|-activate|p2a: Garganacl|move: Protect
|
|-damage|p1a: Corviknight|39/100|[from] Salt Cure
|upkeep
|turn|76
|
|t:|1779648032
|switch|p2a: Slowking|Slowking-Galar, M, tera:Water|52/100
|move|p1a: Corviknight|Roost|p1a: Corviknight
|-heal|p1a: Corviknight|89/100
|-singleturn|p1a: Corviknight|move: Roost
|
|-damage|p1a: Corviknight|64/100|[from] Salt Cure
|upkeep
|turn|77
|
|t:|1779648035
|move|p1a: Corviknight|U-turn|p2a: Slowking
|-damage|p2a: Slowking|38/100
|
|t:|1779648037
|switch|p1a: Slowking|Slowking-Galar, M|100/100 brn|[from] U-turn
|move|p2a: Slowking|Flamethrower|p1a: Slowking
|-damage|p1a: Slowking|84/100 brn
|
|-damage|p1a: Slowking|78/100 brn|[from] brn
|upkeep
|turn|78
|
|t:|1779648043
|switch|p2a: Garganacl|Garganacl, F|100/100
|-prepare|p1a: Slowking|Chilly Reception|[premajor]
|move|p1a: Slowking|Chilly Reception|p1a: Slowking
|-weather|Snowscape
|
|t:|1779648046
|switch|p1a: Ting-Lu|Ting-Lu|88/100 slp|[from] Chilly Reception
|-damage|p1a: Ting-Lu|82/100 slp|[from] Stealth Rock
|-ability|p1a: Ting-Lu|Vessel of Ruin
|
|-weather|Snowscape|[upkeep]
|-heal|p1a: Ting-Lu|88/100 slp|[from] item: Leftovers
|upkeep
|turn|79
|
|t:|1779648050
|move|p2a: Garganacl|Protect|p2a: Garganacl
|-singleturn|p2a: Garganacl|Protect
|-curestatus|p1a: Ting-Lu|slp|[msg]
|move|p1a: Ting-Lu|Earthquake|p2a: Garganacl
|-activate|p2a: Garganacl|move: Protect
|
|-weather|Snowscape|[upkeep]
|-heal|p1a: Ting-Lu|94/100|[from] item: Leftovers
|upkeep
|turn|80
|
|t:|1779648059
|switch|p2a: Hydrapple|Hydrapple, M|81/100
|move|p1a: Ting-Lu|Earthquake|p2a: Hydrapple
|-resisted|p2a: Hydrapple
|-crit|p2a: Hydrapple
|-damage|p2a: Hydrapple|66/100
|
|-weather|Snowscape|[upkeep]
|-heal|p1a: Ting-Lu|100/100|[from] item: Leftovers
|upkeep
|turn|81
|
|t:|1779648066
|switch|p2a: Gliscor|Gliscor, M|100/100 tox
|switch|p1a: Corviknight|Corviknight, M|64/100
|-damage|p1a: Corviknight|52/100|[from] Stealth Rock
|-ability|p1a: Corviknight|Pressure
|
|-weather|Snowscape|[upkeep]
|upkeep
|turn|82
|
|t:|1779648069
|switch|p2a: Garganacl|Garganacl, F|100/100
|move|p1a: Corviknight|Roost|p1a: Corviknight
|-heal|p1a: Corviknight|100/100
|-singleturn|p1a: Corviknight|move: Roost
|
|-weather|none
|upkeep
|turn|83
|
|t:|1779648080
|switch|p1a: Slowking|Slowking-Galar, M|100/100 brn
|move|p2a: Garganacl|Salt Cure|p1a: Slowking
|-damage|p1a: Slowking|90/100 brn
|-start|p1a: Slowking|Salt Cure
|
|-damage|p1a: Slowking|84/100 brn|[from] brn
|-damage|p1a: Slowking|71/100 brn|[from] Salt Cure
|upkeep
|turn|84
|
|t:|1779648097
|switch|p2a: Slowking|Slowking-Galar, M, tera:Water|71/100
|switch|p1a: Ting-Lu|Ting-Lu|100/100
|-damage|p1a: Ting-Lu|94/100|[from] Stealth Rock
|-ability|p1a: Ting-Lu|Vessel of Ruin
|
|-heal|p1a: Ting-Lu|100/100|[from] item: Leftovers
|upkeep
|turn|85
|
|t:|1779648104
|move|p1a: Ting-Lu|Earthquake|p2a: Slowking
|-damage|p2a: Slowking|33/100
|move|p2a: Slowking|Toxic|p1a: Ting-Lu
|-status|p1a: Ting-Lu|tox
|
|-damage|p1a: Ting-Lu|94/100 tox|[from] psn
|upkeep
|turn|86
|
|t:|1779648112
|switch|p1a: Corviknight|Corviknight, M|100/100
|-damage|p1a: Corviknight|88/100|[from] Stealth Rock
|-ability|p1a: Corviknight|Pressure
|switch|p2a: Gliscor|Gliscor, M|100/100 tox
|
|upkeep
|turn|87
|
|t:|1779648120
|move|p2a: Gliscor|Protect|p2a: Gliscor
|-singleturn|p2a: Gliscor|Protect
|move|p1a: Corviknight|Defog|p2a: Gliscor
|-activate|p2a: Gliscor|move: Protect
|
|upkeep
|turn|88
|
|t:|1779648125
|switch|p2a: Garganacl|Garganacl, F|100/100
|move|p1a: Corviknight|Defog|p2a: Garganacl
|-unboost|p2a: Garganacl|evasion|1
|-sideend|p1: henry151th|Stealth Rock|[from] move: Defog|[of] p1a: Corviknight
|
|upkeep
|turn|89
|
|t:|1779648129
|move|p1a: Corviknight|U-turn|p2a: Garganacl
|-damage|p2a: Garganacl|92/100
|
|t:|1779648131
|switch|p1a: Slowking|Slowking-Galar, M|100/100 brn|[from] U-turn
|move|p2a: Garganacl|Stealth Rock|p1a: Slowking
|-sidestart|p1: henry151th|move: Stealth Rock
|
|-heal|p2a: Garganacl|98/100|[from] item: Leftovers
|-damage|p1a: Slowking|94/100 brn|[from] brn
|upkeep
|turn|90
|
|t:|1779648136
|switch|p2a: Gliscor|Gliscor, M|100/100 tox
|switch|p1a: Ting-Lu|Ting-Lu|94/100 tox
|-damage|p1a: Ting-Lu|88/100 tox|[from] Stealth Rock
|-ability|p1a: Ting-Lu|Vessel of Ruin
|
|-heal|p1a: Ting-Lu|94/100 tox|[from] item: Leftovers
|-damage|p1a: Ting-Lu|88/100 tox|[from] psn
|upkeep
|turn|91
|
|t:|1779648140
|switch|p1a: Corviknight|Corviknight, M|88/100
|-damage|p1a: Corviknight|76/100|[from] Stealth Rock
|-ability|p1a: Corviknight|Pressure
|move|p2a: Gliscor|Swords Dance|p2a: Gliscor
|-boost|p2a: Gliscor|atk|2
|
|upkeep
|turn|92
|
|t:|1779648143
|move|p2a: Gliscor|Facade|p1a: Corviknight
|-resisted|p1a: Corviknight
|-damage|p1a: Corviknight|58/100
|-damage|p2a: Gliscor|84/100 tox|[from] item: Rocky Helmet|[of] p1a: Corviknight
|move|p1a: Corviknight|Defog|p2a: Gliscor
|-unboost|p2a: Gliscor|evasion|1
|-sideend|p1: henry151th|Stealth Rock|[from] move: Defog|[of] p1a: Corviknight
|
|-heal|p2a: Gliscor|97/100 tox|[from] ability: Poison Heal
|upkeep
|turn|93
|
|t:|1779648147
|move|p2a: Gliscor|Swords Dance|p2a: Gliscor
|-boost|p2a: Gliscor|atk|2
|move|p1a: Corviknight|Brave Bird|p2a: Gliscor
|-damage|p2a: Gliscor|66/100 tox
|-damage|p1a: Corviknight|49/100|[from] Recoil
|
|-heal|p2a: Gliscor|78/100 tox|[from] ability: Poison Heal
|upkeep
|turn|94
|
|t:|1779648150
|move|p2a: Gliscor|Facade|p1a: Corviknight
|-resisted|p1a: Corviknight
|-damage|p1a: Corviknight|21/100
|-damage|p2a: Gliscor|62/100 tox|[from] item: Rocky Helmet|[of] p1a: Corviknight
|move|p1a: Corviknight|Roost|p1a: Corviknight
|-heal|p1a: Corviknight|71/100
|-singleturn|p1a: Corviknight|move: Roost
|
|-heal|p2a: Gliscor|74/100 tox|[from] ability: Poison Heal
|upkeep
|turn|95
|
|t:|1779648157
|switch|p2a: Garganacl|Garganacl, F|98/100
|move|p1a: Corviknight|U-turn|p2a: Garganacl
|-damage|p2a: Garganacl|88/100
|
|t:|1779648160
|switch|p1a: Ting-Lu|Ting-Lu|88/100 tox|[from] U-turn
|-ability|p1a: Ting-Lu|Vessel of Ruin
|
|-heal|p1a: Ting-Lu|94/100 tox|[from] item: Leftovers
|-heal|p2a: Garganacl|95/100|[from] item: Leftovers
|-damage|p1a: Ting-Lu|88/100 tox|[from] psn
|upkeep
|turn|96
|
|t:|1779648165
|switch|p2a: Gliscor|Gliscor, M|74/100 tox
|move|p1a: Ting-Lu|Earthquake|p2a: Gliscor
|-immune|p2a: Gliscor
|
|-heal|p1a: Ting-Lu|94/100 tox|[from] item: Leftovers
|-heal|p2a: Gliscor|87/100 tox|[from] ability: Poison Heal
|-damage|p1a: Ting-Lu|82/100 tox|[from] psn
|upkeep
|turn|97
|
|t:|1779648168
|switch|p2a: Garganacl|Garganacl, F|95/100
|switch|p1a: Corviknight|Corviknight, M|71/100
|-ability|p1a: Corviknight|Pressure
|
|-heal|p2a: Garganacl|100/100|[from] item: Leftovers
|upkeep
|turn|98
|
|t:|1779648172
|switch|p1a: Ting-Lu|Ting-Lu|82/100 tox
|-ability|p1a: Ting-Lu|Vessel of Ruin
|move|p2a: Garganacl|Stealth Rock|p1a: Ting-Lu
|-sidestart|p1: henry151th|move: Stealth Rock
|
|-heal|p1a: Ting-Lu|88/100 tox|[from] item: Leftovers
|-damage|p1a: Ting-Lu|82/100 tox|[from] psn
|upkeep
|turn|99
|
|t:|1779648176
|switch|p2a: Hydrapple|Hydrapple, M|99/100
|move|p1a: Ting-Lu|Payback|p2a: Hydrapple
|-damage|p2a: Hydrapple|89/100
|
|-heal|p1a: Ting-Lu|88/100 tox|[from] item: Leftovers
|-damage|p1a: Ting-Lu|76/100 tox|[from] psn
|upkeep
|turn|100
|
|t:|1779648181
|switch|p2a: Garganacl|Garganacl, F|100/100
|switch|p1a: Slowking|Slowking-Galar, M|100/100 brn
|
|-damage|p1a: Slowking|94/100 brn|[from] brn
|upkeep
|turn|101
|
|t:|1779648190
|switch|p2a: Slowking|Slowking-Galar, M, tera:Water|66/100
|move|p1a: Slowking|Future Sight|p2a: Slowking
|-start|p1a: Slowking|move: Future Sight
|
|-damage|p1a: Slowking|88/100 brn|[from] brn
|upkeep
|turn|102
|
|t:|1779648200
|switch|p2a: Garganacl|Garganacl, F|100/100
|move|p1a: Slowking|Sludge Bomb|p2a: Garganacl
|-resisted|p2a: Garganacl
|-damage|p2a: Garganacl|88/100
|
|-heal|p2a: Garganacl|94/100|[from] item: Leftovers
|-damage|p1a: Slowking|82/100 brn|[from] brn
|upkeep
|turn|103
|
|t:|1779648213
|move|p2a: Garganacl|Protect|p2a: Garganacl
|-singleturn|p2a: Garganacl|Protect
|-prepare|p1a: Slowking|Chilly Reception|[premajor]
|move|p1a: Slowking|Chilly Reception|p1a: Slowking
|-weather|Snowscape
|
|t:|1779648217
|switch|p1a: Ting-Lu|Ting-Lu|76/100 tox|[from] Chilly Reception
|-damage|p1a: Ting-Lu|69/100 tox|[from] Stealth Rock
|-ability|p1a: Ting-Lu|Vessel of Ruin
|
|-weather|Snowscape|[upkeep]
|-end|p2a: Garganacl|move: Future Sight
|-damage|p2a: Garganacl|71/100
|-heal|p1a: Ting-Lu|76/100 tox|[from] item: Leftovers
|-heal|p2a: Garganacl|77/100|[from] item: Leftovers
|-damage|p1a: Ting-Lu|69/100 tox|[from] psn
|upkeep
|turn|104
|
|t:|1779648221
|switch|p2a: Hydrapple|Hydrapple, M|100/100
|move|p1a: Ting-Lu|Rest|p1a: Ting-Lu
|-status|p1a: Ting-Lu|slp|[from] move: Rest
|-heal|p1a: Ting-Lu|100/100 slp|[silent]
|
|-weather|Snowscape|[upkeep]
|upkeep
|turn|105
|
|t:|1779648231
|switch|p1a: Corviknight|Corviknight, M|71/100
|-damage|p1a: Corviknight|59/100|[from] Stealth Rock
|-ability|p1a: Corviknight|Pressure
|move|p2a: Hydrapple|Nasty Plot|p2a: Hydrapple
|-boost|p2a: Hydrapple|spa|2
|
|-weather|Snowscape|[upkeep]
|upkeep
|turn|106
|
|t:|1779648236
|switch|p2a: Garganacl|Garganacl, F|77/100
|move|p1a: Corviknight|Defog|p2a: Garganacl
|-unboost|p2a: Garganacl|evasion|1
|-sideend|p1: henry151th|Stealth Rock|[from] move: Defog|[of] p1a: Corviknight
|
|-weather|Snowscape|[upkeep]
|-heal|p2a: Garganacl|84/100|[from] item: Leftovers
|upkeep
|turn|107
|
|t:|1779648240
|move|p1a: Corviknight|U-turn|p2a: Garganacl
|-damage|p2a: Garganacl|75/100
|
|t:|1779648242
|switch|p1a: Ting-Lu|Ting-Lu|100/100 slp|[from] U-turn
|-ability|p1a: Ting-Lu|Vessel of Ruin
|move|p2a: Garganacl|Stealth Rock|p1a: Ting-Lu
|-sidestart|p1: henry151th|move: Stealth Rock
|
|-weather|none
|-heal|p2a: Garganacl|81/100|[from] item: Leftovers
|upkeep
|turn|108
|
|t:|1779648248
|switch|p1a: Slowking|Slowking-Galar, M|100/100 brn
|switch|p2a: Gliscor|Gliscor, M|87/100 tox
|
|-heal|p2a: Gliscor|99/100 tox|[from] ability: Poison Heal
|-damage|p1a: Slowking|94/100 brn|[from] brn
|upkeep
|turn|109
|
|t:|1779648251
|move|p2a: Gliscor|Swords Dance|p2a: Gliscor
|-boost|p2a: Gliscor|atk|2
|-prepare|p1a: Slowking|Chilly Reception|[premajor]
|move|p1a: Slowking|Chilly Reception|p1a: Slowking
|-weather|Snowscape
|
|t:|1779648253
|switch|p1a: Dondozo|Dondozo, M, tera:Dark|88/100 slp|[from] Chilly Reception
|-damage|p1a: Dondozo|76/100 slp|[from] Stealth Rock
|
|-weather|Snowscape|[upkeep]
|-heal|p1a: Dondozo|82/100 slp|[from] item: Leftovers
|-heal|p2a: Gliscor|100/100 tox|[from] ability: Poison Heal
|upkeep
|turn|110
|
|t:|1779648258
|move|p2a: Gliscor|Earthquake|p1a: Dondozo
|-damage|p1a: Dondozo|61/100 slp
|cant|p1a: Dondozo|slp
|
|-weather|Snowscape|[upkeep]
|-heal|p1a: Dondozo|67/100 slp|[from] item: Leftovers
|upkeep
|turn|111
|
|t:|1779648261
|move|p2a: Gliscor|Earthquake|p1a: Dondozo
|-damage|p1a: Dondozo|47/100 slp
|cant|p1a: Dondozo|slp
|
|-weather|Snowscape|[upkeep]
|-heal|p1a: Dondozo|54/100 slp|[from] item: Leftovers
|upkeep
|turn|112
|
|t:|1779648270
|switch|p2a: Slowking|Slowking-Galar, M, tera:Water|99/100
|-curestatus|p1a: Dondozo|slp|[msg]
|move|p1a: Dondozo|Curse|p1a: Dondozo
|-unboost|p1a: Dondozo|spe|1
|-boost|p1a: Dondozo|atk|1
|-boost|p1a: Dondozo|def|1
|
|-weather|Snowscape|[upkeep]
|-heal|p1a: Dondozo|60/100|[from] item: Leftovers
|upkeep
|turn|113
|c|☆henry151th|.
|inactive|henry151th disconnected and has 280 seconds to reconnect!
|player|p1|
|c|~a fairy|?
|inactive|henry151th has 270 seconds to reconnect!
|inactive|henry151th reconnected and has 290 seconds left.
|player|p1|henry151th|1|
|
|t:|1779648319
|move|p1a: Dondozo|Body Press|p2a: Slowking
|-damage|p2a: Slowking|65/100
|move|p2a: Slowking|Toxic|p1a: Dondozo
|-status|p1a: Dondozo|tox
|
|-weather|none
|-heal|p1a: Dondozo|66/100 tox|[from] item: Leftovers
|-damage|p1a: Dondozo|60/100 tox|[from] psn
|upkeep
|turn|114
|c|☆henry151th|A fairy my internets shit
|c|☆henry151th|Thats why 
|
|t:|1779648328
|move|p1a: Dondozo|Rest|p1a: Dondozo
|-status|p1a: Dondozo|slp|[from] move: Rest
|-heal|p1a: Dondozo|100/100 slp|[silent]
|-prepare|p2a: Slowking|Chilly Reception|[premajor]
|move|p2a: Slowking|Chilly Reception|p2a: Slowking
|-weather|Snowscape
|
|t:|1779648334
|switch|p2a: Zamazenta|Zamazenta|31/100|[from] Chilly Reception
|
|-weather|Snowscape|[upkeep]
|upkeep
|turn|115
|
|t:|1779648339
|switch|p1a: Slowking|Slowking-Galar, M|100/100 brn
|move|p2a: Zamazenta|Close Combat|p1a: Slowking
|-resisted|p1a: Slowking
|-damage|p1a: Slowking|89/100 brn
|-unboost|p2a: Zamazenta|def|1
|-unboost|p2a: Zamazenta|spd|1
|
|-weather|Snowscape|[upkeep]
|-damage|p1a: Slowking|83/100 brn|[from] brn
|upkeep
|turn|116
|
|t:|1779648346
|switch|p2a: Gliscor|Gliscor, M|100/100 tox
|move|p1a: Slowking|Sludge Bomb|p2a: Gliscor
|-resisted|p2a: Gliscor
|-crit|p2a: Gliscor
|-damage|p2a: Gliscor|72/100 tox
|
|-weather|Snowscape|[upkeep]
|-heal|p2a: Gliscor|84/100 tox|[from] ability: Poison Heal
|-damage|p1a: Slowking|77/100 brn|[from] brn
|upkeep
|turn|117
|c|~a fairy|it looked like you got mad at that turn and ragequit to run timer out fsr
|
|t:|1779648350
|switch|p2a: Garganacl|Garganacl, F|81/100
|switch|p1a: Corviknight|Corviknight, M|59/100
|-damage|p1a: Corviknight|47/100|[from] Stealth Rock
|-ability|p1a: Corviknight|Pressure
|
|-weather|Snowscape|[upkeep]
|-heal|p2a: Garganacl|88/100|[from] item: Leftovers
|upkeep
|turn|118
|
|t:|1779648361
|move|p1a: Corviknight|U-turn|p2a: Garganacl
|-damage|p2a: Garganacl|79/100
|
|t:|1779648363
|switch|p1a: Slowking|Slowking-Galar, M|100/100 brn|[from] U-turn
|move|p2a: Garganacl|Salt Cure|p1a: Slowking
|-damage|p1a: Slowking|91/100 brn
|-start|p1a: Slowking|Salt Cure
|
|-weather|none
|-heal|p2a: Garganacl|85/100|[from] item: Leftovers
|-damage|p1a: Slowking|85/100 brn|[from] brn
|-damage|p1a: Slowking|72/100 brn|[from] Salt Cure
|upkeep
|turn|119
|
|t:|1779648375
|switch|p1a: Corviknight|Corviknight, M|47/100
|-damage|p1a: Corviknight|35/100|[from] Stealth Rock
|-ability|p1a: Corviknight|Pressure
|move|p2a: Garganacl|Salt Cure|p1a: Corviknight
|-damage|p1a: Corviknight|25/100
|-start|p1a: Corviknight|Salt Cure
|
|-heal|p2a: Garganacl|92/100|[from] item: Leftovers
|-damage|p1a: Corviknight|0 fnt|[from] Salt Cure
|faint|p1a: Corviknight
|upkeep
|c|☆gorgie|hmmm
|c|☆gorgie|careful now
|c|☆henry151th|Im def bad
|
|t:|1779648385
|switch|p1a: Ting-Lu|Ting-Lu|100/100 slp
|-damage|p1a: Ting-Lu|94/100 slp|[from] Stealth Rock
|-ability|p1a: Ting-Lu|Vessel of Ruin
|turn|120
|
|t:|1779648401
|switch|p2a: Hydrapple|Hydrapple, M|100/100
|cant|p1a: Ting-Lu|slp
|move|p1a: Ting-Lu|Sleep Talk|p1a: Ting-Lu
|move|p1a: Ting-Lu|Rest||[from] move: Sleep Talk|[still]
|-fail|p1a: Ting-Lu
|
|-heal|p1a: Ting-Lu|100/100 slp|[from] item: Leftovers
|upkeep
|turn|121
|
|t:|1779648408
|switch|p1a: Slowking|Slowking-Galar, M|100/100 brn
|move|p2a: Hydrapple|Earth Power|p1a: Slowking
|-supereffective|p1a: Slowking
|-damage|p1a: Slowking|61/100 brn
|
|-damage|p1a: Slowking|55/100 brn|[from] brn
|upkeep
|turn|122
|
|t:|1779648417
|switch|p2a: Gliscor|Gliscor, M|84/100 tox
|-prepare|p1a: Slowking|Chilly Reception|[premajor]
|move|p1a: Slowking|Chilly Reception|p1a: Slowking
|-weather|Snowscape
|
|t:|1779648420
|switch|p1a: Dondozo|Dondozo, M, tera:Dark|100/100 slp|[from] Chilly Reception
|-damage|p1a: Dondozo|88/100 slp|[from] Stealth Rock
|
|-weather|Snowscape|[upkeep]
|-heal|p1a: Dondozo|94/100 slp|[from] item: Leftovers
|-heal|p2a: Gliscor|97/100 tox|[from] ability: Poison Heal
|upkeep
|turn|123
|
|t:|1779648426
|switch|p2a: Zamazenta|Zamazenta|31/100
|cant|p1a: Dondozo|slp
|
|-weather|Snowscape|[upkeep]
|-heal|p1a: Dondozo|100/100 slp|[from] item: Leftovers
|upkeep
|turn|124
|
|t:|1779648431
|switch|p1a: Slowking|Slowking-Galar, M|88/100 brn
|move|p2a: Zamazenta|Close Combat|p1a: Slowking
|-resisted|p1a: Slowking
|-damage|p1a: Slowking|78/100 brn
|-unboost|p2a: Zamazenta|def|1
|-unboost|p2a: Zamazenta|spd|1
|
|-weather|Snowscape|[upkeep]
|-damage|p1a: Slowking|72/100 brn|[from] brn
|upkeep
|turn|125
|
|t:|1779648435
|switch|p2a: Gliscor|Gliscor, M|97/100 tox
|-prepare|p1a: Slowking|Chilly Reception|[premajor]
|move|p1a: Slowking|Chilly Reception|p1a: Slowking
|
|t:|1779648437
|switch|p1a: Dondozo|Dondozo, M, tera:Dark|100/100 slp|[from] Chilly Reception
|-damage|p1a: Dondozo|88/100 slp|[from] Stealth Rock
|
|-weather|Snowscape|[upkeep]
|-heal|p1a: Dondozo|94/100 slp|[from] item: Leftovers
|-heal|p2a: Gliscor|100/100 tox|[from] ability: Poison Heal
|upkeep
|turn|126
|
|t:|1779648447
|move|p2a: Gliscor|Facade|p1a: Dondozo
|-damage|p1a: Dondozo|76/100 slp
|cant|p1a: Dondozo|slp
|
|-weather|none
|-heal|p1a: Dondozo|82/100 slp|[from] item: Leftovers
|upkeep
|turn|127
|
|t:|1779648449
|switch|p2a: Slowking|Slowking-Galar, M, tera:Water|98/100
|-curestatus|p1a: Dondozo|slp|[msg]
|move|p1a: Dondozo|Curse|p1a: Dondozo
|-unboost|p1a: Dondozo|spe|1
|-boost|p1a: Dondozo|atk|1
|-boost|p1a: Dondozo|def|1
|
|-heal|p1a: Dondozo|88/100|[from] item: Leftovers
|upkeep
|turn|128
|
|t:|1779648451
|move|p1a: Dondozo|Curse|p1a: Dondozo
|-unboost|p1a: Dondozo|spe|1
|-boost|p1a: Dondozo|atk|1
|-boost|p1a: Dondozo|def|1
|move|p2a: Slowking|Toxic|p1a: Dondozo
|-status|p1a: Dondozo|tox
|
|-heal|p1a: Dondozo|94/100 tox|[from] item: Leftovers
|-damage|p1a: Dondozo|88/100 tox|[from] psn
|upkeep
|turn|129
|
|t:|1779648458
|move|p2a: Slowking|Flamethrower|p1a: Dondozo
|-damage|p1a: Dondozo|75/100 tox
|move|p1a: Dondozo|Curse|p1a: Dondozo
|-unboost|p1a: Dondozo|spe|1
|-boost|p1a: Dondozo|atk|1
|-boost|p1a: Dondozo|def|1
|
|-heal|p1a: Dondozo|81/100 tox|[from] item: Leftovers
|-damage|p1a: Dondozo|68/100 tox|[from] psn
|upkeep
|turn|130
|
|t:|1779648461
|-prepare|p2a: Slowking|Chilly Reception|[premajor]
|move|p2a: Slowking|Chilly Reception|p2a: Slowking
|-weather|Snowscape
|
|t:|1779648468
|switch|p2a: Hydrapple|Hydrapple, M|100/100|[from] Chilly Reception
|move|p1a: Dondozo|Curse|p1a: Dondozo
|-unboost|p1a: Dondozo|spe|1
|-boost|p1a: Dondozo|atk|1
|-boost|p1a: Dondozo|def|1
|
|-weather|Snowscape|[upkeep]
|-heal|p1a: Dondozo|75/100 tox|[from] item: Leftovers
|-damage|p1a: Dondozo|56/100 tox|[from] psn
|upkeep
|turn|131
|
|t:|1779648470
|switch|p2a: Garganacl|Garganacl, F|92/100
|move|p1a: Dondozo|Rest|p1a: Dondozo
|-status|p1a: Dondozo|slp|[from] move: Rest
|-heal|p1a: Dondozo|100/100 slp|[silent]
|
|-weather|Snowscape|[upkeep]
|-heal|p2a: Garganacl|98/100|[from] item: Leftovers
|upkeep
|turn|132
|
|t:|1779648473
|move|p2a: Garganacl|Salt Cure|p1a: Dondozo
|-damage|p1a: Dondozo|98/100 slp
|-start|p1a: Dondozo|Salt Cure
|cant|p1a: Dondozo|slp
|
|-weather|Snowscape|[upkeep]
|-heal|p2a: Garganacl|100/100|[from] item: Leftovers
|-heal|p1a: Dondozo|100/100 slp|[from] item: Leftovers
|-damage|p1a: Dondozo|88/100 slp|[from] Salt Cure
|upkeep
|turn|133
|
|t:|1779648481
|switch|p2a: Hydrapple|Hydrapple, M|100/100
|cant|p1a: Dondozo|slp
|
|-weather|Snowscape|[upkeep]
|-heal|p1a: Dondozo|94/100 slp|[from] item: Leftovers
|-damage|p1a: Dondozo|82/100 slp|[from] Salt Cure
|upkeep
|turn|134
|
|t:|1779648485
|move|p2a: Hydrapple|Earth Power|p1a: Dondozo
|-damage|p1a: Dondozo|66/100 slp
|-curestatus|p1a: Dondozo|slp|[msg]
|move|p1a: Dondozo|Body Press|p2a: Hydrapple
|-damage|p2a: Hydrapple|62/100
|
|-weather|none
|-heal|p1a: Dondozo|72/100|[from] item: Leftovers
|-damage|p1a: Dondozo|60/100|[from] Salt Cure
|upkeep
|turn|135
|
|t:|1779648493
|move|p2a: Hydrapple|Earth Power|p1a: Dondozo
|-damage|p1a: Dondozo|43/100
|move|p1a: Dondozo|Body Press|p2a: Hydrapple
|-damage|p2a: Hydrapple|24/100
|
|-heal|p1a: Dondozo|49/100|[from] item: Leftovers
|-damage|p1a: Dondozo|37/100|[from] Salt Cure
|upkeep
|turn|136
|
|t:|1779648499
|switch|p2a: Slowking|Slowking-Galar, M, tera:Water|100/100
|move|p1a: Dondozo|Rest|p1a: Dondozo
|-status|p1a: Dondozo|slp|[from] move: Rest
|-heal|p1a: Dondozo|100/100 slp|[silent]
|
|-damage|p1a: Dondozo|88/100 slp|[from] Salt Cure
|upkeep
|turn|137
|
|t:|1779648506
|switch|p2a: Hydrapple|Hydrapple, M|58/100
|cant|p1a: Dondozo|slp
|
|-heal|p1a: Dondozo|94/100 slp|[from] item: Leftovers
|-damage|p1a: Dondozo|82/100 slp|[from] Salt Cure
|upkeep
|turn|138
|
|t:|1779648510
|move|p2a: Hydrapple|Giga Drain|p1a: Dondozo
|-damage|p1a: Dondozo|63/100 slp
|-heal|p2a: Hydrapple|69/100|[from] drain|[of] p1a: Dondozo
|cant|p1a: Dondozo|slp
|
|-heal|p1a: Dondozo|69/100 slp|[from] item: Leftovers
|-damage|p1a: Dondozo|57/100 slp|[from] Salt Cure
|upkeep
|turn|139
|
|t:|1779648516
|move|p2a: Hydrapple|Fickle Beam|p1a: Dondozo
|-damage|p1a: Dondozo|35/100 slp
|-curestatus|p1a: Dondozo|slp|[msg]
|move|p1a: Dondozo|Body Press|p2a: Hydrapple
|-damage|p2a: Hydrapple|35/100
|
|-heal|p1a: Dondozo|41/100|[from] item: Leftovers
|-damage|p1a: Dondozo|29/100|[from] Salt Cure
|upkeep
|turn|140
|
|t:|1779648524
|switch|p1a: Slowking|Slowking-Galar, M|100/100 brn
|move|p2a: Hydrapple|Giga Drain|p1a: Slowking
|-resisted|p1a: Slowking
|-damage|p1a: Slowking|88/100 brn
|-heal|p2a: Hydrapple|41/100|[from] drain|[of] p1a: Slowking
|
|-damage|p1a: Slowking|81/100 brn|[from] brn
|upkeep
|turn|141
|
|t:|1779648530
|switch|p2a: Gliscor|Gliscor, M|100/100 tox
|-prepare|p1a: Slowking|Chilly Reception|[premajor]
|move|p1a: Slowking|Chilly Reception|p1a: Slowking
|-weather|Snowscape
|
|t:|1779648537
|switch|p1a: Cinderace|Cinderace, M|100/100|[from] Chilly Reception
|
|-weather|Snowscape|[upkeep]
|upkeep
|turn|142
|
|t:|1779648542
|move|p2a: Gliscor|Protect|p2a: Gliscor
|-singleturn|p2a: Gliscor|Protect
|move|p1a: Cinderace|Court Change|p1a: Cinderace
|-swapsideconditions
|-activate|p1a: Cinderace|move: Court Change
|
|-weather|Snowscape|[upkeep]
|upkeep
|turn|143
|
|t:|1779648549
|move|p1a: Cinderace|U-turn|p2a: Gliscor
|-resisted|p2a: Gliscor
|-damage|p2a: Gliscor|93/100 tox
|
|t:|1779648551
|switch|p1a: Ting-Lu|Ting-Lu|100/100 slp|[from] U-turn
|-ability|p1a: Ting-Lu|Vessel of Ruin
|move|p2a: Gliscor|Earthquake|p1a: Ting-Lu
|-damage|p1a: Ting-Lu|82/100 slp
|
|-weather|Snowscape|[upkeep]
|-heal|p1a: Ting-Lu|88/100 slp|[from] item: Leftovers
|-heal|p2a: Gliscor|100/100 tox|[from] ability: Poison Heal
|upkeep
|turn|144
|
|t:|1779648556
|move|p2a: Gliscor|Earthquake|p1a: Ting-Lu
|-damage|p1a: Ting-Lu|69/100 slp
|cant|p1a: Ting-Lu|slp
|move|p1a: Ting-Lu|Sleep Talk|p1a: Ting-Lu
|move|p1a: Ting-Lu|Earthquake|p2a: Gliscor|[from] move: Sleep Talk
|-immune|p2a: Gliscor
|
|-weather|Snowscape|[upkeep]
|-heal|p1a: Ting-Lu|75/100 slp|[from] item: Leftovers
|upkeep
|turn|145
|
|t:|1779648563
|move|p2a: Gliscor|Earthquake|p1a: Ting-Lu
|-damage|p1a: Ting-Lu|58/100 slp
|-curestatus|p1a: Ting-Lu|slp|[msg]
|move|p1a: Ting-Lu|Payback|p2a: Gliscor
|-damage|p2a: Gliscor|69/100 tox
|
|-weather|none
|-heal|p1a: Ting-Lu|64/100|[from] item: Leftovers
|-heal|p2a: Gliscor|81/100 tox|[from] ability: Poison Heal
|upkeep
|turn|146
|
|t:|1779648565
|switch|p1a: Slowking|Slowking-Galar, M|100/100 brn
|move|p2a: Gliscor|Swords Dance|p2a: Gliscor
|-boost|p2a: Gliscor|atk|2
|
|-heal|p2a: Gliscor|94/100 tox|[from] ability: Poison Heal
|-damage|p1a: Slowking|94/100 brn|[from] brn
|upkeep
|turn|147
|
|t:|1779648569
|move|p2a: Gliscor|Earthquake|p1a: Slowking
|-supereffective|p1a: Slowking
|-damage|p1a: Slowking|3/100 brn
|-prepare|p1a: Slowking|Chilly Reception|[premajor]
|move|p1a: Slowking|Chilly Reception|p1a: Slowking
|-weather|Snowscape
|
|t:|1779648571
|switch|p1a: Dondozo|Dondozo, M, tera:Dark|29/100|[from] Chilly Reception
|
|-weather|Snowscape|[upkeep]
|-heal|p1a: Dondozo|35/100|[from] item: Leftovers
|-heal|p2a: Gliscor|100/100 tox|[from] ability: Poison Heal
|upkeep
|turn|148
|
|t:|1779648576
|switch|p2a: Garganacl|Garganacl, F|100/100
|-damage|p2a: Garganacl|88/100|[from] Stealth Rock
|move|p1a: Dondozo|Rest|p1a: Dondozo
|-status|p1a: Dondozo|slp|[from] move: Rest
|-heal|p1a: Dondozo|100/100 slp|[silent]
|
|-weather|Snowscape|[upkeep]
|-heal|p2a: Garganacl|94/100|[from] item: Leftovers
|upkeep
|turn|149
|
|t:|1779648579
|switch|p1a: Ting-Lu|Ting-Lu|64/100
|-ability|p1a: Ting-Lu|Vessel of Ruin
|move|p2a: Garganacl|Stealth Rock|p1a: Ting-Lu
|-sidestart|p1: henry151th|move: Stealth Rock
|
|-weather|Snowscape|[upkeep]
|-heal|p1a: Ting-Lu|70/100|[from] item: Leftovers
|-heal|p2a: Garganacl|100/100|[from] item: Leftovers
|upkeep
|turn|150
|
|t:|1779648586
|switch|p2a: Gliscor|Gliscor, M|100/100 tox
|-damage|p2a: Gliscor|88/100 tox|[from] Stealth Rock
|move|p1a: Ting-Lu|Rest|p1a: Ting-Lu
|-status|p1a: Ting-Lu|slp|[from] move: Rest
|-heal|p1a: Ting-Lu|100/100 slp|[silent]
|
|-weather|Snowscape|[upkeep]
|-heal|p2a: Gliscor|100/100 tox|[from] ability: Poison Heal
|upkeep
|turn|151
|
|t:|1779648594
|move|p2a: Gliscor|Swords Dance|p2a: Gliscor
|-boost|p2a: Gliscor|atk|2
|cant|p1a: Ting-Lu|slp
|move|p1a: Ting-Lu|Sleep Talk|p1a: Ting-Lu
|move|p1a: Ting-Lu|Rest||[from] move: Sleep Talk|[still]
|-fail|p1a: Ting-Lu
|
|-weather|none
|upkeep
|turn|152
|
|t:|1779648596
|move|p2a: Gliscor|Earthquake|p1a: Ting-Lu
|-damage|p1a: Ting-Lu|64/100 slp
|cant|p1a: Ting-Lu|slp
|move|p1a: Ting-Lu|Sleep Talk|p1a: Ting-Lu
|move|p1a: Ting-Lu|Earthquake|p2a: Gliscor|[from] move: Sleep Talk
|-immune|p2a: Gliscor
|
|-heal|p1a: Ting-Lu|70/100 slp|[from] item: Leftovers
|upkeep
|turn|153
|
|t:|1779648601
|switch|p1a: Dondozo|Dondozo, M, tera:Dark|100/100 slp
|-damage|p1a: Dondozo|88/100 slp|[from] Stealth Rock
|move|p2a: Gliscor|Facade|p1a: Dondozo
|-damage|p1a: Dondozo|70/100 slp
|
|-heal|p1a: Dondozo|76/100 slp|[from] item: Leftovers
|upkeep
|turn|154
|
|t:|1779648606
|move|p2a: Gliscor|Earthquake|p1a: Dondozo
|-damage|p1a: Dondozo|57/100 slp
|cant|p1a: Dondozo|slp
|
|-heal|p1a: Dondozo|63/100 slp|[from] item: Leftovers
|upkeep
|turn|155
|
|t:|1779648614
|switch|p2a: Garganacl|Garganacl, F|100/100
|-damage|p2a: Garganacl|88/100|[from] Stealth Rock
|cant|p1a: Dondozo|slp
|
|-heal|p2a: Garganacl|94/100|[from] item: Leftovers
|-heal|p1a: Dondozo|69/100 slp|[from] item: Leftovers
|upkeep
|turn|156
|
|t:|1779648617
|move|p2a: Garganacl|Salt Cure|p1a: Dondozo
|-damage|p1a: Dondozo|61/100 slp
|-start|p1a: Dondozo|Salt Cure
|-curestatus|p1a: Dondozo|slp|[msg]
|move|p1a: Dondozo|Waterfall|p2a: Garganacl
|-supereffective|p2a: Garganacl
|-damage|p2a: Garganacl|62/100
|
|-heal|p2a: Garganacl|68/100|[from] item: Leftovers
|-heal|p1a: Dondozo|67/100|[from] item: Leftovers
|-damage|p1a: Dondozo|55/100|[from] Salt Cure
|upkeep
|turn|157
|
|t:|1779648624
|move|p2a: Garganacl|Salt Cure|p1a: Dondozo
|-damage|p1a: Dondozo|47/100
|move|p1a: Dondozo|Waterfall|p2a: Garganacl
|-supereffective|p2a: Garganacl
|-damage|p2a: Garganacl|34/100
|
|-heal|p2a: Garganacl|41/100|[from] item: Leftovers
|-heal|p1a: Dondozo|53/100|[from] item: Leftovers
|-damage|p1a: Dondozo|41/100|[from] Salt Cure
|upkeep
|turn|158
|
|t:|1779648632
|move|p2a: Garganacl|Recover|p2a: Garganacl
|-heal|p2a: Garganacl|91/100
|move|p1a: Dondozo|Curse|p1a: Dondozo
|-unboost|p1a: Dondozo|spe|1
|-boost|p1a: Dondozo|atk|1
|-boost|p1a: Dondozo|def|1
|
|-heal|p2a: Garganacl|97/100|[from] item: Leftovers
|-heal|p1a: Dondozo|47/100|[from] item: Leftovers
|-damage|p1a: Dondozo|34/100|[from] Salt Cure
|upkeep
|turn|159
|
|t:|1779648636
|switch|p2a: Hydrapple|Hydrapple, M|74/100
|move|p1a: Dondozo|Rest|p1a: Dondozo
|-status|p1a: Dondozo|slp|[from] move: Rest
|-heal|p1a: Dondozo|100/100 slp|[silent]
|
|-damage|p1a: Dondozo|88/100 slp|[from] Salt Cure
|upkeep
|turn|160
|
|t:|1779648643
|switch|p1a: Cinderace|Cinderace, M|100/100
|move|p2a: Hydrapple|Nasty Plot|p2a: Hydrapple
|-boost|p2a: Hydrapple|spa|2
|
|upkeep
|turn|161
|-message|henry151th forfeited.
|
|win|gorgie
