|j|☆Tapferkeitsameise
|j|☆asdadac
|t:|1779721463
|gametype|singles
|player|p1|Tapferkeitsameise|serena-masters3|1569
|player|p2|asdadac|265|1554
|gen|9
|tier|[Gen 9] OU
|rated|
|rule|HP Percentage Mod: HP is shown in percentages
|rule|Endless Battle Clause: Forcing endless battles is banned
|rule|Species Clause: Limit one of each Pokémon
|rule|OHKO Clause: OHKO moves are banned
|rule|Evasion Items Clause: Evasion items are banned
|rule|Evasion Moves Clause: Evasion moves are banned
|rule|Evasion Abilities Clause: Evasion abilities are banned
|rule|Sleep Moves Clause: Sleep-inducing moves are banned
|clearpoke
|poke|p1|Slither Wing|
|poke|p1|Ninetales, F|
|poke|p1|Raging Bolt|
|poke|p1|Dragapult, F|
|poke|p1|Great Tusk|
|poke|p1|Fezandipiti, M|
|poke|p2|Volcanion|
|poke|p2|Great Tusk|
|poke|p2|Hatterene, F|
|poke|p2|Gholdengo|
|poke|p2|Dragonite, M|
|poke|p2|Weavile, M|
|teampreview
|inactive|Battle timer is ON: inactive players will automatically lose when time's up. (requested by Tapferkeitsameise)
|
|t:|1779721485
|teamsize|p1|6
|teamsize|p2|6
|start
|switch|p1a: Fezandipiti|Fezandipiti, M|100/100
|switch|p2a: 支离灭裂|Weavile, M|100/100
|-ability|p2a: 支离灭裂|Pressure
|turn|1
|
|t:|1779721491
|move|p2a: 支离灭裂|Triple Axel|p1a: Fezandipiti
|-damage|p1a: Fezandipiti|85/100
|-damage|p1a: Fezandipiti|56/100
|-damage|p1a: Fezandipiti|11/100
|-hitcount|p1a: Fezandipiti|3
|move|p1a: Fezandipiti|U-turn|p2a: 支离灭裂
|-supereffective|p2a: 支离灭裂
|-damage|p2a: 支离灭裂|37/100
|-status|p2a: 支离灭裂|tox|[from] ability: Toxic Chain|[of] p1a: Fezandipiti
|
|t:|1779721497
|switch|p1a: Ninetales|Ninetales, F|100/100|[from] U-turn
|-weather|SunnyDay|[from] ability: Drought|[of] p1a: Ninetales
|
|-weather|SunnyDay|[upkeep]
|-damage|p2a: 支离灭裂|31/100 tox|[from] psn
|upkeep
|turn|2
|
|t:|1779721522
|switch|p2a: 无我梦中|Volcanion|100/100
|switch|p1a: Slither Wing|Slither Wing|100/100
|-activate|p1a: Slither Wing|ability: Protosynthesis
|-start|p1a: Slither Wing|protosynthesisatk
|
|-weather|SunnyDay|[upkeep]
|upkeep
|turn|3
|
|t:|1779721532
|move|p1a: Slither Wing|Close Combat|p2a: 无我梦中
|-damage|p2a: 无我梦中|0 fnt
|-unboost|p1a: Slither Wing|def|1
|-unboost|p1a: Slither Wing|spd|1
|faint|p2a: 无我梦中
|
|-weather|SunnyDay|[upkeep]
|upkeep
|
|t:|1779721543
|switch|p2a: 阿鼻叫唤|Great Tusk|100/100
|-activate|p2a: 阿鼻叫唤|ability: Protosynthesis
|-start|p2a: 阿鼻叫唤|protosynthesisatk
|turn|4
|
|t:|1779721550
|move|p2a: 阿鼻叫唤|Rapid Spin|p1a: Slither Wing
|-damage|p1a: Slither Wing|57/100
|-boost|p2a: 阿鼻叫唤|spe|1
|move|p1a: Slither Wing|Close Combat|p2a: 阿鼻叫唤
|-damage|p2a: 阿鼻叫唤|3/100
|-unboost|p1a: Slither Wing|def|1
|-unboost|p1a: Slither Wing|spd|1
|
|-weather|SunnyDay|[upkeep]
|upkeep
|turn|5
|j| eternity o2
|
|t:|1779721557
|-end|p1a: Slither Wing|Protosynthesis|[silent]
|switch|p1a: Great Tusk|Great Tusk|100/100
|-activate|p1a: Great Tusk|ability: Protosynthesis
|-start|p1a: Great Tusk|protosynthesisatk
|move|p2a: 阿鼻叫唤|Ice Spinner|p1a: Great Tusk
|-supereffective|p1a: Great Tusk
|-damage|p1a: Great Tusk|58/100
|
|-weather|SunnyDay|[upkeep]
|upkeep
|turn|6
|
|t:|1779721563
|move|p2a: 阿鼻叫唤|Headlong Rush|p1a: Great Tusk
|-damage|p1a: Great Tusk|14/100
|-unboost|p2a: 阿鼻叫唤|def|1
|-unboost|p2a: 阿鼻叫唤|spd|1
|move|p1a: Great Tusk|Knock Off|p2a: 阿鼻叫唤
|-resisted|p2a: 阿鼻叫唤
|-damage|p2a: 阿鼻叫唤|0 fnt
|-enditem|p2a: 阿鼻叫唤|Assault Vest|[from] move: Knock Off|[of] p1a: Great Tusk
|faint|p2a: 阿鼻叫唤
|-end|p2a: 阿鼻叫唤|Protosynthesis|[silent]
|
|-weather|SunnyDay|[upkeep]
|upkeep
|
|t:|1779721572
|switch|p2a: 法西娅|Gholdengo|100/100
|turn|7
|
|t:|1779721574
|move|p2a: 法西娅|Shadow Ball|p1a: Great Tusk
|-damage|p1a: Great Tusk|0 fnt
|faint|p1a: Great Tusk
|-end|p1a: Great Tusk|Protosynthesis|[silent]
|
|-weather|SunnyDay|[upkeep]
|upkeep
|
|t:|1779721581
|switch|p1a: Raging Bolt|Raging Bolt|100/100
|-activate|p1a: Raging Bolt|ability: Protosynthesis
|-start|p1a: Raging Bolt|protosynthesisspa
|turn|8
|
|t:|1779721587
|switch|p2a: 我是奶龙|Dragonite, M|100/100
|move|p1a: Raging Bolt|Volt Switch|p2a: 我是奶龙
|-damage|p2a: 我是奶龙|57/100
|-message|asdadac forfeited.
|
|win|Tapferkeitsameise
|raw|Tapferkeitsameise's rating: 1569 &rarr; <strong>1588</strong><br />(+19 for winning)
|raw|asdadac's rating: 1554 &rarr; <strong>1535</strong><br />(-19 for losing)
|l|☆Tapferkeitsameise
|player|p1|
