|j|☆jorora
|j|☆FRZL.4
|t:|1779683568
|gametype|singles
|player|p1|jorora|lance|1063
|player|p2|FRZL.4|101|1079
|gen|9
|tier|[Gen 9] OU
|rated|
|rule|HP Percentage Mod: HP is shown in percentages
|rule|Endless Battle Clause: Forcing endless battles is banned
|rule|Species Clause: Limit one of each Pokémon
|rule|OHKO Clause: OHKO moves are banned
|rule|Evasion Items Clause: Evasion items are banned
|rule|Evasion Moves Clause: Evasion moves are banned
|rule|Evasion Abilities Clause: Evasion abilities are banned
|rule|Sleep Moves Clause: Sleep-inducing moves are banned
|clearpoke
|poke|p1|Crabominable, M|
|poke|p1|Ralts, F|
|poke|p1|Breloom, F|
|poke|p1|Amoonguss, F|
|poke|p1|Hitmontop, M|
|poke|p1|Gumshoos, F|
|poke|p2|Swampert, M|
|poke|p2|Corviknight, M|
|poke|p2|Infernape, M|
|poke|p2|Kingambit, M|
|poke|p2|Slowking-Galar, M|
|poke|p2|Greninja-*, M|
|teampreview
|
|t:|1779683575
|teamsize|p1|6
|teamsize|p2|6
|start
|switch|p1a: Edgar 3|Ralts, F|100/100
|switch|p2a: Swampert|Swampert, M|100/100
|turn|1
|
|t:|1779683582
|move|p2a: Swampert|Earthquake|p1a: Edgar 3
|-enditem|p1a: Edgar 3|Focus Sash
|-damage|p1a: Edgar 3|1/100
|move|p1a: Edgar 3|Trick Room|p1a: Edgar 3
|-fieldstart|move: Trick Room|[of] p1a: Edgar 3
|
|upkeep
|turn|2
|
|t:|1779683590
|move|p1a: Edgar 3|Destiny Bond|p1a: Edgar 3
|-singlemove|p1a: Edgar 3|Destiny Bond
|move|p2a: Swampert|Flip Turn|p1a: Edgar 3
|-damage|p1a: Edgar 3|0 fnt
|faint|p1a: Edgar 3
|-activate|p1a: Edgar 3|move: Destiny Bond
|faint|p2a: Swampert
|
|upkeep
|
|t:|1779683601
|switch|p1a: Edgar 2|Gumshoos, F|100/100
|switch|p2a: Corviknight|Corviknight, M, shiny|100/100
|-ability|p2a: Corviknight|Pressure
|turn|3
|
|t:|1779683613
|move|p1a: Edgar 2|Knock Off|p2a: Corviknight
|-damage|p2a: Corviknight|78/100
|-enditem|p2a: Corviknight|Leftovers|[from] move: Knock Off|[of] p1a: Edgar 2
|move|p2a: Corviknight|Brave Bird|p1a: Edgar 2
|-damage|p1a: Edgar 2|47/100
|-damage|p2a: Corviknight|62/100|[from] Recoil
|-enditem|p1a: Edgar 2|Red Card|[of] p2a: Corviknight
|drag|p2a: Infernape|Infernape, M|100/100
|
|upkeep
|turn|4
|
|t:|1779683625
|-terastallize|p1a: Edgar 2|Psychic
|move|p1a: Edgar 2|Psychic Fangs|p2a: Infernape
|-supereffective|p2a: Infernape
|-damage|p2a: Infernape|0 fnt
|faint|p2a: Infernape
|
|upkeep
|
|t:|1779683632
|switch|p2a: Corviknight|Corviknight, M, shiny|62/100
|-ability|p2a: Corviknight|Pressure
|turn|5
|
|t:|1779683639
|move|p1a: Edgar 2|Psychic Fangs|p2a: Corviknight
|-resisted|p2a: Corviknight
|-damage|p2a: Corviknight|38/100
|move|p2a: Corviknight|Roost|p2a: Corviknight
|-heal|p2a: Corviknight|88/100
|-singleturn|p2a: Corviknight|move: Roost
|
|-fieldend|move: Trick Room
|upkeep
|turn|6
|
|t:|1779683647
|move|p2a: Corviknight|Brave Bird|p1a: Edgar 2
|-damage|p1a: Edgar 2|2/100
|-damage|p2a: Corviknight|73/100|[from] Recoil
|move|p1a: Edgar 2|Ice Fang|p2a: Corviknight|[miss]
|-miss|p1a: Edgar 2|p2a: Corviknight
|
|upkeep
|turn|7
|
|t:|1779683655
|move|p2a: Corviknight|U-turn|p1a: Edgar 2
|-supereffective|p1a: Edgar 2
|-damage|p1a: Edgar 2|0 fnt
|faint|p1a: Edgar 2
|
|t:|1779683663
|switch|p2a: Slowking|Slowking-Galar, M|100/100|[from] U-turn
|
|upkeep
|inactive|Battle timer is ON: inactive players will automatically lose when time's up. (requested by jorora)
|
|t:|1779683670
|switch|p1a: Edgar 1|Hitmontop, M|100/100
|turn|8
|
|t:|1779683674
|move|p1a: Edgar 1|Fake Out|p2a: Slowking
|-damage|p2a: Slowking|80/100
|cant|p2a: Slowking|flinch
|
|upkeep
|turn|9
|
|t:|1779683683
|move|p1a: Edgar 1|Triple Axel|p2a: Slowking
|-damage|p2a: Slowking|71/100
|-damage|p2a: Slowking|50/100
|-crit|p2a: Slowking
|-damage|p2a: Slowking|5/100
|-hitcount|p2a: Slowking|3
|move|p2a: Slowking|Future Sight|p1a: Edgar 1
|-start|p2a: Slowking|move: Future Sight
|
|upkeep
|turn|10
|
|t:|1779683693
|switch|p2a: Corviknight|Corviknight, M, shiny|73/100
|-ability|p2a: Corviknight|Pressure
|move|p1a: Edgar 1|Rapid Spin|p2a: Corviknight
|-resisted|p2a: Corviknight
|-damage|p2a: Corviknight|65/100
|-boost|p1a: Edgar 1|spe|1
|
|upkeep
|turn|11
|
|t:|1779683701
|move|p1a: Edgar 1|Triple Axel|p2a: Corviknight
|-damage|p2a: Corviknight|59/100
|-damage|p2a: Corviknight|45/100
|-damage|p2a: Corviknight|26/100
|-hitcount|p2a: Corviknight|3
|move|p2a: Corviknight|Brave Bird|p1a: Edgar 1
|-supereffective|p1a: Edgar 1
|-damage|p1a: Edgar 1|9/100
|-damage|p2a: Corviknight|3/100|[from] Recoil
|
|-end|p1a: Edgar 1|move: Future Sight
|-supereffective|p1a: Edgar 1
|-damage|p1a: Edgar 1|0 fnt
|faint|p1a: Edgar 1
|upkeep
|
|t:|1779683717
|switch|p1a: Edgarminable|Crabominable, M|100/100
|turn|12
|
|t:|1779683721
|move|p2a: Corviknight|Roost|p2a: Corviknight
|-heal|p2a: Corviknight|53/100
|-singleturn|p2a: Corviknight|move: Roost
|move|p1a: Edgarminable|Thunder Punch|p2a: Corviknight
|-damage|p2a: Corviknight|24/100
|
|upkeep
|turn|13
|
|t:|1779683730
|move|p2a: Corviknight|Roost|p2a: Corviknight
|-heal|p2a: Corviknight|74/100
|-singleturn|p2a: Corviknight|move: Roost
|move|p1a: Edgarminable|Thunder Punch|p2a: Corviknight
|-damage|p2a: Corviknight|48/100
|
|upkeep
|turn|14
|
|t:|1779683738
|move|p2a: Corviknight|Brave Bird|p1a: Edgarminable
|-supereffective|p1a: Edgarminable
|-crit|p1a: Edgarminable
|-damage|p1a: Edgarminable|0 fnt
|faint|p1a: Edgarminable
|-damage|p2a: Corviknight|16/100|[from] Recoil
|
|upkeep
|
|t:|1779683744
|switch|p1a: Shield Edgar|Amoonguss, F|100/100
|turn|15
|
|t:|1779683759
|move|p2a: Corviknight|Roost|p2a: Corviknight
|-heal|p2a: Corviknight|66/100
|-singleturn|p2a: Corviknight|move: Roost
|move|p1a: Shield Edgar|Worry Seed|p2a: Corviknight
|-ability|p2a: Corviknight|Insomnia|Pressure|[from] move: Worry Seed
|
|upkeep
|turn|16
|
|t:|1779683769
|move|p2a: Corviknight|Brave Bird|p1a: Shield Edgar
|-supereffective|p1a: Shield Edgar
|-damage|p1a: Shield Edgar|19/100
|-damage|p2a: Corviknight|37/100|[from] Recoil
|move|p1a: Shield Edgar|Toxic|p2a: Corviknight
|-immune|p2a: Corviknight
|
|-heal|p1a: Shield Edgar|25/100|[from] item: Leftovers
|upkeep
|turn|17
|
|t:|1779683778
|move|p1a: Shield Edgar|Protect|p1a: Shield Edgar
|-singleturn|p1a: Shield Edgar|Protect
|move|p2a: Corviknight|Roost|p2a: Corviknight
|-heal|p2a: Corviknight|87/100
|-singleturn|p2a: Corviknight|move: Roost
|
|-heal|p1a: Shield Edgar|31/100|[from] item: Leftovers
|upkeep
|turn|18
|
|t:|1779683789
|move|p1a: Shield Edgar|Protect||[still]
|-fail|p1a: Shield Edgar
|move|p2a: Corviknight|Brave Bird|p1a: Shield Edgar
|-supereffective|p1a: Shield Edgar
|-damage|p1a: Shield Edgar|0 fnt
|faint|p1a: Shield Edgar
|-damage|p2a: Corviknight|76/100|[from] Recoil
|
|upkeep
|-message|jorora forfeited.
|
|win|FRZL.4
|raw|jorora's rating: 1091 &rarr; <strong>1067</strong><br />(-24 for losing)
|raw|FRZL.4's rating: 1079 &rarr; <strong>1108</strong><br />(+29 for winning)
|l|☆jorora
|player|p1|
|l|☆FRZL.4
|player|p2|
