|j|☆kilowatrel
|j|☆012587430a
|t:|1779701779
|gametype|singles
|player|p1|kilowatrel|leon|1508
|player|p2|012587430a|clown|1415
|gen|9
|tier|[Gen 9] OU
|rated|
|rule|HP Percentage Mod: HP is shown in percentages
|rule|Endless Battle Clause: Forcing endless battles is banned
|rule|Species Clause: Limit one of each Pokémon
|rule|OHKO Clause: OHKO moves are banned
|rule|Evasion Items Clause: Evasion items are banned
|rule|Evasion Moves Clause: Evasion moves are banned
|rule|Evasion Abilities Clause: Evasion abilities are banned
|rule|Sleep Moves Clause: Sleep-inducing moves are banned
|clearpoke
|poke|p1|Samurott-Hisui, M|
|poke|p1|Kommo-o, F|
|poke|p1|Slowking-Galar, M|
|poke|p1|Corviknight, F|
|poke|p1|Landorus-Therian, M|
|poke|p1|Meowscarada, F|
|poke|p2|Dragapult, M|
|poke|p2|Klefki, F|
|poke|p2|Ogerpon-Wellspring, F|
|poke|p2|Cinderace, F|
|poke|p2|Iron Valiant|
|poke|p2|Landorus-Therian, M|
|teampreview
|inactive|Battle timer is ON: inactive players will automatically lose when time's up. (requested by 012587430a)
|inactive|kilowatrel also wants the timer to be on.
|
|t:|1779701797
|teamsize|p1|6
|teamsize|p2|6
|start
|switch|p1a: delta|Meowscarada, F|100/100
|switch|p2a: Ogerpon|Ogerpon-Wellspring, F|100/100
|turn|1
|
|t:|1779701804
|switch|p2a: Landorus|Landorus-Therian, M|100/100
|-ability|p2a: Landorus|Intimidate|boost
|-unboost|p1a: delta|atk|1
|move|p1a: delta|U-turn|p2a: Landorus
|-start|p1a: delta|typechange|Bug|[from] ability: Protean
|-resisted|p2a: Landorus
|-damage|p2a: Landorus|89/100
|-damage|p1a: delta|84/100|[from] item: Rocky Helmet|[of] p2a: Landorus
|
|t:|1779701827
|switch|p1a: Corviknight|Corviknight, F|100/100|[from] U-turn
|-ability|p1a: Corviknight|Pressure
|
|upkeep
|turn|2
|
|t:|1779701840
|switch|p2a: Mad Max|Klefki, F|100/100
|move|p1a: Corviknight|U-turn|p2a: Mad Max
|-resisted|p2a: Mad Max
|-damage|p2a: Mad Max|97/100
|
|t:|1779701852
|switch|p1a: Landorus|Landorus-Therian, M|100/100|[from] U-turn
|-ability|p1a: Landorus|Intimidate|boost
|-unboost|p2a: Mad Max|atk|1
|
|upkeep
|turn|3
|
|t:|1779701860
|switch|p2a: Landorus|Landorus-Therian, M|89/100
|-ability|p2a: Landorus|Intimidate|boost
|-unboost|p1a: Landorus|atk|1
|move|p1a: Landorus|Stealth Rock|p2a: Landorus
|-sidestart|p2: 012587430a|move: Stealth Rock
|
|upkeep
|turn|4
|
|t:|1779701870
|switch|p1a: Corviknight|Corviknight, F|100/100
|-ability|p1a: Corviknight|Pressure
|move|p2a: Landorus|Stone Edge|p1a: Corviknight
|-damage|p1a: Corviknight|79/100
|
|upkeep
|turn|5
|
|t:|1779701885
|move|p2a: Landorus|Bulk Up|p2a: Landorus
|-boost|p2a: Landorus|atk|1
|-boost|p2a: Landorus|def|1
|move|p1a: Corviknight|U-turn|p2a: Landorus
|-resisted|p2a: Landorus
|-crit|p2a: Landorus
|-damage|p2a: Landorus|75/100
|-damage|p1a: Corviknight|62/100|[from] item: Rocky Helmet|[of] p2a: Landorus
|
|t:|1779701892
|switch|p1a: delta|Meowscarada, F|84/100|[from] U-turn
|
|upkeep
|turn|6
|inactive|012587430a has 120 seconds left.
|
|t:|1779701936
|switch|p2a: Mad Max|Klefki, F|97/100
|-damage|p2a: Mad Max|90/100|[from] Stealth Rock
|move|p1a: delta|Triple Axel|p2a: Mad Max
|-start|p1a: delta|typechange|Ice|[from] ability: Protean
|-resisted|p2a: Mad Max
|-damage|p2a: Mad Max|85/100
|-resisted|p2a: Mad Max
|-damage|p2a: Mad Max|75/100
|-resisted|p2a: Mad Max
|-damage|p2a: Mad Max|60/100
|-hitcount|p2a: Mad Max|3
|
|upkeep
|turn|7
|
|t:|1779701951
|switch|p1a: Landorus|Landorus-Therian, M|100/100
|-ability|p1a: Landorus|Intimidate|boost
|-unboost|p2a: Mad Max|atk|1
|move|p2a: Mad Max|Thunder Wave|p1a: Landorus
|-immune|p1a: Landorus
|
|upkeep
|turn|8
|
|t:|1779701964
|switch|p2a: Ogerpon|Ogerpon-Wellspring, F|100/100
|-damage|p2a: Ogerpon|88/100|[from] Stealth Rock
|move|p1a: Landorus|Earthquake|p2a: Ogerpon
|-resisted|p2a: Ogerpon
|-damage|p2a: Ogerpon|46/100
|
|upkeep
|turn|9
|inactive|012587430a has 120 seconds left.
|
|t:|1779701980
|switch|p1a: delta|Meowscarada, F|84/100
|move|p2a: Ogerpon|Ivy Cudgel|p1a: delta|[anim] Ivy Cudgel Water
|-resisted|p1a: delta
|-damage|p1a: delta|39/100
|
|upkeep
|turn|10
|
|t:|1779701993
|switch|p2a: Landorus|Landorus-Therian, M|75/100
|-damage|p2a: Landorus|63/100|[from] Stealth Rock
|-ability|p2a: Landorus|Intimidate|boost
|-unboost|p1a: delta|atk|1
|move|p1a: delta|Triple Axel|p2a: Landorus
|-start|p1a: delta|typechange|Ice|[from] ability: Protean
|-supereffective|p2a: Landorus
|-damage|p2a: Landorus|33/100
|-damage|p1a: delta|23/100|[from] item: Rocky Helmet|[of] p2a: Landorus
|-supereffective|p2a: Landorus
|-damage|p2a: Landorus|0 fnt
|-damage|p1a: delta|6/100|[from] item: Rocky Helmet|[of] p2a: Landorus
|faint|p2a: Landorus
|-hitcount|p2: Landorus|2
|
|upkeep
|inactive|012587430a has 120 seconds left.
|-message|012587430a forfeited.
|
|win|kilowatrel
|raw|kilowatrel's rating: 1508 &rarr; <strong>1523</strong><br />(+15 for winning)
|raw|012587430a's rating: 1415 &rarr; <strong>1400</strong><br />(-15 for losing)
|l|☆012587430a
|player|p2|
|l|☆kilowatrel
|player|p1|
