|j|☆Coquito mojito
|j|☆Linkinfernodouglas
|t:|1779564585
|gametype|singles
|player|p1|Coquito mojito|marlon|1262
|player|p2|Linkinfernodouglas|266|1214
|gen|9
|tier|[Gen 9] OU
|rated|
|rule|HP Percentage Mod: HP is shown in percentages
|rule|Endless Battle Clause: Forcing endless battles is banned
|rule|Species Clause: Limit one of each Pokémon
|rule|OHKO Clause: OHKO moves are banned
|rule|Evasion Items Clause: Evasion items are banned
|rule|Evasion Moves Clause: Evasion moves are banned
|rule|Evasion Abilities Clause: Evasion abilities are banned
|rule|Sleep Moves Clause: Sleep-inducing moves are banned
|clearpoke
|poke|p1|Raging Bolt|
|poke|p1|Ogerpon-Wellspring, F|
|poke|p1|Enamorus, F|
|poke|p1|Landorus-Therian, M|
|poke|p1|Corviknight, F|
|poke|p1|Iron Moth|
|poke|p2|Dragonite, M|
|poke|p2|Cinderace, M|
|poke|p2|Glimmora, M|
|poke|p2|Deoxys-Speed|
|poke|p2|Ceruledge, M|
|poke|p2|Kingambit, F|
|teampreview
|inactive|Battle timer is ON: inactive players will automatically lose when time's up. (requested by Linkinfernodouglas)
|
|t:|1779564609
|teamsize|p1|6
|teamsize|p2|6
|start
|switch|p1a: Landorus|Landorus-Therian, M|100/100
|switch|p2a: Dragonite|Dragonite, M|100/100
|-ability|p1a: Landorus|Intimidate|boost
|-unboost|p2a: Dragonite|atk|1
|turn|1
|
|t:|1779564614
|move|p1a: Landorus|Smack Down|p2a: Dragonite
|-supereffective|p2a: Dragonite
|-damage|p2a: Dragonite|89/100
|-start|p2a: Dragonite|Smack Down
|move|p2a: Dragonite|Ice Beam|p1a: Landorus
|-supereffective|p1a: Landorus
|-damage|p1a: Landorus|18/100
|
|-heal|p1a: Landorus|24/100|[from] item: Leftovers
|upkeep
|turn|2
|
|t:|1779564626
|switch|p1a: Corviknight|Corviknight, F|100/100
|-ability|p1a: Corviknight|Pressure
|move|p2a: Dragonite|Ice Beam|p1a: Corviknight
|-damage|p1a: Corviknight|86/100
|-status|p1a: Corviknight|frz
|
|upkeep
|turn|3
|
|t:|1779564646
|switch|p1a: Iron Moth|Iron Moth|100/100
|-enditem|p1a: Iron Moth|Booster Energy
|-activate|p1a: Iron Moth|ability: Quark Drive|[fromitem]
|-start|p1a: Iron Moth|quarkdrivespa
|move|p2a: Dragonite|Roost|p2a: Dragonite
|-heal|p2a: Dragonite|100/100
|-singleturn|p2a: Dragonite|move: Roost
|
|upkeep
|turn|4
|
|t:|1779564658
|switch|p2a: Glimmora|Glimmora, M|100/100
|move|p1a: Iron Moth|Dazzling Gleam|p2a: Glimmora
|-resisted|p2a: Glimmora
|-damage|p2a: Glimmora|80/100
|
|-heal|p2a: Glimmora|86/100|[from] item: Leftovers
|upkeep
|turn|5
|
|t:|1779564671
|-end|p1a: Iron Moth|Quark Drive|[silent]
|switch|p1a: Corviknight|Corviknight, F|86/100 frz
|-ability|p1a: Corviknight|Pressure
|move|p2a: Glimmora|Toxic||[still]
|-fail|p2a: Glimmora
|
|-heal|p2a: Glimmora|92/100|[from] item: Leftovers
|upkeep
|turn|6
|
|t:|1779564681
|move|p2a: Glimmora|Toxic||[still]
|-fail|p2a: Glimmora
|cant|p1a: Corviknight|frz
|
|-heal|p2a: Glimmora|99/100|[from] item: Leftovers
|upkeep
|turn|7
|
|t:|1779564686
|move|p2a: Glimmora|Power Gem|p1a: Corviknight
|-damage|p1a: Corviknight|64/100 frz
|cant|p1a: Corviknight|frz
|
|-heal|p2a: Glimmora|100/100|[from] item: Leftovers
|upkeep
|turn|8
|
|t:|1779564694
|move|p2a: Glimmora|Power Gem|p1a: Corviknight
|-damage|p1a: Corviknight|40/100 frz
|cant|p1a: Corviknight|frz
|
|upkeep
|turn|9
|
|t:|1779564702
|move|p2a: Glimmora|Power Gem|p1a: Corviknight
|-damage|p1a: Corviknight|16/100 frz
|cant|p1a: Corviknight|frz
|
|upkeep
|turn|10
|
|t:|1779564713
|switch|p1a: Ogerpon|Ogerpon-Wellspring, F|100/100
|move|p2a: Glimmora|Power Gem|p1a: Ogerpon
|-damage|p1a: Ogerpon|57/100
|
|upkeep
|turn|11
|
|t:|1779564721
|move|p2a: Glimmora|Spiky Shield|p2a: Glimmora
|-singleturn|p2a: Glimmora|move: Protect
|move|p1a: Ogerpon|Ivy Cudgel|p2a: Glimmora|[anim] Ivy Cudgel Water
|-activate|p2a: Glimmora|move: Protect
|
|upkeep
|turn|12
|
|t:|1779564731
|switch|p2a: Dragonite|Dragonite, M|100/100
|move|p1a: Ogerpon|Encore||[still]
|-fail|p1a: Ogerpon
|
|upkeep
|turn|13
|
|t:|1779564742
|switch|p1a: Iron Moth|Iron Moth|100/100
|move|p2a: Dragonite|Thunder Wave|p1a: Iron Moth
|-status|p1a: Iron Moth|par
|
|upkeep
|turn|14
|
|t:|1779564751
|switch|p2a: Glimmora|Glimmora, M|100/100
|cant|p1a: Iron Moth|par
|
|upkeep
|turn|15
|
|t:|1779564755
|move|p2a: Glimmora|Power Gem|p1a: Iron Moth
|-supereffective|p1a: Iron Moth
|-damage|p1a: Iron Moth|25/100 par
|cant|p1a: Iron Moth|par
|
|upkeep
|turn|16
|
|t:|1779564763
|move|p2a: Glimmora|Power Gem|p1a: Iron Moth
|-supereffective|p1a: Iron Moth
|-damage|p1a: Iron Moth|0 fnt
|faint|p1a: Iron Moth
|-end|p1a: Iron Moth|Quark Drive|[silent]
|
|upkeep
|
|t:|1779564770
|switch|p1a: Raging Bolt|Raging Bolt|100/100
|-enditem|p1a: Raging Bolt|Booster Energy
|-activate|p1a: Raging Bolt|ability: Protosynthesis|[fromitem]
|-start|p1a: Raging Bolt|protosynthesisspa
|turn|17
|
|t:|1779564781
|move|p2a: Glimmora|Toxic|p1a: Raging Bolt
|-status|p1a: Raging Bolt|tox
|move|p1a: Raging Bolt|Calm Mind|p1a: Raging Bolt
|-boost|p1a: Raging Bolt|spa|1
|-boost|p1a: Raging Bolt|spd|1
|
|-damage|p1a: Raging Bolt|94/100 tox|[from] psn
|upkeep
|turn|18
|
|t:|1779564800
|move|p2a: Glimmora|Earth Power|p1a: Raging Bolt
|-supereffective|p1a: Raging Bolt
|-damage|p1a: Raging Bolt|60/100 tox
|move|p1a: Raging Bolt|Calm Mind|p1a: Raging Bolt
|-boost|p1a: Raging Bolt|spa|1
|-boost|p1a: Raging Bolt|spd|1
|
|-damage|p1a: Raging Bolt|47/100 tox|[from] psn
|upkeep
|turn|19
|
|t:|1779564811
|move|p2a: Glimmora|Earth Power|p1a: Raging Bolt
|-supereffective|p1a: Raging Bolt
|-damage|p1a: Raging Bolt|23/100 tox
|move|p1a: Raging Bolt|Thunderbolt|p2a: Glimmora
|-damage|p2a: Glimmora|0 fnt
|faint|p2a: Glimmora
|
|-damage|p1a: Raging Bolt|5/100 tox|[from] psn
|upkeep
|
|t:|1779564822
|switch|p2a: Kingambit|Kingambit, F|100/100
|-ability|p2a: Kingambit|Pressure
|turn|20
|
|t:|1779564828
|-end|p1a: Raging Bolt|Protosynthesis|[silent]
|switch|p1a: Corviknight|Corviknight, F|16/100 frz
|-ability|p1a: Corviknight|Pressure
|move|p2a: Kingambit|Protect||[still]
|-fail|p2a: Kingambit
|
|upkeep
|turn|21
|
|t:|1779564837
|move|p2a: Kingambit|Substitute|p2a: Kingambit
|-start|p2a: Kingambit|Substitute
|-damage|p2a: Kingambit|76/100
|cant|p1a: Corviknight|frz
|
|-heal|p2a: Kingambit|82/100|[from] item: Leftovers
|upkeep
|turn|22
|
|t:|1779564841
|move|p2a: Kingambit|Swords Dance|p2a: Kingambit
|-boost|p2a: Kingambit|atk|2
|-curestatus|p1a: Corviknight|frz|[msg]
|move|p1a: Corviknight|Roost|p1a: Corviknight
|-heal|p1a: Corviknight|66/100
|-singleturn|p1a: Corviknight|move: Roost
|
|-heal|p2a: Kingambit|88/100|[from] item: Leftovers
|upkeep
|turn|23
|
|t:|1779564851
|move|p2a: Kingambit|Kowtow Cleave|p1a: Corviknight
|-damage|p1a: Corviknight|2/100
|-damage|p2a: Kingambit|71/100|[from] item: Rocky Helmet|[of] p1a: Corviknight
|move|p1a: Corviknight|Iron Defense|p1a: Corviknight
|-boost|p1a: Corviknight|def|2
|
|-heal|p2a: Kingambit|78/100|[from] item: Leftovers
|upkeep
|turn|24
|
|t:|1779564863
|move|p2a: Kingambit|Kowtow Cleave|p1a: Corviknight
|-crit|p1a: Corviknight
|-damage|p1a: Corviknight|0 fnt
|-damage|p2a: Kingambit|61/100|[from] item: Rocky Helmet|[of] p1a: Corviknight
|faint|p1a: Corviknight
|
|-heal|p2a: Kingambit|67/100|[from] item: Leftovers
|upkeep
|
|t:|1779564870
|switch|p1a: Ogerpon|Ogerpon-Wellspring, F|57/100
|turn|25
|
|t:|1779564878
|move|p1a: Ogerpon|Ivy Cudgel|p2a: Kingambit|[anim] Ivy Cudgel Water
|-crit|p2a: Kingambit
|-end|p2a: Kingambit|Substitute
|move|p2a: Kingambit|Kowtow Cleave|p1a: Ogerpon
|-damage|p1a: Ogerpon|0 fnt
|faint|p1a: Ogerpon
|
|-heal|p2a: Kingambit|73/100|[from] item: Leftovers
|upkeep
|
|t:|1779564886
|switch|p1a: Landorus|Landorus-Therian, M|24/100
|-ability|p1a: Landorus|Intimidate|boost
|-unboost|p2a: Kingambit|atk|1
|turn|26
|
|t:|1779564900
|move|p1a: Landorus|Earthquake|p2a: Kingambit
|-supereffective|p2a: Kingambit
|-damage|p2a: Kingambit|1/100
|move|p2a: Kingambit|Kowtow Cleave|p1a: Landorus
|-damage|p1a: Landorus|0 fnt
|faint|p1a: Landorus
|
|-heal|p2a: Kingambit|8/100|[from] item: Leftovers
|upkeep
|
|t:|1779564908
|switch|p1a: Enamorus|Enamorus, F|100/100
|turn|27
|
|t:|1779564913
|move|p1a: Enamorus|Healing Wish|p1a: Enamorus
|faint|p1a: Enamorus
|move|p2a: Kingambit|Kowtow Cleave|p1: Enamorus|[notarget]
|-fail|p2a: Kingambit
|
|-heal|p2a: Kingambit|14/100|[from] item: Leftovers
|upkeep
|
|t:|1779564917
|switch|p1a: Raging Bolt|Raging Bolt|5/100 tox
|-heal|p1a: Raging Bolt|100/100|[from] move: Healing Wish
|turn|28
|
|t:|1779564946
|move|p1a: Raging Bolt|Calm Mind|p1a: Raging Bolt
|-boost|p1a: Raging Bolt|spa|1
|-boost|p1a: Raging Bolt|spd|1
|move|p2a: Kingambit|Kowtow Cleave|p1a: Raging Bolt
|-damage|p1a: Raging Bolt|46/100
|
|-heal|p2a: Kingambit|20/100|[from] item: Leftovers
|upkeep
|turn|29
|
|t:|1779564956
|move|p1a: Raging Bolt|Thunderbolt|p2a: Kingambit
|-crit|p2a: Kingambit
|-damage|p2a: Kingambit|0 fnt
|faint|p2a: Kingambit
|
|upkeep
|
|t:|1779564965
|switch|p2a: Dragonite|Dragonite, M|100/100
|turn|30
|
|t:|1779564978
|-terastallize|p1a: Raging Bolt|Fairy
|move|p1a: Raging Bolt|Thunderbolt|p2a: Dragonite
|-crit|p2a: Dragonite
|-damage|p2a: Dragonite|45/100
|move|p2a: Dragonite|Ice Beam|p1a: Raging Bolt
|-damage|p1a: Raging Bolt|34/100
|
|upkeep
|turn|31
|
|t:|1779564987
|move|p1a: Raging Bolt|Thunderbolt|p2a: Dragonite
|-damage|p2a: Dragonite|0 fnt
|faint|p2a: Dragonite
|
|upkeep
|
|t:|1779564995
|switch|p2a: Cinderace|Cinderace, M|100/100
|turn|32
|
|t:|1779564999
|move|p1a: Raging Bolt|Thunderclap|p2a: Cinderace
|-damage|p2a: Cinderace|32/100
|move|p2a: Cinderace|Pyro Ball|p1a: Raging Bolt
|-damage|p1a: Raging Bolt|0 fnt
|faint|p1a: Raging Bolt
|-end|p1a: Raging Bolt|Protosynthesis|[silent]
|
|win|Linkinfernodouglas
|raw|Coquito mojito's rating: 1262 &rarr; <strong>1234</strong><br />(-28 for losing)
|raw|Linkinfernodouglas's rating: 1214 &rarr; <strong>1242</strong><br />(+28 for winning)
|c|☆Linkinfernodouglas|gg
