|j|☆brtarr
|j|☆LilligantDeChapeu
|t:|1779562196
|gametype|singles
|player|p1|brtarr|nate|
|player|p2|LilligantDeChapeu|acetrainerf-gen4dp|
|gen|9
|tier|[Gen 9] OU
|rule|HP Percentage Mod: HP is shown in percentages
|rule|Endless Battle Clause: Forcing endless battles is banned
|rule|Species Clause: Limit one of each Pokémon
|rule|OHKO Clause: OHKO moves are banned
|rule|Evasion Items Clause: Evasion items are banned
|rule|Evasion Moves Clause: Evasion moves are banned
|rule|Evasion Abilities Clause: Evasion abilities are banned
|rule|Sleep Moves Clause: Sleep-inducing moves are banned
|clearpoke
|poke|p1|Dragonite, M|
|poke|p1|Ting-Lu|
|poke|p1|Iron Moth|
|poke|p1|Iron Valiant|
|poke|p1|Kyurem|
|poke|p1|Gholdengo|
|poke|p2|Torkoal, M|
|poke|p2|Lilligant-Hisui, F|
|poke|p2|Iron Moth|
|poke|p2|Walking Wake|
|poke|p2|Dragonite, M|
|poke|p2|Gholdengo|
|teampreview
|inactive|Battle timer is ON: inactive players will automatically lose when time's up. (requested by LilligantDeChapeu)
|c|☆brtarr|Hf
|c|☆brtarr|Buildou Ag eu?
|c|☆brtarr|Agr*
|c|☆LilligantDeChapeu|u2
|inactive|brtarr has 270 seconds left.
|inactive|LilligantDeChapeu has 270 seconds left.
|c|☆LilligantDeChapeu|Sim
|
|t:|1779562243
|teamsize|p1|6
|teamsize|p2|6
|start
|switch|p1a: Ting-Lu|Ting-Lu|100/100
|switch|p2a: Artful|Torkoal, M|100/100
|-ability|p1a: Ting-Lu|Vessel of Ruin
|-weather|SunnyDay|[from] ability: Drought|[of] p2a: Artful
|turn|1
|
|t:|1779562261
|move|p1a: Ting-Lu|Stealth Rock|p2a: Artful
|-sidestart|p2: LilligantDeChapeu|move: Stealth Rock
|move|p2a: Artful|Stealth Rock|p1a: Ting-Lu
|-sidestart|p1: brtarr|move: Stealth Rock
|
|-weather|SunnyDay|[upkeep]
|upkeep
|turn|2
|
|t:|1779562268
|move|p1a: Ting-Lu|Earthquake|p2a: Artful
|-supereffective|p2a: Artful
|-damage|p2a: Artful|57/100
|move|p2a: Artful|Rapid Spin|p1a: Ting-Lu
|-damage|p1a: Ting-Lu|95/100
|-boost|p2a: Artful|spe|1
|-damage|p2a: Artful|40/100|[from] item: Rocky Helmet|[of] p1a: Ting-Lu
|-sideend|p2: LilligantDeChapeu|Stealth Rock|[from] move: Rapid Spin|[of] p2a: Artful
|
|-weather|SunnyDay|[upkeep]
|upkeep
|turn|3
|
|t:|1779562284
|switch|p2a: Evil Guy|Walking Wake|100/100
|-activate|p2a: Evil Guy|ability: Protosynthesis
|-start|p2a: Evil Guy|protosynthesisspe
|move|p1a: Ting-Lu|Stealth Rock|p2a: Evil Guy
|-sidestart|p2: LilligantDeChapeu|move: Stealth Rock
|
|-weather|SunnyDay|[upkeep]
|upkeep
|turn|4
|c|☆brtarr|Esse aí é problema
|inactive|brtarr has 270 seconds left.
|
|t:|1779562318
|move|p2a: Evil Guy|Hydro Steam|p1a: Ting-Lu
|-supereffective|p1a: Ting-Lu
|-damage|p1a: Ting-Lu|0 fnt
|faint|p1a: Ting-Lu
|
|-weather|SunnyDay|[upkeep]
|upkeep
|inactive|brtarr has 270 seconds left.
|inactive|brtarr has 240 seconds left.
|
|t:|1779562359
|switch|p1a: Iron Valiant|Iron Valiant|100/100
|-damage|p1a: Iron Valiant|94/100|[from] Stealth Rock
|-enditem|p1a: Iron Valiant|Booster Energy
|-activate|p1a: Iron Valiant|ability: Quark Drive|[fromitem]
|-start|p1a: Iron Valiant|quarkdrivespe
|turn|5
|inactive|brtarr has 240 seconds left.
|
|t:|1779562391
|move|p1a: Iron Valiant|Moonblast|p2a: Evil Guy
|-supereffective|p2a: Evil Guy
|-damage|p2a: Evil Guy|0 fnt
|faint|p2a: Evil Guy
|-end|p2a: Evil Guy|Protosynthesis|[silent]
|
|-weather|SunnyDay|[upkeep]
|upkeep
|
|t:|1779562403
|switch|p2a: Orchestraful|Lilligant-Hisui, F|100/100
|-damage|p2a: Orchestraful|94/100|[from] Stealth Rock
|turn|6
|inactive|brtarr has 210 seconds left.
|inactive|brtarr has 180 seconds left.
|
|t:|1779562460
|-end|p1a: Iron Valiant|Quark Drive|[silent]
|switch|p1a: Gholdengo|Gholdengo|100/100
|-damage|p1a: Gholdengo|94/100|[from] Stealth Rock
|move|p2a: Orchestraful|Solar Blade||[still]
|-prepare|p2a: Orchestraful|Solar Blade
|-anim|p2a: Orchestraful|Solar Blade|p1a: Gholdengo
|-resisted|p1a: Gholdengo
|-damage|p1a: Gholdengo|51/100
|-damage|p2a: Orchestraful|84/100|[from] item: Life Orb
|
|-weather|SunnyDay|[upkeep]
|upkeep
|turn|7
|inactive|brtarr has 180 seconds left.
|inactive|LilligantDeChapeu has 270 seconds left.
|
|t:|1779562476
|switch|p2a: Devesto|Dragonite, M|100/100
|move|p1a: Gholdengo|Shadow Ball|p2a: Devesto
|-damage|p2a: Devesto|79/100
|
|-weather|SunnyDay|[upkeep]
|upkeep
|turn|8
|
|t:|1779562486
|switch|p1a: Iron Valiant|Iron Valiant|94/100
|-damage|p1a: Iron Valiant|88/100|[from] Stealth Rock
|move|p2a: Devesto|Dragon Dance|p2a: Devesto
|-boost|p2a: Devesto|atk|1
|-boost|p2a: Devesto|spe|1
|
|-weather|none
|upkeep
|turn|9
|
|t:|1779562498
|-terastallize|p2a: Devesto|Normal
|move|p2a: Devesto|Extreme Speed|p1a: Iron Valiant
|-damage|p1a: Iron Valiant|0 fnt
|faint|p1a: Iron Valiant
|-end|p1a: Iron Valiant|Quark Drive|[silent]
|
|upkeep
|
|t:|1779562505
|switch|p1a: Iron Moth|Iron Moth|100/100
|-damage|p1a: Iron Moth|76/100|[from] Stealth Rock
|-enditem|p1a: Iron Moth|Booster Energy
|-activate|p1a: Iron Moth|ability: Quark Drive|[fromitem]
|-start|p1a: Iron Moth|quarkdrivespe
|turn|10
|
|t:|1779562521
|-terastallize|p1a: Iron Moth|Ghost
|move|p2a: Devesto|Extreme Speed|p1a: Iron Moth
|-immune|p1a: Iron Moth
|move|p1a: Iron Moth|Fiery Dance|p2a: Devesto
|-damage|p2a: Devesto|36/100
|
|upkeep
|turn|11
|inactive|brtarr has 210 seconds left.
|
|t:|1779562530
|move|p1a: Iron Moth|Fiery Dance|p2a: Devesto
|-damage|p2a: Devesto|0 fnt
|-boost|p1a: Iron Moth|spa|1
|faint|p2a: Devesto
|
|upkeep
|
|t:|1779562536
|switch|p2a: Artful|Torkoal, M|40/100
|-damage|p2a: Artful|15/100|[from] Stealth Rock
|-weather|SunnyDay|[from] ability: Drought|[of] p2a: Artful
|turn|12
|
|t:|1779562545
|switch|p2a: Kind Gal|Iron Moth|100/100
|-damage|p2a: Kind Gal|76/100|[from] Stealth Rock
|-enditem|p2a: Kind Gal|Booster Energy
|-activate|p2a: Kind Gal|ability: Quark Drive|[fromitem]
|-start|p2a: Kind Gal|quarkdrivespe
|move|p1a: Iron Moth|Substitute|p1a: Iron Moth
|-start|p1a: Iron Moth|Substitute
|-damage|p1a: Iron Moth|51/100
|
|-weather|SunnyDay|[upkeep]
|upkeep
|turn|13
|
|t:|1779562557
|move|p1a: Iron Moth|Fiery Dance|p2a: Kind Gal
|-resisted|p2a: Kind Gal
|-damage|p2a: Kind Gal|31/100
|move|p2a: Kind Gal|Sludge Wave|p1a: Iron Moth
|-resisted|p1a: Iron Moth
|-end|p1a: Iron Moth|Substitute
|
|-weather|SunnyDay|[upkeep]
|upkeep
|turn|14
|
|t:|1779562567
|move|p2a: Kind Gal|Sludge Wave|p1a: Iron Moth
|-resisted|p1a: Iron Moth
|-damage|p1a: Iron Moth|26/100
|move|p1a: Iron Moth|Fiery Dance|p2a: Kind Gal
|-resisted|p2a: Kind Gal
|-damage|p2a: Kind Gal|0 fnt
|-boost|p1a: Iron Moth|spa|1
|faint|p2a: Kind Gal
|-end|p2a: Kind Gal|Quark Drive|[silent]
|
|-weather|SunnyDay|[upkeep]
|upkeep
|
|t:|1779562575
|switch|p2a: Orchestraful|Lilligant-Hisui, F|84/100
|-damage|p2a: Orchestraful|78/100|[from] Stealth Rock
|turn|15
|
|t:|1779562581
|move|p2a: Orchestraful|Solar Blade||[still]
|-prepare|p2a: Orchestraful|Solar Blade
|-anim|p2a: Orchestraful|Solar Blade|p1a: Iron Moth
|-damage|p1a: Iron Moth|0 fnt
|faint|p1a: Iron Moth
|-end|p1a: Iron Moth|Quark Drive|[silent]
|-damage|p2a: Orchestraful|68/100|[from] item: Life Orb
|
|-weather|SunnyDay|[upkeep]
|upkeep
|inactive|brtarr has 240 seconds left.
|
|t:|1779562601
|switch|p1a: Dragonite|Dragonite, M|100/100
|turn|16
|
|t:|1779562609
|switch|p1a: Gholdengo|Gholdengo|51/100
|-damage|p1a: Gholdengo|45/100|[from] Stealth Rock
|move|p2a: Orchestraful|Triple Axel|p1a: Gholdengo|[miss]
|-miss|p2a: Orchestraful|p1a: Gholdengo
|
|-weather|SunnyDay|[upkeep]
|upkeep
|turn|17
|
|t:|1779562621
|move|p2a: Orchestraful|Solar Blade||[still]
|-prepare|p2a: Orchestraful|Solar Blade
|-anim|p2a: Orchestraful|Solar Blade|p1a: Gholdengo
|-resisted|p1a: Gholdengo
|-damage|p1a: Gholdengo|0 fnt
|faint|p1a: Gholdengo
|-damage|p2a: Orchestraful|59/100|[from] item: Life Orb
|
|-weather|SunnyDay|[upkeep]
|upkeep
|inactive|brtarr has 240 seconds left.
|
|t:|1779562634
|switch|p1a: Kyurem|Kyurem|100/100
|-damage|p1a: Kyurem|76/100|[from] Stealth Rock
|-ability|p1a: Kyurem|Pressure
|turn|18
|inactive|brtarr has 240 seconds left.
|
|t:|1779562645
|move|p2a: Orchestraful|Close Combat|p1a: Kyurem
|-supereffective|p1a: Kyurem
|-damage|p1a: Kyurem|0 fnt
|-unboost|p2a: Orchestraful|def|1
|-unboost|p2a: Orchestraful|spd|1
|faint|p1a: Kyurem
|-damage|p2a: Orchestraful|49/100|[from] item: Life Orb
|
|-weather|SunnyDay|[upkeep]
|upkeep
|
|t:|1779562649
|switch|p1a: Dragonite|Dragonite, M|100/100
|turn|19
|
|t:|1779562655
|switch|p2a: Tixful|Gholdengo|100/100
|-damage|p2a: Tixful|94/100|[from] Stealth Rock
|-item|p2a: Tixful|Air Balloon
|move|p1a: Dragonite|Extreme Speed|p2a: Tixful
|-immune|p2a: Tixful
|
|-weather|none
|upkeep
|turn|20
|
|t:|1779562670
|move|p2a: Tixful|Shadow Ball|p1a: Dragonite
|-damage|p1a: Dragonite|78/100
|move|p1a: Dragonite|Dragon Dance|p1a: Dragonite
|-boost|p1a: Dragonite|atk|1
|-boost|p1a: Dragonite|spe|1
|
|upkeep
|turn|21
|
|t:|1779562680
|move|p1a: Dragonite|Ice Spinner|p2a: Tixful
|-resisted|p2a: Tixful
|-damage|p2a: Tixful|70/100
|-enditem|p2a: Tixful|Air Balloon
|move|p2a: Tixful|Shadow Ball|p1a: Dragonite
|-damage|p1a: Dragonite|32/100
|
|upkeep
|turn|22
|
|t:|1779562689
|move|p1a: Dragonite|Earthquake|p2a: Tixful
|-supereffective|p2a: Tixful
|-damage|p2a: Tixful|0 fnt
|faint|p2a: Tixful
|
|upkeep
|
|t:|1779562695
|switch|p2a: Orchestraful|Lilligant-Hisui, F|49/100
|-damage|p2a: Orchestraful|42/100|[from] Stealth Rock
|turn|23
|
|t:|1779562706
|move|p1a: Dragonite|Ice Spinner|p2a: Orchestraful
|-supereffective|p2a: Orchestraful
|-damage|p2a: Orchestraful|0 fnt
|faint|p2a: Orchestraful
|
|upkeep
|c|☆brtarr|GGs
|inactive|LilligantDeChapeu has 270 seconds left.
|c|☆LilligantDeChapeu|gg
|
|t:|1779562741
|switch|p2a: Artful|Torkoal, M|15/100
|-damage|p2a: Artful|0 fnt|[from] Stealth Rock
|faint|p2a: Artful
|
|win|brtarr
|l|☆LilligantDeChapeu
|player|p2|
