|j|☆Bearboeloe
|j|‽BigCungusxRemix
|t:|1779723627
|gametype|singles
|player|p1|Bearboeloe|102|1329
|player|p2|BigCungusxRemix|101|1377
|gen|9
|tier|[Gen 9] OU
|rated|
|rule|HP Percentage Mod: HP is shown in percentages
|rule|Endless Battle Clause: Forcing endless battles is banned
|rule|Species Clause: Limit one of each Pokémon
|rule|OHKO Clause: OHKO moves are banned
|rule|Evasion Items Clause: Evasion items are banned
|rule|Evasion Moves Clause: Evasion moves are banned
|rule|Evasion Abilities Clause: Evasion abilities are banned
|rule|Sleep Moves Clause: Sleep-inducing moves are banned
|clearpoke
|poke|p1|Clodsire, F|
|poke|p1|Dondozo, F|
|poke|p1|Gliscor, F|
|poke|p1|Alomomola, F|
|poke|p1|Corviknight, F|
|poke|p1|Blissey, F|
|poke|p2|Volcanion|
|poke|p2|Samurott-Hisui, M|
|poke|p2|Pecharunt|
|poke|p2|Quaquaval, M|
|poke|p2|Gliscor, M|
|poke|p2|Darkrai|
|teampreview
|
|t:|1779723632
|teamsize|p1|6
|teamsize|p2|6
|start
|switch|p1a: Gliscor|Gliscor, F|100/100
|switch|p2a: Samurott|Samurott-Hisui, M|100/100
|turn|1
|
|t:|1779723638
|move|p1a: Gliscor|Protect|p1a: Gliscor
|-singleturn|p1a: Gliscor|Protect
|move|p2a: Samurott|Ceaseless Edge|p1a: Gliscor
|-activate|p1a: Gliscor|move: Protect
|
|-status|p1a: Gliscor|tox|[from] item: Toxic Orb
|upkeep
|turn|2
|
|t:|1779723650
|move|p1a: Gliscor|Toxic|p2a: Samurott|[miss]
|-miss|p1a: Gliscor|p2a: Samurott
|move|p2a: Samurott|Taunt|p1a: Gliscor
|-start|p1a: Gliscor|move: Taunt
|
|upkeep
|turn|3
|
|t:|1779723660
|move|p1a: Gliscor|Knock Off|p2a: Samurott
|-resisted|p2a: Samurott
|-damage|p2a: Samurott|89/100
|-enditem|p2a: Samurott|Focus Sash|[from] move: Knock Off|[of] p1a: Gliscor
|move|p2a: Samurott|Ceaseless Edge|p1a: Gliscor|[miss]
|-miss|p2a: Samurott|p1a: Gliscor
|
|upkeep
|turn|4
|
|t:|1779723669
|move|p1a: Gliscor|Knock Off|p2a: Samurott
|-resisted|p2a: Samurott
|-damage|p2a: Samurott|82/100
|move|p2a: Samurott|Ceaseless Edge|p1a: Gliscor
|-damage|p1a: Gliscor|70/100 tox
|-sidestart|p1: Bearboeloe|Spikes
|
|-heal|p1a: Gliscor|82/100 tox|[from] ability: Poison Heal
|upkeep
|turn|5
|
|t:|1779723677
|move|p1a: Gliscor|Knock Off|p2a: Samurott
|-resisted|p2a: Samurott
|-damage|p2a: Samurott|73/100
|move|p2a: Samurott|Ceaseless Edge|p1a: Gliscor
|-damage|p1a: Gliscor|54/100 tox
|-sidestart|p1: Bearboeloe|Spikes
|
|-heal|p1a: Gliscor|67/100 tox|[from] ability: Poison Heal
|-end|p1a: Gliscor|move: Taunt
|upkeep
|turn|6
|
|t:|1779723688
|move|p1a: Gliscor|Toxic|p2a: Samurott
|-status|p2a: Samurott|tox
|move|p2a: Samurott|Taunt|p1a: Gliscor
|-start|p1a: Gliscor|move: Taunt
|
|-heal|p1a: Gliscor|79/100 tox|[from] ability: Poison Heal
|-damage|p2a: Samurott|67/100 tox|[from] psn
|upkeep
|turn|7
|
|t:|1779723697
|switch|p1a: Alomomola|Alomomola, F, shiny|100/100
|move|p2a: Samurott|Ceaseless Edge|p1a: Alomomola
|-damage|p1a: Alomomola|76/100
|-sidestart|p1: Bearboeloe|Spikes
|
|-damage|p2a: Samurott|55/100 tox|[from] psn
|upkeep
|turn|8
|
|t:|1779723705
|switch|p2a: Volcanion|Volcanion|100/100
|move|p1a: Alomomola|Flip Turn|p2a: Volcanion
|-immune|p2a: Volcanion|[from] ability: Water Absorb
|
|upkeep
|turn|9
|
|t:|1779723712
|switch|p1a: Blissey|Blissey, F|100/100
|-damage|p1a: Blissey|76/100|[from] Spikes
|move|p2a: Volcanion|Fire Spin|p1a: Blissey
|-damage|p1a: Blissey|70/100
|-activate|p1a: Blissey|move: Fire Spin|[of] p2a: Volcanion
|
|-heal|p1a: Blissey|76/100|[from] item: Leftovers
|-damage|p1a: Blissey|63/100|[from] move: Fire Spin|[partiallytrapped]
|upkeep
|turn|10
|
|t:|1779723722
|-terastallize|p2a: Volcanion|Ghost
|move|p2a: Volcanion|Taunt|p1a: Blissey
|-start|p1a: Blissey|move: Taunt
|move|p1a: Blissey|Seismic Toss|p2a: Volcanion
|-immune|p2a: Volcanion
|
|-heal|p1a: Blissey|69/100|[from] item: Leftovers
|-damage|p1a: Blissey|57/100|[from] move: Fire Spin|[partiallytrapped]
|upkeep
|turn|11
|l|☆Bearboeloe
|player|p1|
|inactive|Battle timer is ON: inactive players will automatically lose when time's up. (requested by BigCungusxRemix)
|inactive|Bearboeloe has 30 seconds to reconnect!
|inactive|Bearboeloe has 20 seconds to reconnect!
|inactive|Bearboeloe has 15 seconds to reconnect!
|inactive|Bearboeloe has 10 seconds to reconnect!
|inactive|Bearboeloe has 5 seconds to reconnect!
|-message|Bearboeloe lost due to inactivity.
|
|win|BigCungusxRemix
|raw|Bearboeloe's rating: 1329 &rarr; <strong>1312</strong><br />(-17 for losing)
|raw|BigCungusxRemix's rating: 1377 &rarr; <strong>1394</strong><br />(+17 for winning)
