|j|☆azsd
|j|‽legendaryx8
|t:|1779555890
|gametype|singles
|player|p1|azsd|silver-masters|1229
|player|p2|legendaryx8|cameraman|1229
|gen|9
|tier|[Gen 9] OU
|rated|
|rule|HP Percentage Mod: HP is shown in percentages
|rule|Endless Battle Clause: Forcing endless battles is banned
|rule|Species Clause: Limit one of each Pokémon
|rule|OHKO Clause: OHKO moves are banned
|rule|Evasion Items Clause: Evasion items are banned
|rule|Evasion Moves Clause: Evasion moves are banned
|rule|Evasion Abilities Clause: Evasion abilities are banned
|rule|Sleep Moves Clause: Sleep-inducing moves are banned
|clearpoke
|poke|p1|Rillaboom, M|
|poke|p1|Hawlucha, M|
|poke|p1|Ogerpon-Cornerstone, F|
|poke|p1|Heatran, M|
|poke|p1|Meowscarada, M|
|poke|p1|Iron Leaves|
|poke|p2|Reuniclus, F|
|poke|p2|Ursaluna, M|
|poke|p2|Hatterene, F|
|poke|p2|Emboar, F|
|poke|p2|Glastrier|
|poke|p2|Cresselia, F|
|teampreview
|inactive|Battle timer is ON: inactive players will automatically lose when time's up. (requested by azsd)
|
|t:|1779555919
|teamsize|p1|6
|teamsize|p2|6
|start
|switch|p1a: Rillaboom|Rillaboom, M, shiny|100/100
|switch|p2a: Emboar|Emboar, F|100/100
|-fieldstart|move: Grassy Terrain|[from] ability: Grassy Surge|[of] p1a: Rillaboom
|turn|1
|
|t:|1779555930
|switch|p1a: Heatran|Heatran, M, shiny|100/100
|move|p2a: Emboar|Flare Blitz|p1a: Heatran
|-start|p1a: Heatran|ability: Flash Fire
|
|upkeep
|turn|2
|
|t:|1779555943
|move|p1a: Heatran|Magma Storm|p2a: Emboar|[miss]
|-miss|p1a: Heatran|p2a: Emboar
|move|p2a: Emboar|Close Combat|p1a: Heatran
|-supereffective|p1a: Heatran
|-damage|p1a: Heatran|0 fnt
|-unboost|p2a: Emboar|def|1
|-unboost|p2a: Emboar|spd|1
|faint|p1a: Heatran
|-damage|p2a: Emboar|91/100|[from] item: Life Orb
|
|-heal|p2a: Emboar|97/100|[from] Grassy Terrain
|upkeep
|
|t:|1779555949
|switch|p1a: Hawlucha|Hawlucha, M|100/100
|-enditem|p1a: Hawlucha|Grassy Seed
|-boost|p1a: Hawlucha|def|1|[from] item: Grassy Seed
|turn|3
|
|t:|1779555967
|switch|p2a: Cresselia|Cresselia, F|100/100
|move|p1a: Hawlucha|Substitute|p1a: Hawlucha
|-start|p1a: Hawlucha|Substitute
|-damage|p1a: Hawlucha|76/100
|
|upkeep
|turn|4
|
|t:|1779555974
|move|p1a: Hawlucha|Swords Dance|p1a: Hawlucha
|-boost|p1a: Hawlucha|atk|2
|move|p2a: Cresselia|Trick Room|p2a: Cresselia
|-fieldstart|move: Trick Room|[of] p2a: Cresselia
|
|upkeep
|turn|5
|
|t:|1779555985
|move|p2a: Cresselia|Psychic|p1a: Hawlucha
|-supereffective|p1a: Hawlucha
|-end|p1a: Hawlucha|Substitute
|move|p1a: Hawlucha|Swords Dance|p1a: Hawlucha
|-boost|p1a: Hawlucha|atk|2
|
|upkeep
|turn|6
|
|t:|1779555997
|move|p2a: Cresselia|Psychic|p1a: Hawlucha
|-supereffective|p1a: Hawlucha
|-damage|p1a: Hawlucha|0 fnt
|faint|p1a: Hawlucha
|
|upkeep
|
|t:|1779556002
|switch|p1a: Meowscarada|Meowscarada, M, shiny|100/100
|turn|7
|inactive|legendaryx8 has 120 seconds left.
|
|t:|1779556032
|-terastallize|p2a: Cresselia|Fairy
|move|p2a: Cresselia|Moonblast|p1a: Meowscarada
|-supereffective|p1a: Meowscarada
|-damage|p1a: Meowscarada|18/100
|move|p1a: Meowscarada|Knock Off|p2a: Cresselia
|-start|p1a: Meowscarada|typechange|Dark|[from] ability: Protean
|-resisted|p2a: Cresselia
|-damage|p2a: Cresselia|89/100
|-enditem|p2a: Cresselia|Mental Herb|[from] move: Knock Off|[of] p1a: Meowscarada
|
|-heal|p1a: Meowscarada|24/100|[from] Grassy Terrain
|upkeep
|turn|8
|inactive|legendaryx8 has 120 seconds left.
|
|t:|1779556046
|switch|p1a: Rillaboom|Rillaboom, M, shiny|100/100
|move|p2a: Cresselia|Moonblast|p1a: Rillaboom
|-damage|p1a: Rillaboom|64/100
|
|-heal|p1a: Rillaboom|70/100|[from] Grassy Terrain
|-fieldend|move: Trick Room
|-fieldend|move: Grassy Terrain
|upkeep
|turn|9
|inactive|legendaryx8 has 120 seconds left.
|
|t:|1779556077
|move|p1a: Rillaboom|U-turn|p2a: Cresselia
|-resisted|p2a: Cresselia
|-damage|p2a: Cresselia|81/100
|
|t:|1779556088
|switch|p1a: Iron Leaves|Iron Leaves|100/100|[from] U-turn
|move|p2a: Cresselia|Trick Room|p2a: Cresselia
|-fieldstart|move: Trick Room|[of] p2a: Cresselia
|
|upkeep
|turn|10
|
|t:|1779556101
|switch|p2a: Glastrier|Glastrier|100/100
|move|p1a: Iron Leaves|Leaf Blade|p2a: Glastrier
|-damage|p2a: Glastrier|52/100
|
|upkeep
|turn|11
|
|t:|1779556110
|-end|p1a: Iron Leaves|Quark Drive|[silent]
|switch|p1a: Meowscarada|Meowscarada, M, shiny|24/100
|move|p2a: Glastrier|Icicle Crash|p1a: Meowscarada
|-supereffective|p1a: Meowscarada
|-damage|p1a: Meowscarada|0 fnt
|faint|p1a: Meowscarada
|-ability|p2a: Glastrier|Chilling Neigh|boost
|-boost|p2a: Glastrier|atk|1
|-damage|p2a: Glastrier|42/100|[from] item: Life Orb
|
|upkeep
|
|t:|1779556116
|switch|p1a: Ogerpon|Ogerpon-Cornerstone, F|100/100
|turn|12
|inactive|legendaryx8 has 120 seconds left.
|
|t:|1779556123
|-terastallize|p1a: Ogerpon|Rock
|detailschange|p1a: Ogerpon|Ogerpon-Cornerstone-Tera, F, tera:Rock
|-ability|p1a: Ogerpon|Embody Aspect (Cornerstone)|boost
|-boost|p1a: Ogerpon|def|1
|move|p2a: Glastrier|Close Combat|p1a: Ogerpon
|-supereffective|p1a: Ogerpon
|-damage|p1a: Ogerpon|0 fnt
|-unboost|p2a: Glastrier|def|1
|-unboost|p2a: Glastrier|spd|1
|faint|p1a: Ogerpon
|detailschange|p1: Ogerpon|Ogerpon-Cornerstone, F|[silent]
|-ability|p2a: Glastrier|Chilling Neigh|boost
|-boost|p2a: Glastrier|atk|1
|-damage|p2a: Glastrier|32/100|[from] item: Life Orb
|
|upkeep
|
|t:|1779556130
|switch|p1a: Iron Leaves|Iron Leaves|100/100
|turn|13
|
|t:|1779556139
|move|p2a: Glastrier|Icicle Crash|p1a: Iron Leaves
|-supereffective|p1a: Iron Leaves
|-damage|p1a: Iron Leaves|0 fnt
|faint|p1a: Iron Leaves
|-end|p1a: Iron Leaves|Quark Drive|[silent]
|-ability|p2a: Glastrier|Chilling Neigh|boost
|-boost|p2a: Glastrier|atk|1
|-damage|p2a: Glastrier|23/100|[from] item: Life Orb
|
|-fieldend|move: Trick Room
|upkeep
|
|t:|1779556141
|switch|p1a: Rillaboom|Rillaboom, M, shiny|70/100
|-fieldstart|move: Grassy Terrain|[from] ability: Grassy Surge|[of] p1a: Rillaboom
|turn|14
|-message|azsd forfeited.
|
|win|legendaryx8
|raw|azsd's rating: 1229 &rarr; <strong>1204</strong><br />(-25 for losing)
|raw|legendaryx8's rating: 1229 &rarr; <strong>1254</strong><br />(+25 for winning)
|l|☆azsd
|player|p1|
|l|‽legendaryx8
|player|p2|
