|j|☆interceptor_xwing
|j|☆ihymyly
|t:|1779682250
|gametype|singles
|player|p1|interceptor_xwing|265|1572
|player|p2|ihymyly|266|1600
|gen|9
|tier|[Gen 9] OU
|rated|
|rule|HP Percentage Mod: HP is shown in percentages
|rule|Endless Battle Clause: Forcing endless battles is banned
|rule|Species Clause: Limit one of each Pokémon
|rule|OHKO Clause: OHKO moves are banned
|rule|Evasion Items Clause: Evasion items are banned
|rule|Evasion Moves Clause: Evasion moves are banned
|rule|Evasion Abilities Clause: Evasion abilities are banned
|rule|Sleep Moves Clause: Sleep-inducing moves are banned
|clearpoke
|poke|p1|Ogerpon-Wellspring, F|
|poke|p1|Great Tusk|
|poke|p1|Dondozo, F|
|poke|p1|Tornadus-Therian, M|
|poke|p1|Hatterene, F|
|poke|p1|Heatran, M|
|poke|p2|Darkrai|
|poke|p2|Skarmory, F|
|poke|p2|Great Tusk|
|poke|p2|Latios, M|
|poke|p2|Weavile, M|
|poke|p2|Ogerpon-Wellspring, F|
|teampreview
|
|t:|1779682261
|teamsize|p1|6
|teamsize|p2|6
|start
|switch|p1a: Heatran|Heatran, M|100/100
|switch|p2a: Latios|Latios, M|100/100
|turn|1
|inactive|Battle timer is ON: inactive players will automatically lose when time's up. (requested by interceptor_xwing)
|
|t:|1779682267
|move|p2a: Latios|Calm Mind|p2a: Latios
|-boost|p2a: Latios|spa|1
|-boost|p2a: Latios|spd|1
|move|p1a: Heatran|Flash Cannon|p2a: Latios
|-damage|p2a: Latios|71/100
|
|upkeep
|turn|2
|
|t:|1779682273
|switch|p1a: Hatterene|Hatterene, F|100/100
|move|p2a: Latios|Luster Purge|p1a: Hatterene
|-resisted|p1a: Hatterene
|-damage|p1a: Hatterene|71/100
|
|upkeep
|turn|3
|
|t:|1779682280
|move|p2a: Latios|Calm Mind|p2a: Latios
|-boost|p2a: Latios|spa|1
|-boost|p2a: Latios|spd|1
|move|p1a: Hatterene|Draining Kiss|p2a: Latios
|-supereffective|p2a: Latios
|-damage|p2a: Latios|42/100
|-heal|p1a: Hatterene|92/100|[from] drain|[of] p2a: Latios
|
|upkeep
|turn|4
|
|t:|1779682285
|move|p2a: Latios|Recover|p2a: Latios
|-heal|p2a: Latios|92/100
|move|p1a: Hatterene|Psychic Noise|p2a: Latios
|-resisted|p2a: Latios
|-damage|p2a: Latios|80/100
|-start|p2a: Latios|move: Heal Block
|
|upkeep
|turn|5
|
|t:|1779682294
|switch|p1a: Tornadus|Tornadus-Therian, M|100/100
|move|p2a: Latios|Luster Purge|p1a: Tornadus
|-damage|p1a: Tornadus|0 fnt
|faint|p1a: Tornadus
|
|-end|p2a: Latios|move: Heal Block
|upkeep
|
|t:|1779682299
|switch|p1a: Dondozo|Dondozo, F|100/100
|turn|6
|
|t:|1779682303
|move|p2a: Latios|Luster Purge|p1a: Dondozo
|-damage|p1a: Dondozo|60/100
|-unboost|p1a: Dondozo|spd|1
|move|p1a: Dondozo|Curse|p1a: Dondozo
|-unboost|p1a: Dondozo|spe|1
|-boost|p1a: Dondozo|atk|1
|-boost|p1a: Dondozo|def|1
|
|-heal|p1a: Dondozo|66/100|[from] item: Leftovers
|upkeep
|turn|7
|
|t:|1779682310
|move|p2a: Latios|Luster Purge|p1a: Dondozo
|-damage|p1a: Dondozo|12/100
|-unboost|p1a: Dondozo|spd|1
|move|p1a: Dondozo|Wave Crash|p2a: Latios
|-resisted|p2a: Latios
|-damage|p2a: Latios|39/100
|-damage|p1a: Dondozo|4/100|[from] Recoil
|
|-heal|p1a: Dondozo|10/100|[from] item: Leftovers
|upkeep
|turn|8
|
|t:|1779682317
|move|p2a: Latios|Recover|p2a: Latios
|-heal|p2a: Latios|90/100
|move|p1a: Dondozo|Wave Crash|p2a: Latios
|-resisted|p2a: Latios
|-damage|p2a: Latios|48/100
|-damage|p1a: Dondozo|2/100|[from] Recoil
|
|-heal|p1a: Dondozo|8/100|[from] item: Leftovers
|upkeep
|turn|9
|
|t:|1779682323
|move|p2a: Latios|Recover|p2a: Latios
|-heal|p2a: Latios|98/100
|move|p1a: Dondozo|Wave Crash|p2a: Latios
|-resisted|p2a: Latios
|-damage|p2a: Latios|54/100
|-damage|p1a: Dondozo|0 fnt|[from] Recoil
|faint|p1a: Dondozo
|
|upkeep
|
|t:|1779682326
|switch|p1a: Ogerpon|Ogerpon-Wellspring, F|100/100
|turn|10
|
|t:|1779682330
|-terastallize|p1a: Ogerpon|Water
|detailschange|p1a: Ogerpon|Ogerpon-Wellspring-Tera, F, tera:Water
|-ability|p1a: Ogerpon|Embody Aspect (Wellspring)|boost
|-boost|p1a: Ogerpon|spd|1
|move|p1a: Ogerpon|Play Rough|p2a: Latios
|-supereffective|p2a: Latios
|-damage|p2a: Latios|0 fnt
|faint|p2a: Latios
|
|upkeep
|
|t:|1779682341
|switch|p2a: Ogerpon|Ogerpon-Wellspring, F|100/100
|turn|11
|
|t:|1779682347
|move|p1a: Ogerpon|Horn Leech|p2a: Ogerpon
|-damage|p2a: Ogerpon|44/100
|move|p2a: Ogerpon|Horn Leech|p1a: Ogerpon
|-supereffective|p1a: Ogerpon
|-damage|p1a: Ogerpon|0 fnt
|-heal|p2a: Ogerpon|95/100|[from] drain|[of] p1a: Ogerpon
|faint|p1a: Ogerpon
|detailschange|p1: Ogerpon|Ogerpon-Wellspring, F|[silent]
|
|upkeep
|-message|interceptor_xwing forfeited.
|
|win|ihymyly
|raw|interceptor_xwing's rating: 1572 &rarr; <strong>1554</strong><br />(-18 for losing)
|raw|ihymyly's rating: 1600 &rarr; <strong>1618</strong><br />(+18 for winning)
|l|☆interceptor_xwing
|player|p1|
|l|☆ihymyly
|player|p2|
