|j|☆Magyk19
|j|☆kanitanku
|t:|1779556789
|gametype|singles
|player|p1|Magyk19|riley|1327
|player|p2|kanitanku|170|1365
|gen|9
|tier|[Gen 9] OU
|rated|
|rule|HP Percentage Mod: HP is shown in percentages
|rule|Endless Battle Clause: Forcing endless battles is banned
|rule|Species Clause: Limit one of each Pokémon
|rule|OHKO Clause: OHKO moves are banned
|rule|Evasion Items Clause: Evasion items are banned
|rule|Evasion Moves Clause: Evasion moves are banned
|rule|Evasion Abilities Clause: Evasion abilities are banned
|rule|Sleep Moves Clause: Sleep-inducing moves are banned
|clearpoke
|poke|p1|Tyranitar, M|
|poke|p1|Samurott-Hisui, M|
|poke|p1|Incineroar, M|
|poke|p1|Excadrill, F|
|poke|p1|Hippowdon, F|
|poke|p1|Noivern, F|
|poke|p2|Torkoal, F|
|poke|p2|Hatterene, F|
|poke|p2|Porygon2|
|poke|p2|Ursaluna, F|
|poke|p2|Iron Hands|
|poke|p2|Brute Bonnet|
|teampreview
|
|t:|1779556796
|teamsize|p1|6
|teamsize|p2|6
|start
|switch|p1a: Barnabas Tharmr|Samurott-Hisui, M|100/100
|switch|p2a: Hatterene|Hatterene, F|100/100
|turn|1
|inactive|Battle timer is ON: inactive players will automatically lose when time's up. (requested by Magyk19)
|
|t:|1779556803
|move|p1a: Barnabas Tharmr|Ceaseless Edge|p2a: Hatterene
|-damage|p2a: Hatterene|60/100
|-sidestart|p2: kanitanku|Spikes
|move|p2a: Hatterene|Trick Room|p2a: Hatterene
|-fieldstart|move: Trick Room|[of] p2a: Hatterene
|
|upkeep
|turn|2
|
|t:|1779556811
|move|p2a: Hatterene|Dazzling Gleam|p1a: Barnabas Tharmr
|-supereffective|p1a: Barnabas Tharmr
|-damage|p1a: Barnabas Tharmr|39/100
|move|p1a: Barnabas Tharmr|Razor Shell|p2a: Hatterene
|-damage|p2a: Hatterene|13/100
|-unboost|p2a: Hatterene|def|1
|
|upkeep
|turn|3
|
|t:|1779556824
|switch|p1a: Dominik Mysterio|Incineroar, M|100/100
|-ability|p1a: Dominik Mysterio|Intimidate|boost
|-unboost|p2a: Hatterene|atk|1
|move|p2a: Hatterene|Healing Wish|p2a: Hatterene
|faint|p2a: Hatterene
|
|upkeep
|
|t:|1779556831
|switch|p2a: Ursaluna|Ursaluna, F|100/100
|-damage|p2a: Ursaluna|88/100|[from] Spikes
|turn|4
|
|t:|1779556838
|switch|p1a: Gloria|Hippowdon, F|100/100
|-weather|Sandstorm|[from] ability: Sand Stream|[of] p1a: Gloria
|move|p2a: Ursaluna|Headlong Rush|p1a: Gloria
|-damage|p1a: Gloria|63/100
|-unboost|p2a: Ursaluna|def|1
|-unboost|p2a: Ursaluna|spd|1
|
|-weather|Sandstorm|[upkeep]
|-heal|p1a: Gloria|70/100|[from] item: Leftovers
|-status|p2a: Ursaluna|brn|[from] item: Flame Orb
|upkeep
|turn|5
|
|t:|1779556850
|-terastallize|p2a: Ursaluna|Normal
|move|p2a: Ursaluna|Facade|p1a: Gloria
|-damage|p1a: Gloria|0 fnt
|faint|p1a: Gloria
|
|-weather|Sandstorm|[upkeep]
|-damage|p2a: Ursaluna|82/100 brn|[from] Sandstorm
|-damage|p2a: Ursaluna|76/100 brn|[from] brn
|-fieldend|move: Trick Room
|upkeep
|
|t:|1779556860
|switch|p1a: Dominik Mysterio|Incineroar, M|100/100
|-ability|p1a: Dominik Mysterio|Intimidate|boost
|-unboost|p2a: Ursaluna|atk|1
|turn|6
|
|t:|1779556867
|switch|p1a: Barbara Gordon|Noivern, F|100/100
|switch|p2a: Porygon2|Porygon2|100/100
|-damage|p2a: Porygon2|88/100|[from] Spikes
|-ability|p2a: Porygon2|Download|boost
|-boost|p2a: Porygon2|spa|1
|
|-weather|Sandstorm|[upkeep]
|-damage|p1a: Barbara Gordon|94/100|[from] Sandstorm
|-damage|p2a: Porygon2|82/100|[from] Sandstorm
|upkeep
|turn|7
|
|t:|1779556877
|move|p1a: Barbara Gordon|Draco Meteor|p2a: Porygon2
|-damage|p2a: Porygon2|45/100
|-unboost|p1a: Barbara Gordon|spa|2
|move|p2a: Porygon2|Trick Room|p2a: Porygon2
|-fieldstart|move: Trick Room|[of] p2a: Porygon2
|
|-weather|Sandstorm|[upkeep]
|-damage|p2a: Porygon2|39/100|[from] Sandstorm
|-damage|p1a: Barbara Gordon|88/100|[from] Sandstorm
|upkeep
|turn|8
|
|t:|1779556888
|switch|p2a: Iron Hands|Iron Hands|100/100
|-damage|p2a: Iron Hands|88/100|[from] Spikes
|-enditem|p2a: Iron Hands|Booster Energy
|-activate|p2a: Iron Hands|ability: Quark Drive|[fromitem]
|-start|p2a: Iron Hands|quarkdriveatk
|move|p1a: Barbara Gordon|U-turn|p2a: Iron Hands
|-resisted|p2a: Iron Hands
|-damage|p2a: Iron Hands|84/100
|
|t:|1779556896
|switch|p1a: Dominik Mysterio|Incineroar, M|100/100|[from] U-turn
|-ability|p1a: Dominik Mysterio|Intimidate|boost
|-unboost|p2a: Iron Hands|atk|1
|
|-weather|none
|upkeep
|turn|9
|
|t:|1779556902
|move|p2a: Iron Hands|Close Combat|p1a: Dominik Mysterio
|-supereffective|p1a: Dominik Mysterio
|-damage|p1a: Dominik Mysterio|0 fnt
|-unboost|p2a: Iron Hands|def|1
|-unboost|p2a: Iron Hands|spd|1
|faint|p1a: Dominik Mysterio
|
|upkeep
|
|t:|1779556910
|switch|p1a: Barbara Gordon|Noivern, F|88/100
|turn|10
|
|t:|1779556913
|move|p2a: Iron Hands|Ice Punch|p1a: Barbara Gordon
|-supereffective|p1a: Barbara Gordon
|-damage|p1a: Barbara Gordon|0 fnt
|faint|p1a: Barbara Gordon
|
|upkeep
|
|t:|1779556917
|switch|p1a: Barnabas Tharmr|Samurott-Hisui, M|39/100
|turn|11
|
|t:|1779556932
|move|p2a: Iron Hands|Close Combat|p1a: Barnabas Tharmr
|-supereffective|p1a: Barnabas Tharmr
|-damage|p1a: Barnabas Tharmr|0 fnt
|-unboost|p2a: Iron Hands|def|1
|-unboost|p2a: Iron Hands|spd|1
|faint|p1a: Barnabas Tharmr
|
|-fieldend|move: Trick Room
|upkeep
|
|t:|1779556943
|switch|p1a: Hulk|Tyranitar, M|100/100
|-weather|Sandstorm|[from] ability: Sand Stream|[of] p1a: Hulk
|turn|12
|
|t:|1779556947
|-end|p2a: Iron Hands|Quark Drive|[silent]
|switch|p2a: Porygon2|Porygon2|39/100
|-heal|p2a: Porygon2|100/100|[from] move: Healing Wish
|-damage|p2a: Porygon2|88/100|[from] Spikes
|-ability|p2a: Porygon2|Download|boost
|-boost|p2a: Porygon2|spa|1
|move|p1a: Hulk|Earthquake|p2a: Porygon2
|-damage|p2a: Porygon2|56/100
|-damage|p1a: Hulk|91/100|[from] item: Life Orb
|
|-weather|Sandstorm|[upkeep]
|-damage|p2a: Porygon2|50/100|[from] Sandstorm
|upkeep
|turn|13
|
|t:|1779556955
|move|p1a: Hulk|Dragon Dance|p1a: Hulk
|-boost|p1a: Hulk|atk|1
|-boost|p1a: Hulk|spe|1
|move|p2a: Porygon2|Trick Room|p2a: Porygon2
|-fieldstart|move: Trick Room|[of] p2a: Porygon2
|
|-weather|Sandstorm|[upkeep]
|-damage|p2a: Porygon2|44/100|[from] Sandstorm
|upkeep
|turn|14
|
|t:|1779556964
|switch|p2a: Torkoal|Torkoal, F|100/100
|-damage|p2a: Torkoal|88/100|[from] Spikes
|-weather|SunnyDay|[from] ability: Drought|[of] p2a: Torkoal
|move|p1a: Hulk|Dragon Dance|p1a: Hulk
|-boost|p1a: Hulk|atk|1
|-boost|p1a: Hulk|spe|1
|
|-weather|SunnyDay|[upkeep]
|upkeep
|turn|15
|
|t:|1779556974
|move|p2a: Torkoal|Earth Power|p1a: Hulk
|-supereffective|p1a: Hulk
|-damage|p1a: Hulk|8/100
|move|p1a: Hulk|Rock Slide|p2a: Torkoal
|-supereffective|p2a: Torkoal
|-damage|p2a: Torkoal|0 fnt
|faint|p2a: Torkoal
|-damage|p1a: Hulk|0 fnt|[from] item: Life Orb
|faint|p1a: Hulk
|
|-weather|SunnyDay|[upkeep]
|upkeep
|
|t:|1779556984
|switch|p2a: Brute Bonnet|Brute Bonnet|100/100
|switch|p1a: Yoko|Excadrill, F, shiny|100/100
|-damage|p2a: Brute Bonnet|88/100|[from] Spikes
|-activate|p2a: Brute Bonnet|ability: Protosynthesis
|-start|p2a: Brute Bonnet|protosynthesisatk
|turn|16
|
|t:|1779557004
|-terastallize|p1a: Yoko|Steel
|move|p2a: Brute Bonnet|Crunch|p1a: Yoko
|-damage|p1a: Yoko|0 fnt
|faint|p1a: Yoko
|-damage|p2a: Brute Bonnet|78/100|[from] item: Life Orb
|
|win|kanitanku
|raw|Magyk19's rating: 1327 &rarr; <strong>1309</strong><br />(-18 for losing)
|raw|kanitanku's rating: 1365 &rarr; <strong>1383</strong><br />(+18 for winning)
|l|☆Magyk19
|player|p1|
|l|☆kanitanku
|player|p2|
