|j|☆Fear covraa
|j|☆Asheless
|t:|1779575491
|gametype|singles
|player|p1|Fear covraa|waiter-gen4|1346
|player|p2|Asheless|101|1365
|gen|9
|tier|[Gen 9] OU
|rated|
|rule|HP Percentage Mod: HP is shown in percentages
|rule|Endless Battle Clause: Forcing endless battles is banned
|rule|Species Clause: Limit one of each Pokémon
|rule|OHKO Clause: OHKO moves are banned
|rule|Evasion Items Clause: Evasion items are banned
|rule|Evasion Moves Clause: Evasion moves are banned
|rule|Evasion Abilities Clause: Evasion abilities are banned
|rule|Sleep Moves Clause: Sleep-inducing moves are banned
|clearpoke
|poke|p1|Ceruledge, M|
|poke|p1|Thundurus, M|
|poke|p1|Polteageist-Antique|
|poke|p1|Glimmora, F|
|poke|p1|Darkrai|
|poke|p1|Zamazenta-*|
|poke|p2|Rillaboom, F|
|poke|p2|Samurott-Hisui, M|
|poke|p2|Dragonite, M|
|poke|p2|Great Tusk|
|poke|p2|Moltres|
|poke|p2|Kyurem|
|teampreview
|inactive|Battle timer is ON: inactive players will automatically lose when time's up. (requested by Fear covraa)
|
|t:|1779575498
|teamsize|p1|6
|teamsize|p2|6
|start
|switch|p1a: Glimmora|Glimmora, F|100/100
|switch|p2a: Moltres|Moltres|100/100
|turn|1
|
|t:|1779575511
|switch|p2a: Samurott|Samurott-Hisui, M|100/100
|move|p1a: Glimmora|Mortal Spin|p2a: Samurott
|-damage|p2a: Samurott|93/100
|-status|p2a: Samurott|psn
|
|-damage|p2a: Samurott|80/100 psn|[from] psn
|upkeep
|turn|2
|
|t:|1779575524
|move|p1a: Glimmora|Stealth Rock|p2a: Samurott
|-sidestart|p2: Asheless|move: Stealth Rock
|move|p2a: Samurott|Flip Turn|p1a: Glimmora
|-supereffective|p1a: Glimmora
|-damage|p1a: Glimmora|50/100
|-activate|p1a: Glimmora|ability: Toxic Debris
|-sidestart|p2: Asheless|move: Toxic Spikes
|
|t:|1779575530
|switch|p2a: Great Tusk|Great Tusk|100/100|[from] Flip Turn
|
|upkeep
|turn|3
|
|t:|1779575537
|switch|p1a: Ceruledge|Ceruledge, M|100/100
|move|p2a: Great Tusk|Ice Spinner|p1a: Ceruledge
|-resisted|p1a: Ceruledge
|-damage|p1a: Ceruledge|80/100
|-ability|p1a: Ceruledge|Weak Armor|boost
|-unboost|p1a: Ceruledge|def|1
|-boost|p1a: Ceruledge|spe|2
|
|upkeep
|turn|4
|
|t:|1779575545
|move|p1a: Ceruledge|Bitter Blade|p2a: Great Tusk
|-damage|p2a: Great Tusk|69/100
|-heal|p1a: Ceruledge|99/100|[from] drain|[of] p2a: Great Tusk
|move|p2a: Great Tusk|Headlong Rush|p1a: Ceruledge
|-supereffective|p1a: Ceruledge
|-damage|p1a: Ceruledge|0 fnt
|-unboost|p2a: Great Tusk|def|1
|-unboost|p2a: Great Tusk|spd|1
|faint|p1a: Ceruledge
|
|upkeep
|
|t:|1779575556
|switch|p1a: Darkrai|Darkrai|100/100
|turn|5
|
|t:|1779575560
|-end|p2a: Great Tusk|Protosynthesis|[silent]
|switch|p2a: Samurott|Samurott-Hisui, M|80/100 psn
|-damage|p2a: Samurott|68/100 psn|[from] Stealth Rock
|move|p1a: Darkrai|Ice Beam|p2a: Samurott
|-resisted|p2a: Samurott
|-damage|p2a: Samurott|53/100 psn
|
|-damage|p2a: Samurott|40/100 psn|[from] psn
|upkeep
|turn|6
|
|t:|1779575565
|move|p1a: Darkrai|Sludge Bomb|p2a: Samurott
|-damage|p2a: Samurott|10/100 psn
|move|p2a: Samurott|Razor Shell|p1a: Darkrai
|-damage|p1a: Darkrai|38/100
|-unboost|p1a: Darkrai|def|1
|
|-damage|p2a: Samurott|0 fnt|[from] psn
|faint|p2a: Samurott
|upkeep
|
|t:|1779575575
|switch|p2a: Moltres|Moltres|100/100
|turn|7
|
|t:|1779575580
|switch|p1a: Thundurus|Thundurus, M|100/100
|move|p2a: Moltres|U-turn|p1a: Thundurus
|-resisted|p1a: Thundurus
|-damage|p1a: Thundurus|90/100
|
|t:|1779575585
|switch|p2a: Great Tusk|Great Tusk|69/100|[from] U-turn
|
|upkeep
|turn|8
|
|t:|1779575589
|switch|p1a: Polteageist|Polteageist-Antique|100/100
|-terastallize|p2a: Great Tusk|Steel
|move|p2a: Great Tusk|Rapid Spin|p1a: Polteageist
|-immune|p1a: Polteageist
|
|upkeep
|turn|9
|
|t:|1779575597
|-end|p2a: Great Tusk|Protosynthesis|[silent]
|switch|p2a: Moltres|Moltres|100/100
|move|p1a: Polteageist|Shell Smash|p1a: Polteageist
|-unboost|p1a: Polteageist|def|1
|-unboost|p1a: Polteageist|spd|1
|-boost|p1a: Polteageist|atk|2
|-boost|p1a: Polteageist|spa|2
|-boost|p1a: Polteageist|spe|2
|
|upkeep
|turn|10
|
|t:|1779575600
|-terastallize|p1a: Polteageist|Psychic
|move|p1a: Polteageist|Stored Power|p2a: Moltres
|-damage|p2a: Moltres|0 fnt
|faint|p2a: Moltres
|
|upkeep
|
|t:|1779575609
|switch|p2a: Rillaboom|Rillaboom, F|100/100
|-damage|p2a: Rillaboom|88/100|[from] Stealth Rock
|-status|p2a: Rillaboom|psn
|-fieldstart|move: Grassy Terrain|[from] ability: Grassy Surge|[of] p2a: Rillaboom
|turn|11
|
|t:|1779575613
|move|p2a: Rillaboom|Grassy Glide|p1a: Polteageist
|-enditem|p1a: Polteageist|Focus Sash
|-damage|p1a: Polteageist|1/100
|-ability|p1a: Polteageist|Weak Armor|boost
|-unboost|p1a: Polteageist|def|1
|-boost|p1a: Polteageist|spe|2
|move|p1a: Polteageist|Stored Power|p2a: Rillaboom
|-damage|p2a: Rillaboom|0 fnt
|faint|p2a: Rillaboom
|
|-heal|p1a: Polteageist|7/100|[from] Grassy Terrain
|upkeep
|
|t:|1779575619
|switch|p2a: Dragonite|Dragonite, M|100/100
|turn|12
|
|t:|1779575623
|move|p2a: Dragonite|Extreme Speed|p1a: Polteageist
|-damage|p1a: Polteageist|0 fnt
|faint|p1a: Polteageist
|
|upkeep
|
|t:|1779575625
|switch|p1a: Glimmora|Glimmora, F|50/100
|turn|13
|
|t:|1779575633
|move|p1a: Glimmora|Memento|p2a: Dragonite
|-unboost|p2a: Dragonite|atk|2
|-unboost|p2a: Dragonite|spa|2
|faint|p1a: Glimmora
|move|p2a: Dragonite|Dragon Dance|p2a: Dragonite
|-boost|p2a: Dragonite|atk|1
|-boost|p2a: Dragonite|spe|1
|
|upkeep
|
|t:|1779575641
|switch|p1a: Zamazenta|Zamazenta|100/100
|-ability|p1a: Zamazenta|Dauntless Shield|boost
|-boost|p1a: Zamazenta|def|1
|turn|14
|
|t:|1779575645
|switch|p2a: Great Tusk|Great Tusk, tera:Steel|69/100
|move|p1a: Zamazenta|Iron Defense|p1a: Zamazenta
|-boost|p1a: Zamazenta|def|2
|
|-heal|p2a: Great Tusk|75/100|[from] Grassy Terrain
|upkeep
|turn|15
|
|t:|1779575647
|move|p1a: Zamazenta|Body Press|p2a: Great Tusk
|-supereffective|p2a: Great Tusk
|-damage|p2a: Great Tusk|0 fnt
|faint|p2a: Great Tusk
|-end|p2a: Great Tusk|Protosynthesis|[silent]
|
|-fieldend|move: Grassy Terrain
|upkeep
|
|t:|1779575651
|switch|p2a: Kyurem|Kyurem|100/100
|-damage|p2a: Kyurem|76/100|[from] Stealth Rock
|-status|p2a: Kyurem|psn
|-ability|p2a: Kyurem|Pressure
|turn|16
|
|t:|1779575655
|move|p1a: Zamazenta|Body Press|p2a: Kyurem
|-supereffective|p2a: Kyurem
|-damage|p2a: Kyurem|0 fnt
|faint|p2a: Kyurem
|
|upkeep
|
|t:|1779575658
|switch|p2a: Dragonite|Dragonite, M|100/100
|turn|17
|
|t:|1779575660
|move|p1a: Zamazenta|Body Press|p2a: Dragonite
|-resisted|p2a: Dragonite
|-damage|p2a: Dragonite|76/100
|move|p2a: Dragonite|Dragon Dance|p2a: Dragonite
|-boost|p2a: Dragonite|atk|1
|-boost|p2a: Dragonite|spe|1
|
|upkeep
|turn|18
|
|t:|1779575665
|move|p1a: Zamazenta|Iron Defense|p1a: Zamazenta
|-boost|p1a: Zamazenta|def|2
|move|p2a: Dragonite|Earthquake|p1a: Zamazenta
|-damage|p1a: Zamazenta|88/100
|
|-heal|p1a: Zamazenta|94/100|[from] item: Leftovers
|upkeep
|turn|19
|-message|Asheless forfeited.
|
|win|Fear covraa
|raw|Fear covraa's rating: 1346 &rarr; <strong>1367</strong><br />(+21 for winning)
|raw|Asheless's rating: 1365 &rarr; <strong>1344</strong><br />(-21 for losing)
|l|☆Asheless
|player|p2|
|l|☆Fear covraa
|player|p1|
