|j|☆momoLFT
|j|☆cenotaphs
|t:|1779632408
|gametype|singles
|player|p1|momoLFT|1|1405
|player|p2|cenotaphs|preschooler|1401
|gen|9
|tier|[Gen 9] OU
|rated|
|rule|HP Percentage Mod: HP is shown in percentages
|rule|Endless Battle Clause: Forcing endless battles is banned
|rule|Species Clause: Limit one of each Pokémon
|rule|OHKO Clause: OHKO moves are banned
|rule|Evasion Items Clause: Evasion items are banned
|rule|Evasion Moves Clause: Evasion moves are banned
|rule|Evasion Abilities Clause: Evasion abilities are banned
|rule|Sleep Moves Clause: Sleep-inducing moves are banned
|clearpoke
|poke|p1|Houndoom, M|
|poke|p1|Darkrai|
|poke|p1|Mandibuzz, F|
|poke|p1|Fezandipiti, M|
|poke|p1|Weezing-Galar, M|
|poke|p1|Toxtricity, F|
|poke|p2|Tyranitar, F|
|poke|p2|Hoopa-Unbound|
|poke|p2|Excadrill, F|
|poke|p2|Darkrai|
|poke|p2|Garchomp, F|
|poke|p2|Iron Hands|
|teampreview
|inactive|Battle timer is ON: inactive players will automatically lose when time's up. (requested by cenotaphs)
|
|t:|1779632423
|teamsize|p1|6
|teamsize|p2|6
|start
|switch|p1a: Darkrai|Darkrai|100/100
|switch|p2a: Ushiromiya|Garchomp, F|100/100
|turn|1
|
|t:|1779632429
|switch|p2a: Djed|Tyranitar, F|100/100
|-weather|Sandstorm|[from] ability: Sand Stream|[of] p2a: Djed
|move|p1a: Darkrai|Ice Beam|p2a: Djed
|-damage|p2a: Djed|81/100
|
|-weather|Sandstorm|[upkeep]
|-damage|p1a: Darkrai|94/100|[from] Sandstorm
|-heal|p2a: Djed|88/100|[from] item: Leftovers
|upkeep
|turn|2
|
|t:|1779632442
|switch|p1a: Weezing|Weezing-Galar, M|100/100
|move|p2a: Djed|Knock Off|p1a: Weezing
|-resisted|p1a: Weezing
|-damage|p1a: Weezing|86/100
|-damage|p2a: Djed|71/100|[from] item: Rocky Helmet|[of] p1a: Weezing
|-enditem|p1a: Weezing|Rocky Helmet|[from] move: Knock Off|[of] p2a: Djed
|
|-weather|Sandstorm|[upkeep]
|-damage|p1a: Weezing|80/100|[from] Sandstorm
|-heal|p2a: Djed|77/100|[from] item: Leftovers
|upkeep
|turn|3
|
|t:|1779632457
|switch|p2a: DISCIPLINE|Hoopa-Unbound|100/100
|move|p1a: Weezing|Will-O-Wisp|p2a: DISCIPLINE
|-status|p2a: DISCIPLINE|brn
|
|-weather|Sandstorm|[upkeep]
|-damage|p1a: Weezing|74/100|[from] Sandstorm
|-damage|p2a: DISCIPLINE|94/100 brn|[from] Sandstorm
|-damage|p2a: DISCIPLINE|88/100 brn|[from] brn
|upkeep
|turn|4
|
|t:|1779632464
|switch|p1a: Mandibuzz|Mandibuzz, F|100/100
|move|p2a: DISCIPLINE|Psychic Noise|p1a: Mandibuzz
|-immune|p1a: Mandibuzz
|
|-weather|Sandstorm|[upkeep]
|-damage|p2a: DISCIPLINE|82/100 brn|[from] Sandstorm
|-damage|p2a: DISCIPLINE|76/100 brn|[from] brn
|upkeep
|turn|5
|
|t:|1779632471
|switch|p2a: Ushiromiya|Garchomp, F|100/100
|move|p1a: Mandibuzz|U-turn|p2a: Ushiromiya
|-damage|p2a: Ushiromiya|94/100
|-damage|p1a: Mandibuzz|88/100|[from] ability: Rough Skin|[of] p2a: Ushiromiya
|-damage|p1a: Mandibuzz|72/100|[from] item: Rocky Helmet|[of] p2a: Ushiromiya
|
|t:|1779632478
|switch|p1a: Darkrai|Darkrai|94/100|[from] U-turn
|
|-weather|none
|upkeep
|turn|6
|
|t:|1779632487
|switch|p2a: DISCIPLINE|Hoopa-Unbound|76/100 brn
|move|p1a: Darkrai|Trick|p2a: DISCIPLINE
|-activate|p1a: Darkrai|move: Trick|[of] p2a: DISCIPLINE
|-item|p2a: DISCIPLINE|Choice Specs|[from] move: Trick
|-item|p1a: Darkrai|Custap Berry|[from] move: Trick
|
|-damage|p2a: DISCIPLINE|70/100 brn|[from] brn
|upkeep
|turn|7
|
|t:|1779632497
|switch|p1a: Mandibuzz|Mandibuzz, F|72/100
|move|p2a: DISCIPLINE|Focus Blast|p1a: Mandibuzz
|-damage|p1a: Mandibuzz|4/100
|
|-damage|p2a: DISCIPLINE|64/100 brn|[from] brn
|upkeep
|turn|8
|
|t:|1779632504
|switch|p2a: Ushiromiya|Garchomp, F|94/100
|move|p1a: Mandibuzz|Roost|p1a: Mandibuzz
|-heal|p1a: Mandibuzz|54/100
|-singleturn|p1a: Mandibuzz|move: Roost
|
|upkeep
|turn|9
|
|t:|1779632508
|move|p2a: Ushiromiya|Stealth Rock|p1a: Mandibuzz
|-sidestart|p1: momoLFT|move: Stealth Rock
|move|p1a: Mandibuzz|Toxic|p2a: Ushiromiya
|-status|p2a: Ushiromiya|tox
|
|-damage|p2a: Ushiromiya|87/100 tox|[from] psn
|upkeep
|turn|10
|
|t:|1779632516
|move|p2a: Ushiromiya|Spikes|p1a: Mandibuzz
|-sidestart|p1: momoLFT|Spikes
|move|p1a: Mandibuzz|Roost|p1a: Mandibuzz
|-heal|p1a: Mandibuzz|100/100
|-singleturn|p1a: Mandibuzz|move: Roost
|
|-damage|p2a: Ushiromiya|75/100 tox|[from] psn
|upkeep
|turn|11
|
|t:|1779632525
|move|p1a: Mandibuzz|Defog|p2a: Ushiromiya
|-unboost|p2a: Ushiromiya|evasion|1
|-sideend|p1: momoLFT|Spikes|[from] move: Defog|[of] p1a: Mandibuzz
|-sideend|p1: momoLFT|Stealth Rock|[from] move: Defog|[of] p1a: Mandibuzz
|move|p2a: Ushiromiya|Dragon Tail|p1a: Mandibuzz
|-damage|p1a: Mandibuzz|85/100
|drag|p1a: Toxtricity|Toxtricity, F|100/100
|
|-damage|p2a: Ushiromiya|56/100 tox|[from] psn
|upkeep
|turn|12
|
|t:|1779632538
|switch|p1a: Mandibuzz|Mandibuzz, F|85/100
|move|p2a: Ushiromiya|Stealth Rock|p1a: Mandibuzz
|-sidestart|p1: momoLFT|move: Stealth Rock
|
|-damage|p2a: Ushiromiya|32/100 tox|[from] psn
|upkeep
|turn|13
|
|t:|1779632543
|switch|p2a: Djed|Tyranitar, F|77/100
|-weather|Sandstorm|[from] ability: Sand Stream|[of] p2a: Djed
|move|p1a: Mandibuzz|Defog|p2a: Djed
|-unboost|p2a: Djed|evasion|1
|-sideend|p1: momoLFT|Stealth Rock|[from] move: Defog|[of] p1a: Mandibuzz
|
|-weather|Sandstorm|[upkeep]
|-heal|p2a: Djed|83/100|[from] item: Leftovers
|upkeep
|turn|14
|
|t:|1779632549
|switch|p1a: Weezing|Weezing-Galar, M|74/100
|move|p2a: Djed|Knock Off|p1a: Weezing
|-resisted|p1a: Weezing
|-crit|p1a: Weezing
|-damage|p1a: Weezing|59/100
|
|-weather|Sandstorm|[upkeep]
|-damage|p1a: Weezing|53/100|[from] Sandstorm
|-heal|p2a: Djed|90/100|[from] item: Leftovers
|upkeep
|turn|15
|
|t:|1779632559
|move|p1a: Weezing|Strange Steam|p2a: Djed
|-supereffective|p2a: Djed
|-damage|p2a: Djed|66/100
|move|p2a: Djed|Stone Edge|p1a: Weezing
|-crit|p1a: Weezing
|-damage|p1a: Weezing|8/100
|
|-weather|Sandstorm|[upkeep]
|-damage|p1a: Weezing|2/100|[from] Sandstorm
|-heal|p2a: Djed|72/100|[from] item: Leftovers
|upkeep
|turn|16
|
|t:|1779632570
|switch|p2a: Ushiromiya|Garchomp, F|32/100 tox
|move|p1a: Weezing|Toxic|p2a: Ushiromiya
|-fail|p2a: Ushiromiya|tox
|
|-weather|Sandstorm|[upkeep]
|-damage|p1a: Weezing|0 fnt|[from] Sandstorm
|faint|p1a: Weezing
|-damage|p2a: Ushiromiya|25/100 tox|[from] psn
|upkeep
|
|t:|1779632596
|switch|p1a: Darkrai|Darkrai|94/100
|turn|17
|
|t:|1779632608
|switch|p2a: DISCIPLINE|Hoopa-Unbound|64/100 brn
|move|p1a: Darkrai|Dark Pulse|p2a: DISCIPLINE
|-damage|p2a: DISCIPLINE|34/100 brn
|
|-weather|none
|-damage|p2a: DISCIPLINE|28/100 brn|[from] brn
|upkeep
|turn|18
|inactive|momoLFT has 120 seconds left.
|
|t:|1779632635
|move|p1a: Darkrai|Dark Pulse|p2a: DISCIPLINE
|-damage|p2a: DISCIPLINE|0 fnt
|faint|p2a: DISCIPLINE
|
|upkeep
|
|t:|1779632651
|switch|p2a: X|Iron Hands, shiny|100/100
|-enditem|p2a: X|Booster Energy
|-activate|p2a: X|ability: Quark Drive|[fromitem]
|-start|p2a: X|quarkdriveatk
|turn|19
|inactive|momoLFT has 120 seconds left.
|
|t:|1779632673
|switch|p1a: Fezandipiti|Fezandipiti, M|100/100
|move|p2a: X|Swords Dance|p2a: X
|-boost|p2a: X|atk|2
|
|upkeep
|turn|20
|inactive|momoLFT has 120 seconds left.
|
|t:|1779632682
|move|p1a: Fezandipiti|Play Rough|p2a: X|[miss]
|-miss|p1a: Fezandipiti|p2a: X
|move|p2a: X|Thunder Punch|p1a: Fezandipiti
|-damage|p1a: Fezandipiti|0 fnt
|faint|p1a: Fezandipiti
|
|upkeep
|inactive|momoLFT has 120 seconds left.
|
|t:|1779632695
|switch|p1a: Toxtricity|Toxtricity, F|100/100
|turn|21
|inactive|momoLFT has 120 seconds left.
|
|t:|1779632703
|move|p1a: Toxtricity|Boomburst|p2a: X
|-damage|p2a: X|56/100
|move|p2a: X|Drain Punch|p1a: Toxtricity
|-resisted|p1a: Toxtricity
|-crit|p1a: Toxtricity
|-damage|p1a: Toxtricity|0 fnt
|-heal|p2a: X|89/100|[from] drain|[of] p1a: Toxtricity
|faint|p1a: Toxtricity
|
|upkeep
|inactive|momoLFT has 120 seconds left.
|
|t:|1779632712
|switch|p1a: Houndoom|Houndoom, M|100/100
|turn|22
|
|t:|1779632717
|-terastallize|p1a: Houndoom|Ghost
|move|p1a: Houndoom|Shadow Ball|p2a: X
|-damage|p2a: X|44/100
|move|p2a: X|Drain Punch|p1a: Houndoom
|-immune|p1a: Houndoom
|
|upkeep
|turn|23
|
|t:|1779632727
|-end|p2a: X|Quark Drive|[silent]
|switch|p2a: Djed|Tyranitar, F|72/100
|-weather|Sandstorm|[from] ability: Sand Stream|[of] p2a: Djed
|move|p1a: Houndoom|Shadow Ball|p2a: Djed
|-resisted|p2a: Djed
|-crit|p2a: Djed
|-damage|p2a: Djed|56/100
|
|-weather|Sandstorm|[upkeep]
|-damage|p1a: Houndoom|94/100|[from] Sandstorm
|-heal|p2a: Djed|62/100|[from] item: Leftovers
|upkeep
|turn|24
|
|t:|1779632730
|switch|p1a: Mandibuzz|Mandibuzz, F|85/100
|move|p2a: Djed|Knock Off|p1a: Mandibuzz
|-resisted|p1a: Mandibuzz
|-damage|p1a: Mandibuzz|74/100
|-enditem|p1a: Mandibuzz|Heavy-Duty Boots|[from] move: Knock Off|[of] p2a: Djed
|
|-weather|Sandstorm|[upkeep]
|-heal|p2a: Djed|68/100|[from] item: Leftovers
|upkeep
|turn|25
|
|t:|1779632738
|switch|p2a: Ushiromiya|Garchomp, F|25/100 tox
|move|p1a: Mandibuzz|U-turn|p2a: Ushiromiya
|-damage|p2a: Ushiromiya|19/100 tox
|-damage|p1a: Mandibuzz|62/100|[from] ability: Rough Skin|[of] p2a: Ushiromiya
|-damage|p1a: Mandibuzz|45/100|[from] item: Rocky Helmet|[of] p2a: Ushiromiya
|
|t:|1779632744
|switch|p1a: Darkrai|Darkrai|94/100|[from] U-turn
|
|-weather|Sandstorm|[upkeep]
|-damage|p1a: Darkrai|88/100|[from] Sandstorm
|-damage|p2a: Ushiromiya|12/100 tox|[from] psn
|upkeep
|turn|26
|
|t:|1779632748
|move|p1a: Darkrai|Dark Pulse|p2a: Ushiromiya
|-damage|p2a: Ushiromiya|0 fnt
|faint|p2a: Ushiromiya
|
|-weather|Sandstorm|[upkeep]
|-damage|p1a: Darkrai|82/100|[from] Sandstorm
|upkeep
|
|t:|1779632752
|switch|p2a: X|Iron Hands, shiny|44/100
|turn|27
|
|t:|1779632754
|switch|p1a: Houndoom|Houndoom, M, tera:Ghost|94/100
|move|p2a: X|Drain Punch|p1a: Houndoom
|-immune|p1a: Houndoom
|
|-weather|none
|upkeep
|turn|28
|
|t:|1779632762
|-end|p2a: X|Quark Drive|[silent]
|switch|p2a: Djed|Tyranitar, F|68/100
|-weather|Sandstorm|[from] ability: Sand Stream|[of] p2a: Djed
|move|p1a: Houndoom|Shadow Ball|p2a: Djed
|-resisted|p2a: Djed
|-damage|p2a: Djed|57/100
|-unboost|p2a: Djed|spd|1
|
|-weather|Sandstorm|[upkeep]
|-damage|p1a: Houndoom|88/100|[from] Sandstorm
|-heal|p2a: Djed|63/100|[from] item: Leftovers
|upkeep
|turn|29
|
|t:|1779632779
|switch|p1a: Darkrai|Darkrai|82/100
|move|p2a: Djed|Stone Edge|p1a: Darkrai|[miss]
|-miss|p2a: Djed|p1a: Darkrai
|
|-weather|Sandstorm|[upkeep]
|-damage|p1a: Darkrai|76/100|[from] Sandstorm
|-heal|p2a: Djed|69/100|[from] item: Leftovers
|upkeep
|turn|30
|
|t:|1779632788
|switch|p2a: ESP|Darkrai, shiny|100/100
|move|p1a: Darkrai|Sludge Bomb|p2a: ESP
|-damage|p2a: ESP|55/100
|
|-weather|Sandstorm|[upkeep]
|-damage|p2a: ESP|49/100|[from] Sandstorm
|-damage|p1a: Darkrai|70/100|[from] Sandstorm
|upkeep
|turn|31
|
|t:|1779632797
|move|p2a: ESP|Dark Pulse|p1a: Darkrai
|-resisted|p1a: Darkrai
|-damage|p1a: Darkrai|38/100
|cant|p1a: Darkrai|flinch
|
|-weather|Sandstorm|[upkeep]
|-damage|p2a: ESP|43/100|[from] Sandstorm
|-damage|p1a: Darkrai|32/100|[from] Sandstorm
|upkeep
|turn|32
|
|t:|1779632802
|move|p2a: ESP|Dark Pulse|p1a: Darkrai
|-resisted|p1a: Darkrai
|-damage|p1a: Darkrai|0 fnt
|faint|p1a: Darkrai
|
|-weather|none
|upkeep
|
|t:|1779632807
|switch|p1a: Mandibuzz|Mandibuzz, F|45/100
|turn|33
|
|t:|1779632811
|switch|p2a: X|Iron Hands, shiny|44/100
|move|p1a: Mandibuzz|Roost|p1a: Mandibuzz
|-heal|p1a: Mandibuzz|95/100
|-singleturn|p1a: Mandibuzz|move: Roost
|
|upkeep
|turn|34
|
|t:|1779632818
|move|p1a: Mandibuzz|U-turn|p2a: X
|-resisted|p2a: X
|-damage|p2a: X|40/100
|
|t:|1779632821
|switch|p1a: Houndoom|Houndoom, M, tera:Ghost|88/100|[from] U-turn
|move|p2a: X|Thunder Punch|p1a: Houndoom
|-damage|p1a: Houndoom|0 fnt
|faint|p1a: Houndoom
|
|upkeep
|-message|momoLFT forfeited.
|
|win|cenotaphs
|raw|momoLFT's rating: 1405 &rarr; <strong>1385</strong><br />(-20 for losing)
|raw|cenotaphs's rating: 1401 &rarr; <strong>1421</strong><br />(+20 for winning)
|l|☆momoLFT
|player|p1|
|l|☆cenotaphs
|player|p2|
