|j|☆tuanquewang
|j|☆OP Earthquakes
|t:|1779642774
|gametype|singles
|player|p1|tuanquewang|backersf|1637
|player|p2|OP Earthquakes|giovanni-masters|1695
|gen|9
|tier|[Gen 9] OU
|rated|
|rule|HP Percentage Mod: HP is shown in percentages
|rule|Endless Battle Clause: Forcing endless battles is banned
|rule|Species Clause: Limit one of each Pokémon
|rule|OHKO Clause: OHKO moves are banned
|rule|Evasion Items Clause: Evasion items are banned
|rule|Evasion Moves Clause: Evasion moves are banned
|rule|Evasion Abilities Clause: Evasion abilities are banned
|rule|Sleep Moves Clause: Sleep-inducing moves are banned
|clearpoke
|poke|p1|Slowking-Galar, M|
|poke|p1|Hydrapple, F|
|poke|p1|Cinderace, M|
|poke|p1|Iron Crown|
|poke|p1|Alomomola, F|
|poke|p1|Mamoswine, F|
|poke|p2|Tyranitar, M|
|poke|p2|Pawmot, M|
|poke|p2|Ninetales-Alola, M|
|poke|p2|Excadrill, M|
|poke|p2|Hawlucha, M|
|poke|p2|Kyurem|
|teampreview
|inactive|Battle timer is ON: inactive players will automatically lose when time's up. (requested by OP Earthquakes)
|inactive|tuanquewang also wants the timer to be on.
|
|t:|1779642792
|teamsize|p1|6
|teamsize|p2|6
|start
|switch|p1a: Mamoswine|Mamoswine, F|100/100
|switch|p2a: Toshiro|Kyurem, shiny|100/100
|-ability|p2a: Toshiro|Pressure
|turn|1
|
|t:|1779642795
|move|p2a: Toshiro|Earth Power|p1a: Mamoswine
|-damage|p1a: Mamoswine|53/100
|move|p1a: Mamoswine|Stone Edge|p2a: Toshiro
|-supereffective|p2a: Toshiro
|-damage|p2a: Toshiro|0 fnt
|faint|p2a: Toshiro
|
|upkeep
|
|t:|1779642811
|switch|p2a: Porunga|Pawmot, M|100/100
|turn|2
|
|t:|1779642815
|switch|p1a: Slowking|Slowking-Galar, M|100/100
|move|p2a: Porunga|Revival Blessing|p2a: Porunga
|-enditem|p2a: Porunga|Leppa Berry|[eat]
|-activate|p2a: Porunga|item: Leppa Berry|Revival Blessing|[consumed]
|
|t:|1779642820
|-heal|p2: Toshiro|50/100|[from] move: Revival Blessing
|
|upkeep
|turn|3
|
|t:|1779642824
|switch|p2a: Ninetales|Ninetales-Alola, M|100/100
|-weather|Snowscape|[from] ability: Snow Warning|[of] p2a: Ninetales
|-prepare|p1a: Slowking|Chilly Reception|[premajor]
|move|p1a: Slowking|Chilly Reception|p1a: Slowking
|
|t:|1779642826
|switch|p1a: Iron Crown|Iron Crown|100/100|[from] Chilly Reception
|
|-weather|Snowscape|[upkeep]
|upkeep
|turn|4
|
|t:|1779642836
|-terastallize|p2a: Ninetales|Water
|move|p2a: Ninetales|Aurora Veil|p2a: Ninetales
|-sidestart|p2: OP Earthquakes|move: Aurora Veil
|move|p1a: Iron Crown|Tachyon Cutter|p2a: Ninetales
|-resisted|p2a: Ninetales
|-damage|p2a: Ninetales|94/100
|-resisted|p2a: Ninetales
|-crit|p2a: Ninetales
|-damage|p2a: Ninetales|73/100
|-hitcount|p2a: Ninetales|2
|
|-weather|Snowscape|[upkeep]
|upkeep
|turn|5
|
|t:|1779642846
|switch|p2a: OP|Excadrill, M|100/100
|-end|p1a: Iron Crown|Quark Drive|[silent]
|switch|p1a: Alomomola|Alomomola, F|100/100
|
|-weather|Snowscape|[upkeep]
|upkeep
|turn|6
|
|t:|1779642849
|move|p2a: OP|Earthquake|p1a: Alomomola
|-damage|p1a: Alomomola|54/100
|move|p1a: Alomomola|Flip Turn|p2a: OP
|-supereffective|p2a: OP
|-damage|p2a: OP|75/100
|
|t:|1779642853
|switch|p1a: Hydrapple|Hydrapple, F, shiny|100/100|[from] Flip Turn
|
|-weather|Snowscape|[upkeep]
|upkeep
|turn|7
|
|t:|1779642863
|switch|p2a: The sandstorm|Tyranitar, M, shiny|100/100
|-weather|Sandstorm|[from] ability: Sand Stream|[of] p2a: The sandstorm
|move|p1a: Hydrapple|Leaf Storm|p2a: The sandstorm
|-supereffective|p2a: The sandstorm
|-damage|p2a: The sandstorm|30/100
|-unboost|p1a: Hydrapple|spa|2
|
|-weather|Sandstorm|[upkeep]
|-damage|p1a: Hydrapple|94/100|[from] Sandstorm
|upkeep
|turn|8
|
|t:|1779642869
|switch|p1a: Alomomola|Alomomola, F|87/100
|move|p2a: The sandstorm|Stealth Rock|p1a: Alomomola
|-sidestart|p1: tuanquewang|move: Stealth Rock
|
|-weather|Sandstorm|[upkeep]
|-damage|p1a: Alomomola|81/100|[from] Sandstorm
|-heal|p1a: Alomomola|87/100|[from] item: Leftovers
|-sideend|p2: OP Earthquakes|move: Aurora Veil
|upkeep
|turn|9
|
|t:|1779642872
|move|p2a: The sandstorm|Thunder Wave|p1a: Alomomola
|-status|p1a: Alomomola|par
|move|p1a: Alomomola|Flip Turn|p2a: The sandstorm
|-supereffective|p2a: The sandstorm
|-damage|p2a: The sandstorm|6/100
|
|t:|1779642876
|switch|p1a: Cinderace|Cinderace, M|100/100|[from] Flip Turn
|
|-weather|Sandstorm|[upkeep]
|-damage|p1a: Cinderace|95/100|[from] Sandstorm
|upkeep
|turn|10
|
|t:|1779642883
|move|p1a: Cinderace|U-turn|p2a: The sandstorm
|-start|p1a: Cinderace|typechange|Bug|[from] ability: Libero
|-supereffective|p2a: The sandstorm
|-damage|p2a: The sandstorm|0 fnt
|faint|p2a: The sandstorm
|
|t:|1779642885
|switch|p1a: Alomomola|Alomomola, F|100/100 par|[from] U-turn
|-damage|p1a: Alomomola|88/100 par|[from] Stealth Rock
|
|-weather|Sandstorm|[upkeep]
|-damage|p1a: Alomomola|82/100 par|[from] Sandstorm
|-heal|p1a: Alomomola|88/100 par|[from] item: Leftovers
|upkeep
|
|t:|1779642899
|switch|p2a: Porunga|Pawmot, M|100/100
|turn|11
|
|t:|1779642903
|move|p2a: Porunga|Revival Blessing|p2a: Porunga
|
|t:|1779642907
|-heal|p2: The sandstorm|50/100|[from] move: Revival Blessing
|cant|p1a: Alomomola|par
|
|-weather|Sandstorm|[upkeep]
|-damage|p2a: Porunga|94/100|[from] Sandstorm
|-damage|p1a: Alomomola|82/100 par|[from] Sandstorm
|-heal|p1a: Alomomola|88/100 par|[from] item: Leftovers
|upkeep
|turn|12
|
|t:|1779642917
|switch|p2a: Toshiro|Kyurem, shiny|50/100
|-ability|p2a: Toshiro|Pressure
|move|p1a: Alomomola|Flip Turn|p2a: Toshiro
|-resisted|p2a: Toshiro
|-damage|p2a: Toshiro|43/100
|
|t:|1779642925
|switch|p1a: Slowking|Slowking-Galar, M|100/100|[from] Flip Turn
|-damage|p1a: Slowking|88/100|[from] Stealth Rock
|
|-weather|Sandstorm|[upkeep]
|-damage|p2a: Toshiro|37/100|[from] Sandstorm
|-damage|p1a: Slowking|82/100|[from] Sandstorm
|-heal|p1a: Slowking|88/100|[from] item: Black Sludge
|upkeep
|turn|13
|
|t:|1779642934
|move|p2a: Toshiro|Endeavor|p1a: Slowking
|-damage|p1a: Slowking|38/100
|move|p1a: Slowking|Psychic Noise|p2a: Toshiro
|-damage|p2a: Toshiro|9/100
|-start|p2a: Toshiro|move: Heal Block
|
|-weather|Sandstorm|[upkeep]
|-damage|p2a: Toshiro|3/100|[from] Sandstorm
|-damage|p1a: Slowking|31/100|[from] Sandstorm
|-heal|p1a: Slowking|38/100|[from] item: Black Sludge
|upkeep
|turn|14
|
|t:|1779642941
|switch|p1a: Alomomola|Alomomola, F|100/100 par
|-damage|p1a: Alomomola|88/100 par|[from] Stealth Rock
|move|p2a: Toshiro|Earth Power|p1a: Alomomola
|-damage|p1a: Alomomola|47/100 par
|
|-weather|none
|-heal|p1a: Alomomola|53/100 par|[from] item: Leftovers
|-end|p2a: Toshiro|move: Heal Block
|upkeep
|turn|15
|
|t:|1779642947
|switch|p1a: Slowking|Slowking-Galar, M|71/100
|-damage|p1a: Slowking|58/100|[from] Stealth Rock
|move|p2a: Toshiro|Freeze-Dry|p1a: Slowking
|-damage|p1a: Slowking|34/100
|
|-heal|p1a: Slowking|40/100|[from] item: Black Sludge
|upkeep
|turn|16
|c|☆OP Earthquakes|gimmie a mon
|c|☆OP Earthquakes|brodie
|
|t:|1779642963
|move|p2a: Toshiro|Earth Power|p1a: Slowking
|-supereffective|p1a: Slowking
|-damage|p1a: Slowking|0 fnt
|faint|p1a: Slowking
|
|upkeep
|
|t:|1779642967
|switch|p1a: Cinderace|Cinderace, M|95/100
|turn|17
|
|t:|1779642979
|move|p1a: Cinderace|Pyro Ball|p2a: Toshiro
|-damage|p2a: Toshiro|0 fnt
|faint|p2a: Toshiro
|
|upkeep
|
|t:|1779642990
|switch|p2a: OP|Excadrill, M|75/100
|turn|18
|
|t:|1779643003
|switch|p2a: The sandstorm|Tyranitar, M, shiny|50/100
|-weather|Sandstorm|[from] ability: Sand Stream|[of] p2a: The sandstorm
|move|p1a: Cinderace|High Jump Kick|p2a: The sandstorm
|-start|p1a: Cinderace|typechange|Fighting|[from] ability: Libero
|-supereffective|p2a: The sandstorm
|-damage|p2a: The sandstorm|0 fnt
|faint|p2a: The sandstorm
|
|-weather|Sandstorm|[upkeep]
|-damage|p1a: Cinderace|89/100|[from] Sandstorm
|upkeep
|
|t:|1779643006
|switch|p2a: OP|Excadrill, M|75/100
|turn|19
|
|t:|1779643008
|switch|p1a: Alomomola|Alomomola, F|86/100 par
|-damage|p1a: Alomomola|74/100 par|[from] Stealth Rock
|move|p2a: OP|Iron Head|p1a: Alomomola
|-resisted|p1a: Alomomola
|-damage|p1a: Alomomola|55/100 par
|
|-weather|Sandstorm|[upkeep]
|-damage|p1a: Alomomola|49/100 par|[from] Sandstorm
|-heal|p1a: Alomomola|55/100 par|[from] item: Leftovers
|upkeep
|turn|20
|
|t:|1779643016
|switch|p2a: Itachi|Hawlucha, M, shiny|100/100
|-ability|p2a: Itachi|Mold Breaker
|cant|p1a: Alomomola|par
|
|-weather|Sandstorm|[upkeep]
|-damage|p2a: Itachi|94/100|[from] Sandstorm
|-damage|p1a: Alomomola|49/100 par|[from] Sandstorm
|-heal|p1a: Alomomola|55/100 par|[from] item: Leftovers
|upkeep
|turn|21
|
|t:|1779643022
|move|p2a: Itachi|Brave Bird|p1a: Alomomola
|-damage|p1a: Alomomola|27/100 par
|-damage|p2a: Itachi|78/100|[from] Recoil
|cant|p1a: Alomomola|par
|
|-weather|Sandstorm|[upkeep]
|-damage|p2a: Itachi|72/100|[from] Sandstorm
|-damage|p1a: Alomomola|21/100 par|[from] Sandstorm
|-heal|p1a: Alomomola|27/100 par|[from] item: Leftovers
|upkeep
|turn|22
|
|t:|1779643029
|move|p2a: Itachi|Brave Bird|p1a: Alomomola
|-damage|p1a: Alomomola|0 fnt
|faint|p1a: Alomomola
|-damage|p2a: Itachi|56/100|[from] Recoil
|
|-weather|Sandstorm|[upkeep]
|-damage|p2a: Itachi|50/100|[from] Sandstorm
|upkeep
|
|t:|1779643036
|switch|p1a: Cinderace|Cinderace, M|89/100
|turn|23
|
|t:|1779643051
|move|p1a: Cinderace|Court Change|p1a: Cinderace
|-start|p1a: Cinderace|typechange|Normal|[from] ability: Libero
|-swapsideconditions
|-activate|p1a: Cinderace|move: Court Change
|move|p2a: Itachi|Defog|p1a: Cinderace
|-unboost|p1a: Cinderace|evasion|1
|-sideend|p2: OP Earthquakes|Stealth Rock|[from] move: Defog|[of] p2a: Itachi
|
|-weather|Sandstorm|[upkeep]
|-damage|p1a: Cinderace|83/100|[from] Sandstorm
|-damage|p2a: Itachi|44/100|[from] Sandstorm
|upkeep
|turn|24
|
|t:|1779643055
|move|p1a: Cinderace|Pyro Ball|p2a: Itachi
|-damage|p2a: Itachi|0 fnt
|faint|p2a: Itachi
|
|-weather|Sandstorm|[upkeep]
|-damage|p1a: Cinderace|77/100|[from] Sandstorm
|upkeep
|c|☆OP Earthquakes|nah
|
|t:|1779643060
|switch|p2a: OP|Excadrill, M|75/100
|turn|25
|
|t:|1779643069
|switch|p1a: Mamoswine|Mamoswine, F|53/100
|move|p2a: OP|Iron Head|p1a: Mamoswine
|-supereffective|p1a: Mamoswine
|-damage|p1a: Mamoswine|0 fnt
|faint|p1a: Mamoswine
|
|-weather|none
|upkeep
|j| isaac_gam3r
|
|t:|1779643078
|switch|p1a: Cinderace|Cinderace, M|77/100
|turn|26
|
|t:|1779643081
|switch|p2a: Ninetales|Ninetales-Alola, M, tera:Water|73/100
|-weather|Snowscape|[from] ability: Snow Warning|[of] p2a: Ninetales
|move|p1a: Cinderace|High Jump Kick|p2a: Ninetales|[miss]
|-start|p1a: Cinderace|typechange|Fighting|[from] ability: Libero
|-miss|p1a: Cinderace|p2a: Ninetales
|-damage|p1a: Cinderace|27/100|[from] highjumpkick
|
|-weather|Snowscape|[upkeep]
|upkeep
|turn|27
|
|t:|1779643087
|move|p2a: Ninetales|Moonblast|p1a: Cinderace
|-supereffective|p1a: Cinderace
|-damage|p1a: Cinderace|0 fnt
|faint|p1a: Cinderace
|
|-weather|Snowscape|[upkeep]
|upkeep
|
|t:|1779643105
|switch|p1a: Hydrapple|Hydrapple, F, shiny|100/100
|turn|28
|
|t:|1779643117
|-terastallize|p1a: Hydrapple|Water
|move|p2a: Ninetales|Moonblast|p1a: Hydrapple
|-damage|p1a: Hydrapple|68/100
|move|p1a: Hydrapple|Earth Power|p2a: Ninetales
|-damage|p2a: Ninetales|27/100
|-unboost|p2a: Ninetales|spd|1
|
|-weather|Snowscape|[upkeep]
|upkeep
|turn|29
|j| JihoonLee
|
|t:|1779643133
|switch|p2a: Porunga|Pawmot, M|94/100
|move|p1a: Hydrapple|Earth Power|p2a: Porunga
|-supereffective|p2a: Porunga
|-damage|p2a: Porunga|0 fnt
|faint|p2a: Porunga
|
|-weather|Snowscape|[upkeep]
|upkeep
|l| JihoonLee
|
|t:|1779643145
|switch|p2a: Ninetales|Ninetales-Alola, M, tera:Water|27/100
|turn|30
|
|t:|1779643149
|move|p2a: Ninetales|Aurora Veil|p2a: Ninetales
|-sidestart|p2: OP Earthquakes|move: Aurora Veil
|move|p1a: Hydrapple|Earth Power|p2a: Ninetales
|-damage|p2a: Ninetales|4/100
|
|-weather|none
|upkeep
|turn|31
|
|t:|1779643155
|move|p2a: Ninetales|Aurora Veil||[still]
|-fail|p2a: Ninetales
|move|p1a: Hydrapple|Earth Power|p2a: Ninetales
|-damage|p2a: Ninetales|0 fnt
|faint|p2a: Ninetales
|
|upkeep
|
|t:|1779643157
|switch|p2a: OP|Excadrill, M|75/100
|turn|32
|
|t:|1779643158
|switch|p1a: Iron Crown|Iron Crown|100/100
|move|p2a: OP|Earthquake|p1a: Iron Crown
|-supereffective|p1a: Iron Crown
|-damage|p1a: Iron Crown|0 fnt
|faint|p1a: Iron Crown
|-end|p1a: Iron Crown|Quark Drive|[silent]
|
|upkeep
|
|t:|1779643160
|switch|p1a: Hydrapple|Hydrapple, F, shiny, tera:Water|100/100
|turn|33
|
|t:|1779643162
|move|p2a: OP|Earthquake|p1a: Hydrapple
|-damage|p1a: Hydrapple|35/100
|move|p1a: Hydrapple|Hydro Pump|p2a: OP
|-supereffective|p2a: OP
|-damage|p2a: OP|0 fnt
|faint|p2a: OP
|
|win|tuanquewang
|raw|tuanquewang's rating: 1637 &rarr; <strong>1660</strong><br />(+23 for winning)
|raw|OP Earthquakes's rating: 1695 &rarr; <strong>1672</strong><br />(-23 for losing)
|l|☆tuanquewang
|player|p1|
|c|☆OP Earthquakes|yooo
|j| lowladder alter
|j| AbrarS
|l| AbrarS
|l|☆OP Earthquakes
|player|p2|
|j| Nyrkry
|l| isaac_gam3r
|l| Nyrkry
