|j|☆MrsDelacerna
|j|☆GrandSagePatate
|t:|1779719408
|gametype|singles
|player|p1|MrsDelacerna|lucas|1269
|player|p2|GrandSagePatate|twins-gen4dp|1247
|gen|9
|tier|[Gen 9] OU
|rated|
|rule|HP Percentage Mod: HP is shown in percentages
|rule|Endless Battle Clause: Forcing endless battles is banned
|rule|Species Clause: Limit one of each Pokémon
|rule|OHKO Clause: OHKO moves are banned
|rule|Evasion Items Clause: Evasion items are banned
|rule|Evasion Moves Clause: Evasion moves are banned
|rule|Evasion Abilities Clause: Evasion abilities are banned
|rule|Sleep Moves Clause: Sleep-inducing moves are banned
|clearpoke
|poke|p1|Grimmsnarl, M|
|poke|p1|Kommo-o, F|
|poke|p1|Gholdengo|
|poke|p1|Dragapult, M|
|poke|p1|Scizor, M|
|poke|p1|Kingambit, F|
|poke|p2|Kingambit, F|
|poke|p2|Corviknight, F|
|poke|p2|Darkrai|
|poke|p2|Landorus-Therian, M|
|poke|p2|Cottonee, L1, M|
|poke|p2|Jirachi|
|teampreview
|inactive|Battle timer is ON: inactive players will automatically lose when time's up. (requested by GrandSagePatate)
|
|t:|1779719429
|teamsize|p1|6
|teamsize|p2|6
|start
|switch|p1a: Grimmsnarl|Grimmsnarl, M|100/100
|switch|p2a: Landorus|Landorus-Therian, M, shiny|100/100
|-ability|p2a: Landorus|Intimidate|boost
|-unboost|p1a: Grimmsnarl|atk|1
|turn|1
|
|t:|1779719437
|move|p1a: Grimmsnarl|Taunt|p2a: Landorus
|-start|p2a: Landorus|move: Taunt
|move|p2a: Landorus|U-turn|p1a: Grimmsnarl
|-damage|p1a: Grimmsnarl|78/100
|
|t:|1779719441
|switch|p2a: Jirachi|Jirachi, shiny|100/100|[from] U-turn
|
|upkeep
|turn|2
|
|t:|1779719454
|move|p1a: Grimmsnarl|Light Screen|p1a: Grimmsnarl
|-sidestart|p1: MrsDelacerna|move: Light Screen
|move|p2a: Jirachi|Iron Head|p1a: Grimmsnarl
|-supereffective|p1a: Grimmsnarl
|-damage|p1a: Grimmsnarl|17/100
|
|upkeep
|turn|3
|
|t:|1779719461
|move|p1a: Grimmsnarl|Parting Shot|p2a: Jirachi
|-unboost|p2a: Jirachi|atk|1
|-unboost|p2a: Jirachi|spa|1
|
|t:|1779719473
|switch|p1a: Gholdengo|Gholdengo|100/100|[from] Parting Shot
|-item|p1a: Gholdengo|Air Balloon
|move|p2a: Jirachi|Iron Head|p1a: Gholdengo
|-resisted|p1a: Gholdengo
|-damage|p1a: Gholdengo|88/100
|-enditem|p1a: Gholdengo|Air Balloon
|
|upkeep
|turn|4
|
|t:|1779719486
|-terastallize|p2a: Jirachi|Steel
|move|p2a: Jirachi|Iron Head|p1a: Gholdengo
|-resisted|p1a: Gholdengo
|-damage|p1a: Gholdengo|69/100
|cant|p1a: Gholdengo|flinch
|
|upkeep
|turn|5
|
|t:|1779719494
|move|p2a: Jirachi|Iron Head|p1a: Gholdengo
|-resisted|p1a: Gholdengo
|-damage|p1a: Gholdengo|51/100
|cant|p1a: Gholdengo|flinch
|
|upkeep
|turn|6
|
|t:|1779719502
|move|p2a: Jirachi|Iron Head|p1a: Gholdengo
|-resisted|p1a: Gholdengo
|-damage|p1a: Gholdengo|35/100
|cant|p1a: Gholdengo|flinch
|
|upkeep
|turn|7
|
|t:|1779719509
|move|p2a: Jirachi|Iron Head|p1a: Gholdengo
|-resisted|p1a: Gholdengo
|-damage|p1a: Gholdengo|19/100
|move|p1a: Gholdengo|Shadow Ball|p2a: Jirachi
|-crit|p2a: Jirachi
|-damage|p2a: Jirachi|32/100
|-unboost|p2a: Jirachi|spd|1
|
|upkeep
|turn|8
|
|t:|1779719521
|switch|p1a: Scizor|Scizor, M|100/100
|move|p2a: Jirachi|Iron Head|p1a: Scizor
|-resisted|p1a: Scizor
|-damage|p1a: Scizor|85/100
|
|upkeep
|turn|9
|
|t:|1779719528
|switch|p2a: Corviknight|Corviknight, F, shiny|100/100
|move|p1a: Scizor|Close Combat|p2a: Corviknight
|-damage|p2a: Corviknight|51/100
|-unboost|p1a: Scizor|def|1
|-unboost|p1a: Scizor|spd|1
|-damage|p1a: Scizor|69/100|[from] item: Rocky Helmet|[of] p2a: Corviknight
|-damage|p1a: Scizor|59/100|[from] item: Life Orb
|
|-sideend|p1: MrsDelacerna|move: Light Screen
|upkeep
|turn|10
|
|t:|1779719540
|switch|p1a: Gholdengo|Gholdengo|19/100
|move|p2a: Corviknight|U-turn|p1a: Gholdengo
|-resisted|p1a: Gholdengo
|-damage|p1a: Gholdengo|15/100
|
|t:|1779719547
|switch|p2a: Landorus|Landorus-Therian, M, shiny|100/100|[from] U-turn
|-ability|p2a: Landorus|Intimidate|boost
|-unboost|p1a: Gholdengo|atk|1
|
|upkeep
|turn|11
|
|t:|1779719556
|-terastallize|p1a: Gholdengo|Flying
|move|p2a: Landorus|Earthquake|p1a: Gholdengo
|-immune|p1a: Gholdengo
|move|p1a: Gholdengo|Make It Rain|p2a: Landorus
|-damage|p2a: Landorus|16/100
|-unboost|p1a: Gholdengo|spa|1
|
|-heal|p2a: Landorus|22/100|[from] item: Leftovers
|upkeep
|turn|12
|
|t:|1779719567
|move|p2a: Landorus|Stone Edge|p1a: Gholdengo
|-supereffective|p1a: Gholdengo
|-damage|p1a: Gholdengo|0 fnt
|faint|p1a: Gholdengo
|
|-heal|p2a: Landorus|28/100|[from] item: Leftovers
|upkeep
|
|t:|1779719575
|switch|p1a: Scizor|Scizor, M|59/100
|turn|13
|
|t:|1779719580
|move|p2a: Landorus|Protect|p2a: Landorus
|-singleturn|p2a: Landorus|Protect
|move|p1a: Scizor|Knock Off|p2a: Landorus
|-activate|p2a: Landorus|move: Protect
|
|-heal|p2a: Landorus|35/100|[from] item: Leftovers
|upkeep
|turn|14
|
|t:|1779719588
|move|p2a: Landorus|Earthquake|p1a: Scizor
|-damage|p1a: Scizor|6/100
|move|p1a: Scizor|Knock Off|p2a: Landorus
|-crit|p2a: Landorus
|-damage|p2a: Landorus|0 fnt
|-enditem|p2a: Landorus|Leftovers|[from] move: Knock Off|[of] p1a: Scizor
|faint|p2a: Landorus
|-damage|p1a: Scizor|0 fnt|[from] item: Life Orb
|faint|p1a: Scizor
|
|upkeep
|
|t:|1779719607
|switch|p2a: Jirachi|Jirachi, shiny, tera:Steel|32/100
|switch|p1a: Grimmsnarl|Grimmsnarl, M|17/100
|turn|15
|
|t:|1779719612
|move|p1a: Grimmsnarl|Reflect|p1a: Grimmsnarl
|-sidestart|p1: MrsDelacerna|Reflect
|move|p2a: Jirachi|Iron Head|p1a: Grimmsnarl
|-supereffective|p1a: Grimmsnarl
|-damage|p1a: Grimmsnarl|0 fnt
|faint|p1a: Grimmsnarl
|
|upkeep
|
|t:|1779719624
|switch|p1a: Dragapult|Dragapult, M|100/100
|turn|16
|
|t:|1779719631
|move|p2a: Jirachi|Iron Head|p1a: Dragapult
|-damage|p1a: Dragapult|67/100
|move|p1a: Dragapult|Flamethrower|p2a: Jirachi
|-supereffective|p2a: Jirachi
|-damage|p2a: Jirachi|0 fnt
|faint|p2a: Jirachi
|
|upkeep
|
|t:|1779719641
|switch|p2a: Darkrai|Darkrai|100/100
|turn|17
|
|t:|1779719646
|move|p1a: Dragapult|Draco Meteor|p2a: Darkrai
|-damage|p2a: Darkrai|28/100
|-unboost|p1a: Dragapult|spa|2
|move|p2a: Darkrai|Dark Pulse|p1a: Dragapult
|-supereffective|p1a: Dragapult
|-crit|p1a: Dragapult
|-damage|p1a: Dragapult|0 fnt
|faint|p1a: Dragapult
|-damage|p2a: Darkrai|18/100|[from] item: Life Orb
|
|upkeep
|
|t:|1779719657
|switch|p1a: Kommo-o|Kommo-o, F|100/100
|turn|18
|
|t:|1779719661
|move|p2a: Darkrai|Ice Beam|p1a: Kommo-o
|-supereffective|p1a: Kommo-o
|-damage|p1a: Kommo-o|8/100
|-damage|p2a: Darkrai|8/100|[from] item: Life Orb
|move|p1a: Kommo-o|Clangorous Soul||[still]
|-fail|p1a: Kommo-o
|
|upkeep
|turn|19
|
|t:|1779719670
|move|p2a: Darkrai|Ice Beam|p1a: Kommo-o
|-supereffective|p1a: Kommo-o
|-crit|p1a: Kommo-o
|-damage|p1a: Kommo-o|0 fnt
|faint|p1a: Kommo-o
|-damage|p2a: Darkrai|0 fnt|[from] item: Life Orb
|faint|p2a: Darkrai
|
|upkeep
|inactive|GrandSagePatate has 120 seconds left.
|inactive|GrandSagePatate has 90 seconds left.
|
|t:|1779719737
|switch|p2a: Cottonee|Cottonee, L1, M, shiny|100/100
|switch|p1a: Kingambit|Kingambit, F|100/100
|-activate|p1a: Kingambit|ability: Supreme Overlord
|-start|p1a: Kingambit|fallen5|[silent]
|turn|20
|
|t:|1779719745
|move|p1a: Kingambit|Swords Dance|p1a: Kingambit
|-boost|p1a: Kingambit|atk|2
|move|p2a: Cottonee|Endeavor|p1a: Kingambit
|-damage|p1a: Kingambit|3/100
|
|upkeep
|turn|21
|
|t:|1779719763
|switch|p2a: Corviknight|Corviknight, F, shiny|51/100
|move|p1a: Kingambit|Sucker Punch||[still]
|-fail|p1a: Kingambit
|
|upkeep
|turn|22
|
|t:|1779719771
|move|p2a: Corviknight|U-turn|p1a: Kingambit
|-damage|p1a: Kingambit|0 fnt
|faint|p1a: Kingambit
|-end|p1a: Kingambit|fallen5|[silent]
|
|win|GrandSagePatate
|raw|MrsDelacerna's rating: 1269 &rarr; <strong>1242</strong><br />(-27 for losing)
|raw|GrandSagePatate's rating: 1247 &rarr; <strong>1274</strong><br />(+27 for winning)
|l|☆GrandSagePatate
|player|p2|
|l|☆MrsDelacerna
|player|p1|
