|j|☆owlwaystired
|j|☆ur doggo
|t:|1779695641
|gametype|singles
|player|p1|owlwaystired|101|1498
|player|p2|ur doggo|2|1540
|gen|9
|tier|[Gen 9] OU
|rated|
|rule|HP Percentage Mod: HP is shown in percentages
|rule|Endless Battle Clause: Forcing endless battles is banned
|rule|Species Clause: Limit one of each Pokémon
|rule|OHKO Clause: OHKO moves are banned
|rule|Evasion Items Clause: Evasion items are banned
|rule|Evasion Moves Clause: Evasion moves are banned
|rule|Evasion Abilities Clause: Evasion abilities are banned
|rule|Sleep Moves Clause: Sleep-inducing moves are banned
|clearpoke
|poke|p1|Primarina, M|
|poke|p1|Grimmsnarl, M|
|poke|p1|Lokix, F|
|poke|p1|Walking Wake|
|poke|p1|Kingambit, F|
|poke|p1|Iron Moth|
|poke|p2|Ninetales, M|
|poke|p2|Walking Wake|
|poke|p2|Great Tusk|
|poke|p2|Hatterene, F|
|poke|p2|Typhlosion-Hisui, M|
|poke|p2|Slither Wing|
|teampreview
|inactive|Battle timer is ON: inactive players will automatically lose when time's up. (requested by owlwaystired)
|
|t:|1779695657
|teamsize|p1|6
|teamsize|p2|6
|start
|switch|p1a: Primarina|Primarina, M|100/100
|switch|p2a: Ninetales|Ninetales, M|100/100
|-weather|SunnyDay|[from] ability: Drought|[of] p2a: Ninetales
|turn|1
|
|t:|1779695666
|move|p2a: Ninetales|Overheat|p1a: Primarina
|-resisted|p1a: Primarina
|-damage|p1a: Primarina|69/100
|-unboost|p2a: Ninetales|spa|2
|move|p1a: Primarina|Sparkling Aria|p2a: Ninetales
|-supereffective|p2a: Ninetales
|-damage|p2a: Ninetales|37/100
|
|-weather|SunnyDay|[upkeep]
|upkeep
|turn|2
|
|t:|1779695687
|switch|p2a: Hatterene|Hatterene, F|100/100
|move|p1a: Primarina|Sparkling Aria|p2a: Hatterene
|-damage|p2a: Hatterene|79/100
|-enditem|p2a: Hatterene|Eject Button
|
|t:|1779695703
|switch|p2a: high|Typhlosion-Hisui, M|100/100
|-item|p1a: Primarina|Mystic Water|[from] ability: Frisk|[of] p2a: high
|
|-weather|SunnyDay|[upkeep]
|upkeep
|turn|3
|
|t:|1779695707
|-terastallize|p2a: high|Fire
|move|p2a: high|Eruption|p1a: Primarina
|-resisted|p1a: Primarina
|-damage|p1a: Primarina|0 fnt
|faint|p1a: Primarina
|
|-weather|SunnyDay|[upkeep]
|upkeep
|
|t:|1779695724
|switch|p1a: Walking Wake|Walking Wake|100/100
|-activate|p1a: Walking Wake|ability: Protosynthesis
|-start|p1a: Walking Wake|protosynthesisspa
|turn|4
|
|t:|1779695749
|switch|p2a: Hatterene|Hatterene, F|79/100
|move|p1a: Walking Wake|Dragon Pulse|p2a: Hatterene
|-immune|p2a: Hatterene
|
|-weather|SunnyDay|[upkeep]
|upkeep
|turn|5
|
|t:|1779695754
|-terastallize|p1a: Walking Wake|Water
|move|p1a: Walking Wake|Scald|p2a: Hatterene
|-damage|p2a: Hatterene|47/100
|move|p2a: Hatterene|Nuzzle|p1a: Walking Wake
|-supereffective|p1a: Walking Wake
|-damage|p1a: Walking Wake|92/100
|-status|p1a: Walking Wake|par
|
|-weather|SunnyDay|[upkeep]
|upkeep
|turn|6
|
|t:|1779695767
|switch|p2a: Slither Wing|Slither Wing|100/100
|-activate|p2a: Slither Wing|ability: Protosynthesis
|-start|p2a: Slither Wing|protosynthesisatk
|move|p1a: Walking Wake|Scald|p2a: Slither Wing
|-damage|p2a: Slither Wing|76/100
|-status|p2a: Slither Wing|brn
|
|-weather|SunnyDay|[upkeep]
|-damage|p2a: Slither Wing|70/100 brn|[from] brn
|upkeep
|turn|7
|
|t:|1779695778
|move|p2a: Slither Wing|First Impression|p1a: Walking Wake
|-damage|p1a: Walking Wake|53/100 par
|cant|p1a: Walking Wake|par
|
|-weather|SunnyDay|[upkeep]
|-damage|p2a: Slither Wing|64/100 brn|[from] brn
|upkeep
|turn|8
|
|t:|1779695783
|move|p2a: Slither Wing|Close Combat|p1a: Walking Wake
|-damage|p1a: Walking Wake|5/100 par
|-unboost|p2a: Slither Wing|def|1
|-unboost|p2a: Slither Wing|spd|1
|move|p1a: Walking Wake|Scald|p2a: Slither Wing
|-damage|p2a: Slither Wing|30/100 brn
|
|-weather|none
|-end|p2a: Slither Wing|Protosynthesis
|-end|p1a: Walking Wake|Protosynthesis
|-damage|p2a: Slither Wing|24/100 brn|[from] brn
|upkeep
|-enditem|p1a: Walking Wake|Booster Energy
|-activate|p1a: Walking Wake|ability: Protosynthesis|[fromitem]
|-start|p1a: Walking Wake|protosynthesisspa
|turn|9
|
|t:|1779695792
|move|p1a: Walking Wake|Aqua Jet|p2a: Slither Wing
|-damage|p2a: Slither Wing|0 fnt
|faint|p2a: Slither Wing
|-end|p2a: Slither Wing|Protosynthesis|[silent]
|
|upkeep
|
|t:|1779695797
|switch|p2a: Ninetales|Ninetales, M|37/100
|-weather|SunnyDay|[from] ability: Drought|[of] p2a: Ninetales
|turn|10
|
|t:|1779695801
|cant|p1a: Walking Wake|par
|move|p2a: Ninetales|Overheat|p1a: Walking Wake
|-resisted|p1a: Walking Wake
|-damage|p1a: Walking Wake|0 fnt
|-unboost|p2a: Ninetales|spa|2
|faint|p1a: Walking Wake
|-end|p1a: Walking Wake|Protosynthesis|[silent]
|
|-weather|SunnyDay|[upkeep]
|upkeep
|
|t:|1779695812
|switch|p1a: Iron Moth|Iron Moth|100/100
|-enditem|p1a: Iron Moth|Booster Energy
|-activate|p1a: Iron Moth|ability: Quark Drive|[fromitem]
|-start|p1a: Iron Moth|quarkdrivespa
|turn|11
|
|t:|1779695823
|switch|p2a: Hatterene|Hatterene, F|47/100
|move|p1a: Iron Moth|Sludge Wave|p2a: Hatterene
|-supereffective|p2a: Hatterene
|-damage|p2a: Hatterene|0 fnt
|faint|p2a: Hatterene
|
|-weather|SunnyDay|[upkeep]
|upkeep
|
|t:|1779695825
|switch|p2a: Jesus|Walking Wake|100/100
|-activate|p2a: Jesus|ability: Protosynthesis
|-start|p2a: Jesus|protosynthesisspe
|turn|12
|
|t:|1779695830
|move|p2a: Jesus|Hydro Steam|p1a: Iron Moth
|-supereffective|p1a: Iron Moth
|-damage|p1a: Iron Moth|0 fnt
|faint|p1a: Iron Moth
|-end|p1a: Iron Moth|Quark Drive|[silent]
|
|-weather|SunnyDay|[upkeep]
|upkeep
|
|t:|1779695839
|switch|p1a: Grimmsnarl|Grimmsnarl, M|100/100
|turn|13
|
|t:|1779695848
|move|p1a: Grimmsnarl|Thunder Wave|p2a: Jesus
|-status|p2a: Jesus|par
|move|p2a: Jesus|Hydro Steam|p1a: Grimmsnarl
|-damage|p1a: Grimmsnarl|29/100
|
|-weather|SunnyDay|[upkeep]
|-heal|p1a: Grimmsnarl|36/100|[from] item: Leftovers
|upkeep
|turn|14
|
|t:|1779695856
|move|p2a: Jesus|Hydro Steam|p1a: Grimmsnarl
|-damage|p1a: Grimmsnarl|0 fnt
|faint|p1a: Grimmsnarl
|
|-weather|SunnyDay|[upkeep]
|upkeep
|
|t:|1779695859
|switch|p1a: Lokix|Lokix, F|100/100
|turn|15
|
|t:|1779695862
|move|p1a: Lokix|First Impression|p2a: Jesus
|-damage|p2a: Jesus|48/100 par
|move|p2a: Jesus|Hydro Steam|p1a: Lokix
|-damage|p1a: Lokix|0 fnt
|faint|p1a: Lokix
|
|-weather|SunnyDay|[upkeep]
|upkeep
|
|t:|1779695869
|switch|p1a: Kingambit|Kingambit, F|100/100
|-activate|p1a: Kingambit|ability: Supreme Overlord
|-start|p1a: Kingambit|fallen5|[silent]
|turn|16
|
|t:|1779695876
|move|p2a: Jesus|Hydro Steam|p1a: Kingambit
|-damage|p1a: Kingambit|33/100
|move|p1a: Kingambit|Swords Dance|p1a: Kingambit
|-boost|p1a: Kingambit|atk|2
|
|-weather|SunnyDay|[upkeep]
|upkeep
|turn|17
|
|t:|1779695882
|move|p1a: Kingambit|Sucker Punch|p2a: Jesus
|-damage|p2a: Jesus|0 fnt
|faint|p2a: Jesus
|-end|p2a: Jesus|Protosynthesis|[silent]
|
|-weather|none
|upkeep
|
|t:|1779695885
|switch|p2a: Ninetales|Ninetales, M|37/100
|-weather|SunnyDay|[from] ability: Drought|[of] p2a: Ninetales
|turn|18
|
|t:|1779695887
|move|p1a: Kingambit|Sucker Punch||[still]
|-fail|p1a: Kingambit
|move|p2a: Ninetales|Encore|p1a: Kingambit
|-start|p1a: Kingambit|Encore
|
|-weather|SunnyDay|[upkeep]
|upkeep
|turn|19
|
|t:|1779695891
|move|p1a: Kingambit|Sucker Punch||[still]
|-fail|p1a: Kingambit
|move|p2a: Ninetales|Will-O-Wisp|p1a: Kingambit
|-status|p1a: Kingambit|brn
|
|-weather|SunnyDay|[upkeep]
|-damage|p1a: Kingambit|27/100 brn|[from] brn
|upkeep
|turn|20
|
|t:|1779695896
|move|p1a: Kingambit|Sucker Punch||[still]
|-fail|p1a: Kingambit
|move|p2a: Ninetales|Will-O-Wisp|p1a: Kingambit
|-fail|p1a: Kingambit|brn
|
|-weather|SunnyDay|[upkeep]
|-damage|p1a: Kingambit|21/100 brn|[from] brn
|upkeep
|turn|21
|
|t:|1779695898
|move|p1a: Kingambit|Sucker Punch||[still]
|-fail|p1a: Kingambit
|move|p2a: Ninetales|Will-O-Wisp|p1a: Kingambit
|-fail|p1a: Kingambit|brn
|
|-weather|SunnyDay|[upkeep]
|-damage|p1a: Kingambit|15/100 brn|[from] brn
|-end|p1a: Kingambit|Encore
|upkeep
|turn|22
|
|t:|1779695901
|move|p2a: Ninetales|Encore|p1a: Kingambit
|-start|p1a: Kingambit|Encore
|move|p1a: Kingambit|Sucker Punch||[still]
|-fail|p1a: Kingambit
|
|-weather|SunnyDay|[upkeep]
|-damage|p1a: Kingambit|9/100 brn|[from] brn
|upkeep
|turn|23
|
|t:|1779695903
|move|p1a: Kingambit|Sucker Punch||[still]
|-fail|p1a: Kingambit
|move|p2a: Ninetales|Will-O-Wisp|p1a: Kingambit
|-fail|p1a: Kingambit|brn
|
|-weather|SunnyDay|[upkeep]
|-damage|p1a: Kingambit|2/100 brn|[from] brn
|upkeep
|turn|24
|inactive|owlwaystired has 120 seconds left.
|c|☆owlwaystired|Hmm.. I'll remember your name if we ever cross again
|
|t:|1779695950
|move|p1a: Kingambit|Sucker Punch||[still]
|-fail|p1a: Kingambit
|move|p2a: Ninetales|Healing Wish|p2a: Ninetales
|faint|p2a: Ninetales
|
|-weather|SunnyDay|[upkeep]
|-damage|p1a: Kingambit|0 fnt|[from] brn
|faint|p1a: Kingambit
|-end|p1a: Kingambit|fallen5|[silent]
|
|win|ur doggo
|raw|owlwaystired's rating: 1498 &rarr; <strong>1480</strong><br />(-18 for losing)
|raw|ur doggo's rating: 1540 &rarr; <strong>1558</strong><br />(+18 for winning)
|l|☆owlwaystired
|player|p1|
