|j|☆Ballerr
|j|‽kerom.pk
|t:|1779706617
|gametype|singles
|player|p1|Ballerr|miku-ground|1534
|player|p2|kerom.pk|265|1592
|gen|9
|tier|[Gen 9] OU
|rated|
|rule|HP Percentage Mod: HP is shown in percentages
|rule|Endless Battle Clause: Forcing endless battles is banned
|rule|Species Clause: Limit one of each Pokémon
|rule|OHKO Clause: OHKO moves are banned
|rule|Evasion Items Clause: Evasion items are banned
|rule|Evasion Moves Clause: Evasion moves are banned
|rule|Evasion Abilities Clause: Evasion abilities are banned
|rule|Sleep Moves Clause: Sleep-inducing moves are banned
|clearpoke
|poke|p1|Entei|
|poke|p1|Gliscor, F|
|poke|p1|Great Tusk|
|poke|p1|Dragapult, F|
|poke|p1|Samurott-Hisui, M|
|poke|p1|Weezing-Galar, F|
|poke|p2|Clodsire, F|
|poke|p2|Alomomola, F|
|poke|p2|Hydrapple, F|
|poke|p2|Meowscarada, M|
|poke|p2|Primarina, M|
|poke|p2|Weezing-Galar, F|
|teampreview
|inactive|Battle timer is ON: inactive players will automatically lose when time's up. (requested by kerom.pk)
|
|t:|1779706634
|teamsize|p1|6
|teamsize|p2|6
|start
|switch|p1a: Entei|Entei|100/100
|switch|p2a: Meowscarada|Meowscarada, M|100/100
|turn|1
|
|t:|1779706637
|move|p2a: Meowscarada|U-turn|p1a: Entei
|-start|p2a: Meowscarada|typechange|Bug|[from] ability: Protean
|-resisted|p1a: Entei
|-damage|p1a: Entei|73/100
|
|t:|1779706639
|switch|p2a: Alomomola|Alomomola, F|100/100|[from] U-turn
|move|p1a: Entei|Sacred Fire|p2a: Alomomola
|-resisted|p2a: Alomomola
|-damage|p2a: Alomomola|79/100
|
|upkeep
|turn|2
|
|t:|1779706647
|move|p1a: Entei|Sacred Fire|p2a: Alomomola
|-resisted|p2a: Alomomola
|-damage|p2a: Alomomola|58/100
|move|p2a: Alomomola|Flip Turn|p1a: Entei
|-supereffective|p1a: Entei
|-damage|p1a: Entei|38/100
|
|t:|1779706652
|switch|p2a: Meowscarada|Meowscarada, M|100/100|[from] Flip Turn
|
|upkeep
|turn|3
|
|t:|1779706657
|switch|p1a: Weezing|Weezing-Galar, F|100/100
|-ability|p1a: Weezing|Neutralizing Gas
|move|p2a: Meowscarada|Knock Off|p1a: Weezing
|-resisted|p1a: Weezing
|-damage|p1a: Weezing|77/100
|-enditem|p1a: Weezing|Heavy-Duty Boots|[from] move: Knock Off|[of] p2a: Meowscarada
|
|upkeep
|turn|4
|
|t:|1779706664
|switch|p2a: Weezing|Weezing-Galar, F|100/100
|-ability|p2a: Weezing|Neutralizing Gas
|move|p1a: Weezing|Toxic Spikes|p2a: Weezing
|-sidestart|p2: kerom.pk|move: Toxic Spikes
|
|upkeep
|turn|5
|
|t:|1779706671
|switch|p1a: Entei|Entei|38/100
|move|p2a: Weezing|Will-O-Wisp|p1a: Entei
|-immune|p1a: Entei
|
|upkeep
|turn|6
|
|t:|1779706678
|move|p1a: Entei|Sacred Fire|p2a: Weezing
|-damage|p2a: Weezing|48/100
|-status|p2a: Weezing|brn
|move|p2a: Weezing|Defog|p1a: Entei
|-unboost|p1a: Entei|evasion|1
|-sideend|p2: kerom.pk|Toxic Spikes|[from] move: Defog|[of] p2a: Weezing
|
|-heal|p2a: Weezing|54/100 brn|[from] item: Leftovers
|-damage|p2a: Weezing|48/100 brn|[from] brn
|upkeep
|turn|7
|
|t:|1779706684
|-end|p2a: Weezing|ability: Neutralizing Gas
|switch|p2a: Alomomola|Alomomola, F|91/100
|move|p1a: Entei|Sacred Fire|p2a: Alomomola
|-resisted|p2a: Alomomola
|-damage|p2a: Alomomola|68/100
|
|upkeep
|turn|8
|
|t:|1779706691
|move|p1a: Entei|Sacred Fire|p2a: Alomomola
|-resisted|p2a: Alomomola
|-damage|p2a: Alomomola|47/100
|move|p2a: Alomomola|Flip Turn|p1a: Entei
|-supereffective|p1a: Entei
|-damage|p1a: Entei|6/100
|
|t:|1779706696
|switch|p2a: Weezing|Weezing-Galar, F|48/100 brn|[from] Flip Turn
|-ability|p2a: Weezing|Neutralizing Gas
|
|-heal|p2a: Weezing|54/100 brn|[from] item: Leftovers
|-damage|p2a: Weezing|48/100 brn|[from] brn
|upkeep
|turn|9
|c|☆Ballerr|cc?
|
|t:|1779706704
|-end|p2a: Weezing|ability: Neutralizing Gas
|switch|p2a: Alomomola|Alomomola, F|81/100
|move|p1a: Entei|Sacred Fire|p2a: Alomomola
|-resisted|p2a: Alomomola
|-damage|p2a: Alomomola|57/100
|
|upkeep
|turn|10
|
|t:|1779706711
|switch|p1a: Dragapult|Dragapult, F|100/100
|move|p2a: Alomomola|Wish|p2a: Alomomola
|
|upkeep
|turn|11
|
|t:|1779706715
|move|p1a: Dragapult|Will-O-Wisp|p2a: Alomomola
|-status|p2a: Alomomola|brn
|move|p2a: Alomomola|Flip Turn|p1a: Dragapult
|-resisted|p1a: Dragapult
|-damage|p1a: Dragapult|95/100
|
|t:|1779706717
|switch|p2a: Weezing|Weezing-Galar, F|48/100 brn|[from] Flip Turn
|-ability|p2a: Weezing|Neutralizing Gas
|
|-heal|p2a: Weezing|100/100 brn|[from] move: Wish|[wisher] Alomomola
|-damage|p2a: Weezing|95/100 brn|[from] brn
|upkeep
|turn|12
|
|t:|1779706724
|-end|p2a: Weezing|ability: Neutralizing Gas
|switch|p2a: Alomomola|Alomomola, F|90/100 brn
|-terastallize|p1a: Dragapult|Ghost
|move|p1a: Dragapult|Hex|p2a: Alomomola
|-damage|p2a: Alomomola|9/100 brn
|
|-damage|p2a: Alomomola|3/100 brn|[from] brn
|upkeep
|turn|13
|
|t:|1779706736
|switch|p2a: Primarina|Primarina, M|100/100
|move|p1a: Dragapult|Hex|p2a: Primarina
|-damage|p2a: Primarina|64/100
|
|-heal|p2a: Primarina|70/100|[from] item: Leftovers
|upkeep
|turn|14
|
|t:|1779706748
|move|p2a: Primarina|Protect|p2a: Primarina
|-singleturn|p2a: Primarina|Protect
|move|p1a: Dragapult|U-turn|p2a: Primarina
|-activate|p2a: Primarina|move: Protect
|
|-heal|p2a: Primarina|76/100|[from] item: Leftovers
|upkeep
|turn|15
|
|t:|1779706756
|move|p1a: Dragapult|U-turn|p2a: Primarina
|-resisted|p2a: Primarina
|-damage|p2a: Primarina|67/100
|
|t:|1779706759
|switch|p1a: Samurott|Samurott-Hisui, M|100/100|[from] U-turn
|move|p2a: Primarina|Whirlpool|p1a: Samurott|[miss]
|-miss|p2a: Primarina|p1a: Samurott
|
|-heal|p2a: Primarina|74/100|[from] item: Leftovers
|upkeep
|turn|16
|
|t:|1779706766
|move|p2a: Primarina|Protect|p2a: Primarina
|-singleturn|p2a: Primarina|Protect
|move|p1a: Samurott|Ceaseless Edge|p2a: Primarina
|-activate|p2a: Primarina|move: Protect
|
|-heal|p2a: Primarina|80/100|[from] item: Leftovers
|upkeep
|turn|17
|
|t:|1779706770
|move|p1a: Samurott|Knock Off|p2a: Primarina
|-resisted|p2a: Primarina
|-damage|p2a: Primarina|59/100
|-enditem|p2a: Primarina|Leftovers|[from] move: Knock Off|[of] p1a: Samurott
|move|p2a: Primarina|Moonblast|p1a: Samurott
|-supereffective|p1a: Samurott
|-damage|p1a: Samurott|45/100
|
|upkeep
|turn|18
|
|t:|1779706774
|move|p1a: Samurott|Ceaseless Edge|p2a: Primarina
|-resisted|p2a: Primarina
|-damage|p2a: Primarina|40/100
|-sidestart|p2: kerom.pk|Spikes
|move|p2a: Primarina|Moonblast|p1a: Samurott
|-supereffective|p1a: Samurott
|-damage|p1a: Samurott|0 fnt
|faint|p1a: Samurott
|
|upkeep
|
|t:|1779706783
|switch|p1a: Entei|Entei|6/100
|turn|19
|
|t:|1779706793
|move|p2a: Primarina|Protect|p2a: Primarina
|-singleturn|p2a: Primarina|Protect
|move|p1a: Entei|Sacred Fire|p2a: Primarina
|-activate|p2a: Primarina|move: Protect
|
|upkeep
|turn|20
|
|t:|1779706799
|move|p1a: Entei|Sacred Fire|p2a: Primarina
|-resisted|p2a: Primarina
|-damage|p2a: Primarina|8/100
|move|p2a: Primarina|Moonblast|p1a: Entei
|-resisted|p1a: Entei
|-damage|p1a: Entei|0 fnt
|faint|p1a: Entei
|
|upkeep
|
|t:|1779706808
|switch|p1a: Dragapult|Dragapult, F, tera:Ghost|95/100
|turn|21
|
|t:|1779706812
|move|p1a: Dragapult|Hex|p2a: Primarina
|-damage|p2a: Primarina|0 fnt
|faint|p2a: Primarina
|
|upkeep
|
|t:|1779706818
|switch|p2a: Hydrapple|Hydrapple, F|100/100
|-damage|p2a: Hydrapple|88/100|[from] Spikes
|turn|22
|
|t:|1779706830
|move|p1a: Dragapult|U-turn|p2a: Hydrapple
|-supereffective|p2a: Hydrapple
|-damage|p2a: Hydrapple|59/100
|
|t:|1779706833
|switch|p1a: Weezing|Weezing-Galar, F|77/100|[from] U-turn
|-ability|p1a: Weezing|Neutralizing Gas
|move|p2a: Hydrapple|Draco Meteor|p1a: Weezing
|-immune|p1a: Weezing
|
|upkeep
|turn|23
|
|t:|1779706843
|-end|p1a: Weezing|ability: Neutralizing Gas
|switch|p1a: Gliscor|Gliscor, F|100/100
|switch|p2a: Weezing|Weezing-Galar, F|95/100 brn
|-ability|p2a: Weezing|Neutralizing Gas
|-damage|p2a: Weezing|82/100 brn|[from] Spikes
|
|-heal|p2a: Weezing|88/100 brn|[from] item: Leftovers
|-damage|p2a: Weezing|82/100 brn|[from] brn
|-status|p1a: Gliscor|tox|[from] item: Toxic Orb
|upkeep
|turn|24
|
|t:|1779706860
|move|p1a: Gliscor|Facade|p2a: Weezing
|-damage|p2a: Weezing|60/100 brn
|move|p2a: Weezing|Defog|p1a: Gliscor
|-unboost|p1a: Gliscor|evasion|1
|-sideend|p2: kerom.pk|Spikes|[from] move: Defog|[of] p2a: Weezing
|
|-heal|p2a: Weezing|66/100 brn|[from] item: Leftovers
|-damage|p1a: Gliscor|94/100 tox|[from] psn
|-damage|p2a: Weezing|60/100 brn|[from] brn
|upkeep
|turn|25
|
|t:|1779706865
|move|p1a: Gliscor|Swords Dance|p1a: Gliscor
|-boost|p1a: Gliscor|atk|2
|move|p2a: Weezing|Strange Steam|p1a: Gliscor
|-damage|p1a: Gliscor|73/100 tox
|-start|p1a: Gliscor|confusion
|
|-heal|p2a: Weezing|66/100 brn|[from] item: Leftovers
|-damage|p1a: Gliscor|60/100 tox|[from] psn
|-damage|p2a: Weezing|60/100 brn|[from] brn
|upkeep
|turn|26
|
|t:|1779706874
|-activate|p1a: Gliscor|confusion
|-damage|p1a: Gliscor|47/100 tox|[from] confusion
|move|p2a: Weezing|Strange Steam|p1a: Gliscor
|-damage|p1a: Gliscor|24/100 tox
|
|-heal|p2a: Weezing|66/100 brn|[from] item: Leftovers
|-damage|p1a: Gliscor|5/100 tox|[from] psn
|-damage|p2a: Weezing|60/100 brn|[from] brn
|upkeep
|turn|27
|
|t:|1779706889
|-activate|p1a: Gliscor|confusion
|move|p1a: Gliscor|Facade|p2a: Weezing
|-damage|p2a: Weezing|14/100 brn
|move|p2a: Weezing|Strange Steam|p1a: Gliscor
|-damage|p1a: Gliscor|0 fnt
|faint|p1a: Gliscor
|
|-heal|p2a: Weezing|20/100 brn|[from] item: Leftovers
|-damage|p2a: Weezing|14/100 brn|[from] brn
|upkeep
|
|t:|1779706917
|switch|p1a: Dragapult|Dragapult, F, tera:Ghost|95/100
|turn|28
|
|t:|1779706920
|move|p1a: Dragapult|Hex|p2a: Weezing
|-damage|p2a: Weezing|0 fnt
|faint|p2a: Weezing
|-end|p2a: Weezing|ability: Neutralizing Gas
|
|upkeep
|
|t:|1779706926
|switch|p2a: Meowscarada|Meowscarada, M|100/100
|turn|29
|
|t:|1779706934
|switch|p1a: Weezing|Weezing-Galar, F|77/100
|-ability|p1a: Weezing|Neutralizing Gas
|move|p2a: Meowscarada|Knock Off|p1a: Weezing
|-resisted|p1a: Weezing
|-damage|p1a: Weezing|62/100
|
|upkeep
|turn|30
|
|t:|1779706944
|switch|p2a: Clodsire|Clodsire, F|100/100
|move|p1a: Weezing|Toxic Spikes|p2a: Clodsire
|-sidestart|p2: kerom.pk|move: Toxic Spikes
|
|upkeep
|turn|31
|
|t:|1779706951
|-end|p1a: Weezing|ability: Neutralizing Gas
|switch|p1a: Dragapult|Dragapult, F, tera:Ghost|95/100
|move|p2a: Clodsire|Curse|p2a: Clodsire
|-unboost|p2a: Clodsire|spe|1
|-boost|p2a: Clodsire|atk|1
|-boost|p2a: Clodsire|def|1
|
|upkeep
|turn|32
|
|t:|1779706957
|move|p1a: Dragapult|Will-O-Wisp|p2a: Clodsire
|-status|p2a: Clodsire|brn
|move|p2a: Clodsire|Earthquake|p1a: Dragapult
|-damage|p1a: Dragapult|66/100
|
|-damage|p2a: Clodsire|94/100 brn|[from] brn
|upkeep
|turn|33
|
|t:|1779706964
|move|p1a: Dragapult|Hex|p2a: Clodsire
|-damage|p2a: Clodsire|33/100 brn
|move|p2a: Clodsire|Earthquake|p1a: Dragapult
|-damage|p1a: Dragapult|41/100
|
|-heal|p2a: Clodsire|39/100 brn|[from] item: Leftovers
|-damage|p2a: Clodsire|33/100 brn|[from] brn
|upkeep
|turn|34
|
|t:|1779706968
|move|p1a: Dragapult|Hex|p2a: Clodsire
|-damage|p2a: Clodsire|0 fnt
|faint|p2a: Clodsire
|
|upkeep
|
|t:|1779706974
|switch|p2a: Meowscarada|Meowscarada, M|100/100
|-status|p2a: Meowscarada|psn
|turn|35
|
|t:|1779706978
|switch|p1a: Weezing|Weezing-Galar, F|62/100
|-ability|p1a: Weezing|Neutralizing Gas
|move|p2a: Meowscarada|Triple Axel|p1a: Weezing
|-damage|p1a: Weezing|55/100
|-damage|p1a: Weezing|43/100
|-damage|p1a: Weezing|26/100
|-hitcount|p1a: Weezing|3
|
|-damage|p2a: Meowscarada|88/100 psn|[from] psn
|upkeep
|turn|36
|
|t:|1779706992
|move|p2a: Meowscarada|Triple Axel|p1a: Weezing
|-damage|p1a: Weezing|20/100
|-damage|p1a: Weezing|7/100
|-damage|p1a: Weezing|0 fnt
|faint|p1a: Weezing
|-end|p1a: Weezing|ability: Neutralizing Gas
|-hitcount|p1: Weezing|3
|
|-damage|p2a: Meowscarada|76/100 psn|[from] psn
|upkeep
|
|t:|1779706997
|switch|p1a: Great Tusk|Great Tusk|100/100
|turn|37
|
|t:|1779707010
|switch|p2a: Alomomola|Alomomola, F|36/100 brn
|move|p1a: Great Tusk|Headlong Rush|p2a: Alomomola
|-crit|p2a: Alomomola
|-damage|p2a: Alomomola|0 fnt
|-unboost|p1a: Great Tusk|def|1
|-unboost|p1a: Great Tusk|spd|1
|faint|p2a: Alomomola
|
|upkeep
|
|t:|1779707015
|switch|p2a: Meowscarada|Meowscarada, M|76/100 psn
|turn|38
|inactive|Ballerr has 120 seconds left.
|
|t:|1779707051
|move|p2a: Meowscarada|Triple Axel|p1a: Great Tusk
|-start|p2a: Meowscarada|typechange|Ice|[from] ability: Protean
|-supereffective|p1a: Great Tusk
|-damage|p1a: Great Tusk|68/100
|-supereffective|p1a: Great Tusk
|-damage|p1a: Great Tusk|6/100
|-supereffective|p1a: Great Tusk
|-damage|p1a: Great Tusk|0 fnt
|faint|p1a: Great Tusk
|-end|p1a: Great Tusk|Protosynthesis|[silent]
|-hitcount|p1: Great Tusk|3
|
|-damage|p2a: Meowscarada|64/100 psn|[from] psn
|upkeep
|
|t:|1779707058
|switch|p1a: Dragapult|Dragapult, F, tera:Ghost|41/100
|turn|39
|
|t:|1779707062
|move|p1a: Dragapult|Hex|p2a: Meowscarada
|-damage|p2a: Meowscarada|0 fnt
|faint|p2a: Meowscarada
|
|upkeep
|
|t:|1779707065
|switch|p2a: Hydrapple|Hydrapple, F|92/100
|-status|p2a: Hydrapple|psn
|turn|40
|
|t:|1779707069
|-terastallize|p2a: Hydrapple|Steel
|move|p1a: Dragapult|Hex|p2a: Hydrapple
|-crit|p2a: Hydrapple
|-damage|p2a: Hydrapple|0 fnt
|faint|p2a: Hydrapple
|
|win|Ballerr
|raw|Ballerr's rating: 1534 &rarr; <strong>1557</strong><br />(+23 for winning)
|raw|kerom.pk's rating: 1592 &rarr; <strong>1569</strong><br />(-23 for losing)
|l|☆Ballerr
|player|p1|
|l|‽kerom.pk
|player|p2|
