|j|☆pokenoob123p
|j|☆MarcElf22
|t:|1779691186
|gametype|singles
|player|p1|pokenoob123p|2|
|player|p2|MarcElf22|hilbert-wonderlauncher|
|gen|9
|tier|[Gen 9] OU
|rule|HP Percentage Mod: HP is shown in percentages
|rule|Endless Battle Clause: Forcing endless battles is banned
|rule|Species Clause: Limit one of each Pokémon
|rule|OHKO Clause: OHKO moves are banned
|rule|Evasion Items Clause: Evasion items are banned
|rule|Evasion Moves Clause: Evasion moves are banned
|rule|Evasion Abilities Clause: Evasion abilities are banned
|rule|Sleep Moves Clause: Sleep-inducing moves are banned
|clearpoke
|poke|p1|Cinccino, M|
|poke|p1|Snorlax, M|
|poke|p1|Ursaluna, F|
|poke|p1|Deoxys-Speed|
|poke|p1|Iron Valiant|
|poke|p1|Corviknight, M|
|poke|p2|Breloom, M|
|poke|p2|Gliscor, F|
|poke|p2|Zangoose, F|
|poke|p2|Jolteon, M|
|poke|p2|Umbreon, F|
|poke|p2|Gengar, F|
|teampreview
|
|t:|1779691202
|teamsize|p1|6
|teamsize|p2|6
|start
|switch|p1a: Corviknight|Corviknight, M|100/100
|switch|p2a: Bolt|Jolteon, M|100/100
|turn|1
|
|t:|1779691212
|move|p2a: Bolt|Volt Switch|p1a: Corviknight
|-supereffective|p1a: Corviknight
|-damage|p1a: Corviknight|31/100
|
|t:|1779691218
|switch|p2a: Mori|Gliscor, F|100/100|[from] Volt Switch
|move|p1a: Corviknight|Body Press|p2a: Mori
|-resisted|p2a: Mori
|-damage|p2a: Mori|89/100
|-damage|p1a: Corviknight|22/100|[from] item: Life Orb
|
|-status|p2a: Mori|tox|[from] item: Toxic Orb
|upkeep
|turn|2
|
|t:|1779691239
|move|p2a: Mori|Swords Dance|p2a: Mori
|-boost|p2a: Mori|atk|2
|move|p1a: Corviknight|Air Slash|p2a: Mori
|-damage|p2a: Mori|44/100 tox
|-damage|p1a: Corviknight|12/100|[from] item: Life Orb
|
|-heal|p2a: Mori|57/100 tox|[from] ability: Poison Heal
|upkeep
|turn|3
|
|t:|1779691258
|switch|p1a: Snorlax|Snorlax, M|100/100
|move|p2a: Mori|Swords Dance|p2a: Mori
|-boost|p2a: Mori|atk|2
|
|-heal|p2a: Mori|69/100 tox|[from] ability: Poison Heal
|upkeep
|turn|4
|
|t:|1779691266
|move|p2a: Mori|Knock Off|p1a: Snorlax
|-damage|p1a: Snorlax|50/100
|-damage|p2a: Mori|53/100 tox|[from] item: Rocky Helmet|[of] p1a: Snorlax
|-enditem|p1a: Snorlax|Rocky Helmet|[from] move: Knock Off|[of] p2a: Mori
|move|p1a: Snorlax|Shadow Ball|p2a: Mori
|-damage|p2a: Mori|34/100 tox
|
|-heal|p2a: Mori|46/100 tox|[from] ability: Poison Heal
|upkeep
|turn|5
|
|t:|1779691278
|move|p2a: Mori|Earthquake|p1a: Snorlax
|-damage|p1a: Snorlax|0 fnt
|faint|p1a: Snorlax
|
|-heal|p2a: Mori|59/100 tox|[from] ability: Poison Heal
|upkeep
|
|t:|1779691290
|switch|p1a: Cinccino|Cinccino, M|100/100
|turn|6
|
|t:|1779691296
|move|p1a: Cinccino|Triple Axel|p2a: Mori
|-supereffective|p2a: Mori
|-damage|p2a: Mori|37/100 tox
|-supereffective|p2a: Mori
|-damage|p2a: Mori|0 fnt
|faint|p2a: Mori
|-hitcount|p2: Mori|2
|
|upkeep
|
|t:|1779691315
|switch|p2a: Bolt|Jolteon, M|100/100
|turn|7
|
|t:|1779691324
|move|p2a: Bolt|Volt Switch|p1a: Cinccino
|-damage|p1a: Cinccino|47/100
|
|t:|1779691329
|switch|p2a: Kirsche|Umbreon, F|100/100|[from] Volt Switch
|move|p1a: Cinccino|Bullet Seed|p2a: Kirsche
|-damage|p2a: Kirsche|96/100
|-damage|p2a: Kirsche|92/100
|-damage|p2a: Kirsche|88/100
|-damage|p2a: Kirsche|83/100
|-damage|p2a: Kirsche|79/100
|-hitcount|p2a: Kirsche|5
|
|-heal|p2a: Kirsche|86/100|[from] item: Leftovers
|upkeep
|turn|8
|
|t:|1779691349
|switch|p1a: Iron Valiant|Iron Valiant|100/100
|-terastallize|p2a: Kirsche|Poison
|move|p2a: Kirsche|Toxic|p1a: Iron Valiant
|-status|p1a: Iron Valiant|tox
|
|-heal|p2a: Kirsche|92/100|[from] item: Leftovers
|-damage|p1a: Iron Valiant|94/100 tox|[from] psn
|upkeep
|turn|9
|
|t:|1779691362
|switch|p2a: Outlast|Gengar, F|100/100
|move|p1a: Iron Valiant|Thunderbolt|p2a: Outlast
|-damage|p2a: Outlast|48/100
|-start|p1a: Iron Valiant|Disable|Thunderbolt|[from] ability: Cursed Body|[of] p2a: Outlast
|
|-damage|p1a: Iron Valiant|82/100 tox|[from] psn
|upkeep
|turn|10
|
|t:|1779691379
|move|p1a: Iron Valiant|Moonblast|p2a: Outlast
|-resisted|p2a: Outlast
|-damage|p2a: Outlast|9/100
|move|p2a: Outlast|Venoshock|p1a: Iron Valiant
|-supereffective|p1a: Iron Valiant
|-damage|p1a: Iron Valiant|0 fnt
|faint|p1a: Iron Valiant
|-end|p1a: Iron Valiant|Quark Drive|[silent]
|-damage|p2a: Outlast|0 fnt|[from] item: Life Orb
|faint|p2a: Outlast
|
|upkeep
|
|t:|1779691400
|switch|p1a: Deoxys|Deoxys-Speed|100/100
|switch|p2a: Azula|Zangoose, F, shiny|100/100
|-ability|p1a: Deoxys|Pressure
|turn|11
|
|t:|1779691415
|move|p1a: Deoxys|Flash Cannon|p2a: Azula
|-damage|p2a: Azula|75/100
|move|p2a: Azula|Knock Off|p1a: Deoxys
|-supereffective|p1a: Deoxys
|-damage|p1a: Deoxys|0 fnt
|-enditem|p1a: Deoxys|Leftovers|[from] move: Knock Off|[of] p2a: Azula
|faint|p1a: Deoxys
|
|upkeep
|
|t:|1779691424
|switch|p1a: Ursaluna|Ursaluna, F|100/100
|turn|12
|
|t:|1779691430
|move|p2a: Azula|Knock Off|p1a: Ursaluna
|-damage|p1a: Ursaluna|77/100
|-enditem|p1a: Ursaluna|Flame Orb|[from] move: Knock Off|[of] p2a: Azula
|move|p1a: Ursaluna|Drain Punch|p2a: Azula
|-supereffective|p2a: Azula
|-damage|p2a: Azula|0 fnt
|-heal|p1a: Ursaluna|100/100|[from] drain|[of] p2a: Azula
|faint|p2a: Azula
|
|upkeep
|
|t:|1779691451
|switch|p2a: Laurence|Breloom, M, shiny|100/100
|turn|13
|
|t:|1779691464
|move|p2a: Laurence|Drain Punch|p1a: Ursaluna
|-supereffective|p1a: Ursaluna
|-damage|p1a: Ursaluna|49/100
|move|p1a: Ursaluna|Drain Punch|p2a: Laurence
|-damage|p2a: Laurence|51/100
|-heal|p1a: Ursaluna|63/100|[from] drain|[of] p2a: Laurence
|
|upkeep
|turn|14
|
|t:|1779691474
|move|p2a: Laurence|Drain Punch|p1a: Ursaluna
|-supereffective|p1a: Ursaluna
|-damage|p1a: Ursaluna|6/100
|-heal|p2a: Laurence|100/100|[from] drain|[of] p1a: Ursaluna
|move|p1a: Ursaluna|Drain Punch|p2a: Laurence
|-damage|p2a: Laurence|50/100
|-heal|p1a: Ursaluna|20/100|[from] drain|[of] p2a: Laurence
|
|upkeep
|turn|15
|
|t:|1779691495
|switch|p1a: Corviknight|Corviknight, M|12/100
|move|p2a: Laurence|Mach Punch|p1a: Corviknight
|-damage|p1a: Corviknight|0 fnt
|faint|p1a: Corviknight
|
|upkeep
|
|t:|1779691502
|switch|p1a: Cinccino|Cinccino, M|47/100
|turn|16
|
|t:|1779691506
|move|p2a: Laurence|Mach Punch|p1a: Cinccino
|-supereffective|p1a: Cinccino
|-damage|p1a: Cinccino|0 fnt
|faint|p1a: Cinccino
|
|upkeep
|
|t:|1779691512
|switch|p1a: Ursaluna|Ursaluna, F|20/100
|turn|17
|
|t:|1779691515
|move|p2a: Laurence|Mach Punch|p1a: Ursaluna
|-supereffective|p1a: Ursaluna
|-damage|p1a: Ursaluna|0 fnt
|faint|p1a: Ursaluna
|
|win|MarcElf22
|c|☆MarcElf22|gg
|l|☆pokenoob123p
|player|p1|
