|j|☆Nuii09
|j|☆owl_with_scarf
|t:|1779681643
|gametype|singles
|player|p1|Nuii09|baker|1709
|player|p2|owl_with_scarf|#owlwithscarf|1693
|gen|9
|tier|[Gen 9] OU
|rated|
|rule|HP Percentage Mod: HP is shown in percentages
|rule|Endless Battle Clause: Forcing endless battles is banned
|rule|Species Clause: Limit one of each Pokémon
|rule|OHKO Clause: OHKO moves are banned
|rule|Evasion Items Clause: Evasion items are banned
|rule|Evasion Moves Clause: Evasion moves are banned
|rule|Evasion Abilities Clause: Evasion abilities are banned
|rule|Sleep Moves Clause: Sleep-inducing moves are banned
|clearpoke
|poke|p1|Kyurem|
|poke|p1|Cinderace, M|
|poke|p1|Dondozo, M|
|poke|p1|Weezing-Galar, F|
|poke|p1|Corviknight, M|
|poke|p1|Ting-Lu|
|poke|p2|Diancie|
|poke|p2|Blaziken, F|
|poke|p2|Oricorio-Pom-Pom, F|
|poke|p2|Cinderace, F|
|poke|p2|Regidrago|
|poke|p2|Ursaluna, M|
|teampreview
|inactive|Battle timer is ON: inactive players will automatically lose when time's up. (requested by owl_with_scarf)
|j| viperium
|
|t:|1779681655
|teamsize|p1|6
|teamsize|p2|6
|start
|switch|p1a: Cinderace|Cinderace, M|100/100
|switch|p2a: Cinderace|Cinderace, F|100/100
|turn|1
|
|t:|1779681664
|move|p1a: Cinderace|High Jump Kick|p2a: Cinderace
|-start|p1a: Cinderace|typechange|Fighting|[from] ability: Libero
|-damage|p2a: Cinderace|0 fnt
|faint|p2a: Cinderace
|
|upkeep
|
|t:|1779681669
|switch|p2a: Oricorio|Oricorio-Pom-Pom, F|100/100
|turn|2
|n| spooky harry|viperium
|
|t:|1779681686
|switch|p1a: Kyurem|Kyurem|100/100
|-ability|p1a: Kyurem|Pressure
|move|p2a: Oricorio|Quiver Dance|p2a: Oricorio
|-boost|p2a: Oricorio|spa|1
|-boost|p2a: Oricorio|spd|1
|-boost|p2a: Oricorio|spe|1
|
|upkeep
|turn|3
|
|t:|1779681690
|move|p2a: Oricorio|Quiver Dance|p2a: Oricorio
|-boost|p2a: Oricorio|spa|1
|-boost|p2a: Oricorio|spd|1
|-boost|p2a: Oricorio|spe|1
|move|p1a: Kyurem|Freeze-Dry|p2a: Oricorio
|-supereffective|p2a: Oricorio
|-damage|p2a: Oricorio|50/100
|
|-heal|p2a: Oricorio|56/100|[from] item: Leftovers
|upkeep
|turn|4
|
|t:|1779681692
|move|p2a: Oricorio|Quiver Dance|p2a: Oricorio
|-boost|p2a: Oricorio|spa|1
|-boost|p2a: Oricorio|spd|1
|-boost|p2a: Oricorio|spe|1
|move|p1a: Kyurem|Freeze-Dry|p2a: Oricorio
|-supereffective|p2a: Oricorio
|-damage|p2a: Oricorio|15/100
|
|-heal|p2a: Oricorio|21/100|[from] item: Leftovers
|upkeep
|turn|5
|
|t:|1779681695
|move|p2a: Oricorio|Roost|p2a: Oricorio
|-heal|p2a: Oricorio|71/100
|-singleturn|p2a: Oricorio|move: Roost
|move|p1a: Kyurem|Freeze-Dry|p2a: Oricorio
|-damage|p2a: Oricorio|51/100
|
|-heal|p2a: Oricorio|57/100|[from] item: Leftovers
|upkeep
|turn|6
|
|t:|1779681697
|move|p2a: Oricorio|Roost|p2a: Oricorio
|-heal|p2a: Oricorio|100/100
|-singleturn|p2a: Oricorio|move: Roost
|move|p1a: Kyurem|Freeze-Dry|p2a: Oricorio
|-damage|p2a: Oricorio|79/100
|
|-heal|p2a: Oricorio|85/100|[from] item: Leftovers
|upkeep
|turn|7
|
|t:|1779681699
|move|p2a: Oricorio|Quiver Dance|p2a: Oricorio
|-boost|p2a: Oricorio|spa|1
|-boost|p2a: Oricorio|spd|1
|-boost|p2a: Oricorio|spe|1
|move|p1a: Kyurem|Freeze-Dry|p2a: Oricorio
|-supereffective|p2a: Oricorio
|-damage|p2a: Oricorio|48/100
|
|-heal|p2a: Oricorio|54/100|[from] item: Leftovers
|upkeep
|turn|8
|
|t:|1779681701
|move|p2a: Oricorio|Quiver Dance|p2a: Oricorio
|-boost|p2a: Oricorio|spa|1
|-boost|p2a: Oricorio|spd|1
|-boost|p2a: Oricorio|spe|1
|move|p1a: Kyurem|Freeze-Dry|p2a: Oricorio
|-supereffective|p2a: Oricorio
|-damage|p2a: Oricorio|26/100
|
|-heal|p2a: Oricorio|33/100|[from] item: Leftovers
|upkeep
|turn|9
|
|t:|1779681704
|move|p2a: Oricorio|Roost|p2a: Oricorio
|-heal|p2a: Oricorio|83/100
|-singleturn|p2a: Oricorio|move: Roost
|move|p1a: Kyurem|Freeze-Dry|p2a: Oricorio
|-damage|p2a: Oricorio|67/100
|
|-heal|p2a: Oricorio|74/100|[from] item: Leftovers
|upkeep
|turn|10
|
|t:|1779681707
|move|p2a: Oricorio|Quiver Dance|p2a: Oricorio
|-boost|p2a: Oricorio|spa|1
|-boost|p2a: Oricorio|spd|1
|-boost|p2a: Oricorio|spe|1
|move|p1a: Kyurem|Freeze-Dry|p2a: Oricorio
|-supereffective|p2a: Oricorio
|-damage|p2a: Oricorio|49/100
|
|-heal|p2a: Oricorio|56/100|[from] item: Leftovers
|upkeep
|turn|11
|j| chillncurry
|
|t:|1779681716
|move|p2a: Oricorio|Roost|p2a: Oricorio
|-heal|p2a: Oricorio|100/100
|-singleturn|p2a: Oricorio|move: Roost
|move|p1a: Kyurem|Freeze-Dry|p2a: Oricorio
|-damage|p2a: Oricorio|88/100
|
|-heal|p2a: Oricorio|94/100|[from] item: Leftovers
|upkeep
|turn|12
|
|t:|1779681719
|move|p2a: Oricorio|Hurricane|p1a: Kyurem|[miss]
|-miss|p2a: Oricorio|p1a: Kyurem
|move|p1a: Kyurem|Freeze-Dry|p2a: Oricorio
|-supereffective|p2a: Oricorio
|-damage|p2a: Oricorio|66/100
|
|-heal|p2a: Oricorio|73/100|[from] item: Leftovers
|upkeep
|turn|13
|
|t:|1779681749
|move|p2a: Oricorio|Hurricane|p1a: Kyurem|[miss]
|-miss|p2a: Oricorio|p1a: Kyurem
|move|p1a: Kyurem|Freeze-Dry|p2a: Oricorio
|-supereffective|p2a: Oricorio
|-damage|p2a: Oricorio|47/100
|
|-heal|p2a: Oricorio|53/100|[from] item: Leftovers
|upkeep
|turn|14
|
|t:|1779681751
|move|p2a: Oricorio|Roost|p2a: Oricorio
|-heal|p2a: Oricorio|100/100
|-singleturn|p2a: Oricorio|move: Roost
|move|p1a: Kyurem|Freeze-Dry|p2a: Oricorio
|-damage|p2a: Oricorio|88/100
|
|-heal|p2a: Oricorio|94/100|[from] item: Leftovers
|upkeep
|turn|15
|
|t:|1779681753
|move|p2a: Oricorio|Hurricane|p1a: Kyurem
|-damage|p1a: Kyurem|13/100
|move|p1a: Kyurem|Freeze-Dry|p2a: Oricorio
|-supereffective|p2a: Oricorio
|-damage|p2a: Oricorio|66/100
|-status|p2a: Oricorio|frz
|
|-heal|p2a: Oricorio|72/100 frz|[from] item: Leftovers
|upkeep
|turn|16
|
|t:|1779681757
|switch|p1a: Dondozo|Dondozo, M|100/100
|cant|p2a: Oricorio|frz
|
|-heal|p2a: Oricorio|78/100 frz|[from] item: Leftovers
|upkeep
|turn|17
|
|t:|1779681766
|cant|p2a: Oricorio|frz
|move|p1a: Dondozo|Curse|p1a: Dondozo
|-unboost|p1a: Dondozo|spe|1
|-boost|p1a: Dondozo|atk|1
|-boost|p1a: Dondozo|def|1
|
|-heal|p2a: Oricorio|85/100 frz|[from] item: Leftovers
|upkeep
|turn|18
|
|t:|1779681776
|-terastallize|p1a: Dondozo|Dragon
|cant|p2a: Oricorio|frz
|move|p1a: Dondozo|Curse|p1a: Dondozo
|-unboost|p1a: Dondozo|spe|1
|-boost|p1a: Dondozo|atk|1
|-boost|p1a: Dondozo|def|1
|
|-heal|p2a: Oricorio|91/100 frz|[from] item: Leftovers
|upkeep
|turn|19
|
|t:|1779681781
|cant|p2a: Oricorio|frz
|move|p1a: Dondozo|Liquidation|p2a: Oricorio
|-damage|p2a: Oricorio|40/100 frz
|
|-heal|p2a: Oricorio|46/100 frz|[from] item: Leftovers
|upkeep
|turn|20
|
|t:|1779681787
|cant|p2a: Oricorio|frz
|move|p1a: Dondozo|Liquidation|p2a: Oricorio
|-damage|p2a: Oricorio|0 fnt
|faint|p2a: Oricorio
|
|upkeep
|
|t:|1779681789
|switch|p2a: Regidrago|Regidrago|100/100
|turn|21
|
|t:|1779681798
|switch|p2a: Ursaluna|Ursaluna, M|100/100
|switch|p1a: Ting-Lu|Ting-Lu|100/100
|-ability|p1a: Ting-Lu|Vessel of Ruin
|
|-status|p2a: Ursaluna|brn|[from] item: Flame Orb
|upkeep
|turn|22
|
|t:|1779681822
|switch|p1a: Kyurem|Kyurem|13/100
|-ability|p1a: Kyurem|Pressure
|move|p2a: Ursaluna|Facade|p1a: Kyurem
|-damage|p1a: Kyurem|0 fnt
|faint|p1a: Kyurem
|
|-damage|p2a: Ursaluna|94/100 brn|[from] brn
|upkeep
|inactive|Nuii09 has 120 seconds left.
|
|t:|1779681840
|switch|p1a: Cinderace|Cinderace, M|100/100
|turn|23
|
|t:|1779681842
|switch|p2a: Blaziken|Blaziken, F|100/100
|move|p1a: Cinderace|High Jump Kick|p2a: Blaziken
|-start|p1a: Cinderace|typechange|Fighting|[from] ability: Libero
|-damage|p2a: Blaziken|0 fnt
|faint|p2a: Blaziken
|
|upkeep
|
|t:|1779681846
|switch|p2a: Regidrago|Regidrago|100/100
|turn|24
|
|t:|1779681861
|switch|p1a: Ting-Lu|Ting-Lu|100/100
|-ability|p1a: Ting-Lu|Vessel of Ruin
|move|p2a: Regidrago|Draco Meteor|p1a: Ting-Lu
|-damage|p1a: Ting-Lu|58/100
|-unboost|p2a: Regidrago|spa|2
|
|-heal|p1a: Ting-Lu|64/100|[from] item: Leftovers
|upkeep
|turn|25
|
|t:|1779681879
|switch|p2a: Ursaluna|Ursaluna, M|94/100 brn
|switch|p1a: Cinderace|Cinderace, M|100/100
|
|-damage|p2a: Ursaluna|88/100 brn|[from] brn
|upkeep
|turn|26
|
|t:|1779681884
|move|p1a: Cinderace|High Jump Kick|p2a: Ursaluna
|-start|p1a: Cinderace|typechange|Fighting|[from] ability: Libero
|-supereffective|p2a: Ursaluna
|-damage|p2a: Ursaluna|0 fnt
|faint|p2a: Ursaluna
|
|upkeep
|
|t:|1779681886
|switch|p2a: Diancie|Diancie|100/100
|turn|27
|
|t:|1779681896
|switch|p1a: Corviknight|Corviknight, M|100/100
|-ability|p1a: Corviknight|Pressure
|move|p2a: Diancie|Trick Room|p2a: Diancie
|-fieldstart|move: Trick Room|[of] p2a: Diancie
|
|upkeep
|turn|28
|inactive|Nuii09 has 120 seconds left.
|
|t:|1779681928
|move|p2a: Diancie|Meteor Beam||[still]
|-prepare|p2a: Diancie|Meteor Beam
|-boost|p2a: Diancie|spa|1
|-enditem|p2a: Diancie|Power Herb
|-anim|p2a: Diancie|Meteor Beam|p1a: Corviknight
|-damage|p1a: Corviknight|25/100
|move|p1a: Corviknight|Brave Bird|p2a: Diancie
|-resisted|p2a: Diancie
|-damage|p2a: Diancie|85/100
|-damage|p1a: Corviknight|21/100|[from] Recoil
|
|upkeep
|turn|29
|j| nivalys99
|
|t:|1779681935
|move|p2a: Diancie|Moonblast|p1a: Corviknight
|-resisted|p1a: Corviknight
|-damage|p1a: Corviknight|0 fnt
|faint|p1a: Corviknight
|
|upkeep
|
|t:|1779681946
|switch|p1a: Ting-Lu|Ting-Lu|64/100
|-ability|p1a: Ting-Lu|Vessel of Ruin
|turn|30
|
|t:|1779681953
|-terastallize|p2a: Diancie|Water
|move|p2a: Diancie|Moonblast|p1a: Ting-Lu
|-supereffective|p1a: Ting-Lu
|-damage|p1a: Ting-Lu|8/100
|move|p1a: Ting-Lu|Rest|p1a: Ting-Lu
|-status|p1a: Ting-Lu|slp|[from] move: Rest
|-heal|p1a: Ting-Lu|100/100 slp|[silent]
|
|upkeep
|turn|31
|
|t:|1779681964
|switch|p1a: Cinderace|Cinderace, M|100/100
|move|p2a: Diancie|Moonblast|p1a: Cinderace
|-resisted|p1a: Cinderace
|-damage|p1a: Cinderace|49/100
|-unboost|p1a: Cinderace|spa|1
|
|-fieldend|move: Trick Room
|upkeep
|turn|32
|j| isaac_gam3r
|
|t:|1779681980
|move|p1a: Cinderace|U-turn|p2a: Diancie
|-start|p1a: Cinderace|typechange|Bug|[from] ability: Libero
|-damage|p2a: Diancie|44/100
|inactive|Nuii09 has 120 seconds left.
|
|t:|1779682006
|switch|p1a: Dondozo|Dondozo, M, tera:Dragon|100/100|[from] U-turn
|move|p2a: Diancie|Trick Room|p2a: Diancie
|-fieldstart|move: Trick Room|[of] p2a: Diancie
|
|upkeep
|turn|33
|
|t:|1779682026
|move|p1a: Dondozo|Liquidation|p2a: Diancie
|-resisted|p2a: Diancie
|-damage|p2a: Diancie|32/100
|move|p2a: Diancie|Moonblast|p1a: Dondozo
|-supereffective|p1a: Dondozo
|-damage|p1a: Dondozo|44/100
|
|-heal|p1a: Dondozo|51/100|[from] item: Leftovers
|upkeep
|turn|34
|
|t:|1779682038
|move|p1a: Dondozo|Liquidation|p2a: Diancie
|-resisted|p2a: Diancie
|-damage|p2a: Diancie|21/100
|move|p2a: Diancie|Moonblast|p1a: Dondozo
|-supereffective|p1a: Dondozo
|-damage|p1a: Dondozo|0 fnt
|faint|p1a: Dondozo
|
|upkeep
|inactive|Nuii09 has 90 seconds left.
|
|t:|1779682064
|switch|p1a: Ting-Lu|Ting-Lu|100/100 slp
|-ability|p1a: Ting-Lu|Vessel of Ruin
|turn|35
|
|t:|1779682069
|switch|p1a: Weezing|Weezing-Galar, F|100/100
|-ability|p1a: Weezing|Neutralizing Gas
|move|p2a: Diancie|Moonblast|p1a: Weezing
|-resisted|p1a: Weezing
|-crit|p1a: Weezing
|-damage|p1a: Weezing|31/100
|-unboost|p1a: Weezing|spa|1
|
|-heal|p1a: Weezing|37/100|[from] item: Leftovers
|upkeep
|turn|36
|j| Freakyoliver
|
|t:|1779682079
|move|p2a: Diancie|Moonblast|p1a: Weezing
|-resisted|p1a: Weezing
|-damage|p1a: Weezing|0 fnt
|faint|p1a: Weezing
|-end|p1a: Weezing|ability: Neutralizing Gas
|
|-fieldend|move: Trick Room
|upkeep
|inactive|Nuii09 has 90 seconds left.
|inactive|Nuii09 has 60 seconds left.
|
|t:|1779682128
|switch|p1a: Cinderace|Cinderace, M|49/100
|turn|37
|
|t:|1779682133
|move|p1a: Cinderace|U-turn|p2a: Diancie
|-start|p1a: Cinderace|typechange|Bug|[from] ability: Libero
|-crit|p2a: Diancie
|-damage|p2a: Diancie|0 fnt
|faint|p2a: Diancie
|
|t:|1779682136
|switch|p1a: Ting-Lu|Ting-Lu|100/100 slp|[from] U-turn
|-ability|p1a: Ting-Lu|Vessel of Ruin
|
|upkeep
|
|t:|1779682137
|switch|p2a: Regidrago|Regidrago|100/100
|turn|38
|
|t:|1779682140
|move|p2a: Regidrago|Dragon Energy|p1a: Ting-Lu
|-damage|p1a: Ting-Lu|50/100 slp
|cant|p1a: Ting-Lu|slp
|move|p1a: Ting-Lu|Sleep Talk|p1a: Ting-Lu
|move|p1a: Ting-Lu|Rest||[from] move: Sleep Talk|[still]
|-fail|p1a: Ting-Lu
|
|-heal|p1a: Ting-Lu|56/100 slp|[from] item: Leftovers
|upkeep
|turn|39
|inactive|Nuii09 has 90 seconds left.
|
|t:|1779682151
|move|p2a: Regidrago|Scale Shot|p1a: Ting-Lu
|-damage|p1a: Ting-Lu|46/100 slp
|-damage|p1a: Ting-Lu|38/100 slp
|-damage|p1a: Ting-Lu|30/100 slp
|-damage|p1a: Ting-Lu|21/100 slp
|-hitcount|p1a: Ting-Lu|4
|-unboost|p2a: Regidrago|def|1
|-boost|p2a: Regidrago|spe|1
|cant|p1a: Ting-Lu|slp
|move|p1a: Ting-Lu|Sleep Talk|p1a: Ting-Lu
|move|p1a: Ting-Lu|Earthquake|p2a: Regidrago|[from] move: Sleep Talk
|-damage|p2a: Regidrago|33/100
|
|-heal|p1a: Ting-Lu|27/100 slp|[from] item: Leftovers
|upkeep
|turn|40
|inactive|Nuii09 has 90 seconds left.
|
|t:|1779682171
|move|p2a: Regidrago|Dragon Pulse|p1a: Ting-Lu
|-damage|p1a: Ting-Lu|0 fnt
|faint|p1a: Ting-Lu
|
|upkeep
|l| isaac_gam3r
|inactive|Nuii09 has 60 seconds left.
|
|t:|1779682201
|switch|p1a: Cinderace|Cinderace, M|49/100
|turn|41
|
|t:|1779682204
|move|p2a: Regidrago|Dragon Pulse|p1a: Cinderace
|-damage|p1a: Cinderace|0 fnt
|faint|p1a: Cinderace
|
|win|owl_with_scarf
|raw|Nuii09's rating: 1709 &rarr; <strong>1688</strong><br />(-21 for losing)
|raw|owl_with_scarf's rating: 1693 &rarr; <strong>1714</strong><br />(+21 for winning)
|l|☆Nuii09
|player|p1|
|l| chillncurry
|l| Freakyoliver
|l| nivalys99
|j| nivalys99
|l| nivalys99
