|j|☆magnesyum
|j|☆serginsurge
|t:|1779597466
|gametype|singles
|player|p1|magnesyum|102|1372
|player|p2|serginsurge|101|1342
|gen|9
|tier|[Gen 9] OU
|rated|
|rule|HP Percentage Mod: HP is shown in percentages
|rule|Endless Battle Clause: Forcing endless battles is banned
|rule|Species Clause: Limit one of each Pokémon
|rule|OHKO Clause: OHKO moves are banned
|rule|Evasion Items Clause: Evasion items are banned
|rule|Evasion Moves Clause: Evasion moves are banned
|rule|Evasion Abilities Clause: Evasion abilities are banned
|rule|Sleep Moves Clause: Sleep-inducing moves are banned
|clearpoke
|poke|p1|Ogerpon-Wellspring, F|
|poke|p1|Clefable, F|
|poke|p1|Ting-Lu|
|poke|p1|Iron Boulder|
|poke|p1|Corviknight, M|
|poke|p1|Dragonite, F|
|poke|p2|Dragapult, M|
|poke|p2|Rabsca, F|
|poke|p2|Jolteon, M|
|poke|p2|Amoonguss, F|
|poke|p2|Great Tusk|
|poke|p2|Heatran, M|
|teampreview
|inactive|Battle timer is ON: inactive players will automatically lose when time's up. (requested by magnesyum)
|
|t:|1779597480
|teamsize|p1|6
|teamsize|p2|6
|start
|switch|p1a: Corviknight|Corviknight, M|100/100
|switch|p2a: Heatran|Heatran, M|100/100
|-ability|p1a: Corviknight|Pressure
|turn|1
|
|t:|1779597488
|switch|p1a: Ting-Lu|Ting-Lu|100/100
|-ability|p1a: Ting-Lu|Vessel of Ruin
|move|p2a: Heatran|Magma Storm|p1a: Ting-Lu
|-damage|p1a: Ting-Lu|83/100
|-activate|p1a: Ting-Lu|move: Magma Storm|[of] p2a: Heatran
|
|-heal|p1a: Ting-Lu|89/100|[from] item: Leftovers
|-damage|p1a: Ting-Lu|77/100|[from] move: Magma Storm|[partiallytrapped]
|upkeep
|turn|2
|
|t:|1779597502
|switch|p2a: Amoonguss|Amoonguss, F, shiny|100/100
|move|p1a: Ting-Lu|Stealth Rock|p2a: Amoonguss
|-sidestart|p2: serginsurge|move: Stealth Rock
|
|-heal|p1a: Ting-Lu|83/100|[from] item: Leftovers
|-end|p1a: Ting-Lu|Magma Storm|[partiallytrapped]|[silent]
|upkeep
|turn|3
|
|t:|1779597511
|switch|p1a: Corviknight|Corviknight, M|100/100
|-ability|p1a: Corviknight|Pressure
|move|p2a: Amoonguss|Giga Drain|p1a: Corviknight
|-resisted|p1a: Corviknight
|-damage|p1a: Corviknight|95/100
|
|upkeep
|turn|4
|
|t:|1779597519
|switch|p2a: Heatran|Heatran, M|100/100
|-damage|p2a: Heatran|88/100|[from] Stealth Rock
|move|p1a: Corviknight|Brave Bird|p2a: Heatran
|-resisted|p2a: Heatran
|-damage|p2a: Heatran|72/100
|-damage|p1a: Corviknight|90/100|[from] Recoil
|
|-heal|p2a: Heatran|79/100|[from] item: Leftovers
|upkeep
|turn|5
|
|t:|1779597531
|switch|p1a: Ting-Lu|Ting-Lu|83/100
|-ability|p1a: Ting-Lu|Vessel of Ruin
|move|p2a: Heatran|Magma Storm|p1a: Ting-Lu
|-damage|p1a: Ting-Lu|64/100
|-activate|p1a: Ting-Lu|move: Magma Storm|[of] p2a: Heatran
|
|-heal|p2a: Heatran|85/100|[from] item: Leftovers
|-heal|p1a: Ting-Lu|70/100|[from] item: Leftovers
|-damage|p1a: Ting-Lu|58/100|[from] move: Magma Storm|[partiallytrapped]
|upkeep
|turn|6
|
|t:|1779597542
|move|p2a: Heatran|Protect|p2a: Heatran
|-singleturn|p2a: Heatran|Protect
|move|p1a: Ting-Lu|Ruination|p2a: Heatran
|-activate|p2a: Heatran|move: Protect
|
|-heal|p2a: Heatran|91/100|[from] item: Leftovers
|-heal|p1a: Ting-Lu|64/100|[from] item: Leftovers
|-damage|p1a: Ting-Lu|52/100|[from] move: Magma Storm|[partiallytrapped]
|upkeep
|turn|7
|
|t:|1779597560
|switch|p2a: Great Tusk|Great Tusk|100/100
|-damage|p2a: Great Tusk|98/100|[from] Stealth Rock
|move|p1a: Ting-Lu|Earthquake|p2a: Great Tusk
|-damage|p2a: Great Tusk|79/100
|
|-heal|p2a: Great Tusk|85/100|[from] item: Leftovers
|-heal|p1a: Ting-Lu|58/100|[from] item: Leftovers
|-end|p1a: Ting-Lu|Magma Storm|[partiallytrapped]|[silent]
|upkeep
|turn|8
|
|t:|1779597573
|switch|p1a: Clefable|Clefable, F|100/100
|move|p2a: Great Tusk|Close Combat|p1a: Clefable
|-resisted|p1a: Clefable
|-damage|p1a: Clefable|79/100
|-unboost|p2a: Great Tusk|def|1
|-unboost|p2a: Great Tusk|spd|1
|
|-heal|p2a: Great Tusk|91/100|[from] item: Leftovers
|upkeep
|turn|9
|
|t:|1779597584
|-end|p2a: Great Tusk|Protosynthesis|[silent]
|switch|p2a: Amoonguss|Amoonguss, F, shiny|100/100
|-damage|p2a: Amoonguss|88/100|[from] Stealth Rock
|move|p1a: Clefable|Knock Off|p2a: Amoonguss
|-damage|p2a: Amoonguss|76/100
|-enditem|p2a: Amoonguss|Covert Cloak|[from] move: Knock Off|[of] p1a: Clefable
|
|upkeep
|turn|10
|
|t:|1779597593
|switch|p1a: Corviknight|Corviknight, M|90/100
|-ability|p1a: Corviknight|Pressure
|move|p2a: Amoonguss|Sludge Bomb|p1a: Corviknight
|-immune|p1a: Corviknight
|
|upkeep
|turn|11
|
|t:|1779597600
|switch|p2a: Heatran|Heatran, M|91/100
|-damage|p2a: Heatran|79/100|[from] Stealth Rock
|move|p1a: Corviknight|U-turn|p2a: Heatran
|-resisted|p2a: Heatran
|-damage|p2a: Heatran|76/100
|
|t:|1779597606
|switch|p1a: Ting-Lu|Ting-Lu|58/100|[from] U-turn
|-ability|p1a: Ting-Lu|Vessel of Ruin
|
|-heal|p2a: Heatran|82/100|[from] item: Leftovers
|-heal|p1a: Ting-Lu|64/100|[from] item: Leftovers
|upkeep
|turn|12
|
|t:|1779597615
|switch|p2a: Great Tusk|Great Tusk|91/100
|-damage|p2a: Great Tusk|88/100|[from] Stealth Rock
|move|p1a: Ting-Lu|Earthquake|p2a: Great Tusk
|-damage|p2a: Great Tusk|70/100
|
|-heal|p2a: Great Tusk|76/100|[from] item: Leftovers
|-heal|p1a: Ting-Lu|70/100|[from] item: Leftovers
|upkeep
|turn|13
|
|t:|1779597627
|switch|p1a: Corviknight|Corviknight, M|90/100
|-ability|p1a: Corviknight|Pressure
|move|p2a: Great Tusk|Rapid Spin|p1a: Corviknight
|-resisted|p1a: Corviknight
|-damage|p1a: Corviknight|85/100
|-boost|p2a: Great Tusk|spe|1
|-damage|p2a: Great Tusk|60/100|[from] item: Rocky Helmet|[of] p1a: Corviknight
|-sideend|p2: serginsurge|Stealth Rock|[from] move: Rapid Spin|[of] p2a: Great Tusk
|
|-heal|p2a: Great Tusk|66/100|[from] item: Leftovers
|upkeep
|turn|14
|
|t:|1779597643
|-end|p2a: Great Tusk|Protosynthesis|[silent]
|switch|p2a: Heatran|Heatran, M|82/100
|move|p1a: Corviknight|Brave Bird|p2a: Heatran
|-resisted|p2a: Heatran
|-damage|p2a: Heatran|67/100
|-damage|p1a: Corviknight|81/100|[from] Recoil
|
|-heal|p2a: Heatran|73/100|[from] item: Leftovers
|upkeep
|turn|15
|
|t:|1779597653
|switch|p1a: Ting-Lu|Ting-Lu|70/100
|-ability|p1a: Ting-Lu|Vessel of Ruin
|move|p2a: Heatran|Magma Storm|p1a: Ting-Lu
|-damage|p1a: Ting-Lu|51/100
|-activate|p1a: Ting-Lu|move: Magma Storm|[of] p2a: Heatran
|
|-heal|p2a: Heatran|80/100|[from] item: Leftovers
|-heal|p1a: Ting-Lu|58/100|[from] item: Leftovers
|-damage|p1a: Ting-Lu|45/100|[from] move: Magma Storm|[partiallytrapped]
|upkeep
|turn|16
|
|t:|1779597664
|move|p2a: Heatran|Protect|p2a: Heatran
|-singleturn|p2a: Heatran|Protect
|move|p1a: Ting-Lu|Earthquake|p2a: Heatran
|-activate|p2a: Heatran|move: Protect
|
|-heal|p2a: Heatran|86/100|[from] item: Leftovers
|-heal|p1a: Ting-Lu|51/100|[from] item: Leftovers
|-damage|p1a: Ting-Lu|39/100|[from] move: Magma Storm|[partiallytrapped]
|upkeep
|turn|17
|
|t:|1779597694
|switch|p2a: Amoonguss|Amoonguss, F, shiny|100/100
|move|p1a: Ting-Lu|Earthquake|p2a: Amoonguss
|-damage|p2a: Amoonguss|73/100
|
|-heal|p1a: Ting-Lu|45/100|[from] item: Leftovers
|-end|p1a: Ting-Lu|Magma Storm|[partiallytrapped]|[silent]
|upkeep
|turn|18
|
|t:|1779597702
|switch|p1a: Corviknight|Corviknight, M|81/100
|-ability|p1a: Corviknight|Pressure
|move|p2a: Amoonguss|Giga Drain|p1a: Corviknight
|-resisted|p1a: Corviknight
|-damage|p1a: Corviknight|75/100
|-heal|p2a: Amoonguss|75/100|[from] drain|[of] p1a: Corviknight
|
|upkeep
|turn|19
|
|t:|1779597714
|switch|p2a: Jolteon|Jolteon, M|100/100
|move|p1a: Corviknight|Brave Bird|p2a: Jolteon
|-resisted|p2a: Jolteon
|-damage|p2a: Jolteon|65/100
|-damage|p1a: Corviknight|67/100|[from] Recoil
|
|upkeep
|turn|20
|
|t:|1779597724
|switch|p1a: Ting-Lu|Ting-Lu|45/100
|-ability|p1a: Ting-Lu|Vessel of Ruin
|move|p2a: Jolteon|Trailblaze|p1a: Ting-Lu
|-supereffective|p1a: Ting-Lu
|-damage|p1a: Ting-Lu|36/100
|-boost|p2a: Jolteon|spe|1
|
|-heal|p1a: Ting-Lu|43/100|[from] item: Leftovers
|upkeep
|turn|21
|inactive|serginsurge has 120 seconds left.
|
|t:|1779597745
|switch|p2a: Great Tusk|Great Tusk|66/100
|move|p1a: Ting-Lu|Stealth Rock|p2a: Great Tusk
|-sidestart|p2: serginsurge|move: Stealth Rock
|
|-heal|p2a: Great Tusk|72/100|[from] item: Leftovers
|-heal|p1a: Ting-Lu|49/100|[from] item: Leftovers
|upkeep
|turn|22
|
|t:|1779597753
|switch|p1a: Clefable|Clefable, F|79/100
|move|p2a: Great Tusk|Rapid Spin|p1a: Clefable
|-damage|p1a: Clefable|68/100
|-boost|p2a: Great Tusk|spe|1
|-sideend|p2: serginsurge|Stealth Rock|[from] move: Rapid Spin|[of] p2a: Great Tusk
|
|-heal|p2a: Great Tusk|78/100|[from] item: Leftovers
|upkeep
|turn|23
|
|t:|1779597766
|-end|p2a: Great Tusk|Protosynthesis|[silent]
|switch|p2a: Heatran|Heatran, M|86/100
|move|p1a: Clefable|Moonlight|p1a: Clefable
|-heal|p1a: Clefable|100/100
|
|-heal|p2a: Heatran|92/100|[from] item: Leftovers
|upkeep
|turn|24
|
|t:|1779597774
|switch|p1a: Dragonight|Dragonite, F, shiny|100/100
|move|p2a: Heatran|Magma Storm|p1a: Dragonight
|-resisted|p1a: Dragonight
|-damage|p1a: Dragonight|89/100
|-activate|p1a: Dragonight|move: Magma Storm|[of] p2a: Heatran
|
|-heal|p2a: Heatran|98/100|[from] item: Leftovers
|-damage|p1a: Dragonight|76/100|[from] move: Magma Storm|[partiallytrapped]
|upkeep
|turn|25
|
|t:|1779597785
|move|p1a: Dragonight|Dragon Dance|p1a: Dragonight
|-boost|p1a: Dragonight|atk|1
|-boost|p1a: Dragonight|spe|1
|move|p2a: Heatran|Taunt|p1a: Dragonight
|-start|p1a: Dragonight|move: Taunt
|
|-heal|p2a: Heatran|100/100|[from] item: Leftovers
|-damage|p1a: Dragonight|64/100|[from] move: Magma Storm|[partiallytrapped]
|upkeep
|turn|26
|
|t:|1779597795
|move|p2a: Heatran|Protect|p2a: Heatran
|-singleturn|p2a: Heatran|Protect
|move|p1a: Dragonight|Earthquake|p2a: Heatran
|-activate|p2a: Heatran|move: Protect
|
|-damage|p1a: Dragonight|52/100|[from] move: Magma Storm|[partiallytrapped]
|upkeep
|turn|27
|
|t:|1779597803
|switch|p2a: Dragapult|Dragapult, M|100/100
|move|p1a: Dragonight|Earthquake|p2a: Dragapult
|-damage|p2a: Dragapult|27/100
|
|-end|p1a: Dragonight|Magma Storm|[partiallytrapped]|[silent]
|upkeep
|turn|28
|
|t:|1779597815
|move|p2a: Dragapult|Draco Meteor|p1a: Dragonight
|-supereffective|p1a: Dragonight
|-damage|p1a: Dragonight|0 fnt
|-unboost|p2a: Dragapult|spa|2
|faint|p1a: Dragonight
|
|upkeep
|
|t:|1779597829
|switch|p1a: Clefable|Clefable, F|100/100
|turn|29
|
|t:|1779597835
|switch|p2a: Amoonguss|Amoonguss, F, shiny|100/100
|move|p1a: Clefable|Knock Off|p2a: Amoonguss
|-damage|p2a: Amoonguss|93/100
|
|upkeep
|turn|30
|
|t:|1779597843
|switch|p1a: Corviknight|Corviknight, M|67/100
|-ability|p1a: Corviknight|Pressure
|switch|p2a: Heatran|Heatran, M|100/100
|
|upkeep
|turn|31
|
|t:|1779597850
|switch|p1a: Ogerpon|Ogerpon-Wellspring, F|100/100
|move|p2a: Heatran|Magma Storm|p1a: Ogerpon|[miss]
|-miss|p2a: Heatran|p1a: Ogerpon
|
|upkeep
|turn|32
|
|t:|1779597857
|switch|p2a: Amoonguss|Amoonguss, F, shiny|100/100
|move|p1a: Ogerpon|Ivy Cudgel|p2a: Amoonguss|[anim] Ivy Cudgel Water
|-resisted|p2a: Amoonguss
|-damage|p2a: Amoonguss|76/100
|
|upkeep
|turn|33
|
|t:|1779597864
|move|p1a: Ogerpon|U-turn|p2a: Amoonguss
|-damage|p2a: Amoonguss|53/100
|
|t:|1779597867
|switch|p1a: Corviknight|Corviknight, M|67/100|[from] U-turn
|-ability|p1a: Corviknight|Pressure
|move|p2a: Amoonguss|Giga Drain|p1a: Corviknight
|-resisted|p1a: Corviknight
|-damage|p1a: Corviknight|62/100
|-heal|p2a: Amoonguss|56/100|[from] drain|[of] p1a: Corviknight
|
|upkeep
|turn|34
|
|t:|1779597878
|switch|p2a: Jolteon|Jolteon, M|65/100
|move|p1a: Corviknight|Roost|p1a: Corviknight
|-heal|p1a: Corviknight|100/100
|-singleturn|p1a: Corviknight|move: Roost
|
|upkeep
|turn|35
|
|t:|1779597885
|move|p2a: Jolteon|Shadow Ball|p1a: Corviknight
|-damage|p1a: Corviknight|78/100
|move|p1a: Corviknight|U-turn|p2a: Jolteon
|-damage|p2a: Jolteon|36/100
|
|t:|1779597891
|switch|p1a: Ting-Lu|Ting-Lu|49/100|[from] U-turn
|-ability|p1a: Ting-Lu|Vessel of Ruin
|
|-heal|p1a: Ting-Lu|55/100|[from] item: Leftovers
|upkeep
|turn|36
|
|t:|1779597902
|switch|p2a: Great Tusk|Great Tusk|78/100
|move|p1a: Ting-Lu|Stealth Rock|p2a: Great Tusk
|-sidestart|p2: serginsurge|move: Stealth Rock
|
|-heal|p2a: Great Tusk|85/100|[from] item: Leftovers
|-heal|p1a: Ting-Lu|61/100|[from] item: Leftovers
|upkeep
|turn|37
|
|t:|1779597912
|switch|p1a: Corviknight|Corviknight, M|78/100
|-ability|p1a: Corviknight|Pressure
|move|p2a: Great Tusk|Rapid Spin|p1a: Corviknight
|-resisted|p1a: Corviknight
|-damage|p1a: Corviknight|74/100
|-boost|p2a: Great Tusk|spe|1
|-damage|p2a: Great Tusk|68/100|[from] item: Rocky Helmet|[of] p1a: Corviknight
|-sideend|p2: serginsurge|Stealth Rock|[from] move: Rapid Spin|[of] p2a: Great Tusk
|
|-heal|p2a: Great Tusk|74/100|[from] item: Leftovers
|upkeep
|turn|38
|
|t:|1779597924
|move|p2a: Great Tusk|Close Combat|p1a: Corviknight
|-damage|p1a: Corviknight|41/100
|-unboost|p2a: Great Tusk|def|1
|-unboost|p2a: Great Tusk|spd|1
|-damage|p2a: Great Tusk|58/100|[from] item: Rocky Helmet|[of] p1a: Corviknight
|move|p1a: Corviknight|U-turn|p2a: Great Tusk
|-resisted|p2a: Great Tusk
|-damage|p2a: Great Tusk|52/100
|
|t:|1779597934
|switch|p1a: Ogerpon|Ogerpon-Wellspring, F|100/100|[from] U-turn
|
|-heal|p2a: Great Tusk|59/100|[from] item: Leftovers
|upkeep
|turn|39
|
|t:|1779597941
|-end|p2a: Great Tusk|Protosynthesis|[silent]
|switch|p2a: Amoonguss|Amoonguss, F, shiny|89/100
|move|p1a: Ogerpon|Ivy Cudgel|p2a: Amoonguss|[anim] Ivy Cudgel Water
|-resisted|p2a: Amoonguss
|-damage|p2a: Amoonguss|65/100
|
|upkeep
|turn|40
|
|t:|1779597949
|move|p1a: Ogerpon|U-turn|p2a: Amoonguss
|-crit|p2a: Amoonguss
|-damage|p2a: Amoonguss|32/100
|
|t:|1779597952
|switch|p1a: Corviknight|Corviknight, M|41/100|[from] U-turn
|-ability|p1a: Corviknight|Pressure
|move|p2a: Amoonguss|Giga Drain|p1a: Corviknight
|-resisted|p1a: Corviknight
|-damage|p1a: Corviknight|36/100
|-heal|p2a: Amoonguss|34/100|[from] drain|[of] p1a: Corviknight
|
|upkeep
|turn|41
|
|t:|1779597963
|switch|p2a: Heatran|Heatran, M|100/100
|move|p1a: Corviknight|U-turn|p2a: Heatran
|-resisted|p2a: Heatran
|-damage|p2a: Heatran|97/100
|
|t:|1779597970
|switch|p1a: Ting-Lu|Ting-Lu|61/100|[from] U-turn
|-ability|p1a: Ting-Lu|Vessel of Ruin
|
|-heal|p2a: Heatran|100/100|[from] item: Leftovers
|-heal|p1a: Ting-Lu|67/100|[from] item: Leftovers
|upkeep
|turn|42
|
|t:|1779597980
|-terastallize|p2a: Heatran|Grass
|move|p2a: Heatran|Magma Storm|p1a: Ting-Lu|[miss]
|-miss|p2a: Heatran|p1a: Ting-Lu
|move|p1a: Ting-Lu|Earthquake|p2a: Heatran
|-resisted|p2a: Heatran
|-damage|p2a: Heatran|85/100
|
|-heal|p2a: Heatran|91/100|[from] item: Leftovers
|-heal|p1a: Ting-Lu|74/100|[from] item: Leftovers
|upkeep
|turn|43
|
|t:|1779598001
|move|p2a: Heatran|Magma Storm|p1a: Ting-Lu
|-damage|p1a: Ting-Lu|57/100
|-activate|p1a: Ting-Lu|move: Magma Storm|[of] p2a: Heatran
|move|p1a: Ting-Lu|Ruination|p2a: Heatran
|-damage|p2a: Heatran|46/100
|
|-heal|p2a: Heatran|52/100|[from] item: Leftovers
|-heal|p1a: Ting-Lu|64/100|[from] item: Leftovers
|-damage|p1a: Ting-Lu|51/100|[from] move: Magma Storm|[partiallytrapped]
|upkeep
|turn|44
|
|t:|1779598011
|move|p2a: Heatran|Taunt|p1a: Ting-Lu
|-start|p1a: Ting-Lu|move: Taunt
|cant|p1a: Ting-Lu|move: Taunt|Stealth Rock
|
|-heal|p2a: Heatran|58/100|[from] item: Leftovers
|-heal|p1a: Ting-Lu|57/100|[from] item: Leftovers
|-damage|p1a: Ting-Lu|45/100|[from] move: Magma Storm|[partiallytrapped]
|upkeep
|turn|45
|
|t:|1779598020
|move|p2a: Heatran|Earth Power|p1a: Ting-Lu
|-damage|p1a: Ting-Lu|33/100
|move|p1a: Ting-Lu|Ruination|p2a: Heatran
|-damage|p2a: Heatran|30/100
|
|-heal|p2a: Heatran|36/100|[from] item: Leftovers
|-heal|p1a: Ting-Lu|40/100|[from] item: Leftovers
|-damage|p1a: Ting-Lu|27/100|[from] move: Magma Storm|[partiallytrapped]
|upkeep
|turn|46
|
|t:|1779598030
|move|p2a: Heatran|Earth Power|p1a: Ting-Lu
|-damage|p1a: Ting-Lu|16/100
|move|p1a: Ting-Lu|Ruination|p2a: Heatran
|-damage|p2a: Heatran|18/100
|
|-heal|p2a: Heatran|24/100|[from] item: Leftovers
|-heal|p1a: Ting-Lu|22/100|[from] item: Leftovers
|-damage|p1a: Ting-Lu|10/100|[from] move: Magma Storm|[partiallytrapped]
|-end|p1a: Ting-Lu|move: Taunt
|upkeep
|turn|47
|
|t:|1779598044
|move|p2a: Heatran|Earth Power|p1a: Ting-Lu
|-crit|p1a: Ting-Lu
|-damage|p1a: Ting-Lu|0 fnt
|faint|p1a: Ting-Lu
|
|-heal|p2a: Heatran|31/100|[from] item: Leftovers
|upkeep
|
|t:|1779598050
|switch|p1a: Iron Boulder|Iron Boulder|100/100
|turn|48
|
|t:|1779598057
|move|p2a: Heatran|Protect|p2a: Heatran
|-singleturn|p2a: Heatran|Protect
|move|p1a: Iron Boulder|Mighty Cleave|p2a: Heatran
|-damage|p2a: Heatran|0 fnt
|faint|p2a: Heatran
|
|upkeep
|
|t:|1779598074
|switch|p2a: Jolteon|Jolteon, M|36/100
|turn|49
|
|t:|1779598079
|-end|p1a: Iron Boulder|Quark Drive|[silent]
|switch|p1a: Clefable|Clefable, F|100/100
|move|p2a: Jolteon|Shadow Ball|p1a: Clefable
|-damage|p1a: Clefable|77/100
|-unboost|p1a: Clefable|spd|1
|
|upkeep
|turn|50
|
|t:|1779598087
|move|p2a: Jolteon|Thunderbolt|p1a: Clefable
|-damage|p1a: Clefable|18/100
|move|p1a: Clefable|Moonblast|p2a: Jolteon
|-damage|p2a: Jolteon|0 fnt
|faint|p2a: Jolteon
|
|upkeep
|
|t:|1779598096
|switch|p2a: Dragapult|Dragapult, M|27/100
|turn|51
|
|t:|1779598110
|move|p2a: Dragapult|Shadow Ball|p1a: Clefable
|-damage|p1a: Clefable|0 fnt
|faint|p1a: Clefable
|
|upkeep
|
|t:|1779598113
|switch|p1a: Iron Boulder|Iron Boulder|100/100
|turn|52
|
|t:|1779598118
|-terastallize|p1a: Iron Boulder|Fighting
|move|p2a: Dragapult|Shadow Ball|p1a: Iron Boulder
|-damage|p1a: Iron Boulder|69/100
|move|p1a: Iron Boulder|Mighty Cleave|p2a: Dragapult
|-damage|p2a: Dragapult|0 fnt
|faint|p2a: Dragapult
|
|upkeep
|
|t:|1779598130
|switch|p2a: Rabsca|Rabsca, F|100/100
|turn|53
|
|t:|1779598140
|move|p1a: Iron Boulder|Mighty Cleave|p2a: Rabsca
|-supereffective|p2a: Rabsca
|-damage|p2a: Rabsca|24/100
|move|p2a: Rabsca|Revival Blessing|p2a: Rabsca
|-enditem|p2a: Rabsca|Leppa Berry|[eat]
|-activate|p2a: Rabsca|item: Leppa Berry|Revival Blessing|[consumed]
|
|t:|1779598151
|-heal|p2: Dragapult|50/100|[from] move: Revival Blessing
|
|upkeep
|turn|54
|c|☆magnesyum|just go to hell bro
|-message|magnesyum forfeited.
|
|win|serginsurge
|raw|magnesyum's rating: 1372 &rarr; <strong>1350</strong><br />(-22 for losing)
|raw|serginsurge's rating: 1342 &rarr; <strong>1364</strong><br />(+22 for winning)
|l|☆magnesyum
|player|p1|
|c|☆serginsurge|Lol
|l|☆serginsurge
|player|p2|
