|j|☆Igneos901
|j|☆abcdxy
|t:|1779598871
|gametype|singles
|player|p1|Igneos901|2|1329
|player|p2|abcdxy|lady|1373
|gen|9
|tier|[Gen 9] OU
|rated|
|rule|HP Percentage Mod: HP is shown in percentages
|rule|Endless Battle Clause: Forcing endless battles is banned
|rule|Species Clause: Limit one of each Pokémon
|rule|OHKO Clause: OHKO moves are banned
|rule|Evasion Items Clause: Evasion items are banned
|rule|Evasion Moves Clause: Evasion moves are banned
|rule|Evasion Abilities Clause: Evasion abilities are banned
|rule|Sleep Moves Clause: Sleep-inducing moves are banned
|clearpoke
|poke|p1|Cinderace, M|
|poke|p1|Dragapult, M|
|poke|p1|Goodra, M|
|poke|p1|Whimsicott, M|
|poke|p1|Torkoal, F|
|poke|p1|Ursaluna, M|
|poke|p2|Landorus-Therian, M|
|poke|p2|Raging Bolt|
|poke|p2|Iron Treads|
|poke|p2|Hawlucha, M|
|poke|p2|Pincurchin, M|
|poke|p2|Kyurem|
|teampreview
|inactive|Battle timer is ON: inactive players will automatically lose when time's up. (requested by abcdxy)
|
|t:|1779598885
|teamsize|p1|6
|teamsize|p2|6
|start
|switch|p1a: Dragapult|Dragapult, M|100/100
|switch|p2a: Iron Treads|Iron Treads|100/100
|turn|1
|
|t:|1779598895
|switch|p1a: Torkoal|Torkoal, F|100/100
|-weather|SunnyDay|[from] ability: Drought|[of] p1a: Torkoal
|move|p2a: Iron Treads|Earthquake|p1a: Torkoal
|-supereffective|p1a: Torkoal
|-damage|p1a: Torkoal|49/100
|
|-weather|SunnyDay|[upkeep]
|upkeep
|turn|2
|
|t:|1779598903
|-terastallize|p1a: Torkoal|Flying
|move|p2a: Iron Treads|Earthquake|p1a: Torkoal
|-immune|p1a: Torkoal
|move|p1a: Torkoal|Flamethrower|p2a: Iron Treads
|-supereffective|p2a: Iron Treads
|-damage|p2a: Iron Treads|33/100
|-status|p2a: Iron Treads|brn
|
|-weather|SunnyDay|[upkeep]
|-damage|p2a: Iron Treads|26/100 brn|[from] brn
|upkeep
|turn|3
|
|t:|1779598909
|-end|p2a: Iron Treads|Quark Drive|[silent]
|switch|p2a: Landorus|Landorus-Therian, M|100/100
|-ability|p2a: Landorus|Intimidate|boost
|-unboost|p1a: Torkoal|atk|1
|move|p1a: Torkoal|Stealth Rock|p2a: Landorus
|-sidestart|p2: abcdxy|move: Stealth Rock
|
|-weather|SunnyDay|[upkeep]
|upkeep
|turn|4
|
|t:|1779598914
|move|p2a: Landorus|Stealth Rock|p1a: Torkoal
|-sidestart|p1: Igneos901|move: Stealth Rock
|move|p1a: Torkoal|Flamethrower|p2a: Landorus
|-damage|p2a: Landorus|45/100
|
|-weather|SunnyDay|[upkeep]
|upkeep
|turn|5
|
|t:|1779598918
|move|p2a: Landorus|Stone Edge|p1a: Torkoal
|-supereffective|p1a: Torkoal
|-damage|p1a: Torkoal|0 fnt
|faint|p1a: Torkoal
|
|-weather|none
|upkeep
|
|t:|1779598931
|switch|p1a: Cinderace|Cinderace, M|100/100
|turn|6
|
|t:|1779598934
|move|p1a: Cinderace|Pyro Ball|p2a: Landorus
|-damage|p2a: Landorus|0 fnt
|faint|p2a: Landorus
|
|upkeep
|
|t:|1779598942
|switch|p2a: Pincurchin|Pincurchin, M|100/100
|-damage|p2a: Pincurchin|88/100|[from] Stealth Rock
|-fieldstart|move: Electric Terrain|[from] ability: Electric Surge|[of] p2a: Pincurchin
|turn|7
|
|t:|1779598948
|move|p1a: Cinderace|Swords Dance|p1a: Cinderace
|-start|p1a: Cinderace|typechange|Normal|[from] ability: Libero
|-boost|p1a: Cinderace|atk|2
|move|p2a: Pincurchin|Thunder Wave|p1a: Cinderace|[miss]
|-miss|p2a: Pincurchin|p1a: Cinderace
|
|upkeep
|turn|8
|
|t:|1779598957
|move|p1a: Cinderace|Gunk Shot|p2a: Pincurchin
|-damage|p2a: Pincurchin|26/100
|move|p2a: Pincurchin|Memento|p1a: Cinderace
|-unboost|p1a: Cinderace|atk|2
|-unboost|p1a: Cinderace|spa|2
|faint|p2a: Pincurchin
|
|upkeep
|
|t:|1779598972
|switch|p2a: Hawlucha|Hawlucha, M|100/100
|-damage|p2a: Hawlucha|88/100|[from] Stealth Rock
|-enditem|p2a: Hawlucha|Electric Seed
|-boost|p2a: Hawlucha|def|1|[from] item: Electric Seed
|turn|9
|
|t:|1779598980
|move|p2a: Hawlucha|Swords Dance|p2a: Hawlucha
|-boost|p2a: Hawlucha|atk|2
|move|p1a: Cinderace|Pyro Ball|p2a: Hawlucha
|-damage|p2a: Hawlucha|53/100
|
|upkeep
|turn|10
|
|t:|1779598986
|move|p2a: Hawlucha|Acrobatics|p1a: Cinderace
|-crit|p1a: Cinderace
|-damage|p1a: Cinderace|0 fnt
|faint|p1a: Cinderace
|
|upkeep
|
|t:|1779598992
|switch|p1a: Dragapult|Dragapult, M|100/100
|-damage|p1a: Dragapult|88/100|[from] Stealth Rock
|turn|11
|
|t:|1779599000
|switch|p1a: Goodra|Goodra, M|100/100
|-damage|p1a: Goodra|88/100|[from] Stealth Rock
|move|p2a: Hawlucha|Acrobatics|p1a: Goodra
|-damage|p1a: Goodra|0 fnt
|-ability|p1a: Goodra|Gooey
|-unboost|p2a: Hawlucha|spe|1
|faint|p1a: Goodra
|
|upkeep
|
|t:|1779599005
|switch|p1a: Ursaluna|Ursaluna, M|100/100
|-damage|p1a: Ursaluna|94/100|[from] Stealth Rock
|turn|12
|
|t:|1779599009
|move|p2a: Hawlucha|Close Combat|p1a: Ursaluna
|-supereffective|p1a: Ursaluna
|-damage|p1a: Ursaluna|0 fnt
|-unboost|p2a: Hawlucha|def|1
|-unboost|p2a: Hawlucha|spd|1
|faint|p1a: Ursaluna
|
|upkeep
|
|t:|1779599013
|switch|p1a: Whimsicott|Whimsicott, M|100/100
|-damage|p1a: Whimsicott|88/100|[from] Stealth Rock
|turn|13
|
|t:|1779599016
|move|p1a: Whimsicott|Encore|p2a: Hawlucha
|-start|p2a: Hawlucha|Encore
|move|p2a: Hawlucha|Close Combat|p1a: Whimsicott
|-resisted|p1a: Whimsicott
|-damage|p1a: Whimsicott|34/100
|-unboost|p2a: Hawlucha|def|1
|-unboost|p2a: Hawlucha|spd|1
|
|-heal|p1a: Whimsicott|40/100|[from] item: Leftovers
|upkeep
|turn|14
|
|t:|1779599020
|move|p2a: Hawlucha|Close Combat|p1a: Whimsicott
|-resisted|p1a: Whimsicott
|-damage|p1a: Whimsicott|0 fnt
|-unboost|p2a: Hawlucha|def|1
|-unboost|p2a: Hawlucha|spd|1
|faint|p1a: Whimsicott
|
|-fieldend|move: Electric Terrain
|upkeep
|
|t:|1779599022
|switch|p1a: Dragapult|Dragapult, M|88/100
|-damage|p1a: Dragapult|76/100|[from] Stealth Rock
|turn|15
|
|t:|1779599032
|switch|p2a: Iron Treads|Iron Treads|26/100 brn
|-damage|p2a: Iron Treads|23/100 brn|[from] Stealth Rock
|move|p1a: Dragapult|Dragon Darts|p2a: Iron Treads
|-resisted|p2a: Iron Treads
|-damage|p2a: Iron Treads|5/100 brn
|-anim|p1a: Dragapult|Dragon Darts|p2a: Iron Treads
|-resisted|p2a: Iron Treads
|-damage|p2a: Iron Treads|0 fnt
|faint|p2a: Iron Treads
|-end|p2a: Iron Treads|Quark Drive|[silent]
|
|upkeep
|
|t:|1779599044
|switch|p2a: Raging Bolt|Raging Bolt|100/100
|-damage|p2a: Raging Bolt|88/100|[from] Stealth Rock
|turn|16
|
|t:|1779599047
|move|p2a: Raging Bolt|Thunderclap|p1a: Dragapult
|-resisted|p1a: Dragapult
|-damage|p1a: Dragapult|52/100
|move|p1a: Dragapult|Dragon Darts|p2a: Raging Bolt
|-supereffective|p2a: Raging Bolt
|-damage|p2a: Raging Bolt|14/100
|-anim|p1a: Dragapult|Dragon Darts|p2a: Raging Bolt
|-supereffective|p2a: Raging Bolt
|-damage|p2a: Raging Bolt|0 fnt
|faint|p2a: Raging Bolt
|-end|p2a: Raging Bolt|Protosynthesis|[silent]
|
|upkeep
|
|t:|1779599051
|switch|p2a: Kyurem|Kyurem, shiny|100/100
|-damage|p2a: Kyurem|76/100|[from] Stealth Rock
|-ability|p2a: Kyurem|Pressure
|turn|17
|
|t:|1779599054
|move|p1a: Dragapult|Dragon Darts|p2a: Kyurem
|-supereffective|p2a: Kyurem
|-damage|p2a: Kyurem|3/100
|-anim|p1a: Dragapult|Dragon Darts|p2a: Kyurem
|-supereffective|p2a: Kyurem
|-damage|p2a: Kyurem|0 fnt
|faint|p2a: Kyurem
|
|upkeep
|
|t:|1779599056
|switch|p2a: Hawlucha|Hawlucha, M|53/100
|-damage|p2a: Hawlucha|41/100|[from] Stealth Rock
|turn|18
|
|t:|1779599060
|-terastallize|p2a: Hawlucha|Fairy
|move|p1a: Dragapult|Dragon Darts|p2a: Hawlucha
|-immune|p2a: Hawlucha
|move|p2a: Hawlucha|Encore|p1a: Dragapult
|-start|p1a: Dragapult|Encore
|
|upkeep
|turn|19
|-message|Igneos901 forfeited.
|
|win|abcdxy
|raw|Igneos901's rating: 1329 &rarr; <strong>1312</strong><br />(-17 for losing)
|raw|abcdxy's rating: 1373 &rarr; <strong>1390</strong><br />(+17 for winning)
|l|☆Igneos901
|player|p1|
|l|☆abcdxy
|player|p2|
