|j|☆Iron Fist286
|j|☆Elesa13
|t:|1779597838
|gametype|singles
|player|p1|Iron Fist286|n|1423
|player|p2|Elesa13|skierf|1434
|gen|9
|tier|[Gen 9] OU
|rated|
|rule|HP Percentage Mod: HP is shown in percentages
|rule|Endless Battle Clause: Forcing endless battles is banned
|rule|Species Clause: Limit one of each Pokémon
|rule|OHKO Clause: OHKO moves are banned
|rule|Evasion Items Clause: Evasion items are banned
|rule|Evasion Moves Clause: Evasion moves are banned
|rule|Evasion Abilities Clause: Evasion abilities are banned
|rule|Sleep Moves Clause: Sleep-inducing moves are banned
|clearpoke
|poke|p1|Weezing-Galar, M|
|poke|p1|Ogerpon, F|
|poke|p1|Skarmory, M|
|poke|p1|Alomomola, M|
|poke|p1|Clodsire, M|
|poke|p1|Hydreigon, M|
|poke|p2|Pincurchin, M|
|poke|p2|Iron Valiant|
|poke|p2|Iron Boulder|
|poke|p2|Iron Moth|
|poke|p2|Iron Treads|
|poke|p2|Alomomola, F|
|teampreview
|inactive|Battle timer is ON: inactive players will automatically lose when time's up. (requested by Iron Fist286)
|
|t:|1779597858
|teamsize|p1|6
|teamsize|p2|6
|start
|switch|p1a: Clodsire|Clodsire, M, shiny|100/100
|switch|p2a: Iron Boulder|Iron Boulder|100/100
|turn|1
|
|t:|1779597878
|switch|p1a: Secret Weapon|Hydreigon, M, shiny|100/100
|move|p2a: Iron Boulder|Swords Dance|p2a: Iron Boulder
|-boost|p2a: Iron Boulder|atk|2
|
|upkeep
|turn|2
|
|t:|1779597890
|move|p2a: Iron Boulder|Close Combat|p1a: Secret Weapon
|-supereffective|p1a: Secret Weapon
|-damage|p1a: Secret Weapon|0 fnt
|-unboost|p2a: Iron Boulder|def|1
|-unboost|p2a: Iron Boulder|spd|1
|faint|p1a: Secret Weapon
|-damage|p2a: Iron Boulder|91/100|[from] item: Life Orb
|
|upkeep
|inactive|Iron Fist286 has 120 seconds left.
|
|t:|1779597905
|switch|p1a: Ogerpon|Ogerpon, F|100/100
|turn|3
|inactive|Iron Fist286 has 120 seconds left.
|
|t:|1779597917
|-end|p2a: Iron Boulder|Quark Drive|[silent]
|switch|p2a: Iron Moth|Iron Moth|100/100
|-terastallize|p1a: Ogerpon|Grass
|detailschange|p1a: Ogerpon|Ogerpon-Teal-Tera, F, tera:Grass
|-ability|p1a: Ogerpon|Embody Aspect (Teal)|boost
|-boost|p1a: Ogerpon|spe|1
|move|p1a: Ogerpon|Ivy Cudgel|p2a: Iron Moth
|-resisted|p2a: Iron Moth
|-damage|p2a: Iron Moth|62/100
|
|upkeep
|turn|4
|inactive|Iron Fist286 has 120 seconds left.
|
|t:|1779597932
|switch|p1a: Clodsire|Clodsire, M, shiny|100/100
|move|p2a: Iron Moth|Fire Blast|p1a: Clodsire
|-damage|p1a: Clodsire|67/100
|
|upkeep
|turn|5
|inactive|Iron Fist286 has 120 seconds left.
|
|t:|1779597939
|-end|p2a: Iron Moth|Quark Drive|[silent]
|switch|p2a: Alomomola|Alomomola, F|100/100
|move|p1a: Clodsire|Stealth Rock|p2a: Alomomola
|-sidestart|p2: Elesa13|move: Stealth Rock
|
|upkeep
|turn|6
|
|t:|1779597947
|move|p2a: Alomomola|Flip Turn|p1a: Clodsire
|-supereffective|p1a: Clodsire
|-damage|p1a: Clodsire|32/100
|
|t:|1779597950
|switch|p2a: Iron Treads|Iron Treads|100/100|[from] Flip Turn
|-damage|p2a: Iron Treads|97/100|[from] Stealth Rock
|move|p1a: Clodsire|Toxic|p2a: Iron Treads
|-immune|p2a: Iron Treads
|
|upkeep
|turn|7
|
|t:|1779597955
|switch|p1a: Skarmory|Skarmory, M, shiny|100/100
|move|p2a: Iron Treads|Rapid Spin|p1a: Skarmory
|-resisted|p1a: Skarmory
|-damage|p1a: Skarmory|95/100
|-boost|p2a: Iron Treads|spe|1
|-damage|p2a: Iron Treads|81/100|[from] item: Rocky Helmet|[of] p1a: Skarmory
|-sideend|p2: Elesa13|Stealth Rock|[from] move: Rapid Spin|[of] p2a: Iron Treads
|
|upkeep
|turn|8
|
|t:|1779597960
|move|p2a: Iron Treads|Volt Switch|p1a: Skarmory
|-supereffective|p1a: Skarmory
|-damage|p1a: Skarmory|59/100
|
|t:|1779597964
|-end|p2a: Iron Treads|Quark Drive|[silent]
|switch|p2a: Iron Moth|Iron Moth|62/100|[from] Volt Switch
|move|p1a: Skarmory|Body Press|p2a: Iron Moth
|-resisted|p2a: Iron Moth
|-damage|p2a: Iron Moth|34/100
|
|upkeep
|turn|9
|
|t:|1779597974
|switch|p1a: Alomomola|Alomomola, M, shiny|100/100
|move|p2a: Iron Moth|Discharge|p1a: Alomomola
|-supereffective|p1a: Alomomola
|-damage|p1a: Alomomola|69/100
|
|upkeep
|turn|10
|
|t:|1779597979
|-end|p2a: Iron Moth|Quark Drive|[silent]
|switch|p2a: Alomomola|Alomomola, F|100/100
|move|p1a: Alomomola|Flip Turn|p2a: Alomomola
|-resisted|p2a: Alomomola
|-damage|p2a: Alomomola|96/100
|-damage|p1a: Alomomola|52/100|[from] item: Rocky Helmet|[of] p2a: Alomomola
|
|t:|1779597987
|switch|p1a: Ogerpon|Ogerpon-Teal-Tera, F, tera:Grass|100/100|[from] Flip Turn
|-ability|p1a: Ogerpon|Embody Aspect (Teal)|boost
|-boost|p1a: Ogerpon|spe|1
|
|upkeep
|turn|11
|
|t:|1779598007
|switch|p2a: Pincurchin|Pincurchin, M|100/100
|-fieldstart|move: Electric Terrain|[from] ability: Electric Surge|[of] p2a: Pincurchin
|move|p1a: Ogerpon|Ivy Cudgel|p2a: Pincurchin
|-damage|p2a: Pincurchin|4/100
|
|upkeep
|turn|12
|
|t:|1779598015
|switch|p2a: Iron Moth|Iron Moth|34/100
|-activate|p2a: Iron Moth|ability: Quark Drive
|-start|p2a: Iron Moth|quarkdrivespa
|move|p1a: Ogerpon|Ivy Cudgel|p2a: Iron Moth
|-resisted|p2a: Iron Moth
|-damage|p2a: Iron Moth|0 fnt
|faint|p2a: Iron Moth
|-end|p2a: Iron Moth|Quark Drive|[silent]
|
|upkeep
|
|t:|1779598021
|switch|p2a: Iron Valiant|Iron Valiant|100/100
|-activate|p2a: Iron Valiant|ability: Quark Drive
|-start|p2a: Iron Valiant|quarkdrivespe
|turn|13
|
|t:|1779598038
|switch|p1a: Alomomola|Alomomola, M, shiny|86/100
|move|p2a: Iron Valiant|Close Combat|p1a: Alomomola
|-damage|p1a: Alomomola|8/100
|-unboost|p2a: Iron Valiant|def|1
|-unboost|p2a: Iron Valiant|spd|1
|
|upkeep
|turn|14
|
|t:|1779598057
|-end|p2a: Iron Valiant|Quark Drive|[silent]
|switch|p2a: Iron Treads|Iron Treads|81/100
|-activate|p2a: Iron Treads|ability: Quark Drive
|-start|p2a: Iron Treads|quarkdriveatk
|switch|p1a: Weezing|Weezing-Galar, M, shiny|100/100
|-ability|p1a: Weezing|Neutralizing Gas
|
|upkeep
|turn|15
|
|t:|1779598071
|-end|p1a: Weezing|ability: Neutralizing Gas
|switch|p1a: Skarmory|Skarmory, M, shiny|59/100
|move|p2a: Iron Treads|Earthquake|p1a: Skarmory
|-immune|p1a: Skarmory
|
|upkeep
|turn|16
|
|t:|1779598083
|move|p2a: Iron Treads|Volt Switch|p1a: Skarmory
|-supereffective|p1a: Skarmory
|-damage|p1a: Skarmory|12/100
|
|t:|1779598088
|-end|p2a: Iron Treads|Quark Drive|[silent]
|switch|p2a: Alomomola|Alomomola, F|100/100|[from] Volt Switch
|move|p1a: Skarmory|Body Press|p2a: Alomomola
|-damage|p2a: Alomomola|84/100
|-damage|p1a: Skarmory|0 fnt|[from] item: Rocky Helmet|[of] p2a: Alomomola
|faint|p1a: Skarmory
|
|upkeep
|c|☆Iron Fist286|wp
|
|t:|1779598098
|switch|p1a: Ogerpon|Ogerpon-Teal-Tera, F, tera:Grass|100/100
|-ability|p1a: Ogerpon|Embody Aspect (Teal)|boost
|-boost|p1a: Ogerpon|spe|1
|turn|17
|
|t:|1779598111
|-terastallize|p2a: Alomomola|Dragon
|move|p1a: Ogerpon|Ivy Cudgel|p2a: Alomomola
|-resisted|p2a: Alomomola
|-damage|p2a: Alomomola|59/100
|move|p2a: Alomomola|Flip Turn|p1a: Ogerpon
|-resisted|p1a: Ogerpon
|-damage|p1a: Ogerpon|91/100
|
|t:|1779598115
|switch|p2a: Iron Valiant|Iron Valiant|100/100|[from] Flip Turn
|-activate|p2a: Iron Valiant|ability: Quark Drive
|-start|p2a: Iron Valiant|quarkdrivespe
|
|upkeep
|turn|18
|
|t:|1779598119
|switch|p1a: Weezing|Weezing-Galar, M, shiny|100/100
|-ability|p1a: Weezing|Neutralizing Gas
|move|p2a: Iron Valiant|Poison Jab|p1a: Weezing
|-damage|p1a: Weezing|75/100
|
|-fieldend|move: Electric Terrain
|upkeep
|turn|19
|
|t:|1779598125
|-end|p2a: Iron Valiant|Quark Drive|[silent]
|switch|p2a: Pincurchin|Pincurchin, M|4/100
|move|p1a: Weezing|Will-O-Wisp|p2a: Pincurchin
|-status|p2a: Pincurchin|brn
|
|-damage|p2a: Pincurchin|0 fnt|[from] brn
|faint|p2a: Pincurchin
|upkeep
|
|t:|1779598138
|switch|p2a: Iron Treads|Iron Treads|81/100
|turn|20
|
|t:|1779598151
|-end|p1a: Weezing|ability: Neutralizing Gas
|switch|p1a: Alomomola|Alomomola, M, shiny|42/100
|move|p2a: Iron Treads|Earthquake|p1a: Alomomola
|-damage|p1a: Alomomola|2/100
|
|upkeep
|turn|21
|
|t:|1779598156
|move|p1a: Alomomola|Aqua Jet|p2a: Iron Treads
|-supereffective|p2a: Iron Treads
|-damage|p2a: Iron Treads|62/100
|move|p2a: Iron Treads|Volt Switch|p1a: Alomomola
|-supereffective|p1a: Alomomola
|-damage|p1a: Alomomola|0 fnt
|faint|p1a: Alomomola
|
|t:|1779598173
|-end|p2a: Iron Treads|Quark Drive|[silent]
|switch|p2a: Alomomola|Alomomola, F, tera:Dragon|92/100|[from] Volt Switch
|
|upkeep
|
|t:|1779598176
|switch|p1a: Ogerpon|Ogerpon-Teal-Tera, F, tera:Grass|91/100
|-ability|p1a: Ogerpon|Embody Aspect (Teal)|boost
|-boost|p1a: Ogerpon|spe|1
|turn|22
|
|t:|1779598183
|move|p1a: Ogerpon|Knock Off|p2a: Alomomola
|-damage|p2a: Alomomola|67/100
|-damage|p1a: Ogerpon|75/100|[from] item: Rocky Helmet|[of] p2a: Alomomola
|-enditem|p2a: Alomomola|Rocky Helmet|[from] move: Knock Off|[of] p1a: Ogerpon
|move|p2a: Alomomola|Scald|p1a: Ogerpon
|-resisted|p1a: Ogerpon
|-damage|p1a: Ogerpon|67/100
|-status|p1a: Ogerpon|brn
|
|-damage|p1a: Ogerpon|61/100 brn|[from] brn
|upkeep
|turn|23
|c|☆Iron Fist286|gg
|-message|Iron Fist286 forfeited.
|
|win|Elesa13
|raw|Iron Fist286's rating: 1423 &rarr; <strong>1404</strong><br />(-19 for losing)
|raw|Elesa13's rating: 1434 &rarr; <strong>1453</strong><br />(+19 for winning)
|l|☆Iron Fist286
|player|p1|
