|j|☆fmikep
|j|☆bicyn
|t:|1779704425
|gametype|singles
|player|p1|fmikep|170|1284
|player|p2|bicyn|2|1295
|gen|9
|tier|[Gen 9] OU
|rated|
|rule|HP Percentage Mod: HP is shown in percentages
|rule|Endless Battle Clause: Forcing endless battles is banned
|rule|Species Clause: Limit one of each Pokémon
|rule|OHKO Clause: OHKO moves are banned
|rule|Evasion Items Clause: Evasion items are banned
|rule|Evasion Moves Clause: Evasion moves are banned
|rule|Evasion Abilities Clause: Evasion abilities are banned
|rule|Sleep Moves Clause: Sleep-inducing moves are banned
|clearpoke
|poke|p1|Walking Wake|
|poke|p1|Zamazenta-*|
|poke|p1|Rotom-Wash|
|poke|p1|Slowking-Galar, F|
|poke|p1|Raging Bolt|
|poke|p1|Rillaboom, M|
|poke|p2|Ting-Lu|
|poke|p2|Garganacl, F|
|poke|p2|Mandibuzz, F|
|poke|p2|Conkeldurr, F|
|poke|p2|Entei|
|poke|p2|Dragalge, M|
|teampreview
|inactive|Battle timer is ON: inactive players will automatically lose when time's up. (requested by bicyn)
|
|t:|1779704448
|teamsize|p1|6
|teamsize|p2|6
|start
|switch|p1a: Rotom|Rotom-Wash|100/100
|switch|p2a: Conkeldurr|Conkeldurr, F|100/100
|turn|1
|
|t:|1779704464
|move|p1a: Rotom|Volt Switch|p2a: Conkeldurr
|-damage|p2a: Conkeldurr|61/100
|
|t:|1779704467
|switch|p1a: Slowking|Slowking-Galar, F|100/100|[from] Volt Switch
|move|p2a: Conkeldurr|Knock Off|p1a: Slowking
|-supereffective|p1a: Slowking
|-damage|p1a: Slowking|20/100
|-enditem|p1a: Slowking|Leftovers|[from] move: Knock Off|[of] p2a: Conkeldurr
|
|-heal|p2a: Conkeldurr|67/100|[from] item: Leftovers
|upkeep
|turn|2
|
|t:|1779704476
|move|p2a: Conkeldurr|Ice Punch|p1a: Slowking
|-damage|p1a: Slowking|0 fnt
|faint|p1a: Slowking
|
|-heal|p2a: Conkeldurr|73/100|[from] item: Leftovers
|upkeep
|
|t:|1779704482
|switch|p1a: Rotom|Rotom-Wash|100/100
|turn|3
|
|t:|1779704484
|move|p1a: Rotom|Will-O-Wisp|p2a: Conkeldurr
|-status|p2a: Conkeldurr|brn
|move|p2a: Conkeldurr|Knock Off|p1a: Rotom
|-damage|p1a: Rotom|38/100
|-enditem|p1a: Rotom|Leftovers|[from] move: Knock Off|[of] p2a: Conkeldurr
|
|-heal|p2a: Conkeldurr|79/100 brn|[from] item: Leftovers
|-damage|p2a: Conkeldurr|73/100 brn|[from] brn
|upkeep
|turn|4
|
|t:|1779704494
|move|p2a: Conkeldurr|Mach Punch|p1a: Rotom
|-damage|p1a: Rotom|0 fnt
|faint|p1a: Rotom
|
|-heal|p2a: Conkeldurr|79/100 brn|[from] item: Leftovers
|-damage|p2a: Conkeldurr|73/100 brn|[from] brn
|upkeep
|c|☆bicyn|oof guts
|
|t:|1779704503
|switch|p1a: Zamazenta|Zamazenta|100/100
|-ability|p1a: Zamazenta|Dauntless Shield|boost
|-boost|p1a: Zamazenta|def|1
|turn|5
|
|t:|1779704510
|move|p1a: Zamazenta|Iron Defense|p1a: Zamazenta
|-boost|p1a: Zamazenta|def|2
|move|p2a: Conkeldurr|Bulk Up|p2a: Conkeldurr
|-boost|p2a: Conkeldurr|atk|1
|-boost|p2a: Conkeldurr|def|1
|
|-heal|p2a: Conkeldurr|79/100 brn|[from] item: Leftovers
|-damage|p2a: Conkeldurr|73/100 brn|[from] brn
|upkeep
|turn|6
|
|t:|1779704518
|move|p1a: Zamazenta|Iron Defense|p1a: Zamazenta
|-boost|p1a: Zamazenta|def|2
|move|p2a: Conkeldurr|Knock Off|p1a: Zamazenta
|-resisted|p1a: Zamazenta
|-damage|p1a: Zamazenta|88/100
|-enditem|p1a: Zamazenta|Leftovers|[from] move: Knock Off|[of] p2a: Conkeldurr
|
|-heal|p2a: Conkeldurr|79/100 brn|[from] item: Leftovers
|-damage|p2a: Conkeldurr|73/100 brn|[from] brn
|upkeep
|turn|7
|
|t:|1779704527
|move|p1a: Zamazenta|Body Press|p2a: Conkeldurr
|-damage|p2a: Conkeldurr|15/100 brn
|move|p2a: Conkeldurr|Bulk Up|p2a: Conkeldurr
|-boost|p2a: Conkeldurr|atk|1
|-boost|p2a: Conkeldurr|def|1
|
|-heal|p2a: Conkeldurr|21/100 brn|[from] item: Leftovers
|-damage|p2a: Conkeldurr|15/100 brn|[from] brn
|upkeep
|turn|8
|
|t:|1779704536
|move|p2a: Conkeldurr|Mach Punch|p1a: Zamazenta
|-damage|p1a: Zamazenta|68/100
|move|p1a: Zamazenta|Body Press|p2a: Conkeldurr
|-damage|p2a: Conkeldurr|0 fnt
|faint|p2a: Conkeldurr
|
|upkeep
|
|t:|1779704544
|switch|p2a: Dragalge|Dragalge, M|100/100
|turn|9
|
|t:|1779704550
|move|p1a: Zamazenta|Ice Fang|p2a: Dragalge
|-supereffective|p2a: Dragalge
|-damage|p2a: Dragalge|46/100
|move|p2a: Dragalge|Draco Meteor|p1a: Zamazenta
|-damage|p1a: Zamazenta|0 fnt
|-unboost|p2a: Dragalge|spa|2
|faint|p1a: Zamazenta
|
|upkeep
|
|t:|1779704567
|switch|p1a: Raging Bolt|Raging Bolt|100/100
|turn|10
|
|t:|1779704584
|move|p1a: Raging Bolt|Calm Mind|p1a: Raging Bolt
|-boost|p1a: Raging Bolt|spa|1
|-boost|p1a: Raging Bolt|spd|1
|move|p2a: Dragalge|Draco Meteor|p1a: Raging Bolt|[miss]
|-miss|p2a: Dragalge|p1a: Raging Bolt
|
|upkeep
|turn|11
|
|t:|1779704595
|switch|p2a: Ting-Lu|Ting-Lu|100/100
|-ability|p2a: Ting-Lu|Vessel of Ruin
|move|p1a: Raging Bolt|Calm Mind|p1a: Raging Bolt
|-boost|p1a: Raging Bolt|spa|1
|-boost|p1a: Raging Bolt|spd|1
|
|upkeep
|turn|12
|
|t:|1779704608
|-terastallize|p1a: Raging Bolt|Bug
|move|p1a: Raging Bolt|Dragon Pulse|p2a: Ting-Lu
|-damage|p2a: Ting-Lu|58/100
|move|p2a: Ting-Lu|Whirlwind|p1a: Raging Bolt
|-end|p1a: Raging Bolt|Protosynthesis|[silent]
|drag|p1a: Rillaboom|Rillaboom, M|100/100
|-fieldstart|move: Grassy Terrain|[from] ability: Grassy Surge|[of] p1a: Rillaboom
|
|-heal|p2a: Ting-Lu|65/100|[from] Grassy Terrain
|-heal|p2a: Ting-Lu|71/100|[from] item: Leftovers
|upkeep
|turn|13
|
|t:|1779704622
|switch|p2a: Mandibuzz|Mandibuzz, F|100/100
|move|p1a: Rillaboom|Earthquake|p2a: Mandibuzz
|-immune|p2a: Mandibuzz
|
|upkeep
|turn|14
|-message|fmikep forfeited.
|
|win|bicyn
|raw|fmikep's rating: 1284 &rarr; <strong>1260</strong><br />(-24 for losing)
|raw|bicyn's rating: 1295 &rarr; <strong>1319</strong><br />(+24 for winning)
|l|☆fmikep
|player|p1|
|l|☆bicyn
|player|p2|
