|j|☆xlili200x
|j|☆etherproselyte
|t:|1779578537
|gametype|singles
|player|p1|xlili200x|lady|
|player|p2|etherproselyte|miku-water|
|gen|9
|tier|[Gen 9] OU
|rule|HP Percentage Mod: HP is shown in percentages
|rule|Endless Battle Clause: Forcing endless battles is banned
|rule|Species Clause: Limit one of each Pokémon
|rule|OHKO Clause: OHKO moves are banned
|rule|Evasion Items Clause: Evasion items are banned
|rule|Evasion Moves Clause: Evasion moves are banned
|rule|Evasion Abilities Clause: Evasion abilities are banned
|rule|Sleep Moves Clause: Sleep-inducing moves are banned
|clearpoke
|poke|p1|Gholdengo|
|poke|p1|Pecharunt|
|poke|p1|Zamazenta-*|
|poke|p1|Iron Treads|
|poke|p1|Dragonite, M|
|poke|p1|Samurott-Hisui, F|
|poke|p2|Ribombee, M|
|poke|p2|Glimmora, F|
|poke|p2|Iron Valiant|
|poke|p2|Iron Moth|
|poke|p2|Greninja-*, M|
|poke|p2|Gholdengo|
|teampreview
|inactive|Battle timer is ON: inactive players will automatically lose when time's up. (requested by etherproselyte)
|
|t:|1779578552
|teamsize|p1|6
|teamsize|p2|6
|start
|switch|p1a: Lead|Samurott-Hisui, F|100/100
|switch|p2a: lilac slumber|Ribombee, M, shiny|100/100
|turn|1
|j| son wu tang
|c|☆xlili200x|wait why does thing only have 3 moves-
|
|t:|1779578575
|move|p2a: lilac slumber|Sticky Web|p1a: Lead
|-sidestart|p1: xlili200x|move: Sticky Web
|move|p1a: Lead|Razor Shell|p2a: lilac slumber
|-enditem|p2a: lilac slumber|Focus Sash
|-damage|p2a: lilac slumber|1/100
|
|upkeep
|turn|2
|c|☆etherproselyte|av?
|c|☆etherproselyte|w info
|c|☆xlili200x|lmao idk how this thing works man
|
|t:|1779578594
|move|p1a: Lead|Sucker Punch||[still]
|-fail|p1a: Lead
|move|p2a: lilac slumber|Stun Spore|p1a: Lead
|-status|p1a: Lead|par
|
|upkeep
|turn|3
|
|t:|1779578603
|move|p2a: lilac slumber|Moonblast|p1a: Lead
|-supereffective|p1a: Lead
|-damage|p1a: Lead|40/100 par
|move|p1a: Lead|Knock Off|p2a: lilac slumber
|-resisted|p2a: lilac slumber
|-damage|p2a: lilac slumber|0 fnt
|faint|p2a: lilac slumber
|
|upkeep
|
|t:|1779578625
|switch|p2a: alpine blue|Greninja, M|100/100
|turn|4
|c|☆xlili200x|greninja noo
|
|t:|1779578639
|move|p2a: alpine blue|Swords Dance|p2a: alpine blue
|-boost|p2a: alpine blue|atk|2
|move|p1a: Lead|Razor Shell|p2a: alpine blue
|-resisted|p2a: alpine blue
|-damage|p2a: alpine blue|63/100
|
|upkeep
|turn|5
|
|t:|1779578664
|switch|p1a: Gholdengo|Gholdengo|100/100
|-activate|p1a: Gholdengo|move: Sticky Web
|-unboost|p1a: Gholdengo|spe|1
|move|p2a: alpine blue|Swords Dance|p2a: alpine blue
|-boost|p2a: alpine blue|atk|2
|
|upkeep
|turn|6
|inactive|xlili200x has 270 seconds left.
|
|t:|1779578691
|move|p2a: alpine blue|Liquidation|p1a: Gholdengo
|-damage|p1a: Gholdengo|0 fnt
|faint|p1a: Gholdengo
|-ability|p2a: alpine blue|Battle Bond|boost
|-boost|p2a: alpine blue|atk|1
|-boost|p2a: alpine blue|spa|1
|-boost|p2a: alpine blue|spe|1
|-activate|p2a: alpine blue|ability: Battle Bond
|
|upkeep
|
|t:|1779578712
|switch|p1a: Pecharunt|Pecharunt|100/100
|-item|p1a: Pecharunt|Air Balloon
|turn|7
|
|t:|1779578723
|move|p2a: alpine blue|Liquidation|p1a: Pecharunt
|-damage|p1a: Pecharunt|25/100
|-enditem|p1a: Pecharunt|Air Balloon
|move|p1a: Pecharunt|Malignant Chain|p2a: alpine blue
|-damage|p2a: alpine blue|13/100
|
|upkeep
|turn|8
|inactive|xlili200x has 240 seconds left.
|
|t:|1779578741
|move|p2a: alpine blue|Liquidation|p1a: Pecharunt
|-damage|p1a: Pecharunt|0 fnt
|faint|p1a: Pecharunt
|
|upkeep
|inactive|xlili200x has 240 seconds left.
|
|t:|1779578753
|switch|p1a: Lead|Samurott-Hisui, F|40/100 par
|-activate|p1a: Lead|move: Sticky Web
|-unboost|p1a: Lead|spe|1
|turn|9
|inactive|xlili200x has 240 seconds left.
|
|t:|1779578763
|move|p2a: alpine blue|Upper Hand||[still]
|-fail|p2a: alpine blue
|cant|p1a: Lead|par
|
|upkeep
|turn|10
|
|t:|1779578773
|move|p2a: alpine blue|Upper Hand||[still]
|-fail|p2a: alpine blue
|cant|p1a: Lead|par
|
|upkeep
|turn|11
|c|☆xlili200x|bruh
|
|t:|1779578781
|move|p2a: alpine blue|Liquidation|p1a: Lead
|-resisted|p1a: Lead
|-damage|p1a: Lead|0 fnt
|faint|p1a: Lead
|
|upkeep
|
|t:|1779578792
|switch|p1a: Dog|Zamazenta|100/100
|-activate|p1a: Dog|move: Sticky Web
|-unboost|p1a: Dog|spe|1
|-ability|p1a: Dog|Dauntless Shield|boost
|-boost|p1a: Dog|def|1
|turn|12
|
|t:|1779578800
|move|p2a: alpine blue|Liquidation|p1a: Dog
|-damage|p1a: Dog|47/100
|move|p1a: Dog|Body Press|p2a: alpine blue
|-supereffective|p2a: alpine blue
|-damage|p2a: alpine blue|0 fnt
|faint|p2a: alpine blue
|
|-heal|p1a: Dog|53/100|[from] item: Leftovers
|upkeep
|
|t:|1779578806
|switch|p2a: magnolia city|Iron Valiant, shiny|100/100
|-enditem|p2a: magnolia city|Booster Energy
|-activate|p2a: magnolia city|ability: Quark Drive|[fromitem]
|-start|p2a: magnolia city|quarkdrivespe
|turn|13
|
|t:|1779578815
|move|p2a: magnolia city|Swords Dance|p2a: magnolia city
|-boost|p2a: magnolia city|atk|2
|move|p1a: Dog|Heavy Slam|p2a: magnolia city
|-supereffective|p2a: magnolia city
|-damage|p2a: magnolia city|22/100
|
|-heal|p1a: Dog|59/100|[from] item: Leftovers
|upkeep
|turn|14
|
|t:|1779578827
|move|p2a: magnolia city|Close Combat|p1a: Dog
|-damage|p1a: Dog|5/100
|-unboost|p2a: magnolia city|def|1
|-unboost|p2a: magnolia city|spd|1
|move|p1a: Dog|Heavy Slam|p2a: magnolia city
|-supereffective|p2a: magnolia city
|-damage|p2a: magnolia city|0 fnt
|faint|p2a: magnolia city
|-end|p2a: magnolia city|Quark Drive|[silent]
|
|-heal|p1a: Dog|11/100|[from] item: Leftovers
|upkeep
|
|t:|1779578834
|switch|p2a: steam driven girl|Iron Moth|100/100
|-enditem|p2a: steam driven girl|Booster Energy
|-activate|p2a: steam driven girl|ability: Quark Drive|[fromitem]
|-start|p2a: steam driven girl|quarkdrivespa
|turn|15
|inactive|xlili200x has 270 seconds left.
|j| gloriousplays
|
|t:|1779578845
|move|p2a: steam driven girl|Fiery Dance|p1a: Dog
|-damage|p1a: Dog|0 fnt
|faint|p1a: Dog
|
|upkeep
|
|t:|1779578855
|switch|p1a: Keylum|Dragonite, M|100/100
|turn|16
|inactive|xlili200x has 270 seconds left.
|
|t:|1779578866
|-terastallize|p2a: steam driven girl|Grass
|move|p2a: steam driven girl|Sludge Wave|p1a: Keylum
|-damage|p1a: Keylum|69/100
|move|p1a: Keylum|Earthquake|p2a: steam driven girl
|-resisted|p2a: steam driven girl
|-damage|p2a: steam driven girl|67/100
|
|upkeep
|turn|17
|inactive|xlili200x has 270 seconds left.
|
|t:|1779578886
|move|p1a: Keylum|Extreme Speed|p2a: steam driven girl
|-damage|p2a: steam driven girl|11/100
|move|p2a: steam driven girl|Sludge Wave|p1a: Keylum
|-damage|p1a: Keylum|7/100
|
|upkeep
|turn|18
|c| gloriousplays|dragonite win?
|
|t:|1779578893
|move|p1a: Keylum|Extreme Speed|p2a: steam driven girl
|-damage|p2a: steam driven girl|0 fnt
|faint|p2a: steam driven girl
|-end|p2a: steam driven girl|Quark Drive|[silent]
|
|upkeep
|
|t:|1779578894
|switch|p2a: aphelion point|Glimmora, F|100/100
|turn|19
|c|☆xlili200x|nah
|inactive|xlili200x has 270 seconds left.
|c| gloriousplays|wait
|c| gloriousplays|treds def wins
|
|t:|1779578922
|move|p2a: aphelion point|Power Gem|p1a: Keylum
|-supereffective|p1a: Keylum
|-damage|p1a: Keylum|0 fnt
|faint|p1a: Keylum
|
|upkeep
|
|t:|1779578927
|switch|p1a: Iron Treads|Iron Treads|100/100
|-activate|p1a: Iron Treads|move: Sticky Web
|-unboost|p1a: Iron Treads|spe|1
|turn|20
|c|☆etherproselyte|maybe in your eyes glorious
|
|t:|1779578936
|move|p2a: aphelion point|Mud Shot|p1a: Iron Treads
|-supereffective|p1a: Iron Treads
|-damage|p1a: Iron Treads|65/100
|-unboost|p1a: Iron Treads|spe|1
|move|p1a: Iron Treads|Earthquake|p2a: aphelion point
|-supereffective|p2a: aphelion point
|-enditem|p2a: aphelion point|Focus Sash
|-damage|p2a: aphelion point|1/100
|-activate|p2a: aphelion point|ability: Toxic Debris
|-sidestart|p1: xlili200x|move: Toxic Spikes
|
|-heal|p1a: Iron Treads|71/100|[from] item: Leftovers
|upkeep
|turn|21
|c| gloriousplays|oh
|c| gloriousplays|OH thats sad
|c|☆xlili200x|lmao
|
|t:|1779578963
|move|p2a: aphelion point|Mud Shot|p1a: Iron Treads
|-supereffective|p1a: Iron Treads
|-damage|p1a: Iron Treads|36/100
|-unboost|p1a: Iron Treads|spe|1
|move|p1a: Iron Treads|Knock Off|p2a: aphelion point
|-damage|p2a: aphelion point|0 fnt
|-activate|p2a: aphelion point|ability: Toxic Debris
|-sidestart|p1: xlili200x|move: Toxic Spikes
|faint|p2a: aphelion point
|
|-heal|p1a: Iron Treads|42/100|[from] item: Leftovers
|upkeep
|
|t:|1779578965
|switch|p2a: dear ghost|Gholdengo, shiny|100/100
|turn|22
|c| gloriousplays|focus blast miss
|c| gloriousplays|into crit eq
|inactive|xlili200x has 240 seconds left.
|c| gloriousplays|trust
|
|t:|1779578989
|move|p2a: dear ghost|Nasty Plot|p2a: dear ghost
|-boost|p2a: dear ghost|spa|2
|move|p1a: Iron Treads|Knock Off|p2a: dear ghost
|-supereffective|p2a: dear ghost
|-damage|p2a: dear ghost|41/100
|-enditem|p2a: dear ghost|Shuca Berry|[from] move: Knock Off|[of] p1a: Iron Treads
|
|-heal|p1a: Iron Treads|48/100|[from] item: Leftovers
|upkeep
|turn|23
|c| gloriousplays|??????
|c| gloriousplays|oh
|inactive|xlili200x has 240 seconds left.
|c|☆xlili200x|that's not even funny tri sob
|
|t:|1779579015
|move|p2a: dear ghost|Shadow Ball|p1a: Iron Treads
|-damage|p1a: Iron Treads|0 fnt
|faint|p1a: Iron Treads
|-end|p1a: Iron Treads|Quark Drive|[silent]
|
|win|etherproselyte
|c|☆etherproselyte|ggwp
|c|☆xlili200x|gg lol
|l| gloriousplays
