|j|☆jsmikelol
|j|☆cryrob9909
|t:|1779579681
|gametype|singles
|player|p1|jsmikelol|ninjaboy|
|player|p2|cryrob9909|plasmagruntf-gen5bw|
|gen|9
|tier|[Gen 9] OU
|rule|HP Percentage Mod: HP is shown in percentages
|rule|Endless Battle Clause: Forcing endless battles is banned
|rule|Species Clause: Limit one of each Pokémon
|rule|OHKO Clause: OHKO moves are banned
|rule|Evasion Items Clause: Evasion items are banned
|rule|Evasion Moves Clause: Evasion moves are banned
|rule|Evasion Abilities Clause: Evasion abilities are banned
|rule|Sleep Moves Clause: Sleep-inducing moves are banned
|clearpoke
|poke|p1|Blaziken, F|
|poke|p1|Iron Boulder|
|poke|p1|Iron Hands|
|poke|p1|Kingambit, M|
|poke|p1|Scizor, F|
|poke|p1|Weavile, F|
|poke|p2|Ursaluna, M|
|poke|p2|Porygon2|
|poke|p2|Pawmot, F|
|poke|p2|Iron Hands|
|poke|p2|Slowking-Galar, M|
|poke|p2|Arboliva, F|
|teampreview
|inactive|Battle timer is ON: inactive players will automatically lose when time's up. (requested by cryrob9909)
|inactive|jsmikelol also wants the timer to be on.
|c|☆jsmikelol|uuuuuuuugggggghhhhh
|c|☆cryrob9909|L
|inactive|jsmikelol has 270 seconds left.
|c|☆jsmikelol|fuckass bear
|
|t:|1779579718
|teamsize|p1|6
|teamsize|p2|6
|start
|switch|p1a: Tori|Blaziken, F, shiny|100/100
|switch|p2a: Domain expansion|Porygon2, shiny|100/100
|-ability|p2a: Domain expansion|Download|boost
|-boost|p2a: Domain expansion|spa|1
|turn|1
|
|t:|1779579736
|switch|p1a: One Punch|Iron Hands, shiny|100/100
|-enditem|p1a: One Punch|Booster Energy
|-activate|p1a: One Punch|ability: Quark Drive|[fromitem]
|-start|p1a: One Punch|quarkdriveatk
|-terastallize|p2a: Domain expansion|Ghost
|move|p2a: Domain expansion|Thunder Wave|p1a: One Punch
|-immune|p1a: One Punch
|
|upkeep
|turn|2
|
|t:|1779579746
|move|p1a: One Punch|Swords Dance|p1a: One Punch
|-boost|p1a: One Punch|atk|2
|move|p2a: Domain expansion|Trick Room|p2a: Domain expansion
|-fieldstart|move: Trick Room|[of] p2a: Domain expansion
|
|upkeep
|turn|3
|
|t:|1779579753
|move|p2a: Domain expansion|Shadow Ball|p1a: One Punch
|-damage|p1a: One Punch|66/100
|move|p1a: One Punch|Swords Dance|p1a: One Punch
|-boost|p1a: One Punch|atk|2
|
|upkeep
|turn|4
|
|t:|1779579763
|switch|p2a: Maxpower Smokey|Ursaluna, M, shiny|100/100
|move|p1a: One Punch|Thunder Punch|p2a: Maxpower Smokey
|-immune|p2a: Maxpower Smokey
|
|-status|p2a: Maxpower Smokey|brn|[from] item: Flame Orb
|upkeep
|turn|5
|c|☆cryrob9909|...
|
|t:|1779579776
|move|p2a: Maxpower Smokey|Play Rough|p1a: One Punch
|-supereffective|p1a: One Punch
|-damage|p1a: One Punch|0 fnt
|faint|p1a: One Punch
|-end|p1a: One Punch|Quark Drive|[silent]
|
|-damage|p2a: Maxpower Smokey|94/100 brn|[from] brn
|upkeep
|c|☆jsmikelol|I would've ended it there if I was "slower"
|
|t:|1779579796
|switch|p1a: Big Man|Iron Boulder|100/100
|-enditem|p1a: Big Man|Booster Energy
|-activate|p1a: Big Man|ability: Quark Drive|[fromitem]
|-start|p1a: Big Man|quarkdrivespe
|turn|6
|
|t:|1779579803
|move|p2a: Maxpower Smokey|Earthquake|p1a: Big Man
|-supereffective|p1a: Big Man
|-damage|p1a: Big Man|0 fnt
|faint|p1a: Big Man
|-end|p1a: Big Man|Quark Drive|[silent]
|
|-damage|p2a: Maxpower Smokey|88/100 brn|[from] brn
|-fieldend|move: Trick Room
|upkeep
|
|t:|1779579807
|switch|p1a: Iced Out|Weavile, F, shiny|100/100
|-ability|p1a: Iced Out|Pressure
|turn|7
|
|t:|1779579836
|switch|p2a: Domain expansion|Porygon2, shiny, tera:Ghost|100/100
|-ability|p2a: Domain expansion|Download|boost
|-boost|p2a: Domain expansion|atk|1
|move|p1a: Iced Out|Triple Axel|p2a: Domain expansion
|-damage|p2a: Domain expansion|94/100
|-damage|p2a: Domain expansion|82/100
|-damage|p2a: Domain expansion|60/100
|-hitcount|p2a: Domain expansion|3
|
|upkeep
|turn|8
|
|t:|1779579850
|move|p1a: Iced Out|Knock Off|p2a: Domain expansion
|-supereffective|p2a: Domain expansion
|-damage|p2a: Domain expansion|0 fnt
|-enditem|p2a: Domain expansion|Eviolite|[from] move: Knock Off|[of] p1a: Iced Out
|faint|p2a: Domain expansion
|
|upkeep
|
|t:|1779579856
|switch|p2a: last drop|Pawmot, F|100/100
|turn|9
|c|☆jsmikelol|knock it off
|
|t:|1779579870
|move|p1a: Iced Out|Triple Axel|p2a: last drop
|-damage|p2a: last drop|85/100
|-damage|p2a: last drop|55/100
|-damage|p2a: last drop|13/100
|-hitcount|p2a: last drop|3
|move|p2a: last drop|Fire Punch|p1a: Iced Out
|-supereffective|p1a: Iced Out
|-damage|p1a: Iced Out|6/100
|-status|p1a: Iced Out|brn
|
|-damage|p1a: Iced Out|0 fnt|[from] brn
|faint|p1a: Iced Out
|upkeep
|c|☆jsmikelol|okay
|
|t:|1779579885
|switch|p1a: Knuckle|Scizor, F, shiny|100/100
|turn|10
|
|t:|1779579896
|switch|p2a: Iron Goat|Iron Hands, shiny|100/100
|-enditem|p2a: Iron Goat|Booster Energy
|-activate|p2a: Iron Goat|ability: Quark Drive|[fromitem]
|-start|p2a: Iron Goat|quarkdriveatk
|move|p1a: Knuckle|Bullet Punch|p2a: Iron Goat
|-resisted|p2a: Iron Goat
|-damage|p2a: Iron Goat|85/100
|
|upkeep
|turn|11
|
|t:|1779579913
|move|p1a: Knuckle|Bullet Punch|p2a: Iron Goat
|-resisted|p2a: Iron Goat
|-damage|p2a: Iron Goat|69/100
|move|p2a: Iron Goat|Swords Dance|p2a: Iron Goat
|-boost|p2a: Iron Goat|atk|2
|
|upkeep
|turn|12
|c|☆jsmikelol|choiceband ur selling my ahh
|
|t:|1779579937
|switch|p1a: Tori|Blaziken, F, shiny|100/100
|move|p2a: Iron Goat|Drain Punch|p1a: Tori
|-enditem|p1a: Tori|Focus Sash
|-damage|p1a: Tori|1/100
|-heal|p2a: Iron Goat|99/100|[from] drain|[of] p1a: Tori
|
|upkeep
|turn|13
|inactive|jsmikelol has 270 seconds left.
|
|t:|1779579957
|-terastallize|p1a: Tori|Flying
|move|p1a: Tori|Swords Dance|p1a: Tori
|-boost|p1a: Tori|atk|2
|move|p2a: Iron Goat|Drain Punch|p1a: Tori
|-resisted|p1a: Tori
|-damage|p1a: Tori|0 fnt
|-heal|p2a: Iron Goat|99/100|[from] drain|[of] p1a: Tori
|faint|p1a: Tori
|
|upkeep
|
|t:|1779579968
|switch|p1a: King|Kingambit, M|100/100
|-activate|p1a: King|ability: Supreme Overlord
|-start|p1a: King|fallen4|[silent]
|turn|14
|
|t:|1779579973
|move|p1a: King|Low Kick|p2a: Iron Goat
|-damage|p2a: Iron Goat|56/100
|move|p2a: Iron Goat|Drain Punch|p1a: King
|-supereffective|p1a: King
|-damage|p1a: King|0 fnt
|-heal|p2a: Iron Goat|95/100|[from] drain|[of] p1a: King
|-damage|p2a: Iron Goat|79/100|[from] item: Rocky Helmet|[of] p1a: King
|faint|p1a: King
|-end|p1a: King|fallen4|[silent]
|
|upkeep
|
|t:|1779579979
|switch|p1a: Knuckle|Scizor, F, shiny|100/100
|turn|15
|
|t:|1779579985
|move|p1a: Knuckle|Close Combat|p2a: Iron Goat
|-crit|p2a: Iron Goat
|-damage|p2a: Iron Goat|17/100
|-unboost|p1a: Knuckle|def|1
|-unboost|p1a: Knuckle|spd|1
|move|p2a: Iron Goat|Drain Punch|p1a: Knuckle
|-damage|p1a: Knuckle|0 fnt
|-heal|p2a: Iron Goat|45/100|[from] drain|[of] p1a: Knuckle
|faint|p1a: Knuckle
|
|win|cryrob9909
