|j|☆lokixenjoyer738
|j|☆bozumon
|t:|1779568845
|gametype|singles
|player|p1|lokixenjoyer738|2|1361
|player|p2|bozumon|102|1317
|gen|9
|tier|[Gen 9] OU
|rated|
|rule|HP Percentage Mod: HP is shown in percentages
|rule|Endless Battle Clause: Forcing endless battles is banned
|rule|Species Clause: Limit one of each Pokémon
|rule|OHKO Clause: OHKO moves are banned
|rule|Evasion Items Clause: Evasion items are banned
|rule|Evasion Moves Clause: Evasion moves are banned
|rule|Evasion Abilities Clause: Evasion abilities are banned
|rule|Sleep Moves Clause: Sleep-inducing moves are banned
|clearpoke
|poke|p1|Kingambit, F|
|poke|p1|Kommo-o, M|
|poke|p1|Iron Valiant|
|poke|p1|Kyurem|
|poke|p1|Iron Treads|
|poke|p1|Iron Crown|
|poke|p2|Raging Bolt|
|poke|p2|Great Tusk|
|poke|p2|Gholdengo|
|poke|p2|Alomomola, M|
|poke|p2|Clodsire, M|
|poke|p2|Tornadus-Therian, M|
|teampreview
|inactive|Battle timer is ON: inactive players will automatically lose when time's up. (requested by lokixenjoyer738)
|
|t:|1779568871
|teamsize|p1|6
|teamsize|p2|6
|start
|switch|p1a: Kyurem|Kyurem|100/100
|switch|p2a: Raging Bolt|Raging Bolt|100/100
|-ability|p1a: Kyurem|Pressure
|turn|1
|
|t:|1779568883
|-end|p2a: Raging Bolt|Protosynthesis|[silent]
|switch|p2a: Gholdengo|Gholdengo|100/100
|move|p1a: Kyurem|Icicle Spear|p2a: Gholdengo
|-resisted|p2a: Gholdengo
|-damage|p2a: Gholdengo|94/100
|-resisted|p2a: Gholdengo
|-damage|p2a: Gholdengo|87/100
|-resisted|p2a: Gholdengo
|-damage|p2a: Gholdengo|80/100
|-resisted|p2a: Gholdengo
|-damage|p2a: Gholdengo|73/100
|-resisted|p2a: Gholdengo
|-damage|p2a: Gholdengo|65/100
|-hitcount|p2a: Gholdengo|5
|
|upkeep
|turn|2
|
|t:|1779568886
|move|p2a: Gholdengo|Make It Rain|p1a: Kyurem
|-supereffective|p1a: Kyurem
|-damage|p1a: Kyurem|0 fnt
|-unboost|p2a: Gholdengo|spa|1
|faint|p1a: Kyurem
|
|upkeep
|inactive|lokixenjoyer738 has 120 seconds left.
|
|t:|1779568923
|switch|p1a: Kommo-o|Kommo-o, M|100/100
|turn|3
|
|t:|1779568947
|switch|p2a: Great Tusk|Great Tusk|100/100
|move|p1a: Kommo-o|Substitute|p1a: Kommo-o
|-start|p1a: Kommo-o|Substitute
|-damage|p1a: Kommo-o|75/100
|
|-heal|p1a: Kommo-o|82/100|[from] item: Leftovers
|upkeep
|turn|4
|
|t:|1779568955
|move|p1a: Kommo-o|Clangorous Soul|p1a: Kommo-o
|-boost|p1a: Kommo-o|atk|1
|-boost|p1a: Kommo-o|def|1
|-boost|p1a: Kommo-o|spa|1
|-boost|p1a: Kommo-o|spd|1
|-boost|p1a: Kommo-o|spe|1
|-damage|p1a: Kommo-o|49/100
|move|p2a: Great Tusk|Ice Spinner|p1a: Kommo-o
|-supereffective|p1a: Kommo-o
|-end|p1a: Kommo-o|Substitute
|
|-heal|p1a: Kommo-o|55/100|[from] item: Leftovers
|upkeep
|turn|5
|inactive|lokixenjoyer738 has 120 seconds left.
|inactive|lokixenjoyer738 has 90 seconds left.
|
|t:|1779569012
|move|p1a: Kommo-o|Drain Punch|p2a: Great Tusk
|-damage|p2a: Great Tusk|75/100
|-heal|p1a: Kommo-o|71/100|[from] drain|[of] p2a: Great Tusk
|move|p2a: Great Tusk|Ice Spinner|p1a: Kommo-o
|-supereffective|p1a: Kommo-o
|-damage|p1a: Kommo-o|37/100
|
|-heal|p1a: Kommo-o|43/100|[from] item: Leftovers
|upkeep
|turn|6
|
|t:|1779569018
|move|p1a: Kommo-o|Drain Punch|p2a: Great Tusk
|-damage|p2a: Great Tusk|47/100
|-heal|p1a: Kommo-o|60/100|[from] drain|[of] p2a: Great Tusk
|move|p2a: Great Tusk|Ice Spinner|p1a: Kommo-o
|-supereffective|p1a: Kommo-o
|-damage|p1a: Kommo-o|26/100
|
|-heal|p1a: Kommo-o|32/100|[from] item: Leftovers
|upkeep
|turn|7
|
|t:|1779569022
|-end|p2a: Great Tusk|Protosynthesis|[silent]
|switch|p2a: Gholdengo|Gholdengo|65/100
|move|p1a: Kommo-o|Drain Punch|p2a: Gholdengo
|-immune|p2a: Gholdengo
|
|-heal|p1a: Kommo-o|39/100|[from] item: Leftovers
|upkeep
|turn|8
|
|t:|1779569036
|-terastallize|p1a: Kommo-o|Ghost
|move|p1a: Kommo-o|Shadow Claw|p2a: Gholdengo
|-supereffective|p2a: Gholdengo
|-damage|p2a: Gholdengo|0 fnt
|faint|p2a: Gholdengo
|
|-heal|p1a: Kommo-o|45/100|[from] item: Leftovers
|upkeep
|inactive|bozumon has 120 seconds left.
|
|t:|1779569072
|switch|p2a: Clodsire|Clodsire, M|100/100
|turn|9
|inactive|lokixenjoyer738 has 90 seconds left.
|
|t:|1779569115
|move|p1a: Kommo-o|Substitute|p1a: Kommo-o
|-start|p1a: Kommo-o|Substitute
|-damage|p1a: Kommo-o|20/100
|move|p2a: Clodsire|Poison Jab|p1a: Kommo-o
|-resisted|p1a: Kommo-o
|-activate|p1a: Kommo-o|move: Substitute|[damage]
|
|-heal|p1a: Kommo-o|26/100|[from] item: Leftovers
|upkeep
|turn|10
|
|t:|1779569121
|move|p1a: Kommo-o|Shadow Claw|p2a: Clodsire
|-damage|p2a: Clodsire|83/100
|move|p2a: Clodsire|Poison Jab|p1a: Kommo-o
|-resisted|p1a: Kommo-o
|-activate|p1a: Kommo-o|move: Substitute|[damage]
|
|-heal|p1a: Kommo-o|32/100|[from] item: Leftovers
|-heal|p2a: Clodsire|89/100|[from] item: Leftovers
|upkeep
|turn|11
|inactive|lokixenjoyer738 has 90 seconds left.
|
|t:|1779569141
|move|p1a: Kommo-o|Shadow Claw|p2a: Clodsire
|-damage|p2a: Clodsire|68/100
|move|p2a: Clodsire|Stealth Rock|p1a: Kommo-o
|-sidestart|p1: lokixenjoyer738|move: Stealth Rock
|
|-heal|p1a: Kommo-o|39/100|[from] item: Leftovers
|-heal|p2a: Clodsire|74/100|[from] item: Leftovers
|upkeep
|turn|12
|
|t:|1779569144
|move|p1a: Kommo-o|Shadow Claw|p2a: Clodsire
|-damage|p2a: Clodsire|54/100
|move|p2a: Clodsire|Spikes|p1a: Kommo-o
|-sidestart|p1: lokixenjoyer738|Spikes
|
|-heal|p1a: Kommo-o|45/100|[from] item: Leftovers
|-heal|p2a: Clodsire|61/100|[from] item: Leftovers
|upkeep
|turn|13
|
|t:|1779569156
|switch|p1a: Iron Treads|Iron Treads|100/100
|-damage|p1a: Iron Treads|98/100|[from] Stealth Rock
|-damage|p1a: Iron Treads|85/100|[from] Spikes
|-enditem|p1a: Iron Treads|Booster Energy
|-activate|p1a: Iron Treads|ability: Quark Drive|[fromitem]
|-start|p1a: Iron Treads|quarkdrivespe
|move|p2a: Clodsire|Spikes|p1a: Iron Treads
|-sidestart|p1: lokixenjoyer738|Spikes
|
|-heal|p2a: Clodsire|67/100|[from] item: Leftovers
|upkeep
|turn|14
|
|t:|1779569163
|switch|p2a: Alomomola|Alomomola, M|100/100
|move|p1a: Iron Treads|Rapid Spin|p2a: Alomomola
|-damage|p2a: Alomomola|93/100
|-boost|p1a: Iron Treads|spe|1
|-sideend|p1: lokixenjoyer738|Spikes|[from] move: Rapid Spin|[of] p1a: Iron Treads
|-sideend|p1: lokixenjoyer738|Stealth Rock|[from] move: Rapid Spin|[of] p1a: Iron Treads
|
|upkeep
|turn|15
|inactive|lokixenjoyer738 has 90 seconds left.
|
|t:|1779569195
|move|p1a: Iron Treads|Stealth Rock|p2a: Alomomola
|-sidestart|p2: bozumon|move: Stealth Rock
|move|p2a: Alomomola|Wish|p2a: Alomomola
|
|upkeep
|turn|16
|inactive|lokixenjoyer738 has 90 seconds left.
|
|t:|1779569204
|move|p1a: Iron Treads|Earthquake|p2a: Alomomola
|-damage|p2a: Alomomola|68/100
|move|p2a: Alomomola|Flip Turn|p1a: Iron Treads
|-supereffective|p1a: Iron Treads
|-damage|p1a: Iron Treads|60/100
|
|t:|1779569206
|switch|p2a: Great Tusk|Great Tusk|47/100|[from] Flip Turn
|-damage|p2a: Great Tusk|44/100|[from] Stealth Rock
|
|-heal|p2a: Great Tusk|98/100|[from] move: Wish|[wisher] Alomomola
|upkeep
|turn|17
|
|t:|1779569216
|move|p1a: Iron Treads|Earthquake|p2a: Great Tusk
|-damage|p2a: Great Tusk|73/100
|move|p2a: Great Tusk|Rapid Spin|p1a: Iron Treads
|-resisted|p1a: Iron Treads
|-damage|p1a: Iron Treads|53/100
|-boost|p2a: Great Tusk|spe|1
|-sideend|p2: bozumon|Stealth Rock|[from] move: Rapid Spin|[of] p2a: Great Tusk
|
|upkeep
|turn|18
|
|t:|1779569223
|move|p1a: Iron Treads|Rapid Spin|p2a: Great Tusk
|-damage|p2a: Great Tusk|65/100
|-boost|p1a: Iron Treads|spe|1
|move|p2a: Great Tusk|Rapid Spin|p1a: Iron Treads
|-resisted|p1a: Iron Treads
|-damage|p1a: Iron Treads|46/100
|-boost|p2a: Great Tusk|spe|1
|
|upkeep
|turn|19
|
|t:|1779569233
|move|p1a: Iron Treads|Earthquake|p2a: Great Tusk
|-damage|p2a: Great Tusk|40/100
|move|p2a: Great Tusk|Ice Spinner|p1a: Iron Treads
|-damage|p1a: Iron Treads|24/100
|
|upkeep
|turn|20
|
|t:|1779569238
|move|p1a: Iron Treads|Earthquake|p2a: Great Tusk
|-damage|p2a: Great Tusk|15/100
|move|p2a: Great Tusk|Close Combat|p1a: Iron Treads
|-supereffective|p1a: Iron Treads
|-damage|p1a: Iron Treads|0 fnt
|-unboost|p2a: Great Tusk|def|1
|-unboost|p2a: Great Tusk|spd|1
|faint|p1a: Iron Treads
|-end|p1a: Iron Treads|Quark Drive|[silent]
|
|upkeep
|inactive|lokixenjoyer738 has 120 seconds left.
|
|t:|1779569243
|switch|p1a: Kingambit|Kingambit, F|100/100
|-activate|p1a: Kingambit|ability: Supreme Overlord
|-start|p1a: Kingambit|fallen2|[silent]
|turn|21
|
|t:|1779569250
|-end|p2a: Great Tusk|Protosynthesis|[silent]
|switch|p2a: Tornadus|Tornadus-Therian, M|100/100
|move|p1a: Kingambit|Swords Dance|p1a: Kingambit
|-boost|p1a: Kingambit|atk|2
|
|upkeep
|turn|22
|
|t:|1779569257
|move|p1a: Kingambit|Sucker Punch|p2a: Tornadus
|-damage|p2a: Tornadus|0 fnt
|faint|p2a: Tornadus
|
|upkeep
|
|t:|1779569265
|switch|p2a: Raging Bolt|Raging Bolt|100/100
|turn|23
|
|t:|1779569269
|move|p1a: Kingambit|Low Kick|p2a: Raging Bolt
|-damage|p2a: Raging Bolt|5/100
|move|p2a: Raging Bolt|Thunderbolt|p1a: Kingambit
|-damage|p1a: Kingambit|10/100
|
|-heal|p1a: Kingambit|16/100|[from] item: Leftovers
|upkeep
|turn|24
|
|t:|1779569289
|-end|p1a: Kingambit|fallen2|[silent]
|switch|p1a: Kommo-o|Kommo-o, M, tera:Ghost|45/100
|-end|p2a: Raging Bolt|Protosynthesis|[silent]
|switch|p2a: Great Tusk|Great Tusk|15/100
|
|-heal|p1a: Kommo-o|51/100|[from] item: Leftovers
|upkeep
|turn|25
|
|t:|1779569297
|-end|p2a: Great Tusk|Protosynthesis|[silent]
|switch|p2a: Clodsire|Clodsire, M|67/100
|move|p1a: Kommo-o|Drain Punch|p2a: Clodsire
|-resisted|p2a: Clodsire
|-damage|p2a: Clodsire|57/100
|-heal|p1a: Kommo-o|58/100|[from] drain|[of] p2a: Clodsire
|
|-heal|p1a: Kommo-o|64/100|[from] item: Leftovers
|-heal|p2a: Clodsire|63/100|[from] item: Leftovers
|upkeep
|turn|26
|
|t:|1779569301
|switch|p1a: Iron Crown|Iron Crown|100/100
|-enditem|p1a: Iron Crown|Booster Energy
|-activate|p1a: Iron Crown|ability: Quark Drive|[fromitem]
|-start|p1a: Iron Crown|quarkdrivespe
|move|p2a: Clodsire|Stealth Rock|p1a: Iron Crown
|-sidestart|p1: lokixenjoyer738|move: Stealth Rock
|
|-heal|p2a: Clodsire|69/100|[from] item: Leftovers
|upkeep
|turn|27
|
|t:|1779569310
|switch|p2a: Alomomola|Alomomola, M|100/100
|move|p1a: Iron Crown|Calm Mind|p1a: Iron Crown
|-boost|p1a: Iron Crown|spa|1
|-boost|p1a: Iron Crown|spd|1
|
|upkeep
|turn|28
|
|t:|1779569316
|move|p1a: Iron Crown|Calm Mind|p1a: Iron Crown
|-boost|p1a: Iron Crown|spa|1
|-boost|p1a: Iron Crown|spd|1
|move|p2a: Alomomola|Scald|p1a: Iron Crown
|-damage|p1a: Iron Crown|94/100
|
|upkeep
|turn|29
|
|t:|1779569322
|move|p1a: Iron Crown|Calm Mind|p1a: Iron Crown
|-boost|p1a: Iron Crown|spa|1
|-boost|p1a: Iron Crown|spd|1
|move|p2a: Alomomola|Scald|p1a: Iron Crown
|-crit|p1a: Iron Crown
|-damage|p1a: Iron Crown|76/100
|
|upkeep
|turn|30
|
|t:|1779569325
|move|p1a: Iron Crown|Psychic Noise|p2a: Alomomola
|-damage|p2a: Alomomola|30/100
|-start|p2a: Alomomola|move: Heal Block
|move|p2a: Alomomola|Scald|p1a: Iron Crown
|-damage|p1a: Iron Crown|71/100
|
|upkeep
|turn|31
|
|t:|1779569335
|switch|p2a: Great Tusk|Great Tusk|15/100
|move|p1a: Iron Crown|Psychic Noise|p2a: Great Tusk
|-supereffective|p2a: Great Tusk
|-damage|p2a: Great Tusk|0 fnt
|faint|p2a: Great Tusk
|-end|p2a: Great Tusk|Protosynthesis|[silent]
|
|upkeep
|
|t:|1779569349
|switch|p2a: Alomomola|Alomomola, M|63/100
|turn|32
|
|t:|1779569353
|-terastallize|p2a: Alomomola|Steel
|move|p1a: Iron Crown|Calm Mind|p1a: Iron Crown
|-boost|p1a: Iron Crown|spa|1
|-boost|p1a: Iron Crown|spd|1
|move|p2a: Alomomola|Scald|p1a: Iron Crown
|-damage|p1a: Iron Crown|67/100
|
|upkeep
|turn|33
|
|t:|1779569357
|move|p1a: Iron Crown|Tachyon Cutter|p2a: Alomomola
|-resisted|p2a: Alomomola
|-damage|p2a: Alomomola|34/100
|-resisted|p2a: Alomomola
|-damage|p2a: Alomomola|3/100
|-hitcount|p2a: Alomomola|2
|move|p2a: Alomomola|Scald|p1a: Iron Crown
|-damage|p1a: Iron Crown|62/100
|
|upkeep
|turn|34
|
|t:|1779569364
|move|p1a: Iron Crown|Tachyon Cutter|p2a: Alomomola
|-resisted|p2a: Alomomola
|-damage|p2a: Alomomola|0 fnt
|faint|p2a: Alomomola
|-hitcount|p2: Alomomola|1
|
|upkeep
|
|t:|1779569366
|switch|p2a: Raging Bolt|Raging Bolt|5/100
|turn|35
|
|t:|1779569368
|move|p2a: Raging Bolt|Thunderclap|p1a: Iron Crown
|-damage|p1a: Iron Crown|42/100
|move|p1a: Iron Crown|Psychic Noise|p2a: Raging Bolt
|-damage|p2a: Raging Bolt|0 fnt
|faint|p2a: Raging Bolt
|-end|p2a: Raging Bolt|Protosynthesis|[silent]
|
|upkeep
|
|t:|1779569370
|switch|p2a: Clodsire|Clodsire, M|69/100
|turn|36
|
|t:|1779569372
|move|p1a: Iron Crown|Psychic Noise|p2a: Clodsire
|-supereffective|p2a: Clodsire
|-crit|p2a: Clodsire
|-damage|p2a: Clodsire|0 fnt
|faint|p2a: Clodsire
|
|win|lokixenjoyer738
|raw|lokixenjoyer738's rating: 1340 &rarr; <strong>1359</strong><br />(+19 for winning)
|raw|bozumon's rating: 1317 &rarr; <strong>1298</strong><br />(-19 for losing)
