|j|☆JustAKidWhosFour
|j|☆foxygameplay2008
|inactive|Battle timer is ON: inactive players will automatically lose when time's up.
|t:|1779562303
|gametype|singles
|player|p1|JustAKidWhosFour|ninjaboy|
|player|p2|foxygameplay2008|hilbert|
|gen|9
|tier|[Gen 9] OU
|rated|Tournament battle
|rule|HP Percentage Mod: HP is shown in percentages
|rule|Endless Battle Clause: Forcing endless battles is banned
|rule|Species Clause: Limit one of each Pokémon
|rule|OHKO Clause: OHKO moves are banned
|rule|Evasion Items Clause: Evasion items are banned
|rule|Evasion Moves Clause: Evasion moves are banned
|rule|Evasion Abilities Clause: Evasion abilities are banned
|rule|Sleep Moves Clause: Sleep-inducing moves are banned
|raw|<div class="infobox"><details class="readmore" open><summary><strong>3 custom rules:</strong></summary> -blissey, -wailord, -wobbuffet</details></div>
|clearpoke
|poke|p1|Flamigo, F|
|poke|p1|Pecharunt|
|poke|p1|Hoopa-Unbound|
|poke|p1|Golurk|
|poke|p1|Mesprit|
|poke|p1|Galvantula, F|
|poke|p2|Flamigo, F|
|poke|p2|Pecharunt|
|poke|p2|Hoopa|
|poke|p2|Golurk|
|poke|p2|Mesprit|
|poke|p2|Galvantula, M|
|teampreview
|j|*Lady Monita 
|
|t:|1779562309
|teamsize|p1|6
|teamsize|p2|6
|start
|switch|p1a: Golurk|Golurk|100/100
|switch|p2a: Galvantula|Galvantula, M|100/100
|turn|1
|j| Pokelover33199
|j| Flari64
|
|t:|1779562316
|move|p2a: Galvantula|Sticky Web|p1a: Golurk
|-sidestart|p1: JustAKidWhosFour|move: Sticky Web
|move|p1a: Golurk|Stealth Rock|p2a: Galvantula
|-sidestart|p2: foxygameplay2008|move: Stealth Rock
|
|upkeep
|turn|2
|
|t:|1779562323
|move|p2a: Galvantula|Energy Ball|p1a: Golurk
|-supereffective|p1a: Golurk
|-damage|p1a: Golurk|42/100
|-unboost|p1a: Golurk|spd|1
|move|p1a: Golurk|Poltergeist|p2a: Galvantula
|-activate|p2a: Galvantula|move: Poltergeist|Eject Button
|-damage|p2a: Galvantula|0 fnt
|faint|p2a: Galvantula
|
|upkeep
|c|☆foxygameplay2008|wait
|c|☆JustAKidWhosFour|?
|j| PoliticalMan
|c|☆foxygameplay2008|we were able to use unbound?
|c|☆foxygameplay2008|fahhhhh
|inactive|foxygameplay2008 has 120 seconds left.
|c|☆foxygameplay2008|gg I guess
|c|☆JustAKidWhosFour|yea I just switched it last round
|c| Pokelover33199|Yeah
|
|t:|1779562366
|switch|p2a: Hoopa|Hoopa|100/100
|-damage|p2a: Hoopa|88/100|[from] Stealth Rock
|turn|3
|j| AstragoR
|inactive|JustAKidWhosFour has 120 seconds left.
|j| KoolCreatorX
|inactive|JustAKidWhosFour has 90 seconds left.
|inactive|JustAKidWhosFour has 60 seconds left.
|
|t:|1779562462
|move|p2a: Hoopa|Shadow Ball|p1a: Golurk
|-supereffective|p1a: Golurk
|-damage|p1a: Golurk|0 fnt
|faint|p1a: Golurk
|
|upkeep
|j| AnimeGod121
|l| AstragoR
|j| i_am_da_pikachu
|l| AnimeGod121
|j|^Baddieprathikmon
|
|t:|1779562488
|switch|p1a: Mesprit|Mesprit|100/100
|turn|4
|
|t:|1779562492
|move|p1a: Mesprit|Shadow Ball|p2a: Hoopa
|-supereffective|p2a: Hoopa
|-damage|p2a: Hoopa|2/100
|move|p2a: Hoopa|Shadow Ball|p1a: Mesprit
|-supereffective|p1a: Mesprit
|-enditem|p1a: Mesprit|Kasib Berry|[eat]
|-enditem|p1a: Mesprit|Kasib Berry|[weaken]
|-damage|p1a: Mesprit|48/100
|
|upkeep
|turn|5
|l|^Baddieprathikmon
|
|t:|1779562503
|move|p1a: Mesprit|Psychic|p2a: Hoopa
|-resisted|p2a: Hoopa
|-crit|p2a: Hoopa
|-damage|p2a: Hoopa|0 fnt
|faint|p2a: Hoopa
|
|upkeep
|
|t:|1779562509
|switch|p2a: Mesprit|Mesprit|100/100
|-damage|p2a: Mesprit|88/100|[from] Stealth Rock
|turn|6
|
|t:|1779562518
|move|p1a: Mesprit|Calm Mind|p1a: Mesprit
|-boost|p1a: Mesprit|spa|1
|-boost|p1a: Mesprit|spd|1
|move|p2a: Mesprit|Light Screen|p2a: Mesprit
|-sidestart|p2: foxygameplay2008|move: Light Screen
|
|upkeep
|turn|7
|
|t:|1779562526
|move|p1a: Mesprit|Encore|p2a: Mesprit
|-start|p2a: Mesprit|Encore
|move|p2a: Mesprit|Light Screen||[still]
|-fail|p2a: Mesprit
|
|upkeep
|turn|8
|
|t:|1779562531
|switch|p2a: Golurk|Golurk|100/100
|-damage|p2a: Golurk|95/100|[from] Stealth Rock
|move|p1a: Mesprit|Shadow Ball|p2a: Golurk
|-supereffective|p2a: Golurk
|-damage|p2a: Golurk|55/100
|
|upkeep
|turn|9
|
|t:|1779562544
|move|p1a: Mesprit|Shadow Ball|p2a: Golurk
|-supereffective|p2a: Golurk
|-damage|p2a: Golurk|17/100
|move|p2a: Golurk|Poltergeist||[still]
|-fail|p2a: Golurk
|
|upkeep
|turn|10
|l| i_am_da_pikachu
|c|☆foxygameplay2008|yeah guys I'm sorry
|c|☆foxygameplay2008|I'm stupid
|c|☆foxygameplay2008|lmao
|c| PoliticalMan|damn
|
|t:|1779562558
|switch|p2a: Flamigo|Flamigo, F|100/100
|-damage|p2a: Flamigo|88/100|[from] Stealth Rock
|move|p1a: Mesprit|Shadow Ball|p2a: Flamigo
|-damage|p2a: Flamigo|61/100
|-unboost|p2a: Flamigo|spd|1
|
|upkeep
|turn|11
|c| Flari64|oof
|
|t:|1779562568
|move|p2a: Flamigo|Throat Chop|p1a: Mesprit
|-supereffective|p1a: Mesprit
|-damage|p1a: Mesprit|0 fnt
|faint|p1a: Mesprit
|
|upkeep
|
|t:|1779562578
|switch|p1a: Flamigo|Flamigo, F|100/100
|turn|12
|j|^Baddieprathikmon
|c|^Baddieprathikmon|End this faster for us plss
|c| Flari64|rude
|c| Flari64|stall the match
|
|t:|1779562600
|switch|p2a: Pecharunt|Pecharunt|100/100
|-damage|p2a: Pecharunt|88/100|[from] Stealth Rock
|move|p1a: Flamigo|Brave Bird|p2a: Pecharunt
|-damage|p2a: Pecharunt|54/100
|-damage|p1a: Flamigo|89/100|[from] Recoil
|
|-heal|p2a: Pecharunt|60/100|[from] item: Leftovers
|upkeep
|turn|13
|inactive|JustAKidWhosFour has 90 seconds left.
|
|t:|1779562627
|switch|p1a: Hoopa|Hoopa-Unbound|100/100
|-activate|p1a: Hoopa|move: Sticky Web
|-unboost|p1a: Hoopa|spe|1
|-terastallize|p2a: Pecharunt|Poison
|move|p2a: Pecharunt|Recover|p2a: Pecharunt
|-heal|p2a: Pecharunt|100/100
|
|-sideend|p2: foxygameplay2008|move: Light Screen
|upkeep
|turn|14
|
|t:|1779562635
|move|p1a: Hoopa|Psychic|p2a: Pecharunt
|-supereffective|p2a: Pecharunt
|-damage|p2a: Pecharunt|0 fnt
|faint|p2a: Pecharunt
|
|upkeep
|c|^Baddieprathikmon|Nooop
|c|^Baddieprathikmon|Plsss
|c|^Baddieprathikmon|I beg u
|
|t:|1779562643
|switch|p2a: Flamigo|Flamigo, F|61/100
|-damage|p2a: Flamigo|49/100|[from] Stealth Rock
|turn|15
|
|t:|1779562651
|switch|p1a: Pecharunt|Pecharunt|100/100
|move|p2a: Flamigo|U-turn|p1a: Pecharunt
|-resisted|p1a: Pecharunt
|-damage|p1a: Pecharunt|97/100
|c|^Baddieprathikmon|Dont stall :(
|c| Flari64|pp stall 200 turns
|inactive|foxygameplay2008 has 120 seconds left.
|
|t:|1779562693
|switch|p2a: Mesprit|Mesprit|88/100|[from] U-turn
|-damage|p2a: Mesprit|76/100|[from] Stealth Rock
|
|upkeep
|turn|16
|inactive|JustAKidWhosFour has 90 seconds left.
|inactive|JustAKidWhosFour has 60 seconds left.
|j|#Rage
|
|t:|1779562753
|move|p1a: Pecharunt|Malignant Chain|p2a: Mesprit
|-damage|p2a: Mesprit|50/100
|-status|p2a: Mesprit|tox
|-start|p2a: Mesprit|confusion|[from] ability: Poison Puppeteer|[of] p1a: Pecharunt
|-activate|p2a: Mesprit|confusion
|-damage|p2a: Mesprit|42/100 tox|[from] confusion
|
|-damage|p2a: Mesprit|36/100 tox|[from] psn
|upkeep
|turn|17
|inactive|foxygameplay2008 has 120 seconds left.
|inactive|JustAKidWhosFour has 30 seconds left.
|c|☆foxygameplay2008|well gg I guess
|inactive|JustAKidWhosFour has 20 seconds left.
|
|t:|1779562785
|move|p1a: Pecharunt|Shadow Ball|p2a: Mesprit
|-supereffective|p2a: Mesprit
|-damage|p2a: Mesprit|0 fnt
|faint|p2a: Mesprit
|
|upkeep
|
|t:|1779562799
|switch|p2a: Flamigo|Flamigo, F|49/100
|-damage|p2a: Flamigo|36/100|[from] Stealth Rock
|turn|18
|inactive|JustAKidWhosFour has 30 seconds left.
|
|t:|1779562806
|move|p2a: Flamigo|Brave Bird|p1a: Pecharunt
|-damage|p1a: Pecharunt|56/100
|-damage|p2a: Flamigo|20/100|[from] Recoil
|move|p1a: Pecharunt|Malignant Chain|p2a: Flamigo
|-damage|p2a: Flamigo|0 fnt
|faint|p2a: Flamigo
|
|upkeep
|
|t:|1779562809
|switch|p2a: Golurk|Golurk|17/100
|-damage|p2a: Golurk|11/100|[from] Stealth Rock
|turn|19
|
|t:|1779562811
|move|p1a: Pecharunt|Shadow Ball|p2a: Golurk
|-supereffective|p2a: Golurk
|-damage|p2a: Golurk|0 fnt
|faint|p2a: Golurk
|
|win|JustAKidWhosFour
|n|☆JustAKidWhosFour|justakidwhosfour
|n|☆foxygameplay2008|foxygameplay2008
|n|*Lady Monita |ladymonita
|n| Pokelover33199|pokelover33199
|n| Flari64|flari64
|n| PoliticalMan|politicalman
|n| KoolCreatorX|koolcreatorx
|n| Baddieprathikmon|baddieprathikmon
|n|@Rage|rage
