|j|☆I am a guineapig
|j|☆parkiay
|t:|1779621902
|gametype|singles
|player|p1|I am a guineapig|fisherman-gen4|1482
|player|p2|parkiay|juan|1456
|gen|9
|tier|[Gen 9] OU
|rated|
|rule|HP Percentage Mod: HP is shown in percentages
|rule|Endless Battle Clause: Forcing endless battles is banned
|rule|Species Clause: Limit one of each Pokémon
|rule|OHKO Clause: OHKO moves are banned
|rule|Evasion Items Clause: Evasion items are banned
|rule|Evasion Moves Clause: Evasion moves are banned
|rule|Evasion Abilities Clause: Evasion abilities are banned
|rule|Sleep Moves Clause: Sleep-inducing moves are banned
|clearpoke
|poke|p1|Carbink|
|poke|p1|Hatterene, F|
|poke|p1|Dusclops, F|
|poke|p1|Iron Hands|
|poke|p1|Crabominable, F|
|poke|p1|Kingambit, F|
|poke|p2|Cinderace, F|
|poke|p2|Rotom-Wash|
|poke|p2|Darkrai|
|poke|p2|Ogerpon-Cornerstone, F|
|poke|p2|Iron Moth|
|poke|p2|Raging Bolt|
|teampreview
|inactive|Battle timer is ON: inactive players will automatically lose when time's up. (requested by parkiay)
|inactive|I am a guineapig also wants the timer to be on.
|c|☆parkiay|gg
|c|☆parkiay|wp
|
|t:|1779621921
|teamsize|p1|6
|teamsize|p2|6
|start
|switch|p1a: Carbink|Carbink|100/100
|switch|p2a: Ogerpon|Ogerpon-Cornerstone, F|100/100
|turn|1
|
|t:|1779621925
|move|p2a: Ogerpon|Swords Dance|p2a: Ogerpon
|-boost|p2a: Ogerpon|atk|2
|move|p1a: Carbink|Trick Room|p1a: Carbink
|-fieldstart|move: Trick Room|[of] p1a: Carbink
|
|upkeep
|turn|2
|
|t:|1779621930
|move|p2a: Ogerpon|Spiky Shield|p2a: Ogerpon
|-singleturn|p2a: Ogerpon|move: Protect
|move|p1a: Carbink|Body Press|p2a: Ogerpon
|-activate|p2a: Ogerpon|move: Protect
|-damage|p1a: Carbink|88/100|[from] Spiky Shield|[of] p2a: Ogerpon
|
|upkeep
|turn|3
|
|t:|1779621936
|move|p1a: Carbink|Misty Explosion|p2a: Ogerpon
|-damage|p2a: Ogerpon|78/100
|faint|p1a: Carbink
|move|p2a: Ogerpon|Horn Leech|p1: Carbink|[notarget]
|-fail|p2a: Ogerpon
|
|upkeep
|
|t:|1779621946
|switch|p1a: Iron Hands|Iron Hands|100/100
|-enditem|p1a: Iron Hands|Booster Energy
|-activate|p1a: Iron Hands|ability: Quark Drive|[fromitem]
|-start|p1a: Iron Hands|quarkdriveatk
|turn|4
|
|t:|1779621951
|-terastallize|p1a: Iron Hands|Fighting
|move|p2a: Ogerpon|Spiky Shield|p2a: Ogerpon
|-singleturn|p2a: Ogerpon|move: Protect
|move|p1a: Iron Hands|Close Combat|p2a: Ogerpon
|-activate|p2a: Ogerpon|move: Protect
|-damage|p1a: Iron Hands|88/100|[from] Spiky Shield|[of] p2a: Ogerpon
|
|upkeep
|turn|5
|
|t:|1779621959
|move|p1a: Iron Hands|Close Combat|p2a: Ogerpon
|-supereffective|p2a: Ogerpon
|-damage|p2a: Ogerpon|0 fnt
|-unboost|p1a: Iron Hands|def|1
|-unboost|p1a: Iron Hands|spd|1
|faint|p2a: Ogerpon
|
|-fieldend|move: Trick Room
|upkeep
|
|t:|1779621961
|switch|p2a: Iron Moth|Iron Moth|100/100
|-enditem|p2a: Iron Moth|Booster Energy
|-activate|p2a: Iron Moth|ability: Quark Drive|[fromitem]
|-start|p2a: Iron Moth|quarkdrivespe
|turn|6
|
|t:|1779621967
|-end|p1a: Iron Hands|Quark Drive|[silent]
|switch|p1a: Dusclops|Dusclops, F|100/100
|move|p2a: Iron Moth|Fiery Dance|p1a: Dusclops
|-damage|p1a: Dusclops|78/100
|
|upkeep
|turn|7
|
|t:|1779621971
|move|p2a: Iron Moth|Substitute|p2a: Iron Moth
|-start|p2a: Iron Moth|Substitute
|-damage|p2a: Iron Moth|76/100
|move|p1a: Dusclops|Trick Room|p1a: Dusclops
|-fieldstart|move: Trick Room|[of] p1a: Dusclops
|
|upkeep
|turn|8
|
|t:|1779621984
|move|p1a: Dusclops|Curse|p2a: Iron Moth
|-start|p2a: Iron Moth|Curse|[of] p1a: Dusclops
|-damage|p1a: Dusclops|28/100
|move|p2a: Iron Moth|Fiery Dance|p1a: Dusclops
|-damage|p1a: Dusclops|5/100
|-boost|p2a: Iron Moth|spa|1
|
|-damage|p2a: Iron Moth|51/100|[from] Curse
|upkeep
|turn|9
|
|t:|1779621996
|move|p1a: Dusclops|Memento||[still]
|-fail|p1a: Dusclops
|move|p2a: Iron Moth|Fiery Dance|p1a: Dusclops
|-damage|p1a: Dusclops|0 fnt
|-boost|p2a: Iron Moth|spa|1
|faint|p1a: Dusclops
|
|-damage|p2a: Iron Moth|26/100|[from] Curse
|upkeep
|
|t:|1779622014
|switch|p1a: Hatterene|Hatterene, F|100/100
|turn|10
|j| kanaete onegai
|
|t:|1779622017
|move|p1a: Hatterene|Psychic|p2a: Iron Moth
|-supereffective|p2a: Iron Moth
|-end|p2a: Iron Moth|Substitute
|move|p2a: Iron Moth|Fiery Dance|p1a: Hatterene
|-damage|p1a: Hatterene|10/100
|-boost|p2a: Iron Moth|spa|1
|
|-damage|p2a: Iron Moth|1/100|[from] Curse
|upkeep
|turn|11
|
|t:|1779622023
|move|p1a: Hatterene|Psychic|p2a: Iron Moth
|-supereffective|p2a: Iron Moth
|-damage|p2a: Iron Moth|0 fnt
|faint|p2a: Iron Moth
|-end|p2a: Iron Moth|Quark Drive|[silent]
|
|-fieldend|move: Trick Room
|upkeep
|
|t:|1779622027
|switch|p2a: Raging Bolt|Raging Bolt|100/100
|-enditem|p2a: Raging Bolt|Booster Energy
|-activate|p2a: Raging Bolt|ability: Protosynthesis|[fromitem]
|-start|p2a: Raging Bolt|protosynthesisspa
|turn|12
|
|t:|1779622032
|move|p2a: Raging Bolt|Thunderbolt|p1a: Hatterene
|-crit|p1a: Hatterene
|-damage|p1a: Hatterene|0 fnt
|faint|p1a: Hatterene
|
|upkeep
|
|t:|1779622038
|switch|p1a: Crabominable|Crabominable, F|100/100
|turn|13
|
|t:|1779622041
|move|p2a: Raging Bolt|Thunderbolt|p1a: Crabominable
|-damage|p1a: Crabominable|17/100
|move|p1a: Crabominable|Ice Hammer|p2a: Raging Bolt
|-supereffective|p2a: Raging Bolt
|-damage|p2a: Raging Bolt|0 fnt
|-unboost|p1a: Crabominable|spe|1
|faint|p2a: Raging Bolt
|-end|p2a: Raging Bolt|Protosynthesis|[silent]
|-damage|p1a: Crabominable|7/100|[from] item: Life Orb
|
|upkeep
|
|t:|1779622046
|switch|p2a: Cinderace|Cinderace, F|100/100
|turn|14
|
|t:|1779622049
|move|p2a: Cinderace|U-turn|p1a: Crabominable
|-start|p2a: Cinderace|typechange|Bug|[from] ability: Libero
|-resisted|p1a: Crabominable
|-damage|p1a: Crabominable|0 fnt
|faint|p1a: Crabominable
|
|t:|1779622054
|switch|p2a: Rotom|Rotom-Wash|100/100|[from] U-turn
|
|upkeep
|
|t:|1779622066
|switch|p1a: Iron Hands|Iron Hands, tera:Fighting|88/100
|turn|15
|
|t:|1779622070
|move|p2a: Rotom|Will-O-Wisp|p1a: Iron Hands
|-status|p1a: Iron Hands|brn
|move|p1a: Iron Hands|Close Combat|p2a: Rotom
|-damage|p2a: Rotom|62/100
|-unboost|p1a: Iron Hands|def|1
|-unboost|p1a: Iron Hands|spd|1
|
|-heal|p2a: Rotom|68/100|[from] item: Leftovers
|-damage|p1a: Iron Hands|82/100 brn|[from] brn
|upkeep
|turn|16
|
|t:|1779622082
|move|p2a: Rotom|Discharge|p1a: Iron Hands
|-damage|p1a: Iron Hands|41/100 brn
|move|p1a: Iron Hands|Close Combat|p2a: Rotom
|-damage|p2a: Rotom|25/100
|-unboost|p1a: Iron Hands|def|1
|-unboost|p1a: Iron Hands|spd|1
|
|-heal|p2a: Rotom|31/100|[from] item: Leftovers
|-damage|p1a: Iron Hands|35/100 brn|[from] brn
|upkeep
|turn|17
|
|t:|1779622087
|move|p2a: Rotom|Discharge|p1a: Iron Hands
|-damage|p1a: Iron Hands|0 fnt
|faint|p1a: Iron Hands
|-end|p1a: Iron Hands|Quark Drive|[silent]
|
|-heal|p2a: Rotom|38/100|[from] item: Leftovers
|upkeep
|
|t:|1779622089
|switch|p1a: Kingambit|Kingambit, F|100/100
|-activate|p1a: Kingambit|ability: Supreme Overlord
|-start|p1a: Kingambit|fallen5|[silent]
|turn|18
|
|t:|1779622094
|move|p2a: Rotom|Will-O-Wisp|p1a: Kingambit
|-status|p1a: Kingambit|brn
|move|p1a: Kingambit|Swords Dance|p1a: Kingambit
|-boost|p1a: Kingambit|atk|2
|
|-heal|p2a: Rotom|44/100|[from] item: Leftovers
|-damage|p1a: Kingambit|94/100 brn|[from] brn
|upkeep
|turn|19
|
|t:|1779622098
|move|p2a: Rotom|Pain Split|p1a: Kingambit
|-sethp|p1a: Kingambit|64/100 brn|[from] move: Pain Split|[silent]
|-sethp|p2a: Rotom|84/100|[from] move: Pain Split
|move|p1a: Kingambit|Swords Dance|p1a: Kingambit
|-boost|p1a: Kingambit|atk|2
|
|-heal|p2a: Rotom|91/100|[from] item: Leftovers
|-damage|p1a: Kingambit|57/100 brn|[from] brn
|upkeep
|turn|20
|
|t:|1779622105
|move|p2a: Rotom|Hydro Pump|p1a: Kingambit
|-damage|p1a: Kingambit|16/100 brn
|move|p1a: Kingambit|Kowtow Cleave|p2a: Rotom
|-damage|p2a: Rotom|0 fnt
|faint|p2a: Rotom
|-damage|p1a: Kingambit|6/100 brn|[from] item: Life Orb
|
|-damage|p1a: Kingambit|0 fnt|[from] brn
|faint|p1a: Kingambit
|-end|p1a: Kingambit|fallen5|[silent]
|
|win|parkiay
|raw|I am a guineapig's rating: 1482 &rarr; <strong>1461</strong><br />(-21 for losing)
|raw|parkiay's rating: 1456 &rarr; <strong>1477</strong><br />(+21 for winning)
|l|☆I am a guineapig
|player|p1|
|c|☆parkiay|gg
|c|☆parkiay|wp
|l|☆parkiay
|player|p2|
