|inactive|Battle timer is ON: inactive players will automatically lose when time's up.
|t:|1779567181
|gametype|singles
|player|p1|Ninja|#scl5shoguns2|
|player|p2|crispy3|101|
|gen|9
|tier|[Gen 9] OU
|rule|HP Percentage Mod: HP is shown in percentages
|rule|Endless Battle Clause: Forcing endless battles is banned
|rule|Species Clause: Limit one of each Pokémon
|rule|OHKO Clause: OHKO moves are banned
|rule|Evasion Items Clause: Evasion items are banned
|rule|Evasion Moves Clause: Evasion moves are banned
|rule|Evasion Abilities Clause: Evasion abilities are banned
|rule|Sleep Moves Clause: Sleep-inducing moves are banned
|clearpoke
|poke|p1|Serperior, F|
|poke|p1|Kingambit, F|
|poke|p1|Corviknight, M|
|poke|p1|Landorus-Therian, M|
|poke|p1|Garganacl, F|
|poke|p1|Slowking-Galar, F|
|poke|p2|Ogerpon, F|
|poke|p2|Walking Wake|
|poke|p2|Blissey, F|
|poke|p2|Gliscor, M|
|poke|p2|Corviknight, F|
|poke|p2|Pecharunt|
|teampreview
|inactive|Ninja has 270 seconds left.
|inactive|crispy3 has 270 seconds left.
|inactive|Ninja has 240 seconds left.
|
|t:|1779567243
|teamsize|p1|6
|teamsize|p2|6
|start
|switch|p1a: Landorus|Landorus-Therian, M|100/100
|switch|p2a: Gliscor|Gliscor, M|100/100
|-ability|p1a: Landorus|Intimidate|boost
|-unboost|p2a: Gliscor|atk|1
|turn|1
|
|t:|1779567253
|move|p2a: Gliscor|Protect|p2a: Gliscor
|-singleturn|p2a: Gliscor|Protect
|move|p1a: Landorus|U-turn|p2a: Gliscor
|-activate|p2a: Gliscor|move: Protect
|
|-status|p2a: Gliscor|tox|[from] item: Toxic Orb
|upkeep
|turn|2
|
|t:|1779567259
|move|p1a: Landorus|U-turn|p2a: Gliscor
|-resisted|p2a: Gliscor
|-damage|p2a: Gliscor|91/100 tox
|
|t:|1779567268
|switch|p1a: Corviknight|Corviknight, M|100/100|[from] U-turn
|-ability|p1a: Corviknight|Pressure
|move|p2a: Gliscor|Spikes|p1a: Corviknight
|-sidestart|p1: Ninja|Spikes
|
|-heal|p2a: Gliscor|100/100 tox|[from] ability: Poison Heal
|upkeep
|turn|3
|
|t:|1779567283
|move|p2a: Gliscor|Spikes|p1a: Corviknight
|-sidestart|p1: Ninja|Spikes
|move|p1a: Corviknight|Defog|p2a: Gliscor
|-unboost|p2a: Gliscor|evasion|1
|-sideend|p1: Ninja|Spikes|[from] move: Defog|[of] p1a: Corviknight
|
|upkeep
|turn|4
|
|t:|1779567292
|move|p2a: Gliscor|Spikes|p1a: Corviknight
|-sidestart|p1: Ninja|Spikes
|move|p1a: Corviknight|U-turn|p2a: Gliscor
|-resisted|p2a: Gliscor
|-damage|p2a: Gliscor|95/100 tox
|
|t:|1779567296
|switch|p1a: Landorus|Landorus-Therian, M|100/100|[from] U-turn
|-ability|p1a: Landorus|Intimidate|boost
|-unboost|p2a: Gliscor|atk|1
|
|-heal|p2a: Gliscor|100/100 tox|[from] ability: Poison Heal
|upkeep
|turn|5
|
|t:|1779567310
|move|p2a: Gliscor|Protect|p2a: Gliscor
|-singleturn|p2a: Gliscor|Protect
|move|p1a: Landorus|U-turn|p2a: Gliscor
|-activate|p2a: Gliscor|move: Protect
|
|upkeep
|turn|6
|
|t:|1779567319
|move|p1a: Landorus|U-turn|p2a: Gliscor
|-resisted|p2a: Gliscor
|-damage|p2a: Gliscor|90/100 tox
|
|t:|1779567323
|switch|p1a: Corviknight|Corviknight, M|100/100|[from] U-turn
|-ability|p1a: Corviknight|Pressure
|move|p2a: Gliscor|Spikes|p1a: Corviknight
|-sidestart|p1: Ninja|Spikes
|
|-heal|p2a: Gliscor|100/100 tox|[from] ability: Poison Heal
|upkeep
|turn|7
|
|t:|1779567343
|switch|p2a: Ogerpon|Ogerpon, F|100/100
|move|p1a: Corviknight|Defog|p2a: Ogerpon
|-unboost|p2a: Ogerpon|evasion|1
|-ability|p2a: Ogerpon|Defiant|boost
|-boost|p2a: Ogerpon|atk|2
|-sideend|p1: Ninja|Spikes|[from] move: Defog|[of] p1a: Corviknight
|
|upkeep
|turn|8
|
|t:|1779567363
|move|p2a: Ogerpon|Encore|p1a: Corviknight
|-start|p1a: Corviknight|Encore
|move|p1a: Corviknight|Defog|p2a: Ogerpon
|-unboost|p2a: Ogerpon|evasion|1
|-ability|p2a: Ogerpon|Defiant|boost
|-boost|p2a: Ogerpon|atk|2
|
|upkeep
|turn|9
|inactive|crispy3 has 270 seconds left.
|
|t:|1779567405
|switch|p1a: Serperior|Serperior, F|100/100
|move|p2a: Ogerpon|Knock Off|p1a: Serperior
|-damage|p1a: Serperior|0 fnt
|-damage|p2a: Ogerpon|84/100|[from] item: Rocky Helmet|[of] p1a: Serperior
|-enditem|p1a: Serperior|Rocky Helmet|[from] move: Knock Off|[of] p2a: Ogerpon
|faint|p1a: Serperior
|
|upkeep
|
|t:|1779567411
|switch|p1a: Corviknight|Corviknight, M|100/100
|-ability|p1a: Corviknight|Pressure
|turn|10
|inactive|crispy3 has 270 seconds left.
|
|t:|1779567423
|move|p2a: Ogerpon|Knock Off|p1a: Corviknight
|-damage|p1a: Corviknight|37/100
|-damage|p2a: Ogerpon|67/100|[from] item: Rocky Helmet|[of] p1a: Corviknight
|-enditem|p1a: Corviknight|Rocky Helmet|[from] move: Knock Off|[of] p2a: Ogerpon
|move|p1a: Corviknight|U-turn|p2a: Ogerpon
|-supereffective|p2a: Ogerpon
|-damage|p2a: Ogerpon|29/100
|
|t:|1779567428
|switch|p1a: Kingambit|Kingambit, F|100/100|[from] U-turn
|-activate|p1a: Kingambit|ability: Supreme Overlord
|-start|p1a: Kingambit|fallen1|[silent]
|
|upkeep
|turn|11
|
|t:|1779567435
|switch|p2a: Corviknight|Corviknight, F|100/100
|-ability|p2a: Corviknight|Pressure
|move|p1a: Kingambit|Kowtow Cleave|p2a: Corviknight
|-damage|p2a: Corviknight|62/100
|
|upkeep
|turn|12
|inactive|crispy3 has 270 seconds left.
|
|t:|1779567459
|-end|p1a: Kingambit|fallen1|[silent]
|switch|p1a: Corviknight|Corviknight, M|37/100
|-ability|p1a: Corviknight|Pressure
|move|p2a: Corviknight|U-turn|p1a: Corviknight
|-resisted|p1a: Corviknight
|-damage|p1a: Corviknight|35/100
|
|t:|1779567466
|switch|p2a: Walking Wake|Walking Wake|100/100|[from] U-turn
|
|upkeep
|turn|13
|inactive|crispy3 has 270 seconds left.
|
|t:|1779567482
|switch|p1a: Slowking|Slowking-Galar, F|100/100
|move|p2a: Walking Wake|Surf|p1a: Slowking
|-damage|p1a: Slowking|80/100
|
|upkeep
|turn|14
|
|t:|1779567503
|move|p2a: Walking Wake|Knock Off|p1a: Slowking
|-supereffective|p1a: Slowking
|-damage|p1a: Slowking|55/100
|-enditem|p1a: Slowking|Assault Vest|[from] move: Knock Off|[of] p2a: Walking Wake
|move|p1a: Slowking|Sludge Bomb|p2a: Walking Wake
|-damage|p2a: Walking Wake|62/100
|-status|p2a: Walking Wake|psn
|
|-damage|p2a: Walking Wake|50/100 psn|[from] psn
|upkeep
|turn|15
|
|t:|1779567513
|move|p2a: Walking Wake|Flip Turn|p1a: Slowking
|-damage|p1a: Slowking|42/100
|
|t:|1779567519
|-end|p2a: Walking Wake|Protosynthesis|[silent]
|switch|p2a: Blissey|Blissey, F|100/100|[from] Flip Turn
|move|p1a: Slowking|Sludge Bomb|p2a: Blissey
|-damage|p2a: Blissey|90/100
|-status|p2a: Blissey|psn
|
|-damage|p2a: Blissey|77/100 psn|[from] psn
|upkeep
|turn|16
|
|t:|1779567527
|switch|p1a: Corviknight|Corviknight, M|35/100
|-ability|p1a: Corviknight|Pressure
|move|p2a: Blissey|Stealth Rock|p1a: Corviknight
|-sidestart|p1: Ninja|move: Stealth Rock
|
|-damage|p2a: Blissey|65/100 psn|[from] psn
|upkeep
|turn|17
|inactive|crispy3 has 240 seconds left.
|
|t:|1779567582
|-curestatus|p2a: Blissey|psn|[from] ability: Natural Cure|[silent]
|switch|p2a: Corviknight|Corviknight, F|62/100
|-ability|p2a: Corviknight|Pressure
|move|p1a: Corviknight|Roost|p1a: Corviknight
|-heal|p1a: Corviknight|85/100
|-singleturn|p1a: Corviknight|move: Roost
|
|upkeep
|turn|18
|
|t:|1779567596
|move|p2a: Corviknight|U-turn|p1a: Corviknight
|-resisted|p1a: Corviknight
|-damage|p1a: Corviknight|82/100
|
|t:|1779567602
|switch|p2a: Gliscor|Gliscor, M|100/100 tox|[from] U-turn
|move|p1a: Corviknight|Defog|p2a: Gliscor
|-unboost|p2a: Gliscor|evasion|1
|-sideend|p1: Ninja|Stealth Rock|[from] move: Defog|[of] p1a: Corviknight
|
|upkeep
|turn|19
|
|t:|1779567607
|move|p2a: Gliscor|Spikes|p1a: Corviknight
|-sidestart|p1: Ninja|Spikes
|move|p1a: Corviknight|U-turn|p2a: Gliscor
|-resisted|p2a: Gliscor
|-damage|p2a: Gliscor|95/100 tox
|
|t:|1779567610
|switch|p1a: Slowking|Slowking-Galar, F|75/100|[from] U-turn
|-damage|p1a: Slowking|63/100|[from] Spikes
|
|-heal|p2a: Gliscor|100/100 tox|[from] ability: Poison Heal
|upkeep
|turn|20
|inactive|crispy3 has 210 seconds left.
|inactive|crispy3 has 180 seconds left.
|inactive|crispy3 has 150 seconds left.
|
|t:|1779567702
|switch|p1a: Corviknight|Corviknight, M|82/100
|-ability|p1a: Corviknight|Pressure
|move|p2a: Gliscor|Earthquake|p1a: Corviknight
|-immune|p1a: Corviknight
|
|upkeep
|turn|21
|inactive|crispy3 has 150 seconds left.
|
|t:|1779567719
|switch|p2a: Ogerpon|Ogerpon, F|29/100
|move|p1a: Corviknight|U-turn|p2a: Ogerpon
|-supereffective|p2a: Ogerpon
|-damage|p2a: Ogerpon|0 fnt
|faint|p2a: Ogerpon
|
|t:|1779567728
|switch|p1a: Slowking|Slowking-Galar, F|96/100|[from] U-turn
|-damage|p1a: Slowking|83/100|[from] Spikes
|
|upkeep
|inactive|crispy3 has 120 seconds left.
|
|t:|1779567761
|switch|p2a: Blissey|Blissey, F|65/100
|turn|22
|inactive|crispy3 has 120 seconds left.
|
|t:|1779567772
|move|p2a: Blissey|Stealth Rock|p1a: Slowking
|-sidestart|p1: Ninja|move: Stealth Rock
|move|p1a: Slowking|Sludge Bomb|p2a: Blissey
|-damage|p2a: Blissey|54/100
|
|upkeep
|turn|23
|
|t:|1779567778
|switch|p1a: Corviknight|Corviknight, M|82/100
|-damage|p1a: Corviknight|70/100|[from] Stealth Rock
|-ability|p1a: Corviknight|Pressure
|move|p2a: Blissey|Seismic Toss|p1a: Corviknight
|-damage|p1a: Corviknight|45/100
|
|upkeep
|turn|24
|
|t:|1779567784
|move|p1a: Corviknight|Roost|p1a: Corviknight
|-heal|p1a: Corviknight|95/100
|-singleturn|p1a: Corviknight|move: Roost
|move|p2a: Blissey|Soft-Boiled|p2a: Blissey
|-heal|p2a: Blissey|100/100
|
|upkeep
|turn|25
|
|t:|1779567789
|move|p1a: Corviknight|Defog|p2a: Blissey
|-unboost|p2a: Blissey|evasion|1
|-sideend|p1: Ninja|Spikes|[from] move: Defog|[of] p1a: Corviknight
|-sideend|p1: Ninja|Stealth Rock|[from] move: Defog|[of] p1a: Corviknight
|move|p2a: Blissey|Seismic Toss|p1a: Corviknight
|-damage|p1a: Corviknight|70/100
|
|upkeep
|turn|26
|
|t:|1779567797
|move|p1a: Corviknight|Body Press|p2a: Blissey
|-supereffective|p2a: Blissey
|-damage|p2a: Blissey|56/100
|move|p2a: Blissey|Stealth Rock|p1a: Corviknight
|-sidestart|p1: Ninja|move: Stealth Rock
|
|upkeep
|turn|27
|inactive|crispy3 has 150 seconds left.
|
|t:|1779567818
|switch|p2a: Corviknight|Corviknight, F|62/100
|-ability|p2a: Corviknight|Pressure
|move|p1a: Corviknight|Body Press|p2a: Corviknight
|-damage|p2a: Corviknight|47/100
|
|upkeep
|turn|28
|
|t:|1779567834
|move|p2a: Corviknight|Roost|p2a: Corviknight
|-heal|p2a: Corviknight|97/100
|-singleturn|p2a: Corviknight|move: Roost
|move|p1a: Corviknight|Defog|p2a: Corviknight
|-unboost|p2a: Corviknight|evasion|1
|-sideend|p1: Ninja|Stealth Rock|[from] move: Defog|[of] p1a: Corviknight
|
|upkeep
|turn|29
|
|t:|1779567841
|switch|p2a: Gliscor|Gliscor, M|100/100 tox
|move|p1a: Corviknight|U-turn|p2a: Gliscor
|-resisted|p2a: Gliscor
|-damage|p2a: Gliscor|95/100 tox
|
|t:|1779567849
|switch|p1a: Landorus|Landorus-Therian, M|100/100|[from] U-turn
|-ability|p1a: Landorus|Intimidate|boost
|-unboost|p2a: Gliscor|atk|1
|
|-heal|p2a: Gliscor|100/100 tox|[from] ability: Poison Heal
|upkeep
|turn|30
|
|t:|1779567857
|move|p1a: Landorus|U-turn|p2a: Gliscor
|-resisted|p2a: Gliscor
|-damage|p2a: Gliscor|90/100 tox
|
|t:|1779567859
|switch|p1a: Corviknight|Corviknight, M|70/100|[from] U-turn
|-ability|p1a: Corviknight|Pressure
|move|p2a: Gliscor|Spikes|p1a: Corviknight
|-sidestart|p1: Ninja|Spikes
|
|-heal|p2a: Gliscor|100/100 tox|[from] ability: Poison Heal
|upkeep
|turn|31
|
|t:|1779567863
|switch|p2a: Corviknight|Corviknight, F|97/100
|-ability|p2a: Corviknight|Pressure
|move|p1a: Corviknight|U-turn|p2a: Corviknight
|-resisted|p2a: Corviknight
|-damage|p2a: Corviknight|95/100
|
|t:|1779567872
|switch|p1a: Garganacl|Garganacl, F|100/100|[from] U-turn
|-damage|p1a: Garganacl|88/100|[from] Spikes
|
|-heal|p1a: Garganacl|94/100|[from] item: Leftovers
|upkeep
|turn|32
|
|t:|1779567876
|move|p2a: Corviknight|U-turn|p1a: Garganacl
|-damage|p1a: Garganacl|84/100
|
|t:|1779567879
|switch|p2a: Gliscor|Gliscor, M|100/100 tox|[from] U-turn
|move|p1a: Garganacl|Salt Cure|p2a: Gliscor
|-damage|p2a: Gliscor|89/100 tox
|-start|p2a: Gliscor|Salt Cure
|
|-heal|p1a: Garganacl|91/100|[from] item: Leftovers
|-heal|p2a: Gliscor|100/100 tox|[from] ability: Poison Heal
|-damage|p2a: Gliscor|88/100 tox|[from] Salt Cure
|upkeep
|turn|33
|
|t:|1779567891
|switch|p2a: Pecharunt|Pecharunt|100/100
|switch|p1a: Corviknight|Corviknight, M|70/100
|-ability|p1a: Corviknight|Pressure
|
|upkeep
|turn|34
|
|t:|1779567896
|switch|p2a: Corviknight|Corviknight, F|95/100
|-ability|p2a: Corviknight|Pressure
|switch|p1a: Garganacl|Garganacl, F|91/100
|-damage|p1a: Garganacl|78/100|[from] Spikes
|
|-heal|p1a: Garganacl|84/100|[from] item: Leftovers
|upkeep
|turn|35
|
|t:|1779567900
|move|p2a: Corviknight|U-turn|p1a: Garganacl
|-damage|p1a: Garganacl|74/100
|
|t:|1779567903
|switch|p2a: Gliscor|Gliscor, M|88/100 tox|[from] U-turn
|move|p1a: Garganacl|Curse|p1a: Garganacl
|-unboost|p1a: Garganacl|spe|1
|-boost|p1a: Garganacl|atk|1
|-boost|p1a: Garganacl|def|1
|
|-heal|p1a: Garganacl|80/100|[from] item: Leftovers
|-heal|p2a: Gliscor|100/100 tox|[from] ability: Poison Heal
|upkeep
|turn|36
|inactive|crispy3 has 210 seconds left.
|inactive|crispy3 has 180 seconds left.
|inactive|crispy3 has 150 seconds left.
|
|t:|1779567991
|switch|p1a: Corviknight|Corviknight, M|70/100
|-ability|p1a: Corviknight|Pressure
|move|p2a: Gliscor|Earthquake|p1a: Corviknight
|-immune|p1a: Corviknight
|
|upkeep
|turn|37
|
|t:|1779567996
|switch|p2a: Corviknight|Corviknight, F|95/100
|-ability|p2a: Corviknight|Pressure
|move|p1a: Corviknight|Defog|p2a: Corviknight
|-unboost|p2a: Corviknight|evasion|1
|-sideend|p1: Ninja|Spikes|[from] move: Defog|[of] p1a: Corviknight
|
|upkeep
|turn|38
|
|t:|1779567999
|move|p2a: Corviknight|U-turn|p1a: Corviknight
|-resisted|p1a: Corviknight
|-damage|p1a: Corviknight|68/100
|
|t:|1779568001
|switch|p2a: Gliscor|Gliscor, M|100/100 tox|[from] U-turn
|move|p1a: Corviknight|U-turn|p2a: Gliscor
|-resisted|p2a: Gliscor
|-damage|p2a: Gliscor|95/100 tox
|
|t:|1779568004
|switch|p1a: Slowking|Slowking-Galar, F|100/100|[from] U-turn
|
|-heal|p2a: Gliscor|100/100 tox|[from] ability: Poison Heal
|upkeep
|turn|39
|
|t:|1779568013
|switch|p2a: Blissey|Blissey, F|56/100
|move|p1a: Slowking|Ice Beam|p2a: Blissey
|-damage|p2a: Blissey|50/100
|
|upkeep
|turn|40
|
|t:|1779568024
|move|p2a: Blissey|Soft-Boiled|p2a: Blissey
|-heal|p2a: Blissey|99/100
|move|p1a: Slowking|Psyshock|p2a: Blissey
|-damage|p2a: Blissey|70/100
|
|upkeep
|turn|41
|
|t:|1779568031
|switch|p1a: Garganacl|Garganacl, F|80/100
|move|p2a: Blissey|Stealth Rock|p1a: Garganacl
|-sidestart|p1: Ninja|move: Stealth Rock
|
|-heal|p1a: Garganacl|86/100|[from] item: Leftovers
|upkeep
|turn|42
|
|t:|1779568037
|switch|p2a: Gliscor|Gliscor, M|100/100 tox
|move|p1a: Garganacl|Curse|p1a: Garganacl
|-unboost|p1a: Garganacl|spe|1
|-boost|p1a: Garganacl|atk|1
|-boost|p1a: Garganacl|def|1
|
|-heal|p1a: Garganacl|92/100|[from] item: Leftovers
|upkeep
|turn|43
|
|t:|1779568045
|move|p2a: Gliscor|Earthquake|p1a: Garganacl
|-supereffective|p1a: Garganacl
|-damage|p1a: Garganacl|65/100
|move|p1a: Garganacl|Salt Cure|p2a: Gliscor
|-damage|p2a: Gliscor|83/100 tox
|-start|p2a: Gliscor|Salt Cure
|
|-heal|p1a: Garganacl|71/100|[from] item: Leftovers
|-heal|p2a: Gliscor|96/100 tox|[from] ability: Poison Heal
|-damage|p2a: Gliscor|83/100 tox|[from] Salt Cure
|upkeep
|turn|44
|
|t:|1779568049
|switch|p2a: Walking Wake|Walking Wake|50/100 psn
|move|p1a: Garganacl|Recover|p1a: Garganacl
|-heal|p1a: Garganacl|100/100
|
|-damage|p2a: Walking Wake|37/100 psn|[from] psn
|upkeep
|turn|45
|inactive|crispy3 has 210 seconds left.
|
|t:|1779568076
|switch|p1a: Slowking|Slowking-Galar, F|100/100
|-damage|p1a: Slowking|88/100|[from] Stealth Rock
|move|p2a: Walking Wake|Flip Turn|p1a: Slowking
|-damage|p1a: Slowking|75/100
|inactive|crispy3 has 180 seconds left.
|
|t:|1779568110
|-end|p2a: Walking Wake|Protosynthesis|[silent]
|switch|p2a: Gliscor|Gliscor, M|83/100 tox|[from] Flip Turn
|
|-heal|p2a: Gliscor|96/100 tox|[from] ability: Poison Heal
|upkeep
|turn|46
|
|t:|1779568113
|switch|p1a: Corviknight|Corviknight, M|68/100
|-damage|p1a: Corviknight|55/100|[from] Stealth Rock
|-ability|p1a: Corviknight|Pressure
|move|p2a: Gliscor|Earthquake|p1a: Corviknight
|-immune|p1a: Corviknight
|
|-heal|p2a: Gliscor|100/100 tox|[from] ability: Poison Heal
|upkeep
|turn|47
|
|t:|1779568118
|switch|p2a: Corviknight|Corviknight, F|95/100
|-ability|p2a: Corviknight|Pressure
|move|p1a: Corviknight|Defog|p2a: Corviknight
|-unboost|p2a: Corviknight|evasion|1
|-sideend|p1: Ninja|Stealth Rock|[from] move: Defog|[of] p1a: Corviknight
|
|upkeep
|turn|48
|
|t:|1779568120
|move|p2a: Corviknight|U-turn|p1a: Corviknight
|-resisted|p1a: Corviknight
|-damage|p1a: Corviknight|53/100
|
|t:|1779568127
|switch|p2a: Gliscor|Gliscor, M|100/100 tox|[from] U-turn
|move|p1a: Corviknight|Roost|p1a: Corviknight
|-heal|p1a: Corviknight|100/100
|-singleturn|p1a: Corviknight|move: Roost
|
|upkeep
|turn|49
|
|t:|1779568131
|move|p2a: Gliscor|Spikes|p1a: Corviknight
|-sidestart|p1: Ninja|Spikes
|move|p1a: Corviknight|U-turn|p2a: Gliscor
|-resisted|p2a: Gliscor
|-damage|p2a: Gliscor|95/100 tox
|
|t:|1779568134
|switch|p1a: Landorus|Landorus-Therian, M|100/100|[from] U-turn
|-ability|p1a: Landorus|Intimidate|boost
|-unboost|p2a: Gliscor|atk|1
|
|-heal|p2a: Gliscor|100/100 tox|[from] ability: Poison Heal
|upkeep
|turn|50
|
|t:|1779568137
|move|p1a: Landorus|Stealth Rock|p2a: Gliscor
|-sidestart|p2: crispy3|move: Stealth Rock
|move|p2a: Gliscor|Spikes|p1a: Landorus
|-sidestart|p1: Ninja|Spikes
|
|upkeep
|turn|51
|
|t:|1779568157
|switch|p1a: Corviknight|Corviknight, M|100/100
|-ability|p1a: Corviknight|Pressure
|switch|p2a: Corviknight|Corviknight, F|95/100
|-ability|p2a: Corviknight|Pressure
|
|upkeep
|turn|52
|
|t:|1779568175
|move|p2a: Corviknight|Body Press|p1a: Corviknight
|-damage|p1a: Corviknight|82/100
|move|p1a: Corviknight|U-turn|p2a: Corviknight
|-resisted|p2a: Corviknight
|-damage|p2a: Corviknight|93/100
|
|t:|1779568179
|switch|p1a: Landorus|Landorus-Therian, M|100/100|[from] U-turn
|-ability|p1a: Landorus|Intimidate|boost
|-unboost|p2a: Corviknight|atk|1
|
|upkeep
|turn|53
|inactive|crispy3 has 210 seconds left.
|
|t:|1779568213
|switch|p2a: Gliscor|Gliscor, M|100/100 tox
|-damage|p2a: Gliscor|88/100 tox|[from] Stealth Rock
|move|p1a: Landorus|U-turn|p2a: Gliscor
|-resisted|p2a: Gliscor
|-damage|p2a: Gliscor|78/100 tox
|
|t:|1779568222
|switch|p1a: Corviknight|Corviknight, M|82/100|[from] U-turn
|-ability|p1a: Corviknight|Pressure
|
|-heal|p2a: Gliscor|90/100 tox|[from] ability: Poison Heal
|upkeep
|turn|54
|
|t:|1779568229
|switch|p2a: Corviknight|Corviknight, F|93/100
|-ability|p2a: Corviknight|Pressure
|move|p1a: Corviknight|U-turn|p2a: Corviknight
|-resisted|p2a: Corviknight
|-damage|p2a: Corviknight|91/100
|
|t:|1779568234
|switch|p1a: Slowking|Slowking-Galar, F|100/100|[from] U-turn
|-damage|p1a: Slowking|84/100|[from] Spikes
|
|upkeep
|turn|55
|
|t:|1779568240
|move|p2a: Corviknight|U-turn|p1a: Slowking
|-damage|p1a: Slowking|73/100
|
|t:|1779568243
|switch|p2a: Blissey|Blissey, F|70/100|[from] U-turn
|move|p1a: Slowking|Sludge Bomb|p2a: Blissey
|-damage|p2a: Blissey|58/100
|
|upkeep
|turn|56
|
|t:|1779568246
|move|p2a: Blissey|Stealth Rock|p1a: Slowking
|-sidestart|p1: Ninja|move: Stealth Rock
|move|p1a: Slowking|Sludge Bomb|p2a: Blissey
|-damage|p2a: Blissey|49/100
|
|upkeep
|turn|57
|
|t:|1779568249
|move|p2a: Blissey|Soft-Boiled|p2a: Blissey
|-heal|p2a: Blissey|99/100
|move|p1a: Slowking|Sludge Bomb|p2a: Blissey
|-damage|p2a: Blissey|89/100
|
|upkeep
|turn|58
|
|t:|1779568256
|move|p2a: Blissey|Seismic Toss|p1a: Slowking
|-damage|p1a: Slowking|47/100
|move|p1a: Slowking|Psyshock|p2a: Blissey
|-damage|p2a: Blissey|56/100
|
|upkeep
|turn|59
|
|t:|1779568260
|move|p2a: Blissey|Seismic Toss|p1a: Slowking
|-damage|p1a: Slowking|22/100
|move|p1a: Slowking|Sludge Bomb|p2a: Blissey
|-damage|p2a: Blissey|47/100
|-status|p2a: Blissey|psn
|
|-damage|p2a: Blissey|34/100 psn|[from] psn
|upkeep
|turn|60
|
|t:|1779568264
|switch|p1a: Corviknight|Corviknight, M|82/100
|-damage|p1a: Corviknight|69/100|[from] Stealth Rock
|-ability|p1a: Corviknight|Pressure
|move|p2a: Blissey|Soft-Boiled|p2a: Blissey
|-heal|p2a: Blissey|84/100 psn
|
|-damage|p2a: Blissey|72/100 psn|[from] psn
|upkeep
|turn|61
|
|t:|1779568266
|-curestatus|p2a: Blissey|psn|[from] ability: Natural Cure|[silent]
|switch|p2a: Corviknight|Corviknight, F|91/100
|-ability|p2a: Corviknight|Pressure
|move|p1a: Corviknight|Defog|p2a: Corviknight
|-unboost|p2a: Corviknight|evasion|1
|-sideend|p2: crispy3|Stealth Rock|[from] move: Defog|[of] p1a: Corviknight
|-sideend|p1: Ninja|Spikes|[from] move: Defog|[of] p1a: Corviknight
|-sideend|p1: Ninja|Stealth Rock|[from] move: Defog|[of] p1a: Corviknight
|
|upkeep
|turn|62
|
|t:|1779568271
|move|p2a: Corviknight|U-turn|p1a: Corviknight
|-resisted|p1a: Corviknight
|-damage|p1a: Corviknight|67/100
|
|t:|1779568284
|switch|p2a: Gliscor|Gliscor, M|90/100 tox|[from] U-turn
|move|p1a: Corviknight|U-turn|p2a: Gliscor
|-resisted|p2a: Gliscor
|-damage|p2a: Gliscor|85/100 tox
|
|t:|1779568300
|switch|p1a: Slowking|Slowking-Galar, F|55/100|[from] U-turn
|
|-heal|p2a: Gliscor|97/100 tox|[from] ability: Poison Heal
|upkeep
|turn|63
|
|t:|1779568311
|switch|p1a: Corviknight|Corviknight, M|67/100
|-ability|p1a: Corviknight|Pressure
|move|p2a: Gliscor|Spikes|p1a: Corviknight
|-sidestart|p1: Ninja|Spikes
|
|-heal|p2a: Gliscor|100/100 tox|[from] ability: Poison Heal
|upkeep
|turn|64
|
|t:|1779568319
|move|p2a: Gliscor|Spikes|p1a: Corviknight
|-sidestart|p1: Ninja|Spikes
|move|p1a: Corviknight|Body Press|p2a: Gliscor
|-resisted|p2a: Gliscor
|-damage|p2a: Gliscor|91/100 tox
|
|-heal|p2a: Gliscor|100/100 tox|[from] ability: Poison Heal
|upkeep
|turn|65
|
|t:|1779568322
|move|p2a: Gliscor|Spikes|p1a: Corviknight
|-sidestart|p1: Ninja|Spikes
|move|p1a: Corviknight|Body Press|p2a: Gliscor
|-resisted|p2a: Gliscor
|-damage|p2a: Gliscor|91/100 tox
|
|-heal|p2a: Gliscor|100/100 tox|[from] ability: Poison Heal
|upkeep
|turn|66
|
|t:|1779568327
|switch|p2a: Corviknight|Corviknight, F|91/100
|-ability|p2a: Corviknight|Pressure
|move|p1a: Corviknight|Defog|p2a: Corviknight
|-unboost|p2a: Corviknight|evasion|1
|-sideend|p1: Ninja|Spikes|[from] move: Defog|[of] p1a: Corviknight
|
|upkeep
|turn|67
|
|t:|1779568331
|move|p2a: Corviknight|U-turn|p1a: Corviknight
|-resisted|p1a: Corviknight
|-damage|p1a: Corviknight|65/100
|
|t:|1779568332
|switch|p2a: Gliscor|Gliscor, M|100/100 tox|[from] U-turn
|move|p1a: Corviknight|U-turn|p2a: Gliscor
|-resisted|p2a: Gliscor
|-damage|p2a: Gliscor|95/100 tox
|
|t:|1779568335
|switch|p1a: Slowking|Slowking-Galar, F|89/100|[from] U-turn
|
|-heal|p2a: Gliscor|100/100 tox|[from] ability: Poison Heal
|upkeep
|turn|68
|inactive|crispy3 has 270 seconds left.
|
|t:|1779568379
|move|p2a: Gliscor|Earthquake|p1a: Slowking
|-supereffective|p1a: Slowking
|-damage|p1a: Slowking|39/100
|move|p1a: Slowking|Ice Beam|p2a: Gliscor
|-supereffective|p2a: Gliscor
|-damage|p2a: Gliscor|28/100 tox
|
|-heal|p2a: Gliscor|41/100 tox|[from] ability: Poison Heal
|upkeep
|turn|69
|
|t:|1779568406
|switch|p1a: Landorus|Landorus-Therian, M|100/100
|-ability|p1a: Landorus|Intimidate|boost
|-unboost|p2a: Gliscor|atk|1
|move|p2a: Gliscor|Protect||[still]
|-fail|p2a: Gliscor
|
|-heal|p2a: Gliscor|53/100 tox|[from] ability: Poison Heal
|upkeep
|turn|70
|
|t:|1779568414
|move|p1a: Landorus|U-turn|p2a: Gliscor
|-resisted|p2a: Gliscor
|-damage|p2a: Gliscor|43/100 tox
|
|t:|1779568416
|switch|p1a: Slowking|Slowking-Galar, F|73/100|[from] U-turn
|move|p2a: Gliscor|Toxic|p1a: Slowking
|-immune|p1a: Slowking
|
|-heal|p2a: Gliscor|55/100 tox|[from] ability: Poison Heal
|upkeep
|turn|71
|
|t:|1779568423
|switch|p2a: Blissey|Blissey, F|72/100
|move|p1a: Slowking|Ice Beam|p2a: Blissey
|-damage|p2a: Blissey|65/100
|
|upkeep
|turn|72
|
|t:|1779568448
|switch|p1a: Kingambit|Kingambit, F|100/100
|-activate|p1a: Kingambit|ability: Supreme Overlord
|-start|p1a: Kingambit|fallen1|[silent]
|move|p2a: Blissey|Stealth Rock|p1a: Kingambit
|-sidestart|p1: Ninja|move: Stealth Rock
|
|upkeep
|turn|73
|inactive|crispy3 has 270 seconds left.
|
|t:|1779568474
|switch|p2a: Corviknight|Corviknight, F|91/100
|-ability|p2a: Corviknight|Pressure
|move|p1a: Kingambit|Kowtow Cleave|p2a: Corviknight
|-damage|p2a: Corviknight|53/100
|
|upkeep
|turn|74
|inactive|Ninja has 270 seconds left.
|
|t:|1779568491
|-end|p1a: Kingambit|fallen1|[silent]
|switch|p1a: Corviknight|Corviknight, M|65/100
|-damage|p1a: Corviknight|52/100|[from] Stealth Rock
|-ability|p1a: Corviknight|Pressure
|move|p2a: Corviknight|Roost|p2a: Corviknight
|-heal|p2a: Corviknight|100/100
|-singleturn|p2a: Corviknight|move: Roost
|
|upkeep
|turn|75
|
|t:|1779568498
|move|p2a: Corviknight|Body Press|p1a: Corviknight
|-damage|p1a: Corviknight|34/100
|move|p1a: Corviknight|Roost|p1a: Corviknight
|-heal|p1a: Corviknight|84/100
|-singleturn|p1a: Corviknight|move: Roost
|
|upkeep
|turn|76
|inactive|crispy3 has 240 seconds left.
|
|t:|1779568542
|move|p2a: Corviknight|Thief|p1a: Corviknight
|-damage|p1a: Corviknight|75/100
|move|p1a: Corviknight|Defog|p2a: Corviknight
|-unboost|p2a: Corviknight|evasion|1
|-sideend|p1: Ninja|Stealth Rock|[from] move: Defog|[of] p1a: Corviknight
|
|upkeep
|turn|77
|
|t:|1779568559
|move|p2a: Corviknight|U-turn|p1a: Corviknight
|-resisted|p1a: Corviknight
|-damage|p1a: Corviknight|73/100
|
|t:|1779568573
|switch|p2a: Gliscor|Gliscor, M|55/100 tox|[from] U-turn
|move|p1a: Corviknight|U-turn|p2a: Gliscor
|-resisted|p2a: Gliscor
|-damage|p2a: Gliscor|50/100 tox
|
|t:|1779568580
|switch|p1a: Slowking|Slowking-Galar, F|100/100|[from] U-turn
|
|-heal|p2a: Gliscor|62/100 tox|[from] ability: Poison Heal
|upkeep
|turn|78
|inactive|crispy3 has 240 seconds left.
|
|t:|1779568591
|move|p2a: Gliscor|Protect|p2a: Gliscor
|-singleturn|p2a: Gliscor|Protect
|move|p1a: Slowking|Ice Beam|p2a: Gliscor
|-activate|p2a: Gliscor|move: Protect
|
|-heal|p2a: Gliscor|75/100 tox|[from] ability: Poison Heal
|upkeep
|turn|79
|inactive|crispy3 has 240 seconds left.
|
|t:|1779568600
|switch|p2a: Blissey|Blissey, F|65/100
|move|p1a: Slowking|Sludge Bomb|p2a: Blissey
|-damage|p2a: Blissey|56/100
|
|upkeep
|turn|80
|
|t:|1779568607
|move|p2a: Blissey|Stealth Rock|p1a: Slowking
|-sidestart|p1: Ninja|move: Stealth Rock
|move|p1a: Slowking|Sludge Bomb|p2a: Blissey
|-damage|p2a: Blissey|45/100
|-status|p2a: Blissey|psn
|
|-damage|p2a: Blissey|33/100 psn|[from] psn
|upkeep
|turn|81
|
|t:|1779568619
|move|p2a: Blissey|Soft-Boiled|p2a: Blissey
|-heal|p2a: Blissey|83/100 psn
|move|p1a: Slowking|Psyshock|p2a: Blissey
|-damage|p2a: Blissey|52/100 psn
|
|-damage|p2a: Blissey|40/100 psn|[from] psn
|upkeep
|turn|82
|inactive|crispy3 has 240 seconds left.
|
|t:|1779568640
|-curestatus|p2a: Blissey|psn|[from] ability: Natural Cure|[silent]
|switch|p2a: Corviknight|Corviknight, F|100/100
|-ability|p2a: Corviknight|Pressure
|move|p1a: Slowking|Psyshock|p2a: Corviknight
|-resisted|p2a: Corviknight
|-damage|p2a: Corviknight|91/100
|
|upkeep
|turn|83
|
|t:|1779568645
|move|p2a: Corviknight|U-turn|p1a: Slowking
|-damage|p1a: Slowking|89/100
|
|t:|1779568652
|switch|p2a: Gliscor|Gliscor, M|75/100 tox|[from] U-turn
|move|p1a: Slowking|Flamethrower|p2a: Gliscor
|-damage|p2a: Gliscor|56/100 tox
|
|-heal|p2a: Gliscor|69/100 tox|[from] ability: Poison Heal
|upkeep
|turn|84
|
|t:|1779568672
|move|p2a: Gliscor|Protect|p2a: Gliscor
|-singleturn|p2a: Gliscor|Protect
|move|p1a: Slowking|Ice Beam|p2a: Gliscor
|-activate|p2a: Gliscor|move: Protect
|
|-heal|p2a: Gliscor|81/100 tox|[from] ability: Poison Heal
|upkeep
|turn|85
|inactive|crispy3 has 240 seconds left.
|
|t:|1779568696
|switch|p2a: Pecharunt|Pecharunt|100/100
|move|p1a: Slowking|Ice Beam|p2a: Pecharunt
|-damage|p2a: Pecharunt|76/100
|
|upkeep
|turn|86
|inactive|crispy3 has 240 seconds left.
|
|t:|1779568701
|move|p2a: Pecharunt|Parting Shot|p1a: Slowking
|-unboost|p1a: Slowking|atk|1
|-unboost|p1a: Slowking|spa|1
|inactive|crispy3 has 240 seconds left.
|
|t:|1779568706
|switch|p2a: Gliscor|Gliscor, M|81/100 tox|[from] Parting Shot
|move|p1a: Slowking|Psyshock|p2a: Gliscor
|-damage|p2a: Gliscor|66/100 tox
|
|-heal|p2a: Gliscor|79/100 tox|[from] ability: Poison Heal
|upkeep
|turn|87
|
|t:|1779568715
|switch|p1a: Corviknight|Corviknight, M|73/100
|-damage|p1a: Corviknight|60/100|[from] Stealth Rock
|-ability|p1a: Corviknight|Pressure
|move|p2a: Gliscor|Earthquake|p1a: Corviknight
|-immune|p1a: Corviknight
|
|-heal|p2a: Gliscor|91/100 tox|[from] ability: Poison Heal
|upkeep
|turn|88
|
|t:|1779568723
|move|p2a: Gliscor|Spikes|p1a: Corviknight
|-sidestart|p1: Ninja|Spikes
|move|p1a: Corviknight|Body Press|p2a: Gliscor
|-resisted|p2a: Gliscor
|-damage|p2a: Gliscor|83/100 tox
|
|-heal|p2a: Gliscor|95/100 tox|[from] ability: Poison Heal
|upkeep
|turn|89
|
|t:|1779568733
|switch|p2a: Corviknight|Corviknight, F|91/100
|-ability|p2a: Corviknight|Pressure
|move|p1a: Corviknight|Defog|p2a: Corviknight
|-unboost|p2a: Corviknight|evasion|1
|-sideend|p1: Ninja|Spikes|[from] move: Defog|[of] p1a: Corviknight
|-sideend|p1: Ninja|Stealth Rock|[from] move: Defog|[of] p1a: Corviknight
|
|upkeep
|turn|90
|
|t:|1779568739
|move|p2a: Corviknight|U-turn|p1a: Corviknight
|-resisted|p1a: Corviknight
|-damage|p1a: Corviknight|58/100
|
|t:|1779568746
|switch|p2a: Gliscor|Gliscor, M|95/100 tox|[from] U-turn
|move|p1a: Corviknight|U-turn|p2a: Gliscor
|-resisted|p2a: Gliscor
|-damage|p2a: Gliscor|90/100 tox
|
|t:|1779568752
|switch|p1a: Slowking|Slowking-Galar, F|100/100|[from] U-turn
|
|-heal|p2a: Gliscor|100/100 tox|[from] ability: Poison Heal
|upkeep
|turn|91
|
|t:|1779568773
|switch|p2a: Blissey|Blissey, F|40/100
|move|p1a: Slowking|Ice Beam|p2a: Blissey
|-damage|p2a: Blissey|33/100
|
|upkeep
|turn|92
|
|t:|1779568780
|switch|p1a: Landorus|Landorus-Therian, M|100/100
|-ability|p1a: Landorus|Intimidate|boost
|-unboost|p2a: Blissey|atk|1
|move|p2a: Blissey|Soft-Boiled|p2a: Blissey
|-heal|p2a: Blissey|83/100
|
|upkeep
|turn|93
|
|t:|1779568802
|switch|p2a: Gliscor|Gliscor, M|100/100 tox
|move|p1a: Landorus|Stealth Rock|p2a: Gliscor
|-sidestart|p2: crispy3|move: Stealth Rock
|
|upkeep
|turn|94
|
|t:|1779568812
|switch|p1a: Slowking|Slowking-Galar, F|100/100
|move|p2a: Gliscor|Spikes|p1a: Slowking
|-sidestart|p1: Ninja|Spikes
|
|upkeep
|turn|95
|
|t:|1779568822
|switch|p2a: Blissey|Blissey, F|83/100
|move|p1a: Slowking|Ice Beam|p2a: Blissey
|-damage|p2a: Blissey|76/100
|
|upkeep
|turn|96
|
|t:|1779568829
|move|p2a: Blissey|Stealth Rock|p1a: Slowking
|-sidestart|p1: Ninja|move: Stealth Rock
|move|p1a: Slowking|Psyshock|p2a: Blissey
|-damage|p2a: Blissey|43/100
|
|upkeep
|turn|97
|inactive|crispy3 has 270 seconds left.
|
|t:|1779568838
|switch|p2a: Corviknight|Corviknight, F|91/100
|-ability|p2a: Corviknight|Pressure
|move|p1a: Slowking|Sludge Bomb|p2a: Corviknight
|-immune|p2a: Corviknight
|
|upkeep
|turn|98
|
|t:|1779568844
|move|p2a: Corviknight|U-turn|p1a: Slowking
|-damage|p1a: Slowking|90/100
|
|t:|1779568849
|switch|p2a: Pecharunt|Pecharunt|76/100|[from] U-turn
|move|p1a: Slowking|Flamethrower|p2a: Pecharunt
|-damage|p2a: Pecharunt|53/100
|
|upkeep
|turn|99
|
|t:|1779568856
|move|p2a: Pecharunt|Recover|p2a: Pecharunt
|-heal|p2a: Pecharunt|100/100
|move|p1a: Slowking|Flamethrower|p2a: Pecharunt
|-damage|p2a: Pecharunt|78/100
|
|upkeep
|turn|100
|
|t:|1779568870
|move|p2a: Pecharunt|Parting Shot|p1a: Slowking
|-unboost|p1a: Slowking|atk|1
|-unboost|p1a: Slowking|spa|1
|
|t:|1779568872
|switch|p2a: Gliscor|Gliscor, M|100/100 tox|[from] Parting Shot
|-damage|p2a: Gliscor|88/100 tox|[from] Stealth Rock
|move|p1a: Slowking|Flamethrower|p2a: Gliscor
|-damage|p2a: Gliscor|76/100 tox
|
|-heal|p2a: Gliscor|88/100 tox|[from] ability: Poison Heal
|upkeep
|turn|101
|
|t:|1779568880
|switch|p2a: Corviknight|Corviknight, F|91/100
|-ability|p2a: Corviknight|Pressure
|switch|p1a: Corviknight|Corviknight, M|58/100
|-damage|p1a: Corviknight|45/100|[from] Stealth Rock
|-ability|p1a: Corviknight|Pressure
|
|upkeep
|turn|102
|
|t:|1779568895
|move|p2a: Corviknight|Body Press|p1a: Corviknight
|-damage|p1a: Corviknight|29/100
|move|p1a: Corviknight|Roost|p1a: Corviknight
|-heal|p1a: Corviknight|79/100
|-singleturn|p1a: Corviknight|move: Roost
|
|upkeep
|turn|103
|
|t:|1779568900
|move|p2a: Corviknight|Thief|p1a: Corviknight
|-damage|p1a: Corviknight|70/100
|move|p1a: Corviknight|Body Press|p2a: Corviknight
|-damage|p2a: Corviknight|77/100
|
|upkeep
|turn|104
|
|t:|1779568909
|move|p2a: Corviknight|Thief|p1a: Corviknight
|-damage|p1a: Corviknight|62/100
|move|p1a: Corviknight|Body Press|p2a: Corviknight
|-damage|p2a: Corviknight|61/100
|
|upkeep
|turn|105
|
|t:|1779568919
|move|p2a: Corviknight|Thief|p1a: Corviknight
|-damage|p1a: Corviknight|53/100
|move|p1a: Corviknight|Defog|p2a: Corviknight
|-unboost|p2a: Corviknight|evasion|1
|-sideend|p2: crispy3|Stealth Rock|[from] move: Defog|[of] p1a: Corviknight
|-sideend|p1: Ninja|Spikes|[from] move: Defog|[of] p1a: Corviknight
|-sideend|p1: Ninja|Stealth Rock|[from] move: Defog|[of] p1a: Corviknight
|
|upkeep
|turn|106
|
|t:|1779568925
|move|p2a: Corviknight|Roost|p2a: Corviknight
|-heal|p2a: Corviknight|100/100
|-singleturn|p2a: Corviknight|move: Roost
|move|p1a: Corviknight|U-turn|p2a: Corviknight
|-resisted|p2a: Corviknight
|-damage|p2a: Corviknight|96/100
|
|t:|1779568930
|switch|p1a: Slowking|Slowking-Galar, F|100/100|[from] U-turn
|
|upkeep
|turn|107
|
|t:|1779568935
|move|p2a: Corviknight|U-turn|p1a: Slowking
|-damage|p1a: Slowking|89/100
|
|t:|1779568949
|switch|p2a: Blissey|Blissey, F|43/100|[from] U-turn
|move|p1a: Slowking|Ice Beam|p2a: Blissey
|-damage|p2a: Blissey|35/100
|-status|p2a: Blissey|frz
|
|upkeep
|turn|108
|
|t:|1779568960
|-curestatus|p2a: Blissey|frz|[from] ability: Natural Cure|[silent]
|switch|p2a: Gliscor|Gliscor, M|88/100 tox
|move|p1a: Slowking|Psyshock|p2a: Gliscor
|-damage|p2a: Gliscor|63/100 tox
|
|-heal|p2a: Gliscor|76/100 tox|[from] ability: Poison Heal
|upkeep
|turn|109
|
|t:|1779568968
|switch|p2a: Pecharunt|Pecharunt|78/100
|move|p1a: Slowking|Flamethrower|p2a: Pecharunt
|-damage|p2a: Pecharunt|56/100
|
|upkeep
|turn|110
|
|t:|1779568974
|move|p2a: Pecharunt|Parting Shot|p1a: Slowking
|-unboost|p1a: Slowking|atk|1
|-unboost|p1a: Slowking|spa|1
|
|t:|1779568978
|switch|p2a: Corviknight|Corviknight, F|96/100|[from] Parting Shot
|-ability|p2a: Corviknight|Pressure
|move|p1a: Slowking|Flamethrower|p2a: Corviknight
|-supereffective|p2a: Corviknight
|-damage|p2a: Corviknight|67/100
|
|upkeep
|turn|111
|
|t:|1779568983
|move|p2a: Corviknight|U-turn|p1a: Slowking
|-damage|p1a: Slowking|78/100
|
|t:|1779568991
|switch|p2a: Pecharunt|Pecharunt|56/100|[from] U-turn
|move|p1a: Slowking|Flamethrower|p2a: Pecharunt
|-damage|p2a: Pecharunt|41/100
|
|upkeep
|turn|112
|
|t:|1779568995
|switch|p1a: Kingambit|Kingambit, F|100/100
|-activate|p1a: Kingambit|ability: Supreme Overlord
|-start|p1a: Kingambit|fallen1|[silent]
|move|p2a: Pecharunt|Recover|p2a: Pecharunt
|-heal|p2a: Pecharunt|91/100
|
|upkeep
|turn|113
|
|t:|1779569004
|move|p2a: Pecharunt|Parting Shot|p1a: Kingambit
|-unboost|p1a: Kingambit|atk|1
|-unboost|p1a: Kingambit|spa|1
|
|t:|1779569012
|switch|p2a: Corviknight|Corviknight, F|67/100|[from] Parting Shot
|-ability|p2a: Corviknight|Pressure
|move|p1a: Kingambit|Kowtow Cleave|p2a: Corviknight
|-damage|p2a: Corviknight|42/100
|
|upkeep
|turn|114
|
|t:|1779569018
|-end|p1a: Kingambit|fallen1|[silent]
|switch|p1a: Landorus|Landorus-Therian, M|100/100
|-ability|p1a: Landorus|Intimidate|boost
|-unboost|p2a: Corviknight|atk|1
|move|p2a: Corviknight|Roost|p2a: Corviknight
|-heal|p2a: Corviknight|92/100
|-singleturn|p2a: Corviknight|move: Roost
|
|upkeep
|turn|115
|
|t:|1779569025
|move|p1a: Landorus|Stealth Rock|p2a: Corviknight
|-sidestart|p2: crispy3|move: Stealth Rock
|move|p2a: Corviknight|U-turn|p1a: Landorus
|-resisted|p1a: Landorus
|-damage|p1a: Landorus|95/100
|
|t:|1779569032
|switch|p2a: Blissey|Blissey, F|35/100|[from] U-turn
|
|upkeep
|turn|116
|
|t:|1779569034
|switch|p1a: Kingambit|Kingambit, F|100/100
|-activate|p1a: Kingambit|ability: Supreme Overlord
|-start|p1a: Kingambit|fallen1|[silent]
|move|p2a: Blissey|Stealth Rock|p1a: Kingambit
|-sidestart|p1: Ninja|move: Stealth Rock
|
|upkeep
|turn|117
|
|t:|1779569043
|switch|p2a: Corviknight|Corviknight, F|92/100
|-ability|p2a: Corviknight|Pressure
|move|p1a: Kingambit|Kowtow Cleave|p2a: Corviknight
|-damage|p2a: Corviknight|56/100
|
|upkeep
|turn|118
|
|t:|1779569051
|-end|p1a: Kingambit|fallen1|[silent]
|switch|p1a: Slowking|Slowking-Galar, F|100/100
|-damage|p1a: Slowking|88/100|[from] Stealth Rock
|move|p2a: Corviknight|U-turn|p1a: Slowking
|-damage|p1a: Slowking|77/100
|
|t:|1779569056
|switch|p2a: Pecharunt|Pecharunt|91/100|[from] U-turn
|
|upkeep
|turn|119
|
|t:|1779569061
|switch|p1a: Garganacl|Garganacl, F|100/100
|-damage|p1a: Garganacl|88/100|[from] Stealth Rock
|move|p2a: Pecharunt|Parting Shot|p1a: Garganacl
|-unboost|p1a: Garganacl|atk|1
|-unboost|p1a: Garganacl|spa|1
|inactive|crispy3 has 270 seconds left.
|
|t:|1779569106
|switch|p2a: Gliscor|Gliscor, M|76/100 tox|[from] Parting Shot
|-damage|p2a: Gliscor|63/100 tox|[from] Stealth Rock
|
|-heal|p1a: Garganacl|94/100|[from] item: Leftovers
|-heal|p2a: Gliscor|76/100 tox|[from] ability: Poison Heal
|upkeep
|turn|120
|
|t:|1779569116
|switch|p1a: Corviknight|Corviknight, M|53/100
|-damage|p1a: Corviknight|41/100|[from] Stealth Rock
|-ability|p1a: Corviknight|Pressure
|move|p2a: Gliscor|Spikes|p1a: Corviknight
|-sidestart|p1: Ninja|Spikes
|
|-heal|p2a: Gliscor|88/100 tox|[from] ability: Poison Heal
|upkeep
|turn|121
|inactive|crispy3 has 270 seconds left.
|
|t:|1779569131
|switch|p2a: Corviknight|Corviknight, F|56/100
|-ability|p2a: Corviknight|Pressure
|move|p1a: Corviknight|Roost|p1a: Corviknight
|-heal|p1a: Corviknight|91/100
|-singleturn|p1a: Corviknight|move: Roost
|
|upkeep
|turn|122
|inactive|crispy3 has 270 seconds left.
|
|t:|1779569136
|move|p2a: Corviknight|Roost|p2a: Corviknight
|-heal|p2a: Corviknight|100/100
|-singleturn|p2a: Corviknight|move: Roost
|move|p1a: Corviknight|Body Press|p2a: Corviknight
|-supereffective|p2a: Corviknight
|-damage|p2a: Corviknight|69/100
|
|upkeep
|turn|123
|
|t:|1779569144
|move|p2a: Corviknight|Thief|p1a: Corviknight
|-damage|p1a: Corviknight|82/100
|move|p1a: Corviknight|U-turn|p2a: Corviknight
|-resisted|p2a: Corviknight
|-damage|p2a: Corviknight|67/100
|
|t:|1779569148
|switch|p1a: Slowking|Slowking-Galar, F|100/100|[from] U-turn
|-damage|p1a: Slowking|88/100|[from] Stealth Rock
|-damage|p1a: Slowking|76/100|[from] Spikes
|
|upkeep
|turn|124
|
|t:|1779569155
|move|p2a: Corviknight|U-turn|p1a: Slowking
|-damage|p1a: Slowking|65/100
|
|t:|1779569160
|switch|p2a: Pecharunt|Pecharunt|91/100|[from] U-turn
|move|p1a: Slowking|Psyshock|p2a: Pecharunt
|-supereffective|p2a: Pecharunt
|-damage|p2a: Pecharunt|61/100
|
|upkeep
|turn|125
|
|t:|1779569169
|move|p2a: Pecharunt|Parting Shot|p1a: Slowking
|-unboost|p1a: Slowking|atk|1
|-unboost|p1a: Slowking|spa|1
|
|t:|1779569174
|switch|p2a: Corviknight|Corviknight, F|67/100|[from] Parting Shot
|-ability|p2a: Corviknight|Pressure
|move|p1a: Slowking|Flamethrower|p2a: Corviknight
|-supereffective|p2a: Corviknight
|-damage|p2a: Corviknight|37/100
|
|upkeep
|turn|126
|
|t:|1779569180
|move|p2a: Corviknight|Roost|p2a: Corviknight
|-heal|p2a: Corviknight|87/100
|-singleturn|p2a: Corviknight|move: Roost
|move|p1a: Slowking|Flamethrower|p2a: Corviknight
|-supereffective|p2a: Corviknight
|-damage|p2a: Corviknight|53/100
|-status|p2a: Corviknight|brn
|
|-damage|p2a: Corviknight|47/100 brn|[from] brn
|upkeep
|turn|127
|
|t:|1779569204
|switch|p1a: Corviknight|Corviknight, M|82/100
|-damage|p1a: Corviknight|69/100|[from] Stealth Rock
|-ability|p1a: Corviknight|Pressure
|move|p2a: Corviknight|U-turn|p1a: Corviknight
|-resisted|p1a: Corviknight
|-damage|p1a: Corviknight|68/100
|
|t:|1779569217
|switch|p2a: Gliscor|Gliscor, M|88/100 tox|[from] U-turn
|-damage|p2a: Gliscor|76/100 tox|[from] Stealth Rock
|
|-heal|p2a: Gliscor|88/100 tox|[from] ability: Poison Heal
|upkeep
|turn|128
|
|t:|1779569226
|move|p2a: Gliscor|Protect|p2a: Gliscor
|-singleturn|p2a: Gliscor|Protect
|move|p1a: Corviknight|Defog|p2a: Gliscor
|-activate|p2a: Gliscor|move: Protect
|
|-heal|p2a: Gliscor|100/100 tox|[from] ability: Poison Heal
|upkeep
|turn|129
|
|t:|1779569234
|switch|p2a: Corviknight|Corviknight, F|47/100 brn
|-ability|p2a: Corviknight|Pressure
|move|p1a: Corviknight|Defog|p2a: Corviknight
|-unboost|p2a: Corviknight|evasion|1
|-sideend|p2: crispy3|Stealth Rock|[from] move: Defog|[of] p1a: Corviknight
|-sideend|p1: Ninja|Spikes|[from] move: Defog|[of] p1a: Corviknight
|-sideend|p1: Ninja|Stealth Rock|[from] move: Defog|[of] p1a: Corviknight
|
|-damage|p2a: Corviknight|41/100 brn|[from] brn
|upkeep
|turn|130
|
|t:|1779569239
|move|p2a: Corviknight|U-turn|p1a: Corviknight
|-resisted|p1a: Corviknight
|-damage|p1a: Corviknight|67/100
|
|t:|1779569246
|switch|p2a: Gliscor|Gliscor, M|100/100 tox|[from] U-turn
|move|p1a: Corviknight|U-turn|p2a: Gliscor
|-resisted|p2a: Gliscor
|-damage|p2a: Gliscor|95/100 tox
|
|t:|1779569252
|switch|p1a: Slowking|Slowking-Galar, F|98/100|[from] U-turn
|
|-heal|p2a: Gliscor|100/100 tox|[from] ability: Poison Heal
|upkeep
|turn|131
|
|t:|1779569275
|switch|p2a: Blissey|Blissey, F|35/100
|move|p1a: Slowking|Ice Beam|p2a: Blissey
|-damage|p2a: Blissey|29/100
|
|upkeep
|turn|132
|
|t:|1779569282
|switch|p1a: Kingambit|Kingambit, F|100/100
|-activate|p1a: Kingambit|ability: Supreme Overlord
|-start|p1a: Kingambit|fallen1|[silent]
|move|p2a: Blissey|Soft-Boiled|p2a: Blissey
|-heal|p2a: Blissey|79/100
|
|upkeep
|turn|133
|inactive|crispy3 has 270 seconds left.
|
|t:|1779569316
|switch|p2a: Gliscor|Gliscor, M|100/100 tox
|move|p1a: Kingambit|Kowtow Cleave|p2a: Gliscor
|-damage|p2a: Gliscor|53/100 tox
|
|-heal|p2a: Gliscor|65/100 tox|[from] ability: Poison Heal
|upkeep
|turn|134
|
|t:|1779569328
|-end|p1a: Kingambit|fallen1|[silent]
|switch|p1a: Landorus|Landorus-Therian, M|95/100
|-ability|p1a: Landorus|Intimidate|boost
|-unboost|p2a: Gliscor|atk|1
|move|p2a: Gliscor|Spikes|p1a: Landorus
|-sidestart|p1: Ninja|Spikes
|
|-heal|p2a: Gliscor|78/100 tox|[from] ability: Poison Heal
|upkeep
|turn|135
|
|t:|1779569341
|move|p1a: Landorus|Stealth Rock|p2a: Gliscor
|-sidestart|p2: crispy3|move: Stealth Rock
|move|p2a: Gliscor|Spikes|p1a: Landorus
|-sidestart|p1: Ninja|Spikes
|
|-heal|p2a: Gliscor|90/100 tox|[from] ability: Poison Heal
|upkeep
|turn|136
|
|t:|1779569346
|switch|p1a: Slowking|Slowking-Galar, F|100/100
|-damage|p1a: Slowking|84/100|[from] Spikes
|move|p2a: Gliscor|Spikes|p1a: Slowking
|-sidestart|p1: Ninja|Spikes
|
|-heal|p2a: Gliscor|100/100 tox|[from] ability: Poison Heal
|upkeep
|turn|137
|
|t:|1779569355
|switch|p2a: Blissey|Blissey, F|79/100
|move|p1a: Slowking|Flamethrower|p2a: Blissey
|-damage|p2a: Blissey|72/100
|
|upkeep
|turn|138
|
|t:|1779569358
|move|p2a: Blissey|Stealth Rock|p1a: Slowking
|-sidestart|p1: Ninja|move: Stealth Rock
|move|p1a: Slowking|Sludge Bomb|p2a: Blissey
|-damage|p2a: Blissey|63/100
|
|upkeep
|turn|139
|
|t:|1779569361
|move|p2a: Blissey|Seismic Toss|p1a: Slowking
|-damage|p1a: Slowking|59/100
|move|p1a: Slowking|Psyshock|p2a: Blissey
|-damage|p2a: Blissey|34/100
|
|upkeep
|turn|140
|
|t:|1779569366
|move|p2a: Blissey|Soft-Boiled|p2a: Blissey
|-heal|p2a: Blissey|84/100
|move|p1a: Slowking|Psyshock|p2a: Blissey
|-damage|p2a: Blissey|53/100
|
|upkeep
|turn|141
|
|t:|1779569370
|move|p2a: Blissey|Seismic Toss|p1a: Slowking
|-damage|p1a: Slowking|33/100
|move|p1a: Slowking|Psyshock|p2a: Blissey
|-damage|p2a: Blissey|24/100
|
|upkeep
|turn|142
|
|t:|1779569377
|switch|p2a: Corviknight|Corviknight, F|41/100 brn
|-ability|p2a: Corviknight|Pressure
|switch|p1a: Corviknight|Corviknight, M|67/100
|-damage|p1a: Corviknight|55/100|[from] Stealth Rock
|-ability|p1a: Corviknight|Pressure
|
|-damage|p2a: Corviknight|35/100 brn|[from] brn
|upkeep
|turn|143
|
|t:|1779569389
|move|p2a: Corviknight|Roost|p2a: Corviknight
|-heal|p2a: Corviknight|85/100 brn
|-singleturn|p2a: Corviknight|move: Roost
|move|p1a: Corviknight|Body Press|p2a: Corviknight
|-supereffective|p2a: Corviknight
|-damage|p2a: Corviknight|56/100 brn
|
|-damage|p2a: Corviknight|50/100 brn|[from] brn
|upkeep
|turn|144
|
|t:|1779569394
|move|p2a: Corviknight|Roost|p2a: Corviknight
|-heal|p2a: Corviknight|99/100 brn
|-singleturn|p2a: Corviknight|move: Roost
|move|p1a: Corviknight|U-turn|p2a: Corviknight
|-resisted|p2a: Corviknight
|-damage|p2a: Corviknight|95/100 brn
|
|t:|1779569397
|switch|p1a: Slowking|Slowking-Galar, F|66/100|[from] U-turn
|-damage|p1a: Slowking|42/100|[from] Spikes
|-damage|p1a: Slowking|29/100|[from] Stealth Rock
|
|-damage|p2a: Corviknight|89/100 brn|[from] brn
|upkeep
|turn|145
|
|t:|1779569403
|switch|p1a: Landorus|Landorus-Therian, M|95/100
|-damage|p1a: Landorus|83/100|[from] Stealth Rock
|-ability|p1a: Landorus|Intimidate|boost
|-unboost|p2a: Corviknight|atk|1
|move|p2a: Corviknight|U-turn|p1a: Landorus
|-resisted|p1a: Landorus
|-damage|p1a: Landorus|80/100
|
|t:|1779569409
|switch|p2a: Gliscor|Gliscor, M|100/100 tox|[from] U-turn
|-damage|p2a: Gliscor|88/100 tox|[from] Stealth Rock
|
|-heal|p2a: Gliscor|100/100 tox|[from] ability: Poison Heal
|upkeep
|turn|146
|
|t:|1779569415
|move|p2a: Gliscor|Protect|p2a: Gliscor
|-singleturn|p2a: Gliscor|Protect
|move|p1a: Landorus|U-turn|p2a: Gliscor
|-activate|p2a: Gliscor|move: Protect
|
|upkeep
|turn|147
|
|t:|1779569425
|move|p1a: Landorus|U-turn|p2a: Gliscor
|-resisted|p2a: Gliscor
|-damage|p2a: Gliscor|91/100 tox
|
|t:|1779569427
|switch|p1a: Corviknight|Corviknight, M|55/100|[from] U-turn
|-damage|p1a: Corviknight|42/100|[from] Stealth Rock
|-ability|p1a: Corviknight|Pressure
|move|p2a: Gliscor|Toxic|p1a: Corviknight|[miss]
|-miss|p2a: Gliscor|p1a: Corviknight
|
|-heal|p2a: Gliscor|100/100 tox|[from] ability: Poison Heal
|upkeep
|turn|148
|
|t:|1779569437
|switch|p2a: Pecharunt|Pecharunt|61/100
|move|p1a: Corviknight|Roost|p1a: Corviknight
|-heal|p1a: Corviknight|92/100
|-singleturn|p1a: Corviknight|move: Roost
|
|upkeep
|turn|149
|
|t:|1779569441
|move|p2a: Pecharunt|Recover|p2a: Pecharunt
|-heal|p2a: Pecharunt|100/100
|move|p1a: Corviknight|U-turn|p2a: Pecharunt
|-resisted|p2a: Pecharunt
|-damage|p2a: Pecharunt|99/100
|
|t:|1779569444
|switch|p1a: Kingambit|Kingambit, F|100/100|[from] U-turn
|-damage|p1a: Kingambit|76/100|[from] Spikes
|-damage|p1a: Kingambit|70/100|[from] Stealth Rock
|-activate|p1a: Kingambit|ability: Supreme Overlord
|-start|p1a: Kingambit|fallen1|[silent]
|
|upkeep
|turn|150
|
|t:|1779569452
|move|p2a: Pecharunt|Parting Shot|p1a: Kingambit
|-unboost|p1a: Kingambit|atk|1
|-unboost|p1a: Kingambit|spa|1
|
|t:|1779569454
|switch|p2a: Gliscor|Gliscor, M|100/100 tox|[from] Parting Shot
|-damage|p2a: Gliscor|88/100 tox|[from] Stealth Rock
|move|p1a: Kingambit|Kowtow Cleave|p2a: Gliscor
|-damage|p2a: Gliscor|56/100 tox
|
|-heal|p2a: Gliscor|68/100 tox|[from] ability: Poison Heal
|upkeep
|turn|151
|
|t:|1779569479
|-end|p1a: Kingambit|fallen1|[silent]
|switch|p1a: Corviknight|Corviknight, M|92/100
|-damage|p1a: Corviknight|80/100|[from] Stealth Rock
|-ability|p1a: Corviknight|Pressure
|move|p2a: Gliscor|Spikes||[still]
|-fail|p2a: Gliscor
|
|-heal|p2a: Gliscor|81/100 tox|[from] ability: Poison Heal
|upkeep
|turn|152
|
|t:|1779569494
|move|p2a: Gliscor|Toxic|p1a: Corviknight
|-immune|p1a: Corviknight
|move|p1a: Corviknight|U-turn|p2a: Gliscor
|-resisted|p2a: Gliscor
|-damage|p2a: Gliscor|75/100 tox
|
|t:|1779569496
|switch|p1a: Slowking|Slowking-Galar, F|62/100|[from] U-turn
|-damage|p1a: Slowking|38/100|[from] Spikes
|-damage|p1a: Slowking|25/100|[from] Stealth Rock
|
|-heal|p2a: Gliscor|88/100 tox|[from] ability: Poison Heal
|upkeep
|turn|153
|
|t:|1779569508
|switch|p2a: Corviknight|Corviknight, F|89/100 brn
|-ability|p2a: Corviknight|Pressure
|switch|p1a: Corviknight|Corviknight, M|80/100
|-damage|p1a: Corviknight|67/100|[from] Stealth Rock
|-ability|p1a: Corviknight|Pressure
|
|-damage|p2a: Corviknight|82/100 brn|[from] brn
|upkeep
|turn|154
|
|t:|1779569521
|move|p2a: Corviknight|U-turn|p1a: Corviknight
|-resisted|p1a: Corviknight
|-damage|p1a: Corviknight|66/100
|
|t:|1779569526
|switch|p2a: Gliscor|Gliscor, M|88/100 tox|[from] U-turn
|-damage|p2a: Gliscor|75/100 tox|[from] Stealth Rock
|move|p1a: Corviknight|U-turn|p2a: Gliscor
|-resisted|p2a: Gliscor
|-damage|p2a: Gliscor|70/100 tox
|
|t:|1779569538
|switch|p1a: Landorus|Landorus-Therian, M|80/100|[from] U-turn
|-damage|p1a: Landorus|68/100|[from] Stealth Rock
|-ability|p1a: Landorus|Intimidate|boost
|-unboost|p2a: Gliscor|atk|1
|
|-heal|p2a: Gliscor|82/100 tox|[from] ability: Poison Heal
|upkeep
|turn|155
|
|t:|1779569547
|move|p1a: Landorus|U-turn|p2a: Gliscor
|-resisted|p2a: Gliscor
|-damage|p2a: Gliscor|72/100 tox
|
|t:|1779569549
|switch|p1a: Corviknight|Corviknight, M|66/100|[from] U-turn
|-damage|p1a: Corviknight|53/100|[from] Stealth Rock
|-ability|p1a: Corviknight|Pressure
|move|p2a: Gliscor|Toxic|p1a: Corviknight
|-immune|p1a: Corviknight
|
|-heal|p2a: Gliscor|84/100 tox|[from] ability: Poison Heal
|upkeep
|turn|156
|
|t:|1779569559
|switch|p2a: Pecharunt|Pecharunt|99/100
|move|p1a: Corviknight|Body Press|p2a: Pecharunt
|-immune|p2a: Pecharunt
|
|upkeep
|turn|157
|
|t:|1779569571
|move|p2a: Pecharunt|Foul Play|p1a: Corviknight
|-damage|p1a: Corviknight|40/100
|move|p1a: Corviknight|Roost|p1a: Corviknight
|-heal|p1a: Corviknight|90/100
|-singleturn|p1a: Corviknight|move: Roost
|
|upkeep
|turn|158
|
|t:|1779569580
|move|p2a: Pecharunt|Parting Shot|p1a: Corviknight
|-unboost|p1a: Corviknight|atk|1
|-unboost|p1a: Corviknight|spa|1
|
|t:|1779569581
|switch|p2a: Gliscor|Gliscor, M|84/100 tox|[from] Parting Shot
|-damage|p2a: Gliscor|72/100 tox|[from] Stealth Rock
|move|p1a: Corviknight|U-turn|p2a: Gliscor
|-resisted|p2a: Gliscor
|-damage|p2a: Gliscor|68/100 tox
|
|t:|1779569585
|switch|p1a: Landorus|Landorus-Therian, M|68/100|[from] U-turn
|-damage|p1a: Landorus|56/100|[from] Stealth Rock
|-ability|p1a: Landorus|Intimidate|boost
|-unboost|p2a: Gliscor|atk|1
|
|-heal|p2a: Gliscor|81/100 tox|[from] ability: Poison Heal
|upkeep
|turn|159
|
|t:|1779569589
|move|p2a: Gliscor|Protect|p2a: Gliscor
|-singleturn|p2a: Gliscor|Protect
|move|p1a: Landorus|U-turn|p2a: Gliscor
|-activate|p2a: Gliscor|move: Protect
|
|-heal|p2a: Gliscor|93/100 tox|[from] ability: Poison Heal
|upkeep
|turn|160
|
|t:|1779569602
|switch|p2a: Corviknight|Corviknight, F|82/100 brn
|-ability|p2a: Corviknight|Pressure
|move|p1a: Landorus|U-turn|p2a: Corviknight
|-resisted|p2a: Corviknight
|-damage|p2a: Corviknight|78/100 brn
|
|t:|1779569607
|switch|p1a: Garganacl|Garganacl, F|94/100|[from] U-turn
|-damage|p1a: Garganacl|69/100|[from] Spikes
|-damage|p1a: Garganacl|57/100|[from] Stealth Rock
|
|-heal|p1a: Garganacl|63/100|[from] item: Leftovers
|-damage|p2a: Corviknight|72/100 brn|[from] brn
|upkeep
|turn|161
|
|t:|1779569615
|switch|p2a: Gliscor|Gliscor, M|93/100 tox
|-damage|p2a: Gliscor|81/100 tox|[from] Stealth Rock
|move|p1a: Garganacl|Recover|p1a: Garganacl
|-heal|p1a: Garganacl|100/100
|
|-heal|p2a: Gliscor|93/100 tox|[from] ability: Poison Heal
|upkeep
|turn|162
|
|t:|1779569623
|move|p2a: Gliscor|Earthquake|p1a: Garganacl
|-supereffective|p1a: Garganacl
|-damage|p1a: Garganacl|53/100
|move|p1a: Garganacl|Curse|p1a: Garganacl
|-unboost|p1a: Garganacl|spe|1
|-boost|p1a: Garganacl|atk|1
|-boost|p1a: Garganacl|def|1
|
|-heal|p1a: Garganacl|59/100|[from] item: Leftovers
|-heal|p2a: Gliscor|100/100 tox|[from] ability: Poison Heal
|upkeep
|turn|163
|
|t:|1779569632
|switch|p2a: Pecharunt|Pecharunt|99/100
|-terastallize|p1a: Garganacl|Water
|move|p1a: Garganacl|Recover|p1a: Garganacl
|-heal|p1a: Garganacl|100/100
|
|upkeep
|turn|164
|
|t:|1779569645
|move|p2a: Pecharunt|Parting Shot|p1a: Garganacl
|-unboost|p1a: Garganacl|atk|1
|-unboost|p1a: Garganacl|spa|1
|
|t:|1779569659
|switch|p2a: Gliscor|Gliscor, M|100/100 tox|[from] Parting Shot
|-damage|p2a: Gliscor|88/100 tox|[from] Stealth Rock
|move|p1a: Garganacl|Curse|p1a: Garganacl
|-unboost|p1a: Garganacl|spe|1
|-boost|p1a: Garganacl|atk|1
|-boost|p1a: Garganacl|def|1
|
|-heal|p2a: Gliscor|100/100 tox|[from] ability: Poison Heal
|upkeep
|turn|165
|
|t:|1779569662
|switch|p2a: Pecharunt|Pecharunt|99/100
|move|p1a: Garganacl|Curse|p1a: Garganacl
|-unboost|p1a: Garganacl|spe|1
|-boost|p1a: Garganacl|atk|1
|-boost|p1a: Garganacl|def|1
|
|upkeep
|turn|166
|
|t:|1779569667
|move|p2a: Pecharunt|Parting Shot|p1a: Garganacl
|-unboost|p1a: Garganacl|atk|1
|-unboost|p1a: Garganacl|spa|1
|
|t:|1779569675
|switch|p2a: Gliscor|Gliscor, M|100/100 tox|[from] Parting Shot
|-damage|p2a: Gliscor|88/100 tox|[from] Stealth Rock
|move|p1a: Garganacl|Curse|p1a: Garganacl
|-unboost|p1a: Garganacl|spe|1
|-boost|p1a: Garganacl|atk|1
|-boost|p1a: Garganacl|def|1
|
|-heal|p2a: Gliscor|100/100 tox|[from] ability: Poison Heal
|upkeep
|turn|167
|
|t:|1779569680
|switch|p2a: Pecharunt|Pecharunt|99/100
|move|p1a: Garganacl|Curse|p1a: Garganacl
|-unboost|p1a: Garganacl|spe|1
|-boost|p1a: Garganacl|atk|1
|-boost|p1a: Garganacl|def|1
|
|upkeep
|turn|168
|inactive|crispy3 has 270 seconds left.
|
|t:|1779569727
|-terastallize|p2a: Pecharunt|Dark
|move|p2a: Pecharunt|Parting Shot|p1a: Garganacl
|-unboost|p1a: Garganacl|atk|1
|-unboost|p1a: Garganacl|spa|1
|
|t:|1779569730
|switch|p2a: Gliscor|Gliscor, M|100/100 tox|[from] Parting Shot
|-damage|p2a: Gliscor|88/100 tox|[from] Stealth Rock
|move|p1a: Garganacl|Curse|p1a: Garganacl
|-unboost|p1a: Garganacl|spe|1
|-boost|p1a: Garganacl|atk|1
|-boost|p1a: Garganacl|def|1
|
|-heal|p2a: Gliscor|100/100 tox|[from] ability: Poison Heal
|upkeep
|turn|169
|
|t:|1779569736
|switch|p2a: Pecharunt|Pecharunt, tera:Dark|99/100
|move|p1a: Garganacl|Salt Cure|p2a: Pecharunt
|-damage|p2a: Pecharunt|84/100
|-start|p2a: Pecharunt|Salt Cure
|
|-damage|p2a: Pecharunt|72/100|[from] Salt Cure
|upkeep
|turn|170
|c|+ltx nemosse|Zzz
|inactive|crispy3 has 270 seconds left.
|
|t:|1779569762
|move|p2a: Pecharunt|Parting Shot|p1a: Garganacl
|-unboost|p1a: Garganacl|atk|1
|-unboost|p1a: Garganacl|spa|1
|c|+Adryl ♫|Zzz
|c|+PigWarrior19|tough
|
|t:|1779569768
|switch|p2a: Gliscor|Gliscor, M|100/100 tox|[from] Parting Shot
|-damage|p2a: Gliscor|88/100 tox|[from] Stealth Rock
|move|p1a: Garganacl|Curse|p1a: Garganacl
|-boost|p1a: Garganacl|atk|1
|
|-heal|p2a: Gliscor|100/100 tox|[from] ability: Poison Heal
|upkeep
|turn|171
|
|t:|1779569777
|switch|p2a: Pecharunt|Pecharunt, tera:Dark|72/100
|move|p1a: Garganacl|Curse|p1a: Garganacl
|-boost|p1a: Garganacl|atk|1
|
|upkeep
|turn|172
|c|+sulfura152|Nemosse qui va joué sa game round 2 round 6
|
|t:|1779569783
|move|p2a: Pecharunt|Parting Shot|p1a: Garganacl
|-unboost|p1a: Garganacl|atk|1
|-unboost|p1a: Garganacl|spa|1
|c|+Adryl ♫|mdrrrrr
|c|☆crispy3|bonjour
|
|t:|1779569794
|switch|p2a: Gliscor|Gliscor, M|100/100 tox|[from] Parting Shot
|-damage|p2a: Gliscor|88/100 tox|[from] Stealth Rock
|move|p1a: Garganacl|Curse|p1a: Garganacl
|-boost|p1a: Garganacl|atk|1
|
|-heal|p2a: Gliscor|100/100 tox|[from] ability: Poison Heal
|upkeep
|turn|173
|
|t:|1779569810
|switch|p2a: Pecharunt|Pecharunt, tera:Dark|72/100
|move|p1a: Garganacl|Curse|p1a: Garganacl
|-boost|p1a: Garganacl|atk|1
|
|upkeep
|turn|174
|
|t:|1779569817
|move|p2a: Pecharunt|Parting Shot|p1a: Garganacl
|-unboost|p1a: Garganacl|atk|1
|-unboost|p1a: Garganacl|spa|1
|
|t:|1779569822
|switch|p2a: Gliscor|Gliscor, M|100/100 tox|[from] Parting Shot
|-damage|p2a: Gliscor|88/100 tox|[from] Stealth Rock
|move|p1a: Garganacl|Curse|p1a: Garganacl
|-boost|p1a: Garganacl|atk|1
|
|-heal|p2a: Gliscor|100/100 tox|[from] ability: Poison Heal
|upkeep
|turn|175
|
|t:|1779569831
|move|p2a: Gliscor|Toxic|p1a: Garganacl
|-immune|p1a: Garganacl|[from] ability: Purifying Salt
|move|p1a: Garganacl|Salt Cure|p2a: Gliscor
|-damage|p2a: Gliscor|64/100 tox
|-start|p2a: Gliscor|Salt Cure
|
|-heal|p2a: Gliscor|76/100 tox|[from] ability: Poison Heal
|-damage|p2a: Gliscor|64/100 tox|[from] Salt Cure
|upkeep
|turn|176
|c|+Adryl ♫|Rompich
|inactive|crispy3 has 270 seconds left.
|c|+sulfura152|Bonjour toi, avis sur la politique de macron ?
|c|+Adryl ♫|MDRR
|inactive|crispy3 has 240 seconds left.
|
|t:|1779569872
|move|p2a: Gliscor|Spikes||[still]
|-fail|p2a: Gliscor
|move|p1a: Garganacl|Salt Cure|p2a: Gliscor
|-damage|p2a: Gliscor|25/100 tox
|
|-heal|p2a: Gliscor|38/100 tox|[from] ability: Poison Heal
|-damage|p2a: Gliscor|25/100 tox|[from] Salt Cure
|upkeep
|turn|177
|inactive|crispy3 has 240 seconds left.
|
|t:|1779569878
|move|p2a: Gliscor|Protect|p2a: Gliscor
|-singleturn|p2a: Gliscor|Protect
|move|p1a: Garganacl|Curse|p1a: Garganacl
|-boost|p1a: Garganacl|atk|1
|
|-heal|p2a: Gliscor|38/100 tox|[from] ability: Poison Heal
|-damage|p2a: Gliscor|25/100 tox|[from] Salt Cure
|upkeep
|turn|178
|inactive|crispy3 has 240 seconds left.
|c|+Adryl ♫|U CAN DO IT NINHA
|
|t:|1779569897
|switch|p2a: Pecharunt|Pecharunt, tera:Dark|72/100
|move|p1a: Garganacl|Salt Cure|p2a: Pecharunt
|-damage|p2a: Pecharunt|48/100
|-start|p2a: Pecharunt|Salt Cure
|
|-damage|p2a: Pecharunt|35/100|[from] Salt Cure
|upkeep
|turn|179
|c|+Adryl ♫|ninja*
|inactive|crispy3 has 240 seconds left.
|
|t:|1779569903
|move|p2a: Pecharunt|Recover|p2a: Pecharunt
|-heal|p2a: Pecharunt|85/100
|move|p1a: Garganacl|Earthquake|p2a: Pecharunt
|-damage|p2a: Pecharunt|41/100
|
|-damage|p2a: Pecharunt|29/100|[from] Salt Cure
|upkeep
|turn|180
|
|t:|1779569908
|move|p2a: Pecharunt|Recover|p2a: Pecharunt
|-heal|p2a: Pecharunt|79/100
|move|p1a: Garganacl|Earthquake|p2a: Pecharunt
|-damage|p2a: Pecharunt|38/100
|
|-damage|p2a: Pecharunt|26/100|[from] Salt Cure
|upkeep
|turn|181
|
|t:|1779569916
|move|p2a: Pecharunt|Parting Shot|p1a: Garganacl
|-unboost|p1a: Garganacl|atk|1
|-unboost|p1a: Garganacl|spa|0
|
|t:|1779569918
|switch|p2a: Corviknight|Corviknight, F|72/100 brn|[from] Parting Shot
|-ability|p2a: Corviknight|Pressure
|move|p1a: Garganacl|Earthquake|p2a: Corviknight
|-immune|p2a: Corviknight
|
|-damage|p2a: Corviknight|66/100 brn|[from] brn
|upkeep
|turn|182
|
|t:|1779569940
|move|p2a: Corviknight|Body Press|p1a: Garganacl
|-damage|p1a: Garganacl|98/100
|move|p1a: Garganacl|Salt Cure|p2a: Corviknight
|-damage|p2a: Corviknight|37/100 brn
|-start|p2a: Corviknight|Salt Cure
|
|-heal|p1a: Garganacl|100/100|[from] item: Leftovers
|-damage|p2a: Corviknight|31/100 brn|[from] brn
|-damage|p2a: Corviknight|6/100 brn|[from] Salt Cure
|upkeep
|turn|183
|
|t:|1779569953
|switch|p2a: Pecharunt|Pecharunt, tera:Dark|26/100
|move|p1a: Garganacl|Curse|p1a: Garganacl
|-boost|p1a: Garganacl|atk|1
|
|upkeep
|turn|184
|
|t:|1779569960
|move|p2a: Pecharunt|Recover|p2a: Pecharunt
|-heal|p2a: Pecharunt|76/100
|move|p1a: Garganacl|Salt Cure|p2a: Pecharunt
|-damage|p2a: Pecharunt|48/100
|-start|p2a: Pecharunt|Salt Cure
|
|-damage|p2a: Pecharunt|36/100|[from] Salt Cure
|upkeep
|turn|185
|
|t:|1779569963
|move|p2a: Pecharunt|Parting Shot|p1a: Garganacl
|-unboost|p1a: Garganacl|atk|1
|-unboost|p1a: Garganacl|spa|0
|
|t:|1779569966
|switch|p2a: Corviknight|Corviknight, F|6/100 brn|[from] Parting Shot
|-ability|p2a: Corviknight|Pressure
|move|p1a: Garganacl|Earthquake|p2a: Corviknight
|-immune|p2a: Corviknight
|
|-damage|p2a: Corviknight|0 fnt|[from] brn
|faint|p2a: Corviknight
|upkeep
|inactive|crispy3 has 270 seconds left.
|inactive|crispy3 has 240 seconds left.
|c|☆crispy3|244 SpA Walking Wake Draco Meteor (130 BP) vs. 252 HP / 204+ SpD Tera Water Garganacl on a critical hit: 249-294 (61.6 - 72.7%) -- guaranteed 2HKO after Leftovers recovery
|
|t:|1779570012
|switch|p2a: Walking Wake|Walking Wake|37/100 psn
|turn|186
|c|+Adryl ♫|nah
|
|t:|1779570040
|move|p2a: Walking Wake|Draco Meteor|p1a: Garganacl|[miss]
|-miss|p2a: Walking Wake|p1a: Garganacl
|move|p1a: Garganacl|Salt Cure|p2a: Walking Wake
|-damage|p2a: Walking Wake|0 fnt
|faint|p2a: Walking Wake
|-end|p2a: Walking Wake|Protosynthesis|[silent]
|
|upkeep
|c|+Adryl ♫|LMAO
|inactive|crispy3 has 240 seconds left.
|c|☆crispy3|dude
|c|☆crispy3|poison on wake
|c|☆crispy3|freeze
|c|☆crispy3|burn
|c|☆crispy3|holy smokes
|c|☆crispy3|what is this
|c|☆crispy3|first tournament and im haxxed by a custom avatar
|c|☆crispy3|gg dude
|-message|crispy3 forfeited.
|
|win|Ninja
|player|p2|
|c|+sulfura152|it is te Macron fault
|c|+Adryl ♫|MDRRRRRR
|c|+SpyOP|crispy u some ahh
|c|+Adryl ♫|dans la france a macron
|player|p1|
