|j|☆Trans Marill
|j|☆LUPIIT
|t:|1779686206
|gametype|singles
|player|p1|Trans Marill|170|1384
|player|p2|LUPIIT|lucas|1431
|gen|9
|tier|[Gen 9] OU
|rated|
|rule|HP Percentage Mod: HP is shown in percentages
|rule|Endless Battle Clause: Forcing endless battles is banned
|rule|Species Clause: Limit one of each Pokémon
|rule|OHKO Clause: OHKO moves are banned
|rule|Evasion Items Clause: Evasion items are banned
|rule|Evasion Moves Clause: Evasion moves are banned
|rule|Evasion Abilities Clause: Evasion abilities are banned
|rule|Sleep Moves Clause: Sleep-inducing moves are banned
|clearpoke
|poke|p1|Goodra, M|
|poke|p1|Corviknight, F|
|poke|p1|Espeon, F|
|poke|p1|Moltres|
|poke|p1|Clodsire, M|
|poke|p1|Snorlax, M|
|poke|p2|Smeargle, F|
|poke|p2|Comfey, F|
|poke|p2|Incineroar, M|
|poke|p2|Ogerpon-Wellspring, F|
|poke|p2|Zapdos|
|poke|p2|Tornadus-Therian, M|
|teampreview
|inactive|Battle timer is ON: inactive players will automatically lose when time's up. (requested by LUPIIT)
|
|t:|1779686216
|teamsize|p1|6
|teamsize|p2|6
|start
|switch|p1a: Espeon|Espeon, F|100/100
|switch|p2a: Incineroar|Incineroar, M|100/100
|-ability|p2a: Incineroar|Intimidate|boost
|-unboost|p1a: Espeon|atk|1
|turn|1
|
|t:|1779686224
|move|p1a: Espeon|Reflect|p1a: Espeon
|-sidestart|p1: Trans Marill|Reflect
|move|p2a: Incineroar|Knock Off|p1a: Espeon
|-supereffective|p1a: Espeon
|-damage|p1a: Espeon|24/100
|-enditem|p1a: Espeon|Light Clay|[from] move: Knock Off|[of] p2a: Incineroar
|
|upkeep
|turn|2
|
|t:|1779686243
|switch|p1a: Moltres|Moltres|100/100
|move|p2a: Incineroar|Knock Off|p1a: Moltres
|-damage|p1a: Moltres|83/100
|-enditem|p1a: Moltres|Heavy-Duty Boots|[from] move: Knock Off|[of] p2a: Incineroar
|
|upkeep
|turn|3
|
|t:|1779686249
|move|p1a: Moltres|Scorching Sands|p2a: Incineroar
|-supereffective|p2a: Incineroar
|-damage|p2a: Incineroar|63/100
|move|p2a: Incineroar|Parting Shot|p1a: Moltres
|-unboost|p1a: Moltres|atk|1
|-unboost|p1a: Moltres|spa|1
|
|t:|1779686251
|switch|p2a: Smeargle|Smeargle, F|100/100|[from] Parting Shot
|
|upkeep
|turn|4
|
|t:|1779686254
|switch|p2a: Incineroar|Incineroar, M|63/100
|-ability|p2a: Incineroar|Intimidate|boost
|-unboost|p1a: Moltres|atk|1
|move|p1a: Moltres|Heat Wave|p2a: Incineroar
|-resisted|p2a: Incineroar
|-damage|p2a: Incineroar|51/100
|
|upkeep
|turn|5
|
|t:|1779686257
|move|p1a: Moltres|Scorching Sands|p2a: Incineroar
|-supereffective|p2a: Incineroar
|-damage|p2a: Incineroar|29/100
|move|p2a: Incineroar|Parting Shot|p1a: Moltres
|-unboost|p1a: Moltres|atk|1
|-unboost|p1a: Moltres|spa|1
|
|t:|1779686258
|switch|p2a: Smeargle|Smeargle, F|100/100|[from] Parting Shot
|
|upkeep
|turn|6
|
|t:|1779686262
|switch|p2a: Incineroar|Incineroar, M|29/100
|-ability|p2a: Incineroar|Intimidate|boost
|-unboost|p1a: Moltres|atk|1
|move|p1a: Moltres|Scorching Sands|p2a: Incineroar
|-supereffective|p2a: Incineroar
|-damage|p2a: Incineroar|11/100
|
|upkeep
|turn|7
|
|t:|1779686265
|switch|p2a: Smeargle|Smeargle, F|100/100
|move|p1a: Moltres|Scorching Sands|p2a: Smeargle
|-damage|p2a: Smeargle|72/100
|
|upkeep
|turn|8
|
|t:|1779686270
|switch|p1a: Espeon|Espeon, F|24/100
|move|p2a: Smeargle|Spikes|p1a: Espeon
|move|p1a: Espeon|Spikes|p2a: Smeargle|[from] ability: Magic Bounce
|-sidestart|p2: LUPIIT|Spikes
|
|-sideend|p1: Trans Marill|Reflect
|upkeep
|turn|9
|
|t:|1779686275
|switch|p2a: Incineroar|Incineroar, M|11/100
|-ability|p2a: Incineroar|Intimidate|boost
|-unboost|p1a: Espeon|atk|1
|move|p1a: Espeon|Alluring Voice|p2a: Incineroar
|-damage|p2a: Incineroar|0 fnt
|faint|p2a: Incineroar
|
|upkeep
|
|t:|1779686279
|switch|p2a: Zapdos|Zapdos|100/100
|turn|10
|
|t:|1779686288
|move|p1a: Espeon|Light Screen|p1a: Espeon
|-sidestart|p1: Trans Marill|move: Light Screen
|move|p2a: Zapdos|U-turn|p1a: Espeon
|-supereffective|p1a: Espeon
|-damage|p1a: Espeon|0 fnt
|faint|p1a: Espeon
|
|t:|1779686291
|switch|p2a: Smeargle|Smeargle, F|72/100|[from] U-turn
|-damage|p2a: Smeargle|59/100|[from] Spikes
|
|upkeep
|
|t:|1779686296
|switch|p1a: Moltres|Moltres|83/100
|turn|11
|
|t:|1779686299
|move|p2a: Smeargle|Spikes|p1a: Moltres
|-sidestart|p1: Trans Marill|Spikes
|move|p1a: Moltres|Heat Wave|p2a: Smeargle
|-damage|p2a: Smeargle|0 fnt
|faint|p2a: Smeargle
|
|upkeep
|
|t:|1779686301
|switch|p2a: Ogerpon|Ogerpon-Wellspring, F|100/100
|-damage|p2a: Ogerpon|88/100|[from] Spikes
|turn|12
|
|t:|1779686303
|switch|p1a: Goodra|Goodra, M|100/100
|-damage|p1a: Goodra|88/100|[from] Spikes
|move|p2a: Ogerpon|Knock Off|p1a: Goodra
|-crit|p1a: Goodra
|-damage|p1a: Goodra|23/100
|-enditem|p1a: Goodra|Damp Rock|[from] move: Knock Off|[of] p2a: Ogerpon
|
|upkeep
|turn|13
|
|t:|1779686309
|move|p2a: Ogerpon|Knock Off|p1a: Goodra
|-damage|p1a: Goodra|0 fnt
|faint|p1a: Goodra
|
|upkeep
|
|t:|1779686315
|switch|p1a: Corviknight|Corviknight, F|100/100
|turn|14
|
|t:|1779686318
|switch|p2a: Zapdos|Zapdos|100/100
|move|p1a: Corviknight|Iron Defense|p1a: Corviknight
|-boost|p1a: Corviknight|def|2
|
|-sideend|p1: Trans Marill|move: Light Screen
|upkeep
|turn|15
|
|t:|1779686321
|move|p2a: Zapdos|U-turn|p1a: Corviknight
|-resisted|p1a: Corviknight
|-damage|p1a: Corviknight|99/100
|
|t:|1779686323
|switch|p2a: Tornadus|Tornadus-Therian, M|100/100|[from] U-turn
|move|p1a: Corviknight|Agility|p1a: Corviknight
|-boost|p1a: Corviknight|spe|2
|
|upkeep
|turn|16
|
|t:|1779686326
|move|p2a: Tornadus|Heat Wave|p1a: Corviknight
|-supereffective|p1a: Corviknight
|-damage|p1a: Corviknight|49/100
|-status|p1a: Corviknight|brn
|-enditem|p1a: Corviknight|Weakness Policy
|-boost|p1a: Corviknight|atk|2|[from] item: Weakness Policy
|-boost|p1a: Corviknight|spa|2|[from] item: Weakness Policy
|-damage|p2a: Tornadus|91/100|[from] item: Life Orb
|move|p1a: Corviknight|Agility|p1a: Corviknight
|-boost|p1a: Corviknight|spe|2
|
|-damage|p1a: Corviknight|43/100 brn|[from] brn
|upkeep
|turn|17
|
|t:|1779686334
|switch|p2a: Zapdos|Zapdos|100/100
|-terastallize|p1a: Corviknight|Dark
|move|p1a: Corviknight|Roost|p1a: Corviknight
|-heal|p1a: Corviknight|93/100 brn
|
|-damage|p1a: Corviknight|87/100 brn|[from] brn
|upkeep
|turn|18
|
|t:|1779686346
|move|p1a: Corviknight|Power Trip|p2a: Zapdos
|-damage|p2a: Zapdos|54/100
|move|p2a: Zapdos|Heat Wave|p1a: Corviknight
|-damage|p1a: Corviknight|70/100 brn
|
|-damage|p1a: Corviknight|64/100 brn|[from] brn
|upkeep
|turn|19
|
|t:|1779686354
|move|p1a: Corviknight|Agility|p1a: Corviknight
|-boost|p1a: Corviknight|spe|2
|move|p2a: Zapdos|U-turn|p1a: Corviknight
|-supereffective|p1a: Corviknight
|-damage|p1a: Corviknight|54/100 brn
|
|t:|1779686356
|switch|p2a: Comfey|Comfey, F|100/100|[from] U-turn
|-damage|p2a: Comfey|88/100|[from] Spikes
|
|-damage|p1a: Corviknight|48/100 brn|[from] brn
|upkeep
|turn|20
|
|t:|1779686360
|move|p2a: Comfey|Draining Kiss|p1a: Corviknight
|-supereffective|p1a: Corviknight
|-damage|p1a: Corviknight|16/100 brn
|-heal|p2a: Comfey|100/100|[from] drain|[of] p1a: Corviknight
|move|p1a: Corviknight|Roost|p1a: Corviknight
|-heal|p1a: Corviknight|66/100 brn
|
|-damage|p1a: Corviknight|60/100 brn|[from] brn
|upkeep
|turn|21
|
|t:|1779686362
|move|p2a: Comfey|Draining Kiss|p1a: Corviknight
|-supereffective|p1a: Corviknight
|-damage|p1a: Corviknight|28/100 brn
|move|p1a: Corviknight|Power Trip|p2a: Comfey
|-resisted|p2a: Comfey
|-damage|p2a: Comfey|50/100
|
|-damage|p1a: Corviknight|22/100 brn|[from] brn
|upkeep
|turn|22
|
|t:|1779686365
|move|p2a: Comfey|Draining Kiss|p1a: Corviknight
|-supereffective|p1a: Corviknight
|-damage|p1a: Corviknight|0 fnt
|-heal|p2a: Comfey|71/100|[from] drain|[of] p1a: Corviknight
|faint|p1a: Corviknight
|
|upkeep
|
|t:|1779686369
|switch|p1a: Snorlax|Snorlax, M|100/100
|-damage|p1a: Snorlax|88/100|[from] Spikes
|turn|23
|
|t:|1779686372
|switch|p2a: Zapdos|Zapdos|54/100
|move|p1a: Snorlax|Curse|p1a: Snorlax
|-unboost|p1a: Snorlax|spe|1
|-boost|p1a: Snorlax|atk|1
|-boost|p1a: Snorlax|def|1
|
|upkeep
|turn|24
|
|t:|1779686374
|move|p2a: Zapdos|Discharge|p1a: Snorlax
|-damage|p1a: Snorlax|73/100
|move|p1a: Snorlax|Curse|p1a: Snorlax
|-unboost|p1a: Snorlax|spe|1
|-boost|p1a: Snorlax|atk|1
|-boost|p1a: Snorlax|def|1
|
|upkeep
|turn|25
|
|t:|1779686377
|move|p2a: Zapdos|Discharge|p1a: Snorlax
|-damage|p1a: Snorlax|59/100
|move|p1a: Snorlax|Curse|p1a: Snorlax
|-unboost|p1a: Snorlax|spe|1
|-boost|p1a: Snorlax|atk|1
|-boost|p1a: Snorlax|def|1
|
|upkeep
|turn|26
|
|t:|1779686381
|move|p2a: Zapdos|Discharge|p1a: Snorlax
|-damage|p1a: Snorlax|43/100
|move|p1a: Snorlax|Curse|p1a: Snorlax
|-unboost|p1a: Snorlax|spe|1
|-boost|p1a: Snorlax|atk|1
|-boost|p1a: Snorlax|def|1
|
|upkeep
|turn|27
|
|t:|1779686383
|move|p2a: Zapdos|Discharge|p1a: Snorlax
|-damage|p1a: Snorlax|29/100
|move|p1a: Snorlax|Rest|p1a: Snorlax
|-status|p1a: Snorlax|slp|[from] move: Rest
|-heal|p1a: Snorlax|100/100 slp|[silent]
|
|upkeep
|turn|28
|
|t:|1779686387
|switch|p2a: Tornadus|Tornadus-Therian, M|100/100
|cant|p1a: Snorlax|slp
|
|upkeep
|turn|29
|
|t:|1779686390
|move|p2a: Tornadus|Knock Off|p1a: Snorlax
|-damage|p1a: Snorlax|91/100 slp
|-enditem|p1a: Snorlax|Covert Cloak|[from] move: Knock Off|[of] p2a: Tornadus
|-damage|p2a: Tornadus|91/100|[from] item: Life Orb
|cant|p1a: Snorlax|slp
|
|upkeep
|turn|30
|
|t:|1779686397
|move|p2a: Tornadus|Bleakwind Storm|p1a: Snorlax
|-damage|p1a: Snorlax|66/100 slp
|-damage|p2a: Tornadus|81/100|[from] item: Life Orb
|-curestatus|p1a: Snorlax|slp|[msg]
|move|p1a: Snorlax|Crunch|p2a: Tornadus
|-damage|p2a: Tornadus|0 fnt
|faint|p2a: Tornadus
|
|upkeep
|
|t:|1779686408
|switch|p2a: Zapdos|Zapdos|54/100
|turn|31
|
|t:|1779686411
|move|p2a: Zapdos|Roost|p2a: Zapdos
|-heal|p2a: Zapdos|100/100
|-singleturn|p2a: Zapdos|move: Roost
|move|p1a: Snorlax|Crunch|p2a: Zapdos
|-damage|p2a: Zapdos|58/100
|
|upkeep
|turn|32
|
|t:|1779686413
|move|p2a: Zapdos|Roost|p2a: Zapdos
|-heal|p2a: Zapdos|100/100
|-singleturn|p2a: Zapdos|move: Roost
|move|p1a: Snorlax|Earthquake|p2a: Zapdos
|-supereffective|p2a: Zapdos
|-damage|p2a: Zapdos|3/100
|
|upkeep
|turn|33
|
|t:|1779686420
|move|p2a: Zapdos|Discharge|p1a: Snorlax
|-damage|p1a: Snorlax|50/100
|move|p1a: Snorlax|Earthquake|p2a: Zapdos
|-immune|p2a: Zapdos
|
|upkeep
|turn|34
|
|t:|1779686423
|move|p2a: Zapdos|Discharge|p1a: Snorlax
|-damage|p1a: Snorlax|35/100
|move|p1a: Snorlax|Earthquake|p2a: Zapdos
|-immune|p2a: Zapdos
|
|upkeep
|turn|35
|
|t:|1779686425
|move|p2a: Zapdos|Discharge|p1a: Snorlax
|-damage|p1a: Snorlax|21/100
|-status|p1a: Snorlax|par
|cant|p1a: Snorlax|par
|
|upkeep
|turn|36
|
|t:|1779686429
|move|p2a: Zapdos|U-turn|p1a: Snorlax
|-damage|p1a: Snorlax|17/100 par
|
|t:|1779686431
|switch|p2a: Comfey|Comfey, F|71/100|[from] U-turn
|-damage|p2a: Comfey|59/100|[from] Spikes
|move|p1a: Snorlax|Rest|p1a: Snorlax
|-status|p1a: Snorlax|slp|[from] move: Rest
|-heal|p1a: Snorlax|100/100 slp|[silent]
|
|upkeep
|turn|37
|
|t:|1779686433
|move|p2a: Comfey|Leech Seed|p1a: Snorlax
|-start|p1a: Snorlax|move: Leech Seed
|cant|p1a: Snorlax|slp
|
|-damage|p1a: Snorlax|88/100 slp|[from] Leech Seed|[of] p2a: Comfey
|-heal|p2a: Comfey|80/100|[silent]
|upkeep
|turn|38
|
|t:|1779686435
|move|p2a: Comfey|Substitute|p2a: Comfey
|-start|p2a: Comfey|Substitute
|-damage|p2a: Comfey|55/100
|cant|p1a: Snorlax|slp
|
|-damage|p1a: Snorlax|76/100 slp|[from] Leech Seed|[of] p2a: Comfey
|-heal|p2a: Comfey|77/100|[silent]
|upkeep
|turn|39
|
|t:|1779686437
|move|p2a: Comfey|Calm Mind|p2a: Comfey
|-boost|p2a: Comfey|spa|1
|-boost|p2a: Comfey|spd|1
|-curestatus|p1a: Snorlax|slp|[msg]
|move|p1a: Snorlax|Earthquake|p2a: Comfey
|-end|p2a: Comfey|Substitute
|
|-damage|p1a: Snorlax|63/100|[from] Leech Seed|[of] p2a: Comfey
|-heal|p2a: Comfey|98/100|[silent]
|upkeep
|turn|40
|
|t:|1779686439
|move|p2a: Comfey|Substitute|p2a: Comfey
|-start|p2a: Comfey|Substitute
|-damage|p2a: Comfey|73/100
|move|p1a: Snorlax|Earthquake|p2a: Comfey
|-end|p2a: Comfey|Substitute
|
|-damage|p1a: Snorlax|51/100|[from] Leech Seed|[of] p2a: Comfey
|-heal|p2a: Comfey|94/100|[silent]
|upkeep
|turn|41
|-message|Trans Marill forfeited.
|
|win|LUPIIT
|raw|Trans Marill's rating: 1384 &rarr; <strong>1367</strong><br />(-17 for losing)
|raw|LUPIIT's rating: 1431 &rarr; <strong>1448</strong><br />(+17 for winning)
|l|☆Trans Marill
|player|p1|
|l|☆LUPIIT
|player|p2|
