|j|☆thaiido
|j|☆no1 vigoroth fan
|t:|1779610093
|gametype|singles
|player|p1|thaiido|benga|1314
|player|p2|no1 vigoroth fan|psychic-gen4|1327
|gen|9
|tier|[Gen 9] OU
|rated|
|rule|HP Percentage Mod: HP is shown in percentages
|rule|Endless Battle Clause: Forcing endless battles is banned
|rule|Species Clause: Limit one of each Pokémon
|rule|OHKO Clause: OHKO moves are banned
|rule|Evasion Items Clause: Evasion items are banned
|rule|Evasion Moves Clause: Evasion moves are banned
|rule|Evasion Abilities Clause: Evasion abilities are banned
|rule|Sleep Moves Clause: Sleep-inducing moves are banned
|clearpoke
|poke|p1|Torkoal, M|
|poke|p1|Raging Bolt|
|poke|p1|Great Tusk|
|poke|p1|Iron Moth|
|poke|p1|Scream Tail|
|poke|p1|Arcanine-Hisui, F|
|poke|p2|Hawlucha, F|
|poke|p2|Samurott-Hisui, F|
|poke|p2|Rillaboom, F|
|poke|p2|Gholdengo|
|poke|p2|Kyurem|
|poke|p2|Landorus-Therian, M|
|teampreview
|inactive|Battle timer is ON: inactive players will automatically lose when time's up. (requested by thaiido)
|
|t:|1779610122
|teamsize|p1|6
|teamsize|p2|6
|start
|switch|p1a: Torkoal|Torkoal, M, shiny|100/100
|switch|p2a: Samurott|Samurott-Hisui, F|100/100
|-weather|SunnyDay|[from] ability: Drought|[of] p1a: Torkoal
|turn|1
|
|t:|1779610131
|move|p2a: Samurott|Ceaseless Edge|p1a: Torkoal
|-damage|p1a: Torkoal|69/100
|-sidestart|p1: thaiido|Spikes
|move|p1a: Torkoal|Lava Plume|p2a: Samurott
|-resisted|p2a: Samurott
|-damage|p2a: Samurott|86/100
|
|-weather|SunnyDay|[upkeep]
|upkeep
|turn|2
|
|t:|1779610140
|-terastallize|p1a: Torkoal|Grass
|move|p2a: Samurott|Ceaseless Edge|p1a: Torkoal
|-damage|p1a: Torkoal|39/100
|-sidestart|p1: thaiido|Spikes
|move|p1a: Torkoal|Solar Beam||[still]
|-prepare|p1a: Torkoal|Solar Beam
|-anim|p1a: Torkoal|Solar Beam|p2a: Samurott
|-supereffective|p2a: Samurott
|-damage|p2a: Samurott|21/100
|
|-weather|SunnyDay|[upkeep]
|upkeep
|turn|3
|
|t:|1779610157
|move|p2a: Samurott|Ceaseless Edge|p1a: Torkoal
|-damage|p1a: Torkoal|8/100
|-sidestart|p1: thaiido|Spikes
|move|p1a: Torkoal|Rapid Spin|p2a: Samurott
|-crit|p2a: Samurott
|-damage|p2a: Samurott|6/100
|-boost|p1a: Torkoal|spe|1
|-sideend|p1: thaiido|Spikes|[from] move: Rapid Spin|[of] p1a: Torkoal
|
|-weather|SunnyDay|[upkeep]
|upkeep
|turn|4
|
|t:|1779610169
|move|p2a: Samurott|Ceaseless Edge|p1a: Torkoal
|-damage|p1a: Torkoal|0 fnt
|-sidestart|p1: thaiido|Spikes
|faint|p1a: Torkoal
|
|-weather|SunnyDay|[upkeep]
|upkeep
|
|t:|1779610174
|switch|p1a: Arcanine|Arcanine-Hisui, F, shiny|100/100
|-damage|p1a: Arcanine|88/100|[from] Spikes
|turn|5
|
|t:|1779610180
|move|p1a: Arcanine|Extreme Speed|p2a: Samurott
|-damage|p2a: Samurott|0 fnt
|faint|p2a: Samurott
|-damage|p1a: Arcanine|78/100|[from] item: Life Orb
|
|-weather|none
|upkeep
|
|t:|1779610189
|switch|p2a: Landorus|Landorus-Therian, M|100/100
|-ability|p2a: Landorus|Intimidate|boost
|-unboost|p1a: Arcanine|atk|1
|turn|6
|
|t:|1779610195
|switch|p1a: Scream Tail|Scream Tail, shiny|100/100
|-damage|p1a: Scream Tail|88/100|[from] Spikes
|move|p2a: Landorus|Earth Power|p1a: Scream Tail
|-damage|p1a: Scream Tail|69/100
|
|-heal|p1a: Scream Tail|76/100|[from] item: Leftovers
|upkeep
|turn|7
|
|t:|1779610201
|move|p2a: Landorus|Taunt|p1a: Scream Tail
|-start|p1a: Scream Tail|move: Taunt
|cant|p1a: Scream Tail|move: Taunt|Sunny Day
|
|-heal|p1a: Scream Tail|82/100|[from] item: Leftovers
|upkeep
|turn|8
|
|t:|1779610210
|move|p2a: Landorus|Stealth Rock|p1a: Scream Tail
|-sidestart|p1: thaiido|move: Stealth Rock
|move|p1a: Scream Tail|Psyshock|p2a: Landorus
|-damage|p2a: Landorus|82/100
|
|-heal|p1a: Scream Tail|88/100|[from] item: Leftovers
|upkeep
|turn|9
|
|t:|1779610219
|switch|p2a: Gholdengo|Gholdengo|100/100
|move|p1a: Scream Tail|Dazzling Gleam|p2a: Gholdengo
|-resisted|p2a: Gholdengo
|-damage|p2a: Gholdengo|89/100
|
|-heal|p1a: Scream Tail|94/100|[from] item: Leftovers
|-end|p1a: Scream Tail|move: Taunt
|upkeep
|turn|10
|
|t:|1779610233
|-end|p1a: Scream Tail|Protosynthesis|[silent]
|switch|p1a: Great Tusk|Great Tusk, shiny|100/100
|move|p2a: Gholdengo|Shadow Ball|p1a: Great Tusk
|-damage|p1a: Great Tusk|35/100
|
|upkeep
|turn|11
|
|t:|1779610240
|move|p2a: Gholdengo|Shadow Ball|p1a: Great Tusk
|-damage|p1a: Great Tusk|0 fnt
|faint|p1a: Great Tusk
|-end|p1a: Great Tusk|Protosynthesis|[silent]
|
|upkeep
|-message|thaiido forfeited.
|
|win|no1 vigoroth fan
|raw|thaiido's rating: 1314 &rarr; <strong>1295</strong><br />(-19 for losing)
|raw|no1 vigoroth fan's rating: 1327 &rarr; <strong>1346</strong><br />(+19 for winning)
|l|☆thaiido
|player|p1|
|l|☆no1 vigoroth fan
|player|p2|
