|j|☆kawaiiangel2
|j|☆Linkinfernodouglas
|t:|1779586498
|gametype|singles
|player|p1|kawaiiangel2|scientistf|1336
|player|p2|Linkinfernodouglas|169|1288
|gen|9
|tier|[Gen 9] OU
|rated|
|rule|HP Percentage Mod: HP is shown in percentages
|rule|Endless Battle Clause: Forcing endless battles is banned
|rule|Species Clause: Limit one of each Pokémon
|rule|OHKO Clause: OHKO moves are banned
|rule|Evasion Items Clause: Evasion items are banned
|rule|Evasion Moves Clause: Evasion moves are banned
|rule|Evasion Abilities Clause: Evasion abilities are banned
|rule|Sleep Moves Clause: Sleep-inducing moves are banned
|clearpoke
|poke|p1|Gholdengo|
|poke|p1|Kingambit, F|
|poke|p1|Clodsire, M|
|poke|p1|Iron Valiant|
|poke|p1|Rotom-Wash|
|poke|p1|Dragonite, M|
|poke|p2|Dragonite, F|
|poke|p2|Cinderace, F|
|poke|p2|Glimmora, F|
|poke|p2|Deoxys-Speed|
|poke|p2|Ceruledge, F|
|poke|p2|Kingambit, M|
|teampreview
|inactive|Battle timer is ON: inactive players will automatically lose when time's up. (requested by kawaiiangel2)
|
|t:|1779586527
|teamsize|p1|6
|teamsize|p2|6
|start
|switch|p1a: tank bf|Clodsire, M|100/100
|switch|p2a: Glimmora|Glimmora, F|100/100
|turn|1
|
|t:|1779586541
|move|p2a: Glimmora|Toxic|p1a: tank bf
|-status|p1a: tank bf|tox
|move|p1a: tank bf|Earthquake|p2a: Glimmora
|-supereffective|p2a: Glimmora
|-damage|p2a: Glimmora|0 fnt
|faint|p2a: Glimmora
|
|-damage|p1a: tank bf|94/100 tox|[from] psn
|upkeep
|
|t:|1779586548
|switch|p2a: Dragonite|Dragonite, F|100/100
|turn|2
|
|t:|1779586552
|move|p2a: Dragonite|Ice Beam|p1a: tank bf
|-supereffective|p1a: tank bf
|-damage|p1a: tank bf|74/100 tox
|move|p1a: tank bf|Toxic|p2a: Dragonite
|-status|p2a: Dragonite|tox
|
|-heal|p1a: tank bf|80/100 tox|[from] item: Leftovers
|-damage|p2a: Dragonite|94/100 tox|[from] psn
|-damage|p1a: tank bf|68/100 tox|[from] psn
|upkeep
|turn|3
|
|t:|1779586572
|switch|p1a: brainstorm|Iron Valiant, shiny|100/100
|move|p2a: Dragonite|Ice Beam|p1a: brainstorm
|-damage|p1a: brainstorm|65/100
|
|-damage|p2a: Dragonite|82/100 tox|[from] psn
|upkeep
|turn|4
|
|t:|1779586584
|move|p1a: brainstorm|Moonblast|p2a: Dragonite
|-supereffective|p2a: Dragonite
|-damage|p2a: Dragonite|0 fnt
|faint|p2a: Dragonite
|
|upkeep
|
|t:|1779586596
|switch|p2a: Ceruledge|Ceruledge, F|100/100
|turn|5
|
|t:|1779586611
|move|p1a: brainstorm|Moonblast|p2a: Ceruledge
|-resisted|p2a: Ceruledge
|-damage|p2a: Ceruledge|82/100
|move|p2a: Ceruledge|Bulk Up|p2a: Ceruledge
|-boost|p2a: Ceruledge|atk|1
|-boost|p2a: Ceruledge|def|1
|
|upkeep
|turn|6
|
|t:|1779586626
|-end|p1a: brainstorm|Quark Drive|[silent]
|switch|p1a: CHW9160GW 27'|Rotom-Wash|100/100
|move|p2a: Ceruledge|Bulk Up|p2a: Ceruledge
|-boost|p2a: Ceruledge|atk|1
|-boost|p2a: Ceruledge|def|1
|
|upkeep
|turn|7
|inactive|Linkinfernodouglas has 120 seconds left.
|
|t:|1779586658
|-terastallize|p2a: Ceruledge|Bug
|move|p2a: Ceruledge|Shadow Sneak|p1a: CHW9160GW 27'
|-damage|p1a: CHW9160GW 27'|75/100
|move|p1a: CHW9160GW 27'|Hydro Pump|p2a: Ceruledge
|-damage|p2a: Ceruledge|52/100
|
|-heal|p1a: CHW9160GW 27'|81/100|[from] item: Leftovers
|upkeep
|turn|8
|inactive|Linkinfernodouglas has 120 seconds left.
|
|t:|1779586684
|move|p2a: Ceruledge|Bulk Up|p2a: Ceruledge
|-boost|p2a: Ceruledge|atk|1
|-boost|p2a: Ceruledge|def|1
|move|p1a: CHW9160GW 27'|Will-O-Wisp|p2a: Ceruledge
|-start|p2a: Ceruledge|ability: Flash Fire
|
|-heal|p1a: CHW9160GW 27'|87/100|[from] item: Leftovers
|upkeep
|turn|9
|
|t:|1779586700
|move|p2a: Ceruledge|Bulk Up|p2a: Ceruledge
|-boost|p2a: Ceruledge|atk|1
|-boost|p2a: Ceruledge|def|1
|move|p1a: CHW9160GW 27'|Hydro Pump|p2a: Ceruledge
|-damage|p2a: Ceruledge|23/100
|
|-heal|p1a: CHW9160GW 27'|93/100|[from] item: Leftovers
|upkeep
|turn|10
|
|t:|1779586706
|move|p2a: Ceruledge|Bitter Blade|p1a: CHW9160GW 27'
|-resisted|p1a: CHW9160GW 27'
|-damage|p1a: CHW9160GW 27'|30/100
|-heal|p2a: Ceruledge|51/100|[from] drain|[of] p1a: CHW9160GW 27'
|move|p1a: CHW9160GW 27'|Hydro Pump|p2a: Ceruledge|[miss]
|-miss|p1a: CHW9160GW 27'|p2a: Ceruledge
|
|-heal|p1a: CHW9160GW 27'|36/100|[from] item: Leftovers
|upkeep
|turn|11
|
|t:|1779586722
|move|p2a: Ceruledge|Bitter Blade|p1a: CHW9160GW 27'
|-resisted|p1a: CHW9160GW 27'
|-damage|p1a: CHW9160GW 27'|0 fnt
|-heal|p2a: Ceruledge|66/100|[from] drain|[of] p1a: CHW9160GW 27'
|faint|p1a: CHW9160GW 27'
|
|upkeep
|
|t:|1779586733
|switch|p1a: brainstorm|Iron Valiant, shiny|65/100
|turn|12
|
|t:|1779586745
|-terastallize|p1a: brainstorm|Fairy
|move|p1a: brainstorm|Moonblast|p2a: Ceruledge
|-damage|p2a: Ceruledge|19/100
|move|p2a: Ceruledge|Bitter Blade|p1a: brainstorm
|-damage|p1a: brainstorm|0 fnt
|-heal|p2a: Ceruledge|45/100|[from] drain|[of] p1a: brainstorm
|faint|p1a: brainstorm
|-end|p1a: brainstorm|Quark Drive|[silent]
|
|upkeep
|
|t:|1779586756
|switch|p1a: tank bf|Clodsire, M|68/100 tox
|turn|13
|
|t:|1779586760
|move|p2a: Ceruledge|Bitter Blade|p1a: tank bf
|-damage|p1a: tank bf|2/100 tox
|-heal|p2a: Ceruledge|88/100|[from] drain|[of] p1a: tank bf
|move|p1a: tank bf|Toxic|p2a: Ceruledge
|-status|p2a: Ceruledge|tox
|
|-heal|p1a: tank bf|9/100 tox|[from] item: Leftovers
|-damage|p2a: Ceruledge|82/100 tox|[from] psn
|-damage|p1a: tank bf|2/100 tox|[from] psn
|upkeep
|turn|14
|
|t:|1779586771
|move|p1a: tank bf|Protect|p1a: tank bf
|-singleturn|p1a: tank bf|Protect
|move|p2a: Ceruledge|Bitter Blade|p1a: tank bf
|-activate|p1a: tank bf|move: Protect
|
|-heal|p1a: tank bf|9/100 tox|[from] item: Leftovers
|-damage|p2a: Ceruledge|69/100 tox|[from] psn
|-damage|p1a: tank bf|0 fnt|[from] psn
|faint|p1a: tank bf
|upkeep
|
|t:|1779586787
|switch|p1a: bana|Gholdengo|100/100
|-item|p1a: bana|Air Balloon
|turn|15
|
|t:|1779586800
|move|p2a: Ceruledge|Shadow Sneak|p1a: bana
|-supereffective|p1a: bana
|-damage|p1a: bana|0 fnt
|-enditem|p1a: bana|Air Balloon
|faint|p1a: bana
|
|-damage|p2a: Ceruledge|51/100 tox|[from] psn
|upkeep
|
|t:|1779586810
|switch|p1a: cheeto puff|Dragonite, M|100/100
|turn|16
|
|t:|1779586821
|move|p1a: cheeto puff|Extreme Speed|p2a: Ceruledge
|-damage|p2a: Ceruledge|42/100 tox
|move|p2a: Ceruledge|Bitter Blade|p1a: cheeto puff
|-resisted|p1a: cheeto puff
|-damage|p1a: cheeto puff|61/100
|-heal|p2a: Ceruledge|63/100 tox|[from] drain|[of] p1a: cheeto puff
|
|-damage|p2a: Ceruledge|38/100 tox|[from] psn
|upkeep
|turn|17
|
|t:|1779586833
|move|p1a: cheeto puff|Extreme Speed|p2a: Ceruledge
|-damage|p2a: Ceruledge|29/100 tox
|move|p2a: Ceruledge|Bitter Blade|p1a: cheeto puff
|-resisted|p1a: cheeto puff
|-damage|p1a: cheeto puff|0 fnt
|-heal|p2a: Ceruledge|62/100 tox|[from] drain|[of] p1a: cheeto puff
|faint|p1a: cheeto puff
|
|-damage|p2a: Ceruledge|31/100 tox|[from] psn
|upkeep
|
|t:|1779586849
|switch|p1a: sweeper|Kingambit, F|100/100
|-activate|p1a: sweeper|ability: Supreme Overlord
|-start|p1a: sweeper|fallen5|[silent]
|-item|p1a: sweeper|Air Balloon
|turn|18
|
|t:|1779586860
|move|p1a: sweeper|Sucker Punch|p2a: Ceruledge
|-damage|p2a: Ceruledge|10/100 tox
|move|p2a: Ceruledge|Bitter Blade|p1a: sweeper
|-supereffective|p1a: sweeper
|-damage|p1a: sweeper|0 fnt
|-heal|p2a: Ceruledge|65/100 tox|[from] drain|[of] p1a: sweeper
|-enditem|p1a: sweeper|Air Balloon
|faint|p1a: sweeper
|-end|p1a: sweeper|fallen5|[silent]
|
|win|Linkinfernodouglas
|raw|kawaiiangel2's rating: 1336 &rarr; <strong>1313</strong><br />(-23 for losing)
|raw|Linkinfernodouglas's rating: 1288 &rarr; <strong>1316</strong><br />(+28 for winning)
|c|☆Linkinfernodouglas|gg
|c|☆kawaiiangel2|die
|l|☆kawaiiangel2
|player|p1|
