|j|☆Eyes of Ruby
|j|☆dubstepwubfish
|t:|1779711553
|gametype|singles
|player|p1|Eyes of Ruby|gardenia|1386
|player|p2|dubstepwubfish|ninjaboy|1399
|gen|9
|tier|[Gen 9] OU
|rated|
|rule|HP Percentage Mod: HP is shown in percentages
|rule|Endless Battle Clause: Forcing endless battles is banned
|rule|Species Clause: Limit one of each Pokémon
|rule|OHKO Clause: OHKO moves are banned
|rule|Evasion Items Clause: Evasion items are banned
|rule|Evasion Moves Clause: Evasion moves are banned
|rule|Evasion Abilities Clause: Evasion abilities are banned
|rule|Sleep Moves Clause: Sleep-inducing moves are banned
|clearpoke
|poke|p1|Ogerpon-Wellspring, F|
|poke|p1|Great Tusk|
|poke|p1|Iron Crown|
|poke|p1|Kyurem|
|poke|p1|Pecharunt|
|poke|p1|Grimmsnarl, M|
|poke|p2|Cloyster, F|
|poke|p2|Cinccino, M|
|poke|p2|Hatterene, F|
|poke|p2|Tyranitar, M|
|poke|p2|Arcanine-Hisui, F|
|poke|p2|Slither Wing|
|teampreview
|
|t:|1779711584
|teamsize|p1|6
|teamsize|p2|6
|start
|switch|p1a: Grimmsnarl|Grimmsnarl, M, shiny|100/100
|switch|p2a: Slither Wing|Slither Wing|100/100
|turn|1
|
|t:|1779711591
|move|p2a: Slither Wing|First Impression|p1a: Grimmsnarl
|-damage|p1a: Grimmsnarl|58/100
|move|p1a: Grimmsnarl|Reflect|p1a: Grimmsnarl
|-sidestart|p1: Eyes of Ruby|Reflect
|
|upkeep
|turn|2
|
|t:|1779711597
|move|p2a: Slither Wing|Will-O-Wisp|p1a: Grimmsnarl
|-status|p1a: Grimmsnarl|brn
|move|p1a: Grimmsnarl|Spirit Break|p2a: Slither Wing
|-supereffective|p2a: Slither Wing
|-damage|p2a: Slither Wing|75/100
|-unboost|p2a: Slither Wing|spa|1
|
|-damage|p1a: Grimmsnarl|52/100 brn|[from] brn
|upkeep
|turn|3
|inactive|Battle timer is ON: inactive players will automatically lose when time's up. (requested by Eyes of Ruby)
|
|t:|1779711607
|switch|p1a: Pecharunt|Pecharunt|100/100
|move|p2a: Slither Wing|U-turn|p1a: Pecharunt
|-resisted|p1a: Pecharunt
|-damage|p1a: Pecharunt|98/100
|
|t:|1779711613
|-end|p2a: Slither Wing|Protosynthesis|[silent]
|switch|p2a: Tyranitar|Tyranitar, M|100/100|[from] U-turn
|-weather|Sandstorm|[from] ability: Sand Stream|[of] p2a: Tyranitar
|
|-weather|Sandstorm|[upkeep]
|-damage|p1a: Pecharunt|92/100|[from] Sandstorm
|upkeep
|turn|4
|
|t:|1779711616
|move|p1a: Pecharunt|Toxic|p2a: Tyranitar
|-status|p2a: Tyranitar|tox
|-start|p2a: Tyranitar|confusion|[from] ability: Poison Puppeteer|[of] p1a: Pecharunt
|-activate|p2a: Tyranitar|confusion
|-damage|p2a: Tyranitar|89/100 tox|[from] confusion
|
|-weather|Sandstorm|[upkeep]
|-damage|p1a: Pecharunt|86/100|[from] Sandstorm
|-damage|p2a: Tyranitar|83/100 tox|[from] psn
|upkeep
|turn|5
|
|t:|1779711624
|move|p1a: Pecharunt|Parting Shot|p2a: Tyranitar
|-unboost|p2a: Tyranitar|atk|1
|-unboost|p2a: Tyranitar|spa|1
|
|t:|1779711627
|switch|p1a: Great Tusk|Great Tusk|100/100|[from] Parting Shot
|-end|p2a: Tyranitar|confusion
|move|p2a: Tyranitar|Knock Off|p1a: Great Tusk
|-resisted|p1a: Great Tusk
|-damage|p1a: Great Tusk|92/100
|-enditem|p1a: Great Tusk|Heavy-Duty Boots|[from] move: Knock Off|[of] p2a: Tyranitar
|
|-weather|Sandstorm|[upkeep]
|-damage|p2a: Tyranitar|70/100 tox|[from] psn
|upkeep
|turn|6
|
|t:|1779711642
|switch|p2a: Hatterene|Hatterene, F|100/100
|move|p1a: Great Tusk|Headlong Rush|p2a: Hatterene
|-damage|p2a: Hatterene|55/100
|-unboost|p1a: Great Tusk|def|1
|-unboost|p1a: Great Tusk|spd|1
|-damage|p1a: Great Tusk|76/100|[from] item: Rocky Helmet|[of] p2a: Hatterene
|
|-weather|Sandstorm|[upkeep]
|-damage|p2a: Hatterene|49/100|[from] Sandstorm
|upkeep
|turn|7
|
|t:|1779711663
|-end|p1a: Great Tusk|Protosynthesis|[silent]
|switch|p1a: Iron Crown|Iron Crown|100/100
|-enditem|p1a: Iron Crown|Booster Energy
|-activate|p1a: Iron Crown|ability: Quark Drive|[fromitem]
|-start|p1a: Iron Crown|quarkdrivespa
|move|p2a: Hatterene|Draining Kiss|p1a: Iron Crown
|-resisted|p1a: Iron Crown
|-damage|p1a: Iron Crown|89/100
|-heal|p2a: Hatterene|58/100|[from] drain|[of] p1a: Iron Crown
|
|-weather|none
|upkeep
|turn|8
|
|t:|1779711682
|switch|p2a: Slither Wing|Slither Wing|75/100
|move|p1a: Iron Crown|Agility|p1a: Iron Crown
|-boost|p1a: Iron Crown|spe|2
|
|-sideend|p1: Eyes of Ruby|Reflect
|upkeep
|turn|9
|
|t:|1779711695
|-terastallize|p1a: Iron Crown|Fairy
|move|p2a: Slither Wing|First Impression|p1a: Iron Crown
|-resisted|p1a: Iron Crown
|-damage|p1a: Iron Crown|73/100
|move|p1a: Iron Crown|Tachyon Cutter|p2a: Slither Wing
|-damage|p2a: Slither Wing|49/100
|-damage|p2a: Slither Wing|19/100
|-hitcount|p2a: Slither Wing|2
|
|upkeep
|turn|10
|
|t:|1779711704
|move|p1a: Iron Crown|Calm Mind|p1a: Iron Crown
|-boost|p1a: Iron Crown|spa|1
|-boost|p1a: Iron Crown|spd|1
|move|p2a: Slither Wing|Morning Sun|p2a: Slither Wing
|-heal|p2a: Slither Wing|69/100
|
|upkeep
|turn|11
|
|t:|1779711711
|move|p1a: Iron Crown|Stored Power|p2a: Slither Wing
|-supereffective|p2a: Slither Wing
|-damage|p2a: Slither Wing|0 fnt
|faint|p2a: Slither Wing
|-end|p2a: Slither Wing|Protosynthesis|[silent]
|
|upkeep
|
|t:|1779711718
|switch|p2a: Arcanine|Arcanine-Hisui, F|100/100
|turn|12
|
|t:|1779711722
|move|p2a: Arcanine|Extreme Speed|p1a: Iron Crown
|-damage|p1a: Iron Crown|38/100
|move|p1a: Iron Crown|Tachyon Cutter|p2a: Arcanine
|-damage|p2a: Arcanine|41/100
|-damage|p2a: Arcanine|0 fnt
|faint|p2a: Arcanine
|-hitcount|p2: Arcanine|2
|
|upkeep
|
|t:|1779711740
|switch|p2a: Hatterene|Hatterene, F|58/100
|turn|13
|
|t:|1779711747
|-terastallize|p2a: Hatterene|Water
|move|p1a: Iron Crown|Tachyon Cutter|p2a: Hatterene
|-resisted|p2a: Hatterene
|-damage|p2a: Hatterene|35/100
|-resisted|p2a: Hatterene
|-damage|p2a: Hatterene|8/100
|-hitcount|p2a: Hatterene|2
|move|p2a: Hatterene|Draining Kiss|p1a: Iron Crown
|-damage|p1a: Iron Crown|24/100
|-heal|p2a: Hatterene|19/100|[from] drain|[of] p1a: Iron Crown
|
|upkeep
|turn|14
|
|t:|1779711759
|move|p1a: Iron Crown|Tachyon Cutter|p2a: Hatterene
|-resisted|p2a: Hatterene
|-damage|p2a: Hatterene|0 fnt
|faint|p2a: Hatterene
|-hitcount|p2: Hatterene|1
|
|upkeep
|
|t:|1779711761
|switch|p2a: Cloyster|Cloyster, F|100/100
|turn|15
|
|t:|1779711771
|move|p2a: Cloyster|Ice Shard|p1a: Iron Crown
|-damage|p1a: Iron Crown|9/100
|move|p1a: Iron Crown|Tachyon Cutter|p2a: Cloyster
|-damage|p2a: Cloyster|0 fnt
|faint|p2a: Cloyster
|-hitcount|p2: Cloyster|1
|
|upkeep
|
|t:|1779711779
|switch|p2a: Tyranitar|Tyranitar, M|70/100 tox
|-weather|Sandstorm|[from] ability: Sand Stream|[of] p2a: Tyranitar
|turn|16
|
|t:|1779711786
|move|p1a: Iron Crown|Tachyon Cutter|p2a: Tyranitar
|-supereffective|p2a: Tyranitar
|-damage|p2a: Tyranitar|14/100 tox
|-supereffective|p2a: Tyranitar
|-damage|p2a: Tyranitar|0 fnt
|faint|p2a: Tyranitar
|-hitcount|p2: Tyranitar|2
|
|-weather|Sandstorm|[upkeep]
|-damage|p1a: Iron Crown|3/100|[from] Sandstorm
|upkeep
|
|t:|1779711791
|switch|p2a: Cinccino|Cinccino, M|100/100
|turn|17
|
|t:|1779711793
|move|p1a: Iron Crown|Tachyon Cutter|p2a: Cinccino
|-damage|p2a: Cinccino|10/100
|-damage|p2a: Cinccino|0 fnt
|faint|p2a: Cinccino
|-hitcount|p2: Cinccino|2
|
|win|Eyes of Ruby
|raw|Eyes of Ruby's rating: 1386 &rarr; <strong>1407</strong><br />(+21 for winning)
|raw|dubstepwubfish's rating: 1399 &rarr; <strong>1378</strong><br />(-21 for losing)
|l|☆dubstepwubfish
|player|p2|
|l|☆Eyes of Ruby
|player|p1|
