|j|☆ArielPukLacra
|j|☆Nickiewch
|t:|1779599410
|gametype|singles
|player|p1|ArielPukLacra|102|1136
|player|p2|Nickiewch|lucas-gen4pt|1086
|gen|9
|tier|[Gen 9] OU
|rated|
|rule|HP Percentage Mod: HP is shown in percentages
|rule|Endless Battle Clause: Forcing endless battles is banned
|rule|Species Clause: Limit one of each Pokémon
|rule|OHKO Clause: OHKO moves are banned
|rule|Evasion Items Clause: Evasion items are banned
|rule|Evasion Moves Clause: Evasion moves are banned
|rule|Evasion Abilities Clause: Evasion abilities are banned
|rule|Sleep Moves Clause: Sleep-inducing moves are banned
|clearpoke
|poke|p1|Moltres-Galar|
|poke|p1|Regieleki|
|poke|p1|Iron Boulder|
|poke|p1|Maushold-Four|
|poke|p1|Ribombee, M|
|poke|p1|Slither Wing|
|poke|p2|Gliscor, F|
|poke|p2|Barraskewda, F|
|poke|p2|Iron Valiant|
|poke|p2|Gholdengo|
|poke|p2|Salamence, F|
|poke|p2|Kingambit, F|
|teampreview
|
|t:|1779599413
|teamsize|p1|6
|teamsize|p2|6
|start
|switch|p1a: Ribombee|Ribombee, M|100/100
|switch|p2a: Gliscor|Gliscor, F|100/100
|turn|1
|inactive|Battle timer is ON: inactive players will automatically lose when time's up. (requested by ArielPukLacra)
|
|t:|1779599421
|move|p1a: Ribombee|Stun Spore|p2a: Gliscor|[miss]
|-miss|p1a: Ribombee|p2a: Gliscor
|move|p2a: Gliscor|Dual Wingbeat|p1a: Ribombee
|-supereffective|p1a: Ribombee
|-damage|p1a: Ribombee|29/100
|-supereffective|p1a: Ribombee
|-damage|p1a: Ribombee|0 fnt
|faint|p1a: Ribombee
|-hitcount|p1: Ribombee|2
|
|-status|p2a: Gliscor|tox|[from] item: Toxic Orb
|upkeep
|inactive|ArielPukLacra has 120 seconds left.
|
|t:|1779599461
|switch|p1a: Maushold|Maushold-Four|100/100
|turn|2
|
|t:|1779599473
|move|p1a: Maushold|Tidy Up|p1a: Maushold
|-boost|p1a: Maushold|atk|1
|-boost|p1a: Maushold|spe|1
|move|p2a: Gliscor|Facade|p1a: Maushold
|-damage|p1a: Maushold|27/100
|
|upkeep
|turn|3
|
|t:|1779599488
|move|p1a: Maushold|Population Bomb|p2a: Gliscor
|-damage|p2a: Gliscor|82/100 tox
|-damage|p2a: Gliscor|62/100 tox
|-damage|p2a: Gliscor|46/100 tox
|-damage|p2a: Gliscor|28/100 tox
|-damage|p2a: Gliscor|10/100 tox
|-damage|p2a: Gliscor|0 fnt
|faint|p2a: Gliscor
|-hitcount|p2: Gliscor|6
|
|upkeep
|
|t:|1779599499
|switch|p2a: Barraskewda|Barraskewda, F|100/100
|turn|4
|
|t:|1779599511
|move|p1a: Maushold|Bullet Seed|p2a: Barraskewda
|-supereffective|p2a: Barraskewda
|-damage|p2a: Barraskewda|39/100
|-supereffective|p2a: Barraskewda
|-damage|p2a: Barraskewda|0 fnt
|faint|p2a: Barraskewda
|-hitcount|p2: Barraskewda|2
|
|upkeep
|
|t:|1779599518
|switch|p2a: Iron Valiant|Iron Valiant|100/100
|-enditem|p2a: Iron Valiant|Booster Energy
|-activate|p2a: Iron Valiant|ability: Quark Drive|[fromitem]
|-start|p2a: Iron Valiant|quarkdrivespa
|turn|5
|
|t:|1779599526
|move|p1a: Maushold|Population Bomb|p2a: Iron Valiant
|-damage|p2a: Iron Valiant|79/100
|-damage|p2a: Iron Valiant|58/100
|-damage|p2a: Iron Valiant|36/100
|-damage|p2a: Iron Valiant|14/100
|-hitcount|p2a: Iron Valiant|4
|move|p2a: Iron Valiant|Aura Sphere|p1a: Maushold
|-supereffective|p1a: Maushold
|-crit|p1a: Maushold
|-damage|p1a: Maushold|0 fnt
|faint|p1a: Maushold
|
|upkeep
|
|t:|1779599537
|switch|p1a: Regieleki|Regieleki|100/100
|turn|6
|
|t:|1779599545
|move|p1a: Regieleki|Ancient Power|p2a: Iron Valiant
|-resisted|p2a: Iron Valiant
|-damage|p2a: Iron Valiant|0 fnt
|faint|p2a: Iron Valiant
|-end|p2a: Iron Valiant|Quark Drive|[silent]
|-damage|p1a: Regieleki|91/100|[from] item: Life Orb
|
|upkeep
|
|t:|1779599553
|switch|p2a: Gholdengo|Gholdengo|100/100
|turn|7
|
|t:|1779599560
|move|p1a: Regieleki|Thunderbolt|p2a: Gholdengo
|-damage|p2a: Gholdengo|18/100
|-damage|p1a: Regieleki|81/100|[from] item: Life Orb
|move|p2a: Gholdengo|Shadow Ball|p1a: Regieleki
|-damage|p1a: Regieleki|0 fnt
|faint|p1a: Regieleki
|-damage|p2a: Gholdengo|8/100|[from] item: Life Orb
|
|upkeep
|
|t:|1779599571
|switch|p1a: Moltres|Moltres-Galar|100/100
|turn|8
|
|t:|1779599600
|move|p1a: Moltres|Substitute|p1a: Moltres
|-start|p1a: Moltres|Substitute
|-damage|p1a: Moltres|76/100
|move|p2a: Gholdengo|Steel Beam|p1a: Moltres
|-end|p1a: Moltres|Substitute
|-damage|p2a: Gholdengo|0 fnt|[from] steelbeam
|faint|p2a: Gholdengo
|
|upkeep
|
|t:|1779599609
|switch|p2a: Salamence|Salamence, F|100/100
|turn|9
|
|t:|1779599620
|-terastallize|p2a: Salamence|Fairy
|move|p1a: Moltres|Fiery Wrath|p2a: Salamence
|-resisted|p2a: Salamence
|-damage|p2a: Salamence|71/100
|-damage|p1a: Moltres|66/100|[from] item: Life Orb
|move|p2a: Salamence|Outrage|p1a: Moltres
|-damage|p1a: Moltres|0 fnt
|faint|p1a: Moltres
|-ability|p2a: Salamence|Moxie|boost
|-boost|p2a: Salamence|atk|1
|-damage|p2a: Salamence|62/100|[from] item: Life Orb
|
|upkeep
|inactive|ArielPukLacra has 120 seconds left.
|
|t:|1779599637
|switch|p1a: Iron Boulder|Iron Boulder|100/100
|-enditem|p1a: Iron Boulder|Booster Energy
|-activate|p1a: Iron Boulder|ability: Quark Drive|[fromitem]
|-start|p1a: Iron Boulder|quarkdriveatk
|turn|10
|
|t:|1779599644
|move|p1a: Iron Boulder|Mighty Cleave|p2a: Salamence
|-damage|p2a: Salamence|0 fnt
|faint|p2a: Salamence
|
|upkeep
|
|t:|1779599649
|switch|p2a: Kingambit|Kingambit, F|100/100
|-activate|p2a: Kingambit|ability: Supreme Overlord
|-start|p2a: Kingambit|fallen5|[silent]
|turn|11
|
|t:|1779599656
|-terastallize|p1a: Iron Boulder|Fighting
|move|p1a: Iron Boulder|Close Combat|p2a: Kingambit
|-supereffective|p2a: Kingambit
|-damage|p2a: Kingambit|0 fnt
|-unboost|p1a: Iron Boulder|def|1
|-unboost|p1a: Iron Boulder|spd|1
|faint|p2a: Kingambit
|-end|p2a: Kingambit|fallen5|[silent]
|
|win|ArielPukLacra
|raw|ArielPukLacra's rating: 1136 &rarr; <strong>1157</strong><br />(+21 for winning)
|raw|Nickiewch's rating: 1086 &rarr; <strong>1066</strong><br />(-20 for losing)
|l|☆Nickiewch
|player|p2|
|l|☆ArielPukLacra
|player|p1|
