|j|☆helpless_01
|j|☆RealProblemSleuth
|t:|1779704277
|gametype|singles
|player|p1|helpless_01|veteran|1109
|player|p2|RealProblemSleuth|102|1139
|gen|9
|tier|[Gen 9] OU
|rated|
|rule|HP Percentage Mod: HP is shown in percentages
|rule|Endless Battle Clause: Forcing endless battles is banned
|rule|Species Clause: Limit one of each Pokémon
|rule|OHKO Clause: OHKO moves are banned
|rule|Evasion Items Clause: Evasion items are banned
|rule|Evasion Moves Clause: Evasion moves are banned
|rule|Evasion Abilities Clause: Evasion abilities are banned
|rule|Sleep Moves Clause: Sleep-inducing moves are banned
|clearpoke
|poke|p1|Gliscor, F|
|poke|p1|Grimmsnarl, M|
|poke|p1|Dragapult, M|
|poke|p1|Great Tusk|
|poke|p1|Umbreon, M|
|poke|p1|Slowking-Galar, F|
|poke|p2|Clefairy, M|
|poke|p2|Darkrai|
|poke|p2|Samurott-Hisui, M|
|poke|p2|Lokix, F|
|poke|p2|Corviknight, M|
|poke|p2|Heatran, F|
|teampreview
|
|t:|1779704296
|teamsize|p1|6
|teamsize|p2|6
|start
|switch|p1a: Grimmsnarl|Grimmsnarl, M|100/100
|switch|p2a: Clefairy|Clefairy, M, shiny|100/100
|turn|1
|
|t:|1779704312
|move|p1a: Grimmsnarl|Thunder Wave|p2a: Clefairy
|-status|p2a: Clefairy|par
|move|p2a: Clefairy|Knock Off|p1a: Grimmsnarl
|-resisted|p1a: Grimmsnarl
|-damage|p1a: Grimmsnarl|97/100
|-enditem|p1a: Grimmsnarl|Light Clay|[from] move: Knock Off|[of] p2a: Clefairy
|
|upkeep
|turn|2
|
|t:|1779704323
|move|p1a: Grimmsnarl|Light Screen|p1a: Grimmsnarl
|-sidestart|p1: helpless_01|move: Light Screen
|move|p2a: Clefairy|Encore|p1a: Grimmsnarl
|-start|p1a: Grimmsnarl|Encore
|
|upkeep
|turn|3
|
|t:|1779704369
|switch|p1a: Slowking|Slowking-Galar, F|100/100
|switch|p2a: Lokix|Lokix, F|100/100
|
|upkeep
|turn|4
|
|t:|1779704389
|switch|p1a: Grimmsnarl|Grimmsnarl, M|97/100
|move|p2a: Lokix|Knock Off|p1a: Grimmsnarl
|-resisted|p1a: Grimmsnarl
|-damage|p1a: Grimmsnarl|79/100
|
|upkeep
|turn|5
|
|t:|1779704402
|move|p1a: Grimmsnarl|Reflect|p1a: Grimmsnarl
|-sidestart|p1: helpless_01|Reflect
|move|p2a: Lokix|U-turn|p1a: Grimmsnarl
|-damage|p1a: Grimmsnarl|61/100
|
|t:|1779704411
|switch|p2a: Heatran|Heatran, F|100/100|[from] U-turn
|
|upkeep
|turn|6
|
|t:|1779704417
|move|p1a: Grimmsnarl|Thunder Wave|p2a: Heatran
|-status|p2a: Heatran|par
|move|p2a: Heatran|Flash Cannon|p1a: Grimmsnarl
|-supereffective|p1a: Grimmsnarl
|-damage|p1a: Grimmsnarl|24/100
|
|-sideend|p1: helpless_01|move: Light Screen
|upkeep
|turn|7
|
|t:|1779704429
|move|p1a: Grimmsnarl|Parting Shot|p2a: Heatran
|-unboost|p2a: Heatran|atk|1
|-unboost|p2a: Heatran|spa|1
|
|t:|1779704433
|switch|p1a: Umbreon|Umbreon, M|100/100|[from] Parting Shot
|cant|p2a: Heatran|par
|
|upkeep
|turn|8
|
|t:|1779704445
|switch|p2a: Clefairy|Clefairy, M, shiny|100/100 par
|move|p1a: Umbreon|Wish|p1a: Umbreon
|
|upkeep
|turn|9
|
|t:|1779704451
|switch|p1a: Grimmsnarl|Grimmsnarl, M|24/100
|move|p2a: Clefairy|Encore||[still]
|-fail|p2a: Clefairy
|
|-heal|p1a: Grimmsnarl|74/100|[from] move: Wish|[wisher] Umbreon
|-sideend|p1: helpless_01|Reflect
|upkeep
|turn|10
|
|t:|1779704462
|move|p1a: Grimmsnarl|Light Screen|p1a: Grimmsnarl
|-sidestart|p1: helpless_01|move: Light Screen
|move|p2a: Clefairy|Stealth Rock|p1a: Grimmsnarl
|-sidestart|p1: helpless_01|move: Stealth Rock
|
|upkeep
|turn|11
|
|t:|1779704469
|move|p1a: Grimmsnarl|Reflect|p1a: Grimmsnarl
|-sidestart|p1: helpless_01|Reflect
|move|p2a: Clefairy|Encore|p1a: Grimmsnarl
|-start|p1a: Grimmsnarl|Encore
|
|upkeep
|turn|12
|
|t:|1779704480
|switch|p1a: Slowking|Slowking-Galar, F|100/100
|move|p2a: Clefairy|Knock Off|p1a: Slowking
|-supereffective|p1a: Slowking
|-damage|p1a: Slowking|88/100
|-enditem|p1a: Slowking|Heavy-Duty Boots|[from] move: Knock Off|[of] p2a: Clefairy
|
|upkeep
|turn|13
|
|t:|1779704500
|switch|p2a: Corviknight|Corviknight, M|100/100
|-ability|p2a: Corviknight|Pressure
|move|p1a: Slowking|Future Sight|p2a: Corviknight
|-start|p1a: Slowking|move: Future Sight
|
|upkeep
|turn|14
|
|t:|1779704509
|move|p2a: Corviknight|U-turn|p1a: Slowking
|-damage|p1a: Slowking|79/100
|
|t:|1779704511
|switch|p2a: Darkrai|Darkrai|100/100|[from] U-turn
|move|p1a: Slowking|Thunder Wave|p2a: Darkrai|[miss]
|-miss|p1a: Slowking|p2a: Darkrai
|
|-sideend|p1: helpless_01|move: Light Screen
|upkeep
|turn|15
|
|t:|1779704542
|switch|p1a: Great Tusk|Great Tusk|100/100
|move|p2a: Darkrai|Sludge Bomb|p1a: Great Tusk
|-resisted|p1a: Great Tusk
|-damage|p1a: Great Tusk|78/100
|-status|p1a: Great Tusk|psn
|
|-end|p2a: Darkrai|move: Future Sight
|-immune|p2a: Darkrai
|-damage|p1a: Great Tusk|66/100 psn|[from] psn
|-sideend|p1: helpless_01|Reflect
|upkeep
|turn|16
|
|t:|1779704556
|-terastallize|p2a: Darkrai|Stellar
|move|p2a: Darkrai|Ice Beam|p1a: Great Tusk
|-supereffective|p1a: Great Tusk
|-damage|p1a: Great Tusk|0 fnt
|faint|p1a: Great Tusk
|-end|p1a: Great Tusk|Protosynthesis|[silent]
|
|upkeep
|
|t:|1779704569
|switch|p1a: Grimmsnarl|Grimmsnarl, M|74/100
|-damage|p1a: Grimmsnarl|61/100|[from] Stealth Rock
|turn|17
|
|t:|1779704575
|move|p1a: Grimmsnarl|Thunder Wave|p2a: Darkrai
|-hint|Since gen 7, Dark is immune to Prankster moves.
|-immune|p2a: Darkrai
|move|p2a: Darkrai|Sludge Bomb|p1a: Grimmsnarl
|-supereffective|p1a: Grimmsnarl
|-damage|p1a: Grimmsnarl|0 fnt
|faint|p1a: Grimmsnarl
|
|upkeep
|c|☆RealProblemSleuth|Unlucky
|
|t:|1779704586
|switch|p1a: Gliscor|Gliscor, F|100/100
|-damage|p1a: Gliscor|88/100|[from] Stealth Rock
|turn|18
|
|t:|1779704595
|move|p1a: Gliscor|Protect|p1a: Gliscor
|-singleturn|p1a: Gliscor|Protect
|move|p2a: Darkrai|Ice Beam|p1a: Gliscor
|-activate|p1a: Gliscor|move: Protect
|
|-status|p1a: Gliscor|tox|[from] item: Toxic Orb
|upkeep
|turn|19
|
|t:|1779704610
|-terastallize|p1a: Gliscor|Water
|move|p2a: Darkrai|Dark Pulse|p1a: Gliscor
|-damage|p1a: Gliscor|19/100 tox
|move|p1a: Gliscor|Swords Dance|p1a: Gliscor
|-boost|p1a: Gliscor|atk|2
|
|-heal|p1a: Gliscor|32/100 tox|[from] ability: Poison Heal
|upkeep
|turn|20
|
|t:|1779704625
|move|p1a: Gliscor|Protect|p1a: Gliscor
|-singleturn|p1a: Gliscor|Protect
|move|p2a: Darkrai|Dark Pulse|p1a: Gliscor
|-activate|p1a: Gliscor|move: Protect
|
|-heal|p1a: Gliscor|44/100 tox|[from] ability: Poison Heal
|upkeep
|turn|21
|
|t:|1779704640
|switch|p1a: Umbreon|Umbreon, M|100/100
|-damage|p1a: Umbreon|88/100|[from] Stealth Rock
|move|p2a: Darkrai|Dark Pulse|p1a: Umbreon
|-resisted|p1a: Umbreon
|-damage|p1a: Umbreon|76/100
|
|-heal|p1a: Umbreon|82/100|[from] item: Leftovers
|upkeep
|turn|22
|
|t:|1779704651
|move|p2a: Darkrai|Focus Blast|p1a: Umbreon
|-supereffective|p1a: Umbreon
|-damage|p1a: Umbreon|14/100
|move|p1a: Umbreon|Toxic|p2a: Darkrai
|-status|p2a: Darkrai|tox
|
|-heal|p1a: Umbreon|20/100|[from] item: Leftovers
|-damage|p2a: Darkrai|94/100 tox|[from] psn
|upkeep
|turn|23
|
|t:|1779704664
|move|p1a: Umbreon|Protect|p1a: Umbreon
|-singleturn|p1a: Umbreon|Protect
|move|p2a: Darkrai|Ice Beam|p1a: Umbreon
|-activate|p1a: Umbreon|move: Protect
|
|-heal|p1a: Umbreon|26/100|[from] item: Leftovers
|-damage|p2a: Darkrai|82/100 tox|[from] psn
|upkeep
|turn|24
|
|t:|1779704679
|switch|p2a: Lokix|Lokix, F|100/100
|move|p1a: Umbreon|Wish|p1a: Umbreon
|
|-heal|p1a: Umbreon|32/100|[from] item: Leftovers
|upkeep
|turn|25
|
|t:|1779704687
|move|p1a: Umbreon|Protect|p1a: Umbreon
|-singleturn|p1a: Umbreon|Protect
|move|p2a: Lokix|First Impression|p1a: Umbreon
|-activate|p1a: Umbreon|move: Protect
|
|-heal|p1a: Umbreon|82/100|[from] move: Wish|[wisher] Umbreon
|-heal|p1a: Umbreon|88/100|[from] item: Leftovers
|upkeep
|turn|26
|
|t:|1779704707
|move|p2a: Lokix|U-turn|p1a: Umbreon
|-supereffective|p1a: Umbreon
|-damage|p1a: Umbreon|42/100
|
|t:|1779704717
|switch|p2a: Clefairy|Clefairy, M, shiny|100/100 par|[from] U-turn
|move|p1a: Umbreon|Toxic||[still]
|-fail|p1a: Umbreon
|
|-heal|p1a: Umbreon|48/100|[from] item: Leftovers
|upkeep
|turn|27
|
|t:|1779704737
|move|p1a: Umbreon|Wish|p1a: Umbreon
|move|p2a: Clefairy|Knock Off|p1a: Umbreon
|-resisted|p1a: Umbreon
|-damage|p1a: Umbreon|43/100
|-enditem|p1a: Umbreon|Leftovers|[from] move: Knock Off|[of] p2a: Clefairy
|
|upkeep
|turn|28
|
|t:|1779704748
|switch|p1a: Gliscor|Gliscor, F, tera:Water|44/100 tox
|-damage|p1a: Gliscor|32/100 tox|[from] Stealth Rock
|cant|p2a: Clefairy|par
|
|-heal|p1a: Gliscor|88/100 tox|[from] move: Wish|[wisher] Umbreon
|-heal|p1a: Gliscor|99/100 tox|[from] ability: Poison Heal
|upkeep
|turn|29
|c|☆RealProblemSleuth|words cannot express how much i hate gliscor
|c|☆RealProblemSleuth|it is a profound feeling
|inactive|Battle timer is ON: inactive players will automatically lose when time's up. (requested by helpless_01)
|
|t:|1779704801
|switch|p2a: Samurott|Samurott-Hisui, M|100/100
|move|p1a: Gliscor|Swords Dance|p1a: Gliscor
|-boost|p1a: Gliscor|atk|2
|
|-heal|p1a: Gliscor|100/100 tox|[from] ability: Poison Heal
|upkeep
|turn|30
|
|t:|1779704815
|move|p1a: Gliscor|Swords Dance|p1a: Gliscor
|-boost|p1a: Gliscor|atk|2
|move|p2a: Samurott|Ceaseless Edge|p1a: Gliscor
|-damage|p1a: Gliscor|54/100 tox
|-sidestart|p1: helpless_01|Spikes
|
|-heal|p1a: Gliscor|66/100 tox|[from] ability: Poison Heal
|upkeep
|turn|31
|
|t:|1779704827
|move|p1a: Gliscor|Facade|p2a: Samurott
|-crit|p2a: Samurott
|-damage|p2a: Samurott|0 fnt
|faint|p2a: Samurott
|
|-heal|p1a: Gliscor|79/100 tox|[from] ability: Poison Heal
|upkeep
|
|t:|1779704852
|switch|p2a: Heatran|Heatran, F|100/100 par
|turn|32
|
|t:|1779704864
|move|p1a: Gliscor|Earthquake|p2a: Heatran
|-supereffective|p2a: Heatran
|-damage|p2a: Heatran|0 fnt
|faint|p2a: Heatran
|
|-heal|p1a: Gliscor|91/100 tox|[from] ability: Poison Heal
|upkeep
|inactive|RealProblemSleuth has 120 seconds left.
|
|t:|1779704876
|switch|p2a: Lokix|Lokix, F|100/100
|turn|33
|
|t:|1779704882
|move|p2a: Lokix|First Impression|p1a: Gliscor
|-damage|p1a: Gliscor|62/100 tox
|move|p1a: Gliscor|Facade|p2a: Lokix
|-damage|p2a: Lokix|0 fnt
|faint|p2a: Lokix
|
|-heal|p1a: Gliscor|74/100 tox|[from] ability: Poison Heal
|upkeep
|
|t:|1779704891
|switch|p2a: Corviknight|Corviknight, M|100/100
|-ability|p2a: Corviknight|Pressure
|turn|34
|
|t:|1779704901
|move|p1a: Gliscor|Swords Dance|p1a: Gliscor
|-boost|p1a: Gliscor|atk|2
|move|p2a: Corviknight|Body Press|p1a: Gliscor
|-damage|p1a: Gliscor|53/100 tox
|
|-heal|p1a: Gliscor|65/100 tox|[from] ability: Poison Heal
|upkeep
|turn|35
|
|t:|1779704911
|move|p1a: Gliscor|Protect|p1a: Gliscor
|-singleturn|p1a: Gliscor|Protect
|move|p2a: Corviknight|U-turn|p1a: Gliscor
|-activate|p1a: Gliscor|move: Protect
|
|-heal|p1a: Gliscor|78/100 tox|[from] ability: Poison Heal
|upkeep
|turn|36
|
|t:|1779704919
|move|p1a: Gliscor|Facade|p2a: Corviknight
|-resisted|p2a: Corviknight
|-damage|p2a: Corviknight|62/100
|move|p2a: Corviknight|U-turn|p1a: Gliscor
|-crit|p1a: Gliscor
|-damage|p1a: Gliscor|60/100 tox
|
|t:|1779704930
|switch|p2a: Darkrai|Darkrai, tera:Stellar|82/100 tox|[from] U-turn
|
|-damage|p2a: Darkrai|76/100 tox|[from] psn
|-heal|p1a: Gliscor|72/100 tox|[from] ability: Poison Heal
|upkeep
|turn|37
|
|t:|1779704943
|move|p1a: Gliscor|Protect|p1a: Gliscor
|-singleturn|p1a: Gliscor|Protect
|move|p2a: Darkrai|Dark Pulse|p1a: Gliscor
|-activate|p1a: Gliscor|move: Protect
|
|-damage|p2a: Darkrai|64/100 tox|[from] psn
|-heal|p1a: Gliscor|85/100 tox|[from] ability: Poison Heal
|upkeep
|turn|38
|
|t:|1779704953
|move|p2a: Darkrai|Dark Pulse|p1a: Gliscor
|-damage|p1a: Gliscor|29/100 tox
|move|p1a: Gliscor|Facade|p2a: Darkrai
|-damage|p2a: Darkrai|0 fnt
|faint|p2a: Darkrai
|
|-heal|p1a: Gliscor|41/100 tox|[from] ability: Poison Heal
|upkeep
|c|☆RealProblemSleuth|Gg
|c|☆RealProblemSleuth|Fuck this stupid pokemon
|c|☆RealProblemSleuth|Well played
|-message|RealProblemSleuth forfeited.
|
|win|helpless_01
|raw|helpless_01's rating: 1109 &rarr; <strong>1136</strong><br />(+27 for winning)
|raw|RealProblemSleuth's rating: 1139 &rarr; <strong>1112</strong><br />(-27 for losing)
|l|☆RealProblemSleuth
|player|p2|
|l|☆helpless_01
|player|p1|
