|inactive|Battle timer is ON: inactive players will automatically lose when time's up.
|t:|1779568467
|gametype|singles
|player|p1|brandonlee1|#wcop2026brazil|
|player|p2|tonkaman|#wcop2026africa|
|gen|9
|tier|[Gen 9] OU
|rule|HP Percentage Mod: HP is shown in percentages
|rule|Endless Battle Clause: Forcing endless battles is banned
|rule|Species Clause: Limit one of each Pokémon
|rule|OHKO Clause: OHKO moves are banned
|rule|Evasion Items Clause: Evasion items are banned
|rule|Evasion Moves Clause: Evasion moves are banned
|rule|Evasion Abilities Clause: Evasion abilities are banned
|rule|Sleep Moves Clause: Sleep-inducing moves are banned
|clearpoke
|poke|p1|Ting-Lu|
|poke|p1|Sinistcha|
|poke|p1|Dragonite, F|
|poke|p1|Gliscor, F|
|poke|p1|Gholdengo|
|poke|p1|Keldeo-Resolute|
|poke|p2|Garganacl, F|
|poke|p2|Dragapult, F|
|poke|p2|Ogerpon-Wellspring, F|
|poke|p2|Moltres|
|poke|p2|Zamazenta-*|
|poke|p2|Iron Treads|
|teampreview
|c|☆tonkaman|hf
|c|+Snaurus|MAHSTARDDDDDDDDDDDDDDDD
|c|☆brandonlee1|hf
|c|+ltx nemosse|Old team vs old team 
|inactive|brandonlee1 has 270 seconds left.
|
|t:|1779568505
|teamsize|p1|6
|teamsize|p2|6
|start
|switch|p1a: Gliscor|Gliscor, F|100/100
|switch|p2a: Ogerpon|Ogerpon-Wellspring, F|100/100
|turn|1
|
|t:|1779568513
|move|p1a: Gliscor|Protect|p1a: Gliscor
|-singleturn|p1a: Gliscor|Protect
|move|p2a: Ogerpon|Swords Dance|p2a: Ogerpon
|-boost|p2a: Ogerpon|atk|2
|
|-status|p1a: Gliscor|tox|[from] item: Toxic Orb
|upkeep
|turn|2
|
|t:|1779568518
|switch|p1a: Sinistcha|Sinistcha|100/100
|move|p2a: Ogerpon|Ivy Cudgel|p1a: Sinistcha|[anim] Ivy Cudgel Water
|-resisted|p1a: Sinistcha
|-crit|p1a: Sinistcha
|-damage|p1a: Sinistcha|49/100
|
|upkeep
|turn|3
|c|☆tonkaman|mb
|c|☆brandonlee1|np
|c|+DKM|tonk a man
|inactive|tonkaman disconnected and has 300 seconds to reconnect!
|player|p2|
|inactive|tonkaman reconnected and has 285 seconds left.
|player|p2|tonkaman|#wcop2026africa|
|inactive|tonkaman has 270 seconds left.
|
|t:|1779568573
|move|p2a: Ogerpon|Swords Dance|p2a: Ogerpon
|-boost|p2a: Ogerpon|atk|2
|move|p1a: Sinistcha|Strength Sap|p2a: Ogerpon
|-unboost|p2a: Ogerpon|atk|1
|-heal|p1a: Sinistcha|100/100
|
|upkeep
|turn|4
|inactive|tonkaman has 270 seconds left.
|
|t:|1779568586
|move|p2a: Ogerpon|Ivy Cudgel|p1a: Sinistcha|[anim] Ivy Cudgel Water
|-resisted|p1a: Sinistcha
|-damage|p1a: Sinistcha|54/100
|move|p1a: Sinistcha|Matcha Gotcha|p2a: Ogerpon
|-damage|p2a: Ogerpon|71/100
|-heal|p1a: Sinistcha|70/100|[from] drain|[of] p2a: Ogerpon
|
|upkeep
|turn|5
|
|t:|1779568593
|move|p2a: Ogerpon|Swords Dance|p2a: Ogerpon
|-boost|p2a: Ogerpon|atk|2
|move|p1a: Sinistcha|Strength Sap|p2a: Ogerpon
|-unboost|p2a: Ogerpon|atk|1
|-heal|p1a: Sinistcha|100/100
|
|upkeep
|turn|6
|
|t:|1779568596
|move|p2a: Ogerpon|Ivy Cudgel|p1a: Sinistcha|[anim] Ivy Cudgel Water
|-resisted|p1a: Sinistcha
|-damage|p1a: Sinistcha|43/100
|move|p1a: Sinistcha|Strength Sap|p2a: Ogerpon
|-unboost|p2a: Ogerpon|atk|1
|-heal|p1a: Sinistcha|100/100
|
|upkeep
|turn|7
|
|t:|1779568602
|move|p2a: Ogerpon|Swords Dance|p2a: Ogerpon
|-boost|p2a: Ogerpon|atk|2
|move|p1a: Sinistcha|Matcha Gotcha|p2a: Ogerpon
|-damage|p2a: Ogerpon|36/100
|
|upkeep
|turn|8
|
|t:|1779568605
|move|p2a: Ogerpon|Synthesis|p2a: Ogerpon
|-heal|p2a: Ogerpon|86/100
|move|p1a: Sinistcha|Strength Sap|p2a: Ogerpon
|-unboost|p2a: Ogerpon|atk|1
|
|upkeep
|turn|9
|
|t:|1779568611
|move|p2a: Ogerpon|Swords Dance|p2a: Ogerpon
|-boost|p2a: Ogerpon|atk|2
|move|p1a: Sinistcha|Matcha Gotcha|p2a: Ogerpon
|-damage|p2a: Ogerpon|56/100
|
|upkeep
|turn|10
|
|t:|1779568615
|move|p2a: Ogerpon|Ivy Cudgel|p1a: Sinistcha|[anim] Ivy Cudgel Water
|-resisted|p1a: Sinistcha
|-damage|p1a: Sinistcha|27/100
|move|p1a: Sinistcha|Strength Sap|p2a: Ogerpon
|-unboost|p2a: Ogerpon|atk|1
|-heal|p1a: Sinistcha|100/100
|
|upkeep
|turn|11
|
|t:|1779568624
|move|p2a: Ogerpon|Synthesis|p2a: Ogerpon
|-heal|p2a: Ogerpon|100/100
|move|p1a: Sinistcha|Strength Sap|p2a: Ogerpon
|-unboost|p2a: Ogerpon|atk|1
|
|upkeep
|turn|12
|
|t:|1779568628
|switch|p2a: Moltres|Moltres|100/100
|move|p1a: Sinistcha|Calm Mind|p1a: Sinistcha
|-boost|p1a: Sinistcha|spa|1
|-boost|p1a: Sinistcha|spd|1
|
|upkeep
|turn|13
|
|t:|1779568635
|switch|p1a: Gliscor|Gliscor, F|100/100 tox
|move|p2a: Moltres|Will-O-Wisp||[still]
|-fail|p2a: Moltres
|
|upkeep
|turn|14
|
|t:|1779568647
|switch|p2a: Iron Treads|Iron Treads|100/100
|move|p1a: Gliscor|Knock Off|p2a: Iron Treads
|-damage|p2a: Iron Treads|83/100
|-enditem|p2a: Iron Treads|Leftovers|[from] move: Knock Off|[of] p1a: Gliscor
|
|upkeep
|turn|15
|
|t:|1779568663
|switch|p1a: Keldeo|Keldeo-Resolute|100/100
|move|p2a: Iron Treads|Stealth Rock|p1a: Keldeo
|-sidestart|p1: brandonlee1|move: Stealth Rock
|
|upkeep
|turn|16
|
|t:|1779568673
|-end|p2a: Iron Treads|Quark Drive|[silent]
|switch|p2a: Dragapult|Dragapult, F|100/100
|move|p1a: Keldeo|Secret Sword|p2a: Dragapult
|-immune|p2a: Dragapult
|
|upkeep
|turn|17
|
|t:|1779568681
|switch|p1a: Ting-Lu|Ting-Lu|100/100
|-damage|p1a: Ting-Lu|94/100|[from] Stealth Rock
|-ability|p1a: Ting-Lu|Vessel of Ruin
|move|p2a: Dragapult|Will-O-Wisp|p1a: Ting-Lu|[miss]
|-miss|p2a: Dragapult|p1a: Ting-Lu
|
|-heal|p1a: Ting-Lu|100/100|[from] item: Leftovers
|upkeep
|turn|18
|
|t:|1779568686
|move|p2a: Dragapult|Will-O-Wisp|p1a: Ting-Lu|[miss]
|-miss|p2a: Dragapult|p1a: Ting-Lu
|move|p1a: Ting-Lu|Stealth Rock|p2a: Dragapult
|-sidestart|p2: tonkaman|move: Stealth Rock
|
|upkeep
|turn|19
|
|t:|1779568690
|move|p2a: Dragapult|Will-O-Wisp|p1a: Ting-Lu
|-status|p1a: Ting-Lu|brn
|move|p1a: Ting-Lu|Ruination|p2a: Dragapult|[miss]
|-miss|p1a: Ting-Lu|p2a: Dragapult
|
|-damage|p1a: Ting-Lu|94/100 brn|[from] brn
|upkeep
|turn|20
|
|t:|1779568693
|move|p2a: Dragapult|U-turn|p1a: Ting-Lu
|-supereffective|p1a: Ting-Lu
|-damage|p1a: Ting-Lu|76/100 brn
|
|t:|1779568695
|switch|p2a: Iron Treads|Iron Treads|83/100|[from] U-turn
|-damage|p2a: Iron Treads|80/100|[from] Stealth Rock
|move|p1a: Ting-Lu|Ruination|p2a: Iron Treads
|-damage|p2a: Iron Treads|40/100
|
|-heal|p1a: Ting-Lu|82/100 brn|[from] item: Leftovers
|-damage|p1a: Ting-Lu|76/100 brn|[from] brn
|upkeep
|turn|21
|
|t:|1779568706
|switch|p1a: Sinistcha|Sinistcha|100/100
|move|p2a: Iron Treads|Knock Off|p1a: Sinistcha
|-supereffective|p1a: Sinistcha
|-damage|p1a: Sinistcha|69/100
|-enditem|p1a: Sinistcha|Heavy-Duty Boots|[from] move: Knock Off|[of] p2a: Iron Treads
|
|upkeep
|turn|22
|
|t:|1779568711
|-end|p2a: Iron Treads|Quark Drive|[silent]
|switch|p2a: Moltres|Moltres|100/100
|move|p1a: Sinistcha|Strength Sap|p2a: Moltres
|-unboost|p2a: Moltres|atk|1
|-heal|p1a: Sinistcha|100/100
|
|upkeep
|turn|23
|
|t:|1779568727
|switch|p2a: Ogerpon|Ogerpon-Wellspring, F|100/100
|-damage|p2a: Ogerpon|88/100|[from] Stealth Rock
|switch|p1a: Gliscor|Gliscor, F|100/100 tox
|-damage|p1a: Gliscor|88/100 tox|[from] Stealth Rock
|
|-heal|p1a: Gliscor|100/100 tox|[from] ability: Poison Heal
|upkeep
|turn|24
|
|t:|1779568744
|switch|p2a: Dragapult|Dragapult, F|100/100
|switch|p1a: Sinistcha|Sinistcha|100/100
|-damage|p1a: Sinistcha|88/100|[from] Stealth Rock
|
|upkeep
|turn|25
|
|t:|1779568754
|switch|p1a: Ting-Lu|Ting-Lu|76/100 brn
|-damage|p1a: Ting-Lu|70/100 brn|[from] Stealth Rock
|-ability|p1a: Ting-Lu|Vessel of Ruin
|move|p2a: Dragapult|Hex|p1a: Ting-Lu
|-resisted|p1a: Ting-Lu
|-damage|p1a: Ting-Lu|57/100 brn
|
|-heal|p1a: Ting-Lu|64/100 brn|[from] item: Leftovers
|-damage|p1a: Ting-Lu|57/100 brn|[from] brn
|upkeep
|turn|26
|
|t:|1779568761
|move|p2a: Dragapult|U-turn|p1a: Ting-Lu
|-supereffective|p1a: Ting-Lu
|-damage|p1a: Ting-Lu|38/100 brn
|
|t:|1779568767
|switch|p2a: Moltres|Moltres|100/100|[from] U-turn
|move|p1a: Ting-Lu|Spikes|p2a: Moltres
|-sidestart|p2: tonkaman|Spikes
|
|-heal|p1a: Ting-Lu|45/100 brn|[from] item: Leftovers
|-damage|p1a: Ting-Lu|38/100 brn|[from] brn
|upkeep
|turn|27
|
|t:|1779568776
|move|p1a: Ting-Lu|Spikes|p2a: Moltres
|-sidestart|p2: tonkaman|Spikes
|move|p2a: Moltres|Roar|p1a: Ting-Lu
|drag|p1a: Gholdengo|Gholdengo|100/100
|-damage|p1a: Gholdengo|94/100|[from] Stealth Rock
|
|upkeep
|turn|28
|
|t:|1779568782
|switch|p1a: Gliscor|Gliscor, F|100/100 tox
|-damage|p1a: Gliscor|88/100 tox|[from] Stealth Rock
|move|p2a: Moltres|Flamethrower|p1a: Gliscor
|-damage|p1a: Gliscor|55/100 tox
|
|-heal|p1a: Gliscor|67/100 tox|[from] ability: Poison Heal
|upkeep
|turn|29
|
|t:|1779568789
|switch|p2a: Iron Treads|Iron Treads|40/100
|-damage|p2a: Iron Treads|37/100|[from] Stealth Rock
|-damage|p2a: Iron Treads|21/100|[from] Spikes
|move|p1a: Gliscor|Knock Off|p2a: Iron Treads
|-damage|p2a: Iron Treads|9/100
|
|-heal|p1a: Gliscor|80/100 tox|[from] ability: Poison Heal
|upkeep
|turn|30
|
|t:|1779568793
|move|p1a: Gliscor|Protect|p1a: Gliscor
|-singleturn|p1a: Gliscor|Protect
|move|p2a: Iron Treads|Rapid Spin|p1a: Gliscor
|-activate|p1a: Gliscor|move: Protect
|
|-heal|p1a: Gliscor|92/100 tox|[from] ability: Poison Heal
|upkeep
|turn|31
|
|t:|1779568798
|switch|p1a: Sinistcha|Sinistcha|88/100
|-damage|p1a: Sinistcha|76/100|[from] Stealth Rock
|move|p2a: Iron Treads|Knock Off|p1a: Sinistcha
|-supereffective|p1a: Sinistcha
|-damage|p1a: Sinistcha|53/100
|
|upkeep
|turn|32
|
|t:|1779568801
|move|p2a: Iron Treads|Knock Off|p1a: Sinistcha
|-supereffective|p1a: Sinistcha
|-damage|p1a: Sinistcha|31/100
|move|p1a: Sinistcha|Strength Sap|p2a: Iron Treads
|-unboost|p2a: Iron Treads|atk|1
|-heal|p1a: Sinistcha|100/100
|
|upkeep
|turn|33
|
|t:|1779568804
|move|p2a: Iron Treads|Knock Off|p1a: Sinistcha
|-supereffective|p1a: Sinistcha
|-damage|p1a: Sinistcha|87/100
|move|p1a: Sinistcha|Shadow Ball|p2a: Iron Treads
|-damage|p2a: Iron Treads|0 fnt
|faint|p2a: Iron Treads
|-end|p2a: Iron Treads|Quark Drive|[silent]
|
|upkeep
|
|t:|1779568809
|switch|p2a: Dragapult|Dragapult, F|100/100
|turn|34
|
|t:|1779568814
|switch|p1a: Gholdengo|Gholdengo|94/100
|-damage|p1a: Gholdengo|88/100|[from] Stealth Rock
|move|p2a: Dragapult|Hex|p1a: Gholdengo
|-supereffective|p1a: Gholdengo
|-damage|p1a: Gholdengo|18/100
|
|upkeep
|turn|35
|
|t:|1779568822
|switch|p2a: Moltres|Moltres|100/100
|move|p1a: Gholdengo|Shadow Ball|p2a: Moltres
|-damage|p2a: Moltres|62/100
|-unboost|p2a: Moltres|spd|1
|
|upkeep
|turn|36
|
|t:|1779568826
|switch|p2a: Garganacl|Garganacl, F|100/100
|-damage|p2a: Garganacl|88/100|[from] Stealth Rock
|-damage|p2a: Garganacl|71/100|[from] Spikes
|move|p1a: Gholdengo|Shadow Ball|p2a: Garganacl
|-crit|p2a: Garganacl
|-damage|p2a: Garganacl|51/100
|
|-heal|p2a: Garganacl|58/100|[from] item: Leftovers
|upkeep
|turn|37
|
|t:|1779568831
|switch|p1a: Keldeo|Keldeo-Resolute|100/100
|move|p2a: Garganacl|Recover|p2a: Garganacl
|-heal|p2a: Garganacl|100/100
|
|upkeep
|turn|38
|
|t:|1779568844
|switch|p2a: Ogerpon|Ogerpon-Wellspring, F|88/100
|-damage|p2a: Ogerpon|76/100|[from] Stealth Rock
|-damage|p2a: Ogerpon|59/100|[from] Spikes
|move|p1a: Keldeo|Flip Turn|p2a: Ogerpon
|-heal|p2a: Ogerpon|84/100|[from] ability: Water Absorb|[of] p1a: Keldeo
|
|upkeep
|turn|39
|
|t:|1779568862
|switch|p2a: Moltres|Moltres|62/100
|move|p1a: Keldeo|Secret Sword|p2a: Moltres
|-resisted|p2a: Moltres
|-damage|p2a: Moltres|44/100
|
|upkeep
|turn|40
|
|t:|1779568873
|switch|p2a: Dragapult|Dragapult, F|100/100
|move|p1a: Keldeo|Secret Sword|p2a: Dragapult
|-immune|p2a: Dragapult
|
|upkeep
|turn|41
|
|t:|1779568886
|move|p2a: Dragapult|Draco Meteor|p1a: Keldeo
|-damage|p1a: Keldeo|34/100
|-unboost|p2a: Dragapult|spa|2
|move|p1a: Keldeo|Flip Turn|p2a: Dragapult
|-resisted|p2a: Dragapult
|-damage|p2a: Dragapult|92/100
|
|t:|1779568890
|switch|p1a: Gholdengo|Gholdengo|18/100|[from] Flip Turn
|-damage|p1a: Gholdengo|12/100|[from] Stealth Rock
|
|upkeep
|turn|42
|
|t:|1779568919
|switch|p2a: Garganacl|Garganacl, F|100/100
|-damage|p2a: Garganacl|88/100|[from] Stealth Rock
|-damage|p2a: Garganacl|71/100|[from] Spikes
|move|p1a: Gholdengo|Make It Rain|p2a: Garganacl
|-supereffective|p2a: Garganacl
|-damage|p2a: Garganacl|0 fnt
|-unboost|p1a: Gholdengo|spa|1
|faint|p2a: Garganacl
|
|upkeep
|
|t:|1779568922
|switch|p2a: Moltres|Moltres|44/100
|turn|43
|
|t:|1779568941
|switch|p1a: Keldeo|Keldeo-Resolute|34/100
|move|p2a: Moltres|Roost|p2a: Moltres
|-heal|p2a: Moltres|94/100
|-singleturn|p2a: Moltres|move: Roost
|
|upkeep
|turn|44
|
|t:|1779568950
|move|p1a: Keldeo|Surf|p2a: Moltres
|-supereffective|p2a: Moltres
|-damage|p2a: Moltres|18/100
|move|p2a: Moltres|Flamethrower|p1a: Keldeo
|-resisted|p1a: Keldeo
|-damage|p1a: Keldeo|13/100
|
|upkeep
|turn|45
|
|t:|1779568960
|move|p1a: Keldeo|Flip Turn|p2a: Moltres
|-supereffective|p2a: Moltres
|-damage|p2a: Moltres|0 fnt
|-status|p1a: Keldeo|brn|[from] ability: Flame Body|[of] p2a: Moltres
|faint|p2a: Moltres
|
|t:|1779568964
|switch|p1a: Gholdengo|Gholdengo|12/100|[from] Flip Turn
|-damage|p1a: Gholdengo|6/100|[from] Stealth Rock
|
|upkeep
|
|t:|1779568968
|switch|p2a: Zamazenta|Zamazenta|100/100
|-damage|p2a: Zamazenta|94/100|[from] Stealth Rock
|-damage|p2a: Zamazenta|78/100|[from] Spikes
|-ability|p2a: Zamazenta|Dauntless Shield|boost
|-boost|p2a: Zamazenta|def|1
|turn|46
|
|t:|1779568989
|move|p1a: Gholdengo|Trick|p2a: Zamazenta
|-activate|p1a: Gholdengo|move: Trick|[of] p2a: Zamazenta
|-item|p2a: Zamazenta|Choice Scarf|[from] move: Trick
|-item|p1a: Gholdengo|Expert Belt|[from] move: Trick
|move|p2a: Zamazenta|Crunch|p1a: Gholdengo
|-supereffective|p1a: Gholdengo
|-damage|p1a: Gholdengo|0 fnt
|faint|p1a: Gholdengo
|
|upkeep
|
|t:|1779568999
|switch|p1a: Gliscor|Gliscor, F|92/100 tox
|-damage|p1a: Gliscor|80/100 tox|[from] Stealth Rock
|turn|47
|
|t:|1779569007
|move|p2a: Zamazenta|Crunch|p1a: Gliscor
|-damage|p1a: Gliscor|58/100 tox
|move|p1a: Gliscor|Swords Dance|p1a: Gliscor
|-boost|p1a: Gliscor|atk|2
|
|-heal|p1a: Gliscor|71/100 tox|[from] ability: Poison Heal
|upkeep
|turn|48
|
|t:|1779569014
|move|p2a: Zamazenta|Crunch|p1a: Gliscor
|-damage|p1a: Gliscor|50/100 tox
|-unboost|p1a: Gliscor|def|1
|move|p1a: Gliscor|Facade|p2a: Zamazenta
|-damage|p2a: Zamazenta|40/100
|
|-heal|p1a: Gliscor|62/100 tox|[from] ability: Poison Heal
|upkeep
|turn|49
|
|t:|1779569018
|move|p1a: Gliscor|Protect|p1a: Gliscor
|-singleturn|p1a: Gliscor|Protect
|move|p2a: Zamazenta|Crunch|p1a: Gliscor
|-activate|p1a: Gliscor|move: Protect
|
|-heal|p1a: Gliscor|75/100 tox|[from] ability: Poison Heal
|upkeep
|turn|50
|
|t:|1779569023
|switch|p1a: Ting-Lu|Ting-Lu|38/100 brn
|-damage|p1a: Ting-Lu|32/100 brn|[from] Stealth Rock
|-ability|p1a: Ting-Lu|Vessel of Ruin
|move|p2a: Zamazenta|Crunch|p1a: Ting-Lu
|-resisted|p1a: Ting-Lu
|-damage|p1a: Ting-Lu|25/100 brn
|
|-heal|p1a: Ting-Lu|31/100 brn|[from] item: Leftovers
|-damage|p1a: Ting-Lu|25/100 brn|[from] brn
|upkeep
|turn|51
|
|t:|1779569030
|switch|p2a: Ogerpon|Ogerpon-Wellspring, F|84/100
|-damage|p2a: Ogerpon|72/100|[from] Stealth Rock
|-damage|p2a: Ogerpon|55/100|[from] Spikes
|move|p1a: Ting-Lu|Whirlwind|p2a: Ogerpon
|drag|p2a: Zamazenta|Zamazenta|40/100
|-damage|p2a: Zamazenta|34/100|[from] Stealth Rock
|-damage|p2a: Zamazenta|18/100|[from] Spikes
|
|-heal|p1a: Ting-Lu|31/100 brn|[from] item: Leftovers
|-damage|p1a: Ting-Lu|25/100 brn|[from] brn
|upkeep
|turn|52
|
|t:|1779569055
|move|p2a: Zamazenta|Ice Fang|p1a: Ting-Lu
|-supereffective|p1a: Ting-Lu
|-damage|p1a: Ting-Lu|2/100 brn
|move|p1a: Ting-Lu|Whirlwind|p2a: Zamazenta
|drag|p2a: Dragapult|Dragapult, F|92/100
|
|-heal|p1a: Ting-Lu|8/100 brn|[from] item: Leftovers
|-damage|p1a: Ting-Lu|2/100 brn|[from] brn
|upkeep
|turn|53
|
|t:|1779569061
|move|p2a: Dragapult|Hex|p1a: Ting-Lu
|-resisted|p1a: Ting-Lu
|-damage|p1a: Ting-Lu|0 fnt
|faint|p1a: Ting-Lu
|
|upkeep
|
|t:|1779569068
|switch|p1a: Gliscor|Gliscor, F|75/100 tox
|-damage|p1a: Gliscor|62/100 tox|[from] Stealth Rock
|turn|54
|c|+zoyotte|what the fuck
|
|t:|1779569076
|move|p1a: Gliscor|Protect|p1a: Gliscor
|-singleturn|p1a: Gliscor|Protect
|move|p2a: Dragapult|U-turn|p1a: Gliscor
|-activate|p1a: Gliscor|move: Protect
|
|-heal|p1a: Gliscor|75/100 tox|[from] ability: Poison Heal
|upkeep
|turn|55
|
|t:|1779569082
|move|p2a: Dragapult|U-turn|p1a: Gliscor
|-resisted|p1a: Gliscor
|-damage|p1a: Gliscor|68/100 tox
|
|t:|1779569088
|switch|p2a: Zamazenta|Zamazenta|18/100|[from] U-turn
|-damage|p2a: Zamazenta|12/100|[from] Stealth Rock
|-damage|p2a: Zamazenta|0 fnt|[from] Spikes
|faint|p2a: Zamazenta
|move|p1a: Gliscor|Knock Off|p2: Zamazenta|[notarget]
|-fail|p1a: Gliscor
|
|-heal|p1a: Gliscor|80/100 tox|[from] ability: Poison Heal
|upkeep
|
|t:|1779569091
|switch|p2a: Ogerpon|Ogerpon-Wellspring, F|55/100
|-damage|p2a: Ogerpon|43/100|[from] Stealth Rock
|-damage|p2a: Ogerpon|27/100|[from] Spikes
|turn|56
|
|t:|1779569100
|switch|p1a: Sinistcha|Sinistcha|87/100
|-damage|p1a: Sinistcha|74/100|[from] Stealth Rock
|move|p2a: Ogerpon|Synthesis|p2a: Ogerpon
|-heal|p2a: Ogerpon|76/100
|
|upkeep
|turn|57
|
|t:|1779569106
|move|p2a: Ogerpon|Swords Dance|p2a: Ogerpon
|-boost|p2a: Ogerpon|atk|2
|move|p1a: Sinistcha|Calm Mind|p1a: Sinistcha
|-boost|p1a: Sinistcha|spa|1
|-boost|p1a: Sinistcha|spd|1
|
|upkeep
|turn|58
|
|t:|1779569130
|move|p2a: Ogerpon|Swords Dance|p2a: Ogerpon
|-boost|p2a: Ogerpon|atk|2
|move|p1a: Sinistcha|Matcha Gotcha|p2a: Ogerpon
|-damage|p2a: Ogerpon|31/100
|-heal|p1a: Sinistcha|98/100|[from] drain|[of] p2a: Ogerpon
|
|upkeep
|turn|59
|
|t:|1779569135
|move|p2a: Ogerpon|Synthesis|p2a: Ogerpon
|-heal|p2a: Ogerpon|81/100
|move|p1a: Sinistcha|Shadow Ball|p2a: Ogerpon
|-damage|p2a: Ogerpon|34/100
|
|upkeep
|turn|60
|
|t:|1779569142
|move|p2a: Ogerpon|Synthesis|p2a: Ogerpon
|-heal|p2a: Ogerpon|84/100
|move|p1a: Sinistcha|Shadow Ball|p2a: Ogerpon
|-damage|p2a: Ogerpon|38/100
|-unboost|p2a: Ogerpon|spd|1
|
|upkeep
|turn|61
|
|t:|1779569158
|move|p2a: Ogerpon|Ivy Cudgel|p1a: Sinistcha|[anim] Ivy Cudgel Water
|-resisted|p1a: Sinistcha
|-damage|p1a: Sinistcha|40/100
|move|p1a: Sinistcha|Shadow Ball|p2a: Ogerpon
|-damage|p2a: Ogerpon|0 fnt
|faint|p2a: Ogerpon
|
|upkeep
|
|t:|1779569162
|switch|p2a: Dragapult|Dragapult, F|92/100
|turn|62
|
|t:|1779569166
|move|p2a: Dragapult|Hex|p1a: Sinistcha
|-supereffective|p1a: Sinistcha
|-damage|p1a: Sinistcha|0 fnt
|faint|p1a: Sinistcha
|
|upkeep
|
|t:|1779569169
|switch|p1a: Gliscor|Gliscor, F|80/100 tox
|-damage|p1a: Gliscor|68/100 tox|[from] Stealth Rock
|turn|63
|
|t:|1779569174
|-terastallize|p2a: Dragapult|Dragon
|move|p1a: Gliscor|Protect|p1a: Gliscor
|-singleturn|p1a: Gliscor|Protect
|move|p2a: Dragapult|Draco Meteor|p1a: Gliscor
|-activate|p1a: Gliscor|move: Protect
|
|-heal|p1a: Gliscor|80/100 tox|[from] ability: Poison Heal
|upkeep
|turn|64
|
|t:|1779569183
|switch|p1a: Keldeo|Keldeo-Resolute|13/100 brn
|move|p2a: Dragapult|Draco Meteor|p1a: Keldeo
|-damage|p1a: Keldeo|0 fnt
|-unboost|p2a: Dragapult|spa|2
|faint|p1a: Keldeo
|
|upkeep
|
|t:|1779569185
|switch|p1a: Gliscor|Gliscor, F|80/100 tox
|-damage|p1a: Gliscor|68/100 tox|[from] Stealth Rock
|turn|65
|
|t:|1779569187
|move|p1a: Gliscor|Protect|p1a: Gliscor
|-singleturn|p1a: Gliscor|Protect
|move|p2a: Dragapult|Hex|p1a: Gliscor
|-activate|p1a: Gliscor|move: Protect
|
|-heal|p1a: Gliscor|80/100 tox|[from] ability: Poison Heal
|upkeep
|turn|66
|
|t:|1779569192
|move|p2a: Dragapult|Hex|p1a: Gliscor
|-damage|p1a: Gliscor|56/100 tox
|move|p1a: Gliscor|Facade|p2a: Dragapult
|-damage|p2a: Dragapult|49/100
|
|-heal|p1a: Gliscor|68/100 tox|[from] ability: Poison Heal
|upkeep
|turn|67
|
|t:|1779569196
|move|p1a: Gliscor|Protect|p1a: Gliscor
|-singleturn|p1a: Gliscor|Protect
|move|p2a: Dragapult|Hex|p1a: Gliscor
|-activate|p1a: Gliscor|move: Protect
|
|-heal|p1a: Gliscor|81/100 tox|[from] ability: Poison Heal
|upkeep
|turn|68
|
|t:|1779569199
|-terastallize|p1a: Gliscor|Normal
|move|p2a: Dragapult|Hex|p1a: Gliscor
|-immune|p1a: Gliscor
|move|p1a: Gliscor|Facade|p2a: Dragapult
|-damage|p2a: Dragapult|0 fnt
|faint|p2a: Dragapult
|
|win|brandonlee1
|c|☆tonkaman|gg
|c|☆brandonlee1|gg
|player|p2|
|player|p1|
