|j|☆graperushhh
|j|☆Bigmanblastoise23
|t:|1779588421
|gametype|singles
|player|p1|graperushhh|biker-gen2|1110
|player|p2|Bigmanblastoise23|veteran|1052
|gen|9
|tier|[Gen 9] OU
|rated|
|rule|HP Percentage Mod: HP is shown in percentages
|rule|Endless Battle Clause: Forcing endless battles is banned
|rule|Species Clause: Limit one of each Pokémon
|rule|OHKO Clause: OHKO moves are banned
|rule|Evasion Items Clause: Evasion items are banned
|rule|Evasion Moves Clause: Evasion moves are banned
|rule|Evasion Abilities Clause: Evasion abilities are banned
|rule|Sleep Moves Clause: Sleep-inducing moves are banned
|clearpoke
|poke|p1|Corviknight, M|
|poke|p1|Dragapult, M|
|poke|p1|Hatterene, F|
|poke|p1|Iron Moth|
|poke|p1|Ting-Lu|
|poke|p1|Chesnaught, M|
|poke|p2|Raichu-Alola, M|
|poke|p2|Pincurchin, M|
|poke|p2|Iron Hands|
|poke|p2|Gholdengo|
|poke|p2|Pelipper, M|
|poke|p2|Rotom-Frost|
|teampreview
|inactive|Battle timer is ON: inactive players will automatically lose when time's up. (requested by Bigmanblastoise23)
|
|t:|1779588443
|teamsize|p1|6
|teamsize|p2|6
|start
|switch|p1a: Ting-Lu|Ting-Lu|100/100
|switch|p2a: Pelipper|Pelipper, M, shiny|100/100
|-weather|RainDance|[from] ability: Drizzle|[of] p2a: Pelipper
|-ability|p1a: Ting-Lu|Vessel of Ruin
|turn|1
|
|t:|1779588455
|move|p2a: Pelipper|Weather Ball|p1a: Ting-Lu
|-supereffective|p1a: Ting-Lu
|-damage|p1a: Ting-Lu|41/100
|move|p1a: Ting-Lu|Payback|p2a: Pelipper
|-damage|p2a: Pelipper|63/100
|
|-weather|RainDance|[upkeep]
|-heal|p2a: Pelipper|70/100|[from] item: Leftovers
|-heal|p1a: Ting-Lu|47/100|[from] item: Leftovers
|upkeep
|turn|2
|
|t:|1779588467
|move|p2a: Pelipper|Weather Ball|p1a: Ting-Lu
|-supereffective|p1a: Ting-Lu
|-damage|p1a: Ting-Lu|0 fnt
|faint|p1a: Ting-Lu
|
|-weather|RainDance|[upkeep]
|-heal|p2a: Pelipper|76/100|[from] item: Leftovers
|upkeep
|
|t:|1779588485
|switch|p1a: Dragapult|Dragapult, M|100/100
|turn|3
|
|t:|1779588500
|-terastallize|p1a: Dragapult|Dragon
|move|p1a: Dragapult|Dragon Darts|p2a: Pelipper
|-damage|p2a: Pelipper|15/100
|-anim|p1a: Dragapult|Dragon Darts|p2a: Pelipper
|-crit|p2a: Pelipper
|-damage|p2a: Pelipper|0 fnt
|faint|p2a: Pelipper
|
|-weather|RainDance|[upkeep]
|upkeep
|
|t:|1779588510
|switch|p2a: Rotom|Rotom-Frost, shiny|100/100
|turn|4
|
|t:|1779588517
|move|p1a: Dragapult|Dragon Darts|p2a: Rotom
|-damage|p2a: Rotom|26/100
|-anim|p1a: Dragapult|Dragon Darts|p2a: Rotom
|-damage|p2a: Rotom|0 fnt
|faint|p2a: Rotom
|
|-weather|RainDance|[upkeep]
|upkeep
|
|t:|1779588534
|switch|p2a: Pincurchin|Pincurchin, M, shiny|100/100
|-fieldstart|move: Electric Terrain|[from] ability: Electric Surge|[of] p2a: Pincurchin
|turn|5
|
|t:|1779588542
|move|p1a: Dragapult|Dragon Darts|p2a: Pincurchin
|-damage|p2a: Pincurchin|40/100
|-anim|p1a: Dragapult|Dragon Darts|p2a: Pincurchin
|-damage|p2a: Pincurchin|0 fnt
|faint|p2a: Pincurchin
|
|-weather|none
|upkeep
|
|t:|1779588550
|switch|p2a: Raichu|Raichu-Alola, M, shiny|100/100
|turn|6
|
|t:|1779588559
|move|p2a: Raichu|Psychic|p1a: Dragapult
|-damage|p1a: Dragapult|44/100
|move|p1a: Dragapult|Dragon Darts|p2a: Raichu
|-enditem|p2a: Raichu|Focus Sash
|-damage|p2a: Raichu|1/100
|-anim|p1a: Dragapult|Dragon Darts|p2a: Raichu
|-damage|p2a: Raichu|0 fnt
|faint|p2a: Raichu
|
|upkeep
|
|t:|1779588568
|switch|p2a: Gholdengo|Gholdengo, shiny|100/100
|turn|7
|
|t:|1779588574
|move|p1a: Dragapult|Dragon Darts|p2a: Gholdengo
|-resisted|p2a: Gholdengo
|-damage|p2a: Gholdengo|70/100
|-anim|p1a: Dragapult|Dragon Darts|p2a: Gholdengo
|-resisted|p2a: Gholdengo
|-damage|p2a: Gholdengo|41/100
|move|p2a: Gholdengo|Shadow Ball|p1a: Dragapult
|-damage|p1a: Dragapult|0 fnt
|faint|p1a: Dragapult
|
|-heal|p2a: Gholdengo|47/100|[from] item: Leftovers
|upkeep
|
|t:|1779588583
|switch|p1a: Iron Moth|Iron Moth|100/100
|-activate|p1a: Iron Moth|ability: Quark Drive
|-start|p1a: Iron Moth|quarkdrivespa
|turn|8
|
|t:|1779588595
|move|p1a: Iron Moth|Fiery Dance|p2a: Gholdengo
|-supereffective|p2a: Gholdengo
|-damage|p2a: Gholdengo|0 fnt
|-boost|p1a: Iron Moth|spa|1
|faint|p2a: Gholdengo
|
|upkeep
|
|t:|1779588601
|switch|p2a: Iron Hands|Iron Hands, shiny|100/100
|-activate|p2a: Iron Hands|ability: Quark Drive
|-start|p2a: Iron Hands|quarkdriveatk
|turn|9
|c|☆graperushhh|gg
|
|t:|1779588609
|move|p1a: Iron Moth|Fiery Dance|p2a: Iron Hands
|-damage|p2a: Iron Hands|0 fnt
|-boost|p1a: Iron Moth|spa|1
|faint|p2a: Iron Hands
|-end|p2a: Iron Hands|Quark Drive|[silent]
|
|win|graperushhh
|raw|graperushhh's rating: 1110 &rarr; <strong>1131</strong><br />(+21 for winning)
|raw|Bigmanblastoise23's rating: 1052 &rarr; <strong>1037</strong><br />(-15 for losing)
|l|☆graperushhh
|player|p1|
|l|☆Bigmanblastoise23
|player|p2|
