|j|☆draconotmeteor
|j|☆lokixftw
|t:|1779697179
|gametype|singles
|player|p1|draconotmeteor|shauntal|1327
|player|p2|lokixftw|lusamine-nihilego|1377
|gen|9
|tier|[Gen 9] OU
|rated|
|rule|HP Percentage Mod: HP is shown in percentages
|rule|Endless Battle Clause: Forcing endless battles is banned
|rule|Species Clause: Limit one of each Pokémon
|rule|OHKO Clause: OHKO moves are banned
|rule|Evasion Items Clause: Evasion items are banned
|rule|Evasion Moves Clause: Evasion moves are banned
|rule|Evasion Abilities Clause: Evasion abilities are banned
|rule|Sleep Moves Clause: Sleep-inducing moves are banned
|clearpoke
|poke|p1|Cyclizar, M|
|poke|p1|Corviknight, M|
|poke|p1|Ting-Lu|
|poke|p1|Slowking-Galar, M|
|poke|p1|Kyurem|
|poke|p1|Garganacl, M|
|poke|p2|Lokix, F|
|poke|p2|Kyurem|
|poke|p2|Enamorus, F|
|poke|p2|Great Tusk|
|poke|p2|Slowking-Galar, M|
|poke|p2|Alomomola, M|
|teampreview
|inactive|Battle timer is ON: inactive players will automatically lose when time's up. (requested by lokixftw)
|
|t:|1779697197
|teamsize|p1|6
|teamsize|p2|6
|start
|switch|p1a: Kyurem|Kyurem|100/100
|switch|p2a: Lokix|Lokix, F|100/100
|-ability|p1a: Kyurem|Pressure
|turn|1
|
|t:|1779697203
|switch|p2a: Slowking|Slowking-Galar, M|100/100
|move|p1a: Kyurem|Protect||[still]
|-fail|p1a: Kyurem
|
|upkeep
|turn|2
|
|t:|1779697210
|move|p1a: Kyurem|Substitute|p1a: Kyurem
|-start|p1a: Kyurem|Substitute
|-damage|p1a: Kyurem|75/100
|move|p2a: Slowking|Toxic||[still]
|-fail|p2a: Slowking
|
|-heal|p1a: Kyurem|82/100|[from] item: Leftovers
|upkeep
|turn|3
|
|t:|1779697216
|-terastallize|p1a: Kyurem|Ground
|move|p1a: Kyurem|Earth Power|p2a: Slowking
|-supereffective|p2a: Slowking
|-damage|p2a: Slowking|50/100
|move|p2a: Slowking|Sludge Bomb|p1a: Kyurem
|-resisted|p1a: Kyurem
|-activate|p1a: Kyurem|move: Substitute|[damage]
|
|-heal|p1a: Kyurem|88/100|[from] item: Leftovers
|upkeep
|turn|4
|
|t:|1779697232
|switch|p2a: Enamorus|Enamorus, F|100/100
|move|p1a: Kyurem|Freeze-Dry|p2a: Enamorus
|-supereffective|p2a: Enamorus
|-damage|p2a: Enamorus|0 fnt
|faint|p2a: Enamorus
|
|-heal|p1a: Kyurem|94/100|[from] item: Leftovers
|upkeep
|
|t:|1779697240
|switch|p2a: Kyurem|Kyurem|100/100
|-ability|p2a: Kyurem|Pressure
|turn|5
|
|t:|1779697245
|switch|p1a: Garganacl|Garganacl, M|100/100
|move|p2a: Kyurem|Ice Beam|p1a: Garganacl
|-damage|p1a: Garganacl|55/100
|
|-heal|p1a: Garganacl|61/100|[from] item: Leftovers
|upkeep
|turn|6
|inactive|lokixftw has 120 seconds left.
|
|t:|1779697293
|-terastallize|p2a: Kyurem|Ice
|move|p2a: Kyurem|Ice Beam|p1a: Garganacl
|-damage|p1a: Garganacl|0 fnt
|faint|p1a: Garganacl
|
|upkeep
|
|t:|1779697301
|switch|p1a: Slowking|Slowking-Galar, M|100/100
|turn|7
|
|t:|1779697308
|switch|p2a: Great Tusk|Great Tusk|100/100
|move|p1a: Slowking|Thunder Wave|p2a: Great Tusk
|-immune|p2a: Great Tusk
|
|upkeep
|turn|8
|inactive|lokixftw has 120 seconds left.
|
|t:|1779697313
|switch|p1a: Corviknight|Corviknight, M|100/100
|-ability|p1a: Corviknight|Pressure
|move|p2a: Great Tusk|Stealth Rock|p1a: Corviknight
|-sidestart|p1: draconotmeteor|move: Stealth Rock
|
|upkeep
|turn|9
|
|t:|1779697319
|-end|p2a: Great Tusk|Protosynthesis|[silent]
|switch|p2a: Kyurem|Kyurem, tera:Ice|100/100
|-ability|p2a: Kyurem|Pressure
|move|p1a: Corviknight|U-turn|p2a: Kyurem
|-damage|p2a: Kyurem|85/100
|
|t:|1779697322
|switch|p1a: Ting-Lu|Ting-Lu|100/100|[from] U-turn
|-damage|p1a: Ting-Lu|94/100|[from] Stealth Rock
|-ability|p1a: Ting-Lu|Vessel of Ruin
|
|-heal|p1a: Ting-Lu|100/100|[from] item: Leftovers
|upkeep
|turn|10
|
|t:|1779697326
|move|p2a: Kyurem|Ice Beam|p1a: Ting-Lu
|-supereffective|p1a: Ting-Lu
|-damage|p1a: Ting-Lu|22/100
|move|p1a: Ting-Lu|Stealth Rock|p2a: Kyurem
|-sidestart|p2: lokixftw|move: Stealth Rock
|
|-heal|p1a: Ting-Lu|28/100|[from] item: Leftovers
|upkeep
|turn|11
|
|t:|1779697332
|switch|p1a: Slowking|Slowking-Galar, M|100/100
|-damage|p1a: Slowking|88/100|[from] Stealth Rock
|move|p2a: Kyurem|Ice Beam|p1a: Slowking
|-crit|p1a: Slowking
|-damage|p1a: Slowking|7/100
|
|upkeep
|turn|12
|
|t:|1779697341
|switch|p1a: Ting-Lu|Ting-Lu|28/100
|-damage|p1a: Ting-Lu|22/100|[from] Stealth Rock
|-ability|p1a: Ting-Lu|Vessel of Ruin
|move|p2a: Kyurem|Ice Beam|p1a: Ting-Lu
|-supereffective|p1a: Ting-Lu
|-crit|p1a: Ting-Lu
|-damage|p1a: Ting-Lu|0 fnt
|faint|p1a: Ting-Lu
|
|upkeep
|
|t:|1779697343
|switch|p1a: Cyclizar|Cyclizar, M|100/100
|turn|13
|
|t:|1779697351
|move|p1a: Cyclizar|Overheat|p2a: Kyurem
|-supereffective|p2a: Kyurem
|-damage|p2a: Kyurem|24/100
|-unboost|p1a: Cyclizar|spa|2
|move|p2a: Kyurem|Ice Beam|p1a: Cyclizar
|-supereffective|p1a: Cyclizar
|-damage|p1a: Cyclizar|0 fnt
|faint|p1a: Cyclizar
|
|upkeep
|
|t:|1779697356
|switch|p1a: Kyurem|Kyurem, tera:Ground|94/100
|-damage|p1a: Kyurem|88/100|[from] Stealth Rock
|-ability|p1a: Kyurem|Pressure
|turn|14
|
|t:|1779697381
|move|p1a: Kyurem|Protect|p1a: Kyurem
|-singleturn|p1a: Kyurem|Protect
|move|p2a: Kyurem|Ice Beam|p1a: Kyurem
|-activate|p1a: Kyurem|move: Protect
|
|-heal|p1a: Kyurem|94/100|[from] item: Leftovers
|upkeep
|turn|15
|
|t:|1779697388
|switch|p1a: Corviknight|Corviknight, M|100/100
|-damage|p1a: Corviknight|88/100|[from] Stealth Rock
|-ability|p1a: Corviknight|Pressure
|move|p2a: Kyurem|Ice Beam|p1a: Corviknight
|-damage|p1a: Corviknight|0 fnt
|faint|p1a: Corviknight
|
|upkeep
|
|t:|1779697396
|switch|p1a: Kyurem|Kyurem, tera:Ground|94/100
|-damage|p1a: Kyurem|88/100|[from] Stealth Rock
|-ability|p1a: Kyurem|Pressure
|turn|16
|
|t:|1779697405
|switch|p2a: Alomomola|Alomomola, M|100/100
|move|p1a: Kyurem|Protect||[still]
|-fail|p1a: Kyurem
|
|-heal|p1a: Kyurem|94/100|[from] item: Leftovers
|upkeep
|turn|17
|
|t:|1779697414
|move|p1a: Kyurem|Substitute|p1a: Kyurem
|-start|p1a: Kyurem|Substitute
|-damage|p1a: Kyurem|69/100
|move|p2a: Alomomola|Flip Turn|p1a: Kyurem
|-supereffective|p1a: Kyurem
|-end|p1a: Kyurem|Substitute
|
|t:|1779697431
|switch|p2a: Lokix|Lokix, F|100/100|[from] Flip Turn
|-damage|p2a: Lokix|76/100|[from] Stealth Rock
|
|-heal|p1a: Kyurem|75/100|[from] item: Leftovers
|upkeep
|turn|18
|
|t:|1779697444
|move|p1a: Kyurem|Protect|p1a: Kyurem
|-singleturn|p1a: Kyurem|Protect
|move|p2a: Lokix|U-turn|p1a: Kyurem
|-activate|p1a: Kyurem|move: Protect
|
|-heal|p1a: Kyurem|81/100|[from] item: Leftovers
|upkeep
|turn|19
|
|t:|1779697451
|move|p1a: Kyurem|Substitute|p1a: Kyurem
|-start|p1a: Kyurem|Substitute
|-damage|p1a: Kyurem|56/100
|move|p2a: Lokix|U-turn|p1a: Kyurem
|-end|p1a: Kyurem|Substitute
|
|t:|1779697458
|switch|p2a: Alomomola|Alomomola, M|100/100|[from] U-turn
|
|-heal|p1a: Kyurem|63/100|[from] item: Leftovers
|upkeep
|turn|20
|
|t:|1779697465
|move|p1a: Kyurem|Substitute|p1a: Kyurem
|-start|p1a: Kyurem|Substitute
|-damage|p1a: Kyurem|38/100
|move|p2a: Alomomola|Wish|p2a: Alomomola
|
|-heal|p1a: Kyurem|44/100|[from] item: Leftovers
|upkeep
|turn|21
|
|t:|1779697469
|move|p1a: Kyurem|Protect|p1a: Kyurem
|-singleturn|p1a: Kyurem|Protect
|move|p2a: Alomomola|Flip Turn|p1a: Kyurem
|-activate|p1a: Kyurem|move: Protect
|
|-heal|p1a: Kyurem|50/100|[from] item: Leftovers
|upkeep
|turn|22
|
|t:|1779697477
|move|p1a: Kyurem|Freeze-Dry|p2a: Alomomola
|-supereffective|p2a: Alomomola
|-damage|p2a: Alomomola|16/100
|move|p2a: Alomomola|Wish|p2a: Alomomola
|
|-heal|p1a: Kyurem|56/100|[from] item: Leftovers
|upkeep
|turn|23
|
|t:|1779697488
|switch|p2a: Slowking|Slowking-Galar, M|83/100
|move|p1a: Kyurem|Freeze-Dry|p2a: Slowking
|-damage|p2a: Slowking|64/100
|
|-heal|p2a: Slowking|100/100|[from] move: Wish|[wisher] Alomomola
|-heal|p1a: Kyurem|62/100|[from] item: Leftovers
|upkeep
|turn|24
|
|t:|1779697496
|move|p1a: Kyurem|Earth Power|p2a: Slowking
|-supereffective|p2a: Slowking
|-damage|p2a: Slowking|47/100
|move|p2a: Slowking|Future Sight|p1a: Kyurem
|-start|p2a: Slowking|move: Future Sight
|
|-heal|p1a: Kyurem|69/100|[from] item: Leftovers
|upkeep
|turn|25
|
|t:|1779697502
|move|p1a: Kyurem|Earth Power|p2a: Slowking
|-supereffective|p2a: Slowking
|-damage|p2a: Slowking|0 fnt
|faint|p2a: Slowking
|
|-heal|p1a: Kyurem|75/100|[from] item: Leftovers
|upkeep
|
|t:|1779697509
|switch|p2a: Great Tusk|Great Tusk|100/100
|turn|26
|
|t:|1779697513
|move|p1a: Kyurem|Freeze-Dry|p2a: Great Tusk
|-supereffective|p2a: Great Tusk
|-damage|p2a: Great Tusk|0 fnt
|faint|p2a: Great Tusk
|-end|p2a: Great Tusk|Protosynthesis|[silent]
|
|-end|p1a: Kyurem|move: Future Sight
|-end|p1a: Kyurem|Substitute
|-heal|p1a: Kyurem|81/100|[from] item: Leftovers
|upkeep
|
|t:|1779697535
|switch|p2a: Lokix|Lokix, F|76/100
|-damage|p2a: Lokix|51/100|[from] Stealth Rock
|turn|27
|
|t:|1779697539
|move|p1a: Kyurem|Protect|p1a: Kyurem
|-singleturn|p1a: Kyurem|Protect
|move|p2a: Lokix|Leech Life|p1a: Kyurem
|-activate|p1a: Kyurem|move: Protect
|
|-heal|p1a: Kyurem|87/100|[from] item: Leftovers
|upkeep
|turn|28
|
|t:|1779697551
|move|p1a: Kyurem|Freeze-Dry|p2a: Lokix
|-damage|p2a: Lokix|0 fnt
|faint|p2a: Lokix
|
|-heal|p1a: Kyurem|93/100|[from] item: Leftovers
|upkeep
|-message|lokixftw forfeited.
|
|win|draconotmeteor
|raw|draconotmeteor's rating: 1327 &rarr; <strong>1350</strong><br />(+23 for winning)
|raw|lokixftw's rating: 1377 &rarr; <strong>1354</strong><br />(-23 for losing)
|l|☆lokixftw
|player|p2|
