|j|☆tokiwakano
|j|☆yoribori
|t:|1779677654
|gametype|singles
|player|p1|tokiwakano|acetrainerf|1674
|player|p2|yoribori|flannery|1647
|gen|9
|tier|[Gen 9] OU
|rated|
|rule|HP Percentage Mod: HP is shown in percentages
|rule|Endless Battle Clause: Forcing endless battles is banned
|rule|Species Clause: Limit one of each Pokémon
|rule|OHKO Clause: OHKO moves are banned
|rule|Evasion Items Clause: Evasion items are banned
|rule|Evasion Moves Clause: Evasion moves are banned
|rule|Evasion Abilities Clause: Evasion abilities are banned
|rule|Sleep Moves Clause: Sleep-inducing moves are banned
|clearpoke
|poke|p1|Clefable, F|
|poke|p1|Meowscarada, M|
|poke|p1|Ting-Lu|
|poke|p1|Dragonite, F|
|poke|p1|Gholdengo|
|poke|p1|Zamazenta-*|
|poke|p2|Tyranitar, M|
|poke|p2|Excadrill, F|
|poke|p2|Rotom-Wash|
|poke|p2|Hydrapple, M|
|poke|p2|Fezandipiti, M|
|poke|p2|Blaziken, F|
|teampreview
|inactive|Battle timer is ON: inactive players will automatically lose when time's up. (requested by yoribori)
|j| Eternity o2
|
|t:|1779677665
|teamsize|p1|6
|teamsize|p2|6
|start
|switch|p1a: Meowscarada|Meowscarada, M|100/100
|switch|p2a: Fezandipiti|Fezandipiti, M|100/100
|turn|1
|
|t:|1779677672
|move|p1a: Meowscarada|U-turn|p2a: Fezandipiti
|-start|p1a: Meowscarada|typechange|Bug|[from] ability: Protean
|-resisted|p2a: Fezandipiti
|-damage|p2a: Fezandipiti|92/100
|
|t:|1779677673
|switch|p1a: Gholdengo|Gholdengo|100/100|[from] U-turn
|move|p2a: Fezandipiti|U-turn|p1a: Gholdengo
|-resisted|p1a: Gholdengo
|-damage|p1a: Gholdengo|95/100
|
|t:|1779677681
|switch|p2a: Excadrill|Excadrill, F|100/100|[from] U-turn
|-item|p2a: Excadrill|Air Balloon
|
|upkeep
|turn|2
|
|t:|1779677689
|switch|p1a: Ting-Lu|Ting-Lu|100/100
|-ability|p1a: Ting-Lu|Vessel of Ruin
|move|p2a: Excadrill|Earthquake|p1a: Ting-Lu
|-damage|p1a: Ting-Lu|69/100
|
|-heal|p1a: Ting-Lu|75/100|[from] item: Leftovers
|upkeep
|turn|3
|
|t:|1779677692
|switch|p2a: Hydrapple|Hydrapple, M|100/100
|move|p1a: Ting-Lu|Ruination|p2a: Hydrapple
|-damage|p2a: Hydrapple|50/100
|
|-heal|p1a: Ting-Lu|81/100|[from] item: Leftovers
|upkeep
|turn|4
|
|t:|1779677698
|move|p1a: Ting-Lu|Stealth Rock|p2a: Hydrapple
|-sidestart|p2: yoribori|move: Stealth Rock
|move|p2a: Hydrapple|Leaf Storm|p1a: Ting-Lu
|-supereffective|p1a: Ting-Lu
|-damage|p1a: Ting-Lu|0 fnt
|-unboost|p2a: Hydrapple|spa|2
|faint|p1a: Ting-Lu
|
|upkeep
|
|t:|1779677704
|switch|p1a: Meowscarada|Meowscarada, M|100/100
|turn|5
|
|t:|1779677708
|switch|p2a: Fezandipiti|Fezandipiti, M|92/100
|move|p1a: Meowscarada|U-turn|p2a: Fezandipiti
|-start|p1a: Meowscarada|typechange|Bug|[from] ability: Protean
|-resisted|p2a: Fezandipiti
|-damage|p2a: Fezandipiti|82/100
|
|t:|1779677711
|switch|p1a: Gholdengo|Gholdengo|95/100|[from] U-turn
|
|upkeep
|turn|6
|
|t:|1779677717
|switch|p2a: Rotom|Rotom-Wash|100/100
|-damage|p2a: Rotom|88/100|[from] Stealth Rock
|move|p1a: Gholdengo|Make It Rain|p2a: Rotom
|-resisted|p2a: Rotom
|-damage|p2a: Rotom|70/100
|-unboost|p1a: Gholdengo|spa|1
|
|-heal|p2a: Rotom|76/100|[from] item: Leftovers
|upkeep
|turn|7
|
|t:|1779677721
|switch|p1a: Clefable|Clefable, F|100/100
|move|p2a: Rotom|Volt Switch|p1a: Clefable
|-damage|p1a: Clefable|77/100
|j| UnfDoesntBegin
|
|t:|1779677744
|switch|p2a: Excadrill|Excadrill, F|100/100|[from] Volt Switch
|-damage|p2a: Excadrill|97/100|[from] Stealth Rock
|-item|p2a: Excadrill|Air Balloon
|
|-heal|p1a: Clefable|83/100|[from] item: Leftovers
|upkeep
|turn|8
|
|t:|1779677748
|switch|p1a: Zamazenta|Zamazenta|100/100
|-ability|p1a: Zamazenta|Dauntless Shield|boost
|-boost|p1a: Zamazenta|def|1
|move|p2a: Excadrill|Earthquake|p1a: Zamazenta
|-damage|p1a: Zamazenta|62/100
|
|upkeep
|turn|9
|
|t:|1779677758
|switch|p2a: Fezandipiti|Fezandipiti, M|82/100
|move|p1a: Zamazenta|Close Combat|p2a: Fezandipiti
|-resisted|p2a: Fezandipiti
|-damage|p2a: Fezandipiti|67/100
|-unboost|p1a: Zamazenta|def|1
|-unboost|p1a: Zamazenta|spd|1
|
|upkeep
|turn|10
|
|t:|1779677761
|switch|p2a: Hydrapple|Hydrapple, M|84/100
|-damage|p2a: Hydrapple|71/100|[from] Stealth Rock
|move|p1a: Zamazenta|Heavy Slam|p2a: Hydrapple
|-crit|p2a: Hydrapple
|-damage|p2a: Hydrapple|50/100
|
|upkeep
|turn|11
|
|t:|1779677782
|switch|p1a: Gholdengo|Gholdengo|95/100
|move|p2a: Hydrapple|Giga Drain|p1a: Gholdengo
|-resisted|p1a: Gholdengo
|-damage|p1a: Gholdengo|60/100
|-heal|p2a: Hydrapple|64/100|[from] drain|[of] p1a: Gholdengo
|
|upkeep
|turn|12
|
|t:|1779677788
|switch|p2a: Rotom|Rotom-Wash|76/100
|-damage|p2a: Rotom|64/100|[from] Stealth Rock
|move|p1a: Gholdengo|Trick|p2a: Rotom
|-activate|p1a: Gholdengo|move: Trick|[of] p2a: Rotom
|-item|p2a: Rotom|Choice Scarf|[from] move: Trick
|-item|p1a: Gholdengo|Leftovers|[from] move: Trick
|
|-heal|p1a: Gholdengo|66/100|[from] item: Leftovers
|upkeep
|turn|13
|
|t:|1779677793
|move|p2a: Rotom|Hydro Pump|p1a: Gholdengo
|-damage|p1a: Gholdengo|19/100
|move|p1a: Gholdengo|Recover|p1a: Gholdengo
|-heal|p1a: Gholdengo|69/100
|
|-heal|p1a: Gholdengo|75/100|[from] item: Leftovers
|upkeep
|turn|14
|
|t:|1779677798
|switch|p2a: Blaziken|Blaziken, F|100/100
|-damage|p2a: Blaziken|88/100|[from] Stealth Rock
|switch|p1a: Meowscarada|Meowscarada, M|100/100
|
|upkeep
|turn|15
|j| chillncurry
|
|t:|1779677809
|switch|p1a: Dragonite|Dragonite, F|100/100
|move|p2a: Blaziken|Flare Blitz|p1a: Dragonite
|-resisted|p1a: Dragonite
|-damage|p1a: Dragonite|84/100
|-damage|p2a: Blaziken|82/100|[from] Recoil
|
|-ability|p2a: Blaziken|Speed Boost|boost
|-boost|p2a: Blaziken|spe|1
|upkeep
|turn|16
|
|t:|1779677826
|switch|p2a: Rotom|Rotom-Wash|64/100
|-damage|p2a: Rotom|51/100|[from] Stealth Rock
|move|p1a: Dragonite|Roost|p1a: Dragonite
|-heal|p1a: Dragonite|100/100
|-singleturn|p1a: Dragonite|move: Roost
|
|upkeep
|turn|17
|
|t:|1779677831
|switch|p1a: Meowscarada|Meowscarada, M|100/100
|move|p2a: Rotom|Will-O-Wisp|p1a: Meowscarada|[miss]
|-miss|p2a: Rotom|p1a: Meowscarada
|
|upkeep
|turn|18
|
|t:|1779677837
|move|p1a: Meowscarada|Spikes|p2a: Rotom
|-start|p1a: Meowscarada|typechange|Ground|[from] ability: Protean
|-sidestart|p2: yoribori|Spikes
|move|p2a: Rotom|Will-O-Wisp|p1a: Meowscarada
|-status|p1a: Meowscarada|brn
|
|-damage|p1a: Meowscarada|94/100 brn|[from] brn
|upkeep
|turn|19
|
|t:|1779677841
|switch|p2a: Hydrapple|Hydrapple, M|97/100
|-damage|p2a: Hydrapple|85/100|[from] Stealth Rock
|-damage|p2a: Hydrapple|72/100|[from] Spikes
|move|p1a: Meowscarada|Spikes|p2a: Hydrapple
|-sidestart|p2: yoribori|Spikes
|
|-damage|p1a: Meowscarada|88/100 brn|[from] brn
|upkeep
|turn|20
|
|t:|1779677850
|move|p1a: Meowscarada|Triple Axel|p2a: Hydrapple
|-supereffective|p2a: Hydrapple
|-damage|p2a: Hydrapple|63/100
|-hitcount|p2a: Hydrapple|1
|move|p2a: Hydrapple|Fickle Beam|p1a: Meowscarada
|-damage|p1a: Meowscarada|0 fnt
|faint|p1a: Meowscarada
|
|upkeep
|
|t:|1779677857
|switch|p1a: Clefable|Clefable, F|83/100
|turn|21
|
|t:|1779677864
|switch|p2a: Fezandipiti|Fezandipiti, M|67/100
|move|p1a: Clefable|Moonblast|p2a: Fezandipiti
|-resisted|p2a: Fezandipiti
|-damage|p2a: Fezandipiti|58/100
|
|-heal|p1a: Clefable|89/100|[from] item: Leftovers
|upkeep
|turn|22
|
|t:|1779677866
|move|p2a: Fezandipiti|Roost|p2a: Fezandipiti
|-heal|p2a: Fezandipiti|100/100
|-singleturn|p2a: Fezandipiti|move: Roost
|move|p1a: Clefable|Knock Off|p2a: Fezandipiti
|-resisted|p2a: Fezandipiti
|-damage|p2a: Fezandipiti|92/100
|-enditem|p2a: Fezandipiti|Heavy-Duty Boots|[from] move: Knock Off|[of] p1a: Clefable
|
|-heal|p1a: Clefable|95/100|[from] item: Leftovers
|upkeep
|turn|23
|
|t:|1779677871
|switch|p1a: Gholdengo|Gholdengo|75/100
|move|p2a: Fezandipiti|U-turn|p1a: Gholdengo
|-resisted|p1a: Gholdengo
|-damage|p1a: Gholdengo|69/100
|
|t:|1779677874
|switch|p2a: Excadrill|Excadrill, F|97/100|[from] U-turn
|-damage|p2a: Excadrill|94/100|[from] Stealth Rock
|-item|p2a: Excadrill|Air Balloon
|
|-heal|p1a: Gholdengo|75/100|[from] item: Leftovers
|upkeep
|turn|24
|
|t:|1779677881
|-terastallize|p1a: Gholdengo|Ghost
|move|p1a: Gholdengo|Shadow Ball|p2a: Excadrill
|-damage|p2a: Excadrill|15/100
|-enditem|p2a: Excadrill|Air Balloon
|move|p2a: Excadrill|Earthquake|p1a: Gholdengo
|-damage|p1a: Gholdengo|11/100
|
|-heal|p1a: Gholdengo|17/100|[from] item: Leftovers
|upkeep
|turn|25
|
|t:|1779677896
|move|p1a: Gholdengo|Shadow Ball|p2a: Excadrill
|-damage|p2a: Excadrill|0 fnt
|faint|p2a: Excadrill
|
|-heal|p1a: Gholdengo|23/100|[from] item: Leftovers
|upkeep
|
|t:|1779677901
|switch|p2a: Rotom|Rotom-Wash|51/100
|-damage|p2a: Rotom|39/100|[from] Stealth Rock
|turn|26
|
|t:|1779677906
|switch|p1a: Clefable|Clefable, F|95/100
|move|p2a: Rotom|Volt Switch|p1a: Clefable
|-damage|p1a: Clefable|71/100
|
|t:|1779677917
|switch|p2a: Hydrapple|Hydrapple, M|96/100|[from] Volt Switch
|-damage|p2a: Hydrapple|83/100|[from] Stealth Rock
|-damage|p2a: Hydrapple|67/100|[from] Spikes
|
|-heal|p1a: Clefable|77/100|[from] item: Leftovers
|upkeep
|turn|27
|
|t:|1779677937
|-terastallize|p2a: Hydrapple|Fairy
|move|p1a: Clefable|Knock Off|p2a: Hydrapple
|-resisted|p2a: Hydrapple
|-damage|p2a: Hydrapple|60/100
|-enditem|p2a: Hydrapple|Choice Specs|[from] move: Knock Off|[of] p1a: Clefable
|move|p2a: Hydrapple|Leaf Storm|p1a: Clefable
|-damage|p1a: Clefable|7/100
|-unboost|p2a: Hydrapple|spa|2
|
|-heal|p1a: Clefable|13/100|[from] item: Leftovers
|upkeep
|turn|28
|
|t:|1779677953
|switch|p2a: Blaziken|Blaziken, F|82/100
|-damage|p2a: Blaziken|70/100|[from] Stealth Rock
|-damage|p2a: Blaziken|53/100|[from] Spikes
|move|p1a: Clefable|Moonlight|p1a: Clefable
|-heal|p1a: Clefable|63/100
|
|-heal|p1a: Clefable|69/100|[from] item: Leftovers
|upkeep
|turn|29
|
|t:|1779677980
|switch|p1a: Dragonite|Dragonite, F|100/100
|move|p2a: Blaziken|Swords Dance|p2a: Blaziken
|-boost|p2a: Blaziken|atk|2
|
|-ability|p2a: Blaziken|Speed Boost|boost
|-boost|p2a: Blaziken|spe|1
|upkeep
|turn|30
|
|t:|1779677991
|switch|p2a: Hydrapple|Hydrapple, M, tera:Fairy|94/100
|-damage|p2a: Hydrapple|81/100|[from] Stealth Rock
|-damage|p2a: Hydrapple|64/100|[from] Spikes
|move|p1a: Dragonite|Earthquake|p2a: Hydrapple
|-damage|p2a: Hydrapple|35/100
|
|upkeep
|turn|31
|
|t:|1779677998
|switch|p1a: Clefable|Clefable, F|69/100
|move|p2a: Hydrapple|Leaf Storm|p1a: Clefable
|-damage|p1a: Clefable|3/100
|-unboost|p2a: Hydrapple|spa|2
|
|-heal|p1a: Clefable|9/100|[from] item: Leftovers
|upkeep
|turn|32
|
|t:|1779678003
|switch|p2a: Blaziken|Blaziken, F|53/100
|-damage|p2a: Blaziken|41/100|[from] Stealth Rock
|-damage|p2a: Blaziken|24/100|[from] Spikes
|move|p1a: Clefable|Moonlight|p1a: Clefable
|-heal|p1a: Clefable|59/100
|
|-heal|p1a: Clefable|65/100|[from] item: Leftovers
|upkeep
|turn|33
|
|t:|1779678008
|move|p2a: Blaziken|Knock Off|p1a: Clefable
|-resisted|p1a: Clefable
|-crit|p1a: Clefable
|-damage|p1a: Clefable|47/100
|-enditem|p1a: Clefable|Leftovers|[from] move: Knock Off|[of] p2a: Blaziken
|move|p1a: Clefable|Moonblast|p2a: Blaziken
|-damage|p2a: Blaziken|0 fnt
|faint|p2a: Blaziken
|
|upkeep
|
|t:|1779678018
|switch|p2a: Fezandipiti|Fezandipiti, M|92/100
|-damage|p2a: Fezandipiti|80/100|[from] Stealth Rock
|-damage|p2a: Fezandipiti|63/100|[from] Spikes
|turn|34
|
|t:|1779678021
|move|p2a: Fezandipiti|Play Rough|p1a: Clefable
|-damage|p1a: Clefable|23/100
|move|p1a: Clefable|Moonlight|p1a: Clefable
|-heal|p1a: Clefable|73/100
|
|upkeep
|turn|35
|
|t:|1779678027
|move|p2a: Fezandipiti|Play Rough|p1a: Clefable
|-damage|p1a: Clefable|49/100
|move|p1a: Clefable|Calm Mind|p1a: Clefable
|-boost|p1a: Clefable|spa|1
|-boost|p1a: Clefable|spd|1
|
|upkeep
|turn|36
|
|t:|1779678034
|move|p2a: Fezandipiti|Play Rough|p1a: Clefable
|-crit|p1a: Clefable
|-damage|p1a: Clefable|12/100
|move|p1a: Clefable|Moonlight|p1a: Clefable
|-heal|p1a: Clefable|62/100
|
|upkeep
|turn|37
|
|t:|1779678037
|move|p2a: Fezandipiti|Play Rough|p1a: Clefable
|-damage|p1a: Clefable|35/100
|-unboost|p1a: Clefable|atk|1
|move|p1a: Clefable|Moonlight|p1a: Clefable
|-heal|p1a: Clefable|85/100
|
|upkeep
|turn|38
|
|t:|1779678042
|move|p2a: Fezandipiti|Play Rough|p1a: Clefable
|-damage|p1a: Clefable|57/100
|move|p1a: Clefable|Calm Mind|p1a: Clefable
|-boost|p1a: Clefable|spa|1
|-boost|p1a: Clefable|spd|1
|
|upkeep
|turn|39
|
|t:|1779678047
|move|p2a: Fezandipiti|Play Rough|p1a: Clefable|[miss]
|-miss|p2a: Fezandipiti|p1a: Clefable
|move|p1a: Clefable|Moonlight|p1a: Clefable
|-heal|p1a: Clefable|100/100
|
|upkeep
|turn|40
|
|t:|1779678051
|move|p2a: Fezandipiti|Play Rough|p1a: Clefable
|-damage|p1a: Clefable|77/100
|move|p1a: Clefable|Calm Mind|p1a: Clefable
|-boost|p1a: Clefable|spa|1
|-boost|p1a: Clefable|spd|1
|
|upkeep
|turn|41
|
|t:|1779678053
|move|p2a: Fezandipiti|Play Rough|p1a: Clefable
|-damage|p1a: Clefable|53/100
|move|p1a: Clefable|Moonblast|p2a: Fezandipiti
|-resisted|p2a: Fezandipiti
|-damage|p2a: Fezandipiti|36/100
|
|upkeep
|turn|42
|
|t:|1779678058
|move|p2a: Fezandipiti|Roost|p2a: Fezandipiti
|-heal|p2a: Fezandipiti|87/100
|-singleturn|p2a: Fezandipiti|move: Roost
|move|p1a: Clefable|Moonblast|p2a: Fezandipiti
|-resisted|p2a: Fezandipiti
|-damage|p2a: Fezandipiti|62/100
|
|upkeep
|turn|43
|
|t:|1779678061
|move|p2a: Fezandipiti|Play Rough|p1a: Clefable
|-damage|p1a: Clefable|28/100
|move|p1a: Clefable|Moonblast|p2a: Fezandipiti
|-resisted|p2a: Fezandipiti
|-damage|p2a: Fezandipiti|36/100
|
|upkeep
|turn|44
|
|t:|1779678065
|move|p2a: Fezandipiti|Roost|p2a: Fezandipiti
|-heal|p2a: Fezandipiti|86/100
|-singleturn|p2a: Fezandipiti|move: Roost
|move|p1a: Clefable|Moonlight|p1a: Clefable
|-heal|p1a: Clefable|78/100
|
|upkeep
|turn|45
|
|t:|1779678068
|move|p2a: Fezandipiti|Play Rough|p1a: Clefable
|-damage|p1a: Clefable|54/100
|-unboost|p1a: Clefable|atk|1
|move|p1a: Clefable|Moonblast|p2a: Fezandipiti
|-resisted|p2a: Fezandipiti
|-damage|p2a: Fezandipiti|60/100
|
|upkeep
|turn|46
|
|t:|1779678074
|move|p2a: Fezandipiti|Play Rough|p1a: Clefable
|-damage|p1a: Clefable|30/100
|move|p1a: Clefable|Moonblast|p2a: Fezandipiti
|-resisted|p2a: Fezandipiti
|-damage|p2a: Fezandipiti|33/100
|
|upkeep
|turn|47
|
|t:|1779678077
|switch|p1a: Gholdengo|Gholdengo, tera:Ghost|23/100
|move|p2a: Fezandipiti|Roost|p2a: Fezandipiti
|-heal|p2a: Fezandipiti|84/100
|-singleturn|p2a: Fezandipiti|move: Roost
|
|-heal|p1a: Gholdengo|29/100|[from] item: Leftovers
|upkeep
|turn|48
|
|t:|1779678080
|switch|p2a: Tyranitar|Tyranitar, M|100/100
|-damage|p2a: Tyranitar|88/100|[from] Stealth Rock
|-damage|p2a: Tyranitar|72/100|[from] Spikes
|-weather|Sandstorm|[from] ability: Sand Stream|[of] p2a: Tyranitar
|move|p1a: Gholdengo|Make It Rain|p2a: Tyranitar
|-supereffective|p2a: Tyranitar
|-damage|p2a: Tyranitar|18/100
|-unboost|p1a: Gholdengo|spa|1
|
|-weather|Sandstorm|[upkeep]
|-damage|p1a: Gholdengo|23/100|[from] Sandstorm
|-heal|p1a: Gholdengo|29/100|[from] item: Leftovers
|-heal|p2a: Tyranitar|24/100|[from] item: Leftovers
|upkeep
|turn|49
|
|t:|1779678084
|move|p1a: Gholdengo|Make It Rain|p2a: Tyranitar
|-supereffective|p2a: Tyranitar
|-damage|p2a: Tyranitar|0 fnt
|-unboost|p1a: Gholdengo|spa|1
|faint|p2a: Tyranitar
|
|-weather|Sandstorm|[upkeep]
|-damage|p1a: Gholdengo|23/100|[from] Sandstorm
|-heal|p1a: Gholdengo|29/100|[from] item: Leftovers
|upkeep
|
|t:|1779678087
|switch|p2a: Rotom|Rotom-Wash|39/100
|-damage|p2a: Rotom|26/100|[from] Stealth Rock
|turn|50
|
|t:|1779678090
|switch|p1a: Clefable|Clefable, F|30/100
|move|p2a: Rotom|Volt Switch|p1a: Clefable
|-damage|p1a: Clefable|8/100
|
|t:|1779678093
|switch|p2a: Fezandipiti|Fezandipiti, M|84/100|[from] Volt Switch
|-damage|p2a: Fezandipiti|71/100|[from] Stealth Rock
|-damage|p2a: Fezandipiti|55/100|[from] Spikes
|
|-weather|Sandstorm|[upkeep]
|-damage|p2a: Fezandipiti|49/100|[from] Sandstorm
|upkeep
|turn|51
|l| UnfDoesntBegin
|
|t:|1779678097
|move|p2a: Fezandipiti|Roost|p2a: Fezandipiti
|-heal|p2a: Fezandipiti|99/100
|-singleturn|p2a: Fezandipiti|move: Roost
|move|p1a: Clefable|Moonblast|p2a: Fezandipiti
|-resisted|p2a: Fezandipiti
|-damage|p2a: Fezandipiti|88/100
|
|-weather|Sandstorm|[upkeep]
|-damage|p2a: Fezandipiti|82/100|[from] Sandstorm
|upkeep
|turn|52
|
|t:|1779678101
|move|p2a: Fezandipiti|Beat Up|p1a: Clefable
|-resisted|p1a: Clefable
|-damage|p1a: Clefable|6/100
|-resisted|p1a: Clefable
|-damage|p1a: Clefable|5/100
|-resisted|p1a: Clefable
|-damage|p1a: Clefable|4/100
|-hitcount|p1a: Clefable|3
|move|p1a: Clefable|Moonblast|p2a: Fezandipiti
|-resisted|p2a: Fezandipiti
|-damage|p2a: Fezandipiti|72/100
|
|-weather|none
|upkeep
|turn|53
|
|t:|1779678106
|move|p2a: Fezandipiti|U-turn|p1a: Clefable
|-resisted|p1a: Clefable
|-damage|p1a: Clefable|0 fnt
|faint|p1a: Clefable
|
|t:|1779678111
|switch|p2a: Rotom|Rotom-Wash|26/100|[from] U-turn
|-damage|p2a: Rotom|14/100|[from] Stealth Rock
|
|upkeep
|
|t:|1779678113
|switch|p1a: Dragonite|Dragonite, F|100/100
|turn|54
|
|t:|1779678116
|move|p1a: Dragonite|Extreme Speed|p2a: Rotom
|-damage|p2a: Rotom|0 fnt
|faint|p2a: Rotom
|
|upkeep
|
|t:|1779678120
|switch|p2a: Hydrapple|Hydrapple, M, tera:Fairy|69/100
|-damage|p2a: Hydrapple|56/100|[from] Stealth Rock
|-damage|p2a: Hydrapple|39/100|[from] Spikes
|turn|55
|
|t:|1779678127
|move|p1a: Dragonite|Extreme Speed|p2a: Hydrapple
|-damage|p2a: Hydrapple|16/100
|move|p2a: Hydrapple|Fickle Beam|p1a: Dragonite
|-supereffective|p1a: Dragonite
|-damage|p1a: Dragonite|52/100
|
|upkeep
|turn|56
|
|t:|1779678131
|move|p1a: Dragonite|Extreme Speed|p2a: Hydrapple
|-damage|p2a: Hydrapple|0 fnt
|faint|p2a: Hydrapple
|
|upkeep
|
|t:|1779678132
|switch|p2a: Fezandipiti|Fezandipiti, M|72/100
|-damage|p2a: Fezandipiti|60/100|[from] Stealth Rock
|-damage|p2a: Fezandipiti|43/100|[from] Spikes
|turn|57
|
|t:|1779678134
|move|p1a: Dragonite|Earthquake|p2a: Fezandipiti
|-supereffective|p2a: Fezandipiti
|-damage|p2a: Fezandipiti|0 fnt
|faint|p2a: Fezandipiti
|
|win|tokiwakano
|raw|tokiwakano's rating: 1674 &rarr; <strong>1692</strong><br />(+18 for winning)
|raw|yoribori's rating: 1647 &rarr; <strong>1629</strong><br />(-18 for losing)
|l|☆yoribori
|player|p2|
|l|☆tokiwakano
|player|p1|
