|j|☆cnette
|j|☆NotMontay
|t:|1779641354
|gametype|singles
|player|p1|cnette|erika|1454
|player|p2|NotMontay|worker|1424
|gen|9
|tier|[Gen 9] OU
|rated|
|rule|HP Percentage Mod: HP is shown in percentages
|rule|Endless Battle Clause: Forcing endless battles is banned
|rule|Species Clause: Limit one of each Pokémon
|rule|OHKO Clause: OHKO moves are banned
|rule|Evasion Items Clause: Evasion items are banned
|rule|Evasion Moves Clause: Evasion moves are banned
|rule|Evasion Abilities Clause: Evasion abilities are banned
|rule|Sleep Moves Clause: Sleep-inducing moves are banned
|clearpoke
|poke|p1|Lilligant-Hisui, F|
|poke|p1|Arcanine-Hisui, M|
|poke|p1|Walking Wake|
|poke|p1|Torkoal, M|
|poke|p1|Great Tusk|
|poke|p1|Corviknight, F|
|poke|p2|Azumarill, F|
|poke|p2|Pelipper, M|
|poke|p2|Iron Jugulis|
|poke|p2|Floatzel, F|
|poke|p2|Toxicroak, F|
|poke|p2|Meowscarada, M|
|teampreview
|inactive|Battle timer is ON: inactive players will automatically lose when time's up. (requested by cnette)
|
|t:|1779641372
|teamsize|p1|6
|teamsize|p2|6
|start
|switch|p1a: Walking Wake|Walking Wake|100/100
|switch|p2a: Pelipper|Pelipper, M|100/100
|-weather|RainDance|[from] ability: Drizzle|[of] p2a: Pelipper
|turn|1
|
|t:|1779641384
|move|p1a: Walking Wake|Hydro Steam|p2a: Pelipper
|-resisted|p2a: Pelipper
|-damage|p2a: Pelipper|49/100
|move|p2a: Pelipper|Hurricane|p1a: Walking Wake
|-damage|p1a: Walking Wake|59/100
|
|-weather|RainDance|[upkeep]
|upkeep
|turn|2
|
|t:|1779641393
|switch|p2a: Toxicroak|Toxicroak, F|100/100
|move|p1a: Walking Wake|Hydro Steam|p2a: Toxicroak
|-immune|p2a: Toxicroak|[from] ability: Dry Skin
|
|-weather|RainDance|[upkeep]
|upkeep
|turn|3
|
|t:|1779641413
|-end|p1a: Walking Wake|Protosynthesis|[silent]
|switch|p1a: Corviknight|Corviknight, F|100/100
|-ability|p1a: Corviknight|Pressure
|switch|p2a: Pelipper|Pelipper, M|49/100
|
|-weather|RainDance|[upkeep]
|upkeep
|turn|4
|
|t:|1779641420
|move|p2a: Pelipper|Hydro Pump|p1a: Corviknight
|-damage|p1a: Corviknight|46/100
|move|p1a: Corviknight|U-turn|p2a: Pelipper
|-resisted|p2a: Pelipper
|-damage|p2a: Pelipper|44/100
|
|t:|1779641431
|switch|p1a: Arcanine|Arcanine-Hisui, M|100/100|[from] U-turn
|
|-weather|RainDance|[upkeep]
|upkeep
|turn|5
|
|t:|1779641450
|switch|p2a: Iron Jugulis|Iron Jugulis|100/100
|move|p1a: Arcanine|Head Smash|p2a: Iron Jugulis
|-supereffective|p2a: Iron Jugulis
|-damage|p2a: Iron Jugulis|0 fnt
|faint|p2a: Iron Jugulis
|-end|p2a: Iron Jugulis|Quark Drive|[silent]
|
|-weather|RainDance|[upkeep]
|upkeep
|
|t:|1779641457
|switch|p2a: Toxicroak|Toxicroak, F|100/100
|turn|6
|
|t:|1779641462
|switch|p1a: Corviknight|Corviknight, F|46/100
|-ability|p1a: Corviknight|Pressure
|move|p2a: Toxicroak|Gunk Shot|p1a: Corviknight
|-immune|p1a: Corviknight
|
|-weather|RainDance|[upkeep]
|upkeep
|turn|7
|
|t:|1779641470
|move|p2a: Toxicroak|Swords Dance|p2a: Toxicroak
|-boost|p2a: Toxicroak|atk|2
|move|p1a: Corviknight|Roost|p1a: Corviknight
|-heal|p1a: Corviknight|96/100
|-singleturn|p1a: Corviknight|move: Roost
|
|-weather|RainDance|[upkeep]
|upkeep
|turn|8
|
|t:|1779641477
|move|p2a: Toxicroak|Close Combat|p1a: Corviknight
|-damage|p1a: Corviknight|19/100
|-unboost|p2a: Toxicroak|def|1
|-unboost|p2a: Toxicroak|spd|1
|-damage|p2a: Toxicroak|84/100|[from] item: Rocky Helmet|[of] p1a: Corviknight
|-damage|p2a: Toxicroak|74/100|[from] item: Life Orb
|move|p1a: Corviknight|Brave Bird|p2a: Toxicroak
|-supereffective|p2a: Toxicroak
|-damage|p2a: Toxicroak|0 fnt
|faint|p2a: Toxicroak
|-damage|p1a: Corviknight|0 fnt|[from] Recoil
|faint|p1a: Corviknight
|
|-weather|none
|upkeep
|
|t:|1779641493
|switch|p2a: Azumarill|Azumarill, F|100/100
|switch|p1a: Arcanine|Arcanine-Hisui, M|100/100
|turn|9
|
|t:|1779641503
|-terastallize|p1a: Arcanine|Normal
|move|p1a: Arcanine|Head Smash|p2a: Azumarill
|-damage|p2a: Azumarill|0 fnt
|faint|p2a: Azumarill
|
|upkeep
|
|t:|1779641512
|switch|p2a: Meowscarada|Meowscarada, M|100/100
|turn|10
|
|t:|1779641517
|move|p2a: Meowscarada|Flower Trick|p1a: Arcanine
|-start|p2a: Meowscarada|typechange|Grass|[from] ability: Protean
|-crit|p1a: Arcanine
|-damage|p1a: Arcanine|39/100
|move|p1a: Arcanine|Head Smash|p2a: Meowscarada|[miss]
|-miss|p1a: Arcanine|p2a: Meowscarada
|
|upkeep
|turn|11
|
|t:|1779641533
|switch|p2a: Floatzel|Floatzel, F|100/100
|switch|p1a: Lilligant|Lilligant-Hisui, F|100/100
|
|upkeep
|turn|12
|
|t:|1779641543
|move|p2a: Floatzel|Ice Spinner|p1a: Lilligant
|-supereffective|p1a: Lilligant
|-damage|p1a: Lilligant|0 fnt
|faint|p1a: Lilligant
|
|upkeep
|
|t:|1779641550
|switch|p1a: Walking Wake|Walking Wake|59/100
|turn|13
|
|t:|1779641563
|move|p1a: Walking Wake|Draco Meteor|p2a: Floatzel
|-damage|p2a: Floatzel|0 fnt
|-unboost|p1a: Walking Wake|spa|2
|faint|p2a: Floatzel
|
|upkeep
|
|t:|1779641574
|switch|p2a: Meowscarada|Meowscarada, M|100/100
|turn|14
|
|t:|1779641580
|-end|p1a: Walking Wake|Protosynthesis|[silent]
|switch|p1a: Torkoal|Torkoal, M|100/100
|-weather|SunnyDay|[from] ability: Drought|[of] p1a: Torkoal
|move|p2a: Meowscarada|Flower Trick|p1a: Torkoal
|-start|p2a: Meowscarada|typechange|Grass|[from] ability: Protean
|-resisted|p1a: Torkoal
|-crit|p1a: Torkoal
|-damage|p1a: Torkoal|81/100
|
|-weather|SunnyDay|[upkeep]
|upkeep
|turn|15
|
|t:|1779641594
|switch|p2a: Pelipper|Pelipper, M|44/100
|-weather|RainDance|[from] ability: Drizzle|[of] p2a: Pelipper
|switch|p1a: Walking Wake|Walking Wake|59/100
|
|-weather|RainDance|[upkeep]
|upkeep
|turn|16
|
|t:|1779641602
|switch|p2a: Meowscarada|Meowscarada, M|100/100
|move|p1a: Walking Wake|Hydro Steam|p2a: Meowscarada
|-resisted|p2a: Meowscarada
|-crit|p2a: Meowscarada
|-damage|p2a: Meowscarada|25/100
|
|-weather|RainDance|[upkeep]
|upkeep
|turn|17
|
|t:|1779641611
|move|p2a: Meowscarada|Knock Off|p1a: Walking Wake
|-start|p2a: Meowscarada|typechange|Dark|[from] ability: Protean
|-damage|p1a: Walking Wake|12/100
|-enditem|p1a: Walking Wake|Choice Scarf|[from] move: Knock Off|[of] p2a: Meowscarada
|move|p1a: Walking Wake|Hydro Steam|p2a: Meowscarada
|-damage|p2a: Meowscarada|0 fnt
|faint|p2a: Meowscarada
|
|-weather|RainDance|[upkeep]
|upkeep
|c|☆NotMontay|gg
|c|☆cnette|gg
|-message|NotMontay forfeited.
|
|win|cnette
|raw|cnette's rating: 1454 &rarr; <strong>1472</strong><br />(+18 for winning)
|raw|NotMontay's rating: 1424 &rarr; <strong>1406</strong><br />(-18 for losing)
|l|☆NotMontay
|player|p2|
|l|☆cnette
|player|p1|
