|j|☆bobrumba
|j|☆Palm X
|t:|1779649247
|gametype|singles
|player|p1|bobrumba|cynthia-gen4|1610
|player|p2|Palm X|caitlin|1559
|gen|9
|tier|[Gen 9] OU
|rated|
|rule|HP Percentage Mod: HP is shown in percentages
|rule|Endless Battle Clause: Forcing endless battles is banned
|rule|Species Clause: Limit one of each Pokémon
|rule|OHKO Clause: OHKO moves are banned
|rule|Evasion Items Clause: Evasion items are banned
|rule|Evasion Moves Clause: Evasion moves are banned
|rule|Evasion Abilities Clause: Evasion abilities are banned
|rule|Sleep Moves Clause: Sleep-inducing moves are banned
|clearpoke
|poke|p1|Dondozo, F|
|poke|p1|Blissey, F|
|poke|p1|Corviknight, M|
|poke|p1|Weezing-Galar, F|
|poke|p1|Gliscor, M|
|poke|p1|Toxapex, F|
|poke|p2|Great Tusk|
|poke|p2|Slowking-Galar, F|
|poke|p2|Cinderace, F|
|poke|p2|Kyurem|
|poke|p2|Enamorus, F|
|poke|p2|Kingambit, M|
|teampreview
|inactive|Battle timer is ON: inactive players will automatically lose when time's up. (requested by Palm X)
|
|t:|1779649253
|teamsize|p1|6
|teamsize|p2|6
|start
|switch|p1a: Corviknight|Corviknight, M|100/100
|switch|p2a: Slowking|Slowking-Galar, F|100/100
|-ability|p1a: Corviknight|Pressure
|turn|1
|
|t:|1779649257
|switch|p1a: Gliscor|Gliscor, M|100/100
|move|p2a: Slowking|Future Sight|p1a: Gliscor
|-start|p2a: Slowking|move: Future Sight
|
|-status|p1a: Gliscor|tox|[from] item: Toxic Orb
|upkeep
|turn|2
|
|t:|1779649264
|move|p1a: Gliscor|Knock Off|p2a: Slowking
|-supereffective|p2a: Slowking
|-crit|p2a: Slowking
|-enditem|p2a: Slowking|Colbur Berry|[eat]
|-enditem|p2a: Slowking|Colbur Berry|[weaken]
|-damage|p2a: Slowking|64/100
|-prepare|p2a: Slowking|Chilly Reception|[premajor]
|move|p2a: Slowking|Chilly Reception|p2a: Slowking
|-weather|Snowscape
|
|t:|1779649268
|switch|p2a: Kyurem|Kyurem|100/100|[from] Chilly Reception
|-ability|p2a: Kyurem|Pressure
|
|-weather|Snowscape|[upkeep]
|upkeep
|turn|3
|
|t:|1779649270
|move|p1a: Gliscor|Protect|p1a: Gliscor
|-singleturn|p1a: Gliscor|Protect
|move|p2a: Kyurem|Substitute|p2a: Kyurem
|-start|p2a: Kyurem|Substitute
|-damage|p2a: Kyurem|75/100
|
|-weather|Snowscape|[upkeep]
|-end|p1a: Gliscor|move: Future Sight
|-damage|p1a: Gliscor|64/100 tox
|-heal|p2a: Kyurem|82/100|[from] item: Leftovers
|-heal|p1a: Gliscor|76/100 tox|[from] ability: Poison Heal
|upkeep
|turn|4
|
|t:|1779649275
|switch|p1a: Corviknight|Corviknight, M|100/100
|-ability|p1a: Corviknight|Pressure
|move|p2a: Kyurem|Freeze-Dry|p1a: Corviknight
|-damage|p1a: Corviknight|68/100
|
|-weather|Snowscape|[upkeep]
|-heal|p2a: Kyurem|88/100|[from] item: Leftovers
|-heal|p1a: Corviknight|74/100|[from] item: Leftovers
|upkeep
|turn|5
|
|t:|1779649282
|move|p2a: Kyurem|Protect|p2a: Kyurem
|-singleturn|p2a: Kyurem|Protect
|move|p1a: Corviknight|Body Press|p2a: Kyurem
|-activate|p2a: Kyurem|move: Protect
|
|-weather|Snowscape|[upkeep]
|-heal|p2a: Kyurem|94/100|[from] item: Leftovers
|-heal|p1a: Corviknight|80/100|[from] item: Leftovers
|upkeep
|turn|6
|
|t:|1779649287
|move|p2a: Kyurem|Freeze-Dry|p1a: Corviknight
|-damage|p1a: Corviknight|47/100
|move|p1a: Corviknight|Body Press|p2a: Kyurem
|-supereffective|p2a: Kyurem
|-end|p2a: Kyurem|Substitute
|
|-weather|none
|-heal|p2a: Kyurem|99/100|[from] item: Leftovers
|-heal|p1a: Corviknight|53/100|[from] item: Leftovers
|upkeep
|turn|7
|
|t:|1779649293
|move|p2a: Kyurem|Freeze-Dry|p1a: Corviknight
|-damage|p1a: Corviknight|20/100
|move|p1a: Corviknight|Iron Defense|p1a: Corviknight
|-boost|p1a: Corviknight|def|2
|
|-heal|p2a: Kyurem|100/100|[from] item: Leftovers
|-heal|p1a: Corviknight|26/100|[from] item: Leftovers
|upkeep
|turn|8
|
|t:|1779649297
|switch|p1a: Blissey|Blissey, F|100/100
|move|p2a: Kyurem|Freeze-Dry|p1a: Blissey
|-damage|p1a: Blissey|89/100
|
|-heal|p1a: Blissey|96/100|[from] item: Leftovers
|upkeep
|turn|9
|
|t:|1779649300
|switch|p2a: Great Tusk|Great Tusk|100/100
|move|p1a: Blissey|Stealth Rock|p2a: Great Tusk
|-sidestart|p2: Palm X|move: Stealth Rock
|
|-heal|p1a: Blissey|100/100|[from] item: Leftovers
|upkeep
|turn|10
|
|t:|1779649304
|switch|p1a: Corviknight|Corviknight, M|26/100
|-ability|p1a: Corviknight|Pressure
|move|p2a: Great Tusk|Knock Off|p1a: Corviknight
|-damage|p1a: Corviknight|9/100
|-enditem|p1a: Corviknight|Leftovers|[from] move: Knock Off|[of] p2a: Great Tusk
|
|upkeep
|turn|11
|
|t:|1779649311
|switch|p1a: Toxapex|Toxapex, F|100/100
|move|p2a: Great Tusk|Rapid Spin|p1a: Toxapex
|-damage|p1a: Toxapex|89/100
|-boost|p2a: Great Tusk|spe|1
|-sideend|p2: Palm X|Stealth Rock|[from] move: Rapid Spin|[of] p2a: Great Tusk
|
|-heal|p1a: Toxapex|95/100|[from] item: Black Sludge
|upkeep
|turn|12
|
|t:|1779649314
|switch|p1a: Gliscor|Gliscor, M|76/100 tox
|move|p2a: Great Tusk|Earthquake|p1a: Gliscor
|-immune|p1a: Gliscor
|
|-heal|p1a: Gliscor|89/100 tox|[from] ability: Poison Heal
|upkeep
|turn|13
|
|t:|1779649321
|-end|p2a: Great Tusk|Protosynthesis|[silent]
|switch|p2a: Slowking|Slowking-Galar, F|98/100
|move|p1a: Gliscor|Spikes|p2a: Slowking
|-sidestart|p2: Palm X|Spikes
|
|-heal|p1a: Gliscor|100/100 tox|[from] ability: Poison Heal
|upkeep
|turn|14
|
|t:|1779649325
|switch|p1a: Corviknight|Corviknight, M|9/100
|-ability|p1a: Corviknight|Pressure
|move|p2a: Slowking|Future Sight|p1a: Corviknight
|-start|p2a: Slowking|move: Future Sight
|
|upkeep
|turn|15
|
|t:|1779649327
|move|p1a: Corviknight|Roost|p1a: Corviknight
|-heal|p1a: Corviknight|59/100
|-singleturn|p1a: Corviknight|move: Roost
|move|p2a: Slowking|Thunder Wave|p1a: Corviknight
|-status|p1a: Corviknight|par
|
|upkeep
|turn|16
|
|t:|1779649332
|move|p1a: Corviknight|Roost|p1a: Corviknight
|-heal|p1a: Corviknight|100/100 par
|-singleturn|p1a: Corviknight|move: Roost
|-prepare|p2a: Slowking|Chilly Reception|[premajor]
|move|p2a: Slowking|Chilly Reception|p2a: Slowking
|-weather|Snowscape
|
|t:|1779649337
|switch|p2a: Cinderace|Cinderace, F|100/100|[from] Chilly Reception
|
|-weather|Snowscape|[upkeep]
|-end|p1a: Corviknight|move: Future Sight
|-resisted|p1a: Corviknight
|-damage|p1a: Corviknight|79/100 par
|upkeep
|turn|17
|
|t:|1779649345
|switch|p1a: Weezing|Weezing-Galar, F|100/100
|-ability|p1a: Weezing|Neutralizing Gas
|move|p2a: Cinderace|Pyro Ball|p1a: Weezing
|-damage|p1a: Weezing|69/100
|
|-weather|Snowscape|[upkeep]
|upkeep
|turn|18
|
|t:|1779649353
|move|p2a: Cinderace|Will-O-Wisp|p1a: Weezing
|-status|p1a: Weezing|brn
|move|p1a: Weezing|Toxic Spikes|p2a: Cinderace
|-sidestart|p2: Palm X|move: Toxic Spikes
|
|-weather|Snowscape|[upkeep]
|-damage|p1a: Weezing|63/100 brn|[from] brn
|upkeep
|turn|19
|
|t:|1779649360
|-end|p1a: Weezing|ability: Neutralizing Gas
|switch|p1a: Gliscor|Gliscor, M|100/100 tox
|move|p2a: Cinderace|Pyro Ball|p1a: Gliscor
|-damage|p1a: Gliscor|65/100 tox
|
|-weather|Snowscape|[upkeep]
|-heal|p1a: Gliscor|78/100 tox|[from] ability: Poison Heal
|upkeep
|turn|20
|
|t:|1779649367
|move|p2a: Cinderace|U-turn|p1a: Gliscor
|-resisted|p1a: Gliscor
|-damage|p1a: Gliscor|71/100 tox
|
|t:|1779649370
|switch|p2a: Slowking|Slowking-Galar, F|100/100|[from] U-turn
|-damage|p2a: Slowking|88/100|[from] Spikes
|-sideend|p2: Palm X|move: Toxic Spikes|[of] p2a: Slowking
|move|p1a: Gliscor|Earthquake|p2a: Slowking
|-supereffective|p2a: Slowking
|-damage|p2a: Slowking|25/100
|
|-weather|none
|-heal|p1a: Gliscor|83/100 tox|[from] ability: Poison Heal
|upkeep
|turn|21
|
|t:|1779649381
|switch|p2a: Enamorus|Enamorus, F|100/100
|move|p1a: Gliscor|Knock Off|p2a: Enamorus
|-resisted|p2a: Enamorus
|-damage|p2a: Enamorus|84/100
|-enditem|p2a: Enamorus|Choice Scarf|[from] move: Knock Off|[of] p1a: Gliscor
|
|-heal|p1a: Gliscor|96/100 tox|[from] ability: Poison Heal
|upkeep
|turn|22
|
|t:|1779649388
|move|p2a: Enamorus|Moonblast|p1a: Gliscor
|-damage|p1a: Gliscor|50/100 tox
|move|p1a: Gliscor|Spikes|p2a: Enamorus
|-sidestart|p2: Palm X|Spikes
|
|-heal|p1a: Gliscor|63/100 tox|[from] ability: Poison Heal
|upkeep
|turn|23
|
|t:|1779649394
|move|p1a: Gliscor|Protect|p1a: Gliscor
|-singleturn|p1a: Gliscor|Protect
|move|p2a: Enamorus|Earth Power|p1a: Gliscor
|-activate|p1a: Gliscor|move: Protect
|
|-heal|p1a: Gliscor|75/100 tox|[from] ability: Poison Heal
|upkeep
|turn|24
|
|t:|1779649399
|switch|p1a: Blissey|Blissey, F|100/100
|move|p2a: Enamorus|Moonblast|p1a: Blissey
|-damage|p1a: Blissey|86/100
|
|-heal|p1a: Blissey|92/100|[from] item: Leftovers
|upkeep
|turn|25
|
|t:|1779649415
|switch|p2a: Cinderace|Cinderace, F|100/100
|switch|p1a: Gliscor|Gliscor, M|75/100 tox
|
|-heal|p1a: Gliscor|88/100 tox|[from] ability: Poison Heal
|upkeep
|turn|26
|
|t:|1779649421
|move|p2a: Cinderace|Court Change|p2a: Cinderace
|-swapsideconditions
|-activate|p2a: Cinderace|move: Court Change
|move|p1a: Gliscor|Knock Off|p2a: Cinderace
|-damage|p2a: Cinderace|76/100
|-enditem|p2a: Cinderace|Heavy-Duty Boots|[from] move: Knock Off|[of] p1a: Gliscor
|
|-heal|p1a: Gliscor|99/100 tox|[from] ability: Poison Heal
|upkeep
|turn|27
|
|t:|1779649431
|move|p2a: Cinderace|U-turn|p1a: Gliscor
|-resisted|p1a: Gliscor
|-damage|p1a: Gliscor|92/100 tox
|
|t:|1779649436
|switch|p2a: Kyurem|Kyurem|100/100|[from] U-turn
|-ability|p2a: Kyurem|Pressure
|move|p1a: Gliscor|Earthquake|p2a: Kyurem
|-damage|p2a: Kyurem|71/100
|
|-heal|p2a: Kyurem|77/100|[from] item: Leftovers
|-heal|p1a: Gliscor|100/100 tox|[from] ability: Poison Heal
|upkeep
|turn|28
|
|t:|1779649439
|switch|p1a: Blissey|Blissey, F|92/100
|-damage|p1a: Blissey|75/100|[from] Spikes
|move|p2a: Kyurem|Freeze-Dry|p1a: Blissey
|-damage|p1a: Blissey|65/100
|
|-heal|p2a: Kyurem|83/100|[from] item: Leftovers
|-heal|p1a: Blissey|72/100|[from] item: Leftovers
|upkeep
|turn|29
|
|t:|1779649448
|switch|p1a: Corviknight|Corviknight, M|79/100 par
|-ability|p1a: Corviknight|Pressure
|move|p2a: Kyurem|Substitute|p2a: Kyurem
|-start|p2a: Kyurem|Substitute
|-damage|p2a: Kyurem|58/100
|
|-heal|p2a: Kyurem|64/100|[from] item: Leftovers
|upkeep
|turn|30
|
|t:|1779649452
|switch|p1a: Blissey|Blissey, F|72/100
|-damage|p1a: Blissey|55/100|[from] Spikes
|move|p2a: Kyurem|Protect||[still]
|-fail|p2a: Kyurem
|
|-heal|p2a: Kyurem|70/100|[from] item: Leftovers
|-heal|p1a: Blissey|61/100|[from] item: Leftovers
|upkeep
|turn|31
|
|t:|1779649457
|move|p2a: Kyurem|Freeze-Dry|p1a: Blissey
|-damage|p1a: Blissey|50/100
|move|p1a: Blissey|Calm Mind|p1a: Blissey
|-boost|p1a: Blissey|spa|1
|-boost|p1a: Blissey|spd|1
|
|-heal|p2a: Kyurem|76/100|[from] item: Leftovers
|-heal|p1a: Blissey|56/100|[from] item: Leftovers
|upkeep
|turn|32
|
|t:|1779649466
|move|p2a: Kyurem|Earth Power|p1a: Blissey
|-damage|p1a: Blissey|50/100
|move|p1a: Blissey|Stealth Rock|p2a: Kyurem
|-sidestart|p2: Palm X|move: Stealth Rock
|
|-heal|p2a: Kyurem|83/100|[from] item: Leftovers
|-heal|p1a: Blissey|56/100|[from] item: Leftovers
|upkeep
|turn|33
|
|t:|1779649471
|move|p2a: Kyurem|Earth Power|p1a: Blissey
|-damage|p1a: Blissey|50/100
|move|p1a: Blissey|Calm Mind|p1a: Blissey
|-boost|p1a: Blissey|spa|1
|-boost|p1a: Blissey|spd|1
|
|-heal|p2a: Kyurem|89/100|[from] item: Leftovers
|-heal|p1a: Blissey|57/100|[from] item: Leftovers
|upkeep
|turn|34
|
|t:|1779649475
|move|p2a: Kyurem|Earth Power|p1a: Blissey
|-damage|p1a: Blissey|52/100
|move|p1a: Blissey|Soft-Boiled|p1a: Blissey
|-heal|p1a: Blissey|100/100
|
|-heal|p2a: Kyurem|95/100|[from] item: Leftovers
|upkeep
|turn|35
|
|t:|1779649480
|move|p2a: Kyurem|Freeze-Dry|p1a: Blissey
|-damage|p1a: Blissey|95/100
|move|p1a: Blissey|Calm Mind|p1a: Blissey
|-boost|p1a: Blissey|spa|1
|-boost|p1a: Blissey|spd|1
|
|-heal|p2a: Kyurem|100/100|[from] item: Leftovers
|-heal|p1a: Blissey|100/100|[from] item: Leftovers
|upkeep
|turn|36
|
|t:|1779649487
|switch|p2a: Great Tusk|Great Tusk|100/100
|-damage|p2a: Great Tusk|98/100|[from] Stealth Rock
|move|p1a: Blissey|Calm Mind|p1a: Blissey
|-boost|p1a: Blissey|spa|1
|-boost|p1a: Blissey|spd|1
|
|-heal|p2a: Great Tusk|100/100|[from] item: Leftovers
|upkeep
|turn|37
|
|t:|1779649490
|switch|p1a: Corviknight|Corviknight, M|79/100 par
|-ability|p1a: Corviknight|Pressure
|move|p2a: Great Tusk|Knock Off|p1a: Corviknight
|-damage|p1a: Corviknight|68/100 par
|
|upkeep
|turn|38
|
|t:|1779649494
|move|p2a: Great Tusk|Rapid Spin|p1a: Corviknight
|-resisted|p1a: Corviknight
|-damage|p1a: Corviknight|64/100 par
|-boost|p2a: Great Tusk|spe|1
|-sideend|p2: Palm X|Stealth Rock|[from] move: Rapid Spin|[of] p2a: Great Tusk
|move|p1a: Corviknight|Defog|p2a: Great Tusk
|-unboost|p2a: Great Tusk|evasion|1
|-sideend|p1: bobrumba|Spikes|[from] move: Defog|[of] p1a: Corviknight
|
|upkeep
|turn|39
|
|t:|1779649503
|-end|p2a: Great Tusk|Protosynthesis|[silent]
|switch|p2a: Kyurem|Kyurem|100/100
|-ability|p2a: Kyurem|Pressure
|switch|p1a: Gliscor|Gliscor, M|100/100 tox
|
|upkeep
|turn|40
|
|t:|1779649508
|switch|p2a: Great Tusk|Great Tusk|100/100
|switch|p1a: Blissey|Blissey, F|100/100
|
|upkeep
|turn|41
|
|t:|1779649512
|-end|p2a: Great Tusk|Protosynthesis|[silent]
|switch|p2a: Kyurem|Kyurem|100/100
|-ability|p2a: Kyurem|Pressure
|switch|p1a: Gliscor|Gliscor, M|100/100 tox
|
|upkeep
|turn|42
|
|t:|1779649516
|switch|p1a: Blissey|Blissey, F|100/100
|move|p2a: Kyurem|Freeze-Dry|p1a: Blissey
|-damage|p1a: Blissey|90/100
|
|-heal|p1a: Blissey|96/100|[from] item: Leftovers
|upkeep
|turn|43
|
|t:|1779649523
|switch|p2a: Cinderace|Cinderace, F|76/100
|move|p1a: Blissey|Stealth Rock|p2a: Cinderace
|-sidestart|p2: Palm X|move: Stealth Rock
|
|-heal|p1a: Blissey|100/100|[from] item: Leftovers
|upkeep
|turn|44
|
|t:|1779649527
|switch|p1a: Weezing|Weezing-Galar, F|63/100 brn
|-ability|p1a: Weezing|Neutralizing Gas
|move|p2a: Cinderace|Court Change|p2a: Cinderace
|-swapsideconditions
|-activate|p2a: Cinderace|move: Court Change
|
|-damage|p1a: Weezing|57/100 brn|[from] brn
|upkeep
|turn|45
|
|t:|1779649532
|move|p2a: Cinderace|Pyro Ball|p1a: Weezing
|-damage|p1a: Weezing|26/100 brn
|move|p1a: Weezing|Defog|p2a: Cinderace
|-unboost|p2a: Cinderace|evasion|1
|-sideend|p1: bobrumba|Stealth Rock|[from] move: Defog|[of] p1a: Weezing
|
|-damage|p1a: Weezing|20/100 brn|[from] brn
|upkeep
|turn|46
|
|t:|1779649536
|-end|p1a: Weezing|ability: Neutralizing Gas
|switch|p1a: Gliscor|Gliscor, M|100/100 tox
|move|p2a: Cinderace|Will-O-Wisp||[still]
|-fail|p2a: Cinderace
|
|upkeep
|turn|47
|
|t:|1779649547
|move|p2a: Cinderace|U-turn|p1a: Gliscor
|-resisted|p1a: Gliscor
|-damage|p1a: Gliscor|93/100 tox
|
|t:|1779649550
|switch|p2a: Enamorus|Enamorus, F|84/100|[from] U-turn
|move|p1a: Gliscor|Spikes|p2a: Enamorus
|-sidestart|p2: Palm X|Spikes
|
|-heal|p1a: Gliscor|100/100 tox|[from] ability: Poison Heal
|upkeep
|turn|48
|
|t:|1779649554
|move|p2a: Enamorus|Moonblast|p1a: Gliscor
|-damage|p1a: Gliscor|58/100 tox
|-unboost|p1a: Gliscor|spa|1
|move|p1a: Gliscor|Spikes|p2a: Enamorus
|-sidestart|p2: Palm X|Spikes
|
|-heal|p1a: Gliscor|71/100 tox|[from] ability: Poison Heal
|upkeep
|turn|49
|
|t:|1779649558
|move|p2a: Enamorus|Moonblast|p1a: Gliscor
|-damage|p1a: Gliscor|27/100 tox
|move|p1a: Gliscor|Spikes|p2a: Enamorus
|-sidestart|p2: Palm X|Spikes
|
|-heal|p1a: Gliscor|39/100 tox|[from] ability: Poison Heal
|upkeep
|turn|50
|
|t:|1779649562
|move|p1a: Gliscor|Protect|p1a: Gliscor
|-singleturn|p1a: Gliscor|Protect
|move|p2a: Enamorus|Moonblast|p1a: Gliscor
|-activate|p1a: Gliscor|move: Protect
|
|-heal|p1a: Gliscor|52/100 tox|[from] ability: Poison Heal
|upkeep
|turn|51
|
|t:|1779649567
|switch|p1a: Toxapex|Toxapex, F|100/100
|move|p2a: Enamorus|Moonblast|p1a: Toxapex
|-resisted|p1a: Toxapex
|-damage|p1a: Toxapex|84/100
|
|-heal|p1a: Toxapex|90/100|[from] item: Black Sludge
|upkeep
|turn|52
|
|t:|1779649571
|switch|p2a: Slowking|Slowking-Galar, F|58/100
|-damage|p2a: Slowking|33/100|[from] Spikes
|move|p1a: Toxapex|Toxic|p2a: Slowking
|-immune|p2a: Slowking
|
|-heal|p1a: Toxapex|96/100|[from] item: Black Sludge
|upkeep
|turn|53
|
|t:|1779649575
|switch|p1a: Weezing|Weezing-Galar, F|20/100 brn
|-ability|p1a: Weezing|Neutralizing Gas
|-prepare|p2a: Slowking|Chilly Reception|[premajor]
|move|p2a: Slowking|Chilly Reception|p2a: Slowking
|-weather|Snowscape
|
|t:|1779649578
|switch|p2a: Cinderace|Cinderace, F|76/100|[from] Chilly Reception
|-damage|p2a: Cinderace|51/100|[from] Spikes
|
|-weather|Snowscape|[upkeep]
|-damage|p1a: Weezing|14/100 brn|[from] brn
|upkeep
|turn|54
|
|t:|1779649585
|move|p2a: Cinderace|Pyro Ball|p1a: Weezing
|-damage|p1a: Weezing|0 fnt
|faint|p1a: Weezing
|-end|p1a: Weezing|ability: Neutralizing Gas
|
|-weather|Snowscape|[upkeep]
|upkeep
|
|t:|1779649588
|switch|p1a: Gliscor|Gliscor, M|52/100 tox
|turn|55
|
|t:|1779649592
|move|p2a: Cinderace|Court Change|p2a: Cinderace
|-swapsideconditions
|-activate|p2a: Cinderace|move: Court Change
|move|p1a: Gliscor|Earthquake|p2a: Cinderace
|-supereffective|p2a: Cinderace
|-damage|p2a: Cinderace|0 fnt
|faint|p2a: Cinderace
|
|-weather|Snowscape|[upkeep]
|-heal|p1a: Gliscor|64/100 tox|[from] ability: Poison Heal
|upkeep
|
|t:|1779649594
|switch|p2a: Kyurem|Kyurem|100/100
|-ability|p2a: Kyurem|Pressure
|turn|56
|
|t:|1779649597
|switch|p1a: Blissey|Blissey, F|100/100
|-damage|p1a: Blissey|75/100|[from] Spikes
|move|p2a: Kyurem|Freeze-Dry|p1a: Blissey
|-damage|p1a: Blissey|64/100
|
|-weather|Snowscape|[upkeep]
|-heal|p1a: Blissey|70/100|[from] item: Leftovers
|upkeep
|turn|57
|
|t:|1779649604
|switch|p2a: Great Tusk|Great Tusk|100/100
|move|p1a: Blissey|Calm Mind|p1a: Blissey
|-boost|p1a: Blissey|spa|1
|-boost|p1a: Blissey|spd|1
|
|-weather|none
|-heal|p1a: Blissey|77/100|[from] item: Leftovers
|upkeep
|turn|58
|
|t:|1779649609
|-end|p2a: Great Tusk|Protosynthesis|[silent]
|switch|p2a: Slowking|Slowking-Galar, F|33/100
|switch|p1a: Corviknight|Corviknight, M|64/100 par
|-ability|p1a: Corviknight|Pressure
|
|upkeep
|turn|59
|
|t:|1779649611
|move|p1a: Corviknight|Defog|p2a: Slowking
|-unboost|p2a: Slowking|evasion|1
|-sideend|p1: bobrumba|Spikes|[from] move: Defog|[of] p1a: Corviknight
|move|p2a: Slowking|Future Sight|p1a: Corviknight
|-start|p2a: Slowking|move: Future Sight
|
|upkeep
|turn|60
|
|t:|1779649615
|switch|p1a: Gliscor|Gliscor, M|64/100 tox
|-prepare|p2a: Slowking|Chilly Reception|[premajor]
|move|p2a: Slowking|Chilly Reception|p2a: Slowking
|-weather|Snowscape
|
|t:|1779649619
|switch|p2a: Great Tusk|Great Tusk|100/100|[from] Chilly Reception
|
|-weather|Snowscape|[upkeep]
|-heal|p1a: Gliscor|77/100 tox|[from] ability: Poison Heal
|upkeep
|turn|61
|
|t:|1779649627
|move|p1a: Gliscor|Protect|p1a: Gliscor
|-singleturn|p1a: Gliscor|Protect
|move|p2a: Great Tusk|Knock Off|p1a: Gliscor
|-activate|p1a: Gliscor|move: Protect
|
|-weather|Snowscape|[upkeep]
|-end|p1a: Gliscor|move: Future Sight
|-damage|p1a: Gliscor|39/100 tox
|-heal|p1a: Gliscor|52/100 tox|[from] ability: Poison Heal
|upkeep
|turn|62
|
|t:|1779649633
|move|p2a: Great Tusk|Bulk Up|p2a: Great Tusk
|-boost|p2a: Great Tusk|atk|1
|-boost|p2a: Great Tusk|def|1
|move|p1a: Gliscor|Spikes|p2a: Great Tusk
|-sidestart|p2: Palm X|Spikes
|
|-weather|Snowscape|[upkeep]
|-heal|p1a: Gliscor|64/100 tox|[from] ability: Poison Heal
|upkeep
|turn|63
|
|t:|1779649640
|move|p2a: Great Tusk|Knock Off|p1a: Gliscor
|-damage|p1a: Gliscor|33/100 tox
|-enditem|p1a: Gliscor|Toxic Orb|[from] move: Knock Off|[of] p2a: Great Tusk
|move|p1a: Gliscor|Spikes|p2a: Great Tusk
|-sidestart|p2: Palm X|Spikes
|
|-weather|Snowscape|[upkeep]
|-heal|p1a: Gliscor|45/100 tox|[from] ability: Poison Heal
|upkeep
|turn|64
|
|t:|1779649646
|move|p1a: Gliscor|Protect|p1a: Gliscor
|-singleturn|p1a: Gliscor|Protect
|move|p2a: Great Tusk|Bulk Up|p2a: Great Tusk
|-boost|p2a: Great Tusk|atk|1
|-boost|p2a: Great Tusk|def|1
|
|-weather|none
|-heal|p1a: Gliscor|58/100 tox|[from] ability: Poison Heal
|upkeep
|turn|65
|
|t:|1779649649
|switch|p1a: Dondozo|Dondozo, F|100/100
|move|p2a: Great Tusk|Rapid Spin|p1a: Dondozo
|-damage|p1a: Dondozo|95/100
|-boost|p2a: Great Tusk|spe|1
|-sideend|p2: Palm X|Spikes|[from] move: Rapid Spin|[of] p2a: Great Tusk
|
|-heal|p1a: Dondozo|100/100|[from] item: Leftovers
|upkeep
|turn|66
|
|t:|1779649653
|move|p2a: Great Tusk|Knock Off|p1a: Dondozo
|-damage|p1a: Dondozo|88/100
|-enditem|p1a: Dondozo|Leftovers|[from] move: Knock Off|[of] p2a: Great Tusk
|move|p1a: Dondozo|Avalanche|p2a: Great Tusk
|-supereffective|p2a: Great Tusk
|-damage|p2a: Great Tusk|73/100
|
|-heal|p2a: Great Tusk|79/100|[from] item: Leftovers
|upkeep
|turn|67
|
|t:|1779649659
|-end|p2a: Great Tusk|Protosynthesis|[silent]
|switch|p2a: Slowking|Slowking-Galar, F|67/100
|move|p1a: Dondozo|Avalanche|p2a: Slowking
|-damage|p2a: Slowking|53/100
|
|upkeep
|turn|68
|
|t:|1779649662
|switch|p1a: Gliscor|Gliscor, M|58/100 tox
|-prepare|p2a: Slowking|Chilly Reception|[premajor]
|move|p2a: Slowking|Chilly Reception|p2a: Slowking
|-weather|Snowscape
|
|t:|1779649665
|switch|p2a: Kyurem|Kyurem|100/100|[from] Chilly Reception
|-ability|p2a: Kyurem|Pressure
|
|-weather|Snowscape|[upkeep]
|-heal|p1a: Gliscor|70/100 tox|[from] ability: Poison Heal
|upkeep
|turn|69
|
|t:|1779649668
|switch|p1a: Blissey|Blissey, F|77/100
|move|p2a: Kyurem|Freeze-Dry|p1a: Blissey
|-damage|p1a: Blissey|64/100
|
|-weather|Snowscape|[upkeep]
|-heal|p1a: Blissey|70/100|[from] item: Leftovers
|upkeep
|turn|70
|
|t:|1779649674
|move|p2a: Kyurem|Substitute|p2a: Kyurem
|-start|p2a: Kyurem|Substitute
|-damage|p2a: Kyurem|75/100
|move|p1a: Blissey|Stealth Rock|p2a: Kyurem
|-sidestart|p2: Palm X|move: Stealth Rock
|
|-weather|Snowscape|[upkeep]
|-heal|p2a: Kyurem|82/100|[from] item: Leftovers
|-heal|p1a: Blissey|77/100|[from] item: Leftovers
|upkeep
|turn|71
|
|t:|1779649680
|move|p2a: Kyurem|Freeze-Dry|p1a: Blissey
|-damage|p1a: Blissey|66/100
|move|p1a: Blissey|Calm Mind|p1a: Blissey
|-boost|p1a: Blissey|spa|1
|-boost|p1a: Blissey|spd|1
|
|-weather|Snowscape|[upkeep]
|-heal|p2a: Kyurem|88/100|[from] item: Leftovers
|-heal|p1a: Blissey|72/100|[from] item: Leftovers
|upkeep
|turn|72
|
|t:|1779649685
|move|p2a: Kyurem|Freeze-Dry|p1a: Blissey
|-crit|p1a: Blissey
|-damage|p1a: Blissey|56/100
|move|p1a: Blissey|Calm Mind|p1a: Blissey
|-boost|p1a: Blissey|spa|1
|-boost|p1a: Blissey|spd|1
|
|-weather|none
|-heal|p2a: Kyurem|94/100|[from] item: Leftovers
|-heal|p1a: Blissey|63/100|[from] item: Leftovers
|upkeep
|turn|73
|
|t:|1779649692
|move|p2a: Kyurem|Freeze-Dry|p1a: Blissey
|-damage|p1a: Blissey|57/100
|move|p1a: Blissey|Calm Mind|p1a: Blissey
|-boost|p1a: Blissey|spa|1
|-boost|p1a: Blissey|spd|1
|
|-heal|p2a: Kyurem|99/100|[from] item: Leftovers
|-heal|p1a: Blissey|63/100|[from] item: Leftovers
|upkeep
|turn|74
|
|t:|1779649696
|move|p2a: Kyurem|Earth Power|p1a: Blissey
|-damage|p1a: Blissey|59/100
|move|p1a: Blissey|Seismic Toss|p2a: Kyurem
|-activate|p2a: Kyurem|move: Substitute|[damage]
|
|-heal|p2a: Kyurem|100/100|[from] item: Leftovers
|-heal|p1a: Blissey|65/100|[from] item: Leftovers
|upkeep
|turn|75
|
|t:|1779649704
|move|p2a: Kyurem|Protect|p2a: Kyurem
|-singleturn|p2a: Kyurem|Protect
|move|p1a: Blissey|Seismic Toss|p2a: Kyurem
|-activate|p2a: Kyurem|move: Protect
|
|-heal|p1a: Blissey|72/100|[from] item: Leftovers
|upkeep
|turn|76
|
|t:|1779649711
|move|p2a: Kyurem|Substitute|p2a: Kyurem
|-fail|p2a: Kyurem|move: Substitute
|move|p1a: Blissey|Calm Mind|p1a: Blissey
|-boost|p1a: Blissey|spa|1
|-boost|p1a: Blissey|spd|1
|
|-heal|p1a: Blissey|78/100|[from] item: Leftovers
|upkeep
|turn|77
|
|t:|1779649715
|move|p2a: Kyurem|Freeze-Dry|p1a: Blissey
|-damage|p1a: Blissey|74/100
|move|p1a: Blissey|Calm Mind|p1a: Blissey
|-boost|p1a: Blissey|spa|1
|-boost|p1a: Blissey|spd|1
|
|-heal|p1a: Blissey|80/100|[from] item: Leftovers
|upkeep
|turn|78
|
|t:|1779649719
|move|p2a: Kyurem|Earth Power|p1a: Blissey
|-damage|p1a: Blissey|77/100
|move|p1a: Blissey|Calm Mind|p1a: Blissey
|-boost|p1a: Blissey|spa|1
|-boost|p1a: Blissey|spd|1
|
|-heal|p1a: Blissey|84/100|[from] item: Leftovers
|upkeep
|turn|79
|
|t:|1779649728
|move|p2a: Kyurem|Substitute|p2a: Kyurem
|-fail|p2a: Kyurem|move: Substitute
|move|p1a: Blissey|Calm Mind|p1a: Blissey
|-boost|p1a: Blissey|spa|0
|-boost|p1a: Blissey|spd|0
|
|-heal|p1a: Blissey|90/100|[from] item: Leftovers
|upkeep
|turn|80
|
|t:|1779649735
|move|p2a: Kyurem|Earth Power|p1a: Blissey
|-damage|p1a: Blissey|87/100
|move|p1a: Blissey|Seismic Toss|p2a: Kyurem
|-end|p2a: Kyurem|Substitute
|
|-heal|p1a: Blissey|94/100|[from] item: Leftovers
|upkeep
|turn|81
|
|t:|1779649743
|move|p2a: Kyurem|Substitute|p2a: Kyurem
|-start|p2a: Kyurem|Substitute
|-damage|p2a: Kyurem|75/100
|move|p1a: Blissey|Calm Mind|p1a: Blissey
|-boost|p1a: Blissey|spa|0
|-boost|p1a: Blissey|spd|0
|
|-heal|p2a: Kyurem|82/100|[from] item: Leftovers
|-heal|p1a: Blissey|99/100|[from] item: Leftovers
|upkeep
|turn|82
|
|t:|1779649753
|move|p2a: Kyurem|Protect|p2a: Kyurem
|-singleturn|p2a: Kyurem|Protect
|move|p1a: Blissey|Calm Mind|p1a: Blissey
|-boost|p1a: Blissey|spa|0
|-boost|p1a: Blissey|spd|0
|
|-heal|p2a: Kyurem|88/100|[from] item: Leftovers
|-heal|p1a: Blissey|100/100|[from] item: Leftovers
|upkeep
|turn|83
|
|t:|1779649764
|move|p2a: Kyurem|Freeze-Dry|p1a: Blissey
|-damage|p1a: Blissey|98/100
|move|p1a: Blissey|Calm Mind|p1a: Blissey
|-boost|p1a: Blissey|spa|0
|-boost|p1a: Blissey|spd|0
|
|-heal|p2a: Kyurem|94/100|[from] item: Leftovers
|-heal|p1a: Blissey|100/100|[from] item: Leftovers
|upkeep
|turn|84
|
|t:|1779649769
|switch|p1a: Corviknight|Corviknight, M|64/100 par
|-ability|p1a: Corviknight|Pressure
|move|p2a: Kyurem|Freeze-Dry|p1a: Corviknight
|-damage|p1a: Corviknight|27/100 par
|
|-heal|p2a: Kyurem|99/100|[from] item: Leftovers
|upkeep
|turn|85
|
|t:|1779649777
|switch|p1a: Blissey|Blissey, F|100/100
|move|p2a: Kyurem|Freeze-Dry|p1a: Blissey
|-damage|p1a: Blissey|89/100
|
|-heal|p2a: Kyurem|100/100|[from] item: Leftovers
|-heal|p1a: Blissey|95/100|[from] item: Leftovers
|upkeep
|turn|86
|
|t:|1779649782
|switch|p2a: Great Tusk|Great Tusk|79/100
|-damage|p2a: Great Tusk|76/100|[from] Stealth Rock
|switch|p1a: Toxapex|Toxapex, F|100/100
|
|-heal|p2a: Great Tusk|82/100|[from] item: Leftovers
|upkeep
|turn|87
|
|t:|1779649790
|-end|p2a: Great Tusk|Protosynthesis|[silent]
|switch|p2a: Slowking|Slowking-Galar, F|87/100
|-damage|p2a: Slowking|74/100|[from] Stealth Rock
|move|p1a: Toxapex|Toxic|p2a: Slowking
|-immune|p2a: Slowking
|
|upkeep
|turn|88
|
|t:|1779649793
|switch|p1a: Dondozo|Dondozo, F|88/100
|-prepare|p2a: Slowking|Chilly Reception|[premajor]
|move|p2a: Slowking|Chilly Reception|p2a: Slowking
|-weather|Snowscape
|
|t:|1779649798
|switch|p2a: Great Tusk|Great Tusk|82/100|[from] Chilly Reception
|-damage|p2a: Great Tusk|79/100|[from] Stealth Rock
|
|-weather|Snowscape|[upkeep]
|-heal|p2a: Great Tusk|86/100|[from] item: Leftovers
|upkeep
|turn|89
|
|t:|1779649802
|switch|p1a: Gliscor|Gliscor, M|70/100 tox
|move|p2a: Great Tusk|Rapid Spin|p1a: Gliscor
|-damage|p1a: Gliscor|60/100 tox
|-boost|p2a: Great Tusk|spe|1
|-sideend|p2: Palm X|Stealth Rock|[from] move: Rapid Spin|[of] p2a: Great Tusk
|
|-weather|Snowscape|[upkeep]
|-heal|p2a: Great Tusk|92/100|[from] item: Leftovers
|-heal|p1a: Gliscor|72/100 tox|[from] ability: Poison Heal
|upkeep
|turn|90
|
|t:|1779649807
|move|p2a: Great Tusk|Bulk Up|p2a: Great Tusk
|-boost|p2a: Great Tusk|atk|1
|-boost|p2a: Great Tusk|def|1
|move|p1a: Gliscor|Knock Off|p2a: Great Tusk
|-resisted|p2a: Great Tusk
|-damage|p2a: Great Tusk|88/100
|-enditem|p2a: Great Tusk|Leftovers|[from] move: Knock Off|[of] p1a: Gliscor
|
|-weather|Snowscape|[upkeep]
|-heal|p1a: Gliscor|85/100 tox|[from] ability: Poison Heal
|upkeep
|turn|91
|
|t:|1779649811
|switch|p1a: Dondozo|Dondozo, F|88/100
|move|p2a: Great Tusk|Bulk Up|p2a: Great Tusk
|-boost|p2a: Great Tusk|atk|1
|-boost|p2a: Great Tusk|def|1
|
|-weather|Snowscape|[upkeep]
|upkeep
|turn|92
|
|t:|1779649816
|-end|p2a: Great Tusk|Protosynthesis|[silent]
|switch|p2a: Slowking|Slowking-Galar, F|100/100
|move|p1a: Dondozo|Body Press|p2a: Slowking
|-resisted|p2a: Slowking
|-damage|p2a: Slowking|93/100
|
|-weather|none
|upkeep
|turn|93
|
|t:|1779649820
|switch|p1a: Gliscor|Gliscor, M|85/100 tox
|move|p2a: Slowking|Future Sight|p1a: Gliscor
|-start|p2a: Slowking|move: Future Sight
|
|-heal|p1a: Gliscor|97/100 tox|[from] ability: Poison Heal
|upkeep
|turn|94
|
|t:|1779649822
|move|p1a: Gliscor|Spikes|p2a: Slowking
|-sidestart|p2: Palm X|Spikes
|-prepare|p2a: Slowking|Chilly Reception|[premajor]
|move|p2a: Slowking|Chilly Reception|p2a: Slowking
|-weather|Snowscape
|
|t:|1779649825
|switch|p2a: Enamorus|Enamorus, F|84/100|[from] Chilly Reception
|
|-weather|Snowscape|[upkeep]
|-heal|p1a: Gliscor|100/100 tox|[from] ability: Poison Heal
|upkeep
|turn|95
|
|t:|1779649832
|move|p1a: Gliscor|Protect|p1a: Gliscor
|-singleturn|p1a: Gliscor|Protect
|move|p2a: Enamorus|Moonblast|p1a: Gliscor
|-activate|p1a: Gliscor|move: Protect
|
|-weather|Snowscape|[upkeep]
|-end|p1a: Gliscor|move: Future Sight
|-damage|p1a: Gliscor|65/100 tox
|-heal|p1a: Gliscor|78/100 tox|[from] ability: Poison Heal
|upkeep
|turn|96
|
|t:|1779649840
|switch|p1a: Blissey|Blissey, F|95/100
|move|p2a: Enamorus|Moonblast|p1a: Blissey
|-damage|p1a: Blissey|78/100
|
|-weather|Snowscape|[upkeep]
|-heal|p1a: Blissey|84/100|[from] item: Leftovers
|upkeep
|turn|97
|
|t:|1779649847
|switch|p2a: Great Tusk|Great Tusk|88/100
|-damage|p2a: Great Tusk|76/100|[from] Spikes
|move|p1a: Blissey|Seismic Toss|p2a: Great Tusk
|-damage|p2a: Great Tusk|53/100
|
|-weather|Snowscape|[upkeep]
|-heal|p1a: Blissey|90/100|[from] item: Leftovers
|upkeep
|turn|98
|
|t:|1779649856
|switch|p1a: Gliscor|Gliscor, M|78/100 tox
|move|p2a: Great Tusk|Rapid Spin|p1a: Gliscor
|-damage|p1a: Gliscor|66/100 tox
|-boost|p2a: Great Tusk|spe|1
|-sideend|p2: Palm X|Spikes|[from] move: Rapid Spin|[of] p2a: Great Tusk
|
|-weather|none
|-heal|p1a: Gliscor|78/100 tox|[from] ability: Poison Heal
|upkeep
|turn|99
|
|t:|1779649866
|-end|p2a: Great Tusk|Protosynthesis|[silent]
|switch|p2a: Enamorus|Enamorus, F|84/100
|switch|p1a: Dondozo|Dondozo, F|88/100
|
|upkeep
|turn|100
|
|t:|1779649873
|switch|p2a: Kingambit|Kingambit, M|100/100
|-activate|p2a: Kingambit|ability: Supreme Overlord
|-start|p2a: Kingambit|fallen1|[silent]
|switch|p1a: Blissey|Blissey, F|90/100
|
|-heal|p1a: Blissey|97/100|[from] item: Leftovers
|upkeep
|turn|101
|
|t:|1779649877
|switch|p1a: Dondozo|Dondozo, F|88/100
|move|p2a: Kingambit|Kowtow Cleave|p1a: Dondozo
|-damage|p1a: Dondozo|63/100
|
|upkeep
|turn|102
|
|t:|1779649883
|-end|p2a: Kingambit|fallen1|[silent]
|switch|p2a: Slowking|Slowking-Galar, F|100/100
|move|p1a: Dondozo|Body Press|p2a: Slowking
|-resisted|p2a: Slowking
|-damage|p2a: Slowking|93/100
|
|upkeep
|turn|103
|
|t:|1779649885
|switch|p1a: Gliscor|Gliscor, M|78/100 tox
|-prepare|p2a: Slowking|Chilly Reception|[premajor]
|move|p2a: Slowking|Chilly Reception|p2a: Slowking
|-weather|Snowscape
|
|t:|1779649887
|switch|p2a: Kyurem|Kyurem|100/100|[from] Chilly Reception
|-ability|p2a: Kyurem|Pressure
|
|-weather|Snowscape|[upkeep]
|-heal|p1a: Gliscor|91/100 tox|[from] ability: Poison Heal
|upkeep
|turn|104
|
|t:|1779649890
|switch|p1a: Blissey|Blissey, F|97/100
|move|p2a: Kyurem|Freeze-Dry|p1a: Blissey
|-damage|p1a: Blissey|84/100
|
|-weather|Snowscape|[upkeep]
|-heal|p1a: Blissey|91/100|[from] item: Leftovers
|upkeep
|turn|105
|
|t:|1779649895
|switch|p1a: Toxapex|Toxapex, F|100/100
|move|p2a: Kyurem|Substitute|p2a: Kyurem
|-start|p2a: Kyurem|Substitute
|-damage|p2a: Kyurem|75/100
|
|-weather|Snowscape|[upkeep]
|-heal|p2a: Kyurem|82/100|[from] item: Leftovers
|upkeep
|turn|106
|
|t:|1779649899
|switch|p1a: Blissey|Blissey, F|91/100
|move|p2a: Kyurem|Earth Power|p1a: Blissey
|-damage|p1a: Blissey|81/100
|
|-weather|Snowscape|[upkeep]
|-heal|p2a: Kyurem|88/100|[from] item: Leftovers
|-heal|p1a: Blissey|87/100|[from] item: Leftovers
|upkeep
|turn|107
|
|t:|1779649910
|move|p2a: Kyurem|Earth Power|p1a: Blissey
|-damage|p1a: Blissey|77/100
|move|p1a: Blissey|Calm Mind|p1a: Blissey
|-boost|p1a: Blissey|spa|1
|-boost|p1a: Blissey|spd|1
|
|-weather|none
|-heal|p2a: Kyurem|94/100|[from] item: Leftovers
|-heal|p1a: Blissey|84/100|[from] item: Leftovers
|upkeep
|turn|108
|
|t:|1779649915
|switch|p2a: Slowking|Slowking-Galar, F|100/100
|switch|p1a: Toxapex|Toxapex, F|100/100
|
|upkeep
|turn|109
|
|t:|1779649918
|switch|p1a: Gliscor|Gliscor, M|91/100 tox
|move|p2a: Slowking|Thunder Wave|p1a: Gliscor
|-immune|p1a: Gliscor
|
|-heal|p1a: Gliscor|100/100 tox|[from] ability: Poison Heal
|upkeep
|turn|110
|
|t:|1779649922
|move|p1a: Gliscor|Spikes|p2a: Slowking
|-sidestart|p2: Palm X|Spikes
|move|p2a: Slowking|Future Sight|p1a: Gliscor
|-start|p2a: Slowking|move: Future Sight
|
|upkeep
|turn|111
|
|t:|1779649935
|move|p1a: Gliscor|Spikes|p2a: Slowking
|-sidestart|p2: Palm X|Spikes
|-prepare|p2a: Slowking|Chilly Reception|[premajor]
|move|p2a: Slowking|Chilly Reception|p2a: Slowking
|-weather|Snowscape
|
|t:|1779649937
|switch|p2a: Enamorus|Enamorus, F|84/100|[from] Chilly Reception
|
|-weather|Snowscape|[upkeep]
|upkeep
|turn|112
|
|t:|1779649945
|switch|p1a: Blissey|Blissey, F|84/100
|move|p2a: Enamorus|Mystical Fire|p1a: Blissey
|-damage|p1a: Blissey|76/100
|-unboost|p1a: Blissey|spa|1
|
|-weather|Snowscape|[upkeep]
|-end|p1a: Blissey|move: Future Sight
|-damage|p1a: Blissey|63/100
|-heal|p1a: Blissey|69/100|[from] item: Leftovers
|upkeep
|turn|113
|
|t:|1779649952
|switch|p2a: Slowking|Slowking-Galar, F|100/100
|-damage|p2a: Slowking|84/100|[from] Spikes
|move|p1a: Blissey|Seismic Toss|p2a: Slowking
|-damage|p2a: Slowking|59/100
|
|-weather|Snowscape|[upkeep]
|-heal|p1a: Blissey|76/100|[from] item: Leftovers
|upkeep
|turn|114
|
|t:|1779649956
|move|p1a: Blissey|Seismic Toss|p2a: Slowking
|-damage|p2a: Slowking|33/100
|-prepare|p2a: Slowking|Chilly Reception|[premajor]
|move|p2a: Slowking|Chilly Reception|p2a: Slowking
|
|t:|1779649958
|switch|p2a: Great Tusk|Great Tusk|53/100|[from] Chilly Reception
|-damage|p2a: Great Tusk|36/100|[from] Spikes
|
|-weather|Snowscape|[upkeep]
|-heal|p1a: Blissey|82/100|[from] item: Leftovers
|upkeep
|turn|115
|
|t:|1779649962
|move|p2a: Great Tusk|Rapid Spin|p1a: Blissey
|-damage|p1a: Blissey|68/100
|-boost|p2a: Great Tusk|spe|1
|-sideend|p2: Palm X|Spikes|[from] move: Rapid Spin|[of] p2a: Great Tusk
|move|p1a: Blissey|Seismic Toss|p2a: Great Tusk
|-damage|p2a: Great Tusk|13/100
|
|-weather|none
|-heal|p1a: Blissey|74/100|[from] item: Leftovers
|upkeep
|turn|116
|
|t:|1779649968
|-end|p2a: Great Tusk|Protosynthesis|[silent]
|switch|p2a: Kingambit|Kingambit, M|100/100
|-activate|p2a: Kingambit|ability: Supreme Overlord
|-start|p2a: Kingambit|fallen1|[silent]
|switch|p1a: Gliscor|Gliscor, M|100/100 tox
|
|upkeep
|turn|117
|
|t:|1779649974
|-end|p2a: Kingambit|fallen1|[silent]
|switch|p2a: Enamorus|Enamorus, F|84/100
|move|p1a: Gliscor|Spikes|p2a: Enamorus
|-sidestart|p2: Palm X|Spikes
|
|upkeep
|turn|118
|
|t:|1779649980
|move|p2a: Enamorus|Moonblast|p1a: Gliscor
|-damage|p1a: Gliscor|58/100 tox
|move|p1a: Gliscor|Spikes|p2a: Enamorus
|-sidestart|p2: Palm X|Spikes
|
|-heal|p1a: Gliscor|71/100 tox|[from] ability: Poison Heal
|upkeep
|turn|119
|
|t:|1779649985
|move|p2a: Enamorus|Moonblast|p1a: Gliscor
|-damage|p1a: Gliscor|25/100 tox
|move|p1a: Gliscor|Spikes|p2a: Enamorus
|-sidestart|p2: Palm X|Spikes
|
|-heal|p1a: Gliscor|38/100 tox|[from] ability: Poison Heal
|upkeep
|turn|120
|
|t:|1779649989
|switch|p1a: Blissey|Blissey, F|74/100
|move|p2a: Enamorus|Mystical Fire|p1a: Blissey
|-damage|p1a: Blissey|66/100
|-unboost|p1a: Blissey|spa|1
|
|-heal|p1a: Blissey|72/100|[from] item: Leftovers
|upkeep
|turn|121
|
|t:|1779650002
|switch|p2a: Kyurem|Kyurem|94/100
|-damage|p2a: Kyurem|69/100|[from] Spikes
|-ability|p2a: Kyurem|Pressure
|move|p1a: Blissey|Stealth Rock|p2a: Kyurem
|-sidestart|p2: Palm X|move: Stealth Rock
|
|-heal|p2a: Kyurem|75/100|[from] item: Leftovers
|-heal|p1a: Blissey|78/100|[from] item: Leftovers
|upkeep
|turn|122
|
|t:|1779650009
|switch|p1a: Toxapex|Toxapex, F|100/100
|move|p2a: Kyurem|Protect||[still]
|-fail|p2a: Kyurem
|
|-heal|p2a: Kyurem|81/100|[from] item: Leftovers
|upkeep
|turn|123
|
|t:|1779650013
|switch|p1a: Blissey|Blissey, F|78/100
|move|p2a: Kyurem|Freeze-Dry|p1a: Blissey
|-damage|p1a: Blissey|67/100
|
|-heal|p2a: Kyurem|87/100|[from] item: Leftovers
|-heal|p1a: Blissey|73/100|[from] item: Leftovers
|upkeep
|turn|124
|
|t:|1779650021
|switch|p1a: Toxapex|Toxapex, F|100/100
|move|p2a: Kyurem|Earth Power|p1a: Toxapex
|-supereffective|p1a: Toxapex
|-damage|p1a: Toxapex|60/100
|
|-heal|p2a: Kyurem|93/100|[from] item: Leftovers
|-heal|p1a: Toxapex|66/100|[from] item: Black Sludge
|upkeep
|turn|125
|
|t:|1779650026
|switch|p1a: Blissey|Blissey, F|73/100
|move|p2a: Kyurem|Substitute|p2a: Kyurem
|-start|p2a: Kyurem|Substitute
|-damage|p2a: Kyurem|68/100
|
|-heal|p2a: Kyurem|75/100|[from] item: Leftovers
|-heal|p1a: Blissey|80/100|[from] item: Leftovers
|upkeep
|turn|126
|
|t:|1779650035
|switch|p1a: Toxapex|Toxapex, F|99/100
|move|p2a: Kyurem|Earth Power|p1a: Toxapex
|-supereffective|p1a: Toxapex
|-damage|p1a: Toxapex|60/100
|
|-heal|p2a: Kyurem|81/100|[from] item: Leftovers
|-heal|p1a: Toxapex|66/100|[from] item: Black Sludge
|upkeep
|turn|127
|
|t:|1779650045
|switch|p1a: Blissey|Blissey, F|80/100
|move|p2a: Kyurem|Earth Power|p1a: Blissey
|-damage|p1a: Blissey|70/100
|
|-heal|p2a: Kyurem|87/100|[from] item: Leftovers
|-heal|p1a: Blissey|76/100|[from] item: Leftovers
|upkeep
|turn|128
|
|t:|1779650050
|switch|p2a: Enamorus|Enamorus, F|84/100
|-damage|p2a: Enamorus|59/100|[from] Stealth Rock
|switch|p1a: Toxapex|Toxapex, F|99/100
|
|-heal|p1a: Toxapex|100/100|[from] item: Black Sludge
|upkeep
|turn|129
|
|t:|1779650056
|move|p2a: Enamorus|Healing Wish|p2a: Enamorus
|faint|p2a: Enamorus
|move|p1a: Toxapex|Toxic|p2: Enamorus|[notarget]
|-fail|p1a: Toxapex
|
|upkeep
|
|t:|1779650059
|switch|p2a: Great Tusk|Great Tusk|13/100
|-heal|p2a: Great Tusk|100/100|[from] move: Healing Wish
|-damage|p2a: Great Tusk|76/100|[from] Spikes
|-damage|p2a: Great Tusk|73/100|[from] Stealth Rock
|turn|130
|
|t:|1779650064
|move|p2a: Great Tusk|Earthquake|p1a: Toxapex
|-supereffective|p1a: Toxapex
|-damage|p1a: Toxapex|29/100
|move|p1a: Toxapex|Toxic|p2a: Great Tusk
|-status|p2a: Great Tusk|tox
|
|-heal|p1a: Toxapex|36/100|[from] item: Black Sludge
|-damage|p2a: Great Tusk|66/100 tox|[from] psn
|upkeep
|turn|131
|
|t:|1779650071
|switch|p1a: Gliscor|Gliscor, M|38/100 tox
|move|p2a: Great Tusk|Rapid Spin|p1a: Gliscor
|-damage|p1a: Gliscor|27/100 tox
|-boost|p2a: Great Tusk|spe|1
|-sideend|p2: Palm X|Spikes|[from] move: Rapid Spin|[of] p2a: Great Tusk
|-sideend|p2: Palm X|Stealth Rock|[from] move: Rapid Spin|[of] p2a: Great Tusk
|
|-damage|p2a: Great Tusk|54/100 tox|[from] psn
|-heal|p1a: Gliscor|39/100 tox|[from] ability: Poison Heal
|upkeep
|turn|132
|
|t:|1779650079
|-end|p2a: Great Tusk|Protosynthesis|[silent]
|switch|p2a: Kingambit|Kingambit, M|100/100
|-activate|p2a: Kingambit|ability: Supreme Overlord
|-start|p2a: Kingambit|fallen2|[silent]
|move|p1a: Gliscor|Spikes|p2a: Kingambit
|-sidestart|p2: Palm X|Spikes
|
|-heal|p1a: Gliscor|52/100 tox|[from] ability: Poison Heal
|upkeep
|turn|133
|
|t:|1779650085
|move|p1a: Gliscor|Protect|p1a: Gliscor
|-singleturn|p1a: Gliscor|Protect
|move|p2a: Kingambit|Kowtow Cleave|p1a: Gliscor
|-activate|p1a: Gliscor|move: Protect
|
|-heal|p1a: Gliscor|64/100 tox|[from] ability: Poison Heal
|upkeep
|turn|134
|
|t:|1779650098
|move|p1a: Gliscor|Spikes|p2a: Kingambit
|-sidestart|p2: Palm X|Spikes
|move|p2a: Kingambit|Kowtow Cleave|p1a: Gliscor
|-damage|p1a: Gliscor|16/100 tox
|
|-heal|p1a: Gliscor|28/100 tox|[from] ability: Poison Heal
|upkeep
|turn|135
|
|t:|1779650104
|move|p1a: Gliscor|Protect|p1a: Gliscor
|-singleturn|p1a: Gliscor|Protect
|move|p2a: Kingambit|Swords Dance|p2a: Kingambit
|-boost|p2a: Kingambit|atk|2
|
|-heal|p1a: Gliscor|41/100 tox|[from] ability: Poison Heal
|upkeep
|turn|136
|
|t:|1779650112
|switch|p1a: Corviknight|Corviknight, M|27/100 par
|-ability|p1a: Corviknight|Pressure
|move|p2a: Kingambit|Kowtow Cleave|p1a: Corviknight
|-damage|p1a: Corviknight|0 fnt
|faint|p1a: Corviknight
|
|upkeep
|
|t:|1779650117
|switch|p1a: Dondozo|Dondozo, F|63/100
|turn|137
|
|t:|1779650126
|-terastallize|p2a: Kingambit|Ghost
|move|p2a: Kingambit|Kowtow Cleave|p1a: Dondozo
|-damage|p1a: Dondozo|34/100
|move|p1a: Dondozo|Rest|p1a: Dondozo
|-status|p1a: Dondozo|slp|[from] move: Rest
|-heal|p1a: Dondozo|100/100 slp|[silent]
|
|upkeep
|turn|138
|
|t:|1779650135
|move|p2a: Kingambit|Swords Dance|p2a: Kingambit
|-boost|p2a: Kingambit|atk|2
|cant|p1a: Dondozo|slp
|move|p1a: Dondozo|Sleep Talk|p1a: Dondozo
|move|p1a: Dondozo|Avalanche|p2a: Kingambit|[from] move: Sleep Talk
|-damage|p2a: Kingambit|89/100
|
|-heal|p2a: Kingambit|96/100|[from] item: Leftovers
|upkeep
|turn|139
|
|t:|1779650140
|move|p2a: Kingambit|Iron Head|p1a: Dondozo
|-resisted|p1a: Dondozo
|-damage|p1a: Dondozo|89/100 slp
|cant|p1a: Dondozo|slp
|
|-heal|p2a: Kingambit|100/100|[from] item: Leftovers
|upkeep
|turn|140
|
|t:|1779650155
|move|p2a: Kingambit|Iron Head|p1a: Dondozo
|-resisted|p1a: Dondozo
|-damage|p1a: Dondozo|77/100 slp
|-curestatus|p1a: Dondozo|slp|[msg]
|move|p1a: Dondozo|Sleep Talk||[still]
|-fail|p1a: Dondozo
|
|upkeep
|turn|141
|
|t:|1779650161
|move|p2a: Kingambit|Kowtow Cleave|p1a: Dondozo
|-damage|p1a: Dondozo|50/100
|move|p1a: Dondozo|Avalanche|p2a: Kingambit
|-damage|p2a: Kingambit|81/100
|
|-heal|p2a: Kingambit|87/100|[from] item: Leftovers
|upkeep
|turn|142
|
|t:|1779650171
|move|p2a: Kingambit|Iron Head|p1a: Dondozo
|-resisted|p1a: Dondozo
|-damage|p1a: Dondozo|37/100
|move|p1a: Dondozo|Body Press|p2a: Kingambit
|-immune|p2a: Kingambit
|
|-heal|p2a: Kingambit|93/100|[from] item: Leftovers
|upkeep
|turn|143
|
|t:|1779650177
|move|p2a: Kingambit|Iron Head|p1a: Dondozo
|-resisted|p1a: Dondozo
|-damage|p1a: Dondozo|24/100
|move|p1a: Dondozo|Rest|p1a: Dondozo
|-status|p1a: Dondozo|slp|[from] move: Rest
|-heal|p1a: Dondozo|100/100 slp|[silent]
|
|-heal|p2a: Kingambit|99/100|[from] item: Leftovers
|upkeep
|turn|144
|
|t:|1779650186
|move|p2a: Kingambit|Iron Head|p1a: Dondozo
|-resisted|p1a: Dondozo
|-damage|p1a: Dondozo|88/100 slp
|cant|p1a: Dondozo|slp
|
|-heal|p2a: Kingambit|100/100|[from] item: Leftovers
|upkeep
|turn|145
|
|t:|1779650194
|move|p2a: Kingambit|Iron Head|p1a: Dondozo
|-resisted|p1a: Dondozo
|-damage|p1a: Dondozo|74/100 slp
|cant|p1a: Dondozo|slp
|
|upkeep
|turn|146
|
|t:|1779650204
|move|p2a: Kingambit|Swords Dance|p2a: Kingambit
|-boost|p2a: Kingambit|atk|2
|-curestatus|p1a: Dondozo|slp|[msg]
|move|p1a: Dondozo|Avalanche|p2a: Kingambit
|-crit|p2a: Kingambit
|-damage|p2a: Kingambit|85/100
|
|-heal|p2a: Kingambit|91/100|[from] item: Leftovers
|upkeep
|turn|147
|
|t:|1779650215
|move|p2a: Kingambit|Kowtow Cleave|p1a: Dondozo
|-damage|p1a: Dondozo|45/100
|move|p1a: Dondozo|Body Press|p2a: Kingambit
|-immune|p2a: Kingambit
|
|-heal|p2a: Kingambit|97/100|[from] item: Leftovers
|upkeep
|turn|148
|
|t:|1779650220
|move|p2a: Kingambit|Iron Head|p1a: Dondozo
|-resisted|p1a: Dondozo
|-damage|p1a: Dondozo|34/100
|cant|p1a: Dondozo|flinch
|
|-heal|p2a: Kingambit|100/100|[from] item: Leftovers
|upkeep
|turn|149
|
|t:|1779650228
|move|p2a: Kingambit|Iron Head|p1a: Dondozo
|-resisted|p1a: Dondozo
|-damage|p1a: Dondozo|21/100
|cant|p1a: Dondozo|flinch
|
|upkeep
|turn|150
|
|t:|1779650237
|move|p2a: Kingambit|Kowtow Cleave|p1a: Dondozo
|-damage|p1a: Dondozo|0 fnt
|faint|p1a: Dondozo
|
|upkeep
|-message|bobrumba forfeited.
|
|win|Palm X
|raw|bobrumba's rating: 1610 &rarr; <strong>1587</strong><br />(-23 for losing)
|raw|Palm X's rating: 1559 &rarr; <strong>1582</strong><br />(+23 for winning)
|l|☆bobrumba
|player|p1|
