|j|☆ARMAAN3660
|j|☆missingmagius
|t:|1779632540
|gametype|singles
|player|p1|ARMAAN3660|gentleman-gen4|1339
|player|p2|missingmagius|anabel-gen7|1324
|gen|9
|tier|[Gen 9] OU
|rated|
|rule|HP Percentage Mod: HP is shown in percentages
|rule|Endless Battle Clause: Forcing endless battles is banned
|rule|Species Clause: Limit one of each Pokémon
|rule|OHKO Clause: OHKO moves are banned
|rule|Evasion Items Clause: Evasion items are banned
|rule|Evasion Moves Clause: Evasion moves are banned
|rule|Evasion Abilities Clause: Evasion abilities are banned
|rule|Sleep Moves Clause: Sleep-inducing moves are banned
|clearpoke
|poke|p1|Dragapult, F|
|poke|p1|Kingambit, M|
|poke|p1|Rillaboom, M|
|poke|p1|Zapdos|
|poke|p1|Glimmora, F|
|poke|p1|Gholdengo|
|poke|p2|Gliscor, F|
|poke|p2|Ting-Lu|
|poke|p2|Vileplume, M|
|poke|p2|Heatran, M|
|poke|p2|Dragonite, M|
|poke|p2|Gholdengo|
|teampreview
|inactive|Battle timer is ON: inactive players will automatically lose when time's up. (requested by missingmagius)
|
|t:|1779632547
|teamsize|p1|6
|teamsize|p2|6
|start
|switch|p1a: Rillaboom|Rillaboom, M|100/100
|switch|p2a: Tung-Tung-Tung-Lu|Ting-Lu, shiny|100/100
|-fieldstart|move: Grassy Terrain|[from] ability: Grassy Surge|[of] p1a: Rillaboom
|-ability|p2a: Tung-Tung-Tung-Lu|Vessel of Ruin
|turn|1
|
|t:|1779632557
|switch|p2a: tiki tiki|Vileplume, M|100/100
|move|p1a: Rillaboom|Wood Hammer|p2a: tiki tiki
|-resisted|p2a: tiki tiki
|-damage|p2a: tiki tiki|75/100
|-damage|p1a: Rillaboom|84/100|[from] item: Rocky Helmet|[of] p2a: tiki tiki
|-damage|p1a: Rillaboom|76/100|[from] Recoil
|
|-heal|p1a: Rillaboom|83/100|[from] Grassy Terrain
|-heal|p2a: tiki tiki|81/100|[from] Grassy Terrain
|upkeep
|turn|2
|
|t:|1779632568
|switch|p1a: Gholdengo|Gholdengo|100/100
|move|p2a: tiki tiki|Sludge Bomb|p1a: Gholdengo
|-immune|p1a: Gholdengo
|
|-heal|p2a: tiki tiki|88/100|[from] Grassy Terrain
|upkeep
|turn|3
|
|t:|1779632578
|switch|p2a: did unc snap|Heatran, M|100/100
|-item|p2a: did unc snap|Air Balloon
|move|p1a: Gholdengo|Make It Rain|p2a: did unc snap
|-resisted|p2a: did unc snap
|-damage|p2a: did unc snap|86/100
|-unboost|p1a: Gholdengo|spa|1
|-enditem|p2a: did unc snap|Air Balloon
|
|-heal|p2a: did unc snap|92/100|[from] Grassy Terrain
|upkeep
|turn|4
|
|t:|1779632593
|switch|p1a: Glimmora|Glimmora, F|100/100
|move|p2a: did unc snap|Stealth Rock|p1a: Glimmora
|-sidestart|p1: ARMAAN3660|move: Stealth Rock
|
|-heal|p2a: did unc snap|98/100|[from] Grassy Terrain
|upkeep
|turn|5
|
|t:|1779632604
|move|p2a: did unc snap|Earth Power|p1a: Glimmora
|-supereffective|p1a: Glimmora
|-damage|p1a: Glimmora|0 fnt
|faint|p1a: Glimmora
|
|-heal|p2a: did unc snap|100/100|[from] Grassy Terrain
|-fieldend|move: Grassy Terrain
|upkeep
|
|t:|1779632627
|switch|p1a: Dragapult|Dragapult, F|100/100
|-damage|p1a: Dragapult|88/100|[from] Stealth Rock
|turn|6
|
|t:|1779632635
|switch|p2a: Tung-Tung-Tung-Lu|Ting-Lu, shiny|100/100
|-ability|p2a: Tung-Tung-Tung-Lu|Vessel of Ruin
|move|p1a: Dragapult|Phantom Force||[still]
|-prepare|p1a: Dragapult|Phantom Force
|
|upkeep
|turn|7
|
|t:|1779632643
|move|p1a: Dragapult|Phantom Force|p2a: Tung-Tung-Tung-Lu|[from] lockedmove
|-resisted|p2a: Tung-Tung-Tung-Lu
|-damage|p2a: Tung-Tung-Tung-Lu|80/100
|move|p2a: Tung-Tung-Tung-Lu|Spikes|p1a: Dragapult
|-sidestart|p1: ARMAAN3660|Spikes
|
|-heal|p2a: Tung-Tung-Tung-Lu|86/100|[from] item: Leftovers
|upkeep
|turn|8
|
|t:|1779632654
|switch|p1a: Rillaboom|Rillaboom, M|83/100
|-damage|p1a: Rillaboom|70/100|[from] Stealth Rock
|-damage|p1a: Rillaboom|58/100|[from] Spikes
|-fieldstart|move: Grassy Terrain|[from] ability: Grassy Surge|[of] p1a: Rillaboom
|move|p2a: Tung-Tung-Tung-Lu|Spikes|p1a: Rillaboom
|-sidestart|p1: ARMAAN3660|Spikes
|
|-heal|p1a: Rillaboom|64/100|[from] Grassy Terrain
|-heal|p2a: Tung-Tung-Tung-Lu|92/100|[from] Grassy Terrain
|-heal|p2a: Tung-Tung-Tung-Lu|99/100|[from] item: Leftovers
|upkeep
|turn|9
|
|t:|1779632673
|switch|p2a: tiki tiki|Vileplume, M|88/100
|move|p1a: Rillaboom|Knock Off|p2a: tiki tiki
|-damage|p2a: tiki tiki|45/100
|-damage|p1a: Rillaboom|48/100|[from] item: Rocky Helmet|[of] p2a: tiki tiki
|-enditem|p2a: tiki tiki|Rocky Helmet|[from] move: Knock Off|[of] p1a: Rillaboom
|
|-heal|p1a: Rillaboom|54/100|[from] Grassy Terrain
|-heal|p2a: tiki tiki|51/100|[from] Grassy Terrain
|upkeep
|turn|10
|
|t:|1779632684
|move|p1a: Rillaboom|Knock Off|p2a: tiki tiki
|-damage|p2a: tiki tiki|22/100
|move|p2a: tiki tiki|Strength Sap|p1a: Rillaboom
|-unboost|p1a: Rillaboom|atk|1
|-heal|p2a: tiki tiki|100/100
|
|-heal|p1a: Rillaboom|60/100|[from] Grassy Terrain
|upkeep
|turn|11
|
|t:|1779632695
|switch|p1a: Gholdengo|Gholdengo|100/100
|-damage|p1a: Gholdengo|94/100|[from] Stealth Rock
|-damage|p1a: Gholdengo|78/100|[from] Spikes
|move|p2a: tiki tiki|Sludge Bomb|p1a: Gholdengo
|-immune|p1a: Gholdengo
|
|-heal|p1a: Gholdengo|84/100|[from] Grassy Terrain
|upkeep
|turn|12
|
|t:|1779632710
|switch|p2a: Tung-Tung-Tung-Lu|Ting-Lu, shiny|99/100
|-ability|p2a: Tung-Tung-Tung-Lu|Vessel of Ruin
|move|p1a: Gholdengo|Shadow Ball|p2a: Tung-Tung-Tung-Lu
|-resisted|p2a: Tung-Tung-Tung-Lu
|-damage|p2a: Tung-Tung-Tung-Lu|90/100
|
|-heal|p1a: Gholdengo|90/100|[from] Grassy Terrain
|-heal|p2a: Tung-Tung-Tung-Lu|96/100|[from] Grassy Terrain
|-heal|p2a: Tung-Tung-Tung-Lu|100/100|[from] item: Leftovers
|-fieldend|move: Grassy Terrain
|upkeep
|turn|13
|inactive|ARMAAN3660 has 120 seconds left.
|
|t:|1779632727
|switch|p1a: Zapdos|Zapdos, shiny|100/100
|-damage|p1a: Zapdos|75/100|[from] Stealth Rock
|move|p2a: Tung-Tung-Tung-Lu|Earthquake|p1a: Zapdos
|-immune|p1a: Zapdos
|
|upkeep
|turn|14
|
|t:|1779632737
|move|p1a: Zapdos|Hurricane|p2a: Tung-Tung-Tung-Lu
|-damage|p2a: Tung-Tung-Tung-Lu|82/100
|-start|p2a: Tung-Tung-Tung-Lu|confusion
|-activate|p2a: Tung-Tung-Tung-Lu|confusion
|move|p2a: Tung-Tung-Tung-Lu|Ruination|p1a: Zapdos
|-damage|p1a: Zapdos|38/100
|
|-heal|p2a: Tung-Tung-Tung-Lu|88/100|[from] item: Leftovers
|upkeep
|turn|15
|
|t:|1779632748
|move|p1a: Zapdos|Hurricane|p2a: Tung-Tung-Tung-Lu|[miss]
|-miss|p1a: Zapdos|p2a: Tung-Tung-Tung-Lu
|-activate|p2a: Tung-Tung-Tung-Lu|confusion
|-damage|p2a: Tung-Tung-Tung-Lu|83/100|[from] confusion
|
|-heal|p2a: Tung-Tung-Tung-Lu|89/100|[from] item: Leftovers
|upkeep
|turn|16
|
|t:|1779632755
|move|p1a: Zapdos|Hurricane|p2a: Tung-Tung-Tung-Lu
|-damage|p2a: Tung-Tung-Tung-Lu|70/100
|-end|p2a: Tung-Tung-Tung-Lu|confusion
|move|p2a: Tung-Tung-Tung-Lu|Whirlwind|p1a: Zapdos
|drag|p1a: Gholdengo|Gholdengo|90/100
|-damage|p1a: Gholdengo|84/100|[from] Stealth Rock
|-damage|p1a: Gholdengo|68/100|[from] Spikes
|
|-heal|p2a: Tung-Tung-Tung-Lu|76/100|[from] item: Leftovers
|upkeep
|turn|17
|
|t:|1779632767
|move|p1a: Gholdengo|Make It Rain|p2a: Tung-Tung-Tung-Lu
|-damage|p2a: Tung-Tung-Tung-Lu|50/100
|-unboost|p1a: Gholdengo|spa|1
|move|p2a: Tung-Tung-Tung-Lu|Earthquake|p1a: Gholdengo
|-supereffective|p1a: Gholdengo
|-damage|p1a: Gholdengo|0 fnt
|faint|p1a: Gholdengo
|
|-heal|p2a: Tung-Tung-Tung-Lu|57/100|[from] item: Leftovers
|upkeep
|
|t:|1779632778
|switch|p1a: Dragapult|Dragapult, F|88/100
|-damage|p1a: Dragapult|76/100|[from] Stealth Rock
|-damage|p1a: Dragapult|59/100|[from] Spikes
|turn|18
|
|t:|1779632786
|move|p1a: Dragapult|U-turn|p2a: Tung-Tung-Tung-Lu
|-supereffective|p2a: Tung-Tung-Tung-Lu
|-damage|p2a: Tung-Tung-Tung-Lu|17/100
|
|t:|1779632790
|switch|p1a: Rillaboom|Rillaboom, M|60/100|[from] U-turn
|-damage|p1a: Rillaboom|48/100|[from] Stealth Rock
|-damage|p1a: Rillaboom|31/100|[from] Spikes
|-fieldstart|move: Grassy Terrain|[from] ability: Grassy Surge|[of] p1a: Rillaboom
|move|p2a: Tung-Tung-Tung-Lu|Earthquake|p1a: Rillaboom
|-resisted|p1a: Rillaboom
|-damage|p1a: Rillaboom|23/100
|
|-heal|p1a: Rillaboom|29/100|[from] Grassy Terrain
|-heal|p2a: Tung-Tung-Tung-Lu|23/100|[from] Grassy Terrain
|-heal|p2a: Tung-Tung-Tung-Lu|29/100|[from] item: Leftovers
|upkeep
|turn|19
|
|t:|1779632810
|switch|p2a: tiki tiki|Vileplume, M|100/100
|move|p1a: Rillaboom|Drain Punch|p2a: tiki tiki
|-resisted|p2a: tiki tiki
|-damage|p2a: tiki tiki|84/100
|-heal|p1a: Rillaboom|36/100|[from] drain|[of] p2a: tiki tiki
|
|-heal|p1a: Rillaboom|43/100|[from] Grassy Terrain
|-heal|p2a: tiki tiki|90/100|[from] Grassy Terrain
|upkeep
|turn|20
|
|t:|1779632820
|switch|p1a: Kingambit|Kingambit, M|100/100
|-damage|p1a: Kingambit|94/100|[from] Stealth Rock
|-damage|p1a: Kingambit|78/100|[from] Spikes
|-activate|p1a: Kingambit|ability: Supreme Overlord
|-start|p1a: Kingambit|fallen2|[silent]
|move|p2a: tiki tiki|Sludge Bomb|p1a: Kingambit
|-immune|p1a: Kingambit
|
|-heal|p2a: tiki tiki|97/100|[from] Grassy Terrain
|-heal|p1a: Kingambit|84/100|[from] Grassy Terrain
|upkeep
|turn|21
|
|t:|1779632834
|switch|p2a: did unc snap|Heatran, M|100/100
|move|p1a: Kingambit|Iron Head|p2a: did unc snap
|-resisted|p2a: did unc snap
|-damage|p2a: did unc snap|87/100
|
|-heal|p2a: did unc snap|93/100|[from] Grassy Terrain
|-heal|p1a: Kingambit|90/100|[from] Grassy Terrain
|upkeep
|turn|22
|
|t:|1779632843
|move|p2a: did unc snap|Magma Storm|p1a: Kingambit
|-supereffective|p1a: Kingambit
|-damage|p1a: Kingambit|0 fnt
|faint|p1a: Kingambit
|-end|p1a: Kingambit|fallen2|[silent]
|
|-heal|p2a: did unc snap|99/100|[from] Grassy Terrain
|-fieldend|move: Grassy Terrain
|upkeep
|
|t:|1779632851
|switch|p1a: Zapdos|Zapdos, shiny|38/100
|-damage|p1a: Zapdos|13/100|[from] Stealth Rock
|turn|23
|
|t:|1779632859
|move|p2a: did unc snap|Magma Storm|p1a: Zapdos
|-damage|p1a: Zapdos|0 fnt
|faint|p1a: Zapdos
|
|upkeep
|
|t:|1779632865
|switch|p1a: Dragapult|Dragapult, F|59/100
|-damage|p1a: Dragapult|47/100|[from] Stealth Rock
|-damage|p1a: Dragapult|30/100|[from] Spikes
|turn|24
|
|t:|1779632872
|-terastallize|p1a: Dragapult|Dragon
|move|p1a: Dragapult|Dragon Darts|p2a: did unc snap
|-resisted|p2a: did unc snap
|-damage|p2a: did unc snap|73/100
|-anim|p1a: Dragapult|Dragon Darts|p2a: did unc snap
|-resisted|p2a: did unc snap
|-damage|p2a: did unc snap|45/100
|move|p2a: did unc snap|Earth Power|p1a: Dragapult
|-crit|p1a: Dragapult
|-damage|p1a: Dragapult|0 fnt
|faint|p1a: Dragapult
|
|upkeep
|
|t:|1779632881
|switch|p1a: Rillaboom|Rillaboom, M|43/100
|-damage|p1a: Rillaboom|30/100|[from] Stealth Rock
|-damage|p1a: Rillaboom|14/100|[from] Spikes
|-fieldstart|move: Grassy Terrain|[from] ability: Grassy Surge|[of] p1a: Rillaboom
|turn|25
|
|t:|1779632889
|move|p2a: did unc snap|Earth Power|p1a: Rillaboom
|-resisted|p1a: Rillaboom
|-damage|p1a: Rillaboom|0 fnt
|faint|p1a: Rillaboom
|
|win|missingmagius
|raw|ARMAAN3660's rating: 1339 &rarr; <strong>1318</strong><br />(-21 for losing)
|raw|missingmagius's rating: 1324 &rarr; <strong>1345</strong><br />(+21 for winning)
