|j|☆AMBATUBLOUGH
|j|☆pls game
|t:|1779717783
|gametype|singles
|player|p1|AMBATUBLOUGH|bellepa|1643
|player|p2|pls game|ingo|1618
|gen|9
|tier|[Gen 9] OU
|rated|
|rule|HP Percentage Mod: HP is shown in percentages
|rule|Endless Battle Clause: Forcing endless battles is banned
|rule|Species Clause: Limit one of each Pokémon
|rule|OHKO Clause: OHKO moves are banned
|rule|Evasion Items Clause: Evasion items are banned
|rule|Evasion Moves Clause: Evasion moves are banned
|rule|Evasion Abilities Clause: Evasion abilities are banned
|rule|Sleep Moves Clause: Sleep-inducing moves are banned
|clearpoke
|poke|p1|Mew|
|poke|p1|Tinkaton, F|
|poke|p1|Ogerpon-Wellspring, F|
|poke|p1|Kingambit, F|
|poke|p1|Dragapult, M|
|poke|p1|Enamorus, F|
|poke|p2|Dragonite, M|
|poke|p2|Great Tusk|
|poke|p2|Deoxys-Speed|
|poke|p2|Gholdengo|
|poke|p2|Zamazenta-*|
|poke|p2|Iron Valiant|
|teampreview
|inactive|Battle timer is ON: inactive players will automatically lose when time's up. (requested by pls game)
|inactive|AMBATUBLOUGH has 120 seconds left.
|inactive|AMBATUBLOUGH has 90 seconds left.
|
|t:|1779717847
|teamsize|p1|6
|teamsize|p2|6
|start
|switch|p1a: Ogerpon|Ogerpon-Wellspring, F|100/100
|switch|p2a: Deoxys|Deoxys-Speed|100/100
|-ability|p2a: Deoxys|Pressure
|turn|1
|
|t:|1779717864
|move|p2a: Deoxys|Taunt|p1a: Ogerpon
|-start|p1a: Ogerpon|move: Taunt
|cant|p1a: Ogerpon|move: Taunt|Swords Dance
|
|upkeep
|turn|2
|
|t:|1779717876
|move|p2a: Deoxys|Stealth Rock|p1a: Ogerpon
|-sidestart|p1: AMBATUBLOUGH|move: Stealth Rock
|move|p1a: Ogerpon|Ivy Cudgel|p2a: Deoxys|[anim] Ivy Cudgel Water
|-damage|p2a: Deoxys|28/100
|
|upkeep
|turn|3
|
|t:|1779717886
|move|p2a: Deoxys|Spikes|p1a: Ogerpon
|-sidestart|p1: AMBATUBLOUGH|Spikes
|move|p1a: Ogerpon|Ivy Cudgel|p2a: Deoxys|[anim] Ivy Cudgel Water
|-damage|p2a: Deoxys|0 fnt
|faint|p2a: Deoxys
|
|-end|p1a: Ogerpon|move: Taunt
|upkeep
|
|t:|1779717889
|switch|p2a: Zamazenta|Zamazenta|100/100
|-ability|p2a: Zamazenta|Dauntless Shield|boost
|-boost|p2a: Zamazenta|def|1
|turn|4
|inactive|AMBATUBLOUGH has 120 seconds left.
|inactive|AMBATUBLOUGH has 90 seconds left.
|
|t:|1779717957
|move|p2a: Zamazenta|Close Combat|p1a: Ogerpon
|-damage|p1a: Ogerpon|0 fnt
|-unboost|p2a: Zamazenta|def|1
|-unboost|p2a: Zamazenta|spd|1
|faint|p1a: Ogerpon
|-damage|p2a: Zamazenta|91/100|[from] item: Life Orb
|
|upkeep
|
|t:|1779717963
|switch|p1a: Dragapult|Dragapult, M, shiny|100/100
|-damage|p1a: Dragapult|88/100|[from] Stealth Rock
|-damage|p1a: Dragapult|76/100|[from] Spikes
|turn|5
|inactive|AMBATUBLOUGH has 90 seconds left.
|
|t:|1779717979
|switch|p2a: Iron Valiant|Iron Valiant|100/100
|-enditem|p2a: Iron Valiant|Booster Energy
|-activate|p2a: Iron Valiant|ability: Quark Drive|[fromitem]
|-start|p2a: Iron Valiant|quarkdrivespe
|move|p1a: Dragapult|Draco Meteor|p2a: Iron Valiant
|-immune|p2a: Iron Valiant
|
|upkeep
|turn|6
|inactive|AMBATUBLOUGH has 90 seconds left.
|
|t:|1779717986
|switch|p1a: Tinkaton|Tinkaton, F|100/100
|-damage|p1a: Tinkaton|94/100|[from] Stealth Rock
|-ability|p1a: Tinkaton|Mold Breaker
|-item|p1a: Tinkaton|Air Balloon
|move|p2a: Iron Valiant|Moonblast|p1a: Tinkaton
|-resisted|p1a: Tinkaton
|-damage|p1a: Tinkaton|73/100
|-enditem|p1a: Tinkaton|Air Balloon
|
|upkeep
|turn|7
|inactive|AMBATUBLOUGH has 90 seconds left.
|
|t:|1779718004
|move|p2a: Iron Valiant|Taunt|p1a: Tinkaton
|-start|p1a: Tinkaton|move: Taunt
|cant|p1a: Tinkaton|move: Taunt|Stealth Rock
|
|upkeep
|turn|8
|inactive|AMBATUBLOUGH has 90 seconds left.
|
|t:|1779718010
|-end|p2a: Iron Valiant|Quark Drive|[silent]
|switch|p2a: Gholdengo|Gholdengo|100/100
|move|p1a: Tinkaton|Gigaton Hammer|p2a: Gholdengo
|-resisted|p2a: Gholdengo
|-damage|p2a: Gholdengo|84/100
|
|upkeep
|turn|9
|inactive|AMBATUBLOUGH has 90 seconds left.
|
|t:|1779718036
|switch|p1a: Kingambit|Kingambit, F|100/100
|-damage|p1a: Kingambit|94/100|[from] Stealth Rock
|-damage|p1a: Kingambit|82/100|[from] Spikes
|-activate|p1a: Kingambit|ability: Supreme Overlord
|-start|p1a: Kingambit|fallen1|[silent]
|move|p2a: Gholdengo|Nasty Plot|p2a: Gholdengo
|-boost|p2a: Gholdengo|spa|2
|
|-heal|p1a: Kingambit|88/100|[from] item: Leftovers
|upkeep
|turn|10
|
|t:|1779718047
|move|p2a: Gholdengo|Make It Rain|p1a: Kingambit
|-resisted|p1a: Kingambit
|-damage|p1a: Kingambit|28/100
|-unboost|p2a: Gholdengo|spa|1
|move|p1a: Kingambit|Iron Head|p2a: Gholdengo
|-resisted|p2a: Gholdengo
|-damage|p2a: Gholdengo|63/100
|
|-heal|p1a: Kingambit|34/100|[from] item: Leftovers
|upkeep
|turn|11
|
|t:|1779718057
|move|p2a: Gholdengo|Recover|p2a: Gholdengo
|-heal|p2a: Gholdengo|100/100
|move|p1a: Kingambit|Kowtow Cleave|p2a: Gholdengo
|-supereffective|p2a: Gholdengo
|-damage|p2a: Gholdengo|7/100
|
|-heal|p1a: Kingambit|40/100|[from] item: Leftovers
|upkeep
|turn|12
|inactive|AMBATUBLOUGH has 60 seconds left.
|-enditem|p2a: Gholdengo|Custap Berry|[eat]
|-activate|p2a: Gholdengo|item: Custap Berry|[consumed]
|
|t:|1779718100
|move|p1a: Kingambit|Sucker Punch|p2a: Gholdengo
|-supereffective|p2a: Gholdengo
|-damage|p2a: Gholdengo|0 fnt
|faint|p2a: Gholdengo
|
|-heal|p1a: Kingambit|47/100|[from] item: Leftovers
|upkeep
|
|t:|1779718121
|switch|p2a: Iron Valiant|Iron Valiant|100/100
|turn|13
|inactive|AMBATUBLOUGH has 60 seconds left.
|
|t:|1779718131
|-end|p1a: Kingambit|fallen1|[silent]
|switch|p1a: Tinkaton|Tinkaton, F|73/100
|-damage|p1a: Tinkaton|67/100|[from] Stealth Rock
|-damage|p1a: Tinkaton|55/100|[from] Spikes
|-ability|p1a: Tinkaton|Mold Breaker
|move|p2a: Iron Valiant|Moonblast|p1a: Tinkaton
|-resisted|p1a: Tinkaton
|-damage|p1a: Tinkaton|34/100
|
|upkeep
|turn|14
|
|t:|1779718137
|move|p2a: Iron Valiant|Taunt|p1a: Tinkaton
|-start|p1a: Tinkaton|move: Taunt
|move|p1a: Tinkaton|Gigaton Hammer|p2a: Iron Valiant
|-supereffective|p2a: Iron Valiant
|-damage|p2a: Iron Valiant|0 fnt
|faint|p2a: Iron Valiant
|-end|p2a: Iron Valiant|Quark Drive|[silent]
|
|upkeep
|
|t:|1779718158
|switch|p2a: Dragonite|Dragonite, M|100/100
|turn|15
|inactive|AMBATUBLOUGH has 60 seconds left.
|
|t:|1779718189
|switch|p1a: Mew|Mew|100/100
|-damage|p1a: Mew|88/100|[from] Stealth Rock
|-damage|p1a: Mew|76/100|[from] Spikes
|move|p2a: Dragonite|Dragon Dance|p2a: Dragonite
|-boost|p2a: Dragonite|atk|1
|-boost|p2a: Dragonite|spe|1
|
|upkeep
|turn|16
|
|t:|1779718195
|move|p2a: Dragonite|Outrage|p1a: Mew
|-damage|p1a: Mew|0 fnt
|faint|p1a: Mew
|-damage|p2a: Dragonite|91/100|[from] item: Life Orb
|
|upkeep
|
|t:|1779718202
|switch|p1a: Enamorus|Enamorus, F|100/100
|-damage|p1a: Enamorus|76/100|[from] Stealth Rock
|turn|17
|inactive|AMBATUBLOUGH has 60 seconds left.
|
|t:|1779718226
|move|p1a: Enamorus|Earth Power|p2a: Dragonite
|-immune|p2a: Dragonite
|move|p2a: Dragonite|Outrage|p1a: Enamorus|[from] lockedmove
|-immune|p1a: Enamorus
|-start|p2a: Dragonite|confusion|[fatigue]
|
|upkeep
|turn|18
|
|t:|1779718237
|switch|p1a: Tinkaton|Tinkaton, F|34/100
|-damage|p1a: Tinkaton|28/100|[from] Stealth Rock
|-damage|p1a: Tinkaton|15/100|[from] Spikes
|-ability|p1a: Tinkaton|Mold Breaker
|-activate|p2a: Dragonite|confusion
|move|p2a: Dragonite|Fire Punch|p1a: Tinkaton
|-supereffective|p1a: Tinkaton
|-damage|p1a: Tinkaton|0 fnt
|faint|p1a: Tinkaton
|-damage|p2a: Dragonite|81/100|[from] item: Life Orb
|
|upkeep
|
|t:|1779718267
|switch|p1a: Dragapult|Dragapult, M, shiny|76/100
|-damage|p1a: Dragapult|64/100|[from] Stealth Rock
|-damage|p1a: Dragapult|51/100|[from] Spikes
|turn|19
|
|t:|1779718283
|move|p1a: Dragapult|Draco Meteor|p2a: Dragonite
|-supereffective|p2a: Dragonite
|-damage|p2a: Dragonite|0 fnt
|-unboost|p1a: Dragapult|spa|2
|faint|p2a: Dragonite
|
|upkeep
|
|t:|1779718297
|switch|p2a: Zamazenta|Zamazenta|91/100
|turn|20
|
|t:|1779718303
|switch|p1a: Kingambit|Kingambit, F|47/100
|-damage|p1a: Kingambit|40/100|[from] Stealth Rock
|-damage|p1a: Kingambit|28/100|[from] Spikes
|-activate|p1a: Kingambit|ability: Supreme Overlord
|-start|p1a: Kingambit|fallen3|[silent]
|move|p2a: Zamazenta|Heavy Slam|p1a: Kingambit
|-resisted|p1a: Kingambit
|-damage|p1a: Kingambit|20/100
|-damage|p2a: Zamazenta|81/100|[from] item: Life Orb
|
|-heal|p1a: Kingambit|26/100|[from] item: Leftovers
|upkeep
|turn|21
|inactive|AMBATUBLOUGH has 60 seconds left.
|
|t:|1779718336
|move|p1a: Kingambit|Sucker Punch|p2a: Zamazenta
|-resisted|p2a: Zamazenta
|-crit|p2a: Zamazenta
|-damage|p2a: Zamazenta|40/100
|move|p2a: Zamazenta|Close Combat|p1a: Kingambit
|-supereffective|p1a: Kingambit
|-damage|p1a: Kingambit|0 fnt
|-unboost|p2a: Zamazenta|def|1
|-unboost|p2a: Zamazenta|spd|1
|faint|p1a: Kingambit
|-end|p1a: Kingambit|fallen3|[silent]
|-damage|p2a: Zamazenta|31/100|[from] item: Life Orb
|
|upkeep
|inactive|AMBATUBLOUGH has 30 seconds left.
|
|t:|1779718348
|switch|p1a: Dragapult|Dragapult, M, shiny|51/100
|-damage|p1a: Dragapult|39/100|[from] Stealth Rock
|-damage|p1a: Dragapult|27/100|[from] Spikes
|turn|22
|
|t:|1779718351
|move|p1a: Dragapult|Shadow Ball|p2a: Zamazenta
|-crit|p2a: Zamazenta
|-damage|p2a: Zamazenta|0 fnt
|faint|p2a: Zamazenta
|
|upkeep
|
|t:|1779718353
|switch|p2a: Great Tusk|Great Tusk|100/100
|-enditem|p2a: Great Tusk|Booster Energy
|-activate|p2a: Great Tusk|ability: Protosynthesis|[fromitem]
|-start|p2a: Great Tusk|protosynthesisspe
|turn|23
|
|t:|1779718364
|-terastallize|p1a: Dragapult|Ghost
|move|p2a: Great Tusk|Ice Spinner|p1a: Dragapult
|-damage|p1a: Dragapult|0 fnt
|faint|p1a: Dragapult
|
|upkeep
|
|t:|1779718367
|switch|p1a: Enamorus|Enamorus, F|76/100
|-damage|p1a: Enamorus|51/100|[from] Stealth Rock
|turn|24
|
|t:|1779718371
|-terastallize|p2a: Great Tusk|Ghost
|move|p1a: Enamorus|Moonblast|p2a: Great Tusk
|-damage|p2a: Great Tusk|33/100
|move|p2a: Great Tusk|Ice Spinner|p1a: Enamorus
|-supereffective|p1a: Enamorus
|-damage|p1a: Enamorus|0 fnt
|faint|p1a: Enamorus
|
|win|pls game
|raw|AMBATUBLOUGH's rating: 1643 &rarr; <strong>1622</strong><br />(-21 for losing)
|raw|pls game's rating: 1618 &rarr; <strong>1639</strong><br />(+21 for winning)
|c|☆pls game|gg
|l|☆AMBATUBLOUGH
|player|p1|
|l|☆pls game
|player|p2|
