|j|☆TestAccountNo.123
|j|☆alt1 lord greed
|t:|1779717421
|gametype|singles
|player|p1|TestAccountNo.123|pokemonbreederf-gen4|1497
|player|p2|alt1 lord greed|265|1499
|gen|9
|tier|[Gen 9] OU
|rated|
|rule|HP Percentage Mod: HP is shown in percentages
|rule|Endless Battle Clause: Forcing endless battles is banned
|rule|Species Clause: Limit one of each Pokémon
|rule|OHKO Clause: OHKO moves are banned
|rule|Evasion Items Clause: Evasion items are banned
|rule|Evasion Moves Clause: Evasion moves are banned
|rule|Evasion Abilities Clause: Evasion abilities are banned
|rule|Sleep Moves Clause: Sleep-inducing moves are banned
|clearpoke
|poke|p1|Hydrapple, F|
|poke|p1|Gliscor, M|
|poke|p1|Iron Crown|
|poke|p1|Kingambit, M|
|poke|p1|Cinderace, F|
|poke|p1|Regieleki|
|poke|p2|Glastrier|
|poke|p2|Slowking-Galar, M|
|poke|p2|Heatran, M|
|poke|p2|Tornadus-Therian, M|
|poke|p2|Hydrapple, F|
|poke|p2|Great Tusk|
|teampreview
|inactive|Battle timer is ON: inactive players will automatically lose when time's up. (requested by alt1 lord greed)
|
|t:|1779717447
|teamsize|p1|6
|teamsize|p2|6
|start
|switch|p1a: Gliscor|Gliscor, M|100/100
|switch|p2a: Glastrier|Glastrier|100/100
|turn|1
|
|t:|1779717450
|move|p1a: Gliscor|Protect|p1a: Gliscor
|-singleturn|p1a: Gliscor|Protect
|move|p2a: Glastrier|Swords Dance|p2a: Glastrier
|-boost|p2a: Glastrier|atk|2
|
|-status|p1a: Gliscor|tox|[from] item: Toxic Orb
|upkeep
|turn|2
|
|t:|1779717455
|switch|p1a: Iron Crown|Iron Crown|100/100
|move|p2a: Glastrier|Icicle Crash|p1a: Iron Crown|[miss]
|-miss|p2a: Glastrier|p1a: Iron Crown
|
|upkeep
|turn|3
|
|t:|1779717459
|-terastallize|p2a: Glastrier|Water
|move|p1a: Iron Crown|Tachyon Cutter|p2a: Glastrier
|-resisted|p2a: Glastrier
|-damage|p2a: Glastrier|92/100
|-resisted|p2a: Glastrier
|-damage|p2a: Glastrier|83/100
|-hitcount|p2a: Glastrier|2
|move|p2a: Glastrier|High Horsepower|p1a: Iron Crown
|-supereffective|p1a: Iron Crown
|-damage|p1a: Iron Crown|0 fnt
|faint|p1a: Iron Crown
|-end|p1a: Iron Crown|Quark Drive|[silent]
|-ability|p2a: Glastrier|Chilling Neigh|boost
|-boost|p2a: Glastrier|atk|1
|
|upkeep
|
|t:|1779717462
|switch|p1a: Regieleki|Regieleki|100/100
|turn|4
|
|t:|1779717464
|move|p1a: Regieleki|Thunderbolt|p2a: Glastrier
|-supereffective|p2a: Glastrier
|-damage|p2a: Glastrier|5/100
|-status|p2a: Glastrier|par
|move|p2a: Glastrier|Icicle Crash|p1a: Regieleki
|-damage|p1a: Regieleki|0 fnt
|faint|p1a: Regieleki
|-ability|p2a: Glastrier|Chilling Neigh|boost
|-boost|p2a: Glastrier|atk|1
|
|upkeep
|
|t:|1779717469
|switch|p1a: Cinderace|Cinderace, F, shiny|100/100
|turn|5
|
|t:|1779717473
|move|p1a: Cinderace|U-turn|p2a: Glastrier
|-damage|p2a: Glastrier|0 fnt
|faint|p2a: Glastrier
|
|t:|1779717479
|switch|p1a: Gliscor|Gliscor, M|100/100 tox|[from] U-turn
|
|upkeep
|
|t:|1779717480
|switch|p2a: Hydrapple|Hydrapple, F, shiny|100/100
|turn|6
|
|t:|1779717490
|switch|p1a: Cinderace|Cinderace, F, shiny|100/100
|move|p2a: Hydrapple|Draco Meteor|p1a: Cinderace
|-damage|p1a: Cinderace|0 fnt
|-unboost|p2a: Hydrapple|spa|2
|faint|p1a: Cinderace
|
|upkeep
|
|t:|1779717492
|switch|p1a: Kingambit|Kingambit, M|100/100
|-activate|p1a: Kingambit|ability: Supreme Overlord
|-start|p1a: Kingambit|fallen3|[silent]
|turn|7
|
|t:|1779717494
|switch|p2a: Great Tusk|Great Tusk|100/100
|move|p1a: Kingambit|Swords Dance|p1a: Kingambit
|-boost|p1a: Kingambit|atk|2
|
|upkeep
|turn|8
|
|t:|1779717499
|-end|p2a: Great Tusk|Protosynthesis|[silent]
|switch|p2a: Tornadus|Tornadus-Therian, M|100/100
|-terastallize|p1a: Kingambit|Ghost
|move|p1a: Kingambit|Iron Head|p2a: Tornadus
|-damage|p2a: Tornadus|0 fnt
|faint|p2a: Tornadus
|
|upkeep
|
|t:|1779717508
|switch|p2a: Hydrapple|Hydrapple, F, shiny|100/100
|turn|9
|
|t:|1779717510
|move|p1a: Kingambit|Iron Head|p2a: Hydrapple
|-damage|p2a: Hydrapple|7/100
|cant|p2a: Hydrapple|flinch
|
|upkeep
|turn|10
|
|t:|1779717513
|move|p1a: Kingambit|Iron Head|p2a: Hydrapple
|-crit|p2a: Hydrapple
|-damage|p2a: Hydrapple|0 fnt
|faint|p2a: Hydrapple
|
|upkeep
|
|t:|1779717522
|switch|p2a: Heatran|Heatran, M, shiny|100/100
|turn|11
|
|t:|1779717524
|move|p2a: Heatran|Fire Blast|p1a: Kingambit
|-damage|p1a: Kingambit|46/100
|move|p1a: Kingambit|Low Kick|p2a: Heatran
|-supereffective|p2a: Heatran
|-damage|p2a: Heatran|0 fnt
|faint|p2a: Heatran
|
|upkeep
|
|t:|1779717525
|switch|p2a: Great Tusk|Great Tusk|100/100
|turn|12
|
|t:|1779717529
|move|p2a: Great Tusk|Headlong Rush|p1a: Kingambit
|-damage|p1a: Kingambit|0 fnt
|-unboost|p2a: Great Tusk|def|1
|-unboost|p2a: Great Tusk|spd|1
|faint|p1a: Kingambit
|-end|p1a: Kingambit|fallen3|[silent]
|
|upkeep
|
|t:|1779717531
|switch|p1a: Hydrapple|Hydrapple, F, shiny|100/100
|turn|13
|
|t:|1779717533
|-end|p2a: Great Tusk|Protosynthesis|[silent]
|switch|p2a: Slowking|Slowking-Galar, M|100/100
|move|p1a: Hydrapple|Giga Drain|p2a: Slowking
|-resisted|p2a: Slowking
|-damage|p2a: Slowking|91/100
|
|upkeep
|turn|14
|
|t:|1779717535
|switch|p1a: Gliscor|Gliscor, M|100/100 tox
|move|p2a: Slowking|Future Sight|p1a: Gliscor
|-start|p2a: Slowking|move: Future Sight
|
|upkeep
|turn|15
|
|t:|1779717538
|switch|p2a: Great Tusk|Great Tusk|100/100
|move|p1a: Gliscor|Knock Off|p2a: Great Tusk
|-resisted|p2a: Great Tusk
|-damage|p2a: Great Tusk|92/100
|-enditem|p2a: Great Tusk|Heavy-Duty Boots|[from] move: Knock Off|[of] p1a: Gliscor
|
|upkeep
|turn|16
|
|t:|1779717542
|move|p1a: Gliscor|Protect|p1a: Gliscor
|-singleturn|p1a: Gliscor|Protect
|move|p2a: Great Tusk|Ice Spinner|p1a: Gliscor
|-activate|p1a: Gliscor|move: Protect
|
|-end|p1a: Gliscor|move: Future Sight
|-damage|p1a: Gliscor|60/100 tox
|-heal|p1a: Gliscor|72/100 tox|[from] ability: Poison Heal
|upkeep
|turn|17
|
|t:|1779717544
|move|p2a: Great Tusk|Ice Spinner|p1a: Gliscor
|-supereffective|p1a: Gliscor
|-damage|p1a: Gliscor|0 fnt
|faint|p1a: Gliscor
|
|upkeep
|
|t:|1779717545
|switch|p1a: Hydrapple|Hydrapple, F, shiny|100/100
|turn|18
|
|t:|1779717546
|move|p2a: Great Tusk|Ice Spinner|p1a: Hydrapple
|-supereffective|p1a: Hydrapple
|-damage|p1a: Hydrapple|25/100
|move|p1a: Hydrapple|Nasty Plot|p1a: Hydrapple
|-boost|p1a: Hydrapple|spa|2
|
|upkeep
|turn|19
|-message|TestAccountNo.123 forfeited.
|
|win|alt1 lord greed
|raw|TestAccountNo.123's rating: 1497 &rarr; <strong>1477</strong><br />(-20 for losing)
|raw|alt1 lord greed's rating: 1499 &rarr; <strong>1519</strong><br />(+20 for winning)
|l|☆TestAccountNo.123
|player|p1|
|l|☆alt1 lord greed
|player|p2|
