|j|‽hfyfnryd
|j|☆ikthoizzykil
|t:|1779673755
|gametype|singles
|player|p1|hfyfnryd|169|1233
|player|p2|ikthoizzykil|pokemaniac-gen3rs|1302
|gen|9
|tier|[Gen 9] OU
|rated|
|rule|HP Percentage Mod: HP is shown in percentages
|rule|Endless Battle Clause: Forcing endless battles is banned
|rule|Species Clause: Limit one of each Pokémon
|rule|OHKO Clause: OHKO moves are banned
|rule|Evasion Items Clause: Evasion items are banned
|rule|Evasion Moves Clause: Evasion moves are banned
|rule|Evasion Abilities Clause: Evasion abilities are banned
|rule|Sleep Moves Clause: Sleep-inducing moves are banned
|clearpoke
|poke|p1|Politoed, M|
|poke|p1|Greninja-*, M|
|poke|p1|Basculegion, M|
|poke|p1|Kingdra, M|
|poke|p1|Pelipper, M|
|poke|p1|Blastoise, F|
|poke|p2|Slaking, M|
|poke|p2|Rillaboom, F|
|poke|p2|Alomomola, M|
|poke|p2|Garganacl, M|
|poke|p2|Skeledirge, F|
|poke|p2|Ting-Lu|
|teampreview
|inactive|Battle timer is ON: inactive players will automatically lose when time's up. (requested by ikthoizzykil)
|
|t:|1779673767
|teamsize|p1|6
|teamsize|p2|6
|start
|switch|p1a: Pelipper|Pelipper, M|100/100
|switch|p2a: Rillaboom|Rillaboom, F|100/100
|-fieldstart|move: Grassy Terrain|[from] ability: Grassy Surge|[of] p2a: Rillaboom
|-weather|RainDance|[from] ability: Drizzle|[of] p1a: Pelipper
|turn|1
|
|t:|1779673777
|switch|p2a: Slaking|Slaking, M|100/100
|move|p1a: Pelipper|Hurricane|p2a: Slaking
|-damage|p2a: Slaking|74/100
|
|-weather|RainDance|[upkeep]
|-heal|p2a: Slaking|80/100|[from] Grassy Terrain
|upkeep
|turn|2
|
|t:|1779673787
|move|p2a: Slaking|Knock Off|p1a: Pelipper
|-damage|p1a: Pelipper|62/100
|-enditem|p1a: Pelipper|Damp Rock|[from] move: Knock Off|[of] p2a: Slaking
|move|p1a: Pelipper|Hurricane|p2a: Slaking
|-damage|p2a: Slaking|57/100
|
|-weather|RainDance|[upkeep]
|-heal|p2a: Slaking|63/100|[from] Grassy Terrain
|upkeep
|turn|3
|
|t:|1779673801
|switch|p2a: Alomomola|Alomomola, M|100/100
|move|p1a: Pelipper|U-turn|p2a: Alomomola
|-damage|p2a: Alomomola|95/100
|
|t:|1779673808
|switch|p1a: Blastoise|Blastoise, F|100/100|[from] U-turn
|
|-weather|RainDance|[upkeep]
|-heal|p2a: Alomomola|100/100|[from] Grassy Terrain
|upkeep
|turn|4
|
|t:|1779673816
|move|p1a: Blastoise|Shell Smash|p1a: Blastoise
|-unboost|p1a: Blastoise|def|1
|-unboost|p1a: Blastoise|spd|1
|-boost|p1a: Blastoise|atk|2
|-boost|p1a: Blastoise|spa|2
|-boost|p1a: Blastoise|spe|2
|-enditem|p1a: Blastoise|White Herb
|-clearnegativeboost|p1a: Blastoise|[silent]
|move|p2a: Alomomola|Flip Turn|p1a: Blastoise
|-resisted|p1a: Blastoise
|-damage|p1a: Blastoise|87/100
|
|t:|1779673824
|switch|p2a: Rillaboom|Rillaboom, F|100/100|[from] Flip Turn
|
|-weather|RainDance|[upkeep]
|-heal|p1a: Blastoise|93/100|[from] ability: Rain Dish
|-heal|p1a: Blastoise|99/100|[from] Grassy Terrain
|upkeep
|turn|5
|
|t:|1779673836
|move|p2a: Rillaboom|Grassy Glide|p1a: Blastoise
|-supereffective|p1a: Blastoise
|-damage|p1a: Blastoise|0 fnt
|faint|p1a: Blastoise
|
|-weather|RainDance|[upkeep]
|-fieldend|move: Grassy Terrain
|upkeep
|
|t:|1779673848
|switch|p1a: Kingdra|Kingdra, M|100/100
|turn|6
|
|t:|1779673858
|switch|p2a: Ting-Lu|Ting-Lu|100/100
|-ability|p2a: Ting-Lu|Vessel of Ruin
|move|p1a: Kingdra|Ice Beam|p2a: Ting-Lu
|-supereffective|p2a: Ting-Lu
|-damage|p2a: Ting-Lu|69/100
|-damage|p1a: Kingdra|91/100|[from] item: Life Orb
|
|-weather|RainDance|[upkeep]
|-heal|p2a: Ting-Lu|75/100|[from] item: Leftovers
|upkeep
|turn|7
|
|t:|1779673871
|switch|p2a: Rillaboom|Rillaboom, F|100/100
|-fieldstart|move: Grassy Terrain|[from] ability: Grassy Surge|[of] p2a: Rillaboom
|move|p1a: Kingdra|Surf|p2a: Rillaboom
|-resisted|p2a: Rillaboom
|-damage|p2a: Rillaboom|54/100
|-damage|p1a: Kingdra|81/100|[from] item: Life Orb
|
|-weather|RainDance|[upkeep]
|-heal|p1a: Kingdra|87/100|[from] Grassy Terrain
|-heal|p2a: Rillaboom|60/100|[from] Grassy Terrain
|upkeep
|turn|8
|
|t:|1779673885
|-terastallize|p2a: Rillaboom|Grass
|move|p2a: Rillaboom|Grassy Glide|p1a: Kingdra
|-damage|p1a: Kingdra|0 fnt
|faint|p1a: Kingdra
|
|-weather|none
|-heal|p2a: Rillaboom|67/100|[from] Grassy Terrain
|upkeep
|
|t:|1779673897
|switch|p1a: Pelipper|Pelipper, M|62/100
|-weather|RainDance|[from] ability: Drizzle|[of] p1a: Pelipper
|turn|9
|
|t:|1779673903
|switch|p2a: Alomomola|Alomomola, M|100/100
|move|p1a: Pelipper|Hurricane|p2a: Alomomola
|-crit|p2a: Alomomola
|-damage|p2a: Alomomola|18/100
|-start|p2a: Alomomola|confusion
|
|-weather|RainDance|[upkeep]
|-heal|p2a: Alomomola|24/100|[from] Grassy Terrain
|upkeep
|turn|10
|
|t:|1779673914
|switch|p2a: Slaking|Slaking, M|63/100
|move|p1a: Pelipper|Hurricane|p2a: Slaking
|-damage|p2a: Slaking|40/100
|
|-weather|RainDance|[upkeep]
|-heal|p2a: Slaking|46/100|[from] Grassy Terrain
|upkeep
|turn|11
|
|t:|1779673924
|move|p2a: Slaking|Body Slam|p1a: Pelipper
|-damage|p1a: Pelipper|5/100
|move|p1a: Pelipper|Surf|p2a: Slaking
|-crit|p2a: Slaking
|-damage|p2a: Slaking|2/100
|
|-weather|RainDance|[upkeep]
|-heal|p2a: Slaking|8/100|[from] Grassy Terrain
|-fieldend|move: Grassy Terrain
|upkeep
|turn|12
|
|t:|1779673938
|cant|p2a: Slaking|ability: Truant
|move|p1a: Pelipper|Hurricane|p2a: Slaking
|-damage|p2a: Slaking|0 fnt
|faint|p2a: Slaking
|
|-weather|RainDance|[upkeep]
|upkeep
|
|t:|1779673944
|switch|p2a: Rillaboom|Rillaboom, F, tera:Grass|67/100
|-fieldstart|move: Grassy Terrain|[from] ability: Grassy Surge|[of] p2a: Rillaboom
|turn|13
|
|t:|1779673951
|move|p2a: Rillaboom|Grassy Glide|p1a: Pelipper
|-damage|p1a: Pelipper|0 fnt
|faint|p1a: Pelipper
|
|-weather|none
|-heal|p2a: Rillaboom|73/100|[from] Grassy Terrain
|upkeep
|
|t:|1779673962
|switch|p1a: Greninja|Greninja, M|100/100
|turn|14
|
|t:|1779673969
|switch|p2a: Ting-Lu|Ting-Lu|75/100
|-ability|p2a: Ting-Lu|Vessel of Ruin
|move|p1a: Greninja|Ice Beam|p2a: Ting-Lu
|-supereffective|p2a: Ting-Lu
|-damage|p2a: Ting-Lu|52/100
|
|-heal|p2a: Ting-Lu|59/100|[from] Grassy Terrain
|-heal|p2a: Ting-Lu|65/100|[from] item: Leftovers
|upkeep
|turn|15
|
|t:|1779673981
|switch|p1a: Politoed|Politoed, M|100/100
|-weather|RainDance|[from] ability: Drizzle|[of] p1a: Politoed
|move|p2a: Ting-Lu|Spikes|p1a: Politoed
|-sidestart|p1: hfyfnryd|Spikes
|
|-weather|RainDance|[upkeep]
|-heal|p2a: Ting-Lu|71/100|[from] Grassy Terrain
|-heal|p2a: Ting-Lu|77/100|[from] item: Leftovers
|upkeep
|turn|16
|
|t:|1779673993
|move|p1a: Politoed|Weather Ball|p2a: Ting-Lu
|-supereffective|p2a: Ting-Lu
|-damage|p2a: Ting-Lu|18/100
|move|p2a: Ting-Lu|Spikes|p1a: Politoed
|-sidestart|p1: hfyfnryd|Spikes
|
|-weather|RainDance|[upkeep]
|-heal|p2a: Ting-Lu|24/100|[from] Grassy Terrain
|-heal|p2a: Ting-Lu|30/100|[from] item: Leftovers
|upkeep
|turn|17
|
|t:|1779674003
|move|p1a: Politoed|Weather Ball|p2a: Ting-Lu
|-supereffective|p2a: Ting-Lu
|-crit|p2a: Ting-Lu
|-damage|p2a: Ting-Lu|0 fnt
|faint|p2a: Ting-Lu
|
|-weather|RainDance|[upkeep]
|-fieldend|move: Grassy Terrain
|upkeep
|
|t:|1779674010
|switch|p2a: Rillaboom|Rillaboom, F, tera:Grass|73/100
|-fieldstart|move: Grassy Terrain|[from] ability: Grassy Surge|[of] p2a: Rillaboom
|turn|18
|
|t:|1779674016
|-terastallize|p1a: Politoed|Stellar
|move|p2a: Rillaboom|Grassy Glide|p1a: Politoed
|-supereffective|p1a: Politoed
|-damage|p1a: Politoed|0 fnt
|faint|p1a: Politoed
|
|-weather|RainDance|[upkeep]
|-heal|p2a: Rillaboom|79/100|[from] Grassy Terrain
|upkeep
|
|t:|1779674027
|switch|p1a: Basculegion|Basculegion, M|100/100
|-damage|p1a: Basculegion|84/100|[from] Spikes
|turn|19
|
|t:|1779674040
|move|p2a: Rillaboom|Grassy Glide|p1a: Basculegion
|-supereffective|p1a: Basculegion
|-damage|p1a: Basculegion|0 fnt
|faint|p1a: Basculegion
|
|-weather|RainDance|[upkeep]
|-heal|p2a: Rillaboom|85/100|[from] Grassy Terrain
|upkeep
|
|t:|1779674048
|switch|p1a: Greninja|Greninja, M|100/100
|-damage|p1a: Greninja|84/100|[from] Spikes
|turn|20
|
|t:|1779674054
|move|p2a: Rillaboom|Grassy Glide|p1a: Greninja
|-supereffective|p1a: Greninja
|-crit|p1a: Greninja
|-damage|p1a: Greninja|0 fnt
|faint|p1a: Greninja
|
|win|ikthoizzykil
|raw|hfyfnryd's rating: 1233 &rarr; <strong>1213</strong><br />(-20 for losing)
|raw|ikthoizzykil's rating: 1302 &rarr; <strong>1318</strong><br />(+16 for winning)
