|j|☆diddlediddle
|j|☆Trans Marill
|t:|1779667560
|gametype|singles
|player|p1|diddlediddle|swimmerf|1367
|player|p2|Trans Marill|170|1360
|gen|9
|tier|[Gen 9] OU
|rated|
|rule|HP Percentage Mod: HP is shown in percentages
|rule|Endless Battle Clause: Forcing endless battles is banned
|rule|Species Clause: Limit one of each Pokémon
|rule|OHKO Clause: OHKO moves are banned
|rule|Evasion Items Clause: Evasion items are banned
|rule|Evasion Moves Clause: Evasion moves are banned
|rule|Evasion Abilities Clause: Evasion abilities are banned
|rule|Sleep Moves Clause: Sleep-inducing moves are banned
|clearpoke
|poke|p1|Cacturne, M|
|poke|p1|Sandy Shocks|
|poke|p1|Jirachi|
|poke|p1|Zoroark-Hisui, F|
|poke|p1|Heatran, M|
|poke|p1|Maushold-Four|
|poke|p2|Goodra, F|
|poke|p2|Corviknight, F|
|poke|p2|Espeon, M|
|poke|p2|Moltres|
|poke|p2|Clodsire, F|
|poke|p2|Snorlax, F|
|teampreview
|inactive|Battle timer is ON: inactive players will automatically lose when time's up. (requested by Trans Marill)
|
|t:|1779667572
|teamsize|p1|6
|teamsize|p2|6
|start
|switch|p1a: Cacturne|Cacturne, M|100/100
|switch|p2a: Wolly|Clodsire, F|100/100
|turn|1
|
|t:|1779667587
|switch|p1a: Maushold|Maushold-Four|100/100
|move|p2a: Wolly|Stealth Rock|p1a: Maushold
|-sidestart|p1: diddlediddle|move: Stealth Rock
|
|upkeep
|turn|2
|
|t:|1779667605
|switch|p2a: Rising|Moltres|100/100
|move|p1a: Maushold|Encore||[still]
|-fail|p1a: Maushold
|
|upkeep
|turn|3
|
|t:|1779667610
|move|p1a: Maushold|Tidy Up|p1a: Maushold
|-sideend|p1: diddlediddle|Stealth Rock
|-activate|p1a: Maushold|move: Tidy Up
|-boost|p1a: Maushold|atk|1
|-boost|p1a: Maushold|spe|1
|move|p2a: Rising|Scorching Sands|p1a: Maushold
|-damage|p1a: Maushold|63/100
|-status|p1a: Maushold|brn
|
|-damage|p1a: Maushold|57/100 brn|[from] brn
|upkeep
|turn|4
|
|t:|1779667615
|move|p1a: Maushold|Encore|p2a: Rising
|-start|p2a: Rising|Encore
|move|p2a: Rising|Scorching Sands|p1a: Maushold
|-damage|p1a: Maushold|20/100 brn
|
|-damage|p1a: Maushold|14/100 brn|[from] brn
|upkeep
|turn|5
|
|t:|1779667625
|move|p1a: Maushold|Population Bomb|p2a: Rising
|-damage|p2a: Rising|93/100
|-damage|p2a: Rising|86/100
|-crit|p2a: Rising
|-damage|p2a: Rising|73/100
|-damage|p2a: Rising|65/100
|-damage|p2a: Rising|56/100
|-damage|p2a: Rising|48/100
|-damage|p2a: Rising|39/100
|-damage|p2a: Rising|32/100
|-damage|p2a: Rising|24/100
|-damage|p2a: Rising|16/100
|-hitcount|p2a: Rising|10
|move|p2a: Rising|Scorching Sands|p1a: Maushold
|-damage|p1a: Maushold|0 fnt
|faint|p1a: Maushold
|
|upkeep
|
|t:|1779667630
|switch|p1a: Sandy Shocks|Sandy Shocks|100/100
|-enditem|p1a: Sandy Shocks|Booster Energy
|-activate|p1a: Sandy Shocks|ability: Protosynthesis|[fromitem]
|-start|p1a: Sandy Shocks|protosynthesisspe
|turn|6
|
|t:|1779667638
|move|p1a: Sandy Shocks|Thunderbolt|p2a: Rising
|-supereffective|p2a: Rising
|-damage|p2a: Rising|0 fnt
|faint|p2a: Rising
|
|upkeep
|
|t:|1779667649
|switch|p2a: Goodra|Goodra, F|100/100
|turn|7
|
|t:|1779667654
|move|p2a: Goodra|Rain Dance|p2a: Goodra
|-weather|RainDance
|move|p1a: Sandy Shocks|Mirror Coat||[still]
|-fail|p1a: Sandy Shocks
|
|-weather|RainDance|[upkeep]
|upkeep
|turn|8
|
|t:|1779667661
|-terastallize|p1a: Sandy Shocks|Flying
|move|p2a: Goodra|Scald|p1a: Sandy Shocks
|-damage|p1a: Sandy Shocks|47/100
|-status|p1a: Sandy Shocks|brn
|move|p1a: Sandy Shocks|Mirror Coat|p2a: Goodra
|-damage|p2a: Goodra|11/100
|
|-weather|RainDance|[upkeep]
|-damage|p1a: Sandy Shocks|41/100 brn|[from] brn
|upkeep
|turn|9
|
|t:|1779667674
|move|p1a: Sandy Shocks|Earth Power|p2a: Goodra
|-damage|p2a: Goodra|0 fnt
|faint|p2a: Goodra
|
|-weather|RainDance|[upkeep]
|-damage|p1a: Sandy Shocks|35/100 brn|[from] brn
|upkeep
|
|t:|1779667680
|switch|p2a: Tubbablubba|Snorlax, F|100/100
|turn|10
|
|t:|1779667688
|move|p1a: Sandy Shocks|Thunderbolt|p2a: Tubbablubba
|-damage|p2a: Tubbablubba|80/100
|move|p2a: Tubbablubba|Curse|p2a: Tubbablubba
|-unboost|p2a: Tubbablubba|spe|1
|-boost|p2a: Tubbablubba|atk|1
|-boost|p2a: Tubbablubba|def|1
|
|-weather|RainDance|[upkeep]
|-damage|p1a: Sandy Shocks|29/100 brn|[from] brn
|upkeep
|turn|11
|
|t:|1779667700
|-end|p1a: Sandy Shocks|Protosynthesis|[silent]
|switch|p1a: Heatran|Heatran, M|100/100
|move|p2a: Tubbablubba|Curse|p2a: Tubbablubba
|-unboost|p2a: Tubbablubba|spe|1
|-boost|p2a: Tubbablubba|atk|1
|-boost|p2a: Tubbablubba|def|1
|
|-weather|RainDance|[upkeep]
|upkeep
|turn|12
|
|t:|1779667709
|move|p1a: Heatran|Trick|p2a: Tubbablubba
|-activate|p1a: Heatran|move: Trick|[of] p2a: Tubbablubba
|-item|p2a: Tubbablubba|Choice Specs|[from] move: Trick
|-item|p1a: Heatran|Covert Cloak|[from] move: Trick
|move|p2a: Tubbablubba|Earthquake|p1a: Heatran
|-damage|p1a: Heatran|4/100
|replace|p1a: Zoroark|Zoroark-Hisui, F
|-end|p1a: Zoroark|Illusion
|
|-weather|RainDance|[upkeep]
|upkeep
|turn|13
|
|t:|1779667718
|switch|p1a: Sandy Shocks|Sandy Shocks, tera:Flying|29/100 brn
|move|p2a: Tubbablubba|Earthquake|p1a: Sandy Shocks
|-immune|p1a: Sandy Shocks
|
|-weather|RainDance|[upkeep]
|-damage|p1a: Sandy Shocks|22/100 brn|[from] brn
|upkeep
|turn|14
|
|t:|1779667731
|move|p1a: Sandy Shocks|Earth Power|p2a: Tubbablubba
|-damage|p2a: Tubbablubba|61/100
|move|p2a: Tubbablubba|Earthquake|p1a: Sandy Shocks
|-immune|p1a: Sandy Shocks
|
|-weather|none
|-damage|p1a: Sandy Shocks|16/100 brn|[from] brn
|upkeep
|turn|15
|
|t:|1779667740
|move|p1a: Sandy Shocks|Earth Power|p2a: Tubbablubba
|-damage|p2a: Tubbablubba|43/100
|move|p2a: Tubbablubba|Earthquake|p1a: Sandy Shocks
|-immune|p1a: Sandy Shocks
|
|-damage|p1a: Sandy Shocks|10/100 brn|[from] brn
|upkeep
|turn|16
|
|t:|1779667744
|move|p1a: Sandy Shocks|Thunderbolt|p2a: Tubbablubba
|-damage|p2a: Tubbablubba|26/100
|move|p2a: Tubbablubba|Earthquake|p1a: Sandy Shocks
|-immune|p1a: Sandy Shocks
|
|-damage|p1a: Sandy Shocks|4/100 brn|[from] brn
|upkeep
|turn|17
|
|t:|1779667745
|move|p1a: Sandy Shocks|Thunderbolt|p2a: Tubbablubba
|-damage|p2a: Tubbablubba|6/100
|move|p2a: Tubbablubba|Earthquake|p1a: Sandy Shocks
|-immune|p1a: Sandy Shocks
|
|-damage|p1a: Sandy Shocks|0 fnt|[from] brn
|faint|p1a: Sandy Shocks
|-end|p1a: Sandy Shocks|Protosynthesis|[silent]
|upkeep
|
|t:|1779667751
|switch|p1a: Heatran|Heatran, M|4/100
|turn|18
|
|t:|1779667755
|move|p1a: Heatran|Hyper Voice|p2a: Tubbablubba
|-damage|p2a: Tubbablubba|0 fnt
|faint|p2a: Tubbablubba
|
|upkeep
|
|t:|1779667760
|switch|p2a: Espeon|Espeon, M|100/100
|turn|19
|
|t:|1779667765
|move|p2a: Espeon|Psychic|p1a: Heatran
|-damage|p1a: Heatran|0 fnt
|replace|p1a: Zoroark|Zoroark-Hisui, F
|-end|p1a: Zoroark|Illusion
|faint|p1a: Zoroark
|
|upkeep
|
|t:|1779667767
|switch|p1a: Cacturne|Cacturne, M|100/100
|turn|20
|
|t:|1779667772
|switch|p2a: Nighthawk|Corviknight, F|100/100
|move|p1a: Cacturne|Swords Dance|p1a: Cacturne
|-boost|p1a: Cacturne|atk|2
|
|upkeep
|turn|21
|
|t:|1779667778
|move|p2a: Nighthawk|Iron Defense|p2a: Nighthawk
|-boost|p2a: Nighthawk|def|2
|move|p1a: Cacturne|Counter||[still]
|-fail|p1a: Cacturne
|
|upkeep
|turn|22
|
|t:|1779667781
|move|p2a: Nighthawk|Iron Defense|p2a: Nighthawk
|-boost|p2a: Nighthawk|def|2
|move|p1a: Cacturne|Counter||[still]
|-fail|p1a: Cacturne
|
|upkeep
|turn|23
|
|t:|1779667784
|move|p2a: Nighthawk|Iron Defense|p2a: Nighthawk
|-boost|p2a: Nighthawk|def|2
|move|p1a: Cacturne|Counter||[still]
|-fail|p1a: Cacturne
|
|upkeep
|turn|24
|
|t:|1779667786
|move|p2a: Nighthawk|Agility|p2a: Nighthawk
|-boost|p2a: Nighthawk|spe|2
|move|p1a: Cacturne|Counter||[still]
|-fail|p1a: Cacturne
|
|upkeep
|turn|25
|
|t:|1779667792
|move|p2a: Nighthawk|Agility|p2a: Nighthawk
|-boost|p2a: Nighthawk|spe|2
|move|p1a: Cacturne|Counter||[still]
|-fail|p1a: Cacturne
|
|upkeep
|turn|26
|
|t:|1779667798
|move|p2a: Nighthawk|Agility|p2a: Nighthawk
|-boost|p2a: Nighthawk|spe|2
|move|p1a: Cacturne|Counter||[still]
|-fail|p1a: Cacturne
|
|upkeep
|turn|27
|
|t:|1779667803
|move|p2a: Nighthawk|Agility|p2a: Nighthawk
|-boost|p2a: Nighthawk|spe|0
|move|p1a: Cacturne|Counter||[still]
|-fail|p1a: Cacturne
|
|upkeep
|turn|28
|
|t:|1779667806
|move|p2a: Nighthawk|Agility|p2a: Nighthawk
|-boost|p2a: Nighthawk|spe|0
|move|p1a: Cacturne|Counter||[still]
|-fail|p1a: Cacturne
|
|upkeep
|turn|29
|
|t:|1779667809
|move|p2a: Nighthawk|Agility|p2a: Nighthawk
|-boost|p2a: Nighthawk|spe|0
|move|p1a: Cacturne|Counter||[still]
|-fail|p1a: Cacturne
|
|upkeep
|turn|30
|
|t:|1779667811
|move|p2a: Nighthawk|Agility|p2a: Nighthawk
|-boost|p2a: Nighthawk|spe|0
|move|p1a: Cacturne|Counter||[still]
|-fail|p1a: Cacturne
|
|upkeep
|turn|31
|
|t:|1779667813
|move|p2a: Nighthawk|Agility|p2a: Nighthawk
|-boost|p2a: Nighthawk|spe|0
|move|p1a: Cacturne|Swords Dance|p1a: Cacturne
|-boost|p1a: Cacturne|atk|2
|
|upkeep
|turn|32
|
|t:|1779667815
|move|p2a: Nighthawk|Agility|p2a: Nighthawk
|-boost|p2a: Nighthawk|spe|0
|move|p1a: Cacturne|Counter||[still]
|-fail|p1a: Cacturne
|
|upkeep
|turn|33
|
|t:|1779667819
|move|p2a: Nighthawk|Agility|p2a: Nighthawk
|-boost|p2a: Nighthawk|spe|0
|move|p1a: Cacturne|Counter||[still]
|-fail|p1a: Cacturne
|
|upkeep
|turn|34
|
|t:|1779667821
|move|p2a: Nighthawk|Agility|p2a: Nighthawk
|-boost|p2a: Nighthawk|spe|0
|move|p1a: Cacturne|Swords Dance|p1a: Cacturne
|-boost|p1a: Cacturne|atk|2
|
|upkeep
|turn|35
|
|t:|1779667823
|move|p2a: Nighthawk|Power Trip|p1a: Cacturne
|-resisted|p1a: Cacturne
|-damage|p1a: Cacturne|53/100
|move|p1a: Cacturne|Counter|p2a: Nighthawk
|-damage|p2a: Nighthawk|33/100
|
|upkeep
|turn|36
|
|t:|1779667828
|move|p2a: Nighthawk|Roost|p2a: Nighthawk
|-heal|p2a: Nighthawk|83/100
|-singleturn|p2a: Nighthawk|move: Roost
|move|p1a: Cacturne|Counter||[still]
|-fail|p1a: Cacturne
|
|upkeep
|turn|37
|
|t:|1779667837
|move|p2a: Nighthawk|Power Trip|p1a: Cacturne
|-resisted|p1a: Cacturne
|-damage|p1a: Cacturne|2/100
|move|p1a: Cacturne|Seed Bomb|p2a: Nighthawk
|-resisted|p2a: Nighthawk
|-damage|p2a: Nighthawk|75/100
|
|upkeep
|turn|38
|
|t:|1779667843
|move|p1a: Cacturne|Sucker Punch|p2a: Nighthawk
|-crit|p2a: Nighthawk
|-damage|p2a: Nighthawk|0 fnt
|faint|p2a: Nighthawk
|
|upkeep
|c|☆diddlediddle|Lmao
|
|t:|1779667850
|switch|p2a: Wolly|Clodsire, F|100/100
|turn|39
|
|t:|1779667855
|move|p1a: Cacturne|Seed Bomb|p2a: Wolly
|-crit|p2a: Wolly
|-damage|p2a: Wolly|58/100
|move|p2a: Wolly|Earthquake|p1a: Cacturne
|-resisted|p1a: Cacturne
|-damage|p1a: Cacturne|0 fnt
|faint|p1a: Cacturne
|
|-heal|p2a: Wolly|64/100|[from] item: Leftovers
|upkeep
|
|t:|1779667866
|switch|p1a: Live by the flinch|Jirachi|100/100
|turn|40
|
|t:|1779667871
|switch|p2a: Espeon|Espeon, M|100/100
|move|p1a: Live by the flinch|Body Slam|p2a: Espeon
|-damage|p2a: Espeon|50/100
|-status|p2a: Espeon|par
|
|upkeep
|turn|41
|
|t:|1779667876
|switch|p1a: Heatran|Heatran, M|100/100
|move|p2a: Espeon|Reflect|p2a: Espeon
|-sidestart|p2: Trans Marill|Reflect
|
|upkeep
|turn|42
|
|t:|1779667885
|switch|p2a: Wolly|Clodsire, F|64/100
|move|p1a: Heatran|Flamethrower|p2a: Wolly
|-damage|p2a: Wolly|31/100
|
|-heal|p2a: Wolly|37/100|[from] item: Leftovers
|upkeep
|turn|43
|
|t:|1779667893
|move|p1a: Heatran|Flamethrower|p2a: Wolly
|-damage|p2a: Wolly|2/100
|move|p2a: Wolly|Recover|p2a: Wolly
|-heal|p2a: Wolly|52/100
|
|-heal|p2a: Wolly|58/100|[from] item: Leftovers
|upkeep
|turn|44
|
|t:|1779667901
|move|p1a: Heatran|Flamethrower|p2a: Wolly
|-damage|p2a: Wolly|25/100
|move|p2a: Wolly|Recover|p2a: Wolly
|-heal|p2a: Wolly|75/100
|
|-heal|p2a: Wolly|82/100|[from] item: Leftovers
|upkeep
|turn|45
|
|t:|1779667910
|switch|p1a: Live by the flinch|Jirachi|100/100
|move|p2a: Wolly|Earthquake|p1a: Live by the flinch
|-supereffective|p1a: Live by the flinch
|-damage|p1a: Live by the flinch|49/100
|
|-heal|p2a: Wolly|88/100|[from] item: Leftovers
|upkeep
|turn|46
|
|t:|1779667920
|move|p1a: Live by the flinch|Trick|p2a: Wolly
|-activate|p1a: Live by the flinch|move: Trick|[of] p2a: Wolly
|-item|p2a: Wolly|Choice Scarf|[from] move: Trick
|-item|p1a: Live by the flinch|Leftovers|[from] move: Trick
|move|p2a: Wolly|Earthquake|p1a: Live by the flinch
|-supereffective|p1a: Live by the flinch
|-damage|p1a: Live by the flinch|0 fnt
|faint|p1a: Live by the flinch
|
|upkeep
|c|☆diddlediddle|Lmao
|
|t:|1779667933
|switch|p1a: Heatran|Heatran, M|100/100
|turn|47
|
|t:|1779667940
|move|p1a: Heatran|Earth Power|p2a: Wolly
|-supereffective|p2a: Wolly
|-damage|p2a: Wolly|44/100
|move|p2a: Wolly|Earthquake|p1a: Heatran
|-supereffective|p1a: Heatran
|-damage|p1a: Heatran|0 fnt
|faint|p1a: Heatran
|
|win|Trans Marill
|raw|diddlediddle's rating: 1367 &rarr; <strong>1347</strong><br />(-20 for losing)
|raw|Trans Marill's rating: 1360 &rarr; <strong>1380</strong><br />(+20 for winning)
|l|☆diddlediddle
|player|p1|
|c|☆Trans Marill|Gg I thinkv
|l|☆Trans Marill
|player|p2|
