|j|☆Luisowbro
|j|☆CakNoel
|t:|1779621930
|gametype|singles
|player|p1|Luisowbro|ingo|1382
|player|p2|CakNoel|hoopster|1369
|gen|9
|tier|[Gen 9] OU
|rated|
|rule|HP Percentage Mod: HP is shown in percentages
|rule|Endless Battle Clause: Forcing endless battles is banned
|rule|Species Clause: Limit one of each Pokémon
|rule|OHKO Clause: OHKO moves are banned
|rule|Evasion Items Clause: Evasion items are banned
|rule|Evasion Moves Clause: Evasion moves are banned
|rule|Evasion Abilities Clause: Evasion abilities are banned
|rule|Sleep Moves Clause: Sleep-inducing moves are banned
|clearpoke
|poke|p1|Haxorus, M|
|poke|p1|Moltres-Galar|
|poke|p1|Volcanion|
|poke|p1|Scizor, M|
|poke|p1|Enamorus, F|
|poke|p1|Ninetales-Alola, F|
|poke|p2|Tyranitar, F|
|poke|p2|Excadrill, M|
|poke|p2|Kingambit, F|
|poke|p2|Alomomola, M|
|poke|p2|Ogerpon-Wellspring, F|
|poke|p2|Corviknight, M|
|teampreview
|inactive|Battle timer is ON: inactive players will automatically lose when time's up. (requested by CakNoel)
|
|t:|1779621949
|teamsize|p1|6
|teamsize|p2|6
|start
|switch|p1a: Volcanion|Volcanion|100/100
|switch|p2a: Tyranitar|Tyranitar, F|100/100
|-weather|Sandstorm|[from] ability: Sand Stream|[of] p2a: Tyranitar
|turn|1
|
|t:|1779621956
|move|p1a: Volcanion|Earth Power|p2a: Tyranitar
|-supereffective|p2a: Tyranitar
|-damage|p2a: Tyranitar|72/100
|move|p2a: Tyranitar|Thunder Wave|p1a: Volcanion
|-status|p1a: Volcanion|par
|
|-weather|Sandstorm|[upkeep]
|-damage|p1a: Volcanion|94/100 par|[from] Sandstorm
|upkeep
|turn|2
|
|t:|1779621964
|move|p2a: Tyranitar|Knock Off|p1a: Volcanion
|-damage|p1a: Volcanion|58/100 par
|-enditem|p1a: Volcanion|Assault Vest|[from] move: Knock Off|[of] p2a: Tyranitar
|move|p1a: Volcanion|Steam Eruption|p2a: Tyranitar
|-supereffective|p2a: Tyranitar
|-damage|p2a: Tyranitar|21/100
|-status|p2a: Tyranitar|brn
|
|-weather|Sandstorm|[upkeep]
|-damage|p1a: Volcanion|52/100 par|[from] Sandstorm
|-damage|p2a: Tyranitar|15/100 brn|[from] brn
|upkeep
|turn|3
|
|t:|1779621976
|switch|p2a: Alomomola|Alomomola, M|100/100
|move|p1a: Volcanion|Earth Power|p2a: Alomomola
|-damage|p2a: Alomomola|74/100
|
|-weather|Sandstorm|[upkeep]
|-damage|p2a: Alomomola|68/100|[from] Sandstorm
|-damage|p1a: Volcanion|46/100 par|[from] Sandstorm
|upkeep
|turn|4
|
|t:|1779621984
|move|p2a: Alomomola|Wish|p2a: Alomomola
|move|p1a: Volcanion|Sludge Bomb|p2a: Alomomola
|-damage|p2a: Alomomola|38/100
|
|-weather|Sandstorm|[upkeep]
|-damage|p2a: Alomomola|32/100|[from] Sandstorm
|-damage|p1a: Volcanion|40/100 par|[from] Sandstorm
|upkeep
|turn|5
|
|t:|1779621993
|move|p2a: Alomomola|Protect|p2a: Alomomola
|-singleturn|p2a: Alomomola|Protect
|move|p1a: Volcanion|Earth Power|p2a: Alomomola
|-activate|p2a: Alomomola|move: Protect
|
|-weather|Sandstorm|[upkeep]
|-damage|p2a: Alomomola|26/100|[from] Sandstorm
|-damage|p1a: Volcanion|34/100 par|[from] Sandstorm
|-heal|p2a: Alomomola|75/100|[from] move: Wish|[wisher] Alomomola
|upkeep
|turn|6
|
|t:|1779622009
|switch|p1a: Ninetales|Ninetales-Alola, F, shiny|100/100
|-weather|Snowscape|[from] ability: Snow Warning|[of] p1a: Ninetales
|move|p2a: Alomomola|Wish|p2a: Alomomola
|
|-weather|Snowscape|[upkeep]
|upkeep
|turn|7
|
|t:|1779622018
|switch|p1a: Scizor|Scizor, M, shiny|100/100
|move|p2a: Alomomola|Flip Turn|p1a: Scizor
|-damage|p1a: Scizor|85/100
|
|t:|1779622026
|switch|p2a: Tyranitar|Tyranitar, F|15/100 brn|[from] Flip Turn
|-weather|Sandstorm|[from] ability: Sand Stream|[of] p2a: Tyranitar
|
|-weather|Sandstorm|[upkeep]
|-heal|p2a: Tyranitar|73/100 brn|[from] move: Wish|[wisher] Alomomola
|-damage|p2a: Tyranitar|67/100 brn|[from] brn
|upkeep
|turn|8
|
|t:|1779622035
|switch|p2a: Corviknight|Corviknight, M|100/100
|-ability|p2a: Corviknight|Pressure
|move|p1a: Scizor|Close Combat|p2a: Corviknight
|-damage|p2a: Corviknight|62/100
|-unboost|p1a: Scizor|def|1
|-unboost|p1a: Scizor|spd|1
|-damage|p1a: Scizor|69/100|[from] item: Rocky Helmet|[of] p2a: Corviknight
|
|-weather|Sandstorm|[upkeep]
|upkeep
|turn|9
|
|t:|1779622046
|switch|p1a: Volcanion|Volcanion|34/100 par
|move|p2a: Corviknight|Roost|p2a: Corviknight
|-heal|p2a: Corviknight|100/100
|-singleturn|p2a: Corviknight|move: Roost
|
|-weather|Sandstorm|[upkeep]
|-damage|p1a: Volcanion|27/100 par|[from] Sandstorm
|upkeep
|turn|10
|
|t:|1779622054
|switch|p2a: Alomomola|Alomomola, M|100/100
|move|p1a: Volcanion|Sludge Bomb|p2a: Alomomola
|-damage|p2a: Alomomola|73/100
|
|-weather|Sandstorm|[upkeep]
|-damage|p2a: Alomomola|67/100|[from] Sandstorm
|-damage|p1a: Volcanion|21/100 par|[from] Sandstorm
|upkeep
|turn|11
|
|t:|1779622069
|switch|p1a: Scizor|Scizor, M, shiny|69/100
|move|p2a: Alomomola|Wish|p2a: Alomomola
|
|-weather|Sandstorm|[upkeep]
|-damage|p2a: Alomomola|61/100|[from] Sandstorm
|upkeep
|turn|12
|
|t:|1779622083
|switch|p2a: Corviknight|Corviknight, M|100/100
|-ability|p2a: Corviknight|Pressure
|move|p1a: Scizor|Knock Off|p2a: Corviknight
|-damage|p2a: Corviknight|70/100
|-damage|p1a: Scizor|52/100|[from] item: Rocky Helmet|[of] p2a: Corviknight
|-enditem|p2a: Corviknight|Rocky Helmet|[from] move: Knock Off|[of] p1a: Scizor
|
|-weather|Sandstorm|[upkeep]
|-heal|p2a: Corviknight|100/100|[from] move: Wish|[wisher] Alomomola
|upkeep
|turn|13
|
|t:|1779622101
|switch|p1a: Volcanion|Volcanion|21/100 par
|move|p2a: Corviknight|U-turn|p1a: Volcanion
|-resisted|p1a: Volcanion
|-damage|p1a: Volcanion|16/100 par
|
|t:|1779622108
|switch|p2a: Excadrill|Excadrill, M|100/100|[from] U-turn
|
|-weather|Sandstorm|[upkeep]
|-damage|p1a: Volcanion|10/100 par|[from] Sandstorm
|upkeep
|turn|14
|
|t:|1779622114
|move|p2a: Excadrill|Earthquake|p1a: Volcanion
|-supereffective|p1a: Volcanion
|-damage|p1a: Volcanion|0 fnt
|faint|p1a: Volcanion
|-damage|p2a: Excadrill|91/100|[from] item: Life Orb
|
|-weather|none
|upkeep
|
|t:|1779622129
|switch|p1a: Enamorus|Enamorus, F|100/100
|turn|15
|
|t:|1779622135
|switch|p2a: Alomomola|Alomomola, M|94/100
|move|p1a: Enamorus|Mystical Fire|p2a: Alomomola
|-resisted|p2a: Alomomola
|-damage|p2a: Alomomola|83/100
|-unboost|p2a: Alomomola|spa|1
|
|upkeep
|turn|16
|
|t:|1779622144
|switch|p1a: Ninetales|Ninetales-Alola, F, shiny|100/100
|-weather|Snowscape|[from] ability: Snow Warning|[of] p1a: Ninetales
|move|p2a: Alomomola|Flip Turn|p1a: Ninetales
|-damage|p1a: Ninetales|88/100
|
|t:|1779622151
|switch|p2a: Tyranitar|Tyranitar, F|67/100 brn|[from] Flip Turn
|-weather|Sandstorm|[from] ability: Sand Stream|[of] p2a: Tyranitar
|
|-weather|Sandstorm|[upkeep]
|-damage|p1a: Ninetales|82/100|[from] Sandstorm
|-damage|p2a: Tyranitar|60/100 brn|[from] brn
|upkeep
|turn|17
|
|t:|1779622160
|switch|p1a: Scizor|Scizor, M, shiny|52/100
|move|p2a: Tyranitar|Thunder Wave|p1a: Scizor
|-status|p1a: Scizor|par
|
|-weather|Sandstorm|[upkeep]
|-damage|p2a: Tyranitar|54/100 brn|[from] brn
|upkeep
|turn|18
|
|t:|1779622168
|switch|p2a: Corviknight|Corviknight, M|100/100
|-ability|p2a: Corviknight|Pressure
|cant|p1a: Scizor|par
|
|-weather|Sandstorm|[upkeep]
|upkeep
|turn|19
|
|t:|1779622195
|move|p2a: Corviknight|U-turn|p1a: Scizor
|-resisted|p1a: Scizor
|-damage|p1a: Scizor|45/100 par
|
|t:|1779622198
|switch|p2a: Alomomola|Alomomola, M|100/100|[from] U-turn
|move|p1a: Scizor|U-turn|p2a: Alomomola
|-damage|p2a: Alomomola|58/100
|
|t:|1779622203
|switch|p1a: Ninetales|Ninetales-Alola, F, shiny|82/100|[from] U-turn
|-weather|Snowscape|[from] ability: Snow Warning|[of] p1a: Ninetales
|
|-weather|Snowscape|[upkeep]
|upkeep
|turn|20
|
|t:|1779622209
|switch|p2a: Tyranitar|Tyranitar, F|54/100 brn
|-weather|Sandstorm|[from] ability: Sand Stream|[of] p2a: Tyranitar
|move|p1a: Ninetales|Aurora Veil||[still]
|-fail|p1a: Ninetales
|
|-weather|Sandstorm|[upkeep]
|-damage|p1a: Ninetales|76/100|[from] Sandstorm
|-damage|p2a: Tyranitar|48/100 brn|[from] brn
|upkeep
|turn|21
|
|t:|1779622220
|switch|p1a: Scizor|Scizor, M, shiny|45/100 par
|switch|p2a: Alomomola|Alomomola, M|91/100
|
|-weather|Sandstorm|[upkeep]
|-damage|p2a: Alomomola|85/100|[from] Sandstorm
|upkeep
|turn|22
|
|t:|1779622229
|move|p2a: Alomomola|Wish|p2a: Alomomola
|move|p1a: Scizor|U-turn|p2a: Alomomola
|-damage|p2a: Alomomola|48/100
|
|t:|1779622238
|switch|p1a: Haxorus|Haxorus, M, shiny|100/100|[from] U-turn
|-ability|p1a: Haxorus|Mold Breaker
|
|-weather|Sandstorm|[upkeep]
|-damage|p1a: Haxorus|94/100|[from] Sandstorm
|-damage|p2a: Alomomola|42/100|[from] Sandstorm
|upkeep
|turn|23
|
|t:|1779622257
|switch|p2a: Corviknight|Corviknight, M|100/100
|-ability|p2a: Corviknight|Pressure
|move|p1a: Haxorus|Swords Dance|p1a: Haxorus
|-boost|p1a: Haxorus|atk|2
|
|-weather|Sandstorm|[upkeep]
|-damage|p1a: Haxorus|88/100|[from] Sandstorm
|upkeep
|turn|24
|
|t:|1779622268
|switch|p1a: Enamorus|Enamorus, F|100/100
|move|p2a: Corviknight|Brave Bird|p1a: Enamorus
|-damage|p1a: Enamorus|37/100
|-damage|p2a: Corviknight|85/100|[from] Recoil
|
|-weather|Sandstorm|[upkeep]
|-damage|p1a: Enamorus|31/100|[from] Sandstorm
|upkeep
|turn|25
|
|t:|1779622276
|switch|p1a: Ninetales|Ninetales-Alola, F, shiny|76/100
|-weather|Snowscape|[from] ability: Snow Warning|[of] p1a: Ninetales
|switch|p2a: Alomomola|Alomomola, M|75/100
|
|-weather|Snowscape|[upkeep]
|upkeep
|turn|26
|
|t:|1779622292
|switch|p1a: Scizor|Scizor, M, shiny|45/100 par
|move|p2a: Alomomola|Wish|p2a: Alomomola
|
|-weather|Snowscape|[upkeep]
|upkeep
|turn|27
|
|t:|1779622310
|switch|p1a: Moltres|Moltres-Galar, shiny|100/100
|move|p2a: Alomomola|Flip Turn|p1a: Moltres
|-damage|p1a: Moltres|85/100
|
|t:|1779622319
|switch|p2a: Tyranitar|Tyranitar, F|48/100 brn|[from] Flip Turn
|-weather|Sandstorm|[from] ability: Sand Stream|[of] p2a: Tyranitar
|
|-weather|Sandstorm|[upkeep]
|-damage|p1a: Moltres|78/100|[from] Sandstorm
|-heal|p2a: Tyranitar|100/100 brn|[from] move: Wish|[wisher] Alomomola
|-damage|p2a: Tyranitar|94/100 brn|[from] brn
|upkeep
|turn|28
|
|t:|1779622330
|switch|p1a: Ninetales|Ninetales-Alola, F, shiny|76/100
|-weather|Snowscape|[from] ability: Snow Warning|[of] p1a: Ninetales
|move|p2a: Tyranitar|Thunder Wave|p1a: Ninetales|[miss]
|-miss|p2a: Tyranitar|p1a: Ninetales
|
|-weather|Snowscape|[upkeep]
|-damage|p2a: Tyranitar|88/100 brn|[from] brn
|upkeep
|turn|29
|
|t:|1779622350
|move|p1a: Ninetales|Aurora Veil|p1a: Ninetales
|-sidestart|p1: Luisowbro|move: Aurora Veil
|move|p2a: Tyranitar|Thunder Wave|p1a: Ninetales
|-status|p1a: Ninetales|par
|
|-weather|Snowscape|[upkeep]
|-damage|p2a: Tyranitar|82/100 brn|[from] brn
|upkeep
|turn|30
|
|t:|1779622359
|switch|p2a: Alomomola|Alomomola, M|100/100
|move|p1a: Ninetales|Freeze-Dry|p2a: Alomomola
|-supereffective|p2a: Alomomola
|-damage|p2a: Alomomola|66/100
|
|-weather|Snowscape|[upkeep]
|upkeep
|turn|31
|
|t:|1779622368
|move|p1a: Ninetales|Freeze-Dry|p2a: Alomomola
|-supereffective|p2a: Alomomola
|-damage|p2a: Alomomola|32/100
|move|p2a: Alomomola|Wish|p2a: Alomomola
|
|-weather|Snowscape|[upkeep]
|upkeep
|turn|32
|
|t:|1779622374
|switch|p1a: Moltres|Moltres-Galar, shiny|78/100
|move|p2a: Alomomola|Protect||[still]
|-fail|p2a: Alomomola
|
|-weather|none
|-heal|p2a: Alomomola|82/100|[from] move: Wish|[wisher] Alomomola
|upkeep
|turn|33
|
|t:|1779622386
|switch|p2a: Tyranitar|Tyranitar, F|82/100 brn
|-weather|Sandstorm|[from] ability: Sand Stream|[of] p2a: Tyranitar
|move|p1a: Moltres|Nasty Plot|p1a: Moltres
|-boost|p1a: Moltres|spa|2
|
|-weather|Sandstorm|[upkeep]
|-damage|p1a: Moltres|72/100|[from] Sandstorm
|-damage|p2a: Tyranitar|76/100 brn|[from] brn
|upkeep
|turn|34
|
|t:|1779622395
|move|p1a: Moltres|Nasty Plot|p1a: Moltres
|-boost|p1a: Moltres|spa|2
|move|p2a: Tyranitar|Thunder Wave|p1a: Moltres
|-status|p1a: Moltres|par
|
|-weather|Sandstorm|[upkeep]
|-damage|p1a: Moltres|66/100 par|[from] Sandstorm
|-damage|p2a: Tyranitar|70/100 brn|[from] brn
|upkeep
|turn|35
|
|t:|1779622404
|move|p2a: Tyranitar|Knock Off|p1a: Moltres
|-resisted|p1a: Moltres
|-damage|p1a: Moltres|60/100 par
|-enditem|p1a: Moltres|Sitrus Berry|[from] move: Knock Off|[of] p2a: Tyranitar
|move|p1a: Moltres|Nasty Plot|p1a: Moltres
|-boost|p1a: Moltres|spa|2
|
|-weather|Sandstorm|[upkeep]
|-damage|p1a: Moltres|54/100 par|[from] Sandstorm
|-damage|p2a: Tyranitar|63/100 brn|[from] brn
|upkeep
|turn|36
|
|t:|1779622424
|switch|p2a: Ogerpon|Ogerpon-Wellspring, F|100/100
|move|p1a: Moltres|Fiery Wrath|p2a: Ogerpon
|-damage|p2a: Ogerpon|0 fnt
|faint|p2a: Ogerpon
|
|-weather|Sandstorm|[upkeep]
|-damage|p1a: Moltres|48/100 par|[from] Sandstorm
|-sideend|p1: Luisowbro|move: Aurora Veil
|upkeep
|
|t:|1779622434
|switch|p2a: Kingambit|Kingambit, F|100/100
|-activate|p2a: Kingambit|ability: Supreme Overlord
|-start|p2a: Kingambit|fallen1|[silent]
|turn|37
|
|t:|1779622439
|move|p2a: Kingambit|Iron Head|p1a: Moltres
|-damage|p1a: Moltres|0 fnt
|faint|p1a: Moltres
|
|-weather|Sandstorm|[upkeep]
|upkeep
|
|t:|1779622452
|switch|p1a: Scizor|Scizor, M, shiny|45/100 par
|turn|38
|
|t:|1779622459
|-end|p2a: Kingambit|fallen1|[silent]
|switch|p2a: Corviknight|Corviknight, M|85/100
|-ability|p2a: Corviknight|Pressure
|move|p1a: Scizor|U-turn|p2a: Corviknight
|-resisted|p2a: Corviknight
|-damage|p2a: Corviknight|76/100
|
|t:|1779622467
|switch|p1a: Enamorus|Enamorus, F|31/100|[from] U-turn
|
|-weather|Sandstorm|[upkeep]
|-damage|p1a: Enamorus|25/100|[from] Sandstorm
|upkeep
|turn|39
|
|t:|1779622485
|switch|p2a: Alomomola|Alomomola, M|100/100
|move|p1a: Enamorus|Moonblast|p2a: Alomomola
|-crit|p2a: Alomomola
|-damage|p2a: Alomomola|33/100
|
|-weather|Sandstorm|[upkeep]
|-damage|p1a: Enamorus|18/100|[from] Sandstorm
|-damage|p2a: Alomomola|27/100|[from] Sandstorm
|upkeep
|turn|40
|
|t:|1779622502
|-terastallize|p1a: Enamorus|Fairy
|move|p1a: Enamorus|Moonblast|p2a: Alomomola
|-damage|p2a: Alomomola|0 fnt
|faint|p2a: Alomomola
|
|-weather|none
|upkeep
|
|t:|1779622507
|switch|p2a: Kingambit|Kingambit, F|100/100
|-activate|p2a: Kingambit|ability: Supreme Overlord
|-start|p2a: Kingambit|fallen2|[silent]
|turn|41
|
|t:|1779622514
|switch|p1a: Scizor|Scizor, M, shiny|45/100 par
|move|p2a: Kingambit|Sucker Punch||[still]
|-fail|p2a: Kingambit
|
|upkeep
|turn|42
|
|t:|1779622525
|-end|p2a: Kingambit|fallen2|[silent]
|switch|p2a: Corviknight|Corviknight, M|76/100
|-ability|p2a: Corviknight|Pressure
|move|p1a: Scizor|U-turn|p2a: Corviknight
|-resisted|p2a: Corviknight
|-damage|p2a: Corviknight|67/100
|
|t:|1779622531
|switch|p1a: Enamorus|Enamorus, F, tera:Fairy|18/100|[from] U-turn
|
|upkeep
|turn|43
|
|t:|1779622537
|move|p1a: Enamorus|Mystical Fire|p2a: Corviknight
|-supereffective|p2a: Corviknight
|-damage|p2a: Corviknight|18/100
|-unboost|p2a: Corviknight|spa|1
|move|p2a: Corviknight|U-turn|p1a: Enamorus
|-resisted|p1a: Enamorus
|-damage|p1a: Enamorus|8/100
|
|t:|1779622542
|switch|p2a: Tyranitar|Tyranitar, F|63/100 brn|[from] U-turn
|-weather|Sandstorm|[from] ability: Sand Stream|[of] p2a: Tyranitar
|
|-weather|Sandstorm|[upkeep]
|-damage|p1a: Enamorus|2/100|[from] Sandstorm
|-damage|p2a: Tyranitar|57/100 brn|[from] brn
|upkeep
|turn|44
|
|t:|1779622552
|switch|p1a: Ninetales|Ninetales-Alola, F, shiny|76/100 par
|-weather|Snowscape|[from] ability: Snow Warning|[of] p1a: Ninetales
|move|p2a: Tyranitar|Knock Off|p1a: Ninetales
|-resisted|p1a: Ninetales
|-damage|p1a: Ninetales|67/100 par
|-enditem|p1a: Ninetales|Light Clay|[from] move: Knock Off|[of] p2a: Tyranitar
|
|-weather|Snowscape|[upkeep]
|-damage|p2a: Tyranitar|51/100 brn|[from] brn
|upkeep
|turn|45
|
|t:|1779622565
|cant|p1a: Ninetales|par
|move|p2a: Tyranitar|Stone Edge|p1a: Ninetales|[miss]
|-miss|p2a: Tyranitar|p1a: Ninetales
|
|-weather|Snowscape|[upkeep]
|-damage|p2a: Tyranitar|45/100 brn|[from] brn
|upkeep
|turn|46
|
|t:|1779622572
|switch|p2a: Kingambit|Kingambit, F|100/100
|-activate|p2a: Kingambit|ability: Supreme Overlord
|-start|p2a: Kingambit|fallen2|[silent]
|move|p1a: Ninetales|Aurora Veil|p1a: Ninetales
|-sidestart|p1: Luisowbro|move: Aurora Veil
|
|-weather|Snowscape|[upkeep]
|upkeep
|turn|47
|
|t:|1779622585
|switch|p1a: Scizor|Scizor, M, shiny|45/100 par
|move|p2a: Kingambit|Swords Dance|p2a: Kingambit
|-boost|p2a: Kingambit|atk|2
|
|-weather|Snowscape|[upkeep]
|upkeep
|turn|48
|
|t:|1779622599
|move|p2a: Kingambit|Kowtow Cleave|p1a: Scizor
|-damage|p1a: Scizor|0 fnt
|faint|p1a: Scizor
|
|-weather|none
|upkeep
|
|t:|1779622608
|switch|p1a: Haxorus|Haxorus, M, shiny|88/100
|-ability|p1a: Haxorus|Mold Breaker
|turn|49
|
|t:|1779622613
|-terastallize|p2a: Kingambit|Dark
|move|p1a: Haxorus|Swords Dance|p1a: Haxorus
|-boost|p1a: Haxorus|atk|2
|move|p2a: Kingambit|Kowtow Cleave|p1a: Haxorus
|-damage|p1a: Haxorus|2/100
|
|upkeep
|turn|50
|
|t:|1779622623
|move|p2a: Kingambit|Sucker Punch|p1a: Haxorus
|-damage|p1a: Haxorus|0 fnt
|faint|p1a: Haxorus
|
|-sideend|p1: Luisowbro|move: Aurora Veil
|upkeep
|
|t:|1779622629
|switch|p1a: Enamorus|Enamorus, F, tera:Fairy|2/100
|turn|51
|
|t:|1779622632
|move|p2a: Kingambit|Sucker Punch|p1a: Enamorus
|-resisted|p1a: Enamorus
|-damage|p1a: Enamorus|0 fnt
|faint|p1a: Enamorus
|
|upkeep
|
|t:|1779622640
|switch|p1a: Ninetales|Ninetales-Alola, F, shiny|67/100 par
|-weather|Snowscape|[from] ability: Snow Warning|[of] p1a: Ninetales
|turn|52
|
|t:|1779622647
|move|p1a: Ninetales|Freeze-Dry|p2a: Kingambit
|-damage|p2a: Kingambit|80/100
|move|p2a: Kingambit|Iron Head|p1a: Ninetales
|-supereffective|p1a: Ninetales
|-damage|p1a: Ninetales|0 fnt
|faint|p1a: Ninetales
|
|win|CakNoel
|raw|Luisowbro's rating: 1382 &rarr; <strong>1361</strong><br />(-21 for losing)
|raw|CakNoel's rating: 1369 &rarr; <strong>1390</strong><br />(+21 for winning)
