|j|☆bigyou
|j|☆wbpresents
|t:|1779631084
|gametype|singles
|player|p1|bigyou|101|1078
|player|p2|wbpresents|riley|1098
|gen|9
|tier|[Gen 9] OU
|rated|
|rule|HP Percentage Mod: HP is shown in percentages
|rule|Endless Battle Clause: Forcing endless battles is banned
|rule|Species Clause: Limit one of each Pokémon
|rule|OHKO Clause: OHKO moves are banned
|rule|Evasion Items Clause: Evasion items are banned
|rule|Evasion Moves Clause: Evasion moves are banned
|rule|Evasion Abilities Clause: Evasion abilities are banned
|rule|Sleep Moves Clause: Sleep-inducing moves are banned
|clearpoke
|poke|p1|Bellossom, M|
|poke|p1|Great Tusk|
|poke|p1|Vikavolt, F|
|poke|p1|Tyranitar, M|
|poke|p1|Cloyster, F|
|poke|p1|Gholdengo|
|poke|p2|Gastrodon, M|
|poke|p2|Mimikyu, M|
|poke|p2|Gliscor, M|
|poke|p2|Zoroark, F|
|poke|p2|Garganacl, F|
|poke|p2|Skeledirge, M|
|teampreview
|inactive|Battle timer is ON: inactive players will automatically lose when time's up. (requested by wbpresents)
|
|t:|1779631096
|teamsize|p1|6
|teamsize|p2|6
|start
|switch|p1a: Cloyster|Cloyster, F|100/100
|switch|p2a: Garganacl|Garganacl, F|100/100
|turn|1
|
|t:|1779631105
|switch|p1a: dance dance dance|Bellossom, M|100/100
|-terastallize|p2a: Garganacl|Ghost
|move|p2a: Garganacl|Body Press|p1a: dance dance dance
|-damage|p1a: dance dance dance|70/100
|
|-heal|p1a: dance dance dance|76/100|[from] item: Leftovers
|upkeep
|turn|2
|
|t:|1779631114
|move|p1a: dance dance dance|Quiver Dance|p1a: dance dance dance
|-boost|p1a: dance dance dance|spa|1
|-boost|p1a: dance dance dance|spd|1
|-boost|p1a: dance dance dance|spe|1
|move|p2a: Garganacl|Salt Cure|p1a: dance dance dance
|-damage|p1a: dance dance dance|62/100
|-start|p1a: dance dance dance|Salt Cure
|
|-heal|p1a: dance dance dance|69/100|[from] item: Leftovers
|-damage|p1a: dance dance dance|56/100|[from] Salt Cure
|upkeep
|turn|3
|
|t:|1779631121
|move|p1a: dance dance dance|Strength Sap|p2a: Garganacl
|-unboost|p2a: Garganacl|atk|1
|-heal|p1a: dance dance dance|100/100
|move|p2a: Garganacl|Body Press|p1a: dance dance dance
|-damage|p1a: dance dance dance|72/100
|
|-heal|p1a: dance dance dance|78/100|[from] item: Leftovers
|-damage|p1a: dance dance dance|65/100|[from] Salt Cure
|upkeep
|turn|4
|
|t:|1779631126
|move|p1a: dance dance dance|Quiver Dance|p1a: dance dance dance
|-boost|p1a: dance dance dance|spa|1
|-boost|p1a: dance dance dance|spd|1
|-boost|p1a: dance dance dance|spe|1
|move|p2a: Garganacl|Body Press|p1a: dance dance dance
|-damage|p1a: dance dance dance|38/100
|
|-heal|p1a: dance dance dance|44/100|[from] item: Leftovers
|-damage|p1a: dance dance dance|32/100|[from] Salt Cure
|upkeep
|turn|5
|
|t:|1779631131
|move|p1a: dance dance dance|Giga Drain|p2a: Garganacl
|-damage|p2a: Garganacl|53/100
|-heal|p1a: dance dance dance|65/100|[from] drain|[of] p2a: Garganacl
|move|p2a: Garganacl|Body Press|p1a: dance dance dance
|-damage|p1a: dance dance dance|33/100
|
|-heal|p1a: dance dance dance|39/100|[from] item: Leftovers
|-heal|p2a: Garganacl|59/100|[from] item: Leftovers
|-damage|p1a: dance dance dance|27/100|[from] Salt Cure
|upkeep
|turn|6
|
|t:|1779631137
|move|p1a: dance dance dance|Giga Drain|p2a: Garganacl
|-damage|p2a: Garganacl|19/100
|-heal|p1a: dance dance dance|54/100|[from] drain|[of] p2a: Garganacl
|move|p2a: Garganacl|Recover|p2a: Garganacl
|-heal|p2a: Garganacl|69/100
|
|-heal|p1a: dance dance dance|61/100|[from] item: Leftovers
|-heal|p2a: Garganacl|75/100|[from] item: Leftovers
|-damage|p1a: dance dance dance|48/100|[from] Salt Cure
|upkeep
|turn|7
|
|t:|1779631144
|move|p1a: dance dance dance|Quiver Dance|p1a: dance dance dance
|-boost|p1a: dance dance dance|spa|1
|-boost|p1a: dance dance dance|spd|1
|-boost|p1a: dance dance dance|spe|1
|move|p2a: Garganacl|Body Press|p1a: dance dance dance
|-damage|p1a: dance dance dance|17/100
|
|-heal|p1a: dance dance dance|23/100|[from] item: Leftovers
|-heal|p2a: Garganacl|81/100|[from] item: Leftovers
|-damage|p1a: dance dance dance|11/100|[from] Salt Cure
|upkeep
|turn|8
|
|t:|1779631150
|move|p1a: dance dance dance|Giga Drain|p2a: Garganacl
|-damage|p2a: Garganacl|23/100
|-heal|p1a: dance dance dance|51/100|[from] drain|[of] p2a: Garganacl
|move|p2a: Garganacl|Body Press|p1a: dance dance dance
|-damage|p1a: dance dance dance|22/100
|
|-heal|p1a: dance dance dance|28/100|[from] item: Leftovers
|-heal|p2a: Garganacl|29/100|[from] item: Leftovers
|-damage|p1a: dance dance dance|16/100|[from] Salt Cure
|upkeep
|turn|9
|
|t:|1779631155
|switch|p2a: Skeledirge|Skeledirge, M|100/100
|move|p1a: dance dance dance|Giga Drain|p2a: Skeledirge
|-resisted|p2a: Skeledirge
|-damage|p2a: Skeledirge|89/100
|-heal|p1a: dance dance dance|24/100|[from] drain|[of] p2a: Skeledirge
|
|-heal|p1a: dance dance dance|30/100|[from] item: Leftovers
|-damage|p1a: dance dance dance|18/100|[from] Salt Cure
|upkeep
|turn|10
|
|t:|1779631160
|move|p1a: dance dance dance|Strength Sap|p2a: Skeledirge
|-unboost|p2a: Skeledirge|atk|1
|-heal|p1a: dance dance dance|65/100
|move|p2a: Skeledirge|Torch Song|p1a: dance dance dance
|-supereffective|p1a: dance dance dance
|-damage|p1a: dance dance dance|0 fnt
|-boost|p2a: Skeledirge|spa|1
|faint|p1a: dance dance dance
|
|upkeep
|
|t:|1779631168
|switch|p1a: godzilla|Tyranitar, M|100/100
|-weather|Sandstorm|[from] ability: Sand Stream|[of] p1a: godzilla
|turn|11
|
|t:|1779631170
|move|p1a: godzilla|Dragon Dance|p1a: godzilla
|-boost|p1a: godzilla|atk|1
|-boost|p1a: godzilla|spe|1
|move|p2a: Skeledirge|Will-O-Wisp|p1a: godzilla
|-status|p1a: godzilla|brn
|
|-weather|Sandstorm|[upkeep]
|-damage|p2a: Skeledirge|83/100|[from] Sandstorm
|-damage|p1a: godzilla|94/100 brn|[from] brn
|upkeep
|turn|12
|
|t:|1779631175
|move|p1a: godzilla|Dragon Dance|p1a: godzilla
|-boost|p1a: godzilla|atk|1
|-boost|p1a: godzilla|spe|1
|move|p2a: Skeledirge|Torch Song|p1a: godzilla
|-resisted|p1a: godzilla
|-damage|p1a: godzilla|82/100 brn
|-boost|p2a: Skeledirge|spa|1
|
|-weather|Sandstorm|[upkeep]
|-damage|p2a: Skeledirge|77/100|[from] Sandstorm
|-heal|p1a: godzilla|88/100 brn|[from] item: Leftovers
|-damage|p1a: godzilla|82/100 brn|[from] brn
|upkeep
|turn|13
|
|t:|1779631180
|move|p1a: godzilla|Dragon Dance|p1a: godzilla
|-boost|p1a: godzilla|atk|1
|-boost|p1a: godzilla|spe|1
|move|p2a: Skeledirge|Hex|p1a: godzilla
|-resisted|p1a: godzilla
|-damage|p1a: godzilla|54/100 brn
|
|-weather|Sandstorm|[upkeep]
|-damage|p2a: Skeledirge|71/100|[from] Sandstorm
|-heal|p1a: godzilla|61/100 brn|[from] item: Leftovers
|-damage|p1a: godzilla|54/100 brn|[from] brn
|upkeep
|turn|14
|
|t:|1779631186
|switch|p2a: Gliscor|Gliscor, M|100/100
|move|p1a: godzilla|Rock Slide|p2a: Gliscor
|-damage|p2a: Gliscor|74/100
|
|-weather|Sandstorm|[upkeep]
|-heal|p1a: godzilla|61/100 brn|[from] item: Leftovers
|-damage|p1a: godzilla|54/100 brn|[from] brn
|-status|p2a: Gliscor|tox|[from] item: Toxic Orb
|upkeep
|turn|15
|
|t:|1779631192
|move|p1a: godzilla|Ice Punch|p2a: Gliscor
|-supereffective|p2a: Gliscor
|-damage|p2a: Gliscor|8/100 tox
|move|p2a: Gliscor|Earthquake|p1a: godzilla
|-supereffective|p1a: godzilla
|-damage|p1a: godzilla|3/100 brn
|
|-weather|none
|-heal|p1a: godzilla|10/100 brn|[from] item: Leftovers
|-heal|p2a: Gliscor|21/100 tox|[from] ability: Poison Heal
|-damage|p1a: godzilla|3/100 brn|[from] brn
|upkeep
|turn|16
|
|t:|1779631198
|move|p1a: godzilla|Ice Punch|p2a: Gliscor
|-supereffective|p2a: Gliscor
|-damage|p2a: Gliscor|0 fnt
|faint|p2a: Gliscor
|
|-heal|p1a: godzilla|10/100 brn|[from] item: Leftovers
|-damage|p1a: godzilla|3/100 brn|[from] brn
|upkeep
|
|t:|1779631209
|switch|p2a: Mimikyu|Mimikyu, M|100/100
|turn|17
|
|t:|1779631215
|move|p2a: Mimikyu|Shadow Sneak|p1a: godzilla
|-resisted|p1a: godzilla
|-damage|p1a: godzilla|0 fnt
|faint|p1a: godzilla
|-damage|p2a: Mimikyu|91/100|[from] item: Life Orb
|
|upkeep
|
|t:|1779631234
|switch|p1a: Cloyster|Cloyster, F|100/100
|turn|18
|
|t:|1779631241
|move|p1a: Cloyster|Icicle Spear|p2a: Mimikyu
|-activate|p2a: Mimikyu|ability: Disguise
|-damage|p2a: Mimikyu|91/100
|detailschange|p2a: Mimikyu|Mimikyu-Busted, M
|-damage|p2a: Mimikyu|78/100|[from] pokemon: Mimikyu-Busted
|-damage|p2a: Mimikyu|65/100
|-hitcount|p2a: Mimikyu|2
|move|p2a: Mimikyu|Drain Punch|p1a: Cloyster
|-supereffective|p1a: Cloyster
|-damage|p1a: Cloyster|53/100
|-heal|p2a: Mimikyu|87/100|[from] drain|[of] p1a: Cloyster
|-damage|p2a: Mimikyu|77/100|[from] item: Life Orb
|
|upkeep
|turn|19
|
|t:|1779631249
|move|p1a: Cloyster|Shell Smash|p1a: Cloyster
|-unboost|p1a: Cloyster|def|1
|-unboost|p1a: Cloyster|spd|1
|-boost|p1a: Cloyster|atk|2
|-boost|p1a: Cloyster|spa|2
|-boost|p1a: Cloyster|spe|2
|-enditem|p1a: Cloyster|White Herb
|-clearnegativeboost|p1a: Cloyster|[silent]
|move|p2a: Mimikyu|Drain Punch|p1a: Cloyster
|-supereffective|p1a: Cloyster
|-damage|p1a: Cloyster|3/100
|-heal|p2a: Mimikyu|100/100|[from] drain|[of] p1a: Cloyster
|-damage|p2a: Mimikyu|91/100|[from] item: Life Orb
|
|upkeep
|turn|20
|
|t:|1779631259
|move|p2a: Mimikyu|Shadow Sneak|p1a: Cloyster
|-damage|p1a: Cloyster|0 fnt
|faint|p1a: Cloyster
|-damage|p2a: Mimikyu|81/100|[from] item: Life Orb
|
|upkeep
|-message|bigyou forfeited.
|
|win|wbpresents
|raw|bigyou's rating: 1078 &rarr; <strong>1058</strong><br />(-20 for losing)
|raw|wbpresents's rating: 1098 &rarr; <strong>1122</strong><br />(+24 for winning)
|l|☆bigyou
|player|p1|
|l|☆wbpresents
|player|p2|
