|j|☆pomigo
|j|☆Bipface
|t:|1779652992
|gametype|singles
|player|p1|pomigo|101|1151
|player|p2|Bipface|fisherman-gen4|1177
|gen|9
|tier|[Gen 9] OU
|rated|
|rule|HP Percentage Mod: HP is shown in percentages
|rule|Endless Battle Clause: Forcing endless battles is banned
|rule|Species Clause: Limit one of each Pokémon
|rule|OHKO Clause: OHKO moves are banned
|rule|Evasion Items Clause: Evasion items are banned
|rule|Evasion Moves Clause: Evasion moves are banned
|rule|Evasion Abilities Clause: Evasion abilities are banned
|rule|Sleep Moves Clause: Sleep-inducing moves are banned
|clearpoke
|poke|p1|Kleavor, F|
|poke|p1|Torkoal, F|
|poke|p1|Walking Wake|
|poke|p1|Great Tusk|
|poke|p1|Raging Bolt|
|poke|p1|Venusaur, F|
|poke|p2|Ogerpon-Wellspring, F|
|poke|p2|Dragonite, F|
|poke|p2|Kingambit, F|
|poke|p2|Hatterene, F|
|poke|p2|Garganacl, F|
|poke|p2|Gliscor, F|
|teampreview
|inactive|Battle timer is ON: inactive players will automatically lose when time's up. (requested by Bipface)
|
|t:|1779653022
|teamsize|p1|6
|teamsize|p2|6
|start
|switch|p1a: Torkoal|Torkoal, F|100/100
|switch|p2a: Guy|Gliscor, F|100/100
|-weather|SunnyDay|[from] ability: Drought|[of] p1a: Torkoal
|turn|1
|inactive|Bipface has 120 seconds left.
|
|t:|1779653068
|-terastallize|p1a: Torkoal|Flying
|move|p2a: Guy|Toxic|p1a: Torkoal|[miss]
|-miss|p2a: Guy|p1a: Torkoal
|move|p1a: Torkoal|Will-O-Wisp|p2a: Guy
|-status|p2a: Guy|brn
|
|-weather|SunnyDay|[upkeep]
|-damage|p2a: Guy|94/100 brn|[from] brn
|upkeep
|turn|2
|
|t:|1779653083
|switch|p1a: Walking Wake|Walking Wake|100/100
|-activate|p1a: Walking Wake|ability: Protosynthesis
|-start|p1a: Walking Wake|protosynthesisspe
|move|p2a: Guy|Toxic|p1a: Walking Wake
|-status|p1a: Walking Wake|tox
|
|-weather|SunnyDay|[upkeep]
|-damage|p1a: Walking Wake|94/100 tox|[from] psn
|-damage|p2a: Guy|88/100 brn|[from] brn
|upkeep
|turn|3
|
|t:|1779653095
|switch|p2a: Jim Carrey|Ogerpon-Wellspring, F|100/100
|move|p1a: Walking Wake|Hydro Steam|p2a: Jim Carrey
|-immune|p2a: Jim Carrey|[from] ability: Water Absorb
|
|-weather|SunnyDay|[upkeep]
|-damage|p1a: Walking Wake|82/100 tox|[from] psn
|upkeep
|turn|4
|
|t:|1779653114
|-end|p1a: Walking Wake|Protosynthesis|[silent]
|switch|p1a: Kleavor|Kleavor, F|100/100
|switch|p2a: Guy|Gliscor, F|88/100 brn
|
|-weather|SunnyDay|[upkeep]
|-damage|p2a: Guy|82/100 brn|[from] brn
|upkeep
|turn|5
|inactive|pomigo has 120 seconds left.
|
|t:|1779653139
|switch|p1a: Walking Wake|Walking Wake|82/100 tox
|-activate|p1a: Walking Wake|ability: Protosynthesis
|-start|p1a: Walking Wake|protosynthesisspe
|move|p2a: Guy|Toxic|p1a: Walking Wake
|-fail|p1a: Walking Wake|tox
|
|-weather|SunnyDay|[upkeep]
|-damage|p1a: Walking Wake|76/100 tox|[from] psn
|-damage|p2a: Guy|76/100 brn|[from] brn
|upkeep
|turn|6
|inactive|pomigo has 120 seconds left.
|inactive|Bipface has 90 seconds left.
|
|t:|1779653175
|move|p2a: Guy|Protect|p2a: Guy
|-singleturn|p2a: Guy|Protect
|move|p1a: Walking Wake|Draco Meteor|p2a: Guy
|-activate|p2a: Guy|move: Protect
|
|-weather|SunnyDay|[upkeep]
|-damage|p1a: Walking Wake|64/100 tox|[from] psn
|-damage|p2a: Guy|69/100 brn|[from] brn
|upkeep
|turn|7
|
|t:|1779653185
|switch|p2a: Lisa Ann|Hatterene, F, shiny|100/100
|move|p1a: Walking Wake|Draco Meteor|p2a: Lisa Ann
|-immune|p2a: Lisa Ann
|
|-weather|SunnyDay|[upkeep]
|-damage|p1a: Walking Wake|45/100 tox|[from] psn
|upkeep
|turn|8
|inactive|Bipface has 90 seconds left.
|
|t:|1779653199
|-end|p1a: Walking Wake|Protosynthesis|[silent]
|switch|p1a: Venusaur|Venusaur, F|100/100
|switch|p2a: Jim Carrey|Ogerpon-Wellspring, F|100/100
|
|-weather|none
|upkeep
|turn|9
|inactive|Bipface has 90 seconds left.
|inactive|pomigo has 120 seconds left.
|
|t:|1779653214
|move|p2a: Jim Carrey|U-turn|p1a: Venusaur
|-damage|p1a: Venusaur|62/100
|
|t:|1779653221
|switch|p2a: Guy|Gliscor, F|69/100 brn|[from] U-turn
|move|p1a: Venusaur|Sludge Bomb|p2a: Guy
|-resisted|p2a: Guy
|-damage|p2a: Guy|38/100 brn
|-damage|p1a: Venusaur|52/100|[from] item: Life Orb
|
|-damage|p2a: Guy|32/100 brn|[from] brn
|upkeep
|turn|10
|inactive|Bipface has 90 seconds left.
|
|t:|1779653235
|switch|p1a: Walking Wake|Walking Wake|45/100 tox
|move|p2a: Guy|Facade|p1a: Walking Wake
|-damage|p1a: Walking Wake|12/100 tox
|
|-damage|p1a: Walking Wake|6/100 tox|[from] psn
|-damage|p2a: Guy|26/100 brn|[from] brn
|upkeep
|turn|11
|inactive|Bipface has 90 seconds left.
|inactive|pomigo has 120 seconds left.
|
|t:|1779653251
|move|p2a: Guy|Protect|p2a: Guy
|-singleturn|p2a: Guy|Protect
|move|p1a: Walking Wake|Flamethrower|p2a: Guy
|-activate|p2a: Guy|move: Protect
|
|-damage|p1a: Walking Wake|0 fnt|[from] psn
|faint|p1a: Walking Wake
|-end|p1a: Walking Wake|Protosynthesis|[silent]
|-damage|p2a: Guy|20/100 brn|[from] brn
|upkeep
|inactive|pomigo has 120 seconds left.
|
|t:|1779653261
|switch|p1a: Venusaur|Venusaur, F|52/100
|turn|12
|inactive|Bipface has 90 seconds left.
|
|t:|1779653282
|move|p1a: Venusaur|Giga Drain|p2a: Guy
|-damage|p2a: Guy|0 fnt
|-heal|p1a: Venusaur|63/100|[from] drain|[of] p2a: Guy
|faint|p2a: Guy
|-damage|p1a: Venusaur|53/100|[from] item: Life Orb
|
|upkeep
|
|t:|1779653295
|switch|p2a: Jim Carrey|Ogerpon-Wellspring, F|100/100
|turn|13
|
|t:|1779653302
|move|p2a: Jim Carrey|U-turn|p1a: Venusaur
|-damage|p1a: Venusaur|19/100
|
|t:|1779653307
|switch|p2a: Mrs.Butterworth|Kingambit, F, shiny|100/100|[from] U-turn
|-activate|p2a: Mrs.Butterworth|ability: Supreme Overlord
|-start|p2a: Mrs.Butterworth|fallen1|[silent]
|move|p1a: Venusaur|Sludge Bomb|p2a: Mrs.Butterworth
|-immune|p2a: Mrs.Butterworth
|
|upkeep
|turn|14
|inactive|Bipface has 90 seconds left.
|
|t:|1779653323
|switch|p1a: Torkoal|Torkoal, F, tera:Flying|100/100
|-weather|SunnyDay|[from] ability: Drought|[of] p1a: Torkoal
|-end|p2a: Mrs.Butterworth|fallen1|[silent]
|switch|p2a: Jim Carrey|Ogerpon-Wellspring, F|100/100
|
|-weather|SunnyDay|[upkeep]
|upkeep
|turn|15
|inactive|Bipface has 90 seconds left.
|
|t:|1779653334
|move|p2a: Jim Carrey|Ivy Cudgel|p1a: Torkoal|[anim] Ivy Cudgel Water
|-damage|p1a: Torkoal|83/100
|move|p1a: Torkoal|Lava Plume|p2a: Jim Carrey
|-damage|p2a: Jim Carrey|55/100
|
|-weather|SunnyDay|[upkeep]
|upkeep
|turn|16
|
|t:|1779653342
|move|p2a: Jim Carrey|Knock Off|p1a: Torkoal
|-damage|p1a: Torkoal|61/100
|-enditem|p1a: Torkoal|Heat Rock|[from] move: Knock Off|[of] p2a: Jim Carrey
|move|p1a: Torkoal|Lava Plume|p2a: Jim Carrey
|-damage|p2a: Jim Carrey|12/100
|
|-weather|SunnyDay|[upkeep]
|upkeep
|turn|17
|
|t:|1779653350
|move|p2a: Jim Carrey|U-turn|p1a: Torkoal
|-resisted|p1a: Torkoal
|-damage|p1a: Torkoal|52/100
|
|t:|1779653355
|switch|p2a: John Wall|Garganacl, F, shiny|100/100|[from] U-turn
|move|p1a: Torkoal|Will-O-Wisp|p2a: John Wall
|-immune|p2a: John Wall|[from] ability: Purifying Salt
|
|-weather|SunnyDay|[upkeep]
|upkeep
|turn|18
|
|t:|1779653375
|switch|p1a: Great Tusk|Great Tusk|100/100
|-activate|p1a: Great Tusk|ability: Protosynthesis
|-start|p1a: Great Tusk|protosynthesisspe
|move|p2a: John Wall|Salt Cure|p1a: Great Tusk
|-resisted|p1a: Great Tusk
|-damage|p1a: Great Tusk|98/100
|-start|p1a: Great Tusk|Salt Cure
|
|-weather|SunnyDay|[upkeep]
|-damage|p1a: Great Tusk|86/100|[from] Salt Cure
|upkeep
|turn|19
|inactive|Bipface has 120 seconds left.
|
|t:|1779653398
|-terastallize|p2a: John Wall|Bug
|move|p1a: Great Tusk|Bulk Up|p1a: Great Tusk
|-boost|p1a: Great Tusk|atk|1
|-boost|p1a: Great Tusk|def|1
|move|p2a: John Wall|Iron Defense|p2a: John Wall
|-boost|p2a: John Wall|def|2
|
|-weather|SunnyDay|[upkeep]
|-damage|p1a: Great Tusk|74/100|[from] Salt Cure
|upkeep
|turn|20
|
|t:|1779653411
|move|p1a: Great Tusk|Ice Spinner|p2a: John Wall
|-damage|p2a: John Wall|88/100
|move|p2a: John Wall|Iron Defense|p2a: John Wall
|-boost|p2a: John Wall|def|2
|
|-weather|SunnyDay|[upkeep]
|-heal|p2a: John Wall|94/100|[from] item: Leftovers
|-damage|p1a: Great Tusk|61/100|[from] Salt Cure
|upkeep
|turn|21
|inactive|Bipface has 120 seconds left.
|
|t:|1779653425
|-end|p1a: Great Tusk|Protosynthesis|[silent]
|switch|p1a: Venusaur|Venusaur, F|19/100
|move|p2a: John Wall|Body Press|p1a: Venusaur
|-resisted|p1a: Venusaur
|-damage|p1a: Venusaur|0 fnt
|faint|p1a: Venusaur
|
|-weather|none
|-heal|p2a: John Wall|100/100|[from] item: Leftovers
|upkeep
|-message|pomigo forfeited.
|
|win|Bipface
|raw|pomigo's rating: 1151 &rarr; <strong>1128</strong><br />(-23 for losing)
|raw|Bipface's rating: 1177 &rarr; <strong>1200</strong><br />(+23 for winning)
|l|☆pomigo
|player|p1|
