|j|☆randomcan42
|j|☆jewking
|t:|1779563208
|gametype|singles
|player|p1|randomcan42|2|1316
|player|p2|jewking|2|1347
|gen|9
|tier|[Gen 9] OU
|rated|
|rule|HP Percentage Mod: HP is shown in percentages
|rule|Endless Battle Clause: Forcing endless battles is banned
|rule|Species Clause: Limit one of each Pokémon
|rule|OHKO Clause: OHKO moves are banned
|rule|Evasion Items Clause: Evasion items are banned
|rule|Evasion Moves Clause: Evasion moves are banned
|rule|Evasion Abilities Clause: Evasion abilities are banned
|rule|Sleep Moves Clause: Sleep-inducing moves are banned
|clearpoke
|poke|p1|Hatterene, F|
|poke|p1|Dragonite, F|
|poke|p1|Alomomola, F|
|poke|p1|Raichu, M|
|poke|p1|Dragapult, F|
|poke|p1|Great Tusk|
|poke|p2|Ribombee, F|
|poke|p2|Blaziken, F|
|poke|p2|Samurott-Hisui, M|
|poke|p2|Azelf|
|poke|p2|Torkoal, M|
|poke|p2|Kingdra, M|
|teampreview
|inactive|Battle timer is ON: inactive players will automatically lose when time's up. (requested by randomcan42)
|
|t:|1779563245
|teamsize|p1|6
|teamsize|p2|6
|start
|switch|p1a: Raichu|Raichu, M|100/100
|switch|p2a: Samurott|Samurott-Hisui, M|100/100
|turn|1
|
|t:|1779563251
|move|p1a: Raichu|Volt Switch|p2a: Samurott
|-supereffective|p2a: Samurott
|-enditem|p2a: Samurott|Focus Sash
|-damage|p2a: Samurott|1/100
|
|t:|1779563255
|switch|p1a: Alomomola|Alomomola, F|100/100|[from] Volt Switch
|move|p2a: Samurott|Ceaseless Edge|p1a: Alomomola
|-damage|p1a: Alomomola|78/100
|-damage|p2a: Samurott|0 fnt|[from] item: Rocky Helmet|[of] p1a: Alomomola
|faint|p2a: Samurott
|
|upkeep
|
|t:|1779563266
|switch|p2a: Azelf|Azelf|100/100
|turn|2
|
|t:|1779563270
|move|p2a: Azelf|Explosion|p1a: Alomomola
|-damage|p1a: Alomomola|30/100
|faint|p2a: Azelf
|move|p1a: Alomomola|Flip Turn|p2: Azelf|[notarget]
|-fail|p1a: Alomomola
|
|upkeep
|
|t:|1779563276
|switch|p2a: Ribombee|Ribombee, F|100/100
|turn|3
|
|t:|1779563279
|switch|p1a: Hatterene|Hatterene, F, shiny|100/100
|move|p2a: Ribombee|Quiver Dance|p2a: Ribombee
|-boost|p2a: Ribombee|spa|1
|-boost|p2a: Ribombee|spd|1
|-boost|p2a: Ribombee|spe|1
|
|upkeep
|turn|4
|
|t:|1779563283
|move|p2a: Ribombee|Moonblast|p1a: Hatterene
|-damage|p1a: Hatterene|37/100
|move|p1a: Hatterene|Mystical Fire|p2a: Ribombee
|-supereffective|p2a: Ribombee
|-damage|p2a: Ribombee|48/100
|-unboost|p2a: Ribombee|spa|1
|
|-heal|p1a: Hatterene|43/100|[from] item: Leftovers
|upkeep
|turn|5
|
|t:|1779563295
|move|p2a: Ribombee|Quiver Dance|p2a: Ribombee
|-boost|p2a: Ribombee|spa|1
|-boost|p2a: Ribombee|spd|1
|-boost|p2a: Ribombee|spe|1
|move|p1a: Hatterene|Mystical Fire|p2a: Ribombee
|-supereffective|p2a: Ribombee
|-damage|p2a: Ribombee|11/100
|-unboost|p2a: Ribombee|spa|1
|
|-heal|p1a: Hatterene|49/100|[from] item: Leftovers
|upkeep
|turn|6
|
|t:|1779563304
|move|p2a: Ribombee|U-turn|p1a: Hatterene
|-damage|p1a: Hatterene|39/100
|
|t:|1779563308
|switch|p2a: Torkoal|Torkoal, M|100/100|[from] U-turn
|-weather|SunnyDay|[from] ability: Drought|[of] p2a: Torkoal
|move|p1a: Hatterene|Nuzzle|p2a: Torkoal
|-damage|p2a: Torkoal|97/100
|-status|p2a: Torkoal|par
|
|-weather|SunnyDay|[upkeep]
|-heal|p1a: Hatterene|45/100|[from] item: Leftovers
|upkeep
|turn|7
|
|t:|1779563314
|move|p1a: Hatterene|Mystical Fire|p2a: Torkoal
|-resisted|p2a: Torkoal
|-damage|p2a: Torkoal|76/100 par
|-unboost|p2a: Torkoal|spa|1
|cant|p2a: Torkoal|par
|
|-weather|SunnyDay|[upkeep]
|-heal|p1a: Hatterene|50/100|[from] item: Leftovers
|upkeep
|turn|8
|-message|jewking forfeited.
|
|win|randomcan42
|raw|randomcan42's rating: 1316 &rarr; <strong>1338</strong><br />(+22 for winning)
|raw|jewking's rating: 1347 &rarr; <strong>1325</strong><br />(-22 for losing)
|l|☆jewking
|player|p2|
|l|☆randomcan42
|player|p1|
