|j|☆prakshep
|j|‽ekekdkdmdmwksl
|t:|1779619450
|gametype|singles
|player|p1|prakshep|nate|1361
|player|p2|ekekdkdmdmwksl|2|1299
|gen|9
|tier|[Gen 9] OU
|rated|
|rule|HP Percentage Mod: HP is shown in percentages
|rule|Endless Battle Clause: Forcing endless battles is banned
|rule|Species Clause: Limit one of each Pokémon
|rule|OHKO Clause: OHKO moves are banned
|rule|Evasion Items Clause: Evasion items are banned
|rule|Evasion Moves Clause: Evasion moves are banned
|rule|Evasion Abilities Clause: Evasion abilities are banned
|rule|Sleep Moves Clause: Sleep-inducing moves are banned
|clearpoke
|poke|p1|Cinderace, F|
|poke|p1|Polteageist-Antique|
|poke|p1|Walking Wake|
|poke|p1|Zamazenta-*|
|poke|p1|Maushold-Four|
|poke|p1|Glimmora, F|
|poke|p2|Scrafty, M|
|poke|p2|Volbeat, M|
|poke|p2|Hoopa-Unbound|
|poke|p2|Hatterene, F|
|poke|p2|Registeel|
|poke|p2|Iron Moth|
|teampreview
|inactive|Battle timer is ON: inactive players will automatically lose when time's up. (requested by prakshep)
|
|t:|1779619472
|teamsize|p1|6
|teamsize|p2|6
|start
|switch|p1a: Cinderace|Cinderace, F, shiny|100/100
|switch|p2a: Hoopa|Hoopa-Unbound|100/100
|turn|1
|
|t:|1779619481
|switch|p2a: Iron Moth|Iron Moth|100/100
|-enditem|p2a: Iron Moth|Booster Energy
|-activate|p2a: Iron Moth|ability: Quark Drive|[fromitem]
|-start|p2a: Iron Moth|quarkdrivespa
|move|p1a: Cinderace|High Jump Kick|p2a: Iron Moth
|-start|p1a: Cinderace|typechange|Fighting|[from] ability: Libero
|-resisted|p2a: Iron Moth
|-damage|p2a: Iron Moth|51/100
|
|upkeep
|turn|2
|
|t:|1779619490
|move|p1a: Cinderace|Pyro Ball|p2a: Iron Moth
|-resisted|p2a: Iron Moth
|-damage|p2a: Iron Moth|16/100
|move|p2a: Iron Moth|Fiery Dance|p1a: Cinderace
|-damage|p1a: Cinderace|26/100
|-boost|p2a: Iron Moth|spa|1
|
|upkeep
|turn|3
|
|t:|1779619497
|move|p1a: Cinderace|Pyro Ball|p2a: Iron Moth
|-resisted|p2a: Iron Moth
|-damage|p2a: Iron Moth|0 fnt
|faint|p2a: Iron Moth
|-end|p2a: Iron Moth|Quark Drive|[silent]
|
|upkeep
|
|t:|1779619509
|switch|p2a: Hatterene|Hatterene, F|100/100
|turn|4
|
|t:|1779619513
|switch|p1a: Walking Wake|Walking Wake|100/100
|-enditem|p1a: Walking Wake|Booster Energy
|-activate|p1a: Walking Wake|ability: Protosynthesis|[fromitem]
|-start|p1a: Walking Wake|protosynthesisspa
|move|p2a: Hatterene|Draining Kiss|p1a: Walking Wake
|-supereffective|p1a: Walking Wake
|-damage|p1a: Walking Wake|48/100
|
|upkeep
|turn|5
|
|t:|1779619519
|move|p1a: Walking Wake|Hydro Steam|p2a: Hatterene
|-damage|p2a: Hatterene|48/100
|move|p2a: Hatterene|Draining Kiss|p1a: Walking Wake
|-supereffective|p1a: Walking Wake
|-damage|p1a: Walking Wake|0 fnt
|-heal|p2a: Hatterene|95/100|[from] drain|[of] p1a: Walking Wake
|faint|p1a: Walking Wake
|-end|p1a: Walking Wake|Protosynthesis|[silent]
|
|-heal|p2a: Hatterene|100/100|[from] item: Leftovers
|upkeep
|
|t:|1779619535
|switch|p1a: Glimmora|Glimmora, F, shiny|100/100
|turn|6
|
|t:|1779619557
|-terastallize|p2a: Hatterene|Fire
|move|p1a: Glimmora|Meteor Beam||[still]
|-prepare|p1a: Glimmora|Meteor Beam
|-boost|p1a: Glimmora|spa|1
|-enditem|p1a: Glimmora|Power Herb
|-anim|p1a: Glimmora|Meteor Beam|p2a: Hatterene
|-supereffective|p2a: Hatterene
|-damage|p2a: Hatterene|0 fnt
|faint|p2a: Hatterene
|
|upkeep
|
|t:|1779619566
|switch|p2a: Volbeat|Volbeat, M, shiny|100/100
|turn|7
|
|t:|1779619571
|move|p2a: Volbeat|Thunder Wave|p1a: Glimmora
|-status|p1a: Glimmora|par
|move|p1a: Glimmora|Sludge Wave|p2a: Volbeat
|-damage|p2a: Volbeat|23/100
|
|upkeep
|turn|8
|
|t:|1779619579
|switch|p2a: Registeel|Registeel|100/100
|move|p1a: Glimmora|Earth Power|p2a: Registeel
|-supereffective|p2a: Registeel
|-damage|p2a: Registeel|41/100
|
|upkeep
|turn|9
|
|t:|1779619593
|move|p2a: Registeel|Iron Defense|p2a: Registeel
|-boost|p2a: Registeel|def|2
|move|p1a: Glimmora|Earth Power|p2a: Registeel
|-supereffective|p2a: Registeel
|-damage|p2a: Registeel|0 fnt
|faint|p2a: Registeel
|
|upkeep
|
|t:|1779619595
|switch|p2a: Hoopa|Hoopa-Unbound|100/100
|turn|10
|
|t:|1779619598
|move|p2a: Hoopa|Psychic|p1a: Glimmora
|-supereffective|p1a: Glimmora
|-damage|p1a: Glimmora|0 fnt
|faint|p1a: Glimmora
|
|upkeep
|
|t:|1779619602
|switch|p1a: Cinderace|Cinderace, F, shiny|26/100
|turn|11
|
|t:|1779619607
|switch|p2a: Scrafty|Scrafty, M|100/100
|move|p1a: Cinderace|Sucker Punch||[still]
|-fail|p1a: Cinderace
|
|upkeep
|turn|12
|
|t:|1779619616
|move|p1a: Cinderace|High Jump Kick|p2a: Scrafty
|-start|p1a: Cinderace|typechange|Fighting|[from] ability: Libero
|-supereffective|p2a: Scrafty
|-damage|p2a: Scrafty|0 fnt
|faint|p2a: Scrafty
|
|upkeep
|
|t:|1779619619
|switch|p2a: Volbeat|Volbeat, M, shiny|23/100
|turn|13
|
|t:|1779619625
|move|p2a: Volbeat|Roost|p2a: Volbeat
|-heal|p2a: Volbeat|73/100
|-singleturn|p2a: Volbeat|move: Roost
|move|p1a: Cinderace|Pyro Ball|p2a: Volbeat
|-supereffective|p2a: Volbeat
|-damage|p2a: Volbeat|0 fnt
|faint|p2a: Volbeat
|
|upkeep
|
|t:|1779619630
|switch|p2a: Hoopa|Hoopa-Unbound|100/100
|turn|14
|
|t:|1779619646
|move|p1a: Cinderace|High Jump Kick|p2a: Hoopa
|-damage|p2a: Hoopa|0 fnt
|faint|p2a: Hoopa
|
|win|prakshep
|raw|prakshep's rating: 1361 &rarr; <strong>1377</strong><br />(+16 for winning)
|raw|ekekdkdmdmwksl's rating: 1299 &rarr; <strong>1278</strong><br />(-21 for losing)
|l|‽ekekdkdmdmwksl
|player|p2|
|l|☆prakshep
|player|p1|
