|j|☆2PizzaMan8
|j|☆Jacksonstorm8
|t:|1779638330
|gametype|singles
|player|p1|2PizzaMan8|265|1036
|player|p2|Jacksonstorm8|gentleman-gen4dp|1000
|gen|9
|tier|[Gen 9] OU
|rated|
|rule|HP Percentage Mod: HP is shown in percentages
|rule|Endless Battle Clause: Forcing endless battles is banned
|rule|Species Clause: Limit one of each Pokémon
|rule|OHKO Clause: OHKO moves are banned
|rule|Evasion Items Clause: Evasion items are banned
|rule|Evasion Moves Clause: Evasion moves are banned
|rule|Evasion Abilities Clause: Evasion abilities are banned
|rule|Sleep Moves Clause: Sleep-inducing moves are banned
|clearpoke
|poke|p1|Pincurchin, F|
|poke|p1|Zoroark, M|
|poke|p1|Zamazenta-*|
|poke|p1|Glimmora, M|
|poke|p1|Deoxys-Speed|
|poke|p1|Regieleki|
|poke|p2|Polteageist|
|poke|p2|Gholdengo|
|poke|p2|Garganacl, F|
|poke|p2|Azumarill, M|
|poke|p2|Cloyster, F|
|poke|p2|Dragonite, M|
|teampreview
|inactive|Battle timer is ON: inactive players will automatically lose when time's up. (requested by 2PizzaMan8)
|inactive|Jacksonstorm8 has 120 seconds left.
|
|t:|1779638394
|teamsize|p1|6
|teamsize|p2|6
|start
|switch|p1a: Deoxys|Deoxys-Speed|100/100
|switch|p2a: Cloyster|Cloyster, F, shiny|100/100
|-ability|p1a: Deoxys|Pressure
|turn|1
|
|t:|1779638404
|move|p1a: Deoxys|Brick Break|p2a: Cloyster
|-supereffective|p2a: Cloyster
|-damage|p2a: Cloyster|79/100
|move|p2a: Cloyster|Shell Smash|p2a: Cloyster
|-unboost|p2a: Cloyster|def|1
|-unboost|p2a: Cloyster|spd|1
|-boost|p2a: Cloyster|atk|2
|-boost|p2a: Cloyster|spa|2
|-boost|p2a: Cloyster|spe|2
|-enditem|p2a: Cloyster|White Herb
|-clearnegativeboost|p2a: Cloyster|[silent]
|
|upkeep
|turn|2
|inactive|Jacksonstorm8 has 120 seconds left.
|
|t:|1779638456
|switch|p1a: Zamazenta|Zamazenta|100/100
|-ability|p1a: Zamazenta|Dauntless Shield|boost
|-boost|p1a: Zamazenta|def|1
|move|p2a: Cloyster|Shell Smash|p2a: Cloyster
|-unboost|p2a: Cloyster|def|1
|-unboost|p2a: Cloyster|spd|1
|-boost|p2a: Cloyster|atk|2
|-boost|p2a: Cloyster|spa|2
|-boost|p2a: Cloyster|spe|2
|
|upkeep
|turn|3
|inactive|Jacksonstorm8 has 90 seconds left.
|inactive|Jacksonstorm8 has 60 seconds left.
|
|t:|1779638512
|move|p2a: Cloyster|Icicle Spear|p1a: Zamazenta
|-damage|p1a: Zamazenta|86/100
|-damage|p1a: Zamazenta|70/100
|-damage|p1a: Zamazenta|56/100
|-damage|p1a: Zamazenta|41/100
|-damage|p1a: Zamazenta|26/100
|-hitcount|p1a: Zamazenta|5
|move|p1a: Zamazenta|Roar|p2a: Cloyster
|drag|p2a: Dragonite|Dragonite, M|100/100
|
|upkeep
|turn|4
|inactive|Jacksonstorm8 has 60 seconds left.
|inactive|Jacksonstorm8 has 30 seconds left.
|inactive|Jacksonstorm8 has 20 seconds left.
|
|t:|1779638557
|move|p1a: Zamazenta|Wild Charge|p2a: Dragonite
|-damage|p2a: Dragonite|75/100
|-damage|p1a: Zamazenta|19/100|[from] Recoil
|-damage|p1a: Zamazenta|9/100|[from] item: Life Orb
|move|p2a: Dragonite|Dragon Dance|p2a: Dragonite
|-boost|p2a: Dragonite|atk|1
|-boost|p2a: Dragonite|spe|1
|
|upkeep
|turn|5
|inactive|Jacksonstorm8 has 30 seconds left this turn.
|inactive|Jacksonstorm8 has 20 seconds left.
|inactive|Jacksonstorm8 has 15 seconds left.
|
|t:|1779638573
|move|p2a: Dragonite|Dragon Dance|p2a: Dragonite
|-boost|p2a: Dragonite|atk|1
|-boost|p2a: Dragonite|spe|1
|move|p1a: Zamazenta|Wild Charge|p2a: Dragonite
|-damage|p2a: Dragonite|21/100
|-enditem|p2a: Dragonite|Salac Berry|[eat]
|-boost|p2a: Dragonite|spe|1|[from] item: Salac Berry
|-damage|p1a: Zamazenta|0 fnt|[from] Recoil
|faint|p1a: Zamazenta
|
|upkeep
|inactive|2PizzaMan8 has 120 seconds left.
|inactive|2PizzaMan8 has 90 seconds left.
|
|t:|1779638640
|switch|p1a: Deoxys|Deoxys-Speed|100/100
|-ability|p1a: Deoxys|Pressure
|turn|6
|inactive|Jacksonstorm8 has 30 seconds left this turn.
|inactive|Jacksonstorm8 has 20 seconds left.
|
|t:|1779638651
|move|p2a: Dragonite|Earthquake|p1a: Deoxys
|-damage|p1a: Deoxys|19/100
|move|p1a: Deoxys|Reflect|p1a: Deoxys
|-sidestart|p1: 2PizzaMan8|Reflect
|
|upkeep
|turn|7
|inactive|Jacksonstorm8 has 30 seconds left this turn.
|inactive|Jacksonstorm8 has 20 seconds left.
|
|t:|1779638666
|move|p2a: Dragonite|Flamethrower|p1a: Deoxys
|-damage|p1a: Deoxys|0 fnt
|faint|p1a: Deoxys
|
|upkeep
|
|t:|1779638671
|switch|p1a: Regieleki|Regieleki|100/100
|turn|8
|inactive|Jacksonstorm8 has 30 seconds left.
|inactive|Jacksonstorm8 has 20 seconds left.
|
|t:|1779638690
|move|p2a: Dragonite|Earthquake|p1a: Regieleki
|-damage|p1a: Regieleki|42/100
|replace|p1a: Zoroark|Zoroark, M
|-end|p1a: Zoroark|Illusion
|move|p1a: Zoroark|Crunch|p2a: Dragonite
|-damage|p2a: Dragonite|0 fnt
|faint|p2a: Dragonite
|
|upkeep
|inactive|Jacksonstorm8 has 25 seconds left this turn.
|inactive|Jacksonstorm8 has 20 seconds left.
|inactive|Jacksonstorm8 has 15 seconds left.
|
|t:|1779638704
|switch|p2a: Azumarill|Azumarill, M|100/100
|turn|9
|inactive|Jacksonstorm8 has 25 seconds left this turn.
|
|t:|1779638712
|move|p1a: Zoroark|Crunch|p2a: Azumarill
|-resisted|p2a: Azumarill
|-damage|p2a: Azumarill|83/100
|move|p2a: Azumarill|Belly Drum|p2a: Azumarill
|-damage|p2a: Azumarill|33/100
|-setboost|p2a: Azumarill|atk|6|[from] move: Belly Drum
|-enditem|p2a: Azumarill|Sitrus Berry|[eat]
|-heal|p2a: Azumarill|58/100|[from] item: Sitrus Berry
|
|upkeep
|turn|10
|inactive|Jacksonstorm8 has 30 seconds left.
|
|t:|1779638721
|move|p2a: Azumarill|Aqua Jet|p1a: Zoroark
|-crit|p1a: Zoroark
|-damage|p1a: Zoroark|0 fnt
|faint|p1a: Zoroark
|
|upkeep
|
|t:|1779638729
|switch|p1a: Glimmora|Glimmora, M|100/100
|turn|11
|
|t:|1779638734
|move|p1a: Glimmora|Spiky Shield|p1a: Glimmora
|-singleturn|p1a: Glimmora|move: Protect
|move|p2a: Azumarill|Aqua Jet|p1a: Glimmora
|-activate|p1a: Glimmora|move: Protect
|-damage|p2a: Azumarill|46/100|[from] Spiky Shield|[of] p1a: Glimmora
|
|upkeep
|turn|12
|inactive|2PizzaMan8 has 120 seconds left.
|
|t:|1779638746
|move|p2a: Azumarill|Aqua Jet|p1a: Glimmora
|-supereffective|p1a: Glimmora
|-damage|p1a: Glimmora|0 fnt
|-activate|p1a: Glimmora|ability: Toxic Debris
|-sidestart|p2: Jacksonstorm8|move: Toxic Spikes
|faint|p1a: Glimmora
|
|upkeep
|inactive|2PizzaMan8 has 120 seconds left.
|
|t:|1779638754
|switch|p1a: Pincurchin|Pincurchin, F|100/100
|-fieldstart|move: Electric Terrain|[from] ability: Electric Surge|[of] p1a: Pincurchin
|turn|13
|
|t:|1779638758
|move|p2a: Azumarill|Aqua Jet|p1a: Pincurchin
|-damage|p1a: Pincurchin|43/100
|move|p1a: Pincurchin|Memento|p2a: Azumarill
|-unboost|p2a: Azumarill|atk|2
|-unboost|p2a: Azumarill|spa|2
|faint|p1a: Pincurchin
|
|-sideend|p1: 2PizzaMan8|Reflect
|upkeep
|c|☆Jacksonstorm8|so bad..
|
|t:|1779638768
|switch|p1a: Regieleki|Regieleki|100/100
|turn|14
|c|☆Jacksonstorm8|omg
|c|☆Jacksonstorm8|ohnoo
|c|☆Jacksonstorm8|jajajaja
|
|t:|1779638774
|-terastallize|p1a: Regieleki|Electric
|move|p2a: Azumarill|Aqua Jet|p1a: Regieleki
|-damage|p1a: Regieleki|0 fnt
|faint|p1a: Regieleki
|
|win|Jacksonstorm8
|raw|2PizzaMan8's rating: 1036 &rarr; <strong>1019</strong><br />(-17 for losing)
|raw|Jacksonstorm8's rating: 1000 &rarr; <strong>1044</strong><br />(+44 for winning)
|c|☆Jacksonstorm8|XDDDDDDDDDDDD
|c|☆Jacksonstorm8|AAA
|c|☆Jacksonstorm8|jAJAJAJ
|c|☆Jacksonstorm8|EZ
|c|☆2PizzaMan8|Gg bro
|c|☆Jacksonstorm8|gg
