|j|☆shelllmeet
|j|☆v1c7oryy
|inactive|Battle timer is ON: inactive players will automatically lose when time's up.
|t:|1779704584
|gametype|singles
|player|p1|shelllmeet|molayne|
|player|p2|v1c7oryy|2|
|gen|9
|tier|[Gen 9] OU
|rated|Tournament battle
|rule|HP Percentage Mod: HP is shown in percentages
|rule|Endless Battle Clause: Forcing endless battles is banned
|rule|Species Clause: Limit one of each Pokémon
|rule|OHKO Clause: OHKO moves are banned
|rule|Evasion Items Clause: Evasion items are banned
|rule|Evasion Moves Clause: Evasion moves are banned
|rule|Evasion Abilities Clause: Evasion abilities are banned
|rule|Sleep Moves Clause: Sleep-inducing moves are banned
|raw|<div class="infobox"><details class="readmore" open><summary><strong>1 custom rule:</strong></summary> -wobbuffet</details></div>
|clearpoke
|poke|p1|Magneton|
|poke|p1|Meowscarada, F|
|poke|p1|Haxorus, M|
|poke|p2|Cinccino, M|
|poke|p2|Yanmega, M|
|poke|p2|Rockruff, M|
|teampreview
|j|*Lady Monita 
|
|t:|1779704606
|teamsize|p1|3
|teamsize|p2|3
|start
|switch|p1a: Magneton|Magneton|100/100
|switch|p2a: Cinccino|Cinccino, M|100/100
|turn|1
|inactive|v1c7oryy has 120 seconds left.
|
|t:|1779704645
|switch|p2a: Yanmega|Yanmega, M|100/100
|move|p1a: Magneton|Thunder Wave|p2a: Yanmega
|-status|p2a: Yanmega|par
|
|upkeep
|turn|2
|inactive|v1c7oryy has 120 seconds left.
|
|t:|1779704657
|move|p1a: Magneton|Volt Switch|p2a: Yanmega
|-supereffective|p2a: Yanmega
|-damage|p2a: Yanmega|0 fnt
|faint|p2a: Yanmega
|
|t:|1779704663
|switch|p1a: Meowscarada|Meowscarada, F|100/100|[from] Volt Switch
|
|upkeep
|inactive|v1c7oryy has 120 seconds left.
|
|t:|1779704670
|switch|p2a: Rockruff|Rockruff, M|100/100
|turn|3
|
|t:|1779704678
|move|p1a: Meowscarada|Flower Trick|p2a: Rockruff
|-start|p1a: Meowscarada|typechange|Grass|[from] ability: Protean
|-supereffective|p2a: Rockruff
|-crit|p2a: Rockruff
|-enditem|p2a: Rockruff|Focus Sash
|-damage|p2a: Rockruff|1/100
|move|p2a: Rockruff|Endeavor|p1a: Meowscarada
|-damage|p1a: Meowscarada|1/100
|
|upkeep
|turn|4
|
|t:|1779704690
|move|p2a: Rockruff|Sucker Punch|p1a: Meowscarada
|-damage|p1a: Meowscarada|0 fnt
|faint|p1a: Meowscarada
|
|upkeep
|
|t:|1779704693
|switch|p1a: Haxorus|Haxorus, M|100/100
|-ability|p1a: Haxorus|Mold Breaker
|turn|5
|
|t:|1779704698
|-terastallize|p1a: Haxorus|Dragon
|move|p1a: Haxorus|Outrage|p2a: Rockruff
|-damage|p2a: Rockruff|0 fnt
|faint|p2a: Rockruff
|
|upkeep
|
|t:|1779704707
|switch|p2a: Cinccino|Cinccino, M|100/100
|turn|6
|
|t:|1779704712
|move|p2a: Cinccino|Triple Axel|p1a: Haxorus
|-supereffective|p1a: Haxorus
|-damage|p1a: Haxorus|78/100
|-supereffective|p1a: Haxorus
|-damage|p1a: Haxorus|34/100
|-supereffective|p1a: Haxorus
|-damage|p1a: Haxorus|0 fnt
|faint|p1a: Haxorus
|-hitcount|p1: Haxorus|3
|
|upkeep
|
|t:|1779704718
|switch|p1a: Magneton|Magneton|100/100
|turn|7
|
|t:|1779704729
|move|p2a: Cinccino|Tail Slap|p1a: Magneton
|-resisted|p1a: Magneton
|-damage|p1a: Magneton|94/100
|-resisted|p1a: Magneton
|-damage|p1a: Magneton|88/100
|-resisted|p1a: Magneton
|-damage|p1a: Magneton|82/100
|-resisted|p1a: Magneton
|-damage|p1a: Magneton|75/100
|-hitcount|p1a: Magneton|4
|move|p1a: Magneton|Thunder Wave|p2a: Cinccino|[miss]
|-miss|p1a: Magneton|p2a: Cinccino
|
|upkeep
|turn|8
|
|t:|1779704738
|move|p2a: Cinccino|Tail Slap|p1a: Magneton
|-resisted|p1a: Magneton
|-damage|p1a: Magneton|68/100
|-resisted|p1a: Magneton
|-damage|p1a: Magneton|62/100
|-resisted|p1a: Magneton
|-damage|p1a: Magneton|55/100
|-resisted|p1a: Magneton
|-damage|p1a: Magneton|50/100
|-resisted|p1a: Magneton
|-damage|p1a: Magneton|44/100
|-hitcount|p1a: Magneton|5
|move|p1a: Magneton|Thunder Wave|p2a: Cinccino
|-status|p2a: Cinccino|par
|
|upkeep
|turn|9
|
|t:|1779704750
|move|p2a: Cinccino|Tail Slap|p1a: Magneton
|-resisted|p1a: Magneton
|-damage|p1a: Magneton|37/100
|-resisted|p1a: Magneton
|-damage|p1a: Magneton|32/100
|-resisted|p1a: Magneton
|-damage|p1a: Magneton|25/100
|-resisted|p1a: Magneton
|-damage|p1a: Magneton|19/100
|-hitcount|p1a: Magneton|4
|move|p1a: Magneton|Thunderbolt|p2a: Cinccino
|-damage|p2a: Cinccino|17/100 par
|
|upkeep
|turn|10
|
|t:|1779704760
|move|p2a: Cinccino|Tail Slap|p1a: Magneton
|-resisted|p1a: Magneton
|-damage|p1a: Magneton|13/100
|-resisted|p1a: Magneton
|-damage|p1a: Magneton|6/100
|-resisted|p1a: Magneton
|-damage|p1a: Magneton|0 fnt
|faint|p1a: Magneton
|-hitcount|p1: Magneton|3
|
|win|v1c7oryy
|n|☆shelllmeet|shelllmeet
|n|☆v1c7oryy|v1c7oryy
|n|*Lady Monita |ladymonita
