|badge|p2|silver|gen9ubers|30-9
|uhtml|medal-msg|<div class="broadcast-blue">Curious what those medals under the avatar are? PS now has Ladder Seasons! For more information, check out the <a href="https://www.smogon.com/forums/threads/3740067/">thread on Smogon.</a></div>
|j|☆jojosworld
|j|☆Thajester
|t:|1779652209
|gametype|singles
|player|p1|jojosworld|bellelba|1551
|player|p2|Thajester|1|1670
|gen|9
|tier|[Gen 9] OU
|rated|
|rule|HP Percentage Mod: HP is shown in percentages
|rule|Endless Battle Clause: Forcing endless battles is banned
|rule|Species Clause: Limit one of each Pokémon
|rule|OHKO Clause: OHKO moves are banned
|rule|Evasion Items Clause: Evasion items are banned
|rule|Evasion Moves Clause: Evasion moves are banned
|rule|Evasion Abilities Clause: Evasion abilities are banned
|rule|Sleep Moves Clause: Sleep-inducing moves are banned
|clearpoke
|poke|p1|Corviknight, F|
|poke|p1|Alomomola, F|
|poke|p1|Lokix, F|
|poke|p1|Slowking-Galar, F|
|poke|p1|Dragapult, F|
|poke|p1|Fezandipiti, M|
|poke|p2|Samurott-Hisui, M|
|poke|p2|Slowking-Galar, M|
|poke|p2|Landorus-Therian, M|
|poke|p2|Kyurem|
|poke|p2|Gholdengo|
|poke|p2|Zamazenta-*|
|teampreview
|inactive|Battle timer is ON: inactive players will automatically lose when time's up. (requested by jojosworld)
|
|t:|1779652217
|teamsize|p1|6
|teamsize|p2|6
|start
|switch|p1a: Fezandipiti|Fezandipiti, M|100/100
|switch|p2a: Samurott|Samurott-Hisui, M|100/100
|turn|1
|
|t:|1779652223
|switch|p2a: Landorus|Landorus-Therian, M|100/100
|-ability|p2a: Landorus|Intimidate|boost
|-unboost|p1a: Fezandipiti|atk|1
|move|p1a: Fezandipiti|Beat Up|p2a: Landorus
|-damage|p2a: Landorus|98/100
|-damage|p2a: Landorus|96/100
|-damage|p2a: Landorus|94/100
|-damage|p2a: Landorus|92/100
|-damage|p2a: Landorus|89/100
|-status|p2a: Landorus|tox|[from] ability: Toxic Chain|[of] p1a: Fezandipiti
|-damage|p2a: Landorus|87/100 tox
|-hitcount|p2a: Landorus|6
|
|-damage|p2a: Landorus|81/100 tox|[from] psn
|upkeep
|turn|2
|
|t:|1779652237
|switch|p1a: Corviknight|Corviknight, F, shiny|100/100
|-ability|p1a: Corviknight|Pressure
|move|p2a: Landorus|Stealth Rock|p1a: Corviknight
|-sidestart|p1: jojosworld|move: Stealth Rock
|
|-damage|p2a: Landorus|68/100 tox|[from] psn
|upkeep
|turn|3
|inactive|Thajester has 120 seconds left.
|inactive|Thajester has 90 seconds left.
|
|t:|1779652316
|switch|p2a: Gholdengo|Gholdengo|100/100
|move|p1a: Corviknight|Defog|p2a: Gholdengo
|-immune|p2a: Gholdengo|[from] ability: Good as Gold
|
|upkeep
|turn|4
|
|t:|1779652325
|move|p2a: Gholdengo|Shadow Ball|p1a: Corviknight
|-damage|p1a: Corviknight|57/100
|move|p1a: Corviknight|U-turn|p2a: Gholdengo
|-resisted|p2a: Gholdengo
|-damage|p2a: Gholdengo|97/100
|
|t:|1779652334
|switch|p1a: Alomomola|Alomomola, F, shiny|100/100|[from] U-turn
|
|upkeep
|turn|5
|
|t:|1779652337
|switch|p2a: Samurott|Samurott-Hisui, M|100/100
|move|p1a: Alomomola|Flip Turn|p2a: Samurott
|-resisted|p2a: Samurott
|-damage|p2a: Samurott|93/100
|
|t:|1779652352
|switch|p1a: Fezandipiti|Fezandipiti, M|100/100|[from] Flip Turn
|
|upkeep
|turn|6
|inactive|Thajester has 90 seconds left.
|
|t:|1779652390
|move|p1a: Fezandipiti|Play Rough|p2a: Samurott
|-supereffective|p2a: Samurott
|-damage|p2a: Samurott|19/100
|-status|p2a: Samurott|tox|[from] ability: Toxic Chain|[of] p1a: Fezandipiti
|move|p2a: Samurott|Ceaseless Edge|p1a: Fezandipiti
|-resisted|p1a: Fezandipiti
|-damage|p1a: Fezandipiti|79/100
|-sidestart|p1: jojosworld|Spikes
|
|-damage|p2a: Samurott|13/100 tox|[from] psn
|upkeep
|turn|7
|
|t:|1779652398
|move|p2a: Samurott|Aqua Jet|p1a: Fezandipiti
|-damage|p1a: Fezandipiti|60/100
|move|p1a: Fezandipiti|Roost|p1a: Fezandipiti
|-heal|p1a: Fezandipiti|100/100
|-singleturn|p1a: Fezandipiti|move: Roost
|
|-damage|p2a: Samurott|0 fnt|[from] psn
|faint|p2a: Samurott
|upkeep
|inactive|Thajester has 60 seconds left.
|
|t:|1779652433
|switch|p2a: Landorus|Landorus-Therian, M|68/100 tox
|-ability|p2a: Landorus|Intimidate|boost
|-unboost|p1a: Fezandipiti|atk|1
|turn|8
|inactive|Thajester has 60 seconds left.
|
|t:|1779652461
|switch|p1a: Alomomola|Alomomola, F, shiny|100/100
|move|p2a: Landorus|U-turn|p1a: Alomomola
|-damage|p1a: Alomomola|83/100
|
|t:|1779652464
|switch|p2a: Kyurem|Kyurem|100/100|[from] U-turn
|-ability|p2a: Kyurem|Pressure
|
|upkeep
|turn|9
|
|t:|1779652467
|move|p1a: Alomomola|Protect|p1a: Alomomola
|-singleturn|p1a: Alomomola|Protect
|move|p2a: Kyurem|Freeze-Dry|p1a: Alomomola
|-activate|p1a: Alomomola|move: Protect
|
|upkeep
|turn|10
|
|t:|1779652470
|switch|p1a: Slowking|Slowking-Galar, F, shiny|100/100
|move|p2a: Kyurem|Substitute|p2a: Kyurem
|-start|p2a: Kyurem|Substitute
|-damage|p2a: Kyurem|76/100
|
|-heal|p2a: Kyurem|82/100|[from] item: Leftovers
|upkeep
|turn|11
|
|t:|1779652474
|-terastallize|p2a: Kyurem|Ground
|move|p2a: Kyurem|Earth Power|p1a: Slowking
|-supereffective|p1a: Slowking
|-damage|p1a: Slowking|48/100
|move|p1a: Slowking|Psychic Noise|p2a: Kyurem
|-damage|p2a: Kyurem|56/100
|-start|p2a: Kyurem|move: Heal Block
|
|upkeep
|turn|12
|
|t:|1779652489
|switch|p1a: Lokix|Lokix, F, shiny|100/100
|-damage|p1a: Lokix|76/100|[from] Stealth Rock
|-damage|p1a: Lokix|63/100|[from] Spikes
|move|p2a: Kyurem|Freeze-Dry|p1a: Lokix
|-damage|p1a: Lokix|0 fnt
|faint|p1a: Lokix
|
|-end|p2a: Kyurem|move: Heal Block
|upkeep
|
|t:|1779652492
|switch|p1a: Slowking|Slowking-Galar, F, shiny|81/100
|turn|13
|inactive|Thajester has 90 seconds left.
|
|t:|1779652497
|move|p2a: Kyurem|Earth Power|p1a: Slowking
|-supereffective|p1a: Slowking
|-damage|p1a: Slowking|31/100
|move|p1a: Slowking|Psychic Noise|p2a: Kyurem
|-damage|p2a: Kyurem|29/100
|-start|p2a: Kyurem|move: Heal Block
|
|upkeep
|turn|14
|
|t:|1779652504
|move|p2a: Kyurem|Earth Power|p1a: Slowking
|-supereffective|p1a: Slowking
|-damage|p1a: Slowking|0 fnt
|faint|p1a: Slowking
|
|-end|p2a: Kyurem|move: Heal Block
|upkeep
|
|t:|1779652506
|switch|p1a: Dragapult|Dragapult, F, shiny|100/100
|turn|15
|
|t:|1779652509
|move|p1a: Dragapult|Dragon Darts|p2a: Kyurem
|-crit|p2a: Kyurem
|-damage|p2a: Kyurem|0 fnt
|faint|p2a: Kyurem
|
|upkeep
|
|t:|1779652513
|switch|p2a: Gholdengo|Gholdengo|97/100
|turn|16
|
|t:|1779652516
|switch|p1a: Alomomola|Alomomola, F, shiny|100/100
|move|p2a: Gholdengo|Shadow Ball|p1a: Alomomola
|-damage|p1a: Alomomola|69/100
|
|upkeep
|turn|17
|
|t:|1779652520
|switch|p2a: Slowking|Slowking-Galar, M|100/100
|move|p1a: Alomomola|Flip Turn|p2a: Slowking
|-damage|p2a: Slowking|85/100
|
|t:|1779652532
|switch|p1a: Dragapult|Dragapult, F, shiny|100/100|[from] Flip Turn
|
|upkeep
|turn|18
|
|t:|1779652537
|move|p1a: Dragapult|U-turn|p2a: Slowking
|-damage|p2a: Slowking|64/100
|
|t:|1779652538
|switch|p1a: Alomomola|Alomomola, F, shiny|100/100|[from] U-turn
|-prepare|p2a: Slowking|Chilly Reception|[premajor]
|move|p2a: Slowking|Chilly Reception|p2a: Slowking
|-weather|Snowscape
|
|t:|1779652543
|switch|p2a: Gholdengo|Gholdengo|97/100|[from] Chilly Reception
|
|-weather|Snowscape|[upkeep]
|upkeep
|turn|19
|
|t:|1779652545
|move|p1a: Alomomola|Protect|p1a: Alomomola
|-singleturn|p1a: Alomomola|Protect
|move|p2a: Gholdengo|Trick|p1a: Alomomola
|-activate|p1a: Alomomola|move: Protect
|
|-weather|Snowscape|[upkeep]
|upkeep
|turn|20
|
|t:|1779652555
|switch|p2a: Landorus|Landorus-Therian, M|68/100 tox
|-ability|p2a: Landorus|Intimidate|boost
|-unboost|p1a: Alomomola|atk|1
|switch|p1a: Fezandipiti|Fezandipiti, M|100/100
|
|-weather|Snowscape|[upkeep]
|-damage|p2a: Landorus|62/100 tox|[from] psn
|upkeep
|turn|21
|inactive|Thajester has 120 seconds left.
|inactive|jojosworld has 120 seconds left.
|inactive|Thajester has 90 seconds left.
|
|t:|1779652633
|switch|p1a: Alomomola|Alomomola, F, shiny|100/100
|move|p2a: Landorus|U-turn|p1a: Alomomola
|-damage|p1a: Alomomola|85/100
|
|t:|1779652641
|switch|p2a: Zamazenta|Zamazenta|100/100|[from] U-turn
|-ability|p2a: Zamazenta|Dauntless Shield|boost
|-boost|p2a: Zamazenta|def|1
|
|-weather|Snowscape|[upkeep]
|upkeep
|turn|22
|
|t:|1779652655
|move|p2a: Zamazenta|Iron Defense|p2a: Zamazenta
|-boost|p2a: Zamazenta|def|2
|move|p1a: Alomomola|Scald|p2a: Zamazenta
|-damage|p2a: Zamazenta|90/100
|-status|p2a: Zamazenta|brn
|
|-weather|none
|-heal|p2a: Zamazenta|96/100 brn|[from] item: Leftovers
|-damage|p2a: Zamazenta|90/100 brn|[from] brn
|upkeep
|turn|23
|inactive|Thajester has 90 seconds left.
|
|t:|1779652663
|move|p2a: Zamazenta|Iron Defense|p2a: Zamazenta
|-boost|p2a: Zamazenta|def|2
|move|p1a: Alomomola|Wish|p1a: Alomomola
|
|-heal|p2a: Zamazenta|96/100 brn|[from] item: Leftovers
|-damage|p2a: Zamazenta|90/100 brn|[from] brn
|upkeep
|turn|24
|
|t:|1779652668
|move|p1a: Alomomola|Flip Turn|p2a: Zamazenta
|-damage|p2a: Zamazenta|86/100 brn
|
|t:|1779652672
|switch|p1a: Fezandipiti|Fezandipiti, M|100/100|[from] Flip Turn
|move|p2a: Zamazenta|Roar|p1a: Fezandipiti
|drag|p1a: Alomomola|Alomomola, F, shiny|100/100
|
|-heal|p2a: Zamazenta|92/100 brn|[from] item: Leftovers
|-damage|p2a: Zamazenta|86/100 brn|[from] brn
|upkeep
|turn|25
|
|t:|1779652676
|move|p2a: Zamazenta|Iron Defense|p2a: Zamazenta
|-boost|p2a: Zamazenta|def|1
|move|p1a: Alomomola|Wish|p1a: Alomomola
|
|-heal|p2a: Zamazenta|92/100 brn|[from] item: Leftovers
|-damage|p2a: Zamazenta|86/100 brn|[from] brn
|upkeep
|turn|26
|
|t:|1779652679
|move|p1a: Alomomola|Flip Turn|p2a: Zamazenta
|-damage|p2a: Zamazenta|83/100 brn
|
|t:|1779652681
|switch|p1a: Dragapult|Dragapult, F, shiny|100/100|[from] Flip Turn
|move|p2a: Zamazenta|Roar|p1a: Dragapult
|drag|p1a: Alomomola|Alomomola, F, shiny|100/100
|
|-heal|p2a: Zamazenta|89/100 brn|[from] item: Leftovers
|-damage|p2a: Zamazenta|83/100 brn|[from] brn
|upkeep
|turn|27
|
|t:|1779652688
|move|p2a: Zamazenta|Body Press|p1a: Alomomola
|-damage|p1a: Alomomola|52/100
|move|p1a: Alomomola|Wish|p1a: Alomomola
|
|-heal|p2a: Zamazenta|89/100 brn|[from] item: Leftovers
|-damage|p2a: Zamazenta|83/100 brn|[from] brn
|upkeep
|turn|28
|
|t:|1779652695
|move|p2a: Zamazenta|Body Press|p1a: Alomomola
|-damage|p1a: Alomomola|0 fnt
|faint|p1a: Alomomola
|
|-heal|p2a: Zamazenta|89/100 brn|[from] item: Leftovers
|-damage|p2a: Zamazenta|83/100 brn|[from] brn
|upkeep
|
|t:|1779652697
|switch|p1a: Dragapult|Dragapult, F, shiny|100/100
|turn|29
|
|t:|1779652705
|-terastallize|p1a: Dragapult|Ghost
|move|p1a: Dragapult|Hex|p2a: Zamazenta
|-damage|p2a: Zamazenta|22/100 brn
|move|p2a: Zamazenta|Roar|p1a: Dragapult
|drag|p1a: Fezandipiti|Fezandipiti, M|100/100
|
|-heal|p2a: Zamazenta|29/100 brn|[from] item: Leftovers
|-damage|p2a: Zamazenta|22/100 brn|[from] brn
|upkeep
|turn|30
|
|t:|1779652716
|move|p2a: Zamazenta|Body Press|p1a: Fezandipiti
|-resisted|p1a: Fezandipiti
|-damage|p1a: Fezandipiti|84/100
|move|p1a: Fezandipiti|U-turn|p2a: Zamazenta
|-resisted|p2a: Zamazenta
|-damage|p2a: Zamazenta|21/100 brn
|
|t:|1779652720
|switch|p1a: Dragapult|Dragapult, F, shiny, tera:Ghost|100/100|[from] U-turn
|
|-heal|p2a: Zamazenta|27/100 brn|[from] item: Leftovers
|-damage|p2a: Zamazenta|21/100 brn|[from] brn
|upkeep
|turn|31
|
|t:|1779652722
|move|p1a: Dragapult|Hex|p2a: Zamazenta
|-damage|p2a: Zamazenta|0 fnt
|faint|p2a: Zamazenta
|
|upkeep
|
|t:|1779652724
|switch|p2a: Gholdengo|Gholdengo|97/100
|turn|32
|
|t:|1779652728
|switch|p1a: Corviknight|Corviknight, F, shiny|57/100
|-damage|p1a: Corviknight|45/100|[from] Stealth Rock
|-ability|p1a: Corviknight|Pressure
|move|p2a: Gholdengo|Shadow Ball|p1a: Corviknight
|-damage|p1a: Corviknight|4/100
|
|upkeep
|turn|33
|
|t:|1779652732
|move|p2a: Gholdengo|Shadow Ball|p1a: Corviknight
|-damage|p1a: Corviknight|0 fnt
|faint|p1a: Corviknight
|
|upkeep
|
|t:|1779652734
|switch|p1a: Fezandipiti|Fezandipiti, M|84/100
|turn|34
|
|t:|1779652745
|switch|p2a: Slowking|Slowking-Galar, M|98/100
|move|p1a: Fezandipiti|U-turn|p2a: Slowking
|-damage|p2a: Slowking|78/100
|
|t:|1779652747
|switch|p1a: Dragapult|Dragapult, F, shiny, tera:Ghost|100/100|[from] U-turn
|
|upkeep
|turn|35
|
|t:|1779652757
|move|p1a: Dragapult|Will-O-Wisp|p2a: Slowking
|-status|p2a: Slowking|brn
|move|p2a: Slowking|Psyshock|p1a: Dragapult
|-damage|p1a: Dragapult|63/100
|
|-damage|p2a: Slowking|72/100 brn|[from] brn
|upkeep
|turn|36
|
|t:|1779652765
|move|p1a: Dragapult|Hex|p2a: Slowking
|-supereffective|p2a: Slowking
|-damage|p2a: Slowking|0 fnt
|faint|p2a: Slowking
|
|upkeep
|
|t:|1779652768
|switch|p2a: Gholdengo|Gholdengo|97/100
|turn|37
|
|t:|1779652775
|switch|p1a: Fezandipiti|Fezandipiti, M|84/100
|move|p2a: Gholdengo|Make It Rain|p1a: Fezandipiti
|-supereffective|p1a: Fezandipiti
|-damage|p1a: Fezandipiti|2/100
|-unboost|p2a: Gholdengo|spa|1
|
|upkeep
|turn|38
|
|t:|1779652782
|move|p2a: Gholdengo|Make It Rain|p1a: Fezandipiti
|-supereffective|p1a: Fezandipiti
|-damage|p1a: Fezandipiti|0 fnt
|-unboost|p2a: Gholdengo|spa|1
|faint|p1a: Fezandipiti
|
|upkeep
|
|t:|1779652783
|switch|p1a: Dragapult|Dragapult, F, shiny, tera:Ghost|63/100
|turn|39
|
|t:|1779652784
|switch|p2a: Landorus|Landorus-Therian, M|62/100 tox
|-ability|p2a: Landorus|Intimidate|boost
|-unboost|p1a: Dragapult|atk|1
|move|p1a: Dragapult|Hex|p2a: Landorus
|-damage|p2a: Landorus|0 fnt
|faint|p2a: Landorus
|
|upkeep
|
|t:|1779652787
|switch|p2a: Gholdengo|Gholdengo|97/100
|turn|40
|
|t:|1779652789
|move|p2a: Gholdengo|Shadow Ball|p1a: Dragapult
|-supereffective|p1a: Dragapult
|-damage|p1a: Dragapult|0 fnt
|faint|p1a: Dragapult
|
|win|Thajester
|raw|jojosworld's rating: 1551 &rarr; <strong>1538</strong><br />(-13 for losing)
|raw|Thajester's rating: 1670 &rarr; <strong>1683</strong><br />(+13 for winning)
|l|☆jojosworld
|player|p1|
