|j|☆yeroVH
|j|☆ZA.122
|t:|1779643963
|gametype|singles
|player|p1|yeroVH|hilbert|1200
|player|p2|ZA.122|169|1232
|gen|9
|tier|[Gen 9] OU
|rated|
|rule|HP Percentage Mod: HP is shown in percentages
|rule|Endless Battle Clause: Forcing endless battles is banned
|rule|Species Clause: Limit one of each Pokémon
|rule|OHKO Clause: OHKO moves are banned
|rule|Evasion Items Clause: Evasion items are banned
|rule|Evasion Moves Clause: Evasion moves are banned
|rule|Evasion Abilities Clause: Evasion abilities are banned
|rule|Sleep Moves Clause: Sleep-inducing moves are banned
|clearpoke
|poke|p1|Torkoal, M|
|poke|p1|Camerupt, M|
|poke|p1|Metagross|
|poke|p1|Venusaur, F|
|poke|p1|Shiftry, M|
|poke|p1|Whimsicott, F|
|poke|p2|Tyranitar, F|
|poke|p2|Gholdengo|
|poke|p2|Excadrill, F|
|poke|p2|Basculegion, M|
|poke|p2|Incineroar, M|
|poke|p2|Kingambit, M|
|teampreview
|
|t:|1779643982
|teamsize|p1|6
|teamsize|p2|6
|start
|switch|p1a: Torkoal|Torkoal, M|100/100
|switch|p2a: Incineroar|Incineroar, M|100/100
|-ability|p2a: Incineroar|Intimidate|boost
|-unboost|p1a: Torkoal|atk|1
|-weather|SunnyDay|[from] ability: Drought|[of] p1a: Torkoal
|turn|1
|
|t:|1779644001
|move|p2a: Incineroar|Knock Off|p1a: Torkoal
|-damage|p1a: Torkoal|67/100
|-enditem|p1a: Torkoal|Heat Rock|[from] move: Knock Off|[of] p2a: Incineroar
|move|p1a: Torkoal|Earth Power|p2a: Incineroar
|-supereffective|p2a: Incineroar
|-damage|p2a: Incineroar|63/100
|
|-weather|SunnyDay|[upkeep]
|upkeep
|turn|2
|
|t:|1779644017
|switch|p2a: Tyranitar|Tyranitar, F|100/100
|-weather|Sandstorm|[from] ability: Sand Stream|[of] p2a: Tyranitar
|switch|p1a: Venusaur|Venusaur, F|100/100
|
|-weather|Sandstorm|[upkeep]
|-damage|p1a: Venusaur|94/100|[from] Sandstorm
|upkeep
|turn|3
|
|t:|1779644028
|move|p1a: Venusaur|Giga Drain|p2a: Tyranitar
|-supereffective|p2a: Tyranitar
|-damage|p2a: Tyranitar|56/100
|-heal|p1a: Venusaur|100/100|[from] drain|[of] p2a: Tyranitar
|-damage|p1a: Venusaur|91/100|[from] item: Life Orb
|move|p2a: Tyranitar|Thunder Wave|p1a: Venusaur
|-status|p1a: Venusaur|par
|
|-weather|Sandstorm|[upkeep]
|-damage|p1a: Venusaur|85/100 par|[from] Sandstorm
|upkeep
|turn|4
|
|t:|1779644038
|move|p2a: Tyranitar|Knock Off|p1a: Venusaur
|-damage|p1a: Venusaur|37/100 par
|-enditem|p1a: Venusaur|Life Orb|[from] move: Knock Off|[of] p2a: Tyranitar
|move|p1a: Venusaur|Leech Seed|p2a: Tyranitar
|-start|p2a: Tyranitar|move: Leech Seed
|
|-weather|Sandstorm|[upkeep]
|-damage|p1a: Venusaur|30/100 par|[from] Sandstorm
|-damage|p2a: Tyranitar|44/100|[from] Leech Seed|[of] p1a: Venusaur
|-heal|p1a: Venusaur|45/100 par|[silent]
|upkeep
|turn|5
|
|t:|1779644048
|switch|p2a: Incineroar|Incineroar, M|63/100
|-ability|p2a: Incineroar|Intimidate|boost
|-unboost|p1a: Venusaur|atk|1
|switch|p1a: Torkoal|Torkoal, M|67/100
|-weather|SunnyDay|[from] ability: Drought|[of] p1a: Torkoal
|
|-weather|SunnyDay|[upkeep]
|upkeep
|turn|6
|
|t:|1779644064
|move|p2a: Incineroar|Knock Off|p1a: Torkoal
|-damage|p1a: Torkoal|44/100
|move|p1a: Torkoal|Earth Power|p2a: Incineroar
|-supereffective|p2a: Incineroar
|-damage|p2a: Incineroar|25/100
|
|-weather|SunnyDay|[upkeep]
|upkeep
|turn|7
|
|t:|1779644087
|switch|p1a: Whimsicott|Whimsicott, F, shiny|100/100
|move|p2a: Incineroar|Parting Shot|p1a: Whimsicott
|-unboost|p1a: Whimsicott|atk|1
|-unboost|p1a: Whimsicott|spa|1
|
|t:|1779644093
|switch|p2a: Tyranitar|Tyranitar, F|44/100|[from] Parting Shot
|-weather|Sandstorm|[from] ability: Sand Stream|[of] p2a: Tyranitar
|
|-weather|Sandstorm|[upkeep]
|-damage|p1a: Whimsicott|94/100|[from] Sandstorm
|upkeep
|turn|8
|
|t:|1779644102
|move|p1a: Whimsicott|Moonblast|p2a: Tyranitar
|-supereffective|p2a: Tyranitar
|-damage|p2a: Tyranitar|13/100
|-unboost|p2a: Tyranitar|spa|1
|move|p2a: Tyranitar|Taunt|p1a: Whimsicott
|-start|p1a: Whimsicott|move: Taunt
|
|-weather|Sandstorm|[upkeep]
|-damage|p1a: Whimsicott|88/100|[from] Sandstorm
|upkeep
|turn|9
|
|t:|1779644107
|switch|p2a: Excadrill|Excadrill, F|100/100
|move|p1a: Whimsicott|Moonblast|p2a: Excadrill
|-resisted|p2a: Excadrill
|-damage|p2a: Excadrill|78/100
|-unboost|p2a: Excadrill|spa|1
|
|-weather|Sandstorm|[upkeep]
|-damage|p1a: Whimsicott|82/100|[from] Sandstorm
|upkeep
|turn|10
|
|t:|1779644131
|switch|p1a: Venusaur|Venusaur, F|45/100 par
|move|p2a: Excadrill|Earthquake|p1a: Venusaur
|-damage|p1a: Venusaur|0 fnt
|faint|p1a: Venusaur
|-damage|p2a: Excadrill|68/100|[from] item: Life Orb
|
|-weather|Sandstorm|[upkeep]
|upkeep
|
|t:|1779644141
|switch|p1a: Torkoal|Torkoal, M|44/100
|-weather|SunnyDay|[from] ability: Drought|[of] p1a: Torkoal
|turn|11
|
|t:|1779644154
|switch|p2a: Incineroar|Incineroar, M|25/100
|-ability|p2a: Incineroar|Intimidate|boost
|-unboost|p1a: Torkoal|atk|1
|switch|p1a: Shiftry|Shiftry, M|100/100
|
|-weather|SunnyDay|[upkeep]
|upkeep
|turn|12
|
|t:|1779644168
|move|p2a: Incineroar|Fake Out|p1a: Shiftry
|-damage|p1a: Shiftry|85/100
|cant|p1a: Shiftry|flinch
|
|-weather|SunnyDay|[upkeep]
|upkeep
|turn|13
|
|t:|1779644171
|move|p1a: Shiftry|Knock Off|p2a: Incineroar
|-resisted|p2a: Incineroar
|-crit|p2a: Incineroar
|-damage|p2a: Incineroar|0 fnt
|-enditem|p2a: Incineroar|Heavy-Duty Boots|[from] move: Knock Off|[of] p1a: Shiftry
|faint|p2a: Incineroar
|
|-weather|SunnyDay|[upkeep]
|upkeep
|
|t:|1779644174
|switch|p2a: Tyranitar|Tyranitar, F|13/100
|-weather|Sandstorm|[from] ability: Sand Stream|[of] p2a: Tyranitar
|turn|14
|
|t:|1779644186
|switch|p2a: Gholdengo|Gholdengo|100/100
|move|p1a: Shiftry|Knock Off|p2a: Gholdengo
|-supereffective|p2a: Gholdengo
|-damage|p2a: Gholdengo|0 fnt
|-enditem|p2a: Gholdengo|Choice Scarf|[from] move: Knock Off|[of] p1a: Shiftry
|faint|p2a: Gholdengo
|
|-weather|Sandstorm|[upkeep]
|-damage|p1a: Shiftry|79/100|[from] Sandstorm
|upkeep
|
|t:|1779644190
|switch|p2a: Excadrill|Excadrill, F|68/100
|turn|15
|
|t:|1779644216
|switch|p1a: Whimsicott|Whimsicott, F, shiny|82/100
|move|p2a: Excadrill|Earthquake|p1a: Whimsicott
|-resisted|p1a: Whimsicott
|-damage|p1a: Whimsicott|28/100
|-damage|p2a: Excadrill|58/100|[from] item: Life Orb
|
|-weather|Sandstorm|[upkeep]
|-damage|p1a: Whimsicott|22/100|[from] Sandstorm
|upkeep
|turn|16
|
|t:|1779644223
|move|p1a: Whimsicott|Tailwind|p1a: Whimsicott
|-sidestart|p1: yeroVH|move: Tailwind
|move|p2a: Excadrill|Iron Head|p1a: Whimsicott
|-supereffective|p1a: Whimsicott
|-damage|p1a: Whimsicott|0 fnt
|faint|p1a: Whimsicott
|-damage|p2a: Excadrill|48/100|[from] item: Life Orb
|
|-weather|Sandstorm|[upkeep]
|upkeep
|
|t:|1779644225
|switch|p1a: Shiftry|Shiftry, M|79/100
|-ability|p1a: Shiftry|Wind Rider|boost
|-boost|p1a: Shiftry|atk|1
|turn|17
|
|t:|1779644232
|switch|p2a: Tyranitar|Tyranitar, F|13/100
|move|p1a: Shiftry|Knock Off|p2a: Tyranitar
|-resisted|p2a: Tyranitar
|-damage|p2a: Tyranitar|0 fnt
|-enditem|p2a: Tyranitar|Smooth Rock|[from] move: Knock Off|[of] p1a: Shiftry
|faint|p2a: Tyranitar
|
|-weather|Sandstorm|[upkeep]
|-damage|p1a: Shiftry|73/100|[from] Sandstorm
|upkeep
|
|t:|1779644238
|switch|p2a: Excadrill|Excadrill, F|48/100
|turn|18
|
|t:|1779644247
|move|p2a: Excadrill|Earthquake|p1a: Shiftry
|-resisted|p1a: Shiftry
|-damage|p1a: Shiftry|12/100
|-damage|p2a: Excadrill|38/100|[from] item: Life Orb
|move|p1a: Shiftry|Knock Off|p2a: Excadrill
|-damage|p2a: Excadrill|0 fnt
|-enditem|p2a: Excadrill|Life Orb|[from] move: Knock Off|[of] p1a: Shiftry
|faint|p2a: Excadrill
|
|-weather|Sandstorm|[upkeep]
|-damage|p1a: Shiftry|6/100|[from] Sandstorm
|upkeep
|
|t:|1779644250
|switch|p2a: Kingambit|Kingambit, M|100/100
|-activate|p2a: Kingambit|ability: Supreme Overlord
|-start|p2a: Kingambit|fallen4|[silent]
|turn|19
|
|t:|1779644256
|move|p1a: Shiftry|Sucker Punch|p2a: Kingambit
|-resisted|p2a: Kingambit
|-damage|p2a: Kingambit|84/100
|move|p2a: Kingambit|Sucker Punch||[still]
|-fail|p2a: Kingambit
|
|-weather|Sandstorm|[upkeep]
|-damage|p1a: Shiftry|0 fnt|[from] Sandstorm
|faint|p1a: Shiftry
|-sideend|p1: yeroVH|move: Tailwind
|upkeep
|
|t:|1779644263
|switch|p1a: Torkoal|Torkoal, M|44/100
|-weather|SunnyDay|[from] ability: Drought|[of] p1a: Torkoal
|turn|20
|
|t:|1779644269
|-terastallize|p2a: Kingambit|Flying
|move|p2a: Kingambit|Swords Dance|p2a: Kingambit
|-boost|p2a: Kingambit|atk|2
|move|p1a: Torkoal|Will-O-Wisp|p2a: Kingambit
|-status|p2a: Kingambit|brn
|
|-weather|SunnyDay|[upkeep]
|-damage|p2a: Kingambit|78/100 brn|[from] brn
|upkeep
|turn|21
|
|t:|1779644296
|move|p2a: Kingambit|Swords Dance|p2a: Kingambit
|-boost|p2a: Kingambit|atk|2
|move|p1a: Torkoal|Lava Plume|p2a: Kingambit
|-damage|p2a: Kingambit|24/100 brn
|-enditem|p2a: Kingambit|Sitrus Berry|[eat]
|-heal|p2a: Kingambit|49/100 brn|[from] item: Sitrus Berry
|
|-weather|SunnyDay|[upkeep]
|-damage|p2a: Kingambit|43/100 brn|[from] brn
|upkeep
|turn|22
|
|t:|1779644305
|move|p2a: Kingambit|Sucker Punch||[still]
|-fail|p2a: Kingambit
|move|p1a: Torkoal|Will-O-Wisp|p2a: Kingambit
|-fail|p2a: Kingambit|brn
|
|-weather|SunnyDay|[upkeep]
|-damage|p2a: Kingambit|37/100 brn|[from] brn
|upkeep
|turn|23
|
|t:|1779644312
|move|p2a: Kingambit|Iron Head|p1a: Torkoal
|-resisted|p1a: Torkoal
|-damage|p1a: Torkoal|5/100
|move|p1a: Torkoal|Will-O-Wisp|p2a: Kingambit
|-fail|p2a: Kingambit|brn
|
|-weather|SunnyDay|[upkeep]
|-damage|p2a: Kingambit|31/100 brn|[from] brn
|upkeep
|turn|24
|
|t:|1779644320
|move|p2a: Kingambit|Iron Head|p1a: Torkoal
|-resisted|p1a: Torkoal
|-damage|p1a: Torkoal|0 fnt
|faint|p1a: Torkoal
|
|-weather|none
|-damage|p2a: Kingambit|25/100 brn|[from] brn
|upkeep
|
|t:|1779644326
|switch|p1a: Camerupt|Camerupt, M|100/100
|turn|25
|
|t:|1779644335
|move|p2a: Kingambit|Sucker Punch|p1a: Camerupt
|-damage|p1a: Camerupt|5/100
|move|p1a: Camerupt|Lava Plume|p2a: Kingambit
|-damage|p2a: Kingambit|0 fnt
|faint|p2a: Kingambit
|-end|p2a: Kingambit|fallen4|[silent]
|
|upkeep
|
|t:|1779644338
|switch|p2a: Basculegion|Basculegion, M|100/100
|turn|26
|
|t:|1779644345
|move|p2a: Basculegion|Phantom Force||[still]
|-prepare|p2a: Basculegion|Phantom Force
|move|p1a: Camerupt|Earth Power|p2a: Basculegion|[miss]
|-miss|p1a: Camerupt|p2a: Basculegion
|
|upkeep
|turn|27
|
|t:|1779644349
|move|p2a: Basculegion|Phantom Force|p1a: Camerupt|[from] lockedmove
|-damage|p1a: Camerupt|0 fnt
|faint|p1a: Camerupt
|
|upkeep
|
|t:|1779644352
|switch|p1a: Metagross|Metagross|100/100
|turn|28
|
|t:|1779644361
|move|p2a: Basculegion|Phantom Force||[still]
|-prepare|p2a: Basculegion|Phantom Force
|move|p1a: Metagross|Zen Headbutt|p2a: Basculegion|[miss]
|-miss|p1a: Metagross|p2a: Basculegion
|
|upkeep
|turn|29
|
|t:|1779644365
|move|p2a: Basculegion|Phantom Force|p1a: Metagross|[from] lockedmove
|-supereffective|p1a: Metagross
|-damage|p1a: Metagross|0 fnt
|faint|p1a: Metagross
|
|win|ZA.122
|raw|yeroVH's rating: 1200 &rarr; <strong>1177</strong><br />(-23 for losing)
|raw|ZA.122's rating: 1232 &rarr; <strong>1255</strong><br />(+23 for winning)
|l|☆ZA.122
|player|p2|
|l|☆yeroVH
|player|p1|
|j|☆ZA.122
|player|p2|ZA.122|169|
|l|☆ZA.122
|player|p2|
