|j|☆4stackkzz
|j|☆JeffryNO2424
|t:|1779687120
|gametype|singles
|player|p1|4stackkzz|169|1148
|player|p2|JeffryNO2424|red|1173
|gen|9
|tier|[Gen 9] OU
|rated|
|rule|HP Percentage Mod: HP is shown in percentages
|rule|Endless Battle Clause: Forcing endless battles is banned
|rule|Species Clause: Limit one of each Pokémon
|rule|OHKO Clause: OHKO moves are banned
|rule|Evasion Items Clause: Evasion items are banned
|rule|Evasion Moves Clause: Evasion moves are banned
|rule|Evasion Abilities Clause: Evasion abilities are banned
|rule|Sleep Moves Clause: Sleep-inducing moves are banned
|clearpoke
|poke|p1|Incineroar, F|
|poke|p1|Gardevoir, F|
|poke|p1|Gyarados, F|
|poke|p1|Hawlucha, M|
|poke|p1|Glimmora, M|
|poke|p1|Thundurus-Therian, M|
|poke|p2|Ribombee, F|
|poke|p2|Glimmora, M|
|poke|p2|Weavile, M|
|poke|p2|Gholdengo|
|poke|p2|Samurott-Hisui, F|
|poke|p2|Dragapult, M|
|teampreview
|
|t:|1779687125
|teamsize|p1|6
|teamsize|p2|6
|start
|switch|p1a: Glimmora|Glimmora, M|100/100
|switch|p2a: Ribombee|Ribombee, F|100/100
|turn|1
|
|t:|1779687133
|move|p2a: Ribombee|Sticky Web|p1a: Glimmora
|-sidestart|p1: 4stackkzz|move: Sticky Web
|move|p1a: Glimmora|Stealth Rock|p2a: Ribombee
|-sidestart|p2: JeffryNO2424|move: Stealth Rock
|
|upkeep
|turn|2
|
|t:|1779687141
|move|p2a: Ribombee|Stun Spore|p1a: Glimmora|[miss]
|-miss|p2a: Ribombee|p1a: Glimmora
|move|p1a: Glimmora|Mortal Spin|p2a: Ribombee
|-supereffective|p2a: Ribombee
|-damage|p2a: Ribombee|77/100
|-sideend|p1: 4stackkzz|Sticky Web|[from] move: Mortal Spin|[of] p1a: Glimmora
|
|upkeep
|turn|3
|
|t:|1779687154
|move|p2a: Ribombee|Stun Spore|p1a: Glimmora|[miss]
|-miss|p2a: Ribombee|p1a: Glimmora
|move|p1a: Glimmora|Stone Edge|p2a: Ribombee
|-supereffective|p2a: Ribombee
|-damage|p2a: Ribombee|0 fnt
|faint|p2a: Ribombee
|
|upkeep
|
|t:|1779687163
|switch|p2a: Glimmora|Glimmora, M|100/100
|-damage|p2a: Glimmora|88/100|[from] Stealth Rock
|turn|4
|inactive|Battle timer is ON: inactive players will automatically lose when time's up. (requested by JeffryNO2424)
|
|t:|1779687195
|move|p2a: Glimmora|Earth Power|p1a: Glimmora
|-supereffective|p1a: Glimmora
|-enditem|p1a: Glimmora|Focus Sash
|-damage|p1a: Glimmora|1/100
|move|p1a: Glimmora|Mortal Spin|p2a: Glimmora
|-resisted|p2a: Glimmora
|-damage|p2a: Glimmora|86/100
|-activate|p2a: Glimmora|ability: Toxic Debris
|-sidestart|p1: 4stackkzz|move: Toxic Spikes
|-sideend|p1: 4stackkzz|Toxic Spikes|[from] move: Mortal Spin|[of] p1a: Glimmora
|
|upkeep
|turn|5
|
|t:|1779687209
|move|p1a: Glimmora|Stone Edge|p2a: Glimmora
|-damage|p2a: Glimmora|61/100
|-activate|p2a: Glimmora|ability: Toxic Debris
|-sidestart|p1: 4stackkzz|move: Toxic Spikes
|move|p2a: Glimmora|Earth Power|p1a: Glimmora
|-supereffective|p1a: Glimmora
|-damage|p1a: Glimmora|0 fnt
|faint|p1a: Glimmora
|
|upkeep
|
|t:|1779687214
|switch|p1a: Gyarados|Gyarados, F|100/100
|turn|6
|
|t:|1779687225
|-terastallize|p1a: Gyarados|Ground
|move|p2a: Glimmora|Mortal Spin|p1a: Gyarados
|-resisted|p1a: Gyarados
|-damage|p1a: Gyarados|97/100
|-status|p1a: Gyarados|psn
|-sideend|p2: JeffryNO2424|Stealth Rock|[from] move: Mortal Spin|[of] p2a: Glimmora
|move|p1a: Gyarados|Waterfall|p2a: Glimmora
|-supereffective|p2a: Glimmora
|-damage|p2a: Glimmora|0 fnt
|-activate|p2a: Glimmora|ability: Toxic Debris
|-sidestart|p1: 4stackkzz|move: Toxic Spikes
|faint|p2a: Glimmora
|-ability|p1a: Gyarados|Moxie|boost
|-boost|p1a: Gyarados|atk|1
|-damage|p1a: Gyarados|87/100 psn|[from] item: Life Orb
|
|-damage|p1a: Gyarados|75/100 psn|[from] psn
|upkeep
|
|t:|1779687244
|switch|p2a: Samurott|Samurott-Hisui, F|100/100
|turn|7
|
|t:|1779687264
|switch|p1a: Thundurus|Thundurus-Therian, M|100/100
|move|p2a: Samurott|Ceaseless Edge|p1a: Thundurus
|-damage|p1a: Thundurus|31/100
|-sidestart|p1: 4stackkzz|Spikes
|
|upkeep
|turn|8
|
|t:|1779687273
|move|p1a: Thundurus|Thunderbolt|p2a: Samurott
|-supereffective|p2a: Samurott
|-enditem|p2a: Samurott|Focus Sash
|-damage|p2a: Samurott|1/100
|move|p2a: Samurott|Ceaseless Edge|p1a: Thundurus
|-damage|p1a: Thundurus|0 fnt
|-sidestart|p1: 4stackkzz|Spikes
|faint|p1a: Thundurus
|
|upkeep
|
|t:|1779687282
|switch|p1a: Hawlucha|Hawlucha, M|100/100
|turn|9
|
|t:|1779687293
|move|p1a: Hawlucha|Acrobatics|p2a: Samurott
|-damage|p2a: Samurott|0 fnt
|faint|p2a: Samurott
|
|upkeep
|
|t:|1779687302
|switch|p2a: Dragapult|Dragapult, M|100/100
|turn|10
|
|t:|1779687312
|move|p2a: Dragapult|Flamethrower|p1a: Hawlucha
|-damage|p1a: Hawlucha|38/100
|-enditem|p1a: Hawlucha|Sitrus Berry|[eat]
|-heal|p1a: Hawlucha|62/100|[from] item: Sitrus Berry
|move|p1a: Hawlucha|Acrobatics|p2a: Dragapult
|-damage|p2a: Dragapult|30/100
|
|upkeep
|turn|11
|
|t:|1779687334
|move|p1a: Hawlucha|Acrobatics|p2a: Dragapult
|-damage|p2a: Dragapult|0 fnt
|faint|p2a: Dragapult
|
|upkeep
|
|t:|1779687341
|switch|p2a: Gholdengo|Gholdengo|100/100
|-item|p2a: Gholdengo|Air Balloon
|turn|12
|
|t:|1779687350
|move|p1a: Hawlucha|Acrobatics|p2a: Gholdengo
|-resisted|p2a: Gholdengo
|-damage|p2a: Gholdengo|75/100
|-enditem|p2a: Gholdengo|Air Balloon
|move|p2a: Gholdengo|Make It Rain|p1a: Hawlucha
|-damage|p1a: Hawlucha|0 fnt
|-unboost|p2a: Gholdengo|spa|1
|faint|p1a: Hawlucha
|
|upkeep
|
|t:|1779687356
|switch|p1a: Incineroar|Incineroar, F|100/100
|-status|p1a: Incineroar|tox
|-damage|p1a: Incineroar|84/100 tox|[from] Spikes
|-ability|p1a: Incineroar|Intimidate|boost
|-unboost|p2a: Gholdengo|atk|1
|turn|13
|
|t:|1779687367
|move|p2a: Gholdengo|Nasty Plot|p2a: Gholdengo
|-boost|p2a: Gholdengo|spa|2
|move|p1a: Incineroar|Flare Blitz|p2a: Gholdengo
|-supereffective|p2a: Gholdengo
|-damage|p2a: Gholdengo|0 fnt
|faint|p2a: Gholdengo
|-damage|p1a: Incineroar|61/100 tox|[from] Recoil
|
|-damage|p1a: Incineroar|55/100 tox|[from] psn
|upkeep
|
|t:|1779687379
|switch|p2a: Weavile|Weavile, M|100/100
|-ability|p2a: Weavile|Pressure
|turn|14
|
|t:|1779687390
|move|p2a: Weavile|Triple Axel|p1a: Incineroar
|-resisted|p1a: Incineroar
|-damage|p1a: Incineroar|49/100 tox
|-resisted|p1a: Incineroar
|-damage|p1a: Incineroar|38/100 tox
|-resisted|p1a: Incineroar
|-damage|p1a: Incineroar|20/100 tox
|-hitcount|p1a: Incineroar|3
|move|p1a: Incineroar|Flare Blitz|p2a: Weavile
|-supereffective|p2a: Weavile
|-damage|p2a: Weavile|0 fnt
|faint|p2a: Weavile
|-damage|p1a: Incineroar|0 fnt|[from] Recoil
|faint|p1a: Incineroar
|
|win|4stackkzz
|raw|4stackkzz's rating: 1148 &rarr; <strong>1175</strong><br />(+27 for winning)
|raw|JeffryNO2424's rating: 1173 &rarr; <strong>1146</strong><br />(-27 for losing)
|l|☆JeffryNO2424
|player|p2|
|l|☆4stackkzz
|player|p1|
