|j|☆genesis lotus iv
|j|☆REX_1A91S
|t:|1779616757
|gametype|singles
|player|p1|genesis lotus iv|eusine|1260
|player|p2|REX_1A91S|riley|1316
|gen|9
|tier|[Gen 9] OU
|rated|
|rule|HP Percentage Mod: HP is shown in percentages
|rule|Endless Battle Clause: Forcing endless battles is banned
|rule|Species Clause: Limit one of each Pokémon
|rule|OHKO Clause: OHKO moves are banned
|rule|Evasion Items Clause: Evasion items are banned
|rule|Evasion Moves Clause: Evasion moves are banned
|rule|Evasion Abilities Clause: Evasion abilities are banned
|rule|Sleep Moves Clause: Sleep-inducing moves are banned
|clearpoke
|poke|p1|Iron Hands|
|poke|p1|Glimmora, F|
|poke|p1|Landorus-Therian, M|
|poke|p1|Flygon, F|
|poke|p1|Primarina, M|
|poke|p1|Kingambit, F|
|poke|p2|Slowking-Galar, M|
|poke|p2|Tornadus-Therian, M|
|poke|p2|Ogerpon-Wellspring, F|
|poke|p2|Iron Treads|
|poke|p2|Pecharunt|
|poke|p2|Zamazenta-*|
|teampreview
|inactive|Battle timer is ON: inactive players will automatically lose when time's up. (requested by genesis lotus iv)
|
|t:|1779616767
|teamsize|p1|6
|teamsize|p2|6
|start
|switch|p1a: Flygon|Flygon, F|100/100
|switch|p2a: Tornadus|Tornadus-Therian, M|100/100
|turn|1
|inactive|genesis lotus iv has 120 seconds left.
|
|t:|1779616800
|-terastallize|p1a: Flygon|Normal
|move|p2a: Tornadus|Knock Off|p1a: Flygon
|-damage|p1a: Flygon|74/100
|-enditem|p1a: Flygon|Choice Specs|[from] move: Knock Off|[of] p2a: Tornadus
|move|p1a: Flygon|Boomburst|p2a: Tornadus
|-damage|p2a: Tornadus|65/100
|
|upkeep
|turn|2
|inactive|REX_1A91S has 120 seconds left.
|
|t:|1779616834
|move|p2a: Tornadus|U-turn|p1a: Flygon
|-damage|p1a: Flygon|53/100
|
|t:|1779616836
|switch|p2a: Slowking|Slowking-Galar, M|100/100|[from] U-turn
|move|p1a: Flygon|Boomburst|p2a: Slowking
|-damage|p2a: Slowking|67/100
|
|upkeep
|turn|3
|
|t:|1779616842
|move|p1a: Flygon|Earth Power|p2a: Slowking
|-supereffective|p2a: Slowking
|-damage|p2a: Slowking|26/100
|-prepare|p2a: Slowking|Chilly Reception|[premajor]
|move|p2a: Slowking|Chilly Reception|p2a: Slowking
|-weather|Snowscape
|
|t:|1779616853
|switch|p2a: Ogerpon|Ogerpon-Wellspring, F|100/100|[from] Chilly Reception
|
|-weather|Snowscape|[upkeep]
|upkeep
|turn|4
|
|t:|1779616862
|move|p2a: Ogerpon|Ivy Cudgel|p1a: Flygon|[anim] Ivy Cudgel Water
|-damage|p1a: Flygon|0 fnt
|faint|p1a: Flygon
|
|-weather|Snowscape|[upkeep]
|upkeep
|
|t:|1779616867
|switch|p1a: Glimmora|Glimmora, F|100/100
|turn|5
|inactive|REX_1A91S has 120 seconds left.
|
|t:|1779616899
|move|p1a: Glimmora|Sludge Wave|p2a: Ogerpon
|-supereffective|p2a: Ogerpon
|-damage|p2a: Ogerpon|0 fnt
|faint|p2a: Ogerpon
|
|-weather|Snowscape|[upkeep]
|upkeep
|
|t:|1779616904
|switch|p2a: Iron Treads|Iron Treads|100/100
|turn|6
|
|t:|1779616908
|switch|p1a: Landorus|Landorus-Therian, M|100/100
|-ability|p1a: Landorus|Intimidate|boost
|-unboost|p2a: Iron Treads|atk|1
|move|p2a: Iron Treads|Stealth Rock|p1a: Landorus
|-sidestart|p1: genesis lotus iv|move: Stealth Rock
|
|-weather|Snowscape|[upkeep]
|upkeep
|turn|7
|
|t:|1779616916
|-end|p2a: Iron Treads|Quark Drive|[silent]
|switch|p2a: Tornadus|Tornadus-Therian, M|98/100
|move|p1a: Landorus|Stealth Rock|p2a: Tornadus
|-sidestart|p2: REX_1A91S|move: Stealth Rock
|
|-weather|none
|upkeep
|turn|8
|
|t:|1779616928
|move|p2a: Tornadus|Knock Off|p1a: Landorus
|-damage|p1a: Landorus|81/100
|-damage|p2a: Tornadus|81/100|[from] item: Rocky Helmet|[of] p1a: Landorus
|-enditem|p1a: Landorus|Rocky Helmet|[from] move: Knock Off|[of] p2a: Tornadus
|move|p1a: Landorus|Rock Tomb|p2a: Tornadus|[miss]
|-miss|p1a: Landorus|p2a: Tornadus
|
|upkeep
|turn|9
|
|t:|1779616935
|move|p2a: Tornadus|Bleakwind Storm|p1a: Landorus
|-crit|p1a: Landorus
|-damage|p1a: Landorus|18/100
|move|p1a: Landorus|Rock Tomb|p2a: Tornadus|[miss]
|-miss|p1a: Landorus|p2a: Tornadus
|
|upkeep
|turn|10
|
|t:|1779616961
|move|p2a: Tornadus|Bleakwind Storm|p1a: Landorus|[miss]
|-miss|p2a: Tornadus|p1a: Landorus
|move|p1a: Landorus|Rock Tomb|p2a: Tornadus
|-supereffective|p2a: Tornadus
|-damage|p2a: Tornadus|45/100
|-unboost|p2a: Tornadus|spe|1
|
|upkeep
|turn|11
|
|t:|1779616972
|move|p1a: Landorus|Rock Tomb|p2a: Tornadus
|-supereffective|p2a: Tornadus
|-damage|p2a: Tornadus|8/100
|-unboost|p2a: Tornadus|spe|1
|move|p2a: Tornadus|Bleakwind Storm|p1a: Landorus
|-damage|p1a: Landorus|0 fnt
|faint|p1a: Landorus
|
|upkeep
|
|t:|1779616986
|switch|p1a: Iron Hands|Iron Hands|100/100
|-damage|p1a: Iron Hands|94/100|[from] Stealth Rock
|-enditem|p1a: Iron Hands|Booster Energy
|-activate|p1a: Iron Hands|ability: Quark Drive|[fromitem]
|-start|p1a: Iron Hands|quarkdriveatk
|turn|12
|
|t:|1779616993
|move|p2a: Tornadus|U-turn|p1a: Iron Hands
|-resisted|p1a: Iron Hands
|-damage|p1a: Iron Hands|89/100
|
|t:|1779616997
|switch|p2a: Pecharunt|Pecharunt|100/100|[from] U-turn
|move|p1a: Iron Hands|Ice Punch|p2a: Pecharunt
|-crit|p2a: Pecharunt
|-damage|p2a: Pecharunt|74/100
|
|upkeep
|turn|13
|
|t:|1779617004
|move|p2a: Pecharunt|Malignant Chain|p1a: Iron Hands
|-damage|p1a: Iron Hands|64/100
|move|p1a: Iron Hands|Earthquake|p2a: Pecharunt
|-supereffective|p2a: Pecharunt
|-damage|p2a: Pecharunt|23/100
|
|upkeep
|turn|14
|
|t:|1779617013
|move|p2a: Pecharunt|Malignant Chain|p1a: Iron Hands
|-damage|p1a: Iron Hands|37/100
|move|p1a: Iron Hands|Supercell Slam|p2a: Pecharunt
|-damage|p2a: Pecharunt|0 fnt
|faint|p2a: Pecharunt
|
|upkeep
|
|t:|1779617022
|switch|p2a: Iron Treads|Iron Treads|100/100
|-damage|p2a: Iron Treads|98/100|[from] Stealth Rock
|turn|15
|
|t:|1779617031
|move|p2a: Iron Treads|Earthquake|p1a: Iron Hands
|-supereffective|p1a: Iron Hands
|-damage|p1a: Iron Hands|0 fnt
|faint|p1a: Iron Hands
|-end|p1a: Iron Hands|Quark Drive|[silent]
|
|-heal|p2a: Iron Treads|100/100|[from] item: Leftovers
|upkeep
|
|t:|1779617034
|switch|p1a: Primarina|Primarina, M|100/100
|-damage|p1a: Primarina|88/100|[from] Stealth Rock
|turn|16
|
|t:|1779617041
|move|p2a: Iron Treads|Rapid Spin|p1a: Primarina
|-damage|p1a: Primarina|75/100
|-boost|p2a: Iron Treads|spe|1
|-sideend|p2: REX_1A91S|Stealth Rock|[from] move: Rapid Spin|[of] p2a: Iron Treads
|move|p1a: Primarina|Psychic Noise|p2a: Iron Treads
|-supereffective|p2a: Iron Treads
|-damage|p2a: Iron Treads|33/100
|-start|p2a: Iron Treads|move: Heal Block
|
|upkeep
|turn|17
|
|t:|1779617050
|move|p2a: Iron Treads|Volt Switch|p1a: Primarina
|-supereffective|p1a: Primarina
|-damage|p1a: Primarina|63/100
|
|t:|1779617053
|-end|p2a: Iron Treads|Quark Drive|[silent]
|switch|p2a: Slowking|Slowking-Galar, M|59/100|[from] Volt Switch
|move|p1a: Primarina|Psychic Noise|p2a: Slowking
|-damage|p2a: Slowking|38/100
|-start|p2a: Slowking|move: Heal Block
|
|upkeep
|turn|18
|
|t:|1779617061
|switch|p1a: Glimmora|Glimmora, F|100/100
|-damage|p1a: Glimmora|88/100|[from] Stealth Rock
|-prepare|p2a: Slowking|Chilly Reception|[premajor]
|move|p2a: Slowking|Chilly Reception|p2a: Slowking
|-weather|Snowscape
|
|t:|1779617067
|switch|p2a: Iron Treads|Iron Treads|33/100|[from] Chilly Reception
|
|-weather|Snowscape|[upkeep]
|-heal|p2a: Iron Treads|39/100|[from] item: Leftovers
|upkeep
|turn|19
|
|t:|1779617074
|-end|p2a: Iron Treads|Quark Drive|[silent]
|switch|p2a: Tornadus|Tornadus-Therian, M|41/100
|move|p1a: Glimmora|Earth Power|p2a: Tornadus
|-immune|p2a: Tornadus
|
|-weather|Snowscape|[upkeep]
|upkeep
|turn|20
|
|t:|1779617083
|switch|p1a: Primarina|Primarina, M|63/100
|-damage|p1a: Primarina|50/100|[from] Stealth Rock
|move|p2a: Tornadus|Bleakwind Storm|p1a: Primarina
|-damage|p1a: Primarina|28/100
|-unboost|p1a: Primarina|spe|1
|
|-weather|Snowscape|[upkeep]
|upkeep
|turn|21
|
|t:|1779617092
|move|p2a: Tornadus|Knock Off|p1a: Primarina
|-resisted|p1a: Primarina
|-damage|p1a: Primarina|18/100
|-enditem|p1a: Primarina|Assault Vest|[from] move: Knock Off|[of] p2a: Tornadus
|move|p1a: Primarina|Psychic Noise|p2a: Tornadus
|-damage|p2a: Tornadus|16/100
|-start|p2a: Tornadus|move: Heal Block
|
|-weather|Snowscape|[upkeep]
|upkeep
|turn|22
|
|t:|1779617110
|move|p1a: Primarina|Aqua Jet|p2a: Tornadus
|-damage|p2a: Tornadus|5/100
|move|p2a: Tornadus|U-turn|p1a: Primarina
|-resisted|p1a: Primarina
|-damage|p1a: Primarina|11/100
|
|t:|1779617117
|switch|p2a: Iron Treads|Iron Treads|39/100|[from] U-turn
|
|-weather|none
|-heal|p2a: Iron Treads|45/100|[from] item: Leftovers
|upkeep
|turn|23
|
|t:|1779617123
|move|p2a: Iron Treads|Volt Switch|p1a: Primarina
|-supereffective|p1a: Primarina
|-damage|p1a: Primarina|0 fnt
|faint|p1a: Primarina
|
|t:|1779617128
|-end|p2a: Iron Treads|Quark Drive|[silent]
|switch|p2a: Zamazenta|Zamazenta|100/100|[from] Volt Switch
|-ability|p2a: Zamazenta|Dauntless Shield|boost
|-boost|p2a: Zamazenta|def|1
|
|upkeep
|
|t:|1779617140
|switch|p1a: Glimmora|Glimmora, F|88/100
|-damage|p1a: Glimmora|76/100|[from] Stealth Rock
|turn|24
|
|t:|1779617146
|switch|p2a: Slowking|Slowking-Galar, M|71/100
|move|p1a: Glimmora|Dazzling Gleam|p2a: Slowking
|-resisted|p2a: Slowking
|-damage|p2a: Slowking|64/100
|
|upkeep
|turn|25
|
|t:|1779617161
|move|p1a: Glimmora|Dazzling Gleam|p2a: Slowking
|-resisted|p2a: Slowking
|-damage|p2a: Slowking|55/100
|-prepare|p2a: Slowking|Chilly Reception|[premajor]
|move|p2a: Slowking|Chilly Reception|p2a: Slowking
|-weather|Snowscape
|
|t:|1779617168
|switch|p2a: Iron Treads|Iron Treads|45/100|[from] Chilly Reception
|
|-weather|Snowscape|[upkeep]
|-heal|p2a: Iron Treads|51/100|[from] item: Leftovers
|upkeep
|turn|26
|-message|genesis lotus iv forfeited.
|
|win|REX_1A91S
|raw|genesis lotus iv's rating: 1233 &rarr; <strong>1214</strong><br />(-19 for losing)
|raw|REX_1A91S's rating: 1316 &rarr; <strong>1331</strong><br />(+15 for winning)
|l|☆genesis lotus iv
|player|p1|
|l|☆REX_1A91S
|player|p2|
