|j|☆pinheadwh
|j|☆I'M GONNA BITE YOU
|t:|1779571037
|gametype|singles
|player|p1|pinheadwh|1|1229
|player|p2|I'M GONNA BITE YOU|caitlin|1279
|gen|9
|tier|[Gen 9] OU
|rated|
|rule|HP Percentage Mod: HP is shown in percentages
|rule|Endless Battle Clause: Forcing endless battles is banned
|rule|Species Clause: Limit one of each Pokémon
|rule|OHKO Clause: OHKO moves are banned
|rule|Evasion Items Clause: Evasion items are banned
|rule|Evasion Moves Clause: Evasion moves are banned
|rule|Evasion Abilities Clause: Evasion abilities are banned
|rule|Sleep Moves Clause: Sleep-inducing moves are banned
|clearpoke
|poke|p1|Garchomp, M|
|poke|p1|Corviknight, F|
|poke|p1|Alomomola, F|
|poke|p1|Hatterene, F|
|poke|p1|Rotom|
|poke|p1|Scizor, M|
|poke|p2|Barraskewda, F|
|poke|p2|Pelipper, M|
|poke|p2|Garchomp, M|
|poke|p2|Gholdengo|
|poke|p2|Hatterene, F|
|poke|p2|Corviknight, F|
|teampreview
|inactive|Battle timer is ON: inactive players will automatically lose when time's up. (requested by pinheadwh)
|inactive|pinheadwh has 120 seconds left.
|inactive|I'M GONNA BITE YOU has 120 seconds left.
|
|t:|1779571073
|teamsize|p1|6
|teamsize|p2|6
|start
|switch|p1a: Rotom|Rotom|100/100
|switch|p2a: Barraskewda|Barraskewda, F|100/100
|turn|1
|
|t:|1779571080
|move|p2a: Barraskewda|Flip Turn|p1a: Rotom
|-damage|p1a: Rotom|35/100
|
|t:|1779571084
|switch|p2a: CTC|Garchomp, M|100/100|[from] Flip Turn
|move|p1a: Rotom|Volt Switch|p2a: CTC
|-immune|p2a: CTC
|
|upkeep
|turn|2
|
|t:|1779571092
|move|p2a: CTC|Stealth Rock|p1a: Rotom
|-sidestart|p1: pinheadwh|move: Stealth Rock
|move|p1a: Rotom|Pain Split|p2a: CTC
|-sethp|p2a: CTC|63/100|[from] move: Pain Split|[silent]
|-sethp|p1a: Rotom|87/100|[from] move: Pain Split
|
|upkeep
|turn|3
|
|t:|1779571102
|move|p1a: Rotom|Will-O-Wisp|p2a: CTC
|-status|p2a: CTC|brn
|move|p2a: CTC|Dragon Tail|p1a: Rotom
|-damage|p1a: Rotom|69/100
|drag|p1a: Hatterene|Hatterene, F|100/100
|-damage|p1a: Hatterene|88/100|[from] Stealth Rock
|
|-damage|p2a: CTC|57/100 brn|[from] brn
|upkeep
|turn|4
|
|t:|1779571120
|switch|p1a: Corviknight|Corviknight, F|100/100
|-damage|p1a: Corviknight|88/100|[from] Stealth Rock
|-ability|p1a: Corviknight|Pressure
|move|p2a: CTC|Earthquake|p1a: Corviknight
|-immune|p1a: Corviknight
|
|-heal|p1a: Corviknight|94/100|[from] item: Leftovers
|-damage|p2a: CTC|51/100 brn|[from] brn
|upkeep
|turn|5
|
|t:|1779571126
|switch|p2a: Gholdengo|Gholdengo|100/100
|-item|p2a: Gholdengo|Air Balloon
|move|p1a: Corviknight|Defog|p2a: Gholdengo
|-immune|p2a: Gholdengo|[from] ability: Good as Gold
|
|-heal|p1a: Corviknight|100/100|[from] item: Leftovers
|upkeep
|turn|6
|
|t:|1779571137
|move|p2a: Gholdengo|Shadow Ball|p1a: Corviknight
|-damage|p1a: Corviknight|75/100
|move|p1a: Corviknight|Bulk Up|p1a: Corviknight
|-boost|p1a: Corviknight|atk|1
|-boost|p1a: Corviknight|def|1
|
|-heal|p1a: Corviknight|81/100|[from] item: Leftovers
|upkeep
|turn|7
|
|t:|1779571143
|move|p2a: Gholdengo|Shadow Ball|p1a: Corviknight
|-damage|p1a: Corviknight|57/100
|move|p1a: Corviknight|Bulk Up|p1a: Corviknight
|-boost|p1a: Corviknight|atk|1
|-boost|p1a: Corviknight|def|1
|
|-heal|p1a: Corviknight|63/100|[from] item: Leftovers
|upkeep
|turn|8
|
|t:|1779571151
|move|p2a: Gholdengo|Shadow Ball|p1a: Corviknight
|-damage|p1a: Corviknight|39/100
|move|p1a: Corviknight|Roost|p1a: Corviknight
|-heal|p1a: Corviknight|89/100
|-singleturn|p1a: Corviknight|move: Roost
|
|-heal|p1a: Corviknight|96/100|[from] item: Leftovers
|upkeep
|turn|9
|
|t:|1779571156
|move|p2a: Gholdengo|Shadow Ball|p1a: Corviknight
|-damage|p1a: Corviknight|70/100
|move|p1a: Corviknight|Bulk Up|p1a: Corviknight
|-boost|p1a: Corviknight|atk|1
|-boost|p1a: Corviknight|def|1
|
|-heal|p1a: Corviknight|76/100|[from] item: Leftovers
|upkeep
|turn|10
|
|t:|1779571168
|move|p2a: Gholdengo|Shadow Ball|p1a: Corviknight
|-damage|p1a: Corviknight|54/100
|-unboost|p1a: Corviknight|spd|1
|move|p1a: Corviknight|Bulk Up|p1a: Corviknight
|-boost|p1a: Corviknight|atk|1
|-boost|p1a: Corviknight|def|1
|
|-heal|p1a: Corviknight|60/100|[from] item: Leftovers
|upkeep
|turn|11
|
|t:|1779571175
|move|p2a: Gholdengo|Shadow Ball|p1a: Corviknight
|-damage|p1a: Corviknight|26/100
|move|p1a: Corviknight|Roost|p1a: Corviknight
|-heal|p1a: Corviknight|76/100
|-singleturn|p1a: Corviknight|move: Roost
|
|-heal|p1a: Corviknight|82/100|[from] item: Leftovers
|upkeep
|turn|12
|
|t:|1779571180
|move|p2a: Gholdengo|Shadow Ball|p1a: Corviknight
|-damage|p1a: Corviknight|44/100
|move|p1a: Corviknight|Power Trip|p2a: Gholdengo
|-supereffective|p2a: Gholdengo
|-damage|p2a: Gholdengo|0 fnt
|-enditem|p2a: Gholdengo|Air Balloon
|faint|p2a: Gholdengo
|
|-heal|p1a: Corviknight|51/100|[from] item: Leftovers
|upkeep
|
|t:|1779571195
|switch|p2a: Hatterene|Hatterene, F|100/100
|turn|13
|
|t:|1779571205
|move|p1a: Corviknight|Power Trip|p2a: Hatterene
|-damage|p2a: Hatterene|2/100
|move|p2a: Hatterene|Substitute|p2a: Hatterene
|-fail|p2a: Hatterene|move: Substitute|[weak]
|
|-heal|p1a: Corviknight|57/100|[from] item: Leftovers
|-heal|p2a: Hatterene|8/100|[from] item: Leftovers
|upkeep
|turn|14
|
|t:|1779571214
|switch|p2a: Pelipper|Pelipper, M|100/100
|-weather|RainDance|[from] ability: Drizzle|[of] p2a: Pelipper
|move|p1a: Corviknight|Power Trip|p2a: Pelipper
|-damage|p2a: Pelipper|15/100
|
|-weather|RainDance|[upkeep]
|-heal|p1a: Corviknight|63/100|[from] item: Leftovers
|upkeep
|turn|15
|
|t:|1779571229
|-terastallize|p1a: Corviknight|Dragon
|move|p1a: Corviknight|Roost|p1a: Corviknight
|-heal|p1a: Corviknight|100/100
|move|p2a: Pelipper|Roost|p2a: Pelipper
|-heal|p2a: Pelipper|65/100
|-singleturn|p2a: Pelipper|move: Roost
|
|-weather|RainDance|[upkeep]
|upkeep
|turn|16
|
|t:|1779571244
|move|p1a: Corviknight|Power Trip|p2a: Pelipper
|-damage|p2a: Pelipper|0 fnt
|faint|p2a: Pelipper
|
|-weather|RainDance|[upkeep]
|upkeep
|
|t:|1779571247
|switch|p2a: CTC|Garchomp, M|51/100 brn
|turn|17
|
|t:|1779571251
|move|p1a: Corviknight|Power Trip|p2a: CTC
|-damage|p2a: CTC|0 fnt
|-damage|p1a: Corviknight|88/100|[from] ability: Rough Skin|[of] p2a: CTC
|-damage|p1a: Corviknight|71/100|[from] item: Rocky Helmet|[of] p2a: CTC
|faint|p2a: CTC
|
|-weather|RainDance|[upkeep]
|-heal|p1a: Corviknight|78/100|[from] item: Leftovers
|upkeep
|
|t:|1779571262
|switch|p2a: Barraskewda|Barraskewda, F|100/100
|turn|18
|
|t:|1779571269
|move|p2a: Barraskewda|Close Combat|p1a: Corviknight
|-damage|p1a: Corviknight|61/100
|-unboost|p2a: Barraskewda|def|1
|-unboost|p2a: Barraskewda|spd|1
|move|p1a: Corviknight|Power Trip|p2a: Barraskewda
|-damage|p2a: Barraskewda|0 fnt
|faint|p2a: Barraskewda
|
|-weather|RainDance|[upkeep]
|-heal|p1a: Corviknight|67/100|[from] item: Leftovers
|upkeep
|-message|I'M GONNA BITE YOU forfeited.
|
|win|pinheadwh
|raw|pinheadwh's rating: 1229 &rarr; <strong>1258</strong><br />(+29 for winning)
|raw|I&apos;M GONNA BITE YOU's rating: 1279 &rarr; <strong>1250</strong><br />(-29 for losing)
|l|☆I'M GONNA BITE YOU
|player|p2|
|l|☆pinheadwh
|player|p1|
|j|☆pinheadwh
|player|p1|pinheadwh|1|
