|j|☆Maxxxxilla
|j|☆MisterL47
|t:|1779621013
|gametype|singles
|player|p1|Maxxxxilla|alder|1113
|player|p2|MisterL47|veteran|1059
|gen|9
|tier|[Gen 9] OU
|rated|
|rule|HP Percentage Mod: HP is shown in percentages
|rule|Endless Battle Clause: Forcing endless battles is banned
|rule|Species Clause: Limit one of each Pokémon
|rule|OHKO Clause: OHKO moves are banned
|rule|Evasion Items Clause: Evasion items are banned
|rule|Evasion Moves Clause: Evasion moves are banned
|rule|Evasion Abilities Clause: Evasion abilities are banned
|rule|Sleep Moves Clause: Sleep-inducing moves are banned
|clearpoke
|poke|p1|Pikachu-Kalos, M|
|poke|p1|Charizard, M|
|poke|p1|Greninja-*, F|
|poke|p1|Gliscor, M|
|poke|p1|Hawlucha, F|
|poke|p1|Lucario, M|
|poke|p2|Garganacl, M|
|poke|p2|Gliscor, M|
|poke|p2|Mabosstiff, M|
|poke|p2|Serperior, F|
|poke|p2|Ceruledge, F|
|poke|p2|Lokix, F|
|teampreview
|
|t:|1779621039
|teamsize|p1|6
|teamsize|p2|6
|start
|switch|p1a: Pikachu|Pikachu-Kalos, M|100/100
|switch|p2a: Big boss|Mabosstiff, M|100/100
|turn|1
|
|t:|1779621048
|move|p1a: Pikachu|Alluring Voice|p2a: Big boss
|-supereffective|p2a: Big boss
|-crit|p2a: Big boss
|-damage|p2a: Big boss|0 fnt
|faint|p2a: Big boss
|
|upkeep
|
|t:|1779621055
|switch|p2a: Gliscor|Gliscor, M|100/100
|turn|2
|
|t:|1779621060
|move|p1a: Pikachu|Surf|p2a: Gliscor
|-supereffective|p2a: Gliscor
|-damage|p2a: Gliscor|21/100
|move|p2a: Gliscor|Earthquake|p1a: Pikachu
|-supereffective|p1a: Pikachu
|-damage|p1a: Pikachu|0 fnt
|faint|p1a: Pikachu
|
|-status|p2a: Gliscor|tox|[from] item: Toxic Orb
|upkeep
|
|t:|1779621068
|switch|p1a: Greninja|Greninja, F|100/100
|turn|3
|
|t:|1779621077
|move|p2a: Gliscor|Protect|p2a: Gliscor
|-singleturn|p2a: Gliscor|Protect
|move|p1a: Greninja|Surf|p2a: Gliscor
|-start|p1a: Greninja|typechange|Water|[from] ability: Protean
|-activate|p2a: Gliscor|move: Protect
|
|-heal|p2a: Gliscor|33/100 tox|[from] ability: Poison Heal
|upkeep
|turn|4
|
|t:|1779621101
|move|p1a: Greninja|Surf|p2a: Gliscor
|-supereffective|p2a: Gliscor
|-damage|p2a: Gliscor|0 fnt
|faint|p2a: Gliscor
|
|upkeep
|
|t:|1779621106
|switch|p2a: Serperior|Serperior, F|100/100
|turn|5
|
|t:|1779621113
|switch|p1a: Gliscor|Gliscor, M|100/100
|-terastallize|p2a: Serperior|Grass
|move|p2a: Serperior|Leaf Storm|p1a: Gliscor
|-damage|p1a: Gliscor|0 fnt
|-boost|p2a: Serperior|spa|2
|faint|p1a: Gliscor
|
|upkeep
|
|t:|1779621119
|switch|p1a: Hawlucha|Hawlucha, F|100/100
|turn|6
|
|t:|1779621129
|move|p1a: Hawlucha|Swords Dance|p1a: Hawlucha
|-boost|p1a: Hawlucha|atk|2
|move|p2a: Serperior|Leaf Storm|p1a: Hawlucha
|-resisted|p1a: Hawlucha
|-enditem|p1a: Hawlucha|Focus Sash
|-damage|p1a: Hawlucha|1/100
|-boost|p2a: Serperior|spa|2
|
|upkeep
|turn|7
|
|t:|1779621149
|move|p1a: Hawlucha|Acrobatics|p2a: Serperior
|-supereffective|p2a: Serperior
|-damage|p2a: Serperior|0 fnt
|faint|p2a: Serperior
|
|upkeep
|
|t:|1779621155
|switch|p2a: Lokix|Lokix, F|100/100
|turn|8
|
|t:|1779621171
|switch|p1a: Lucario|Lucario, M|100/100
|move|p2a: Lokix|First Impression|p1a: Lucario
|-resisted|p1a: Lucario
|-damage|p1a: Lucario|63/100
|
|upkeep
|turn|9
|
|t:|1779621184
|move|p1a: Lucario|Close Combat|p2a: Lokix
|-damage|p2a: Lokix|0 fnt
|-unboost|p1a: Lucario|def|1
|-unboost|p1a: Lucario|spd|1
|faint|p2a: Lokix
|-damage|p1a: Lucario|53/100|[from] item: Life Orb
|
|upkeep
|
|t:|1779621191
|switch|p2a: Ceruledge|Ceruledge, F|100/100
|turn|10
|
|t:|1779621209
|move|p1a: Lucario|Crunch|p2a: Ceruledge
|-supereffective|p2a: Ceruledge
|-damage|p2a: Ceruledge|18/100
|-unboost|p2a: Ceruledge|def|1
|-ability|p2a: Ceruledge|Weak Armor|boost
|-unboost|p2a: Ceruledge|def|1
|-boost|p2a: Ceruledge|spe|2
|-damage|p1a: Lucario|43/100|[from] item: Life Orb
|move|p2a: Ceruledge|Bitter Blade|p1a: Lucario
|-supereffective|p1a: Lucario
|-damage|p1a: Lucario|0 fnt
|-heal|p2a: Ceruledge|38/100|[from] drain|[of] p1a: Lucario
|faint|p1a: Lucario
|-damage|p2a: Ceruledge|28/100|[from] item: Life Orb
|
|upkeep
|
|t:|1779621214
|switch|p1a: Greninja|Greninja, F|100/100
|turn|11
|
|t:|1779621232
|move|p2a: Ceruledge|Protect|p2a: Ceruledge
|-singleturn|p2a: Ceruledge|Protect
|move|p1a: Greninja|Water Shuriken|p2a: Ceruledge
|-start|p1a: Greninja|typechange|Water|[from] ability: Protean
|-activate|p2a: Ceruledge|move: Protect
|
|upkeep
|turn|12
|
|t:|1779621243
|move|p1a: Greninja|Water Shuriken|p2a: Ceruledge
|-supereffective|p2a: Ceruledge
|-damage|p2a: Ceruledge|8/100
|-supereffective|p2a: Ceruledge
|-crit|p2a: Ceruledge
|-damage|p2a: Ceruledge|0 fnt
|faint|p2a: Ceruledge
|-hitcount|p2: Ceruledge|2
|
|upkeep
|
|t:|1779621250
|switch|p2a: Garganacl|Garganacl, M|100/100
|turn|13
|
|t:|1779621256
|move|p1a: Greninja|Water Shuriken|p2a: Garganacl
|-supereffective|p2a: Garganacl
|-damage|p2a: Garganacl|84/100
|-supereffective|p2a: Garganacl
|-damage|p2a: Garganacl|69/100
|-supereffective|p2a: Garganacl
|-damage|p2a: Garganacl|53/100
|-hitcount|p2a: Garganacl|3
|move|p2a: Garganacl|Salt Cure|p1a: Greninja
|-damage|p1a: Greninja|82/100
|-start|p1a: Greninja|Salt Cure
|
|-damage|p1a: Greninja|57/100|[from] Salt Cure
|upkeep
|turn|14
|
|t:|1779621269
|switch|p1a: Hawlucha|Hawlucha, F|1/100
|move|p2a: Garganacl|Recover|p2a: Garganacl
|-heal|p2a: Garganacl|100/100
|
|upkeep
|turn|15
|
|t:|1779621277
|move|p1a: Hawlucha|Close Combat|p2a: Garganacl
|-supereffective|p2a: Garganacl
|-damage|p2a: Garganacl|42/100
|-unboost|p1a: Hawlucha|def|1
|-unboost|p1a: Hawlucha|spd|1
|move|p2a: Garganacl|Salt Cure|p1a: Hawlucha
|-damage|p1a: Hawlucha|0 fnt
|faint|p1a: Hawlucha
|
|upkeep
|
|t:|1779621282
|switch|p1a: Greninja|Greninja, F|57/100
|turn|16
|
|t:|1779621296
|move|p1a: Greninja|Surf|p2a: Garganacl
|-start|p1a: Greninja|typechange|Water|[from] ability: Protean
|-supereffective|p2a: Garganacl
|-damage|p2a: Garganacl|0 fnt
|faint|p2a: Garganacl
|
|win|Maxxxxilla
|raw|Maxxxxilla's rating: 1113 &rarr; <strong>1134</strong><br />(+21 for winning)
|raw|MisterL47's rating: 1059 &rarr; <strong>1043</strong><br />(-16 for losing)
|l|☆Maxxxxilla
|player|p1|
|l|☆MisterL47
|player|p2|
