|j|☆claudechamp
|j|☆Inothtunothtino
|t:|1779578967
|gametype|singles
|player|p1|claudechamp|101|1332
|player|p2|Inothtunothtino|fisherman|1273
|gen|9
|tier|[Gen 9] OU
|rated|
|rule|HP Percentage Mod: HP is shown in percentages
|rule|Endless Battle Clause: Forcing endless battles is banned
|rule|Species Clause: Limit one of each Pokémon
|rule|OHKO Clause: OHKO moves are banned
|rule|Evasion Items Clause: Evasion items are banned
|rule|Evasion Moves Clause: Evasion moves are banned
|rule|Evasion Abilities Clause: Evasion abilities are banned
|rule|Sleep Moves Clause: Sleep-inducing moves are banned
|clearpoke
|poke|p1|Gliscor, M|
|poke|p1|Gholdengo|
|poke|p1|Zamazenta-*|
|poke|p1|Blissey, F|
|poke|p1|Skarmory, F|
|poke|p1|Pecharunt|
|poke|p2|Weezing-Galar, M|
|poke|p2|Alomomola, F|
|poke|p2|Iron Treads|
|poke|p2|Tornadus-Therian, M|
|poke|p2|Zamazenta-*|
|poke|p2|Lokix, M|
|teampreview
|c|☆claudechamp|hf
|inactive|Battle timer is ON: inactive players will automatically lose when time's up. (requested by claudechamp)
|
|t:|1779578975
|teamsize|p1|6
|teamsize|p2|6
|start
|switch|p1a: Skarmory|Skarmory, F|100/100
|switch|p2a: Alomomola|Alomomola, F|100/100
|turn|1
|
|t:|1779578978
|move|p1a: Skarmory|Spikes|p2a: Alomomola
|-sidestart|p2: Inothtunothtino|Spikes
|move|p2a: Alomomola|Tickle|p1a: Skarmory
|-unboost|p1a: Skarmory|atk|1
|-unboost|p1a: Skarmory|def|1
|
|upkeep
|turn|2
|
|t:|1779578982
|move|p1a: Skarmory|Spikes|p2a: Alomomola
|-sidestart|p2: Inothtunothtino|Spikes
|move|p2a: Alomomola|Flip Turn|p1a: Skarmory
|-damage|p1a: Skarmory|83/100
|
|t:|1779578991
|switch|p2a: Tornadus|Tornadus-Therian, M|100/100|[from] Flip Turn
|
|upkeep
|turn|3
|
|t:|1779578993
|move|p2a: Tornadus|Heat Wave|p1a: Skarmory
|-supereffective|p1a: Skarmory
|-damage|p1a: Skarmory|24/100
|move|p1a: Skarmory|Spikes|p2a: Tornadus
|-sidestart|p2: Inothtunothtino|Spikes
|
|upkeep
|turn|4
|
|t:|1779578997
|switch|p1a: Blissey|Blissey, F|100/100
|move|p2a: Tornadus|Knock Off|p1a: Blissey
|-damage|p1a: Blissey|80/100
|-enditem|p1a: Blissey|Heavy-Duty Boots|[from] move: Knock Off|[of] p2a: Tornadus
|
|upkeep
|turn|5
|
|t:|1779579001
|move|p2a: Tornadus|U-turn|p1a: Blissey
|-damage|p1a: Blissey|64/100
|
|t:|1779579003
|switch|p2a: Iron Treads|Iron Treads|100/100|[from] U-turn
|-damage|p2a: Iron Treads|75/100|[from] Spikes
|move|p1a: Blissey|Stealth Rock|p2a: Iron Treads
|-sidestart|p2: Inothtunothtino|move: Stealth Rock
|
|-heal|p2a: Iron Treads|82/100|[from] item: Leftovers
|upkeep
|turn|6
|
|t:|1779579008
|switch|p1a: Pecharunt|Pecharunt|100/100
|move|p2a: Iron Treads|Stealth Rock|p1a: Pecharunt
|-sidestart|p1: claudechamp|move: Stealth Rock
|
|-heal|p2a: Iron Treads|88/100|[from] item: Leftovers
|upkeep
|turn|7
|
|t:|1779579015
|-end|p2a: Iron Treads|Quark Drive|[silent]
|switch|p2a: Weezing|Weezing-Galar, M|100/100
|-ability|p2a: Weezing|Neutralizing Gas
|-damage|p2a: Weezing|76/100|[from] Spikes
|-damage|p2a: Weezing|63/100|[from] Stealth Rock
|move|p1a: Pecharunt|Parting Shot|p2a: Weezing
|-unboost|p2a: Weezing|atk|1
|-unboost|p2a: Weezing|spa|1
|
|t:|1779579017
|switch|p1a: Gholdengo|Gholdengo|100/100|[from] Parting Shot
|-damage|p1a: Gholdengo|94/100|[from] Stealth Rock
|
|-heal|p2a: Weezing|69/100|[from] item: Leftovers
|upkeep
|turn|8
|
|t:|1779579021
|-end|p2a: Weezing|ability: Neutralizing Gas
|switch|p2a: Tornadus|Tornadus-Therian, M|100/100
|-damage|p2a: Tornadus|76/100|[from] Stealth Rock
|move|p1a: Gholdengo|Nasty Plot|p1a: Gholdengo
|-boost|p1a: Gholdengo|spa|2
|
|upkeep
|turn|9
|
|t:|1779579024
|move|p2a: Tornadus|Heat Wave|p1a: Gholdengo
|-supereffective|p1a: Gholdengo
|-damage|p1a: Gholdengo|49/100
|move|p1a: Gholdengo|Thunder Wave|p2a: Tornadus
|-status|p2a: Tornadus|par
|
|upkeep
|turn|10
|
|t:|1779579028
|move|p1a: Gholdengo|Hex|p2a: Tornadus
|-damage|p2a: Tornadus|0 fnt
|faint|p2a: Tornadus
|
|upkeep
|
|t:|1779579032
|switch|p2a: Iron Treads|Iron Treads|88/100
|-damage|p2a: Iron Treads|63/100|[from] Spikes
|-damage|p2a: Iron Treads|60/100|[from] Stealth Rock
|turn|11
|
|t:|1779579034
|move|p2a: Iron Treads|Earthquake|p1a: Gholdengo
|-supereffective|p1a: Gholdengo
|-damage|p1a: Gholdengo|0 fnt
|faint|p1a: Gholdengo
|
|-heal|p2a: Iron Treads|66/100|[from] item: Leftovers
|upkeep
|
|t:|1779579036
|switch|p1a: Zamazenta|Zamazenta|100/100
|-ability|p1a: Zamazenta|Dauntless Shield|boost
|-boost|p1a: Zamazenta|def|1
|turn|12
|
|t:|1779579042
|-end|p2a: Iron Treads|Quark Drive|[silent]
|switch|p2a: Alomomola|Alomomola, F|100/100
|-damage|p2a: Alomomola|76/100|[from] Spikes
|-damage|p2a: Alomomola|63/100|[from] Stealth Rock
|move|p1a: Zamazenta|Close Combat|p2a: Alomomola
|-crit|p2a: Alomomola
|-damage|p2a: Alomomola|14/100
|-unboost|p1a: Zamazenta|def|1
|-unboost|p1a: Zamazenta|spd|1
|-damage|p1a: Zamazenta|84/100|[from] item: Rocky Helmet|[of] p2a: Alomomola
|
|upkeep
|turn|13
|
|t:|1779579047
|-terastallize|p2a: Alomomola|Ghost
|move|p1a: Zamazenta|Close Combat|p2a: Alomomola
|-immune|p2a: Alomomola
|move|p2a: Alomomola|Wish|p2a: Alomomola
|
|upkeep
|turn|14
|
|t:|1779579050
|move|p1a: Zamazenta|Crunch|p2a: Alomomola
|-supereffective|p2a: Alomomola
|-damage|p2a: Alomomola|0 fnt
|-damage|p1a: Zamazenta|67/100|[from] item: Rocky Helmet|[of] p2a: Alomomola
|faint|p2a: Alomomola
|
|upkeep
|
|t:|1779579054
|switch|p2a: Zamazenta|Zamazenta|100/100
|-damage|p2a: Zamazenta|76/100|[from] Spikes
|-damage|p2a: Zamazenta|69/100|[from] Stealth Rock
|-ability|p2a: Zamazenta|Dauntless Shield|boost
|-boost|p2a: Zamazenta|def|1
|turn|15
|
|t:|1779579057
|switch|p1a: Gliscor|Gliscor, M|100/100
|-damage|p1a: Gliscor|88/100|[from] Stealth Rock
|move|p2a: Zamazenta|Crunch|p1a: Gliscor
|-damage|p1a: Gliscor|56/100
|
|-status|p1a: Gliscor|tox|[from] item: Toxic Orb
|upkeep
|turn|16
|
|t:|1779579061
|-terastallize|p1a: Gliscor|Dark
|move|p2a: Zamazenta|Crunch|p1a: Gliscor
|-resisted|p1a: Gliscor
|-damage|p1a: Gliscor|37/100 tox
|move|p1a: Gliscor|Swords Dance|p1a: Gliscor
|-boost|p1a: Gliscor|atk|2
|
|-heal|p1a: Gliscor|50/100 tox|[from] ability: Poison Heal
|upkeep
|turn|17
|
|t:|1779579067
|switch|p2a: Weezing|Weezing-Galar, M|69/100
|-ability|p2a: Weezing|Neutralizing Gas
|-damage|p2a: Weezing|44/100|[from] Spikes
|-damage|p2a: Weezing|32/100|[from] Stealth Rock
|move|p1a: Gliscor|Earthquake|p2a: Weezing
|-supereffective|p2a: Weezing
|-crit|p2a: Weezing
|-damage|p2a: Weezing|0 fnt
|faint|p2a: Weezing
|-end|p2a: Weezing|ability: Neutralizing Gas
|
|-heal|p1a: Gliscor|62/100 tox|[from] ability: Poison Heal
|upkeep
|
|t:|1779579070
|switch|p2a: Zamazenta|Zamazenta|69/100
|-damage|p2a: Zamazenta|44/100|[from] Spikes
|-damage|p2a: Zamazenta|38/100|[from] Stealth Rock
|turn|18
|
|t:|1779579073
|move|p2a: Zamazenta|Heavy Slam|p1a: Gliscor
|-damage|p1a: Gliscor|20/100 tox
|move|p1a: Gliscor|Knock Off|p2a: Zamazenta
|-resisted|p2a: Zamazenta
|-damage|p2a: Zamazenta|9/100
|-enditem|p2a: Zamazenta|Choice Band|[from] move: Knock Off|[of] p1a: Gliscor
|
|-heal|p1a: Gliscor|32/100 tox|[from] ability: Poison Heal
|upkeep
|turn|19
|
|t:|1779579077
|move|p1a: Gliscor|Protect|p1a: Gliscor
|-singleturn|p1a: Gliscor|Protect
|move|p2a: Zamazenta|Heavy Slam|p1a: Gliscor
|-activate|p1a: Gliscor|move: Protect
|
|-heal|p1a: Gliscor|45/100 tox|[from] ability: Poison Heal
|upkeep
|turn|20
|
|t:|1779579080
|move|p2a: Zamazenta|Close Combat|p1a: Gliscor
|-supereffective|p1a: Gliscor
|-damage|p1a: Gliscor|0 fnt
|-unboost|p2a: Zamazenta|def|1
|-unboost|p2a: Zamazenta|spd|1
|faint|p1a: Gliscor
|
|upkeep
|
|t:|1779579084
|switch|p1a: Zamazenta|Zamazenta|67/100
|turn|21
|
|t:|1779579087
|move|p1a: Zamazenta|Crunch|p2a: Zamazenta
|-resisted|p2a: Zamazenta
|-damage|p2a: Zamazenta|0 fnt
|faint|p2a: Zamazenta
|
|upkeep
|
|t:|1779579089
|switch|p2a: Iron Treads|Iron Treads|66/100
|-damage|p2a: Iron Treads|41/100|[from] Spikes
|-damage|p2a: Iron Treads|38/100|[from] Stealth Rock
|turn|22
|
|t:|1779579091
|move|p1a: Zamazenta|Close Combat|p2a: Iron Treads
|-supereffective|p2a: Iron Treads
|-damage|p2a: Iron Treads|0 fnt
|-unboost|p1a: Zamazenta|def|1
|-unboost|p1a: Zamazenta|spd|1
|faint|p2a: Iron Treads
|-end|p2a: Iron Treads|Quark Drive|[silent]
|
|upkeep
|
|t:|1779579094
|switch|p2a: Lokix|Lokix, M|100/100
|-damage|p2a: Lokix|76/100|[from] Spikes
|-damage|p2a: Lokix|51/100|[from] Stealth Rock
|turn|23
|
|t:|1779579098
|move|p1a: Zamazenta|Close Combat|p2a: Lokix
|-damage|p2a: Lokix|0 fnt
|-unboost|p1a: Zamazenta|def|1
|-unboost|p1a: Zamazenta|spd|1
|faint|p2a: Lokix
|
|win|claudechamp
|raw|claudechamp's rating: 1332 &rarr; <strong>1349</strong><br />(+17 for winning)
|raw|Inothtunothtino's rating: 1273 &rarr; <strong>1252</strong><br />(-21 for losing)
|c|☆claudechamp|gg
