|j|☆encore21768768
|j|☆Abyssal Bot
|t:|1779643671
|gametype|singles
|player|p1|encore21768768|266|
|player|p2|Abyssal Bot|supernerd|
|teamsize|p1|6
|teamsize|p2|6
|gen|9
|tier|[Gen 9] OU
|rule|Species Clause: Limit one of each Pokémon
|rule|OHKO Clause: OHKO moves are banned
|rule|Evasion Items Clause: Evasion items are banned
|rule|Evasion Moves Clause: Evasion moves are banned
|rule|Endless Battle Clause: Forcing endless battles is banned
|rule|HP Percentage Mod: HP is shown in percentages
|rule|Sleep Moves Clause: Sleep-inducing moves are banned
|clearpoke
|poke|p1|Metagross|
|poke|p1|Corviknight, M|
|poke|p1|Landorus-Therian, M|
|poke|p1|Decidueye, F|
|poke|p1|Grafaiai, M|
|poke|p1|Ninetales-Alola, F|
|poke|p2|Gliscor, M|
|poke|p2|Alomomola, F|
|poke|p2|Gholdengo|
|poke|p2|Hoopa-Unbound|
|poke|p2|Cinderace, F|
|poke|p2|Zamazenta-*|
|teampreview
|c|☆Abyssal Bot|Good Luck and Have Fun my Friend!
|inactive|Battle timer is ON: inactive players will automatically lose when time's up. (requested by Abyssal Bot)
|j|*Turbo Bottttt
|
|t:|1779643677
|start
|switch|p1a: hank|Metagross|100/100
|switch|p2a: Gliscor|Gliscor, M|100/100
|turn|1
|
|t:|1779643680
|move|p2a: Gliscor|Swords Dance|p2a: Gliscor
|-boost|p2a: Gliscor|atk|2
|move|p1a: hank|Trick|p2a: Gliscor
|-activate|p1a: hank|move: Trick|[of] p2a: Gliscor
|-item|p2a: Gliscor|Choice Specs|[from] move: Trick
|-item|p1a: hank|Toxic Orb|[from] move: Trick
|
|upkeep
|turn|2
|
|t:|1779643682
|switch|p1a: visit|Landorus-Therian, M|100/100
|-ability|p1a: visit|Intimidate|boost
|-unboost|p2a: Gliscor|atk|1
|move|p2a: Gliscor|Earthquake|p1a: visit
|-immune|p1a: visit
|
|upkeep
|turn|3
|
|t:|1779643685
|switch|p2a: Hoopa|Hoopa-Unbound|100/100
|move|p1a: visit|Swords Dance|p1a: visit
|-boost|p1a: visit|atk|2
|
|upkeep
|turn|4
|
|t:|1779643688
|switch|p2a: Gliscor|Gliscor, M|100/100
|move|p1a: visit|Earthquake|p2a: Gliscor
|-immune|p2a: Gliscor
|
|upkeep
|turn|5
|
|t:|1779643691
|move|p2a: Gliscor|Protect|p2a: Gliscor
|-singleturn|p2a: Gliscor|Protect
|move|p1a: visit|Gravity|p1a: visit
|-fieldstart|move: Gravity
|
|upkeep
|turn|6
|
|t:|1779643693
|switch|p2a: Hoopa|Hoopa-Unbound|100/100
|move|p1a: visit|Swords Dance|p1a: visit
|-boost|p1a: visit|atk|2
|
|upkeep
|turn|7
|
|t:|1779643696
|switch|p2a: Gliscor|Gliscor, M|100/100
|move|p1a: visit|Earthquake|p2a: Gliscor
|-damage|p2a: Gliscor|0
|faint|p2a: Gliscor
|
|upkeep
|
|t:|1779643696
|switch|p2a: Hoopa|Hoopa-Unbound|100/100
|turn|8
|
|t:|1779643698
|move|p1a: visit|Earthquake|p2a: Hoopa
|-damage|p2a: Hoopa|0
|faint|p2a: Hoopa
|
|upkeep
|
|t:|1779643698
|switch|p2a: Alomomola|Alomomola, F|100/100
|turn|9
|
|t:|1779643700
|move|p2a: Alomomola|Protect|p2a: Alomomola
|-singleturn|p2a: Alomomola|Protect
|move|p1a: visit|Earthquake|p2a: Alomomola
|-activate|p2a: Alomomola|move: Protect
|
|-fieldend|move: Gravity
|upkeep
|turn|10
|
|t:|1779643702
|move|p1a: visit|Earthquake|p2a: Alomomola
|-crit|p2a: Alomomola
|-damage|p2a: Alomomola|0
|faint|p2a: Alomomola
|
|upkeep
|c|☆Abyssal Bot|I should be the one who gets hax ;-;
|
|t:|1779643702
|switch|p2a: Gholdengo|Gholdengo|100/100
|turn|11
|
|t:|1779643705
|move|p2a: Gholdengo|Make It Rain|p1a: visit
|-damage|p1a: visit|25/100
|-unboost|p2a: Gholdengo|spa|1
|move|p1a: visit|Earthquake|p2a: Gholdengo
|-supereffective|p2a: Gholdengo
|-damage|p2a: Gholdengo|0
|faint|p2a: Gholdengo
|
|upkeep
|
|t:|1779643705
|switch|p2a: Cinderace|Cinderace, F|100/100
|turn|12
|inactive|encore21768768 has 270 seconds left.
|
|t:|1779643759
|switch|p1a: books|Decidueye, F|100/100
|move|p2a: Cinderace|Pyro Ball|p1a: books|[miss]
|-miss|p2a: Cinderace|p1a: books
|
|upkeep
|turn|13
|c|☆Abyssal Bot|;-;
|
|t:|1779643762
|move|p2a: Cinderace|Pyro Ball|p1a: books
|-supereffective|p1a: books
|-damage|p1a: books|0
|faint|p1a: books
|
|upkeep
|
|t:|1779643767
|switch|p1a: visit|Landorus-Therian, M|25/100
|-ability|p1a: visit|Intimidate|boost
|-unboost|p2a: Cinderace|atk|1
|turn|14
|
|t:|1779643772
|move|p2a: Cinderace|Pyro Ball|p1a: visit
|-damage|p1a: visit|0
|faint|p1a: visit
|
|upkeep
|
|t:|1779643774
|switch|p1a: mama III|Ninetales-Alola, F|100/100
|-weather|Snow|[from] ability: Snow Warning|[of] p1a: mama III
|turn|15
|
|t:|1779643775
|move|p2a: Cinderace|Pyro Ball|p1a: mama III|[miss]
|-miss|p2a: Cinderace|p1a: mama III
|move|p1a: mama III|Aurora Veil|p1a: mama III
|-sidestart|p1: encore21768768|move: Aurora Veil
|
|-weather|Snow|[upkeep]
|upkeep
|turn|16
|c|☆Abyssal Bot|;-;
|
|t:|1779643783
|move|p2a: Cinderace|Pyro Ball|p1a: mama III|[miss]
|-miss|p2a: Cinderace|p1a: mama III
|move|p1a: mama III|Chilling Water|p2a: Cinderace
|-supereffective|p2a: Cinderace
|-damage|p2a: Cinderace|63/100
|-unboost|p2a: Cinderace|atk|1
|
|-weather|Snow|[upkeep]
|upkeep
|turn|17
|c|☆Abyssal Bot|Uh Cinderace, you're as blind as Deino...
|
|t:|1779643796
|move|p2a: Cinderace|Pyro Ball|p1a: mama III
|-supereffective|p1a: mama III
|-damage|p1a: mama III|71/100
|move|p1a: mama III|Nasty Plot|p1a: mama III
|-boost|p1a: mama III|spa|2
|
|-weather|Snow|[upkeep]
|upkeep
|turn|18
|
|t:|1779643800
|move|p2a: Cinderace|Pyro Ball|p1a: mama III
|-supereffective|p1a: mama III
|-damage|p1a: mama III|43/100
|move|p1a: mama III|Chilling Water|p2a: Cinderace
|-supereffective|p2a: Cinderace
|-crit|p2a: Cinderace
|-damage|p2a: Cinderace|0
|faint|p2a: Cinderace
|
|-weather|Snow|[upkeep]
|upkeep
|c|☆Abyssal Bot|Oh crap, that crit...
|
|t:|1779643801
|switch|p2a: Zamazenta|Zamazenta|100/100
|-ability|p2a: Zamazenta|Dauntless Shield|boost
|-boost|p2a: Zamazenta|def|1
|turn|19
|
|t:|1779643802
|move|p2a: Zamazenta|Iron Defense|p2a: Zamazenta
|-boost|p2a: Zamazenta|def|2
|move|p1a: mama III|Moonblast|p2a: Zamazenta
|-supereffective|p2a: Zamazenta
|-damage|p2a: Zamazenta|0
|faint|p2a: Zamazenta
|
|win|encore21768768
|c|☆Abyssal Bot|Oh, I lost. Good Game.
|l|☆Abyssal Bot
|player|p2|
|l|*Turbo Bottttt
