|j|☆party girl 2004
|j|☆rocktypepokemans
|t:|1779608898
|gametype|singles
|player|p1|party girl 2004|lass-gen4dp|1341
|player|p2|rocktypepokemans|gambler|1430
|gen|9
|tier|[Gen 9] OU
|rated|
|rule|HP Percentage Mod: HP is shown in percentages
|rule|Endless Battle Clause: Forcing endless battles is banned
|rule|Species Clause: Limit one of each Pokémon
|rule|OHKO Clause: OHKO moves are banned
|rule|Evasion Items Clause: Evasion items are banned
|rule|Evasion Moves Clause: Evasion moves are banned
|rule|Evasion Abilities Clause: Evasion abilities are banned
|rule|Sleep Moves Clause: Sleep-inducing moves are banned
|clearpoke
|poke|p1|Mew|
|poke|p1|Emboar, M|
|poke|p1|Serperior, M|
|poke|p1|Enamorus, F|
|poke|p1|Hoopa-Unbound|
|poke|p1|Kommo-o, M|
|poke|p2|Walking Wake|
|poke|p2|Great Tusk|
|poke|p2|Ninetales, M|
|poke|p2|Cresselia, F|
|poke|p2|Zarude|
|poke|p2|Ceruledge, M|
|teampreview
|inactive|Battle timer is ON: inactive players will automatically lose when time's up. (requested by party girl 2004)
|inactive|party girl 2004 has 120 seconds left.
|
|t:|1779608934
|teamsize|p1|6
|teamsize|p2|6
|start
|switch|p1a: 3333|Serperior, M, shiny|100/100
|switch|p2a: Ninetales|Ninetales, M|100/100
|-weather|SunnyDay|[from] ability: Drought|[of] p2a: Ninetales
|turn|1
|
|t:|1779608944
|move|p1a: 3333|Glare|p2a: Ninetales
|-status|p2a: Ninetales|par
|move|p2a: Ninetales|Overheat|p1a: 3333
|-supereffective|p1a: 3333
|-enditem|p1a: 3333|Focus Sash
|-damage|p1a: 3333|1/100
|-unboost|p2a: Ninetales|spa|2
|
|-weather|SunnyDay|[upkeep]
|upkeep
|turn|2
|
|t:|1779608952
|move|p1a: 3333|Taunt|p2a: Ninetales
|-start|p2a: Ninetales|move: Taunt
|move|p2a: Ninetales|Overheat|p1a: 3333
|-supereffective|p1a: 3333
|-damage|p1a: 3333|0 fnt
|-unboost|p2a: Ninetales|spa|2
|faint|p1a: 3333
|
|-weather|SunnyDay|[upkeep]
|upkeep
|
|t:|1779608966
|switch|p1a: 1111|Mew, shiny|100/100
|turn|3
|
|t:|1779608978
|switch|p2a: Zarude|Zarude|100/100
|move|p1a: 1111|Spikes|p2a: Zarude
|-sidestart|p2: rocktypepokemans|Spikes
|
|-weather|SunnyDay|[upkeep]
|upkeep
|turn|4
|
|t:|1779608983
|move|p1a: 1111|Tailwind|p1a: 1111
|-sidestart|p1: party girl 2004|move: Tailwind
|move|p2a: Zarude|Knock Off|p1a: 1111
|-supereffective|p1a: 1111
|-enditem|p1a: 1111|Colbur Berry|[eat]
|-enditem|p1a: 1111|Colbur Berry|[weaken]
|-damage|p1a: 1111|62/100
|
|-weather|SunnyDay|[upkeep]
|upkeep
|turn|5
|
|t:|1779608988
|move|p1a: 1111|Misty Explosion|p2a: Zarude
|-supereffective|p2a: Zarude
|-damage|p2a: Zarude|54/100
|faint|p1a: 1111
|move|p2a: Zarude|Swords Dance|p2a: Zarude
|-boost|p2a: Zarude|atk|2
|
|-weather|SunnyDay|[upkeep]
|-heal|p2a: Zarude|60/100|[from] item: Leftovers
|upkeep
|
|t:|1779608994
|switch|p1a: 2222|Emboar, M, shiny|100/100
|turn|6
|
|t:|1779609001
|switch|p2a: Walking Wake|Walking Wake|100/100
|-damage|p2a: Walking Wake|88/100|[from] Spikes
|-activate|p2a: Walking Wake|ability: Protosynthesis
|-start|p2a: Walking Wake|protosynthesisspe
|move|p1a: 2222|Flare Blitz|p2a: Walking Wake
|-resisted|p2a: Walking Wake
|-damage|p2a: Walking Wake|46/100
|-damage|p1a: 2222|87/100|[from] Recoil
|-damage|p1a: 2222|77/100|[from] item: Life Orb
|
|-weather|SunnyDay|[upkeep]
|upkeep
|turn|7
|
|t:|1779609027
|move|p1a: 2222|Sucker Punch|p2a: Walking Wake
|-damage|p2a: Walking Wake|8/100
|-damage|p1a: 2222|67/100|[from] item: Life Orb
|move|p2a: Walking Wake|Hydro Steam|p1a: 2222
|-supereffective|p1a: 2222
|-damage|p1a: 2222|0 fnt
|faint|p1a: 2222
|
|-weather|SunnyDay|[upkeep]
|-sideend|p1: party girl 2004|move: Tailwind
|upkeep
|inactive|party girl 2004 has 120 seconds left.
|
|t:|1779609037
|switch|p1a: 4444|Enamorus, F|100/100
|turn|8
|
|t:|1779609043
|move|p2a: Walking Wake|Hydro Steam|p1a: 4444
|-damage|p1a: 4444|12/100
|move|p1a: 4444|Tailwind|p1a: 4444
|-sidestart|p1: party girl 2004|move: Tailwind
|
|-weather|none
|-end|p2a: Walking Wake|Protosynthesis
|upkeep
|turn|9
|
|t:|1779609053
|move|p1a: 4444|Earth Power|p2a: Walking Wake
|-damage|p2a: Walking Wake|0 fnt
|faint|p2a: Walking Wake
|-end|p2a: Walking Wake|Protosynthesis|[silent]
|
|upkeep
|
|t:|1779609070
|switch|p2a: Ninetales|Ninetales, M|100/100 par
|-damage|p2a: Ninetales|88/100 par|[from] Spikes
|-weather|SunnyDay|[from] ability: Drought|[of] p2a: Ninetales
|turn|10
|
|t:|1779609078
|move|p1a: 4444|Earth Power|p2a: Ninetales
|-supereffective|p2a: Ninetales
|-damage|p2a: Ninetales|19/100 par
|move|p2a: Ninetales|Overheat|p1a: 4444
|-damage|p1a: 4444|0 fnt
|-unboost|p2a: Ninetales|spa|2
|faint|p1a: 4444
|
|-weather|SunnyDay|[upkeep]
|upkeep
|
|t:|1779609084
|switch|p1a: 6666|Kommo-o, M, shiny|100/100
|turn|11
|
|t:|1779609090
|move|p1a: 6666|Clangorous Soul|p1a: 6666
|-boost|p1a: 6666|atk|1
|-boost|p1a: 6666|def|1
|-boost|p1a: 6666|spa|1
|-boost|p1a: 6666|spd|1
|-boost|p1a: 6666|spe|1
|-damage|p1a: 6666|68/100
|-enditem|p1a: 6666|Throat Spray
|-boost|p1a: 6666|spa|1|[from] item: Throat Spray
|move|p2a: Ninetales|Will-O-Wisp|p1a: 6666
|-status|p1a: 6666|brn
|
|-weather|SunnyDay|[upkeep]
|-damage|p1a: 6666|61/100 brn|[from] brn
|-sideend|p1: party girl 2004|move: Tailwind
|upkeep
|turn|12
|
|t:|1779609106
|move|p1a: 6666|Flamethrower|p2a: Ninetales
|-resisted|p2a: Ninetales
|-damage|p2a: Ninetales|0 fnt
|faint|p2a: Ninetales
|
|-weather|SunnyDay|[upkeep]
|-damage|p1a: 6666|55/100 brn|[from] brn
|upkeep
|
|t:|1779609110
|switch|p2a: Great Tusk|Great Tusk|100/100
|-damage|p2a: Great Tusk|88/100|[from] Spikes
|-activate|p2a: Great Tusk|ability: Protosynthesis
|-start|p2a: Great Tusk|protosynthesisatk
|turn|13
|
|t:|1779609121
|-terastallize|p1a: 6666|Normal
|move|p1a: 6666|Boomburst|p2a: Great Tusk
|-damage|p2a: Great Tusk|0 fnt
|faint|p2a: Great Tusk
|-end|p2a: Great Tusk|Protosynthesis|[silent]
|
|-weather|SunnyDay|[upkeep]
|-damage|p1a: 6666|49/100 brn|[from] brn
|upkeep
|
|t:|1779609134
|switch|p2a: Ceruledge|Ceruledge, M|100/100
|-damage|p2a: Ceruledge|88/100|[from] Spikes
|turn|14
|
|t:|1779609142
|move|p1a: 6666|Clanging Scales|p2a: Ceruledge
|-damage|p2a: Ceruledge|0 fnt
|faint|p2a: Ceruledge
|-unboost|p1a: 6666|def|1
|
|-weather|SunnyDay|[upkeep]
|-damage|p1a: 6666|43/100 brn|[from] brn
|upkeep
|
|t:|1779609148
|switch|p2a: Cresselia|Cresselia, F|100/100
|turn|15
|
|t:|1779609164
|move|p1a: 6666|Boomburst|p2a: Cresselia
|-damage|p2a: Cresselia|32/100
|-enditem|p2a: Cresselia|Eject Button
|
|t:|1779609168
|switch|p2a: Zarude|Zarude|60/100
|-damage|p2a: Zarude|48/100|[from] Spikes
|
|-weather|SunnyDay|[upkeep]
|-heal|p2a: Zarude|54/100|[from] item: Leftovers
|-damage|p1a: 6666|37/100 brn|[from] brn
|upkeep
|turn|16
|
|t:|1779609176
|-terastallize|p2a: Zarude|Poison
|move|p1a: 6666|Flamethrower|p2a: Zarude
|-damage|p2a: Zarude|0 fnt
|faint|p2a: Zarude
|
|-weather|SunnyDay|[upkeep]
|-damage|p1a: 6666|30/100 brn|[from] brn
|upkeep
|
|t:|1779609179
|switch|p2a: Cresselia|Cresselia, F|32/100
|turn|17
|-message|rocktypepokemans forfeited.
|
|win|party girl 2004
|raw|party girl 2004's rating: 1341 &rarr; <strong>1366</strong><br />(+25 for winning)
|raw|rocktypepokemans's rating: 1430 &rarr; <strong>1405</strong><br />(-25 for losing)
|l|☆rocktypepokemans
|player|p2|
