|j|☆30delta
|j|☆glimpseman
|t:|1779592834
|gametype|singles
|player|p1|30delta|rocketgrunt|1336
|player|p2|glimpseman|#wcor2025canada|1307
|gen|9
|tier|[Gen 9] OU
|rated|
|rule|HP Percentage Mod: HP is shown in percentages
|rule|Endless Battle Clause: Forcing endless battles is banned
|rule|Species Clause: Limit one of each Pokémon
|rule|OHKO Clause: OHKO moves are banned
|rule|Evasion Items Clause: Evasion items are banned
|rule|Evasion Moves Clause: Evasion moves are banned
|rule|Evasion Abilities Clause: Evasion abilities are banned
|rule|Sleep Moves Clause: Sleep-inducing moves are banned
|clearpoke
|poke|p1|Garganacl, M|
|poke|p1|Dondozo, M|
|poke|p1|Kingambit, F|
|poke|p1|Great Tusk|
|poke|p1|Amoonguss, F|
|poke|p1|Dugtrio, F|
|poke|p2|Toxtricity, F|
|poke|p2|Iron Treads|
|poke|p2|Pecharunt|
|poke|p2|Clefable, F|
|poke|p2|Ogerpon-Wellspring, F|
|poke|p2|Darkrai|
|teampreview
|inactive|Battle timer is ON: inactive players will automatically lose when time's up. (requested by glimpseman)
|inactive|30delta also wants the timer to be on.
|inactive|glimpseman has 120 seconds left.
|
|t:|1779592870
|teamsize|p1|6
|teamsize|p2|6
|start
|switch|p1a: Amoonguss|Amoonguss, F|100/100
|switch|p2a: Darkrai|Darkrai|100/100
|turn|1
|
|t:|1779592875
|move|p2a: Darkrai|Ice Beam|p1a: Amoonguss
|-supereffective|p1a: Amoonguss
|-damage|p1a: Amoonguss|31/100
|move|p1a: Amoonguss|Toxic|p2a: Darkrai
|-status|p2a: Darkrai|tox
|
|-damage|p2a: Darkrai|94/100 tox|[from] psn
|upkeep
|turn|2
|
|t:|1779592884
|switch|p2a: Iron Treads|Iron Treads|100/100
|switch|p1a: Garganacl|Garganacl, M|100/100
|
|upkeep
|turn|3
|
|t:|1779592889
|-terastallize|p1a: Garganacl|Fairy
|move|p2a: Iron Treads|Earthquake|p1a: Garganacl
|-crit|p1a: Garganacl
|-damage|p1a: Garganacl|55/100
|move|p1a: Garganacl|Salt Cure|p2a: Iron Treads
|-resisted|p2a: Iron Treads
|-damage|p2a: Iron Treads|98/100
|-start|p2a: Iron Treads|Salt Cure
|
|-heal|p1a: Garganacl|61/100|[from] item: Leftovers
|-damage|p2a: Iron Treads|73/100|[from] Salt Cure
|upkeep
|turn|4
|
|t:|1779592896
|-end|p2a: Iron Treads|Quark Drive|[silent]
|switch|p2a: Clefable|Clefable, F|100/100
|move|p1a: Garganacl|Recover|p1a: Garganacl
|-heal|p1a: Garganacl|100/100
|
|upkeep
|turn|5
|
|t:|1779592899
|move|p2a: Clefable|Calm Mind|p2a: Clefable
|-boost|p2a: Clefable|spa|1
|-boost|p2a: Clefable|spd|1
|move|p1a: Garganacl|Stealth Rock|p2a: Clefable
|-sidestart|p2: glimpseman|move: Stealth Rock
|
|upkeep
|turn|6
|
|t:|1779592902
|switch|p1a: Amoonguss|Amoonguss, F|64/100
|move|p2a: Clefable|Moonblast|p1a: Amoonguss
|-resisted|p1a: Amoonguss
|-crit|p1a: Amoonguss
|-damage|p1a: Amoonguss|18/100
|
|upkeep
|turn|7
|
|t:|1779592912
|move|p2a: Clefable|Moonblast|p1a: Amoonguss
|-resisted|p1a: Amoonguss
|-damage|p1a: Amoonguss|0 fnt
|faint|p1a: Amoonguss
|
|upkeep
|
|t:|1779592916
|switch|p1a: Dugtrio|Dugtrio, F|100/100
|turn|8
|
|t:|1779592920
|move|p1a: Dugtrio|Earthquake|p2a: Clefable
|-damage|p2a: Clefable|49/100
|-enditem|p2a: Clefable|Kee Berry|[eat]
|-boost|p2a: Clefable|def|1|[from] item: Kee Berry
|move|p2a: Clefable|Moonblast|p1a: Dugtrio
|-damage|p1a: Dugtrio|0 fnt
|faint|p1a: Dugtrio
|
|upkeep
|
|t:|1779592930
|switch|p1a: Kingambit|Kingambit, F|100/100
|-activate|p1a: Kingambit|ability: Supreme Overlord
|-start|p1a: Kingambit|fallen2|[silent]
|turn|9
|
|t:|1779592938
|-terastallize|p2a: Clefable|Steel
|move|p1a: Kingambit|Iron Head|p2a: Clefable
|-resisted|p2a: Clefable
|-damage|p2a: Clefable|28/100
|move|p2a: Clefable|Moonblast|p1a: Kingambit
|-damage|p1a: Kingambit|21/100
|
|-heal|p1a: Kingambit|27/100|[from] item: Leftovers
|upkeep
|turn|10
|
|t:|1779592942
|move|p1a: Kingambit|Kowtow Cleave|p2a: Clefable
|-damage|p2a: Clefable|0 fnt
|faint|p2a: Clefable
|
|-heal|p1a: Kingambit|34/100|[from] item: Leftovers
|upkeep
|
|t:|1779592946
|switch|p2a: Iron Treads|Iron Treads|73/100
|-damage|p2a: Iron Treads|70/100|[from] Stealth Rock
|turn|11
|
|t:|1779592949
|-end|p1a: Kingambit|fallen2|[silent]
|switch|p1a: Garganacl|Garganacl, M, tera:Fairy|100/100
|move|p2a: Iron Treads|Rapid Spin|p1a: Garganacl
|-damage|p1a: Garganacl|90/100
|-boost|p2a: Iron Treads|spe|1
|-sideend|p2: glimpseman|Stealth Rock|[from] move: Rapid Spin|[of] p2a: Iron Treads
|
|-heal|p1a: Garganacl|96/100|[from] item: Leftovers
|upkeep
|turn|12
|
|t:|1779592956
|move|p2a: Iron Treads|Knock Off|p1a: Garganacl
|-resisted|p1a: Garganacl
|-damage|p1a: Garganacl|87/100
|-enditem|p1a: Garganacl|Leftovers|[from] move: Knock Off|[of] p2a: Iron Treads
|move|p1a: Garganacl|Salt Cure|p2a: Iron Treads
|-resisted|p2a: Iron Treads
|-damage|p2a: Iron Treads|67/100
|-start|p2a: Iron Treads|Salt Cure
|
|-damage|p2a: Iron Treads|42/100|[from] Salt Cure
|upkeep
|turn|13
|
|t:|1779592958
|-end|p2a: Iron Treads|Quark Drive|[silent]
|switch|p2a: Pecharunt|Pecharunt|100/100
|move|p1a: Garganacl|Protect||[still]
|-fail|p1a: Garganacl
|
|upkeep
|turn|14
|
|t:|1779592964
|switch|p1a: Kingambit|Kingambit, F|34/100
|-activate|p1a: Kingambit|ability: Supreme Overlord
|-start|p1a: Kingambit|fallen2|[silent]
|move|p2a: Pecharunt|Parting Shot|p1a: Kingambit
|-unboost|p1a: Kingambit|atk|1
|-unboost|p1a: Kingambit|spa|1
|
|t:|1779592968
|switch|p2a: Iron Treads|Iron Treads|42/100|[from] Parting Shot
|
|-heal|p1a: Kingambit|40/100|[from] item: Leftovers
|upkeep
|turn|15
|
|t:|1779592976
|-end|p1a: Kingambit|fallen2|[silent]
|switch|p1a: Dondozo|Dondozo, M|100/100
|move|p2a: Iron Treads|Earthquake|p1a: Dondozo
|-crit|p1a: Dondozo
|-damage|p1a: Dondozo|67/100
|
|-heal|p1a: Dondozo|73/100|[from] item: Leftovers
|upkeep
|turn|16
|
|t:|1779592978
|move|p2a: Iron Treads|Knock Off|p1a: Dondozo
|-damage|p1a: Dondozo|58/100
|-enditem|p1a: Dondozo|Leftovers|[from] move: Knock Off|[of] p2a: Iron Treads
|move|p1a: Dondozo|Waterfall|p2a: Iron Treads
|-supereffective|p2a: Iron Treads
|-damage|p2a: Iron Treads|0 fnt
|faint|p2a: Iron Treads
|-end|p2a: Iron Treads|Quark Drive|[silent]
|
|upkeep
|
|t:|1779592981
|switch|p2a: Toxtricity|Toxtricity, F|100/100
|turn|17
|
|t:|1779592988
|switch|p1a: Garganacl|Garganacl, M, tera:Fairy|87/100
|move|p2a: Toxtricity|Shift Gear|p2a: Toxtricity
|-boost|p2a: Toxtricity|spe|2
|-boost|p2a: Toxtricity|atk|1
|
|upkeep
|turn|18
|
|t:|1779592991
|move|p2a: Toxtricity|Substitute|p2a: Toxtricity
|-start|p2a: Toxtricity|Substitute
|-damage|p2a: Toxtricity|76/100
|move|p1a: Garganacl|Salt Cure|p2a: Toxtricity
|-activate|p2a: Toxtricity|move: Substitute|[damage]
|
|upkeep
|turn|19
|-message|30delta forfeited.
|
|win|glimpseman
|raw|30delta's rating: 1336 &rarr; <strong>1314</strong><br />(-22 for losing)
|raw|glimpseman's rating: 1307 &rarr; <strong>1329</strong><br />(+22 for winning)
|l|☆30delta
|player|p1|
|l|☆glimpseman
|player|p2|
|j|☆glimpseman
|player|p2|glimpseman|#wcor2025canada|
|l|☆glimpseman
|player|p2|
