|j|☆furina 50
|j|☆claudechamp
|t:|1779722533
|gametype|singles
|player|p1|furina 50|red|1331
|player|p2|claudechamp|265|1291
|gen|9
|tier|[Gen 9] OU
|rated|
|rule|HP Percentage Mod: HP is shown in percentages
|rule|Endless Battle Clause: Forcing endless battles is banned
|rule|Species Clause: Limit one of each Pokémon
|rule|OHKO Clause: OHKO moves are banned
|rule|Evasion Items Clause: Evasion items are banned
|rule|Evasion Moves Clause: Evasion moves are banned
|rule|Evasion Abilities Clause: Evasion abilities are banned
|rule|Sleep Moves Clause: Sleep-inducing moves are banned
|clearpoke
|poke|p1|Corviknight, M|
|poke|p1|Great Tusk|
|poke|p1|Dondozo, F|
|poke|p1|Rillaboom, F|
|poke|p1|Kyurem|
|poke|p1|Clefable, F|
|poke|p2|Gliscor, M|
|poke|p2|Ogerpon, F|
|poke|p2|Walking Wake|
|poke|p2|Blissey, F|
|poke|p2|Corviknight, M|
|poke|p2|Pecharunt|
|teampreview
|c|☆claudechamp|hf
|inactive|Battle timer is ON: inactive players will automatically lose when time's up. (requested by claudechamp)
|
|t:|1779722543
|teamsize|p1|6
|teamsize|p2|6
|start
|switch|p1a: Rillaboom|Rillaboom, F|100/100
|switch|p2a: Gliscor|Gliscor, M|100/100
|-fieldstart|move: Grassy Terrain|[from] ability: Grassy Surge|[of] p1a: Rillaboom
|turn|1
|
|t:|1779722553
|switch|p1a: Corviknight|Corviknight, M|100/100
|move|p2a: Gliscor|Spikes|p1a: Corviknight
|-sidestart|p1: furina 50|Spikes
|
|-status|p2a: Gliscor|tox|[from] item: Toxic Orb
|upkeep
|turn|2
|
|t:|1779722562
|move|p2a: Gliscor|Spikes|p1a: Corviknight
|-sidestart|p1: furina 50|Spikes
|move|p1a: Corviknight|U-turn|p2a: Gliscor
|-resisted|p2a: Gliscor
|-damage|p2a: Gliscor|95/100 tox
|
|t:|1779722574
|switch|p1a: Great Tusk|Great Tusk|100/100|[from] U-turn
|-damage|p1a: Great Tusk|84/100|[from] Spikes
|-enditem|p1a: Great Tusk|Booster Energy
|-activate|p1a: Great Tusk|ability: Protosynthesis|[fromitem]
|-start|p1a: Great Tusk|protosynthesisatk
|
|-heal|p1a: Great Tusk|90/100|[from] Grassy Terrain
|-heal|p2a: Gliscor|100/100 tox|[from] ability: Poison Heal
|upkeep
|turn|3
|
|t:|1779722588
|move|p1a: Great Tusk|Rapid Spin|p2a: Gliscor
|-damage|p2a: Gliscor|84/100 tox
|-boost|p1a: Great Tusk|spe|1
|-sideend|p1: furina 50|Spikes|[from] move: Rapid Spin|[of] p1a: Great Tusk
|move|p2a: Gliscor|Toxic|p1a: Great Tusk
|-status|p1a: Great Tusk|tox
|
|-heal|p1a: Great Tusk|96/100 tox|[from] Grassy Terrain
|-damage|p1a: Great Tusk|90/100 tox|[from] psn
|-heal|p2a: Gliscor|97/100 tox|[from] ability: Poison Heal
|upkeep
|turn|4
|
|t:|1779722599
|move|p1a: Great Tusk|Ice Spinner|p2a: Gliscor
|-supereffective|p2a: Gliscor
|-damage|p2a: Gliscor|0 fnt
|-fieldend|move: Grassy Terrain
|faint|p2a: Gliscor
|
|-damage|p1a: Great Tusk|78/100 tox|[from] psn
|upkeep
|
|t:|1779722602
|switch|p2a: Walking Wake|Walking Wake|100/100
|turn|5
|
|t:|1779722614
|-end|p1a: Great Tusk|Protosynthesis|[silent]
|switch|p1a: Clefable|Clefable, F|100/100
|move|p2a: Walking Wake|Surf|p1a: Clefable
|-damage|p1a: Clefable|72/100
|
|-heal|p1a: Clefable|78/100|[from] item: Leftovers
|upkeep
|turn|6
|
|t:|1779722622
|-end|p2a: Walking Wake|Protosynthesis|[silent]
|switch|p2a: Blissey|Blissey, F|100/100
|move|p1a: Clefable|Thunder Wave|p2a: Blissey
|-status|p2a: Blissey|par
|
|-heal|p1a: Clefable|85/100|[from] item: Leftovers
|upkeep
|turn|7
|
|t:|1779722630
|move|p1a: Clefable|Stealth Rock|p2a: Blissey
|-sidestart|p2: claudechamp|move: Stealth Rock
|move|p2a: Blissey|Stealth Rock|p1a: Clefable
|-sidestart|p1: furina 50|move: Stealth Rock
|
|-heal|p1a: Clefable|91/100|[from] item: Leftovers
|upkeep
|turn|8
|
|t:|1779722638
|-curestatus|p2a: Blissey|par|[from] ability: Natural Cure|[silent]
|switch|p2a: Ogerpon|Ogerpon, F|100/100
|move|p1a: Clefable|Moonblast|p2a: Ogerpon
|-damage|p2a: Ogerpon|63/100
|
|-heal|p1a: Clefable|97/100|[from] item: Leftovers
|upkeep
|turn|9
|
|t:|1779722647
|move|p2a: Ogerpon|Ivy Cudgel|p1a: Clefable
|-damage|p1a: Clefable|43/100
|move|p1a: Clefable|Thunder Wave|p2a: Ogerpon
|-status|p2a: Ogerpon|par
|
|-heal|p1a: Clefable|49/100|[from] item: Leftovers
|upkeep
|turn|10
|
|t:|1779722657
|switch|p1a: Corviknight|Corviknight, M|100/100
|-damage|p1a: Corviknight|88/100|[from] Stealth Rock
|move|p2a: Ogerpon|Ivy Cudgel|p1a: Corviknight
|-resisted|p1a: Corviknight
|-crit|p1a: Corviknight
|-damage|p1a: Corviknight|76/100
|
|upkeep
|turn|11
|
|t:|1779722666
|move|p2a: Ogerpon|Ivy Cudgel|p1a: Corviknight
|-resisted|p1a: Corviknight
|-damage|p1a: Corviknight|69/100
|move|p1a: Corviknight|U-turn|p2a: Ogerpon
|-supereffective|p2a: Ogerpon
|-damage|p2a: Ogerpon|29/100 par
|
|t:|1779722679
|switch|p1a: Clefable|Clefable, F|49/100|[from] U-turn
|
|-heal|p1a: Clefable|55/100|[from] item: Leftovers
|upkeep
|turn|12
|
|t:|1779722686
|switch|p1a: Corviknight|Corviknight, M|69/100
|-damage|p1a: Corviknight|56/100|[from] Stealth Rock
|move|p2a: Ogerpon|Ivy Cudgel|p1a: Corviknight
|-resisted|p1a: Corviknight
|-damage|p1a: Corviknight|49/100
|
|upkeep
|turn|13
|
|t:|1779722696
|switch|p2a: Pecharunt|Pecharunt|100/100
|move|p1a: Corviknight|U-turn|p2a: Pecharunt
|-resisted|p2a: Pecharunt
|-damage|p2a: Pecharunt|99/100
|
|t:|1779722703
|switch|p1a: Great Tusk|Great Tusk|78/100 tox|[from] U-turn
|-damage|p1a: Great Tusk|75/100 tox|[from] Stealth Rock
|
|-damage|p1a: Great Tusk|69/100 tox|[from] psn
|upkeep
|turn|14
|
|t:|1779722712
|move|p1a: Great Tusk|Headlong Rush|p2a: Pecharunt
|-supereffective|p2a: Pecharunt
|-damage|p2a: Pecharunt|42/100
|-unboost|p1a: Great Tusk|def|1
|-unboost|p1a: Great Tusk|spd|1
|move|p2a: Pecharunt|Malignant Chain|p1a: Great Tusk
|-resisted|p1a: Great Tusk
|-damage|p1a: Great Tusk|35/100 tox
|
|-damage|p1a: Great Tusk|22/100 tox|[from] psn
|upkeep
|turn|15
|
|t:|1779722723
|-terastallize|p2a: Pecharunt|Dark
|move|p1a: Great Tusk|Headlong Rush|p2a: Pecharunt
|-damage|p2a: Pecharunt|13/100
|-unboost|p1a: Great Tusk|def|1
|-unboost|p1a: Great Tusk|spd|1
|move|p2a: Pecharunt|Recover|p2a: Pecharunt
|-heal|p2a: Pecharunt|63/100
|
|-damage|p1a: Great Tusk|4/100 tox|[from] psn
|upkeep
|turn|16
|
|t:|1779722735
|move|p1a: Great Tusk|Close Combat|p2a: Pecharunt
|-supereffective|p2a: Pecharunt
|-damage|p2a: Pecharunt|2/100
|-unboost|p1a: Great Tusk|def|1
|-unboost|p1a: Great Tusk|spd|1
|move|p2a: Pecharunt|Malignant Chain|p1a: Great Tusk
|-resisted|p1a: Great Tusk
|-damage|p1a: Great Tusk|0 fnt
|faint|p1a: Great Tusk
|-end|p1a: Great Tusk|Protosynthesis|[silent]
|
|upkeep
|
|t:|1779722746
|switch|p1a: Rillaboom|Rillaboom, F|100/100
|-damage|p1a: Rillaboom|88/100|[from] Stealth Rock
|-fieldstart|move: Grassy Terrain|[from] ability: Grassy Surge|[of] p1a: Rillaboom
|turn|17
|
|t:|1779722752
|move|p1a: Rillaboom|Grassy Glide|p2a: Pecharunt
|-damage|p2a: Pecharunt|0 fnt
|faint|p2a: Pecharunt
|
|-heal|p1a: Rillaboom|94/100|[from] Grassy Terrain
|upkeep
|
|t:|1779722756
|switch|p2a: Corviknight|Corviknight, M|100/100
|-ability|p2a: Corviknight|Pressure
|turn|18
|
|t:|1779722767
|switch|p1a: Dondozo|Dondozo, F|100/100
|-damage|p1a: Dondozo|88/100|[from] Stealth Rock
|move|p2a: Corviknight|U-turn|p1a: Dondozo
|-damage|p1a: Dondozo|82/100
|
|t:|1779722771
|switch|p2a: Ogerpon|Ogerpon, F|29/100 par|[from] U-turn
|
|-heal|p2a: Ogerpon|35/100 par|[from] Grassy Terrain
|-heal|p1a: Dondozo|88/100|[from] Grassy Terrain
|-heal|p1a: Dondozo|94/100|[from] item: Leftovers
|upkeep
|turn|19
|
|t:|1779722780
|switch|p1a: Corviknight|Corviknight, M|49/100
|-damage|p1a: Corviknight|36/100|[from] Stealth Rock
|move|p2a: Ogerpon|Ivy Cudgel|p1a: Corviknight
|-resisted|p1a: Corviknight
|-damage|p1a: Corviknight|27/100
|
|-heal|p2a: Ogerpon|41/100 par|[from] Grassy Terrain
|upkeep
|turn|20
|
|t:|1779722790
|switch|p2a: Blissey|Blissey, F|100/100
|move|p1a: Corviknight|Roost|p1a: Corviknight
|-heal|p1a: Corviknight|77/100
|-singleturn|p1a: Corviknight|move: Roost
|
|-heal|p1a: Corviknight|83/100|[from] Grassy Terrain
|upkeep
|turn|21
|
|t:|1779722800
|move|p1a: Corviknight|Iron Defense|p1a: Corviknight
|-boost|p1a: Corviknight|def|2
|move|p2a: Blissey|Seismic Toss|p1a: Corviknight
|-damage|p1a: Corviknight|58/100
|-damage|p2a: Blissey|84/100|[from] item: Rocky Helmet|[of] p1a: Corviknight
|
|-heal|p2a: Blissey|90/100|[from] Grassy Terrain
|-fieldend|move: Grassy Terrain
|upkeep
|turn|22
|
|t:|1779722811
|move|p1a: Corviknight|Body Press|p2a: Blissey
|-supereffective|p2a: Blissey
|-damage|p2a: Blissey|0 fnt
|faint|p2a: Blissey
|
|upkeep
|
|t:|1779722820
|switch|p2a: Walking Wake|Walking Wake|100/100
|turn|23
|
|t:|1779722826
|switch|p1a: Clefable|Clefable, F|55/100
|move|p2a: Walking Wake|Surf|p1a: Clefable
|-damage|p1a: Clefable|25/100
|
|-heal|p1a: Clefable|31/100|[from] item: Leftovers
|upkeep
|turn|24
|
|t:|1779722835
|move|p2a: Walking Wake|Surf|p1a: Clefable
|-damage|p1a: Clefable|0 fnt
|faint|p1a: Clefable
|
|upkeep
|
|t:|1779722841
|switch|p1a: Rillaboom|Rillaboom, F|94/100
|-damage|p1a: Rillaboom|82/100|[from] Stealth Rock
|-fieldstart|move: Grassy Terrain|[from] ability: Grassy Surge|[of] p1a: Rillaboom
|turn|25
|
|t:|1779722851
|-terastallize|p1a: Rillaboom|Grass
|move|p1a: Rillaboom|Grassy Glide|p2a: Walking Wake
|-damage|p2a: Walking Wake|19/100
|move|p2a: Walking Wake|Draco Meteor|p1a: Rillaboom
|-damage|p1a: Rillaboom|1/100
|-unboost|p2a: Walking Wake|spa|2
|
|-heal|p2a: Walking Wake|25/100|[from] Grassy Terrain
|-heal|p1a: Rillaboom|7/100|[from] Grassy Terrain
|upkeep
|turn|26
|
|t:|1779722863
|-end|p2a: Walking Wake|Protosynthesis|[silent]
|switch|p2a: Corviknight|Corviknight, M|100/100
|-ability|p2a: Corviknight|Pressure
|move|p1a: Rillaboom|Grassy Glide|p2a: Corviknight
|-resisted|p2a: Corviknight
|-damage|p2a: Corviknight|88/100
|
|-heal|p1a: Rillaboom|13/100|[from] Grassy Terrain
|upkeep
|turn|27
|
|t:|1779722874
|switch|p1a: Dondozo|Dondozo, F|94/100
|-damage|p1a: Dondozo|82/100|[from] Stealth Rock
|move|p2a: Corviknight|U-turn|p1a: Dondozo
|-damage|p1a: Dondozo|76/100
|
|t:|1779722881
|switch|p2a: Ogerpon|Ogerpon, F|41/100 par|[from] U-turn
|
|-heal|p2a: Ogerpon|47/100 par|[from] Grassy Terrain
|-heal|p1a: Dondozo|82/100|[from] Grassy Terrain
|-heal|p1a: Dondozo|88/100|[from] item: Leftovers
|upkeep
|turn|28
|
|t:|1779722889
|switch|p1a: Corviknight|Corviknight, M|58/100
|-damage|p1a: Corviknight|46/100|[from] Stealth Rock
|move|p2a: Ogerpon|Ivy Cudgel|p1a: Corviknight
|-resisted|p1a: Corviknight
|-damage|p1a: Corviknight|36/100
|
|-heal|p2a: Ogerpon|53/100 par|[from] Grassy Terrain
|upkeep
|turn|29
|
|t:|1779722901
|move|p2a: Ogerpon|Knock Off|p1a: Corviknight
|-damage|p1a: Corviknight|18/100
|-damage|p2a: Ogerpon|36/100 par|[from] item: Rocky Helmet|[of] p1a: Corviknight
|-enditem|p1a: Corviknight|Rocky Helmet|[from] move: Knock Off|[of] p2a: Ogerpon
|move|p1a: Corviknight|Body Press|p2a: Ogerpon
|-damage|p2a: Ogerpon|3/100 par
|
|-heal|p2a: Ogerpon|9/100 par|[from] Grassy Terrain
|-fieldend|move: Grassy Terrain
|upkeep
|turn|30
|
|t:|1779722917
|move|p2a: Ogerpon|Ivy Cudgel|p1a: Corviknight
|-resisted|p1a: Corviknight
|-damage|p1a: Corviknight|11/100
|move|p1a: Corviknight|Roost|p1a: Corviknight
|-heal|p1a: Corviknight|61/100
|-singleturn|p1a: Corviknight|move: Roost
|
|upkeep
|turn|31
|
|t:|1779722925
|cant|p2a: Ogerpon|par
|move|p1a: Corviknight|Body Press|p2a: Ogerpon
|-damage|p2a: Ogerpon|0 fnt
|faint|p2a: Ogerpon
|
|upkeep
|
|t:|1779722933
|switch|p2a: Corviknight|Corviknight, M|88/100
|-ability|p2a: Corviknight|Pressure
|turn|32
|
|t:|1779722944
|move|p2a: Corviknight|Body Press|p1a: Corviknight
|-damage|p1a: Corviknight|47/100
|move|p1a: Corviknight|Iron Defense|p1a: Corviknight
|-boost|p1a: Corviknight|def|2
|
|upkeep
|turn|33
|
|t:|1779722954
|move|p2a: Corviknight|U-turn|p1a: Corviknight
|-resisted|p1a: Corviknight
|-damage|p1a: Corviknight|46/100
|
|t:|1779722962
|switch|p2a: Walking Wake|Walking Wake|25/100|[from] U-turn
|move|p1a: Corviknight|Roost|p1a: Corviknight
|-heal|p1a: Corviknight|96/100
|-singleturn|p1a: Corviknight|move: Roost
|
|upkeep
|turn|34
|
|t:|1779722972
|move|p2a: Walking Wake|Surf|p1a: Corviknight
|-damage|p1a: Corviknight|50/100
|move|p1a: Corviknight|Body Press|p2a: Walking Wake
|-damage|p2a: Walking Wake|0 fnt
|faint|p2a: Walking Wake
|-end|p2a: Walking Wake|Protosynthesis|[silent]
|
|upkeep
|
|t:|1779722981
|switch|p2a: Corviknight|Corviknight, M|88/100
|-ability|p2a: Corviknight|Pressure
|turn|35
|
|t:|1779722988
|move|p2a: Corviknight|U-turn|p1a: Corviknight
|-resisted|p1a: Corviknight
|-damage|p1a: Corviknight|49/100
|move|p1a: Corviknight|Roost|p1a: Corviknight
|-heal|p1a: Corviknight|99/100
|-singleturn|p1a: Corviknight|move: Roost
|
|upkeep
|turn|36
|
|t:|1779722996
|move|p2a: Corviknight|Thief|p1a: Corviknight
|-damage|p1a: Corviknight|95/100
|move|p1a: Corviknight|Iron Defense|p1a: Corviknight
|-boost|p1a: Corviknight|def|2
|
|upkeep
|turn|37
|
|t:|1779723005
|move|p2a: Corviknight|U-turn|p1a: Corviknight
|-resisted|p1a: Corviknight
|-damage|p1a: Corviknight|94/100
|move|p1a: Corviknight|Body Press|p2a: Corviknight
|-damage|p2a: Corviknight|34/100
|
|upkeep
|turn|38
|c|☆furina 50|Why u turn
|inactive|furina 50 has 120 seconds left.
|c|☆furina 50|You have body press no ?
|
|t:|1779723041
|move|p2a: Corviknight|Thief|p1a: Corviknight
|-damage|p1a: Corviknight|91/100
|move|p1a: Corviknight|Body Press|p2a: Corviknight
|-damage|p2a: Corviknight|0 fnt
|faint|p2a: Corviknight
|
|win|furina 50
|raw|furina 50's rating: 1331 &rarr; <strong>1350</strong><br />(+19 for winning)
|raw|claudechamp's rating: 1311 &rarr; <strong>1292</strong><br />(-19 for losing)
|c|☆claudechamp|gg
