|j|☆rophon
|j|☆poemu sannn
|t:|1779678442
|gametype|singles
|player|p1|rophon|101|1225
|player|p2|poemu sannn|skyla|1187
|gen|9
|tier|[Gen 9] OU
|rated|
|rule|HP Percentage Mod: HP is shown in percentages
|rule|Endless Battle Clause: Forcing endless battles is banned
|rule|Species Clause: Limit one of each Pokémon
|rule|OHKO Clause: OHKO moves are banned
|rule|Evasion Items Clause: Evasion items are banned
|rule|Evasion Moves Clause: Evasion moves are banned
|rule|Evasion Abilities Clause: Evasion abilities are banned
|rule|Sleep Moves Clause: Sleep-inducing moves are banned
|clearpoke
|poke|p1|Zamazenta-*|
|poke|p1|Greninja-*, M|
|poke|p1|Iron Treads|
|poke|p1|Enamorus, F|
|poke|p1|Ceruledge, M|
|poke|p1|Dodrio, F|
|poke|p2|Iron Moth|
|poke|p2|Rillaboom, F|
|poke|p2|Ogerpon-Cornerstone, F|
|poke|p2|Great Tusk|
|poke|p2|Kingambit, F|
|poke|p2|Slowking-Galar, M|
|teampreview
|
|t:|1779678463
|teamsize|p1|6
|teamsize|p2|6
|start
|switch|p1a: Dodrio|Dodrio, F, shiny|100/100
|switch|p2a: Slowking|Slowking-Galar, M|100/100
|turn|1
|inactive|Battle timer is ON: inactive players will automatically lose when time's up. (requested by rophon)
|
|t:|1779678481
|move|p1a: Dodrio|Drill Run|p2a: Slowking
|-supereffective|p2a: Slowking
|-crit|p2a: Slowking
|-damage|p2a: Slowking|24/100
|move|p2a: Slowking|Ice Beam|p1a: Dodrio
|-supereffective|p1a: Dodrio
|-damage|p1a: Dodrio|19/100
|
|upkeep
|turn|2
|
|t:|1779678489
|switch|p2a: Rillaboom|Rillaboom, F|100/100
|-fieldstart|move: Grassy Terrain|[from] ability: Grassy Surge|[of] p2a: Rillaboom
|move|p1a: Dodrio|Drill Run|p2a: Rillaboom
|-resisted|p2a: Rillaboom
|-damage|p2a: Rillaboom|87/100
|
|-heal|p2a: Rillaboom|93/100|[from] Grassy Terrain
|upkeep
|turn|3
|
|t:|1779678514
|switch|p1a: Ceruledge|Ceruledge, M|100/100
|move|p2a: Rillaboom|Knock Off|p1a: Ceruledge
|-supereffective|p1a: Ceruledge
|-damage|p1a: Ceruledge|0 fnt
|-enditem|p1a: Ceruledge|Covert Cloak|[from] move: Knock Off|[of] p2a: Rillaboom
|faint|p1a: Ceruledge
|
|-heal|p2a: Rillaboom|99/100|[from] Grassy Terrain
|upkeep
|
|t:|1779678527
|switch|p1a: Dodrio|Dodrio, F, shiny|19/100
|turn|4
|
|t:|1779678541
|switch|p2a: Ogerpon|Ogerpon-Cornerstone, F|100/100
|move|p1a: Dodrio|Drill Run|p2a: Ogerpon
|-crit|p2a: Ogerpon
|-damage|p2a: Ogerpon|55/100
|
|-heal|p2a: Ogerpon|61/100|[from] Grassy Terrain
|upkeep
|turn|5
|
|t:|1779678555
|move|p1a: Dodrio|Brave Bird|p2a: Ogerpon
|-damage|p2a: Ogerpon|0 fnt
|faint|p2a: Ogerpon
|-damage|p1a: Dodrio|0 fnt|[from] Recoil
|faint|p1a: Dodrio
|
|upkeep
|
|t:|1779678570
|switch|p2a: Slowking|Slowking-Galar, M|57/100
|switch|p1a: Enamorus|Enamorus, F|100/100
|turn|6
|
|t:|1779678579
|switch|p2a: Great Tusk|Great Tusk|100/100
|move|p1a: Enamorus|Earth Power|p2a: Great Tusk
|-damage|p2a: Great Tusk|50/100
|
|-heal|p2a: Great Tusk|56/100|[from] Grassy Terrain
|-fieldend|move: Grassy Terrain
|upkeep
|turn|7
|
|t:|1779678592
|-terastallize|p1a: Enamorus|Stellar
|move|p1a: Enamorus|Earth Power|p2a: Great Tusk
|-damage|p2a: Great Tusk|0 fnt
|faint|p2a: Great Tusk
|-end|p2a: Great Tusk|Protosynthesis|[silent]
|
|upkeep
|
|t:|1779678598
|switch|p2a: Rillaboom|Rillaboom, F|99/100
|-fieldstart|move: Grassy Terrain|[from] ability: Grassy Surge|[of] p2a: Rillaboom
|turn|8
|
|t:|1779678614
|switch|p1a: Zamazenta|Zamazenta|100/100
|-ability|p1a: Zamazenta|Dauntless Shield|boost
|-boost|p1a: Zamazenta|def|1
|move|p2a: Rillaboom|Wood Hammer|p1a: Zamazenta
|-damage|p1a: Zamazenta|41/100
|-damage|p2a: Rillaboom|77/100|[from] Recoil
|
|-heal|p1a: Zamazenta|48/100|[from] Grassy Terrain
|-heal|p1a: Zamazenta|54/100|[from] item: Leftovers
|-heal|p2a: Rillaboom|83/100|[from] Grassy Terrain
|upkeep
|turn|9
|
|t:|1779678632
|move|p1a: Zamazenta|Body Press|p2a: Rillaboom
|-damage|p2a: Rillaboom|32/100
|move|p2a: Rillaboom|Wood Hammer|p1a: Zamazenta
|-damage|p1a: Zamazenta|0 fnt
|faint|p1a: Zamazenta
|-damage|p2a: Rillaboom|12/100|[from] Recoil
|
|-heal|p2a: Rillaboom|18/100|[from] Grassy Terrain
|upkeep
|
|t:|1779678643
|switch|p1a: Enamorus|Enamorus, F, tera:Stellar|100/100
|turn|10
|
|t:|1779678658
|switch|p2a: Slowking|Slowking-Galar, M|90/100
|move|p1a: Enamorus|Moonblast|p2a: Slowking
|-resisted|p2a: Slowking
|-damage|p2a: Slowking|68/100
|
|-heal|p2a: Slowking|74/100|[from] Grassy Terrain
|upkeep
|turn|11
|
|t:|1779678674
|switch|p1a: Iron Treads|Iron Treads, shiny|100/100
|-prepare|p2a: Slowking|Chilly Reception|[premajor]
|move|p2a: Slowking|Chilly Reception|p2a: Slowking
|-weather|Snowscape
|
|t:|1779678679
|switch|p2a: Iron Moth|Iron Moth|100/100|[from] Chilly Reception
|
|-weather|Snowscape|[upkeep]
|upkeep
|turn|12
|
|t:|1779678686
|move|p2a: Iron Moth|Overheat|p1a: Iron Treads
|-supereffective|p1a: Iron Treads
|-damage|p1a: Iron Treads|0 fnt
|-unboost|p2a: Iron Moth|spa|2
|faint|p1a: Iron Treads
|-end|p1a: Iron Treads|Quark Drive|[silent]
|
|-weather|Snowscape|[upkeep]
|-fieldend|move: Grassy Terrain
|upkeep
|
|t:|1779678693
|switch|p1a: Greninja|Greninja, M|100/100
|turn|13
|
|t:|1779678698
|-end|p2a: Iron Moth|Quark Drive|[silent]
|switch|p2a: Slowking|Slowking-Galar, M|100/100
|move|p1a: Greninja|Surf|p2a: Slowking
|-damage|p2a: Slowking|76/100
|
|-weather|Snowscape|[upkeep]
|upkeep
|turn|14
|
|t:|1779678705
|move|p1a: Greninja|Dark Pulse|p2a: Slowking
|-supereffective|p2a: Slowking
|-damage|p2a: Slowking|29/100
|-prepare|p2a: Slowking|Chilly Reception|[premajor]
|move|p2a: Slowking|Chilly Reception|p2a: Slowking
|
|t:|1779678710
|switch|p2a: Rillaboom|Rillaboom, F|18/100|[from] Chilly Reception
|-fieldstart|move: Grassy Terrain|[from] ability: Grassy Surge|[of] p2a: Rillaboom
|
|-weather|Snowscape|[upkeep]
|-heal|p2a: Rillaboom|24/100|[from] Grassy Terrain
|upkeep
|turn|15
|
|t:|1779678718
|move|p2a: Rillaboom|Grassy Glide|p1a: Greninja
|-supereffective|p1a: Greninja
|-damage|p1a: Greninja|0 fnt
|faint|p1a: Greninja
|
|-weather|none
|-heal|p2a: Rillaboom|30/100|[from] Grassy Terrain
|upkeep
|
|t:|1779678725
|switch|p1a: Enamorus|Enamorus, F, tera:Stellar|100/100
|turn|16
|
|t:|1779678731
|move|p2a: Rillaboom|Grassy Glide|p1a: Enamorus
|-resisted|p1a: Enamorus
|-damage|p1a: Enamorus|54/100
|move|p1a: Enamorus|Mystical Fire|p2a: Rillaboom
|-supereffective|p2a: Rillaboom
|-damage|p2a: Rillaboom|0 fnt
|faint|p2a: Rillaboom
|
|upkeep
|
|t:|1779678737
|switch|p2a: Iron Moth|Iron Moth|100/100
|turn|17
|
|t:|1779678760
|move|p1a: Enamorus|Mystical Fire|p2a: Iron Moth
|-resisted|p2a: Iron Moth
|-damage|p2a: Iron Moth|84/100
|-unboost|p2a: Iron Moth|spa|1
|move|p2a: Iron Moth|Fiery Dance|p1a: Enamorus
|-damage|p1a: Enamorus|0 fnt
|-boost|p2a: Iron Moth|spa|1
|faint|p1a: Enamorus
|
|win|poemu sannn
|raw|rophon's rating: 1225 &rarr; <strong>1197</strong><br />(-28 for losing)
|raw|poemu sannn's rating: 1187 &rarr; <strong>1215</strong><br />(+28 for winning)
|l|☆rophon
|player|p1|
