|j|☆P4SSI0N熱情
|j|☆bottom10oat
|t:|1779564580
|gametype|singles
|player|p1|P4SSI0N熱情|2|1184
|player|p2|bottom10oat|101|1154
|gen|9
|tier|[Gen 9] OU
|rated|
|rule|HP Percentage Mod: HP is shown in percentages
|rule|Endless Battle Clause: Forcing endless battles is banned
|rule|Species Clause: Limit one of each Pokémon
|rule|OHKO Clause: OHKO moves are banned
|rule|Evasion Items Clause: Evasion items are banned
|rule|Evasion Moves Clause: Evasion moves are banned
|rule|Evasion Abilities Clause: Evasion abilities are banned
|rule|Sleep Moves Clause: Sleep-inducing moves are banned
|clearpoke
|poke|p1|Swampert, F|
|poke|p1|Quagsire, F|
|poke|p1|Gastrodon, F|
|poke|p1|Azumarill, F|
|poke|p1|Whiscash, F|
|poke|p1|Ditto|
|poke|p2|Dragonite, F|
|poke|p2|Deoxys-Defense|
|poke|p2|Great Tusk|
|poke|p2|Gholdengo|
|poke|p2|Zamazenta-*|
|poke|p2|Iron Valiant|
|teampreview
|inactive|Battle timer is ON: inactive players will automatically lose when time's up. (requested by P4SSI0N熱情)
|
|t:|1779564600
|teamsize|p1|6
|teamsize|p2|6
|start
|switch|p1a: Whiscash|Whiscash, F|100/100
|switch|p2a: Great Tusk|Great Tusk|100/100
|-enditem|p2a: Great Tusk|Booster Energy
|-activate|p2a: Great Tusk|ability: Protosynthesis|[fromitem]
|-start|p2a: Great Tusk|protosynthesisspe
|turn|1
|
|t:|1779564609
|move|p2a: Great Tusk|Bulk Up|p2a: Great Tusk
|-boost|p2a: Great Tusk|atk|1
|-boost|p2a: Great Tusk|def|1
|move|p1a: Whiscash|Dragon Dance|p1a: Whiscash
|-boost|p1a: Whiscash|atk|1
|-boost|p1a: Whiscash|spe|1
|
|upkeep
|turn|2
|
|t:|1779564619
|-terastallize|p1a: Whiscash|Flying
|move|p2a: Great Tusk|Bulk Up|p2a: Great Tusk
|-boost|p2a: Great Tusk|atk|1
|-boost|p2a: Great Tusk|def|1
|move|p1a: Whiscash|Dragon Dance|p1a: Whiscash
|-boost|p1a: Whiscash|atk|1
|-boost|p1a: Whiscash|spe|1
|
|upkeep
|turn|3
|
|t:|1779564642
|move|p2a: Great Tusk|Ice Spinner|p1a: Whiscash
|-supereffective|p1a: Whiscash
|-damage|p1a: Whiscash|0 fnt
|faint|p1a: Whiscash
|
|upkeep
|
|t:|1779564650
|switch|p1a: Quagsire|Quagsire, F|100/100
|turn|4
|
|t:|1779564672
|-end|p2a: Great Tusk|Protosynthesis|[silent]
|switch|p2a: Zamazenta|Zamazenta|100/100
|-ability|p2a: Zamazenta|Dauntless Shield|boost
|-boost|p2a: Zamazenta|def|1
|move|p1a: Quagsire|Toxic|p2a: Zamazenta
|-status|p2a: Zamazenta|tox
|
|-damage|p2a: Zamazenta|94/100 tox|[from] psn
|upkeep
|turn|5
|
|t:|1779564683
|move|p2a: Zamazenta|Close Combat|p1a: Quagsire
|-crit|p1a: Quagsire
|-damage|p1a: Quagsire|14/100
|-unboost|p2a: Zamazenta|def|1
|-unboost|p2a: Zamazenta|spd|1
|move|p1a: Quagsire|Earthquake|p2a: Zamazenta
|-damage|p2a: Zamazenta|66/100 tox
|
|-damage|p2a: Zamazenta|53/100 tox|[from] psn
|upkeep
|turn|6
|
|t:|1779564697
|switch|p1a: Gastrodon|Gastrodon, F|100/100
|move|p2a: Zamazenta|Close Combat|p1a: Gastrodon
|-damage|p1a: Gastrodon|10/100
|-unboost|p2a: Zamazenta|def|1
|-unboost|p2a: Zamazenta|spd|1
|
|-damage|p2a: Zamazenta|35/100 tox|[from] psn
|upkeep
|turn|7
|
|t:|1779564707
|move|p2a: Zamazenta|Close Combat|p1a: Gastrodon
|-damage|p1a: Gastrodon|0 fnt
|-unboost|p2a: Zamazenta|def|1
|-unboost|p2a: Zamazenta|spd|1
|faint|p1a: Gastrodon
|
|-damage|p2a: Zamazenta|10/100 tox|[from] psn
|upkeep
|
|t:|1779564714
|switch|p1a: Azumarill|Azumarill, F|100/100
|turn|8
|
|t:|1779564718
|move|p1a: Azumarill|Aqua Jet|p2a: Zamazenta
|-damage|p2a: Zamazenta|0 fnt
|faint|p2a: Zamazenta
|
|upkeep
|
|t:|1779564724
|switch|p2a: Dragonite|Dragonite, F|100/100
|turn|9
|
|t:|1779564728
|move|p2a: Dragonite|Dragon Dance|p2a: Dragonite
|-boost|p2a: Dragonite|atk|1
|-boost|p2a: Dragonite|spe|1
|move|p1a: Azumarill|Belly Drum|p1a: Azumarill
|-damage|p1a: Azumarill|50/100
|-setboost|p1a: Azumarill|atk|6|[from] move: Belly Drum
|-enditem|p1a: Azumarill|Sitrus Berry|[eat]
|-heal|p1a: Azumarill|75/100|[from] item: Sitrus Berry
|
|upkeep
|turn|10
|
|t:|1779564743
|move|p2a: Dragonite|Extreme Speed|p1a: Azumarill
|-damage|p1a: Azumarill|25/100
|move|p1a: Azumarill|Play Rough|p2a: Dragonite
|-supereffective|p2a: Dragonite
|-damage|p2a: Dragonite|0 fnt
|faint|p2a: Dragonite
|
|upkeep
|
|t:|1779564748
|switch|p2a: Iron Valiant|Iron Valiant|100/100
|-enditem|p2a: Iron Valiant|Booster Energy
|-activate|p2a: Iron Valiant|ability: Quark Drive|[fromitem]
|-start|p2a: Iron Valiant|quarkdrivespe
|turn|11
|
|t:|1779564758
|move|p2a: Iron Valiant|Moonblast|p1a: Azumarill
|-damage|p1a: Azumarill|0 fnt
|faint|p1a: Azumarill
|
|upkeep
|
|t:|1779564764
|switch|p1a: Ditto|Ditto|100/100
|-transform|p1a: Ditto|p2a: Iron Valiant|[from] ability: Imposter
|turn|12
|
|t:|1779564769
|move|p1a: Ditto|Moonblast|p2a: Iron Valiant
|-supereffective|p2a: Iron Valiant
|-damage|p2a: Iron Valiant|0 fnt
|faint|p2a: Iron Valiant
|-end|p2a: Iron Valiant|Quark Drive|[silent]
|
|upkeep
|
|t:|1779564772
|switch|p2a: Deoxys|Deoxys-Defense|100/100
|-ability|p2a: Deoxys|Pressure
|turn|13
|
|t:|1779564784
|-end|p1a: Ditto|Quark Drive|[silent]
|switch|p1a: Quagsire|Quagsire, F|14/100
|move|p2a: Deoxys|Zap Cannon|p1a: Quagsire
|-immune|p1a: Quagsire
|
|upkeep
|turn|14
|
|t:|1779564790
|switch|p2a: Great Tusk|Great Tusk|100/100
|move|p1a: Quagsire|Recover|p1a: Quagsire
|-heal|p1a: Quagsire|64/100
|
|upkeep
|turn|15
|
|t:|1779564796
|move|p2a: Great Tusk|Close Combat|p1a: Quagsire
|-damage|p1a: Quagsire|26/100
|-unboost|p2a: Great Tusk|def|1
|-unboost|p2a: Great Tusk|spd|1
|move|p1a: Quagsire|Toxic|p2a: Great Tusk
|-status|p2a: Great Tusk|tox
|
|-damage|p2a: Great Tusk|94/100 tox|[from] psn
|upkeep
|turn|16
|
|t:|1779564808
|move|p2a: Great Tusk|Close Combat|p1a: Quagsire
|-damage|p1a: Quagsire|0 fnt
|-unboost|p2a: Great Tusk|def|1
|-unboost|p2a: Great Tusk|spd|1
|faint|p1a: Quagsire
|
|-damage|p2a: Great Tusk|82/100 tox|[from] psn
|upkeep
|
|t:|1779564814
|switch|p1a: Swampert|Swampert, F|100/100
|turn|17
|
|t:|1779564821
|-end|p2a: Great Tusk|Protosynthesis|[silent]
|switch|p2a: Gholdengo|Gholdengo|100/100
|-item|p2a: Gholdengo|Air Balloon
|move|p1a: Swampert|Flip Turn|p2a: Gholdengo
|-damage|p2a: Gholdengo|63/100
|-enditem|p2a: Gholdengo|Air Balloon
|
|t:|1779564828
|switch|p1a: Ditto|Ditto|100/100|[from] Flip Turn
|-transform|p1a: Ditto|p2a: Gholdengo|[from] ability: Imposter
|
|upkeep
|turn|18
|
|t:|1779564835
|-terastallize|p2a: Gholdengo|Fairy
|move|p1a: Ditto|Shadow Ball|p2a: Gholdengo
|-damage|p2a: Gholdengo|16/100
|-unboost|p2a: Gholdengo|spd|1
|move|p2a: Gholdengo|Shadow Ball|p1a: Ditto
|-supereffective|p1a: Ditto
|-crit|p1a: Ditto
|-damage|p1a: Ditto|0 fnt
|faint|p1a: Ditto
|
|upkeep
|
|t:|1779564844
|switch|p1a: Swampert|Swampert, F|100/100
|turn|19
|
|t:|1779564853
|move|p2a: Gholdengo|Shadow Ball|p1a: Swampert
|-damage|p1a: Swampert|64/100
|move|p1a: Swampert|Earthquake|p2a: Gholdengo
|-damage|p2a: Gholdengo|0 fnt
|faint|p2a: Gholdengo
|
|-heal|p1a: Swampert|70/100|[from] item: Leftovers
|upkeep
|
|t:|1779564857
|switch|p2a: Great Tusk|Great Tusk|82/100 tox
|turn|20
|
|t:|1779564867
|move|p2a: Great Tusk|Close Combat|p1a: Swampert
|-damage|p1a: Swampert|25/100
|-unboost|p2a: Great Tusk|def|1
|-unboost|p2a: Great Tusk|spd|1
|move|p1a: Swampert|Flip Turn|p2a: Great Tusk
|-supereffective|p2a: Great Tusk
|-damage|p2a: Great Tusk|0 fnt
|faint|p2a: Great Tusk
|-end|p2a: Great Tusk|Protosynthesis|[silent]
|
|-heal|p1a: Swampert|31/100|[from] item: Leftovers
|upkeep
|
|t:|1779564873
|switch|p2a: Deoxys|Deoxys-Defense|100/100
|-ability|p2a: Deoxys|Pressure
|turn|21
|
|t:|1779564883
|move|p2a: Deoxys|Calm Mind|p2a: Deoxys
|-boost|p2a: Deoxys|spa|1
|-boost|p2a: Deoxys|spd|1
|move|p1a: Swampert|Earthquake|p2a: Deoxys
|-damage|p2a: Deoxys|62/100
|
|-heal|p1a: Swampert|37/100|[from] item: Leftovers
|upkeep
|turn|22
|
|t:|1779564890
|move|p2a: Deoxys|Calm Mind|p2a: Deoxys
|-boost|p2a: Deoxys|spa|1
|-boost|p2a: Deoxys|spd|1
|move|p1a: Swampert|Earthquake|p2a: Deoxys
|-damage|p2a: Deoxys|27/100
|
|-heal|p1a: Swampert|43/100|[from] item: Leftovers
|upkeep
|turn|23
|
|t:|1779564896
|move|p2a: Deoxys|Recover|p2a: Deoxys
|-heal|p2a: Deoxys|77/100
|move|p1a: Swampert|Earthquake|p2a: Deoxys
|-crit|p2a: Deoxys
|-damage|p2a: Deoxys|20/100
|
|-heal|p1a: Swampert|50/100|[from] item: Leftovers
|upkeep
|turn|24
|
|t:|1779564904
|move|p2a: Deoxys|Recover|p2a: Deoxys
|-heal|p2a: Deoxys|70/100
|move|p1a: Swampert|Earthquake|p2a: Deoxys
|-damage|p2a: Deoxys|29/100
|
|-heal|p1a: Swampert|56/100|[from] item: Leftovers
|upkeep
|turn|25
|
|t:|1779564910
|move|p2a: Deoxys|Recover|p2a: Deoxys
|-heal|p2a: Deoxys|79/100
|move|p1a: Swampert|Earthquake|p2a: Deoxys
|-damage|p2a: Deoxys|40/100
|
|-heal|p1a: Swampert|62/100|[from] item: Leftovers
|upkeep
|turn|26
|
|t:|1779564916
|move|p2a: Deoxys|Stored Power|p1a: Swampert
|-damage|p1a: Swampert|11/100
|move|p1a: Swampert|Earthquake|p2a: Deoxys
|-damage|p2a: Deoxys|0 fnt
|faint|p2a: Deoxys
|
|win|P4SSI0N熱情
|raw|P4SSI0N熱情's rating: 1184 &rarr; <strong>1207</strong><br />(+23 for winning)
|raw|bottom10oat's rating: 1154 &rarr; <strong>1131</strong><br />(-23 for losing)
|l|☆bottom10oat
|player|p2|
|l|☆P4SSI0N熱情
|player|p1|
