|j|☆Stallington
|j|☆chiliguilijr
|t:|1779576173
|gametype|singles
|player|p1|Stallington|juan|1167
|player|p2|chiliguilijr|striker|1121
|gen|9
|tier|[Gen 9] OU
|rated|
|rule|HP Percentage Mod: HP is shown in percentages
|rule|Endless Battle Clause: Forcing endless battles is banned
|rule|Species Clause: Limit one of each Pokémon
|rule|OHKO Clause: OHKO moves are banned
|rule|Evasion Items Clause: Evasion items are banned
|rule|Evasion Moves Clause: Evasion moves are banned
|rule|Evasion Abilities Clause: Evasion abilities are banned
|rule|Sleep Moves Clause: Sleep-inducing moves are banned
|clearpoke
|poke|p1|Clefable, M|
|poke|p1|Staraptor, F|
|poke|p1|Veluza, M|
|poke|p1|Gliscor, M|
|poke|p1|Blissey, F|
|poke|p1|Corviknight, F|
|poke|p2|Raichu, M|
|poke|p2|Meowscarada, M|
|poke|p2|Clodsire, F|
|poke|p2|Floatzel, M|
|poke|p2|Skeledirge, M|
|poke|p2|Sylveon, M|
|teampreview
|
|t:|1779576216
|teamsize|p1|6
|teamsize|p2|6
|start
|switch|p1a: Staraptor|Staraptor, F|100/100
|switch|p2a: Meowscarada|Meowscarada, M|100/100
|-ability|p1a: Staraptor|Intimidate|boost
|-unboost|p2a: Meowscarada|atk|1
|turn|1
|
|t:|1779576228
|move|p1a: Staraptor|Final Gambit|p2a: Meowscarada
|-damage|p2a: Meowscarada|0 fnt
|faint|p1a: Staraptor
|faint|p2a: Meowscarada
|
|upkeep
|
|t:|1779576247
|switch|p2a: Clodsire|Clodsire, F|100/100
|switch|p1a: Veluza|Veluza, M|100/100
|-ability|p1a: Veluza|Mold Breaker
|turn|2
|
|t:|1779576286
|move|p1a: Veluza|Final Gambit|p2a: Clodsire
|-damage|p2a: Clodsire|18/100
|faint|p1a: Veluza
|move|p2a: Clodsire|Rain Dance|p2a: Clodsire
|-weather|RainDance
|
|-weather|RainDance|[upkeep]
|upkeep
|
|t:|1779576294
|switch|p1a: Gliscor|Gliscor, M|100/100
|turn|3
|
|t:|1779576305
|switch|p2a: Sylveon|Sylveon, M, shiny|100/100
|move|p1a: Gliscor|Earthquake|p2a: Sylveon
|-damage|p2a: Sylveon|60/100
|
|-weather|RainDance|[upkeep]
|-status|p1a: Gliscor|tox|[from] item: Toxic Orb
|upkeep
|turn|4
|inactive|Battle timer is ON: inactive players will automatically lose when time's up. (requested by chiliguilijr)
|
|t:|1779576367
|switch|p1a: Blissey|Blissey, F|100/100
|move|p2a: Sylveon|Hyper Voice|p1a: Blissey
|-crit|p1a: Blissey
|-damage|p1a: Blissey|66/100
|
|-weather|RainDance|[upkeep]
|upkeep
|turn|5
|
|t:|1779576377
|move|p1a: Blissey|Trick|p2a: Sylveon
|-activate|p1a: Blissey|move: Trick|[of] p2a: Sylveon
|-item|p2a: Sylveon|Choice Scarf|[from] move: Trick
|-item|p1a: Blissey|Choice Specs|[from] move: Trick
|move|p2a: Sylveon|Hyper Voice|p1a: Blissey
|-damage|p1a: Blissey|51/100
|
|-weather|RainDance|[upkeep]
|upkeep
|turn|6
|
|t:|1779576386
|move|p2a: Sylveon|Hyper Voice|p1a: Blissey
|-damage|p1a: Blissey|34/100
|move|p1a: Blissey|Seismic Toss|p2a: Sylveon
|-damage|p2a: Sylveon|35/100
|
|-weather|RainDance|[upkeep]
|upkeep
|turn|7
|
|t:|1779576393
|move|p2a: Sylveon|Hyper Voice|p1a: Blissey
|-damage|p1a: Blissey|19/100
|move|p1a: Blissey|Seismic Toss|p2a: Sylveon
|-damage|p2a: Sylveon|9/100
|
|-weather|RainDance|[upkeep]
|upkeep
|turn|8
|
|t:|1779576400
|switch|p1a: Corviknight|Corviknight, F|100/100
|-ability|p1a: Corviknight|Pressure
|move|p2a: Sylveon|Hyper Voice|p1a: Corviknight
|-resisted|p1a: Corviknight
|-damage|p1a: Corviknight|75/100
|
|-weather|RainDance|[upkeep]
|-heal|p1a: Corviknight|82/100|[from] item: Leftovers
|upkeep
|turn|9
|
|t:|1779576421
|switch|p2a: Skeledirge|Skeledirge, M|100/100
|move|p1a: Corviknight|Body Press|p2a: Skeledirge
|-immune|p2a: Skeledirge
|
|-weather|none
|-heal|p1a: Corviknight|88/100|[from] item: Leftovers
|upkeep
|turn|10
|
|t:|1779576430
|switch|p1a: Clefable|Clefable, M|100/100
|move|p2a: Skeledirge|Torch Song|p1a: Clefable
|-damage|p1a: Clefable|63/100
|-boost|p2a: Skeledirge|spa|1
|
|upkeep
|turn|11
|inactive|Stallington has 120 seconds left.
|
|t:|1779576462
|move|p2a: Skeledirge|Torch Song|p1a: Clefable
|-damage|p1a: Clefable|24/100
|-boost|p2a: Skeledirge|spa|1
|move|p1a: Clefable|Trick|p2a: Skeledirge
|-activate|p1a: Clefable|move: Trick|[of] p2a: Skeledirge
|-item|p2a: Skeledirge|Choice Specs|[from] move: Trick
|-item|p1a: Clefable|Charcoal|[from] move: Trick
|
|upkeep
|turn|12
|inactive|Stallington has 120 seconds left.
|
|t:|1779576473
|switch|p1a: Gliscor|Gliscor, M|100/100 tox
|move|p2a: Skeledirge|Torch Song|p1a: Gliscor
|-damage|p1a: Gliscor|0 fnt
|-boost|p2a: Skeledirge|spa|1
|faint|p1a: Gliscor
|
|upkeep
|l|☆Stallington
|inactive|Stallington disconnected and has a minute to reconnect!
|player|p1|
|c|☆chiliguilijr|hu
|inactive|Stallington has 30 seconds to reconnect!
|inactive|Stallington has 20 seconds to reconnect!
|inactive|Stallington has 15 seconds to reconnect!
|inactive|Stallington has 10 seconds to reconnect!
|inactive|Stallington has 5 seconds to reconnect!
|-message|Stallington lost due to inactivity.
|
|win|chiliguilijr
|raw|Stallington's rating: 1167 &rarr; <strong>1139</strong><br />(-28 for losing)
|raw|chiliguilijr's rating: 1121 &rarr; <strong>1149</strong><br />(+28 for winning)
|l|☆chiliguilijr
|player|p2|
