|j|☆CardboardCrusade
|j|☆Tytarr
|t:|1779578975
|gametype|singles
|player|p1|CardboardCrusade|clair|1151
|player|p2|Tytarr|pokemaniac|1153
|gen|9
|tier|[Gen 9] OU
|rated|
|rule|HP Percentage Mod: HP is shown in percentages
|rule|Endless Battle Clause: Forcing endless battles is banned
|rule|Species Clause: Limit one of each Pokémon
|rule|OHKO Clause: OHKO moves are banned
|rule|Evasion Items Clause: Evasion items are banned
|rule|Evasion Moves Clause: Evasion moves are banned
|rule|Evasion Abilities Clause: Evasion abilities are banned
|rule|Sleep Moves Clause: Sleep-inducing moves are banned
|clearpoke
|poke|p1|Gliscor, F|
|poke|p1|Clefable, F|
|poke|p1|Clodsire, F|
|poke|p1|Dondozo, F|
|poke|p1|Toxapex, M|
|poke|p1|Corviknight, M|
|poke|p2|Dragonite, M|
|poke|p2|Great Tusk|
|poke|p2|Deoxys-Speed|
|poke|p2|Gholdengo|
|poke|p2|Zamazenta-*|
|poke|p2|Iron Valiant|
|teampreview
|inactive|Battle timer is ON: inactive players will automatically lose when time's up. (requested by CardboardCrusade)
|
|t:|1779578979
|teamsize|p1|6
|teamsize|p2|6
|start
|switch|p1a: :3|Gliscor, F|100/100
|switch|p2a: Deoxys|Deoxys-Speed|100/100
|-ability|p2a: Deoxys|Pressure
|turn|1
|
|t:|1779578990
|move|p1a: :3|Protect|p1a: :3
|-singleturn|p1a: :3|Protect
|move|p2a: Deoxys|Skill Swap|p1a: :3
|-activate|p1a: :3|move: Protect
|
|-status|p1a: :3|tox|[from] item: Toxic Orb
|upkeep
|turn|2
|
|t:|1779579000
|switch|p1a: Bird Up|Corviknight, M|100/100
|-ability|p1a: Bird Up|Pressure
|move|p2a: Deoxys|Skill Swap|p1a: Bird Up
|-activate|p2a: Deoxys|Skill Swap|Pressure|Pressure|[of] p1a: Bird Up
|-ability|p1a: Bird Up|Pressure
|-ability|p2a: Deoxys|Pressure
|
|upkeep
|turn|3
|
|t:|1779579011
|move|p2a: Deoxys|Taunt|p1a: Bird Up
|-start|p1a: Bird Up|move: Taunt
|move|p1a: Bird Up|Brave Bird|p2a: Deoxys
|-damage|p2a: Deoxys|52/100
|-damage|p1a: Bird Up|88/100|[from] Recoil
|
|-heal|p1a: Bird Up|94/100|[from] item: Leftovers
|upkeep
|turn|4
|
|t:|1779579018
|move|p2a: Deoxys|Stealth Rock|p1a: Bird Up
|-sidestart|p1: CardboardCrusade|move: Stealth Rock
|move|p1a: Bird Up|Brave Bird|p2a: Deoxys
|-damage|p2a: Deoxys|4/100
|-damage|p1a: Bird Up|82/100|[from] Recoil
|
|-heal|p1a: Bird Up|89/100|[from] item: Leftovers
|upkeep
|turn|5
|
|t:|1779579025
|switch|p2a: Dragonite|Dragonite, M|100/100
|move|p1a: Bird Up|Brave Bird|p2a: Dragonite
|-damage|p2a: Dragonite|79/100
|-damage|p1a: Bird Up|83/100|[from] Recoil
|
|-heal|p1a: Bird Up|89/100|[from] item: Leftovers
|-end|p1a: Bird Up|move: Taunt
|upkeep
|turn|6
|
|t:|1779579031
|switch|p1a: Bad Touch|Clefable, F|100/100
|move|p2a: Dragonite|Fire Punch|p1a: Bad Touch
|-damage|p1a: Bad Touch|70/100
|-status|p1a: Bad Touch|brn
|-damage|p2a: Dragonite|70/100|[from] item: Life Orb
|
|upkeep
|turn|7
|
|t:|1779579037
|-terastallize|p2a: Dragonite|Fire
|move|p2a: Dragonite|Dragon Dance|p2a: Dragonite
|-boost|p2a: Dragonite|atk|1
|-boost|p2a: Dragonite|spe|1
|move|p1a: Bad Touch|Knock Off|p2a: Dragonite
|-damage|p2a: Dragonite|61/100
|-enditem|p2a: Dragonite|Life Orb|[from] move: Knock Off|[of] p1a: Bad Touch
|
|upkeep
|turn|8
|
|t:|1779579047
|move|p2a: Dragonite|Extreme Speed|p1a: Bad Touch
|-damage|p1a: Bad Touch|32/100 brn
|move|p1a: Bad Touch|Stealth Rock|p2a: Dragonite
|-sidestart|p2: Tytarr|move: Stealth Rock
|
|-damage|p2a: Dragonite|49/100|[from] item: Sticky Barb
|upkeep
|turn|9
|
|t:|1779579057
|move|p2a: Dragonite|Fire Punch|p1a: Bad Touch
|-damage|p1a: Bad Touch|0 fnt
|faint|p1a: Bad Touch
|
|-damage|p2a: Dragonite|36/100|[from] item: Sticky Barb
|upkeep
|
|t:|1779579064
|switch|p1a: Wall Feesh|Dondozo, F|100/100
|-damage|p1a: Wall Feesh|88/100|[from] Stealth Rock
|turn|10
|
|t:|1779579069
|move|p2a: Dragonite|Outrage|p1a: Wall Feesh
|-damage|p1a: Wall Feesh|59/100
|move|p1a: Wall Feesh|Curse|p1a: Wall Feesh
|-unboost|p1a: Wall Feesh|spe|1
|-boost|p1a: Wall Feesh|atk|1
|-boost|p1a: Wall Feesh|def|1
|
|-heal|p1a: Wall Feesh|65/100|[from] item: Leftovers
|-damage|p2a: Dragonite|24/100|[from] item: Sticky Barb
|upkeep
|turn|11
|
|t:|1779579080
|move|p2a: Dragonite|Outrage|p1a: Wall Feesh|[from] lockedmove
|-damage|p1a: Wall Feesh|45/100
|-start|p2a: Dragonite|confusion|[fatigue]
|move|p1a: Wall Feesh|Rest|p1a: Wall Feesh
|-status|p1a: Wall Feesh|slp|[from] move: Rest
|-heal|p1a: Wall Feesh|100/100 slp|[silent]
|
|-damage|p2a: Dragonite|12/100|[from] item: Sticky Barb
|upkeep
|turn|12
|
|t:|1779579092
|-activate|p2a: Dragonite|confusion
|move|p2a: Dragonite|Extreme Speed|p1a: Wall Feesh
|-damage|p1a: Wall Feesh|91/100 slp
|cant|p1a: Wall Feesh|slp
|move|p1a: Wall Feesh|Sleep Talk|p1a: Wall Feesh
|move|p1a: Wall Feesh|Rest||[from] move: Sleep Talk|[still]
|-fail|p1a: Wall Feesh
|
|-heal|p1a: Wall Feesh|98/100 slp|[from] item: Leftovers
|-damage|p2a: Dragonite|0 fnt|[from] item: Sticky Barb
|faint|p2a: Dragonite
|upkeep
|
|t:|1779579101
|switch|p2a: Iron Valiant|Iron Valiant|100/100
|-damage|p2a: Iron Valiant|94/100|[from] Stealth Rock
|-enditem|p2a: Iron Valiant|Booster Energy
|-activate|p2a: Iron Valiant|ability: Quark Drive|[fromitem]
|-start|p2a: Iron Valiant|quarkdrivespe
|turn|13
|
|t:|1779579112
|move|p2a: Iron Valiant|Taunt|p1a: Wall Feesh
|-start|p1a: Wall Feesh|move: Taunt
|cant|p1a: Wall Feesh|slp
|cant|p1a: Wall Feesh|move: Taunt|Sleep Talk
|
|-heal|p1a: Wall Feesh|100/100 slp|[from] item: Leftovers
|upkeep
|turn|14
|
|t:|1779579119
|move|p2a: Iron Valiant|Knock Off|p1a: Wall Feesh
|-damage|p1a: Wall Feesh|92/100 slp
|-enditem|p1a: Wall Feesh|Leftovers|[from] move: Knock Off|[of] p2a: Iron Valiant
|-curestatus|p1a: Wall Feesh|slp|[msg]
|move|p1a: Wall Feesh|Liquidation|p2a: Iron Valiant
|-damage|p2a: Iron Valiant|41/100
|-unboost|p2a: Iron Valiant|def|1
|
|upkeep
|turn|15
|
|t:|1779579126
|move|p2a: Iron Valiant|Destiny Bond|p2a: Iron Valiant
|-singlemove|p2a: Iron Valiant|Destiny Bond
|move|p1a: Wall Feesh|Liquidation|p2a: Iron Valiant
|-crit|p2a: Iron Valiant
|-damage|p2a: Iron Valiant|0 fnt
|faint|p2a: Iron Valiant
|-activate|p2a: Iron Valiant|move: Destiny Bond
|-end|p2a: Iron Valiant|Quark Drive|[silent]
|faint|p1a: Wall Feesh
|
|upkeep
|
|t:|1779579138
|switch|p2a: Zamazenta|Zamazenta|100/100
|switch|p1a: Diva|Toxapex, M|100/100
|-damage|p2a: Zamazenta|94/100|[from] Stealth Rock
|-ability|p2a: Zamazenta|Dauntless Shield|boost
|-boost|p2a: Zamazenta|def|1
|-damage|p1a: Diva|88/100|[from] Stealth Rock
|turn|16
|
|t:|1779579144
|move|p2a: Zamazenta|Crunch|p1a: Diva
|-damage|p1a: Diva|67/100
|-damage|p2a: Zamazenta|84/100|[from] item: Life Orb
|move|p1a: Diva|Infestation|p2a: Zamazenta
|-resisted|p2a: Zamazenta
|-damage|p2a: Zamazenta|83/100
|-activate|p2a: Zamazenta|move: Infestation|[of] p1a: Diva
|
|-heal|p1a: Diva|73/100|[from] item: Leftovers
|-damage|p2a: Zamazenta|71/100|[from] move: Infestation|[partiallytrapped]
|upkeep
|turn|17
|
|t:|1779579153
|move|p1a: Diva|Baneful Bunker|p1a: Diva
|-singleturn|p1a: Diva|move: Protect
|move|p2a: Zamazenta|Crunch|p1a: Diva
|-activate|p1a: Diva|move: Protect
|-status|p2a: Zamazenta|psn
|
|-heal|p1a: Diva|79/100|[from] item: Leftovers
|-damage|p2a: Zamazenta|59/100 psn|[from] psn
|-damage|p2a: Zamazenta|46/100 psn|[from] move: Infestation|[partiallytrapped]
|upkeep
|turn|18
|
|t:|1779579158
|move|p2a: Zamazenta|Crunch|p1a: Diva
|-damage|p1a: Diva|58/100
|-unboost|p1a: Diva|def|1
|-damage|p2a: Zamazenta|36/100 psn|[from] item: Life Orb
|move|p1a: Diva|Recover|p1a: Diva
|-heal|p1a: Diva|100/100
|
|-damage|p2a: Zamazenta|24/100 psn|[from] psn
|-damage|p2a: Zamazenta|12/100 psn|[from] move: Infestation|[partiallytrapped]
|upkeep
|turn|19
|
|t:|1779579173
|switch|p1a: :3|Gliscor, F|100/100 tox
|-damage|p1a: :3|88/100 tox|[from] Stealth Rock
|move|p2a: Zamazenta|Crunch|p1a: :3
|-damage|p1a: :3|58/100 tox
|-damage|p2a: Zamazenta|2/100 psn|[from] item: Life Orb
|
|-damage|p2a: Zamazenta|0 fnt|[from] psn
|faint|p2a: Zamazenta
|-heal|p1a: :3|71/100 tox|[from] ability: Poison Heal
|upkeep
|
|t:|1779579180
|switch|p2a: Gholdengo|Gholdengo|100/100
|-damage|p2a: Gholdengo|94/100|[from] Stealth Rock
|turn|20
|
|t:|1779579201
|switch|p1a: HorizontalQuagsire|Clodsire, F|100/100
|move|p2a: Gholdengo|Nasty Plot|p2a: Gholdengo
|-boost|p2a: Gholdengo|spa|2
|
|upkeep
|turn|21
|
|t:|1779579211
|move|p2a: Gholdengo|Make It Rain|p1a: HorizontalQuagsire
|-damage|p1a: HorizontalQuagsire|68/100
|-unboost|p2a: Gholdengo|spa|1
|move|p1a: HorizontalQuagsire|Earthquake|p2a: Gholdengo
|-supereffective|p2a: Gholdengo
|-damage|p2a: Gholdengo|51/100
|
|upkeep
|turn|22
|
|t:|1779579223
|move|p2a: Gholdengo|Shadow Ball|p1a: HorizontalQuagsire
|-damage|p1a: HorizontalQuagsire|48/100
|move|p1a: HorizontalQuagsire|Earthquake|p2a: Gholdengo
|-supereffective|p2a: Gholdengo
|-damage|p2a: Gholdengo|5/100
|
|upkeep
|turn|23
|-enditem|p2a: Gholdengo|Custap Berry|[eat]
|-activate|p2a: Gholdengo|item: Custap Berry|[consumed]
|
|t:|1779579231
|move|p2a: Gholdengo|Recover|p2a: Gholdengo
|-heal|p2a: Gholdengo|55/100
|move|p1a: HorizontalQuagsire|Recover|p1a: HorizontalQuagsire
|-heal|p1a: HorizontalQuagsire|98/100
|
|upkeep
|turn|24
|
|t:|1779579244
|move|p2a: Gholdengo|Recover|p2a: Gholdengo
|-heal|p2a: Gholdengo|100/100
|move|p1a: HorizontalQuagsire|Earthquake|p2a: Gholdengo
|-supereffective|p2a: Gholdengo
|-damage|p2a: Gholdengo|58/100
|
|upkeep
|turn|25
|
|t:|1779579254
|move|p2a: Gholdengo|Shadow Ball|p1a: HorizontalQuagsire
|-damage|p1a: HorizontalQuagsire|76/100
|move|p1a: HorizontalQuagsire|Spikes|p2a: Gholdengo
|-sidestart|p2: Tytarr|Spikes
|
|upkeep
|turn|26
|
|t:|1779579262
|move|p2a: Gholdengo|Shadow Ball|p1a: HorizontalQuagsire
|-damage|p1a: HorizontalQuagsire|55/100
|-unboost|p1a: HorizontalQuagsire|spd|1
|move|p1a: HorizontalQuagsire|Spikes|p2a: Gholdengo
|-sidestart|p2: Tytarr|Spikes
|
|upkeep
|turn|27
|
|t:|1779579277
|move|p2a: Gholdengo|Shadow Ball|p1a: HorizontalQuagsire
|-damage|p1a: HorizontalQuagsire|20/100
|move|p1a: HorizontalQuagsire|Recover|p1a: HorizontalQuagsire
|-heal|p1a: HorizontalQuagsire|70/100
|
|upkeep
|turn|28
|
|t:|1779579285
|switch|p1a: Diva|Toxapex, M|100/100
|-damage|p1a: Diva|88/100|[from] Stealth Rock
|move|p2a: Gholdengo|Shadow Ball|p1a: Diva
|-crit|p1a: Diva
|-damage|p1a: Diva|18/100
|
|-heal|p1a: Diva|24/100|[from] item: Leftovers
|upkeep
|turn|29
|
|t:|1779579296
|switch|p1a: HorizontalQuagsire|Clodsire, F|70/100
|move|p2a: Gholdengo|Shadow Ball|p1a: HorizontalQuagsire
|-damage|p1a: HorizontalQuagsire|50/100
|
|upkeep
|turn|30
|
|t:|1779579302
|move|p2a: Gholdengo|Shadow Ball|p1a: HorizontalQuagsire
|-damage|p1a: HorizontalQuagsire|30/100
|move|p1a: HorizontalQuagsire|Recover|p1a: HorizontalQuagsire
|-heal|p1a: HorizontalQuagsire|80/100
|
|upkeep
|turn|31
|
|t:|1779579305
|move|p2a: Gholdengo|Shadow Ball|p1a: HorizontalQuagsire
|-damage|p1a: HorizontalQuagsire|57/100
|move|p1a: HorizontalQuagsire|Earthquake|p2a: Gholdengo
|-supereffective|p2a: Gholdengo
|-damage|p2a: Gholdengo|15/100
|
|upkeep
|turn|32
|
|t:|1779579312
|move|p2a: Gholdengo|Recover|p2a: Gholdengo
|-heal|p2a: Gholdengo|65/100
|move|p1a: HorizontalQuagsire|Recover|p1a: HorizontalQuagsire
|-heal|p1a: HorizontalQuagsire|100/100
|
|upkeep
|turn|33
|
|t:|1779579321
|move|p2a: Gholdengo|Shadow Ball|p1a: HorizontalQuagsire
|-damage|p1a: HorizontalQuagsire|78/100
|move|p1a: HorizontalQuagsire|Earthquake|p2a: Gholdengo
|-supereffective|p2a: Gholdengo
|-damage|p2a: Gholdengo|18/100
|
|upkeep
|turn|34
|
|t:|1779579326
|move|p2a: Gholdengo|Recover|p2a: Gholdengo
|-heal|p2a: Gholdengo|68/100
|move|p1a: HorizontalQuagsire|Earthquake|p2a: Gholdengo
|-supereffective|p2a: Gholdengo
|-damage|p2a: Gholdengo|24/100
|
|upkeep
|turn|35
|
|t:|1779579328
|move|p2a: Gholdengo|Recover|p2a: Gholdengo
|-heal|p2a: Gholdengo|74/100
|move|p1a: HorizontalQuagsire|Earthquake|p2a: Gholdengo
|-supereffective|p2a: Gholdengo
|-damage|p2a: Gholdengo|27/100
|
|upkeep
|turn|36
|
|t:|1779579330
|move|p2a: Gholdengo|Recover|p2a: Gholdengo
|-heal|p2a: Gholdengo|77/100
|move|p1a: HorizontalQuagsire|Earthquake|p2a: Gholdengo
|-supereffective|p2a: Gholdengo
|-damage|p2a: Gholdengo|34/100
|
|upkeep
|turn|37
|
|t:|1779579333
|move|p2a: Gholdengo|Recover|p2a: Gholdengo
|-heal|p2a: Gholdengo|84/100
|move|p1a: HorizontalQuagsire|Earthquake|p2a: Gholdengo
|-supereffective|p2a: Gholdengo
|-damage|p2a: Gholdengo|42/100
|
|upkeep
|turn|38
|
|t:|1779579336
|move|p2a: Gholdengo|Shadow Ball|p1a: HorizontalQuagsire
|-damage|p1a: HorizontalQuagsire|57/100
|move|p1a: HorizontalQuagsire|Earthquake|p2a: Gholdengo
|-supereffective|p2a: Gholdengo
|-damage|p2a: Gholdengo|0 fnt
|faint|p2a: Gholdengo
|
|upkeep
|
|t:|1779579341
|switch|p2a: Great Tusk|Great Tusk|100/100
|-damage|p2a: Great Tusk|97/100|[from] Stealth Rock
|-damage|p2a: Great Tusk|81/100|[from] Spikes
|-enditem|p2a: Great Tusk|Booster Energy
|-activate|p2a: Great Tusk|ability: Protosynthesis|[fromitem]
|-start|p2a: Great Tusk|protosynthesisspe
|turn|39
|
|t:|1779579356
|switch|p1a: :3|Gliscor, F|71/100 tox
|-damage|p1a: :3|58/100 tox|[from] Stealth Rock
|move|p2a: Great Tusk|Taunt|p1a: :3
|-start|p1a: :3|move: Taunt
|
|-heal|p1a: :3|71/100 tox|[from] ability: Poison Heal
|upkeep
|turn|40
|
|t:|1779579365
|switch|p1a: Diva|Toxapex, M|57/100
|-damage|p1a: Diva|45/100|[from] Stealth Rock
|move|p2a: Great Tusk|Ice Spinner|p1a: Diva
|-resisted|p1a: Diva
|-damage|p1a: Diva|38/100
|
|-heal|p1a: Diva|44/100|[from] item: Leftovers
|upkeep
|turn|41
|
|t:|1779579368
|move|p1a: Diva|Baneful Bunker|p1a: Diva
|-singleturn|p1a: Diva|move: Protect
|move|p2a: Great Tusk|Headlong Rush|p1a: Diva
|-activate|p1a: Diva|move: Protect
|-status|p2a: Great Tusk|psn
|
|-heal|p1a: Diva|50/100|[from] item: Leftovers
|-damage|p2a: Great Tusk|68/100 psn|[from] psn
|upkeep
|turn|42
|
|t:|1779579377
|switch|p1a: Bird Up|Corviknight, M|89/100
|-damage|p1a: Bird Up|77/100|[from] Stealth Rock
|-ability|p1a: Bird Up|Pressure
|move|p2a: Great Tusk|Headlong Rush|p1a: Bird Up
|-immune|p1a: Bird Up
|
|-heal|p1a: Bird Up|83/100|[from] item: Leftovers
|-damage|p2a: Great Tusk|56/100 psn|[from] psn
|upkeep
|turn|43
|
|t:|1779579382
|move|p1a: Bird Up|Protect|p1a: Bird Up
|-singleturn|p1a: Bird Up|Protect
|move|p2a: Great Tusk|Ice Spinner|p1a: Bird Up
|-activate|p1a: Bird Up|move: Protect
|
|-heal|p1a: Bird Up|89/100|[from] item: Leftovers
|-damage|p2a: Great Tusk|43/100 psn|[from] psn
|upkeep
|turn|44
|
|t:|1779579387
|switch|p1a: Diva|Toxapex, M|84/100
|-damage|p1a: Diva|71/100|[from] Stealth Rock
|move|p2a: Great Tusk|Ice Spinner|p1a: Diva
|-resisted|p1a: Diva
|-damage|p1a: Diva|64/100
|
|-heal|p1a: Diva|70/100|[from] item: Leftovers
|-damage|p2a: Great Tusk|31/100 psn|[from] psn
|upkeep
|turn|45
|
|t:|1779579392
|move|p1a: Diva|Baneful Bunker|p1a: Diva
|-singleturn|p1a: Diva|move: Protect
|move|p2a: Great Tusk|Bulk Up|p2a: Great Tusk
|-boost|p2a: Great Tusk|atk|1
|-boost|p2a: Great Tusk|def|1
|
|-heal|p1a: Diva|76/100|[from] item: Leftovers
|-damage|p2a: Great Tusk|19/100 psn|[from] psn
|upkeep
|turn|46
|
|t:|1779579400
|switch|p1a: Bird Up|Corviknight, M|89/100
|-damage|p1a: Bird Up|77/100|[from] Stealth Rock
|-ability|p1a: Bird Up|Pressure
|move|p2a: Great Tusk|Headlong Rush|p1a: Bird Up
|-immune|p1a: Bird Up
|
|-heal|p1a: Bird Up|83/100|[from] item: Leftovers
|-damage|p2a: Great Tusk|6/100 psn|[from] psn
|upkeep
|turn|47
|
|t:|1779579403
|move|p1a: Bird Up|Protect|p1a: Bird Up
|-singleturn|p1a: Bird Up|Protect
|move|p2a: Great Tusk|Ice Spinner|p1a: Bird Up
|-activate|p1a: Bird Up|move: Protect
|
|-heal|p1a: Bird Up|89/100|[from] item: Leftovers
|-damage|p2a: Great Tusk|0 fnt|[from] psn
|faint|p2a: Great Tusk
|-end|p2a: Great Tusk|Protosynthesis|[silent]
|upkeep
|-message|Tytarr forfeited.
|
|win|CardboardCrusade
|raw|CardboardCrusade's rating: 1151 &rarr; <strong>1176</strong><br />(+25 for winning)
|raw|Tytarr's rating: 1153 &rarr; <strong>1128</strong><br />(-25 for losing)
|l|☆Tytarr
|player|p2|
