|j|☆jjjnkn
|j|☆zoomgoons
|t:|1779682225
|gametype|singles
|player|p1|jjjnkn|marnie-masters3|1344
|player|p2|zoomgoons|giovanni|1292
|gen|9
|tier|[Gen 9] OU
|rated|
|rule|HP Percentage Mod: HP is shown in percentages
|rule|Endless Battle Clause: Forcing endless battles is banned
|rule|Species Clause: Limit one of each Pokémon
|rule|OHKO Clause: OHKO moves are banned
|rule|Evasion Items Clause: Evasion items are banned
|rule|Evasion Moves Clause: Evasion moves are banned
|rule|Evasion Abilities Clause: Evasion abilities are banned
|rule|Sleep Moves Clause: Sleep-inducing moves are banned
|clearpoke
|poke|p1|Wo-Chien|
|poke|p1|Torkoal, M|
|poke|p1|Great Tusk|
|poke|p1|Walking Wake|
|poke|p1|Clefable, F|
|poke|p1|Cinderace, M|
|poke|p2|Great Tusk|
|poke|p2|Clefable, F|
|poke|p2|Cinderace, F|
|poke|p2|Iron Crown|
|poke|p2|Volcanion|
|poke|p2|Zapdos|
|teampreview
|inactive|Battle timer is ON: inactive players will automatically lose when time's up. (requested by jjjnkn)
|
|t:|1779682246
|teamsize|p1|6
|teamsize|p2|6
|start
|switch|p1a: Clefable|Clefable, F|100/100
|switch|p2a: Volcanion|Volcanion|100/100
|turn|1
|
|t:|1779682251
|move|p2a: Volcanion|Sludge Wave|p1a: Clefable
|-supereffective|p1a: Clefable
|-damage|p1a: Clefable|37/100
|move|p1a: Clefable|Calm Mind|p1a: Clefable
|-boost|p1a: Clefable|spa|1
|-boost|p1a: Clefable|spd|1
|
|upkeep
|turn|2
|
|t:|1779682259
|switch|p1a: Torkoal|Torkoal, M|100/100
|-weather|SunnyDay|[from] ability: Drought|[of] p1a: Torkoal
|move|p2a: Volcanion|Sludge Wave|p1a: Torkoal
|-crit|p1a: Torkoal
|-damage|p1a: Torkoal|49/100
|
|-weather|SunnyDay|[upkeep]
|upkeep
|turn|3
|
|t:|1779682273
|move|p2a: Volcanion|Fire Blast|p1a: Torkoal
|-resisted|p1a: Torkoal
|-damage|p1a: Torkoal|6/100
|move|p1a: Torkoal|Earthquake|p2a: Volcanion
|-supereffective|p2a: Volcanion
|-damage|p2a: Volcanion|69/100
|
|-weather|SunnyDay|[upkeep]
|upkeep
|turn|4
|
|t:|1779682289
|switch|p1a: Clefable|Clefable, F|37/100
|move|p2a: Volcanion|Sludge Wave|p1a: Clefable
|-supereffective|p1a: Clefable
|-damage|p1a: Clefable|0 fnt
|faint|p1a: Clefable
|
|-weather|SunnyDay|[upkeep]
|upkeep
|
|t:|1779682293
|switch|p1a: Great Tusk|Great Tusk|100/100
|-activate|p1a: Great Tusk|ability: Protosynthesis
|-start|p1a: Great Tusk|protosynthesisspe
|turn|5
|
|t:|1779682308
|switch|p2a: Zapdos|Zapdos|100/100
|move|p1a: Great Tusk|Headlong Rush|p2a: Zapdos
|-immune|p2a: Zapdos
|
|-weather|SunnyDay|[upkeep]
|upkeep
|turn|6
|
|t:|1779682323
|move|p1a: Great Tusk|Stealth Rock|p2a: Zapdos
|-sidestart|p2: zoomgoons|move: Stealth Rock
|move|p2a: Zapdos|Hurricane|p1a: Great Tusk
|-supereffective|p1a: Great Tusk
|-damage|p1a: Great Tusk|0 fnt
|faint|p1a: Great Tusk
|-end|p1a: Great Tusk|Protosynthesis|[silent]
|
|-weather|SunnyDay|[upkeep]
|upkeep
|
|t:|1779682329
|switch|p1a: Walking Wake|Walking Wake|100/100
|-activate|p1a: Walking Wake|ability: Protosynthesis
|-start|p1a: Walking Wake|protosynthesisspe
|turn|7
|l|☆jjjnkn
|inactive|jjjnkn disconnected and has a minute to reconnect!
|player|p1|
|
|t:|1779682349
|move|p1a: Walking Wake|Flamethrower|p2a: Zapdos
|-damage|p2a: Zapdos|39/100
|move|p2a: Zapdos|Discharge|p1a: Walking Wake
|-damage|p1a: Walking Wake|46/100
|
|-weather|SunnyDay|[upkeep]
|upkeep
|turn|8
|j|☆jjjnkn
|inactive|jjjnkn reconnected and has 145 seconds left.
|player|p1|jjjnkn|marnie-masters3|
|
|t:|1779682359
|move|p1a: Walking Wake|Flamethrower|p2a: Zapdos
|-damage|p2a: Zapdos|0 fnt
|faint|p2a: Zapdos
|
|-weather|SunnyDay|[upkeep]
|upkeep
|
|t:|1779682372
|switch|p2a: Great Tusk|Great Tusk|100/100
|-damage|p2a: Great Tusk|98/100|[from] Stealth Rock
|-activate|p2a: Great Tusk|ability: Protosynthesis
|-start|p2a: Great Tusk|protosynthesisatk
|turn|9
|
|t:|1779682383
|move|p1a: Walking Wake|Flamethrower|p2a: Great Tusk
|-damage|p2a: Great Tusk|0 fnt
|faint|p2a: Great Tusk
|-end|p2a: Great Tusk|Protosynthesis|[silent]
|
|-weather|none
|-end|p1a: Walking Wake|Protosynthesis
|upkeep
|
|t:|1779682395
|switch|p2a: Cinderace|Cinderace, F|100/100
|turn|10
|
|t:|1779682401
|-end|p1a: Walking Wake|Protosynthesis|[silent]
|switch|p1a: Torkoal|Torkoal, M|6/100
|-weather|SunnyDay|[from] ability: Drought|[of] p1a: Torkoal
|move|p2a: Cinderace|Court Change|p2a: Cinderace
|-start|p2a: Cinderace|typechange|Normal|[from] ability: Libero
|-swapsideconditions
|-activate|p2a: Cinderace|move: Court Change
|
|-weather|SunnyDay|[upkeep]
|upkeep
|turn|11
|
|t:|1779682416
|move|p2a: Cinderace|Pyro Ball|p1a: Torkoal
|-resisted|p1a: Torkoal
|-damage|p1a: Torkoal|0 fnt
|faint|p1a: Torkoal
|
|-weather|SunnyDay|[upkeep]
|upkeep
|
|t:|1779682418
|switch|p1a: Wo-Chien|Wo-Chien, shiny|100/100
|-damage|p1a: Wo-Chien|88/100|[from] Stealth Rock
|-ability|p1a: Wo-Chien|Tablets of Ruin
|turn|12
|
|t:|1779682421
|-terastallize|p1a: Wo-Chien|Poison
|move|p2a: Cinderace|Pyro Ball|p1a: Wo-Chien
|-damage|p1a: Wo-Chien|39/100
|move|p1a: Wo-Chien|Growth|p1a: Wo-Chien
|-boost|p1a: Wo-Chien|atk|2
|-boost|p1a: Wo-Chien|spa|2
|
|-weather|SunnyDay|[upkeep]
|upkeep
|turn|13
|
|t:|1779682434
|move|p2a: Cinderace|Pyro Ball|p1a: Wo-Chien
|-damage|p1a: Wo-Chien|0 fnt
|faint|p1a: Wo-Chien
|
|-weather|SunnyDay|[upkeep]
|upkeep
|
|t:|1779682437
|switch|p1a: Cinderace|Cinderace, M|100/100
|-damage|p1a: Cinderace|76/100|[from] Stealth Rock
|-item|p1a: Cinderace|Air Balloon
|turn|14
|
|t:|1779682449
|move|p1a: Cinderace|Swords Dance|p1a: Cinderace
|-boost|p1a: Cinderace|atk|2
|move|p2a: Cinderace|Pyro Ball|p1a: Cinderace
|-resisted|p1a: Cinderace
|-damage|p1a: Cinderace|37/100
|-enditem|p1a: Cinderace|Air Balloon
|
|-weather|SunnyDay|[upkeep]
|upkeep
|turn|15
|
|t:|1779682455
|move|p2a: Cinderace|Sucker Punch|p1a: Cinderace
|-damage|p1a: Cinderace|1/100
|move|p1a: Cinderace|Pyro Ball|p2a: Cinderace
|-damage|p2a: Cinderace|0 fnt
|faint|p2a: Cinderace
|
|-weather|SunnyDay|[upkeep]
|upkeep
|
|t:|1779682467
|switch|p2a: Volcanion|Volcanion|69/100
|turn|16
|
|t:|1779682470
|move|p1a: Cinderace|Low Kick|p2a: Volcanion
|-damage|p2a: Volcanion|15/100
|move|p2a: Volcanion|Sludge Wave|p1a: Cinderace
|-damage|p1a: Cinderace|0 fnt
|faint|p1a: Cinderace
|
|-weather|SunnyDay|[upkeep]
|upkeep
|
|t:|1779682474
|switch|p1a: Walking Wake|Walking Wake|46/100
|-damage|p1a: Walking Wake|33/100|[from] Stealth Rock
|-activate|p1a: Walking Wake|ability: Protosynthesis
|-start|p1a: Walking Wake|protosynthesisspe
|turn|17
|
|t:|1779682482
|switch|p2a: Clefable|Clefable, F|100/100
|move|p1a: Walking Wake|Flamethrower|p2a: Clefable
|-damage|p2a: Clefable|32/100
|-status|p2a: Clefable|brn
|-enditem|p2a: Clefable|Sitrus Berry|[eat]
|-heal|p2a: Clefable|57/100 brn|[from] item: Sitrus Berry
|
|-weather|none
|-end|p1a: Walking Wake|Protosynthesis
|-damage|p2a: Clefable|51/100 brn|[from] brn
|upkeep
|turn|18
|
|t:|1779682497
|move|p1a: Walking Wake|Flamethrower|p2a: Clefable
|-damage|p2a: Clefable|11/100 brn
|move|p2a: Clefable|Draining Kiss|p1a: Walking Wake
|-supereffective|p1a: Walking Wake
|-damage|p1a: Walking Wake|0 fnt
|-heal|p2a: Clefable|32/100 brn|[from] drain|[of] p1a: Walking Wake
|faint|p1a: Walking Wake
|-end|p1a: Walking Wake|Protosynthesis|[silent]
|
|win|zoomgoons
|raw|jjjnkn's rating: 1344 &rarr; <strong>1321</strong><br />(-23 for losing)
|raw|zoomgoons's rating: 1292 &rarr; <strong>1321</strong><br />(+29 for winning)
|l|☆jjjnkn
|player|p1|
|l|☆zoomgoons
|player|p2|
