|j|☆kemdpw
|j|☆YumeKasumi76
|t:|1779691380
|gametype|singles
|player|p1|kemdpw|101|1393
|player|p2|YumeKasumi76|101|1350
|gen|9
|tier|[Gen 9] OU
|rated|
|rule|HP Percentage Mod: HP is shown in percentages
|rule|Endless Battle Clause: Forcing endless battles is banned
|rule|Species Clause: Limit one of each Pokémon
|rule|OHKO Clause: OHKO moves are banned
|rule|Evasion Items Clause: Evasion items are banned
|rule|Evasion Moves Clause: Evasion moves are banned
|rule|Evasion Abilities Clause: Evasion abilities are banned
|rule|Sleep Moves Clause: Sleep-inducing moves are banned
|clearpoke
|poke|p1|Kyurem|
|poke|p1|Tornadus-Therian, M|
|poke|p1|Hatterene, F|
|poke|p1|Iron Valiant|
|poke|p1|Great Tusk|
|poke|p1|Kingambit, F|
|poke|p2|Dragapult, M|
|poke|p2|Bisharp, F|
|poke|p2|Glimmora, F|
|poke|p2|Entei|
|poke|p2|Braviary-Hisui, M|
|poke|p2|Cloyster, F|
|teampreview
|
|t:|1779691388
|teamsize|p1|6
|teamsize|p2|6
|start
|switch|p1a: Tornadus|Tornadus-Therian, M|100/100
|switch|p2a: Mentalist|Braviary-Hisui, M|100/100
|turn|1
|inactive|Battle timer is ON: inactive players will automatically lose when time's up. (requested by YumeKasumi76)
|inactive|kemdpw also wants the timer to be on.
|
|t:|1779691392
|move|p1a: Tornadus|Knock Off|p2a: Mentalist
|-supereffective|p2a: Mentalist
|-damage|p2a: Mentalist|52/100
|-enditem|p2a: Mentalist|Weakness Policy
|-boost|p2a: Mentalist|atk|2|[from] item: Weakness Policy
|-boost|p2a: Mentalist|spa|2|[from] item: Weakness Policy
|move|p2a: Mentalist|Esper Wing|p1a: Tornadus
|-damage|p1a: Tornadus|37/100
|-boost|p2a: Mentalist|spe|1
|
|upkeep
|turn|2
|
|t:|1779691399
|move|p1a: Tornadus|Bleakwind Storm|p2a: Mentalist
|-damage|p2a: Mentalist|4/100
|move|p2a: Mentalist|Hurricane|p1a: Tornadus
|-damage|p1a: Tornadus|0 fnt
|faint|p1a: Tornadus
|
|upkeep
|
|t:|1779691405
|switch|p1a: Kingambit|Kingambit, F|100/100
|-activate|p1a: Kingambit|ability: Supreme Overlord
|-start|p1a: Kingambit|fallen1|[silent]
|turn|3
|
|t:|1779691409
|move|p2a: Mentalist|Roost|p2a: Mentalist
|-heal|p2a: Mentalist|55/100
|-singleturn|p2a: Mentalist|move: Roost
|move|p1a: Kingambit|Swords Dance|p1a: Kingambit
|-boost|p1a: Kingambit|atk|2
|
|upkeep
|turn|4
|
|t:|1779691414
|-terastallize|p2a: Mentalist|Fighting
|move|p1a: Kingambit|Sucker Punch||[still]
|-fail|p1a: Kingambit
|move|p2a: Mentalist|Roost|p2a: Mentalist
|-heal|p2a: Mentalist|100/100
|
|upkeep
|turn|5
|
|t:|1779691428
|-terastallize|p1a: Kingambit|Dark
|move|p1a: Kingambit|Sucker Punch|p2a: Mentalist
|-resisted|p2a: Mentalist
|-damage|p2a: Mentalist|18/100
|move|p2a: Mentalist|Close Combat|p1a: Kingambit
|-supereffective|p1a: Kingambit
|-damage|p1a: Kingambit|0 fnt
|-unboost|p2a: Mentalist|def|1
|-unboost|p2a: Mentalist|spd|1
|faint|p1a: Kingambit
|-end|p1a: Kingambit|fallen1|[silent]
|
|upkeep
|-message|kemdpw forfeited.
|
|win|YumeKasumi76
|raw|kemdpw's rating: 1393 &rarr; <strong>1371</strong><br />(-22 for losing)
|raw|YumeKasumi76's rating: 1350 &rarr; <strong>1372</strong><br />(+22 for winning)
|l|☆kemdpw
|player|p1|
|l|☆YumeKasumi76
|player|p2|
