|j|☆Huntail_Biden711
|j|☆FavoriteElectivire
|t:|1779714522
|gametype|singles
|player|p1|Huntail_Biden711|blue|1076
|player|p2|FavoriteElectivire|volkner|1029
|gen|9
|tier|[Gen 9] OU
|rated|
|rule|HP Percentage Mod: HP is shown in percentages
|rule|Endless Battle Clause: Forcing endless battles is banned
|rule|Species Clause: Limit one of each Pokémon
|rule|OHKO Clause: OHKO moves are banned
|rule|Evasion Items Clause: Evasion items are banned
|rule|Evasion Moves Clause: Evasion moves are banned
|rule|Evasion Abilities Clause: Evasion abilities are banned
|rule|Sleep Moves Clause: Sleep-inducing moves are banned
|clearpoke
|poke|p1|Ogerpon-Wellspring, F|
|poke|p1|Dragapult, M|
|poke|p1|Rillaboom, F|
|poke|p1|Great Tusk|
|poke|p1|Heatran, F|
|poke|p1|Corviknight, M|
|poke|p2|Electivire, M|
|poke|p2|Infernape, M|
|poke|p2|Greninja-*, M|
|poke|p2|Iron Valiant|
|poke|p2|Garchomp, M|
|poke|p2|Lucario, M|
|teampreview
|inactive|Battle timer is ON: inactive players will automatically lose when time's up. (requested by FavoriteElectivire)
|inactive|Huntail_Biden711 also wants the timer to be on.
|
|t:|1779714531
|teamsize|p1|6
|teamsize|p2|6
|start
|switch|p1a: Dragapult|Dragapult, M|100/100
|switch|p2a: Aura Cario|Lucario, M|100/100
|turn|1
|
|t:|1779714545
|move|p1a: Dragapult|U-turn|p2a: Aura Cario
|-resisted|p2a: Aura Cario
|-damage|p2a: Aura Cario|93/100
|
|t:|1779714555
|switch|p1a: Corviknight|Corviknight, M|100/100|[from] U-turn
|-ability|p1a: Corviknight|Pressure
|move|p2a: Aura Cario|Meteor Mash|p1a: Corviknight
|-resisted|p1a: Corviknight
|-damage|p1a: Corviknight|77/100
|-damage|p2a: Aura Cario|77/100|[from] item: Rocky Helmet|[of] p1a: Corviknight
|-damage|p2a: Aura Cario|67/100|[from] item: Life Orb
|
|upkeep
|turn|2
|
|t:|1779714568
|move|p2a: Aura Cario|Close Combat|p1a: Corviknight
|-damage|p1a: Corviknight|18/100
|-unboost|p2a: Aura Cario|def|1
|-unboost|p2a: Aura Cario|spd|1
|-damage|p2a: Aura Cario|51/100|[from] item: Rocky Helmet|[of] p1a: Corviknight
|-damage|p2a: Aura Cario|41/100|[from] item: Life Orb
|move|p1a: Corviknight|Brave Bird|p2a: Aura Cario
|-damage|p2a: Aura Cario|0 fnt
|faint|p2a: Aura Cario
|-damage|p1a: Corviknight|9/100|[from] Recoil
|
|upkeep
|
|t:|1779714595
|switch|p2a: Electro Bolt|Electivire, M|100/100
|turn|3
|
|t:|1779714610
|move|p2a: Electro Bolt|Bulk Up|p2a: Electro Bolt
|-boost|p2a: Electro Bolt|atk|1
|-boost|p2a: Electro Bolt|def|1
|move|p1a: Corviknight|Roost|p1a: Corviknight
|-heal|p1a: Corviknight|59/100
|-singleturn|p1a: Corviknight|move: Roost
|
|upkeep
|turn|4
|
|t:|1779714618
|move|p2a: Electro Bolt|Wild Charge|p1a: Corviknight
|-supereffective|p1a: Corviknight
|-damage|p1a: Corviknight|0 fnt
|-damage|p2a: Electro Bolt|84/100|[from] item: Rocky Helmet|[of] p1a: Corviknight
|faint|p1a: Corviknight
|-damage|p2a: Electro Bolt|64/100|[from] Recoil
|-damage|p2a: Electro Bolt|54/100|[from] item: Life Orb
|
|upkeep
|
|t:|1779714630
|switch|p1a: Great Tusk|Great Tusk|100/100
|turn|5
|
|t:|1779714635
|-terastallize|p2a: Electro Bolt|Flying
|move|p2a: Electro Bolt|Ice Punch|p1a: Great Tusk
|-supereffective|p1a: Great Tusk
|-damage|p1a: Great Tusk|28/100
|-damage|p2a: Electro Bolt|44/100|[from] item: Life Orb
|move|p1a: Great Tusk|Headlong Rush|p2a: Electro Bolt
|-immune|p2a: Electro Bolt
|
|-heal|p1a: Great Tusk|34/100|[from] item: Leftovers
|upkeep
|turn|6
|
|t:|1779714650
|move|p2a: Electro Bolt|Ice Punch|p1a: Great Tusk
|-supereffective|p1a: Great Tusk
|-damage|p1a: Great Tusk|0 fnt
|faint|p1a: Great Tusk
|-end|p1a: Great Tusk|Protosynthesis|[silent]
|-damage|p2a: Electro Bolt|34/100|[from] item: Life Orb
|
|upkeep
|
|t:|1779714655
|switch|p1a: Dragapult|Dragapult, M|100/100
|turn|7
|
|t:|1779714662
|move|p1a: Dragapult|Hex|p2a: Electro Bolt
|-damage|p2a: Electro Bolt|0 fnt
|faint|p2a: Electro Bolt
|
|upkeep
|
|t:|1779714667
|switch|p2a: Hydro Shuriken|Greninja, M|100/100
|turn|8
|
|t:|1779714671
|switch|p1a: Rillaboom|Rillaboom, F|100/100
|-fieldstart|move: Grassy Terrain|[from] ability: Grassy Surge|[of] p1a: Rillaboom
|move|p2a: Hydro Shuriken|Ice Beam|p1a: Rillaboom
|-supereffective|p1a: Rillaboom
|-damage|p1a: Rillaboom|18/100
|-damage|p2a: Hydro Shuriken|91/100|[from] item: Life Orb
|
|-heal|p2a: Hydro Shuriken|97/100|[from] Grassy Terrain
|-heal|p1a: Rillaboom|24/100|[from] Grassy Terrain
|upkeep
|turn|9
|
|t:|1779714682
|switch|p2a: Inferno Blitz|Infernape, M|100/100
|move|p1a: Rillaboom|Grassy Glide|p2a: Inferno Blitz
|-resisted|p2a: Inferno Blitz
|-damage|p2a: Inferno Blitz|68/100
|
|-heal|p2a: Inferno Blitz|74/100|[from] Grassy Terrain
|-heal|p1a: Rillaboom|30/100|[from] Grassy Terrain
|upkeep
|turn|10
|
|t:|1779714695
|move|p2a: Inferno Blitz|Close Combat|p1a: Rillaboom
|-damage|p1a: Rillaboom|0 fnt
|-unboost|p2a: Inferno Blitz|def|1
|-unboost|p2a: Inferno Blitz|spd|1
|faint|p1a: Rillaboom
|-damage|p2a: Inferno Blitz|64/100|[from] item: Life Orb
|
|-heal|p2a: Inferno Blitz|70/100|[from] Grassy Terrain
|upkeep
|
|t:|1779714704
|switch|p1a: Dragapult|Dragapult, M|100/100
|turn|11
|
|t:|1779714712
|move|p1a: Dragapult|U-turn|p2a: Inferno Blitz
|-resisted|p2a: Inferno Blitz
|-damage|p2a: Inferno Blitz|60/100
|
|t:|1779714715
|switch|p1a: Heatran|Heatran, F|100/100|[from] U-turn
|move|p2a: Inferno Blitz|Flare Blitz|p1a: Heatran
|-start|p1a: Heatran|ability: Flash Fire
|
|-heal|p2a: Inferno Blitz|66/100|[from] Grassy Terrain
|upkeep
|turn|12
|
|t:|1779714732
|switch|p2a: Draco Rage|Garchomp, M|100/100
|-terastallize|p1a: Heatran|Grass
|move|p1a: Heatran|Earth Power|p2a: Draco Rage
|-damage|p2a: Draco Rage|66/100
|-unboost|p2a: Draco Rage|spd|1
|
|-heal|p2a: Draco Rage|72/100|[from] Grassy Terrain
|upkeep
|turn|13
|
|t:|1779714742
|move|p2a: Draco Rage|Scale Shot|p1a: Heatran
|-damage|p1a: Heatran|86/100
|-damage|p1a: Heatran|70/100
|-damage|p1a: Heatran|55/100
|-hitcount|p1a: Heatran|3
|-unboost|p2a: Draco Rage|def|1
|-boost|p2a: Draco Rage|spe|1
|-damage|p2a: Draco Rage|62/100|[from] item: Life Orb
|move|p1a: Heatran|Magma Storm|p2a: Draco Rage
|-resisted|p2a: Draco Rage
|-damage|p2a: Draco Rage|0 fnt
|faint|p2a: Draco Rage
|
|-heal|p1a: Heatran|61/100|[from] Grassy Terrain
|-heal|p1a: Heatran|68/100|[from] item: Leftovers
|upkeep
|
|t:|1779714758
|switch|p2a: Inferno Blitz|Infernape, M|66/100
|turn|14
|
|t:|1779714766
|move|p2a: Inferno Blitz|Close Combat|p1a: Heatran
|-damage|p1a: Heatran|8/100
|-unboost|p2a: Inferno Blitz|def|1
|-unboost|p2a: Inferno Blitz|spd|1
|-damage|p2a: Inferno Blitz|56/100|[from] item: Life Orb
|move|p1a: Heatran|Earth Power|p2a: Inferno Blitz
|-supereffective|p2a: Inferno Blitz
|-damage|p2a: Inferno Blitz|0 fnt
|faint|p2a: Inferno Blitz
|
|-heal|p1a: Heatran|14/100|[from] Grassy Terrain
|-heal|p1a: Heatran|20/100|[from] item: Leftovers
|upkeep
|
|t:|1779714777
|switch|p2a: Hydro Shuriken|Greninja, M|97/100
|turn|15
|
|t:|1779714788
|-end|p1a: Heatran|ability: Flash Fire|[silent]
|switch|p1a: Ogerpon|Ogerpon-Wellspring, F|100/100
|move|p2a: Hydro Shuriken|Ice Beam|p1a: Ogerpon
|-damage|p1a: Ogerpon|58/100
|-damage|p2a: Hydro Shuriken|87/100|[from] item: Life Orb
|
|-heal|p2a: Hydro Shuriken|93/100|[from] Grassy Terrain
|-heal|p1a: Ogerpon|64/100|[from] Grassy Terrain
|-fieldend|move: Grassy Terrain
|upkeep
|turn|16
|
|t:|1779714799
|move|p2a: Hydro Shuriken|Dark Pulse|p1a: Ogerpon
|-damage|p1a: Ogerpon|10/100
|-damage|p2a: Hydro Shuriken|83/100|[from] item: Life Orb
|move|p1a: Ogerpon|Grassy Glide|p2a: Hydro Shuriken
|-supereffective|p2a: Hydro Shuriken
|-damage|p2a: Hydro Shuriken|0 fnt
|faint|p2a: Hydro Shuriken
|
|upkeep
|
|t:|1779714808
|switch|p2a: Aura Blade|Iron Valiant|100/100
|-enditem|p2a: Aura Blade|Booster Energy
|-activate|p2a: Aura Blade|ability: Quark Drive|[fromitem]
|-start|p2a: Aura Blade|quarkdrivespe
|turn|17
|
|t:|1779714825
|move|p2a: Aura Blade|Spirit Break|p1a: Ogerpon
|-damage|p1a: Ogerpon|0 fnt
|faint|p1a: Ogerpon
|
|upkeep
|
|t:|1779714830
|switch|p1a: Heatran|Heatran, F, tera:Grass|20/100
|turn|18
|
|t:|1779714835
|move|p2a: Aura Blade|Ice Punch|p1a: Heatran
|-supereffective|p1a: Heatran
|-damage|p1a: Heatran|0 fnt
|faint|p1a: Heatran
|
|upkeep
|
|t:|1779714839
|switch|p1a: Dragapult|Dragapult, M|100/100
|turn|19
|
|t:|1779714843
|move|p2a: Aura Blade|Spirit Break|p1a: Dragapult
|-supereffective|p1a: Dragapult
|-damage|p1a: Dragapult|0 fnt
|faint|p1a: Dragapult
|
|win|FavoriteElectivire
|raw|Huntail_Biden711's rating: 1076 &rarr; <strong>1052</strong><br />(-24 for losing)
|raw|FavoriteElectivire's rating: 1029 &rarr; <strong>1069</strong><br />(+40 for winning)
|l|☆Huntail_Biden711
|player|p1|
