|j|☆skyrim-alberto
|j|☆OscarGamble
|t:|1779635476
|gametype|singles
|player|p1|skyrim-alberto|norman|1475
|player|p2|OscarGamble|2|1533
|gen|9
|tier|[Gen 9] OU
|rated|
|rule|HP Percentage Mod: HP is shown in percentages
|rule|Endless Battle Clause: Forcing endless battles is banned
|rule|Species Clause: Limit one of each Pokémon
|rule|OHKO Clause: OHKO moves are banned
|rule|Evasion Items Clause: Evasion items are banned
|rule|Evasion Moves Clause: Evasion moves are banned
|rule|Evasion Abilities Clause: Evasion abilities are banned
|rule|Sleep Moves Clause: Sleep-inducing moves are banned
|clearpoke
|poke|p1|Mimikyu, M|
|poke|p1|Ursaluna, M|
|poke|p1|Indeedee-F, F|
|poke|p1|Corviknight, M|
|poke|p1|Raging Bolt|
|poke|p1|Hoopa-Unbound|
|poke|p2|Araquanid, M|
|poke|p2|Gholdengo|
|poke|p2|Raging Bolt|
|poke|p2|Dragonite, M|
|poke|p2|Zamazenta-*|
|poke|p2|Ogerpon-Cornerstone, F|
|teampreview
|inactive|Battle timer is ON: inactive players will automatically lose when time's up. (requested by OscarGamble)
|
|t:|1779635493
|teamsize|p1|6
|teamsize|p2|6
|start
|switch|p1a: Class weirdo|Mimikyu, M|100/100
|switch|p2a: Araquanid|Araquanid, M, shiny|100/100
|turn|1
|
|t:|1779635499
|move|p2a: Araquanid|Surf|p1a: Class weirdo
|-activate|p1a: Class weirdo|ability: Disguise
|-damage|p1a: Class weirdo|100/100
|detailschange|p1a: Class weirdo|Mimikyu-Busted, M
|-damage|p1a: Class weirdo|88/100|[from] pokemon: Mimikyu-Busted
|-enditem|p1a: Class weirdo|Red Card|[of] p2a: Araquanid
|drag|p2a: Raging Bolt|Raging Bolt|100/100
|-enditem|p2a: Raging Bolt|Booster Energy
|-activate|p2a: Raging Bolt|ability: Protosynthesis|[fromitem]
|-start|p2a: Raging Bolt|protosynthesisspa
|move|p1a: Class weirdo|Trick Room|p1a: Class weirdo
|-fieldstart|move: Trick Room|[of] p1a: Class weirdo
|
|upkeep
|turn|2
|
|t:|1779635513
|switch|p1a: I hit soft|Ursaluna, M|100/100
|move|p2a: Raging Bolt|Dragon Pulse|p1a: I hit soft
|-damage|p1a: I hit soft|40/100
|
|-status|p1a: I hit soft|brn|[from] item: Flame Orb
|upkeep
|turn|3
|
|t:|1779635528
|-end|p2a: Raging Bolt|Protosynthesis|[silent]
|switch|p2a: Gholdengo|Gholdengo, shiny|100/100
|-item|p2a: Gholdengo|Air Balloon
|move|p1a: I hit soft|Headlong Rush|p2a: Gholdengo
|-immune|p2a: Gholdengo
|
|-damage|p1a: I hit soft|34/100 brn|[from] brn
|upkeep
|turn|4
|
|t:|1779635539
|switch|p2a: Araquanid|Araquanid, M, shiny|100/100
|move|p1a: I hit soft|Supercell Slam|p2a: Araquanid
|-supereffective|p2a: Araquanid
|-damage|p2a: Araquanid|0 fnt
|faint|p2a: Araquanid
|
|-damage|p1a: I hit soft|27/100 brn|[from] brn
|upkeep
|
|t:|1779635557
|switch|p2a: Dragonite|Dragonite, M|100/100
|turn|5
|
|t:|1779635565
|move|p2a: Dragonite|Extreme Speed|p1a: I hit soft
|-damage|p1a: I hit soft|7/100 brn
|move|p1a: I hit soft|Ice Punch|p2a: Dragonite
|-supereffective|p2a: Dragonite
|-crit|p2a: Dragonite
|-damage|p2a: Dragonite|0 fnt
|faint|p2a: Dragonite
|
|-damage|p1a: I hit soft|1/100 brn|[from] brn
|-fieldend|move: Trick Room
|upkeep
|
|t:|1779635579
|switch|p2a: Ogerpon|Ogerpon-Cornerstone, F|100/100
|turn|6
|
|t:|1779635583
|move|p2a: Ogerpon|Ivy Cudgel|p1a: I hit soft|[anim] Ivy Cudgel Rock
|-resisted|p1a: I hit soft
|-damage|p1a: I hit soft|0 fnt
|faint|p1a: I hit soft
|
|upkeep
|
|t:|1779635591
|switch|p1a: Ariana Grande|Indeedee-F, F|100/100
|-fieldstart|move: Psychic Terrain|[from] ability: Psychic Surge|[of] p1a: Ariana Grande
|turn|7
|
|t:|1779635604
|move|p2a: Ogerpon|Ivy Cudgel|p1a: Ariana Grande|[anim] Ivy Cudgel Rock
|-damage|p1a: Ariana Grande|35/100
|move|p1a: Ariana Grande|Trick Room|p1a: Ariana Grande
|-fieldstart|move: Trick Room|[of] p1a: Ariana Grande
|
|upkeep
|turn|8
|
|t:|1779635611
|move|p1a: Ariana Grande|Healing Wish|p1a: Ariana Grande
|faint|p1a: Ariana Grande
|move|p2a: Ogerpon|Swords Dance|p2a: Ogerpon
|-boost|p2a: Ogerpon|atk|2
|
|upkeep
|
|t:|1779635617
|switch|p1a: Lord of the Rings|Hoopa-Unbound|100/100
|turn|9
|
|t:|1779635622
|-terastallize|p1a: Lord of the Rings|Psychic
|move|p1a: Lord of the Rings|Expanding Force|p2a: Ogerpon
|-ability|p2a: Ogerpon|Sturdy
|-damage|p2a: Ogerpon|1/100
|-damage|p1a: Lord of the Rings|91/100|[from] item: Life Orb
|move|p2a: Ogerpon|Ivy Cudgel|p1a: Lord of the Rings|[anim] Ivy Cudgel Rock
|-damage|p1a: Lord of the Rings|0 fnt
|faint|p1a: Lord of the Rings
|
|upkeep
|
|t:|1779635650
|switch|p1a: Melman|Raging Bolt|100/100
|turn|10
|
|t:|1779635675
|move|p1a: Melman|Thunderbolt|p2a: Ogerpon
|-resisted|p2a: Ogerpon
|-damage|p2a: Ogerpon|0 fnt
|faint|p2a: Ogerpon
|-damage|p1a: Melman|91/100|[from] item: Life Orb
|
|upkeep
|
|t:|1779635685
|switch|p2a: Raging Bolt|Raging Bolt|100/100
|turn|11
|inactive|skyrim-alberto has 120 seconds left.
|
|t:|1779635721
|-end|p1a: Melman|Protosynthesis|[silent]
|switch|p1a: Class weirdo|Mimikyu-Busted, M|88/100
|-heal|p1a: Class weirdo|100/100|[from] move: Healing Wish
|-terastallize|p2a: Raging Bolt|Fairy
|move|p2a: Raging Bolt|Calm Mind|p2a: Raging Bolt
|-boost|p2a: Raging Bolt|spa|1
|-boost|p2a: Raging Bolt|spd|1
|
|-fieldend|move: Trick Room
|-fieldend|move: Psychic Terrain
|upkeep
|turn|12
|inactive|OscarGamble has 120 seconds left.
|inactive|skyrim-alberto has 90 seconds left.
|
|t:|1779635776
|move|p2a: Raging Bolt|Thunderbolt|p1a: Class weirdo
|-damage|p1a: Class weirdo|15/100
|move|p1a: Class weirdo|Play Rough|p2a: Raging Bolt
|-damage|p2a: Raging Bolt|76/100
|
|upkeep
|turn|13
|inactive|OscarGamble has 120 seconds left.
|
|t:|1779635787
|move|p2a: Raging Bolt|Thunderbolt|p1a: Class weirdo
|-damage|p1a: Class weirdo|0 fnt
|faint|p1a: Class weirdo
|
|upkeep
|
|t:|1779635796
|switch|p1a: Melman|Raging Bolt|91/100
|turn|14
|
|t:|1779635801
|move|p2a: Raging Bolt|Dragon Pulse|p1a: Melman
|-supereffective|p1a: Melman
|-damage|p1a: Melman|0 fnt
|faint|p1a: Melman
|-end|p1a: Melman|Protosynthesis|[silent]
|
|upkeep
|
|t:|1779635806
|switch|p1a: Itachi|Corviknight, M|100/100
|turn|15
|
|t:|1779635811
|move|p2a: Raging Bolt|Thunderbolt|p1a: Itachi
|-supereffective|p1a: Itachi
|-damage|p1a: Itachi|0 fnt
|faint|p1a: Itachi
|
|win|OscarGamble
|raw|skyrim-alberto's rating: 1475 &rarr; <strong>1458</strong><br />(-17 for losing)
|raw|OscarGamble's rating: 1533 &rarr; <strong>1550</strong><br />(+17 for winning)
|l|☆OscarGamble
|player|p2|
