|j|☆potion of binding
|j|☆Ballerr
|t:|1779691480
|gametype|singles
|player|p1|potion of binding|2|1477
|player|p2|Ballerr|miku-ground|1426
|gen|9
|tier|[Gen 9] OU
|rated|
|rule|HP Percentage Mod: HP is shown in percentages
|rule|Endless Battle Clause: Forcing endless battles is banned
|rule|Species Clause: Limit one of each Pokémon
|rule|OHKO Clause: OHKO moves are banned
|rule|Evasion Items Clause: Evasion items are banned
|rule|Evasion Moves Clause: Evasion moves are banned
|rule|Evasion Abilities Clause: Evasion abilities are banned
|rule|Sleep Moves Clause: Sleep-inducing moves are banned
|clearpoke
|poke|p1|Ceruledge, M|
|poke|p1|Dragonite, F|
|poke|p1|Hatterene, F|
|poke|p1|Kingambit, M|
|poke|p1|Ogerpon-Wellspring, F|
|poke|p1|Ting-Lu|
|poke|p2|Entei|
|poke|p2|Gliscor, M|
|poke|p2|Great Tusk|
|poke|p2|Dragapult, M|
|poke|p2|Samurott-Hisui, M|
|poke|p2|Weezing-Galar, F|
|teampreview
|c|☆potion of binding|hf
|inactive|Battle timer is ON: inactive players will automatically lose when time's up. (requested by potion of binding)
|
|t:|1779691504
|teamsize|p1|6
|teamsize|p2|6
|start
|switch|p1a: Ogerpon|Ogerpon-Wellspring, F|100/100
|switch|p2a: Dragapult|Dragapult, M|100/100
|turn|1
|
|t:|1779691508
|move|p2a: Dragapult|U-turn|p1a: Ogerpon
|-supereffective|p1a: Ogerpon
|-damage|p1a: Ogerpon|49/100
|
|t:|1779691511
|switch|p2a: Weezing|Weezing-Galar, F|100/100|[from] U-turn
|-ability|p2a: Weezing|Neutralizing Gas
|move|p1a: Ogerpon|Knock Off|p2a: Weezing
|-resisted|p2a: Weezing
|-damage|p2a: Weezing|89/100
|-enditem|p2a: Weezing|Heavy-Duty Boots|[from] move: Knock Off|[of] p1a: Ogerpon
|
|upkeep
|turn|2
|
|t:|1779691521
|switch|p1a: Hatterene|Hatterene, F|100/100
|move|p2a: Weezing|Toxic Spikes|p1a: Hatterene
|-sidestart|p1: potion of binding|move: Toxic Spikes
|
|upkeep
|turn|3
|
|t:|1779691526
|-end|p2a: Weezing|ability: Neutralizing Gas
|switch|p2a: Samurott|Samurott-Hisui, M|100/100
|move|p1a: Hatterene|Psychic Noise|p2a: Samurott
|-immune|p2a: Samurott
|
|upkeep
|turn|4
|
|t:|1779691530
|move|p2a: Samurott|Ceaseless Edge|p1a: Hatterene
|-damage|p1a: Hatterene|64/100
|-sidestart|p1: potion of binding|Spikes
|move|p1a: Hatterene|Draining Kiss|p2a: Samurott
|-supereffective|p2a: Samurott
|-crit|p2a: Samurott
|-damage|p2a: Samurott|54/100
|-heal|p1a: Hatterene|100/100|[from] drain|[of] p2a: Samurott
|
|upkeep
|turn|5
|
|t:|1779691539
|switch|p2a: Entei|Entei|100/100
|move|p1a: Hatterene|Draining Kiss|p2a: Entei
|-resisted|p2a: Entei
|-damage|p2a: Entei|88/100
|
|upkeep
|turn|6
|
|t:|1779691545
|move|p2a: Entei|Sacred Fire|p1a: Hatterene
|-damage|p1a: Hatterene|35/100
|-status|p1a: Hatterene|brn
|move|p1a: Hatterene|Nuzzle|p2a: Entei
|-damage|p2a: Entei|86/100
|-status|p2a: Entei|par
|
|-damage|p1a: Hatterene|29/100 brn|[from] brn
|upkeep
|turn|7
|
|t:|1779691552
|move|p2a: Entei|Sacred Fire|p1a: Hatterene
|-damage|p1a: Hatterene|0 fnt
|faint|p1a: Hatterene
|
|upkeep
|
|t:|1779691554
|switch|p1a: Dragonite|Dragonite, F|100/100
|turn|8
|
|t:|1779691560
|switch|p2a: Great Tusk|Great Tusk|100/100
|move|p1a: Dragonite|Dragon Dance|p1a: Dragonite
|-boost|p1a: Dragonite|atk|1
|-boost|p1a: Dragonite|spe|1
|
|upkeep
|turn|9
|
|t:|1779691566
|move|p1a: Dragonite|Ice Spinner|p2a: Great Tusk
|-supereffective|p2a: Great Tusk
|-damage|p2a: Great Tusk|35/100
|move|p2a: Great Tusk|Ice Spinner|p1a: Dragonite
|-supereffective|p1a: Dragonite
|-damage|p1a: Dragonite|39/100
|
|-heal|p1a: Dragonite|45/100|[from] item: Leftovers
|upkeep
|turn|10
|
|t:|1779691575
|move|p1a: Dragonite|Earthquake|p2a: Great Tusk
|-damage|p2a: Great Tusk|0 fnt
|faint|p2a: Great Tusk
|-end|p2a: Great Tusk|Protosynthesis|[silent]
|
|-heal|p1a: Dragonite|51/100|[from] item: Leftovers
|upkeep
|inactive|Ballerr has 120 seconds left.
|
|t:|1779691625
|switch|p2a: Weezing|Weezing-Galar, F|89/100
|-ability|p2a: Weezing|Neutralizing Gas
|turn|11
|
|t:|1779691634
|move|p1a: Dragonite|Earthquake|p2a: Weezing
|-supereffective|p2a: Weezing
|-damage|p2a: Weezing|20/100
|move|p2a: Weezing|Sludge Bomb|p1a: Dragonite
|-damage|p1a: Dragonite|20/100
|
|-heal|p1a: Dragonite|26/100|[from] item: Leftovers
|upkeep
|turn|12
|
|t:|1779691647
|move|p1a: Dragonite|Ice Spinner|p2a: Weezing
|-damage|p2a: Weezing|0 fnt
|faint|p2a: Weezing
|-end|p2a: Weezing|ability: Neutralizing Gas
|
|-heal|p1a: Dragonite|32/100|[from] item: Leftovers
|upkeep
|
|t:|1779691652
|switch|p2a: Entei|Entei|86/100 par
|turn|13
|
|t:|1779691655
|move|p2a: Entei|Extreme Speed|p1a: Dragonite
|-damage|p1a: Dragonite|0 fnt
|faint|p1a: Dragonite
|
|upkeep
|
|t:|1779691657
|switch|p1a: Kingambit|Kingambit, M|100/100
|-damage|p1a: Kingambit|88/100|[from] Spikes
|-activate|p1a: Kingambit|ability: Supreme Overlord
|-start|p1a: Kingambit|fallen2|[silent]
|turn|14
|
|t:|1779691662
|switch|p2a: Dragapult|Dragapult, M|100/100
|move|p1a: Kingambit|Swords Dance|p1a: Kingambit
|-boost|p1a: Kingambit|atk|2
|
|-heal|p1a: Kingambit|94/100|[from] item: Leftovers
|upkeep
|turn|15
|
|t:|1779691665
|move|p2a: Dragapult|Will-O-Wisp|p1a: Kingambit
|-status|p1a: Kingambit|brn
|move|p1a: Kingambit|Kowtow Cleave|p2a: Dragapult
|-supereffective|p2a: Dragapult
|-damage|p2a: Dragapult|0 fnt
|faint|p2a: Dragapult
|
|-heal|p1a: Kingambit|99/100 brn|[from] item: Leftovers
|-damage|p1a: Kingambit|94/100 brn|[from] brn
|upkeep
|
|t:|1779691674
|switch|p2a: Entei|Entei|86/100 par
|turn|16
|
|t:|1779691678
|-terastallize|p1a: Kingambit|Fire
|move|p2a: Entei|Sacred Fire|p1a: Kingambit
|-resisted|p1a: Kingambit
|-damage|p1a: Kingambit|68/100 brn
|move|p1a: Kingambit|Kowtow Cleave|p2a: Entei
|-damage|p2a: Entei|22/100 par
|
|-heal|p1a: Kingambit|74/100 brn|[from] item: Leftovers
|-damage|p1a: Kingambit|68/100 brn|[from] brn
|upkeep
|turn|17
|
|t:|1779691684
|switch|p2a: Samurott|Samurott-Hisui, M|54/100
|move|p1a: Kingambit|Swords Dance|p1a: Kingambit
|-boost|p1a: Kingambit|atk|2
|
|-heal|p1a: Kingambit|74/100 brn|[from] item: Leftovers
|-damage|p1a: Kingambit|68/100 brn|[from] brn
|upkeep
|turn|18
|
|t:|1779691688
|move|p1a: Kingambit|Sucker Punch|p2a: Samurott
|-resisted|p2a: Samurott
|-damage|p2a: Samurott|11/100
|move|p2a: Samurott|Razor Shell|p1a: Kingambit
|-supereffective|p1a: Kingambit
|-damage|p1a: Kingambit|0 fnt
|faint|p1a: Kingambit
|-end|p1a: Kingambit|fallen2|[silent]
|
|upkeep
|
|t:|1779691689
|switch|p1a: Ceruledge|Ceruledge, M|100/100
|-status|p1a: Ceruledge|psn
|-damage|p1a: Ceruledge|88/100 psn|[from] Spikes
|turn|19
|
|t:|1779691697
|move|p2a: Samurott|Sucker Punch|p1a: Ceruledge
|-supereffective|p1a: Ceruledge
|-damage|p1a: Ceruledge|4/100 psn
|-ability|p1a: Ceruledge|Weak Armor|boost
|-unboost|p1a: Ceruledge|def|1
|-boost|p1a: Ceruledge|spe|2
|move|p1a: Ceruledge|Bitter Blade|p2a: Samurott
|-resisted|p2a: Samurott
|-damage|p2a: Samurott|0 fnt
|-heal|p1a: Ceruledge|11/100 psn|[from] drain|[of] p2a: Samurott
|faint|p2a: Samurott
|-damage|p1a: Ceruledge|1/100 psn|[from] item: Life Orb
|
|-damage|p1a: Ceruledge|0 fnt|[from] psn
|faint|p1a: Ceruledge
|upkeep
|
|t:|1779691709
|switch|p1a: Ting-Lu|Ting-Lu|100/100
|switch|p2a: Gliscor|Gliscor, M|100/100
|-status|p1a: Ting-Lu|psn
|-damage|p1a: Ting-Lu|88/100 psn|[from] Spikes
|-ability|p1a: Ting-Lu|Vessel of Ruin
|turn|20
|
|t:|1779691716
|move|p2a: Gliscor|Swords Dance|p2a: Gliscor
|-boost|p2a: Gliscor|atk|2
|move|p1a: Ting-Lu|Ruination|p2a: Gliscor
|-damage|p2a: Gliscor|50/100
|
|-damage|p1a: Ting-Lu|76/100 psn|[from] psn
|-status|p2a: Gliscor|tox|[from] item: Toxic Orb
|upkeep
|turn|21
|
|t:|1779691722
|move|p2a: Gliscor|Facade|p1a: Ting-Lu
|-damage|p1a: Ting-Lu|39/100 psn
|-damage|p2a: Gliscor|34/100 tox|[from] item: Rocky Helmet|[of] p1a: Ting-Lu
|move|p1a: Ting-Lu|Taunt|p2a: Gliscor
|-start|p2a: Gliscor|move: Taunt
|
|-heal|p2a: Gliscor|47/100 tox|[from] ability: Poison Heal
|-damage|p1a: Ting-Lu|27/100 psn|[from] psn
|upkeep
|turn|22
|inactive|Ballerr has 120 seconds left.
|
|t:|1779691755
|move|p2a: Gliscor|Facade|p1a: Ting-Lu
|-damage|p1a: Ting-Lu|0 fnt
|-damage|p2a: Gliscor|30/100 tox|[from] item: Rocky Helmet|[of] p1a: Ting-Lu
|faint|p1a: Ting-Lu
|
|-heal|p2a: Gliscor|43/100 tox|[from] ability: Poison Heal
|upkeep
|
|t:|1779691759
|switch|p1a: Ogerpon|Ogerpon-Wellspring, F|49/100
|-status|p1a: Ogerpon|psn
|-damage|p1a: Ogerpon|36/100 psn|[from] Spikes
|turn|23
|
|t:|1779691765
|-terastallize|p2a: Gliscor|Normal
|move|p1a: Ogerpon|Power Whip|p2a: Gliscor
|-damage|p2a: Gliscor|0 fnt
|faint|p2a: Gliscor
|
|-damage|p1a: Ogerpon|24/100 psn|[from] psn
|upkeep
|
|t:|1779691770
|switch|p2a: Entei|Entei|22/100 par
|turn|24
|
|t:|1779691772
|move|p2a: Entei|Extreme Speed|p1a: Ogerpon
|-damage|p1a: Ogerpon|0 fnt
|faint|p1a: Ogerpon
|
|win|Ballerr
|raw|potion of binding's rating: 1477 &rarr; <strong>1454</strong><br />(-23 for losing)
|raw|Ballerr's rating: 1426 &rarr; <strong>1449</strong><br />(+23 for winning)
|c|☆potion of binding|gg
|l|☆potion of binding
|player|p1|
|c|☆Ballerr|gg
