|j|☆Surged up diva
|j|‽aaagislash
|t:|1779704432
|gametype|singles
|player|p1|Surged up diva|beauty-gen4dp|1554
|player|p2|aaagislash|1|1503
|gen|9
|tier|[Gen 9] OU
|rated|
|rule|HP Percentage Mod: HP is shown in percentages
|rule|Endless Battle Clause: Forcing endless battles is banned
|rule|Species Clause: Limit one of each Pokémon
|rule|OHKO Clause: OHKO moves are banned
|rule|Evasion Items Clause: Evasion items are banned
|rule|Evasion Moves Clause: Evasion moves are banned
|rule|Evasion Abilities Clause: Evasion abilities are banned
|rule|Sleep Moves Clause: Sleep-inducing moves are banned
|clearpoke
|poke|p1|Ogerpon-Wellspring, F|
|poke|p1|Garganacl, F|
|poke|p1|Gliscor, M|
|poke|p1|Slowking-Galar, F|
|poke|p1|Zamazenta-*|
|poke|p1|Mandibuzz, F|
|poke|p2|Kommo-o, M|
|poke|p2|Moltres|
|poke|p2|Iron Valiant|
|poke|p2|Meowscarada, M|
|poke|p2|Scizor, F|
|poke|p2|Great Tusk|
|teampreview
|j| notapokemonmaster
|
|t:|1779704452
|teamsize|p1|6
|teamsize|p2|6
|start
|switch|p1a: Ogerpon|Ogerpon-Wellspring, F|100/100
|switch|p2a: Kommo-o|Kommo-o, M|100/100
|turn|1
|
|t:|1779704468
|switch|p2a: Moltres|Moltres|100/100
|move|p1a: Ogerpon|U-turn|p2a: Moltres
|-resisted|p2a: Moltres
|-damage|p2a: Moltres|92/100
|
|t:|1779704475
|switch|p1a: Garganacl|Garganacl, F|100/100|[from] U-turn
|
|upkeep
|turn|2
|
|t:|1779704481
|move|p2a: Moltres|Scorching Sands|p1a: Garganacl
|-supereffective|p1a: Garganacl
|-damage|p1a: Garganacl|53/100
|-damage|p2a: Moltres|82/100|[from] item: Life Orb
|move|p1a: Garganacl|Stealth Rock|p2a: Moltres
|-sidestart|p2: aaagislash|move: Stealth Rock
|
|-heal|p1a: Garganacl|60/100|[from] item: Leftovers
|upkeep
|turn|3
|
|t:|1779704489
|move|p1a: Garganacl|Protect|p1a: Garganacl
|-singleturn|p1a: Garganacl|Protect
|move|p2a: Moltres|Scorching Sands|p1a: Garganacl
|-activate|p1a: Garganacl|move: Protect
|
|-heal|p1a: Garganacl|66/100|[from] item: Leftovers
|upkeep
|turn|4
|
|t:|1779704493
|move|p2a: Moltres|Scorching Sands|p1a: Garganacl
|-supereffective|p1a: Garganacl
|-damage|p1a: Garganacl|22/100
|-damage|p2a: Moltres|72/100|[from] item: Life Orb
|move|p1a: Garganacl|Recover|p1a: Garganacl
|-heal|p1a: Garganacl|72/100
|
|-heal|p1a: Garganacl|78/100|[from] item: Leftovers
|upkeep
|turn|5
|
|t:|1779704503
|switch|p2a: Meowscarada|Meowscarada, M|100/100
|-damage|p2a: Meowscarada|88/100|[from] Stealth Rock
|move|p1a: Garganacl|Salt Cure|p2a: Meowscarada
|-damage|p2a: Meowscarada|66/100
|-start|p2a: Meowscarada|Salt Cure
|
|-heal|p1a: Garganacl|84/100|[from] item: Leftovers
|-damage|p2a: Meowscarada|53/100|[from] Salt Cure
|upkeep
|turn|6
|
|t:|1779704512
|switch|p1a: Mandibuzz|Mandibuzz, F|100/100
|move|p2a: Meowscarada|Spikes|p1a: Mandibuzz
|-sidestart|p1: Surged up diva|Spikes
|
|-damage|p2a: Meowscarada|41/100|[from] Salt Cure
|upkeep
|turn|7
|
|t:|1779704520
|switch|p2a: Great Tusk|Great Tusk|100/100
|-damage|p2a: Great Tusk|98/100|[from] Stealth Rock
|-enditem|p2a: Great Tusk|Booster Energy
|-activate|p2a: Great Tusk|ability: Protosynthesis|[fromitem]
|-start|p2a: Great Tusk|protosynthesisatk
|move|p1a: Mandibuzz|Knock Off|p2a: Great Tusk
|-resisted|p2a: Great Tusk
|-damage|p2a: Great Tusk|92/100
|
|upkeep
|turn|8
|
|t:|1779704526
|move|p2a: Great Tusk|Bulk Up|p2a: Great Tusk
|-boost|p2a: Great Tusk|atk|1
|-boost|p2a: Great Tusk|def|1
|move|p1a: Mandibuzz|Toxic|p2a: Great Tusk
|-status|p2a: Great Tusk|tox
|
|-damage|p2a: Great Tusk|86/100 tox|[from] psn
|upkeep
|turn|9
|
|t:|1779704545
|move|p2a: Great Tusk|Rapid Spin|p1a: Mandibuzz
|-damage|p1a: Mandibuzz|80/100
|-boost|p2a: Great Tusk|spe|1
|-sideend|p2: aaagislash|Stealth Rock|[from] move: Rapid Spin|[of] p2a: Great Tusk
|move|p1a: Mandibuzz|Roost|p1a: Mandibuzz
|-heal|p1a: Mandibuzz|100/100
|-singleturn|p1a: Mandibuzz|move: Roost
|
|-damage|p2a: Great Tusk|74/100 tox|[from] psn
|upkeep
|turn|10
|
|t:|1779704559
|move|p2a: Great Tusk|Ice Spinner|p1a: Mandibuzz
|-supereffective|p1a: Mandibuzz
|-damage|p1a: Mandibuzz|37/100
|move|p1a: Mandibuzz|Roost|p1a: Mandibuzz
|-heal|p1a: Mandibuzz|87/100
|-singleturn|p1a: Mandibuzz|move: Roost
|
|-damage|p2a: Great Tusk|56/100 tox|[from] psn
|upkeep
|turn|11
|
|t:|1779704565
|move|p2a: Great Tusk|Ice Spinner|p1a: Mandibuzz
|-supereffective|p1a: Mandibuzz
|-damage|p1a: Mandibuzz|22/100
|move|p1a: Mandibuzz|Roost|p1a: Mandibuzz
|-heal|p1a: Mandibuzz|72/100
|-singleturn|p1a: Mandibuzz|move: Roost
|
|-damage|p2a: Great Tusk|31/100 tox|[from] psn
|upkeep
|turn|12
|
|t:|1779704568
|move|p2a: Great Tusk|Ice Spinner|p1a: Mandibuzz
|-supereffective|p1a: Mandibuzz
|-damage|p1a: Mandibuzz|8/100
|move|p1a: Mandibuzz|Roost|p1a: Mandibuzz
|-heal|p1a: Mandibuzz|58/100
|-singleturn|p1a: Mandibuzz|move: Roost
|
|-damage|p2a: Great Tusk|1/100 tox|[from] psn
|upkeep
|turn|13
|
|t:|1779704576
|move|p2a: Great Tusk|Ice Spinner|p1a: Mandibuzz
|-supereffective|p1a: Mandibuzz
|-damage|p1a: Mandibuzz|0 fnt
|faint|p1a: Mandibuzz
|
|-damage|p2a: Great Tusk|0 fnt|[from] psn
|faint|p2a: Great Tusk
|-end|p2a: Great Tusk|Protosynthesis|[silent]
|upkeep
|
|t:|1779704601
|switch|p2a: Kommo-o|Kommo-o, M|100/100
|switch|p1a: Gliscor|Gliscor, M|100/100
|turn|14
|
|t:|1779704608
|move|p2a: Kommo-o|Dragon Dance|p2a: Kommo-o
|-boost|p2a: Kommo-o|atk|1
|-boost|p2a: Kommo-o|spe|1
|move|p1a: Gliscor|Swords Dance|p1a: Gliscor
|-boost|p1a: Gliscor|atk|2
|
|-status|p1a: Gliscor|tox|[from] item: Toxic Orb
|upkeep
|turn|15
|
|t:|1779704615
|-terastallize|p2a: Kommo-o|Dragon
|move|p2a: Kommo-o|Outrage|p1a: Gliscor
|-damage|p1a: Gliscor|0 fnt
|faint|p1a: Gliscor
|-damage|p2a: Kommo-o|91/100|[from] item: Life Orb
|
|upkeep
|
|t:|1779704625
|switch|p1a: Garganacl|Garganacl, F|84/100
|-damage|p1a: Garganacl|72/100|[from] Spikes
|turn|16
|
|t:|1779704629
|-terastallize|p1a: Garganacl|Fairy
|move|p2a: Kommo-o|Outrage|p1a: Garganacl|[from] lockedmove
|-immune|p1a: Garganacl
|-start|p2a: Kommo-o|confusion|[fatigue]
|move|p1a: Garganacl|Salt Cure|p2a: Kommo-o
|-damage|p2a: Kommo-o|77/100
|-start|p2a: Kommo-o|Salt Cure
|
|-heal|p1a: Garganacl|78/100|[from] item: Leftovers
|-damage|p2a: Kommo-o|65/100|[from] Salt Cure
|upkeep
|turn|17
|
|t:|1779704642
|-activate|p2a: Kommo-o|confusion
|move|p2a: Kommo-o|Stealth Rock|p1a: Garganacl
|-sidestart|p1: Surged up diva|move: Stealth Rock
|move|p1a: Garganacl|Stealth Rock|p2a: Kommo-o
|-sidestart|p2: aaagislash|move: Stealth Rock
|
|-heal|p1a: Garganacl|84/100|[from] item: Leftovers
|-damage|p2a: Kommo-o|52/100|[from] Salt Cure
|upkeep
|turn|18
|
|t:|1779704652
|-activate|p2a: Kommo-o|confusion
|move|p2a: Kommo-o|Dragon Dance|p2a: Kommo-o
|-boost|p2a: Kommo-o|atk|1
|-boost|p2a: Kommo-o|spe|1
|move|p1a: Garganacl|Salt Cure|p2a: Kommo-o
|-damage|p2a: Kommo-o|38/100
|
|-heal|p1a: Garganacl|91/100|[from] item: Leftovers
|-damage|p2a: Kommo-o|25/100|[from] Salt Cure
|upkeep
|turn|19
|
|t:|1779704663
|-activate|p2a: Kommo-o|confusion
|move|p2a: Kommo-o|Close Combat|p1a: Garganacl
|-resisted|p1a: Garganacl
|-damage|p1a: Garganacl|40/100
|-unboost|p2a: Kommo-o|def|1
|-unboost|p2a: Kommo-o|spd|1
|-damage|p2a: Kommo-o|15/100|[from] item: Life Orb
|move|p1a: Garganacl|Salt Cure|p2a: Kommo-o
|-damage|p2a: Kommo-o|0 fnt
|faint|p2a: Kommo-o
|
|-heal|p1a: Garganacl|47/100|[from] item: Leftovers
|upkeep
|
|t:|1779704668
|switch|p2a: Meowscarada|Meowscarada, M|41/100
|-damage|p2a: Meowscarada|29/100|[from] Stealth Rock
|turn|20
|
|t:|1779704696
|move|p2a: Meowscarada|Flower Trick|p1a: Garganacl
|-crit|p1a: Garganacl
|-damage|p1a: Garganacl|0 fnt
|faint|p1a: Garganacl
|
|upkeep
|
|t:|1779704703
|switch|p1a: Zamazenta|Zamazenta|100/100
|-damage|p1a: Zamazenta|88/100|[from] Spikes
|-damage|p1a: Zamazenta|82/100|[from] Stealth Rock
|-ability|p1a: Zamazenta|Dauntless Shield|boost
|-boost|p1a: Zamazenta|def|1
|turn|21
|
|t:|1779704709
|move|p1a: Zamazenta|Body Slam|p2a: Meowscarada
|-damage|p2a: Meowscarada|0 fnt
|faint|p2a: Meowscarada
|
|-heal|p1a: Zamazenta|88/100|[from] item: Leftovers
|upkeep
|
|t:|1779704711
|switch|p2a: Iron Valiant|Iron Valiant|100/100
|-damage|p2a: Iron Valiant|94/100|[from] Stealth Rock
|-enditem|p2a: Iron Valiant|Booster Energy
|-activate|p2a: Iron Valiant|ability: Quark Drive|[fromitem]
|-start|p2a: Iron Valiant|quarkdrivespe
|turn|22
|
|t:|1779704745
|switch|p1a: Slowking|Slowking-Galar, F|100/100
|move|p2a: Iron Valiant|Swords Dance|p2a: Iron Valiant
|-boost|p2a: Iron Valiant|atk|2
|
|upkeep
|turn|23
|
|t:|1779704752
|move|p2a: Iron Valiant|Knock Off|p1a: Slowking
|-supereffective|p1a: Slowking
|-crit|p1a: Slowking
|-damage|p1a: Slowking|0 fnt
|-enditem|p1a: Slowking|Heavy-Duty Boots|[from] move: Knock Off|[of] p2a: Iron Valiant
|faint|p1a: Slowking
|
|upkeep
|-message|Surged up diva forfeited.
|
|win|aaagislash
|raw|Surged up diva's rating: 1554 &rarr; <strong>1531</strong><br />(-23 for losing)
|raw|aaagislash's rating: 1503 &rarr; <strong>1526</strong><br />(+23 for winning)
|l|☆Surged up diva
|player|p1|
|l|‽aaagislash
|player|p2|
|l| notapokemonmaster
