|j|☆darksora420
|j|☆DragonHunter994
|t:|1779598795
|gametype|singles
|player|p1|darksora420|170|1323
|player|p2|DragonHunter994|burglar|1382
|gen|9
|tier|[Gen 9] OU
|rated|
|rule|HP Percentage Mod: HP is shown in percentages
|rule|Endless Battle Clause: Forcing endless battles is banned
|rule|Species Clause: Limit one of each Pokémon
|rule|OHKO Clause: OHKO moves are banned
|rule|Evasion Items Clause: Evasion items are banned
|rule|Evasion Moves Clause: Evasion moves are banned
|rule|Evasion Abilities Clause: Evasion abilities are banned
|rule|Sleep Moves Clause: Sleep-inducing moves are banned
|clearpoke
|poke|p1|Ogerpon-Wellspring, F|
|poke|p1|Pelipper, F|
|poke|p1|Barraskewda, M|
|poke|p1|Araquanid, M|
|poke|p1|Great Tusk|
|poke|p1|Raging Bolt|
|poke|p2|Rillaboom, M|
|poke|p2|Chesnaught, F|
|poke|p2|Moltres|
|poke|p2|Garganacl, F|
|poke|p2|Iron Treads|
|poke|p2|Slowking-Galar, M|
|teampreview
|
|t:|1779598804
|teamsize|p1|6
|teamsize|p2|6
|start
|switch|p1a: Barraskewda|Barraskewda, M|100/100
|switch|p2a: Chesnaught|Chesnaught, F, shiny|100/100
|turn|1
|inactive|Battle timer is ON: inactive players will automatically lose when time's up. (requested by darksora420)
|
|t:|1779598807
|switch|p1a: Pelipper|Pelipper, F|100/100
|-weather|RainDance|[from] ability: Drizzle|[of] p1a: Pelipper
|move|p2a: Chesnaught|Grassy Glide|p1a: Pelipper
|-damage|p1a: Pelipper|80/100
|
|-weather|RainDance|[upkeep]
|upkeep
|turn|2
|
|t:|1779598813
|-terastallize|p2a: Chesnaught|Electric
|move|p2a: Chesnaught|Thunder Punch|p1a: Pelipper
|-supereffective|p1a: Pelipper
|-damage|p1a: Pelipper|0 fnt
|faint|p1a: Pelipper
|
|-weather|RainDance|[upkeep]
|upkeep
|
|t:|1779598835
|switch|p1a: Ogerpon|Ogerpon-Wellspring, F|100/100
|turn|3
|
|t:|1779598840
|switch|p2a: Rillaboom|Rillaboom, M|100/100
|-fieldstart|move: Grassy Terrain|[from] ability: Grassy Surge|[of] p2a: Rillaboom
|move|p1a: Ogerpon|Swords Dance|p1a: Ogerpon
|-boost|p1a: Ogerpon|atk|2
|
|-weather|RainDance|[upkeep]
|upkeep
|turn|4
|
|t:|1779598845
|move|p2a: Rillaboom|Grassy Glide|p1a: Ogerpon
|-damage|p1a: Ogerpon|44/100
|move|p1a: Ogerpon|Ivy Cudgel|p2a: Rillaboom|[anim] Ivy Cudgel Water
|-resisted|p2a: Rillaboom
|-damage|p2a: Rillaboom|18/100
|
|-weather|RainDance|[upkeep]
|-heal|p1a: Ogerpon|50/100|[from] Grassy Terrain
|-heal|p2a: Rillaboom|25/100|[from] Grassy Terrain
|upkeep
|turn|5
|
|t:|1779598854
|switch|p1a: Raging Bolt|Raging Bolt|100/100
|move|p2a: Rillaboom|Grassy Glide|p1a: Raging Bolt
|-resisted|p1a: Raging Bolt
|-damage|p1a: Raging Bolt|82/100
|
|-weather|RainDance|[upkeep]
|-heal|p1a: Raging Bolt|88/100|[from] Grassy Terrain
|-heal|p2a: Rillaboom|31/100|[from] Grassy Terrain
|upkeep
|turn|6
|
|t:|1779598857
|switch|p2a: Iron Treads|Iron Treads|100/100
|move|p1a: Raging Bolt|Calm Mind|p1a: Raging Bolt
|-boost|p1a: Raging Bolt|spa|1
|-boost|p1a: Raging Bolt|spd|1
|
|-weather|RainDance|[upkeep]
|-heal|p1a: Raging Bolt|94/100|[from] Grassy Terrain
|upkeep
|turn|7
|
|t:|1779598862
|-end|p1a: Raging Bolt|Protosynthesis|[silent]
|switch|p1a: Ogerpon|Ogerpon-Wellspring, F|50/100
|move|p2a: Iron Treads|High Horsepower|p1a: Ogerpon|[miss]
|-miss|p2a: Iron Treads|p1a: Ogerpon
|
|-weather|RainDance|[upkeep]
|-heal|p1a: Ogerpon|56/100|[from] Grassy Terrain
|upkeep
|turn|8
|
|t:|1779598873
|move|p1a: Ogerpon|Horn Leech|p2a: Iron Treads
|-damage|p2a: Iron Treads|54/100
|-heal|p1a: Ogerpon|82/100|[from] drain|[of] p2a: Iron Treads
|move|p2a: Iron Treads|High Horsepower|p1a: Ogerpon
|-resisted|p1a: Ogerpon
|-damage|p1a: Ogerpon|53/100
|
|-weather|none
|-heal|p1a: Ogerpon|59/100|[from] Grassy Terrain
|-heal|p2a: Iron Treads|60/100|[from] Grassy Terrain
|upkeep
|turn|9
|
|t:|1779598882
|-end|p2a: Iron Treads|Quark Drive|[silent]
|switch|p2a: Slowking|Slowking-Galar, M|100/100
|move|p1a: Ogerpon|Ivy Cudgel|p2a: Slowking|[anim] Ivy Cudgel Water
|-damage|p2a: Slowking|43/100
|
|-heal|p1a: Ogerpon|65/100|[from] Grassy Terrain
|-heal|p2a: Slowking|49/100|[from] Grassy Terrain
|upkeep
|turn|10
|
|t:|1779598886
|switch|p2a: Iron Treads|Iron Treads|60/100
|move|p1a: Ogerpon|Ivy Cudgel|p2a: Iron Treads|[anim] Ivy Cudgel Water
|-supereffective|p2a: Iron Treads
|-damage|p2a: Iron Treads|0 fnt
|faint|p2a: Iron Treads
|-end|p2a: Iron Treads|Quark Drive|[silent]
|
|-heal|p1a: Ogerpon|71/100|[from] Grassy Terrain
|-fieldend|move: Grassy Terrain
|upkeep
|
|t:|1779598888
|switch|p2a: Slowking|Slowking-Galar, M|82/100
|turn|11
|
|t:|1779598896
|switch|p1a: Raging Bolt|Raging Bolt|94/100
|move|p2a: Slowking|Toxic|p1a: Raging Bolt
|-status|p1a: Raging Bolt|tox
|
|-damage|p1a: Raging Bolt|88/100 tox|[from] psn
|upkeep
|turn|12
|
|t:|1779598901
|move|p1a: Raging Bolt|Calm Mind|p1a: Raging Bolt
|-boost|p1a: Raging Bolt|spa|1
|-boost|p1a: Raging Bolt|spd|1
|-prepare|p2a: Slowking|Chilly Reception|[premajor]
|move|p2a: Slowking|Chilly Reception|p2a: Slowking
|-weather|Snowscape
|
|t:|1779598906
|switch|p2a: Rillaboom|Rillaboom, M|31/100|[from] Chilly Reception
|-fieldstart|move: Grassy Terrain|[from] ability: Grassy Surge|[of] p2a: Rillaboom
|
|-weather|Snowscape|[upkeep]
|-heal|p1a: Raging Bolt|94/100 tox|[from] Grassy Terrain
|-heal|p2a: Rillaboom|37/100|[from] Grassy Terrain
|-damage|p1a: Raging Bolt|82/100 tox|[from] psn
|upkeep
|turn|13
|
|t:|1779598909
|switch|p2a: Chesnaught|Chesnaught, F, shiny, tera:Electric|100/100
|move|p1a: Raging Bolt|Dragon Pulse|p2a: Chesnaught
|-damage|p2a: Chesnaught|0 fnt
|faint|p2a: Chesnaught
|
|-weather|Snowscape|[upkeep]
|-heal|p1a: Raging Bolt|88/100 tox|[from] Grassy Terrain
|-damage|p1a: Raging Bolt|70/100 tox|[from] psn
|upkeep
|
|t:|1779598915
|switch|p2a: Garganacl|Garganacl, F|100/100
|turn|14
|
|t:|1779598919
|move|p1a: Raging Bolt|Dragon Pulse|p2a: Garganacl
|-damage|p2a: Garganacl|42/100
|move|p2a: Garganacl|Salt Cure|p1a: Raging Bolt
|-damage|p1a: Raging Bolt|56/100 tox
|-start|p1a: Raging Bolt|Salt Cure
|
|-weather|Snowscape|[upkeep]
|-heal|p1a: Raging Bolt|62/100 tox|[from] Grassy Terrain
|-heal|p2a: Garganacl|48/100|[from] Grassy Terrain
|-heal|p2a: Garganacl|54/100|[from] item: Leftovers
|-damage|p1a: Raging Bolt|38/100 tox|[from] psn
|-damage|p1a: Raging Bolt|26/100 tox|[from] Salt Cure
|upkeep
|turn|15
|
|t:|1779598922
|move|p2a: Garganacl|Protect|p2a: Garganacl
|-singleturn|p2a: Garganacl|Protect
|move|p1a: Raging Bolt|Calm Mind|p1a: Raging Bolt
|-boost|p1a: Raging Bolt|spa|1
|-boost|p1a: Raging Bolt|spd|1
|
|-weather|Snowscape|[upkeep]
|-heal|p1a: Raging Bolt|32/100 tox|[from] Grassy Terrain
|-heal|p2a: Garganacl|60/100|[from] Grassy Terrain
|-heal|p2a: Garganacl|67/100|[from] item: Leftovers
|-damage|p1a: Raging Bolt|1/100 tox|[from] psn
|-damage|p1a: Raging Bolt|0 fnt|[from] Salt Cure
|faint|p1a: Raging Bolt
|-end|p1a: Raging Bolt|Protosynthesis|[silent]
|upkeep
|
|t:|1779598927
|switch|p1a: Ogerpon|Ogerpon-Wellspring, F|71/100
|turn|16
|
|t:|1779598933
|move|p1a: Ogerpon|Swords Dance|p1a: Ogerpon
|-boost|p1a: Ogerpon|atk|2
|move|p2a: Garganacl|Salt Cure|p1a: Ogerpon
|-damage|p1a: Ogerpon|51/100
|-start|p1a: Ogerpon|Salt Cure
|
|-weather|none
|-heal|p1a: Ogerpon|57/100|[from] Grassy Terrain
|-heal|p2a: Garganacl|73/100|[from] Grassy Terrain
|-heal|p2a: Garganacl|79/100|[from] item: Leftovers
|-damage|p1a: Ogerpon|32/100|[from] Salt Cure
|upkeep
|turn|17
|
|t:|1779598935
|move|p2a: Garganacl|Protect|p2a: Garganacl
|-singleturn|p2a: Garganacl|Protect
|move|p1a: Ogerpon|Horn Leech|p2a: Garganacl
|-activate|p2a: Garganacl|move: Protect
|
|-heal|p1a: Ogerpon|38/100|[from] Grassy Terrain
|-heal|p2a: Garganacl|85/100|[from] Grassy Terrain
|-heal|p2a: Garganacl|91/100|[from] item: Leftovers
|-damage|p1a: Ogerpon|13/100|[from] Salt Cure
|upkeep
|turn|18
|
|t:|1779598942
|switch|p2a: Slowking|Slowking-Galar, M|100/100
|move|p1a: Ogerpon|Ivy Cudgel|p2a: Slowking|[anim] Ivy Cudgel Water
|-damage|p2a: Slowking|0 fnt
|faint|p2a: Slowking
|
|-heal|p1a: Ogerpon|19/100|[from] Grassy Terrain
|-damage|p1a: Ogerpon|0 fnt|[from] Salt Cure
|faint|p1a: Ogerpon
|upkeep
|
|t:|1779598956
|switch|p1a: Great Tusk|Great Tusk|100/100
|switch|p2a: Rillaboom|Rillaboom, M|37/100
|-enditem|p1a: Great Tusk|Booster Energy
|-activate|p1a: Great Tusk|ability: Protosynthesis|[fromitem]
|-start|p1a: Great Tusk|protosynthesisspe
|turn|19
|
|t:|1779598962
|switch|p2a: Moltres|Moltres|100/100
|move|p1a: Great Tusk|Ice Spinner|p2a: Moltres
|-damage|p2a: Moltres|80/100
|-fieldend|move: Grassy Terrain
|
|upkeep
|turn|20
|
|t:|1779598966
|-end|p1a: Great Tusk|Protosynthesis|[silent]
|switch|p1a: Araquanid|Araquanid, M|100/100
|move|p2a: Moltres|Hurricane|p1a: Araquanid|[miss]
|-miss|p2a: Moltres|p1a: Araquanid
|
|upkeep
|turn|21
|
|t:|1779598970
|switch|p2a: Rillaboom|Rillaboom, M|37/100
|-fieldstart|move: Grassy Terrain|[from] ability: Grassy Surge|[of] p2a: Rillaboom
|move|p1a: Araquanid|Surf|p2a: Rillaboom
|-resisted|p2a: Rillaboom
|-damage|p2a: Rillaboom|15/100
|
|-heal|p2a: Rillaboom|21/100|[from] Grassy Terrain
|upkeep
|turn|22
|
|t:|1779598975
|move|p2a: Rillaboom|Grassy Glide|p1a: Araquanid
|-damage|p1a: Araquanid|72/100
|move|p1a: Araquanid|Surf|p2a: Rillaboom
|-resisted|p2a: Rillaboom
|-damage|p2a: Rillaboom|0 fnt
|faint|p2a: Rillaboom
|
|-heal|p1a: Araquanid|78/100|[from] Grassy Terrain
|upkeep
|
|t:|1779598978
|switch|p2a: Garganacl|Garganacl, F|91/100
|turn|23
|
|t:|1779598980
|move|p1a: Araquanid|Surf|p2a: Garganacl
|-supereffective|p2a: Garganacl
|-damage|p2a: Garganacl|31/100
|move|p2a: Garganacl|Salt Cure|p1a: Araquanid
|-supereffective|p1a: Araquanid
|-damage|p1a: Araquanid|55/100
|-start|p1a: Araquanid|Salt Cure
|
|-heal|p1a: Araquanid|62/100|[from] Grassy Terrain
|-heal|p2a: Garganacl|38/100|[from] Grassy Terrain
|-heal|p2a: Garganacl|44/100|[from] item: Leftovers
|-damage|p1a: Araquanid|37/100|[from] Salt Cure
|upkeep
|turn|24
|
|t:|1779598984
|move|p2a: Garganacl|Protect|p2a: Garganacl
|-singleturn|p2a: Garganacl|Protect
|move|p1a: Araquanid|Surf|p2a: Garganacl
|-activate|p2a: Garganacl|move: Protect
|
|-heal|p1a: Araquanid|43/100|[from] Grassy Terrain
|-heal|p2a: Garganacl|50/100|[from] Grassy Terrain
|-heal|p2a: Garganacl|56/100|[from] item: Leftovers
|-damage|p1a: Araquanid|18/100|[from] Salt Cure
|upkeep
|turn|25
|-enditem|p1a: Araquanid|Custap Berry|[eat]
|-activate|p1a: Araquanid|item: Custap Berry|[consumed]
|
|t:|1779598986
|move|p1a: Araquanid|Surf|p2a: Garganacl
|-supereffective|p2a: Garganacl
|-damage|p2a: Garganacl|3/100
|move|p2a: Garganacl|Recover|p2a: Garganacl
|-heal|p2a: Garganacl|53/100
|
|-heal|p1a: Araquanid|24/100|[from] Grassy Terrain
|-heal|p2a: Garganacl|59/100|[from] Grassy Terrain
|-heal|p2a: Garganacl|65/100|[from] item: Leftovers
|-damage|p1a: Araquanid|0 fnt|[from] Salt Cure
|faint|p1a: Araquanid
|upkeep
|
|t:|1779598989
|switch|p1a: Barraskewda|Barraskewda, M|100/100
|turn|26
|
|t:|1779598992
|switch|p2a: Moltres|Moltres|80/100
|-terastallize|p1a: Barraskewda|Water
|move|p1a: Barraskewda|Liquidation|p2a: Moltres
|-supereffective|p2a: Moltres
|-damage|p2a: Moltres|0 fnt
|faint|p2a: Moltres
|
|upkeep
|
|t:|1779598994
|switch|p2a: Garganacl|Garganacl, F|65/100
|turn|27
|
|t:|1779598995
|move|p2a: Garganacl|Protect|p2a: Garganacl
|-singleturn|p2a: Garganacl|Protect
|move|p1a: Barraskewda|Liquidation|p2a: Garganacl
|-activate|p2a: Garganacl|move: Protect
|
|-heal|p2a: Garganacl|71/100|[from] Grassy Terrain
|-heal|p2a: Garganacl|77/100|[from] item: Leftovers
|upkeep
|turn|28
|
|t:|1779598998
|move|p1a: Barraskewda|Liquidation|p2a: Garganacl
|-supereffective|p2a: Garganacl
|-damage|p2a: Garganacl|0 fnt
|faint|p2a: Garganacl
|
|win|darksora420
|raw|darksora420's rating: 1323 &rarr; <strong>1346</strong><br />(+23 for winning)
|raw|DragonHunter994's rating: 1382 &rarr; <strong>1359</strong><br />(-23 for losing)
|l|☆DragonHunter994
|player|p2|
|l|☆darksora420
|player|p1|
