|j|‽aaagislash
|j|☆my shitters
|t:|1779632466
|gametype|singles
|player|p1|aaagislash|102|1431
|player|p2|my shitters|preschooler|1430
|gen|9
|tier|[Gen 9] OU
|rated|
|rule|HP Percentage Mod: HP is shown in percentages
|rule|Endless Battle Clause: Forcing endless battles is banned
|rule|Species Clause: Limit one of each Pokémon
|rule|OHKO Clause: OHKO moves are banned
|rule|Evasion Items Clause: Evasion items are banned
|rule|Evasion Moves Clause: Evasion moves are banned
|rule|Evasion Abilities Clause: Evasion abilities are banned
|rule|Sleep Moves Clause: Sleep-inducing moves are banned
|clearpoke
|poke|p1|Bisharp, F|
|poke|p1|Empoleon, M|
|poke|p1|Smeargle, M|
|poke|p1|Falinks|
|poke|p1|Rabsca, F|
|poke|p1|Cresselia, F|
|poke|p2|Alcremie-Ruby-Swirl, F|
|poke|p2|Sableye, M|
|poke|p2|Primeape, M|
|poke|p2|Ursaring, F|
|poke|p2|Brute Bonnet|
|poke|p2|Squawkabilly-Blue, F|
|teampreview
|inactive|Battle timer is ON: inactive players will automatically lose when time's up. (requested by my shitters)
|
|t:|1779632486
|teamsize|p1|6
|teamsize|p2|6
|start
|switch|p1a: Smeargle|Smeargle, M|100/100
|switch|p2a: GemPostin|Sableye, M|100/100
|turn|1
|
|t:|1779632490
|move|p2a: GemPostin|Taunt|p1a: Smeargle
|-start|p1a: Smeargle|move: Taunt
|-enditem|p1a: Smeargle|Mental Herb
|-end|p1a: Smeargle|move: Taunt
|move|p1a: Smeargle|Sticky Web|p2a: GemPostin
|-sidestart|p2: my shitters|move: Sticky Web
|
|upkeep
|turn|2
|
|t:|1779632493
|move|p2a: GemPostin|Taunt|p1a: Smeargle
|-start|p1a: Smeargle|move: Taunt
|cant|p1a: Smeargle|move: Taunt|Court Change
|
|upkeep
|turn|3
|
|t:|1779632498
|switch|p1a: Bisharp|Bisharp, F|100/100
|move|p2a: GemPostin|Reflect|p2a: GemPostin
|-sidestart|p2: my shitters|Reflect
|
|upkeep
|turn|4
|
|t:|1779632502
|switch|p2a: PonnieColeman|Primeape, M|100/100
|-activate|p2a: PonnieColeman|move: Sticky Web
|-unboost|p2a: PonnieColeman|spe|1
|-ability|p2a: PonnieColeman|Defiant|boost
|-boost|p2a: PonnieColeman|atk|2
|move|p1a: Bisharp|Iron Head|p2a: PonnieColeman
|-damage|p2a: PonnieColeman|76/100
|
|upkeep
|turn|5
|
|t:|1779632511
|switch|p1a: Cresselia|Cresselia, F|100/100
|move|p2a: PonnieColeman|Bulk Up|p2a: PonnieColeman
|-boost|p2a: PonnieColeman|atk|1
|-boost|p2a: PonnieColeman|def|1
|
|upkeep
|turn|6
|
|t:|1779632516
|move|p1a: Cresselia|Reflect|p1a: Cresselia
|-sidestart|p1: aaagislash|Reflect
|move|p2a: PonnieColeman|Rage Fist|p1a: Cresselia
|-supereffective|p1a: Cresselia
|-damage|p1a: Cresselia|69/100
|
|upkeep
|turn|7
|
|t:|1779632521
|move|p2a: PonnieColeman|Bulk Up|p2a: PonnieColeman
|-boost|p2a: PonnieColeman|atk|1
|-boost|p2a: PonnieColeman|def|1
|move|p1a: Cresselia|Trick Room|p1a: Cresselia
|-fieldstart|move: Trick Room|[of] p1a: Cresselia
|
|upkeep
|turn|8
|
|t:|1779632532
|switch|p1a: Smeargle|Smeargle, M|100/100
|move|p2a: PonnieColeman|Rage Fist|p1a: Smeargle
|-immune|p1a: Smeargle
|
|upkeep
|turn|9
|
|t:|1779632536
|move|p1a: Smeargle|Court Change|p1a: Smeargle
|-swapsideconditions
|-activate|p1a: Smeargle|move: Court Change
|move|p2a: PonnieColeman|Bulk Up|p2a: PonnieColeman
|-boost|p2a: PonnieColeman|atk|1
|-boost|p2a: PonnieColeman|def|1
|
|upkeep
|turn|10
|
|t:|1779632543
|switch|p1a: Empoleon|Empoleon, M|100/100
|-activate|p1a: Empoleon|move: Sticky Web
|-unboost|p1a: Empoleon|spe|1
|-ability|p1a: Empoleon|Competitive|boost
|-boost|p1a: Empoleon|spa|2
|move|p2a: PonnieColeman|Drain Punch|p1a: Empoleon
|-supereffective|p1a: Empoleon
|-damage|p1a: Empoleon|2/100
|-heal|p2a: PonnieColeman|100/100|[from] drain|[of] p1a: Empoleon
|
|-sideend|p1: aaagislash|Reflect
|-sideend|p2: my shitters|Reflect
|upkeep
|turn|11
|
|t:|1779632559
|move|p1a: Empoleon|Surf|p2a: PonnieColeman
|-damage|p2a: PonnieColeman|0 fnt
|faint|p2a: PonnieColeman
|
|-fieldend|move: Trick Room
|upkeep
|
|t:|1779632568
|switch|p2a: UngaBoonguss|Brute Bonnet|100/100
|-enditem|p2a: UngaBoonguss|Booster Energy
|-activate|p2a: UngaBoonguss|ability: Protosynthesis|[fromitem]
|-start|p2a: UngaBoonguss|protosynthesisatk
|turn|12
|
|t:|1779632572
|switch|p1a: Falinks|Falinks|100/100
|-activate|p1a: Falinks|move: Sticky Web
|-unboost|p1a: Falinks|spe|1
|-ability|p1a: Falinks|Defiant|boost
|-boost|p1a: Falinks|atk|2
|move|p2a: UngaBoonguss|Seed Bomb|p1a: Falinks
|-damage|p1a: Falinks|42/100
|
|upkeep
|turn|13
|
|t:|1779632577
|move|p1a: Falinks|First Impression|p2a: UngaBoonguss
|-supereffective|p2a: UngaBoonguss
|-crit|p2a: UngaBoonguss
|-damage|p2a: UngaBoonguss|0 fnt
|faint|p2a: UngaBoonguss
|-end|p2a: UngaBoonguss|Protosynthesis|[silent]
|
|upkeep
|
|t:|1779632583
|switch|p2a: Squawkablue|Squawkabilly-Blue, F|100/100
|-ability|p2a: Squawkablue|Intimidate|boost
|-unboost|p1a: Falinks|atk|1
|-ability|p1a: Falinks|Defiant|boost
|-boost|p1a: Falinks|atk|2
|turn|14
|
|t:|1779632595
|switch|p1a: Bisharp|Bisharp, F|100/100
|-activate|p1a: Bisharp|move: Sticky Web
|-unboost|p1a: Bisharp|spe|1
|-ability|p1a: Bisharp|Defiant|boost
|-boost|p1a: Bisharp|atk|2
|move|p2a: Squawkablue|U-turn|p1a: Bisharp
|-damage|p1a: Bisharp|90/100
|
|t:|1779632601
|switch|p2a: OnePunchBear|Ursaring, F|100/100|[from] U-turn
|
|-status|p2a: OnePunchBear|brn|[from] item: Flame Orb
|upkeep
|turn|15
|
|t:|1779632625
|switch|p1a: Smeargle|Smeargle, M|100/100
|-activate|p1a: Smeargle|move: Sticky Web
|-unboost|p1a: Smeargle|spe|1
|move|p2a: OnePunchBear|Swords Dance|p2a: OnePunchBear
|-boost|p2a: OnePunchBear|atk|2
|
|-damage|p2a: OnePunchBear|94/100 brn|[from] brn
|upkeep
|turn|16
|
|t:|1779632630
|move|p2a: OnePunchBear|Facade|p1a: Smeargle
|-damage|p1a: Smeargle|0 fnt
|faint|p1a: Smeargle
|
|-damage|p2a: OnePunchBear|88/100 brn|[from] brn
|upkeep
|
|t:|1779632632
|switch|p1a: Falinks|Falinks|42/100
|-activate|p1a: Falinks|move: Sticky Web
|-unboost|p1a: Falinks|spe|1
|-ability|p1a: Falinks|Defiant|boost
|-boost|p1a: Falinks|atk|2
|turn|17
|
|t:|1779632642
|move|p1a: Falinks|First Impression|p2a: OnePunchBear
|-damage|p2a: OnePunchBear|0 fnt
|faint|p2a: OnePunchBear
|
|upkeep
|
|t:|1779632645
|switch|p2a: Squawkablue|Squawkabilly-Blue, F|100/100
|-ability|p2a: Squawkablue|Intimidate|boost
|-unboost|p1a: Falinks|atk|1
|-ability|p1a: Falinks|Defiant|boost
|-boost|p1a: Falinks|atk|2
|turn|18
|
|t:|1779632651
|switch|p1a: Bisharp|Bisharp, F|90/100
|-activate|p1a: Bisharp|move: Sticky Web
|-unboost|p1a: Bisharp|spe|1
|-ability|p1a: Bisharp|Defiant|boost
|-boost|p1a: Bisharp|atk|2
|move|p2a: Squawkablue|Final Gambit|p1a: Bisharp
|-damage|p1a: Bisharp|0 fnt
|faint|p2a: Squawkablue
|faint|p1a: Bisharp
|
|upkeep
|
|t:|1779632659
|switch|p2a: GemPostin|Sableye, M|100/100
|switch|p1a: Falinks|Falinks|42/100
|-activate|p1a: Falinks|move: Sticky Web
|-unboost|p1a: Falinks|spe|1
|-ability|p1a: Falinks|Defiant|boost
|-boost|p1a: Falinks|atk|2
|turn|19
|
|t:|1779632661
|move|p1a: Falinks|First Impression|p2a: GemPostin
|-damage|p2a: GemPostin|17/100
|move|p2a: GemPostin|Reflect|p2a: GemPostin
|-sidestart|p2: my shitters|Reflect
|
|upkeep
|turn|20
|
|t:|1779632667
|switch|p1a: Rabsca|Rabsca, F|100/100
|move|p2a: GemPostin|Light Screen|p2a: GemPostin
|-sidestart|p2: my shitters|move: Light Screen
|
|upkeep
|turn|21
|
|t:|1779632674
|move|p2a: GemPostin|Taunt|p1a: Rabsca
|-start|p1a: Rabsca|move: Taunt
|move|p1a: Rabsca|Bug Buzz|p2a: GemPostin
|-damage|p2a: GemPostin|0 fnt
|faint|p2a: GemPostin
|
|upkeep
|
|t:|1779632676
|switch|p2a: RobotAlcremicDrive|Alcremie-Ruby-Swirl, F|100/100
|turn|22
|
|t:|1779632680
|switch|p1a: Cresselia|Cresselia, F|69/100
|move|p2a: RobotAlcremicDrive|Calm Mind|p2a: RobotAlcremicDrive
|-boost|p2a: RobotAlcremicDrive|spa|1
|-boost|p2a: RobotAlcremicDrive|spd|1
|
|upkeep
|turn|23
|
|t:|1779632686
|move|p2a: RobotAlcremicDrive|Calm Mind|p2a: RobotAlcremicDrive
|-boost|p2a: RobotAlcremicDrive|spa|1
|-boost|p2a: RobotAlcremicDrive|spd|1
|move|p1a: Cresselia|Trick Room|p1a: Cresselia
|-fieldstart|move: Trick Room|[of] p1a: Cresselia
|
|upkeep
|turn|24
|
|t:|1779632689
|move|p2a: RobotAlcremicDrive|Acid Armor|p2a: RobotAlcremicDrive
|-boost|p2a: RobotAlcremicDrive|def|2
|move|p1a: Cresselia|Lunar Dance|p1a: Cresselia
|faint|p1a: Cresselia
|
|upkeep
|
|t:|1779632691
|switch|p1a: Empoleon|Empoleon, M|2/100
|-heal|p1a: Empoleon|100/100|[from] move: Lunar Dance
|-activate|p1a: Empoleon|move: Sticky Web
|-unboost|p1a: Empoleon|spe|1
|-ability|p1a: Empoleon|Competitive|boost
|-boost|p1a: Empoleon|spa|2
|turn|25
|
|t:|1779632701
|-terastallize|p1a: Empoleon|Steel
|-terastallize|p2a: RobotAlcremicDrive|Steel
|move|p1a: Empoleon|Steel Beam|p2a: RobotAlcremicDrive
|-resisted|p2a: RobotAlcremicDrive
|-damage|p2a: RobotAlcremicDrive|71/100
|-damage|p1a: Empoleon|50/100|[from] steelbeam
|move|p2a: RobotAlcremicDrive|Acid Armor|p2a: RobotAlcremicDrive
|-boost|p2a: RobotAlcremicDrive|def|2
|
|-heal|p2a: RobotAlcremicDrive|77/100|[from] item: Leftovers
|upkeep
|turn|26
|
|t:|1779632711
|move|p1a: Empoleon|Steel Beam|p2a: RobotAlcremicDrive
|-resisted|p2a: RobotAlcremicDrive
|-damage|p2a: RobotAlcremicDrive|47/100
|-damage|p1a: Empoleon|0 fnt|[from] steelbeam
|faint|p1a: Empoleon
|move|p2a: RobotAlcremicDrive|Acid Armor|p2a: RobotAlcremicDrive
|-boost|p2a: RobotAlcremicDrive|def|2
|
|-heal|p2a: RobotAlcremicDrive|53/100|[from] item: Leftovers
|-sideend|p2: my shitters|Reflect
|upkeep
|
|t:|1779632715
|switch|p1a: Falinks|Falinks|42/100
|-activate|p1a: Falinks|move: Sticky Web
|-unboost|p1a: Falinks|spe|1
|-ability|p1a: Falinks|Defiant|boost
|-boost|p1a: Falinks|atk|2
|turn|27
|
|t:|1779632718
|move|p1a: Falinks|Close Combat|p2a: RobotAlcremicDrive
|-supereffective|p2a: RobotAlcremicDrive
|-crit|p2a: RobotAlcremicDrive
|-damage|p2a: RobotAlcremicDrive|0 fnt
|-unboost|p1a: Falinks|def|1
|-unboost|p1a: Falinks|spd|1
|faint|p2a: RobotAlcremicDrive
|
|win|aaagislash
|raw|aaagislash's rating: 1431 &rarr; <strong>1451</strong><br />(+20 for winning)
|raw|my shitters's rating: 1430 &rarr; <strong>1410</strong><br />(-20 for losing)
|l|☆my shitters
|player|p2|
|l|‽aaagislash
|player|p1|
