|j|☆lethalwolf
|j|☆dbcool
|t:|1779645643
|gametype|singles
|player|p1|lethalwolf|101|1354
|player|p2|dbcool|dahlia|1400
|gen|9
|tier|[Gen 9] OU
|rated|
|rule|HP Percentage Mod: HP is shown in percentages
|rule|Endless Battle Clause: Forcing endless battles is banned
|rule|Species Clause: Limit one of each Pokémon
|rule|OHKO Clause: OHKO moves are banned
|rule|Evasion Items Clause: Evasion items are banned
|rule|Evasion Moves Clause: Evasion moves are banned
|rule|Evasion Abilities Clause: Evasion abilities are banned
|rule|Sleep Moves Clause: Sleep-inducing moves are banned
|clearpoke
|poke|p1|Regirock|
|poke|p1|Hydrapple, M|
|poke|p1|Scizor, M|
|poke|p1|Deoxys-Speed|
|poke|p1|Mismagius, F|
|poke|p1|Corviknight, M|
|poke|p2|Cinderace, F|
|poke|p2|Meowscarada, M|
|poke|p2|Regieleki|
|poke|p2|Garchomp, F|
|poke|p2|Greninja-*, M|
|poke|p2|Kingambit, F|
|teampreview
|inactive|Battle timer is ON: inactive players will automatically lose when time's up. (requested by lethalwolf)
|
|t:|1779645667
|teamsize|p1|6
|teamsize|p2|6
|start
|switch|p1a: Corviknight|Corviknight, M|100/100
|switch|p2a: Haru|Cinderace, F, shiny|100/100
|-ability|p1a: Corviknight|Pressure
|turn|1
|
|t:|1779645678
|switch|p1a: Regirock|Regirock|100/100
|move|p2a: Haru|Pyro Ball|p1a: Regirock
|-resisted|p1a: Regirock
|-crit|p1a: Regirock
|-damage|p1a: Regirock|74/100
|
|-heal|p1a: Regirock|80/100|[from] item: Leftovers
|upkeep
|turn|2
|
|t:|1779645683
|switch|p2a: Garchomp|Garchomp, F, shiny|100/100
|move|p1a: Regirock|Body Press|p2a: Garchomp
|-damage|p2a: Garchomp|75/100
|-damage|p1a: Regirock|68/100|[from] ability: Rough Skin|[of] p2a: Garchomp
|-damage|p1a: Regirock|51/100|[from] item: Rocky Helmet|[of] p2a: Garchomp
|
|-heal|p1a: Regirock|57/100|[from] item: Leftovers
|upkeep
|turn|3
|
|t:|1779645695
|move|p2a: Garchomp|Stealth Rock|p1a: Regirock
|-sidestart|p1: lethalwolf|move: Stealth Rock
|move|p1a: Regirock|Ice Punch|p2a: Garchomp
|-supereffective|p2a: Garchomp
|-damage|p2a: Garchomp|30/100
|-damage|p1a: Regirock|45/100|[from] ability: Rough Skin|[of] p2a: Garchomp
|-damage|p1a: Regirock|28/100|[from] item: Rocky Helmet|[of] p2a: Garchomp
|
|-heal|p1a: Regirock|34/100|[from] item: Leftovers
|upkeep
|turn|4
|
|t:|1779645699
|switch|p1a: Corviknight|Corviknight, M|100/100
|-damage|p1a: Corviknight|88/100|[from] Stealth Rock
|-ability|p1a: Corviknight|Pressure
|move|p2a: Garchomp|Spikes|p1a: Corviknight
|-sidestart|p1: lethalwolf|Spikes
|
|upkeep
|turn|5
|
|t:|1779645705
|switch|p2a: Haru|Cinderace, F, shiny|100/100
|move|p1a: Corviknight|Defog|p2a: Haru
|-unboost|p2a: Haru|evasion|1
|-sideend|p1: lethalwolf|Spikes|[from] move: Defog|[of] p1a: Corviknight
|-sideend|p1: lethalwolf|Stealth Rock|[from] move: Defog|[of] p1a: Corviknight
|
|upkeep
|turn|6
|
|t:|1779645709
|move|p2a: Haru|High Jump Kick|p1a: Corviknight
|-start|p2a: Haru|typechange|Fighting|[from] ability: Libero
|-damage|p1a: Corviknight|11/100
|-damage|p2a: Haru|84/100|[from] item: Rocky Helmet|[of] p1a: Corviknight
|move|p1a: Corviknight|U-turn|p2a: Haru
|-resisted|p2a: Haru
|-damage|p2a: Haru|73/100
|
|t:|1779645716
|switch|p1a: Deoxys|Deoxys-Speed|100/100|[from] U-turn
|-ability|p1a: Deoxys|Pressure
|
|upkeep
|turn|7
|
|t:|1779645721
|switch|p2a: Kuro|Meowscarada, M, shiny|100/100
|move|p1a: Deoxys|Cosmic Power|p1a: Deoxys
|-boost|p1a: Deoxys|def|1
|-boost|p1a: Deoxys|spd|1
|
|upkeep
|turn|8
|
|t:|1779645726
|-terastallize|p1a: Deoxys|Fighting
|move|p2a: Kuro|U-turn|p1a: Deoxys
|-start|p2a: Kuro|typechange|Bug|[from] ability: Protean
|-resisted|p1a: Deoxys
|-damage|p1a: Deoxys|88/100
|
|t:|1779645734
|switch|p2a: Regieleki|Regieleki, shiny|100/100|[from] U-turn
|move|p1a: Deoxys|Cosmic Power|p1a: Deoxys
|-boost|p1a: Deoxys|def|1
|-boost|p1a: Deoxys|spd|1
|
|-heal|p1a: Deoxys|95/100|[from] item: Leftovers
|upkeep
|turn|9
|
|t:|1779645748
|-terastallize|p2a: Regieleki|Stellar
|move|p2a: Regieleki|Explosion|p1a: Deoxys
|-damage|p1a: Deoxys|55/100
|faint|p2a: Regieleki
|move|p1a: Deoxys|Cosmic Power|p1a: Deoxys
|-boost|p1a: Deoxys|def|1
|-boost|p1a: Deoxys|spd|1
|
|-heal|p1a: Deoxys|62/100|[from] item: Leftovers
|upkeep
|
|t:|1779645757
|switch|p2a: Kuro|Meowscarada, M, shiny|100/100
|turn|10
|
|t:|1779645760
|move|p2a: Kuro|Flower Trick|p1a: Deoxys
|-start|p2a: Kuro|typechange|Grass|[from] ability: Protean
|-crit|p1a: Deoxys
|-damage|p1a: Deoxys|0 fnt
|faint|p1a: Deoxys
|
|upkeep
|
|t:|1779645769
|switch|p1a: Scizor|Scizor, M|100/100
|turn|11
|
|t:|1779645783
|switch|p2a: Garchomp|Garchomp, F, shiny|30/100
|move|p1a: Scizor|Knock Off|p2a: Garchomp
|-damage|p2a: Garchomp|1/100
|-damage|p1a: Scizor|88/100|[from] ability: Rough Skin|[of] p2a: Garchomp
|-damage|p1a: Scizor|72/100|[from] item: Rocky Helmet|[of] p2a: Garchomp
|-enditem|p2a: Garchomp|Rocky Helmet|[from] move: Knock Off|[of] p1a: Scizor
|-damage|p1a: Scizor|62/100|[from] item: Life Orb
|
|upkeep
|turn|12
|
|t:|1779645787
|move|p1a: Scizor|Bullet Punch|p2a: Garchomp
|-damage|p2a: Garchomp|0 fnt
|-damage|p1a: Scizor|49/100|[from] ability: Rough Skin|[of] p2a: Garchomp
|faint|p2a: Garchomp
|-damage|p1a: Scizor|39/100|[from] item: Life Orb
|
|upkeep
|
|t:|1779645792
|switch|p2a: Greninja|Greninja, M|100/100
|turn|13
|
|t:|1779645801
|move|p1a: Scizor|Bullet Punch|p2a: Greninja
|-resisted|p2a: Greninja
|-damage|p2a: Greninja|66/100
|-damage|p1a: Scizor|29/100|[from] item: Life Orb
|move|p2a: Greninja|Hydro Pump|p1a: Scizor
|-damage|p1a: Scizor|0 fnt
|faint|p1a: Scizor
|-ability|p2a: Greninja|Battle Bond|boost
|-boost|p2a: Greninja|atk|1
|-boost|p2a: Greninja|spa|1
|-boost|p2a: Greninja|spe|1
|-activate|p2a: Greninja|ability: Battle Bond
|-damage|p2a: Greninja|56/100|[from] item: Life Orb
|
|upkeep
|
|t:|1779645808
|switch|p1a: Hydrapple|Hydrapple, M|100/100
|turn|14
|
|t:|1779645813
|move|p2a: Greninja|Ice Beam|p1a: Hydrapple
|-supereffective|p1a: Hydrapple
|-damage|p1a: Hydrapple|0 fnt
|faint|p1a: Hydrapple
|-damage|p2a: Greninja|46/100|[from] item: Life Orb
|
|upkeep
|
|t:|1779645821
|switch|p1a: Mismagius|Mismagius, F|100/100
|turn|15
|-message|lethalwolf forfeited.
|
|win|dbcool
|raw|lethalwolf's rating: 1354 &rarr; <strong>1337</strong><br />(-17 for losing)
|raw|dbcool's rating: 1400 &rarr; <strong>1417</strong><br />(+17 for winning)
|l|☆lethalwolf
|player|p1|
|l|☆dbcool
|player|p2|
