|j|☆claudechamp
|j|☆mynameethanreyes
|t:|1779722918
|gametype|singles
|player|p1|claudechamp|265|1311
|player|p2|mynameethanreyes|teamrocket|1358
|gen|9
|tier|[Gen 9] OU
|rated|
|rule|HP Percentage Mod: HP is shown in percentages
|rule|Endless Battle Clause: Forcing endless battles is banned
|rule|Species Clause: Limit one of each Pokémon
|rule|OHKO Clause: OHKO moves are banned
|rule|Evasion Items Clause: Evasion items are banned
|rule|Evasion Moves Clause: Evasion moves are banned
|rule|Evasion Abilities Clause: Evasion abilities are banned
|rule|Sleep Moves Clause: Sleep-inducing moves are banned
|clearpoke
|poke|p1|Gliscor, M|
|poke|p1|Gholdengo|
|poke|p1|Zamazenta-*|
|poke|p1|Blissey, F|
|poke|p1|Skarmory, M|
|poke|p1|Pecharunt|
|poke|p2|Scizor, M|
|poke|p2|Ogerpon-Wellspring, F|
|poke|p2|Garganacl, M|
|poke|p2|Slowking-Galar, F|
|poke|p2|Great Tusk|
|poke|p2|Zapdos|
|teampreview
|inactive|Battle timer is ON: inactive players will automatically lose when time's up. (requested by mynameethanreyes)
|c|☆claudechamp|hf
|inactive|claudechamp also wants the timer to be on.
|
|t:|1779722936
|teamsize|p1|6
|teamsize|p2|6
|start
|switch|p1a: Skarmory|Skarmory, M|100/100
|switch|p2a: Wetness|Ogerpon-Wellspring, F|100/100
|turn|1
|
|t:|1779722951
|move|p2a: Wetness|Knock Off|p1a: Skarmory
|-damage|p1a: Skarmory|75/100
|-enditem|p1a: Skarmory|Heavy-Duty Boots|[from] move: Knock Off|[of] p2a: Wetness
|move|p1a: Skarmory|Spikes|p2a: Wetness
|-sidestart|p2: mynameethanreyes|Spikes
|
|upkeep
|turn|2
|
|t:|1779722955
|switch|p2a: Pokemon|Zapdos|100/100
|move|p1a: Skarmory|Roost|p1a: Skarmory
|-heal|p1a: Skarmory|100/100
|-singleturn|p1a: Skarmory|move: Roost
|
|upkeep
|turn|3
|
|t:|1779722971
|move|p2a: Pokemon|Discharge|p1a: Skarmory
|-supereffective|p1a: Skarmory
|-damage|p1a: Skarmory|9/100
|move|p1a: Skarmory|Spikes|p2a: Pokemon
|-sidestart|p2: mynameethanreyes|Spikes
|
|upkeep
|turn|4
|
|t:|1779722975
|move|p2a: Pokemon|U-turn|p1a: Skarmory
|-resisted|p1a: Skarmory
|-damage|p1a: Skarmory|7/100
|
|t:|1779722985
|switch|p2a: Yeast Infection|Slowking-Galar, F|100/100|[from] U-turn
|move|p1a: Skarmory|Roost|p1a: Skarmory
|-heal|p1a: Skarmory|57/100
|-singleturn|p1a: Skarmory|move: Roost
|
|upkeep
|turn|5
|
|t:|1779722990
|move|p1a: Skarmory|Roost|p1a: Skarmory
|-heal|p1a: Skarmory|100/100
|-singleturn|p1a: Skarmory|move: Roost
|-prepare|p2a: Yeast Infection|Chilly Reception|[premajor]
|move|p2a: Yeast Infection|Chilly Reception|p2a: Yeast Infection
|-weather|Snowscape
|
|t:|1779722993
|switch|p2a: Pokemon|Zapdos|100/100|[from] Chilly Reception
|
|-weather|Snowscape|[upkeep]
|upkeep
|turn|6
|
|t:|1779722998
|switch|p1a: Gliscor|Gliscor, M|100/100
|move|p2a: Pokemon|Discharge|p1a: Gliscor
|-immune|p1a: Gliscor
|
|-weather|Snowscape|[upkeep]
|-status|p1a: Gliscor|tox|[from] item: Toxic Orb
|upkeep
|turn|7
|
|t:|1779723007
|move|p1a: Gliscor|Swords Dance|p1a: Gliscor
|-boost|p1a: Gliscor|atk|2
|move|p2a: Pokemon|U-turn|p1a: Gliscor
|-resisted|p1a: Gliscor
|-damage|p1a: Gliscor|95/100 tox
|
|t:|1779723019
|switch|p2a: Wetness|Ogerpon-Wellspring, F|100/100|[from] U-turn
|-damage|p2a: Wetness|84/100|[from] Spikes
|
|-weather|Snowscape|[upkeep]
|-heal|p1a: Gliscor|100/100 tox|[from] ability: Poison Heal
|upkeep
|turn|8
|
|t:|1779723026
|-terastallize|p1a: Gliscor|Dark
|move|p2a: Wetness|Ivy Cudgel|p1a: Gliscor|[anim] Ivy Cudgel Water
|-damage|p1a: Gliscor|50/100 tox
|move|p1a: Gliscor|Knock Off|p2a: Wetness
|-damage|p2a: Wetness|31/100
|
|-weather|Snowscape|[upkeep]
|-heal|p1a: Gliscor|62/100 tox|[from] ability: Poison Heal
|upkeep
|turn|9
|inactive|mynameethanreyes has 120 seconds left.
|
|t:|1779723057
|switch|p2a: Two Sided Dido|Great Tusk|100/100
|move|p1a: Gliscor|Protect||[still]
|-fail|p1a: Gliscor
|
|-weather|none
|-heal|p1a: Gliscor|75/100 tox|[from] ability: Poison Heal
|upkeep
|turn|10
|
|t:|1779723064
|move|p2a: Two Sided Dido|Rapid Spin|p1a: Gliscor
|-damage|p1a: Gliscor|60/100 tox
|-boost|p2a: Two Sided Dido|spe|1
|-sideend|p2: mynameethanreyes|Spikes|[from] move: Rapid Spin|[of] p2a: Two Sided Dido
|move|p1a: Gliscor|Knock Off|p2a: Two Sided Dido
|-resisted|p2a: Two Sided Dido
|-damage|p2a: Two Sided Dido|76/100
|-enditem|p2a: Two Sided Dido|Heavy-Duty Boots|[from] move: Knock Off|[of] p1a: Gliscor
|
|-heal|p1a: Gliscor|72/100 tox|[from] ability: Poison Heal
|upkeep
|turn|11
|
|t:|1779723068
|move|p2a: Two Sided Dido|Close Combat|p1a: Gliscor
|-supereffective|p1a: Gliscor
|-damage|p1a: Gliscor|0 fnt
|-unboost|p2a: Two Sided Dido|def|1
|-unboost|p2a: Two Sided Dido|spd|1
|faint|p1a: Gliscor
|
|upkeep
|
|t:|1779723070
|switch|p1a: Gholdengo|Gholdengo|100/100
|turn|12
|
|t:|1779723083
|move|p2a: Two Sided Dido|Headlong Rush|p1a: Gholdengo
|-supereffective|p1a: Gholdengo
|-damage|p1a: Gholdengo|2/100
|-unboost|p2a: Two Sided Dido|def|1
|-unboost|p2a: Two Sided Dido|spd|1
|move|p1a: Gholdengo|Nasty Plot|p1a: Gholdengo
|-boost|p1a: Gholdengo|spa|2
|
|upkeep
|turn|13
|
|t:|1779723091
|switch|p1a: Skarmory|Skarmory, M|100/100
|move|p2a: Two Sided Dido|Ice Spinner|p1a: Skarmory
|-damage|p1a: Skarmory|83/100
|
|upkeep
|turn|14
|
|t:|1779723099
|-end|p2a: Two Sided Dido|Protosynthesis|[silent]
|switch|p2a: Pokemon|Zapdos|100/100
|move|p1a: Skarmory|Whirlwind|p2a: Pokemon
|drag|p2a: Wetness|Ogerpon-Wellspring, F|31/100
|
|upkeep
|turn|15
|
|t:|1779723103
|switch|p2a: Pokemon|Zapdos|100/100
|move|p1a: Skarmory|Spikes|p2a: Pokemon
|-sidestart|p2: mynameethanreyes|Spikes
|
|upkeep
|turn|16
|
|t:|1779723105
|switch|p1a: Blissey|Blissey, F|100/100
|move|p2a: Pokemon|Discharge|p1a: Blissey
|-damage|p1a: Blissey|90/100
|
|upkeep
|turn|17
|
|t:|1779723115
|move|p2a: Pokemon|U-turn|p1a: Blissey
|-damage|p1a: Blissey|75/100
|
|t:|1779723119
|switch|p2a: Domestic Abuse|Garganacl, M|100/100|[from] U-turn
|-damage|p2a: Domestic Abuse|88/100|[from] Spikes
|move|p1a: Blissey|Stealth Rock|p2a: Domestic Abuse
|-sidestart|p2: mynameethanreyes|move: Stealth Rock
|
|-heal|p2a: Domestic Abuse|94/100|[from] item: Leftovers
|upkeep
|turn|18
|
|t:|1779723124
|move|p1a: Blissey|Calm Mind|p1a: Blissey
|-boost|p1a: Blissey|spa|1
|-boost|p1a: Blissey|spd|1
|move|p2a: Domestic Abuse|Stealth Rock|p1a: Blissey
|-sidestart|p1: claudechamp|move: Stealth Rock
|
|-heal|p2a: Domestic Abuse|100/100|[from] item: Leftovers
|upkeep
|turn|19
|
|t:|1779723128
|move|p1a: Blissey|Soft-Boiled|p1a: Blissey
|-heal|p1a: Blissey|100/100
|move|p2a: Domestic Abuse|Salt Cure|p1a: Blissey
|-damage|p1a: Blissey|87/100
|-start|p1a: Blissey|Salt Cure
|
|-damage|p1a: Blissey|74/100|[from] Salt Cure
|upkeep
|turn|20
|
|t:|1779723134
|move|p1a: Blissey|Soft-Boiled|p1a: Blissey
|-heal|p1a: Blissey|100/100
|move|p2a: Domestic Abuse|Salt Cure|p1a: Blissey
|-damage|p1a: Blissey|86/100
|
|-damage|p1a: Blissey|73/100|[from] Salt Cure
|upkeep
|turn|21
|
|t:|1779723141
|move|p1a: Blissey|Shadow Ball|p2a: Domestic Abuse
|-damage|p2a: Domestic Abuse|93/100
|move|p2a: Domestic Abuse|Salt Cure|p1a: Blissey
|-damage|p1a: Blissey|58/100
|
|-heal|p2a: Domestic Abuse|99/100|[from] item: Leftovers
|-damage|p1a: Blissey|46/100|[from] Salt Cure
|upkeep
|turn|22
|
|t:|1779723148
|move|p1a: Blissey|Soft-Boiled|p1a: Blissey
|-heal|p1a: Blissey|96/100
|move|p2a: Domestic Abuse|Salt Cure|p1a: Blissey
|-damage|p1a: Blissey|82/100
|
|-heal|p2a: Domestic Abuse|100/100|[from] item: Leftovers
|-damage|p1a: Blissey|70/100|[from] Salt Cure
|upkeep
|turn|23
|
|t:|1779723154
|move|p1a: Blissey|Soft-Boiled|p1a: Blissey
|-heal|p1a: Blissey|100/100
|move|p2a: Domestic Abuse|Salt Cure|p1a: Blissey
|-damage|p1a: Blissey|86/100
|
|-damage|p1a: Blissey|73/100|[from] Salt Cure
|upkeep
|turn|24
|
|t:|1779723159
|switch|p1a: Pecharunt|Pecharunt|100/100
|move|p2a: Domestic Abuse|Salt Cure|p1a: Pecharunt
|-damage|p1a: Pecharunt|94/100
|-start|p1a: Pecharunt|Salt Cure
|
|-damage|p1a: Pecharunt|82/100|[from] Salt Cure
|upkeep
|turn|25
|
|t:|1779723166
|move|p1a: Pecharunt|Recover|p1a: Pecharunt
|-heal|p1a: Pecharunt|100/100
|move|p2a: Domestic Abuse|Salt Cure|p1a: Pecharunt
|-damage|p1a: Pecharunt|94/100
|
|-damage|p1a: Pecharunt|82/100|[from] Salt Cure
|upkeep
|turn|26
|
|t:|1779723178
|move|p1a: Pecharunt|Recover|p1a: Pecharunt
|-heal|p1a: Pecharunt|100/100
|move|p2a: Domestic Abuse|Salt Cure|p1a: Pecharunt
|-damage|p1a: Pecharunt|93/100
|
|-damage|p1a: Pecharunt|81/100|[from] Salt Cure
|upkeep
|turn|27
|
|t:|1779723184
|switch|p2a: Two Sided Dido|Great Tusk|76/100
|-damage|p2a: Two Sided Dido|64/100|[from] Spikes
|-damage|p2a: Two Sided Dido|61/100|[from] Stealth Rock
|move|p1a: Pecharunt|Recover|p1a: Pecharunt
|-heal|p1a: Pecharunt|100/100
|
|-damage|p1a: Pecharunt|88/100|[from] Salt Cure
|upkeep
|turn|28
|
|t:|1779723189
|switch|p1a: Gholdengo|Gholdengo|2/100
|-damage|p1a: Gholdengo|0 fnt|[from] Stealth Rock
|faint|p1a: Gholdengo
|move|p2a: Two Sided Dido|Headlong Rush|p1: Gholdengo|[notarget]
|-fail|p2a: Two Sided Dido
|
|upkeep
|
|t:|1779723194
|switch|p1a: Pecharunt|Pecharunt|88/100
|turn|29
|
|t:|1779723199
|-end|p2a: Two Sided Dido|Protosynthesis|[silent]
|switch|p2a: Domestic Abuse|Garganacl, M|100/100
|-damage|p2a: Domestic Abuse|88/100|[from] Spikes
|-damage|p2a: Domestic Abuse|76/100|[from] Stealth Rock
|move|p1a: Pecharunt|Shadow Ball|p2a: Domestic Abuse
|-damage|p2a: Domestic Abuse|68/100
|
|-heal|p2a: Domestic Abuse|74/100|[from] item: Leftovers
|upkeep
|turn|30
|
|t:|1779723207
|move|p1a: Pecharunt|Parting Shot|p2a: Domestic Abuse
|-unboost|p2a: Domestic Abuse|atk|1
|-unboost|p2a: Domestic Abuse|spa|1
|
|t:|1779723215
|switch|p1a: Blissey|Blissey, F|73/100|[from] Parting Shot
|move|p2a: Domestic Abuse|Salt Cure|p1a: Blissey
|-damage|p1a: Blissey|63/100
|-start|p1a: Blissey|Salt Cure
|
|-heal|p2a: Domestic Abuse|80/100|[from] item: Leftovers
|-damage|p1a: Blissey|51/100|[from] Salt Cure
|upkeep
|turn|31
|
|t:|1779723226
|switch|p2a: Two Sided Dido|Great Tusk|61/100
|-damage|p2a: Two Sided Dido|48/100|[from] Spikes
|-damage|p2a: Two Sided Dido|45/100|[from] Stealth Rock
|move|p1a: Blissey|Soft-Boiled|p1a: Blissey
|-heal|p1a: Blissey|100/100
|
|-damage|p1a: Blissey|88/100|[from] Salt Cure
|upkeep
|turn|32
|
|t:|1779723233
|switch|p1a: Pecharunt|Pecharunt|88/100
|move|p2a: Two Sided Dido|Headlong Rush|p1a: Pecharunt
|-supereffective|p1a: Pecharunt
|-damage|p1a: Pecharunt|31/100
|-unboost|p2a: Two Sided Dido|def|1
|-unboost|p2a: Two Sided Dido|spd|1
|
|upkeep
|turn|33
|
|t:|1779723238
|move|p2a: Two Sided Dido|Headlong Rush|p1a: Pecharunt
|-supereffective|p1a: Pecharunt
|-damage|p1a: Pecharunt|0 fnt
|-unboost|p2a: Two Sided Dido|def|1
|-unboost|p2a: Two Sided Dido|spd|1
|faint|p1a: Pecharunt
|
|upkeep
|
|t:|1779723243
|switch|p1a: Zamazenta|Zamazenta|100/100
|-ability|p1a: Zamazenta|Dauntless Shield|boost
|-boost|p1a: Zamazenta|def|1
|turn|34
|
|t:|1779723255
|-end|p2a: Two Sided Dido|Protosynthesis|[silent]
|switch|p2a: Pokemon|Zapdos|100/100
|move|p1a: Zamazenta|Close Combat|p2a: Pokemon
|-resisted|p2a: Pokemon
|-damage|p2a: Pokemon|79/100
|-unboost|p1a: Zamazenta|def|1
|-unboost|p1a: Zamazenta|spd|1
|
|upkeep
|turn|35
|
|t:|1779723260
|switch|p1a: Blissey|Blissey, F|88/100
|move|p2a: Pokemon|Hurricane|p1a: Blissey
|-damage|p1a: Blissey|73/100
|
|upkeep
|turn|36
|
|t:|1779723267
|move|p2a: Pokemon|U-turn|p1a: Blissey
|-damage|p1a: Blissey|58/100
|
|t:|1779723271
|switch|p2a: Yeast Infection|Slowking-Galar, F|100/100|[from] U-turn
|move|p1a: Blissey|Soft-Boiled|p1a: Blissey
|-heal|p1a: Blissey|100/100
|
|upkeep
|turn|37
|
|t:|1779723276
|switch|p1a: Zamazenta|Zamazenta|100/100
|-prepare|p2a: Yeast Infection|Chilly Reception|[premajor]
|move|p2a: Yeast Infection|Chilly Reception|p2a: Yeast Infection
|-weather|Snowscape
|
|t:|1779723279
|switch|p2a: Pokemon|Zapdos|79/100|[from] Chilly Reception
|
|-weather|Snowscape|[upkeep]
|upkeep
|turn|38
|
|t:|1779723288
|move|p1a: Zamazenta|Ice Fang|p2a: Pokemon
|-supereffective|p2a: Pokemon
|-damage|p2a: Pokemon|46/100
|cant|p2a: Pokemon|flinch
|
|-weather|Snowscape|[upkeep]
|upkeep
|turn|39
|
|t:|1779723293
|move|p1a: Zamazenta|Ice Fang|p2a: Pokemon
|-supereffective|p2a: Pokemon
|-damage|p2a: Pokemon|14/100
|-status|p2a: Pokemon|frz
|cant|p2a: Pokemon|frz
|
|-weather|Snowscape|[upkeep]
|upkeep
|turn|40
|
|t:|1779723300
|move|p1a: Zamazenta|Close Combat|p2a: Pokemon
|-resisted|p2a: Pokemon
|-damage|p2a: Pokemon|0 fnt
|-unboost|p1a: Zamazenta|def|1
|-unboost|p1a: Zamazenta|spd|1
|-status|p1a: Zamazenta|par|[from] ability: Static|[of] p2a: Pokemon
|faint|p2a: Pokemon
|
|-weather|Snowscape|[upkeep]
|upkeep
|
|t:|1779723305
|switch|p2a: Two Sided Dido|Great Tusk|45/100
|-damage|p2a: Two Sided Dido|33/100|[from] Spikes
|-damage|p2a: Two Sided Dido|30/100|[from] Stealth Rock
|turn|41
|
|t:|1779723314
|move|p2a: Two Sided Dido|Rapid Spin|p1a: Zamazenta
|-damage|p1a: Zamazenta|75/100 par
|-boost|p2a: Two Sided Dido|spe|1
|-sideend|p2: mynameethanreyes|Spikes|[from] move: Rapid Spin|[of] p2a: Two Sided Dido
|-sideend|p2: mynameethanreyes|Stealth Rock|[from] move: Rapid Spin|[of] p2a: Two Sided Dido
|move|p1a: Zamazenta|Close Combat|p2a: Two Sided Dido
|-damage|p2a: Two Sided Dido|0 fnt
|-unboost|p1a: Zamazenta|def|1
|-unboost|p1a: Zamazenta|spd|1
|faint|p2a: Two Sided Dido
|-end|p2a: Two Sided Dido|Protosynthesis|[silent]
|
|-weather|none
|upkeep
|
|t:|1779723319
|switch|p2a: Wetness|Ogerpon-Wellspring, F|31/100
|turn|42
|
|t:|1779723328
|switch|p1a: Skarmory|Skarmory, M|83/100
|-damage|p1a: Skarmory|70/100|[from] Stealth Rock
|move|p2a: Wetness|Ivy Cudgel|p1a: Skarmory|[anim] Ivy Cudgel Water
|-damage|p1a: Skarmory|33/100
|
|upkeep
|turn|43
|
|t:|1779723342
|move|p2a: Wetness|Ivy Cudgel|p1a: Skarmory|[anim] Ivy Cudgel Water
|-damage|p1a: Skarmory|0 fnt
|faint|p1a: Skarmory
|
|upkeep
|
|t:|1779723347
|switch|p1a: Zamazenta|Zamazenta|75/100 par
|turn|44
|
|t:|1779723358
|move|p2a: Wetness|Ivy Cudgel|p1a: Zamazenta|[anim] Ivy Cudgel Water
|-crit|p1a: Zamazenta
|-damage|p1a: Zamazenta|0 fnt
|faint|p1a: Zamazenta
|
|upkeep
|
|t:|1779723367
|switch|p1a: Blissey|Blissey, F|100/100
|turn|45
|
|t:|1779723376
|move|p2a: Wetness|Ivy Cudgel|p1a: Blissey|[anim] Ivy Cudgel Water
|-damage|p1a: Blissey|37/100
|move|p1a: Blissey|Stealth Rock|p2a: Wetness
|-sidestart|p2: mynameethanreyes|move: Stealth Rock
|
|upkeep
|turn|46
|
|t:|1779723386
|move|p2a: Wetness|Ivy Cudgel|p1a: Blissey|[anim] Ivy Cudgel Water
|-damage|p1a: Blissey|0 fnt
|faint|p1a: Blissey
|
|win|mynameethanreyes
|raw|claudechamp's rating: 1292 &rarr; <strong>1272</strong><br />(-20 for losing)
|raw|mynameethanreyes's rating: 1358 &rarr; <strong>1374</strong><br />(+16 for winning)
|c|☆claudechamp|gg
