|j|☆Notater517
|j|☆MeioPotato
|t:|1779664571
|gametype|singles
|player|p1|Notater517|wattson|1513
|player|p2|MeioPotato|rosa|1541
|gen|9
|tier|[Gen 9] OU
|rated|
|rule|HP Percentage Mod: HP is shown in percentages
|rule|Endless Battle Clause: Forcing endless battles is banned
|rule|Species Clause: Limit one of each Pokémon
|rule|OHKO Clause: OHKO moves are banned
|rule|Evasion Items Clause: Evasion items are banned
|rule|Evasion Moves Clause: Evasion moves are banned
|rule|Evasion Abilities Clause: Evasion abilities are banned
|rule|Sleep Moves Clause: Sleep-inducing moves are banned
|clearpoke
|poke|p1|Latios, M|
|poke|p1|Tinkaton, F|
|poke|p1|Lokix, M|
|poke|p1|Great Tusk|
|poke|p1|Zapdos|
|poke|p1|Primarina, M|
|poke|p2|Latias, F|
|poke|p2|Iron Moth|
|poke|p2|Polteageist|
|poke|p2|Ogerpon-Wellspring, F|
|poke|p2|Kingambit, M|
|poke|p2|Zamazenta-*|
|teampreview
|inactive|Battle timer is ON: inactive players will automatically lose when time's up. (requested by MeioPotato)
|
|t:|1779664599
|teamsize|p1|6
|teamsize|p2|6
|start
|switch|p1a: Lokix|Lokix, M|100/100
|switch|p2a: Luna|Iron Moth|100/100
|turn|1
|
|t:|1779664607
|switch|p1a: Latios|Latios, M|100/100
|move|p2a: Luna|Fiery Dance|p1a: Latios
|-resisted|p1a: Latios
|-damage|p1a: Latios|78/100
|-boost|p2a: Luna|spa|1
|
|upkeep
|turn|2
|
|t:|1779664609
|move|p1a: Latios|Psychic Noise|p2a: Luna
|-supereffective|p2a: Luna
|-damage|p2a: Luna|3/100
|-start|p2a: Luna|move: Heal Block
|move|p2a: Luna|Dazzling Gleam|p1a: Latios
|-supereffective|p1a: Latios
|-damage|p1a: Latios|0 fnt
|faint|p1a: Latios
|
|upkeep
|
|t:|1779664618
|switch|p1a: Lokix|Lokix, M|100/100
|turn|3
|
|t:|1779664620
|move|p1a: Lokix|First Impression|p2a: Luna
|-resisted|p2a: Luna
|-damage|p2a: Luna|0 fnt
|faint|p2a: Luna
|-end|p2a: Luna|Quark Drive|[silent]
|
|upkeep
|
|t:|1779664636
|switch|p2a: Darkstalker|Kingambit, M|100/100
|turn|4
|
|t:|1779664638
|switch|p1a: Great Tusk|Great Tusk|100/100
|move|p2a: Darkstalker|Iron Head|p1a: Great Tusk
|-damage|p1a: Great Tusk|70/100
|
|upkeep
|turn|5
|
|t:|1779664653
|switch|p2a: Clearsight|Latias, F|100/100
|move|p1a: Great Tusk|Headlong Rush|p2a: Clearsight
|-immune|p2a: Clearsight|[from] ability: Levitate
|
|upkeep
|turn|6
|
|t:|1779664656
|-end|p1a: Great Tusk|Protosynthesis|[silent]
|switch|p1a: Tinkaton|Tinkaton, F|100/100
|-ability|p1a: Tinkaton|Mold Breaker
|-item|p1a: Tinkaton|Air Balloon
|move|p2a: Clearsight|Calm Mind|p2a: Clearsight
|-boost|p2a: Clearsight|spa|1
|-boost|p2a: Clearsight|spd|1
|
|upkeep
|turn|7
|
|t:|1779664659
|move|p1a: Tinkaton|Thunder Wave|p2a: Clearsight
|-status|p2a: Clearsight|par
|move|p2a: Clearsight|Agility|p2a: Clearsight
|-boost|p2a: Clearsight|spe|2
|
|upkeep
|turn|8
|
|t:|1779664661
|move|p1a: Tinkaton|Encore|p2a: Clearsight
|-start|p2a: Clearsight|Encore
|cant|p2a: Clearsight|par
|
|upkeep
|turn|9
|
|t:|1779664664
|switch|p1a: Lokix|Lokix, M|100/100
|cant|p2a: Clearsight|par
|
|upkeep
|turn|10
|
|t:|1779664666
|move|p1a: Lokix|U-turn|p2a: Clearsight
|-supereffective|p2a: Clearsight
|-damage|p2a: Clearsight|6/100 par
|-enditem|p2a: Clearsight|Weakness Policy
|-boost|p2a: Clearsight|atk|2|[from] item: Weakness Policy
|-boost|p2a: Clearsight|spa|2|[from] item: Weakness Policy
|
|t:|1779664670
|switch|p1a: Tinkaton|Tinkaton, F|100/100|[from] U-turn
|-ability|p1a: Tinkaton|Mold Breaker
|-item|p1a: Tinkaton|Air Balloon
|move|p2a: Clearsight|Agility|p2a: Clearsight
|-boost|p2a: Clearsight|spe|2
|
|-end|p2a: Clearsight|Encore
|upkeep
|turn|11
|
|t:|1779664672
|move|p2a: Clearsight|Stored Power|p1a: Tinkaton
|-resisted|p1a: Tinkaton
|-damage|p1a: Tinkaton|0 fnt
|-enditem|p1a: Tinkaton|Air Balloon
|faint|p1a: Tinkaton
|
|upkeep
|
|t:|1779664674
|switch|p1a: Lokix|Lokix, M|100/100
|turn|12
|
|t:|1779664677
|move|p1a: Lokix|First Impression|p2a: Clearsight
|-supereffective|p2a: Clearsight
|-damage|p2a: Clearsight|0 fnt
|faint|p2a: Clearsight
|
|upkeep
|
|t:|1779664685
|switch|p2a: Kinkajou|Ogerpon-Wellspring, F|100/100
|turn|13
|
|t:|1779664693
|switch|p1a: Zapdos|Zapdos|100/100
|move|p2a: Kinkajou|Swords Dance|p2a: Kinkajou
|-boost|p2a: Kinkajou|atk|2
|
|upkeep
|turn|14
|
|t:|1779664696
|-terastallize|p2a: Kinkajou|Water
|detailschange|p2a: Kinkajou|Ogerpon-Wellspring-Tera, F, tera:Water
|-ability|p2a: Kinkajou|Embody Aspect (Wellspring)|boost
|-boost|p2a: Kinkajou|spd|1
|move|p2a: Kinkajou|Ivy Cudgel|p1a: Zapdos|[anim] Ivy Cudgel Water
|-damage|p1a: Zapdos|0 fnt
|faint|p1a: Zapdos
|
|upkeep
|
|t:|1779664699
|switch|p1a: Lokix|Lokix, M|100/100
|turn|15
|
|t:|1779664701
|-terastallize|p1a: Lokix|Bug
|move|p1a: Lokix|First Impression|p2a: Kinkajou
|-damage|p2a: Kinkajou|0 fnt
|faint|p2a: Kinkajou
|detailschange|p2: Kinkajou|Ogerpon-Wellspring, F|[silent]
|
|upkeep
|
|t:|1779664705
|switch|p2a: Boa|Polteageist|100/100
|turn|16
|
|t:|1779664707
|switch|p1a: Primarina|Primarina, M|100/100
|move|p2a: Boa|Shell Smash|p2a: Boa
|-unboost|p2a: Boa|def|1
|-unboost|p2a: Boa|spd|1
|-boost|p2a: Boa|atk|2
|-boost|p2a: Boa|spa|2
|-boost|p2a: Boa|spe|2
|
|upkeep
|turn|17
|
|t:|1779664711
|move|p2a: Boa|Giga Drain|p1a: Primarina
|-supereffective|p1a: Primarina
|-damage|p1a: Primarina|28/100
|move|p1a: Primarina|Flip Turn|p2a: Boa
|-damage|p2a: Boa|35/100
|-ability|p2a: Boa|Weak Armor|boost
|-unboost|p2a: Boa|def|1
|-boost|p2a: Boa|spe|2
|
|t:|1779664714
|switch|p1a: Lokix|Lokix, M, tera:Bug|100/100|[from] Flip Turn
|
|upkeep
|turn|18
|
|t:|1779664716
|move|p1a: Lokix|First Impression|p2a: Boa
|-resisted|p2a: Boa
|-damage|p2a: Boa|0 fnt
|faint|p2a: Boa
|
|upkeep
|
|t:|1779664719
|switch|p2a: Peril|Zamazenta|100/100
|-ability|p2a: Peril|Dauntless Shield|boost
|-boost|p2a: Peril|def|1
|turn|19
|
|t:|1779664726
|switch|p1a: Great Tusk|Great Tusk|70/100
|move|p2a: Peril|Iron Defense|p2a: Peril
|-boost|p2a: Peril|def|2
|
|upkeep
|turn|20
|
|t:|1779664730
|move|p2a: Peril|Iron Defense|p2a: Peril
|-boost|p2a: Peril|def|2
|move|p1a: Great Tusk|Headlong Rush|p2a: Peril
|-damage|p2a: Peril|84/100
|-unboost|p1a: Great Tusk|def|1
|-unboost|p1a: Great Tusk|spd|1
|-enditem|p1a: Great Tusk|Eject Pack
|
|t:|1779664732
|-end|p1a: Great Tusk|Protosynthesis|[silent]
|switch|p1a: Primarina|Primarina, M|28/100
|
|-heal|p2a: Peril|91/100|[from] item: Leftovers
|upkeep
|turn|21
|
|t:|1779664734
|move|p2a: Peril|Body Press|p1a: Primarina
|-resisted|p1a: Primarina
|-damage|p1a: Primarina|0 fnt
|faint|p1a: Primarina
|
|-heal|p2a: Peril|97/100|[from] item: Leftovers
|upkeep
|
|t:|1779664736
|switch|p1a: Lokix|Lokix, M, tera:Bug|100/100
|turn|22
|
|t:|1779664738
|move|p1a: Lokix|First Impression|p2a: Peril
|-resisted|p2a: Peril
|-damage|p2a: Peril|73/100
|move|p2a: Peril|Body Press|p1a: Lokix
|-resisted|p1a: Lokix
|-damage|p1a: Lokix|18/100
|
|-heal|p2a: Peril|80/100|[from] item: Leftovers
|upkeep
|turn|23
|
|t:|1779664740
|switch|p1a: Great Tusk|Great Tusk|70/100
|move|p2a: Peril|Body Press|p1a: Great Tusk
|-damage|p1a: Great Tusk|0 fnt
|faint|p1a: Great Tusk
|-end|p1a: Great Tusk|Protosynthesis|[silent]
|
|-heal|p2a: Peril|86/100|[from] item: Leftovers
|upkeep
|
|t:|1779664742
|switch|p1a: Lokix|Lokix, M, tera:Bug|18/100
|turn|24
|
|t:|1779664743
|move|p2a: Peril|Body Press|p1a: Lokix
|-resisted|p1a: Lokix
|-damage|p1a: Lokix|0 fnt
|faint|p1a: Lokix
|
|win|MeioPotato
|raw|Notater517's rating: 1513 &rarr; <strong>1495</strong><br />(-18 for losing)
|raw|MeioPotato's rating: 1541 &rarr; <strong>1559</strong><br />(+18 for winning)
|l|☆MeioPotato
|player|p2|
|l|☆Notater517
|player|p1|
