|j|☆new2weather
|j|☆jewking
|t:|1779642341
|gametype|singles
|player|p1|new2weather|170|1292
|player|p2|jewking|266|1346
|gen|9
|tier|[Gen 9] OU
|rated|
|rule|HP Percentage Mod: HP is shown in percentages
|rule|Endless Battle Clause: Forcing endless battles is banned
|rule|Species Clause: Limit one of each Pokémon
|rule|OHKO Clause: OHKO moves are banned
|rule|Evasion Items Clause: Evasion items are banned
|rule|Evasion Moves Clause: Evasion moves are banned
|rule|Evasion Abilities Clause: Evasion abilities are banned
|rule|Sleep Moves Clause: Sleep-inducing moves are banned
|clearpoke
|poke|p1|Hydrapple, M|
|poke|p1|Gliscor, M|
|poke|p1|Slowking-Galar, M|
|poke|p1|Cinderace, M|
|poke|p1|Kingambit, M|
|poke|p1|Iron Valiant|
|poke|p2|Ribombee, M|
|poke|p2|Blaziken, M|
|poke|p2|Samurott-Hisui, M|
|poke|p2|Azelf|
|poke|p2|Kingdra, F|
|poke|p2|Cinderace, F|
|teampreview
|inactive|Battle timer is ON: inactive players will automatically lose when time's up. (requested by new2weather)
|
|t:|1779642352
|teamsize|p1|6
|teamsize|p2|6
|start
|switch|p1a: Slowking|Slowking-Galar, M, shiny|100/100
|switch|p2a: Ribombee|Ribombee, M|100/100
|turn|1
|
|t:|1779642358
|move|p2a: Ribombee|Sticky Web|p1a: Slowking
|-sidestart|p1: new2weather|move: Sticky Web
|move|p1a: Slowking|Sludge Bomb|p2a: Ribombee
|-supereffective|p2a: Ribombee
|-enditem|p2a: Ribombee|Focus Sash
|-damage|p2a: Ribombee|1/100
|
|upkeep
|turn|2
|
|t:|1779642365
|move|p2a: Ribombee|U-turn|p1a: Slowking
|-damage|p1a: Slowking|89/100
|
|t:|1779642369
|switch|p2a: Azelf|Azelf|100/100|[from] U-turn
|move|p1a: Slowking|Sludge Bomb|p2a: Azelf
|-damage|p2a: Azelf|48/100
|
|upkeep
|turn|3
|
|t:|1779642377
|move|p2a: Azelf|Explosion|p1a: Slowking
|-damage|p1a: Slowking|20/100
|faint|p2a: Azelf
|move|p1a: Slowking|Sludge Bomb|p2: Azelf|[notarget]
|-fail|p1a: Slowking
|
|upkeep
|
|t:|1779642384
|switch|p2a: Samurott|Samurott-Hisui, M|100/100
|turn|4
|
|t:|1779642388
|switch|p1a: Gliscor|Gliscor, M, shiny|100/100
|move|p2a: Samurott|Aqua Cutter|p1a: Gliscor
|-supereffective|p1a: Gliscor
|-damage|p1a: Gliscor|1/100
|
|-status|p1a: Gliscor|tox|[from] item: Toxic Orb
|upkeep
|turn|5
|
|t:|1779642400
|switch|p2a: Ribombee|Ribombee, M|1/100
|move|p1a: Gliscor|Protect||[still]
|-fail|p1a: Gliscor
|
|-heal|p1a: Gliscor|13/100 tox|[from] ability: Poison Heal
|upkeep
|turn|6
|
|t:|1779642409
|move|p2a: Ribombee|Moonblast|p1a: Gliscor
|-damage|p1a: Gliscor|0 fnt
|faint|p1a: Gliscor
|
|upkeep
|
|t:|1779642418
|switch|p1a: Cinderace|Cinderace, M, shiny|100/100
|turn|7
|
|t:|1779642422
|move|p1a: Cinderace|Sucker Punch|p2a: Ribombee
|-start|p1a: Cinderace|typechange|Dark|[from] ability: Libero
|-resisted|p2a: Ribombee
|-damage|p2a: Ribombee|0 fnt
|faint|p2a: Ribombee
|
|upkeep
|
|t:|1779642433
|switch|p2a: Blaziken|Blaziken, M|100/100
|turn|8
|
|t:|1779642445
|move|p1a: Cinderace|Court Change|p1a: Cinderace
|-swapsideconditions
|-activate|p1a: Cinderace|move: Court Change
|move|p2a: Blaziken|Focus Energy|p2a: Blaziken
|-start|p2a: Blaziken|move: Focus Energy
|
|-ability|p2a: Blaziken|Speed Boost|boost
|-boost|p2a: Blaziken|spe|1
|upkeep
|turn|9
|
|t:|1779642453
|move|p2a: Blaziken|Overheat|p1a: Cinderace
|-crit|p1a: Cinderace
|-damage|p1a: Cinderace|0 fnt
|-unboost|p2a: Blaziken|spa|2
|faint|p1a: Cinderace
|
|-ability|p2a: Blaziken|Speed Boost|boost
|-boost|p2a: Blaziken|spe|1
|upkeep
|
|t:|1779642462
|switch|p1a: Slowking|Slowking-Galar, M, shiny|53/100
|turn|10
|
|t:|1779642467
|move|p2a: Blaziken|Overheat|p1a: Slowking
|-crit|p1a: Slowking
|-damage|p1a: Slowking|0 fnt
|-unboost|p2a: Blaziken|spa|2
|faint|p1a: Slowking
|
|-ability|p2a: Blaziken|Speed Boost|boost
|-boost|p2a: Blaziken|spe|1
|upkeep
|
|t:|1779642472
|switch|p1a: Iron Valiant|Iron Valiant, shiny|100/100
|-enditem|p1a: Iron Valiant|Booster Energy
|-activate|p1a: Iron Valiant|ability: Quark Drive|[fromitem]
|-start|p1a: Iron Valiant|quarkdrivespe
|turn|11
|
|t:|1779642482
|-terastallize|p2a: Blaziken|Fire
|move|p2a: Blaziken|Overheat|p1a: Iron Valiant
|-crit|p1a: Iron Valiant
|-damage|p1a: Iron Valiant|0 fnt
|-unboost|p2a: Blaziken|spa|2
|faint|p1a: Iron Valiant
|-end|p1a: Iron Valiant|Quark Drive|[silent]
|
|-ability|p2a: Blaziken|Speed Boost|boost
|-boost|p2a: Blaziken|spe|1
|upkeep
|-message|new2weather forfeited.
|
|win|jewking
|raw|new2weather's rating: 1292 &rarr; <strong>1271</strong><br />(-21 for losing)
|raw|jewking's rating: 1346 &rarr; <strong>1363</strong><br />(+17 for winning)
|l|☆new2weather
|player|p1|
|l|☆jewking
|player|p2|
