|j|☆Pig Perfect
|j|☆kingblaze22
|t:|1779647518
|gametype|singles
|player|p1|Pig Perfect|workerice|1351
|player|p2|kingblaze22|veteran|1310
|gen|9
|tier|[Gen 9] OU
|rated|
|rule|HP Percentage Mod: HP is shown in percentages
|rule|Endless Battle Clause: Forcing endless battles is banned
|rule|Species Clause: Limit one of each Pokémon
|rule|OHKO Clause: OHKO moves are banned
|rule|Evasion Items Clause: Evasion items are banned
|rule|Evasion Moves Clause: Evasion moves are banned
|rule|Evasion Abilities Clause: Evasion abilities are banned
|rule|Sleep Moves Clause: Sleep-inducing moves are banned
|clearpoke
|poke|p1|Iron Leaves|
|poke|p1|Iron Treads|
|poke|p1|Kingambit, M|
|poke|p1|Pawmot, F|
|poke|p1|Pincurchin, F|
|poke|p1|Raging Bolt|
|poke|p2|Hydrapple, F|
|poke|p2|Lokix, F|
|poke|p2|Manaphy|
|poke|p2|Iron Treads|
|poke|p2|Slowking-Galar, M|
|poke|p2|Iron Valiant|
|teampreview
|inactive|Battle timer is ON: inactive players will automatically lose when time's up. (requested by kingblaze22)
|
|t:|1779647546
|teamsize|p1|6
|teamsize|p2|6
|start
|switch|p1a: Sew What?|Pincurchin, F|100/100
|switch|p2a: Iron Treads|Iron Treads|100/100
|-fieldstart|move: Electric Terrain|[from] ability: Electric Surge|[of] p1a: Sew What?
|-activate|p2a: Iron Treads|ability: Quark Drive
|-start|p2a: Iron Treads|quarkdrivespe
|turn|1
|
|t:|1779647555
|switch|p1a: *Leaves Game*|Iron Leaves|100/100
|-activate|p1a: *Leaves Game*|ability: Quark Drive
|-start|p1a: *Leaves Game*|quarkdriveatk
|move|p2a: Iron Treads|Stealth Rock|p1a: *Leaves Game*
|-sidestart|p1: Pig Perfect|move: Stealth Rock
|
|upkeep
|turn|2
|
|t:|1779647562
|-end|p2a: Iron Treads|Quark Drive|[silent]
|switch|p2a: Hydrapple|Hydrapple, F|100/100
|move|p1a: *Leaves Game*|Close Combat|p2a: Hydrapple
|-damage|p2a: Hydrapple|65/100
|-unboost|p1a: *Leaves Game*|def|1
|-unboost|p1a: *Leaves Game*|spd|1
|-enditem|p2a: Hydrapple|Eject Button
|
|t:|1779647569
|switch|p2a: Lokix|Lokix, F|100/100
|
|upkeep
|turn|3
|
|t:|1779647577
|-end|p1a: *Leaves Game*|Quark Drive|[silent]
|switch|p1a: So ein Mist!|Kingambit, M|100/100
|-damage|p1a: So ein Mist!|94/100|[from] Stealth Rock
|-terastallize|p2a: Lokix|Bug
|move|p2a: Lokix|First Impression|p1a: So ein Mist!
|-damage|p1a: So ein Mist!|31/100
|
|-heal|p1a: So ein Mist!|37/100|[from] item: Leftovers
|upkeep
|turn|4
|
|t:|1779647593
|switch|p2a: Hydrapple|Hydrapple, F|99/100
|-end|p1a: So ein Mist!|fallenundefined|[silent]
|switch|p1a: Iron Trunk|Iron Treads|100/100
|-damage|p1a: Iron Trunk|97/100|[from] Stealth Rock
|-item|p1a: Iron Trunk|Air Balloon
|-activate|p1a: Iron Trunk|ability: Quark Drive
|-start|p1a: Iron Trunk|quarkdrivespe
|
|upkeep
|turn|5
|
|t:|1779647604
|move|p1a: Iron Trunk|Rapid Spin|p2a: Hydrapple
|-damage|p2a: Hydrapple|93/100
|-boost|p1a: Iron Trunk|spe|1
|-sideend|p1: Pig Perfect|Stealth Rock|[from] move: Rapid Spin|[of] p1a: Iron Trunk
|move|p2a: Hydrapple|Giga Drain|p1a: Iron Trunk
|-damage|p1a: Iron Trunk|54/100
|-heal|p2a: Hydrapple|100/100|[from] drain|[of] p1a: Iron Trunk
|-enditem|p1a: Iron Trunk|Air Balloon
|
|upkeep
|turn|6
|
|t:|1779647615
|move|p1a: Iron Trunk|Stealth Rock|p2a: Hydrapple
|-sidestart|p2: kingblaze22|move: Stealth Rock
|move|p2a: Hydrapple|Recycle|p2a: Hydrapple
|-item|p2a: Hydrapple|Eject Button|[from] move: Recycle
|
|upkeep
|turn|7
|
|t:|1779647621
|-end|p1a: Iron Trunk|Quark Drive|[silent]
|switch|p1a: *Leaves Game*|Iron Leaves|100/100
|-activate|p1a: *Leaves Game*|ability: Quark Drive
|-start|p1a: *Leaves Game*|quarkdriveatk
|move|p2a: Hydrapple|Giga Drain|p1a: *Leaves Game*
|-resisted|p1a: *Leaves Game*
|-damage|p1a: *Leaves Game*|91/100
|
|upkeep
|turn|8
|
|t:|1779647629
|move|p2a: Hydrapple|Endure|p2a: Hydrapple
|-singleturn|p2a: Hydrapple|move: Endure
|move|p1a: *Leaves Game*|Psyblade|p2a: Hydrapple
|-damage|p2a: Hydrapple|52/100
|-enditem|p2a: Hydrapple|Eject Button
|inactive|kingblaze22 has 120 seconds left.
|
|t:|1779647667
|switch|p2a: Lokix|Lokix, F, tera:Bug|100/100
|-damage|p2a: Lokix|76/100|[from] Stealth Rock
|
|-fieldend|move: Electric Terrain
|-end|p1a: *Leaves Game*|Quark Drive
|upkeep
|turn|9
|inactive|kingblaze22 has 120 seconds left.
|
|t:|1779647678
|-end|p1a: *Leaves Game*|Quark Drive|[silent]
|switch|p1a: Sew What?|Pincurchin, F|100/100
|-fieldstart|move: Electric Terrain|[from] ability: Electric Surge|[of] p1a: Sew What?
|move|p2a: Lokix|Leech Life|p1a: Sew What?
|-damage|p1a: Sew What?|30/100
|-heal|p2a: Lokix|100/100|[from] drain|[of] p1a: Sew What?
|
|upkeep
|turn|10
|
|t:|1779647696
|move|p2a: Lokix|Leech Life|p1a: Sew What?
|-damage|p1a: Sew What?|0 fnt
|faint|p1a: Sew What?
|
|upkeep
|
|t:|1779647713
|switch|p1a: Iron Trunk|Iron Treads|54/100
|-activate|p1a: Iron Trunk|ability: Quark Drive
|-start|p1a: Iron Trunk|quarkdrivespe
|turn|11
|
|t:|1779647725
|switch|p2a: Hydrapple|Hydrapple, F|85/100
|-damage|p2a: Hydrapple|73/100|[from] Stealth Rock
|move|p1a: Iron Trunk|Steel Beam|p2a: Hydrapple
|-damage|p2a: Hydrapple|22/100
|-damage|p1a: Iron Trunk|4/100|[from] steelbeam
|
|upkeep
|turn|12
|
|t:|1779647733
|switch|p2a: Iron Treads|Iron Treads|100/100
|-damage|p2a: Iron Treads|97/100|[from] Stealth Rock
|-activate|p2a: Iron Treads|ability: Quark Drive
|-start|p2a: Iron Treads|quarkdrivespe
|move|p1a: Iron Trunk|Rapid Spin|p2a: Iron Treads
|-resisted|p2a: Iron Treads
|-damage|p2a: Iron Treads|92/100
|-boost|p1a: Iron Trunk|spe|1
|
|-heal|p2a: Iron Treads|98/100|[from] item: Leftovers
|upkeep
|turn|13
|
|t:|1779647748
|move|p1a: Iron Trunk|Steel Beam|p2a: Iron Treads
|-resisted|p2a: Iron Treads
|-damage|p2a: Iron Treads|58/100
|-damage|p1a: Iron Trunk|0 fnt|[from] steelbeam
|faint|p1a: Iron Trunk
|-end|p1a: Iron Trunk|Quark Drive|[silent]
|move|p2a: Iron Treads|Rapid Spin|p1: Iron Trunk|[notarget]
|-fail|p2a: Iron Treads
|
|-heal|p2a: Iron Treads|64/100|[from] item: Leftovers
|upkeep
|
|t:|1779647759
|switch|p1a: *Leaves Game*|Iron Leaves|91/100
|-activate|p1a: *Leaves Game*|ability: Quark Drive
|-start|p1a: *Leaves Game*|quarkdriveatk
|turn|14
|inactive|kingblaze22 has 120 seconds left.
|
|t:|1779647797
|move|p2a: Iron Treads|Rapid Spin|p1a: *Leaves Game*
|-damage|p1a: *Leaves Game*|73/100
|-boost|p2a: Iron Treads|spe|1
|-sideend|p2: kingblaze22|Stealth Rock|[from] move: Rapid Spin|[of] p2a: Iron Treads
|move|p1a: *Leaves Game*|Psyblade|p2a: Iron Treads
|-resisted|p2a: Iron Treads
|-damage|p2a: Iron Treads|20/100
|
|-heal|p2a: Iron Treads|26/100|[from] item: Leftovers
|upkeep
|turn|15
|inactive|kingblaze22 has 120 seconds left.
|
|t:|1779647806
|-end|p2a: Iron Treads|Quark Drive|[silent]
|switch|p2a: Hydrapple|Hydrapple, F|55/100
|move|p1a: *Leaves Game*|Trailblaze|p2a: Hydrapple
|-resisted|p2a: Hydrapple
|-damage|p2a: Hydrapple|51/100
|-boost|p1a: *Leaves Game*|spe|1
|
|upkeep
|turn|16
|
|t:|1779647813
|move|p1a: *Leaves Game*|Psyblade|p2a: Hydrapple
|-damage|p2a: Hydrapple|1/100
|move|p2a: Hydrapple|Recycle|p2a: Hydrapple
|-item|p2a: Hydrapple|Eject Button|[from] move: Recycle
|
|-fieldend|move: Electric Terrain
|-end|p1a: *Leaves Game*|Quark Drive
|upkeep
|turn|17
|
|t:|1779647819
|move|p2a: Hydrapple|Endure|p2a: Hydrapple
|-singleturn|p2a: Hydrapple|move: Endure
|move|p1a: *Leaves Game*|Trailblaze|p2a: Hydrapple
|-resisted|p2a: Hydrapple
|-activate|p2a: Hydrapple|move: Endure
|-damage|p2a: Hydrapple|1/100
|-boost|p1a: *Leaves Game*|spe|1
|-enditem|p2a: Hydrapple|Eject Button
|
|t:|1779647827
|switch|p2a: Lokix|Lokix, F, tera:Bug|100/100
|
|upkeep
|turn|18
|
|t:|1779647835
|-end|p1a: *Leaves Game*|Quark Drive|[silent]
|switch|p1a: Necky's Nuts|Raging Bolt|100/100
|-enditem|p1a: Necky's Nuts|Booster Energy
|-activate|p1a: Necky's Nuts|ability: Protosynthesis|[fromitem]
|-start|p1a: Necky's Nuts|protosynthesisspa
|move|p2a: Lokix|First Impression|p1a: Necky's Nuts
|-damage|p1a: Necky's Nuts|16/100
|
|upkeep
|turn|19
|
|t:|1779647847
|switch|p2a: Slowking|Slowking-Galar, M|100/100
|move|p1a: Necky's Nuts|Thunderclap||[still]
|-fail|p1a: Necky's Nuts
|
|upkeep
|turn|20
|
|t:|1779647855
|move|p1a: Necky's Nuts|Draco Meteor|p2a: Slowking
|-damage|p2a: Slowking|60/100
|-unboost|p1a: Necky's Nuts|spa|2
|move|p2a: Slowking|Ice Beam|p1a: Necky's Nuts
|-supereffective|p1a: Necky's Nuts
|-damage|p1a: Necky's Nuts|0 fnt
|faint|p1a: Necky's Nuts
|-end|p1a: Necky's Nuts|Protosynthesis|[silent]
|
|upkeep
|
|t:|1779647859
|switch|p1a: Peak-Chu|Pawmot, F|100/100
|turn|21
|
|t:|1779647874
|move|p1a: Peak-Chu|Revival Blessing|p1a: Peak-Chu
|-enditem|p1a: Peak-Chu|Leppa Berry|[eat]
|-activate|p1a: Peak-Chu|item: Leppa Berry|Revival Blessing|[consumed]
|
|t:|1779647876
|-heal|p1: Sew What?|50/100|[from] move: Revival Blessing
|move|p2a: Slowking|Psyshock|p1a: Peak-Chu
|-supereffective|p1a: Peak-Chu
|-crit|p1a: Peak-Chu
|-damage|p1a: Peak-Chu|0 fnt
|faint|p1a: Peak-Chu
|
|upkeep
|
|t:|1779647878
|switch|p1a: Sew What?|Pincurchin, F|50/100
|-fieldstart|move: Electric Terrain|[from] ability: Electric Surge|[of] p1a: Sew What?
|turn|22
|
|t:|1779647892
|move|p1a: Sew What?|Spikes|p2a: Slowking
|-sidestart|p2: kingblaze22|Spikes
|move|p2a: Slowking|Sludge Bomb|p1a: Sew What?
|-damage|p1a: Sew What?|10/100
|-status|p1a: Sew What?|psn
|
|-damage|p1a: Sew What?|0 fnt|[from] psn
|faint|p1a: Sew What?
|upkeep
|
|t:|1779647899
|switch|p1a: *Leaves Game*|Iron Leaves|73/100
|-activate|p1a: *Leaves Game*|ability: Quark Drive
|-start|p1a: *Leaves Game*|quarkdriveatk
|turn|23
|
|t:|1779647906
|move|p1a: *Leaves Game*|Psyblade|p2a: Slowking
|-damage|p2a: Slowking|0 fnt
|faint|p2a: Slowking
|
|upkeep
|
|t:|1779647909
|switch|p2a: Lokix|Lokix, F, tera:Bug|100/100
|-damage|p2a: Lokix|88/100|[from] Spikes
|turn|24
|
|t:|1779647920
|-terastallize|p1a: *Leaves Game*|Fighting
|move|p2a: Lokix|First Impression|p1a: *Leaves Game*
|-resisted|p1a: *Leaves Game*
|-crit|p1a: *Leaves Game*
|-damage|p1a: *Leaves Game*|0 fnt
|faint|p1a: *Leaves Game*
|-end|p1a: *Leaves Game*|Quark Drive|[silent]
|
|upkeep
|-message|Pig Perfect forfeited.
|
|win|kingblaze22
|raw|Pig Perfect's rating: 1351 &rarr; <strong>1329</strong><br />(-22 for losing)
|raw|kingblaze22's rating: 1310 &rarr; <strong>1332</strong><br />(+22 for winning)
|l|☆Pig Perfect
|player|p1|
|l|☆kingblaze22
|player|p2|
