|j|☆Avitross
|j|☆OscarGamble
|t:|1779679547
|gametype|singles
|player|p1|Avitross|265|1555
|player|p2|OscarGamble|1|1550
|gen|9
|tier|[Gen 9] OU
|rated|
|rule|HP Percentage Mod: HP is shown in percentages
|rule|Endless Battle Clause: Forcing endless battles is banned
|rule|Species Clause: Limit one of each Pokémon
|rule|OHKO Clause: OHKO moves are banned
|rule|Evasion Items Clause: Evasion items are banned
|rule|Evasion Moves Clause: Evasion moves are banned
|rule|Evasion Abilities Clause: Evasion abilities are banned
|rule|Sleep Moves Clause: Sleep-inducing moves are banned
|clearpoke
|poke|p1|Krookodile, F|
|poke|p1|Ogerpon-Wellspring, F|
|poke|p1|Iron Hands|
|poke|p1|Iron Treads|
|poke|p1|Garganacl, M|
|poke|p1|Dragapult, F|
|poke|p2|Dragonite, M|
|poke|p2|Slowking-Galar, M|
|poke|p2|Alomomola, M|
|poke|p2|Great Tusk|
|poke|p2|Kyurem|
|poke|p2|Gholdengo|
|teampreview
|inactive|Battle timer is ON: inactive players will automatically lose when time's up. (requested by OscarGamble)
|inactive|Avitross has 120 seconds left.
|
|t:|1779679587
|teamsize|p1|6
|teamsize|p2|6
|start
|switch|p1a: Dragapult|Dragapult, F|100/100
|switch|p2a: Slowking|Slowking-Galar, M|100/100
|turn|1
|
|t:|1779679600
|move|p1a: Dragapult|U-turn|p2a: Slowking
|-damage|p2a: Slowking|81/100
|
|t:|1779679613
|switch|p1a: Garganacl|Garganacl, M|100/100|[from] U-turn
|move|p2a: Slowking|Trick|p1a: Garganacl
|-activate|p2a: Slowking|move: Trick|[of] p1a: Garganacl
|-item|p1a: Garganacl|Black Sludge|[from] move: Trick
|-item|p2a: Slowking|Leftovers|[from] move: Trick
|
|-damage|p1a: Garganacl|88/100|[from] item: Black Sludge
|-heal|p2a: Slowking|88/100|[from] item: Leftovers
|upkeep
|turn|2
|
|t:|1779679641
|switch|p1a: Iron Treads|Iron Treads|100/100
|-prepare|p2a: Slowking|Chilly Reception|[premajor]
|move|p2a: Slowking|Chilly Reception|p2a: Slowking
|-weather|Snowscape
|
|t:|1779679655
|switch|p2a: Great Tusk|Great Tusk|100/100|[from] Chilly Reception
|
|-weather|Snowscape|[upkeep]
|upkeep
|turn|3
|
|t:|1779679672
|move|p1a: Iron Treads|Ice Spinner|p2a: Great Tusk
|-supereffective|p2a: Great Tusk
|-crit|p2a: Great Tusk
|-damage|p2a: Great Tusk|50/100
|move|p2a: Great Tusk|Stealth Rock|p1a: Iron Treads
|-sidestart|p1: Avitross|move: Stealth Rock
|
|-weather|Snowscape|[upkeep]
|upkeep
|turn|4
|inactive|Avitross has 120 seconds left.
|
|t:|1779679709
|move|p1a: Iron Treads|Ice Spinner|p2a: Great Tusk
|-supereffective|p2a: Great Tusk
|-damage|p2a: Great Tusk|19/100
|move|p2a: Great Tusk|Headlong Rush|p1a: Iron Treads
|-supereffective|p1a: Iron Treads
|-damage|p1a: Iron Treads|5/100
|-unboost|p2a: Great Tusk|def|1
|-unboost|p2a: Great Tusk|spd|1
|
|-weather|Snowscape|[upkeep]
|upkeep
|turn|5
|
|t:|1779679723
|-end|p2a: Great Tusk|Protosynthesis|[silent]
|switch|p2a: Gholdengo|Gholdengo|100/100
|-item|p2a: Gholdengo|Air Balloon
|move|p1a: Iron Treads|Rapid Spin|p2a: Gholdengo
|-immune|p2a: Gholdengo
|
|-weather|Snowscape|[upkeep]
|upkeep
|turn|6
|
|t:|1779679729
|move|p1a: Iron Treads|Knock Off|p2a: Gholdengo
|-supereffective|p2a: Gholdengo
|-damage|p2a: Gholdengo|31/100
|-enditem|p2a: Gholdengo|Air Balloon
|move|p2a: Gholdengo|Hex|p1a: Iron Treads
|-damage|p1a: Iron Treads|0 fnt
|faint|p1a: Iron Treads
|-end|p1a: Iron Treads|Quark Drive|[silent]
|
|-weather|none
|upkeep
|
|t:|1779679753
|switch|p1a: Ogerpon|Ogerpon-Wellspring, F|100/100
|-damage|p1a: Ogerpon|88/100|[from] Stealth Rock
|turn|7
|
|t:|1779679761
|switch|p2a: Great Tusk|Great Tusk|19/100
|move|p1a: Ogerpon|Knock Off|p2a: Great Tusk
|-resisted|p2a: Great Tusk
|-damage|p2a: Great Tusk|7/100
|-enditem|p2a: Great Tusk|Heavy-Duty Boots|[from] move: Knock Off|[of] p1a: Ogerpon
|
|upkeep
|turn|8
|
|t:|1779679771
|move|p1a: Ogerpon|Knock Off|p2a: Great Tusk
|-resisted|p2a: Great Tusk
|-damage|p2a: Great Tusk|0 fnt
|faint|p2a: Great Tusk
|-end|p2a: Great Tusk|Protosynthesis|[silent]
|
|upkeep
|
|t:|1779679779
|switch|p2a: Dragonite|Dragonite, M|100/100
|turn|9
|
|t:|1779679791
|move|p1a: Ogerpon|Play Rough|p2a: Dragonite
|-supereffective|p2a: Dragonite
|-damage|p2a: Dragonite|71/100
|move|p2a: Dragonite|Thunder Wave|p1a: Ogerpon
|-status|p1a: Ogerpon|par
|
|upkeep
|turn|10
|inactive|Avitross has 90 seconds left.
|
|t:|1779679822
|move|p2a: Dragonite|Roost|p2a: Dragonite
|-heal|p2a: Dragonite|100/100
|-singleturn|p2a: Dragonite|move: Roost
|cant|p1a: Ogerpon|par
|
|upkeep
|turn|11
|inactive|Avitross has 90 seconds left.
|
|t:|1779679840
|cant|p1a: Ogerpon|par
|move|p2a: Dragonite|Dragon Tail|p1a: Ogerpon
|-damage|p1a: Ogerpon|54/100 par
|drag|p1a: Mr. Krook|Krookodile, F|100/100
|-damage|p1a: Mr. Krook|94/100|[from] Stealth Rock
|
|upkeep
|turn|12
|inactive|Avitross has 90 seconds left.
|
|t:|1779679859
|switch|p1a: Garganacl|Garganacl, M|88/100
|-damage|p1a: Garganacl|76/100|[from] Stealth Rock
|switch|p2a: Alomomola|Alomomola, M|100/100
|
|-damage|p1a: Garganacl|63/100|[from] item: Black Sludge
|upkeep
|turn|13
|inactive|Avitross has 90 seconds left.
|
|t:|1779679869
|switch|p1a: Ogerpon|Ogerpon-Wellspring, F|54/100 par
|-damage|p1a: Ogerpon|42/100 par|[from] Stealth Rock
|move|p2a: Alomomola|Flip Turn|p1a: Ogerpon
|-heal|p1a: Ogerpon|67/100 par|[from] ability: Water Absorb|[of] p2a: Alomomola
|
|upkeep
|turn|14
|
|t:|1779679878
|move|p1a: Ogerpon|Spikes|p2a: Alomomola
|-sidestart|p2: OscarGamble|Spikes
|move|p2a: Alomomola|Wish|p2a: Alomomola
|
|upkeep
|turn|15
|
|t:|1779679891
|switch|p2a: Kyurem|Kyurem|100/100
|-damage|p2a: Kyurem|88/100|[from] Spikes
|-ability|p2a: Kyurem|Pressure
|move|p1a: Ogerpon|Knock Off|p2a: Kyurem
|-damage|p2a: Kyurem|53/100
|-enditem|p2a: Kyurem|Choice Specs|[from] move: Knock Off|[of] p1a: Ogerpon
|
|-heal|p2a: Kyurem|100/100|[from] move: Wish|[wisher] Alomomola
|upkeep
|turn|16
|inactive|Avitross has 90 seconds left.
|
|t:|1779679906
|switch|p1a: Garganacl|Garganacl, M|63/100
|-damage|p1a: Garganacl|51/100|[from] Stealth Rock
|move|p2a: Kyurem|Freeze-Dry|p1a: Garganacl
|-damage|p1a: Garganacl|26/100
|
|-damage|p1a: Garganacl|14/100|[from] item: Black Sludge
|upkeep
|turn|17
|
|t:|1779679913
|move|p2a: Kyurem|Freeze-Dry|p1a: Garganacl
|-damage|p1a: Garganacl|0 fnt
|faint|p1a: Garganacl
|
|upkeep
|inactive|Avitross has 90 seconds left.
|
|t:|1779679927
|switch|p1a: Dragapult|Dragapult, F|100/100
|-damage|p1a: Dragapult|88/100|[from] Stealth Rock
|turn|18
|
|t:|1779679941
|switch|p2a: Gholdengo|Gholdengo|31/100
|-damage|p2a: Gholdengo|19/100|[from] Spikes
|move|p1a: Dragapult|Dragon Darts|p2a: Gholdengo
|-resisted|p2a: Gholdengo
|-damage|p2a: Gholdengo|7/100
|-anim|p1a: Dragapult|Dragon Darts|p2a: Gholdengo
|-resisted|p2a: Gholdengo
|-damage|p2a: Gholdengo|0 fnt
|faint|p2a: Gholdengo
|
|upkeep
|
|t:|1779679953
|switch|p2a: Alomomola|Alomomola, M|100/100
|turn|19
|
|t:|1779679961
|move|p1a: Dragapult|Will-O-Wisp|p2a: Alomomola
|-status|p2a: Alomomola|brn
|move|p2a: Alomomola|Wish|p2a: Alomomola
|
|-damage|p2a: Alomomola|94/100 brn|[from] brn
|upkeep
|turn|20
|
|t:|1779679967
|move|p1a: Dragapult|Hex|p2a: Alomomola
|-damage|p2a: Alomomola|21/100 brn
|move|p2a: Alomomola|Flip Turn|p1a: Dragapult
|-resisted|p1a: Dragapult
|-damage|p1a: Dragapult|83/100
|
|t:|1779679976
|switch|p2a: Dragonite|Dragonite, M|100/100|[from] Flip Turn
|
|upkeep
|turn|21
|inactive|Avitross has 120 seconds left.
|
|t:|1779680004
|-terastallize|p2a: Dragonite|Steel
|move|p1a: Dragapult|Will-O-Wisp|p2a: Dragonite
|-status|p2a: Dragonite|brn
|move|p2a: Dragonite|Dragon Tail|p1a: Dragapult|[miss]
|-miss|p2a: Dragonite|p1a: Dragapult
|
|-damage|p2a: Dragonite|94/100 brn|[from] brn
|upkeep
|turn|22
|
|t:|1779680018
|move|p1a: Dragapult|Hex|p2a: Dragonite
|-damage|p2a: Dragonite|55/100 brn
|move|p2a: Dragonite|Thunder Wave|p1a: Dragapult
|-status|p1a: Dragapult|par
|
|-damage|p2a: Dragonite|49/100 brn|[from] brn
|upkeep
|turn|23
|
|t:|1779680026
|move|p2a: Dragonite|Roost|p2a: Dragonite
|-heal|p2a: Dragonite|99/100 brn
|cant|p1a: Dragapult|par
|
|-damage|p2a: Dragonite|93/100 brn|[from] brn
|upkeep
|turn|24
|
|t:|1779680032
|cant|p1a: Dragapult|par
|move|p2a: Dragonite|Dragon Tail|p1a: Dragapult|[miss]
|-miss|p2a: Dragonite|p1a: Dragapult
|
|-damage|p2a: Dragonite|87/100 brn|[from] brn
|upkeep
|turn|25
|
|t:|1779680037
|move|p1a: Dragapult|Hex|p2a: Dragonite
|-damage|p2a: Dragonite|43/100 brn
|move|p2a: Dragonite|Dragon Tail|p1a: Dragapult|[miss]
|-miss|p2a: Dragonite|p1a: Dragapult
|
|-damage|p2a: Dragonite|37/100 brn|[from] brn
|upkeep
|turn|26
|
|t:|1779680042
|move|p2a: Dragonite|Roost|p2a: Dragonite
|-heal|p2a: Dragonite|87/100 brn
|move|p1a: Dragapult|Hex|p2a: Dragonite
|-damage|p2a: Dragonite|42/100 brn
|
|-damage|p2a: Dragonite|36/100 brn|[from] brn
|upkeep
|turn|27
|
|t:|1779680049
|move|p2a: Dragonite|Roost|p2a: Dragonite
|-heal|p2a: Dragonite|86/100 brn
|cant|p1a: Dragapult|par
|
|-damage|p2a: Dragonite|80/100 brn|[from] brn
|upkeep
|turn|28
|
|t:|1779680051
|move|p1a: Dragapult|Hex|p2a: Dragonite
|-damage|p2a: Dragonite|38/100 brn
|move|p2a: Dragonite|Dragon Tail|p1a: Dragapult
|-supereffective|p1a: Dragapult
|-damage|p1a: Dragapult|45/100 par
|drag|p1a: Mr. Krook|Krookodile, F|94/100
|-damage|p1a: Mr. Krook|88/100|[from] Stealth Rock
|
|-damage|p2a: Dragonite|32/100 brn|[from] brn
|upkeep
|turn|29
|
|t:|1779680065
|move|p1a: Mr. Krook|Substitute|p1a: Mr. Krook
|-start|p1a: Mr. Krook|Substitute
|-damage|p1a: Mr. Krook|64/100
|move|p2a: Dragonite|Dragon Tail|p1a: Mr. Krook
|-activate|p1a: Mr. Krook|move: Substitute|[damage]
|
|-damage|p2a: Dragonite|25/100 brn|[from] brn
|upkeep
|turn|30
|
|t:|1779680078
|move|p1a: Mr. Krook|Knock Off|p2a: Dragonite
|-damage|p2a: Dragonite|0 fnt
|-enditem|p2a: Dragonite|Heavy-Duty Boots|[from] move: Knock Off|[of] p1a: Mr. Krook
|faint|p2a: Dragonite
|-ability|p1a: Mr. Krook|Moxie|boost
|-boost|p1a: Mr. Krook|atk|1
|
|upkeep
|
|t:|1779680084
|switch|p2a: Alomomola|Alomomola, M|54/100 brn
|turn|31
|
|t:|1779680095
|move|p1a: Mr. Krook|Scale Shot|p2a: Alomomola
|-damage|p2a: Alomomola|48/100 brn
|-damage|p2a: Alomomola|42/100 brn
|-damage|p2a: Alomomola|36/100 brn
|-damage|p2a: Alomomola|29/100 brn
|-damage|p2a: Alomomola|22/100 brn
|-hitcount|p2a: Alomomola|5
|-unboost|p1a: Mr. Krook|def|1
|-boost|p1a: Mr. Krook|spe|1
|move|p2a: Alomomola|Flip Turn|p1a: Mr. Krook
|-supereffective|p1a: Mr. Krook
|-end|p1a: Mr. Krook|Substitute
|
|t:|1779680102
|switch|p2a: Kyurem|Kyurem|100/100|[from] Flip Turn
|-damage|p2a: Kyurem|88/100|[from] Spikes
|-ability|p2a: Kyurem|Pressure
|
|upkeep
|turn|32
|
|t:|1779680110
|move|p1a: Mr. Krook|Scale Shot|p2a: Kyurem
|-supereffective|p2a: Kyurem
|-damage|p2a: Kyurem|63/100
|-supereffective|p2a: Kyurem
|-damage|p2a: Kyurem|38/100
|-supereffective|p2a: Kyurem
|-damage|p2a: Kyurem|17/100
|-supereffective|p2a: Kyurem
|-damage|p2a: Kyurem|0 fnt
|faint|p2a: Kyurem
|-ability|p1a: Mr. Krook|Moxie|boost
|-boost|p1a: Mr. Krook|atk|1
|-hitcount|p2: Kyurem|4
|-unboost|p1a: Mr. Krook|def|1
|-boost|p1a: Mr. Krook|spe|1
|
|upkeep
|-message|OscarGamble forfeited.
|
|win|Avitross
|raw|Avitross's rating: 1555 &rarr; <strong>1575</strong><br />(+20 for winning)
|raw|OscarGamble's rating: 1550 &rarr; <strong>1530</strong><br />(-20 for losing)
|l|☆OscarGamble
|player|p2|
|l|☆Avitross
|player|p1|
