|j|☆frostedcatcookie
|j|☆KevinSPG5
|t:|1779654304
|gametype|singles
|player|p1|frostedcatcookie|2|1238
|player|p2|KevinSPG5|gambler|1185
|gen|9
|tier|[Gen 9] OU
|rated|
|rule|HP Percentage Mod: HP is shown in percentages
|rule|Endless Battle Clause: Forcing endless battles is banned
|rule|Species Clause: Limit one of each Pokémon
|rule|OHKO Clause: OHKO moves are banned
|rule|Evasion Items Clause: Evasion items are banned
|rule|Evasion Moves Clause: Evasion moves are banned
|rule|Evasion Abilities Clause: Evasion abilities are banned
|rule|Sleep Moves Clause: Sleep-inducing moves are banned
|clearpoke
|poke|p1|Kingambit, M|
|poke|p1|Hatterene, F|
|poke|p1|Garchomp, F|
|poke|p1|Dragonite, F|
|poke|p1|Cinderace, F|
|poke|p1|Scizor, M|
|poke|p2|Kricketune, M|
|poke|p2|Polteageist|
|poke|p2|Gholdengo|
|poke|p2|Kingambit, M|
|poke|p2|Great Tusk|
|poke|p2|Iron Valiant|
|teampreview
|inactive|Battle timer is ON: inactive players will automatically lose when time's up. (requested by KevinSPG5)
|
|t:|1779654317
|teamsize|p1|6
|teamsize|p2|6
|start
|switch|p1a: Garchomp|Garchomp, F, shiny|100/100
|switch|p2a: Kricketune|Kricketune, M|100/100
|turn|1
|
|t:|1779654325
|switch|p1a: Hatterene|Hatterene, F, shiny|100/100
|move|p2a: Kricketune|Sticky Web|p1a: Hatterene
|move|p1a: Hatterene|Sticky Web|p2a: Kricketune|[from] ability: Magic Bounce
|-sidestart|p2: KevinSPG5|move: Sticky Web
|
|upkeep
|turn|2
|inactive|KevinSPG5 has 120 seconds left.
|
|t:|1779654357
|move|p2a: Kricketune|Perish Song|p2a: Kricketune
|-start|p1a: Hatterene|perish3|[silent]
|-start|p2a: Kricketune|perish3|[silent]
|-fieldactivate|move: Perish Song
|move|p1a: Hatterene|Mystical Fire|p2a: Kricketune
|-supereffective|p2a: Kricketune
|-damage|p2a: Kricketune|32/100
|-unboost|p2a: Kricketune|spa|1
|
|-start|p2a: Kricketune|perish3
|-start|p1a: Hatterene|perish3
|upkeep
|turn|3
|inactive|KevinSPG5 has 120 seconds left.
|
|t:|1779654376
|move|p2a: Kricketune|Sticky Web|p1a: Hatterene
|move|p1a: Hatterene|Sticky Web||[from] ability: Magic Bounce|[still]
|-fail|p1a: Hatterene
|move|p1a: Hatterene|Mystical Fire|p2a: Kricketune
|-supereffective|p2a: Kricketune
|-crit|p2a: Kricketune
|-damage|p2a: Kricketune|0 fnt
|faint|p2a: Kricketune
|
|-start|p1a: Hatterene|perish2
|upkeep
|
|t:|1779654384
|switch|p2a: Polteageist|Polteageist|100/100
|-activate|p2a: Polteageist|move: Sticky Web
|-unboost|p2a: Polteageist|spe|1
|turn|4
|
|t:|1779654389
|switch|p1a: Scizor|Scizor, M, shiny|100/100
|move|p2a: Polteageist|Shell Smash|p2a: Polteageist
|-unboost|p2a: Polteageist|def|1
|-unboost|p2a: Polteageist|spd|1
|-boost|p2a: Polteageist|atk|2
|-boost|p2a: Polteageist|spa|2
|-boost|p2a: Polteageist|spe|2
|
|upkeep
|turn|5
|inactive|KevinSPG5 has 120 seconds left.
|
|t:|1779654409
|move|p2a: Polteageist|Shell Smash|p2a: Polteageist
|-unboost|p2a: Polteageist|def|1
|-unboost|p2a: Polteageist|spd|1
|-boost|p2a: Polteageist|atk|2
|-boost|p2a: Polteageist|spa|2
|-boost|p2a: Polteageist|spe|2
|move|p1a: Scizor|Thief|p2a: Polteageist
|-supereffective|p2a: Polteageist
|-enditem|p2a: Polteageist|Focus Sash
|-damage|p2a: Polteageist|1/100
|-ability|p2a: Polteageist|Weak Armor|boost
|-unboost|p2a: Polteageist|def|1
|-boost|p2a: Polteageist|spe|2
|
|upkeep
|turn|6
|inactive|KevinSPG5 has 120 seconds left.
|
|t:|1779654423
|move|p1a: Scizor|Bullet Punch|p2a: Polteageist
|-crit|p2a: Polteageist
|-damage|p2a: Polteageist|0 fnt
|faint|p2a: Polteageist
|
|upkeep
|
|t:|1779654433
|switch|p2a: Great Tusk|Great Tusk|100/100
|turn|7
|
|t:|1779654437
|switch|p1a: Hatterene|Hatterene, F, shiny|100/100
|move|p2a: Great Tusk|Rapid Spin|p1a: Hatterene
|-damage|p1a: Hatterene|88/100
|-boost|p2a: Great Tusk|spe|1
|-sideend|p2: KevinSPG5|Sticky Web|[from] move: Rapid Spin|[of] p2a: Great Tusk
|
|-heal|p1a: Hatterene|94/100|[from] item: Leftovers
|upkeep
|turn|8
|inactive|KevinSPG5 has 120 seconds left.
|
|t:|1779654457
|-terastallize|p2a: Great Tusk|Water
|move|p2a: Great Tusk|Headlong Rush|p1a: Hatterene
|-damage|p1a: Hatterene|48/100
|-unboost|p2a: Great Tusk|def|1
|-unboost|p2a: Great Tusk|spd|1
|move|p1a: Hatterene|Psyshock|p2a: Great Tusk
|-crit|p2a: Great Tusk
|-damage|p2a: Great Tusk|48/100
|
|-heal|p1a: Hatterene|54/100|[from] item: Leftovers
|upkeep
|turn|9
|inactive|KevinSPG5 has 120 seconds left.
|
|t:|1779654467
|move|p2a: Great Tusk|Headlong Rush|p1a: Hatterene
|-damage|p1a: Hatterene|12/100
|-unboost|p2a: Great Tusk|def|1
|-unboost|p2a: Great Tusk|spd|1
|move|p1a: Hatterene|Draining Kiss|p2a: Great Tusk
|-damage|p2a: Great Tusk|0 fnt
|-heal|p1a: Hatterene|63/100|[from] drain|[of] p2a: Great Tusk
|faint|p2a: Great Tusk
|-end|p2a: Great Tusk|Protosynthesis|[silent]
|
|-heal|p1a: Hatterene|70/100|[from] item: Leftovers
|upkeep
|inactive|KevinSPG5 has 120 seconds left.
|
|t:|1779654473
|switch|p2a: Kingambit|Kingambit, M|100/100
|-activate|p2a: Kingambit|ability: Supreme Overlord
|-start|p2a: Kingambit|fallen3|[silent]
|turn|10
|
|t:|1779654481
|switch|p1a: ace|Cinderace, F, shiny|100/100
|move|p2a: Kingambit|Sucker Punch||[still]
|-fail|p2a: Kingambit
|
|upkeep
|turn|11
|
|t:|1779654491
|move|p1a: ace|Pyro Ball|p2a: Kingambit
|-supereffective|p2a: Kingambit
|-damage|p2a: Kingambit|0 fnt
|faint|p2a: Kingambit
|-end|p2a: Kingambit|fallen3|[silent]
|
|upkeep
|-message|KevinSPG5 forfeited.
|
|win|frostedcatcookie
|raw|frostedcatcookie's rating: 1238 &rarr; <strong>1259</strong><br />(+21 for winning)
|raw|KevinSPG5's rating: 1185 &rarr; <strong>1164</strong><br />(-21 for losing)
|l|☆KevinSPG5
|player|p2|
|l|☆frostedcatcookie
|player|p1|
