|j|☆chip wittley
|j|☆lklowxhn
|t:|1779593521
|gametype|singles
|player|p1|chip wittley|lance|1658
|player|p2|lklowxhn|miku-ghost|1633
|gen|9
|tier|[Gen 9] OU
|rated|
|rule|HP Percentage Mod: HP is shown in percentages
|rule|Endless Battle Clause: Forcing endless battles is banned
|rule|Species Clause: Limit one of each Pokémon
|rule|OHKO Clause: OHKO moves are banned
|rule|Evasion Items Clause: Evasion items are banned
|rule|Evasion Moves Clause: Evasion moves are banned
|rule|Evasion Abilities Clause: Evasion abilities are banned
|rule|Sleep Moves Clause: Sleep-inducing moves are banned
|clearpoke
|poke|p1|Cetitan, F|
|poke|p1|Ninetales-Alola, F|
|poke|p1|Darkrai|
|poke|p1|Great Tusk|
|poke|p1|Hatterene, F|
|poke|p1|Dragonite, F|
|poke|p2|Serperior, F|
|poke|p2|Slowbro, F|
|poke|p2|Fezandipiti, M|
|poke|p2|Tornadus-Therian, M|
|poke|p2|Great Tusk|
|poke|p2|Kyurem|
|teampreview
|inactive|Battle timer is ON: inactive players will automatically lose when time's up. (requested by lklowxhn)
|
|t:|1779593531
|teamsize|p1|6
|teamsize|p2|6
|start
|switch|p1a: Ninetales|Ninetales-Alola, F|100/100
|switch|p2a: Fezandipiti|Fezandipiti, M|100/100
|-weather|Snowscape|[from] ability: Snow Warning|[of] p1a: Ninetales
|turn|1
|inactive|chip wittley has 120 seconds left.
|inactive|chip wittley has 90 seconds left.
|
|t:|1779593618
|move|p1a: Ninetales|Aurora Veil|p1a: Ninetales
|-sidestart|p1: chip wittley|move: Aurora Veil
|move|p2a: Fezandipiti|Beat Up|p1a: Ninetales
|-resisted|p1a: Ninetales
|-damage|p1a: Ninetales|99/100
|-resisted|p1a: Ninetales
|-damage|p1a: Ninetales|99/100
|-status|p1a: Ninetales|tox|[from] ability: Toxic Chain|[of] p2a: Fezandipiti
|-resisted|p1a: Ninetales
|-damage|p1a: Ninetales|99/100 tox
|-resisted|p1a: Ninetales
|-damage|p1a: Ninetales|99/100 tox
|-resisted|p1a: Ninetales
|-damage|p1a: Ninetales|98/100 tox
|-resisted|p1a: Ninetales
|-damage|p1a: Ninetales|97/100 tox
|-hitcount|p1a: Ninetales|6
|
|-weather|Snowscape|[upkeep]
|-damage|p1a: Ninetales|91/100 tox|[from] psn
|upkeep
|turn|2
|inactive|chip wittley has 60 seconds left.
|
|t:|1779593637
|switch|p1a: Great Tusk|Great Tusk|100/100
|move|p2a: Fezandipiti|Beat Up|p1a: Great Tusk
|-resisted|p1a: Great Tusk
|-damage|p1a: Great Tusk|99/100
|-resisted|p1a: Great Tusk
|-damage|p1a: Great Tusk|99/100
|-resisted|p1a: Great Tusk
|-damage|p1a: Great Tusk|99/100
|-resisted|p1a: Great Tusk
|-damage|p1a: Great Tusk|99/100
|-resisted|p1a: Great Tusk
|-damage|p1a: Great Tusk|98/100
|-resisted|p1a: Great Tusk
|-damage|p1a: Great Tusk|98/100
|-hitcount|p1a: Great Tusk|6
|
|-weather|Snowscape|[upkeep]
|upkeep
|turn|3
|
|t:|1779593646
|switch|p2a: 小树林|Slowbro, F|100/100
|move|p1a: Great Tusk|Earthquake|p2a: 小树林
|-damage|p2a: 小树林|75/100
|
|-weather|Snowscape|[upkeep]
|upkeep
|turn|4
|
|t:|1779593650
|-end|p1a: Great Tusk|Protosynthesis|[silent]
|switch|p1a: Hatterene|Hatterene, F|100/100
|move|p2a: 小树林|Future Sight|p1a: Hatterene
|-start|p2a: 小树林|move: Future Sight
|
|-weather|Snowscape|[upkeep]
|upkeep
|turn|5
|
|t:|1779593663
|switch|p2a: Tornadus|Tornadus-Therian, M|100/100
|move|p1a: Hatterene|Calm Mind|p1a: Hatterene
|-boost|p1a: Hatterene|spa|1
|-boost|p1a: Hatterene|spd|1
|
|-weather|Snowscape|[upkeep]
|-sideend|p1: chip wittley|move: Aurora Veil
|upkeep
|turn|6
|inactive|chip wittley has 90 seconds left.
|
|t:|1779593671
|move|p2a: Tornadus|Nasty Plot|p2a: Tornadus
|-boost|p2a: Tornadus|spa|2
|move|p1a: Hatterene|Calm Mind|p1a: Hatterene
|-boost|p1a: Hatterene|spa|1
|-boost|p1a: Hatterene|spd|1
|
|-weather|Snowscape|[upkeep]
|-end|p1a: Hatterene|move: Future Sight
|-resisted|p1a: Hatterene
|-damage|p1a: Hatterene|90/100
|-heal|p1a: Hatterene|96/100|[from] item: Leftovers
|upkeep
|turn|7
|
|t:|1779593675
|move|p2a: Tornadus|Bleakwind Storm|p1a: Hatterene
|-damage|p1a: Hatterene|46/100
|-unboost|p1a: Hatterene|spe|1
|move|p1a: Hatterene|Calm Mind|p1a: Hatterene
|-boost|p1a: Hatterene|spa|1
|-boost|p1a: Hatterene|spd|1
|
|-weather|Snowscape|[upkeep]
|-heal|p1a: Hatterene|52/100|[from] item: Leftovers
|upkeep
|turn|8
|
|t:|1779593679
|move|p2a: Tornadus|Bleakwind Storm|p1a: Hatterene
|-crit|p1a: Hatterene
|-damage|p1a: Hatterene|0 fnt
|faint|p1a: Hatterene
|
|-weather|none
|upkeep
|
|t:|1779593686
|switch|p1a: Ninetales|Ninetales-Alola, F|91/100 tox
|-weather|Snowscape|[from] ability: Snow Warning|[of] p1a: Ninetales
|turn|9
|
|t:|1779593693
|switch|p1a: Great Tusk|Great Tusk|98/100
|move|p2a: Tornadus|Heat Wave|p1a: Great Tusk
|-damage|p1a: Great Tusk|21/100
|
|-weather|Snowscape|[upkeep]
|upkeep
|turn|10
|
|t:|1779593698
|move|p2a: Tornadus|Heat Wave|p1a: Great Tusk
|-damage|p1a: Great Tusk|0 fnt
|faint|p1a: Great Tusk
|-end|p1a: Great Tusk|Protosynthesis|[silent]
|
|-weather|Snowscape|[upkeep]
|upkeep
|
|t:|1779593699
|switch|p1a: Cetitan|Cetitan, F|100/100
|turn|11
|
|t:|1779593715
|-terastallize|p2a: Tornadus|Fighting
|move|p1a: Cetitan|Ice Spinner|p2a: Tornadus
|-damage|p2a: Tornadus|45/100
|move|p2a: Tornadus|Focus Blast|p1a: Cetitan
|-supereffective|p1a: Cetitan
|-damage|p1a: Cetitan|0 fnt
|faint|p1a: Cetitan
|
|-weather|Snowscape|[upkeep]
|upkeep
|
|t:|1779593725
|switch|p1a: Dragonite|Dragonite, F|100/100
|turn|12
|
|t:|1779593730
|move|p2a: Tornadus|Bleakwind Storm|p1a: Dragonite
|-damage|p1a: Dragonite|52/100
|-unboost|p1a: Dragonite|spe|1
|move|p1a: Dragonite|Dragon Dance|p1a: Dragonite
|-boost|p1a: Dragonite|atk|1
|-boost|p1a: Dragonite|spe|1
|
|-weather|Snowscape|[upkeep]
|upkeep
|turn|13
|
|t:|1779593739
|switch|p2a: Great Tusk|Great Tusk|100/100
|-enditem|p2a: Great Tusk|Booster Energy
|-activate|p2a: Great Tusk|ability: Protosynthesis|[fromitem]
|-start|p2a: Great Tusk|protosynthesisatk
|move|p1a: Dragonite|Scale Shot|p2a: Great Tusk
|-damage|p2a: Great Tusk|86/100
|-damage|p2a: Great Tusk|72/100
|-damage|p2a: Great Tusk|57/100
|-damage|p2a: Great Tusk|42/100
|-hitcount|p2a: Great Tusk|4
|-unboost|p1a: Dragonite|def|1
|-boost|p1a: Dragonite|spe|1
|
|-weather|Snowscape|[upkeep]
|upkeep
|turn|14
|
|t:|1779593752
|move|p1a: Dragonite|Scale Shot|p2a: Great Tusk
|-damage|p2a: Great Tusk|27/100
|-damage|p2a: Great Tusk|13/100
|-damage|p2a: Great Tusk|0 fnt
|faint|p2a: Great Tusk
|-end|p2a: Great Tusk|Protosynthesis|[silent]
|-hitcount|p2: Great Tusk|3
|-unboost|p1a: Dragonite|def|1
|-boost|p1a: Dragonite|spe|1
|
|-weather|Snowscape|[upkeep]
|upkeep
|
|t:|1779593756
|switch|p2a: Kyurem|Kyurem|100/100
|-ability|p2a: Kyurem|Pressure
|turn|15
|
|t:|1779593761
|move|p1a: Dragonite|Scale Shot|p2a: Kyurem
|-supereffective|p2a: Kyurem
|-damage|p2a: Kyurem|75/100
|-supereffective|p2a: Kyurem
|-damage|p2a: Kyurem|49/100
|-supereffective|p2a: Kyurem
|-damage|p2a: Kyurem|23/100
|-supereffective|p2a: Kyurem
|-damage|p2a: Kyurem|0 fnt
|faint|p2a: Kyurem
|-hitcount|p2: Kyurem|4
|-unboost|p1a: Dragonite|def|1
|-boost|p1a: Dragonite|spe|1
|
|-weather|Snowscape|[upkeep]
|upkeep
|
|t:|1779593776
|switch|p2a: 小树林|Slowbro, F|100/100
|turn|16
|
|t:|1779593780
|move|p1a: Dragonite|Scale Shot|p2a: 小树林
|-damage|p2a: 小树林|89/100
|-damage|p2a: 小树林|77/100
|-damage|p2a: 小树林|64/100
|-damage|p2a: 小树林|53/100
|-hitcount|p2a: 小树林|4
|-unboost|p1a: Dragonite|def|1
|-boost|p1a: Dragonite|spe|1
|move|p2a: 小树林|Body Press|p1a: Dragonite
|-resisted|p1a: Dragonite
|-damage|p1a: Dragonite|8/100
|
|-weather|none
|upkeep
|turn|17
|
|t:|1779593789
|switch|p1a: Ninetales|Ninetales-Alola, F|91/100 tox
|-weather|Snowscape|[from] ability: Snow Warning|[of] p1a: Ninetales
|move|p2a: 小树林|Body Press|p1a: Ninetales
|-damage|p1a: Ninetales|66/100 tox
|
|-weather|Snowscape|[upkeep]
|-damage|p1a: Ninetales|60/100 tox|[from] psn
|upkeep
|turn|18
|
|t:|1779593793
|switch|p2a: Fezandipiti|Fezandipiti, M|100/100
|move|p1a: Ninetales|Aurora Veil|p1a: Ninetales
|-sidestart|p1: chip wittley|move: Aurora Veil
|
|-weather|Snowscape|[upkeep]
|-damage|p1a: Ninetales|48/100 tox|[from] psn
|upkeep
|turn|19
|
|t:|1779593796
|switch|p1a: Dragonite|Dragonite, F|8/100
|move|p2a: Fezandipiti|Beat Up|p1a: Dragonite
|-damage|p1a: Dragonite|6/100
|-damage|p1a: Dragonite|4/100
|-crit|p1a: Dragonite
|-damage|p1a: Dragonite|0 fnt
|faint|p1a: Dragonite
|-hitcount|p1: Dragonite|3
|
|-weather|Snowscape|[upkeep]
|upkeep
|
|t:|1779593798
|switch|p1a: Darkrai|Darkrai|100/100
|turn|20
|
|t:|1779593801
|move|p1a: Darkrai|Nasty Plot|p1a: Darkrai
|-boost|p1a: Darkrai|spa|2
|move|p2a: Fezandipiti|Beat Up|p1a: Darkrai
|-resisted|p1a: Darkrai
|-damage|p1a: Darkrai|99/100
|-status|p1a: Darkrai|tox|[from] ability: Toxic Chain|[of] p2a: Fezandipiti
|-resisted|p1a: Darkrai
|-damage|p1a: Darkrai|99/100 tox
|-resisted|p1a: Darkrai
|-damage|p1a: Darkrai|98/100 tox
|-resisted|p1a: Darkrai
|-damage|p1a: Darkrai|97/100 tox
|-hitcount|p1a: Darkrai|4
|
|-weather|Snowscape|[upkeep]
|-damage|p1a: Darkrai|91/100 tox|[from] psn
|upkeep
|turn|21
|
|t:|1779593804
|-terastallize|p1a: Darkrai|Ice
|move|p1a: Darkrai|Blizzard|p2a: Fezandipiti
|-damage|p2a: Fezandipiti|33/100
|move|p2a: Fezandipiti|Moonblast|p1a: Darkrai
|-damage|p1a: Darkrai|76/100 tox
|
|-weather|Snowscape|[upkeep]
|-heal|p2a: Fezandipiti|39/100|[from] item: Leftovers
|-damage|p1a: Darkrai|64/100 tox|[from] psn
|upkeep
|turn|22
|
|t:|1779593813
|switch|p2a: 小树林|Slowbro, F|86/100
|move|p1a: Darkrai|Blizzard|p2a: 小树林
|-resisted|p2a: 小树林
|-damage|p2a: 小树林|24/100
|
|-weather|Snowscape|[upkeep]
|-damage|p1a: Darkrai|46/100 tox|[from] psn
|-sideend|p1: chip wittley|move: Aurora Veil
|upkeep
|turn|23
|
|t:|1779593823
|move|p1a: Darkrai|Blizzard|p2a: 小树林
|-resisted|p2a: 小树林
|-damage|p2a: 小树林|0 fnt
|faint|p2a: 小树林
|
|-weather|Snowscape|[upkeep]
|-damage|p1a: Darkrai|22/100 tox|[from] psn
|upkeep
|
|t:|1779593829
|switch|p2a: Serperior|Serperior, F|100/100
|turn|24
|-message|chip wittley forfeited.
|
|win|lklowxhn
|raw|chip wittley's rating: 1658 &rarr; <strong>1637</strong><br />(-21 for losing)
|raw|lklowxhn's rating: 1633 &rarr; <strong>1654</strong><br />(+21 for winning)
|l|☆chip wittley
|player|p1|
|l|☆lklowxhn
|player|p2|
