|j|☆Ylioen
|j|☆Caca le goat
|t:|1779610511
|gametype|singles
|player|p1|Ylioen|elesa|1141
|player|p2|Caca le goat|170|1200
|gen|9
|tier|[Gen 9] OU
|rated|
|rule|HP Percentage Mod: HP is shown in percentages
|rule|Endless Battle Clause: Forcing endless battles is banned
|rule|Species Clause: Limit one of each Pokémon
|rule|OHKO Clause: OHKO moves are banned
|rule|Evasion Items Clause: Evasion items are banned
|rule|Evasion Moves Clause: Evasion moves are banned
|rule|Evasion Abilities Clause: Evasion abilities are banned
|rule|Sleep Moves Clause: Sleep-inducing moves are banned
|clearpoke
|poke|p1|Scizor, F|
|poke|p1|Greninja-*, M|
|poke|p1|Noivern, M|
|poke|p1|Iron Valiant|
|poke|p1|Garchomp, M|
|poke|p1|Blaziken, F|
|poke|p2|Mudsdale, F|
|poke|p2|Slowking-Galar, M|
|poke|p2|Braviary-Hisui, M|
|poke|p2|Diancie|
|poke|p2|Azumarill, F|
|poke|p2|Chandelure, M|
|teampreview
|inactive|Battle timer is ON: inactive players will automatically lose when time's up. (requested by Caca le goat)
|
|t:|1779610531
|teamsize|p1|6
|teamsize|p2|6
|start
|switch|p1a: Hungry shark|Garchomp, M|100/100
|switch|p2a: Azumarill|Azumarill, F|100/100
|turn|1
|
|t:|1779610548
|switch|p1a: Metal Cockroach|Scizor, F|100/100
|move|p2a: Azumarill|Play Rough|p1a: Metal Cockroach
|-resisted|p1a: Metal Cockroach
|-damage|p1a: Metal Cockroach|50/100
|
|upkeep
|turn|2
|
|t:|1779610560
|switch|p2a: Mudsdale|Mudsdale, F|100/100
|move|p1a: Metal Cockroach|Bullet Punch|p2a: Mudsdale
|-damage|p2a: Mudsdale|68/100
|-ability|p2a: Mudsdale|Stamina|boost
|-boost|p2a: Mudsdale|def|1
|
|-heal|p2a: Mudsdale|75/100|[from] item: Leftovers
|upkeep
|turn|3
|
|t:|1779610574
|move|p1a: Metal Cockroach|Dual Wingbeat|p2a: Mudsdale|[miss]
|-miss|p1a: Metal Cockroach|p2a: Mudsdale
|move|p2a: Mudsdale|Curse|p2a: Mudsdale
|-unboost|p2a: Mudsdale|spe|1
|-boost|p2a: Mudsdale|atk|1
|-boost|p2a: Mudsdale|def|1
|
|-heal|p2a: Mudsdale|81/100|[from] item: Leftovers
|upkeep
|turn|4
|
|t:|1779610587
|move|p1a: Metal Cockroach|Iron Head|p2a: Mudsdale
|-damage|p2a: Mudsdale|58/100
|-ability|p2a: Mudsdale|Stamina|boost
|-boost|p2a: Mudsdale|def|1
|cant|p2a: Mudsdale|flinch
|
|-heal|p2a: Mudsdale|64/100|[from] item: Leftovers
|upkeep
|turn|5
|
|t:|1779610596
|move|p1a: Metal Cockroach|Iron Head|p2a: Mudsdale
|-damage|p2a: Mudsdale|45/100
|-ability|p2a: Mudsdale|Stamina|boost
|-boost|p2a: Mudsdale|def|1
|cant|p2a: Mudsdale|flinch
|
|-heal|p2a: Mudsdale|51/100|[from] item: Leftovers
|upkeep
|turn|6
|
|t:|1779610605
|move|p1a: Metal Cockroach|Iron Head|p2a: Mudsdale
|-damage|p2a: Mudsdale|35/100
|-ability|p2a: Mudsdale|Stamina|boost
|-boost|p2a: Mudsdale|def|1
|move|p2a: Mudsdale|Body Press|p1a: Metal Cockroach
|-damage|p1a: Metal Cockroach|0 fnt
|faint|p1a: Metal Cockroach
|
|-heal|p2a: Mudsdale|41/100|[from] item: Leftovers
|upkeep
|
|t:|1779610616
|switch|p1a: Tongue twister|Greninja, M|100/100
|turn|7
|
|t:|1779610628
|switch|p2a: Azumarill|Azumarill, F|100/100
|move|p1a: Tongue twister|Ice Beam|p2a: Azumarill
|-resisted|p2a: Azumarill
|-damage|p2a: Azumarill|87/100
|
|upkeep
|turn|8
|l|☆Ylioen
|inactive|Ylioen disconnected and has a minute to reconnect!
|player|p1|
|j|☆Ylioen
|inactive|Ylioen reconnected and has 135 seconds left.
|player|p1|Ylioen|elesa|
|
|t:|1779610650
|-terastallize|p1a: Tongue twister|Psychic
|move|p1a: Tongue twister|Extrasensory|p2a: Azumarill
|-damage|p2a: Azumarill|49/100
|move|p2a: Azumarill|Play Rough|p1a: Tongue twister
|-damage|p1a: Tongue twister|0 fnt
|faint|p1a: Tongue twister
|
|upkeep
|
|t:|1779610663
|switch|p1a: Robot femboy|Iron Valiant|100/100
|-enditem|p1a: Robot femboy|Booster Energy
|-activate|p1a: Robot femboy|ability: Quark Drive|[fromitem]
|-start|p1a: Robot femboy|quarkdrivespe
|turn|9
|
|t:|1779610670
|switch|p2a: Slowking|Slowking-Galar, M|100/100
|move|p1a: Robot femboy|Thunder Punch|p2a: Slowking
|-damage|p2a: Slowking|72/100
|
|upkeep
|turn|10
|
|t:|1779610686
|-end|p1a: Robot femboy|Quark Drive|[silent]
|switch|p1a: Hungry shark|Garchomp, M|100/100
|move|p2a: Slowking|Trick Room|p2a: Slowking
|-fieldstart|move: Trick Room|[of] p2a: Slowking
|
|upkeep
|turn|11
|
|t:|1779610699
|switch|p2a: Diancie|Diancie|100/100
|move|p1a: Hungry shark|Iron Head|p2a: Diancie
|-supereffective|p2a: Diancie
|-damage|p2a: Diancie|15/100
|-enditem|p2a: Diancie|Weakness Policy
|-boost|p2a: Diancie|atk|2|[from] item: Weakness Policy
|-boost|p2a: Diancie|spa|2|[from] item: Weakness Policy
|
|upkeep
|turn|12
|
|t:|1779610711
|switch|p1a: Breakdancer|Blaziken, F|100/100
|-terastallize|p2a: Diancie|Fairy
|move|p2a: Diancie|Moonblast|p1a: Breakdancer
|-damage|p1a: Breakdancer|0 fnt
|faint|p1a: Breakdancer
|
|upkeep
|inactive|Ylioen has 120 seconds left.
|
|t:|1779610732
|switch|p1a: Robot femboy|Iron Valiant|100/100
|turn|13
|
|t:|1779610736
|move|p2a: Diancie|Moonblast|p1a: Robot femboy
|-supereffective|p1a: Robot femboy
|-damage|p1a: Robot femboy|0 fnt
|faint|p1a: Robot femboy
|-end|p1a: Robot femboy|Quark Drive|[silent]
|
|upkeep
|-message|Ylioen forfeited.
|
|win|Caca le goat
|raw|Ylioen's rating: 1141 &rarr; <strong>1120</strong><br />(-21 for losing)
|raw|Caca le goat's rating: 1200 &rarr; <strong>1221</strong><br />(+21 for winning)
|l|☆Ylioen
|player|p1|
|l|☆Caca le goat
|player|p2|
