|j|☆CopperCorndog
|j|☆ju2508
|t:|1779639940
|gametype|singles
|player|p1|CopperCorndog|swimmerf|1145
|player|p2|ju2508|265|1105
|gen|9
|tier|[Gen 9] OU
|rated|
|rule|HP Percentage Mod: HP is shown in percentages
|rule|Endless Battle Clause: Forcing endless battles is banned
|rule|Species Clause: Limit one of each Pokémon
|rule|OHKO Clause: OHKO moves are banned
|rule|Evasion Items Clause: Evasion items are banned
|rule|Evasion Moves Clause: Evasion moves are banned
|rule|Evasion Abilities Clause: Evasion abilities are banned
|rule|Sleep Moves Clause: Sleep-inducing moves are banned
|clearpoke
|poke|p1|Tyranitar, M|
|poke|p1|Gliscor, F|
|poke|p1|Landorus-Therian, M|
|poke|p1|Excadrill, M|
|poke|p1|Gholdengo|
|poke|p1|Scizor, F|
|poke|p2|Feraligatr, F|
|poke|p2|Lilligant, F|
|poke|p2|Donphan, F|
|poke|p2|Sylveon, F|
|poke|p2|Grafaiai, F|
|poke|p2|Magneton|
|teampreview
|inactive|Battle timer is ON: inactive players will automatically lose when time's up. (requested by CopperCorndog)
|
|t:|1779639953
|teamsize|p1|6
|teamsize|p2|6
|start
|switch|p1a: Subway Slammer|Tyranitar, M, shiny|100/100
|switch|p2a: Donphan|Donphan, F|100/100
|-weather|Sandstorm|[from] ability: Sand Stream|[of] p1a: Subway Slammer
|turn|1
|
|t:|1779639965
|switch|p1a: Invincible|Gliscor, F, shiny|100/100
|move|p2a: Donphan|Knock Off|p1a: Invincible
|-crit|p1a: Invincible
|-damage|p1a: Invincible|76/100
|-enditem|p1a: Invincible|Toxic Orb|[from] move: Knock Off|[of] p2a: Donphan
|
|-weather|Sandstorm|[upkeep]
|upkeep
|turn|2
|
|t:|1779639977
|switch|p2a: Grafaiai|Grafaiai, F|100/100
|move|p1a: Invincible|Toxic|p2a: Grafaiai
|-immune|p2a: Grafaiai
|
|-weather|Sandstorm|[upkeep]
|-damage|p2a: Grafaiai|95/100|[from] Sandstorm
|upkeep
|turn|3
|
|t:|1779639987
|switch|p1a: Ferrus Manus|Excadrill, M|100/100
|move|p2a: Grafaiai|Switcheroo|p1a: Ferrus Manus
|-activate|p2a: Grafaiai|move: Trick|[of] p1a: Ferrus Manus
|-item|p1a: Ferrus Manus|Choice Band|[from] move: Switcheroo
|-item|p2a: Grafaiai|Leftovers|[from] move: Switcheroo
|
|-weather|Sandstorm|[upkeep]
|-damage|p2a: Grafaiai|89/100|[from] Sandstorm
|-heal|p2a: Grafaiai|95/100|[from] item: Leftovers
|upkeep
|turn|4
|
|t:|1779640000
|move|p2a: Grafaiai|Parting Shot|p1a: Ferrus Manus
|-unboost|p1a: Ferrus Manus|atk|1
|-unboost|p1a: Ferrus Manus|spa|1
|
|t:|1779640005
|switch|p2a: Donphan|Donphan, F|100/100|[from] Parting Shot
|move|p1a: Ferrus Manus|Earthquake|p2a: Donphan
|-damage|p2a: Donphan|66/100
|
|-weather|Sandstorm|[upkeep]
|-heal|p2a: Donphan|72/100|[from] item: Leftovers
|upkeep
|turn|5
|
|t:|1779640018
|switch|p1a: Invincible|Gliscor, F, shiny|76/100
|move|p2a: Donphan|Stealth Rock|p1a: Invincible
|-sidestart|p1: CopperCorndog|move: Stealth Rock
|
|-weather|Sandstorm|[upkeep]
|-heal|p2a: Donphan|78/100|[from] item: Leftovers
|upkeep
|turn|6
|
|t:|1779640029
|move|p1a: Invincible|Swords Dance|p1a: Invincible
|-boost|p1a: Invincible|atk|2
|move|p2a: Donphan|Rapid Spin|p1a: Invincible
|-damage|p1a: Invincible|67/100
|-boost|p2a: Donphan|spe|1
|
|-weather|Sandstorm|[upkeep]
|-heal|p2a: Donphan|85/100|[from] item: Leftovers
|upkeep
|turn|7
|
|t:|1779640043
|move|p1a: Invincible|Knock Off|p2a: Donphan
|-damage|p2a: Donphan|58/100
|-enditem|p2a: Donphan|Leftovers|[from] move: Knock Off|[of] p1a: Invincible
|move|p2a: Donphan|Knock Off|p1a: Invincible
|-damage|p1a: Invincible|56/100
|
|-weather|Sandstorm|[upkeep]
|upkeep
|turn|8
|
|t:|1779640055
|move|p1a: Invincible|Toxic|p2a: Donphan
|-status|p2a: Donphan|tox
|move|p2a: Donphan|Knock Off|p1a: Invincible
|-damage|p1a: Invincible|47/100
|
|-weather|none
|-damage|p2a: Donphan|52/100 tox|[from] psn
|upkeep
|turn|9
|
|t:|1779640074
|switch|p1a: Subway Slammer|Tyranitar, M, shiny|100/100
|-damage|p1a: Subway Slammer|88/100|[from] Stealth Rock
|-weather|Sandstorm|[from] ability: Sand Stream|[of] p1a: Subway Slammer
|move|p2a: Donphan|Knock Off|p1a: Subway Slammer
|-resisted|p1a: Subway Slammer
|-damage|p1a: Subway Slammer|79/100
|-enditem|p1a: Subway Slammer|Smooth Rock|[from] move: Knock Off|[of] p2a: Donphan
|
|-weather|Sandstorm|[upkeep]
|-damage|p2a: Donphan|40/100 tox|[from] psn
|upkeep
|turn|10
|
|t:|1779640086
|move|p2a: Donphan|Bulldoze|p1a: Subway Slammer
|-supereffective|p1a: Subway Slammer
|-damage|p1a: Subway Slammer|40/100
|-unboost|p1a: Subway Slammer|spe|1
|move|p1a: Subway Slammer|Ice Beam|p2a: Donphan
|-supereffective|p2a: Donphan
|-damage|p2a: Donphan|0 fnt
|faint|p2a: Donphan
|
|-weather|Sandstorm|[upkeep]
|upkeep
|
|t:|1779640102
|switch|p2a: Lilligant|Lilligant, F|100/100
|turn|11
|
|t:|1779640113
|switch|p1a: Coxless Pair|Landorus-Therian, M|100/100
|-damage|p1a: Coxless Pair|88/100|[from] Stealth Rock
|-ability|p1a: Coxless Pair|Intimidate|boost
|-fail|p2a: Lilligant|unboost|Attack|[from] ability: Own Tempo|[of] p2a: Lilligant
|move|p2a: Lilligant|Stun Spore|p1a: Coxless Pair
|-status|p1a: Coxless Pair|par
|
|-weather|Sandstorm|[upkeep]
|-damage|p2a: Lilligant|94/100|[from] Sandstorm
|upkeep
|turn|12
|
|t:|1779640125
|move|p2a: Lilligant|Petal Dance|p1a: Coxless Pair
|-damage|p1a: Coxless Pair|14/100 par
|move|p1a: Coxless Pair|U-turn|p2a: Lilligant
|-supereffective|p2a: Lilligant
|-damage|p2a: Lilligant|16/100
|
|t:|1779640132
|switch|p1a: Ferrus Manus|Excadrill, M|100/100|[from] U-turn
|-damage|p1a: Ferrus Manus|97/100|[from] Stealth Rock
|
|-weather|Sandstorm|[upkeep]
|-damage|p2a: Lilligant|10/100|[from] Sandstorm
|upkeep
|turn|13
|
|t:|1779640142
|move|p1a: Ferrus Manus|Rapid Spin|p2a: Lilligant
|-damage|p2a: Lilligant|0 fnt
|-boost|p1a: Ferrus Manus|spe|1
|-sideend|p1: CopperCorndog|Stealth Rock|[from] move: Rapid Spin|[of] p1a: Ferrus Manus
|faint|p2a: Lilligant
|
|-weather|Sandstorm|[upkeep]
|upkeep
|
|t:|1779640150
|switch|p2a: Grafaiai|Grafaiai, F|95/100
|turn|14
|
|t:|1779640159
|switch|p1a: Coxless Pair|Landorus-Therian, M|14/100 par
|-ability|p1a: Coxless Pair|Intimidate|boost
|-unboost|p2a: Grafaiai|atk|1
|move|p2a: Grafaiai|Parting Shot|p1a: Coxless Pair
|-unboost|p1a: Coxless Pair|atk|1
|-unboost|p1a: Coxless Pair|spa|1
|
|t:|1779640166
|switch|p2a: Feraligatr|Feraligatr, F|100/100|[from] Parting Shot
|
|-weather|Sandstorm|[upkeep]
|-damage|p2a: Feraligatr|94/100|[from] Sandstorm
|upkeep
|turn|15
|
|t:|1779640173
|move|p2a: Feraligatr|Dragon Dance|p2a: Feraligatr
|-boost|p2a: Feraligatr|atk|1
|-boost|p2a: Feraligatr|spe|1
|move|p1a: Coxless Pair|U-turn|p2a: Feraligatr
|-damage|p2a: Feraligatr|74/100
|
|t:|1779640179
|switch|p1a: Triple T|Gholdengo, shiny|100/100|[from] U-turn
|
|-weather|Sandstorm|[upkeep]
|-damage|p2a: Feraligatr|68/100|[from] Sandstorm
|upkeep
|turn|16
|
|t:|1779640188
|move|p1a: Triple T|Thunderbolt|p2a: Feraligatr
|-supereffective|p2a: Feraligatr
|-damage|p2a: Feraligatr|0 fnt
|faint|p2a: Feraligatr
|
|-weather|none
|upkeep
|
|t:|1779640195
|switch|p2a: Sylveon|Sylveon, F|100/100
|turn|17
|
|t:|1779640202
|switch|p1a: Subway Slammer|Tyranitar, M, shiny|40/100
|-weather|Sandstorm|[from] ability: Sand Stream|[of] p1a: Subway Slammer
|move|p2a: Sylveon|Hyper Voice|p1a: Subway Slammer
|-supereffective|p1a: Subway Slammer
|-damage|p1a: Subway Slammer|0 fnt
|faint|p1a: Subway Slammer
|
|-weather|Sandstorm|[upkeep]
|-damage|p2a: Sylveon|94/100|[from] Sandstorm
|-heal|p2a: Sylveon|100/100|[from] item: Leftovers
|upkeep
|
|t:|1779640208
|switch|p1a: Ferrus Manus|Excadrill, M|97/100
|turn|18
|
|t:|1779640216
|move|p1a: Ferrus Manus|Iron Head|p2a: Sylveon
|-supereffective|p2a: Sylveon
|-damage|p2a: Sylveon|0 fnt
|faint|p2a: Sylveon
|
|-weather|Sandstorm|[upkeep]
|upkeep
|
|t:|1779640227
|switch|p2a: Grafaiai|Grafaiai, F|95/100
|turn|19
|
|t:|1779640232
|move|p2a: Grafaiai|Parting Shot|p1a: Ferrus Manus
|-unboost|p1a: Ferrus Manus|atk|1
|-unboost|p1a: Ferrus Manus|spa|1
|
|t:|1779640235
|switch|p2a: Magneton|Magneton|100/100|[from] Parting Shot
|move|p1a: Ferrus Manus|Iron Head|p2a: Magneton
|-resisted|p2a: Magneton
|-damage|p2a: Magneton|92/100
|
|-weather|Sandstorm|[upkeep]
|upkeep
|turn|20
|
|t:|1779640248
|move|p1a: Ferrus Manus|Iron Head|p2a: Magneton
|-resisted|p2a: Magneton
|-damage|p2a: Magneton|82/100
|move|p2a: Magneton|Flash Cannon|p1a: Ferrus Manus
|-resisted|p1a: Ferrus Manus
|-damage|p1a: Ferrus Manus|67/100
|
|-weather|Sandstorm|[upkeep]
|upkeep
|turn|21
|
|t:|1779640256
|move|p1a: Ferrus Manus|Iron Head|p2a: Magneton
|-resisted|p2a: Magneton
|-damage|p2a: Magneton|73/100
|move|p2a: Magneton|Tri Attack|p1a: Ferrus Manus
|-resisted|p1a: Ferrus Manus
|-damage|p1a: Ferrus Manus|47/100
|
|-weather|none
|upkeep
|turn|22
|
|t:|1779640266
|move|p1a: Ferrus Manus|Iron Head|p2a: Magneton
|-resisted|p2a: Magneton
|-damage|p2a: Magneton|64/100
|move|p2a: Magneton|Tri Attack|p1a: Ferrus Manus
|-resisted|p1a: Ferrus Manus
|-damage|p1a: Ferrus Manus|27/100
|-status|p1a: Ferrus Manus|brn
|
|-damage|p1a: Ferrus Manus|21/100 brn|[from] brn
|upkeep
|turn|23
|
|t:|1779640278
|move|p1a: Ferrus Manus|Iron Head|p2a: Magneton
|-resisted|p2a: Magneton
|-damage|p2a: Magneton|59/100
|cant|p2a: Magneton|flinch
|
|-damage|p1a: Ferrus Manus|15/100 brn|[from] brn
|upkeep
|turn|24
|
|t:|1779640286
|move|p1a: Ferrus Manus|Iron Head|p2a: Magneton
|-resisted|p2a: Magneton
|-damage|p2a: Magneton|54/100
|move|p2a: Magneton|Flash Cannon|p1a: Ferrus Manus
|-resisted|p1a: Ferrus Manus
|-damage|p1a: Ferrus Manus|0 fnt
|faint|p1a: Ferrus Manus
|
|upkeep
|
|t:|1779640296
|switch|p1a: Triple T|Gholdengo, shiny|100/100
|turn|25
|
|t:|1779640300
|move|p1a: Triple T|Shadow Ball|p2a: Magneton
|-damage|p2a: Magneton|8/100
|move|p2a: Magneton|Volt Switch|p1a: Triple T
|-damage|p1a: Triple T|59/100
|
|t:|1779640306
|switch|p2a: Grafaiai|Grafaiai, F|95/100|[from] Volt Switch
|
|-heal|p2a: Grafaiai|100/100|[from] item: Leftovers
|upkeep
|turn|26
|
|t:|1779640314
|switch|p1a: Coxless Pair|Landorus-Therian, M|14/100 par
|-ability|p1a: Coxless Pair|Intimidate|boost
|-unboost|p2a: Grafaiai|atk|1
|move|p2a: Grafaiai|Parting Shot|p1a: Coxless Pair
|-unboost|p1a: Coxless Pair|atk|1
|-unboost|p1a: Coxless Pair|spa|1
|
|t:|1779640321
|switch|p2a: Magneton|Magneton|8/100|[from] Parting Shot
|
|upkeep
|turn|27
|
|t:|1779640327
|move|p1a: Coxless Pair|Earthquake|p2a: Magneton
|-supereffective|p2a: Magneton
|-damage|p2a: Magneton|0 fnt
|faint|p2a: Magneton
|
|upkeep
|
|t:|1779640332
|switch|p2a: Grafaiai|Grafaiai, F|100/100
|turn|28
|
|t:|1779640337
|move|p2a: Grafaiai|Gunk Shot|p1a: Coxless Pair
|-resisted|p1a: Coxless Pair
|-damage|p1a: Coxless Pair|0 fnt
|faint|p1a: Coxless Pair
|
|upkeep
|
|t:|1779640342
|switch|p1a: Triple T|Gholdengo, shiny|59/100
|turn|29
|
|t:|1779640347
|move|p1a: Triple T|Psychic|p2a: Grafaiai
|-supereffective|p2a: Grafaiai
|-damage|p2a: Grafaiai|0 fnt
|faint|p2a: Grafaiai
|
|win|CopperCorndog
|raw|CopperCorndog's rating: 1145 &rarr; <strong>1167</strong><br />(+22 for winning)
|raw|ju2508's rating: 1105 &rarr; <strong>1083</strong><br />(-22 for losing)
|l|☆ju2508
|player|p2|
|l|☆CopperCorndog
|player|p1|
