|j|☆angelmayo7910
|j|☆ig4777
|t:|1779599045
|gametype|singles
|player|p1|angelmayo7910|waiter|1217
|player|p2|ig4777|lance|1115
|gen|9
|tier|[Gen 9] OU
|rated|
|rule|HP Percentage Mod: HP is shown in percentages
|rule|Endless Battle Clause: Forcing endless battles is banned
|rule|Species Clause: Limit one of each Pokémon
|rule|OHKO Clause: OHKO moves are banned
|rule|Evasion Items Clause: Evasion items are banned
|rule|Evasion Moves Clause: Evasion moves are banned
|rule|Evasion Abilities Clause: Evasion abilities are banned
|rule|Sleep Moves Clause: Sleep-inducing moves are banned
|clearpoke
|poke|p1|Ceruledge, M|
|poke|p1|Pecharunt|
|poke|p1|Dragapult, F|
|poke|p1|Tyranitar, M|
|poke|p1|Iron Treads|
|poke|p1|Samurott-Hisui, M|
|poke|p2|Arcanine-Hisui, M|
|poke|p2|Kingambit, F|
|poke|p2|Great Tusk|
|poke|p2|Jirachi|
|poke|p2|Lokix, M|
|poke|p2|Klefki, M|
|teampreview
|
|t:|1779599067
|teamsize|p1|6
|teamsize|p2|6
|start
|switch|p1a: Samurott|Samurott-Hisui, M, shiny|100/100
|switch|p2a: Lokix|Lokix, M|100/100
|turn|1
|inactive|Battle timer is ON: inactive players will automatically lose when time's up. (requested by ig4777)
|
|t:|1779599074
|move|p2a: Lokix|First Impression|p1a: Samurott
|-supereffective|p1a: Samurott
|-enditem|p1a: Samurott|Focus Sash
|-damage|p1a: Samurott|1/100
|-damage|p2a: Lokix|91/100|[from] item: Life Orb
|move|p1a: Samurott|Knock Off|p2a: Lokix
|-resisted|p2a: Lokix
|-damage|p2a: Lokix|58/100
|-enditem|p2a: Lokix|Life Orb|[from] move: Knock Off|[of] p1a: Samurott
|
|upkeep
|turn|2
|
|t:|1779599086
|move|p1a: Samurott|Aqua Jet|p2a: Lokix
|-damage|p2a: Lokix|28/100
|move|p2a: Lokix|U-turn|p1a: Samurott
|-supereffective|p1a: Samurott
|-damage|p1a: Samurott|0 fnt
|faint|p1a: Samurott
|
|t:|1779599099
|switch|p2a: Great Tusk|Great Tusk|100/100|[from] U-turn
|
|upkeep
|
|t:|1779599107
|switch|p1a: Pecharunt|Pecharunt|100/100
|turn|3
|
|t:|1779599112
|move|p2a: Great Tusk|Headlong Rush|p1a: Pecharunt
|-supereffective|p1a: Pecharunt
|-crit|p1a: Pecharunt
|-damage|p1a: Pecharunt|5/100
|-unboost|p2a: Great Tusk|def|1
|-unboost|p2a: Great Tusk|spd|1
|move|p1a: Pecharunt|Malignant Chain|p2a: Great Tusk
|-resisted|p2a: Great Tusk
|-damage|p2a: Great Tusk|75/100
|
|upkeep
|turn|4
|
|t:|1779599126
|move|p2a: Great Tusk|Headlong Rush|p1a: Pecharunt
|-supereffective|p1a: Pecharunt
|-damage|p1a: Pecharunt|0 fnt
|-unboost|p2a: Great Tusk|def|1
|-unboost|p2a: Great Tusk|spd|1
|faint|p1a: Pecharunt
|
|upkeep
|
|t:|1779599135
|switch|p1a: Ceruledge|Ceruledge, M|100/100
|turn|5
|
|t:|1779599140
|move|p1a: Ceruledge|Shadow Sneak|p2a: Great Tusk
|-damage|p2a: Great Tusk|38/100
|-damage|p1a: Ceruledge|91/100|[from] item: Life Orb
|move|p2a: Great Tusk|Headlong Rush|p1a: Ceruledge
|-supereffective|p1a: Ceruledge
|-damage|p1a: Ceruledge|0 fnt
|-unboost|p2a: Great Tusk|def|1
|-unboost|p2a: Great Tusk|spd|1
|faint|p1a: Ceruledge
|
|upkeep
|c|☆ig4777|bro
|
|t:|1779599152
|switch|p1a: Iron Treads|Iron Treads|100/100
|turn|6
|
|t:|1779599166
|move|p1a: Iron Treads|Knock Off|p2a: Great Tusk
|-resisted|p2a: Great Tusk
|-damage|p2a: Great Tusk|8/100
|-enditem|p2a: Great Tusk|Assault Vest|[from] move: Knock Off|[of] p1a: Iron Treads
|move|p2a: Great Tusk|Headlong Rush|p1a: Iron Treads
|-supereffective|p1a: Iron Treads
|-damage|p1a: Iron Treads|0 fnt
|-unboost|p2a: Great Tusk|def|1
|-unboost|p2a: Great Tusk|spd|1
|faint|p1a: Iron Treads
|-end|p1a: Iron Treads|Quark Drive|[silent]
|
|upkeep
|c|☆ig4777|bruh
|
|t:|1779599178
|switch|p1a: Dragapult|Dragapult, F, shiny|100/100
|turn|7
|
|t:|1779599183
|move|p1a: Dragapult|Dragon Darts|p2a: Great Tusk
|-damage|p2a: Great Tusk|0 fnt
|faint|p2a: Great Tusk
|-end|p2a: Great Tusk|Protosynthesis|[silent]
|-damage|p1a: Dragapult|91/100|[from] item: Life Orb
|
|upkeep
|
|t:|1779599187
|switch|p2a: Klefki|Klefki, M|100/100
|turn|8
|
|t:|1779599191
|move|p2a: Klefki|Thunder Wave|p1a: Dragapult
|-status|p1a: Dragapult|par
|move|p1a: Dragapult|Fire Blast|p2a: Klefki
|-supereffective|p2a: Klefki
|-damage|p2a: Klefki|2/100
|-damage|p1a: Dragapult|81/100 par|[from] item: Life Orb
|
|-heal|p2a: Klefki|8/100|[from] item: Leftovers
|upkeep
|turn|9
|
|t:|1779599205
|switch|p2a: Arcanine|Arcanine-Hisui, M|100/100
|move|p1a: Dragapult|Shadow Ball|p2a: Arcanine
|-damage|p2a: Arcanine|39/100
|-damage|p1a: Dragapult|71/100 par|[from] item: Life Orb
|
|upkeep
|turn|10
|
|t:|1779599214
|move|p2a: Arcanine|Head Smash|p1a: Dragapult
|-damage|p1a: Dragapult|0 fnt
|faint|p1a: Dragapult
|
|upkeep
|
|t:|1779599219
|switch|p1a: Tyranitar|Tyranitar, M|100/100
|-weather|Sandstorm|[from] ability: Sand Stream|[of] p1a: Tyranitar
|turn|11
|
|t:|1779599226
|move|p2a: Arcanine|Head Smash|p1a: Tyranitar
|-damage|p1a: Tyranitar|38/100
|move|p1a: Tyranitar|Knock Off|p2a: Arcanine
|-damage|p2a: Arcanine|0 fnt
|-enditem|p2a: Arcanine|Choice Scarf|[from] move: Knock Off|[of] p1a: Tyranitar
|faint|p2a: Arcanine
|
|-weather|Sandstorm|[upkeep]
|-heal|p1a: Tyranitar|44/100|[from] item: Leftovers
|upkeep
|
|t:|1779599231
|switch|p2a: Lokix|Lokix, M|28/100
|turn|12
|
|t:|1779599241
|move|p2a: Lokix|First Impression|p1a: Tyranitar
|-supereffective|p1a: Tyranitar
|-damage|p1a: Tyranitar|0 fnt
|faint|p1a: Tyranitar
|
|win|ig4777
|raw|angelmayo7910's rating: 1217 &rarr; <strong>1185</strong><br />(-32 for losing)
|raw|ig4777's rating: 1115 &rarr; <strong>1147</strong><br />(+32 for winning)
|l|☆angelmayo7910
|player|p1|
|l|☆ig4777
|player|p2|
