|j|☆AbSolitaire
|j|☆ohko by scald
|t:|1779616578
|gametype|singles
|player|p1|AbSolitaire|policeman-gen4|1328
|player|p2|ohko by scald|roxie-masters|1404
|gen|9
|tier|[Gen 9] OU
|rated|
|rule|HP Percentage Mod: HP is shown in percentages
|rule|Endless Battle Clause: Forcing endless battles is banned
|rule|Species Clause: Limit one of each Pokémon
|rule|OHKO Clause: OHKO moves are banned
|rule|Evasion Items Clause: Evasion items are banned
|rule|Evasion Moves Clause: Evasion moves are banned
|rule|Evasion Abilities Clause: Evasion abilities are banned
|rule|Sleep Moves Clause: Sleep-inducing moves are banned
|clearpoke
|poke|p1|Kyurem|
|poke|p1|Cobalion|
|poke|p1|Leavanny, F|
|poke|p1|Primarina, F|
|poke|p1|Chandelure, M|
|poke|p1|Komala, F|
|poke|p2|Samurott-Hisui, M|
|poke|p2|Great Tusk|
|poke|p2|Alomomola, F|
|poke|p2|Toxtricity, F|
|poke|p2|Slowking-Galar, M|
|poke|p2|Dragapult, F|
|teampreview
|inactive|Battle timer is ON: inactive players will automatically lose when time's up. (requested by ohko by scald)
|inactive|AbSolitaire also wants the timer to be on.
|
|t:|1779616606
|teamsize|p1|6
|teamsize|p2|6
|start
|switch|p1a: Leavanny|Leavanny, F|100/100
|switch|p2a: Toxtricity|Toxtricity, F|100/100
|turn|1
|
|t:|1779616609
|move|p1a: Leavanny|Sticky Web|p2a: Toxtricity
|-sidestart|p2: ohko by scald|move: Sticky Web
|move|p2a: Toxtricity|Shift Gear|p2a: Toxtricity
|-boost|p2a: Toxtricity|spe|2
|-boost|p2a: Toxtricity|atk|1
|
|upkeep
|turn|2
|inactive|AbSolitaire has 120 seconds left.
|inactive|AbSolitaire has 90 seconds left.
|
|t:|1779616677
|switch|p1a: Komala|Komala, F|100/100
|-ability|p1a: Komala|Comatose
|move|p2a: Toxtricity|Boomburst|p1a: Komala
|-damage|p1a: Komala|8/100
|-damage|p2a: Toxtricity|91/100|[from] item: Life Orb
|
|upkeep
|turn|3
|
|t:|1779616687
|move|p2a: Toxtricity|Boomburst|p1a: Komala
|-damage|p1a: Komala|0 fnt
|faint|p1a: Komala
|-damage|p2a: Toxtricity|81/100|[from] item: Life Orb
|
|upkeep
|
|t:|1779616690
|switch|p1a: Primarina|Primarina, F|100/100
|turn|4
|
|t:|1779616699
|-terastallize|p1a: Primarina|Poison
|move|p2a: Toxtricity|Overdrive|p1a: Primarina
|-damage|p1a: Primarina|61/100
|-damage|p2a: Toxtricity|71/100|[from] item: Life Orb
|move|p1a: Primarina|Surf|p2a: Toxtricity
|-damage|p2a: Toxtricity|0 fnt
|faint|p2a: Toxtricity
|
|upkeep
|
|t:|1779616723
|switch|p2a: Samurott|Samurott-Hisui, M|100/100
|-activate|p2a: Samurott|move: Sticky Web
|-unboost|p2a: Samurott|spe|1
|turn|5
|inactive|AbSolitaire has 90 seconds left.
|
|t:|1779616759
|move|p1a: Primarina|Energy Ball|p2a: Samurott
|-supereffective|p2a: Samurott
|-damage|p2a: Samurott|56/100
|-unboost|p2a: Samurott|spd|1
|move|p2a: Samurott|Ceaseless Edge|p1a: Primarina
|-damage|p1a: Primarina|12/100
|-sidestart|p1: AbSolitaire|Spikes
|
|upkeep
|turn|6
|inactive|AbSolitaire has 90 seconds left.
|
|t:|1779616768
|move|p2a: Samurott|Sucker Punch|p1a: Primarina
|-damage|p1a: Primarina|0 fnt
|faint|p1a: Primarina
|
|upkeep
|inactive|AbSolitaire has 90 seconds left.
|
|t:|1779616774
|switch|p1a: Cobalion|Cobalion, shiny|100/100
|-damage|p1a: Cobalion|88/100|[from] Spikes
|turn|7
|
|t:|1779616779
|switch|p2a: Great Tusk|Great Tusk|100/100
|move|p1a: Cobalion|Thunder Wave|p2a: Great Tusk
|-immune|p2a: Great Tusk
|
|-heal|p1a: Cobalion|94/100|[from] item: Leftovers
|upkeep
|turn|8
|
|t:|1779616791
|move|p2a: Great Tusk|Headlong Rush|p1a: Cobalion
|-supereffective|p1a: Cobalion
|-damage|p1a: Cobalion|32/100
|-unboost|p2a: Great Tusk|def|1
|-unboost|p2a: Great Tusk|spd|1
|move|p1a: Cobalion|Iron Defense|p1a: Cobalion
|-boost|p1a: Cobalion|def|2
|
|-heal|p1a: Cobalion|38/100|[from] item: Leftovers
|upkeep
|turn|9
|
|t:|1779616797
|move|p2a: Great Tusk|Headlong Rush|p1a: Cobalion
|-supereffective|p1a: Cobalion
|-damage|p1a: Cobalion|3/100
|-unboost|p2a: Great Tusk|def|1
|-unboost|p2a: Great Tusk|spd|1
|move|p1a: Cobalion|Body Press|p2a: Great Tusk
|-damage|p2a: Great Tusk|0 fnt
|faint|p2a: Great Tusk
|-end|p2a: Great Tusk|Protosynthesis|[silent]
|
|-heal|p1a: Cobalion|10/100|[from] item: Leftovers
|upkeep
|
|t:|1779616806
|switch|p2a: Dragapult|Dragapult, F|100/100
|turn|10
|
|t:|1779616809
|move|p2a: Dragapult|Hex|p1a: Cobalion
|-damage|p1a: Cobalion|0 fnt
|faint|p1a: Cobalion
|
|upkeep
|
|t:|1779616814
|switch|p1a: Chandelure|Chandelure, M|100/100
|-damage|p1a: Chandelure|88/100|[from] Spikes
|turn|11
|
|t:|1779616822
|switch|p2a: Samurott|Samurott-Hisui, M|56/100
|-activate|p2a: Samurott|move: Sticky Web
|-unboost|p2a: Samurott|spe|1
|move|p1a: Chandelure|Shadow Ball|p2a: Samurott
|-resisted|p2a: Samurott
|-damage|p2a: Samurott|39/100
|
|upkeep
|turn|12
|
|t:|1779616834
|switch|p1a: Leavanny|Leavanny, F|100/100
|-damage|p1a: Leavanny|88/100|[from] Spikes
|move|p2a: Samurott|Knock Off|p1a: Leavanny
|-damage|p1a: Leavanny|24/100
|-enditem|p1a: Leavanny|Focus Sash|[from] move: Knock Off|[of] p2a: Samurott
|
|upkeep
|turn|13
|inactive|AbSolitaire has 120 seconds left.
|
|t:|1779616871
|move|p2a: Samurott|Sucker Punch|p1a: Leavanny
|-damage|p1a: Leavanny|0 fnt
|faint|p1a: Leavanny
|
|upkeep
|
|t:|1779616880
|switch|p1a: Kyurem|Kyurem|100/100
|-damage|p1a: Kyurem|88/100|[from] Spikes
|-ability|p1a: Kyurem|Pressure
|turn|14
|
|t:|1779616889
|switch|p2a: Slowking|Slowking-Galar, M|100/100
|move|p1a: Kyurem|Freeze-Dry|p2a: Slowking
|-damage|p2a: Slowking|70/100
|
|upkeep
|turn|15
|inactive|AbSolitaire has 120 seconds left.
|
|t:|1779616910
|switch|p1a: Chandelure|Chandelure, M|88/100
|-damage|p1a: Chandelure|76/100|[from] Spikes
|move|p2a: Slowking|Thunder Wave|p1a: Chandelure
|-status|p1a: Chandelure|par
|
|upkeep
|turn|16
|
|t:|1779616922
|move|p1a: Chandelure|Shadow Ball|p2a: Slowking
|-supereffective|p2a: Slowking
|-damage|p2a: Slowking|20/100
|-prepare|p2a: Slowking|Chilly Reception|[premajor]
|move|p2a: Slowking|Chilly Reception|p2a: Slowking
|-weather|Snowscape
|
|t:|1779616926
|switch|p2a: Dragapult|Dragapult, F|100/100|[from] Chilly Reception
|
|-weather|Snowscape|[upkeep]
|upkeep
|turn|17
|inactive|AbSolitaire has 120 seconds left.
|
|t:|1779616952
|move|p2a: Dragapult|Hex|p1a: Chandelure
|-supereffective|p1a: Chandelure
|-damage|p1a: Chandelure|0 fnt
|faint|p1a: Chandelure
|
|-weather|Snowscape|[upkeep]
|upkeep
|
|t:|1779616955
|switch|p1a: Kyurem|Kyurem|88/100
|-damage|p1a: Kyurem|76/100|[from] Spikes
|-ability|p1a: Kyurem|Pressure
|turn|18
|
|t:|1779616966
|move|p2a: Dragapult|U-turn|p1a: Kyurem
|-damage|p1a: Kyurem|65/100
|
|t:|1779616970
|switch|p2a: Slowking|Slowking-Galar, M|53/100|[from] U-turn
|move|p1a: Kyurem|Freeze-Dry|p2a: Slowking
|-damage|p2a: Slowking|20/100
|-status|p2a: Slowking|frz
|
|-weather|Snowscape|[upkeep]
|upkeep
|turn|19
|
|t:|1779616979
|switch|p2a: Alomomola|Alomomola, F|100/100
|-activate|p2a: Alomomola|move: Sticky Web
|-unboost|p2a: Alomomola|spe|1
|move|p1a: Kyurem|Freeze-Dry|p2a: Alomomola
|-supereffective|p2a: Alomomola
|-damage|p2a: Alomomola|0 fnt
|faint|p2a: Alomomola
|
|-weather|Snowscape|[upkeep]
|upkeep
|
|t:|1779616986
|switch|p2a: Samurott|Samurott-Hisui, M|39/100
|-activate|p2a: Samurott|move: Sticky Web
|-unboost|p2a: Samurott|spe|1
|turn|20
|
|t:|1779616990
|move|p2a: Samurott|Sucker Punch|p1a: Kyurem
|-damage|p1a: Kyurem|46/100
|move|p1a: Kyurem|Freeze-Dry|p2a: Samurott
|-supereffective|p2a: Samurott
|-damage|p2a: Samurott|0 fnt
|faint|p2a: Samurott
|
|-weather|none
|upkeep
|
|t:|1779616994
|switch|p2a: Dragapult|Dragapult, F|100/100
|turn|21
|
|t:|1779616997
|move|p2a: Dragapult|Dragon Darts|p1a: Kyurem
|-supereffective|p1a: Kyurem
|-damage|p1a: Kyurem|4/100
|-anim|p2a: Dragapult|Dragon Darts|p1a: Kyurem
|-supereffective|p1a: Kyurem
|-damage|p1a: Kyurem|0 fnt
|faint|p1a: Kyurem
|
|win|ohko by scald
|raw|AbSolitaire's rating: 1328 &rarr; <strong>1312</strong><br />(-16 for losing)
|raw|ohko by scald's rating: 1404 &rarr; <strong>1420</strong><br />(+16 for winning)
|l|☆AbSolitaire
|player|p1|
|l|☆ohko by scald
|player|p2|
