|j|☆claudechamp
|j|☆puffygirl18
|t:|1779575519
|gametype|singles
|player|p1|claudechamp|101|1171
|player|p2|puffygirl18|dawn|1220
|gen|9
|tier|[Gen 9] OU
|rated|
|rule|HP Percentage Mod: HP is shown in percentages
|rule|Endless Battle Clause: Forcing endless battles is banned
|rule|Species Clause: Limit one of each Pokémon
|rule|OHKO Clause: OHKO moves are banned
|rule|Evasion Items Clause: Evasion items are banned
|rule|Evasion Moves Clause: Evasion moves are banned
|rule|Evasion Abilities Clause: Evasion abilities are banned
|rule|Sleep Moves Clause: Sleep-inducing moves are banned
|clearpoke
|poke|p1|Gliscor, M|
|poke|p1|Ogerpon, F|
|poke|p1|Walking Wake|
|poke|p1|Blissey, F|
|poke|p1|Corviknight, M|
|poke|p1|Pecharunt|
|poke|p2|Zoroark-Hisui, F|
|poke|p2|Ditto|
|poke|p2|Toxapex, F|
|poke|p2|Great Tusk|
|poke|p2|Corviknight, F|
|poke|p2|Iron Valiant|
|teampreview
|c|☆claudechamp|hf
|inactive|Battle timer is ON: inactive players will automatically lose when time's up. (requested by claudechamp)
|
|t:|1779575536
|teamsize|p1|6
|teamsize|p2|6
|start
|switch|p1a: Gliscor|Gliscor, M|100/100
|switch|p2a: Aspirador|Great Tusk|100/100
|turn|1
|
|t:|1779575542
|move|p2a: Aspirador|Trick|p1a: Gliscor
|-activate|p2a: Aspirador|move: Trick|[of] p1a: Gliscor
|-item|p1a: Gliscor|Choice Specs|[from] move: Trick
|-item|p2a: Aspirador|Toxic Orb|[from] move: Trick
|move|p1a: Gliscor|Spikes|p2a: Aspirador
|-sidestart|p2: puffygirl18|Spikes
|
|-status|p2a: Aspirador|tox|[from] item: Toxic Orb
|upkeep
|turn|2
|
|t:|1779575560
|switch|p1a: Walking Wake|Walking Wake|100/100
|-terastallize|p2a: Aspirador|Stellar
|move|p2a: Aspirador|Flamethrower|p1a: Walking Wake
|-resisted|p1a: Walking Wake
|-damage|p1a: Walking Wake|90/100
|
|-damage|p2a: Aspirador|95/100 tox|[from] psn
|upkeep
|turn|3
|
|t:|1779575581
|switch|p2a: Ventilador|Corviknight, F|100/100
|-ability|p2a: Ventilador|Pressure
|move|p1a: Walking Wake|Draco Meteor|p2a: Ventilador
|-resisted|p2a: Ventilador
|-crit|p2a: Ventilador
|-damage|p2a: Ventilador|51/100
|-unboost|p1a: Walking Wake|spa|2
|
|upkeep
|turn|4
|
|t:|1779575593
|-end|p1a: Walking Wake|Protosynthesis|[silent]
|switch|p1a: Gliscor|Gliscor, M|100/100
|move|p2a: Ventilador|Roost|p2a: Ventilador
|-heal|p2a: Ventilador|100/100
|-singleturn|p2a: Ventilador|move: Roost
|
|upkeep
|turn|5
|
|t:|1779575602
|move|p1a: Gliscor|Spikes|p2a: Ventilador
|-sidestart|p2: puffygirl18|Spikes
|move|p2a: Ventilador|Brave Bird|p1a: Gliscor
|-damage|p1a: Gliscor|73/100
|-damage|p2a: Ventilador|92/100|[from] Recoil
|
|upkeep
|turn|6
|
|t:|1779575609
|move|p1a: Gliscor|Spikes|p2a: Ventilador
|-sidestart|p2: puffygirl18|Spikes
|move|p2a: Ventilador|U-turn|p1a: Gliscor
|-resisted|p1a: Gliscor
|-damage|p1a: Gliscor|67/100
|
|t:|1779575626
|switch|p2a: Aspirador|Great Tusk|100/100|[from] U-turn
|-damage|p2a: Aspirador|76/100|[from] Spikes
|
|-heal|p2a: Aspirador|82/100|[from] item: Leftovers
|upkeep
|turn|7
|
|t:|1779575636
|switch|p1a: Walking Wake|Walking Wake|90/100
|move|p2a: Aspirador|Rapid Spin|p1a: Walking Wake
|-damage|p1a: Walking Wake|74/100
|-boost|p2a: Aspirador|spe|1
|-sideend|p2: puffygirl18|Spikes|[from] move: Rapid Spin|[of] p2a: Aspirador
|
|-heal|p2a: Aspirador|88/100|[from] item: Leftovers
|upkeep
|turn|8
|
|t:|1779575650
|-end|p2a: Aspirador|Protosynthesis|[silent]
|switch|p2a: Ventilador|Corviknight, F|92/100
|-ability|p2a: Ventilador|Pressure
|move|p1a: Walking Wake|Surf|p2a: Ventilador
|-damage|p2a: Ventilador|47/100
|
|upkeep
|turn|9
|
|t:|1779575659
|move|p1a: Walking Wake|Surf|p2a: Ventilador
|-damage|p2a: Ventilador|2/100
|move|p2a: Ventilador|Roost|p2a: Ventilador
|-heal|p2a: Ventilador|52/100
|-singleturn|p2a: Ventilador|move: Roost
|
|upkeep
|turn|10
|
|t:|1779575666
|-terastallize|p1a: Walking Wake|Water
|move|p1a: Walking Wake|Surf|p2a: Ventilador
|-damage|p2a: Ventilador|0 fnt
|faint|p2a: Ventilador
|
|upkeep
|
|t:|1779575674
|switch|p2a: BuffBoy|Ditto|100/100
|-transform|p2a: BuffBoy|p1a: Walking Wake|[from] ability: Imposter
|-start|p2a: BuffBoy|typechange|Water/Dragon|[silent]
|turn|11
|
|t:|1779575680
|move|p2a: BuffBoy|Draco Meteor|p1a: Walking Wake
|-damage|p1a: Walking Wake|0 fnt
|-unboost|p2a: BuffBoy|spa|2
|faint|p1a: Walking Wake
|-end|p1a: Walking Wake|Protosynthesis|[silent]
|
|upkeep
|
|t:|1779575686
|switch|p1a: Ogerpon|Ogerpon, F|100/100
|turn|12
|
|t:|1779575693
|-end|p2a: BuffBoy|Protosynthesis|[silent]
|switch|p2a: Aspirador|Great Tusk|88/100
|move|p1a: Ogerpon|Ivy Cudgel|p2a: Aspirador
|-supereffective|p2a: Aspirador
|-crit|p2a: Aspirador
|-damage|p2a: Aspirador|14/100
|
|-heal|p2a: Aspirador|21/100|[from] item: Leftovers
|upkeep
|turn|13
|
|t:|1779575717
|move|p1a: Ogerpon|Ivy Cudgel|p2a: Aspirador
|-supereffective|p2a: Aspirador
|-damage|p2a: Aspirador|0 fnt
|faint|p2a: Aspirador
|-end|p2a: Aspirador|Protosynthesis|[silent]
|
|upkeep
|
|t:|1779575725
|switch|p2a: BuffBoy|Ditto, tera:Stellar|95/100 tox
|turn|14
|
|t:|1779575729
|move|p2a: BuffBoy|Flamethrower|p1a: Ogerpon
|-supereffective|p1a: Ogerpon
|-damage|p1a: Ogerpon|24/100
|move|p1a: Ogerpon|Ivy Cudgel|p2a: BuffBoy
|-damage|p2a: BuffBoy|0 fnt
|replace|p2a: Toxapes|Zoroark-Hisui, F, shiny
|-end|p2a: Toxapes|Illusion
|faint|p2a: Toxapes
|
|upkeep
|
|t:|1779575739
|switch|p2a: Iron Valiant|Iron Valiant, shiny|100/100
|-enditem|p2a: Iron Valiant|Booster Energy
|-activate|p2a: Iron Valiant|ability: Quark Drive|[fromitem]
|-start|p2a: Iron Valiant|quarkdrivespe
|turn|15
|
|t:|1779575751
|switch|p1a: Pecharunt|Pecharunt|100/100
|move|p2a: Iron Valiant|Moonblast|p1a: Pecharunt
|-resisted|p1a: Pecharunt
|-damage|p1a: Pecharunt|76/100
|-unboost|p1a: Pecharunt|spa|1
|
|upkeep
|turn|16
|
|t:|1779575765
|move|p2a: Iron Valiant|Thunderbolt|p1a: Pecharunt
|-damage|p1a: Pecharunt|44/100
|move|p1a: Pecharunt|Malignant Chain|p2a: Iron Valiant
|-supereffective|p2a: Iron Valiant
|-damage|p2a: Iron Valiant|25/100
|
|upkeep
|turn|17
|
|t:|1779575775
|-end|p2a: Iron Valiant|Quark Drive|[silent]
|switch|p2a: Toxapex|Toxapex, F|100/100
|move|p1a: Pecharunt|Malignant Chain|p2a: Toxapex
|-resisted|p2a: Toxapex
|-damage|p2a: Toxapex|92/100
|
|-heal|p2a: Toxapex|98/100|[from] item: Black Sludge
|upkeep
|turn|18
|
|t:|1779575788
|move|p1a: Pecharunt|Recover|p1a: Pecharunt
|-heal|p1a: Pecharunt|94/100
|move|p2a: Toxapex|Sludge Bomb|p1a: Pecharunt
|-resisted|p1a: Pecharunt
|-damage|p1a: Pecharunt|90/100
|
|-heal|p2a: Toxapex|100/100|[from] item: Black Sludge
|upkeep
|turn|19
|
|t:|1779575800
|switch|p2a: Iron Valiant|Iron Valiant, shiny|25/100
|move|p1a: Pecharunt|Parting Shot|p2a: Iron Valiant
|-unboost|p2a: Iron Valiant|atk|1
|-unboost|p2a: Iron Valiant|spa|1
|
|t:|1779575804
|switch|p1a: Blissey|Blissey, F|100/100|[from] Parting Shot
|
|upkeep
|turn|20
|
|t:|1779575812
|move|p2a: Iron Valiant|Close Combat|p1a: Blissey
|-supereffective|p1a: Blissey
|-crit|p1a: Blissey
|-damage|p1a: Blissey|0 fnt
|-unboost|p2a: Iron Valiant|def|1
|-unboost|p2a: Iron Valiant|spd|1
|faint|p1a: Blissey
|
|upkeep
|
|t:|1779575816
|switch|p1a: Gliscor|Gliscor, M|67/100
|turn|21
|
|t:|1779575830
|move|p2a: Iron Valiant|Moonblast|p1a: Gliscor
|-damage|p1a: Gliscor|41/100
|move|p1a: Gliscor|Earthquake|p2a: Iron Valiant
|-damage|p2a: Iron Valiant|0 fnt
|faint|p2a: Iron Valiant
|-end|p2a: Iron Valiant|Quark Drive|[silent]
|
|upkeep
|
|t:|1779575841
|switch|p2a: Toxapex|Toxapex, F|100/100
|turn|22
|
|t:|1779575846
|move|p1a: Gliscor|Earthquake|p2a: Toxapex
|-supereffective|p2a: Toxapex
|-damage|p2a: Toxapex|58/100
|move|p2a: Toxapex|Sludge Bomb|p1a: Gliscor
|-resisted|p1a: Gliscor
|-damage|p1a: Gliscor|34/100
|
|-heal|p2a: Toxapex|65/100|[from] item: Black Sludge
|upkeep
|turn|23
|
|t:|1779575862
|move|p1a: Gliscor|Earthquake|p2a: Toxapex
|-supereffective|p2a: Toxapex
|-damage|p2a: Toxapex|23/100
|move|p2a: Toxapex|Recover|p2a: Toxapex
|-heal|p2a: Toxapex|73/100
|
|-heal|p2a: Toxapex|79/100|[from] item: Black Sludge
|upkeep
|turn|24
|
|t:|1779575871
|move|p1a: Gliscor|Earthquake|p2a: Toxapex
|-supereffective|p2a: Toxapex
|-damage|p2a: Toxapex|37/100
|move|p2a: Toxapex|Sludge Bomb|p1a: Gliscor
|-resisted|p1a: Gliscor
|-damage|p1a: Gliscor|26/100
|
|-heal|p2a: Toxapex|44/100|[from] item: Black Sludge
|upkeep
|turn|25
|
|t:|1779575881
|move|p1a: Gliscor|Earthquake|p2a: Toxapex
|-supereffective|p2a: Toxapex
|-damage|p2a: Toxapex|3/100
|move|p2a: Toxapex|Recover|p2a: Toxapex
|-heal|p2a: Toxapex|53/100
|
|-heal|p2a: Toxapex|60/100|[from] item: Black Sludge
|upkeep
|turn|26
|
|t:|1779575890
|move|p1a: Gliscor|Earthquake|p2a: Toxapex
|-supereffective|p2a: Toxapex
|-crit|p2a: Toxapex
|-damage|p2a: Toxapex|0 fnt
|faint|p2a: Toxapex
|
|upkeep
|
|t:|1779575895
|switch|p2a: BuffBoy|Ditto|100/100
|-transform|p2a: BuffBoy|p1a: Gliscor|[from] ability: Imposter
|turn|27
|
|t:|1779575907
|switch|p1a: Pecharunt|Pecharunt|90/100
|move|p2a: BuffBoy|Spikes|p1a: Pecharunt
|-sidestart|p1: claudechamp|Spikes
|
|upkeep
|turn|28
|-message|puffygirl18 forfeited.
|
|win|claudechamp
|raw|claudechamp's rating: 1193 &rarr; <strong>1220</strong><br />(+27 for winning)
|raw|puffygirl18's rating: 1220 &rarr; <strong>1193</strong><br />(-27 for losing)
|c|☆claudechamp|gg
|l|☆puffygirl18
|player|p2|
