|j|☆diegoparra27
|j|☆Luisowbro
|t:|1779620165
|gametype|singles
|player|p1|diegoparra27|265|1346
|player|p2|Luisowbro|ingo|1382
|gen|9
|tier|[Gen 9] OU
|rated|
|rule|HP Percentage Mod: HP is shown in percentages
|rule|Endless Battle Clause: Forcing endless battles is banned
|rule|Species Clause: Limit one of each Pokémon
|rule|OHKO Clause: OHKO moves are banned
|rule|Evasion Items Clause: Evasion items are banned
|rule|Evasion Moves Clause: Evasion moves are banned
|rule|Evasion Abilities Clause: Evasion abilities are banned
|rule|Sleep Moves Clause: Sleep-inducing moves are banned
|clearpoke
|poke|p1|Weezing-Galar, F|
|poke|p1|Gliscor, M|
|poke|p1|Blissey, F|
|poke|p1|Corviknight, M|
|poke|p1|Dondozo, F|
|poke|p1|Toxapex, F|
|poke|p2|Haxorus, M|
|poke|p2|Moltres-Galar|
|poke|p2|Volcanion|
|poke|p2|Ninetales-Alola, F|
|poke|p2|Corviknight, M|
|poke|p2|Gholdengo|
|teampreview
|inactive|Battle timer is ON: inactive players will automatically lose when time's up. (requested by Luisowbro)
|
|t:|1779620186
|teamsize|p1|6
|teamsize|p2|6
|start
|switch|p1a: Gliscor|Gliscor, M|100/100
|switch|p2a: Volcanion|Volcanion|100/100
|turn|1
|
|t:|1779620201
|move|p1a: Gliscor|Protect|p1a: Gliscor
|-singleturn|p1a: Gliscor|Protect
|move|p2a: Volcanion|Steam Eruption|p1a: Gliscor
|-activate|p1a: Gliscor|move: Protect
|
|-status|p1a: Gliscor|tox|[from] item: Toxic Orb
|upkeep
|turn|2
|
|t:|1779620209
|switch|p1a: Blissey|Blissey, F|100/100
|move|p2a: Volcanion|Sludge Bomb|p1a: Blissey
|-damage|p1a: Blissey|90/100
|-status|p1a: Blissey|psn
|
|-heal|p1a: Blissey|96/100 psn|[from] item: Leftovers
|-damage|p1a: Blissey|83/100 psn|[from] psn
|upkeep
|turn|3
|inactive|Luisowbro has 120 seconds left.
|
|t:|1779620239
|switch|p2a: Gholdengo|Gholdengo, shiny|100/100
|move|p1a: Blissey|Stealth Rock|p2a: Gholdengo
|-sidestart|p2: Luisowbro|move: Stealth Rock
|
|-heal|p1a: Blissey|90/100 psn|[from] item: Leftovers
|-damage|p1a: Blissey|77/100 psn|[from] psn
|upkeep
|turn|4
|
|t:|1779620248
|-curestatus|p1a: Blissey|psn|[from] ability: Natural Cure|[silent]
|switch|p1a: Toxapex|Toxapex, F|100/100
|move|p2a: Gholdengo|Trick|p1a: Toxapex
|-activate|p2a: Gholdengo|move: Trick|[of] p1a: Toxapex
|-item|p1a: Toxapex|Choice Scarf|[from] move: Trick
|-item|p2a: Gholdengo|Covert Cloak|[from] move: Trick
|
|upkeep
|turn|5
|inactive|Luisowbro has 120 seconds left.
|
|t:|1779620266
|switch|p2a: Corviknight|Corviknight, M, shiny|100/100
|-damage|p2a: Corviknight|88/100|[from] Stealth Rock
|switch|p1a: Blissey|Blissey, F|77/100
|
|-heal|p1a: Blissey|83/100|[from] item: Leftovers
|upkeep
|turn|6
|inactive|Luisowbro has 120 seconds left.
|
|t:|1779620288
|move|p2a: Corviknight|Defog|p1a: Blissey
|-unboost|p1a: Blissey|evasion|1
|-sideend|p2: Luisowbro|Stealth Rock|[from] move: Defog|[of] p2a: Corviknight
|move|p1a: Blissey|Seismic Toss|p2a: Corviknight
|-damage|p2a: Corviknight|63/100
|-damage|p1a: Blissey|67/100|[from] item: Rocky Helmet|[of] p2a: Corviknight
|
|-heal|p1a: Blissey|73/100|[from] item: Leftovers
|upkeep
|turn|7
|inactive|diegoparra27 has 120 seconds left.
|
|t:|1779620326
|switch|p1a: Corviknight|Corviknight, M|100/100
|-ability|p1a: Corviknight|Pressure
|move|p2a: Corviknight|Body Press|p1a: Corviknight
|-damage|p1a: Corviknight|84/100
|
|-heal|p1a: Corviknight|91/100|[from] item: Leftovers
|upkeep
|turn|8
|inactive|diegoparra27 has 120 seconds left.
|inactive|Luisowbro has 120 seconds left.
|
|t:|1779620336
|move|p1a: Corviknight|Iron Defense|p1a: Corviknight
|-boost|p1a: Corviknight|def|2
|move|p2a: Corviknight|U-turn|p1a: Corviknight
|-resisted|p1a: Corviknight
|-damage|p1a: Corviknight|89/100
|
|t:|1779620342
|switch|p2a: Volcanion|Volcanion|100/100|[from] U-turn
|
|-heal|p1a: Corviknight|96/100|[from] item: Leftovers
|upkeep
|turn|9
|inactive|Luisowbro has 120 seconds left.
|inactive|diegoparra27 has 120 seconds left.
|
|t:|1779620367
|-terastallize|p1a: Corviknight|Dragon
|move|p1a: Corviknight|Body Press|p2a: Volcanion
|-damage|p2a: Volcanion|61/100
|move|p2a: Volcanion|Flamethrower|p1a: Corviknight
|-resisted|p1a: Corviknight
|-damage|p1a: Corviknight|68/100
|
|-heal|p1a: Corviknight|74/100|[from] item: Leftovers
|upkeep
|turn|10
|inactive|diegoparra27 has 120 seconds left.
|inactive|Luisowbro has 120 seconds left.
|
|t:|1779620394
|switch|p2a: Ninetales|Ninetales-Alola, F, shiny|100/100
|-weather|Snowscape|[from] ability: Snow Warning|[of] p2a: Ninetales
|move|p1a: Corviknight|Body Press|p2a: Ninetales
|-damage|p2a: Ninetales|56/100
|
|-weather|Snowscape|[upkeep]
|-heal|p1a: Corviknight|81/100|[from] item: Leftovers
|upkeep
|turn|11
|inactive|diegoparra27 has 120 seconds left.
|
|t:|1779620417
|move|p2a: Ninetales|Aurora Veil|p2a: Ninetales
|-sidestart|p2: Luisowbro|move: Aurora Veil
|move|p1a: Corviknight|Body Press|p2a: Ninetales
|-damage|p2a: Ninetales|33/100
|
|-weather|Snowscape|[upkeep]
|-heal|p1a: Corviknight|87/100|[from] item: Leftovers
|upkeep
|turn|12
|
|t:|1779620424
|move|p2a: Ninetales|Freeze-Dry|p1a: Corviknight
|-supereffective|p1a: Corviknight
|-damage|p1a: Corviknight|44/100
|move|p1a: Corviknight|Body Press|p2a: Ninetales
|-crit|p2a: Ninetales
|-damage|p2a: Ninetales|0 fnt
|faint|p2a: Ninetales
|
|-weather|Snowscape|[upkeep]
|-heal|p1a: Corviknight|50/100|[from] item: Leftovers
|upkeep
|
|t:|1779620433
|switch|p2a: Haxorus|Haxorus, M, shiny|100/100
|-ability|p2a: Haxorus|Mold Breaker
|turn|13
|
|t:|1779620438
|switch|p1a: Weezing|Weezing-Galar, F|100/100
|-ability|p1a: Weezing|Neutralizing Gas
|move|p2a: Haxorus|Scale Shot|p1a: Weezing
|-immune|p1a: Weezing
|
|-weather|Snowscape|[upkeep]
|upkeep
|turn|14
|
|t:|1779620446
|-terastallize|p2a: Haxorus|Steel
|move|p2a: Haxorus|Swords Dance|p2a: Haxorus
|-boost|p2a: Haxorus|atk|2
|move|p1a: Weezing|Will-O-Wisp|p2a: Haxorus
|-status|p2a: Haxorus|brn
|
|-weather|none
|-damage|p2a: Haxorus|94/100 brn|[from] brn
|upkeep
|turn|15
|
|t:|1779620455
|move|p2a: Haxorus|Swords Dance|p2a: Haxorus
|-boost|p2a: Haxorus|atk|2
|move|p1a: Weezing|Toxic Spikes|p2a: Haxorus
|-sidestart|p2: Luisowbro|move: Toxic Spikes
|
|-damage|p2a: Haxorus|88/100 brn|[from] brn
|upkeep
|turn|16
|
|t:|1779620461
|-end|p1a: Weezing|ability: Neutralizing Gas
|-ability|p2a: Haxorus|Mold Breaker
|switch|p1a: Dondozo|Dondozo, F|100/100
|move|p2a: Haxorus|Swords Dance|p2a: Haxorus
|-boost|p2a: Haxorus|atk|2
|
|-damage|p2a: Haxorus|82/100 brn|[from] brn
|upkeep
|turn|17
|
|t:|1779620471
|move|p2a: Haxorus|Scale Shot|p1a: Dondozo|[miss]
|-miss|p2a: Haxorus|p1a: Dondozo
|move|p1a: Dondozo|Curse|p1a: Dondozo
|-unboost|p1a: Dondozo|spe|1
|-boost|p1a: Dondozo|atk|1
|-boost|p1a: Dondozo|def|1
|
|-damage|p2a: Haxorus|76/100 brn|[from] brn
|upkeep
|turn|18
|
|t:|1779620478
|move|p2a: Haxorus|Scale Shot|p1a: Dondozo
|-damage|p1a: Dondozo|92/100
|-damage|p1a: Dondozo|84/100
|-damage|p1a: Dondozo|76/100
|-damage|p1a: Dondozo|68/100
|-damage|p1a: Dondozo|60/100
|-hitcount|p1a: Dondozo|5
|-unboost|p2a: Haxorus|def|1
|-boost|p2a: Haxorus|spe|1
|move|p1a: Dondozo|Curse|p1a: Dondozo
|-unboost|p1a: Dondozo|spe|1
|-boost|p1a: Dondozo|atk|1
|-boost|p1a: Dondozo|def|1
|
|-heal|p1a: Dondozo|66/100|[from] item: Leftovers
|-damage|p2a: Haxorus|69/100 brn|[from] brn
|-sideend|p2: Luisowbro|move: Aurora Veil
|upkeep
|turn|19
|
|t:|1779620497
|move|p2a: Haxorus|Scale Shot|p1a: Dondozo
|-damage|p1a: Dondozo|59/100
|-crit|p1a: Dondozo
|-damage|p1a: Dondozo|41/100
|-damage|p1a: Dondozo|35/100
|-crit|p1a: Dondozo
|-damage|p1a: Dondozo|17/100
|-damage|p1a: Dondozo|11/100
|-hitcount|p1a: Dondozo|5
|-unboost|p2a: Haxorus|def|1
|-boost|p2a: Haxorus|spe|1
|move|p1a: Dondozo|Curse|p1a: Dondozo
|-unboost|p1a: Dondozo|spe|1
|-boost|p1a: Dondozo|atk|1
|-boost|p1a: Dondozo|def|1
|
|-heal|p1a: Dondozo|17/100|[from] item: Leftovers
|-damage|p2a: Haxorus|63/100 brn|[from] brn
|upkeep
|turn|20
|
|t:|1779620520
|move|p2a: Haxorus|Scale Shot|p1a: Dondozo
|-damage|p1a: Dondozo|13/100
|-damage|p1a: Dondozo|8/100
|-damage|p1a: Dondozo|3/100
|-damage|p1a: Dondozo|0 fnt
|faint|p1a: Dondozo
|-hitcount|p1: Dondozo|4
|-unboost|p2a: Haxorus|def|1
|-boost|p2a: Haxorus|spe|1
|
|-damage|p2a: Haxorus|57/100 brn|[from] brn
|upkeep
|
|t:|1779620528
|switch|p1a: Weezing|Weezing-Galar, F|100/100
|-ability|p1a: Weezing|Neutralizing Gas
|turn|21
|
|t:|1779620535
|move|p2a: Haxorus|Iron Head|p1a: Weezing
|-supereffective|p1a: Weezing
|-damage|p1a: Weezing|0 fnt
|faint|p1a: Weezing
|-end|p1a: Weezing|ability: Neutralizing Gas
|-ability|p2a: Haxorus|Mold Breaker
|
|-damage|p2a: Haxorus|51/100 brn|[from] brn
|upkeep
|
|t:|1779620542
|switch|p1a: Toxapex|Toxapex, F|100/100
|turn|22
|-message|diegoparra27 forfeited.
|
|win|Luisowbro
|raw|diegoparra27's rating: 1346 &rarr; <strong>1328</strong><br />(-18 for losing)
|raw|Luisowbro's rating: 1382 &rarr; <strong>1400</strong><br />(+18 for winning)
|l|☆diegoparra27
|player|p1|
|l|☆Luisowbro
|player|p2|
