|j|☆sonyahu
|j|☆Gamer237
|inactive|Battle timer is ON: inactive players will automatically lose when time's up.
|t:|1779708500
|gametype|singles
|player|p1|sonyahu|dawn|
|player|p2|Gamer237|blue|
|gen|9
|tier|[Gen 9] OU
|rated|Tournament battle
|rule|HP Percentage Mod: HP is shown in percentages
|rule|Endless Battle Clause: Forcing endless battles is banned
|rule|Species Clause: Limit one of each Pokémon
|rule|OHKO Clause: OHKO moves are banned
|rule|Evasion Items Clause: Evasion items are banned
|rule|Evasion Moves Clause: Evasion moves are banned
|rule|Evasion Abilities Clause: Evasion abilities are banned
|rule|Sleep Moves Clause: Sleep-inducing moves are banned
|raw|<div class="infobox"><details class="readmore" open><summary><strong>3 custom rules:</strong></summary> -blissey, -wailord, -wobbuffet</details></div>
|clearpoke
|poke|p1|Mandibuzz, F|
|poke|p1|Meowscarada, F|
|poke|p1|Crawdaunt, F|
|poke|p1|Lokix, M|
|poke|p1|Tyranitar, M|
|poke|p1|Rampardos, M|
|poke|p2|Tyranitar, M|
|poke|p2|Mandibuzz, F|
|poke|p2|Meowscarada, M|
|poke|p2|Lokix, F|
|poke|p2|Crawdaunt, F|
|poke|p2|Rampardos, F|
|teampreview
|j|*Lady Monita 
|inactive|Gamer237 also wants the timer to be on.
|inactive|Gamer237 has 120 seconds left.
|
|t:|1779708546
|teamsize|p1|6
|teamsize|p2|6
|start
|switch|p1a: Lokix|Lokix, M|100/100
|switch|p2a: Tyranitar|Tyranitar, M|100/100
|-weather|Sandstorm|[from] ability: Sand Stream|[of] p2a: Tyranitar
|turn|1
|c|☆Gamer237|Glhf
|
|t:|1779708555
|move|p2a: Tyranitar|Body Press|p1a: Lokix
|-damage|p1a: Lokix|72/100
|move|p1a: Lokix|U-turn|p2a: Tyranitar
|-supereffective|p2a: Tyranitar
|-damage|p2a: Tyranitar|33/100
|
|t:|1779708565
|switch|p1a: Meowscarada|Meowscarada, F|100/100|[from] U-turn
|
|-weather|Sandstorm|[upkeep]
|-damage|p1a: Meowscarada|94/100|[from] Sandstorm
|upkeep
|turn|2
|
|t:|1779708573
|move|p1a: Meowscarada|U-turn|p2a: Tyranitar
|-start|p1a: Meowscarada|typechange|Bug|[from] ability: Protean
|-supereffective|p2a: Tyranitar
|-damage|p2a: Tyranitar|0 fnt
|faint|p2a: Tyranitar
|
|t:|1779708584
|switch|p1a: Lokix|Lokix, M|72/100|[from] U-turn
|
|-weather|Sandstorm|[upkeep]
|-damage|p1a: Lokix|66/100|[from] Sandstorm
|upkeep
|
|t:|1779708602
|switch|p2a: Rampardos|Rampardos, F|100/100
|turn|3
|j| Iexisttosuffer
|
|t:|1779708611
|switch|p1a: Mandibuzz|Mandibuzz, F|100/100
|move|p2a: Rampardos|Avalanche|p1a: Mandibuzz
|-supereffective|p1a: Mandibuzz
|-damage|p1a: Mandibuzz|67/100
|-damage|p2a: Rampardos|84/100|[from] item: Rocky Helmet|[of] p1a: Mandibuzz
|
|-weather|Sandstorm|[upkeep]
|upkeep
|turn|4
|
|t:|1779708620
|move|p1a: Mandibuzz|Roost|p1a: Mandibuzz
|-heal|p1a: Mandibuzz|100/100
|-singleturn|p1a: Mandibuzz|move: Roost
|move|p2a: Rampardos|Rock Slide|p1a: Mandibuzz
|-damage|p1a: Mandibuzz|61/100
|
|-weather|Sandstorm|[upkeep]
|upkeep
|turn|5
|
|t:|1779708630
|move|p1a: Mandibuzz|U-turn|p2a: Rampardos
|-damage|p2a: Rampardos|69/100
|
|t:|1779708637
|switch|p1a: Rampardos|Rampardos, M|100/100|[from] U-turn
|-ability|p1a: Rampardos|Mold Breaker
|move|p2a: Rampardos|Rock Slide|p1a: Rampardos|[miss]
|-miss|p2a: Rampardos|p1a: Rampardos
|
|-weather|none
|upkeep
|turn|6
|j| emdimd
|
|t:|1779708656
|move|p1a: Rampardos|Head Smash|p2a: Rampardos
|-damage|p2a: Rampardos|0 fnt
|faint|p2a: Rampardos
|-damage|p1a: Rampardos|60/100|[from] Recoil
|
|upkeep
|
|t:|1779708664
|switch|p2a: Lokix|Lokix, F|100/100
|turn|7
|l| emdimd
|
|t:|1779708668
|switch|p1a: Mandibuzz|Mandibuzz, F|61/100
|move|p2a: Lokix|Axe Kick|p1a: Mandibuzz
|-crit|p1a: Mandibuzz
|-damage|p1a: Mandibuzz|15/100
|-damage|p2a: Lokix|84/100|[from] item: Rocky Helmet|[of] p1a: Mandibuzz
|
|upkeep
|turn|8
|
|t:|1779708685
|move|p2a: Lokix|Axe Kick|p1a: Mandibuzz|[miss]
|-miss|p2a: Lokix|p1a: Mandibuzz
|-damage|p2a: Lokix|34/100|[from] highjumpkick
|move|p1a: Mandibuzz|Roost|p1a: Mandibuzz
|-heal|p1a: Mandibuzz|65/100
|-singleturn|p1a: Mandibuzz|move: Roost
|
|upkeep
|turn|9
|c|☆sonyahu|sorry
|-message|Gamer237 forfeited.
|
|win|sonyahu
|n|☆sonyahu|sonyahu
|n|☆Gamer237|gamer237
|n|*Lady Monita |ladymonita
|n| Iexisttosuffer|iexisttosuffer
