|j|☆tuanquewang
|j|☆I buy roblox items
|t:|1779599841
|gametype|singles
|player|p1|tuanquewang|backersf|1690
|player|p2|I buy roblox items|gentleman-gen1|1669
|gen|9
|tier|[Gen 9] OU
|rated|
|rule|HP Percentage Mod: HP is shown in percentages
|rule|Endless Battle Clause: Forcing endless battles is banned
|rule|Species Clause: Limit one of each Pokémon
|rule|OHKO Clause: OHKO moves are banned
|rule|Evasion Items Clause: Evasion items are banned
|rule|Evasion Moves Clause: Evasion moves are banned
|rule|Evasion Abilities Clause: Evasion abilities are banned
|rule|Sleep Moves Clause: Sleep-inducing moves are banned
|clearpoke
|poke|p1|Slowking-Galar, M|
|poke|p1|Hydrapple, F|
|poke|p1|Cinderace, M|
|poke|p1|Iron Crown|
|poke|p1|Alomomola, F|
|poke|p1|Slither Wing|
|poke|p2|Entei|
|poke|p2|Kyurem|
|poke|p2|Zamazenta-*|
|poke|p2|Altaria, M|
|poke|p2|Toxapex, M|
|poke|p2|Ceruledge, F|
|teampreview
|inactive|Battle timer is ON: inactive players will automatically lose when time's up. (requested by I buy roblox items)
|inactive|tuanquewang also wants the timer to be on.
|
|t:|1779599859
|teamsize|p1|6
|teamsize|p2|6
|start
|switch|p1a: Iron Crown|Iron Crown|100/100
|switch|p2a: Entei|Entei|100/100
|-ability|p2a: Entei|Pressure
|turn|1
|
|t:|1779599862
|move|p1a: Iron Crown|Volt Switch|p2a: Entei
|-damage|p2a: Entei|71/100
|
|t:|1779599863
|-end|p1a: Iron Crown|Quark Drive|[silent]
|switch|p1a: Alomomola|Alomomola, F|100/100|[from] Volt Switch
|move|p2a: Entei|Sacred Fire|p1a: Alomomola
|-resisted|p1a: Alomomola
|-damage|p1a: Alomomola|89/100
|-status|p1a: Alomomola|brn
|
|-heal|p2a: Entei|77/100|[from] item: Leftovers
|-heal|p1a: Alomomola|95/100 brn|[from] item: Leftovers
|-damage|p1a: Alomomola|89/100 brn|[from] brn
|upkeep
|turn|2
|
|t:|1779599866
|move|p2a: Entei|Substitute|p2a: Entei
|-start|p2a: Entei|Substitute
|-damage|p2a: Entei|53/100
|move|p1a: Alomomola|Flip Turn|p2a: Entei
|-supereffective|p2a: Entei
|-activate|p2a: Entei|move: Substitute|[damage]
|
|t:|1779599876
|switch|p1a: Iron Crown|Iron Crown|100/100|[from] Flip Turn
|
|-heal|p2a: Entei|59/100|[from] item: Leftovers
|upkeep
|turn|3
|
|t:|1779599880
|move|p2a: Entei|Protect|p2a: Entei
|-singleturn|p2a: Entei|Protect
|move|p1a: Iron Crown|Volt Switch|p2a: Entei
|-activate|p2a: Entei|move: Protect
|
|-heal|p2a: Entei|65/100|[from] item: Leftovers
|upkeep
|turn|4
|
|t:|1779599882
|move|p1a: Iron Crown|Volt Switch|p2a: Entei
|-crit|p2a: Entei
|-end|p2a: Entei|Substitute
|
|t:|1779599883
|-end|p1a: Iron Crown|Quark Drive|[silent]
|switch|p1a: Hydrapple|Hydrapple, F, shiny|100/100|[from] Volt Switch
|move|p2a: Entei|Substitute|p2a: Entei
|-start|p2a: Entei|Substitute
|-damage|p2a: Entei|40/100
|
|-heal|p2a: Entei|46/100|[from] item: Leftovers
|upkeep
|turn|5
|j| crust king kahn
|
|t:|1779599891
|move|p2a: Entei|Sacred Fire|p1a: Hydrapple
|-damage|p1a: Hydrapple|68/100
|move|p1a: Hydrapple|Earth Power|p2a: Entei
|-supereffective|p2a: Entei
|-end|p2a: Entei|Substitute
|
|-heal|p2a: Entei|52/100|[from] item: Leftovers
|upkeep
|turn|6
|
|t:|1779599896
|move|p2a: Entei|Protect|p2a: Entei
|-singleturn|p2a: Entei|Protect
|move|p1a: Hydrapple|Earth Power|p2a: Entei
|-activate|p2a: Entei|move: Protect
|
|-heal|p2a: Entei|58/100|[from] item: Leftovers
|upkeep
|turn|7
|
|t:|1779599900
|move|p2a: Entei|Sacred Fire|p1a: Hydrapple
|-crit|p1a: Hydrapple
|-damage|p1a: Hydrapple|16/100
|move|p1a: Hydrapple|Earth Power|p2a: Entei
|-supereffective|p2a: Entei
|-damage|p2a: Entei|0 fnt
|faint|p2a: Entei
|
|upkeep
|
|t:|1779599907
|switch|p2a: 🥢🆙🎣|Kyurem|100/100
|-ability|p2a: 🥢🆙🎣|Pressure
|turn|8
|
|t:|1779599909
|switch|p1a: Slowking|Slowking-Galar, M|100/100
|move|p2a: 🥢🆙🎣|Substitute|p2a: 🥢🆙🎣
|-start|p2a: 🥢🆙🎣|Substitute
|-damage|p2a: 🥢🆙🎣|76/100
|
|-heal|p2a: 🥢🆙🎣|82/100|[from] item: Leftovers
|upkeep
|turn|9
|
|t:|1779599913
|move|p2a: 🥢🆙🎣|Dragon Dance|p2a: 🥢🆙🎣
|-boost|p2a: 🥢🆙🎣|atk|1
|-boost|p2a: 🥢🆙🎣|spe|1
|move|p1a: Slowking|Psychic Noise|p2a: 🥢🆙🎣
|-damage|p2a: 🥢🆙🎣|60/100
|-start|p2a: 🥢🆙🎣|move: Heal Block
|
|upkeep
|turn|10
|
|t:|1779599917
|switch|p1a: Alomomola|Alomomola, F|100/100 brn
|move|p2a: 🥢🆙🎣|Icicle Spear|p1a: Alomomola
|-resisted|p1a: Alomomola
|-damage|p1a: Alomomola|96/100 brn
|-resisted|p1a: Alomomola
|-damage|p1a: Alomomola|92/100 brn
|-resisted|p1a: Alomomola
|-damage|p1a: Alomomola|88/100 brn
|-resisted|p1a: Alomomola
|-damage|p1a: Alomomola|84/100 brn
|-resisted|p1a: Alomomola
|-damage|p1a: Alomomola|80/100 brn
|-hitcount|p1a: Alomomola|5
|
|-heal|p1a: Alomomola|86/100 brn|[from] item: Leftovers
|-damage|p1a: Alomomola|80/100 brn|[from] brn
|-end|p2a: 🥢🆙🎣|move: Heal Block
|upkeep
|turn|11
|j| clear nights
|
|t:|1779599923
|move|p2a: 🥢🆙🎣|Protect|p2a: 🥢🆙🎣
|-singleturn|p2a: 🥢🆙🎣|Protect
|move|p1a: Alomomola|Flip Turn|p2a: 🥢🆙🎣
|-activate|p2a: 🥢🆙🎣|move: Protect
|
|-heal|p2a: 🥢🆙🎣|67/100|[from] item: Leftovers
|-heal|p1a: Alomomola|86/100 brn|[from] item: Leftovers
|-damage|p1a: Alomomola|80/100 brn|[from] brn
|upkeep
|turn|12
|
|t:|1779599927
|move|p2a: 🥢🆙🎣|Dragon Dance|p2a: 🥢🆙🎣
|-boost|p2a: 🥢🆙🎣|atk|1
|-boost|p2a: 🥢🆙🎣|spe|1
|move|p1a: Alomomola|Wish|p1a: Alomomola
|
|-heal|p2a: 🥢🆙🎣|73/100|[from] item: Leftovers
|-heal|p1a: Alomomola|86/100 brn|[from] item: Leftovers
|-damage|p1a: Alomomola|80/100 brn|[from] brn
|upkeep
|turn|13
|
|t:|1779599932
|move|p2a: 🥢🆙🎣|Dragon Dance|p2a: 🥢🆙🎣
|-boost|p2a: 🥢🆙🎣|atk|1
|-boost|p2a: 🥢🆙🎣|spe|1
|move|p1a: Alomomola|Flip Turn|p2a: 🥢🆙🎣
|-resisted|p2a: 🥢🆙🎣
|-activate|p2a: 🥢🆙🎣|move: Substitute|[damage]
|
|t:|1779599934
|switch|p1a: Hydrapple|Hydrapple, F, shiny|49/100|[from] Flip Turn
|
|-heal|p1a: Hydrapple|100/100|[from] move: Wish|[wisher] Alomomola
|-heal|p2a: 🥢🆙🎣|79/100|[from] item: Leftovers
|upkeep
|turn|14
|
|t:|1779599940
|-terastallize|p1a: Hydrapple|Water
|move|p2a: 🥢🆙🎣|Icicle Spear|p1a: Hydrapple
|-resisted|p1a: Hydrapple
|-damage|p1a: Hydrapple|91/100
|-resisted|p1a: Hydrapple
|-damage|p1a: Hydrapple|80/100
|-resisted|p1a: Hydrapple
|-damage|p1a: Hydrapple|69/100
|-resisted|p1a: Hydrapple
|-damage|p1a: Hydrapple|59/100
|-hitcount|p1a: Hydrapple|4
|move|p1a: Hydrapple|Earth Power|p2a: 🥢🆙🎣
|-end|p2a: 🥢🆙🎣|Substitute
|
|-heal|p2a: 🥢🆙🎣|85/100|[from] item: Leftovers
|upkeep
|turn|15
|
|t:|1779599948
|switch|p1a: Alomomola|Alomomola, F|100/100 brn
|move|p2a: 🥢🆙🎣|Icicle Spear|p1a: Alomomola
|-resisted|p1a: Alomomola
|-damage|p1a: Alomomola|93/100 brn
|-resisted|p1a: Alomomola
|-damage|p1a: Alomomola|86/100 brn
|-resisted|p1a: Alomomola
|-damage|p1a: Alomomola|78/100 brn
|-resisted|p1a: Alomomola
|-damage|p1a: Alomomola|71/100 brn
|-hitcount|p1a: Alomomola|4
|
|-heal|p2a: 🥢🆙🎣|91/100|[from] item: Leftovers
|-heal|p1a: Alomomola|77/100 brn|[from] item: Leftovers
|-damage|p1a: Alomomola|71/100 brn|[from] brn
|upkeep
|turn|16
|
|t:|1779599951
|move|p2a: 🥢🆙🎣|Substitute|p2a: 🥢🆙🎣
|-start|p2a: 🥢🆙🎣|Substitute
|-damage|p2a: 🥢🆙🎣|66/100
|move|p1a: Alomomola|Flip Turn|p2a: 🥢🆙🎣
|-resisted|p2a: 🥢🆙🎣
|-activate|p2a: 🥢🆙🎣|move: Substitute|[damage]
|
|t:|1779599957
|switch|p1a: Hydrapple|Hydrapple, F, shiny, tera:Water|92/100|[from] Flip Turn
|
|-heal|p2a: 🥢🆙🎣|73/100|[from] item: Leftovers
|upkeep
|turn|17
|
|t:|1779599966
|move|p2a: 🥢🆙🎣|Protect|p2a: 🥢🆙🎣
|-singleturn|p2a: 🥢🆙🎣|Protect
|move|p1a: Hydrapple|Earth Power|p2a: 🥢🆙🎣
|-activate|p2a: 🥢🆙🎣|move: Protect
|
|-heal|p2a: 🥢🆙🎣|79/100|[from] item: Leftovers
|upkeep
|turn|18
|
|t:|1779599973
|move|p2a: 🥢🆙🎣|Dragon Dance|p2a: 🥢🆙🎣
|-boost|p2a: 🥢🆙🎣|atk|1
|-boost|p2a: 🥢🆙🎣|spe|1
|move|p1a: Hydrapple|Earth Power|p2a: 🥢🆙🎣
|-end|p2a: 🥢🆙🎣|Substitute
|
|-heal|p2a: 🥢🆙🎣|85/100|[from] item: Leftovers
|upkeep
|turn|19
|
|t:|1779599980
|move|p2a: 🥢🆙🎣|Substitute|p2a: 🥢🆙🎣
|-start|p2a: 🥢🆙🎣|Substitute
|-damage|p2a: 🥢🆙🎣|60/100
|move|p1a: Hydrapple|Earth Power|p2a: 🥢🆙🎣
|-end|p2a: 🥢🆙🎣|Substitute
|
|-heal|p2a: 🥢🆙🎣|66/100|[from] item: Leftovers
|upkeep
|turn|20
|
|t:|1779599988
|switch|p1a: Iron Crown|Iron Crown|100/100
|move|p2a: 🥢🆙🎣|Protect||[still]
|-fail|p2a: 🥢🆙🎣
|
|-heal|p2a: 🥢🆙🎣|72/100|[from] item: Leftovers
|upkeep
|turn|21
|
|t:|1779599992
|move|p2a: 🥢🆙🎣|Protect|p2a: 🥢🆙🎣
|-singleturn|p2a: 🥢🆙🎣|Protect
|move|p1a: Iron Crown|Tachyon Cutter|p2a: 🥢🆙🎣
|-activate|p2a: 🥢🆙🎣|move: Protect
|
|-heal|p2a: 🥢🆙🎣|78/100|[from] item: Leftovers
|upkeep
|turn|22
|
|t:|1779600007
|-terastallize|p2a: 🥢🆙🎣|Ground
|move|p2a: 🥢🆙🎣|Icicle Spear|p1a: Iron Crown
|-resisted|p1a: Iron Crown
|-damage|p1a: Iron Crown|85/100
|-resisted|p1a: Iron Crown
|-damage|p1a: Iron Crown|68/100
|-hitcount|p1a: Iron Crown|2
|move|p1a: Iron Crown|Tachyon Cutter|p2a: 🥢🆙🎣
|-damage|p2a: 🥢🆙🎣|57/100
|-damage|p2a: 🥢🆙🎣|32/100
|-hitcount|p2a: 🥢🆙🎣|2
|
|-heal|p2a: 🥢🆙🎣|38/100|[from] item: Leftovers
|upkeep
|turn|23
|
|t:|1779600015
|move|p2a: 🥢🆙🎣|Protect|p2a: 🥢🆙🎣
|-singleturn|p2a: 🥢🆙🎣|Protect
|move|p1a: Iron Crown|Tachyon Cutter|p2a: 🥢🆙🎣
|-activate|p2a: 🥢🆙🎣|move: Protect
|
|-heal|p2a: 🥢🆙🎣|44/100|[from] item: Leftovers
|upkeep
|turn|24
|
|t:|1779600019
|move|p2a: 🥢🆙🎣|Icicle Spear|p1a: Iron Crown
|-resisted|p1a: Iron Crown
|-damage|p1a: Iron Crown|51/100
|-resisted|p1a: Iron Crown
|-damage|p1a: Iron Crown|33/100
|-resisted|p1a: Iron Crown
|-damage|p1a: Iron Crown|15/100
|-hitcount|p1a: Iron Crown|3
|move|p1a: Iron Crown|Tachyon Cutter|p2a: 🥢🆙🎣
|-damage|p2a: 🥢🆙🎣|21/100
|-damage|p2a: 🥢🆙🎣|0 fnt
|faint|p2a: 🥢🆙🎣
|-hitcount|p2: 🥢🆙🎣|2
|
|upkeep
|
|t:|1779600031
|switch|p2a: Ceruledge|Ceruledge, F|100/100
|turn|25
|
|t:|1779600034
|-end|p1a: Iron Crown|Quark Drive|[silent]
|switch|p1a: Hydrapple|Hydrapple, F, shiny, tera:Water|100/100
|move|p2a: Ceruledge|Bulk Up|p2a: Ceruledge
|-boost|p2a: Ceruledge|atk|1
|-boost|p2a: Ceruledge|def|1
|
|upkeep
|turn|26
|
|t:|1779600041
|switch|p2a: Altaria|Altaria, M|100/100
|move|p1a: Hydrapple|Hydro Pump|p2a: Altaria
|-resisted|p2a: Altaria
|-damage|p2a: Altaria|64/100
|
|upkeep
|turn|27
|
|t:|1779600044
|switch|p1a: Slowking|Slowking-Galar, M|100/100
|move|p2a: Altaria|Fire Spin|p1a: Slowking
|-damage|p1a: Slowking|97/100
|-activate|p1a: Slowking|move: Fire Spin|[of] p2a: Altaria
|
|-heal|p1a: Slowking|100/100|[from] item: Black Sludge
|-damage|p1a: Slowking|88/100|[from] move: Fire Spin|[partiallytrapped]
|upkeep
|turn|28
|
|t:|1779600051
|move|p2a: Altaria|Perish Song|p2a: Altaria
|-start|p1a: Slowking|perish3|[silent]
|-start|p2a: Altaria|perish3|[silent]
|-fieldactivate|move: Perish Song
|move|p1a: Slowking|Psychic Noise|p2a: Altaria
|-damage|p2a: Altaria|39/100
|-start|p2a: Altaria|move: Heal Block
|
|-heal|p1a: Slowking|94/100|[from] item: Black Sludge
|-damage|p1a: Slowking|82/100|[from] move: Fire Spin|[partiallytrapped]
|-start|p2a: Altaria|perish3
|-start|p1a: Slowking|perish3
|upkeep
|turn|29
|
|t:|1779600059
|move|p2a: Altaria|Fire Spin|p1a: Slowking
|-damage|p1a: Slowking|78/100
|move|p1a: Slowking|Psychic Noise|p2a: Altaria
|-crit|p2a: Altaria
|-damage|p2a: Altaria|6/100
|
|-heal|p1a: Slowking|84/100|[from] item: Black Sludge
|-damage|p1a: Slowking|72/100|[from] move: Fire Spin|[partiallytrapped]
|-end|p2a: Altaria|move: Heal Block
|-start|p2a: Altaria|perish2
|-start|p1a: Slowking|perish2
|upkeep
|turn|30
|
|t:|1779600066
|move|p2a: Altaria|Roost|p2a: Altaria
|-heal|p2a: Altaria|56/100
|-singleturn|p2a: Altaria|move: Roost
|-prepare|p1a: Slowking|Chilly Reception|[premajor]
|move|p1a: Slowking|Chilly Reception|p1a: Slowking
|-weather|Snowscape
|
|t:|1779600072
|switch|p1a: Iron Crown|Iron Crown|15/100|[from] Chilly Reception
|
|-weather|Snowscape|[upkeep]
|-start|p2a: Altaria|perish1
|upkeep
|turn|31
|
|t:|1779600077
|move|p1a: Iron Crown|Volt Switch|p2a: Altaria
|-damage|p2a: Altaria|36/100
|
|t:|1779600079
|-end|p1a: Iron Crown|Quark Drive|[silent]
|switch|p1a: Slowking|Slowking-Galar, M|100/100|[from] Volt Switch
|move|p2a: Altaria|Fire Spin|p1a: Slowking|[miss]
|-miss|p2a: Altaria|p1a: Slowking
|
|-weather|Snowscape|[upkeep]
|-start|p2a: Altaria|perish0
|upkeep
|faint|p2a: Altaria
|
|t:|1779600096
|switch|p2a: Toxapex|Toxapex, M|100/100
|turn|32
|
|t:|1779600101
|move|p2a: Toxapex|Ice Beam|p1a: Slowking
|-damage|p1a: Slowking|89/100
|move|p1a: Slowking|Psychic Noise|p2a: Toxapex
|-supereffective|p2a: Toxapex
|-damage|p2a: Toxapex|71/100
|-start|p2a: Toxapex|move: Heal Block
|
|-weather|Snowscape|[upkeep]
|-heal|p1a: Slowking|95/100|[from] item: Black Sludge
|upkeep
|turn|33
|l| crust king kahn
|
|t:|1779600103
|move|p2a: Toxapex|Surf|p1a: Slowking
|-damage|p1a: Slowking|78/100
|move|p1a: Slowking|Psychic Noise|p2a: Toxapex
|-supereffective|p2a: Toxapex
|-damage|p2a: Toxapex|40/100
|
|-weather|Snowscape|[upkeep]
|-heal|p1a: Slowking|85/100|[from] item: Black Sludge
|-end|p2a: Toxapex|move: Heal Block
|upkeep
|turn|34
|
|t:|1779600106
|move|p2a: Toxapex|Ice Beam|p1a: Slowking
|-damage|p1a: Slowking|73/100
|move|p1a: Slowking|Psychic Noise|p2a: Toxapex
|-supereffective|p2a: Toxapex
|-damage|p2a: Toxapex|9/100
|-start|p2a: Toxapex|move: Heal Block
|
|-weather|none
|-heal|p1a: Slowking|79/100|[from] item: Black Sludge
|upkeep
|turn|35
|
|t:|1779600108
|move|p2a: Toxapex|Ice Beam|p1a: Slowking
|-damage|p1a: Slowking|68/100
|move|p1a: Slowking|Psychic Noise|p2a: Toxapex
|-supereffective|p2a: Toxapex
|-damage|p2a: Toxapex|0 fnt
|faint|p2a: Toxapex
|
|-heal|p1a: Slowking|74/100|[from] item: Black Sludge
|upkeep
|
|t:|1779600110
|switch|p2a: Zamazenta|Zamazenta|100/100
|-ability|p2a: Zamazenta|Dauntless Shield|boost
|-boost|p2a: Zamazenta|def|1
|turn|36
|
|t:|1779600115
|move|p2a: Zamazenta|Substitute|p2a: Zamazenta
|-start|p2a: Zamazenta|Substitute
|-damage|p2a: Zamazenta|76/100
|move|p1a: Slowking|Toxic||[still]
|-fail|p1a: Slowking
|
|-heal|p2a: Zamazenta|82/100|[from] item: Leftovers
|-heal|p1a: Slowking|80/100|[from] item: Black Sludge
|upkeep
|turn|37
|
|t:|1779600118
|move|p2a: Zamazenta|Snarl|p1a: Slowking
|-supereffective|p1a: Slowking
|-damage|p1a: Slowking|66/100
|-unboost|p1a: Slowking|spa|1
|move|p1a: Slowking|Psychic Noise|p2a: Zamazenta
|-supereffective|p2a: Zamazenta
|-damage|p2a: Zamazenta|53/100
|-start|p2a: Zamazenta|move: Heal Block
|
|-heal|p1a: Slowking|73/100|[from] item: Black Sludge
|upkeep
|turn|38
|
|t:|1779600124
|move|p2a: Zamazenta|Snarl|p1a: Slowking
|-supereffective|p1a: Slowking
|-damage|p1a: Slowking|59/100
|-unboost|p1a: Slowking|spa|1
|move|p1a: Slowking|Psychic Noise|p2a: Zamazenta
|-supereffective|p2a: Zamazenta
|-damage|p2a: Zamazenta|32/100
|
|-heal|p1a: Slowking|65/100|[from] item: Black Sludge
|-end|p2a: Zamazenta|move: Heal Block
|upkeep
|turn|39
|
|t:|1779600130
|move|p2a: Zamazenta|Snarl|p1a: Slowking
|-supereffective|p1a: Slowking
|-damage|p1a: Slowking|53/100
|-unboost|p1a: Slowking|spa|1
|move|p1a: Slowking|Psychic Noise|p2a: Zamazenta
|-supereffective|p2a: Zamazenta
|-damage|p2a: Zamazenta|14/100
|-start|p2a: Zamazenta|move: Heal Block
|
|-heal|p1a: Slowking|59/100|[from] item: Black Sludge
|upkeep
|turn|40
|
|t:|1779600134
|move|p2a: Zamazenta|Snarl|p1a: Slowking|[miss]
|-miss|p2a: Zamazenta|p1a: Slowking
|-prepare|p1a: Slowking|Chilly Reception|[premajor]
|move|p1a: Slowking|Chilly Reception|p1a: Slowking
|-weather|Snowscape
|
|t:|1779600136
|switch|p1a: Iron Crown|Iron Crown|15/100|[from] Chilly Reception
|
|-weather|Snowscape|[upkeep]
|-end|p2a: Zamazenta|move: Heal Block
|upkeep
|turn|41
|
|t:|1779600138
|move|p1a: Iron Crown|Tachyon Cutter|p2a: Zamazenta
|-activate|p2a: Zamazenta|move: Substitute|[damage]
|-end|p2a: Zamazenta|Substitute
|-hitcount|p2a: Zamazenta|2
|move|p2a: Zamazenta|Body Press|p1a: Iron Crown
|-damage|p1a: Iron Crown|0 fnt
|faint|p1a: Iron Crown
|-end|p1a: Iron Crown|Quark Drive|[silent]
|
|-weather|Snowscape|[upkeep]
|-heal|p2a: Zamazenta|20/100|[from] item: Leftovers
|upkeep
|
|t:|1779600148
|switch|p1a: Slowking|Slowking-Galar, M|93/100
|turn|42
|
|t:|1779600150
|move|p2a: Zamazenta|Snarl|p1a: Slowking
|-supereffective|p1a: Slowking
|-damage|p1a: Slowking|79/100
|-unboost|p1a: Slowking|spa|1
|move|p1a: Slowking|Psychic Noise|p2a: Zamazenta
|-supereffective|p2a: Zamazenta
|-damage|p2a: Zamazenta|0 fnt
|faint|p2a: Zamazenta
|
|-weather|Snowscape|[upkeep]
|-heal|p1a: Slowking|86/100|[from] item: Black Sludge
|upkeep
|
|t:|1779600152
|switch|p2a: Ceruledge|Ceruledge, F|100/100
|turn|43
|
|t:|1779600156
|move|p2a: Ceruledge|Taunt|p1a: Slowking
|-start|p1a: Slowking|move: Taunt
|cant|p1a: Slowking|move: Taunt|Trick
|
|-weather|Snowscape|[upkeep]
|-heal|p1a: Slowking|92/100|[from] item: Black Sludge
|upkeep
|turn|44
|
|t:|1779600159
|move|p2a: Ceruledge|Bulk Up|p2a: Ceruledge
|-boost|p2a: Ceruledge|atk|1
|-boost|p2a: Ceruledge|def|1
|move|p1a: Slowking|Psychic Noise|p2a: Ceruledge
|-damage|p2a: Ceruledge|86/100
|
|-weather|none
|-heal|p1a: Slowking|98/100|[from] item: Black Sludge
|upkeep
|turn|45
|
|t:|1779600161
|switch|p1a: Hydrapple|Hydrapple, F, shiny, tera:Water|100/100
|move|p2a: Ceruledge|Bulk Up|p2a: Ceruledge
|-boost|p2a: Ceruledge|atk|1
|-boost|p2a: Ceruledge|def|1
|
|upkeep
|turn|46
|
|t:|1779600164
|move|p2a: Ceruledge|Bitter Blade|p1a: Hydrapple
|-resisted|p1a: Hydrapple
|-damage|p1a: Hydrapple|72/100
|-heal|p2a: Ceruledge|100/100|[from] drain|[of] p1a: Hydrapple
|move|p1a: Hydrapple|Earth Power|p2a: Ceruledge
|-supereffective|p2a: Ceruledge
|-damage|p2a: Ceruledge|21/100
|
|upkeep
|turn|47
|
|t:|1779600170
|move|p2a: Ceruledge|Bitter Blade|p1a: Hydrapple
|-resisted|p1a: Hydrapple
|-damage|p1a: Hydrapple|42/100
|-heal|p2a: Ceruledge|39/100|[from] drain|[of] p1a: Hydrapple
|move|p1a: Hydrapple|Earth Power|p2a: Ceruledge
|-supereffective|p2a: Ceruledge
|-damage|p2a: Ceruledge|0 fnt
|faint|p2a: Ceruledge
|
|win|tuanquewang
|raw|tuanquewang's rating: 1690 &rarr; <strong>1709</strong><br />(+19 for winning)
|raw|I buy roblox items's rating: 1669 &rarr; <strong>1650</strong><br />(-19 for losing)
|l|☆I buy roblox items
|player|p2|
|l| clear nights
|l|☆tuanquewang
|player|p1|
