|j|☆RaphaDo33
|j|☆respectmydih
|t:|1779717848
|gametype|singles
|player|p1|RaphaDo33|pryce|1167
|player|p2|respectmydih|blue|1133
|gen|9
|tier|[Gen 9] OU
|rated|
|rule|HP Percentage Mod: HP is shown in percentages
|rule|Endless Battle Clause: Forcing endless battles is banned
|rule|Species Clause: Limit one of each Pokémon
|rule|OHKO Clause: OHKO moves are banned
|rule|Evasion Items Clause: Evasion items are banned
|rule|Evasion Moves Clause: Evasion moves are banned
|rule|Evasion Abilities Clause: Evasion abilities are banned
|rule|Sleep Moves Clause: Sleep-inducing moves are banned
|clearpoke
|poke|p1|Iron Valiant|
|poke|p2|Pecharunt|
|poke|p2|Maushold-Four|
|poke|p2|Ogerpon-Wellspring, F|
|poke|p2|Perrserker, F|
|poke|p2|Raging Bolt|
|poke|p2|Kingambit, F|
|teampreview
|
|t:|1779717877
|teamsize|p1|1
|teamsize|p2|6
|start
|switch|p1a: Galladevoir|Iron Valiant|100/100
|switch|p2a: mice|Maushold-Four|100/100
|-enditem|p1a: Galladevoir|Booster Energy
|-activate|p1a: Galladevoir|ability: Quark Drive|[fromitem]
|-start|p1a: Galladevoir|quarkdrivespe
|turn|1
|
|t:|1779717885
|move|p1a: Galladevoir|Close Combat|p2a: mice
|-supereffective|p2a: mice
|-damage|p2a: mice|0 fnt
|-unboost|p1a: Galladevoir|def|1
|-unboost|p1a: Galladevoir|spd|1
|faint|p2a: mice
|
|upkeep
|
|t:|1779717905
|switch|p2a: poison|Pecharunt|100/100
|turn|2
|
|t:|1779717909
|-terastallize|p1a: Galladevoir|Steel
|move|p1a: Galladevoir|Swords Dance|p1a: Galladevoir
|-boost|p1a: Galladevoir|atk|2
|move|p2a: poison|Malignant Chain|p1a: Galladevoir
|-immune|p1a: Galladevoir
|
|upkeep
|turn|3
|
|t:|1779717916
|move|p1a: Galladevoir|Encore|p2a: poison
|-start|p2a: poison|Encore
|move|p2a: poison|Malignant Chain|p1a: Galladevoir
|-immune|p1a: Galladevoir
|
|upkeep
|turn|4
|
|t:|1779717929
|switch|p2a: Abith|Ogerpon-Wellspring, F|100/100
|move|p1a: Galladevoir|Swords Dance|p1a: Galladevoir
|-boost|p1a: Galladevoir|atk|2
|
|upkeep
|turn|5
|
|t:|1779717935
|move|p1a: Galladevoir|Spirit Break|p2a: Abith
|-damage|p2a: Abith|0 fnt
|faint|p2a: Abith
|
|upkeep
|
|t:|1779717952
|switch|p2a: kitty|Perrserker, F, shiny|100/100
|turn|6
|
|t:|1779717956
|move|p1a: Galladevoir|Close Combat|p2a: kitty
|-supereffective|p2a: kitty
|-damage|p2a: kitty|0 fnt
|-unboost|p1a: Galladevoir|def|1
|-unboost|p1a: Galladevoir|spd|1
|faint|p2a: kitty
|
|upkeep
|
|t:|1779717962
|switch|p2a: poison|Pecharunt|100/100
|turn|7
|
|t:|1779717965
|move|p1a: Galladevoir|Spirit Break|p2a: poison
|-resisted|p2a: poison
|-damage|p2a: poison|61/100
|-unboost|p2a: poison|spa|1
|move|p2a: poison|Hex|p1a: Galladevoir
|-damage|p1a: Galladevoir|36/100
|
|-heal|p2a: poison|67/100|[from] item: Leftovers
|upkeep
|turn|8
|
|t:|1779717974
|move|p1a: Galladevoir|Spirit Break|p2a: poison
|-resisted|p2a: poison
|-damage|p2a: poison|28/100
|-unboost|p2a: poison|spa|1
|move|p2a: poison|Hex|p1a: Galladevoir
|-damage|p1a: Galladevoir|0 fnt
|faint|p1a: Galladevoir
|-end|p1a: Galladevoir|Quark Drive|[silent]
|
|win|respectmydih
|raw|RaphaDo33's rating: 1144 &rarr; <strong>1118</strong><br />(-26 for losing)
|raw|respectmydih's rating: 1133 &rarr; <strong>1159</strong><br />(+26 for winning)
|l|☆RaphaDo33
|player|p1|
