|badge|p2|silver|gen9ubers|30-9
|uhtml|medal-msg|<div class="broadcast-blue">Curious what those medals under the avatar are? PS now has Ladder Seasons! For more information, check out the <a href="https://www.smogon.com/forums/threads/3740067/">thread on Smogon.</a></div>
|j|☆2ble Keldeo Engine
|j|☆Wobet (◕‿‿◕)
|inactive|Battle timer is ON: inactive players will automatically lose when time's up.
|t:|1779643356
|gametype|singles
|player|p1|2ble Keldeo Engine|emmet|
|player|p2|Wobet (◕‿‿◕)|nita|
|gen|9
|tier|[Gen 9] OU
|rated|Tournament battle
|rule|HP Percentage Mod: HP is shown in percentages
|rule|Endless Battle Clause: Forcing endless battles is banned
|rule|Species Clause: Limit one of each Pokémon
|rule|OHKO Clause: OHKO moves are banned
|rule|Evasion Items Clause: Evasion items are banned
|rule|Evasion Moves Clause: Evasion moves are banned
|rule|Evasion Abilities Clause: Evasion abilities are banned
|rule|Sleep Moves Clause: Sleep-inducing moves are banned
|clearpoke
|poke|p1|Rillaboom, M|
|poke|p1|Ogerpon-Cornerstone, F|
|poke|p1|Iron Moth|
|poke|p1|Raging Bolt|
|poke|p1|Basculegion-F, F|
|poke|p1|Araquanid, M|
|poke|p2|Pecharunt|
|poke|p2|Clefable, F|
|poke|p2|Gholdengo|
|poke|p2|Ting-Lu|
|poke|p2|Gliscor, F|
|poke|p2|Zamazenta-*|
|teampreview
|j| AbrarS
|j| Nyrkry
|j| Blazingly Scorched
|c|☆Wobet (◕‿‿◕)|glhf
|j| BEY = NEW EMPO
|j| lowladder alter
|c|☆2ble Keldeo Engine|Hf bud
|c|☆2ble Keldeo Engine|Maybe will have to quit midgane
|j| Light SV
|c|☆2ble Keldeo Engine|Game*
|inactive|2ble Keldeo Engine has 120 seconds left.
|inactive|Wobet (◕‿‿◕) has 120 seconds left.
|inactive|Wobet (◕‿‿◕) has 90 seconds left.
|
|t:|1779643421
|teamsize|p1|6
|teamsize|p2|6
|start
|switch|p1a: Araquanid|Araquanid, M|100/100
|switch|p2a: Pecharunt|Pecharunt|100/100
|turn|1
|
|t:|1779643428
|move|p2a: Pecharunt|Toxic|p1a: Araquanid
|-status|p1a: Araquanid|tox
|-start|p1a: Araquanid|confusion|[from] ability: Poison Puppeteer|[of] p2a: Pecharunt
|-activate|p1a: Araquanid|confusion
|move|p1a: Araquanid|Sticky Web|p2a: Pecharunt
|-sidestart|p2: Wobet (◕‿‿◕)|move: Sticky Web
|
|-damage|p1a: Araquanid|94/100 tox|[from] psn
|upkeep
|turn|2
|j| quetuo123
|j|#Setsu
|l| quetuo123
|inactive|Wobet (◕‿‿◕) has 120 seconds left.
|
|t:|1779643462
|switch|p2a: Clefable|Clefable, F|100/100
|-activate|p2a: Clefable|move: Sticky Web
|-unboost|p2a: Clefable|spe|1
|-activate|p1a: Araquanid|confusion
|-damage|p1a: Araquanid|87/100 tox|[from] confusion
|
|-damage|p1a: Araquanid|75/100 tox|[from] psn
|upkeep
|turn|3
|
|t:|1779643472
|-activate|p1a: Araquanid|confusion
|move|p1a: Araquanid|Surf|p2a: Clefable
|-damage|p2a: Clefable|50/100
|move|p2a: Clefable|Stealth Rock|p1a: Araquanid
|-sidestart|p1: 2ble Keldeo Engine|move: Stealth Rock
|
|-damage|p1a: Araquanid|56/100 tox|[from] psn
|upkeep
|turn|4
|j| sorry4usingstall
|c| sorry4usingstall|nah wobet is gonna cook
|l| AbrarS
|inactive|Wobet (◕‿‿◕) has 120 seconds left.
|
|t:|1779643493
|-activate|p1a: Araquanid|confusion
|move|p1a: Araquanid|Surf|p2a: Clefable
|-damage|p2a: Clefable|3/100
|move|p2a: Clefable|Moonlight|p2a: Clefable
|-heal|p2a: Clefable|53/100
|
|-damage|p1a: Araquanid|32/100 tox|[from] psn
|upkeep
|turn|5
|
|t:|1779643513
|-end|p1a: Araquanid|confusion
|move|p1a: Araquanid|Surf|p2a: Clefable
|-damage|p2a: Clefable|0 fnt
|faint|p2a: Clefable
|
|-damage|p1a: Araquanid|1/100 tox|[from] psn
|upkeep
|c| sorry4usingstall|or not
|inactive|Wobet (◕‿‿◕) has 120 seconds left.
|j| Gourmet26
|inactive|Wobet (◕‿‿◕) has 90 seconds left.
|
|t:|1779643578
|switch|p2a: Gliscor|Gliscor, F|100/100
|turn|6
|-enditem|p1a: Araquanid|Custap Berry|[eat]
|-activate|p1a: Araquanid|item: Custap Berry|[consumed]
|
|t:|1779643595
|move|p2a: Gliscor|Protect|p2a: Gliscor
|-singleturn|p2a: Gliscor|Protect
|move|p1a: Araquanid|Surf|p2a: Gliscor
|-activate|p2a: Gliscor|move: Protect
|
|-damage|p1a: Araquanid|0 fnt|[from] psn
|faint|p1a: Araquanid
|-status|p2a: Gliscor|tox|[from] item: Toxic Orb
|upkeep
|
|t:|1779643610
|switch|p1a: Rillaboom|Rillaboom, M|100/100
|-damage|p1a: Rillaboom|88/100|[from] Stealth Rock
|-fieldstart|move: Grassy Terrain|[from] ability: Grassy Surge|[of] p1a: Rillaboom
|turn|7
|
|t:|1779643619
|switch|p2a: Pecharunt|Pecharunt|100/100
|move|p1a: Rillaboom|Wood Hammer|p2a: Pecharunt
|-resisted|p2a: Pecharunt
|-damage|p2a: Pecharunt|69/100
|-damage|p1a: Rillaboom|76/100|[from] Recoil
|
|-heal|p1a: Rillaboom|83/100|[from] Grassy Terrain
|-heal|p2a: Pecharunt|75/100|[from] Grassy Terrain
|upkeep
|turn|8
|
|t:|1779643633
|switch|p1a: Iron Moth|Iron Moth|100/100
|-damage|p1a: Iron Moth|76/100|[from] Stealth Rock
|move|p2a: Pecharunt|Parting Shot|p1a: Iron Moth
|-unboost|p1a: Iron Moth|atk|1
|-unboost|p1a: Iron Moth|spa|1
|
|t:|1779643638
|switch|p2a: Gliscor|Gliscor, F|100/100 tox|[from] Parting Shot
|
|-heal|p1a: Iron Moth|82/100|[from] Grassy Terrain
|upkeep
|turn|9
|j| Coolguy45667
|inactive|Wobet (◕‿‿◕) has 90 seconds left.
|
|t:|1779643678
|move|p1a: Iron Moth|Meteor Beam||[still]
|-prepare|p1a: Iron Moth|Meteor Beam
|-boost|p1a: Iron Moth|spa|1
|-enditem|p1a: Iron Moth|Power Herb
|-anim|p1a: Iron Moth|Meteor Beam|p2a: Gliscor
|-damage|p2a: Gliscor|62/100 tox
|move|p2a: Gliscor|Knock Off|p1a: Iron Moth
|-damage|p1a: Iron Moth|55/100
|
|-heal|p1a: Iron Moth|61/100|[from] Grassy Terrain
|-heal|p2a: Gliscor|74/100 tox|[from] ability: Poison Heal
|upkeep
|turn|10
|c| Coolguy45667|Wobet is in a Gen 4 Ubers torunament
|
|t:|1779643688
|move|p1a: Iron Moth|Fiery Dance|p2a: Gliscor
|-damage|p2a: Gliscor|34/100 tox
|-boost|p1a: Iron Moth|spa|1
|move|p2a: Gliscor|Knock Off|p1a: Iron Moth
|-damage|p1a: Iron Moth|35/100
|
|-heal|p1a: Iron Moth|41/100|[from] Grassy Terrain
|-heal|p2a: Gliscor|47/100 tox|[from] ability: Poison Heal
|upkeep
|turn|11
|c| Coolguy45667|so
|c| Coolguy45667|yea
|
|t:|1779643697
|move|p2a: Gliscor|Protect|p2a: Gliscor
|-singleturn|p2a: Gliscor|Protect
|move|p1a: Iron Moth|Fiery Dance|p2a: Gliscor
|-activate|p2a: Gliscor|move: Protect
|
|-heal|p1a: Iron Moth|47/100|[from] Grassy Terrain
|-heal|p2a: Gliscor|59/100 tox|[from] ability: Poison Heal
|-fieldend|move: Grassy Terrain
|upkeep
|turn|12
|inactive|Wobet (◕‿‿◕) has 60 seconds left.
|
|t:|1779643731
|move|p1a: Iron Moth|Fiery Dance|p2a: Gliscor
|-damage|p2a: Gliscor|4/100 tox
|-boost|p1a: Iron Moth|spa|1
|move|p2a: Gliscor|Facade|p1a: Iron Moth
|-damage|p1a: Iron Moth|0 fnt
|faint|p1a: Iron Moth
|-end|p1a: Iron Moth|Quark Drive|[silent]
|
|-heal|p2a: Gliscor|17/100 tox|[from] ability: Poison Heal
|upkeep
|
|t:|1779643750
|switch|p1a: Ogerpon|Ogerpon-Cornerstone, F|100/100
|-damage|p1a: Ogerpon|88/100|[from] Stealth Rock
|turn|13
|
|t:|1779643756
|switch|p2a: Gholdengo|Gholdengo|100/100
|-activate|p2a: Gholdengo|move: Sticky Web
|-unboost|p2a: Gholdengo|spe|1
|move|p1a: Ogerpon|Swords Dance|p1a: Ogerpon
|-boost|p1a: Ogerpon|atk|2
|
|upkeep
|turn|14
|
|t:|1779643766
|move|p1a: Ogerpon|Ivy Cudgel|p2a: Gholdengo|[anim] Ivy Cudgel Rock
|-resisted|p2a: Gholdengo
|-damage|p2a: Gholdengo|38/100
|move|p2a: Gholdengo|Make It Rain|p1a: Ogerpon
|-supereffective|p1a: Ogerpon
|-damage|p1a: Ogerpon|0 fnt
|-unboost|p2a: Gholdengo|spa|1
|faint|p1a: Ogerpon
|
|upkeep
|j| sonyahu
|
|t:|1779643780
|switch|p1a: Basculegion|Basculegion-F, F|100/100
|-damage|p1a: Basculegion|88/100|[from] Stealth Rock
|turn|15
|
|t:|1779643791
|switch|p2a: Ting-Lu|Ting-Lu|100/100
|-activate|p2a: Ting-Lu|move: Sticky Web
|-unboost|p2a: Ting-Lu|spe|1
|-ability|p2a: Ting-Lu|Vessel of Ruin
|move|p1a: Basculegion|Surf|p2a: Ting-Lu
|-supereffective|p2a: Ting-Lu
|-damage|p2a: Ting-Lu|43/100
|-damage|p1a: Basculegion|78/100|[from] item: Life Orb
|
|-heal|p2a: Ting-Lu|49/100|[from] item: Leftovers
|upkeep
|turn|16
|l|#Setsu
|l| Coolguy45667
|
|t:|1779643803
|switch|p2a: Gliscor|Gliscor, F|17/100 tox
|move|p1a: Basculegion|Surf|p2a: Gliscor
|-supereffective|p2a: Gliscor
|-damage|p2a: Gliscor|0 fnt
|faint|p2a: Gliscor
|-damage|p1a: Basculegion|68/100|[from] item: Life Orb
|
|upkeep
|
|t:|1779643805
|switch|p2a: Zamazenta|Zamazenta|100/100
|-ability|p2a: Zamazenta|Dauntless Shield|boost
|-boost|p2a: Zamazenta|def|1
|turn|17
|l| Gourmet26
|c|☆Wobet (◕‿‿◕)|basc is a cool mon
|inactive|2ble Keldeo Engine has 120 seconds left.
|
|t:|1779643844
|switch|p1a: Rillaboom|Rillaboom, M|83/100
|-damage|p1a: Rillaboom|70/100|[from] Stealth Rock
|-fieldstart|move: Grassy Terrain|[from] ability: Grassy Surge|[of] p1a: Rillaboom
|move|p2a: Zamazenta|Crunch|p1a: Rillaboom
|-damage|p1a: Rillaboom|40/100
|
|-heal|p1a: Rillaboom|46/100|[from] Grassy Terrain
|upkeep
|turn|18
|inactive|Wobet (◕‿‿◕) has 90 seconds left.
|
|t:|1779643867
|move|p1a: Rillaboom|Grassy Glide|p2a: Zamazenta
|-damage|p2a: Zamazenta|62/100
|move|p2a: Zamazenta|Close Combat|p1a: Rillaboom
|-damage|p1a: Rillaboom|0 fnt
|-unboost|p2a: Zamazenta|def|1
|-unboost|p2a: Zamazenta|spd|1
|faint|p1a: Rillaboom
|
|-heal|p2a: Zamazenta|68/100|[from] Grassy Terrain
|upkeep
|c| sorry4usingstall|gg
|inactive|2ble Keldeo Engine has 120 seconds left.
|
|t:|1779643887
|switch|p1a: Raging Bolt|Raging Bolt|100/100
|-damage|p1a: Raging Bolt|88/100|[from] Stealth Rock
|-enditem|p1a: Raging Bolt|Booster Energy
|-activate|p1a: Raging Bolt|ability: Protosynthesis|[fromitem]
|-start|p1a: Raging Bolt|protosynthesisspa
|turn|19
|inactive|Wobet (◕‿‿◕) has 90 seconds left.
|
|t:|1779643899
|switch|p2a: Pecharunt|Pecharunt|75/100
|move|p1a: Raging Bolt|Dragon Pulse|p2a: Pecharunt
|-damage|p2a: Pecharunt|9/100
|
|-heal|p1a: Raging Bolt|94/100|[from] Grassy Terrain
|-heal|p2a: Pecharunt|15/100|[from] Grassy Terrain
|upkeep
|turn|20
|
|t:|1779643907
|move|p1a: Raging Bolt|Dragon Pulse|p2a: Pecharunt
|-damage|p2a: Pecharunt|0 fnt
|faint|p2a: Pecharunt
|
|-heal|p1a: Raging Bolt|100/100|[from] Grassy Terrain
|upkeep
|
|t:|1779643920
|switch|p2a: Gholdengo|Gholdengo|38/100
|-activate|p2a: Gholdengo|move: Sticky Web
|-unboost|p2a: Gholdengo|spe|1
|turn|21
|
|t:|1779643944
|move|p2a: Gholdengo|Shadow Ball|p1a: Raging Bolt
|-damage|p1a: Raging Bolt|63/100
|move|p1a: Raging Bolt|Dragon Pulse|p2a: Gholdengo
|-resisted|p2a: Gholdengo
|-crit|p2a: Gholdengo
|-damage|p2a: Gholdengo|0 fnt
|faint|p2a: Gholdengo
|
|-heal|p1a: Raging Bolt|69/100|[from] Grassy Terrain
|-fieldend|move: Grassy Terrain
|upkeep
|
|t:|1779643948
|switch|p2a: Ting-Lu|Ting-Lu|49/100
|-activate|p2a: Ting-Lu|move: Sticky Web
|-unboost|p2a: Ting-Lu|spe|1
|-ability|p2a: Ting-Lu|Vessel of Ruin
|turn|22
|inactive|2ble Keldeo Engine has 120 seconds left.
|inactive|2ble Keldeo Engine has 90 seconds left.
|
|t:|1779644024
|move|p1a: Raging Bolt|Dragon Pulse|p2a: Ting-Lu
|-damage|p2a: Ting-Lu|21/100
|move|p2a: Ting-Lu|Earthquake|p1a: Raging Bolt
|-supereffective|p1a: Raging Bolt
|-damage|p1a: Raging Bolt|0 fnt
|faint|p1a: Raging Bolt
|-end|p1a: Raging Bolt|Protosynthesis|[silent]
|
|-heal|p2a: Ting-Lu|27/100|[from] item: Leftovers
|upkeep
|
|t:|1779644030
|switch|p1a: Basculegion|Basculegion-F, F|68/100
|-damage|p1a: Basculegion|56/100|[from] Stealth Rock
|turn|23
|inactive|Wobet (◕‿‿◕) has 120 seconds left.
|
|t:|1779644039
|-terastallize|p2a: Ting-Lu|Water
|move|p1a: Basculegion|Surf|p2a: Ting-Lu
|-resisted|p2a: Ting-Lu
|-damage|p2a: Ting-Lu|13/100
|-damage|p1a: Basculegion|46/100|[from] item: Life Orb
|move|p2a: Ting-Lu|Earthquake|p1a: Basculegion
|-damage|p1a: Basculegion|0 fnt
|faint|p1a: Basculegion
|
|win|Wobet (◕‿‿◕)
|n|☆2ble Keldeo Engine|2blekeldeoengine
|n|☆Wobet (◕‿‿◕)|wobet
|n| Nyrkry|nyrkry
|n| Blazingly Scorched|blazinglyscorched
|n| BEY = NEW EMPO|beynewempo
|n| lowladder alter|lowladderalter
|n| Light SV|lightsv
|n| sorry4usingstall|sorry4usingstall
|n| sonyahu|sonyahu
