|j|☆Darthmarth333
|j|☆party girl 2004
|t:|1779620471
|gametype|singles
|player|p1|Darthmarth333|2|1397
|player|p2|party girl 2004|lass-gen4dp|1349
|gen|9
|tier|[Gen 9] OU
|rated|
|rule|HP Percentage Mod: HP is shown in percentages
|rule|Endless Battle Clause: Forcing endless battles is banned
|rule|Species Clause: Limit one of each Pokémon
|rule|OHKO Clause: OHKO moves are banned
|rule|Evasion Items Clause: Evasion items are banned
|rule|Evasion Moves Clause: Evasion moves are banned
|rule|Evasion Abilities Clause: Evasion abilities are banned
|rule|Sleep Moves Clause: Sleep-inducing moves are banned
|clearpoke
|poke|p1|Iron Moth|
|poke|p1|Gliscor, M|
|poke|p1|Hatterene, F|
|poke|p1|Ogerpon-Wellspring, F|
|poke|p1|Raging Bolt|
|poke|p1|Zamazenta-*|
|poke|p2|Serperior, F|
|poke|p2|Skarmory, F|
|poke|p2|Blaziken, M|
|poke|p2|Iron Valiant|
|poke|p2|Greninja-*, M|
|poke|p2|Zapdos|
|teampreview
|inactive|Battle timer is ON: inactive players will automatically lose when time's up. (requested by party girl 2004)
|
|t:|1779620483
|teamsize|p1|6
|teamsize|p2|6
|start
|switch|p1a: Zamazenta|Zamazenta|100/100
|switch|p2a: Scolipede X|Blaziken, M|100/100
|-ability|p1a: Zamazenta|Dauntless Shield|boost
|-boost|p1a: Zamazenta|def|1
|turn|1
|
|t:|1779620493
|move|p1a: Zamazenta|Reflect|p1a: Zamazenta
|-sidestart|p1: Darthmarth333|Reflect
|move|p2a: Scolipede X|Swords Dance|p2a: Scolipede X
|-boost|p2a: Scolipede X|atk|2
|
|-ability|p2a: Scolipede X|Speed Boost|boost
|-boost|p2a: Scolipede X|spe|1
|upkeep
|turn|2
|
|t:|1779620509
|switch|p1a: Gliscor|Gliscor, M|100/100
|move|p2a: Scolipede X|Swords Dance|p2a: Scolipede X
|-boost|p2a: Scolipede X|atk|2
|
|-ability|p2a: Scolipede X|Speed Boost|boost
|-boost|p2a: Scolipede X|spe|1
|-status|p1a: Gliscor|tox|[from] item: Toxic Orb
|upkeep
|turn|3
|
|t:|1779620521
|move|p2a: Scolipede X|Fire Punch|p1a: Gliscor
|-damage|p1a: Gliscor|48/100 tox
|move|p1a: Gliscor|Swords Dance|p1a: Gliscor
|-boost|p1a: Gliscor|atk|2
|
|-heal|p1a: Gliscor|60/100 tox|[from] ability: Poison Heal
|-ability|p2a: Scolipede X|Speed Boost|boost
|-boost|p2a: Scolipede X|spe|1
|upkeep
|turn|4
|
|t:|1779620534
|move|p2a: Scolipede X|Fire Punch|p1a: Gliscor
|-damage|p1a: Gliscor|8/100 tox
|move|p1a: Gliscor|Earthquake|p2a: Scolipede X
|-supereffective|p2a: Scolipede X
|-enditem|p2a: Scolipede X|Focus Sash
|-damage|p2a: Scolipede X|1/100
|
|-heal|p1a: Gliscor|20/100 tox|[from] ability: Poison Heal
|-ability|p2a: Scolipede X|Speed Boost|boost
|-boost|p2a: Scolipede X|spe|1
|upkeep
|turn|5
|inactive|Darthmarth333 has 120 seconds left.
|inactive|Darthmarth333 has 90 seconds left.
|
|t:|1779620592
|switch|p1a: Hatterene|Hatterene, F|100/100
|move|p2a: Scolipede X|Fire Punch|p1a: Hatterene
|-damage|p1a: Hatterene|52/100
|
|-heal|p1a: Hatterene|58/100|[from] item: Leftovers
|-ability|p2a: Scolipede X|Speed Boost|boost
|-boost|p2a: Scolipede X|spe|1
|upkeep
|turn|6
|inactive|Darthmarth333 has 90 seconds left.
|
|t:|1779620607
|move|p2a: Scolipede X|Fire Punch|p1a: Hatterene
|-damage|p1a: Hatterene|9/100
|-status|p1a: Hatterene|brn
|move|p1a: Hatterene|Draining Kiss|p2a: Scolipede X
|-damage|p2a: Scolipede X|0 fnt
|-heal|p1a: Hatterene|10/100 brn|[from] drain|[of] p2a: Scolipede X
|faint|p2a: Scolipede X
|
|-heal|p1a: Hatterene|16/100 brn|[from] item: Leftovers
|-damage|p1a: Hatterene|10/100 brn|[from] brn
|upkeep
|inactive|party girl 2004 has 120 seconds left.
|
|t:|1779620642
|switch|p2a: Serperior|Serperior, F, shiny|100/100
|turn|7
|
|t:|1779620651
|move|p2a: Serperior|Leaf Storm|p1a: Hatterene
|-damage|p1a: Hatterene|0 fnt
|-boost|p2a: Serperior|spa|2
|faint|p1a: Hatterene
|
|upkeep
|
|t:|1779620663
|switch|p1a: Iron Moth|Iron Moth|100/100
|-enditem|p1a: Iron Moth|Booster Energy
|-activate|p1a: Iron Moth|ability: Quark Drive|[fromitem]
|-start|p1a: Iron Moth|quarkdrivespe
|turn|8
|
|t:|1779620677
|move|p1a: Iron Moth|Toxic Spikes|p2a: Serperior
|-sidestart|p2: party girl 2004|move: Toxic Spikes
|move|p2a: Serperior|Taunt|p1a: Iron Moth
|-start|p1a: Iron Moth|move: Taunt
|
|-sideend|p1: Darthmarth333|Reflect
|upkeep
|turn|9
|
|t:|1779620690
|move|p1a: Iron Moth|Fiery Dance|p2a: Serperior
|-supereffective|p2a: Serperior
|-enditem|p2a: Serperior|Focus Sash
|-damage|p2a: Serperior|1/100
|move|p2a: Serperior|Glare|p1a: Iron Moth
|-status|p1a: Iron Moth|par
|
|upkeep
|turn|10
|
|t:|1779620707
|move|p2a: Serperior|Reflect|p2a: Serperior
|-sidestart|p2: party girl 2004|Reflect
|move|p1a: Iron Moth|Fiery Dance|p2a: Serperior
|-supereffective|p2a: Serperior
|-damage|p2a: Serperior|0 fnt
|-boost|p1a: Iron Moth|spa|1
|faint|p2a: Serperior
|
|upkeep
|
|t:|1779620713
|switch|p2a: Zapdos|Zapdos|100/100
|-ability|p2a: Zapdos|Pressure
|turn|11
|
|t:|1779620736
|move|p2a: Zapdos|Agility|p2a: Zapdos
|-boost|p2a: Zapdos|spe|2
|cant|p1a: Iron Moth|par
|
|-end|p1a: Iron Moth|move: Taunt
|upkeep
|turn|12
|
|t:|1779620750
|move|p2a: Zapdos|Ancient Power|p1a: Iron Moth
|-supereffective|p1a: Iron Moth
|-damage|p1a: Iron Moth|55/100 par
|-boost|p2a: Zapdos|atk|1
|-boost|p2a: Zapdos|def|1
|-boost|p2a: Zapdos|spa|1
|-boost|p2a: Zapdos|spd|1
|-boost|p2a: Zapdos|spe|1
|move|p1a: Iron Moth|Toxic Spikes|p2a: Zapdos
|-sidestart|p2: party girl 2004|move: Toxic Spikes
|
|upkeep
|turn|13
|
|t:|1779620759
|move|p2a: Zapdos|Ancient Power|p1a: Iron Moth
|-supereffective|p1a: Iron Moth
|-damage|p1a: Iron Moth|0 fnt
|faint|p1a: Iron Moth
|-end|p1a: Iron Moth|Quark Drive|[silent]
|
|upkeep
|
|t:|1779620774
|switch|p1a: Zamazenta|Zamazenta|100/100
|turn|14
|
|t:|1779620797
|-terastallize|p2a: Zapdos|Electric
|move|p2a: Zapdos|Ancient Power|p1a: Zamazenta
|-resisted|p1a: Zamazenta
|-damage|p1a: Zamazenta|88/100
|move|p1a: Zamazenta|Light Screen|p1a: Zamazenta
|-sidestart|p1: Darthmarth333|move: Light Screen
|
|-sideend|p2: party girl 2004|Reflect
|upkeep
|turn|15
|inactive|Darthmarth333 has 90 seconds left.
|
|t:|1779620836
|switch|p1a: Gliscor|Gliscor, M|20/100 tox
|move|p2a: Zapdos|Ancient Power|p1a: Gliscor
|-damage|p1a: Gliscor|0 fnt
|faint|p1a: Gliscor
|
|upkeep
|
|t:|1779620852
|switch|p1a: Raging Bolt|Raging Bolt|100/100
|-enditem|p1a: Raging Bolt|Booster Energy
|-activate|p1a: Raging Bolt|ability: Protosynthesis|[fromitem]
|-start|p1a: Raging Bolt|protosynthesisspa
|turn|16
|
|t:|1779620869
|move|p2a: Zapdos|Ancient Power|p1a: Raging Bolt
|-damage|p1a: Raging Bolt|84/100
|move|p1a: Raging Bolt|Dragon Pulse|p2a: Zapdos
|-damage|p2a: Zapdos|49/100
|
|upkeep
|turn|17
|
|t:|1779620877
|move|p2a: Zapdos|Ancient Power|p1a: Raging Bolt
|-damage|p1a: Raging Bolt|66/100
|move|p1a: Raging Bolt|Dragon Pulse|p2a: Zapdos
|-damage|p2a: Zapdos|0 fnt
|faint|p2a: Zapdos
|
|upkeep
|
|t:|1779620888
|switch|p2a: Skarmory|Skarmory, F, shiny|100/100
|turn|18
|
|t:|1779620900
|move|p2a: Skarmory|Taunt|p1a: Raging Bolt
|-start|p1a: Raging Bolt|move: Taunt
|move|p1a: Raging Bolt|Thunderbolt|p2a: Skarmory
|-supereffective|p2a: Skarmory
|-ability|p2a: Skarmory|Sturdy
|-damage|p2a: Skarmory|1/100
|-status|p2a: Skarmory|par
|
|upkeep
|turn|19
|-enditem|p2a: Skarmory|Custap Berry|[eat]
|-activate|p2a: Skarmory|item: Custap Berry|[consumed]
|
|t:|1779620910
|move|p2a: Skarmory|Brave Bird|p1a: Raging Bolt
|-resisted|p1a: Raging Bolt
|-damage|p1a: Raging Bolt|45/100
|-damage|p2a: Skarmory|0 fnt|[from] Recoil
|faint|p2a: Skarmory
|move|p1a: Raging Bolt|Thunderbolt|p2: Skarmory|[notarget]
|-fail|p1a: Raging Bolt
|
|upkeep
|
|t:|1779620925
|switch|p2a: Greninja|Greninja, M|100/100
|-status|p2a: Greninja|tox
|turn|20
|inactive|Darthmarth333 has 90 seconds left.
|
|t:|1779620936
|move|p1a: Raging Bolt|Thunderclap|p2a: Greninja
|-supereffective|p2a: Greninja
|-damage|p2a: Greninja|0 fnt
|faint|p2a: Greninja
|
|-end|p1a: Raging Bolt|move: Taunt
|upkeep
|
|t:|1779620939
|switch|p2a: Iron Valiant|Iron Valiant|100/100
|-status|p2a: Iron Valiant|tox
|-enditem|p2a: Iron Valiant|Booster Energy
|-activate|p2a: Iron Valiant|ability: Quark Drive|[fromitem]
|-start|p2a: Iron Valiant|quarkdrivespe
|turn|21
|-message|party girl 2004 forfeited.
|
|win|Darthmarth333
|raw|Darthmarth333's rating: 1397 &rarr; <strong>1414</strong><br />(+17 for winning)
|raw|party girl 2004's rating: 1349 &rarr; <strong>1332</strong><br />(-17 for losing)
|l|☆party girl 2004
|player|p2|
|l|☆Darthmarth333
|player|p1|
|j|☆Darthmarth333
|player|p1|Darthmarth333|2|
