|j|☆Sombyr2
|j|☆bushishizhijie
|t:|1779604503
|gametype|singles
|player|p1|Sombyr2|lady-gen4|1157
|player|p2|bushishizhijie|102|1133
|gen|9
|tier|[Gen 9] OU
|rated|
|rule|HP Percentage Mod: HP is shown in percentages
|rule|Endless Battle Clause: Forcing endless battles is banned
|rule|Species Clause: Limit one of each Pokémon
|rule|OHKO Clause: OHKO moves are banned
|rule|Evasion Items Clause: Evasion items are banned
|rule|Evasion Moves Clause: Evasion moves are banned
|rule|Evasion Abilities Clause: Evasion abilities are banned
|rule|Sleep Moves Clause: Sleep-inducing moves are banned
|clearpoke
|poke|p1|Corviknight, F|
|poke|p1|Gholdengo|
|poke|p1|Necrozma|
|poke|p1|Umbreon, M|
|poke|p1|Dragonite, M|
|poke|p1|Kommo-o, F|
|poke|p2|Great Tusk|
|poke|p2|Ceruledge, M|
|poke|p2|Kommo-o, M|
|poke|p2|Hatterene, F|
|poke|p2|Deoxys-Speed|
|poke|p2|Ogerpon-Wellspring, F|
|teampreview
|
|t:|1779604524
|teamsize|p1|6
|teamsize|p2|6
|start
|switch|p1a: Kommo-o|Kommo-o, F|100/100
|switch|p2a: Deoxys|Deoxys-Speed|100/100
|-ability|p2a: Deoxys|Pressure
|turn|1
|
|t:|1779604531
|move|p2a: Deoxys|Taunt|p1a: Kommo-o
|-start|p1a: Kommo-o|move: Taunt
|move|p1a: Kommo-o|Boomburst|p2a: Deoxys
|-damage|p2a: Deoxys|54/100
|
|upkeep
|turn|2
|
|t:|1779604538
|move|p2a: Deoxys|Light Screen|p2a: Deoxys
|-sidestart|p2: bushishizhijie|move: Light Screen
|move|p1a: Kommo-o|Boomburst|p2a: Deoxys
|-damage|p2a: Deoxys|29/100
|
|upkeep
|turn|3
|
|t:|1779604549
|switch|p2a: Kommo-o|Kommo-o, M|100/100
|move|p1a: Kommo-o|Boomburst|p2a: Kommo-o
|-immune|p2a: Kommo-o|[from] ability: Soundproof
|
|-end|p1a: Kommo-o|move: Taunt
|upkeep
|turn|4
|
|t:|1779604557
|-terastallize|p2a: Kommo-o|Ghost
|move|p2a: Kommo-o|Clangorous Soul|p2a: Kommo-o
|-boost|p2a: Kommo-o|atk|1
|-boost|p2a: Kommo-o|def|1
|-boost|p2a: Kommo-o|spa|1
|-boost|p2a: Kommo-o|spd|1
|-boost|p2a: Kommo-o|spe|1
|-damage|p2a: Kommo-o|68/100
|move|p1a: Kommo-o|Stealth Rock|p2a: Kommo-o
|-sidestart|p2: bushishizhijie|move: Stealth Rock
|
|-heal|p2a: Kommo-o|74/100|[from] item: Leftovers
|upkeep
|turn|5
|
|t:|1779604578
|switch|p1a: Necrozma|Necrozma|100/100
|move|p2a: Kommo-o|Substitute|p2a: Kommo-o
|-start|p2a: Kommo-o|Substitute
|-damage|p2a: Kommo-o|49/100
|
|-heal|p2a: Kommo-o|55/100|[from] item: Leftovers
|upkeep
|turn|6
|
|t:|1779604586
|move|p2a: Kommo-o|Shadow Claw|p1a: Necrozma
|-supereffective|p1a: Necrozma
|-damage|p1a: Necrozma|57/100
|-damage|p2a: Kommo-o|39/100|[from] item: Rocky Helmet|[of] p1a: Necrozma
|move|p1a: Necrozma|Calm Mind|p1a: Necrozma
|-boost|p1a: Necrozma|spa|1
|-boost|p1a: Necrozma|spd|1
|
|-heal|p2a: Kommo-o|45/100|[from] item: Leftovers
|upkeep
|turn|7
|
|t:|1779604602
|move|p2a: Kommo-o|Drain Punch|p1a: Necrozma
|-resisted|p1a: Necrozma
|-damage|p1a: Necrozma|40/100
|-heal|p2a: Kommo-o|57/100|[from] drain|[of] p1a: Necrozma
|-damage|p2a: Kommo-o|40/100|[from] item: Rocky Helmet|[of] p1a: Necrozma
|move|p1a: Necrozma|Moonlight|p1a: Necrozma
|-heal|p1a: Necrozma|90/100
|
|-heal|p2a: Kommo-o|47/100|[from] item: Leftovers
|upkeep
|turn|8
|
|t:|1779604612
|move|p2a: Kommo-o|Clangorous Soul|p2a: Kommo-o
|-boost|p2a: Kommo-o|atk|1
|-boost|p2a: Kommo-o|def|1
|-boost|p2a: Kommo-o|spa|1
|-boost|p2a: Kommo-o|spd|1
|-boost|p2a: Kommo-o|spe|1
|-damage|p2a: Kommo-o|14/100
|move|p1a: Necrozma|Iron Defense|p1a: Necrozma
|-boost|p1a: Necrozma|def|2
|
|-heal|p2a: Kommo-o|20/100|[from] item: Leftovers
|upkeep
|turn|9
|
|t:|1779604627
|move|p2a: Kommo-o|Shadow Claw|p1a: Necrozma
|-supereffective|p1a: Necrozma
|-damage|p1a: Necrozma|61/100
|-damage|p2a: Kommo-o|3/100|[from] item: Rocky Helmet|[of] p1a: Necrozma
|move|p1a: Necrozma|Calm Mind|p1a: Necrozma
|-boost|p1a: Necrozma|spa|1
|-boost|p1a: Necrozma|spd|1
|
|-heal|p2a: Kommo-o|9/100|[from] item: Leftovers
|-sideend|p2: bushishizhijie|move: Light Screen
|upkeep
|turn|10
|inactive|Battle timer is ON: inactive players will automatically lose when time's up. (requested by Sombyr2)
|inactive|bushishizhijie has 120 seconds left.
|inactive|bushishizhijie has 90 seconds left.
|inactive|bushishizhijie has 60 seconds left.
|inactive|bushishizhijie has 30 seconds left.
|inactive|bushishizhijie has 20 seconds left.
|inactive|bushishizhijie has 15 seconds left.
|inactive|bushishizhijie has 10 seconds left.
|inactive|bushishizhijie has 5 seconds left.
|-message|bushishizhijie lost due to inactivity.
|
|win|Sombyr2
|raw|Sombyr2's rating: 1157 &rarr; <strong>1178</strong><br />(+21 for winning)
|raw|bushishizhijie's rating: 1105 &rarr; <strong>1084</strong><br />(-21 for losing)
|l|☆Sombyr2
|player|p1|
|l|☆bushishizhijie
|player|p2|
