|j|☆Metal_In_Microwave
|j|☆PieCubed^3
|t:|1779650805
|gametype|singles
|player|p1|Metal_In_Microwave|266|1410
|player|p2|PieCubed^3|hilda-wonderlauncher|1462
|gen|9
|tier|[Gen 9] OU
|rated|
|rule|HP Percentage Mod: HP is shown in percentages
|rule|Endless Battle Clause: Forcing endless battles is banned
|rule|Species Clause: Limit one of each Pokémon
|rule|OHKO Clause: OHKO moves are banned
|rule|Evasion Items Clause: Evasion items are banned
|rule|Evasion Moves Clause: Evasion moves are banned
|rule|Evasion Abilities Clause: Evasion abilities are banned
|rule|Sleep Moves Clause: Sleep-inducing moves are banned
|clearpoke
|poke|p1|Eelektross, F|
|poke|p1|Braviary-Hisui, M|
|poke|p1|Bellibolt, M|
|poke|p1|Ogerpon-Wellspring, F|
|poke|p1|Pelipper, M|
|poke|p1|Dragonite, F|
|poke|p2|Ceruledge, M|
|poke|p2|Gholdengo|
|poke|p2|Zamazenta-*|
|poke|p2|Glimmora, F|
|poke|p2|Deoxys-Speed|
|poke|p2|Darkrai|
|teampreview
|inactive|Battle timer is ON: inactive players will automatically lose when time's up. (requested by PieCubed^3)
|
|t:|1779650832
|teamsize|p1|6
|teamsize|p2|6
|start
|switch|p1a: Pelipper|Pelipper, M|100/100
|switch|p2a: Bite and Break|Zamazenta|100/100
|-ability|p2a: Bite and Break|Dauntless Shield|boost
|-boost|p2a: Bite and Break|def|1
|-weather|RainDance|[from] ability: Drizzle|[of] p1a: Pelipper
|turn|1
|
|t:|1779650836
|move|p2a: Bite and Break|Light Screen|p2a: Bite and Break
|-sidestart|p2: PieCubed^3|move: Light Screen
|move|p1a: Pelipper|Hurricane|p2a: Bite and Break
|-supereffective|p2a: Bite and Break
|-damage|p2a: Bite and Break|66/100
|-start|p2a: Bite and Break|confusion
|
|-weather|RainDance|[upkeep]
|upkeep
|turn|2
|
|t:|1779650840
|-activate|p2a: Bite and Break|confusion
|move|p2a: Bite and Break|Reflect|p2a: Bite and Break
|-sidestart|p2: PieCubed^3|Reflect
|move|p1a: Pelipper|Hurricane|p2a: Bite and Break
|-supereffective|p2a: Bite and Break
|-damage|p2a: Bite and Break|27/100
|
|-weather|RainDance|[upkeep]
|upkeep
|turn|3
|
|t:|1779650850
|switch|p2a: Darkrai|Darkrai|100/100
|move|p1a: Pelipper|Hurricane|p2a: Darkrai
|-damage|p2a: Darkrai|70/100
|
|-weather|RainDance|[upkeep]
|-heal|p2a: Darkrai|76/100|[from] item: Leftovers
|upkeep
|turn|4
|
|t:|1779650853
|move|p2a: Darkrai|Nasty Plot|p2a: Darkrai
|-boost|p2a: Darkrai|spa|2
|move|p1a: Pelipper|U-turn|p2a: Darkrai
|-supereffective|p2a: Darkrai
|-damage|p2a: Darkrai|65/100
|
|t:|1779650867
|switch|p1a: Eelektross|Eelektross, F, shiny|100/100|[from] U-turn
|
|-weather|RainDance|[upkeep]
|-heal|p2a: Darkrai|71/100|[from] item: Leftovers
|upkeep
|turn|5
|
|t:|1779650873
|move|p2a: Darkrai|Dark Pulse|p1a: Eelektross
|-damage|p1a: Eelektross|45/100
|move|p1a: Eelektross|Thunder|p2a: Darkrai
|-damage|p2a: Darkrai|37/100
|
|-weather|RainDance|[upkeep]
|-heal|p2a: Darkrai|43/100|[from] item: Leftovers
|upkeep
|turn|6
|
|t:|1779650878
|move|p2a: Darkrai|Dark Pulse|p1a: Eelektross
|-damage|p1a: Eelektross|0 fnt
|faint|p1a: Eelektross
|
|-weather|RainDance|[upkeep]
|-heal|p2a: Darkrai|49/100|[from] item: Leftovers
|upkeep
|
|t:|1779650891
|switch|p1a: Dragonite|Dragonite, F|100/100
|turn|7
|
|t:|1779650897
|move|p2a: Darkrai|Ice Beam|p1a: Dragonite
|-supereffective|p1a: Dragonite
|-damage|p1a: Dragonite|0 fnt
|faint|p1a: Dragonite
|
|-weather|RainDance|[upkeep]
|-heal|p2a: Darkrai|55/100|[from] item: Leftovers
|upkeep
|
|t:|1779650907
|switch|p1a: Bellibolt|Bellibolt, M|100/100
|turn|8
|
|t:|1779650917
|move|p2a: Darkrai|Dark Pulse|p1a: Bellibolt
|-damage|p1a: Bellibolt|29/100
|-start|p1a: Bellibolt|Charge|Dark Pulse|[from] ability: Electromorphosis
|-enditem|p1a: Bellibolt|Sitrus Berry|[eat]
|-heal|p1a: Bellibolt|54/100|[from] item: Sitrus Berry
|move|p1a: Bellibolt|Thunder|p2a: Darkrai
|-damage|p2a: Darkrai|0 fnt
|faint|p2a: Darkrai
|-end|p1a: Bellibolt|Charge|[silent]
|
|-weather|none
|-sideend|p2: PieCubed^3|move: Light Screen
|upkeep
|
|t:|1779650943
|switch|p2a: Bite and Break|Zamazenta|27/100
|turn|9
|
|t:|1779650952
|switch|p1a: Braviary|Braviary-Hisui, M|100/100
|move|p2a: Bite and Break|Light Screen|p2a: Bite and Break
|-sidestart|p2: PieCubed^3|move: Light Screen
|
|-sideend|p2: PieCubed^3|Reflect
|upkeep
|turn|10
|
|t:|1779650955
|move|p2a: Bite and Break|Reflect|p2a: Bite and Break
|-sidestart|p2: PieCubed^3|Reflect
|move|p1a: Braviary|Esper Wing|p2a: Bite and Break
|-supereffective|p2a: Bite and Break
|-damage|p2a: Bite and Break|0 fnt
|-boost|p1a: Braviary|spe|1
|faint|p2a: Bite and Break
|
|upkeep
|
|t:|1779650960
|switch|p2a: Glimmora|Glimmora, F|100/100
|turn|11
|
|t:|1779650964
|move|p1a: Braviary|Psychic Noise|p2a: Glimmora
|-supereffective|p2a: Glimmora
|-damage|p2a: Glimmora|56/100
|-start|p2a: Glimmora|move: Heal Block
|-enditem|p1a: Braviary|Throat Spray
|-boost|p1a: Braviary|spa|1|[from] item: Throat Spray
|move|p2a: Glimmora|Meteor Beam||[still]
|-prepare|p2a: Glimmora|Meteor Beam
|-boost|p2a: Glimmora|spa|1
|-enditem|p2a: Glimmora|Power Herb
|-anim|p2a: Glimmora|Meteor Beam|p1a: Braviary|[miss]
|-miss|p2a: Glimmora|p1a: Braviary
|
|upkeep
|turn|12
|c|☆PieCubed^3|of
|c|☆PieCubed^3|ofc
|
|t:|1779650978
|move|p1a: Braviary|Esper Wing|p2a: Glimmora
|-supereffective|p2a: Glimmora
|-crit|p2a: Glimmora
|-damage|p2a: Glimmora|0 fnt
|-boost|p1a: Braviary|spe|1
|faint|p2a: Glimmora
|
|upkeep
|
|t:|1779650982
|switch|p2a: Gholdman sacs|Gholdengo|100/100
|-item|p2a: Gholdman sacs|Air Balloon
|turn|13
|
|t:|1779650989
|move|p1a: Braviary|Hurricane|p2a: Gholdman sacs
|-resisted|p2a: Gholdman sacs
|-damage|p2a: Gholdman sacs|53/100
|-enditem|p2a: Gholdman sacs|Air Balloon
|move|p2a: Gholdman sacs|Nasty Plot|p2a: Gholdman sacs
|-boost|p2a: Gholdman sacs|spa|2
|
|upkeep
|turn|14
|inactive|Metal_In_Microwave has 120 seconds left.
|
|t:|1779651019
|move|p1a: Braviary|Esper Wing|p2a: Gholdman sacs
|-resisted|p2a: Gholdman sacs
|-damage|p2a: Gholdman sacs|19/100
|-boost|p1a: Braviary|spe|1
|move|p2a: Gholdman sacs|Shadow Ball|p1a: Braviary
|-supereffective|p1a: Braviary
|-crit|p1a: Braviary
|-damage|p1a: Braviary|0 fnt
|faint|p1a: Braviary
|
|upkeep
|inactive|Metal_In_Microwave has 120 seconds left.
|
|t:|1779651026
|switch|p1a: Ogerpon|Ogerpon-Wellspring, F|100/100
|turn|15
|
|t:|1779651030
|move|p1a: Ogerpon|Ivy Cudgel|p2a: Gholdman sacs|[anim] Ivy Cudgel Water
|-damage|p2a: Gholdman sacs|0 fnt
|faint|p2a: Gholdman sacs
|
|upkeep
|
|t:|1779651037
|switch|p2a: Deoxys|Deoxys-Speed|100/100
|-ability|p2a: Deoxys|Pressure
|turn|16
|
|t:|1779651046
|switch|p1a: Pelipper|Pelipper, M|100/100
|-weather|RainDance|[from] ability: Drizzle|[of] p1a: Pelipper
|move|p2a: Deoxys|Nasty Plot|p2a: Deoxys
|-boost|p2a: Deoxys|spa|2
|
|-weather|RainDance|[upkeep]
|-sideend|p2: PieCubed^3|move: Light Screen
|upkeep
|turn|17
|
|t:|1779651059
|move|p2a: Deoxys|Nasty Plot|p2a: Deoxys
|-boost|p2a: Deoxys|spa|2
|move|p1a: Pelipper|Weather Ball|p2a: Deoxys
|-damage|p2a: Deoxys|5/100
|
|-weather|RainDance|[upkeep]
|-sideend|p2: PieCubed^3|Reflect
|upkeep
|turn|18
|
|t:|1779651063
|move|p2a: Deoxys|Psycho Boost|p1a: Pelipper
|-damage|p1a: Pelipper|0 fnt
|-unboost|p2a: Deoxys|spa|2
|faint|p1a: Pelipper
|-damage|p2a: Deoxys|0 fnt|[from] item: Life Orb
|faint|p2a: Deoxys
|
|-weather|RainDance|[upkeep]
|upkeep
|
|t:|1779651069
|switch|p2a: Folly|Ceruledge, M|100/100
|switch|p1a: Ogerpon|Ogerpon-Wellspring, F|100/100
|turn|19
|
|t:|1779651073
|-terastallize|p1a: Ogerpon|Water
|detailschange|p1a: Ogerpon|Ogerpon-Wellspring-Tera, F, tera:Water
|-ability|p1a: Ogerpon|Embody Aspect (Wellspring)|boost
|-boost|p1a: Ogerpon|spd|1
|-terastallize|p2a: Folly|Ghost
|move|p1a: Ogerpon|Ivy Cudgel|p2a: Folly|[anim] Ivy Cudgel Water
|-damage|p2a: Folly|0 fnt
|faint|p2a: Folly
|
|win|Metal_In_Microwave
|raw|Metal_In_Microwave's rating: 1410 &rarr; <strong>1433</strong><br />(+23 for winning)
|raw|PieCubed^3's rating: 1462 &rarr; <strong>1439</strong><br />(-23 for losing)
|l|☆PieCubed^3
|player|p2|
|l|☆Metal_In_Microwave
|player|p1|
