|j|☆ChudleyDw1irks67
|j|☆ImOuTtT
|t:|1779704946
|gametype|singles
|player|p1|ChudleyDw1irks67|pokefan-gen4|1174
|player|p2|ImOuTtT|170|1174
|gen|9
|tier|[Gen 9] OU
|rated|
|rule|HP Percentage Mod: HP is shown in percentages
|rule|Endless Battle Clause: Forcing endless battles is banned
|rule|Species Clause: Limit one of each Pokémon
|rule|OHKO Clause: OHKO moves are banned
|rule|Evasion Items Clause: Evasion items are banned
|rule|Evasion Moves Clause: Evasion moves are banned
|rule|Evasion Abilities Clause: Evasion abilities are banned
|rule|Sleep Moves Clause: Sleep-inducing moves are banned
|clearpoke
|poke|p1|Exeggutor-Alola, F|
|poke|p1|Slowking-Galar, F|
|poke|p1|Torkoal, M|
|poke|p1|Ursaluna, F|
|poke|p1|Hatterene, F|
|poke|p1|Great Tusk|
|poke|p2|Cinderace, F|
|poke|p2|Great Tusk|
|poke|p2|Iron Moth|
|poke|p2|Raging Bolt|
|poke|p2|Ribombee, F|
|poke|p2|Eelektross, M|
|teampreview
|c|☆ChudleyDw1irks67|glhf
|
|t:|1779704979
|teamsize|p1|6
|teamsize|p2|6
|start
|switch|p1a: Slowking|Slowking-Galar, F|100/100
|switch|p2a: Ribombee|Ribombee, F|100/100
|turn|1
|
|t:|1779704989
|move|p2a: Ribombee|Sticky Web|p1a: Slowking
|-sidestart|p1: ChudleyDw1irks67|move: Sticky Web
|move|p1a: Slowking|Toxic|p2a: Ribombee
|-status|p2a: Ribombee|tox
|
|-damage|p2a: Ribombee|94/100 tox|[from] psn
|upkeep
|turn|2
|
|t:|1779704998
|move|p2a: Ribombee|Moonblast|p1a: Slowking
|-resisted|p1a: Slowking
|-damage|p1a: Slowking|85/100
|move|p1a: Slowking|Trick Room|p1a: Slowking
|-fieldstart|move: Trick Room|[of] p1a: Slowking
|
|-heal|p1a: Slowking|91/100|[from] item: Leftovers
|-damage|p2a: Ribombee|82/100 tox|[from] psn
|upkeep
|turn|3
|
|t:|1779705014
|switch|p1a: Ursaluna|Ursaluna, F|100/100
|-activate|p1a: Ursaluna|move: Sticky Web
|-unboost|p1a: Ursaluna|spe|1
|switch|p2a: Eelektross|Eelektross, M|100/100
|
|-status|p1a: Ursaluna|brn|[from] item: Flame Orb
|upkeep
|turn|4
|
|t:|1779705024
|move|p1a: Ursaluna|Facade|p2a: Eelektross
|-damage|p2a: Eelektross|0 fnt
|faint|p2a: Eelektross
|
|-damage|p1a: Ursaluna|94/100 brn|[from] brn
|upkeep
|
|t:|1779705032
|switch|p2a: Cinderace|Cinderace, F|100/100
|turn|5
|
|t:|1779705047
|move|p1a: Ursaluna|Facade|p2a: Cinderace
|-damage|p2a: Cinderace|0 fnt
|faint|p2a: Cinderace
|
|-damage|p1a: Ursaluna|88/100 brn|[from] brn
|upkeep
|
|t:|1779705053
|switch|p2a: Raging Bolt|Raging Bolt|100/100
|-enditem|p2a: Raging Bolt|Booster Energy
|-activate|p2a: Raging Bolt|ability: Protosynthesis|[fromitem]
|-start|p2a: Raging Bolt|protosynthesisspa
|turn|6
|
|t:|1779705064
|-terastallize|p2a: Raging Bolt|Dark
|move|p1a: Ursaluna|Headlong Rush|p2a: Raging Bolt
|-damage|p2a: Raging Bolt|10/100
|-unboost|p1a: Ursaluna|def|1
|-unboost|p1a: Ursaluna|spd|1
|move|p2a: Raging Bolt|Dragon Pulse|p1a: Ursaluna
|-damage|p1a: Ursaluna|8/100 brn
|
|-damage|p1a: Ursaluna|1/100 brn|[from] brn
|-fieldend|move: Trick Room
|upkeep
|turn|7
|
|t:|1779705076
|move|p2a: Raging Bolt|Thunderclap|p1a: Ursaluna
|-immune|p1a: Ursaluna
|move|p1a: Ursaluna|Facade|p2a: Raging Bolt
|-damage|p2a: Raging Bolt|0 fnt
|faint|p2a: Raging Bolt
|-end|p2a: Raging Bolt|Protosynthesis|[silent]
|
|-damage|p1a: Ursaluna|0 fnt|[from] brn
|faint|p1a: Ursaluna
|upkeep
|c|☆ChudleyDw1irks67|omds
|c|☆ChudleyDw1irks67|LOL
|
|t:|1779705092
|switch|p2a: Ribombee|Ribombee, F|82/100 tox
|switch|p1a: Torkoal|Torkoal, M|100/100
|-activate|p1a: Torkoal|move: Sticky Web
|-unboost|p1a: Torkoal|spe|1
|-weather|SunnyDay|[from] ability: Drought|[of] p1a: Torkoal
|turn|8
|
|t:|1779705102
|move|p2a: Ribombee|Moonblast|p1a: Torkoal
|-resisted|p1a: Torkoal
|-damage|p1a: Torkoal|73/100
|-unboost|p1a: Torkoal|spa|1
|move|p1a: Torkoal|Eruption|p2a: Ribombee
|-supereffective|p2a: Ribombee
|-damage|p2a: Ribombee|0 fnt
|faint|p2a: Ribombee
|
|-weather|SunnyDay|[upkeep]
|upkeep
|c|☆ChudleyDw1irks67|get me OUT of ts elo
|
|t:|1779705114
|switch|p2a: Great Tusk|Great Tusk|100/100
|-activate|p2a: Great Tusk|ability: Protosynthesis
|-start|p2a: Great Tusk|protosynthesisatk
|turn|9
|
|t:|1779705125
|move|p2a: Great Tusk|Earthquake|p1a: Torkoal
|-supereffective|p1a: Torkoal
|-damage|p1a: Torkoal|0 fnt
|faint|p1a: Torkoal
|
|-weather|SunnyDay|[upkeep]
|upkeep
|
|t:|1779705133
|switch|p1a: Slowking|Slowking-Galar, F|100/100
|-activate|p1a: Slowking|move: Sticky Web
|-unboost|p1a: Slowking|spe|1
|turn|10
|
|t:|1779705138
|-terastallize|p1a: Slowking|Ghost
|move|p2a: Great Tusk|Earthquake|p1a: Slowking
|-damage|p1a: Slowking|59/100
|-prepare|p1a: Slowking|Chilly Reception|[premajor]
|move|p1a: Slowking|Chilly Reception|p1a: Slowking
|-weather|Snowscape
|-end|p2a: Great Tusk|Protosynthesis
|-enditem|p2a: Great Tusk|Booster Energy
|-activate|p2a: Great Tusk|ability: Protosynthesis|[fromitem]
|-start|p2a: Great Tusk|protosynthesisatk
|
|t:|1779705151
|switch|p1a: Exeggutor|Exeggutor-Alola, F|100/100|[from] Chilly Reception
|-activate|p1a: Exeggutor|move: Sticky Web
|-unboost|p1a: Exeggutor|spe|1
|
|-weather|Snowscape|[upkeep]
|upkeep
|turn|11
|
|t:|1779705159
|move|p2a: Great Tusk|Ice Spinner|p1a: Exeggutor
|-supereffective|p1a: Exeggutor
|-damage|p1a: Exeggutor|0 fnt
|faint|p1a: Exeggutor
|
|-weather|Snowscape|[upkeep]
|upkeep
|
|t:|1779705166
|switch|p1a: Great Tusk|Great Tusk|100/100
|-activate|p1a: Great Tusk|move: Sticky Web
|-unboost|p1a: Great Tusk|spe|1
|turn|12
|
|t:|1779705171
|move|p2a: Great Tusk|Ice Spinner|p1a: Great Tusk
|-supereffective|p1a: Great Tusk
|-damage|p1a: Great Tusk|53/100
|move|p1a: Great Tusk|Ice Spinner|p2a: Great Tusk
|-supereffective|p2a: Great Tusk
|-damage|p2a: Great Tusk|32/100
|
|-weather|Snowscape|[upkeep]
|upkeep
|turn|13
|
|t:|1779705179
|move|p2a: Great Tusk|Ice Spinner|p1a: Great Tusk
|-supereffective|p1a: Great Tusk
|-crit|p1a: Great Tusk
|-damage|p1a: Great Tusk|0 fnt
|faint|p1a: Great Tusk
|-end|p1a: Great Tusk|Protosynthesis|[silent]
|
|-weather|Snowscape|[upkeep]
|upkeep
|c|☆ChudleyDw1irks67|omds
|c|☆ChudleyDw1irks67|u lucky shitter
|
|t:|1779705188
|switch|p1a: Hatterene|Hatterene, F|100/100
|-activate|p1a: Hatterene|move: Sticky Web
|-unboost|p1a: Hatterene|spe|1
|turn|14
|
|t:|1779705194
|move|p2a: Great Tusk|Iron Head|p1a: Hatterene
|-supereffective|p1a: Hatterene
|-damage|p1a: Hatterene|24/100
|move|p1a: Hatterene|Draining Kiss|p2a: Great Tusk
|-supereffective|p2a: Great Tusk
|-damage|p2a: Great Tusk|0 fnt
|-heal|p1a: Hatterene|52/100|[from] drain|[of] p2a: Great Tusk
|faint|p2a: Great Tusk
|-end|p2a: Great Tusk|Protosynthesis|[silent]
|
|-weather|none
|-heal|p1a: Hatterene|58/100|[from] item: Leftovers
|upkeep
|
|t:|1779705205
|switch|p2a: Iron Moth|Iron Moth|100/100
|-enditem|p2a: Iron Moth|Booster Energy
|-activate|p2a: Iron Moth|ability: Quark Drive|[fromitem]
|-start|p2a: Iron Moth|quarkdrivespa
|turn|15
|
|t:|1779705213
|switch|p1a: Slowking|Slowking-Galar, F, tera:Ghost|92/100
|-activate|p1a: Slowking|move: Sticky Web
|-unboost|p1a: Slowking|spe|1
|move|p2a: Iron Moth|Fiery Dance|p1a: Slowking
|-damage|p1a: Slowking|42/100
|-boost|p2a: Iron Moth|spa|1
|
|-heal|p1a: Slowking|48/100|[from] item: Leftovers
|upkeep
|turn|16
|
|t:|1779705224
|move|p2a: Iron Moth|Fiery Dance|p1a: Slowking
|-damage|p1a: Slowking|0 fnt
|faint|p1a: Slowking
|
|upkeep
|
|t:|1779705231
|switch|p1a: Hatterene|Hatterene, F|58/100
|-activate|p1a: Hatterene|move: Sticky Web
|-unboost|p1a: Hatterene|spe|1
|turn|17
|c|☆ChudleyDw1irks67|yo gg ig!
|c|☆ChudleyDw1irks67|I win without the grit!
|c|☆ChudleyDw1irks67|die
|
|t:|1779705237
|move|p2a: Iron Moth|Fiery Dance|p1a: Hatterene
|-damage|p1a: Hatterene|0 fnt
|faint|p1a: Hatterene
|
|win|ImOuTtT
|raw|ChudleyDw1irks67's rating: 1174 &rarr; <strong>1149</strong><br />(-25 for losing)
|raw|ImOuTtT's rating: 1174 &rarr; <strong>1199</strong><br />(+25 for winning)
|l|☆ChudleyDw1irks67
|player|p1|
|c|☆ImOuTtT|Yeah. Gg
