|j|☆rockinaces
|j|☆Kazuelasnt
|t:|1779665339
|gametype|singles
|player|p1|rockinaces|2|1432
|player|p2|Kazuelasnt|cress|1451
|gen|9
|tier|[Gen 9] OU
|rated|
|rule|HP Percentage Mod: HP is shown in percentages
|rule|Endless Battle Clause: Forcing endless battles is banned
|rule|Species Clause: Limit one of each Pokémon
|rule|OHKO Clause: OHKO moves are banned
|rule|Evasion Items Clause: Evasion items are banned
|rule|Evasion Moves Clause: Evasion moves are banned
|rule|Evasion Abilities Clause: Evasion abilities are banned
|rule|Sleep Moves Clause: Sleep-inducing moves are banned
|clearpoke
|poke|p1|Arcanine-Hisui, F|
|poke|p1|Samurott-Hisui, M|
|poke|p1|Glimmora, M|
|poke|p1|Gholdengo|
|poke|p1|Landorus-Therian, M|
|poke|p1|Iron Valiant|
|poke|p2|Kleavor, M|
|poke|p2|Landorus-Therian, M|
|poke|p2|Gholdengo|
|poke|p2|Dragonite, F|
|poke|p2|Hatterene, F|
|poke|p2|Darkrai|
|teampreview
|
|t:|1779665360
|teamsize|p1|6
|teamsize|p2|6
|start
|switch|p1a: Landorus|Landorus-Therian, M|100/100
|switch|p2a: HomeLANDOR|Landorus-Therian, M, shiny|100/100
|-ability|p2a: HomeLANDOR|Intimidate|boost
|-unboost|p1a: Landorus|atk|1
|-ability|p1a: Landorus|Intimidate|boost
|-unboost|p2a: HomeLANDOR|atk|1
|turn|1
|l|☆Kazuelasnt
|player|p2|
|j|☆Kazuelasnt
|player|p2|Kazuelasnt|cress|
|
|t:|1779665382
|move|p2a: HomeLANDOR|Taunt|p1a: Landorus
|-start|p1a: Landorus|move: Taunt
|cant|p1a: Landorus|move: Taunt|Stealth Rock
|
|upkeep
|turn|2
|
|t:|1779665393
|move|p2a: HomeLANDOR|Stone Edge|p1a: Landorus
|-damage|p1a: Landorus|81/100
|move|p1a: Landorus|U-turn|p2a: HomeLANDOR
|-resisted|p2a: HomeLANDOR
|-damage|p2a: HomeLANDOR|94/100
|-damage|p1a: Landorus|64/100|[from] item: Rocky Helmet|[of] p2a: HomeLANDOR
|
|t:|1779665400
|switch|p1a: Samurott|Samurott-Hisui, M|100/100|[from] U-turn
|
|upkeep
|turn|3
|
|t:|1779665405
|move|p2a: HomeLANDOR|U-turn|p1a: Samurott
|-supereffective|p1a: Samurott
|-damage|p1a: Samurott|59/100
|
|t:|1779665407
|switch|p2a: Filo Señorial|Kleavor, M|100/100|[from] U-turn
|move|p1a: Samurott|Ceaseless Edge|p2a: Filo Señorial
|-damage|p2a: Filo Señorial|41/100
|-sidestart|p2: Kazuelasnt|Spikes
|
|upkeep
|turn|4
|
|t:|1779665419
|switch|p1a: Gholdengo|Gholdengo|100/100
|move|p2a: Filo Señorial|U-turn|p1a: Gholdengo
|-resisted|p1a: Gholdengo
|-damage|p1a: Gholdengo|93/100
|
|t:|1779665436
|switch|p2a: Duke|Darkrai, shiny|100/100|[from] U-turn
|
|upkeep
|turn|5
|
|t:|1779665453
|move|p2a: Duke|Dark Pulse|p1a: Gholdengo
|-supereffective|p1a: Gholdengo
|-damage|p1a: Gholdengo|21/100
|move|p1a: Gholdengo|Nasty Plot|p1a: Gholdengo
|-boost|p1a: Gholdengo|spa|2
|
|upkeep
|turn|6
|
|t:|1779665468
|switch|p1a: Samurott|Samurott-Hisui, M|59/100
|move|p2a: Duke|Knock Off|p1a: Samurott
|-resisted|p1a: Samurott
|-damage|p1a: Samurott|40/100
|-enditem|p1a: Samurott|Focus Sash|[from] move: Knock Off|[of] p2a: Duke
|
|upkeep
|turn|7
|
|t:|1779665478
|move|p2a: Duke|Dark Pulse|p1a: Samurott
|-resisted|p1a: Samurott
|-damage|p1a: Samurott|7/100
|move|p1a: Samurott|Sacred Sword|p2a: Duke
|-supereffective|p2a: Duke
|-damage|p2a: Duke|0 fnt
|faint|p2a: Duke
|
|upkeep
|
|t:|1779665488
|switch|p2a: Filo Señorial|Kleavor, M|41/100
|-damage|p2a: Filo Señorial|28/100|[from] Spikes
|turn|8
|
|t:|1779665493
|move|p1a: Samurott|Sucker Punch|p2a: Filo Señorial
|-damage|p2a: Filo Señorial|0 fnt
|faint|p2a: Filo Señorial
|
|upkeep
|
|t:|1779665499
|switch|p2a: HomeLANDOR|Landorus-Therian, M, shiny|94/100
|-ability|p2a: HomeLANDOR|Intimidate|boost
|-unboost|p1a: Samurott|atk|1
|turn|9
|
|t:|1779665506
|switch|p1a: Gholdengo|Gholdengo|21/100
|move|p2a: HomeLANDOR|Stone Edge|p1a: Gholdengo
|-resisted|p1a: Gholdengo
|-damage|p1a: Gholdengo|7/100
|
|upkeep
|turn|10
|
|t:|1779665515
|move|p2a: HomeLANDOR|Earthquake|p1a: Gholdengo
|-supereffective|p1a: Gholdengo
|-damage|p1a: Gholdengo|0 fnt
|faint|p1a: Gholdengo
|
|upkeep
|
|t:|1779665524
|switch|p1a: Iron Valiant|Iron Valiant|100/100
|-enditem|p1a: Iron Valiant|Booster Energy
|-activate|p1a: Iron Valiant|ability: Quark Drive|[fromitem]
|-start|p1a: Iron Valiant|quarkdrivespe
|turn|11
|
|t:|1779665530
|switch|p2a: Hattie|Hatterene, F|100/100
|-damage|p2a: Hattie|88/100|[from] Spikes
|move|p1a: Iron Valiant|Calm Mind|p1a: Iron Valiant
|-boost|p1a: Iron Valiant|spa|1
|-boost|p1a: Iron Valiant|spd|1
|
|upkeep
|turn|12
|
|t:|1779665540
|-terastallize|p1a: Iron Valiant|Fairy
|move|p1a: Iron Valiant|Calm Mind|p1a: Iron Valiant
|-boost|p1a: Iron Valiant|spa|1
|-boost|p1a: Iron Valiant|spd|1
|move|p2a: Hattie|Draining Kiss|p1a: Iron Valiant
|-damage|p1a: Iron Valiant|76/100
|-heal|p2a: Hattie|100/100|[from] drain|[of] p1a: Iron Valiant
|
|upkeep
|turn|13
|
|t:|1779665549
|move|p1a: Iron Valiant|Moonblast|p2a: Hattie
|-damage|p2a: Hattie|19/100
|move|p2a: Hattie|Psyshock|p1a: Iron Valiant
|-damage|p1a: Iron Valiant|16/100
|
|upkeep
|turn|14
|
|t:|1779665556
|move|p1a: Iron Valiant|Moonblast|p2a: Hattie
|-crit|p2a: Hattie
|-damage|p2a: Hattie|0 fnt
|faint|p2a: Hattie
|
|upkeep
|
|t:|1779665558
|switch|p2a: Alba|Dragonite, F, shiny|100/100
|turn|15
|
|t:|1779665564
|move|p2a: Alba|Extreme Speed|p1a: Iron Valiant
|-damage|p1a: Iron Valiant|0 fnt
|faint|p1a: Iron Valiant
|-end|p1a: Iron Valiant|Quark Drive|[silent]
|
|upkeep
|
|t:|1779665570
|switch|p1a: Glimmora|Glimmora, M|100/100
|turn|16
|
|t:|1779665575
|move|p1a: Glimmora|Power Gem|p2a: Alba
|-supereffective|p2a: Alba
|-damage|p2a: Alba|52/100
|move|p2a: Alba|Dragon Dance|p2a: Alba
|-boost|p2a: Alba|atk|1
|-boost|p2a: Alba|spe|1
|
|upkeep
|turn|17
|
|t:|1779665582
|move|p2a: Alba|Earthquake|p1a: Glimmora
|-supereffective|p1a: Glimmora
|-damage|p1a: Glimmora|0 fnt
|-activate|p1a: Glimmora|ability: Toxic Debris
|-sidestart|p2: Kazuelasnt|move: Toxic Spikes
|faint|p1a: Glimmora
|
|upkeep
|
|t:|1779665590
|switch|p1a: Landorus|Landorus-Therian, M|64/100
|-ability|p1a: Landorus|Intimidate|boost
|-unboost|p2a: Alba|atk|1
|turn|18
|
|t:|1779665596
|move|p2a: Alba|Roost|p2a: Alba
|-heal|p2a: Alba|100/100
|-singleturn|p2a: Alba|move: Roost
|move|p1a: Landorus|U-turn|p2a: Alba
|-damage|p2a: Alba|87/100
|
|t:|1779665604
|switch|p1a: Samurott|Samurott-Hisui, M|7/100|[from] U-turn
|
|upkeep
|turn|19
|
|t:|1779665612
|move|p2a: Alba|Dragon Dance|p2a: Alba
|-boost|p2a: Alba|atk|1
|-boost|p2a: Alba|spe|1
|move|p1a: Samurott|Ceaseless Edge|p2a: Alba
|-damage|p2a: Alba|38/100
|-sidestart|p2: Kazuelasnt|Spikes
|
|upkeep
|turn|20
|
|t:|1779665624
|move|p2a: Alba|Extreme Speed|p1a: Samurott
|-damage|p1a: Samurott|0 fnt
|faint|p1a: Samurott
|
|upkeep
|
|t:|1779665629
|switch|p1a: Landorus|Landorus-Therian, M|64/100
|-ability|p1a: Landorus|Intimidate|boost
|-unboost|p2a: Alba|atk|1
|turn|21
|
|t:|1779665648
|move|p2a: Alba|Extreme Speed|p1a: Landorus
|-damage|p1a: Landorus|39/100
|move|p1a: Landorus|U-turn|p2a: Alba
|-resisted|p2a: Alba
|-damage|p2a: Alba|25/100
|
|t:|1779665655
|switch|p1a: Arcanine|Arcanine-Hisui, F, shiny|100/100|[from] U-turn
|
|upkeep
|turn|22
|
|t:|1779665666
|move|p2a: Alba|Earthquake|p1a: Arcanine
|-supereffective|p1a: Arcanine
|-damage|p1a: Arcanine|0 fnt
|faint|p1a: Arcanine
|
|upkeep
|-message|rockinaces forfeited.
|
|win|Kazuelasnt
|raw|rockinaces's rating: 1432 &rarr; <strong>1413</strong><br />(-19 for losing)
|raw|Kazuelasnt's rating: 1451 &rarr; <strong>1470</strong><br />(+19 for winning)
|l|☆rockinaces
|player|p1|
|l|☆Kazuelasnt
|player|p2|
