|j|☆omega toad17
|j|☆Vkjoggers
|t:|1779576186
|gametype|singles
|player|p1|omega toad17|wattson|1201
|player|p2|Vkjoggers|101|1247
|gen|9
|tier|[Gen 9] OU
|rated|
|rule|HP Percentage Mod: HP is shown in percentages
|rule|Endless Battle Clause: Forcing endless battles is banned
|rule|Species Clause: Limit one of each Pokémon
|rule|OHKO Clause: OHKO moves are banned
|rule|Evasion Items Clause: Evasion items are banned
|rule|Evasion Moves Clause: Evasion moves are banned
|rule|Evasion Abilities Clause: Evasion abilities are banned
|rule|Sleep Moves Clause: Sleep-inducing moves are banned
|clearpoke
|poke|p1|Heatran, M|
|poke|p1|Ogerpon-Wellspring, F|
|poke|p1|Slowking-Galar, M|
|poke|p1|Enamorus, F|
|poke|p1|Kingambit, M|
|poke|p1|Great Tusk|
|poke|p2|Tatsugiri-Droopy, F|
|poke|p2|Goodra-Hisui, F|
|poke|p2|Swampert, M|
|poke|p2|Dragonite, F|
|poke|p2|Alomomola, M|
|poke|p2|Skeledirge, M|
|teampreview
|inactive|Battle timer is ON: inactive players will automatically lose when time's up. (requested by omega toad17)
|
|t:|1779576191
|teamsize|p1|6
|teamsize|p2|6
|start
|switch|p1a: michael|Ogerpon-Wellspring, F|100/100
|switch|p2a: Swampert|Swampert, M|100/100
|turn|1
|
|t:|1779576196
|switch|p2a: Goodra|Goodra-Hisui, F|100/100
|move|p1a: michael|Knock Off|p2a: Goodra
|-damage|p2a: Goodra|65/100
|-enditem|p2a: Goodra|Assault Vest|[from] move: Knock Off|[of] p1a: michael
|
|upkeep
|turn|2
|
|t:|1779576202
|move|p1a: michael|U-turn|p2a: Goodra
|-resisted|p2a: Goodra
|-damage|p2a: Goodra|52/100
|
|t:|1779576204
|switch|p1a: frank|Heatran, M|100/100|[from] U-turn
|move|p2a: Goodra|Dragon Tail|p1a: frank
|-resisted|p1a: frank
|-damage|p1a: frank|92/100
|drag|p1a: jim|Slowking-Galar, M, shiny|100/100
|
|upkeep
|turn|3
|
|t:|1779576212
|move|p2a: Goodra|Earthquake|p1a: jim
|-supereffective|p1a: jim
|-damage|p1a: jim|55/100
|move|p1a: jim|Thunder Wave|p2a: Goodra
|-status|p2a: Goodra|par
|
|upkeep
|turn|4
|
|t:|1779576218
|switch|p1a: other michael|Enamorus, F|100/100
|move|p2a: Goodra|Earthquake|p1a: other michael
|-immune|p1a: other michael
|
|upkeep
|turn|5
|
|t:|1779576226
|switch|p1a: frank|Heatran, M|92/100
|switch|p2a: Skeledirge|Skeledirge, M|100/100
|
|-heal|p1a: frank|98/100|[from] item: Leftovers
|upkeep
|turn|6
|
|t:|1779576235
|switch|p2a: Swampert|Swampert, M|100/100
|move|p1a: frank|Stealth Rock|p2a: Swampert
|-sidestart|p2: Vkjoggers|move: Stealth Rock
|
|-heal|p1a: frank|100/100|[from] item: Leftovers
|upkeep
|turn|7
|
|t:|1779576240
|switch|p1a: michael|Ogerpon-Wellspring, F|100/100
|move|p2a: Swampert|Stealth Rock|p1a: michael
|-sidestart|p1: omega toad17|move: Stealth Rock
|
|upkeep
|turn|8
|
|t:|1779576254
|switch|p2a: Goodra|Goodra-Hisui, F|52/100 par
|-damage|p2a: Goodra|46/100 par|[from] Stealth Rock
|move|p1a: michael|Horn Leech|p2a: Goodra
|-ability|p2a: Goodra|Sap Sipper|boost
|-boost|p2a: Goodra|atk|1
|
|upkeep
|turn|9
|
|t:|1779576259
|move|p1a: michael|Ivy Cudgel|p2a: Goodra|[anim] Ivy Cudgel Water
|-resisted|p2a: Goodra
|-damage|p2a: Goodra|18/100 par
|move|p2a: Goodra|Dragon Tail|p1a: michael
|-damage|p1a: michael|56/100
|drag|p1a: john|Kingambit, M|100/100
|-damage|p1a: john|94/100|[from] Stealth Rock
|
|-heal|p1a: john|100/100|[from] item: Leftovers
|upkeep
|turn|10
|
|t:|1779576267
|switch|p2a: Alomomola|Alomomola, M|100/100
|move|p1a: john|Kowtow Cleave|p2a: Alomomola
|-damage|p2a: Alomomola|73/100
|
|upkeep
|turn|11
|
|t:|1779576273
|switch|p1a: michael|Ogerpon-Wellspring, F|56/100
|-damage|p1a: michael|44/100|[from] Stealth Rock
|move|p2a: Alomomola|Scald|p1a: michael
|-heal|p1a: michael|69/100|[from] ability: Water Absorb|[of] p2a: Alomomola
|
|upkeep
|turn|12
|
|t:|1779576278
|-terastallize|p2a: Alomomola|Dragon
|move|p1a: michael|Ivy Cudgel|p2a: Alomomola|[anim] Ivy Cudgel Water
|-resisted|p2a: Alomomola
|-damage|p2a: Alomomola|58/100
|move|p2a: Alomomola|Wish|p2a: Alomomola
|
|upkeep
|turn|13
|
|t:|1779576286
|move|p1a: michael|Knock Off|p2a: Alomomola
|-damage|p2a: Alomomola|36/100
|-enditem|p2a: Alomomola|Heavy-Duty Boots|[from] move: Knock Off|[of] p1a: michael
|move|p2a: Alomomola|Scald|p1a: michael
|-heal|p1a: michael|94/100|[from] ability: Water Absorb|[of] p2a: Alomomola
|
|-heal|p2a: Alomomola|86/100|[from] move: Wish|[wisher] Alomomola
|upkeep
|turn|14
|
|t:|1779576292
|move|p1a: michael|Horn Leech|p2a: Alomomola
|-resisted|p2a: Alomomola
|-damage|p2a: Alomomola|75/100
|-heal|p1a: michael|100/100|[from] drain|[of] p2a: Alomomola
|move|p2a: Alomomola|Wish|p2a: Alomomola
|
|upkeep
|turn|15
|
|t:|1779576301
|switch|p2a: Goodra|Goodra-Hisui, F|18/100 par
|-damage|p2a: Goodra|11/100 par|[from] Stealth Rock
|move|p1a: michael|U-turn|p2a: Goodra
|-resisted|p2a: Goodra
|-damage|p2a: Goodra|0 fnt
|faint|p2a: Goodra
|
|t:|1779576306
|switch|p1a: ronald|Great Tusk|100/100|[from] U-turn
|
|upkeep
|
|t:|1779576308
|switch|p2a: Tatsugiri|Tatsugiri-Droopy, F, shiny|100/100
|turn|16
|
|t:|1779576312
|move|p1a: ronald|Rapid Spin|p2a: Tatsugiri
|-damage|p2a: Tatsugiri|71/100
|-boost|p1a: ronald|spe|1
|-sideend|p1: omega toad17|Stealth Rock|[from] move: Rapid Spin|[of] p1a: ronald
|move|p2a: Tatsugiri|Rapid Spin|p1a: ronald
|-damage|p1a: ronald|96/100
|-boost|p2a: Tatsugiri|spe|1
|-sideend|p2: Vkjoggers|Stealth Rock|[from] move: Rapid Spin|[of] p2a: Tatsugiri
|
|upkeep
|turn|17
|
|t:|1779576317
|move|p1a: ronald|Earthquake|p2a: Tatsugiri
|-damage|p2a: Tatsugiri|0 fnt
|faint|p2a: Tatsugiri
|
|upkeep
|
|t:|1779576321
|switch|p2a: Skeledirge|Skeledirge, M|100/100
|turn|18
|
|t:|1779576327
|-end|p1a: ronald|Protosynthesis|[silent]
|switch|p1a: frank|Heatran, M|100/100
|switch|p2a: Dragonite|Dragonite, F|100/100
|
|upkeep
|turn|19
|
|t:|1779576334
|switch|p1a: other michael|Enamorus, F|100/100
|move|p2a: Dragonite|Dragon Dance|p2a: Dragonite
|-boost|p2a: Dragonite|atk|1
|-boost|p2a: Dragonite|spe|1
|
|upkeep
|turn|20
|
|t:|1779576336
|-terastallize|p1a: other michael|Steel
|move|p2a: Dragonite|Dragon Dance|p2a: Dragonite
|-boost|p2a: Dragonite|atk|1
|-boost|p2a: Dragonite|spe|1
|move|p1a: other michael|Moonblast|p2a: Dragonite
|-supereffective|p2a: Dragonite
|-damage|p2a: Dragonite|42/100
|
|upkeep
|turn|21
|
|t:|1779576343
|move|p2a: Dragonite|Earthquake|p1a: other michael
|-supereffective|p1a: other michael
|-damage|p1a: other michael|0 fnt
|faint|p1a: other michael
|
|upkeep
|
|t:|1779576350
|switch|p1a: ronald|Great Tusk|96/100
|turn|22
|
|t:|1779576354
|move|p2a: Dragonite|Ice Spinner|p1a: ronald
|-supereffective|p1a: ronald
|-damage|p1a: ronald|23/100
|move|p1a: ronald|Knock Off|p2a: Dragonite
|-damage|p2a: Dragonite|14/100
|-enditem|p2a: Dragonite|Heavy-Duty Boots|[from] move: Knock Off|[of] p1a: ronald
|
|upkeep
|turn|23
|
|t:|1779576361
|move|p2a: Dragonite|Earthquake|p1a: ronald
|-damage|p1a: ronald|0 fnt
|faint|p1a: ronald
|-end|p1a: ronald|Protosynthesis|[silent]
|
|upkeep
|
|t:|1779576364
|switch|p1a: john|Kingambit, M|100/100
|turn|24
|
|t:|1779576366
|move|p2a: Dragonite|Extreme Speed|p1a: john
|-resisted|p1a: john
|-damage|p1a: john|75/100
|move|p1a: john|Sucker Punch||[still]
|-fail|p1a: john
|
|-heal|p1a: john|81/100|[from] item: Leftovers
|upkeep
|turn|25
|
|t:|1779576371
|move|p2a: Dragonite|Extreme Speed|p1a: john
|-resisted|p1a: john
|-damage|p1a: john|56/100
|move|p1a: john|Sucker Punch||[still]
|-fail|p1a: john
|
|-heal|p1a: john|63/100|[from] item: Leftovers
|upkeep
|turn|26
|
|t:|1779576375
|move|p1a: john|Sucker Punch|p2a: Dragonite
|-damage|p2a: Dragonite|0 fnt
|faint|p2a: Dragonite
|
|-heal|p1a: john|69/100|[from] item: Leftovers
|upkeep
|
|t:|1779576384
|switch|p2a: Swampert|Swampert, M|100/100
|turn|27
|
|t:|1779576391
|move|p1a: john|Kowtow Cleave|p2a: Swampert
|-damage|p2a: Swampert|68/100
|move|p2a: Swampert|Stealth Rock|p1a: john
|-sidestart|p1: omega toad17|move: Stealth Rock
|
|-heal|p1a: john|75/100|[from] item: Leftovers
|-heal|p2a: Swampert|75/100|[from] item: Leftovers
|upkeep
|turn|28
|
|t:|1779576395
|move|p1a: john|Kowtow Cleave|p2a: Swampert
|-damage|p2a: Swampert|44/100
|move|p2a: Swampert|Knock Off|p1a: john
|-resisted|p1a: john
|-damage|p1a: john|65/100
|-enditem|p1a: john|Leftovers|[from] move: Knock Off|[of] p2a: Swampert
|
|-heal|p2a: Swampert|50/100|[from] item: Leftovers
|upkeep
|turn|29
|
|t:|1779576399
|switch|p2a: Alomomola|Alomomola, M, tera:Dragon|100/100
|move|p1a: john|Kowtow Cleave|p2a: Alomomola
|-damage|p2a: Alomomola|75/100
|
|upkeep
|turn|30
|
|t:|1779576405
|move|p1a: john|Kowtow Cleave|p2a: Alomomola
|-damage|p2a: Alomomola|47/100
|move|p2a: Alomomola|Wish|p2a: Alomomola
|
|upkeep
|turn|31
|
|t:|1779576409
|move|p1a: john|Kowtow Cleave|p2a: Alomomola
|-damage|p2a: Alomomola|22/100
|move|p2a: Alomomola|Flip Turn|p1a: john
|-damage|p1a: john|52/100
|
|t:|1779576412
|switch|p2a: Swampert|Swampert, M|50/100|[from] Flip Turn
|
|-heal|p2a: Swampert|100/100|[from] move: Wish|[wisher] Alomomola
|upkeep
|turn|32
|
|t:|1779576415
|move|p1a: john|Kowtow Cleave|p2a: Swampert
|-damage|p2a: Swampert|70/100
|move|p2a: Swampert|Earthquake|p1a: john
|-supereffective|p1a: john
|-damage|p1a: john|0 fnt
|faint|p1a: john
|
|-heal|p2a: Swampert|76/100|[from] item: Leftovers
|upkeep
|
|t:|1779576418
|switch|p1a: michael|Ogerpon-Wellspring, F|100/100
|-damage|p1a: michael|88/100|[from] Stealth Rock
|turn|33
|
|t:|1779576422
|switch|p2a: Skeledirge|Skeledirge, M|100/100
|move|p1a: michael|Horn Leech|p2a: Skeledirge
|-resisted|p2a: Skeledirge
|-damage|p2a: Skeledirge|83/100
|-heal|p1a: michael|99/100|[from] drain|[of] p2a: Skeledirge
|
|upkeep
|turn|34
|
|t:|1779576427
|move|p1a: michael|Ivy Cudgel|p2a: Skeledirge|[anim] Ivy Cudgel Water
|-supereffective|p2a: Skeledirge
|-crit|p2a: Skeledirge
|-damage|p2a: Skeledirge|0 fnt
|faint|p2a: Skeledirge
|
|upkeep
|
|t:|1779576430
|switch|p2a: Alomomola|Alomomola, M, tera:Dragon|55/100
|turn|35
|
|t:|1779576433
|move|p1a: michael|U-turn|p2a: Alomomola
|-crit|p2a: Alomomola
|-damage|p2a: Alomomola|33/100
|
|t:|1779576435
|switch|p1a: jim|Slowking-Galar, M, shiny|88/100|[from] U-turn
|move|p2a: Alomomola|Wish|p2a: Alomomola
|
|upkeep
|turn|36
|
|t:|1779576443
|move|p2a: Alomomola|Flip Turn|p1a: jim
|-damage|p1a: jim|71/100
|
|t:|1779576446
|switch|p2a: Swampert|Swampert, M|76/100|[from] Flip Turn
|move|p1a: jim|Future Sight|p2a: Swampert
|-start|p1a: jim|move: Future Sight
|
|-heal|p2a: Swampert|100/100|[from] move: Wish|[wisher] Alomomola
|upkeep
|turn|37
|
|t:|1779576452
|switch|p1a: frank|Heatran, M|100/100
|-damage|p1a: frank|88/100|[from] Stealth Rock
|move|p2a: Swampert|Knock Off|p1a: frank
|-damage|p1a: frank|69/100
|-enditem|p1a: frank|Leftovers|[from] move: Knock Off|[of] p2a: Swampert
|
|upkeep
|turn|38
|
|t:|1779576458
|move|p1a: frank|Stealth Rock|p2a: Swampert
|-sidestart|p2: Vkjoggers|move: Stealth Rock
|move|p2a: Swampert|Earthquake|p1a: frank
|-supereffective|p1a: frank
|-damage|p1a: frank|0 fnt
|faint|p1a: frank
|
|-end|p2a: Swampert|move: Future Sight
|-damage|p2a: Swampert|60/100
|-heal|p2a: Swampert|67/100|[from] item: Leftovers
|upkeep
|
|t:|1779576460
|switch|p1a: michael|Ogerpon-Wellspring, F|99/100
|-damage|p1a: michael|88/100|[from] Stealth Rock
|turn|39
|
|t:|1779576463
|switch|p2a: Alomomola|Alomomola, M, tera:Dragon|67/100
|-damage|p2a: Alomomola|54/100|[from] Stealth Rock
|move|p1a: michael|Horn Leech|p2a: Alomomola
|-resisted|p2a: Alomomola
|-damage|p2a: Alomomola|42/100
|-heal|p1a: michael|99/100|[from] drain|[of] p2a: Alomomola
|
|upkeep
|turn|40
|
|t:|1779576469
|move|p1a: michael|U-turn|p2a: Alomomola
|-damage|p2a: Alomomola|28/100
|
|t:|1779576471
|switch|p1a: jim|Slowking-Galar, M, shiny|100/100|[from] U-turn
|move|p2a: Alomomola|Wish|p2a: Alomomola
|
|upkeep
|turn|41
|
|t:|1779576475
|move|p2a: Alomomola|Protect|p2a: Alomomola
|-singleturn|p2a: Alomomola|Protect
|move|p1a: jim|Future Sight|p2a: Alomomola
|-start|p1a: jim|move: Future Sight
|
|-heal|p2a: Alomomola|78/100|[from] move: Wish|[wisher] Alomomola
|upkeep
|turn|42
|
|t:|1779576480
|move|p2a: Alomomola|Wish|p2a: Alomomola
|-prepare|p1a: jim|Chilly Reception|[premajor]
|move|p1a: jim|Chilly Reception|p1a: jim
|-weather|Snowscape
|
|t:|1779576482
|switch|p1a: michael|Ogerpon-Wellspring, F|99/100|[from] Chilly Reception
|-damage|p1a: michael|87/100|[from] Stealth Rock
|
|-weather|Snowscape|[upkeep]
|upkeep
|turn|43
|
|t:|1779576492
|move|p2a: Alomomola|Protect|p2a: Alomomola
|-singleturn|p2a: Alomomola|Protect
|move|p1a: michael|Horn Leech|p2a: Alomomola
|-activate|p2a: Alomomola|move: Protect
|
|-weather|Snowscape|[upkeep]
|-end|p2a: Alomomola|move: Future Sight
|-damage|p2a: Alomomola|27/100
|-heal|p2a: Alomomola|77/100|[from] move: Wish|[wisher] Alomomola
|upkeep
|turn|44
|
|t:|1779576498
|move|p1a: michael|U-turn|p2a: Alomomola
|-damage|p2a: Alomomola|63/100
|
|t:|1779576501
|switch|p1a: jim|Slowking-Galar, M, shiny|100/100|[from] U-turn
|move|p2a: Alomomola|Wish|p2a: Alomomola
|
|-weather|Snowscape|[upkeep]
|upkeep
|turn|45
|
|t:|1779576503
|switch|p2a: Swampert|Swampert, M|67/100
|-damage|p2a: Swampert|60/100|[from] Stealth Rock
|move|p1a: jim|Thunder Wave|p2a: Swampert
|-immune|p2a: Swampert
|
|-weather|Snowscape|[upkeep]
|-heal|p2a: Swampert|100/100|[from] move: Wish|[wisher] Alomomola
|upkeep
|turn|46
|
|t:|1779576511
|switch|p1a: michael|Ogerpon-Wellspring, F|87/100
|-damage|p1a: michael|74/100|[from] Stealth Rock
|move|p2a: Swampert|Knock Off|p1a: michael
|-damage|p1a: michael|54/100
|
|-weather|none
|upkeep
|turn|47
|
|t:|1779576520
|switch|p2a: Alomomola|Alomomola, M, tera:Dragon|97/100
|-damage|p2a: Alomomola|84/100|[from] Stealth Rock
|move|p1a: michael|U-turn|p2a: Alomomola
|-damage|p2a: Alomomola|70/100
|
|t:|1779576524
|switch|p1a: jim|Slowking-Galar, M, shiny|100/100|[from] U-turn
|
|upkeep
|turn|48
|
|t:|1779576528
|move|p2a: Alomomola|Scald|p1a: jim
|-damage|p1a: jim|92/100
|move|p1a: jim|Sludge Bomb|p2a: Alomomola
|-damage|p2a: Alomomola|32/100
|
|upkeep
|turn|49
|
|t:|1779576534
|move|p2a: Alomomola|Protect|p2a: Alomomola
|-singleturn|p2a: Alomomola|Protect
|move|p1a: jim|Future Sight|p2a: Alomomola
|-start|p1a: jim|move: Future Sight
|
|upkeep
|turn|50
|
|t:|1779576538
|switch|p2a: Swampert|Swampert, M|100/100
|-damage|p2a: Swampert|94/100|[from] Stealth Rock
|move|p1a: jim|Thunder Wave|p2a: Swampert
|-immune|p2a: Swampert
|
|-heal|p2a: Swampert|100/100|[from] item: Leftovers
|upkeep
|turn|51
|
|t:|1779576544
|move|p2a: Swampert|Knock Off|p1a: jim
|-supereffective|p1a: jim
|-damage|p1a: jim|42/100
|-enditem|p1a: jim|Heavy-Duty Boots|[from] move: Knock Off|[of] p2a: Swampert
|move|p1a: jim|Sludge Bomb|p2a: Swampert
|-resisted|p2a: Swampert
|-damage|p2a: Swampert|86/100
|-status|p2a: Swampert|psn
|
|-end|p2a: Swampert|move: Future Sight
|-damage|p2a: Swampert|49/100 psn
|-heal|p2a: Swampert|55/100 psn|[from] item: Leftovers
|-damage|p2a: Swampert|42/100 psn|[from] psn
|upkeep
|turn|52
|
|t:|1779576553
|switch|p2a: Alomomola|Alomomola, M, tera:Dragon|65/100
|-damage|p2a: Alomomola|53/100|[from] Stealth Rock
|switch|p1a: michael|Ogerpon-Wellspring, F|54/100
|-damage|p1a: michael|42/100|[from] Stealth Rock
|
|upkeep
|turn|53
|
|t:|1779576559
|move|p1a: michael|Horn Leech|p2a: Alomomola
|-resisted|p2a: Alomomola
|-damage|p2a: Alomomola|41/100
|-heal|p1a: michael|52/100|[from] drain|[of] p2a: Alomomola
|move|p2a: Alomomola|Wish|p2a: Alomomola
|
|upkeep
|turn|54
|
|t:|1779576564
|move|p2a: Alomomola|Protect|p2a: Alomomola
|-singleturn|p2a: Alomomola|Protect
|move|p1a: michael|Horn Leech|p2a: Alomomola
|-activate|p2a: Alomomola|move: Protect
|
|-heal|p2a: Alomomola|91/100|[from] move: Wish|[wisher] Alomomola
|upkeep
|turn|55
|
|t:|1779576569
|move|p1a: michael|U-turn|p2a: Alomomola
|-damage|p2a: Alomomola|76/100
|
|t:|1779576571
|switch|p1a: jim|Slowking-Galar, M, shiny|75/100|[from] U-turn
|-damage|p1a: jim|63/100|[from] Stealth Rock
|move|p2a: Alomomola|Wish|p2a: Alomomola
|
|upkeep
|turn|56
|
|t:|1779576575
|move|p2a: Alomomola|Flip Turn|p1a: jim
|-damage|p1a: jim|45/100
|
|t:|1779576578
|switch|p2a: Swampert|Swampert, M|42/100 psn|[from] Flip Turn
|-damage|p2a: Swampert|36/100 psn|[from] Stealth Rock
|move|p1a: jim|Future Sight|p2a: Swampert
|-start|p1a: jim|move: Future Sight
|
|-heal|p2a: Swampert|100/100 psn|[from] move: Wish|[wisher] Alomomola
|-damage|p2a: Swampert|88/100 psn|[from] psn
|upkeep
|turn|57
|
|t:|1779576585
|switch|p1a: michael|Ogerpon-Wellspring, F|52/100
|-damage|p1a: michael|40/100|[from] Stealth Rock
|move|p2a: Swampert|Earthquake|p1a: michael
|-resisted|p1a: michael
|-damage|p1a: michael|16/100
|
|-heal|p2a: Swampert|94/100 psn|[from] item: Leftovers
|-damage|p2a: Swampert|82/100 psn|[from] psn
|upkeep
|turn|58
|
|t:|1779576588
|switch|p2a: Alomomola|Alomomola, M, tera:Dragon|100/100
|-damage|p2a: Alomomola|88/100|[from] Stealth Rock
|move|p1a: michael|Horn Leech|p2a: Alomomola
|-resisted|p2a: Alomomola
|-crit|p2a: Alomomola
|-damage|p2a: Alomomola|72/100
|-heal|p1a: michael|30/100|[from] drain|[of] p2a: Alomomola
|
|-end|p2a: Alomomola|move: Future Sight
|-damage|p2a: Alomomola|21/100
|upkeep
|turn|59
|
|t:|1779576595
|move|p2a: Alomomola|Protect|p2a: Alomomola
|-singleturn|p2a: Alomomola|Protect
|move|p1a: michael|Ivy Cudgel|p2a: Alomomola|[anim] Ivy Cudgel Water
|-activate|p2a: Alomomola|move: Protect
|
|upkeep
|turn|60
|
|t:|1779576600
|switch|p2a: Swampert|Swampert, M|82/100 psn
|-damage|p2a: Swampert|76/100 psn|[from] Stealth Rock
|move|p1a: michael|Ivy Cudgel|p2a: Swampert|[anim] Ivy Cudgel Water
|-damage|p2a: Swampert|40/100 psn
|
|-heal|p2a: Swampert|46/100 psn|[from] item: Leftovers
|-damage|p2a: Swampert|34/100 psn|[from] psn
|upkeep
|turn|61
|
|t:|1779576607
|switch|p2a: Alomomola|Alomomola, M, tera:Dragon|54/100
|-damage|p2a: Alomomola|42/100|[from] Stealth Rock
|move|p1a: michael|Horn Leech|p2a: Alomomola
|-resisted|p2a: Alomomola
|-damage|p2a: Alomomola|31/100
|-heal|p1a: michael|40/100|[from] drain|[of] p2a: Alomomola
|
|upkeep
|turn|62
|
|t:|1779576612
|move|p2a: Alomomola|Protect|p2a: Alomomola
|-singleturn|p2a: Alomomola|Protect
|move|p1a: michael|Horn Leech|p2a: Alomomola
|-activate|p2a: Alomomola|move: Protect
|
|upkeep
|turn|63
|
|t:|1779576617
|move|p1a: michael|Horn Leech|p2a: Alomomola
|-resisted|p2a: Alomomola
|-damage|p2a: Alomomola|19/100
|-heal|p1a: michael|50/100|[from] drain|[of] p2a: Alomomola
|move|p2a: Alomomola|Wish|p2a: Alomomola
|
|upkeep
|turn|64
|
|t:|1779576624
|move|p2a: Alomomola|Protect|p2a: Alomomola
|-singleturn|p2a: Alomomola|Protect
|move|p1a: michael|U-turn|p2a: Alomomola
|-activate|p2a: Alomomola|move: Protect
|
|-heal|p2a: Alomomola|69/100|[from] move: Wish|[wisher] Alomomola
|upkeep
|turn|65
|
|t:|1779576630
|move|p1a: michael|Knock Off|p2a: Alomomola
|-damage|p2a: Alomomola|57/100
|move|p2a: Alomomola|Wish|p2a: Alomomola
|
|upkeep
|turn|66
|
|t:|1779576636
|move|p2a: Alomomola|Protect|p2a: Alomomola
|-singleturn|p2a: Alomomola|Protect
|move|p1a: michael|Knock Off|p2a: Alomomola
|-activate|p2a: Alomomola|move: Protect
|
|-heal|p2a: Alomomola|100/100|[from] move: Wish|[wisher] Alomomola
|upkeep
|turn|67
|
|t:|1779576641
|move|p1a: michael|Knock Off|p2a: Alomomola
|-damage|p2a: Alomomola|86/100
|move|p2a: Alomomola|Wish|p2a: Alomomola
|
|upkeep
|turn|68
|
|t:|1779576646
|move|p2a: Alomomola|Protect|p2a: Alomomola
|-singleturn|p2a: Alomomola|Protect
|move|p1a: michael|Knock Off|p2a: Alomomola
|-activate|p2a: Alomomola|move: Protect
|
|-heal|p2a: Alomomola|100/100|[from] move: Wish|[wisher] Alomomola
|upkeep
|turn|69
|
|t:|1779576651
|move|p1a: michael|Knock Off|p2a: Alomomola
|-damage|p2a: Alomomola|86/100
|move|p2a: Alomomola|Wish|p2a: Alomomola
|
|upkeep
|turn|70
|
|t:|1779576656
|switch|p2a: Swampert|Swampert, M|34/100 psn
|-damage|p2a: Swampert|28/100 psn|[from] Stealth Rock
|move|p1a: michael|Knock Off|p2a: Swampert
|-damage|p2a: Swampert|4/100 psn
|-enditem|p2a: Swampert|Leftovers|[from] move: Knock Off|[of] p1a: michael
|
|-heal|p2a: Swampert|70/100 psn|[from] move: Wish|[wisher] Alomomola
|-damage|p2a: Swampert|58/100 psn|[from] psn
|upkeep
|turn|71
|
|t:|1779576665
|switch|p2a: Alomomola|Alomomola, M, tera:Dragon|100/100
|-damage|p2a: Alomomola|88/100|[from] Stealth Rock
|move|p1a: michael|Horn Leech|p2a: Alomomola
|-resisted|p2a: Alomomola
|-damage|p2a: Alomomola|75/100
|-heal|p1a: michael|62/100|[from] drain|[of] p2a: Alomomola
|
|upkeep
|turn|72
|
|t:|1779576672
|move|p2a: Alomomola|Protect|p2a: Alomomola
|-singleturn|p2a: Alomomola|Protect
|move|p1a: michael|Knock Off|p2a: Alomomola
|-activate|p2a: Alomomola|move: Protect
|
|upkeep
|turn|73
|
|t:|1779576679
|move|p1a: michael|Knock Off|p2a: Alomomola
|-damage|p2a: Alomomola|62/100
|move|p2a: Alomomola|Wish|p2a: Alomomola
|
|upkeep
|turn|74
|
|t:|1779576685
|switch|p2a: Swampert|Swampert, M|58/100 psn
|-damage|p2a: Swampert|51/100 psn|[from] Stealth Rock
|move|p1a: michael|Knock Off|p2a: Swampert
|-damage|p2a: Swampert|35/100 psn
|
|-heal|p2a: Swampert|100/100 psn|[from] move: Wish|[wisher] Alomomola
|-damage|p2a: Swampert|88/100 psn|[from] psn
|upkeep
|turn|75
|
|t:|1779576694
|switch|p2a: Alomomola|Alomomola, M, tera:Dragon|95/100
|-damage|p2a: Alomomola|83/100|[from] Stealth Rock
|move|p1a: michael|U-turn|p2a: Alomomola
|-damage|p2a: Alomomola|67/100
|
|t:|1779576696
|switch|p1a: jim|Slowking-Galar, M, shiny|78/100|[from] U-turn
|-damage|p1a: jim|66/100|[from] Stealth Rock
|
|upkeep
|turn|76
|
|t:|1779576701
|move|p2a: Alomomola|Scald|p1a: jim
|-damage|p1a: jim|57/100
|-status|p1a: jim|brn
|-prepare|p1a: jim|Chilly Reception|[premajor]
|move|p1a: jim|Chilly Reception|p1a: jim
|-weather|Snowscape
|
|t:|1779576704
|switch|p1a: michael|Ogerpon-Wellspring, F|62/100|[from] Chilly Reception
|-damage|p1a: michael|49/100|[from] Stealth Rock
|
|-weather|Snowscape|[upkeep]
|upkeep
|turn|77
|
|t:|1779576709
|move|p2a: Alomomola|Protect|p2a: Alomomola
|-singleturn|p2a: Alomomola|Protect
|move|p1a: michael|Knock Off|p2a: Alomomola
|-activate|p2a: Alomomola|move: Protect
|
|-weather|Snowscape|[upkeep]
|upkeep
|turn|78
|
|t:|1779576716
|move|p1a: michael|Knock Off|p2a: Alomomola
|-crit|p2a: Alomomola
|-damage|p2a: Alomomola|47/100
|move|p2a: Alomomola|Wish|p2a: Alomomola
|
|-weather|Snowscape|[upkeep]
|upkeep
|turn|79
|
|t:|1779576722
|switch|p2a: Swampert|Swampert, M|88/100 psn
|-damage|p2a: Swampert|82/100 psn|[from] Stealth Rock
|move|p1a: michael|Knock Off|p2a: Swampert
|-damage|p2a: Swampert|65/100 psn
|
|-weather|Snowscape|[upkeep]
|-heal|p2a: Swampert|100/100 psn|[from] move: Wish|[wisher] Alomomola
|-damage|p2a: Swampert|88/100 psn|[from] psn
|upkeep
|turn|80
|
|t:|1779576734
|switch|p2a: Alomomola|Alomomola, M, tera:Dragon|80/100
|-damage|p2a: Alomomola|68/100|[from] Stealth Rock
|move|p1a: michael|Ivy Cudgel|p2a: Alomomola|[anim] Ivy Cudgel Water
|-resisted|p2a: Alomomola
|-damage|p2a: Alomomola|52/100
|
|-weather|none
|upkeep
|turn|81
|
|t:|1779576741
|move|p1a: michael|Knock Off|p2a: Alomomola
|-damage|p2a: Alomomola|39/100
|move|p2a: Alomomola|Wish|p2a: Alomomola
|
|upkeep
|turn|82
|
|t:|1779576746
|switch|p2a: Swampert|Swampert, M|88/100 psn
|-damage|p2a: Swampert|82/100 psn|[from] Stealth Rock
|move|p1a: michael|Knock Off|p2a: Swampert
|-damage|p2a: Swampert|66/100 psn
|
|-heal|p2a: Swampert|100/100 psn|[from] move: Wish|[wisher] Alomomola
|-damage|p2a: Swampert|88/100 psn|[from] psn
|upkeep
|turn|83
|
|t:|1779576757
|move|p1a: michael|Ivy Cudgel|p2a: Swampert|[anim] Ivy Cudgel Water
|-damage|p2a: Swampert|52/100 psn
|move|p2a: Swampert|Earthquake|p1a: michael
|-resisted|p1a: michael
|-damage|p1a: michael|24/100
|
|-damage|p2a: Swampert|39/100 psn|[from] psn
|upkeep
|turn|84
|
|t:|1779576762
|switch|p2a: Alomomola|Alomomola, M, tera:Dragon|72/100
|-damage|p2a: Alomomola|60/100|[from] Stealth Rock
|move|p1a: michael|Horn Leech|p2a: Alomomola
|-resisted|p2a: Alomomola
|-damage|p2a: Alomomola|49/100
|-heal|p1a: michael|34/100|[from] drain|[of] p2a: Alomomola
|
|upkeep
|turn|85
|
|t:|1779576769
|move|p2a: Alomomola|Protect|p2a: Alomomola
|-singleturn|p2a: Alomomola|Protect
|move|p1a: michael|Knock Off|p2a: Alomomola
|-activate|p2a: Alomomola|move: Protect
|
|upkeep
|turn|86
|
|t:|1779576779
|switch|p2a: Swampert|Swampert, M|39/100 psn
|-damage|p2a: Swampert|33/100 psn|[from] Stealth Rock
|move|p1a: michael|Knock Off|p2a: Swampert
|-damage|p2a: Swampert|15/100 psn
|
|-damage|p2a: Swampert|2/100 psn|[from] psn
|upkeep
|turn|87
|
|t:|1779576787
|switch|p2a: Alomomola|Alomomola, M, tera:Dragon|82/100
|-damage|p2a: Alomomola|70/100|[from] Stealth Rock
|move|p1a: michael|Knock Off|p2a: Alomomola
|-damage|p2a: Alomomola|56/100
|
|upkeep
|turn|88
|
|t:|1779576793
|switch|p2a: Swampert|Swampert, M|2/100 psn
|-damage|p2a: Swampert|0 fnt|[from] Stealth Rock
|faint|p2a: Swampert
|move|p1a: michael|Knock Off|p2: Swampert|[notarget]
|-fail|p1a: michael
|
|upkeep
|
|t:|1779576800
|switch|p2a: Alomomola|Alomomola, M, tera:Dragon|89/100
|-damage|p2a: Alomomola|77/100|[from] Stealth Rock
|turn|89
|c|☆omega toad17|gg
|
|t:|1779576805
|move|p2a: Alomomola|Protect|p2a: Alomomola
|-singleturn|p2a: Alomomola|Protect
|move|p1a: michael|Knock Off|p2a: Alomomola
|-activate|p2a: Alomomola|move: Protect
|
|upkeep
|turn|90
|-message|Vkjoggers forfeited.
|
|win|omega toad17
|raw|omega toad17's rating: 1201 &rarr; <strong>1229</strong><br />(+28 for winning)
|raw|Vkjoggers's rating: 1247 &rarr; <strong>1219</strong><br />(-28 for losing)
|l|☆Vkjoggers
|player|p2|
|l|☆omega toad17
|player|p1|
