|j|☆Easil
|j|☆scienceguy10134
|t:|1779560883
|gametype|singles
|player|p1|Easil|skierf|1029
|player|p2|scienceguy10134|169|1000
|gen|9
|tier|[Gen 9] OU
|rated|
|rule|HP Percentage Mod: HP is shown in percentages
|rule|Endless Battle Clause: Forcing endless battles is banned
|rule|Species Clause: Limit one of each Pokémon
|rule|OHKO Clause: OHKO moves are banned
|rule|Evasion Items Clause: Evasion items are banned
|rule|Evasion Moves Clause: Evasion moves are banned
|rule|Evasion Abilities Clause: Evasion abilities are banned
|rule|Sleep Moves Clause: Sleep-inducing moves are banned
|clearpoke
|poke|p1|Excadrill, M|
|poke|p1|Tyranitar, M|
|poke|p1|Hydrapple, M|
|poke|p1|Glimmora, M|
|poke|p1|Enamorus, F|
|poke|p1|Hippowdon, M|
|poke|p2|Swampert, M|
|poke|p2|Raging Bolt|
|poke|p2|Iron Valiant|
|poke|p2|Tyranitar, F|
|poke|p2|Gholdengo|
|poke|p2|Dragonite, F|
|teampreview
|
|t:|1779560898
|teamsize|p1|6
|teamsize|p2|6
|start
|switch|p1a: Kittan|Glimmora, M|100/100
|switch|p2a: Lol|Tyranitar, F|100/100
|-weather|Sandstorm|[from] ability: Sand Stream|[of] p2a: Lol
|turn|1
|
|t:|1779560915
|move|p1a: Kittan|Spikes|p2a: Lol
|-sidestart|p2: scienceguy10134|Spikes
|move|p2a: Lol|Power Gem|p1a: Kittan
|-damage|p1a: Kittan|75/100
|
|-weather|Sandstorm|[upkeep]
|upkeep
|turn|2
|
|t:|1779560926
|-terastallize|p2a: Lol|Rock
|move|p1a: Kittan|Spikes|p2a: Lol
|-sidestart|p2: scienceguy10134|Spikes
|move|p2a: Lol|Power Gem|p1a: Kittan
|-damage|p1a: Kittan|42/100
|
|-weather|Sandstorm|[upkeep]
|upkeep
|turn|3
|
|t:|1779560934
|move|p1a: Kittan|Spikes|p2a: Lol
|-sidestart|p2: scienceguy10134|Spikes
|move|p2a: Lol|Power Gem|p1a: Kittan
|-damage|p1a: Kittan|9/100
|
|-weather|Sandstorm|[upkeep]
|upkeep
|turn|4
|
|t:|1779560957
|move|p1a: Kittan|Stealth Rock|p2a: Lol
|-sidestart|p2: scienceguy10134|move: Stealth Rock
|move|p2a: Lol|Power Gem|p1a: Kittan
|-damage|p1a: Kittan|0 fnt
|faint|p1a: Kittan
|
|-weather|Sandstorm|[upkeep]
|upkeep
|
|t:|1779560967
|switch|p1a: Simone|Excadrill, M|100/100
|turn|5
|
|t:|1779560981
|move|p1a: Simone|Dig||[still]
|-prepare|p1a: Simone|Dig
|move|p2a: Lol|Power Gem|p1a: Simone|[miss]
|-miss|p2a: Lol|p1a: Simone
|
|-weather|none
|upkeep
|turn|6
|
|t:|1779561010
|move|p1a: Simone|Dig|p2a: Lol|[from] lockedmove
|-supereffective|p2a: Lol
|-damage|p2a: Lol|9/100
|move|p2a: Lol|Power Gem|p1a: Simone
|-resisted|p1a: Simone
|-damage|p1a: Simone|87/100
|
|-heal|p2a: Lol|15/100|[from] item: Leftovers
|upkeep
|turn|7
|
|t:|1779561025
|switch|p1a: Lordgenome|Hippowdon, M|100/100
|-weather|Sandstorm|[from] ability: Sand Stream|[of] p1a: Lordgenome
|move|p2a: Lol|Flamethrower|p1a: Lordgenome
|-damage|p1a: Lordgenome|76/100
|
|-weather|Sandstorm|[upkeep]
|-heal|p2a: Lol|21/100|[from] item: Leftovers
|upkeep
|turn|8
|
|t:|1779561037
|move|p2a: Lol|Power Gem|p1a: Lordgenome
|-resisted|p1a: Lordgenome
|-damage|p1a: Lordgenome|55/100
|move|p1a: Lordgenome|Earthquake|p2a: Lol
|-supereffective|p2a: Lol
|-damage|p2a: Lol|0 fnt
|faint|p2a: Lol
|
|-weather|Sandstorm|[upkeep]
|upkeep
|
|t:|1779561051
|switch|p2a: Lololol|Dragonite, F|100/100
|-damage|p2a: Lololol|76/100|[from] Stealth Rock
|turn|9
|
|t:|1779561082
|move|p2a: Lololol|Earthquake|p1a: Lordgenome
|-damage|p1a: Lordgenome|35/100
|move|p1a: Lordgenome|Stone Edge|p2a: Lololol
|-supereffective|p2a: Lololol
|-damage|p2a: Lololol|26/100
|
|-weather|Sandstorm|[upkeep]
|-damage|p2a: Lololol|19/100|[from] Sandstorm
|upkeep
|turn|10
|
|t:|1779561093
|move|p2a: Lololol|Extreme Speed|p1a: Lordgenome
|-damage|p1a: Lordgenome|18/100
|move|p1a: Lordgenome|Stone Edge|p2a: Lololol
|-supereffective|p2a: Lololol
|-damage|p2a: Lololol|0 fnt
|faint|p2a: Lololol
|
|-weather|Sandstorm|[upkeep]
|upkeep
|
|t:|1779561106
|switch|p2a: Loool|Swampert, M|100/100
|-damage|p2a: Loool|76/100|[from] Spikes
|-damage|p2a: Loool|70/100|[from] Stealth Rock
|turn|11
|
|t:|1779561112
|switch|p1a: Kamina|Tyranitar, M, shiny|100/100
|move|p2a: Loool|Protect||[still]
|-fail|p2a: Loool
|
|-weather|Sandstorm|[upkeep]
|upkeep
|turn|12
|
|t:|1779561124
|move|p1a: Kamina|Sand Tomb|p2a: Loool
|-damage|p2a: Loool|56/100
|-activate|p2a: Loool|move: Sand Tomb|[of] p1a: Kamina
|move|p2a: Loool|Flip Turn|p1a: Kamina
|-supereffective|p1a: Kamina
|-damage|p1a: Kamina|52/100
|
|t:|1779561134
|switch|p2a: Lolol|Raging Bolt|100/100|[from] Flip Turn
|-damage|p2a: Lolol|88/100|[from] Stealth Rock
|-item|p2a: Lolol|Air Balloon
|
|-weather|Sandstorm|[upkeep]
|-damage|p2a: Lolol|82/100|[from] Sandstorm
|-heal|p1a: Kamina|58/100|[from] item: Leftovers
|upkeep
|turn|13
|
|t:|1779561151
|switch|p1a: Rossiu|Hydrapple, M, shiny|100/100
|move|p2a: Lolol|Electroweb|p1a: Rossiu
|-resisted|p1a: Rossiu
|-damage|p1a: Rossiu|93/100
|-unboost|p1a: Rossiu|spe|1
|
|-weather|Sandstorm|[upkeep]
|-damage|p2a: Lolol|76/100|[from] Sandstorm
|-damage|p1a: Rossiu|87/100|[from] Sandstorm
|-heal|p1a: Rossiu|93/100|[from] item: Leftovers
|upkeep
|turn|14
|
|t:|1779561165
|move|p2a: Lolol|Electro Ball|p1a: Rossiu
|-resisted|p1a: Rossiu
|-damage|p1a: Rossiu|77/100
|move|p1a: Rossiu|Draco Meteor|p2a: Lolol
|-supereffective|p2a: Lolol
|-damage|p2a: Lolol|0 fnt
|-unboost|p1a: Rossiu|spa|2
|-enditem|p2a: Lolol|Air Balloon
|faint|p2a: Lolol
|-end|p2a: Lolol|Protosynthesis|[silent]
|
|-weather|none
|-heal|p1a: Rossiu|83/100|[from] item: Leftovers
|upkeep
|
|t:|1779561180
|switch|p2a: Loolol|Gholdengo|100/100
|-damage|p2a: Loolol|75/100|[from] Spikes
|-damage|p2a: Loolol|69/100|[from] Stealth Rock
|turn|15
|
|t:|1779561192
|switch|p1a: Kamina|Tyranitar, M, shiny|58/100
|-weather|Sandstorm|[from] ability: Sand Stream|[of] p1a: Kamina
|move|p2a: Loolol|Make It Rain|p1a: Kamina
|-supereffective|p1a: Kamina
|-damage|p1a: Kamina|0 fnt
|-unboost|p2a: Loolol|spa|1
|faint|p1a: Kamina
|
|-weather|Sandstorm|[upkeep]
|upkeep
|
|t:|1779561205
|switch|p1a: Simone|Excadrill, M|87/100
|turn|16
|
|t:|1779561210
|move|p2a: Loolol|Make It Rain|p1a: Simone
|-resisted|p1a: Simone
|-damage|p1a: Simone|57/100
|-unboost|p2a: Loolol|spa|1
|move|p1a: Simone|Earthquake|p2a: Loolol
|-supereffective|p2a: Loolol
|-damage|p2a: Loolol|0 fnt
|faint|p2a: Loolol
|
|-weather|Sandstorm|[upkeep]
|upkeep
|
|t:|1779561222
|switch|p2a: Lool|Iron Valiant|100/100
|-damage|p2a: Lool|76/100|[from] Spikes
|-damage|p2a: Lool|69/100|[from] Stealth Rock
|turn|17
|
|t:|1779561237
|-terastallize|p1a: Simone|Ground
|move|p2a: Lool|Protect|p2a: Lool
|-singleturn|p2a: Lool|Protect
|move|p1a: Simone|Earthquake|p2a: Lool
|-activate|p2a: Lool|move: Protect
|
|-weather|Sandstorm|[upkeep]
|-damage|p2a: Lool|63/100|[from] Sandstorm
|upkeep
|turn|18
|
|t:|1779561254
|move|p2a: Lool|Low Kick|p1a: Simone
|-damage|p1a: Simone|12/100
|move|p1a: Simone|Earthquake|p2a: Lool
|-damage|p2a: Lool|0 fnt
|faint|p2a: Lool
|-end|p2a: Lool|Quark Drive|[silent]
|
|-weather|Sandstorm|[upkeep]
|upkeep
|
|t:|1779561273
|switch|p2a: Loool|Swampert, M|56/100
|-damage|p2a: Loool|31/100|[from] Spikes
|-damage|p2a: Loool|25/100|[from] Stealth Rock
|turn|19
|
|t:|1779561283
|move|p1a: Simone|Earthquake|p2a: Loool
|-damage|p2a: Loool|0 fnt
|faint|p2a: Loool
|
|win|Easil
|raw|Easil's rating: 1029 &rarr; <strong>1062</strong><br />(+33 for winning)
|raw|scienceguy10134's rating: 1000 &rarr; <strong>1000</strong><br />(+0 for losing)
