|j|☆000_Manto_000
|j|☆Noiir273
|t:|1779686158
|gametype|singles
|player|p1|000_Manto_000|swimmer-gen4|1078
|player|p2|Noiir273|266|1107
|gen|9
|tier|[Gen 9] OU
|rated|
|rule|HP Percentage Mod: HP is shown in percentages
|rule|Endless Battle Clause: Forcing endless battles is banned
|rule|Species Clause: Limit one of each Pokémon
|rule|OHKO Clause: OHKO moves are banned
|rule|Evasion Items Clause: Evasion items are banned
|rule|Evasion Moves Clause: Evasion moves are banned
|rule|Evasion Abilities Clause: Evasion abilities are banned
|rule|Sleep Moves Clause: Sleep-inducing moves are banned
|clearpoke
|poke|p1|Ursaluna, F|
|poke|p1|Zoroark-Hisui, F|
|poke|p1|Maushold|
|poke|p1|Porygon-Z|
|poke|p1|Arboliva, F|
|poke|p1|Porygon2|
|poke|p2|Glimmora, F|
|poke|p2|Kingambit, M|
|poke|p2|Iron Valiant|
|poke|p2|Dragapult, M|
|poke|p2|Gholdengo|
|poke|p2|Great Tusk|
|teampreview
|inactive|Battle timer is ON: inactive players will automatically lose when time's up. (requested by Noiir273)
|
|t:|1779686169
|teamsize|p1|6
|teamsize|p2|6
|start
|switch|p1a: Porygon2|Porygon2|100/100
|switch|p2a: Glimmora|Glimmora, F, shiny|100/100
|turn|1
|
|t:|1779686176
|move|p1a: Porygon2|Hyper Voice|p2a: Glimmora
|-resisted|p2a: Glimmora
|-damage|p2a: Glimmora|70/100
|-enditem|p1a: Porygon2|Throat Spray
|-boost|p1a: Porygon2|spa|1|[from] item: Throat Spray
|move|p2a: Glimmora|Stealth Rock|p1a: Porygon2
|-sidestart|p1: 000_Manto_000|move: Stealth Rock
|
|upkeep
|turn|2
|
|t:|1779686186
|move|p1a: Porygon2|Calm Mind|p1a: Porygon2
|-boost|p1a: Porygon2|spa|1
|-boost|p1a: Porygon2|spd|1
|move|p2a: Glimmora|Spikes|p1a: Porygon2
|-sidestart|p1: 000_Manto_000|Spikes
|
|upkeep
|turn|3
|
|t:|1779686194
|move|p1a: Porygon2|Calm Mind|p1a: Porygon2
|-boost|p1a: Porygon2|spa|1
|-boost|p1a: Porygon2|spd|1
|move|p2a: Glimmora|Power Gem|p1a: Porygon2
|-damage|p1a: Porygon2|59/100
|replace|p1a: Zoroark|Zoroark-Hisui, F
|-end|p1a: Zoroark|Illusion
|
|upkeep
|turn|4
|
|t:|1779686202
|move|p1a: Zoroark|Bitter Malice|p2a: Glimmora
|-damage|p2a: Glimmora|0 fnt
|faint|p2a: Glimmora
|
|upkeep
|
|t:|1779686215
|switch|p2a: Dragapult|Dragapult, M|100/100
|turn|5
|
|t:|1779686225
|-terastallize|p1a: Zoroark|Fairy
|move|p2a: Dragapult|Draco Meteor|p1a: Zoroark
|-immune|p1a: Zoroark
|move|p1a: Zoroark|Bitter Malice|p2a: Dragapult
|-supereffective|p2a: Dragapult
|-damage|p2a: Dragapult|0 fnt
|faint|p2a: Dragapult
|
|upkeep
|
|t:|1779686249
|switch|p2a: Iron Valiant|Iron Valiant, shiny|100/100
|-enditem|p2a: Iron Valiant|Booster Energy
|-activate|p2a: Iron Valiant|ability: Quark Drive|[fromitem]
|-start|p2a: Iron Valiant|quarkdrivespe
|turn|6
|
|t:|1779686258
|move|p2a: Iron Valiant|Moonblast|p1a: Zoroark
|-damage|p1a: Zoroark|14/100
|move|p1a: Zoroark|Hyper Voice|p2a: Iron Valiant
|-damage|p2a: Iron Valiant|0 fnt
|faint|p2a: Iron Valiant
|-end|p2a: Iron Valiant|Quark Drive|[silent]
|
|upkeep
|inactive|Noiir273 has 120 seconds left.
|
|t:|1779686275
|switch|p2a: Gholdengo|Gholdengo|100/100
|-item|p2a: Gholdengo|Air Balloon
|turn|7
|
|t:|1779686280
|move|p1a: Zoroark|Bitter Malice|p2a: Gholdengo
|-supereffective|p2a: Gholdengo
|-damage|p2a: Gholdengo|0 fnt
|-enditem|p2a: Gholdengo|Air Balloon
|faint|p2a: Gholdengo
|
|upkeep
|
|t:|1779686288
|switch|p2a: Great Tusk|Great Tusk|100/100
|turn|8
|
|t:|1779686293
|move|p1a: Zoroark|Bitter Malice|p2a: Great Tusk
|-damage|p2a: Great Tusk|0 fnt
|faint|p2a: Great Tusk
|-end|p2a: Great Tusk|Protosynthesis|[silent]
|
|upkeep
|
|t:|1779686299
|switch|p2a: Kingambit|Kingambit, M|100/100
|-activate|p2a: Kingambit|ability: Supreme Overlord
|-start|p2a: Kingambit|fallen5|[silent]
|turn|9
|
|t:|1779686304
|move|p2a: Kingambit|Sucker Punch||[still]
|-fail|p2a: Kingambit
|move|p1a: Zoroark|Taunt|p2a: Kingambit
|-start|p2a: Kingambit|move: Taunt
|
|upkeep
|turn|10
|
|t:|1779686311
|move|p2a: Kingambit|Sucker Punch||[still]
|-fail|p2a: Kingambit
|move|p1a: Zoroark|Calm Mind|p1a: Zoroark
|-boost|p1a: Zoroark|spa|1
|-boost|p1a: Zoroark|spd|1
|
|upkeep
|turn|11
|
|t:|1779686317
|move|p2a: Kingambit|Sucker Punch||[still]
|-fail|p2a: Kingambit
|move|p1a: Zoroark|Calm Mind|p1a: Zoroark
|-boost|p1a: Zoroark|spa|1
|-boost|p1a: Zoroark|spd|1
|
|upkeep
|turn|12
|
|t:|1779686324
|move|p2a: Kingambit|Sucker Punch||[still]
|-fail|p2a: Kingambit
|move|p1a: Zoroark|Calm Mind|p1a: Zoroark
|-boost|p1a: Zoroark|spa|1
|-boost|p1a: Zoroark|spd|1
|
|-end|p2a: Kingambit|move: Taunt
|upkeep
|turn|13
|
|t:|1779686330
|move|p1a: Zoroark|Taunt|p2a: Kingambit
|-start|p2a: Kingambit|move: Taunt
|move|p2a: Kingambit|Kowtow Cleave|p1a: Zoroark
|-resisted|p1a: Zoroark
|-damage|p1a: Zoroark|0 fnt
|faint|p1a: Zoroark
|
|upkeep
|
|t:|1779686338
|switch|p1a: Maushold|Maushold|100/100
|-damage|p1a: Maushold|88/100|[from] Stealth Rock
|-damage|p1a: Maushold|76/100|[from] Spikes
|turn|14
|
|t:|1779686345
|move|p1a: Maushold|Tidy Up|p1a: Maushold
|-sideend|p1: 000_Manto_000|Spikes
|-sideend|p1: 000_Manto_000|Stealth Rock
|-activate|p1a: Maushold|move: Tidy Up
|-boost|p1a: Maushold|atk|1
|-boost|p1a: Maushold|spe|1
|move|p2a: Kingambit|Kowtow Cleave|p1a: Maushold
|-damage|p1a: Maushold|0 fnt
|faint|p1a: Maushold
|
|upkeep
|
|t:|1779686358
|switch|p1a: Porygon2|Porygon2|100/100
|-ability|p1a: Porygon2|Supreme Overlord|Trace|[from] ability: Trace|[of] p2a: Kingambit
|-activate|p1a: Porygon2|ability: Supreme Overlord
|-start|p1a: Porygon2|fallen2|[silent]
|turn|15
|
|t:|1779686365
|move|p1a: Porygon2|Thunder Wave|p2a: Kingambit
|-status|p2a: Kingambit|par
|move|p2a: Kingambit|Kowtow Cleave|p1a: Porygon2
|-damage|p1a: Porygon2|60/100
|
|-end|p2a: Kingambit|move: Taunt
|upkeep
|turn|16
|
|t:|1779686375
|move|p1a: Porygon2|Tri Attack|p2a: Kingambit
|-resisted|p2a: Kingambit
|-damage|p2a: Kingambit|83/100 par
|move|p2a: Kingambit|Kowtow Cleave|p1a: Porygon2
|-damage|p1a: Porygon2|15/100
|
|upkeep
|turn|17
|
|t:|1779686382
|move|p1a: Porygon2|Recover|p1a: Porygon2
|-heal|p1a: Porygon2|65/100
|move|p2a: Kingambit|Kowtow Cleave|p1a: Porygon2
|-damage|p1a: Porygon2|24/100
|
|upkeep
|turn|18
|
|t:|1779686388
|move|p1a: Porygon2|Recover|p1a: Porygon2
|-heal|p1a: Porygon2|74/100
|move|p2a: Kingambit|Kowtow Cleave|p1a: Porygon2
|-damage|p1a: Porygon2|32/100
|
|upkeep
|turn|19
|
|t:|1779686395
|move|p1a: Porygon2|Recover|p1a: Porygon2
|-heal|p1a: Porygon2|82/100
|move|p2a: Kingambit|Swords Dance|p2a: Kingambit
|-boost|p2a: Kingambit|atk|2
|
|upkeep
|turn|20
|
|t:|1779686401
|move|p1a: Porygon2|Tri Attack|p2a: Kingambit
|-resisted|p2a: Kingambit
|-damage|p2a: Kingambit|64/100 par
|move|p2a: Kingambit|Kowtow Cleave|p1a: Porygon2
|-damage|p1a: Porygon2|0 fnt
|faint|p1a: Porygon2
|-end|p1a: Porygon2|fallen2|[silent]
|
|upkeep
|
|t:|1779686413
|switch|p1a: Arboliva|Arboliva, F|100/100
|turn|21
|
|t:|1779686419
|move|p1a: Arboliva|Strength Sap|p2a: Kingambit
|-unboost|p2a: Kingambit|atk|1
|move|p2a: Kingambit|Kowtow Cleave|p1a: Arboliva
|-damage|p1a: Arboliva|0 fnt
|-fieldstart|move: Grassy Terrain|[from] ability: Seed Sower|[of] p1a: Arboliva
|faint|p1a: Arboliva
|
|-heal|p2a: Kingambit|71/100 par|[from] Grassy Terrain
|upkeep
|
|t:|1779686429
|switch|p1a: Ursaluna|Ursaluna, F|100/100
|turn|22
|
|t:|1779686436
|move|p1a: Ursaluna|Stomping Tantrum|p2a: Kingambit
|-supereffective|p2a: Kingambit
|-damage|p2a: Kingambit|5/100 par
|move|p2a: Kingambit|Kowtow Cleave|p1a: Ursaluna
|-damage|p1a: Ursaluna|7/100
|
|-heal|p1a: Ursaluna|13/100|[from] Grassy Terrain
|-heal|p2a: Kingambit|11/100 par|[from] Grassy Terrain
|-status|p1a: Ursaluna|brn|[from] item: Flame Orb
|upkeep
|turn|23
|
|t:|1779686445
|move|p2a: Kingambit|Sucker Punch|p1a: Ursaluna
|-damage|p1a: Ursaluna|0 fnt
|faint|p1a: Ursaluna
|
|-heal|p2a: Kingambit|17/100 par|[from] Grassy Terrain
|upkeep
|
|t:|1779686449
|switch|p1a: Porygon-Z|Porygon-Z|100/100
|turn|24
|
|t:|1779686452
|move|p2a: Kingambit|Sucker Punch|p1a: Porygon-Z
|-damage|p1a: Porygon-Z|0 fnt
|faint|p1a: Porygon-Z
|
|win|Noiir273
|raw|000_Manto_000's rating: 1078 &rarr; <strong>1058</strong><br />(-20 for losing)
|raw|Noiir273's rating: 1107 &rarr; <strong>1130</strong><br />(+23 for winning)
|c|☆Noiir273|dqamnnn
|c|☆000_Manto_000|gg
|c|☆000_Manto_000|kingambit sWEEEEEEEP
|c|☆Noiir273|one for all
|c|☆000_Manto_000|yeeeh
|c|☆Noiir273|i cant believe
|l|☆Noiir273
|player|p2|
|l|☆000_Manto_000
|player|p1|
