|j|☆CaptainOrb
|j|☆Supa Dupa Hoopa
|t:|1779625150
|gametype|singles
|player|p1|CaptainOrb|266|1581
|player|p2|Supa Dupa Hoopa|101|1602
|gen|9
|tier|[Gen 9] OU
|rated|
|rule|HP Percentage Mod: HP is shown in percentages
|rule|Endless Battle Clause: Forcing endless battles is banned
|rule|Species Clause: Limit one of each Pokémon
|rule|OHKO Clause: OHKO moves are banned
|rule|Evasion Items Clause: Evasion items are banned
|rule|Evasion Moves Clause: Evasion moves are banned
|rule|Evasion Abilities Clause: Evasion abilities are banned
|rule|Sleep Moves Clause: Sleep-inducing moves are banned
|clearpoke
|poke|p1|Weezing-Galar, F|
|poke|p1|Gliscor, F|
|poke|p1|Blissey, F|
|poke|p1|Corviknight, M|
|poke|p1|Dondozo, F|
|poke|p1|Toxapex, M|
|poke|p2|Serperior, M|
|poke|p2|Cinderace, F|
|poke|p2|Corviknight, M|
|poke|p2|Alomomola, M|
|poke|p2|Ditto|
|poke|p2|Toxtricity-Low-Key, M|
|teampreview
|
|t:|1779625161
|teamsize|p1|6
|teamsize|p2|6
|start
|switch|p1a: Gliscor|Gliscor, F|100/100
|switch|p2a: What RU|Serperior, M|100/100
|turn|1
|inactive|Battle timer is ON: inactive players will automatically lose when time's up. (requested by CaptainOrb)
|
|t:|1779625168
|move|p1a: Gliscor|Protect|p1a: Gliscor
|-singleturn|p1a: Gliscor|Protect
|move|p2a: What RU|Glare|p1a: Gliscor
|-activate|p1a: Gliscor|move: Protect
|
|-status|p1a: Gliscor|tox|[from] item: Toxic Orb
|upkeep
|turn|2
|
|t:|1779625175
|switch|p1a: Weezing|Weezing-Galar, F|100/100
|-ability|p1a: Weezing|Neutralizing Gas
|move|p2a: What RU|Substitute|p2a: What RU
|-start|p2a: What RU|Substitute
|-damage|p2a: What RU|76/100
|
|-heal|p2a: What RU|82/100|[from] item: Leftovers
|upkeep
|turn|3
|
|t:|1779625185
|move|p2a: What RU|Glare|p1a: Weezing
|-status|p1a: Weezing|par
|move|p1a: Weezing|Toxic Spikes|p2a: What RU
|-sidestart|p2: Supa Dupa Hoopa|move: Toxic Spikes
|
|-heal|p2a: What RU|88/100|[from] item: Leftovers
|upkeep
|turn|4
|
|t:|1779625193
|move|p2a: What RU|Leech Seed|p1a: Weezing
|-start|p1a: Weezing|move: Leech Seed
|move|p1a: Weezing|Toxic Spikes|p2a: What RU
|-sidestart|p2: Supa Dupa Hoopa|move: Toxic Spikes
|
|-heal|p2a: What RU|94/100|[from] item: Leftovers
|-damage|p1a: Weezing|88/100 par|[from] Leech Seed|[of] p2a: What RU
|-heal|p2a: What RU|100/100|[silent]
|upkeep
|turn|5
|j| malabestia
|
|t:|1779625202
|-end|p1a: Weezing|ability: Neutralizing Gas
|switch|p1a: Toxapex|Toxapex, M|100/100
|move|p2a: What RU|Glare|p1a: Toxapex
|-status|p1a: Toxapex|par
|
|upkeep
|turn|6
|
|t:|1779625210
|move|p2a: What RU|Leech Seed|p1a: Toxapex
|-start|p1a: Toxapex|move: Leech Seed
|move|p1a: Toxapex|Poison Jab|p2a: What RU
|-supereffective|p2a: What RU
|-end|p2a: What RU|Substitute
|
|-damage|p1a: Toxapex|88/100 par|[from] Leech Seed|[of] p2a: What RU
|upkeep
|turn|7
|
|t:|1779625218
|move|p2a: What RU|Substitute|p2a: What RU
|-start|p2a: What RU|Substitute
|-damage|p2a: What RU|76/100
|cant|p1a: Toxapex|par
|
|-heal|p2a: What RU|82/100|[from] item: Leftovers
|-damage|p1a: Toxapex|76/100 par|[from] Leech Seed|[of] p2a: What RU
|-heal|p2a: What RU|93/100|[silent]
|upkeep
|turn|8
|
|t:|1779625226
|switch|p1a: Weezing|Weezing-Galar, F|88/100 par
|-ability|p1a: Weezing|Neutralizing Gas
|move|p2a: What RU|Leaf Storm|p1a: Weezing
|-resisted|p1a: Weezing
|-damage|p1a: Weezing|62/100 par
|-unboost|p2a: What RU|spa|2
|
|-heal|p2a: What RU|99/100|[from] item: Leftovers
|upkeep
|turn|9
|
|t:|1779625238
|-end|p1a: Weezing|ability: Neutralizing Gas
|switch|p1a: Corviknight|Corviknight, M|100/100
|-ability|p1a: Corviknight|Pressure
|move|p2a: What RU|Leech Seed|p1a: Corviknight
|-start|p1a: Corviknight|move: Leech Seed
|
|-heal|p2a: What RU|100/100|[from] item: Leftovers
|-damage|p1a: Corviknight|88/100|[from] Leech Seed|[of] p2a: What RU
|upkeep
|turn|10
|j| fasterac
|
|t:|1779625247
|switch|p1a: Toxapex|Toxapex, M|100/100 par
|move|p2a: What RU|Glare|p1a: Toxapex
|-fail|p1a: Toxapex|par
|
|upkeep
|turn|11
|
|t:|1779625256
|move|p2a: What RU|Leech Seed|p1a: Toxapex
|-start|p1a: Toxapex|move: Leech Seed
|move|p1a: Toxapex|Poison Jab|p2a: What RU
|-supereffective|p2a: What RU
|-end|p2a: What RU|Substitute
|
|-damage|p1a: Toxapex|88/100 par|[from] Leech Seed|[of] p2a: What RU
|upkeep
|turn|12
|
|t:|1779625264
|move|p2a: What RU|Substitute|p2a: What RU
|-start|p2a: What RU|Substitute
|-damage|p2a: What RU|76/100
|move|p1a: Toxapex|Poison Jab|p2a: What RU
|-supereffective|p2a: What RU
|-crit|p2a: What RU
|-end|p2a: What RU|Substitute
|
|-heal|p2a: What RU|82/100|[from] item: Leftovers
|-damage|p1a: Toxapex|76/100 par|[from] Leech Seed|[of] p2a: What RU
|-heal|p2a: What RU|93/100|[silent]
|upkeep
|turn|13
|
|t:|1779625273
|move|p2a: What RU|Substitute|p2a: What RU
|-start|p2a: What RU|Substitute
|-damage|p2a: What RU|68/100
|move|p1a: Toxapex|Poison Jab|p2a: What RU
|-supereffective|p2a: What RU
|-end|p2a: What RU|Substitute
|
|-heal|p2a: What RU|74/100|[from] item: Leftovers
|-damage|p1a: Toxapex|64/100 par|[from] Leech Seed|[of] p2a: What RU
|-heal|p2a: What RU|85/100|[silent]
|upkeep
|turn|14
|
|t:|1779625283
|switch|p1a: Blissey|Blissey, F|100/100
|move|p2a: What RU|Substitute|p2a: What RU
|-start|p2a: What RU|Substitute
|-damage|p2a: What RU|60/100
|
|-heal|p2a: What RU|66/100|[from] item: Leftovers
|upkeep
|turn|15
|
|t:|1779625291
|move|p2a: What RU|Leech Seed|p1a: Blissey
|-start|p1a: Blissey|move: Leech Seed
|move|p1a: Blissey|Stealth Rock|p2a: What RU
|-sidestart|p2: Supa Dupa Hoopa|move: Stealth Rock
|
|-heal|p2a: What RU|72/100|[from] item: Leftovers
|-damage|p1a: Blissey|88/100|[from] Leech Seed|[of] p2a: What RU
|-heal|p2a: What RU|96/100|[silent]
|upkeep
|turn|16
|
|t:|1779625301
|switch|p1a: Weezing|Weezing-Galar, F|62/100 par
|-ability|p1a: Weezing|Neutralizing Gas
|move|p2a: What RU|Glare|p1a: Weezing
|-fail|p1a: Weezing|par
|
|-heal|p2a: What RU|100/100|[from] item: Leftovers
|upkeep
|turn|17
|
|t:|1779625316
|-end|p1a: Weezing|ability: Neutralizing Gas
|switch|p1a: Toxapex|Toxapex, M|97/100 par
|move|p2a: What RU|Leech Seed|p1a: Toxapex
|-start|p1a: Toxapex|move: Leech Seed
|
|-damage|p1a: Toxapex|85/100 par|[from] Leech Seed|[of] p2a: What RU
|upkeep
|turn|18
|
|t:|1779625324
|switch|p1a: Weezing|Weezing-Galar, F|62/100 par
|-ability|p1a: Weezing|Neutralizing Gas
|move|p2a: What RU|Leaf Storm|p1a: Weezing
|-resisted|p1a: Weezing
|-damage|p1a: Weezing|49/100 par
|-unboost|p2a: What RU|spa|2
|
|upkeep
|turn|19
|
|t:|1779625333
|-end|p1a: Weezing|ability: Neutralizing Gas
|switch|p1a: Toxapex|Toxapex, M|100/100 par
|move|p2a: What RU|Leech Seed|p1a: Toxapex
|-start|p1a: Toxapex|move: Leech Seed
|
|-damage|p1a: Toxapex|88/100 par|[from] Leech Seed|[of] p2a: What RU
|upkeep
|turn|20
|
|t:|1779625347
|switch|p1a: Blissey|Blissey, F|88/100
|move|p2a: What RU|Leech Seed|p1a: Blissey
|-start|p1a: Blissey|move: Leech Seed
|
|-heal|p1a: Blissey|94/100|[from] item: Leftovers
|-damage|p1a: Blissey|82/100|[from] Leech Seed|[of] p2a: What RU
|upkeep
|turn|21
|
|t:|1779625356
|switch|p1a: Toxapex|Toxapex, M|100/100 par
|move|p2a: What RU|Glare|p1a: Toxapex
|-fail|p1a: Toxapex|par
|
|upkeep
|turn|22
|
|t:|1779625362
|move|p2a: What RU|Leech Seed|p1a: Toxapex
|-start|p1a: Toxapex|move: Leech Seed
|move|p1a: Toxapex|Poison Jab|p2a: What RU
|-supereffective|p2a: What RU
|-end|p2a: What RU|Substitute
|
|-damage|p1a: Toxapex|88/100 par|[from] Leech Seed|[of] p2a: What RU
|upkeep
|turn|23
|
|t:|1779625369
|switch|p1a: Blissey|Blissey, F|82/100
|move|p2a: What RU|Substitute|p2a: What RU
|-start|p2a: What RU|Substitute
|-damage|p2a: What RU|76/100
|
|-heal|p2a: What RU|82/100|[from] item: Leftovers
|-heal|p1a: Blissey|88/100|[from] item: Leftovers
|upkeep
|turn|24
|
|t:|1779625377
|move|p2a: What RU|Glare|p1a: Blissey
|-status|p1a: Blissey|par
|move|p1a: Blissey|Seismic Toss|p2a: What RU
|-end|p2a: What RU|Substitute
|
|-heal|p2a: What RU|88/100|[from] item: Leftovers
|-heal|p1a: Blissey|94/100 par|[from] item: Leftovers
|upkeep
|turn|25
|
|t:|1779625385
|move|p2a: What RU|Leech Seed|p1a: Blissey
|-start|p1a: Blissey|move: Leech Seed
|cant|p1a: Blissey|par
|
|-heal|p2a: What RU|94/100|[from] item: Leftovers
|-heal|p1a: Blissey|100/100 par|[from] item: Leftovers
|-damage|p1a: Blissey|88/100 par|[from] Leech Seed|[of] p2a: What RU
|-heal|p2a: What RU|100/100|[silent]
|upkeep
|turn|26
|
|t:|1779625393
|switch|p2a: CinderMiss|Cinderace, F|100/100
|-curestatus|p1a: Blissey|par|[from] ability: Natural Cure|[silent]
|switch|p1a: Toxapex|Toxapex, M|100/100 par
|
|upkeep
|turn|27
|
|t:|1779625399
|move|p2a: CinderMiss|Court Change|p2a: CinderMiss
|-start|p2a: CinderMiss|typechange|Normal|[from] ability: Libero
|-swapsideconditions
|-activate|p2a: CinderMiss|move: Court Change
|cant|p1a: Toxapex|par
|
|upkeep
|turn|28
|
|t:|1779625405
|switch|p2a: ANOTHER ONE|Toxtricity-Low-Key, M|100/100
|move|p1a: Toxapex|Toxic|p2a: ANOTHER ONE
|-immune|p2a: ANOTHER ONE
|
|upkeep
|turn|29
|
|t:|1779625412
|switch|p1a: Gliscor|Gliscor, F|100/100 tox
|-damage|p1a: Gliscor|88/100 tox|[from] Stealth Rock
|-terastallize|p2a: ANOTHER ONE|Normal
|move|p2a: ANOTHER ONE|Boomburst|p1a: Gliscor
|-damage|p1a: Gliscor|0 fnt
|faint|p1a: Gliscor
|
|upkeep
|-message|CaptainOrb forfeited.
|
|win|Supa Dupa Hoopa
|raw|CaptainOrb's rating: 1581 &rarr; <strong>1562</strong><br />(-19 for losing)
|raw|Supa Dupa Hoopa's rating: 1602 &rarr; <strong>1621</strong><br />(+19 for winning)
|l|☆CaptainOrb
|player|p1|
|l| fasterac
|l| malabestia
|l|☆Supa Dupa Hoopa
|player|p2|
