|j|☆catcat77
|j|☆Luisowbro
|t:|1779702953
|gametype|singles
|player|p1|catcat77|caitlin-masters|1463
|player|p2|Luisowbro|ingo|1425
|gen|9
|tier|[Gen 9] OU
|rated|
|rule|HP Percentage Mod: HP is shown in percentages
|rule|Endless Battle Clause: Forcing endless battles is banned
|rule|Species Clause: Limit one of each Pokémon
|rule|OHKO Clause: OHKO moves are banned
|rule|Evasion Items Clause: Evasion items are banned
|rule|Evasion Moves Clause: Evasion moves are banned
|rule|Evasion Abilities Clause: Evasion abilities are banned
|rule|Sleep Moves Clause: Sleep-inducing moves are banned
|clearpoke
|poke|p1|Ogerpon-Wellspring, F|
|poke|p1|Kingambit, M|
|poke|p1|Great Tusk|
|poke|p1|Raging Bolt|
|poke|p1|Iron Crown|
|poke|p1|Zamazenta-*|
|poke|p2|Haxorus, M|
|poke|p2|Moltres-Galar|
|poke|p2|Volcanion|
|poke|p2|Scizor, M|
|poke|p2|Enamorus, F|
|poke|p2|Ninetales-Alola, F|
|teampreview
|inactive|Battle timer is ON: inactive players will automatically lose when time's up. (requested by Luisowbro)
|
|t:|1779702971
|teamsize|p1|6
|teamsize|p2|6
|start
|switch|p1a: Kingambit|Kingambit, M|100/100
|switch|p2a: Volcanion|Volcanion|100/100
|turn|1
|
|t:|1779702979
|switch|p1a: Raging Bolt|Raging Bolt|100/100
|move|p2a: Volcanion|Earth Power|p1a: Raging Bolt
|-supereffective|p1a: Raging Bolt
|-damage|p1a: Raging Bolt|39/100
|-unboost|p1a: Raging Bolt|spd|1
|
|-heal|p1a: Raging Bolt|45/100|[from] item: Leftovers
|upkeep
|turn|2
|
|t:|1779702988
|move|p1a: Raging Bolt|Thunderclap|p2a: Volcanion
|-supereffective|p2a: Volcanion
|-damage|p2a: Volcanion|43/100
|move|p2a: Volcanion|Earth Power|p1a: Raging Bolt
|-supereffective|p1a: Raging Bolt
|-damage|p1a: Raging Bolt|0 fnt
|faint|p1a: Raging Bolt
|-end|p1a: Raging Bolt|Protosynthesis|[silent]
|
|upkeep
|
|t:|1779702991
|switch|p1a: Ogerpon|Ogerpon-Wellspring, F|100/100
|turn|3
|
|t:|1779702996
|move|p1a: Ogerpon|Horn Leech|p2a: Volcanion
|-damage|p2a: Volcanion|8/100
|move|p2a: Volcanion|Sludge Bomb|p1a: Ogerpon
|-supereffective|p1a: Ogerpon
|-damage|p1a: Ogerpon|19/100
|
|upkeep
|turn|4
|
|t:|1779703007
|move|p1a: Ogerpon|Horn Leech|p2a: Volcanion
|-damage|p2a: Volcanion|0 fnt
|-heal|p1a: Ogerpon|24/100|[from] drain|[of] p2a: Volcanion
|faint|p2a: Volcanion
|
|upkeep
|
|t:|1779703024
|switch|p2a: Haxorus|Haxorus, M, shiny|100/100
|-ability|p2a: Haxorus|Mold Breaker
|turn|5
|
|t:|1779703028
|move|p2a: Haxorus|First Impression|p1a: Ogerpon
|-supereffective|p1a: Ogerpon
|-damage|p1a: Ogerpon|0 fnt
|faint|p1a: Ogerpon
|
|upkeep
|
|t:|1779703030
|switch|p1a: Zamazenta|Zamazenta|100/100
|-ability|p1a: Zamazenta|Dauntless Shield|boost
|-boost|p1a: Zamazenta|def|1
|turn|6
|
|t:|1779703042
|switch|p2a: Enamorus|Enamorus, F|100/100
|move|p1a: Zamazenta|Body Press|p2a: Enamorus
|-resisted|p2a: Enamorus
|-damage|p2a: Enamorus|75/100
|
|upkeep
|turn|7
|
|t:|1779703054
|switch|p1a: Iron Crown|Iron Crown|100/100
|move|p2a: Enamorus|Mystical Fire|p1a: Iron Crown
|-supereffective|p1a: Iron Crown
|-damage|p1a: Iron Crown|46/100
|-unboost|p1a: Iron Crown|spa|1
|
|upkeep
|turn|8
|
|t:|1779703061
|move|p2a: Enamorus|Mystical Fire|p1a: Iron Crown
|-supereffective|p1a: Iron Crown
|-damage|p1a: Iron Crown|0 fnt
|faint|p1a: Iron Crown
|-end|p1a: Iron Crown|Quark Drive|[silent]
|
|upkeep
|
|t:|1779703071
|switch|p1a: Great Tusk|Great Tusk|100/100
|turn|9
|
|t:|1779703075
|switch|p2a: Ninetales|Ninetales-Alola, F, shiny|100/100
|-weather|Snowscape|[from] ability: Snow Warning|[of] p2a: Ninetales
|move|p1a: Great Tusk|Rapid Spin|p2a: Ninetales
|-damage|p2a: Ninetales|88/100
|-boost|p1a: Great Tusk|spe|1
|
|-weather|Snowscape|[upkeep]
|upkeep
|turn|10
|
|t:|1779703084
|move|p1a: Great Tusk|Close Combat|p2a: Ninetales
|-damage|p2a: Ninetales|37/100
|-unboost|p1a: Great Tusk|def|1
|-unboost|p1a: Great Tusk|spd|1
|move|p2a: Ninetales|Aurora Veil|p2a: Ninetales
|-sidestart|p2: Luisowbro|move: Aurora Veil
|
|-weather|Snowscape|[upkeep]
|upkeep
|turn|11
|
|t:|1779703091
|-end|p1a: Great Tusk|Protosynthesis|[silent]
|switch|p1a: Kingambit|Kingambit, M|100/100
|move|p2a: Ninetales|Freeze-Dry|p1a: Kingambit
|-resisted|p1a: Kingambit
|-damage|p1a: Kingambit|90/100
|
|-weather|Snowscape|[upkeep]
|upkeep
|turn|12
|
|t:|1779703100
|move|p1a: Kingambit|Brick Break|p2a: Ninetales
|-sideend|p2: Luisowbro|move: Aurora Veil
|-damage|p2a: Ninetales|14/100
|move|p2a: Ninetales|Roar|p1a: Kingambit
|drag|p1a: Great Tusk|Great Tusk|100/100
|
|-weather|Snowscape|[upkeep]
|upkeep
|turn|13
|
|t:|1779703108
|move|p2a: Ninetales|Aurora Veil|p2a: Ninetales
|-sidestart|p2: Luisowbro|move: Aurora Veil
|move|p1a: Great Tusk|Rapid Spin|p2a: Ninetales
|-crit|p2a: Ninetales
|-damage|p2a: Ninetales|0 fnt
|-boost|p1a: Great Tusk|spe|1
|faint|p2a: Ninetales
|
|-weather|none
|upkeep
|
|t:|1779703137
|switch|p2a: Enamorus|Enamorus, F|75/100
|turn|14
|
|t:|1779703143
|move|p2a: Enamorus|Moonblast|p1a: Great Tusk
|-supereffective|p1a: Great Tusk
|-damage|p1a: Great Tusk|0 fnt
|faint|p1a: Great Tusk
|-end|p1a: Great Tusk|Protosynthesis|[silent]
|
|upkeep
|
|t:|1779703146
|switch|p1a: Kingambit|Kingambit, M|90/100
|turn|15
|
|t:|1779703150
|switch|p2a: Scizor|Scizor, M, shiny|100/100
|move|p1a: Kingambit|Iron Head|p2a: Scizor
|-resisted|p2a: Scizor
|-damage|p2a: Scizor|90/100
|
|upkeep
|turn|16
|
|t:|1779703156
|-terastallize|p1a: Kingambit|Flying
|move|p2a: Scizor|U-turn|p1a: Kingambit
|-resisted|p1a: Kingambit
|-damage|p1a: Kingambit|67/100
|
|t:|1779703185
|switch|p2a: Moltres|Moltres-Galar, shiny|100/100|[from] U-turn
|move|p1a: Kingambit|Brick Break|p2a: Moltres
|-sideend|p2: Luisowbro|move: Aurora Veil
|-damage|p2a: Moltres|73/100
|
|upkeep
|turn|17
|
|t:|1779703198
|switch|p1a: Zamazenta|Zamazenta|100/100
|move|p2a: Moltres|Fiery Wrath|p1a: Zamazenta
|-resisted|p1a: Zamazenta
|-damage|p1a: Zamazenta|86/100
|
|upkeep
|turn|18
|
|t:|1779703204
|move|p1a: Zamazenta|Iron Defense|p1a: Zamazenta
|-boost|p1a: Zamazenta|def|2
|move|p2a: Moltres|Air Slash|p1a: Zamazenta
|-supereffective|p1a: Zamazenta
|-damage|p1a: Zamazenta|36/100
|
|upkeep
|turn|19
|
|t:|1779703212
|move|p1a: Zamazenta|Body Press|p2a: Moltres
|-damage|p2a: Moltres|0 fnt
|faint|p2a: Moltres
|
|upkeep
|
|t:|1779703217
|switch|p2a: Enamorus|Enamorus, F|75/100
|turn|20
|
|t:|1779703221
|-terastallize|p2a: Enamorus|Fairy
|move|p2a: Enamorus|Moonblast|p1a: Zamazenta
|-supereffective|p1a: Zamazenta
|-damage|p1a: Zamazenta|0 fnt
|faint|p1a: Zamazenta
|
|upkeep
|
|t:|1779703223
|switch|p1a: Kingambit|Kingambit, M, tera:Flying|67/100
|turn|21
|
|t:|1779703228
|move|p2a: Enamorus|Moonblast|p1a: Kingambit
|-damage|p1a: Kingambit|2/100
|move|p1a: Kingambit|Iron Head|p2a: Enamorus
|-supereffective|p2a: Enamorus
|-damage|p2a: Enamorus|0 fnt
|faint|p2a: Enamorus
|
|upkeep
|
|t:|1779703235
|switch|p2a: Scizor|Scizor, M, shiny|90/100
|turn|22
|
|t:|1779703238
|move|p2a: Scizor|Bullet Punch|p1a: Kingambit
|-damage|p1a: Kingambit|0 fnt
|faint|p1a: Kingambit
|
|win|Luisowbro
|raw|catcat77's rating: 1463 &rarr; <strong>1441</strong><br />(-22 for losing)
|raw|Luisowbro's rating: 1425 &rarr; <strong>1447</strong><br />(+22 for winning)
|l|☆catcat77
|player|p1|
