|j|☆marcodeso
|j|☆claudechamp
|t:|1779716022
|gametype|singles
|player|p1|marcodeso|n|1220
|player|p2|claudechamp|102|1235
|gen|9
|tier|[Gen 9] OU
|rated|
|rule|HP Percentage Mod: HP is shown in percentages
|rule|Endless Battle Clause: Forcing endless battles is banned
|rule|Species Clause: Limit one of each Pokémon
|rule|OHKO Clause: OHKO moves are banned
|rule|Evasion Items Clause: Evasion items are banned
|rule|Evasion Moves Clause: Evasion moves are banned
|rule|Evasion Abilities Clause: Evasion abilities are banned
|rule|Sleep Moves Clause: Sleep-inducing moves are banned
|clearpoke
|poke|p1|Ribombee, F|
|poke|p1|Zapdos|
|poke|p1|Zoroark-Hisui, F|
|poke|p1|Kommo-o, M|
|poke|p1|Iron Crown|
|poke|p1|Weavile, F|
|poke|p2|Gliscor, F|
|poke|p2|Gholdengo|
|poke|p2|Zamazenta-*|
|poke|p2|Blissey, F|
|poke|p2|Skarmory, F|
|poke|p2|Pecharunt|
|teampreview
|c|☆claudechamp|hf
|inactive|Battle timer is ON: inactive players will automatically lose when time's up. (requested by marcodeso)
|inactive|claudechamp also wants the timer to be on.
|
|t:|1779716027
|teamsize|p1|6
|teamsize|p2|6
|start
|switch|p1a: Zapdos|Zapdos|100/100
|switch|p2a: Skarmory|Skarmory, F|100/100
|turn|1
|
|t:|1779716032
|move|p1a: Zapdos|Rain Dance|p1a: Zapdos
|-weather|RainDance
|move|p2a: Skarmory|Spikes|p1a: Zapdos
|-sidestart|p1: marcodeso|Spikes
|
|-weather|RainDance|[upkeep]
|upkeep
|turn|2
|
|t:|1779716036
|move|p1a: Zapdos|Weather Ball|p2a: Skarmory
|-damage|p2a: Skarmory|36/100
|move|p2a: Skarmory|Spikes|p1a: Zapdos
|-sidestart|p1: marcodeso|Spikes
|
|-weather|RainDance|[upkeep]
|upkeep
|turn|3
|
|t:|1779716039
|switch|p2a: Blissey|Blissey, F|100/100
|move|p1a: Zapdos|Hurricane|p2a: Blissey
|-damage|p2a: Blissey|83/100
|
|-weather|RainDance|[upkeep]
|upkeep
|turn|4
|
|t:|1779716042
|move|p1a: Zapdos|Thunder|p2a: Blissey
|-crit|p2a: Blissey
|-damage|p2a: Blissey|59/100
|move|p2a: Blissey|Stealth Rock|p1a: Zapdos
|-sidestart|p1: marcodeso|move: Stealth Rock
|
|-weather|RainDance|[upkeep]
|upkeep
|turn|5
|
|t:|1779716055
|move|p1a: Zapdos|Thunder|p2a: Blissey
|-damage|p2a: Blissey|42/100
|-status|p2a: Blissey|par
|cant|p2a: Blissey|par
|
|-weather|none
|upkeep
|turn|6
|
|t:|1779716061
|move|p1a: Zapdos|Rain Dance|p1a: Zapdos
|-weather|RainDance
|move|p2a: Blissey|Soft-Boiled|p2a: Blissey
|-heal|p2a: Blissey|92/100 par
|
|-weather|RainDance|[upkeep]
|upkeep
|turn|7
|
|t:|1779716064
|move|p1a: Zapdos|Hurricane|p2a: Blissey
|-damage|p2a: Blissey|75/100 par
|move|p2a: Blissey|Calm Mind|p2a: Blissey
|-boost|p2a: Blissey|spa|1
|-boost|p2a: Blissey|spd|1
|
|-weather|RainDance|[upkeep]
|upkeep
|turn|8
|
|t:|1779716071
|switch|p1a: Kommo-o|Kommo-o, M|100/100
|-damage|p1a: Kommo-o|84/100|[from] Spikes
|-damage|p1a: Kommo-o|78/100|[from] Stealth Rock
|cant|p2a: Blissey|par
|
|-weather|RainDance|[upkeep]
|-heal|p1a: Kommo-o|84/100|[from] item: Leftovers
|upkeep
|turn|9
|
|t:|1779716075
|-curestatus|p2a: Blissey|par|[from] ability: Natural Cure|[silent]
|switch|p2a: Pecharunt|Pecharunt|100/100
|-terastallize|p1a: Kommo-o|Steel
|move|p1a: Kommo-o|Clangorous Soul|p1a: Kommo-o
|-boost|p1a: Kommo-o|atk|1
|-boost|p1a: Kommo-o|def|1
|-boost|p1a: Kommo-o|spa|1
|-boost|p1a: Kommo-o|spd|1
|-boost|p1a: Kommo-o|spe|1
|-damage|p1a: Kommo-o|51/100
|
|-weather|RainDance|[upkeep]
|-heal|p1a: Kommo-o|57/100|[from] item: Leftovers
|upkeep
|turn|10
|
|t:|1779716081
|move|p1a: Kommo-o|Earthquake|p2a: Pecharunt
|-supereffective|p2a: Pecharunt
|-damage|p2a: Pecharunt|54/100
|move|p2a: Pecharunt|Shadow Ball|p1a: Kommo-o
|-immune|p1a: Kommo-o|[from] ability: Bulletproof
|
|-weather|none
|-heal|p1a: Kommo-o|63/100|[from] item: Leftovers
|upkeep
|turn|11
|
|t:|1779716088
|switch|p2a: Gliscor|Gliscor, F|100/100
|move|p1a: Kommo-o|Clangorous Soul|p1a: Kommo-o
|-boost|p1a: Kommo-o|atk|1
|-boost|p1a: Kommo-o|def|1
|-boost|p1a: Kommo-o|spa|1
|-boost|p1a: Kommo-o|spd|1
|-boost|p1a: Kommo-o|spe|1
|-damage|p1a: Kommo-o|30/100
|
|-heal|p1a: Kommo-o|37/100|[from] item: Leftovers
|-status|p2a: Gliscor|tox|[from] item: Toxic Orb
|upkeep
|turn|12
|
|t:|1779716093
|move|p1a: Kommo-o|Iron Head|p2a: Gliscor
|-damage|p2a: Gliscor|43/100 tox
|move|p2a: Gliscor|Earthquake|p1a: Kommo-o
|-supereffective|p1a: Kommo-o
|-damage|p1a: Kommo-o|5/100
|
|-heal|p1a: Kommo-o|11/100|[from] item: Leftovers
|-heal|p2a: Gliscor|56/100 tox|[from] ability: Poison Heal
|upkeep
|turn|13
|
|t:|1779716099
|move|p1a: Kommo-o|Iron Head|p2a: Gliscor
|-damage|p2a: Gliscor|0 fnt
|faint|p2a: Gliscor
|
|-heal|p1a: Kommo-o|17/100|[from] item: Leftovers
|upkeep
|
|t:|1779716104
|switch|p2a: Zamazenta|Zamazenta|100/100
|-ability|p2a: Zamazenta|Dauntless Shield|boost
|-boost|p2a: Zamazenta|def|1
|turn|14
|
|t:|1779716109
|move|p1a: Kommo-o|Drain Punch|p2a: Zamazenta
|-damage|p2a: Zamazenta|58/100
|-heal|p1a: Kommo-o|41/100|[from] drain|[of] p2a: Zamazenta
|move|p2a: Zamazenta|Close Combat|p1a: Kommo-o
|-supereffective|p1a: Kommo-o
|-damage|p1a: Kommo-o|0 fnt
|-unboost|p2a: Zamazenta|def|1
|-unboost|p2a: Zamazenta|spd|1
|faint|p1a: Kommo-o
|
|upkeep
|
|t:|1779716119
|switch|p1a: Weavile|Weavile, F|100/100
|-damage|p1a: Weavile|84/100|[from] Spikes
|-damage|p1a: Weavile|72/100|[from] Stealth Rock
|turn|15
|
|t:|1779716124
|-terastallize|p2a: Zamazenta|Ice
|move|p2a: Zamazenta|Ice Fang|p1a: Weavile
|-damage|p1a: Weavile|7/100
|replace|p1a: Zoroark|Zoroark-Hisui, F, shiny
|-end|p1a: Zoroark|Illusion
|move|p1a: Zoroark|Will-O-Wisp|p2a: Zamazenta
|-status|p2a: Zamazenta|brn
|
|-damage|p2a: Zamazenta|52/100 brn|[from] brn
|upkeep
|turn|16
|
|t:|1779716132
|move|p2a: Zamazenta|Ice Fang|p1a: Zoroark
|-damage|p1a: Zoroark|0 fnt
|faint|p1a: Zoroark
|
|-damage|p2a: Zamazenta|45/100 brn|[from] brn
|upkeep
|
|t:|1779716143
|switch|p1a: Iron Crown|Iron Crown|100/100
|-damage|p1a: Iron Crown|84/100|[from] Spikes
|-damage|p1a: Iron Crown|78/100|[from] Stealth Rock
|-enditem|p1a: Iron Crown|Booster Energy
|-activate|p1a: Iron Crown|ability: Quark Drive|[fromitem]
|-start|p1a: Iron Crown|quarkdrivespa
|turn|17
|
|t:|1779716149
|move|p2a: Zamazenta|Close Combat|p1a: Iron Crown
|-damage|p1a: Iron Crown|46/100
|-unboost|p2a: Zamazenta|def|1
|-unboost|p2a: Zamazenta|spd|1
|move|p1a: Iron Crown|Tachyon Cutter|p2a: Zamazenta
|-supereffective|p2a: Zamazenta
|-damage|p2a: Zamazenta|0 fnt
|faint|p2a: Zamazenta
|-hitcount|p2: Zamazenta|1
|
|upkeep
|
|t:|1779716153
|switch|p2a: Gholdengo|Gholdengo|100/100
|turn|18
|
|t:|1779716161
|-end|p1a: Iron Crown|Quark Drive|[silent]
|switch|p1a: Weavile|Weavile, F|100/100
|-damage|p1a: Weavile|84/100|[from] Spikes
|-damage|p1a: Weavile|59/100|[from] Stealth Rock
|move|p2a: Gholdengo|Hex|p1a: Weavile
|-resisted|p1a: Weavile
|-damage|p1a: Weavile|40/100
|
|upkeep
|turn|19
|
|t:|1779716169
|move|p1a: Weavile|Knock Off|p2a: Gholdengo
|-supereffective|p2a: Gholdengo
|-damage|p2a: Gholdengo|29/100
|-enditem|p2a: Gholdengo|Ability Shield|[from] move: Knock Off|[of] p1a: Weavile
|move|p2a: Gholdengo|Nasty Plot|p2a: Gholdengo
|-boost|p2a: Gholdengo|spa|2
|
|upkeep
|turn|20
|
|t:|1779716175
|move|p1a: Weavile|Knock Off|p2a: Gholdengo
|-supereffective|p2a: Gholdengo
|-damage|p2a: Gholdengo|0 fnt
|faint|p2a: Gholdengo
|
|upkeep
|
|t:|1779716179
|switch|p2a: Skarmory|Skarmory, F|36/100
|turn|21
|
|t:|1779716184
|move|p1a: Weavile|Triple Axel|p2a: Skarmory
|-damage|p2a: Skarmory|29/100
|-damage|p2a: Skarmory|17/100
|-damage|p2a: Skarmory|0 fnt
|faint|p2a: Skarmory
|-hitcount|p2: Skarmory|3
|
|upkeep
|
|t:|1779716188
|switch|p2a: Pecharunt|Pecharunt|54/100
|turn|22
|
|t:|1779716193
|move|p1a: Weavile|Knock Off|p2a: Pecharunt
|-supereffective|p2a: Pecharunt
|-damage|p2a: Pecharunt|5/100
|-enditem|p2a: Pecharunt|Heavy-Duty Boots|[from] move: Knock Off|[of] p1a: Weavile
|move|p2a: Pecharunt|Recover|p2a: Pecharunt
|-heal|p2a: Pecharunt|55/100
|
|upkeep
|turn|23
|
|t:|1779716201
|move|p1a: Weavile|Hone Claws|p1a: Weavile
|-boost|p1a: Weavile|atk|1
|-boost|p1a: Weavile|accuracy|1
|move|p2a: Pecharunt|Recover|p2a: Pecharunt
|-heal|p2a: Pecharunt|100/100
|
|upkeep
|turn|24
|
|t:|1779716209
|move|p1a: Weavile|Knock Off|p2a: Pecharunt
|-supereffective|p2a: Pecharunt
|-damage|p2a: Pecharunt|54/100
|move|p2a: Pecharunt|Shadow Ball|p1a: Weavile
|-resisted|p1a: Weavile
|-damage|p1a: Weavile|23/100
|-unboost|p1a: Weavile|spd|1
|
|upkeep
|turn|25
|
|t:|1779716216
|move|p1a: Weavile|Knock Off|p2a: Pecharunt
|-supereffective|p2a: Pecharunt
|-damage|p2a: Pecharunt|5/100
|move|p2a: Pecharunt|Shadow Ball|p1a: Weavile
|-resisted|p1a: Weavile
|-damage|p1a: Weavile|0 fnt
|faint|p1a: Weavile
|
|upkeep
|
|t:|1779716219
|switch|p1a: Ribombee|Ribombee, F, shiny|100/100
|-damage|p1a: Ribombee|84/100|[from] Spikes
|-damage|p1a: Ribombee|59/100|[from] Stealth Rock
|turn|26
|
|t:|1779716224
|move|p1a: Ribombee|Moonblast|p2a: Pecharunt
|-resisted|p2a: Pecharunt
|-damage|p2a: Pecharunt|0 fnt
|faint|p2a: Pecharunt
|
|upkeep
|
|t:|1779716230
|switch|p2a: Blissey|Blissey, F|75/100
|turn|27
|
|t:|1779716239
|move|p1a: Ribombee|Bug Buzz|p2a: Blissey
|-damage|p2a: Blissey|64/100
|move|p2a: Blissey|Calm Mind|p2a: Blissey
|-boost|p2a: Blissey|spa|1
|-boost|p2a: Blissey|spd|1
|
|upkeep
|turn|28
|
|t:|1779716245
|move|p1a: Ribombee|Quiver Dance|p1a: Ribombee
|-boost|p1a: Ribombee|spa|1
|-boost|p1a: Ribombee|spd|1
|-boost|p1a: Ribombee|spe|1
|move|p2a: Blissey|Calm Mind|p2a: Blissey
|-boost|p2a: Blissey|spa|1
|-boost|p2a: Blissey|spd|1
|
|upkeep
|turn|29
|
|t:|1779716253
|move|p1a: Ribombee|Quiver Dance|p1a: Ribombee
|-boost|p1a: Ribombee|spa|1
|-boost|p1a: Ribombee|spd|1
|-boost|p1a: Ribombee|spe|1
|move|p2a: Blissey|Shadow Ball|p1a: Ribombee
|-damage|p1a: Ribombee|33/100
|
|upkeep
|turn|30
|
|t:|1779716262
|move|p1a: Ribombee|Quiver Dance|p1a: Ribombee
|-boost|p1a: Ribombee|spa|1
|-boost|p1a: Ribombee|spd|1
|-boost|p1a: Ribombee|spe|1
|move|p2a: Blissey|Shadow Ball|p1a: Ribombee
|-damage|p1a: Ribombee|12/100
|
|upkeep
|turn|31
|
|t:|1779716290
|move|p1a: Ribombee|Moonblast|p2a: Blissey
|-damage|p2a: Blissey|49/100
|move|p2a: Blissey|Shadow Ball|p1a: Ribombee
|-damage|p1a: Ribombee|0 fnt
|faint|p1a: Ribombee
|
|upkeep
|
|t:|1779716296
|switch|p1a: Zapdos|Zapdos|100/100
|-damage|p1a: Zapdos|76/100|[from] Stealth Rock
|turn|32
|
|t:|1779716301
|move|p1a: Zapdos|Rain Dance|p1a: Zapdos
|-weather|RainDance
|move|p2a: Blissey|Soft-Boiled|p2a: Blissey
|-heal|p2a: Blissey|99/100
|
|-weather|RainDance|[upkeep]
|upkeep
|turn|33
|
|t:|1779716314
|move|p1a: Zapdos|Thunder|p2a: Blissey
|-damage|p2a: Blissey|89/100
|move|p2a: Blissey|Shadow Ball|p1a: Zapdos
|-damage|p1a: Zapdos|41/100
|
|-weather|RainDance|[upkeep]
|upkeep
|turn|34
|
|t:|1779716321
|move|p1a: Zapdos|Thunder|p2a: Blissey
|-damage|p2a: Blissey|81/100
|-status|p2a: Blissey|par
|move|p2a: Blissey|Shadow Ball|p1a: Zapdos
|-damage|p1a: Zapdos|5/100
|
|-weather|RainDance|[upkeep]
|upkeep
|turn|35
|
|t:|1779716330
|move|p1a: Zapdos|Hurricane|p2a: Blissey
|-damage|p2a: Blissey|73/100 par
|move|p2a: Blissey|Shadow Ball|p1a: Zapdos
|-damage|p1a: Zapdos|0 fnt
|faint|p1a: Zapdos
|
|-weather|RainDance|[upkeep]
|upkeep
|
|t:|1779716349
|switch|p1a: Iron Crown|Iron Crown|46/100
|-damage|p1a: Iron Crown|29/100|[from] Spikes
|-damage|p1a: Iron Crown|23/100|[from] Stealth Rock
|turn|36
|
|t:|1779716354
|move|p1a: Iron Crown|Focus Blast|p2a: Blissey
|-supereffective|p2a: Blissey
|-damage|p2a: Blissey|60/100 par
|move|p2a: Blissey|Shadow Ball|p1a: Iron Crown
|-supereffective|p1a: Iron Crown
|-damage|p1a: Iron Crown|0 fnt
|faint|p1a: Iron Crown
|-end|p1a: Iron Crown|Quark Drive|[silent]
|
|win|claudechamp
|raw|marcodeso's rating: 1220 &rarr; <strong>1198</strong><br />(-22 for losing)
|raw|claudechamp's rating: 1261 &rarr; <strong>1283</strong><br />(+22 for winning)
|c|☆claudechamp|gg
|l|☆marcodeso
|player|p1|
