|j|☆PokeAbl05241728znw
|j|☆cmac647
|t:|1779658088
|gametype|singles
|player|p1|PokeAbl05241728znw|1|1000
|player|p2|cmac647|2|1057
|gen|9
|tier|[Gen 9] OU
|rated|
|rule|HP Percentage Mod: HP is shown in percentages
|rule|Endless Battle Clause: Forcing endless battles is banned
|rule|Species Clause: Limit one of each Pokémon
|rule|OHKO Clause: OHKO moves are banned
|rule|Evasion Items Clause: Evasion items are banned
|rule|Evasion Moves Clause: Evasion moves are banned
|rule|Evasion Abilities Clause: Evasion abilities are banned
|rule|Sleep Moves Clause: Sleep-inducing moves are banned
|clearpoke
|poke|p1|Glimmora, M|
|poke|p1|Great Tusk|
|poke|p1|Gholdengo|
|poke|p1|Dragapult, M|
|poke|p1|Primarina, F|
|poke|p1|Kingambit, M|
|poke|p2|Whimsicott, F|
|poke|p2|Porygon-Z|
|poke|p2|Morpeko, F|
|poke|p2|Slowking, M|
|poke|p2|Gliscor, M|
|poke|p2|Tinkaton, F|
|teampreview
|
|t:|1779658092
|teamsize|p1|6
|teamsize|p2|6
|start
|switch|p1a: Kingambit|Kingambit, M|100/100
|switch|p2a: Tinkaton|Tinkaton, F|100/100
|-ability|p2a: Tinkaton|Mold Breaker
|turn|1
|inactive|Battle timer is ON: inactive players will automatically lose when time's up. (requested by PokeAbl05241728znw)
|
|t:|1779658106
|move|p2a: Tinkaton|Stealth Rock|p1a: Kingambit
|-sidestart|p1: PokeAbl05241728znw|move: Stealth Rock
|move|p1a: Kingambit|Swords Dance|p1a: Kingambit
|-boost|p1a: Kingambit|atk|2
|
|upkeep
|turn|2
|
|t:|1779658111
|move|p2a: Tinkaton|Thunder Wave|p1a: Kingambit
|-status|p1a: Kingambit|par
|move|p1a: Kingambit|Iron Head|p2a: Tinkaton
|-damage|p2a: Tinkaton|0 fnt
|faint|p2a: Tinkaton
|
|upkeep
|inactive|cmac647 has 120 seconds left.
|
|t:|1779658142
|switch|p2a: Whimsicott|Whimsicott, F|100/100
|turn|3
|
|t:|1779658152
|move|p2a: Whimsicott|Substitute|p2a: Whimsicott
|-start|p2a: Whimsicott|Substitute
|-damage|p2a: Whimsicott|75/100
|move|p1a: Kingambit|Iron Head|p2a: Whimsicott
|-supereffective|p2a: Whimsicott
|-end|p2a: Whimsicott|Substitute
|
|-heal|p2a: Whimsicott|82/100|[from] item: Leftovers
|upkeep
|turn|4
|
|t:|1779658159
|move|p2a: Whimsicott|Substitute|p2a: Whimsicott
|-start|p2a: Whimsicott|Substitute
|-damage|p2a: Whimsicott|57/100
|move|p1a: Kingambit|Iron Head|p2a: Whimsicott
|-supereffective|p2a: Whimsicott
|-end|p2a: Whimsicott|Substitute
|
|-heal|p2a: Whimsicott|63/100|[from] item: Leftovers
|upkeep
|turn|5
|
|t:|1779658179
|move|p2a: Whimsicott|Substitute|p2a: Whimsicott
|-start|p2a: Whimsicott|Substitute
|-damage|p2a: Whimsicott|38/100
|move|p1a: Kingambit|Iron Head|p2a: Whimsicott
|-supereffective|p2a: Whimsicott
|-end|p2a: Whimsicott|Substitute
|
|-heal|p2a: Whimsicott|44/100|[from] item: Leftovers
|upkeep
|turn|6
|
|t:|1779658187
|move|p2a: Whimsicott|Substitute|p2a: Whimsicott
|-start|p2a: Whimsicott|Substitute
|-damage|p2a: Whimsicott|19/100
|move|p1a: Kingambit|Kowtow Cleave|p2a: Whimsicott
|-resisted|p2a: Whimsicott
|-end|p2a: Whimsicott|Substitute
|
|-heal|p2a: Whimsicott|25/100|[from] item: Leftovers
|upkeep
|turn|7
|
|t:|1779658194
|move|p2a: Whimsicott|Leech Seed|p1a: Kingambit
|-hint|Since gen 7, Dark is immune to Prankster moves.
|-immune|p1a: Kingambit
|cant|p1a: Kingambit|par
|
|-heal|p2a: Whimsicott|31/100|[from] item: Leftovers
|upkeep
|turn|8
|
|t:|1779658202
|move|p2a: Whimsicott|Moonblast|p1a: Kingambit
|-damage|p1a: Kingambit|73/100 par
|move|p1a: Kingambit|Kowtow Cleave|p2a: Whimsicott
|-resisted|p2a: Whimsicott
|-damage|p2a: Whimsicott|0 fnt
|faint|p2a: Whimsicott
|
|upkeep
|
|t:|1779658221
|switch|p2a: Porygon-Z|Porygon-Z|100/100
|-ability|p2a: Porygon-Z|Download|boost
|-boost|p2a: Porygon-Z|spa|1
|turn|9
|
|t:|1779658231
|move|p2a: Porygon-Z|Thunderbolt|p1a: Kingambit
|-damage|p1a: Kingambit|6/100 par
|move|p1a: Kingambit|Kowtow Cleave|p2a: Porygon-Z
|-damage|p2a: Porygon-Z|0 fnt
|faint|p2a: Porygon-Z
|
|upkeep
|
|t:|1779658238
|switch|p2a: Morpeko|Morpeko, F|100/100
|turn|10
|
|t:|1779658244
|move|p2a: Morpeko|Aura Wheel|p1a: Kingambit
|-damage|p1a: Kingambit|0 fnt
|-boost|p2a: Morpeko|spe|1
|faint|p1a: Kingambit
|-end|p1a: Kingambit|fallenundefined|[silent]
|
|-formechange|p2a: Morpeko|Morpeko-Hangry||[from] ability: Hunger Switch
|upkeep
|
|t:|1779658252
|switch|p1a: Great Tusk|Great Tusk|100/100
|turn|11
|
|t:|1779658261
|move|p2a: Morpeko|Parting Shot|p1a: Great Tusk
|-unboost|p1a: Great Tusk|atk|1
|-unboost|p1a: Great Tusk|spa|1
|
|t:|1779658264
|switch|p2a: Slowking|Slowking, M|100/100|[from] Parting Shot
|move|p1a: Great Tusk|Knock Off|p2a: Slowking
|-supereffective|p2a: Slowking
|-damage|p2a: Slowking|57/100
|-enditem|p2a: Slowking|Leftovers|[from] move: Knock Off|[of] p1a: Great Tusk
|
|upkeep
|turn|12
|
|t:|1779658275
|-end|p1a: Great Tusk|Protosynthesis|[silent]
|switch|p1a: Primarina|Primarina, F|100/100
|-damage|p1a: Primarina|88/100|[from] Stealth Rock
|move|p2a: Slowking|Scald|p1a: Primarina
|-resisted|p1a: Primarina
|-damage|p1a: Primarina|76/100
|
|upkeep
|turn|13
|
|t:|1779658285
|move|p1a: Primarina|Moonblast|p2a: Slowking
|-damage|p2a: Slowking|18/100
|move|p2a: Slowking|Future Sight|p1a: Primarina
|-start|p2a: Slowking|move: Future Sight
|
|upkeep
|turn|14
|
|t:|1779658296
|switch|p2a: Morpeko|Morpeko, F|100/100
|-terastallize|p1a: Primarina|Steel
|move|p1a: Primarina|Surf|p2a: Morpeko
|-damage|p2a: Morpeko|0 fnt
|faint|p2a: Morpeko
|
|upkeep
|
|t:|1779658303
|switch|p2a: Gliscor|Gliscor, M|100/100
|turn|15
|
|t:|1779658308
|switch|p1a: Gholdengo|Gholdengo|100/100
|-damage|p1a: Gholdengo|94/100|[from] Stealth Rock
|-item|p1a: Gholdengo|Air Balloon
|move|p2a: Gliscor|Earthquake|p1a: Gholdengo
|-immune|p1a: Gholdengo
|
|-end|p1a: Gholdengo|move: Future Sight
|-resisted|p1a: Gholdengo
|-damage|p1a: Gholdengo|60/100
|-enditem|p1a: Gholdengo|Air Balloon
|-status|p2a: Gliscor|tox|[from] item: Toxic Orb
|upkeep
|turn|16
|
|t:|1779658320
|move|p1a: Gholdengo|Shadow Ball|p2a: Gliscor
|-damage|p2a: Gliscor|44/100 tox
|-unboost|p2a: Gliscor|spd|1
|move|p2a: Gliscor|Earthquake|p1a: Gholdengo
|-supereffective|p1a: Gholdengo
|-damage|p1a: Gholdengo|0 fnt
|faint|p1a: Gholdengo
|
|-heal|p2a: Gliscor|57/100 tox|[from] ability: Poison Heal
|upkeep
|
|t:|1779658325
|switch|p1a: Great Tusk|Great Tusk|100/100
|turn|17
|
|t:|1779658333
|move|p2a: Gliscor|Protect|p2a: Gliscor
|-singleturn|p2a: Gliscor|Protect
|move|p1a: Great Tusk|Ice Spinner|p2a: Gliscor
|-activate|p2a: Gliscor|move: Protect
|
|-heal|p2a: Gliscor|69/100 tox|[from] ability: Poison Heal
|upkeep
|turn|18
|
|t:|1779658343
|move|p1a: Great Tusk|Ice Spinner|p2a: Gliscor
|-supereffective|p2a: Gliscor
|-damage|p2a: Gliscor|0 fnt
|faint|p2a: Gliscor
|
|upkeep
|
|t:|1779658347
|switch|p2a: Slowking|Slowking, M|51/100
|turn|19
|
|t:|1779658350
|move|p1a: Great Tusk|Headlong Rush|p2a: Slowking
|-damage|p2a: Slowking|0 fnt
|-unboost|p1a: Great Tusk|def|1
|-unboost|p1a: Great Tusk|spd|1
|faint|p2a: Slowking
|
|win|PokeAbl05241728znw
|raw|PokeAbl05241728znw's rating: 1000 &rarr; <strong>1047</strong><br />(+47 for winning)
|raw|cmac647's rating: 1057 &rarr; <strong>1035</strong><br />(-22 for losing)
