|j|☆datesarehealthy
|j|☆senior_pickle_luka
|t:|1779590440
|gametype|singles
|player|p1|datesarehealthy|pokefan|1217
|player|p2|senior_pickle_luka|red|1225
|gen|9
|tier|[Gen 9] OU
|rated|
|rule|HP Percentage Mod: HP is shown in percentages
|rule|Endless Battle Clause: Forcing endless battles is banned
|rule|Species Clause: Limit one of each Pokémon
|rule|OHKO Clause: OHKO moves are banned
|rule|Evasion Items Clause: Evasion items are banned
|rule|Evasion Moves Clause: Evasion moves are banned
|rule|Evasion Abilities Clause: Evasion abilities are banned
|rule|Sleep Moves Clause: Sleep-inducing moves are banned
|clearpoke
|poke|p1|Pecharunt|
|poke|p1|Slowking-Galar, F|
|poke|p1|Swalot, M|
|poke|p1|Skuntank, M|
|poke|p1|Gengar, F|
|poke|p1|Gliscor, F|
|poke|p2|Dragonite, F|
|poke|p2|Quaquaval, M|
|poke|p2|Gliscor, F|
|poke|p2|Gyarados, F|
|poke|p2|Entei|
|poke|p2|Gholdengo|
|teampreview
|
|t:|1779590477
|teamsize|p1|6
|teamsize|p2|6
|start
|switch|p1a: Gliscor|Gliscor, F|100/100
|switch|p2a: Gyarados|Gyarados, F, shiny|100/100
|turn|1
|
|t:|1779590486
|switch|p1a: Skuntank|Skuntank, M|100/100
|move|p2a: Gyarados|Dragon Dance|p2a: Gyarados
|-boost|p2a: Gyarados|atk|1
|-boost|p2a: Gyarados|spe|1
|
|upkeep
|turn|2
|
|t:|1779590492
|move|p2a: Gyarados|Dragon Dance|p2a: Gyarados
|-boost|p2a: Gyarados|atk|1
|-boost|p2a: Gyarados|spe|1
|move|p1a: Skuntank|Foul Play|p2a: Gyarados
|-enditem|p2a: Gyarados|Focus Sash
|-damage|p2a: Gyarados|1/100
|
|upkeep
|turn|3
|
|t:|1779590499
|move|p1a: Skuntank|Sucker Punch|p2a: Gyarados
|-damage|p2a: Gyarados|0 fnt
|faint|p2a: Gyarados
|
|upkeep
|
|t:|1779590504
|switch|p2a: Dragonite|Dragonite, F|100/100
|turn|4
|
|t:|1779590507
|move|p2a: Dragonite|Earthquake|p1a: Skuntank
|-supereffective|p1a: Skuntank
|-damage|p1a: Skuntank|36/100
|move|p1a: Skuntank|Toxic|p2a: Dragonite
|-status|p2a: Dragonite|tox
|
|-damage|p2a: Dragonite|94/100 tox|[from] psn
|upkeep
|turn|5
|
|t:|1779590518
|switch|p1a: Gliscor|Gliscor, F|100/100
|move|p2a: Dragonite|Earthquake|p1a: Gliscor
|-immune|p1a: Gliscor
|
|-damage|p2a: Dragonite|82/100 tox|[from] psn
|-status|p1a: Gliscor|tox|[from] item: Toxic Orb
|upkeep
|turn|6
|
|t:|1779590531
|switch|p2a: Gholdengo|Gholdengo|100/100
|-item|p2a: Gholdengo|Air Balloon
|move|p1a: Gliscor|Swords Dance|p1a: Gliscor
|-boost|p1a: Gliscor|atk|2
|
|upkeep
|turn|7
|
|t:|1779590547
|move|p2a: Gholdengo|Nasty Plot|p2a: Gholdengo
|-boost|p2a: Gholdengo|spa|2
|move|p1a: Gliscor|Knock Off|p2a: Gholdengo
|-supereffective|p2a: Gholdengo
|-damage|p2a: Gholdengo|1/100
|-enditem|p2a: Gholdengo|Air Balloon
|
|upkeep
|turn|8
|
|t:|1779590554
|move|p2a: Gholdengo|Make It Rain|p1a: Gliscor
|-damage|p1a: Gliscor|0 fnt
|-unboost|p2a: Gholdengo|spa|1
|faint|p1a: Gliscor
|
|upkeep
|
|t:|1779590560
|switch|p1a: Gengar|Gengar, F|100/100
|turn|9
|
|t:|1779590564
|move|p1a: Gengar|Shadow Ball|p2a: Gholdengo
|-supereffective|p2a: Gholdengo
|-damage|p2a: Gholdengo|0 fnt
|faint|p2a: Gholdengo
|
|upkeep
|
|t:|1779590575
|switch|p2a: Gliscor|Gliscor, F|100/100
|turn|10
|
|t:|1779590587
|switch|p1a: Slowking|Slowking-Galar, F|100/100
|move|p2a: Gliscor|Swords Dance|p2a: Gliscor
|-boost|p2a: Gliscor|atk|2
|
|-status|p2a: Gliscor|tox|[from] item: Toxic Orb
|upkeep
|turn|11
|
|t:|1779590596
|-terastallize|p1a: Slowking|Ghost
|move|p2a: Gliscor|Facade|p1a: Slowking
|-immune|p1a: Slowking
|move|p1a: Slowking|Curse|p2a: Gliscor
|-start|p2a: Gliscor|Curse|[of] p1a: Slowking
|-damage|p1a: Slowking|50/100
|
|-heal|p1a: Slowking|57/100|[from] item: Leftovers
|-damage|p2a: Gliscor|76/100 tox|[from] Curse
|upkeep
|turn|12
|
|t:|1779590609
|move|p2a: Gliscor|Earthquake|p1a: Slowking
|-damage|p1a: Slowking|0 fnt
|faint|p1a: Slowking
|
|-heal|p2a: Gliscor|88/100 tox|[from] ability: Poison Heal
|-damage|p2a: Gliscor|63/100 tox|[from] Curse
|upkeep
|
|t:|1779590621
|switch|p1a: Skuntank|Skuntank, M|36/100
|turn|13
|
|t:|1779590625
|move|p2a: Gliscor|Earthquake|p1a: Skuntank
|-supereffective|p1a: Skuntank
|-damage|p1a: Skuntank|0 fnt
|faint|p1a: Skuntank
|
|-heal|p2a: Gliscor|76/100 tox|[from] ability: Poison Heal
|-damage|p2a: Gliscor|51/100 tox|[from] Curse
|upkeep
|
|t:|1779590646
|switch|p1a: Swalot|Swalot, M|100/100
|turn|14
|
|t:|1779590652
|move|p1a: Swalot|Endure|p1a: Swalot
|-singleturn|p1a: Swalot|move: Endure
|move|p2a: Gliscor|Earthquake|p1a: Swalot
|-supereffective|p1a: Swalot
|-crit|p1a: Swalot
|-activate|p1a: Swalot|move: Endure
|-damage|p1a: Swalot|1/100
|
|-heal|p2a: Gliscor|63/100 tox|[from] ability: Poison Heal
|-damage|p2a: Gliscor|39/100 tox|[from] Curse
|upkeep
|turn|15
|-enditem|p1a: Swalot|Custap Berry|[eat]
|-activate|p1a: Swalot|item: Custap Berry|[consumed]
|
|t:|1779590662
|move|p1a: Swalot|Destiny Bond|p1a: Swalot
|-singlemove|p1a: Swalot|Destiny Bond
|move|p2a: Gliscor|Earthquake|p1a: Swalot
|-supereffective|p1a: Swalot
|-damage|p1a: Swalot|0 fnt
|faint|p1a: Swalot
|-activate|p1a: Swalot|move: Destiny Bond
|faint|p2a: Gliscor
|
|upkeep
|
|t:|1779590686
|switch|p2a: Quaquaval|Quaquaval, M|100/100
|switch|p1a: Pecharunt|Pecharunt|100/100
|turn|16
|
|t:|1779590692
|move|p2a: Quaquaval|Bulk Up|p2a: Quaquaval
|-boost|p2a: Quaquaval|atk|1
|-boost|p2a: Quaquaval|def|1
|move|p1a: Pecharunt|Toxic|p2a: Quaquaval
|-status|p2a: Quaquaval|tox
|-start|p2a: Quaquaval|confusion|[from] ability: Poison Puppeteer|[of] p1a: Pecharunt
|
|-damage|p2a: Quaquaval|94/100 tox|[from] psn
|upkeep
|turn|17
|
|t:|1779590702
|-activate|p2a: Quaquaval|confusion
|move|p2a: Quaquaval|Aqua Step|p1a: Pecharunt
|-damage|p1a: Pecharunt|79/100
|-boost|p2a: Quaquaval|spe|1
|move|p1a: Pecharunt|Curse|p2a: Quaquaval
|-start|p2a: Quaquaval|Curse|[of] p1a: Pecharunt
|-damage|p1a: Pecharunt|29/100
|
|-heal|p2a: Quaquaval|100/100 tox|[from] item: Leftovers
|-heal|p1a: Pecharunt|35/100|[from] item: Leftovers
|-damage|p2a: Quaquaval|88/100 tox|[from] psn
|-damage|p2a: Quaquaval|64/100 tox|[from] Curse
|upkeep
|turn|18
|
|t:|1779590714
|-activate|p2a: Quaquaval|confusion
|move|p2a: Quaquaval|Aqua Step|p1a: Pecharunt
|-damage|p1a: Pecharunt|12/100
|-boost|p2a: Quaquaval|spe|1
|move|p1a: Pecharunt|Recover|p1a: Pecharunt
|-heal|p1a: Pecharunt|62/100
|
|-heal|p2a: Quaquaval|70/100 tox|[from] item: Leftovers
|-heal|p1a: Pecharunt|68/100|[from] item: Leftovers
|-damage|p2a: Quaquaval|51/100 tox|[from] psn
|-damage|p2a: Quaquaval|27/100 tox|[from] Curse
|upkeep
|turn|19
|
|t:|1779590731
|-activate|p2a: Quaquaval|confusion
|move|p2a: Quaquaval|Triple Axel|p1a: Pecharunt
|-damage|p1a: Pecharunt|64/100
|-damage|p1a: Pecharunt|56/100
|-damage|p1a: Pecharunt|45/100
|-hitcount|p1a: Pecharunt|3
|move|p1a: Pecharunt|Recover|p1a: Pecharunt
|-heal|p1a: Pecharunt|95/100
|
|-heal|p2a: Quaquaval|33/100 tox|[from] item: Leftovers
|-heal|p1a: Pecharunt|100/100|[from] item: Leftovers
|-damage|p2a: Quaquaval|8/100 tox|[from] psn
|-damage|p2a: Quaquaval|0 fnt|[from] Curse
|faint|p2a: Quaquaval
|upkeep
|
|t:|1779590748
|switch|p2a: Dragonite|Dragonite, F|82/100 tox
|turn|20
|
|t:|1779590757
|move|p1a: Pecharunt|Protect|p1a: Pecharunt
|-singleturn|p1a: Pecharunt|Protect
|move|p2a: Dragonite|Earthquake|p1a: Pecharunt
|-activate|p1a: Pecharunt|move: Protect
|
|-damage|p2a: Dragonite|76/100 tox|[from] psn
|upkeep
|turn|21
|
|t:|1779590764
|move|p2a: Dragonite|Earthquake|p1a: Pecharunt
|-supereffective|p1a: Pecharunt
|-damage|p1a: Pecharunt|66/100
|move|p1a: Pecharunt|Recover|p1a: Pecharunt
|-heal|p1a: Pecharunt|100/100
|
|-damage|p2a: Dragonite|63/100 tox|[from] psn
|upkeep
|turn|22
|
|t:|1779590771
|move|p1a: Pecharunt|Protect|p1a: Pecharunt
|-singleturn|p1a: Pecharunt|Protect
|move|p2a: Dragonite|Dragon Dance|p2a: Dragonite
|-boost|p2a: Dragonite|atk|1
|-boost|p2a: Dragonite|spe|1
|
|-damage|p2a: Dragonite|45/100 tox|[from] psn
|upkeep
|turn|23
|
|t:|1779590779
|move|p2a: Dragonite|Earthquake|p1a: Pecharunt
|-supereffective|p1a: Pecharunt
|-damage|p1a: Pecharunt|44/100
|move|p1a: Pecharunt|Recover|p1a: Pecharunt
|-heal|p1a: Pecharunt|94/100
|
|-heal|p1a: Pecharunt|99/100|[from] item: Leftovers
|-damage|p2a: Dragonite|20/100 tox|[from] psn
|upkeep
|turn|24
|
|t:|1779590789
|move|p1a: Pecharunt|Protect|p1a: Pecharunt
|-singleturn|p1a: Pecharunt|Protect
|move|p2a: Dragonite|Earthquake|p1a: Pecharunt
|-activate|p1a: Pecharunt|move: Protect
|
|-heal|p1a: Pecharunt|100/100|[from] item: Leftovers
|-damage|p2a: Dragonite|0 fnt|[from] psn
|faint|p2a: Dragonite
|upkeep
|
|t:|1779590797
|switch|p2a: Entei|Entei|100/100
|turn|25
|
|t:|1779590800
|move|p2a: Entei|Calm Mind|p2a: Entei
|-boost|p2a: Entei|spa|1
|-boost|p2a: Entei|spd|1
|move|p1a: Pecharunt|Toxic|p2a: Entei
|-status|p2a: Entei|tox
|-start|p2a: Entei|confusion|[from] ability: Poison Puppeteer|[of] p1a: Pecharunt
|
|-damage|p2a: Entei|94/100 tox|[from] psn
|upkeep
|turn|26
|
|t:|1779590808
|-activate|p2a: Entei|confusion
|-damage|p2a: Entei|87/100 tox|[from] confusion
|move|p1a: Pecharunt|Curse|p2a: Entei
|-start|p2a: Entei|Curse|[of] p1a: Pecharunt
|-damage|p1a: Pecharunt|50/100
|
|-heal|p2a: Entei|93/100 tox|[from] item: Leftovers
|-heal|p1a: Pecharunt|57/100|[from] item: Leftovers
|-damage|p2a: Entei|81/100 tox|[from] psn
|-damage|p2a: Entei|56/100 tox|[from] Curse
|upkeep
|turn|27
|
|t:|1779590818
|move|p1a: Pecharunt|Protect|p1a: Pecharunt
|-singleturn|p1a: Pecharunt|Protect
|-activate|p2a: Entei|confusion
|-damage|p2a: Entei|48/100 tox|[from] confusion
|
|-heal|p2a: Entei|55/100 tox|[from] item: Leftovers
|-heal|p1a: Pecharunt|63/100|[from] item: Leftovers
|-damage|p2a: Entei|36/100 tox|[from] psn
|-damage|p2a: Entei|11/100 tox|[from] Curse
|upkeep
|turn|28
|
|t:|1779590827
|-activate|p2a: Entei|confusion
|move|p2a: Entei|Extrasensory|p1a: Pecharunt
|-supereffective|p1a: Pecharunt
|-damage|p1a: Pecharunt|20/100
|move|p1a: Pecharunt|Recover|p1a: Pecharunt
|-heal|p1a: Pecharunt|70/100
|
|-heal|p2a: Entei|17/100 tox|[from] item: Leftovers
|-heal|p1a: Pecharunt|76/100|[from] item: Leftovers
|-damage|p2a: Entei|0 fnt|[from] psn
|faint|p2a: Entei
|
|win|datesarehealthy
|raw|datesarehealthy's rating: 1217 &rarr; <strong>1243</strong><br />(+26 for winning)
|raw|senior_pickle_luka's rating: 1225 &rarr; <strong>1199</strong><br />(-26 for losing)
|c|☆senior_pickle_luka|gg
|c|☆datesarehealthy|gg
|l|☆senior_pickle_luka
|player|p2|
|l|☆datesarehealthy
|player|p1|
