|j|☆Aviva Meiru
|j|☆claudechamp
|t:|1779695499
|gametype|singles
|player|p1|Aviva Meiru|candice|1148
|player|p2|claudechamp|169|1119
|gen|9
|tier|[Gen 9] OU
|rated|
|rule|HP Percentage Mod: HP is shown in percentages
|rule|Endless Battle Clause: Forcing endless battles is banned
|rule|Species Clause: Limit one of each Pokémon
|rule|OHKO Clause: OHKO moves are banned
|rule|Evasion Items Clause: Evasion items are banned
|rule|Evasion Moves Clause: Evasion moves are banned
|rule|Evasion Abilities Clause: Evasion abilities are banned
|rule|Sleep Moves Clause: Sleep-inducing moves are banned
|clearpoke
|poke|p1|Gliscor, M|
|poke|p1|Dragapult, F|
|poke|p1|Milotic, M|
|poke|p1|Staraptor, F|
|poke|p1|Infernape, F|
|poke|p1|Sylveon, M|
|poke|p2|Gliscor, F|
|poke|p2|Gholdengo|
|poke|p2|Zamazenta-*|
|poke|p2|Blissey, F|
|poke|p2|Skarmory, M|
|poke|p2|Pecharunt|
|teampreview
|c|☆claudechamp|hf
|inactive|Battle timer is ON: inactive players will automatically lose when time's up. (requested by claudechamp)
|
|t:|1779695506
|teamsize|p1|6
|teamsize|p2|6
|start
|switch|p1a: Gliscor|Gliscor, M|100/100
|switch|p2a: Skarmory|Skarmory, M|100/100
|turn|1
|
|t:|1779695518
|switch|p1a: Dragapult|Dragapult, F|100/100
|move|p2a: Skarmory|Spikes|p1a: Dragapult
|-sidestart|p1: Aviva Meiru|Spikes
|
|upkeep
|turn|2
|
|t:|1779695527
|move|p1a: Dragapult|Reflect|p1a: Dragapult
|-sidestart|p1: Aviva Meiru|Reflect
|move|p2a: Skarmory|Spikes|p1a: Dragapult
|-sidestart|p1: Aviva Meiru|Spikes
|
|upkeep
|turn|3
|
|t:|1779695531
|move|p1a: Dragapult|Light Screen|p1a: Dragapult
|-sidestart|p1: Aviva Meiru|move: Light Screen
|move|p2a: Skarmory|Spikes|p1a: Dragapult
|-sidestart|p1: Aviva Meiru|Spikes
|
|upkeep
|turn|4
|
|t:|1779695540
|switch|p2a: Gliscor|Gliscor, F|100/100
|move|p1a: Dragapult|Dragon Darts|p2a: Gliscor
|-damage|p2a: Gliscor|79/100
|-anim|p1a: Dragapult|Dragon Darts|p2a: Gliscor
|-damage|p2a: Gliscor|57/100
|
|-status|p2a: Gliscor|tox|[from] item: Toxic Orb
|upkeep
|turn|5
|
|t:|1779695553
|move|p2a: Gliscor|Protect|p2a: Gliscor
|-singleturn|p2a: Gliscor|Protect
|move|p1a: Dragapult|Dragon Darts|p2a: Gliscor
|-activate|p2a: Gliscor|move: Protect
|
|-heal|p2a: Gliscor|69/100 tox|[from] ability: Poison Heal
|upkeep
|turn|6
|
|t:|1779695560
|move|p1a: Dragapult|Dragon Darts|p2a: Gliscor
|-damage|p2a: Gliscor|49/100 tox
|-anim|p1a: Dragapult|Dragon Darts|p2a: Gliscor
|-damage|p2a: Gliscor|27/100 tox
|move|p2a: Gliscor|Swords Dance|p2a: Gliscor
|-boost|p2a: Gliscor|atk|2
|
|-heal|p2a: Gliscor|40/100 tox|[from] ability: Poison Heal
|-sideend|p1: Aviva Meiru|Reflect
|upkeep
|turn|7
|
|t:|1779695571
|move|p2a: Gliscor|Protect|p2a: Gliscor
|-singleturn|p2a: Gliscor|Protect
|move|p1a: Dragapult|Reflect|p1a: Dragapult
|-sidestart|p1: Aviva Meiru|Reflect
|
|-heal|p2a: Gliscor|52/100 tox|[from] ability: Poison Heal
|-sideend|p1: Aviva Meiru|move: Light Screen
|upkeep
|turn|8
|
|t:|1779695578
|switch|p2a: Gholdengo|Gholdengo|100/100
|move|p1a: Dragapult|Dragon Darts|p2a: Gholdengo
|-resisted|p2a: Gholdengo
|-damage|p2a: Gholdengo|90/100
|-anim|p1a: Dragapult|Dragon Darts|p2a: Gholdengo
|-resisted|p2a: Gholdengo
|-damage|p2a: Gholdengo|81/100
|
|upkeep
|turn|9
|
|t:|1779695590
|switch|p1a: Gliscor|Gliscor, M|100/100
|move|p2a: Gholdengo|Hex|p1a: Gliscor
|-damage|p1a: Gliscor|59/100
|
|-status|p1a: Gliscor|tox|[from] item: Toxic Orb
|upkeep
|turn|10
|
|t:|1779695597
|move|p1a: Gliscor|Earthquake|p2a: Gholdengo
|-supereffective|p2a: Gholdengo
|-damage|p2a: Gholdengo|17/100
|move|p2a: Gholdengo|Nasty Plot|p2a: Gholdengo
|-boost|p2a: Gholdengo|spa|2
|
|-heal|p1a: Gliscor|71/100 tox|[from] ability: Poison Heal
|upkeep
|turn|11
|
|t:|1779695605
|switch|p2a: Gliscor|Gliscor, F|52/100 tox
|move|p1a: Gliscor|Earthquake|p2a: Gliscor
|-immune|p2a: Gliscor
|
|-heal|p1a: Gliscor|84/100 tox|[from] ability: Poison Heal
|-heal|p2a: Gliscor|65/100 tox|[from] ability: Poison Heal
|-sideend|p1: Aviva Meiru|Reflect
|upkeep
|turn|12
|
|t:|1779695614
|switch|p2a: Zamazenta|Zamazenta|100/100
|-ability|p2a: Zamazenta|Dauntless Shield|boost
|-boost|p2a: Zamazenta|def|1
|move|p1a: Gliscor|Swords Dance|p1a: Gliscor
|-boost|p1a: Gliscor|atk|2
|
|-heal|p1a: Gliscor|96/100 tox|[from] ability: Poison Heal
|upkeep
|turn|13
|
|t:|1779695624
|move|p2a: Zamazenta|Ice Fang|p1a: Gliscor
|-supereffective|p1a: Gliscor
|-damage|p1a: Gliscor|7/100 tox
|move|p1a: Gliscor|Swords Dance|p1a: Gliscor
|-boost|p1a: Gliscor|atk|2
|
|-heal|p1a: Gliscor|19/100 tox|[from] ability: Poison Heal
|upkeep
|turn|14
|
|t:|1779695633
|switch|p1a: Infernape|Infernape, F|100/100
|-damage|p1a: Infernape|76/100|[from] Spikes
|move|p2a: Zamazenta|Close Combat|p1a: Infernape
|-damage|p1a: Infernape|0 fnt
|-unboost|p2a: Zamazenta|def|1
|-unboost|p2a: Zamazenta|spd|1
|faint|p1a: Infernape
|
|upkeep
|
|t:|1779695647
|switch|p1a: Milotic|Milotic, M|100/100
|-damage|p1a: Milotic|76/100|[from] Spikes
|turn|15
|
|t:|1779695653
|move|p2a: Zamazenta|Heavy Slam|p1a: Milotic
|-resisted|p1a: Milotic
|-damage|p1a: Milotic|68/100
|move|p1a: Milotic|Ice Beam|p2a: Zamazenta
|-damage|p2a: Zamazenta|60/100
|
|upkeep
|turn|16
|
|t:|1779695669
|move|p2a: Zamazenta|Close Combat|p1a: Milotic
|-damage|p1a: Milotic|0 fnt
|-unboost|p2a: Zamazenta|def|1
|-unboost|p2a: Zamazenta|spd|1
|faint|p1a: Milotic
|
|upkeep
|
|t:|1779695675
|switch|p1a: Staraptor|Staraptor, F|100/100
|-ability|p1a: Staraptor|Intimidate|boost
|-unboost|p2a: Zamazenta|atk|1
|turn|17
|
|t:|1779695682
|switch|p2a: Pecharunt|Pecharunt|100/100
|move|p1a: Staraptor|Brave Bird|p2a: Pecharunt
|-damage|p2a: Pecharunt|63/100
|-damage|p1a: Staraptor|85/100|[from] Recoil
|-damage|p1a: Staraptor|75/100|[from] item: Life Orb
|
|upkeep
|turn|18
|
|t:|1779695691
|move|p1a: Staraptor|Giga Impact|p2a: Pecharunt
|-immune|p2a: Pecharunt
|move|p2a: Pecharunt|Recover|p2a: Pecharunt
|-heal|p2a: Pecharunt|100/100
|
|upkeep
|turn|19
|
|t:|1779695699
|move|p1a: Staraptor|Brave Bird|p2a: Pecharunt
|-damage|p2a: Pecharunt|60/100
|-damage|p1a: Staraptor|59/100|[from] Recoil
|-damage|p1a: Staraptor|49/100|[from] item: Life Orb
|move|p2a: Pecharunt|Parting Shot|p1a: Staraptor
|-unboost|p1a: Staraptor|atk|1
|-unboost|p1a: Staraptor|spa|1
|
|t:|1779695703
|switch|p2a: Zamazenta|Zamazenta|60/100|[from] Parting Shot
|
|upkeep
|turn|20
|
|t:|1779695710
|move|p2a: Zamazenta|Close Combat|p1a: Staraptor
|-damage|p1a: Staraptor|0 fnt
|-unboost|p2a: Zamazenta|def|1
|-unboost|p2a: Zamazenta|spd|1
|faint|p1a: Staraptor
|
|upkeep
|
|t:|1779695719
|switch|p1a: Sylveon|Sylveon, M|100/100
|-damage|p1a: Sylveon|76/100|[from] Spikes
|turn|21
|
|t:|1779695725
|move|p1a: Sylveon|Detect|p1a: Sylveon
|-singleturn|p1a: Sylveon|Protect
|move|p2a: Zamazenta|Crunch|p1a: Sylveon
|-activate|p1a: Sylveon|move: Protect
|
|upkeep
|turn|22
|
|t:|1779695731
|move|p2a: Zamazenta|Crunch|p1a: Sylveon
|-resisted|p1a: Sylveon
|-damage|p1a: Sylveon|55/100
|move|p1a: Sylveon|Moonblast|p2a: Zamazenta
|-supereffective|p2a: Zamazenta
|-crit|p2a: Zamazenta
|-damage|p2a: Zamazenta|0 fnt
|faint|p2a: Zamazenta
|
|upkeep
|
|t:|1779695736
|switch|p2a: Gholdengo|Gholdengo|17/100
|turn|23
|
|t:|1779695742
|move|p1a: Sylveon|Detect|p1a: Sylveon
|-singleturn|p1a: Sylveon|Protect
|move|p2a: Gholdengo|Recover|p2a: Gholdengo
|-heal|p2a: Gholdengo|67/100
|
|upkeep
|turn|24
|
|t:|1779695752
|move|p2a: Gholdengo|Hex|p1a: Sylveon
|-damage|p1a: Sylveon|34/100
|move|p1a: Sylveon|Shadow Ball|p2a: Gholdengo
|-supereffective|p2a: Gholdengo
|-damage|p2a: Gholdengo|12/100
|-unboost|p2a: Gholdengo|spd|1
|
|upkeep
|turn|25
|
|t:|1779695760
|move|p2a: Gholdengo|Hex|p1a: Sylveon
|-damage|p1a: Sylveon|14/100
|move|p1a: Sylveon|Rest|p1a: Sylveon
|-status|p1a: Sylveon|slp|[from] move: Rest
|-heal|p1a: Sylveon|100/100 slp|[silent]
|-enditem|p1a: Sylveon|Chesto Berry|[eat]
|-curestatus|p1a: Sylveon|slp|[msg]
|
|upkeep
|turn|26
|
|t:|1779695768
|move|p2a: Gholdengo|Hex|p1a: Sylveon
|-damage|p1a: Sylveon|80/100
|move|p1a: Sylveon|Shadow Ball|p2a: Gholdengo
|-supereffective|p2a: Gholdengo
|-damage|p2a: Gholdengo|0 fnt
|faint|p2a: Gholdengo
|
|upkeep
|
|t:|1779695774
|switch|p2a: Gliscor|Gliscor, F|65/100 tox
|turn|27
|
|t:|1779695783
|move|p1a: Sylveon|Detect|p1a: Sylveon
|-singleturn|p1a: Sylveon|Protect
|move|p2a: Gliscor|Swords Dance|p2a: Gliscor
|-boost|p2a: Gliscor|atk|2
|
|-heal|p2a: Gliscor|77/100 tox|[from] ability: Poison Heal
|upkeep
|turn|28
|
|t:|1779695794
|move|p2a: Gliscor|Earthquake|p1a: Sylveon
|-damage|p1a: Sylveon|0 fnt
|faint|p1a: Sylveon
|
|-heal|p2a: Gliscor|90/100 tox|[from] ability: Poison Heal
|upkeep
|
|t:|1779695800
|switch|p1a: Dragapult|Dragapult, F|100/100
|-damage|p1a: Dragapult|76/100|[from] Spikes
|turn|29
|
|t:|1779695806
|-terastallize|p2a: Gliscor|Dark
|move|p1a: Dragapult|Dragon Darts|p2a: Gliscor
|-damage|p2a: Gliscor|68/100 tox
|-anim|p1a: Dragapult|Dragon Darts|p2a: Gliscor
|-damage|p2a: Gliscor|47/100 tox
|move|p2a: Gliscor|Knock Off|p1a: Dragapult
|-supereffective|p1a: Dragapult
|-damage|p1a: Dragapult|0 fnt
|-enditem|p1a: Dragapult|Chesto Berry|[from] move: Knock Off|[of] p2a: Gliscor
|faint|p1a: Dragapult
|
|-heal|p2a: Gliscor|60/100 tox|[from] ability: Poison Heal
|upkeep
|
|t:|1779695818
|switch|p1a: Gliscor|Gliscor, M|19/100 tox
|turn|30
|
|t:|1779695823
|move|p1a: Gliscor|Crunch|p2a: Gliscor
|-resisted|p2a: Gliscor
|-damage|p2a: Gliscor|50/100 tox
|move|p2a: Gliscor|Knock Off|p1a: Gliscor
|-damage|p1a: Gliscor|0 fnt
|-enditem|p1a: Gliscor|Toxic Orb|[from] move: Knock Off|[of] p2a: Gliscor
|faint|p1a: Gliscor
|
|win|claudechamp
|raw|Aviva Meiru's rating: 1148 &rarr; <strong>1119</strong><br />(-29 for losing)
|raw|claudechamp's rating: 1098 &rarr; <strong>1127</strong><br />(+29 for winning)
|c|☆claudechamp|gg
