|j|☆The Name Change
|j|☆bpdcam
|t:|1779621951
|gametype|singles
|player|p1|The Name Change|102|1433
|player|p2|bpdcam|cress|1468
|gen|9
|tier|[Gen 9] OU
|rated|
|rule|HP Percentage Mod: HP is shown in percentages
|rule|Endless Battle Clause: Forcing endless battles is banned
|rule|Species Clause: Limit one of each Pokémon
|rule|OHKO Clause: OHKO moves are banned
|rule|Evasion Items Clause: Evasion items are banned
|rule|Evasion Moves Clause: Evasion moves are banned
|rule|Evasion Abilities Clause: Evasion abilities are banned
|rule|Sleep Moves Clause: Sleep-inducing moves are banned
|clearpoke
|poke|p1|Hoopa-Unbound|
|poke|p1|Cinderace, M|
|poke|p1|Gliscor, M|
|poke|p1|Kyurem|
|poke|p1|Ting-Lu|
|poke|p1|Slowking-Galar, F|
|poke|p2|Iron Boulder|
|poke|p2|Dachsbun, F|
|poke|p2|Alomomola, F|
|poke|p2|Corviknight, F|
|poke|p2|Tyranitar, M|
|poke|p2|Raging Bolt|
|teampreview
|inactive|Battle timer is ON: inactive players will automatically lose when time's up. (requested by bpdcam)
|
|t:|1779621968
|teamsize|p1|6
|teamsize|p2|6
|start
|switch|p1a: Gliscor|Gliscor, M|100/100
|switch|p2a: Iron Boulder|Iron Boulder|100/100
|turn|1
|
|t:|1779621977
|-terastallize|p2a: Iron Boulder|Rock
|move|p2a: Iron Boulder|Mighty Cleave|p1a: Gliscor
|-damage|p1a: Gliscor|46/100
|move|p1a: Gliscor|Earthquake|p2a: Iron Boulder
|-supereffective|p2a: Iron Boulder
|-damage|p2a: Iron Boulder|18/100
|
|-status|p1a: Gliscor|tox|[from] item: Toxic Orb
|upkeep
|turn|2
|
|t:|1779621986
|move|p1a: Gliscor|Protect|p1a: Gliscor
|-singleturn|p1a: Gliscor|Protect
|move|p2a: Iron Boulder|Mighty Cleave|p1a: Gliscor
|-damage|p1a: Gliscor|0 fnt
|faint|p1a: Gliscor
|
|upkeep
|
|t:|1779621994
|switch|p1a: Ting-Lucifer|Ting-Lu|100/100
|-ability|p1a: Ting-Lucifer|Vessel of Ruin
|turn|3
|
|t:|1779622000
|-end|p2a: Iron Boulder|Quark Drive|[silent]
|switch|p2a: Corviknight|Corviknight, F|100/100
|-ability|p2a: Corviknight|Pressure
|move|p1a: Ting-Lucifer|Heavy Slam|p2a: Corviknight
|-resisted|p2a: Corviknight
|-damage|p2a: Corviknight|88/100
|-damage|p1a: Ting-Lucifer|84/100|[from] item: Rocky Helmet|[of] p2a: Corviknight
|
|upkeep
|turn|4
|
|t:|1779622007
|move|p2a: Corviknight|U-turn|p1a: Ting-Lucifer
|-supereffective|p1a: Ting-Lucifer
|-damage|p1a: Ting-Lucifer|66/100
|-enditem|p1a: Ting-Lucifer|Weakness Policy
|-boost|p1a: Ting-Lucifer|atk|2|[from] item: Weakness Policy
|-boost|p1a: Ting-Lucifer|spa|2|[from] item: Weakness Policy
|
|t:|1779622011
|switch|p2a: Dachsbun|Dachsbun, F|100/100|[from] U-turn
|move|p1a: Ting-Lucifer|Stealth Rock|p2a: Dachsbun
|-sidestart|p2: bpdcam|move: Stealth Rock
|
|upkeep
|turn|5
|
|t:|1779622015
|move|p2a: Dachsbun|Wish|p2a: Dachsbun
|move|p1a: Ting-Lucifer|Heavy Slam|p2a: Dachsbun
|-supereffective|p2a: Dachsbun
|-damage|p2a: Dachsbun|0 fnt
|faint|p2a: Dachsbun
|
|upkeep
|
|t:|1779622024
|switch|p2a: Iron Boulder|Iron Boulder, tera:Rock|18/100
|-damage|p2a: Iron Boulder|5/100|[from] Stealth Rock
|turn|6
|j| NK5fr
|
|t:|1779622029
|move|p2a: Iron Boulder|Close Combat|p1a: Ting-Lucifer
|-supereffective|p1a: Ting-Lucifer
|-damage|p1a: Ting-Lucifer|0 fnt
|-unboost|p2a: Iron Boulder|def|1
|-unboost|p2a: Iron Boulder|spd|1
|faint|p1a: Ting-Lucifer
|
|-heal|p2a: Iron Boulder|55/100|[from] move: Wish|[wisher] Dachsbun
|upkeep
|
|t:|1779622037
|switch|p1a: Cinderace|Cinderace, M|100/100
|turn|7
|
|t:|1779622044
|-end|p2a: Iron Boulder|Quark Drive|[silent]
|switch|p2a: Alomomola|Alomomola, F|100/100
|-damage|p2a: Alomomola|88/100|[from] Stealth Rock
|move|p1a: Cinderace|Pyro Ball|p2a: Alomomola
|-resisted|p2a: Alomomola
|-damage|p2a: Alomomola|66/100
|
|upkeep
|turn|8
|
|t:|1779622050
|move|p1a: Cinderace|U-turn|p2a: Alomomola
|-start|p1a: Cinderace|typechange|Bug|[from] ability: Libero
|-damage|p2a: Alomomola|41/100
|
|t:|1779622054
|switch|p1a: Kyurem|Kyurem|100/100|[from] U-turn
|-ability|p1a: Kyurem|Pressure
|move|p2a: Alomomola|Flip Turn|p1a: Kyurem
|-resisted|p1a: Kyurem
|-damage|p1a: Kyurem|93/100
|
|t:|1779622059
|switch|p2a: Iron Boulder|Iron Boulder, tera:Rock|55/100|[from] Flip Turn
|-damage|p2a: Iron Boulder|42/100|[from] Stealth Rock
|
|upkeep
|turn|9
|
|t:|1779622065
|move|p1a: Kyurem|Earth Power|p2a: Iron Boulder
|-supereffective|p2a: Iron Boulder
|-damage|p2a: Iron Boulder|0 fnt
|faint|p2a: Iron Boulder
|-end|p2a: Iron Boulder|Quark Drive|[silent]
|
|upkeep
|
|t:|1779622069
|switch|p2a: Corviknight|Corviknight, F|88/100
|-damage|p2a: Corviknight|75/100|[from] Stealth Rock
|-ability|p2a: Corviknight|Pressure
|turn|10
|j| norwaytm
|
|t:|1779622078
|switch|p1a: Cinderace|Cinderace, M|100/100
|move|p2a: Corviknight|Defog|p1a: Cinderace
|-unboost|p1a: Cinderace|evasion|1
|-sideend|p2: bpdcam|Stealth Rock|[from] move: Defog|[of] p2a: Corviknight
|
|upkeep
|turn|11
|
|t:|1779622082
|switch|p2a: Tyranitar|Tyranitar, M|100/100
|-weather|Sandstorm|[from] ability: Sand Stream|[of] p2a: Tyranitar
|move|p1a: Cinderace|U-turn|p2a: Tyranitar
|-start|p1a: Cinderace|typechange|Bug|[from] ability: Libero
|-supereffective|p2a: Tyranitar
|-damage|p2a: Tyranitar|47/100
|
|t:|1779622087
|switch|p1a: Hoopa|Hoopa-Unbound|100/100|[from] U-turn
|
|-weather|Sandstorm|[upkeep]
|-damage|p1a: Hoopa|95/100|[from] Sandstorm
|-heal|p2a: Tyranitar|53/100|[from] item: Leftovers
|upkeep
|turn|12
|
|t:|1779622093
|switch|p2a: Corviknight|Corviknight, F|75/100
|-ability|p2a: Corviknight|Pressure
|move|p1a: Hoopa|Drain Punch|p2a: Corviknight
|-damage|p2a: Corviknight|58/100
|-heal|p1a: Hoopa|100/100|[from] drain|[of] p2a: Corviknight
|-damage|p1a: Hoopa|84/100|[from] item: Rocky Helmet|[of] p2a: Corviknight
|
|-weather|Sandstorm|[upkeep]
|-damage|p1a: Hoopa|78/100|[from] Sandstorm
|upkeep
|turn|13
|
|t:|1779622104
|switch|p1a: Cinderace|Cinderace, M|100/100
|switch|p2a: Raging Bolt|Raging Bolt|100/100
|
|-weather|Sandstorm|[upkeep]
|-damage|p1a: Cinderace|95/100|[from] Sandstorm
|-damage|p2a: Raging Bolt|94/100|[from] Sandstorm
|upkeep
|turn|14
|
|t:|1779622111
|switch|p1a: Slowking|Slowking-Galar, F|100/100
|move|p2a: Raging Bolt|Weather Ball|p1a: Slowking
|-damage|p1a: Slowking|77/100
|-damage|p2a: Raging Bolt|84/100|[from] item: Life Orb
|
|-weather|Sandstorm|[upkeep]
|-damage|p2a: Raging Bolt|78/100|[from] Sandstorm
|-damage|p1a: Slowking|71/100|[from] Sandstorm
|upkeep
|turn|15
|
|t:|1779622116
|-end|p2a: Raging Bolt|Protosynthesis|[silent]
|switch|p2a: Tyranitar|Tyranitar, M|53/100
|move|p1a: Slowking|Sludge Bomb|p2a: Tyranitar
|-resisted|p2a: Tyranitar
|-damage|p2a: Tyranitar|46/100
|
|-weather|none
|-heal|p2a: Tyranitar|52/100|[from] item: Leftovers
|upkeep
|turn|16
|
|t:|1779622127
|move|p2a: Tyranitar|Stealth Rock|p1a: Slowking
|-sidestart|p1: The Name Change|move: Stealth Rock
|move|p1a: Slowking|Thunder Wave|p2a: Tyranitar
|-status|p2a: Tyranitar|par
|
|-heal|p2a: Tyranitar|58/100 par|[from] item: Leftovers
|upkeep
|turn|17
|
|t:|1779622130
|move|p2a: Tyranitar|Knock Off|p1a: Slowking
|-supereffective|p1a: Slowking
|-damage|p1a: Slowking|0 fnt
|-enditem|p1a: Slowking|Heavy-Duty Boots|[from] move: Knock Off|[of] p2a: Tyranitar
|faint|p1a: Slowking
|
|-heal|p2a: Tyranitar|65/100 par|[from] item: Leftovers
|upkeep
|
|t:|1779622134
|switch|p1a: Cinderace|Cinderace, M|95/100
|turn|18
|
|t:|1779622140
|switch|p2a: Corviknight|Corviknight, F|58/100
|-ability|p2a: Corviknight|Pressure
|move|p1a: Cinderace|High Jump Kick|p2a: Corviknight
|-start|p1a: Cinderace|typechange|Fighting|[from] ability: Libero
|-damage|p2a: Corviknight|24/100
|-damage|p1a: Cinderace|78/100|[from] item: Rocky Helmet|[of] p2a: Corviknight
|
|upkeep
|turn|19
|
|t:|1779622148
|move|p1a: Cinderace|Court Change|p1a: Cinderace
|-swapsideconditions
|-activate|p1a: Cinderace|move: Court Change
|move|p2a: Corviknight|Roost|p2a: Corviknight
|-heal|p2a: Corviknight|74/100
|-singleturn|p2a: Corviknight|move: Roost
|
|upkeep
|turn|20
|
|t:|1779622158
|switch|p2a: Alomomola|Alomomola, F|74/100
|-damage|p2a: Alomomola|62/100|[from] Stealth Rock
|move|p1a: Cinderace|Pyro Ball|p2a: Alomomola
|-resisted|p2a: Alomomola
|-damage|p2a: Alomomola|48/100
|
|upkeep
|turn|21
|
|t:|1779622163
|move|p1a: Cinderace|High Jump Kick|p2a: Alomomola
|-damage|p2a: Alomomola|0 fnt
|faint|p2a: Alomomola
|
|upkeep
|
|t:|1779622169
|switch|p2a: Raging Bolt|Raging Bolt|78/100
|-damage|p2a: Raging Bolt|66/100|[from] Stealth Rock
|turn|22
|
|t:|1779622179
|switch|p1a: Kyurem|Kyurem|93/100
|-ability|p1a: Kyurem|Pressure
|move|p2a: Raging Bolt|Thunderbolt|p1a: Kyurem
|-resisted|p1a: Kyurem
|-damage|p1a: Kyurem|70/100
|-damage|p2a: Raging Bolt|56/100|[from] item: Life Orb
|
|upkeep
|turn|23
|
|t:|1779622183
|move|p1a: Kyurem|Freeze-Dry|p2a: Raging Bolt
|-supereffective|p2a: Raging Bolt
|-crit|p2a: Raging Bolt
|-damage|p2a: Raging Bolt|0 fnt
|faint|p2a: Raging Bolt
|-end|p2a: Raging Bolt|Protosynthesis|[silent]
|
|upkeep
|
|t:|1779622186
|switch|p2a: Tyranitar|Tyranitar, M|65/100 par
|-damage|p2a: Tyranitar|52/100 par|[from] Stealth Rock
|-weather|Sandstorm|[from] ability: Sand Stream|[of] p2a: Tyranitar
|turn|24
|
|t:|1779622190
|move|p1a: Kyurem|Freeze-Dry|p2a: Tyranitar
|-damage|p2a: Tyranitar|34/100 par
|move|p2a: Tyranitar|Stone Edge|p1a: Kyurem
|-supereffective|p1a: Kyurem
|-damage|p1a: Kyurem|0 fnt
|faint|p1a: Kyurem
|
|-weather|Sandstorm|[upkeep]
|-heal|p2a: Tyranitar|41/100 par|[from] item: Leftovers
|upkeep
|
|t:|1779622202
|switch|p1a: Hoopa|Hoopa-Unbound|78/100
|turn|25
|
|t:|1779622205
|switch|p2a: Corviknight|Corviknight, F|74/100
|-damage|p2a: Corviknight|61/100|[from] Stealth Rock
|-ability|p2a: Corviknight|Pressure
|move|p1a: Hoopa|Trick|p2a: Corviknight
|-activate|p1a: Hoopa|move: Trick|[of] p2a: Corviknight
|-item|p2a: Corviknight|Choice Scarf|[from] move: Trick
|-item|p1a: Hoopa|Rocky Helmet|[from] move: Trick
|
|-weather|Sandstorm|[upkeep]
|-damage|p1a: Hoopa|72/100|[from] Sandstorm
|upkeep
|turn|26
|
|t:|1779622213
|switch|p1a: Cinderace|Cinderace, M|78/100
|move|p2a: Corviknight|Roost|p2a: Corviknight
|-heal|p2a: Corviknight|100/100
|-singleturn|p2a: Corviknight|move: Roost
|
|-weather|Sandstorm|[upkeep]
|-damage|p1a: Cinderace|72/100|[from] Sandstorm
|upkeep
|turn|27
|
|t:|1779622219
|switch|p2a: Tyranitar|Tyranitar, M|41/100 par
|-damage|p2a: Tyranitar|28/100 par|[from] Stealth Rock
|move|p1a: Cinderace|Pyro Ball|p2a: Tyranitar
|-resisted|p2a: Tyranitar
|-damage|p2a: Tyranitar|7/100 par
|
|-weather|Sandstorm|[upkeep]
|-damage|p1a: Cinderace|66/100|[from] Sandstorm
|-heal|p2a: Tyranitar|13/100 par|[from] item: Leftovers
|upkeep
|turn|28
|
|t:|1779622223
|move|p1a: Cinderace|U-turn|p2a: Tyranitar
|-start|p1a: Cinderace|typechange|Bug|[from] ability: Libero
|-supereffective|p2a: Tyranitar
|-damage|p2a: Tyranitar|0 fnt
|faint|p2a: Tyranitar
|
|t:|1779622226
|switch|p1a: Hoopa|Hoopa-Unbound|72/100|[from] U-turn
|
|-weather|none
|upkeep
|
|t:|1779622228
|switch|p2a: Corviknight|Corviknight, F|100/100
|-damage|p2a: Corviknight|88/100|[from] Stealth Rock
|-ability|p2a: Corviknight|Pressure
|turn|29
|
|t:|1779622238
|-terastallize|p1a: Hoopa|Fighting
|move|p1a: Hoopa|Drain Punch|p2a: Corviknight
|-damage|p2a: Corviknight|60/100
|-heal|p1a: Hoopa|91/100|[from] drain|[of] p2a: Corviknight
|move|p2a: Corviknight|Brave Bird|p1a: Hoopa
|-supereffective|p1a: Hoopa
|-damage|p1a: Hoopa|0 fnt
|-damage|p2a: Corviknight|44/100|[from] item: Rocky Helmet|[of] p1a: Hoopa
|faint|p1a: Hoopa
|-damage|p2a: Corviknight|22/100|[from] Recoil
|
|upkeep
|
|t:|1779622243
|switch|p1a: Cinderace|Cinderace, M|66/100
|turn|30
|
|t:|1779622245
|move|p1a: Cinderace|Pyro Ball|p2a: Corviknight
|-supereffective|p2a: Corviknight
|-damage|p2a: Corviknight|0 fnt
|faint|p2a: Corviknight
|
|win|The Name Change
|raw|The Name Change's rating: 1433 &rarr; <strong>1455</strong><br />(+22 for winning)
|raw|bpdcam's rating: 1468 &rarr; <strong>1446</strong><br />(-22 for losing)
|l|☆bpdcam
|player|p2|
|l|☆The Name Change
|player|p1|
|l| norwaytm
