|j|☆asdadac
|j|☆AmygdalanResponse
|t:|1779564887
|gametype|singles
|player|p1|asdadac|169|1417
|player|p2|AmygdalanResponse|marshal|1450
|gen|9
|tier|[Gen 9] OU
|rated|
|rule|HP Percentage Mod: HP is shown in percentages
|rule|Endless Battle Clause: Forcing endless battles is banned
|rule|Species Clause: Limit one of each Pokémon
|rule|OHKO Clause: OHKO moves are banned
|rule|Evasion Items Clause: Evasion items are banned
|rule|Evasion Moves Clause: Evasion moves are banned
|rule|Evasion Abilities Clause: Evasion abilities are banned
|rule|Sleep Moves Clause: Sleep-inducing moves are banned
|clearpoke
|poke|p1|Volcanion|
|poke|p1|Great Tusk|
|poke|p1|Hatterene, F|
|poke|p1|Gholdengo|
|poke|p1|Dragonite, M|
|poke|p1|Weavile, F|
|poke|p2|Ninetales, F|
|poke|p2|Hatterene, F|
|poke|p2|Walking Wake|
|poke|p2|Great Tusk|
|poke|p2|Lilligant-Hisui, F|
|poke|p2|Slither Wing|
|teampreview
|c|☆AmygdalanResponse|gl hf
|
|t:|1779564901
|teamsize|p1|6
|teamsize|p2|6
|start
|switch|p1a: 支离灭裂|Weavile, F|100/100
|switch|p2a: Slither Wing|Slither Wing|100/100
|-ability|p1a: 支离灭裂|Pressure
|turn|1
|
|t:|1779564932
|switch|p1a: 阿鼻叫唤|Great Tusk|100/100
|move|p2a: Slither Wing|First Impression|p1a: 阿鼻叫唤
|-resisted|p1a: 阿鼻叫唤
|-damage|p1a: 阿鼻叫唤|80/100
|
|upkeep
|turn|2
|
|t:|1779564942
|-end|p2a: Slither Wing|Protosynthesis|[silent]
|switch|p2a: Hatterene|Hatterene, F|100/100
|move|p1a: 阿鼻叫唤|Rapid Spin|p2a: Hatterene
|-crit|p2a: Hatterene
|-damage|p2a: Hatterene|79/100
|-boost|p1a: 阿鼻叫唤|spe|1
|-damage|p1a: 阿鼻叫唤|64/100|[from] item: Rocky Helmet|[of] p2a: Hatterene
|
|upkeep
|turn|3
|
|t:|1779564954
|-end|p1a: 阿鼻叫唤|Protosynthesis|[silent]
|switch|p1a: 柔情魔女|Hatterene, F|100/100
|move|p2a: Hatterene|Draining Kiss|p1a: 柔情魔女
|-damage|p1a: 柔情魔女|78/100
|-heal|p2a: Hatterene|96/100|[from] drain|[of] p1a: 柔情魔女
|-damage|p2a: Hatterene|79/100|[from] item: Rocky Helmet|[of] p1a: 柔情魔女
|
|upkeep
|turn|4
|
|t:|1779564976
|move|p1a: 柔情魔女|Nuzzle|p2a: Hatterene
|-damage|p2a: Hatterene|76/100
|-status|p2a: Hatterene|par
|-damage|p1a: 柔情魔女|61/100|[from] item: Rocky Helmet|[of] p2a: Hatterene
|cant|p2a: Hatterene|par
|
|upkeep
|turn|5
|
|t:|1779564982
|move|p1a: 柔情魔女|Psychic Noise|p2a: Hatterene
|-resisted|p2a: Hatterene
|-damage|p2a: Hatterene|59/100 par
|-start|p2a: Hatterene|move: Heal Block
|move|p2a: Hatterene|Nuzzle|p1a: 柔情魔女
|-damage|p1a: 柔情魔女|58/100
|-status|p1a: 柔情魔女|par
|-damage|p2a: Hatterene|42/100 par|[from] item: Rocky Helmet|[of] p1a: 柔情魔女
|
|upkeep
|turn|6
|
|t:|1779564992
|move|p1a: 柔情魔女|Psychic Noise|p2a: Hatterene
|-resisted|p2a: Hatterene
|-damage|p2a: Hatterene|25/100 par
|move|p2a: Hatterene|Pain Split|p1a: 柔情魔女
|-sethp|p1a: 柔情魔女|42/100 par|[from] move: Pain Split|[silent]
|-sethp|p2a: Hatterene|41/100 par|[from] move: Pain Split
|
|-end|p2a: Hatterene|move: Heal Block
|upkeep
|turn|7
|
|t:|1779565001
|cant|p1a: 柔情魔女|par
|cant|p2a: Hatterene|par
|
|upkeep
|turn|8
|
|t:|1779565004
|move|p1a: 柔情魔女|Healing Wish|p1a: 柔情魔女
|faint|p1a: 柔情魔女
|move|p2a: Hatterene|Psychic Noise|p1: 柔情魔女|[notarget]
|-fail|p2a: Hatterene
|
|upkeep
|
|t:|1779565015
|switch|p1a: 法西娅|Gholdengo|100/100
|turn|9
|
|t:|1779565022
|switch|p2a: Ninetales|Ninetales, F|100/100
|-weather|SunnyDay|[from] ability: Drought|[of] p2a: Ninetales
|move|p1a: 法西娅|Shadow Ball|p2a: Ninetales
|-damage|p2a: Ninetales|62/100
|
|-weather|SunnyDay|[upkeep]
|upkeep
|turn|10
|
|t:|1779565028
|switch|p1a: 无我梦中|Volcanion|100/100
|move|p2a: Ninetales|Weather Ball|p1a: 无我梦中
|-resisted|p1a: 无我梦中
|-damage|p1a: 无我梦中|88/100
|
|-weather|SunnyDay|[upkeep]
|upkeep
|turn|11
|
|t:|1779565038
|switch|p2a: Walking Wake|Walking Wake|100/100
|-activate|p2a: Walking Wake|ability: Protosynthesis
|-start|p2a: Walking Wake|protosynthesisspe
|move|p1a: 无我梦中|Earth Power|p2a: Walking Wake
|-damage|p2a: Walking Wake|64/100
|
|-weather|SunnyDay|[upkeep]
|upkeep
|turn|12
|
|t:|1779565058
|switch|p1a: 法西娅|Gholdengo|100/100
|move|p2a: Walking Wake|Draco Meteor|p1a: 法西娅
|-resisted|p1a: 法西娅
|-damage|p1a: 法西娅|46/100
|-unboost|p2a: Walking Wake|spa|2
|
|-weather|SunnyDay|[upkeep]
|upkeep
|turn|13
|
|t:|1779565065
|-end|p2a: Walking Wake|Protosynthesis|[silent]
|switch|p2a: Slither Wing|Slither Wing|100/100
|-activate|p2a: Slither Wing|ability: Protosynthesis
|-start|p2a: Slither Wing|protosynthesisatk
|switch|p1a: 无我梦中|Volcanion|88/100
|-heal|p1a: 无我梦中|100/100|[from] move: Healing Wish
|
|-weather|SunnyDay|[upkeep]
|upkeep
|turn|14
|
|t:|1779565071
|move|p2a: Slither Wing|Earthquake|p1a: 无我梦中
|-supereffective|p1a: 无我梦中
|-enditem|p1a: 无我梦中|Shuca Berry|[eat]
|-enditem|p1a: 无我梦中|Shuca Berry|[weaken]
|-damage|p1a: 无我梦中|54/100
|move|p1a: 无我梦中|Flamethrower|p2a: Slither Wing
|-supereffective|p2a: Slither Wing
|-damage|p2a: Slither Wing|0 fnt
|faint|p2a: Slither Wing
|-end|p2a: Slither Wing|Protosynthesis|[silent]
|
|-weather|SunnyDay|[upkeep]
|upkeep
|
|t:|1779565092
|switch|p2a: Great Tusk|Great Tusk|100/100
|-activate|p2a: Great Tusk|ability: Protosynthesis
|-start|p2a: Great Tusk|protosynthesisatk
|turn|15
|
|t:|1779565097
|move|p2a: Great Tusk|Headlong Rush|p1a: 无我梦中
|-supereffective|p1a: 无我梦中
|-damage|p1a: 无我梦中|0 fnt
|-unboost|p2a: Great Tusk|def|1
|-unboost|p2a: Great Tusk|spd|1
|faint|p1a: 无我梦中
|
|-weather|SunnyDay|[upkeep]
|upkeep
|
|t:|1779565103
|switch|p1a: 支离灭裂|Weavile, F|100/100
|-ability|p1a: 支离灭裂|Pressure
|turn|16
|
|t:|1779565139
|switch|p1a: 法西娅|Gholdengo|46/100
|-end|p2a: Great Tusk|Protosynthesis|[silent]
|switch|p2a: Hatterene|Hatterene, F|41/100 par
|
|-weather|none
|upkeep
|turn|17
|
|t:|1779565152
|switch|p2a: Ninetales|Ninetales, F|62/100
|-weather|SunnyDay|[from] ability: Drought|[of] p2a: Ninetales
|move|p1a: 法西娅|Make It Rain|p2a: Ninetales
|-resisted|p2a: Ninetales
|-damage|p2a: Ninetales|32/100
|-unboost|p1a: 法西娅|spa|1
|
|-weather|SunnyDay|[upkeep]
|upkeep
|turn|18
|
|t:|1779565169
|move|p1a: 法西娅|Make It Rain|p2a: Ninetales
|-resisted|p2a: Ninetales
|-damage|p2a: Ninetales|10/100
|-unboost|p1a: 法西娅|spa|1
|move|p2a: Ninetales|Weather Ball|p1a: 法西娅
|-supereffective|p1a: 法西娅
|-damage|p1a: 法西娅|0 fnt
|faint|p1a: 法西娅
|
|-weather|SunnyDay|[upkeep]
|upkeep
|
|t:|1779565173
|switch|p1a: 阿鼻叫唤|Great Tusk|64/100
|-activate|p1a: 阿鼻叫唤|ability: Protosynthesis
|-start|p1a: 阿鼻叫唤|protosynthesisatk
|turn|19
|
|t:|1779565184
|move|p2a: Ninetales|Will-O-Wisp|p1a: 阿鼻叫唤
|-status|p1a: 阿鼻叫唤|brn
|move|p1a: 阿鼻叫唤|Rapid Spin|p2a: Ninetales
|-crit|p2a: Ninetales
|-damage|p2a: Ninetales|0 fnt
|-boost|p1a: 阿鼻叫唤|spe|1
|faint|p2a: Ninetales
|
|-weather|SunnyDay|[upkeep]
|-damage|p1a: 阿鼻叫唤|58/100 brn|[from] brn
|upkeep
|
|t:|1779565189
|switch|p2a: Walking Wake|Walking Wake|64/100
|-activate|p2a: Walking Wake|ability: Protosynthesis
|-start|p2a: Walking Wake|protosynthesisspe
|turn|20
|
|t:|1779565201
|move|p2a: Walking Wake|Hydro Steam|p1a: 阿鼻叫唤
|-supereffective|p1a: 阿鼻叫唤
|-damage|p1a: 阿鼻叫唤|0 fnt
|faint|p1a: 阿鼻叫唤
|-end|p1a: 阿鼻叫唤|Protosynthesis|[silent]
|
|-weather|SunnyDay|[upkeep]
|upkeep
|-message|asdadac forfeited.
|
|win|AmygdalanResponse
|raw|asdadac's rating: 1417 &rarr; <strong>1399</strong><br />(-18 for losing)
|raw|AmygdalanResponse's rating: 1450 &rarr; <strong>1468</strong><br />(+18 for winning)
|l|☆asdadac
|player|p1|
