|j|☆DJAlcohol
|j|☆JustMatMan
|t:|1779645156
|gametype|singles
|player|p1|DJAlcohol|janitor|1243
|player|p2|JustMatMan|cheren|1269
|gen|9
|tier|[Gen 9] OU
|rated|
|rule|HP Percentage Mod: HP is shown in percentages
|rule|Endless Battle Clause: Forcing endless battles is banned
|rule|Species Clause: Limit one of each Pokémon
|rule|OHKO Clause: OHKO moves are banned
|rule|Evasion Items Clause: Evasion items are banned
|rule|Evasion Moves Clause: Evasion moves are banned
|rule|Evasion Abilities Clause: Evasion abilities are banned
|rule|Sleep Moves Clause: Sleep-inducing moves are banned
|clearpoke
|poke|p1|Iron Moth|
|poke|p1|Samurott-Hisui, M|
|poke|p1|Hydrapple, M|
|poke|p1|Landorus-Therian, M|
|poke|p1|Great Tusk|
|poke|p1|Gholdengo|
|poke|p2|Dragonite, F|
|poke|p2|Metagross|
|poke|p2|Krookodile, F|
|poke|p2|Vaporeon, F|
|poke|p2|Magmar, F|
|poke|p2|Torterra, M|
|teampreview
|inactive|Battle timer is ON: inactive players will automatically lose when time's up. (requested by DJAlcohol)
|
|t:|1779645187
|teamsize|p1|6
|teamsize|p2|6
|start
|switch|p1a: Samurott|Samurott-Hisui, M, shiny|100/100
|switch|p2a: Vaporeon|Vaporeon, F|100/100
|turn|1
|
|t:|1779645202
|-terastallize|p1a: Samurott|Poison
|move|p1a: Samurott|Knock Off|p2a: Vaporeon
|-damage|p2a: Vaporeon|71/100
|-enditem|p2a: Vaporeon|Leftovers|[from] move: Knock Off|[of] p1a: Samurott
|move|p2a: Vaporeon|Scald|p1a: Samurott
|-damage|p1a: Samurott|80/100
|
|upkeep
|turn|2
|
|t:|1779645212
|move|p1a: Samurott|Ceaseless Edge|p2a: Vaporeon
|-damage|p2a: Vaporeon|43/100
|-sidestart|p2: JustMatMan|Spikes
|move|p2a: Vaporeon|Flip Turn|p1a: Samurott
|-damage|p1a: Samurott|64/100
|
|t:|1779645218
|switch|p2a: Krookodile|Krookodile, F|100/100|[from] Flip Turn
|-damage|p2a: Krookodile|88/100|[from] Spikes
|-ability|p2a: Krookodile|Intimidate|boost
|-unboost|p1a: Samurott|atk|1
|
|upkeep
|turn|3
|
|t:|1779645232
|switch|p1a: Landorus|Landorus-Therian, M|100/100
|-ability|p1a: Landorus|Intimidate|boost
|-unboost|p2a: Krookodile|atk|1
|move|p2a: Krookodile|Earthquake|p1a: Landorus
|-immune|p1a: Landorus
|
|upkeep
|turn|4
|
|t:|1779645241
|switch|p2a: Magmar|Magmar, F|100/100
|-damage|p2a: Magmar|88/100|[from] Spikes
|move|p1a: Landorus|U-turn|p2a: Magmar
|-resisted|p2a: Magmar
|-damage|p2a: Magmar|71/100
|
|t:|1779645252
|switch|p1a: Great Tusk|Great Tusk|100/100|[from] U-turn
|
|upkeep
|turn|5
|
|t:|1779645261
|move|p1a: Great Tusk|Stealth Rock|p2a: Magmar
|-sidestart|p2: JustMatMan|move: Stealth Rock
|move|p2a: Magmar|Will-O-Wisp|p1a: Great Tusk
|-status|p1a: Great Tusk|brn
|
|-damage|p1a: Great Tusk|94/100 brn|[from] brn
|upkeep
|turn|6
|
|t:|1779645276
|move|p1a: Great Tusk|Headlong Rush|p2a: Magmar
|-supereffective|p2a: Magmar
|-damage|p2a: Magmar|0 fnt
|-unboost|p1a: Great Tusk|def|1
|-unboost|p1a: Great Tusk|spd|1
|faint|p2a: Magmar
|
|-damage|p1a: Great Tusk|88/100 brn|[from] brn
|upkeep
|inactive|JustMatMan has 120 seconds left.
|
|t:|1779645298
|switch|p2a: Torterra|Torterra, M|100/100
|-damage|p2a: Torterra|88/100|[from] Spikes
|-damage|p2a: Torterra|82/100|[from] Stealth Rock
|turn|7
|
|t:|1779645308
|-end|p1a: Great Tusk|Protosynthesis|[silent]
|switch|p1a: Hydrapple|Hydrapple, M|100/100
|move|p2a: Torterra|Shell Smash|p2a: Torterra
|-unboost|p2a: Torterra|def|1
|-unboost|p2a: Torterra|spd|1
|-boost|p2a: Torterra|atk|2
|-boost|p2a: Torterra|spa|2
|-boost|p2a: Torterra|spe|2
|
|upkeep
|turn|8
|inactive|JustMatMan has 120 seconds left.
|
|t:|1779645335
|switch|p2a: Metagross|Metagross|100/100
|-damage|p2a: Metagross|88/100|[from] Spikes
|-damage|p2a: Metagross|82/100|[from] Stealth Rock
|move|p1a: Hydrapple|Earth Power|p2a: Metagross
|-supereffective|p2a: Metagross
|-damage|p2a: Metagross|45/100
|
|upkeep
|turn|9
|
|t:|1779645347
|move|p2a: Metagross|Ice Punch|p1a: Hydrapple
|-supereffective|p1a: Hydrapple
|-damage|p1a: Hydrapple|40/100
|-damage|p2a: Metagross|28/100|[from] item: Rocky Helmet|[of] p1a: Hydrapple
|move|p1a: Hydrapple|Earth Power|p2a: Metagross
|-supereffective|p2a: Metagross
|-damage|p2a: Metagross|0 fnt
|faint|p2a: Metagross
|
|upkeep
|inactive|JustMatMan has 90 seconds left.
|
|t:|1779645391
|switch|p2a: Dragonite|Dragonite, F|100/100
|turn|10
|
|t:|1779645406
|switch|p1a: Landorus|Landorus-Therian, M|100/100
|-ability|p1a: Landorus|Intimidate|boost
|-unboost|p2a: Dragonite|atk|1
|move|p2a: Dragonite|Dragon Dance|p2a: Dragonite
|-boost|p2a: Dragonite|atk|1
|-boost|p2a: Dragonite|spe|1
|
|upkeep
|turn|11
|
|t:|1779645421
|move|p1a: Landorus|Outrage|p2a: Dragonite
|-supereffective|p2a: Dragonite
|-damage|p2a: Dragonite|55/100
|move|p2a: Dragonite|Dragon Dance|p2a: Dragonite
|-boost|p2a: Dragonite|atk|1
|-boost|p2a: Dragonite|spe|1
|
|upkeep
|turn|12
|
|t:|1779645437
|-terastallize|p2a: Dragonite|Normal
|move|p2a: Dragonite|Extreme Speed|p1a: Landorus
|-damage|p1a: Landorus|17/100
|move|p1a: Landorus|Outrage|p2a: Dragonite|[from] lockedmove
|-crit|p2a: Dragonite
|-damage|p2a: Dragonite|0 fnt
|faint|p2a: Dragonite
|
|upkeep
|
|t:|1779645449
|switch|p2a: Krookodile|Krookodile, F|88/100
|-damage|p2a: Krookodile|76/100|[from] Spikes
|-damage|p2a: Krookodile|70/100|[from] Stealth Rock
|-ability|p2a: Krookodile|Intimidate|boost
|-unboost|p1a: Landorus|atk|1
|turn|13
|
|t:|1779645460
|move|p2a: Krookodile|Crunch|p1a: Landorus
|-damage|p1a: Landorus|0 fnt
|faint|p1a: Landorus
|
|upkeep
|
|t:|1779645470
|switch|p1a: Hydrapple|Hydrapple, M|73/100
|turn|14
|
|t:|1779645482
|move|p2a: Krookodile|Crunch|p1a: Hydrapple
|-damage|p1a: Hydrapple|52/100
|-damage|p2a: Krookodile|53/100|[from] item: Rocky Helmet|[of] p1a: Hydrapple
|move|p1a: Hydrapple|Giga Drain|p2a: Krookodile
|-supereffective|p2a: Krookodile
|-damage|p2a: Krookodile|0 fnt
|-heal|p1a: Hydrapple|73/100|[from] drain|[of] p2a: Krookodile
|faint|p2a: Krookodile
|
|upkeep
|
|t:|1779645490
|switch|p2a: Torterra|Torterra, M|82/100
|-damage|p2a: Torterra|70/100|[from] Spikes
|-damage|p2a: Torterra|64/100|[from] Stealth Rock
|turn|15
|
|t:|1779645504
|move|p2a: Torterra|Shell Smash|p2a: Torterra
|-unboost|p2a: Torterra|def|1
|-unboost|p2a: Torterra|spd|1
|-boost|p2a: Torterra|atk|2
|-boost|p2a: Torterra|spa|2
|-boost|p2a: Torterra|spe|2
|move|p1a: Hydrapple|Giga Drain|p2a: Torterra
|-damage|p2a: Torterra|9/100
|-heal|p1a: Hydrapple|95/100|[from] drain|[of] p2a: Torterra
|
|upkeep
|turn|16
|
|t:|1779645515
|move|p2a: Torterra|Rock Blast|p1a: Hydrapple
|-damage|p1a: Hydrapple|87/100
|-damage|p1a: Hydrapple|78/100
|-damage|p1a: Hydrapple|69/100
|-damage|p1a: Hydrapple|60/100
|-hitcount|p1a: Hydrapple|4
|move|p1a: Hydrapple|Giga Drain|p2a: Torterra
|-damage|p2a: Torterra|0 fnt
|-heal|p1a: Hydrapple|63/100|[from] drain|[of] p2a: Torterra
|faint|p2a: Torterra
|
|upkeep
|
|t:|1779645526
|switch|p2a: Vaporeon|Vaporeon, F|43/100
|-damage|p2a: Vaporeon|30/100|[from] Spikes
|-damage|p2a: Vaporeon|18/100|[from] Stealth Rock
|turn|17
|
|t:|1779645532
|move|p2a: Vaporeon|Flip Turn|p1a: Hydrapple
|-resisted|p1a: Hydrapple
|-damage|p1a: Hydrapple|61/100
|-damage|p2a: Vaporeon|1/100|[from] item: Rocky Helmet|[of] p1a: Hydrapple
|move|p1a: Hydrapple|Giga Drain|p2a: Vaporeon
|-supereffective|p2a: Vaporeon
|-damage|p2a: Vaporeon|0 fnt
|-heal|p1a: Hydrapple|62/100|[from] drain|[of] p2a: Vaporeon
|faint|p2a: Vaporeon
|
|win|DJAlcohol
|raw|DJAlcohol's rating: 1243 &rarr; <strong>1270</strong><br />(+27 for winning)
|raw|JustMatMan's rating: 1269 &rarr; <strong>1242</strong><br />(-27 for losing)
|c|☆JustMatMan|gg
|c|☆DJAlcohol|Gg
|l|☆JustMatMan
|player|p2|
|l|☆DJAlcohol
|player|p1|
