|j|☆LFGM157
|j|☆RadGiraffe
|t:|1779628424
|gametype|singles
|player|p1|LFGM157|volkner|1311
|player|p2|RadGiraffe|acetrainerf-gen4dp|1333
|gen|9
|tier|[Gen 9] OU
|rated|
|rule|HP Percentage Mod: HP is shown in percentages
|rule|Endless Battle Clause: Forcing endless battles is banned
|rule|Species Clause: Limit one of each Pokémon
|rule|OHKO Clause: OHKO moves are banned
|rule|Evasion Items Clause: Evasion items are banned
|rule|Evasion Moves Clause: Evasion moves are banned
|rule|Evasion Abilities Clause: Evasion abilities are banned
|rule|Sleep Moves Clause: Sleep-inducing moves are banned
|clearpoke
|poke|p1|Garchomp, M|
|poke|p1|Ting-Lu|
|poke|p1|Moltres|
|poke|p1|Pecharunt|
|poke|p1|Ogerpon-Wellspring, F|
|poke|p1|Iron Valiant|
|poke|p2|Bronzong|
|poke|p2|Clodsire, M|
|poke|p2|Gholdengo|
|poke|p2|Pecharunt|
|poke|p2|Chesnaught, M|
|poke|p2|Weavile, M|
|teampreview
|inactive|Battle timer is ON: inactive players will automatically lose when time's up. (requested by RadGiraffe)
|
|t:|1779628432
|teamsize|p1|6
|teamsize|p2|6
|start
|switch|p1a: Garchomp|Garchomp, M|100/100
|switch|p2a: Ferro|Bronzong|100/100
|turn|1
|
|t:|1779628437
|switch|p1a: Moltres|Moltres|100/100
|move|p2a: Ferro|Stealth Rock|p1a: Moltres
|-sidestart|p1: LFGM157|move: Stealth Rock
|
|upkeep
|turn|2
|
|t:|1779628444
|switch|p2a: Clodsire|Clodsire, M|100/100
|move|p1a: Moltres|Flamethrower|p2a: Clodsire
|-damage|p2a: Clodsire|80/100
|
|-heal|p2a: Clodsire|87/100|[from] item: Leftovers
|upkeep
|turn|3
|
|t:|1779628448
|move|p1a: Moltres|U-turn|p2a: Clodsire
|-resisted|p2a: Clodsire
|-damage|p2a: Clodsire|78/100
|
|t:|1779628453
|switch|p1a: Ting-Lu|Ting-Lu|100/100|[from] U-turn
|-damage|p1a: Ting-Lu|94/100|[from] Stealth Rock
|-ability|p1a: Ting-Lu|Vessel of Ruin
|move|p2a: Clodsire|Toxic|p1a: Ting-Lu
|-status|p1a: Ting-Lu|tox
|
|-heal|p2a: Clodsire|84/100|[from] item: Leftovers
|-damage|p1a: Ting-Lu|88/100 tox|[from] psn
|upkeep
|turn|4
|
|t:|1779628464
|switch|p2a: Thorn|Chesnaught, M|100/100
|move|p1a: Ting-Lu|Stealth Rock|p2a: Thorn
|-sidestart|p2: RadGiraffe|move: Stealth Rock
|
|-damage|p1a: Ting-Lu|76/100 tox|[from] psn
|upkeep
|turn|5
|
|t:|1779628472
|move|p1a: Ting-Lu|Spikes|p2a: Thorn
|-sidestart|p2: RadGiraffe|Spikes
|move|p2a: Thorn|Knock Off|p1a: Ting-Lu
|-resisted|p1a: Ting-Lu
|-damage|p1a: Ting-Lu|69/100 tox
|-damage|p2a: Thorn|84/100|[from] item: Rocky Helmet|[of] p1a: Ting-Lu
|-enditem|p1a: Ting-Lu|Rocky Helmet|[from] move: Knock Off|[of] p2a: Thorn
|
|-damage|p1a: Ting-Lu|51/100 tox|[from] psn
|upkeep
|turn|6
|
|t:|1779628480
|move|p1a: Ting-Lu|Spikes|p2a: Thorn
|-sidestart|p2: RadGiraffe|Spikes
|move|p2a: Thorn|Body Press|p1a: Ting-Lu
|-supereffective|p1a: Ting-Lu
|-damage|p1a: Ting-Lu|0 fnt
|faint|p1a: Ting-Lu
|
|upkeep
|
|t:|1779628484
|switch|p1a: Iron Valiant|Iron Valiant|100/100
|-damage|p1a: Iron Valiant|95/100|[from] Stealth Rock
|-enditem|p1a: Iron Valiant|Booster Energy
|-activate|p1a: Iron Valiant|ability: Quark Drive|[fromitem]
|-start|p1a: Iron Valiant|quarkdrivespe
|turn|7
|
|t:|1779628498
|switch|p2a: Pecharunt|Pecharunt|100/100
|move|p1a: Iron Valiant|Calm Mind|p1a: Iron Valiant
|-boost|p1a: Iron Valiant|spa|1
|-boost|p1a: Iron Valiant|spd|1
|
|upkeep
|turn|8
|
|t:|1779628513
|move|p1a: Iron Valiant|Thunderbolt|p2a: Pecharunt
|-damage|p2a: Pecharunt|58/100
|move|p2a: Pecharunt|Malignant Chain|p1a: Iron Valiant
|-supereffective|p1a: Iron Valiant
|-damage|p1a: Iron Valiant|29/100
|
|upkeep
|turn|9
|
|t:|1779628525
|switch|p2a: Clodsire|Clodsire, M|84/100
|-damage|p2a: Clodsire|78/100|[from] Stealth Rock
|-damage|p2a: Clodsire|61/100|[from] Spikes
|-terastallize|p1a: Iron Valiant|Electric
|move|p1a: Iron Valiant|Thunderbolt|p2a: Clodsire
|-immune|p2a: Clodsire
|
|-heal|p2a: Clodsire|68/100|[from] item: Leftovers
|upkeep
|turn|10
|
|t:|1779628533
|-end|p1a: Iron Valiant|Quark Drive|[silent]
|switch|p1a: Garchomp|Garchomp, M|100/100
|-damage|p1a: Garchomp|94/100|[from] Stealth Rock
|move|p2a: Clodsire|Recover|p2a: Clodsire
|-heal|p2a: Clodsire|100/100
|
|upkeep
|turn|11
|
|t:|1779628539
|switch|p2a: Ferro|Bronzong|100/100
|-damage|p2a: Ferro|94/100|[from] Stealth Rock
|move|p1a: Garchomp|Scale Shot|p2a: Ferro
|-resisted|p2a: Ferro
|-damage|p2a: Ferro|89/100
|-resisted|p2a: Ferro
|-damage|p2a: Ferro|83/100
|-resisted|p2a: Ferro
|-damage|p2a: Ferro|77/100
|-resisted|p2a: Ferro
|-damage|p2a: Ferro|72/100
|-hitcount|p2a: Ferro|4
|-unboost|p1a: Garchomp|def|1
|-boost|p1a: Garchomp|spe|1
|
|-heal|p2a: Ferro|78/100|[from] item: Leftovers
|upkeep
|turn|12
|
|t:|1779628546
|move|p1a: Garchomp|Earthquake|p2a: Ferro
|-immune|p2a: Ferro|[from] ability: Levitate
|move|p2a: Ferro|Earthquake|p1a: Garchomp
|-damage|p1a: Garchomp|63/100
|
|-heal|p2a: Ferro|84/100|[from] item: Leftovers
|upkeep
|turn|13
|
|t:|1779628550
|switch|p1a: Moltres|Moltres|100/100
|move|p2a: Ferro|Psychic Noise|p1a: Moltres
|-damage|p1a: Moltres|86/100
|-start|p1a: Moltres|move: Heal Block
|
|-heal|p2a: Ferro|90/100|[from] item: Leftovers
|upkeep
|turn|14
|
|t:|1779628555
|switch|p2a: Clodsire|Clodsire, M|100/100
|-damage|p2a: Clodsire|94/100|[from] Stealth Rock
|-damage|p2a: Clodsire|78/100|[from] Spikes
|move|p1a: Moltres|U-turn|p2a: Clodsire
|-resisted|p2a: Clodsire
|-damage|p2a: Clodsire|69/100
|
|t:|1779628558
|switch|p1a: Garchomp|Garchomp, M|63/100|[from] U-turn
|-damage|p1a: Garchomp|57/100|[from] Stealth Rock
|
|-heal|p2a: Clodsire|75/100|[from] item: Leftovers
|upkeep
|turn|15
|
|t:|1779628568
|switch|p2a: Ferro|Bronzong|90/100
|-damage|p2a: Ferro|84/100|[from] Stealth Rock
|move|p1a: Garchomp|Scale Shot|p2a: Ferro
|-resisted|p2a: Ferro
|-damage|p2a: Ferro|78/100
|-resisted|p2a: Ferro
|-damage|p2a: Ferro|71/100
|-resisted|p2a: Ferro
|-damage|p2a: Ferro|66/100
|-resisted|p2a: Ferro
|-damage|p2a: Ferro|60/100
|-hitcount|p2a: Ferro|4
|-unboost|p1a: Garchomp|def|1
|-boost|p1a: Garchomp|spe|1
|
|-heal|p2a: Ferro|66/100|[from] item: Leftovers
|upkeep
|turn|16
|
|t:|1779628577
|switch|p1a: Moltres|Moltres|86/100
|move|p2a: Ferro|Iron Head|p1a: Moltres
|-resisted|p1a: Moltres
|-damage|p1a: Moltres|73/100
|
|-heal|p2a: Ferro|72/100|[from] item: Leftovers
|upkeep
|turn|17
|
|t:|1779628582
|move|p1a: Moltres|U-turn|p2a: Ferro
|-damage|p2a: Ferro|58/100
|
|t:|1779628584
|switch|p1a: Pecharunt|Pecharunt|100/100|[from] U-turn
|move|p2a: Ferro|Psychic Noise|p1a: Pecharunt
|-supereffective|p1a: Pecharunt
|-damage|p1a: Pecharunt|61/100
|-start|p1a: Pecharunt|move: Heal Block
|
|-heal|p2a: Ferro|64/100|[from] item: Leftovers
|upkeep
|turn|18
|
|t:|1779628592
|move|p1a: Pecharunt|Shadow Ball|p2a: Ferro
|-supereffective|p2a: Ferro
|-damage|p2a: Ferro|31/100
|move|p2a: Ferro|Earthquake|p1a: Pecharunt
|-supereffective|p1a: Pecharunt
|-damage|p1a: Pecharunt|39/100
|
|-heal|p2a: Ferro|37/100|[from] item: Leftovers
|-end|p1a: Pecharunt|move: Heal Block
|upkeep
|turn|19
|
|t:|1779628599
|move|p1a: Pecharunt|Recover|p1a: Pecharunt
|-heal|p1a: Pecharunt|89/100
|move|p2a: Ferro|Psychic Noise|p1a: Pecharunt
|-supereffective|p1a: Pecharunt
|-damage|p1a: Pecharunt|44/100
|-start|p1a: Pecharunt|move: Heal Block
|
|-heal|p2a: Ferro|44/100|[from] item: Leftovers
|upkeep
|turn|20
|
|t:|1779628601
|move|p1a: Pecharunt|Shadow Ball|p2a: Ferro
|-supereffective|p2a: Ferro
|-damage|p2a: Ferro|10/100
|move|p2a: Ferro|Psychic Noise|p1a: Pecharunt
|-supereffective|p1a: Pecharunt
|-damage|p1a: Pecharunt|0 fnt
|faint|p1a: Pecharunt
|
|-heal|p2a: Ferro|16/100|[from] item: Leftovers
|upkeep
|
|t:|1779628605
|switch|p1a: Ogerpon|Ogerpon-Wellspring, F|100/100
|-damage|p1a: Ogerpon|88/100|[from] Stealth Rock
|turn|21
|
|t:|1779628613
|switch|p2a: Thorn|Chesnaught, M|84/100
|-damage|p2a: Thorn|78/100|[from] Stealth Rock
|-damage|p2a: Thorn|61/100|[from] Spikes
|move|p1a: Ogerpon|Knock Off|p2a: Thorn
|-resisted|p2a: Thorn
|-damage|p2a: Thorn|50/100
|-damage|p1a: Ogerpon|72/100|[from] item: Rocky Helmet|[of] p2a: Thorn
|-enditem|p2a: Thorn|Rocky Helmet|[from] move: Knock Off|[of] p1a: Ogerpon
|
|upkeep
|turn|22
|
|t:|1779628622
|switch|p1a: Moltres|Moltres|73/100
|move|p2a: Thorn|Synthesis|p2a: Thorn
|-heal|p2a: Thorn|99/100
|
|upkeep
|turn|23
|
|t:|1779628630
|switch|p2a: Clodsire|Clodsire, M|75/100
|-damage|p2a: Clodsire|69/100|[from] Stealth Rock
|-damage|p2a: Clodsire|52/100|[from] Spikes
|move|p1a: Moltres|Flamethrower|p2a: Clodsire
|-damage|p2a: Clodsire|33/100
|
|-heal|p2a: Clodsire|40/100|[from] item: Leftovers
|upkeep
|turn|24
|
|t:|1779628636
|move|p1a: Moltres|U-turn|p2a: Clodsire
|-resisted|p2a: Clodsire
|-damage|p2a: Clodsire|31/100
|
|t:|1779628640
|switch|p1a: Garchomp|Garchomp, M|57/100|[from] U-turn
|-damage|p1a: Garchomp|51/100|[from] Stealth Rock
|move|p2a: Clodsire|Recover|p2a: Clodsire
|-heal|p2a: Clodsire|81/100
|
|-heal|p2a: Clodsire|87/100|[from] item: Leftovers
|upkeep
|turn|25
|
|t:|1779628647
|switch|p2a: Ferro|Bronzong|16/100
|-damage|p2a: Ferro|10/100|[from] Stealth Rock
|move|p1a: Garchomp|Swords Dance|p1a: Garchomp
|-boost|p1a: Garchomp|atk|2
|
|-heal|p2a: Ferro|16/100|[from] item: Leftovers
|upkeep
|turn|26
|
|t:|1779628653
|move|p1a: Garchomp|Scale Shot|p2a: Ferro
|-resisted|p2a: Ferro
|-damage|p2a: Ferro|5/100
|-resisted|p2a: Ferro
|-damage|p2a: Ferro|0 fnt
|faint|p2a: Ferro
|-hitcount|p2: Ferro|2
|-unboost|p1a: Garchomp|def|1
|-boost|p1a: Garchomp|spe|1
|
|upkeep
|
|t:|1779628655
|switch|p2a: Weavile|Weavile, M|100/100
|-ability|p2a: Weavile|Pressure
|turn|27
|
|t:|1779628660
|move|p2a: Weavile|Ice Shard|p1a: Garchomp
|-supereffective|p1a: Garchomp
|-damage|p1a: Garchomp|0 fnt
|faint|p1a: Garchomp
|
|upkeep
|
|t:|1779628664
|switch|p1a: Moltres|Moltres|73/100
|turn|28
|
|t:|1779628668
|switch|p2a: Clodsire|Clodsire, M|87/100
|-damage|p2a: Clodsire|81/100|[from] Stealth Rock
|-damage|p2a: Clodsire|64/100|[from] Spikes
|move|p1a: Moltres|Flamethrower|p2a: Clodsire
|-damage|p2a: Clodsire|46/100
|
|-heal|p2a: Clodsire|52/100|[from] item: Leftovers
|upkeep
|turn|29
|
|t:|1779628678
|move|p1a: Moltres|U-turn|p2a: Clodsire
|-resisted|p2a: Clodsire
|-damage|p2a: Clodsire|44/100
|
|t:|1779628680
|switch|p1a: Iron Valiant|Iron Valiant, tera:Electric|29/100|[from] U-turn
|-damage|p1a: Iron Valiant|16/100|[from] Stealth Rock
|move|p2a: Clodsire|Recover|p2a: Clodsire
|-heal|p2a: Clodsire|94/100
|
|-heal|p2a: Clodsire|99/100|[from] item: Leftovers
|upkeep
|turn|30
|
|t:|1779628687
|move|p1a: Iron Valiant|Moonblast|p2a: Clodsire
|-resisted|p2a: Clodsire
|-damage|p2a: Clodsire|87/100
|move|p2a: Clodsire|Toxic|p1a: Iron Valiant
|-status|p1a: Iron Valiant|tox
|
|-heal|p2a: Clodsire|94/100|[from] item: Leftovers
|-damage|p1a: Iron Valiant|10/100 tox|[from] psn
|upkeep
|turn|31
|
|t:|1779628692
|move|p1a: Iron Valiant|Moonblast|p2a: Clodsire
|-resisted|p2a: Clodsire
|-damage|p2a: Clodsire|80/100
|move|p2a: Clodsire|Spikes|p1a: Iron Valiant
|-sidestart|p1: LFGM157|Spikes
|
|-heal|p2a: Clodsire|87/100|[from] item: Leftovers
|-damage|p1a: Iron Valiant|0 fnt|[from] psn
|faint|p1a: Iron Valiant
|-end|p1a: Iron Valiant|Quark Drive|[silent]
|upkeep
|
|t:|1779628694
|switch|p1a: Ogerpon|Ogerpon-Wellspring, F|72/100
|-damage|p1a: Ogerpon|59/100|[from] Stealth Rock
|-damage|p1a: Ogerpon|47/100|[from] Spikes
|turn|32
|
|t:|1779628700
|switch|p2a: Thorn|Chesnaught, M|99/100
|-damage|p2a: Thorn|94/100|[from] Stealth Rock
|-damage|p2a: Thorn|78/100|[from] Spikes
|move|p1a: Ogerpon|Encore||[still]
|-fail|p1a: Ogerpon
|
|upkeep
|turn|33
|-message|LFGM157 forfeited.
|
|win|RadGiraffe
|raw|LFGM157's rating: 1311 &rarr; <strong>1292</strong><br />(-19 for losing)
|raw|RadGiraffe's rating: 1333 &rarr; <strong>1352</strong><br />(+19 for winning)
|l|☆LFGM157
|player|p1|
|c|☆RadGiraffe|Gg
|l|☆RadGiraffe
|player|p2|
