|j|☆depecos
|j|☆MemesOnToast
|t:|1779619292
|gametype|singles
|player|p1|depecos|266|1384
|player|p2|MemesOnToast|clown|1296
|gen|9
|tier|[Gen 9] OU
|rated|
|rule|HP Percentage Mod: HP is shown in percentages
|rule|Endless Battle Clause: Forcing endless battles is banned
|rule|Species Clause: Limit one of each Pokémon
|rule|OHKO Clause: OHKO moves are banned
|rule|Evasion Items Clause: Evasion items are banned
|rule|Evasion Moves Clause: Evasion moves are banned
|rule|Evasion Abilities Clause: Evasion abilities are banned
|rule|Sleep Moves Clause: Sleep-inducing moves are banned
|clearpoke
|poke|p1|Salamence, M|
|poke|p1|Ninetales-Alola, F|
|poke|p1|Ursaluna, M|
|poke|p1|Hatterene, F|
|poke|p1|Kingambit, F|
|poke|p1|Ceruledge, F|
|poke|p2|Smeargle, F|
|poke|p2|Moltres-Galar|
|poke|p2|Samurott-Hisui, M|
|poke|p2|Gholdengo|
|poke|p2|Zamazenta-*|
|poke|p2|Deoxys-Speed|
|teampreview
|inactive|Battle timer is ON: inactive players will automatically lose when time's up. (requested by depecos)
|
|t:|1779619312
|teamsize|p1|6
|teamsize|p2|6
|start
|switch|p1a: Ninetales|Ninetales-Alola, F|100/100
|switch|p2a: Samurott|Samurott-Hisui, M|100/100
|-weather|Snowscape|[from] ability: Snow Warning|[of] p1a: Ninetales
|turn|1
|
|t:|1779619318
|move|p1a: Ninetales|Aurora Veil|p1a: Ninetales
|-sidestart|p1: depecos|move: Aurora Veil
|move|p2a: Samurott|Ceaseless Edge|p1a: Ninetales
|-resisted|p1a: Ninetales
|-damage|p1a: Ninetales|91/100
|-sidestart|p1: depecos|Spikes
|
|-weather|Snowscape|[upkeep]
|upkeep
|turn|2
|
|t:|1779619326
|move|p1a: Ninetales|Freeze-Dry|p2a: Samurott
|-supereffective|p2a: Samurott
|-damage|p2a: Samurott|37/100
|move|p2a: Samurott|Ceaseless Edge|p1a: Ninetales
|-resisted|p1a: Ninetales
|-damage|p1a: Ninetales|82/100
|-sidestart|p1: depecos|Spikes
|
|-weather|Snowscape|[upkeep]
|upkeep
|turn|3
|
|t:|1779619332
|move|p1a: Ninetales|Freeze-Dry|p2a: Samurott
|-supereffective|p2a: Samurott
|-damage|p2a: Samurott|0 fnt
|faint|p2a: Samurott
|
|-weather|Snowscape|[upkeep]
|upkeep
|
|t:|1779619337
|switch|p2a: Gholdengo|Gholdengo|100/100
|turn|4
|
|t:|1779619346
|switch|p1a: Salamence|Salamence, M|100/100
|move|p2a: Gholdengo|Make It Rain|p1a: Salamence
|-damage|p1a: Salamence|62/100
|-unboost|p2a: Gholdengo|spa|1
|
|-weather|Snowscape|[upkeep]
|upkeep
|turn|5
|
|t:|1779619357
|switch|p2a: Zamazenta|Zamazenta|100/100
|-ability|p2a: Zamazenta|Dauntless Shield|boost
|-boost|p2a: Zamazenta|def|1
|move|p1a: Salamence|Dragon Dance|p1a: Salamence
|-boost|p1a: Salamence|atk|1
|-boost|p1a: Salamence|spe|1
|
|-weather|none
|upkeep
|turn|6
|
|t:|1779619364
|move|p1a: Salamence|Dual Wingbeat|p2a: Zamazenta
|-supereffective|p2a: Zamazenta
|-damage|p2a: Zamazenta|69/100
|-supereffective|p2a: Zamazenta
|-damage|p2a: Zamazenta|38/100
|-hitcount|p2a: Zamazenta|2
|move|p2a: Zamazenta|Iron Defense|p2a: Zamazenta
|-boost|p2a: Zamazenta|def|2
|
|-heal|p2a: Zamazenta|44/100|[from] item: Leftovers
|upkeep
|turn|7
|
|t:|1779619382
|move|p1a: Salamence|Dragon Dance|p1a: Salamence
|-boost|p1a: Salamence|atk|1
|-boost|p1a: Salamence|spe|1
|move|p2a: Zamazenta|Body Press|p1a: Salamence
|-resisted|p1a: Salamence
|-damage|p1a: Salamence|32/100
|
|-heal|p2a: Zamazenta|50/100|[from] item: Leftovers
|upkeep
|turn|8
|
|t:|1779619389
|move|p1a: Salamence|Dual Wingbeat|p2a: Zamazenta
|-supereffective|p2a: Zamazenta
|-damage|p2a: Zamazenta|25/100
|-supereffective|p2a: Zamazenta
|-damage|p2a: Zamazenta|0 fnt
|faint|p2a: Zamazenta
|-ability|p1a: Salamence|Moxie|boost
|-boost|p1a: Salamence|atk|1
|-hitcount|p2: Zamazenta|2
|
|-sideend|p1: depecos|move: Aurora Veil
|upkeep
|
|t:|1779619402
|switch|p2a: Moltres|Moltres-Galar|100/100
|turn|9
|
|t:|1779619407
|move|p1a: Salamence|Dual Wingbeat|p2a: Moltres
|-damage|p2a: Moltres|36/100
|-enditem|p2a: Moltres|Sitrus Berry|[eat]
|-heal|p2a: Moltres|61/100|[from] item: Sitrus Berry
|-damage|p2a: Moltres|0 fnt
|faint|p2a: Moltres
|-ability|p1a: Salamence|Moxie|boost
|-boost|p1a: Salamence|atk|1
|-hitcount|p2: Moltres|2
|
|upkeep
|
|t:|1779619417
|switch|p2a: Deoxys|Deoxys-Speed|100/100
|-ability|p2a: Deoxys|Pressure
|turn|10
|
|t:|1779619421
|move|p1a: Salamence|Dual Wingbeat|p2a: Deoxys
|-damage|p2a: Deoxys|18/100
|-damage|p2a: Deoxys|0 fnt
|faint|p2a: Deoxys
|-ability|p1a: Salamence|Moxie|boost
|-boost|p1a: Salamence|atk|1
|-hitcount|p2: Deoxys|2
|
|upkeep
|
|t:|1779619425
|switch|p2a: Gholdengo|Gholdengo|100/100
|turn|11
|
|t:|1779619431
|move|p1a: Salamence|Temper Flare|p2a: Gholdengo
|-supereffective|p2a: Gholdengo
|-damage|p2a: Gholdengo|0 fnt
|faint|p2a: Gholdengo
|-ability|p1a: Salamence|Moxie|boost
|-boost|p1a: Salamence|atk|1
|
|upkeep
|
|t:|1779619435
|switch|p2a: Smeargle|Smeargle, F|100/100
|turn|12
|
|t:|1779619441
|-terastallize|p2a: Smeargle|Flying
|move|p1a: Salamence|Dual Wingbeat|p2a: Smeargle|[miss]
|-miss|p1a: Salamence|p2a: Smeargle
|move|p2a: Smeargle|Population Bomb|p1a: Salamence
|-damage|p1a: Salamence|24/100
|-damage|p1a: Salamence|16/100
|-damage|p1a: Salamence|6/100
|-damage|p1a: Salamence|0 fnt
|faint|p1a: Salamence
|-hitcount|p1: Salamence|4
|
|upkeep
|
|t:|1779619447
|switch|p1a: Ceruledge|Ceruledge, F|100/100
|-damage|p1a: Ceruledge|84/100|[from] Spikes
|turn|13
|
|t:|1779619453
|move|p1a: Ceruledge|Bulk Up|p1a: Ceruledge
|-boost|p1a: Ceruledge|atk|1
|-boost|p1a: Ceruledge|def|1
|move|p2a: Smeargle|No Retreat|p2a: Smeargle
|-boost|p2a: Smeargle|atk|1
|-boost|p2a: Smeargle|def|1
|-boost|p2a: Smeargle|spa|1
|-boost|p2a: Smeargle|spd|1
|-boost|p2a: Smeargle|spe|1
|-start|p2a: Smeargle|move: No Retreat
|
|upkeep
|turn|14
|
|t:|1779619460
|move|p2a: Smeargle|Power Trip|p1a: Ceruledge
|-supereffective|p1a: Ceruledge
|-damage|p1a: Ceruledge|39/100
|move|p1a: Ceruledge|Bitter Blade|p2a: Smeargle
|-damage|p2a: Smeargle|5/100
|-heal|p1a: Ceruledge|82/100|[from] drain|[of] p2a: Smeargle
|
|upkeep
|turn|15
|
|t:|1779619467
|move|p1a: Ceruledge|Shadow Sneak|p2a: Smeargle
|-damage|p2a: Smeargle|0 fnt
|faint|p2a: Smeargle
|
|win|depecos
|raw|depecos's rating: 1384 &rarr; <strong>1399</strong><br />(+15 for winning)
|raw|MemesOnToast's rating: 1296 &rarr; <strong>1277</strong><br />(-19 for losing)
|l|☆MemesOnToast
|player|p2|
|l|☆depecos
|player|p1|
