|inactive|Battle timer is ON: inactive players will automatically lose when time's up.
|t:|1779648045
|gametype|singles
|player|p1|Always|#roaplxireunicluses|
|player|p2|Javi|#rbtt6teammewtwof|
|gen|9
|tier|[Gen 9] OU
|rule|HP Percentage Mod: HP is shown in percentages
|rule|Endless Battle Clause: Forcing endless battles is banned
|rule|Species Clause: Limit one of each Pokémon
|rule|OHKO Clause: OHKO moves are banned
|rule|Evasion Items Clause: Evasion items are banned
|rule|Evasion Moves Clause: Evasion moves are banned
|rule|Evasion Abilities Clause: Evasion abilities are banned
|rule|Sleep Moves Clause: Sleep-inducing moves are banned
|clearpoke
|poke|p1|Great Tusk|
|poke|p1|Gliscor, M|
|poke|p1|Darkrai|
|poke|p1|Gholdengo|
|poke|p1|Kyurem|
|poke|p1|Zamazenta-*|
|poke|p2|Ting-Lu|
|poke|p2|Gholdengo|
|poke|p2|Ogerpon-Wellspring, F|
|poke|p2|Landorus-Therian, M|
|poke|p2|Hoopa-Unbound|
|poke|p2|Iron Valiant|
|teampreview
|c|☆Always|glhf!
|c|☆Javi|hf
|inactive|Always has 270 seconds left.
|inactive|Javi has 270 seconds left.
|
|t:|1779648092
|teamsize|p1|6
|teamsize|p2|6
|start
|switch|p1a: Darkrai|Darkrai|100/100
|switch|p2a: Ogerpon|Ogerpon-Wellspring, F|100/100
|turn|1
|
|t:|1779648103
|move|p1a: Darkrai|Will-O-Wisp|p2a: Ogerpon
|-status|p2a: Ogerpon|brn
|move|p2a: Ogerpon|Horn Leech|p1a: Darkrai
|-damage|p1a: Darkrai|70/100
|
|-damage|p2a: Ogerpon|95/100 brn|[from] brn
|upkeep
|turn|2
|
|t:|1779648111
|switch|p1a: Kyurem|Kyurem|100/100
|-ability|p1a: Kyurem|Pressure
|move|p2a: Ogerpon|Knock Off|p1a: Kyurem
|-damage|p1a: Kyurem|84/100
|-enditem|p1a: Kyurem|Loaded Dice|[from] move: Knock Off|[of] p2a: Ogerpon
|
|-damage|p2a: Ogerpon|89/100 brn|[from] brn
|upkeep
|turn|3
|
|t:|1779648118
|switch|p2a: Gholdengo|Gholdengo|100/100
|-item|p2a: Gholdengo|Air Balloon
|move|p1a: Kyurem|Earth Power|p2a: Gholdengo
|-immune|p2a: Gholdengo
|
|upkeep
|turn|4
|
|t:|1779648144
|switch|p1a: Gholdengo|Gholdengo|100/100
|switch|p2a: Ogerpon|Ogerpon-Wellspring, F|89/100 brn
|
|-damage|p2a: Ogerpon|83/100 brn|[from] brn
|upkeep
|turn|5
|
|t:|1779648154
|switch|p1a: Kyurem|Kyurem|84/100
|-ability|p1a: Kyurem|Pressure
|move|p2a: Ogerpon|Swords Dance|p2a: Ogerpon
|-boost|p2a: Ogerpon|atk|2
|
|-damage|p2a: Ogerpon|77/100 brn|[from] brn
|upkeep
|turn|6
|
|t:|1779648160
|move|p2a: Ogerpon|Ivy Cudgel|p1a: Kyurem|[anim] Ivy Cudgel Water
|-resisted|p1a: Kyurem
|-damage|p1a: Kyurem|56/100
|move|p1a: Kyurem|Freeze-Dry|p2a: Ogerpon
|-supereffective|p2a: Ogerpon
|-damage|p2a: Ogerpon|0 fnt
|faint|p2a: Ogerpon
|
|upkeep
|
|t:|1779648172
|switch|p2a: Hoopa|Hoopa-Unbound|100/100
|turn|7
|
|t:|1779648187
|move|p1a: Kyurem|Icicle Spear|p2a: Hoopa
|-damage|p2a: Hoopa|88/100
|-damage|p2a: Hoopa|75/100
|-damage|p2a: Hoopa|61/100
|-hitcount|p2a: Hoopa|3
|move|p2a: Hoopa|Drain Punch|p1a: Kyurem
|-supereffective|p1a: Kyurem
|-damage|p1a: Kyurem|5/100
|-heal|p2a: Hoopa|88/100|[from] drain|[of] p1a: Kyurem
|
|upkeep
|turn|8
|
|t:|1779648195
|move|p1a: Kyurem|Icicle Spear|p2a: Hoopa
|-damage|p2a: Hoopa|77/100
|-crit|p2a: Hoopa
|-damage|p2a: Hoopa|57/100
|-damage|p2a: Hoopa|45/100
|-damage|p2a: Hoopa|33/100
|-hitcount|p2a: Hoopa|4
|move|p2a: Hoopa|Drain Punch|p1a: Kyurem
|-supereffective|p1a: Kyurem
|-damage|p1a: Kyurem|0 fnt
|-heal|p2a: Hoopa|36/100|[from] drain|[of] p1a: Kyurem
|faint|p1a: Kyurem
|
|upkeep
|
|t:|1779648210
|switch|p1a: Great Tusk|Great Tusk|100/100
|turn|9
|
|t:|1779648220
|switch|p2a: Gholdengo|Gholdengo|100/100
|-item|p2a: Gholdengo|Air Balloon
|move|p1a: Great Tusk|Head Smash|p2a: Gholdengo
|-resisted|p2a: Gholdengo
|-damage|p2a: Gholdengo|81/100
|-enditem|p2a: Gholdengo|Air Balloon
|-damage|p1a: Great Tusk|91/100|[from] Recoil
|
|upkeep
|turn|10
|
|t:|1779648231
|move|p1a: Great Tusk|Headlong Rush|p2a: Gholdengo
|-supereffective|p2a: Gholdengo
|-damage|p2a: Gholdengo|0 fnt
|-unboost|p1a: Great Tusk|def|1
|-unboost|p1a: Great Tusk|spd|1
|faint|p2a: Gholdengo
|
|upkeep
|
|t:|1779648236
|switch|p2a: Iron Valiant|Iron Valiant|100/100
|-enditem|p2a: Iron Valiant|Booster Energy
|-activate|p2a: Iron Valiant|ability: Quark Drive|[fromitem]
|-start|p2a: Iron Valiant|quarkdrivespe
|turn|11
|
|t:|1779648255
|move|p2a: Iron Valiant|Calm Mind|p2a: Iron Valiant
|-boost|p2a: Iron Valiant|spa|1
|-boost|p2a: Iron Valiant|spd|1
|move|p1a: Great Tusk|Headlong Rush|p2a: Iron Valiant
|-damage|p2a: Iron Valiant|21/100
|-unboost|p1a: Great Tusk|def|1
|-unboost|p1a: Great Tusk|spd|1
|
|upkeep
|turn|12
|
|t:|1779648262
|move|p2a: Iron Valiant|Moonblast|p1a: Great Tusk
|-supereffective|p1a: Great Tusk
|-damage|p1a: Great Tusk|0 fnt
|faint|p1a: Great Tusk
|-end|p1a: Great Tusk|Protosynthesis|[silent]
|
|upkeep
|
|t:|1779648277
|switch|p1a: Darkrai|Darkrai|70/100
|turn|13
|inactive|Always has 270 seconds left.
|
|t:|1779648325
|-terastallize|p2a: Iron Valiant|Ghost
|move|p1a: Darkrai|Ice Beam|p2a: Iron Valiant
|-damage|p2a: Iron Valiant|0 fnt
|faint|p2a: Iron Valiant
|-end|p2a: Iron Valiant|Quark Drive|[silent]
|
|upkeep
|
|t:|1779648333
|switch|p2a: Hoopa|Hoopa-Unbound|36/100
|turn|14
|
|t:|1779648343
|switch|p1a: Gholdengo|Gholdengo|100/100
|move|p2a: Hoopa|Drain Punch|p1a: Gholdengo
|-immune|p1a: Gholdengo
|
|upkeep
|turn|15
|c|☆Javi|gg
|-message|Javi forfeited.
|
|win|Always
|c|☆Always|ggwp
|player|p2|
|player|p1|
