|j|‽theoddkeystone
|j|☆dsppp
|t:|1779649835
|gametype|singles
|player|p1|theoddkeystone|bruno-gen2|1429
|player|p2|dsppp|hilda|1442
|gen|9
|tier|[Gen 9] OU
|rated|
|rule|HP Percentage Mod: HP is shown in percentages
|rule|Endless Battle Clause: Forcing endless battles is banned
|rule|Species Clause: Limit one of each Pokémon
|rule|OHKO Clause: OHKO moves are banned
|rule|Evasion Items Clause: Evasion items are banned
|rule|Evasion Moves Clause: Evasion moves are banned
|rule|Evasion Abilities Clause: Evasion abilities are banned
|rule|Sleep Moves Clause: Sleep-inducing moves are banned
|clearpoke
|poke|p1|Torkoal, M|
|poke|p1|Typhlosion, M|
|poke|p1|Walking Wake|
|poke|p1|Poliwrath, F|
|poke|p1|Ninetales, F|
|poke|p1|Brute Bonnet|
|poke|p2|Enamorus, F|
|poke|p2|Gliscor, M|
|poke|p2|Great Tusk|
|poke|p2|Gholdengo|
|poke|p2|Pecharunt|
|poke|p2|Zamazenta-*|
|teampreview
|
|t:|1779649868
|teamsize|p1|6
|teamsize|p2|6
|start
|switch|p1a: Ninetales|Ninetales, F|100/100
|switch|p2a: Gliscor|Gliscor, M|100/100
|-weather|SunnyDay|[from] ability: Drought|[of] p1a: Ninetales
|turn|1
|
|t:|1779649884
|switch|p1a: Brute Bonnet|Brute Bonnet|100/100
|-activate|p1a: Brute Bonnet|ability: Protosynthesis
|-start|p1a: Brute Bonnet|protosynthesisatk
|move|p2a: Gliscor|Knock Off|p1a: Brute Bonnet
|-resisted|p1a: Brute Bonnet
|-damage|p1a: Brute Bonnet|90/100
|-enditem|p1a: Brute Bonnet|Loaded Dice|[from] move: Knock Off|[of] p2a: Gliscor
|
|-weather|SunnyDay|[upkeep]
|-status|p2a: Gliscor|tox|[from] item: Toxic Orb
|upkeep
|turn|2
|
|t:|1779649895
|move|p2a: Gliscor|Toxic|p1a: Brute Bonnet
|-status|p1a: Brute Bonnet|tox
|move|p1a: Brute Bonnet|Growth|p1a: Brute Bonnet
|-boost|p1a: Brute Bonnet|atk|2
|-boost|p1a: Brute Bonnet|spa|2
|
|-weather|SunnyDay|[upkeep]
|-damage|p1a: Brute Bonnet|84/100 tox|[from] psn
|upkeep
|turn|3
|
|t:|1779649905
|move|p2a: Gliscor|Spikes|p1a: Brute Bonnet
|-sidestart|p1: theoddkeystone|Spikes
|move|p1a: Brute Bonnet|Bullet Seed|p2a: Gliscor
|-damage|p2a: Gliscor|71/100 tox
|-damage|p2a: Gliscor|41/100 tox
|-damage|p2a: Gliscor|14/100 tox
|-damage|p2a: Gliscor|0 fnt
|faint|p2a: Gliscor
|-hitcount|p2: Gliscor|4
|
|-weather|SunnyDay|[upkeep]
|-damage|p1a: Brute Bonnet|72/100 tox|[from] psn
|upkeep
|
|t:|1779649913
|switch|p2a: Enamorus|Enamorus, F|100/100
|turn|4
|
|t:|1779649918
|move|p1a: Brute Bonnet|Sucker Punch|p2a: Enamorus
|-resisted|p2a: Enamorus
|-damage|p2a: Enamorus|23/100
|move|p2a: Enamorus|Superpower|p1a: Brute Bonnet
|-supereffective|p1a: Brute Bonnet
|-damage|p1a: Brute Bonnet|0 fnt
|-boost|p2a: Enamorus|atk|1
|-boost|p2a: Enamorus|def|1
|faint|p1a: Brute Bonnet
|-end|p1a: Brute Bonnet|Protosynthesis|[silent]
|-damage|p2a: Enamorus|13/100|[from] item: Life Orb
|
|-weather|SunnyDay|[upkeep]
|upkeep
|
|t:|1779649923
|switch|p1a: Ninetales|Ninetales, F|100/100
|-damage|p1a: Ninetales|88/100|[from] Spikes
|turn|5
|
|t:|1779649929
|move|p1a: Ninetales|Flamethrower|p2a: Enamorus
|-damage|p2a: Enamorus|0 fnt
|faint|p2a: Enamorus
|
|-weather|none
|upkeep
|
|t:|1779649942
|switch|p2a: Zamazenta|Zamazenta|100/100
|-ability|p2a: Zamazenta|Dauntless Shield|boost
|-boost|p2a: Zamazenta|def|1
|turn|6
|
|t:|1779649948
|switch|p1a: Poliwrath|Poliwrath, F|100/100
|-damage|p1a: Poliwrath|88/100|[from] Spikes
|move|p2a: Zamazenta|Body Press|p1a: Poliwrath
|-damage|p1a: Poliwrath|35/100
|
|upkeep
|turn|7
|
|t:|1779649954
|move|p2a: Zamazenta|Body Press|p1a: Poliwrath
|-damage|p1a: Poliwrath|0 fnt
|faint|p1a: Poliwrath
|
|upkeep
|
|t:|1779649961
|switch|p1a: Torkoal|Torkoal, M|100/100
|-damage|p1a: Torkoal|88/100|[from] Spikes
|-weather|SunnyDay|[from] ability: Drought|[of] p1a: Torkoal
|turn|8
|
|t:|1779649973
|move|p2a: Zamazenta|Body Press|p1a: Torkoal
|-crit|p1a: Torkoal
|-damage|p1a: Torkoal|46/100
|move|p1a: Torkoal|Will-O-Wisp|p2a: Zamazenta|[miss]
|-miss|p1a: Torkoal|p2a: Zamazenta
|
|-weather|SunnyDay|[upkeep]
|upkeep
|turn|9
|
|t:|1779649981
|switch|p2a: Pecharunt|Pecharunt|100/100
|move|p1a: Torkoal|Will-O-Wisp|p2a: Pecharunt
|-status|p2a: Pecharunt|brn
|
|-weather|SunnyDay|[upkeep]
|-damage|p2a: Pecharunt|94/100 brn|[from] brn
|upkeep
|turn|10
|
|t:|1779649989
|switch|p1a: Typhlosion|Typhlosion, M|100/100
|-damage|p1a: Typhlosion|88/100|[from] Spikes
|move|p2a: Pecharunt|Parting Shot|p1a: Typhlosion
|-unboost|p1a: Typhlosion|atk|1
|-unboost|p1a: Typhlosion|spa|1
|
|t:|1779649993
|switch|p2a: Gholdengo|Gholdengo|100/100|[from] Parting Shot
|-item|p2a: Gholdengo|Air Balloon
|
|-weather|SunnyDay|[upkeep]
|upkeep
|turn|11
|
|t:|1779649997
|-terastallize|p2a: Gholdengo|Water
|move|p1a: Typhlosion|Eruption|p2a: Gholdengo
|-resisted|p2a: Gholdengo
|-damage|p2a: Gholdengo|73/100
|-enditem|p2a: Gholdengo|Air Balloon
|move|p2a: Gholdengo|Thunder Wave|p1a: Typhlosion
|-status|p1a: Typhlosion|par
|
|-weather|SunnyDay|[upkeep]
|upkeep
|turn|12
|
|t:|1779650005
|switch|p1a: Ninetales|Ninetales, F|88/100
|-damage|p1a: Ninetales|76/100|[from] Spikes
|move|p2a: Gholdengo|Thunder Wave|p1a: Ninetales|[miss]
|-miss|p2a: Gholdengo|p1a: Ninetales
|
|-weather|SunnyDay|[upkeep]
|upkeep
|turn|13
|
|t:|1779650012
|move|p1a: Ninetales|Healing Wish|p1a: Ninetales
|faint|p1a: Ninetales
|move|p2a: Gholdengo|Recover|p2a: Gholdengo
|-heal|p2a: Gholdengo|100/100
|
|-weather|SunnyDay|[upkeep]
|upkeep
|
|t:|1779650014
|switch|p1a: Typhlosion|Typhlosion, M|88/100 par
|-heal|p1a: Typhlosion|100/100|[from] move: Healing Wish
|-damage|p1a: Typhlosion|88/100|[from] Spikes
|turn|14
|
|t:|1779650017
|move|p1a: Typhlosion|Solar Beam||[still]
|-prepare|p1a: Typhlosion|Solar Beam
|-anim|p1a: Typhlosion|Solar Beam|p2a: Gholdengo
|-supereffective|p2a: Gholdengo
|-damage|p2a: Gholdengo|24/100
|move|p2a: Gholdengo|Thunder Wave|p1a: Typhlosion
|-status|p1a: Typhlosion|par
|
|-weather|SunnyDay|[upkeep]
|upkeep
|turn|15
|
|t:|1779650024
|switch|p2a: Pecharunt|Pecharunt|94/100 brn
|cant|p1a: Typhlosion|par
|
|-weather|none
|-damage|p2a: Pecharunt|88/100 brn|[from] brn
|upkeep
|turn|16
|
|t:|1779650027
|switch|p1a: Torkoal|Torkoal, M|46/100
|-damage|p1a: Torkoal|34/100|[from] Spikes
|-weather|SunnyDay|[from] ability: Drought|[of] p1a: Torkoal
|move|p2a: Pecharunt|Parting Shot|p1a: Torkoal
|-unboost|p1a: Torkoal|atk|1
|-unboost|p1a: Torkoal|spa|1
|
|t:|1779650029
|switch|p2a: Gholdengo|Gholdengo, tera:Water|24/100|[from] Parting Shot
|
|-weather|SunnyDay|[upkeep]
|upkeep
|turn|17
|
|t:|1779650034
|switch|p1a: Typhlosion|Typhlosion, M|88/100 par
|-damage|p1a: Typhlosion|76/100 par|[from] Spikes
|move|p2a: Gholdengo|Recover|p2a: Gholdengo
|-heal|p2a: Gholdengo|74/100
|
|-weather|SunnyDay|[upkeep]
|upkeep
|turn|18
|
|t:|1779650042
|switch|p2a: Pecharunt|Pecharunt|88/100 brn
|move|p1a: Typhlosion|Solar Beam||[still]
|-prepare|p1a: Typhlosion|Solar Beam
|-anim|p1a: Typhlosion|Solar Beam|p2a: Pecharunt
|-resisted|p2a: Pecharunt
|-damage|p2a: Pecharunt|69/100 brn
|
|-weather|SunnyDay|[upkeep]
|-damage|p2a: Pecharunt|63/100 brn|[from] brn
|upkeep
|turn|19
|
|t:|1779650047
|switch|p1a: Torkoal|Torkoal, M|34/100
|-damage|p1a: Torkoal|22/100|[from] Spikes
|move|p2a: Pecharunt|Parting Shot|p1a: Torkoal
|-unboost|p1a: Torkoal|atk|1
|-unboost|p1a: Torkoal|spa|1
|
|t:|1779650054
|switch|p2a: Gholdengo|Gholdengo, tera:Water|74/100|[from] Parting Shot
|
|-weather|SunnyDay|[upkeep]
|upkeep
|turn|20
|
|t:|1779650056
|move|p2a: Gholdengo|Hex|p1a: Torkoal
|-damage|p1a: Torkoal|0 fnt
|faint|p1a: Torkoal
|
|-weather|SunnyDay|[upkeep]
|upkeep
|
|t:|1779650058
|switch|p1a: Walking Wake|Walking Wake|100/100
|-damage|p1a: Walking Wake|88/100|[from] Spikes
|-activate|p1a: Walking Wake|ability: Protosynthesis
|-start|p1a: Walking Wake|protosynthesisspe
|turn|21
|
|t:|1779650066
|switch|p2a: Great Tusk|Great Tusk|100/100
|-activate|p2a: Great Tusk|ability: Protosynthesis
|-start|p2a: Great Tusk|protosynthesisatk
|move|p1a: Walking Wake|Draco Meteor|p2a: Great Tusk
|-damage|p2a: Great Tusk|0 fnt
|-unboost|p1a: Walking Wake|spa|2
|faint|p2a: Great Tusk
|-end|p2a: Great Tusk|Protosynthesis|[silent]
|
|-weather|SunnyDay|[upkeep]
|upkeep
|
|t:|1779650077
|switch|p2a: Gholdengo|Gholdengo, tera:Water|74/100
|turn|22
|
|t:|1779650079
|-end|p1a: Walking Wake|Protosynthesis|[silent]
|switch|p1a: Typhlosion|Typhlosion, M|76/100 par
|-damage|p1a: Typhlosion|63/100 par|[from] Spikes
|move|p2a: Gholdengo|Thunder Wave|p1a: Typhlosion
|-fail|p1a: Typhlosion|par
|
|-weather|SunnyDay|[upkeep]
|upkeep
|turn|23
|
|t:|1779650087
|move|p1a: Typhlosion|Eruption|p2a: Gholdengo
|-resisted|p2a: Gholdengo
|-damage|p2a: Gholdengo|40/100
|move|p2a: Gholdengo|Hex|p1a: Typhlosion
|-crit|p1a: Typhlosion
|-damage|p1a: Typhlosion|0 fnt
|faint|p1a: Typhlosion
|
|-weather|none
|upkeep
|
|t:|1779650090
|switch|p1a: Walking Wake|Walking Wake|88/100
|-damage|p1a: Walking Wake|76/100|[from] Spikes
|turn|24
|
|t:|1779650098
|move|p1a: Walking Wake|Dragon Pulse|p2a: Gholdengo
|-crit|p2a: Gholdengo
|-damage|p2a: Gholdengo|0 fnt
|faint|p2a: Gholdengo
|
|upkeep
|
|t:|1779650101
|switch|p2a: Pecharunt|Pecharunt|63/100 brn
|turn|25
|
|t:|1779650110
|-terastallize|p1a: Walking Wake|Water
|move|p1a: Walking Wake|Hydro Steam|p2a: Pecharunt
|-damage|p2a: Pecharunt|0 fnt
|faint|p2a: Pecharunt
|
|upkeep
|
|t:|1779650114
|switch|p2a: Zamazenta|Zamazenta|100/100
|turn|26
|
|t:|1779650125
|move|p2a: Zamazenta|Body Press|p1a: Walking Wake
|-damage|p1a: Walking Wake|37/100
|move|p1a: Walking Wake|Hydro Steam|p2a: Zamazenta
|-damage|p2a: Zamazenta|48/100
|
|-heal|p2a: Zamazenta|55/100|[from] item: Leftovers
|upkeep
|turn|27
|
|t:|1779650130
|move|p2a: Zamazenta|Body Press|p1a: Walking Wake
|-damage|p1a: Walking Wake|0 fnt
|faint|p1a: Walking Wake
|-end|p1a: Walking Wake|Protosynthesis|[silent]
|
|win|dsppp
|raw|theoddkeystone's rating: 1429 &rarr; <strong>1410</strong><br />(-19 for losing)
|raw|dsppp's rating: 1442 &rarr; <strong>1461</strong><br />(+19 for winning)
|l|‽theoddkeystone
|player|p1|
|l|☆dsppp
|player|p2|
