|j|☆will-i-am2
|j|☆lockheed shartin
|t:|1779561943
|gametype|singles
|player|p1|will-i-am2|169|1612
|player|p2|lockheed shartin|burglar|1609
|gen|9
|tier|[Gen 9] OU
|rated|
|rule|HP Percentage Mod: HP is shown in percentages
|rule|Endless Battle Clause: Forcing endless battles is banned
|rule|Species Clause: Limit one of each Pokémon
|rule|OHKO Clause: OHKO moves are banned
|rule|Evasion Items Clause: Evasion items are banned
|rule|Evasion Moves Clause: Evasion moves are banned
|rule|Evasion Abilities Clause: Evasion abilities are banned
|rule|Sleep Moves Clause: Sleep-inducing moves are banned
|clearpoke
|poke|p1|Hydreigon, M|
|poke|p1|Registeel|
|poke|p1|Mandibuzz, F|
|poke|p1|Pawmot, F|
|poke|p1|Mamoswine, M|
|poke|p1|Slowbro, M|
|poke|p2|Great Tusk|
|poke|p2|Enamorus, F|
|poke|p2|Iron Moth|
|poke|p2|Raging Bolt|
|poke|p2|Garchomp, M|
|poke|p2|Samurott-Hisui, M|
|teampreview
|inactive|Battle timer is ON: inactive players will automatically lose when time's up. (requested by lockheed shartin)
|c|☆lockheed shartin|lmao
|c|☆lockheed shartin|this team is terrifying
|c|☆lockheed shartin|glhf
|inactive|will-i-am2 has 120 seconds left.
|c|☆will-i-am2|haha
|inactive|will-i-am2 has 90 seconds left.
|c|☆will-i-am2|thanks man
|c|☆will-i-am2|gl hf
|c|☆will-i-am2|lockheed martin ALL DAY
|c|☆lockheed shartin|any team with no ous is just terrifying
|c|☆will-i-am2|killin it military style
|c|☆lockheed shartin|NAH WE BE SHARTIN
|c|☆will-i-am2|:)
|
|t:|1779562029
|teamsize|p1|6
|teamsize|p2|6
|start
|switch|p1a: Pawmot|Pawmot, F|100/100
|switch|p2a: LiquidSwords|Samurott-Hisui, M|100/100
|turn|1
|
|t:|1779562038
|switch|p2a: TusksBHanginLo|Great Tusk|100/100
|move|p1a: Pawmot|Ice Punch|p2a: TusksBHanginLo
|-supereffective|p2a: TusksBHanginLo
|-damage|p2a: TusksBHanginLo|57/100
|-status|p2a: TusksBHanginLo|frz
|-damage|p1a: Pawmot|91/100|[from] item: Life Orb
|
|upkeep
|turn|2
|c|☆lockheed shartin|LMAO
|c|☆will-i-am2|mb
|
|t:|1779562046
|switch|p1a: Slowbro|Slowbro, M|100/100
|cant|p2a: TusksBHanginLo|frz
|
|upkeep
|turn|3
|c|☆will-i-am2|lol
|c|☆lockheed shartin|yk
|c|☆lockheed shartin|ill keep clicking ice spinner
|c|☆will-i-am2|oh
|c|☆lockheed shartin|if you wnana see how long im frozen for
|c|☆will-i-am2|okay
|
|t:|1779562068
|cant|p2a: TusksBHanginLo|frz
|move|p1a: Slowbro|Scald|p2a: TusksBHanginLo
|-supereffective|p2a: TusksBHanginLo
|-damage|p2a: TusksBHanginLo|0 fnt
|faint|p2a: TusksBHanginLo
|-end|p2a: TusksBHanginLo|Protosynthesis|[silent]
|
|upkeep
|c|☆will-i-am2|but i got moves only
|c|☆lockheed shartin|hmmm
|c|☆will-i-am2|scald will get you out of it
|c|☆will-i-am2|but you dead
|c|☆will-i-am2|lol
|c|☆lockheed shartin|so it was more then 1 turn
|c|☆lockheed shartin|of freeze
|inactive|lockheed shartin has 120 seconds left.
|
|t:|1779562099
|switch|p2a: LiquidSwords|Samurott-Hisui, M|100/100
|turn|4
|c|☆will-i-am2|ye that never happens for me
|
|t:|1779562102
|switch|p1a: Mandibuzz|Mandibuzz, F|100/100
|move|p2a: LiquidSwords|Flip Turn|p1a: Mandibuzz
|-damage|p1a: Mandibuzz|83/100
|-damage|p2a: LiquidSwords|84/100|[from] item: Rocky Helmet|[of] p1a: Mandibuzz
|
|t:|1779562105
|switch|p2a: WeedleTwinneedle|Enamorus, F|100/100|[from] Flip Turn
|
|upkeep
|turn|5
|
|t:|1779562107
|switch|p1a: Registeel|Registeel|100/100
|move|p2a: WeedleTwinneedle|Substitute|p2a: WeedleTwinneedle
|-start|p2a: WeedleTwinneedle|Substitute
|-damage|p2a: WeedleTwinneedle|76/100
|
|-heal|p2a: WeedleTwinneedle|82/100|[from] item: Leftovers
|upkeep
|turn|6
|
|t:|1779562111
|move|p2a: WeedleTwinneedle|Superpower|p1a: Registeel
|-supereffective|p1a: Registeel
|-damage|p1a: Registeel|53/100
|-boost|p2a: WeedleTwinneedle|atk|1
|-boost|p2a: WeedleTwinneedle|def|1
|move|p1a: Registeel|Iron Head|p2a: WeedleTwinneedle
|-supereffective|p2a: WeedleTwinneedle
|-end|p2a: WeedleTwinneedle|Substitute
|
|-heal|p2a: WeedleTwinneedle|88/100|[from] item: Leftovers
|-heal|p1a: Registeel|59/100|[from] item: Leftovers
|upkeep
|turn|7
|c|☆will-i-am2|ooff
|
|t:|1779562119
|move|p2a: WeedleTwinneedle|Substitute|p2a: WeedleTwinneedle
|-start|p2a: WeedleTwinneedle|Substitute
|-damage|p2a: WeedleTwinneedle|63/100
|move|p1a: Registeel|Iron Head|p2a: WeedleTwinneedle
|-supereffective|p2a: WeedleTwinneedle
|-end|p2a: WeedleTwinneedle|Substitute
|
|-heal|p2a: WeedleTwinneedle|69/100|[from] item: Leftovers
|-heal|p1a: Registeel|65/100|[from] item: Leftovers
|upkeep
|turn|8
|
|t:|1779562121
|move|p2a: WeedleTwinneedle|Superpower|p1a: Registeel
|-supereffective|p1a: Registeel
|-damage|p1a: Registeel|0 fnt
|-boost|p2a: WeedleTwinneedle|atk|1
|-boost|p2a: WeedleTwinneedle|def|1
|faint|p1a: Registeel
|
|-heal|p2a: WeedleTwinneedle|76/100|[from] item: Leftovers
|upkeep
|c|☆will-i-am2|ooff
|
|t:|1779562131
|switch|p1a: Slowbro|Slowbro, M|100/100
|turn|9
|c|☆lockheed shartin|swag enam
|
|t:|1779562136
|move|p2a: WeedleTwinneedle|Play Rough|p1a: Slowbro
|-damage|p1a: Slowbro|29/100
|-unboost|p1a: Slowbro|atk|1
|move|p1a: Slowbro|Psychic|p2a: WeedleTwinneedle
|-damage|p2a: WeedleTwinneedle|13/100
|
|-heal|p2a: WeedleTwinneedle|19/100|[from] item: Leftovers
|-heal|p1a: Slowbro|35/100|[from] item: Leftovers
|upkeep
|turn|10
|c|☆will-i-am2|pretty good
|
|t:|1779562144
|switch|p1a: Mandibuzz|Mandibuzz, F|83/100
|move|p2a: WeedleTwinneedle|Play Rough|p1a: Mandibuzz
|-supereffective|p1a: Mandibuzz
|-damage|p1a: Mandibuzz|0 fnt
|-damage|p2a: WeedleTwinneedle|2/100|[from] item: Rocky Helmet|[of] p1a: Mandibuzz
|faint|p1a: Mandibuzz
|
|-heal|p2a: WeedleTwinneedle|8/100|[from] item: Leftovers
|upkeep
|c|☆lockheed shartin|tyty lol
|
|t:|1779562152
|switch|p1a: Mamoswine|Mamoswine, M|100/100
|turn|11
|
|t:|1779562161
|switch|p2a: LiquidSwords|Samurott-Hisui, M|84/100
|move|p1a: Mamoswine|Earthquake|p2a: LiquidSwords
|-damage|p2a: LiquidSwords|0 fnt
|faint|p2a: LiquidSwords
|
|upkeep
|c|☆will-i-am2|ooff
|c|☆lockheed shartin|piece of shit lmao
|c|☆will-i-am2|lol
|
|t:|1779562180
|switch|p2a: WeedleTwinneedle|Enamorus, F|8/100
|turn|12
|
|t:|1779562189
|switch|p2a: WannaClap?|Raging Bolt|100/100
|switch|p1a: Slowbro|Slowbro, M|68/100
|
|-heal|p1a: Slowbro|74/100|[from] item: Leftovers
|upkeep
|turn|13
|c|☆will-i-am2|niccc
|c|☆lockheed shartin|tyty
|c|☆lockheed shartin|choiced mamo is awful coverage for this team lol
|
|t:|1779562207
|switch|p1a: Pawmot|Pawmot, F|91/100
|move|p2a: WannaClap?|Draco Meteor|p1a: Pawmot|[miss]
|-miss|p2a: WannaClap?|p1a: Pawmot
|
|upkeep
|turn|14
|c|☆will-i-am2|mb
|c|☆lockheed shartin|do be like that lo
|c|☆will-i-am2|ill let you kill me go
|c|☆lockheed shartin|nahh
|c|☆lockheed shartin|its alg
|
|t:|1779562229
|move|p1a: Pawmot|Thunder Punch|p2a: WannaClap?
|-resisted|p2a: WannaClap?
|-damage|p2a: WannaClap?|89/100
|-damage|p1a: Pawmot|81/100|[from] item: Life Orb
|move|p2a: WannaClap?|Draco Meteor|p1a: Pawmot|[miss]
|-miss|p2a: WannaClap?|p1a: Pawmot
|
|upkeep
|turn|15
|c|☆lockheed shartin|awwww
|c|☆lockheed shartin|LMAO
|
|t:|1779562237
|move|p1a: Pawmot|Thunder Punch|p2a: WannaClap?
|-resisted|p2a: WannaClap?
|-damage|p2a: WannaClap?|77/100
|-damage|p1a: Pawmot|71/100|[from] item: Life Orb
|move|p2a: WannaClap?|Draco Meteor|p1a: Pawmot
|-damage|p1a: Pawmot|0 fnt
|-unboost|p2a: WannaClap?|spa|2
|faint|p1a: Pawmot
|
|upkeep
|c|☆will-i-am2|LOL
|
|t:|1779562240
|switch|p1a: Mamoswine|Mamoswine, M|100/100
|turn|16
|c|☆lockheed shartin|yk man
|c|☆lockheed shartin|if the game wants me to lose
|c|☆will-i-am2|nah
|c|☆lockheed shartin|ill juse lose lmao
|c|☆will-i-am2|lets get it
|
|t:|1779562250
|-end|p2a: WannaClap?|Protosynthesis|[silent]
|switch|p2a: JPEGMOTHIA|Iron Moth|100/100
|move|p1a: Mamoswine|Icicle Crash|p2a: JPEGMOTHIA
|-resisted|p2a: JPEGMOTHIA
|-damage|p2a: JPEGMOTHIA|54/100
|
|upkeep
|turn|17
|c|☆will-i-am2|u good player g
|
|t:|1779562256
|switch|p1a: Slowbro|Slowbro, M|100/100
|move|p2a: JPEGMOTHIA|Toxic|p1a: Slowbro
|-status|p1a: Slowbro|tox
|
|-damage|p1a: Slowbro|94/100 tox|[from] psn
|upkeep
|turn|18
|c|☆will-i-am2|ah i see you
|
|t:|1779562264
|move|p2a: JPEGMOTHIA|Morning Sun|p2a: JPEGMOTHIA
|-heal|p2a: JPEGMOTHIA|100/100
|move|p1a: Slowbro|Psychic|p2a: JPEGMOTHIA
|-supereffective|p2a: JPEGMOTHIA
|-damage|p2a: JPEGMOTHIA|36/100
|
|-heal|p1a: Slowbro|100/100 tox|[from] item: Leftovers
|-damage|p1a: Slowbro|88/100 tox|[from] psn
|upkeep
|turn|19
|
|t:|1779562273
|move|p2a: JPEGMOTHIA|Morning Sun|p2a: JPEGMOTHIA
|-heal|p2a: JPEGMOTHIA|86/100
|move|p1a: Slowbro|Psychic|p2a: JPEGMOTHIA
|-supereffective|p2a: JPEGMOTHIA
|-damage|p2a: JPEGMOTHIA|17/100
|-unboost|p2a: JPEGMOTHIA|spd|1
|
|-heal|p1a: Slowbro|94/100 tox|[from] item: Leftovers
|-damage|p1a: Slowbro|76/100 tox|[from] psn
|upkeep
|turn|20
|
|t:|1779562278
|-end|p2a: JPEGMOTHIA|Quark Drive|[silent]
|switch|p2a: WannaClap?|Raging Bolt|77/100
|move|p1a: Slowbro|Psychic|p2a: WannaClap?
|-damage|p2a: WannaClap?|40/100
|
|-heal|p1a: Slowbro|82/100 tox|[from] item: Leftovers
|-damage|p1a: Slowbro|57/100 tox|[from] psn
|upkeep
|turn|21
|
|t:|1779562285
|switch|p1a: Hydreigon|Hydreigon, M|100/100
|move|p2a: WannaClap?|Draco Meteor|p1a: Hydreigon
|-supereffective|p1a: Hydreigon
|-damage|p1a: Hydreigon|0 fnt
|-unboost|p2a: WannaClap?|spa|2
|faint|p1a: Hydreigon
|
|upkeep
|c|☆will-i-am2|why you too good
|
|t:|1779562292
|switch|p1a: Mamoswine|Mamoswine, M|100/100
|turn|22
|
|t:|1779562298
|move|p1a: Mamoswine|Ice Shard|p2a: WannaClap?
|-supereffective|p2a: WannaClap?
|-damage|p2a: WannaClap?|0 fnt
|faint|p2a: WannaClap?
|-end|p2a: WannaClap?|Protosynthesis|[silent]
|
|upkeep
|
|t:|1779562310
|switch|p2a: Sucker4SharkMeat|Garchomp, M|100/100
|turn|23
|c|☆will-i-am2|did you transform?
|c|☆lockheed shartin|?
|c|☆lockheed shartin|yeah
|c|☆lockheed shartin|bit shorter neck
|c|☆will-i-am2|terrstilize
|inactive|will-i-am2 has 120 seconds left.
|c|☆lockheed shartin|oh
|c|☆lockheed shartin|idk
|c|☆will-i-am2|lol
|c|☆lockheed shartin|up to you man
|
|t:|1779562351
|switch|p1a: Slowbro|Slowbro, M|90/100 tox
|-terastallize|p2a: Sucker4SharkMeat|Fire
|move|p2a: Sucker4SharkMeat|Swords Dance|p2a: Sucker4SharkMeat
|-boost|p2a: Sucker4SharkMeat|atk|2
|
|-heal|p1a: Slowbro|97/100 tox|[from] item: Leftovers
|-damage|p1a: Slowbro|90/100 tox|[from] psn
|upkeep
|turn|24
|c|☆will-i-am2|ye
|n|!lockheed shartin|lockheedshartin
|c|☆will-i-am2|dam bro
|c|☆will-i-am2|u too good
|inactive|lockheed shartin has 120 seconds left.
|
|t:|1779562386
|move|p2a: Sucker4SharkMeat|Swords Dance|p2a: Sucker4SharkMeat
|-boost|p2a: Sucker4SharkMeat|atk|2
|move|p1a: Slowbro|Trick Room|p1a: Slowbro
|-fieldstart|move: Trick Room|[of] p1a: Slowbro
|
|-heal|p1a: Slowbro|97/100 tox|[from] item: Leftovers
|-damage|p1a: Slowbro|84/100 tox|[from] psn
|upkeep
|turn|25
|c|☆will-i-am2|?
|
|t:|1779562406
|move|p1a: Slowbro|Scald|p2a: Sucker4SharkMeat
|-supereffective|p2a: Sucker4SharkMeat
|-damage|p2a: Sucker4SharkMeat|23/100
|move|p2a: Sucker4SharkMeat|Earthquake|p1a: Slowbro
|-crit|p1a: Slowbro
|-damage|p1a: Slowbro|0 fnt
|faint|p1a: Slowbro
|
|upkeep
|
|t:|1779562413
|switch|p1a: Mamoswine|Mamoswine, M|100/100
|turn|26
|
|t:|1779562424
|move|p1a: Mamoswine|Knock Off|p2a: Sucker4SharkMeat
|-damage|p2a: Sucker4SharkMeat|0 fnt
|-damage|p1a: Mamoswine|88/100|[from] ability: Rough Skin|[of] p2a: Sucker4SharkMeat
|-enditem|p2a: Sucker4SharkMeat|Loaded Dice|[from] move: Knock Off|[of] p1a: Mamoswine
|faint|p2a: Sucker4SharkMeat
|
|upkeep
|inactive|lockheed shartin has 120 seconds left.
|
|t:|1779562445
|switch|p2a: JPEGMOTHIA|Iron Moth|17/100
|turn|27
|inactive|lockheed shartin has 120 seconds left.
|
|t:|1779562459
|move|p1a: Mamoswine|Knock Off|p2a: JPEGMOTHIA
|-damage|p2a: JPEGMOTHIA|0 fnt
|-enditem|p2a: JPEGMOTHIA|Heavy-Duty Boots|[from] move: Knock Off|[of] p1a: Mamoswine
|faint|p2a: JPEGMOTHIA
|-end|p2a: JPEGMOTHIA|Quark Drive|[silent]
|
|upkeep
|
|t:|1779562460
|switch|p2a: WeedleTwinneedle|Enamorus, F|8/100
|turn|28
|
|t:|1779562463
|move|p1a: Mamoswine|Knock Off|p2a: WeedleTwinneedle
|-resisted|p2a: WeedleTwinneedle
|-damage|p2a: WeedleTwinneedle|0 fnt
|-enditem|p2a: WeedleTwinneedle|Leftovers|[from] move: Knock Off|[of] p1a: Mamoswine
|faint|p2a: WeedleTwinneedle
|
|win|will-i-am2
|raw|will-i-am2's rating: 1612 &rarr; <strong>1632</strong><br />(+20 for winning)
|raw|lockheed shartin's rating: 1609 &rarr; <strong>1589</strong><br />(-20 for losing)
|l|!lockheed shartin
|player|p2|
|c|☆will-i-am2|gg my guy
|l|☆will-i-am2
|player|p1|
