|j|☆Morthill
|j|‽tyflu
|t:|1779563813
|gametype|singles
|player|p1|Morthill|lucas|1431
|player|p2|tyflu|169|1388
|gen|9
|tier|[Gen 9] OU
|rated|
|rule|HP Percentage Mod: HP is shown in percentages
|rule|Endless Battle Clause: Forcing endless battles is banned
|rule|Species Clause: Limit one of each Pokémon
|rule|OHKO Clause: OHKO moves are banned
|rule|Evasion Items Clause: Evasion items are banned
|rule|Evasion Moves Clause: Evasion moves are banned
|rule|Evasion Abilities Clause: Evasion abilities are banned
|rule|Sleep Moves Clause: Sleep-inducing moves are banned
|clearpoke
|poke|p1|Heatran, M|
|poke|p1|Cetitan, M|
|poke|p1|Ninetales-Alola, M|
|poke|p1|Kyurem|
|poke|p1|Avalugg, M|
|poke|p1|Zoroark-Hisui, F|
|poke|p2|Ninetales, M|
|poke|p2|Walking Wake|
|poke|p2|Great Tusk|
|poke|p2|Cresselia, F|
|poke|p2|Ceruledge, M|
|poke|p2|Zarude-Dada|
|teampreview
|inactive|Battle timer is ON: inactive players will automatically lose when time's up. (requested by Morthill)
|
|t:|1779563840
|teamsize|p1|6
|teamsize|p2|6
|start
|switch|p1a: Heatran|Heatran, M|100/100
|switch|p2a: Ninetales|Ninetales, M|100/100
|-weather|SunnyDay|[from] ability: Drought|[of] p2a: Ninetales
|turn|1
|
|t:|1779563849
|switch|p2a: Great Tusk|Great Tusk|100/100
|-activate|p2a: Great Tusk|ability: Protosynthesis
|-start|p2a: Great Tusk|protosynthesisatk
|move|p1a: Heatran|Magma Storm|p2a: Great Tusk
|-damage|p2a: Great Tusk|15/100
|-activate|p2a: Great Tusk|move: Magma Storm|[of] p1a: Heatran
|
|-weather|SunnyDay|[upkeep]
|-damage|p2a: Great Tusk|3/100|[from] move: Magma Storm|[partiallytrapped]
|upkeep
|turn|2
|
|t:|1779563863
|switch|p1a: Ninetales|Ninetales-Alola, M, shiny|100/100
|-weather|Snowscape|[from] ability: Snow Warning|[of] p1a: Ninetales
|-end|p2a: Great Tusk|Protosynthesis
|move|p2a: Great Tusk|Close Combat|p1a: Ninetales
|-damage|p1a: Ninetales|50/100
|-unboost|p2a: Great Tusk|def|1
|-unboost|p2a: Great Tusk|spd|1
|
|-weather|Snowscape|[upkeep]
|-end|p2a: Great Tusk|Magma Storm|[partiallytrapped]|[silent]
|upkeep
|turn|3
|
|t:|1779563871
|switch|p1a: Ninetales|Ninetales-Alola, M, shiny|100/100
|-end|p2a: Great Tusk|Protosynthesis|[silent]
|switch|p2a: Ninetales|Ninetales, M|100/100
|-weather|SunnyDay|[from] ability: Drought|[of] p2a: Ninetales
|
|-weather|SunnyDay|[upkeep]
|upkeep
|turn|4
|
|t:|1779563885
|switch|p2a: Zarude|Zarude-Dada|100/100
|move|p1a: Ninetales|Bitter Malice|p2a: Zarude
|-resisted|p2a: Zarude
|-damage|p2a: Zarude|73/100
|-unboost|p2a: Zarude|atk|1
|-damage|p1a: Ninetales|91/100|[from] item: Life Orb
|
|-weather|SunnyDay|[upkeep]
|-heal|p2a: Zarude|80/100|[from] item: Leftovers
|upkeep
|turn|5
|
|t:|1779563894
|switch|p1a: Ninetales|Ninetales-Alola, M, shiny|50/100
|-weather|Snowscape|[from] ability: Snow Warning|[of] p1a: Ninetales
|move|p2a: Zarude|Knock Off|p1a: Ninetales
|-resisted|p1a: Ninetales
|-damage|p1a: Ninetales|36/100
|-enditem|p1a: Ninetales|Light Clay|[from] move: Knock Off|[of] p2a: Zarude
|
|-weather|Snowscape|[upkeep]
|-heal|p2a: Zarude|86/100|[from] item: Leftovers
|upkeep
|turn|6
|
|t:|1779563901
|switch|p2a: Ninetales|Ninetales, M|100/100
|-weather|SunnyDay|[from] ability: Drought|[of] p2a: Ninetales
|move|p1a: Ninetales|Snowscape|p1a: Ninetales
|-weather|Snowscape
|
|-weather|Snowscape|[upkeep]
|upkeep
|turn|7
|
|t:|1779563907
|switch|p1a: Heatran|Heatran, M|100/100
|move|p2a: Ninetales|Overheat|p1a: Heatran
|-start|p1a: Heatran|ability: Flash Fire
|
|-weather|Snowscape|[upkeep]
|upkeep
|turn|8
|
|t:|1779563912
|switch|p2a: Walking Wake|Walking Wake|100/100
|move|p1a: Heatran|Earth Power|p2a: Walking Wake
|-damage|p2a: Walking Wake|58/100
|
|-weather|Snowscape|[upkeep]
|upkeep
|turn|9
|
|t:|1779563917
|-terastallize|p1a: Heatran|Grass
|move|p2a: Walking Wake|Hydro Steam|p1a: Heatran
|-resisted|p1a: Heatran
|-damage|p1a: Heatran|71/100
|move|p1a: Heatran|Magma Storm|p2a: Walking Wake|[miss]
|-miss|p1a: Heatran|p2a: Walking Wake
|
|-weather|Snowscape|[upkeep]
|upkeep
|turn|10
|
|t:|1779563934
|-end|p2a: Walking Wake|Protosynthesis|[silent]
|switch|p2a: Ninetales|Ninetales, M|100/100
|-weather|SunnyDay|[from] ability: Drought|[of] p2a: Ninetales
|move|p1a: Heatran|Magma Storm|p2a: Ninetales
|-resisted|p2a: Ninetales
|-damage|p2a: Ninetales|37/100
|-activate|p2a: Ninetales|move: Magma Storm|[of] p1a: Heatran
|
|-weather|SunnyDay|[upkeep]
|-damage|p2a: Ninetales|25/100|[from] move: Magma Storm|[partiallytrapped]
|upkeep
|turn|11
|
|t:|1779563940
|move|p2a: Ninetales|Healing Wish|p2a: Ninetales
|faint|p2a: Ninetales
|move|p1a: Heatran|Earth Power|p2: Ninetales|[notarget]
|-fail|p1a: Heatran
|
|-weather|SunnyDay|[upkeep]
|upkeep
|
|t:|1779563945
|switch|p2a: Great Tusk|Great Tusk|3/100
|-heal|p2a: Great Tusk|100/100|[from] move: Healing Wish
|-activate|p2a: Great Tusk|ability: Protosynthesis
|-start|p2a: Great Tusk|protosynthesisatk
|turn|12
|
|t:|1779563951
|-end|p1a: Heatran|ability: Flash Fire|[silent]
|switch|p1a: Ninetales|Ninetales-Alola, M, shiny|36/100
|-weather|Snowscape|[from] ability: Snow Warning|[of] p1a: Ninetales
|-end|p2a: Great Tusk|Protosynthesis
|move|p2a: Great Tusk|Close Combat|p1a: Ninetales
|-damage|p1a: Ninetales|0 fnt
|-unboost|p2a: Great Tusk|def|1
|-unboost|p2a: Great Tusk|spd|1
|faint|p1a: Ninetales
|
|-weather|Snowscape|[upkeep]
|upkeep
|
|t:|1779563956
|switch|p1a: Kyurem|Kyurem|100/100
|-ability|p1a: Kyurem|Pressure
|turn|13
|
|t:|1779563965
|-end|p2a: Great Tusk|Protosynthesis|[silent]
|switch|p2a: Cresselia|Cresselia, F|100/100
|move|p1a: Kyurem|Freeze-Dry|p2a: Cresselia
|-damage|p2a: Cresselia|77/100
|-enditem|p2a: Cresselia|Eject Button
|
|t:|1779563979
|switch|p2a: Walking Wake|Walking Wake|58/100
|
|-weather|Snowscape|[upkeep]
|upkeep
|turn|14
|
|t:|1779563984
|move|p1a: Kyurem|Freeze-Dry|p2a: Walking Wake
|-supereffective|p2a: Walking Wake
|-damage|p2a: Walking Wake|0 fnt
|faint|p2a: Walking Wake
|-end|p2a: Walking Wake|Protosynthesis|[silent]
|
|-weather|Snowscape|[upkeep]
|upkeep
|
|t:|1779563987
|switch|p2a: Ceruledge|Ceruledge, M|100/100
|turn|15
|
|t:|1779563989
|switch|p1a: Heatran|Heatran, M, tera:Grass|71/100
|move|p2a: Ceruledge|Swords Dance|p2a: Ceruledge
|-boost|p2a: Ceruledge|atk|2
|
|-weather|Snowscape|[upkeep]
|upkeep
|turn|16
|
|t:|1779563992
|move|p2a: Ceruledge|Poltergeist|p1a: Heatran
|-activate|p1a: Heatran|move: Poltergeist|Wide Lens
|-damage|p1a: Heatran|0 fnt
|faint|p1a: Heatran
|
|-weather|none
|upkeep
|
|t:|1779563996
|switch|p1a: Avalugg|Avalugg, M|91/100
|turn|17
|
|t:|1779564008
|move|p1a: Avalugg|Bitter Malice|p2a: Ceruledge
|-supereffective|p2a: Ceruledge
|-crit|p2a: Ceruledge
|-enditem|p2a: Ceruledge|Focus Sash
|-damage|p2a: Ceruledge|1/100
|-unboost|p2a: Ceruledge|atk|1
|-damage|p1a: Avalugg|81/100|[from] item: Life Orb
|move|p2a: Ceruledge|Bitter Blade|p1a: Avalugg
|-damage|p1a: Avalugg|0 fnt
|-heal|p2a: Ceruledge|36/100|[from] drain|[of] p1a: Avalugg
|replace|p1a: Zoroark|Zoroark-Hisui, F
|-end|p1a: Zoroark|Illusion
|faint|p1a: Zoroark
|
|upkeep
|
|t:|1779564015
|switch|p1a: Kyurem|Kyurem|100/100
|-ability|p1a: Kyurem|Pressure
|turn|18
|
|t:|1779564024
|move|p1a: Kyurem|Earth Power|p2a: Ceruledge
|-supereffective|p2a: Ceruledge
|-crit|p2a: Ceruledge
|-damage|p2a: Ceruledge|0 fnt
|faint|p2a: Ceruledge
|
|upkeep
|
|t:|1779564027
|switch|p2a: Cresselia|Cresselia, F|77/100
|turn|19
|
|t:|1779564033
|switch|p1a: Cetitan|Cetitan, M, shiny|100/100
|move|p2a: Cresselia|Thunder Wave|p1a: Cetitan
|-status|p1a: Cetitan|par
|
|upkeep
|turn|20
|
|t:|1779564040
|move|p2a: Cresselia|Psychic|p1a: Cetitan
|-damage|p1a: Cetitan|75/100 par
|move|p1a: Cetitan|Belly Drum|p1a: Cetitan
|-damage|p1a: Cetitan|25/100 par
|-setboost|p1a: Cetitan|atk|6|[from] move: Belly Drum
|-enditem|p1a: Cetitan|Sitrus Berry|[eat]
|-heal|p1a: Cetitan|50/100 par|[from] item: Sitrus Berry
|
|upkeep
|turn|21
|
|t:|1779564044
|move|p1a: Cetitan|Ice Shard|p2a: Cresselia
|-damage|p2a: Cresselia|28/100
|move|p2a: Cresselia|Psychic|p1a: Cetitan
|-damage|p1a: Cetitan|25/100 par
|
|upkeep
|turn|22
|
|t:|1779564050
|move|p1a: Cetitan|Ice Shard|p2a: Cresselia
|-damage|p2a: Cresselia|0 fnt
|faint|p2a: Cresselia
|
|upkeep
|
|t:|1779564059
|switch|p2a: Great Tusk|Great Tusk|100/100
|turn|23
|
|t:|1779564066
|-terastallize|p2a: Great Tusk|Fairy
|cant|p1a: Cetitan|par
|move|p2a: Great Tusk|Close Combat|p1a: Cetitan
|-supereffective|p1a: Cetitan
|-damage|p1a: Cetitan|0 fnt
|-unboost|p2a: Great Tusk|def|1
|-unboost|p2a: Great Tusk|spd|1
|faint|p1a: Cetitan
|
|upkeep
|
|t:|1779564070
|switch|p1a: Kyurem|Kyurem|100/100
|-ability|p1a: Kyurem|Pressure
|turn|24
|
|t:|1779564074
|-end|p2a: Great Tusk|Protosynthesis|[silent]
|switch|p2a: Zarude|Zarude-Dada|86/100
|move|p1a: Kyurem|Flash Cannon|p2a: Zarude
|-damage|p2a: Zarude|56/100
|
|-heal|p2a: Zarude|62/100|[from] item: Leftovers
|upkeep
|turn|25
|
|t:|1779564081
|switch|p1a: Avalugg|Avalugg, M|100/100
|move|p2a: Zarude|Knock Off|p1a: Avalugg
|-damage|p1a: Avalugg|83/100
|-damage|p2a: Zarude|46/100|[from] item: Rocky Helmet|[of] p1a: Avalugg
|-enditem|p1a: Avalugg|Rocky Helmet|[from] move: Knock Off|[of] p2a: Zarude
|
|-heal|p2a: Zarude|52/100|[from] item: Leftovers
|upkeep
|turn|26
|
|t:|1779564089
|move|p2a: Zarude|Swords Dance|p2a: Zarude
|-boost|p2a: Zarude|atk|2
|move|p1a: Avalugg|Iron Defense|p1a: Avalugg
|-boost|p1a: Avalugg|def|2
|
|-heal|p2a: Zarude|58/100|[from] item: Leftovers
|upkeep
|turn|27
|
|t:|1779564092
|move|p2a: Zarude|Power Whip|p1a: Avalugg
|-damage|p1a: Avalugg|60/100
|move|p1a: Avalugg|Iron Defense|p1a: Avalugg
|-boost|p1a: Avalugg|def|2
|
|-heal|p2a: Zarude|64/100|[from] item: Leftovers
|upkeep
|turn|28
|
|t:|1779564095
|move|p2a: Zarude|Swords Dance|p2a: Zarude
|-boost|p2a: Zarude|atk|2
|move|p1a: Avalugg|Recover|p1a: Avalugg
|-heal|p1a: Avalugg|100/100
|
|-heal|p2a: Zarude|70/100|[from] item: Leftovers
|upkeep
|turn|29
|
|t:|1779564098
|move|p2a: Zarude|Power Whip|p1a: Avalugg
|-damage|p1a: Avalugg|78/100
|move|p1a: Avalugg|Body Press|p2a: Zarude
|-supereffective|p2a: Zarude
|-damage|p2a: Zarude|0 fnt
|faint|p2a: Zarude
|
|upkeep
|
|t:|1779564101
|switch|p2a: Great Tusk|Great Tusk, tera:Fairy|100/100
|turn|30
|
|t:|1779564103
|move|p2a: Great Tusk|Close Combat|p1a: Avalugg
|-supereffective|p1a: Avalugg
|-damage|p1a: Avalugg|58/100
|-unboost|p2a: Great Tusk|def|1
|-unboost|p2a: Great Tusk|spd|1
|move|p1a: Avalugg|Body Press|p2a: Great Tusk
|-resisted|p2a: Great Tusk
|-damage|p2a: Great Tusk|37/100
|
|upkeep
|turn|31
|
|t:|1779564107
|move|p2a: Great Tusk|Close Combat|p1a: Avalugg
|-supereffective|p1a: Avalugg
|-damage|p1a: Avalugg|38/100
|-unboost|p2a: Great Tusk|def|1
|-unboost|p2a: Great Tusk|spd|1
|move|p1a: Avalugg|Body Press|p2a: Great Tusk
|-resisted|p2a: Great Tusk
|-damage|p2a: Great Tusk|0 fnt
|faint|p2a: Great Tusk
|-end|p2a: Great Tusk|Protosynthesis|[silent]
|
|win|Morthill
|raw|Morthill's rating: 1431 &rarr; <strong>1449</strong><br />(+18 for winning)
|raw|tyflu's rating: 1388 &rarr; <strong>1370</strong><br />(-18 for losing)
|l|‽tyflu
|player|p2|
|l|☆Morthill
|player|p1|
