|j|☆Fiexthur0314
|j|☆Team10thPlanet
|t:|1779559973
|gametype|singles
|player|p1|Fiexthur0314|2|1495
|player|p2|Team10thPlanet|veteran|1499
|gen|9
|tier|[Gen 9] OU
|rated|
|rule|HP Percentage Mod: HP is shown in percentages
|rule|Endless Battle Clause: Forcing endless battles is banned
|rule|Species Clause: Limit one of each Pokémon
|rule|OHKO Clause: OHKO moves are banned
|rule|Evasion Items Clause: Evasion items are banned
|rule|Evasion Moves Clause: Evasion moves are banned
|rule|Evasion Abilities Clause: Evasion abilities are banned
|rule|Sleep Moves Clause: Sleep-inducing moves are banned
|clearpoke
|poke|p1|Pelipper, M|
|poke|p1|Barraskewda, F|
|poke|p1|Tyranitar, F|
|poke|p1|Coalossal, F|
|poke|p1|Thundurus-Therian, M|
|poke|p1|Iron Treads|
|poke|p2|Zamazenta-*|
|poke|p2|Dragonite, M|
|poke|p2|Araquanid, F|
|poke|p2|Iron Treads|
|poke|p2|Raikou|
|poke|p2|Enamorus, F|
|teampreview
|inactive|Battle timer is ON: inactive players will automatically lose when time's up. (requested by Fiexthur0314)
|
|t:|1779559999
|teamsize|p1|6
|teamsize|p2|6
|start
|switch|p1a: Thundurus|Thundurus-Therian, M|100/100
|switch|p2a: Johnny Tsunami 🌊|Araquanid, F|100/100
|turn|1
|
|t:|1779560022
|move|p1a: Thundurus|Volt Switch|p2a: Johnny Tsunami 🌊
|-supereffective|p2a: Johnny Tsunami 🌊
|-damage|p2a: Johnny Tsunami 🌊|30/100
|
|t:|1779560031
|switch|p1a: Pelipper|Pelipper, M|100/100|[from] Volt Switch
|-weather|RainDance|[from] ability: Drizzle|[of] p1a: Pelipper
|move|p2a: Johnny Tsunami 🌊|Sticky Web|p1a: Pelipper
|-sidestart|p1: Fiexthur0314|move: Sticky Web
|
|-weather|RainDance|[upkeep]
|upkeep
|turn|2
|
|t:|1779560047
|move|p1a: Pelipper|Hurricane|p2a: Johnny Tsunami 🌊
|-supereffective|p2a: Johnny Tsunami 🌊
|-damage|p2a: Johnny Tsunami 🌊|0 fnt
|faint|p2a: Johnny Tsunami 🌊
|
|-weather|RainDance|[upkeep]
|upkeep
|
|t:|1779560054
|switch|p2a: Diego ⚡️|Raikou|100/100
|-ability|p2a: Diego ⚡️|Pressure
|turn|3
|
|t:|1779560063
|switch|p1a: Thundurus|Thundurus-Therian, M|100/100
|move|p2a: Diego ⚡️|Scald|p1a: Thundurus
|-damage|p1a: Thundurus|23/100
|
|-weather|RainDance|[upkeep]
|upkeep
|turn|4
|
|t:|1779560077
|switch|p1a: Tyranitar|Tyranitar, F|100/100
|-activate|p1a: Tyranitar|move: Sticky Web
|-unboost|p1a: Tyranitar|spe|1
|-weather|Sandstorm|[from] ability: Sand Stream|[of] p1a: Tyranitar
|move|p2a: Diego ⚡️|Scald|p1a: Tyranitar
|-supereffective|p1a: Tyranitar
|-damage|p1a: Tyranitar|71/100
|
|-weather|Sandstorm|[upkeep]
|-damage|p2a: Diego ⚡️|94/100|[from] Sandstorm
|upkeep
|turn|5
|
|t:|1779560091
|switch|p2a: Iron Treads|Iron Treads|100/100
|-enditem|p2a: Iron Treads|Booster Energy
|-activate|p2a: Iron Treads|ability: Quark Drive|[fromitem]
|-start|p2a: Iron Treads|quarkdrivespe
|move|p1a: Tyranitar|Knock Off|p2a: Iron Treads
|-damage|p2a: Iron Treads|66/100
|
|-weather|Sandstorm|[upkeep]
|upkeep
|turn|6
|
|t:|1779560102
|switch|p1a: Pelipper|Pelipper, M|100/100
|-weather|RainDance|[from] ability: Drizzle|[of] p1a: Pelipper
|move|p2a: Iron Treads|Earthquake|p1a: Pelipper
|-immune|p1a: Pelipper
|
|-weather|RainDance|[upkeep]
|upkeep
|turn|7
|
|t:|1779560131
|-end|p2a: Iron Treads|Quark Drive|[silent]
|switch|p2a: Diego ⚡️|Raikou|94/100
|-ability|p2a: Diego ⚡️|Pressure
|move|p1a: Pelipper|U-turn|p2a: Diego ⚡️
|-damage|p2a: Diego ⚡️|82/100
|
|t:|1779560139
|switch|p1a: Barraskewda|Barraskewda, F|100/100|[from] U-turn
|-activate|p1a: Barraskewda|move: Sticky Web
|-unboost|p1a: Barraskewda|spe|1
|
|-weather|RainDance|[upkeep]
|upkeep
|turn|8
|
|t:|1779560168
|move|p1a: Barraskewda|Liquidation|p2a: Diego ⚡️
|-damage|p2a: Diego ⚡️|0 fnt
|faint|p2a: Diego ⚡️
|
|-weather|RainDance|[upkeep]
|upkeep
|inactive|Team10thPlanet has 120 seconds left.
|
|t:|1779560180
|switch|p2a: Fat Boy|Dragonite, M, shiny|100/100
|turn|9
|
|t:|1779560185
|switch|p1a: Coalossal|Coalossal, F|100/100
|-activate|p1a: Coalossal|move: Sticky Web
|-unboost|p1a: Coalossal|spe|1
|-terastallize|p2a: Fat Boy|Normal
|move|p2a: Fat Boy|Extreme Speed|p1a: Coalossal
|-resisted|p1a: Coalossal
|-damage|p1a: Coalossal|82/100
|-damage|p2a: Fat Boy|84/100|[from] item: Rocky Helmet|[of] p1a: Coalossal
|
|-weather|RainDance|[upkeep]
|upkeep
|turn|10
|
|t:|1779560198
|switch|p2a: Iron Treads|Iron Treads|66/100
|-terastallize|p1a: Coalossal|Grass
|move|p1a: Coalossal|Will-O-Wisp|p2a: Iron Treads
|-status|p2a: Iron Treads|brn
|
|-weather|RainDance|[upkeep]
|-damage|p2a: Iron Treads|60/100 brn|[from] brn
|upkeep
|turn|11
|
|t:|1779560209
|move|p2a: Iron Treads|Knock Off|p1a: Coalossal
|-crit|p1a: Coalossal
|-damage|p1a: Coalossal|70/100
|-damage|p2a: Iron Treads|43/100 brn|[from] item: Rocky Helmet|[of] p1a: Coalossal
|-enditem|p1a: Coalossal|Rocky Helmet|[from] move: Knock Off|[of] p2a: Iron Treads
|move|p1a: Coalossal|Spikes|p2a: Iron Treads
|-sidestart|p2: Team10thPlanet|Spikes
|
|-weather|RainDance|[upkeep]
|-damage|p2a: Iron Treads|37/100 brn|[from] brn
|upkeep
|turn|12
|
|t:|1779560222
|move|p2a: Iron Treads|Endeavor|p1a: Coalossal
|-damage|p1a: Coalossal|28/100
|move|p1a: Coalossal|Spikes|p2a: Iron Treads
|-sidestart|p2: Team10thPlanet|Spikes
|
|-weather|RainDance|[upkeep]
|-damage|p2a: Iron Treads|31/100 brn|[from] brn
|upkeep
|turn|13
|
|t:|1779560239
|switch|p1a: Thundurus|Thundurus-Therian, M|23/100
|move|p2a: Iron Treads|Rapid Spin|p1a: Thundurus
|-damage|p1a: Thundurus|12/100
|-boost|p2a: Iron Treads|spe|1
|-sideend|p2: Team10thPlanet|Spikes|[from] move: Rapid Spin|[of] p2a: Iron Treads
|
|-weather|none
|-damage|p2a: Iron Treads|24/100 brn|[from] brn
|upkeep
|turn|14
|
|t:|1779560250
|move|p2a: Iron Treads|Knock Off|p1a: Thundurus
|-damage|p1a: Thundurus|0 fnt
|-enditem|p1a: Thundurus|Choice Specs|[from] move: Knock Off|[of] p2a: Iron Treads
|faint|p1a: Thundurus
|
|-damage|p2a: Iron Treads|18/100 brn|[from] brn
|upkeep
|
|t:|1779560268
|switch|p1a: Pelipper|Pelipper, M|100/100
|-weather|RainDance|[from] ability: Drizzle|[of] p1a: Pelipper
|turn|15
|
|t:|1779560273
|move|p2a: Iron Treads|Endeavor|p1a: Pelipper
|-damage|p1a: Pelipper|18/100
|move|p1a: Pelipper|U-turn|p2a: Iron Treads
|-resisted|p2a: Iron Treads
|-damage|p2a: Iron Treads|15/100 brn
|
|t:|1779560297
|switch|p1a: Barraskewda|Barraskewda, F|100/100|[from] U-turn
|-activate|p1a: Barraskewda|move: Sticky Web
|-unboost|p1a: Barraskewda|spe|1
|
|-weather|RainDance|[upkeep]
|-damage|p2a: Iron Treads|8/100 brn|[from] brn
|upkeep
|turn|16
|
|t:|1779560305
|move|p2a: Iron Treads|Endeavor|p1a: Barraskewda
|-damage|p1a: Barraskewda|10/100
|move|p1a: Barraskewda|Flip Turn|p2a: Iron Treads
|-supereffective|p2a: Iron Treads
|-damage|p2a: Iron Treads|0 fnt
|faint|p2a: Iron Treads
|-end|p2a: Iron Treads|Quark Drive|[silent]
|
|t:|1779560311
|switch|p1a: Iron Treads|Iron Treads|100/100|[from] Flip Turn
|-activate|p1a: Iron Treads|move: Sticky Web
|-unboost|p1a: Iron Treads|spe|1
|
|-weather|RainDance|[upkeep]
|upkeep
|
|t:|1779560323
|switch|p2a: Zamazenta|Zamazenta|100/100
|-ability|p2a: Zamazenta|Dauntless Shield|boost
|-boost|p2a: Zamazenta|def|1
|turn|17
|
|t:|1779560330
|move|p2a: Zamazenta|Close Combat|p1a: Iron Treads
|-supereffective|p1a: Iron Treads
|-damage|p1a: Iron Treads|0 fnt
|-unboost|p2a: Zamazenta|def|1
|-unboost|p2a: Zamazenta|spd|1
|faint|p1a: Iron Treads
|-end|p1a: Iron Treads|Quark Drive|[silent]
|
|-weather|RainDance|[upkeep]
|upkeep
|
|t:|1779560341
|switch|p1a: Barraskewda|Barraskewda, F|10/100
|-activate|p1a: Barraskewda|move: Sticky Web
|-unboost|p1a: Barraskewda|spe|1
|turn|18
|
|t:|1779560350
|move|p1a: Barraskewda|Flip Turn|p2a: Zamazenta
|-damage|p2a: Zamazenta|26/100
|
|t:|1779560356
|switch|p1a: Pelipper|Pelipper, M|18/100|[from] Flip Turn
|move|p2a: Zamazenta|Close Combat|p1a: Pelipper
|-resisted|p1a: Pelipper
|-damage|p1a: Pelipper|0 fnt
|-unboost|p2a: Zamazenta|def|1
|-unboost|p2a: Zamazenta|spd|1
|faint|p1a: Pelipper
|
|-weather|RainDance|[upkeep]
|upkeep
|
|t:|1779560358
|switch|p1a: Barraskewda|Barraskewda, F|10/100
|-activate|p1a: Barraskewda|move: Sticky Web
|-unboost|p1a: Barraskewda|spe|1
|turn|19
|
|t:|1779560379
|move|p1a: Barraskewda|Liquidation|p2a: Zamazenta
|-damage|p2a: Zamazenta|0 fnt
|faint|p2a: Zamazenta
|
|-weather|RainDance|[upkeep]
|upkeep
|
|t:|1779560388
|switch|p2a: Fat Boy|Dragonite, M, shiny, tera:Normal|84/100
|turn|20
|
|t:|1779560394
|move|p2a: Fat Boy|Extreme Speed|p1a: Barraskewda
|-damage|p1a: Barraskewda|0 fnt
|faint|p1a: Barraskewda
|
|-weather|RainDance|[upkeep]
|upkeep
|
|t:|1779560408
|switch|p1a: Coalossal|Coalossal, F, tera:Grass|28/100
|-activate|p1a: Coalossal|move: Sticky Web
|-unboost|p1a: Coalossal|spe|1
|turn|21
|
|t:|1779560413
|move|p2a: Fat Boy|Extreme Speed|p1a: Coalossal
|-crit|p1a: Coalossal
|-damage|p1a: Coalossal|0 fnt
|faint|p1a: Coalossal
|
|-weather|RainDance|[upkeep]
|upkeep
|
|t:|1779560415
|switch|p1a: Tyranitar|Tyranitar, F|71/100
|-activate|p1a: Tyranitar|move: Sticky Web
|-unboost|p1a: Tyranitar|spe|1
|-weather|Sandstorm|[from] ability: Sand Stream|[of] p1a: Tyranitar
|turn|22
|
|t:|1779560426
|switch|p2a: Enamorus|Enamorus, F|100/100
|move|p1a: Tyranitar|Low Kick|p2a: Enamorus
|-resisted|p2a: Enamorus
|-damage|p2a: Enamorus|92/100
|
|-weather|Sandstorm|[upkeep]
|-damage|p2a: Enamorus|86/100|[from] Sandstorm
|upkeep
|turn|23
|
|t:|1779560437
|move|p2a: Enamorus|Moonblast|p1a: Tyranitar
|-supereffective|p1a: Tyranitar
|-damage|p1a: Tyranitar|33/100
|move|p1a: Tyranitar|Stone Edge|p2a: Enamorus
|-supereffective|p2a: Enamorus
|-damage|p2a: Enamorus|0 fnt
|faint|p2a: Enamorus
|
|-weather|Sandstorm|[upkeep]
|upkeep
|
|t:|1779560447
|switch|p2a: Fat Boy|Dragonite, M, shiny, tera:Normal|84/100
|turn|24
|
|t:|1779560461
|move|p2a: Fat Boy|Outrage|p1a: Tyranitar
|-damage|p1a: Tyranitar|0 fnt
|faint|p1a: Tyranitar
|
|win|Team10thPlanet
|raw|Fiexthur0314's rating: 1495 &rarr; <strong>1475</strong><br />(-20 for losing)
|raw|Team10thPlanet's rating: 1499 &rarr; <strong>1519</strong><br />(+20 for winning)
|l|☆Fiexthur0314
|player|p1|
|l|☆Team10thPlanet
|player|p2|
