|j|☆night law
|j|☆claudechamp
|t:|1779725189
|gametype|singles
|player|p1|night law|266|1233
|player|p2|claudechamp|265|1298
|gen|9
|tier|[Gen 9] OU
|rated|
|rule|HP Percentage Mod: HP is shown in percentages
|rule|Endless Battle Clause: Forcing endless battles is banned
|rule|Species Clause: Limit one of each Pokémon
|rule|OHKO Clause: OHKO moves are banned
|rule|Evasion Items Clause: Evasion items are banned
|rule|Evasion Moves Clause: Evasion moves are banned
|rule|Evasion Abilities Clause: Evasion abilities are banned
|rule|Sleep Moves Clause: Sleep-inducing moves are banned
|clearpoke
|poke|p1|Mamoswine, M|
|poke|p1|Skarmory, M|
|poke|p1|Salamence, M|
|poke|p1|Lanturn, F|
|poke|p1|Medicham, M|
|poke|p1|Clefable, M|
|poke|p2|Gliscor, M|
|poke|p2|Ogerpon, F|
|poke|p2|Walking Wake|
|poke|p2|Blissey, F|
|poke|p2|Corviknight, M|
|poke|p2|Pecharunt|
|teampreview
|c|☆claudechamp|hf
|inactive|Battle timer is ON: inactive players will automatically lose when time's up. (requested by claudechamp)
|
|t:|1779725201
|teamsize|p1|6
|teamsize|p2|6
|start
|switch|p1a: Mamoswine|Mamoswine, M, shiny|100/100
|switch|p2a: Gliscor|Gliscor, M|100/100
|turn|1
|
|t:|1779725212
|move|p1a: Mamoswine|Icicle Crash|p2a: Gliscor
|-supereffective|p2a: Gliscor
|-damage|p2a: Gliscor|0 fnt
|faint|p2a: Gliscor
|-damage|p1a: Mamoswine|91/100|[from] item: Life Orb
|
|upkeep
|
|t:|1779725216
|switch|p2a: Walking Wake|Walking Wake|100/100
|turn|2
|
|t:|1779725221
|switch|p1a: Lanturn|Lanturn, F|100/100
|move|p2a: Walking Wake|Surf|p1a: Lanturn
|-resisted|p1a: Lanturn
|-damage|p1a: Lanturn|86/100
|
|upkeep
|turn|3
|
|t:|1779725231
|move|p2a: Walking Wake|Surf|p1a: Lanturn
|-resisted|p1a: Lanturn
|-damage|p1a: Lanturn|73/100
|move|p1a: Lanturn|Volt Switch|p2a: Walking Wake
|-damage|p2a: Walking Wake|66/100
|
|t:|1779725239
|switch|p1a: Clefable|Clefable, M|100/100|[from] Volt Switch
|
|upkeep
|turn|4
|
|t:|1779725244
|switch|p1a: Lanturn|Lanturn, F|73/100
|move|p2a: Walking Wake|Knock Off|p1a: Lanturn
|-damage|p1a: Lanturn|54/100
|-enditem|p1a: Lanturn|Assault Vest|[from] move: Knock Off|[of] p2a: Walking Wake
|
|upkeep
|turn|5
|
|t:|1779725251
|move|p2a: Walking Wake|Draco Meteor|p1a: Lanturn
|-damage|p1a: Lanturn|0 fnt
|-unboost|p2a: Walking Wake|spa|2
|faint|p1a: Lanturn
|
|upkeep
|
|t:|1779725270
|switch|p1a: Skarmory|Skarmory, M|100/100
|turn|6
|
|t:|1779725274
|move|p2a: Walking Wake|Surf|p1a: Skarmory
|-damage|p1a: Skarmory|68/100
|move|p1a: Skarmory|Stealth Rock|p2a: Walking Wake
|-sidestart|p2: claudechamp|move: Stealth Rock
|
|upkeep
|turn|7
|
|t:|1779725279
|move|p2a: Walking Wake|Surf|p1a: Skarmory
|-damage|p1a: Skarmory|36/100
|move|p1a: Skarmory|Whirlwind|p2a: Walking Wake
|-end|p2a: Walking Wake|Protosynthesis|[silent]
|drag|p2a: Corviknight|Corviknight, M|100/100
|-ability|p2a: Corviknight|Pressure
|
|upkeep
|turn|8
|
|t:|1779725283
|move|p2a: Corviknight|Body Press|p1a: Skarmory
|-damage|p1a: Skarmory|21/100
|-damage|p2a: Corviknight|84/100|[from] item: Rocky Helmet|[of] p1a: Skarmory
|move|p1a: Skarmory|Roost|p1a: Skarmory
|-heal|p1a: Skarmory|71/100
|-singleturn|p1a: Skarmory|move: Roost
|
|upkeep
|turn|9
|
|t:|1779725287
|switch|p2a: Walking Wake|Walking Wake|66/100
|switch|p1a: Salamence|Salamence, M|100/100
|-ability|p1a: Salamence|Intimidate|boost
|-unboost|p2a: Walking Wake|atk|1
|
|upkeep
|turn|10
|
|t:|1779725293
|move|p2a: Walking Wake|Draco Meteor|p1a: Salamence
|-supereffective|p1a: Salamence
|-damage|p1a: Salamence|0 fnt
|-unboost|p2a: Walking Wake|spa|2
|faint|p1a: Salamence
|
|upkeep
|
|t:|1779725296
|switch|p1a: Mamoswine|Mamoswine, M, shiny|91/100
|turn|11
|
|t:|1779725299
|-terastallize|p2a: Walking Wake|Water
|move|p2a: Walking Wake|Surf|p1a: Mamoswine
|-supereffective|p1a: Mamoswine
|-damage|p1a: Mamoswine|7/100
|move|p1a: Mamoswine|Trailblaze|p2a: Walking Wake
|-supereffective|p2a: Walking Wake
|-damage|p2a: Walking Wake|15/100
|-boost|p1a: Mamoswine|spe|1
|-damage|p1a: Mamoswine|0 fnt|[from] item: Life Orb
|faint|p1a: Mamoswine
|
|upkeep
|-message|night law forfeited.
|
|win|claudechamp
|raw|night law's rating: 1233 &rarr; <strong>1211</strong><br />(-22 for losing)
|raw|claudechamp's rating: 1273 &rarr; <strong>1295</strong><br />(+22 for winning)
|c|☆claudechamp|gg
|l|☆night law
|player|p1|
|l|☆claudechamp
|player|p2|
