|j|☆Loverer
|j|☆chiapanco
|t:|1779655034
|gametype|singles
|player|p1|Loverer|koga-lgpe|1320
|player|p2|chiapanco|1|1361
|gen|9
|tier|[Gen 9] OU
|rated|
|rule|HP Percentage Mod: HP is shown in percentages
|rule|Endless Battle Clause: Forcing endless battles is banned
|rule|Species Clause: Limit one of each Pokémon
|rule|OHKO Clause: OHKO moves are banned
|rule|Evasion Items Clause: Evasion items are banned
|rule|Evasion Moves Clause: Evasion moves are banned
|rule|Evasion Abilities Clause: Evasion abilities are banned
|rule|Sleep Moves Clause: Sleep-inducing moves are banned
|clearpoke
|poke|p1|Landorus-Therian, M|
|poke|p1|Passimian, F|
|poke|p1|Pecharunt|
|poke|p1|Darkrai|
|poke|p1|Hatterene, F|
|poke|p1|Raging Bolt|
|poke|p2|Slowking-Galar, F|
|poke|p2|Dragapult, F|
|poke|p2|Garganacl, M|
|poke|p2|Gholdengo|
|poke|p2|Dragonite, F|
|poke|p2|Glimmora, F|
|teampreview
|inactive|Battle timer is ON: inactive players will automatically lose when time's up. (requested by Loverer)
|
|t:|1779655049
|teamsize|p1|6
|teamsize|p2|6
|start
|switch|p1a: Passimian|Passimian, F|100/100
|switch|p2a: Glimmora|Glimmora, F|100/100
|turn|1
|
|t:|1779655055
|move|p2a: Glimmora|Mortal Spin|p1a: Passimian
|-damage|p1a: Passimian|93/100
|-status|p1a: Passimian|psn
|move|p1a: Passimian|Bulk Up|p1a: Passimian
|-boost|p1a: Passimian|atk|1
|-boost|p1a: Passimian|def|1
|
|-damage|p1a: Passimian|81/100 psn|[from] psn
|upkeep
|turn|2
|
|t:|1779655067
|move|p2a: Glimmora|Spikes|p1a: Passimian
|-sidestart|p1: Loverer|Spikes
|move|p1a: Passimian|Knock Off|p2a: Glimmora
|-damage|p2a: Glimmora|44/100
|-activate|p2a: Glimmora|ability: Toxic Debris
|-sidestart|p1: Loverer|move: Toxic Spikes
|-enditem|p2a: Glimmora|Focus Sash|[from] move: Knock Off|[of] p1a: Passimian
|
|-damage|p1a: Passimian|69/100 psn|[from] psn
|upkeep
|turn|3
|
|t:|1779655072
|move|p2a: Glimmora|Spikes|p1a: Passimian
|-sidestart|p1: Loverer|Spikes
|move|p1a: Passimian|Close Combat|p2a: Glimmora
|-damage|p2a: Glimmora|0 fnt
|-unboost|p1a: Passimian|def|1
|-unboost|p1a: Passimian|spd|1
|-activate|p2a: Glimmora|ability: Toxic Debris
|-sidestart|p1: Loverer|move: Toxic Spikes
|faint|p2a: Glimmora
|
|-damage|p1a: Passimian|56/100 psn|[from] psn
|upkeep
|
|t:|1779655079
|switch|p2a: Dragapult|Dragapult, F|100/100
|turn|4
|
|t:|1779655090
|switch|p1a: Landorus|Landorus-Therian, M|100/100
|-ability|p1a: Landorus|Intimidate|boost
|-fail|p2a: Dragapult|unboost|[from] ability: Clear Body|[of] p2a: Dragapult
|move|p2a: Dragapult|Hex|p1a: Landorus
|-damage|p1a: Landorus|67/100
|
|upkeep
|turn|5
|
|t:|1779655097
|move|p2a: Dragapult|Draco Meteor|p1a: Landorus
|-damage|p1a: Landorus|0 fnt
|-unboost|p2a: Dragapult|spa|2
|faint|p1a: Landorus
|
|upkeep
|
|t:|1779655103
|switch|p1a: Pecharunt|Pecharunt|100/100
|-item|p1a: Pecharunt|Air Balloon
|turn|6
|
|t:|1779655113
|move|p2a: Dragapult|Will-O-Wisp|p1a: Pecharunt
|-status|p1a: Pecharunt|brn
|move|p1a: Pecharunt|Malignant Chain|p2a: Dragapult
|-resisted|p2a: Dragapult
|-damage|p2a: Dragapult|80/100
|-status|p2a: Dragapult|tox
|-start|p2a: Dragapult|confusion|[from] ability: Poison Puppeteer|[of] p1a: Pecharunt
|
|-damage|p2a: Dragapult|74/100 tox|[from] psn
|-damage|p1a: Pecharunt|94/100 brn|[from] brn
|upkeep
|turn|7
|
|t:|1779655131
|switch|p2a: Garganacl|Garganacl, M|100/100
|switch|p1a: Passimian|Passimian, F|56/100 psn
|-damage|p1a: Passimian|40/100 psn|[from] Spikes
|
|-damage|p1a: Passimian|27/100 psn|[from] psn
|upkeep
|turn|8
|
|t:|1779655135
|move|p1a: Passimian|Close Combat|p2a: Garganacl
|-supereffective|p2a: Garganacl
|-damage|p2a: Garganacl|41/100
|-unboost|p1a: Passimian|def|1
|-unboost|p1a: Passimian|spd|1
|move|p2a: Garganacl|Stealth Rock|p1a: Passimian
|-sidestart|p1: Loverer|move: Stealth Rock
|
|-heal|p2a: Garganacl|47/100|[from] item: Leftovers
|-damage|p1a: Passimian|15/100 psn|[from] psn
|upkeep
|turn|9
|
|t:|1779655143
|move|p2a: Garganacl|Protect|p2a: Garganacl
|-singleturn|p2a: Garganacl|Protect
|move|p1a: Passimian|Close Combat|p2a: Garganacl
|-activate|p2a: Garganacl|move: Protect
|
|-heal|p2a: Garganacl|53/100|[from] item: Leftovers
|-damage|p1a: Passimian|3/100 psn|[from] psn
|upkeep
|turn|10
|
|t:|1779655153
|move|p1a: Passimian|Knock Off|p2a: Garganacl
|-damage|p2a: Garganacl|37/100
|-enditem|p2a: Garganacl|Leftovers|[from] move: Knock Off|[of] p1a: Passimian
|move|p2a: Garganacl|Recover|p2a: Garganacl
|-heal|p2a: Garganacl|87/100
|
|-damage|p1a: Passimian|0 fnt|[from] psn
|faint|p1a: Passimian
|upkeep
|
|t:|1779655161
|switch|p1a: Pecharunt|Pecharunt|94/100 brn
|-damage|p1a: Pecharunt|82/100 brn|[from] Stealth Rock
|-item|p1a: Pecharunt|Air Balloon
|turn|11
|
|t:|1779655167
|move|p1a: Pecharunt|Shadow Ball|p2a: Garganacl
|-crit|p2a: Garganacl
|-damage|p2a: Garganacl|69/100
|move|p2a: Garganacl|Salt Cure|p1a: Pecharunt
|-damage|p1a: Pecharunt|75/100 brn
|-start|p1a: Pecharunt|Salt Cure
|-enditem|p1a: Pecharunt|Air Balloon
|
|-damage|p1a: Pecharunt|69/100 brn|[from] brn
|-damage|p1a: Pecharunt|57/100 brn|[from] Salt Cure
|upkeep
|turn|12
|
|t:|1779655177
|switch|p1a: Hatterene|Hatterene, F|100/100
|-damage|p1a: Hatterene|84/100|[from] Spikes
|-status|p1a: Hatterene|tox
|-damage|p1a: Hatterene|72/100 tox|[from] Stealth Rock
|move|p2a: Garganacl|Salt Cure|p1a: Hatterene
|-damage|p1a: Hatterene|56/100 tox
|-start|p1a: Hatterene|Salt Cure
|
|-damage|p1a: Hatterene|50/100 tox|[from] psn
|-damage|p1a: Hatterene|37/100 tox|[from] Salt Cure
|upkeep
|turn|13
|
|t:|1779655184
|move|p1a: Hatterene|Nuzzle|p2a: Garganacl
|-damage|p2a: Garganacl|67/100
|move|p2a: Garganacl|Salt Cure|p1a: Hatterene
|-crit|p1a: Hatterene
|-damage|p1a: Hatterene|13/100 tox
|
|-damage|p1a: Hatterene|1/100 tox|[from] psn
|-damage|p1a: Hatterene|0 fnt|[from] Salt Cure
|faint|p1a: Hatterene
|upkeep
|
|t:|1779655188
|switch|p1a: Pecharunt|Pecharunt|57/100 brn
|-damage|p1a: Pecharunt|40/100 brn|[from] Spikes
|-sideend|p1: Loverer|move: Toxic Spikes|[of] p1a: Pecharunt
|-damage|p1a: Pecharunt|28/100 brn|[from] Stealth Rock
|turn|14
|
|t:|1779655196
|switch|p2a: Slowking|Slowking-Galar, F, shiny|100/100
|move|p1a: Pecharunt|Malignant Chain|p2a: Slowking
|-resisted|p2a: Slowking
|-damage|p2a: Slowking|92/100
|
|-damage|p1a: Pecharunt|22/100 brn|[from] brn
|upkeep
|turn|15
|
|t:|1779655199
|move|p1a: Pecharunt|Shadow Ball|p2a: Slowking
|-supereffective|p2a: Slowking
|-damage|p2a: Slowking|65/100
|move|p2a: Slowking|Toxic Spikes|p1a: Pecharunt
|-sidestart|p1: Loverer|move: Toxic Spikes
|
|-damage|p1a: Pecharunt|16/100 brn|[from] brn
|upkeep
|turn|16
|
|t:|1779655203
|move|p1a: Pecharunt|Shadow Ball|p2a: Slowking
|-supereffective|p2a: Slowking
|-damage|p2a: Slowking|37/100
|move|p2a: Slowking|Toxic Spikes|p1a: Pecharunt
|-sidestart|p1: Loverer|move: Toxic Spikes
|
|-damage|p1a: Pecharunt|10/100 brn|[from] brn
|upkeep
|turn|17
|-message|Loverer forfeited.
|
|win|chiapanco
|raw|Loverer's rating: 1320 &rarr; <strong>1302</strong><br />(-18 for losing)
|raw|chiapanco's rating: 1361 &rarr; <strong>1379</strong><br />(+18 for winning)
|l|☆Loverer
|player|p1|
