|j|☆mononinc
|j|☆Jules93
|t:|1779639460
|gametype|singles
|player|p1|mononinc|102|1091
|player|p2|Jules93|hilbert|1090
|gen|9
|tier|[Gen 9] OU
|rated|
|rule|HP Percentage Mod: HP is shown in percentages
|rule|Endless Battle Clause: Forcing endless battles is banned
|rule|Species Clause: Limit one of each Pokémon
|rule|OHKO Clause: OHKO moves are banned
|rule|Evasion Items Clause: Evasion items are banned
|rule|Evasion Moves Clause: Evasion moves are banned
|rule|Evasion Abilities Clause: Evasion abilities are banned
|rule|Sleep Moves Clause: Sleep-inducing moves are banned
|clearpoke
|poke|p1|Sceptile, M|
|poke|p1|Blaziken, F|
|poke|p1|Swampert, F|
|poke|p1|Latias, F|
|poke|p1|Gardevoir, F|
|poke|p1|Metagross|
|poke|p2|Skuntank, M|
|poke|p2|Dusknoir, F|
|poke|p2|Torterra, F|
|poke|p2|Rhyperior, M|
|poke|p2|Empoleon, F|
|poke|p2|Porygon-Z|
|teampreview
|inactive|Battle timer is ON: inactive players will automatically lose when time's up. (requested by mononinc)
|
|t:|1779639466
|teamsize|p1|6
|teamsize|p2|6
|start
|switch|p1a: Swampert|Swampert, F|100/100
|switch|p2a: Skuntank|Skuntank, M|100/100
|turn|1
|
|t:|1779639472
|move|p2a: Skuntank|Knock Off|p1a: Swampert
|-damage|p1a: Swampert|73/100
|-damage|p2a: Skuntank|84/100|[from] item: Rocky Helmet|[of] p1a: Swampert
|-enditem|p1a: Swampert|Rocky Helmet|[from] move: Knock Off|[of] p2a: Skuntank
|move|p1a: Swampert|Earth Power|p2a: Skuntank
|-supereffective|p2a: Skuntank
|-damage|p2a: Skuntank|0 fnt
|faint|p2a: Skuntank
|
|upkeep
|
|t:|1779639481
|switch|p2a: Torterra|Torterra, F|100/100
|turn|2
|
|t:|1779639487
|switch|p1a: Metagross|Metagross|100/100
|move|p2a: Torterra|Shell Smash|p2a: Torterra
|-unboost|p2a: Torterra|def|1
|-unboost|p2a: Torterra|spd|1
|-boost|p2a: Torterra|atk|2
|-boost|p2a: Torterra|spa|2
|-boost|p2a: Torterra|spe|2
|-enditem|p2a: Torterra|White Herb
|-clearnegativeboost|p2a: Torterra|[silent]
|
|upkeep
|turn|3
|c|☆mononinc|Wait lol Gen 3 vs Gen 4 team
|c|☆Jules93|yeah bro
|
|t:|1779639510
|-terastallize|p1a: Metagross|Ground
|move|p2a: Torterra|Headlong Rush|p1a: Metagross
|-damage|p1a: Metagross|3/100
|-unboost|p2a: Torterra|def|1
|-unboost|p2a: Torterra|spd|1
|move|p1a: Metagross|Psychic Fangs|p2a: Torterra
|-damage|p2a: Torterra|0 fnt
|faint|p2a: Torterra
|
|upkeep
|
|t:|1779639527
|switch|p2a: Porygon-Z|Porygon-Z|100/100
|-ability|p2a: Porygon-Z|Download|boost
|-boost|p2a: Porygon-Z|spa|1
|turn|4
|
|t:|1779639532
|switch|p1a: Swampert|Swampert, F|73/100
|move|p2a: Porygon-Z|Ice Beam|p1a: Swampert
|-damage|p1a: Swampert|30/100
|-status|p1a: Swampert|frz
|
|upkeep
|turn|5
|
|t:|1779639543
|switch|p1a: Gardevoir|Gardevoir, F|100/100
|-ability|p1a: Gardevoir|Download|Trace|[from] ability: Trace|[of] p2a: Porygon-Z
|-ability|p1a: Gardevoir|Download|boost
|-boost|p1a: Gardevoir|spa|1
|move|p2a: Porygon-Z|Agility|p2a: Porygon-Z
|-boost|p2a: Porygon-Z|spe|2
|
|upkeep
|turn|6
|
|t:|1779639553
|move|p2a: Porygon-Z|Shadow Ball|p1a: Gardevoir
|-supereffective|p1a: Gardevoir
|-damage|p1a: Gardevoir|39/100
|move|p1a: Gardevoir|Mystical Fire|p2a: Porygon-Z
|-damage|p2a: Porygon-Z|50/100
|-unboost|p2a: Porygon-Z|spa|1
|
|upkeep
|turn|7
|
|t:|1779639564
|switch|p1a: Swampert|Swampert, F|30/100 frz
|-terastallize|p2a: Porygon-Z|Ghost
|move|p2a: Porygon-Z|Shadow Ball|p1a: Swampert
|-damage|p1a: Swampert|0 fnt
|faint|p1a: Swampert
|
|upkeep
|
|t:|1779639575
|switch|p1a: Metagross|Metagross, tera:Ground|3/100
|turn|8
|inactive|Jules93 has 120 seconds left.
|
|t:|1779639608
|move|p1a: Metagross|Bullet Punch|p2a: Porygon-Z
|-damage|p2a: Porygon-Z|0 fnt
|faint|p2a: Porygon-Z
|
|upkeep
|inactive|Jules93 has 120 seconds left.
|
|t:|1779639614
|switch|p2a: Dusknoir|Dusknoir, F|100/100
|-item|p1a: Metagross|Choice Band|[from] ability: Frisk|[of] p2a: Dusknoir
|turn|9
|
|t:|1779639622
|move|p1a: Metagross|Bullet Punch|p2a: Dusknoir
|-damage|p2a: Dusknoir|73/100
|move|p2a: Dusknoir|Leech Life|p1a: Metagross
|-damage|p1a: Metagross|0 fnt
|-heal|p2a: Dusknoir|75/100|[from] drain|[of] p1a: Metagross
|faint|p1a: Metagross
|
|-heal|p2a: Dusknoir|81/100|[from] item: Leftovers
|upkeep
|
|t:|1779639629
|switch|p1a: Sceptile|Sceptile, M|100/100
|turn|10
|
|t:|1779639634
|move|p1a: Sceptile|Crunch|p2a: Dusknoir
|-supereffective|p2a: Dusknoir
|-damage|p2a: Dusknoir|52/100
|move|p2a: Dusknoir|Leech Life|p1a: Sceptile
|-supereffective|p1a: Sceptile
|-damage|p1a: Sceptile|43/100
|-heal|p2a: Dusknoir|80/100|[from] drain|[of] p1a: Sceptile
|-enditem|p1a: Sceptile|Weakness Policy
|-boost|p1a: Sceptile|atk|2|[from] item: Weakness Policy
|-boost|p1a: Sceptile|spa|2|[from] item: Weakness Policy
|
|-heal|p2a: Dusknoir|86/100|[from] item: Leftovers
|upkeep
|turn|11
|
|t:|1779639645
|move|p1a: Sceptile|Crunch|p2a: Dusknoir
|-supereffective|p2a: Dusknoir
|-damage|p2a: Dusknoir|28/100
|move|p2a: Dusknoir|Leech Life|p1a: Sceptile
|-supereffective|p1a: Sceptile
|-damage|p1a: Sceptile|0 fnt
|-heal|p2a: Dusknoir|48/100|[from] drain|[of] p1a: Sceptile
|faint|p1a: Sceptile
|
|-heal|p2a: Dusknoir|55/100|[from] item: Leftovers
|upkeep
|
|t:|1779639657
|switch|p1a: Blaziken|Blaziken, F|100/100
|-item|p1a: Blaziken|Air Balloon
|turn|12
|
|t:|1779639662
|move|p1a: Blaziken|Blaze Kick|p2a: Dusknoir
|-damage|p2a: Dusknoir|24/100
|move|p2a: Dusknoir|Poltergeist|p1a: Blaziken
|-activate|p1a: Blaziken|move: Poltergeist|Air Balloon
|-damage|p1a: Blaziken|35/100
|-enditem|p1a: Blaziken|Air Balloon
|
|-heal|p2a: Dusknoir|30/100|[from] item: Leftovers
|-ability|p1a: Blaziken|Speed Boost|boost
|-boost|p1a: Blaziken|spe|1
|upkeep
|turn|13
|
|t:|1779639673
|move|p1a: Blaziken|Blaze Kick|p2a: Dusknoir|[miss]
|-miss|p1a: Blaziken|p2a: Dusknoir
|move|p2a: Dusknoir|Poltergeist||[still]
|-fail|p2a: Dusknoir
|
|-heal|p2a: Dusknoir|36/100|[from] item: Leftovers
|-ability|p1a: Blaziken|Speed Boost|boost
|-boost|p1a: Blaziken|spe|1
|upkeep
|turn|14
|
|t:|1779639689
|move|p1a: Blaziken|Blaze Kick|p2a: Dusknoir
|-damage|p2a: Dusknoir|2/100
|move|p2a: Dusknoir|Pain Split|p1a: Blaziken
|-sethp|p1a: Blaziken|19/100|[from] move: Pain Split|[silent]
|-sethp|p2a: Dusknoir|19/100|[from] move: Pain Split
|
|-heal|p2a: Dusknoir|25/100|[from] item: Leftovers
|-ability|p1a: Blaziken|Speed Boost|boost
|-boost|p1a: Blaziken|spe|1
|upkeep
|turn|15
|
|t:|1779639698
|move|p1a: Blaziken|Brave Bird|p2a: Dusknoir
|-damage|p2a: Dusknoir|0 fnt
|faint|p2a: Dusknoir
|-damage|p1a: Blaziken|11/100|[from] Recoil
|
|-ability|p1a: Blaziken|Speed Boost|boost
|-boost|p1a: Blaziken|spe|1
|upkeep
|
|t:|1779639710
|switch|p2a: Empoleon|Empoleon, F|100/100
|turn|16
|
|t:|1779639718
|move|p1a: Blaziken|Close Combat|p2a: Empoleon
|-supereffective|p2a: Empoleon
|-damage|p2a: Empoleon|0 fnt
|-unboost|p1a: Blaziken|def|1
|-unboost|p1a: Blaziken|spd|1
|faint|p2a: Empoleon
|
|-ability|p1a: Blaziken|Speed Boost|boost
|-boost|p1a: Blaziken|spe|1
|upkeep
|
|t:|1779639725
|switch|p2a: Rhyperior|Rhyperior, M|100/100
|turn|17
|
|t:|1779639730
|move|p1a: Blaziken|Close Combat|p2a: Rhyperior
|-supereffective|p2a: Rhyperior
|-damage|p2a: Rhyperior|27/100
|-unboost|p1a: Blaziken|def|1
|-unboost|p1a: Blaziken|spd|1
|move|p2a: Rhyperior|Earthquake|p1a: Blaziken
|-supereffective|p1a: Blaziken
|-damage|p1a: Blaziken|0 fnt
|faint|p1a: Blaziken
|
|upkeep
|
|t:|1779639737
|switch|p1a: Latias|Latias, F|100/100
|turn|18
|
|t:|1779639742
|move|p1a: Latias|Mist Ball|p2a: Rhyperior
|-damage|p2a: Rhyperior|0 fnt
|faint|p2a: Rhyperior
|
|win|mononinc
|raw|mononinc's rating: 1091 &rarr; <strong>1117</strong><br />(+26 for winning)
|raw|Jules93's rating: 1090 &rarr; <strong>1067</strong><br />(-23 for losing)
|l|☆Jules93
|player|p2|
|c|☆mononinc|Gg
|l|☆mononinc
|player|p1|
