|j|☆qwerp
|j|‽aaagislash
|t:|1779625332
|gametype|singles
|player|p1|qwerp|gambler|1417
|player|p2|aaagislash|102|1535
|gen|9
|tier|[Gen 9] OU
|rated|
|rule|HP Percentage Mod: HP is shown in percentages
|rule|Endless Battle Clause: Forcing endless battles is banned
|rule|Species Clause: Limit one of each Pokémon
|rule|OHKO Clause: OHKO moves are banned
|rule|Evasion Items Clause: Evasion items are banned
|rule|Evasion Moves Clause: Evasion moves are banned
|rule|Evasion Abilities Clause: Evasion abilities are banned
|rule|Sleep Moves Clause: Sleep-inducing moves are banned
|clearpoke
|poke|p1|Charizard, M|
|poke|p1|Great Tusk|
|poke|p1|Zapdos|
|poke|p1|Heatran, M|
|poke|p1|Samurott-Hisui, M|
|poke|p1|Gliscor, M|
|poke|p2|Zamazenta-*|
|poke|p2|Gastrodon, F|
|poke|p2|Slowking-Galar, M|
|poke|p2|Cetitan, M|
|poke|p2|Dragapult, F|
|poke|p2|Hoopa-Unbound|
|teampreview
|inactive|Battle timer is ON: inactive players will automatically lose when time's up. (requested by qwerp)
|
|t:|1779625352
|teamsize|p1|6
|teamsize|p2|6
|start
|switch|p1a: Gliscor|Gliscor, M|100/100
|switch|p2a: Gastrodon|Gastrodon, F|100/100
|turn|1
|
|t:|1779625357
|move|p1a: Gliscor|Toxic|p2a: Gastrodon
|-status|p2a: Gastrodon|tox
|move|p2a: Gastrodon|Spikes|p1a: Gliscor
|-sidestart|p1: qwerp|Spikes
|
|-damage|p2a: Gastrodon|94/100 tox|[from] psn
|-status|p1a: Gliscor|tox|[from] item: Toxic Orb
|upkeep
|turn|2
|
|t:|1779625362
|move|p1a: Gliscor|Knock Off|p2a: Gastrodon
|-damage|p2a: Gastrodon|75/100 tox
|-activate|p2a: Gastrodon|ability: Sticky Hold
|-enditem|p2a: Gastrodon|Red Card|[of] p1a: Gliscor
|drag|p1a: Zapdos|Zapdos|100/100
|move|p2a: Gastrodon|Stealth Rock|p1a: Zapdos
|-sidestart|p1: qwerp|move: Stealth Rock
|
|-damage|p2a: Gastrodon|62/100 tox|[from] psn
|upkeep
|turn|3
|
|t:|1779625372
|move|p1a: Zapdos|Hurricane|p2a: Gastrodon
|-damage|p2a: Gastrodon|0 fnt
|faint|p2a: Gastrodon
|
|upkeep
|
|t:|1779625375
|switch|p2a: Hoopa|Hoopa-Unbound|100/100
|turn|4
|
|t:|1779625378
|move|p1a: Zapdos|U-turn|p2a: Hoopa
|-supereffective|p2a: Hoopa
|-damage|p2a: Hoopa|35/100
|
|t:|1779625381
|switch|p1a: Heatran|Heatran, M|100/100|[from] U-turn
|-damage|p1a: Heatran|88/100|[from] Spikes
|-damage|p1a: Heatran|76/100|[from] Stealth Rock
|move|p2a: Hoopa|Knock Off|p1a: Heatran
|-damage|p1a: Heatran|20/100
|-enditem|p1a: Heatran|Leftovers|[from] move: Knock Off|[of] p2a: Hoopa
|
|upkeep
|turn|5
|
|t:|1779625390
|switch|p2a: Dragapult|Dragapult, F|100/100
|move|p1a: Heatran|Magma Storm|p2a: Dragapult|[miss]
|-miss|p1a: Heatran|p2a: Dragapult
|
|upkeep
|turn|6
|
|t:|1779625393
|move|p1a: Heatran|Magma Storm|p2a: Dragapult
|-resisted|p2a: Dragapult
|-damage|p2a: Dragapult|72/100
|-activate|p2a: Dragapult|move: Magma Storm|[of] p1a: Heatran
|move|p2a: Dragapult|Dragon Tail|p1a: Heatran
|-resisted|p1a: Heatran
|-damage|p1a: Heatran|11/100
|drag|p1a: Zapdos|Zapdos|100/100
|
|-end|p2a: Dragapult|Magma Storm|[partiallytrapped]|[silent]
|upkeep
|turn|7
|
|t:|1779625400
|move|p2a: Dragapult|Will-O-Wisp|p1a: Zapdos
|-status|p1a: Zapdos|brn
|move|p1a: Zapdos|Discharge|p2a: Dragapult
|-resisted|p2a: Dragapult
|-damage|p2a: Dragapult|40/100
|
|-damage|p1a: Zapdos|94/100 brn|[from] brn
|upkeep
|turn|8
|
|t:|1779625406
|switch|p2a: Slowking|Slowking-Galar, M|100/100
|move|p1a: Zapdos|Discharge|p2a: Slowking
|-damage|p2a: Slowking|70/100
|
|-damage|p1a: Zapdos|88/100 brn|[from] brn
|upkeep
|turn|9
|
|t:|1779625410
|move|p1a: Zapdos|U-turn|p2a: Slowking
|-damage|p2a: Slowking|64/100
|
|t:|1779625413
|switch|p1a: Heatran|Heatran, M|11/100|[from] U-turn
|-damage|p1a: Heatran|0 fnt|[from] Spikes
|faint|p1a: Heatran
|move|p2a: Slowking|Future Sight|p1: Heatran
|-start|p2a: Slowking|move: Future Sight
|
|upkeep
|
|t:|1779625415
|switch|p1a: Samurott|Samurott-Hisui, M|100/100
|-damage|p1a: Samurott|88/100|[from] Spikes
|-damage|p1a: Samurott|75/100|[from] Stealth Rock
|turn|10
|
|t:|1779625418
|switch|p2a: Zamazenta|Zamazenta|100/100
|-ability|p2a: Zamazenta|Dauntless Shield|boost
|-boost|p2a: Zamazenta|def|1
|move|p1a: Samurott|Ceaseless Edge|p2a: Zamazenta
|-resisted|p2a: Zamazenta
|-damage|p2a: Zamazenta|91/100
|-sidestart|p2: aaagislash|Spikes
|
|-heal|p2a: Zamazenta|97/100|[from] item: Leftovers
|upkeep
|turn|11
|
|t:|1779625428
|move|p1a: Samurott|Knock Off|p2a: Zamazenta
|-resisted|p2a: Zamazenta
|-damage|p2a: Zamazenta|87/100
|-enditem|p2a: Zamazenta|Leftovers|[from] move: Knock Off|[of] p1a: Samurott
|move|p2a: Zamazenta|Roar|p1a: Samurott
|drag|p1a: Zapdos|Zapdos|88/100 brn
|
|-end|p1a: Zapdos|move: Future Sight
|-damage|p1a: Zapdos|43/100 brn
|-damage|p1a: Zapdos|36/100 brn|[from] brn
|upkeep
|turn|12
|
|t:|1779625436
|move|p1a: Zapdos|Roost|p1a: Zapdos
|-heal|p1a: Zapdos|86/100 brn
|-singleturn|p1a: Zapdos|move: Roost
|move|p2a: Zamazenta|Roar|p1a: Zapdos
|drag|p1a: Charizard|Charizard, M|100/100
|-damage|p1a: Charizard|50/100|[from] Stealth Rock
|-enditem|p1a: Charizard|Sitrus Berry|[eat]
|-heal|p1a: Charizard|75/100|[from] item: Sitrus Berry
|
|upkeep
|turn|13
|
|t:|1779625442
|move|p2a: Zamazenta|Iron Defense|p2a: Zamazenta
|-boost|p2a: Zamazenta|def|2
|move|p1a: Charizard|Acrobatics|p2a: Zamazenta
|-supereffective|p2a: Zamazenta
|-damage|p2a: Zamazenta|57/100
|
|upkeep
|turn|14
|
|t:|1779625460
|-terastallize|p2a: Zamazenta|Steel
|move|p2a: Zamazenta|Iron Defense|p2a: Zamazenta
|-boost|p2a: Zamazenta|def|2
|move|p1a: Charizard|Flame Charge|p2a: Zamazenta
|-supereffective|p2a: Zamazenta
|-damage|p2a: Zamazenta|48/100
|-boost|p1a: Charizard|spe|1
|
|upkeep
|turn|15
|
|t:|1779625468
|move|p1a: Charizard|Belly Drum|p1a: Charizard
|-damage|p1a: Charizard|25/100
|-setboost|p1a: Charizard|atk|6|[from] move: Belly Drum
|move|p2a: Zamazenta|Iron Defense|p2a: Zamazenta
|-boost|p2a: Zamazenta|def|1
|
|upkeep
|turn|16
|
|t:|1779625471
|move|p1a: Charizard|Earthquake|p2a: Zamazenta
|-supereffective|p2a: Zamazenta
|-damage|p2a: Zamazenta|4/100
|move|p2a: Zamazenta|Roar|p1a: Charizard
|drag|p1a: Great Tusk|Great Tusk|100/100
|-damage|p1a: Great Tusk|88/100|[from] Spikes
|-damage|p1a: Great Tusk|85/100|[from] Stealth Rock
|
|-heal|p1a: Great Tusk|91/100|[from] item: Leftovers
|upkeep
|turn|17
|
|t:|1779625478
|move|p2a: Zamazenta|Body Press|p1a: Great Tusk
|-damage|p1a: Great Tusk|34/100
|move|p1a: Great Tusk|Rapid Spin|p2a: Zamazenta
|-resisted|p2a: Zamazenta
|-damage|p2a: Zamazenta|3/100
|-boost|p1a: Great Tusk|spe|1
|-sideend|p1: qwerp|Spikes|[from] move: Rapid Spin|[of] p1a: Great Tusk
|-sideend|p1: qwerp|Stealth Rock|[from] move: Rapid Spin|[of] p1a: Great Tusk
|
|-heal|p1a: Great Tusk|41/100|[from] item: Leftovers
|upkeep
|turn|18
|
|t:|1779625485
|-end|p1a: Great Tusk|Protosynthesis|[silent]
|switch|p1a: Gliscor|Gliscor, M|100/100 tox
|move|p2a: Zamazenta|Body Press|p1a: Gliscor
|-resisted|p1a: Gliscor
|-damage|p1a: Gliscor|66/100 tox
|
|-heal|p1a: Gliscor|78/100 tox|[from] ability: Poison Heal
|upkeep
|turn|19
|
|t:|1779625493
|move|p1a: Gliscor|Earthquake|p2a: Zamazenta
|-supereffective|p2a: Zamazenta
|-damage|p2a: Zamazenta|0 fnt
|faint|p2a: Zamazenta
|
|-heal|p1a: Gliscor|91/100 tox|[from] ability: Poison Heal
|upkeep
|
|t:|1779625498
|switch|p2a: Cetitan|Cetitan, M|100/100
|-damage|p2a: Cetitan|88/100|[from] Spikes
|turn|20
|
|t:|1779625502
|-terastallize|p1a: Gliscor|Water
|move|p2a: Cetitan|Ice Spinner|p1a: Gliscor
|-resisted|p1a: Gliscor
|-damage|p1a: Gliscor|71/100 tox
|move|p1a: Gliscor|Toxic|p2a: Cetitan
|-status|p2a: Cetitan|tox
|
|-damage|p2a: Cetitan|82/100 tox|[from] psn
|-heal|p1a: Gliscor|84/100 tox|[from] ability: Poison Heal
|upkeep
|turn|21
|-message|aaagislash forfeited.
|
|win|qwerp
|raw|qwerp's rating: 1417 &rarr; <strong>1444</strong><br />(+27 for winning)
|raw|aaagislash's rating: 1535 &rarr; <strong>1508</strong><br />(-27 for losing)
|l|‽aaagislash
|player|p2|
