|j|☆Cheesefriezz
|j|☆Rapirak
|t:|1779590045
|gametype|singles
|player|p1|Cheesefriezz|n|1124
|player|p2|Rapirak|169|1073
|gen|9
|tier|[Gen 9] OU
|rated|
|rule|HP Percentage Mod: HP is shown in percentages
|rule|Endless Battle Clause: Forcing endless battles is banned
|rule|Species Clause: Limit one of each Pokémon
|rule|OHKO Clause: OHKO moves are banned
|rule|Evasion Items Clause: Evasion items are banned
|rule|Evasion Moves Clause: Evasion moves are banned
|rule|Evasion Abilities Clause: Evasion abilities are banned
|rule|Sleep Moves Clause: Sleep-inducing moves are banned
|clearpoke
|poke|p1|Samurott-Hisui, M|
|poke|p1|Leafeon, M|
|poke|p1|Moltres|
|poke|p1|Ninetales, F|
|poke|p1|Kommo-o, M|
|poke|p1|Krookodile, F|
|poke|p2|Staraptor, M|
|poke|p2|Dragapult, F|
|poke|p2|Garchomp, F|
|poke|p2|Galvantula, M|
|poke|p2|Ninetales, F|
|poke|p2|Glimmora, F|
|teampreview
|inactive|Battle timer is ON: inactive players will automatically lose when time's up. (requested by Rapirak)
|
|t:|1779590051
|teamsize|p1|6
|teamsize|p2|6
|start
|switch|p1a: Gabriel|Krookodile, F|100/100
|switch|p2a: Galvantula|Galvantula, M|100/100
|-ability|p1a: Gabriel|Intimidate|boost
|-unboost|p2a: Galvantula|atk|1
|turn|1
|
|t:|1779590055
|move|p2a: Galvantula|Sticky Web|p1a: Gabriel
|-sidestart|p1: Cheesefriezz|move: Sticky Web
|move|p1a: Gabriel|Stealth Rock|p2a: Galvantula
|-sidestart|p2: Rapirak|move: Stealth Rock
|
|upkeep
|turn|2
|
|t:|1779590060
|move|p2a: Galvantula|Bug Buzz|p1a: Gabriel
|-supereffective|p1a: Gabriel
|-damage|p1a: Gabriel|4/100
|move|p1a: Gabriel|Knock Off|p2a: Galvantula
|-damage|p2a: Galvantula|7/100
|-enditem|p2a: Galvantula|Focus Sash|[from] move: Knock Off|[of] p1a: Gabriel
|
|-heal|p1a: Gabriel|10/100|[from] item: Leftovers
|upkeep
|turn|3
|
|t:|1779590076
|move|p2a: Galvantula|Giga Drain|p1a: Gabriel
|-supereffective|p1a: Gabriel
|-damage|p1a: Gabriel|0 fnt
|-heal|p2a: Galvantula|13/100|[from] drain|[of] p1a: Gabriel
|faint|p1a: Gabriel
|
|upkeep
|
|t:|1779590080
|switch|p1a: six tails|Ninetales, F, shiny|100/100
|-activate|p1a: six tails|move: Sticky Web
|-unboost|p1a: six tails|spe|1
|-weather|SunnyDay|[from] ability: Drought|[of] p1a: six tails
|turn|4
|
|t:|1779590084
|move|p2a: Galvantula|Discharge|p1a: six tails
|-damage|p1a: six tails|60/100
|move|p1a: six tails|Weather Ball|p2a: Galvantula
|-supereffective|p2a: Galvantula
|-damage|p2a: Galvantula|0 fnt
|faint|p2a: Galvantula
|
|-weather|SunnyDay|[upkeep]
|upkeep
|
|t:|1779590089
|switch|p2a: Glimmora|Glimmora, F|100/100
|-damage|p2a: Glimmora|88/100|[from] Stealth Rock
|turn|5
|
|t:|1779590093
|move|p1a: six tails|Will-O-Wisp|p2a: Glimmora
|-status|p2a: Glimmora|brn
|move|p2a: Glimmora|Mortal Spin|p1a: six tails
|-damage|p1a: six tails|55/100
|-status|p1a: six tails|psn
|-sideend|p2: Rapirak|Stealth Rock|[from] move: Mortal Spin|[of] p2a: Glimmora
|
|-weather|SunnyDay|[upkeep]
|-damage|p1a: six tails|42/100 psn|[from] psn
|-damage|p2a: Glimmora|82/100 brn|[from] brn
|upkeep
|turn|6
|
|t:|1779590102
|move|p2a: Glimmora|Spiky Shield|p2a: Glimmora
|-singleturn|p2a: Glimmora|move: Protect
|move|p1a: six tails|Hex|p2a: Glimmora
|-activate|p2a: Glimmora|move: Protect
|
|-weather|SunnyDay|[upkeep]
|-damage|p1a: six tails|30/100 psn|[from] psn
|-damage|p2a: Glimmora|76/100 brn|[from] brn
|upkeep
|turn|7
|
|t:|1779590108
|move|p1a: six tails|Hex|p2a: Glimmora
|-damage|p2a: Glimmora|43/100 brn
|move|p2a: Glimmora|Mortal Spin|p1a: six tails
|-damage|p1a: six tails|26/100 psn
|
|-weather|SunnyDay|[upkeep]
|-damage|p1a: six tails|13/100 psn|[from] psn
|-damage|p2a: Glimmora|37/100 brn|[from] brn
|upkeep
|turn|8
|
|t:|1779590131
|move|p2a: Glimmora|Spiky Shield|p2a: Glimmora
|-singleturn|p2a: Glimmora|move: Protect
|move|p1a: six tails|Encore|p2a: Glimmora
|-activate|p2a: Glimmora|move: Protect
|
|-weather|SunnyDay|[upkeep]
|-damage|p1a: six tails|1/100 psn|[from] psn
|-damage|p2a: Glimmora|30/100 brn|[from] brn
|upkeep
|turn|9
|
|t:|1779590141
|move|p2a: Glimmora|Spiky Shield||[still]
|-fail|p2a: Glimmora
|move|p1a: six tails|Encore|p2a: Glimmora
|-start|p2a: Glimmora|Encore
|
|-weather|SunnyDay|[upkeep]
|-damage|p1a: six tails|0 fnt|[from] psn
|faint|p1a: six tails
|-damage|p2a: Glimmora|24/100 brn|[from] brn
|upkeep
|
|t:|1779590148
|switch|p1a: Iggy|Kommo-o, M|100/100
|-activate|p1a: Iggy|move: Sticky Web
|-unboost|p1a: Iggy|spe|1
|turn|10
|
|t:|1779590153
|switch|p2a: Staraptor|Staraptor, M|100/100
|-terastallize|p1a: Iggy|Normal
|move|p1a: Iggy|Clangorous Soul|p1a: Iggy
|-boost|p1a: Iggy|atk|1
|-boost|p1a: Iggy|def|1
|-boost|p1a: Iggy|spa|1
|-boost|p1a: Iggy|spd|1
|-boost|p1a: Iggy|spe|1
|-damage|p1a: Iggy|68/100
|-enditem|p1a: Iggy|Throat Spray
|-boost|p1a: Iggy|spa|1|[from] item: Throat Spray
|
|-weather|SunnyDay|[upkeep]
|upkeep
|turn|11
|
|t:|1779590166
|move|p2a: Staraptor|Final Gambit|p1a: Iggy
|-damage|p1a: Iggy|0 fnt
|faint|p2a: Staraptor
|faint|p1a: Iggy
|
|-weather|none
|upkeep
|
|t:|1779590185
|switch|p2a: Dragapult|Dragapult, F|100/100
|switch|p1a: Ima dive in|Samurott-Hisui, M|100/100
|-activate|p1a: Ima dive in|move: Sticky Web
|-unboost|p1a: Ima dive in|spe|1
|turn|12
|inactive|Rapirak has 120 seconds left.
|inactive|Rapirak has 90 seconds left.
|inactive|Rapirak has 60 seconds left.
|
|t:|1779590289
|move|p2a: Dragapult|Dragon Dance|p2a: Dragapult
|-boost|p2a: Dragapult|atk|1
|-boost|p2a: Dragapult|spe|1
|move|p1a: Ima dive in|Ceaseless Edge|p2a: Dragapult
|-supereffective|p2a: Dragapult
|-enditem|p2a: Dragapult|Focus Sash
|-damage|p2a: Dragapult|1/100
|-sidestart|p2: Rapirak|Spikes
|
|upkeep
|turn|13
|
|t:|1779590296
|move|p1a: Ima dive in|Sucker Punch|p2a: Dragapult
|-supereffective|p2a: Dragapult
|-damage|p2a: Dragapult|0 fnt
|faint|p2a: Dragapult
|
|upkeep
|
|t:|1779590304
|switch|p2a: Glimmora|Glimmora, F|24/100 brn
|-damage|p2a: Glimmora|12/100 brn|[from] Spikes
|turn|14
|
|t:|1779590308
|move|p2a: Glimmora|Spiky Shield|p2a: Glimmora
|-singleturn|p2a: Glimmora|move: Protect
|move|p1a: Ima dive in|Razor Shell|p2a: Glimmora
|-activate|p2a: Glimmora|move: Protect
|-damage|p1a: Ima dive in|88/100|[from] Spiky Shield|[of] p2a: Glimmora
|
|-damage|p2a: Glimmora|6/100 brn|[from] brn
|upkeep
|turn|15
|
|t:|1779590316
|move|p1a: Ima dive in|Sucker Punch|p2a: Glimmora
|-damage|p2a: Glimmora|0 fnt
|-activate|p2a: Glimmora|ability: Toxic Debris
|-sidestart|p1: Cheesefriezz|move: Toxic Spikes
|faint|p2a: Glimmora
|
|upkeep
|
|t:|1779590321
|switch|p2a: Garchomp|Garchomp, F|100/100
|-damage|p2a: Garchomp|88/100|[from] Spikes
|turn|16
|
|t:|1779590328
|-terastallize|p2a: Garchomp|Fairy
|move|p2a: Garchomp|Swords Dance|p2a: Garchomp
|-boost|p2a: Garchomp|atk|2
|move|p1a: Ima dive in|Ceaseless Edge|p2a: Garchomp
|-resisted|p2a: Garchomp
|-damage|p2a: Garchomp|65/100
|-damage|p1a: Ima dive in|76/100|[from] ability: Rough Skin|[of] p2a: Garchomp
|-sidestart|p2: Rapirak|Spikes
|
|upkeep
|turn|17
|
|t:|1779590336
|move|p2a: Garchomp|Scale Shot|p1a: Ima dive in
|-crit|p1a: Ima dive in
|-damage|p1a: Ima dive in|27/100
|-damage|p1a: Ima dive in|0 fnt
|faint|p1a: Ima dive in
|-hitcount|p1: Ima dive in|2
|-unboost|p2a: Garchomp|def|1
|-boost|p2a: Garchomp|spe|1
|
|upkeep
|
|t:|1779590341
|switch|p1a: Supa Hot Fire|Moltres|100/100
|turn|18
|
|t:|1779590345
|move|p2a: Garchomp|Scale Shot|p1a: Supa Hot Fire
|-damage|p1a: Supa Hot Fire|75/100
|-damage|p1a: Supa Hot Fire|50/100
|-damage|p1a: Supa Hot Fire|24/100
|-damage|p1a: Supa Hot Fire|0 fnt
|faint|p1a: Supa Hot Fire
|-hitcount|p1: Supa Hot Fire|4
|-unboost|p2a: Garchomp|def|1
|-boost|p2a: Garchomp|spe|1
|
|upkeep
|
|t:|1779590353
|switch|p1a: Melo|Leafeon, M, shiny|100/100
|-activate|p1a: Melo|move: Sticky Web
|-unboost|p1a: Melo|spe|1
|-status|p1a: Melo|psn
|turn|19
|
|t:|1779590356
|move|p2a: Garchomp|Fire Fang|p1a: Melo
|-supereffective|p1a: Melo
|-damage|p1a: Melo|12/100 psn
|move|p1a: Melo|Leaf Blade|p2a: Garchomp
|-damage|p2a: Garchomp|0 fnt
|-damage|p1a: Melo|0 fnt|[from] ability: Rough Skin|[of] p2a: Garchomp
|faint|p2a: Garchomp
|faint|p1a: Melo
|
|win|Rapirak
|raw|Cheesefriezz's rating: 1124 &rarr; <strong>1095</strong><br />(-29 for losing)
|raw|Rapirak's rating: 1073 &rarr; <strong>1106</strong><br />(+33 for winning)
