|j|☆greninjio
|j|☆SaveBees
|t:|1779659247
|gametype|singles
|player|p1|greninjio|1|1603
|player|p2|SaveBees|102|1600
|gen|9
|tier|[Gen 9] OU
|rated|
|rule|HP Percentage Mod: HP is shown in percentages
|rule|Endless Battle Clause: Forcing endless battles is banned
|rule|Species Clause: Limit one of each Pokémon
|rule|OHKO Clause: OHKO moves are banned
|rule|Evasion Items Clause: Evasion items are banned
|rule|Evasion Moves Clause: Evasion moves are banned
|rule|Evasion Abilities Clause: Evasion abilities are banned
|rule|Sleep Moves Clause: Sleep-inducing moves are banned
|clearpoke
|poke|p1|Ursaluna, F|
|poke|p1|Dragapult, M|
|poke|p1|Alomomola, F|
|poke|p1|Kingambit, M|
|poke|p1|Great Tusk|
|poke|p1|Moltres|
|poke|p2|Gliscor, M|
|poke|p2|Heatran, M|
|poke|p2|Sinistcha|
|poke|p2|Corviknight, M|
|poke|p2|Tentacruel, F|
|poke|p2|Darkrai|
|teampreview
|inactive|Battle timer is ON: inactive players will automatically lose when time's up. (requested by greninjio)
|
|t:|1779659263
|teamsize|p1|6
|teamsize|p2|6
|start
|switch|p1a: Kingambit|Kingambit, M|100/100
|switch|p2a: Hades|Gliscor, M|100/100
|turn|1
|
|t:|1779659273
|-end|p1a: Kingambit|fallenundefined|[silent]
|switch|p1a: Ursaluna|Ursaluna, F|100/100
|move|p2a: Hades|Earthquake|p1a: Ursaluna
|-damage|p1a: Ursaluna|77/100
|
|-status|p2a: Hades|tox|[from] item: Toxic Orb
|-status|p1a: Ursaluna|brn|[from] item: Flame Orb
|upkeep
|turn|2
|
|t:|1779659285
|switch|p2a: Ares|Corviknight, M|100/100
|-ability|p2a: Ares|Pressure
|move|p1a: Ursaluna|Swords Dance|p1a: Ursaluna
|-boost|p1a: Ursaluna|atk|2
|
|-damage|p1a: Ursaluna|70/100 brn|[from] brn
|upkeep
|turn|3
|
|t:|1779659287
|move|p1a: Ursaluna|Fire Punch|p2a: Ares
|-supereffective|p2a: Ares
|-damage|p2a: Ares|0 fnt
|-damage|p1a: Ursaluna|54/100 brn|[from] item: Rocky Helmet|[of] p2a: Ares
|faint|p2a: Ares
|
|-damage|p1a: Ursaluna|48/100 brn|[from] brn
|upkeep
|
|t:|1779659291
|switch|p2a: Hypnos|Darkrai|100/100
|turn|4
|
|t:|1779659299
|switch|p1a: Moltres|Moltres|100/100
|move|p2a: Hypnos|Ice Beam|p1a: Moltres
|-damage|p1a: Moltres|76/100
|-status|p1a: Moltres|frz
|
|upkeep
|turn|5
|
|t:|1779659305
|switch|p2a: Hephaestus|Heatran, M|100/100
|cant|p1a: Moltres|frz
|
|upkeep
|turn|6
|
|t:|1779659311
|move|p2a: Hephaestus|Stealth Rock|p1a: Moltres
|-sidestart|p1: greninjio|move: Stealth Rock
|cant|p1a: Moltres|frz
|
|upkeep
|turn|7
|
|t:|1779659314
|switch|p2a: Tartarus|Tentacruel, F, shiny|100/100
|-curestatus|p1a: Moltres|frz|[msg]
|move|p1a: Moltres|U-turn|p2a: Tartarus
|-resisted|p2a: Tartarus
|-damage|p2a: Tartarus|88/100
|
|t:|1779659321
|switch|p1a: Kingambit|Kingambit, M|100/100|[from] U-turn
|-damage|p1a: Kingambit|94/100|[from] Stealth Rock
|
|upkeep
|turn|8
|
|t:|1779659326
|switch|p2a: Hephaestus|Heatran, M|100/100
|move|p1a: Kingambit|Kowtow Cleave|p2a: Hephaestus
|-damage|p2a: Hephaestus|52/100
|
|-heal|p2a: Hephaestus|59/100|[from] item: Leftovers
|upkeep
|turn|9
|
|t:|1779659346
|-end|p1a: Kingambit|fallenundefined|[silent]
|switch|p1a: Alomomola|Alomomola, F|100/100
|move|p2a: Hephaestus|Magma Storm|p1a: Alomomola|[miss]
|-miss|p2a: Hephaestus|p1a: Alomomola
|
|-heal|p2a: Hephaestus|65/100|[from] item: Leftovers
|upkeep
|turn|10
|
|t:|1779659352
|move|p2a: Hephaestus|Will-O-Wisp|p1a: Alomomola|[miss]
|-miss|p2a: Hephaestus|p1a: Alomomola
|move|p1a: Alomomola|Flip Turn|p2a: Hephaestus
|-supereffective|p2a: Hephaestus
|-damage|p2a: Hephaestus|35/100
|
|t:|1779659366
|switch|p1a: Dragapult|Dragapult, M|100/100|[from] Flip Turn
|-damage|p1a: Dragapult|88/100|[from] Stealth Rock
|
|-heal|p2a: Hephaestus|41/100|[from] item: Leftovers
|upkeep
|turn|11
|
|t:|1779659380
|switch|p2a: Tartarus|Tentacruel, F, shiny|88/100
|-terastallize|p1a: Dragapult|Ghost
|move|p1a: Dragapult|Shadow Ball|p2a: Tartarus
|-damage|p2a: Tartarus|20/100
|
|upkeep
|turn|12
|
|t:|1779659398
|move|p1a: Dragapult|Shadow Ball|p2a: Tartarus
|-damage|p2a: Tartarus|0 fnt
|faint|p2a: Tartarus
|
|upkeep
|
|t:|1779659400
|switch|p2a: Hypnos|Darkrai|100/100
|turn|13
|
|t:|1779659424
|switch|p1a: Great Tusk|Great Tusk|100/100
|-terastallize|p2a: Hypnos|Dark
|move|p2a: Hypnos|Knock Off|p1a: Great Tusk
|-resisted|p1a: Great Tusk
|-damage|p1a: Great Tusk|85/100
|-enditem|p1a: Great Tusk|Heavy-Duty Boots|[from] move: Knock Off|[of] p2a: Hypnos
|
|upkeep
|turn|14
|
|t:|1779659434
|switch|p2a: Dionysus|Sinistcha|100/100
|move|p1a: Great Tusk|Rapid Spin|p2a: Dionysus
|-immune|p2a: Dionysus
|
|upkeep
|turn|15
|
|t:|1779659439
|-end|p1a: Great Tusk|Protosynthesis|[silent]
|switch|p1a: Moltres|Moltres|76/100
|move|p2a: Dionysus|Matcha Gotcha|p1a: Moltres
|-resisted|p1a: Moltres
|-damage|p1a: Moltres|70/100
|
|upkeep
|turn|16
|
|t:|1779659452
|move|p2a: Dionysus|Shadow Ball|p1a: Moltres
|-damage|p1a: Moltres|49/100
|-unboost|p1a: Moltres|spd|1
|move|p1a: Moltres|Brave Bird|p2a: Dionysus
|-supereffective|p2a: Dionysus
|-damage|p2a: Dionysus|43/100
|-damage|p1a: Moltres|32/100|[from] Recoil
|
|upkeep
|turn|17
|-message|SaveBees forfeited.
|
|win|greninjio
|raw|greninjio's rating: 1603 &rarr; <strong>1623</strong><br />(+20 for winning)
|raw|SaveBees's rating: 1600 &rarr; <strong>1580</strong><br />(-20 for losing)
|l|☆SaveBees
|player|p2|
|l|☆greninjio
|player|p1|
