|j|☆huuuehuueekk
|j|☆Asadoborn
|t:|1779593928
|gametype|singles
|player|p1|huuuehuueekk|steven|1081
|player|p2|Asadoborn|kimonogirl|1070
|gen|9
|tier|[Gen 9] OU
|rated|
|rule|HP Percentage Mod: HP is shown in percentages
|rule|Endless Battle Clause: Forcing endless battles is banned
|rule|Species Clause: Limit one of each Pokémon
|rule|OHKO Clause: OHKO moves are banned
|rule|Evasion Items Clause: Evasion items are banned
|rule|Evasion Moves Clause: Evasion moves are banned
|rule|Evasion Abilities Clause: Evasion abilities are banned
|rule|Sleep Moves Clause: Sleep-inducing moves are banned
|clearpoke
|poke|p1|Suicune|
|poke|p1|Dragonite, M|
|poke|p1|Cinderace, M|
|poke|p1|Zamazenta-*|
|poke|p1|Pecharunt|
|poke|p1|Zapdos-Galar|
|poke|p2|Orthworm, M|
|poke|p2|Cinderace, F|
|poke|p2|Dachsbun, M|
|poke|p2|Drifblim, F|
|poke|p2|Decidueye-Hisui, M|
|poke|p2|Scizor, M|
|teampreview
|inactive|Battle timer is ON: inactive players will automatically lose when time's up. (requested by Asadoborn)
|inactive|huuuehuueekk also wants the timer to be on.
|c|☆Asadoborn|nah i'd win
|
|t:|1779593945
|teamsize|p1|6
|teamsize|p2|6
|start
|switch|p1a: Cinderace|Cinderace, M|100/100
|switch|p2a: lucas vergara|Decidueye-Hisui, M|100/100
|turn|1
|
|t:|1779593952
|move|p1a: Cinderace|U-turn|p2a: lucas vergara
|-start|p1a: Cinderace|typechange|Bug|[from] ability: Libero
|-damage|p2a: lucas vergara|65/100
|
|t:|1779593957
|switch|p1a: Zapdos|Zapdos-Galar|100/100|[from] U-turn
|move|p2a: lucas vergara|Bulk Up|p2a: lucas vergara
|-boost|p2a: lucas vergara|atk|1
|-boost|p2a: lucas vergara|def|1
|
|-heal|p2a: lucas vergara|71/100|[from] item: Leftovers
|upkeep
|turn|2
|
|t:|1779593980
|move|p1a: Zapdos|Bulk Up|p1a: Zapdos
|-boost|p1a: Zapdos|atk|1
|-boost|p1a: Zapdos|def|1
|move|p2a: lucas vergara|Bulk Up|p2a: lucas vergara
|-boost|p2a: lucas vergara|atk|1
|-boost|p2a: lucas vergara|def|1
|
|-heal|p2a: lucas vergara|78/100|[from] item: Leftovers
|upkeep
|turn|3
|
|t:|1779593998
|move|p1a: Zapdos|Bulk Up|p1a: Zapdos
|-boost|p1a: Zapdos|atk|1
|-boost|p1a: Zapdos|def|1
|move|p2a: lucas vergara|Leaf Blade|p1a: Zapdos
|-resisted|p1a: Zapdos
|-damage|p1a: Zapdos|75/100
|
|-heal|p1a: Zapdos|81/100|[from] item: Leftovers
|-heal|p2a: lucas vergara|84/100|[from] item: Leftovers
|upkeep
|turn|4
|
|t:|1779594010
|-terastallize|p2a: lucas vergara|Dark
|move|p1a: Zapdos|Thunderous Kick|p2a: lucas vergara
|-supereffective|p2a: lucas vergara
|-damage|p2a: lucas vergara|3/100
|-unboost|p2a: lucas vergara|def|1
|move|p2a: lucas vergara|Bulk Up|p2a: lucas vergara
|-boost|p2a: lucas vergara|atk|1
|-boost|p2a: lucas vergara|def|1
|
|-heal|p1a: Zapdos|87/100|[from] item: Leftovers
|-heal|p2a: lucas vergara|9/100|[from] item: Leftovers
|upkeep
|turn|5
|
|t:|1779594035
|move|p1a: Zapdos|Thunderous Kick|p2a: lucas vergara
|-supereffective|p2a: lucas vergara
|-damage|p2a: lucas vergara|0 fnt
|faint|p2a: lucas vergara
|
|-heal|p1a: Zapdos|94/100|[from] item: Leftovers
|upkeep
|inactive|Asadoborn has 120 seconds left.
|-message|Asadoborn forfeited.
|
|win|huuuehuueekk
|raw|huuuehuueekk's rating: 1081 &rarr; <strong>1108</strong><br />(+27 for winning)
|raw|Asadoborn's rating: 1070 &rarr; <strong>1050</strong><br />(-20 for losing)
|l|☆Asadoborn
|player|p2|
