|j|☆ZUIWAZUIWA
|j|☆JarJarBinkBink
|t:|1779590926
|gametype|singles
|player|p1|ZUIWAZUIWA|ash-capbackward|1045
|player|p2|JarJarBinkBink|bugcatcher-gen4dp|1043
|gen|9
|tier|[Gen 9] OU
|rated|
|rule|HP Percentage Mod: HP is shown in percentages
|rule|Endless Battle Clause: Forcing endless battles is banned
|rule|Species Clause: Limit one of each Pokémon
|rule|OHKO Clause: OHKO moves are banned
|rule|Evasion Items Clause: Evasion items are banned
|rule|Evasion Moves Clause: Evasion moves are banned
|rule|Evasion Abilities Clause: Evasion abilities are banned
|rule|Sleep Moves Clause: Sleep-inducing moves are banned
|clearpoke
|poke|p1|Tyranitar, F|
|poke|p1|Gliscor, F|
|poke|p1|Goodra-Hisui, F|
|poke|p1|Serperior, F|
|poke|p1|Gengar, M|
|poke|p1|Sandslash, F|
|poke|p2|Primarina, M|
|poke|p2|Metagross|
|poke|p2|Zoroark-Hisui, F|
|poke|p2|Ursaluna, F|
|poke|p2|Magnezone|
|poke|p2|Skeledirge, M|
|teampreview
|
|t:|1779590949
|teamsize|p1|6
|teamsize|p2|6
|start
|switch|p1a: Gliscor|Gliscor, F|100/100
|switch|p2a: Primarina|Primarina, M|100/100
|turn|1
|
|t:|1779590973
|switch|p1a: Goodra|Goodra-Hisui, F|100/100
|move|p2a: Primarina|Ice Beam|p1a: Goodra
|-damage|p1a: Goodra|86/100
|
|upkeep
|turn|2
|
|t:|1779591001
|switch|p2a: Ursaluna|Ursaluna, F|100/100
|move|p1a: Goodra|Flash Cannon|p2a: Ursaluna
|-damage|p2a: Ursaluna|63/100
|
|-status|p2a: Ursaluna|brn|[from] item: Flame Orb
|upkeep
|turn|3
|
|t:|1779591031
|-terastallize|p1a: Goodra|Water
|move|p1a: Goodra|Draco Meteor|p2a: Ursaluna
|-damage|p2a: Ursaluna|0 fnt
|-unboost|p1a: Goodra|spa|2
|faint|p2a: Ursaluna
|
|upkeep
|
|t:|1779591043
|switch|p2a: Magnezone|Magnezone|100/100
|turn|4
|
|t:|1779591058
|move|p2a: Magnezone|Thunderbolt|p1a: Goodra
|-supereffective|p1a: Goodra
|-damage|p1a: Goodra|46/100
|move|p1a: Goodra|Earthquake|p2a: Magnezone
|-supereffective|p2a: Magnezone
|-damage|p2a: Magnezone|24/100
|
|upkeep
|turn|5
|
|t:|1779591067
|switch|p1a: Gliscor|Gliscor, F|100/100
|move|p2a: Magnezone|Thunderbolt|p1a: Gliscor
|-immune|p1a: Gliscor
|
|-status|p1a: Gliscor|tox|[from] item: Toxic Orb
|upkeep
|turn|6
|
|t:|1779591075
|switch|p2a: Primarina|Primarina, M|100/100
|move|p1a: Gliscor|Swords Dance|p1a: Gliscor
|-boost|p1a: Gliscor|atk|2
|
|upkeep
|turn|7
|
|t:|1779591086
|move|p1a: Gliscor|Earthquake|p2a: Primarina
|-damage|p2a: Primarina|0 fnt
|faint|p2a: Primarina
|
|upkeep
|
|t:|1779591094
|switch|p2a: Metagross|Metagross|100/100
|turn|8
|
|t:|1779591099
|move|p1a: Gliscor|Earthquake|p2a: Metagross
|-supereffective|p2a: Metagross
|-enditem|p2a: Metagross|Shuca Berry|[eat]
|-enditem|p2a: Metagross|Shuca Berry|[weaken]
|-damage|p2a: Metagross|39/100
|move|p2a: Metagross|Ice Punch|p1a: Gliscor
|-supereffective|p1a: Gliscor
|-damage|p1a: Gliscor|0 fnt
|faint|p1a: Gliscor
|
|upkeep
|
|t:|1779591111
|switch|p1a: Tyranitar|Tyranitar, F|100/100
|-weather|Sandstorm|[from] ability: Sand Stream|[of] p1a: Tyranitar
|turn|9
|
|t:|1779591126
|move|p2a: Metagross|Earthquake|p1a: Tyranitar
|-supereffective|p1a: Tyranitar
|-damage|p1a: Tyranitar|41/100
|move|p1a: Tyranitar|Stealth Rock|p2a: Metagross
|-sidestart|p2: JarJarBinkBink|move: Stealth Rock
|
|-weather|Sandstorm|[upkeep]
|upkeep
|turn|10
|
|t:|1779591133
|move|p2a: Metagross|Earthquake|p1a: Tyranitar
|-supereffective|p1a: Tyranitar
|-damage|p1a: Tyranitar|0 fnt
|faint|p1a: Tyranitar
|
|-weather|Sandstorm|[upkeep]
|upkeep
|
|t:|1779591136
|switch|p1a: Sandslash|Sandslash, F|100/100
|turn|11
|
|t:|1779591140
|move|p1a: Sandslash|Earthquake|p2a: Metagross
|-supereffective|p2a: Metagross
|-damage|p2a: Metagross|0 fnt
|faint|p2a: Metagross
|
|-weather|Sandstorm|[upkeep]
|upkeep
|
|t:|1779591147
|switch|p2a: Skeledirge|Skeledirge, M|100/100
|-damage|p2a: Skeledirge|88/100|[from] Stealth Rock
|turn|12
|
|t:|1779591163
|move|p1a: Sandslash|Earthquake|p2a: Skeledirge
|-damage|p2a: Skeledirge|13/100
|replace|p2a: Zoroark|Zoroark-Hisui, F
|-end|p2a: Zoroark|Illusion
|move|p2a: Zoroark|Phantom Force||[still]
|-prepare|p2a: Zoroark|Phantom Force
|
|-weather|Sandstorm|[upkeep]
|-damage|p2a: Zoroark|7/100|[from] Sandstorm
|upkeep
|turn|13
|
|t:|1779591174
|move|p1a: Sandslash|Swords Dance|p1a: Sandslash
|-boost|p1a: Sandslash|atk|2
|move|p2a: Zoroark|Phantom Force|p1a: Sandslash|[from] lockedmove
|-crit|p1a: Sandslash
|-damage|p1a: Sandslash|51/100
|
|-weather|Sandstorm|[upkeep]
|-damage|p2a: Zoroark|2/100|[from] Sandstorm
|upkeep
|turn|14
|
|t:|1779591186
|move|p1a: Sandslash|Earthquake|p2a: Zoroark
|-damage|p2a: Zoroark|0 fnt
|faint|p2a: Zoroark
|
|-weather|Sandstorm|[upkeep]
|upkeep
|
|t:|1779591191
|switch|p2a: Skeledirge|Skeledirge, M|100/100
|-damage|p2a: Skeledirge|76/100|[from] Stealth Rock
|turn|15
|
|t:|1779591203
|move|p1a: Sandslash|Earthquake|p2a: Skeledirge
|-supereffective|p2a: Skeledirge
|-damage|p2a: Skeledirge|0 fnt
|faint|p2a: Skeledirge
|
|-weather|Sandstorm|[upkeep]
|upkeep
|
|t:|1779591208
|switch|p2a: Magnezone|Magnezone|24/100
|-damage|p2a: Magnezone|18/100|[from] Stealth Rock
|turn|16
|
|t:|1779591215
|move|p1a: Sandslash|Earthquake|p2a: Magnezone
|-supereffective|p2a: Magnezone
|-damage|p2a: Magnezone|0 fnt
|faint|p2a: Magnezone
|
|win|ZUIWAZUIWA
|raw|ZUIWAZUIWA's rating: 1045 &rarr; <strong>1078</strong><br />(+33 for winning)
|raw|JarJarBinkBink's rating: 1043 &rarr; <strong>1027</strong><br />(-16 for losing)
