|j|☆haitianprinc3
|j|☆Quadfxther
|t:|1779572637
|gametype|singles
|player|p1|haitianprinc3|marlon|1524
|player|p2|Quadfxther|miku-water|1494
|gen|9
|tier|[Gen 9] OU
|rated|
|rule|HP Percentage Mod: HP is shown in percentages
|rule|Endless Battle Clause: Forcing endless battles is banned
|rule|Species Clause: Limit one of each Pokémon
|rule|OHKO Clause: OHKO moves are banned
|rule|Evasion Items Clause: Evasion items are banned
|rule|Evasion Moves Clause: Evasion moves are banned
|rule|Evasion Abilities Clause: Evasion abilities are banned
|rule|Sleep Moves Clause: Sleep-inducing moves are banned
|clearpoke
|poke|p1|Politoed, F|
|poke|p1|Landorus-Therian, M|
|poke|p1|Kingdra, F|
|poke|p1|Azumarill, F|
|poke|p1|Volcanion|
|poke|p1|Heracross, M|
|poke|p2|Araquanid, F|
|poke|p2|Gholdengo|
|poke|p2|Raging Bolt|
|poke|p2|Iron Valiant|
|poke|p2|Ceruledge, F|
|poke|p2|Deoxys-Speed|
|teampreview
|inactive|Battle timer is ON: inactive players will automatically lose when time's up. (requested by Quadfxther)
|inactive|haitianprinc3 also wants the timer to be on.
|
|t:|1779572648
|teamsize|p1|6
|teamsize|p2|6
|start
|switch|p1a: Landorus|Landorus-Therian, M|100/100
|switch|p2a: Araquanid|Araquanid, F|100/100
|-ability|p1a: Landorus|Intimidate|boost
|-unboost|p2a: Araquanid|atk|1
|turn|1
|
|t:|1779572652
|move|p1a: Landorus|Stone Edge|p2a: Araquanid
|-supereffective|p2a: Araquanid
|-damage|p2a: Araquanid|0 fnt
|faint|p2a: Araquanid
|
|upkeep
|
|t:|1779572659
|switch|p2a: Raging Bolt|Raging Bolt|100/100
|-enditem|p2a: Raging Bolt|Booster Energy
|-activate|p2a: Raging Bolt|ability: Protosynthesis|[fromitem]
|-start|p2a: Raging Bolt|protosynthesisspa
|turn|2
|
|t:|1779572668
|switch|p1a: Azumarill|Azumarill, F|100/100
|move|p2a: Raging Bolt|Dragon Pulse|p1a: Azumarill
|-immune|p1a: Azumarill
|
|upkeep
|turn|3
|
|t:|1779572674
|move|p2a: Raging Bolt|Dragon Pulse|p1a: Azumarill
|-immune|p1a: Azumarill
|move|p1a: Azumarill|Knock Off|p2a: Raging Bolt
|-damage|p2a: Raging Bolt|74/100
|
|upkeep
|turn|4
|
|t:|1779572683
|move|p2a: Raging Bolt|Thunderbolt|p1a: Azumarill
|-supereffective|p1a: Azumarill
|-damage|p1a: Azumarill|9/100
|move|p1a: Azumarill|Play Rough|p2a: Raging Bolt
|-supereffective|p2a: Raging Bolt
|-damage|p2a: Raging Bolt|0 fnt
|faint|p2a: Raging Bolt
|-end|p2a: Raging Bolt|Protosynthesis|[silent]
|
|upkeep
|
|t:|1779572689
|switch|p2a: Ceruledge|Ceruledge, F|100/100
|turn|5
|
|t:|1779572693
|move|p2a: Ceruledge|Shadow Sneak|p1a: Azumarill
|-damage|p1a: Azumarill|0 fnt
|faint|p1a: Azumarill
|
|upkeep
|
|t:|1779572696
|switch|p1a: Heracross|Heracross, M|100/100
|turn|6
|
|t:|1779572707
|move|p2a: Ceruledge|Bitter Blade|p1a: Heracross
|-supereffective|p1a: Heracross
|-damage|p1a: Heracross|0 fnt
|faint|p1a: Heracross
|
|upkeep
|
|t:|1779572720
|switch|p1a: Politoed|Politoed, F, shiny|100/100
|-weather|RainDance|[from] ability: Drizzle|[of] p1a: Politoed
|turn|7
|
|t:|1779572723
|move|p2a: Ceruledge|Close Combat|p1a: Politoed
|-damage|p1a: Politoed|49/100
|-unboost|p2a: Ceruledge|def|1
|-unboost|p2a: Ceruledge|spd|1
|move|p1a: Politoed|Encore|p2a: Ceruledge
|-start|p2a: Ceruledge|Encore
|
|-weather|RainDance|[upkeep]
|upkeep
|turn|8
|
|t:|1779572731
|-terastallize|p1a: Politoed|Fairy
|move|p2a: Ceruledge|Close Combat|p1a: Politoed
|-resisted|p1a: Politoed
|-damage|p1a: Politoed|25/100
|-unboost|p2a: Ceruledge|def|1
|-unboost|p2a: Ceruledge|spd|1
|move|p1a: Politoed|Surf|p2a: Ceruledge
|-supereffective|p2a: Ceruledge
|-enditem|p2a: Ceruledge|Focus Sash
|-damage|p2a: Ceruledge|1/100
|
|-weather|RainDance|[upkeep]
|upkeep
|turn|9
|
|t:|1779572745
|move|p2a: Ceruledge|Close Combat|p1a: Politoed
|-resisted|p1a: Politoed
|-damage|p1a: Politoed|0 fnt
|-unboost|p2a: Ceruledge|def|1
|-unboost|p2a: Ceruledge|spd|1
|faint|p1a: Politoed
|
|-weather|RainDance|[upkeep]
|upkeep
|
|t:|1779572749
|switch|p1a: Kingdra|Kingdra, F, shiny|100/100
|turn|10
|
|t:|1779572776
|move|p1a: Kingdra|Surf|p2a: Ceruledge
|-supereffective|p2a: Ceruledge
|-crit|p2a: Ceruledge
|-damage|p2a: Ceruledge|0 fnt
|faint|p2a: Ceruledge
|
|-weather|RainDance|[upkeep]
|upkeep
|inactive|Quadfxther has 120 seconds left.
|inactive|Quadfxther has 90 seconds left.
|
|t:|1779572827
|switch|p2a: Gholdengo|Gholdengo|100/100
|-item|p2a: Gholdengo|Air Balloon
|turn|11
|
|t:|1779572838
|move|p1a: Kingdra|Surf|p2a: Gholdengo
|-damage|p2a: Gholdengo|3/100
|-enditem|p2a: Gholdengo|Air Balloon
|move|p2a: Gholdengo|Shadow Ball|p1a: Kingdra
|-damage|p1a: Kingdra|39/100
|
|-weather|RainDance|[upkeep]
|upkeep
|turn|12
|inactive|Quadfxther has 90 seconds left.
|inactive|Quadfxther has 60 seconds left.
|
|t:|1779572892
|move|p1a: Kingdra|Surf|p2a: Gholdengo
|-damage|p2a: Gholdengo|0 fnt
|faint|p2a: Gholdengo
|
|-weather|RainDance|[upkeep]
|upkeep
|
|t:|1779572904
|switch|p2a: Iron Valiant|Iron Valiant|100/100
|-enditem|p2a: Iron Valiant|Booster Energy
|-activate|p2a: Iron Valiant|ability: Quark Drive|[fromitem]
|-start|p2a: Iron Valiant|quarkdrivespa
|turn|13
|
|t:|1779572907
|move|p2a: Iron Valiant|Vacuum Wave|p1a: Kingdra
|-damage|p1a: Kingdra|6/100
|move|p1a: Kingdra|Surf|p2a: Iron Valiant
|-damage|p2a: Iron Valiant|0 fnt
|faint|p2a: Iron Valiant
|-end|p2a: Iron Valiant|Quark Drive|[silent]
|
|-weather|RainDance|[upkeep]
|upkeep
|
|t:|1779572909
|switch|p2a: Deoxys|Deoxys-Speed|100/100
|-ability|p2a: Deoxys|Pressure
|turn|14
|-message|Quadfxther forfeited.
|
|win|haitianprinc3
|raw|haitianprinc3's rating: 1524 &rarr; <strong>1542</strong><br />(+18 for winning)
|raw|Quadfxther's rating: 1494 &rarr; <strong>1476</strong><br />(-18 for losing)
|l|☆Quadfxther
|player|p2|
|l|☆haitianprinc3
|player|p1|
