|j|☆Joao Tomas
|j|‽antonitaly
|t:|1779635993
|gametype|singles
|player|p1|Joao Tomas|brawly|1300
|player|p2|antonitaly|nate|1364
|gen|9
|tier|[Gen 9] OU
|rated|
|rule|HP Percentage Mod: HP is shown in percentages
|rule|Endless Battle Clause: Forcing endless battles is banned
|rule|Species Clause: Limit one of each Pokémon
|rule|OHKO Clause: OHKO moves are banned
|rule|Evasion Items Clause: Evasion items are banned
|rule|Evasion Moves Clause: Evasion moves are banned
|rule|Evasion Abilities Clause: Evasion abilities are banned
|rule|Sleep Moves Clause: Sleep-inducing moves are banned
|clearpoke
|poke|p1|Great Tusk|
|poke|p1|Rotom-Wash|
|poke|p1|Corviknight, F|
|poke|p1|Ceruledge, F|
|poke|p1|Shaymin|
|poke|p1|Darkrai|
|poke|p2|Ogerpon, F|
|poke|p2|Samurott-Hisui, F|
|poke|p2|Blissey, F|
|poke|p2|Gliscor, F|
|poke|p2|Skarmory, F|
|poke|p2|Pecharunt|
|teampreview
|
|t:|1779636013
|teamsize|p1|6
|teamsize|p2|6
|start
|switch|p1a: Ceruledge|Ceruledge, F|100/100
|switch|p2a: Blissey|Blissey, F|100/100
|turn|1
|inactive|Battle timer is ON: inactive players will automatically lose when time's up. (requested by antonitaly)
|
|t:|1779636019
|move|p1a: Ceruledge|Swords Dance|p1a: Ceruledge
|-boost|p1a: Ceruledge|atk|2
|move|p2a: Blissey|Calm Mind|p2a: Blissey
|-boost|p2a: Blissey|spa|1
|-boost|p2a: Blissey|spd|1
|
|upkeep
|turn|2
|
|t:|1779636028
|move|p1a: Ceruledge|Close Combat|p2a: Blissey
|-supereffective|p2a: Blissey
|-crit|p2a: Blissey
|-damage|p2a: Blissey|0 fnt
|-unboost|p1a: Ceruledge|def|1
|-unboost|p1a: Ceruledge|spd|1
|faint|p2a: Blissey
|
|upkeep
|
|t:|1779636038
|switch|p2a: Samurott|Samurott-Hisui, F|100/100
|turn|3
|
|t:|1779636050
|switch|p2a: Gliscor|Gliscor, F|100/100
|move|p1a: Ceruledge|Close Combat|p2a: Gliscor
|-resisted|p2a: Gliscor
|-damage|p2a: Gliscor|67/100
|-unboost|p1a: Ceruledge|def|1
|-unboost|p1a: Ceruledge|spd|1
|
|-status|p2a: Gliscor|tox|[from] item: Toxic Orb
|upkeep
|turn|4
|
|t:|1779636060
|move|p2a: Gliscor|Protect|p2a: Gliscor
|-singleturn|p2a: Gliscor|Protect
|move|p1a: Ceruledge|Bitter Blade|p2a: Gliscor
|-activate|p2a: Gliscor|move: Protect
|
|-heal|p2a: Gliscor|80/100 tox|[from] ability: Poison Heal
|upkeep
|turn|5
|
|t:|1779636074
|-terastallize|p1a: Ceruledge|Fairy
|move|p1a: Ceruledge|Swords Dance|p1a: Ceruledge
|-boost|p1a: Ceruledge|atk|2
|move|p2a: Gliscor|Earthquake|p1a: Ceruledge
|-damage|p1a: Ceruledge|28/100
|
|-heal|p2a: Gliscor|92/100 tox|[from] ability: Poison Heal
|upkeep
|turn|6
|
|t:|1779636088
|move|p1a: Ceruledge|Bitter Blade|p2a: Gliscor
|-damage|p2a: Gliscor|0 fnt
|-heal|p1a: Ceruledge|74/100|[from] drain|[of] p2a: Gliscor
|faint|p2a: Gliscor
|
|upkeep
|
|t:|1779636100
|switch|p2a: Ogerpon|Ogerpon, F|100/100
|turn|7
|
|t:|1779636105
|switch|p1a: Corviknight|Corviknight, F|100/100
|-ability|p1a: Corviknight|Pressure
|-terastallize|p2a: Ogerpon|Grass
|detailschange|p2a: Ogerpon|Ogerpon-Teal-Tera, F, tera:Grass
|-ability|p2a: Ogerpon|Embody Aspect (Teal)|boost
|-boost|p2a: Ogerpon|spe|1
|move|p2a: Ogerpon|Ivy Cudgel|p1a: Corviknight
|-resisted|p1a: Corviknight
|-damage|p1a: Corviknight|90/100
|
|upkeep
|turn|8
|
|t:|1779636116
|move|p2a: Ogerpon|U-turn|p1a: Corviknight
|-resisted|p1a: Corviknight
|-damage|p1a: Corviknight|86/100
|-damage|p2a: Ogerpon|84/100|[from] item: Rocky Helmet|[of] p1a: Corviknight
|
|t:|1779636121
|switch|p2a: Skarmory|Skarmory, F|100/100|[from] U-turn
|move|p1a: Corviknight|U-turn|p2a: Skarmory
|-resisted|p2a: Skarmory
|-damage|p2a: Skarmory|99/100
|
|t:|1779636129
|switch|p1a: Ceruledge|Ceruledge, F, tera:Fairy|74/100|[from] U-turn
|
|upkeep
|turn|9
|
|t:|1779636135
|switch|p2a: Samurott|Samurott-Hisui, F|100/100
|move|p1a: Ceruledge|Bitter Blade|p2a: Samurott
|-resisted|p2a: Samurott
|-damage|p2a: Samurott|73/100
|-heal|p1a: Ceruledge|87/100|[from] drain|[of] p2a: Samurott
|
|upkeep
|turn|10
|
|t:|1779636149
|switch|p1a: Shaymin|Shaymin|100/100
|move|p2a: Samurott|Aqua Cutter|p1a: Shaymin
|-resisted|p1a: Shaymin
|-crit|p1a: Shaymin
|-damage|p1a: Shaymin|60/100
|
|upkeep
|turn|11
|
|t:|1779636159
|switch|p2a: Pecharunt|Pecharunt|100/100
|move|p1a: Shaymin|Seed Flare|p2a: Pecharunt
|-resisted|p2a: Pecharunt
|-damage|p2a: Pecharunt|75/100
|
|upkeep
|turn|12
|
|t:|1779636167
|switch|p1a: Corviknight|Corviknight, F|86/100
|-ability|p1a: Corviknight|Pressure
|move|p2a: Pecharunt|Toxic|p1a: Corviknight
|-immune|p1a: Corviknight
|
|upkeep
|turn|13
|
|t:|1779636177
|move|p2a: Pecharunt|Shadow Ball|p1a: Corviknight
|-damage|p1a: Corviknight|62/100
|move|p1a: Corviknight|U-turn|p2a: Pecharunt
|-resisted|p2a: Pecharunt
|-crit|p2a: Pecharunt
|-damage|p2a: Pecharunt|72/100
|
|t:|1779636180
|switch|p1a: Ceruledge|Ceruledge, F, tera:Fairy|87/100|[from] U-turn
|
|upkeep
|turn|14
|
|t:|1779636186
|move|p1a: Ceruledge|Close Combat|p2a: Pecharunt
|-immune|p2a: Pecharunt
|move|p2a: Pecharunt|Toxic|p1a: Ceruledge
|-status|p1a: Ceruledge|tox
|-start|p1a: Ceruledge|confusion|[from] ability: Poison Puppeteer|[of] p2a: Pecharunt
|
|-damage|p1a: Ceruledge|80/100 tox|[from] psn
|upkeep
|turn|15
|
|t:|1779636194
|switch|p1a: Corviknight|Corviknight, F|62/100
|-ability|p1a: Corviknight|Pressure
|move|p2a: Pecharunt|Parting Shot|p1a: Corviknight
|-unboost|p1a: Corviknight|atk|1
|-unboost|p1a: Corviknight|spa|1
|
|t:|1779636203
|switch|p2a: Samurott|Samurott-Hisui, F|73/100|[from] Parting Shot
|
|upkeep
|turn|16
|
|t:|1779636211
|move|p2a: Samurott|Ceaseless Edge|p1a: Corviknight
|-damage|p1a: Corviknight|34/100
|-damage|p2a: Samurott|57/100|[from] item: Rocky Helmet|[of] p1a: Corviknight
|-sidestart|p1: Joao Tomas|Spikes
|move|p1a: Corviknight|Body Press|p2a: Samurott
|-supereffective|p2a: Samurott
|-damage|p2a: Samurott|0 fnt
|faint|p2a: Samurott
|
|upkeep
|-message|antonitaly forfeited.
|
|win|Joao Tomas
|raw|Joao Tomas's rating: 1300 &rarr; <strong>1330</strong><br />(+30 for winning)
|raw|antonitaly's rating: 1364 &rarr; <strong>1340</strong><br />(-24 for losing)
|l|‽antonitaly
|player|p2|
|l|☆Joao Tomas
|player|p1|
