|j|‽ekekdkdmdmwksl
|j|☆draconotmeteor
|t:|1779698550
|gametype|singles
|player|p1|ekekdkdmdmwksl|2|1324
|player|p2|draconotmeteor|shauntal|1350
|gen|9
|tier|[Gen 9] OU
|rated|
|rule|HP Percentage Mod: HP is shown in percentages
|rule|Endless Battle Clause: Forcing endless battles is banned
|rule|Species Clause: Limit one of each Pokémon
|rule|OHKO Clause: OHKO moves are banned
|rule|Evasion Items Clause: Evasion items are banned
|rule|Evasion Moves Clause: Evasion moves are banned
|rule|Evasion Abilities Clause: Evasion abilities are banned
|rule|Sleep Moves Clause: Sleep-inducing moves are banned
|clearpoke
|poke|p1|Infernape, F|
|poke|p1|Ceruledge, F|
|poke|p1|Hatterene, F|
|poke|p1|Tyranitar, F|
|poke|p1|Excadrill, M|
|poke|p1|Darkrai|
|poke|p2|Cyclizar, F|
|poke|p2|Corviknight, M|
|poke|p2|Ting-Lu|
|poke|p2|Slowking-Galar, M|
|poke|p2|Kyurem|
|poke|p2|Garganacl, M|
|teampreview
|inactive|Battle timer is ON: inactive players will automatically lose when time's up. (requested by ekekdkdmdmwksl)
|
|t:|1779698563
|teamsize|p1|6
|teamsize|p2|6
|start
|switch|p1a: Tyranitar|Tyranitar, F|100/100
|switch|p2a: Kyurem|Kyurem|100/100
|-ability|p2a: Kyurem|Pressure
|-weather|Sandstorm|[from] ability: Sand Stream|[of] p1a: Tyranitar
|turn|1
|
|t:|1779698569
|-terastallize|p2a: Kyurem|Ground
|move|p2a: Kyurem|Substitute|p2a: Kyurem
|-start|p2a: Kyurem|Substitute
|-damage|p2a: Kyurem|75/100
|move|p1a: Tyranitar|Stealth Rock|p2a: Kyurem
|-sidestart|p2: draconotmeteor|move: Stealth Rock
|
|-weather|Sandstorm|[upkeep]
|-heal|p2a: Kyurem|82/100|[from] item: Leftovers
|upkeep
|turn|2
|
|t:|1779698575
|move|p2a: Kyurem|Protect|p2a: Kyurem
|-singleturn|p2a: Kyurem|Protect
|move|p1a: Tyranitar|Knock Off|p2a: Kyurem
|-activate|p2a: Kyurem|move: Protect
|
|-weather|Sandstorm|[upkeep]
|-heal|p2a: Kyurem|88/100|[from] item: Leftovers
|upkeep
|turn|3
|
|t:|1779698578
|move|p2a: Kyurem|Earth Power|p1a: Tyranitar
|-supereffective|p1a: Tyranitar
|-damage|p1a: Tyranitar|52/100
|move|p1a: Tyranitar|Knock Off|p2a: Kyurem
|-end|p2a: Kyurem|Substitute
|
|-weather|Sandstorm|[upkeep]
|-heal|p2a: Kyurem|94/100|[from] item: Leftovers
|-heal|p1a: Tyranitar|59/100|[from] item: Leftovers
|upkeep
|turn|4
|
|t:|1779698583
|move|p2a: Kyurem|Substitute|p2a: Kyurem
|-start|p2a: Kyurem|Substitute
|-damage|p2a: Kyurem|69/100
|move|p1a: Tyranitar|Knock Off|p2a: Kyurem
|-end|p2a: Kyurem|Substitute
|
|-weather|Sandstorm|[upkeep]
|-heal|p2a: Kyurem|75/100|[from] item: Leftovers
|-heal|p1a: Tyranitar|65/100|[from] item: Leftovers
|upkeep
|turn|5
|
|t:|1779698586
|move|p2a: Kyurem|Protect|p2a: Kyurem
|-singleturn|p2a: Kyurem|Protect
|move|p1a: Tyranitar|Knock Off|p2a: Kyurem
|-activate|p2a: Kyurem|move: Protect
|
|-weather|none
|-heal|p2a: Kyurem|81/100|[from] item: Leftovers
|-heal|p1a: Tyranitar|71/100|[from] item: Leftovers
|upkeep
|turn|6
|
|t:|1779698589
|move|p2a: Kyurem|Substitute|p2a: Kyurem
|-start|p2a: Kyurem|Substitute
|-damage|p2a: Kyurem|56/100
|move|p1a: Tyranitar|Knock Off|p2a: Kyurem
|-crit|p2a: Kyurem
|-end|p2a: Kyurem|Substitute
|
|-heal|p2a: Kyurem|63/100|[from] item: Leftovers
|-heal|p1a: Tyranitar|77/100|[from] item: Leftovers
|upkeep
|turn|7
|
|t:|1779698592
|move|p2a: Kyurem|Protect|p2a: Kyurem
|-singleturn|p2a: Kyurem|Protect
|move|p1a: Tyranitar|Knock Off|p2a: Kyurem
|-activate|p2a: Kyurem|move: Protect
|
|-heal|p2a: Kyurem|69/100|[from] item: Leftovers
|-heal|p1a: Tyranitar|83/100|[from] item: Leftovers
|upkeep
|turn|8
|
|t:|1779698595
|switch|p2a: Corviknight|Corviknight, M|100/100
|-damage|p2a: Corviknight|88/100|[from] Stealth Rock
|-ability|p2a: Corviknight|Pressure
|move|p1a: Tyranitar|Knock Off|p2a: Corviknight
|-damage|p2a: Corviknight|62/100
|-damage|p1a: Tyranitar|67/100|[from] item: Rocky Helmet|[of] p2a: Corviknight
|-enditem|p2a: Corviknight|Rocky Helmet|[from] move: Knock Off|[of] p1a: Tyranitar
|
|-heal|p1a: Tyranitar|73/100|[from] item: Leftovers
|upkeep
|turn|9
|
|t:|1779698601
|move|p1a: Tyranitar|Thunder Wave|p2a: Corviknight
|-status|p2a: Corviknight|par
|cant|p2a: Corviknight|par
|
|-heal|p1a: Tyranitar|79/100|[from] item: Leftovers
|upkeep
|turn|10
|
|t:|1779698608
|move|p1a: Tyranitar|Stone Edge|p2a: Corviknight|[miss]
|-miss|p1a: Tyranitar|p2a: Corviknight
|move|p2a: Corviknight|Roost|p2a: Corviknight
|-heal|p2a: Corviknight|100/100 par
|-singleturn|p2a: Corviknight|move: Roost
|
|-heal|p1a: Tyranitar|85/100|[from] item: Leftovers
|upkeep
|turn|11
|
|t:|1779698611
|move|p1a: Tyranitar|Stone Edge|p2a: Corviknight
|-damage|p2a: Corviknight|72/100 par
|move|p2a: Corviknight|Defog|p1a: Tyranitar
|-unboost|p1a: Tyranitar|evasion|1
|-sideend|p2: draconotmeteor|Stealth Rock|[from] move: Defog|[of] p2a: Corviknight
|
|-heal|p1a: Tyranitar|91/100|[from] item: Leftovers
|upkeep
|turn|12
|
|t:|1779698617
|move|p1a: Tyranitar|Stealth Rock|p2a: Corviknight
|-sidestart|p2: draconotmeteor|move: Stealth Rock
|move|p2a: Corviknight|U-turn|p1a: Tyranitar
|-supereffective|p1a: Tyranitar
|-damage|p1a: Tyranitar|71/100
|
|t:|1779698619
|switch|p2a: Kyurem|Kyurem, tera:Ground|69/100|[from] U-turn
|-damage|p2a: Kyurem|63/100|[from] Stealth Rock
|-ability|p2a: Kyurem|Pressure
|
|-heal|p2a: Kyurem|69/100|[from] item: Leftovers
|-heal|p1a: Tyranitar|78/100|[from] item: Leftovers
|upkeep
|turn|13
|
|t:|1779698624
|move|p2a: Kyurem|Protect|p2a: Kyurem
|-singleturn|p2a: Kyurem|Protect
|move|p1a: Tyranitar|Knock Off|p2a: Kyurem
|-activate|p2a: Kyurem|move: Protect
|
|-heal|p2a: Kyurem|75/100|[from] item: Leftovers
|-heal|p1a: Tyranitar|84/100|[from] item: Leftovers
|upkeep
|turn|14
|
|t:|1779698630
|move|p2a: Kyurem|Substitute|p2a: Kyurem
|-start|p2a: Kyurem|Substitute
|-damage|p2a: Kyurem|50/100
|move|p1a: Tyranitar|Knock Off|p2a: Kyurem
|-end|p2a: Kyurem|Substitute
|
|-heal|p2a: Kyurem|56/100|[from] item: Leftovers
|-heal|p1a: Tyranitar|90/100|[from] item: Leftovers
|upkeep
|turn|15
|
|t:|1779698633
|switch|p1a: Infernape|Infernape, F|100/100
|move|p2a: Kyurem|Protect||[still]
|-fail|p2a: Kyurem
|
|-heal|p2a: Kyurem|62/100|[from] item: Leftovers
|upkeep
|turn|16
|
|t:|1779698639
|switch|p2a: Ting-Lu|Ting-Lu|100/100
|-damage|p2a: Ting-Lu|94/100|[from] Stealth Rock
|-ability|p2a: Ting-Lu|Vessel of Ruin
|move|p1a: Infernape|Fire Blast|p2a: Ting-Lu
|-damage|p2a: Ting-Lu|75/100
|
|-heal|p2a: Ting-Lu|81/100|[from] item: Leftovers
|upkeep
|turn|17
|
|t:|1779698654
|switch|p1a: Hatterene|Hatterene, F|100/100
|move|p2a: Ting-Lu|Stealth Rock|p1a: Hatterene
|move|p1a: Hatterene|Stealth Rock||[from] ability: Magic Bounce|[still]
|-fail|p1a: Hatterene
|
|-heal|p2a: Ting-Lu|87/100|[from] item: Leftovers
|upkeep
|turn|18
|
|t:|1779698660
|switch|p2a: Slowking|Slowking-Galar, M|100/100
|-damage|p2a: Slowking|88/100|[from] Stealth Rock
|move|p1a: Hatterene|Calm Mind|p1a: Hatterene
|-boost|p1a: Hatterene|spa|1
|-boost|p1a: Hatterene|spd|1
|
|upkeep
|turn|19
|
|t:|1779698666
|move|p1a: Hatterene|Calm Mind|p1a: Hatterene
|-boost|p1a: Hatterene|spa|1
|-boost|p1a: Hatterene|spd|1
|move|p2a: Slowking|Sludge Bomb|p1a: Hatterene
|-supereffective|p1a: Hatterene
|-damage|p1a: Hatterene|68/100
|
|-heal|p1a: Hatterene|73/100|[from] item: Leftovers
|upkeep
|turn|20
|
|t:|1779698669
|move|p1a: Hatterene|Mystical Fire|p2a: Slowking
|-damage|p2a: Slowking|61/100
|-unboost|p2a: Slowking|spa|1
|move|p2a: Slowking|Sludge Bomb|p1a: Hatterene
|-supereffective|p1a: Hatterene
|-damage|p1a: Hatterene|51/100
|-status|p1a: Hatterene|psn
|
|-heal|p1a: Hatterene|57/100 psn|[from] item: Leftovers
|-damage|p1a: Hatterene|45/100 psn|[from] psn
|upkeep
|turn|21
|
|t:|1779698672
|move|p1a: Hatterene|Draining Kiss|p2a: Slowking
|-resisted|p2a: Slowking
|-damage|p2a: Slowking|46/100
|-heal|p1a: Hatterene|62/100 psn|[from] drain|[of] p2a: Slowking
|-prepare|p2a: Slowking|Chilly Reception|[premajor]
|move|p2a: Slowking|Chilly Reception|p2a: Slowking
|-weather|Snowscape
|
|t:|1779698675
|switch|p2a: Kyurem|Kyurem, tera:Ground|62/100|[from] Chilly Reception
|-damage|p2a: Kyurem|56/100|[from] Stealth Rock
|-ability|p2a: Kyurem|Pressure
|
|-weather|Snowscape|[upkeep]
|-heal|p2a: Kyurem|62/100|[from] item: Leftovers
|-heal|p1a: Hatterene|68/100 psn|[from] item: Leftovers
|-damage|p1a: Hatterene|56/100 psn|[from] psn
|upkeep
|turn|22
|
|t:|1779698678
|move|p2a: Kyurem|Protect|p2a: Kyurem
|-singleturn|p2a: Kyurem|Protect
|move|p1a: Hatterene|Draining Kiss|p2a: Kyurem
|-activate|p2a: Kyurem|move: Protect
|
|-weather|Snowscape|[upkeep]
|-heal|p2a: Kyurem|69/100|[from] item: Leftovers
|-heal|p1a: Hatterene|62/100 psn|[from] item: Leftovers
|-damage|p1a: Hatterene|50/100 psn|[from] psn
|upkeep
|turn|23
|
|t:|1779698680
|move|p2a: Kyurem|Substitute|p2a: Kyurem
|-start|p2a: Kyurem|Substitute
|-damage|p2a: Kyurem|44/100
|move|p1a: Hatterene|Draining Kiss|p2a: Kyurem
|-end|p2a: Kyurem|Substitute
|-heal|p1a: Hatterene|79/100 psn|[from] drain|[of] p2a: Kyurem
|
|-weather|Snowscape|[upkeep]
|-heal|p2a: Kyurem|50/100|[from] item: Leftovers
|-heal|p1a: Hatterene|85/100 psn|[from] item: Leftovers
|-damage|p1a: Hatterene|73/100 psn|[from] psn
|upkeep
|turn|24
|
|t:|1779698686
|move|p2a: Kyurem|Protect|p2a: Kyurem
|-singleturn|p2a: Kyurem|Protect
|move|p1a: Hatterene|Draining Kiss|p2a: Kyurem
|-activate|p2a: Kyurem|move: Protect
|
|-weather|Snowscape|[upkeep]
|-heal|p2a: Kyurem|56/100|[from] item: Leftovers
|-heal|p1a: Hatterene|79/100 psn|[from] item: Leftovers
|-damage|p1a: Hatterene|67/100 psn|[from] psn
|upkeep
|turn|25
|
|t:|1779698690
|move|p2a: Kyurem|Substitute|p2a: Kyurem
|-start|p2a: Kyurem|Substitute
|-damage|p2a: Kyurem|31/100
|move|p1a: Hatterene|Draining Kiss|p2a: Kyurem
|-end|p2a: Kyurem|Substitute
|-heal|p1a: Hatterene|97/100 psn|[from] drain|[of] p2a: Kyurem
|
|-weather|none
|-heal|p2a: Kyurem|37/100|[from] item: Leftovers
|-heal|p1a: Hatterene|100/100 psn|[from] item: Leftovers
|-damage|p1a: Hatterene|88/100 psn|[from] psn
|upkeep
|turn|26
|
|t:|1779698692
|move|p2a: Kyurem|Protect|p2a: Kyurem
|-singleturn|p2a: Kyurem|Protect
|move|p1a: Hatterene|Draining Kiss|p2a: Kyurem
|-activate|p2a: Kyurem|move: Protect
|
|-heal|p2a: Kyurem|43/100|[from] item: Leftovers
|-heal|p1a: Hatterene|94/100 psn|[from] item: Leftovers
|-damage|p1a: Hatterene|82/100 psn|[from] psn
|upkeep
|turn|27
|
|t:|1779698695
|switch|p2a: Corviknight|Corviknight, M|72/100 par
|-damage|p2a: Corviknight|59/100 par|[from] Stealth Rock
|-ability|p2a: Corviknight|Pressure
|move|p1a: Hatterene|Draining Kiss|p2a: Corviknight
|-resisted|p2a: Corviknight
|-damage|p2a: Corviknight|37/100 par
|-heal|p1a: Hatterene|100/100 psn|[from] drain|[of] p2a: Corviknight
|
|-damage|p1a: Hatterene|88/100 psn|[from] psn
|upkeep
|turn|28
|
|t:|1779698700
|switch|p2a: Slowking|Slowking-Galar, M|79/100
|-damage|p2a: Slowking|67/100|[from] Stealth Rock
|move|p1a: Hatterene|Mystical Fire|p2a: Slowking
|-damage|p2a: Slowking|38/100
|-unboost|p2a: Slowking|spa|1
|
|-heal|p1a: Hatterene|94/100 psn|[from] item: Leftovers
|-damage|p1a: Hatterene|82/100 psn|[from] psn
|upkeep
|turn|29
|
|t:|1779698708
|move|p1a: Hatterene|Draining Kiss|p2a: Slowking
|-resisted|p2a: Slowking
|-damage|p2a: Slowking|25/100
|-heal|p1a: Hatterene|98/100 psn|[from] drain|[of] p2a: Slowking
|-prepare|p2a: Slowking|Chilly Reception|[premajor]
|move|p2a: Slowking|Chilly Reception|p2a: Slowking
|-weather|Snowscape
|
|t:|1779698711
|switch|p2a: Garganacl|Garganacl, M|100/100|[from] Chilly Reception
|-damage|p2a: Garganacl|88/100|[from] Stealth Rock
|
|-weather|Snowscape|[upkeep]
|-heal|p2a: Garganacl|94/100|[from] item: Leftovers
|-heal|p1a: Hatterene|100/100 psn|[from] item: Leftovers
|-damage|p1a: Hatterene|88/100 psn|[from] psn
|upkeep
|turn|30
|
|t:|1779698718
|move|p2a: Garganacl|Salt Cure|p1a: Hatterene
|-damage|p1a: Hatterene|73/100 psn
|-start|p1a: Hatterene|Salt Cure
|move|p1a: Hatterene|Draining Kiss|p2a: Garganacl
|-damage|p2a: Garganacl|63/100
|-heal|p1a: Hatterene|100/100 psn|[from] drain|[of] p2a: Garganacl
|
|-weather|Snowscape|[upkeep]
|-heal|p2a: Garganacl|69/100|[from] item: Leftovers
|-damage|p1a: Hatterene|88/100 psn|[from] psn
|-damage|p1a: Hatterene|76/100 psn|[from] Salt Cure
|upkeep
|turn|31
|
|t:|1779698721
|move|p2a: Garganacl|Recover|p2a: Garganacl
|-heal|p2a: Garganacl|100/100
|move|p1a: Hatterene|Calm Mind|p1a: Hatterene
|-boost|p1a: Hatterene|spa|1
|-boost|p1a: Hatterene|spd|1
|
|-weather|Snowscape|[upkeep]
|-heal|p1a: Hatterene|82/100 psn|[from] item: Leftovers
|-damage|p1a: Hatterene|70/100 psn|[from] psn
|-damage|p1a: Hatterene|58/100 psn|[from] Salt Cure
|upkeep
|turn|32
|
|t:|1779698727
|move|p2a: Garganacl|Salt Cure|p1a: Hatterene
|-damage|p1a: Hatterene|44/100 psn
|move|p1a: Hatterene|Draining Kiss|p2a: Garganacl
|-damage|p2a: Garganacl|60/100
|-heal|p1a: Hatterene|91/100 psn|[from] drain|[of] p2a: Garganacl
|
|-weather|Snowscape|[upkeep]
|-heal|p2a: Garganacl|66/100|[from] item: Leftovers
|-heal|p1a: Hatterene|97/100 psn|[from] item: Leftovers
|-damage|p1a: Hatterene|85/100 psn|[from] psn
|-damage|p1a: Hatterene|73/100 psn|[from] Salt Cure
|upkeep
|turn|33
|
|t:|1779698732
|move|p2a: Garganacl|Protect|p2a: Garganacl
|-singleturn|p2a: Garganacl|Protect
|move|p1a: Hatterene|Psyshock|p2a: Garganacl
|-activate|p2a: Garganacl|move: Protect
|
|-weather|none
|-heal|p2a: Garganacl|73/100|[from] item: Leftovers
|-heal|p1a: Hatterene|79/100 psn|[from] item: Leftovers
|-damage|p1a: Hatterene|67/100 psn|[from] psn
|-damage|p1a: Hatterene|55/100 psn|[from] Salt Cure
|upkeep
|turn|34
|
|t:|1779698735
|move|p2a: Garganacl|Recover|p2a: Garganacl
|-heal|p2a: Garganacl|100/100
|move|p1a: Hatterene|Psyshock|p2a: Garganacl
|-damage|p2a: Garganacl|42/100
|
|-heal|p2a: Garganacl|48/100|[from] item: Leftovers
|-heal|p1a: Hatterene|60/100 psn|[from] item: Leftovers
|-damage|p1a: Hatterene|48/100 psn|[from] psn
|-damage|p1a: Hatterene|36/100 psn|[from] Salt Cure
|upkeep
|turn|35
|
|t:|1779698739
|move|p2a: Garganacl|Recover|p2a: Garganacl
|-heal|p2a: Garganacl|98/100
|move|p1a: Hatterene|Psyshock|p2a: Garganacl
|-damage|p2a: Garganacl|37/100
|
|-heal|p2a: Garganacl|43/100|[from] item: Leftovers
|-heal|p1a: Hatterene|42/100 psn|[from] item: Leftovers
|-damage|p1a: Hatterene|30/100 psn|[from] psn
|-damage|p1a: Hatterene|18/100 psn|[from] Salt Cure
|upkeep
|turn|36
|
|t:|1779698745
|move|p2a: Garganacl|Protect|p2a: Garganacl
|-singleturn|p2a: Garganacl|Protect
|move|p1a: Hatterene|Calm Mind|p1a: Hatterene
|-boost|p1a: Hatterene|spa|1
|-boost|p1a: Hatterene|spd|1
|
|-heal|p2a: Garganacl|49/100|[from] item: Leftovers
|-heal|p1a: Hatterene|24/100 psn|[from] item: Leftovers
|-damage|p1a: Hatterene|11/100 psn|[from] psn
|-damage|p1a: Hatterene|0 fnt|[from] Salt Cure
|faint|p1a: Hatterene
|upkeep
|
|t:|1779698750
|switch|p1a: Infernape|Infernape, F|100/100
|turn|37
|
|t:|1779698756
|switch|p2a: Ting-Lu|Ting-Lu|87/100
|-damage|p2a: Ting-Lu|81/100|[from] Stealth Rock
|-ability|p2a: Ting-Lu|Vessel of Ruin
|move|p1a: Infernape|Nasty Plot|p1a: Infernape
|-boost|p1a: Infernape|spa|2
|
|-heal|p2a: Ting-Lu|87/100|[from] item: Leftovers
|upkeep
|turn|38
|
|t:|1779698768
|move|p1a: Infernape|Aura Sphere|p2a: Ting-Lu
|-supereffective|p2a: Ting-Lu
|-damage|p2a: Ting-Lu|31/100
|move|p2a: Ting-Lu|Whirlwind|p1a: Infernape
|drag|p1a: Excadrill|Excadrill, M|100/100
|
|-heal|p2a: Ting-Lu|37/100|[from] item: Leftovers
|upkeep
|turn|39
|
|t:|1779698778
|move|p1a: Excadrill|Iron Head|p2a: Ting-Lu
|-damage|p2a: Ting-Lu|0 fnt
|faint|p2a: Ting-Lu
|
|upkeep
|
|t:|1779698782
|switch|p2a: Kyurem|Kyurem, tera:Ground|43/100
|-damage|p2a: Kyurem|37/100|[from] Stealth Rock
|-ability|p2a: Kyurem|Pressure
|turn|40
|
|t:|1779698788
|move|p2a: Kyurem|Protect|p2a: Kyurem
|-singleturn|p2a: Kyurem|Protect
|move|p1a: Excadrill|Iron Head|p2a: Kyurem
|-activate|p2a: Kyurem|move: Protect
|
|-heal|p2a: Kyurem|43/100|[from] item: Leftovers
|upkeep
|turn|41
|
|t:|1779698791
|move|p2a: Kyurem|Earth Power|p1a: Excadrill
|-supereffective|p1a: Excadrill
|-damage|p1a: Excadrill|0 fnt
|faint|p1a: Excadrill
|
|-heal|p2a: Kyurem|50/100|[from] item: Leftovers
|upkeep
|
|t:|1779698802
|switch|p1a: Darkrai|Darkrai|100/100
|turn|42
|
|t:|1779698804
|move|p2a: Kyurem|Protect|p2a: Kyurem
|-singleturn|p2a: Kyurem|Protect
|move|p1a: Darkrai|Dark Pulse|p2a: Kyurem
|-activate|p2a: Kyurem|move: Protect
|
|-heal|p2a: Kyurem|56/100|[from] item: Leftovers
|upkeep
|turn|43
|
|t:|1779698813
|switch|p2a: Corviknight|Corviknight, M|37/100 par
|-damage|p2a: Corviknight|25/100 par|[from] Stealth Rock
|-ability|p2a: Corviknight|Pressure
|move|p1a: Darkrai|Dark Pulse|p2a: Corviknight
|-crit|p2a: Corviknight
|-damage|p2a: Corviknight|0 fnt
|faint|p2a: Corviknight
|
|upkeep
|
|t:|1779698815
|switch|p2a: Slowking|Slowking-Galar, M|58/100
|-damage|p2a: Slowking|45/100|[from] Stealth Rock
|turn|44
|
|t:|1779698817
|move|p1a: Darkrai|Dark Pulse|p2a: Slowking
|-supereffective|p2a: Slowking
|-enditem|p2a: Slowking|Colbur Berry|[eat]
|-enditem|p2a: Slowking|Colbur Berry|[weaken]
|-damage|p2a: Slowking|6/100
|move|p2a: Slowking|Thunder Wave|p1a: Darkrai
|-status|p1a: Darkrai|par
|
|upkeep
|turn|45
|
|t:|1779698821
|move|p1a: Darkrai|Dark Pulse|p2a: Slowking
|-supereffective|p2a: Slowking
|-damage|p2a: Slowking|0 fnt
|faint|p2a: Slowking
|
|upkeep
|
|t:|1779698822
|switch|p2a: Kyurem|Kyurem, tera:Ground|56/100
|-damage|p2a: Kyurem|50/100|[from] Stealth Rock
|-ability|p2a: Kyurem|Pressure
|turn|46
|
|t:|1779698826
|move|p2a: Kyurem|Protect|p2a: Kyurem
|-singleturn|p2a: Kyurem|Protect
|cant|p1a: Darkrai|par
|
|-heal|p2a: Kyurem|56/100|[from] item: Leftovers
|upkeep
|turn|47
|
|t:|1779698829
|move|p2a: Kyurem|Substitute|p2a: Kyurem
|-start|p2a: Kyurem|Substitute
|-damage|p2a: Kyurem|31/100
|move|p1a: Darkrai|Dark Pulse|p2a: Kyurem
|-end|p2a: Kyurem|Substitute
|
|-heal|p2a: Kyurem|37/100|[from] item: Leftovers
|upkeep
|turn|48
|
|t:|1779698834
|move|p2a: Kyurem|Protect|p2a: Kyurem
|-singleturn|p2a: Kyurem|Protect
|move|p1a: Darkrai|Dark Pulse|p2a: Kyurem
|-activate|p2a: Kyurem|move: Protect
|
|-heal|p2a: Kyurem|43/100|[from] item: Leftovers
|upkeep
|turn|49
|
|t:|1779698837
|move|p2a: Kyurem|Substitute|p2a: Kyurem
|-start|p2a: Kyurem|Substitute
|-damage|p2a: Kyurem|18/100
|move|p1a: Darkrai|Dark Pulse|p2a: Kyurem
|-end|p2a: Kyurem|Substitute
|
|-heal|p2a: Kyurem|24/100|[from] item: Leftovers
|upkeep
|turn|50
|
|t:|1779698839
|move|p2a: Kyurem|Protect|p2a: Kyurem
|-singleturn|p2a: Kyurem|Protect
|move|p1a: Darkrai|Dark Pulse|p2a: Kyurem
|-activate|p2a: Kyurem|move: Protect
|
|-heal|p2a: Kyurem|30/100|[from] item: Leftovers
|upkeep
|turn|51
|
|t:|1779698841
|move|p2a: Kyurem|Substitute|p2a: Kyurem
|-start|p2a: Kyurem|Substitute
|-damage|p2a: Kyurem|5/100
|move|p1a: Darkrai|Dark Pulse|p2a: Kyurem
|-end|p2a: Kyurem|Substitute
|
|-heal|p2a: Kyurem|12/100|[from] item: Leftovers
|upkeep
|turn|52
|
|t:|1779698847
|move|p2a: Kyurem|Protect|p2a: Kyurem
|-singleturn|p2a: Kyurem|Protect
|cant|p1a: Darkrai|par
|
|-heal|p2a: Kyurem|18/100|[from] item: Leftovers
|upkeep
|turn|53
|
|t:|1779698852
|switch|p2a: Garganacl|Garganacl, M|49/100
|-damage|p2a: Garganacl|37/100|[from] Stealth Rock
|move|p1a: Darkrai|Dark Pulse|p2a: Garganacl
|-damage|p2a: Garganacl|0 fnt
|faint|p2a: Garganacl
|
|upkeep
|
|t:|1779698858
|switch|p2a: Cyclizar|Cyclizar, F|100/100
|turn|54
|
|t:|1779698862
|move|p2a: Cyclizar|Draco Meteor|p1a: Darkrai
|-damage|p1a: Darkrai|34/100 par
|-unboost|p2a: Cyclizar|spa|2
|move|p1a: Darkrai|Dark Pulse|p2a: Cyclizar
|-damage|p2a: Cyclizar|0 fnt
|faint|p2a: Cyclizar
|
|upkeep
|
|t:|1779698865
|switch|p2a: Kyurem|Kyurem, tera:Ground|18/100
|-damage|p2a: Kyurem|12/100|[from] Stealth Rock
|-ability|p2a: Kyurem|Pressure
|turn|55
|
|t:|1779698868
|switch|p1a: Infernape|Infernape, F|100/100
|move|p2a: Kyurem|Protect||[still]
|-fail|p2a: Kyurem
|
|-heal|p2a: Kyurem|18/100|[from] item: Leftovers
|upkeep
|turn|56
|
|t:|1779698871
|move|p1a: Infernape|Fire Blast|p2a: Kyurem
|-damage|p2a: Kyurem|0 fnt
|faint|p2a: Kyurem
|
|win|ekekdkdmdmwksl
|raw|ekekdkdmdmwksl's rating: 1324 &rarr; <strong>1345</strong><br />(+21 for winning)
|raw|draconotmeteor's rating: 1350 &rarr; <strong>1329</strong><br />(-21 for losing)
|l|☆draconotmeteor
|player|p2|
|l|‽ekekdkdmdmwksl
|player|p1|
