|j|☆ANGEL ENGINE
|j|☆kitakami kitchen
|t:|1779602145
|gametype|singles
|player|p1|ANGEL ENGINE|lucas|1551
|player|p2|kitakami kitchen|roxie|1594
|gen|9
|tier|[Gen 9] OU
|rated|
|rule|HP Percentage Mod: HP is shown in percentages
|rule|Endless Battle Clause: Forcing endless battles is banned
|rule|Species Clause: Limit one of each Pokémon
|rule|OHKO Clause: OHKO moves are banned
|rule|Evasion Items Clause: Evasion items are banned
|rule|Evasion Moves Clause: Evasion moves are banned
|rule|Evasion Abilities Clause: Evasion abilities are banned
|rule|Sleep Moves Clause: Sleep-inducing moves are banned
|clearpoke
|poke|p1|Primarina, M|
|poke|p1|Weavile, M|
|poke|p1|Dragonite, F|
|poke|p1|Mamoswine, F|
|poke|p1|Zamazenta-*|
|poke|p1|Gholdengo|
|poke|p2|Primarina, F|
|poke|p2|Gliscor, M|
|poke|p2|Slowking-Galar, F|
|poke|p2|Avalugg, M|
|poke|p2|Dragapult, F|
|poke|p2|Kingambit, M|
|teampreview
|inactive|Battle timer is ON: inactive players will automatically lose when time's up. (requested by ANGEL ENGINE)
|
|t:|1779602158
|teamsize|p1|6
|teamsize|p2|6
|start
|switch|p1a: Mamoswine|Mamoswine, F|100/100
|switch|p2a: Primarina|Primarina, F|100/100
|turn|1
|
|t:|1779602164
|move|p1a: Mamoswine|Stealth Rock|p2a: Primarina
|-sidestart|p2: kitakami kitchen|move: Stealth Rock
|move|p2a: Primarina|Surf|p1a: Mamoswine
|-supereffective|p1a: Mamoswine
|-enditem|p1a: Mamoswine|Focus Sash
|-damage|p1a: Mamoswine|1/100
|
|upkeep
|turn|2
|
|t:|1779602170
|switch|p2a: Dragapult|Dragapult, F|100/100
|-damage|p2a: Dragapult|88/100|[from] Stealth Rock
|move|p1a: Mamoswine|Endeavor|p2a: Dragapult
|-immune|p2a: Dragapult
|
|upkeep
|turn|3
|
|t:|1779602179
|move|p1a: Mamoswine|Ice Shard|p2a: Dragapult
|-supereffective|p2a: Dragapult
|-damage|p2a: Dragapult|22/100
|move|p2a: Dragapult|U-turn|p1a: Mamoswine
|-damage|p1a: Mamoswine|0 fnt
|faint|p1a: Mamoswine
|
|t:|1779602192
|switch|p2a: Gliscor|Gliscor, M|100/100|[from] U-turn
|-damage|p2a: Gliscor|88/100|[from] Stealth Rock
|
|-status|p2a: Gliscor|tox|[from] item: Toxic Orb
|upkeep
|
|t:|1779602202
|switch|p1a: Primarina|Primarina, M|100/100
|turn|4
|
|t:|1779602205
|switch|p2a: Slowking|Slowking-Galar, F|100/100
|move|p1a: Primarina|Surf|p2a: Slowking
|-damage|p2a: Slowking|69/100
|
|upkeep
|turn|5
|
|t:|1779602213
|move|p1a: Primarina|Surf|p2a: Slowking
|-damage|p2a: Slowking|41/100
|-prepare|p2a: Slowking|Chilly Reception|[premajor]
|move|p2a: Slowking|Chilly Reception|p2a: Slowking
|-weather|Snowscape
|
|t:|1779602218
|switch|p2a: Primarina|Primarina, F|100/100|[from] Chilly Reception
|-damage|p2a: Primarina|88/100|[from] Stealth Rock
|
|-weather|Snowscape|[upkeep]
|upkeep
|turn|6
|
|t:|1779602223
|move|p1a: Primarina|Psychic Noise|p2a: Primarina
|-damage|p2a: Primarina|70/100
|-start|p2a: Primarina|move: Heal Block
|move|p2a: Primarina|Moonblast|p1a: Primarina
|-damage|p1a: Primarina|67/100
|-unboost|p1a: Primarina|spa|1
|
|-weather|Snowscape|[upkeep]
|upkeep
|turn|7
|
|t:|1779602233
|switch|p1a: Gholdengo|Gholdengo|100/100
|move|p2a: Primarina|Flip Turn|p1a: Gholdengo
|-damage|p1a: Gholdengo|85/100
|
|t:|1779602240
|switch|p2a: Gliscor|Gliscor, M|88/100 tox|[from] Flip Turn
|-damage|p2a: Gliscor|75/100 tox|[from] Stealth Rock
|
|-weather|Snowscape|[upkeep]
|-heal|p2a: Gliscor|88/100 tox|[from] ability: Poison Heal
|upkeep
|turn|8
|
|t:|1779602247
|move|p1a: Gholdengo|Nasty Plot|p1a: Gholdengo
|-boost|p1a: Gholdengo|spa|2
|move|p2a: Gliscor|Knock Off|p1a: Gholdengo
|-supereffective|p1a: Gholdengo
|-damage|p1a: Gholdengo|38/100
|-enditem|p1a: Gholdengo|Salac Berry|[from] move: Knock Off|[of] p2a: Gliscor
|
|-weather|Snowscape|[upkeep]
|-heal|p2a: Gliscor|100/100 tox|[from] ability: Poison Heal
|upkeep
|turn|9
|inactive|kitakami kitchen has 120 seconds left.
|
|t:|1779602305
|-terastallize|p2a: Gliscor|Water
|move|p1a: Gholdengo|Shadow Ball|p2a: Gliscor
|-damage|p2a: Gliscor|29/100 tox
|move|p2a: Gliscor|Earthquake|p1a: Gholdengo
|-supereffective|p1a: Gholdengo
|-damage|p1a: Gholdengo|0 fnt
|faint|p1a: Gholdengo
|
|-weather|none
|-heal|p2a: Gliscor|41/100 tox|[from] ability: Poison Heal
|upkeep
|inactive|ANGEL ENGINE has 120 seconds left.
|
|t:|1779602336
|switch|p1a: Zamazenta|Zamazenta|100/100
|-ability|p1a: Zamazenta|Dauntless Shield|boost
|-boost|p1a: Zamazenta|def|1
|turn|10
|
|t:|1779602345
|switch|p2a: Slowking|Slowking-Galar, F|74/100
|move|p1a: Zamazenta|Crunch|p2a: Slowking
|-supereffective|p2a: Slowking
|-damage|p2a: Slowking|0 fnt
|faint|p2a: Slowking
|-damage|p1a: Zamazenta|91/100|[from] item: Life Orb
|
|upkeep
|inactive|kitakami kitchen has 90 seconds left.
|
|t:|1779602376
|switch|p2a: Avalugg|Avalugg, M|100/100
|turn|11
|
|t:|1779602380
|move|p1a: Zamazenta|Close Combat|p2a: Avalugg
|-supereffective|p2a: Avalugg
|-damage|p2a: Avalugg|32/100
|-unboost|p1a: Zamazenta|def|1
|-unboost|p1a: Zamazenta|spd|1
|-damage|p1a: Zamazenta|81/100|[from] item: Life Orb
|move|p2a: Avalugg|Rapid Spin|p1a: Zamazenta
|-damage|p1a: Zamazenta|69/100
|-boost|p2a: Avalugg|spe|1
|-sideend|p2: kitakami kitchen|Stealth Rock|[from] move: Rapid Spin|[of] p2a: Avalugg
|
|upkeep
|turn|12
|inactive|kitakami kitchen has 90 seconds left.
|
|t:|1779602398
|switch|p2a: Gliscor|Gliscor, M, tera:Water|41/100 tox
|move|p1a: Zamazenta|Stone Edge|p2a: Gliscor
|-damage|p2a: Gliscor|2/100 tox
|-damage|p1a: Zamazenta|59/100|[from] item: Life Orb
|
|-heal|p2a: Gliscor|14/100 tox|[from] ability: Poison Heal
|upkeep
|turn|13
|inactive|kitakami kitchen has 90 seconds left.
|
|t:|1779602408
|move|p2a: Gliscor|Protect|p2a: Gliscor
|-singleturn|p2a: Gliscor|Protect
|move|p1a: Zamazenta|Crunch|p2a: Gliscor
|-activate|p2a: Gliscor|move: Protect
|
|-heal|p2a: Gliscor|27/100 tox|[from] ability: Poison Heal
|upkeep
|turn|14
|inactive|kitakami kitchen has 90 seconds left.
|j| crust king kahn
|
|t:|1779602422
|move|p1a: Zamazenta|Crunch|p2a: Gliscor
|-damage|p2a: Gliscor|0 fnt
|faint|p2a: Gliscor
|-damage|p1a: Zamazenta|49/100|[from] item: Life Orb
|
|upkeep
|
|t:|1779602425
|switch|p2a: Dragapult|Dragapult, F|22/100
|turn|15
|
|t:|1779602435
|move|p2a: Dragapult|Shadow Ball|p1a: Zamazenta
|-damage|p1a: Zamazenta|0 fnt
|faint|p1a: Zamazenta
|
|upkeep
|
|t:|1779602437
|switch|p1a: Weavile|Weavile, M|100/100
|turn|16
|
|t:|1779602446
|switch|p2a: Kingambit|Kingambit, M|100/100
|-activate|p2a: Kingambit|ability: Supreme Overlord
|-start|p2a: Kingambit|fallen2|[silent]
|move|p1a: Weavile|Ice Shard|p2a: Kingambit
|-resisted|p2a: Kingambit
|-damage|p2a: Kingambit|92/100
|
|-heal|p2a: Kingambit|98/100|[from] item: Leftovers
|upkeep
|turn|17
|
|t:|1779602460
|-end|p2a: Kingambit|fallen2|[silent]
|switch|p2a: Primarina|Primarina, F|70/100
|move|p1a: Weavile|Low Kick|p2a: Primarina
|-resisted|p2a: Primarina
|-damage|p2a: Primarina|58/100
|
|upkeep
|turn|18
|
|t:|1779602464
|switch|p1a: Primarina|Primarina, M|67/100
|move|p2a: Primarina|Moonblast|p1a: Primarina
|-crit|p1a: Primarina
|-damage|p1a: Primarina|19/100
|
|upkeep
|turn|19
|inactive|kitakami kitchen has 120 seconds left.
|inactive|kitakami kitchen has 90 seconds left.
|inactive|kitakami kitchen has 60 seconds left.
|
|t:|1779602543
|switch|p2a: Kingambit|Kingambit, M|98/100
|-activate|p2a: Kingambit|ability: Supreme Overlord
|-start|p2a: Kingambit|fallen2|[silent]
|move|p1a: Primarina|Moonblast|p2a: Kingambit
|-damage|p2a: Kingambit|38/100
|
|-heal|p2a: Kingambit|44/100|[from] item: Leftovers
|upkeep
|turn|20
|
|t:|1779602546
|move|p2a: Kingambit|Sucker Punch|p1a: Primarina
|-resisted|p1a: Primarina
|-damage|p1a: Primarina|0 fnt
|faint|p1a: Primarina
|
|-heal|p2a: Kingambit|51/100|[from] item: Leftovers
|upkeep
|
|t:|1779602548
|switch|p1a: Dragonite|Dragonite, F|100/100
|turn|21
|
|t:|1779602554
|move|p1a: Dragonite|Dragon Dance|p1a: Dragonite
|-boost|p1a: Dragonite|atk|1
|-boost|p1a: Dragonite|spe|1
|move|p2a: Kingambit|Kowtow Cleave|p1a: Dragonite
|-damage|p1a: Dragonite|65/100
|
|-heal|p2a: Kingambit|57/100|[from] item: Leftovers
|upkeep
|turn|22
|
|t:|1779602579
|move|p1a: Dragonite|Fire Punch|p2a: Kingambit
|-supereffective|p2a: Kingambit
|-damage|p2a: Kingambit|0 fnt
|faint|p2a: Kingambit
|-end|p2a: Kingambit|fallen2|[silent]
|
|upkeep
|inactive|kitakami kitchen has 60 seconds left.
|
|t:|1779602597
|switch|p2a: Avalugg|Avalugg, M|32/100
|turn|23
|
|t:|1779602606
|move|p1a: Dragonite|Scale Shot|p2a: Avalugg
|-damage|p2a: Avalugg|24/100
|-damage|p2a: Avalugg|14/100
|-damage|p2a: Avalugg|4/100
|-damage|p2a: Avalugg|0 fnt
|faint|p2a: Avalugg
|-hitcount|p2: Avalugg|4
|-unboost|p1a: Dragonite|def|1
|-boost|p1a: Dragonite|spe|1
|
|upkeep
|inactive|kitakami kitchen has 60 seconds left.
|
|t:|1779602630
|switch|p2a: Primarina|Primarina, F|58/100
|turn|24
|
|t:|1779602645
|-terastallize|p1a: Dragonite|Fire
|move|p1a: Dragonite|Fire Punch|p2a: Primarina
|-resisted|p2a: Primarina
|-damage|p2a: Primarina|11/100
|move|p2a: Primarina|Surf|p1a: Dragonite
|-supereffective|p1a: Dragonite
|-damage|p1a: Dragonite|0 fnt
|faint|p1a: Dragonite
|
|upkeep
|l| crust king kahn
|j| crust king kahn
|
|t:|1779602663
|switch|p1a: Weavile|Weavile, M|100/100
|turn|25
|
|t:|1779602665
|move|p1a: Weavile|Knock Off|p2a: Primarina
|-resisted|p2a: Primarina
|-damage|p2a: Primarina|0 fnt
|-enditem|p2a: Primarina|Assault Vest|[from] move: Knock Off|[of] p1a: Weavile
|faint|p2a: Primarina
|
|upkeep
|l| crust king kahn
|
|t:|1779602668
|switch|p2a: Dragapult|Dragapult, F|22/100
|turn|26
|
|t:|1779602673
|move|p1a: Weavile|Ice Shard|p2a: Dragapult
|-supereffective|p2a: Dragapult
|-damage|p2a: Dragapult|0 fnt
|faint|p2a: Dragapult
|
|win|ANGEL ENGINE
|raw|ANGEL ENGINE's rating: 1551 &rarr; <strong>1573</strong><br />(+22 for winning)
|raw|kitakami kitchen's rating: 1594 &rarr; <strong>1572</strong><br />(-22 for losing)
|l|☆kitakami kitchen
|player|p2|
|l|☆ANGEL ENGINE
|player|p1|
