|j|☆The big RPM
|j|☆Xenofist
|t:|1779573003
|gametype|singles
|player|p1|The big RPM|crasherwake|1428
|player|p2|Xenofist|blackbelt-gen4dp|1371
|gen|9
|tier|[Gen 9] OU
|rated|
|rule|HP Percentage Mod: HP is shown in percentages
|rule|Endless Battle Clause: Forcing endless battles is banned
|rule|Species Clause: Limit one of each Pokémon
|rule|OHKO Clause: OHKO moves are banned
|rule|Evasion Items Clause: Evasion items are banned
|rule|Evasion Moves Clause: Evasion moves are banned
|rule|Evasion Abilities Clause: Evasion abilities are banned
|rule|Sleep Moves Clause: Sleep-inducing moves are banned
|clearpoke
|poke|p1|Zamazenta-*|
|poke|p1|Darkrai|
|poke|p1|Hydrapple, M|
|poke|p1|Ting-Lu|
|poke|p1|Tinkaton, F|
|poke|p1|Moltres|
|poke|p2|Hoopa|
|poke|p2|Cinderace, M|
|poke|p2|Mandibuzz, F|
|poke|p2|Kyurem|
|poke|p2|Ting-Lu|
|poke|p2|Manaphy|
|teampreview
|
|t:|1779573013
|teamsize|p1|6
|teamsize|p2|6
|start
|switch|p1a: Tinkaton|Tinkaton, F|100/100
|switch|p2a: Ting-Lucifer|Ting-Lu|100/100
|-ability|p1a: Tinkaton|Mold Breaker
|-item|p1a: Tinkaton|Air Balloon
|-ability|p2a: Ting-Lucifer|Vessel of Ruin
|turn|1
|
|t:|1779573027
|move|p1a: Tinkaton|Stealth Rock|p2a: Ting-Lucifer
|-sidestart|p2: Xenofist|move: Stealth Rock
|move|p2a: Ting-Lucifer|Stealth Rock|p1a: Tinkaton
|-sidestart|p1: The big RPM|move: Stealth Rock
|
|upkeep
|turn|2
|
|t:|1779573037
|switch|p1a: Hydrapple|Hydrapple, M|100/100
|move|p2a: Ting-Lucifer|Heavy Slam|p1a: Hydrapple
|-damage|p1a: Hydrapple|76/100
|
|upkeep
|turn|3
|
|t:|1779573045
|move|p2a: Ting-Lucifer|Stone Edge|p1a: Hydrapple|[miss]
|-miss|p2a: Ting-Lucifer|p1a: Hydrapple
|move|p1a: Hydrapple|Nasty Plot|p1a: Hydrapple
|-boost|p1a: Hydrapple|spa|2
|
|upkeep
|turn|4
|
|t:|1779573053
|move|p2a: Ting-Lucifer|Stone Edge|p1a: Hydrapple
|-damage|p1a: Hydrapple|57/100
|move|p1a: Hydrapple|Giga Drain|p2a: Ting-Lucifer
|-supereffective|p2a: Ting-Lucifer
|-damage|p2a: Ting-Lucifer|26/100
|-heal|p1a: Hydrapple|100/100|[from] drain|[of] p2a: Ting-Lucifer
|-enditem|p2a: Ting-Lucifer|Weakness Policy
|-boost|p2a: Ting-Lucifer|atk|2|[from] item: Weakness Policy
|-boost|p2a: Ting-Lucifer|spa|2|[from] item: Weakness Policy
|
|upkeep
|turn|5
|
|t:|1779573068
|move|p2a: Ting-Lucifer|Heavy Slam|p1a: Hydrapple
|-damage|p1a: Hydrapple|50/100
|move|p1a: Hydrapple|Giga Drain|p2a: Ting-Lucifer
|-supereffective|p2a: Ting-Lucifer
|-damage|p2a: Ting-Lucifer|0 fnt
|-heal|p1a: Hydrapple|65/100|[from] drain|[of] p2a: Ting-Lucifer
|faint|p2a: Ting-Lucifer
|
|upkeep
|
|t:|1779573074
|switch|p2a: Kyurem|Kyurem|100/100
|-damage|p2a: Kyurem|76/100|[from] Stealth Rock
|-ability|p2a: Kyurem|Pressure
|turn|6
|
|t:|1779573105
|switch|p1a: Tinkaton|Tinkaton, F|100/100
|-damage|p1a: Tinkaton|94/100|[from] Stealth Rock
|-ability|p1a: Tinkaton|Mold Breaker
|-item|p1a: Tinkaton|Air Balloon
|move|p2a: Kyurem|Ice Beam|p1a: Tinkaton
|-resisted|p1a: Tinkaton
|-damage|p1a: Tinkaton|75/100
|-status|p1a: Tinkaton|frz
|-enditem|p1a: Tinkaton|Air Balloon
|
|upkeep
|turn|7
|
|t:|1779573118
|switch|p2a: Hoopa|Hoopa|100/100
|-damage|p2a: Hoopa|88/100|[from] Stealth Rock
|cant|p1a: Tinkaton|frz
|
|upkeep
|turn|8
|
|t:|1779573124
|cant|p1a: Tinkaton|frz
|move|p2a: Hoopa|Substitute|p2a: Hoopa
|-start|p2a: Hoopa|Substitute
|-damage|p2a: Hoopa|63/100
|
|upkeep
|turn|9
|
|t:|1779573130
|cant|p1a: Tinkaton|frz
|move|p2a: Hoopa|Calm Mind|p2a: Hoopa
|-boost|p2a: Hoopa|spa|1
|-boost|p2a: Hoopa|spd|1
|
|upkeep
|turn|10
|
|t:|1779573135
|cant|p1a: Tinkaton|frz
|move|p2a: Hoopa|Calm Mind|p2a: Hoopa
|-boost|p2a: Hoopa|spa|1
|-boost|p2a: Hoopa|spd|1
|
|upkeep
|turn|11
|
|t:|1779573142
|cant|p1a: Tinkaton|frz
|move|p2a: Hoopa|Shadow Ball|p1a: Tinkaton
|-damage|p1a: Tinkaton|0 fnt
|faint|p1a: Tinkaton
|
|upkeep
|
|t:|1779573149
|switch|p1a: Ting-Lu|Ting-Lu|100/100
|-damage|p1a: Ting-Lu|94/100|[from] Stealth Rock
|-ability|p1a: Ting-Lu|Vessel of Ruin
|turn|12
|inactive|Battle timer is ON: inactive players will automatically lose when time's up. (requested by Xenofist)
|
|t:|1779573155
|move|p2a: Hoopa|Focus Blast|p1a: Ting-Lu
|-supereffective|p1a: Ting-Lu
|-damage|p1a: Ting-Lu|16/100
|move|p1a: Ting-Lu|Whirlwind|p2a: Hoopa
|drag|p2a: Kyurem|Kyurem|76/100
|-damage|p2a: Kyurem|51/100|[from] Stealth Rock
|-ability|p2a: Kyurem|Pressure
|
|-heal|p1a: Ting-Lu|23/100|[from] item: Leftovers
|upkeep
|turn|13
|
|t:|1779573168
|switch|p1a: Zamazenta|Zamazenta|100/100
|-ability|p1a: Zamazenta|Dauntless Shield|boost
|-boost|p1a: Zamazenta|def|1
|move|p2a: Kyurem|Ice Beam|p1a: Zamazenta
|-damage|p1a: Zamazenta|58/100
|-status|p1a: Zamazenta|frz
|
|upkeep
|turn|14
|c|☆Xenofist|unfortunate
|c|☆Xenofist|honestly
|c|☆The big RPM|lmao
|
|t:|1779573183
|switch|p2a: Hoopa|Hoopa|63/100
|-damage|p2a: Hoopa|51/100|[from] Stealth Rock
|cant|p1a: Zamazenta|frz
|
|upkeep
|turn|15
|
|t:|1779573190
|switch|p1a: Moltres|Moltres|100/100
|move|p2a: Hoopa|Substitute|p2a: Hoopa
|-start|p2a: Hoopa|Substitute
|-damage|p2a: Hoopa|26/100
|
|upkeep
|turn|16
|
|t:|1779573198
|move|p2a: Hoopa|Shadow Ball|p1a: Moltres
|-crit|p1a: Moltres
|-damage|p1a: Moltres|27/100
|move|p1a: Moltres|Roar|p2a: Hoopa
|drag|p2a: Cinderace|Cinderace, M|100/100
|-damage|p2a: Cinderace|76/100|[from] Stealth Rock
|
|upkeep
|turn|17
|c|☆Xenofist|yea wtf is my luck
|c|☆Xenofist|u deserve this win honestly
|c|☆The big RPM|buy a lottery ticket
|inactive|The big RPM has 120 seconds left.
|
|t:|1779573229
|switch|p2a: Manaphy|Manaphy|100/100
|-damage|p2a: Manaphy|88/100|[from] Stealth Rock
|move|p1a: Moltres|Roost|p1a: Moltres
|-heal|p1a: Moltres|78/100
|-singleturn|p1a: Moltres|move: Roost
|
|-heal|p2a: Manaphy|94/100|[from] item: Leftovers
|upkeep
|turn|18
|inactive|The big RPM has 120 seconds left.
|
|t:|1779573244
|switch|p1a: Darkrai|Darkrai, shiny|100/100
|move|p2a: Manaphy|Tail Glow|p2a: Manaphy
|-boost|p2a: Manaphy|spa|3
|
|-heal|p2a: Manaphy|100/100|[from] item: Leftovers
|upkeep
|turn|19
|inactive|Xenofist has 120 seconds left.
|
|t:|1779573288
|move|p1a: Darkrai|Dark Pulse|p2a: Manaphy
|-damage|p2a: Manaphy|65/100
|move|p2a: Manaphy|Scald|p1a: Darkrai
|-damage|p1a: Darkrai|7/100
|
|-heal|p2a: Manaphy|71/100|[from] item: Leftovers
|upkeep
|turn|20
|
|t:|1779573300
|move|p1a: Darkrai|Knock Off|p2a: Manaphy
|-damage|p2a: Manaphy|47/100
|-enditem|p2a: Manaphy|Leftovers|[from] move: Knock Off|[of] p1a: Darkrai
|move|p2a: Manaphy|Scald|p1a: Darkrai
|-crit|p1a: Darkrai
|-damage|p1a: Darkrai|0 fnt
|faint|p1a: Darkrai
|
|upkeep
|c|☆Xenofist|ggs
|inactive|The big RPM has 120 seconds left.
|
|t:|1779573312
|switch|p1a: Zamazenta|Zamazenta|58/100 frz
|turn|21
|
|t:|1779573315
|cant|p1a: Zamazenta|frz
|move|p2a: Manaphy|Alluring Voice|p1a: Zamazenta
|-supereffective|p1a: Zamazenta
|-damage|p1a: Zamazenta|0 fnt
|faint|p1a: Zamazenta
|
|upkeep
|
|t:|1779573322
|switch|p1a: Hydrapple|Hydrapple, M|98/100
|turn|22
|
|t:|1779573325
|-terastallize|p2a: Manaphy|Poison
|-terastallize|p1a: Hydrapple|Poison
|move|p2a: Manaphy|Alluring Voice|p1a: Hydrapple
|-resisted|p1a: Hydrapple
|-damage|p1a: Hydrapple|72/100
|move|p1a: Hydrapple|Giga Drain|p2a: Manaphy
|-resisted|p2a: Manaphy
|-damage|p2a: Manaphy|33/100
|-heal|p1a: Hydrapple|79/100|[from] drain|[of] p2a: Manaphy
|
|upkeep
|turn|23
|
|t:|1779573335
|move|p2a: Manaphy|Scald|p1a: Hydrapple
|-damage|p1a: Hydrapple|4/100
|move|p1a: Hydrapple|Earth Power|p2a: Manaphy
|-supereffective|p2a: Manaphy
|-damage|p2a: Manaphy|0 fnt
|faint|p2a: Manaphy
|
|upkeep
|
|t:|1779573351
|switch|p2a: Hoopa|Hoopa|26/100
|-damage|p2a: Hoopa|13/100|[from] Stealth Rock
|-enditem|p2a: Hoopa|Aguav Berry|[eat]
|-heal|p2a: Hoopa|46/100|[from] item: Aguav Berry
|turn|24
|
|t:|1779573358
|switch|p1a: Ting-Lu|Ting-Lu|23/100
|-damage|p1a: Ting-Lu|16/100|[from] Stealth Rock
|-ability|p1a: Ting-Lu|Vessel of Ruin
|move|p2a: Hoopa|Shadow Ball|p1a: Ting-Lu
|-resisted|p1a: Ting-Lu
|-damage|p1a: Ting-Lu|7/100
|-item|p2a: Hoopa|Leftovers|[from] ability: Magician|[of] p1a: Ting-Lu
|
|-heal|p2a: Hoopa|52/100|[from] item: Leftovers
|upkeep
|turn|25
|
|t:|1779573371
|move|p2a: Hoopa|Shadow Ball|p1a: Ting-Lu
|-resisted|p1a: Ting-Lu
|-damage|p1a: Ting-Lu|0 fnt
|faint|p1a: Ting-Lu
|
|-heal|p2a: Hoopa|59/100|[from] item: Leftovers
|upkeep
|
|t:|1779573379
|switch|p1a: Hydrapple|Hydrapple, M, tera:Poison|38/100
|turn|26
|
|t:|1779573387
|switch|p1a: Moltres|Moltres|78/100
|move|p2a: Hoopa|Shadow Ball|p1a: Moltres
|-damage|p1a: Moltres|24/100
|
|-heal|p2a: Hoopa|65/100|[from] item: Leftovers
|upkeep
|turn|27
|
|t:|1779573401
|move|p1a: Moltres|Flamethrower|p2a: Hoopa
|-damage|p2a: Hoopa|35/100
|move|p2a: Hoopa|Shadow Ball|p1a: Moltres
|-crit|p1a: Moltres
|-damage|p1a: Moltres|0 fnt
|faint|p1a: Moltres
|
|-heal|p2a: Hoopa|41/100|[from] item: Leftovers
|upkeep
|
|t:|1779573410
|switch|p1a: Hydrapple|Hydrapple, M, tera:Poison|71/100
|turn|28
|
|t:|1779573421
|move|p2a: Hoopa|Shadow Ball|p1a: Hydrapple
|-damage|p1a: Hydrapple|20/100
|move|p1a: Hydrapple|Giga Drain|p2a: Hoopa
|-damage|p2a: Hoopa|14/100
|-heal|p1a: Hydrapple|31/100|[from] drain|[of] p2a: Hoopa
|
|-heal|p2a: Hoopa|20/100|[from] item: Leftovers
|upkeep
|turn|29
|
|t:|1779573429
|move|p2a: Hoopa|Shadow Ball|p1a: Hydrapple
|-crit|p1a: Hydrapple
|-damage|p1a: Hydrapple|0 fnt
|faint|p1a: Hydrapple
|
|win|Xenofist
|raw|The big RPM's rating: 1428 &rarr; <strong>1405</strong><br />(-23 for losing)
|raw|Xenofist's rating: 1371 &rarr; <strong>1394</strong><br />(+23 for winning)
