|j|☆fistmybump
|j|☆AnOriginalName3
|t:|1779589744
|gametype|singles
|player|p1|fistmybump|170|1512
|player|p2|AnOriginalName3|richboy-gen4|1524
|gen|9
|tier|[Gen 9] OU
|rated|
|rule|HP Percentage Mod: HP is shown in percentages
|rule|Endless Battle Clause: Forcing endless battles is banned
|rule|Species Clause: Limit one of each Pokémon
|rule|OHKO Clause: OHKO moves are banned
|rule|Evasion Items Clause: Evasion items are banned
|rule|Evasion Moves Clause: Evasion moves are banned
|rule|Evasion Abilities Clause: Evasion abilities are banned
|rule|Sleep Moves Clause: Sleep-inducing moves are banned
|clearpoke
|poke|p1|Lokix, M|
|poke|p1|Iron Crown|
|poke|p1|Great Tusk|
|poke|p1|Enamorus, F|
|poke|p1|Ogerpon-Wellspring, F|
|poke|p1|Alomomola, M|
|poke|p2|Ogerpon, F|
|poke|p2|Gliscor, M|
|poke|p2|Volcanion|
|poke|p2|Salazzle, F|
|poke|p2|Slither Wing|
|poke|p2|Cinccino, F|
|teampreview
|inactive|Battle timer is ON: inactive players will automatically lose when time's up. (requested by fistmybump)
|j| Concept Everything
|
|t:|1779589759
|teamsize|p1|6
|teamsize|p2|6
|start
|switch|p1a: Gin|Enamorus, F|100/100
|switch|p2a: Slither Wing|Slither Wing|100/100
|turn|1
|c|☆AnOriginalName3|Great username btw
|
|t:|1779589773
|-end|p2a: Slither Wing|Protosynthesis|[silent]
|switch|p2a: Volcanion|Volcanion|100/100
|move|p1a: Gin|Moonblast|p2a: Volcanion
|-resisted|p2a: Volcanion
|-damage|p2a: Volcanion|70/100
|
|upkeep
|turn|2
|
|t:|1779589783
|move|p1a: Gin|Moonblast|p2a: Volcanion
|-resisted|p2a: Volcanion
|-damage|p2a: Volcanion|39/100
|move|p2a: Volcanion|Fire Blast|p1a: Gin|[miss]
|-miss|p2a: Volcanion|p1a: Gin
|
|upkeep
|turn|3
|j| FaronAan
|
|t:|1779589802
|switch|p1a: Pisces|Alomomola, M|100/100
|switch|p2a: Salazzle|Salazzle, F|100/100
|
|upkeep
|turn|4
|
|t:|1779589807
|move|p2a: Salazzle|Toxic|p1a: Pisces
|-status|p1a: Pisces|tox
|move|p1a: Pisces|Flip Turn|p2a: Salazzle
|-supereffective|p2a: Salazzle
|-damage|p2a: Salazzle|36/100
|c|☆fistmybump|Ty u2
|
|t:|1779589834
|switch|p1a: Edgar|Lokix, M|100/100|[from] Flip Turn
|
|upkeep
|turn|5
|
|t:|1779589837
|switch|p2a: Slither Wing|Slither Wing|100/100
|move|p1a: Edgar|First Impression|p2a: Slither Wing
|-resisted|p2a: Slither Wing
|-damage|p2a: Slither Wing|50/100
|-damage|p1a: Edgar|84/100|[from] item: Rocky Helmet|[of] p2a: Slither Wing
|
|upkeep
|turn|6
|
|t:|1779589842
|switch|p1a: Gin|Enamorus, F|100/100
|move|p2a: Slither Wing|U-turn|p1a: Gin
|-resisted|p1a: Gin
|-damage|p1a: Gin|88/100
|
|t:|1779589844
|-end|p2a: Slither Wing|Protosynthesis|[silent]
|switch|p2a: Salazzle|Salazzle, F|36/100|[from] U-turn
|
|upkeep
|turn|7
|
|t:|1779589852
|move|p2a: Salazzle|Fire Blast|p1a: Gin
|-damage|p1a: Gin|9/100
|move|p1a: Gin|Earth Power|p2a: Salazzle
|-supereffective|p2a: Salazzle
|-damage|p2a: Salazzle|0 fnt
|faint|p2a: Salazzle
|
|upkeep
|
|t:|1779589857
|switch|p2a: Gliscor|Gliscor, M|100/100
|turn|8
|
|t:|1779589861
|switch|p1a: Joegerpon|Ogerpon-Wellspring, F|100/100
|move|p2a: Gliscor|Toxic|p1a: Joegerpon
|-status|p1a: Joegerpon|tox
|
|-damage|p1a: Joegerpon|95/100 tox|[from] psn
|-status|p2a: Gliscor|tox|[from] item: Toxic Orb
|upkeep
|turn|9
|
|t:|1779589866
|switch|p2a: Slither Wing|Slither Wing|50/100
|move|p1a: Joegerpon|Substitute|p1a: Joegerpon
|-start|p1a: Joegerpon|Substitute
|-damage|p1a: Joegerpon|70/100 tox
|
|-damage|p1a: Joegerpon|58/100 tox|[from] psn
|upkeep
|turn|10
|
|t:|1779589868
|move|p2a: Slither Wing|First Impression|p1a: Joegerpon
|-supereffective|p1a: Joegerpon
|-end|p1a: Joegerpon|Substitute
|move|p1a: Joegerpon|Ivy Cudgel|p2a: Slither Wing|[anim] Ivy Cudgel Water
|-damage|p2a: Slither Wing|6/100
|
|-damage|p1a: Joegerpon|40/100 tox|[from] psn
|upkeep
|turn|11
|
|t:|1779589870
|-end|p2a: Slither Wing|Protosynthesis|[silent]
|switch|p2a: Volcanion|Volcanion|39/100
|move|p1a: Joegerpon|Ivy Cudgel|p2a: Volcanion|[anim] Ivy Cudgel Water
|-heal|p2a: Volcanion|64/100|[from] ability: Water Absorb|[of] p1a: Joegerpon
|
|-damage|p1a: Joegerpon|16/100 tox|[from] psn
|upkeep
|turn|12
|j| Kyurem
|
|t:|1779589881
|switch|p2a: Slither Wing|Slither Wing|6/100
|move|p1a: Joegerpon|Power Whip|p2a: Slither Wing
|-resisted|p2a: Slither Wing
|-damage|p2a: Slither Wing|0 fnt
|-damage|p1a: Joegerpon|0 fnt|[from] item: Rocky Helmet|[of] p2a: Slither Wing
|faint|p2a: Slither Wing
|-end|p2a: Slither Wing|Protosynthesis|[silent]
|faint|p1a: Joegerpon
|
|upkeep
|c|☆AnOriginalName3|Why the hell are so many ppl joining lmao
|
|t:|1779589898
|switch|p1a: Edgar|Lokix, M|84/100
|switch|p2a: Volcanion|Volcanion|64/100
|turn|13
|c| Concept Everything|Highest rated OU
|
|t:|1779589918
|-terastallize|p1a: Edgar|Bug
|move|p1a: Edgar|U-turn|p2a: Volcanion
|-resisted|p2a: Volcanion
|-damage|p2a: Volcanion|0 fnt
|faint|p2a: Volcanion
|l| Kyurem
|
|t:|1779589935
|switch|p1a: Dylan|Iron Crown|100/100|[from] U-turn
|
|upkeep
|c|☆AnOriginalName3|Wha
|
|t:|1779589946
|switch|p2a: Gliscor|Gliscor, M|100/100 tox
|turn|14
|
|t:|1779589959
|move|p1a: Dylan|Tachyon Cutter|p2a: Gliscor
|-damage|p2a: Gliscor|70/100 tox
|-damage|p2a: Gliscor|40/100 tox
|-hitcount|p2a: Gliscor|2
|move|p2a: Gliscor|Stealth Rock|p1a: Dylan
|-sidestart|p1: fistmybump|move: Stealth Rock
|
|-heal|p2a: Gliscor|52/100 tox|[from] ability: Poison Heal
|upkeep
|turn|15
|
|t:|1779589964
|move|p2a: Gliscor|Protect|p2a: Gliscor
|-singleturn|p2a: Gliscor|Protect
|move|p1a: Dylan|Tachyon Cutter|p2a: Gliscor
|-activate|p2a: Gliscor|move: Protect
|
|-heal|p2a: Gliscor|65/100 tox|[from] ability: Poison Heal
|upkeep
|turn|16
|
|t:|1779589967
|move|p1a: Dylan|Tachyon Cutter|p2a: Gliscor
|-damage|p2a: Gliscor|34/100 tox
|-damage|p2a: Gliscor|1/100 tox
|-hitcount|p2a: Gliscor|2
|move|p2a: Gliscor|Knock Off|p1a: Dylan
|-supereffective|p1a: Dylan
|-damage|p1a: Dylan|54/100
|-enditem|p1a: Dylan|Choice Specs|[from] move: Knock Off|[of] p2a: Gliscor
|
|-heal|p2a: Gliscor|14/100 tox|[from] ability: Poison Heal
|upkeep
|turn|17
|
|t:|1779589976
|move|p1a: Dylan|Tachyon Cutter|p2a: Gliscor
|-damage|p2a: Gliscor|0 fnt
|faint|p2a: Gliscor
|-hitcount|p2: Gliscor|1
|
|upkeep
|
|t:|1779589977
|switch|p2a: Cinccino|Cinccino, F|100/100
|turn|18
|
|t:|1779589986
|move|p2a: Cinccino|Knock Off|p1a: Dylan
|-supereffective|p1a: Dylan
|-damage|p1a: Dylan|13/100
|move|p1a: Dylan|Tachyon Cutter|p2a: Cinccino
|-damage|p2a: Cinccino|58/100
|-damage|p2a: Cinccino|14/100
|-hitcount|p2a: Cinccino|2
|
|upkeep
|turn|19
|
|t:|1779589998
|move|p2a: Cinccino|Tail Slap|p1a: Dylan
|-resisted|p1a: Dylan
|-damage|p1a: Dylan|5/100
|-resisted|p1a: Dylan
|-damage|p1a: Dylan|0 fnt
|faint|p1a: Dylan
|-end|p1a: Dylan|Quark Drive|[silent]
|-hitcount|p1: Dylan|2
|
|upkeep
|
|t:|1779590001
|switch|p1a: Edgar|Lokix, M, tera:Bug|84/100
|-damage|p1a: Edgar|59/100|[from] Stealth Rock
|turn|20
|
|t:|1779590007
|move|p1a: Edgar|First Impression|p2a: Cinccino
|-damage|p2a: Cinccino|0 fnt
|faint|p2a: Cinccino
|
|upkeep
|
|t:|1779590008
|switch|p2a: Ogerpon|Ogerpon, F|100/100
|turn|21
|
|t:|1779590011
|switch|p1a: Gin|Enamorus, F|9/100
|-damage|p1a: Gin|0 fnt|[from] Stealth Rock
|faint|p1a: Gin
|move|p2a: Ogerpon|Encore|p1: Gin|[notarget]
|-fail|p2a: Ogerpon
|
|upkeep
|
|t:|1779590013
|switch|p1a: Edgar|Lokix, M, tera:Bug|59/100
|-damage|p1a: Edgar|34/100|[from] Stealth Rock
|turn|22
|c|☆AnOriginalName3|gg
|
|t:|1779590018
|-terastallize|p2a: Ogerpon|Grass
|detailschange|p2a: Ogerpon|Ogerpon-Teal-Tera, F, tera:Grass
|-ability|p2a: Ogerpon|Embody Aspect (Teal)|boost
|-boost|p2a: Ogerpon|spe|1
|move|p1a: Edgar|First Impression|p2a: Ogerpon
|-supereffective|p2a: Ogerpon
|-damage|p2a: Ogerpon|0 fnt
|faint|p2a: Ogerpon
|detailschange|p2: Ogerpon|Ogerpon, F|[silent]
|
|win|fistmybump
|raw|fistmybump's rating: 1512 &rarr; <strong>1533</strong><br />(+21 for winning)
|raw|AnOriginalName3's rating: 1524 &rarr; <strong>1503</strong><br />(-21 for losing)
|l|☆AnOriginalName3
|player|p2|
|l|☆fistmybump
|player|p1|
|j|☆fistmybump
|player|p1|fistmybump|170|
