|j|☆Arasnfmg
|j|☆BaxleyTheBomb
|t:|1779715064
|gametype|singles
|player|p1|Arasnfmg|102|1115
|player|p2|BaxleyTheBomb|janitor|1104
|gen|9
|tier|[Gen 9] OU
|rated|
|rule|HP Percentage Mod: HP is shown in percentages
|rule|Endless Battle Clause: Forcing endless battles is banned
|rule|Species Clause: Limit one of each Pokémon
|rule|OHKO Clause: OHKO moves are banned
|rule|Evasion Items Clause: Evasion items are banned
|rule|Evasion Moves Clause: Evasion moves are banned
|rule|Evasion Abilities Clause: Evasion abilities are banned
|rule|Sleep Moves Clause: Sleep-inducing moves are banned
|clearpoke
|poke|p1|Luxray, F|
|poke|p1|Meowscarada, M|
|poke|p1|Deoxys-Defense|
|poke|p1|Azumarill, M|
|poke|p1|Regidrago|
|poke|p1|Darkrai|
|poke|p2|Milotic, F|
|poke|p2|Sceptile, F|
|poke|p2|Dusclops, F|
|poke|p2|Blaziken, F|
|poke|p2|Deoxys-Speed|
|poke|p2|Salamence, M|
|teampreview
|
|t:|1779715080
|teamsize|p1|6
|teamsize|p2|6
|start
|switch|p1a: Meowscarada|Meowscarada, M, shiny|100/100
|switch|p2a: Dusclops|Dusclops, F|100/100
|-item|p1a: Meowscarada|Choice Scarf|[from] ability: Frisk|[of] p2a: Dusclops
|turn|1
|
|t:|1779715092
|move|p2a: Dusclops|Protect|p2a: Dusclops
|-singleturn|p2a: Dusclops|Protect
|move|p1a: Meowscarada|Knock Off|p2a: Dusclops
|-start|p1a: Meowscarada|typechange|Dark|[from] ability: Protean
|-activate|p2a: Dusclops|move: Protect
|
|upkeep
|turn|2
|
|t:|1779715108
|switch|p2a: Sceptile|Sceptile, F|100/100
|move|p1a: Meowscarada|Knock Off|p2a: Sceptile
|-damage|p2a: Sceptile|20/100
|-enditem|p2a: Sceptile|Throat Spray|[from] move: Knock Off|[of] p1a: Meowscarada
|
|upkeep
|turn|3
|
|t:|1779715116
|move|p2a: Sceptile|Focus Blast|p1a: Meowscarada
|-supereffective|p1a: Meowscarada
|-damage|p1a: Meowscarada|0 fnt
|faint|p1a: Meowscarada
|
|upkeep
|
|t:|1779715145
|switch|p1a: Luxray|Luxray, F|100/100
|turn|4
|
|t:|1779715151
|-terastallize|p1a: Luxray|Grass
|move|p2a: Sceptile|Giga Drain|p1a: Luxray
|-resisted|p1a: Luxray
|-damage|p1a: Luxray|75/100
|-heal|p2a: Sceptile|34/100|[from] drain|[of] p1a: Luxray
|move|p1a: Luxray|Trailblaze|p2a: Sceptile
|-resisted|p2a: Sceptile
|-damage|p2a: Sceptile|8/100
|-boost|p1a: Luxray|spe|1
|
|-status|p1a: Luxray|brn|[from] item: Flame Orb
|upkeep
|turn|5
|
|t:|1779715168
|move|p2a: Sceptile|Focus Blast|p1a: Luxray
|-damage|p1a: Luxray|16/100 brn
|move|p1a: Luxray|Trailblaze|p2a: Sceptile
|-resisted|p2a: Sceptile
|-damage|p2a: Sceptile|0 fnt
|-boost|p1a: Luxray|spe|1
|faint|p2a: Sceptile
|
|-damage|p1a: Luxray|10/100 brn|[from] brn
|upkeep
|
|t:|1779715183
|switch|p2a: Blaziken|Blaziken, F|100/100
|turn|6
|
|t:|1779715188
|move|p2a: Blaziken|Protect|p2a: Blaziken
|-singleturn|p2a: Blaziken|Protect
|move|p1a: Luxray|Psychic Fangs|p2a: Blaziken
|-activate|p2a: Blaziken|move: Protect
|
|-damage|p1a: Luxray|4/100 brn|[from] brn
|-ability|p2a: Blaziken|Speed Boost|boost
|-boost|p2a: Blaziken|spe|1
|upkeep
|turn|7
|
|t:|1779715212
|-terastallize|p2a: Blaziken|Dark
|move|p1a: Luxray|Supercell Slam|p2a: Blaziken
|-damage|p2a: Blaziken|0 fnt
|faint|p2a: Blaziken
|
|-damage|p1a: Luxray|0 fnt|[from] brn
|faint|p1a: Luxray
|upkeep
|
|t:|1779715225
|switch|p1a: Deoxys|Deoxys-Defense, shiny|100/100
|switch|p2a: Deoxys|Deoxys-Speed|100/100
|-ability|p2a: Deoxys|Pressure
|-ability|p1a: Deoxys|Pressure
|turn|8
|
|t:|1779715236
|move|p2a: Deoxys|Trick|p1a: Deoxys
|-activate|p2a: Deoxys|move: Trick|[of] p1a: Deoxys
|-item|p1a: Deoxys|Choice Band|[from] move: Trick
|-item|p2a: Deoxys|Leftovers|[from] move: Trick
|move|p1a: Deoxys|Knock Off|p2a: Deoxys
|-supereffective|p2a: Deoxys
|-crit|p2a: Deoxys
|-damage|p2a: Deoxys|0 fnt
|-enditem|p2a: Deoxys|Leftovers|[from] move: Knock Off|[of] p1a: Deoxys
|faint|p2a: Deoxys
|
|upkeep
|
|t:|1779715251
|switch|p2a: Salamence|Salamence, M|100/100
|turn|9
|
|t:|1779715257
|move|p2a: Salamence|Dragon Dance|p2a: Salamence
|-boost|p2a: Salamence|atk|1
|-boost|p2a: Salamence|spe|1
|move|p1a: Deoxys|Knock Off|p2a: Salamence
|-damage|p2a: Salamence|68/100
|-enditem|p2a: Salamence|Lum Berry|[from] move: Knock Off|[of] p1a: Deoxys
|
|upkeep
|turn|10
|
|t:|1779715266
|switch|p1a: Azumarill|Azumarill, M|100/100
|move|p2a: Salamence|Dragon Dance|p2a: Salamence
|-boost|p2a: Salamence|atk|1
|-boost|p2a: Salamence|spe|1
|
|upkeep
|turn|11
|
|t:|1779715274
|move|p2a: Salamence|Earthquake|p1a: Azumarill
|-damage|p1a: Azumarill|22/100
|move|p1a: Azumarill|Play Rough|p2a: Salamence
|-supereffective|p2a: Salamence
|-damage|p2a: Salamence|0 fnt
|faint|p2a: Salamence
|
|upkeep
|
|t:|1779715282
|switch|p2a: Dusclops|Dusclops, F|100/100
|-item|p1a: Azumarill|Choice Band|[from] ability: Frisk|[of] p2a: Dusclops
|turn|12
|
|t:|1779715289
|switch|p1a: Darkrai|Darkrai|100/100
|move|p2a: Dusclops|Will-O-Wisp|p1a: Darkrai
|-status|p1a: Darkrai|brn
|
|-damage|p1a: Darkrai|94/100 brn|[from] brn
|upkeep
|turn|13
|
|t:|1779715302
|move|p1a: Darkrai|Dark Pulse|p2a: Dusclops
|-supereffective|p2a: Dusclops
|-damage|p2a: Dusclops|43/100
|move|p2a: Dusclops|Night Shade|p1a: Darkrai
|-damage|p1a: Darkrai|59/100 brn
|
|-damage|p1a: Darkrai|53/100 brn|[from] brn
|upkeep
|turn|14
|
|t:|1779715313
|move|p2a: Dusclops|Protect|p2a: Dusclops
|-singleturn|p2a: Dusclops|Protect
|move|p1a: Darkrai|Dark Pulse|p2a: Dusclops
|-activate|p2a: Dusclops|move: Protect
|
|-damage|p1a: Darkrai|47/100 brn|[from] brn
|upkeep
|turn|15
|
|t:|1779715322
|switch|p2a: Milotic|Milotic, F|100/100
|move|p1a: Darkrai|Dark Pulse|p2a: Milotic
|-damage|p2a: Milotic|55/100
|
|-heal|p2a: Milotic|61/100|[from] item: Leftovers
|-damage|p1a: Darkrai|41/100 brn|[from] brn
|upkeep
|turn|16
|
|t:|1779715332
|move|p1a: Darkrai|Dark Pulse|p2a: Milotic
|-damage|p2a: Milotic|16/100
|move|p2a: Milotic|Recover|p2a: Milotic
|-heal|p2a: Milotic|66/100
|
|-heal|p2a: Milotic|72/100|[from] item: Leftovers
|-damage|p1a: Darkrai|35/100 brn|[from] brn
|upkeep
|turn|17
|
|t:|1779715342
|switch|p1a: Regidrago|Regidrago|100/100
|move|p2a: Milotic|Scald|p1a: Regidrago
|-resisted|p1a: Regidrago
|-damage|p1a: Regidrago|85/100
|
|-heal|p2a: Milotic|78/100|[from] item: Leftovers
|upkeep
|turn|18
|
|t:|1779715353
|move|p1a: Regidrago|Dragon Energy|p2a: Milotic
|-damage|p2a: Milotic|21/100
|move|p2a: Milotic|Ice Beam|p1a: Regidrago
|-supereffective|p1a: Regidrago
|-damage|p1a: Regidrago|37/100
|
|-heal|p2a: Milotic|27/100|[from] item: Leftovers
|upkeep
|turn|19
|
|t:|1779715364
|move|p1a: Regidrago|Dragon Energy|p2a: Milotic
|-damage|p2a: Milotic|4/100
|move|p2a: Milotic|Recover|p2a: Milotic
|-heal|p2a: Milotic|54/100
|
|-heal|p2a: Milotic|60/100|[from] item: Leftovers
|upkeep
|turn|20
|
|t:|1779715374
|switch|p1a: Deoxys|Deoxys-Defense, shiny|100/100
|-ability|p1a: Deoxys|Pressure
|move|p2a: Milotic|Recover|p2a: Milotic
|-heal|p2a: Milotic|100/100
|
|upkeep
|turn|21
|
|t:|1779715382
|move|p1a: Deoxys|Knock Off|p2a: Milotic
|-damage|p2a: Milotic|82/100
|-enditem|p2a: Milotic|Leftovers|[from] move: Knock Off|[of] p1a: Deoxys
|move|p2a: Milotic|Scald|p1a: Deoxys
|-damage|p1a: Deoxys|83/100
|
|upkeep
|turn|22
|
|t:|1779715389
|switch|p1a: Regidrago|Regidrago|37/100
|move|p2a: Milotic|Scald|p1a: Regidrago
|-resisted|p1a: Regidrago
|-damage|p1a: Regidrago|22/100
|
|upkeep
|turn|23
|
|t:|1779715398
|move|p1a: Regidrago|Draco Meteor|p2a: Milotic
|-damage|p2a: Milotic|26/100
|-unboost|p1a: Regidrago|spa|2
|move|p2a: Milotic|Scald|p1a: Regidrago
|-resisted|p1a: Regidrago
|-damage|p1a: Regidrago|7/100
|
|upkeep
|turn|24
|
|t:|1779715406
|move|p1a: Regidrago|Draco Meteor|p2a: Milotic
|-damage|p2a: Milotic|0 fnt
|-unboost|p1a: Regidrago|spa|2
|faint|p2a: Milotic
|
|upkeep
|
|t:|1779715412
|switch|p2a: Dusclops|Dusclops, F|43/100
|-item|p1a: Regidrago|Choice Scarf|[from] ability: Frisk|[of] p2a: Dusclops
|turn|25
|
|t:|1779715420
|switch|p1a: Darkrai|Darkrai|35/100 brn
|move|p2a: Dusclops|Night Shade|p1a: Darkrai
|-damage|p1a: Darkrai|0 fnt
|faint|p1a: Darkrai
|
|upkeep
|
|t:|1779715425
|switch|p1a: Azumarill|Azumarill, M|22/100
|turn|26
|
|t:|1779715429
|move|p2a: Dusclops|Protect|p2a: Dusclops
|-singleturn|p2a: Dusclops|Protect
|move|p1a: Azumarill|Knock Off|p2a: Dusclops
|-activate|p2a: Dusclops|move: Protect
|
|upkeep
|turn|27
|
|t:|1779715435
|move|p1a: Azumarill|Knock Off|p2a: Dusclops
|-supereffective|p2a: Dusclops
|-damage|p2a: Dusclops|0 fnt
|-enditem|p2a: Dusclops|Eviolite|[from] move: Knock Off|[of] p1a: Azumarill
|faint|p2a: Dusclops
|
|win|Arasnfmg
|raw|Arasnfmg's rating: 1115 &rarr; <strong>1139</strong><br />(+24 for winning)
|raw|BaxleyTheBomb's rating: 1104 &rarr; <strong>1080</strong><br />(-24 for losing)
|l|☆BaxleyTheBomb
|player|p2|
|l|☆Arasnfmg
|player|p1|
