|j|☆VTDOCF
|j|☆lunarfae
|t:|1779670405
|gametype|singles
|player|p1|VTDOCF|265|1102
|player|p2|lunarfae|doubleteam|1140
|gen|9
|tier|[Gen 9] OU
|rated|
|rule|HP Percentage Mod: HP is shown in percentages
|rule|Endless Battle Clause: Forcing endless battles is banned
|rule|Species Clause: Limit one of each Pokémon
|rule|OHKO Clause: OHKO moves are banned
|rule|Evasion Items Clause: Evasion items are banned
|rule|Evasion Moves Clause: Evasion moves are banned
|rule|Evasion Abilities Clause: Evasion abilities are banned
|rule|Sleep Moves Clause: Sleep-inducing moves are banned
|clearpoke
|poke|p1|Dragapult, F|
|poke|p1|Gliscor, F|
|poke|p1|Gholdengo|
|poke|p1|Dragonite, M|
|poke|p1|Deoxys-Speed|
|poke|p1|Darkrai|
|poke|p2|Mandibuzz, F|
|poke|p2|Goodra-Hisui, M|
|poke|p2|Registeel|
|poke|p2|Jumpluff, M|
|poke|p2|Vaporeon, F|
|poke|p2|Mudsdale, F|
|teampreview
|
|t:|1779670411
|teamsize|p1|6
|teamsize|p2|6
|start
|switch|p1a: Gliscor|Gliscor, F|100/100
|switch|p2a: Vaporeon|Vaporeon, F|100/100
|turn|1
|
|t:|1779670419
|move|p1a: Gliscor|Swords Dance|p1a: Gliscor
|-boost|p1a: Gliscor|atk|2
|move|p2a: Vaporeon|Ice Beam|p1a: Gliscor
|-supereffective|p1a: Gliscor
|-damage|p1a: Gliscor|0 fnt
|faint|p1a: Gliscor
|
|upkeep
|
|t:|1779670428
|switch|p1a: Darkrai|Darkrai|100/100
|turn|2
|
|t:|1779670432
|move|p1a: Darkrai|Swords Dance|p1a: Darkrai
|-boost|p1a: Darkrai|atk|2
|move|p2a: Vaporeon|Flip Turn|p1a: Darkrai
|-damage|p1a: Darkrai|81/100
|
|t:|1779670435
|switch|p2a: Jumpluff|Jumpluff, M, shiny|100/100|[from] Flip Turn
|
|-heal|p1a: Darkrai|87/100|[from] item: Leftovers
|upkeep
|turn|3
|
|t:|1779670445
|-terastallize|p2a: Jumpluff|Fairy
|move|p1a: Darkrai|Drain Punch|p2a: Jumpluff
|-resisted|p2a: Jumpluff
|-damage|p2a: Jumpluff|81/100
|-heal|p1a: Darkrai|99/100|[from] drain|[of] p2a: Jumpluff
|-enditem|p2a: Jumpluff|Kee Berry|[eat]
|-boost|p2a: Jumpluff|def|1|[from] item: Kee Berry
|move|p2a: Jumpluff|Encore|p1a: Darkrai
|-start|p1a: Darkrai|Encore
|
|-heal|p1a: Darkrai|100/100|[from] item: Leftovers
|upkeep
|turn|4
|
|t:|1779670460
|move|p1a: Darkrai|Drain Punch|p2a: Jumpluff
|-resisted|p2a: Jumpluff
|-damage|p2a: Jumpluff|69/100
|move|p2a: Jumpluff|Substitute|p2a: Jumpluff
|-start|p2a: Jumpluff|Substitute
|-damage|p2a: Jumpluff|44/100
|
|upkeep
|turn|5
|
|t:|1779670467
|move|p1a: Darkrai|Drain Punch|p2a: Jumpluff
|-resisted|p2a: Jumpluff
|-activate|p2a: Jumpluff|move: Substitute|[damage]
|move|p2a: Jumpluff|Leech Seed|p1a: Darkrai|[miss]
|-miss|p2a: Jumpluff|p1a: Darkrai
|
|upkeep
|turn|6
|
|t:|1779670482
|switch|p1a: Gholdengo|Gholdengo|100/100
|move|p2a: Jumpluff|Leech Seed|p1a: Gholdengo
|-immune|p1a: Gholdengo|[from] ability: Good as Gold
|
|upkeep
|turn|7
|
|t:|1779670491
|switch|p2a: Goodra|Goodra-Hisui, M|100/100
|move|p1a: Gholdengo|Nasty Plot|p1a: Gholdengo
|-boost|p1a: Gholdengo|spa|2
|
|upkeep
|turn|8
|
|t:|1779670498
|move|p1a: Gholdengo|Make It Rain|p2a: Goodra
|-resisted|p2a: Goodra
|-damage|p2a: Goodra|75/100
|-unboost|p1a: Gholdengo|spa|1
|move|p2a: Goodra|Fire Blast|p1a: Gholdengo
|-supereffective|p1a: Gholdengo
|-damage|p1a: Gholdengo|27/100
|
|upkeep
|turn|9
|
|t:|1779670511
|move|p1a: Gholdengo|Iron Head|p2a: Goodra
|-resisted|p2a: Goodra
|-damage|p2a: Goodra|68/100
|cant|p2a: Goodra|flinch
|
|upkeep
|turn|10
|
|t:|1779670517
|move|p1a: Gholdengo|Make It Rain|p2a: Goodra
|-resisted|p2a: Goodra
|-damage|p2a: Goodra|45/100
|-unboost|p1a: Gholdengo|spa|1
|move|p2a: Goodra|Fire Blast|p1a: Gholdengo|[miss]
|-miss|p2a: Goodra|p1a: Gholdengo
|
|upkeep
|turn|11
|
|t:|1779670527
|move|p1a: Gholdengo|Recover|p1a: Gholdengo
|-heal|p1a: Gholdengo|77/100
|move|p2a: Goodra|Fire Blast|p1a: Gholdengo|[miss]
|-miss|p2a: Goodra|p1a: Gholdengo
|
|upkeep
|turn|12
|
|t:|1779670534
|move|p1a: Gholdengo|Nasty Plot|p1a: Gholdengo
|-boost|p1a: Gholdengo|spa|2
|move|p2a: Goodra|Fire Blast|p1a: Gholdengo|[miss]
|-miss|p2a: Goodra|p1a: Gholdengo
|
|upkeep
|turn|13
|
|t:|1779670541
|move|p1a: Gholdengo|Nasty Plot|p1a: Gholdengo
|-boost|p1a: Gholdengo|spa|2
|move|p2a: Goodra|Fire Blast|p1a: Gholdengo
|-supereffective|p1a: Gholdengo
|-damage|p1a: Gholdengo|4/100
|
|upkeep
|turn|14
|
|t:|1779670556
|move|p1a: Gholdengo|Make It Rain|p2a: Goodra
|-resisted|p2a: Goodra
|-damage|p2a: Goodra|3/100
|-unboost|p1a: Gholdengo|spa|1
|move|p2a: Goodra|Flash Cannon|p1a: Gholdengo
|-resisted|p1a: Gholdengo
|-damage|p1a: Gholdengo|0 fnt
|faint|p1a: Gholdengo
|
|upkeep
|
|t:|1779670566
|switch|p1a: Darkrai|Darkrai|100/100
|turn|15
|
|t:|1779670573
|switch|p2a: Mudsdale|Mudsdale, F|100/100
|move|p1a: Darkrai|Swords Dance|p1a: Darkrai
|-boost|p1a: Darkrai|atk|2
|
|upkeep
|turn|16
|
|t:|1779670579
|move|p1a: Darkrai|Swords Dance|p1a: Darkrai
|-boost|p1a: Darkrai|atk|2
|move|p2a: Mudsdale|Body Press|p1a: Darkrai
|-supereffective|p1a: Darkrai
|-damage|p1a: Darkrai|30/100
|
|-heal|p1a: Darkrai|36/100|[from] item: Leftovers
|upkeep
|turn|17
|
|t:|1779670596
|switch|p2a: Mandibuzz|Mandibuzz, F|100/100
|move|p1a: Darkrai|Drain Punch|p2a: Mandibuzz
|-damage|p2a: Mandibuzz|76/100
|-heal|p1a: Darkrai|54/100|[from] drain|[of] p2a: Mandibuzz
|
|-heal|p1a: Darkrai|60/100|[from] item: Leftovers
|upkeep
|turn|18
|
|t:|1779670607
|move|p1a: Darkrai|Dark Pulse|p2a: Mandibuzz
|-resisted|p2a: Mandibuzz
|-damage|p2a: Mandibuzz|59/100
|move|p2a: Mandibuzz|Foul Play|p1a: Darkrai
|-resisted|p1a: Darkrai
|-damage|p1a: Darkrai|4/100
|
|-heal|p1a: Darkrai|10/100|[from] item: Leftovers
|upkeep
|turn|19
|
|t:|1779670616
|move|p1a: Darkrai|Sucker Punch||[still]
|-fail|p1a: Darkrai
|move|p2a: Mandibuzz|Toxic|p1a: Darkrai
|-status|p1a: Darkrai|tox
|
|-heal|p1a: Darkrai|16/100 tox|[from] item: Leftovers
|-damage|p1a: Darkrai|10/100 tox|[from] psn
|upkeep
|turn|20
|
|t:|1779670625
|move|p1a: Darkrai|Sucker Punch||[still]
|-fail|p1a: Darkrai
|move|p2a: Mandibuzz|Roost|p2a: Mandibuzz
|-heal|p2a: Mandibuzz|100/100
|-singleturn|p2a: Mandibuzz|move: Roost
|
|-heal|p1a: Darkrai|16/100 tox|[from] item: Leftovers
|-damage|p1a: Darkrai|4/100 tox|[from] psn
|upkeep
|turn|21
|
|t:|1779670635
|switch|p2a: Vaporeon|Vaporeon, F|100/100
|move|p1a: Darkrai|Drain Punch|p2a: Vaporeon
|-damage|p2a: Vaporeon|58/100
|-heal|p1a: Darkrai|39/100 tox|[from] drain|[of] p2a: Vaporeon
|
|-heal|p1a: Darkrai|45/100 tox|[from] item: Leftovers
|-heal|p2a: Vaporeon|64/100|[from] item: Leftovers
|-damage|p1a: Darkrai|27/100 tox|[from] psn
|upkeep
|turn|22
|
|t:|1779670646
|move|p1a: Darkrai|Sucker Punch||[still]
|-fail|p1a: Darkrai
|move|p2a: Vaporeon|Wish|p2a: Vaporeon
|
|-heal|p1a: Darkrai|33/100 tox|[from] item: Leftovers
|-heal|p2a: Vaporeon|70/100|[from] item: Leftovers
|-damage|p1a: Darkrai|9/100 tox|[from] psn
|upkeep
|turn|23
|
|t:|1779670655
|switch|p2a: Jumpluff|Jumpluff, M, shiny, tera:Fairy|44/100
|move|p1a: Darkrai|Sucker Punch||[still]
|-fail|p1a: Darkrai
|
|-heal|p2a: Jumpluff|100/100|[from] move: Wish|[wisher] Vaporeon
|-heal|p1a: Darkrai|15/100 tox|[from] item: Leftovers
|-damage|p1a: Darkrai|0 fnt|[from] psn
|faint|p1a: Darkrai
|upkeep
|
|t:|1779670668
|switch|p1a: Deoxys|Deoxys-Speed|100/100
|-ability|p1a: Deoxys|Pressure
|turn|24
|
|t:|1779670675
|move|p1a: Deoxys|Calm Mind|p1a: Deoxys
|-boost|p1a: Deoxys|spa|1
|-boost|p1a: Deoxys|spd|1
|move|p2a: Jumpluff|Leech Seed|p1a: Deoxys
|-start|p1a: Deoxys|move: Leech Seed
|
|-damage|p1a: Deoxys|88/100|[from] Leech Seed|[of] p2a: Jumpluff
|upkeep
|turn|25
|
|t:|1779670682
|move|p1a: Deoxys|Dark Pulse|p2a: Jumpluff
|-resisted|p2a: Jumpluff
|-damage|p2a: Jumpluff|90/100
|move|p2a: Jumpluff|Encore|p1a: Deoxys
|-start|p1a: Deoxys|Encore
|
|-damage|p1a: Deoxys|75/100|[from] Leech Seed|[of] p2a: Jumpluff
|-heal|p2a: Jumpluff|100/100|[silent]
|upkeep
|turn|26
|
|t:|1779670692
|move|p1a: Deoxys|Dark Pulse|p2a: Jumpluff
|-resisted|p2a: Jumpluff
|-damage|p2a: Jumpluff|91/100
|cant|p2a: Jumpluff|flinch
|
|-damage|p1a: Deoxys|63/100|[from] Leech Seed|[of] p2a: Jumpluff
|-heal|p2a: Jumpluff|100/100|[silent]
|upkeep
|turn|27
|
|t:|1779670701
|switch|p1a: Dragapult|Dragapult, F|100/100
|switch|p2a: Mandibuzz|Mandibuzz, F|100/100
|
|upkeep
|turn|28
|
|t:|1779670708
|move|p1a: Dragapult|Dragon Dance|p1a: Dragapult
|-boost|p1a: Dragapult|atk|1
|-boost|p1a: Dragapult|spe|1
|move|p2a: Mandibuzz|Toxic|p1a: Dragapult
|-status|p1a: Dragapult|tox
|
|-damage|p1a: Dragapult|95/100 tox|[from] psn
|upkeep
|turn|29
|
|t:|1779670717
|move|p1a: Dragapult|Dragon Darts|p2a: Mandibuzz
|-damage|p2a: Mandibuzz|79/100
|-anim|p1a: Dragapult|Dragon Darts|p2a: Mandibuzz
|-damage|p2a: Mandibuzz|56/100
|move|p2a: Mandibuzz|Foul Play|p1a: Dragapult
|-supereffective|p1a: Dragapult
|-damage|p1a: Dragapult|0 fnt
|faint|p1a: Dragapult
|
|upkeep
|
|t:|1779670727
|switch|p1a: Dragonite|Dragonite, M|100/100
|turn|30
|
|t:|1779670732
|move|p1a: Dragonite|Dragon Dance|p1a: Dragonite
|-boost|p1a: Dragonite|atk|1
|-boost|p1a: Dragonite|spe|1
|move|p2a: Mandibuzz|Toxic|p1a: Dragonite
|-status|p1a: Dragonite|tox
|
|-damage|p1a: Dragonite|94/100 tox|[from] psn
|upkeep
|turn|31
|
|t:|1779670743
|move|p1a: Dragonite|Dragon Pulse|p2a: Mandibuzz
|-damage|p2a: Mandibuzz|35/100
|move|p2a: Mandibuzz|Foul Play|p1a: Dragonite
|-damage|p1a: Dragonite|13/100 tox
|
|-heal|p1a: Dragonite|19/100 tox|[from] item: Leftovers
|-damage|p1a: Dragonite|7/100 tox|[from] psn
|upkeep
|turn|32
|
|t:|1779670752
|switch|p2a: Jumpluff|Jumpluff, M, shiny, tera:Fairy|100/100
|move|p1a: Dragonite|Dragon Pulse|p2a: Jumpluff
|-immune|p2a: Jumpluff
|
|-heal|p1a: Dragonite|13/100 tox|[from] item: Leftovers
|-damage|p1a: Dragonite|0 fnt|[from] psn
|faint|p1a: Dragonite
|upkeep
|
|t:|1779670762
|switch|p1a: Deoxys|Deoxys-Speed|63/100
|-ability|p1a: Deoxys|Pressure
|turn|33
|
|t:|1779670769
|move|p1a: Deoxys|Psychic|p2a: Jumpluff
|-damage|p2a: Jumpluff|79/100
|move|p2a: Jumpluff|Leech Seed|p1a: Deoxys
|-start|p1a: Deoxys|move: Leech Seed
|
|-damage|p1a: Deoxys|50/100|[from] Leech Seed|[of] p2a: Jumpluff
|-heal|p2a: Jumpluff|91/100|[silent]
|upkeep
|turn|34
|
|t:|1779670777
|switch|p2a: Vaporeon|Vaporeon, F|70/100
|move|p1a: Deoxys|Calm Mind|p1a: Deoxys
|-boost|p1a: Deoxys|spa|1
|-boost|p1a: Deoxys|spd|1
|
|-heal|p2a: Vaporeon|76/100|[from] item: Leftovers
|-damage|p1a: Deoxys|38/100|[from] Leech Seed|[of] p2a: Vaporeon
|-heal|p2a: Vaporeon|85/100|[silent]
|upkeep
|turn|35
|
|t:|1779670787
|move|p1a: Deoxys|Drain Punch|p2a: Vaporeon
|-damage|p2a: Vaporeon|62/100
|-heal|p1a: Deoxys|55/100|[from] drain|[of] p2a: Vaporeon
|move|p2a: Vaporeon|Wish|p2a: Vaporeon
|
|-heal|p2a: Vaporeon|68/100|[from] item: Leftovers
|-damage|p1a: Deoxys|43/100|[from] Leech Seed|[of] p2a: Vaporeon
|-heal|p2a: Vaporeon|76/100|[silent]
|upkeep
|turn|36
|
|t:|1779670797
|move|p1a: Deoxys|Drain Punch|p2a: Vaporeon
|-damage|p2a: Vaporeon|56/100
|-heal|p1a: Deoxys|58/100|[from] drain|[of] p2a: Vaporeon
|move|p2a: Vaporeon|Flip Turn|p1a: Deoxys
|-damage|p1a: Deoxys|39/100
|
|t:|1779670804
|switch|p2a: Mandibuzz|Mandibuzz, F|35/100|[from] Flip Turn
|
|-heal|p2a: Mandibuzz|90/100|[from] move: Wish|[wisher] Vaporeon
|-damage|p1a: Deoxys|26/100|[from] Leech Seed|[of] p2a: Mandibuzz
|-heal|p2a: Mandibuzz|99/100|[silent]
|upkeep
|turn|37
|
|t:|1779670814
|move|p1a: Deoxys|Drain Punch|p2a: Mandibuzz
|-damage|p2a: Mandibuzz|86/100
|-heal|p1a: Deoxys|35/100|[from] drain|[of] p2a: Mandibuzz
|move|p2a: Mandibuzz|Toxic|p1a: Deoxys
|-status|p1a: Deoxys|tox
|
|-damage|p1a: Deoxys|23/100 tox|[from] Leech Seed|[of] p2a: Mandibuzz
|-heal|p2a: Mandibuzz|95/100|[silent]
|-damage|p1a: Deoxys|16/100 tox|[from] psn
|upkeep
|turn|38
|
|t:|1779670828
|move|p1a: Deoxys|Psychic|p2a: Mandibuzz
|-immune|p2a: Mandibuzz
|move|p2a: Mandibuzz|Foul Play|p1a: Deoxys
|-supereffective|p1a: Deoxys
|-damage|p1a: Deoxys|0 fnt
|faint|p1a: Deoxys
|
|win|lunarfae
|raw|VTDOCF's rating: 1102 &rarr; <strong>1080</strong><br />(-22 for losing)
|raw|lunarfae's rating: 1140 &rarr; <strong>1162</strong><br />(+22 for winning)
|l|☆VTDOCF
|player|p1|
