|j|‽happyking123
|j|☆shunnybun
|t:|1779592898
|gametype|singles
|player|p1|happyking123|cynthia-gen4|1134
|player|p2|shunnybun|101|1113
|gen|9
|tier|[Gen 9] OU
|rated|
|rule|HP Percentage Mod: HP is shown in percentages
|rule|Endless Battle Clause: Forcing endless battles is banned
|rule|Species Clause: Limit one of each Pokémon
|rule|OHKO Clause: OHKO moves are banned
|rule|Evasion Items Clause: Evasion items are banned
|rule|Evasion Moves Clause: Evasion moves are banned
|rule|Evasion Abilities Clause: Evasion abilities are banned
|rule|Sleep Moves Clause: Sleep-inducing moves are banned
|clearpoke
|poke|p1|Toxtricity, M|
|poke|p1|Blaziken, M|
|poke|p1|Raging Bolt|
|poke|p1|Gastrodon, M|
|poke|p1|Dragapult, F|
|poke|p1|Iron Valiant|
|poke|p2|Toxapex, M|
|poke|p2|Tropius, F|
|poke|p2|Gliscor, M|
|poke|p2|Grimmsnarl, M|
|poke|p2|Sableye, F|
|poke|p2|Corviknight, F|
|teampreview
|
|t:|1779592907
|teamsize|p1|6
|teamsize|p2|6
|start
|switch|p1a: Dragapult|Dragapult, F|100/100
|switch|p2a: Gliscor|Gliscor, M|100/100
|turn|1
|inactive|Battle timer is ON: inactive players will automatically lose when time's up. (requested by happyking123)
|inactive|happyking123 has 120 seconds left.
|l|‽happyking123
|inactive|happyking123 disconnected and has a minute to reconnect!
|player|p1|
|inactive|happyking123 has 30 seconds to reconnect!
|j|‽happyking123
|inactive|happyking123 reconnected and has 90 seconds left.
|player|p1|happyking123|cynthia-gen4|
|
|t:|1779592976
|switch|p1a: Gastrodon|Gastrodon, M|100/100
|move|p2a: Gliscor|Protect||[still]
|-fail|p2a: Gliscor
|
|-status|p2a: Gliscor|tox|[from] item: Toxic Orb
|upkeep
|turn|2
|
|t:|1779592984
|move|p2a: Gliscor|Toxic|p1a: Gastrodon
|-status|p1a: Gastrodon|tox
|move|p1a: Gastrodon|Ice Beam|p2a: Gliscor
|-supereffective|p2a: Gliscor
|-damage|p2a: Gliscor|0 fnt
|faint|p2a: Gliscor
|
|-damage|p1a: Gastrodon|94/100 tox|[from] psn
|upkeep
|
|t:|1779592999
|switch|p2a: Tropius|Tropius, F|100/100
|turn|3
|
|t:|1779593008
|-terastallize|p2a: Tropius|Electric
|-terastallize|p1a: Gastrodon|Steel
|move|p2a: Tropius|Leech Seed|p1a: Gastrodon
|-start|p1a: Gastrodon|move: Leech Seed
|move|p1a: Gastrodon|Ice Beam|p2a: Tropius
|-damage|p2a: Tropius|75/100
|
|-heal|p1a: Gastrodon|100/100 tox|[from] item: Leftovers
|-damage|p1a: Gastrodon|88/100 tox|[from] Leech Seed|[of] p2a: Tropius
|-heal|p2a: Tropius|89/100|[silent]
|-damage|p1a: Gastrodon|76/100 tox|[from] psn
|upkeep
|turn|4
|
|t:|1779593033
|move|p2a: Tropius|Substitute|p2a: Tropius
|-start|p2a: Tropius|Substitute
|-damage|p2a: Tropius|64/100
|move|p1a: Gastrodon|Earth Power|p2a: Tropius
|-supereffective|p2a: Tropius
|-end|p2a: Tropius|Substitute
|
|-heal|p1a: Gastrodon|82/100 tox|[from] item: Leftovers
|-damage|p1a: Gastrodon|70/100 tox|[from] Leech Seed|[of] p2a: Tropius
|-heal|p2a: Tropius|77/100|[silent]
|-damage|p1a: Gastrodon|51/100 tox|[from] psn
|upkeep
|turn|5
|
|t:|1779593045
|switch|p2a: Corviknight|Corviknight, F|100/100
|-ability|p2a: Corviknight|Pressure
|move|p1a: Gastrodon|Recover|p1a: Gastrodon
|-heal|p1a: Gastrodon|100/100 tox
|
|-damage|p1a: Gastrodon|88/100 tox|[from] Leech Seed|[of] p2a: Corviknight
|-damage|p1a: Gastrodon|64/100 tox|[from] psn
|upkeep
|turn|6
|inactive|happyking123 has 120 seconds left.
|
|t:|1779593070
|switch|p1a: Dragapult|Dragapult, F|100/100
|move|p2a: Corviknight|Body Press|p1a: Dragapult
|-immune|p1a: Dragapult
|
|upkeep
|turn|7
|
|t:|1779593079
|move|p1a: Dragapult|Phantom Force||[still]
|-prepare|p1a: Dragapult|Phantom Force
|move|p2a: Corviknight|U-turn|p1a: Dragapult|[miss]
|-miss|p2a: Corviknight|p1a: Dragapult
|
|upkeep
|turn|8
|
|t:|1779593088
|switch|p2a: Grimmsnarl|Grimmsnarl, M|100/100
|move|p1a: Dragapult|Phantom Force|p2a: Grimmsnarl|[from] lockedmove
|-resisted|p2a: Grimmsnarl
|-damage|p2a: Grimmsnarl|60/100
|
|-heal|p2a: Grimmsnarl|66/100|[from] item: Leftovers
|upkeep
|turn|9
|inactive|happyking123 has 120 seconds left.
|
|t:|1779593125
|move|p2a: Grimmsnarl|Thunder Wave|p1a: Dragapult
|-status|p1a: Dragapult|par
|move|p1a: Dragapult|Phantom Force||[still]
|-prepare|p1a: Dragapult|Phantom Force
|
|-heal|p2a: Grimmsnarl|72/100|[from] item: Leftovers
|upkeep
|turn|10
|
|t:|1779593144
|switch|p2a: Tropius|Tropius, F, tera:Electric|77/100
|move|p1a: Dragapult|Phantom Force|p2a: Tropius|[from] lockedmove
|-damage|p2a: Tropius|29/100
|-enditem|p2a: Tropius|Sitrus Berry|[eat]
|-heal|p2a: Tropius|54/100|[from] item: Sitrus Berry
|
|-item|p2a: Tropius|Sitrus Berry|[from] ability: Harvest
|upkeep
|turn|11
|inactive|shunnybun has 120 seconds left.
|
|t:|1779593172
|move|p1a: Dragapult|Phantom Force||[still]
|-prepare|p1a: Dragapult|Phantom Force
|move|p2a: Tropius|Leech Seed|p1a: Dragapult|[miss]
|-miss|p2a: Tropius|p1a: Dragapult
|
|upkeep
|turn|12
|inactive|shunnybun has 120 seconds left.
|
|t:|1779593179
|move|p2a: Tropius|Protect|p2a: Tropius
|-singleturn|p2a: Tropius|Protect
|move|p1a: Dragapult|Phantom Force|p2a: Tropius|[from] lockedmove
|-activate|p2a: Tropius|move: Phantom Force|[broken]
|-damage|p2a: Tropius|11/100
|-enditem|p2a: Tropius|Sitrus Berry|[eat]
|-heal|p2a: Tropius|36/100|[from] item: Sitrus Berry
|
|upkeep
|turn|13
|inactive|happyking123 has 120 seconds left.
|inactive|shunnybun has 120 seconds left.
|
|t:|1779593189
|move|p1a: Dragapult|Phantom Force||[still]
|-prepare|p1a: Dragapult|Phantom Force
|move|p2a: Tropius|Substitute|p2a: Tropius
|-start|p2a: Tropius|Substitute
|-damage|p2a: Tropius|11/100
|
|-item|p2a: Tropius|Sitrus Berry|[from] ability: Harvest
|upkeep
|-enditem|p2a: Tropius|Sitrus Berry|[eat]
|-heal|p2a: Tropius|36/100|[from] item: Sitrus Berry
|turn|14
|inactive|happyking123 has 120 seconds left.
|inactive|shunnybun has 120 seconds left.
|
|t:|1779593200
|move|p1a: Dragapult|Phantom Force|p2a: Tropius|[from] lockedmove
|-damage|p2a: Tropius|0 fnt
|faint|p2a: Tropius
|
|upkeep
|inactive|shunnybun has 120 seconds left.
|-message|shunnybun forfeited.
|
|win|happyking123
|raw|happyking123's rating: 1134 &rarr; <strong>1157</strong><br />(+23 for winning)
|raw|shunnybun's rating: 1113 &rarr; <strong>1090</strong><br />(-23 for losing)
|l|☆shunnybun
|player|p2|
|l|‽happyking123
|player|p1|
