|j|☆daddy6741
|j|☆Naro51
|t:|1779620683
|gametype|singles
|player|p1|daddy6741|swimmer-gen4dp|1460
|player|p2|Naro51|170|1421
|gen|9
|tier|[Gen 9] OU
|rated|
|rule|HP Percentage Mod: HP is shown in percentages
|rule|Endless Battle Clause: Forcing endless battles is banned
|rule|Species Clause: Limit one of each Pokémon
|rule|OHKO Clause: OHKO moves are banned
|rule|Evasion Items Clause: Evasion items are banned
|rule|Evasion Moves Clause: Evasion moves are banned
|rule|Evasion Abilities Clause: Evasion abilities are banned
|rule|Sleep Moves Clause: Sleep-inducing moves are banned
|clearpoke
|poke|p1|Rillaboom, F|
|poke|p1|Blaziken, M|
|poke|p1|Hawlucha, F|
|poke|p1|Serperior, M|
|poke|p1|Kingambit, F|
|poke|p1|Glimmora, M|
|poke|p2|Glimmora, M|
|poke|p2|Rillaboom, M|
|poke|p2|Hatterene, F|
|poke|p2|Primarina, F|
|poke|p2|Hawlucha, M|
|poke|p2|Kingambit, M|
|teampreview
|
|t:|1779620690
|teamsize|p1|6
|teamsize|p2|6
|start
|switch|p1a: Serperior|Serperior, M|100/100
|switch|p2a: Glimmora|Glimmora, M|100/100
|turn|1
|
|t:|1779620695
|move|p1a: Serperior|Substitute|p1a: Serperior
|-start|p1a: Serperior|Substitute
|-damage|p1a: Serperior|76/100
|move|p2a: Glimmora|Power Gem|p1a: Serperior
|-end|p1a: Serperior|Substitute
|
|-heal|p1a: Serperior|82/100|[from] item: Leftovers
|upkeep
|turn|2
|
|t:|1779620698
|move|p1a: Serperior|Leaf Storm|p2a: Glimmora
|-damage|p2a: Glimmora|43/100
|-boost|p1a: Serperior|spa|2
|move|p2a: Glimmora|Power Gem|p1a: Serperior
|-damage|p1a: Serperior|29/100
|
|-heal|p1a: Serperior|35/100|[from] item: Leftovers
|upkeep
|turn|3
|
|t:|1779620702
|switch|p2a: Rillaboom|Rillaboom, M|100/100
|-fieldstart|move: Grassy Terrain|[from] ability: Grassy Surge|[of] p2a: Rillaboom
|move|p1a: Serperior|Leaf Storm|p2a: Rillaboom
|-resisted|p2a: Rillaboom
|-damage|p2a: Rillaboom|26/100
|-boost|p1a: Serperior|spa|2
|
|-heal|p1a: Serperior|41/100|[from] Grassy Terrain
|-heal|p1a: Serperior|48/100|[from] item: Leftovers
|-heal|p2a: Rillaboom|32/100|[from] Grassy Terrain
|upkeep
|turn|4
|inactive|Battle timer is ON: inactive players will automatically lose when time's up. (requested by daddy6741)
|
|t:|1779620724
|switch|p2a: Glimmora|Glimmora, M|43/100
|move|p1a: Serperior|Leaf Storm|p2a: Glimmora
|-damage|p2a: Glimmora|0 fnt
|-boost|p1a: Serperior|spa|2
|faint|p2a: Glimmora
|
|-heal|p1a: Serperior|54/100|[from] Grassy Terrain
|-heal|p1a: Serperior|60/100|[from] item: Leftovers
|upkeep
|
|t:|1779620728
|switch|p2a: Hawlucha|Hawlucha, M|100/100
|-enditem|p2a: Hawlucha|Grassy Seed
|-boost|p2a: Hawlucha|def|1|[from] item: Grassy Seed
|turn|5
|
|t:|1779620736
|switch|p1a: Glimmora|Glimmora, M|100/100
|move|p2a: Hawlucha|Acrobatics|p1a: Glimmora
|-resisted|p1a: Glimmora
|-damage|p1a: Glimmora|72/100
|-activate|p1a: Glimmora|ability: Toxic Debris
|-sidestart|p2: Naro51|move: Toxic Spikes
|
|-heal|p1a: Glimmora|79/100|[from] Grassy Terrain
|upkeep
|turn|6
|
|t:|1779620742
|move|p2a: Hawlucha|Swords Dance|p2a: Hawlucha
|-boost|p2a: Hawlucha|atk|2
|move|p1a: Glimmora|Stealth Rock|p2a: Hawlucha
|-sidestart|p2: Naro51|move: Stealth Rock
|
|-heal|p1a: Glimmora|85/100|[from] Grassy Terrain
|upkeep
|turn|7
|
|t:|1779620746
|move|p2a: Hawlucha|Encore|p1a: Glimmora
|-start|p1a: Glimmora|Encore
|move|p1a: Glimmora|Stealth Rock||[still]
|-fail|p1a: Glimmora
|
|-heal|p1a: Glimmora|91/100|[from] Grassy Terrain
|upkeep
|turn|8
|
|t:|1779620751
|move|p2a: Hawlucha|Swords Dance|p2a: Hawlucha
|-boost|p2a: Hawlucha|atk|2
|move|p1a: Glimmora|Stealth Rock||[still]
|-fail|p1a: Glimmora
|
|-heal|p1a: Glimmora|97/100|[from] Grassy Terrain
|upkeep
|turn|9
|
|t:|1779620759
|move|p2a: Hawlucha|Acrobatics|p1a: Glimmora
|-resisted|p1a: Glimmora
|-damage|p1a: Glimmora|9/100
|-activate|p1a: Glimmora|ability: Toxic Debris
|-sidestart|p2: Naro51|move: Toxic Spikes
|move|p1a: Glimmora|Stealth Rock||[still]
|-fail|p1a: Glimmora
|
|-heal|p1a: Glimmora|15/100|[from] Grassy Terrain
|-end|p1a: Glimmora|Encore
|upkeep
|turn|10
|
|t:|1779620767
|move|p2a: Hawlucha|Encore|p1a: Glimmora
|-start|p1a: Glimmora|Encore
|move|p1a: Glimmora|Stealth Rock||[still]
|-fail|p1a: Glimmora
|
|-heal|p1a: Glimmora|21/100|[from] Grassy Terrain
|-fieldend|move: Grassy Terrain
|upkeep
|turn|11
|
|t:|1779620770
|switch|p1a: Kingambit|Kingambit, F|100/100
|move|p2a: Hawlucha|Swords Dance|p2a: Hawlucha
|-boost|p2a: Hawlucha|atk|2
|
|upkeep
|turn|12
|
|t:|1779620774
|-terastallize|p1a: Kingambit|Ghost
|move|p2a: Hawlucha|Close Combat|p1a: Kingambit
|-immune|p1a: Kingambit
|move|p1a: Kingambit|Iron Head|p2a: Hawlucha
|-damage|p2a: Hawlucha|58/100
|
|upkeep
|turn|13
|
|t:|1779620791
|move|p2a: Hawlucha|Acrobatics|p1a: Kingambit
|-damage|p1a: Kingambit|0 fnt
|faint|p1a: Kingambit
|-end|p1a: Kingambit|fallenundefined|[silent]
|
|upkeep
|
|t:|1779620796
|switch|p1a: Blaziken|Blaziken, M|100/100
|turn|14
|
|t:|1779620804
|move|p2a: Hawlucha|Acrobatics|p1a: Blaziken
|-supereffective|p1a: Blaziken
|-enditem|p1a: Blaziken|Focus Sash
|-damage|p1a: Blaziken|1/100
|move|p1a: Blaziken|Flare Blitz|p2a: Hawlucha
|-damage|p2a: Hawlucha|0 fnt
|faint|p2a: Hawlucha
|-damage|p1a: Blaziken|0 fnt|[from] Recoil
|faint|p1a: Blaziken
|
|upkeep
|
|t:|1779620813
|switch|p2a: Rillaboom|Rillaboom, M|32/100
|switch|p1a: Rillaboom|Rillaboom, F|100/100
|-status|p2a: Rillaboom|tox
|-damage|p2a: Rillaboom|20/100 tox|[from] Stealth Rock
|-fieldstart|move: Grassy Terrain|[from] ability: Grassy Surge|[of] p2a: Rillaboom
|turn|15
|
|t:|1779620821
|move|p1a: Rillaboom|Grassy Glide|p2a: Rillaboom
|-resisted|p2a: Rillaboom
|-damage|p2a: Rillaboom|1/100 tox
|move|p2a: Rillaboom|U-turn|p1a: Rillaboom
|-supereffective|p1a: Rillaboom
|-damage|p1a: Rillaboom|57/100
|
|t:|1779620829
|switch|p2a: Hatterene|Hatterene, F|100/100|[from] U-turn
|-status|p2a: Hatterene|tox
|-damage|p2a: Hatterene|88/100 tox|[from] Stealth Rock
|-enditem|p2a: Hatterene|Grassy Seed
|-boost|p2a: Hatterene|def|1|[from] item: Grassy Seed
|
|-heal|p1a: Rillaboom|63/100|[from] Grassy Terrain
|-heal|p2a: Hatterene|94/100 tox|[from] Grassy Terrain
|-damage|p2a: Hatterene|88/100 tox|[from] psn
|upkeep
|turn|16
|
|t:|1779620836
|move|p1a: Rillaboom|U-turn|p2a: Hatterene
|-crit|p2a: Hatterene
|-damage|p2a: Hatterene|56/100 tox
|
|t:|1779620839
|switch|p1a: Glimmora|Glimmora, M|21/100|[from] U-turn
|move|p2a: Hatterene|Mystical Fire|p1a: Glimmora
|-resisted|p1a: Glimmora
|-damage|p1a: Glimmora|7/100
|-unboost|p1a: Glimmora|spa|1
|
|-heal|p1a: Glimmora|14/100|[from] Grassy Terrain
|-heal|p2a: Hatterene|62/100 tox|[from] Grassy Terrain
|-damage|p2a: Hatterene|50/100 tox|[from] psn
|upkeep
|turn|17
|
|t:|1779620847
|move|p1a: Glimmora|Power Gem|p2a: Hatterene
|-damage|p2a: Hatterene|20/100 tox
|move|p2a: Hatterene|Draining Kiss|p1a: Glimmora
|-resisted|p1a: Glimmora
|-damage|p1a: Glimmora|0 fnt
|-heal|p2a: Hatterene|29/100 tox|[from] drain|[of] p1a: Glimmora
|faint|p1a: Glimmora
|
|-heal|p2a: Hatterene|35/100 tox|[from] Grassy Terrain
|-damage|p2a: Hatterene|17/100 tox|[from] psn
|upkeep
|
|t:|1779620852
|switch|p1a: Serperior|Serperior, M|60/100
|turn|18
|
|t:|1779620857
|move|p1a: Serperior|Substitute|p1a: Serperior
|-start|p1a: Serperior|Substitute
|-damage|p1a: Serperior|35/100
|move|p2a: Hatterene|Mystical Fire|p1a: Serperior
|-supereffective|p1a: Serperior
|-end|p1a: Serperior|Substitute
|
|-heal|p1a: Serperior|41/100|[from] Grassy Terrain
|-heal|p1a: Serperior|48/100|[from] item: Leftovers
|-heal|p2a: Hatterene|23/100 tox|[from] Grassy Terrain
|-damage|p2a: Hatterene|0 fnt|[from] psn
|faint|p2a: Hatterene
|upkeep
|
|t:|1779620863
|switch|p2a: Kingambit|Kingambit, M|100/100
|-damage|p2a: Kingambit|94/100|[from] Stealth Rock
|-activate|p2a: Kingambit|ability: Supreme Overlord
|-start|p2a: Kingambit|fallen3|[silent]
|turn|19
|
|t:|1779620887
|move|p1a: Serperior|Substitute|p1a: Serperior
|-start|p1a: Serperior|Substitute
|-damage|p1a: Serperior|23/100
|move|p2a: Kingambit|Kowtow Cleave|p1a: Serperior
|-end|p1a: Serperior|Substitute
|
|-heal|p1a: Serperior|29/100|[from] Grassy Terrain
|-heal|p1a: Serperior|35/100|[from] item: Leftovers
|-heal|p2a: Kingambit|100/100|[from] Grassy Terrain
|upkeep
|turn|20
|
|t:|1779620895
|move|p1a: Serperior|Glare|p2a: Kingambit
|-status|p2a: Kingambit|par
|move|p2a: Kingambit|Iron Head|p1a: Serperior
|-damage|p1a: Serperior|0 fnt
|faint|p1a: Serperior
|
|upkeep
|
|t:|1779620899
|switch|p1a: Hawlucha|Hawlucha, F|100/100
|-enditem|p1a: Hawlucha|Grassy Seed
|-boost|p1a: Hawlucha|def|1|[from] item: Grassy Seed
|turn|21
|
|t:|1779620914
|move|p1a: Hawlucha|Swords Dance|p1a: Hawlucha
|-boost|p1a: Hawlucha|atk|2
|move|p2a: Kingambit|Iron Head|p1a: Hawlucha
|-damage|p1a: Hawlucha|45/100
|
|upkeep
|turn|22
|
|t:|1779620922
|move|p1a: Hawlucha|Upper Hand|p2a: Kingambit
|-supereffective|p2a: Kingambit
|-crit|p2a: Kingambit
|-damage|p2a: Kingambit|0 fnt
|faint|p2a: Kingambit
|-end|p2a: Kingambit|fallen3|[silent]
|
|-fieldend|move: Grassy Terrain
|upkeep
|
|t:|1779620927
|switch|p2a: Rillaboom|Rillaboom, M|1/100 tox
|-damage|p2a: Rillaboom|0 fnt|[from] Stealth Rock
|faint|p2a: Rillaboom
|
|t:|1779620930
|switch|p2a: Primarina|Primarina, F|100/100
|-status|p2a: Primarina|tox
|-damage|p2a: Primarina|88/100 tox|[from] Stealth Rock
|turn|23
|
|t:|1779620937
|-terastallize|p2a: Primarina|Steel
|move|p1a: Hawlucha|Acrobatics|p2a: Primarina
|-resisted|p2a: Primarina
|-damage|p2a: Primarina|16/100 tox
|move|p2a: Primarina|Moonblast|p1a: Hawlucha
|-supereffective|p1a: Hawlucha
|-damage|p1a: Hawlucha|0 fnt
|faint|p1a: Hawlucha
|
|-heal|p2a: Primarina|22/100 tox|[from] item: Leftovers
|-damage|p2a: Primarina|16/100 tox|[from] psn
|upkeep
|
|t:|1779620942
|switch|p1a: Rillaboom|Rillaboom, F|63/100
|-fieldstart|move: Grassy Terrain|[from] ability: Grassy Surge|[of] p1a: Rillaboom
|turn|24
|
|t:|1779620949
|move|p1a: Rillaboom|Grassy Glide|p2a: Primarina
|-resisted|p2a: Primarina
|-damage|p2a: Primarina|0 fnt
|faint|p2a: Primarina
|
|win|daddy6741
|raw|daddy6741's rating: 1460 &rarr; <strong>1478</strong><br />(+18 for winning)
|raw|Naro51's rating: 1421 &rarr; <strong>1403</strong><br />(-18 for losing)
|l|☆daddy6741
|player|p1|
|l|☆Naro51
|player|p2|
