|j|☆jessies boyfriend
|j|☆dwiqs
|t:|1779646155
|gametype|singles
|player|p1|jessies boyfriend|brock|1327
|player|p2|dwiqs|hilda|1351
|gen|9
|tier|[Gen 9] OU
|rated|
|rule|HP Percentage Mod: HP is shown in percentages
|rule|Endless Battle Clause: Forcing endless battles is banned
|rule|Species Clause: Limit one of each Pokémon
|rule|OHKO Clause: OHKO moves are banned
|rule|Evasion Items Clause: Evasion items are banned
|rule|Evasion Moves Clause: Evasion moves are banned
|rule|Evasion Abilities Clause: Evasion abilities are banned
|rule|Sleep Moves Clause: Sleep-inducing moves are banned
|clearpoke
|poke|p1|Houndstone, M|
|poke|p1|Gholdengo|
|poke|p1|Incineroar, F|
|poke|p1|Glimmora, M|
|poke|p1|Forretress, M|
|poke|p1|Scrafty, F|
|poke|p2|Ninetales-Alola, M|
|poke|p2|Great Tusk|
|poke|p2|Gholdengo|
|poke|p2|Dragonite, M|
|poke|p2|Ogerpon-Wellspring, F|
|poke|p2|Iron Valiant|
|teampreview
|inactive|Battle timer is ON: inactive players will automatically lose when time's up. (requested by dwiqs)
|
|t:|1779646171
|teamsize|p1|6
|teamsize|p2|6
|start
|switch|p1a: Glimmora|Glimmora, M|100/100
|switch|p2a: Barnes|Great Tusk|100/100
|-item|p1a: Glimmora|Air Balloon
|turn|1
|
|t:|1779646174
|move|p2a: Barnes|Rapid Spin|p1a: Glimmora
|-resisted|p1a: Glimmora
|-damage|p1a: Glimmora|91/100
|-boost|p2a: Barnes|spe|1
|-activate|p1a: Glimmora|ability: Toxic Debris
|-sidestart|p2: dwiqs|move: Toxic Spikes
|-enditem|p1a: Glimmora|Air Balloon
|-sideend|p2: dwiqs|Toxic Spikes|[from] move: Rapid Spin|[of] p2a: Barnes
|move|p1a: Glimmora|Energy Ball|p2a: Barnes
|-supereffective|p2a: Barnes
|-damage|p2a: Barnes|16/100
|
|upkeep
|turn|2
|
|t:|1779646185
|switch|p1a: Forretress|Forretress, M|100/100
|move|p2a: Barnes|Headlong Rush|p1a: Forretress
|-damage|p1a: Forretress|64/100
|-unboost|p2a: Barnes|def|1
|-unboost|p2a: Barnes|spd|1
|
|upkeep
|turn|3
|
|t:|1779646195
|-end|p2a: Barnes|Protosynthesis|[silent]
|switch|p2a: Castel|Gholdengo|100/100
|move|p1a: Forretress|Rapid Spin|p2a: Castel
|-immune|p2a: Castel
|
|upkeep
|turn|4
|
|t:|1779646199
|switch|p1a: Incineroar|Incineroar, F|100/100
|-ability|p1a: Incineroar|Intimidate|boost
|-unboost|p2a: Castel|atk|1
|move|p2a: Castel|Nasty Plot|p2a: Castel
|-boost|p2a: Castel|spa|2
|
|upkeep
|turn|5
|
|t:|1779646205
|-terastallize|p2a: Castel|Water
|move|p2a: Castel|Make It Rain|p1a: Incineroar
|-resisted|p1a: Incineroar
|-damage|p1a: Incineroar|53/100
|-unboost|p2a: Castel|spa|1
|move|p1a: Incineroar|Flame Charge|p2a: Castel
|-resisted|p2a: Castel
|-damage|p2a: Castel|88/100
|-boost|p1a: Incineroar|spe|1
|
|-heal|p2a: Castel|94/100|[from] item: Leftovers
|upkeep
|turn|6
|
|t:|1779646216
|switch|p2a: Fox|Ninetales-Alola, M|100/100
|-weather|Snowscape|[from] ability: Snow Warning|[of] p2a: Fox
|move|p1a: Incineroar|Knock Off|p2a: Fox
|-resisted|p2a: Fox
|-damage|p2a: Fox|80/100
|-enditem|p2a: Fox|Light Clay|[from] move: Knock Off|[of] p1a: Incineroar
|
|-weather|Snowscape|[upkeep]
|upkeep
|turn|7
|
|t:|1779646228
|move|p2a: Fox|Aurora Veil|p2a: Fox
|-sidestart|p2: dwiqs|move: Aurora Veil
|move|p1a: Incineroar|Flame Charge|p2a: Fox
|-supereffective|p2a: Fox
|-damage|p2a: Fox|61/100
|-boost|p1a: Incineroar|spe|1
|
|-weather|Snowscape|[upkeep]
|upkeep
|turn|8
|
|t:|1779646237
|switch|p2a: Ogerpon|Ogerpon-Wellspring, F|100/100
|move|p1a: Incineroar|Flame Charge|p2a: Ogerpon
|-damage|p2a: Ogerpon|83/100
|-boost|p1a: Incineroar|spe|1
|
|-weather|Snowscape|[upkeep]
|upkeep
|turn|9
|
|t:|1779646247
|move|p1a: Incineroar|U-turn|p2a: Ogerpon
|-supereffective|p2a: Ogerpon
|-damage|p2a: Ogerpon|53/100
|
|t:|1779646254
|switch|p1a: Glimmora|Glimmora, M|91/100|[from] U-turn
|move|p2a: Ogerpon|Swords Dance|p2a: Ogerpon
|-boost|p2a: Ogerpon|atk|2
|
|-weather|Snowscape|[upkeep]
|upkeep
|turn|10
|
|t:|1779646262
|move|p2a: Ogerpon|Ivy Cudgel|p1a: Glimmora|[anim] Ivy Cudgel Water
|-supereffective|p1a: Glimmora
|-damage|p1a: Glimmora|0 fnt
|-activate|p1a: Glimmora|ability: Toxic Debris
|-sidestart|p2: dwiqs|move: Toxic Spikes
|faint|p1a: Glimmora
|
|-weather|none
|upkeep
|
|t:|1779646275
|switch|p1a: Houndstone|Houndstone, M|100/100
|turn|11
|
|t:|1779646278
|move|p2a: Ogerpon|Knock Off|p1a: Houndstone
|-supereffective|p1a: Houndstone
|-damage|p1a: Houndstone|30/100
|-enditem|p1a: Houndstone|Leftovers|[from] move: Knock Off|[of] p2a: Ogerpon
|move|p1a: Houndstone|Roar|p2a: Ogerpon
|drag|p2a: Wembanyama|Iron Valiant|100/100
|-status|p2a: Wembanyama|psn
|-enditem|p2a: Wembanyama|Booster Energy
|-activate|p2a: Wembanyama|ability: Quark Drive|[fromitem]
|-start|p2a: Wembanyama|quarkdrivespe
|
|-damage|p2a: Wembanyama|88/100 psn|[from] psn
|-sideend|p2: dwiqs|move: Aurora Veil
|upkeep
|turn|12
|
|t:|1779646290
|-end|p2a: Wembanyama|Quark Drive|[silent]
|switch|p2a: Fox|Ninetales-Alola, M|61/100
|-status|p2a: Fox|psn
|-weather|Snowscape|[from] ability: Snow Warning|[of] p2a: Fox
|move|p1a: Houndstone|Pain Split|p2a: Fox
|-sethp|p2a: Fox|45/100 psn|[from] move: Pain Split|[silent]
|-sethp|p1a: Houndstone|45/100|[from] move: Pain Split
|
|-weather|Snowscape|[upkeep]
|-damage|p2a: Fox|33/100 psn|[from] psn
|upkeep
|turn|13
|
|t:|1779646298
|move|p1a: Houndstone|Protect|p1a: Houndstone
|-singleturn|p1a: Houndstone|Protect
|move|p2a: Fox|Aurora Veil|p2a: Fox
|-sidestart|p2: dwiqs|move: Aurora Veil
|
|-weather|Snowscape|[upkeep]
|-damage|p2a: Fox|21/100 psn|[from] psn
|upkeep
|turn|14
|
|t:|1779646301
|switch|p2a: Castel|Gholdengo, tera:Water|94/100
|-status|p2a: Castel|psn
|move|p1a: Houndstone|Phantom Force||[still]
|-prepare|p1a: Houndstone|Phantom Force
|
|-weather|Snowscape|[upkeep]
|-heal|p2a: Castel|100/100 psn|[from] item: Leftovers
|-damage|p2a: Castel|88/100 psn|[from] psn
|upkeep
|turn|15
|
|t:|1779646315
|move|p2a: Castel|Shadow Ball|p1a: Houndstone|[miss]
|-miss|p2a: Castel|p1a: Houndstone
|move|p1a: Houndstone|Phantom Force|p2a: Castel|[from] lockedmove
|-crit|p2a: Castel
|-damage|p2a: Castel|46/100 psn
|
|-weather|Snowscape|[upkeep]
|-heal|p2a: Castel|52/100 psn|[from] item: Leftovers
|-damage|p2a: Castel|39/100 psn|[from] psn
|upkeep
|turn|16
|
|t:|1779646321
|switch|p1a: Incineroar|Incineroar, F|53/100
|-ability|p1a: Incineroar|Intimidate|boost
|-unboost|p2a: Castel|atk|1
|move|p2a: Castel|Recover|p2a: Castel
|-heal|p2a: Castel|89/100 psn
|
|-weather|none
|-heal|p2a: Castel|95/100 psn|[from] item: Leftovers
|-damage|p2a: Castel|83/100 psn|[from] psn
|upkeep
|turn|17
|
|t:|1779646327
|move|p2a: Castel|Nasty Plot|p2a: Castel
|-boost|p2a: Castel|spa|2
|move|p1a: Incineroar|U-turn|p2a: Castel
|-damage|p2a: Castel|71/100 psn
|
|t:|1779646330
|switch|p1a: Scrafty|Scrafty, F, shiny|100/100|[from] U-turn
|-ability|p1a: Scrafty|Intimidate|boost
|-unboost|p2a: Castel|atk|1
|
|-heal|p2a: Castel|77/100 psn|[from] item: Leftovers
|-damage|p2a: Castel|65/100 psn|[from] psn
|-sideend|p2: dwiqs|move: Aurora Veil
|upkeep
|turn|18
|
|t:|1779646334
|switch|p1a: Gholdengo|Gholdengo|100/100
|move|p2a: Castel|Make It Rain|p1a: Gholdengo
|-resisted|p1a: Gholdengo
|-damage|p1a: Gholdengo|30/100
|-unboost|p2a: Castel|spa|1
|-enditem|p1a: Gholdengo|Red Card|[of] p2a: Castel
|drag|p2a: Wembanyama|Iron Valiant|88/100 psn
|
|-damage|p2a: Wembanyama|76/100 psn|[from] psn
|upkeep
|turn|19
|
|t:|1779646342
|move|p2a: Wembanyama|Thunderbolt|p1a: Gholdengo
|-damage|p1a: Gholdengo|0 fnt
|faint|p1a: Gholdengo
|
|-damage|p2a: Wembanyama|63/100 psn|[from] psn
|upkeep
|
|t:|1779646347
|switch|p1a: Incineroar|Incineroar, F|53/100
|-ability|p1a: Incineroar|Intimidate|boost
|-unboost|p2a: Wembanyama|atk|1
|turn|20
|
|t:|1779646352
|move|p2a: Wembanyama|Moonblast|p1a: Incineroar
|-damage|p1a: Incineroar|21/100
|-unboost|p1a: Incineroar|spa|1
|move|p1a: Incineroar|Flame Charge|p2a: Wembanyama
|-damage|p2a: Wembanyama|29/100 psn
|-boost|p1a: Incineroar|spe|1
|
|-damage|p2a: Wembanyama|16/100 psn|[from] psn
|upkeep
|turn|21
|
|t:|1779646358
|move|p2a: Wembanyama|Vacuum Wave|p1a: Incineroar
|-supereffective|p1a: Incineroar
|-damage|p1a: Incineroar|0 fnt
|faint|p1a: Incineroar
|
|-damage|p2a: Wembanyama|4/100 psn|[from] psn
|upkeep
|
|t:|1779646365
|switch|p1a: Houndstone|Houndstone, M|45/100
|turn|22
|
|t:|1779646376
|-end|p2a: Wembanyama|Quark Drive|[silent]
|switch|p2a: Castel|Gholdengo, tera:Water|65/100 psn
|move|p1a: Houndstone|Protect||[still]
|-fail|p1a: Houndstone
|
|-heal|p2a: Castel|71/100 psn|[from] item: Leftovers
|-damage|p2a: Castel|58/100 psn|[from] psn
|upkeep
|turn|23
|
|t:|1779646384
|switch|p1a: Scrafty|Scrafty, F, shiny|100/100
|-ability|p1a: Scrafty|Intimidate|boost
|-unboost|p2a: Castel|atk|1
|move|p2a: Castel|Shadow Ball|p1a: Scrafty
|-resisted|p1a: Scrafty
|-damage|p1a: Scrafty|85/100
|
|-heal|p2a: Castel|65/100 psn|[from] item: Leftovers
|-damage|p2a: Castel|52/100 psn|[from] psn
|upkeep
|turn|24
|
|t:|1779646397
|move|p2a: Castel|Recover|p2a: Castel
|-heal|p2a: Castel|100/100 psn
|move|p1a: Scrafty|Drain Punch|p2a: Castel
|-damage|p2a: Castel|75/100 psn
|-heal|p1a: Scrafty|99/100|[from] drain|[of] p2a: Castel
|
|-heal|p2a: Castel|81/100 psn|[from] item: Leftovers
|-damage|p2a: Castel|68/100 psn|[from] psn
|upkeep
|turn|25
|
|t:|1779646403
|move|p2a: Castel|Nasty Plot|p2a: Castel
|-boost|p2a: Castel|spa|2
|move|p1a: Scrafty|Dragon Tail|p2a: Castel
|-damage|p2a: Castel|56/100 psn
|drag|p2a: Fox|Ninetales-Alola, M|21/100 psn
|-weather|Snowscape|[from] ability: Snow Warning|[of] p2a: Fox
|
|-weather|Snowscape|[upkeep]
|-damage|p2a: Fox|8/100 psn|[from] psn
|upkeep
|turn|26
|
|t:|1779646418
|move|p2a: Fox|Aurora Veil|p2a: Fox
|-sidestart|p2: dwiqs|move: Aurora Veil
|move|p1a: Scrafty|Poison Jab|p2a: Fox
|-supereffective|p2a: Fox
|-damage|p2a: Fox|0 fnt
|faint|p2a: Fox
|
|-weather|Snowscape|[upkeep]
|upkeep
|
|t:|1779646431
|switch|p2a: Barnes|Great Tusk|16/100
|turn|27
|
|t:|1779646435
|switch|p1a: Houndstone|Houndstone, M|45/100
|move|p2a: Barnes|Close Combat|p1a: Houndstone
|-immune|p1a: Houndstone
|
|-weather|Snowscape|[upkeep]
|upkeep
|turn|28
|
|t:|1779646441
|move|p2a: Barnes|Headlong Rush|p1a: Houndstone
|-damage|p1a: Houndstone|13/100
|-unboost|p2a: Barnes|def|1
|-unboost|p2a: Barnes|spd|1
|move|p1a: Houndstone|Phantom Force||[still]
|-prepare|p1a: Houndstone|Phantom Force
|
|-weather|Snowscape|[upkeep]
|upkeep
|turn|29
|
|t:|1779646449
|-end|p2a: Barnes|Protosynthesis|[silent]
|switch|p2a: Wembanyama|Iron Valiant|4/100 psn
|move|p1a: Houndstone|Phantom Force|p2a: Wembanyama|[from] lockedmove
|-damage|p2a: Wembanyama|0 fnt
|faint|p2a: Wembanyama
|-end|p2a: Wembanyama|Quark Drive|[silent]
|
|-weather|none
|upkeep
|
|t:|1779646451
|switch|p2a: Castel|Gholdengo, tera:Water|56/100 psn
|turn|30
|inactive|jessies boyfriend has 120 seconds left.
|
|t:|1779646496
|switch|p1a: Scrafty|Scrafty, F, shiny|99/100
|-ability|p1a: Scrafty|Intimidate|boost
|-unboost|p2a: Castel|atk|1
|move|p2a: Castel|Shadow Ball|p1a: Scrafty
|-resisted|p1a: Scrafty
|-damage|p1a: Scrafty|85/100
|-unboost|p1a: Scrafty|spd|1
|
|-heal|p2a: Castel|62/100 psn|[from] item: Leftovers
|-damage|p2a: Castel|49/100 psn|[from] psn
|-sideend|p2: dwiqs|move: Aurora Veil
|upkeep
|turn|31
|
|t:|1779646502
|move|p2a: Castel|Make It Rain|p1a: Scrafty
|-damage|p1a: Scrafty|21/100
|-unboost|p2a: Castel|spa|1
|move|p1a: Scrafty|Dragon Tail|p2a: Castel
|-damage|p2a: Castel|36/100 psn
|drag|p2a: Vassell|Dragonite, M|100/100
|
|upkeep
|turn|32
|inactive|jessies boyfriend has 120 seconds left.
|
|t:|1779646515
|switch|p1a: Forretress|Forretress, M|64/100
|move|p2a: Vassell|Earthquake|p1a: Forretress
|-damage|p1a: Forretress|44/100
|
|upkeep
|turn|33
|
|t:|1779646522
|switch|p2a: Ogerpon|Ogerpon-Wellspring, F|53/100
|-status|p2a: Ogerpon|psn
|move|p1a: Forretress|Pain Split|p2a: Ogerpon
|-sethp|p2a: Ogerpon|52/100 psn|[from] move: Pain Split|[silent]
|-sethp|p1a: Forretress|44/100|[from] move: Pain Split
|
|-damage|p2a: Ogerpon|40/100 psn|[from] psn
|upkeep
|turn|34
|inactive|jessies boyfriend has 120 seconds left.
|
|t:|1779646544
|move|p2a: Ogerpon|Ivy Cudgel|p1a: Forretress|[anim] Ivy Cudgel Water
|-damage|p1a: Forretress|9/100
|move|p1a: Forretress|Stealth Rock|p2a: Ogerpon
|-sidestart|p2: dwiqs|move: Stealth Rock
|
|-damage|p2a: Ogerpon|27/100 psn|[from] psn
|upkeep
|turn|35
|
|t:|1779646549
|move|p2a: Ogerpon|Knock Off|p1a: Forretress
|-damage|p1a: Forretress|0 fnt
|-enditem|p1a: Forretress|Heavy-Duty Boots|[from] move: Knock Off|[of] p2a: Ogerpon
|faint|p1a: Forretress
|
|-damage|p2a: Ogerpon|15/100 psn|[from] psn
|upkeep
|
|t:|1779646558
|switch|p1a: Houndstone|Houndstone, M|13/100
|turn|36
|
|t:|1779646565
|move|p1a: Houndstone|Protect|p1a: Houndstone
|-singleturn|p1a: Houndstone|Protect
|move|p2a: Ogerpon|Knock Off|p1a: Houndstone
|-activate|p1a: Houndstone|move: Protect
|
|-damage|p2a: Ogerpon|3/100 psn|[from] psn
|upkeep
|turn|37
|inactive|jessies boyfriend has 120 seconds left.
|
|t:|1779646610
|move|p1a: Houndstone|Protect||[still]
|-fail|p1a: Houndstone
|move|p2a: Ogerpon|Ivy Cudgel|p1a: Houndstone|[anim] Ivy Cudgel Water
|-damage|p1a: Houndstone|0 fnt
|faint|p1a: Houndstone
|
|-damage|p2a: Ogerpon|0 fnt|[from] psn
|faint|p2a: Ogerpon
|upkeep
|l|☆jessies boyfriend
|inactive|jessies boyfriend disconnected and has a minute to reconnect!
|player|p1|
|inactive|jessies boyfriend has 30 seconds to reconnect!
|inactive|jessies boyfriend has 20 seconds to reconnect!
|inactive|jessies boyfriend has 15 seconds to reconnect!
|inactive|jessies boyfriend has 10 seconds to reconnect!
|inactive|jessies boyfriend has 5 seconds to reconnect!
|-message|jessies boyfriend lost due to inactivity.
|
|win|dwiqs
|raw|jessies boyfriend's rating: 1327 &rarr; <strong>1308</strong><br />(-19 for losing)
|raw|dwiqs's rating: 1351 &rarr; <strong>1370</strong><br />(+19 for winning)
|j|☆jessies boyfriend
|player|p1|jessies boyfriend|brock|
|l|☆jessies boyfriend
|player|p1|
|l|☆dwiqs
|player|p2|
