|j|☆naraz
|j|☆BananIsac
|t:|1779704447
|gametype|singles
|player|p1|naraz|1|1187
|player|p2|BananIsac|caitlin|1211
|gen|9
|tier|[Gen 9] OU
|rated|
|rule|HP Percentage Mod: HP is shown in percentages
|rule|Endless Battle Clause: Forcing endless battles is banned
|rule|Species Clause: Limit one of each Pokémon
|rule|OHKO Clause: OHKO moves are banned
|rule|Evasion Items Clause: Evasion items are banned
|rule|Evasion Moves Clause: Evasion moves are banned
|rule|Evasion Abilities Clause: Evasion abilities are banned
|rule|Sleep Moves Clause: Sleep-inducing moves are banned
|clearpoke
|poke|p1|Pawmot, M|
|poke|p1|Gholdengo|
|poke|p1|Samurott-Hisui, F|
|poke|p1|Mudsdale, F|
|poke|p1|Tauros-Paldea-Blaze, M|
|poke|p1|Ditto|
|poke|p2|Great Tusk|
|poke|p2|Gholdengo|
|poke|p2|Raging Bolt|
|poke|p2|Sylveon, M|
|poke|p2|Kyurem|
|poke|p2|Slowking-Galar, F|
|teampreview
|inactive|Battle timer is ON: inactive players will automatically lose when time's up. (requested by naraz)
|
|t:|1779704470
|teamsize|p1|6
|teamsize|p2|6
|start
|switch|p1a: Samurott|Samurott-Hisui, F|100/100
|switch|p2a: Sylveon|Sylveon, M|100/100
|turn|1
|
|t:|1779704476
|move|p1a: Samurott|Ceaseless Edge|p2a: Sylveon
|-resisted|p2a: Sylveon
|-damage|p2a: Sylveon|68/100
|-sidestart|p2: BananIsac|Spikes
|move|p2a: Sylveon|Hyper Voice|p1a: Samurott
|-supereffective|p1a: Samurott
|-damage|p1a: Samurott|0 fnt
|faint|p1a: Samurott
|
|upkeep
|
|t:|1779704487
|switch|p1a: Gholdengo|Gholdengo|100/100
|-item|p1a: Gholdengo|Air Balloon
|turn|2
|
|t:|1779704494
|move|p1a: Gholdengo|Nasty Plot|p1a: Gholdengo
|-boost|p1a: Gholdengo|spa|2
|move|p2a: Sylveon|Shadow Ball|p1a: Gholdengo
|-supereffective|p1a: Gholdengo
|-damage|p1a: Gholdengo|34/100
|-enditem|p1a: Gholdengo|Air Balloon
|
|upkeep
|turn|3
|
|t:|1779704502
|move|p1a: Gholdengo|Make It Rain|p2a: Sylveon
|-supereffective|p2a: Sylveon
|-damage|p2a: Sylveon|0 fnt
|-unboost|p1a: Gholdengo|spa|1
|faint|p2a: Sylveon
|
|upkeep
|
|t:|1779704511
|switch|p2a: Great Tusk|Great Tusk|100/100
|-damage|p2a: Great Tusk|88/100|[from] Spikes
|turn|4
|
|t:|1779704525
|switch|p1a: Mudsdale|Mudsdale, F|100/100
|move|p2a: Great Tusk|Headlong Rush|p1a: Mudsdale
|-crit|p1a: Mudsdale
|-damage|p1a: Mudsdale|38/100
|-unboost|p2a: Great Tusk|def|1
|-unboost|p2a: Great Tusk|spd|1
|-ability|p1a: Mudsdale|Stamina|boost
|-boost|p1a: Mudsdale|def|1
|
|-heal|p1a: Mudsdale|44/100|[from] item: Leftovers
|upkeep
|turn|5
|
|t:|1779704536
|move|p2a: Great Tusk|Stealth Rock|p1a: Mudsdale
|-sidestart|p1: naraz|move: Stealth Rock
|move|p1a: Mudsdale|Body Press|p2a: Great Tusk
|-damage|p2a: Great Tusk|45/100
|-damage|p1a: Mudsdale|28/100|[from] item: Rocky Helmet|[of] p2a: Great Tusk
|
|-heal|p1a: Mudsdale|34/100|[from] item: Leftovers
|upkeep
|turn|6
|
|t:|1779704546
|move|p2a: Great Tusk|Rapid Spin|p1a: Mudsdale
|-damage|p1a: Mudsdale|26/100
|-boost|p2a: Great Tusk|spe|1
|-ability|p1a: Mudsdale|Stamina|boost
|-boost|p1a: Mudsdale|def|1
|-sideend|p2: BananIsac|Spikes|[from] move: Rapid Spin|[of] p2a: Great Tusk
|move|p1a: Mudsdale|Stealth Rock|p2a: Great Tusk
|-sidestart|p2: BananIsac|move: Stealth Rock
|
|-heal|p1a: Mudsdale|33/100|[from] item: Leftovers
|upkeep
|turn|7
|
|t:|1779704557
|move|p2a: Great Tusk|Rapid Spin|p1a: Mudsdale
|-damage|p1a: Mudsdale|27/100
|-boost|p2a: Great Tusk|spe|1
|-ability|p1a: Mudsdale|Stamina|boost
|-boost|p1a: Mudsdale|def|1
|-sideend|p2: BananIsac|Stealth Rock|[from] move: Rapid Spin|[of] p2a: Great Tusk
|move|p1a: Mudsdale|Earthquake|p2a: Great Tusk
|-damage|p2a: Great Tusk|2/100
|
|-heal|p1a: Mudsdale|33/100|[from] item: Leftovers
|upkeep
|turn|8
|
|t:|1779704570
|-end|p2a: Great Tusk|Protosynthesis|[silent]
|switch|p2a: Gholdengo|Gholdengo|100/100
|-item|p2a: Gholdengo|Air Balloon
|move|p1a: Mudsdale|Stealth Rock|p2a: Gholdengo
|-sidestart|p2: BananIsac|move: Stealth Rock
|
|-heal|p1a: Mudsdale|39/100|[from] item: Leftovers
|upkeep
|turn|9
|
|t:|1779704584
|switch|p1a: Tauros|Tauros-Paldea-Blaze, M|100/100
|-damage|p1a: Tauros|88/100|[from] Stealth Rock
|move|p2a: Gholdengo|Nasty Plot|p2a: Gholdengo
|-boost|p2a: Gholdengo|spa|2
|
|upkeep
|turn|10
|
|t:|1779704599
|switch|p2a: Great Tusk|Great Tusk|2/100
|-damage|p2a: Great Tusk|0 fnt|[from] Stealth Rock
|faint|p2a: Great Tusk
|-end|p2a: Great Tusk|Protosynthesis|[silent]
|move|p1a: Tauros|Flame Charge|p2: Great Tusk|[notarget]
|-fail|p1a: Tauros
|
|upkeep
|
|t:|1779704615
|switch|p2a: Slowking|Slowking-Galar, F|100/100
|-damage|p2a: Slowking|88/100|[from] Stealth Rock
|turn|11
|
|t:|1779704629
|switch|p1a: Gholdengo|Gholdengo|34/100
|-damage|p1a: Gholdengo|28/100|[from] Stealth Rock
|move|p2a: Slowking|Future Sight|p1a: Gholdengo
|-start|p2a: Slowking|move: Future Sight
|
|-heal|p2a: Slowking|94/100|[from] item: Black Sludge
|upkeep
|turn|12
|
|t:|1779704641
|move|p1a: Gholdengo|Shadow Ball|p2a: Slowking
|-supereffective|p2a: Slowking
|-damage|p2a: Slowking|25/100
|-unboost|p2a: Slowking|spd|1
|-prepare|p2a: Slowking|Chilly Reception|[premajor]
|move|p2a: Slowking|Chilly Reception|p2a: Slowking
|-weather|Snowscape
|
|t:|1779704649
|switch|p2a: Kyurem|Kyurem|100/100|[from] Chilly Reception
|-damage|p2a: Kyurem|76/100|[from] Stealth Rock
|-ability|p2a: Kyurem|Pressure
|
|-weather|Snowscape|[upkeep]
|upkeep
|turn|13
|
|t:|1779704659
|move|p2a: Kyurem|Earth Power|p1a: Gholdengo
|-supereffective|p1a: Gholdengo
|-crit|p1a: Gholdengo
|-damage|p1a: Gholdengo|0 fnt
|faint|p1a: Gholdengo
|
|-weather|Snowscape|[upkeep]
|-hint|Future Sight did not hit because the target is fainted.
|upkeep
|
|t:|1779704683
|switch|p1a: Ditto|Ditto|100/100
|-damage|p1a: Ditto|88/100|[from] Stealth Rock
|-transform|p1a: Ditto|p2a: Kyurem|[from] ability: Imposter
|-ability|p1a: Ditto|Pressure
|turn|14
|
|t:|1779704695
|switch|p2a: Gholdengo|Gholdengo|100/100
|-damage|p2a: Gholdengo|94/100|[from] Stealth Rock
|-item|p2a: Gholdengo|Air Balloon
|move|p1a: Ditto|Draco Meteor|p2a: Gholdengo
|-resisted|p2a: Gholdengo
|-damage|p2a: Gholdengo|56/100
|-unboost|p1a: Ditto|spa|2
|-enditem|p2a: Gholdengo|Air Balloon
|
|-weather|Snowscape|[upkeep]
|upkeep
|turn|15
|
|t:|1779704715
|move|p1a: Ditto|Earth Power|p2a: Gholdengo
|-supereffective|p2a: Gholdengo
|-damage|p2a: Gholdengo|18/100
|move|p2a: Gholdengo|Dazzling Gleam|p1a: Ditto
|-supereffective|p1a: Ditto
|-damage|p1a: Ditto|18/100
|
|-weather|Snowscape|[upkeep]
|upkeep
|turn|16
|
|t:|1779704732
|switch|p1a: Mudsdale|Mudsdale, F|39/100
|-damage|p1a: Mudsdale|33/100|[from] Stealth Rock
|move|p2a: Gholdengo|Dazzling Gleam|p1a: Mudsdale
|-damage|p1a: Mudsdale|3/100
|-ability|p1a: Mudsdale|Stamina|boost
|-boost|p1a: Mudsdale|def|1
|
|-weather|none
|-heal|p1a: Mudsdale|9/100|[from] item: Leftovers
|upkeep
|turn|17
|inactive|naraz has 120 seconds left.
|
|t:|1779704754
|move|p2a: Gholdengo|Dazzling Gleam|p1a: Mudsdale
|-damage|p1a: Mudsdale|0 fnt
|faint|p1a: Mudsdale
|
|upkeep
|
|t:|1779704759
|switch|p1a: Tauros|Tauros-Paldea-Blaze, M|88/100
|-damage|p1a: Tauros|76/100|[from] Stealth Rock
|turn|18
|
|t:|1779704771
|move|p1a: Tauros|Flame Charge|p2a: Gholdengo
|-supereffective|p2a: Gholdengo
|-damage|p2a: Gholdengo|0 fnt
|-boost|p1a: Tauros|spe|1
|faint|p2a: Gholdengo
|
|upkeep
|
|t:|1779704779
|switch|p2a: Raging Bolt|Raging Bolt|100/100
|-damage|p2a: Raging Bolt|88/100|[from] Stealth Rock
|-enditem|p2a: Raging Bolt|Booster Energy
|-activate|p2a: Raging Bolt|ability: Protosynthesis|[fromitem]
|-start|p2a: Raging Bolt|protosynthesisspa
|turn|19
|
|t:|1779704799
|move|p1a: Tauros|Close Combat|p2a: Raging Bolt
|-damage|p2a: Raging Bolt|41/100
|-unboost|p1a: Tauros|def|1
|-unboost|p1a: Tauros|spd|1
|move|p2a: Raging Bolt|Thunderbolt|p1a: Tauros
|-damage|p1a: Tauros|0 fnt
|faint|p1a: Tauros
|
|upkeep
|
|t:|1779704808
|switch|p1a: Pawmot|Pawmot, M|100/100
|-damage|p1a: Pawmot|94/100|[from] Stealth Rock
|turn|20
|
|t:|1779704816
|-terastallize|p2a: Raging Bolt|Fairy
|move|p1a: Pawmot|Ice Punch|p2a: Raging Bolt
|-damage|p2a: Raging Bolt|15/100
|-status|p2a: Raging Bolt|frz
|-curestatus|p2a: Raging Bolt|frz|[msg]
|move|p2a: Raging Bolt|Draco Meteor|p1a: Pawmot
|-damage|p1a: Pawmot|0 fnt
|-unboost|p2a: Raging Bolt|spa|2
|faint|p1a: Pawmot
|
|upkeep
|
|t:|1779704826
|switch|p1a: Ditto|Ditto|18/100
|-damage|p1a: Ditto|6/100|[from] Stealth Rock
|-transform|p1a: Ditto|p2a: Raging Bolt|[from] ability: Imposter
|-start|p1a: Ditto|typechange|Electric/Dragon|[silent]
|turn|21
|-activate|p1a: Ditto|item: Quick Claw
|
|t:|1779704839
|move|p2a: Raging Bolt|Thunderclap||[still]
|-fail|p2a: Raging Bolt
|move|p1a: Ditto|Calm Mind|p1a: Ditto
|-boost|p1a: Ditto|spa|1
|-boost|p1a: Ditto|spd|1
|
|upkeep
|turn|22
|
|t:|1779704843
|move|p1a: Ditto|Thunderclap|p2a: Raging Bolt
|-damage|p2a: Raging Bolt|0 fnt
|faint|p2a: Raging Bolt
|-end|p2a: Raging Bolt|Protosynthesis|[silent]
|
|upkeep
|
|t:|1779704849
|switch|p2a: Kyurem|Kyurem|76/100
|-damage|p2a: Kyurem|51/100|[from] Stealth Rock
|-ability|p2a: Kyurem|Pressure
|turn|23
|
|t:|1779704866
|move|p2a: Kyurem|Freeze-Dry|p1a: Ditto
|-supereffective|p1a: Ditto
|-damage|p1a: Ditto|0 fnt
|faint|p1a: Ditto
|-end|p1a: Ditto|Protosynthesis|[silent]
|
|win|BananIsac
|raw|naraz's rating: 1187 &rarr; <strong>1164</strong><br />(-23 for losing)
|raw|BananIsac's rating: 1211 &rarr; <strong>1234</strong><br />(+23 for winning)
|l|☆naraz
|player|p1|
|l|☆BananIsac
|player|p2|
