|j|☆FP.//06
|j|☆WintyBird
|t:|1779685056
|gametype|singles
|player|p1|FP.//06|lucas|1490
|player|p2|WintyBird|psychic-gen4|1519
|gen|9
|tier|[Gen 9] OU
|rated|
|rule|HP Percentage Mod: HP is shown in percentages
|rule|Endless Battle Clause: Forcing endless battles is banned
|rule|Species Clause: Limit one of each Pokémon
|rule|OHKO Clause: OHKO moves are banned
|rule|Evasion Items Clause: Evasion items are banned
|rule|Evasion Moves Clause: Evasion moves are banned
|rule|Evasion Abilities Clause: Evasion abilities are banned
|rule|Sleep Moves Clause: Sleep-inducing moves are banned
|clearpoke
|poke|p1|Landorus-Therian, M|
|poke|p1|Glimmora, M|
|poke|p1|Zamazenta-*|
|poke|p1|Gholdengo|
|poke|p1|Kyurem|
|poke|p1|Kingambit, F|
|poke|p2|Walking Wake|
|poke|p2|Great Tusk|
|poke|p2|Ninetales, M|
|poke|p2|Cresselia, F|
|poke|p2|Zarude|
|poke|p2|Ceruledge, M|
|teampreview
|inactive|Battle timer is ON: inactive players will automatically lose when time's up. (requested by FP.//06)
|inactive|WintyBird has 120 seconds left.
|
|t:|1779685088
|teamsize|p1|6
|teamsize|p2|6
|start
|switch|p1a: Kyurem|Kyurem|100/100
|switch|p2a: Walking Wake|Walking Wake|100/100
|-ability|p1a: Kyurem|Pressure
|turn|1
|
|t:|1779685104
|move|p2a: Walking Wake|Draco Meteor|p1a: Kyurem
|-supereffective|p1a: Kyurem
|-damage|p1a: Kyurem|0 fnt
|-unboost|p2a: Walking Wake|spa|2
|faint|p1a: Kyurem
|
|upkeep
|
|t:|1779685107
|switch|p1a: Landorus|Landorus-Therian, M|100/100
|-ability|p1a: Landorus|Intimidate|boost
|-unboost|p2a: Walking Wake|atk|1
|turn|2
|
|t:|1779685117
|-end|p2a: Walking Wake|Protosynthesis|[silent]
|switch|p2a: Ceruledge|Ceruledge, M|100/100
|-item|p2a: Ceruledge|Air Balloon
|move|p1a: Landorus|Stealth Rock|p2a: Ceruledge
|-sidestart|p2: WintyBird|move: Stealth Rock
|
|upkeep
|turn|3
|
|t:|1779685124
|move|p1a: Landorus|U-turn|p2a: Ceruledge
|-resisted|p2a: Ceruledge
|-damage|p2a: Ceruledge|93/100
|-ability|p2a: Ceruledge|Weak Armor|boost
|-unboost|p2a: Ceruledge|def|1
|-boost|p2a: Ceruledge|spe|2
|-enditem|p2a: Ceruledge|Air Balloon
|
|t:|1779685125
|switch|p1a: Glimmora|Glimmora, M|100/100|[from] U-turn
|move|p2a: Ceruledge|Swords Dance|p2a: Ceruledge
|-boost|p2a: Ceruledge|atk|2
|
|upkeep
|turn|4
|
|t:|1779685134
|move|p2a: Ceruledge|Poltergeist|p1a: Glimmora
|-activate|p1a: Glimmora|move: Poltergeist|Choice Scarf
|-damage|p1a: Glimmora|0 fnt
|-activate|p1a: Glimmora|ability: Toxic Debris
|-sidestart|p2: WintyBird|move: Toxic Spikes
|faint|p1a: Glimmora
|
|upkeep
|
|t:|1779685138
|switch|p1a: Landorus|Landorus-Therian, M|100/100
|-ability|p1a: Landorus|Intimidate|boost
|-unboost|p2a: Ceruledge|atk|1
|turn|5
|
|t:|1779685144
|switch|p2a: Cresselia|Cresselia, F|100/100
|-damage|p2a: Cresselia|88/100|[from] Stealth Rock
|move|p1a: Landorus|Earth Power|p2a: Cresselia
|-immune|p2a: Cresselia|[from] ability: Levitate
|
|upkeep
|turn|6
|
|t:|1779685149
|move|p1a: Landorus|Taunt|p2a: Cresselia
|-start|p2a: Cresselia|move: Taunt
|move|p2a: Cresselia|Psychic|p1a: Landorus
|-damage|p1a: Landorus|73/100
|
|upkeep
|turn|7
|
|t:|1779685151
|move|p1a: Landorus|U-turn|p2a: Cresselia
|-supereffective|p2a: Cresselia
|-damage|p2a: Cresselia|66/100
|-enditem|p2a: Cresselia|Eject Button
|
|t:|1779685156
|switch|p2a: Ninetales|Ninetales, M|100/100
|-damage|p2a: Ninetales|76/100|[from] Stealth Rock
|-status|p2a: Ninetales|psn
|-weather|SunnyDay|[from] ability: Drought|[of] p2a: Ninetales
|
|-weather|SunnyDay|[upkeep]
|-damage|p2a: Ninetales|63/100 psn|[from] psn
|upkeep
|turn|8
|
|t:|1779685166
|move|p2a: Ninetales|Overheat|p1a: Landorus
|-damage|p1a: Landorus|9/100
|-unboost|p2a: Ninetales|spa|2
|move|p1a: Landorus|Earth Power|p2a: Ninetales
|-supereffective|p2a: Ninetales
|-damage|p2a: Ninetales|0 fnt
|faint|p2a: Ninetales
|
|-weather|SunnyDay|[upkeep]
|upkeep
|
|t:|1779685174
|switch|p2a: Great Tusk|Great Tusk|100/100
|-damage|p2a: Great Tusk|97/100|[from] Stealth Rock
|-status|p2a: Great Tusk|psn
|-activate|p2a: Great Tusk|ability: Protosynthesis
|-start|p2a: Great Tusk|protosynthesisatk
|turn|9
|
|t:|1779685180
|move|p1a: Landorus|Earth Power|p2a: Great Tusk
|-damage|p2a: Great Tusk|64/100 psn
|move|p2a: Great Tusk|Rapid Spin|p1a: Landorus
|-damage|p1a: Landorus|0 fnt
|-boost|p2a: Great Tusk|spe|1
|-damage|p2a: Great Tusk|47/100 psn|[from] item: Rocky Helmet|[of] p1a: Landorus
|-sideend|p2: WintyBird|Toxic Spikes|[from] move: Rapid Spin|[of] p2a: Great Tusk
|-sideend|p2: WintyBird|Stealth Rock|[from] move: Rapid Spin|[of] p2a: Great Tusk
|faint|p1a: Landorus
|
|-weather|SunnyDay|[upkeep]
|-damage|p2a: Great Tusk|35/100 psn|[from] psn
|upkeep
|
|t:|1779685184
|switch|p1a: Zamazenta|Zamazenta|100/100
|-ability|p1a: Zamazenta|Dauntless Shield|boost
|-boost|p1a: Zamazenta|def|1
|turn|10
|inactive|WintyBird has 120 seconds left.
|
|t:|1779685219
|move|p1a: Zamazenta|Iron Defense|p1a: Zamazenta
|-boost|p1a: Zamazenta|def|2
|move|p2a: Great Tusk|Headlong Rush|p1a: Zamazenta
|-damage|p1a: Zamazenta|70/100
|-unboost|p2a: Great Tusk|def|1
|-unboost|p2a: Great Tusk|spd|1
|
|-weather|SunnyDay|[upkeep]
|-heal|p1a: Zamazenta|76/100|[from] item: Leftovers
|-damage|p2a: Great Tusk|22/100 psn|[from] psn
|upkeep
|turn|11
|inactive|WintyBird has 120 seconds left.
|
|t:|1779685226
|move|p1a: Zamazenta|Iron Defense|p1a: Zamazenta
|-boost|p1a: Zamazenta|def|2
|move|p2a: Great Tusk|Headlong Rush|p1a: Zamazenta
|-damage|p1a: Zamazenta|53/100
|-unboost|p2a: Great Tusk|def|1
|-unboost|p2a: Great Tusk|spd|1
|
|-weather|SunnyDay|[upkeep]
|-heal|p1a: Zamazenta|60/100|[from] item: Leftovers
|-damage|p2a: Great Tusk|10/100 psn|[from] psn
|upkeep
|turn|12
|
|t:|1779685229
|move|p1a: Zamazenta|Iron Defense|p1a: Zamazenta
|-boost|p1a: Zamazenta|def|1
|move|p2a: Great Tusk|Close Combat|p1a: Zamazenta
|-damage|p1a: Zamazenta|39/100
|-unboost|p2a: Great Tusk|def|1
|-unboost|p2a: Great Tusk|spd|1
|
|-weather|SunnyDay|[upkeep]
|-heal|p1a: Zamazenta|45/100|[from] item: Leftovers
|-damage|p2a: Great Tusk|0 fnt|[from] psn
|faint|p2a: Great Tusk
|-end|p2a: Great Tusk|Protosynthesis|[silent]
|upkeep
|
|t:|1779685230
|switch|p2a: Walking Wake|Walking Wake|100/100
|-activate|p2a: Walking Wake|ability: Protosynthesis
|-start|p2a: Walking Wake|protosynthesisspe
|turn|13
|
|t:|1779685238
|move|p2a: Walking Wake|Weather Ball|p1a: Zamazenta
|-damage|p1a: Zamazenta|0 fnt
|faint|p1a: Zamazenta
|
|-weather|SunnyDay|[upkeep]
|upkeep
|
|t:|1779685240
|switch|p1a: Kingambit|Kingambit, F|100/100
|-activate|p1a: Kingambit|ability: Supreme Overlord
|-start|p1a: Kingambit|fallen4|[silent]
|turn|14
|
|t:|1779685264
|-terastallize|p1a: Kingambit|Ghost
|move|p2a: Walking Wake|Weather Ball|p1a: Kingambit
|-damage|p1a: Kingambit|42/100
|move|p1a: Kingambit|Kowtow Cleave|p2a: Walking Wake
|-damage|p2a: Walking Wake|23/100
|
|-weather|none
|-end|p2a: Walking Wake|Protosynthesis
|-heal|p1a: Kingambit|48/100|[from] item: Leftovers
|upkeep
|turn|15
|
|t:|1779685271
|-end|p2a: Walking Wake|Protosynthesis|[silent]
|switch|p2a: Zarude|Zarude|100/100
|move|p1a: Kingambit|Sucker Punch||[still]
|-fail|p1a: Kingambit
|
|-heal|p1a: Kingambit|54/100|[from] item: Leftovers
|upkeep
|turn|16
|
|t:|1779685281
|-end|p1a: Kingambit|fallen4|[silent]
|switch|p1a: Gholdengo|Gholdengo|100/100
|-item|p1a: Gholdengo|Air Balloon
|move|p2a: Zarude|Knock Off|p1a: Gholdengo
|-supereffective|p1a: Gholdengo
|-damage|p1a: Gholdengo|31/100
|-enditem|p1a: Gholdengo|Air Balloon
|
|upkeep
|turn|17
|
|t:|1779685284
|move|p2a: Zarude|Knock Off|p1a: Gholdengo
|-supereffective|p1a: Gholdengo
|-damage|p1a: Gholdengo|0 fnt
|faint|p1a: Gholdengo
|
|upkeep
|-message|FP.//06 forfeited.
|
|win|WintyBird
|raw|FP.&#x2f;&#x2f;06's rating: 1490 &rarr; <strong>1472</strong><br />(-18 for losing)
|raw|WintyBird's rating: 1519 &rarr; <strong>1537</strong><br />(+18 for winning)
|l|☆FP.//06
|player|p1|
|l|☆WintyBird
|player|p2|
