|j|☆catcat77
|j|☆bubbline tshirt
|t:|1779700065
|gametype|singles
|player|p1|catcat77|caitlin-masters|1475
|player|p2|bubbline tshirt|backersf|1442
|gen|9
|tier|[Gen 9] OU
|rated|
|rule|HP Percentage Mod: HP is shown in percentages
|rule|Endless Battle Clause: Forcing endless battles is banned
|rule|Species Clause: Limit one of each Pokémon
|rule|OHKO Clause: OHKO moves are banned
|rule|Evasion Items Clause: Evasion items are banned
|rule|Evasion Moves Clause: Evasion moves are banned
|rule|Evasion Abilities Clause: Evasion abilities are banned
|rule|Sleep Moves Clause: Sleep-inducing moves are banned
|clearpoke
|poke|p1|Ogerpon-Wellspring, F|
|poke|p1|Kingambit, F|
|poke|p1|Great Tusk|
|poke|p1|Raging Bolt|
|poke|p1|Iron Crown|
|poke|p1|Zamazenta-*|
|poke|p2|Blaziken, M|
|poke|p2|Regieleki|
|poke|p2|Iron Treads|
|poke|p2|Dragonite, F|
|poke|p2|Enamorus, F|
|poke|p2|Ogerpon-Wellspring, F|
|teampreview
|
|t:|1779700069
|teamsize|p1|6
|teamsize|p2|6
|start
|switch|p1a: Raging Bolt|Raging Bolt|100/100
|switch|p2a: Regieleki|Regieleki|100/100
|turn|1
|inactive|Battle timer is ON: inactive players will automatically lose when time's up. (requested by bubbline tshirt)
|
|t:|1779700073
|move|p2a: Regieleki|Light Screen|p2a: Regieleki
|-sidestart|p2: bubbline tshirt|move: Light Screen
|move|p1a: Raging Bolt|Draco Meteor|p2a: Regieleki
|-damage|p2a: Regieleki|36/100
|-unboost|p1a: Raging Bolt|spa|2
|
|upkeep
|turn|2
|
|t:|1779700084
|move|p2a: Regieleki|Reflect|p2a: Regieleki
|-sidestart|p2: bubbline tshirt|Reflect
|move|p1a: Raging Bolt|Calm Mind|p1a: Raging Bolt
|-boost|p1a: Raging Bolt|spa|1
|-boost|p1a: Raging Bolt|spd|1
|
|upkeep
|turn|3
|
|t:|1779700087
|move|p2a: Regieleki|Explosion|p1a: Raging Bolt
|-damage|p1a: Raging Bolt|52/100
|faint|p2a: Regieleki
|move|p1a: Raging Bolt|Calm Mind|p1a: Raging Bolt
|-boost|p1a: Raging Bolt|spa|1
|-boost|p1a: Raging Bolt|spd|1
|
|-heal|p1a: Raging Bolt|58/100|[from] item: Leftovers
|upkeep
|
|t:|1779700091
|switch|p2a: Ogerpon|Ogerpon-Wellspring, F|100/100
|turn|4
|
|t:|1779700097
|move|p2a: Ogerpon|Encore|p1a: Raging Bolt
|-start|p1a: Raging Bolt|Encore
|move|p1a: Raging Bolt|Calm Mind|p1a: Raging Bolt
|-boost|p1a: Raging Bolt|spa|1
|-boost|p1a: Raging Bolt|spd|1
|
|-heal|p1a: Raging Bolt|65/100|[from] item: Leftovers
|upkeep
|turn|5
|
|t:|1779700102
|-end|p1a: Raging Bolt|Protosynthesis|[silent]
|switch|p1a: Zamazenta|Zamazenta|100/100
|-ability|p1a: Zamazenta|Dauntless Shield|boost
|-boost|p1a: Zamazenta|def|1
|move|p2a: Ogerpon|Swords Dance|p2a: Ogerpon
|-boost|p2a: Ogerpon|atk|2
|
|upkeep
|turn|6
|
|t:|1779700109
|move|p2a: Ogerpon|Ivy Cudgel|p1a: Zamazenta|[anim] Ivy Cudgel Water
|-damage|p1a: Zamazenta|55/100
|move|p1a: Zamazenta|Iron Defense|p1a: Zamazenta
|-boost|p1a: Zamazenta|def|2
|
|upkeep
|turn|7
|
|t:|1779700115
|move|p2a: Ogerpon|Encore|p1a: Zamazenta
|-start|p1a: Zamazenta|Encore
|move|p1a: Zamazenta|Iron Defense|p1a: Zamazenta
|-boost|p1a: Zamazenta|def|2
|
|upkeep
|turn|8
|
|t:|1779700119
|move|p2a: Ogerpon|Swords Dance|p2a: Ogerpon
|-boost|p2a: Ogerpon|atk|2
|move|p1a: Zamazenta|Iron Defense|p1a: Zamazenta
|-boost|p1a: Zamazenta|def|1
|
|-sideend|p2: bubbline tshirt|move: Light Screen
|upkeep
|turn|9
|
|t:|1779700128
|move|p2a: Ogerpon|Swords Dance|p2a: Ogerpon
|-boost|p2a: Ogerpon|atk|2
|move|p1a: Zamazenta|Iron Defense|p1a: Zamazenta
|-boost|p1a: Zamazenta|def|0
|
|-end|p1a: Zamazenta|Encore
|-sideend|p2: bubbline tshirt|Reflect
|upkeep
|turn|10
|
|t:|1779700133
|move|p2a: Ogerpon|Encore|p1a: Zamazenta
|-start|p1a: Zamazenta|Encore
|move|p1a: Zamazenta|Iron Defense|p1a: Zamazenta
|-boost|p1a: Zamazenta|def|0
|
|upkeep
|turn|11
|
|t:|1779700135
|move|p2a: Ogerpon|Ivy Cudgel|p1a: Zamazenta|[anim] Ivy Cudgel Water
|-damage|p1a: Zamazenta|21/100
|move|p1a: Zamazenta|Iron Defense|p1a: Zamazenta
|-boost|p1a: Zamazenta|def|0
|
|upkeep
|turn|12
|
|t:|1779700144
|move|p2a: Ogerpon|Power Whip|p1a: Zamazenta
|-crit|p1a: Zamazenta
|-damage|p1a: Zamazenta|0 fnt
|-damage|p2a: Ogerpon|84/100|[from] item: Rocky Helmet|[of] p1a: Zamazenta
|faint|p1a: Zamazenta
|
|upkeep
|
|t:|1779700155
|switch|p1a: Kingambit|Kingambit, F|100/100
|turn|13
|
|t:|1779700165
|move|p1a: Kingambit|Sucker Punch|p2a: Ogerpon
|-damage|p2a: Ogerpon|31/100
|move|p2a: Ogerpon|Ivy Cudgel|p1a: Kingambit|[anim] Ivy Cudgel Water
|-damage|p1a: Kingambit|0 fnt
|faint|p1a: Kingambit
|
|upkeep
|
|t:|1779700168
|switch|p1a: Raging Bolt|Raging Bolt|65/100
|turn|14
|
|t:|1779700172
|move|p1a: Raging Bolt|Thunderclap||[still]
|-fail|p1a: Raging Bolt
|move|p2a: Ogerpon|Swords Dance|p2a: Ogerpon
|-boost|p2a: Ogerpon|atk|0
|
|-heal|p1a: Raging Bolt|71/100|[from] item: Leftovers
|upkeep
|turn|15
|
|t:|1779700178
|-end|p1a: Raging Bolt|Protosynthesis|[silent]
|switch|p1a: Ogerpon|Ogerpon-Wellspring, F|100/100
|move|p2a: Ogerpon|Encore||[still]
|-fail|p2a: Ogerpon
|
|upkeep
|turn|16
|
|t:|1779700180
|move|p2a: Ogerpon|Power Whip|p1a: Ogerpon
|-damage|p1a: Ogerpon|0 fnt
|faint|p1a: Ogerpon
|
|upkeep
|
|t:|1779700182
|switch|p1a: Raging Bolt|Raging Bolt|71/100
|turn|17
|
|t:|1779700187
|move|p1a: Raging Bolt|Thunderclap|p2a: Ogerpon
|-damage|p2a: Ogerpon|0 fnt
|faint|p2a: Ogerpon
|
|-heal|p1a: Raging Bolt|77/100|[from] item: Leftovers
|upkeep
|
|t:|1779700196
|switch|p2a: Iron Treads|Iron Treads|100/100
|-enditem|p2a: Iron Treads|Booster Energy
|-activate|p2a: Iron Treads|ability: Quark Drive|[fromitem]
|-start|p2a: Iron Treads|quarkdrivespe
|turn|18
|
|t:|1779700200
|-end|p1a: Raging Bolt|Protosynthesis|[silent]
|switch|p1a: Great Tusk|Great Tusk|100/100
|move|p2a: Iron Treads|Earthquake|p1a: Great Tusk
|-damage|p1a: Great Tusk|73/100
|
|upkeep
|turn|19
|
|t:|1779700202
|move|p2a: Iron Treads|Stealth Rock|p1a: Great Tusk
|-sidestart|p1: catcat77|move: Stealth Rock
|move|p1a: Great Tusk|Rapid Spin|p2a: Iron Treads
|-resisted|p2a: Iron Treads
|-damage|p2a: Iron Treads|94/100
|-boost|p1a: Great Tusk|spe|1
|-sideend|p1: catcat77|Stealth Rock|[from] move: Rapid Spin|[of] p1a: Great Tusk
|
|upkeep
|turn|20
|
|t:|1779700206
|move|p2a: Iron Treads|Earthquake|p1a: Great Tusk
|-damage|p1a: Great Tusk|48/100
|move|p1a: Great Tusk|Ice Spinner|p2a: Iron Treads
|-damage|p2a: Iron Treads|75/100
|
|upkeep
|turn|21
|
|t:|1779700214
|move|p2a: Iron Treads|Earthquake|p1a: Great Tusk
|-damage|p1a: Great Tusk|23/100
|move|p1a: Great Tusk|Close Combat|p2a: Iron Treads
|-supereffective|p2a: Iron Treads
|-crit|p2a: Iron Treads
|-damage|p2a: Iron Treads|0 fnt
|-unboost|p1a: Great Tusk|def|1
|-unboost|p1a: Great Tusk|spd|1
|faint|p2a: Iron Treads
|-end|p2a: Iron Treads|Quark Drive|[silent]
|
|upkeep
|
|t:|1779700228
|switch|p2a: Dragonite|Dragonite, F|100/100
|turn|22
|
|t:|1779700236
|move|p2a: Dragonite|Extreme Speed|p1a: Great Tusk
|-damage|p1a: Great Tusk|0 fnt
|-damage|p2a: Dragonite|84/100|[from] item: Rocky Helmet|[of] p1a: Great Tusk
|faint|p1a: Great Tusk
|-end|p1a: Great Tusk|Protosynthesis|[silent]
|
|upkeep
|
|t:|1779700240
|switch|p1a: Iron Crown|Iron Crown|100/100
|turn|23
|
|t:|1779700257
|-terastallize|p2a: Dragonite|Normal
|move|p1a: Iron Crown|Tachyon Cutter|p2a: Dragonite
|-damage|p2a: Dragonite|40/100
|-damage|p2a: Dragonite|0 fnt
|faint|p2a: Dragonite
|-hitcount|p2: Dragonite|2
|
|upkeep
|
|t:|1779700263
|switch|p2a: Blaziken|Blaziken, M|100/100
|turn|24
|
|t:|1779700266
|move|p1a: Iron Crown|Tachyon Cutter|p2a: Blaziken
|-resisted|p2a: Blaziken
|-crit|p2a: Blaziken
|-damage|p2a: Blaziken|60/100
|-resisted|p2a: Blaziken
|-crit|p2a: Blaziken
|-damage|p2a: Blaziken|14/100
|-hitcount|p2a: Blaziken|2
|move|p2a: Blaziken|Earthquake|p1a: Iron Crown
|-supereffective|p1a: Iron Crown
|-damage|p1a: Iron Crown|39/100
|
|-ability|p2a: Blaziken|Speed Boost|boost
|-boost|p2a: Blaziken|spe|1
|upkeep
|turn|25
|
|t:|1779700282
|move|p2a: Blaziken|Earthquake|p1a: Iron Crown
|-supereffective|p1a: Iron Crown
|-damage|p1a: Iron Crown|0 fnt
|faint|p1a: Iron Crown
|-end|p1a: Iron Crown|Quark Drive|[silent]
|
|-ability|p2a: Blaziken|Speed Boost|boost
|-boost|p2a: Blaziken|spe|1
|upkeep
|
|t:|1779700284
|switch|p1a: Raging Bolt|Raging Bolt|77/100
|turn|26
|
|t:|1779700292
|move|p1a: Raging Bolt|Thunderclap||[still]
|-fail|p1a: Raging Bolt
|move|p2a: Blaziken|Swords Dance|p2a: Blaziken
|-boost|p2a: Blaziken|atk|2
|
|-heal|p1a: Raging Bolt|83/100|[from] item: Leftovers
|-ability|p2a: Blaziken|Speed Boost|boost
|-boost|p2a: Blaziken|spe|1
|upkeep
|turn|27
|
|t:|1779700294
|move|p1a: Raging Bolt|Thunderclap||[still]
|-fail|p1a: Raging Bolt
|move|p2a: Blaziken|Swords Dance|p2a: Blaziken
|-boost|p2a: Blaziken|atk|2
|
|-heal|p1a: Raging Bolt|89/100|[from] item: Leftovers
|-ability|p2a: Blaziken|Speed Boost|boost
|-boost|p2a: Blaziken|spe|1
|upkeep
|turn|28
|
|t:|1779700312
|switch|p2a: Enamorus|Enamorus, F|100/100
|move|p1a: Raging Bolt|Thunderclap||[still]
|-fail|p1a: Raging Bolt
|
|-heal|p1a: Raging Bolt|95/100|[from] item: Leftovers
|upkeep
|turn|29
|
|t:|1779700323
|switch|p2a: Blaziken|Blaziken, M|14/100
|-terastallize|p1a: Raging Bolt|Electric
|move|p1a: Raging Bolt|Thunderbolt|p2a: Blaziken
|-damage|p2a: Blaziken|0 fnt
|faint|p2a: Blaziken
|
|-heal|p1a: Raging Bolt|100/100|[from] item: Leftovers
|upkeep
|
|t:|1779700329
|switch|p2a: Enamorus|Enamorus, F|100/100
|turn|30
|
|t:|1779700336
|move|p2a: Enamorus|Superpower|p1a: Raging Bolt
|-damage|p1a: Raging Bolt|69/100
|-boost|p2a: Enamorus|atk|1
|-boost|p2a: Enamorus|def|1
|move|p1a: Raging Bolt|Thunderbolt|p2a: Enamorus
|-supereffective|p2a: Enamorus
|-damage|p2a: Enamorus|0 fnt
|faint|p2a: Enamorus
|
|win|catcat77
|raw|catcat77's rating: 1475 &rarr; <strong>1493</strong><br />(+18 for winning)
|raw|bubbline tshirt's rating: 1442 &rarr; <strong>1424</strong><br />(-18 for losing)
|l|☆bubbline tshirt
|player|p2|
|l|☆catcat77
|player|p1|
