|j|☆rockeater9000
|j|☆JShotV
|t:|1779600719
|gametype|singles
|player|p1|rockeater9000|2|1395
|player|p2|JShotV|2|1367
|gen|9
|tier|[Gen 9] OU
|rated|
|rule|HP Percentage Mod: HP is shown in percentages
|rule|Endless Battle Clause: Forcing endless battles is banned
|rule|Species Clause: Limit one of each Pokémon
|rule|OHKO Clause: OHKO moves are banned
|rule|Evasion Items Clause: Evasion items are banned
|rule|Evasion Moves Clause: Evasion moves are banned
|rule|Evasion Abilities Clause: Evasion abilities are banned
|rule|Sleep Moves Clause: Sleep-inducing moves are banned
|clearpoke
|poke|p1|Hydrapple, F|
|poke|p1|Clodsire, F|
|poke|p1|Bronzong|
|poke|p1|Regieleki|
|poke|p1|Pecharunt|
|poke|p1|Walking Wake|
|poke|p2|Ogerpon-Wellspring, F|
|poke|p2|Ceruledge, F|
|poke|p2|Raging Bolt|
|poke|p2|Deoxys-Speed|
|poke|p2|Iron Treads|
|poke|p2|Grimmsnarl, M|
|teampreview
|inactive|Battle timer is ON: inactive players will automatically lose when time's up. (requested by rockeater9000)
|inactive|JShotV has 120 seconds left.
|
|t:|1779600751
|teamsize|p1|6
|teamsize|p2|6
|start
|switch|p1a: Clodsire|Clodsire, F|100/100
|switch|p2a: Grimmsnarl|Grimmsnarl, M|100/100
|turn|1
|
|t:|1779600768
|move|p2a: Grimmsnarl|Taunt|p1a: Clodsire
|-start|p1a: Clodsire|move: Taunt
|cant|p1a: Clodsire|move: Taunt|Spikes
|
|upkeep
|turn|2
|
|t:|1779600781
|switch|p1a: Regieleki|Regieleki|100/100
|move|p2a: Grimmsnarl|Reflect|p2a: Grimmsnarl
|-sidestart|p2: JShotV|Reflect
|
|upkeep
|turn|3
|
|t:|1779600787
|move|p2a: Grimmsnarl|Light Screen|p2a: Grimmsnarl
|-sidestart|p2: JShotV|move: Light Screen
|move|p1a: Regieleki|Volt Switch|p2a: Grimmsnarl
|-damage|p2a: Grimmsnarl|76/100
|
|t:|1779600790
|switch|p1a: Clodsire|Clodsire, F|100/100|[from] Volt Switch
|
|upkeep
|turn|4
|
|t:|1779600793
|move|p2a: Grimmsnarl|Taunt|p1a: Clodsire
|-start|p1a: Clodsire|move: Taunt
|cant|p1a: Clodsire|move: Taunt|Spikes
|
|upkeep
|turn|5
|
|t:|1779600805
|switch|p2a: Iron Treads|Iron Treads|100/100
|-enditem|p2a: Iron Treads|Booster Energy
|-activate|p2a: Iron Treads|ability: Quark Drive|[fromitem]
|-start|p2a: Iron Treads|quarkdrivespe
|switch|p1a: Pecharunt|Pecharunt|100/100
|
|upkeep
|turn|6
|
|t:|1779600814
|move|p2a: Iron Treads|Stealth Rock|p1a: Pecharunt
|-sidestart|p1: rockeater9000|move: Stealth Rock
|move|p1a: Pecharunt|Parting Shot|p2a: Iron Treads
|-unboost|p2a: Iron Treads|atk|1
|-unboost|p2a: Iron Treads|spa|1
|
|t:|1779600819
|switch|p1a: Walking Wake|Walking Wake|100/100|[from] Parting Shot
|
|upkeep
|turn|7
|
|t:|1779600829
|move|p2a: Iron Treads|Earth Power|p1a: Walking Wake
|-damage|p1a: Walking Wake|74/100
|move|p1a: Walking Wake|Surf|p2a: Iron Treads
|-supereffective|p2a: Iron Treads
|-damage|p2a: Iron Treads|40/100
|
|upkeep
|turn|8
|
|t:|1779600837
|move|p2a: Iron Treads|Steel Beam|p1a: Walking Wake
|-resisted|p1a: Walking Wake
|-damage|p1a: Walking Wake|53/100
|-damage|p2a: Iron Treads|0 fnt|[from] steelbeam
|faint|p2a: Iron Treads
|-end|p2a: Iron Treads|Quark Drive|[silent]
|move|p1a: Walking Wake|Dragon Pulse|p2: Iron Treads|[notarget]
|-fail|p1a: Walking Wake
|
|upkeep
|
|t:|1779600852
|switch|p2a: Deoxys|Deoxys-Speed|100/100
|-ability|p2a: Deoxys|Pressure
|turn|9
|
|t:|1779600858
|-end|p1a: Walking Wake|Protosynthesis|[silent]
|switch|p1a: Bronzong|Bronzong|100/100
|-damage|p1a: Bronzong|94/100|[from] Stealth Rock
|move|p2a: Deoxys|Psycho Boost|p1a: Bronzong
|-resisted|p1a: Bronzong
|-damage|p1a: Bronzong|85/100
|-unboost|p2a: Deoxys|spa|2
|
|-heal|p1a: Bronzong|91/100|[from] item: Leftovers
|-sideend|p2: JShotV|Reflect
|upkeep
|turn|10
|
|t:|1779600876
|switch|p2a: Raging Bolt|Raging Bolt|100/100
|-enditem|p2a: Raging Bolt|Booster Energy
|-activate|p2a: Raging Bolt|ability: Protosynthesis|[fromitem]
|-start|p2a: Raging Bolt|protosynthesisspa
|move|p1a: Bronzong|Stealth Rock|p2a: Raging Bolt
|-sidestart|p2: JShotV|move: Stealth Rock
|
|-heal|p1a: Bronzong|97/100|[from] item: Leftovers
|-sideend|p2: JShotV|move: Light Screen
|upkeep
|turn|11
|
|t:|1779600883
|switch|p1a: Clodsire|Clodsire, F|100/100
|-damage|p1a: Clodsire|94/100|[from] Stealth Rock
|move|p2a: Raging Bolt|Calm Mind|p2a: Raging Bolt
|-boost|p2a: Raging Bolt|spa|1
|-boost|p2a: Raging Bolt|spd|1
|
|-heal|p1a: Clodsire|100/100|[from] item: Leftovers
|upkeep
|turn|12
|
|t:|1779600887
|-terastallize|p2a: Raging Bolt|Flying
|move|p2a: Raging Bolt|Dragon Pulse|p1a: Clodsire
|-damage|p1a: Clodsire|66/100
|move|p1a: Clodsire|Toxic|p2a: Raging Bolt
|-status|p2a: Raging Bolt|tox
|
|-heal|p1a: Clodsire|72/100|[from] item: Leftovers
|-damage|p2a: Raging Bolt|94/100 tox|[from] psn
|upkeep
|turn|13
|
|t:|1779600894
|move|p2a: Raging Bolt|Dragon Pulse|p1a: Clodsire
|-damage|p1a: Clodsire|35/100
|move|p1a: Clodsire|Recover|p1a: Clodsire
|-heal|p1a: Clodsire|85/100
|
|-heal|p1a: Clodsire|92/100|[from] item: Leftovers
|-damage|p2a: Raging Bolt|82/100 tox|[from] psn
|upkeep
|turn|14
|
|t:|1779600903
|move|p2a: Raging Bolt|Dragon Pulse|p1a: Clodsire
|-damage|p1a: Clodsire|55/100
|move|p1a: Clodsire|Recover|p1a: Clodsire
|-heal|p1a: Clodsire|100/100
|
|-damage|p2a: Raging Bolt|63/100 tox|[from] psn
|upkeep
|turn|15
|
|t:|1779600910
|-end|p2a: Raging Bolt|Protosynthesis|[silent]
|switch|p2a: Deoxys|Deoxys-Speed|100/100
|-damage|p2a: Deoxys|88/100|[from] Stealth Rock
|-ability|p2a: Deoxys|Pressure
|move|p1a: Clodsire|Spikes|p2a: Deoxys
|-sidestart|p2: JShotV|Spikes
|
|-heal|p2a: Deoxys|94/100|[from] item: Leftovers
|upkeep
|turn|16
|
|t:|1779600914
|switch|p1a: Bronzong|Bronzong|97/100
|-damage|p1a: Bronzong|91/100|[from] Stealth Rock
|move|p2a: Deoxys|Substitute|p2a: Deoxys
|-start|p2a: Deoxys|Substitute
|-damage|p2a: Deoxys|69/100
|
|-heal|p2a: Deoxys|76/100|[from] item: Leftovers
|-heal|p1a: Bronzong|97/100|[from] item: Leftovers
|upkeep
|turn|17
|
|t:|1779600917
|move|p2a: Deoxys|Nasty Plot|p2a: Deoxys
|-boost|p2a: Deoxys|spa|2
|move|p1a: Bronzong|Iron Head|p2a: Deoxys
|-end|p2a: Deoxys|Substitute
|
|-heal|p2a: Deoxys|82/100|[from] item: Leftovers
|-heal|p1a: Bronzong|100/100|[from] item: Leftovers
|upkeep
|turn|18
|
|t:|1779600924
|move|p2a: Deoxys|Nasty Plot|p2a: Deoxys
|-boost|p2a: Deoxys|spa|2
|move|p1a: Bronzong|Iron Head|p2a: Deoxys
|-damage|p2a: Deoxys|46/100
|
|-heal|p2a: Deoxys|52/100|[from] item: Leftovers
|upkeep
|turn|19
|
|t:|1779600929
|move|p2a: Deoxys|Focus Blast|p1a: Bronzong|[miss]
|-miss|p2a: Deoxys|p1a: Bronzong
|move|p1a: Bronzong|Iron Head|p2a: Deoxys
|-damage|p2a: Deoxys|12/100
|
|-heal|p2a: Deoxys|18/100|[from] item: Leftovers
|upkeep
|turn|20
|
|t:|1779600932
|move|p2a: Deoxys|Focus Blast|p1a: Bronzong
|-damage|p1a: Bronzong|33/100
|move|p1a: Bronzong|Iron Head|p2a: Deoxys
|-damage|p2a: Deoxys|0 fnt
|faint|p2a: Deoxys
|
|-heal|p1a: Bronzong|40/100|[from] item: Leftovers
|upkeep
|-message|JShotV forfeited.
|
|win|rockeater9000
|raw|rockeater9000's rating: 1395 &rarr; <strong>1413</strong><br />(+18 for winning)
|raw|JShotV's rating: 1367 &rarr; <strong>1349</strong><br />(-18 for losing)
|l|☆JShotV
|player|p2|
|l|☆rockeater9000
|player|p1|
