|j|☆huuehuue
|j|☆rainbowdragon18
|t:|1779570390
|gametype|singles
|player|p1|huuehuue|steven|1154
|player|p2|rainbowdragon18|ghetsis|1115
|gen|9
|tier|[Gen 9] OU
|rated|
|rule|HP Percentage Mod: HP is shown in percentages
|rule|Endless Battle Clause: Forcing endless battles is banned
|rule|Species Clause: Limit one of each Pokémon
|rule|OHKO Clause: OHKO moves are banned
|rule|Evasion Items Clause: Evasion items are banned
|rule|Evasion Moves Clause: Evasion moves are banned
|rule|Evasion Abilities Clause: Evasion abilities are banned
|rule|Sleep Moves Clause: Sleep-inducing moves are banned
|clearpoke
|poke|p1|Suicune|
|poke|p1|Dragonite, M|
|poke|p1|Cinderace, M|
|poke|p1|Zamazenta-*|
|poke|p1|Latias, F|
|poke|p1|Pecharunt|
|poke|p2|Porygon-Z|
|poke|p2|Chansey, F|
|poke|p2|Smeargle, F|
|poke|p2|Komala, F|
|poke|p2|Zangoose, F|
|poke|p2|Noctowl, F|
|teampreview
|inactive|Battle timer is ON: inactive players will automatically lose when time's up. (requested by huuehuue)
|
|t:|1779570401
|teamsize|p1|6
|teamsize|p2|6
|start
|switch|p1a: Cinderace|Cinderace, M|100/100
|switch|p2a: Smeargle|Smeargle, F|100/100
|turn|1
|
|t:|1779570415
|move|p1a: Cinderace|High Jump Kick|p2a: Smeargle
|-start|p1a: Cinderace|typechange|Fighting|[from] ability: Libero
|-supereffective|p2a: Smeargle
|-enditem|p2a: Smeargle|Focus Sash
|-damage|p2a: Smeargle|1/100
|move|p2a: Smeargle|Stone Axe|p1a: Cinderace
|-resisted|p1a: Cinderace
|-damage|p1a: Cinderace|97/100
|-sidestart|p1: huuehuue|move: Stealth Rock
|
|upkeep
|turn|2
|
|t:|1779570427
|move|p1a: Cinderace|Court Change|p1a: Cinderace
|-swapsideconditions
|-activate|p1a: Cinderace|move: Court Change
|move|p2a: Smeargle|Sticky Web|p1a: Cinderace
|-sidestart|p1: huuehuue|move: Sticky Web
|
|upkeep
|turn|3
|
|t:|1779570436
|move|p1a: Cinderace|Pyro Ball|p2a: Smeargle
|-damage|p2a: Smeargle|0 fnt
|faint|p2a: Smeargle
|
|upkeep
|
|t:|1779570448
|switch|p2a: Noctowl|Noctowl, F|100/100
|-damage|p2a: Noctowl|76/100|[from] Stealth Rock
|turn|4
|
|t:|1779570461
|move|p1a: Cinderace|U-turn|p2a: Noctowl
|-resisted|p2a: Noctowl
|-damage|p2a: Noctowl|58/100
|
|t:|1779570464
|switch|p1a: Suicune|Suicune, shiny|100/100|[from] U-turn
|-activate|p1a: Suicune|move: Sticky Web
|-unboost|p1a: Suicune|spe|1
|-ability|p1a: Suicune|Pressure
|move|p2a: Noctowl|Tailwind|p2a: Noctowl
|-sidestart|p2: rainbowdragon18|move: Tailwind
|
|upkeep
|turn|5
|
|t:|1779570473
|move|p2a: Noctowl|Nasty Plot|p2a: Noctowl
|-boost|p2a: Noctowl|spa|2
|move|p1a: Suicune|Calm Mind|p1a: Suicune
|-boost|p1a: Suicune|spa|1
|-boost|p1a: Suicune|spd|1
|
|upkeep
|turn|6
|
|t:|1779570480
|move|p2a: Noctowl|Nasty Plot|p2a: Noctowl
|-boost|p2a: Noctowl|spa|2
|move|p1a: Suicune|Scald|p2a: Noctowl
|-damage|p2a: Noctowl|21/100
|-status|p2a: Noctowl|brn
|
|-damage|p2a: Noctowl|15/100 brn|[from] brn
|upkeep
|turn|7
|
|t:|1779570492
|move|p2a: Noctowl|Hurricane|p1a: Suicune|[miss]
|-miss|p2a: Noctowl|p1a: Suicune
|move|p1a: Suicune|Scald|p2a: Noctowl
|-damage|p2a: Noctowl|0 fnt
|faint|p2a: Noctowl
|
|-sideend|p2: rainbowdragon18|move: Tailwind
|upkeep
|
|t:|1779570504
|switch|p2a: Zangoose|Zangoose, F|100/100
|-damage|p2a: Zangoose|88/100|[from] Stealth Rock
|turn|8
|
|t:|1779570509
|move|p2a: Zangoose|Belly Drum|p2a: Zangoose
|-damage|p2a: Zangoose|38/100
|-setboost|p2a: Zangoose|atk|6|[from] move: Belly Drum
|-enditem|p2a: Zangoose|Sitrus Berry|[eat]
|-heal|p2a: Zangoose|63/100|[from] item: Sitrus Berry
|move|p1a: Suicune|Scald|p2a: Zangoose
|-damage|p2a: Zangoose|0 fnt
|faint|p2a: Zangoose
|
|upkeep
|
|t:|1779570522
|switch|p2a: Komala|Komala, F|100/100
|-damage|p2a: Komala|88/100|[from] Stealth Rock
|-ability|p2a: Komala|Comatose
|turn|9
|
|t:|1779570528
|move|p2a: Komala|Swords Dance|p2a: Komala
|-boost|p2a: Komala|atk|2
|move|p1a: Suicune|Scald|p2a: Komala
|-damage|p2a: Komala|42/100
|
|-heal|p2a: Komala|48/100|[from] item: Leftovers
|upkeep
|turn|10
|inactive|rainbowdragon18 has 120 seconds left.
|
|t:|1779570561
|move|p2a: Komala|Swords Dance|p2a: Komala
|-boost|p2a: Komala|atk|2
|move|p1a: Suicune|Scald|p2a: Komala
|-damage|p2a: Komala|0 fnt
|faint|p2a: Komala
|
|upkeep
|inactive|rainbowdragon18 has 120 seconds left.
|-message|rainbowdragon18 forfeited.
|
|win|huuehuue
|raw|huuehuue's rating: 1154 &rarr; <strong>1176</strong><br />(+22 for winning)
|raw|rainbowdragon18's rating: 1115 &rarr; <strong>1093</strong><br />(-22 for losing)
|l|☆rainbowdragon18
|player|p2|
|l|☆huuehuue
|player|p1|
