|j|☆claudechamp
|j|☆xaxxaaaxaxaxaxa
|t:|1779702620
|gametype|singles
|player|p1|claudechamp|169|1128
|player|p2|xaxxaaaxaxaxaxa|1|1207
|gen|9
|tier|[Gen 9] OU
|rated|
|rule|HP Percentage Mod: HP is shown in percentages
|rule|Endless Battle Clause: Forcing endless battles is banned
|rule|Species Clause: Limit one of each Pokémon
|rule|OHKO Clause: OHKO moves are banned
|rule|Evasion Items Clause: Evasion items are banned
|rule|Evasion Moves Clause: Evasion moves are banned
|rule|Evasion Abilities Clause: Evasion abilities are banned
|rule|Sleep Moves Clause: Sleep-inducing moves are banned
|clearpoke
|poke|p1|Gliscor, M|
|poke|p1|Ogerpon, F|
|poke|p1|Walking Wake|
|poke|p1|Blissey, F|
|poke|p1|Corviknight, M|
|poke|p1|Pecharunt|
|poke|p2|Tyranitar, M|
|poke|p2|Excadrill, M|
|poke|p2|Iron Valiant|
|poke|p2|Zapdos|
|poke|p2|Ogerpon, F|
|poke|p2|Toxapex, M|
|teampreview
|c|☆claudechamp|hf
|inactive|Battle timer is ON: inactive players will automatically lose when time's up. (requested by claudechamp)
|
|t:|1779702637
|teamsize|p1|6
|teamsize|p2|6
|start
|switch|p1a: Gliscor|Gliscor, M|100/100
|switch|p2a: Tyranitar|Tyranitar, M, shiny|100/100
|-weather|Sandstorm|[from] ability: Sand Stream|[of] p2a: Tyranitar
|turn|1
|
|t:|1779702640
|move|p1a: Gliscor|Protect|p1a: Gliscor
|-singleturn|p1a: Gliscor|Protect
|move|p2a: Tyranitar|Ice Punch|p1a: Gliscor
|-activate|p1a: Gliscor|move: Protect
|
|-weather|Sandstorm|[upkeep]
|-status|p1a: Gliscor|tox|[from] item: Toxic Orb
|upkeep
|turn|2
|
|t:|1779702642
|-terastallize|p1a: Gliscor|Ghost
|move|p1a: Gliscor|Earthquake|p2a: Tyranitar
|-supereffective|p2a: Tyranitar
|-damage|p2a: Tyranitar|42/100
|move|p2a: Tyranitar|Ice Punch|p1a: Gliscor
|-damage|p1a: Gliscor|78/100 tox
|
|-weather|Sandstorm|[upkeep]
|-damage|p1a: Gliscor|72/100 tox|[from] Sandstorm
|-heal|p1a: Gliscor|84/100 tox|[from] ability: Poison Heal
|upkeep
|turn|3
|
|t:|1779702651
|-terastallize|p2a: Tyranitar|Dark
|move|p1a: Gliscor|Earthquake|p2a: Tyranitar
|-damage|p2a: Tyranitar|15/100
|move|p2a: Tyranitar|Knock Off|p1a: Gliscor
|-supereffective|p1a: Gliscor
|-damage|p1a: Gliscor|0 fnt
|-enditem|p1a: Gliscor|Toxic Orb|[from] move: Knock Off|[of] p2a: Tyranitar
|faint|p1a: Gliscor
|
|-weather|Sandstorm|[upkeep]
|-damage|p2a: Tyranitar|9/100|[from] Sandstorm
|upkeep
|
|t:|1779702654
|switch|p1a: Ogerpon|Ogerpon, F|100/100
|turn|4
|
|t:|1779702665
|switch|p2a: Toxapex|Toxapex, M, shiny|100/100
|move|p1a: Ogerpon|Ivy Cudgel|p2a: Toxapex
|-damage|p2a: Toxapex|66/100
|
|-weather|Sandstorm|[upkeep]
|-damage|p1a: Ogerpon|95/100|[from] Sandstorm
|-damage|p2a: Toxapex|60/100|[from] Sandstorm
|upkeep
|turn|5
|
|t:|1779702669
|move|p1a: Ogerpon|Ivy Cudgel|p2a: Toxapex
|-damage|p2a: Toxapex|25/100
|move|p2a: Toxapex|Recover|p2a: Toxapex
|-heal|p2a: Toxapex|75/100
|
|-weather|Sandstorm|[upkeep]
|-damage|p1a: Ogerpon|89/100|[from] Sandstorm
|-damage|p2a: Toxapex|69/100|[from] Sandstorm
|upkeep
|turn|6
|
|t:|1779702674
|switch|p1a: Pecharunt|Pecharunt|100/100
|move|p2a: Toxapex|Recover|p2a: Toxapex
|-heal|p2a: Toxapex|100/100
|
|-weather|Sandstorm|[upkeep]
|-damage|p1a: Pecharunt|94/100|[from] Sandstorm
|-damage|p2a: Toxapex|95/100|[from] Sandstorm
|upkeep
|turn|7
|
|t:|1779702676
|move|p1a: Pecharunt|Malignant Chain|p2a: Toxapex
|-resisted|p2a: Toxapex
|-damage|p2a: Toxapex|84/100
|move|p2a: Toxapex|Toxic Spikes|p1a: Pecharunt
|-sidestart|p1: claudechamp|move: Toxic Spikes
|
|-weather|Sandstorm|[upkeep]
|-damage|p1a: Pecharunt|88/100|[from] Sandstorm
|-damage|p2a: Toxapex|78/100|[from] Sandstorm
|upkeep
|turn|8
|
|t:|1779702679
|move|p1a: Pecharunt|Malignant Chain|p2a: Toxapex
|-resisted|p2a: Toxapex
|-damage|p2a: Toxapex|67/100
|move|p2a: Toxapex|Toxic Spikes|p1a: Pecharunt
|-sidestart|p1: claudechamp|move: Toxic Spikes
|
|-weather|none
|upkeep
|turn|9
|
|t:|1779702682
|switch|p1a: Blissey|Blissey, F|100/100
|move|p2a: Toxapex|Toxic Spikes||[still]
|-fail|p2a: Toxapex
|
|upkeep
|turn|10
|
|t:|1779702687
|move|p1a: Blissey|Stealth Rock|p2a: Toxapex
|-sidestart|p2: xaxxaaaxaxaxaxa|move: Stealth Rock
|move|p2a: Toxapex|Toxic|p1a: Blissey
|-status|p1a: Blissey|tox
|
|-damage|p1a: Blissey|94/100 tox|[from] psn
|upkeep
|turn|11
|
|t:|1779702699
|-curestatus|p1a: Blissey|tox|[from] ability: Natural Cure|[silent]
|switch|p1a: Pecharunt|Pecharunt|88/100
|-sideend|p1: claudechamp|move: Toxic Spikes|[of] p1a: Pecharunt
|switch|p2a: Iron Valiant|Iron Valiant, shiny|100/100
|-damage|p2a: Iron Valiant|94/100|[from] Stealth Rock
|
|upkeep
|turn|12
|
|t:|1779702705
|move|p2a: Iron Valiant|Shadow Ball|p1a: Pecharunt
|-supereffective|p1a: Pecharunt
|-damage|p1a: Pecharunt|10/100
|-unboost|p1a: Pecharunt|spd|1
|move|p1a: Pecharunt|Parting Shot|p2a: Iron Valiant
|-unboost|p2a: Iron Valiant|atk|1
|-unboost|p2a: Iron Valiant|spa|1
|
|t:|1779702708
|switch|p1a: Ogerpon|Ogerpon, F|89/100|[from] Parting Shot
|
|upkeep
|turn|13
|
|t:|1779702712
|-end|p2a: Iron Valiant|Quark Drive|[silent]
|switch|p2a: Toxapex|Toxapex, M, shiny|99/100
|-damage|p2a: Toxapex|88/100|[from] Stealth Rock
|move|p1a: Ogerpon|Ivy Cudgel|p2a: Toxapex
|-damage|p2a: Toxapex|51/100
|
|upkeep
|turn|14
|
|t:|1779702717
|move|p1a: Ogerpon|Ivy Cudgel|p2a: Toxapex
|-damage|p2a: Toxapex|18/100
|move|p2a: Toxapex|Toxic|p1a: Ogerpon
|-status|p1a: Ogerpon|tox
|
|-damage|p1a: Ogerpon|83/100 tox|[from] psn
|upkeep
|turn|15
|
|t:|1779702724
|switch|p2a: Ogerpon|Ogerpon, F|100/100
|-damage|p2a: Ogerpon|88/100|[from] Stealth Rock
|move|p1a: Ogerpon|Ivy Cudgel|p2a: Ogerpon
|-resisted|p2a: Ogerpon
|-damage|p2a: Ogerpon|55/100
|
|-damage|p1a: Ogerpon|71/100 tox|[from] psn
|upkeep
|turn|16
|
|t:|1779702727
|move|p2a: Ogerpon|U-turn|p1a: Ogerpon
|-supereffective|p1a: Ogerpon
|-damage|p1a: Ogerpon|0 fnt
|faint|p1a: Ogerpon
|
|t:|1779702731
|switch|p2a: Tyranitar|Tyranitar, M, shiny, tera:Dark|9/100|[from] U-turn
|-damage|p2a: Tyranitar|0 fnt|[from] Stealth Rock
|faint|p2a: Tyranitar
|
|upkeep
|
|t:|1779702732
|switch|p1a: Corviknight|Corviknight, M|100/100
|switch|p2a: Excadrill|Excadrill, M, shiny|100/100
|-damage|p2a: Excadrill|97/100|[from] Stealth Rock
|-ability|p1a: Corviknight|Pressure
|turn|17
|
|t:|1779702738
|move|p2a: Excadrill|Rapid Spin|p1a: Corviknight
|-resisted|p1a: Corviknight
|-damage|p1a: Corviknight|94/100
|-boost|p2a: Excadrill|spe|1
|-sideend|p2: xaxxaaaxaxaxaxa|Stealth Rock|[from] move: Rapid Spin|[of] p2a: Excadrill
|move|p1a: Corviknight|U-turn|p2a: Excadrill
|-resisted|p2a: Excadrill
|-damage|p2a: Excadrill|86/100
|
|t:|1779702743
|switch|p1a: Pecharunt|Pecharunt|10/100|[from] U-turn
|
|-heal|p2a: Excadrill|92/100|[from] item: Leftovers
|upkeep
|turn|18
|
|t:|1779702747
|move|p2a: Excadrill|Earthquake|p1a: Pecharunt
|-supereffective|p1a: Pecharunt
|-damage|p1a: Pecharunt|0 fnt
|faint|p1a: Pecharunt
|
|-heal|p2a: Excadrill|99/100|[from] item: Leftovers
|upkeep
|
|t:|1779702751
|switch|p1a: Walking Wake|Walking Wake|100/100
|turn|19
|
|t:|1779702759
|switch|p2a: Iron Valiant|Iron Valiant, shiny|94/100
|move|p1a: Walking Wake|Surf|p2a: Iron Valiant
|-damage|p2a: Iron Valiant|11/100
|
|upkeep
|turn|20
|
|t:|1779702762
|move|p2a: Iron Valiant|Moonblast|p1a: Walking Wake
|-supereffective|p1a: Walking Wake
|-damage|p1a: Walking Wake|0 fnt
|faint|p1a: Walking Wake
|-end|p1a: Walking Wake|Protosynthesis|[silent]
|
|upkeep
|
|t:|1779702766
|switch|p1a: Blissey|Blissey, F|94/100
|turn|21
|
|t:|1779702769
|move|p2a: Iron Valiant|Moonblast|p1a: Blissey
|-crit|p1a: Blissey
|-damage|p1a: Blissey|62/100
|move|p1a: Blissey|Seismic Toss|p2a: Iron Valiant
|-damage|p2a: Iron Valiant|0 fnt
|faint|p2a: Iron Valiant
|-end|p2a: Iron Valiant|Quark Drive|[silent]
|
|upkeep
|
|t:|1779702779
|switch|p2a: Toxapex|Toxapex, M, shiny|52/100
|turn|22
|
|t:|1779702783
|move|p1a: Blissey|Soft-Boiled|p1a: Blissey
|-heal|p1a: Blissey|100/100
|move|p2a: Toxapex|Toxic|p1a: Blissey
|-status|p1a: Blissey|tox
|
|-damage|p1a: Blissey|94/100 tox|[from] psn
|upkeep
|turn|23
|inactive|xaxxaaaxaxaxaxa has 120 seconds left.
|inactive|xaxxaaaxaxaxaxa has 90 seconds left.
|l|☆xaxxaaaxaxaxaxa
|inactive|xaxxaaaxaxaxaxa disconnected and has a minute to reconnect!
|player|p2|
|inactive|xaxxaaaxaxaxaxa has 30 seconds to reconnect!
|inactive|xaxxaaaxaxaxaxa has 20 seconds to reconnect!
|inactive|xaxxaaaxaxaxaxa has 15 seconds to reconnect!
|inactive|xaxxaaaxaxaxaxa has 10 seconds to reconnect!
|inactive|xaxxaaaxaxaxaxa has 5 seconds to reconnect!
|-message|xaxxaaaxaxaxaxa lost due to inactivity.
|
|win|claudechamp
|raw|claudechamp's rating: 1128 &rarr; <strong>1159</strong><br />(+31 for winning)
|raw|xaxxaaaxaxaxaxa's rating: 1207 &rarr; <strong>1176</strong><br />(-31 for losing)
|c|☆claudechamp|gg
