|badge|p1|bronze|gen9randombattle|100-9
|uhtml|medal-msg|<div class="broadcast-blue">Curious what those medals under the avatar are? PS now has Ladder Seasons! For more information, check out the <a href="https://www.smogon.com/forums/threads/3740067/">thread on Smogon.</a></div>
|j|☆gloriousplays
|j|☆habixia
|t:|1779674113
|gametype|singles
|player|p1|gloriousplays|170|1539
|player|p2|habixia|265|1524
|gen|9
|tier|[Gen 9] OU
|rated|
|rule|HP Percentage Mod: HP is shown in percentages
|rule|Endless Battle Clause: Forcing endless battles is banned
|rule|Species Clause: Limit one of each Pokémon
|rule|OHKO Clause: OHKO moves are banned
|rule|Evasion Items Clause: Evasion items are banned
|rule|Evasion Moves Clause: Evasion moves are banned
|rule|Evasion Abilities Clause: Evasion abilities are banned
|rule|Sleep Moves Clause: Sleep-inducing moves are banned
|clearpoke
|poke|p1|Weezing-Galar, F|
|poke|p1|Alomomola, M|
|poke|p1|Iron Treads|
|poke|p1|Tornadus-Therian, M|
|poke|p1|Zamazenta-*|
|poke|p1|Lokix, F|
|poke|p2|Pelipper, M|
|poke|p2|Ogerpon-Wellspring, F|
|poke|p2|Barraskewda, F|
|poke|p2|Revavroom, F|
|poke|p2|Iron Treads|
|poke|p2|Zapdos|
|teampreview
|inactive|Battle timer is ON: inactive players will automatically lose when time's up. (requested by habixia)
|l|☆habixia
|inactive|habixia disconnected and has a minute to reconnect!
|player|p2|
|
|t:|1779674151
|teamsize|p1|6
|teamsize|p2|6
|start
|switch|p1a: Lokix|Lokix, F|100/100
|switch|p2a: Pelipper|Pelipper, M|100/100
|-weather|RainDance|[from] ability: Drizzle|[of] p2a: Pelipper
|turn|1
|inactive|gloriousplays has 120 seconds left.
|inactive|habixia has 30 seconds to reconnect!
|j|☆habixia
|inactive|habixia reconnected and has 115 seconds left.
|player|p2|habixia|265|
|
|t:|1779674209
|move|p1a: Lokix|U-turn|p2a: Pelipper
|-resisted|p2a: Pelipper
|-damage|p2a: Pelipper|60/100
|
|t:|1779674228
|switch|p1a: Tornadus|Tornadus-Therian, M|100/100|[from] U-turn
|move|p2a: Pelipper|U-turn|p1a: Tornadus
|-resisted|p1a: Tornadus
|-damage|p1a: Tornadus|96/100
|
|t:|1779674235
|switch|p2a: Barraskewda|Barraskewda, F|100/100|[from] U-turn
|
|-weather|RainDance|[upkeep]
|upkeep
|turn|2
|
|t:|1779674239
|switch|p1a: Alomomola|Alomomola, M|100/100
|-terastallize|p2a: Barraskewda|Water
|move|p2a: Barraskewda|Liquidation|p1a: Alomomola
|-resisted|p1a: Alomomola
|-damage|p1a: Alomomola|64/100
|-damage|p2a: Barraskewda|84/100|[from] item: Rocky Helmet|[of] p1a: Alomomola
|
|-weather|RainDance|[upkeep]
|upkeep
|turn|3
|
|t:|1779674244
|move|p2a: Barraskewda|Flip Turn|p1a: Alomomola
|-resisted|p1a: Alomomola
|-damage|p1a: Alomomola|42/100
|-damage|p2a: Barraskewda|68/100|[from] item: Rocky Helmet|[of] p1a: Alomomola
|
|t:|1779674247
|switch|p2a: Ogerpon|Ogerpon-Wellspring, F|100/100|[from] Flip Turn
|move|p1a: Alomomola|Wish|p1a: Alomomola
|
|-weather|RainDance|[upkeep]
|upkeep
|turn|4
|inactive|gloriousplays has 120 seconds left.
|
|t:|1779674258
|move|p1a: Alomomola|Protect|p1a: Alomomola
|-singleturn|p1a: Alomomola|Protect
|move|p2a: Ogerpon|Substitute|p2a: Ogerpon
|-start|p2a: Ogerpon|Substitute
|-damage|p2a: Ogerpon|76/100
|
|-weather|RainDance|[upkeep]
|-heal|p1a: Alomomola|92/100|[from] move: Wish|[wisher] Alomomola
|upkeep
|turn|5
|inactive|gloriousplays has 120 seconds left.
|
|t:|1779674273
|switch|p1a: Tornadus|Tornadus-Therian, M|100/100
|move|p2a: Ogerpon|Swords Dance|p2a: Ogerpon
|-boost|p2a: Ogerpon|atk|2
|
|-weather|RainDance|[upkeep]
|upkeep
|turn|6
|inactive|gloriousplays has 120 seconds left.
|l|☆gloriousplays
|inactive|gloriousplays disconnected and has a minute to reconnect!
|player|p1|
|j|☆gloriousplays
|inactive|gloriousplays reconnected and has 85 seconds left.
|player|p1|gloriousplays|170|
|
|t:|1779674326
|-terastallize|p1a: Tornadus|Water
|move|p1a: Tornadus|Bleakwind Storm|p2a: Ogerpon
|-supereffective|p2a: Ogerpon
|-end|p2a: Ogerpon|Substitute
|move|p2a: Ogerpon|Ivy Cudgel|p1a: Tornadus|[anim] Ivy Cudgel Water
|-resisted|p1a: Tornadus
|-damage|p1a: Tornadus|8/100
|
|-weather|RainDance|[upkeep]
|upkeep
|turn|7
|
|t:|1779674348
|switch|p2a: Iron Treads|Iron Treads|100/100
|move|p1a: Tornadus|U-turn|p2a: Iron Treads
|-resisted|p2a: Iron Treads
|-damage|p2a: Iron Treads|96/100
|inactive|gloriousplays has 60 seconds left.
|
|t:|1779674364
|switch|p1a: Zamazenta|Zamazenta|100/100|[from] U-turn
|-ability|p1a: Zamazenta|Dauntless Shield|boost
|-boost|p1a: Zamazenta|def|1
|
|-weather|RainDance|[upkeep]
|-heal|p2a: Iron Treads|100/100|[from] item: Leftovers
|upkeep
|turn|8
|
|t:|1779674369
|-end|p2a: Iron Treads|Quark Drive|[silent]
|switch|p2a: Zapdos|Zapdos|100/100
|move|p1a: Zamazenta|Stone Edge|p2a: Zapdos
|-supereffective|p2a: Zapdos
|-damage|p2a: Zapdos|0 fnt
|faint|p2a: Zapdos
|
|-weather|none
|upkeep
|
|t:|1779674374
|switch|p2a: Revavroom|Revavroom, F|100/100
|-item|p2a: Revavroom|Air Balloon
|turn|9
|
|t:|1779674382
|switch|p1a: Weezing|Weezing-Galar, F|100/100
|-ability|p1a: Weezing|Neutralizing Gas
|move|p2a: Revavroom|Shift Gear|p2a: Revavroom
|-boost|p2a: Revavroom|spe|2
|-boost|p2a: Revavroom|atk|1
|
|upkeep
|turn|10
|
|t:|1779674386
|move|p2a: Revavroom|Iron Head|p1a: Weezing
|-supereffective|p1a: Weezing
|-damage|p1a: Weezing|21/100
|cant|p1a: Weezing|flinch
|
|-heal|p1a: Weezing|27/100|[from] item: Leftovers
|upkeep
|turn|11
|inactive|gloriousplays has 90 seconds left.
|
|t:|1779674391
|move|p2a: Revavroom|Iron Head|p1a: Weezing
|-supereffective|p1a: Weezing
|-damage|p1a: Weezing|0 fnt
|faint|p1a: Weezing
|-end|p1a: Weezing|ability: Neutralizing Gas
|
|upkeep
|
|t:|1779674395
|switch|p1a: Alomomola|Alomomola, M|100/100
|turn|12
|
|t:|1779674403
|move|p2a: Revavroom|Gunk Shot|p1a: Alomomola|[miss]
|-miss|p2a: Revavroom|p1a: Alomomola
|move|p1a: Alomomola|Tickle|p2a: Revavroom
|-unboost|p2a: Revavroom|atk|1
|-unboost|p2a: Revavroom|def|1
|
|upkeep
|turn|13
|
|t:|1779674406
|move|p2a: Revavroom|Gunk Shot|p1a: Alomomola
|-damage|p1a: Alomomola|60/100
|-status|p1a: Alomomola|psn
|move|p1a: Alomomola|Flip Turn|p2a: Revavroom
|-damage|p2a: Revavroom|71/100
|-enditem|p2a: Revavroom|Air Balloon
|
|t:|1779674419
|switch|p1a: Zamazenta|Zamazenta|100/100|[from] Flip Turn
|
|upkeep
|turn|14
|
|t:|1779674437
|move|p2a: Revavroom|Iron Head|p1a: Zamazenta
|-damage|p1a: Zamazenta|63/100
|move|p1a: Zamazenta|Close Combat|p2a: Revavroom
|-damage|p2a: Revavroom|0 fnt
|-unboost|p1a: Zamazenta|def|1
|-unboost|p1a: Zamazenta|spd|1
|faint|p2a: Revavroom
|
|upkeep
|
|t:|1779674442
|switch|p2a: Pelipper|Pelipper, M|60/100
|-weather|RainDance|[from] ability: Drizzle|[of] p2a: Pelipper
|turn|15
|inactive|gloriousplays has 120 seconds left.
|inactive|gloriousplays has 90 seconds left.
|
|t:|1779674499
|move|p1a: Zamazenta|Close Combat|p2a: Pelipper
|-resisted|p2a: Pelipper
|-damage|p2a: Pelipper|25/100
|-unboost|p1a: Zamazenta|def|1
|-unboost|p1a: Zamazenta|spd|1
|move|p2a: Pelipper|U-turn|p1a: Zamazenta
|-resisted|p1a: Zamazenta
|-damage|p1a: Zamazenta|55/100
|
|t:|1779674506
|switch|p2a: Barraskewda|Barraskewda, F, tera:Water|68/100|[from] U-turn
|
|-weather|RainDance|[upkeep]
|upkeep
|turn|16
|
|t:|1779674510
|switch|p1a: Alomomola|Alomomola, M|93/100 psn
|move|p2a: Barraskewda|Liquidation|p1a: Alomomola
|-resisted|p1a: Alomomola
|-damage|p1a: Alomomola|61/100 psn
|-unboost|p1a: Alomomola|def|1
|-damage|p2a: Barraskewda|51/100|[from] item: Rocky Helmet|[of] p1a: Alomomola
|
|-weather|RainDance|[upkeep]
|-damage|p1a: Alomomola|49/100 psn|[from] psn
|upkeep
|turn|17
|
|t:|1779674519
|switch|p1a: Iron Treads|Iron Treads|100/100
|move|p2a: Barraskewda|Liquidation|p1a: Iron Treads
|-supereffective|p1a: Iron Treads
|-damage|p1a: Iron Treads|0 fnt
|faint|p1a: Iron Treads
|-end|p1a: Iron Treads|Quark Drive|[silent]
|
|-weather|RainDance|[upkeep]
|upkeep
|
|t:|1779674520
|switch|p1a: Lokix|Lokix, F|100/100
|turn|18
|
|t:|1779674533
|switch|p2a: Iron Treads|Iron Treads|100/100
|move|p1a: Lokix|U-turn|p2a: Iron Treads
|-resisted|p2a: Iron Treads
|-damage|p2a: Iron Treads|65/100
|
|t:|1779674539
|switch|p1a: Zamazenta|Zamazenta|55/100|[from] U-turn
|
|-weather|RainDance|[upkeep]
|-heal|p2a: Iron Treads|71/100|[from] item: Leftovers
|upkeep
|turn|19
|
|t:|1779674544
|move|p1a: Zamazenta|Close Combat|p2a: Iron Treads
|-supereffective|p2a: Iron Treads
|-damage|p2a: Iron Treads|0 fnt
|-unboost|p1a: Zamazenta|def|1
|-unboost|p1a: Zamazenta|spd|1
|faint|p2a: Iron Treads
|-end|p2a: Iron Treads|Quark Drive|[silent]
|
|-weather|RainDance|[upkeep]
|upkeep
|
|t:|1779674546
|switch|p2a: Barraskewda|Barraskewda, F, tera:Water|51/100
|turn|20
|
|t:|1779674554
|switch|p1a: Alomomola|Alomomola, M|82/100 psn
|move|p2a: Barraskewda|Flip Turn|p1a: Alomomola
|-resisted|p1a: Alomomola
|-damage|p1a: Alomomola|59/100 psn
|-damage|p2a: Barraskewda|35/100|[from] item: Rocky Helmet|[of] p1a: Alomomola
|
|t:|1779674557
|switch|p2a: Ogerpon|Ogerpon-Wellspring, F|76/100|[from] Flip Turn
|
|-weather|RainDance|[upkeep]
|-damage|p1a: Alomomola|46/100 psn|[from] psn
|upkeep
|turn|21
|
|t:|1779674563
|switch|p1a: Tornadus|Tornadus-Therian, M, tera:Water|41/100
|move|p2a: Ogerpon|Substitute|p2a: Ogerpon
|-start|p2a: Ogerpon|Substitute
|-damage|p2a: Ogerpon|51/100
|
|-weather|RainDance|[upkeep]
|upkeep
|turn|22
|
|t:|1779674567
|move|p1a: Tornadus|Bleakwind Storm|p2a: Ogerpon
|-supereffective|p2a: Ogerpon
|-end|p2a: Ogerpon|Substitute
|move|p2a: Ogerpon|Power Whip|p1a: Tornadus
|-supereffective|p1a: Tornadus
|-damage|p1a: Tornadus|0 fnt
|faint|p1a: Tornadus
|
|-weather|none
|upkeep
|
|t:|1779674587
|switch|p1a: Zamazenta|Zamazenta|55/100
|turn|23
|
|t:|1779674590
|switch|p2a: Pelipper|Pelipper, M|25/100
|-weather|RainDance|[from] ability: Drizzle|[of] p2a: Pelipper
|move|p1a: Zamazenta|Close Combat|p2a: Pelipper
|-resisted|p2a: Pelipper
|-crit|p2a: Pelipper
|-damage|p2a: Pelipper|0 fnt
|-unboost|p1a: Zamazenta|def|1
|-unboost|p1a: Zamazenta|spd|1
|faint|p2a: Pelipper
|
|-weather|RainDance|[upkeep]
|upkeep
|
|t:|1779674592
|switch|p2a: Barraskewda|Barraskewda, F, tera:Water|35/100
|turn|24
|
|t:|1779674600
|move|p2a: Barraskewda|Flip Turn|p1a: Zamazenta
|-damage|p1a: Zamazenta|0 fnt
|faint|p1a: Zamazenta
|
|t:|1779674611
|switch|p2a: Ogerpon|Ogerpon-Wellspring, F|51/100|[from] Flip Turn
|
|-weather|RainDance|[upkeep]
|upkeep
|
|t:|1779674612
|switch|p1a: Lokix|Lokix, F|100/100
|turn|25
|
|t:|1779674616
|switch|p2a: Barraskewda|Barraskewda, F, tera:Water|35/100
|move|p1a: Lokix|First Impression|p2a: Barraskewda
|-damage|p2a: Barraskewda|0 fnt
|faint|p2a: Barraskewda
|
|-weather|RainDance|[upkeep]
|upkeep
|
|t:|1779674618
|switch|p2a: Ogerpon|Ogerpon-Wellspring, F|51/100
|turn|26
|
|t:|1779674622
|switch|p1a: Alomomola|Alomomola, M|80/100 psn
|move|p2a: Ogerpon|Substitute|p2a: Ogerpon
|-start|p2a: Ogerpon|Substitute
|-damage|p2a: Ogerpon|26/100
|
|-weather|RainDance|[upkeep]
|-damage|p1a: Alomomola|67/100 psn|[from] psn
|upkeep
|turn|27
|
|t:|1779674624
|move|p2a: Ogerpon|Power Whip|p1a: Alomomola
|-supereffective|p1a: Alomomola
|-damage|p1a: Alomomola|0 fnt
|-damage|p2a: Ogerpon|9/100|[from] item: Rocky Helmet|[of] p1a: Alomomola
|faint|p1a: Alomomola
|
|-weather|RainDance|[upkeep]
|upkeep
|
|t:|1779674628
|switch|p1a: Lokix|Lokix, F|100/100
|turn|28
|
|t:|1779674632
|move|p2a: Ogerpon|Ivy Cudgel|p1a: Lokix|[anim] Ivy Cudgel Water
|-damage|p1a: Lokix|0 fnt
|faint|p1a: Lokix
|
|win|habixia
|raw|gloriousplays's rating: 1539 &rarr; <strong>1518</strong><br />(-21 for losing)
|raw|habixia's rating: 1524 &rarr; <strong>1545</strong><br />(+21 for winning)
|l|☆gloriousplays
|player|p1|
|l|☆habixia
|player|p2|
