|j|☆224466q
|j|‽aaagislash
|t:|1779611998
|gametype|singles
|player|p1|224466q|170|1378
|player|p2|aaagislash|102|1304
|gen|9
|tier|[Gen 9] OU
|rated|
|rule|HP Percentage Mod: HP is shown in percentages
|rule|Endless Battle Clause: Forcing endless battles is banned
|rule|Species Clause: Limit one of each Pokémon
|rule|OHKO Clause: OHKO moves are banned
|rule|Evasion Items Clause: Evasion items are banned
|rule|Evasion Moves Clause: Evasion moves are banned
|rule|Evasion Abilities Clause: Evasion abilities are banned
|rule|Sleep Moves Clause: Sleep-inducing moves are banned
|clearpoke
|poke|p1|Blaziken, M|
|poke|p1|Iron Hands|
|poke|p1|Hatterene, F|
|poke|p1|Gliscor, M|
|poke|p1|Ogerpon-Wellspring, F|
|poke|p1|Deoxys-Speed|
|poke|p2|Iron Treads|
|poke|p2|Sableye, F|
|poke|p2|Cinderace, F|
|poke|p2|Chandelure, F|
|poke|p2|Rillaboom, F|
|poke|p2|Deoxys-Speed|
|teampreview
|inactive|Battle timer is ON: inactive players will automatically lose when time's up. (requested by 224466q)
|
|t:|1779612019
|teamsize|p1|6
|teamsize|p2|6
|start
|switch|p1a: Deoxys|Deoxys-Speed|100/100
|switch|p2a: Chandelure|Chandelure, F|100/100
|-ability|p1a: Deoxys|Pressure
|turn|1
|
|t:|1779612044
|switch|p1a: Gliscor|Gliscor, M|100/100
|move|p2a: Chandelure|Shadow Ball|p1a: Gliscor
|-damage|p1a: Gliscor|46/100
|
|-status|p1a: Gliscor|tox|[from] item: Toxic Orb
|upkeep
|turn|2
|
|t:|1779612057
|move|p2a: Chandelure|Shadow Ball|p1a: Gliscor
|-damage|p1a: Gliscor|0 fnt
|faint|p1a: Gliscor
|
|upkeep
|
|t:|1779612061
|switch|p1a: Ogerpon|Ogerpon-Wellspring, F|100/100
|turn|3
|
|t:|1779612070
|switch|p2a: Rillaboom|Rillaboom, F|100/100
|-fieldstart|move: Grassy Terrain|[from] ability: Grassy Surge|[of] p2a: Rillaboom
|move|p1a: Ogerpon|Trailblaze|p2a: Rillaboom
|-resisted|p2a: Rillaboom
|-damage|p2a: Rillaboom|79/100
|-boost|p1a: Ogerpon|spe|1
|
|-heal|p2a: Rillaboom|86/100|[from] Grassy Terrain
|upkeep
|turn|4
|
|t:|1779612075
|move|p1a: Ogerpon|Ivy Cudgel|p2a: Rillaboom|[anim] Ivy Cudgel Water
|-resisted|p2a: Rillaboom
|-damage|p2a: Rillaboom|50/100
|move|p2a: Rillaboom|Drum Beating|p1a: Ogerpon
|-damage|p1a: Ogerpon|14/100
|-unboost|p1a: Ogerpon|spe|1
|-damage|p2a: Rillaboom|40/100|[from] item: Life Orb
|
|-heal|p1a: Ogerpon|20/100|[from] Grassy Terrain
|-heal|p2a: Rillaboom|46/100|[from] Grassy Terrain
|upkeep
|turn|5
|
|t:|1779612083
|switch|p1a: Blaziken|Blaziken, M|100/100
|-item|p1a: Blaziken|Air Balloon
|move|p2a: Rillaboom|Grassy Glide|p1a: Blaziken
|-resisted|p1a: Blaziken
|-damage|p1a: Blaziken|66/100
|-enditem|p1a: Blaziken|Air Balloon
|-damage|p2a: Rillaboom|36/100|[from] item: Life Orb
|
|-heal|p2a: Rillaboom|42/100|[from] Grassy Terrain
|-heal|p1a: Blaziken|72/100|[from] Grassy Terrain
|upkeep
|turn|6
|
|t:|1779612089
|move|p1a: Blaziken|Protect|p1a: Blaziken
|-singleturn|p1a: Blaziken|Protect
|move|p2a: Rillaboom|High Horsepower|p1a: Blaziken
|-activate|p1a: Blaziken|move: Protect
|
|-heal|p2a: Rillaboom|49/100|[from] Grassy Terrain
|-heal|p1a: Blaziken|78/100|[from] Grassy Terrain
|-ability|p1a: Blaziken|Speed Boost|boost
|-boost|p1a: Blaziken|spe|1
|upkeep
|turn|7
|
|t:|1779612097
|switch|p2a: Chandelure|Chandelure, F|100/100
|move|p1a: Blaziken|Flare Blitz|p2a: Chandelure
|-resisted|p2a: Chandelure
|-damage|p2a: Chandelure|57/100
|-damage|p1a: Blaziken|66/100|[from] Recoil
|
|-heal|p1a: Blaziken|72/100|[from] Grassy Terrain
|-heal|p2a: Chandelure|63/100|[from] Grassy Terrain
|-fieldend|move: Grassy Terrain
|-ability|p1a: Blaziken|Speed Boost|boost
|-boost|p1a: Blaziken|spe|1
|upkeep
|turn|8
|
|t:|1779612107
|switch|p1a: Ogerpon|Ogerpon-Wellspring, F|20/100
|move|p2a: Chandelure|Shadow Ball|p1a: Ogerpon
|-damage|p1a: Ogerpon|0 fnt
|faint|p1a: Ogerpon
|
|upkeep
|
|t:|1779612116
|switch|p1a: Iron Hands|Iron Hands|100/100
|-enditem|p1a: Iron Hands|Booster Energy
|-activate|p1a: Iron Hands|ability: Quark Drive|[fromitem]
|-start|p1a: Iron Hands|quarkdriveatk
|turn|9
|
|t:|1779612126
|switch|p2a: Sableye|Sableye, F|100/100
|move|p1a: Iron Hands|Thunder Punch|p2a: Sableye
|-damage|p2a: Sableye|43/100
|-enditem|p2a: Sableye|Eject Button
|
|t:|1779612129
|switch|p2a: Deoxys|Deoxys-Speed|100/100
|-ability|p2a: Deoxys|Pressure
|
|upkeep
|turn|10
|
|t:|1779612136
|move|p2a: Deoxys|Psycho Boost|p1a: Iron Hands
|-supereffective|p1a: Iron Hands
|-damage|p1a: Iron Hands|0 fnt
|-unboost|p2a: Deoxys|spa|2
|faint|p1a: Iron Hands
|-end|p1a: Iron Hands|Quark Drive|[silent]
|-damage|p2a: Deoxys|91/100|[from] item: Life Orb
|
|upkeep
|
|t:|1779612141
|switch|p1a: Deoxys|Deoxys-Speed|100/100
|-ability|p1a: Deoxys|Pressure
|turn|11
|
|t:|1779612145
|move|p1a: Deoxys|Light Screen|p1a: Deoxys
|-sidestart|p1: 224466q|move: Light Screen
|move|p2a: Deoxys|Shadow Ball|p1a: Deoxys
|-supereffective|p1a: Deoxys
|-damage|p1a: Deoxys|82/100
|-unboost|p1a: Deoxys|spd|1
|-damage|p2a: Deoxys|81/100|[from] item: Life Orb
|
|upkeep
|turn|12
|
|t:|1779612151
|move|p1a: Deoxys|Reflect|p1a: Deoxys
|-sidestart|p1: 224466q|Reflect
|move|p2a: Deoxys|Gravity|p2a: Deoxys
|-fieldstart|move: Gravity
|
|upkeep
|turn|13
|l|☆224466q
|inactive|224466q disconnected and has a minute to reconnect!
|player|p1|
|inactive|224466q has 30 seconds to reconnect!
|inactive|224466q has 20 seconds to reconnect!
|inactive|224466q has 15 seconds to reconnect!
|inactive|224466q has 10 seconds to reconnect!
|inactive|224466q has 5 seconds to reconnect!
|-message|224466q lost due to inactivity.
|
|win|aaagislash
|raw|224466q's rating: 1378 &rarr; <strong>1354</strong><br />(-24 for losing)
|raw|aaagislash's rating: 1304 &rarr; <strong>1328</strong><br />(+24 for winning)
