|inactive|Battle timer is ON: inactive players will automatically lose when time's up.
|t:|1779646169
|gametype|singles
|player|p1|reversoral|lucas|
|player|p2|Weaselfie|rosa|
|gen|9
|tier|[Gen 9] OU
|rule|HP Percentage Mod: HP is shown in percentages
|rule|Endless Battle Clause: Forcing endless battles is banned
|rule|Species Clause: Limit one of each Pokémon
|rule|OHKO Clause: OHKO moves are banned
|rule|Evasion Items Clause: Evasion items are banned
|rule|Evasion Moves Clause: Evasion moves are banned
|rule|Evasion Abilities Clause: Evasion abilities are banned
|rule|Sleep Moves Clause: Sleep-inducing moves are banned
|clearpoke
|poke|p1|Skarmory, F|
|poke|p1|Ting-Lu|
|poke|p1|Zamazenta-*|
|poke|p1|Pecharunt|
|poke|p1|Clefable, M|
|poke|p1|Walking Wake|
|poke|p2|Zamazenta-*|
|poke|p2|Iron Treads|
|poke|p2|Slowking-Galar, M|
|poke|p2|Kyurem|
|poke|p2|Ogerpon-Wellspring, F|
|poke|p2|Zapdos|
|teampreview
|c|☆Weaselfie|hf
|c|☆reversoral|hf
|inactive|reversoral has 270 seconds left.
|inactive|Weaselfie has 270 seconds left.
|inactive|Weaselfie has 240 seconds left.
|inactive|reversoral has 240 seconds left.
|
|t:|1779646247
|teamsize|p1|6
|teamsize|p2|6
|start
|switch|p1a: clean surf|Walking Wake|100/100
|switch|p2a: Slowking|Slowking-Galar, M, shiny|100/100
|turn|1
|
|t:|1779646253
|move|p1a: clean surf|Knock Off|p2a: Slowking
|-supereffective|p2a: Slowking
|-damage|p2a: Slowking|71/100
|-enditem|p2a: Slowking|Heavy-Duty Boots|[from] move: Knock Off|[of] p1a: clean surf
|-prepare|p2a: Slowking|Chilly Reception|[premajor]
|move|p2a: Slowking|Chilly Reception|p2a: Slowking
|-weather|Snowscape
|
|t:|1779646258
|switch|p2a: Ogerpon|Ogerpon-Wellspring, F|100/100|[from] Chilly Reception
|
|-weather|Snowscape|[upkeep]
|upkeep
|turn|2
|
|t:|1779646261
|-end|p1a: clean surf|Protosynthesis|[silent]
|switch|p1a: underresidual|Pecharunt|100/100
|move|p2a: Ogerpon|Knock Off|p1a: underresidual
|-supereffective|p1a: underresidual
|-damage|p1a: underresidual|66/100
|-enditem|p1a: underresidual|Heavy-Duty Boots|[from] move: Knock Off|[of] p2a: Ogerpon
|
|-weather|Snowscape|[upkeep]
|upkeep
|turn|3
|
|t:|1779646265
|move|p2a: Ogerpon|Ivy Cudgel|p1a: underresidual|[anim] Ivy Cudgel Water
|-damage|p1a: underresidual|37/100
|move|p1a: underresidual|Parting Shot|p2a: Ogerpon
|-unboost|p2a: Ogerpon|atk|1
|-unboost|p2a: Ogerpon|spa|1
|
|t:|1779646269
|switch|p1a: clean surf|Walking Wake|100/100|[from] Parting Shot
|
|-weather|Snowscape|[upkeep]
|upkeep
|turn|4
|
|t:|1779646273
|switch|p2a: Slowking|Slowking-Galar, M, shiny|100/100
|move|p1a: clean surf|Draco Meteor|p2a: Slowking
|-damage|p2a: Slowking|57/100
|-unboost|p1a: clean surf|spa|2
|
|-weather|Snowscape|[upkeep]
|upkeep
|turn|5
|
|t:|1779646277
|move|p1a: clean surf|Flip Turn|p2a: Slowking
|-damage|p2a: Slowking|43/100
|
|t:|1779646280
|-end|p1a: clean surf|Protosynthesis|[silent]
|switch|p1a: loan shark|Ting-Lu|100/100|[from] Flip Turn
|-ability|p1a: loan shark|Vessel of Ruin
|-prepare|p2a: Slowking|Chilly Reception|[premajor]
|move|p2a: Slowking|Chilly Reception|p2a: Slowking
|
|t:|1779646282
|switch|p2a: Kyurem|Kyurem|100/100|[from] Chilly Reception
|-ability|p2a: Kyurem|Pressure
|
|-weather|none
|upkeep
|turn|6
|
|t:|1779646285
|move|p2a: Kyurem|Freeze-Dry|p1a: loan shark
|-supereffective|p1a: loan shark
|-damage|p1a: loan shark|55/100
|move|p1a: loan shark|Spikes|p2a: Kyurem
|-sidestart|p2: Weaselfie|Spikes
|
|-heal|p1a: loan shark|61/100|[from] item: Leftovers
|upkeep
|turn|7
|
|t:|1779646313
|switch|p1a: debt collector|Zamazenta|100/100
|-ability|p1a: debt collector|Dauntless Shield|boost
|-boost|p1a: debt collector|def|1
|move|p2a: Kyurem|Freeze-Dry|p1a: debt collector
|-damage|p1a: debt collector|54/100
|
|upkeep
|turn|8
|
|t:|1779646321
|switch|p2a: Slowking|Slowking-Galar, M, shiny|76/100
|-damage|p2a: Slowking|63/100|[from] Spikes
|move|p1a: debt collector|Stone Edge|p2a: Slowking|[miss]
|-miss|p1a: debt collector|p2a: Slowking
|
|upkeep
|turn|9
|
|t:|1779646331
|move|p1a: debt collector|Crunch|p2a: Slowking
|-supereffective|p2a: Slowking
|-damage|p2a: Slowking|18/100
|move|p2a: Slowking|Thunder Wave|p1a: debt collector
|-status|p1a: debt collector|par
|
|upkeep
|turn|10
|
|t:|1779646339
|switch|p1a: loan shark|Ting-Lu|61/100
|-ability|p1a: loan shark|Vessel of Ruin
|switch|p2a: Zamazenta|Zamazenta, shiny|100/100
|-ability|p2a: Zamazenta|Dauntless Shield|boost
|-boost|p2a: Zamazenta|def|1
|
|-heal|p1a: loan shark|67/100|[from] item: Leftovers
|upkeep
|turn|11
|
|t:|1779646351
|switch|p2a: Kyurem|Kyurem|100/100
|-damage|p2a: Kyurem|88/100|[from] Spikes
|-ability|p2a: Kyurem|Pressure
|switch|p1a: workplace injury|Skarmory, F|100/100
|
|upkeep
|turn|12
|
|t:|1779646355
|move|p2a: Kyurem|Freeze-Dry|p1a: workplace injury
|-damage|p1a: workplace injury|25/100
|move|p1a: workplace injury|Body Press|p2a: Kyurem
|-supereffective|p2a: Kyurem
|-damage|p2a: Kyurem|29/100
|
|upkeep
|turn|13
|
|t:|1779646359
|switch|p1a: debt collector|Zamazenta|54/100 par
|move|p2a: Kyurem|Freeze-Dry|p1a: debt collector
|-damage|p1a: debt collector|8/100 par
|
|upkeep
|turn|14
|
|t:|1779646362
|move|p2a: Kyurem|Freeze-Dry|p1a: debt collector
|-damage|p1a: debt collector|0 fnt
|faint|p1a: debt collector
|
|upkeep
|
|t:|1779646364
|switch|p1a: clean surf|Walking Wake|100/100
|turn|15
|
|t:|1779646378
|switch|p2a: Zamazenta|Zamazenta, shiny|100/100
|move|p1a: clean surf|Draco Meteor|p2a: Zamazenta
|-damage|p2a: Zamazenta|45/100
|-unboost|p1a: clean surf|spa|2
|
|upkeep
|turn|16
|
|t:|1779646385
|-end|p1a: clean surf|Protosynthesis|[silent]
|switch|p1a: loan shark|Ting-Lu|67/100
|-ability|p1a: loan shark|Vessel of Ruin
|move|p2a: Zamazenta|Heavy Slam|p1a: loan shark
|-damage|p1a: loan shark|60/100
|
|-heal|p1a: loan shark|66/100|[from] item: Leftovers
|upkeep
|turn|17
|
|t:|1779646389
|move|p2a: Zamazenta|Close Combat|p1a: loan shark
|-supereffective|p1a: loan shark
|-damage|p1a: loan shark|1/100
|-unboost|p2a: Zamazenta|def|1
|-unboost|p2a: Zamazenta|spd|1
|move|p1a: loan shark|Spikes|p2a: Zamazenta
|-sidestart|p2: Weaselfie|Spikes
|
|-heal|p1a: loan shark|8/100|[from] item: Leftovers
|upkeep
|turn|18
|
|t:|1779646394
|move|p2a: Zamazenta|Close Combat|p1a: loan shark
|-supereffective|p1a: loan shark
|-damage|p1a: loan shark|0 fnt
|-unboost|p2a: Zamazenta|def|1
|-unboost|p2a: Zamazenta|spd|1
|faint|p1a: loan shark
|
|upkeep
|
|t:|1779646395
|switch|p1a: underresidual|Pecharunt|37/100
|turn|19
|
|t:|1779646398
|-terastallize|p2a: Zamazenta|Dark
|move|p2a: Zamazenta|Crunch|p1a: underresidual
|-supereffective|p1a: underresidual
|-damage|p1a: underresidual|0 fnt
|faint|p1a: underresidual
|
|upkeep
|
|t:|1779646403
|switch|p1a: last laugh|Clefable, M|100/100
|turn|20
|
|t:|1779646406
|move|p2a: Zamazenta|Heavy Slam|p1a: last laugh
|-supereffective|p1a: last laugh
|-damage|p1a: last laugh|41/100
|move|p1a: last laugh|Moonblast|p2a: Zamazenta
|-supereffective|p2a: Zamazenta
|-damage|p2a: Zamazenta|0 fnt
|faint|p2a: Zamazenta
|
|-heal|p1a: last laugh|47/100|[from] item: Leftovers
|upkeep
|
|t:|1779646410
|switch|p2a: Kyurem|Kyurem|29/100
|-damage|p2a: Kyurem|12/100|[from] Spikes
|-ability|p2a: Kyurem|Pressure
|turn|21
|
|t:|1779646414
|switch|p1a: workplace injury|Skarmory, F|25/100
|move|p2a: Kyurem|Freeze-Dry|p1a: workplace injury
|-damage|p1a: workplace injury|0 fnt
|faint|p1a: workplace injury
|
|upkeep
|
|t:|1779646416
|switch|p1a: clean surf|Walking Wake|100/100
|turn|22
|
|t:|1779646418
|move|p1a: clean surf|Knock Off|p2a: Kyurem
|-damage|p2a: Kyurem|0 fnt
|-enditem|p2a: Kyurem|Choice Specs|[from] move: Knock Off|[of] p1a: clean surf
|faint|p2a: Kyurem
|
|upkeep
|
|t:|1779646420
|switch|p2a: Zapdos|Zapdos|100/100
|turn|23
|
|t:|1779646430
|move|p1a: clean surf|Surf|p2a: Zapdos
|-damage|p2a: Zapdos|52/100
|move|p2a: Zapdos|Thunder Wave|p1a: clean surf|[miss]
|-miss|p2a: Zapdos|p1a: clean surf
|
|upkeep
|turn|24
|
|t:|1779646435
|switch|p2a: Slowking|Slowking-Galar, M, shiny|51/100
|-damage|p2a: Slowking|35/100|[from] Spikes
|move|p1a: clean surf|Draco Meteor|p2a: Slowking
|-damage|p2a: Slowking|0 fnt
|-unboost|p1a: clean surf|spa|2
|faint|p2a: Slowking
|
|upkeep
|
|t:|1779646438
|switch|p2a: Ogerpon|Ogerpon-Wellspring, F|100/100
|-damage|p2a: Ogerpon|84/100|[from] Spikes
|turn|25
|
|t:|1779646445
|move|p2a: Ogerpon|Swords Dance|p2a: Ogerpon
|-boost|p2a: Ogerpon|atk|2
|move|p1a: clean surf|Draco Meteor|p2a: Ogerpon
|-damage|p2a: Ogerpon|48/100
|-unboost|p1a: clean surf|spa|2
|
|upkeep
|turn|26
|
|t:|1779646448
|-end|p1a: clean surf|Protosynthesis|[silent]
|switch|p1a: last laugh|Clefable, M|47/100
|move|p2a: Ogerpon|Power Whip|p1a: last laugh
|-damage|p1a: last laugh|0 fnt
|faint|p1a: last laugh
|
|upkeep
|
|t:|1779646450
|switch|p1a: clean surf|Walking Wake|100/100
|turn|27
|
|t:|1779646452
|move|p2a: Ogerpon|Power Whip|p1a: clean surf
|-damage|p1a: clean surf|0 fnt
|faint|p1a: clean surf
|-end|p1a: clean surf|Protosynthesis|[silent]
|
|win|Weaselfie
