|j|☆gvgvjvfcgv
|j|☆Luxenebris_Debrix
|t:|1779671031
|gametype|singles
|player|p1|gvgvjvfcgv|170|1154
|player|p2|Luxenebris_Debrix|steven|1162
|gen|9
|tier|[Gen 9] OU
|rated|
|rule|HP Percentage Mod: HP is shown in percentages
|rule|Endless Battle Clause: Forcing endless battles is banned
|rule|Species Clause: Limit one of each Pokémon
|rule|OHKO Clause: OHKO moves are banned
|rule|Evasion Items Clause: Evasion items are banned
|rule|Evasion Moves Clause: Evasion moves are banned
|rule|Evasion Abilities Clause: Evasion abilities are banned
|rule|Sleep Moves Clause: Sleep-inducing moves are banned
|clearpoke
|poke|p1|Dragonite, M|
|poke|p1|Clefable, M|
|poke|p1|Moltres|
|poke|p1|Haunter, M|
|poke|p1|Gengar, M|
|poke|p1|Weavile, F|
|poke|p2|Garganacl, F|
|poke|p2|Gliscor, F|
|poke|p2|Iron Valiant|
|poke|p2|Great Tusk|
|poke|p2|Kingambit, M|
|poke|p2|Walking Wake|
|teampreview
|
|t:|1779671035
|teamsize|p1|6
|teamsize|p2|6
|start
|switch|p1a: Lil bro|Haunter, M|100/100
|switch|p2a: Hi|Gliscor, F|100/100
|turn|1
|
|t:|1779671044
|move|p2a: Hi|Protect|p2a: Hi
|-singleturn|p2a: Hi|Protect
|move|p1a: Lil bro|Taunt|p2a: Hi
|-activate|p2a: Hi|move: Protect
|
|-status|p2a: Hi|tox|[from] item: Toxic Orb
|upkeep
|turn|2
|
|t:|1779671051
|move|p1a: Lil bro|Mean Look|p2a: Hi
|-activate|p2a: Hi|trapped
|move|p2a: Hi|Spikes|p1a: Lil bro
|-sidestart|p1: gvgvjvfcgv|Spikes
|
|upkeep
|turn|3
|
|t:|1779671057
|move|p1a: Lil bro|Taunt|p2a: Hi
|-start|p2a: Hi|move: Taunt
|cant|p2a: Hi|move: Taunt|Spikes
|
|upkeep
|turn|4
|
|t:|1779671062
|move|p1a: Lil bro|Shadow Ball|p2a: Hi
|-damage|p2a: Hi|56/100 tox
|move|p2a: Hi|Earthquake|p1a: Lil bro
|-immune|p1a: Lil bro|[from] ability: Levitate
|
|-heal|p2a: Hi|68/100 tox|[from] ability: Poison Heal
|upkeep
|turn|5
|
|t:|1779671073
|move|p1a: Lil bro|Shadow Ball|p2a: Hi
|-damage|p2a: Hi|24/100 tox
|move|p2a: Hi|Earthquake|p1a: Lil bro
|-immune|p1a: Lil bro|[from] ability: Levitate
|
|-heal|p2a: Hi|36/100 tox|[from] ability: Poison Heal
|-end|p2a: Hi|move: Taunt
|upkeep
|turn|6
|
|t:|1779671084
|move|p2a: Hi|Protect|p2a: Hi
|-singleturn|p2a: Hi|Protect
|move|p1a: Lil bro|Shadow Ball|p2a: Hi
|-activate|p2a: Hi|move: Protect
|
|-heal|p2a: Hi|49/100 tox|[from] ability: Poison Heal
|upkeep
|turn|7
|
|t:|1779671094
|move|p1a: Lil bro|Taunt|p2a: Hi
|-start|p2a: Hi|move: Taunt
|cant|p2a: Hi|move: Taunt|Spikes
|
|-heal|p2a: Hi|61/100 tox|[from] ability: Poison Heal
|upkeep
|turn|8
|
|t:|1779671103
|move|p1a: Lil bro|Shadow Ball|p2a: Hi
|-damage|p2a: Hi|22/100 tox
|move|p2a: Hi|Earthquake|p1a: Lil bro
|-immune|p1a: Lil bro|[from] ability: Levitate
|
|-heal|p2a: Hi|34/100 tox|[from] ability: Poison Heal
|upkeep
|turn|9
|
|t:|1779671112
|move|p1a: Lil bro|Shadow Ball|p2a: Hi
|-damage|p2a: Hi|0 fnt
|faint|p2a: Hi
|
|upkeep
|
|t:|1779671119
|switch|p2a: Kingambit|Kingambit, M, shiny|100/100
|-activate|p2a: Kingambit|ability: Supreme Overlord
|-start|p2a: Kingambit|fallen1|[silent]
|-item|p2a: Kingambit|Air Balloon
|turn|10
|
|t:|1779671135
|move|p2a: Kingambit|Sucker Punch|p1a: Lil bro
|-supereffective|p1a: Lil bro
|-enditem|p1a: Lil bro|Focus Sash
|-damage|p1a: Lil bro|1/100
|move|p1a: Lil bro|Shadow Ball|p2a: Kingambit
|-resisted|p2a: Kingambit
|-damage|p2a: Kingambit|83/100
|-enditem|p2a: Kingambit|Air Balloon
|
|upkeep
|turn|11
|
|t:|1779671146
|move|p2a: Kingambit|Sucker Punch||[still]
|-fail|p2a: Kingambit
|move|p1a: Lil bro|Destiny Bond|p1a: Lil bro
|-singlemove|p1a: Lil bro|Destiny Bond
|
|upkeep
|turn|12
|
|t:|1779671154
|-end|p2a: Kingambit|fallen1|[silent]
|switch|p2a: TankTopMaster|Garganacl, F, shiny|100/100
|move|p1a: Lil bro|Shadow Ball|p2a: TankTopMaster
|-damage|p2a: TankTopMaster|86/100
|
|-heal|p2a: TankTopMaster|92/100|[from] item: Leftovers
|upkeep
|turn|13
|
|t:|1779671164
|move|p1a: Lil bro|Mean Look|p2a: TankTopMaster
|-activate|p2a: TankTopMaster|trapped
|move|p2a: TankTopMaster|Iron Defense|p2a: TankTopMaster
|-boost|p2a: TankTopMaster|def|2
|
|-heal|p2a: TankTopMaster|98/100|[from] item: Leftovers
|upkeep
|turn|14
|
|t:|1779671177
|move|p1a: Lil bro|Destiny Bond|p1a: Lil bro
|-singlemove|p1a: Lil bro|Destiny Bond
|move|p2a: TankTopMaster|Iron Defense|p2a: TankTopMaster
|-boost|p2a: TankTopMaster|def|2
|
|-heal|p2a: TankTopMaster|100/100|[from] item: Leftovers
|upkeep
|turn|15
|
|t:|1779671185
|move|p1a: Lil bro|Taunt|p2a: TankTopMaster
|-start|p2a: TankTopMaster|move: Taunt
|cant|p2a: TankTopMaster|move: Taunt|Iron Defense
|
|upkeep
|turn|16
|
|t:|1779671191
|move|p1a: Lil bro|Destiny Bond|p1a: Lil bro
|-singlemove|p1a: Lil bro|Destiny Bond
|move|p2a: TankTopMaster|Salt Cure|p1a: Lil bro
|-damage|p1a: Lil bro|0 fnt
|faint|p1a: Lil bro
|-activate|p1a: Lil bro|move: Destiny Bond
|faint|p2a: TankTopMaster
|
|upkeep
|
|t:|1779671208
|switch|p1a: Big bro|Gengar, M|100/100
|switch|p2a: Fairy Lord|Iron Valiant, shiny|100/100
|-damage|p1a: Big bro|88/100|[from] Spikes
|-enditem|p2a: Fairy Lord|Booster Energy
|-activate|p2a: Fairy Lord|ability: Quark Drive|[fromitem]
|-start|p2a: Fairy Lord|quarkdrivespe
|turn|17
|
|t:|1779671217
|move|p2a: Fairy Lord|Psychic|p1a: Big bro
|-supereffective|p1a: Big bro
|-damage|p1a: Big bro|0 fnt
|faint|p1a: Big bro
|
|upkeep
|
|t:|1779671231
|switch|p1a: Clefable|Clefable, M|100/100
|turn|18
|
|t:|1779671238
|-end|p2a: Fairy Lord|Quark Drive|[silent]
|switch|p2a: Kingambit|Kingambit, M, shiny|83/100
|-activate|p2a: Kingambit|ability: Supreme Overlord
|-start|p2a: Kingambit|fallen2|[silent]
|move|p1a: Clefable|Moonblast|p2a: Kingambit
|-crit|p2a: Kingambit
|-damage|p2a: Kingambit|39/100
|
|upkeep
|turn|19
|
|t:|1779671247
|move|p1a: Clefable|Moonblast|p2a: Kingambit
|-damage|p2a: Kingambit|10/100
|move|p2a: Kingambit|Iron Head|p1a: Clefable
|-supereffective|p1a: Clefable
|-damage|p1a: Clefable|0 fnt
|faint|p1a: Clefable
|
|upkeep
|
|t:|1779671256
|switch|p1a: Dragonite|Dragonite, M|100/100
|turn|20
|
|t:|1779671273
|-end|p2a: Kingambit|fallen2|[silent]
|switch|p2a: Se Mamut|Great Tusk|100/100
|move|p1a: Dragonite|Extreme Speed|p2a: Se Mamut
|-damage|p2a: Se Mamut|77/100
|
|upkeep
|turn|21
|
|t:|1779671282
|switch|p1a: Moltres|Moltres|100/100
|move|p2a: Se Mamut|Knock Off|p1a: Moltres
|-crit|p1a: Moltres
|-damage|p1a: Moltres|66/100
|-enditem|p1a: Moltres|Heavy-Duty Boots|[from] move: Knock Off|[of] p2a: Se Mamut
|
|upkeep
|turn|22
|
|t:|1779671294
|-end|p2a: Se Mamut|Protosynthesis|[silent]
|switch|p2a: Walking Wake|Walking Wake|100/100
|-enditem|p2a: Walking Wake|Booster Energy
|-activate|p2a: Walking Wake|ability: Protosynthesis|[fromitem]
|-start|p2a: Walking Wake|protosynthesisspe
|move|p1a: Moltres|Flamethrower|p2a: Walking Wake
|-resisted|p2a: Walking Wake
|-damage|p2a: Walking Wake|89/100
|
|upkeep
|turn|23
|
|t:|1779671303
|move|p2a: Walking Wake|Hydro Steam|p1a: Moltres
|-supereffective|p1a: Moltres
|-damage|p1a: Moltres|0 fnt
|faint|p1a: Moltres
|
|upkeep
|
|t:|1779671309
|switch|p1a: Weavile|Weavile, F|100/100
|-damage|p1a: Weavile|88/100|[from] Spikes
|-ability|p1a: Weavile|Pressure
|turn|24
|
|t:|1779671319
|move|p2a: Walking Wake|Flamethrower|p1a: Weavile
|-supereffective|p1a: Weavile
|-damage|p1a: Weavile|10/100
|-status|p1a: Weavile|brn
|move|p1a: Weavile|Triple Axel|p2a: Walking Wake
|-damage|p2a: Walking Wake|81/100
|-damage|p2a: Walking Wake|65/100
|-damage|p2a: Walking Wake|41/100
|-hitcount|p2a: Walking Wake|3
|
|-damage|p1a: Weavile|4/100 brn|[from] brn
|upkeep
|turn|25
|
|t:|1779671330
|move|p2a: Walking Wake|Flamethrower|p1a: Weavile
|-supereffective|p1a: Weavile
|-damage|p1a: Weavile|0 fnt
|faint|p1a: Weavile
|
|upkeep
|
|t:|1779671334
|switch|p1a: Dragonite|Dragonite, M|100/100
|turn|26
|
|t:|1779671339
|-terastallize|p1a: Dragonite|Normal
|move|p2a: Walking Wake|Draco Meteor|p1a: Dragonite
|-damage|p1a: Dragonite|64/100
|-unboost|p2a: Walking Wake|spa|2
|move|p1a: Dragonite|Dragon Dance|p1a: Dragonite
|-boost|p1a: Dragonite|atk|1
|-boost|p1a: Dragonite|spe|1
|
|upkeep
|turn|27
|
|t:|1779671358
|move|p2a: Walking Wake|Flamethrower|p1a: Dragonite
|-damage|p1a: Dragonite|47/100
|move|p1a: Dragonite|Dragon Dance|p1a: Dragonite
|-boost|p1a: Dragonite|atk|1
|-boost|p1a: Dragonite|spe|1
|
|upkeep
|turn|28
|
|t:|1779671365
|move|p2a: Walking Wake|Flamethrower|p1a: Dragonite
|-damage|p1a: Dragonite|30/100
|move|p1a: Dragonite|Roost|p1a: Dragonite
|-heal|p1a: Dragonite|80/100
|
|upkeep
|turn|29
|
|t:|1779671371
|-end|p2a: Walking Wake|Protosynthesis|[silent]
|switch|p2a: Se Mamut|Great Tusk|77/100
|move|p1a: Dragonite|Extreme Speed|p2a: Se Mamut
|-damage|p2a: Se Mamut|5/100
|
|upkeep
|turn|30
|
|t:|1779671377
|move|p1a: Dragonite|Extreme Speed|p2a: Se Mamut
|-damage|p2a: Se Mamut|0 fnt
|faint|p2a: Se Mamut
|-end|p2a: Se Mamut|Protosynthesis|[silent]
|
|upkeep
|
|t:|1779671384
|switch|p2a: Fairy Lord|Iron Valiant, shiny|100/100
|turn|31
|
|t:|1779671393
|move|p1a: Dragonite|Extreme Speed|p2a: Fairy Lord
|-damage|p2a: Fairy Lord|0 fnt
|faint|p2a: Fairy Lord
|-end|p2a: Fairy Lord|Quark Drive|[silent]
|
|upkeep
|
|t:|1779671398
|switch|p2a: Walking Wake|Walking Wake|41/100
|turn|32
|
|t:|1779671408
|move|p1a: Dragonite|Extreme Speed|p2a: Walking Wake
|-damage|p2a: Walking Wake|0 fnt
|faint|p2a: Walking Wake
|-end|p2a: Walking Wake|Protosynthesis|[silent]
|
|upkeep
|
|t:|1779671411
|switch|p2a: Kingambit|Kingambit, M, shiny|10/100
|-activate|p2a: Kingambit|ability: Supreme Overlord
|-start|p2a: Kingambit|fallen5|[silent]
|turn|33
|
|t:|1779671415
|-terastallize|p2a: Kingambit|Ghost
|move|p1a: Dragonite|Extreme Speed|p2a: Kingambit
|-immune|p2a: Kingambit
|move|p2a: Kingambit|Swords Dance|p2a: Kingambit
|-boost|p2a: Kingambit|atk|2
|
|upkeep
|turn|34
|
|t:|1779671424
|move|p2a: Kingambit|Sucker Punch||[still]
|-fail|p2a: Kingambit
|move|p1a: Dragonite|Roost|p1a: Dragonite
|-heal|p1a: Dragonite|100/100
|
|upkeep
|turn|35
|
|t:|1779671429
|move|p2a: Kingambit|Sucker Punch|p1a: Dragonite
|-damage|p1a: Dragonite|35/100
|move|p1a: Dragonite|Earthquake|p2a: Kingambit
|-damage|p2a: Kingambit|0 fnt
|faint|p2a: Kingambit
|-end|p2a: Kingambit|fallen5|[silent]
|
|win|gvgvjvfcgv
|raw|gvgvjvfcgv's rating: 1154 &rarr; <strong>1180</strong><br />(+26 for winning)
|raw|Luxenebris_Debrix's rating: 1162 &rarr; <strong>1136</strong><br />(-26 for losing)
|l|☆Luxenebris_Debrix
|player|p2|
|l|☆gvgvjvfcgv
|player|p1|
