|badge|p2|silver|gen9ou|30-9
|uhtml|medal-msg|<div class="broadcast-blue">Curious what those medals under the avatar are? PS now has Ladder Seasons! For more information, check out the <a href="https://www.smogon.com/forums/threads/3740067/">thread on Smogon.</a></div>
|j|☆TechBuster
|j|☆omari p
|t:|1779556270
|gametype|singles
|player|p1|TechBuster|101|1709
|player|p2|omari p|pokemonrangerf|1866
|gen|9
|tier|[Gen 9] OU
|rated|
|rule|HP Percentage Mod: HP is shown in percentages
|rule|Endless Battle Clause: Forcing endless battles is banned
|rule|Species Clause: Limit one of each Pokémon
|rule|OHKO Clause: OHKO moves are banned
|rule|Evasion Items Clause: Evasion items are banned
|rule|Evasion Moves Clause: Evasion moves are banned
|rule|Evasion Abilities Clause: Evasion abilities are banned
|rule|Sleep Moves Clause: Sleep-inducing moves are banned
|clearpoke
|poke|p1|Regieleki|
|poke|p1|Slowking-Galar, M|
|poke|p1|Zapdos|
|poke|p1|Ogerpon-Wellspring, F|
|poke|p1|Kingambit, F|
|poke|p1|Garchomp, M|
|poke|p2|Hoopa|
|poke|p2|Cinderace, F|
|poke|p2|Mandibuzz, F|
|poke|p2|Kyurem|
|poke|p2|Ting-Lu|
|poke|p2|Manaphy|
|teampreview
|inactive|Battle timer is ON: inactive players will automatically lose when time's up. (requested by omari p)
|
|t:|1779556313
|teamsize|p1|6
|teamsize|p2|6
|start
|switch|p1a: Ogerpon|Ogerpon-Wellspring, F|100/100
|switch|p2a: Hoopa|Hoopa|100/100
|turn|1
|
|t:|1779556327
|switch|p2a: Kyurem|Kyurem|100/100
|-ability|p2a: Kyurem|Pressure
|move|p1a: Ogerpon|Ivy Cudgel|p2a: Kyurem|[anim] Ivy Cudgel Water
|-resisted|p2a: Kyurem
|-damage|p2a: Kyurem|68/100
|
|upkeep
|turn|2
|
|t:|1779556340
|switch|p1a: Slowking|Slowking-Galar, M|100/100
|move|p2a: Kyurem|Freeze-Dry|p1a: Slowking
|-damage|p1a: Slowking|79/100
|
|upkeep
|turn|3
|
|t:|1779556366
|switch|p2a: Ting-Lucifer|Ting-Lu|100/100
|-ability|p2a: Ting-Lucifer|Vessel of Ruin
|move|p1a: Slowking|Sludge Bomb|p2a: Ting-Lucifer
|-resisted|p2a: Ting-Lucifer
|-damage|p2a: Ting-Lucifer|91/100
|
|upkeep
|turn|4
|
|t:|1779556374
|move|p2a: Ting-Lucifer|Stealth Rock|p1a: Slowking
|-sidestart|p1: TechBuster|move: Stealth Rock
|-prepare|p1a: Slowking|Chilly Reception|[premajor]
|move|p1a: Slowking|Chilly Reception|p1a: Slowking
|-weather|Snowscape
|
|t:|1779556384
|switch|p1a: Garchomp|Garchomp, M|100/100|[from] Chilly Reception
|-damage|p1a: Garchomp|94/100|[from] Stealth Rock
|
|-weather|Snowscape|[upkeep]
|upkeep
|turn|5
|
|t:|1779556387
|switch|p2a: Kyurem|Kyurem|68/100
|-ability|p2a: Kyurem|Pressure
|move|p1a: Garchomp|Stealth Rock|p2a: Kyurem
|-sidestart|p2: omari p|move: Stealth Rock
|
|-weather|Snowscape|[upkeep]
|upkeep
|turn|6
|
|t:|1779556391
|switch|p1a: Slowking|Slowking-Galar, M|100/100
|-damage|p1a: Slowking|88/100|[from] Stealth Rock
|move|p2a: Kyurem|Ice Beam|p1a: Slowking
|-damage|p1a: Slowking|60/100
|
|-weather|Snowscape|[upkeep]
|upkeep
|turn|7
|
|t:|1779556396
|move|p2a: Kyurem|Ice Beam|p1a: Slowking
|-damage|p1a: Slowking|32/100
|-prepare|p1a: Slowking|Chilly Reception|[premajor]
|move|p1a: Slowking|Chilly Reception|p1a: Slowking
|
|t:|1779556406
|switch|p1a: Kingambit|Kingambit, F|100/100|[from] Chilly Reception
|-damage|p1a: Kingambit|94/100|[from] Stealth Rock
|
|-weather|Snowscape|[upkeep]
|-heal|p1a: Kingambit|100/100|[from] item: Leftovers
|upkeep
|turn|8
|
|t:|1779556413
|switch|p2a: Mandibuzz|Mandibuzz, F, shiny|100/100
|-damage|p2a: Mandibuzz|76/100|[from] Stealth Rock
|move|p1a: Kingambit|Low Kick|p2a: Mandibuzz
|-damage|p2a: Mandibuzz|63/100
|-damage|p1a: Kingambit|84/100|[from] item: Rocky Helmet|[of] p2a: Mandibuzz
|
|-weather|none
|-heal|p1a: Kingambit|90/100|[from] item: Leftovers
|upkeep
|turn|9
|
|t:|1779556426
|-end|p1a: Kingambit|fallenundefined|[silent]
|switch|p1a: Garchomp|Garchomp, M|94/100
|-damage|p1a: Garchomp|88/100|[from] Stealth Rock
|move|p2a: Mandibuzz|Roost|p2a: Mandibuzz
|-heal|p2a: Mandibuzz|100/100
|-singleturn|p2a: Mandibuzz|move: Roost
|
|upkeep
|turn|10
|
|t:|1779556432
|switch|p1a: Kingambit|Kingambit, F|90/100
|-damage|p1a: Kingambit|84/100|[from] Stealth Rock
|move|p2a: Mandibuzz|Defog|p1a: Kingambit
|-unboost|p1a: Kingambit|evasion|1
|-sideend|p1: TechBuster|Stealth Rock|[from] move: Defog|[of] p2a: Mandibuzz
|-sideend|p2: omari p|Stealth Rock|[from] move: Defog|[of] p2a: Mandibuzz
|
|-heal|p1a: Kingambit|90/100|[from] item: Leftovers
|upkeep
|turn|11
|j| Moistwarmpie
|
|t:|1779556451
|move|p2a: Mandibuzz|Foul Play|p1a: Kingambit
|-resisted|p1a: Kingambit
|-damage|p1a: Kingambit|71/100
|move|p1a: Kingambit|Swords Dance|p1a: Kingambit
|-boost|p1a: Kingambit|atk|2
|
|-heal|p1a: Kingambit|77/100|[from] item: Leftovers
|upkeep
|turn|12
|inactive|omari p has 120 seconds left.
|
|t:|1779556506
|-end|p1a: Kingambit|fallenundefined|[silent]
|switch|p1a: Zapdos|Zapdos|100/100
|move|p2a: Mandibuzz|Foul Play|p1a: Zapdos
|-damage|p1a: Zapdos|74/100
|
|upkeep
|turn|13
|
|t:|1779556515
|move|p1a: Zapdos|Volt Switch|p2a: Mandibuzz
|-supereffective|p2a: Mandibuzz
|-damage|p2a: Mandibuzz|42/100
|
|t:|1779556518
|switch|p1a: Kingambit|Kingambit, F|77/100|[from] Volt Switch
|move|p2a: Mandibuzz|Toxic|p1a: Kingambit|[miss]
|-miss|p2a: Mandibuzz|p1a: Kingambit
|
|-heal|p1a: Kingambit|84/100|[from] item: Leftovers
|upkeep
|turn|14
|
|t:|1779556524
|-end|p1a: Kingambit|fallenundefined|[silent]
|switch|p1a: Zapdos|Zapdos|74/100
|move|p2a: Mandibuzz|Roost|p2a: Mandibuzz
|-heal|p2a: Mandibuzz|92/100
|-singleturn|p2a: Mandibuzz|move: Roost
|
|upkeep
|turn|15
|inactive|omari p has 120 seconds left.
|j| yuureisuisei
|inactive|omari p has 90 seconds left.
|
|t:|1779556569
|switch|p1a: Kingambit|Kingambit, F|84/100
|switch|p2a: Ting-Lucifer|Ting-Lu|91/100
|-ability|p2a: Ting-Lucifer|Vessel of Ruin
|
|-heal|p1a: Kingambit|90/100|[from] item: Leftovers
|upkeep
|turn|16
|
|t:|1779556580
|-end|p1a: Kingambit|fallenundefined|[silent]
|switch|p1a: Ogerpon|Ogerpon-Wellspring, F|100/100
|switch|p2a: Mandibuzz|Mandibuzz, F, shiny|92/100
|
|upkeep
|turn|17
|
|t:|1779556587
|switch|p1a: Kingambit|Kingambit, F|90/100
|move|p2a: Mandibuzz|Foul Play|p1a: Kingambit
|-resisted|p1a: Kingambit
|-damage|p1a: Kingambit|69/100
|
|-heal|p1a: Kingambit|75/100|[from] item: Leftovers
|upkeep
|turn|18
|
|t:|1779556594
|-end|p1a: Kingambit|fallenundefined|[silent]
|switch|p1a: Slowking|Slowking-Galar, M|65/100
|move|p2a: Mandibuzz|Foul Play|p1a: Slowking
|-supereffective|p1a: Slowking
|-damage|p1a: Slowking|27/100
|
|upkeep
|turn|19
|
|t:|1779556603
|switch|p1a: Zapdos|Zapdos|74/100
|move|p2a: Mandibuzz|Toxic|p1a: Zapdos
|-status|p1a: Zapdos|tox
|
|-damage|p1a: Zapdos|68/100 tox|[from] psn
|upkeep
|turn|20
|
|t:|1779556608
|switch|p2a: Ting-Lucifer|Ting-Lu|91/100
|-ability|p2a: Ting-Lucifer|Vessel of Ruin
|move|p1a: Zapdos|Volt Switch|p2a: Ting-Lucifer
|-immune|p2a: Ting-Lucifer
|
|-damage|p1a: Zapdos|55/100 tox|[from] psn
|upkeep
|turn|21
|
|t:|1779556614
|switch|p1a: Ogerpon|Ogerpon-Wellspring, F|100/100
|move|p2a: Ting-Lucifer|Earthquake|p1a: Ogerpon
|-resisted|p1a: Ogerpon
|-damage|p1a: Ogerpon|68/100
|
|upkeep
|turn|22
|
|t:|1779556624
|switch|p2a: Kyurem|Kyurem|68/100
|-ability|p2a: Kyurem|Pressure
|move|p1a: Ogerpon|Ivy Cudgel|p2a: Kyurem|[anim] Ivy Cudgel Water
|-resisted|p2a: Kyurem
|-damage|p2a: Kyurem|37/100
|
|upkeep
|turn|23
|
|t:|1779556628
|switch|p1a: Slowking|Slowking-Galar, M|61/100
|move|p2a: Kyurem|Freeze-Dry|p1a: Slowking
|-damage|p1a: Slowking|38/100
|
|upkeep
|turn|24
|
|t:|1779556633
|move|p2a: Kyurem|Freeze-Dry|p1a: Slowking
|-damage|p1a: Slowking|15/100
|-prepare|p1a: Slowking|Chilly Reception|[premajor]
|move|p1a: Slowking|Chilly Reception|p1a: Slowking
|-weather|Snowscape
|
|t:|1779556636
|switch|p1a: Kingambit|Kingambit, F|75/100|[from] Chilly Reception
|
|-weather|Snowscape|[upkeep]
|-heal|p1a: Kingambit|82/100|[from] item: Leftovers
|upkeep
|turn|25
|
|t:|1779556642
|switch|p2a: Mandibuzz|Mandibuzz, F, shiny|92/100
|-end|p1a: Kingambit|fallenundefined|[silent]
|switch|p1a: Electrode Sr.|Regieleki|100/100
|
|-weather|Snowscape|[upkeep]
|upkeep
|turn|26
|
|t:|1779556646
|switch|p1a: Ogerpon|Ogerpon-Wellspring, F|68/100
|move|p2a: Mandibuzz|Foul Play|p1a: Ogerpon
|-damage|p1a: Ogerpon|3/100
|
|-weather|Snowscape|[upkeep]
|upkeep
|turn|27
|
|t:|1779556659
|switch|p1a: Garchomp|Garchomp, M|88/100
|move|p2a: Mandibuzz|Foul Play|p1a: Garchomp
|-damage|p1a: Garchomp|62/100
|-damage|p2a: Mandibuzz|80/100|[from] ability: Rough Skin|[of] p1a: Garchomp
|-damage|p2a: Mandibuzz|63/100|[from] item: Rocky Helmet|[of] p1a: Garchomp
|
|-weather|Snowscape|[upkeep]
|upkeep
|turn|28
|
|t:|1779556664
|switch|p1a: Slowking|Slowking-Galar, M|48/100
|move|p2a: Mandibuzz|Roost|p2a: Mandibuzz
|-heal|p2a: Mandibuzz|100/100
|-singleturn|p2a: Mandibuzz|move: Roost
|
|-weather|none
|upkeep
|turn|29
|
|t:|1779556672
|switch|p1a: Garchomp|Garchomp, M|62/100
|move|p2a: Mandibuzz|Foul Play|p1a: Garchomp
|-damage|p1a: Garchomp|38/100
|-damage|p2a: Mandibuzz|88/100|[from] ability: Rough Skin|[of] p1a: Garchomp
|-damage|p2a: Mandibuzz|72/100|[from] item: Rocky Helmet|[of] p1a: Garchomp
|
|upkeep
|turn|30
|
|t:|1779556689
|move|p1a: Garchomp|Stealth Rock|p2a: Mandibuzz
|-sidestart|p2: omari p|move: Stealth Rock
|move|p2a: Mandibuzz|Roost|p2a: Mandibuzz
|-heal|p2a: Mandibuzz|100/100
|-singleturn|p2a: Mandibuzz|move: Roost
|
|upkeep
|turn|31
|
|t:|1779556706
|switch|p1a: Electrode Sr.|Regieleki|100/100
|move|p2a: Mandibuzz|Defog|p1a: Electrode Sr.
|-unboost|p1a: Electrode Sr.|evasion|1
|-sideend|p2: omari p|Stealth Rock|[from] move: Defog|[of] p2a: Mandibuzz
|
|upkeep
|turn|32
|
|t:|1779556716
|switch|p1a: Ogerpon|Ogerpon-Wellspring, F|3/100
|switch|p2a: Ting-Lucifer|Ting-Lu|91/100
|-ability|p2a: Ting-Lucifer|Vessel of Ruin
|
|upkeep
|turn|33
|
|t:|1779556723
|switch|p2a: Kyurem|Kyurem|37/100
|-ability|p2a: Kyurem|Pressure
|move|p1a: Ogerpon|Ivy Cudgel|p2a: Kyurem|[anim] Ivy Cudgel Water
|-resisted|p2a: Kyurem
|-damage|p2a: Kyurem|7/100
|
|upkeep
|turn|34
|
|t:|1779556728
|switch|p2a: Ting-Lucifer|Ting-Lu|91/100
|-ability|p2a: Ting-Lucifer|Vessel of Ruin
|switch|p1a: Slowking|Slowking-Galar, M|81/100
|
|upkeep
|turn|35
|
|t:|1779556738
|switch|p1a: Zapdos|Zapdos|55/100 tox
|move|p2a: Ting-Lucifer|Stealth Rock|p1a: Zapdos
|-sidestart|p1: TechBuster|move: Stealth Rock
|
|-damage|p1a: Zapdos|49/100 tox|[from] psn
|upkeep
|turn|36
|
|t:|1779556741
|move|p1a: Zapdos|Hurricane|p2a: Ting-Lucifer
|-damage|p2a: Ting-Lucifer|60/100
|-start|p2a: Ting-Lucifer|confusion
|-activate|p2a: Ting-Lucifer|confusion
|-damage|p2a: Ting-Lucifer|52/100|[from] confusion
|
|-damage|p1a: Zapdos|37/100 tox|[from] psn
|upkeep
|turn|37
|
|t:|1779556747
|move|p1a: Zapdos|Hurricane|p2a: Ting-Lucifer|[miss]
|-miss|p1a: Zapdos|p2a: Ting-Lucifer
|-activate|p2a: Ting-Lucifer|confusion
|-damage|p2a: Ting-Lucifer|44/100|[from] confusion
|
|-damage|p1a: Zapdos|18/100 tox|[from] psn
|upkeep
|turn|38
|
|t:|1779556756
|switch|p2a: Kyurem|Kyurem|7/100
|-ability|p2a: Kyurem|Pressure
|move|p1a: Zapdos|Hurricane|p2a: Kyurem
|-damage|p2a: Kyurem|0 fnt
|faint|p2a: Kyurem
|
|-damage|p1a: Zapdos|0 fnt|[from] psn
|faint|p1a: Zapdos
|upkeep
|
|t:|1779556765
|switch|p1a: Electrode Sr.|Regieleki|100/100
|switch|p2a: Cinderace|Cinderace, F|100/100
|turn|39
|
|t:|1779556769
|move|p1a: Electrode Sr.|Thunderbolt|p2a: Cinderace
|-damage|p2a: Cinderace|24/100
|move|p2a: Cinderace|Pyro Ball|p1a: Electrode Sr.
|-damage|p1a: Electrode Sr.|0 fnt
|faint|p1a: Electrode Sr.
|
|upkeep
|
|t:|1779556777
|switch|p1a: Slowking|Slowking-Galar, M|100/100
|-damage|p1a: Slowking|88/100|[from] Stealth Rock
|turn|40
|
|t:|1779556780
|move|p2a: Cinderace|Pyro Ball|p1a: Slowking
|-damage|p1a: Slowking|16/100
|move|p1a: Slowking|Sludge Bomb|p2a: Cinderace
|-damage|p2a: Cinderace|0 fnt
|faint|p2a: Cinderace
|
|upkeep
|
|t:|1779556782
|switch|p2a: Ting-Lucifer|Ting-Lu|44/100
|-ability|p2a: Ting-Lucifer|Vessel of Ruin
|turn|41
|
|t:|1779556786
|move|p2a: Ting-Lucifer|Earthquake|p1a: Slowking
|-supereffective|p1a: Slowking
|-crit|p1a: Slowking
|-enditem|p1a: Slowking|Shuca Berry|[eat]
|-enditem|p1a: Slowking|Shuca Berry|[weaken]
|-damage|p1a: Slowking|0 fnt
|faint|p1a: Slowking
|
|upkeep
|
|t:|1779556788
|switch|p1a: Kingambit|Kingambit, F|82/100
|-damage|p1a: Kingambit|75/100|[from] Stealth Rock
|-activate|p1a: Kingambit|ability: Supreme Overlord
|-start|p1a: Kingambit|fallen3|[silent]
|turn|42
|
|t:|1779556795
|move|p1a: Kingambit|Swords Dance|p1a: Kingambit
|-boost|p1a: Kingambit|atk|2
|move|p2a: Ting-Lucifer|Earthquake|p1a: Kingambit
|-supereffective|p1a: Kingambit
|-damage|p1a: Kingambit|3/100
|
|-heal|p1a: Kingambit|9/100|[from] item: Leftovers
|upkeep
|turn|43
|
|t:|1779556799
|switch|p2a: Mandibuzz|Mandibuzz, F, shiny|100/100
|move|p1a: Kingambit|Low Kick|p2a: Mandibuzz
|-damage|p2a: Mandibuzz|65/100
|-damage|p1a: Kingambit|0 fnt|[from] item: Rocky Helmet|[of] p2a: Mandibuzz
|faint|p1a: Kingambit
|-end|p1a: Kingambit|fallen3|[silent]
|
|upkeep
|c|☆TechBuster|ggg
|c|☆omari p|gg
|c|☆omari p|this was so long
|c|☆TechBuster|weakness policy lu is cool
|c|☆TechBuster|dont rly see it on high ladder
|c|☆TechBuster|ye fking mandibuzz felt rough
|c|☆omari p|how did u know i was weakness policy
|c|☆TechBuster|its obvious
|inactive|TechBuster has 120 seconds left.
|c|☆TechBuster|no lefties
|c|☆TechBuster|no AV
|c|☆omari p|nice
|c|☆TechBuster|and adament eq
|c|☆TechBuster|once u play long enough
|c|☆TechBuster|u have like a sixth sense
|c|☆omari p|i really really hate ogerpon
|c|☆TechBuster|and also it took a lot from hurricane
|c|☆TechBuster|oh ye
|inactive|TechBuster has 90 seconds left.
|c|☆TechBuster|i played shit with it
|c|☆omari p|!showset tinglu
|c| omari p|/raw <div class="infobox">Ting-Lucifer (Ting-Lu) @ Weakness Policy  <br />Ability: Vessel of Ruin  <br />Tera Type: Steel  <br />EVs: 140 HP &#x2f; 252 Atk &#x2f; 112 SpD &#x2f; 4 Spe  <br />Adamant Nature  <br />- Stealth Rock  <br />- Heavy Slam  <br />- Stone Edge  <br />- Earthquake  <br /><br /></div>
|c|☆TechBuster|scarf kyurem as well
|c|☆omari p|im not sure i need 112spdef
|c|☆omari p|i could probs just go hp
|c|☆TechBuster|ye prob
|inactive|TechBuster has 60 seconds left.
|
|t:|1779556893
|switch|p1a: Garchomp|Garchomp, M|38/100
|-damage|p1a: Garchomp|32/100|[from] Stealth Rock
|turn|44
|
|t:|1779556896
|move|p1a: Garchomp|Stealth Rock|p2a: Mandibuzz
|-sidestart|p2: omari p|move: Stealth Rock
|move|p2a: Mandibuzz|Foul Play|p1a: Garchomp
|-damage|p1a: Garchomp|5/100
|-damage|p2a: Mandibuzz|53/100|[from] ability: Rough Skin|[of] p1a: Garchomp
|-damage|p2a: Mandibuzz|36/100|[from] item: Rocky Helmet|[of] p1a: Garchomp
|
|upkeep
|turn|45
|
|t:|1779556902
|move|p1a: Garchomp|Spikes|p2a: Mandibuzz
|-sidestart|p2: omari p|Spikes
|move|p2a: Mandibuzz|Roost|p2a: Mandibuzz
|-heal|p2a: Mandibuzz|86/100
|-singleturn|p2a: Mandibuzz|move: Roost
|
|upkeep
|turn|46
|
|t:|1779556905
|move|p1a: Garchomp|Spikes|p2a: Mandibuzz
|-sidestart|p2: omari p|Spikes
|move|p2a: Mandibuzz|Foul Play|p1a: Garchomp
|-damage|p1a: Garchomp|0 fnt
|-damage|p2a: Mandibuzz|74/100|[from] ability: Rough Skin|[of] p1a: Garchomp
|-damage|p2a: Mandibuzz|57/100|[from] item: Rocky Helmet|[of] p1a: Garchomp
|faint|p1a: Garchomp
|
|upkeep
|
|t:|1779556909
|switch|p1a: Ogerpon|Ogerpon-Wellspring, F|3/100
|-damage|p1a: Ogerpon|0 fnt|[from] Stealth Rock
|faint|p1a: Ogerpon
|
|win|omari p
|raw|TechBuster's rating: 1709 &rarr; <strong>1697</strong><br />(-12 for losing)
|raw|omari p's rating: 1866 &rarr; <strong>1878</strong><br />(+12 for winning)
|j| hattybatty304
|l| yuureisuisei
|l| hattybatty304
|c|☆TechBuster|ye i lwk think
|c|☆TechBuster|pushing through lu with zapdos
|c|☆TechBuster|wasnt a bad play
|c|☆omari p|i had to try
|c|☆omari p|or go hoopa
|c|☆TechBuster|lu dies and leki goes crazy
|c|☆omari p|ya lmao
|c|☆TechBuster|so
|c|☆TechBuster|i dunno
|c|☆omari p|i immediately was  like no
|c|☆TechBuster|i didnt play the best
|c|☆TechBuster|im not used to playing agaisnt mandibuzz
|c|☆TechBuster|kingamit lwk cant break mandi
|c|☆TechBuster|ggs bro
|l|☆TechBuster
|player|p1|
|c|☆omari p|u had to basically try to cheese with oger
