|j|☆VaporeonUser
|j|☆RobustLoki
|t:|1779687484
|gametype|singles
|player|p1|VaporeonUser|volkner|1544
|player|p2|RobustLoki|lance|1582
|gen|9
|tier|[Gen 9] OU
|rated|
|rule|HP Percentage Mod: HP is shown in percentages
|rule|Endless Battle Clause: Forcing endless battles is banned
|rule|Species Clause: Limit one of each Pokémon
|rule|OHKO Clause: OHKO moves are banned
|rule|Evasion Items Clause: Evasion items are banned
|rule|Evasion Moves Clause: Evasion moves are banned
|rule|Evasion Abilities Clause: Evasion abilities are banned
|rule|Sleep Moves Clause: Sleep-inducing moves are banned
|clearpoke
|poke|p1|Walking Wake|
|poke|p1|Cinderace, F|
|poke|p1|Wo-Chien|
|poke|p1|Slither Wing|
|poke|p1|Torkoal, F|
|poke|p1|Hatterene, F|
|poke|p2|Ninetales-Alola, F|
|poke|p2|Ceruledge, F|
|poke|p2|Gliscor, M|
|poke|p2|Hatterene, F|
|poke|p2|Farigiraf, M|
|poke|p2|Ditto|
|teampreview
|
|t:|1779687489
|teamsize|p1|6
|teamsize|p2|6
|start
|switch|p1a: Torkoal|Torkoal, F|100/100
|switch|p2a: Ninetales|Ninetales-Alola, F|100/100
|-weather|Snowscape|[from] ability: Snow Warning|[of] p2a: Ninetales
|-weather|SunnyDay|[from] ability: Drought|[of] p1a: Torkoal
|turn|1
|inactive|Battle timer is ON: inactive players will automatically lose when time's up. (requested by RobustLoki)
|
|t:|1779687519
|switch|p1a: Cinderace|Cinderace, F|100/100
|-item|p1a: Cinderace|Air Balloon
|move|p2a: Ninetales|Snowscape|p2a: Ninetales
|-weather|Snowscape
|
|-weather|Snowscape|[upkeep]
|upkeep
|turn|2
|
|t:|1779687526
|switch|p2a: Ceruledge|Ceruledge, F|100/100
|move|p1a: Cinderace|Pyro Ball|p2a: Ceruledge
|-start|p2a: Ceruledge|ability: Flash Fire
|
|-weather|Snowscape|[upkeep]
|upkeep
|turn|3
|
|t:|1779687553
|switch|p1a: AtYaWake|Walking Wake|100/100
|move|p2a: Ceruledge|Bulk Up|p2a: Ceruledge
|-boost|p2a: Ceruledge|atk|1
|-boost|p2a: Ceruledge|def|1
|
|-weather|Snowscape|[upkeep]
|upkeep
|turn|4
|
|t:|1779687558
|-terastallize|p2a: Ceruledge|Bug
|move|p2a: Ceruledge|Shadow Sneak|p1a: AtYaWake
|-damage|p1a: AtYaWake|73/100
|move|p1a: AtYaWake|Draco Meteor|p2a: Ceruledge
|-damage|p2a: Ceruledge|32/100
|-unboost|p1a: AtYaWake|spa|2
|
|-weather|Snowscape|[upkeep]
|upkeep
|turn|5
|
|t:|1779687564
|move|p2a: Ceruledge|Shadow Sneak|p1a: AtYaWake
|-damage|p1a: AtYaWake|47/100
|move|p1a: AtYaWake|Draco Meteor|p2a: Ceruledge
|-damage|p2a: Ceruledge|0 fnt
|-unboost|p1a: AtYaWake|spa|2
|faint|p2a: Ceruledge
|
|-weather|none
|upkeep
|
|t:|1779687567
|switch|p2a: Ninetales|Ninetales-Alola, F|100/100
|-weather|Snowscape|[from] ability: Snow Warning|[of] p2a: Ninetales
|turn|6
|
|t:|1779687571
|-end|p1a: AtYaWake|Protosynthesis|[silent]
|switch|p1a: Torkoal|Torkoal, F|100/100
|-weather|SunnyDay|[from] ability: Drought|[of] p1a: Torkoal
|move|p2a: Ninetales|Snowscape|p2a: Ninetales
|-weather|Snowscape
|
|-weather|Snowscape|[upkeep]
|upkeep
|turn|7
|
|t:|1779687575
|switch|p1a: Cinderace|Cinderace, F|100/100
|-item|p1a: Cinderace|Air Balloon
|move|p2a: Ninetales|Aurora Veil|p2a: Ninetales
|-sidestart|p2: RobustLoki|move: Aurora Veil
|
|-weather|Snowscape|[upkeep]
|upkeep
|turn|8
|inactive|RobustLoki has 120 seconds left.
|
|t:|1779687607
|move|p1a: Cinderace|Pyro Ball|p2a: Ninetales
|-supereffective|p2a: Ninetales
|-damage|p2a: Ninetales|57/100
|move|p2a: Ninetales|Encore|p1a: Cinderace
|-start|p1a: Cinderace|Encore
|
|-weather|Snowscape|[upkeep]
|upkeep
|turn|9
|
|t:|1779687611
|switch|p2a: Gliscor|Gliscor, M|100/100
|move|p1a: Cinderace|Pyro Ball|p2a: Gliscor|[miss]
|-miss|p1a: Cinderace|p2a: Gliscor
|
|-weather|Snowscape|[upkeep]
|-status|p2a: Gliscor|tox|[from] item: Toxic Orb
|upkeep
|turn|10
|
|t:|1779687616
|switch|p1a: Torkoal|Torkoal, F|100/100
|-weather|SunnyDay|[from] ability: Drought|[of] p1a: Torkoal
|move|p2a: Gliscor|Agility|p2a: Gliscor
|-boost|p2a: Gliscor|spe|2
|
|-weather|SunnyDay|[upkeep]
|upkeep
|turn|11
|
|t:|1779687625
|switch|p1a: SlugginForLife|Wo-Chien|100/100
|-ability|p1a: SlugginForLife|Tablets of Ruin
|move|p2a: Gliscor|Swords Dance|p2a: Gliscor
|-boost|p2a: Gliscor|atk|2
|
|-weather|SunnyDay|[upkeep]
|upkeep
|turn|12
|inactive|RobustLoki has 120 seconds left.
|
|t:|1779687656
|move|p2a: Gliscor|Facade|p1a: SlugginForLife
|-damage|p1a: SlugginForLife|38/100
|move|p1a: SlugginForLife|Growth|p1a: SlugginForLife
|-boost|p1a: SlugginForLife|atk|2
|-boost|p1a: SlugginForLife|spa|2
|
|-weather|SunnyDay|[upkeep]
|upkeep
|turn|13
|
|t:|1779687661
|move|p2a: Gliscor|Facade|p1a: SlugginForLife
|-damage|p1a: SlugginForLife|0 fnt
|faint|p1a: SlugginForLife
|
|-weather|SunnyDay|[upkeep]
|upkeep
|
|t:|1779687669
|switch|p1a: Slither Wing|Slither Wing|100/100
|-activate|p1a: Slither Wing|ability: Protosynthesis
|-start|p1a: Slither Wing|protosynthesisatk
|turn|14
|
|t:|1779687689
|move|p2a: Gliscor|Facade|p1a: Slither Wing
|-damage|p1a: Slither Wing|0 fnt
|faint|p1a: Slither Wing
|-end|p1a: Slither Wing|Protosynthesis|[silent]
|
|-weather|SunnyDay|[upkeep]
|-sideend|p2: RobustLoki|move: Aurora Veil
|upkeep
|
|t:|1779687696
|switch|p1a: Hatterene|Hatterene, F|100/100
|-item|p1a: Hatterene|Air Balloon
|turn|15
|
|t:|1779687710
|move|p2a: Gliscor|Facade|p1a: Hatterene
|-damage|p1a: Hatterene|42/100
|-enditem|p1a: Hatterene|Air Balloon
|move|p1a: Hatterene|Psychic Noise|p2a: Gliscor
|-damage|p2a: Gliscor|58/100 tox
|-start|p2a: Gliscor|move: Heal Block
|
|-weather|SunnyDay|[upkeep]
|upkeep
|turn|16
|
|t:|1779687717
|move|p2a: Gliscor|Earthquake|p1a: Hatterene
|-damage|p1a: Hatterene|0 fnt
|faint|p1a: Hatterene
|
|-weather|SunnyDay|[upkeep]
|-end|p2a: Gliscor|move: Heal Block
|upkeep
|
|t:|1779687722
|switch|p1a: Cinderace|Cinderace, F|100/100
|-item|p1a: Cinderace|Air Balloon
|turn|17
|
|t:|1779687727
|move|p2a: Gliscor|Facade|p1a: Cinderace
|-damage|p1a: Cinderace|1/100
|-enditem|p1a: Cinderace|Air Balloon
|move|p1a: Cinderace|Pyro Ball|p2a: Gliscor
|-damage|p2a: Gliscor|0 fnt
|faint|p2a: Gliscor
|
|-weather|none
|upkeep
|
|t:|1779687735
|switch|p2a: Ditto|Ditto|100/100
|-transform|p2a: Ditto|p1a: Cinderace|[from] ability: Imposter
|turn|18
|
|t:|1779687743
|switch|p1a: Torkoal|Torkoal, F|100/100
|-weather|SunnyDay|[from] ability: Drought|[of] p1a: Torkoal
|move|p2a: Ditto|Flame Charge|p1a: Torkoal
|-resisted|p1a: Torkoal
|-damage|p1a: Torkoal|87/100
|-boost|p2a: Ditto|spe|1
|
|-weather|SunnyDay|[upkeep]
|upkeep
|turn|19
|
|t:|1779687748
|switch|p1a: AtYaWake|Walking Wake|47/100
|-activate|p1a: AtYaWake|ability: Protosynthesis
|-start|p1a: AtYaWake|protosynthesisspe
|move|p2a: Ditto|Swords Dance|p2a: Ditto
|-boost|p2a: Ditto|atk|2
|
|-weather|SunnyDay|[upkeep]
|upkeep
|turn|20
|
|t:|1779687752
|move|p2a: Ditto|Low Kick|p1a: AtYaWake
|-damage|p1a: AtYaWake|0 fnt
|faint|p1a: AtYaWake
|-end|p1a: AtYaWake|Protosynthesis|[silent]
|
|-weather|SunnyDay|[upkeep]
|upkeep
|
|t:|1779687755
|switch|p1a: Torkoal|Torkoal, F|87/100
|turn|21
|
|t:|1779687758
|move|p2a: Ditto|Low Kick|p1a: Torkoal
|-damage|p1a: Torkoal|50/100
|move|p1a: Torkoal|Overheat|p2a: Ditto
|-resisted|p2a: Ditto
|-damage|p2a: Ditto|57/100
|-unboost|p1a: Torkoal|spa|2
|
|-weather|SunnyDay|[upkeep]
|upkeep
|turn|22
|
|t:|1779687761
|move|p2a: Ditto|Low Kick|p1a: Torkoal
|-damage|p1a: Torkoal|15/100
|move|p1a: Torkoal|Overheat|p2a: Ditto
|-resisted|p2a: Ditto
|-damage|p2a: Ditto|38/100
|-unboost|p1a: Torkoal|spa|2
|
|-weather|SunnyDay|[upkeep]
|upkeep
|turn|23
|-message|VaporeonUser forfeited.
|
|win|RobustLoki
|raw|VaporeonUser's rating: 1544 &rarr; <strong>1525</strong><br />(-19 for losing)
|raw|RobustLoki's rating: 1565 &rarr; <strong>1584</strong><br />(+19 for winning)
|l|☆VaporeonUser
|player|p1|
|c|☆RobustLoki|gg
|l|☆RobustLoki
|player|p2|
