|j|☆redsnow0
|j|☆Boliveira
|t:|1779635187
|gametype|singles
|player|p1|redsnow0|101|1450
|player|p2|Boliveira|hiker-gen4|1468
|gen|9
|tier|[Gen 9] OU
|rated|
|rule|HP Percentage Mod: HP is shown in percentages
|rule|Endless Battle Clause: Forcing endless battles is banned
|rule|Species Clause: Limit one of each Pokémon
|rule|OHKO Clause: OHKO moves are banned
|rule|Evasion Items Clause: Evasion items are banned
|rule|Evasion Moves Clause: Evasion moves are banned
|rule|Evasion Abilities Clause: Evasion abilities are banned
|rule|Sleep Moves Clause: Sleep-inducing moves are banned
|clearpoke
|poke|p1|Dragapult, M|
|poke|p1|Zapdos|
|poke|p1|Zamazenta-*|
|poke|p1|Ogerpon-Wellspring, F|
|poke|p1|Garganacl, M|
|poke|p1|Conkeldurr, F|
|poke|p2|Raging Bolt|
|poke|p2|Samurott-Hisui, F|
|poke|p2|Kyurem|
|poke|p2|Iron Treads|
|poke|p2|Moltres|
|poke|p2|Slowking-Galar, M|
|teampreview
|
|t:|1779635208
|teamsize|p1|6
|teamsize|p2|6
|start
|switch|p1a: Conkeldurr|Conkeldurr, F|100/100
|switch|p2a: Kyurem|Kyurem|100/100
|-ability|p2a: Kyurem|Pressure
|turn|1
|
|t:|1779635218
|switch|p2a: Moltres|Moltres|100/100
|move|p1a: Conkeldurr|Drain Punch|p2a: Moltres
|-resisted|p2a: Moltres
|-damage|p2a: Moltres|86/100
|-status|p1a: Conkeldurr|brn|[from] ability: Flame Body|[of] p2a: Moltres
|
|-damage|p1a: Conkeldurr|94/100 brn|[from] brn
|upkeep
|turn|2
|
|t:|1779635235
|switch|p1a: Garganacl|Garganacl, M|100/100
|move|p2a: Moltres|U-turn|p1a: Garganacl
|-damage|p1a: Garganacl|91/100
|
|t:|1779635264
|switch|p2a: Iron Treads|Iron Treads|100/100|[from] U-turn
|
|-heal|p1a: Garganacl|97/100|[from] item: Leftovers
|upkeep
|turn|3
|
|t:|1779635274
|move|p2a: Iron Treads|Stealth Rock|p1a: Garganacl
|-sidestart|p1: redsnow0|move: Stealth Rock
|move|p1a: Garganacl|Salt Cure|p2a: Iron Treads
|-resisted|p2a: Iron Treads
|-damage|p2a: Iron Treads|97/100
|-start|p2a: Iron Treads|Salt Cure
|
|-heal|p2a: Iron Treads|100/100|[from] item: Leftovers
|-heal|p1a: Garganacl|100/100|[from] item: Leftovers
|-damage|p2a: Iron Treads|76/100|[from] Salt Cure
|upkeep
|turn|4
|
|t:|1779635286
|-end|p2a: Iron Treads|Quark Drive|[silent]
|switch|p2a: Slowking|Slowking-Galar, M|100/100
|move|p1a: Garganacl|Stealth Rock|p2a: Slowking
|-sidestart|p2: Boliveira|move: Stealth Rock
|
|upkeep
|turn|5
|
|t:|1779635296
|move|p1a: Garganacl|Salt Cure|p2a: Slowking
|-damage|p2a: Slowking|86/100
|-start|p2a: Slowking|Salt Cure
|move|p2a: Slowking|Psychic Noise|p1a: Garganacl
|-damage|p1a: Garganacl|83/100
|-start|p1a: Garganacl|move: Heal Block
|
|-damage|p2a: Slowking|73/100|[from] Salt Cure
|upkeep
|turn|6
|
|t:|1779635307
|move|p1a: Garganacl|Curse|p1a: Garganacl
|-unboost|p1a: Garganacl|spe|1
|-boost|p1a: Garganacl|atk|1
|-boost|p1a: Garganacl|def|1
|-prepare|p2a: Slowking|Chilly Reception|[premajor]
|move|p2a: Slowking|Chilly Reception|p2a: Slowking
|-weather|Snowscape
|
|t:|1779635315
|switch|p2a: Raging Bolt|Raging Bolt|100/100|[from] Chilly Reception
|-damage|p2a: Raging Bolt|88/100|[from] Stealth Rock
|
|-weather|Snowscape|[upkeep]
|-heal|p2a: Raging Bolt|94/100|[from] item: Leftovers
|-end|p1a: Garganacl|move: Heal Block
|upkeep
|turn|7
|
|t:|1779635329
|move|p2a: Raging Bolt|Thunderbolt|p1a: Garganacl
|-damage|p1a: Garganacl|48/100
|move|p1a: Garganacl|Salt Cure|p2a: Raging Bolt
|-damage|p2a: Raging Bolt|76/100
|-start|p2a: Raging Bolt|Salt Cure
|
|-weather|Snowscape|[upkeep]
|-heal|p2a: Raging Bolt|82/100|[from] item: Leftovers
|-heal|p1a: Garganacl|54/100|[from] item: Leftovers
|-damage|p2a: Raging Bolt|70/100|[from] Salt Cure
|upkeep
|turn|8
|
|t:|1779635349
|move|p2a: Raging Bolt|Thunderbolt|p1a: Garganacl
|-damage|p1a: Garganacl|18/100
|move|p1a: Garganacl|Recover|p1a: Garganacl
|-heal|p1a: Garganacl|68/100
|
|-weather|Snowscape|[upkeep]
|-heal|p2a: Raging Bolt|76/100|[from] item: Leftovers
|-heal|p1a: Garganacl|74/100|[from] item: Leftovers
|-damage|p2a: Raging Bolt|63/100|[from] Salt Cure
|upkeep
|turn|9
|
|t:|1779635358
|-end|p2a: Raging Bolt|Protosynthesis|[silent]
|switch|p2a: Iron Treads|Iron Treads|76/100
|-damage|p2a: Iron Treads|73/100|[from] Stealth Rock
|move|p1a: Garganacl|Recover|p1a: Garganacl
|-heal|p1a: Garganacl|100/100
|
|-weather|Snowscape|[upkeep]
|-heal|p2a: Iron Treads|79/100|[from] item: Leftovers
|upkeep
|turn|10
|
|t:|1779635370
|move|p2a: Iron Treads|Iron Head|p1a: Garganacl
|-supereffective|p1a: Garganacl
|-damage|p1a: Garganacl|67/100
|move|p1a: Garganacl|Salt Cure|p2a: Iron Treads
|-resisted|p2a: Iron Treads
|-damage|p2a: Iron Treads|74/100
|-start|p2a: Iron Treads|Salt Cure
|
|-weather|none
|-heal|p2a: Iron Treads|80/100|[from] item: Leftovers
|-heal|p1a: Garganacl|74/100|[from] item: Leftovers
|-damage|p2a: Iron Treads|55/100|[from] Salt Cure
|upkeep
|turn|11
|
|t:|1779635380
|move|p2a: Iron Treads|Rapid Spin|p1a: Garganacl
|-resisted|p1a: Garganacl
|-damage|p1a: Garganacl|70/100
|-boost|p2a: Iron Treads|spe|1
|-sideend|p2: Boliveira|Stealth Rock|[from] move: Rapid Spin|[of] p2a: Iron Treads
|move|p1a: Garganacl|Recover|p1a: Garganacl
|-heal|p1a: Garganacl|100/100
|
|-heal|p2a: Iron Treads|61/100|[from] item: Leftovers
|-damage|p2a: Iron Treads|36/100|[from] Salt Cure
|upkeep
|turn|12
|
|t:|1779635389
|-end|p2a: Iron Treads|Quark Drive|[silent]
|switch|p2a: Kyurem|Kyurem|100/100
|-ability|p2a: Kyurem|Pressure
|move|p1a: Garganacl|Curse|p1a: Garganacl
|-unboost|p1a: Garganacl|spe|1
|-boost|p1a: Garganacl|atk|1
|-boost|p1a: Garganacl|def|1
|
|upkeep
|turn|13
|
|t:|1779635399
|move|p2a: Kyurem|Earth Power|p1a: Garganacl
|-supereffective|p1a: Garganacl
|-damage|p1a: Garganacl|56/100
|move|p1a: Garganacl|Salt Cure|p2a: Kyurem
|-supereffective|p2a: Kyurem
|-damage|p2a: Kyurem|49/100
|-start|p2a: Kyurem|Salt Cure
|
|-heal|p1a: Garganacl|62/100|[from] item: Leftovers
|-damage|p2a: Kyurem|37/100|[from] Salt Cure
|upkeep
|turn|14
|
|t:|1779635421
|switch|p2a: Samurott|Samurott-Hisui, F|100/100
|switch|p1a: Conkeldurr|Conkeldurr, F|94/100 brn
|-damage|p1a: Conkeldurr|88/100 brn|[from] Stealth Rock
|
|-damage|p1a: Conkeldurr|82/100 brn|[from] brn
|upkeep
|turn|15
|
|t:|1779635443
|switch|p2a: Moltres|Moltres|86/100
|move|p1a: Conkeldurr|Defog|p2a: Moltres
|-unboost|p2a: Moltres|evasion|1
|-sideend|p1: redsnow0|Stealth Rock|[from] move: Defog|[of] p1a: Conkeldurr
|
|-damage|p1a: Conkeldurr|76/100 brn|[from] brn
|upkeep
|turn|16
|
|t:|1779635469
|switch|p1a: Zapdos|Zapdos|100/100
|move|p2a: Moltres|U-turn|p1a: Zapdos
|-resisted|p1a: Zapdos
|-damage|p1a: Zapdos|93/100
|
|t:|1779635475
|switch|p2a: Kyurem|Kyurem|37/100|[from] U-turn
|-ability|p2a: Kyurem|Pressure
|
|upkeep
|turn|17
|l|☆Boliveira
|player|p2|
|inactive|Battle timer is ON: inactive players will automatically lose when time's up. (requested by redsnow0)
|inactive|Boliveira has 30 seconds to reconnect!
|inactive|Boliveira has 20 seconds to reconnect!
|inactive|Boliveira has 15 seconds to reconnect!
|inactive|Boliveira has 10 seconds to reconnect!
|inactive|Boliveira has 5 seconds to reconnect!
|-message|Boliveira lost due to inactivity.
|
|win|redsnow0
|raw|redsnow0's rating: 1450 &rarr; <strong>1471</strong><br />(+21 for winning)
|raw|Boliveira's rating: 1468 &rarr; <strong>1447</strong><br />(-21 for losing)
|l|☆redsnow0
|player|p1|
