|j|☆Titanosaurus
|j|☆rockeater9000
|t:|1779643891
|gametype|singles
|player|p1|Titanosaurus|byron|1437
|player|p2|rockeater9000|dawn|1448
|gen|9
|tier|[Gen 9] OU
|rated|
|rule|HP Percentage Mod: HP is shown in percentages
|rule|Endless Battle Clause: Forcing endless battles is banned
|rule|Species Clause: Limit one of each Pokémon
|rule|OHKO Clause: OHKO moves are banned
|rule|Evasion Items Clause: Evasion items are banned
|rule|Evasion Moves Clause: Evasion moves are banned
|rule|Evasion Abilities Clause: Evasion abilities are banned
|rule|Sleep Moves Clause: Sleep-inducing moves are banned
|clearpoke
|poke|p1|Politoed, F|
|poke|p1|Zapdos|
|poke|p1|Clodsire, F|
|poke|p1|Corviknight, M|
|poke|p1|Barraskewda, M|
|poke|p1|Kingambit, M|
|poke|p2|Hydrapple, F|
|poke|p2|Clodsire, M|
|poke|p2|Bronzong|
|poke|p2|Regieleki|
|poke|p2|Pecharunt|
|poke|p2|Walking Wake|
|teampreview
|inactive|Battle timer is ON: inactive players will automatically lose when time's up. (requested by rockeater9000)
|l|☆rockeater9000
|inactive|rockeater9000 disconnected and has a minute to reconnect!
|player|p2|
|j|☆rockeater9000
|inactive|rockeater9000 reconnected and has 130 seconds left.
|player|p2|rockeater9000|dawn|
|inactive|rockeater9000 has 120 seconds left.
|
|t:|1779643928
|teamsize|p1|6
|teamsize|p2|6
|start
|switch|p1a: Politoed|Politoed, F|100/100
|switch|p2a: Bronzong|Bronzong|100/100
|-weather|RainDance|[from] ability: Drizzle|[of] p1a: Politoed
|turn|1
|
|t:|1779643933
|move|p1a: Politoed|Surf|p2a: Bronzong
|-damage|p2a: Bronzong|72/100
|move|p2a: Bronzong|Stealth Rock|p1a: Politoed
|-sidestart|p1: Titanosaurus|move: Stealth Rock
|
|-weather|RainDance|[upkeep]
|-heal|p2a: Bronzong|78/100|[from] item: Leftovers
|upkeep
|turn|2
|
|t:|1779643940
|switch|p2a: Regieleki|Regieleki|100/100
|move|p1a: Politoed|Surf|p2a: Regieleki
|-damage|p2a: Regieleki|12/100
|
|-weather|RainDance|[upkeep]
|upkeep
|turn|3
|
|t:|1779643950
|switch|p2a: Hydrapple|Hydrapple, F|100/100
|switch|p1a: Clodsire|Clodsire, F|100/100
|-damage|p1a: Clodsire|94/100|[from] Stealth Rock
|
|-weather|RainDance|[upkeep]
|-heal|p1a: Clodsire|100/100|[from] item: Leftovers
|upkeep
|turn|4
|
|t:|1779643953
|move|p2a: Hydrapple|Nasty Plot|p2a: Hydrapple
|-boost|p2a: Hydrapple|spa|2
|move|p1a: Clodsire|Toxic|p2a: Hydrapple
|-status|p2a: Hydrapple|tox
|
|-weather|RainDance|[upkeep]
|-damage|p2a: Hydrapple|94/100 tox|[from] psn
|upkeep
|turn|5
|
|t:|1779643958
|switch|p2a: Regieleki|Regieleki|12/100
|switch|p1a: Corviknight|Corviknight, M|100/100
|-damage|p1a: Corviknight|88/100|[from] Stealth Rock
|
|-weather|RainDance|[upkeep]
|upkeep
|turn|6
|
|t:|1779643967
|switch|p2a: Bronzong|Bronzong|78/100
|switch|p1a: Clodsire|Clodsire, F|100/100
|-damage|p1a: Clodsire|94/100|[from] Stealth Rock
|
|-weather|RainDance|[upkeep]
|-heal|p2a: Bronzong|85/100|[from] item: Leftovers
|-heal|p1a: Clodsire|100/100|[from] item: Leftovers
|upkeep
|turn|7
|
|t:|1779643976
|switch|p1a: Corviknight|Corviknight, M|88/100
|-damage|p1a: Corviknight|75/100|[from] Stealth Rock
|move|p2a: Bronzong|Psychic Noise|p1a: Corviknight
|-resisted|p1a: Corviknight
|-damage|p1a: Corviknight|65/100
|-start|p1a: Corviknight|move: Heal Block
|
|-weather|RainDance|[upkeep]
|-heal|p2a: Bronzong|91/100|[from] item: Leftovers
|upkeep
|turn|8
|
|t:|1779643986
|switch|p2a: Regieleki|Regieleki|12/100
|move|p1a: Corviknight|Defog|p2a: Regieleki
|-unboost|p2a: Regieleki|evasion|1
|-sideend|p1: Titanosaurus|Stealth Rock|[from] move: Defog|[of] p1a: Corviknight
|
|-weather|none
|-end|p1a: Corviknight|move: Heal Block
|upkeep
|turn|9
|
|t:|1779643990
|switch|p2a: Bronzong|Bronzong|91/100
|switch|p1a: Clodsire|Clodsire, F|100/100
|
|-heal|p2a: Bronzong|97/100|[from] item: Leftovers
|upkeep
|turn|10
|
|t:|1779644000
|move|p2a: Bronzong|Stealth Rock|p1a: Clodsire
|-sidestart|p1: Titanosaurus|move: Stealth Rock
|move|p1a: Clodsire|Rain Dance|p1a: Clodsire
|-weather|RainDance
|
|-weather|RainDance|[upkeep]
|-heal|p2a: Bronzong|100/100|[from] item: Leftovers
|upkeep
|turn|11
|
|t:|1779644005
|switch|p1a: Barraskewda|Barraskewda, M|100/100
|-damage|p1a: Barraskewda|88/100|[from] Stealth Rock
|move|p2a: Bronzong|Psychic Noise|p1a: Barraskewda
|-damage|p1a: Barraskewda|44/100
|-start|p1a: Barraskewda|move: Heal Block
|
|-weather|RainDance|[upkeep]
|upkeep
|turn|12
|
|t:|1779644013
|switch|p2a: Hydrapple|Hydrapple, F|100/100 tox
|move|p1a: Barraskewda|Crunch|p2a: Hydrapple
|-damage|p2a: Hydrapple|74/100 tox
|-damage|p1a: Barraskewda|28/100|[from] item: Rocky Helmet|[of] p2a: Hydrapple
|
|-weather|RainDance|[upkeep]
|-damage|p2a: Hydrapple|68/100 tox|[from] psn
|-end|p1a: Barraskewda|move: Heal Block
|upkeep
|turn|13
|
|t:|1779644021
|switch|p1a: Corviknight|Corviknight, M|65/100
|-damage|p1a: Corviknight|52/100|[from] Stealth Rock
|move|p2a: Hydrapple|Fickle Beam|p1a: Corviknight
|-resisted|p1a: Corviknight
|-damage|p1a: Corviknight|37/100
|
|-weather|RainDance|[upkeep]
|-damage|p2a: Hydrapple|56/100 tox|[from] psn
|upkeep
|turn|14
|
|t:|1779644027
|switch|p2a: Bronzong|Bronzong|100/100
|move|p1a: Corviknight|Defog|p2a: Bronzong
|-unboost|p2a: Bronzong|evasion|1
|-sideend|p1: Titanosaurus|Stealth Rock|[from] move: Defog|[of] p1a: Corviknight
|
|-weather|none
|upkeep
|turn|15
|
|t:|1779644031
|move|p1a: Corviknight|U-turn|p2a: Bronzong
|-crit|p2a: Bronzong
|-damage|p2a: Bronzong|81/100
|
|t:|1779644035
|switch|p1a: Kingambit|Kingambit, M|100/100|[from] U-turn
|move|p2a: Bronzong|Psychic Noise|p1a: Kingambit
|-immune|p1a: Kingambit
|
|-heal|p2a: Bronzong|87/100|[from] item: Leftovers
|upkeep
|turn|16
|
|t:|1779644039
|switch|p2a: Hydrapple|Hydrapple, F|89/100 tox
|move|p1a: Kingambit|Swords Dance|p1a: Kingambit
|-boost|p1a: Kingambit|atk|2
|
|-damage|p2a: Hydrapple|83/100 tox|[from] psn
|upkeep
|turn|17
|
|t:|1779644046
|switch|p2a: Regieleki|Regieleki|12/100
|move|p1a: Kingambit|Kowtow Cleave|p2a: Regieleki
|-damage|p2a: Regieleki|0 fnt
|faint|p2a: Regieleki
|
|upkeep
|
|t:|1779644049
|switch|p2a: Clodsire|Clodsire, M|100/100
|turn|18
|
|t:|1779644057
|-end|p1a: Kingambit|fallenundefined|[silent]
|switch|p1a: Corviknight|Corviknight, M|37/100
|move|p2a: Clodsire|Earthquake|p1a: Corviknight
|-immune|p1a: Corviknight
|
|upkeep
|turn|19
|
|t:|1779644063
|move|p1a: Corviknight|Roost|p1a: Corviknight
|-heal|p1a: Corviknight|87/100
|-singleturn|p1a: Corviknight|move: Roost
|move|p2a: Clodsire|Spikes|p1a: Corviknight
|-sidestart|p1: Titanosaurus|Spikes
|
|upkeep
|turn|20
|
|t:|1779644068
|switch|p2a: Walking Wake|Walking Wake|100/100
|move|p1a: Corviknight|Defog|p2a: Walking Wake
|-unboost|p2a: Walking Wake|evasion|1
|-sideend|p1: Titanosaurus|Spikes|[from] move: Defog|[of] p1a: Corviknight
|
|upkeep
|turn|21
|
|t:|1779644071
|switch|p1a: Clodsire|Clodsire, F|100/100
|move|p2a: Walking Wake|Flip Turn|p1a: Clodsire
|-immune|p1a: Clodsire|[from] ability: Water Absorb
|
|upkeep
|turn|22
|
|t:|1779644075
|-end|p2a: Walking Wake|Protosynthesis|[silent]
|switch|p2a: Bronzong|Bronzong|87/100
|move|p1a: Clodsire|Earthquake|p2a: Bronzong
|-immune|p2a: Bronzong|[from] ability: Levitate
|
|-heal|p2a: Bronzong|94/100|[from] item: Leftovers
|upkeep
|turn|23
|
|t:|1779644078
|switch|p1a: Kingambit|Kingambit, M|100/100
|move|p2a: Bronzong|Stealth Rock|p1a: Kingambit
|-sidestart|p1: Titanosaurus|move: Stealth Rock
|
|-heal|p2a: Bronzong|99/100|[from] item: Leftovers
|upkeep
|turn|24
|
|t:|1779644081
|move|p1a: Kingambit|Kowtow Cleave|p2a: Bronzong
|-supereffective|p2a: Bronzong
|-damage|p2a: Bronzong|13/100
|move|p2a: Bronzong|Body Press|p1a: Kingambit
|-supereffective|p1a: Kingambit
|-damage|p1a: Kingambit|41/100
|
|-heal|p1a: Kingambit|47/100|[from] item: Leftovers
|-heal|p2a: Bronzong|19/100|[from] item: Leftovers
|upkeep
|turn|25
|
|t:|1779644086
|switch|p2a: Hydrapple|Hydrapple, F|100/100 tox
|move|p1a: Kingambit|Kowtow Cleave|p2a: Hydrapple
|-damage|p2a: Hydrapple|71/100 tox
|-damage|p1a: Kingambit|31/100|[from] item: Rocky Helmet|[of] p2a: Hydrapple
|
|-heal|p1a: Kingambit|37/100|[from] item: Leftovers
|-damage|p2a: Hydrapple|65/100 tox|[from] psn
|upkeep
|turn|26
|
|t:|1779644092
|-end|p1a: Kingambit|fallenundefined|[silent]
|switch|p1a: Corviknight|Corviknight, M|87/100
|-damage|p1a: Corviknight|75/100|[from] Stealth Rock
|switch|p2a: Bronzong|Bronzong|19/100
|
|-heal|p2a: Bronzong|25/100|[from] item: Leftovers
|upkeep
|turn|27
|
|t:|1779644098
|move|p1a: Corviknight|Defog|p2a: Bronzong
|-unboost|p2a: Bronzong|evasion|1
|-sideend|p1: Titanosaurus|Stealth Rock|[from] move: Defog|[of] p1a: Corviknight
|move|p2a: Bronzong|Psychic Noise|p1a: Corviknight
|-resisted|p1a: Corviknight
|-damage|p1a: Corviknight|64/100
|-start|p1a: Corviknight|move: Heal Block
|
|-heal|p2a: Bronzong|32/100|[from] item: Leftovers
|upkeep
|turn|28
|
|t:|1779644103
|move|p1a: Corviknight|U-turn|p2a: Bronzong
|-damage|p2a: Bronzong|19/100
|
|t:|1779644113
|switch|p1a: Zapdos|Zapdos|100/100|[from] U-turn
|move|p2a: Bronzong|Body Press|p1a: Zapdos
|-resisted|p1a: Zapdos
|-damage|p1a: Zapdos|87/100
|
|-heal|p2a: Bronzong|25/100|[from] item: Leftovers
|upkeep
|turn|29
|
|t:|1779644118
|switch|p2a: Clodsire|Clodsire, M|100/100
|move|p1a: Zapdos|Hurricane|p2a: Clodsire
|-damage|p2a: Clodsire|71/100
|-start|p2a: Clodsire|confusion
|
|-heal|p2a: Clodsire|77/100|[from] item: Leftovers
|upkeep
|turn|30
|
|t:|1779644126
|switch|p1a: Politoed|Politoed, F|100/100
|-weather|RainDance|[from] ability: Drizzle|[of] p1a: Politoed
|-activate|p2a: Clodsire|confusion
|-damage|p2a: Clodsire|69/100|[from] confusion
|
|-weather|RainDance|[upkeep]
|-heal|p2a: Clodsire|75/100|[from] item: Leftovers
|upkeep
|turn|31
|
|t:|1779644134
|switch|p2a: Walking Wake|Walking Wake|100/100
|move|p1a: Politoed|Ice Beam|p2a: Walking Wake
|-damage|p2a: Walking Wake|78/100
|
|-weather|RainDance|[upkeep]
|upkeep
|turn|32
|
|t:|1779644138
|move|p2a: Walking Wake|Knock Off|p1a: Politoed
|-damage|p1a: Politoed|82/100
|-enditem|p1a: Politoed|Damp Rock|[from] move: Knock Off|[of] p2a: Walking Wake
|move|p1a: Politoed|Ice Beam|p2a: Walking Wake
|-damage|p2a: Walking Wake|54/100
|
|-weather|RainDance|[upkeep]
|upkeep
|turn|33
|
|t:|1779644141
|move|p2a: Walking Wake|Dragon Pulse|p1a: Politoed
|-damage|p1a: Politoed|56/100
|move|p1a: Politoed|Ice Beam|p2a: Walking Wake
|-damage|p2a: Walking Wake|33/100
|-status|p2a: Walking Wake|frz
|
|-weather|RainDance|[upkeep]
|upkeep
|turn|34
|-message|rockeater9000 forfeited.
|
|win|Titanosaurus
|raw|Titanosaurus's rating: 1437 &rarr; <strong>1458</strong><br />(+21 for winning)
|raw|rockeater9000's rating: 1448 &rarr; <strong>1427</strong><br />(-21 for losing)
|l|☆rockeater9000
|player|p2|
|l|☆Titanosaurus
|player|p1|
