|j|☆asdfdqwer
|j|☆daj2637
|t:|1779609862
|gametype|singles
|player|p1|asdfdqwer|266|1160
|player|p2|daj2637|dawn|1061
|gen|9
|tier|[Gen 9] OU
|rated|
|rule|HP Percentage Mod: HP is shown in percentages
|rule|Endless Battle Clause: Forcing endless battles is banned
|rule|Species Clause: Limit one of each Pokémon
|rule|OHKO Clause: OHKO moves are banned
|rule|Evasion Items Clause: Evasion items are banned
|rule|Evasion Moves Clause: Evasion moves are banned
|rule|Evasion Abilities Clause: Evasion abilities are banned
|rule|Sleep Moves Clause: Sleep-inducing moves are banned
|clearpoke
|poke|p1|Zamazenta-*|
|poke|p1|Iron Hands|
|poke|p1|Ceruledge, F|
|poke|p1|Iron Valiant|
|poke|p1|Deoxys-Speed|
|poke|p1|Glimmora, F|
|poke|p2|Deoxys-Speed|
|poke|p2|Gliscor, F|
|poke|p2|Hatterene, F|
|poke|p2|Ogerpon-Wellspring, F|
|poke|p2|Blaziken, M|
|poke|p2|Iron Hands|
|teampreview
|inactive|Battle timer is ON: inactive players will automatically lose when time's up. (requested by daj2637)
|
|t:|1779609893
|teamsize|p1|6
|teamsize|p2|6
|start
|switch|p1a: Iron Hands|Iron Hands|100/100
|switch|p2a: Deoxys|Deoxys-Speed|100/100
|-ability|p2a: Deoxys|Pressure
|-enditem|p1a: Iron Hands|Booster Energy
|-activate|p1a: Iron Hands|ability: Quark Drive|[fromitem]
|-start|p1a: Iron Hands|quarkdriveatk
|turn|1
|
|t:|1779609920
|move|p2a: Deoxys|Reflect|p2a: Deoxys
|-sidestart|p2: daj2637|Reflect
|move|p1a: Iron Hands|Supercell Slam|p2a: Deoxys
|-crit|p2a: Deoxys
|-damage|p2a: Deoxys|0 fnt
|faint|p2a: Deoxys
|
|upkeep
|
|t:|1779609943
|switch|p2a: Iron Hands|Iron Hands|100/100
|-enditem|p2a: Iron Hands|Booster Energy
|-activate|p2a: Iron Hands|ability: Quark Drive|[fromitem]
|-start|p2a: Iron Hands|quarkdriveatk
|turn|2
|inactive|asdfdqwer has 120 seconds left.
|
|t:|1779609970
|move|p1a: Iron Hands|Close Combat|p2a: Iron Hands
|-crit|p2a: Iron Hands
|-damage|p2a: Iron Hands|0 fnt
|-unboost|p1a: Iron Hands|def|1
|-unboost|p1a: Iron Hands|spd|1
|faint|p2a: Iron Hands
|-end|p2a: Iron Hands|Quark Drive|[silent]
|
|upkeep
|
|t:|1779609986
|switch|p2a: Gliscor|Gliscor, F, shiny|100/100
|turn|3
|
|t:|1779609999
|-terastallize|p2a: Gliscor|Normal
|move|p2a: Gliscor|Earthquake|p1a: Iron Hands
|-supereffective|p1a: Iron Hands
|-damage|p1a: Iron Hands|11/100
|move|p1a: Iron Hands|Ice Punch|p2a: Gliscor
|-damage|p2a: Gliscor|85/100
|
|-status|p2a: Gliscor|tox|[from] item: Toxic Orb
|upkeep
|turn|4
|
|t:|1779610009
|move|p2a: Gliscor|Earthquake|p1a: Iron Hands
|-supereffective|p1a: Iron Hands
|-damage|p1a: Iron Hands|0 fnt
|faint|p1a: Iron Hands
|-end|p1a: Iron Hands|Quark Drive|[silent]
|
|-heal|p2a: Gliscor|97/100 tox|[from] ability: Poison Heal
|upkeep
|inactive|asdfdqwer has 120 seconds left.
|
|t:|1779610026
|switch|p1a: Zamazenta|Zamazenta|100/100
|-ability|p1a: Zamazenta|Dauntless Shield|boost
|-boost|p1a: Zamazenta|def|1
|turn|5
|
|t:|1779610043
|switch|p2a: Hatterene|Hatterene, F, shiny|100/100
|-terastallize|p1a: Zamazenta|Steel
|move|p1a: Zamazenta|Iron Defense|p1a: Zamazenta
|-boost|p1a: Zamazenta|def|2
|
|upkeep
|turn|6
|
|t:|1779610053
|move|p1a: Zamazenta|Heavy Slam|p2a: Hatterene
|-supereffective|p2a: Hatterene
|-damage|p2a: Hatterene|64/100
|move|p2a: Hatterene|Mystical Fire|p1a: Zamazenta
|-supereffective|p1a: Zamazenta
|-damage|p1a: Zamazenta|61/100
|-unboost|p1a: Zamazenta|spa|1
|
|-heal|p1a: Zamazenta|67/100|[from] item: Leftovers
|-heal|p2a: Hatterene|70/100|[from] item: Leftovers
|upkeep
|turn|7
|
|t:|1779610064
|move|p2a: Hatterene|Mystical Fire|p1a: Zamazenta
|-supereffective|p1a: Zamazenta
|-damage|p1a: Zamazenta|24/100
|-unboost|p1a: Zamazenta|spa|1
|move|p1a: Zamazenta|Roar|p2a: Hatterene
|move|p2a: Hatterene|Roar|p1a: Zamazenta|[from] ability: Magic Bounce
|drag|p1a: Ceruledge|Ceruledge, F|100/100
|
|-heal|p2a: Hatterene|76/100|[from] item: Leftovers
|upkeep
|turn|8
|
|t:|1779610082
|switch|p2a: Gliscor|Gliscor, F, shiny, tera:Normal|97/100 tox
|move|p1a: Ceruledge|Swords Dance|p1a: Ceruledge
|-boost|p1a: Ceruledge|atk|2
|
|-heal|p2a: Gliscor|100/100 tox|[from] ability: Poison Heal
|-sideend|p2: daj2637|Reflect
|upkeep
|turn|9
|
|t:|1779610092
|move|p1a: Ceruledge|Bitter Blade|p2a: Gliscor
|-damage|p2a: Gliscor|0 fnt
|faint|p2a: Gliscor
|-damage|p1a: Ceruledge|91/100|[from] item: Life Orb
|
|upkeep
|
|t:|1779610100
|switch|p2a: Ogerpon|Ogerpon-Wellspring, F|100/100
|turn|10
|
|t:|1779610115
|switch|p1a: Zamazenta|Zamazenta, tera:Steel|24/100
|move|p2a: Ogerpon|Ivy Cudgel|p1a: Zamazenta|[anim] Ivy Cudgel Water
|-damage|p1a: Zamazenta|0 fnt
|faint|p1a: Zamazenta
|
|upkeep
|
|t:|1779610122
|switch|p1a: Deoxys|Deoxys-Speed|100/100
|-ability|p1a: Deoxys|Pressure
|turn|11
|
|t:|1779610126
|switch|p2a: Hatterene|Hatterene, F, shiny|76/100
|move|p1a: Deoxys|Reflect|p1a: Deoxys
|-sidestart|p1: asdfdqwer|Reflect
|
|-heal|p2a: Hatterene|82/100|[from] item: Leftovers
|upkeep
|turn|12
|
|t:|1779610137
|move|p1a: Deoxys|Taunt|p2a: Hatterene
|move|p2a: Hatterene|Taunt|p1a: Deoxys|[from] ability: Magic Bounce
|-start|p1a: Deoxys|move: Taunt
|move|p2a: Hatterene|Calm Mind|p2a: Hatterene
|-boost|p2a: Hatterene|spa|1
|-boost|p2a: Hatterene|spd|1
|
|-heal|p2a: Hatterene|88/100|[from] item: Leftovers
|upkeep
|turn|13
|
|t:|1779610145
|switch|p1a: Glimmora|Glimmora, F|100/100
|move|p2a: Hatterene|Calm Mind|p2a: Hatterene
|-boost|p2a: Hatterene|spa|1
|-boost|p2a: Hatterene|spd|1
|
|-heal|p2a: Hatterene|94/100|[from] item: Leftovers
|upkeep
|turn|14
|
|t:|1779610152
|move|p1a: Glimmora|Mortal Spin|p2a: Hatterene
|-supereffective|p2a: Hatterene
|-damage|p2a: Hatterene|84/100
|-status|p2a: Hatterene|psn
|move|p2a: Hatterene|Stored Power|p1a: Glimmora
|-supereffective|p1a: Glimmora
|-damage|p1a: Glimmora|0 fnt
|faint|p1a: Glimmora
|
|-heal|p2a: Hatterene|90/100 psn|[from] item: Leftovers
|-damage|p2a: Hatterene|78/100 psn|[from] psn
|upkeep
|
|t:|1779610161
|switch|p1a: Deoxys|Deoxys-Speed|100/100
|-ability|p1a: Deoxys|Pressure
|turn|15
|
|t:|1779610169
|move|p1a: Deoxys|Light Screen|p1a: Deoxys
|-sidestart|p1: asdfdqwer|move: Light Screen
|move|p2a: Hatterene|Draining Kiss|p1a: Deoxys
|-damage|p1a: Deoxys|74/100
|-heal|p2a: Hatterene|96/100 psn|[from] drain|[of] p1a: Deoxys
|
|-heal|p2a: Hatterene|100/100 psn|[from] item: Leftovers
|-damage|p2a: Hatterene|88/100 psn|[from] psn
|upkeep
|turn|16
|
|t:|1779610177
|move|p2a: Hatterene|Calm Mind|p2a: Hatterene
|-boost|p2a: Hatterene|spa|1
|-boost|p2a: Hatterene|spd|1
|move|p1a: Deoxys|Teleport|p1a: Deoxys
|
|t:|1779610181
|switch|p1a: Ceruledge|Ceruledge, F|91/100|[from] Teleport
|
|-heal|p2a: Hatterene|94/100 psn|[from] item: Leftovers
|-damage|p2a: Hatterene|82/100 psn|[from] psn
|upkeep
|turn|17
|
|t:|1779610187
|move|p1a: Ceruledge|Poltergeist|p2a: Hatterene
|-activate|p2a: Hatterene|move: Poltergeist|Leftovers
|-supereffective|p2a: Hatterene
|-damage|p2a: Hatterene|0 fnt
|faint|p2a: Hatterene
|-damage|p1a: Ceruledge|81/100|[from] item: Life Orb
|
|upkeep
|
|t:|1779610207
|switch|p2a: Ogerpon|Ogerpon-Wellspring, F|100/100
|turn|18
|
|t:|1779610235
|move|p2a: Ogerpon|Swords Dance|p2a: Ogerpon
|-boost|p2a: Ogerpon|atk|2
|move|p1a: Ceruledge|Swords Dance|p1a: Ceruledge
|-boost|p1a: Ceruledge|atk|2
|
|-sideend|p1: asdfdqwer|Reflect
|upkeep
|turn|19
|
|t:|1779610249
|move|p1a: Ceruledge|Shadow Sneak|p2a: Ogerpon
|-damage|p2a: Ogerpon|24/100
|-damage|p1a: Ceruledge|71/100|[from] item: Life Orb
|move|p2a: Ogerpon|Ivy Cudgel|p1a: Ceruledge|[anim] Ivy Cudgel Water
|-supereffective|p1a: Ceruledge
|-damage|p1a: Ceruledge|0 fnt
|faint|p1a: Ceruledge
|
|upkeep
|
|t:|1779610255
|switch|p1a: Deoxys|Deoxys-Speed|74/100
|-ability|p1a: Deoxys|Pressure
|turn|20
|
|t:|1779610266
|move|p1a: Deoxys|Reflect|p1a: Deoxys
|-sidestart|p1: asdfdqwer|Reflect
|move|p2a: Ogerpon|Trailblaze|p1a: Deoxys
|-damage|p1a: Deoxys|36/100
|-boost|p2a: Ogerpon|spe|1
|
|upkeep
|turn|21
|
|t:|1779610279
|move|p2a: Ogerpon|Trailblaze|p1a: Deoxys
|-damage|p1a: Deoxys|0 fnt
|-boost|p2a: Ogerpon|spe|1
|faint|p1a: Deoxys
|
|upkeep
|
|t:|1779610281
|switch|p1a: Iron Valiant|Iron Valiant|100/100
|-enditem|p1a: Iron Valiant|Booster Energy
|-activate|p1a: Iron Valiant|ability: Quark Drive|[fromitem]
|-start|p1a: Iron Valiant|quarkdrivespe
|turn|22
|
|t:|1779610287
|move|p2a: Ogerpon|Ivy Cudgel|p1a: Iron Valiant|[anim] Ivy Cudgel Water
|-damage|p1a: Iron Valiant|19/100
|move|p1a: Iron Valiant|Moonblast|p2a: Ogerpon
|-damage|p2a: Ogerpon|0 fnt
|faint|p2a: Ogerpon
|
|-sideend|p1: asdfdqwer|move: Light Screen
|upkeep
|
|t:|1779610291
|switch|p2a: Blaziken|Blaziken, M, shiny|100/100
|-item|p2a: Blaziken|Air Balloon
|turn|23
|
|t:|1779610297
|move|p2a: Blaziken|Protect|p2a: Blaziken
|-singleturn|p2a: Blaziken|Protect
|move|p1a: Iron Valiant|Moonblast|p2a: Blaziken
|-activate|p2a: Blaziken|move: Protect
|
|-ability|p2a: Blaziken|Speed Boost|boost
|-boost|p2a: Blaziken|spe|1
|upkeep
|turn|24
|
|t:|1779610303
|move|p2a: Blaziken|Protect||[still]
|-fail|p2a: Blaziken
|move|p1a: Iron Valiant|Moonblast|p2a: Blaziken
|-damage|p2a: Blaziken|25/100
|-enditem|p2a: Blaziken|Air Balloon
|
|-ability|p2a: Blaziken|Speed Boost|boost
|-boost|p2a: Blaziken|spe|1
|upkeep
|turn|25
|
|t:|1779610323
|move|p2a: Blaziken|Flare Blitz|p1a: Iron Valiant
|-damage|p1a: Iron Valiant|0 fnt
|faint|p1a: Iron Valiant
|-end|p1a: Iron Valiant|Quark Drive|[silent]
|-damage|p2a: Blaziken|19/100|[from] Recoil
|
|win|daj2637
|raw|asdfdqwer's rating: 1160 &rarr; <strong>1128</strong><br />(-32 for losing)
|raw|daj2637's rating: 1061 &rarr; <strong>1100</strong><br />(+39 for winning)
