|j|☆volkron zz
|j|☆Rapirak
|t:|1779571748
|gametype|singles
|player|p1|volkron zz|266|1190
|player|p2|Rapirak|101|1145
|gen|9
|tier|[Gen 9] OU
|rated|
|rule|HP Percentage Mod: HP is shown in percentages
|rule|Endless Battle Clause: Forcing endless battles is banned
|rule|Species Clause: Limit one of each Pokémon
|rule|OHKO Clause: OHKO moves are banned
|rule|Evasion Items Clause: Evasion items are banned
|rule|Evasion Moves Clause: Evasion moves are banned
|rule|Evasion Abilities Clause: Evasion abilities are banned
|rule|Sleep Moves Clause: Sleep-inducing moves are banned
|clearpoke
|poke|p1|Haxorus, M|
|poke|p1|Iron Moth|
|poke|p1|Latios, M|
|poke|p1|Hatterene, F|
|poke|p1|Slowking-Galar, F|
|poke|p1|Great Tusk|
|poke|p2|Staraptor, M|
|poke|p2|Dragapult, F|
|poke|p2|Garchomp, M|
|poke|p2|Galvantula, F|
|poke|p2|Hoopa-Unbound|
|poke|p2|Glimmora, F|
|teampreview
|inactive|Battle timer is ON: inactive players will automatically lose when time's up. (requested by volkron zz)
|inactive|Rapirak has 120 seconds left.
|inactive|Rapirak has 90 seconds left.
|
|t:|1779571819
|teamsize|p1|6
|teamsize|p2|6
|start
|switch|p1a: Hatterene|Hatterene, F|100/100
|switch|p2a: Galvantula|Galvantula, F|100/100
|turn|1
|
|t:|1779571826
|move|p2a: Galvantula|Bug Buzz|p1a: Hatterene
|-damage|p1a: Hatterene|63/100
|move|p1a: Hatterene|Psychic Noise|p2a: Galvantula
|-damage|p2a: Galvantula|34/100
|-start|p2a: Galvantula|move: Heal Block
|
|upkeep
|turn|2
|
|t:|1779571841
|switch|p2a: Hoopa|Hoopa-Unbound|100/100
|switch|p1a: Slowking|Slowking-Galar, F|100/100
|
|upkeep
|turn|3
|
|t:|1779571845
|switch|p1a: Great Tusk|Great Tusk|100/100
|move|p2a: Hoopa|Hyperspace Fury|p1a: Great Tusk
|-resisted|p1a: Great Tusk
|-damage|p1a: Great Tusk|79/100
|-unboost|p2a: Hoopa|def|1
|
|upkeep
|turn|4
|
|t:|1779571855
|switch|p2a: Staraptor|Staraptor, M|100/100
|move|p1a: Great Tusk|Headlong Rush|p2a: Staraptor
|-immune|p2a: Staraptor
|
|upkeep
|turn|5
|
|t:|1779571870
|-end|p1a: Great Tusk|Protosynthesis|[silent]
|switch|p1a: Slowking|Slowking-Galar, F|100/100
|-terastallize|p2a: Staraptor|Flying
|move|p2a: Staraptor|Brave Bird|p1a: Slowking
|-damage|p1a: Slowking|9/100
|-damage|p2a: Staraptor|62/100|[from] Recoil
|
|upkeep
|turn|6
|
|t:|1779571877
|move|p2a: Staraptor|Brave Bird|p1a: Slowking
|-damage|p1a: Slowking|0 fnt
|faint|p1a: Slowking
|-damage|p2a: Staraptor|59/100|[from] Recoil
|
|upkeep
|
|t:|1779571880
|switch|p1a: Latios|Latios, M|100/100
|turn|7
|
|t:|1779571885
|move|p2a: Staraptor|Brave Bird|p1a: Latios
|-damage|p1a: Latios|0 fnt
|faint|p1a: Latios
|-damage|p2a: Staraptor|27/100|[from] Recoil
|
|upkeep
|
|t:|1779571892
|switch|p1a: Hatterene|Hatterene, F|63/100
|turn|8
|
|t:|1779571895
|move|p2a: Staraptor|Brave Bird|p1a: Hatterene
|-damage|p1a: Hatterene|0 fnt
|-damage|p2a: Staraptor|10/100|[from] item: Rocky Helmet|[of] p1a: Hatterene
|faint|p1a: Hatterene
|-damage|p2a: Staraptor|0 fnt|[from] Recoil
|faint|p2a: Staraptor
|
|upkeep
|
|t:|1779571906
|switch|p2a: Galvantula|Galvantula, F|34/100
|switch|p1a: Haxorus|Haxorus, M|100/100
|-ability|p1a: Haxorus|Mold Breaker
|turn|9
|
|t:|1779571912
|move|p1a: Haxorus|Outrage|p2a: Galvantula
|-damage|p2a: Galvantula|0 fnt
|faint|p2a: Galvantula
|
|upkeep
|
|t:|1779571915
|switch|p2a: Garchomp|Garchomp, M|100/100
|turn|10
|
|t:|1779571921
|switch|p2a: Glimmora|Glimmora, F|100/100
|move|p1a: Haxorus|Outrage|p2a: Glimmora|[from] lockedmove
|-damage|p2a: Glimmora|35/100
|-activate|p2a: Glimmora|ability: Toxic Debris
|-sidestart|p1: volkron zz|move: Toxic Spikes
|-start|p1a: Haxorus|confusion|[fatigue]
|
|upkeep
|turn|11
|
|t:|1779571927
|-terastallize|p1a: Haxorus|Dragon
|-activate|p1a: Haxorus|confusion
|move|p1a: Haxorus|Outrage|p2a: Glimmora
|-damage|p2a: Glimmora|0 fnt
|-activate|p2a: Glimmora|ability: Toxic Debris
|-sidestart|p1: volkron zz|move: Toxic Spikes
|faint|p2a: Glimmora
|
|upkeep
|
|t:|1779571932
|switch|p2a: Dragapult|Dragapult, F|100/100
|turn|12
|
|t:|1779571935
|-activate|p1a: Haxorus|confusion
|move|p1a: Haxorus|Outrage|p2a: Dragapult|[from] lockedmove
|-supereffective|p2a: Dragapult
|-enditem|p2a: Dragapult|Focus Sash
|-damage|p2a: Dragapult|1/100
|move|p2a: Dragapult|Dragon Darts|p1a: Haxorus
|-supereffective|p1a: Haxorus
|-damage|p1a: Haxorus|35/100
|-anim|p2a: Dragapult|Dragon Darts|p1a: Haxorus
|-supereffective|p1a: Haxorus
|-damage|p1a: Haxorus|0 fnt
|faint|p1a: Haxorus
|
|upkeep
|
|t:|1779571956
|switch|p1a: Great Tusk|Great Tusk|79/100
|turn|13
|
|t:|1779571959
|move|p2a: Dragapult|Phantom Force||[still]
|-prepare|p2a: Dragapult|Phantom Force
|move|p1a: Great Tusk|Ice Spinner|p2a: Dragapult|[miss]
|-miss|p1a: Great Tusk|p2a: Dragapult
|
|upkeep
|turn|14
|
|t:|1779571964
|move|p2a: Dragapult|Phantom Force|p1a: Great Tusk|[from] lockedmove
|-damage|p1a: Great Tusk|48/100
|move|p1a: Great Tusk|Ice Spinner|p2a: Dragapult
|-supereffective|p2a: Dragapult
|-damage|p2a: Dragapult|0 fnt
|faint|p2a: Dragapult
|
|upkeep
|
|t:|1779571973
|switch|p2a: Hoopa|Hoopa-Unbound|100/100
|turn|15
|
|t:|1779571976
|move|p1a: Great Tusk|Headlong Rush|p2a: Hoopa
|-enditem|p2a: Hoopa|Focus Sash
|-damage|p2a: Hoopa|1/100
|-unboost|p1a: Great Tusk|def|1
|-unboost|p1a: Great Tusk|spd|1
|move|p2a: Hoopa|Ice Punch|p1a: Great Tusk
|-supereffective|p1a: Great Tusk
|-damage|p1a: Great Tusk|0 fnt
|faint|p1a: Great Tusk
|-end|p1a: Great Tusk|Protosynthesis|[silent]
|-item|p2a: Hoopa|Heavy-Duty Boots|[from] ability: Magician|[of] p1: Great Tusk
|
|upkeep
|
|t:|1779571979
|switch|p1a: Iron Moth|Iron Moth|100/100
|-sideend|p1: volkron zz|move: Toxic Spikes|[of] p1a: Iron Moth
|-enditem|p1a: Iron Moth|Booster Energy
|-activate|p1a: Iron Moth|ability: Quark Drive|[fromitem]
|-start|p1a: Iron Moth|quarkdrivespe
|turn|16
|
|t:|1779571988
|move|p1a: Iron Moth|Fiery Dance|p2a: Hoopa
|-damage|p2a: Hoopa|0 fnt
|-boost|p1a: Iron Moth|spa|1
|faint|p2a: Hoopa
|
|upkeep
|
|t:|1779571990
|switch|p2a: Garchomp|Garchomp, M|100/100
|turn|17
|
|t:|1779571992
|move|p1a: Iron Moth|Dazzling Gleam|p2a: Garchomp
|-supereffective|p2a: Garchomp
|-damage|p2a: Garchomp|16/100
|move|p2a: Garchomp|Earthquake|p1a: Iron Moth
|-supereffective|p1a: Iron Moth
|-damage|p1a: Iron Moth|0 fnt
|faint|p1a: Iron Moth
|-end|p1a: Iron Moth|Quark Drive|[silent]
|
|win|Rapirak
|raw|volkron zz's rating: 1190 &rarr; <strong>1162</strong><br />(-28 for losing)
|raw|Rapirak's rating: 1145 &rarr; <strong>1173</strong><br />(+28 for winning)
|l|☆volkron zz
|player|p1|
