|j|☆Nateg23
|j|☆Tamihig
|t:|1779664930
|gametype|singles
|player|p1|Nateg23|169|1074
|player|p2|Tamihig|169|1067
|gen|9
|tier|[Gen 9] OU
|rated|
|rule|HP Percentage Mod: HP is shown in percentages
|rule|Endless Battle Clause: Forcing endless battles is banned
|rule|Species Clause: Limit one of each Pokémon
|rule|OHKO Clause: OHKO moves are banned
|rule|Evasion Items Clause: Evasion items are banned
|rule|Evasion Moves Clause: Evasion moves are banned
|rule|Evasion Abilities Clause: Evasion abilities are banned
|rule|Sleep Moves Clause: Sleep-inducing moves are banned
|clearpoke
|poke|p1|Mismagius, M|
|poke|p1|Volcanion|
|poke|p1|Dragonite, M|
|poke|p1|Vespiquen, F|
|poke|p1|Ogerpon-Wellspring, F|
|poke|p1|Blaziken, M|
|poke|p2|Hoopa|
|poke|p2|Cinderace, F|
|poke|p2|Mandibuzz, F|
|poke|p2|Kyurem|
|poke|p2|Ting-Lu|
|poke|p2|Manaphy|
|teampreview
|inactive|Battle timer is ON: inactive players will automatically lose when time's up. (requested by Tamihig)
|
|t:|1779664948
|teamsize|p1|6
|teamsize|p2|6
|start
|switch|p1a: Vespiquen|Vespiquen, F|100/100
|switch|p2a: Cinderace|Cinderace, F|100/100
|-ability|p1a: Vespiquen|Unnerve
|turn|1
|
|t:|1779664964
|-terastallize|p1a: Vespiquen|Fire
|move|p2a: Cinderace|Pyro Ball|p1a: Vespiquen
|-resisted|p1a: Vespiquen
|-damage|p1a: Vespiquen|65/100
|move|p1a: Vespiquen|Toxic|p2a: Cinderace
|-status|p2a: Cinderace|tox
|
|-heal|p1a: Vespiquen|71/100|[from] item: Leftovers
|-damage|p2a: Cinderace|95/100 tox|[from] psn
|upkeep
|turn|2
|
|t:|1779664975
|move|p2a: Cinderace|Pyro Ball|p1a: Vespiquen
|-resisted|p1a: Vespiquen
|-damage|p1a: Vespiquen|40/100
|move|p1a: Vespiquen|Roost|p1a: Vespiquen
|-heal|p1a: Vespiquen|90/100
|
|-heal|p1a: Vespiquen|96/100|[from] item: Leftovers
|-damage|p2a: Cinderace|83/100 tox|[from] psn
|upkeep
|turn|3
|
|t:|1779664988
|move|p2a: Cinderace|High Jump Kick|p1a: Vespiquen
|-start|p2a: Cinderace|typechange|Fighting|[from] ability: Libero
|-damage|p1a: Vespiquen|39/100
|move|p1a: Vespiquen|Air Slash|p2a: Cinderace
|-supereffective|p2a: Cinderace
|-damage|p2a: Cinderace|16/100 tox
|
|-heal|p1a: Vespiquen|45/100|[from] item: Leftovers
|-damage|p2a: Cinderace|0 fnt|[from] psn
|faint|p2a: Cinderace
|upkeep
|
|t:|1779664989
|switch|p2a: Manaphy|Manaphy|100/100
|turn|4
|
|t:|1779665005
|move|p1a: Vespiquen|Protect|p1a: Vespiquen
|-singleturn|p1a: Vespiquen|Protect
|move|p2a: Manaphy|Scald|p1a: Vespiquen
|-activate|p1a: Vespiquen|move: Protect
|
|-heal|p1a: Vespiquen|51/100|[from] item: Leftovers
|upkeep
|turn|5
|
|t:|1779665016
|switch|p1a: Ogerpon|Ogerpon-Wellspring, F|100/100
|move|p2a: Manaphy|Scald|p1a: Ogerpon
|-immune|p1a: Ogerpon|[from] ability: Water Absorb
|
|upkeep
|turn|6
|
|t:|1779665025
|switch|p2a: Kyurem|Kyurem|100/100
|-ability|p2a: Kyurem|Pressure
|move|p1a: Ogerpon|Swords Dance|p1a: Ogerpon
|-boost|p1a: Ogerpon|atk|2
|
|upkeep
|turn|7
|
|t:|1779665033
|move|p2a: Kyurem|Ice Beam|p1a: Ogerpon
|-damage|p1a: Ogerpon|47/100
|move|p1a: Ogerpon|Ivy Cudgel|p2a: Kyurem|[anim] Ivy Cudgel Water
|-resisted|p2a: Kyurem
|-damage|p2a: Kyurem|49/100
|
|upkeep
|turn|8
|
|t:|1779665057
|switch|p1a: Volcanion|Volcanion|100/100
|move|p2a: Kyurem|Ice Beam|p1a: Volcanion
|-resisted|p1a: Volcanion
|-damage|p1a: Volcanion|87/100
|
|-heal|p1a: Volcanion|93/100|[from] item: Leftovers
|upkeep
|turn|9
|
|t:|1779665068
|switch|p2a: Manaphy|Manaphy|100/100
|move|p1a: Volcanion|Will-O-Wisp|p2a: Manaphy|[miss]
|-miss|p1a: Volcanion|p2a: Manaphy
|
|-heal|p1a: Volcanion|99/100|[from] item: Leftovers
|upkeep
|turn|10
|
|t:|1779665076
|switch|p2a: Kyurem|Kyurem|49/100
|-ability|p2a: Kyurem|Pressure
|move|p1a: Volcanion|Will-O-Wisp|p2a: Kyurem
|-status|p2a: Kyurem|brn
|
|-heal|p1a: Volcanion|100/100|[from] item: Leftovers
|-damage|p2a: Kyurem|43/100 brn|[from] brn
|upkeep
|turn|11
|
|t:|1779665088
|move|p2a: Kyurem|Earth Power|p1a: Volcanion
|-supereffective|p1a: Volcanion
|-damage|p1a: Volcanion|27/100
|move|p1a: Volcanion|Fire Spin|p2a: Kyurem
|-damage|p2a: Kyurem|26/100 brn
|-activate|p2a: Kyurem|move: Fire Spin|[of] p1a: Volcanion
|
|-heal|p1a: Volcanion|33/100|[from] item: Leftovers
|-damage|p2a: Kyurem|19/100 brn|[from] brn
|-damage|p2a: Kyurem|7/100 brn|[from] move: Fire Spin|[partiallytrapped]
|upkeep
|turn|12
|
|t:|1779665103
|switch|p1a: Dragonite|Dragonite, M|100/100
|move|p2a: Kyurem|Earth Power|p1a: Dragonite
|-immune|p1a: Dragonite
|
|-damage|p2a: Kyurem|1/100 brn|[from] brn
|-end|p2a: Kyurem|Fire Spin|[partiallytrapped]|[silent]
|upkeep
|turn|13
|
|t:|1779665111
|switch|p2a: Manaphy|Manaphy|100/100
|move|p1a: Dragonite|Dragon Dance|p1a: Dragonite
|-boost|p1a: Dragonite|atk|1
|-boost|p1a: Dragonite|spe|1
|
|upkeep
|turn|14
|
|t:|1779665119
|switch|p2a: Kyurem|Kyurem|1/100 brn
|-ability|p2a: Kyurem|Pressure
|move|p1a: Dragonite|Outrage|p2a: Kyurem
|-supereffective|p2a: Kyurem
|-damage|p2a: Kyurem|0 fnt
|faint|p2a: Kyurem
|
|upkeep
|
|t:|1779665120
|switch|p2a: Manaphy|Manaphy|100/100
|turn|15
|
|t:|1779665131
|switch|p2a: Ting-Lu|Ting-Lu|100/100
|-ability|p2a: Ting-Lu|Vessel of Ruin
|move|p1a: Dragonite|Outrage|p2a: Ting-Lu|[from] lockedmove
|-damage|p2a: Ting-Lu|37/100
|-start|p1a: Dragonite|confusion|[fatigue]
|
|upkeep
|turn|16
|
|t:|1779665141
|-activate|p1a: Dragonite|confusion
|-damage|p1a: Dragonite|81/100|[from] confusion
|move|p2a: Ting-Lu|Stone Edge|p1a: Dragonite
|-supereffective|p1a: Dragonite
|-crit|p1a: Dragonite
|-damage|p1a: Dragonite|0 fnt
|faint|p1a: Dragonite
|
|upkeep
|
|t:|1779665152
|switch|p1a: Ogerpon|Ogerpon-Wellspring, F|47/100
|turn|17
|
|t:|1779665155
|switch|p2a: Manaphy|Manaphy|100/100
|move|p1a: Ogerpon|Power Whip|p2a: Manaphy
|-supereffective|p2a: Manaphy
|-damage|p2a: Manaphy|0 fnt
|faint|p2a: Manaphy
|
|upkeep
|
|t:|1779665156
|switch|p2a: Ting-Lu|Ting-Lu|37/100
|-ability|p2a: Ting-Lu|Vessel of Ruin
|turn|18
|
|t:|1779665167
|move|p1a: Ogerpon|Ivy Cudgel|p2a: Ting-Lu|[anim] Ivy Cudgel Water
|-supereffective|p2a: Ting-Lu
|-damage|p2a: Ting-Lu|0 fnt
|faint|p2a: Ting-Lu
|
|upkeep
|
|t:|1779665167
|switch|p2a: Hoopa|Hoopa|100/100
|turn|19
|
|t:|1779665177
|move|p1a: Ogerpon|Ivy Cudgel|p2a: Hoopa|[anim] Ivy Cudgel Water
|-damage|p2a: Hoopa|9/100
|-enditem|p2a: Hoopa|Aguav Berry|[eat]
|-heal|p2a: Hoopa|42/100|[from] item: Aguav Berry
|move|p2a: Hoopa|Shadow Ball|p1a: Ogerpon
|-damage|p1a: Ogerpon|0 fnt
|faint|p1a: Ogerpon
|
|upkeep
|
|t:|1779665191
|switch|p1a: Mismagius|Mismagius, M|100/100
|turn|20
|
|t:|1779665196
|move|p1a: Mismagius|Shadow Ball|p2a: Hoopa
|-supereffective|p2a: Hoopa
|-damage|p2a: Hoopa|0 fnt
|faint|p2a: Hoopa
|
|upkeep
|
|t:|1779665197
|switch|p2a: Mandibuzz|Mandibuzz, F, shiny|100/100
|turn|21
|
|t:|1779665213
|move|p1a: Mismagius|Dark Pulse|p2a: Mandibuzz
|-resisted|p2a: Mandibuzz
|-damage|p2a: Mandibuzz|89/100
|move|p2a: Mandibuzz|Foul Play|p1a: Mismagius
|-supereffective|p1a: Mismagius
|-damage|p1a: Mismagius|42/100
|
|upkeep
|turn|22
|
|t:|1779665220
|move|p1a: Mismagius|Shadow Ball|p2a: Mandibuzz
|-resisted|p2a: Mandibuzz
|-damage|p2a: Mandibuzz|75/100
|move|p2a: Mandibuzz|Foul Play|p1a: Mismagius
|-supereffective|p1a: Mismagius
|-damage|p1a: Mismagius|0 fnt
|faint|p1a: Mismagius
|
|upkeep
|
|t:|1779665229
|switch|p1a: Vespiquen|Vespiquen, F, tera:Fire|51/100
|-ability|p1a: Vespiquen|Unnerve
|turn|23
|
|t:|1779665238
|move|p2a: Mandibuzz|Toxic|p1a: Vespiquen
|-status|p1a: Vespiquen|tox
|move|p1a: Vespiquen|Toxic|p2a: Mandibuzz
|-status|p2a: Mandibuzz|tox
|
|-heal|p1a: Vespiquen|57/100 tox|[from] item: Leftovers
|-damage|p2a: Mandibuzz|69/100 tox|[from] psn
|-damage|p1a: Vespiquen|51/100 tox|[from] psn
|upkeep
|turn|24
|
|t:|1779665249
|move|p1a: Vespiquen|Protect|p1a: Vespiquen
|-singleturn|p1a: Vespiquen|Protect
|move|p2a: Mandibuzz|Foul Play|p1a: Vespiquen
|-activate|p1a: Vespiquen|move: Protect
|
|-heal|p1a: Vespiquen|57/100 tox|[from] item: Leftovers
|-damage|p2a: Mandibuzz|57/100 tox|[from] psn
|-damage|p1a: Vespiquen|45/100 tox|[from] psn
|upkeep
|turn|25
|
|t:|1779665259
|move|p2a: Mandibuzz|Foul Play|p1a: Vespiquen
|-damage|p1a: Vespiquen|23/100 tox
|move|p1a: Vespiquen|Roost|p1a: Vespiquen
|-heal|p1a: Vespiquen|73/100 tox
|
|-heal|p1a: Vespiquen|79/100 tox|[from] item: Leftovers
|-damage|p2a: Mandibuzz|39/100 tox|[from] psn
|-damage|p1a: Vespiquen|61/100 tox|[from] psn
|upkeep
|turn|26
|
|t:|1779665269
|move|p2a: Mandibuzz|Roost|p2a: Mandibuzz
|-heal|p2a: Mandibuzz|89/100 tox
|-singleturn|p2a: Mandibuzz|move: Roost
|move|p1a: Vespiquen|Roost|p1a: Vespiquen
|-heal|p1a: Vespiquen|100/100 tox
|
|-damage|p2a: Mandibuzz|65/100 tox|[from] psn
|-damage|p1a: Vespiquen|76/100 tox|[from] psn
|upkeep
|turn|27
|
|t:|1779665279
|move|p2a: Mandibuzz|Foul Play|p1a: Vespiquen
|-damage|p1a: Vespiquen|55/100 tox
|move|p1a: Vespiquen|Air Slash|p2a: Mandibuzz
|-damage|p2a: Mandibuzz|46/100 tox
|
|-heal|p1a: Vespiquen|61/100 tox|[from] item: Leftovers
|-damage|p2a: Mandibuzz|16/100 tox|[from] psn
|-damage|p1a: Vespiquen|31/100 tox|[from] psn
|upkeep
|turn|28
|
|t:|1779665288
|move|p2a: Mandibuzz|Foul Play|p1a: Vespiquen
|-damage|p1a: Vespiquen|9/100 tox
|move|p1a: Vespiquen|Roost|p1a: Vespiquen
|-heal|p1a: Vespiquen|59/100 tox
|
|-heal|p1a: Vespiquen|65/100 tox|[from] item: Leftovers
|-damage|p2a: Mandibuzz|0 fnt|[from] psn
|faint|p2a: Mandibuzz
|
|win|Nateg23
|raw|Nateg23's rating: 1074 &rarr; <strong>1102</strong><br />(+28 for winning)
|raw|Tamihig's rating: 1067 &rarr; <strong>1047</strong><br />(-20 for losing)
|l|☆Tamihig
|player|p2|
|l|☆Nateg23
|player|p1|
