|j|☆PowPowP0WER
|j|☆yoki
|t:|1779698173
|gametype|singles
|player|p1|PowPowP0WER|pokemonbreederf-gen4|1482
|player|p2|yoki|2|1522
|gen|9
|tier|[Gen 9] OU
|rated|
|rule|HP Percentage Mod: HP is shown in percentages
|rule|Endless Battle Clause: Forcing endless battles is banned
|rule|Species Clause: Limit one of each Pokémon
|rule|OHKO Clause: OHKO moves are banned
|rule|Evasion Items Clause: Evasion items are banned
|rule|Evasion Moves Clause: Evasion moves are banned
|rule|Evasion Abilities Clause: Evasion abilities are banned
|rule|Sleep Moves Clause: Sleep-inducing moves are banned
|clearpoke
|poke|p1|Rillaboom, F|
|poke|p1|Incineroar, M|
|poke|p1|Hawlucha, F|
|poke|p1|Iron Hands|
|poke|p1|Hoopa-Unbound|
|poke|p1|Quaquaval, F|
|poke|p2|Slowking-Galar, M|
|poke|p2|Great Tusk|
|poke|p2|Kyurem|
|poke|p2|Darkrai|
|poke|p2|Samurott-Hisui, F|
|poke|p2|Zapdos|
|teampreview
|
|t:|1779698184
|teamsize|p1|6
|teamsize|p2|6
|start
|switch|p1a: Quaquaval|Quaquaval, F|100/100
|switch|p2a: Zapdos|Zapdos, shiny|100/100
|turn|1
|
|t:|1779698211
|switch|p1a: Incineroar|Incineroar, M|100/100
|-ability|p1a: Incineroar|Intimidate|boost
|-unboost|p2a: Zapdos|atk|1
|move|p2a: Zapdos|Volt Switch|p1a: Incineroar
|-damage|p1a: Incineroar|72/100
|
|t:|1779698217
|switch|p2a: Great Tusk|Great Tusk|100/100|[from] Volt Switch
|
|-heal|p1a: Incineroar|78/100|[from] item: Leftovers
|upkeep
|turn|2
|
|t:|1779698222
|move|p2a: Great Tusk|Close Combat|p1a: Incineroar
|-supereffective|p1a: Incineroar
|-damage|p1a: Incineroar|0 fnt
|-unboost|p2a: Great Tusk|def|1
|-unboost|p2a: Great Tusk|spd|1
|faint|p1a: Incineroar
|
|upkeep
|
|t:|1779698224
|switch|p1a: Rillaboom|Rillaboom, F|100/100
|-fieldstart|move: Grassy Terrain|[from] ability: Grassy Surge|[of] p1a: Rillaboom
|turn|3
|
|t:|1779698227
|-end|p2a: Great Tusk|Protosynthesis|[silent]
|switch|p2a: Zapdos|Zapdos, shiny|100/100
|move|p1a: Rillaboom|Wood Hammer|p2a: Zapdos
|-resisted|p2a: Zapdos
|-damage|p2a: Zapdos|55/100
|-damage|p1a: Rillaboom|85/100|[from] Recoil
|
|-heal|p1a: Rillaboom|91/100|[from] Grassy Terrain
|upkeep
|turn|4
|
|t:|1779698230
|switch|p1a: Hoopa|Hoopa-Unbound|100/100
|move|p2a: Zapdos|Hurricane|p1a: Hoopa
|-damage|p1a: Hoopa|79/100
|-start|p1a: Hoopa|confusion
|
|-heal|p1a: Hoopa|85/100|[from] Grassy Terrain
|upkeep
|turn|5
|
|t:|1779698235
|move|p2a: Zapdos|Volt Switch|p1a: Hoopa
|-damage|p1a: Hoopa|71/100
|
|t:|1779698239
|switch|p2a: Samurott|Samurott-Hisui, F|100/100|[from] Volt Switch
|-activate|p1a: Hoopa|confusion
|move|p1a: Hoopa|Thunderbolt|p2a: Samurott
|-supereffective|p2a: Samurott
|-damage|p2a: Samurott|46/100
|
|-heal|p2a: Samurott|53/100|[from] Grassy Terrain
|-heal|p1a: Hoopa|77/100|[from] Grassy Terrain
|upkeep
|turn|6
|
|t:|1779698247
|-terastallize|p2a: Samurott|Poison
|move|p2a: Samurott|Ceaseless Edge|p1a: Hoopa
|-damage|p1a: Hoopa|18/100
|-sidestart|p1: PowPowP0WER|Spikes
|-activate|p1a: Hoopa|confusion
|move|p1a: Hoopa|Drain Punch|p2a: Samurott
|-resisted|p2a: Samurott
|-crit|p2a: Samurott
|-damage|p2a: Samurott|30/100
|-heal|p1a: Hoopa|28/100|[from] drain|[of] p2a: Samurott
|
|-heal|p2a: Samurott|37/100|[from] Grassy Terrain
|-heal|p1a: Hoopa|34/100|[from] Grassy Terrain
|upkeep
|turn|7
|
|t:|1779698254
|move|p2a: Samurott|Ceaseless Edge|p1a: Hoopa|[miss]
|-miss|p2a: Samurott|p1a: Hoopa
|-end|p1a: Hoopa|confusion
|move|p1a: Hoopa|Psychic Noise|p2a: Samurott
|-supereffective|p2a: Samurott
|-damage|p2a: Samurott|0 fnt
|faint|p2a: Samurott
|
|-heal|p1a: Hoopa|40/100|[from] Grassy Terrain
|-fieldend|move: Grassy Terrain
|upkeep
|
|t:|1779698259
|switch|p2a: Great Tusk|Great Tusk|100/100
|turn|8
|
|t:|1779698263
|move|p2a: Great Tusk|Close Combat|p1a: Hoopa
|-damage|p1a: Hoopa|0 fnt
|-unboost|p2a: Great Tusk|def|1
|-unboost|p2a: Great Tusk|spd|1
|faint|p1a: Hoopa
|
|upkeep
|
|t:|1779698264
|switch|p1a: Quaquaval|Quaquaval, F|100/100
|turn|9
|
|t:|1779698290
|-end|p2a: Great Tusk|Protosynthesis|[silent]
|switch|p2a: Zapdos|Zapdos, shiny|55/100
|move|p1a: Quaquaval|Aqua Step|p2a: Zapdos
|-damage|p2a: Zapdos|25/100
|-boost|p1a: Quaquaval|spe|1
|
|upkeep
|turn|10
|
|t:|1779698297
|switch|p2a: Slowking|Slowking-Galar, M|100/100
|move|p1a: Quaquaval|Aqua Step|p2a: Slowking
|-crit|p2a: Slowking
|-damage|p2a: Slowking|42/100
|-boost|p1a: Quaquaval|spe|1
|
|upkeep
|turn|11
|
|t:|1779698306
|switch|p2a: Kyurem|Kyurem|100/100
|-ability|p2a: Kyurem|Pressure
|move|p1a: Quaquaval|Rapid Spin|p2a: Kyurem
|-damage|p2a: Kyurem|85/100
|-boost|p1a: Quaquaval|spe|1
|-sideend|p1: PowPowP0WER|Spikes|[from] move: Rapid Spin|[of] p1a: Quaquaval
|
|upkeep
|turn|12
|
|t:|1779698313
|move|p1a: Quaquaval|Triple Axel|p2a: Kyurem
|-damage|p2a: Kyurem|78/100
|-damage|p2a: Kyurem|65/100
|-damage|p2a: Kyurem|45/100
|-hitcount|p2a: Kyurem|3
|move|p2a: Kyurem|Freeze-Dry|p1a: Quaquaval
|-supereffective|p1a: Quaquaval
|-damage|p1a: Quaquaval|0 fnt
|faint|p1a: Quaquaval
|
|upkeep
|
|t:|1779698321
|switch|p1a: Iron Hands|Iron Hands|100/100
|-enditem|p1a: Iron Hands|Booster Energy
|-activate|p1a: Iron Hands|ability: Quark Drive|[fromitem]
|-start|p1a: Iron Hands|quarkdriveatk
|turn|13
|
|t:|1779698328
|move|p2a: Kyurem|Freeze-Dry|p1a: Iron Hands
|-damage|p1a: Iron Hands|52/100
|move|p1a: Iron Hands|Ice Punch|p2a: Kyurem
|-damage|p2a: Kyurem|9/100
|
|upkeep
|turn|14
|
|t:|1779698331
|move|p2a: Kyurem|Freeze-Dry|p1a: Iron Hands
|-damage|p1a: Iron Hands|8/100
|move|p1a: Iron Hands|Ice Punch|p2a: Kyurem
|-damage|p2a: Kyurem|0 fnt
|faint|p2a: Kyurem
|
|upkeep
|
|t:|1779698337
|switch|p2a: Great Tusk|Great Tusk|100/100
|turn|15
|
|t:|1779698339
|move|p2a: Great Tusk|Rapid Spin|p1a: Iron Hands
|-damage|p1a: Iron Hands|0 fnt
|-boost|p2a: Great Tusk|spe|1
|faint|p1a: Iron Hands
|-end|p1a: Iron Hands|Quark Drive|[silent]
|
|upkeep
|
|t:|1779698342
|switch|p1a: Rillaboom|Rillaboom, F|91/100
|-fieldstart|move: Grassy Terrain|[from] ability: Grassy Surge|[of] p1a: Rillaboom
|turn|16
|
|t:|1779698369
|-end|p2a: Great Tusk|Protosynthesis|[silent]
|switch|p2a: Zapdos|Zapdos, shiny|25/100
|move|p1a: Rillaboom|Wood Hammer|p2a: Zapdos
|-resisted|p2a: Zapdos
|-damage|p2a: Zapdos|0 fnt
|faint|p2a: Zapdos
|-damage|p1a: Rillaboom|82/100|[from] Recoil
|
|-heal|p1a: Rillaboom|89/100|[from] Grassy Terrain
|upkeep
|
|t:|1779698381
|switch|p2a: Great Tusk|Great Tusk|100/100
|turn|17
|
|t:|1779698390
|move|p2a: Great Tusk|Ice Spinner|p1a: Rillaboom
|-supereffective|p1a: Rillaboom
|-damage|p1a: Rillaboom|31/100
|-fieldend|move: Grassy Terrain
|move|p1a: Rillaboom|Wood Hammer|p2a: Great Tusk
|-supereffective|p2a: Great Tusk
|-damage|p2a: Great Tusk|0 fnt
|faint|p2a: Great Tusk
|-end|p2a: Great Tusk|Protosynthesis|[silent]
|-damage|p1a: Rillaboom|0 fnt|[from] Recoil
|faint|p1a: Rillaboom
|
|upkeep
|
|t:|1779698401
|switch|p2a: Slowking|Slowking-Galar, M|75/100
|switch|p1a: Hawlucha|Hawlucha, F|100/100
|turn|18
|
|t:|1779698411
|-terastallize|p1a: Hawlucha|Flying
|move|p1a: Hawlucha|Swords Dance|p1a: Hawlucha
|-boost|p1a: Hawlucha|atk|2
|move|p2a: Slowking|Thunder Wave|p1a: Hawlucha
|-status|p1a: Hawlucha|par
|
|upkeep
|turn|19
|
|t:|1779698417
|move|p1a: Hawlucha|Encore|p2a: Slowking
|-start|p2a: Slowking|Encore
|move|p2a: Slowking|Thunder Wave|p1a: Hawlucha
|-fail|p1a: Hawlucha|par
|
|upkeep
|turn|20
|
|t:|1779698423
|switch|p2a: Darkrai|Darkrai|100/100
|move|p1a: Hawlucha|Acrobatics|p2a: Darkrai
|-damage|p2a: Darkrai|11/100
|
|upkeep
|turn|21
|
|t:|1779698425
|move|p2a: Darkrai|Ice Beam|p1a: Hawlucha
|-supereffective|p1a: Hawlucha
|-damage|p1a: Hawlucha|10/100 par
|move|p1a: Hawlucha|Acrobatics|p2a: Darkrai
|-damage|p2a: Darkrai|0 fnt
|faint|p2a: Darkrai
|
|upkeep
|
|t:|1779698428
|switch|p2a: Slowking|Slowking-Galar, M|100/100
|turn|22
|
|t:|1779698429
|move|p1a: Hawlucha|Acrobatics|p2a: Slowking
|-damage|p2a: Slowking|29/100
|move|p2a: Slowking|Sludge Bomb|p1a: Hawlucha
|-damage|p1a: Hawlucha|0 fnt
|faint|p1a: Hawlucha
|
|win|yoki
|raw|PowPowP0WER's rating: 1482 &rarr; <strong>1464</strong><br />(-18 for losing)
|raw|yoki's rating: 1522 &rarr; <strong>1540</strong><br />(+18 for winning)
|l|☆yoki
|player|p2|
|l|☆PowPowP0WER
|player|p1|
