|j|☆tcloud
|j|☆claclabar6
|t:|1779685889
|gametype|singles
|player|p1|tcloud|fisherman-gen4|1325
|player|p2|claclabar6|zinzolin|1373
|gen|9
|tier|[Gen 9] OU
|rated|
|rule|HP Percentage Mod: HP is shown in percentages
|rule|Endless Battle Clause: Forcing endless battles is banned
|rule|Species Clause: Limit one of each Pokémon
|rule|OHKO Clause: OHKO moves are banned
|rule|Evasion Items Clause: Evasion items are banned
|rule|Evasion Moves Clause: Evasion moves are banned
|rule|Evasion Abilities Clause: Evasion abilities are banned
|rule|Sleep Moves Clause: Sleep-inducing moves are banned
|clearpoke
|poke|p1|Gliscor, F|
|poke|p1|Heatran, F|
|poke|p1|Sinistcha|
|poke|p1|Corviknight, F|
|poke|p1|Tentacruel, M|
|poke|p1|Darkrai|
|poke|p2|Ninetales-Alola, F|
|poke|p2|Kyurem|
|poke|p2|Moltres-Galar|
|poke|p2|Ogerpon-Wellspring, F|
|poke|p2|Glimmora, F|
|poke|p2|Blaziken, F|
|teampreview
|inactive|Battle timer is ON: inactive players will automatically lose when time's up. (requested by claclabar6)
|
|t:|1779685899
|teamsize|p1|6
|teamsize|p2|6
|start
|switch|p1a: Gliskibidi|Gliscor, F|100/100
|switch|p2a: Glimmora|Glimmora, F|100/100
|turn|1
|
|t:|1779685908
|move|p2a: Glimmora|Stealth Rock|p1a: Gliskibidi
|-sidestart|p1: tcloud|move: Stealth Rock
|move|p1a: Gliskibidi|Earthquake|p2a: Glimmora
|-supereffective|p2a: Glimmora
|-enditem|p2a: Glimmora|Focus Sash
|-damage|p2a: Glimmora|1/100
|
|-status|p1a: Gliskibidi|tox|[from] item: Toxic Orb
|upkeep
|turn|2
|
|t:|1779685916
|switch|p2a: Moltres|Moltres-Galar|100/100
|move|p1a: Gliskibidi|Knock Off|p2a: Moltres
|-resisted|p2a: Moltres
|-damage|p2a: Moltres|88/100
|-enditem|p2a: Moltres|Sitrus Berry|[from] move: Knock Off|[of] p1a: Gliskibidi
|
|upkeep
|turn|3
|
|t:|1779685919
|move|p2a: Moltres|Agility|p2a: Moltres
|-boost|p2a: Moltres|spe|2
|move|p1a: Gliskibidi|Spikes|p2a: Moltres
|-sidestart|p2: claclabar6|Spikes
|
|upkeep
|turn|4
|
|t:|1779685933
|switch|p1a: Hephaepstein|Heatran, F|100/100
|-damage|p1a: Hephaepstein|88/100|[from] Stealth Rock
|move|p2a: Moltres|Nasty Plot|p2a: Moltres
|-boost|p2a: Moltres|spa|2
|
|-heal|p1a: Hephaepstein|94/100|[from] item: Leftovers
|upkeep
|turn|5
|
|t:|1779685939
|move|p2a: Moltres|Nasty Plot|p2a: Moltres
|-boost|p2a: Moltres|spa|2
|move|p1a: Hephaepstein|Magma Storm|p2a: Moltres
|-damage|p2a: Moltres|47/100
|-activate|p2a: Moltres|move: Magma Storm|[of] p1a: Hephaepstein
|-ability|p2a: Moltres|Berserk|boost
|-boost|p2a: Moltres|spa|1
|
|-heal|p1a: Hephaepstein|100/100|[from] item: Leftovers
|-damage|p2a: Moltres|35/100|[from] move: Magma Storm|[partiallytrapped]
|upkeep
|turn|6
|
|t:|1779685950
|move|p2a: Moltres|Fiery Wrath|p1a: Hephaepstein
|-damage|p1a: Hephaepstein|3/100
|move|p1a: Hephaepstein|Magma Storm|p2a: Moltres
|-damage|p2a: Moltres|0 fnt
|faint|p2a: Moltres
|
|-heal|p1a: Hephaepstein|9/100|[from] item: Leftovers
|upkeep
|
|t:|1779685961
|switch|p2a: Ogerpon|Ogerpon-Wellspring, F|100/100
|-damage|p2a: Ogerpon|88/100|[from] Spikes
|turn|7
|
|t:|1779685965
|switch|p1a: The Squiddler|Tentacruel, M, shiny|100/100
|move|p2a: Ogerpon|Swords Dance|p2a: Ogerpon
|-boost|p2a: Ogerpon|atk|2
|
|upkeep
|turn|8
|
|t:|1779685970
|-terastallize|p2a: Ogerpon|Water
|detailschange|p2a: Ogerpon|Ogerpon-Wellspring-Tera, F, tera:Water
|-ability|p2a: Ogerpon|Embody Aspect (Wellspring)|boost
|-boost|p2a: Ogerpon|spd|1
|move|p2a: Ogerpon|Trailblaze|p1a: The Squiddler
|-damage|p1a: The Squiddler|11/100
|-boost|p2a: Ogerpon|spe|1
|move|p1a: The Squiddler|Rapid Spin|p2a: Ogerpon
|-damage|p2a: Ogerpon|79/100
|-boost|p1a: The Squiddler|spe|1
|-sideend|p1: tcloud|Stealth Rock|[from] move: Rapid Spin|[of] p1a: The Squiddler
|
|upkeep
|turn|9
|
|t:|1779685982
|move|p2a: Ogerpon|Trailblaze|p1a: The Squiddler
|-damage|p1a: The Squiddler|0 fnt
|-boost|p2a: Ogerpon|spe|1
|faint|p1a: The Squiddler
|
|upkeep
|
|t:|1779685985
|switch|p1a: Charlie Kirsch|Sinistcha|100/100
|turn|10
|
|t:|1779685989
|move|p2a: Ogerpon|Play Rough|p1a: Charlie Kirsch
|-damage|p1a: Charlie Kirsch|49/100
|move|p1a: Charlie Kirsch|Matcha Gotcha|p2a: Ogerpon
|-supereffective|p2a: Ogerpon
|-damage|p2a: Ogerpon|31/100
|-heal|p1a: Charlie Kirsch|70/100|[from] drain|[of] p2a: Ogerpon
|-status|p2a: Ogerpon|brn
|
|-damage|p2a: Ogerpon|25/100 brn|[from] brn
|upkeep
|turn|11
|-message|claclabar6 forfeited.
|
|win|tcloud
|raw|tcloud's rating: 1325 &rarr; <strong>1348</strong><br />(+23 for winning)
|raw|claclabar6's rating: 1373 &rarr; <strong>1350</strong><br />(-23 for losing)
|l|☆claclabar6
|player|p2|
