|j|☆siddhy2007
|j|☆pontinhu
|t:|1779671110
|gametype|singles
|player|p1|siddhy2007|266|1383
|player|p2|pontinhu|plasmagrunt-gen5bw|1340
|gen|9
|tier|[Gen 9] OU
|rated|
|rule|HP Percentage Mod: HP is shown in percentages
|rule|Endless Battle Clause: Forcing endless battles is banned
|rule|Species Clause: Limit one of each Pokémon
|rule|OHKO Clause: OHKO moves are banned
|rule|Evasion Items Clause: Evasion items are banned
|rule|Evasion Moves Clause: Evasion moves are banned
|rule|Evasion Abilities Clause: Evasion abilities are banned
|rule|Sleep Moves Clause: Sleep-inducing moves are banned
|clearpoke
|poke|p1|Darkrai|
|poke|p1|Garchomp, M|
|poke|p1|Alomomola, M|
|poke|p1|Corviknight, F|
|poke|p1|Weezing-Galar, M|
|poke|p1|Ogerpon, F|
|poke|p2|Yanmega, M|
|poke|p2|Ogerpon-Wellspring, F|
|poke|p2|Cloyster, M|
|poke|p2|Ribombee, M|
|poke|p2|Donphan, F|
|poke|p2|Metagross|
|teampreview
|inactive|Battle timer is ON: inactive players will automatically lose when time's up. (requested by pontinhu)
|
|t:|1779671121
|teamsize|p1|6
|teamsize|p2|6
|start
|switch|p1a: Garchomp|Garchomp, M|100/100
|switch|p2a: Ribombee|Ribombee, M|100/100
|turn|1
|
|t:|1779671129
|move|p2a: Ribombee|Trick|p1a: Garchomp
|-activate|p2a: Ribombee|move: Trick|[of] p1a: Garchomp
|-item|p1a: Garchomp|Choice Scarf|[from] move: Trick
|-item|p2a: Ribombee|Rocky Helmet|[from] move: Trick
|move|p1a: Garchomp|Earthquake|p2a: Ribombee
|-resisted|p2a: Ribombee
|-damage|p2a: Ribombee|56/100
|
|upkeep
|turn|2
|
|t:|1779671138
|move|p2a: Ribombee|Sticky Web|p1a: Garchomp
|-sidestart|p1: siddhy2007|move: Sticky Web
|move|p1a: Garchomp|Earthquake|p2a: Ribombee
|-resisted|p2a: Ribombee
|-damage|p2a: Ribombee|11/100
|
|upkeep
|turn|3
|
|t:|1779671143
|move|p2a: Ribombee|Moonblast|p1a: Garchomp
|-supereffective|p1a: Garchomp
|-damage|p1a: Garchomp|28/100
|-unboost|p1a: Garchomp|spa|1
|move|p1a: Garchomp|Earthquake|p2a: Ribombee
|-resisted|p2a: Ribombee
|-damage|p2a: Ribombee|0 fnt
|faint|p2a: Ribombee
|
|upkeep
|
|t:|1779671155
|switch|p2a: Yanmega|Yanmega, M|100/100
|turn|4
|
|t:|1779671159
|switch|p1a: Weezing|Weezing-Galar, M|100/100
|-ability|p1a: Weezing|Neutralizing Gas
|-activate|p1a: Weezing|move: Sticky Web
|-unboost|p1a: Weezing|spe|1
|move|p2a: Yanmega|Bug Buzz|p1a: Weezing
|-resisted|p1a: Weezing
|-damage|p1a: Weezing|84/100
|-enditem|p2a: Yanmega|Throat Spray
|-boost|p2a: Yanmega|spa|1|[from] item: Throat Spray
|
|-heal|p1a: Weezing|90/100|[from] item: Leftovers
|upkeep
|turn|5
|
|t:|1779671173
|move|p2a: Yanmega|Substitute|p2a: Yanmega
|-start|p2a: Yanmega|Substitute
|-damage|p2a: Yanmega|76/100
|move|p1a: Weezing|Defog|p2a: Yanmega
|-sideend|p1: siddhy2007|Sticky Web|[from] move: Defog|[of] p1a: Weezing
|
|-heal|p1a: Weezing|96/100|[from] item: Leftovers
|upkeep
|turn|6
|
|t:|1779671181
|move|p2a: Yanmega|Air Slash|p1a: Weezing
|-damage|p1a: Weezing|19/100
|cant|p1a: Weezing|flinch
|
|-heal|p1a: Weezing|25/100|[from] item: Leftovers
|upkeep
|turn|7
|
|t:|1779671188
|move|p2a: Yanmega|Air Slash|p1a: Weezing
|-damage|p1a: Weezing|0 fnt
|faint|p1a: Weezing
|-end|p1a: Weezing|ability: Neutralizing Gas
|
|-ability|p2a: Yanmega|Speed Boost|boost
|-boost|p2a: Yanmega|spe|1
|upkeep
|
|t:|1779671194
|switch|p1a: Alomomola|Alomomola, M|100/100
|turn|8
|
|t:|1779671201
|move|p2a: Yanmega|Protect|p2a: Yanmega
|-singleturn|p2a: Yanmega|Protect
|move|p1a: Alomomola|Flip Turn|p2a: Yanmega
|-activate|p2a: Yanmega|move: Protect
|
|-ability|p2a: Yanmega|Speed Boost|boost
|-boost|p2a: Yanmega|spe|1
|upkeep
|turn|9
|
|t:|1779671210
|move|p2a: Yanmega|Bug Buzz|p1a: Alomomola
|-damage|p1a: Alomomola|66/100
|move|p1a: Alomomola|Body Slam|p2a: Yanmega
|-activate|p2a: Yanmega|move: Substitute|[damage]
|
|-ability|p2a: Yanmega|Speed Boost|boost
|-boost|p2a: Yanmega|spe|1
|upkeep
|turn|10
|
|t:|1779671219
|move|p2a: Yanmega|Air Slash|p1a: Alomomola
|-damage|p1a: Alomomola|38/100
|cant|p1a: Alomomola|flinch
|
|-ability|p2a: Yanmega|Speed Boost|boost
|-boost|p2a: Yanmega|spe|1
|upkeep
|turn|11
|
|t:|1779671227
|move|p2a: Yanmega|Bug Buzz|p1a: Alomomola
|-damage|p1a: Alomomola|2/100
|move|p1a: Alomomola|Flip Turn|p2a: Yanmega
|-end|p2a: Yanmega|Substitute
|
|t:|1779671232
|switch|p1a: Corviknight|Corviknight, F|100/100|[from] Flip Turn
|-ability|p1a: Corviknight|Pressure
|
|-ability|p2a: Yanmega|Speed Boost|boost
|-boost|p2a: Yanmega|spe|1
|upkeep
|turn|12
|
|t:|1779671241
|move|p2a: Yanmega|Substitute|p2a: Yanmega
|-start|p2a: Yanmega|Substitute
|-damage|p2a: Yanmega|51/100
|move|p1a: Corviknight|Brave Bird|p2a: Yanmega
|-supereffective|p2a: Yanmega
|-end|p2a: Yanmega|Substitute
|-damage|p1a: Corviknight|94/100|[from] Recoil|[of] p2a: Yanmega
|
|-heal|p1a: Corviknight|99/100|[from] item: Leftovers
|-ability|p2a: Yanmega|Speed Boost|boost
|-boost|p2a: Yanmega|spe|1
|upkeep
|turn|13
|
|t:|1779671252
|move|p2a: Yanmega|Air Slash|p1a: Corviknight
|-resisted|p1a: Corviknight
|-damage|p1a: Corviknight|81/100
|move|p1a: Corviknight|Brave Bird|p2a: Yanmega
|-supereffective|p2a: Yanmega
|-crit|p2a: Yanmega
|-damage|p2a: Yanmega|0 fnt
|faint|p2a: Yanmega
|-damage|p1a: Corviknight|68/100|[from] Recoil
|
|-heal|p1a: Corviknight|74/100|[from] item: Leftovers
|upkeep
|
|t:|1779671264
|switch|p2a: Ogerpon|Ogerpon-Wellspring, F|100/100
|turn|14
|
|t:|1779671272
|move|p2a: Ogerpon|Knock Off|p1a: Corviknight
|-damage|p1a: Corviknight|42/100
|-enditem|p1a: Corviknight|Leftovers|[from] move: Knock Off|[of] p2a: Ogerpon
|move|p1a: Corviknight|Brave Bird|p2a: Ogerpon
|-supereffective|p2a: Ogerpon
|-damage|p2a: Ogerpon|7/100
|-damage|p1a: Corviknight|19/100|[from] Recoil
|
|upkeep
|turn|15
|
|t:|1779671282
|move|p2a: Ogerpon|Ivy Cudgel|p1a: Corviknight|[anim] Ivy Cudgel Water
|-damage|p1a: Corviknight|0 fnt
|faint|p1a: Corviknight
|
|upkeep
|
|t:|1779671289
|switch|p1a: Darkrai|Darkrai|100/100
|turn|16
|
|t:|1779671292
|move|p1a: Darkrai|Dark Pulse|p2a: Ogerpon
|-damage|p2a: Ogerpon|0 fnt
|faint|p2a: Ogerpon
|
|upkeep
|
|t:|1779671297
|switch|p2a: Donphan|Donphan, F|100/100
|turn|17
|
|t:|1779671312
|move|p1a: Darkrai|Dark Pulse|p2a: Donphan
|-damage|p2a: Donphan|16/100
|cant|p2a: Donphan|flinch
|
|-heal|p2a: Donphan|22/100|[from] item: Leftovers
|upkeep
|turn|18
|
|t:|1779671320
|move|p2a: Donphan|Ice Shard|p1a: Darkrai
|-damage|p1a: Darkrai|83/100
|move|p1a: Darkrai|Dark Pulse|p2a: Donphan
|-damage|p2a: Donphan|0 fnt
|faint|p2a: Donphan
|
|upkeep
|
|t:|1779671327
|switch|p2a: Metagross|Metagross|100/100
|turn|19
|
|t:|1779671332
|-terastallize|p2a: Metagross|Steel
|move|p1a: Darkrai|Dark Pulse|p2a: Metagross
|-damage|p2a: Metagross|25/100
|move|p2a: Metagross|Agility|p2a: Metagross
|-boost|p2a: Metagross|spe|2
|
|upkeep
|turn|20
|
|t:|1779671341
|switch|p1a: Garchomp|Garchomp, M|28/100
|move|p2a: Metagross|Heavy Slam|p1a: Garchomp
|-damage|p1a: Garchomp|0 fnt
|-damage|p2a: Metagross|12/100|[from] ability: Rough Skin|[of] p1a: Garchomp
|faint|p1a: Garchomp
|
|upkeep
|
|t:|1779671352
|switch|p1a: Alomomola|Alomomola, M|35/100
|turn|21
|
|t:|1779671357
|move|p1a: Alomomola|Aqua Jet|p2a: Metagross
|-damage|p2a: Metagross|2/100
|move|p2a: Metagross|Psychic Fangs|p1a: Alomomola
|-damage|p1a: Alomomola|0 fnt
|faint|p1a: Alomomola
|
|upkeep
|
|t:|1779671359
|switch|p1a: Ogerpon|Ogerpon, F|100/100
|turn|22
|
|t:|1779671366
|-terastallize|p1a: Ogerpon|Grass
|detailschange|p1a: Ogerpon|Ogerpon-Teal-Tera, F, tera:Grass
|-ability|p1a: Ogerpon|Embody Aspect (Teal)|boost
|-boost|p1a: Ogerpon|spe|1
|move|p1a: Ogerpon|Ivy Cudgel|p2a: Metagross
|-resisted|p2a: Metagross
|-crit|p2a: Metagross
|-damage|p2a: Metagross|0 fnt
|faint|p2a: Metagross
|
|upkeep
|-message|pontinhu forfeited.
|
|win|siddhy2007
|raw|siddhy2007's rating: 1383 &rarr; <strong>1401</strong><br />(+18 for winning)
|raw|pontinhu's rating: 1340 &rarr; <strong>1322</strong><br />(-18 for losing)
|l|☆pontinhu
|player|p2|
