|j|☆hellojellomellow
|j|☆Reuniden
|t:|1779618316
|gametype|singles
|player|p1|hellojellomellow|lucas|1064
|player|p2|Reuniden|dancer|1075
|gen|9
|tier|[Gen 9] OU
|rated|
|rule|HP Percentage Mod: HP is shown in percentages
|rule|Endless Battle Clause: Forcing endless battles is banned
|rule|Species Clause: Limit one of each Pokémon
|rule|OHKO Clause: OHKO moves are banned
|rule|Evasion Items Clause: Evasion items are banned
|rule|Evasion Moves Clause: Evasion moves are banned
|rule|Evasion Abilities Clause: Evasion abilities are banned
|rule|Sleep Moves Clause: Sleep-inducing moves are banned
|clearpoke
|poke|p1|Quaquaval, F|
|poke|p1|Ceruledge, F|
|poke|p1|Landorus-Therian, M|
|poke|p1|Regieleki|
|poke|p1|Greninja-*, M|
|poke|p1|Garganacl, M|
|poke|p2|Ambipom, M|
|poke|p2|Hydrapple, F|
|poke|p2|Gengar, M|
|poke|p2|Scizor, M|
|poke|p2|Drifblim, M|
|poke|p2|Skuntank, F|
|teampreview
|inactive|Battle timer is ON: inactive players will automatically lose when time's up. (requested by Reuniden)
|
|t:|1779618320
|teamsize|p1|6
|teamsize|p2|6
|start
|switch|p1a: Greninja|Greninja, M|100/100
|switch|p2a: Throwing Hands|Ambipom, M|100/100
|turn|1
|
|t:|1779618328
|move|p2a: Throwing Hands|Fake Out|p1a: Greninja
|-damage|p1a: Greninja|45/100
|cant|p1a: Greninja|flinch
|
|upkeep
|turn|2
|
|t:|1779618335
|switch|p2a: Granny Smith's|Hydrapple, F|100/100
|move|p1a: Greninja|Extrasensory|p2a: Granny Smith's
|-damage|p2a: Granny Smith's|66/100
|
|upkeep
|turn|3
|
|t:|1779618348
|switch|p1a: Landorus|Landorus-Therian, M|100/100
|-ability|p1a: Landorus|Intimidate|boost
|-unboost|p2a: Granny Smith's|atk|1
|-enditem|p2a: Granny Smith's|Eject Pack
|
|t:|1779618356
|switch|p2a: Karen|Skuntank, F, shiny|100/100
|
|upkeep
|turn|4
|
|t:|1779618361
|-terastallize|p2a: Karen|Grass
|move|p1a: Landorus|Earthquake|p2a: Karen
|-resisted|p2a: Karen
|-damage|p2a: Karen|63/100
|move|p2a: Karen|Toxic|p1a: Landorus
|-status|p1a: Landorus|tox
|
|-damage|p1a: Landorus|95/100 tox|[from] psn
|upkeep
|turn|5
|
|t:|1779618386
|move|p1a: Landorus|Earthquake|p2a: Karen
|-resisted|p2a: Karen
|-damage|p2a: Karen|22/100
|move|p2a: Karen|Venoshock|p1a: Landorus
|-resisted|p1a: Landorus
|-damage|p1a: Landorus|67/100 tox
|
|-damage|p1a: Landorus|55/100 tox|[from] psn
|upkeep
|turn|6
|
|t:|1779618396
|switch|p2a: Granny Smith's|Hydrapple, F|99/100
|move|p1a: Landorus|Earthquake|p2a: Granny Smith's
|-resisted|p2a: Granny Smith's
|-damage|p2a: Granny Smith's|78/100
|
|-damage|p1a: Landorus|37/100 tox|[from] psn
|upkeep
|turn|7
|
|t:|1779618409
|switch|p1a: Ceruledge|Ceruledge, F|100/100
|move|p2a: Granny Smith's|Leaf Storm|p1a: Ceruledge
|-resisted|p1a: Ceruledge
|-damage|p1a: Ceruledge|57/100
|-unboost|p2a: Granny Smith's|spa|2
|
|upkeep
|turn|8
|
|t:|1779618419
|switch|p2a: Mr Smile|Gengar, M, shiny|100/100
|move|p1a: Ceruledge|Flare Blitz|p2a: Mr Smile
|-damage|p2a: Mr Smile|0 fnt
|faint|p2a: Mr Smile
|-damage|p1a: Ceruledge|27/100|[from] Recoil
|-damage|p1a: Ceruledge|17/100|[from] item: Life Orb
|
|upkeep
|
|t:|1779618430
|switch|p2a: Jeffrey E.|Drifblim, M, shiny|100/100
|turn|9
|
|t:|1779618434
|move|p1a: Ceruledge|Shadow Sneak|p2a: Jeffrey E.
|-supereffective|p2a: Jeffrey E.
|-damage|p2a: Jeffrey E.|30/100
|-damage|p1a: Ceruledge|7/100|[from] item: Life Orb
|move|p2a: Jeffrey E.|Knock Off|p1a: Ceruledge
|-supereffective|p1a: Ceruledge
|-damage|p1a: Ceruledge|0 fnt
|-enditem|p1a: Ceruledge|Life Orb|[from] move: Knock Off|[of] p2a: Jeffrey E.
|faint|p1a: Ceruledge
|
|upkeep
|
|t:|1779618445
|switch|p1a: Greninja|Greninja, M|45/100
|turn|10
|
|t:|1779618451
|move|p1a: Greninja|Dark Pulse|p2a: Jeffrey E.
|-supereffective|p2a: Jeffrey E.
|-damage|p2a: Jeffrey E.|0 fnt
|faint|p2a: Jeffrey E.
|-ability|p1a: Greninja|Battle Bond|boost
|-boost|p1a: Greninja|atk|1
|-boost|p1a: Greninja|spa|1
|-boost|p1a: Greninja|spe|1
|-activate|p1a: Greninja|ability: Battle Bond
|
|upkeep
|
|t:|1779618455
|switch|p2a: Throwing Hands|Ambipom, M|100/100
|turn|11
|
|t:|1779618463
|move|p2a: Throwing Hands|Fake Out|p1a: Greninja
|-damage|p1a: Greninja|0 fnt
|faint|p1a: Greninja
|
|upkeep
|
|t:|1779618469
|switch|p1a: Quaquaval|Quaquaval, F|100/100
|turn|12
|
|t:|1779618478
|move|p2a: Throwing Hands|Double Hit|p1a: Quaquaval
|-damage|p1a: Quaquaval|63/100
|-crit|p1a: Quaquaval
|-damage|p1a: Quaquaval|11/100
|-hitcount|p1a: Quaquaval|2
|move|p1a: Quaquaval|Aqua Step|p2a: Throwing Hands
|-damage|p2a: Throwing Hands|11/100
|-boost|p1a: Quaquaval|spe|1
|-damage|p1a: Quaquaval|1/100|[from] item: Life Orb
|
|upkeep
|turn|13
|-message|hellojellomellow forfeited.
|
|win|Reuniden
|raw|hellojellomellow's rating: 1064 &rarr; <strong>1045</strong><br />(-19 for losing)
|raw|Reuniden's rating: 1075 &rarr; <strong>1103</strong><br />(+28 for winning)
|l|☆hellojellomellow
|player|p1|
|l|☆Reuniden
|player|p2|
