|j|☆ohko by scald
|j|☆929Z
|t:|1779711727
|gametype|singles
|player|p1|ohko by scald|roxie-masters|1421
|player|p2|929Z|265|1449
|gen|9
|tier|[Gen 9] OU
|rated|
|rule|HP Percentage Mod: HP is shown in percentages
|rule|Endless Battle Clause: Forcing endless battles is banned
|rule|Species Clause: Limit one of each Pokémon
|rule|OHKO Clause: OHKO moves are banned
|rule|Evasion Items Clause: Evasion items are banned
|rule|Evasion Moves Clause: Evasion moves are banned
|rule|Evasion Abilities Clause: Evasion abilities are banned
|rule|Sleep Moves Clause: Sleep-inducing moves are banned
|clearpoke
|poke|p1|Cloyster, M|
|poke|p1|Dragapult, F|
|poke|p1|Hawlucha, F|
|poke|p1|Rillaboom, F|
|poke|p1|Heatran, F|
|poke|p1|Krookodile, M|
|poke|p2|Ogerpon, F|
|poke|p2|Landorus-Therian, M|
|poke|p2|Pecharunt|
|poke|p2|Gholdengo|
|poke|p2|Dragonite, F|
|poke|p2|Kyurem|
|teampreview
|inactive|Battle timer is ON: inactive players will automatically lose when time's up. (requested by 929Z)
|inactive|ohko by scald also wants the timer to be on.
|
|t:|1779711744
|teamsize|p1|6
|teamsize|p2|6
|start
|switch|p1a: Cloist Critical|Cloyster, M|100/100
|switch|p2a: Pecharunt|Pecharunt|100/100
|turn|1
|
|t:|1779711761
|move|p1a: Cloist Critical|Spikes|p2a: Pecharunt
|-sidestart|p2: 929Z|Spikes
|move|p2a: Pecharunt|Parting Shot|p1a: Cloist Critical
|-unboost|p1a: Cloist Critical|atk|1
|-unboost|p1a: Cloist Critical|spa|1
|
|t:|1779711782
|switch|p2a: Kyurem|Kyurem, shiny|100/100|[from] Parting Shot
|-damage|p2a: Kyurem|88/100|[from] Spikes
|-ability|p2a: Kyurem|Pressure
|
|upkeep
|turn|2
|inactive|ohko by scald has 120 seconds left.
|
|t:|1779711814
|move|p2a: Kyurem|Focus Blast|p1a: Cloist Critical
|-supereffective|p1a: Cloist Critical
|-enditem|p1a: Cloist Critical|Focus Sash
|-damage|p1a: Cloist Critical|1/100
|move|p1a: Cloist Critical|Shell Smash|p1a: Cloist Critical
|-unboost|p1a: Cloist Critical|def|1
|-unboost|p1a: Cloist Critical|spd|1
|-boost|p1a: Cloist Critical|atk|2
|-boost|p1a: Cloist Critical|spa|2
|-boost|p1a: Cloist Critical|spe|2
|
|upkeep
|turn|3
|inactive|ohko by scald has 120 seconds left.
|
|t:|1779711827
|move|p1a: Cloist Critical|Icicle Spear|p2a: Kyurem
|-damage|p2a: Kyurem|72/100
|-damage|p2a: Kyurem|54/100
|-damage|p2a: Kyurem|37/100
|-damage|p2a: Kyurem|21/100
|-damage|p2a: Kyurem|5/100
|-hitcount|p2a: Kyurem|5
|move|p2a: Kyurem|Freeze-Dry|p1a: Cloist Critical
|-damage|p1a: Cloist Critical|0 fnt
|faint|p1a: Cloist Critical
|
|upkeep
|inactive|ohko by scald has 120 seconds left.
|
|t:|1779711857
|switch|p1a: Dragapult|Dragapult, F|100/100
|turn|4
|
|t:|1779711863
|move|p1a: Dragapult|Dragon Darts|p2a: Kyurem
|-supereffective|p2a: Kyurem
|-damage|p2a: Kyurem|0 fnt
|faint|p2a: Kyurem
|
|upkeep
|
|t:|1779711867
|switch|p2a: Landorus|Landorus-Therian, M|100/100
|-ability|p2a: Landorus|Intimidate|boost
|-unboost|p1a: Dragapult|atk|1
|turn|5
|
|t:|1779711876
|switch|p1a: MF BOOM|Rillaboom, F|100/100
|-fieldstart|move: Grassy Terrain|[from] ability: Grassy Surge|[of] p1a: MF BOOM
|move|p2a: Landorus|Stealth Rock|p1a: MF BOOM
|-sidestart|p1: ohko by scald|move: Stealth Rock
|
|upkeep
|turn|6
|inactive|ohko by scald has 120 seconds left.
|
|t:|1779711886
|move|p2a: Landorus|U-turn|p1a: MF BOOM
|-supereffective|p1a: MF BOOM
|-damage|p1a: MF BOOM|57/100
|
|t:|1779711887
|switch|p2a: Pecharunt|Pecharunt|100/100|[from] U-turn
|move|p1a: MF BOOM|Knock Off|p2a: Pecharunt
|-supereffective|p2a: Pecharunt
|-damage|p2a: Pecharunt|47/100
|-enditem|p2a: Pecharunt|Heavy-Duty Boots|[from] move: Knock Off|[of] p1a: MF BOOM
|
|-heal|p1a: MF BOOM|63/100|[from] Grassy Terrain
|-heal|p2a: Pecharunt|53/100|[from] Grassy Terrain
|upkeep
|turn|7
|
|t:|1779711900
|switch|p1a: Krookodile|Krookodile, M|100/100
|-damage|p1a: Krookodile|94/100|[from] Stealth Rock
|-ability|p1a: Krookodile|Intimidate|boost
|-unboost|p2a: Pecharunt|atk|1
|move|p2a: Pecharunt|Recover|p2a: Pecharunt
|-heal|p2a: Pecharunt|100/100
|
|-heal|p1a: Krookodile|100/100|[from] Grassy Terrain
|upkeep
|turn|8
|inactive|ohko by scald has 120 seconds left.
|
|t:|1779711922
|move|p1a: Krookodile|Earthquake|p2a: Pecharunt
|-supereffective|p2a: Pecharunt
|-damage|p2a: Pecharunt|78/100
|move|p2a: Pecharunt|Malignant Chain|p1a: Krookodile
|-resisted|p1a: Krookodile
|-damage|p1a: Krookodile|88/100
|
|-heal|p1a: Krookodile|94/100|[from] Grassy Terrain
|-heal|p2a: Pecharunt|84/100|[from] Grassy Terrain
|upkeep
|turn|9
|inactive|ohko by scald has 120 seconds left.
|
|t:|1779711935
|switch|p1a: 700°C iron ball|Heatran, F, shiny|100/100
|-damage|p1a: 700°C iron ball|88/100|[from] Stealth Rock
|move|p2a: Pecharunt|Malignant Chain|p1a: 700°C iron ball
|-immune|p1a: 700°C iron ball
|
|-heal|p1a: 700°C iron ball|94/100|[from] Grassy Terrain
|-heal|p1a: 700°C iron ball|100/100|[from] item: Leftovers
|-heal|p2a: Pecharunt|90/100|[from] Grassy Terrain
|-fieldend|move: Grassy Terrain
|upkeep
|turn|10
|inactive|ohko by scald has 120 seconds left.
|
|t:|1779711946
|move|p1a: 700°C iron ball|Magma Storm|p2a: Pecharunt|[miss]
|-miss|p1a: 700°C iron ball|p2a: Pecharunt
|move|p2a: Pecharunt|Parting Shot|p1a: 700°C iron ball
|-unboost|p1a: 700°C iron ball|atk|1
|-unboost|p1a: 700°C iron ball|spa|1
|
|t:|1779711950
|switch|p2a: Landorus|Landorus-Therian, M|100/100|[from] Parting Shot
|-ability|p2a: Landorus|Intimidate|boost
|-unboost|p1a: 700°C iron ball|atk|1
|
|upkeep
|turn|11
|
|t:|1779711960
|move|p2a: Landorus|Earth Power|p1a: 700°C iron ball
|-supereffective|p1a: 700°C iron ball
|-damage|p1a: 700°C iron ball|0 fnt
|faint|p1a: 700°C iron ball
|
|upkeep
|inactive|ohko by scald has 120 seconds left.
|
|t:|1779711971
|switch|p1a: Krookodile|Krookodile, M|94/100
|-damage|p1a: Krookodile|88/100|[from] Stealth Rock
|-ability|p1a: Krookodile|Intimidate|boost
|-unboost|p2a: Landorus|atk|1
|turn|12
|
|t:|1779711976
|move|p2a: Landorus|U-turn|p1a: Krookodile
|-supereffective|p1a: Krookodile
|-damage|p1a: Krookodile|56/100
|
|t:|1779711977
|switch|p2a: Pecharunt|Pecharunt|90/100|[from] U-turn
|-damage|p2a: Pecharunt|78/100|[from] Spikes
|move|p1a: Krookodile|Counter|p2a: Pecharunt
|-immune|p2a: Pecharunt
|
|upkeep
|turn|13
|
|t:|1779711985
|move|p1a: Krookodile|Earthquake|p2a: Pecharunt
|-supereffective|p2a: Pecharunt
|-damage|p2a: Pecharunt|33/100
|move|p2a: Pecharunt|Malignant Chain|p1a: Krookodile
|-resisted|p1a: Krookodile
|-damage|p1a: Krookodile|43/100
|-status|p1a: Krookodile|tox
|-start|p1a: Krookodile|confusion|[from] ability: Poison Puppeteer|[of] p2a: Pecharunt
|
|-damage|p1a: Krookodile|37/100 tox|[from] psn
|upkeep
|turn|14
|
|t:|1779711997
|switch|p1a: Dragapult|Dragapult, F|100/100
|-terastallize|p2a: Pecharunt|Dark
|move|p2a: Pecharunt|Recover|p2a: Pecharunt
|-heal|p2a: Pecharunt|83/100
|
|upkeep
|turn|15
|
|t:|1779712001
|move|p1a: Dragapult|U-turn|p2a: Pecharunt
|-supereffective|p2a: Pecharunt
|-crit|p2a: Pecharunt
|-damage|p2a: Pecharunt|55/100
|
|t:|1779712004
|switch|p1a: Krookodile|Krookodile, M|37/100 tox|[from] U-turn
|-damage|p1a: Krookodile|31/100 tox|[from] Stealth Rock
|-ability|p1a: Krookodile|Intimidate|boost
|-unboost|p2a: Pecharunt|atk|1
|move|p2a: Pecharunt|Malignant Chain|p1a: Krookodile
|-resisted|p1a: Krookodile
|-damage|p1a: Krookodile|19/100 tox
|
|-damage|p1a: Krookodile|13/100 tox|[from] psn
|upkeep
|turn|16
|
|t:|1779712009
|switch|p2a: Ogerpon|Ogerpon, F|100/100
|move|p1a: Krookodile|Close Combat|p2a: Ogerpon
|-damage|p2a: Ogerpon|54/100
|-unboost|p1a: Krookodile|def|1
|-unboost|p1a: Krookodile|spd|1
|
|-damage|p1a: Krookodile|0 fnt|[from] psn
|faint|p1a: Krookodile
|upkeep
|
|t:|1779712022
|switch|p1a: Dragapult|Dragapult, F|100/100
|turn|17
|
|t:|1779712027
|switch|p2a: Landorus|Landorus-Therian, M|100/100
|-ability|p2a: Landorus|Intimidate|boost
|-unboost|p1a: Dragapult|atk|1
|move|p1a: Dragapult|Dragon Darts|p2a: Landorus
|-damage|p2a: Landorus|87/100
|-anim|p1a: Dragapult|Dragon Darts|p2a: Landorus
|-damage|p2a: Landorus|73/100
|
|upkeep
|turn|18
|
|t:|1779712033
|switch|p1a: MF BOOM|Rillaboom, F|63/100
|-damage|p1a: MF BOOM|51/100|[from] Stealth Rock
|-fieldstart|move: Grassy Terrain|[from] ability: Grassy Surge|[of] p1a: MF BOOM
|move|p2a: Landorus|U-turn|p1a: MF BOOM
|-supereffective|p1a: MF BOOM
|-damage|p1a: MF BOOM|3/100
|
|t:|1779712038
|switch|p2a: Pecharunt|Pecharunt, tera:Dark|55/100|[from] U-turn
|-damage|p2a: Pecharunt|43/100|[from] Spikes
|
|-heal|p1a: MF BOOM|10/100|[from] Grassy Terrain
|-heal|p2a: Pecharunt|49/100|[from] Grassy Terrain
|upkeep
|turn|19
|
|t:|1779712042
|move|p1a: MF BOOM|Wood Hammer|p2a: Pecharunt
|-damage|p2a: Pecharunt|0 fnt
|faint|p2a: Pecharunt
|-damage|p1a: MF BOOM|0 fnt|[from] Recoil
|faint|p1a: MF BOOM
|
|upkeep
|
|t:|1779712057
|switch|p1a: John Cena|Hawlucha, F|100/100
|switch|p2a: Ogerpon|Ogerpon, F|54/100
|-damage|p1a: John Cena|88/100|[from] Stealth Rock
|-enditem|p1a: John Cena|Grassy Seed
|-boost|p1a: John Cena|def|1|[from] item: Grassy Seed
|turn|20
|
|t:|1779712070
|move|p1a: John Cena|Swords Dance|p1a: John Cena
|-boost|p1a: John Cena|atk|2
|move|p2a: Ogerpon|Encore|p1a: John Cena
|-start|p1a: John Cena|Encore
|
|-heal|p2a: Ogerpon|60/100|[from] Grassy Terrain
|upkeep
|turn|21
|-message|ohko by scald forfeited.
|
|win|929Z
|raw|ohko by scald's rating: 1421 &rarr; <strong>1403</strong><br />(-18 for losing)
|raw|929Z's rating: 1449 &rarr; <strong>1467</strong><br />(+18 for winning)
|l|☆ohko by scald
|player|p1|
|l|☆929Z
|player|p2|
