|j|☆Segahay
|j|☆Vulva zol
|t:|1779628075
|gametype|singles
|player|p1|Segahay|2|1360
|player|p2|Vulva zol|101|1347
|gen|9
|tier|[Gen 9] OU
|rated|
|rule|HP Percentage Mod: HP is shown in percentages
|rule|Endless Battle Clause: Forcing endless battles is banned
|rule|Species Clause: Limit one of each Pokémon
|rule|OHKO Clause: OHKO moves are banned
|rule|Evasion Items Clause: Evasion items are banned
|rule|Evasion Moves Clause: Evasion moves are banned
|rule|Evasion Abilities Clause: Evasion abilities are banned
|rule|Sleep Moves Clause: Sleep-inducing moves are banned
|clearpoke
|poke|p1|Rillaboom, F|
|poke|p1|Excadrill, M|
|poke|p1|Serperior, M|
|poke|p1|Mew|
|poke|p1|Feraligatr, M|
|poke|p1|Glimmora, F|
|poke|p2|Mandibuzz, F|
|poke|p2|Latios, M|
|poke|p2|Fezandipiti, M|
|poke|p2|Swampert, F|
|poke|p2|Whimsicott, F|
|poke|p2|Cinderace, M|
|teampreview
|inactive|Battle timer is ON: inactive players will automatically lose when time's up. (requested by Segahay)
|
|t:|1779628100
|teamsize|p1|6
|teamsize|p2|6
|start
|switch|p1a: Serperior|Serperior, M, shiny|100/100
|switch|p2a: Latios|Latios, M, shiny|100/100
|turn|1
|
|t:|1779628110
|switch|p2a: Whimsicott|Whimsicott, F|100/100
|move|p1a: Serperior|Glare|p2a: Whimsicott
|-status|p2a: Whimsicott|par
|
|upkeep
|turn|2
|
|t:|1779628119
|switch|p1a: Rillaboom|Rillaboom, F|100/100
|-fieldstart|move: Grassy Terrain|[from] ability: Grassy Surge|[of] p1a: Rillaboom
|cant|p2a: Whimsicott|par
|
|upkeep
|turn|3
|
|t:|1779628128
|cant|p2a: Whimsicott|par
|move|p1a: Rillaboom|Knock Off|p2a: Whimsicott
|-resisted|p2a: Whimsicott
|-crit|p2a: Whimsicott
|-damage|p2a: Whimsicott|74/100 par
|-enditem|p2a: Whimsicott|Leftovers|[from] move: Knock Off|[of] p1a: Rillaboom
|
|-heal|p2a: Whimsicott|80/100 par|[from] Grassy Terrain
|upkeep
|turn|4
|
|t:|1779628140
|switch|p1a: Glimmora|Glimmora, F|100/100
|move|p2a: Whimsicott|Encore||[still]
|-fail|p2a: Whimsicott
|
|-heal|p2a: Whimsicott|87/100 par|[from] Grassy Terrain
|upkeep
|turn|5
|
|t:|1779628152
|move|p2a: Whimsicott|Leech Seed|p1a: Glimmora
|-start|p1a: Glimmora|move: Leech Seed
|move|p1a: Glimmora|Ancient Power|p2a: Whimsicott
|-damage|p2a: Whimsicott|43/100 par
|
|-heal|p2a: Whimsicott|49/100 par|[from] Grassy Terrain
|-damage|p1a: Glimmora|88/100|[from] Leech Seed|[of] p2a: Whimsicott
|-heal|p2a: Whimsicott|61/100 par|[silent]
|upkeep
|turn|6
|
|t:|1779628168
|switch|p1a: Rillaboom|Rillaboom, F|100/100
|switch|p2a: Latios|Latios, M, shiny|100/100
|
|-fieldend|move: Grassy Terrain
|upkeep
|turn|7
|inactive|Vulva zol has 120 seconds left.
|
|t:|1779628199
|-terastallize|p2a: Latios|Steel
|move|p2a: Latios|Calm Mind|p2a: Latios
|-boost|p2a: Latios|spa|1
|-boost|p2a: Latios|spd|1
|move|p1a: Rillaboom|U-turn|p2a: Latios
|-resisted|p2a: Latios
|-damage|p2a: Latios|82/100
|
|t:|1779628203
|switch|p1a: Serperior|Serperior, M, shiny|100/100|[from] U-turn
|
|upkeep
|turn|8
|inactive|Vulva zol has 120 seconds left.
|
|t:|1779628216
|move|p1a: Serperior|Glare|p2a: Latios
|-status|p2a: Latios|par
|move|p2a: Latios|Draco Meteor|p1a: Serperior
|-damage|p1a: Serperior|0 fnt
|-unboost|p2a: Latios|spa|2
|faint|p1a: Serperior
|
|upkeep
|
|t:|1779628218
|switch|p1a: Excadrill|Excadrill, M|100/100
|-ability|p1a: Excadrill|Mold Breaker
|-item|p1a: Excadrill|Air Balloon
|turn|9
|
|t:|1779628230
|move|p1a: Excadrill|Earthquake|p2a: Latios
|-supereffective|p2a: Latios
|-damage|p2a: Latios|0 fnt
|faint|p2a: Latios
|
|upkeep
|inactive|Vulva zol has 120 seconds left.
|
|t:|1779628245
|switch|p2a: Whimsicott|Whimsicott, F|61/100 par
|turn|10
|
|t:|1779628249
|cant|p2a: Whimsicott|par
|move|p1a: Excadrill|Rock Tomb|p2a: Whimsicott
|-damage|p2a: Whimsicott|40/100 par
|-unboost|p2a: Whimsicott|spe|1
|
|upkeep
|turn|11
|
|t:|1779628257
|cant|p2a: Whimsicott|par
|move|p1a: Excadrill|Rapid Spin|p2a: Whimsicott
|-damage|p2a: Whimsicott|23/100 par
|-boost|p1a: Excadrill|spe|1
|
|upkeep
|turn|12
|
|t:|1779628271
|move|p2a: Whimsicott|Encore|p1a: Excadrill
|-start|p1a: Excadrill|Encore
|move|p1a: Excadrill|Rapid Spin|p2a: Whimsicott
|-damage|p2a: Whimsicott|4/100 par
|-boost|p1a: Excadrill|spe|1
|
|upkeep
|turn|13
|
|t:|1779628278
|move|p2a: Whimsicott|Leech Seed|p1a: Excadrill|[miss]
|-miss|p2a: Whimsicott|p1a: Excadrill
|move|p1a: Excadrill|Rapid Spin|p2a: Whimsicott
|-damage|p2a: Whimsicott|0 fnt
|-boost|p1a: Excadrill|spe|1
|faint|p2a: Whimsicott
|
|upkeep
|
|t:|1779628288
|switch|p2a: Swampert|Swampert, F|100/100
|turn|14
|
|t:|1779628296
|switch|p1a: Rillaboom|Rillaboom, F|100/100
|-fieldstart|move: Grassy Terrain|[from] ability: Grassy Surge|[of] p1a: Rillaboom
|move|p2a: Swampert|Stealth Rock|p1a: Rillaboom
|-sidestart|p1: Segahay|move: Stealth Rock
|
|upkeep
|turn|15
|
|t:|1779628304
|switch|p2a: Mandibuzz|Mandibuzz, F|100/100
|move|p1a: Rillaboom|Knock Off|p2a: Mandibuzz
|-resisted|p2a: Mandibuzz
|-damage|p2a: Mandibuzz|90/100
|-enditem|p2a: Mandibuzz|Heavy-Duty Boots|[from] move: Knock Off|[of] p1a: Rillaboom
|
|upkeep
|turn|16
|
|t:|1779628313
|move|p1a: Rillaboom|U-turn|p2a: Mandibuzz
|-damage|p2a: Mandibuzz|74/100
|
|t:|1779628314
|switch|p1a: Glimmora|Glimmora, F|88/100|[from] U-turn
|-damage|p1a: Glimmora|76/100|[from] Stealth Rock
|move|p2a: Mandibuzz|Foul Play|p1a: Glimmora
|-damage|p1a: Glimmora|56/100
|-activate|p1a: Glimmora|ability: Toxic Debris
|-sidestart|p2: Vulva zol|move: Toxic Spikes
|
|-heal|p1a: Glimmora|63/100|[from] Grassy Terrain
|upkeep
|turn|17
|
|t:|1779628330
|switch|p2a: Fezandipiti|Fezandipiti, M|100/100
|-sideend|p2: Vulva zol|move: Toxic Spikes|[of] p2a: Fezandipiti
|move|p1a: Glimmora|Meteor Beam||[still]
|-prepare|p1a: Glimmora|Meteor Beam
|-boost|p1a: Glimmora|spa|1
|-enditem|p1a: Glimmora|Power Herb
|-anim|p1a: Glimmora|Meteor Beam|p2a: Fezandipiti
|-damage|p2a: Fezandipiti|62/100
|
|-heal|p1a: Glimmora|69/100|[from] Grassy Terrain
|-heal|p2a: Fezandipiti|68/100|[from] Grassy Terrain
|upkeep
|turn|18
|
|t:|1779628346
|move|p1a: Glimmora|Earth Power|p2a: Fezandipiti
|-supereffective|p2a: Fezandipiti
|-damage|p2a: Fezandipiti|27/100
|move|p2a: Fezandipiti|U-turn|p1a: Glimmora
|-resisted|p1a: Glimmora
|-damage|p1a: Glimmora|59/100
|-activate|p1a: Glimmora|ability: Toxic Debris
|-sidestart|p2: Vulva zol|move: Toxic Spikes
|
|t:|1779628358
|switch|p2a: Cinderace|Cinderace, M|100/100|[from] U-turn
|
|-heal|p1a: Glimmora|65/100|[from] Grassy Terrain
|-fieldend|move: Grassy Terrain
|upkeep
|turn|19
|
|t:|1779628369
|move|p2a: Cinderace|High Jump Kick|p1a: Glimmora|[miss]
|-start|p2a: Cinderace|typechange|Fighting|[from] ability: Libero
|-miss|p2a: Cinderace|p1a: Glimmora
|-damage|p2a: Cinderace|51/100|[from] highjumpkick
|move|p1a: Glimmora|Ancient Power|p2a: Cinderace
|-resisted|p2a: Cinderace
|-damage|p2a: Cinderace|16/100
|
|upkeep
|turn|20
|-message|Vulva zol forfeited.
|
|win|Segahay
|raw|Segahay's rating: 1360 &rarr; <strong>1379</strong><br />(+19 for winning)
|raw|Vulva zol's rating: 1347 &rarr; <strong>1328</strong><br />(-19 for losing)
|l|☆Vulva zol
|player|p2|
|l|☆Segahay
|player|p1|
