|j|☆OP Earthquakes
|j|☆RobustLoki
|t:|1779644932
|gametype|singles
|player|p1|OP Earthquakes|giovanni-masters|1655
|player|p2|RobustLoki|lance|1626
|gen|9
|tier|[Gen 9] OU
|rated|
|rule|HP Percentage Mod: HP is shown in percentages
|rule|Endless Battle Clause: Forcing endless battles is banned
|rule|Species Clause: Limit one of each Pokémon
|rule|OHKO Clause: OHKO moves are banned
|rule|Evasion Items Clause: Evasion items are banned
|rule|Evasion Moves Clause: Evasion moves are banned
|rule|Evasion Abilities Clause: Evasion abilities are banned
|rule|Sleep Moves Clause: Sleep-inducing moves are banned
|clearpoke
|poke|p1|Tyranitar, F|
|poke|p1|Pawmot, F|
|poke|p1|Kyurem|
|poke|p1|Excadrill, F|
|poke|p1|Hawlucha, M|
|poke|p1|Grimmsnarl, M|
|poke|p2|Ninetales-Alola, M|
|poke|p2|Ceruledge, M|
|poke|p2|Gliscor, M|
|poke|p2|Hatterene, F|
|poke|p2|Farigiraf, M|
|poke|p2|Ditto|
|teampreview
|inactive|Battle timer is ON: inactive players will automatically lose when time's up. (requested by OP Earthquakes)
|
|t:|1779644942
|teamsize|p1|6
|teamsize|p2|6
|start
|switch|p1a: Grimmsnarl|Grimmsnarl, M|100/100
|switch|p2a: Ninetales|Ninetales-Alola, M|100/100
|-weather|Snowscape|[from] ability: Snow Warning|[of] p2a: Ninetales
|turn|1
|j| hattybatty304
|
|t:|1779644949
|move|p1a: Grimmsnarl|Thunder Wave|p2a: Ninetales
|-status|p2a: Ninetales|par
|cant|p2a: Ninetales|par
|
|-weather|Snowscape|[upkeep]
|upkeep
|turn|2
|
|t:|1779644955
|switch|p1a: The sandstorm|Tyranitar, F, shiny|100/100
|-weather|Sandstorm|[from] ability: Sand Stream|[of] p1a: The sandstorm
|move|p2a: Ninetales|Aurora Veil||[still]
|-fail|p2a: Ninetales
|
|-weather|Sandstorm|[upkeep]
|-damage|p2a: Ninetales|94/100 par|[from] Sandstorm
|upkeep
|turn|3
|
|t:|1779644959
|move|p2a: Ninetales|Snowscape|p2a: Ninetales
|-weather|Snowscape
|move|p1a: The sandstorm|Stealth Rock|p2a: Ninetales
|-sidestart|p2: RobustLoki|move: Stealth Rock
|
|-weather|Snowscape|[upkeep]
|upkeep
|turn|4
|
|t:|1779644964
|cant|p2a: Ninetales|par
|move|p1a: The sandstorm|Roar|p2a: Ninetales
|drag|p2a: Gliscor|Gliscor, M|100/100
|-damage|p2a: Gliscor|88/100|[from] Stealth Rock
|
|-weather|Snowscape|[upkeep]
|-status|p2a: Gliscor|tox|[from] item: Toxic Orb
|upkeep
|turn|5
|j| Little Cuack
|
|t:|1779644975
|switch|p1a: Grimmsnarl|Grimmsnarl, M|100/100
|move|p2a: Gliscor|Agility|p2a: Gliscor
|-boost|p2a: Gliscor|spe|2
|
|-weather|Snowscape|[upkeep]
|-heal|p2a: Gliscor|100/100 tox|[from] ability: Poison Heal
|upkeep
|turn|6
|
|t:|1779644979
|move|p1a: Grimmsnarl|Reflect|p1a: Grimmsnarl
|-sidestart|p1: OP Earthquakes|Reflect
|move|p2a: Gliscor|Swords Dance|p2a: Gliscor
|-boost|p2a: Gliscor|atk|2
|
|-weather|Snowscape|[upkeep]
|upkeep
|turn|7
|
|t:|1779644985
|switch|p1a: Itachi|Hawlucha, M, shiny|100/100
|-ability|p1a: Itachi|Mold Breaker
|move|p2a: Gliscor|Swords Dance|p2a: Gliscor
|-boost|p2a: Gliscor|atk|2
|
|-weather|none
|upkeep
|turn|8
|
|t:|1779644989
|move|p2a: Gliscor|Facade|p1a: Itachi
|-damage|p1a: Itachi|18/100
|-enditem|p1a: Itachi|Red Card|[of] p2a: Gliscor
|drag|p2a: Ninetales|Ninetales-Alola, M|94/100 par
|-damage|p2a: Ninetales|70/100 par|[from] Stealth Rock
|-weather|Snowscape|[from] ability: Snow Warning|[of] p2a: Ninetales
|move|p1a: Itachi|Swords Dance|p1a: Itachi
|-boost|p1a: Itachi|atk|2
|
|-weather|Snowscape|[upkeep]
|upkeep
|turn|9
|
|t:|1779644997
|move|p1a: Itachi|Brave Bird|p2a: Ninetales
|-damage|p2a: Ninetales|0 fnt
|faint|p2a: Ninetales
|-damage|p1a: Itachi|0 fnt|[from] Recoil
|faint|p1a: Itachi
|
|-weather|Snowscape|[upkeep]
|upkeep
|
|t:|1779645009
|switch|p1a: Toshiro|Kyurem, shiny|100/100
|switch|p2a: Hatterene|Hatterene, F|100/100
|-ability|p1a: Toshiro|Pressure
|-damage|p2a: Hatterene|88/100|[from] Stealth Rock
|turn|10
|
|t:|1779645013
|-terastallize|p1a: Toshiro|Ghost
|move|p1a: Toshiro|Shadow Ball|p2a: Hatterene
|-supereffective|p2a: Hatterene
|-damage|p2a: Hatterene|0 fnt
|faint|p2a: Hatterene
|
|-weather|Snowscape|[upkeep]
|upkeep
|
|t:|1779645020
|switch|p2a: Idle Death Gamble|Farigiraf, M|100/100
|-damage|p2a: Idle Death Gamble|88/100|[from] Stealth Rock
|turn|11
|
|t:|1779645027
|switch|p1a: OP|Excadrill, F|100/100
|move|p2a: Idle Death Gamble|Nasty Plot|p2a: Idle Death Gamble
|-boost|p2a: Idle Death Gamble|spa|2
|
|-weather|Snowscape|[upkeep]
|upkeep
|turn|12
|
|t:|1779645032
|move|p1a: OP|Earthquake|p2a: Idle Death Gamble
|-damage|p2a: Idle Death Gamble|0 fnt
|faint|p2a: Idle Death Gamble
|
|-weather|none
|upkeep
|
|t:|1779645036
|switch|p2a: Gliscor|Gliscor, M|100/100 tox
|-damage|p2a: Gliscor|88/100 tox|[from] Stealth Rock
|turn|13
|
|t:|1779645040
|switch|p1a: Toshiro|Kyurem, shiny, tera:Ghost|100/100
|-ability|p1a: Toshiro|Pressure
|move|p2a: Gliscor|Agility|p2a: Gliscor
|-boost|p2a: Gliscor|spe|2
|
|-heal|p2a: Gliscor|100/100 tox|[from] ability: Poison Heal
|-sideend|p1: OP Earthquakes|Reflect
|upkeep
|turn|14
|
|t:|1779645043
|-terastallize|p2a: Gliscor|Normal
|move|p2a: Gliscor|Swords Dance|p2a: Gliscor
|-boost|p2a: Gliscor|atk|2
|move|p1a: Toshiro|Freeze-Dry|p2a: Gliscor
|-damage|p2a: Gliscor|54/100 tox
|
|-heal|p2a: Gliscor|67/100 tox|[from] ability: Poison Heal
|upkeep
|turn|15
|
|t:|1779645052
|switch|p1a: Grimmsnarl|Grimmsnarl, M|100/100
|move|p2a: Gliscor|Swords Dance|p2a: Gliscor
|-boost|p2a: Gliscor|atk|2
|
|-heal|p2a: Gliscor|79/100 tox|[from] ability: Poison Heal
|upkeep
|turn|16
|
|t:|1779645055
|move|p1a: Grimmsnarl|Reflect|p1a: Grimmsnarl
|-sidestart|p1: OP Earthquakes|Reflect
|move|p2a: Gliscor|Swords Dance|p2a: Gliscor
|-boost|p2a: Gliscor|atk|2
|
|-heal|p2a: Gliscor|92/100 tox|[from] ability: Poison Heal
|upkeep
|turn|17
|
|t:|1779645058
|move|p2a: Gliscor|Facade|p1a: Grimmsnarl
|-damage|p1a: Grimmsnarl|0 fnt
|faint|p1a: Grimmsnarl
|
|-heal|p2a: Gliscor|100/100 tox|[from] ability: Poison Heal
|upkeep
|
|t:|1779645062
|switch|p1a: The sandstorm|Tyranitar, F, shiny|100/100
|-weather|Sandstorm|[from] ability: Sand Stream|[of] p1a: The sandstorm
|turn|18
|j| himejijou
|
|t:|1779645066
|move|p2a: Gliscor|Earthquake|p1a: The sandstorm
|-supereffective|p1a: The sandstorm
|-damage|p1a: The sandstorm|0 fnt
|faint|p1a: The sandstorm
|
|-weather|Sandstorm|[upkeep]
|-damage|p2a: Gliscor|94/100 tox|[from] Sandstorm
|-heal|p2a: Gliscor|100/100 tox|[from] ability: Poison Heal
|upkeep
|
|t:|1779645072
|switch|p1a: Toshiro|Kyurem, shiny, tera:Ghost|100/100
|-ability|p1a: Toshiro|Pressure
|turn|19
|
|t:|1779645076
|move|p2a: Gliscor|Earthquake|p1a: Toshiro
|-damage|p1a: Toshiro|23/100
|move|p1a: Toshiro|Endeavor|p2a: Gliscor
|-damage|p2a: Gliscor|26/100 tox
|
|-weather|Sandstorm|[upkeep]
|-damage|p2a: Gliscor|20/100 tox|[from] Sandstorm
|-damage|p1a: Toshiro|16/100|[from] Sandstorm
|-heal|p2a: Gliscor|32/100 tox|[from] ability: Poison Heal
|upkeep
|turn|20
|
|t:|1779645081
|move|p2a: Gliscor|Earthquake|p1a: Toshiro
|-damage|p1a: Toshiro|0 fnt
|faint|p1a: Toshiro
|
|-weather|Sandstorm|[upkeep]
|-damage|p2a: Gliscor|26/100 tox|[from] Sandstorm
|-heal|p2a: Gliscor|38/100 tox|[from] ability: Poison Heal
|upkeep
|
|t:|1779645083
|switch|p1a: OP|Excadrill, F|100/100
|turn|21
|
|t:|1779645087
|move|p2a: Gliscor|Earthquake|p1a: OP
|-supereffective|p1a: OP
|-damage|p1a: OP|0 fnt
|faint|p1a: OP
|
|-weather|Sandstorm|[upkeep]
|-damage|p2a: Gliscor|32/100 tox|[from] Sandstorm
|-heal|p2a: Gliscor|45/100 tox|[from] ability: Poison Heal
|upkeep
|-message|OP Earthquakes forfeited.
|
|win|RobustLoki
|raw|OP Earthquakes's rating: 1655 &rarr; <strong>1633</strong><br />(-22 for losing)
|raw|RobustLoki's rating: 1626 &rarr; <strong>1648</strong><br />(+22 for winning)
|l|☆OP Earthquakes
|player|p1|
|l|☆RobustLoki
|player|p2|
|l| hattybatty304
|l| himejijou
|l| Little Cuack
