|j|☆ytggu
|j|☆AnonymousJon
|t:|1779664189
|gametype|singles
|player|p1|ytggu|265|1664
|player|p2|AnonymousJon|workerice|1680
|gen|9
|tier|[Gen 9] OU
|rated|
|rule|HP Percentage Mod: HP is shown in percentages
|rule|Endless Battle Clause: Forcing endless battles is banned
|rule|Species Clause: Limit one of each Pokémon
|rule|OHKO Clause: OHKO moves are banned
|rule|Evasion Items Clause: Evasion items are banned
|rule|Evasion Moves Clause: Evasion moves are banned
|rule|Evasion Abilities Clause: Evasion abilities are banned
|rule|Sleep Moves Clause: Sleep-inducing moves are banned
|clearpoke
|poke|p1|Tyranitar, F|
|poke|p1|Samurott-Hisui, M|
|poke|p1|Rillaboom, F|
|poke|p1|Slowking-Galar, F|
|poke|p1|Excadrill, F|
|poke|p1|Pawmot, F|
|poke|p2|Great Tusk|
|poke|p2|Ogerpon-Cornerstone, F|
|poke|p2|Rillaboom, M|
|poke|p2|Tyranitar, F|
|poke|p2|Corviknight, M|
|poke|p2|Dragapult, F|
|teampreview
|inactive|Battle timer is ON: inactive players will automatically lose when time's up. (requested by AnonymousJon)
|
|t:|1779664198
|teamsize|p1|6
|teamsize|p2|6
|start
|switch|p1a: Slowking|Slowking-Galar, F|100/100
|switch|p2a: Rillaboom|Rillaboom, M|100/100
|-fieldstart|move: Grassy Terrain|[from] ability: Grassy Surge|[of] p2a: Rillaboom
|turn|1
|
|t:|1779664203
|move|p2a: Rillaboom|Knock Off|p1a: Slowking
|-supereffective|p1a: Slowking
|-crit|p1a: Slowking
|-enditem|p1a: Slowking|Colbur Berry|[eat]
|-enditem|p1a: Slowking|Colbur Berry|[weaken]
|-damage|p1a: Slowking|37/100
|move|p1a: Slowking|Sludge Bomb|p2a: Rillaboom
|-supereffective|p2a: Rillaboom
|-crit|p2a: Rillaboom
|-damage|p2a: Rillaboom|0 fnt
|faint|p2a: Rillaboom
|
|-heal|p1a: Slowking|43/100|[from] Grassy Terrain
|upkeep
|
|t:|1779664208
|switch|p2a: Ogerpon|Ogerpon-Cornerstone, F|100/100
|turn|2
|
|t:|1779664223
|move|p2a: Ogerpon|Swords Dance|p2a: Ogerpon
|-boost|p2a: Ogerpon|atk|2
|move|p1a: Slowking|Sludge Bomb|p2a: Ogerpon
|-damage|p2a: Ogerpon|58/100
|-status|p2a: Ogerpon|psn
|
|-heal|p2a: Ogerpon|64/100 psn|[from] Grassy Terrain
|-heal|p1a: Slowking|49/100|[from] Grassy Terrain
|-damage|p2a: Ogerpon|52/100 psn|[from] psn
|upkeep
|turn|3
|
|t:|1779664235
|switch|p1a: Excadrill|Excadrill, F|100/100
|move|p2a: Ogerpon|Horn Leech|p1a: Excadrill
|-damage|p1a: Excadrill|0 fnt
|-heal|p2a: Ogerpon|100/100 psn|[from] drain|[of] p1a: Excadrill
|faint|p1a: Excadrill
|
|-damage|p2a: Ogerpon|88/100 psn|[from] psn
|upkeep
|j| kanaete onegai
|
|t:|1779664246
|switch|p1a: Rillaboom|Rillaboom, F|100/100
|turn|4
|
|t:|1779664253
|-terastallize|p1a: Rillaboom|Grass
|move|p1a: Rillaboom|Grassy Glide|p2a: Ogerpon
|-damage|p2a: Ogerpon|0 fnt
|faint|p2a: Ogerpon
|
|upkeep
|
|t:|1779664256
|switch|p2a: Corviknight|Corviknight, M|100/100
|-ability|p2a: Corviknight|Pressure
|turn|5
|inactive|ytggu has 120 seconds left.
|
|t:|1779664293
|switch|p1a: Samurott|Samurott-Hisui, M|100/100
|move|p2a: Corviknight|U-turn|p1a: Samurott
|-supereffective|p1a: Samurott
|-damage|p1a: Samurott|71/100
|
|t:|1779664301
|switch|p2a: Tyranitar|Tyranitar, F|100/100|[from] U-turn
|-weather|Sandstorm|[from] ability: Sand Stream|[of] p2a: Tyranitar
|
|-weather|Sandstorm|[upkeep]
|-damage|p1a: Samurott|65/100|[from] Sandstorm
|-heal|p1a: Samurott|71/100|[from] Grassy Terrain
|-fieldend|move: Grassy Terrain
|upkeep
|turn|6
|
|t:|1779664305
|move|p1a: Samurott|Sacred Sword|p2a: Tyranitar
|-supereffective|p2a: Tyranitar
|-damage|p2a: Tyranitar|0 fnt
|faint|p2a: Tyranitar
|
|-weather|Sandstorm|[upkeep]
|-damage|p1a: Samurott|65/100|[from] Sandstorm
|upkeep
|
|t:|1779664311
|switch|p2a: Corviknight|Corviknight, M|100/100
|-ability|p2a: Corviknight|Pressure
|turn|7
|
|t:|1779664319
|switch|p1a: Slowking|Slowking-Galar, F|82/100
|move|p2a: Corviknight|U-turn|p1a: Slowking
|-damage|p1a: Slowking|72/100
|
|t:|1779664326
|switch|p2a: Great Tusk|Great Tusk|100/100|[from] U-turn
|
|-weather|Sandstorm|[upkeep]
|-damage|p1a: Slowking|66/100|[from] Sandstorm
|upkeep
|turn|8
|
|t:|1779664348
|move|p2a: Great Tusk|Rapid Spin|p1a: Slowking
|-damage|p1a: Slowking|54/100
|-boost|p2a: Great Tusk|spe|1
|move|p1a: Slowking|Psychic Noise|p2a: Great Tusk
|-supereffective|p2a: Great Tusk
|-damage|p2a: Great Tusk|62/100
|-start|p2a: Great Tusk|move: Heal Block
|
|-weather|Sandstorm|[upkeep]
|-damage|p1a: Slowking|48/100|[from] Sandstorm
|upkeep
|turn|9
|
|t:|1779664363
|switch|p1a: Rillaboom|Rillaboom, F, tera:Grass|100/100
|-fieldstart|move: Grassy Terrain|[from] ability: Grassy Surge|[of] p1a: Rillaboom
|move|p2a: Great Tusk|Headlong Rush|p1a: Rillaboom
|-resisted|p1a: Rillaboom
|-damage|p1a: Rillaboom|72/100
|-unboost|p2a: Great Tusk|def|1
|-unboost|p2a: Great Tusk|spd|1
|
|-weather|none
|-heal|p1a: Rillaboom|78/100|[from] Grassy Terrain
|-end|p2a: Great Tusk|move: Heal Block
|upkeep
|turn|10
|
|t:|1779664373
|-end|p2a: Great Tusk|Protosynthesis|[silent]
|switch|p2a: Corviknight|Corviknight, M|100/100
|-ability|p2a: Corviknight|Pressure
|move|p1a: Rillaboom|U-turn|p2a: Corviknight
|-resisted|p2a: Corviknight
|-damage|p2a: Corviknight|94/100
|-damage|p1a: Rillaboom|61/100|[from] item: Rocky Helmet|[of] p2a: Corviknight
|
|t:|1779664379
|switch|p1a: Pawmot|Pawmot, F|100/100|[from] U-turn
|
|upkeep
|turn|11
|
|t:|1779664388
|move|p1a: Pawmot|Revival Blessing|p1a: Pawmot
|
|t:|1779664391
|-heal|p1: Excadrill|50/100|[from] move: Revival Blessing
|move|p2a: Corviknight|U-turn|p1a: Pawmot
|-resisted|p1a: Pawmot
|-damage|p1a: Pawmot|88/100
|
|t:|1779664401
|switch|p2a: Great Tusk|Great Tusk|62/100|[from] U-turn
|
|-heal|p1a: Pawmot|94/100|[from] Grassy Terrain
|-heal|p2a: Great Tusk|68/100|[from] Grassy Terrain
|upkeep
|turn|12
|
|t:|1779664410
|move|p1a: Pawmot|Close Combat|p2a: Great Tusk
|-damage|p2a: Great Tusk|29/100
|-unboost|p1a: Pawmot|def|1
|-unboost|p1a: Pawmot|spd|1
|move|p2a: Great Tusk|Rapid Spin|p1a: Pawmot
|-damage|p1a: Pawmot|55/100
|-boost|p2a: Great Tusk|spe|1
|
|-heal|p2a: Great Tusk|36/100|[from] Grassy Terrain
|-heal|p1a: Pawmot|61/100|[from] Grassy Terrain
|upkeep
|turn|13
|
|t:|1779664426
|move|p2a: Great Tusk|Headlong Rush|p1a: Pawmot
|-supereffective|p1a: Pawmot
|-damage|p1a: Pawmot|0 fnt
|-unboost|p2a: Great Tusk|def|1
|-unboost|p2a: Great Tusk|spd|1
|faint|p1a: Pawmot
|
|-heal|p2a: Great Tusk|42/100|[from] Grassy Terrain
|-fieldend|move: Grassy Terrain
|upkeep
|
|t:|1779664432
|switch|p1a: Rillaboom|Rillaboom, F, tera:Grass|61/100
|-fieldstart|move: Grassy Terrain|[from] ability: Grassy Surge|[of] p1a: Rillaboom
|turn|14
|
|t:|1779664441
|-end|p2a: Great Tusk|Protosynthesis|[silent]
|switch|p2a: Corviknight|Corviknight, M|94/100
|-ability|p2a: Corviknight|Pressure
|switch|p1a: Slowking|Slowking-Galar, F|81/100
|
|-heal|p1a: Slowking|87/100|[from] Grassy Terrain
|upkeep
|turn|15
|
|t:|1779664449
|move|p2a: Corviknight|Brave Bird|p1a: Slowking
|-damage|p1a: Slowking|62/100
|-damage|p2a: Corviknight|86/100|[from] Recoil
|move|p1a: Slowking|Psychic Noise|p2a: Corviknight
|-resisted|p2a: Corviknight
|-damage|p2a: Corviknight|71/100
|-start|p2a: Corviknight|move: Heal Block
|
|-heal|p1a: Slowking|68/100|[from] Grassy Terrain
|upkeep
|turn|16
|
|t:|1779664453
|move|p2a: Corviknight|U-turn|p1a: Slowking
|-damage|p1a: Slowking|58/100
|
|t:|1779664455
|switch|p2a: Dragapult|Dragapult, F|100/100|[from] U-turn
|move|p1a: Slowking|Flamethrower|p2a: Dragapult
|-resisted|p2a: Dragapult
|-damage|p2a: Dragapult|86/100
|-status|p2a: Dragapult|brn
|
|-heal|p2a: Dragapult|92/100 brn|[from] Grassy Terrain
|-heal|p2a: Dragapult|99/100 brn|[from] item: Leftovers
|-heal|p1a: Slowking|64/100|[from] Grassy Terrain
|-damage|p2a: Dragapult|92/100 brn|[from] brn
|upkeep
|turn|17
|
|t:|1779664463
|switch|p1a: Tyranitar|Tyranitar, F|100/100
|-weather|Sandstorm|[from] ability: Sand Stream|[of] p1a: Tyranitar
|move|p2a: Dragapult|Substitute|p2a: Dragapult
|-start|p2a: Dragapult|Substitute
|-damage|p2a: Dragapult|67/100 brn
|
|-weather|Sandstorm|[upkeep]
|-damage|p2a: Dragapult|61/100 brn|[from] Sandstorm
|-heal|p2a: Dragapult|67/100 brn|[from] Grassy Terrain
|-heal|p2a: Dragapult|74/100 brn|[from] item: Leftovers
|-damage|p2a: Dragapult|67/100 brn|[from] brn
|upkeep
|turn|18
|
|t:|1779664475
|move|p2a: Dragapult|Will-O-Wisp|p1a: Tyranitar|[miss]
|-miss|p2a: Dragapult|p1a: Tyranitar
|move|p1a: Tyranitar|Power Gem|p2a: Dragapult
|-crit|p2a: Dragapult
|-end|p2a: Dragapult|Substitute
|
|-weather|Sandstorm|[upkeep]
|-damage|p2a: Dragapult|61/100 brn|[from] Sandstorm
|-heal|p2a: Dragapult|67/100 brn|[from] Grassy Terrain
|-heal|p2a: Dragapult|74/100 brn|[from] item: Leftovers
|-damage|p2a: Dragapult|67/100 brn|[from] brn
|-fieldend|move: Grassy Terrain
|upkeep
|turn|19
|
|t:|1779664486
|switch|p2a: Great Tusk|Great Tusk|42/100
|move|p1a: Tyranitar|Ice Beam|p2a: Great Tusk
|-supereffective|p2a: Great Tusk
|-damage|p2a: Great Tusk|3/100
|
|-weather|Sandstorm|[upkeep]
|upkeep
|turn|20
|-message|AnonymousJon forfeited.
|
|win|ytggu
|raw|ytggu's rating: 1664 &rarr; <strong>1685</strong><br />(+21 for winning)
|raw|AnonymousJon's rating: 1680 &rarr; <strong>1659</strong><br />(-21 for losing)
|l|☆AnonymousJon
|player|p2|
|l|☆ytggu
|player|p1|
