|j|☆knownah39
|j|☆MurdaPullover9
|t:|1779612018
|gametype|singles
|player|p1|knownah39|richboy-gen4|1097
|player|p2|MurdaPullover9|ethan|1110
|gen|9
|tier|[Gen 9] OU
|rated|
|rule|HP Percentage Mod: HP is shown in percentages
|rule|Endless Battle Clause: Forcing endless battles is banned
|rule|Species Clause: Limit one of each Pokémon
|rule|OHKO Clause: OHKO moves are banned
|rule|Evasion Items Clause: Evasion items are banned
|rule|Evasion Moves Clause: Evasion moves are banned
|rule|Evasion Abilities Clause: Evasion abilities are banned
|rule|Sleep Moves Clause: Sleep-inducing moves are banned
|clearpoke
|poke|p1|Deoxys-Speed|
|poke|p1|Torkoal, F|
|poke|p1|Vileplume, M|
|poke|p1|Ceruledge, M|
|poke|p1|Hawlucha, M|
|poke|p1|Garganacl, M|
|poke|p2|Samurott-Hisui, M|
|poke|p2|Gholdengo|
|poke|p2|Gliscor, F|
|poke|p2|Ursaluna, F|
|poke|p2|Dragonite, M|
|poke|p2|Hatterene, F|
|teampreview
|
|t:|1779612030
|teamsize|p1|6
|teamsize|p2|6
|start
|switch|p1a: Hawlucha|Hawlucha, M|100/100
|switch|p2a: Samurott|Samurott-Hisui, M|100/100
|turn|1
|
|t:|1779612049
|move|p1a: Hawlucha|Body Slam|p2a: Samurott
|-enditem|p1a: Hawlucha|Normal Gem|[from] gem
|-damage|p2a: Samurott|63/100
|move|p2a: Samurott|Knock Off|p1a: Hawlucha
|-resisted|p1a: Hawlucha
|-damage|p1a: Hawlucha|81/100
|
|upkeep
|turn|2
|
|t:|1779612074
|move|p1a: Hawlucha|Protect|p1a: Hawlucha
|-singleturn|p1a: Hawlucha|Protect
|move|p2a: Samurott|Ceaseless Edge|p1a: Hawlucha
|-activate|p1a: Hawlucha|move: Protect
|
|upkeep
|turn|3
|
|t:|1779612089
|move|p1a: Hawlucha|Body Slam|p2a: Samurott
|-crit|p2a: Samurott
|-damage|p2a: Samurott|18/100
|-status|p2a: Samurott|par
|move|p2a: Samurott|Ceaseless Edge|p1a: Hawlucha
|-resisted|p1a: Hawlucha
|-damage|p1a: Hawlucha|51/100
|-sidestart|p1: knownah39|Spikes
|
|upkeep
|turn|4
|
|t:|1779612101
|move|p2a: Samurott|Aqua Jet|p1a: Hawlucha
|-damage|p1a: Hawlucha|22/100
|move|p1a: Hawlucha|Body Slam|p2a: Samurott
|-damage|p2a: Samurott|0 fnt
|faint|p2a: Samurott
|
|upkeep
|
|t:|1779612116
|switch|p2a: Gliscor|Gliscor, F, shiny|100/100
|turn|5
|
|t:|1779612130
|move|p1a: Hawlucha|Endure|p1a: Hawlucha
|-singleturn|p1a: Hawlucha|move: Endure
|move|p2a: Gliscor|Swords Dance|p2a: Gliscor
|-boost|p2a: Gliscor|atk|2
|
|-status|p2a: Gliscor|tox|[from] item: Toxic Orb
|upkeep
|turn|6
|
|t:|1779612138
|move|p1a: Hawlucha|Body Slam|p2a: Gliscor
|-crit|p2a: Gliscor
|-damage|p2a: Gliscor|72/100 tox
|move|p2a: Gliscor|Swords Dance|p2a: Gliscor
|-boost|p2a: Gliscor|atk|2
|
|-heal|p2a: Gliscor|85/100 tox|[from] ability: Poison Heal
|upkeep
|turn|7
|
|t:|1779612156
|move|p1a: Hawlucha|Endure|p1a: Hawlucha
|-singleturn|p1a: Hawlucha|move: Endure
|move|p2a: Gliscor|Facade|p1a: Hawlucha
|-activate|p1a: Hawlucha|move: Endure
|-damage|p1a: Hawlucha|1/100
|
|-heal|p2a: Gliscor|97/100 tox|[from] ability: Poison Heal
|upkeep
|turn|8
|
|t:|1779612166
|move|p1a: Hawlucha|Reversal|p2a: Gliscor
|-resisted|p2a: Gliscor
|-damage|p2a: Gliscor|64/100 tox
|move|p2a: Gliscor|Facade|p1a: Hawlucha
|-damage|p1a: Hawlucha|0 fnt
|faint|p1a: Hawlucha
|
|-heal|p2a: Gliscor|77/100 tox|[from] ability: Poison Heal
|upkeep
|
|t:|1779612180
|switch|p1a: Deoxys|Deoxys-Speed|100/100
|-damage|p1a: Deoxys|88/100|[from] Spikes
|-ability|p1a: Deoxys|Pressure
|turn|9
|
|t:|1779612206
|move|p1a: Deoxys|Trick|p2a: Gliscor
|-activate|p1a: Deoxys|move: Trick|[of] p2a: Gliscor
|-item|p2a: Gliscor|Choice Scarf|[from] move: Trick
|-item|p1a: Deoxys|Toxic Orb|[from] move: Trick
|move|p2a: Gliscor|Earthquake|p1a: Deoxys
|-damage|p1a: Deoxys|0 fnt
|faint|p1a: Deoxys
|
|-heal|p2a: Gliscor|89/100 tox|[from] ability: Poison Heal
|upkeep
|
|t:|1779612214
|switch|p1a: Torkoal|Torkoal, F|100/100
|-damage|p1a: Torkoal|88/100|[from] Spikes
|-weather|SunnyDay|[from] ability: Drought|[of] p1a: Torkoal
|turn|10
|
|t:|1779612237
|move|p2a: Gliscor|Earthquake|p1a: Torkoal
|-supereffective|p1a: Torkoal
|-damage|p1a: Torkoal|0 fnt
|faint|p1a: Torkoal
|
|-weather|SunnyDay|[upkeep]
|-heal|p2a: Gliscor|100/100 tox|[from] ability: Poison Heal
|upkeep
|
|t:|1779612240
|switch|p1a: Vileplume|Vileplume, M, shiny|100/100
|-damage|p1a: Vileplume|88/100|[from] Spikes
|turn|11
|
|t:|1779612247
|-terastallize|p1a: Vileplume|Grass
|move|p2a: Gliscor|Earthquake|p1a: Vileplume
|-resisted|p1a: Vileplume
|-damage|p1a: Vileplume|36/100
|-enditem|p1a: Vileplume|Sitrus Berry|[eat]
|-heal|p1a: Vileplume|61/100|[from] item: Sitrus Berry
|move|p1a: Vileplume|Solar Beam||[still]
|-prepare|p1a: Vileplume|Solar Beam
|-anim|p1a: Vileplume|Solar Beam|p2a: Gliscor
|-damage|p2a: Gliscor|35/100 tox
|
|-weather|SunnyDay|[upkeep]
|-heal|p2a: Gliscor|48/100 tox|[from] ability: Poison Heal
|upkeep
|turn|12
|
|t:|1779612260
|move|p2a: Gliscor|Earthquake|p1a: Vileplume
|-resisted|p1a: Vileplume
|-crit|p1a: Vileplume
|-damage|p1a: Vileplume|0 fnt
|faint|p1a: Vileplume
|
|-weather|SunnyDay|[upkeep]
|-heal|p2a: Gliscor|60/100 tox|[from] ability: Poison Heal
|upkeep
|
|t:|1779612263
|switch|p1a: Garganacl|Garganacl, M|100/100
|-damage|p1a: Garganacl|88/100|[from] Spikes
|turn|13
|
|t:|1779612269
|move|p2a: Gliscor|Earthquake|p1a: Garganacl
|-supereffective|p1a: Garganacl
|-damage|p1a: Garganacl|0 fnt
|faint|p1a: Garganacl
|
|-weather|SunnyDay|[upkeep]
|-heal|p2a: Gliscor|73/100 tox|[from] ability: Poison Heal
|upkeep
|-message|knownah39 forfeited.
|
|win|MurdaPullover9
|raw|knownah39's rating: 1097 &rarr; <strong>1073</strong><br />(-24 for losing)
|raw|MurdaPullover9's rating: 1110 &rarr; <strong>1134</strong><br />(+24 for winning)
|l|☆knownah39
|player|p1|
|l|☆MurdaPullover9
|player|p2|
