|j|☆Vinkun9746
|j|☆xlbxrt
|t:|1779630244
|gametype|singles
|player|p1|Vinkun9746|cynthia-gen4|
|player|p2|xlbxrt|2|
|gen|9
|tier|[Gen 9] OU
|rule|HP Percentage Mod: HP is shown in percentages
|rule|Endless Battle Clause: Forcing endless battles is banned
|rule|Species Clause: Limit one of each Pokémon
|rule|OHKO Clause: OHKO moves are banned
|rule|Evasion Items Clause: Evasion items are banned
|rule|Evasion Moves Clause: Evasion moves are banned
|rule|Evasion Abilities Clause: Evasion abilities are banned
|rule|Sleep Moves Clause: Sleep-inducing moves are banned
|clearpoke
|poke|p1|Greninja-*, F|
|poke|p1|Skeledirge, M|
|poke|p1|Ogerpon, F|
|poke|p1|Delibird, M|
|poke|p1|Regigigas|
|poke|p1|Porygon2|
|poke|p2|Deoxys-Speed|
|poke|p2|Iron Treads|
|poke|p2|Iron Thorns|
|poke|p2|Hydrapple, F|
|poke|p2|Snorlax, F|
|poke|p2|Mandibuzz, F|
|teampreview
|j| PrestigeCivilian
|j| ItsMeFiery
|c| PrestigeCivilian|Vincent - Terra Iron Thorns (Flying)
|j| Just_Seele
|c|☆Vinkun9746|tera normal continental smash mega porygon 2
|j| firstle
|c|☆Vinkun9746|no suicune :'((
|c|☆Vinkun9746|ogeys
|j| nanchalant
|c|☆Vinkun9746|anti regigigas scary
|
|t:|1779630409
|teamsize|p1|6
|teamsize|p2|6
|start
|switch|p1a: Hooter|Porygon2|100/100
|switch|p2a: Deoxys|Deoxys-Speed|100/100
|-ability|p2a: Deoxys|Pressure
|turn|1
|c| PrestigeCivilian|sarap hooter
|c| PrestigeCivilian|libre mo kami dyan sa unang sahod mo
|l| nanchalant
|c|☆Vinkun9746|oh no
|c| PrestigeCivilian|damot
|j| nanchalant
|
|t:|1779630443
|-terastallize|p1a: Hooter|Normal
|move|p2a: Deoxys|Taunt|p1a: Hooter
|-start|p1a: Hooter|move: Taunt
|move|p1a: Hooter|Shadow Ball|p2a: Deoxys
|-supereffective|p2a: Deoxys
|-damage|p2a: Deoxys|16/100
|-unboost|p2a: Deoxys|spd|1
|
|upkeep
|turn|2
|l| nanchalant
|
|t:|1779630497
|move|p2a: Deoxys|Stealth Rock|p1a: Hooter
|-sidestart|p1: Vinkun9746|move: Stealth Rock
|move|p1a: Hooter|Ice Beam|p2a: Deoxys
|-damage|p2a: Deoxys|0 fnt
|faint|p2a: Deoxys
|
|upkeep
|
|t:|1779630526
|switch|p2a: Regi GIGAAAAZ|Snorlax, F, shiny|100/100
|turn|3
|c|☆Vinkun9746|omg
|c|☆Vinkun9746|focus blast
|
|t:|1779630572
|switch|p1a: Mommy Lizard|Skeledirge, M|100/100
|move|p2a: Regi GIGAAAAZ|Substitute|p2a: Regi GIGAAAAZ
|-start|p2a: Regi GIGAAAAZ|Substitute
|-damage|p2a: Regi GIGAAAAZ|75/100
|
|-heal|p2a: Regi GIGAAAAZ|82/100|[from] item: Leftovers
|upkeep
|turn|4
|c|☆Vinkun9746|scary
|j| pikapikachewie
|
|t:|1779630630
|move|p1a: Mommy Lizard|Torch Song|p2a: Regi GIGAAAAZ
|-damage|p2a: Regi GIGAAAAZ|72/100
|-boost|p1a: Mommy Lizard|spa|1
|move|p2a: Regi GIGAAAAZ|Heat Crash|p1a: Mommy Lizard
|-resisted|p1a: Mommy Lizard
|-damage|p1a: Mommy Lizard|95/100
|
|-heal|p2a: Regi GIGAAAAZ|78/100|[from] item: Leftovers
|upkeep
|turn|5
|c| PrestigeCivilian|mommy lizard pero lalaki
|c| PrestigeCivilian|sound base
|c| pikapikachewie|mommy
|c|☆Vinkun9746|male gender
|c| pikapikachewie|even better
|c|☆Vinkun9746|phutanari
|c| PrestigeCivilian|fut4n4ri
|c| PrestigeCivilian|pukelya
|
|t:|1779630703
|switch|p2a: Rayquaza-Defense|Hydrapple, F, shiny|100/100
|move|p1a: Mommy Lizard|Torch Song|p2a: Rayquaza-Defense
|-damage|p2a: Rayquaza-Defense|40/100
|-boost|p1a: Mommy Lizard|spa|1
|
|-heal|p2a: Rayquaza-Defense|46/100|[from] item: Leftovers
|upkeep
|turn|6
|c|☆Vinkun9746|semilya
|c| pikapikachewie|sakit
|j| nanchalant
|c|☆Vinkun9746|dragon ascent
|c|☆Vinkun9746|si caterpie yung baby form ni rayquaza
|c|☆Vinkun9746|tapos kumakain ng mansanas naging ganyan
|c|☆Vinkun9746|tapos evolve na rayquaza
|
|t:|1779630820
|switch|p2a: Regi GIGAAAAZ|Snorlax, F, shiny|78/100
|move|p1a: Mommy Lizard|Torch Song|p2a: Regi GIGAAAAZ
|-damage|p2a: Regi GIGAAAAZ|60/100
|-boost|p1a: Mommy Lizard|spa|1
|
|-heal|p2a: Regi GIGAAAAZ|67/100|[from] item: Leftovers
|upkeep
|turn|7
|
|t:|1779630833
|move|p1a: Mommy Lizard|Will-O-Wisp|p2a: Regi GIGAAAAZ
|-status|p2a: Regi GIGAAAAZ|brn
|move|p2a: Regi GIGAAAAZ|Substitute|p2a: Regi GIGAAAAZ
|-start|p2a: Regi GIGAAAAZ|Substitute
|-damage|p2a: Regi GIGAAAAZ|42/100 brn
|
|-heal|p2a: Regi GIGAAAAZ|48/100 brn|[from] item: Leftovers
|-damage|p2a: Regi GIGAAAAZ|42/100 brn|[from] brn
|upkeep
|turn|8
|
|t:|1779630843
|move|p1a: Mommy Lizard|Torch Song|p2a: Regi GIGAAAAZ
|-damage|p2a: Regi GIGAAAAZ|18/100 brn
|-boost|p1a: Mommy Lizard|spa|1
|move|p2a: Regi GIGAAAAZ|Heat Crash|p1a: Mommy Lizard
|-resisted|p1a: Mommy Lizard
|-damage|p1a: Mommy Lizard|93/100
|
|-heal|p2a: Regi GIGAAAAZ|24/100 brn|[from] item: Leftovers
|-damage|p2a: Regi GIGAAAAZ|18/100 brn|[from] brn
|upkeep
|turn|9
|
|t:|1779630857
|move|p1a: Mommy Lizard|Torch Song|p2a: Regi GIGAAAAZ
|-crit|p2a: Regi GIGAAAAZ
|-damage|p2a: Regi GIGAAAAZ|0 fnt
|-boost|p1a: Mommy Lizard|spa|1
|faint|p2a: Regi GIGAAAAZ
|
|upkeep
|c| pikapikachewie|damn
|
|t:|1779630889
|switch|p2a: Great TUSKKK|Iron Treads|100/100
|turn|10
|
|t:|1779630898
|move|p2a: Great TUSKKK|Earthquake|p1a: Mommy Lizard
|-supereffective|p1a: Mommy Lizard
|-damage|p1a: Mommy Lizard|13/100
|move|p1a: Mommy Lizard|Torch Song|p2a: Great TUSKKK
|-supereffective|p2a: Great TUSKKK
|-damage|p2a: Great TUSKKK|0 fnt
|-boost|p1a: Mommy Lizard|spa|1
|faint|p2a: Great TUSKKK
|-end|p2a: Great TUSKKK|Quark Drive|[silent]
|
|upkeep
|c| pikapikachewie|skt
|
|t:|1779630941
|switch|p2a: Dark Ho-Oh|Mandibuzz, F, shiny|100/100
|turn|11
|
|t:|1779630946
|move|p1a: Mommy Lizard|Slack Off|p1a: Mommy Lizard
|-heal|p1a: Mommy Lizard|63/100
|move|p2a: Dark Ho-Oh|Foul Play|p1a: Mommy Lizard
|-supereffective|p1a: Mommy Lizard
|-damage|p1a: Mommy Lizard|25/100
|
|upkeep
|turn|12
|c| PrestigeCivilian|racist
|
|t:|1779630953
|move|p1a: Mommy Lizard|Slack Off|p1a: Mommy Lizard
|-heal|p1a: Mommy Lizard|75/100
|move|p2a: Dark Ho-Oh|Foul Play|p1a: Mommy Lizard
|-supereffective|p1a: Mommy Lizard
|-damage|p1a: Mommy Lizard|36/100
|
|upkeep
|turn|13
|
|t:|1779630964
|move|p1a: Mommy Lizard|Slack Off|p1a: Mommy Lizard
|-heal|p1a: Mommy Lizard|86/100
|move|p2a: Dark Ho-Oh|Toxic|p1a: Mommy Lizard|[miss]
|-miss|p2a: Dark Ho-Oh|p1a: Mommy Lizard
|
|upkeep
|turn|14
|
|t:|1779630974
|move|p1a: Mommy Lizard|Torch Song|p2a: Dark Ho-Oh
|-damage|p2a: Dark Ho-Oh|0 fnt
|faint|p2a: Dark Ho-Oh
|
|upkeep
|
|t:|1779630984
|switch|p2a: Shiny Godzilla|Iron Thorns, shiny|100/100
|-enditem|p2a: Shiny Godzilla|Booster Energy
|-activate|p2a: Shiny Godzilla|ability: Quark Drive|[fromitem]
|-start|p2a: Shiny Godzilla|quarkdriveatk
|turn|15
|
|t:|1779631010
|move|p2a: Shiny Godzilla|Earthquake|p1a: Mommy Lizard
|-supereffective|p1a: Mommy Lizard
|-damage|p1a: Mommy Lizard|0 fnt
|faint|p1a: Mommy Lizard
|
|upkeep
|
|t:|1779631037
|switch|p1a: PNGESUS|Ogerpon, F|100/100
|turn|16
|
|t:|1779631075
|-end|p2a: Shiny Godzilla|Quark Drive|[silent]
|switch|p2a: Rayquaza-Defense|Hydrapple, F, shiny|79/100
|move|p1a: PNGESUS|Ivy Cudgel|p2a: Rayquaza-Defense
|-resisted|p2a: Rayquaza-Defense
|-damage|p2a: Rayquaza-Defense|72/100
|
|-heal|p2a: Rayquaza-Defense|78/100|[from] item: Leftovers
|upkeep
|turn|17
|
|t:|1779631087
|move|p1a: PNGESUS|Swords Dance|p1a: PNGESUS
|-boost|p1a: PNGESUS|atk|2
|move|p2a: Rayquaza-Defense|Fickle Beam|p1a: PNGESUS|[anim] Fickle Beam All Out
|-activate|p2a: Rayquaza-Defense|move: Fickle Beam
|-damage|p1a: PNGESUS|22/100
|
|-heal|p2a: Rayquaza-Defense|84/100|[from] item: Leftovers
|upkeep
|turn|18
|
|t:|1779631096
|move|p1a: PNGESUS|Play Rough|p2a: Rayquaza-Defense
|-supereffective|p2a: Rayquaza-Defense
|-damage|p2a: Rayquaza-Defense|7/100
|move|p2a: Rayquaza-Defense|Fickle Beam|p1a: PNGESUS
|-damage|p1a: PNGESUS|0 fnt
|faint|p1a: PNGESUS
|
|-heal|p2a: Rayquaza-Defense|14/100|[from] item: Leftovers
|upkeep
|
|t:|1779631106
|switch|p1a: Blue Minato|Greninja, F|100/100
|turn|19
|
|t:|1779631116
|move|p1a: Blue Minato|Ice Beam|p2a: Rayquaza-Defense
|-start|p1a: Blue Minato|typechange|Ice|[from] ability: Protean
|-supereffective|p2a: Rayquaza-Defense
|-damage|p2a: Rayquaza-Defense|0 fnt
|faint|p2a: Rayquaza-Defense
|
|upkeep
|
|t:|1779631124
|switch|p2a: Shiny Godzilla|Iron Thorns, shiny|100/100
|turn|20
|
|t:|1779631167
|-terastallize|p2a: Shiny Godzilla|Flying
|move|p1a: Blue Minato|Ice Beam|p2a: Shiny Godzilla
|-supereffective|p2a: Shiny Godzilla
|-damage|p2a: Shiny Godzilla|4/100
|move|p2a: Shiny Godzilla|Stone Edge|p1a: Blue Minato
|-supereffective|p1a: Blue Minato
|-damage|p1a: Blue Minato|0 fnt
|faint|p1a: Blue Minato
|
|upkeep
|
|t:|1779631178
|switch|p1a: I will heal you|Delibird, M|100/100
|-damage|p1a: I will heal you|51/100|[from] Stealth Rock
|turn|21
|c| PrestigeCivilian|Walang ppe si santa
|c|☆Vinkun9746|4x skt
|
|t:|1779631213
|move|p1a: I will heal you|Foul Play|p2a: Shiny Godzilla
|-damage|p2a: Shiny Godzilla|0 fnt
|faint|p2a: Shiny Godzilla
|-end|p2a: Shiny Godzilla|Quark Drive|[silent]
|
|win|Vinkun9746
