|j|☆BiscoitoXDBr
|j|☆DenchestYoungG
|t:|1779559094
|gametype|singles
|player|p1|BiscoitoXDBr|clown|1364
|player|p2|DenchestYoungG|101|1350
|gen|9
|tier|[Gen 9] OU
|rated|
|rule|HP Percentage Mod: HP is shown in percentages
|rule|Endless Battle Clause: Forcing endless battles is banned
|rule|Species Clause: Limit one of each Pokémon
|rule|OHKO Clause: OHKO moves are banned
|rule|Evasion Items Clause: Evasion items are banned
|rule|Evasion Moves Clause: Evasion moves are banned
|rule|Evasion Abilities Clause: Evasion abilities are banned
|rule|Sleep Moves Clause: Sleep-inducing moves are banned
|clearpoke
|poke|p1|Moltres-Galar|
|poke|p1|Gholdengo|
|poke|p1|Samurott-Hisui, F|
|poke|p1|Smeargle, F|
|poke|p1|Zamazenta-*|
|poke|p1|Deoxys-Speed|
|poke|p2|Enamorus, F|
|poke|p2|Kyurem|
|poke|p2|Rillaboom, M|
|poke|p2|Polteageist-Antique|
|poke|p2|Iron Crown|
|poke|p2|Araquanid, M|
|teampreview
|inactive|Battle timer is ON: inactive players will automatically lose when time's up. (requested by BiscoitoXDBr)
|
|t:|1779559104
|teamsize|p1|6
|teamsize|p2|6
|start
|switch|p1a: Deoxys|Deoxys-Speed|100/100
|switch|p2a: Araquanid|Araquanid, M|100/100
|-ability|p1a: Deoxys|Pressure
|turn|1
|
|t:|1779559108
|move|p1a: Deoxys|Taunt|p2a: Araquanid
|-start|p2a: Araquanid|move: Taunt
|move|p2a: Araquanid|Infestation|p1a: Deoxys
|-supereffective|p1a: Deoxys
|-damage|p1a: Deoxys|91/100
|-activate|p1a: Deoxys|move: Infestation|[of] p2a: Araquanid
|
|-damage|p1a: Deoxys|78/100|[from] move: Infestation|[partiallytrapped]
|upkeep
|turn|2
|
|t:|1779559117
|move|p1a: Deoxys|Reflect|p1a: Deoxys
|-sidestart|p1: BiscoitoXDBr|Reflect
|move|p2a: Araquanid|Liquidation|p1a: Deoxys
|-damage|p1a: Deoxys|50/100
|
|-damage|p1a: Deoxys|38/100|[from] move: Infestation|[partiallytrapped]
|upkeep
|turn|3
|
|t:|1779559121
|move|p1a: Deoxys|Light Screen|p1a: Deoxys
|-sidestart|p1: BiscoitoXDBr|move: Light Screen
|move|p2a: Araquanid|Liquidation|p1a: Deoxys
|-damage|p1a: Deoxys|10/100
|
|-damage|p1a: Deoxys|0 fnt|[from] move: Infestation|[partiallytrapped]
|faint|p1a: Deoxys
|-end|p2a: Araquanid|move: Taunt
|upkeep
|inactive|BiscoitoXDBr has 120 seconds left.
|
|t:|1779559164
|switch|p1a: Gholdengo|Gholdengo|100/100
|turn|4
|inactive|BiscoitoXDBr has 120 seconds left.
|
|t:|1779559175
|move|p1a: Gholdengo|Shadow Ball|p2a: Araquanid
|-damage|p2a: Araquanid|75/100
|move|p2a: Araquanid|Sticky Web|p1a: Gholdengo
|-sidestart|p1: BiscoitoXDBr|move: Sticky Web
|
|upkeep
|turn|5
|inactive|BiscoitoXDBr has 120 seconds left.
|
|t:|1779559182
|switch|p1a: Samurott|Samurott-Hisui, F|100/100
|-activate|p1a: Samurott|move: Sticky Web
|-unboost|p1a: Samurott|spe|1
|move|p2a: Araquanid|Liquidation|p1a: Samurott
|-resisted|p1a: Samurott
|-damage|p1a: Samurott|86/100
|
|upkeep
|turn|6
|inactive|BiscoitoXDBr has 120 seconds left.
|
|t:|1779559200
|move|p1a: Samurott|Ceaseless Edge|p2a: Araquanid
|-damage|p2a: Araquanid|27/100
|-sidestart|p2: DenchestYoungG|Spikes
|move|p2a: Araquanid|Infestation|p1a: Samurott
|-supereffective|p1a: Samurott
|-damage|p1a: Samurott|80/100
|-activate|p1a: Samurott|move: Infestation|[of] p2a: Araquanid
|
|-damage|p1a: Samurott|68/100|[from] move: Infestation|[partiallytrapped]
|upkeep
|turn|7
|inactive|BiscoitoXDBr has 120 seconds left.
|
|t:|1779559205
|move|p1a: Samurott|Ceaseless Edge|p2a: Araquanid
|-damage|p2a: Araquanid|0 fnt
|-sidestart|p2: DenchestYoungG|Spikes
|faint|p2a: Araquanid
|
|-end|p1a: Samurott|Infestation|[partiallytrapped]|[silent]
|upkeep
|
|t:|1779559216
|switch|p2a: Iron Crown|Iron Crown|100/100
|-damage|p2a: Iron Crown|84/100|[from] Spikes
|turn|8
|
|t:|1779559223
|move|p2a: Iron Crown|Calm Mind|p2a: Iron Crown
|-boost|p2a: Iron Crown|spa|1
|-boost|p2a: Iron Crown|spd|1
|move|p1a: Samurott|Ceaseless Edge|p2a: Iron Crown
|-supereffective|p2a: Iron Crown
|-damage|p2a: Iron Crown|11/100
|-enditem|p2a: Iron Crown|Weakness Policy
|-boost|p2a: Iron Crown|atk|2|[from] item: Weakness Policy
|-boost|p2a: Iron Crown|spa|2|[from] item: Weakness Policy
|-sidestart|p2: DenchestYoungG|Spikes
|
|upkeep
|turn|9
|
|t:|1779559235
|move|p2a: Iron Crown|Tachyon Cutter|p1a: Samurott
|-resisted|p1a: Samurott
|-damage|p1a: Samurott|49/100
|-resisted|p1a: Samurott
|-damage|p1a: Samurott|28/100
|-hitcount|p1a: Samurott|2
|move|p1a: Samurott|Ceaseless Edge|p2a: Iron Crown
|-supereffective|p2a: Iron Crown
|-damage|p2a: Iron Crown|0 fnt
|faint|p2a: Iron Crown
|-end|p2a: Iron Crown|Quark Drive|[silent]
|
|-sideend|p1: BiscoitoXDBr|Reflect
|upkeep
|
|t:|1779559240
|switch|p2a: Enamorus|Enamorus, F|100/100
|turn|10
|
|t:|1779559251
|move|p2a: Enamorus|Moonblast|p1a: Samurott
|-supereffective|p1a: Samurott
|-damage|p1a: Samurott|0 fnt
|faint|p1a: Samurott
|
|-sideend|p1: BiscoitoXDBr|move: Light Screen
|upkeep
|
|t:|1779559253
|switch|p1a: Gholdengo|Gholdengo|100/100
|-activate|p1a: Gholdengo|move: Sticky Web
|-unboost|p1a: Gholdengo|spe|1
|turn|11
|
|t:|1779559260
|switch|p2a: Rillaboom|Rillaboom, M|100/100
|-damage|p2a: Rillaboom|76/100|[from] Spikes
|-fieldstart|move: Grassy Terrain|[from] ability: Grassy Surge|[of] p2a: Rillaboom
|move|p1a: Gholdengo|Shadow Ball|p2a: Rillaboom
|-damage|p2a: Rillaboom|16/100
|
|-heal|p2a: Rillaboom|22/100|[from] Grassy Terrain
|upkeep
|turn|12
|
|t:|1779559268
|switch|p1a: Moltres|Moltres-Galar|100/100
|move|p2a: Rillaboom|Knock Off|p1a: Moltres
|-resisted|p1a: Moltres
|-damage|p1a: Moltres|70/100
|-enditem|p1a: Moltres|Sitrus Berry|[from] move: Knock Off|[of] p2a: Rillaboom
|
|-heal|p2a: Rillaboom|29/100|[from] Grassy Terrain
|upkeep
|turn|13
|
|t:|1779559274
|move|p1a: Moltres|Agility|p1a: Moltres
|-boost|p1a: Moltres|spe|2
|move|p2a: Rillaboom|Knock Off|p1a: Moltres
|-resisted|p1a: Moltres
|-damage|p1a: Moltres|48/100
|-ability|p1a: Moltres|Berserk|boost
|-boost|p1a: Moltres|spa|1
|
|-heal|p2a: Rillaboom|35/100|[from] Grassy Terrain
|upkeep
|turn|14
|
|t:|1779559283
|switch|p2a: Enamorus|Enamorus, F|100/100
|move|p1a: Moltres|Fiery Wrath|p2a: Enamorus
|-resisted|p2a: Enamorus
|-damage|p2a: Enamorus|58/100
|
|upkeep
|turn|15
|
|t:|1779559288
|move|p1a: Moltres|Hurricane|p2a: Enamorus
|-damage|p2a: Enamorus|0 fnt
|faint|p2a: Enamorus
|
|-fieldend|move: Grassy Terrain
|upkeep
|
|t:|1779559293
|switch|p2a: Kyurem|Kyurem|100/100
|-damage|p2a: Kyurem|76/100|[from] Spikes
|-ability|p2a: Kyurem|Pressure
|turn|16
|
|t:|1779559309
|-terastallize|p1a: Moltres|Ghost
|move|p1a: Moltres|Nasty Plot|p1a: Moltres
|-boost|p1a: Moltres|spa|2
|move|p2a: Kyurem|Icicle Spear|p1a: Moltres
|-damage|p1a: Moltres|33/100
|-crit|p1a: Moltres
|-damage|p1a: Moltres|11/100
|-damage|p1a: Moltres|0 fnt
|faint|p1a: Moltres
|-hitcount|p1: Moltres|3
|
|upkeep
|
|t:|1779559319
|switch|p1a: Zamazenta|Zamazenta|100/100
|-activate|p1a: Zamazenta|move: Sticky Web
|-unboost|p1a: Zamazenta|spe|1
|-ability|p1a: Zamazenta|Dauntless Shield|boost
|-boost|p1a: Zamazenta|def|1
|turn|17
|
|t:|1779559325
|switch|p2a: Rillaboom|Rillaboom, M|35/100
|-damage|p2a: Rillaboom|10/100|[from] Spikes
|-fieldstart|move: Grassy Terrain|[from] ability: Grassy Surge|[of] p2a: Rillaboom
|move|p1a: Zamazenta|Iron Defense|p1a: Zamazenta
|-boost|p1a: Zamazenta|def|2
|
|-heal|p2a: Rillaboom|16/100|[from] Grassy Terrain
|upkeep
|turn|18
|
|t:|1779559334
|move|p1a: Zamazenta|Body Press|p2a: Rillaboom
|-damage|p2a: Rillaboom|0 fnt
|faint|p2a: Rillaboom
|
|upkeep
|
|t:|1779559337
|switch|p2a: Polteageist|Polteageist-Antique|100/100
|-damage|p2a: Polteageist|76/100|[from] Spikes
|turn|19
|
|t:|1779559342
|move|p1a: Zamazenta|Heavy Slam|p2a: Polteageist
|-damage|p2a: Polteageist|14/100
|move|p2a: Polteageist|Shell Smash|p2a: Polteageist
|-unboost|p2a: Polteageist|def|1
|-unboost|p2a: Polteageist|spd|1
|-boost|p2a: Polteageist|atk|2
|-boost|p2a: Polteageist|spa|2
|-boost|p2a: Polteageist|spe|2
|-enditem|p2a: Polteageist|White Herb
|-clearnegativeboost|p2a: Polteageist|[silent]
|
|-heal|p2a: Polteageist|20/100|[from] Grassy Terrain
|upkeep
|turn|20
|
|t:|1779559359
|move|p2a: Polteageist|Strength Sap|p1a: Zamazenta
|-unboost|p1a: Zamazenta|atk|1
|-heal|p2a: Polteageist|100/100
|move|p1a: Zamazenta|Heavy Slam|p2a: Polteageist
|-damage|p2a: Polteageist|60/100
|
|-heal|p2a: Polteageist|66/100|[from] Grassy Terrain
|upkeep
|turn|21
|
|t:|1779559365
|move|p2a: Polteageist|Stored Power|p1a: Zamazenta
|-supereffective|p1a: Zamazenta
|-damage|p1a: Zamazenta|0 fnt
|faint|p1a: Zamazenta
|
|-heal|p2a: Polteageist|72/100|[from] Grassy Terrain
|-fieldend|move: Grassy Terrain
|upkeep
|
|t:|1779559368
|switch|p1a: Gholdengo|Gholdengo|100/100
|-activate|p1a: Gholdengo|move: Sticky Web
|-unboost|p1a: Gholdengo|spe|1
|turn|22
|
|t:|1779559376
|-terastallize|p2a: Polteageist|Dark
|move|p2a: Polteageist|Shadow Ball|p1a: Gholdengo
|-supereffective|p1a: Gholdengo
|-damage|p1a: Gholdengo|0 fnt
|faint|p1a: Gholdengo
|
|upkeep
|
|t:|1779559382
|switch|p1a: Smeargle|Smeargle, F|100/100
|-activate|p1a: Smeargle|move: Sticky Web
|-unboost|p1a: Smeargle|spe|1
|turn|23
|
|t:|1779559387
|move|p2a: Polteageist|Stored Power|p1a: Smeargle
|-damage|p1a: Smeargle|0 fnt
|faint|p1a: Smeargle
|
|win|DenchestYoungG
|raw|BiscoitoXDBr's rating: 1364 &rarr; <strong>1343</strong><br />(-21 for losing)
|raw|DenchestYoungG's rating: 1350 &rarr; <strong>1371</strong><br />(+21 for winning)
|l|☆BiscoitoXDBr
|player|p1|
|l|☆DenchestYoungG
|player|p2|
