|j|☆breadifries
|j|☆rebefzreet
|t:|1779603739
|gametype|singles
|player|p1|breadifries|biker-gen4|1149
|player|p2|rebefzreet|101|1180
|gen|9
|tier|[Gen 9] OU
|rated|
|rule|HP Percentage Mod: HP is shown in percentages
|rule|Endless Battle Clause: Forcing endless battles is banned
|rule|Species Clause: Limit one of each Pokémon
|rule|OHKO Clause: OHKO moves are banned
|rule|Evasion Items Clause: Evasion items are banned
|rule|Evasion Moves Clause: Evasion moves are banned
|rule|Evasion Abilities Clause: Evasion abilities are banned
|rule|Sleep Moves Clause: Sleep-inducing moves are banned
|clearpoke
|poke|p1|Zapdos-Galar|
|poke|p1|Gholdengo|
|poke|p1|Glimmora, F|
|poke|p1|Primarina, F|
|poke|p1|Hatterene, F|
|poke|p1|Arcanine-Hisui, M|
|poke|p2|Zapdos|
|poke|p2|Zangoose, M|
|poke|p2|Gholdengo|
|poke|p2|Latias, F|
|poke|p2|Weavile, M|
|poke|p2|Deoxys-Speed|
|teampreview
|inactive|Battle timer is ON: inactive players will automatically lose when time's up. (requested by breadifries)
|
|t:|1779603748
|teamsize|p1|6
|teamsize|p2|6
|start
|switch|p1a: Kill switch|Glimmora, F, shiny|100/100
|switch|p2a: Deoxys|Deoxys-Speed|100/100
|-ability|p2a: Deoxys|Pressure
|turn|1
|
|t:|1779603752
|move|p2a: Deoxys|Taunt|p1a: Kill switch
|-start|p1a: Kill switch|move: Taunt
|cant|p1a: Kill switch|move: Taunt|Stealth Rock
|
|upkeep
|turn|2
|
|t:|1779603758
|move|p2a: Deoxys|Skill Swap|p1a: Kill switch
|-activate|p2a: Deoxys|Skill Swap|Toxic Debris|Pressure|[of] p1a: Kill switch
|-ability|p1a: Kill switch|Pressure
|move|p1a: Kill switch|Mortal Spin|p2a: Deoxys
|-damage|p2a: Deoxys|93/100
|-status|p2a: Deoxys|psn
|-activate|p2a: Deoxys|ability: Toxic Debris
|-sidestart|p1: breadifries|move: Toxic Spikes
|-sideend|p1: breadifries|Toxic Spikes|[from] move: Mortal Spin|[of] p1a: Kill switch
|
|-damage|p2a: Deoxys|80/100 psn|[from] psn
|upkeep
|turn|3
|
|t:|1779603775
|switch|p1a: String|Gholdengo|100/100
|-item|p1a: String|Air Balloon
|move|p2a: Deoxys|Thunder Wave|p1a: String
|-immune|p1a: String|[from] ability: Good as Gold
|
|-damage|p2a: Deoxys|68/100 psn|[from] psn
|upkeep
|turn|4
|
|t:|1779603788
|switch|p2a: Zangoose|Zangoose, M|100/100
|move|p1a: String|Shadow Ball|p2a: Zangoose
|-immune|p2a: Zangoose
|
|-status|p2a: Zangoose|tox|[from] item: Toxic Orb
|upkeep
|turn|5
|
|t:|1779603793
|move|p2a: Zangoose|Knock Off|p1a: String
|-supereffective|p1a: String
|-damage|p1a: String|9/100
|-enditem|p1a: String|Air Balloon
|move|p1a: String|Make It Rain|p2a: Zangoose
|-damage|p2a: Zangoose|0 fnt
|-unboost|p1a: String|spa|1
|faint|p2a: Zangoose
|
|upkeep
|
|t:|1779603806
|switch|p2a: Weavile|Weavile, M|100/100
|turn|6
|
|t:|1779603812
|switch|p1a: Kill switch|Glimmora, F, shiny|100/100
|move|p2a: Weavile|Knock Off|p1a: Kill switch
|-damage|p1a: Kill switch|26/100
|-activate|p1a: Kill switch|ability: Toxic Debris
|-sidestart|p2: rebefzreet|move: Toxic Spikes
|-enditem|p1a: Kill switch|Focus Sash|[from] move: Knock Off|[of] p2a: Weavile
|
|upkeep
|turn|7
|
|t:|1779603821
|move|p1a: Kill switch|Spiky Shield|p1a: Kill switch
|-singleturn|p1a: Kill switch|move: Protect
|move|p2a: Weavile|Knock Off|p1a: Kill switch
|-activate|p1a: Kill switch|move: Protect
|-damage|p2a: Weavile|88/100|[from] Spiky Shield|[of] p1a: Kill switch
|
|upkeep
|turn|8
|
|t:|1779603830
|move|p2a: Weavile|Knock Off|p1a: Kill switch
|-damage|p1a: Kill switch|0 fnt
|-activate|p1a: Kill switch|ability: Toxic Debris
|-sidestart|p2: rebefzreet|move: Toxic Spikes
|faint|p1a: Kill switch
|
|upkeep
|
|t:|1779603839
|switch|p1a: Imposter|Zapdos-Galar, shiny|100/100
|turn|9
|
|t:|1779603852
|switch|p2a: Zapdos|Zapdos, shiny|100/100
|move|p1a: Imposter|Thunderous Kick|p2a: Zapdos
|-resisted|p2a: Zapdos
|-damage|p2a: Zapdos|83/100
|-unboost|p2a: Zapdos|def|1
|
|upkeep
|turn|10
|
|t:|1779603858
|move|p1a: Imposter|Knock Off|p2a: Zapdos
|-damage|p2a: Zapdos|50/100
|-status|p1a: Imposter|par|[from] ability: Static|[of] p2a: Zapdos
|-enditem|p2a: Zapdos|Heavy-Duty Boots|[from] move: Knock Off|[of] p1a: Imposter
|move|p2a: Zapdos|Thunder Wave|p1a: Imposter
|-fail|p1a: Imposter|par
|
|upkeep
|turn|11
|
|t:|1779603866
|move|p2a: Zapdos|Hurricane|p1a: Imposter
|-supereffective|p1a: Imposter
|-damage|p1a: Imposter|0 fnt
|faint|p1a: Imposter
|
|upkeep
|
|t:|1779603873
|switch|p1a: Shibal|Arcanine-Hisui, M, shiny|100/100
|turn|12
|
|t:|1779603881
|move|p1a: Shibal|Head Smash|p2a: Zapdos
|-supereffective|p2a: Zapdos
|-damage|p2a: Zapdos|0 fnt
|-status|p1a: Shibal|par|[from] ability: Static|[of] p2a: Zapdos
|faint|p2a: Zapdos
|
|upkeep
|
|t:|1779603884
|switch|p2a: Deoxys|Deoxys-Speed|68/100 psn
|-ability|p2a: Deoxys|Pressure
|turn|13
|
|t:|1779603897
|move|p2a: Deoxys|Stealth Rock|p1a: Shibal
|-sidestart|p1: breadifries|move: Stealth Rock
|cant|p1a: Shibal|par
|
|-damage|p2a: Deoxys|56/100 psn|[from] psn
|upkeep
|turn|14
|
|t:|1779603900
|move|p2a: Deoxys|Skill Swap|p1a: Shibal
|-activate|p2a: Deoxys|Skill Swap|Rock Head|Pressure|[of] p1a: Shibal
|-ability|p1a: Shibal|Pressure
|move|p1a: Shibal|Crunch|p2a: Deoxys
|-supereffective|p2a: Deoxys
|-damage|p2a: Deoxys|0 fnt
|faint|p2a: Deoxys
|
|upkeep
|
|t:|1779603914
|switch|p2a: Weavile|Weavile, M|88/100
|-status|p2a: Weavile|tox
|turn|15
|inactive|breadifries has 120 seconds left.
|
|t:|1779603962
|move|p1a: Shibal|Extreme Speed|p2a: Weavile
|-damage|p2a: Weavile|46/100 tox
|move|p2a: Weavile|Low Kick|p1a: Shibal
|-supereffective|p1a: Shibal
|-damage|p1a: Shibal|1/100 par
|
|-damage|p2a: Weavile|40/100 tox|[from] psn
|upkeep
|turn|16
|
|t:|1779603974
|switch|p2a: Gholdengo|Gholdengo|100/100
|cant|p1a: Shibal|par
|
|upkeep
|turn|17
|
|t:|1779603984
|switch|p1a: Lady gaga|Primarina, F, shiny|100/100
|-damage|p1a: Lady gaga|88/100|[from] Stealth Rock
|move|p2a: Gholdengo|Shadow Ball|p1a: Lady gaga
|-damage|p1a: Lady gaga|71/100
|-unboost|p1a: Lady gaga|spd|1
|
|upkeep
|turn|18
|inactive|breadifries has 90 seconds left.
|
|t:|1779604015
|move|p2a: Gholdengo|Nasty Plot|p2a: Gholdengo
|-boost|p2a: Gholdengo|spa|2
|move|p1a: Lady gaga|Hyper Voice|p2a: Gholdengo
|-damage|p2a: Gholdengo|61/100
|
|upkeep
|turn|19
|
|t:|1779604019
|move|p2a: Gholdengo|Make It Rain|p1a: Lady gaga
|-damage|p1a: Lady gaga|0 fnt
|-unboost|p2a: Gholdengo|spa|1
|faint|p1a: Lady gaga
|
|upkeep
|
|t:|1779604023
|switch|p1a: mcgonagall|Hatterene, F|100/100
|-damage|p1a: mcgonagall|88/100|[from] Stealth Rock
|turn|20
|
|t:|1779604031
|move|p2a: Gholdengo|Make It Rain|p1a: mcgonagall
|-supereffective|p1a: mcgonagall
|-damage|p1a: mcgonagall|0 fnt
|-unboost|p2a: Gholdengo|spa|1
|faint|p1a: mcgonagall
|
|upkeep
|
|t:|1779604048
|switch|p1a: String|Gholdengo|9/100
|-damage|p1a: String|3/100|[from] Stealth Rock
|turn|21
|
|t:|1779604053
|move|p2a: Gholdengo|Shadow Ball|p1a: String
|-supereffective|p1a: String
|-damage|p1a: String|0 fnt
|faint|p1a: String
|
|upkeep
|
|t:|1779604054
|switch|p1a: Shibal|Arcanine-Hisui, M, shiny|1/100 par
|turn|22
|
|t:|1779604057
|move|p2a: Gholdengo|Shadow Ball|p1a: Shibal
|-damage|p1a: Shibal|0 fnt
|faint|p1a: Shibal
|
|win|rebefzreet
|raw|breadifries's rating: 1149 &rarr; <strong>1126</strong><br />(-23 for losing)
|raw|rebefzreet's rating: 1180 &rarr; <strong>1203</strong><br />(+23 for winning)
|l|☆breadifries
|player|p1|
|l|☆rebefzreet
|player|p2|
