|j|☆slitherwing ily ><
|j|☆Auburn Hills
|t:|1779713964
|gametype|singles
|player|p1|slitherwing ily ><|iono-masters|1803
|player|p2|Auburn Hills|alder|1776
|gen|9
|tier|[Gen 9] OU
|rated|
|rule|HP Percentage Mod: HP is shown in percentages
|rule|Endless Battle Clause: Forcing endless battles is banned
|rule|Species Clause: Limit one of each Pokémon
|rule|OHKO Clause: OHKO moves are banned
|rule|Evasion Items Clause: Evasion items are banned
|rule|Evasion Moves Clause: Evasion moves are banned
|rule|Evasion Abilities Clause: Evasion abilities are banned
|rule|Sleep Moves Clause: Sleep-inducing moves are banned
|clearpoke
|poke|p1|Iron Jugulis|
|poke|p1|Deoxys-Speed|
|poke|p1|Ogerpon-Wellspring, F|
|poke|p1|Ceruledge, F|
|poke|p1|Glimmora, F|
|poke|p1|Zamazenta-*|
|poke|p2|Iron Moth|
|poke|p2|Umbreon, M|
|poke|p2|Garchomp, F|
|poke|p2|Glimmora, M|
|poke|p2|Gholdengo|
|poke|p2|Dragonite, F|
|teampreview
|c|☆slitherwing ily ><|hf
|
|t:|1779714029
|teamsize|p1|6
|teamsize|p2|6
|start
|switch|p1a: Deoxys|Deoxys-Speed|100/100
|switch|p2a: Julia Jacklin|Glimmora, M|100/100
|-ability|p1a: Deoxys|Pressure
|turn|1
|j| yuureisuisei
|
|t:|1779714046
|move|p1a: Deoxys|Taunt|p2a: Julia Jacklin
|-start|p2a: Julia Jacklin|move: Taunt
|move|p2a: Julia Jacklin|Sludge Wave|p1a: Deoxys
|-damage|p1a: Deoxys|36/100
|
|upkeep
|turn|2
|inactive|Battle timer is ON: inactive players will automatically lose when time's up. (requested by Auburn Hills)
|
|t:|1779714049
|move|p1a: Deoxys|Light Screen|p1a: Deoxys
|-sidestart|p1: slitherwing ily ><|move: Light Screen
|move|p2a: Julia Jacklin|Mortal Spin|p1a: Deoxys
|-damage|p1a: Deoxys|28/100
|-status|p1a: Deoxys|psn
|
|-damage|p1a: Deoxys|15/100 psn|[from] psn
|upkeep
|turn|3
|
|t:|1779714058
|switch|p1a: Ogerpon|Ogerpon-Wellspring, F|100/100
|move|p2a: Julia Jacklin|Sludge Wave|p1a: Ogerpon
|-supereffective|p1a: Ogerpon
|-damage|p1a: Ogerpon|44/100
|
|-end|p2a: Julia Jacklin|move: Taunt
|upkeep
|turn|4
|
|t:|1779714063
|move|p1a: Ogerpon|Horn Leech|p2a: Julia Jacklin
|-damage|p2a: Julia Jacklin|48/100
|-heal|p1a: Ogerpon|71/100|[from] drain|[of] p2a: Julia Jacklin
|-activate|p2a: Julia Jacklin|ability: Toxic Debris
|-sidestart|p1: slitherwing ily ><|move: Toxic Spikes
|move|p2a: Julia Jacklin|Stealth Rock|p1a: Ogerpon
|-sidestart|p1: slitherwing ily ><|move: Stealth Rock
|
|upkeep
|turn|5
|
|t:|1779714068
|switch|p2a: Elucid|Dragonite, F|100/100
|move|p1a: Ogerpon|Horn Leech|p2a: Elucid
|-resisted|p2a: Elucid
|-damage|p2a: Elucid|95/100
|-heal|p1a: Ogerpon|75/100|[from] drain|[of] p2a: Elucid
|
|upkeep
|turn|6
|
|t:|1779714071
|move|p1a: Ogerpon|Ivy Cudgel|p2a: Elucid|[anim] Ivy Cudgel Water
|-resisted|p2a: Elucid
|-damage|p2a: Elucid|61/100
|move|p2a: Elucid|Dragon Dance|p2a: Elucid
|-boost|p2a: Elucid|atk|1
|-boost|p2a: Elucid|spe|1
|
|upkeep
|turn|7
|
|t:|1779714078
|move|p2a: Elucid|Earthquake|p1a: Ogerpon
|-resisted|p1a: Ogerpon
|-crit|p1a: Ogerpon
|-damage|p1a: Ogerpon|19/100
|move|p1a: Ogerpon|Ivy Cudgel|p2a: Elucid|[anim] Ivy Cudgel Water
|-resisted|p2a: Elucid
|-damage|p2a: Elucid|27/100
|
|upkeep
|turn|8
|
|t:|1779714086
|move|p2a: Elucid|Earthquake|p1a: Ogerpon
|-resisted|p1a: Ogerpon
|-damage|p1a: Ogerpon|0 fnt
|faint|p1a: Ogerpon
|
|upkeep
|
|t:|1779714091
|switch|p1a: Iron Jugulis|Iron Jugulis|100/100
|-damage|p1a: Iron Jugulis|76/100|[from] Stealth Rock
|-enditem|p1a: Iron Jugulis|Booster Energy
|-activate|p1a: Iron Jugulis|ability: Quark Drive|[fromitem]
|-start|p1a: Iron Jugulis|quarkdrivespe
|turn|9
|
|t:|1779714096
|move|p2a: Elucid|Extreme Speed|p1a: Iron Jugulis
|-damage|p1a: Iron Jugulis|19/100
|move|p1a: Iron Jugulis|Knock Off|p2a: Elucid
|-damage|p2a: Elucid|0 fnt
|-enditem|p2a: Elucid|Heavy-Duty Boots|[from] move: Knock Off|[of] p1a: Iron Jugulis
|faint|p2a: Elucid
|
|-sideend|p1: slitherwing ily ><|move: Light Screen
|upkeep
|
|t:|1779714102
|switch|p2a: Carly Rae|Iron Moth|100/100
|-enditem|p2a: Carly Rae|Booster Energy
|-activate|p2a: Carly Rae|ability: Quark Drive|[fromitem]
|-start|p2a: Carly Rae|quarkdrivespe
|turn|10
|
|t:|1779714105
|move|p2a: Carly Rae|Fiery Dance|p1a: Iron Jugulis
|-damage|p1a: Iron Jugulis|0 fnt
|-boost|p2a: Carly Rae|spa|1
|faint|p1a: Iron Jugulis
|-end|p1a: Iron Jugulis|Quark Drive|[silent]
|
|upkeep
|
|t:|1779714107
|switch|p1a: Glimmora|Glimmora, F|100/100
|-sideend|p1: slitherwing ily ><|move: Toxic Spikes|[of] p1a: Glimmora
|-damage|p1a: Glimmora|88/100|[from] Stealth Rock
|turn|11
|
|t:|1779714109
|move|p2a: Carly Rae|Discharge|p1a: Glimmora
|-damage|p1a: Glimmora|33/100
|-status|p1a: Glimmora|par
|move|p1a: Glimmora|Meteor Beam||[still]
|-prepare|p1a: Glimmora|Meteor Beam
|-boost|p1a: Glimmora|spa|1
|-enditem|p1a: Glimmora|Power Herb
|-anim|p1a: Glimmora|Meteor Beam|p2a: Carly Rae
|-supereffective|p2a: Carly Rae
|-crit|p2a: Carly Rae
|-damage|p2a: Carly Rae|0 fnt
|faint|p2a: Carly Rae
|-end|p2a: Carly Rae|Quark Drive|[silent]
|
|upkeep
|
|t:|1779714117
|switch|p2a: Julia Jacklin|Glimmora, M|48/100
|turn|12
|
|t:|1779714119
|move|p2a: Julia Jacklin|Earth Power|p1a: Glimmora
|-supereffective|p1a: Glimmora
|-damage|p1a: Glimmora|0 fnt
|faint|p1a: Glimmora
|
|upkeep
|
|t:|1779714122
|switch|p1a: Deoxys|Deoxys-Speed|15/100 psn
|-damage|p1a: Deoxys|3/100 psn|[from] Stealth Rock
|-ability|p1a: Deoxys|Pressure
|turn|13
|
|t:|1779714127
|move|p1a: Deoxys|Light Screen|p1a: Deoxys
|-sidestart|p1: slitherwing ily ><|move: Light Screen
|move|p2a: Julia Jacklin|Mortal Spin|p1a: Deoxys
|-damage|p1a: Deoxys|0 fnt
|faint|p1a: Deoxys
|
|upkeep
|
|t:|1779714132
|switch|p1a: Zamazenta|Zamazenta|100/100
|-damage|p1a: Zamazenta|94/100|[from] Stealth Rock
|-ability|p1a: Zamazenta|Dauntless Shield|boost
|-boost|p1a: Zamazenta|def|1
|turn|14
|
|t:|1779714134
|move|p1a: Zamazenta|Substitute|p1a: Zamazenta
|-start|p1a: Zamazenta|Substitute
|-damage|p1a: Zamazenta|69/100
|move|p2a: Julia Jacklin|Mortal Spin|p1a: Zamazenta
|-activate|p1a: Zamazenta|move: Substitute|[damage]
|
|-heal|p1a: Zamazenta|76/100|[from] item: Leftovers
|upkeep
|turn|15
|
|t:|1779714137
|move|p1a: Zamazenta|Iron Defense|p1a: Zamazenta
|-boost|p1a: Zamazenta|def|2
|move|p2a: Julia Jacklin|Sludge Wave|p1a: Zamazenta
|-activate|p1a: Zamazenta|move: Substitute|[damage]
|
|-heal|p1a: Zamazenta|82/100|[from] item: Leftovers
|upkeep
|turn|16
|
|t:|1779714145
|-terastallize|p2a: Julia Jacklin|Ghost
|move|p1a: Zamazenta|Body Press|p2a: Julia Jacklin
|-immune|p2a: Julia Jacklin
|move|p2a: Julia Jacklin|Sludge Wave|p1a: Zamazenta
|-end|p1a: Zamazenta|Substitute
|
|-heal|p1a: Zamazenta|88/100|[from] item: Leftovers
|upkeep
|turn|17
|
|t:|1779714150
|move|p1a: Zamazenta|Substitute|p1a: Zamazenta
|-start|p1a: Zamazenta|Substitute
|-damage|p1a: Zamazenta|63/100
|move|p2a: Julia Jacklin|Sludge Wave|p1a: Zamazenta
|-activate|p1a: Zamazenta|move: Substitute|[damage]
|
|-heal|p1a: Zamazenta|69/100|[from] item: Leftovers
|upkeep
|turn|18
|
|t:|1779714152
|move|p1a: Zamazenta|Crunch|p2a: Julia Jacklin
|-supereffective|p2a: Julia Jacklin
|-damage|p2a: Julia Jacklin|0 fnt
|-activate|p2a: Julia Jacklin|ability: Toxic Debris
|-sidestart|p1: slitherwing ily ><|move: Toxic Spikes
|faint|p2a: Julia Jacklin
|
|-heal|p1a: Zamazenta|76/100|[from] item: Leftovers
|upkeep
|
|t:|1779714159
|switch|p2a: Rat Tally|Garchomp, F|100/100
|turn|19
|
|t:|1779714162
|move|p1a: Zamazenta|Iron Defense|p1a: Zamazenta
|-boost|p1a: Zamazenta|def|2
|move|p2a: Rat Tally|Scale Shot|p1a: Zamazenta
|-activate|p1a: Zamazenta|move: Substitute|[damage]
|-end|p1a: Zamazenta|Substitute
|-damage|p1a: Zamazenta|73/100
|-damage|p1a: Zamazenta|69/100
|-damage|p1a: Zamazenta|66/100
|-hitcount|p1a: Zamazenta|5
|-unboost|p2a: Rat Tally|def|1
|-boost|p2a: Rat Tally|spe|1
|
|-heal|p1a: Zamazenta|72/100|[from] item: Leftovers
|upkeep
|turn|20
|
|t:|1779714167
|move|p2a: Rat Tally|Scale Shot|p1a: Zamazenta
|-damage|p1a: Zamazenta|69/100
|-damage|p1a: Zamazenta|66/100
|-damage|p1a: Zamazenta|62/100
|-damage|p1a: Zamazenta|59/100
|-hitcount|p1a: Zamazenta|4
|-unboost|p2a: Rat Tally|def|1
|-boost|p2a: Rat Tally|spe|1
|move|p1a: Zamazenta|Substitute|p1a: Zamazenta
|-start|p1a: Zamazenta|Substitute
|-damage|p1a: Zamazenta|34/100
|
|-heal|p1a: Zamazenta|40/100|[from] item: Leftovers
|-sideend|p1: slitherwing ily ><|move: Light Screen
|upkeep
|turn|21
|
|t:|1779714170
|move|p2a: Rat Tally|Scale Shot|p1a: Zamazenta
|-activate|p1a: Zamazenta|move: Substitute|[damage]
|-activate|p1a: Zamazenta|move: Substitute|[damage]
|-activate|p1a: Zamazenta|move: Substitute|[damage]
|-activate|p1a: Zamazenta|move: Substitute|[damage]
|-hitcount|p1a: Zamazenta|4
|-unboost|p2a: Rat Tally|def|1
|-boost|p2a: Rat Tally|spe|1
|move|p1a: Zamazenta|Body Press|p2a: Rat Tally
|-damage|p2a: Rat Tally|0 fnt
|-damage|p1a: Zamazenta|28/100|[from] ability: Rough Skin|[of] p2a: Rat Tally
|faint|p2a: Rat Tally
|
|-heal|p1a: Zamazenta|34/100|[from] item: Leftovers
|upkeep
|
|t:|1779714173
|switch|p2a: Smino|Gholdengo|100/100
|turn|22
|j| Ninjnj
|
|t:|1779714184
|move|p2a: Smino|Shadow Ball|p1a: Zamazenta
|-end|p1a: Zamazenta|Substitute
|move|p1a: Zamazenta|Crunch|p2a: Smino
|-supereffective|p2a: Smino
|-damage|p2a: Smino|58/100
|
|-heal|p1a: Zamazenta|40/100|[from] item: Leftovers
|upkeep
|turn|23
|
|t:|1779714188
|move|p2a: Smino|Shadow Ball|p1a: Zamazenta
|-damage|p1a: Zamazenta|5/100
|move|p1a: Zamazenta|Crunch|p2a: Smino
|-supereffective|p2a: Smino
|-damage|p2a: Smino|11/100
|
|-heal|p1a: Zamazenta|11/100|[from] item: Leftovers
|upkeep
|turn|24
|
|t:|1779714191
|move|p2a: Smino|Shadow Ball|p1a: Zamazenta
|-damage|p1a: Zamazenta|0 fnt
|faint|p1a: Zamazenta
|
|upkeep
|c|☆slitherwing ily ><|gg
|
|t:|1779714194
|switch|p1a: Ceruledge|Ceruledge, F|100/100
|-damage|p1a: Ceruledge|76/100|[from] Stealth Rock
|-status|p1a: Ceruledge|psn
|turn|25
|
|t:|1779714197
|move|p1a: Ceruledge|Shadow Sneak|p2a: Smino
|-supereffective|p2a: Smino
|-damage|p2a: Smino|0 fnt
|faint|p2a: Smino
|
|-damage|p1a: Ceruledge|63/100 psn|[from] psn
|upkeep
|
|t:|1779714198
|switch|p2a: Alvvays|Umbreon, M|100/100
|turn|26
|
|t:|1779714200
|move|p1a: Ceruledge|Bitter Blade|p2a: Alvvays
|-damage|p2a: Alvvays|62/100
|-heal|p1a: Ceruledge|86/100 psn|[from] drain|[of] p2a: Alvvays
|move|p2a: Alvvays|Foul Play|p1a: Ceruledge
|-supereffective|p1a: Ceruledge
|-damage|p1a: Ceruledge|0 fnt
|faint|p1a: Ceruledge
|
|win|Auburn Hills
|raw|slitherwing ily &gt;&lt;'s rating: 1803 &rarr; <strong>1781</strong><br />(-22 for losing)
|raw|Auburn Hills's rating: 1776 &rarr; <strong>1798</strong><br />(+22 for winning)
|c|☆Auburn Hills|gg
|l|☆slitherwing ily ><
|player|p1|
|l| yuureisuisei
|l|☆Auburn Hills
|player|p2|
