|j|☆babymariofan563
|j|☆huuuehuueekk
|t:|1779604803
|gametype|singles
|player|p1|babymariofan563|biker-gen4|1448
|player|p2|huuuehuueekk|steven|1359
|gen|9
|tier|[Gen 9] OU
|rated|
|rule|HP Percentage Mod: HP is shown in percentages
|rule|Endless Battle Clause: Forcing endless battles is banned
|rule|Species Clause: Limit one of each Pokémon
|rule|OHKO Clause: OHKO moves are banned
|rule|Evasion Items Clause: Evasion items are banned
|rule|Evasion Moves Clause: Evasion moves are banned
|rule|Evasion Abilities Clause: Evasion abilities are banned
|rule|Sleep Moves Clause: Sleep-inducing moves are banned
|clearpoke
|poke|p1|Gliscor, F|
|poke|p1|Gholdengo|
|poke|p1|Dragonite, F|
|poke|p1|Ting-Lu|
|poke|p1|Darkrai|
|poke|p1|Zamazenta-*|
|poke|p2|Suicune|
|poke|p2|Dragonite, M|
|poke|p2|Cinderace, M|
|poke|p2|Zamazenta-*|
|poke|p2|Zapdos-Galar|
|poke|p2|Hydrapple, F|
|teampreview
|inactive|Battle timer is ON: inactive players will automatically lose when time's up. (requested by huuuehuueekk)
|inactive|babymariofan563 also wants the timer to be on.
|
|t:|1779604813
|teamsize|p1|6
|teamsize|p2|6
|start
|switch|p1a: Gholdengo|Gholdengo|100/100
|switch|p2a: Zapdos|Zapdos-Galar|100/100
|turn|1
|
|t:|1779604822
|move|p1a: Gholdengo|Trick|p2a: Zapdos
|-activate|p1a: Gholdengo|move: Trick|[of] p2a: Zapdos
|-item|p2a: Zapdos|Choice Scarf|[from] move: Trick
|-item|p1a: Gholdengo|Leftovers|[from] move: Trick
|move|p2a: Zapdos|Knock Off|p1a: Gholdengo
|-supereffective|p1a: Gholdengo
|-damage|p1a: Gholdengo|22/100
|-enditem|p1a: Gholdengo|Leftovers|[from] move: Knock Off|[of] p2a: Zapdos
|
|upkeep
|turn|2
|
|t:|1779604836
|switch|p1a: Ting-Lu|Ting-Lu|100/100
|-ability|p1a: Ting-Lu|Vessel of Ruin
|move|p2a: Zapdos|Knock Off|p1a: Ting-Lu
|-resisted|p1a: Ting-Lu
|-damage|p1a: Ting-Lu|91/100
|-enditem|p1a: Ting-Lu|Leftovers|[from] move: Knock Off|[of] p2a: Zapdos
|
|upkeep
|turn|3
|
|t:|1779604850
|switch|p2a: Cinderace|Cinderace, M|100/100
|move|p1a: Ting-Lu|Whirlwind|p2a: Cinderace
|drag|p2a: Suicune|Suicune, shiny|100/100
|-ability|p2a: Suicune|Pressure
|
|upkeep
|turn|4
|
|t:|1779604857
|move|p2a: Suicune|Scald|p1a: Ting-Lu
|-supereffective|p1a: Ting-Lu
|-damage|p1a: Ting-Lu|71/100
|move|p1a: Ting-Lu|Whirlwind|p2a: Suicune
|drag|p2a: Hydrapple|Hydrapple, F|100/100
|
|upkeep
|turn|5
|
|t:|1779604866
|switch|p1a: Gholdengo|Gholdengo|22/100
|move|p2a: Hydrapple|Nasty Plot|p2a: Hydrapple
|-boost|p2a: Hydrapple|spa|2
|
|upkeep
|turn|6
|
|t:|1779604873
|move|p1a: Gholdengo|Make It Rain|p2a: Hydrapple
|-damage|p2a: Hydrapple|35/100
|-unboost|p1a: Gholdengo|spa|1
|move|p2a: Hydrapple|Fickle Beam|p1a: Gholdengo|[anim] Fickle Beam All Out
|-activate|p2a: Hydrapple|move: Fickle Beam
|-resisted|p1a: Gholdengo
|-crit|p1a: Gholdengo
|-damage|p1a: Gholdengo|0 fnt
|faint|p1a: Gholdengo
|
|upkeep
|
|t:|1779604878
|switch|p1a: Darkrai|Darkrai|100/100
|turn|7
|
|t:|1779604893
|move|p1a: Darkrai|Will-O-Wisp|p2a: Hydrapple
|-status|p2a: Hydrapple|brn
|move|p2a: Hydrapple|Fickle Beam|p1a: Darkrai
|-damage|p1a: Darkrai|14/100
|
|-damage|p2a: Hydrapple|29/100 brn|[from] brn
|upkeep
|turn|8
|
|t:|1779604899
|move|p1a: Darkrai|Dark Pulse|p2a: Hydrapple
|-damage|p2a: Hydrapple|0 fnt
|faint|p2a: Hydrapple
|
|upkeep
|
|t:|1779604904
|switch|p2a: Zamazenta|Zamazenta|100/100
|-ability|p2a: Zamazenta|Dauntless Shield|boost
|-boost|p2a: Zamazenta|def|1
|turn|9
|
|t:|1779604908
|switch|p1a: Gliscor|Gliscor, F|100/100
|move|p2a: Zamazenta|Substitute|p2a: Zamazenta
|-start|p2a: Zamazenta|Substitute
|-damage|p2a: Zamazenta|76/100
|
|-heal|p2a: Zamazenta|82/100|[from] item: Leftovers
|-status|p1a: Gliscor|tox|[from] item: Toxic Orb
|upkeep
|turn|10
|
|t:|1779604911
|move|p2a: Zamazenta|Iron Defense|p2a: Zamazenta
|-boost|p2a: Zamazenta|def|2
|move|p1a: Gliscor|Earthquake|p2a: Zamazenta
|-activate|p2a: Zamazenta|move: Substitute|[damage]
|
|-heal|p2a: Zamazenta|88/100|[from] item: Leftovers
|upkeep
|turn|11
|
|t:|1779604914
|switch|p1a: Ting-Lu|Ting-Lu|71/100
|-ability|p1a: Ting-Lu|Vessel of Ruin
|move|p2a: Zamazenta|Iron Defense|p2a: Zamazenta
|-boost|p2a: Zamazenta|def|2
|
|-heal|p2a: Zamazenta|94/100|[from] item: Leftovers
|upkeep
|turn|12
|
|t:|1779604916
|-terastallize|p1a: Ting-Lu|Water
|move|p2a: Zamazenta|Body Press|p1a: Ting-Lu
|-damage|p1a: Ting-Lu|13/100
|move|p1a: Ting-Lu|Whirlwind|p2a: Zamazenta
|drag|p2a: Dragonite|Dragonite, M, shiny|100/100
|
|upkeep
|turn|13
|
|t:|1779604921
|switch|p1a: Gliscor|Gliscor, F|100/100 tox
|move|p2a: Dragonite|Dragon Claw|p1a: Gliscor
|-damage|p1a: Gliscor|70/100 tox
|
|-heal|p1a: Gliscor|82/100 tox|[from] ability: Poison Heal
|upkeep
|turn|14
|
|t:|1779604927
|switch|p2a: Suicune|Suicune, shiny|100/100
|-ability|p2a: Suicune|Pressure
|move|p1a: Gliscor|Toxic|p2a: Suicune
|-status|p2a: Suicune|tox
|
|-heal|p1a: Gliscor|95/100 tox|[from] ability: Poison Heal
|-damage|p2a: Suicune|94/100 tox|[from] psn
|upkeep
|turn|15
|
|t:|1779604935
|move|p1a: Gliscor|Protect|p1a: Gliscor
|-singleturn|p1a: Gliscor|Protect
|move|p2a: Suicune|Calm Mind|p2a: Suicune
|-boost|p2a: Suicune|spa|1
|-boost|p2a: Suicune|spd|1
|
|-heal|p2a: Suicune|100/100 tox|[from] item: Leftovers
|-heal|p1a: Gliscor|100/100 tox|[from] ability: Poison Heal
|-damage|p2a: Suicune|88/100 tox|[from] psn
|upkeep
|turn|16
|
|t:|1779604940
|switch|p1a: Ting-Lu|Ting-Lu, tera:Water|13/100
|-ability|p1a: Ting-Lu|Vessel of Ruin
|move|p2a: Suicune|Scald|p1a: Ting-Lu
|-resisted|p1a: Ting-Lu
|-damage|p1a: Ting-Lu|5/100
|
|-heal|p2a: Suicune|94/100 tox|[from] item: Leftovers
|-damage|p2a: Suicune|76/100 tox|[from] psn
|upkeep
|turn|17
|
|t:|1779604945
|move|p2a: Suicune|Scald|p1a: Ting-Lu
|-resisted|p1a: Ting-Lu
|-damage|p1a: Ting-Lu|0 fnt
|faint|p1a: Ting-Lu
|
|-heal|p2a: Suicune|82/100 tox|[from] item: Leftovers
|-damage|p2a: Suicune|57/100 tox|[from] psn
|upkeep
|
|t:|1779604952
|switch|p1a: Gliscor|Gliscor, F|100/100 tox
|turn|18
|
|t:|1779604955
|move|p1a: Gliscor|Earthquake|p2a: Suicune
|-damage|p2a: Suicune|38/100 tox
|move|p2a: Suicune|Rest|p2a: Suicune
|-status|p2a: Suicune|slp|[from] move: Rest
|-heal|p2a: Suicune|100/100 slp|[silent]
|
|upkeep
|turn|19
|
|t:|1779604960
|move|p1a: Gliscor|Spikes|p2a: Suicune
|-sidestart|p2: huuuehuueekk|Spikes
|cant|p2a: Suicune|slp
|move|p2a: Suicune|Sleep Talk|p2a: Suicune
|move|p2a: Suicune|Rest||[from] move: Sleep Talk|[still]
|-fail|p2a: Suicune
|
|upkeep
|turn|20
|
|t:|1779604964
|switch|p1a: Zamazenta|Zamazenta|100/100
|-ability|p1a: Zamazenta|Dauntless Shield|boost
|-boost|p1a: Zamazenta|def|1
|cant|p2a: Suicune|slp
|move|p2a: Suicune|Sleep Talk|p2a: Suicune
|move|p2a: Suicune|Rest||[from] move: Sleep Talk|[still]
|-fail|p2a: Suicune
|
|upkeep
|turn|21
|
|t:|1779604967
|-terastallize|p2a: Suicune|Fairy
|move|p1a: Zamazenta|Close Combat|p2a: Suicune
|-resisted|p2a: Suicune
|-damage|p2a: Suicune|84/100 slp
|-unboost|p1a: Zamazenta|def|1
|-unboost|p1a: Zamazenta|spd|1
|-curestatus|p2a: Suicune|slp|[msg]
|move|p2a: Suicune|Scald|p1a: Zamazenta
|-damage|p1a: Zamazenta|43/100
|
|-heal|p2a: Suicune|90/100|[from] item: Leftovers
|upkeep
|turn|22
|
|t:|1779604972
|move|p1a: Zamazenta|Stone Edge|p2a: Suicune
|-crit|p2a: Suicune
|-damage|p2a: Suicune|64/100
|move|p2a: Suicune|Scald|p1a: Zamazenta
|-damage|p1a: Zamazenta|0 fnt
|faint|p1a: Zamazenta
|
|-heal|p2a: Suicune|70/100|[from] item: Leftovers
|upkeep
|-message|babymariofan563 forfeited.
|
|win|huuuehuueekk
|raw|babymariofan563's rating: 1448 &rarr; <strong>1423</strong><br />(-25 for losing)
|raw|huuuehuueekk's rating: 1359 &rarr; <strong>1384</strong><br />(+25 for winning)
|l|☆babymariofan563
|player|p1|
