|j|☆CnBCheezy
|j|☆rocket boss 75
|t:|1779720116
|gametype|singles
|player|p1|CnBCheezy|policeman-gen4|1193
|player|p2|rocket boss 75|rocketgruntf|1218
|gen|9
|tier|[Gen 9] OU
|rated|
|rule|HP Percentage Mod: HP is shown in percentages
|rule|Endless Battle Clause: Forcing endless battles is banned
|rule|Species Clause: Limit one of each Pokémon
|rule|OHKO Clause: OHKO moves are banned
|rule|Evasion Items Clause: Evasion items are banned
|rule|Evasion Moves Clause: Evasion moves are banned
|rule|Evasion Abilities Clause: Evasion abilities are banned
|rule|Sleep Moves Clause: Sleep-inducing moves are banned
|clearpoke
|poke|p1|Scizor, M|
|poke|p1|Heatran, M|
|poke|p1|Gallade, M|
|poke|p1|Pecharunt|
|poke|p1|Latios, M|
|poke|p1|Houndoom, M|
|poke|p2|Persian, F|
|poke|p2|Dragapult, F|
|poke|p2|Gyarados, M|
|poke|p2|Latias, F|
|poke|p2|Weezing-Galar, F|
|poke|p2|Corviknight, F|
|teampreview
|inactive|Battle timer is ON: inactive players will automatically lose when time's up. (requested by CnBCheezy)
|
|t:|1779720120
|teamsize|p1|6
|teamsize|p2|6
|start
|switch|p1a: Pecharunt|Pecharunt|100/100
|switch|p2a: Royalty|Persian, F, shiny|100/100
|turn|1
|
|t:|1779720132
|move|p2a: Royalty|U-turn|p1a: Pecharunt
|-resisted|p1a: Pecharunt
|-damage|p1a: Pecharunt|99/100
|-damage|p2a: Royalty|84/100|[from] item: Rocky Helmet|[of] p1a: Pecharunt
|
|t:|1779720137
|switch|p2a: Knight|Corviknight, F, shiny|100/100|[from] U-turn
|move|p1a: Pecharunt|Malignant Chain|p2a: Knight
|-immune|p2a: Knight
|
|upkeep
|turn|2
|
|t:|1779720147
|move|p1a: Pecharunt|Parting Shot|p2a: Knight
|-ability|p2a: Knight|Mirror Armor
|-unboost|p1a: Pecharunt|atk|1
|-ability|p2a: Knight|Mirror Armor
|-unboost|p1a: Pecharunt|spa|1
|
|t:|1779720156
|switch|p1a: Houndoom|Houndoom, M, shiny|100/100|[from] Parting Shot
|move|p2a: Knight|U-turn|p1a: Houndoom
|-damage|p1a: Houndoom|74/100
|
|t:|1779720181
|switch|p2a: Hydra|Gyarados, M, shiny|100/100|[from] U-turn
|
|upkeep
|turn|3
|
|t:|1779720188
|move|p1a: Houndoom|Destiny Bond|p1a: Houndoom
|-singlemove|p1a: Houndoom|Destiny Bond
|move|p2a: Hydra|Dragon Dance|p2a: Hydra
|-boost|p2a: Hydra|atk|1
|-boost|p2a: Hydra|spe|1
|
|upkeep
|turn|4
|
|t:|1779720196
|move|p2a: Hydra|Dragon Dance|p2a: Hydra
|-boost|p2a: Hydra|atk|1
|-boost|p2a: Hydra|spe|1
|move|p1a: Houndoom|Dark Pulse|p2a: Hydra
|-damage|p2a: Hydra|55/100
|
|upkeep
|turn|5
|
|t:|1779720205
|switch|p1a: Pecharunt|Pecharunt|99/100
|move|p2a: Hydra|Waterfall|p1a: Pecharunt
|-damage|p1a: Pecharunt|60/100
|-damage|p2a: Hydra|39/100|[from] item: Rocky Helmet|[of] p1a: Pecharunt
|
|upkeep
|turn|6
|
|t:|1779720213
|move|p2a: Hydra|Earthquake|p1a: Pecharunt
|-supereffective|p1a: Pecharunt
|-damage|p1a: Pecharunt|0 fnt
|faint|p1a: Pecharunt
|-ability|p2a: Hydra|Moxie|boost
|-boost|p2a: Hydra|atk|1
|
|upkeep
|
|t:|1779720219
|switch|p1a: Scizor|Scizor, M|100/100
|turn|7
|
|t:|1779720226
|move|p2a: Hydra|Earthquake|p1a: Scizor
|-damage|p1a: Scizor|4/100
|move|p1a: Scizor|Knock Off|p2a: Hydra
|-damage|p2a: Hydra|0 fnt
|-enditem|p2a: Hydra|Heavy-Duty Boots|[from] move: Knock Off|[of] p1a: Scizor
|faint|p2a: Hydra
|
|-heal|p1a: Scizor|10/100|[from] item: Leftovers
|upkeep
|inactive|rocket boss 75 has 120 seconds left.
|
|t:|1779720266
|switch|p2a: Royalty|Persian, F, shiny|84/100
|turn|8
|
|t:|1779720271
|switch|p1a: Heatran|Heatran, M, shiny|100/100
|move|p2a: Royalty|Knock Off|p1a: Heatran
|-damage|p1a: Heatran|81/100
|-enditem|p1a: Heatran|Heavy-Duty Boots|[from] move: Knock Off|[of] p2a: Royalty
|
|upkeep
|turn|9
|
|t:|1779720279
|switch|p2a: Dream|Latias, F|100/100
|move|p1a: Heatran|Stealth Rock|p2a: Dream
|-sidestart|p2: rocket boss 75|move: Stealth Rock
|
|upkeep
|turn|10
|inactive|rocket boss 75 has 120 seconds left.
|
|t:|1779720301
|move|p2a: Dream|Calm Mind|p2a: Dream
|-boost|p2a: Dream|spa|1
|-boost|p2a: Dream|spd|1
|move|p1a: Heatran|Will-O-Wisp|p2a: Dream
|-status|p2a: Dream|brn
|
|-damage|p2a: Dream|94/100 brn|[from] brn
|upkeep
|turn|11
|inactive|rocket boss 75 has 120 seconds left.
|
|t:|1779720325
|switch|p1a: Scizor|Scizor, M|10/100
|move|p2a: Dream|Calm Mind|p2a: Dream
|-boost|p2a: Dream|spa|1
|-boost|p2a: Dream|spd|1
|
|-heal|p2a: Dream|100/100 brn|[from] item: Leftovers
|-heal|p1a: Scizor|16/100|[from] item: Leftovers
|-damage|p2a: Dream|94/100 brn|[from] brn
|upkeep
|turn|12
|inactive|rocket boss 75 has 120 seconds left.
|
|t:|1779720339
|move|p2a: Dream|Psychic|p1a: Scizor
|-resisted|p1a: Scizor
|-damage|p1a: Scizor|0 fnt
|faint|p1a: Scizor
|
|-heal|p2a: Dream|100/100 brn|[from] item: Leftovers
|-damage|p2a: Dream|94/100 brn|[from] brn
|upkeep
|
|t:|1779720347
|switch|p1a: Latios|Latios, M, shiny|100/100
|turn|13
|
|t:|1779720354
|-terastallize|p1a: Latios|Fairy
|-terastallize|p2a: Dream|Fairy
|move|p1a: Latios|Light Screen|p1a: Latios
|-sidestart|p1: CnBCheezy|move: Light Screen
|move|p2a: Dream|Draco Meteor|p1a: Latios
|-immune|p1a: Latios
|
|-heal|p2a: Dream|100/100 brn|[from] item: Leftovers
|-damage|p2a: Dream|94/100 brn|[from] brn
|upkeep
|turn|14
|
|t:|1779720366
|switch|p1a: Gallade|Gallade, M, shiny|100/100
|move|p2a: Dream|Psychic|p1a: Gallade
|-damage|p1a: Gallade|73/100
|
|-heal|p2a: Dream|100/100 brn|[from] item: Leftovers
|-heal|p1a: Gallade|79/100|[from] item: Leftovers
|-damage|p2a: Dream|94/100 brn|[from] brn
|upkeep
|turn|15
|
|t:|1779720379
|move|p2a: Dream|Psychic|p1a: Gallade
|-damage|p1a: Gallade|51/100
|move|p1a: Gallade|Psycho Cut|p2a: Dream
|-damage|p2a: Dream|46/100 brn
|
|-heal|p2a: Dream|52/100 brn|[from] item: Leftovers
|-heal|p1a: Gallade|57/100|[from] item: Leftovers
|-damage|p2a: Dream|46/100 brn|[from] brn
|upkeep
|turn|16
|inactive|rocket boss 75 has 120 seconds left.
|
|t:|1779720404
|move|p2a: Dream|Recover|p2a: Dream
|-heal|p2a: Dream|96/100 brn
|move|p1a: Gallade|Psycho Cut|p2a: Dream
|-damage|p2a: Dream|45/100 brn
|
|-heal|p2a: Dream|51/100 brn|[from] item: Leftovers
|-heal|p1a: Gallade|63/100|[from] item: Leftovers
|-damage|p2a: Dream|45/100 brn|[from] brn
|upkeep
|turn|17
|inactive|rocket boss 75 has 120 seconds left.
|
|t:|1779720413
|move|p2a: Dream|Recover|p2a: Dream
|-heal|p2a: Dream|95/100 brn
|move|p1a: Gallade|Psycho Cut|p2a: Dream
|-crit|p2a: Dream
|-damage|p2a: Dream|16/100 brn
|
|-heal|p2a: Dream|22/100 brn|[from] item: Leftovers
|-heal|p1a: Gallade|69/100|[from] item: Leftovers
|-damage|p2a: Dream|16/100 brn|[from] brn
|upkeep
|turn|18
|inactive|rocket boss 75 has 120 seconds left.
|
|t:|1779720448
|switch|p2a: Knight|Corviknight, F, shiny|100/100
|-damage|p2a: Knight|88/100|[from] Stealth Rock
|move|p1a: Gallade|Shadow Sneak|p2a: Knight
|-damage|p2a: Knight|81/100
|-damage|p1a: Gallade|52/100|[from] item: Rocky Helmet|[of] p2a: Knight
|
|-heal|p1a: Gallade|58/100|[from] item: Leftovers
|upkeep
|turn|19
|
|t:|1779720458
|move|p1a: Gallade|Swords Dance|p1a: Gallade
|-boost|p1a: Gallade|atk|2
|move|p2a: Knight|Defog|p1a: Gallade
|-unboost|p1a: Gallade|evasion|1
|-sideend|p1: CnBCheezy|move: Light Screen
|-sideend|p2: rocket boss 75|Stealth Rock|[from] move: Defog|[of] p2a: Knight
|
|-heal|p1a: Gallade|64/100|[from] item: Leftovers
|upkeep
|turn|20
|
|t:|1779720474
|move|p1a: Gallade|Sacred Sword|p2a: Knight
|-damage|p2a: Knight|10/100
|-damage|p1a: Gallade|48/100|[from] item: Rocky Helmet|[of] p2a: Knight
|move|p2a: Knight|U-turn|p1a: Gallade
|-damage|p1a: Gallade|28/100
|inactive|rocket boss 75 has 90 seconds left.
|
|t:|1779720492
|switch|p2a: Lust|Dragapult, F|100/100|[from] U-turn
|
|-heal|p1a: Gallade|34/100|[from] item: Leftovers
|upkeep
|turn|21
|inactive|rocket boss 75 has 90 seconds left.
|
|t:|1779720499
|move|p2a: Lust|Sucker Punch|p1a: Gallade
|-damage|p1a: Gallade|0 fnt
|faint|p1a: Gallade
|
|upkeep
|
|t:|1779720508
|switch|p1a: Houndoom|Houndoom, M, shiny|74/100
|turn|22
|inactive|rocket boss 75 has 90 seconds left.
|
|t:|1779720538
|switch|p2a: Knight|Corviknight, F, shiny|10/100
|move|p1a: Houndoom|Dark Pulse|p2a: Knight
|-crit|p2a: Knight
|-damage|p2a: Knight|0 fnt
|faint|p2a: Knight
|
|upkeep
|inactive|rocket boss 75 has 60 seconds left.
|
|t:|1779720573
|switch|p2a: Royalty|Persian, F, shiny|84/100
|turn|23
|
|t:|1779720596
|move|p2a: Royalty|Fake Out|p1a: Houndoom
|-damage|p1a: Houndoom|31/100
|cant|p1a: Houndoom|flinch
|
|upkeep
|turn|24
|inactive|rocket boss 75 has 60 seconds left.
|
|t:|1779720610
|move|p2a: Royalty|Play Rough|p1a: Houndoom
|-damage|p1a: Houndoom|0 fnt
|faint|p1a: Houndoom
|
|upkeep
|
|t:|1779720616
|switch|p1a: Heatran|Heatran, M, shiny|81/100
|turn|25
|inactive|rocket boss 75 has 60 seconds left.
|inactive|rocket boss 75 has 30 seconds left.
|inactive|rocket boss 75 has 20 seconds left.
|inactive|rocket boss 75 has 15 seconds left.
|
|t:|1779720679
|move|p2a: Royalty|Knock Off|p1a: Heatran
|-damage|p1a: Heatran|68/100
|-status|p2a: Royalty|brn|[from] ability: Flame Body|[of] p1a: Heatran
|move|p1a: Heatran|Flamethrower|p2a: Royalty
|-damage|p2a: Royalty|10/100 brn
|
|-damage|p2a: Royalty|5/100 brn|[from] brn
|upkeep
|turn|26
|inactive|rocket boss 75 has 25 seconds left this turn.
|inactive|rocket boss 75 has 20 seconds left.
|inactive|rocket boss 75 has 15 seconds left.
|
|t:|1779720694
|move|p2a: Royalty|Knock Off|p1a: Heatran
|-damage|p1a: Heatran|62/100
|move|p1a: Heatran|Stealth Rock|p2a: Royalty
|-sidestart|p2: rocket boss 75|move: Stealth Rock
|
|-damage|p2a: Royalty|0 fnt|[from] brn
|faint|p2a: Royalty
|upkeep
|inactive|rocket boss 75 has 20 seconds left this turn.
|inactive|rocket boss 75 has 15 seconds left.
|inactive|rocket boss 75 has 10 seconds left.
|
|t:|1779720706
|switch|p2a: Dream|Latias, F, tera:Fairy|16/100 brn
|-damage|p2a: Dream|4/100 brn|[from] Stealth Rock
|turn|27
|inactive|rocket boss 75 has 20 seconds left this turn.
|inactive|rocket boss 75 has 15 seconds left.
|
|t:|1779720711
|move|p2a: Dream|Recover|p2a: Dream
|-heal|p2a: Dream|54/100 brn
|move|p1a: Heatran|Flamethrower|p2a: Dream
|-crit|p2a: Dream
|-damage|p2a: Dream|14/100 brn
|
|-heal|p2a: Dream|20/100 brn|[from] item: Leftovers
|-damage|p2a: Dream|14/100 brn|[from] brn
|upkeep
|turn|28
|inactive|rocket boss 75 has 25 seconds left this turn.
|inactive|rocket boss 75 has 20 seconds left.
|inactive|rocket boss 75 has 15 seconds left.
|inactive|rocket boss 75 has 10 seconds left.
|
|t:|1779720726
|move|p2a: Dream|Recover|p2a: Dream
|-heal|p2a: Dream|64/100 brn
|move|p1a: Heatran|Flamethrower|p2a: Dream
|-damage|p2a: Dream|36/100 brn
|
|-heal|p2a: Dream|42/100 brn|[from] item: Leftovers
|-damage|p2a: Dream|36/100 brn|[from] brn
|upkeep
|turn|29
|inactive|rocket boss 75 has 20 seconds left this turn.
|inactive|rocket boss 75 has 15 seconds left.
|
|t:|1779720735
|move|p2a: Dream|Recover|p2a: Dream
|-heal|p2a: Dream|86/100 brn
|move|p1a: Heatran|Flamethrower|p2a: Dream
|-damage|p2a: Dream|60/100 brn
|
|-heal|p2a: Dream|66/100 brn|[from] item: Leftovers
|-damage|p2a: Dream|60/100 brn|[from] brn
|upkeep
|turn|30
|inactive|rocket boss 75 has 25 seconds left this turn.
|inactive|rocket boss 75 has 20 seconds left.
|inactive|rocket boss 75 has 15 seconds left.
|
|t:|1779720745
|move|p2a: Dream|Calm Mind|p2a: Dream
|-boost|p2a: Dream|spa|1
|-boost|p2a: Dream|spd|1
|move|p1a: Heatran|Flamethrower|p2a: Dream
|-damage|p2a: Dream|44/100 brn
|
|-heal|p2a: Dream|50/100 brn|[from] item: Leftovers
|-damage|p2a: Dream|44/100 brn|[from] brn
|upkeep
|turn|31
|inactive|rocket boss 75 has 25 seconds left this turn.
|inactive|rocket boss 75 has 20 seconds left.
|
|t:|1779720754
|switch|p1a: Latios|Latios, M, shiny, tera:Fairy|100/100
|move|p2a: Dream|Recover|p2a: Dream
|-heal|p2a: Dream|94/100 brn
|
|-heal|p2a: Dream|99/100 brn|[from] item: Leftovers
|-damage|p2a: Dream|94/100 brn|[from] brn
|upkeep
|turn|32
|inactive|rocket boss 75 has 30 seconds left this turn.
|inactive|rocket boss 75 has 20 seconds left.
|inactive|rocket boss 75 has 15 seconds left.
|inactive|rocket boss 75 has 10 seconds left.
|
|t:|1779720776
|move|p1a: Latios|Luster Purge|p2a: Dream
|-damage|p2a: Dream|73/100 brn
|-unboost|p2a: Dream|spd|1
|move|p2a: Dream|Psychic|p1a: Latios
|-damage|p1a: Latios|60/100
|
|-heal|p2a: Dream|79/100 brn|[from] item: Leftovers
|-damage|p2a: Dream|73/100 brn|[from] brn
|upkeep
|turn|33
|inactive|rocket boss 75 has 20 seconds left this turn.
|inactive|rocket boss 75 has 15 seconds left.
|inactive|rocket boss 75 has 10 seconds left.
|
|t:|1779720788
|move|p1a: Latios|Light Screen|p1a: Latios
|-sidestart|p1: CnBCheezy|move: Light Screen
|move|p2a: Dream|Psychic|p1a: Latios
|-damage|p1a: Latios|41/100
|
|-heal|p2a: Dream|79/100 brn|[from] item: Leftovers
|-damage|p2a: Dream|73/100 brn|[from] brn
|upkeep
|turn|34
|inactive|rocket boss 75 has 20 seconds left this turn.
|inactive|rocket boss 75 has 15 seconds left.
|
|t:|1779720796
|move|p1a: Latios|Luster Purge|p2a: Dream
|-damage|p2a: Dream|41/100 brn
|move|p2a: Dream|Calm Mind|p2a: Dream
|-boost|p2a: Dream|spa|1
|-boost|p2a: Dream|spd|1
|
|-heal|p2a: Dream|47/100 brn|[from] item: Leftovers
|-damage|p2a: Dream|41/100 brn|[from] brn
|upkeep
|turn|35
|inactive|rocket boss 75 has 25 seconds left this turn.
|inactive|rocket boss 75 has 20 seconds left.
|
|t:|1779720805
|move|p1a: Latios|Luster Purge|p2a: Dream
|-damage|p2a: Dream|23/100 brn
|-unboost|p2a: Dream|spd|1
|move|p2a: Dream|Recover|p2a: Dream
|-heal|p2a: Dream|73/100 brn
|
|-heal|p2a: Dream|79/100 brn|[from] item: Leftovers
|-damage|p2a: Dream|73/100 brn|[from] brn
|upkeep
|turn|36
|inactive|rocket boss 75 has 30 seconds left this turn.
|inactive|rocket boss 75 has 20 seconds left.
|
|t:|1779720819
|move|p1a: Latios|Luster Purge|p2a: Dream
|-damage|p2a: Dream|46/100 brn
|-unboost|p2a: Dream|spd|1
|move|p2a: Dream|Psychic|p1a: Latios
|-damage|p1a: Latios|16/100
|
|-heal|p2a: Dream|52/100 brn|[from] item: Leftovers
|-damage|p2a: Dream|46/100 brn|[from] brn
|upkeep
|turn|37
|inactive|rocket boss 75 has 30 seconds left this turn.
|inactive|rocket boss 75 has 20 seconds left.
|
|t:|1779720829
|switch|p2a: Smog|Weezing-Galar, F|100/100
|-damage|p2a: Smog|88/100|[from] Stealth Rock
|move|p1a: Latios|Luster Purge|p2a: Smog
|-supereffective|p2a: Smog
|-damage|p2a: Smog|0 fnt
|faint|p2a: Smog
|
|upkeep
|inactive|rocket boss 75 has 25 seconds left this turn.
|inactive|rocket boss 75 has 20 seconds left.
|inactive|rocket boss 75 has 15 seconds left.
|
|t:|1779720842
|switch|p2a: Lust|Dragapult, F|100/100
|-damage|p2a: Lust|88/100|[from] Stealth Rock
|turn|38
|inactive|rocket boss 75 has 25 seconds left this turn.
|inactive|rocket boss 75 has 20 seconds left.
|inactive|rocket boss 75 has 15 seconds left.
|
|t:|1779720855
|move|p2a: Lust|Phantom Force||[still]
|-prepare|p2a: Lust|Phantom Force
|move|p1a: Latios|Luster Purge|p2a: Lust|[miss]
|-miss|p1a: Latios|p2a: Lust
|
|upkeep
|turn|39
|inactive|rocket boss 75 has 25 seconds left this turn.
|
|t:|1779720862
|move|p2a: Lust|Phantom Force|p1a: Latios|[from] lockedmove
|-damage|p1a: Latios|0 fnt
|faint|p1a: Latios
|
|upkeep
|
|t:|1779720866
|switch|p1a: Heatran|Heatran, M, shiny|62/100
|turn|40
|inactive|rocket boss 75 has 30 seconds left.
|
|t:|1779720876
|move|p2a: Lust|Phantom Force||[still]
|-prepare|p2a: Lust|Phantom Force
|move|p1a: Heatran|Earth Power|p2a: Lust|[miss]
|-miss|p1a: Heatran|p2a: Lust
|
|-sideend|p1: CnBCheezy|move: Light Screen
|upkeep
|turn|41
|
|t:|1779720882
|move|p2a: Lust|Phantom Force|p1a: Heatran|[from] lockedmove
|-crit|p1a: Heatran
|-damage|p1a: Heatran|0 fnt
|-status|p2a: Lust|brn|[from] ability: Flame Body|[of] p1a: Heatran
|faint|p1a: Heatran
|
|win|rocket boss 75
|raw|CnBCheezy's rating: 1193 &rarr; <strong>1170</strong><br />(-23 for losing)
|raw|rocket boss 75's rating: 1218 &rarr; <strong>1241</strong><br />(+23 for winning)
|c|☆rocket boss 75|gg
|c|☆CnBCheezy|gg
|l|☆CnBCheezy
|player|p1|
