|j|☆fregene97
|j|☆SGA4MVP23
|t:|1779620551
|gametype|singles
|player|p1|fregene97|cyclist-gen4|1369
|player|p2|SGA4MVP23|marshal|1371
|gen|9
|tier|[Gen 9] OU
|rated|
|rule|HP Percentage Mod: HP is shown in percentages
|rule|Endless Battle Clause: Forcing endless battles is banned
|rule|Species Clause: Limit one of each Pokémon
|rule|OHKO Clause: OHKO moves are banned
|rule|Evasion Items Clause: Evasion items are banned
|rule|Evasion Moves Clause: Evasion moves are banned
|rule|Evasion Abilities Clause: Evasion abilities are banned
|rule|Sleep Moves Clause: Sleep-inducing moves are banned
|clearpoke
|poke|p1|Metagross|
|poke|p1|Iron Valiant|
|poke|p1|Glimmora, F|
|poke|p1|Raging Bolt|
|poke|p1|Magmortar, M|
|poke|p1|Cloyster, F|
|poke|p2|Alomomola, F|
|poke|p2|Glimmora, F|
|poke|p2|Great Tusk|
|poke|p2|Raging Bolt|
|poke|p2|Tyranitar, M|
|poke|p2|Ogerpon-Wellspring, F|
|teampreview
|l|☆fregene97
|player|p1|
|inactive|Battle timer is ON: inactive players will automatically lose when time's up. (requested by SGA4MVP23)
|j|☆fregene97
|inactive|fregene97 reconnected and has 130 seconds left.
|player|p1|fregene97|cyclist-gen4|
|
|t:|1779620603
|teamsize|p1|6
|teamsize|p2|6
|start
|switch|p1a: Glimmora|Glimmora, F|100/100
|switch|p2a: Glimmora|Glimmora, F|100/100
|turn|1
|
|t:|1779620621
|switch|p2a: Tyranitar|Tyranitar, M|100/100
|-weather|Sandstorm|[from] ability: Sand Stream|[of] p2a: Tyranitar
|-terastallize|p1a: Glimmora|Ghost
|move|p1a: Glimmora|Meteor Beam||[still]
|-prepare|p1a: Glimmora|Meteor Beam
|-boost|p1a: Glimmora|spa|1
|-enditem|p1a: Glimmora|Power Herb
|-anim|p1a: Glimmora|Meteor Beam|p2a: Tyranitar
|-damage|p2a: Tyranitar|71/100
|
|-weather|Sandstorm|[upkeep]
|-damage|p1a: Glimmora|94/100|[from] Sandstorm
|upkeep
|turn|2
|
|t:|1779620640
|move|p1a: Glimmora|Earth Power|p2a: Tyranitar
|-supereffective|p2a: Tyranitar
|-damage|p2a: Tyranitar|41/100
|move|p2a: Tyranitar|Knock Off|p1a: Glimmora
|-supereffective|p1a: Glimmora
|-damage|p1a: Glimmora|23/100
|-activate|p1a: Glimmora|ability: Toxic Debris
|-sidestart|p2: SGA4MVP23|move: Toxic Spikes
|
|-weather|Sandstorm|[upkeep]
|-damage|p1a: Glimmora|17/100|[from] Sandstorm
|upkeep
|turn|3
|
|t:|1779620655
|move|p1a: Glimmora|Stealth Rock|p2a: Tyranitar
|-sidestart|p2: SGA4MVP23|move: Stealth Rock
|move|p2a: Tyranitar|Knock Off|p1a: Glimmora
|-supereffective|p1a: Glimmora
|-damage|p1a: Glimmora|0 fnt
|-activate|p1a: Glimmora|ability: Toxic Debris
|-sidestart|p2: SGA4MVP23|move: Toxic Spikes
|faint|p1a: Glimmora
|
|-weather|Sandstorm|[upkeep]
|upkeep
|
|t:|1779620670
|switch|p1a: Iron Valiant|Iron Valiant|100/100
|-enditem|p1a: Iron Valiant|Booster Energy
|-activate|p1a: Iron Valiant|ability: Quark Drive|[fromitem]
|-start|p1a: Iron Valiant|quarkdrivespe
|turn|4
|
|t:|1779620674
|switch|p2a: Glimmora|Glimmora, F|100/100
|-sideend|p2: SGA4MVP23|move: Toxic Spikes|[of] p2a: Glimmora
|-damage|p2a: Glimmora|88/100|[from] Stealth Rock
|move|p1a: Iron Valiant|Calm Mind|p1a: Iron Valiant
|-boost|p1a: Iron Valiant|spa|1
|-boost|p1a: Iron Valiant|spd|1
|
|-weather|Sandstorm|[upkeep]
|-damage|p1a: Iron Valiant|94/100|[from] Sandstorm
|upkeep
|turn|5
|
|t:|1779620680
|move|p1a: Iron Valiant|Moonblast|p2a: Glimmora
|-resisted|p2a: Glimmora
|-damage|p2a: Glimmora|53/100
|move|p2a: Glimmora|Mortal Spin|p1a: Iron Valiant
|-supereffective|p1a: Iron Valiant
|-damage|p1a: Iron Valiant|77/100
|-status|p1a: Iron Valiant|psn
|-sideend|p2: SGA4MVP23|Stealth Rock|[from] move: Mortal Spin|[of] p2a: Glimmora
|
|-weather|none
|-damage|p1a: Iron Valiant|65/100 psn|[from] psn
|upkeep
|turn|6
|
|t:|1779620692
|move|p1a: Iron Valiant|Shadow Ball|p2a: Glimmora
|-damage|p2a: Glimmora|0 fnt
|faint|p2a: Glimmora
|
|-damage|p1a: Iron Valiant|52/100 psn|[from] psn
|upkeep
|
|t:|1779620697
|switch|p2a: Tyranitar|Tyranitar, M|41/100
|-weather|Sandstorm|[from] ability: Sand Stream|[of] p2a: Tyranitar
|turn|7
|
|t:|1779620705
|move|p1a: Iron Valiant|Moonblast|p2a: Tyranitar
|-supereffective|p2a: Tyranitar
|-damage|p2a: Tyranitar|0 fnt
|faint|p2a: Tyranitar
|
|-weather|Sandstorm|[upkeep]
|-damage|p1a: Iron Valiant|46/100 psn|[from] Sandstorm
|-damage|p1a: Iron Valiant|33/100 psn|[from] psn
|upkeep
|
|t:|1779620713
|switch|p2a: Raging Bolt|Raging Bolt|100/100
|turn|8
|
|t:|1779620734
|move|p1a: Iron Valiant|Calm Mind|p1a: Iron Valiant
|-boost|p1a: Iron Valiant|spa|1
|-boost|p1a: Iron Valiant|spd|1
|move|p2a: Raging Bolt|Thunderbolt|p1a: Iron Valiant
|-damage|p1a: Iron Valiant|0 fnt
|faint|p1a: Iron Valiant
|-end|p1a: Iron Valiant|Quark Drive|[silent]
|
|-weather|Sandstorm|[upkeep]
|-damage|p2a: Raging Bolt|94/100|[from] Sandstorm
|upkeep
|
|t:|1779620736
|switch|p1a: Metagross|Metagross|100/100
|turn|9
|
|t:|1779620741
|-end|p2a: Raging Bolt|Protosynthesis|[silent]
|switch|p2a: Alomomola|Alomomola, F|100/100
|move|p1a: Metagross|Earthquake|p2a: Alomomola
|-damage|p2a: Alomomola|68/100
|
|-weather|Sandstorm|[upkeep]
|-damage|p2a: Alomomola|62/100|[from] Sandstorm
|upkeep
|turn|10
|
|t:|1779620749
|move|p1a: Metagross|Earthquake|p2a: Alomomola
|-damage|p2a: Alomomola|33/100
|move|p2a: Alomomola|Scald|p1a: Metagross
|-damage|p1a: Metagross|85/100
|
|-weather|Sandstorm|[upkeep]
|-damage|p2a: Alomomola|26/100|[from] Sandstorm
|upkeep
|turn|11
|
|t:|1779620764
|switch|p2a: Ogerpon|Ogerpon-Wellspring, F|100/100
|move|p1a: Metagross|Earthquake|p2a: Ogerpon
|-resisted|p2a: Ogerpon
|-damage|p2a: Ogerpon|59/100
|
|-weather|none
|upkeep
|turn|12
|
|t:|1779620778
|move|p2a: Ogerpon|Swords Dance|p2a: Ogerpon
|-boost|p2a: Ogerpon|atk|2
|move|p1a: Metagross|Earthquake|p2a: Ogerpon
|-resisted|p2a: Ogerpon
|-damage|p2a: Ogerpon|23/100
|
|upkeep
|turn|13
|
|t:|1779620785
|move|p2a: Ogerpon|Ivy Cudgel|p1a: Metagross|[anim] Ivy Cudgel Water
|-damage|p1a: Metagross|0 fnt
|faint|p1a: Metagross
|
|upkeep
|
|t:|1779620789
|switch|p1a: Raging Bolt|Raging Bolt|100/100
|-enditem|p1a: Raging Bolt|Booster Energy
|-activate|p1a: Raging Bolt|ability: Protosynthesis|[fromitem]
|-start|p1a: Raging Bolt|protosynthesisspa
|turn|14
|
|t:|1779620794
|switch|p2a: Great Tusk|Great Tusk|100/100
|-enditem|p2a: Great Tusk|Booster Energy
|-activate|p2a: Great Tusk|ability: Protosynthesis|[fromitem]
|-start|p2a: Great Tusk|protosynthesisatk
|move|p1a: Raging Bolt|Thunderclap||[still]
|-fail|p1a: Raging Bolt
|
|upkeep
|turn|15
|
|t:|1779620804
|move|p1a: Raging Bolt|Dragon Pulse|p2a: Great Tusk
|-damage|p2a: Great Tusk|13/100
|move|p2a: Great Tusk|Headlong Rush|p1a: Raging Bolt
|-supereffective|p1a: Raging Bolt
|-damage|p1a: Raging Bolt|0 fnt
|-unboost|p2a: Great Tusk|def|1
|-unboost|p2a: Great Tusk|spd|1
|faint|p1a: Raging Bolt
|-end|p1a: Raging Bolt|Protosynthesis|[silent]
|
|upkeep
|
|t:|1779620812
|switch|p1a: Cloyster|Cloyster, F, shiny|100/100
|turn|16
|
|t:|1779620819
|move|p1a: Cloyster|Ice Shard|p2a: Great Tusk
|-supereffective|p2a: Great Tusk
|-damage|p2a: Great Tusk|0 fnt
|faint|p2a: Great Tusk
|-end|p2a: Great Tusk|Protosynthesis|[silent]
|-damage|p1a: Cloyster|91/100|[from] item: Life Orb
|
|upkeep
|
|t:|1779620824
|switch|p2a: Raging Bolt|Raging Bolt|94/100
|turn|17
|
|t:|1779620830
|-terastallize|p2a: Raging Bolt|Fairy
|move|p1a: Cloyster|Icicle Spear|p2a: Raging Bolt
|-damage|p2a: Raging Bolt|82/100
|-damage|p2a: Raging Bolt|69/100
|-damage|p2a: Raging Bolt|57/100
|-damage|p2a: Raging Bolt|44/100
|-damage|p2a: Raging Bolt|32/100
|-hitcount|p2a: Raging Bolt|5
|-damage|p1a: Cloyster|81/100|[from] item: Life Orb
|move|p2a: Raging Bolt|Thunderbolt|p1a: Cloyster
|-supereffective|p1a: Cloyster
|-damage|p1a: Cloyster|0 fnt
|faint|p1a: Cloyster
|
|upkeep
|
|t:|1779620834
|switch|p1a: Magmortar|Magmortar, M|100/100
|turn|18
|
|t:|1779620844
|move|p1a: Magmortar|Thunderbolt|p2a: Raging Bolt
|-damage|p2a: Raging Bolt|3/100
|move|p2a: Raging Bolt|Thunderbolt|p1a: Magmortar
|-damage|p1a: Magmortar|0 fnt
|faint|p1a: Magmortar
|
|win|SGA4MVP23
|raw|fregene97's rating: 1346 &rarr; <strong>1327</strong><br />(-19 for losing)
|raw|SGA4MVP23's rating: 1371 &rarr; <strong>1390</strong><br />(+19 for winning)
|l|☆fregene97
|player|p1|
|l|☆SGA4MVP23
|player|p2|
