|j|☆viscus_55
|j|☆SgtBrick14
|t:|1779574782
|gametype|singles
|player|p1|viscus_55|gardenia-masters|1431
|player|p2|SgtBrick14|pokemonranger|1403
|gen|9
|tier|[Gen 9] OU
|rated|
|rule|HP Percentage Mod: HP is shown in percentages
|rule|Endless Battle Clause: Forcing endless battles is banned
|rule|Species Clause: Limit one of each Pokémon
|rule|OHKO Clause: OHKO moves are banned
|rule|Evasion Items Clause: Evasion items are banned
|rule|Evasion Moves Clause: Evasion moves are banned
|rule|Evasion Abilities Clause: Evasion abilities are banned
|rule|Sleep Moves Clause: Sleep-inducing moves are banned
|clearpoke
|poke|p1|Pecharunt|
|poke|p1|Kommo-o, M|
|poke|p1|Darkrai|
|poke|p1|Cinderace, M|
|poke|p1|Ninetales-Alola, M|
|poke|p1|Corviknight, F|
|poke|p2|Lucario, F|
|poke|p2|Kingambit, F|
|poke|p2|Ceruledge, M|
|poke|p2|Gengar, F|
|poke|p2|Cloyster, F|
|poke|p2|Froslass, F|
|teampreview
|inactive|Battle timer is ON: inactive players will automatically lose when time's up. (requested by viscus_55)
|
|t:|1779574791
|teamsize|p1|6
|teamsize|p2|6
|start
|switch|p1a: What's up doc|Cinderace, M|100/100
|switch|p2a: Froslass|Froslass, F|100/100
|turn|1
|
|t:|1779574797
|move|p1a: What's up doc|Pyro Ball|p2a: Froslass
|-supereffective|p2a: Froslass
|-enditem|p2a: Froslass|Focus Sash
|-damage|p2a: Froslass|1/100
|-start|p1a: What's up doc|Disable|Pyro Ball|[from] ability: Cursed Body|[of] p2a: Froslass
|move|p2a: Froslass|Thunder Wave|p1a: What's up doc
|-status|p1a: What's up doc|par
|
|upkeep
|turn|2
|
|t:|1779574803
|move|p2a: Froslass|Spikes|p1a: What's up doc
|-sidestart|p1: viscus_55|Spikes
|move|p1a: What's up doc|U-turn|p2a: Froslass
|-start|p1a: What's up doc|typechange|Bug|[from] ability: Libero
|-resisted|p2a: Froslass
|-damage|p2a: Froslass|0 fnt
|faint|p2a: Froslass
|
|t:|1779574806
|switch|p1a: Ninetales|Ninetales-Alola, M|100/100|[from] U-turn
|-damage|p1a: Ninetales|88/100|[from] Spikes
|-weather|Snowscape|[from] ability: Snow Warning|[of] p1a: Ninetales
|
|-weather|Snowscape|[upkeep]
|upkeep
|
|t:|1779574813
|switch|p2a: Ceruledge|Ceruledge, M|100/100
|turn|3
|
|t:|1779574817
|move|p1a: Ninetales|Aurora Veil|p1a: Ninetales
|-sidestart|p1: viscus_55|move: Aurora Veil
|move|p2a: Ceruledge|Swords Dance|p2a: Ceruledge
|-boost|p2a: Ceruledge|atk|2
|
|-weather|Snowscape|[upkeep]
|upkeep
|turn|4
|
|t:|1779574824
|switch|p1a: What's up doc|Cinderace, M|100/100 par
|move|p2a: Ceruledge|Poltergeist|p1a: What's up doc
|-activate|p1a: What's up doc|move: Poltergeist|Heavy-Duty Boots
|-damage|p1a: What's up doc|16/100 par
|
|-weather|Snowscape|[upkeep]
|upkeep
|turn|5
|
|t:|1779574832
|switch|p2a: Cloyster|Cloyster, F|100/100
|move|p1a: What's up doc|Sucker Punch||[still]
|-fail|p1a: What's up doc
|
|-weather|Snowscape|[upkeep]
|upkeep
|turn|6
|
|t:|1779574835
|move|p2a: Cloyster|Liquidation|p1a: What's up doc
|-supereffective|p1a: What's up doc
|-damage|p1a: What's up doc|0 fnt
|faint|p1a: What's up doc
|
|-weather|none
|upkeep
|
|t:|1779574846
|switch|p1a: Fav pseudo|Kommo-o, M|100/100
|-damage|p1a: Fav pseudo|88/100|[from] Spikes
|turn|7
|inactive|SgtBrick14 has 120 seconds left.
|
|t:|1779574883
|-terastallize|p1a: Fav pseudo|Normal
|move|p1a: Fav pseudo|Clangorous Soul|p1a: Fav pseudo
|-boost|p1a: Fav pseudo|atk|1
|-boost|p1a: Fav pseudo|def|1
|-boost|p1a: Fav pseudo|spa|1
|-boost|p1a: Fav pseudo|spd|1
|-boost|p1a: Fav pseudo|spe|1
|-damage|p1a: Fav pseudo|55/100
|-enditem|p1a: Fav pseudo|Throat Spray
|-boost|p1a: Fav pseudo|spa|1|[from] item: Throat Spray
|move|p2a: Cloyster|Shell Smash|p2a: Cloyster
|-unboost|p2a: Cloyster|def|1
|-unboost|p2a: Cloyster|spd|1
|-boost|p2a: Cloyster|atk|2
|-boost|p2a: Cloyster|spa|2
|-boost|p2a: Cloyster|spe|2
|
|upkeep
|turn|8
|
|t:|1779574894
|move|p2a: Cloyster|Icicle Spear|p1a: Fav pseudo
|-damage|p1a: Fav pseudo|47/100
|-damage|p1a: Fav pseudo|39/100
|-crit|p1a: Fav pseudo
|-damage|p1a: Fav pseudo|8/100
|-damage|p1a: Fav pseudo|0 fnt
|faint|p1a: Fav pseudo
|-hitcount|p1: Fav pseudo|4
|
|upkeep
|
|t:|1779574903
|switch|p1a: Anti fairy|Pecharunt|100/100
|-damage|p1a: Anti fairy|88/100|[from] Spikes
|turn|9
|
|t:|1779574918
|switch|p2a: Ceruledge|Ceruledge, M|100/100
|move|p1a: Anti fairy|Malignant Chain|p2a: Ceruledge
|-resisted|p2a: Ceruledge
|-damage|p2a: Ceruledge|80/100
|-status|p2a: Ceruledge|tox
|-start|p2a: Ceruledge|confusion|[from] ability: Poison Puppeteer|[of] p1a: Anti fairy
|
|-heal|p1a: Anti fairy|94/100|[from] item: Leftovers
|-damage|p2a: Ceruledge|74/100 tox|[from] psn
|upkeep
|turn|10
|
|t:|1779574925
|-activate|p2a: Ceruledge|confusion
|move|p2a: Ceruledge|Taunt|p1a: Anti fairy
|-start|p1a: Anti fairy|move: Taunt
|move|p1a: Anti fairy|Shadow Ball|p2a: Ceruledge
|-supereffective|p2a: Ceruledge
|-damage|p2a: Ceruledge|0 fnt
|faint|p2a: Ceruledge
|
|-heal|p1a: Anti fairy|99/100|[from] item: Leftovers
|-sideend|p1: viscus_55|move: Aurora Veil
|upkeep
|
|t:|1779574931
|switch|p2a: Gengar|Gengar, F|100/100
|turn|11
|
|t:|1779574934
|move|p2a: Gengar|Shadow Ball|p1a: Anti fairy
|-supereffective|p1a: Anti fairy
|-damage|p1a: Anti fairy|21/100
|move|p1a: Anti fairy|Shadow Ball|p2a: Gengar
|-supereffective|p2a: Gengar
|-damage|p2a: Gengar|1/100
|
|-heal|p1a: Anti fairy|27/100|[from] item: Leftovers
|upkeep
|turn|12
|
|t:|1779574942
|switch|p1a: Underrated|Darkrai|100/100
|-damage|p1a: Underrated|88/100|[from] Spikes
|move|p2a: Gengar|Sludge Wave|p1a: Underrated
|-damage|p1a: Underrated|18/100
|
|upkeep
|turn|13
|
|t:|1779574948
|move|p1a: Underrated|Dark Pulse|p2a: Gengar
|-supereffective|p2a: Gengar
|-damage|p2a: Gengar|0 fnt
|faint|p2a: Gengar
|
|upkeep
|
|t:|1779574953
|switch|p2a: Lucario|Lucario, F|100/100
|turn|14
|
|t:|1779574965
|move|p1a: Underrated|Nasty Plot|p1a: Underrated
|-boost|p1a: Underrated|spa|2
|move|p2a: Lucario|Swords Dance|p2a: Lucario
|-boost|p2a: Lucario|atk|2
|
|upkeep
|turn|15
|
|t:|1779574969
|move|p2a: Lucario|Bullet Punch|p1a: Underrated
|-damage|p1a: Underrated|0 fnt
|faint|p1a: Underrated
|
|upkeep
|
|t:|1779574972
|switch|p1a: Corviknight|Corviknight, F|100/100
|-ability|p1a: Corviknight|Pressure
|turn|16
|
|t:|1779574976
|move|p2a: Lucario|Close Combat|p1a: Corviknight
|-damage|p1a: Corviknight|1/100
|-unboost|p2a: Lucario|def|1
|-unboost|p2a: Lucario|spd|1
|-damage|p2a: Lucario|84/100|[from] item: Rocky Helmet|[of] p1a: Corviknight
|move|p1a: Corviknight|Bulk Up|p1a: Corviknight
|-boost|p1a: Corviknight|atk|1
|-boost|p1a: Corviknight|def|1
|
|upkeep
|turn|17
|
|t:|1779574981
|move|p2a: Lucario|Extreme Speed|p1a: Corviknight
|-resisted|p1a: Corviknight
|-damage|p1a: Corviknight|0 fnt
|-damage|p2a: Lucario|67/100|[from] item: Rocky Helmet|[of] p1a: Corviknight
|faint|p1a: Corviknight
|
|upkeep
|
|t:|1779574990
|switch|p1a: Ninetales|Ninetales-Alola, M|88/100
|-damage|p1a: Ninetales|76/100|[from] Spikes
|-weather|Snowscape|[from] ability: Snow Warning|[of] p1a: Ninetales
|turn|18
|
|t:|1779574994
|-terastallize|p2a: Lucario|Normal
|move|p2a: Lucario|Extreme Speed|p1a: Ninetales
|-damage|p1a: Ninetales|0 fnt
|faint|p1a: Ninetales
|
|-weather|Snowscape|[upkeep]
|upkeep
|
|t:|1779574998
|switch|p1a: Anti fairy|Pecharunt|27/100
|-damage|p1a: Anti fairy|15/100|[from] Spikes
|turn|19
|
|t:|1779575002
|move|p2a: Lucario|Bullet Punch|p1a: Anti fairy
|-damage|p1a: Anti fairy|0 fnt
|faint|p1a: Anti fairy
|
|win|SgtBrick14
|raw|viscus_55's rating: 1431 &rarr; <strong>1409</strong><br />(-22 for losing)
|raw|SgtBrick14's rating: 1403 &rarr; <strong>1425</strong><br />(+22 for winning)
|l|☆viscus_55
|player|p1|
|l|☆SgtBrick14
|player|p2|
