|j|☆jzjxjdydds
|j|☆IEatRats_73
|t:|1779565344
|gametype|singles
|player|p1|jzjxjdydds|169|1000
|player|p2|IEatRats_73|ghetsis-gen5bw|1010
|gen|9
|tier|[Gen 9] OU
|rated|
|rule|HP Percentage Mod: HP is shown in percentages
|rule|Endless Battle Clause: Forcing endless battles is banned
|rule|Species Clause: Limit one of each Pokémon
|rule|OHKO Clause: OHKO moves are banned
|rule|Evasion Items Clause: Evasion items are banned
|rule|Evasion Moves Clause: Evasion moves are banned
|rule|Evasion Abilities Clause: Evasion abilities are banned
|rule|Sleep Moves Clause: Sleep-inducing moves are banned
|clearpoke
|poke|p1|Moltres|
|poke|p1|Blastoise, F|
|poke|p1|Pikachu, M|
|poke|p1|Ogerpon, F|
|poke|p1|Dugtrio, F|
|poke|p1|Clefable, F|
|poke|p2|Barraskewda, F|
|poke|p2|Iron Valiant|
|poke|p2|Salamence, M|
|poke|p2|Blaziken, M|
|poke|p2|Cloyster, F|
|poke|p2|Ursaluna, F|
|teampreview
|inactive|Battle timer is ON: inactive players will automatically lose when time's up. (requested by jzjxjdydds)
|
|t:|1779565353
|teamsize|p1|6
|teamsize|p2|6
|start
|switch|p1a: Blastoise|Blastoise, F|100/100
|switch|p2a: My Oyster🦪|Cloyster, F|100/100
|turn|1
|
|t:|1779565361
|move|p2a: My Oyster🦪|Shell Smash|p2a: My Oyster🦪
|-unboost|p2a: My Oyster🦪|def|1
|-unboost|p2a: My Oyster🦪|spd|1
|-boost|p2a: My Oyster🦪|atk|2
|-boost|p2a: My Oyster🦪|spa|2
|-boost|p2a: My Oyster🦪|spe|2
|move|p1a: Blastoise|Flip Turn|p2a: My Oyster🦪
|-resisted|p2a: My Oyster🦪
|-damage|p2a: My Oyster🦪|91/100
|
|t:|1779565363
|switch|p1a: Clefable|Clefable, F|100/100|[from] Flip Turn
|
|upkeep
|turn|2
|
|t:|1779565368
|move|p2a: My Oyster🦪|Shell Smash|p2a: My Oyster🦪
|-unboost|p2a: My Oyster🦪|def|1
|-unboost|p2a: My Oyster🦪|spd|1
|-boost|p2a: My Oyster🦪|atk|2
|-boost|p2a: My Oyster🦪|spa|2
|-boost|p2a: My Oyster🦪|spe|2
|move|p1a: Clefable|Cosmic Power|p1a: Clefable
|-boost|p1a: Clefable|def|1
|-boost|p1a: Clefable|spd|1
|
|upkeep
|turn|3
|
|t:|1779565372
|move|p2a: My Oyster🦪|Icicle Spear|p1a: Clefable
|-damage|p1a: Clefable|93/100
|-damage|p1a: Clefable|85/100
|-damage|p1a: Clefable|77/100
|-damage|p1a: Clefable|70/100
|-damage|p1a: Clefable|62/100
|-hitcount|p1a: Clefable|5
|move|p1a: Clefable|Cosmic Power|p1a: Clefable
|-boost|p1a: Clefable|def|1
|-boost|p1a: Clefable|spd|1
|
|upkeep
|turn|4
|
|t:|1779565377
|move|p2a: My Oyster🦪|Icicle Spear|p1a: Clefable
|-damage|p1a: Clefable|56/100
|-damage|p1a: Clefable|50/100
|-damage|p1a: Clefable|44/100
|-damage|p1a: Clefable|38/100
|-damage|p1a: Clefable|31/100
|-hitcount|p1a: Clefable|5
|move|p1a: Clefable|Moonlight|p1a: Clefable
|-heal|p1a: Clefable|81/100
|
|upkeep
|turn|5
|
|t:|1779565381
|move|p2a: My Oyster🦪|Icicle Spear|p1a: Clefable
|-damage|p1a: Clefable|76/100
|-damage|p1a: Clefable|70/100
|-damage|p1a: Clefable|63/100
|-damage|p1a: Clefable|58/100
|-damage|p1a: Clefable|52/100
|-hitcount|p1a: Clefable|5
|move|p1a: Clefable|Cosmic Power|p1a: Clefable
|-boost|p1a: Clefable|def|1
|-boost|p1a: Clefable|spd|1
|
|upkeep
|turn|6
|
|t:|1779565383
|move|p2a: My Oyster🦪|Icicle Spear|p1a: Clefable
|-damage|p1a: Clefable|47/100
|-damage|p1a: Clefable|42/100
|-damage|p1a: Clefable|38/100
|-damage|p1a: Clefable|33/100
|-damage|p1a: Clefable|28/100
|-hitcount|p1a: Clefable|5
|move|p1a: Clefable|Moonlight|p1a: Clefable
|-heal|p1a: Clefable|78/100
|
|upkeep
|turn|7
|
|t:|1779565385
|move|p2a: My Oyster🦪|Icicle Spear|p1a: Clefable
|-damage|p1a: Clefable|74/100
|-damage|p1a: Clefable|69/100
|-damage|p1a: Clefable|64/100
|-damage|p1a: Clefable|60/100
|-damage|p1a: Clefable|55/100
|-hitcount|p1a: Clefable|5
|move|p1a: Clefable|Moonblast|p2a: My Oyster🦪
|-damage|p2a: My Oyster🦪|2/100
|
|upkeep
|turn|8
|
|t:|1779565389
|move|p2a: My Oyster🦪|Icicle Spear|p1a: Clefable
|-damage|p1a: Clefable|50/100
|-damage|p1a: Clefable|46/100
|-damage|p1a: Clefable|42/100
|-damage|p1a: Clefable|37/100
|-damage|p1a: Clefable|32/100
|-hitcount|p1a: Clefable|5
|move|p1a: Clefable|Moonlight|p1a: Clefable
|-heal|p1a: Clefable|82/100
|
|upkeep
|turn|9
|
|t:|1779565393
|move|p2a: My Oyster🦪|Icicle Spear|p1a: Clefable
|-damage|p1a: Clefable|78/100
|-damage|p1a: Clefable|73/100
|-damage|p1a: Clefable|69/100
|-damage|p1a: Clefable|64/100
|-damage|p1a: Clefable|59/100
|-hitcount|p1a: Clefable|5
|move|p1a: Clefable|Cosmic Power|p1a: Clefable
|-boost|p1a: Clefable|def|1
|-boost|p1a: Clefable|spd|1
|
|upkeep
|turn|10
|
|t:|1779565397
|move|p2a: My Oyster🦪|Icicle Spear|p1a: Clefable
|-damage|p1a: Clefable|55/100
|-damage|p1a: Clefable|51/100
|-damage|p1a: Clefable|47/100
|-damage|p1a: Clefable|43/100
|-damage|p1a: Clefable|39/100
|-hitcount|p1a: Clefable|5
|move|p1a: Clefable|Moonlight|p1a: Clefable
|-heal|p1a: Clefable|89/100
|
|upkeep
|turn|11
|
|t:|1779565406
|move|p2a: My Oyster🦪|Icicle Spear|p1a: Clefable
|-damage|p1a: Clefable|85/100
|-crit|p1a: Clefable
|-damage|p1a: Clefable|66/100
|-damage|p1a: Clefable|62/100
|-damage|p1a: Clefable|59/100
|-damage|p1a: Clefable|55/100
|-hitcount|p1a: Clefable|5
|move|p1a: Clefable|Moonblast|p2a: My Oyster🦪
|-damage|p2a: My Oyster🦪|0 fnt
|faint|p2a: My Oyster🦪
|
|upkeep
|
|t:|1779565409
|switch|p2a: This is Blaziken|Blaziken, M|100/100
|turn|12
|
|t:|1779565415
|move|p2a: This is Blaziken|Protect|p2a: This is Blaziken
|-singleturn|p2a: This is Blaziken|Protect
|move|p1a: Clefable|Moonlight|p1a: Clefable
|-heal|p1a: Clefable|100/100
|
|-ability|p2a: This is Blaziken|Speed Boost|boost
|-boost|p2a: This is Blaziken|spe|1
|upkeep
|turn|13
|
|t:|1779565421
|-terastallize|p2a: This is Blaziken|Fire
|move|p2a: This is Blaziken|Focus Energy|p2a: This is Blaziken
|-start|p2a: This is Blaziken|move: Focus Energy
|move|p1a: Clefable|Charge Beam|p2a: This is Blaziken
|-damage|p2a: This is Blaziken|85/100
|-boost|p1a: Clefable|spa|1
|
|-ability|p2a: This is Blaziken|Speed Boost|boost
|-boost|p2a: This is Blaziken|spe|1
|upkeep
|turn|14
|
|t:|1779565432
|move|p2a: This is Blaziken|Overheat|p1a: Clefable
|-crit|p1a: Clefable
|-damage|p1a: Clefable|0 fnt
|-unboost|p2a: This is Blaziken|spa|2
|faint|p1a: Clefable
|
|-ability|p2a: This is Blaziken|Speed Boost|boost
|-boost|p2a: This is Blaziken|spe|1
|upkeep
|
|t:|1779565436
|switch|p1a: Moltres|Moltres|100/100
|turn|15
|
|t:|1779565443
|move|p2a: This is Blaziken|Aura Sphere|p1a: Moltres
|-resisted|p1a: Moltres
|-crit|p1a: Moltres
|-damage|p1a: Moltres|68/100
|move|p1a: Moltres|Flamethrower|p2a: This is Blaziken
|-resisted|p2a: This is Blaziken
|-damage|p2a: This is Blaziken|56/100
|
|-ability|p2a: This is Blaziken|Speed Boost|boost
|-boost|p2a: This is Blaziken|spe|1
|upkeep
|turn|16
|
|t:|1779565446
|move|p2a: This is Blaziken|Aura Sphere|p1a: Moltres
|-resisted|p1a: Moltres
|-crit|p1a: Moltres
|-damage|p1a: Moltres|37/100
|move|p1a: Moltres|Flamethrower|p2a: This is Blaziken
|-resisted|p2a: This is Blaziken
|-damage|p2a: This is Blaziken|31/100
|
|-ability|p2a: This is Blaziken|Speed Boost|boost
|-boost|p2a: This is Blaziken|spe|1
|upkeep
|turn|17
|
|t:|1779565450
|move|p2a: This is Blaziken|Overheat|p1a: Moltres
|-resisted|p1a: Moltres
|-crit|p1a: Moltres
|-damage|p1a: Moltres|0 fnt
|-unboost|p2a: This is Blaziken|spa|2
|faint|p1a: Moltres
|
|-ability|p2a: This is Blaziken|Speed Boost|boost
|-boost|p2a: This is Blaziken|spe|1
|upkeep
|
|t:|1779565453
|switch|p1a: Pikachu|Pikachu, M|100/100
|turn|18
|
|t:|1779565456
|move|p1a: Pikachu|Fake Out|p2a: This is Blaziken
|-damage|p2a: This is Blaziken|6/100
|cant|p2a: This is Blaziken|flinch
|
|upkeep
|turn|19
|
|t:|1779565459
|move|p1a: Pikachu|Quick Attack|p2a: This is Blaziken
|-crit|p2a: This is Blaziken
|-damage|p2a: This is Blaziken|0 fnt
|faint|p2a: This is Blaziken
|
|upkeep
|
|t:|1779565464
|switch|p2a: Cinderella|Iron Valiant, shiny|100/100
|-enditem|p2a: Cinderella|Booster Energy
|-activate|p2a: Cinderella|ability: Quark Drive|[fromitem]
|-start|p2a: Cinderella|quarkdrivespe
|turn|20
|
|t:|1779565467
|switch|p1a: Blastoise|Blastoise, F|100/100
|move|p2a: Cinderella|Moonblast|p1a: Blastoise
|-damage|p1a: Blastoise|64/100
|
|upkeep
|turn|21
|
|t:|1779565470
|move|p2a: Cinderella|Thunderbolt|p1a: Blastoise
|-supereffective|p1a: Blastoise
|-damage|p1a: Blastoise|19/100
|move|p1a: Blastoise|Surf|p2a: Cinderella
|-damage|p2a: Cinderella|30/100
|
|upkeep
|turn|22
|
|t:|1779565473
|move|p2a: Cinderella|Thunderbolt|p1a: Blastoise
|-supereffective|p1a: Blastoise
|-damage|p1a: Blastoise|0 fnt
|faint|p1a: Blastoise
|
|upkeep
|
|t:|1779565475
|switch|p1a: Pikachu|Pikachu, M|100/100
|turn|23
|
|t:|1779565477
|move|p1a: Pikachu|Fake Out|p2a: Cinderella
|-damage|p2a: Cinderella|10/100
|cant|p2a: Cinderella|flinch
|
|upkeep
|turn|24
|
|t:|1779565480
|move|p1a: Pikachu|Quick Attack|p2a: Cinderella
|-damage|p2a: Cinderella|0 fnt
|faint|p2a: Cinderella
|-end|p2a: Cinderella|Quark Drive|[silent]
|
|upkeep
|
|t:|1779565484
|switch|p2a: Brother Bear|Ursaluna, F|100/100
|turn|25
|
|t:|1779565489
|move|p1a: Pikachu|Surf|p2a: Brother Bear
|-supereffective|p2a: Brother Bear
|-damage|p2a: Brother Bear|58/100
|move|p2a: Brother Bear|Earthquake|p1a: Pikachu
|-supereffective|p1a: Pikachu
|-damage|p1a: Pikachu|0 fnt
|faint|p1a: Pikachu
|
|-status|p2a: Brother Bear|brn|[from] item: Flame Orb
|upkeep
|
|t:|1779565495
|switch|p1a: Dugtrio|Dugtrio, F|100/100
|turn|26
|
|t:|1779565498
|move|p1a: Dugtrio|Substitute|p1a: Dugtrio
|-start|p1a: Dugtrio|Substitute
|-damage|p1a: Dugtrio|75/100
|move|p2a: Brother Bear|Facade|p1a: Dugtrio
|-end|p1a: Dugtrio|Substitute
|
|-damage|p2a: Brother Bear|52/100 brn|[from] brn
|upkeep
|turn|27
|
|t:|1779565501
|move|p1a: Dugtrio|Substitute|p1a: Dugtrio
|-start|p1a: Dugtrio|Substitute
|-damage|p1a: Dugtrio|50/100
|move|p2a: Brother Bear|Facade|p1a: Dugtrio
|-end|p1a: Dugtrio|Substitute
|
|-damage|p2a: Brother Bear|46/100 brn|[from] brn
|upkeep
|turn|28
|
|t:|1779565504
|move|p1a: Dugtrio|Substitute|p1a: Dugtrio
|-start|p1a: Dugtrio|Substitute
|-damage|p1a: Dugtrio|25/100
|-enditem|p1a: Dugtrio|Liechi Berry|[eat]
|-boost|p1a: Dugtrio|atk|1|[from] item: Liechi Berry
|move|p2a: Brother Bear|Facade|p1a: Dugtrio
|-end|p1a: Dugtrio|Substitute
|
|-damage|p2a: Brother Bear|40/100 brn|[from] brn
|upkeep
|turn|29
|
|t:|1779565509
|move|p1a: Dugtrio|Earthquake|p2a: Brother Bear
|-damage|p2a: Brother Bear|0 fnt
|faint|p2a: Brother Bear
|
|upkeep
|
|t:|1779565513
|switch|p2a: Needlefish|Barraskewda, F|100/100
|turn|30
|
|t:|1779565517
|move|p1a: Dugtrio|Earthquake|p2a: Needlefish
|-damage|p2a: Needlefish|0 fnt
|faint|p2a: Needlefish
|
|upkeep
|
|t:|1779565519
|switch|p2a: Salamander|Salamence, M, shiny|100/100
|turn|31
|
|t:|1779565525
|move|p1a: Dugtrio|Endeavor|p2a: Salamander
|-damage|p2a: Salamander|17/100
|move|p2a: Salamander|Substitute|p2a: Salamander
|-fail|p2a: Salamander|move: Substitute|[weak]
|
|-heal|p2a: Salamander|23/100|[from] item: Leftovers
|upkeep
|turn|32
|c|☆IEatRats_73|How the FUCK is a damn turd in the ground faster than a DRAGON
|inactive|IEatRats_73 has 120 seconds left.
|c|☆IEatRats_73|I'm joking, btw
|c|☆IEatRats_73|Still miffed though
|
|t:|1779565572
|move|p1a: Dugtrio|Smack Down|p2a: Salamander
|-supereffective|p2a: Salamander
|-damage|p2a: Salamander|0 fnt
|faint|p2a: Salamander
|
|win|jzjxjdydds
