|j|☆Exilos
|j|☆1200 hell
|t:|1779563336
|gametype|singles
|player|p1|Exilos|101|1359
|player|p2|1200 hell|101|1454
|gen|9
|tier|[Gen 9] OU
|rated|
|rule|HP Percentage Mod: HP is shown in percentages
|rule|Endless Battle Clause: Forcing endless battles is banned
|rule|Species Clause: Limit one of each Pokémon
|rule|OHKO Clause: OHKO moves are banned
|rule|Evasion Items Clause: Evasion items are banned
|rule|Evasion Moves Clause: Evasion moves are banned
|rule|Evasion Abilities Clause: Evasion abilities are banned
|rule|Sleep Moves Clause: Sleep-inducing moves are banned
|clearpoke
|poke|p1|Clawitzer, M|
|poke|p1|Raging Bolt|
|poke|p1|Zamazenta-*|
|poke|p1|Slowking-Galar, F|
|poke|p1|Moltres|
|poke|p1|Dragapult, M|
|poke|p2|Hawlucha, F|
|poke|p2|Samurott-Hisui, F|
|poke|p2|Rillaboom, F|
|poke|p2|Gholdengo|
|poke|p2|Kyurem|
|poke|p2|Landorus-Therian, M|
|teampreview
|inactive|Battle timer is ON: inactive players will automatically lose when time's up. (requested by Exilos)
|
|t:|1779563349
|teamsize|p1|6
|teamsize|p2|6
|start
|switch|p1a: Moltres|Moltres|100/100
|switch|p2a: Kyurem|Kyurem|100/100
|-ability|p2a: Kyurem|Pressure
|turn|1
|
|t:|1779563356
|switch|p1a: Slowking|Slowking-Galar, F|100/100
|move|p2a: Kyurem|Ice Beam|p1a: Slowking
|-damage|p1a: Slowking|78/100
|
|upkeep
|turn|2
|
|t:|1779563360
|move|p2a: Kyurem|Earth Power|p1a: Slowking
|-supereffective|p1a: Slowking
|-damage|p1a: Slowking|49/100
|move|p1a: Slowking|Flamethrower|p2a: Kyurem
|-damage|p2a: Kyurem|84/100
|
|upkeep
|turn|3
|
|t:|1779563369
|switch|p2a: Samurott|Samurott-Hisui, F|100/100
|move|p1a: Slowking|Sludge Bomb|p2a: Samurott
|-damage|p2a: Samurott|70/100
|
|upkeep
|turn|4
|
|t:|1779563373
|switch|p1a: Moltres|Moltres|100/100
|move|p2a: Samurott|Ceaseless Edge|p1a: Moltres
|-damage|p1a: Moltres|74/100
|-status|p2a: Samurott|brn|[from] ability: Flame Body|[of] p1a: Moltres
|-sidestart|p1: Exilos|Spikes
|
|-damage|p2a: Samurott|64/100 brn|[from] brn
|upkeep
|turn|5
|
|t:|1779563382
|move|p2a: Samurott|Flip Turn|p1a: Moltres
|-supereffective|p1a: Moltres
|-damage|p1a: Moltres|57/100
|
|t:|1779563385
|switch|p2a: Landorus|Landorus-Therian, M|100/100|[from] Flip Turn
|-ability|p2a: Landorus|Intimidate|boost
|-unboost|p1a: Moltres|atk|1
|move|p1a: Moltres|U-turn|p2a: Landorus
|-resisted|p2a: Landorus
|-damage|p2a: Landorus|96/100
|-damage|p1a: Moltres|41/100|[from] item: Rocky Helmet|[of] p2a: Landorus
|
|t:|1779563390
|switch|p1a: boom|Clawitzer, M, shiny|100/100|[from] U-turn
|-damage|p1a: boom|88/100|[from] Spikes
|
|upkeep
|turn|6
|
|t:|1779563397
|move|p2a: Landorus|U-turn|p1a: boom
|-damage|p1a: boom|62/100
|
|t:|1779563401
|switch|p2a: Kyurem|Kyurem|84/100|[from] U-turn
|-ability|p2a: Kyurem|Pressure
|move|p1a: boom|Dragon Pulse|p2a: Kyurem
|-supereffective|p2a: Kyurem
|-damage|p2a: Kyurem|1/100
|
|upkeep
|turn|7
|
|t:|1779563411
|switch|p1a: Slowking|Slowking-Galar, F|82/100
|-damage|p1a: Slowking|70/100|[from] Spikes
|move|p2a: Kyurem|Freeze-Dry|p1a: Slowking
|-damage|p1a: Slowking|53/100
|
|upkeep
|turn|8
|
|t:|1779563417
|move|p2a: Kyurem|Earth Power|p1a: Slowking
|-supereffective|p1a: Slowking
|-damage|p1a: Slowking|23/100
|move|p1a: Slowking|Flamethrower|p2a: Kyurem
|-damage|p2a: Kyurem|0 fnt
|faint|p2a: Kyurem
|
|upkeep
|
|t:|1779563426
|switch|p2a: Samurott|Samurott-Hisui, F|64/100 brn
|turn|9
|
|t:|1779563439
|switch|p1a: Moltres|Moltres|41/100
|move|p2a: Samurott|Knock Off|p1a: Moltres
|-damage|p1a: Moltres|28/100
|-enditem|p1a: Moltres|Heavy-Duty Boots|[from] move: Knock Off|[of] p2a: Samurott
|
|-damage|p2a: Samurott|58/100 brn|[from] brn
|upkeep
|turn|10
|
|t:|1779563443
|move|p2a: Samurott|Flip Turn|p1a: Moltres
|-supereffective|p1a: Moltres
|-damage|p1a: Moltres|11/100
|
|t:|1779563446
|switch|p2a: Landorus|Landorus-Therian, M|96/100|[from] Flip Turn
|-ability|p2a: Landorus|Intimidate|boost
|-unboost|p1a: Moltres|atk|1
|move|p1a: Moltres|Roost|p1a: Moltres
|-heal|p1a: Moltres|61/100
|-singleturn|p1a: Moltres|move: Roost
|
|upkeep
|turn|11
|
|t:|1779563457
|move|p2a: Landorus|Taunt|p1a: Moltres
|-start|p1a: Moltres|move: Taunt
|move|p1a: Moltres|Flamethrower|p2a: Landorus
|-damage|p2a: Landorus|53/100
|
|upkeep
|turn|12
|
|t:|1779563462
|move|p2a: Landorus|Stealth Rock|p1a: Moltres
|-sidestart|p1: Exilos|move: Stealth Rock
|move|p1a: Moltres|U-turn|p2a: Landorus
|-resisted|p2a: Landorus
|-damage|p2a: Landorus|49/100
|-damage|p1a: Moltres|45/100|[from] item: Rocky Helmet|[of] p2a: Landorus
|
|t:|1779563479
|switch|p1a: boom|Clawitzer, M, shiny|62/100|[from] U-turn
|-damage|p1a: boom|50/100|[from] Spikes
|-damage|p1a: boom|37/100|[from] Stealth Rock
|
|upkeep
|turn|13
|
|t:|1779563491
|move|p2a: Landorus|Taunt|p1a: boom
|-start|p1a: boom|move: Taunt
|move|p1a: boom|Dragon Pulse|p2a: Landorus
|-damage|p2a: Landorus|0 fnt
|faint|p2a: Landorus
|
|upkeep
|
|t:|1779563498
|switch|p2a: Rillaboom|Rillaboom, F|100/100
|-fieldstart|move: Grassy Terrain|[from] ability: Grassy Surge|[of] p2a: Rillaboom
|turn|14
|
|t:|1779563504
|switch|p1a: Moltres|Moltres|45/100
|-damage|p1a: Moltres|0 fnt|[from] Stealth Rock
|faint|p1a: Moltres
|move|p2a: Rillaboom|Grassy Glide|p1: Moltres|[notarget]
|-fail|p2a: Rillaboom
|
|upkeep
|
|t:|1779563510
|switch|p1a: Raging Bolt|Raging Bolt|100/100
|-damage|p1a: Raging Bolt|88/100|[from] Spikes
|-damage|p1a: Raging Bolt|76/100|[from] Stealth Rock
|-enditem|p1a: Raging Bolt|Booster Energy
|-activate|p1a: Raging Bolt|ability: Protosynthesis|[fromitem]
|-start|p1a: Raging Bolt|protosynthesisspa
|turn|15
|
|t:|1779563528
|switch|p2a: Samurott|Samurott-Hisui, F|58/100 brn
|move|p1a: Raging Bolt|Calm Mind|p1a: Raging Bolt
|-boost|p1a: Raging Bolt|spa|1
|-boost|p1a: Raging Bolt|spd|1
|
|-heal|p1a: Raging Bolt|82/100|[from] Grassy Terrain
|-heal|p2a: Samurott|64/100 brn|[from] Grassy Terrain
|-damage|p2a: Samurott|58/100 brn|[from] brn
|upkeep
|turn|16
|
|t:|1779563534
|move|p1a: Raging Bolt|Thunderbolt|p2a: Samurott
|-supereffective|p2a: Samurott
|-damage|p2a: Samurott|0 fnt
|faint|p2a: Samurott
|
|-heal|p1a: Raging Bolt|88/100|[from] Grassy Terrain
|upkeep
|
|t:|1779563537
|switch|p2a: Gholdengo|Gholdengo|100/100
|turn|17
|
|t:|1779563544
|move|p2a: Gholdengo|Trick|p1a: Raging Bolt
|-activate|p2a: Gholdengo|move: Trick|[of] p1a: Raging Bolt
|-item|p1a: Raging Bolt|Choice Scarf|[from] move: Trick
|-enditem|p2a: Gholdengo|Choice Scarf|[silent]|[from] move: Trick
|move|p1a: Raging Bolt|Thunderbolt|p2a: Gholdengo
|-damage|p2a: Gholdengo|0 fnt
|faint|p2a: Gholdengo
|
|-heal|p1a: Raging Bolt|94/100|[from] Grassy Terrain
|upkeep
|
|t:|1779563548
|switch|p2a: Rillaboom|Rillaboom, F|100/100
|turn|18
|
|t:|1779563555
|move|p1a: Raging Bolt|Thunderbolt|p2a: Rillaboom
|-resisted|p2a: Rillaboom
|-damage|p2a: Rillaboom|39/100
|move|p2a: Rillaboom|Swords Dance|p2a: Rillaboom
|-boost|p2a: Rillaboom|atk|2
|
|-heal|p1a: Raging Bolt|100/100|[from] Grassy Terrain
|-heal|p2a: Rillaboom|45/100|[from] Grassy Terrain
|-fieldend|move: Grassy Terrain
|upkeep
|turn|19
|
|t:|1779563559
|move|p1a: Raging Bolt|Thunderbolt|p2a: Rillaboom
|-resisted|p2a: Rillaboom
|-damage|p2a: Rillaboom|0 fnt
|faint|p2a: Rillaboom
|
|upkeep
|
|t:|1779563562
|switch|p2a: Hawlucha|Hawlucha, F|100/100
|turn|20
|-message|1200 hell forfeited.
|
|win|Exilos
|raw|Exilos's rating: 1359 &rarr; <strong>1384</strong><br />(+25 for winning)
|raw|1200 hell's rating: 1454 &rarr; <strong>1429</strong><br />(-25 for losing)
|l|☆1200 hell
|player|p2|
|l|☆Exilos
|player|p1|
