|j|‽aaagislash
|j|☆Gulptubus
|t:|1779703663
|gametype|singles
|player|p1|aaagislash|1|1476
|player|p2|Gulptubus|pokemonranger-gen4|1543
|gen|9
|tier|[Gen 9] OU
|rated|
|rule|HP Percentage Mod: HP is shown in percentages
|rule|Endless Battle Clause: Forcing endless battles is banned
|rule|Species Clause: Limit one of each Pokémon
|rule|OHKO Clause: OHKO moves are banned
|rule|Evasion Items Clause: Evasion items are banned
|rule|Evasion Moves Clause: Evasion moves are banned
|rule|Evasion Abilities Clause: Evasion abilities are banned
|rule|Sleep Moves Clause: Sleep-inducing moves are banned
|clearpoke
|poke|p1|Kommo-o, M|
|poke|p1|Moltres|
|poke|p1|Iron Valiant|
|poke|p1|Meowscarada, M|
|poke|p1|Scizor, M|
|poke|p1|Great Tusk|
|poke|p2|Zamazenta-*|
|poke|p2|Zoroark-Hisui, F|
|poke|p2|Hoopa-Unbound|
|poke|p2|Iron Treads|
|poke|p2|Hydrapple, M|
|poke|p2|Iron Moth|
|teampreview
|l|☆Gulptubus
|player|p2|
|j|☆Gulptubus
|player|p2|Gulptubus|pokemonranger-gen4|
|inactive|Battle timer is ON: inactive players will automatically lose when time's up. (requested by aaagislash)
|
|t:|1779703708
|teamsize|p1|6
|teamsize|p2|6
|start
|switch|p1a: Meowscarada|Meowscarada, M|100/100
|switch|p2a: Iron Moth|Iron Moth|100/100
|turn|1
|
|t:|1779703725
|move|p2a: Iron Moth|Sludge Wave|p1a: Meowscarada
|-supereffective|p1a: Meowscarada
|-damage|p1a: Meowscarada|0 fnt
|faint|p1a: Meowscarada
|
|upkeep
|
|t:|1779703747
|switch|p1a: Scizor|Scizor, M|100/100
|turn|2
|
|t:|1779703761
|-end|p2a: Iron Moth|Quark Drive|[silent]
|switch|p2a: Zamazenta|Zamazenta|100/100
|-ability|p2a: Zamazenta|Dauntless Shield|boost
|-boost|p2a: Zamazenta|def|1
|move|p1a: Scizor|Swords Dance|p1a: Scizor
|-boost|p1a: Scizor|atk|2
|
|upkeep
|turn|3
|
|t:|1779703767
|switch|p1a: Moltres|Moltres|100/100
|move|p2a: Zamazenta|Roar|p1a: Moltres
|drag|p1a: Kommo-o|Kommo-o, M|100/100
|
|upkeep
|turn|4
|
|t:|1779703776
|move|p1a: Kommo-o|Dragon Dance|p1a: Kommo-o
|-boost|p1a: Kommo-o|atk|1
|-boost|p1a: Kommo-o|spe|1
|move|p2a: Zamazenta|Roar|p1a: Kommo-o
|-immune|p1a: Kommo-o|[from] ability: Soundproof
|
|upkeep
|turn|5
|
|t:|1779703783
|move|p2a: Zamazenta|Close Combat|p1a: Kommo-o
|-damage|p1a: Kommo-o|37/100
|-unboost|p2a: Zamazenta|def|1
|-unboost|p2a: Zamazenta|spd|1
|-damage|p2a: Zamazenta|91/100|[from] item: Life Orb
|move|p1a: Kommo-o|Dragon Dance|p1a: Kommo-o
|-boost|p1a: Kommo-o|atk|1
|-boost|p1a: Kommo-o|spe|1
|
|upkeep
|turn|6
|
|t:|1779703813
|move|p1a: Kommo-o|Close Combat|p2a: Zamazenta
|-damage|p2a: Zamazenta|0 fnt
|-unboost|p1a: Kommo-o|def|1
|-unboost|p1a: Kommo-o|spd|1
|faint|p2a: Zamazenta
|-damage|p1a: Kommo-o|27/100|[from] item: Life Orb
|
|upkeep
|inactive|Gulptubus has 120 seconds left.
|
|t:|1779703829
|switch|p2a: Hydrapple|Hydrapple, M|100/100
|turn|7
|
|t:|1779703834
|-terastallize|p2a: Hydrapple|Poison
|move|p1a: Kommo-o|Close Combat|p2a: Hydrapple
|-resisted|p2a: Hydrapple
|-damage|p2a: Hydrapple|54/100
|-unboost|p1a: Kommo-o|def|1
|-unboost|p1a: Kommo-o|spd|1
|-damage|p1a: Kommo-o|10/100|[from] item: Rocky Helmet|[of] p2a: Hydrapple
|-damage|p1a: Kommo-o|0 fnt|[from] item: Life Orb
|faint|p1a: Kommo-o
|move|p2a: Hydrapple|Fickle Beam|p1: Kommo-o|[notarget]
|-fail|p2a: Hydrapple
|
|upkeep
|
|t:|1779703840
|switch|p1a: Moltres|Moltres|100/100
|turn|8
|
|t:|1779703853
|switch|p2a: Iron Moth|Iron Moth|100/100
|move|p1a: Moltres|Flamethrower|p2a: Iron Moth
|-resisted|p2a: Iron Moth
|-damage|p2a: Iron Moth|66/100
|-damage|p1a: Moltres|91/100|[from] item: Life Orb
|
|upkeep
|turn|9
|
|t:|1779703877
|-terastallize|p1a: Moltres|Ground
|move|p2a: Iron Moth|Fiery Dance|p1a: Moltres
|-damage|p1a: Moltres|34/100
|move|p1a: Moltres|Agility|p1a: Moltres
|-boost|p1a: Moltres|spe|2
|
|upkeep
|turn|10
|
|t:|1779703883
|move|p1a: Moltres|Scorching Sands|p2a: Iron Moth
|-supereffective|p2a: Iron Moth
|-damage|p2a: Iron Moth|0 fnt
|faint|p2a: Iron Moth
|-end|p2a: Iron Moth|Quark Drive|[silent]
|-damage|p1a: Moltres|24/100|[from] item: Life Orb
|
|upkeep
|
|t:|1779703887
|switch|p2a: Hoopa|Hoopa-Unbound|100/100
|turn|11
|
|t:|1779703893
|move|p1a: Moltres|Flamethrower|p2a: Hoopa
|-damage|p2a: Hoopa|69/100
|-damage|p1a: Moltres|15/100|[from] item: Life Orb
|move|p2a: Hoopa|Knock Off|p1a: Moltres
|-damage|p1a: Moltres|0 fnt
|-enditem|p1a: Moltres|Life Orb|[from] move: Knock Off|[of] p2a: Hoopa
|faint|p1a: Moltres
|
|upkeep
|
|t:|1779703905
|switch|p1a: Iron Valiant|Iron Valiant|100/100
|-enditem|p1a: Iron Valiant|Booster Energy
|-activate|p1a: Iron Valiant|ability: Quark Drive|[fromitem]
|-start|p1a: Iron Valiant|quarkdrivespe
|turn|12
|
|t:|1779703908
|move|p1a: Iron Valiant|Spirit Break|p2a: Hoopa
|-supereffective|p2a: Hoopa
|-damage|p2a: Hoopa|0 fnt
|faint|p2a: Hoopa
|
|upkeep
|
|t:|1779703921
|switch|p2a: Hydrapple|Hydrapple, M, tera:Poison|87/100
|turn|13
|
|t:|1779703926
|move|p1a: Iron Valiant|Swords Dance|p1a: Iron Valiant
|-boost|p1a: Iron Valiant|atk|2
|move|p2a: Hydrapple|Giga Drain|p1a: Iron Valiant
|-damage|p1a: Iron Valiant|44/100
|-heal|p2a: Hydrapple|100/100|[from] drain|[of] p1a: Iron Valiant
|
|upkeep
|turn|14
|
|t:|1779703936
|move|p1a: Iron Valiant|Knock Off|p2a: Hydrapple
|-damage|p2a: Hydrapple|61/100
|-damage|p1a: Iron Valiant|27/100|[from] item: Rocky Helmet|[of] p2a: Hydrapple
|-enditem|p2a: Hydrapple|Rocky Helmet|[from] move: Knock Off|[of] p1a: Iron Valiant
|move|p2a: Hydrapple|Giga Drain|p1a: Iron Valiant
|-damage|p1a: Iron Valiant|0 fnt
|-heal|p2a: Hydrapple|71/100|[from] drain|[of] p1a: Iron Valiant
|faint|p1a: Iron Valiant
|-end|p1a: Iron Valiant|Quark Drive|[silent]
|
|upkeep
|
|t:|1779703940
|switch|p1a: Scizor|Scizor, M|100/100
|turn|15
|
|t:|1779703954
|move|p1a: Scizor|Swords Dance|p1a: Scizor
|-boost|p1a: Scizor|atk|2
|move|p2a: Hydrapple|Earth Power|p1a: Scizor
|-damage|p1a: Scizor|62/100
|-unboost|p1a: Scizor|spd|1
|
|-heal|p1a: Scizor|68/100|[from] item: Leftovers
|upkeep
|turn|16
|
|t:|1779703963
|move|p1a: Scizor|Bullet Punch|p2a: Hydrapple
|-damage|p2a: Hydrapple|38/100
|move|p2a: Hydrapple|Earth Power|p1a: Scizor
|-damage|p1a: Scizor|16/100
|
|-heal|p1a: Scizor|22/100|[from] item: Leftovers
|upkeep
|turn|17
|
|t:|1779703969
|switch|p2a: Iron Treads|Iron Treads|100/100
|move|p1a: Scizor|Bullet Punch|p2a: Iron Treads
|-resisted|p2a: Iron Treads
|-damage|p2a: Iron Treads|78/100
|
|-heal|p2a: Iron Treads|84/100|[from] item: Leftovers
|-heal|p1a: Scizor|28/100|[from] item: Leftovers
|upkeep
|turn|18
|
|t:|1779703977
|switch|p1a: Great Tusk|Great Tusk|100/100
|-enditem|p1a: Great Tusk|Booster Energy
|-activate|p1a: Great Tusk|ability: Protosynthesis|[fromitem]
|-start|p1a: Great Tusk|protosynthesisatk
|move|p2a: Iron Treads|Earthquake|p1a: Great Tusk
|-damage|p1a: Great Tusk|74/100
|
|-heal|p2a: Iron Treads|90/100|[from] item: Leftovers
|upkeep
|turn|19
|
|t:|1779703990
|move|p2a: Iron Treads|Ice Spinner|p1a: Great Tusk
|-supereffective|p1a: Great Tusk
|-damage|p1a: Great Tusk|44/100
|move|p1a: Great Tusk|Rapid Spin|p2a: Iron Treads
|-resisted|p2a: Iron Treads
|-damage|p2a: Iron Treads|80/100
|-boost|p1a: Great Tusk|spe|1
|
|-heal|p2a: Iron Treads|86/100|[from] item: Leftovers
|upkeep
|turn|20
|
|t:|1779703996
|move|p1a: Great Tusk|Headlong Rush|p2a: Iron Treads
|-supereffective|p2a: Iron Treads
|-damage|p2a: Iron Treads|0 fnt
|-unboost|p1a: Great Tusk|def|1
|-unboost|p1a: Great Tusk|spd|1
|faint|p2a: Iron Treads
|-end|p2a: Iron Treads|Quark Drive|[silent]
|
|upkeep
|
|t:|1779704003
|switch|p2a: Hydrapple|Hydrapple, M, tera:Poison|71/100
|turn|21
|
|t:|1779704005
|move|p1a: Great Tusk|Headlong Rush|p2a: Hydrapple
|-supereffective|p2a: Hydrapple
|-damage|p2a: Hydrapple|0 fnt
|-unboost|p1a: Great Tusk|def|1
|-unboost|p1a: Great Tusk|spd|1
|faint|p2a: Hydrapple
|
|upkeep
|
|t:|1779704007
|switch|p2a: Zoroark|Zoroark-Hisui, F|100/100
|turn|22
|
|t:|1779704009
|move|p1a: Great Tusk|Headlong Rush|p2a: Zoroark
|-damage|p2a: Zoroark|0 fnt
|-unboost|p1a: Great Tusk|def|1
|-unboost|p1a: Great Tusk|spd|1
|faint|p2a: Zoroark
|
|win|aaagislash
|raw|aaagislash's rating: 1476 &rarr; <strong>1500</strong><br />(+24 for winning)
|raw|Gulptubus's rating: 1543 &rarr; <strong>1519</strong><br />(-24 for losing)
|l|☆Gulptubus
|player|p2|
|l|‽aaagislash
|player|p1|
