|j|☆ferrothxrn
|j|☆asdadac
|t:|1779717720
|gametype|singles
|player|p1|ferrothxrn|2|1542
|player|p2|asdadac|265|1489
|gen|9
|tier|[Gen 9] OU
|rated|
|rule|HP Percentage Mod: HP is shown in percentages
|rule|Endless Battle Clause: Forcing endless battles is banned
|rule|Species Clause: Limit one of each Pokémon
|rule|OHKO Clause: OHKO moves are banned
|rule|Evasion Items Clause: Evasion items are banned
|rule|Evasion Moves Clause: Evasion moves are banned
|rule|Evasion Abilities Clause: Evasion abilities are banned
|rule|Sleep Moves Clause: Sleep-inducing moves are banned
|clearpoke
|poke|p1|Kingambit, F|
|poke|p1|Iron Treads|
|poke|p1|Barraskewda, F|
|poke|p1|Overqwil, F|
|poke|p1|Raging Bolt|
|poke|p1|Pelipper, M|
|poke|p2|Volcanion|
|poke|p2|Great Tusk|
|poke|p2|Hatterene, F|
|poke|p2|Gholdengo|
|poke|p2|Dragonite, F|
|poke|p2|Weavile, M|
|teampreview
|inactive|Battle timer is ON: inactive players will automatically lose when time's up. (requested by ferrothxrn)
|
|t:|1779717743
|teamsize|p1|6
|teamsize|p2|6
|start
|switch|p1a: Pelipper|Pelipper, M|100/100
|switch|p2a: 我是奶龙|Dragonite, F|100/100
|-weather|RainDance|[from] ability: Drizzle|[of] p1a: Pelipper
|turn|1
|
|t:|1779717755
|move|p2a: 我是奶龙|Dragon Dance|p2a: 我是奶龙
|-boost|p2a: 我是奶龙|atk|1
|-boost|p2a: 我是奶龙|spe|1
|move|p1a: Pelipper|U-turn|p2a: 我是奶龙
|-resisted|p2a: 我是奶龙
|-damage|p2a: 我是奶龙|98/100
|
|t:|1779717762
|switch|p1a: Raging Bolt|Raging Bolt|100/100|[from] U-turn
|-enditem|p1a: Raging Bolt|Booster Energy
|-activate|p1a: Raging Bolt|ability: Protosynthesis|[fromitem]
|-start|p1a: Raging Bolt|protosynthesisspa
|
|-weather|RainDance|[upkeep]
|-heal|p2a: 我是奶龙|100/100|[from] item: Leftovers
|upkeep
|turn|2
|
|t:|1779717770
|-terastallize|p2a: 我是奶龙|Ground
|-terastallize|p1a: Raging Bolt|Fairy
|move|p2a: 我是奶龙|Earthquake|p1a: Raging Bolt
|-damage|p1a: Raging Bolt|31/100
|move|p1a: Raging Bolt|Draco Meteor|p2a: 我是奶龙
|-damage|p2a: 我是奶龙|50/100
|-unboost|p1a: Raging Bolt|spa|2
|
|-weather|RainDance|[upkeep]
|-heal|p2a: 我是奶龙|56/100|[from] item: Leftovers
|upkeep
|turn|3
|
|t:|1779717780
|move|p2a: 我是奶龙|Earthquake|p1a: Raging Bolt
|-damage|p1a: Raging Bolt|0 fnt
|faint|p1a: Raging Bolt
|-end|p1a: Raging Bolt|Protosynthesis|[silent]
|
|-weather|RainDance|[upkeep]
|-heal|p2a: 我是奶龙|62/100|[from] item: Leftovers
|upkeep
|
|t:|1779717783
|switch|p1a: Barraskewda|Barraskewda, F|100/100
|turn|4
|
|t:|1779717786
|switch|p2a: 无我梦中|Volcanion|100/100
|move|p1a: Barraskewda|Flip Turn|p2a: 无我梦中
|-immune|p2a: 无我梦中|[from] ability: Water Absorb
|
|-weather|RainDance|[upkeep]
|upkeep
|turn|5
|
|t:|1779717792
|switch|p1a: Iron Treads|Iron Treads|100/100
|-enditem|p1a: Iron Treads|Booster Energy
|-activate|p1a: Iron Treads|ability: Quark Drive|[fromitem]
|-start|p1a: Iron Treads|quarkdrivespe
|move|p2a: 无我梦中|Steam Eruption|p1a: Iron Treads
|-supereffective|p1a: Iron Treads
|-damage|p1a: Iron Treads|0 fnt
|faint|p1a: Iron Treads
|-end|p1a: Iron Treads|Quark Drive|[silent]
|
|-weather|RainDance|[upkeep]
|upkeep
|
|t:|1779717795
|switch|p1a: Overqwil|Overqwil, F|100/100
|turn|6
|
|t:|1779717799
|move|p1a: Overqwil|Swords Dance|p1a: Overqwil
|-boost|p1a: Overqwil|atk|2
|move|p2a: 无我梦中|Steam Eruption|p1a: Overqwil
|-damage|p1a: Overqwil|0 fnt
|faint|p1a: Overqwil
|
|-weather|RainDance|[upkeep]
|upkeep
|-message|ferrothxrn forfeited.
|
|win|asdadac
|raw|ferrothxrn's rating: 1542 &rarr; <strong>1519</strong><br />(-23 for losing)
|raw|asdadac's rating: 1489 &rarr; <strong>1512</strong><br />(+23 for winning)
|l|☆ferrothxrn
|player|p1|
