|j|☆WQX chunyule
|j|☆claudechamp
|t:|1779581431
|gametype|singles
|player|p1|WQX chunyule|cynthia-masters4|1352
|player|p2|claudechamp|101|1318
|gen|9
|tier|[Gen 9] OU
|rated|
|rule|HP Percentage Mod: HP is shown in percentages
|rule|Endless Battle Clause: Forcing endless battles is banned
|rule|Species Clause: Limit one of each Pokémon
|rule|OHKO Clause: OHKO moves are banned
|rule|Evasion Items Clause: Evasion items are banned
|rule|Evasion Moves Clause: Evasion moves are banned
|rule|Evasion Abilities Clause: Evasion abilities are banned
|rule|Sleep Moves Clause: Sleep-inducing moves are banned
|clearpoke
|poke|p1|Excadrill, F|
|poke|p1|Tyranitar, F|
|poke|p1|Dragapult, F|
|poke|p1|Corviknight, M|
|poke|p1|Ogerpon-Wellspring, F|
|poke|p1|Iron Valiant|
|poke|p2|Gliscor, F|
|poke|p2|Ogerpon, F|
|poke|p2|Walking Wake|
|poke|p2|Blissey, F|
|poke|p2|Corviknight, M|
|poke|p2|Pecharunt|
|teampreview
|inactive|Battle timer is ON: inactive players will automatically lose when time's up. (requested by WQX chunyule)
|c|☆claudechamp|hf
|
|t:|1779581437
|teamsize|p1|6
|teamsize|p2|6
|start
|switch|p1a: Tyranitar|Tyranitar, F, shiny|100/100
|switch|p2a: Gliscor|Gliscor, F|100/100
|-weather|Sandstorm|[from] ability: Sand Stream|[of] p1a: Tyranitar
|turn|1
|inactive|claudechamp also wants the timer to be on.
|
|t:|1779581456
|move|p2a: Gliscor|Spikes|p1a: Tyranitar
|-sidestart|p1: WQX chunyule|Spikes
|move|p1a: Tyranitar|Knock Off|p2a: Gliscor
|-damage|p2a: Gliscor|69/100
|-enditem|p2a: Gliscor|Toxic Orb|[from] move: Knock Off|[of] p1a: Tyranitar
|
|-weather|Sandstorm|[upkeep]
|upkeep
|turn|2
|
|t:|1779581462
|switch|p1a: Corviknight|Corviknight, M, shiny|100/100
|-ability|p1a: Corviknight|Pressure
|move|p2a: Gliscor|Spikes|p1a: Corviknight
|-sidestart|p1: WQX chunyule|Spikes
|
|-weather|Sandstorm|[upkeep]
|upkeep
|turn|3
|
|t:|1779581469
|switch|p2a: Blissey|Blissey, F|100/100
|move|p1a: Corviknight|Defog|p2a: Blissey
|-unboost|p2a: Blissey|evasion|1
|-sideend|p1: WQX chunyule|Spikes|[from] move: Defog|[of] p1a: Corviknight
|
|-weather|Sandstorm|[upkeep]
|-damage|p2a: Blissey|94/100|[from] Sandstorm
|upkeep
|turn|4
|
|t:|1779581473
|move|p1a: Corviknight|U-turn|p2a: Blissey
|-damage|p2a: Blissey|79/100
|
|t:|1779581477
|switch|p1a: Excadrill|Excadrill, F, shiny|100/100|[from] U-turn
|move|p2a: Blissey|Stealth Rock|p1a: Excadrill
|-sidestart|p1: WQX chunyule|move: Stealth Rock
|
|-weather|Sandstorm|[upkeep]
|-damage|p2a: Blissey|73/100|[from] Sandstorm
|upkeep
|turn|5
|
|t:|1779581483
|move|p1a: Excadrill|Stealth Rock|p2a: Blissey
|-sidestart|p2: claudechamp|move: Stealth Rock
|move|p2a: Blissey|Soft-Boiled|p2a: Blissey
|-heal|p2a: Blissey|100/100
|
|-weather|none
|upkeep
|turn|6
|
|t:|1779581487
|switch|p2a: Corviknight|Corviknight, M|100/100
|-ability|p2a: Corviknight|Pressure
|move|p1a: Excadrill|Earthquake|p2a: Corviknight
|-immune|p2a: Corviknight
|
|upkeep
|turn|7
|
|t:|1779581492
|switch|p1a: Corviknight|Corviknight, M, shiny|100/100
|-damage|p1a: Corviknight|88/100|[from] Stealth Rock
|-ability|p1a: Corviknight|Pressure
|move|p2a: Corviknight|U-turn|p1a: Corviknight
|-resisted|p1a: Corviknight
|-damage|p1a: Corviknight|86/100
|-damage|p2a: Corviknight|84/100|[from] item: Rocky Helmet|[of] p1a: Corviknight
|
|t:|1779581495
|switch|p2a: Walking Wake|Walking Wake|100/100|[from] U-turn
|
|upkeep
|turn|8
|
|t:|1779581499
|switch|p1a: Ogerpon|Ogerpon-Wellspring, F|100/100
|-damage|p1a: Ogerpon|88/100|[from] Stealth Rock
|move|p2a: Walking Wake|Surf|p1a: Ogerpon
|-heal|p1a: Ogerpon|100/100|[from] ability: Water Absorb|[of] p2a: Walking Wake
|
|upkeep
|turn|9
|
|t:|1779581506
|-end|p2a: Walking Wake|Protosynthesis|[silent]
|switch|p2a: Pecharunt|Pecharunt|100/100
|move|p1a: Ogerpon|Encore||[still]
|-fail|p1a: Ogerpon
|
|upkeep
|turn|10
|
|t:|1779581509
|move|p1a: Ogerpon|U-turn|p2a: Pecharunt
|-resisted|p2a: Pecharunt
|-damage|p2a: Pecharunt|97/100
|
|t:|1779581512
|switch|p1a: Excadrill|Excadrill, F, shiny|100/100|[from] U-turn
|-damage|p1a: Excadrill|97/100|[from] Stealth Rock
|move|p2a: Pecharunt|Parting Shot|p1a: Excadrill
|-unboost|p1a: Excadrill|atk|1
|-unboost|p1a: Excadrill|spa|1
|
|t:|1779581516
|switch|p2a: Walking Wake|Walking Wake|100/100|[from] Parting Shot
|
|upkeep
|turn|11
|
|t:|1779581519
|switch|p1a: Iron Valiant|Iron Valiant|100/100
|-damage|p1a: Iron Valiant|94/100|[from] Stealth Rock
|move|p2a: Walking Wake|Surf|p1a: Iron Valiant
|-damage|p1a: Iron Valiant|8/100
|
|upkeep
|turn|12
|
|t:|1779581529
|move|p1a: Iron Valiant|Moonblast|p2a: Walking Wake
|-supereffective|p2a: Walking Wake
|-damage|p2a: Walking Wake|0 fnt
|faint|p2a: Walking Wake
|-end|p2a: Walking Wake|Protosynthesis|[silent]
|
|upkeep
|
|t:|1779581532
|switch|p2a: Pecharunt|Pecharunt|97/100
|turn|13
|
|t:|1779581535
|move|p1a: Iron Valiant|Shadow Ball|p2a: Pecharunt
|-supereffective|p2a: Pecharunt
|-damage|p2a: Pecharunt|39/100
|move|p2a: Pecharunt|Parting Shot|p1a: Iron Valiant
|-unboost|p1a: Iron Valiant|atk|1
|-unboost|p1a: Iron Valiant|spa|1
|
|t:|1779581539
|switch|p2a: Blissey|Blissey, F|100/100|[from] Parting Shot
|
|upkeep
|turn|14
|
|t:|1779581546
|move|p1a: Iron Valiant|Close Combat|p2a: Blissey
|-supereffective|p2a: Blissey
|-damage|p2a: Blissey|16/100
|-unboost|p1a: Iron Valiant|def|1
|-unboost|p1a: Iron Valiant|spd|1
|move|p2a: Blissey|Seismic Toss|p1a: Iron Valiant
|-damage|p1a: Iron Valiant|0 fnt
|faint|p1a: Iron Valiant
|-end|p1a: Iron Valiant|Quark Drive|[silent]
|
|upkeep
|
|t:|1779581550
|switch|p1a: Excadrill|Excadrill, F, shiny|97/100
|-damage|p1a: Excadrill|94/100|[from] Stealth Rock
|turn|15
|
|t:|1779581556
|switch|p2a: Corviknight|Corviknight, M|84/100
|-ability|p2a: Corviknight|Pressure
|move|p1a: Excadrill|Earthquake|p2a: Corviknight
|-immune|p2a: Corviknight
|
|upkeep
|turn|16
|
|t:|1779581564
|switch|p1a: Corviknight|Corviknight, M, shiny|86/100
|-damage|p1a: Corviknight|74/100|[from] Stealth Rock
|-ability|p1a: Corviknight|Pressure
|move|p2a: Corviknight|Roost|p2a: Corviknight
|-heal|p2a: Corviknight|100/100
|-singleturn|p2a: Corviknight|move: Roost
|
|upkeep
|turn|17
|
|t:|1779581567
|move|p2a: Corviknight|Body Press|p1a: Corviknight
|-damage|p1a: Corviknight|59/100
|-damage|p2a: Corviknight|84/100|[from] item: Rocky Helmet|[of] p1a: Corviknight
|move|p1a: Corviknight|Defog|p2a: Corviknight
|-unboost|p2a: Corviknight|evasion|1
|-sideend|p2: claudechamp|Stealth Rock|[from] move: Defog|[of] p1a: Corviknight
|-sideend|p1: WQX chunyule|Stealth Rock|[from] move: Defog|[of] p1a: Corviknight
|
|upkeep
|turn|18
|
|t:|1779581574
|switch|p2a: Pecharunt|Pecharunt|39/100
|move|p1a: Corviknight|Roost|p1a: Corviknight
|-heal|p1a: Corviknight|100/100
|-singleturn|p1a: Corviknight|move: Roost
|
|upkeep
|turn|19
|
|t:|1779581582
|move|p2a: Pecharunt|Recover|p2a: Pecharunt
|-heal|p2a: Pecharunt|89/100
|move|p1a: Corviknight|U-turn|p2a: Pecharunt
|-resisted|p2a: Pecharunt
|-damage|p2a: Pecharunt|87/100
|
|t:|1779581590
|switch|p1a: Dragapult|Dragapult, F, shiny|100/100|[from] U-turn
|
|upkeep
|turn|20
|
|t:|1779581594
|switch|p2a: Gliscor|Gliscor, F|69/100
|move|p1a: Dragapult|Shadow Ball|p2a: Gliscor
|-damage|p2a: Gliscor|22/100
|-unboost|p2a: Gliscor|spd|1
|
|upkeep
|turn|21
|
|t:|1779581602
|switch|p1a: Ogerpon|Ogerpon-Wellspring, F|100/100
|switch|p2a: Blissey|Blissey, F|16/100
|
|upkeep
|turn|22
|
|t:|1779581611
|switch|p2a: Pecharunt|Pecharunt|87/100
|move|p1a: Ogerpon|U-turn|p2a: Pecharunt
|-resisted|p2a: Pecharunt
|-damage|p2a: Pecharunt|84/100
|
|t:|1779581616
|switch|p1a: Excadrill|Excadrill, F, shiny|94/100|[from] U-turn
|
|upkeep
|turn|23
|
|t:|1779581623
|move|p1a: Excadrill|Stealth Rock|p2a: Pecharunt
|-sidestart|p2: claudechamp|move: Stealth Rock
|move|p2a: Pecharunt|Parting Shot|p1a: Excadrill
|-unboost|p1a: Excadrill|atk|1
|-unboost|p1a: Excadrill|spa|1
|
|t:|1779581630
|switch|p2a: Corviknight|Corviknight, M|84/100|[from] Parting Shot
|-ability|p2a: Corviknight|Pressure
|
|upkeep
|turn|24
|
|t:|1779581638
|switch|p1a: Dragapult|Dragapult, F, shiny|100/100
|move|p2a: Corviknight|Body Press|p1a: Dragapult
|-immune|p1a: Dragapult
|
|upkeep
|turn|25
|
|t:|1779581647
|move|p1a: Dragapult|Flamethrower|p2a: Corviknight
|-supereffective|p2a: Corviknight
|-damage|p2a: Corviknight|0 fnt
|faint|p2a: Corviknight
|
|upkeep
|
|t:|1779581654
|switch|p2a: Pecharunt|Pecharunt|84/100
|turn|26
|
|t:|1779581663
|switch|p1a: Excadrill|Excadrill, F, shiny|94/100
|move|p2a: Pecharunt|Malignant Chain|p1a: Excadrill
|-immune|p1a: Excadrill
|
|upkeep
|turn|27
|
|t:|1779581672
|move|p1a: Excadrill|Swords Dance|p1a: Excadrill
|-boost|p1a: Excadrill|atk|2
|move|p2a: Pecharunt|Parting Shot|p1a: Excadrill
|-unboost|p1a: Excadrill|atk|1
|-unboost|p1a: Excadrill|spa|1
|
|t:|1779581682
|switch|p2a: Gliscor|Gliscor, F|22/100|[from] Parting Shot
|-damage|p2a: Gliscor|10/100|[from] Stealth Rock
|
|upkeep
|turn|28
|
|t:|1779581690
|move|p1a: Excadrill|Rock Slide|p2a: Gliscor
|-damage|p2a: Gliscor|0 fnt
|faint|p2a: Gliscor
|
|upkeep
|
|t:|1779581696
|switch|p2a: Ogerpon|Ogerpon, F|100/100
|turn|29
|
|t:|1779581705
|switch|p1a: Corviknight|Corviknight, M, shiny|100/100
|-ability|p1a: Corviknight|Pressure
|move|p2a: Ogerpon|U-turn|p1a: Corviknight
|-resisted|p1a: Corviknight
|-damage|p1a: Corviknight|97/100
|-damage|p2a: Ogerpon|84/100|[from] item: Rocky Helmet|[of] p1a: Corviknight
|
|t:|1779581711
|switch|p2a: Blissey|Blissey, F|16/100|[from] U-turn
|
|upkeep
|turn|30
|
|t:|1779581720
|move|p1a: Corviknight|Brave Bird|p2a: Blissey
|-damage|p2a: Blissey|0 fnt
|faint|p2a: Blissey
|-damage|p1a: Corviknight|88/100|[from] Recoil
|
|upkeep
|
|t:|1779581726
|switch|p2a: Pecharunt|Pecharunt|84/100
|turn|31
|
|t:|1779581735
|move|p2a: Pecharunt|Recover|p2a: Pecharunt
|-heal|p2a: Pecharunt|100/100
|move|p1a: Corviknight|U-turn|p2a: Pecharunt
|-resisted|p2a: Pecharunt
|-damage|p2a: Pecharunt|99/100
|
|t:|1779581738
|switch|p1a: Dragapult|Dragapult, F, shiny|100/100|[from] U-turn
|
|upkeep
|turn|32
|
|t:|1779581745
|-terastallize|p2a: Pecharunt|Dark
|move|p1a: Dragapult|Shadow Ball|p2a: Pecharunt
|-resisted|p2a: Pecharunt
|-damage|p2a: Pecharunt|74/100
|move|p2a: Pecharunt|Recover|p2a: Pecharunt
|-heal|p2a: Pecharunt|100/100
|
|upkeep
|turn|33
|
|t:|1779581753
|switch|p1a: Tyranitar|Tyranitar, F, shiny|100/100
|-weather|Sandstorm|[from] ability: Sand Stream|[of] p1a: Tyranitar
|move|p2a: Pecharunt|Malignant Chain|p1a: Tyranitar
|-resisted|p1a: Tyranitar
|-damage|p1a: Tyranitar|96/100
|
|-weather|Sandstorm|[upkeep]
|-damage|p2a: Pecharunt|94/100|[from] Sandstorm
|upkeep
|turn|34
|
|t:|1779581764
|move|p2a: Pecharunt|Malignant Chain|p1a: Tyranitar
|-resisted|p1a: Tyranitar
|-damage|p1a: Tyranitar|92/100
|-status|p1a: Tyranitar|tox
|-start|p1a: Tyranitar|confusion|[from] ability: Poison Puppeteer|[of] p2a: Pecharunt
|-activate|p1a: Tyranitar|confusion
|move|p1a: Tyranitar|Knock Off|p2a: Pecharunt
|-resisted|p2a: Pecharunt
|-damage|p2a: Pecharunt|85/100
|-enditem|p2a: Pecharunt|Heavy-Duty Boots|[from] move: Knock Off|[of] p1a: Tyranitar
|
|-weather|Sandstorm|[upkeep]
|-damage|p2a: Pecharunt|79/100|[from] Sandstorm
|-damage|p1a: Tyranitar|86/100 tox|[from] psn
|upkeep
|turn|35
|
|t:|1779581778
|move|p2a: Pecharunt|Foul Play|p1a: Tyranitar
|-resisted|p1a: Tyranitar
|-damage|p1a: Tyranitar|70/100 tox
|-end|p1a: Tyranitar|confusion
|move|p1a: Tyranitar|Stone Edge|p2a: Pecharunt
|-damage|p2a: Pecharunt|58/100
|
|-weather|Sandstorm|[upkeep]
|-damage|p2a: Pecharunt|52/100|[from] Sandstorm
|-damage|p1a: Tyranitar|58/100 tox|[from] psn
|upkeep
|turn|36
|
|t:|1779581785
|move|p2a: Pecharunt|Recover|p2a: Pecharunt
|-heal|p2a: Pecharunt|100/100
|move|p1a: Tyranitar|Stone Edge|p2a: Pecharunt
|-damage|p2a: Pecharunt|78/100
|
|-weather|Sandstorm|[upkeep]
|-damage|p2a: Pecharunt|72/100|[from] Sandstorm
|-damage|p1a: Tyranitar|39/100 tox|[from] psn
|upkeep
|turn|37
|
|t:|1779581790
|move|p2a: Pecharunt|Foul Play|p1a: Tyranitar
|-resisted|p1a: Tyranitar
|-damage|p1a: Tyranitar|22/100 tox
|move|p1a: Tyranitar|Stone Edge|p2a: Pecharunt
|-crit|p2a: Pecharunt
|-damage|p2a: Pecharunt|40/100
|
|-weather|none
|-damage|p1a: Tyranitar|0 fnt|[from] psn
|faint|p1a: Tyranitar
|upkeep
|
|t:|1779581793
|switch|p1a: Excadrill|Excadrill, F, shiny|94/100
|turn|38
|
|t:|1779581801
|-terastallize|p1a: Excadrill|Ground
|move|p1a: Excadrill|Earthquake|p2a: Pecharunt
|-damage|p2a: Pecharunt|0 fnt
|faint|p2a: Pecharunt
|
|upkeep
|
|t:|1779581809
|switch|p2a: Ogerpon|Ogerpon, F|84/100
|turn|39
|
|t:|1779581825
|move|p2a: Ogerpon|U-turn|p1a: Excadrill
|-crit|p1a: Excadrill
|-damage|p1a: Excadrill|44/100
|move|p1a: Excadrill|Earthquake|p2a: Ogerpon
|-resisted|p2a: Ogerpon
|-damage|p2a: Ogerpon|24/100
|
|upkeep
|turn|40
|
|t:|1779581839
|move|p2a: Ogerpon|U-turn|p1a: Excadrill
|-damage|p1a: Excadrill|10/100
|move|p1a: Excadrill|Earthquake|p2a: Ogerpon
|-resisted|p2a: Ogerpon
|-damage|p2a: Ogerpon|0 fnt
|faint|p2a: Ogerpon
|
|win|WQX chunyule
|raw|WQX chunyule's rating: 1352 &rarr; <strong>1369</strong><br />(+17 for winning)
|raw|claudechamp's rating: 1302 &rarr; <strong>1285</strong><br />(-17 for losing)
|c|☆claudechamp|gg
