|j|☆redsnow0
|j|☆NebulaTrainer
|t:|1779630650
|gametype|singles
|player|p1|redsnow0|101|1492
|player|p2|NebulaTrainer|cynthia-gen4|1496
|gen|9
|tier|[Gen 9] OU
|rated|
|rule|HP Percentage Mod: HP is shown in percentages
|rule|Endless Battle Clause: Forcing endless battles is banned
|rule|Species Clause: Limit one of each Pokémon
|rule|OHKO Clause: OHKO moves are banned
|rule|Evasion Items Clause: Evasion items are banned
|rule|Evasion Moves Clause: Evasion moves are banned
|rule|Evasion Abilities Clause: Evasion abilities are banned
|rule|Sleep Moves Clause: Sleep-inducing moves are banned
|clearpoke
|poke|p1|Dragapult, F|
|poke|p1|Zapdos|
|poke|p1|Zamazenta-*|
|poke|p1|Ogerpon-Wellspring, F|
|poke|p1|Garganacl, F|
|poke|p1|Conkeldurr, F|
|poke|p2|Tornadus-Therian, M|
|poke|p2|Heatran, M|
|poke|p2|Hippowdon, M|
|poke|p2|Keldeo-Resolute|
|poke|p2|Excadrill, M|
|poke|p2|Hydrapple, F|
|teampreview
|inactive|Battle timer is ON: inactive players will automatically lose when time's up. (requested by NebulaTrainer)
|
|t:|1779630710
|teamsize|p1|6
|teamsize|p2|6
|start
|switch|p1a: Dragapult|Dragapult, F|100/100
|switch|p2a: Keldeo|Keldeo-Resolute, shiny|100/100
|turn|1
|
|t:|1779630719
|move|p1a: Dragapult|U-turn|p2a: Keldeo
|-resisted|p2a: Keldeo
|-damage|p2a: Keldeo|91/100
|
|t:|1779630728
|switch|p1a: Ogerpon|Ogerpon-Wellspring, F|100/100|[from] U-turn
|move|p2a: Keldeo|Hydro Pump|p1a: Ogerpon
|-immune|p1a: Ogerpon|[from] ability: Water Absorb
|
|upkeep
|turn|2
|
|t:|1779630742
|switch|p2a: Hydrapple|Hydrapple, F, shiny|100/100
|move|p1a: Ogerpon|Horn Leech|p2a: Hydrapple
|-resisted|p2a: Hydrapple
|-damage|p2a: Hydrapple|92/100
|
|upkeep
|turn|3
|
|t:|1779630750
|switch|p1a: Conkeldurr|Conkeldurr, F|100/100
|move|p2a: Hydrapple|Fickle Beam|p1a: Conkeldurr|[anim] Fickle Beam All Out
|-activate|p2a: Hydrapple|move: Fickle Beam
|-damage|p1a: Conkeldurr|26/100
|
|-status|p1a: Conkeldurr|brn|[from] item: Flame Orb
|upkeep
|turn|4
|
|t:|1779630767
|switch|p2a: Hippowdon|Hippowdon, M, shiny|100/100
|-weather|Sandstorm|[from] ability: Sand Stream|[of] p2a: Hippowdon
|move|p1a: Conkeldurr|Ice Punch|p2a: Hippowdon
|-supereffective|p2a: Hippowdon
|-damage|p2a: Hippowdon|62/100
|
|-weather|Sandstorm|[upkeep]
|-damage|p1a: Conkeldurr|20/100 brn|[from] Sandstorm
|-damage|p1a: Conkeldurr|14/100 brn|[from] brn
|upkeep
|turn|5
|
|t:|1779630778
|move|p2a: Hippowdon|Slack Off|p2a: Hippowdon
|-heal|p2a: Hippowdon|100/100
|move|p1a: Conkeldurr|Drain Punch|p2a: Hippowdon
|-crit|p2a: Hippowdon
|-damage|p2a: Hippowdon|57/100
|-heal|p1a: Conkeldurr|36/100 brn|[from] drain|[of] p2a: Hippowdon
|
|-weather|Sandstorm|[upkeep]
|-damage|p1a: Conkeldurr|30/100 brn|[from] Sandstorm
|-damage|p1a: Conkeldurr|24/100 brn|[from] brn
|upkeep
|turn|6
|
|t:|1779630795
|switch|p2a: Tornadus|Tornadus-Therian, M, shiny|100/100
|switch|p1a: Ogerpon|Ogerpon-Wellspring, F|100/100
|
|-weather|Sandstorm|[upkeep]
|-damage|p2a: Tornadus|94/100|[from] Sandstorm
|-damage|p1a: Ogerpon|95/100|[from] Sandstorm
|upkeep
|turn|7
|
|t:|1779630808
|switch|p1a: Zapdos|Zapdos|100/100
|move|p2a: Tornadus|Knock Off|p1a: Zapdos
|-damage|p1a: Zapdos|80/100
|-enditem|p1a: Zapdos|Heavy-Duty Boots|[from] move: Knock Off|[of] p2a: Tornadus
|
|-weather|Sandstorm|[upkeep]
|-damage|p2a: Tornadus|88/100|[from] Sandstorm
|-damage|p1a: Zapdos|74/100|[from] Sandstorm
|upkeep
|turn|8
|inactive|NebulaTrainer has 120 seconds left.
|inactive|NebulaTrainer has 90 seconds left.
|
|t:|1779630875
|switch|p2a: Heatran|Heatran, M, shiny|100/100
|move|p1a: Zapdos|Hurricane|p2a: Heatran|[miss]
|-miss|p1a: Zapdos|p2a: Heatran
|
|-weather|Sandstorm|[upkeep]
|-damage|p1a: Zapdos|68/100|[from] Sandstorm
|upkeep
|turn|9
|inactive|NebulaTrainer has 90 seconds left.
|inactive|redsnow0 has 120 seconds left.
|inactive|redsnow0 has 90 seconds left.
|
|t:|1779630940
|move|p1a: Zapdos|Volt Switch|p2a: Heatran
|-damage|p2a: Heatran|80/100
|
|t:|1779630945
|switch|p1a: Garganacl|Garganacl, F|100/100|[from] Volt Switch
|move|p2a: Heatran|Magma Storm|p1a: Garganacl
|-resisted|p1a: Garganacl
|-damage|p1a: Garganacl|91/100
|-activate|p1a: Garganacl|move: Magma Storm|[of] p2a: Heatran
|
|-weather|Sandstorm|[upkeep]
|-heal|p2a: Heatran|86/100|[from] item: Leftovers
|-heal|p1a: Garganacl|97/100|[from] item: Leftovers
|-damage|p1a: Garganacl|85/100|[from] move: Magma Storm|[partiallytrapped]
|upkeep
|turn|10
|inactive|redsnow0 has 90 seconds left.
|
|t:|1779630958
|switch|p2a: Hydrapple|Hydrapple, F, shiny|100/100
|move|p1a: Garganacl|Salt Cure|p2a: Hydrapple
|-damage|p2a: Hydrapple|90/100
|-start|p2a: Hydrapple|Salt Cure
|
|-weather|Sandstorm|[upkeep]
|-damage|p2a: Hydrapple|83/100|[from] Sandstorm
|-heal|p1a: Garganacl|91/100|[from] item: Leftovers
|-damage|p2a: Hydrapple|71/100|[from] Salt Cure
|-end|p1a: Garganacl|Magma Storm|[partiallytrapped]|[silent]
|upkeep
|turn|11
|inactive|redsnow0 has 90 seconds left.
|
|t:|1779630972
|move|p2a: Hydrapple|Giga Drain|p1a: Garganacl
|-supereffective|p1a: Garganacl
|-damage|p1a: Garganacl|57/100
|-heal|p2a: Hydrapple|88/100|[from] drain|[of] p1a: Garganacl
|move|p1a: Garganacl|Stealth Rock|p2a: Hydrapple
|-sidestart|p2: NebulaTrainer|move: Stealth Rock
|
|-weather|none
|-heal|p1a: Garganacl|63/100|[from] item: Leftovers
|-damage|p2a: Hydrapple|75/100|[from] Salt Cure
|upkeep
|turn|12
|
|t:|1779630981
|move|p2a: Hydrapple|Nasty Plot|p2a: Hydrapple
|-boost|p2a: Hydrapple|spa|2
|move|p1a: Garganacl|Recover|p1a: Garganacl
|-heal|p1a: Garganacl|100/100
|
|-damage|p2a: Hydrapple|63/100|[from] Salt Cure
|upkeep
|turn|13
|
|t:|1779630989
|switch|p1a: Zapdos|Zapdos|68/100
|move|p2a: Hydrapple|Giga Drain|p1a: Zapdos
|-resisted|p1a: Zapdos
|-damage|p1a: Zapdos|37/100
|-heal|p2a: Hydrapple|77/100|[from] drain|[of] p1a: Zapdos
|
|-damage|p2a: Hydrapple|64/100|[from] Salt Cure
|upkeep
|turn|14
|
|t:|1779630999
|switch|p2a: Heatran|Heatran, M, shiny|86/100
|-damage|p2a: Heatran|73/100|[from] Stealth Rock
|move|p1a: Zapdos|Roost|p1a: Zapdos
|-heal|p1a: Zapdos|87/100
|-singleturn|p1a: Zapdos|move: Roost
|
|-heal|p2a: Heatran|80/100|[from] item: Leftovers
|upkeep
|turn|15
|
|t:|1779631009
|move|p1a: Zapdos|Volt Switch|p2a: Heatran
|-damage|p2a: Heatran|59/100
|
|t:|1779631034
|switch|p1a: Garganacl|Garganacl, F|100/100|[from] Volt Switch
|move|p2a: Heatran|Magma Storm|p1a: Garganacl|[miss]
|-miss|p2a: Heatran|p1a: Garganacl
|
|-heal|p2a: Heatran|65/100|[from] item: Leftovers
|upkeep
|turn|16
|inactive|NebulaTrainer has 120 seconds left.
|
|t:|1779631043
|move|p2a: Heatran|Protect|p2a: Heatran
|-singleturn|p2a: Heatran|Protect
|move|p1a: Garganacl|Salt Cure|p2a: Heatran
|-activate|p2a: Heatran|move: Protect
|
|-heal|p2a: Heatran|71/100|[from] item: Leftovers
|upkeep
|turn|17
|
|t:|1779631060
|switch|p2a: Hippowdon|Hippowdon, M, shiny|57/100
|-damage|p2a: Hippowdon|51/100|[from] Stealth Rock
|-weather|Sandstorm|[from] ability: Sand Stream|[of] p2a: Hippowdon
|move|p1a: Garganacl|Curse|p1a: Garganacl
|-unboost|p1a: Garganacl|spe|1
|-boost|p1a: Garganacl|atk|1
|-boost|p1a: Garganacl|def|1
|
|-weather|Sandstorm|[upkeep]
|upkeep
|turn|18
|
|t:|1779631071
|move|p2a: Hippowdon|Slack Off|p2a: Hippowdon
|-heal|p2a: Hippowdon|100/100
|move|p1a: Garganacl|Salt Cure|p2a: Hippowdon
|-resisted|p2a: Hippowdon
|-crit|p2a: Hippowdon
|-damage|p2a: Hippowdon|93/100
|-start|p2a: Hippowdon|Salt Cure
|
|-weather|Sandstorm|[upkeep]
|-damage|p2a: Hippowdon|80/100|[from] Salt Cure
|upkeep
|turn|19
|
|t:|1779631080
|move|p2a: Hippowdon|Stealth Rock|p1a: Garganacl
|-sidestart|p1: redsnow0|move: Stealth Rock
|move|p1a: Garganacl|Curse|p1a: Garganacl
|-unboost|p1a: Garganacl|spe|1
|-boost|p1a: Garganacl|atk|1
|-boost|p1a: Garganacl|def|1
|
|-weather|Sandstorm|[upkeep]
|-damage|p2a: Hippowdon|68/100|[from] Salt Cure
|upkeep
|turn|20
|
|t:|1779631089
|move|p1a: Garganacl|Salt Cure|p2a: Hippowdon
|-resisted|p2a: Hippowdon
|-damage|p2a: Hippowdon|61/100
|move|p2a: Hippowdon|Whirlwind|p1a: Garganacl
|drag|p1a: Dragapult|Dragapult, F|100/100
|-damage|p1a: Dragapult|88/100|[from] Stealth Rock
|
|-weather|Sandstorm|[upkeep]
|-damage|p1a: Dragapult|82/100|[from] Sandstorm
|-damage|p2a: Hippowdon|49/100|[from] Salt Cure
|upkeep
|turn|21
|
|t:|1779631101
|switch|p2a: Heatran|Heatran, M, shiny|71/100
|-damage|p2a: Heatran|59/100|[from] Stealth Rock
|move|p1a: Dragapult|Surf|p2a: Heatran
|-supereffective|p2a: Heatran
|-damage|p2a: Heatran|11/100
|
|-weather|Sandstorm|[upkeep]
|-damage|p1a: Dragapult|76/100|[from] Sandstorm
|-heal|p2a: Heatran|17/100|[from] item: Leftovers
|upkeep
|turn|22
|
|t:|1779631114
|move|p2a: Heatran|Protect|p2a: Heatran
|-singleturn|p2a: Heatran|Protect
|move|p1a: Dragapult|Surf|p2a: Heatran
|-activate|p2a: Heatran|move: Protect
|
|-weather|Sandstorm|[upkeep]
|-damage|p1a: Dragapult|70/100|[from] Sandstorm
|-heal|p2a: Heatran|23/100|[from] item: Leftovers
|upkeep
|turn|23
|
|t:|1779631126
|switch|p1a: Garganacl|Garganacl, F|100/100
|-damage|p1a: Garganacl|88/100|[from] Stealth Rock
|move|p2a: Heatran|Magma Storm|p1a: Garganacl
|-resisted|p1a: Garganacl
|-damage|p1a: Garganacl|78/100
|-activate|p1a: Garganacl|move: Magma Storm|[of] p2a: Heatran
|
|-weather|Sandstorm|[upkeep]
|-heal|p2a: Heatran|30/100|[from] item: Leftovers
|-heal|p1a: Garganacl|84/100|[from] item: Leftovers
|-damage|p1a: Garganacl|72/100|[from] move: Magma Storm|[partiallytrapped]
|upkeep
|turn|24
|
|t:|1779631137
|move|p2a: Heatran|Earth Power|p1a: Garganacl
|-supereffective|p1a: Garganacl
|-damage|p1a: Garganacl|49/100
|move|p1a: Garganacl|Salt Cure|p2a: Heatran
|-damage|p2a: Heatran|18/100
|-start|p2a: Heatran|Salt Cure
|
|-weather|none
|-heal|p2a: Heatran|24/100|[from] item: Leftovers
|-heal|p1a: Garganacl|55/100|[from] item: Leftovers
|-damage|p2a: Heatran|0 fnt|[from] Salt Cure
|faint|p2a: Heatran
|-end|p1a: Garganacl|Magma Storm|[partiallytrapped]|[silent]
|upkeep
|
|t:|1779631153
|switch|p2a: Hippowdon|Hippowdon, M, shiny|49/100
|-damage|p2a: Hippowdon|42/100|[from] Stealth Rock
|-weather|Sandstorm|[from] ability: Sand Stream|[of] p2a: Hippowdon
|turn|25
|inactive|redsnow0 has 120 seconds left.
|
|t:|1779631194
|switch|p1a: Zapdos|Zapdos|87/100
|-damage|p1a: Zapdos|62/100|[from] Stealth Rock
|move|p2a: Hippowdon|Slack Off|p2a: Hippowdon
|-heal|p2a: Hippowdon|92/100
|
|-weather|Sandstorm|[upkeep]
|-damage|p1a: Zapdos|56/100|[from] Sandstorm
|upkeep
|turn|26
|
|t:|1779631204
|move|p1a: Zapdos|Hurricane|p2a: Hippowdon
|-damage|p2a: Hippowdon|41/100
|-start|p2a: Hippowdon|confusion
|-activate|p2a: Hippowdon|confusion
|-damage|p2a: Hippowdon|35/100|[from] confusion
|
|-weather|Sandstorm|[upkeep]
|-damage|p1a: Zapdos|50/100|[from] Sandstorm
|upkeep
|turn|27
|inactive|redsnow0 has 120 seconds left.
|
|t:|1779631213
|move|p1a: Zapdos|Roost|p1a: Zapdos
|-heal|p1a: Zapdos|99/100
|-singleturn|p1a: Zapdos|move: Roost
|-end|p2a: Hippowdon|confusion
|move|p2a: Hippowdon|Slack Off|p2a: Hippowdon
|-heal|p2a: Hippowdon|85/100
|
|-weather|Sandstorm|[upkeep]
|-damage|p1a: Zapdos|93/100|[from] Sandstorm
|upkeep
|turn|28
|
|t:|1779631224
|move|p1a: Zapdos|Hurricane|p2a: Hippowdon
|-damage|p2a: Hippowdon|33/100
|-start|p2a: Hippowdon|confusion
|-activate|p2a: Hippowdon|confusion
|move|p2a: Hippowdon|Whirlwind|p1a: Zapdos
|drag|p1a: Conkeldurr|Conkeldurr, F|24/100 brn
|-damage|p1a: Conkeldurr|18/100 brn|[from] Stealth Rock
|
|-weather|Sandstorm|[upkeep]
|-damage|p1a: Conkeldurr|12/100 brn|[from] Sandstorm
|-damage|p1a: Conkeldurr|6/100 brn|[from] brn
|upkeep
|turn|29
|
|t:|1779631237
|-activate|p2a: Hippowdon|confusion
|move|p2a: Hippowdon|Slack Off|p2a: Hippowdon
|-heal|p2a: Hippowdon|83/100
|move|p1a: Conkeldurr|Defog|p2a: Hippowdon
|-unboost|p2a: Hippowdon|evasion|1
|-sideend|p2: NebulaTrainer|Stealth Rock|[from] move: Defog|[of] p1a: Conkeldurr
|-sideend|p1: redsnow0|Stealth Rock|[from] move: Defog|[of] p1a: Conkeldurr
|
|-weather|Sandstorm|[upkeep]
|-damage|p1a: Conkeldurr|0 fnt|[from] Sandstorm
|faint|p1a: Conkeldurr
|upkeep
|inactive|redsnow0 has 120 seconds left.
|
|t:|1779631248
|switch|p1a: Ogerpon|Ogerpon-Wellspring, F|95/100
|turn|30
|
|t:|1779631252
|switch|p2a: Hydrapple|Hydrapple, F, shiny|97/100
|move|p1a: Ogerpon|Encore||[still]
|-fail|p1a: Ogerpon
|
|-weather|Sandstorm|[upkeep]
|-damage|p1a: Ogerpon|89/100|[from] Sandstorm
|-damage|p2a: Hydrapple|91/100|[from] Sandstorm
|upkeep
|turn|31
|
|t:|1779631261
|switch|p1a: Zapdos|Zapdos|93/100
|move|p2a: Hydrapple|Fickle Beam|p1a: Zapdos
|-damage|p1a: Zapdos|62/100
|
|-weather|Sandstorm|[upkeep]
|-damage|p1a: Zapdos|56/100|[from] Sandstorm
|-damage|p2a: Hydrapple|85/100|[from] Sandstorm
|upkeep
|turn|32
|
|t:|1779631276
|switch|p2a: Tornadus|Tornadus-Therian, M, shiny|100/100
|move|p1a: Zapdos|Roost|p1a: Zapdos
|-heal|p1a: Zapdos|100/100
|-singleturn|p1a: Zapdos|move: Roost
|
|-weather|none
|upkeep
|turn|33
|
|t:|1779631287
|move|p2a: Tornadus|Hurricane|p1a: Zapdos
|-resisted|p1a: Zapdos
|-damage|p1a: Zapdos|86/100
|-start|p1a: Zapdos|confusion
|-activate|p1a: Zapdos|confusion
|move|p1a: Zapdos|Hurricane|p2a: Tornadus
|-damage|p2a: Tornadus|63/100
|
|upkeep
|turn|34
|
|t:|1779631300
|move|p2a: Tornadus|Heat Wave|p1a: Zapdos
|-damage|p1a: Zapdos|66/100
|-status|p1a: Zapdos|brn
|-activate|p1a: Zapdos|confusion
|-damage|p1a: Zapdos|59/100 brn|[from] confusion
|
|-damage|p1a: Zapdos|53/100 brn|[from] brn
|upkeep
|turn|35
|
|t:|1779631309
|move|p2a: Tornadus|Heat Wave|p1a: Zapdos
|-damage|p1a: Zapdos|34/100 brn
|-end|p1a: Zapdos|confusion
|move|p1a: Zapdos|Roost|p1a: Zapdos
|-heal|p1a: Zapdos|84/100 brn
|-singleturn|p1a: Zapdos|move: Roost
|
|-damage|p1a: Zapdos|78/100 brn|[from] brn
|upkeep
|turn|36
|
|t:|1779631320
|switch|p2a: Hippowdon|Hippowdon, M, shiny|83/100
|-weather|Sandstorm|[from] ability: Sand Stream|[of] p2a: Hippowdon
|move|p1a: Zapdos|Roost|p1a: Zapdos
|-heal|p1a: Zapdos|100/100 brn
|-singleturn|p1a: Zapdos|move: Roost
|
|-weather|Sandstorm|[upkeep]
|-damage|p1a: Zapdos|94/100 brn|[from] Sandstorm
|-damage|p1a: Zapdos|88/100 brn|[from] brn
|upkeep
|turn|37
|
|t:|1779631331
|move|p1a: Zapdos|Hurricane|p2a: Hippowdon|[miss]
|-miss|p1a: Zapdos|p2a: Hippowdon
|move|p2a: Hippowdon|Stealth Rock|p1a: Zapdos
|-sidestart|p1: redsnow0|move: Stealth Rock
|
|-weather|Sandstorm|[upkeep]
|-damage|p1a: Zapdos|82/100 brn|[from] Sandstorm
|-damage|p1a: Zapdos|75/100 brn|[from] brn
|upkeep
|turn|38
|
|t:|1779631341
|switch|p2a: Tornadus|Tornadus-Therian, M, shiny|96/100
|move|p1a: Zapdos|Hurricane|p2a: Tornadus
|-damage|p2a: Tornadus|59/100
|-start|p2a: Tornadus|confusion
|
|-weather|Sandstorm|[upkeep]
|-damage|p2a: Tornadus|52/100|[from] Sandstorm
|-damage|p1a: Zapdos|69/100 brn|[from] Sandstorm
|-damage|p1a: Zapdos|63/100 brn|[from] brn
|upkeep
|turn|39
|
|t:|1779631352
|-activate|p2a: Tornadus|confusion
|-damage|p2a: Tornadus|43/100|[from] confusion
|move|p1a: Zapdos|Volt Switch|p2a: Tornadus
|-supereffective|p2a: Tornadus
|-damage|p2a: Tornadus|0 fnt
|faint|p2a: Tornadus
|
|t:|1779631367
|switch|p1a: Ogerpon|Ogerpon-Wellspring, F|89/100|[from] Volt Switch
|-damage|p1a: Ogerpon|76/100|[from] Stealth Rock
|
|-weather|Sandstorm|[upkeep]
|-damage|p1a: Ogerpon|70/100|[from] Sandstorm
|upkeep
|
|t:|1779631377
|switch|p2a: Hydrapple|Hydrapple, F, shiny|100/100
|turn|40
|
|t:|1779631382
|switch|p1a: Zapdos|Zapdos|63/100 brn
|-damage|p1a: Zapdos|38/100 brn|[from] Stealth Rock
|move|p2a: Hydrapple|Nasty Plot|p2a: Hydrapple
|-boost|p2a: Hydrapple|spa|2
|
|-weather|Sandstorm|[upkeep]
|-damage|p1a: Zapdos|32/100 brn|[from] Sandstorm
|-damage|p2a: Hydrapple|94/100|[from] Sandstorm
|-damage|p1a: Zapdos|25/100 brn|[from] brn
|upkeep
|turn|41
|
|t:|1779631393
|switch|p2a: Excadrill|Excadrill, M, shiny|100/100
|move|p1a: Zapdos|Roost|p1a: Zapdos
|-heal|p1a: Zapdos|75/100 brn
|-singleturn|p1a: Zapdos|move: Roost
|
|-weather|Sandstorm|[upkeep]
|-damage|p1a: Zapdos|69/100 brn|[from] Sandstorm
|-damage|p1a: Zapdos|63/100 brn|[from] brn
|upkeep
|turn|42
|
|t:|1779631403
|move|p2a: Excadrill|Swords Dance|p2a: Excadrill
|-boost|p2a: Excadrill|atk|2
|move|p1a: Zapdos|Heat Wave|p2a: Excadrill
|-supereffective|p2a: Excadrill
|-damage|p2a: Excadrill|22/100
|-status|p2a: Excadrill|brn
|
|-weather|Sandstorm|[upkeep]
|-damage|p1a: Zapdos|57/100 brn|[from] Sandstorm
|-heal|p2a: Excadrill|28/100 brn|[from] item: Leftovers
|-damage|p2a: Excadrill|22/100 brn|[from] brn
|-damage|p1a: Zapdos|50/100 brn|[from] brn
|upkeep
|turn|43
|
|t:|1779631415
|move|p2a: Excadrill|Iron Head|p1a: Zapdos
|-resisted|p1a: Zapdos
|-damage|p1a: Zapdos|29/100 brn
|cant|p1a: Zapdos|flinch
|
|-weather|none
|-heal|p2a: Excadrill|28/100 brn|[from] item: Leftovers
|-damage|p2a: Excadrill|22/100 brn|[from] brn
|-damage|p1a: Zapdos|22/100 brn|[from] brn
|upkeep
|turn|44
|
|t:|1779631426
|switch|p2a: Keldeo|Keldeo-Resolute, shiny|91/100
|move|p1a: Zapdos|Heat Wave|p2a: Keldeo
|-resisted|p2a: Keldeo
|-damage|p2a: Keldeo|74/100
|
|-damage|p1a: Zapdos|16/100 brn|[from] brn
|upkeep
|turn|45
|
|t:|1779631434
|move|p2a: Keldeo|Icy Wind|p1a: Zapdos
|-supereffective|p1a: Zapdos
|-damage|p1a: Zapdos|0 fnt
|faint|p1a: Zapdos
|
|upkeep
|inactive|redsnow0 has 120 seconds left.
|
|t:|1779631482
|switch|p1a: Zamazenta|Zamazenta|100/100
|-damage|p1a: Zamazenta|94/100|[from] Stealth Rock
|-ability|p1a: Zamazenta|Dauntless Shield|boost
|-boost|p1a: Zamazenta|def|1
|turn|46
|
|t:|1779631487
|switch|p2a: Excadrill|Excadrill, M, shiny|22/100 brn
|move|p1a: Zamazenta|Substitute|p1a: Zamazenta
|-start|p1a: Zamazenta|Substitute
|-damage|p1a: Zamazenta|69/100
|
|-heal|p1a: Zamazenta|76/100|[from] item: Leftovers
|-heal|p2a: Excadrill|28/100 brn|[from] item: Leftovers
|-damage|p2a: Excadrill|22/100 brn|[from] brn
|upkeep
|turn|47
|inactive|redsnow0 has 120 seconds left.
|
|t:|1779631497
|switch|p2a: Hippowdon|Hippowdon, M, shiny|83/100
|-weather|Sandstorm|[from] ability: Sand Stream|[of] p2a: Hippowdon
|move|p1a: Zamazenta|Iron Defense|p1a: Zamazenta
|-boost|p1a: Zamazenta|def|2
|
|-weather|Sandstorm|[upkeep]
|-damage|p1a: Zamazenta|69/100|[from] Sandstorm
|-heal|p1a: Zamazenta|76/100|[from] item: Leftovers
|upkeep
|turn|48
|
|t:|1779631508
|move|p1a: Zamazenta|Body Press|p2a: Hippowdon
|-damage|p2a: Hippowdon|31/100
|move|p2a: Hippowdon|Whirlwind|p1a: Zamazenta
|drag|p1a: Dragapult|Dragapult, F|70/100
|-damage|p1a: Dragapult|58/100|[from] Stealth Rock
|
|-weather|Sandstorm|[upkeep]
|-damage|p1a: Dragapult|52/100|[from] Sandstorm
|upkeep
|turn|49
|
|t:|1779631523
|switch|p2a: Excadrill|Excadrill, M, shiny|22/100 brn
|move|p1a: Dragapult|Shadow Ball|p2a: Excadrill
|-damage|p2a: Excadrill|0 fnt
|faint|p2a: Excadrill
|
|-weather|Sandstorm|[upkeep]
|-damage|p1a: Dragapult|46/100|[from] Sandstorm
|upkeep
|
|t:|1779631534
|switch|p2a: Hydrapple|Hydrapple, F, shiny|100/100
|turn|50
|
|t:|1779631551
|switch|p1a: Garganacl|Garganacl, F|55/100
|-damage|p1a: Garganacl|43/100|[from] Stealth Rock
|move|p2a: Hydrapple|Fickle Beam|p1a: Garganacl
|-damage|p1a: Garganacl|25/100
|
|-weather|Sandstorm|[upkeep]
|-damage|p2a: Hydrapple|94/100|[from] Sandstorm
|-heal|p1a: Garganacl|31/100|[from] item: Leftovers
|upkeep
|turn|51
|
|t:|1779631563
|move|p2a: Hydrapple|Giga Drain|p1a: Garganacl
|-supereffective|p1a: Garganacl
|-damage|p1a: Garganacl|0 fnt
|-heal|p2a: Hydrapple|100/100|[from] drain|[of] p1a: Garganacl
|faint|p1a: Garganacl
|
|-weather|Sandstorm|[upkeep]
|-damage|p2a: Hydrapple|94/100|[from] Sandstorm
|upkeep
|
|t:|1779631568
|switch|p1a: Dragapult|Dragapult, F|46/100
|-damage|p1a: Dragapult|34/100|[from] Stealth Rock
|turn|52
|
|t:|1779631575
|switch|p2a: Hippowdon|Hippowdon, M, shiny|31/100
|move|p1a: Dragapult|Draco Meteor|p2a: Hippowdon
|-damage|p2a: Hippowdon|0 fnt
|-unboost|p1a: Dragapult|spa|2
|faint|p2a: Hippowdon
|
|-weather|Sandstorm|[upkeep]
|-damage|p1a: Dragapult|28/100|[from] Sandstorm
|upkeep
|
|t:|1779631586
|switch|p2a: Keldeo|Keldeo-Resolute, shiny|74/100
|turn|53
|
|t:|1779631591
|switch|p1a: Ogerpon|Ogerpon-Wellspring, F|70/100
|-damage|p1a: Ogerpon|58/100|[from] Stealth Rock
|move|p2a: Keldeo|Icy Wind|p1a: Ogerpon
|-damage|p1a: Ogerpon|26/100
|-unboost|p1a: Ogerpon|spe|1
|
|-weather|Sandstorm|[upkeep]
|-damage|p2a: Keldeo|68/100|[from] Sandstorm
|-damage|p1a: Ogerpon|20/100|[from] Sandstorm
|upkeep
|turn|54
|
|t:|1779631602
|move|p2a: Keldeo|Icy Wind|p1a: Ogerpon
|-damage|p1a: Ogerpon|0 fnt
|faint|p1a: Ogerpon
|
|-weather|none
|upkeep
|
|t:|1779631605
|switch|p1a: Zamazenta|Zamazenta|76/100
|-damage|p1a: Zamazenta|69/100|[from] Stealth Rock
|turn|55
|
|t:|1779631616
|move|p1a: Zamazenta|Substitute|p1a: Zamazenta
|-start|p1a: Zamazenta|Substitute
|-damage|p1a: Zamazenta|44/100
|move|p2a: Keldeo|Icy Wind|p1a: Zamazenta|[miss]
|-miss|p2a: Keldeo|p1a: Zamazenta
|
|-heal|p1a: Zamazenta|51/100|[from] item: Leftovers
|upkeep
|turn|56
|
|t:|1779631624
|switch|p2a: Hydrapple|Hydrapple, F, shiny|100/100
|move|p1a: Zamazenta|Body Press|p2a: Hydrapple
|-damage|p2a: Hydrapple|74/100
|
|-heal|p1a: Zamazenta|57/100|[from] item: Leftovers
|upkeep
|turn|57
|
|t:|1779631644
|-terastallize|p2a: Hydrapple|Fairy
|move|p1a: Zamazenta|Iron Defense|p1a: Zamazenta
|-boost|p1a: Zamazenta|def|2
|move|p2a: Hydrapple|Nasty Plot|p2a: Hydrapple
|-boost|p2a: Hydrapple|spa|2
|
|-heal|p1a: Zamazenta|63/100|[from] item: Leftovers
|upkeep
|turn|58
|
|t:|1779631654
|move|p1a: Zamazenta|Body Press|p2a: Hydrapple
|-resisted|p2a: Hydrapple
|-damage|p2a: Hydrapple|47/100
|move|p2a: Hydrapple|Giga Drain|p1a: Zamazenta
|-crit|p1a: Zamazenta
|-end|p1a: Zamazenta|Substitute
|-heal|p2a: Hydrapple|57/100|[from] drain|[of] p1a: Zamazenta
|
|-heal|p1a: Zamazenta|69/100|[from] item: Leftovers
|upkeep
|turn|59
|
|t:|1779631671
|-terastallize|p1a: Zamazenta|Fire
|move|p1a: Zamazenta|Substitute|p1a: Zamazenta
|-start|p1a: Zamazenta|Substitute
|-damage|p1a: Zamazenta|44/100
|move|p2a: Hydrapple|Giga Drain|p1a: Zamazenta
|-resisted|p1a: Zamazenta
|-end|p1a: Zamazenta|Substitute
|-heal|p2a: Hydrapple|67/100|[from] drain|[of] p1a: Zamazenta
|
|-heal|p1a: Zamazenta|50/100|[from] item: Leftovers
|upkeep
|turn|60
|
|t:|1779631684
|move|p1a: Zamazenta|Body Press|p2a: Hydrapple
|-resisted|p2a: Hydrapple
|-damage|p2a: Hydrapple|40/100
|move|p2a: Hydrapple|Giga Drain|p1a: Zamazenta
|-resisted|p1a: Zamazenta
|-damage|p1a: Zamazenta|12/100
|-heal|p2a: Hydrapple|56/100|[from] drain|[of] p1a: Zamazenta
|
|-heal|p1a: Zamazenta|18/100|[from] item: Leftovers
|upkeep
|turn|61
|
|t:|1779631694
|move|p1a: Zamazenta|Body Press|p2a: Hydrapple
|-resisted|p2a: Hydrapple
|-damage|p2a: Hydrapple|25/100
|move|p2a: Hydrapple|Giga Drain|p1a: Zamazenta
|-resisted|p1a: Zamazenta
|-damage|p1a: Zamazenta|0 fnt
|-heal|p2a: Hydrapple|32/100|[from] drain|[of] p1a: Zamazenta
|faint|p1a: Zamazenta
|
|upkeep
|
|t:|1779631698
|switch|p1a: Dragapult|Dragapult, F|28/100
|-damage|p1a: Dragapult|15/100|[from] Stealth Rock
|turn|62
|
|t:|1779631706
|switch|p2a: Keldeo|Keldeo-Resolute, shiny|68/100
|move|p1a: Dragapult|Shadow Ball|p2a: Keldeo
|-damage|p2a: Keldeo|4/100
|
|upkeep
|turn|63
|
|t:|1779631715
|move|p1a: Dragapult|Shadow Ball|p2a: Keldeo
|-crit|p2a: Keldeo
|-damage|p2a: Keldeo|0 fnt
|faint|p2a: Keldeo
|
|upkeep
|
|t:|1779631722
|switch|p2a: Hydrapple|Hydrapple, F, shiny, tera:Fairy|65/100
|turn|64
|
|t:|1779631726
|move|p1a: Dragapult|Shadow Ball|p2a: Hydrapple
|-damage|p2a: Hydrapple|15/100
|move|p2a: Hydrapple|Earth Power|p1a: Dragapult
|-damage|p1a: Dragapult|0 fnt
|faint|p1a: Dragapult
|
|win|NebulaTrainer
|raw|redsnow0's rating: 1492 &rarr; <strong>1472</strong><br />(-20 for losing)
|raw|NebulaTrainer's rating: 1496 &rarr; <strong>1516</strong><br />(+20 for winning)
|l|☆redsnow0
|player|p1|
|l|☆NebulaTrainer
|player|p2|
