|j|☆mechamakachino
|j|☆glimpseman
|t:|1779597593
|gametype|singles
|player|p1|mechamakachino|266|1470
|player|p2|glimpseman|#wcor2025canada|1412
|gen|9
|tier|[Gen 9] OU
|rated|
|rule|HP Percentage Mod: HP is shown in percentages
|rule|Endless Battle Clause: Forcing endless battles is banned
|rule|Species Clause: Limit one of each Pokémon
|rule|OHKO Clause: OHKO moves are banned
|rule|Evasion Items Clause: Evasion items are banned
|rule|Evasion Moves Clause: Evasion moves are banned
|rule|Evasion Abilities Clause: Evasion abilities are banned
|rule|Sleep Moves Clause: Sleep-inducing moves are banned
|clearpoke
|poke|p1|Darkrai|
|poke|p1|Garchomp, M|
|poke|p1|Alomomola, M|
|poke|p1|Corviknight, F|
|poke|p1|Weezing-Galar, M|
|poke|p1|Ogerpon, F|
|poke|p2|Toxtricity, M|
|poke|p2|Gholdengo|
|poke|p2|Samurott-Hisui, M|
|poke|p2|Glimmora, F|
|poke|p2|Iron Valiant|
|poke|p2|Rillaboom, M|
|teampreview
|inactive|Battle timer is ON: inactive players will automatically lose when time's up. (requested by glimpseman)
|
|t:|1779597608
|teamsize|p1|6
|teamsize|p2|6
|start
|switch|p1a: Ogerpon|Ogerpon, F|100/100
|switch|p2a: Samurott|Samurott-Hisui, M|100/100
|turn|1
|
|t:|1779597613
|switch|p2a: Rillaboom|Rillaboom, M|100/100
|-fieldstart|move: Grassy Terrain|[from] ability: Grassy Surge|[of] p2a: Rillaboom
|move|p1a: Ogerpon|Ivy Cudgel|p2a: Rillaboom
|-resisted|p2a: Rillaboom
|-damage|p2a: Rillaboom|64/100
|
|-heal|p2a: Rillaboom|71/100|[from] Grassy Terrain
|upkeep
|turn|2
|
|t:|1779597615
|move|p1a: Ogerpon|Knock Off|p2a: Rillaboom
|-damage|p2a: Rillaboom|37/100
|-enditem|p2a: Rillaboom|Assault Vest|[from] move: Knock Off|[of] p1a: Ogerpon
|move|p2a: Rillaboom|U-turn|p1a: Ogerpon
|-supereffective|p1a: Ogerpon
|-damage|p1a: Ogerpon|41/100
|
|t:|1779597628
|switch|p2a: Iron Valiant|Iron Valiant|100/100|[from] U-turn
|-enditem|p2a: Iron Valiant|Booster Energy
|-activate|p2a: Iron Valiant|ability: Quark Drive|[fromitem]
|-start|p2a: Iron Valiant|quarkdrivespe
|
|-heal|p1a: Ogerpon|47/100|[from] Grassy Terrain
|upkeep
|turn|3
|
|t:|1779597633
|switch|p1a: Alomomola|Alomomola, M|100/100
|move|p2a: Iron Valiant|Knock Off|p1a: Alomomola
|-damage|p1a: Alomomola|77/100
|-enditem|p1a: Alomomola|Assault Vest|[from] move: Knock Off|[of] p2a: Iron Valiant
|
|-heal|p1a: Alomomola|83/100|[from] Grassy Terrain
|upkeep
|turn|4
|j| Pakas123
|
|t:|1779597636
|move|p2a: Iron Valiant|Swords Dance|p2a: Iron Valiant
|-boost|p2a: Iron Valiant|atk|2
|move|p1a: Alomomola|Body Slam|p2a: Iron Valiant
|-damage|p2a: Iron Valiant|81/100
|
|-heal|p2a: Iron Valiant|87/100|[from] Grassy Terrain
|-heal|p1a: Alomomola|89/100|[from] Grassy Terrain
|upkeep
|turn|5
|
|t:|1779597639
|move|p2a: Iron Valiant|Close Combat|p1a: Alomomola
|-damage|p1a: Alomomola|0 fnt
|-unboost|p2a: Iron Valiant|def|1
|-unboost|p2a: Iron Valiant|spd|1
|faint|p1a: Alomomola
|
|-heal|p2a: Iron Valiant|94/100|[from] Grassy Terrain
|-fieldend|move: Grassy Terrain
|upkeep
|
|t:|1779597642
|switch|p1a: Weezing|Weezing-Galar, M|100/100
|-ability|p1a: Weezing|Neutralizing Gas
|turn|6
|
|t:|1779597645
|-end|p2a: Iron Valiant|Quark Drive|[silent]
|switch|p2a: Glimmora|Glimmora, F|100/100
|move|p1a: Weezing|Sludge Bomb|p2a: Glimmora
|-resisted|p2a: Glimmora
|-damage|p2a: Glimmora|93/100
|
|upkeep
|turn|7
|
|t:|1779597650
|-end|p1a: Weezing|ability: Neutralizing Gas
|switch|p1a: Darkrai|Darkrai|100/100
|move|p2a: Glimmora|Stealth Rock|p1a: Darkrai
|-sidestart|p1: mechamakachino|move: Stealth Rock
|
|upkeep
|turn|8
|
|t:|1779597654
|switch|p2a: Iron Valiant|Iron Valiant|94/100
|move|p1a: Darkrai|Dark Pulse|p2a: Iron Valiant
|-resisted|p2a: Iron Valiant
|-damage|p2a: Iron Valiant|65/100
|
|upkeep
|turn|9
|
|t:|1779597657
|switch|p1a: Weezing|Weezing-Galar, M|100/100
|-ability|p1a: Weezing|Neutralizing Gas
|-damage|p1a: Weezing|88/100|[from] Stealth Rock
|move|p2a: Iron Valiant|Knock Off|p1a: Weezing
|-resisted|p1a: Weezing
|-crit|p1a: Weezing
|-damage|p1a: Weezing|72/100
|-enditem|p1a: Weezing|Leftovers|[from] move: Knock Off|[of] p2a: Iron Valiant
|
|upkeep
|turn|10
|
|t:|1779597660
|-end|p2a: Iron Valiant|Quark Drive|[silent]
|switch|p2a: Glimmora|Glimmora, F|93/100
|move|p1a: Weezing|Defog|p2a: Glimmora
|-unboost|p2a: Glimmora|evasion|1
|-sideend|p1: mechamakachino|Stealth Rock|[from] move: Defog|[of] p1a: Weezing
|
|upkeep
|turn|11
|
|t:|1779597664
|-end|p1a: Weezing|ability: Neutralizing Gas
|switch|p1a: Garchomp|Garchomp, M|100/100
|move|p2a: Glimmora|Stealth Rock|p1a: Garchomp
|-sidestart|p1: mechamakachino|move: Stealth Rock
|
|upkeep
|turn|12
|
|t:|1779597667
|switch|p2a: Rillaboom|Rillaboom, M|37/100
|-fieldstart|move: Grassy Terrain|[from] ability: Grassy Surge|[of] p2a: Rillaboom
|move|p1a: Garchomp|Stealth Rock|p2a: Rillaboom
|-sidestart|p2: glimpseman|move: Stealth Rock
|
|-heal|p2a: Rillaboom|44/100|[from] Grassy Terrain
|upkeep
|turn|13
|
|t:|1779597670
|move|p1a: Garchomp|Spikes|p2a: Rillaboom
|-sidestart|p2: glimpseman|Spikes
|move|p2a: Rillaboom|Knock Off|p1a: Garchomp
|-crit|p1a: Garchomp
|-damage|p1a: Garchomp|71/100
|-damage|p2a: Rillaboom|31/100|[from] ability: Rough Skin|[of] p1a: Garchomp
|-damage|p2a: Rillaboom|15/100|[from] item: Rocky Helmet|[of] p1a: Garchomp
|-enditem|p1a: Garchomp|Rocky Helmet|[from] move: Knock Off|[of] p2a: Rillaboom
|
|-heal|p1a: Garchomp|77/100|[from] Grassy Terrain
|-heal|p2a: Rillaboom|21/100|[from] Grassy Terrain
|upkeep
|turn|14
|
|t:|1779597674
|move|p2a: Rillaboom|Grassy Glide|p1a: Garchomp
|-damage|p1a: Garchomp|53/100
|-damage|p2a: Rillaboom|9/100|[from] ability: Rough Skin|[of] p1a: Garchomp
|move|p1a: Garchomp|Dragon Tail|p2a: Rillaboom
|-damage|p2a: Rillaboom|0 fnt
|faint|p2a: Rillaboom
|
|-heal|p1a: Garchomp|59/100|[from] Grassy Terrain
|upkeep
|
|t:|1779597683
|switch|p2a: Glimmora|Glimmora, F|93/100
|-damage|p2a: Glimmora|80/100|[from] Stealth Rock
|-damage|p2a: Glimmora|68/100|[from] Spikes
|turn|15
|
|t:|1779597685
|move|p1a: Garchomp|Earthquake|p2a: Glimmora
|-supereffective|p2a: Glimmora
|-damage|p2a: Glimmora|6/100
|move|p2a: Glimmora|Mortal Spin|p1a: Garchomp
|-resisted|p1a: Garchomp
|-damage|p1a: Garchomp|57/100
|-status|p1a: Garchomp|psn
|-damage|p2a: Glimmora|0 fnt|[from] ability: Rough Skin|[of] p1a: Garchomp
|faint|p2a: Glimmora
|
|-heal|p1a: Garchomp|63/100 psn|[from] Grassy Terrain
|-damage|p1a: Garchomp|51/100 psn|[from] psn
|upkeep
|c|☆glimpseman|oh
|
|t:|1779597693
|switch|p2a: Iron Valiant|Iron Valiant|65/100
|-damage|p2a: Iron Valiant|58/100|[from] Stealth Rock
|-damage|p2a: Iron Valiant|46/100|[from] Spikes
|turn|16
|
|t:|1779597697
|switch|p1a: Weezing|Weezing-Galar, M|72/100
|-ability|p1a: Weezing|Neutralizing Gas
|-damage|p1a: Weezing|59/100|[from] Stealth Rock
|move|p2a: Iron Valiant|Swords Dance|p2a: Iron Valiant
|-boost|p2a: Iron Valiant|atk|2
|
|-heal|p2a: Iron Valiant|52/100|[from] Grassy Terrain
|-heal|p1a: Weezing|65/100|[from] Grassy Terrain
|-fieldend|move: Grassy Terrain
|upkeep
|turn|17
|
|t:|1779597700
|move|p2a: Iron Valiant|Knock Off|p1a: Weezing
|-resisted|p1a: Weezing
|-damage|p1a: Weezing|51/100
|move|p1a: Weezing|Sludge Bomb|p2a: Iron Valiant
|-supereffective|p2a: Iron Valiant
|-damage|p2a: Iron Valiant|0 fnt
|faint|p2a: Iron Valiant
|-end|p2a: Iron Valiant|Quark Drive|[silent]
|
|upkeep
|
|t:|1779597713
|switch|p2a: Gholdengo|Gholdengo|100/100
|-damage|p2a: Gholdengo|94/100|[from] Stealth Rock
|-damage|p2a: Gholdengo|82/100|[from] Spikes
|turn|18
|
|t:|1779597718
|-end|p1a: Weezing|ability: Neutralizing Gas
|switch|p1a: Corviknight|Corviknight, F|100/100
|-damage|p1a: Corviknight|88/100|[from] Stealth Rock
|-ability|p1a: Corviknight|Pressure
|move|p2a: Gholdengo|Make It Rain|p1a: Corviknight
|-resisted|p1a: Corviknight
|-damage|p1a: Corviknight|65/100
|-unboost|p2a: Gholdengo|spa|1
|
|-heal|p1a: Corviknight|71/100|[from] item: Leftovers
|upkeep
|turn|19
|
|t:|1779597721
|move|p2a: Gholdengo|Thunder Wave|p1a: Corviknight
|-status|p1a: Corviknight|par
|cant|p1a: Corviknight|par
|
|-heal|p1a: Corviknight|78/100 par|[from] item: Leftovers
|upkeep
|turn|20
|
|t:|1779597727
|move|p2a: Gholdengo|Focus Blast|p1a: Corviknight
|-damage|p1a: Corviknight|55/100 par
|move|p1a: Corviknight|U-turn|p2a: Gholdengo
|-resisted|p2a: Gholdengo
|-damage|p2a: Gholdengo|79/100
|
|t:|1779597729
|switch|p1a: Darkrai|Darkrai|100/100|[from] U-turn
|-damage|p1a: Darkrai|88/100|[from] Stealth Rock
|
|upkeep
|turn|21
|
|t:|1779597731
|move|p1a: Darkrai|Dark Pulse|p2a: Gholdengo
|-supereffective|p2a: Gholdengo
|-damage|p2a: Gholdengo|0 fnt
|faint|p2a: Gholdengo
|
|upkeep
|
|t:|1779597736
|switch|p2a: Samurott|Samurott-Hisui, M|100/100
|-damage|p2a: Samurott|88/100|[from] Stealth Rock
|-damage|p2a: Samurott|76/100|[from] Spikes
|turn|22
|
|t:|1779597739
|switch|p1a: Garchomp|Garchomp, M|51/100 psn
|-damage|p1a: Garchomp|44/100 psn|[from] Stealth Rock
|move|p2a: Samurott|Flip Turn|p1a: Garchomp
|-damage|p1a: Garchomp|27/100 psn
|-damage|p2a: Samurott|63/100|[from] ability: Rough Skin|[of] p1a: Garchomp
|
|t:|1779597745
|switch|p2a: Toxtricity|Toxtricity, M, shiny|100/100|[from] Flip Turn
|-damage|p2a: Toxtricity|88/100|[from] Stealth Rock
|-damage|p2a: Toxtricity|76/100|[from] Spikes
|
|-damage|p1a: Garchomp|14/100 psn|[from] psn
|upkeep
|turn|23
|
|t:|1779597749
|move|p1a: Garchomp|Earthquake|p2a: Toxtricity
|-supereffective|p2a: Toxtricity
|-damage|p2a: Toxtricity|0 fnt
|faint|p2a: Toxtricity
|
|-damage|p1a: Garchomp|2/100 psn|[from] psn
|upkeep
|-message|glimpseman forfeited.
|
|win|mechamakachino
|raw|mechamakachino's rating: 1470 &rarr; <strong>1487</strong><br />(+17 for winning)
|raw|glimpseman's rating: 1412 &rarr; <strong>1395</strong><br />(-17 for losing)
|l|☆glimpseman
|player|p2|
|l| Pakas123
