|j|☆mainkush
|j|☆pamvlo
|t:|1779581980
|gametype|singles
|player|p1|mainkush|170|1180
|player|p2|pamvlo|benga|1193
|gen|9
|tier|[Gen 9] OU
|rated|
|rule|HP Percentage Mod: HP is shown in percentages
|rule|Endless Battle Clause: Forcing endless battles is banned
|rule|Species Clause: Limit one of each Pokémon
|rule|OHKO Clause: OHKO moves are banned
|rule|Evasion Items Clause: Evasion items are banned
|rule|Evasion Moves Clause: Evasion moves are banned
|rule|Evasion Abilities Clause: Evasion abilities are banned
|rule|Sleep Moves Clause: Sleep-inducing moves are banned
|clearpoke
|poke|p1|Hatterene, F|
|poke|p1|Great Tusk|
|poke|p1|Tornadus-Therian, M|
|poke|p1|Kyurem|
|poke|p1|Slowking-Galar, M|
|poke|p1|Kingambit, F|
|poke|p2|Gliscor, F|
|poke|p2|Alomomola, F|
|poke|p2|Gholdengo|
|poke|p2|Clodsire, F|
|poke|p2|Dondozo, F|
|poke|p2|Corviknight, F|
|teampreview
|inactive|Battle timer is ON: inactive players will automatically lose when time's up. (requested by mainkush)
|
|t:|1779581995
|teamsize|p1|6
|teamsize|p2|6
|start
|switch|p1a: Slowking|Slowking-Galar, M|100/100
|switch|p2a: Gliscor|Gliscor, F|100/100
|turn|1
|
|t:|1779582001
|switch|p1a: Hatterene|Hatterene, F|100/100
|move|p2a: Gliscor|Earthquake|p1a: Hatterene
|-damage|p1a: Hatterene|73/100
|
|-status|p2a: Gliscor|tox|[from] item: Toxic Orb
|upkeep
|turn|2
|
|t:|1779582021
|switch|p2a: Corviknight|Corviknight, F|100/100
|-ability|p2a: Corviknight|Pressure
|move|p1a: Hatterene|Pain Split|p2a: Corviknight
|-sethp|p2a: Corviknight|79/100|[from] move: Pain Split|[silent]
|-sethp|p1a: Hatterene|99/100|[from] move: Pain Split
|
|upkeep
|turn|3
|
|t:|1779582030
|move|p2a: Corviknight|U-turn|p1a: Hatterene
|-damage|p1a: Hatterene|88/100
|-damage|p2a: Corviknight|63/100|[from] item: Rocky Helmet|[of] p1a: Hatterene
|
|t:|1779582035
|switch|p2a: Gholdengo|Gholdengo|100/100|[from] U-turn
|move|p1a: Hatterene|Nuzzle|p2a: Gholdengo
|-damage|p2a: Gholdengo|98/100
|-status|p2a: Gholdengo|par
|
|-heal|p2a: Gholdengo|100/100 par|[from] item: Leftovers
|upkeep
|turn|4
|
|t:|1779582044
|switch|p1a: Kingambit|Kingambit, F|100/100
|move|p2a: Gholdengo|Make It Rain|p1a: Kingambit
|-resisted|p1a: Kingambit
|-damage|p1a: Kingambit|76/100
|-unboost|p2a: Gholdengo|spa|1
|
|upkeep
|turn|5
|
|t:|1779582053
|switch|p2a: Clodsire|Clodsire, F|100/100
|move|p1a: Kingambit|Kowtow Cleave|p2a: Clodsire
|-damage|p2a: Clodsire|27/100
|-damage|p1a: Kingambit|66/100|[from] item: Life Orb
|
|-heal|p2a: Clodsire|33/100|[from] item: Leftovers
|upkeep
|turn|6
|
|t:|1779582066
|switch|p2a: Corviknight|Corviknight, F|63/100
|-ability|p2a: Corviknight|Pressure
|move|p1a: Kingambit|Kowtow Cleave|p2a: Corviknight
|-damage|p2a: Corviknight|19/100
|-damage|p1a: Kingambit|49/100|[from] item: Rocky Helmet|[of] p2a: Corviknight
|-damage|p1a: Kingambit|39/100|[from] item: Life Orb
|
|upkeep
|turn|7
|
|t:|1779582077
|move|p1a: Kingambit|Sucker Punch|p2a: Corviknight
|-damage|p2a: Corviknight|0 fnt
|-damage|p1a: Kingambit|22/100|[from] item: Rocky Helmet|[of] p2a: Corviknight
|faint|p2a: Corviknight
|-damage|p1a: Kingambit|12/100|[from] item: Life Orb
|
|upkeep
|
|t:|1779582087
|switch|p2a: Alomomola|Alomomola, F|100/100
|turn|8
|
|t:|1779582093
|move|p2a: Alomomola|Wish|p2a: Alomomola
|move|p1a: Kingambit|Kowtow Cleave|p2a: Alomomola
|-damage|p2a: Alomomola|60/100
|-damage|p1a: Kingambit|2/100|[from] item: Life Orb
|
|upkeep
|turn|9
|
|t:|1779582101
|switch|p2a: Clodsire|Clodsire, F|33/100
|move|p1a: Kingambit|Swords Dance|p1a: Kingambit
|-boost|p1a: Kingambit|atk|2
|
|-heal|p2a: Clodsire|85/100|[from] move: Wish|[wisher] Alomomola
|-heal|p2a: Clodsire|91/100|[from] item: Leftovers
|upkeep
|turn|10
|
|t:|1779582111
|switch|p2a: Dondozo|Dondozo, F|100/100
|move|p1a: Kingambit|Kowtow Cleave|p2a: Dondozo
|-damage|p2a: Dondozo|70/100
|-damage|p1a: Kingambit|0 fnt|[from] item: Life Orb
|faint|p1a: Kingambit
|-end|p1a: Kingambit|fallenundefined|[silent]
|
|upkeep
|
|t:|1779582115
|switch|p1a: Kyurem|Kyurem|100/100
|-ability|p1a: Kyurem|Pressure
|turn|11
|
|t:|1779582125
|switch|p2a: Gholdengo|Gholdengo|100/100 par
|move|p1a: Kyurem|Earth Power|p2a: Gholdengo
|-supereffective|p2a: Gholdengo
|-damage|p2a: Gholdengo|2/100 par
|
|-heal|p2a: Gholdengo|8/100 par|[from] item: Leftovers
|upkeep
|turn|12
|
|t:|1779582134
|switch|p1a: Slowking|Slowking-Galar, M|100/100
|move|p2a: Gholdengo|Make It Rain|p1a: Slowking
|-damage|p1a: Slowking|57/100
|-unboost|p2a: Gholdengo|spa|1
|
|-heal|p2a: Gholdengo|14/100 par|[from] item: Leftovers
|-heal|p1a: Slowking|63/100|[from] item: Black Sludge
|upkeep
|turn|13
|
|t:|1779582144
|switch|p2a: Gliscor|Gliscor, F|100/100 tox
|-prepare|p1a: Slowking|Chilly Reception|[premajor]
|move|p1a: Slowking|Chilly Reception|p1a: Slowking
|-weather|Snowscape
|
|t:|1779582146
|switch|p1a: Kyurem|Kyurem|100/100|[from] Chilly Reception
|-ability|p1a: Kyurem|Pressure
|
|-weather|Snowscape|[upkeep]
|upkeep
|turn|14
|
|t:|1779582154
|-terastallize|p2a: Gliscor|Water
|move|p1a: Kyurem|Freeze-Dry|p2a: Gliscor
|-supereffective|p2a: Gliscor
|-damage|p2a: Gliscor|3/100 tox
|move|p2a: Gliscor|Toxic|p1a: Kyurem
|-status|p1a: Kyurem|tox
|
|-weather|Snowscape|[upkeep]
|-damage|p1a: Kyurem|94/100 tox|[from] psn
|-heal|p2a: Gliscor|15/100 tox|[from] ability: Poison Heal
|upkeep
|turn|15
|
|t:|1779582165
|move|p2a: Gliscor|Protect|p2a: Gliscor
|-singleturn|p2a: Gliscor|Protect
|move|p1a: Kyurem|Freeze-Dry|p2a: Gliscor
|-activate|p2a: Gliscor|move: Protect
|
|-weather|Snowscape|[upkeep]
|-damage|p1a: Kyurem|82/100 tox|[from] psn
|-heal|p2a: Gliscor|28/100 tox|[from] ability: Poison Heal
|upkeep
|turn|16
|
|t:|1779582177
|switch|p2a: Gholdengo|Gholdengo|14/100 par
|move|p1a: Kyurem|Freeze-Dry|p2a: Gholdengo
|-resisted|p2a: Gholdengo
|-damage|p2a: Gholdengo|0 fnt
|faint|p2a: Gholdengo
|
|-weather|Snowscape|[upkeep]
|-damage|p1a: Kyurem|64/100 tox|[from] psn
|upkeep
|
|t:|1779582189
|switch|p2a: Gliscor|Gliscor, F, tera:Water|28/100 tox
|turn|17
|
|t:|1779582194
|switch|p1a: Hatterene|Hatterene, F|88/100
|move|p2a: Gliscor|Protect||[still]
|-fail|p2a: Gliscor
|
|-weather|none
|-heal|p2a: Gliscor|40/100 tox|[from] ability: Poison Heal
|upkeep
|turn|18
|
|t:|1779582205
|move|p2a: Gliscor|Earthquake|p1a: Hatterene
|-damage|p1a: Hatterene|58/100
|move|p1a: Hatterene|Psychic Noise|p2a: Gliscor
|-damage|p2a: Gliscor|12/100 tox
|-start|p2a: Gliscor|move: Heal Block
|
|upkeep
|turn|19
|
|t:|1779582215
|switch|p2a: Alomomola|Alomomola, F|93/100
|move|p1a: Hatterene|Psychic Noise|p2a: Alomomola
|-damage|p2a: Alomomola|62/100
|-start|p2a: Alomomola|move: Heal Block
|
|upkeep
|turn|20
|
|t:|1779582227
|move|p2a: Alomomola|Scald|p1a: Hatterene
|-damage|p1a: Hatterene|45/100
|move|p1a: Hatterene|Nuzzle|p2a: Alomomola
|-supereffective|p2a: Alomomola
|-damage|p2a: Alomomola|57/100
|-status|p2a: Alomomola|par
|
|-end|p2a: Alomomola|move: Heal Block
|upkeep
|turn|21
|
|t:|1779582239
|move|p1a: Hatterene|Psychic Noise|p2a: Alomomola
|-damage|p2a: Alomomola|28/100 par
|-start|p2a: Alomomola|move: Heal Block
|move|p2a: Alomomola|Scald|p1a: Hatterene
|-damage|p1a: Hatterene|31/100
|-status|p1a: Hatterene|brn
|
|-damage|p1a: Hatterene|25/100 brn|[from] brn
|upkeep
|turn|22
|
|t:|1779582255
|switch|p2a: Dondozo|Dondozo, F|70/100
|move|p1a: Hatterene|Psychic Noise|p2a: Dondozo
|-damage|p2a: Dondozo|35/100
|-start|p2a: Dondozo|move: Heal Block
|
|-damage|p1a: Hatterene|19/100 brn|[from] brn
|upkeep
|turn|23
|
|t:|1779582265
|switch|p2a: Alomomola|Alomomola, F|61/100 par
|move|p1a: Hatterene|Psychic Noise|p2a: Alomomola
|-damage|p2a: Alomomola|28/100 par
|-start|p2a: Alomomola|move: Heal Block
|
|-damage|p1a: Hatterene|13/100 brn|[from] brn
|upkeep
|turn|24
|
|t:|1779582276
|move|p2a: Alomomola|Protect|p2a: Alomomola
|-singleturn|p2a: Alomomola|Protect
|move|p1a: Hatterene|Psychic Noise|p2a: Alomomola
|-activate|p2a: Alomomola|move: Protect
|
|-damage|p1a: Hatterene|7/100 brn|[from] brn
|-end|p2a: Alomomola|move: Heal Block
|upkeep
|turn|25
|
|t:|1779582286
|switch|p2a: Dondozo|Dondozo, F|35/100
|move|p1a: Hatterene|Psychic Noise|p2a: Dondozo
|-damage|p2a: Dondozo|6/100
|-start|p2a: Dondozo|move: Heal Block
|
|-damage|p1a: Hatterene|1/100 brn|[from] brn
|upkeep
|turn|26
|inactive|mainkush has 120 seconds left.
|
|t:|1779582320
|switch|p2a: Alomomola|Alomomola, F|62/100 par
|move|p1a: Hatterene|Psychic Noise|p2a: Alomomola
|-damage|p2a: Alomomola|29/100 par
|-start|p2a: Alomomola|move: Heal Block
|
|-damage|p1a: Hatterene|0 fnt|[from] brn
|faint|p1a: Hatterene
|upkeep
|inactive|mainkush has 120 seconds left.
|
|t:|1779582325
|switch|p1a: Slowking|Slowking-Galar, M|96/100
|turn|27
|
|t:|1779582339
|switch|p2a: Clodsire|Clodsire, F|91/100
|-prepare|p1a: Slowking|Chilly Reception|[premajor]
|move|p1a: Slowking|Chilly Reception|p1a: Slowking
|-weather|Snowscape
|
|t:|1779582351
|switch|p1a: Kyurem|Kyurem|64/100 tox|[from] Chilly Reception
|-ability|p1a: Kyurem|Pressure
|
|-weather|Snowscape|[upkeep]
|-heal|p2a: Clodsire|97/100|[from] item: Leftovers
|-damage|p1a: Kyurem|58/100 tox|[from] psn
|upkeep
|turn|28
|
|t:|1779582360
|move|p1a: Kyurem|Freeze-Dry|p2a: Clodsire
|-supereffective|p2a: Clodsire
|-damage|p2a: Clodsire|35/100
|move|p2a: Clodsire|Recover|p2a: Clodsire
|-heal|p2a: Clodsire|85/100
|
|-weather|Snowscape|[upkeep]
|-heal|p2a: Clodsire|91/100|[from] item: Leftovers
|-damage|p1a: Kyurem|45/100 tox|[from] psn
|upkeep
|turn|29
|
|t:|1779582369
|-terastallize|p1a: Kyurem|Ice
|move|p1a: Kyurem|Freeze-Dry|p2a: Clodsire
|-supereffective|p2a: Clodsire
|-damage|p2a: Clodsire|7/100
|move|p2a: Clodsire|Recover|p2a: Clodsire
|-heal|p2a: Clodsire|57/100
|
|-weather|Snowscape|[upkeep]
|-heal|p2a: Clodsire|63/100|[from] item: Leftovers
|-damage|p1a: Kyurem|27/100 tox|[from] psn
|upkeep
|turn|30
|
|t:|1779582380
|switch|p2a: Alomomola|Alomomola, F|62/100 par
|move|p1a: Kyurem|Freeze-Dry|p2a: Alomomola
|-supereffective|p2a: Alomomola
|-damage|p2a: Alomomola|0 fnt
|faint|p2a: Alomomola
|
|-weather|Snowscape|[upkeep]
|-damage|p1a: Kyurem|2/100 tox|[from] psn
|upkeep
|
|t:|1779582388
|switch|p2a: Gliscor|Gliscor, F, tera:Water|12/100 tox
|turn|31
|
|t:|1779582396
|switch|p1a: Tornadus|Tornadus-Therian, M|100/100
|move|p2a: Gliscor|Protect||[still]
|-fail|p2a: Gliscor
|
|-weather|none
|-heal|p2a: Gliscor|24/100 tox|[from] ability: Poison Heal
|upkeep
|turn|32
|
|t:|1779582403
|switch|p2a: Dondozo|Dondozo, F|6/100
|move|p1a: Tornadus|Bleakwind Storm|p2a: Dondozo
|-damage|p2a: Dondozo|0 fnt
|faint|p2a: Dondozo
|
|upkeep
|
|t:|1779582410
|switch|p2a: Clodsire|Clodsire, F|63/100
|turn|33
|
|t:|1779582413
|move|p1a: Tornadus|Knock Off|p2a: Clodsire
|-damage|p2a: Clodsire|40/100
|-enditem|p2a: Clodsire|Leftovers|[from] move: Knock Off|[of] p1a: Tornadus
|move|p2a: Clodsire|Toxic|p1a: Tornadus
|-status|p1a: Tornadus|tox
|
|-damage|p1a: Tornadus|94/100 tox|[from] psn
|upkeep
|turn|34
|
|t:|1779582421
|move|p1a: Tornadus|Bleakwind Storm|p2a: Clodsire
|-damage|p2a: Clodsire|20/100
|move|p2a: Clodsire|Recover|p2a: Clodsire
|-heal|p2a: Clodsire|70/100
|
|-damage|p1a: Tornadus|82/100 tox|[from] psn
|upkeep
|turn|35
|
|t:|1779582430
|switch|p1a: Slowking|Slowking-Galar, M|100/100
|move|p2a: Clodsire|Stealth Rock|p1a: Slowking
|-sidestart|p1: mainkush|move: Stealth Rock
|
|upkeep
|turn|36
|
|t:|1779582435
|move|p2a: Clodsire|Earthquake|p1a: Slowking
|-supereffective|p1a: Slowking
|-damage|p1a: Slowking|62/100
|move|p1a: Slowking|Future Sight|p2a: Clodsire
|-start|p1a: Slowking|move: Future Sight
|
|-heal|p1a: Slowking|68/100|[from] item: Black Sludge
|upkeep
|turn|37
|
|t:|1779582452
|switch|p1a: Great Tusk|Great Tusk|100/100
|-damage|p1a: Great Tusk|98/100|[from] Stealth Rock
|move|p2a: Clodsire|Earthquake|p1a: Great Tusk
|-damage|p1a: Great Tusk|76/100
|
|upkeep
|turn|38
|
|t:|1779582462
|switch|p2a: Gliscor|Gliscor, F, tera:Water|24/100 tox
|move|p1a: Great Tusk|Rapid Spin|p2a: Gliscor
|-damage|p2a: Gliscor|11/100 tox
|-boost|p1a: Great Tusk|spe|1
|-sideend|p1: mainkush|Stealth Rock|[from] move: Rapid Spin|[of] p1a: Great Tusk
|
|-end|p2a: Gliscor|move: Future Sight
|-damage|p2a: Gliscor|0 fnt
|faint|p2a: Gliscor
|upkeep
|
|t:|1779582471
|switch|p2a: Clodsire|Clodsire, F|70/100
|turn|39
|c|☆mainkush|Nice full stall
|
|t:|1779582481
|move|p1a: Great Tusk|Headlong Rush|p2a: Clodsire
|-supereffective|p2a: Clodsire
|-damage|p2a: Clodsire|0 fnt
|-unboost|p1a: Great Tusk|def|1
|-unboost|p1a: Great Tusk|spd|1
|faint|p2a: Clodsire
|
|win|mainkush
|raw|mainkush's rating: 1180 &rarr; <strong>1206</strong><br />(+26 for winning)
|raw|pamvlo's rating: 1193 &rarr; <strong>1167</strong><br />(-26 for losing)
|c|☆pamvlo|xd
|l|☆pamvlo
|player|p2|
