|j|☆Batman340
|j|☆TeaPause
|t:|1779661712
|gametype|singles
|player|p1|Batman340|265|1345
|player|p2|TeaPause|waiter|1335
|gen|9
|tier|[Gen 9] OU
|rated|
|rule|HP Percentage Mod: HP is shown in percentages
|rule|Endless Battle Clause: Forcing endless battles is banned
|rule|Species Clause: Limit one of each Pokémon
|rule|OHKO Clause: OHKO moves are banned
|rule|Evasion Items Clause: Evasion items are banned
|rule|Evasion Moves Clause: Evasion moves are banned
|rule|Evasion Abilities Clause: Evasion abilities are banned
|rule|Sleep Moves Clause: Sleep-inducing moves are banned
|clearpoke
|poke|p1|Moltres|
|poke|p1|Grimmsnarl, M|
|poke|p1|Kyurem|
|poke|p1|Iron Crown|
|poke|p1|Great Tusk|
|poke|p1|Dragonite, F|
|poke|p2|Decidueye-Hisui, F|
|poke|p2|Heatran, M|
|poke|p2|Dragapult, M|
|poke|p2|Muk-Alola, F|
|poke|p2|Cyclizar, F|
|poke|p2|Hatterene, F|
|teampreview
|inactive|Battle timer is ON: inactive players will automatically lose when time's up. (requested by TeaPause)
|inactive|Batman340 also wants the timer to be on.
|
|t:|1779661727
|teamsize|p1|6
|teamsize|p2|6
|start
|switch|p1a: Great Tusk|Great Tusk|100/100
|switch|p2a: Muk|Muk-Alola, F|100/100
|-enditem|p1a: Great Tusk|Booster Energy
|-activate|p1a: Great Tusk|ability: Protosynthesis|[fromitem]
|-start|p1a: Great Tusk|protosynthesisatk
|turn|1
|
|t:|1779661741
|switch|p2a: Dragapult|Dragapult, M|100/100
|move|p1a: Great Tusk|Headlong Rush|p2a: Dragapult
|-crit|p2a: Dragapult
|-damage|p2a: Dragapult|0 fnt
|-unboost|p1a: Great Tusk|def|1
|-unboost|p1a: Great Tusk|spd|1
|faint|p2a: Dragapult
|
|upkeep
|
|t:|1779661754
|switch|p2a: Decidueye|Decidueye-Hisui, F|100/100
|turn|2
|
|t:|1779661766
|-end|p1a: Great Tusk|Protosynthesis|[silent]
|switch|p1a: Moltres|Moltres|100/100
|move|p2a: Decidueye|Rock Tomb|p1a: Moltres
|-supereffective|p1a: Moltres
|-damage|p1a: Moltres|0 fnt
|faint|p1a: Moltres
|
|upkeep
|
|t:|1779661776
|switch|p1a: Grimmsnarl|Grimmsnarl, M, shiny|100/100
|turn|3
|
|t:|1779661782
|switch|p2a: Muk|Muk-Alola, F|100/100
|move|p1a: Grimmsnarl|Spirit Break|p2a: Muk
|-damage|p2a: Muk|65/100
|-unboost|p2a: Muk|spa|1
|
|upkeep
|turn|4
|
|t:|1779661797
|move|p1a: Grimmsnarl|Reflect|p1a: Grimmsnarl
|-sidestart|p1: Batman340|Reflect
|move|p2a: Muk|Knock Off|p1a: Grimmsnarl
|-resisted|p1a: Grimmsnarl
|-damage|p1a: Grimmsnarl|94/100
|-enditem|p1a: Grimmsnarl|Light Clay|[from] move: Knock Off|[of] p2a: Muk
|
|upkeep
|turn|5
|
|t:|1779661812
|move|p1a: Grimmsnarl|Light Screen|p1a: Grimmsnarl
|-sidestart|p1: Batman340|move: Light Screen
|move|p2a: Muk|Poison Jab|p1a: Grimmsnarl
|-supereffective|p1a: Grimmsnarl
|-damage|p1a: Grimmsnarl|53/100
|
|upkeep
|turn|6
|
|t:|1779661826
|switch|p1a: Great Tusk|Great Tusk|100/100
|move|p2a: Muk|Poison Jab|p1a: Great Tusk
|-resisted|p1a: Great Tusk
|-damage|p1a: Great Tusk|94/100
|
|upkeep
|turn|7
|
|t:|1779661844
|switch|p2a: Hatterene|Hatterene, F|100/100
|move|p1a: Great Tusk|Close Combat|p2a: Hatterene
|-resisted|p2a: Hatterene
|-damage|p2a: Hatterene|83/100
|-unboost|p1a: Great Tusk|def|1
|-unboost|p1a: Great Tusk|spd|1
|
|-heal|p2a: Hatterene|89/100|[from] item: Leftovers
|upkeep
|turn|8
|inactive|Batman340 has 120 seconds left.
|
|t:|1779661868
|-end|p1a: Great Tusk|Protosynthesis|[silent]
|switch|p1a: Dragonite|Dragonite, F, shiny|100/100
|move|p2a: Hatterene|Psychic Noise|p1a: Dragonite
|-damage|p1a: Dragonite|90/100
|-start|p1a: Dragonite|move: Heal Block
|
|-heal|p2a: Hatterene|95/100|[from] item: Leftovers
|upkeep
|turn|9
|inactive|Batman340 has 120 seconds left.
|
|t:|1779661881
|move|p1a: Dragonite|Dragon Dance|p1a: Dragonite
|-boost|p1a: Dragonite|atk|1
|-boost|p1a: Dragonite|spe|1
|move|p2a: Hatterene|Nuzzle|p1a: Dragonite
|-damage|p1a: Dragonite|87/100
|-status|p1a: Dragonite|par
|
|-heal|p2a: Hatterene|100/100|[from] item: Leftovers
|-end|p1a: Dragonite|move: Heal Block
|-sideend|p1: Batman340|move: Light Screen
|upkeep
|turn|10
|inactive|Batman340 has 120 seconds left.
|
|t:|1779661896
|cant|p1a: Dragonite|par
|move|p2a: Hatterene|Draining Kiss|p1a: Dragonite
|-supereffective|p1a: Dragonite
|-damage|p1a: Dragonite|24/100 par
|-enditem|p1a: Dragonite|Weakness Policy
|-boost|p1a: Dragonite|atk|2|[from] item: Weakness Policy
|-boost|p1a: Dragonite|spa|2|[from] item: Weakness Policy
|
|upkeep
|turn|11
|inactive|Batman340 has 120 seconds left.
|
|t:|1779661906
|-terastallize|p1a: Dragonite|Normal
|cant|p1a: Dragonite|par
|move|p2a: Hatterene|Draining Kiss|p1a: Dragonite
|-damage|p1a: Dragonite|0 fnt
|faint|p1a: Dragonite
|
|-sideend|p1: Batman340|Reflect
|upkeep
|inactive|Batman340 has 120 seconds left.
|-message|Batman340 forfeited.
|
|win|TeaPause
|raw|Batman340's rating: 1345 &rarr; <strong>1324</strong><br />(-21 for losing)
|raw|TeaPause's rating: 1335 &rarr; <strong>1356</strong><br />(+21 for winning)
|l|☆Batman340
|player|p1|
|l|☆TeaPause
|player|p2|
