|j|☆Flexliks
|j|☆welovevaporeon
|t:|1779664179
|gametype|singles
|player|p1|Flexliks|bruno|1332
|player|p2|welovevaporeon|zinnia|1426
|gen|9
|tier|[Gen 9] OU
|rated|
|rule|HP Percentage Mod: HP is shown in percentages
|rule|Endless Battle Clause: Forcing endless battles is banned
|rule|Species Clause: Limit one of each Pokémon
|rule|OHKO Clause: OHKO moves are banned
|rule|Evasion Items Clause: Evasion items are banned
|rule|Evasion Moves Clause: Evasion moves are banned
|rule|Evasion Abilities Clause: Evasion abilities are banned
|rule|Sleep Moves Clause: Sleep-inducing moves are banned
|clearpoke
|poke|p1|Blaziken, M|
|poke|p1|Landorus-Therian, M|
|poke|p1|Dragapult, M|
|poke|p1|Corviknight, M|
|poke|p1|Primarina, F|
|poke|p1|Gliscor, M|
|poke|p2|Iron Valiant|
|poke|p2|Slowking-Galar, F|
|poke|p2|Regieleki|
|poke|p2|Meowscarada, F|
|poke|p2|Moltres|
|poke|p2|Great Tusk|
|teampreview
|inactive|Battle timer is ON: inactive players will automatically lose when time's up. (requested by welovevaporeon)
|
|t:|1779664205
|teamsize|p1|6
|teamsize|p2|6
|start
|switch|p1a: Blaziken|Blaziken, M|100/100
|switch|p2a: Gary|Meowscarada, F, shiny|100/100
|turn|1
|
|t:|1779664227
|move|p2a: Gary|U-turn|p1a: Blaziken
|-start|p2a: Gary|typechange|Bug|[from] ability: Protean
|-resisted|p1a: Blaziken
|-damage|p1a: Blaziken|88/100
|
|t:|1779664232
|switch|p2a: Moltres|Moltres|100/100|[from] U-turn
|move|p1a: Blaziken|Swords Dance|p1a: Blaziken
|-boost|p1a: Blaziken|atk|2
|
|-ability|p1a: Blaziken|Speed Boost|boost
|-boost|p1a: Blaziken|spe|1
|upkeep
|turn|2
|
|t:|1779664257
|switch|p1a: Primarina|Primarina, F|100/100
|move|p2a: Moltres|U-turn|p1a: Primarina
|-resisted|p1a: Primarina
|-damage|p1a: Primarina|90/100
|inactive|welovevaporeon has 120 seconds left.
|
|t:|1779664268
|switch|p2a: Honored1|Regieleki, shiny|100/100|[from] U-turn
|
|upkeep
|turn|3
|
|t:|1779664280
|switch|p1a: Landorus|Landorus-Therian, M|100/100
|-ability|p1a: Landorus|Intimidate|boost
|-unboost|p2a: Honored1|atk|1
|move|p2a: Honored1|Volt Switch|p1a: Landorus
|-immune|p1a: Landorus
|
|upkeep
|turn|4
|
|t:|1779664289
|switch|p2a: Gary|Meowscarada, F, shiny|100/100
|move|p1a: Landorus|Stealth Rock|p2a: Gary
|-sidestart|p2: welovevaporeon|move: Stealth Rock
|
|upkeep
|turn|5
|
|t:|1779664296
|switch|p1a: Blaziken|Blaziken, M|88/100
|move|p2a: Gary|Triple Axel|p1a: Blaziken
|-start|p2a: Gary|typechange|Ice|[from] ability: Protean
|-resisted|p1a: Blaziken
|-damage|p1a: Blaziken|80/100
|-hitcount|p1a: Blaziken|1
|
|upkeep
|turn|6
|
|t:|1779664304
|switch|p2a: Great Tusk|Great Tusk|100/100
|move|p1a: Blaziken|Close Combat|p2a: Great Tusk
|-damage|p2a: Great Tusk|51/100
|-unboost|p1a: Blaziken|def|1
|-unboost|p1a: Blaziken|spd|1
|-damage|p1a: Blaziken|70/100|[from] item: Life Orb
|
|-ability|p1a: Blaziken|Speed Boost|boost
|-boost|p1a: Blaziken|spe|1
|upkeep
|turn|7
|
|t:|1779664317
|move|p1a: Blaziken|Protect|p1a: Blaziken
|-singleturn|p1a: Blaziken|Protect
|move|p2a: Great Tusk|Headlong Rush|p1a: Blaziken
|-activate|p1a: Blaziken|move: Protect
|
|-ability|p1a: Blaziken|Speed Boost|boost
|-boost|p1a: Blaziken|spe|1
|upkeep
|turn|8
|
|t:|1779664330
|move|p1a: Blaziken|Flare Blitz|p2a: Great Tusk
|-damage|p2a: Great Tusk|3/100
|-damage|p1a: Blaziken|51/100|[from] Recoil
|-damage|p1a: Blaziken|41/100|[from] item: Life Orb
|move|p2a: Great Tusk|Headlong Rush|p1a: Blaziken
|-supereffective|p1a: Blaziken
|-damage|p1a: Blaziken|0 fnt
|-unboost|p2a: Great Tusk|def|1
|-unboost|p2a: Great Tusk|spd|1
|faint|p1a: Blaziken
|
|upkeep
|
|t:|1779664350
|switch|p1a: Dragapult|Dragapult, M|100/100
|turn|9
|
|t:|1779664361
|-end|p2a: Great Tusk|Protosynthesis|[silent]
|switch|p2a: Slowking|Slowking-Galar, F|100/100
|move|p1a: Dragapult|Shadow Ball|p2a: Slowking
|-supereffective|p2a: Slowking
|-damage|p2a: Slowking|40/100
|
|upkeep
|turn|10
|
|t:|1779664371
|move|p1a: Dragapult|Shadow Ball|p2a: Slowking
|-supereffective|p2a: Slowking
|-damage|p2a: Slowking|0 fnt
|faint|p2a: Slowking
|
|upkeep
|
|t:|1779664376
|switch|p2a: Gary|Meowscarada, F, shiny|100/100
|-damage|p2a: Gary|88/100|[from] Stealth Rock
|turn|11
|
|t:|1779664382
|switch|p1a: Landorus|Landorus-Therian, M|100/100
|-ability|p1a: Landorus|Intimidate|boost
|-unboost|p2a: Gary|atk|1
|move|p2a: Gary|Knock Off|p1a: Landorus
|-start|p2a: Gary|typechange|Dark|[from] ability: Protean
|-damage|p1a: Landorus|73/100
|-damage|p2a: Gary|72/100|[from] item: Rocky Helmet|[of] p1a: Landorus
|-enditem|p1a: Landorus|Rocky Helmet|[from] move: Knock Off|[of] p2a: Gary
|
|upkeep
|turn|12
|
|t:|1779664397
|switch|p2a: Moltres|Moltres|100/100
|switch|p1a: Corviknight|Corviknight, M|100/100
|-ability|p1a: Corviknight|Pressure
|
|upkeep
|turn|13
|
|t:|1779664405
|switch|p1a: Primarina|Primarina, F|90/100
|move|p2a: Moltres|U-turn|p1a: Primarina
|-resisted|p1a: Primarina
|-damage|p1a: Primarina|78/100
|
|t:|1779664418
|switch|p2a: Gary|Meowscarada, F, shiny|72/100|[from] U-turn
|-damage|p2a: Gary|60/100|[from] Stealth Rock
|
|upkeep
|turn|14
|
|t:|1779664426
|-terastallize|p1a: Primarina|Poison
|move|p2a: Gary|U-turn|p1a: Primarina
|-start|p2a: Gary|typechange|Bug|[from] ability: Protean
|-resisted|p1a: Primarina
|-damage|p1a: Primarina|57/100
|
|t:|1779664435
|switch|p2a: Honored1|Regieleki, shiny|100/100|[from] U-turn
|-damage|p2a: Honored1|88/100|[from] Stealth Rock
|move|p1a: Primarina|Moonblast|p2a: Honored1
|-damage|p2a: Honored1|0 fnt
|faint|p2a: Honored1
|
|upkeep
|
|t:|1779664441
|switch|p2a: Great Tusk|Great Tusk|3/100
|turn|15
|
|t:|1779664451
|move|p2a: Great Tusk|Rapid Spin|p1a: Primarina
|-damage|p1a: Primarina|36/100
|-boost|p2a: Great Tusk|spe|1
|-sideend|p2: welovevaporeon|Stealth Rock|[from] move: Rapid Spin|[of] p2a: Great Tusk
|move|p1a: Primarina|Surf|p2a: Great Tusk
|-supereffective|p2a: Great Tusk
|-damage|p2a: Great Tusk|0 fnt
|faint|p2a: Great Tusk
|-end|p2a: Great Tusk|Protosynthesis|[silent]
|
|upkeep
|
|t:|1779664465
|switch|p2a: Gary|Meowscarada, F, shiny|60/100
|turn|16
|
|t:|1779664472
|switch|p1a: Landorus|Landorus-Therian, M|73/100
|-ability|p1a: Landorus|Intimidate|boost
|-unboost|p2a: Gary|atk|1
|move|p2a: Gary|Knock Off|p1a: Landorus
|-start|p2a: Gary|typechange|Dark|[from] ability: Protean
|-damage|p1a: Landorus|54/100
|
|upkeep
|turn|17
|
|t:|1779664481
|switch|p2a: Moltres|Moltres|100/100
|switch|p1a: Corviknight|Corviknight, M|100/100
|-ability|p1a: Corviknight|Pressure
|
|upkeep
|turn|18
|
|t:|1779664500
|switch|p1a: Landorus|Landorus-Therian, M|54/100
|-ability|p1a: Landorus|Intimidate|boost
|-unboost|p2a: Moltres|atk|1
|move|p2a: Moltres|Will-O-Wisp|p1a: Landorus
|-status|p1a: Landorus|brn
|
|-damage|p1a: Landorus|48/100 brn|[from] brn
|upkeep
|turn|19
|
|t:|1779664512
|move|p1a: Landorus|Stealth Rock|p2a: Moltres
|-sidestart|p2: welovevaporeon|move: Stealth Rock
|move|p2a: Moltres|Flamethrower|p1a: Landorus
|-damage|p1a: Landorus|7/100 brn
|
|-damage|p1a: Landorus|1/100 brn|[from] brn
|upkeep
|turn|20
|
|t:|1779664520
|switch|p1a: Primarina|Primarina, F, tera:Poison|36/100
|move|p2a: Moltres|Will-O-Wisp|p1a: Primarina
|-status|p1a: Primarina|brn
|
|-damage|p1a: Primarina|30/100 brn|[from] brn
|upkeep
|turn|21
|
|t:|1779664545
|-terastallize|p2a: Moltres|Water
|move|p1a: Primarina|Surf|p2a: Moltres
|-resisted|p2a: Moltres
|-damage|p2a: Moltres|60/100
|move|p2a: Moltres|Flamethrower|p1a: Primarina
|-damage|p1a: Primarina|4/100 brn
|
|-damage|p1a: Primarina|0 fnt|[from] brn
|faint|p1a: Primarina
|upkeep
|
|t:|1779664554
|switch|p1a: Dragapult|Dragapult, M|100/100
|turn|22
|
|t:|1779664563
|switch|p2a: Iron Valiant|Iron Valiant|100/100
|-damage|p2a: Iron Valiant|94/100|[from] Stealth Rock
|-enditem|p2a: Iron Valiant|Booster Energy
|-activate|p2a: Iron Valiant|ability: Quark Drive|[fromitem]
|-start|p2a: Iron Valiant|quarkdrivespe
|move|p1a: Dragapult|Shadow Ball|p2a: Iron Valiant
|-damage|p2a: Iron Valiant|6/100
|
|upkeep
|turn|23
|
|t:|1779664574
|switch|p1a: Gliscor|Gliscor, M|100/100
|move|p2a: Iron Valiant|Calm Mind|p2a: Iron Valiant
|-boost|p2a: Iron Valiant|spa|1
|-boost|p2a: Iron Valiant|spd|1
|
|-status|p1a: Gliscor|tox|[from] item: Toxic Orb
|upkeep
|turn|24
|
|t:|1779664583
|move|p2a: Iron Valiant|Moonblast|p1a: Gliscor
|-damage|p1a: Gliscor|43/100 tox
|move|p1a: Gliscor|Knock Off|p2a: Iron Valiant
|-resisted|p2a: Iron Valiant
|-damage|p2a: Iron Valiant|1/100
|
|-heal|p1a: Gliscor|56/100 tox|[from] ability: Poison Heal
|upkeep
|turn|25
|
|t:|1779664592
|move|p1a: Gliscor|Protect|p1a: Gliscor
|-singleturn|p1a: Gliscor|Protect
|move|p2a: Iron Valiant|Calm Mind|p2a: Iron Valiant
|-boost|p2a: Iron Valiant|spa|1
|-boost|p2a: Iron Valiant|spd|1
|
|-heal|p1a: Gliscor|68/100 tox|[from] ability: Poison Heal
|upkeep
|turn|26
|c|☆welovevaporeon|no way
|
|t:|1779664602
|switch|p1a: Landorus|Landorus-Therian, M|1/100 brn
|-ability|p1a: Landorus|Intimidate|boost
|-unboost|p2a: Iron Valiant|atk|1
|move|p2a: Iron Valiant|Encore||[still]
|-fail|p2a: Iron Valiant
|
|-damage|p1a: Landorus|0 fnt|[from] brn
|faint|p1a: Landorus
|upkeep
|
|t:|1779664610
|switch|p1a: Dragapult|Dragapult, M|100/100
|turn|27
|
|t:|1779664613
|move|p2a: Iron Valiant|Moonblast|p1a: Dragapult
|-supereffective|p1a: Dragapult
|-damage|p1a: Dragapult|0 fnt
|faint|p1a: Dragapult
|
|upkeep
|
|t:|1779664620
|switch|p1a: Corviknight|Corviknight, M|100/100
|-ability|p1a: Corviknight|Pressure
|turn|28
|
|t:|1779664627
|move|p2a: Iron Valiant|Shadow Ball|p1a: Corviknight
|-damage|p1a: Corviknight|46/100
|move|p1a: Corviknight|Brave Bird|p2a: Iron Valiant
|-supereffective|p2a: Iron Valiant
|-damage|p2a: Iron Valiant|0 fnt
|faint|p2a: Iron Valiant
|-end|p2a: Iron Valiant|Quark Drive|[silent]
|-damage|p1a: Corviknight|46/100|[from] Recoil
|
|upkeep
|
|t:|1779664638
|switch|p2a: Moltres|Moltres, tera:Water|60/100
|turn|29
|
|t:|1779664642
|move|p1a: Corviknight|Brave Bird|p2a: Moltres
|-damage|p2a: Moltres|32/100
|-damage|p1a: Corviknight|37/100|[from] Recoil
|move|p2a: Moltres|Roost|p2a: Moltres
|-heal|p2a: Moltres|82/100
|
|upkeep
|turn|30
|
|t:|1779664649
|move|p1a: Corviknight|Roost|p1a: Corviknight
|-heal|p1a: Corviknight|87/100
|-singleturn|p1a: Corviknight|move: Roost
|move|p2a: Moltres|Flamethrower|p1a: Corviknight
|-supereffective|p1a: Corviknight
|-damage|p1a: Corviknight|8/100
|-status|p1a: Corviknight|brn
|
|-damage|p1a: Corviknight|2/100 brn|[from] brn
|upkeep
|turn|31
|
|t:|1779664661
|move|p1a: Corviknight|Brave Bird|p2a: Moltres
|-damage|p2a: Moltres|69/100
|-damage|p1a: Corviknight|0 fnt|[from] Recoil
|faint|p1a: Corviknight
|move|p2a: Moltres|U-turn|p1: Corviknight|[notarget]
|-fail|p2a: Moltres
|
|upkeep
|
|t:|1779664668
|switch|p1a: Gliscor|Gliscor, M|68/100 tox
|turn|32
|
|t:|1779664676
|move|p1a: Gliscor|Protect|p1a: Gliscor
|-singleturn|p1a: Gliscor|Protect
|move|p2a: Moltres|Flamethrower|p1a: Gliscor
|-activate|p1a: Gliscor|move: Protect
|
|-heal|p1a: Gliscor|81/100 tox|[from] ability: Poison Heal
|upkeep
|turn|33
|
|t:|1779664688
|move|p1a: Gliscor|Facade|p2a: Moltres
|-damage|p2a: Moltres|47/100
|move|p2a: Moltres|Flamethrower|p1a: Gliscor
|-damage|p1a: Gliscor|46/100 tox
|
|-heal|p1a: Gliscor|58/100 tox|[from] ability: Poison Heal
|upkeep
|turn|34
|
|t:|1779664702
|move|p1a: Gliscor|Swords Dance|p1a: Gliscor
|-boost|p1a: Gliscor|atk|2
|move|p2a: Moltres|U-turn|p1a: Gliscor
|-resisted|p1a: Gliscor
|-damage|p1a: Gliscor|52/100 tox
|
|t:|1779664704
|switch|p2a: Gary|Meowscarada, F, shiny|60/100|[from] U-turn
|-damage|p2a: Gary|47/100|[from] Stealth Rock
|
|-heal|p1a: Gliscor|65/100 tox|[from] ability: Poison Heal
|upkeep
|turn|35
|
|t:|1779664712
|move|p1a: Gliscor|Protect|p1a: Gliscor
|-singleturn|p1a: Gliscor|Protect
|move|p2a: Gary|Triple Axel|p1a: Gliscor
|-start|p2a: Gary|typechange|Ice|[from] ability: Protean
|-activate|p1a: Gliscor|move: Protect
|
|-heal|p1a: Gliscor|77/100 tox|[from] ability: Poison Heal
|upkeep
|turn|36
|c|☆welovevaporeon|gl
|
|t:|1779664722
|move|p2a: Gary|Triple Axel|p1a: Gliscor
|-supereffective|p1a: Gliscor
|-damage|p1a: Gliscor|49/100 tox
|-supereffective|p1a: Gliscor
|-damage|p1a: Gliscor|0 fnt
|faint|p1a: Gliscor
|-hitcount|p1: Gliscor|2
|
|win|welovevaporeon
|raw|Flexliks's rating: 1332 &rarr; <strong>1317</strong><br />(-15 for losing)
|raw|welovevaporeon's rating: 1426 &rarr; <strong>1441</strong><br />(+15 for winning)
|c|☆welovevaporeon|RAAHH
|l|☆Flexliks
|player|p1|
|c|☆welovevaporeon|w
