|j|☆goober #1048
|j|☆yotsuuba
|t:|1779685806
|gametype|singles
|player|p1|goober #1048|gambler|1320
|player|p2|yotsuuba|clair|1301
|gen|9
|tier|[Gen 9] OU
|rated|
|rule|HP Percentage Mod: HP is shown in percentages
|rule|Endless Battle Clause: Forcing endless battles is banned
|rule|Species Clause: Limit one of each Pokémon
|rule|OHKO Clause: OHKO moves are banned
|rule|Evasion Items Clause: Evasion items are banned
|rule|Evasion Moves Clause: Evasion moves are banned
|rule|Evasion Abilities Clause: Evasion abilities are banned
|rule|Sleep Moves Clause: Sleep-inducing moves are banned
|clearpoke
|poke|p1|Froslass, F|
|poke|p1|Sneasel-Hisui, F|
|poke|p1|Munkidori, M|
|poke|p1|Rotom-Wash|
|poke|p1|Corviknight, F|
|poke|p1|Kingambit, M|
|poke|p2|Crawdaunt, F|
|poke|p2|Pelipper, F|
|poke|p2|Azumarill, M|
|poke|p2|Regieleki|
|poke|p2|Slowking-Galar, F|
|poke|p2|Lokix, F|
|teampreview
|inactive|Battle timer is ON: inactive players will automatically lose when time's up. (requested by goober #1048)
|
|t:|1779685818
|teamsize|p1|6
|teamsize|p2|6
|start
|switch|p1a: Froslass|Froslass, F|100/100
|switch|p2a: Regieleki|Regieleki|100/100
|turn|1
|
|t:|1779685825
|move|p2a: Regieleki|Volt Switch|p1a: Froslass
|-damage|p1a: Froslass|10/100
|-damage|p2a: Regieleki|91/100|[from] item: Life Orb
|
|t:|1779685830
|switch|p2a: Pelipper|Pelipper, F|100/100|[from] Volt Switch
|-weather|RainDance|[from] ability: Drizzle|[of] p2a: Pelipper
|move|p1a: Froslass|Thunder Wave|p2a: Pelipper
|-status|p2a: Pelipper|par
|
|-weather|RainDance|[upkeep]
|upkeep
|turn|2
|
|t:|1779685836
|move|p1a: Froslass|Hex|p2a: Pelipper
|-damage|p2a: Pelipper|34/100 par
|move|p2a: Pelipper|U-turn|p1a: Froslass
|-resisted|p1a: Froslass
|-damage|p1a: Froslass|3/100
|-start|p2a: Pelipper|Disable|U-turn|[from] ability: Cursed Body|[of] p1a: Froslass
|
|t:|1779685847
|switch|p2a: Regieleki|Regieleki|91/100|[from] U-turn
|
|-weather|RainDance|[upkeep]
|upkeep
|turn|3
|
|t:|1779685853
|switch|p1a: Rotom|Rotom-Wash|100/100
|move|p2a: Regieleki|Thunder|p1a: Rotom
|-damage|p1a: Rotom|0 fnt
|faint|p1a: Rotom
|-damage|p2a: Regieleki|81/100|[from] item: Life Orb
|
|-weather|RainDance|[upkeep]
|upkeep
|
|t:|1779685862
|switch|p1a: Kingambit|Kingambit, M|100/100
|-activate|p1a: Kingambit|ability: Supreme Overlord
|-start|p1a: Kingambit|fallen1|[silent]
|turn|4
|
|t:|1779685869
|move|p2a: Regieleki|Thunder|p1a: Kingambit
|-damage|p1a: Kingambit|14/100
|-damage|p2a: Regieleki|71/100|[from] item: Life Orb
|move|p1a: Kingambit|Iron Head|p2a: Regieleki
|-resisted|p2a: Regieleki
|-damage|p2a: Regieleki|16/100
|
|-weather|RainDance|[upkeep]
|upkeep
|turn|5
|
|t:|1779685876
|switch|p2a: Crawdaunt|Crawdaunt, F|100/100
|move|p1a: Kingambit|Sucker Punch||[still]
|-fail|p1a: Kingambit
|
|-weather|RainDance|[upkeep]
|upkeep
|turn|6
|
|t:|1779685882
|-end|p1a: Kingambit|fallen1|[silent]
|switch|p1a: Corviknight|Corviknight, F|100/100
|-ability|p1a: Corviknight|Pressure
|move|p2a: Crawdaunt|Aqua Jet|p1a: Corviknight
|-damage|p1a: Corviknight|60/100
|-damage|p2a: Crawdaunt|84/100|[from] item: Rocky Helmet|[of] p1a: Corviknight
|
|-weather|RainDance|[upkeep]
|upkeep
|turn|7
|
|t:|1779685897
|switch|p2a: Azumarill|Azumarill, M|100/100
|move|p1a: Corviknight|Roost|p1a: Corviknight
|-heal|p1a: Corviknight|100/100
|-singleturn|p1a: Corviknight|move: Roost
|
|-weather|RainDance|[upkeep]
|upkeep
|turn|8
|
|t:|1779685909
|move|p2a: Azumarill|Liquidation|p1a: Corviknight
|-damage|p1a: Corviknight|52/100
|-unboost|p1a: Corviknight|def|1
|-damage|p2a: Azumarill|84/100|[from] item: Rocky Helmet|[of] p1a: Corviknight
|move|p1a: Corviknight|U-turn|p2a: Azumarill
|-resisted|p2a: Azumarill
|-damage|p2a: Azumarill|76/100
|
|t:|1779685919
|switch|p1a: Munkidori|Munkidori, M|100/100|[from] U-turn
|-item|p2a: Azumarill|Leftovers|[from] ability: Frisk|[of] p1a: Munkidori
|
|-weather|none
|-heal|p2a: Azumarill|82/100|[from] item: Leftovers
|upkeep
|turn|9
|
|t:|1779685942
|switch|p2a: Pelipper|Pelipper, F|34/100 par
|-weather|RainDance|[from] ability: Drizzle|[of] p2a: Pelipper
|move|p1a: Munkidori|Sludge Wave|p2a: Pelipper
|-crit|p2a: Pelipper
|-damage|p2a: Pelipper|0 fnt
|faint|p2a: Pelipper
|
|-weather|RainDance|[upkeep]
|upkeep
|
|t:|1779685947
|switch|p2a: Lokix|Lokix, F|100/100
|turn|10
|
|t:|1779685950
|switch|p1a: Corviknight|Corviknight, F|52/100
|-ability|p1a: Corviknight|Pressure
|move|p2a: Lokix|U-turn|p1a: Corviknight
|-resisted|p1a: Corviknight
|-damage|p1a: Corviknight|38/100
|-damage|p2a: Lokix|84/100|[from] item: Rocky Helmet|[of] p1a: Corviknight
|
|t:|1779685961
|switch|p2a: Crawdaunt|Crawdaunt, F|84/100|[from] U-turn
|
|-weather|RainDance|[upkeep]
|upkeep
|turn|11
|
|t:|1779685971
|-terastallize|p1a: Corviknight|Dragon
|move|p2a: Crawdaunt|Crabhammer|p1a: Corviknight
|-resisted|p1a: Corviknight
|-damage|p1a: Corviknight|0 fnt
|-damage|p2a: Crawdaunt|68/100|[from] item: Rocky Helmet|[of] p1a: Corviknight
|faint|p1a: Corviknight
|
|-weather|RainDance|[upkeep]
|upkeep
|
|t:|1779685979
|switch|p1a: Munkidori|Munkidori, M|100/100
|-item|p2a: Crawdaunt|Choice Band|[from] ability: Frisk|[of] p1a: Munkidori
|turn|12
|
|t:|1779685999
|switch|p2a: Lokix|Lokix, F|84/100
|move|p1a: Munkidori|Psyshock|p2a: Lokix
|-immune|p2a: Lokix
|
|-weather|RainDance|[upkeep]
|upkeep
|turn|13
|
|t:|1779686008
|switch|p1a: Froslass|Froslass, F|3/100
|move|p2a: Lokix|First Impression|p1a: Froslass
|-resisted|p1a: Froslass
|-damage|p1a: Froslass|0 fnt
|faint|p1a: Froslass
|
|-weather|RainDance|[upkeep]
|upkeep
|
|t:|1779686013
|switch|p1a: Sneasel|Sneasel-Hisui, F|100/100
|turn|14
|
|t:|1779686020
|switch|p2a: Slowking|Slowking-Galar, F|100/100
|move|p1a: Sneasel|Switcheroo|p2a: Slowking
|-activate|p1a: Sneasel|move: Trick|[of] p2a: Slowking
|-item|p2a: Slowking|Choice Band|[from] move: Switcheroo
|-item|p1a: Sneasel|Rocky Helmet|[from] move: Switcheroo
|
|-weather|RainDance|[upkeep]
|upkeep
|turn|15
|
|t:|1779686028
|switch|p1a: Kingambit|Kingambit, M|14/100
|-activate|p1a: Kingambit|ability: Supreme Overlord
|-start|p1a: Kingambit|fallen3|[silent]
|move|p2a: Slowking|Thunder Wave|p1a: Kingambit
|-status|p1a: Kingambit|par
|
|-weather|RainDance|[upkeep]
|upkeep
|turn|16
|
|t:|1779686042
|switch|p2a: Azumarill|Azumarill, M|82/100
|move|p1a: Kingambit|Iron Head|p2a: Azumarill
|-damage|p2a: Azumarill|8/100
|
|-weather|none
|-heal|p2a: Azumarill|15/100|[from] item: Leftovers
|upkeep
|turn|17
|
|t:|1779686048
|-end|p1a: Kingambit|fallen3|[silent]
|switch|p1a: Sneasel|Sneasel-Hisui, F|100/100
|move|p2a: Azumarill|Aqua Jet|p1a: Sneasel
|-damage|p1a: Sneasel|48/100
|-damage|p2a: Azumarill|0 fnt|[from] item: Rocky Helmet|[of] p1a: Sneasel
|faint|p2a: Azumarill
|
|upkeep
|
|t:|1779686054
|switch|p2a: Lokix|Lokix, F|84/100
|turn|18
|
|t:|1779686063
|move|p1a: Sneasel|Close Combat|p2a: Lokix
|-damage|p2a: Lokix|3/100
|-unboost|p1a: Sneasel|def|1
|-unboost|p1a: Sneasel|spd|1
|move|p2a: Lokix|Leech Life|p1a: Sneasel
|-resisted|p1a: Sneasel
|-damage|p1a: Sneasel|0 fnt
|-heal|p2a: Lokix|24/100|[from] drain|[of] p1a: Sneasel
|-damage|p2a: Lokix|8/100|[from] item: Rocky Helmet|[of] p1a: Sneasel
|faint|p1a: Sneasel
|
|upkeep
|
|t:|1779686070
|switch|p1a: Munkidori|Munkidori, M|100/100
|-item|p2a: Lokix|Choice Band|[from] ability: Frisk|[of] p1a: Munkidori
|turn|19
|
|t:|1779686082
|switch|p2a: Slowking|Slowking-Galar, F|100/100
|move|p1a: Munkidori|U-turn|p2a: Slowking
|-damage|p2a: Slowking|88/100
|
|t:|1779686084
|switch|p1a: Kingambit|Kingambit, M|14/100 par|[from] U-turn
|-activate|p1a: Kingambit|ability: Supreme Overlord
|-start|p1a: Kingambit|fallen4|[silent]
|
|upkeep
|turn|20
|
|t:|1779686094
|move|p1a: Kingambit|Sucker Punch|p2a: Slowking
|-supereffective|p2a: Slowking
|-crit|p2a: Slowking
|-damage|p2a: Slowking|0 fnt
|faint|p2a: Slowking
|
|upkeep
|
|t:|1779686102
|switch|p2a: Crawdaunt|Crawdaunt, F|68/100
|turn|21
|
|t:|1779686105
|-terastallize|p2a: Crawdaunt|Water
|move|p2a: Crawdaunt|Aqua Jet|p1a: Kingambit
|-damage|p1a: Kingambit|0 fnt
|faint|p1a: Kingambit
|-end|p1a: Kingambit|fallen4|[silent]
|
|upkeep
|
|t:|1779686108
|switch|p1a: Munkidori|Munkidori, M|100/100
|-item|p2a: Crawdaunt|Choice Band|[from] ability: Frisk|[of] p1a: Munkidori
|turn|22
|
|t:|1779686111
|move|p2a: Crawdaunt|Aqua Jet|p1a: Munkidori
|-damage|p1a: Munkidori|30/100
|move|p1a: Munkidori|Sludge Wave|p2a: Crawdaunt
|-damage|p2a: Crawdaunt|0 fnt
|faint|p2a: Crawdaunt
|
|upkeep
|
|t:|1779686116
|switch|p2a: Lokix|Lokix, F|8/100
|turn|23
|
|t:|1779686119
|move|p2a: Lokix|First Impression|p1a: Munkidori
|-damage|p1a: Munkidori|0 fnt
|faint|p1a: Munkidori
|
|win|yotsuuba
|raw|goober #1048's rating: 1320 &rarr; <strong>1299</strong><br />(-21 for losing)
|raw|yotsuuba's rating: 1301 &rarr; <strong>1322</strong><br />(+21 for winning)
|l|☆goober #1048
|player|p1|
|l|☆yotsuuba
|player|p2|
