|j|☆dandynasty
|j|☆YB4260
|t:|1779682646
|gametype|singles
|player|p1|dandynasty|harlequin|1104
|player|p2|YB4260|hilbert|1077
|gen|9
|tier|[Gen 9] OU
|rated|
|rule|HP Percentage Mod: HP is shown in percentages
|rule|Endless Battle Clause: Forcing endless battles is banned
|rule|Species Clause: Limit one of each Pokémon
|rule|OHKO Clause: OHKO moves are banned
|rule|Evasion Items Clause: Evasion items are banned
|rule|Evasion Moves Clause: Evasion moves are banned
|rule|Evasion Abilities Clause: Evasion abilities are banned
|rule|Sleep Moves Clause: Sleep-inducing moves are banned
|clearpoke
|poke|p1|Gliscor, M|
|poke|p1|Dunsparce, F|
|poke|p1|Grimmsnarl, M|
|poke|p1|Overqwil, F|
|poke|p1|Rotom-Wash|
|poke|p1|Perrserker, F|
|poke|p2|Thundurus, M|
|poke|p2|Grimmsnarl, M|
|poke|p2|Whimsicott, F|
|poke|p2|Tornadus, M|
|poke|p2|Iron Treads|
|poke|p2|Weezing-Galar, M|
|teampreview
|c|☆dandynasty|u good?
|inactive|Battle timer is ON: inactive players will automatically lose when time's up. (requested by dandynasty)
|c|☆YB4260|Got afk, I’m back,
|
|t:|1779682771
|teamsize|p1|6
|teamsize|p2|6
|start
|switch|p1a: Overqwil|Overqwil, F|100/100
|switch|p2a: Start Running!!!|Whimsicott, F, shiny|100/100
|-ability|p1a: Overqwil|Intimidate|boost
|-unboost|p2a: Start Running!!!|atk|1
|turn|1
|
|t:|1779682779
|switch|p2a: What is Fancy?|Weezing-Galar, M|100/100
|-fieldstart|move: Misty Terrain|[from] ability: Misty Surge|[of] p2a: What is Fancy?
|move|p1a: Overqwil|Poison Jab|p2a: What is Fancy?
|-damage|p2a: What is Fancy?|74/100
|
|upkeep
|turn|2
|
|t:|1779682789
|move|p1a: Overqwil|Poison Jab|p2a: What is Fancy?
|-damage|p2a: What is Fancy?|48/100
|move|p2a: What is Fancy?|Flamethrower|p1a: Overqwil
|-damage|p1a: Overqwil|72/100
|
|-heal|p1a: Overqwil|78/100|[from] item: Leftovers
|upkeep
|turn|3
|
|t:|1779682796
|switch|p2a: Pisses lando off|Tornadus, M, shiny|100/100
|-enditem|p2a: Pisses lando off|Misty Seed
|-boost|p2a: Pisses lando off|spd|1|[from] item: Misty Seed
|move|p1a: Overqwil|Poison Jab|p2a: Pisses lando off
|-damage|p2a: Pisses lando off|63/100
|
|-heal|p1a: Overqwil|84/100|[from] item: Leftovers
|upkeep
|turn|4
|
|t:|1779682804
|move|p2a: Pisses lando off|Bulk Up|p2a: Pisses lando off
|-boost|p2a: Pisses lando off|atk|1
|-boost|p2a: Pisses lando off|def|1
|move|p1a: Overqwil|Poison Jab|p2a: Pisses lando off
|-damage|p2a: Pisses lando off|35/100
|
|-heal|p1a: Overqwil|91/100|[from] item: Leftovers
|upkeep
|turn|5
|
|t:|1779682811
|move|p2a: Pisses lando off|Acrobatics|p1a: Overqwil
|-damage|p1a: Overqwil|33/100
|move|p1a: Overqwil|Haze|p1a: Overqwil
|-clearallboost
|
|-heal|p1a: Overqwil|39/100|[from] item: Leftovers
|upkeep
|turn|6
|
|t:|1779682818
|move|p2a: Pisses lando off|Knock Off|p1a: Overqwil
|-resisted|p1a: Overqwil
|-damage|p1a: Overqwil|29/100
|-enditem|p1a: Overqwil|Leftovers|[from] move: Knock Off|[of] p2a: Pisses lando off
|move|p1a: Overqwil|Poison Jab|p2a: Pisses lando off
|-damage|p2a: Pisses lando off|0 fnt
|faint|p2a: Pisses lando off
|
|upkeep
|
|t:|1779682827
|switch|p2a: Spin them wheels.|Iron Treads|100/100
|turn|7
|
|t:|1779682837
|switch|p1a: Gliscor|Gliscor, M|100/100
|move|p2a: Spin them wheels.|Stealth Rock|p1a: Gliscor
|-sidestart|p1: dandynasty|move: Stealth Rock
|
|-status|p1a: Gliscor|tox|[from] item: Toxic Orb
|upkeep
|turn|8
|
|t:|1779682845
|-terastallize|p2a: Spin them wheels.|Ice
|move|p2a: Spin them wheels.|Ice Spinner|p1a: Gliscor
|-supereffective|p1a: Gliscor
|-damage|p1a: Gliscor|0 fnt
|-fieldend|Misty Terrain
|faint|p1a: Gliscor
|
|upkeep
|
|t:|1779682859
|switch|p1a: Perrserker|Perrserker, F|100/100
|-damage|p1a: Perrserker|94/100|[from] Stealth Rock
|turn|9
|
|t:|1779682867
|move|p2a: Spin them wheels.|Knock Off|p1a: Perrserker
|-damage|p1a: Perrserker|65/100
|-enditem|p1a: Perrserker|Leftovers|[from] move: Knock Off|[of] p2a: Spin them wheels.
|move|p1a: Perrserker|Swords Dance|p1a: Perrserker
|-boost|p1a: Perrserker|atk|2
|
|upkeep
|turn|10
|
|t:|1779682875
|move|p2a: Spin them wheels.|Ice Spinner|p1a: Perrserker
|-resisted|p1a: Perrserker
|-damage|p1a: Perrserker|45/100
|move|p1a: Perrserker|Iron Head|p2a: Spin them wheels.
|-supereffective|p2a: Spin them wheels.
|-enditem|p2a: Spin them wheels.|Focus Sash
|-damage|p2a: Spin them wheels.|1/100
|
|upkeep
|turn|11
|
|t:|1779682884
|move|p2a: Spin them wheels.|Knock Off|p1a: Perrserker
|-damage|p1a: Perrserker|24/100
|move|p1a: Perrserker|Knock Off|p2a: Spin them wheels.
|-damage|p2a: Spin them wheels.|0 fnt
|faint|p2a: Spin them wheels.
|-end|p2a: Spin them wheels.|Quark Drive|[silent]
|
|upkeep
|
|t:|1779682890
|switch|p2a: Start Running!!!|Whimsicott, F, shiny|100/100
|turn|12
|
|t:|1779682896
|move|p2a: Start Running!!!|Switcheroo|p1a: Perrserker
|-activate|p2a: Start Running!!!|move: Trick|[of] p1a: Perrserker
|-item|p1a: Perrserker|Choice Specs|[from] move: Switcheroo
|-enditem|p2a: Start Running!!!|Choice Specs|[silent]|[from] move: Switcheroo
|move|p1a: Perrserker|Iron Head|p2a: Start Running!!!
|-supereffective|p2a: Start Running!!!
|-damage|p2a: Start Running!!!|0 fnt
|faint|p2a: Start Running!!!
|
|upkeep
|
|t:|1779682901
|switch|p2a: Flinch/Para Pls|Thundurus, M|100/100
|turn|13
|
|t:|1779682918
|switch|p1a: Overqwil|Overqwil, F|29/100
|-damage|p1a: Overqwil|16/100|[from] Stealth Rock
|-ability|p1a: Overqwil|Intimidate|boost
|-unboost|p2a: Flinch/Para Pls|atk|1
|move|p2a: Flinch/Para Pls|Nasty Plot|p2a: Flinch/Para Pls
|-boost|p2a: Flinch/Para Pls|spa|2
|
|upkeep
|turn|14
|
|t:|1779682932
|move|p2a: Flinch/Para Pls|Thunderbolt|p1a: Overqwil
|-damage|p1a: Overqwil|0 fnt
|faint|p1a: Overqwil
|
|upkeep
|
|t:|1779682940
|switch|p1a: Dunsparce|Dunsparce, F|100/100
|-damage|p1a: Dunsparce|88/100|[from] Stealth Rock
|turn|15
|
|t:|1779682944
|move|p2a: Flinch/Para Pls|Thunder Wave|p1a: Dunsparce
|-status|p1a: Dunsparce|par
|move|p1a: Dunsparce|Glare|p2a: Flinch/Para Pls
|-immune|p2a: Flinch/Para Pls
|
|upkeep
|turn|16
|
|t:|1779682952
|move|p2a: Flinch/Para Pls|Dark Pulse|p1a: Dunsparce
|-damage|p1a: Dunsparce|59/100 par
|-ability|p1a: Dunsparce|Rattled|boost
|-boost|p1a: Dunsparce|spe|1
|cant|p1a: Dunsparce|par
|
|upkeep
|turn|17
|
|t:|1779682961
|move|p2a: Flinch/Para Pls|Dark Pulse|p1a: Dunsparce
|-damage|p1a: Dunsparce|30/100 par
|-ability|p1a: Dunsparce|Rattled|boost
|-boost|p1a: Dunsparce|spe|1
|cant|p1a: Dunsparce|flinch
|
|upkeep
|turn|18
|
|t:|1779682966
|move|p2a: Flinch/Para Pls|Dark Pulse|p1a: Dunsparce
|-damage|p1a: Dunsparce|3/100 par
|-ability|p1a: Dunsparce|Rattled|boost
|-boost|p1a: Dunsparce|spe|1
|move|p1a: Dunsparce|Roost|p1a: Dunsparce
|-heal|p1a: Dunsparce|53/100 par
|-singleturn|p1a: Dunsparce|move: Roost
|
|upkeep
|turn|19
|
|t:|1779682976
|move|p2a: Flinch/Para Pls|Dark Pulse|p1a: Dunsparce
|-damage|p1a: Dunsparce|26/100 par
|-ability|p1a: Dunsparce|Rattled|boost
|-boost|p1a: Dunsparce|spe|1
|cant|p1a: Dunsparce|flinch
|
|upkeep
|turn|20
|
|t:|1779682987
|move|p2a: Flinch/Para Pls|Thunderbolt|p1a: Dunsparce
|-crit|p1a: Dunsparce
|-damage|p1a: Dunsparce|0 fnt
|faint|p1a: Dunsparce
|
|upkeep
|
|t:|1779682994
|switch|p1a: Rotom|Rotom-Wash|100/100
|turn|21
|
|t:|1779683002
|move|p2a: Flinch/Para Pls|Thunderbolt|p1a: Rotom
|-damage|p1a: Rotom|0 fnt
|faint|p1a: Rotom
|
|upkeep
|
|t:|1779683013
|switch|p1a: Grimmsnarl|Grimmsnarl, M|100/100
|-damage|p1a: Grimmsnarl|88/100|[from] Stealth Rock
|turn|22
|
|t:|1779683018
|move|p1a: Grimmsnarl|Light Screen|p1a: Grimmsnarl
|-sidestart|p1: dandynasty|move: Light Screen
|move|p2a: Flinch/Para Pls|Thunderbolt|p1a: Grimmsnarl
|-damage|p1a: Grimmsnarl|56/100
|
|-heal|p1a: Grimmsnarl|62/100|[from] item: Leftovers
|upkeep
|turn|23
|
|t:|1779683025
|move|p2a: Flinch/Para Pls|Nasty Plot|p2a: Flinch/Para Pls
|-boost|p2a: Flinch/Para Pls|spa|2
|move|p1a: Grimmsnarl|Parting Shot|p2a: Flinch/Para Pls
|-unboost|p2a: Flinch/Para Pls|atk|1
|-unboost|p2a: Flinch/Para Pls|spa|1
|
|t:|1779683030
|switch|p1a: Perrserker|Perrserker, F|24/100|[from] Parting Shot
|-damage|p1a: Perrserker|18/100|[from] Stealth Rock
|
|upkeep
|turn|24
|
|t:|1779683041
|move|p2a: Flinch/Para Pls|Dark Pulse|p1a: Perrserker
|-damage|p1a: Perrserker|0 fnt
|faint|p1a: Perrserker
|
|upkeep
|
|t:|1779683045
|switch|p1a: Grimmsnarl|Grimmsnarl, M|62/100
|-damage|p1a: Grimmsnarl|49/100|[from] Stealth Rock
|turn|25
|
|t:|1779683048
|move|p2a: Flinch/Para Pls|Nasty Plot|p2a: Flinch/Para Pls
|-boost|p2a: Flinch/Para Pls|spa|2
|move|p1a: Grimmsnarl|Parting Shot|p2a: Flinch/Para Pls
|-unboost|p2a: Flinch/Para Pls|atk|1
|-unboost|p2a: Flinch/Para Pls|spa|1
|
|-heal|p1a: Grimmsnarl|55/100|[from] item: Leftovers
|upkeep
|turn|26
|
|t:|1779683056
|move|p2a: Flinch/Para Pls|Thunderbolt|p1a: Grimmsnarl
|-damage|p1a: Grimmsnarl|7/100
|move|p1a: Grimmsnarl|Play Rough|p2a: Flinch/Para Pls
|-damage|p2a: Flinch/Para Pls|42/100
|
|-heal|p1a: Grimmsnarl|13/100|[from] item: Leftovers
|-sideend|p1: dandynasty|move: Light Screen
|upkeep
|turn|27
|
|t:|1779683069
|move|p2a: Flinch/Para Pls|Thunderbolt|p1a: Grimmsnarl
|-damage|p1a: Grimmsnarl|0 fnt
|faint|p1a: Grimmsnarl
|
|win|YB4260
|raw|dandynasty's rating: 1104 &rarr; <strong>1077</strong><br />(-27 for losing)
|raw|YB4260's rating: 1077 &rarr; <strong>1108</strong><br />(+31 for winning)
|c|☆YB4260|g
|l|☆YB4260
|player|p2|
|c|☆dandynasty|wp
|l|☆dandynasty
|player|p1|
