|inactive|Battle timer is ON: inactive players will automatically lose when time's up.
|t:|1779654174
|gametype|singles
|player|p1|stratdkt|cyrus-masters|
|player|p2|Kasp u_u|#wcop2026europe2|
|gen|9
|tier|[Gen 9] OU
|rule|HP Percentage Mod: HP is shown in percentages
|rule|Endless Battle Clause: Forcing endless battles is banned
|rule|Species Clause: Limit one of each Pokémon
|rule|OHKO Clause: OHKO moves are banned
|rule|Evasion Items Clause: Evasion items are banned
|rule|Evasion Moves Clause: Evasion moves are banned
|rule|Evasion Abilities Clause: Evasion abilities are banned
|rule|Sleep Moves Clause: Sleep-inducing moves are banned
|clearpoke
|poke|p1|Slowking-Galar, F|
|poke|p1|Iron Crown|
|poke|p1|Samurott-Hisui, F|
|poke|p1|Corviknight, F|
|poke|p1|Landorus-Therian, M|
|poke|p1|Cinderace, F|
|poke|p2|Zamazenta-*|
|poke|p2|Primarina, F|
|poke|p2|Landorus-Therian, M|
|poke|p2|Rillaboom, F|
|poke|p2|Darkrai|
|poke|p2|Gholdengo|
|teampreview
|c|☆Kasp u_u|glhf
|c|☆stratdkt|have lots of fun
|c|☆Kasp u_u|:o 
|inactive|stratdkt has 270 seconds left.
|inactive|Kasp u_u has 270 seconds left.
|inactive|stratdkt has 240 seconds left.
|inactive|stratdkt has 210 seconds left.
|inactive|stratdkt has 180 seconds left.
|
|t:|1779654301
|teamsize|p1|6
|teamsize|p2|6
|start
|switch|p1a: Iron Crown|Iron Crown|100/100
|switch|p2a: Primarina|Primarina, F|100/100
|turn|1
|inactive|stratdkt has 240 seconds left.
|
|t:|1779654313
|move|p1a: Iron Crown|Tachyon Cutter|p2a: Primarina
|-damage|p2a: Primarina|80/100
|-damage|p2a: Primarina|59/100
|-hitcount|p2a: Primarina|2
|move|p2a: Primarina|Flip Turn|p1a: Iron Crown
|-damage|p1a: Iron Crown|84/100
|inactive|Kasp u_u has 270 seconds left.
|
|t:|1779654348
|switch|p2a: Gholdengo|Gholdengo, shiny|100/100|[from] Flip Turn
|
|upkeep
|turn|2
|inactive|stratdkt has 240 seconds left.
|
|t:|1779654361
|-end|p1a: Iron Crown|Quark Drive|[silent]
|switch|p1a: Samurott|Samurott-Hisui, F|100/100
|move|p2a: Gholdengo|Nasty Plot|p2a: Gholdengo
|-boost|p2a: Gholdengo|spa|2
|
|upkeep
|turn|3
|inactive|stratdkt has 240 seconds left.
|inactive|Kasp u_u has 270 seconds left.
|
|t:|1779654380
|-terastallize|p2a: Gholdengo|Water
|move|p1a: Samurott|Sucker Punch|p2a: Gholdengo
|-damage|p2a: Gholdengo|69/100
|move|p2a: Gholdengo|Focus Blast|p1a: Samurott
|-supereffective|p1a: Samurott
|-damage|p1a: Samurott|0 fnt
|faint|p1a: Samurott
|
|upkeep
|
|t:|1779654405
|switch|p1a: Iron Crown|Iron Crown|84/100
|turn|4
|inactive|Kasp u_u has 270 seconds left.
|inactive|stratdkt has 210 seconds left.
|inactive|Kasp u_u has 240 seconds left.
|inactive|Kasp u_u has 210 seconds left.
|
|t:|1779654490
|move|p1a: Iron Crown|Volt Switch|p2a: Gholdengo
|-supereffective|p2a: Gholdengo
|-damage|p2a: Gholdengo|16/100
|inactive|stratdkt has 180 seconds left.
|
|t:|1779654511
|-end|p1a: Iron Crown|Quark Drive|[silent]
|switch|p1a: Slowking|Slowking-Galar, F|100/100|[from] Volt Switch
|move|p2a: Gholdengo|Shadow Ball|p1a: Slowking
|-supereffective|p1a: Slowking
|-damage|p1a: Slowking|6/100
|-unboost|p1a: Slowking|spd|1
|
|upkeep
|turn|5
|inactive|Kasp u_u has 210 seconds left.
|inactive|stratdkt has 150 seconds left.
|
|t:|1779654544
|move|p2a: Gholdengo|Recover|p2a: Gholdengo
|-heal|p2a: Gholdengo|67/100
|-prepare|p1a: Slowking|Chilly Reception|[premajor]
|move|p1a: Slowking|Chilly Reception|p1a: Slowking
|-weather|Snowscape
|inactive|stratdkt has 150 seconds left.
|
|t:|1779654556
|switch|p1a: Iron Crown|Iron Crown|84/100|[from] Chilly Reception
|
|-weather|Snowscape|[upkeep]
|upkeep
|turn|6
|inactive|stratdkt has 150 seconds left.
|inactive|Kasp u_u has 210 seconds left.
|
|t:|1779654571
|-terastallize|p1a: Iron Crown|Steel
|move|p1a: Iron Crown|Psychic Noise|p2a: Gholdengo
|-damage|p2a: Gholdengo|28/100
|-start|p2a: Gholdengo|move: Heal Block
|move|p2a: Gholdengo|Shadow Ball|p1a: Iron Crown
|-damage|p1a: Iron Crown|19/100
|
|-weather|Snowscape|[upkeep]
|upkeep
|turn|7
|inactive|stratdkt has 150 seconds left.
|inactive|Kasp u_u has 210 seconds left.
|
|t:|1779654599
|-end|p1a: Iron Crown|Quark Drive|[silent]
|switch|p1a: Landorus|Landorus-Therian, M|100/100
|-ability|p1a: Landorus|Intimidate|boost
|-unboost|p2a: Gholdengo|atk|1
|switch|p2a: Darkrai|Darkrai|100/100
|
|-weather|Snowscape|[upkeep]
|upkeep
|turn|8
|
|t:|1779654612
|switch|p2a: Landorus|Landorus-Therian, M|100/100
|-ability|p2a: Landorus|Intimidate|boost
|-unboost|p1a: Landorus|atk|1
|move|p1a: Landorus|U-turn|p2a: Landorus
|-resisted|p2a: Landorus
|-damage|p2a: Landorus|91/100
|-damage|p1a: Landorus|84/100|[from] item: Rocky Helmet|[of] p2a: Landorus
|
|t:|1779654627
|switch|p1a: Iron Crown|Iron Crown, tera:Steel|19/100|[from] U-turn
|
|-weather|Snowscape|[upkeep]
|upkeep
|turn|9
|
|t:|1779654639
|switch|p2a: Primarina|Primarina, F|59/100
|move|p1a: Iron Crown|Tachyon Cutter|p2a: Primarina
|-damage|p2a: Primarina|29/100
|-damage|p2a: Primarina|1/100
|-hitcount|p2a: Primarina|2
|
|-weather|none
|upkeep
|turn|10
|
|t:|1779654643
|move|p1a: Iron Crown|Tachyon Cutter|p2a: Primarina
|-damage|p2a: Primarina|0 fnt
|faint|p2a: Primarina
|-hitcount|p2: Primarina|1
|
|upkeep
|
|t:|1779654650
|switch|p2a: Darkrai|Darkrai|100/100
|turn|11
|inactive|stratdkt has 150 seconds left.
|
|t:|1779654670
|-end|p1a: Iron Crown|Quark Drive|[silent]
|switch|p1a: Cinderace|Cinderace, F|100/100
|move|p2a: Darkrai|Dark Pulse|p1a: Cinderace
|-damage|p1a: Cinderace|45/100
|
|upkeep
|turn|12
|inactive|stratdkt has 150 seconds left.
|
|t:|1779654700
|move|p2a: Darkrai|Dark Pulse|p1a: Cinderace
|-damage|p1a: Cinderace|0 fnt
|faint|p1a: Cinderace
|
|upkeep
|
|t:|1779654706
|switch|p1a: Landorus|Landorus-Therian, M|84/100
|-ability|p1a: Landorus|Intimidate|boost
|-unboost|p2a: Darkrai|atk|1
|turn|13
|
|t:|1779654726
|switch|p2a: Zamazenta|Zamazenta, shiny|100/100
|-ability|p2a: Zamazenta|Dauntless Shield|boost
|-boost|p2a: Zamazenta|def|1
|move|p1a: Landorus|U-turn|p2a: Zamazenta
|-resisted|p2a: Zamazenta
|-damage|p2a: Zamazenta|92/100
|
|t:|1779654735
|switch|p1a: Corviknight|Corviknight, F|100/100|[from] U-turn
|-ability|p1a: Corviknight|Pressure
|
|upkeep
|turn|14
|
|t:|1779654738
|move|p2a: Zamazenta|Close Combat|p1a: Corviknight
|-damage|p1a: Corviknight|53/100
|-unboost|p2a: Zamazenta|def|1
|-unboost|p2a: Zamazenta|spd|1
|-damage|p2a: Zamazenta|75/100|[from] item: Rocky Helmet|[of] p1a: Corviknight
|-damage|p2a: Zamazenta|65/100|[from] item: Life Orb
|move|p1a: Corviknight|Iron Defense|p1a: Corviknight
|-boost|p1a: Corviknight|def|2
|
|upkeep
|turn|15
|
|t:|1779654748
|switch|p2a: Gholdengo|Gholdengo, shiny, tera:Water|28/100
|move|p1a: Corviknight|Roost|p1a: Corviknight
|-heal|p1a: Corviknight|100/100
|-singleturn|p1a: Corviknight|move: Roost
|
|upkeep
|turn|16
|inactive|stratdkt has 150 seconds left.
|inactive|Kasp u_u has 240 seconds left.
|
|t:|1779654768
|move|p2a: Gholdengo|Recover|p2a: Gholdengo
|-heal|p2a: Gholdengo|78/100
|move|p1a: Corviknight|U-turn|p2a: Gholdengo
|-damage|p2a: Gholdengo|63/100
|
|t:|1779654777
|switch|p1a: Iron Crown|Iron Crown, tera:Steel|19/100|[from] U-turn
|
|upkeep
|turn|17
|inactive|stratdkt has 150 seconds left.
|inactive|Kasp u_u has 240 seconds left.
|
|t:|1779654794
|move|p1a: Iron Crown|Volt Switch|p2a: Gholdengo
|-supereffective|p2a: Gholdengo
|-damage|p2a: Gholdengo|15/100
|
|t:|1779654797
|-end|p1a: Iron Crown|Quark Drive|[silent]
|switch|p1a: Landorus|Landorus-Therian, M|84/100|[from] Volt Switch
|-ability|p1a: Landorus|Intimidate|boost
|-unboost|p2a: Gholdengo|atk|1
|move|p2a: Gholdengo|Recover|p2a: Gholdengo
|-heal|p2a: Gholdengo|65/100
|
|upkeep
|turn|18
|inactive|stratdkt has 150 seconds left.
|
|t:|1779654810
|move|p1a: Landorus|Earthquake|p2a: Gholdengo
|-damage|p2a: Gholdengo|11/100
|move|p2a: Gholdengo|Recover|p2a: Gholdengo
|-heal|p2a: Gholdengo|61/100
|
|upkeep
|turn|19
|inactive|stratdkt has 150 seconds left.
|
|t:|1779654821
|switch|p1a: Iron Crown|Iron Crown, tera:Steel|19/100
|switch|p2a: Rillaboom|Rillaboom, F|100/100
|-fieldstart|move: Grassy Terrain|[from] ability: Grassy Surge|[of] p2a: Rillaboom
|
|-heal|p1a: Iron Crown|25/100|[from] Grassy Terrain
|upkeep
|turn|20
|inactive|stratdkt has 150 seconds left.
|
|t:|1779654836
|-end|p1a: Iron Crown|Quark Drive|[silent]
|switch|p1a: Corviknight|Corviknight, F|100/100
|-ability|p1a: Corviknight|Pressure
|move|p2a: Rillaboom|Swords Dance|p2a: Rillaboom
|-boost|p2a: Rillaboom|atk|2
|
|upkeep
|turn|21
|inactive|stratdkt has 150 seconds left.
|
|t:|1779654870
|move|p2a: Rillaboom|Knock Off|p1a: Corviknight
|-damage|p1a: Corviknight|41/100
|-damage|p2a: Rillaboom|84/100|[from] item: Rocky Helmet|[of] p1a: Corviknight
|-enditem|p1a: Corviknight|Rocky Helmet|[from] move: Knock Off|[of] p2a: Rillaboom
|-damage|p2a: Rillaboom|74/100|[from] item: Life Orb
|move|p1a: Corviknight|Iron Defense|p1a: Corviknight
|-boost|p1a: Corviknight|def|2
|
|-heal|p2a: Rillaboom|80/100|[from] Grassy Terrain
|upkeep
|turn|22
|
|t:|1779654898
|switch|p2a: Gholdengo|Gholdengo, shiny, tera:Water|61/100
|-enditem|p2a: Gholdengo|Grassy Seed
|-boost|p2a: Gholdengo|def|1|[from] item: Grassy Seed
|move|p1a: Corviknight|U-turn|p2a: Gholdengo
|-damage|p2a: Gholdengo|51/100
|
|t:|1779654903
|switch|p1a: Iron Crown|Iron Crown, tera:Steel|25/100|[from] U-turn
|
|-heal|p1a: Iron Crown|31/100|[from] Grassy Terrain
|-heal|p2a: Gholdengo|57/100|[from] Grassy Terrain
|upkeep
|turn|23
|inactive|stratdkt has 120 seconds left.
|
|t:|1779654934
|move|p1a: Iron Crown|Volt Switch|p2a: Gholdengo
|-supereffective|p2a: Gholdengo
|-damage|p2a: Gholdengo|7/100
|
|t:|1779654942
|-end|p1a: Iron Crown|Quark Drive|[silent]
|switch|p1a: Landorus|Landorus-Therian, M|84/100|[from] Volt Switch
|-ability|p1a: Landorus|Intimidate|boost
|-unboost|p2a: Gholdengo|atk|1
|move|p2a: Gholdengo|Shadow Ball|p1a: Landorus
|-crit|p1a: Landorus
|-damage|p1a: Landorus|22/100
|
|-heal|p2a: Gholdengo|13/100|[from] Grassy Terrain
|-fieldend|move: Grassy Terrain
|upkeep
|turn|24
|
|t:|1779654964
|switch|p2a: Landorus|Landorus-Therian, M|91/100
|-ability|p2a: Landorus|Intimidate|boost
|-unboost|p1a: Landorus|atk|1
|move|p1a: Landorus|U-turn|p2a: Landorus
|-resisted|p2a: Landorus
|-damage|p2a: Landorus|82/100
|-damage|p1a: Landorus|5/100|[from] item: Rocky Helmet|[of] p2a: Landorus
|
|t:|1779654966
|switch|p1a: Iron Crown|Iron Crown, tera:Steel|31/100|[from] U-turn
|
|upkeep
|turn|25
|
|t:|1779654973
|switch|p2a: Gholdengo|Gholdengo, shiny, tera:Water|13/100
|move|p1a: Iron Crown|Tachyon Cutter|p2a: Gholdengo
|-resisted|p2a: Gholdengo
|-damage|p2a: Gholdengo|0 fnt
|faint|p2a: Gholdengo
|-hitcount|p2: Gholdengo|1
|
|upkeep
|
|t:|1779654993
|switch|p2a: Darkrai|Darkrai|100/100
|turn|26
|
|t:|1779655002
|-end|p1a: Iron Crown|Quark Drive|[silent]
|switch|p1a: Slowking|Slowking-Galar, F|39/100
|move|p2a: Darkrai|Dark Pulse|p1a: Slowking
|-supereffective|p1a: Slowking
|-damage|p1a: Slowking|0 fnt
|faint|p1a: Slowking
|
|upkeep
|
|t:|1779655004
|switch|p1a: Landorus|Landorus-Therian, M|5/100
|-ability|p1a: Landorus|Intimidate|boost
|-unboost|p2a: Darkrai|atk|1
|turn|27
|inactive|stratdkt has 120 seconds left.
|
|t:|1779655016
|switch|p1a: Iron Crown|Iron Crown, tera:Steel|31/100
|move|p2a: Darkrai|Dark Pulse|p1a: Iron Crown
|-damage|p1a: Iron Crown|0 fnt
|faint|p1a: Iron Crown
|-end|p1a: Iron Crown|Quark Drive|[silent]
|
|upkeep
|inactive|stratdkt has 120 seconds left.
|
|t:|1779655022
|switch|p1a: Landorus|Landorus-Therian, M|5/100
|-ability|p1a: Landorus|Intimidate|boost
|-unboost|p2a: Darkrai|atk|1
|turn|28
|
|t:|1779655030
|switch|p2a: Landorus|Landorus-Therian, M|82/100
|-ability|p2a: Landorus|Intimidate|boost
|-unboost|p1a: Landorus|atk|1
|move|p1a: Landorus|Earthquake|p2a: Landorus
|-immune|p2a: Landorus
|
|upkeep
|turn|29
|
|t:|1779655038
|move|p1a: Landorus|Earthquake|p2a: Landorus
|-immune|p2a: Landorus
|move|p2a: Landorus|U-turn|p1a: Landorus
|-resisted|p1a: Landorus
|-damage|p1a: Landorus|0 fnt
|faint|p1a: Landorus
|
|t:|1779655040
|switch|p2a: Darkrai|Darkrai|100/100|[from] U-turn
|
|upkeep
|
|t:|1779655043
|switch|p1a: Corviknight|Corviknight, F|41/100
|-ability|p1a: Corviknight|Pressure
|turn|30
|
|t:|1779655045
|move|p2a: Darkrai|Taunt|p1a: Corviknight
|-start|p1a: Corviknight|move: Taunt
|move|p1a: Corviknight|U-turn|p2a: Darkrai
|-supereffective|p2a: Darkrai
|-damage|p2a: Darkrai|61/100
|
|upkeep
|turn|31
|
|t:|1779655047
|move|p2a: Darkrai|Dark Pulse|p1a: Corviknight
|-damage|p1a: Corviknight|0 fnt
|faint|p1a: Corviknight
|
|win|Kasp u_u
|c|☆Kasp u_u|gg
|player|p2|
|player|p1|
