|j|☆rblt ryo
|j|☆Nuii09
|t:|1779568476
|gametype|singles
|player|p1|rblt ryo|grimsley-gen7|1597
|player|p2|Nuii09|baker|1653
|gen|9
|tier|[Gen 9] OU
|rated|
|rule|HP Percentage Mod: HP is shown in percentages
|rule|Endless Battle Clause: Forcing endless battles is banned
|rule|Species Clause: Limit one of each Pokémon
|rule|OHKO Clause: OHKO moves are banned
|rule|Evasion Items Clause: Evasion items are banned
|rule|Evasion Moves Clause: Evasion moves are banned
|rule|Evasion Abilities Clause: Evasion abilities are banned
|rule|Sleep Moves Clause: Sleep-inducing moves are banned
|clearpoke
|poke|p1|Metagross|
|poke|p1|Keldeo-Resolute|
|poke|p1|Ting-Lu|
|poke|p1|Pecharunt|
|poke|p1|Dragapult, M|
|poke|p1|Zapdos|
|poke|p2|Hydrapple, F|
|poke|p2|Darkrai|
|poke|p2|Cinderace, F|
|poke|p2|Clodsire, F|
|poke|p2|Corviknight, F|
|poke|p2|Alomomola, F|
|teampreview
|inactive|Battle timer is ON: inactive players will automatically lose when time's up. (requested by Nuii09)
|
|t:|1779568551
|teamsize|p1|6
|teamsize|p2|6
|start
|switch|p1a: Dragapult|Dragapult, M|100/100
|switch|p2a: Alomomola|Alomomola, F|100/100
|turn|1
|
|t:|1779568563
|move|p1a: Dragapult|Will-O-Wisp|p2a: Alomomola
|-status|p2a: Alomomola|brn
|move|p2a: Alomomola|Flip Turn|p1a: Dragapult
|-resisted|p1a: Dragapult
|-damage|p1a: Dragapult|95/100
|
|t:|1779568575
|switch|p2a: Clodsire|Clodsire, F, shiny|100/100|[from] Flip Turn
|
|upkeep
|turn|2
|
|t:|1779568589
|switch|p1a: Pecharunt|Pecharunt|100/100
|move|p2a: Clodsire|Toxic|p1a: Pecharunt
|-immune|p1a: Pecharunt
|
|upkeep
|turn|3
|
|t:|1779568594
|move|p2a: Clodsire|Protect|p2a: Clodsire
|-singleturn|p2a: Clodsire|Protect
|move|p1a: Pecharunt|Parting Shot|p2a: Clodsire
|-activate|p2a: Clodsire|move: Protect
|
|upkeep
|turn|4
|
|t:|1779568601
|move|p1a: Pecharunt|Foul Play|p2a: Clodsire
|-damage|p2a: Clodsire|90/100
|move|p2a: Clodsire|Toxic|p1a: Pecharunt
|-immune|p1a: Pecharunt
|
|-heal|p2a: Clodsire|96/100|[from] item: Leftovers
|upkeep
|turn|5
|
|t:|1779568617
|switch|p1a: Metagross|Metagross, shiny|100/100
|switch|p2a: Corviknight|Corviknight, F|100/100
|-ability|p2a: Corviknight|Pressure
|
|upkeep
|turn|6
|
|t:|1779568622
|switch|p1a: Zapdos|Zapdos|100/100
|move|p2a: Corviknight|U-turn|p1a: Zapdos
|-resisted|p1a: Zapdos
|-damage|p1a: Zapdos|92/100
|-status|p2a: Corviknight|par|[from] ability: Static|[of] p1a: Zapdos
|
|t:|1779568629
|switch|p2a: Alomomola|Alomomola, F|100/100 brn|[from] U-turn
|
|-damage|p2a: Alomomola|94/100 brn|[from] brn
|upkeep
|turn|7
|
|t:|1779568633
|move|p1a: Zapdos|Volt Switch|p2a: Alomomola
|-supereffective|p2a: Alomomola
|-damage|p2a: Alomomola|59/100 brn
|
|t:|1779568636
|switch|p1a: Ting-Lu|Ting-Lu|100/100|[from] Volt Switch
|-ability|p1a: Ting-Lu|Vessel of Ruin
|move|p2a: Alomomola|Flip Turn|p1a: Ting-Lu
|-supereffective|p1a: Ting-Lu
|-damage|p1a: Ting-Lu|92/100
|
|t:|1779568638
|switch|p2a: Hydrapple|Hydrapple, F|100/100|[from] Flip Turn
|
|-heal|p1a: Ting-Lu|98/100|[from] item: Leftovers
|upkeep
|turn|8
|
|t:|1779568647
|move|p2a: Hydrapple|Fickle Beam|p1a: Ting-Lu
|-damage|p1a: Ting-Lu|73/100
|-damage|p2a: Hydrapple|91/100|[from] item: Life Orb
|move|p1a: Ting-Lu|Whirlwind|p2a: Hydrapple
|drag|p2a: Cinderace|Cinderace, F|100/100
|
|-heal|p1a: Ting-Lu|80/100|[from] item: Leftovers
|upkeep
|turn|9
|
|t:|1779568668
|switch|p2a: Hydrapple|Hydrapple, F|100/100
|move|p1a: Ting-Lu|Earthquake|p2a: Hydrapple
|-resisted|p2a: Hydrapple
|-damage|p2a: Hydrapple|87/100
|
|-heal|p1a: Ting-Lu|86/100|[from] item: Leftovers
|upkeep
|turn|10
|
|t:|1779568676
|switch|p1a: Zapdos|Zapdos|92/100
|move|p2a: Hydrapple|Leaf Storm|p1a: Zapdos
|-resisted|p1a: Zapdos
|-damage|p1a: Zapdos|38/100
|-unboost|p2a: Hydrapple|spa|2
|-damage|p2a: Hydrapple|77/100|[from] item: Life Orb
|
|upkeep
|turn|11
|
|t:|1779568685
|switch|p2a: Alomomola|Alomomola, F|93/100 brn
|move|p1a: Zapdos|Roost|p1a: Zapdos
|-heal|p1a: Zapdos|88/100
|-singleturn|p1a: Zapdos|move: Roost
|
|-damage|p2a: Alomomola|86/100 brn|[from] brn
|upkeep
|turn|12
|
|t:|1779568693
|move|p1a: Zapdos|Volt Switch|p2a: Alomomola
|-supereffective|p2a: Alomomola
|-damage|p2a: Alomomola|53/100 brn
|
|t:|1779568695
|switch|p1a: Ting-Lu|Ting-Lu|86/100|[from] Volt Switch
|-ability|p1a: Ting-Lu|Vessel of Ruin
|move|p2a: Alomomola|Flip Turn|p1a: Ting-Lu
|-supereffective|p1a: Ting-Lu
|-damage|p1a: Ting-Lu|77/100
|
|t:|1779568699
|switch|p2a: Hydrapple|Hydrapple, F|100/100|[from] Flip Turn
|
|-heal|p1a: Ting-Lu|83/100|[from] item: Leftovers
|upkeep
|turn|13
|
|t:|1779568714
|move|p2a: Hydrapple|Fickle Beam|p1a: Ting-Lu
|-damage|p1a: Ting-Lu|60/100
|-damage|p2a: Hydrapple|91/100|[from] item: Life Orb
|move|p1a: Ting-Lu|Stealth Rock|p2a: Hydrapple
|-sidestart|p2: Nuii09|move: Stealth Rock
|
|-heal|p1a: Ting-Lu|66/100|[from] item: Leftovers
|upkeep
|turn|14
|
|t:|1779568719
|switch|p1a: Metagross|Metagross, shiny|100/100
|move|p2a: Hydrapple|Fickle Beam|p1a: Metagross
|-resisted|p1a: Metagross
|-damage|p1a: Metagross|81/100
|-damage|p2a: Hydrapple|81/100|[from] item: Life Orb
|
|upkeep
|turn|15
|
|t:|1779568726
|switch|p2a: Corviknight|Corviknight, F|100/100 par
|-damage|p2a: Corviknight|88/100 par|[from] Stealth Rock
|-ability|p2a: Corviknight|Pressure
|move|p1a: Metagross|Knock Off|p2a: Corviknight
|-damage|p2a: Corviknight|66/100 par
|-damage|p1a: Metagross|65/100|[from] item: Rocky Helmet|[of] p2a: Corviknight
|-enditem|p2a: Corviknight|Rocky Helmet|[from] move: Knock Off|[of] p1a: Metagross
|
|upkeep
|turn|16
|
|t:|1779568743
|switch|p1a: Dragapult|Dragapult, M|95/100
|move|p2a: Corviknight|Roost|p2a: Corviknight
|-heal|p2a: Corviknight|100/100 par
|-singleturn|p2a: Corviknight|move: Roost
|
|upkeep
|turn|17
|
|t:|1779568752
|switch|p2a: Darkrai|Darkrai, shiny|100/100
|move|p1a: Dragapult|Shadow Ball|p2a: Darkrai
|-resisted|p2a: Darkrai
|-damage|p2a: Darkrai|74/100
|
|upkeep
|turn|18
|
|t:|1779568770
|-terastallize|p1a: Dragapult|Fairy
|move|p1a: Dragapult|Shadow Ball|p2a: Darkrai
|-resisted|p2a: Darkrai
|-damage|p2a: Darkrai|50/100
|move|p2a: Darkrai|Dark Pulse|p1a: Dragapult
|-resisted|p1a: Dragapult
|-damage|p1a: Dragapult|67/100
|
|upkeep
|turn|19
|j| SkenZo
|
|t:|1779568777
|switch|p2a: Alomomola|Alomomola, F|86/100 brn
|-damage|p2a: Alomomola|73/100 brn|[from] Stealth Rock
|move|p1a: Dragapult|Shadow Ball|p2a: Alomomola
|-damage|p2a: Alomomola|53/100 brn
|
|-damage|p2a: Alomomola|47/100 brn|[from] brn
|upkeep
|turn|20
|
|t:|1779568788
|switch|p1a: Zapdos|Zapdos|88/100
|move|p2a: Alomomola|Mirror Coat||[still]
|-fail|p2a: Alomomola
|
|-damage|p2a: Alomomola|40/100 brn|[from] brn
|upkeep
|turn|21
|
|t:|1779568800
|switch|p2a: Clodsire|Clodsire, F, shiny|96/100
|-damage|p2a: Clodsire|90/100|[from] Stealth Rock
|move|p1a: Zapdos|Hurricane|p2a: Clodsire|[miss]
|-miss|p1a: Zapdos|p2a: Clodsire
|
|-heal|p2a: Clodsire|96/100|[from] item: Leftovers
|upkeep
|turn|22
|
|t:|1779568809
|switch|p1a: Pecharunt|Pecharunt|100/100
|move|p2a: Clodsire|Protect||[still]
|-fail|p2a: Clodsire
|
|-heal|p2a: Clodsire|100/100|[from] item: Leftovers
|upkeep
|turn|23
|
|t:|1779568815
|switch|p2a: Corviknight|Corviknight, F|100/100 par
|-damage|p2a: Corviknight|88/100 par|[from] Stealth Rock
|-ability|p2a: Corviknight|Pressure
|move|p1a: Pecharunt|Parting Shot|p2a: Corviknight
|-unboost|p2a: Corviknight|atk|1
|-unboost|p2a: Corviknight|spa|1
|
|t:|1779568819
|switch|p1a: Dragapult|Dragapult, M, tera:Fairy|67/100|[from] Parting Shot
|
|upkeep
|turn|24
|
|t:|1779568826
|move|p1a: Dragapult|Shadow Ball|p2a: Corviknight
|-damage|p2a: Corviknight|54/100 par
|move|p2a: Corviknight|U-turn|p1a: Dragapult
|-resisted|p1a: Dragapult
|-damage|p1a: Dragapult|61/100
|
|t:|1779568841
|switch|p2a: Darkrai|Darkrai, shiny|50/100|[from] U-turn
|
|upkeep
|turn|25
|
|t:|1779568848
|switch|p1a: Keldeo|Keldeo-Resolute, shiny|100/100
|move|p2a: Darkrai|Sludge Bomb|p1a: Keldeo
|-damage|p1a: Keldeo|66/100
|
|upkeep
|turn|26
|
|t:|1779568857
|switch|p2a: Alomomola|Alomomola, F|74/100 brn
|-damage|p2a: Alomomola|61/100 brn|[from] Stealth Rock
|switch|p1a: Metagross|Metagross, shiny|65/100
|
|-damage|p2a: Alomomola|55/100 brn|[from] brn
|upkeep
|turn|27
|
|t:|1779568882
|switch|p2a: Corviknight|Corviknight, F|54/100 par
|-damage|p2a: Corviknight|42/100 par|[from] Stealth Rock
|-ability|p2a: Corviknight|Pressure
|move|p1a: Metagross|Brick Break|p2a: Corviknight
|-damage|p2a: Corviknight|22/100 par
|
|upkeep
|turn|28
|
|t:|1779568892
|move|p1a: Metagross|Brick Break|p2a: Corviknight
|-damage|p2a: Corviknight|4/100 par
|move|p2a: Corviknight|Roost|p2a: Corviknight
|-heal|p2a: Corviknight|54/100 par
|-singleturn|p2a: Corviknight|move: Roost
|
|upkeep
|turn|29
|
|t:|1779568898
|move|p1a: Metagross|Brick Break|p2a: Corviknight
|-damage|p2a: Corviknight|35/100 par
|cant|p2a: Corviknight|par
|
|upkeep
|turn|30
|
|t:|1779568903
|move|p1a: Metagross|Brick Break|p2a: Corviknight
|-damage|p2a: Corviknight|16/100 par
|move|p2a: Corviknight|Roost|p2a: Corviknight
|-heal|p2a: Corviknight|66/100 par
|-singleturn|p2a: Corviknight|move: Roost
|
|upkeep
|turn|31
|
|t:|1779568907
|switch|p1a: Zapdos|Zapdos|88/100
|move|p2a: Corviknight|Defog|p1a: Zapdos
|-unboost|p1a: Zapdos|evasion|1
|-sideend|p2: Nuii09|Stealth Rock|[from] move: Defog|[of] p2a: Corviknight
|
|upkeep
|turn|32
|
|t:|1779568913
|switch|p1a: Metagross|Metagross, shiny|65/100
|switch|p2a: Clodsire|Clodsire, F, shiny|100/100
|
|upkeep
|turn|33
|
|t:|1779568919
|move|p1a: Metagross|Psychic Fangs|p2a: Clodsire
|-supereffective|p2a: Clodsire
|-damage|p2a: Clodsire|21/100
|move|p2a: Clodsire|Counter|p1a: Metagross
|-damage|p1a: Metagross|0 fnt
|faint|p1a: Metagross
|
|-heal|p2a: Clodsire|27/100|[from] item: Leftovers
|upkeep
|-message|rblt ryo forfeited.
|
|win|Nuii09
|raw|rblt ryo's rating: 1597 &rarr; <strong>1580</strong><br />(-17 for losing)
|raw|Nuii09's rating: 1653 &rarr; <strong>1670</strong><br />(+17 for winning)
|l|☆Nuii09
|player|p2|
|l| SkenZo
