|j|☆cgvbhjnkm
|j|☆SparkyBoomBoomBoiY
|t:|1779584137
|gametype|singles
|player|p1|cgvbhjnkm|2|1000
|player|p2|SparkyBoomBoomBoiY|marlon|1048
|gen|9
|tier|[Gen 9] OU
|rated|
|rule|HP Percentage Mod: HP is shown in percentages
|rule|Endless Battle Clause: Forcing endless battles is banned
|rule|Species Clause: Limit one of each Pokémon
|rule|OHKO Clause: OHKO moves are banned
|rule|Evasion Items Clause: Evasion items are banned
|rule|Evasion Moves Clause: Evasion moves are banned
|rule|Evasion Abilities Clause: Evasion abilities are banned
|rule|Sleep Moves Clause: Sleep-inducing moves are banned
|clearpoke
|poke|p1|Maushold-Four|
|poke|p1|Zoroark-Hisui, F|
|poke|p1|Meloetta|
|poke|p1|Blissey, F|
|poke|p1|Tauros, M|
|poke|p1|Grafaiai, M|
|poke|p2|Tornadus-Therian, M|
|poke|p2|Tsareena, F|
|poke|p2|Cramorant, M|
|poke|p2|Cryogonal|
|poke|p2|Grafaiai, F|
|poke|p2|Dragapult, F|
|teampreview
|c|☆SparkyBoomBoomBoiY|Oohh goody original team
|c|☆SparkyBoomBoomBoiY|Have fun friend
|
|t:|1779584165
|teamsize|p1|6
|teamsize|p2|6
|start
|switch|p1a: Grafaiai|Grafaiai, M|100/100
|switch|p2a: Grafaiai|Grafaiai, F|100/100
|turn|1
|
|t:|1779584175
|move|p2a: Grafaiai|Taunt|p1a: Grafaiai
|-start|p1a: Grafaiai|move: Taunt
|cant|p1a: Grafaiai|move: Taunt|Substitute
|
|upkeep
|turn|2
|c|☆SparkyBoomBoomBoiY|Lol
|
|t:|1779584189
|switch|p1a: Maushold|Maushold-Four|100/100
|switch|p2a: Guzzler|Cramorant, M|100/100
|
|upkeep
|turn|3
|
|t:|1779584202
|move|p1a: Maushold|Nasty Plot|p1a: Maushold
|-boost|p1a: Maushold|spa|2
|move|p2a: Guzzler|Stockpile|p2a: Guzzler
|-start|p2a: Guzzler|stockpile1
|-boost|p2a: Guzzler|def|1
|-boost|p2a: Guzzler|spd|1
|
|upkeep
|turn|4
|
|t:|1779584217
|move|p1a: Maushold|Hyper Voice|p2a: Guzzler
|-damage|p2a: Guzzler|26/100
|move|p2a: Guzzler|Surf|p1a: Maushold
|-formechange|p2a: Guzzler|Cramorant-Gorging|
|-damage|p1a: Maushold|48/100
|replace|p1a: Zoroark|Zoroark-Hisui, F
|-end|p1a: Zoroark|Illusion
|
|-heal|p1a: Zoroark|54/100|[from] item: Leftovers
|-heal|p2a: Guzzler|33/100|[from] item: Leftovers
|upkeep
|turn|5
|
|t:|1779584228
|move|p1a: Zoroark|Hyper Voice|p2a: Guzzler
|-damage|p2a: Guzzler|0 fnt
|-damage|p1a: Zoroark|29/100|[from] ability: Gulp Missile|[of] p2a: Guzzler
|-status|p1a: Zoroark|par
|-formechange|p2a: Guzzler|Cramorant|
|faint|p2a: Guzzler
|
|-heal|p1a: Zoroark|35/100 par|[from] item: Leftovers
|upkeep
|c|☆SparkyBoomBoomBoiY|I was wondering why moushold had nasty plot
|
|t:|1779584270
|switch|p2a: In-the-back|Tornadus-Therian, M|100/100
|turn|6
|
|t:|1779584279
|move|p2a: In-the-back|Dark Pulse|p1a: Zoroark
|-supereffective|p1a: Zoroark
|-damage|p1a: Zoroark|0 fnt
|faint|p1a: Zoroark
|-damage|p2a: In-the-back|90/100|[from] item: Life Orb
|
|upkeep
|
|t:|1779584302
|switch|p1a: Blissey|Blissey, F|100/100
|turn|7
|
|t:|1779584312
|switch|p2a: Grafaiai|Grafaiai, F|100/100
|move|p1a: Blissey|Thunder Wave|p2a: Grafaiai
|-status|p2a: Grafaiai|par
|
|upkeep
|turn|8
|
|t:|1779584320
|cant|p2a: Grafaiai|par
|move|p1a: Blissey|Seismic Toss|p2a: Grafaiai
|-damage|p2a: Grafaiai|70/100 par
|
|-heal|p2a: Grafaiai|76/100 par|[from] item: Black Sludge
|upkeep
|turn|9
|
|t:|1779584334
|move|p2a: Grafaiai|Taunt|p1a: Blissey
|-start|p1a: Blissey|move: Taunt
|move|p1a: Blissey|Seismic Toss|p2a: Grafaiai
|-damage|p2a: Grafaiai|46/100 par
|
|-heal|p2a: Grafaiai|52/100 par|[from] item: Black Sludge
|upkeep
|turn|10
|
|t:|1779584346
|switch|p1a: Grafaiai|Grafaiai, M|100/100
|-terastallize|p2a: Grafaiai|Flying
|cant|p2a: Grafaiai|par
|
|-damage|p2a: Grafaiai|40/100 par|[from] item: Black Sludge
|upkeep
|turn|11
|
|t:|1779584357
|move|p1a: Grafaiai|Substitute|p1a: Grafaiai
|-start|p1a: Grafaiai|Substitute
|-damage|p1a: Grafaiai|76/100
|move|p2a: Grafaiai|Taunt|p1a: Grafaiai
|-start|p1a: Grafaiai|move: Taunt
|
|-heal|p1a: Grafaiai|82/100|[from] item: Leftovers
|-damage|p2a: Grafaiai|27/100 par|[from] item: Black Sludge
|upkeep
|turn|12
|
|t:|1779584388
|switch|p2a: Dragapult|Dragapult, F|100/100
|-activate|p1a: Grafaiai|move: Struggle
|move|p1a: Grafaiai|Struggle|p2a: Dragapult
|-damage|p2a: Dragapult|86/100
|-damage|p1a: Grafaiai|57/100|[from] recoil
|
|-heal|p2a: Dragapult|92/100|[from] item: Leftovers
|-heal|p1a: Grafaiai|63/100|[from] item: Leftovers
|upkeep
|turn|13
|
|t:|1779584401
|move|p2a: Dragapult|Psychic Fangs|p1a: Grafaiai
|-supereffective|p1a: Grafaiai
|-end|p1a: Grafaiai|Substitute
|-activate|p1a: Grafaiai|move: Struggle
|move|p1a: Grafaiai|Struggle|p2a: Dragapult
|-damage|p2a: Dragapult|78/100
|-damage|p1a: Grafaiai|37/100|[from] recoil
|
|-heal|p2a: Dragapult|84/100|[from] item: Leftovers
|-heal|p1a: Grafaiai|44/100|[from] item: Leftovers
|upkeep
|turn|14
|
|t:|1779584417
|switch|p1a: Blissey|Blissey, F|100/100
|move|p2a: Dragapult|Psychic Fangs|p1a: Blissey
|-damage|p1a: Blissey|78/100
|
|-heal|p2a: Dragapult|90/100|[from] item: Leftovers
|-heal|p1a: Blissey|84/100|[from] item: Leftovers
|upkeep
|turn|15
|
|t:|1779584428
|switch|p2a: Grafaiai|Grafaiai, F, tera:Flying|27/100 par
|move|p1a: Blissey|Substitute|p1a: Blissey
|-start|p1a: Blissey|Substitute
|-damage|p1a: Blissey|59/100
|
|-heal|p1a: Blissey|65/100|[from] item: Leftovers
|-damage|p2a: Grafaiai|15/100 par|[from] item: Black Sludge
|upkeep
|turn|16
|c|☆SparkyBoomBoomBoiY|Oh yeah black sludge
|c|☆SparkyBoomBoomBoiY|Im do dumb
|
|t:|1779584465
|switch|p2a: Tsareena|Tsareena, F|100/100
|move|p1a: Blissey|Thunder Wave|p2a: Tsareena
|-status|p2a: Tsareena|par
|
|-heal|p1a: Blissey|71/100|[from] item: Leftovers
|upkeep
|turn|17
|
|t:|1779584481
|move|p2a: Tsareena|High Jump Kick|p1a: Blissey
|-supereffective|p1a: Blissey
|-end|p1a: Blissey|Substitute
|move|p1a: Blissey|Seismic Toss|p2a: Tsareena
|-damage|p2a: Tsareena|66/100 par
|
|-heal|p1a: Blissey|77/100|[from] item: Leftovers
|upkeep
|turn|18
|
|t:|1779584490
|move|p2a: Tsareena|High Jump Kick|p1a: Blissey
|-supereffective|p1a: Blissey
|-damage|p1a: Blissey|0 fnt
|faint|p1a: Blissey
|
|upkeep
|
|t:|1779584503
|switch|p1a: Meloetta|Meloetta|100/100
|turn|19
|
|t:|1779584517
|switch|p2a: Cryogonal|Cryogonal, shiny|100/100
|move|p1a: Meloetta|Echoed Voice|p2a: Cryogonal
|-damage|p2a: Cryogonal|78/100
|
|upkeep
|turn|20
|
|t:|1779584531
|move|p2a: Cryogonal|Freeze-Dry|p1a: Meloetta
|-damage|p1a: Meloetta|85/100
|-status|p1a: Meloetta|frz
|cant|p1a: Meloetta|frz
|
|upkeep
|turn|21
|c|☆SparkyBoomBoomBoiY|What is this luck?
|
|t:|1779584548
|switch|p2a: In-the-back|Tornadus-Therian, M|100/100
|cant|p1a: Meloetta|frz
|
|upkeep
|turn|22
|
|t:|1779584554
|move|p2a: In-the-back|Dark Pulse|p1a: Meloetta
|-supereffective|p1a: Meloetta
|-damage|p1a: Meloetta|49/100 frz
|-damage|p2a: In-the-back|90/100|[from] item: Life Orb
|cant|p1a: Meloetta|frz
|
|upkeep
|turn|23
|
|t:|1779584564
|move|p2a: In-the-back|Dark Pulse|p1a: Meloetta
|-supereffective|p1a: Meloetta
|-damage|p1a: Meloetta|10/100 frz
|-damage|p2a: In-the-back|80/100|[from] item: Life Orb
|cant|p1a: Meloetta|frz
|
|upkeep
|turn|24
|
|t:|1779584571
|move|p2a: In-the-back|Dark Pulse|p1a: Meloetta
|-supereffective|p1a: Meloetta
|-damage|p1a: Meloetta|0 fnt
|faint|p1a: Meloetta
|-damage|p2a: In-the-back|70/100|[from] item: Life Orb
|
|upkeep
|
|t:|1779584581
|switch|p1a: Grafaiai|Grafaiai, M|44/100
|turn|25
|
|t:|1779584595
|move|p1a: Grafaiai|Parting Shot|p2a: In-the-back
|-unboost|p2a: In-the-back|atk|1
|-unboost|p2a: In-the-back|spa|1
|
|t:|1779584599
|switch|p1a: Tauros|Tauros, M|100/100|[from] Parting Shot
|move|p2a: In-the-back|Dark Pulse|p1a: Tauros
|-damage|p1a: Tauros|63/100
|-damage|p2a: In-the-back|60/100|[from] item: Life Orb
|
|upkeep
|turn|26
|
|t:|1779584623
|switch|p2a: Tsareena|Tsareena, F|66/100 par
|move|p1a: Tauros|Double-Edge|p2a: Tsareena
|-damage|p2a: Tsareena|0 fnt
|faint|p2a: Tsareena
|-damage|p1a: Tauros|42/100|[from] Recoil
|
|upkeep
|
|t:|1779584632
|switch|p2a: Grafaiai|Grafaiai, F, tera:Flying|15/100 par
|turn|27
|
|t:|1779584636
|cant|p2a: Grafaiai|par
|move|p1a: Tauros|Double-Edge|p2a: Grafaiai
|-damage|p2a: Grafaiai|0 fnt
|faint|p2a: Grafaiai
|-damage|p1a: Tauros|36/100|[from] Recoil
|
|upkeep
|
|t:|1779584649
|switch|p2a: Dragapult|Dragapult, F|90/100
|turn|28
|
|t:|1779584662
|move|p2a: Dragapult|Dragon Darts|p1a: Tauros
|-damage|p1a: Tauros|8/100
|-anim|p2a: Dragapult|Dragon Darts|p1a: Tauros
|-crit|p1a: Tauros
|-damage|p1a: Tauros|0 fnt
|faint|p1a: Tauros
|
|-heal|p2a: Dragapult|96/100|[from] item: Leftovers
|upkeep
|
|t:|1779584682
|switch|p1a: Maushold|Maushold-Four|100/100
|turn|29
|
|t:|1779584694
|move|p2a: Dragapult|Dragon Darts|p1a: Maushold
|-damage|p1a: Maushold|59/100
|-anim|p2a: Dragapult|Dragon Darts|p1a: Maushold
|-damage|p1a: Maushold|19/100
|move|p1a: Maushold|Bite|p2a: Dragapult
|-supereffective|p2a: Dragapult
|-damage|p2a: Dragapult|35/100
|-start|p1a: Maushold|Disable|Bite|[from] ability: Cursed Body|[of] p2a: Dragapult
|
|-heal|p2a: Dragapult|41/100|[from] item: Leftovers
|upkeep
|turn|30
|
|t:|1779584715
|switch|p1a: Grafaiai|Grafaiai, M|44/100
|move|p2a: Dragapult|Dragon Darts|p1a: Grafaiai
|-damage|p1a: Grafaiai|16/100
|-anim|p2a: Dragapult|Dragon Darts|p1a: Grafaiai
|-damage|p1a: Grafaiai|0 fnt
|faint|p1a: Grafaiai
|
|-heal|p2a: Dragapult|47/100|[from] item: Leftovers
|upkeep
|
|t:|1779584724
|switch|p1a: Maushold|Maushold-Four|19/100
|turn|31
|
|t:|1779584729
|move|p2a: Dragapult|Sucker Punch|p1a: Maushold
|-damage|p1a: Maushold|0 fnt
|faint|p1a: Maushold
|
|win|SparkyBoomBoomBoiY
|raw|cgvbhjnkm's rating: 1000 &rarr; <strong>1000</strong><br />(+0 for losing)
|raw|SparkyBoomBoomBoiY's rating: 1048 &rarr; <strong>1076</strong><br />(+28 for winning)
|l|☆cgvbhjnkm
|player|p1|
|c|☆SparkyBoomBoomBoiY|Gg
