|j|☆rasb
|j|☆prince_georgi
|t:|1779677365
|gametype|singles
|player|p1|rasb|101|1383
|player|p2|prince_georgi|unknownf|1427
|gen|9
|tier|[Gen 9] OU
|rated|
|rule|HP Percentage Mod: HP is shown in percentages
|rule|Endless Battle Clause: Forcing endless battles is banned
|rule|Species Clause: Limit one of each Pokémon
|rule|OHKO Clause: OHKO moves are banned
|rule|Evasion Items Clause: Evasion items are banned
|rule|Evasion Moves Clause: Evasion moves are banned
|rule|Evasion Abilities Clause: Evasion abilities are banned
|rule|Sleep Moves Clause: Sleep-inducing moves are banned
|clearpoke
|poke|p1|Ceruledge, M|
|poke|p1|Raging Bolt|
|poke|p1|Ogerpon-Wellspring, F|
|poke|p1|Darkrai|
|poke|p1|Great Tusk|
|poke|p1|Gholdengo|
|poke|p2|Gholdengo|
|poke|p2|Zamazenta-*|
|poke|p2|Ting-Lu|
|poke|p2|Clefable, F|
|poke|p2|Dragonite, M|
|poke|p2|Deoxys-Speed|
|teampreview
|inactive|Battle timer is ON: inactive players will automatically lose when time's up. (requested by rasb)
|
|t:|1779677377
|teamsize|p1|6
|teamsize|p2|6
|start
|switch|p1a: Great Tusk|Great Tusk|100/100
|switch|p2a: Clefable|Clefable, F|100/100
|turn|1
|
|t:|1779677385
|-end|p1a: Great Tusk|Protosynthesis|[silent]
|switch|p1a: Gholdengo|Gholdengo|100/100
|-item|p1a: Gholdengo|Air Balloon
|move|p2a: Clefable|Moonblast|p1a: Gholdengo
|-resisted|p1a: Gholdengo
|-crit|p1a: Gholdengo
|-damage|p1a: Gholdengo|78/100
|-unboost|p1a: Gholdengo|spa|1
|-enditem|p1a: Gholdengo|Air Balloon
|
|upkeep
|turn|2
|
|t:|1779677398
|switch|p1a: Ogerpon|Ogerpon-Wellspring, F|100/100
|switch|p2a: Ting-Lu|Ting-Lu|100/100
|-ability|p2a: Ting-Lu|Vessel of Ruin
|
|upkeep
|turn|3
|inactive|prince_georgi has 120 seconds left.
|inactive|prince_georgi has 90 seconds left.
|inactive|prince_georgi has 60 seconds left.
|inactive|prince_georgi has 30 seconds left.
|
|t:|1779677528
|switch|p2a: Zamazenta|Zamazenta|100/100
|-ability|p2a: Zamazenta|Dauntless Shield|boost
|-boost|p2a: Zamazenta|def|1
|move|p1a: Ogerpon|Swords Dance|p1a: Ogerpon
|-boost|p1a: Ogerpon|atk|2
|
|upkeep
|turn|4
|inactive|rasb has 120 seconds left.
|inactive|rasb has 90 seconds left.
|inactive|rasb has 60 seconds left.
|inactive|rasb has 30 seconds left.
|
|t:|1779677651
|switch|p1a: Gholdengo|Gholdengo|78/100
|move|p2a: Zamazenta|Close Combat|p1a: Gholdengo
|-immune|p1a: Gholdengo
|
|upkeep
|turn|5
|
|t:|1779677661
|switch|p1a: Ogerpon|Ogerpon-Wellspring, F|100/100
|move|p2a: Zamazenta|Crunch|p1a: Ogerpon
|-damage|p1a: Ogerpon|63/100
|
|upkeep
|turn|6
|
|t:|1779677670
|move|p2a: Zamazenta|Crunch|p1a: Ogerpon
|-damage|p1a: Ogerpon|25/100
|move|p1a: Ogerpon|Play Rough|p2a: Zamazenta
|-supereffective|p2a: Zamazenta
|-damage|p2a: Zamazenta|62/100
|-unboost|p2a: Zamazenta|atk|1
|
|upkeep
|turn|7
|
|t:|1779677675
|switch|p1a: Ceruledge|Ceruledge, M|100/100
|move|p2a: Zamazenta|Crunch|p1a: Ceruledge
|-supereffective|p1a: Ceruledge
|-damage|p1a: Ceruledge|52/100
|-ability|p1a: Ceruledge|Weak Armor|boost
|-unboost|p1a: Ceruledge|def|1
|-boost|p1a: Ceruledge|spe|2
|
|upkeep
|turn|8
|inactive|rasb has 60 seconds left.
|
|t:|1779677685
|-terastallize|p1a: Ceruledge|Steel
|move|p1a: Ceruledge|Swords Dance|p1a: Ceruledge
|-boost|p1a: Ceruledge|atk|2
|move|p2a: Zamazenta|Stone Edge|p1a: Ceruledge
|-resisted|p1a: Ceruledge
|-damage|p1a: Ceruledge|30/100
|-ability|p1a: Ceruledge|Weak Armor|boost
|-unboost|p1a: Ceruledge|def|1
|-boost|p1a: Ceruledge|spe|2
|
|upkeep
|turn|9
|
|t:|1779677700
|-terastallize|p2a: Zamazenta|Fire
|move|p1a: Ceruledge|Poltergeist|p2a: Zamazenta|[miss]
|-miss|p1a: Ceruledge|p2a: Zamazenta
|move|p2a: Zamazenta|Close Combat|p1a: Ceruledge
|-supereffective|p1a: Ceruledge
|-damage|p1a: Ceruledge|0 fnt
|-unboost|p2a: Zamazenta|def|1
|-unboost|p2a: Zamazenta|spd|1
|faint|p1a: Ceruledge
|
|upkeep
|
|t:|1779677712
|switch|p1a: Great Tusk|Great Tusk|100/100
|turn|10
|inactive|prince_georgi has 60 seconds left.
|
|t:|1779677728
|switch|p2a: Clefable|Clefable, F|100/100
|move|p1a: Great Tusk|Stealth Rock|p2a: Clefable
|-sidestart|p2: prince_georgi|move: Stealth Rock
|
|upkeep
|turn|11
|
|t:|1779677734
|-end|p1a: Great Tusk|Protosynthesis|[silent]
|switch|p1a: Gholdengo|Gholdengo|78/100
|move|p2a: Clefable|Moonblast|p1a: Gholdengo
|-resisted|p1a: Gholdengo
|-damage|p1a: Gholdengo|64/100
|
|upkeep
|turn|12
|inactive|prince_georgi has 60 seconds left.
|
|t:|1779677756
|switch|p2a: Ting-Lu|Ting-Lu|100/100
|-damage|p2a: Ting-Lu|94/100|[from] Stealth Rock
|-ability|p2a: Ting-Lu|Vessel of Ruin
|move|p1a: Gholdengo|Recover|p1a: Gholdengo
|-heal|p1a: Gholdengo|100/100
|
|upkeep
|turn|13
|
|t:|1779677769
|switch|p1a: Great Tusk|Great Tusk|100/100
|move|p2a: Ting-Lu|Ruination|p1a: Great Tusk
|-damage|p1a: Great Tusk|50/100
|
|upkeep
|turn|14
|
|t:|1779677780
|switch|p2a: Clefable|Clefable, F|100/100
|move|p1a: Great Tusk|Ice Spinner|p2a: Clefable
|-damage|p2a: Clefable|77/100
|-damage|p1a: Great Tusk|34/100|[from] item: Rocky Helmet|[of] p2a: Clefable
|
|upkeep
|turn|15
|inactive|rasb has 90 seconds left.
|
|t:|1779677785
|-end|p1a: Great Tusk|Protosynthesis|[silent]
|switch|p1a: Gholdengo|Gholdengo|100/100
|move|p2a: Clefable|Stealth Rock|p1a: Gholdengo
|-sidestart|p1: rasb|move: Stealth Rock
|
|upkeep
|turn|16
|inactive|rasb has 90 seconds left.
|inactive|prince_georgi has 60 seconds left.
|
|t:|1779677809
|switch|p2a: Ting-Lu|Ting-Lu|94/100
|-damage|p2a: Ting-Lu|88/100|[from] Stealth Rock
|-ability|p2a: Ting-Lu|Vessel of Ruin
|move|p1a: Gholdengo|Make It Rain|p2a: Ting-Lu
|-damage|p2a: Ting-Lu|58/100
|-unboost|p1a: Gholdengo|spa|1
|
|upkeep
|turn|17
|inactive|rasb has 90 seconds left.
|
|t:|1779677820
|switch|p1a: Darkrai|Darkrai|100/100
|-damage|p1a: Darkrai|88/100|[from] Stealth Rock
|move|p2a: Ting-Lu|Earthquake|p1a: Darkrai
|-damage|p1a: Darkrai|36/100
|
|upkeep
|turn|18
|inactive|prince_georgi has 60 seconds left.
|
|t:|1779677835
|move|p1a: Darkrai|Trick|p2a: Ting-Lu
|-activate|p1a: Darkrai|move: Trick|[of] p2a: Ting-Lu
|-item|p2a: Ting-Lu|Choice Scarf|[from] move: Trick
|-item|p1a: Darkrai|Custap Berry|[from] move: Trick
|move|p2a: Ting-Lu|Earthquake|p1a: Darkrai
|-damage|p1a: Darkrai|0 fnt
|faint|p1a: Darkrai
|
|upkeep
|
|t:|1779677845
|switch|p1a: Ogerpon|Ogerpon-Wellspring, F|25/100
|-damage|p1a: Ogerpon|13/100|[from] Stealth Rock
|turn|19
|
|t:|1779677847
|move|p1a: Ogerpon|Ivy Cudgel|p2a: Ting-Lu|[anim] Ivy Cudgel Water
|-supereffective|p2a: Ting-Lu
|-damage|p2a: Ting-Lu|0 fnt
|faint|p2a: Ting-Lu
|
|upkeep
|
|t:|1779677852
|switch|p2a: Zamazenta|Zamazenta, tera:Fire|62/100
|turn|20
|
|t:|1779677857
|move|p2a: Zamazenta|Crunch|p1a: Ogerpon
|-damage|p1a: Ogerpon|0 fnt
|faint|p1a: Ogerpon
|
|upkeep
|inactive|rasb has 120 seconds left.
|
|t:|1779677864
|switch|p1a: Raging Bolt|Raging Bolt|100/100
|-damage|p1a: Raging Bolt|88/100|[from] Stealth Rock
|turn|21
|
|t:|1779677869
|move|p2a: Zamazenta|Ice Fang|p1a: Raging Bolt
|-supereffective|p1a: Raging Bolt
|-damage|p1a: Raging Bolt|52/100
|move|p1a: Raging Bolt|Thunderbolt|p2a: Zamazenta
|-damage|p2a: Zamazenta|16/100
|
|-heal|p1a: Raging Bolt|58/100|[from] item: Leftovers
|upkeep
|turn|22
|
|t:|1779677876
|move|p1a: Raging Bolt|Thunderclap|p2a: Zamazenta
|-damage|p2a: Zamazenta|0 fnt
|faint|p2a: Zamazenta
|
|-heal|p1a: Raging Bolt|64/100|[from] item: Leftovers
|upkeep
|
|t:|1779677883
|switch|p2a: Deoxys|Deoxys-Speed|100/100
|-ability|p2a: Deoxys|Pressure
|turn|23
|
|t:|1779677891
|move|p2a: Deoxys|Ice Beam|p1a: Raging Bolt
|-supereffective|p1a: Raging Bolt
|-crit|p1a: Raging Bolt
|-damage|p1a: Raging Bolt|0 fnt
|faint|p1a: Raging Bolt
|-end|p1a: Raging Bolt|Protosynthesis|[silent]
|
|upkeep
|
|t:|1779677894
|switch|p1a: Gholdengo|Gholdengo|100/100
|-damage|p1a: Gholdengo|94/100|[from] Stealth Rock
|turn|24
|
|t:|1779677912
|move|p2a: Deoxys|Thunderbolt|p1a: Gholdengo
|-damage|p1a: Gholdengo|68/100
|move|p1a: Gholdengo|Thunder Wave|p2a: Deoxys
|-status|p2a: Deoxys|par
|
|upkeep
|turn|25
|
|t:|1779677936
|move|p2a: Deoxys|Nasty Plot|p2a: Deoxys
|-boost|p2a: Deoxys|spa|2
|move|p1a: Gholdengo|Hex|p2a: Deoxys
|-supereffective|p2a: Deoxys
|-damage|p2a: Deoxys|0 fnt
|faint|p2a: Deoxys
|
|upkeep
|
|t:|1779677940
|switch|p2a: Dragonite|Dragonite, M|100/100
|turn|26
|
|t:|1779677948
|move|p1a: Gholdengo|Thunder Wave|p2a: Dragonite
|-status|p2a: Dragonite|par
|move|p2a: Dragonite|Earthquake|p1a: Gholdengo
|-supereffective|p1a: Gholdengo
|-damage|p1a: Gholdengo|0 fnt
|faint|p1a: Gholdengo
|
|upkeep
|
|t:|1779677952
|switch|p1a: Great Tusk|Great Tusk|34/100
|-damage|p1a: Great Tusk|31/100|[from] Stealth Rock
|turn|27
|inactive|prince_georgi has 120 seconds left.
|
|t:|1779677961
|move|p1a: Great Tusk|Rapid Spin|p2a: Dragonite
|-damage|p2a: Dragonite|93/100 par
|-boost|p1a: Great Tusk|spe|1
|-sideend|p1: rasb|Stealth Rock|[from] move: Rapid Spin|[of] p1a: Great Tusk
|move|p2a: Dragonite|Earthquake|p1a: Great Tusk
|-damage|p1a: Great Tusk|11/100
|
|upkeep
|turn|28
|
|t:|1779677964
|move|p2a: Dragonite|Extreme Speed|p1a: Great Tusk
|-damage|p1a: Great Tusk|0 fnt
|-damage|p2a: Dragonite|76/100 par|[from] item: Rocky Helmet|[of] p1a: Great Tusk
|faint|p1a: Great Tusk
|-end|p1a: Great Tusk|Protosynthesis|[silent]
|
|win|prince_georgi
|raw|rasb's rating: 1383 &rarr; <strong>1366</strong><br />(-17 for losing)
|raw|prince_georgi's rating: 1427 &rarr; <strong>1444</strong><br />(+17 for winning)
