|j|☆Dakota1683
|j|☆wxdwxdwxd
|t:|1779659008
|gametype|singles
|player|p1|Dakota1683|2|1268
|player|p2|wxdwxdwxd|byron|1340
|gen|9
|tier|[Gen 9] OU
|rated|
|rule|HP Percentage Mod: HP is shown in percentages
|rule|Endless Battle Clause: Forcing endless battles is banned
|rule|Species Clause: Limit one of each Pokémon
|rule|OHKO Clause: OHKO moves are banned
|rule|Evasion Items Clause: Evasion items are banned
|rule|Evasion Moves Clause: Evasion moves are banned
|rule|Evasion Abilities Clause: Evasion abilities are banned
|rule|Sleep Moves Clause: Sleep-inducing moves are banned
|clearpoke
|poke|p1|Shiftry, F|
|poke|p1|Metagross|
|poke|p1|Banette, F|
|poke|p1|Latias, F|
|poke|p1|Torkoal, M|
|poke|p1|Sceptile, F|
|poke|p2|Dragonite, F|
|poke|p2|Ogerpon-Cornerstone, F|
|poke|p2|Hatterene, F|
|poke|p2|Iron Treads|
|poke|p2|Kingambit, M|
|poke|p2|Zapdos|
|teampreview
|inactive|Battle timer is ON: inactive players will automatically lose when time's up. (requested by wxdwxdwxd)
|j| espalda
|
|t:|1779659013
|teamsize|p1|6
|teamsize|p2|6
|start
|switch|p1a: Torkoal|Torkoal, M|100/100
|switch|p2a: Dragonite|Dragonite, F|100/100
|-weather|SunnyDay|[from] ability: Drought|[of] p1a: Torkoal
|turn|1
|
|t:|1779659028
|move|p2a: Dragonite|Substitute|p2a: Dragonite
|-start|p2a: Dragonite|Substitute
|-damage|p2a: Dragonite|76/100
|move|p1a: Torkoal|Lava Plume|p2a: Dragonite
|-resisted|p2a: Dragonite
|-activate|p2a: Dragonite|move: Substitute|[damage]
|
|-weather|SunnyDay|[upkeep]
|-heal|p2a: Dragonite|82/100|[from] item: Leftovers
|upkeep
|turn|2
|
|t:|1779659032
|move|p2a: Dragonite|Dragon Dance|p2a: Dragonite
|-boost|p2a: Dragonite|atk|1
|-boost|p2a: Dragonite|spe|1
|move|p1a: Torkoal|Stealth Rock|p2a: Dragonite
|-sidestart|p2: wxdwxdwxd|move: Stealth Rock
|
|-weather|SunnyDay|[upkeep]
|-heal|p2a: Dragonite|88/100|[from] item: Leftovers
|upkeep
|turn|3
|
|t:|1779659036
|move|p2a: Dragonite|Earthquake|p1a: Torkoal
|-supereffective|p1a: Torkoal
|-damage|p1a: Torkoal|38/100
|move|p1a: Torkoal|Lava Plume|p2a: Dragonite
|-resisted|p2a: Dragonite
|-end|p2a: Dragonite|Substitute
|
|-weather|SunnyDay|[upkeep]
|-heal|p2a: Dragonite|94/100|[from] item: Leftovers
|upkeep
|turn|4
|
|t:|1779659058
|switch|p1a: Shiftry|Shiftry, F|100/100
|move|p2a: Dragonite|Substitute|p2a: Dragonite
|-start|p2a: Dragonite|Substitute
|-damage|p2a: Dragonite|70/100
|
|-weather|SunnyDay|[upkeep]
|-heal|p2a: Dragonite|76/100|[from] item: Leftovers
|upkeep
|turn|5
|
|t:|1779659064
|move|p2a: Dragonite|Extreme Speed|p1a: Shiftry
|-damage|p1a: Shiftry|35/100
|move|p1a: Shiftry|Night Slash|p2a: Dragonite
|-end|p2a: Dragonite|Substitute
|
|-weather|none
|-heal|p2a: Dragonite|82/100|[from] item: Leftovers
|upkeep
|turn|6
|
|t:|1779659079
|switch|p1a: Latias|Latias, F|100/100
|move|p2a: Dragonite|Substitute|p2a: Dragonite
|-start|p2a: Dragonite|Substitute
|-damage|p2a: Dragonite|57/100
|
|-heal|p2a: Dragonite|63/100|[from] item: Leftovers
|upkeep
|turn|7
|
|t:|1779659086
|move|p2a: Dragonite|Dragon Dance|p2a: Dragonite
|-boost|p2a: Dragonite|atk|1
|-boost|p2a: Dragonite|spe|1
|move|p1a: Latias|Ice Beam|p2a: Dragonite
|-supereffective|p2a: Dragonite
|-end|p2a: Dragonite|Substitute
|
|-heal|p2a: Dragonite|70/100|[from] item: Leftovers
|upkeep
|turn|8
|l| espalda
|
|t:|1779659102
|switch|p1a: Sceptile|Sceptile, F|100/100
|-terastallize|p2a: Dragonite|Normal
|move|p2a: Dragonite|Extreme Speed|p1a: Sceptile
|-damage|p1a: Sceptile|0 fnt
|faint|p1a: Sceptile
|
|-heal|p2a: Dragonite|76/100|[from] item: Leftovers
|upkeep
|
|t:|1779659104
|switch|p1a: Banette|Banette, F|100/100
|-item|p2a: Dragonite|Leftovers|[from] ability: Frisk|[of] p1a: Banette
|turn|9
|
|t:|1779659115
|move|p2a: Dragonite|Substitute|p2a: Dragonite
|-start|p2a: Dragonite|Substitute
|-damage|p2a: Dragonite|51/100
|move|p1a: Banette|Will-O-Wisp||[still]
|-fail|p1a: Banette
|
|-heal|p2a: Dragonite|57/100|[from] item: Leftovers
|upkeep
|turn|10
|-message|Dakota1683 forfeited.
|
|win|wxdwxdwxd
|raw|Dakota1683's rating: 1268 &rarr; <strong>1248</strong><br />(-20 for losing)
|raw|wxdwxdwxd's rating: 1340 &rarr; <strong>1356</strong><br />(+16 for winning)
|l|☆Dakota1683
|player|p1|
|l|☆wxdwxdwxd
|player|p2|
