|j|☆MegaDoesArt
|j|☆itkenreiza
|t:|1779656354
|gametype|singles
|player|p1|MegaDoesArt|ingo|1327
|player|p2|itkenreiza|101|1318
|gen|9
|tier|[Gen 9] OU
|rated|
|rule|HP Percentage Mod: HP is shown in percentages
|rule|Endless Battle Clause: Forcing endless battles is banned
|rule|Species Clause: Limit one of each Pokémon
|rule|OHKO Clause: OHKO moves are banned
|rule|Evasion Items Clause: Evasion items are banned
|rule|Evasion Moves Clause: Evasion moves are banned
|rule|Evasion Abilities Clause: Evasion abilities are banned
|rule|Sleep Moves Clause: Sleep-inducing moves are banned
|clearpoke
|poke|p1|Great Tusk|
|poke|p1|Hatterene, F|
|poke|p1|Tornadus-Therian, M|
|poke|p1|Slowking-Galar, M|
|poke|p1|Kyurem|
|poke|p1|Kingambit, F|
|poke|p2|Farigiraf, F|
|poke|p2|Deoxys-Speed|
|poke|p2|Garganacl, M|
|poke|p2|Cryogonal|
|poke|p2|Clefable, M|
|poke|p2|Gliscor, F|
|teampreview
|inactive|Battle timer is ON: inactive players will automatically lose when time's up. (requested by itkenreiza)
|
|t:|1779656362
|teamsize|p1|6
|teamsize|p2|6
|start
|switch|p1a: Alice|Hatterene, F|100/100
|switch|p2a: Gliscor|Gliscor, F|100/100
|turn|1
|
|t:|1779656381
|move|p2a: Gliscor|Knock Off|p1a: Alice
|-damage|p1a: Alice|83/100
|-damage|p2a: Gliscor|84/100|[from] item: Rocky Helmet|[of] p1a: Alice
|-enditem|p1a: Alice|Rocky Helmet|[from] move: Knock Off|[of] p2a: Gliscor
|move|p1a: Alice|Draining Kiss|p2a: Gliscor
|-damage|p2a: Gliscor|60/100
|-heal|p1a: Alice|100/100|[from] drain|[of] p2a: Gliscor
|
|-status|p2a: Gliscor|tox|[from] item: Toxic Orb
|upkeep
|turn|2
|
|t:|1779656397
|move|p2a: Gliscor|Protect|p2a: Gliscor
|-singleturn|p2a: Gliscor|Protect
|move|p1a: Alice|Psychic Noise|p2a: Gliscor
|-activate|p2a: Gliscor|move: Protect
|
|-heal|p2a: Gliscor|73/100 tox|[from] ability: Poison Heal
|upkeep
|turn|3
|
|t:|1779656413
|switch|p2a: Clefable|Clefable, M|100/100
|move|p1a: Alice|Psychic Noise|p2a: Clefable
|-damage|p2a: Clefable|74/100
|-start|p2a: Clefable|move: Heal Block
|
|upkeep
|turn|4
|
|t:|1779656423
|move|p2a: Clefable|Moonblast|p1a: Alice
|-damage|p1a: Alice|43/100
|move|p1a: Alice|Nuzzle|p2a: Clefable
|-damage|p2a: Clefable|69/100
|-status|p2a: Clefable|par
|
|-end|p2a: Clefable|move: Heal Block
|upkeep
|turn|5
|
|t:|1779656432
|move|p1a: Alice|Pain Split|p2a: Clefable
|-sethp|p2a: Clefable|53/100 par|[from] move: Pain Split|[silent]
|-sethp|p1a: Alice|63/100|[from] move: Pain Split
|cant|p2a: Clefable|par
|
|upkeep
|turn|6
|
|t:|1779656440
|move|p1a: Alice|Draining Kiss|p2a: Clefable
|-damage|p2a: Clefable|35/100 par
|-heal|p1a: Alice|79/100|[from] drain|[of] p2a: Clefable
|cant|p2a: Clefable|par
|
|upkeep
|turn|7
|
|t:|1779656447
|move|p1a: Alice|Psychic Noise|p2a: Clefable
|-damage|p2a: Clefable|5/100 par
|-start|p2a: Clefable|move: Heal Block
|cant|p2a: Clefable|move: Heal Block|Moonlight
|
|upkeep
|turn|8
|
|t:|1779656453
|move|p1a: Alice|Draining Kiss|p2a: Clefable
|-damage|p2a: Clefable|0 fnt
|-heal|p1a: Alice|83/100|[from] drain|[of] p2a: Clefable
|faint|p2a: Clefable
|
|upkeep
|
|t:|1779656458
|switch|p2a: Farigiraf|Farigiraf, F|100/100
|turn|9
|
|t:|1779656462
|move|p2a: Farigiraf|Psychic Noise|p1a: Alice
|-resisted|p1a: Alice
|-crit|p1a: Alice
|-damage|p1a: Alice|56/100
|-start|p1a: Alice|move: Heal Block
|move|p1a: Alice|Nuzzle|p2a: Farigiraf
|-damage|p2a: Farigiraf|98/100
|-status|p2a: Farigiraf|par
|
|-heal|p2a: Farigiraf|100/100 par|[from] item: Leftovers
|upkeep
|turn|10
|
|t:|1779656477
|move|p1a: Alice|Pain Split|p2a: Farigiraf
|-sethp|p2a: Farigiraf|70/100 par|[from] move: Pain Split|[silent]
|-sethp|p1a: Alice|98/100|[from] move: Pain Split
|move|p2a: Farigiraf|Psychic Noise|p1a: Alice
|-resisted|p1a: Alice
|-damage|p1a: Alice|82/100
|
|-heal|p2a: Farigiraf|76/100 par|[from] item: Leftovers
|-end|p1a: Alice|move: Heal Block
|upkeep
|turn|11
|
|t:|1779656489
|move|p1a: Alice|Draining Kiss|p2a: Farigiraf
|-damage|p2a: Farigiraf|53/100 par
|-heal|p1a: Alice|100/100|[from] drain|[of] p2a: Farigiraf
|move|p2a: Farigiraf|Psychic Noise|p1a: Alice
|-resisted|p1a: Alice
|-damage|p1a: Alice|83/100
|-start|p1a: Alice|move: Heal Block
|
|-heal|p2a: Farigiraf|59/100 par|[from] item: Leftovers
|upkeep
|turn|12
|
|t:|1779656510
|switch|p2a: Garganacl|Garganacl, M|100/100
|move|p1a: Alice|Psychic Noise|p2a: Garganacl
|-damage|p2a: Garganacl|70/100
|-start|p2a: Garganacl|move: Heal Block
|
|-end|p1a: Alice|move: Heal Block
|upkeep
|turn|13
|
|t:|1779656528
|move|p1a: Alice|Nuzzle|p2a: Garganacl
|-damage|p2a: Garganacl|68/100
|-damage|p1a: Alice|67/100|[from] item: Rocky Helmet|[of] p2a: Garganacl
|move|p2a: Garganacl|Salt Cure|p1a: Alice
|-damage|p1a: Alice|55/100
|-start|p1a: Alice|Salt Cure
|
|-damage|p1a: Alice|43/100|[from] Salt Cure
|-end|p2a: Garganacl|move: Heal Block
|upkeep
|turn|14
|
|t:|1779656539
|move|p1a: Alice|Pain Split|p2a: Garganacl
|-sethp|p2a: Garganacl|51/100|[from] move: Pain Split|[silent]
|-sethp|p1a: Alice|65/100|[from] move: Pain Split
|move|p2a: Garganacl|Salt Cure|p1a: Alice
|-damage|p1a: Alice|53/100
|
|-damage|p1a: Alice|41/100|[from] Salt Cure
|upkeep
|turn|15
|
|t:|1779656548
|move|p1a: Alice|Pain Split|p2a: Garganacl
|-sethp|p2a: Garganacl|41/100|[from] move: Pain Split|[silent]
|-sethp|p1a: Alice|53/100|[from] move: Pain Split
|move|p2a: Garganacl|Salt Cure|p1a: Alice
|-damage|p1a: Alice|40/100
|
|-damage|p1a: Alice|28/100|[from] Salt Cure
|upkeep
|turn|16
|
|t:|1779656562
|move|p1a: Alice|Draining Kiss|p2a: Garganacl
|-damage|p2a: Garganacl|22/100
|-heal|p1a: Alice|46/100|[from] drain|[of] p2a: Garganacl
|-damage|p1a: Alice|30/100|[from] item: Rocky Helmet|[of] p2a: Garganacl
|move|p2a: Garganacl|Salt Cure|p1a: Alice
|-damage|p1a: Alice|18/100
|
|-damage|p1a: Alice|5/100|[from] Salt Cure
|upkeep
|turn|17
|
|t:|1779656575
|move|p1a: Alice|Psychic Noise|p2a: Garganacl
|-damage|p2a: Garganacl|0 fnt
|faint|p2a: Garganacl
|
|-damage|p1a: Alice|0 fnt|[from] Salt Cure
|faint|p1a: Alice
|upkeep
|
|t:|1779656588
|switch|p1a: Venti|Tornadus-Therian, M, shiny|100/100
|switch|p2a: Gliscor|Gliscor, F|73/100 tox
|turn|18
|l|☆MegaDoesArt
|inactive|MegaDoesArt disconnected and has a minute to reconnect!
|player|p1|
|j|☆MegaDoesArt
|inactive|MegaDoesArt reconnected and has 125 seconds left.
|player|p1|MegaDoesArt|ingo|
|inactive|MegaDoesArt has 120 seconds left.
|
|t:|1779656617
|move|p2a: Gliscor|Protect|p2a: Gliscor
|-singleturn|p2a: Gliscor|Protect
|move|p1a: Venti|Bleakwind Storm|p2a: Gliscor
|-activate|p2a: Gliscor|move: Protect
|
|-heal|p2a: Gliscor|85/100 tox|[from] ability: Poison Heal
|upkeep
|turn|19
|inactive|MegaDoesArt has 120 seconds left.
|
|t:|1779656632
|move|p1a: Venti|Bleakwind Storm|p2a: Gliscor|[miss]
|-miss|p1a: Venti|p2a: Gliscor
|move|p2a: Gliscor|Knock Off|p1a: Venti
|-damage|p1a: Venti|71/100
|-enditem|p1a: Venti|Assault Vest|[from] move: Knock Off|[of] p2a: Gliscor
|
|-heal|p2a: Gliscor|97/100 tox|[from] ability: Poison Heal
|upkeep
|turn|20
|inactive|MegaDoesArt has 120 seconds left.
|
|t:|1779656645
|switch|p2a: Cryogonal|Cryogonal|100/100
|move|p1a: Venti|Bleakwind Storm|p2a: Cryogonal
|-damage|p2a: Cryogonal|78/100
|
|upkeep
|turn|21
|inactive|MegaDoesArt has 120 seconds left.
|
|t:|1779656652
|move|p1a: Venti|Heat Wave|p2a: Cryogonal
|-supereffective|p2a: Cryogonal
|-damage|p2a: Cryogonal|49/100
|move|p2a: Cryogonal|Freeze-Dry|p1a: Venti
|-supereffective|p1a: Venti
|-damage|p1a: Venti|23/100
|
|upkeep
|turn|22
|
|t:|1779656660
|move|p1a: Venti|U-turn|p2a: Cryogonal
|-damage|p2a: Cryogonal|21/100
|
|t:|1779656662
|switch|p1a: Beef|Slowking-Galar, M, shiny|100/100|[from] U-turn
|move|p2a: Cryogonal|Recover|p2a: Cryogonal
|-heal|p2a: Cryogonal|71/100
|
|upkeep
|turn|23
|
|t:|1779656671
|switch|p2a: Gliscor|Gliscor, F|97/100 tox
|move|p1a: Beef|Future Sight|p2a: Gliscor
|-start|p1a: Beef|move: Future Sight
|
|-heal|p2a: Gliscor|100/100 tox|[from] ability: Poison Heal
|upkeep
|turn|24
|
|t:|1779656681
|move|p2a: Gliscor|Knock Off|p1a: Beef
|-supereffective|p1a: Beef
|-damage|p1a: Beef|61/100
|-enditem|p1a: Beef|Black Sludge|[from] move: Knock Off|[of] p2a: Gliscor
|-prepare|p1a: Beef|Chilly Reception|[premajor]
|move|p1a: Beef|Chilly Reception|p1a: Beef
|-weather|Snowscape
|
|t:|1779656688
|switch|p1a: Venti|Tornadus-Therian, M, shiny|56/100|[from] Chilly Reception
|
|-weather|Snowscape|[upkeep]
|upkeep
|turn|25
|inactive|MegaDoesArt has 120 seconds left.
|
|t:|1779656720
|move|p1a: Venti|Bleakwind Storm|p2a: Gliscor
|-damage|p2a: Gliscor|57/100 tox
|move|p2a: Gliscor|Toxic|p1a: Venti
|-status|p1a: Venti|tox
|
|-weather|Snowscape|[upkeep]
|-end|p2a: Gliscor|move: Future Sight
|-damage|p2a: Gliscor|4/100 tox
|-damage|p1a: Venti|50/100 tox|[from] psn
|-heal|p2a: Gliscor|17/100 tox|[from] ability: Poison Heal
|upkeep
|turn|26
|inactive|MegaDoesArt has 120 seconds left.
|
|t:|1779656732
|move|p2a: Gliscor|Protect|p2a: Gliscor
|-singleturn|p2a: Gliscor|Protect
|move|p1a: Venti|U-turn|p2a: Gliscor
|-activate|p2a: Gliscor|move: Protect
|
|-weather|Snowscape|[upkeep]
|-damage|p1a: Venti|38/100 tox|[from] psn
|-heal|p2a: Gliscor|29/100 tox|[from] ability: Poison Heal
|upkeep
|turn|27
|
|t:|1779656746
|move|p1a: Venti|Bleakwind Storm|p2a: Gliscor
|-damage|p2a: Gliscor|0 fnt
|faint|p2a: Gliscor
|
|-weather|Snowscape|[upkeep]
|-damage|p1a: Venti|20/100 tox|[from] psn
|upkeep
|
|t:|1779656753
|switch|p2a: Deoxys|Deoxys-Speed|100/100
|-ability|p2a: Deoxys|Pressure
|turn|28
|
|t:|1779656760
|move|p2a: Deoxys|Knock Off|p1a: Venti
|-damage|p1a: Venti|0 fnt
|faint|p1a: Venti
|-damage|p2a: Deoxys|91/100|[from] item: Life Orb
|
|-weather|none
|upkeep
|inactive|MegaDoesArt has 120 seconds left.
|
|t:|1779656781
|switch|p1a: Beef|Slowking-Galar, M, shiny|94/100
|turn|29
|
|t:|1779656789
|move|p2a: Deoxys|Knock Off|p1a: Beef
|-supereffective|p1a: Beef
|-damage|p1a: Beef|50/100
|-damage|p2a: Deoxys|81/100|[from] item: Life Orb
|move|p1a: Beef|Future Sight|p2a: Deoxys
|-start|p1a: Beef|move: Future Sight
|
|upkeep
|turn|30
|
|t:|1779656797
|move|p2a: Deoxys|Knock Off|p1a: Beef
|-supereffective|p1a: Beef
|-damage|p1a: Beef|9/100
|-damage|p2a: Deoxys|71/100|[from] item: Life Orb
|move|p1a: Beef|Sludge Bomb|p2a: Deoxys
|-damage|p2a: Deoxys|13/100
|
|upkeep
|turn|31
|
|t:|1779656807
|switch|p2a: Farigiraf|Farigiraf, F|59/100 par
|switch|p1a: Mint Fudge|Great Tusk, shiny|100/100
|
|-end|p2a: Farigiraf|move: Future Sight
|-resisted|p2a: Farigiraf
|-damage|p2a: Farigiraf|37/100 par
|-heal|p2a: Farigiraf|44/100 par|[from] item: Leftovers
|upkeep
|turn|32
|
|t:|1779656818
|move|p1a: Mint Fudge|Headlong Rush|p2a: Farigiraf
|-damage|p2a: Farigiraf|0 fnt
|-unboost|p1a: Mint Fudge|def|1
|-unboost|p1a: Mint Fudge|spd|1
|faint|p2a: Farigiraf
|
|upkeep
|
|t:|1779656821
|switch|p2a: Cryogonal|Cryogonal|71/100
|turn|33
|-message|itkenreiza forfeited.
|
|win|MegaDoesArt
|raw|MegaDoesArt's rating: 1327 &rarr; <strong>1346</strong><br />(+19 for winning)
|raw|itkenreiza's rating: 1318 &rarr; <strong>1299</strong><br />(-19 for losing)
|l|☆itkenreiza
|player|p2|
|l|☆MegaDoesArt
|player|p1|
