|j|☆LuffyTVGM
|j|☆MagicalPumpkinpie
|t:|1779688503
|gametype|singles
|player|p1|LuffyTVGM|pokemonranger-gen4|1119
|player|p2|MagicalPumpkinpie|gambler|1180
|gen|9
|tier|[Gen 9] OU
|rated|
|rule|HP Percentage Mod: HP is shown in percentages
|rule|Endless Battle Clause: Forcing endless battles is banned
|rule|Species Clause: Limit one of each Pokémon
|rule|OHKO Clause: OHKO moves are banned
|rule|Evasion Items Clause: Evasion items are banned
|rule|Evasion Moves Clause: Evasion moves are banned
|rule|Evasion Abilities Clause: Evasion abilities are banned
|rule|Sleep Moves Clause: Sleep-inducing moves are banned
|clearpoke
|poke|p1|Great Tusk|
|poke|p1|Gholdengo|
|poke|p1|Kingambit, F|
|poke|p1|Dragonite, M|
|poke|p1|Iron Valiant|
|poke|p1|Ogerpon-Wellspring, F|
|poke|p2|Veluza, M|
|poke|p2|Staraptor, M|
|poke|p2|Seviper, M|
|poke|p2|Kingambit, F|
|poke|p2|Golem-Alola, M|
|poke|p2|Regieleki|
|teampreview
|
|t:|1779688518
|teamsize|p1|6
|teamsize|p2|6
|start
|switch|p1a: Ogerpon|Ogerpon-Wellspring, F|100/100
|switch|p2a: Fish's Gambit|Veluza, M|100/100
|-ability|p2a: Fish's Gambit|Mold Breaker
|turn|1
|
|t:|1779688525
|move|p2a: Fish's Gambit|Final Gambit|p1a: Ogerpon
|-damage|p1a: Ogerpon|0 fnt
|faint|p2a: Fish's Gambit
|faint|p1a: Ogerpon
|
|upkeep
|
|t:|1779688531
|switch|p1a: Kingambit|Kingambit, F|100/100
|switch|p2a: Bird's Gambit|Staraptor, M|100/100
|-ability|p2a: Bird's Gambit|Intimidate|boost
|-unboost|p1a: Kingambit|atk|1
|-activate|p1a: Kingambit|ability: Supreme Overlord
|-start|p1a: Kingambit|fallen1|[silent]
|turn|2
|
|t:|1779688541
|move|p1a: Kingambit|Sucker Punch|p2a: Bird's Gambit
|-damage|p2a: Bird's Gambit|56/100
|move|p2a: Bird's Gambit|Close Combat|p1a: Kingambit
|-supereffective|p1a: Kingambit
|-damage|p1a: Kingambit|0 fnt
|-unboost|p2a: Bird's Gambit|def|1
|-unboost|p2a: Bird's Gambit|spd|1
|faint|p1a: Kingambit
|-end|p1a: Kingambit|fallen1|[silent]
|
|upkeep
|c|☆MagicalPumpkinpie|.-.???
|
|t:|1779688555
|switch|p1a: Iron Valiant|Iron Valiant|100/100
|-enditem|p1a: Iron Valiant|Booster Energy
|-activate|p1a: Iron Valiant|ability: Quark Drive|[fromitem]
|-start|p1a: Iron Valiant|quarkdrivespe
|turn|3
|
|t:|1779688560
|switch|p2a: Snake's Gambit|Seviper, M|100/100
|move|p1a: Iron Valiant|Close Combat|p2a: Snake's Gambit
|-resisted|p2a: Snake's Gambit
|-damage|p2a: Snake's Gambit|65/100
|-unboost|p1a: Iron Valiant|def|1
|-unboost|p1a: Iron Valiant|spd|1
|
|upkeep
|turn|4
|
|t:|1779688569
|move|p1a: Iron Valiant|Moonblast|p2a: Snake's Gambit
|-resisted|p2a: Snake's Gambit
|-damage|p2a: Snake's Gambit|28/100
|-unboost|p2a: Snake's Gambit|spa|1
|move|p2a: Snake's Gambit|Sludge Bomb|p1a: Iron Valiant
|-supereffective|p1a: Iron Valiant
|-damage|p1a: Iron Valiant|0 fnt
|faint|p1a: Iron Valiant
|-end|p1a: Iron Valiant|Quark Drive|[silent]
|
|upkeep
|
|t:|1779688573
|switch|p1a: Gholdengo|Gholdengo|100/100
|-item|p1a: Gholdengo|Air Balloon
|turn|5
|
|t:|1779688581
|switch|p2a: Bird's Gambit|Staraptor, M|56/100
|-ability|p2a: Bird's Gambit|Intimidate|boost
|-unboost|p1a: Gholdengo|atk|1
|move|p1a: Gholdengo|Nasty Plot|p1a: Gholdengo
|-boost|p1a: Gholdengo|spa|2
|
|upkeep
|turn|6
|
|t:|1779688587
|move|p2a: Bird's Gambit|Brave Bird|p1a: Gholdengo
|-resisted|p1a: Gholdengo
|-damage|p1a: Gholdengo|74/100
|-enditem|p1a: Gholdengo|Air Balloon
|-damage|p2a: Bird's Gambit|48/100|[from] Recoil
|move|p1a: Gholdengo|Shadow Ball|p2a: Bird's Gambit
|-immune|p2a: Bird's Gambit
|
|upkeep
|turn|7
|
|t:|1779688592
|-terastallize|p1a: Gholdengo|Fairy
|move|p2a: Bird's Gambit|Brave Bird|p1a: Gholdengo
|-damage|p1a: Gholdengo|24/100
|-damage|p2a: Bird's Gambit|33/100|[from] Recoil
|move|p1a: Gholdengo|Make It Rain|p2a: Bird's Gambit
|-damage|p2a: Bird's Gambit|0 fnt
|-unboost|p1a: Gholdengo|spa|1
|faint|p2a: Bird's Gambit
|
|upkeep
|c|☆MagicalPumpkinpie|???
|
|t:|1779688602
|switch|p2a: Electric Gambit|Regieleki|100/100
|turn|8
|
|t:|1779688605
|move|p2a: Electric Gambit|Volt Switch|p1a: Gholdengo
|-damage|p1a: Gholdengo|0 fnt
|faint|p1a: Gholdengo
|
|t:|1779688608
|switch|p2a: Snake's Gambit|Seviper, M|28/100|[from] Volt Switch
|
|upkeep
|
|t:|1779688611
|switch|p1a: Dragonite|Dragonite, M|100/100
|turn|9
|
|t:|1779688617
|move|p2a: Snake's Gambit|Sludge Bomb|p1a: Dragonite
|-damage|p1a: Dragonite|85/100
|move|p1a: Dragonite|Dragon Dance|p1a: Dragonite
|-boost|p1a: Dragonite|atk|1
|-boost|p1a: Dragonite|spe|1
|
|upkeep
|turn|10
|
|t:|1779688620
|move|p1a: Dragonite|Earthquake|p2a: Snake's Gambit
|-supereffective|p2a: Snake's Gambit
|-damage|p2a: Snake's Gambit|0 fnt
|faint|p2a: Snake's Gambit
|
|upkeep
|
|t:|1779688623
|switch|p2a: Battery Gambit|Golem-Alola, M|100/100
|turn|11
|
|t:|1779688626
|move|p1a: Dragonite|Earthquake|p2a: Battery Gambit
|-supereffective|p2a: Battery Gambit
|-enditem|p2a: Battery Gambit|Focus Sash
|-damage|p2a: Battery Gambit|1/100
|move|p2a: Battery Gambit|Explosion|p1a: Dragonite
|-damage|p1a: Dragonite|0 fnt
|faint|p2a: Battery Gambit
|faint|p1a: Dragonite
|
|upkeep
|
|t:|1779688630
|switch|p1a: Great Tusk|Great Tusk|100/100
|switch|p2a: Electric Gambit|Regieleki|100/100
|turn|12
|
|t:|1779688633
|move|p2a: Electric Gambit|Magnet Rise|p2a: Electric Gambit
|-start|p2a: Electric Gambit|Magnet Rise
|move|p1a: Great Tusk|Stealth Rock|p2a: Electric Gambit
|-sidestart|p2: MagicalPumpkinpie|move: Stealth Rock
|
|upkeep
|turn|13
|
|t:|1779688640
|move|p2a: Electric Gambit|Extreme Speed|p1a: Great Tusk
|-damage|p1a: Great Tusk|89/100
|move|p1a: Great Tusk|Earthquake|p2a: Electric Gambit
|-immune|p2a: Electric Gambit
|
|-heal|p1a: Great Tusk|96/100|[from] item: Leftovers
|upkeep
|turn|14
|
|t:|1779688645
|move|p2a: Electric Gambit|Extreme Speed|p1a: Great Tusk
|-damage|p1a: Great Tusk|84/100
|move|p1a: Great Tusk|Knock Off|p2a: Electric Gambit
|-damage|p2a: Electric Gambit|45/100
|-enditem|p2a: Electric Gambit|Cell Battery|[from] move: Knock Off|[of] p1a: Great Tusk
|
|-heal|p1a: Great Tusk|90/100|[from] item: Leftovers
|upkeep
|turn|15
|
|t:|1779688648
|move|p2a: Electric Gambit|Extreme Speed|p1a: Great Tusk
|-damage|p1a: Great Tusk|80/100
|move|p1a: Great Tusk|Knock Off|p2a: Electric Gambit
|-damage|p2a: Electric Gambit|7/100
|
|-heal|p1a: Great Tusk|86/100|[from] item: Leftovers
|upkeep
|turn|16
|
|t:|1779688652
|move|p2a: Electric Gambit|Extreme Speed|p1a: Great Tusk
|-damage|p1a: Great Tusk|74/100
|move|p1a: Great Tusk|Knock Off|p2a: Electric Gambit
|-damage|p2a: Electric Gambit|0 fnt
|faint|p2a: Electric Gambit
|
|-heal|p1a: Great Tusk|80/100|[from] item: Leftovers
|upkeep
|
|t:|1779688655
|switch|p2a: King's Gambit|Kingambit, F|100/100
|-damage|p2a: King's Gambit|94/100|[from] Stealth Rock
|-activate|p2a: King's Gambit|ability: Supreme Overlord
|-start|p2a: King's Gambit|fallen5|[silent]
|turn|17
|
|t:|1779688661
|-terastallize|p2a: King's Gambit|Flying
|move|p1a: Great Tusk|Earthquake|p2a: King's Gambit
|-immune|p2a: King's Gambit
|move|p2a: King's Gambit|Iron Head|p1a: Great Tusk
|-damage|p1a: Great Tusk|46/100
|
|-heal|p1a: Great Tusk|53/100|[from] item: Leftovers
|-heal|p2a: King's Gambit|100/100|[from] item: Leftovers
|upkeep
|turn|18
|
|t:|1779688667
|move|p1a: Great Tusk|Knock Off|p2a: King's Gambit
|-damage|p2a: King's Gambit|81/100
|-enditem|p2a: King's Gambit|Leftovers|[from] move: Knock Off|[of] p1a: Great Tusk
|move|p2a: King's Gambit|Iron Head|p1a: Great Tusk
|-crit|p1a: Great Tusk
|-damage|p1a: Great Tusk|1/100
|
|-heal|p1a: Great Tusk|7/100|[from] item: Leftovers
|upkeep
|turn|19
|
|t:|1779688670
|move|p2a: King's Gambit|Sucker Punch|p1a: Great Tusk
|-resisted|p1a: Great Tusk
|-damage|p1a: Great Tusk|0 fnt
|faint|p1a: Great Tusk
|-end|p1a: Great Tusk|Protosynthesis|[silent]
|
|win|MagicalPumpkinpie
|raw|LuffyTVGM's rating: 1119 &rarr; <strong>1098</strong><br />(-21 for losing)
|raw|MagicalPumpkinpie's rating: 1180 &rarr; <strong>1201</strong><br />(+21 for winning)
|c|☆MagicalPumpkinpie|Wow
|l|☆LuffyTVGM
|player|p1|
|c|☆MagicalPumpkinpie|Gg
|l|☆MagicalPumpkinpie
|player|p2|
