|j|☆RaifaPK
|j|☆HokaHemat
|t:|1779719708
|gametype|singles
|player|p1|RaifaPK|battlegirl-gen4|1042
|player|p2|HokaHemat|101|1027
|gen|9
|tier|[Gen 9] OU
|rated|
|rule|HP Percentage Mod: HP is shown in percentages
|rule|Endless Battle Clause: Forcing endless battles is banned
|rule|Species Clause: Limit one of each Pokémon
|rule|OHKO Clause: OHKO moves are banned
|rule|Evasion Items Clause: Evasion items are banned
|rule|Evasion Moves Clause: Evasion moves are banned
|rule|Evasion Abilities Clause: Evasion abilities are banned
|rule|Sleep Moves Clause: Sleep-inducing moves are banned
|clearpoke
|poke|p1|Ditto|
|poke|p1|Darkrai|
|poke|p1|Raichu-Alola, M|
|poke|p1|Mimikyu, F|
|poke|p1|Kyurem|
|poke|p1|Dragapult, F|
|poke|p2|Kingambit, M|
|poke|p2|Staraptor, F|
|poke|p2|Glimmora, F|
|poke|p2|Rillaboom, M|
|poke|p2|Great Tusk|
|poke|p2|Clefable, M|
|teampreview
|
|t:|1779719717
|teamsize|p1|6
|teamsize|p2|6
|start
|switch|p1a: Mimi|Mimikyu, F|100/100
|switch|p2a: Glimmora|Glimmora, F|100/100
|turn|1
|
|t:|1779719729
|move|p1a: Mimi|Drain Punch|p2a: Glimmora
|-damage|p2a: Glimmora|74/100
|-activate|p2a: Glimmora|ability: Toxic Debris
|-sidestart|p1: RaifaPK|move: Toxic Spikes
|move|p2a: Glimmora|Stealth Rock|p1a: Mimi
|-sidestart|p1: RaifaPK|move: Stealth Rock
|
|upkeep
|turn|2
|
|t:|1779719740
|move|p1a: Mimi|Giga Drain|p2a: Glimmora
|-damage|p2a: Glimmora|60/100
|move|p2a: Glimmora|Spikes|p1a: Mimi
|-sidestart|p1: RaifaPK|Spikes
|
|upkeep
|turn|3
|
|t:|1779719748
|move|p1a: Mimi|Drain Punch|p2a: Glimmora
|-damage|p2a: Glimmora|33/100
|-activate|p2a: Glimmora|ability: Toxic Debris
|-sidestart|p1: RaifaPK|move: Toxic Spikes
|move|p2a: Glimmora|Dazzling Gleam|p1a: Mimi
|-activate|p1a: Mimi|ability: Disguise
|-damage|p1a: Mimi|100/100
|detailschange|p1a: Mimi|Mimikyu-Busted, F
|-damage|p1a: Mimi|88/100|[from] pokemon: Mimikyu-Busted
|-enditem|p1a: Mimi|Eject Button
|
|t:|1779719759
|switch|p1a: Raichi|Raichu-Alola, M|100/100
|
|upkeep
|turn|4
|
|t:|1779719773
|switch|p2a: Great Tusk|Great Tusk|100/100
|-enditem|p2a: Great Tusk|Booster Energy
|-activate|p2a: Great Tusk|ability: Protosynthesis|[fromitem]
|-start|p2a: Great Tusk|protosynthesisspe
|move|p1a: Raichi|Nuzzle|p2a: Great Tusk
|-immune|p2a: Great Tusk
|
|upkeep
|turn|5
|
|t:|1779719784
|move|p2a: Great Tusk|Ice Spinner|p1a: Raichi
|-damage|p1a: Raichi|40/100
|move|p1a: Raichi|Grass Knot|p2a: Great Tusk
|-supereffective|p2a: Great Tusk
|-damage|p2a: Great Tusk|11/100
|
|upkeep
|turn|6
|
|t:|1779719800
|switch|p1a: Kyloamps|Kyurem|100/100
|-status|p1a: Kyloamps|tox
|-damage|p1a: Kyloamps|76/100 tox|[from] Stealth Rock
|-damage|p1a: Kyloamps|63/100 tox|[from] Spikes
|-ability|p1a: Kyloamps|Pressure
|move|p2a: Great Tusk|Headlong Rush|p1a: Kyloamps
|-damage|p1a: Kyloamps|9/100 tox
|-unboost|p2a: Great Tusk|def|1
|-unboost|p2a: Great Tusk|spd|1
|
|-damage|p1a: Kyloamps|3/100 tox|[from] psn
|upkeep
|turn|7
|
|t:|1779719818
|-end|p2a: Great Tusk|Protosynthesis|[silent]
|switch|p2a: Clefable|Clefable, M|100/100
|move|p1a: Kyloamps|Ice Beam|p2a: Clefable
|-damage|p2a: Clefable|55/100
|
|-heal|p2a: Clefable|61/100|[from] item: Leftovers
|-damage|p1a: Kyloamps|0 fnt|[from] psn
|faint|p1a: Kyloamps
|upkeep
|
|t:|1779719835
|switch|p1a: Deusvolt|Dragapult, F|100/100
|-damage|p1a: Deusvolt|88/100|[from] Stealth Rock
|-item|p1a: Deusvolt|Air Balloon
|turn|8
|
|t:|1779719846
|move|p1a: Deusvolt|Psychic Fangs|p2a: Clefable
|-damage|p2a: Clefable|43/100
|move|p2a: Clefable|Thunder Wave|p1a: Deusvolt
|-status|p1a: Deusvolt|par
|
|-heal|p2a: Clefable|49/100|[from] item: Leftovers
|upkeep
|turn|9
|
|t:|1779719855
|move|p1a: Deusvolt|Draco Meteor|p2a: Clefable
|-immune|p2a: Clefable
|move|p2a: Clefable|Moonblast|p1a: Deusvolt
|-supereffective|p1a: Deusvolt
|-damage|p1a: Deusvolt|0 fnt
|-start|p2a: Clefable|Disable|Moonblast|[from] ability: Cursed Body|[of] p1a: Deusvolt
|-enditem|p1a: Deusvolt|Air Balloon
|faint|p1a: Deusvolt
|
|-heal|p2a: Clefable|55/100|[from] item: Leftovers
|upkeep
|
|t:|1779719866
|switch|p1a: Raichi|Raichu-Alola, M|40/100
|turn|10
|
|t:|1779719873
|switch|p2a: Rillaboom|Rillaboom, M|100/100
|-fieldstart|move: Grassy Terrain|[from] ability: Grassy Surge|[of] p2a: Rillaboom
|move|p1a: Raichi|Grass Knot|p2a: Rillaboom
|-resisted|p2a: Rillaboom
|-damage|p2a: Rillaboom|84/100
|
|-heal|p1a: Raichi|46/100|[from] Grassy Terrain
|-heal|p2a: Rillaboom|90/100|[from] Grassy Terrain
|upkeep
|turn|11
|
|t:|1779719884
|switch|p2a: Glimmora|Glimmora, F|33/100
|move|p1a: Raichi|Draining Kiss|p2a: Glimmora
|-resisted|p2a: Glimmora
|-damage|p2a: Glimmora|23/100
|-heal|p1a: Raichi|55/100|[from] drain|[of] p2a: Glimmora
|
|-heal|p1a: Raichi|61/100|[from] Grassy Terrain
|-heal|p2a: Glimmora|29/100|[from] Grassy Terrain
|upkeep
|turn|12
|
|t:|1779719898
|switch|p1a: Raifa|Darkrai|100/100
|-status|p1a: Raifa|tox
|-damage|p1a: Raifa|88/100 tox|[from] Stealth Rock
|-damage|p1a: Raifa|76/100 tox|[from] Spikes
|move|p2a: Glimmora|Dazzling Gleam|p1a: Raifa
|-supereffective|p1a: Raifa
|-crit|p1a: Raifa
|-damage|p1a: Raifa|0 fnt
|faint|p1a: Raifa
|
|-heal|p2a: Glimmora|35/100|[from] Grassy Terrain
|upkeep
|
|t:|1779719912
|switch|p1a: Mimi|Mimikyu-Busted, F|88/100
|-status|p1a: Mimi|tox
|-damage|p1a: Mimi|76/100 tox|[from] Stealth Rock
|-damage|p1a: Mimi|63/100 tox|[from] Spikes
|turn|13
|
|t:|1779719924
|move|p1a: Mimi|Drain Punch|p2a: Glimmora
|-damage|p2a: Glimmora|12/100
|-heal|p1a: Mimi|78/100 tox|[from] drain|[of] p2a: Glimmora
|move|p2a: Glimmora|Dazzling Gleam|p1a: Mimi
|-damage|p1a: Mimi|46/100 tox
|
|-heal|p1a: Mimi|52/100 tox|[from] Grassy Terrain
|-heal|p2a: Glimmora|18/100|[from] Grassy Terrain
|-damage|p1a: Mimi|46/100 tox|[from] psn
|upkeep
|turn|14
|
|t:|1779719937
|switch|p2a: Clefable|Clefable, M|55/100
|move|p1a: Mimi|Giga Drain|p2a: Clefable
|-damage|p2a: Clefable|44/100
|-heal|p1a: Mimi|55/100 tox|[from] drain|[of] p2a: Clefable
|
|-heal|p1a: Mimi|61/100 tox|[from] Grassy Terrain
|-heal|p2a: Clefable|50/100|[from] Grassy Terrain
|-heal|p2a: Clefable|56/100|[from] item: Leftovers
|-damage|p1a: Mimi|49/100 tox|[from] psn
|-fieldend|move: Grassy Terrain
|upkeep
|turn|15
|
|t:|1779719951
|move|p1a: Mimi|Pain Split|p2a: Clefable
|-sethp|p2a: Clefable|44/100|[from] move: Pain Split|[silent]
|-sethp|p1a: Mimi|68/100 tox|[from] move: Pain Split
|move|p2a: Clefable|Moonblast|p1a: Mimi
|-damage|p1a: Mimi|27/100 tox
|
|-heal|p2a: Clefable|50/100|[from] item: Leftovers
|-damage|p1a: Mimi|9/100 tox|[from] psn
|upkeep
|turn|16
|
|t:|1779719966
|switch|p2a: Rillaboom|Rillaboom, M|90/100
|-fieldstart|move: Grassy Terrain|[from] ability: Grassy Surge|[of] p2a: Rillaboom
|move|p1a: Mimi|Pain Split|p2a: Rillaboom
|-sethp|p2a: Rillaboom|48/100|[from] move: Pain Split|[silent]
|-sethp|p1a: Mimi|77/100 tox|[from] move: Pain Split
|
|-heal|p1a: Mimi|83/100 tox|[from] Grassy Terrain
|-heal|p2a: Rillaboom|54/100|[from] Grassy Terrain
|-damage|p1a: Mimi|59/100 tox|[from] psn
|upkeep
|turn|17
|
|t:|1779719985
|move|p1a: Mimi|Leech Life|p2a: Rillaboom
|-supereffective|p2a: Rillaboom
|-damage|p2a: Rillaboom|16/100
|-heal|p1a: Mimi|89/100 tox|[from] drain|[of] p2a: Rillaboom
|move|p2a: Rillaboom|Wood Hammer|p1a: Mimi
|-damage|p1a: Mimi|0 fnt
|faint|p1a: Mimi
|-damage|p2a: Rillaboom|0 fnt|[from] Recoil
|faint|p2a: Rillaboom
|
|upkeep
|
|t:|1779719998
|switch|p1a: Dio|Ditto|100/100
|switch|p2a: Staraptor|Staraptor, F|100/100
|-ability|p2a: Staraptor|Intimidate|boost
|-unboost|p1a: Dio|atk|1
|-status|p1a: Dio|tox
|-damage|p1a: Dio|88/100 tox|[from] Stealth Rock
|-damage|p1a: Dio|76/100 tox|[from] Spikes
|turn|18
|
|t:|1779720007
|move|p2a: Staraptor|Final Gambit|p1a: Dio
|-damage|p1a: Dio|0 fnt
|faint|p2a: Staraptor
|faint|p1a: Dio
|
|upkeep
|
|t:|1779720014
|switch|p2a: Clefable|Clefable, M|50/100
|switch|p1a: Raichi|Raichu-Alola, M|61/100
|turn|19
|
|t:|1779720020
|move|p1a: Raichi|Nuzzle|p2a: Clefable
|-damage|p2a: Clefable|45/100
|-status|p2a: Clefable|par
|move|p2a: Clefable|Moonblast|p1a: Raichi
|-damage|p1a: Raichi|10/100
|
|-heal|p1a: Raichi|16/100|[from] Grassy Terrain
|-heal|p2a: Clefable|51/100 par|[from] Grassy Terrain
|-heal|p2a: Clefable|57/100 par|[from] item: Leftovers
|upkeep
|turn|20
|
|t:|1779720032
|move|p1a: Raichi|Draining Kiss|p2a: Clefable
|-damage|p2a: Clefable|44/100 par
|-heal|p1a: Raichi|30/100|[from] drain|[of] p2a: Clefable
|move|p2a: Clefable|Moonblast|p1a: Raichi
|-damage|p1a: Raichi|0 fnt
|faint|p1a: Raichi
|
|win|HokaHemat
|raw|RaifaPK's rating: 1042 &rarr; <strong>1025</strong><br />(-17 for losing)
|raw|HokaHemat's rating: 1027 &rarr; <strong>1065</strong><br />(+38 for winning)
