|j|☆dreddred5
|j|☆5love
|t:|1779597729
|gametype|singles
|player|p1|dreddred5|clay|1123
|player|p2|5love|102|1084
|gen|9
|tier|[Gen 9] OU
|rated|
|rule|HP Percentage Mod: HP is shown in percentages
|rule|Endless Battle Clause: Forcing endless battles is banned
|rule|Species Clause: Limit one of each Pokémon
|rule|OHKO Clause: OHKO moves are banned
|rule|Evasion Items Clause: Evasion items are banned
|rule|Evasion Moves Clause: Evasion moves are banned
|rule|Evasion Abilities Clause: Evasion abilities are banned
|rule|Sleep Moves Clause: Sleep-inducing moves are banned
|clearpoke
|poke|p1|Kyurem|
|poke|p1|Blaziken, F|
|poke|p1|Gholdengo|
|poke|p1|Great Tusk|
|poke|p1|Slowking-Galar, M|
|poke|p1|Corviknight, M|
|poke|p2|Noivern, M|
|poke|p2|Dragapult, F|
|poke|p2|Gholdengo|
|poke|p2|Lucario, F|
|poke|p2|Zoroark-Hisui, M|
|poke|p2|Swampert, M|
|teampreview
|
|t:|1779597750
|teamsize|p1|6
|teamsize|p2|6
|start
|switch|p1a: Great Tusk|Great Tusk|100/100
|switch|p2a: Noivern|Noivern, M|100/100
|-item|p1a: Great Tusk|Heavy-Duty Boots|[from] ability: Frisk|[of] p2a: Noivern
|turn|1
|
|t:|1779597756
|move|p2a: Noivern|Taunt|p1a: Great Tusk
|-start|p1a: Great Tusk|move: Taunt
|move|p1a: Great Tusk|Ice Spinner|p2a: Noivern
|-supereffective|p2a: Noivern
|-damage|p2a: Noivern|0 fnt
|faint|p2a: Noivern
|
|upkeep
|
|t:|1779597769
|switch|p2a: Swampert|Swampert, M|100/100
|turn|2
|
|t:|1779597785
|-end|p1a: Great Tusk|Protosynthesis|[silent]
|switch|p1a: Slowking|Slowking-Galar, M|100/100
|move|p2a: Swampert|Waterfall|p1a: Slowking
|-damage|p1a: Slowking|56/100
|
|upkeep
|turn|3
|
|t:|1779597798
|move|p2a: Swampert|High Horsepower|p1a: Slowking
|-supereffective|p1a: Slowking
|-damage|p1a: Slowking|0 fnt
|faint|p1a: Slowking
|
|upkeep
|
|t:|1779597803
|switch|p1a: Kyurem|Kyurem|100/100
|-ability|p1a: Kyurem|Pressure
|turn|4
|
|t:|1779597812
|move|p1a: Kyurem|Dragon Dance|p1a: Kyurem
|-boost|p1a: Kyurem|atk|1
|-boost|p1a: Kyurem|spe|1
|move|p2a: Swampert|Rock Slide|p1a: Kyurem|[miss]
|-miss|p2a: Swampert|p1a: Kyurem
|
|upkeep
|turn|5
|
|t:|1779597818
|move|p1a: Kyurem|Freeze-Dry|p2a: Swampert
|-supereffective|p2a: Swampert
|-damage|p2a: Swampert|0 fnt
|faint|p2a: Swampert
|
|upkeep
|
|t:|1779597833
|switch|p2a: Dragapult|Dragapult, F|100/100
|turn|6
|
|t:|1779597838
|-terastallize|p1a: Kyurem|Ice
|move|p1a: Kyurem|Icicle Spear|p2a: Dragapult
|-supereffective|p2a: Dragapult
|-crit|p2a: Dragapult
|-damage|p2a: Dragapult|0 fnt
|faint|p2a: Dragapult
|-hitcount|p2: Dragapult|1
|
|upkeep
|
|t:|1779597846
|switch|p2a: Lucario|Lucario, F|100/100
|turn|7
|
|t:|1779597852
|move|p1a: Kyurem|Earth Power|p2a: Lucario
|-damage|p2a: Lucario|41/100
|replace|p2a: Zoroark|Zoroark-Hisui, M
|-end|p2a: Zoroark|Illusion
|move|p2a: Zoroark|Nasty Plot|p2a: Zoroark
|-boost|p2a: Zoroark|spa|2
|
|upkeep
|turn|8
|
|t:|1779597862
|switch|p2a: Gholdengo|Gholdengo|100/100
|-item|p2a: Gholdengo|Air Balloon
|move|p1a: Kyurem|Icicle Spear|p2a: Gholdengo
|-resisted|p2a: Gholdengo
|-crit|p2a: Gholdengo
|-damage|p2a: Gholdengo|77/100
|-enditem|p2a: Gholdengo|Air Balloon
|-resisted|p2a: Gholdengo
|-damage|p2a: Gholdengo|61/100
|-resisted|p2a: Gholdengo
|-damage|p2a: Gholdengo|45/100
|-hitcount|p2a: Gholdengo|3
|
|upkeep
|turn|9
|
|t:|1779597873
|move|p1a: Kyurem|Earth Power|p2a: Gholdengo
|-supereffective|p2a: Gholdengo
|-damage|p2a: Gholdengo|0 fnt
|faint|p2a: Gholdengo
|
|upkeep
|
|t:|1779597882
|switch|p2a: Lucario|Lucario, F|41/100
|turn|10
|
|t:|1779597886
|move|p1a: Kyurem|Earth Power|p2a: Lucario
|-damage|p2a: Lucario|0 fnt
|replace|p2a: Zoroark|Zoroark-Hisui, M
|-end|p2a: Zoroark|Illusion
|faint|p2a: Zoroark
|
|upkeep
|
|t:|1779597890
|switch|p2a: Lucario|Lucario, F|100/100
|turn|11
|
|t:|1779597894
|-terastallize|p2a: Lucario|Fighting
|move|p1a: Kyurem|Earth Power|p2a: Lucario
|-damage|p2a: Lucario|55/100
|move|p2a: Lucario|Close Combat|p1a: Kyurem
|-supereffective|p1a: Kyurem
|-damage|p1a: Kyurem|0 fnt
|-unboost|p2a: Lucario|def|1
|-unboost|p2a: Lucario|spd|1
|faint|p1a: Kyurem
|
|upkeep
|
|t:|1779597904
|switch|p1a: Corviknight|Corviknight, M|100/100
|-ability|p1a: Corviknight|Pressure
|turn|12
|
|t:|1779597910
|move|p2a: Lucario|Close Combat|p1a: Corviknight
|-damage|p1a: Corviknight|55/100
|-unboost|p2a: Lucario|def|1
|-unboost|p2a: Lucario|spd|1
|move|p1a: Corviknight|Brave Bird|p2a: Lucario
|-supereffective|p2a: Lucario
|-damage|p2a: Lucario|0 fnt
|faint|p2a: Lucario
|-damage|p1a: Corviknight|42/100|[from] Recoil
|
|win|dreddred5
|raw|dreddred5's rating: 1123 &rarr; <strong>1145</strong><br />(+22 for winning)
|raw|5love's rating: 1084 &rarr; <strong>1064</strong><br />(-20 for losing)
|l|☆5love
|player|p2|
|l|☆dreddred5
|player|p1|
