|j|☆201187abc
|j|☆poppydiaper
|t:|1779692057
|gametype|singles
|player|p1|201187abc|169|1540
|player|p2|poppydiaper|pokemonbreeder-gen4|1506
|gen|9
|tier|[Gen 9] OU
|rated|
|rule|HP Percentage Mod: HP is shown in percentages
|rule|Endless Battle Clause: Forcing endless battles is banned
|rule|Species Clause: Limit one of each Pokémon
|rule|OHKO Clause: OHKO moves are banned
|rule|Evasion Items Clause: Evasion items are banned
|rule|Evasion Moves Clause: Evasion moves are banned
|rule|Evasion Abilities Clause: Evasion abilities are banned
|rule|Sleep Moves Clause: Sleep-inducing moves are banned
|clearpoke
|poke|p1|Iron Moth|
|poke|p1|Gliscor, F|
|poke|p1|Hatterene, F|
|poke|p1|Ogerpon-Wellspring, F|
|poke|p1|Raging Bolt|
|poke|p1|Zamazenta-*|
|poke|p2|Hawlucha, F|
|poke|p2|Samurott-Hisui, F|
|poke|p2|Rillaboom, F|
|poke|p2|Gholdengo|
|poke|p2|Kyurem|
|poke|p2|Landorus-Therian, M|
|teampreview
|
|t:|1779692081
|teamsize|p1|6
|teamsize|p2|6
|start
|switch|p1a: Zamazenta|Zamazenta|100/100
|switch|p2a: Rillaboom|Rillaboom, F|100/100
|-ability|p1a: Zamazenta|Dauntless Shield|boost
|-boost|p1a: Zamazenta|def|1
|-fieldstart|move: Grassy Terrain|[from] ability: Grassy Surge|[of] p2a: Rillaboom
|turn|1
|inactive|Battle timer is ON: inactive players will automatically lose when time's up. (requested by 201187abc)
|
|t:|1779692109
|move|p1a: Zamazenta|Reflect|p1a: Zamazenta
|-sidestart|p1: 201187abc|Reflect
|move|p2a: Rillaboom|Swords Dance|p2a: Rillaboom
|-boost|p2a: Rillaboom|atk|2
|
|upkeep
|turn|2
|
|t:|1779692116
|move|p1a: Zamazenta|Ice Fang|p2a: Rillaboom
|-supereffective|p2a: Rillaboom
|-damage|p2a: Rillaboom|66/100
|move|p2a: Rillaboom|Swords Dance|p2a: Rillaboom
|-boost|p2a: Rillaboom|atk|2
|
|-heal|p2a: Rillaboom|73/100|[from] Grassy Terrain
|upkeep
|turn|3
|inactive|poppydiaper has 120 seconds left.
|
|t:|1779692163
|move|p1a: Zamazenta|Ice Fang|p2a: Rillaboom
|-supereffective|p2a: Rillaboom
|-damage|p2a: Rillaboom|39/100
|move|p2a: Rillaboom|Wood Hammer|p1a: Zamazenta
|-damage|p1a: Zamazenta|26/100
|-damage|p2a: Rillaboom|14/100|[from] Recoil
|
|-heal|p1a: Zamazenta|32/100|[from] Grassy Terrain
|-heal|p2a: Rillaboom|20/100|[from] Grassy Terrain
|upkeep
|turn|4
|
|t:|1779692179
|switch|p1a: Iron Moth|Iron Moth|100/100
|-enditem|p1a: Iron Moth|Booster Energy
|-activate|p1a: Iron Moth|ability: Quark Drive|[fromitem]
|-start|p1a: Iron Moth|quarkdrivespe
|move|p2a: Rillaboom|Grassy Glide|p1a: Iron Moth
|-resisted|p1a: Iron Moth
|-damage|p1a: Iron Moth|77/100
|
|-heal|p1a: Iron Moth|83/100|[from] Grassy Terrain
|-heal|p2a: Rillaboom|26/100|[from] Grassy Terrain
|upkeep
|turn|5
|inactive|poppydiaper has 90 seconds left.
|
|t:|1779692210
|switch|p2a: Samurott|Samurott-Hisui, F|100/100
|move|p1a: Iron Moth|Toxic Spikes|p2a: Samurott
|-sidestart|p2: poppydiaper|move: Toxic Spikes
|
|-heal|p1a: Iron Moth|89/100|[from] Grassy Terrain
|-fieldend|move: Grassy Terrain
|upkeep
|turn|6
|inactive|poppydiaper has 90 seconds left.
|inactive|201187abc has 120 seconds left.
|
|t:|1779692234
|-end|p1a: Iron Moth|Quark Drive|[silent]
|switch|p1a: Ogerpon|Ogerpon-Wellspring, F|100/100
|move|p2a: Samurott|Ceaseless Edge|p1a: Ogerpon
|-damage|p1a: Ogerpon|73/100
|-sidestart|p1: 201187abc|Spikes
|
|upkeep
|turn|7
|inactive|201187abc has 120 seconds left.
|
|t:|1779692246
|switch|p2a: Landorus|Landorus-Therian, M|100/100
|-ability|p2a: Landorus|Intimidate|boost
|-unboost|p1a: Ogerpon|atk|1
|move|p1a: Ogerpon|Trailblaze|p2a: Landorus
|-crit|p2a: Landorus
|-damage|p2a: Landorus|52/100
|-boost|p1a: Ogerpon|spe|1
|-damage|p1a: Ogerpon|56/100|[from] item: Rocky Helmet|[of] p2a: Landorus
|
|upkeep
|turn|8
|inactive|201187abc has 120 seconds left.
|inactive|poppydiaper has 90 seconds left.
|
|t:|1779692264
|switch|p2a: Rillaboom|Rillaboom, F|26/100
|-status|p2a: Rillaboom|psn
|-enditem|p2a: Rillaboom|Lum Berry|[eat]
|-curestatus|p2a: Rillaboom|psn|[msg]
|-fieldstart|move: Grassy Terrain|[from] ability: Grassy Surge|[of] p2a: Rillaboom
|move|p1a: Ogerpon|Ivy Cudgel|p2a: Rillaboom|[anim] Ivy Cudgel Water
|-resisted|p2a: Rillaboom
|-damage|p2a: Rillaboom|6/100
|
|-heal|p1a: Ogerpon|62/100|[from] Grassy Terrain
|-heal|p2a: Rillaboom|12/100|[from] Grassy Terrain
|-sideend|p1: 201187abc|Reflect
|upkeep
|turn|9
|inactive|201187abc has 120 seconds left.
|
|t:|1779692276
|switch|p1a: Iron Moth|Iron Moth|89/100
|-damage|p1a: Iron Moth|76/100|[from] Spikes
|move|p2a: Rillaboom|Grassy Glide|p1a: Iron Moth
|-resisted|p1a: Iron Moth
|-damage|p1a: Iron Moth|60/100
|
|-heal|p1a: Iron Moth|66/100|[from] Grassy Terrain
|-heal|p2a: Rillaboom|18/100|[from] Grassy Terrain
|upkeep
|turn|10
|inactive|201187abc has 120 seconds left.
|inactive|poppydiaper has 90 seconds left.
|
|t:|1779692297
|move|p2a: Rillaboom|Grassy Glide|p1a: Iron Moth
|-resisted|p1a: Iron Moth
|-damage|p1a: Iron Moth|52/100
|move|p1a: Iron Moth|Sludge Wave|p2a: Rillaboom
|-supereffective|p2a: Rillaboom
|-crit|p2a: Rillaboom
|-damage|p2a: Rillaboom|0 fnt
|faint|p2a: Rillaboom
|
|-heal|p1a: Iron Moth|58/100|[from] Grassy Terrain
|upkeep
|inactive|poppydiaper has 60 seconds left.
|
|t:|1779692327
|switch|p2a: Hawlucha|Hawlucha, F|100/100
|-enditem|p2a: Hawlucha|Grassy Seed
|-boost|p2a: Hawlucha|def|1|[from] item: Grassy Seed
|turn|11
|inactive|201187abc has 120 seconds left.
|inactive|poppydiaper has 60 seconds left.
|
|t:|1779692339
|move|p2a: Hawlucha|Acrobatics|p1a: Iron Moth
|-damage|p1a: Iron Moth|0 fnt
|faint|p1a: Iron Moth
|-end|p1a: Iron Moth|Quark Drive|[silent]
|
|upkeep
|
|t:|1779692344
|switch|p1a: Raging Bolt|Raging Bolt|100/100
|-damage|p1a: Raging Bolt|88/100|[from] Spikes
|-enditem|p1a: Raging Bolt|Booster Energy
|-activate|p1a: Raging Bolt|ability: Protosynthesis|[fromitem]
|-start|p1a: Raging Bolt|protosynthesisspa
|turn|12
|inactive|201187abc has 120 seconds left.
|inactive|poppydiaper has 60 seconds left.
|inactive|poppydiaper has 30 seconds left.
|
|t:|1779692398
|switch|p2a: Landorus|Landorus-Therian, M|52/100
|-ability|p2a: Landorus|Intimidate|boost
|-unboost|p1a: Raging Bolt|atk|1
|move|p1a: Raging Bolt|Thunderbolt|p2a: Landorus
|-immune|p2a: Landorus
|
|-heal|p1a: Raging Bolt|94/100|[from] Grassy Terrain
|-fieldend|move: Grassy Terrain
|upkeep
|turn|13
|inactive|poppydiaper has 30 seconds left.
|
|t:|1779692409
|-end|p1a: Raging Bolt|Protosynthesis|[silent]
|switch|p1a: Gliscor|Gliscor, F|100/100
|move|p2a: Landorus|U-turn|p1a: Gliscor
|-resisted|p1a: Gliscor
|-damage|p1a: Gliscor|93/100
|inactive|poppydiaper has 30 seconds left.
|inactive|poppydiaper has 20 seconds left.
|inactive|poppydiaper has 15 seconds left.
|inactive|poppydiaper has 10 seconds left.
|
|t:|1779692435
|switch|p2a: Kyurem|Kyurem|100/100|[from] U-turn
|-status|p2a: Kyurem|psn
|-ability|p2a: Kyurem|Pressure
|
|-damage|p2a: Kyurem|88/100 psn|[from] psn
|-status|p1a: Gliscor|tox|[from] item: Toxic Orb
|upkeep
|turn|14
|inactive|poppydiaper has 20 seconds left this turn.
|inactive|poppydiaper has 15 seconds left.
|
|t:|1779692465
|switch|p1a: Ogerpon|Ogerpon-Wellspring, F|62/100
|-damage|p1a: Ogerpon|50/100|[from] Spikes
|move|p2a: Kyurem|Ice Beam|p1a: Ogerpon
|-damage|p1a: Ogerpon|0 fnt
|faint|p1a: Ogerpon
|
|-damage|p2a: Kyurem|76/100 psn|[from] psn
|upkeep
|
|t:|1779692471
|switch|p1a: Zamazenta|Zamazenta|32/100
|-damage|p1a: Zamazenta|19/100|[from] Spikes
|turn|15
|inactive|poppydiaper has 30 seconds left this turn.
|inactive|poppydiaper has 20 seconds left.
|
|t:|1779692484
|switch|p2a: Landorus|Landorus-Therian, M|52/100
|-ability|p2a: Landorus|Intimidate|boost
|-unboost|p1a: Zamazenta|atk|1
|move|p1a: Zamazenta|Light Screen|p1a: Zamazenta
|-sidestart|p1: 201187abc|move: Light Screen
|
|upkeep
|turn|16
|inactive|poppydiaper has 30 seconds left this turn.
|
|t:|1779692496
|switch|p2a: Samurott|Samurott-Hisui, F|100/100
|-status|p2a: Samurott|psn
|move|p1a: Zamazenta|Reflect|p1a: Zamazenta
|-sidestart|p1: 201187abc|Reflect
|
|-damage|p2a: Samurott|88/100 psn|[from] psn
|upkeep
|turn|17
|inactive|poppydiaper has 30 seconds left.
|
|t:|1779692507
|move|p1a: Zamazenta|Close Combat|p2a: Samurott
|-supereffective|p2a: Samurott
|-crit|p2a: Samurott
|-damage|p2a: Samurott|0 fnt
|-unboost|p1a: Zamazenta|def|1
|-unboost|p1a: Zamazenta|spd|1
|faint|p2a: Samurott
|
|upkeep
|inactive|poppydiaper has 30 seconds left.
|c|☆201187abc|mb
|
|t:|1779692514
|switch|p2a: Landorus|Landorus-Therian, M|52/100
|-ability|p2a: Landorus|Intimidate|boost
|-unboost|p1a: Zamazenta|atk|1
|turn|18
|inactive|poppydiaper has 30 seconds left.
|
|t:|1779692527
|switch|p1a: Raging Bolt|Raging Bolt|94/100
|-damage|p1a: Raging Bolt|82/100|[from] Spikes
|move|p2a: Landorus|Earth Power|p1a: Raging Bolt
|-supereffective|p1a: Raging Bolt
|-damage|p1a: Raging Bolt|52/100
|
|upkeep
|turn|19
|inactive|poppydiaper has 30 seconds left.
|
|t:|1779692543
|move|p2a: Landorus|U-turn|p1a: Raging Bolt
|-damage|p1a: Raging Bolt|42/100
|inactive|poppydiaper has 30 seconds left this turn.
|
|t:|1779692549
|switch|p2a: Hawlucha|Hawlucha, F|100/100|[from] U-turn
|move|p1a: Raging Bolt|Dragon Pulse|p2a: Hawlucha
|-damage|p2a: Hawlucha|24/100
|
|upkeep
|turn|20
|
|t:|1779692558
|move|p2a: Hawlucha|Roost|p2a: Hawlucha
|-heal|p2a: Hawlucha|74/100
|-singleturn|p2a: Hawlucha|move: Roost
|move|p1a: Raging Bolt|Dragon Pulse|p2a: Hawlucha
|-damage|p2a: Hawlucha|0 fnt
|faint|p2a: Hawlucha
|
|upkeep
|
|t:|1779692566
|switch|p2a: Gholdengo|Gholdengo|100/100
|turn|21
|inactive|poppydiaper has 30 seconds left.
|
|t:|1779692583
|move|p2a: Gholdengo|Trick|p1a: Raging Bolt
|-activate|p2a: Gholdengo|move: Trick|[of] p1a: Raging Bolt
|-item|p1a: Raging Bolt|Choice Scarf|[from] move: Trick
|-enditem|p2a: Gholdengo|Choice Scarf|[silent]|[from] move: Trick
|move|p1a: Raging Bolt|Thunderbolt|p2a: Gholdengo
|-damage|p2a: Gholdengo|33/100
|
|upkeep
|turn|22
|inactive|poppydiaper has 30 seconds left.
|
|t:|1779692594
|-end|p1a: Raging Bolt|Protosynthesis|[silent]
|switch|p1a: Gliscor|Gliscor, F|93/100 tox
|switch|p2a: Landorus|Landorus-Therian, M|52/100
|-ability|p2a: Landorus|Intimidate|boost
|-unboost|p1a: Gliscor|atk|1
|
|-heal|p1a: Gliscor|100/100 tox|[from] ability: Poison Heal
|-sideend|p1: 201187abc|move: Light Screen
|upkeep
|turn|23
|
|t:|1779692602
|move|p2a: Landorus|Taunt|p1a: Gliscor
|-start|p1a: Gliscor|move: Taunt
|cant|p1a: Gliscor|move: Taunt|Agility
|
|-sideend|p1: 201187abc|Reflect
|upkeep
|turn|24
|
|t:|1779692619
|move|p2a: Landorus|Stealth Rock|p1a: Gliscor
|-sidestart|p1: 201187abc|move: Stealth Rock
|move|p1a: Gliscor|Earthquake|p2a: Landorus
|-immune|p2a: Landorus
|
|upkeep
|turn|25
|
|t:|1779692628
|move|p2a: Landorus|Stealth Rock||[still]
|-fail|p2a: Landorus
|move|p1a: Gliscor|Facade|p2a: Landorus
|-damage|p2a: Landorus|25/100
|-damage|p1a: Gliscor|84/100 tox|[from] item: Rocky Helmet|[of] p2a: Landorus
|
|-heal|p1a: Gliscor|96/100 tox|[from] ability: Poison Heal
|-end|p1a: Gliscor|move: Taunt
|upkeep
|turn|26
|
|t:|1779692634
|move|p2a: Landorus|Taunt|p1a: Gliscor
|-start|p1a: Gliscor|move: Taunt
|cant|p1a: Gliscor|move: Taunt|Swords Dance
|
|-heal|p1a: Gliscor|100/100 tox|[from] ability: Poison Heal
|upkeep
|turn|27
|
|t:|1779692640
|move|p2a: Landorus|U-turn|p1a: Gliscor
|-resisted|p1a: Gliscor
|-damage|p1a: Gliscor|92/100 tox
|
|t:|1779692642
|switch|p2a: Gholdengo|Gholdengo|33/100|[from] U-turn
|move|p1a: Gliscor|Facade|p2a: Gholdengo
|-immune|p2a: Gholdengo
|
|-heal|p1a: Gliscor|100/100 tox|[from] ability: Poison Heal
|upkeep
|turn|28
|
|t:|1779692654
|-terastallize|p2a: Gholdengo|Steel
|move|p2a: Gholdengo|Make It Rain|p1a: Gliscor
|-damage|p1a: Gliscor|0 fnt
|-unboost|p2a: Gholdengo|spa|1
|faint|p1a: Gliscor
|
|upkeep
|
|t:|1779692668
|switch|p1a: Hatterene|Hatterene, F|100/100
|-damage|p1a: Hatterene|88/100|[from] Spikes
|-damage|p1a: Hatterene|76/100|[from] Stealth Rock
|turn|29
|
|t:|1779692697
|-terastallize|p1a: Hatterene|Water
|move|p2a: Gholdengo|Make It Rain|p1a: Hatterene
|-resisted|p1a: Hatterene
|-damage|p1a: Hatterene|47/100
|-unboost|p2a: Gholdengo|spa|1
|move|p1a: Hatterene|Calm Mind|p1a: Hatterene
|-boost|p1a: Hatterene|spa|1
|-boost|p1a: Hatterene|spd|1
|
|-heal|p1a: Hatterene|53/100|[from] item: Leftovers
|upkeep
|turn|30
|inactive|201187abc has 120 seconds left.
|
|t:|1779692723
|switch|p2a: Kyurem|Kyurem|76/100 psn
|-ability|p2a: Kyurem|Pressure
|move|p1a: Hatterene|Draining Kiss|p2a: Kyurem
|-supereffective|p2a: Kyurem
|-damage|p2a: Kyurem|36/100 psn
|-heal|p1a: Hatterene|90/100|[from] drain|[of] p2a: Kyurem
|
|-heal|p1a: Hatterene|96/100|[from] item: Leftovers
|-damage|p2a: Kyurem|23/100 psn|[from] psn
|upkeep
|turn|31
|
|t:|1779692731
|move|p2a: Kyurem|Freeze-Dry|p1a: Hatterene
|-supereffective|p1a: Hatterene
|-damage|p1a: Hatterene|44/100
|move|p1a: Hatterene|Draining Kiss|p2a: Kyurem
|-supereffective|p2a: Kyurem
|-damage|p2a: Kyurem|0 fnt
|-heal|p1a: Hatterene|65/100|[from] drain|[of] p2a: Kyurem
|faint|p2a: Kyurem
|
|-heal|p1a: Hatterene|71/100|[from] item: Leftovers
|upkeep
|
|t:|1779692738
|switch|p2a: Gholdengo|Gholdengo, tera:Steel|33/100
|turn|32
|
|t:|1779692747
|move|p2a: Gholdengo|Shadow Ball|p1a: Hatterene
|-crit|p1a: Hatterene
|-damage|p1a: Hatterene|7/100
|move|p1a: Hatterene|Mystical Fire|p2a: Gholdengo
|-supereffective|p2a: Gholdengo
|-damage|p2a: Gholdengo|0 fnt
|faint|p2a: Gholdengo
|
|-heal|p1a: Hatterene|13/100|[from] item: Leftovers
|upkeep
|
|t:|1779692754
|switch|p2a: Landorus|Landorus-Therian, M|25/100
|-ability|p2a: Landorus|Intimidate|boost
|-unboost|p1a: Hatterene|atk|1
|turn|33
|c|☆201187abc|gg
|
|t:|1779692765
|move|p2a: Landorus|Earth Power|p1a: Hatterene
|-damage|p1a: Hatterene|0 fnt
|faint|p1a: Hatterene
|
|upkeep
|
|t:|1779692767
|switch|p1a: Zamazenta|Zamazenta|19/100
|-damage|p1a: Zamazenta|7/100|[from] Spikes
|-damage|p1a: Zamazenta|1/100|[from] Stealth Rock
|turn|34
|c|☆poppydiaper|wow
|c|☆201187abc|even if i died u gave me scarf bolt
|
|t:|1779692786
|move|p1a: Zamazenta|Ice Fang|p2a: Landorus
|-supereffective|p2a: Landorus
|-damage|p2a: Landorus|0 fnt
|-damage|p1a: Zamazenta|0 fnt|[from] item: Rocky Helmet|[of] p2a: Landorus
|faint|p2a: Landorus
|faint|p1a: Zamazenta
|
|win|201187abc
|raw|201187abc's rating: 1540 &rarr; <strong>1557</strong><br />(+17 for winning)
|raw|poppydiaper's rating: 1485 &rarr; <strong>1468</strong><br />(-17 for losing)
|l|☆poppydiaper
|player|p2|
