|j|☆Lukas21
|j|☆jetleiroi
|t:|1779641130
|gametype|singles
|player|p1|Lukas21|265|1153
|player|p2|jetleiroi|roxie|1195
|gen|9
|tier|[Gen 9] OU
|rated|
|rule|HP Percentage Mod: HP is shown in percentages
|rule|Endless Battle Clause: Forcing endless battles is banned
|rule|Species Clause: Limit one of each Pokémon
|rule|OHKO Clause: OHKO moves are banned
|rule|Evasion Items Clause: Evasion items are banned
|rule|Evasion Moves Clause: Evasion moves are banned
|rule|Evasion Abilities Clause: Evasion abilities are banned
|rule|Sleep Moves Clause: Sleep-inducing moves are banned
|clearpoke
|poke|p1|Scyther, M|
|poke|p1|Incineroar, F|
|poke|p1|Eelektross, M|
|poke|p1|Glimmora, M|
|poke|p1|Copperajah, F|
|poke|p1|Hydrapple, F|
|poke|p2|Indeedee, M|
|poke|p2|Great Tusk|
|poke|p2|Walking Wake|
|poke|p2|Pecharunt|
|poke|p2|Iron Jugulis|
|poke|p2|Diancie|
|teampreview
|inactive|Battle timer is ON: inactive players will automatically lose when time's up. (requested by jetleiroi)
|
|t:|1779641164
|teamsize|p1|6
|teamsize|p2|6
|start
|switch|p1a: Glimmora|Glimmora, M|100/100
|switch|p2a: Yes Indeedee!|Indeedee, M|100/100
|-fieldstart|move: Psychic Terrain|[from] ability: Psychic Surge|[of] p2a: Yes Indeedee!
|-item|p1a: Glimmora|Air Balloon
|turn|1
|
|t:|1779641193
|switch|p1a: Incineroar|Incineroar, F|100/100
|-ability|p1a: Incineroar|Intimidate|boost
|-unboost|p2a: Yes Indeedee!|atk|1
|move|p2a: Yes Indeedee!|Expanding Force|p1a: Incineroar
|-immune|p1a: Incineroar
|
|upkeep
|turn|2
|
|t:|1779641203
|switch|p2a: Elon Tusk|Great Tusk|100/100
|-enditem|p2a: Elon Tusk|Booster Energy
|-activate|p2a: Elon Tusk|ability: Protosynthesis|[fromitem]
|-start|p2a: Elon Tusk|protosynthesisatk
|move|p1a: Incineroar|Darkest Lariat|p2a: Elon Tusk
|-resisted|p2a: Elon Tusk
|-damage|p2a: Elon Tusk|89/100
|
|upkeep
|turn|3
|inactive|jetleiroi has 120 seconds left.
|inactive|jetleiroi has 90 seconds left.
|
|t:|1779641272
|switch|p1a: Eelektross|Eelektross, M|100/100
|move|p2a: Elon Tusk|Close Combat|p1a: Eelektross
|-damage|p1a: Eelektross|31/100
|-unboost|p2a: Elon Tusk|def|1
|-unboost|p2a: Elon Tusk|spd|1
|
|upkeep
|turn|4
|c|☆jetleiroi|my bad dog
|
|t:|1779641281
|move|p2a: Elon Tusk|Close Combat|p1a: Eelektross
|-damage|p1a: Eelektross|0 fnt
|-unboost|p2a: Elon Tusk|def|1
|-unboost|p2a: Elon Tusk|spd|1
|faint|p1a: Eelektross
|
|upkeep
|
|t:|1779641290
|switch|p1a: Hydrapple|Hydrapple, F|100/100
|turn|5
|inactive|jetleiroi has 90 seconds left.
|
|t:|1779641296
|-end|p2a: Elon Tusk|Protosynthesis|[silent]
|switch|p2a: Princess Pech|Pecharunt|100/100
|move|p1a: Hydrapple|Giga Drain|p2a: Princess Pech
|-resisted|p2a: Princess Pech
|-damage|p2a: Princess Pech|78/100
|-damage|p1a: Hydrapple|91/100|[from] item: Life Orb
|
|-fieldend|move: Psychic Terrain
|upkeep
|turn|6
|
|t:|1779641306
|move|p2a: Princess Pech|Parting Shot|p1a: Hydrapple
|-unboost|p1a: Hydrapple|atk|1
|-unboost|p1a: Hydrapple|spa|1
|
|t:|1779641312
|switch|p2a: Uncle Iro|Iron Jugulis|100/100|[from] Parting Shot
|-enditem|p2a: Uncle Iro|Booster Energy
|-activate|p2a: Uncle Iro|ability: Quark Drive|[fromitem]
|-start|p2a: Uncle Iro|quarkdrivespe
|move|p1a: Hydrapple|Earth Power|p2a: Uncle Iro
|-immune|p2a: Uncle Iro
|
|upkeep
|turn|7
|
|t:|1779641322
|switch|p1a: Copperajah|Copperajah, F|100/100
|move|p2a: Uncle Iro|Air Slash|p1a: Copperajah
|-resisted|p1a: Copperajah
|-damage|p1a: Copperajah|82/100
|
|-heal|p1a: Copperajah|88/100|[from] item: Leftovers
|upkeep
|turn|8
|c|☆jetleiroi|!stats copperajah
|c|☆jetleiroi|/raw <div class="message"><ul class="utilichart"><li class="result"><span class="col numcol">NU</span> <span class="col iconcol"><psicon pokemon="copperajah"/></span> <span class="col pokemonnamecol" style="white-space:nowrap"><a href="https://dex.pokemonshowdown.com/pokemon/copperajah" target="_blank">Copperajah</a></span> <span class="col typecol"><img src="https://play.pokemonshowdown.com/sprites/types/Steel.png" alt="Steel" height="14" width="32"></span> <span style="float:left;min-height:26px"><span class="col abilitycol">Sheer Force</span><span class="col abilitycol"><em>Heavy Metal</em></span></span><span style="float:left;min-height:26px"><span class="col statcol"><em>HP</em><br />122</span> <span class="col statcol"><em>Atk</em><br />130</span> <span class="col statcol"><em>Def</em><br />69</span> <span class="col statcol"><em>SpA</em><br />80</span> <span class="col statcol"><em>SpD</em><br />69</span> <span class="col statcol"><em>Spe</em><br />30</span> <span class="col bstcol"><em>BST<br />500</em></span> </span></li><li style="clear:both"></li></ul></div>

|inactive|jetleiroi has 90 seconds left.
|c|☆jetleiroi|damn
|
|t:|1779641345
|move|p2a: Uncle Iro|Fire Blast|p1a: Copperajah
|-supereffective|p1a: Copperajah
|-damage|p1a: Copperajah|10/100
|move|p1a: Copperajah|Play Rough|p2a: Uncle Iro
|-supereffective|p2a: Uncle Iro
|-damage|p2a: Uncle Iro|7/100
|
|-heal|p1a: Copperajah|16/100|[from] item: Leftovers
|upkeep
|turn|9
|inactive|jetleiroi has 90 seconds left.
|
|t:|1779641357
|move|p2a: Uncle Iro|Dark Pulse|p1a: Copperajah
|-damage|p1a: Copperajah|0 fnt
|faint|p1a: Copperajah
|
|upkeep
|
|t:|1779641364
|switch|p1a: Scyther|Scyther, M|100/100
|turn|10
|
|t:|1779641369
|-end|p2a: Uncle Iro|Quark Drive|[silent]
|switch|p2a: Yes Indeedee!|Indeedee, M|100/100
|-fieldstart|move: Psychic Terrain|[from] ability: Psychic Surge|[of] p2a: Yes Indeedee!
|move|p1a: Scyther|Quick Attack|p2a: Yes Indeedee!
|-activate|p2a: Yes Indeedee!|move: Psychic Terrain
|
|upkeep
|turn|11
|
|t:|1779641376
|move|p2a: Yes Indeedee!|Trick|p1a: Scyther
|-activate|p2a: Yes Indeedee!|move: Trick|[of] p1a: Scyther
|-item|p1a: Scyther|Choice Scarf|[from] move: Trick
|-item|p2a: Yes Indeedee!|Eviolite|[from] move: Trick
|move|p1a: Scyther|U-turn|p2a: Yes Indeedee!
|-supereffective|p2a: Yes Indeedee!
|-damage|p2a: Yes Indeedee!|0 fnt
|faint|p2a: Yes Indeedee!
|
|t:|1779641386
|switch|p1a: Glimmora|Glimmora, M|100/100|[from] U-turn
|-item|p1a: Glimmora|Air Balloon
|
|upkeep
|
|t:|1779641400
|switch|p2a: Walk em Down|Walking Wake|100/100
|turn|12
|
|t:|1779641410
|move|p2a: Walk em Down|Hydro Steam|p1a: Glimmora
|-supereffective|p1a: Glimmora
|-damage|p1a: Glimmora|9/100
|-enditem|p1a: Glimmora|Air Balloon
|move|p1a: Glimmora|Sludge Wave|p2a: Walk em Down
|-damage|p2a: Walk em Down|48/100
|
|upkeep
|turn|13
|
|t:|1779641420
|move|p2a: Walk em Down|Flamethrower|p1a: Glimmora
|-resisted|p1a: Glimmora
|-damage|p1a: Glimmora|0 fnt
|faint|p1a: Glimmora
|
|upkeep
|
|t:|1779641434
|switch|p1a: Hydrapple|Hydrapple, F|100/100
|turn|14
|inactive|jetleiroi has 120 seconds left.
|
|t:|1779641445
|-terastallize|p1a: Hydrapple|Ground
|move|p2a: Walk em Down|Draco Meteor|p1a: Hydrapple
|-damage|p1a: Hydrapple|42/100
|-unboost|p2a: Walk em Down|spa|2
|move|p1a: Hydrapple|Fickle Beam|p2a: Walk em Down
|-supereffective|p2a: Walk em Down
|-damage|p2a: Walk em Down|0 fnt
|faint|p2a: Walk em Down
|-end|p2a: Walk em Down|Protosynthesis|[silent]
|-damage|p1a: Hydrapple|33/100|[from] item: Life Orb
|
|-fieldend|move: Psychic Terrain
|upkeep
|inactive|jetleiroi has 120 seconds left.
|
|t:|1779641471
|switch|p2a: Uncle Iro|Iron Jugulis|7/100
|turn|15
|
|t:|1779641484
|switch|p1a: Incineroar|Incineroar, F|100/100
|-ability|p1a: Incineroar|Intimidate|boost
|-unboost|p2a: Uncle Iro|atk|1
|move|p2a: Uncle Iro|Air Slash|p1a: Incineroar
|-damage|p1a: Incineroar|66/100
|
|upkeep
|turn|16
|
|t:|1779641493
|-end|p2a: Uncle Iro|Quark Drive|[silent]
|switch|p2a: Princess Pech|Pecharunt|78/100
|move|p1a: Incineroar|Darkest Lariat|p2a: Princess Pech
|-supereffective|p2a: Princess Pech
|-damage|p2a: Princess Pech|44/100
|-damage|p1a: Incineroar|49/100|[from] item: Rocky Helmet|[of] p2a: Princess Pech
|
|upkeep
|turn|17
|inactive|jetleiroi has 120 seconds left.
|
|t:|1779641500
|move|p2a: Princess Pech|Recover|p2a: Princess Pech
|-heal|p2a: Princess Pech|94/100
|move|p1a: Incineroar|Parting Shot|p2a: Princess Pech
|-unboost|p2a: Princess Pech|atk|1
|-unboost|p2a: Princess Pech|spa|1
|
|t:|1779641505
|switch|p1a: Hydrapple|Hydrapple, F, tera:Ground|66/100|[from] Parting Shot
|
|upkeep
|turn|18
|
|t:|1779641514
|move|p2a: Princess Pech|Parting Shot|p1a: Hydrapple
|-unboost|p1a: Hydrapple|atk|1
|-unboost|p1a: Hydrapple|spa|1
|
|t:|1779641518
|switch|p2a: Elon Tusk|Great Tusk|89/100|[from] Parting Shot
|move|p1a: Hydrapple|Giga Drain|p2a: Elon Tusk
|-supereffective|p2a: Elon Tusk
|-damage|p2a: Elon Tusk|6/100
|-heal|p1a: Hydrapple|100/100|[from] drain|[of] p2a: Elon Tusk
|-damage|p1a: Hydrapple|91/100|[from] item: Life Orb
|
|upkeep
|turn|19
|c|☆jetleiroi|nice
|
|t:|1779641534
|move|p2a: Elon Tusk|Close Combat|p1a: Hydrapple
|-damage|p1a: Hydrapple|49/100
|-unboost|p2a: Elon Tusk|def|1
|-unboost|p2a: Elon Tusk|spd|1
|move|p1a: Hydrapple|Giga Drain|p2a: Elon Tusk
|-supereffective|p2a: Elon Tusk
|-damage|p2a: Elon Tusk|0 fnt
|-heal|p1a: Hydrapple|53/100|[from] drain|[of] p2a: Elon Tusk
|faint|p2a: Elon Tusk
|-end|p2a: Elon Tusk|Protosynthesis|[silent]
|-damage|p1a: Hydrapple|43/100|[from] item: Life Orb
|
|upkeep
|
|t:|1779641546
|switch|p2a: Princess Pech|Pecharunt|94/100
|turn|20
|
|t:|1779641553
|switch|p1a: Scyther|Scyther, M|100/100
|move|p2a: Princess Pech|Malignant Chain|p1a: Scyther
|-damage|p1a: Scyther|64/100
|
|upkeep
|turn|21
|
|t:|1779641560
|move|p1a: Scyther|U-turn|p2a: Princess Pech
|-resisted|p2a: Princess Pech
|-damage|p2a: Princess Pech|92/100
|-damage|p1a: Scyther|48/100|[from] item: Rocky Helmet|[of] p2a: Princess Pech
|
|t:|1779641566
|switch|p1a: Hydrapple|Hydrapple, F, tera:Ground|76/100|[from] U-turn
|move|p2a: Princess Pech|Malignant Chain|p1a: Hydrapple
|-resisted|p1a: Hydrapple
|-damage|p1a: Hydrapple|63/100
|
|upkeep
|turn|22
|
|t:|1779641575
|move|p2a: Princess Pech|Parting Shot|p1a: Hydrapple
|-unboost|p1a: Hydrapple|atk|1
|-unboost|p1a: Hydrapple|spa|1
|
|t:|1779641579
|switch|p2a: Uncle Iro|Iron Jugulis|7/100|[from] Parting Shot
|move|p1a: Hydrapple|Recover|p1a: Hydrapple
|-heal|p1a: Hydrapple|100/100
|
|upkeep
|turn|23
|
|t:|1779641589
|move|p2a: Uncle Iro|Air Slash|p1a: Hydrapple
|-damage|p1a: Hydrapple|65/100
|cant|p1a: Hydrapple|flinch
|
|upkeep
|turn|24
|
|t:|1779641593
|move|p2a: Uncle Iro|Air Slash|p1a: Hydrapple|[miss]
|-miss|p2a: Uncle Iro|p1a: Hydrapple
|move|p1a: Hydrapple|Recover|p1a: Hydrapple
|-heal|p1a: Hydrapple|100/100
|
|upkeep
|turn|25
|
|t:|1779641601
|-end|p2a: Uncle Iro|Quark Drive|[silent]
|switch|p2a: Princess Pech|Pecharunt|92/100
|move|p1a: Hydrapple|Fickle Beam|p2a: Princess Pech|[anim] Fickle Beam All Out
|-activate|p1a: Hydrapple|move: Fickle Beam
|-damage|p2a: Princess Pech|28/100
|-damage|p1a: Hydrapple|91/100|[from] item: Life Orb
|
|upkeep
|turn|26
|
|t:|1779641611
|move|p2a: Princess Pech|Recover|p2a: Princess Pech
|-heal|p2a: Princess Pech|78/100
|move|p1a: Hydrapple|Earth Power|p2a: Princess Pech
|-supereffective|p2a: Princess Pech
|-damage|p2a: Princess Pech|7/100
|-damage|p1a: Hydrapple|81/100|[from] item: Life Orb
|
|upkeep
|turn|27
|
|t:|1779641618
|move|p2a: Princess Pech|Parting Shot|p1a: Hydrapple
|-unboost|p1a: Hydrapple|atk|1
|-unboost|p1a: Hydrapple|spa|1
|
|t:|1779641621
|switch|p2a: Uncle Iro|Iron Jugulis|7/100|[from] Parting Shot
|move|p1a: Hydrapple|Fickle Beam|p2a: Uncle Iro
|-crit|p2a: Uncle Iro
|-damage|p2a: Uncle Iro|0 fnt
|faint|p2a: Uncle Iro
|-end|p2a: Uncle Iro|Quark Drive|[silent]
|-damage|p1a: Hydrapple|71/100|[from] item: Life Orb
|
|upkeep
|
|t:|1779641628
|switch|p2a: 4 Ever|Diancie|100/100
|turn|28
|
|t:|1779641643
|switch|p1a: Scyther|Scyther, M|48/100
|-terastallize|p2a: 4 Ever|Psychic
|move|p2a: 4 Ever|Calm Mind|p2a: 4 Ever
|-boost|p2a: 4 Ever|spa|1
|-boost|p2a: 4 Ever|spd|1
|
|upkeep
|turn|29
|
|t:|1779641651
|move|p1a: Scyther|U-turn|p2a: 4 Ever
|-supereffective|p2a: 4 Ever
|-damage|p2a: 4 Ever|66/100
|
|t:|1779641655
|switch|p1a: Incineroar|Incineroar, F|49/100|[from] U-turn
|-ability|p1a: Incineroar|Intimidate|boost
|-fail|p2a: 4 Ever|unboost|[from] ability: Clear Body|[of] p2a: 4 Ever
|move|p2a: 4 Ever|Draining Kiss|p1a: Incineroar
|-damage|p1a: Incineroar|24/100
|-heal|p2a: 4 Ever|89/100|[from] drain|[of] p1a: Incineroar
|
|-heal|p2a: 4 Ever|95/100|[from] item: Leftovers
|upkeep
|turn|30
|
|t:|1779641667
|move|p1a: Incineroar|Darkest Lariat|p2a: 4 Ever
|-supereffective|p2a: 4 Ever
|-damage|p2a: 4 Ever|41/100
|move|p2a: 4 Ever|Diamond Storm|p1a: Incineroar
|-supereffective|p1a: Incineroar
|-damage|p1a: Incineroar|0 fnt
|faint|p1a: Incineroar
|
|-heal|p2a: 4 Ever|47/100|[from] item: Leftovers
|upkeep
|
|t:|1779641682
|switch|p1a: Hydrapple|Hydrapple, F, tera:Ground|100/100
|turn|31
|
|t:|1779641688
|move|p1a: Hydrapple|Fickle Beam|p2a: 4 Ever|[anim] Fickle Beam All Out
|-activate|p1a: Hydrapple|move: Fickle Beam
|-damage|p2a: 4 Ever|0 fnt
|faint|p2a: 4 Ever
|-damage|p1a: Hydrapple|91/100|[from] item: Life Orb
|
|upkeep
|
|t:|1779641694
|switch|p2a: Princess Pech|Pecharunt|7/100
|turn|32
|c|☆jetleiroi|i hate that move gg
|
|t:|1779641700
|move|p2a: Princess Pech|Recover|p2a: Princess Pech
|-heal|p2a: Princess Pech|57/100
|move|p1a: Hydrapple|Earth Power|p2a: Princess Pech
|-supereffective|p2a: Princess Pech
|-damage|p2a: Princess Pech|0 fnt
|faint|p2a: Princess Pech
|-damage|p1a: Hydrapple|81/100|[from] item: Life Orb
|
|win|Lukas21
|raw|Lukas21's rating: 1153 &rarr; <strong>1181</strong><br />(+28 for winning)
|raw|jetleiroi's rating: 1195 &rarr; <strong>1167</strong><br />(-28 for losing)
|l|☆jetleiroi
|player|p2|
|l|☆Lukas21
|player|p1|
