|j|☆de_axioma
|j|☆PachuMerin
|t:|1779603593
|gametype|singles
|player|p1|de_axioma|cynthia-gen4|1142
|player|p2|PachuMerin|acetrainercouple|1078
|gen|9
|tier|[Gen 9] OU
|rated|
|rule|HP Percentage Mod: HP is shown in percentages
|rule|Endless Battle Clause: Forcing endless battles is banned
|rule|Species Clause: Limit one of each Pokémon
|rule|OHKO Clause: OHKO moves are banned
|rule|Evasion Items Clause: Evasion items are banned
|rule|Evasion Moves Clause: Evasion moves are banned
|rule|Evasion Abilities Clause: Evasion abilities are banned
|rule|Sleep Moves Clause: Sleep-inducing moves are banned
|clearpoke
|poke|p1|Tinkaton, F|
|poke|p1|Latios, M|
|poke|p1|Gliscor, F|
|poke|p1|Pecharunt|
|poke|p1|Zamazenta-*|
|poke|p1|Samurott-Hisui, M|
|poke|p2|Eelektross, M|
|poke|p2|Glimmora, M|
|poke|p2|Noivern, F|
|poke|p2|Zoroark-Hisui, F|
|poke|p2|Samurott-Hisui, F|
|poke|p2|Scream Tail|
|teampreview
|inactive|Battle timer is ON: inactive players will automatically lose when time's up. (requested by de_axioma)
|
|t:|1779603603
|teamsize|p1|6
|teamsize|p2|6
|start
|switch|p1a: Gliscor|Gliscor, F, shiny|100/100
|switch|p2a: Am i the spy?|Glimmora, M|100/100
|turn|1
|
|t:|1779603610
|move|p1a: Gliscor|Protect|p1a: Gliscor
|-singleturn|p1a: Gliscor|Protect
|move|p2a: Am i the spy?|Power Gem|p1a: Gliscor
|-activate|p1a: Gliscor|move: Protect
|
|-status|p1a: Gliscor|tox|[from] item: Toxic Orb
|upkeep
|turn|2
|
|t:|1779603618
|move|p2a: Am i the spy?|Power Gem|p1a: Gliscor
|-damage|p1a: Gliscor|55/100 tox
|move|p1a: Gliscor|Earthquake|p2a: Am i the spy?
|-supereffective|p2a: Am i the spy?
|-damage|p2a: Am i the spy?|0 fnt
|-activate|p2a: Am i the spy?|ability: Toxic Debris
|-sidestart|p1: de_axioma|move: Toxic Spikes
|faint|p2a: Am i the spy?
|
|-heal|p1a: Gliscor|67/100 tox|[from] ability: Poison Heal
|upkeep
|
|t:|1779603622
|switch|p2a: Totally Grounded|Eelektross, M|100/100
|turn|3
|
|t:|1779603629
|-terastallize|p2a: Totally Grounded|Poison
|move|p1a: Gliscor|Protect|p1a: Gliscor
|-singleturn|p1a: Gliscor|Protect
|move|p2a: Totally Grounded|Coil|p2a: Totally Grounded
|-boost|p2a: Totally Grounded|atk|1
|-boost|p2a: Totally Grounded|def|1
|-boost|p2a: Totally Grounded|accuracy|1
|
|-heal|p1a: Gliscor|80/100 tox|[from] ability: Poison Heal
|upkeep
|turn|4
|
|t:|1779603636
|move|p1a: Gliscor|Earthquake|p2a: Totally Grounded
|-immune|p2a: Totally Grounded|[from] ability: Levitate
|move|p2a: Totally Grounded|Coil|p2a: Totally Grounded
|-boost|p2a: Totally Grounded|atk|1
|-boost|p2a: Totally Grounded|def|1
|-boost|p2a: Totally Grounded|accuracy|1
|
|-heal|p1a: Gliscor|92/100 tox|[from] ability: Poison Heal
|upkeep
|turn|5
|c|☆PachuMerin|do i need to rename him I HAVE LEVETATE
|
|t:|1779603662
|move|p1a: Gliscor|U-turn|p2a: Totally Grounded
|-resisted|p2a: Totally Grounded
|-damage|p2a: Totally Grounded|96/100
|
|t:|1779603666
|switch|p1a: Tinkaton|Tinkaton, F|100/100|[from] U-turn
|-item|p1a: Tinkaton|Air Balloon
|move|p2a: Totally Grounded|Coil|p2a: Totally Grounded
|-boost|p2a: Totally Grounded|atk|1
|-boost|p2a: Totally Grounded|def|1
|-boost|p2a: Totally Grounded|accuracy|1
|
|-heal|p2a: Totally Grounded|100/100|[from] item: Leftovers
|upkeep
|turn|6
|
|t:|1779603678
|move|p1a: Tinkaton|Gigaton Hammer|p2a: Totally Grounded
|-damage|p2a: Totally Grounded|77/100
|move|p2a: Totally Grounded|Supercell Slam|p1a: Tinkaton
|-damage|p1a: Tinkaton|0 fnt
|-enditem|p1a: Tinkaton|Air Balloon
|faint|p1a: Tinkaton
|
|-heal|p2a: Totally Grounded|83/100|[from] item: Leftovers
|upkeep
|
|t:|1779603695
|switch|p1a: Pecharunt|Pecharunt|100/100
|-sideend|p1: de_axioma|move: Toxic Spikes|[of] p1a: Pecharunt
|turn|7
|
|t:|1779603700
|move|p1a: Pecharunt|Parting Shot|p2a: Totally Grounded
|-unboost|p2a: Totally Grounded|atk|1
|-unboost|p2a: Totally Grounded|spa|1
|
|t:|1779603704
|switch|p1a: Gliscor|Gliscor, F, shiny|92/100 tox|[from] Parting Shot
|move|p2a: Totally Grounded|Supercell Slam|p1a: Gliscor
|-immune|p1a: Gliscor
|-damage|p2a: Totally Grounded|33/100|[from] supercellslam
|
|-heal|p2a: Totally Grounded|40/100|[from] item: Leftovers
|-heal|p1a: Gliscor|100/100 tox|[from] ability: Poison Heal
|upkeep
|turn|8
|
|t:|1779603712
|move|p1a: Gliscor|U-turn|p2a: Totally Grounded
|-resisted|p2a: Totally Grounded
|-damage|p2a: Totally Grounded|36/100
|
|t:|1779603715
|switch|p1a: Pecharunt|Pecharunt|100/100|[from] U-turn
|move|p2a: Totally Grounded|Liquidation|p1a: Pecharunt
|-damage|p1a: Pecharunt|75/100
|
|-heal|p2a: Totally Grounded|42/100|[from] item: Leftovers
|upkeep
|turn|9
|
|t:|1779603723
|move|p1a: Pecharunt|Parting Shot|p2a: Totally Grounded
|-unboost|p2a: Totally Grounded|atk|1
|-unboost|p2a: Totally Grounded|spa|1
|
|t:|1779603726
|switch|p1a: Gliscor|Gliscor, F, shiny|100/100 tox|[from] Parting Shot
|move|p2a: Totally Grounded|Coil|p2a: Totally Grounded
|-boost|p2a: Totally Grounded|atk|1
|-boost|p2a: Totally Grounded|def|1
|-boost|p2a: Totally Grounded|accuracy|1
|
|-heal|p2a: Totally Grounded|48/100|[from] item: Leftovers
|upkeep
|turn|10
|
|t:|1779603732
|move|p1a: Gliscor|U-turn|p2a: Totally Grounded
|-resisted|p2a: Totally Grounded
|-damage|p2a: Totally Grounded|46/100
|
|t:|1779603735
|switch|p1a: Pecharunt|Pecharunt|75/100|[from] U-turn
|move|p2a: Totally Grounded|Coil|p2a: Totally Grounded
|-boost|p2a: Totally Grounded|atk|1
|-boost|p2a: Totally Grounded|def|1
|-boost|p2a: Totally Grounded|accuracy|1
|
|-heal|p2a: Totally Grounded|52/100|[from] item: Leftovers
|upkeep
|turn|11
|
|t:|1779603741
|move|p1a: Pecharunt|Shadow Ball|p2a: Totally Grounded
|-damage|p2a: Totally Grounded|27/100
|move|p2a: Totally Grounded|Coil|p2a: Totally Grounded
|-boost|p2a: Totally Grounded|atk|1
|-boost|p2a: Totally Grounded|def|1
|-boost|p2a: Totally Grounded|accuracy|1
|
|-heal|p2a: Totally Grounded|33/100|[from] item: Leftovers
|upkeep
|turn|12
|
|t:|1779603746
|move|p1a: Pecharunt|Shadow Ball|p2a: Totally Grounded
|-damage|p2a: Totally Grounded|6/100
|move|p2a: Totally Grounded|Liquidation|p1a: Pecharunt
|-damage|p1a: Pecharunt|38/100
|-unboost|p1a: Pecharunt|def|1
|
|-heal|p2a: Totally Grounded|13/100|[from] item: Leftovers
|upkeep
|turn|13
|
|t:|1779603752
|move|p1a: Pecharunt|Shadow Ball|p2a: Totally Grounded
|-damage|p2a: Totally Grounded|0 fnt
|faint|p2a: Totally Grounded
|
|upkeep
|
|t:|1779603754
|switch|p2a: Could be the spy|Scream Tail|100/100
|turn|14
|
|t:|1779603758
|move|p2a: Could be the spy|Nasty Plot|p2a: Could be the spy
|-boost|p2a: Could be the spy|spa|2
|move|p1a: Pecharunt|Recover|p1a: Pecharunt
|-heal|p1a: Pecharunt|88/100
|
|upkeep
|turn|15
|
|t:|1779603763
|move|p2a: Could be the spy|Shadow Ball|p1a: Pecharunt
|-supereffective|p1a: Pecharunt
|-damage|p1a: Pecharunt|0 fnt
|faint|p1a: Pecharunt
|
|upkeep
|
|t:|1779603768
|switch|p1a: Gliscor|Gliscor, F, shiny|100/100 tox
|turn|16
|
|t:|1779603772
|move|p2a: Could be the spy|Shadow Ball|p1a: Gliscor
|-damage|p1a: Gliscor|7/100 tox
|move|p1a: Gliscor|Toxic|p2a: Could be the spy
|-status|p2a: Could be the spy|tox
|
|-damage|p2a: Could be the spy|95/100 tox|[from] psn
|-heal|p1a: Gliscor|19/100 tox|[from] ability: Poison Heal
|upkeep
|turn|17
|
|t:|1779603777
|move|p1a: Gliscor|Protect|p1a: Gliscor
|-singleturn|p1a: Gliscor|Protect
|move|p2a: Could be the spy|Shadow Ball|p1a: Gliscor
|-activate|p1a: Gliscor|move: Protect
|
|-damage|p2a: Could be the spy|83/100 tox|[from] psn
|-heal|p1a: Gliscor|32/100 tox|[from] ability: Poison Heal
|upkeep
|turn|18
|
|t:|1779603792
|switch|p1a: Samurott|Samurott-Hisui, M|100/100
|move|p2a: Could be the spy|Shadow Ball|p1a: Samurott
|-resisted|p1a: Samurott
|-damage|p1a: Samurott|37/100
|
|-damage|p2a: Could be the spy|65/100 tox|[from] psn
|upkeep
|turn|19
|
|t:|1779603798
|move|p2a: Could be the spy|Shadow Ball|p1a: Samurott
|-resisted|p1a: Samurott
|-damage|p1a: Samurott|0 fnt
|faint|p1a: Samurott
|
|-damage|p2a: Could be the spy|41/100 tox|[from] psn
|upkeep
|
|t:|1779603801
|switch|p1a: Gliscor|Gliscor, F, shiny|32/100 tox
|turn|20
|
|t:|1779603804
|move|p1a: Gliscor|Protect|p1a: Gliscor
|-singleturn|p1a: Gliscor|Protect
|move|p2a: Could be the spy|Nasty Plot|p2a: Could be the spy
|-boost|p2a: Could be the spy|spa|2
|
|-damage|p2a: Could be the spy|11/100 tox|[from] psn
|-heal|p1a: Gliscor|44/100 tox|[from] ability: Poison Heal
|upkeep
|turn|21
|
|t:|1779603812
|move|p1a: Gliscor|Protect||[still]
|-fail|p1a: Gliscor
|move|p2a: Could be the spy|Shadow Ball|p1a: Gliscor
|-damage|p1a: Gliscor|0 fnt
|faint|p1a: Gliscor
|
|-damage|p2a: Could be the spy|0 fnt|[from] psn
|faint|p2a: Could be the spy
|upkeep
|
|t:|1779603817
|switch|p2a: Could be the spy|Scream Tail|100/100
|switch|p1a: Latios|Latios, M|100/100
|turn|22
|
|t:|1779603824
|move|p1a: Latios|Flip Turn|p2a: Could be the spy
|-damage|p2a: Could be the spy|91/100
|
|t:|1779603827
|switch|p1a: Zamazenta|Zamazenta|100/100|[from] Flip Turn
|-ability|p1a: Zamazenta|Dauntless Shield|boost
|-boost|p1a: Zamazenta|def|1
|move|p2a: Could be the spy|Trick|p1a: Zamazenta
|-activate|p2a: Could be the spy|move: Trick|[of] p1a: Zamazenta
|-item|p1a: Zamazenta|Lagging Tail|[from] move: Trick
|-item|p2a: Could be the spy|Heavy-Duty Boots|[from] move: Trick
|
|upkeep
|turn|23
|
|t:|1779603844
|move|p2a: Could be the spy|Psychic Noise|p1a: Zamazenta
|-supereffective|p1a: Zamazenta
|-damage|p1a: Zamazenta|67/100
|-start|p1a: Zamazenta|move: Heal Block
|move|p1a: Zamazenta|Crunch|p2a: Could be the spy
|-damage|p2a: Could be the spy|68/100
|
|upkeep
|turn|24
|
|t:|1779603851
|move|p2a: Could be the spy|Disable|p1a: Zamazenta
|-start|p1a: Zamazenta|Disable|Crunch
|move|p1a: Zamazenta|Heavy Slam|p2a: Could be the spy
|-supereffective|p2a: Could be the spy
|-damage|p2a: Could be the spy|0 fnt
|faint|p2a: Could be the spy
|-end|p2a: Could be the spy|Protosynthesis|[silent]
|
|-end|p1a: Zamazenta|move: Heal Block
|upkeep
|
|t:|1779603866
|switch|p2a: spikes for sale|Samurott-Hisui, F|100/100
|turn|25
|
|t:|1779603875
|move|p2a: spikes for sale|Sacred Sword|p1a: Zamazenta
|-damage|p1a: Zamazenta|28/100
|move|p1a: Zamazenta|Close Combat|p2a: spikes for sale
|-supereffective|p2a: spikes for sale
|-damage|p2a: spikes for sale|0 fnt
|-unboost|p1a: Zamazenta|def|1
|-unboost|p1a: Zamazenta|spd|1
|faint|p2a: spikes for sale
|
|upkeep
|
|t:|1779603878
|switch|p2a: Might be the spy|Noivern, F|100/100
|turn|26
|
|t:|1779603891
|move|p2a: Might be the spy|Dragon Pulse|p1a: Zamazenta
|-damage|p1a: Zamazenta|0 fnt
|faint|p1a: Zamazenta
|
|upkeep
|
|t:|1779603894
|switch|p1a: Latios|Latios, M|100/100
|turn|27
|
|t:|1779603897
|-terastallize|p1a: Latios|Steel
|move|p2a: Might be the spy|Dragon Pulse|p1a: Latios
|-resisted|p1a: Latios
|-damage|p1a: Latios|80/100
|move|p1a: Latios|Draco Meteor|p2a: Might be the spy
|-supereffective|p2a: Might be the spy
|-damage|p2a: Might be the spy|0 fnt
|-unboost|p1a: Latios|spa|2
|faint|p2a: Might be the spy
|
|win|de_axioma
|raw|de_axioma's rating: 1142 &rarr; <strong>1162</strong><br />(+20 for winning)
|raw|PachuMerin's rating: 1078 &rarr; <strong>1060</strong><br />(-18 for losing)
|l|☆PachuMerin
|player|p2|
|l|☆de_axioma
|player|p1|
