|j|☆Vieux Paresseux
|j|☆Test g17
|t:|1779635490
|gametype|singles
|player|p1|Vieux Paresseux|collector|1358
|player|p2|Test g17|hilbert|1390
|gen|9
|tier|[Gen 9] OU
|rated|
|rule|HP Percentage Mod: HP is shown in percentages
|rule|Endless Battle Clause: Forcing endless battles is banned
|rule|Species Clause: Limit one of each Pokémon
|rule|OHKO Clause: OHKO moves are banned
|rule|Evasion Items Clause: Evasion items are banned
|rule|Evasion Moves Clause: Evasion moves are banned
|rule|Evasion Abilities Clause: Evasion abilities are banned
|rule|Sleep Moves Clause: Sleep-inducing moves are banned
|clearpoke
|poke|p1|Dragonite, M|
|poke|p1|Snorlax, F|
|poke|p1|Lapras, F|
|poke|p1|Moltres|
|poke|p1|Scizor, M|
|poke|p1|Gengar, F|
|poke|p2|Feraligatr, F|
|poke|p2|Pelipper, M|
|poke|p2|Raikou|
|poke|p2|Tornadus-Therian, M|
|poke|p2|Iron Treads|
|poke|p2|Samurott-Hisui, F|
|teampreview
|
|t:|1779635494
|teamsize|p1|6
|teamsize|p2|6
|start
|switch|p1a: L'Eau Glace|Lapras, F|100/100
|switch|p2a: Pelipper|Pelipper, M|100/100
|-weather|RainDance|[from] ability: Drizzle|[of] p2a: Pelipper
|turn|1
|
|t:|1779635502
|move|p2a: Pelipper|U-turn|p1a: L'Eau Glace
|-damage|p1a: L'Eau Glace|92/100
|
|t:|1779635505
|switch|p2a: Samurott|Samurott-Hisui, F|100/100|[from] U-turn
|move|p1a: L'Eau Glace|Freeze-Dry|p2a: Samurott
|-supereffective|p2a: Samurott
|-damage|p2a: Samurott|42/100
|
|-weather|RainDance|[upkeep]
|-heal|p1a: L'Eau Glace|98/100|[from] item: Leftovers
|upkeep
|turn|2
|
|t:|1779635507
|move|p2a: Samurott|Ceaseless Edge|p1a: L'Eau Glace
|-damage|p1a: L'Eau Glace|57/100
|-sidestart|p1: Vieux Paresseux|Spikes
|move|p1a: L'Eau Glace|Freeze-Dry|p2a: Samurott
|-supereffective|p2a: Samurott
|-damage|p2a: Samurott|0 fnt
|faint|p2a: Samurott
|
|-weather|RainDance|[upkeep]
|-heal|p1a: L'Eau Glace|63/100|[from] item: Leftovers
|upkeep
|
|t:|1779635514
|switch|p2a: Raikou|Raikou, shiny|100/100
|-ability|p2a: Raikou|Pressure
|turn|3
|
|t:|1779635519
|-terastallize|p1a: L'Eau Glace|Ground
|move|p2a: Raikou|Volt Switch|p1a: L'Eau Glace
|-immune|p1a: L'Eau Glace
|move|p1a: L'Eau Glace|Earthquake|p2a: Raikou
|-supereffective|p2a: Raikou
|-damage|p2a: Raikou|15/100
|
|-weather|RainDance|[upkeep]
|-heal|p1a: L'Eau Glace|69/100|[from] item: Leftovers
|upkeep
|turn|4
|
|t:|1779635530
|move|p2a: Raikou|Thunder|p1a: L'Eau Glace
|-immune|p1a: L'Eau Glace
|move|p1a: L'Eau Glace|Freeze-Dry|p2a: Raikou
|-damage|p2a: Raikou|0 fnt
|faint|p2a: Raikou
|
|-weather|RainDance|[upkeep]
|-heal|p1a: L'Eau Glace|75/100|[from] item: Leftovers
|upkeep
|
|t:|1779635536
|switch|p2a: Tornadus|Tornadus-Therian, M|100/100
|turn|5
|
|t:|1779635538
|-terastallize|p2a: Tornadus|Flying
|move|p2a: Tornadus|Hurricane|p1a: L'Eau Glace
|-damage|p1a: L'Eau Glace|0 fnt
|faint|p1a: L'Eau Glace
|
|-weather|RainDance|[upkeep]
|upkeep
|
|t:|1779635544
|switch|p1a: Fat Cat|Snorlax, F|100/100
|-damage|p1a: Fat Cat|88/100|[from] Spikes
|turn|6
|
|t:|1779635546
|move|p2a: Tornadus|Hurricane|p1a: Fat Cat
|-damage|p1a: Fat Cat|47/100
|move|p1a: Fat Cat|Body Slam|p2a: Tornadus
|-damage|p2a: Tornadus|41/100
|
|-weather|RainDance|[upkeep]
|upkeep
|turn|7
|
|t:|1779635556
|switch|p2a: Iron Treads|Iron Treads|100/100
|-enditem|p2a: Iron Treads|Booster Energy
|-activate|p2a: Iron Treads|ability: Quark Drive|[fromitem]
|-start|p2a: Iron Treads|quarkdrivespe
|move|p1a: Fat Cat|Body Slam|p2a: Iron Treads
|-resisted|p2a: Iron Treads
|-damage|p2a: Iron Treads|81/100
|
|-weather|RainDance|[upkeep]
|upkeep
|turn|8
|
|t:|1779635560
|switch|p1a: Fried chicken|Moltres|100/100
|move|p2a: Iron Treads|Knock Off|p1a: Fried chicken
|-damage|p1a: Fried chicken|80/100
|-enditem|p1a: Fried chicken|Heavy-Duty Boots|[from] move: Knock Off|[of] p2a: Iron Treads
|
|-weather|none
|upkeep
|turn|9
|
|t:|1779635565
|-end|p2a: Iron Treads|Quark Drive|[silent]
|switch|p2a: Pelipper|Pelipper, M|100/100
|-weather|RainDance|[from] ability: Drizzle|[of] p2a: Pelipper
|move|p1a: Fried chicken|U-turn|p2a: Pelipper
|-resisted|p2a: Pelipper
|-damage|p2a: Pelipper|95/100
|
|t:|1779635577
|switch|p1a: Gengar|Gengar, F|100/100|[from] U-turn
|-damage|p1a: Gengar|88/100|[from] Spikes
|
|-weather|RainDance|[upkeep]
|upkeep
|turn|10
|
|t:|1779635580
|switch|p2a: Iron Treads|Iron Treads|81/100
|move|p1a: Gengar|Shadow Ball|p2a: Iron Treads
|-damage|p2a: Iron Treads|21/100
|
|-weather|RainDance|[upkeep]
|upkeep
|turn|11
|
|t:|1779635582
|move|p1a: Gengar|Shadow Ball|p2a: Iron Treads
|-damage|p2a: Iron Treads|0 fnt
|faint|p2a: Iron Treads
|-end|p2a: Iron Treads|Quark Drive|[silent]
|
|-weather|RainDance|[upkeep]
|upkeep
|
|t:|1779635584
|switch|p2a: Feraligatr|Feraligatr, F|100/100
|turn|12
|
|t:|1779635586
|move|p1a: Gengar|Shadow Ball|p2a: Feraligatr
|-damage|p2a: Feraligatr|46/100
|move|p2a: Feraligatr|Liquidation|p1a: Gengar
|-crit|p1a: Gengar
|-damage|p1a: Gengar|0 fnt
|-start|p2a: Feraligatr|Disable|Liquidation|[from] ability: Cursed Body|[of] p1a: Gengar
|faint|p1a: Gengar
|
|-weather|RainDance|[upkeep]
|upkeep
|
|t:|1779635607
|switch|p1a: Fried chicken|Moltres|80/100
|turn|13
|
|t:|1779635614
|switch|p2a: Pelipper|Pelipper, M|95/100
|move|p1a: Fried chicken|Air Slash|p2a: Pelipper
|-damage|p2a: Pelipper|47/100
|
|-weather|RainDance|[upkeep]
|upkeep
|turn|14
|
|t:|1779635620
|move|p1a: Fried chicken|Air Slash|p2a: Pelipper
|-damage|p2a: Pelipper|3/100
|move|p2a: Pelipper|Roost|p2a: Pelipper
|-heal|p2a: Pelipper|53/100
|-singleturn|p2a: Pelipper|move: Roost
|
|-weather|RainDance|[upkeep]
|upkeep
|turn|15
|
|t:|1779635628
|move|p1a: Fried chicken|Air Slash|p2a: Pelipper
|-damage|p2a: Pelipper|12/100
|move|p2a: Pelipper|Hurricane|p1a: Fried chicken
|-damage|p1a: Fried chicken|44/100
|
|-weather|RainDance|[upkeep]
|upkeep
|turn|16
|
|t:|1779635636
|move|p1a: Fried chicken|Air Slash|p2a: Pelipper
|-damage|p2a: Pelipper|0 fnt
|faint|p2a: Pelipper
|
|-weather|none
|upkeep
|
|t:|1779635638
|switch|p2a: Tornadus|Tornadus-Therian, M, tera:Flying|74/100
|turn|17
|
|t:|1779635639
|move|p2a: Tornadus|Hurricane|p1a: Fried chicken
|-damage|p1a: Fried chicken|0 fnt
|faint|p1a: Fried chicken
|
|upkeep
|
|t:|1779635644
|switch|p1a: What's up|Dragonite, M|100/100
|turn|18
|
|t:|1779635646
|move|p2a: Tornadus|Hurricane|p1a: What's up|[miss]
|-miss|p2a: Tornadus|p1a: What's up
|move|p1a: What's up|Ice Spinner|p2a: Tornadus
|-supereffective|p2a: Tornadus
|-damage|p2a: Tornadus|0 fnt
|faint|p2a: Tornadus
|
|upkeep
|
|t:|1779635648
|switch|p2a: Feraligatr|Feraligatr, F|46/100
|turn|19
|
|t:|1779635650
|move|p2a: Feraligatr|Ice Punch|p1a: What's up
|-supereffective|p1a: What's up
|-damage|p1a: What's up|15/100
|move|p1a: What's up|Earthquake|p2a: Feraligatr
|-crit|p2a: Feraligatr
|-damage|p2a: Feraligatr|0 fnt
|faint|p2a: Feraligatr
|
|win|Vieux Paresseux
|raw|Vieux Paresseux's rating: 1358 &rarr; <strong>1380</strong><br />(+22 for winning)
|raw|Test g17's rating: 1390 &rarr; <strong>1368</strong><br />(-22 for losing)
|l|☆Vieux Paresseux
|player|p1|
|c|☆Test g17|Gay
|c|☆Test g17|just put hp in everything
|l|☆Test g17
|player|p2|
