|j|☆Cinder D Ace
|j|☆fifodrummer
|t:|1779708794
|gametype|singles
|player|p1|Cinder D Ace|miku-fire|1378
|player|p2|fifodrummer|pokemaniac|1395
|gen|9
|tier|[Gen 9] OU
|rated|
|rule|HP Percentage Mod: HP is shown in percentages
|rule|Endless Battle Clause: Forcing endless battles is banned
|rule|Species Clause: Limit one of each Pokémon
|rule|OHKO Clause: OHKO moves are banned
|rule|Evasion Items Clause: Evasion items are banned
|rule|Evasion Moves Clause: Evasion moves are banned
|rule|Evasion Abilities Clause: Evasion abilities are banned
|rule|Sleep Moves Clause: Sleep-inducing moves are banned
|clearpoke
|poke|p1|Slowking-Galar, M|
|poke|p1|Garganacl, F|
|poke|p1|Cinderace, M|
|poke|p1|Keldeo-Resolute|
|poke|p1|Corviknight, F|
|poke|p1|Iron Valiant|
|poke|p2|Hawlucha, M|
|poke|p2|Azumarill, F|
|poke|p2|Zamazenta-*|
|poke|p2|Blastoise, M|
|poke|p2|Politoed, M|
|poke|p2|Lokix, M|
|teampreview
|inactive|Battle timer is ON: inactive players will automatically lose when time's up. (requested by Cinder D Ace)
|inactive|fifodrummer also wants the timer to be on.
|
|t:|1779708812
|teamsize|p1|6
|teamsize|p2|6
|start
|switch|p1a: Slowking|Slowking-Galar, M|100/100
|switch|p2a: Nice Guns|Blastoise, M|100/100
|turn|1
|
|t:|1779708819
|move|p2a: Nice Guns|Shell Smash|p2a: Nice Guns
|-unboost|p2a: Nice Guns|def|1
|-unboost|p2a: Nice Guns|spd|1
|-boost|p2a: Nice Guns|atk|2
|-boost|p2a: Nice Guns|spa|2
|-boost|p2a: Nice Guns|spe|2
|-enditem|p2a: Nice Guns|White Herb
|-clearnegativeboost|p2a: Nice Guns|[silent]
|move|p1a: Slowking|Thunder Wave|p2a: Nice Guns
|-status|p2a: Nice Guns|par
|
|upkeep
|turn|2
|
|t:|1779708829
|move|p2a: Nice Guns|Earthquake|p1a: Slowking
|-supereffective|p1a: Slowking
|-damage|p1a: Slowking|31/100
|-prepare|p1a: Slowking|Chilly Reception|[premajor]
|move|p1a: Slowking|Chilly Reception|p1a: Slowking
|-weather|Snowscape
|
|t:|1779708837
|switch|p1a: Keldeo|Keldeo-Resolute|100/100|[from] Chilly Reception
|
|-weather|Snowscape|[upkeep]
|upkeep
|turn|3
|
|t:|1779708843
|move|p1a: Keldeo|Secret Sword|p2a: Nice Guns
|-damage|p2a: Nice Guns|52/100 par
|move|p2a: Nice Guns|Earthquake|p1a: Keldeo
|-damage|p1a: Keldeo|59/100
|
|-weather|Snowscape|[upkeep]
|upkeep
|turn|4
|
|t:|1779708851
|move|p1a: Keldeo|Secret Sword|p2a: Nice Guns
|-damage|p2a: Nice Guns|1/100 par
|move|p2a: Nice Guns|Earthquake|p1a: Keldeo
|-damage|p1a: Keldeo|17/100
|
|-weather|Snowscape|[upkeep]
|upkeep
|turn|5
|
|t:|1779708859
|move|p1a: Keldeo|Secret Sword|p2a: Nice Guns
|-damage|p2a: Nice Guns|0 fnt
|faint|p2a: Nice Guns
|
|-weather|Snowscape|[upkeep]
|upkeep
|
|t:|1779708865
|switch|p2a: SSJ Kindersurprise|Azumarill, F, shiny|100/100
|turn|6
|
|t:|1779708870
|switch|p1a: Corviknight|Corviknight, F, shiny|100/100
|-ability|p1a: Corviknight|Pressure
|move|p2a: SSJ Kindersurprise|Belly Drum|p2a: SSJ Kindersurprise
|-damage|p2a: SSJ Kindersurprise|50/100
|-setboost|p2a: SSJ Kindersurprise|atk|6|[from] move: Belly Drum
|-enditem|p2a: SSJ Kindersurprise|Sitrus Berry|[eat]
|-heal|p2a: SSJ Kindersurprise|75/100|[from] item: Sitrus Berry
|
|-weather|none
|upkeep
|turn|7
|
|t:|1779708883
|move|p1a: Corviknight|Brave Bird|p2a: SSJ Kindersurprise
|-damage|p2a: SSJ Kindersurprise|36/100
|-damage|p1a: Corviknight|87/100|[from] Recoil
|move|p2a: SSJ Kindersurprise|Play Rough|p1a: Corviknight
|-resisted|p1a: Corviknight
|-damage|p1a: Corviknight|10/100
|
|-heal|p1a: Corviknight|17/100|[from] item: Leftovers
|upkeep
|turn|8
|
|t:|1779708902
|move|p2a: SSJ Kindersurprise|Aqua Jet|p1a: Corviknight
|-damage|p1a: Corviknight|0 fnt
|faint|p1a: Corviknight
|
|upkeep
|
|t:|1779708904
|switch|p1a: Keldeo|Keldeo-Resolute|17/100
|turn|9
|
|t:|1779708909
|move|p1a: Keldeo|Vacuum Wave|p2a: SSJ Kindersurprise
|-resisted|p2a: SSJ Kindersurprise
|-damage|p2a: SSJ Kindersurprise|25/100
|move|p2a: SSJ Kindersurprise|Aqua Jet|p1a: Keldeo
|-resisted|p1a: Keldeo
|-crit|p1a: Keldeo
|-damage|p1a: Keldeo|0 fnt
|faint|p1a: Keldeo
|
|upkeep
|
|t:|1779708913
|switch|p1a: Garganacl|Garganacl, F|100/100
|turn|10
|
|t:|1779708920
|-terastallize|p1a: Garganacl|Water
|move|p2a: SSJ Kindersurprise|Play Rough|p1a: Garganacl
|-damage|p1a: Garganacl|0 fnt
|faint|p1a: Garganacl
|
|upkeep
|-message|Cinder D Ace forfeited.
|
|win|fifodrummer
|raw|Cinder D Ace's rating: 1378 &rarr; <strong>1359</strong><br />(-19 for losing)
|raw|fifodrummer's rating: 1395 &rarr; <strong>1414</strong><br />(+19 for winning)
|l|☆Cinder D Ace
|player|p1|
