|j|☆aria4games
|j|☆prithalt67
|t:|1779615466
|gametype|singles
|player|p1|aria4games|baker|1388
|player|p2|prithalt67|n|1387
|gen|9
|tier|[Gen 9] OU
|rated|
|rule|HP Percentage Mod: HP is shown in percentages
|rule|Endless Battle Clause: Forcing endless battles is banned
|rule|Species Clause: Limit one of each Pokémon
|rule|OHKO Clause: OHKO moves are banned
|rule|Evasion Items Clause: Evasion items are banned
|rule|Evasion Moves Clause: Evasion moves are banned
|rule|Evasion Abilities Clause: Evasion abilities are banned
|rule|Sleep Moves Clause: Sleep-inducing moves are banned
|clearpoke
|poke|p1|Cinderace, M|
|poke|p1|Reuniclus, M|
|poke|p1|Kyurem|
|poke|p1|Raging Bolt|
|poke|p1|Darkrai|
|poke|p1|Keldeo-Resolute|
|poke|p2|Weavile, F|
|poke|p2|Pelipper, F|
|poke|p2|Rillaboom, F|
|poke|p2|Raging Bolt|
|poke|p2|Iron Treads|
|poke|p2|Iron Valiant|
|teampreview
|inactive|Battle timer is ON: inactive players will automatically lose when time's up. (requested by prithalt67)
|
|t:|1779615486
|teamsize|p1|6
|teamsize|p2|6
|start
|switch|p1a: NU's finest|Reuniclus, M, shiny|100/100
|switch|p2a: Anti-Lead|Weavile, F|100/100
|turn|1
|
|t:|1779615493
|move|p2a: Anti-Lead|Swords Dance|p2a: Anti-Lead
|-boost|p2a: Anti-Lead|atk|2
|move|p1a: NU's finest|Knock Off|p2a: Anti-Lead
|-resisted|p2a: Anti-Lead
|-damage|p2a: Anti-Lead|88/100
|-enditem|p2a: Anti-Lead|Focus Sash|[from] move: Knock Off|[of] p1a: NU's finest
|-enditem|p1a: NU's finest|Rocky Helmet|[silent]|[from] ability: Pickpocket|[of] p1a: NU's finest
|-item|p2a: Anti-Lead|Rocky Helmet|[from] ability: Pickpocket|[of] p1a: NU's finest
|
|upkeep
|turn|2
|c|☆aria4games|:(
|
|t:|1779615500
|move|p2a: Anti-Lead|Knock Off|p1a: NU's finest
|-supereffective|p1a: NU's finest
|-damage|p1a: NU's finest|0 fnt
|faint|p1a: NU's finest
|
|upkeep
|
|t:|1779615508
|switch|p1a: lil trooper|Keldeo-Resolute|100/100
|turn|3
|c|☆prithalt67|🤓
|
|t:|1779615515
|switch|p2a: Pelipper|Pelipper, F|100/100
|-weather|RainDance|[from] ability: Drizzle|[of] p2a: Pelipper
|move|p1a: lil trooper|Secret Sword|p2a: Pelipper
|-resisted|p2a: Pelipper
|-damage|p2a: Pelipper|76/100
|
|-weather|RainDance|[upkeep]
|upkeep
|turn|4
|
|t:|1779615523
|switch|p1a: '06 wayne rooney|Cinderace, M|100/100
|move|p2a: Pelipper|Ice Beam|p1a: '06 wayne rooney
|-resisted|p1a: '06 wayne rooney
|-damage|p1a: '06 wayne rooney|68/100
|
|-weather|RainDance|[upkeep]
|upkeep
|turn|5
|
|t:|1779615530
|switch|p2a: Anti-Lead|Weavile, F|88/100
|move|p1a: '06 wayne rooney|U-turn|p2a: Anti-Lead
|-start|p1a: '06 wayne rooney|typechange|Bug|[from] ability: Libero
|-supereffective|p2a: Anti-Lead
|-crit|p2a: Anti-Lead
|-damage|p2a: Anti-Lead|0 fnt
|-damage|p1a: '06 wayne rooney|52/100|[from] item: Rocky Helmet|[of] p2a: Anti-Lead
|faint|p2a: Anti-Lead
|
|t:|1779615537
|switch|p1a: lil trooper|Keldeo-Resolute|100/100|[from] U-turn
|
|-weather|RainDance|[upkeep]
|upkeep
|
|t:|1779615542
|switch|p2a: Rillaboom|Rillaboom, F|100/100
|-fieldstart|move: Grassy Terrain|[from] ability: Grassy Surge|[of] p2a: Rillaboom
|turn|6
|
|t:|1779615546
|-terastallize|p1a: lil trooper|Flying
|move|p1a: lil trooper|Air Slash|p2a: Rillaboom
|-supereffective|p2a: Rillaboom
|-damage|p2a: Rillaboom|1/100
|move|p2a: Rillaboom|High Horsepower|p1a: lil trooper
|-immune|p1a: lil trooper
|
|-weather|RainDance|[upkeep]
|-heal|p2a: Rillaboom|7/100|[from] Grassy Terrain
|upkeep
|turn|7
|
|t:|1779615552
|switch|p2a: Raging Bolt|Raging Bolt|100/100
|move|p1a: lil trooper|Air Slash|p2a: Raging Bolt
|-resisted|p2a: Raging Bolt
|-damage|p2a: Raging Bolt|89/100
|
|-weather|none
|-heal|p2a: Raging Bolt|95/100|[from] Grassy Terrain
|upkeep
|turn|8
|c|☆prithalt67|insane
|
|t:|1779615561
|switch|p1a: '06 wayne rooney|Cinderace, M|52/100
|move|p2a: Raging Bolt|Draco Meteor|p1a: '06 wayne rooney
|-damage|p1a: '06 wayne rooney|0 fnt
|-unboost|p2a: Raging Bolt|spa|2
|faint|p1a: '06 wayne rooney
|
|-heal|p2a: Raging Bolt|100/100|[from] Grassy Terrain
|upkeep
|c|☆aria4games|rilla pulled thru
|
|t:|1779615574
|switch|p1a: super mario|Kyurem, shiny|100/100
|-ability|p1a: super mario|Pressure
|turn|9
|
|t:|1779615579
|-end|p2a: Raging Bolt|Protosynthesis|[silent]
|switch|p2a: Rillaboom|Rillaboom, F|7/100
|move|p1a: super mario|Freeze-Dry|p2a: Rillaboom
|-supereffective|p2a: Rillaboom
|-damage|p2a: Rillaboom|0 fnt
|faint|p2a: Rillaboom
|
|upkeep
|
|t:|1779615582
|switch|p2a: Iron Treads|Iron Treads|100/100
|-enditem|p2a: Iron Treads|Booster Energy
|-activate|p2a: Iron Treads|ability: Quark Drive|[fromitem]
|-start|p2a: Iron Treads|quarkdrivespe
|turn|10
|
|t:|1779615587
|switch|p1a: lil trooper|Keldeo-Resolute, tera:Flying|100/100
|move|p2a: Iron Treads|Stealth Rock|p1a: lil trooper
|-sidestart|p1: aria4games|move: Stealth Rock
|
|-fieldend|move: Grassy Terrain
|upkeep
|turn|11
|
|t:|1779615593
|move|p2a: Iron Treads|Steel Beam|p1a: lil trooper
|-damage|p1a: lil trooper|48/100
|-damage|p2a: Iron Treads|50/100|[from] steelbeam
|move|p1a: lil trooper|Flip Turn|p2a: Iron Treads
|-supereffective|p2a: Iron Treads
|-damage|p2a: Iron Treads|25/100
|
|t:|1779615599
|switch|p1a: freddie gibbs|Darkrai|100/100|[from] Flip Turn
|-damage|p1a: freddie gibbs|88/100|[from] Stealth Rock
|
|upkeep
|turn|12
|
|t:|1779615602
|move|p2a: Iron Treads|Steel Beam|p1a: freddie gibbs
|-damage|p1a: freddie gibbs|17/100
|-damage|p2a: Iron Treads|0 fnt|[from] steelbeam
|faint|p2a: Iron Treads
|-end|p2a: Iron Treads|Quark Drive|[silent]
|move|p1a: freddie gibbs|Dark Pulse|p2: Iron Treads|[notarget]
|-fail|p1a: freddie gibbs
|
|upkeep
|
|t:|1779615611
|switch|p2a: Iron Valiant|Iron Valiant|100/100
|-enditem|p2a: Iron Valiant|Booster Energy
|-activate|p2a: Iron Valiant|ability: Quark Drive|[fromitem]
|-start|p2a: Iron Valiant|quarkdrivespe
|turn|13
|
|t:|1779615617
|move|p2a: Iron Valiant|Ice Punch|p1a: freddie gibbs
|-damage|p1a: freddie gibbs|0 fnt
|faint|p1a: freddie gibbs
|
|upkeep
|
|t:|1779615621
|switch|p1a: raging goat|Raging Bolt|100/100
|-damage|p1a: raging goat|88/100|[from] Stealth Rock
|-enditem|p1a: raging goat|Booster Energy
|-activate|p1a: raging goat|ability: Protosynthesis|[fromitem]
|-start|p1a: raging goat|protosynthesisspa
|turn|14
|
|t:|1779615643
|move|p1a: raging goat|Thunderclap|p2a: Iron Valiant
|-damage|p2a: Iron Valiant|0 fnt
|faint|p2a: Iron Valiant
|-end|p2a: Iron Valiant|Quark Drive|[silent]
|
|upkeep
|
|t:|1779615647
|switch|p2a: Pelipper|Pelipper, F|76/100
|-weather|RainDance|[from] ability: Drizzle|[of] p2a: Pelipper
|turn|15
|
|t:|1779615651
|move|p1a: raging goat|Thunderbolt|p2a: Pelipper
|-supereffective|p2a: Pelipper
|-damage|p2a: Pelipper|0 fnt
|faint|p2a: Pelipper
|
|-weather|RainDance|[upkeep]
|upkeep
|
|t:|1779615655
|switch|p2a: Raging Bolt|Raging Bolt|100/100
|turn|16
|
|t:|1779615659
|-terastallize|p2a: Raging Bolt|Fairy
|move|p1a: raging goat|Dragon Pulse|p2a: Raging Bolt
|-immune|p2a: Raging Bolt
|move|p2a: Raging Bolt|Draco Meteor|p1a: raging goat
|-supereffective|p1a: raging goat
|-crit|p1a: raging goat
|-damage|p1a: raging goat|0 fnt
|-unboost|p2a: Raging Bolt|spa|2
|faint|p1a: raging goat
|-end|p1a: raging goat|Protosynthesis|[silent]
|
|-weather|RainDance|[upkeep]
|upkeep
|
|t:|1779615664
|switch|p1a: lil trooper|Keldeo-Resolute, tera:Flying|48/100
|-damage|p1a: lil trooper|23/100|[from] Stealth Rock
|turn|17
|
|t:|1779615667
|move|p2a: Raging Bolt|Thunderclap|p1a: lil trooper
|-supereffective|p1a: lil trooper
|-damage|p1a: lil trooper|0 fnt
|faint|p1a: lil trooper
|
|-weather|RainDance|[upkeep]
|upkeep
|
|t:|1779615668
|switch|p1a: super mario|Kyurem, shiny|100/100
|-damage|p1a: super mario|76/100|[from] Stealth Rock
|-ability|p1a: super mario|Pressure
|turn|18
|
|t:|1779615672
|move|p1a: super mario|Freeze-Dry|p2a: Raging Bolt
|-damage|p2a: Raging Bolt|82/100
|move|p2a: Raging Bolt|Draco Meteor|p1a: super mario
|-supereffective|p1a: super mario
|-damage|p1a: super mario|44/100
|-unboost|p2a: Raging Bolt|spa|2
|
|-weather|RainDance|[upkeep]
|upkeep
|turn|19
|c|☆prithalt67|av ?
|
|t:|1779615681
|move|p1a: super mario|Freeze-Dry|p2a: Raging Bolt
|-damage|p2a: Raging Bolt|65/100
|move|p2a: Raging Bolt|Draco Meteor|p1a: super mario
|-supereffective|p1a: super mario
|-damage|p1a: super mario|21/100
|-unboost|p2a: Raging Bolt|spa|2
|
|-weather|none
|upkeep
|turn|20
|c|☆aria4games|yeah
|
|t:|1779615690
|move|p1a: super mario|Freeze-Dry|p2a: Raging Bolt
|-damage|p2a: Raging Bolt|49/100
|move|p2a: Raging Bolt|Draco Meteor|p1a: super mario
|-supereffective|p1a: super mario
|-damage|p1a: super mario|5/100
|
|upkeep
|turn|21
|c|☆aria4games|cmon super mario
|
|t:|1779615704
|move|p2a: Raging Bolt|Thunderclap|p1a: super mario
|-resisted|p1a: super mario
|-damage|p1a: super mario|3/100
|move|p1a: super mario|Freeze-Dry|p2a: Raging Bolt
|-damage|p2a: Raging Bolt|31/100
|
|upkeep
|turn|22
|c|☆aria4games|erm
|c|☆aria4games|ggwp
|
|t:|1779615717
|move|p1a: super mario|Freeze-Dry|p2a: Raging Bolt
|-crit|p2a: Raging Bolt
|-damage|p2a: Raging Bolt|5/100
|-status|p2a: Raging Bolt|frz
|cant|p2a: Raging Bolt|frz
|
|upkeep
|turn|23
|c|☆prithalt67|ofc
|c|☆aria4games|WHAT
|c|☆prithalt67|crit freeze
|c|☆prithalt67|lmao
|c|☆aria4games|jesus christ
|c|☆aria4games|this one of the weirdest games ive played
|
|t:|1779615741
|cant|p2a: Raging Bolt|frz
|move|p1a: super mario|Freeze-Dry|p2a: Raging Bolt
|-damage|p2a: Raging Bolt|0 fnt
|faint|p2a: Raging Bolt
|-end|p2a: Raging Bolt|Protosynthesis|[silent]
|
|win|aria4games
|raw|aria4games's rating: 1388 &rarr; <strong>1408</strong><br />(+20 for winning)
|raw|prithalt67's rating: 1387 &rarr; <strong>1367</strong><br />(-20 for losing)
|c|☆aria4games|sorry
|c|☆prithalt67|ggs man
|c|☆aria4games|ggs
|c|☆prithalt67|pls share some luck here too
|c|☆aria4games|sending luck
|c|☆prithalt67|W
|l|☆prithalt67
|player|p2|
|l|☆aria4games
|player|p1|
