|j|☆yzyang
|j|☆claudechamp
|t:|1779683029
|gametype|singles
|player|p1|yzyang|266|1206
|player|p2|claudechamp|170|1252
|gen|9
|tier|[Gen 9] OU
|rated|
|rule|HP Percentage Mod: HP is shown in percentages
|rule|Endless Battle Clause: Forcing endless battles is banned
|rule|Species Clause: Limit one of each Pokémon
|rule|OHKO Clause: OHKO moves are banned
|rule|Evasion Items Clause: Evasion items are banned
|rule|Evasion Moves Clause: Evasion moves are banned
|rule|Evasion Abilities Clause: Evasion abilities are banned
|rule|Sleep Moves Clause: Sleep-inducing moves are banned
|clearpoke
|poke|p1|Alomomola, M|
|poke|p1|Slowking, M|
|poke|p1|Corviknight, M|
|poke|p1|Blaziken, F|
|poke|p1|Ambipom, F|
|poke|p1|Meowscarada, F|
|poke|p2|Gliscor, M|
|poke|p2|Gholdengo|
|poke|p2|Zamazenta-*|
|poke|p2|Blissey, F|
|poke|p2|Skarmory, M|
|poke|p2|Pecharunt|
|teampreview
|c|☆claudechamp|hf
|inactive|Battle timer is ON: inactive players will automatically lose when time's up. (requested by claudechamp)
|
|t:|1779683040
|teamsize|p1|6
|teamsize|p2|6
|start
|switch|p1a: Slowking|Slowking, M|100/100
|switch|p2a: Skarmory|Skarmory, M|100/100
|turn|1
|
|t:|1779683048
|move|p2a: Skarmory|Spikes|p1a: Slowking
|-sidestart|p1: yzyang|Spikes
|move|p1a: Slowking|Surf|p2a: Skarmory
|-damage|p2a: Skarmory|32/100
|
|upkeep
|turn|2
|
|t:|1779683055
|switch|p2a: Blissey|Blissey, F|100/100
|move|p1a: Slowking|Surf|p2a: Blissey
|-damage|p2a: Blissey|87/100
|
|upkeep
|turn|3
|
|t:|1779683062
|switch|p1a: Corviknight|Corviknight, M|100/100
|-ability|p1a: Corviknight|Pressure
|move|p2a: Blissey|Stealth Rock|p1a: Corviknight
|-sidestart|p1: yzyang|move: Stealth Rock
|
|upkeep
|turn|4
|
|t:|1779683069
|switch|p2a: Gliscor|Gliscor, M|100/100
|move|p1a: Corviknight|Defog|p2a: Gliscor
|-unboost|p2a: Gliscor|evasion|1
|-sideend|p1: yzyang|Spikes|[from] move: Defog|[of] p1a: Corviknight
|-sideend|p1: yzyang|Stealth Rock|[from] move: Defog|[of] p1a: Corviknight
|
|-status|p2a: Gliscor|tox|[from] item: Toxic Orb
|upkeep
|turn|5
|
|t:|1779683079
|move|p2a: Gliscor|Swords Dance|p2a: Gliscor
|-boost|p2a: Gliscor|atk|2
|move|p1a: Corviknight|U-turn|p2a: Gliscor
|-resisted|p2a: Gliscor
|-damage|p2a: Gliscor|95/100 tox
|
|t:|1779683085
|switch|p1a: Ambipom|Ambipom, F|100/100|[from] U-turn
|
|-heal|p2a: Gliscor|100/100 tox|[from] ability: Poison Heal
|upkeep
|turn|6
|
|t:|1779683092
|move|p1a: Ambipom|Triple Axel|p2a: Gliscor
|-supereffective|p2a: Gliscor
|-damage|p2a: Gliscor|55/100 tox
|-supereffective|p2a: Gliscor
|-damage|p2a: Gliscor|0 fnt
|faint|p2a: Gliscor
|-hitcount|p2: Gliscor|2
|
|upkeep
|
|t:|1779683094
|switch|p2a: Blissey|Blissey, F|87/100
|turn|7
|
|t:|1779683105
|switch|p1a: Slowking|Slowking, M|100/100
|move|p2a: Blissey|Stealth Rock|p1a: Slowking
|-sidestart|p1: yzyang|move: Stealth Rock
|
|upkeep
|turn|8
|
|t:|1779683112
|move|p2a: Blissey|Calm Mind|p2a: Blissey
|-boost|p2a: Blissey|spa|1
|-boost|p2a: Blissey|spd|1
|-prepare|p1a: Slowking|Chilly Reception|[premajor]
|move|p1a: Slowking|Chilly Reception|p1a: Slowking
|-weather|Snowscape
|
|t:|1779683125
|switch|p1a: Ambipom|Ambipom, F|100/100|[from] Chilly Reception
|-damage|p1a: Ambipom|88/100|[from] Stealth Rock
|
|-weather|Snowscape|[upkeep]
|upkeep
|turn|9
|
|t:|1779683132
|-terastallize|p1a: Ambipom|Normal
|move|p1a: Ambipom|Double Hit|p2a: Blissey
|-damage|p2a: Blissey|37/100
|-damage|p2a: Blissey|0 fnt
|faint|p2a: Blissey
|-hitcount|p2: Blissey|2
|
|-weather|Snowscape|[upkeep]
|upkeep
|
|t:|1779683135
|switch|p2a: Gholdengo|Gholdengo|100/100
|turn|10
|
|t:|1779683146
|switch|p1a: Corviknight|Corviknight, M|100/100
|-damage|p1a: Corviknight|88/100|[from] Stealth Rock
|-ability|p1a: Corviknight|Pressure
|move|p2a: Gholdengo|Nasty Plot|p2a: Gholdengo
|-boost|p2a: Gholdengo|spa|2
|
|-weather|Snowscape|[upkeep]
|-heal|p1a: Corviknight|94/100|[from] item: Leftovers
|upkeep
|turn|11
|
|t:|1779683158
|move|p2a: Gholdengo|Thunder Wave|p1a: Corviknight
|-status|p1a: Corviknight|par
|move|p1a: Corviknight|U-turn|p2a: Gholdengo
|-resisted|p2a: Gholdengo
|-damage|p2a: Gholdengo|98/100
|
|t:|1779683164
|switch|p1a: Blaziken|Blaziken, F|100/100|[from] U-turn
|-damage|p1a: Blaziken|88/100|[from] Stealth Rock
|
|-weather|Snowscape|[upkeep]
|upkeep
|turn|12
|
|t:|1779683171
|move|p1a: Blaziken|Flamethrower|p2a: Gholdengo
|-supereffective|p2a: Gholdengo
|-damage|p2a: Gholdengo|15/100
|move|p2a: Gholdengo|Nasty Plot|p2a: Gholdengo
|-boost|p2a: Gholdengo|spa|2
|
|-weather|none
|-ability|p1a: Blaziken|Speed Boost|boost
|-boost|p1a: Blaziken|spe|1
|upkeep
|turn|13
|
|t:|1779683181
|switch|p2a: Zamazenta|Zamazenta|100/100
|-ability|p2a: Zamazenta|Dauntless Shield|boost
|-boost|p2a: Zamazenta|def|1
|move|p1a: Blaziken|Flamethrower|p2a: Zamazenta
|-damage|p2a: Zamazenta|64/100
|
|-ability|p1a: Blaziken|Speed Boost|boost
|-boost|p1a: Blaziken|spe|1
|upkeep
|turn|14
|
|t:|1779683199
|switch|p1a: Corviknight|Corviknight, M|94/100 par
|-damage|p1a: Corviknight|82/100 par|[from] Stealth Rock
|-ability|p1a: Corviknight|Pressure
|move|p2a: Zamazenta|Close Combat|p1a: Corviknight
|-damage|p1a: Corviknight|35/100 par
|-unboost|p2a: Zamazenta|def|1
|-unboost|p2a: Zamazenta|spd|1
|
|-heal|p1a: Corviknight|41/100 par|[from] item: Leftovers
|upkeep
|turn|15
|
|t:|1779683212
|switch|p1a: Alomomola|Alomomola, M|100/100
|-damage|p1a: Alomomola|88/100|[from] Stealth Rock
|move|p2a: Zamazenta|Close Combat|p1a: Alomomola
|-damage|p1a: Alomomola|54/100
|-unboost|p2a: Zamazenta|def|1
|-unboost|p2a: Zamazenta|spd|1
|-damage|p2a: Zamazenta|47/100|[from] item: Rocky Helmet|[of] p1a: Alomomola
|
|upkeep
|turn|16
|
|t:|1779683223
|move|p2a: Zamazenta|Crunch|p1a: Alomomola
|-damage|p1a: Alomomola|39/100
|-damage|p2a: Zamazenta|30/100|[from] item: Rocky Helmet|[of] p1a: Alomomola
|move|p1a: Alomomola|Flip Turn|p2a: Zamazenta
|-crit|p2a: Zamazenta
|-damage|p2a: Zamazenta|0 fnt
|faint|p2a: Zamazenta
|
|t:|1779683233
|switch|p1a: Corviknight|Corviknight, M|41/100 par|[from] Flip Turn
|-damage|p1a: Corviknight|29/100 par|[from] Stealth Rock
|-ability|p1a: Corviknight|Pressure
|
|-heal|p1a: Corviknight|35/100 par|[from] item: Leftovers
|upkeep
|
|t:|1779683233
|switch|p2a: Pecharunt|Pecharunt|100/100
|turn|17
|
|t:|1779683245
|move|p2a: Pecharunt|Shadow Ball|p1a: Corviknight
|-damage|p1a: Corviknight|17/100 par
|-unboost|p1a: Corviknight|spd|1
|move|p1a: Corviknight|Roost|p1a: Corviknight
|-heal|p1a: Corviknight|67/100 par
|-singleturn|p1a: Corviknight|move: Roost
|
|-heal|p1a: Corviknight|73/100 par|[from] item: Leftovers
|upkeep
|turn|18
|
|t:|1779683259
|move|p2a: Pecharunt|Shadow Ball|p1a: Corviknight
|-damage|p1a: Corviknight|43/100 par
|move|p1a: Corviknight|Defog|p2a: Pecharunt
|-unboost|p2a: Pecharunt|evasion|1
|-sideend|p1: yzyang|Stealth Rock|[from] move: Defog|[of] p1a: Corviknight
|
|-heal|p1a: Corviknight|49/100 par|[from] item: Leftovers
|upkeep
|turn|19
|
|t:|1779683269
|switch|p1a: Ambipom|Ambipom, F, tera:Normal|88/100
|move|p2a: Pecharunt|Shadow Ball|p1a: Ambipom
|-immune|p1a: Ambipom
|
|upkeep
|turn|20
|
|t:|1779683281
|switch|p1a: Corviknight|Corviknight, M|49/100 par
|-ability|p1a: Corviknight|Pressure
|move|p2a: Pecharunt|Toxic||[still]
|-fail|p2a: Pecharunt
|
|-heal|p1a: Corviknight|55/100 par|[from] item: Leftovers
|upkeep
|turn|21
|
|t:|1779683291
|move|p2a: Pecharunt|Parting Shot|p1a: Corviknight
|-unboost|p1a: Corviknight|atk|1
|-unboost|p1a: Corviknight|spa|1
|
|t:|1779683298
|switch|p2a: Skarmory|Skarmory, M|32/100|[from] Parting Shot
|move|p1a: Corviknight|Roost|p1a: Corviknight
|-heal|p1a: Corviknight|100/100 par
|-singleturn|p1a: Corviknight|move: Roost
|
|upkeep
|turn|22
|
|t:|1779683310
|switch|p1a: Blaziken|Blaziken, F|88/100
|move|p2a: Skarmory|Roost|p2a: Skarmory
|-heal|p2a: Skarmory|82/100
|-singleturn|p2a: Skarmory|move: Roost
|
|upkeep
|turn|23
|
|t:|1779683318
|-terastallize|p2a: Skarmory|Dragon
|move|p1a: Blaziken|Flamethrower|p2a: Skarmory
|-resisted|p2a: Skarmory
|-damage|p2a: Skarmory|55/100
|move|p2a: Skarmory|Spikes|p1a: Blaziken
|-sidestart|p1: yzyang|Spikes
|
|-ability|p1a: Blaziken|Speed Boost|boost
|-boost|p1a: Blaziken|spe|1
|upkeep
|turn|24
|
|t:|1779683328
|move|p1a: Blaziken|Aura Sphere|p2a: Skarmory
|-crit|p2a: Skarmory
|-damage|p2a: Skarmory|0 fnt
|faint|p2a: Skarmory
|
|-ability|p1a: Blaziken|Speed Boost|boost
|-boost|p1a: Blaziken|spe|1
|upkeep
|
|t:|1779683333
|switch|p2a: Pecharunt|Pecharunt|100/100
|turn|25
|
|t:|1779683341
|switch|p1a: Corviknight|Corviknight, M|100/100 par
|-ability|p1a: Corviknight|Pressure
|move|p2a: Pecharunt|Parting Shot|p1a: Corviknight
|-unboost|p1a: Corviknight|atk|1
|-unboost|p1a: Corviknight|spa|1
|
|t:|1779683347
|switch|p2a: Gholdengo|Gholdengo|15/100|[from] Parting Shot
|
|upkeep
|turn|26
|
|t:|1779683356
|move|p2a: Gholdengo|Hex|p1a: Corviknight
|-damage|p1a: Corviknight|59/100 par
|cant|p1a: Corviknight|par
|
|-heal|p1a: Corviknight|65/100 par|[from] item: Leftovers
|upkeep
|turn|27
|
|t:|1779683365
|move|p2a: Gholdengo|Recover|p2a: Gholdengo
|-heal|p2a: Gholdengo|65/100
|move|p1a: Corviknight|Iron Head|p2a: Gholdengo
|-resisted|p2a: Gholdengo
|-damage|p2a: Gholdengo|59/100
|
|-heal|p1a: Corviknight|72/100 par|[from] item: Leftovers
|upkeep
|turn|28
|
|t:|1779683380
|switch|p1a: Ambipom|Ambipom, F, tera:Normal|88/100
|-damage|p1a: Ambipom|76/100|[from] Spikes
|move|p2a: Gholdengo|Hex|p1a: Ambipom
|-immune|p1a: Ambipom
|
|upkeep
|turn|29
|
|t:|1779683388
|move|p1a: Ambipom|Knock Off|p2a: Gholdengo
|-supereffective|p2a: Gholdengo
|-damage|p2a: Gholdengo|0 fnt
|-enditem|p2a: Gholdengo|Ability Shield|[from] move: Knock Off|[of] p1a: Ambipom
|faint|p2a: Gholdengo
|
|upkeep
|
|t:|1779683393
|switch|p2a: Pecharunt|Pecharunt|100/100
|turn|30
|
|t:|1779683398
|switch|p1a: Corviknight|Corviknight, M|72/100 par
|-ability|p1a: Corviknight|Pressure
|move|p2a: Pecharunt|Toxic||[still]
|-fail|p2a: Pecharunt
|
|-heal|p1a: Corviknight|78/100 par|[from] item: Leftovers
|upkeep
|turn|31
|
|t:|1779683408
|move|p2a: Pecharunt|Shadow Ball|p1a: Corviknight
|-damage|p1a: Corviknight|60/100 par
|cant|p1a: Corviknight|par
|
|-heal|p1a: Corviknight|67/100 par|[from] item: Leftovers
|upkeep
|turn|32
|
|t:|1779683416
|move|p2a: Pecharunt|Shadow Ball|p1a: Corviknight
|-damage|p1a: Corviknight|48/100 par
|cant|p1a: Corviknight|par
|
|-heal|p1a: Corviknight|55/100 par|[from] item: Leftovers
|upkeep
|turn|33
|
|t:|1779683425
|move|p2a: Pecharunt|Shadow Ball|p1a: Corviknight
|-damage|p1a: Corviknight|36/100 par
|-unboost|p1a: Corviknight|spd|1
|move|p1a: Corviknight|Defog|p2a: Pecharunt
|-unboost|p2a: Pecharunt|evasion|1
|-sideend|p1: yzyang|Spikes|[from] move: Defog|[of] p1a: Corviknight
|
|-heal|p1a: Corviknight|42/100 par|[from] item: Leftovers
|upkeep
|turn|34
|
|t:|1779683437
|switch|p1a: Slowking|Slowking, M|100/100
|move|p2a: Pecharunt|Shadow Ball|p1a: Slowking
|-supereffective|p1a: Slowking
|-damage|p1a: Slowking|70/100
|
|upkeep
|turn|35
|
|t:|1779683445
|move|p2a: Pecharunt|Toxic|p1a: Slowking
|-status|p1a: Slowking|tox
|-start|p1a: Slowking|confusion|[from] ability: Poison Puppeteer|[of] p2a: Pecharunt
|-activate|p1a: Slowking|confusion
|-damage|p1a: Slowking|63/100 tox|[from] confusion
|
|-damage|p1a: Slowking|57/100 tox|[from] psn
|upkeep
|turn|36
|
|t:|1779683454
|switch|p1a: Corviknight|Corviknight, M|42/100 par
|-ability|p1a: Corviknight|Pressure
|move|p2a: Pecharunt|Shadow Ball|p1a: Corviknight
|-damage|p1a: Corviknight|23/100 par
|
|-heal|p1a: Corviknight|30/100 par|[from] item: Leftovers
|upkeep
|turn|37
|
|t:|1779683465
|switch|p1a: Slowking|Slowking, M|91/100 tox
|move|p2a: Pecharunt|Shadow Ball|p1a: Slowking
|-supereffective|p1a: Slowking
|-damage|p1a: Slowking|60/100 tox
|
|-damage|p1a: Slowking|54/100 tox|[from] psn
|upkeep
|turn|38
|
|t:|1779683475
|move|p2a: Pecharunt|Shadow Ball|p1a: Slowking
|-supereffective|p1a: Slowking
|-damage|p1a: Slowking|24/100 tox
|move|p1a: Slowking|Psychic|p2a: Pecharunt
|-supereffective|p2a: Pecharunt
|-damage|p2a: Pecharunt|12/100
|
|-damage|p1a: Slowking|12/100 tox|[from] psn
|upkeep
|turn|39
|
|t:|1779683489
|switch|p1a: Alomomola|Alomomola, M|73/100
|move|p2a: Pecharunt|Recover|p2a: Pecharunt
|-heal|p2a: Pecharunt|62/100
|
|upkeep
|turn|40
|
|t:|1779683498
|move|p2a: Pecharunt|Recover|p2a: Pecharunt
|-heal|p2a: Pecharunt|100/100
|move|p1a: Alomomola|Flip Turn|p2a: Pecharunt
|-damage|p2a: Pecharunt|93/100
|
|t:|1779683506
|switch|p1a: Slowking|Slowking, M|45/100 tox|[from] Flip Turn
|
|-damage|p1a: Slowking|39/100 tox|[from] psn
|upkeep
|turn|41
|
|t:|1779683521
|switch|p1a: Alomomola|Alomomola, M|100/100
|move|p2a: Pecharunt|Shadow Ball|p1a: Alomomola
|-damage|p1a: Alomomola|74/100
|
|upkeep
|turn|42
|
|t:|1779683538
|switch|p1a: Corviknight|Corviknight, M|30/100 par
|-ability|p1a: Corviknight|Pressure
|move|p2a: Pecharunt|Recover|p2a: Pecharunt
|-heal|p2a: Pecharunt|100/100
|
|-heal|p1a: Corviknight|36/100 par|[from] item: Leftovers
|upkeep
|turn|43
|
|t:|1779683548
|move|p2a: Pecharunt|Shadow Ball|p1a: Corviknight
|-damage|p1a: Corviknight|18/100 par
|-unboost|p1a: Corviknight|spd|1
|cant|p1a: Corviknight|par
|
|-heal|p1a: Corviknight|24/100 par|[from] item: Leftovers
|upkeep
|turn|44
|
|t:|1779683566
|switch|p1a: Ambipom|Ambipom, F, tera:Normal|76/100
|move|p2a: Pecharunt|Shadow Ball|p1a: Ambipom
|-immune|p1a: Ambipom
|
|upkeep
|turn|45
|
|t:|1779683581
|move|p1a: Ambipom|Knock Off|p2a: Pecharunt
|-supereffective|p2a: Pecharunt
|-damage|p2a: Pecharunt|57/100
|-enditem|p2a: Pecharunt|Heavy-Duty Boots|[from] move: Knock Off|[of] p1a: Ambipom
|move|p2a: Pecharunt|Toxic|p1a: Ambipom
|-status|p1a: Ambipom|tox
|-start|p1a: Ambipom|confusion|[from] ability: Poison Puppeteer|[of] p2a: Pecharunt
|
|-damage|p1a: Ambipom|70/100 tox|[from] psn
|upkeep
|turn|46
|
|t:|1779683595
|switch|p1a: Slowking|Slowking, M|72/100 tox
|move|p2a: Pecharunt|Recover|p2a: Pecharunt
|-heal|p2a: Pecharunt|100/100
|
|-damage|p1a: Slowking|66/100 tox|[from] psn
|upkeep
|turn|47
|
|t:|1779683605
|move|p2a: Pecharunt|Shadow Ball|p1a: Slowking
|-supereffective|p1a: Slowking
|-damage|p1a: Slowking|36/100 tox
|move|p1a: Slowking|Trick|p2a: Pecharunt
|-activate|p1a: Slowking|move: Trick|[of] p2a: Pecharunt
|-item|p2a: Pecharunt|Choice Specs|[from] move: Trick
|-enditem|p1a: Slowking|Choice Specs|[silent]|[from] move: Trick
|
|-damage|p1a: Slowking|24/100 tox|[from] psn
|upkeep
|turn|48
|
|t:|1779683614
|switch|p1a: Blaziken|Blaziken, F|88/100
|move|p2a: Pecharunt|Shadow Ball|p1a: Blaziken
|-damage|p1a: Blaziken|29/100
|-unboost|p1a: Blaziken|spd|1
|
|upkeep
|turn|49
|
|t:|1779683626
|switch|p1a: Alomomola|Alomomola, M|100/100
|move|p2a: Pecharunt|Shadow Ball|p1a: Alomomola
|-damage|p1a: Alomomola|56/100
|
|upkeep
|turn|50
|
|t:|1779683637
|move|p2a: Pecharunt|Shadow Ball|p1a: Alomomola
|-damage|p1a: Alomomola|10/100
|move|p1a: Alomomola|Wish|p1a: Alomomola
|
|upkeep
|turn|51
|
|t:|1779683648
|move|p1a: Alomomola|Protect|p1a: Alomomola
|-singleturn|p1a: Alomomola|Protect
|-activate|p2a: Pecharunt|move: Struggle
|move|p2a: Pecharunt|Struggle|p1a: Alomomola
|-activate|p1a: Alomomola|move: Protect
|
|-heal|p1a: Alomomola|60/100|[from] move: Wish|[wisher] Alomomola
|upkeep
|turn|52
|
|t:|1779683658
|-activate|p2a: Pecharunt|move: Struggle
|move|p2a: Pecharunt|Struggle|p1a: Alomomola
|-damage|p1a: Alomomola|56/100
|-damage|p2a: Pecharunt|84/100|[from] item: Rocky Helmet|[of] p1a: Alomomola
|-damage|p2a: Pecharunt|59/100|[from] recoil
|move|p1a: Alomomola|Wish|p1a: Alomomola
|
|upkeep
|turn|53
|
|t:|1779683669
|-activate|p2a: Pecharunt|move: Struggle
|move|p2a: Pecharunt|Struggle|p1a: Alomomola
|-damage|p1a: Alomomola|52/100
|-damage|p2a: Pecharunt|42/100|[from] item: Rocky Helmet|[of] p1a: Alomomola
|-damage|p2a: Pecharunt|17/100|[from] recoil
|move|p1a: Alomomola|Wish||[still]
|-fail|p1a: Alomomola
|
|-heal|p1a: Alomomola|100/100|[from] move: Wish|[wisher] Alomomola
|upkeep
|turn|54
|
|t:|1779683680
|-activate|p2a: Pecharunt|move: Struggle
|move|p2a: Pecharunt|Struggle|p1a: Alomomola
|-damage|p1a: Alomomola|96/100
|-damage|p2a: Pecharunt|1/100|[from] item: Rocky Helmet|[of] p1a: Alomomola
|-damage|p2a: Pecharunt|0 fnt|[from] recoil
|faint|p2a: Pecharunt
|
|win|yzyang
|raw|yzyang's rating: 1206 &rarr; <strong>1236</strong><br />(+30 for winning)
|raw|claudechamp's rating: 1278 &rarr; <strong>1248</strong><br />(-30 for losing)
|c|☆claudechamp|gg
