|j|☆pokecutieismyname
|j|☆FairyManiac0108
|t:|1779603508
|gametype|singles
|player|p1|pokecutieismyname|scientistf|1372
|player|p2|FairyManiac0108|aromalady|1418
|gen|9
|tier|[Gen 9] OU
|rated|
|rule|HP Percentage Mod: HP is shown in percentages
|rule|Endless Battle Clause: Forcing endless battles is banned
|rule|Species Clause: Limit one of each Pokémon
|rule|OHKO Clause: OHKO moves are banned
|rule|Evasion Items Clause: Evasion items are banned
|rule|Evasion Moves Clause: Evasion moves are banned
|rule|Evasion Abilities Clause: Evasion abilities are banned
|rule|Sleep Moves Clause: Sleep-inducing moves are banned
|clearpoke
|poke|p1|Ting-Lu|
|poke|p1|Raging Bolt|
|poke|p1|Heatran, F|
|poke|p1|Dondozo, M|
|poke|p1|Iron Treads|
|poke|p1|Kyurem|
|poke|p2|Weezing-Galar, M|
|poke|p2|Vileplume, M|
|poke|p2|Seviper, L1, M|
|poke|p2|Glimmora, F|
|poke|p2|Gengar, M|
|poke|p2|Muk-Alola, M|
|teampreview
|
|t:|1779603527
|teamsize|p1|6
|teamsize|p2|6
|start
|switch|p1a: Heatran|Heatran, F|100/100
|switch|p2a: Gengar|Gengar, M|100/100
|turn|1
|
|t:|1779603535
|move|p2a: Gengar|Destiny Bond|p2a: Gengar
|-singlemove|p2a: Gengar|Destiny Bond
|move|p1a: Heatran|Taunt|p2a: Gengar
|-start|p2a: Gengar|move: Taunt
|
|upkeep
|turn|2
|
|t:|1779603542
|switch|p2a: Glimmora|Glimmora, F|100/100
|-item|p2a: Glimmora|Air Balloon
|move|p1a: Heatran|Magma Storm|p2a: Glimmora
|-resisted|p2a: Glimmora
|-damage|p2a: Glimmora|73/100
|-activate|p2a: Glimmora|move: Magma Storm|[of] p1a: Heatran
|-enditem|p2a: Glimmora|Air Balloon
|
|-damage|p2a: Glimmora|60/100|[from] move: Magma Storm|[partiallytrapped]
|upkeep
|turn|3
|
|t:|1779603561
|switch|p1a: Ting-Lu|Ting-Lu|100/100
|-ability|p1a: Ting-Lu|Vessel of Ruin
|move|p2a: Glimmora|Earth Power|p1a: Ting-Lu
|-damage|p1a: Ting-Lu|86/100
|
|-heal|p1a: Ting-Lu|93/100|[from] item: Leftovers
|-end|p2a: Glimmora|Magma Storm|[partiallytrapped]|[silent]
|upkeep
|turn|4
|
|t:|1779603574
|switch|p2a: Weezing|Weezing-Galar, M|100/100
|move|p1a: Ting-Lu|Spikes|p2a: Weezing
|-sidestart|p2: FairyManiac0108|Spikes
|
|-heal|p1a: Ting-Lu|99/100|[from] item: Leftovers
|upkeep
|turn|5
|
|t:|1779603583
|switch|p1a: Heatran|Heatran, F|100/100
|move|p2a: Weezing|Will-O-Wisp|p1a: Heatran
|-start|p1a: Heatran|ability: Flash Fire
|
|upkeep
|turn|6
|
|t:|1779603591
|switch|p2a: Muk|Muk-Alola, M|100/100
|-damage|p2a: Muk|88/100|[from] Spikes
|move|p1a: Heatran|Magma Storm|p2a: Muk
|-damage|p2a: Muk|55/100
|-activate|p2a: Muk|move: Magma Storm|[of] p1a: Heatran
|
|-damage|p2a: Muk|43/100|[from] move: Magma Storm|[partiallytrapped]
|upkeep
|turn|7
|
|t:|1779603601
|move|p1a: Heatran|Stealth Rock|p2a: Muk
|-sidestart|p2: FairyManiac0108|move: Stealth Rock
|move|p2a: Muk|Drain Punch|p1a: Heatran
|-supereffective|p1a: Heatran
|-damage|p1a: Heatran|57/100
|-heal|p2a: Muk|63/100|[from] drain|[of] p1a: Heatran
|
|-heal|p1a: Heatran|63/100|[from] item: Leftovers
|-damage|p2a: Muk|50/100|[from] move: Magma Storm|[partiallytrapped]
|upkeep
|turn|8
|
|t:|1779603623
|-terastallize|p1a: Heatran|Bug
|move|p1a: Heatran|Magma Storm|p2a: Muk
|-damage|p2a: Muk|12/100
|move|p2a: Muk|Drain Punch|p1a: Heatran
|-resisted|p1a: Heatran
|-damage|p1a: Heatran|52/100
|-heal|p2a: Muk|17/100|[from] drain|[of] p1a: Heatran
|
|-heal|p1a: Heatran|58/100|[from] item: Leftovers
|-damage|p2a: Muk|4/100|[from] move: Magma Storm|[partiallytrapped]
|upkeep
|turn|9
|
|t:|1779603637
|move|p2a: Muk|Shadow Sneak|p1a: Heatran
|-damage|p1a: Heatran|47/100
|-status|p1a: Heatran|psn|[from] ability: Poison Touch|[of] p2a: Muk
|move|p1a: Heatran|Flash Cannon|p2a: Muk
|-damage|p2a: Muk|0 fnt
|faint|p2a: Muk
|
|-heal|p1a: Heatran|53/100 psn|[from] item: Leftovers
|-damage|p1a: Heatran|41/100 psn|[from] psn
|upkeep
|
|t:|1779603639
|switch|p2a: Glimmora|Glimmora, F|60/100
|-damage|p2a: Glimmora|48/100|[from] Spikes
|-damage|p2a: Glimmora|36/100|[from] Stealth Rock
|turn|10
|
|t:|1779603657
|-end|p1a: Heatran|ability: Flash Fire|[silent]
|switch|p1a: Ting-Lu|Ting-Lu|99/100
|-ability|p1a: Ting-Lu|Vessel of Ruin
|move|p2a: Glimmora|Power Gem|p1a: Ting-Lu
|-resisted|p1a: Ting-Lu
|-damage|p1a: Ting-Lu|89/100
|
|-heal|p1a: Ting-Lu|95/100|[from] item: Leftovers
|upkeep
|turn|11
|
|t:|1779603676
|move|p2a: Glimmora|Mortal Spin|p1a: Ting-Lu
|-resisted|p1a: Ting-Lu
|-damage|p1a: Ting-Lu|94/100
|-status|p1a: Ting-Lu|psn
|-sideend|p2: FairyManiac0108|Spikes|[from] move: Mortal Spin|[of] p2a: Glimmora
|-sideend|p2: FairyManiac0108|Stealth Rock|[from] move: Mortal Spin|[of] p2a: Glimmora
|move|p1a: Ting-Lu|Spikes|p2a: Glimmora
|-sidestart|p2: FairyManiac0108|Spikes
|
|-heal|p1a: Ting-Lu|99/100 psn|[from] item: Leftovers
|-damage|p1a: Ting-Lu|88/100 psn|[from] psn
|upkeep
|turn|12
|
|t:|1779603698
|switch|p2a: Weezing|Weezing-Galar, M|100/100
|switch|p1a: Kyurem|Kyurem|100/100
|-ability|p1a: Kyurem|Pressure
|
|upkeep
|turn|13
|
|t:|1779603707
|switch|p2a: Glimmora|Glimmora, F|36/100
|-damage|p2a: Glimmora|23/100|[from] Spikes
|move|p1a: Kyurem|Substitute|p1a: Kyurem
|-start|p1a: Kyurem|Substitute
|-damage|p1a: Kyurem|76/100
|
|-heal|p1a: Kyurem|82/100|[from] item: Leftovers
|upkeep
|turn|14
|
|t:|1779603718
|move|p1a: Kyurem|Earth Power|p2a: Glimmora
|-supereffective|p2a: Glimmora
|-damage|p2a: Glimmora|0 fnt
|faint|p2a: Glimmora
|
|-heal|p1a: Kyurem|88/100|[from] item: Leftovers
|upkeep
|
|t:|1779603723
|switch|p2a: Gengar|Gengar, M|100/100
|-damage|p2a: Gengar|88/100|[from] Spikes
|turn|15
|
|t:|1779603729
|move|p2a: Gengar|Destiny Bond|p2a: Gengar
|-singlemove|p2a: Gengar|Destiny Bond
|move|p1a: Kyurem|Freeze-Dry|p2a: Gengar
|-damage|p2a: Gengar|29/100
|
|-heal|p1a: Kyurem|94/100|[from] item: Leftovers
|upkeep
|turn|16
|-message|FairyManiac0108 forfeited.
|
|win|pokecutieismyname
|raw|pokecutieismyname's rating: 1372 &rarr; <strong>1395</strong><br />(+23 for winning)
|raw|FairyManiac0108's rating: 1418 &rarr; <strong>1395</strong><br />(-23 for losing)
|l|☆FairyManiac0108
|player|p2|
|l|☆pokecutieismyname
|player|p1|
