|j|☆Menaxelum
|j|☆lei54188
|t:|1779679665
|gametype|singles
|player|p1|Menaxelum|169|1585
|player|p2|lei54188|red|1541
|gen|9
|tier|[Gen 9] OU
|rated|
|rule|HP Percentage Mod: HP is shown in percentages
|rule|Endless Battle Clause: Forcing endless battles is banned
|rule|Species Clause: Limit one of each Pokémon
|rule|OHKO Clause: OHKO moves are banned
|rule|Evasion Items Clause: Evasion items are banned
|rule|Evasion Moves Clause: Evasion moves are banned
|rule|Evasion Abilities Clause: Evasion abilities are banned
|rule|Sleep Moves Clause: Sleep-inducing moves are banned
|clearpoke
|poke|p1|Dragapult, F|
|poke|p1|Alomomola, F|
|poke|p1|Ting-Lu|
|poke|p1|Kyurem|
|poke|p1|Weezing-Galar, F|
|poke|p1|Corviknight, F|
|poke|p2|Iron Moth|
|poke|p2|Gliscor, F|
|poke|p2|Hatterene, F|
|poke|p2|Zamazenta-*|
|poke|p2|Raging Bolt|
|poke|p2|Ogerpon-Wellspring, F|
|teampreview
|inactive|Battle timer is ON: inactive players will automatically lose when time's up. (requested by Menaxelum)
|
|t:|1779679681
|teamsize|p1|6
|teamsize|p2|6
|start
|switch|p1a: Kyurem|Kyurem, shiny|100/100
|switch|p2a: Iron Moth|Iron Moth|100/100
|-ability|p1a: Kyurem|Pressure
|-enditem|p2a: Iron Moth|Booster Energy
|-activate|p2a: Iron Moth|ability: Quark Drive|[fromitem]
|-start|p2a: Iron Moth|quarkdrivespe
|turn|1
|
|t:|1779679701
|-end|p2a: Iron Moth|Quark Drive|[silent]
|switch|p2a: Gliscor|Gliscor, F|100/100
|move|p1a: Kyurem|Earth Power|p2a: Gliscor
|-immune|p2a: Gliscor
|
|-status|p2a: Gliscor|tox|[from] item: Toxic Orb
|upkeep
|turn|2
|
|t:|1779679710
|switch|p2a: Zamazenta|Zamazenta|100/100
|-ability|p2a: Zamazenta|Dauntless Shield|boost
|-boost|p2a: Zamazenta|def|1
|move|p1a: Kyurem|Substitute|p1a: Kyurem
|-start|p1a: Kyurem|Substitute
|-damage|p1a: Kyurem|76/100
|
|-heal|p1a: Kyurem|82/100|[from] item: Leftovers
|upkeep
|turn|3
|
|t:|1779679718
|move|p2a: Zamazenta|Close Combat|p1a: Kyurem
|-supereffective|p1a: Kyurem
|-end|p1a: Kyurem|Substitute
|-unboost|p2a: Zamazenta|def|1
|-unboost|p2a: Zamazenta|spd|1
|move|p1a: Kyurem|Freeze-Dry|p2a: Zamazenta
|-damage|p2a: Zamazenta|57/100
|
|-heal|p1a: Kyurem|88/100|[from] item: Leftovers
|upkeep
|turn|4
|inactive|Menaxelum has 120 seconds left.
|
|t:|1779679749
|switch|p1a: Pultersheist|Dragapult, F|100/100
|move|p2a: Zamazenta|Light Screen|p2a: Zamazenta
|-sidestart|p2: lei54188|move: Light Screen
|
|upkeep
|turn|5
|inactive|Menaxelum has 120 seconds left.
|
|t:|1779679776
|switch|p2a: Hatterene|Hatterene, F|100/100
|move|p1a: Pultersheist|Dragon Darts|p2a: Hatterene
|-immune|p2a: Hatterene
|
|upkeep
|turn|6
|
|t:|1779679781
|switch|p1a: Weezing|Weezing-Galar, F|100/100
|-ability|p1a: Weezing|Neutralizing Gas
|move|p2a: Hatterene|Calm Mind|p2a: Hatterene
|-boost|p2a: Hatterene|spa|1
|-boost|p2a: Hatterene|spd|1
|
|upkeep
|turn|7
|inactive|Menaxelum has 120 seconds left.
|inactive|Menaxelum has 90 seconds left.
|
|t:|1779679825
|-end|p1a: Weezing|ability: Neutralizing Gas
|switch|p1a: Alomomola|Alomomola, F|100/100
|move|p2a: Hatterene|Calm Mind|p2a: Hatterene
|-boost|p2a: Hatterene|spa|1
|-boost|p2a: Hatterene|spd|1
|
|upkeep
|turn|8
|
|t:|1779679833
|move|p1a: Alomomola|Flip Turn|p2a: Hatterene
|-damage|p2a: Hatterene|86/100
|
|t:|1779679837
|switch|p1a: Ting-Lu|Ting-Lu|100/100|[from] Flip Turn
|-ability|p1a: Ting-Lu|Vessel of Ruin
|move|p2a: Hatterene|Calm Mind|p2a: Hatterene
|-boost|p2a: Hatterene|spa|1
|-boost|p2a: Hatterene|spd|1
|
|-heal|p2a: Hatterene|92/100|[from] item: Leftovers
|upkeep
|turn|9
|inactive|Menaxelum has 90 seconds left.
|
|t:|1779679858
|switch|p1a: Alomomola|Alomomola, F|100/100
|move|p2a: Hatterene|Draining Kiss|p1a: Alomomola
|-crit|p1a: Alomomola
|-damage|p1a: Alomomola|0 fnt
|-heal|p2a: Hatterene|100/100|[from] drain|[of] p1a: Alomomola
|-damage|p2a: Hatterene|84/100|[from] item: Rocky Helmet|[of] p1a: Alomomola
|faint|p1a: Alomomola
|
|-heal|p2a: Hatterene|90/100|[from] item: Leftovers
|upkeep
|
|t:|1779679861
|switch|p1a: Pultersheist|Dragapult, F|100/100
|turn|10
|
|t:|1779679873
|-terastallize|p1a: Pultersheist|Ghost
|move|p1a: Pultersheist|Astonish|p2a: Hatterene
|-supereffective|p2a: Hatterene
|-damage|p2a: Hatterene|0 fnt
|faint|p2a: Hatterene
|
|upkeep
|inactive|lei54188 has 120 seconds left.
|
|t:|1779679921
|switch|p2a: Zamazenta|Zamazenta|57/100
|turn|11
|
|t:|1779679941
|move|p1a: Pultersheist|Astonish|p2a: Zamazenta
|-damage|p2a: Zamazenta|12/100
|move|p2a: Zamazenta|Reflect|p2a: Zamazenta
|-sidestart|p2: lei54188|Reflect
|
|-sideend|p2: lei54188|move: Light Screen
|upkeep
|turn|12
|
|t:|1779679950
|move|p1a: Pultersheist|Astonish|p2a: Zamazenta
|-damage|p2a: Zamazenta|0 fnt
|faint|p2a: Zamazenta
|
|upkeep
|inactive|lei54188 has 90 seconds left.
|inactive|lei54188 has 60 seconds left.
|
|t:|1779680031
|switch|p2a: Ogerpon|Ogerpon-Wellspring, F|100/100
|turn|13
|inactive|Menaxelum has 120 seconds left.
|
|t:|1779680050
|move|p1a: Pultersheist|Astonish|p2a: Ogerpon
|-damage|p2a: Ogerpon|29/100
|move|p2a: Ogerpon|Trailblaze|p1a: Pultersheist
|-damage|p1a: Pultersheist|53/100
|-boost|p2a: Ogerpon|spe|1
|
|upkeep
|turn|14
|
|t:|1779680064
|switch|p1a: Kyurem|Kyurem, shiny|88/100
|-ability|p1a: Kyurem|Pressure
|move|p2a: Ogerpon|Ivy Cudgel|p1a: Kyurem|[anim] Ivy Cudgel Water
|-resisted|p1a: Kyurem
|-damage|p1a: Kyurem|56/100
|
|-heal|p1a: Kyurem|62/100|[from] item: Leftovers
|upkeep
|turn|15
|
|t:|1779680087
|move|p2a: Ogerpon|Ivy Cudgel|p1a: Kyurem|[anim] Ivy Cudgel Water
|-resisted|p1a: Kyurem
|-damage|p1a: Kyurem|32/100
|move|p1a: Kyurem|Freeze-Dry|p2a: Ogerpon
|-supereffective|p2a: Ogerpon
|-damage|p2a: Ogerpon|0 fnt
|faint|p2a: Ogerpon
|
|-heal|p1a: Kyurem|39/100|[from] item: Leftovers
|upkeep
|
|t:|1779680094
|switch|p2a: Iron Moth|Iron Moth|100/100
|turn|16
|
|t:|1779680098
|switch|p1a: Ting-Lu|Ting-Lu|100/100
|-ability|p1a: Ting-Lu|Vessel of Ruin
|move|p2a: Iron Moth|Sludge Wave|p1a: Ting-Lu
|-resisted|p1a: Ting-Lu
|-damage|p1a: Ting-Lu|91/100
|
|-heal|p1a: Ting-Lu|97/100|[from] item: Leftovers
|upkeep
|turn|17
|
|t:|1779680110
|move|p2a: Iron Moth|Toxic Spikes|p1a: Ting-Lu
|-sidestart|p1: Menaxelum|move: Toxic Spikes
|move|p1a: Ting-Lu|Earthquake|p2a: Iron Moth
|-supereffective|p2a: Iron Moth
|-damage|p2a: Iron Moth|0 fnt
|faint|p2a: Iron Moth
|-end|p2a: Iron Moth|Quark Drive|[silent]
|
|-heal|p1a: Ting-Lu|100/100|[from] item: Leftovers
|upkeep
|
|t:|1779680114
|switch|p2a: Gliscor|Gliscor, F|100/100 tox
|turn|18
|
|t:|1779680118
|switch|p1a: Weezing|Weezing-Galar, F|100/100
|-ability|p1a: Weezing|Neutralizing Gas
|-sideend|p1: Menaxelum|move: Toxic Spikes|[of] p1a: Weezing
|move|p2a: Gliscor|Agility|p2a: Gliscor
|-boost|p2a: Gliscor|spe|2
|
|-damage|p2a: Gliscor|94/100 tox|[from] psn
|-sideend|p2: lei54188|Reflect
|upkeep
|turn|19
|j| Eternity o2
|inactive|Menaxelum has 120 seconds left.
|inactive|Menaxelum has 90 seconds left.
|
|t:|1779680189
|-end|p1a: Weezing|ability: Neutralizing Gas
|switch|p1a: Corviknight|Corviknight, F|100/100
|-ability|p1a: Corviknight|Pressure
|move|p2a: Gliscor|Swords Dance|p2a: Gliscor
|-boost|p2a: Gliscor|atk|2
|
|-heal|p2a: Gliscor|100/100 tox|[from] ability: Poison Heal
|upkeep
|turn|20
|
|t:|1779680216
|move|p2a: Gliscor|Facade|p1a: Corviknight
|-resisted|p1a: Corviknight
|-damage|p1a: Corviknight|72/100
|move|p1a: Corviknight|Brave Bird|p2a: Gliscor
|-damage|p2a: Gliscor|70/100 tox
|-damage|p1a: Corviknight|64/100|[from] Recoil
|
|-heal|p1a: Corviknight|70/100|[from] item: Leftovers
|-heal|p2a: Gliscor|83/100 tox|[from] ability: Poison Heal
|upkeep
|turn|21
|
|t:|1779680225
|move|p2a: Gliscor|Swords Dance|p2a: Gliscor
|-boost|p2a: Gliscor|atk|2
|move|p1a: Corviknight|Roost|p1a: Corviknight
|-heal|p1a: Corviknight|100/100
|-singleturn|p1a: Corviknight|move: Roost
|
|-heal|p2a: Gliscor|95/100 tox|[from] ability: Poison Heal
|upkeep
|turn|22
|
|t:|1779680229
|move|p2a: Gliscor|Facade|p1a: Corviknight
|-resisted|p1a: Corviknight
|-damage|p1a: Corviknight|53/100
|move|p1a: Corviknight|Brave Bird|p2a: Gliscor
|-damage|p2a: Gliscor|63/100 tox
|-damage|p1a: Corviknight|44/100|[from] Recoil
|
|-heal|p1a: Corviknight|51/100|[from] item: Leftovers
|-heal|p2a: Gliscor|75/100 tox|[from] ability: Poison Heal
|upkeep
|turn|23
|
|t:|1779680243
|-terastallize|p2a: Gliscor|Normal
|move|p2a: Gliscor|Agility|p2a: Gliscor
|-boost|p2a: Gliscor|spe|2
|move|p1a: Corviknight|Roost|p1a: Corviknight
|-heal|p1a: Corviknight|100/100
|-singleturn|p1a: Corviknight|move: Roost
|
|-heal|p2a: Gliscor|88/100 tox|[from] ability: Poison Heal
|upkeep
|turn|24
|
|t:|1779680249
|move|p2a: Gliscor|Facade|p1a: Corviknight
|-resisted|p1a: Corviknight
|-damage|p1a: Corviknight|31/100
|move|p1a: Corviknight|U-turn|p2a: Gliscor
|-damage|p2a: Gliscor|75/100 tox
|
|t:|1779680251
|switch|p1a: Weezing|Weezing-Galar, F|100/100|[from] U-turn
|-ability|p1a: Weezing|Neutralizing Gas
|
|-damage|p2a: Gliscor|32/100 tox|[from] psn
|upkeep
|turn|25
|
|t:|1779680257
|move|p1a: Weezing|Protect|p1a: Weezing
|-singleturn|p1a: Weezing|Protect
|move|p2a: Gliscor|Earthquake|p1a: Weezing
|-activate|p1a: Weezing|move: Protect
|
|-damage|p2a: Gliscor|0 fnt|[from] psn
|faint|p2a: Gliscor
|upkeep
|inactive|lei54188 has 90 seconds left.
|
|t:|1779680274
|switch|p2a: Raging Bolt|Raging Bolt|100/100
|turn|26
|inactive|lei54188 has 90 seconds left.
|inactive|lei54188 has 60 seconds left.
|
|t:|1779680312
|move|p2a: Raging Bolt|Calm Mind|p2a: Raging Bolt
|-boost|p2a: Raging Bolt|spa|1
|-boost|p2a: Raging Bolt|spd|1
|move|p1a: Weezing|Toxic|p2a: Raging Bolt
|-status|p2a: Raging Bolt|tox
|
|-damage|p2a: Raging Bolt|94/100 tox|[from] psn
|upkeep
|turn|27
|
|t:|1779680331
|move|p1a: Weezing|Protect|p1a: Weezing
|-singleturn|p1a: Weezing|Protect
|move|p2a: Raging Bolt|Calm Mind|p2a: Raging Bolt
|-boost|p2a: Raging Bolt|spa|1
|-boost|p2a: Raging Bolt|spd|1
|
|-damage|p2a: Raging Bolt|82/100 tox|[from] psn
|upkeep
|turn|28
|
|t:|1779680335
|-end|p1a: Weezing|ability: Neutralizing Gas
|switch|p1a: Kyurem|Kyurem, shiny|39/100
|-enditem|p2a: Raging Bolt|Booster Energy
|-activate|p2a: Raging Bolt|ability: Protosynthesis|[fromitem]
|-start|p2a: Raging Bolt|protosynthesisspa
|-ability|p1a: Kyurem|Pressure
|move|p2a: Raging Bolt|Thunderbolt|p1a: Kyurem
|-resisted|p1a: Kyurem
|-damage|p1a: Kyurem|0 fnt
|faint|p1a: Kyurem
|
|-damage|p2a: Raging Bolt|64/100 tox|[from] psn
|upkeep
|
|t:|1779680340
|switch|p1a: Weezing|Weezing-Galar, F|100/100
|-ability|p1a: Weezing|Neutralizing Gas
|turn|29
|inactive|lei54188 has 90 seconds left.
|
|t:|1779680348
|move|p1a: Weezing|Protect|p1a: Weezing
|-singleturn|p1a: Weezing|Protect
|move|p2a: Raging Bolt|Thunderbolt|p1a: Weezing
|-activate|p1a: Weezing|move: Protect
|
|-damage|p2a: Raging Bolt|39/100 tox|[from] psn
|upkeep
|turn|30
|
|t:|1779680355
|-end|p1a: Weezing|ability: Neutralizing Gas
|switch|p1a: Ting-Lu|Ting-Lu|100/100
|-ability|p1a: Ting-Lu|Vessel of Ruin
|move|p2a: Raging Bolt|Thunderbolt|p1a: Ting-Lu
|-immune|p1a: Ting-Lu
|
|-damage|p2a: Raging Bolt|8/100 tox|[from] psn
|upkeep
|turn|31
|
|t:|1779680359
|move|p2a: Raging Bolt|Thunderbolt|p1a: Ting-Lu
|-immune|p1a: Ting-Lu
|move|p1a: Ting-Lu|Rest|p1a: Ting-Lu
|-fail|p1a: Ting-Lu|heal
|
|-damage|p2a: Raging Bolt|0 fnt|[from] psn
|faint|p2a: Raging Bolt
|-end|p2a: Raging Bolt|Protosynthesis|[silent]
|
|win|Menaxelum
|raw|Menaxelum's rating: 1585 &rarr; <strong>1602</strong><br />(+17 for winning)
|raw|lei54188's rating: 1541 &rarr; <strong>1524</strong><br />(-17 for losing)
|l|☆lei54188
|player|p2|
