|j|‽RadiantSol
|j|☆oubreezy
|t:|1779689243
|gametype|singles
|player|p1|RadiantSol|flint|1265
|player|p2|oubreezy|169|1339
|gen|9
|tier|[Gen 9] OU
|rated|
|rule|HP Percentage Mod: HP is shown in percentages
|rule|Endless Battle Clause: Forcing endless battles is banned
|rule|Species Clause: Limit one of each Pokémon
|rule|OHKO Clause: OHKO moves are banned
|rule|Evasion Items Clause: Evasion items are banned
|rule|Evasion Moves Clause: Evasion moves are banned
|rule|Evasion Abilities Clause: Evasion abilities are banned
|rule|Sleep Moves Clause: Sleep-inducing moves are banned
|clearpoke
|poke|p1|Espeon, F|
|poke|p1|Grimmsnarl, M|
|poke|p1|Ninetales-Alola, F|
|poke|p1|Talonflame, F|
|poke|p1|Muk-Alola, F|
|poke|p1|Quagsire, F|
|poke|p2|Meowscarada, F|
|poke|p2|Pecharunt|
|poke|p2|Enamorus, F|
|poke|p2|Iron Treads|
|poke|p2|Skarmory, M|
|poke|p2|Slowking, M|
|teampreview
|inactive|Battle timer is ON: inactive players will automatically lose when time's up. (requested by oubreezy)
|
|t:|1779689250
|teamsize|p1|6
|teamsize|p2|6
|start
|switch|p1a: Grimmsnarl|Grimmsnarl, M|100/100
|switch|p2a: Pecharunt|Pecharunt|100/100
|turn|1
|
|t:|1779689272
|move|p1a: Grimmsnarl|Substitute|p1a: Grimmsnarl
|-start|p1a: Grimmsnarl|Substitute
|-damage|p1a: Grimmsnarl|76/100
|move|p2a: Pecharunt|Malignant Chain|p1a: Grimmsnarl
|-supereffective|p1a: Grimmsnarl
|-end|p1a: Grimmsnarl|Substitute
|
|-heal|p1a: Grimmsnarl|82/100|[from] item: Leftovers
|upkeep
|turn|2
|
|t:|1779689288
|switch|p1a: Muk|Muk-Alola, F|100/100
|move|p2a: Pecharunt|Malignant Chain|p1a: Muk
|-resisted|p1a: Muk
|-damage|p1a: Muk|92/100
|
|-heal|p1a: Muk|98/100|[from] item: Black Sludge
|upkeep
|turn|3
|
|t:|1779689298
|move|p2a: Pecharunt|Parting Shot|p1a: Muk
|-unboost|p1a: Muk|atk|1
|-unboost|p1a: Muk|spa|1
|
|t:|1779689303
|switch|p2a: Iron Treads|Iron Treads|100/100|[from] Parting Shot
|move|p1a: Muk|Knock Off|p2a: Iron Treads
|-damage|p2a: Iron Treads|83/100
|-enditem|p2a: Iron Treads|Leftovers|[from] move: Knock Off|[of] p1a: Muk
|
|-heal|p1a: Muk|100/100|[from] item: Black Sludge
|upkeep
|turn|4
|
|t:|1779689310
|switch|p1a: Talonflame|Talonflame, F|100/100
|move|p2a: Iron Treads|Stealth Rock|p1a: Talonflame
|-sidestart|p1: RadiantSol|move: Stealth Rock
|
|upkeep
|turn|5
|
|t:|1779689315
|move|p1a: Talonflame|Defog|p2a: Iron Treads
|-unboost|p2a: Iron Treads|evasion|1
|-sideend|p1: RadiantSol|Stealth Rock|[from] move: Defog|[of] p1a: Talonflame
|move|p2a: Iron Treads|Knock Off|p1a: Talonflame
|-damage|p1a: Talonflame|72/100
|-status|p2a: Iron Treads|brn|[from] ability: Flame Body|[of] p1a: Talonflame
|-enditem|p1a: Talonflame|Heavy-Duty Boots|[from] move: Knock Off|[of] p2a: Iron Treads
|
|-damage|p2a: Iron Treads|77/100 brn|[from] brn
|upkeep
|turn|6
|
|t:|1779689323
|-end|p2a: Iron Treads|Quark Drive|[silent]
|switch|p2a: Slowking|Slowking, M|100/100
|move|p1a: Talonflame|Flamethrower|p2a: Slowking
|-resisted|p2a: Slowking
|-damage|p2a: Slowking|96/100
|
|upkeep
|turn|7
|
|t:|1779689335
|move|p1a: Talonflame|U-turn|p2a: Slowking
|-supereffective|p2a: Slowking
|-damage|p2a: Slowking|73/100
|
|t:|1779689352
|switch|p1a: Ninetales|Ninetales-Alola, F|100/100|[from] U-turn
|-weather|Snowscape|[from] ability: Snow Warning|[of] p1a: Ninetales
|move|p2a: Slowking|Future Sight|p1a: Ninetales
|-start|p2a: Slowking|move: Future Sight
|
|-weather|Snowscape|[upkeep]
|upkeep
|turn|8
|
|t:|1779689367
|move|p1a: Ninetales|Aurora Veil|p1a: Ninetales
|-sidestart|p1: RadiantSol|move: Aurora Veil
|move|p2a: Slowking|Fire Blast|p1a: Ninetales
|-supereffective|p1a: Ninetales
|-damage|p1a: Ninetales|71/100
|
|-weather|Snowscape|[upkeep]
|upkeep
|turn|9
|
|t:|1779689391
|switch|p1a: Muk|Muk-Alola, F|100/100
|move|p2a: Slowking|Scald|p1a: Muk
|-damage|p1a: Muk|92/100
|
|-weather|Snowscape|[upkeep]
|-end|p1a: Muk|move: Future Sight
|-immune|p1a: Muk
|-heal|p1a: Muk|98/100|[from] item: Black Sludge
|upkeep
|turn|10
|
|t:|1779689411
|switch|p2a: Iron Treads|Iron Treads|77/100 brn
|move|p1a: Muk|Knock Off|p2a: Iron Treads
|-damage|p2a: Iron Treads|61/100 brn
|
|-weather|Snowscape|[upkeep]
|-heal|p1a: Muk|100/100|[from] item: Black Sludge
|-damage|p2a: Iron Treads|55/100 brn|[from] brn
|upkeep
|turn|11
|inactive|oubreezy has 120 seconds left.
|inactive|oubreezy has 90 seconds left.
|
|t:|1779689468
|switch|p1a: Talonflame|Talonflame, F|72/100
|move|p2a: Iron Treads|Stealth Rock|p1a: Talonflame
|-sidestart|p1: RadiantSol|move: Stealth Rock
|
|-weather|none
|-damage|p2a: Iron Treads|49/100 brn|[from] brn
|upkeep
|turn|12
|
|t:|1779689478
|-end|p2a: Iron Treads|Quark Drive|[silent]
|switch|p2a: Slowking|Slowking, M|100/100
|move|p1a: Talonflame|Defog|p2a: Slowking
|-unboost|p2a: Slowking|evasion|1
|-sideend|p1: RadiantSol|Stealth Rock|[from] move: Defog|[of] p1a: Talonflame
|
|upkeep
|turn|13
|inactive|oubreezy has 90 seconds left.
|inactive|oubreezy has 60 seconds left.
|
|t:|1779689521
|move|p1a: Talonflame|U-turn|p2a: Slowking
|-supereffective|p2a: Slowking
|-damage|p2a: Slowking|76/100
|
|t:|1779689529
|switch|p1a: Espeon|Espeon, F, shiny|100/100|[from] U-turn
|move|p2a: Slowking|Future Sight|p1a: Espeon
|-start|p2a: Slowking|move: Future Sight
|
|upkeep
|turn|14
|inactive|oubreezy has 60 seconds left.
|inactive|oubreezy has 30 seconds left.
|inactive|oubreezy has 20 seconds left.
|
|t:|1779689584
|switch|p2a: Meowscarada|Meowscarada, F|100/100
|move|p1a: Espeon|Substitute|p1a: Espeon
|-start|p1a: Espeon|Substitute
|-damage|p1a: Espeon|76/100
|
|upkeep
|turn|15
|inactive|oubreezy has 30 seconds left this turn.
|
|t:|1779689590
|move|p2a: Meowscarada|U-turn|p1a: Espeon
|-start|p2a: Meowscarada|typechange|Bug|[from] ability: Protean
|-supereffective|p1a: Espeon
|-end|p1a: Espeon|Substitute
|inactive|oubreezy has 30 seconds left this turn.
|
|t:|1779689598
|switch|p2a: Slowking|Slowking, M|100/100|[from] U-turn
|move|p1a: Espeon|Draining Kiss|p2a: Slowking
|-damage|p2a: Slowking|92/100
|-heal|p1a: Espeon|85/100|[from] drain|[of] p2a: Slowking
|
|-end|p1a: Espeon|move: Future Sight
|-resisted|p1a: Espeon
|-damage|p1a: Espeon|70/100
|-sideend|p1: RadiantSol|move: Aurora Veil
|upkeep
|turn|16
|inactive|oubreezy has 30 seconds left.
|inactive|oubreezy has 20 seconds left.
|
|t:|1779689616
|move|p1a: Espeon|Calm Mind|p1a: Espeon
|-boost|p1a: Espeon|spa|1
|-boost|p1a: Espeon|spd|1
|move|p2a: Slowking|Scald|p1a: Espeon
|-damage|p1a: Espeon|42/100
|
|upkeep
|turn|17
|inactive|oubreezy has 30 seconds left this turn.
|inactive|oubreezy has 20 seconds left.
|inactive|oubreezy has 15 seconds left.
|inactive|oubreezy has 10 seconds left.
|
|t:|1779689637
|move|p1a: Espeon|Draining Kiss|p2a: Slowking
|-damage|p2a: Slowking|81/100
|-heal|p1a: Espeon|54/100|[from] drain|[of] p2a: Slowking
|move|p2a: Slowking|Scald|p1a: Espeon
|-damage|p1a: Espeon|29/100
|
|upkeep
|turn|18
|inactive|oubreezy has 20 seconds left this turn.
|inactive|oubreezy has 15 seconds left.
|inactive|oubreezy has 10 seconds left.
|
|t:|1779689659
|-terastallize|p1a: Espeon|Fairy
|move|p1a: Espeon|Draining Kiss|p2a: Slowking
|-damage|p2a: Slowking|59/100
|-heal|p1a: Espeon|52/100|[from] drain|[of] p2a: Slowking
|move|p2a: Slowking|Scald|p1a: Espeon
|-damage|p1a: Espeon|23/100
|
|upkeep
|turn|19
|inactive|oubreezy has 20 seconds left this turn.
|inactive|oubreezy has 15 seconds left.
|inactive|oubreezy has 10 seconds left.
|
|t:|1779689672
|switch|p2a: Iron Treads|Iron Treads|49/100 brn
|move|p1a: Espeon|Draining Kiss|p2a: Iron Treads
|-resisted|p2a: Iron Treads
|-damage|p2a: Iron Treads|28/100 brn
|-heal|p1a: Espeon|45/100|[from] drain|[of] p2a: Iron Treads
|
|-damage|p2a: Iron Treads|22/100 brn|[from] brn
|upkeep
|turn|20
|inactive|oubreezy has 20 seconds left this turn.
|-message|oubreezy forfeited.
|
|win|RadiantSol
|raw|RadiantSol's rating: 1265 &rarr; <strong>1295</strong><br />(+30 for winning)
|raw|oubreezy's rating: 1339 &rarr; <strong>1315</strong><br />(-24 for losing)
|l|☆oubreezy
|player|p2|
|l|‽RadiantSol
|player|p1|
