|j|☆lolozin
|j|☆The ZU Wanderer
|t:|1779596049
|gametype|singles
|player|p1|lolozin|bruno|1295
|player|p2|The ZU Wanderer|roughneck|1297
|gen|9
|tier|[Gen 9] OU
|rated|
|rule|HP Percentage Mod: HP is shown in percentages
|rule|Endless Battle Clause: Forcing endless battles is banned
|rule|Species Clause: Limit one of each Pokémon
|rule|OHKO Clause: OHKO moves are banned
|rule|Evasion Items Clause: Evasion items are banned
|rule|Evasion Moves Clause: Evasion moves are banned
|rule|Evasion Abilities Clause: Evasion abilities are banned
|rule|Sleep Moves Clause: Sleep-inducing moves are banned
|clearpoke
|poke|p1|Dragonite, F|
|poke|p1|Glimmora, M|
|poke|p1|Iron Valiant|
|poke|p1|Primarina, M|
|poke|p1|Tyranitar, F|
|poke|p1|Cinderace, F|
|poke|p2|Morpeko, F|
|poke|p2|Cryogonal|
|poke|p2|Piloswine, M|
|poke|p2|Toxicroak, M|
|poke|p2|Crocalor, M|
|poke|p2|Gogoat, M|
|teampreview
|
|t:|1779596058
|teamsize|p1|6
|teamsize|p2|6
|start
|switch|p1a: Glimmora|Glimmora, M|100/100
|switch|p2a: Morpeko|Morpeko, F, shiny|100/100
|turn|1
|
|t:|1779596065
|move|p2a: Morpeko|Fake Out|p1a: Glimmora
|-resisted|p1a: Glimmora
|-damage|p1a: Glimmora|91/100
|-activate|p1a: Glimmora|ability: Toxic Debris
|-sidestart|p2: The ZU Wanderer|move: Toxic Spikes
|-damage|p2a: Morpeko|91/100|[from] item: Life Orb
|cant|p1a: Glimmora|flinch
|
|-formechange|p2a: Morpeko|Morpeko-Hangry||[from] ability: Hunger Switch
|upkeep
|turn|2
|
|t:|1779596074
|move|p2a: Morpeko|Stomping Tantrum|p1a: Glimmora
|-supereffective|p1a: Glimmora
|-damage|p1a: Glimmora|0 fnt
|-activate|p1a: Glimmora|ability: Toxic Debris
|-sidestart|p2: The ZU Wanderer|move: Toxic Spikes
|faint|p1a: Glimmora
|-damage|p2a: Morpeko|81/100|[from] item: Life Orb
|
|-formechange|p2a: Morpeko|Morpeko||[from] ability: Hunger Switch
|upkeep
|inactive|Battle timer is ON: inactive players will automatically lose when time's up. (requested by The ZU Wanderer)
|
|t:|1779596082
|switch|p1a: Tyranitar|Tyranitar, F|100/100
|-weather|Sandstorm|[from] ability: Sand Stream|[of] p1a: Tyranitar
|turn|3
|
|t:|1779596095
|move|p2a: Morpeko|Aura Wheel|p1a: Tyranitar
|-damage|p1a: Tyranitar|58/100
|-boost|p2a: Morpeko|spe|1
|-damage|p2a: Morpeko|71/100|[from] item: Life Orb
|move|p1a: Tyranitar|Knock Off|p2a: Morpeko
|-resisted|p2a: Morpeko
|-damage|p2a: Morpeko|0 fnt
|-enditem|p2a: Morpeko|Life Orb|[from] move: Knock Off|[of] p1a: Tyranitar
|faint|p2a: Morpeko
|
|-weather|Sandstorm|[upkeep]
|upkeep
|
|t:|1779596107
|switch|p2a: Toxicroak|Toxicroak, M, shiny|100/100
|-sideend|p2: The ZU Wanderer|move: Toxic Spikes|[of] p2a: Toxicroak
|turn|4
|
|t:|1779596117
|switch|p1a: Primarina|Primarina, M|100/100
|move|p2a: Toxicroak|Gunk Shot|p1a: Primarina
|-supereffective|p1a: Primarina
|-damage|p1a: Primarina|0 fnt
|faint|p1a: Primarina
|-damage|p2a: Toxicroak|91/100|[from] item: Life Orb
|
|-weather|Sandstorm|[upkeep]
|-damage|p2a: Toxicroak|85/100|[from] Sandstorm
|upkeep
|
|t:|1779596135
|switch|p1a: Cinderace|Cinderace, F|100/100
|turn|5
|
|t:|1779596138
|switch|p2a: Crocalor|Crocalor, M|100/100
|move|p1a: Cinderace|Pyro Ball|p2a: Crocalor
|-resisted|p2a: Crocalor
|-damage|p2a: Crocalor|87/100
|
|-weather|Sandstorm|[upkeep]
|-damage|p1a: Cinderace|94/100|[from] Sandstorm
|-damage|p2a: Crocalor|81/100|[from] Sandstorm
|upkeep
|turn|6
|
|t:|1779596149
|move|p1a: Cinderace|U-turn|p2a: Crocalor
|-resisted|p2a: Crocalor
|-damage|p2a: Crocalor|76/100
|
|t:|1779596154
|switch|p1a: Tyranitar|Tyranitar, F|58/100|[from] U-turn
|move|p2a: Crocalor|Will-O-Wisp|p1a: Tyranitar
|-status|p1a: Tyranitar|brn
|
|-weather|Sandstorm|[upkeep]
|-damage|p2a: Crocalor|70/100|[from] Sandstorm
|-damage|p1a: Tyranitar|52/100 brn|[from] brn
|upkeep
|turn|7
|
|t:|1779596172
|switch|p2a: Toxicroak|Toxicroak, M, shiny|85/100
|move|p1a: Tyranitar|Earthquake|p2a: Toxicroak
|-supereffective|p2a: Toxicroak
|-damage|p2a: Toxicroak|1/100
|
|-weather|none
|-damage|p1a: Tyranitar|46/100 brn|[from] brn
|upkeep
|turn|8
|
|t:|1779596188
|switch|p1a: Cinderace|Cinderace, F|94/100
|move|p2a: Toxicroak|Close Combat|p1a: Cinderace
|-damage|p1a: Cinderace|12/100
|-unboost|p2a: Toxicroak|def|1
|-unboost|p2a: Toxicroak|spd|1
|-damage|p2a: Toxicroak|0 fnt|[from] item: Life Orb
|faint|p2a: Toxicroak
|
|upkeep
|
|t:|1779596200
|switch|p2a: Piloswine|Piloswine, M, shiny|100/100
|turn|9
|
|t:|1779596213
|move|p2a: Piloswine|Ice Shard|p1a: Cinderace
|-resisted|p1a: Cinderace
|-damage|p1a: Cinderace|4/100
|move|p1a: Cinderace|Pyro Ball|p2a: Piloswine|[miss]
|-miss|p1a: Cinderace|p2a: Piloswine
|
|upkeep
|turn|10
|
|t:|1779596219
|move|p2a: Piloswine|Ice Shard|p1a: Cinderace
|-resisted|p1a: Cinderace
|-damage|p1a: Cinderace|0 fnt
|faint|p1a: Cinderace
|
|upkeep
|
|t:|1779596223
|switch|p1a: Iron Valiant|Iron Valiant|100/100
|-enditem|p1a: Iron Valiant|Booster Energy
|-activate|p1a: Iron Valiant|ability: Quark Drive|[fromitem]
|-start|p1a: Iron Valiant|quarkdrivespe
|turn|11
|
|t:|1779596234
|-terastallize|p2a: Piloswine|Grass
|move|p1a: Iron Valiant|Swords Dance|p1a: Iron Valiant
|-boost|p1a: Iron Valiant|atk|2
|move|p2a: Piloswine|Earthquake|p1a: Iron Valiant
|-damage|p1a: Iron Valiant|53/100
|
|upkeep
|turn|12
|inactive|The ZU Wanderer has 120 seconds left.
|
|t:|1779596285
|move|p1a: Iron Valiant|Knock Off|p2a: Piloswine
|-damage|p2a: Piloswine|57/100
|-enditem|p2a: Piloswine|Eviolite|[from] move: Knock Off|[of] p1a: Iron Valiant
|move|p2a: Piloswine|Earthquake|p1a: Iron Valiant
|-damage|p1a: Iron Valiant|13/100
|
|upkeep
|turn|13
|
|t:|1779596292
|move|p2a: Piloswine|Ice Shard|p1a: Iron Valiant
|-damage|p1a: Iron Valiant|0 fnt
|faint|p1a: Iron Valiant
|-end|p1a: Iron Valiant|Quark Drive|[silent]
|
|upkeep
|
|t:|1779596298
|switch|p1a: Dragonite|Dragonite, F|100/100
|turn|14
|
|t:|1779596305
|move|p1a: Dragonite|Scale Shot|p2a: Piloswine
|-damage|p2a: Piloswine|42/100
|-damage|p2a: Piloswine|26/100
|-damage|p2a: Piloswine|11/100
|-damage|p2a: Piloswine|0 fnt
|faint|p2a: Piloswine
|-hitcount|p2: Piloswine|4
|-unboost|p1a: Dragonite|def|1
|-boost|p1a: Dragonite|spe|1
|
|upkeep
|
|t:|1779596314
|switch|p2a: Crocalor|Crocalor, M|70/100
|turn|15
|
|t:|1779596333
|-terastallize|p1a: Dragonite|Fire
|move|p1a: Dragonite|Dragon Dance|p1a: Dragonite
|-boost|p1a: Dragonite|atk|1
|-boost|p1a: Dragonite|spe|1
|move|p2a: Crocalor|Slack Off|p2a: Crocalor
|-heal|p2a: Crocalor|100/100
|
|upkeep
|turn|16
|
|t:|1779596341
|move|p1a: Dragonite|Scale Shot|p2a: Crocalor
|-crit|p2a: Crocalor
|-damage|p2a: Crocalor|87/100
|-damage|p2a: Crocalor|80/100
|-crit|p2a: Crocalor
|-damage|p2a: Crocalor|67/100
|-damage|p2a: Crocalor|58/100
|-damage|p2a: Crocalor|50/100
|-hitcount|p2a: Crocalor|5
|-unboost|p1a: Dragonite|def|1
|-boost|p1a: Dragonite|spe|1
|move|p2a: Crocalor|Encore|p1a: Dragonite
|-start|p1a: Dragonite|Encore
|
|upkeep
|turn|17
|
|t:|1779596354
|move|p1a: Dragonite|Scale Shot|p2a: Crocalor
|-damage|p2a: Crocalor|42/100
|-damage|p2a: Crocalor|33/100
|-damage|p2a: Crocalor|25/100
|-damage|p2a: Crocalor|17/100
|-damage|p2a: Crocalor|8/100
|-hitcount|p2a: Crocalor|5
|-unboost|p1a: Dragonite|def|1
|-boost|p1a: Dragonite|spe|1
|move|p2a: Crocalor|Slack Off|p2a: Crocalor
|-heal|p2a: Crocalor|59/100
|
|upkeep
|turn|18
|
|t:|1779596373
|move|p1a: Dragonite|Scale Shot|p2a: Crocalor|[miss]
|-miss|p1a: Dragonite|p2a: Crocalor
|move|p2a: Crocalor|Slack Off|p2a: Crocalor
|-heal|p2a: Crocalor|100/100
|
|upkeep
|turn|19
|
|t:|1779596381
|move|p1a: Dragonite|Scale Shot|p2a: Crocalor
|-damage|p2a: Crocalor|92/100
|-crit|p2a: Crocalor
|-damage|p2a: Crocalor|79/100
|-damage|p2a: Crocalor|71/100
|-damage|p2a: Crocalor|62/100
|-damage|p2a: Crocalor|55/100
|-hitcount|p2a: Crocalor|5
|-unboost|p1a: Dragonite|def|1
|-boost|p1a: Dragonite|spe|1
|move|p2a: Crocalor|Flamethrower|p1a: Dragonite
|-resisted|p1a: Dragonite
|-damage|p1a: Dragonite|93/100
|
|-end|p1a: Dragonite|Encore
|upkeep
|turn|20
|
|t:|1779596398
|move|p1a: Dragonite|Scale Shot|p2a: Crocalor|[miss]
|-miss|p1a: Dragonite|p2a: Crocalor
|move|p2a: Crocalor|Slack Off|p2a: Crocalor
|-heal|p2a: Crocalor|100/100
|
|upkeep
|turn|21
|
|t:|1779596407
|move|p1a: Dragonite|Scale Shot|p2a: Crocalor
|-damage|p2a: Crocalor|92/100
|-damage|p2a: Crocalor|85/100
|-damage|p2a: Crocalor|76/100
|-damage|p2a: Crocalor|68/100
|-damage|p2a: Crocalor|59/100
|-hitcount|p2a: Crocalor|5
|-unboost|p1a: Dragonite|def|1
|-boost|p1a: Dragonite|spe|1
|move|p2a: Crocalor|Flamethrower|p1a: Dragonite
|-resisted|p1a: Dragonite
|-damage|p1a: Dragonite|78/100
|
|upkeep
|turn|22
|
|t:|1779596421
|move|p1a: Dragonite|Dragon Dance|p1a: Dragonite
|-boost|p1a: Dragonite|atk|1
|-boost|p1a: Dragonite|spe|0
|move|p2a: Crocalor|Slack Off|p2a: Crocalor
|-heal|p2a: Crocalor|100/100
|
|upkeep
|turn|23
|
|t:|1779596427
|move|p1a: Dragonite|Scale Shot|p2a: Crocalor
|-damage|p2a: Crocalor|92/100
|-damage|p2a: Crocalor|84/100
|-damage|p2a: Crocalor|76/100
|-crit|p2a: Crocalor
|-damage|p2a: Crocalor|63/100
|-damage|p2a: Crocalor|55/100
|-hitcount|p2a: Crocalor|5
|-unboost|p1a: Dragonite|def|1
|move|p2a: Crocalor|Encore|p1a: Dragonite
|-start|p1a: Dragonite|Encore
|
|upkeep
|turn|24
|
|t:|1779596452
|move|p1a: Dragonite|Scale Shot|p2a: Crocalor
|-damage|p2a: Crocalor|46/100
|-damage|p2a: Crocalor|37/100
|-damage|p2a: Crocalor|29/100
|-damage|p2a: Crocalor|21/100
|-hitcount|p2a: Crocalor|4
|move|p2a: Crocalor|Slack Off|p2a: Crocalor
|-heal|p2a: Crocalor|71/100
|
|upkeep
|turn|25
|inactive|The ZU Wanderer has 120 seconds left.
|
|t:|1779596490
|move|p1a: Dragonite|Scale Shot|p2a: Crocalor
|-damage|p2a: Crocalor|63/100
|-damage|p2a: Crocalor|55/100
|-damage|p2a: Crocalor|47/100
|-damage|p2a: Crocalor|40/100
|-damage|p2a: Crocalor|32/100
|-hitcount|p2a: Crocalor|5
|move|p2a: Crocalor|Slack Off|p2a: Crocalor
|-heal|p2a: Crocalor|82/100
|
|upkeep
|turn|26
|
|t:|1779596500
|move|p1a: Dragonite|Scale Shot|p2a: Crocalor
|-damage|p2a: Crocalor|74/100
|-damage|p2a: Crocalor|67/100
|-damage|p2a: Crocalor|59/100
|-damage|p2a: Crocalor|50/100
|-damage|p2a: Crocalor|42/100
|-hitcount|p2a: Crocalor|5
|move|p2a: Crocalor|Flamethrower|p1a: Dragonite
|-resisted|p1a: Dragonite
|-damage|p1a: Dragonite|63/100
|
|-end|p1a: Dragonite|Encore
|upkeep
|turn|27
|inactive|The ZU Wanderer has 90 seconds left.
|
|t:|1779596531
|move|p1a: Dragonite|Scale Shot|p2a: Crocalor
|-damage|p2a: Crocalor|34/100
|-damage|p2a: Crocalor|26/100
|-damage|p2a: Crocalor|17/100
|-damage|p2a: Crocalor|10/100
|-damage|p2a: Crocalor|1/100
|-hitcount|p2a: Crocalor|5
|move|p2a: Crocalor|Slack Off|p2a: Crocalor
|-heal|p2a: Crocalor|51/100
|
|upkeep
|turn|28
|inactive|The ZU Wanderer has 90 seconds left.
|
|t:|1779596544
|move|p1a: Dragonite|Scale Shot|p2a: Crocalor
|-damage|p2a: Crocalor|43/100
|-damage|p2a: Crocalor|34/100
|-damage|p2a: Crocalor|26/100
|-damage|p2a: Crocalor|18/100
|-hitcount|p2a: Crocalor|4
|move|p2a: Crocalor|Encore|p1a: Dragonite
|-start|p1a: Dragonite|Encore
|
|upkeep
|turn|29
|inactive|The ZU Wanderer has 90 seconds left.
|
|t:|1779596553
|move|p1a: Dragonite|Scale Shot|p2a: Crocalor
|-damage|p2a: Crocalor|9/100
|-damage|p2a: Crocalor|1/100
|-damage|p2a: Crocalor|0 fnt
|faint|p2a: Crocalor
|-hitcount|p2: Crocalor|3
|
|upkeep
|inactive|The ZU Wanderer has 90 seconds left.
|
|t:|1779596559
|switch|p2a: Gogoat|Gogoat, M, shiny|100/100
|turn|30
|
|t:|1779596564
|move|p1a: Dragonite|Scale Shot|p2a: Gogoat
|-crit|p2a: Gogoat
|-damage|p2a: Gogoat|47/100
|-damage|p2a: Gogoat|14/100
|-damage|p2a: Gogoat|0 fnt
|faint|p2a: Gogoat
|-hitcount|p2: Gogoat|3
|
|upkeep
|-message|The ZU Wanderer forfeited.
|
|win|lolozin
|raw|lolozin's rating: 1295 &rarr; <strong>1320</strong><br />(+25 for winning)
|raw|The ZU Wanderer's rating: 1301 &rarr; <strong>1281</strong><br />(-20 for losing)
|l|☆The ZU Wanderer
|player|p2|
|c|☆lolozin|gg
|l|☆lolozin
|player|p1|
