|j|☆FireSide_01
|j|☆mizugame
|t:|1779681755
|gametype|singles
|player|p1|FireSide_01|janine|1380
|player|p2|mizugame|psychicf|1357
|gen|9
|tier|[Gen 9] OU
|rated|
|rule|HP Percentage Mod: HP is shown in percentages
|rule|Endless Battle Clause: Forcing endless battles is banned
|rule|Species Clause: Limit one of each Pokémon
|rule|OHKO Clause: OHKO moves are banned
|rule|Evasion Items Clause: Evasion items are banned
|rule|Evasion Moves Clause: Evasion moves are banned
|rule|Evasion Abilities Clause: Evasion abilities are banned
|rule|Sleep Moves Clause: Sleep-inducing moves are banned
|clearpoke
|poke|p1|Ninetales, F|
|poke|p1|Walking Wake|
|poke|p1|Typhlosion-Hisui, F|
|poke|p1|Great Tusk|
|poke|p1|Rillaboom, F|
|poke|p1|Raging Bolt|
|poke|p2|Walking Wake|
|poke|p2|Raging Bolt|
|poke|p2|Torkoal, M|
|poke|p2|Great Tusk|
|poke|p2|Lilligant-Hisui, F|
|poke|p2|Moltres|
|teampreview
|inactive|Battle timer is ON: inactive players will automatically lose when time's up. (requested by mizugame)
|
|t:|1779681780
|teamsize|p1|6
|teamsize|p2|6
|start
|switch|p1a: Raging Bolt|Raging Bolt|100/100
|switch|p2a: Lilligant|Lilligant-Hisui, F|100/100
|turn|1
|
|t:|1779681796
|-end|p1a: Raging Bolt|Protosynthesis|[silent]
|switch|p1a: Typhlosion|Typhlosion-Hisui, F|100/100
|move|p2a: Lilligant|Triple Axel|p1a: Typhlosion
|-resisted|p1a: Typhlosion
|-damage|p1a: Typhlosion|94/100
|-resisted|p1a: Typhlosion
|-damage|p1a: Typhlosion|81/100
|-resisted|p1a: Typhlosion
|-damage|p1a: Typhlosion|62/100
|-hitcount|p1a: Typhlosion|3
|-damage|p2a: Lilligant|91/100|[from] item: Life Orb
|
|upkeep
|turn|2
|
|t:|1779681808
|switch|p2a: Walking Wake|Walking Wake|100/100
|move|p1a: Typhlosion|Eruption|p2a: Walking Wake
|-resisted|p2a: Walking Wake
|-damage|p2a: Walking Wake|87/100
|
|upkeep
|turn|3
|
|t:|1779681822
|switch|p1a: Raging Bolt|Raging Bolt|100/100
|move|p2a: Walking Wake|Draco Meteor|p1a: Raging Bolt|[miss]
|-miss|p2a: Walking Wake|p1a: Raging Bolt
|
|upkeep
|turn|4
|
|t:|1779681826
|-terastallize|p1a: Raging Bolt|Fairy
|move|p2a: Walking Wake|Draco Meteor|p1a: Raging Bolt
|-immune|p1a: Raging Bolt
|move|p1a: Raging Bolt|Dragon Pulse|p2a: Walking Wake
|-supereffective|p2a: Walking Wake
|-damage|p2a: Walking Wake|0 fnt
|faint|p2a: Walking Wake
|-end|p2a: Walking Wake|Protosynthesis|[silent]
|
|upkeep
|
|t:|1779681843
|switch|p2a: Great Tusk|Great Tusk|100/100
|turn|5
|
|t:|1779681847
|move|p1a: Raging Bolt|Dragon Pulse|p2a: Great Tusk
|-damage|p2a: Great Tusk|64/100
|move|p2a: Great Tusk|Headlong Rush|p1a: Raging Bolt
|-damage|p1a: Raging Bolt|33/100
|-unboost|p2a: Great Tusk|def|1
|-unboost|p2a: Great Tusk|spd|1
|
|upkeep
|turn|6
|
|t:|1779681874
|-end|p1a: Raging Bolt|Protosynthesis|[silent]
|switch|p1a: Rillaboom|Rillaboom, F|100/100
|-fieldstart|move: Grassy Terrain|[from] ability: Grassy Surge|[of] p1a: Rillaboom
|move|p2a: Great Tusk|Headlong Rush|p1a: Rillaboom
|-resisted|p1a: Rillaboom
|-damage|p1a: Rillaboom|63/100
|-unboost|p2a: Great Tusk|def|1
|-unboost|p2a: Great Tusk|spd|1
|
|-heal|p1a: Rillaboom|69/100|[from] Grassy Terrain
|-heal|p2a: Great Tusk|70/100|[from] Grassy Terrain
|upkeep
|turn|7
|
|t:|1779681886
|switch|p1a: Walking Wake|Walking Wake|100/100
|-end|p2a: Great Tusk|Protosynthesis|[silent]
|switch|p2a: Torkoal|Torkoal, M|100/100
|-weather|SunnyDay|[from] ability: Drought|[of] p2a: Torkoal
|-activate|p1a: Walking Wake|ability: Protosynthesis
|-start|p1a: Walking Wake|protosynthesisspa
|
|-weather|SunnyDay|[upkeep]
|upkeep
|turn|8
|
|t:|1779681892
|move|p1a: Walking Wake|Hydro Steam|p2a: Torkoal
|-supereffective|p2a: Torkoal
|-damage|p2a: Torkoal|0 fnt
|faint|p2a: Torkoal
|
|-weather|SunnyDay|[upkeep]
|upkeep
|
|t:|1779681903
|switch|p2a: Lilligant|Lilligant-Hisui, F|91/100
|turn|9
|
|t:|1779681916
|-end|p1a: Walking Wake|Protosynthesis|[silent]
|switch|p1a: Typhlosion|Typhlosion-Hisui, F|62/100
|move|p2a: Lilligant|Solar Blade||[still]
|-prepare|p2a: Lilligant|Solar Blade
|-anim|p2a: Lilligant|Solar Blade|p1a: Typhlosion
|-resisted|p1a: Typhlosion
|-damage|p1a: Typhlosion|0 fnt
|faint|p1a: Typhlosion
|-damage|p2a: Lilligant|81/100|[from] item: Life Orb
|
|-weather|SunnyDay|[upkeep]
|-heal|p2a: Lilligant|87/100|[from] Grassy Terrain
|upkeep
|
|t:|1779681935
|switch|p1a: Raging Bolt|Raging Bolt, tera:Fairy|33/100
|-activate|p1a: Raging Bolt|ability: Protosynthesis
|-start|p1a: Raging Bolt|protosynthesisspa
|turn|10
|
|t:|1779681947
|move|p1a: Raging Bolt|Thunderclap||[still]
|-fail|p1a: Raging Bolt
|move|p2a: Lilligant|Victory Dance|p2a: Lilligant
|-boost|p2a: Lilligant|atk|1
|-boost|p2a: Lilligant|def|1
|-boost|p2a: Lilligant|spe|1
|
|-weather|SunnyDay|[upkeep]
|-heal|p2a: Lilligant|93/100|[from] Grassy Terrain
|-heal|p1a: Raging Bolt|40/100|[from] Grassy Terrain
|-fieldend|move: Grassy Terrain
|upkeep
|turn|11
|
|t:|1779681955
|move|p1a: Raging Bolt|Thunderclap|p2a: Lilligant
|-resisted|p2a: Lilligant
|-damage|p2a: Lilligant|53/100
|move|p2a: Lilligant|Solar Blade||[still]
|-prepare|p2a: Lilligant|Solar Blade
|-anim|p2a: Lilligant|Solar Blade|p1a: Raging Bolt
|-damage|p1a: Raging Bolt|0 fnt
|faint|p1a: Raging Bolt
|-end|p1a: Raging Bolt|Protosynthesis|[silent]
|-damage|p2a: Lilligant|43/100|[from] item: Life Orb
|
|-weather|SunnyDay|[upkeep]
|upkeep
|
|t:|1779681958
|switch|p1a: Rillaboom|Rillaboom, F|69/100
|-fieldstart|move: Grassy Terrain|[from] ability: Grassy Surge|[of] p1a: Rillaboom
|turn|12
|
|t:|1779681968
|move|p1a: Rillaboom|Grassy Glide|p2a: Lilligant
|-resisted|p2a: Lilligant
|-damage|p2a: Lilligant|17/100
|move|p2a: Lilligant|Triple Axel|p1a: Rillaboom
|-supereffective|p1a: Rillaboom
|-damage|p1a: Rillaboom|37/100
|-supereffective|p1a: Rillaboom
|-damage|p1a: Rillaboom|0 fnt
|faint|p1a: Rillaboom
|-hitcount|p1: Rillaboom|2
|-damage|p2a: Lilligant|7/100|[from] item: Life Orb
|
|-weather|SunnyDay|[upkeep]
|-heal|p2a: Lilligant|14/100|[from] Grassy Terrain
|upkeep
|
|t:|1779681986
|switch|p1a: Ninetales|Ninetales, F|100/100
|turn|13
|
|t:|1779681993
|move|p2a: Lilligant|Axe Kick|p1a: Ninetales|[miss]
|-miss|p2a: Lilligant|p1a: Ninetales
|-damage|p2a: Lilligant|0 fnt|[from] highjumpkick
|faint|p2a: Lilligant
|move|p1a: Ninetales|Weather Ball|p2: Lilligant|[notarget]
|-fail|p1a: Ninetales
|
|-weather|SunnyDay|[upkeep]
|upkeep
|
|t:|1779682013
|switch|p2a: Raging Bolt|Raging Bolt|100/100
|-activate|p2a: Raging Bolt|ability: Protosynthesis
|-start|p2a: Raging Bolt|protosynthesisspa
|turn|14
|
|t:|1779682029
|switch|p1a: Great Tusk|Great Tusk|100/100
|-activate|p1a: Great Tusk|ability: Protosynthesis
|-start|p1a: Great Tusk|protosynthesisspe
|move|p2a: Raging Bolt|Calm Mind|p2a: Raging Bolt
|-boost|p2a: Raging Bolt|spa|1
|-boost|p2a: Raging Bolt|spd|1
|
|-weather|none
|-end|p1a: Great Tusk|Protosynthesis
|-end|p2a: Raging Bolt|Protosynthesis
|upkeep
|turn|15
|
|t:|1779682046
|-terastallize|p2a: Raging Bolt|Grass
|move|p1a: Great Tusk|Headlong Rush|p2a: Raging Bolt
|-resisted|p2a: Raging Bolt
|-damage|p2a: Raging Bolt|79/100
|-unboost|p1a: Great Tusk|def|1
|-unboost|p1a: Great Tusk|spd|1
|move|p2a: Raging Bolt|Dragon Pulse|p1a: Great Tusk
|-damage|p1a: Great Tusk|0 fnt
|faint|p1a: Great Tusk
|-end|p1a: Great Tusk|Protosynthesis|[silent]
|
|-heal|p2a: Raging Bolt|85/100|[from] Grassy Terrain
|-heal|p2a: Raging Bolt|91/100|[from] item: Leftovers
|upkeep
|
|t:|1779682050
|switch|p1a: Ninetales|Ninetales, F|100/100
|-weather|SunnyDay|[from] ability: Drought|[of] p1a: Ninetales
|-activate|p2a: Raging Bolt|ability: Protosynthesis
|-start|p2a: Raging Bolt|protosynthesisspa
|turn|16
|
|t:|1779682058
|move|p1a: Ninetales|Weather Ball|p2a: Raging Bolt
|-supereffective|p2a: Raging Bolt
|-damage|p2a: Raging Bolt|41/100
|move|p2a: Raging Bolt|Dragon Pulse|p1a: Ninetales
|-damage|p1a: Ninetales|9/100
|
|-weather|SunnyDay|[upkeep]
|-heal|p1a: Ninetales|15/100|[from] Grassy Terrain
|-heal|p2a: Raging Bolt|47/100|[from] Grassy Terrain
|-heal|p2a: Raging Bolt|53/100|[from] item: Leftovers
|-fieldend|move: Grassy Terrain
|upkeep
|turn|17
|
|t:|1779682066
|move|p2a: Raging Bolt|Thunderclap||[still]
|-fail|p2a: Raging Bolt
|move|p1a: Ninetales|Will-O-Wisp|p2a: Raging Bolt
|-status|p2a: Raging Bolt|brn
|
|-weather|SunnyDay|[upkeep]
|-heal|p2a: Raging Bolt|59/100 brn|[from] item: Leftovers
|-damage|p2a: Raging Bolt|53/100 brn|[from] brn
|upkeep
|turn|18
|
|t:|1779682078
|move|p1a: Ninetales|Encore|p2a: Raging Bolt
|-start|p2a: Raging Bolt|Encore
|move|p2a: Raging Bolt|Thunderclap||[still]
|-fail|p2a: Raging Bolt
|
|-weather|SunnyDay|[upkeep]
|-heal|p2a: Raging Bolt|59/100 brn|[from] item: Leftovers
|-damage|p2a: Raging Bolt|53/100 brn|[from] brn
|upkeep
|turn|19
|
|t:|1779682093
|switch|p1a: Walking Wake|Walking Wake|100/100
|-activate|p1a: Walking Wake|ability: Protosynthesis
|-start|p1a: Walking Wake|protosynthesisspa
|move|p2a: Raging Bolt|Thunderclap||[still]
|-fail|p2a: Raging Bolt
|
|-weather|SunnyDay|[upkeep]
|-heal|p2a: Raging Bolt|59/100 brn|[from] item: Leftovers
|-damage|p2a: Raging Bolt|53/100 brn|[from] brn
|upkeep
|turn|20
|
|t:|1779682101
|-end|p1a: Walking Wake|Protosynthesis|[silent]
|switch|p1a: Ninetales|Ninetales, F|15/100
|move|p2a: Raging Bolt|Thunderclap||[still]
|-fail|p2a: Raging Bolt
|
|-weather|SunnyDay|[upkeep]
|-heal|p2a: Raging Bolt|59/100 brn|[from] item: Leftovers
|-damage|p2a: Raging Bolt|53/100 brn|[from] brn
|-end|p2a: Raging Bolt|Encore
|upkeep
|turn|21
|
|t:|1779682117
|-end|p2a: Raging Bolt|Protosynthesis|[silent]
|switch|p2a: Great Tusk|Great Tusk|70/100
|-activate|p2a: Great Tusk|ability: Protosynthesis
|-start|p2a: Great Tusk|protosynthesisatk
|move|p1a: Ninetales|Encore||[still]
|-fail|p1a: Ninetales
|
|-weather|SunnyDay|[upkeep]
|upkeep
|turn|22
|
|t:|1779682123
|move|p1a: Ninetales|Healing Wish|p1a: Ninetales
|faint|p1a: Ninetales
|move|p2a: Great Tusk|Rapid Spin|p1: Ninetales|[notarget]
|-fail|p2a: Great Tusk
|
|-weather|SunnyDay|[upkeep]
|upkeep
|
|t:|1779682126
|switch|p1a: Walking Wake|Walking Wake|100/100
|-activate|p1a: Walking Wake|ability: Protosynthesis
|-start|p1a: Walking Wake|protosynthesisspa
|turn|23
|
|t:|1779682131
|move|p1a: Walking Wake|Hydro Steam|p2a: Great Tusk
|-supereffective|p2a: Great Tusk
|-damage|p2a: Great Tusk|0 fnt
|faint|p2a: Great Tusk
|-end|p2a: Great Tusk|Protosynthesis|[silent]
|
|-weather|none
|-end|p1a: Walking Wake|Protosynthesis
|upkeep
|
|t:|1779682137
|switch|p2a: Raging Bolt|Raging Bolt, tera:Grass|53/100 brn
|turn|24
|
|t:|1779682144
|move|p1a: Walking Wake|Hydro Steam|p2a: Raging Bolt
|-resisted|p2a: Raging Bolt
|-damage|p2a: Raging Bolt|24/100 brn
|move|p2a: Raging Bolt|Dragon Pulse|p1a: Walking Wake
|-supereffective|p1a: Walking Wake
|-damage|p1a: Walking Wake|0 fnt
|faint|p1a: Walking Wake
|-end|p1a: Walking Wake|Protosynthesis|[silent]
|
|win|mizugame
|raw|FireSide_01's rating: 1380 &rarr; <strong>1359</strong><br />(-21 for losing)
|raw|mizugame's rating: 1357 &rarr; <strong>1378</strong><br />(+21 for winning)
|c|☆FireSide_01|gg
|l|☆FireSide_01
|player|p1|
|l|☆mizugame
|player|p2|
