|j|☆Awakened Ashes
|j|☆deathprofessor21
|t:|1779605642
|gametype|singles
|player|p1|Awakened Ashes|red-masters3|1615
|player|p2|deathprofessor21|102|1551
|gen|9
|tier|[Gen 9] OU
|rated|
|rule|HP Percentage Mod: HP is shown in percentages
|rule|Endless Battle Clause: Forcing endless battles is banned
|rule|Species Clause: Limit one of each Pokémon
|rule|OHKO Clause: OHKO moves are banned
|rule|Evasion Items Clause: Evasion items are banned
|rule|Evasion Moves Clause: Evasion moves are banned
|rule|Evasion Abilities Clause: Evasion abilities are banned
|rule|Sleep Moves Clause: Sleep-inducing moves are banned
|clearpoke
|poke|p1|Torkoal, F|
|poke|p1|Walking Wake|
|poke|p1|Raging Bolt|
|poke|p1|Great Tusk|
|poke|p1|Cresselia, F|
|poke|p1|Ceruledge, F|
|poke|p2|Dragapult, F|
|poke|p2|Arcanine-Hisui, F|
|poke|p2|Great Tusk|
|poke|p2|Kyurem|
|poke|p2|Hydrapple, F|
|poke|p2|Kingambit, F|
|teampreview
|inactive|Battle timer is ON: inactive players will automatically lose when time's up. (requested by Awakened Ashes)
|
|t:|1779605668
|teamsize|p1|6
|teamsize|p2|6
|start
|switch|p1a: Torkoal|Torkoal, F|100/100
|switch|p2a: Hydrapple|Hydrapple, F|100/100
|-weather|SunnyDay|[from] ability: Drought|[of] p1a: Torkoal
|turn|1
|
|t:|1779605675
|move|p2a: Hydrapple|Fickle Beam|p1a: Torkoal
|-damage|p1a: Torkoal|23/100
|-damage|p2a: Hydrapple|91/100|[from] item: Life Orb
|move|p1a: Torkoal|Stealth Rock|p2a: Hydrapple
|-sidestart|p2: deathprofessor21|move: Stealth Rock
|
|-weather|SunnyDay|[upkeep]
|upkeep
|turn|2
|
|t:|1779605679
|switch|p1a: Cresselia|Cresselia, F|100/100
|move|p2a: Hydrapple|Fickle Beam|p1a: Cresselia
|-damage|p1a: Cresselia|63/100
|-enditem|p1a: Cresselia|Eject Button
|-damage|p2a: Hydrapple|81/100|[from] item: Life Orb
|
|t:|1779605690
|switch|p1a: Great Tusk|Great Tusk|100/100
|-activate|p1a: Great Tusk|ability: Protosynthesis
|-start|p1a: Great Tusk|protosynthesisatk
|
|-weather|SunnyDay|[upkeep]
|upkeep
|turn|3
|
|t:|1779605718
|switch|p2a: Kingambit|Kingambit, F|100/100
|-damage|p2a: Kingambit|94/100|[from] Stealth Rock
|move|p1a: Great Tusk|Ice Spinner|p2a: Kingambit
|-resisted|p2a: Kingambit
|-damage|p2a: Kingambit|81/100
|
|-weather|SunnyDay|[upkeep]
|upkeep
|turn|4
|
|t:|1779605725
|move|p1a: Great Tusk|Headlong Rush|p2a: Kingambit
|-supereffective|p2a: Kingambit
|-crit|p2a: Kingambit
|-damage|p2a: Kingambit|0 fnt
|-unboost|p1a: Great Tusk|def|1
|-unboost|p1a: Great Tusk|spd|1
|faint|p2a: Kingambit
|-end|p2a: Kingambit|fallenundefined|[silent]
|
|-weather|SunnyDay|[upkeep]
|upkeep
|inactive|deathprofessor21 has 120 seconds left.
|inactive|deathprofessor21 has 90 seconds left.
|
|t:|1779605773
|switch|p2a: Kyurem|Kyurem|100/100
|-ability|p2a: Kyurem|Pressure
|turn|5
|
|t:|1779605779
|-end|p1a: Great Tusk|Protosynthesis|[silent]
|switch|p1a: Cresselia|Cresselia, F|63/100
|move|p2a: Kyurem|Ice Beam|p1a: Cresselia
|-damage|p1a: Cresselia|33/100
|
|-weather|SunnyDay|[upkeep]
|upkeep
|turn|6
|
|t:|1779605784
|move|p2a: Kyurem|Scale Shot|p1a: Cresselia|[miss]
|-miss|p2a: Kyurem|p1a: Cresselia
|move|p1a: Cresselia|Thunder Wave|p2a: Kyurem
|-status|p2a: Kyurem|par
|
|-weather|SunnyDay|[upkeep]
|upkeep
|turn|7
|inactive|Awakened Ashes has 120 seconds left.
|
|t:|1779605820
|move|p1a: Cresselia|Lunar Dance|p1a: Cresselia
|faint|p1a: Cresselia
|move|p2a: Kyurem|Scale Shot|p1: Cresselia|[notarget]
|-fail|p2a: Kyurem
|
|-weather|SunnyDay|[upkeep]
|upkeep
|
|t:|1779605824
|switch|p1a: Raging Bolt|Raging Bolt|100/100
|-activate|p1a: Raging Bolt|ability: Protosynthesis
|-start|p1a: Raging Bolt|protosynthesisspa
|turn|8
|
|t:|1779605828
|move|p1a: Raging Bolt|Draco Meteor|p2a: Kyurem
|-supereffective|p2a: Kyurem
|-damage|p2a: Kyurem|0 fnt
|-unboost|p1a: Raging Bolt|spa|2
|faint|p2a: Kyurem
|-damage|p1a: Raging Bolt|91/100|[from] item: Life Orb
|
|-weather|none
|-end|p1a: Raging Bolt|Protosynthesis
|upkeep
|
|t:|1779605831
|switch|p2a: Hydrapple|Hydrapple, F|100/100
|-damage|p2a: Hydrapple|88/100|[from] Stealth Rock
|turn|9
|
|t:|1779605840
|move|p1a: Raging Bolt|Draco Meteor|p2a: Hydrapple
|-supereffective|p2a: Hydrapple
|-damage|p2a: Hydrapple|0 fnt
|-unboost|p1a: Raging Bolt|spa|2
|faint|p2a: Hydrapple
|-damage|p1a: Raging Bolt|81/100|[from] item: Life Orb
|
|upkeep
|
|t:|1779605843
|switch|p2a: Great Tusk|Great Tusk|100/100
|-damage|p2a: Great Tusk|98/100|[from] Stealth Rock
|-enditem|p2a: Great Tusk|Booster Energy
|-activate|p2a: Great Tusk|ability: Protosynthesis|[fromitem]
|-start|p2a: Great Tusk|protosynthesisatk
|turn|10
|
|t:|1779605846
|-end|p1a: Raging Bolt|Protosynthesis|[silent]
|switch|p1a: Ceruledge|Ceruledge, F|100/100
|-item|p1a: Ceruledge|Air Balloon
|move|p2a: Great Tusk|Rapid Spin|p1a: Ceruledge
|-immune|p1a: Ceruledge
|
|upkeep
|turn|11
|
|t:|1779605849
|move|p2a: Great Tusk|Knock Off|p1a: Ceruledge
|-supereffective|p1a: Ceruledge
|-damage|p1a: Ceruledge|0 fnt
|-enditem|p1a: Ceruledge|Air Balloon
|faint|p1a: Ceruledge
|
|upkeep
|
|t:|1779605858
|switch|p1a: Walking Wake|Walking Wake|100/100
|turn|12
|
|t:|1779605868
|-terastallize|p2a: Great Tusk|Steel
|move|p1a: Walking Wake|Draco Meteor|p2a: Great Tusk
|-resisted|p2a: Great Tusk
|-damage|p2a: Great Tusk|19/100
|-unboost|p1a: Walking Wake|spa|2
|move|p2a: Great Tusk|Close Combat|p1a: Walking Wake
|-damage|p1a: Walking Wake|8/100
|-unboost|p2a: Great Tusk|def|1
|-unboost|p2a: Great Tusk|spd|1
|
|upkeep
|turn|13
|
|t:|1779605881
|-end|p2a: Great Tusk|Protosynthesis|[silent]
|switch|p2a: Arcanine|Arcanine-Hisui, F|100/100
|-damage|p2a: Arcanine|76/100|[from] Stealth Rock
|move|p1a: Walking Wake|Draco Meteor|p2a: Arcanine
|-damage|p2a: Arcanine|17/100
|-unboost|p1a: Walking Wake|spa|2
|
|upkeep
|turn|14
|
|t:|1779605888
|-end|p1a: Walking Wake|Protosynthesis|[silent]
|switch|p1a: Torkoal|Torkoal, F|23/100
|-heal|p1a: Torkoal|100/100|[from] move: Lunar Dance
|-weather|SunnyDay|[from] ability: Drought|[of] p1a: Torkoal
|move|p2a: Arcanine|Extreme Speed|p1a: Torkoal
|-damage|p1a: Torkoal|77/100
|
|-weather|SunnyDay|[upkeep]
|upkeep
|turn|15
|
|t:|1779605894
|switch|p1a: Great Tusk|Great Tusk|100/100
|-activate|p1a: Great Tusk|ability: Protosynthesis
|-start|p1a: Great Tusk|protosynthesisatk
|move|p2a: Arcanine|Extreme Speed|p1a: Great Tusk
|-damage|p1a: Great Tusk|73/100
|
|-weather|SunnyDay|[upkeep]
|upkeep
|turn|16
|
|t:|1779605900
|move|p2a: Arcanine|Extreme Speed|p1a: Great Tusk
|-damage|p1a: Great Tusk|48/100
|move|p1a: Great Tusk|Ice Spinner|p2a: Arcanine
|-resisted|p2a: Arcanine
|-damage|p2a: Arcanine|0 fnt
|faint|p2a: Arcanine
|
|-weather|SunnyDay|[upkeep]
|upkeep
|
|t:|1779605903
|switch|p2a: Great Tusk|Great Tusk, tera:Steel|19/100
|-damage|p2a: Great Tusk|12/100|[from] Stealth Rock
|-activate|p2a: Great Tusk|ability: Protosynthesis
|-start|p2a: Great Tusk|protosynthesisatk
|turn|17
|
|t:|1779605918
|move|p2a: Great Tusk|Ice Spinner|p1a: Great Tusk
|-supereffective|p1a: Great Tusk
|-damage|p1a: Great Tusk|0 fnt
|faint|p1a: Great Tusk
|-end|p1a: Great Tusk|Protosynthesis|[silent]
|
|-weather|SunnyDay|[upkeep]
|upkeep
|
|t:|1779605921
|switch|p1a: Walking Wake|Walking Wake|8/100
|-activate|p1a: Walking Wake|ability: Protosynthesis
|-start|p1a: Walking Wake|protosynthesisspe
|turn|18
|
|t:|1779605924
|move|p1a: Walking Wake|Hydro Steam|p2a: Great Tusk
|-damage|p2a: Great Tusk|0 fnt
|faint|p2a: Great Tusk
|-end|p2a: Great Tusk|Protosynthesis|[silent]
|
|-weather|SunnyDay|[upkeep]
|upkeep
|
|t:|1779605925
|switch|p2a: Dragapult|Dragapult, F|100/100
|-damage|p2a: Dragapult|88/100|[from] Stealth Rock
|turn|19
|
|t:|1779605930
|-end|p1a: Walking Wake|Protosynthesis|[silent]
|switch|p1a: Raging Bolt|Raging Bolt|81/100
|-activate|p1a: Raging Bolt|ability: Protosynthesis
|-start|p1a: Raging Bolt|protosynthesisspa
|move|p2a: Dragapult|Dragon Darts|p1a: Raging Bolt
|-supereffective|p1a: Raging Bolt
|-damage|p1a: Raging Bolt|14/100
|-anim|p2a: Dragapult|Dragon Darts|p1a: Raging Bolt
|-supereffective|p1a: Raging Bolt
|-damage|p1a: Raging Bolt|0 fnt
|faint|p1a: Raging Bolt
|-end|p1a: Raging Bolt|Protosynthesis|[silent]
|
|-weather|SunnyDay|[upkeep]
|upkeep
|
|t:|1779605932
|switch|p1a: Walking Wake|Walking Wake|8/100
|-activate|p1a: Walking Wake|ability: Protosynthesis
|-start|p1a: Walking Wake|protosynthesisspe
|turn|20
|
|t:|1779605934
|move|p1a: Walking Wake|Draco Meteor|p2a: Dragapult
|-supereffective|p2a: Dragapult
|-damage|p2a: Dragapult|0 fnt
|-unboost|p1a: Walking Wake|spa|2
|faint|p2a: Dragapult
|
|win|Awakened Ashes
|raw|Awakened Ashes's rating: 1596 &rarr; <strong>1613</strong><br />(+17 for winning)
|raw|deathprofessor21's rating: 1551 &rarr; <strong>1534</strong><br />(-17 for losing)
|l|☆Awakened Ashes
|player|p1|
|l|☆deathprofessor21
|player|p2|
