|j|☆Grey_Flame
|j|☆omurprimezer
|t:|1779566634
|gametype|singles
|player|p1|Grey_Flame|gamer-gen3|1515
|player|p2|omurprimezer|steven|1551
|gen|9
|tier|[Gen 9] OU
|rated|
|rule|HP Percentage Mod: HP is shown in percentages
|rule|Endless Battle Clause: Forcing endless battles is banned
|rule|Species Clause: Limit one of each Pokémon
|rule|OHKO Clause: OHKO moves are banned
|rule|Evasion Items Clause: Evasion items are banned
|rule|Evasion Moves Clause: Evasion moves are banned
|rule|Evasion Abilities Clause: Evasion abilities are banned
|rule|Sleep Moves Clause: Sleep-inducing moves are banned
|clearpoke
|poke|p1|Umbreon, M|
|poke|p1|Volcanion|
|poke|p1|Chesnaught, F|
|poke|p1|Iron Treads|
|poke|p1|Dragalge, M|
|poke|p1|Latios, M|
|poke|p2|Iron Moth|
|poke|p2|Kingambit, M|
|poke|p2|Dragonite, M|
|poke|p2|Ogerpon-Cornerstone, F|
|poke|p2|Iron Valiant|
|poke|p2|Raging Bolt|
|teampreview
|inactive|Battle timer is ON: inactive players will automatically lose when time's up. (requested by omurprimezer)
|c|☆Grey_Flame|gl hf
|c|☆omurprimezer|gl hf
|l|☆Grey_Flame
|inactive|Grey_Flame disconnected and has a minute to reconnect!
|player|p1|
|inactive|Grey_Flame has 30 seconds to reconnect!
|j|☆Grey_Flame
|inactive|Grey_Flame reconnected and has 95 seconds left.
|player|p1|Grey_Flame|gamer-gen3|
|inactive|Grey_Flame has 90 seconds left.
|
|t:|1779566696
|teamsize|p1|6
|teamsize|p2|6
|start
|switch|p1a: Reef's Revenge|Dragalge, M|100/100
|switch|p2a: BBL|Dragonite, M|100/100
|turn|1
|inactive|omurprimezer has 120 seconds left.
|
|t:|1779566743
|switch|p1a: Mr. Midnight|Umbreon, M, shiny|100/100
|move|p2a: BBL|Scale Shot|p1a: Mr. Midnight
|-damage|p1a: Mr. Midnight|92/100
|-damage|p1a: Mr. Midnight|83/100
|-damage|p1a: Mr. Midnight|75/100
|-damage|p1a: Mr. Midnight|66/100
|-damage|p1a: Mr. Midnight|58/100
|-hitcount|p1a: Mr. Midnight|5
|-unboost|p2a: BBL|def|1
|-boost|p2a: BBL|spe|1
|
|-heal|p1a: Mr. Midnight|64/100|[from] item: Leftovers
|upkeep
|turn|2
|
|t:|1779566754
|-terastallize|p2a: BBL|Normal
|move|p2a: BBL|Dragon Dance|p2a: BBL
|-boost|p2a: BBL|atk|1
|-boost|p2a: BBL|spe|1
|move|p1a: Mr. Midnight|Wish|p1a: Mr. Midnight
|
|-heal|p1a: Mr. Midnight|70/100|[from] item: Leftovers
|upkeep
|turn|3
|
|t:|1779566762
|move|p2a: BBL|Scale Shot|p1a: Mr. Midnight
|-damage|p1a: Mr. Midnight|58/100
|-damage|p1a: Mr. Midnight|45/100
|-damage|p1a: Mr. Midnight|33/100
|-damage|p1a: Mr. Midnight|19/100
|-hitcount|p1a: Mr. Midnight|4
|-unboost|p2a: BBL|def|1
|-boost|p2a: BBL|spe|1
|move|p1a: Mr. Midnight|Foul Play|p2a: BBL
|-damage|p2a: BBL|3/100
|
|-heal|p1a: Mr. Midnight|69/100|[from] move: Wish|[wisher] Mr. Midnight
|-heal|p1a: Mr. Midnight|75/100|[from] item: Leftovers
|upkeep
|turn|4
|
|t:|1779566767
|move|p1a: Mr. Midnight|Protect|p1a: Mr. Midnight
|-singleturn|p1a: Mr. Midnight|Protect
|move|p2a: BBL|Scale Shot|p1a: Mr. Midnight
|-activate|p1a: Mr. Midnight|move: Protect
|
|-heal|p1a: Mr. Midnight|81/100|[from] item: Leftovers
|upkeep
|turn|5
|
|t:|1779566773
|move|p2a: BBL|Scale Shot|p1a: Mr. Midnight
|-damage|p1a: Mr. Midnight|69/100
|-damage|p1a: Mr. Midnight|55/100
|-damage|p1a: Mr. Midnight|42/100
|-damage|p1a: Mr. Midnight|28/100
|-hitcount|p1a: Mr. Midnight|4
|-unboost|p2a: BBL|def|1
|-boost|p2a: BBL|spe|1
|move|p1a: Mr. Midnight|Foul Play|p2a: BBL
|-damage|p2a: BBL|0 fnt
|faint|p2a: BBL
|
|-heal|p1a: Mr. Midnight|34/100|[from] item: Leftovers
|upkeep
|
|t:|1779566776
|switch|p2a: Iron dih|Iron Moth|100/100
|-enditem|p2a: Iron dih|Booster Energy
|-activate|p2a: Iron dih|ability: Quark Drive|[fromitem]
|-start|p2a: Iron dih|quarkdrivespe
|turn|6
|
|t:|1779566801
|move|p2a: Iron dih|Fiery Dance|p1a: Mr. Midnight
|-damage|p1a: Mr. Midnight|6/100
|move|p1a: Mr. Midnight|Foul Play|p2a: Iron dih
|-damage|p2a: Iron dih|76/100
|
|-heal|p1a: Mr. Midnight|12/100|[from] item: Leftovers
|upkeep
|turn|7
|inactive|Grey_Flame has 120 seconds left.
|
|t:|1779566821
|move|p1a: Mr. Midnight|Protect|p1a: Mr. Midnight
|-singleturn|p1a: Mr. Midnight|Protect
|move|p2a: Iron dih|Fiery Dance|p1a: Mr. Midnight
|-activate|p1a: Mr. Midnight|move: Protect
|
|-heal|p1a: Mr. Midnight|19/100|[from] item: Leftovers
|upkeep
|turn|8
|
|t:|1779566824
|switch|p1a: Reef's Revenge|Dragalge, M|100/100
|move|p2a: Iron dih|Energy Ball|p1a: Reef's Revenge
|-resisted|p1a: Reef's Revenge
|-damage|p1a: Reef's Revenge|97/100
|
|upkeep
|turn|9
|
|t:|1779566829
|move|p2a: Iron dih|Dazzling Gleam|p1a: Reef's Revenge
|-damage|p1a: Reef's Revenge|82/100
|move|p1a: Reef's Revenge|Draco Meteor|p2a: Iron dih
|-damage|p2a: Iron dih|0 fnt
|-unboost|p1a: Reef's Revenge|spa|2
|faint|p2a: Iron dih
|-end|p2a: Iron dih|Quark Drive|[silent]
|
|upkeep
|
|t:|1779566834
|switch|p2a: dih sucker|Raging Bolt|100/100
|-enditem|p2a: dih sucker|Booster Energy
|-activate|p2a: dih sucker|ability: Protosynthesis|[fromitem]
|-start|p2a: dih sucker|protosynthesisspa
|turn|10
|
|t:|1779566854
|switch|p1a: Mr. Midnight|Umbreon, M, shiny|19/100
|move|p2a: dih sucker|Calm Mind|p2a: dih sucker
|-boost|p2a: dih sucker|spa|1
|-boost|p2a: dih sucker|spd|1
|
|-heal|p1a: Mr. Midnight|25/100|[from] item: Leftovers
|upkeep
|turn|11
|
|t:|1779566867
|move|p2a: dih sucker|Dragon Pulse|p1a: Mr. Midnight
|-damage|p1a: Mr. Midnight|0 fnt
|faint|p1a: Mr. Midnight
|
|upkeep
|inactive|Grey_Flame has 120 seconds left.
|l|☆Grey_Flame
|inactive|Grey_Flame disconnected and has a minute to reconnect!
|player|p1|
|j|☆Grey_Flame
|inactive|Grey_Flame reconnected and has 105 seconds left.
|player|p1|Grey_Flame|gamer-gen3|
|
|t:|1779566906
|switch|p1a: AutobotsRollOut|Iron Treads|100/100
|turn|12
|c|☆Grey_Flame|my internets dying ;-;
|
|t:|1779566929
|-end|p1a: AutobotsRollOut|Quark Drive|[silent]
|switch|p1a: Leon Heart|Volcanion|100/100
|move|p2a: dih sucker|Dragon Pulse|p1a: Leon Heart
|-damage|p1a: Leon Heart|0 fnt
|faint|p1a: Leon Heart
|
|upkeep
|
|t:|1779566931
|switch|p1a: AutobotsRollOut|Iron Treads|100/100
|turn|13
|
|t:|1779566941
|move|p1a: AutobotsRollOut|Earthquake|p2a: dih sucker
|-supereffective|p2a: dih sucker
|-damage|p2a: dih sucker|11/100
|move|p2a: dih sucker|Dragon Pulse|p1a: AutobotsRollOut
|-resisted|p1a: AutobotsRollOut
|-damage|p1a: AutobotsRollOut|30/100
|
|upkeep
|turn|14
|
|t:|1779566946
|move|p1a: AutobotsRollOut|Earthquake|p2a: dih sucker
|-supereffective|p2a: dih sucker
|-damage|p2a: dih sucker|0 fnt
|faint|p2a: dih sucker
|-end|p2a: dih sucker|Protosynthesis|[silent]
|
|upkeep
|
|t:|1779566952
|switch|p2a: Abu Azrael|Iron Valiant|100/100
|-enditem|p2a: Abu Azrael|Booster Energy
|-activate|p2a: Abu Azrael|ability: Quark Drive|[fromitem]
|-start|p2a: Abu Azrael|quarkdrivespe
|turn|15
|
|t:|1779566964
|move|p2a: Abu Azrael|Close Combat|p1a: AutobotsRollOut
|-supereffective|p1a: AutobotsRollOut
|-damage|p1a: AutobotsRollOut|0 fnt
|-unboost|p2a: Abu Azrael|def|1
|-unboost|p2a: Abu Azrael|spd|1
|faint|p1a: AutobotsRollOut
|-end|p1a: AutobotsRollOut|Quark Drive|[silent]
|
|upkeep
|
|t:|1779566969
|switch|p1a: Reef's Revenge|Dragalge, M|82/100
|turn|16
|
|t:|1779566977
|move|p2a: Abu Azrael|Destiny Bond|p2a: Abu Azrael
|-singlemove|p2a: Abu Azrael|Destiny Bond
|move|p1a: Reef's Revenge|Sludge Wave|p2a: Abu Azrael
|-supereffective|p2a: Abu Azrael
|-damage|p2a: Abu Azrael|0 fnt
|faint|p2a: Abu Azrael
|-activate|p2a: Abu Azrael|move: Destiny Bond
|-end|p2a: Abu Azrael|Quark Drive|[silent]
|faint|p1a: Reef's Revenge
|
|upkeep
|
|t:|1779566984
|switch|p2a: hechekoum sheitan|Ogerpon-Cornerstone, F|100/100
|switch|p1a: Thornhill|Chesnaught, F|100/100
|turn|17
|
|t:|1779566988
|move|p2a: hechekoum sheitan|Knock Off|p1a: Thornhill
|-resisted|p1a: Thornhill
|-crit|p1a: Thornhill
|-damage|p1a: Thornhill|84/100
|-damage|p2a: hechekoum sheitan|84/100|[from] item: Rocky Helmet|[of] p1a: Thornhill
|-enditem|p1a: Thornhill|Rocky Helmet|[from] move: Knock Off|[of] p2a: hechekoum sheitan
|move|p1a: Thornhill|Iron Defense|p1a: Thornhill
|-boost|p1a: Thornhill|def|2
|
|upkeep
|turn|18
|
|t:|1779566992
|move|p2a: hechekoum sheitan|Ivy Cudgel|p1a: Thornhill|[anim] Ivy Cudgel Rock
|-resisted|p1a: Thornhill
|-damage|p1a: Thornhill|75/100
|move|p1a: Thornhill|Body Press|p2a: hechekoum sheitan
|-supereffective|p2a: hechekoum sheitan
|-damage|p2a: hechekoum sheitan|0 fnt
|faint|p2a: hechekoum sheitan
|
|upkeep
|
|t:|1779566995
|switch|p2a: Erdogan|Kingambit, M, shiny|100/100
|-activate|p2a: Erdogan|ability: Supreme Overlord
|-start|p2a: Erdogan|fallen5|[silent]
|-item|p2a: Erdogan|Air Balloon
|turn|19
|
|t:|1779566998
|move|p2a: Erdogan|Iron Head|p1a: Thornhill
|-damage|p1a: Thornhill|54/100
|cant|p1a: Thornhill|flinch
|
|upkeep
|turn|20
|c|☆omurprimezer|gg
|
|t:|1779567021
|move|p2a: Erdogan|Iron Head|p1a: Thornhill
|-damage|p1a: Thornhill|36/100
|move|p1a: Thornhill|Body Press|p2a: Erdogan
|-supereffective|p2a: Erdogan
|-damage|p2a: Erdogan|0 fnt
|-enditem|p2a: Erdogan|Air Balloon
|faint|p2a: Erdogan
|-end|p2a: Erdogan|fallen5|[silent]
|
|win|Grey_Flame
|raw|Grey_Flame's rating: 1515 &rarr; <strong>1537</strong><br />(+22 for winning)
|raw|omurprimezer's rating: 1551 &rarr; <strong>1529</strong><br />(-22 for losing)
|l|☆omurprimezer
|player|p2|
|l|☆Grey_Flame
|player|p1|
