|j|☆ohko by scald
|j|☆Yappyy
|t:|1779614319
|gametype|singles
|player|p1|ohko by scald|roxie-masters|1421
|player|p2|Yappyy|steven|1507
|gen|9
|tier|[Gen 9] OU
|rated|
|rule|HP Percentage Mod: HP is shown in percentages
|rule|Endless Battle Clause: Forcing endless battles is banned
|rule|Species Clause: Limit one of each Pokémon
|rule|OHKO Clause: OHKO moves are banned
|rule|Evasion Items Clause: Evasion items are banned
|rule|Evasion Moves Clause: Evasion moves are banned
|rule|Evasion Abilities Clause: Evasion abilities are banned
|rule|Sleep Moves Clause: Sleep-inducing moves are banned
|clearpoke
|poke|p1|Zamazenta-*|
|poke|p1|Kingambit, F|
|poke|p1|Samurott-Hisui, M|
|poke|p1|Landorus-Therian, M|
|poke|p1|Iron Valiant|
|poke|p1|Toxtricity, M|
|poke|p2|Iron Valiant|
|poke|p2|Samurott-Hisui, F|
|poke|p2|Iron Treads|
|poke|p2|Gholdengo|
|poke|p2|Alomomola, F|
|poke|p2|Dragonite, M|
|teampreview
|inactive|Battle timer is ON: inactive players will automatically lose when time's up. (requested by ohko by scald)
|
|t:|1779614342
|teamsize|p1|6
|teamsize|p2|6
|start
|switch|p1a: Toxtricity|Toxtricity, M|100/100
|switch|p2a: Samurott|Samurott-Hisui, F|100/100
|turn|1
|inactive|Yappyy has 120 seconds left.
|
|t:|1779614389
|switch|p2a: Iron Treads|Iron Treads|100/100
|move|p1a: Toxtricity|Shift Gear|p1a: Toxtricity
|-boost|p1a: Toxtricity|spe|2
|-boost|p1a: Toxtricity|atk|1
|
|upkeep
|turn|2
|
|t:|1779614397
|switch|p1a: Landorus|Landorus-Therian, M|100/100
|-ability|p1a: Landorus|Intimidate|boost
|-unboost|p2a: Iron Treads|atk|1
|move|p2a: Iron Treads|Earthquake|p1a: Landorus
|-immune|p1a: Landorus
|
|upkeep
|turn|3
|inactive|Yappyy has 120 seconds left.
|
|t:|1779614415
|move|p2a: Iron Treads|Knock Off|p1a: Landorus
|-damage|p1a: Landorus|79/100
|-damage|p2a: Iron Treads|84/100|[from] item: Rocky Helmet|[of] p1a: Landorus
|-enditem|p1a: Landorus|Rocky Helmet|[from] move: Knock Off|[of] p2a: Iron Treads
|move|p1a: Landorus|U-turn|p2a: Iron Treads
|-resisted|p2a: Iron Treads
|-damage|p2a: Iron Treads|74/100
|
|t:|1779614424
|switch|p1a: Samurott|Samurott-Hisui, M|100/100|[from] U-turn
|
|-heal|p2a: Iron Treads|80/100|[from] item: Leftovers
|upkeep
|turn|4
|inactive|Yappyy has 120 seconds left.
|inactive|Yappyy has 90 seconds left.
|
|t:|1779614478
|-end|p2a: Iron Treads|Quark Drive|[silent]
|switch|p2a: Iron Valiant|Iron Valiant|100/100
|move|p1a: Samurott|Ceaseless Edge|p2a: Iron Valiant
|-resisted|p2a: Iron Valiant
|-damage|p2a: Iron Valiant|85/100
|-sidestart|p2: Yappyy|Spikes
|
|upkeep
|turn|5
|
|t:|1779614489
|move|p2a: Iron Valiant|Moonblast|p1a: Samurott
|-supereffective|p1a: Samurott
|-enditem|p1a: Samurott|Focus Sash
|-damage|p1a: Samurott|1/100
|move|p1a: Samurott|Razor Shell|p2a: Iron Valiant
|-damage|p2a: Iron Valiant|15/100
|
|upkeep
|turn|6
|inactive|Yappyy has 90 seconds left.
|
|t:|1779614509
|move|p2a: Iron Valiant|Moonblast|p1a: Samurott
|-supereffective|p1a: Samurott
|-damage|p1a: Samurott|0 fnt
|faint|p1a: Samurott
|
|upkeep
|
|t:|1779614515
|switch|p1a: Toxtricity|Toxtricity, M|100/100
|turn|7
|inactive|Yappyy has 90 seconds left.
|
|t:|1779614537
|-end|p2a: Iron Valiant|Quark Drive|[silent]
|switch|p2a: Iron Treads|Iron Treads|80/100
|-damage|p2a: Iron Treads|68/100|[from] Spikes
|move|p1a: Toxtricity|Drain Punch|p2a: Iron Treads
|-supereffective|p2a: Iron Treads
|-damage|p2a: Iron Treads|29/100
|-damage|p1a: Toxtricity|91/100|[from] item: Life Orb
|
|-heal|p2a: Iron Treads|35/100|[from] item: Leftovers
|upkeep
|turn|8
|
|t:|1779614549
|switch|p1a: Landorus|Landorus-Therian, M|79/100
|-ability|p1a: Landorus|Intimidate|boost
|-unboost|p2a: Iron Treads|atk|1
|move|p2a: Iron Treads|Rapid Spin|p1a: Landorus
|-damage|p1a: Landorus|69/100
|-boost|p2a: Iron Treads|spe|1
|-sideend|p2: Yappyy|Spikes|[from] move: Rapid Spin|[of] p2a: Iron Treads
|
|-heal|p2a: Iron Treads|41/100|[from] item: Leftovers
|upkeep
|turn|9
|
|t:|1779614557
|-end|p2a: Iron Treads|Quark Drive|[silent]
|switch|p2a: Alomomola|Alomomola, F|100/100
|move|p1a: Landorus|Stealth Rock|p2a: Alomomola
|-sidestart|p2: Yappyy|move: Stealth Rock
|
|upkeep
|turn|10
|
|t:|1779614568
|move|p1a: Landorus|Taunt|p2a: Alomomola
|-start|p2a: Alomomola|move: Taunt
|cant|p2a: Alomomola|move: Taunt|Wish
|
|upkeep
|turn|11
|
|t:|1779614574
|move|p1a: Landorus|U-turn|p2a: Alomomola
|-damage|p2a: Alomomola|88/100
|
|t:|1779614596
|switch|p1a: Kingambit|Kingambit, F|100/100|[from] U-turn
|-activate|p1a: Kingambit|ability: Supreme Overlord
|-start|p1a: Kingambit|fallen1|[silent]
|move|p2a: Alomomola|Flip Turn|p1a: Kingambit
|-damage|p1a: Kingambit|89/100
|inactive|Yappyy has 90 seconds left.
|
|t:|1779614648
|switch|p2a: Samurott|Samurott-Hisui, F|100/100|[from] Flip Turn
|
|-heal|p1a: Kingambit|95/100|[from] item: Leftovers
|upkeep
|turn|12
|
|t:|1779614665
|-end|p1a: Kingambit|fallen1|[silent]
|switch|p1a: Zamazenta|Zamazenta|100/100
|-ability|p1a: Zamazenta|Dauntless Shield|boost
|-boost|p1a: Zamazenta|def|1
|move|p2a: Samurott|Ceaseless Edge|p1a: Zamazenta
|-resisted|p1a: Zamazenta
|-damage|p1a: Zamazenta|88/100
|-sidestart|p1: ohko by scald|Spikes
|
|-heal|p1a: Zamazenta|95/100|[from] item: Leftovers
|upkeep
|turn|13
|inactive|Yappyy has 60 seconds left.
|
|t:|1779614705
|switch|p2a: Gholdengo|Gholdengo|100/100
|-damage|p2a: Gholdengo|94/100|[from] Stealth Rock
|-item|p2a: Gholdengo|Air Balloon
|move|p1a: Zamazenta|Roar|p2a: Gholdengo
|-immune|p2a: Gholdengo|[from] ability: Good as Gold
|
|-heal|p1a: Zamazenta|100/100|[from] item: Leftovers
|upkeep
|turn|14
|
|t:|1779614715
|move|p1a: Zamazenta|Crunch|p2a: Gholdengo
|-supereffective|p2a: Gholdengo
|-damage|p2a: Gholdengo|64/100
|-enditem|p2a: Gholdengo|Air Balloon
|move|p2a: Gholdengo|Nasty Plot|p2a: Gholdengo
|-boost|p2a: Gholdengo|spa|2
|
|upkeep
|turn|15
|inactive|Yappyy has 30 seconds left.
|inactive|Yappyy has 20 seconds left.
|inactive|Yappyy has 15 seconds left.
|inactive|Yappyy has 10 seconds left.
|inactive|Yappyy has 5 seconds left.
|-message|Yappyy lost due to inactivity.
|
|win|ohko by scald
|raw|ohko by scald's rating: 1421 &rarr; <strong>1445</strong><br />(+24 for winning)
|raw|Yappyy's rating: 1488 &rarr; <strong>1464</strong><br />(-24 for losing)
|l|☆ohko by scald
|player|p1|
|l|☆Yappyy
|player|p2|
