|j|☆Luxcalum
|j|☆hueehuuekk
|t:|1779670528
|gametype|singles
|player|p1|Luxcalum|lucas|1374
|player|p2|hueehuuekk|steven|1363
|gen|9
|tier|[Gen 9] OU
|rated|
|rule|HP Percentage Mod: HP is shown in percentages
|rule|Endless Battle Clause: Forcing endless battles is banned
|rule|Species Clause: Limit one of each Pokémon
|rule|OHKO Clause: OHKO moves are banned
|rule|Evasion Items Clause: Evasion items are banned
|rule|Evasion Moves Clause: Evasion moves are banned
|rule|Evasion Abilities Clause: Evasion abilities are banned
|rule|Sleep Moves Clause: Sleep-inducing moves are banned
|clearpoke
|poke|p1|Kyurem|
|poke|p1|Slowking-Galar, F|
|poke|p1|Moltres|
|poke|p1|Great Tusk|
|poke|p1|Scizor, M|
|poke|p1|Primarina, F|
|poke|p2|Suicune|
|poke|p2|Dragonite, M|
|poke|p2|Cinderace, M|
|poke|p2|Zamazenta-*|
|poke|p2|Blaziken, F|
|poke|p2|Sinistcha|
|teampreview
|inactive|Battle timer is ON: inactive players will automatically lose when time's up. (requested by hueehuuekk)
|inactive|hueehuuekk has 120 seconds left.
|inactive|hueehuuekk has 90 seconds left.
|
|t:|1779670616
|teamsize|p1|6
|teamsize|p2|6
|start
|switch|p1a: Primarina|Primarina, F|100/100
|switch|p2a: Blaziken|Blaziken, F|100/100
|turn|1
|
|t:|1779670631
|switch|p2a: Sinistcha|Sinistcha|100/100
|move|p1a: Primarina|Hyper Voice|p2a: Sinistcha
|-resisted|p2a: Sinistcha
|-damage|p2a: Sinistcha|56/100
|
|-heal|p2a: Sinistcha|62/100|[from] item: Leftovers
|upkeep
|turn|2
|
|t:|1779670638
|switch|p1a: Moltres|Moltres, shiny|100/100
|move|p2a: Sinistcha|Strength Sap|p1a: Moltres
|-unboost|p1a: Moltres|atk|1
|-heal|p2a: Sinistcha|100/100
|
|upkeep
|turn|3
|
|t:|1779670647
|move|p1a: Moltres|Flamethrower|p2a: Sinistcha
|-supereffective|p2a: Sinistcha
|-damage|p2a: Sinistcha|55/100
|move|p2a: Sinistcha|Nasty Plot|p2a: Sinistcha
|-boost|p2a: Sinistcha|spa|2
|
|-heal|p2a: Sinistcha|61/100|[from] item: Leftovers
|upkeep
|turn|4
|
|t:|1779670653
|move|p1a: Moltres|Flamethrower|p2a: Sinistcha
|-supereffective|p2a: Sinistcha
|-damage|p2a: Sinistcha|15/100
|move|p2a: Sinistcha|Shadow Ball|p1a: Moltres
|-damage|p1a: Moltres|16/100
|-unboost|p1a: Moltres|spd|1
|
|-heal|p2a: Sinistcha|21/100|[from] item: Leftovers
|upkeep
|turn|5
|
|t:|1779670661
|move|p1a: Moltres|Flamethrower|p2a: Sinistcha
|-supereffective|p2a: Sinistcha
|-damage|p2a: Sinistcha|0 fnt
|faint|p2a: Sinistcha
|
|upkeep
|
|t:|1779670666
|switch|p2a: Blaziken|Blaziken, F|100/100
|turn|6
|
|t:|1779670671
|move|p1a: Moltres|Brave Bird|p2a: Blaziken
|-supereffective|p2a: Blaziken
|-damage|p2a: Blaziken|11/100
|-damage|p1a: Moltres|0 fnt|[from] Recoil
|faint|p1a: Moltres
|move|p2a: Blaziken|Knock Off|p1: Moltres|[notarget]
|-fail|p2a: Blaziken
|
|-ability|p2a: Blaziken|Speed Boost|boost
|-boost|p2a: Blaziken|spe|1
|upkeep
|
|t:|1779670684
|switch|p1a: Kyurem|Kyurem|100/100
|-ability|p1a: Kyurem|Pressure
|turn|7
|
|t:|1779670689
|move|p1a: Kyurem|Earth Power|p2a: Blaziken
|-supereffective|p2a: Blaziken
|-damage|p2a: Blaziken|0 fnt
|faint|p2a: Blaziken
|
|upkeep
|
|t:|1779670692
|switch|p2a: Dragonite|Dragonite, M, shiny|100/100
|turn|8
|
|t:|1779670699
|switch|p1a: Primarina|Primarina, F|100/100
|move|p2a: Dragonite|Dragon Dance|p2a: Dragonite
|-boost|p2a: Dragonite|atk|1
|-boost|p2a: Dragonite|spe|1
|
|upkeep
|turn|9
|
|t:|1779670705
|move|p2a: Dragonite|Dragon Dance|p2a: Dragonite
|-boost|p2a: Dragonite|atk|1
|-boost|p2a: Dragonite|spe|1
|move|p1a: Primarina|Moonblast|p2a: Dragonite
|-supereffective|p2a: Dragonite
|-damage|p2a: Dragonite|18/100
|-enditem|p2a: Dragonite|Weakness Policy
|-boost|p2a: Dragonite|atk|2|[from] item: Weakness Policy
|-boost|p2a: Dragonite|spa|2|[from] item: Weakness Policy
|
|upkeep
|turn|10
|
|t:|1779670715
|move|p2a: Dragonite|Extreme Speed|p1a: Primarina
|-damage|p1a: Primarina|0 fnt
|faint|p1a: Primarina
|
|upkeep
|
|t:|1779670720
|switch|p1a: Scizor|Scizor, M|100/100
|turn|11
|
|t:|1779670725
|switch|p2a: Cinderace|Cinderace, M|100/100
|move|p1a: Scizor|Bullet Punch|p2a: Cinderace
|-resisted|p2a: Cinderace
|-damage|p2a: Cinderace|78/100
|
|upkeep
|turn|12
|
|t:|1779670738
|switch|p1a: Slowking|Slowking-Galar, F|100/100
|move|p2a: Cinderace|Pyro Ball|p1a: Slowking
|-damage|p1a: Slowking|45/100
|
|upkeep
|turn|13
|
|t:|1779670745
|move|p2a: Cinderace|Pyro Ball|p1a: Slowking
|-damage|p1a: Slowking|0 fnt
|faint|p1a: Slowking
|
|upkeep
|
|t:|1779670750
|switch|p1a: Great Tusk|Great Tusk|100/100
|turn|14
|inactive|hueehuuekk has 120 seconds left.
|inactive|hueehuuekk has 90 seconds left.
|
|t:|1779670821
|move|p2a: Cinderace|Pyro Ball|p1a: Great Tusk|[miss]
|-miss|p2a: Cinderace|p1a: Great Tusk
|move|p1a: Great Tusk|Rapid Spin|p2a: Cinderace
|-damage|p2a: Cinderace|52/100
|-boost|p1a: Great Tusk|spe|1
|
|upkeep
|turn|15
|
|t:|1779670832
|switch|p2a: Dragonite|Dragonite, M, shiny|18/100
|move|p1a: Great Tusk|Bulk Up|p1a: Great Tusk
|-boost|p1a: Great Tusk|atk|1
|-boost|p1a: Great Tusk|def|1
|
|upkeep
|turn|16
|
|t:|1779670841
|switch|p2a: Suicune|Suicune, shiny|100/100
|-ability|p2a: Suicune|Pressure
|move|p1a: Great Tusk|Ice Spinner|p2a: Suicune
|-resisted|p2a: Suicune
|-damage|p2a: Suicune|88/100
|
|-heal|p2a: Suicune|95/100|[from] item: Leftovers
|upkeep
|turn|17
|
|t:|1779670852
|move|p1a: Great Tusk|Earthquake|p2a: Suicune
|-damage|p2a: Suicune|51/100
|move|p2a: Suicune|Scald|p1a: Great Tusk
|-supereffective|p1a: Great Tusk
|-damage|p1a: Great Tusk|19/100
|
|-heal|p1a: Great Tusk|25/100|[from] item: Leftovers
|-heal|p2a: Suicune|58/100|[from] item: Leftovers
|upkeep
|turn|18
|
|t:|1779670859
|move|p1a: Great Tusk|Earthquake|p2a: Suicune
|-crit|p2a: Suicune
|-damage|p2a: Suicune|0 fnt
|faint|p2a: Suicune
|
|-heal|p1a: Great Tusk|31/100|[from] item: Leftovers
|upkeep
|
|t:|1779670883
|switch|p2a: Zamazenta|Zamazenta|100/100
|-ability|p2a: Zamazenta|Dauntless Shield|boost
|-boost|p2a: Zamazenta|def|1
|turn|19
|
|t:|1779670898
|move|p1a: Great Tusk|Earthquake|p2a: Zamazenta
|-damage|p2a: Zamazenta|62/100
|move|p2a: Zamazenta|Iron Defense|p2a: Zamazenta
|-boost|p2a: Zamazenta|def|2
|
|-heal|p1a: Great Tusk|38/100|[from] item: Leftovers
|-heal|p2a: Zamazenta|68/100|[from] item: Leftovers
|upkeep
|turn|20
|
|t:|1779670903
|move|p1a: Great Tusk|Earthquake|p2a: Zamazenta
|-damage|p2a: Zamazenta|43/100
|move|p2a: Zamazenta|Body Press|p1a: Great Tusk
|-damage|p1a: Great Tusk|0 fnt
|faint|p1a: Great Tusk
|-end|p1a: Great Tusk|Protosynthesis|[silent]
|
|-heal|p2a: Zamazenta|49/100|[from] item: Leftovers
|upkeep
|
|t:|1779670913
|switch|p1a: Kyurem|Kyurem|100/100
|-ability|p1a: Kyurem|Pressure
|turn|21
|
|t:|1779670926
|move|p1a: Kyurem|Freeze-Dry|p2a: Zamazenta
|-damage|p2a: Zamazenta|19/100
|move|p2a: Zamazenta|Body Press|p1a: Kyurem
|-supereffective|p1a: Kyurem
|-damage|p1a: Kyurem|0 fnt
|faint|p1a: Kyurem
|
|-heal|p2a: Zamazenta|25/100|[from] item: Leftovers
|upkeep
|
|t:|1779670931
|switch|p1a: Scizor|Scizor, M|100/100
|turn|22
|
|t:|1779670936
|move|p1a: Scizor|Bullet Punch|p2a: Zamazenta
|-damage|p2a: Zamazenta|13/100
|move|p2a: Zamazenta|Body Press|p1a: Scizor
|-damage|p1a: Scizor|26/100
|
|-heal|p2a: Zamazenta|19/100|[from] item: Leftovers
|-heal|p1a: Scizor|32/100|[from] item: Leftovers
|upkeep
|turn|23
|
|t:|1779670942
|move|p1a: Scizor|Bullet Punch|p2a: Zamazenta
|-crit|p2a: Zamazenta
|-damage|p2a: Zamazenta|0 fnt
|faint|p2a: Zamazenta
|
|-heal|p1a: Scizor|38/100|[from] item: Leftovers
|upkeep
|
|t:|1779670944
|switch|p2a: Cinderace|Cinderace, M|52/100
|turn|24
|
|t:|1779670954
|-terastallize|p1a: Scizor|Fire
|move|p2a: Cinderace|Pyro Ball|p1a: Scizor
|-resisted|p1a: Scizor
|-damage|p1a: Scizor|11/100
|move|p1a: Scizor|Swords Dance|p1a: Scizor
|-boost|p1a: Scizor|atk|2
|
|-heal|p1a: Scizor|17/100|[from] item: Leftovers
|upkeep
|turn|25
|
|t:|1779670965
|move|p1a: Scizor|Bullet Punch|p2a: Cinderace
|-resisted|p2a: Cinderace
|-damage|p2a: Cinderace|4/100
|move|p2a: Cinderace|Pyro Ball|p1a: Scizor
|-resisted|p1a: Scizor
|-damage|p1a: Scizor|0 fnt
|faint|p1a: Scizor
|
|win|hueehuuekk
|raw|Luxcalum's rating: 1374 &rarr; <strong>1353</strong><br />(-21 for losing)
|raw|hueehuuekk's rating: 1363 &rarr; <strong>1384</strong><br />(+21 for winning)
