|j|☆Senpaicdub
|j|☆chrisfeb1992
|t:|1779591264
|gametype|singles
|player|p1|Senpaicdub|blackbelt-gen4dp|1270
|player|p2|chrisfeb1992|101|1285
|gen|9
|tier|[Gen 9] OU
|rated|
|rule|HP Percentage Mod: HP is shown in percentages
|rule|Endless Battle Clause: Forcing endless battles is banned
|rule|Species Clause: Limit one of each Pokémon
|rule|OHKO Clause: OHKO moves are banned
|rule|Evasion Items Clause: Evasion items are banned
|rule|Evasion Moves Clause: Evasion moves are banned
|rule|Evasion Abilities Clause: Evasion abilities are banned
|rule|Sleep Moves Clause: Sleep-inducing moves are banned
|clearpoke
|poke|p1|Samurott-Hisui, F|
|poke|p1|Hydrapple, M|
|poke|p1|Landorus-Therian, M|
|poke|p1|Great Tusk|
|poke|p1|Gholdengo|
|poke|p1|Dragonite, F|
|poke|p2|Ceruledge, F|
|poke|p2|Ribombee, F|
|poke|p2|Ursaluna, F|
|poke|p2|Darkrai|
|poke|p2|Iron Treads|
|poke|p2|Regieleki|
|teampreview
|inactive|Battle timer is ON: inactive players will automatically lose when time's up. (requested by Senpaicdub)
|inactive|Senpaicdub has 120 seconds left.
|inactive|Senpaicdub has 90 seconds left.
|
|t:|1779591354
|teamsize|p1|6
|teamsize|p2|6
|start
|switch|p1a: Landorus|Landorus-Therian, M|100/100
|switch|p2a: Iron Treads|Iron Treads|100/100
|-ability|p1a: Landorus|Intimidate|boost
|-unboost|p2a: Iron Treads|atk|1
|-enditem|p2a: Iron Treads|Booster Energy
|-activate|p2a: Iron Treads|ability: Quark Drive|[fromitem]
|-start|p2a: Iron Treads|quarkdrivespe
|turn|1
|
|t:|1779591366
|move|p2a: Iron Treads|Stealth Rock|p1a: Landorus
|-sidestart|p1: Senpaicdub|move: Stealth Rock
|move|p1a: Landorus|Earthquake|p2a: Iron Treads
|-supereffective|p2a: Iron Treads
|-damage|p2a: Iron Treads|0 fnt
|faint|p2a: Iron Treads
|-end|p2a: Iron Treads|Quark Drive|[silent]
|
|upkeep
|
|t:|1779591375
|switch|p2a: Ceruledge|Ceruledge, F|100/100
|turn|2
|
|t:|1779591383
|-terastallize|p2a: Ceruledge|Ghost
|move|p1a: Landorus|Earthquake|p2a: Ceruledge
|-damage|p2a: Ceruledge|19/100
|-ability|p2a: Ceruledge|Weak Armor|boost
|-unboost|p2a: Ceruledge|def|1
|-boost|p2a: Ceruledge|spe|2
|move|p2a: Ceruledge|Swords Dance|p2a: Ceruledge
|-boost|p2a: Ceruledge|atk|2
|
|upkeep
|turn|3
|
|t:|1779591398
|move|p2a: Ceruledge|Poltergeist|p1a: Landorus
|-activate|p1a: Landorus|move: Poltergeist|Choice Scarf
|-damage|p1a: Landorus|0 fnt
|faint|p1a: Landorus
|
|upkeep
|
|t:|1779591408
|switch|p1a: Samurott|Samurott-Hisui, F|100/100
|-damage|p1a: Samurott|88/100|[from] Stealth Rock
|turn|4
|
|t:|1779591413
|move|p1a: Samurott|Sucker Punch|p2a: Ceruledge
|-supereffective|p2a: Ceruledge
|-damage|p2a: Ceruledge|0 fnt
|faint|p2a: Ceruledge
|
|upkeep
|
|t:|1779591419
|switch|p2a: Ursaluna|Ursaluna, F|100/100
|turn|5
|
|t:|1779591437
|move|p1a: Samurott|Knock Off|p2a: Ursaluna
|-damage|p2a: Ursaluna|70/100
|-enditem|p2a: Ursaluna|Flame Orb|[from] move: Knock Off|[of] p1a: Samurott
|move|p2a: Ursaluna|Trailblaze|p1a: Samurott
|-supereffective|p1a: Samurott
|-damage|p1a: Samurott|54/100
|-boost|p2a: Ursaluna|spe|1
|
|upkeep
|turn|6
|
|t:|1779591447
|move|p2a: Ursaluna|Earthquake|p1a: Samurott
|-damage|p1a: Samurott|5/100
|move|p1a: Samurott|Razor Shell|p2a: Ursaluna
|-supereffective|p2a: Ursaluna
|-damage|p2a: Ursaluna|0 fnt
|faint|p2a: Ursaluna
|
|upkeep
|
|t:|1779591455
|switch|p2a: Ribombee|Ribombee, F|100/100
|turn|7
|
|t:|1779591471
|move|p2a: Ribombee|Moonblast|p1a: Samurott
|-supereffective|p1a: Samurott
|-damage|p1a: Samurott|0 fnt
|faint|p1a: Samurott
|
|upkeep
|
|t:|1779591475
|switch|p1a: Great Tusk|Great Tusk|100/100
|turn|8
|
|t:|1779591479
|move|p2a: Ribombee|Moonblast|p1a: Great Tusk
|-supereffective|p1a: Great Tusk
|-damage|p1a: Great Tusk|0 fnt
|faint|p1a: Great Tusk
|-end|p1a: Great Tusk|Protosynthesis|[silent]
|
|upkeep
|
|t:|1779591488
|switch|p1a: Gholdengo|Gholdengo|100/100
|-damage|p1a: Gholdengo|94/100|[from] Stealth Rock
|turn|9
|
|t:|1779591493
|switch|p2a: Regieleki|Regieleki|100/100
|move|p1a: Gholdengo|Make It Rain|p2a: Regieleki
|-resisted|p2a: Regieleki
|-damage|p2a: Regieleki|22/100
|-unboost|p1a: Gholdengo|spa|1
|
|upkeep
|turn|10
|
|t:|1779591503
|move|p2a: Regieleki|Volt Switch|p1a: Gholdengo
|-damage|p1a: Gholdengo|27/100
|
|t:|1779591507
|switch|p2a: Darkrai|Darkrai|100/100|[from] Volt Switch
|move|p1a: Gholdengo|Nasty Plot|p1a: Gholdengo
|-boost|p1a: Gholdengo|spa|2
|
|upkeep
|turn|11
|
|t:|1779591516
|move|p2a: Darkrai|Dark Pulse|p1a: Gholdengo
|-supereffective|p1a: Gholdengo
|-damage|p1a: Gholdengo|0 fnt
|faint|p1a: Gholdengo
|
|upkeep
|
|t:|1779591520
|switch|p1a: Dragonite|Dragonite, F|100/100
|-damage|p1a: Dragonite|76/100|[from] Stealth Rock
|turn|12
|
|t:|1779591534
|-terastallize|p1a: Dragonite|Normal
|move|p2a: Darkrai|Dark Pulse|p1a: Dragonite
|-damage|p1a: Dragonite|31/100
|move|p1a: Dragonite|Dragon Dance|p1a: Dragonite
|-boost|p1a: Dragonite|atk|1
|-boost|p1a: Dragonite|spe|1
|
|upkeep
|turn|13
|
|t:|1779591543
|move|p1a: Dragonite|Extreme Speed|p2a: Darkrai
|-damage|p2a: Darkrai|0 fnt
|faint|p2a: Darkrai
|
|upkeep
|
|t:|1779591548
|switch|p2a: Ribombee|Ribombee, F|100/100
|turn|14
|
|t:|1779591552
|move|p1a: Dragonite|Extreme Speed|p2a: Ribombee
|-enditem|p2a: Ribombee|Focus Sash
|-damage|p2a: Ribombee|1/100
|move|p2a: Ribombee|Moonblast|p1a: Dragonite
|-damage|p1a: Dragonite|0 fnt
|faint|p1a: Dragonite
|
|upkeep
|
|t:|1779591555
|switch|p1a: Hydrapple|Hydrapple, M|100/100
|-damage|p1a: Hydrapple|88/100|[from] Stealth Rock
|turn|15
|
|t:|1779591564
|move|p2a: Ribombee|Moonblast|p1a: Hydrapple
|-supereffective|p1a: Hydrapple
|-damage|p1a: Hydrapple|10/100
|move|p1a: Hydrapple|Giga Drain|p2a: Ribombee
|-resisted|p2a: Ribombee
|-damage|p2a: Ribombee|0 fnt
|-heal|p1a: Hydrapple|10/100|[from] drain|[of] p2a: Ribombee
|faint|p2a: Ribombee
|
|upkeep
|
|t:|1779591574
|switch|p2a: Regieleki|Regieleki|22/100
|turn|16
|
|t:|1779591577
|move|p2a: Regieleki|Thunderbolt|p1a: Hydrapple
|-resisted|p1a: Hydrapple
|-damage|p1a: Hydrapple|0 fnt
|faint|p1a: Hydrapple
|
|win|chrisfeb1992
|raw|Senpaicdub's rating: 1270 &rarr; <strong>1246</strong><br />(-24 for losing)
|raw|chrisfeb1992's rating: 1285 &rarr; <strong>1309</strong><br />(+24 for winning)
