|j|☆greattrainer123
|j|☆sucx euphoria
|t:|1779597313
|gametype|singles
|player|p1|greattrainer123|2|1343
|player|p2|sucx euphoria|102|1324
|gen|9
|tier|[Gen 9] OU
|rated|
|rule|HP Percentage Mod: HP is shown in percentages
|rule|Endless Battle Clause: Forcing endless battles is banned
|rule|Species Clause: Limit one of each Pokémon
|rule|OHKO Clause: OHKO moves are banned
|rule|Evasion Items Clause: Evasion items are banned
|rule|Evasion Moves Clause: Evasion moves are banned
|rule|Evasion Abilities Clause: Evasion abilities are banned
|rule|Sleep Moves Clause: Sleep-inducing moves are banned
|clearpoke
|poke|p1|Kingambit, F|
|poke|p1|Hatterene, F|
|poke|p1|Ursaluna, M|
|poke|p1|Deoxys-Defense|
|poke|p1|Cinderace, F|
|poke|p1|Hydrapple, M|
|poke|p2|Ceruledge, M|
|poke|p2|Enamorus, F|
|poke|p2|Deoxys-Speed|
|poke|p2|Ogerpon-Wellspring, F|
|poke|p2|Great Tusk|
|poke|p2|Magnezone|
|teampreview
|inactive|Battle timer is ON: inactive players will automatically lose when time's up. (requested by greattrainer123)
|
|t:|1779597331
|teamsize|p1|6
|teamsize|p2|6
|start
|switch|p1a: Hatterene|Hatterene, F|100/100
|switch|p2a: Ceruledge|Ceruledge, M|100/100
|turn|1
|
|t:|1779597342
|move|p2a: Ceruledge|Poltergeist|p1a: Hatterene
|-activate|p1a: Hatterene|move: Poltergeist|Focus Sash
|-supereffective|p1a: Hatterene
|-enditem|p1a: Hatterene|Focus Sash
|-damage|p1a: Hatterene|1/100
|move|p1a: Hatterene|Trick Room|p1a: Hatterene
|-fieldstart|move: Trick Room|[of] p1a: Hatterene
|
|upkeep
|turn|2
|
|t:|1779597350
|move|p1a: Hatterene|Psychic Noise|p2a: Ceruledge
|-damage|p2a: Ceruledge|52/100
|-start|p2a: Ceruledge|move: Heal Block
|move|p2a: Ceruledge|Swords Dance|p2a: Ceruledge
|-boost|p2a: Ceruledge|atk|2
|
|upkeep
|turn|3
|
|t:|1779597359
|move|p2a: Ceruledge|Shadow Sneak|p1a: Hatterene
|-supereffective|p1a: Hatterene
|-damage|p1a: Hatterene|0 fnt
|faint|p1a: Hatterene
|
|-end|p2a: Ceruledge|move: Heal Block
|upkeep
|
|t:|1779597361
|switch|p1a: Ursaluna|Ursaluna, M|100/100
|turn|4
|
|t:|1779597368
|move|p1a: Ursaluna|Headlong Rush|p2a: Ceruledge
|-supereffective|p2a: Ceruledge
|-crit|p2a: Ceruledge
|-damage|p2a: Ceruledge|0 fnt
|-unboost|p1a: Ursaluna|def|1
|-unboost|p1a: Ursaluna|spd|1
|faint|p2a: Ceruledge
|
|-status|p1a: Ursaluna|brn|[from] item: Flame Orb
|upkeep
|
|t:|1779597377
|switch|p2a: Great Tusk|Great Tusk|100/100
|turn|5
|
|t:|1779597385
|-terastallize|p1a: Ursaluna|Ground
|move|p1a: Ursaluna|Headlong Rush|p2a: Great Tusk
|-damage|p2a: Great Tusk|31/100
|-unboost|p1a: Ursaluna|def|1
|-unboost|p1a: Ursaluna|spd|1
|-damage|p1a: Ursaluna|84/100 brn|[from] item: Rocky Helmet|[of] p2a: Great Tusk
|move|p2a: Great Tusk|Headlong Rush|p1a: Ursaluna
|-damage|p1a: Ursaluna|8/100 brn
|-unboost|p2a: Great Tusk|def|1
|-unboost|p2a: Great Tusk|spd|1
|
|-damage|p1a: Ursaluna|2/100 brn|[from] brn
|-fieldend|move: Trick Room
|upkeep
|turn|6
|
|t:|1779597400
|switch|p1a: Deoxys|Deoxys-Defense|100/100
|-ability|p1a: Deoxys|Pressure
|move|p2a: Great Tusk|Stealth Rock|p1a: Deoxys
|-sidestart|p1: greattrainer123|move: Stealth Rock
|
|upkeep
|turn|7
|
|t:|1779597408
|move|p2a: Great Tusk|Headlong Rush|p1a: Deoxys
|-damage|p1a: Deoxys|65/100
|-unboost|p2a: Great Tusk|def|1
|-unboost|p2a: Great Tusk|spd|1
|move|p1a: Deoxys|Trick Room|p1a: Deoxys
|-fieldstart|move: Trick Room|[of] p1a: Deoxys
|
|upkeep
|turn|8
|
|t:|1779597421
|-end|p2a: Great Tusk|Protosynthesis|[silent]
|switch|p2a: Magnezone|Magnezone|100/100
|move|p1a: Deoxys|Teleport|p1a: Deoxys
|
|t:|1779597427
|switch|p1a: Hydrapple|Hydrapple, M|100/100|[from] Teleport
|-damage|p1a: Hydrapple|88/100|[from] Stealth Rock
|
|-heal|p1a: Hydrapple|94/100|[from] item: Leftovers
|upkeep
|turn|9
|
|t:|1779597434
|switch|p2a: Enamorus|Enamorus, F|100/100
|move|p1a: Hydrapple|Earth Power|p2a: Enamorus
|-immune|p2a: Enamorus
|
|-heal|p1a: Hydrapple|99/100|[from] item: Leftovers
|upkeep
|turn|10
|
|t:|1779597441
|switch|p1a: Ursaluna|Ursaluna, M, tera:Ground|2/100 brn
|-damage|p1a: Ursaluna|0 fnt|[from] Stealth Rock
|faint|p1a: Ursaluna
|move|p2a: Enamorus|Moonblast|p1: Ursaluna|[notarget]
|-fail|p2a: Enamorus
|
|upkeep
|
|t:|1779597447
|switch|p1a: Cinderace|Cinderace, F|100/100
|turn|11
|
|t:|1779597454
|move|p2a: Enamorus|Earth Power|p1a: Cinderace
|-supereffective|p1a: Cinderace
|-damage|p1a: Cinderace|14/100
|move|p1a: Cinderace|Court Change|p1a: Cinderace
|-swapsideconditions
|-activate|p1a: Cinderace|move: Court Change
|
|-fieldend|move: Trick Room
|upkeep
|turn|12
|
|t:|1779597461
|switch|p2a: Great Tusk|Great Tusk|31/100
|-damage|p2a: Great Tusk|28/100|[from] Stealth Rock
|move|p1a: Cinderace|Pyro Ball|p2a: Great Tusk|[miss]
|-miss|p1a: Cinderace|p2a: Great Tusk
|
|upkeep
|turn|13
|
|t:|1779597468
|move|p1a: Cinderace|Pyro Ball|p2a: Great Tusk
|-damage|p2a: Great Tusk|0 fnt
|faint|p2a: Great Tusk
|-end|p2a: Great Tusk|Protosynthesis|[silent]
|
|upkeep
|
|t:|1779597478
|switch|p2a: Deoxys|Deoxys-Speed|100/100
|-damage|p2a: Deoxys|88/100|[from] Stealth Rock
|-ability|p2a: Deoxys|Pressure
|turn|14
|
|t:|1779597485
|switch|p1a: Kingambit|Kingambit, F|100/100
|-activate|p1a: Kingambit|ability: Supreme Overlord
|-start|p1a: Kingambit|fallen2|[silent]
|move|p2a: Deoxys|Knock Off|p1a: Kingambit
|-resisted|p1a: Kingambit
|-damage|p1a: Kingambit|90/100
|-enditem|p1a: Kingambit|Choice Band|[from] move: Knock Off|[of] p2a: Deoxys
|-damage|p2a: Deoxys|78/100|[from] item: Life Orb
|
|upkeep
|turn|15
|
|t:|1779597495
|move|p1a: Kingambit|Sucker Punch||[still]
|-fail|p1a: Kingambit
|move|p2a: Deoxys|Spikes|p1a: Kingambit
|-sidestart|p1: greattrainer123|Spikes
|
|upkeep
|turn|16
|
|t:|1779597500
|move|p2a: Deoxys|Superpower|p1a: Kingambit
|-supereffective|p1a: Kingambit
|-damage|p1a: Kingambit|0 fnt
|-unboost|p2a: Deoxys|atk|1
|-unboost|p2a: Deoxys|def|1
|faint|p1a: Kingambit
|-end|p1a: Kingambit|fallen2|[silent]
|-damage|p2a: Deoxys|68/100|[from] item: Life Orb
|
|upkeep
|-message|greattrainer123 forfeited.
|
|win|sucx euphoria
|raw|greattrainer123's rating: 1343 &rarr; <strong>1322</strong><br />(-21 for losing)
|raw|sucx euphoria's rating: 1324 &rarr; <strong>1345</strong><br />(+21 for winning)
|l|☆greattrainer123
|player|p1|
|l|☆sucx euphoria
|player|p2|
