|j|☆I am a guineapig
|j|☆party girl 2004
|t:|1779705947
|gametype|singles
|player|p1|I am a guineapig|fisherman-gen4|1473
|player|p2|party girl 2004|lass-gen4dp|1395
|gen|9
|tier|[Gen 9] OU
|rated|
|rule|HP Percentage Mod: HP is shown in percentages
|rule|Endless Battle Clause: Forcing endless battles is banned
|rule|Species Clause: Limit one of each Pokémon
|rule|OHKO Clause: OHKO moves are banned
|rule|Evasion Items Clause: Evasion items are banned
|rule|Evasion Moves Clause: Evasion moves are banned
|rule|Evasion Abilities Clause: Evasion abilities are banned
|rule|Sleep Moves Clause: Sleep-inducing moves are banned
|clearpoke
|poke|p1|Carbink|
|poke|p1|Hatterene, F|
|poke|p1|Dusclops, M|
|poke|p1|Iron Hands|
|poke|p1|Araquanid, F|
|poke|p1|Kingambit, F|
|poke|p2|Serperior, F|
|poke|p2|Skarmory, F|
|poke|p2|Blaziken, F|
|poke|p2|Kommo-o, M|
|poke|p2|Indeedee, M|
|poke|p2|Polteageist|
|teampreview
|inactive|Battle timer is ON: inactive players will automatically lose when time's up. (requested by party girl 2004)
|inactive|I am a guineapig also wants the timer to be on.
|inactive|party girl 2004 has 120 seconds left.
|
|t:|1779705999
|teamsize|p1|6
|teamsize|p2|6
|start
|switch|p1a: Hatterene|Hatterene, F|100/100
|switch|p2a: MVP|Serperior, F, shiny|100/100
|turn|1
|
|t:|1779706006
|move|p2a: MVP|Leaf Storm|p1a: Hatterene
|-crit|p1a: Hatterene
|-damage|p1a: Hatterene|20/100
|-boost|p2a: MVP|spa|2
|move|p1a: Hatterene|Trick Room|p1a: Hatterene
|-fieldstart|move: Trick Room|[of] p1a: Hatterene
|
|upkeep
|turn|2
|
|t:|1779706011
|move|p1a: Hatterene|Misty Explosion|p2a: MVP
|-crit|p2a: MVP
|-enditem|p2a: MVP|Focus Sash
|-damage|p2a: MVP|1/100
|faint|p1a: Hatterene
|move|p2a: MVP|Leaf Storm|p1: Hatterene|[notarget]
|-fail|p2a: MVP
|
|upkeep
|
|t:|1779706018
|switch|p1a: Iron Hands|Iron Hands|100/100
|-enditem|p1a: Iron Hands|Booster Energy
|-activate|p1a: Iron Hands|ability: Quark Drive|[fromitem]
|-start|p1a: Iron Hands|quarkdriveatk
|turn|3
|
|t:|1779706023
|move|p1a: Iron Hands|Wild Charge|p2a: MVP
|-resisted|p2a: MVP
|-damage|p2a: MVP|0 fnt
|faint|p2a: MVP
|-damage|p1a: Iron Hands|99/100|[from] Recoil
|
|upkeep
|
|t:|1779706032
|switch|p2a: Mane Tank|Skarmory, F, shiny|100/100
|turn|4
|
|t:|1779706036
|move|p1a: Iron Hands|Wild Charge|p2a: Mane Tank
|-supereffective|p2a: Mane Tank
|-ability|p2a: Mane Tank|Sturdy
|-damage|p2a: Mane Tank|1/100
|-damage|p1a: Iron Hands|87/100|[from] Recoil
|move|p2a: Mane Tank|Stealth Rock|p1a: Iron Hands
|-sidestart|p1: I am a guineapig|move: Stealth Rock
|
|upkeep
|turn|5
|-enditem|p2a: Mane Tank|Custap Berry|[eat]
|-activate|p2a: Mane Tank|item: Custap Berry|[consumed]
|
|t:|1779706052
|move|p2a: Mane Tank|Spikes|p1a: Iron Hands
|-sidestart|p1: I am a guineapig|Spikes
|move|p1a: Iron Hands|Ice Punch|p2a: Mane Tank
|-damage|p2a: Mane Tank|0 fnt
|faint|p2a: Mane Tank
|
|-fieldend|move: Trick Room
|upkeep
|
|t:|1779706057
|switch|p2a: Tapo Lele|Indeedee, M|100/100
|-fieldstart|move: Psychic Terrain|[from] ability: Psychic Surge|[of] p2a: Tapo Lele
|turn|6
|
|t:|1779706063
|-end|p1a: Iron Hands|Quark Drive|[silent]
|switch|p1a: Kingambit|Kingambit, F|100/100
|-damage|p1a: Kingambit|94/100|[from] Stealth Rock
|-damage|p1a: Kingambit|82/100|[from] Spikes
|-activate|p1a: Kingambit|ability: Supreme Overlord
|-start|p1a: Kingambit|fallen1|[silent]
|move|p2a: Tapo Lele|Expanding Force|p1a: Kingambit
|-immune|p1a: Kingambit
|
|upkeep
|turn|7
|
|t:|1779706079
|switch|p2a: Skolipede|Blaziken, F, shiny|100/100
|-end|p1a: Kingambit|fallen1|[silent]
|switch|p1a: Dusclops|Dusclops, M|100/100
|-damage|p1a: Dusclops|88/100|[from] Stealth Rock
|-damage|p1a: Dusclops|76/100|[from] Spikes
|-item|p2a: Skolipede|Focus Sash|[from] ability: Frisk|[of] p1a: Dusclops
|
|upkeep
|turn|8
|
|t:|1779706086
|move|p2a: Skolipede|Swords Dance|p2a: Skolipede
|-boost|p2a: Skolipede|atk|2
|move|p1a: Dusclops|Trick Room|p1a: Dusclops
|-fieldstart|move: Trick Room|[of] p1a: Dusclops
|
|-ability|p2a: Skolipede|Speed Boost|boost
|-boost|p2a: Skolipede|spe|1
|upkeep
|turn|9
|
|t:|1779706092
|move|p1a: Dusclops|Memento|p2a: Skolipede
|-unboost|p2a: Skolipede|atk|2
|-unboost|p2a: Skolipede|spa|2
|faint|p1a: Dusclops
|move|p2a: Skolipede|Swords Dance|p2a: Skolipede
|-boost|p2a: Skolipede|atk|2
|
|-ability|p2a: Skolipede|Speed Boost|boost
|-boost|p2a: Skolipede|spe|1
|upkeep
|
|t:|1779706098
|switch|p1a: Araquanid|Araquanid, F|100/100
|-damage|p1a: Araquanid|75/100|[from] Stealth Rock
|-damage|p1a: Araquanid|63/100|[from] Spikes
|turn|10
|
|t:|1779706104
|move|p1a: Araquanid|Liquidation|p2a: Skolipede
|-supereffective|p2a: Skolipede
|-enditem|p2a: Skolipede|Focus Sash
|-damage|p2a: Skolipede|1/100
|-unboost|p2a: Skolipede|def|1
|-damage|p1a: Araquanid|53/100|[from] item: Life Orb
|move|p2a: Skolipede|Thunder Punch|p1a: Araquanid
|-supereffective|p1a: Araquanid
|-damage|p1a: Araquanid|0 fnt
|faint|p1a: Araquanid
|
|-ability|p2a: Skolipede|Speed Boost|boost
|-boost|p2a: Skolipede|spe|1
|upkeep
|
|t:|1779706109
|switch|p1a: Iron Hands|Iron Hands|87/100
|-damage|p1a: Iron Hands|81/100|[from] Stealth Rock
|-damage|p1a: Iron Hands|68/100|[from] Spikes
|turn|11
|
|t:|1779706119
|move|p1a: Iron Hands|Wild Charge|p2a: Skolipede
|-damage|p2a: Skolipede|0 fnt
|faint|p2a: Skolipede
|-damage|p1a: Iron Hands|68/100|[from] Recoil
|
|upkeep
|
|t:|1779706124
|switch|p2a: Fightinium Z|Kommo-o, M, shiny|100/100
|turn|12
|
|t:|1779706131
|move|p1a: Iron Hands|Ice Punch|p2a: Fightinium Z
|-supereffective|p2a: Fightinium Z
|-damage|p2a: Fightinium Z|37/100
|move|p2a: Fightinium Z|Clangorous Soul|p2a: Fightinium Z
|-boost|p2a: Fightinium Z|atk|1
|-boost|p2a: Fightinium Z|def|1
|-boost|p2a: Fightinium Z|spa|1
|-boost|p2a: Fightinium Z|spd|1
|-boost|p2a: Fightinium Z|spe|1
|-damage|p2a: Fightinium Z|4/100
|-enditem|p2a: Fightinium Z|Throat Spray
|-boost|p2a: Fightinium Z|spa|1|[from] item: Throat Spray
|
|-fieldend|move: Trick Room
|upkeep
|turn|13
|
|t:|1779706147
|move|p2a: Fightinium Z|Boomburst|p1a: Iron Hands
|-damage|p1a: Iron Hands|0 fnt
|faint|p1a: Iron Hands
|-end|p1a: Iron Hands|Quark Drive|[silent]
|
|-fieldend|move: Psychic Terrain
|upkeep
|
|t:|1779706158
|switch|p1a: Carbink|Carbink|100/100
|-damage|p1a: Carbink|88/100|[from] Stealth Rock
|-damage|p1a: Carbink|75/100|[from] Spikes
|turn|14
|
|t:|1779706175
|switch|p2a: Tapo Lele|Indeedee, M|100/100
|-fieldstart|move: Psychic Terrain|[from] ability: Psychic Surge|[of] p2a: Tapo Lele
|move|p1a: Carbink|Trick Room|p1a: Carbink
|-fieldstart|move: Trick Room|[of] p1a: Carbink
|
|upkeep
|turn|15
|
|t:|1779706183
|move|p1a: Carbink|Misty Explosion|p2a: Tapo Lele
|-damage|p2a: Tapo Lele|79/100
|faint|p1a: Carbink
|move|p2a: Tapo Lele|Dazzling Gleam|p1: Carbink|[notarget]
|-fail|p2a: Tapo Lele
|
|upkeep
|
|t:|1779706187
|switch|p1a: Kingambit|Kingambit, F|82/100
|-damage|p1a: Kingambit|76/100|[from] Stealth Rock
|-damage|p1a: Kingambit|63/100|[from] Spikes
|-activate|p1a: Kingambit|ability: Supreme Overlord
|-start|p1a: Kingambit|fallen5|[silent]
|turn|16
|
|t:|1779706193
|move|p1a: Kingambit|Kowtow Cleave|p2a: Tapo Lele
|-supereffective|p2a: Tapo Lele
|-damage|p2a: Tapo Lele|0 fnt
|faint|p2a: Tapo Lele
|-damage|p1a: Kingambit|53/100|[from] item: Life Orb
|
|upkeep
|
|t:|1779706200
|switch|p2a: Stop|Polteageist|100/100
|turn|17
|
|t:|1779706231
|move|p1a: Kingambit|Iron Head|p2a: Stop
|-enditem|p2a: Stop|Focus Sash
|-damage|p2a: Stop|1/100
|-ability|p2a: Stop|Weak Armor|boost
|-unboost|p2a: Stop|def|1
|-boost|p2a: Stop|spe|2
|-damage|p1a: Kingambit|44/100|[from] item: Life Orb
|move|p2a: Stop|Shadow Ball|p1a: Kingambit
|-resisted|p1a: Kingambit
|-damage|p1a: Kingambit|20/100
|
|upkeep
|turn|18
|
|t:|1779706239
|move|p1a: Kingambit|Iron Head|p2a: Stop
|-damage|p2a: Stop|0 fnt
|faint|p2a: Stop
|-damage|p1a: Kingambit|10/100|[from] item: Life Orb
|
|-fieldend|move: Trick Room
|upkeep
|
|t:|1779706241
|switch|p2a: Fightinium Z|Kommo-o, M, shiny|4/100
|turn|19
|
|t:|1779706252
|move|p2a: Fightinium Z|Flamethrower|p1a: Kingambit
|-supereffective|p1a: Kingambit
|-damage|p1a: Kingambit|0 fnt
|faint|p1a: Kingambit
|-end|p1a: Kingambit|fallen5|[silent]
|
|win|party girl 2004
|raw|I am a guineapig's rating: 1473 &rarr; <strong>1449</strong><br />(-24 for losing)
|raw|party girl 2004's rating: 1395 &rarr; <strong>1419</strong><br />(+24 for winning)
|c|☆party girl 2004|gg
