|j|☆LeviPT
|j|☆lil_witch_eve
|t:|1779658568
|gametype|singles
|player|p1|LeviPT|266|1064
|player|p2|lil_witch_eve|n|1120
|gen|9
|tier|[Gen 9] OU
|rated|
|rule|HP Percentage Mod: HP is shown in percentages
|rule|Endless Battle Clause: Forcing endless battles is banned
|rule|Species Clause: Limit one of each Pokémon
|rule|OHKO Clause: OHKO moves are banned
|rule|Evasion Items Clause: Evasion items are banned
|rule|Evasion Moves Clause: Evasion moves are banned
|rule|Evasion Abilities Clause: Evasion abilities are banned
|rule|Sleep Moves Clause: Sleep-inducing moves are banned
|clearpoke
|poke|p1|Pelipper, F|
|poke|p1|Rotom-Wash|
|poke|p1|Kingdra, F|
|poke|p1|Gholdengo|
|poke|p1|Iron Treads|
|poke|p1|Lilligant-Hisui, F|
|poke|p2|Zapdos|
|poke|p2|Iron Treads|
|poke|p2|Samurott-Hisui, F|
|poke|p2|Ceruledge, M|
|poke|p2|Gholdengo|
|poke|p2|Kingambit, M|
|teampreview
|
|t:|1779658571
|teamsize|p1|6
|teamsize|p2|6
|start
|switch|p1a: Pelipper|Pelipper, F|100/100
|switch|p2a: Samurott|Samurott-Hisui, F|100/100
|-weather|RainDance|[from] ability: Drizzle|[of] p1a: Pelipper
|turn|1
|
|t:|1779658578
|move|p2a: Samurott|Ceaseless Edge|p1a: Pelipper
|-damage|p1a: Pelipper|70/100
|-sidestart|p1: LeviPT|Spikes
|move|p1a: Pelipper|Tailwind|p1a: Pelipper
|-sidestart|p1: LeviPT|move: Tailwind
|
|-weather|RainDance|[upkeep]
|upkeep
|turn|2
|
|t:|1779658585
|switch|p1a: Rotom|Rotom-Wash|100/100
|move|p2a: Samurott|Ceaseless Edge|p1a: Rotom
|-damage|p1a: Rotom|39/100
|-sidestart|p1: LeviPT|Spikes
|-enditem|p1a: Rotom|Sitrus Berry|[eat]
|-heal|p1a: Rotom|64/100|[from] item: Sitrus Berry
|
|-weather|RainDance|[upkeep]
|upkeep
|turn|3
|
|t:|1779658595
|move|p1a: Rotom|Thunder|p2a: Samurott
|-supereffective|p2a: Samurott
|-damage|p2a: Samurott|31/100
|move|p2a: Samurott|Ceaseless Edge|p1a: Rotom|[miss]
|-miss|p2a: Samurott|p1a: Rotom
|
|-weather|RainDance|[upkeep]
|upkeep
|turn|4
|
|t:|1779658605
|switch|p2a: Zapdos|Zapdos|100/100
|move|p1a: Rotom|Thunder|p2a: Zapdos
|-damage|p2a: Zapdos|56/100
|
|-weather|RainDance|[upkeep]
|-sideend|p1: LeviPT|move: Tailwind
|upkeep
|turn|5
|
|t:|1779658620
|move|p1a: Rotom|Thunder|p2a: Zapdos
|-damage|p2a: Zapdos|9/100
|move|p2a: Zapdos|Volt Switch|p1a: Rotom
|-damage|p1a: Rotom|27/100
|
|t:|1779658627
|switch|p2a: Iron Treads|Iron Treads|100/100|[from] Volt Switch
|
|-weather|RainDance|[upkeep]
|upkeep
|turn|6
|inactive|Battle timer is ON: inactive players will automatically lose when time's up. (requested by LeviPT)
|
|t:|1779658639
|-terastallize|p1a: Rotom|Electric
|move|p2a: Iron Treads|Knock Off|p1a: Rotom
|-damage|p1a: Rotom|0 fnt
|faint|p1a: Rotom
|
|-weather|RainDance|[upkeep]
|upkeep
|
|t:|1779658650
|switch|p1a: Kingdra|Kingdra, F|100/100
|-damage|p1a: Kingdra|84/100|[from] Spikes
|turn|7
|
|t:|1779658656
|move|p1a: Kingdra|Surf|p2a: Iron Treads
|-supereffective|p2a: Iron Treads
|-damage|p2a: Iron Treads|0 fnt
|faint|p2a: Iron Treads
|-end|p2a: Iron Treads|Quark Drive|[silent]
|-damage|p1a: Kingdra|74/100|[from] item: Life Orb
|
|-weather|RainDance|[upkeep]
|upkeep
|
|t:|1779658668
|switch|p2a: Kingambit|Kingambit, M|100/100
|-activate|p2a: Kingambit|ability: Supreme Overlord
|-start|p2a: Kingambit|fallen1|[silent]
|turn|8
|
|t:|1779658677
|move|p2a: Kingambit|Sucker Punch|p1a: Kingdra
|-crit|p1a: Kingdra
|-damage|p1a: Kingdra|0 fnt
|faint|p1a: Kingdra
|
|-weather|none
|upkeep
|
|t:|1779658684
|switch|p1a: Gholdengo|Gholdengo|100/100
|-item|p1a: Gholdengo|Air Balloon
|turn|9
|
|t:|1779658693
|-end|p2a: Kingambit|fallen1|[silent]
|switch|p2a: Samurott|Samurott-Hisui, F|31/100
|move|p1a: Gholdengo|Nasty Plot|p1a: Gholdengo
|-boost|p1a: Gholdengo|spa|2
|
|upkeep
|turn|10
|
|t:|1779658707
|move|p2a: Samurott|Ceaseless Edge|p1a: Gholdengo
|-supereffective|p1a: Gholdengo
|-damage|p1a: Gholdengo|18/100
|-enditem|p1a: Gholdengo|Air Balloon
|-sidestart|p1: LeviPT|Spikes
|move|p1a: Gholdengo|Make It Rain|p2a: Samurott
|-resisted|p2a: Samurott
|-damage|p2a: Samurott|0 fnt
|-unboost|p1a: Gholdengo|spa|1
|faint|p2a: Samurott
|
|upkeep
|
|t:|1779658721
|switch|p2a: Kingambit|Kingambit, M|100/100
|-activate|p2a: Kingambit|ability: Supreme Overlord
|-start|p2a: Kingambit|fallen2|[silent]
|turn|11
|
|t:|1779658732
|move|p2a: Kingambit|Sucker Punch||[still]
|-fail|p2a: Kingambit
|move|p1a: Gholdengo|Recover|p1a: Gholdengo
|-heal|p1a: Gholdengo|68/100
|
|upkeep
|turn|12
|
|t:|1779658747
|move|p2a: Kingambit|Swords Dance|p2a: Kingambit
|-boost|p2a: Kingambit|atk|2
|move|p1a: Gholdengo|Make It Rain|p2a: Kingambit
|-resisted|p2a: Kingambit
|-crit|p2a: Kingambit
|-damage|p2a: Kingambit|5/100
|-unboost|p1a: Gholdengo|spa|1
|
|-heal|p2a: Kingambit|11/100|[from] item: Leftovers
|upkeep
|turn|13
|
|t:|1779658756
|move|p2a: Kingambit|Sucker Punch||[still]
|-fail|p2a: Kingambit
|move|p1a: Gholdengo|Recover|p1a: Gholdengo
|-heal|p1a: Gholdengo|100/100
|
|-heal|p2a: Kingambit|17/100|[from] item: Leftovers
|upkeep
|turn|14
|
|t:|1779658767
|move|p2a: Kingambit|Sucker Punch||[still]
|-fail|p2a: Kingambit
|move|p1a: Gholdengo|Nasty Plot|p1a: Gholdengo
|-boost|p1a: Gholdengo|spa|2
|
|-heal|p2a: Kingambit|23/100|[from] item: Leftovers
|upkeep
|turn|15
|
|t:|1779658777
|move|p2a: Kingambit|Iron Head|p1a: Gholdengo
|-resisted|p1a: Gholdengo
|-damage|p1a: Gholdengo|48/100
|move|p1a: Gholdengo|Nasty Plot|p1a: Gholdengo
|-boost|p1a: Gholdengo|spa|2
|
|-heal|p2a: Kingambit|30/100|[from] item: Leftovers
|upkeep
|turn|16
|
|t:|1779658785
|move|p2a: Kingambit|Iron Head|p1a: Gholdengo
|-resisted|p1a: Gholdengo
|-damage|p1a: Gholdengo|3/100
|move|p1a: Gholdengo|Make It Rain|p2a: Kingambit
|-resisted|p2a: Kingambit
|-damage|p2a: Kingambit|0 fnt
|-unboost|p1a: Gholdengo|spa|1
|faint|p2a: Kingambit
|-end|p2a: Kingambit|fallen2|[silent]
|
|upkeep
|
|t:|1779658798
|switch|p2a: Zapdos|Zapdos|9/100
|turn|17
|
|t:|1779658809
|move|p2a: Zapdos|Thunder Wave|p1a: Gholdengo
|-immune|p1a: Gholdengo|[from] ability: Good as Gold
|move|p1a: Gholdengo|Recover|p1a: Gholdengo
|-heal|p1a: Gholdengo|53/100
|
|upkeep
|turn|18
|
|t:|1779658816
|move|p2a: Zapdos|Volt Switch|p1a: Gholdengo
|-damage|p1a: Gholdengo|24/100
|
|t:|1779658822
|switch|p2a: Ceruledge|Ceruledge, M|100/100|[from] Volt Switch
|move|p1a: Gholdengo|Shadow Ball|p2a: Ceruledge
|-supereffective|p2a: Ceruledge
|-damage|p2a: Ceruledge|0 fnt
|faint|p2a: Ceruledge
|
|upkeep
|
|t:|1779658830
|switch|p2a: Gholdengo|Gholdengo|100/100
|-item|p2a: Gholdengo|Air Balloon
|turn|19
|
|t:|1779658835
|move|p2a: Gholdengo|Hex|p1a: Gholdengo
|-supereffective|p1a: Gholdengo
|-damage|p1a: Gholdengo|0 fnt
|faint|p1a: Gholdengo
|
|upkeep
|
|t:|1779658840
|switch|p1a: Pelipper|Pelipper, F|70/100
|-weather|RainDance|[from] ability: Drizzle|[of] p1a: Pelipper
|turn|20
|
|t:|1779658847
|move|p2a: Gholdengo|Thunder Wave|p1a: Pelipper
|-status|p1a: Pelipper|par
|move|p1a: Pelipper|Tailwind|p1a: Pelipper
|-sidestart|p1: LeviPT|move: Tailwind
|
|-weather|RainDance|[upkeep]
|upkeep
|turn|21
|
|t:|1779658857
|switch|p1a: Iron Treads|Iron Treads|100/100
|move|p2a: Gholdengo|Hex|p1a: Iron Treads
|-damage|p1a: Iron Treads|56/100
|
|-weather|RainDance|[upkeep]
|upkeep
|turn|22
|
|t:|1779658865
|move|p1a: Iron Treads|Iron Head|p2a: Gholdengo
|-resisted|p2a: Gholdengo
|-damage|p2a: Gholdengo|87/100
|-enditem|p2a: Gholdengo|Air Balloon
|move|p2a: Gholdengo|Focus Blast|p1a: Iron Treads|[miss]
|-miss|p2a: Gholdengo|p1a: Iron Treads
|
|-weather|RainDance|[upkeep]
|upkeep
|turn|23
|
|t:|1779658874
|switch|p2a: Zapdos|Zapdos|9/100
|move|p1a: Iron Treads|Earthquake|p2a: Zapdos
|-immune|p2a: Zapdos
|
|-weather|RainDance|[upkeep]
|-sideend|p1: LeviPT|move: Tailwind
|upkeep
|turn|24
|
|t:|1779658887
|move|p1a: Iron Treads|Rapid Spin|p2a: Zapdos
|-damage|p2a: Zapdos|0 fnt
|-boost|p1a: Iron Treads|spe|1
|-sideend|p1: LeviPT|Spikes|[from] move: Rapid Spin|[of] p1a: Iron Treads
|faint|p2a: Zapdos
|
|-weather|RainDance|[upkeep]
|upkeep
|
|t:|1779658896
|switch|p2a: Gholdengo|Gholdengo|87/100
|turn|25
|
|t:|1779658904
|-terastallize|p2a: Gholdengo|Fairy
|move|p1a: Iron Treads|Earthquake|p2a: Gholdengo
|-damage|p2a: Gholdengo|57/100
|move|p2a: Gholdengo|Focus Blast|p1a: Iron Treads
|-supereffective|p1a: Iron Treads
|-damage|p1a: Iron Treads|0 fnt
|faint|p1a: Iron Treads
|-end|p1a: Iron Treads|Quark Drive|[silent]
|
|-weather|RainDance|[upkeep]
|upkeep
|
|t:|1779658909
|switch|p1a: Hisuian Lilligant|Lilligant-Hisui, F, shiny|100/100
|turn|26
|
|t:|1779658918
|move|p1a: Hisuian Lilligant|Leaf Blade|p2a: Gholdengo
|-damage|p2a: Gholdengo|16/100
|move|p2a: Gholdengo|Thunder Wave|p1a: Hisuian Lilligant
|-status|p1a: Hisuian Lilligant|par
|
|-weather|RainDance|[upkeep]
|upkeep
|turn|27
|
|t:|1779658928
|move|p2a: Gholdengo|Hex|p1a: Hisuian Lilligant
|-damage|p1a: Hisuian Lilligant|7/100 par
|cant|p1a: Hisuian Lilligant|par
|
|-weather|none
|upkeep
|turn|28
|
|t:|1779658935
|move|p2a: Gholdengo|Hex|p1a: Hisuian Lilligant
|-damage|p1a: Hisuian Lilligant|0 fnt
|faint|p1a: Hisuian Lilligant
|
|upkeep
|
|t:|1779658939
|switch|p1a: Pelipper|Pelipper, F|70/100 par
|-weather|RainDance|[from] ability: Drizzle|[of] p1a: Pelipper
|turn|29
|
|t:|1779658946
|move|p2a: Gholdengo|Hex|p1a: Pelipper
|-damage|p1a: Pelipper|0 fnt
|faint|p1a: Pelipper
|
|win|lil_witch_eve
|raw|LeviPT's rating: 1064 &rarr; <strong>1048</strong><br />(-16 for losing)
|raw|lil_witch_eve's rating: 1120 &rarr; <strong>1141</strong><br />(+21 for winning)
