|j|☆alidadccc
|j|☆arataomega1
|t:|1779696688
|gametype|singles
|player|p1|alidadccc|101|1354
|player|p2|arataomega1|marnie-masters3|1345
|gen|9
|tier|[Gen 9] OU
|rated|
|rule|HP Percentage Mod: HP is shown in percentages
|rule|Endless Battle Clause: Forcing endless battles is banned
|rule|Species Clause: Limit one of each Pokémon
|rule|OHKO Clause: OHKO moves are banned
|rule|Evasion Items Clause: Evasion items are banned
|rule|Evasion Moves Clause: Evasion moves are banned
|rule|Evasion Abilities Clause: Evasion abilities are banned
|rule|Sleep Moves Clause: Sleep-inducing moves are banned
|clearpoke
|poke|p1|Pelipper, F|
|poke|p1|Ogerpon-Wellspring, F|
|poke|p1|Raging Bolt|
|poke|p1|Tornadus-Therian, M|
|poke|p1|Zamazenta-*|
|poke|p1|Darkrai|
|poke|p2|Volcanion|
|poke|p2|Weezing-Galar, F|
|poke|p2|Reuniclus, F|
|poke|p2|Registeel|
|poke|p2|Krookodile, F|
|poke|p2|Zapdos-Galar|
|teampreview
|inactive|Battle timer is ON: inactive players will automatically lose when time's up. (requested by alidadccc)
|
|t:|1779696705
|teamsize|p1|6
|teamsize|p2|6
|start
|switch|p1a: Pelipper|Pelipper, F|100/100
|switch|p2a: Cesar zepeli|Reuniclus, F, shiny|100/100
|-weather|RainDance|[from] ability: Drizzle|[of] p1a: Pelipper
|turn|1
|
|t:|1779696711
|move|p1a: Pelipper|U-turn|p2a: Cesar zepeli
|-supereffective|p2a: Cesar zepeli
|-damage|p2a: Cesar zepeli|83/100
|
|t:|1779696720
|switch|p1a: Ogerpon|Ogerpon-Wellspring, F|100/100|[from] U-turn
|move|p2a: Cesar zepeli|Knock Off|p1a: Ogerpon
|-damage|p1a: Ogerpon|89/100
|
|-weather|RainDance|[upkeep]
|upkeep
|turn|2
|
|t:|1779696732
|switch|p2a: El Stromboli|Volcanion|100/100
|-terastallize|p1a: Ogerpon|Water
|detailschange|p1a: Ogerpon|Ogerpon-Wellspring-Tera, F, tera:Water
|-ability|p1a: Ogerpon|Embody Aspect (Wellspring)|boost
|-boost|p1a: Ogerpon|spd|1
|move|p1a: Ogerpon|Ivy Cudgel|p2a: El Stromboli|[anim] Ivy Cudgel Water
|-immune|p2a: El Stromboli|[from] ability: Water Absorb
|
|-weather|RainDance|[upkeep]
|upkeep
|turn|3
|
|t:|1779696746
|move|p1a: Ogerpon|U-turn|p2a: El Stromboli
|-resisted|p2a: El Stromboli
|-damage|p2a: El Stromboli|87/100
|
|t:|1779696751
|switch|p1a: Tornadus|Tornadus-Therian, M|100/100|[from] U-turn
|move|p2a: El Stromboli|Earth Power|p1a: Tornadus
|-immune|p1a: Tornadus
|
|-weather|RainDance|[upkeep]
|upkeep
|turn|4
|
|t:|1779696758
|move|p1a: Tornadus|Bleakwind Storm|p2a: El Stromboli
|-damage|p2a: El Stromboli|44/100
|-unboost|p2a: El Stromboli|spe|1
|move|p2a: El Stromboli|Steam Eruption|p1a: Tornadus
|-damage|p1a: Tornadus|33/100
|
|-weather|RainDance|[upkeep]
|upkeep
|turn|5
|
|t:|1779696770
|switch|p2a: Big daddy|Registeel, shiny|100/100
|move|p1a: Tornadus|U-turn|p2a: Big daddy
|-resisted|p2a: Big daddy
|-damage|p2a: Big daddy|96/100
|
|t:|1779696785
|switch|p1a: Zamazenta|Zamazenta|100/100|[from] U-turn
|-ability|p1a: Zamazenta|Dauntless Shield|boost
|-boost|p1a: Zamazenta|def|1
|
|-weather|RainDance|[upkeep]
|-heal|p2a: Big daddy|100/100|[from] item: Leftovers
|upkeep
|turn|6
|
|t:|1779696793
|switch|p2a: Lord smogon|Weezing-Galar, F, shiny|100/100
|move|p1a: Zamazenta|Close Combat|p2a: Lord smogon
|-resisted|p2a: Lord smogon
|-damage|p2a: Lord smogon|90/100
|-unboost|p1a: Zamazenta|def|1
|-unboost|p1a: Zamazenta|spd|1
|
|-weather|RainDance|[upkeep]
|-heal|p2a: Lord smogon|96/100|[from] item: Leftovers
|upkeep
|turn|7
|
|t:|1779696804
|move|p1a: Zamazenta|Heavy Slam|p2a: Lord smogon
|-supereffective|p2a: Lord smogon
|-damage|p2a: Lord smogon|37/100
|move|p2a: Lord smogon|Will-O-Wisp|p1a: Zamazenta
|-status|p1a: Zamazenta|brn
|
|-weather|RainDance|[upkeep]
|-heal|p2a: Lord smogon|43/100|[from] item: Leftovers
|-damage|p1a: Zamazenta|94/100 brn|[from] brn
|upkeep
|turn|8
|
|t:|1779696815
|switch|p1a: Raging Bolt|Raging Bolt|100/100
|-enditem|p1a: Raging Bolt|Booster Energy
|-activate|p1a: Raging Bolt|ability: Protosynthesis|[fromitem]
|-start|p1a: Raging Bolt|protosynthesisspa
|move|p2a: Lord smogon|Pain Split|p1a: Raging Bolt
|-sethp|p1a: Raging Bolt|69/100|[from] move: Pain Split|[silent]
|-sethp|p2a: Lord smogon|80/100|[from] move: Pain Split
|
|-weather|none
|-heal|p2a: Lord smogon|86/100|[from] item: Leftovers
|upkeep
|turn|9
|
|t:|1779696825
|-end|p1a: Raging Bolt|Protosynthesis|[silent]
|switch|p1a: Pelipper|Pelipper, F|100/100
|-weather|RainDance|[from] ability: Drizzle|[of] p1a: Pelipper
|switch|p2a: Cesar zepeli|Reuniclus, F, shiny|100/100
|
|-weather|RainDance|[upkeep]
|upkeep
|turn|10
|
|t:|1779696833
|move|p1a: Pelipper|U-turn|p2a: Cesar zepeli
|-supereffective|p2a: Cesar zepeli
|-damage|p2a: Cesar zepeli|82/100
|
|t:|1779696836
|switch|p1a: Ogerpon|Ogerpon-Wellspring-Tera, F, tera:Water|89/100|[from] U-turn
|-ability|p1a: Ogerpon|Embody Aspect (Wellspring)|boost
|-boost|p1a: Ogerpon|spd|1
|move|p2a: Cesar zepeli|Future Sight|p1a: Ogerpon
|-start|p2a: Cesar zepeli|move: Future Sight
|
|-weather|RainDance|[upkeep]
|upkeep
|turn|11
|
|t:|1779696843
|switch|p2a: Big daddy|Registeel, shiny|100/100
|move|p1a: Ogerpon|Knock Off|p2a: Big daddy
|-damage|p2a: Big daddy|73/100
|-enditem|p2a: Big daddy|Leftovers|[from] move: Knock Off|[of] p1a: Ogerpon
|
|-weather|RainDance|[upkeep]
|upkeep
|turn|12
|
|t:|1779696852
|move|p1a: Ogerpon|U-turn|p2a: Big daddy
|-resisted|p2a: Big daddy
|-damage|p2a: Big daddy|64/100
|
|t:|1779696856
|switch|p1a: Zamazenta|Zamazenta|94/100 brn|[from] U-turn
|move|p2a: Big daddy|Body Press|p1a: Zamazenta
|-damage|p1a: Zamazenta|68/100 brn
|
|-weather|RainDance|[upkeep]
|-end|p1a: Zamazenta|move: Future Sight
|-supereffective|p1a: Zamazenta
|-damage|p1a: Zamazenta|0 fnt
|faint|p1a: Zamazenta
|upkeep
|
|t:|1779696865
|switch|p1a: Raging Bolt|Raging Bolt|69/100
|turn|13
|
|t:|1779696870
|move|p1a: Raging Bolt|Draco Meteor|p2a: Big daddy
|-resisted|p2a: Big daddy
|-damage|p2a: Big daddy|43/100
|-unboost|p1a: Raging Bolt|spa|2
|move|p2a: Big daddy|Stealth Rock|p1a: Raging Bolt
|-sidestart|p1: alidadccc|move: Stealth Rock
|
|-weather|RainDance|[upkeep]
|upkeep
|turn|14
|
|t:|1779696878
|move|p1a: Raging Bolt|Thunder|p2a: Big daddy
|-damage|p2a: Big daddy|26/100
|move|p2a: Big daddy|Body Press|p1a: Raging Bolt
|-crit|p1a: Raging Bolt
|-damage|p1a: Raging Bolt|32/100
|
|-weather|RainDance|[upkeep]
|upkeep
|turn|15
|
|t:|1779696885
|move|p1a: Raging Bolt|Thunder|p2a: Big daddy
|-damage|p2a: Big daddy|6/100
|move|p2a: Big daddy|Body Press|p1a: Raging Bolt
|-damage|p1a: Raging Bolt|9/100
|
|-weather|RainDance|[upkeep]
|upkeep
|turn|16
|
|t:|1779696893
|move|p1a: Raging Bolt|Draco Meteor|p2a: Big daddy
|-resisted|p2a: Big daddy
|-damage|p2a: Big daddy|0 fnt
|-unboost|p1a: Raging Bolt|spa|2
|faint|p2a: Big daddy
|
|-weather|none
|upkeep
|
|t:|1779696903
|switch|p2a: EL sarcosucus|Krookodile, F, shiny|100/100
|turn|17
|
|t:|1779696907
|-end|p1a: Raging Bolt|Protosynthesis|[silent]
|switch|p1a: Pelipper|Pelipper, F|100/100
|-damage|p1a: Pelipper|76/100|[from] Stealth Rock
|-weather|RainDance|[from] ability: Drizzle|[of] p1a: Pelipper
|move|p2a: EL sarcosucus|Knock Off|p1a: Pelipper
|-damage|p1a: Pelipper|22/100
|-enditem|p1a: Pelipper|Damp Rock|[from] move: Knock Off|[of] p2a: EL sarcosucus
|
|-weather|RainDance|[upkeep]
|upkeep
|turn|18
|
|t:|1779696917
|move|p2a: EL sarcosucus|Knock Off|p1a: Pelipper
|-damage|p1a: Pelipper|0 fnt
|faint|p1a: Pelipper
|-ability|p2a: EL sarcosucus|Moxie|boost
|-boost|p2a: EL sarcosucus|atk|1
|
|-weather|RainDance|[upkeep]
|upkeep
|
|t:|1779696922
|switch|p1a: Darkrai|Darkrai|100/100
|-damage|p1a: Darkrai|88/100|[from] Stealth Rock
|turn|19
|
|t:|1779696927
|switch|p2a: Cesar zepeli|Reuniclus, F, shiny|100/100
|move|p1a: Darkrai|Ice Beam|p2a: Cesar zepeli
|-damage|p2a: Cesar zepeli|79/100
|-damage|p1a: Darkrai|78/100|[from] item: Life Orb
|
|-weather|RainDance|[upkeep]
|upkeep
|turn|20
|
|t:|1779696936
|-terastallize|p2a: Cesar zepeli|Water
|move|p1a: Darkrai|Dark Pulse|p2a: Cesar zepeli
|-damage|p2a: Cesar zepeli|48/100
|-damage|p1a: Darkrai|68/100|[from] item: Life Orb
|move|p2a: Cesar zepeli|Focus Blast|p1a: Darkrai
|-supereffective|p1a: Darkrai
|-damage|p1a: Darkrai|0 fnt
|faint|p1a: Darkrai
|
|-weather|RainDance|[upkeep]
|upkeep
|
|t:|1779696946
|switch|p1a: Raging Bolt|Raging Bolt|9/100
|-damage|p1a: Raging Bolt|0 fnt|[from] Stealth Rock
|faint|p1a: Raging Bolt
|-end|p1a: Raging Bolt|Protosynthesis|[silent]
|
|t:|1779696950
|switch|p1a: Tornadus|Tornadus-Therian, M|67/100
|-damage|p1a: Tornadus|42/100|[from] Stealth Rock
|turn|21
|
|t:|1779696955
|move|p1a: Tornadus|Bleakwind Storm|p2a: Cesar zepeli
|-crit|p2a: Cesar zepeli
|-damage|p2a: Cesar zepeli|20/100
|-unboost|p2a: Cesar zepeli|spe|1
|move|p2a: Cesar zepeli|Future Sight|p1a: Tornadus
|-start|p2a: Cesar zepeli|move: Future Sight
|
|-weather|RainDance|[upkeep]
|upkeep
|turn|22
|
|t:|1779696963
|move|p1a: Tornadus|Bleakwind Storm|p2a: Cesar zepeli
|-damage|p2a: Cesar zepeli|1/100
|-unboost|p2a: Cesar zepeli|spe|1
|move|p2a: Cesar zepeli|Knock Off|p1a: Tornadus
|-damage|p1a: Tornadus|27/100
|-enditem|p1a: Tornadus|Assault Vest|[from] move: Knock Off|[of] p2a: Cesar zepeli
|
|-weather|RainDance|[upkeep]
|upkeep
|turn|23
|
|t:|1779696971
|move|p1a: Tornadus|Knock Off|p2a: Cesar zepeli
|-damage|p2a: Cesar zepeli|0 fnt
|-enditem|p2a: Cesar zepeli|Assault Vest|[from] move: Knock Off|[of] p1a: Tornadus
|faint|p2a: Cesar zepeli
|
|-weather|RainDance|[upkeep]
|-end|p1a: Tornadus|move: Future Sight
|-damage|p1a: Tornadus|0 fnt
|faint|p1a: Tornadus
|upkeep
|
|t:|1779696980
|switch|p1a: Ogerpon|Ogerpon-Wellspring-Tera, F, tera:Water|89/100
|switch|p2a: KFC chicken|Zapdos-Galar|100/100
|-damage|p1a: Ogerpon|76/100|[from] Stealth Rock
|-ability|p1a: Ogerpon|Embody Aspect (Wellspring)|boost
|-boost|p1a: Ogerpon|spd|1
|turn|24
|
|t:|1779696988
|move|p2a: KFC chicken|U-turn|p1a: Ogerpon
|-damage|p1a: Ogerpon|45/100
|
|t:|1779696991
|switch|p2a: El Stromboli|Volcanion|44/100|[from] U-turn
|move|p1a: Ogerpon|Ivy Cudgel|p2a: El Stromboli|[anim] Ivy Cudgel Water
|-heal|p2a: El Stromboli|69/100|[from] ability: Water Absorb|[of] p1a: Ogerpon
|
|-weather|none
|upkeep
|turn|25
|
|t:|1779696998
|move|p1a: Ogerpon|Knock Off|p2a: El Stromboli
|-damage|p2a: El Stromboli|31/100
|-enditem|p2a: El Stromboli|Heavy-Duty Boots|[from] move: Knock Off|[of] p1a: Ogerpon
|move|p2a: El Stromboli|Earth Power|p1a: Ogerpon
|-damage|p1a: Ogerpon|19/100
|-unboost|p1a: Ogerpon|spd|1
|
|upkeep
|turn|26
|
|t:|1779697006
|move|p1a: Ogerpon|Knock Off|p2a: El Stromboli
|-damage|p2a: El Stromboli|6/100
|move|p2a: El Stromboli|Earth Power|p1a: Ogerpon
|-damage|p1a: Ogerpon|0 fnt
|faint|p1a: Ogerpon
|detailschange|p1: Ogerpon|Ogerpon-Wellspring, F|[silent]
|
|win|arataomega1
|raw|alidadccc's rating: 1354 &rarr; <strong>1333</strong><br />(-21 for losing)
|raw|arataomega1's rating: 1345 &rarr; <strong>1366</strong><br />(+21 for winning)
|l|☆alidadccc
|player|p1|
|l|☆arataomega1
|player|p2|
