|j|☆ChickenJockey121
|j|☆soulesstm303
|t:|1779646218
|gametype|singles
|player|p1|ChickenJockey121|2|1107
|player|p2|soulesstm303|dawn|1114
|gen|9
|tier|[Gen 9] OU
|rated|
|rule|HP Percentage Mod: HP is shown in percentages
|rule|Endless Battle Clause: Forcing endless battles is banned
|rule|Species Clause: Limit one of each Pokémon
|rule|OHKO Clause: OHKO moves are banned
|rule|Evasion Items Clause: Evasion items are banned
|rule|Evasion Moves Clause: Evasion moves are banned
|rule|Evasion Abilities Clause: Evasion abilities are banned
|rule|Sleep Moves Clause: Sleep-inducing moves are banned
|clearpoke
|poke|p1|Primarina, M|
|poke|p1|Pawmot, F|
|poke|p1|Frosmoth, F|
|poke|p1|Lokix, F|
|poke|p1|Bombirdier, M|
|poke|p1|Revavroom, F|
|poke|p2|Zoroark, F|
|poke|p2|Araquanid, M|
|poke|p2|Ninetales, F|
|poke|p2|Ambipom, F|
|poke|p2|Bellibolt, M|
|poke|p2|Venusaur, M|
|teampreview
|
|t:|1779646231
|teamsize|p1|6
|teamsize|p2|6
|start
|switch|p1a: Primarina|Primarina, M, shiny|100/100
|switch|p2a: Ambipom|Ambipom, F|100/100
|turn|1
|
|t:|1779646241
|move|p2a: Ambipom|Fake Out|p1a: Primarina
|-damage|p1a: Primarina|64/100
|cant|p1a: Primarina|flinch
|
|upkeep
|turn|2
|
|t:|1779646246
|move|p2a: Ambipom|U-turn|p1a: Primarina
|-resisted|p1a: Primarina
|-damage|p1a: Primarina|52/100
|
|t:|1779646250
|switch|p2a: Araquanid|Araquanid, M|100/100|[from] U-turn
|move|p1a: Primarina|Moonblast|p2a: Araquanid
|-damage|p2a: Araquanid|38/100
|
|upkeep
|turn|3
|
|t:|1779646265
|move|p1a: Primarina|Moonblast|p2a: Araquanid
|-damage|p2a: Araquanid|0 fnt
|faint|p2a: Araquanid
|
|upkeep
|
|t:|1779646268
|switch|p2a: Ninetales|Ninetales, F|100/100
|-weather|SunnyDay|[from] ability: Drought|[of] p2a: Ninetales
|turn|4
|
|t:|1779646279
|switch|p1a: Pawmot|Pawmot, F, shiny|100/100
|move|p2a: Ninetales|Energy Ball|p1a: Pawmot
|-damage|p1a: Pawmot|59/100
|
|-weather|SunnyDay|[upkeep]
|upkeep
|turn|5
|
|t:|1779646288
|move|p1a: Pawmot|Double Shock|p2a: Ninetales
|-damage|p2a: Ninetales|13/100
|-start|p1a: Pawmot|typechange|???/Fighting|[from] move: Double Shock
|move|p2a: Ninetales|Flamethrower|p1a: Pawmot
|-damage|p1a: Pawmot|0 fnt
|faint|p1a: Pawmot
|
|-weather|SunnyDay|[upkeep]
|upkeep
|
|t:|1779646297
|switch|p1a: Lokix|Lokix, F, shiny|100/100
|turn|6
|
|t:|1779646305
|switch|p2a: Bellibolt|Bellibolt, M|100/100
|move|p1a: Lokix|First Impression|p2a: Bellibolt
|-damage|p2a: Bellibolt|46/100
|-start|p2a: Bellibolt|Charge|First Impression|[from] ability: Electromorphosis
|
|-weather|SunnyDay|[upkeep]
|upkeep
|turn|7
|inactive|Battle timer is ON: inactive players will automatically lose when time's up. (requested by soulesstm303)
|
|t:|1779646336
|switch|p1a: Revavroom|Revavroom, F, shiny|100/100
|-item|p1a: Revavroom|Air Balloon
|move|p2a: Bellibolt|Parabolic Charge|p1a: Revavroom
|-damage|p1a: Revavroom|9/100
|-heal|p2a: Bellibolt|79/100|[from] drain|[of] p1a: Revavroom
|-enditem|p1a: Revavroom|Air Balloon
|-end|p2a: Bellibolt|Charge|[silent]
|
|-weather|SunnyDay|[upkeep]
|upkeep
|turn|8
|
|t:|1779646350
|move|p1a: Revavroom|High Horsepower|p2a: Bellibolt
|-supereffective|p2a: Bellibolt
|-damage|p2a: Bellibolt|21/100
|-start|p2a: Bellibolt|Charge|High Horsepower|[from] ability: Electromorphosis
|move|p2a: Bellibolt|Weather Ball|p1a: Revavroom
|-supereffective|p1a: Revavroom
|-damage|p1a: Revavroom|0 fnt
|faint|p1a: Revavroom
|
|-weather|SunnyDay|[upkeep]
|upkeep
|
|t:|1779646362
|switch|p1a: Lokix|Lokix, F, shiny|100/100
|turn|9
|
|t:|1779646370
|move|p1a: Lokix|First Impression|p2a: Bellibolt
|-damage|p2a: Bellibolt|0 fnt
|faint|p2a: Bellibolt
|
|-weather|SunnyDay|[upkeep]
|upkeep
|
|t:|1779646372
|switch|p2a: Ninetales|Ninetales, F|100/100
|turn|10
|
|t:|1779646376
|switch|p1a: Primarina|Primarina, M, shiny|52/100
|move|p2a: Ninetales|Nasty Plot|p2a: Ninetales
|-boost|p2a: Ninetales|spa|2
|
|-weather|SunnyDay|[upkeep]
|upkeep
|turn|11
|
|t:|1779646389
|move|p2a: Ninetales|Sludge Bomb|p1a: Primarina
|-supereffective|p1a: Primarina
|-damage|p1a: Primarina|0 fnt
|faint|p1a: Primarina
|
|-weather|none
|upkeep
|inactive|ChickenJockey121 has 120 seconds left.
|
|t:|1779646428
|switch|p1a: Frosmoth|Frosmoth, F, shiny|100/100
|turn|12
|
|t:|1779646445
|switch|p1a: Bombirdier|Bombirdier, M, shiny|100/100
|move|p2a: Ninetales|Flamethrower|p1a: Bombirdier
|-damage|p1a: Bombirdier|24/100
|
|upkeep
|turn|13
|
|t:|1779646453
|move|p2a: Ninetales|Flamethrower|p1a: Bombirdier
|-damage|p1a: Bombirdier|0 fnt
|faint|p1a: Bombirdier
|
|upkeep
|
|t:|1779646461
|switch|p1a: Lokix|Lokix, F, shiny|100/100
|turn|14
|
|t:|1779646467
|move|p2a: Ninetales|Flamethrower|p1a: Lokix
|-supereffective|p1a: Lokix
|-damage|p1a: Lokix|0 fnt
|faint|p1a: Lokix
|
|upkeep
|
|t:|1779646472
|switch|p1a: Frosmoth|Frosmoth, F, shiny|100/100
|turn|15
|
|t:|1779646478
|move|p2a: Ninetales|Flamethrower|p1a: Frosmoth
|-supereffective|p1a: Frosmoth
|-damage|p1a: Frosmoth|0 fnt
|faint|p1a: Frosmoth
|
|win|soulesstm303
|raw|ChickenJockey121's rating: 1107 &rarr; <strong>1083</strong><br />(-24 for losing)
|raw|soulesstm303's rating: 1114 &rarr; <strong>1138</strong><br />(+24 for winning)
