|j|☆R0cK Bottom
|j|☆Ballerr
|t:|1779687169
|gametype|singles
|player|p1|R0cK Bottom|cliff|1388
|player|p2|Ballerr|miku-ground|1454
|gen|9
|tier|[Gen 9] OU
|rated|
|rule|HP Percentage Mod: HP is shown in percentages
|rule|Endless Battle Clause: Forcing endless battles is banned
|rule|Species Clause: Limit one of each Pokémon
|rule|OHKO Clause: OHKO moves are banned
|rule|Evasion Items Clause: Evasion items are banned
|rule|Evasion Moves Clause: Evasion moves are banned
|rule|Evasion Abilities Clause: Evasion abilities are banned
|rule|Sleep Moves Clause: Sleep-inducing moves are banned
|clearpoke
|poke|p1|Iron Valiant|
|poke|p1|Dragonite, M|
|poke|p1|Gholdengo|
|poke|p1|Darkrai|
|poke|p1|Excadrill, M|
|poke|p1|Ogerpon-Wellspring, F|
|poke|p2|Entei|
|poke|p2|Gliscor, M|
|poke|p2|Great Tusk|
|poke|p2|Dragapult, M|
|poke|p2|Samurott-Hisui, F|
|poke|p2|Weezing-Galar, M|
|teampreview
|
|t:|1779687204
|teamsize|p1|6
|teamsize|p2|6
|start
|switch|p1a: Excadrill|Excadrill, M, shiny|100/100
|switch|p2a: Dragapult|Dragapult, M|100/100
|turn|1
|
|t:|1779687221
|move|p2a: Dragapult|Will-O-Wisp|p1a: Excadrill|[miss]
|-miss|p2a: Dragapult|p1a: Excadrill
|move|p1a: Excadrill|Stealth Rock|p2a: Dragapult
|-sidestart|p2: Ballerr|move: Stealth Rock
|
|upkeep
|turn|2
|
|t:|1779687234
|move|p2a: Dragapult|Will-O-Wisp|p1a: Excadrill
|-status|p1a: Excadrill|brn
|move|p1a: Excadrill|Earthquake|p2a: Dragapult
|-damage|p2a: Dragapult|67/100
|
|-damage|p1a: Excadrill|94/100 brn|[from] brn
|upkeep
|turn|3
|inactive|Battle timer is ON: inactive players will automatically lose when time's up. (requested by R0cK Bottom)
|
|t:|1779687250
|move|p2a: Dragapult|U-turn|p1a: Excadrill
|-resisted|p1a: Excadrill
|-damage|p1a: Excadrill|80/100 brn
|
|t:|1779687255
|switch|p2a: Great Tusk|Great Tusk|100/100|[from] U-turn
|move|p1a: Excadrill|Earthquake|p2a: Great Tusk
|-damage|p2a: Great Tusk|83/100
|
|-damage|p1a: Excadrill|74/100 brn|[from] brn
|upkeep
|turn|4
|
|t:|1779687264
|switch|p1a: Gholdengo|Gholdengo, shiny|100/100
|-item|p1a: Gholdengo|Air Balloon
|move|p2a: Great Tusk|Ice Spinner|p1a: Gholdengo
|-resisted|p1a: Gholdengo
|-damage|p1a: Gholdengo|85/100
|-enditem|p1a: Gholdengo|Air Balloon
|
|upkeep
|turn|5
|
|t:|1779687273
|switch|p1a: Ogerpon|Ogerpon-Wellspring, F|100/100
|move|p2a: Great Tusk|Headlong Rush|p1a: Ogerpon
|-resisted|p1a: Ogerpon
|-damage|p1a: Ogerpon|66/100
|-unboost|p2a: Great Tusk|def|1
|-unboost|p2a: Great Tusk|spd|1
|
|upkeep
|turn|6
|
|t:|1779687283
|-end|p2a: Great Tusk|Protosynthesis|[silent]
|switch|p2a: Weezing|Weezing-Galar, M|100/100
|-ability|p2a: Weezing|Neutralizing Gas
|move|p1a: Ogerpon|Ivy Cudgel|p2a: Weezing|[anim] Ivy Cudgel Water
|-damage|p2a: Weezing|64/100
|
|upkeep
|turn|7
|
|t:|1779687301
|switch|p1a: Gholdengo|Gholdengo, shiny|85/100
|-terastallize|p2a: Weezing|Grass
|move|p2a: Weezing|Defog|p1a: Gholdengo
|-unboost|p1a: Gholdengo|evasion|1
|-sideend|p2: Ballerr|Stealth Rock|[from] move: Defog|[of] p2a: Weezing
|
|upkeep
|turn|8
|
|t:|1779687321
|-end|p2a: Weezing|ability: Neutralizing Gas
|switch|p2a: Entei|Entei|100/100
|move|p1a: Gholdengo|Shadow Ball|p2a: Entei
|-damage|p2a: Entei|52/100
|-unboost|p2a: Entei|spd|1
|
|upkeep
|turn|9
|
|t:|1779687332
|switch|p1a: Excadrill|Excadrill, M, shiny|74/100 brn
|move|p2a: Entei|Sacred Fire|p1a: Excadrill
|-supereffective|p1a: Excadrill
|-damage|p1a: Excadrill|0 fnt
|faint|p1a: Excadrill
|
|upkeep
|
|t:|1779687342
|switch|p1a: Ogerpon|Ogerpon-Wellspring, F|66/100
|turn|10
|
|t:|1779687351
|switch|p2a: Weezing|Weezing-Galar, M, tera:Grass|64/100
|-ability|p2a: Weezing|Neutralizing Gas
|move|p1a: Ogerpon|Ivy Cudgel|p2a: Weezing|[anim] Ivy Cudgel Water
|-resisted|p2a: Weezing
|-damage|p2a: Weezing|45/100
|
|upkeep
|turn|11
|
|t:|1779687362
|move|p1a: Ogerpon|U-turn|p2a: Weezing
|-supereffective|p2a: Weezing
|-damage|p2a: Weezing|11/100
|
|t:|1779687366
|switch|p1a: Gholdengo|Gholdengo, shiny|85/100|[from] U-turn
|move|p2a: Weezing|Toxic Spikes|p1a: Gholdengo
|-sidestart|p1: R0cK Bottom|move: Toxic Spikes
|
|upkeep
|turn|12
|
|t:|1779687376
|-end|p2a: Weezing|ability: Neutralizing Gas
|switch|p2a: Samurott|Samurott-Hisui, F|100/100
|move|p1a: Gholdengo|Dazzling Gleam|p2a: Samurott
|-supereffective|p2a: Samurott
|-damage|p2a: Samurott|61/100
|
|upkeep
|turn|13
|
|t:|1779687390
|-terastallize|p1a: Gholdengo|Fairy
|move|p1a: Gholdengo|Dazzling Gleam|p2a: Samurott
|-supereffective|p2a: Samurott
|-damage|p2a: Samurott|0 fnt
|faint|p2a: Samurott
|
|upkeep
|inactive|Ballerr has 120 seconds left.
|
|t:|1779687431
|switch|p2a: Gliscor|Gliscor, M|100/100
|turn|14
|
|t:|1779687442
|move|p1a: Gholdengo|Nasty Plot|p1a: Gholdengo
|-boost|p1a: Gholdengo|spa|2
|move|p2a: Gliscor|Swords Dance|p2a: Gliscor
|-boost|p2a: Gliscor|atk|2
|
|-status|p2a: Gliscor|tox|[from] item: Toxic Orb
|upkeep
|turn|15
|inactive|Ballerr has 120 seconds left.
|
|t:|1779687451
|switch|p2a: Weezing|Weezing-Galar, M, tera:Grass|11/100
|-ability|p2a: Weezing|Neutralizing Gas
|move|p1a: Gholdengo|Make It Rain|p2a: Weezing
|-crit|p2a: Weezing
|-damage|p2a: Weezing|0 fnt
|-unboost|p1a: Gholdengo|spa|1
|faint|p2a: Weezing
|-end|p2a: Weezing|ability: Neutralizing Gas
|
|upkeep
|inactive|Ballerr has 120 seconds left.
|
|t:|1779687460
|switch|p2a: Gliscor|Gliscor, M|100/100 tox
|turn|16
|
|t:|1779687466
|move|p1a: Gholdengo|Shadow Ball|p2a: Gliscor
|-damage|p2a: Gliscor|50/100 tox
|move|p2a: Gliscor|Facade|p1a: Gholdengo
|-damage|p1a: Gholdengo|49/100
|
|-heal|p2a: Gliscor|62/100 tox|[from] ability: Poison Heal
|upkeep
|turn|17
|
|t:|1779687475
|move|p1a: Gholdengo|Make It Rain|p2a: Gliscor
|-damage|p2a: Gliscor|0 fnt
|-unboost|p1a: Gholdengo|spa|1
|faint|p2a: Gliscor
|
|upkeep
|
|t:|1779687480
|switch|p2a: Entei|Entei|52/100
|turn|18
|
|t:|1779687485
|switch|p1a: Dragonite|Dragonite, M, shiny|100/100
|move|p2a: Entei|Sacred Fire|p1a: Dragonite
|-resisted|p1a: Dragonite
|-damage|p1a: Dragonite|79/100
|
|upkeep
|turn|19
|
|t:|1779687501
|switch|p2a: Great Tusk|Great Tusk|83/100
|move|p1a: Dragonite|Earthquake|p2a: Great Tusk
|-damage|p2a: Great Tusk|58/100
|
|upkeep
|turn|20
|
|t:|1779687510
|switch|p1a: Gholdengo|Gholdengo, shiny, tera:Fairy|49/100
|-status|p1a: Gholdengo|psn
|move|p2a: Great Tusk|Rapid Spin|p1a: Gholdengo
|-damage|p1a: Gholdengo|33/100 psn
|-boost|p2a: Great Tusk|spe|1
|
|-damage|p1a: Gholdengo|20/100 psn|[from] psn
|upkeep
|turn|21
|
|t:|1779687527
|move|p2a: Great Tusk|Ice Spinner|p1a: Gholdengo
|-crit|p1a: Gholdengo
|-damage|p1a: Gholdengo|0 fnt
|faint|p1a: Gholdengo
|
|upkeep
|
|t:|1779687533
|switch|p1a: Iron Valiant|Iron Valiant, shiny|100/100
|-status|p1a: Iron Valiant|psn
|-enditem|p1a: Iron Valiant|Booster Energy
|-activate|p1a: Iron Valiant|ability: Quark Drive|[fromitem]
|-start|p1a: Iron Valiant|quarkdrivespe
|turn|22
|inactive|Ballerr has 120 seconds left.
|
|t:|1779687565
|move|p1a: Iron Valiant|Moonblast|p2a: Great Tusk
|-supereffective|p2a: Great Tusk
|-damage|p2a: Great Tusk|0 fnt
|faint|p2a: Great Tusk
|-end|p2a: Great Tusk|Protosynthesis|[silent]
|
|-damage|p1a: Iron Valiant|88/100 psn|[from] psn
|upkeep
|
|t:|1779687567
|switch|p2a: Entei|Entei|52/100
|turn|23
|inactive|Ballerr has 120 seconds left.
|
|t:|1779687587
|move|p1a: Iron Valiant|Close Combat|p2a: Entei
|-damage|p2a: Entei|0 fnt
|-unboost|p1a: Iron Valiant|def|1
|-unboost|p1a: Iron Valiant|spd|1
|faint|p2a: Entei
|
|-damage|p1a: Iron Valiant|76/100 psn|[from] psn
|upkeep
|
|t:|1779687591
|switch|p2a: Dragapult|Dragapult, M|67/100
|turn|24
|-message|Ballerr forfeited.
|
|win|R0cK Bottom
|raw|R0cK Bottom's rating: 1388 &rarr; <strong>1412</strong><br />(+24 for winning)
|raw|Ballerr's rating: 1454 &rarr; <strong>1430</strong><br />(-24 for losing)
|l|☆Ballerr
|player|p2|
|l|☆R0cK Bottom
|player|p1|
|j|☆R0cK Bottom
|player|p1|R0cK Bottom|cliff|
