|j|☆Notater517
|j|☆LettuceLeaf07
|t:|1779662531
|gametype|singles
|player|p1|Notater517|wattson|
|player|p2|LettuceLeaf07|acetrainer-gen7|
|gen|9
|tier|[Gen 9] OU
|rule|HP Percentage Mod: HP is shown in percentages
|rule|Endless Battle Clause: Forcing endless battles is banned
|rule|Species Clause: Limit one of each Pokémon
|rule|OHKO Clause: OHKO moves are banned
|rule|Evasion Items Clause: Evasion items are banned
|rule|Evasion Moves Clause: Evasion moves are banned
|rule|Evasion Abilities Clause: Evasion abilities are banned
|rule|Sleep Moves Clause: Sleep-inducing moves are banned
|clearpoke
|poke|p1|Cresselia, F|
|poke|p1|Walking Wake|
|poke|p1|Ninetales, F|
|poke|p1|Slither Wing|
|poke|p1|Great Tusk|
|poke|p1|Raging Bolt|
|poke|p2|Ogerpon-Wellspring, F|
|poke|p2|Blaziken, M|
|poke|p2|Darkrai|
|poke|p2|Raging Bolt|
|poke|p2|Deoxys-Speed|
|poke|p2|Iron Crown|
|teampreview
|c|☆LettuceLeaf07|gl hf
|j|+BaitWiz
|j|+diegoyuhhi
|j| FakeFan0
|j| Shadow0709
|inactive|Battle timer is ON: inactive players will automatically lose when time's up. (requested by Notater517)
|j|+sleid
|l|+sleid
|j| Wonderful Rainbow
|inactive|LettuceLeaf07 has 270 seconds left.
|j| mrnothingman
|inactive|LettuceLeaf07 has 240 seconds left.
|
|t:|1779662644
|teamsize|p1|6
|teamsize|p2|6
|start
|switch|p1a: Slither Wing|Slither Wing|100/100
|switch|p2a: Deoxys|Deoxys-Speed|100/100
|-ability|p2a: Deoxys|Pressure
|turn|1
|c| mrnothingman|ello
|j|+HiZo
|l| Shadow0709
|
|t:|1779662676
|switch|p2a: Blaziken|Blaziken, M|100/100
|move|p1a: Slither Wing|U-turn|p2a: Blaziken
|-resisted|p2a: Blaziken
|-damage|p2a: Blaziken|86/100
|
|t:|1779662683
|-end|p1a: Slither Wing|Protosynthesis|[silent]
|switch|p1a: Great Tusk|Great Tusk|100/100|[from] U-turn
|
|upkeep
|turn|2
|inactive|LettuceLeaf07 has 270 seconds left.
|
|t:|1779662716
|switch|p2a: Deoxys|Deoxys-Speed|100/100
|-ability|p2a: Deoxys|Pressure
|move|p1a: Great Tusk|Stealth Rock|p2a: Deoxys
|-sidestart|p2: LettuceLeaf07|move: Stealth Rock
|
|upkeep
|turn|3
|inactive|Notater517 has 270 seconds left.
|
|t:|1779662748
|move|p2a: Deoxys|Reflect|p2a: Deoxys
|-sidestart|p2: LettuceLeaf07|Reflect
|move|p1a: Great Tusk|Headlong Rush|p2a: Deoxys
|-damage|p2a: Deoxys|69/100
|-unboost|p1a: Great Tusk|def|1
|-unboost|p1a: Great Tusk|spd|1
|-enditem|p1a: Great Tusk|Eject Pack
|inactive|Notater517 has 270 seconds left.
|l| Wonderful Rainbow
|
|t:|1779662761
|-end|p1a: Great Tusk|Protosynthesis|[silent]
|switch|p1a: Slither Wing|Slither Wing|100/100
|
|upkeep
|turn|4
|j|+OranBerryBlissey10
|inactive|LettuceLeaf07 has 270 seconds left.
|j| pv2094
|
|t:|1779662802
|move|p2a: Deoxys|Stealth Rock|p1a: Slither Wing
|-sidestart|p1: Notater517|move: Stealth Rock
|move|p1a: Slither Wing|U-turn|p2a: Deoxys
|-supereffective|p2a: Deoxys
|-damage|p2a: Deoxys|20/100
|inactive|Notater517 has 270 seconds left.
|j| Shadow0709
|inactive|Notater517 has 240 seconds left.
|
|t:|1779662853
|-end|p1a: Slither Wing|Protosynthesis|[silent]
|switch|p1a: Great Tusk|Great Tusk|100/100|[from] U-turn
|-damage|p1a: Great Tusk|97/100|[from] Stealth Rock
|
|upkeep
|turn|5
|
|t:|1779662856
|switch|p2a: Alice|Ogerpon-Wellspring, F|100/100
|-damage|p2a: Alice|88/100|[from] Stealth Rock
|-terastallize|p1a: Great Tusk|Ground
|move|p1a: Great Tusk|Rapid Spin|p2a: Alice
|-damage|p2a: Alice|80/100
|-boost|p1a: Great Tusk|spe|1
|-sideend|p1: Notater517|Stealth Rock|[from] move: Rapid Spin|[of] p1a: Great Tusk
|
|upkeep
|turn|6
|j|+LainAvista
|inactive|LettuceLeaf07 has 240 seconds left.
|inactive|LettuceLeaf07 has 210 seconds left.
|
|t:|1779662926
|-end|p1a: Great Tusk|Protosynthesis|[silent]
|switch|p1a: Raging Bolt|Raging Bolt|100/100
|move|p2a: Alice|Swords Dance|p2a: Alice
|-boost|p2a: Alice|atk|2
|
|upkeep
|turn|7
|
|t:|1779662929
|move|p2a: Alice|Play Rough|p1a: Raging Bolt
|-supereffective|p1a: Raging Bolt
|-damage|p1a: Raging Bolt|0 fnt
|faint|p1a: Raging Bolt
|-end|p1a: Raging Bolt|Protosynthesis|[silent]
|
|upkeep
|j| S3b4s7i4n‽
|inactive|Notater517 has 240 seconds left.
|l| S3b4s7i4n‽
|inactive|Notater517 has 210 seconds left.
|
|t:|1779662980
|switch|p1a: Ninetales|Ninetales, F|100/100
|-weather|SunnyDay|[from] ability: Drought|[of] p1a: Ninetales
|turn|8
|inactive|Notater517 has 210 seconds left.
|l|+LainAvista
|inactive|LettuceLeaf07 has 210 seconds left.
|j|+LainAvista
|
|t:|1779663023
|switch|p1a: Walking Wake|Walking Wake|100/100
|-activate|p1a: Walking Wake|ability: Protosynthesis
|-start|p1a: Walking Wake|protosynthesisspe
|move|p2a: Alice|Trailblaze|p1a: Walking Wake
|-damage|p1a: Walking Wake|36/100
|-boost|p2a: Alice|spe|1
|
|-weather|SunnyDay|[upkeep]
|upkeep
|turn|9
|
|t:|1779663036
|-terastallize|p2a: Alice|Water
|detailschange|p2a: Alice|Ogerpon-Wellspring-Tera, F, tera:Water
|-ability|p2a: Alice|Embody Aspect (Wellspring)|boost
|-boost|p2a: Alice|spd|1
|move|p1a: Walking Wake|Draco Meteor|p2a: Alice
|-damage|p2a: Alice|0 fnt
|-unboost|p1a: Walking Wake|spa|2
|faint|p2a: Alice
|detailschange|p2: Alice|Ogerpon-Wellspring, F|[silent]
|
|-weather|SunnyDay|[upkeep]
|upkeep
|inactive|LettuceLeaf07 has 180 seconds left.
|j| Elissem
|inactive|LettuceLeaf07 has 150 seconds left.
|l|+LainAvista
|inactive|LettuceLeaf07 has 120 seconds left.
|j|+LainAvista
|
|t:|1779663124
|switch|p2a: Iron Crown|Iron Crown|100/100
|-damage|p2a: Iron Crown|94/100|[from] Stealth Rock
|-enditem|p2a: Iron Crown|Booster Energy
|-activate|p2a: Iron Crown|ability: Quark Drive|[fromitem]
|-start|p2a: Iron Crown|quarkdrivespe
|turn|10
|inactive|Notater517 has 210 seconds left.
|inactive|LettuceLeaf07 has 90 seconds left.
|
|t:|1779663155
|-end|p1a: Walking Wake|Protosynthesis|[silent]
|switch|p1a: Ninetales|Ninetales, F|100/100
|move|p2a: Iron Crown|Calm Mind|p2a: Iron Crown
|-boost|p2a: Iron Crown|spa|1
|-boost|p2a: Iron Crown|spd|1
|
|-weather|SunnyDay|[upkeep]
|-sideend|p2: LettuceLeaf07|Reflect
|upkeep
|turn|11
|inactive|LettuceLeaf07 has 90 seconds left.
|j|+Cazenovia
|
|t:|1779663177
|move|p2a: Iron Crown|Psychic Noise|p1a: Ninetales
|-damage|p1a: Ninetales|49/100
|-start|p1a: Ninetales|move: Heal Block
|move|p1a: Ninetales|Encore|p2a: Iron Crown
|-start|p2a: Iron Crown|Encore
|
|-weather|SunnyDay|[upkeep]
|upkeep
|turn|12
|inactive|Notater517 has 210 seconds left.
|
|t:|1779663193
|switch|p1a: Cresselia|Cresselia, F|100/100
|move|p2a: Iron Crown|Psychic Noise|p1a: Cresselia
|-resisted|p1a: Cresselia
|-damage|p1a: Cresselia|82/100
|
|-weather|SunnyDay|[upkeep]
|upkeep
|turn|13
|
|t:|1779663196
|move|p2a: Iron Crown|Psychic Noise|p1a: Cresselia
|-resisted|p1a: Cresselia
|-damage|p1a: Cresselia|64/100
|move|p1a: Cresselia|Calm Mind|p1a: Cresselia
|-boost|p1a: Cresselia|spa|1
|-boost|p1a: Cresselia|spd|1
|
|-weather|SunnyDay|[upkeep]
|upkeep
|turn|14
|
|t:|1779663204
|-end|p2a: Iron Crown|Quark Drive|[silent]
|switch|p2a: Darkrai|Darkrai|100/100
|-damage|p2a: Darkrai|88/100|[from] Stealth Rock
|move|p1a: Cresselia|Calm Mind|p1a: Cresselia
|-boost|p1a: Cresselia|spa|1
|-boost|p1a: Cresselia|spd|1
|
|-weather|SunnyDay|[upkeep]
|upkeep
|turn|15
|
|t:|1779663208
|move|p2a: Darkrai|Nasty Plot|p2a: Darkrai
|-boost|p2a: Darkrai|spa|2
|move|p1a: Cresselia|Moonlight|p1a: Cresselia
|-heal|p1a: Cresselia|100/100
|
|-weather|none
|upkeep
|turn|16
|
|t:|1779663209
|move|p2a: Darkrai|Dark Pulse|p1a: Cresselia
|-supereffective|p1a: Cresselia
|-damage|p1a: Cresselia|39/100
|move|p1a: Cresselia|Moonblast|p2a: Darkrai
|-supereffective|p2a: Darkrai
|-damage|p2a: Darkrai|0 fnt
|faint|p2a: Darkrai
|
|upkeep
|inactive|LettuceLeaf07 has 120 seconds left.
|
|t:|1779663245
|switch|p2a: Blaziken|Blaziken, M|86/100
|-damage|p2a: Blaziken|73/100|[from] Stealth Rock
|turn|17
|inactive|Notater517 has 240 seconds left.
|
|t:|1779663282
|move|p2a: Blaziken|Flare Blitz|p1a: Cresselia
|-damage|p1a: Cresselia|0 fnt
|faint|p1a: Cresselia
|-damage|p2a: Blaziken|55/100|[from] Recoil
|-damage|p2a: Blaziken|45/100|[from] item: Life Orb
|
|-ability|p2a: Blaziken|Speed Boost|boost
|-boost|p2a: Blaziken|spe|1
|upkeep
|
|t:|1779663286
|switch|p1a: Great Tusk|Great Tusk, tera:Ground|97/100
|turn|18
|l| Shadow0709
|inactive|LettuceLeaf07 has 90 seconds left.
|inactive|LettuceLeaf07 has 60 seconds left.
|
|t:|1779663337
|move|p2a: Blaziken|Close Combat|p1a: Great Tusk
|-damage|p1a: Great Tusk|43/100
|-unboost|p2a: Blaziken|def|1
|-unboost|p2a: Blaziken|spd|1
|-damage|p2a: Blaziken|35/100|[from] item: Life Orb
|move|p1a: Great Tusk|Headlong Rush|p2a: Blaziken
|-supereffective|p2a: Blaziken
|-damage|p2a: Blaziken|0 fnt
|-unboost|p1a: Great Tusk|def|1
|-unboost|p1a: Great Tusk|spd|1
|faint|p2a: Blaziken
|
|upkeep
|
|t:|1779663340
|switch|p2a: Iron Crown|Iron Crown|94/100
|-damage|p2a: Iron Crown|88/100|[from] Stealth Rock
|turn|19
|
|t:|1779663356
|-end|p1a: Great Tusk|Protosynthesis|[silent]
|switch|p1a: Ninetales|Ninetales, F|49/100
|-weather|SunnyDay|[from] ability: Drought|[of] p1a: Ninetales
|move|p2a: Iron Crown|Psychic Noise|p1a: Ninetales
|-damage|p1a: Ninetales|16/100
|-start|p1a: Ninetales|move: Heal Block
|
|-weather|SunnyDay|[upkeep]
|upkeep
|turn|20
|
|t:|1779663367
|move|p1a: Ninetales|Overheat|p2a: Iron Crown
|-supereffective|p2a: Iron Crown
|-damage|p2a: Iron Crown|0 fnt
|-unboost|p1a: Ninetales|spa|2
|faint|p2a: Iron Crown
|-end|p2a: Iron Crown|Quark Drive|[silent]
|
|-weather|SunnyDay|[upkeep]
|-end|p1a: Ninetales|move: Heal Block
|upkeep
|
|t:|1779663371
|switch|p2a: Raging Bolt|Raging Bolt|100/100
|-damage|p2a: Raging Bolt|88/100|[from] Stealth Rock
|-activate|p2a: Raging Bolt|ability: Protosynthesis
|-start|p2a: Raging Bolt|protosynthesisspa
|turn|21
|
|t:|1779663385
|-end|p2a: Raging Bolt|Protosynthesis|[silent]
|switch|p2a: Deoxys|Deoxys-Speed|20/100
|-damage|p2a: Deoxys|7/100|[from] Stealth Rock
|-ability|p2a: Deoxys|Pressure
|move|p1a: Ninetales|Healing Wish|p1a: Ninetales
|faint|p1a: Ninetales
|
|-weather|SunnyDay|[upkeep]
|upkeep
|
|t:|1779663395
|switch|p1a: Slither Wing|Slither Wing|100/100
|-activate|p1a: Slither Wing|ability: Protosynthesis
|-start|p1a: Slither Wing|protosynthesisatk
|turn|22
|
|t:|1779663397
|move|p1a: Slither Wing|First Impression|p2a: Deoxys
|-supereffective|p2a: Deoxys
|-damage|p2a: Deoxys|0 fnt
|faint|p2a: Deoxys
|
|-weather|SunnyDay|[upkeep]
|upkeep
|
|t:|1779663399
|switch|p2a: Raging Bolt|Raging Bolt|88/100
|-damage|p2a: Raging Bolt|76/100|[from] Stealth Rock
|-activate|p2a: Raging Bolt|ability: Protosynthesis
|-start|p2a: Raging Bolt|protosynthesisspa
|turn|23
|
|t:|1779663406
|move|p1a: Slither Wing|U-turn|p2a: Raging Bolt
|-damage|p2a: Raging Bolt|33/100
|
|t:|1779663408
|-end|p1a: Slither Wing|Protosynthesis|[silent]
|switch|p1a: Walking Wake|Walking Wake|36/100|[from] U-turn
|-heal|p1a: Walking Wake|100/100|[from] move: Healing Wish
|-activate|p1a: Walking Wake|ability: Protosynthesis
|-start|p1a: Walking Wake|protosynthesisspe
|move|p2a: Raging Bolt|Calm Mind|p2a: Raging Bolt
|-boost|p2a: Raging Bolt|spa|1
|-boost|p2a: Raging Bolt|spd|1
|
|-weather|SunnyDay|[upkeep]
|upkeep
|turn|24
|
|t:|1779663411
|move|p2a: Raging Bolt|Thunderclap|p1a: Walking Wake
|-damage|p1a: Walking Wake|5/100
|move|p1a: Walking Wake|Dragon Pulse|p2a: Raging Bolt
|-supereffective|p2a: Raging Bolt
|-damage|p2a: Raging Bolt|0 fnt
|faint|p2a: Raging Bolt
|-end|p2a: Raging Bolt|Protosynthesis|[silent]
|
|win|Notater517
|c|☆Notater517|g
|c|☆Notater517|gg
|c|☆LettuceLeaf07|gg
|l|+diegoyuhhi
|c|+Cazenovia|lfg
|l|+HiZo
|l| mrnothingman
|l|+Cazenovia
|l|+OranBerryBlissey10
|l|+LainAvista
|l| FakeFan0
