|j|☆texett
|j|☆chessmaster 2000
|t:|1779684126
|gametype|singles
|player|p1|texett|lady|1405
|player|p2|chessmaster 2000|firebreather|1360
|gen|9
|tier|[Gen 9] OU
|rated|
|rule|HP Percentage Mod: HP is shown in percentages
|rule|Endless Battle Clause: Forcing endless battles is banned
|rule|Species Clause: Limit one of each Pokémon
|rule|OHKO Clause: OHKO moves are banned
|rule|Evasion Items Clause: Evasion items are banned
|rule|Evasion Moves Clause: Evasion moves are banned
|rule|Evasion Abilities Clause: Evasion abilities are banned
|rule|Sleep Moves Clause: Sleep-inducing moves are banned
|clearpoke
|poke|p1|Slither Wing|
|poke|p1|Meowscarada, F|
|poke|p1|Magnezone|
|poke|p1|Glimmora, M|
|poke|p1|Dragonite, M|
|poke|p1|Kilowattrel, F|
|poke|p2|Braviary-Hisui, M|
|poke|p2|Zamazenta-*|
|poke|p2|Raging Bolt|
|poke|p2|Hatterene, F|
|poke|p2|Gholdengo|
|poke|p2|Darkrai|
|teampreview
|inactive|Battle timer is ON: inactive players will automatically lose when time's up. (requested by chessmaster 2000)
|inactive|texett also wants the timer to be on.
|
|t:|1779684136
|teamsize|p1|6
|teamsize|p2|6
|start
|switch|p1a: Kilowattrel|Kilowattrel, F, shiny|100/100
|switch|p2a: Zamazenta|Zamazenta|100/100
|-ability|p2a: Zamazenta|Dauntless Shield|boost
|-boost|p2a: Zamazenta|def|1
|turn|1
|
|t:|1779684144
|switch|p2a: Raging Bolt|Raging Bolt|100/100
|-enditem|p2a: Raging Bolt|Booster Energy
|-activate|p2a: Raging Bolt|ability: Protosynthesis|[fromitem]
|-start|p2a: Raging Bolt|protosynthesisspa
|switch|p1a: Glimmora|Glimmora, M, shiny|100/100
|
|upkeep
|turn|2
|
|t:|1779684154
|switch|p1a: Magnezone|Magnezone|100/100
|move|p2a: Raging Bolt|Thunderbolt|p1a: Magnezone
|-resisted|p1a: Magnezone
|-damage|p1a: Magnezone|56/100
|
|upkeep
|turn|3
|
|t:|1779684163
|move|p2a: Raging Bolt|Calm Mind|p2a: Raging Bolt
|-boost|p2a: Raging Bolt|spa|1
|-boost|p2a: Raging Bolt|spd|1
|move|p1a: Magnezone|Volt Switch|p2a: Raging Bolt
|-resisted|p2a: Raging Bolt
|-damage|p2a: Raging Bolt|92/100
|
|t:|1779684166
|switch|p1a: Dragonite|Dragonite, M, shiny|100/100|[from] Volt Switch
|
|upkeep
|turn|4
|
|t:|1779684171
|move|p1a: Dragonite|Encore|p2a: Raging Bolt
|-start|p2a: Raging Bolt|Encore
|move|p2a: Raging Bolt|Calm Mind|p2a: Raging Bolt
|-boost|p2a: Raging Bolt|spa|1
|-boost|p2a: Raging Bolt|spd|1
|
|upkeep
|turn|5
|
|t:|1779684180
|-end|p2a: Raging Bolt|Protosynthesis|[silent]
|switch|p2a: Hatterene|Hatterene, F|100/100
|move|p1a: Dragonite|Air Slash|p2a: Hatterene
|-crit|p2a: Hatterene
|-damage|p2a: Hatterene|59/100
|
|-heal|p2a: Hatterene|65/100|[from] item: Leftovers
|upkeep
|turn|6
|
|t:|1779684186
|switch|p1a: Kilowattrel|Kilowattrel, F, shiny|100/100
|move|p2a: Hatterene|Nuzzle|p1a: Kilowattrel
|-immune|p1a: Kilowattrel|[from] ability: Volt Absorb
|
|-heal|p2a: Hatterene|71/100|[from] item: Leftovers
|upkeep
|turn|7
|
|t:|1779684194
|move|p1a: Kilowattrel|Discharge|p2a: Hatterene
|-damage|p2a: Hatterene|32/100
|move|p2a: Hatterene|Draining Kiss|p1a: Kilowattrel
|-damage|p1a: Kilowattrel|61/100
|-heal|p2a: Hatterene|59/100|[from] drain|[of] p1a: Kilowattrel
|
|-heal|p2a: Hatterene|65/100|[from] item: Leftovers
|upkeep
|turn|8
|
|t:|1779684203
|switch|p2a: Raging Bolt|Raging Bolt|92/100
|move|p1a: Kilowattrel|Discharge|p2a: Raging Bolt
|-resisted|p2a: Raging Bolt
|-damage|p2a: Raging Bolt|83/100
|
|upkeep
|turn|9
|
|t:|1779684208
|-terastallize|p1a: Kilowattrel|Fairy
|move|p1a: Kilowattrel|Roost|p1a: Kilowattrel
|-heal|p1a: Kilowattrel|100/100
|move|p2a: Raging Bolt|Dragon Pulse|p1a: Kilowattrel
|-immune|p1a: Kilowattrel
|
|upkeep
|turn|10
|
|t:|1779684234
|-end|p2a: Raging Bolt|Protosynthesis|[silent]
|switch|p2a: Braviary|Braviary-Hisui, M, shiny|100/100
|move|p1a: Kilowattrel|Hurricane|p2a: Braviary|[miss]
|-miss|p1a: Kilowattrel|p2a: Braviary
|
|upkeep
|turn|11
|
|t:|1779684240
|move|p1a: Kilowattrel|Discharge|p2a: Braviary
|-supereffective|p2a: Braviary
|-damage|p2a: Braviary|21/100
|move|p2a: Braviary|Esper Wing|p1a: Kilowattrel
|-damage|p1a: Kilowattrel|48/100
|-boost|p2a: Braviary|spe|1
|
|upkeep
|turn|12
|
|t:|1779684262
|move|p1a: Kilowattrel|Discharge|p2a: Braviary
|-supereffective|p2a: Braviary
|-damage|p2a: Braviary|0 fnt
|faint|p2a: Braviary
|
|upkeep
|
|t:|1779684268
|switch|p2a: Darkrai|Darkrai|100/100
|turn|13
|
|t:|1779684273
|switch|p1a: Magnezone|Magnezone|56/100
|move|p2a: Darkrai|Sludge Bomb|p1a: Magnezone
|-immune|p1a: Magnezone
|
|upkeep
|turn|14
|
|t:|1779684276
|move|p2a: Darkrai|Dark Pulse|p1a: Magnezone
|-damage|p1a: Magnezone|0 fnt
|faint|p1a: Magnezone
|
|upkeep
|
|t:|1779684285
|switch|p1a: Dragonite|Dragonite, M, shiny|100/100
|turn|15
|
|t:|1779684287
|move|p2a: Darkrai|Ice Beam|p1a: Dragonite
|-supereffective|p1a: Dragonite
|-crit|p1a: Dragonite
|-damage|p1a: Dragonite|21/100
|move|p1a: Dragonite|Thunder Wave|p2a: Darkrai
|-status|p2a: Darkrai|par
|
|upkeep
|turn|16
|
|t:|1779684293
|move|p1a: Dragonite|Roost|p1a: Dragonite
|-heal|p1a: Dragonite|71/100
|-singleturn|p1a: Dragonite|move: Roost
|move|p2a: Darkrai|Ice Beam|p1a: Dragonite
|-supereffective|p1a: Dragonite
|-damage|p1a: Dragonite|15/100
|
|upkeep
|turn|17
|
|t:|1779684304
|move|p1a: Dragonite|Roost|p1a: Dragonite
|-heal|p1a: Dragonite|65/100
|-singleturn|p1a: Dragonite|move: Roost
|move|p2a: Darkrai|Ice Beam|p1a: Dragonite
|-supereffective|p1a: Dragonite
|-damage|p1a: Dragonite|13/100
|
|upkeep
|turn|18
|
|t:|1779684307
|move|p1a: Dragonite|Roost|p1a: Dragonite
|-heal|p1a: Dragonite|63/100
|-singleturn|p1a: Dragonite|move: Roost
|move|p2a: Darkrai|Ice Beam|p1a: Dragonite
|-supereffective|p1a: Dragonite
|-damage|p1a: Dragonite|9/100
|
|upkeep
|turn|19
|
|t:|1779684310
|move|p1a: Dragonite|Roost|p1a: Dragonite
|-heal|p1a: Dragonite|59/100
|-singleturn|p1a: Dragonite|move: Roost
|move|p2a: Darkrai|Ice Beam|p1a: Dragonite
|-supereffective|p1a: Dragonite
|-damage|p1a: Dragonite|0 fnt
|faint|p1a: Dragonite
|
|upkeep
|
|t:|1779684338
|switch|p1a: Glimmora|Glimmora, M, shiny|100/100
|turn|20
|
|t:|1779684341
|switch|p2a: Hatterene|Hatterene, F|65/100
|move|p1a: Glimmora|Sludge Wave|p2a: Hatterene
|-supereffective|p2a: Hatterene
|-damage|p2a: Hatterene|0 fnt
|faint|p2a: Hatterene
|
|upkeep
|
|t:|1779684346
|switch|p2a: Gholdengo|Gholdengo|100/100
|turn|21
|
|t:|1779684350
|move|p1a: Glimmora|Stealth Rock|p2a: Gholdengo
|-sidestart|p2: chessmaster 2000|move: Stealth Rock
|move|p2a: Gholdengo|Make It Rain|p1a: Glimmora
|-supereffective|p1a: Glimmora
|-damage|p1a: Glimmora|0 fnt
|-unboost|p2a: Gholdengo|spa|1
|faint|p1a: Glimmora
|
|upkeep
|
|t:|1779684354
|switch|p1a: Meowscarada|Meowscarada, F, shiny|100/100
|turn|22
|
|t:|1779684358
|switch|p2a: Zamazenta|Zamazenta|100/100
|-damage|p2a: Zamazenta|94/100|[from] Stealth Rock
|move|p1a: Meowscarada|Shadow Ball|p2a: Zamazenta
|-start|p1a: Meowscarada|typechange|Ghost|[from] ability: Protean
|-damage|p2a: Zamazenta|56/100
|-unboost|p2a: Zamazenta|spd|1
|
|upkeep
|turn|23
|
|t:|1779684363
|move|p2a: Zamazenta|Light Screen|p2a: Zamazenta
|-sidestart|p2: chessmaster 2000|move: Light Screen
|move|p1a: Meowscarada|Shadow Ball|p2a: Zamazenta
|-damage|p2a: Zamazenta|31/100
|
|upkeep
|turn|24
|
|t:|1779684368
|move|p2a: Zamazenta|Reflect|p2a: Zamazenta
|-sidestart|p2: chessmaster 2000|Reflect
|move|p1a: Meowscarada|Shadow Ball|p2a: Zamazenta
|-damage|p2a: Zamazenta|6/100
|
|upkeep
|turn|25
|
|t:|1779684375
|move|p1a: Meowscarada|Shadow Ball|p2a: Zamazenta
|-damage|p2a: Zamazenta|0 fnt
|faint|p2a: Zamazenta
|
|upkeep
|
|t:|1779684383
|switch|p2a: Darkrai|Darkrai|100/100 par
|-damage|p2a: Darkrai|88/100 par|[from] Stealth Rock
|turn|26
|
|t:|1779684397
|switch|p1a: Kilowattrel|Kilowattrel, F, shiny, tera:Fairy|48/100
|cant|p2a: Darkrai|par
|
|-heal|p2a: Darkrai|94/100 par|[from] item: Leftovers
|upkeep
|turn|27
|
|t:|1779684401
|move|p1a: Kilowattrel|Hurricane|p2a: Darkrai|[miss]
|-miss|p1a: Kilowattrel|p2a: Darkrai
|move|p2a: Darkrai|Sludge Bomb|p1a: Kilowattrel
|-supereffective|p1a: Kilowattrel
|-damage|p1a: Kilowattrel|0 fnt
|faint|p1a: Kilowattrel
|
|-heal|p2a: Darkrai|99/100 par|[from] item: Leftovers
|upkeep
|
|t:|1779684404
|switch|p1a: Slither Wing|Slither Wing, shiny|100/100
|-enditem|p1a: Slither Wing|Booster Energy
|-activate|p1a: Slither Wing|ability: Protosynthesis|[fromitem]
|-start|p1a: Slither Wing|protosynthesisspe
|turn|28
|
|t:|1779684408
|move|p1a: Slither Wing|Bulk Up|p1a: Slither Wing
|-boost|p1a: Slither Wing|atk|1
|-boost|p1a: Slither Wing|def|1
|cant|p2a: Darkrai|par
|
|-heal|p2a: Darkrai|100/100 par|[from] item: Leftovers
|upkeep
|turn|29
|
|t:|1779684413
|move|p1a: Slither Wing|Bulk Up|p1a: Slither Wing
|-boost|p1a: Slither Wing|atk|1
|-boost|p1a: Slither Wing|def|1
|cant|p2a: Darkrai|par
|
|upkeep
|turn|30
|
|t:|1779684419
|move|p1a: Slither Wing|Bulk Up|p1a: Slither Wing
|-boost|p1a: Slither Wing|atk|1
|-boost|p1a: Slither Wing|def|1
|move|p2a: Darkrai|Sludge Bomb|p1a: Slither Wing
|-damage|p1a: Slither Wing|72/100
|
|-sideend|p2: chessmaster 2000|move: Light Screen
|upkeep
|turn|31
|
|t:|1779684426
|move|p1a: Slither Wing|Bulk Up|p1a: Slither Wing
|-boost|p1a: Slither Wing|atk|1
|-boost|p1a: Slither Wing|def|1
|move|p2a: Darkrai|Nasty Plot|p2a: Darkrai
|-boost|p2a: Darkrai|spa|2
|
|-sideend|p2: chessmaster 2000|Reflect
|upkeep
|turn|32
|
|t:|1779684428
|move|p1a: Slither Wing|Acrobatics|p2a: Darkrai
|-damage|p2a: Darkrai|0 fnt
|faint|p2a: Darkrai
|
|upkeep
|
|t:|1779684431
|switch|p2a: Gholdengo|Gholdengo|100/100
|-damage|p2a: Gholdengo|94/100|[from] Stealth Rock
|turn|33
|
|t:|1779684433
|-terastallize|p2a: Gholdengo|Steel
|move|p1a: Slither Wing|Earthquake|p2a: Gholdengo
|-supereffective|p2a: Gholdengo
|-damage|p2a: Gholdengo|0 fnt
|faint|p2a: Gholdengo
|
|upkeep
|-message|chessmaster 2000 forfeited.
|
|win|texett
|raw|texett's rating: 1405 &rarr; <strong>1422</strong><br />(+17 for winning)
|raw|chessmaster 2000's rating: 1360 &rarr; <strong>1343</strong><br />(-17 for losing)
|l|☆chessmaster 2000
|player|p2|
|l|☆texett
|player|p1|
