|j|☆the23rdofapril
|j|☆oydess222
|t:|1779617734
|gametype|singles
|player|p1|the23rdofapril|ghetsis|1163
|player|p2|oydess222|266|1181
|gen|9
|tier|[Gen 9] OU
|rated|
|rule|HP Percentage Mod: HP is shown in percentages
|rule|Endless Battle Clause: Forcing endless battles is banned
|rule|Species Clause: Limit one of each Pokémon
|rule|OHKO Clause: OHKO moves are banned
|rule|Evasion Items Clause: Evasion items are banned
|rule|Evasion Moves Clause: Evasion moves are banned
|rule|Evasion Abilities Clause: Evasion abilities are banned
|rule|Sleep Moves Clause: Sleep-inducing moves are banned
|clearpoke
|poke|p1|Gliscor, M|
|poke|p1|Walking Wake|
|poke|p1|Slowking-Galar, F|
|poke|p1|Zamazenta-*|
|poke|p1|Ting-Lu|
|poke|p1|Kingambit, M|
|poke|p2|Pecharunt|
|poke|p2|Ambipom, M|
|poke|p2|Iron Valiant|
|poke|p2|Ogerpon-Wellspring, F|
|poke|p2|Deoxys-Speed|
|poke|p2|Forretress, F|
|teampreview
|inactive|Battle timer is ON: inactive players will automatically lose when time's up. (requested by the23rdofapril)
|
|t:|1779617742
|teamsize|p1|6
|teamsize|p2|6
|start
|switch|p1a: TingtingTingSahur|Ting-Lu|100/100
|switch|p2a: Ambipom|Ambipom, M|100/100
|-ability|p1a: TingtingTingSahur|Vessel of Ruin
|turn|1
|
|t:|1779617753
|move|p2a: Ambipom|Fake Out|p1a: TingtingTingSahur
|-damage|p1a: TingtingTingSahur|88/100
|cant|p1a: TingtingTingSahur|flinch
|
|-heal|p1a: TingtingTingSahur|94/100|[from] item: Leftovers
|upkeep
|turn|2
|
|t:|1779617758
|move|p2a: Ambipom|Triple Axel|p1a: TingtingTingSahur
|-supereffective|p1a: TingtingTingSahur
|-damage|p1a: TingtingTingSahur|85/100
|-supereffective|p1a: TingtingTingSahur
|-damage|p1a: TingtingTingSahur|66/100
|-supereffective|p1a: TingtingTingSahur
|-damage|p1a: TingtingTingSahur|39/100
|-hitcount|p1a: TingtingTingSahur|3
|move|p1a: TingtingTingSahur|Stealth Rock|p2a: Ambipom
|-sidestart|p2: oydess222|move: Stealth Rock
|
|-heal|p1a: TingtingTingSahur|45/100|[from] item: Leftovers
|upkeep
|turn|3
|
|t:|1779617775
|switch|p1a: WaterDawg|Walking Wake|100/100
|move|p2a: Ambipom|Triple Axel|p1a: WaterDawg
|-damage|p1a: WaterDawg|92/100
|-damage|p1a: WaterDawg|72/100
|-damage|p1a: WaterDawg|43/100
|-hitcount|p1a: WaterDawg|3
|
|upkeep
|turn|4
|
|t:|1779617795
|move|p2a: Ambipom|Protect|p2a: Ambipom
|-singleturn|p2a: Ambipom|Protect
|move|p1a: WaterDawg|Draco Meteor|p2a: Ambipom
|-activate|p2a: Ambipom|move: Protect
|
|upkeep
|turn|5
|
|t:|1779617806
|switch|p2a: Iron Valiant|Iron Valiant|100/100
|-damage|p2a: Iron Valiant|94/100|[from] Stealth Rock
|move|p1a: WaterDawg|Draco Meteor|p2a: Iron Valiant
|-immune|p2a: Iron Valiant
|
|upkeep
|turn|6
|
|t:|1779617819
|move|p2a: Iron Valiant|Spirit Break|p1a: WaterDawg
|-supereffective|p1a: WaterDawg
|-damage|p1a: WaterDawg|0 fnt
|faint|p1a: WaterDawg
|-end|p1a: WaterDawg|Protosynthesis|[silent]
|
|upkeep
|
|t:|1779617829
|switch|p1a: ShieldBro|Zamazenta|100/100
|-ability|p1a: ShieldBro|Dauntless Shield|boost
|-boost|p1a: ShieldBro|def|1
|turn|7
|
|t:|1779617845
|-end|p2a: Iron Valiant|Quark Drive|[silent]
|switch|p2a: Forretress|Forretress, F|100/100
|-terastallize|p1a: ShieldBro|Steel
|move|p1a: ShieldBro|Heavy Slam|p2a: Forretress
|-resisted|p2a: Forretress
|-damage|p2a: Forretress|94/100
|
|upkeep
|turn|8
|
|t:|1779617856
|move|p1a: ShieldBro|Close Combat|p2a: Forretress
|-damage|p2a: Forretress|60/100
|-unboost|p1a: ShieldBro|def|1
|-unboost|p1a: ShieldBro|spd|1
|move|p2a: Forretress|Rapid Spin|p1a: ShieldBro
|-resisted|p1a: ShieldBro
|-damage|p1a: ShieldBro|96/100
|-boost|p2a: Forretress|spe|1
|-sideend|p2: oydess222|Stealth Rock|[from] move: Rapid Spin|[of] p2a: Forretress
|
|upkeep
|turn|9
|
|t:|1779617871
|move|p1a: ShieldBro|Stone Edge|p2a: Forretress
|-damage|p2a: Forretress|39/100
|move|p2a: Forretress|Pain Split|p1a: ShieldBro
|-sethp|p1a: ShieldBro|68/100|[from] move: Pain Split|[silent]
|-sethp|p2a: Forretress|66/100|[from] move: Pain Split
|
|upkeep
|turn|10
|
|t:|1779617881
|move|p1a: ShieldBro|Stone Edge|p2a: Forretress
|-crit|p2a: Forretress
|-damage|p2a: Forretress|37/100
|move|p2a: Forretress|Stealth Rock|p1a: ShieldBro
|-sidestart|p1: the23rdofapril|move: Stealth Rock
|
|upkeep
|turn|11
|
|t:|1779617890
|move|p1a: ShieldBro|Close Combat|p2a: Forretress
|-damage|p2a: Forretress|3/100
|-unboost|p1a: ShieldBro|def|1
|-unboost|p1a: ShieldBro|spd|1
|move|p2a: Forretress|Pain Split|p1a: ShieldBro
|-sethp|p1a: ShieldBro|35/100|[from] move: Pain Split|[silent]
|-sethp|p2a: Forretress|34/100|[from] move: Pain Split
|
|upkeep
|turn|12
|c|☆the23rdofapril|ur joking
|c|☆the23rdofapril|ur fucking jokingg
|
|t:|1779617901
|move|p1a: ShieldBro|Close Combat|p2a: Forretress
|-damage|p2a: Forretress|1/100
|-unboost|p1a: ShieldBro|def|1
|-unboost|p1a: ShieldBro|spd|1
|move|p2a: Forretress|Spikes|p1a: ShieldBro
|-sidestart|p1: the23rdofapril|Spikes
|
|upkeep
|turn|13
|c|☆the23rdofapril|ARE WE SERIOUS RN
|
|t:|1779617911
|move|p1a: ShieldBro|Stone Edge|p2a: Forretress
|-damage|p2a: Forretress|0 fnt
|faint|p2a: Forretress
|
|upkeep
|
|t:|1779617914
|switch|p2a: Deoxys|Deoxys-Speed|100/100
|-ability|p2a: Deoxys|Pressure
|turn|14
|
|t:|1779617920
|move|p2a: Deoxys|Psycho Boost|p1a: ShieldBro
|-resisted|p1a: ShieldBro
|-damage|p1a: ShieldBro|0 fnt
|-unboost|p2a: Deoxys|spa|2
|faint|p1a: ShieldBro
|
|upkeep
|
|t:|1779617932
|switch|p1a: TrueGunker|Gliscor, M|100/100
|-damage|p1a: TrueGunker|88/100|[from] Stealth Rock
|turn|15
|
|t:|1779617943
|move|p2a: Deoxys|Ice Beam|p1a: TrueGunker
|-supereffective|p1a: TrueGunker
|-damage|p1a: TrueGunker|32/100
|move|p1a: TrueGunker|Swords Dance|p1a: TrueGunker
|-boost|p1a: TrueGunker|atk|2
|
|-status|p1a: TrueGunker|tox|[from] item: Toxic Orb
|upkeep
|turn|16
|
|t:|1779617951
|move|p1a: TrueGunker|Protect|p1a: TrueGunker
|-singleturn|p1a: TrueGunker|Protect
|move|p2a: Deoxys|Ice Beam|p1a: TrueGunker
|-activate|p1a: TrueGunker|move: Protect
|
|-heal|p1a: TrueGunker|45/100 tox|[from] ability: Poison Heal
|upkeep
|turn|17
|
|t:|1779617959
|move|p1a: TrueGunker|Protect||[still]
|-fail|p1a: TrueGunker
|move|p2a: Deoxys|Ice Beam|p1a: TrueGunker
|-supereffective|p1a: TrueGunker
|-damage|p1a: TrueGunker|0 fnt
|faint|p1a: TrueGunker
|
|upkeep
|
|t:|1779617969
|switch|p1a: ButtPlugHead|Slowking-Galar, F|100/100
|turn|18
|
|t:|1779617977
|switch|p2a: Pecharunt|Pecharunt|100/100
|-prepare|p1a: ButtPlugHead|Chilly Reception|[premajor]
|move|p1a: ButtPlugHead|Chilly Reception|p1a: ButtPlugHead
|-weather|Snowscape
|
|t:|1779617984
|switch|p1a: ClutchMyAss|Kingambit, M|100/100|[from] Chilly Reception
|-damage|p1a: ClutchMyAss|94/100|[from] Stealth Rock
|-damage|p1a: ClutchMyAss|82/100|[from] Spikes
|-activate|p1a: ClutchMyAss|ability: Supreme Overlord
|-start|p1a: ClutchMyAss|fallen3|[silent]
|
|-weather|Snowscape|[upkeep]
|upkeep
|turn|19
|
|t:|1779617994
|switch|p2a: Iron Valiant|Iron Valiant|94/100
|move|p1a: ClutchMyAss|Kowtow Cleave|p2a: Iron Valiant
|-resisted|p2a: Iron Valiant
|-damage|p2a: Iron Valiant|70/100
|
|-weather|Snowscape|[upkeep]
|upkeep
|turn|20
|
|t:|1779618001
|move|p2a: Iron Valiant|Drain Punch|p1a: ClutchMyAss
|-supereffective|p1a: ClutchMyAss
|-damage|p1a: ClutchMyAss|0 fnt
|-heal|p2a: Iron Valiant|100/100|[from] drain|[of] p1a: ClutchMyAss
|faint|p1a: ClutchMyAss
|-end|p1a: ClutchMyAss|fallen3|[silent]
|
|-weather|Snowscape|[upkeep]
|upkeep
|-message|the23rdofapril forfeited.
|
|win|oydess222
|raw|the23rdofapril's rating: 1163 &rarr; <strong>1139</strong><br />(-24 for losing)
|raw|oydess222's rating: 1181 &rarr; <strong>1205</strong><br />(+24 for winning)
|l|☆the23rdofapril
|player|p1|
|l|☆oydess222
|player|p2|
