|j|☆ywdeco
|j|☆IsaiahZX7
|t:|1779620858
|gametype|singles
|player|p1|ywdeco|petrel|1129
|player|p2|IsaiahZX7|cynthia-gen4|1131
|gen|9
|tier|[Gen 9] OU
|rated|
|rule|HP Percentage Mod: HP is shown in percentages
|rule|Endless Battle Clause: Forcing endless battles is banned
|rule|Species Clause: Limit one of each Pokémon
|rule|OHKO Clause: OHKO moves are banned
|rule|Evasion Items Clause: Evasion items are banned
|rule|Evasion Moves Clause: Evasion moves are banned
|rule|Evasion Abilities Clause: Evasion abilities are banned
|rule|Sleep Moves Clause: Sleep-inducing moves are banned
|clearpoke
|poke|p1|Great Tusk|
|poke|p1|Kingambit, M|
|poke|p1|Ogerpon-Wellspring, F|
|poke|p1|Landorus-Therian, M|
|poke|p1|Heatran, F|
|poke|p1|Dragapult, F|
|poke|p2|Weavile, F|
|poke|p2|Moltres|
|poke|p2|Ogerpon-Wellspring, F|
|poke|p2|Great Tusk|
|poke|p2|Gholdengo|
|poke|p2|Zamazenta-*|
|teampreview
|
|t:|1779620881
|teamsize|p1|6
|teamsize|p2|6
|start
|switch|p1a: Great Tusk|Great Tusk|100/100
|switch|p2a: Gholdengo|Gholdengo|100/100
|-enditem|p1a: Great Tusk|Booster Energy
|-activate|p1a: Great Tusk|ability: Protosynthesis|[fromitem]
|-start|p1a: Great Tusk|protosynthesisatk
|turn|1
|
|t:|1779620901
|switch|p2a: Moltres|Moltres|100/100
|move|p1a: Great Tusk|Close Combat|p2a: Moltres
|-resisted|p2a: Moltres
|-damage|p2a: Moltres|60/100
|-unboost|p1a: Great Tusk|def|1
|-unboost|p1a: Great Tusk|spd|1
|
|upkeep
|turn|2
|
|t:|1779620910
|-end|p1a: Great Tusk|Protosynthesis|[silent]
|switch|p1a: Ogerpon|Ogerpon-Wellspring, F|100/100
|move|p2a: Moltres|Roost|p2a: Moltres
|-heal|p2a: Moltres|100/100
|-singleturn|p2a: Moltres|move: Roost
|
|upkeep
|turn|3
|
|t:|1779620922
|switch|p2a: Zamazenta|Zamazenta|100/100
|-ability|p2a: Zamazenta|Dauntless Shield|boost
|-boost|p2a: Zamazenta|def|1
|move|p1a: Ogerpon|Play Rough|p2a: Zamazenta
|-supereffective|p2a: Zamazenta
|-damage|p2a: Zamazenta|65/100
|
|upkeep
|turn|4
|
|t:|1779620933
|switch|p1a: Heatran|Heatran, F|100/100
|move|p2a: Zamazenta|Iron Defense|p2a: Zamazenta
|-boost|p2a: Zamazenta|def|2
|
|upkeep
|turn|5
|
|t:|1779620939
|move|p2a: Zamazenta|Body Press|p1a: Heatran
|-supereffective|p1a: Heatran
|-damage|p1a: Heatran|0 fnt
|faint|p1a: Heatran
|
|upkeep
|
|t:|1779620946
|switch|p1a: Dragapult|Dragapult, F|100/100
|turn|6
|
|t:|1779620956
|move|p1a: Dragapult|Draco Meteor|p2a: Zamazenta
|-damage|p2a: Zamazenta|0 fnt
|-unboost|p1a: Dragapult|spa|2
|faint|p2a: Zamazenta
|
|upkeep
|
|t:|1779620958
|switch|p2a: Gholdengo|Gholdengo|100/100
|turn|7
|
|t:|1779620974
|switch|p1a: Great Tusk|Great Tusk|100/100
|move|p2a: Gholdengo|Make It Rain|p1a: Great Tusk
|-damage|p1a: Great Tusk|10/100
|-unboost|p2a: Gholdengo|spa|1
|
|upkeep
|turn|8
|
|t:|1779620985
|move|p2a: Gholdengo|Make It Rain|p1a: Great Tusk
|-damage|p1a: Great Tusk|0 fnt
|-unboost|p2a: Gholdengo|spa|1
|faint|p1a: Great Tusk
|-end|p1a: Great Tusk|Protosynthesis|[silent]
|
|upkeep
|
|t:|1779620994
|switch|p1a: Dragapult|Dragapult, F|100/100
|turn|9
|
|t:|1779621000
|switch|p2a: Great Tusk|Great Tusk|100/100
|move|p1a: Dragapult|Shadow Ball|p2a: Great Tusk
|-damage|p2a: Great Tusk|21/100
|
|upkeep
|turn|10
|
|t:|1779621006
|-end|p2a: Great Tusk|Protosynthesis|[silent]
|switch|p2a: Weavile|Weavile, F|100/100
|-ability|p2a: Weavile|Pressure
|move|p1a: Dragapult|Shadow Ball|p2a: Weavile
|-resisted|p2a: Weavile
|-damage|p2a: Weavile|65/100
|
|upkeep
|turn|11
|
|t:|1779621016
|switch|p1a: Ogerpon|Ogerpon-Wellspring, F|100/100
|move|p2a: Weavile|Knock Off|p1a: Ogerpon
|-damage|p1a: Ogerpon|57/100
|
|upkeep
|turn|12
|
|t:|1779621025
|move|p2a: Weavile|Triple Axel|p1a: Ogerpon
|-damage|p1a: Ogerpon|44/100
|-damage|p1a: Ogerpon|20/100
|-damage|p1a: Ogerpon|0 fnt
|faint|p1a: Ogerpon
|-hitcount|p1: Ogerpon|3
|
|upkeep
|
|t:|1779621034
|switch|p1a: Dragapult|Dragapult, F|100/100
|turn|13
|
|t:|1779621042
|switch|p2a: Gholdengo|Gholdengo|100/100
|move|p1a: Dragapult|Draco Meteor|p2a: Gholdengo|[miss]
|-miss|p1a: Dragapult|p2a: Gholdengo
|
|upkeep
|turn|14
|
|t:|1779621049
|move|p2a: Gholdengo|Shadow Ball|p1a: Dragapult
|-supereffective|p1a: Dragapult
|-damage|p1a: Dragapult|0 fnt
|faint|p1a: Dragapult
|
|upkeep
|
|t:|1779621053
|switch|p1a: Landorus|Landorus-Therian, M|100/100
|-ability|p1a: Landorus|Intimidate|boost
|-unboost|p2a: Gholdengo|atk|1
|turn|15
|
|t:|1779621060
|switch|p2a: Ogerpon|Ogerpon-Wellspring, F|100/100
|move|p1a: Landorus|Stone Edge|p2a: Ogerpon
|-damage|p2a: Ogerpon|54/100
|
|upkeep
|turn|16
|
|t:|1779621067
|move|p1a: Landorus|Stone Edge|p2a: Ogerpon
|-damage|p2a: Ogerpon|8/100
|move|p2a: Ogerpon|Ivy Cudgel|p1a: Landorus|[anim] Ivy Cudgel Water
|-supereffective|p1a: Landorus
|-crit|p1a: Landorus
|-damage|p1a: Landorus|0 fnt
|faint|p1a: Landorus
|
|upkeep
|
|t:|1779621075
|switch|p1a: Kingambit|Kingambit, M|100/100
|-activate|p1a: Kingambit|ability: Supreme Overlord
|-start|p1a: Kingambit|fallen5|[silent]
|turn|17
|
|t:|1779621081
|move|p1a: Kingambit|Sucker Punch|p2a: Ogerpon
|-damage|p2a: Ogerpon|0 fnt
|faint|p2a: Ogerpon
|
|upkeep
|
|t:|1779621093
|switch|p2a: Gholdengo|Gholdengo|100/100
|turn|18
|
|t:|1779621099
|-terastallize|p2a: Gholdengo|Fighting
|-terastallize|p1a: Kingambit|Flying
|move|p2a: Gholdengo|Focus Blast|p1a: Kingambit
|-resisted|p1a: Kingambit
|-damage|p1a: Kingambit|66/100
|move|p1a: Kingambit|Swords Dance|p1a: Kingambit
|-boost|p1a: Kingambit|atk|2
|
|-heal|p1a: Kingambit|72/100|[from] item: Leftovers
|upkeep
|turn|19
|
|t:|1779621112
|switch|p2a: Great Tusk|Great Tusk|21/100
|move|p1a: Kingambit|Sucker Punch||[still]
|-fail|p1a: Kingambit
|
|-heal|p1a: Kingambit|78/100|[from] item: Leftovers
|upkeep
|turn|20
|
|t:|1779621120
|move|p1a: Kingambit|Sucker Punch|p2a: Great Tusk
|-resisted|p2a: Great Tusk
|-damage|p2a: Great Tusk|0 fnt
|-damage|p1a: Kingambit|62/100|[from] item: Rocky Helmet|[of] p2a: Great Tusk
|faint|p2a: Great Tusk
|-end|p2a: Great Tusk|Protosynthesis|[silent]
|
|-heal|p1a: Kingambit|68/100|[from] item: Leftovers
|upkeep
|
|t:|1779621123
|switch|p2a: Weavile|Weavile, F|65/100
|-ability|p2a: Weavile|Pressure
|turn|21
|
|t:|1779621132
|move|p1a: Kingambit|Sucker Punch|p2a: Weavile
|-resisted|p2a: Weavile
|-damage|p2a: Weavile|0 fnt
|faint|p2a: Weavile
|
|-heal|p1a: Kingambit|74/100|[from] item: Leftovers
|upkeep
|
|t:|1779621135
|switch|p2a: Gholdengo|Gholdengo, tera:Fighting|100/100
|turn|22
|
|t:|1779621145
|move|p2a: Gholdengo|Shadow Ball|p1a: Kingambit
|-damage|p1a: Kingambit|33/100
|-unboost|p1a: Kingambit|spd|1
|move|p1a: Kingambit|Kowtow Cleave|p2a: Gholdengo
|-resisted|p2a: Gholdengo
|-damage|p2a: Gholdengo|21/100
|
|-heal|p1a: Kingambit|40/100|[from] item: Leftovers
|upkeep
|turn|23
|
|t:|1779621156
|move|p1a: Kingambit|Sucker Punch|p2a: Gholdengo
|-resisted|p2a: Gholdengo
|-damage|p2a: Gholdengo|0 fnt
|faint|p2a: Gholdengo
|
|-heal|p1a: Kingambit|46/100|[from] item: Leftovers
|upkeep
|
|t:|1779621157
|switch|p2a: Moltres|Moltres|100/100
|turn|24
|l|☆ywdeco
|player|p1|
|inactive|Battle timer is ON: inactive players will automatically lose when time's up. (requested by IsaiahZX7)
|inactive|ywdeco has 30 seconds to reconnect!
|inactive|ywdeco has 20 seconds to reconnect!
|inactive|ywdeco has 15 seconds to reconnect!
|inactive|ywdeco has 10 seconds to reconnect!
|inactive|ywdeco has 5 seconds to reconnect!
|-message|ywdeco lost due to inactivity.
|
|win|IsaiahZX7
|raw|ywdeco's rating: 1129 &rarr; <strong>1104</strong><br />(-25 for losing)
|raw|IsaiahZX7's rating: 1131 &rarr; <strong>1156</strong><br />(+25 for winning)
