|j|☆Minnesotaaa
|j|☆jorgito_372
|t:|1779716832
|gametype|singles
|player|p1|Minnesotaaa|blue|1156
|player|p2|jorgito_372|steven|1131
|gen|9
|tier|[Gen 9] OU
|rated|
|rule|HP Percentage Mod: HP is shown in percentages
|rule|Endless Battle Clause: Forcing endless battles is banned
|rule|Species Clause: Limit one of each Pokémon
|rule|OHKO Clause: OHKO moves are banned
|rule|Evasion Items Clause: Evasion items are banned
|rule|Evasion Moves Clause: Evasion moves are banned
|rule|Evasion Abilities Clause: Evasion abilities are banned
|rule|Sleep Moves Clause: Sleep-inducing moves are banned
|clearpoke
|poke|p1|Ribombee, F|
|poke|p1|Kingambit, M|
|poke|p1|Empoleon, M|
|poke|p1|Serperior, M|
|poke|p1|Milotic, M|
|poke|p1|Cinderace, F|
|poke|p2|Sylveon, M|
|poke|p2|Metagross|
|poke|p2|Garchomp, M|
|poke|p2|Staraptor, M|
|poke|p2|Glimmora, F|
|poke|p2|Greninja-*, M|
|teampreview
|inactive|Battle timer is ON: inactive players will automatically lose when time's up. (requested by Minnesotaaa)
|
|t:|1779716838
|teamsize|p1|6
|teamsize|p2|6
|start
|switch|p1a: Ribombee|Ribombee, F|100/100
|switch|p2a: Staraptor|Staraptor, M, shiny|100/100
|turn|1
|
|t:|1779716844
|move|p1a: Ribombee|Sticky Web|p2a: Staraptor
|-sidestart|p2: jorgito_372|move: Sticky Web
|move|p2a: Staraptor|Brave Bird|p1a: Ribombee
|-supereffective|p1a: Ribombee
|-enditem|p1a: Ribombee|Focus Sash
|-damage|p1a: Ribombee|1/100
|-damage|p2a: Staraptor|73/100|[from] Recoil
|
|upkeep
|turn|2
|
|t:|1779716852
|move|p1a: Ribombee|Moonblast|p2a: Staraptor
|-damage|p2a: Staraptor|0 fnt
|faint|p2a: Staraptor
|
|upkeep
|
|t:|1779716858
|switch|p2a: Metagross|Metagross, shiny|100/100
|-activate|p2a: Metagross|move: Sticky Web
|-fail|p2a: Metagross|unboost|[from] ability: Clear Body|[of] p2a: Metagross
|turn|3
|
|t:|1779716863
|move|p2a: Metagross|Bullet Punch|p1a: Ribombee
|-supereffective|p1a: Ribombee
|-damage|p1a: Ribombee|0 fnt
|faint|p1a: Ribombee
|
|upkeep
|
|t:|1779716865
|switch|p1a: Cinderace|Cinderace, F|100/100
|turn|4
|
|t:|1779716876
|move|p1a: Cinderace|Court Change|p1a: Cinderace
|-start|p1a: Cinderace|typechange|Normal|[from] ability: Libero
|-swapsideconditions
|-activate|p1a: Cinderace|move: Court Change
|move|p2a: Metagross|Meteor Mash|p1a: Cinderace
|-damage|p1a: Cinderace|9/100
|
|upkeep
|turn|5
|
|t:|1779716885
|move|p2a: Metagross|Bullet Punch|p1a: Cinderace
|-damage|p1a: Cinderace|0 fnt
|faint|p1a: Cinderace
|
|upkeep
|
|t:|1779716894
|switch|p1a: Milotic|Milotic, M|100/100
|-activate|p1a: Milotic|move: Sticky Web
|-unboost|p1a: Milotic|spe|1
|-ability|p1a: Milotic|Competitive|boost
|-boost|p1a: Milotic|spa|2
|turn|6
|
|t:|1779716899
|move|p2a: Metagross|Meteor Mash|p1a: Milotic
|-resisted|p1a: Milotic
|-damage|p1a: Milotic|71/100
|move|p1a: Milotic|Scald|p2a: Metagross
|-crit|p2a: Metagross
|-damage|p2a: Metagross|3/100
|
|-heal|p1a: Milotic|78/100|[from] item: Leftovers
|upkeep
|turn|7
|
|t:|1779716912
|move|p1a: Milotic|Protect|p1a: Milotic
|-singleturn|p1a: Milotic|Protect
|move|p2a: Metagross|Meteor Mash|p1a: Milotic
|-activate|p1a: Milotic|move: Protect
|
|-heal|p1a: Milotic|84/100|[from] item: Leftovers
|upkeep
|turn|8
|
|t:|1779716922
|move|p2a: Metagross|Meteor Mash|p1a: Milotic
|-resisted|p1a: Milotic
|-crit|p1a: Milotic
|-damage|p1a: Milotic|45/100
|move|p1a: Milotic|Scald|p2a: Metagross
|-damage|p2a: Metagross|0 fnt
|faint|p2a: Metagross
|
|-heal|p1a: Milotic|51/100|[from] item: Leftovers
|upkeep
|
|t:|1779716938
|switch|p2a: Sylveon|Sylveon, M, shiny|100/100
|turn|9
|
|t:|1779716945
|switch|p1a: Empoleon|Empoleon, M|100/100
|-activate|p1a: Empoleon|move: Sticky Web
|-unboost|p1a: Empoleon|spe|1
|-ability|p1a: Empoleon|Competitive|boost
|-boost|p1a: Empoleon|spa|2
|move|p2a: Sylveon|Hyper Voice|p1a: Empoleon
|-resisted|p1a: Empoleon
|-damage|p1a: Empoleon|73/100
|
|-heal|p1a: Empoleon|80/100|[from] item: Leftovers
|upkeep
|turn|10
|
|t:|1779716958
|switch|p2a: Glimmora|Glimmora, F, shiny|100/100
|move|p1a: Empoleon|Flash Cannon|p2a: Glimmora
|-supereffective|p2a: Glimmora
|-damage|p2a: Glimmora|0 fnt
|faint|p2a: Glimmora
|
|-heal|p1a: Empoleon|86/100|[from] item: Leftovers
|upkeep
|
|t:|1779716972
|switch|p2a: Greninja|Greninja, M, shiny|100/100
|turn|11
|
|t:|1779716977
|move|p1a: Empoleon|Vacuum Wave|p2a: Greninja
|-supereffective|p2a: Greninja
|-damage|p2a: Greninja|17/100
|move|p2a: Greninja|Ice Beam|p1a: Empoleon
|-start|p2a: Greninja|typechange|Ice|[from] ability: Protean
|-resisted|p1a: Empoleon
|-damage|p1a: Empoleon|71/100
|
|-heal|p1a: Empoleon|77/100|[from] item: Leftovers
|upkeep
|turn|12
|
|t:|1779716988
|move|p1a: Empoleon|Vacuum Wave|p2a: Greninja
|-supereffective|p2a: Greninja
|-damage|p2a: Greninja|0 fnt
|faint|p2a: Greninja
|
|-heal|p1a: Empoleon|84/100|[from] item: Leftovers
|upkeep
|
|t:|1779716995
|switch|p2a: Sylveon|Sylveon, M, shiny|100/100
|turn|13
|
|t:|1779717009
|move|p2a: Sylveon|Psychic|p1a: Empoleon
|-resisted|p1a: Empoleon
|-damage|p1a: Empoleon|71/100
|move|p1a: Empoleon|Flash Cannon|p2a: Sylveon
|-supereffective|p2a: Sylveon
|-damage|p2a: Sylveon|5/100
|
|-heal|p1a: Empoleon|77/100|[from] item: Leftovers
|upkeep
|turn|14
|
|t:|1779717022
|move|p2a: Sylveon|Wish|p2a: Sylveon
|move|p1a: Empoleon|Flash Cannon|p2a: Sylveon
|-supereffective|p2a: Sylveon
|-damage|p2a: Sylveon|0 fnt
|faint|p2a: Sylveon
|
|-heal|p1a: Empoleon|83/100|[from] item: Leftovers
|upkeep
|
|t:|1779717031
|switch|p2a: Garchomp|Garchomp, M, shiny|100/100
|turn|15
|
|t:|1779717043
|-terastallize|p2a: Garchomp|Steel
|-terastallize|p1a: Empoleon|Ghost
|move|p2a: Garchomp|Outrage|p1a: Empoleon
|-damage|p1a: Empoleon|12/100
|move|p1a: Empoleon|Ice Beam|p2a: Garchomp
|-resisted|p2a: Garchomp
|-damage|p2a: Garchomp|68/100
|
|-heal|p2a: Garchomp|100/100|[from] move: Wish|[wisher] Sylveon
|-heal|p1a: Empoleon|18/100|[from] item: Leftovers
|upkeep
|turn|16
|
|t:|1779717057
|move|p1a: Empoleon|Vacuum Wave|p2a: Garchomp
|-supereffective|p2a: Garchomp
|-damage|p2a: Garchomp|37/100
|move|p2a: Garchomp|Outrage|p1a: Empoleon|[from] lockedmove
|-damage|p1a: Empoleon|0 fnt
|faint|p1a: Empoleon
|
|upkeep
|
|t:|1779717071
|switch|p1a: Milotic|Milotic, M|51/100
|-activate|p1a: Milotic|move: Sticky Web
|-unboost|p1a: Milotic|spe|1
|-ability|p1a: Milotic|Competitive|boost
|-boost|p1a: Milotic|spa|2
|turn|17
|
|t:|1779717076
|move|p2a: Garchomp|Outrage|p1a: Milotic|[from] lockedmove
|-damage|p1a: Milotic|0 fnt
|faint|p1a: Milotic
|-start|p2a: Garchomp|confusion|[fatigue]
|
|upkeep
|
|t:|1779717094
|switch|p1a: Serperior|Serperior, M|100/100
|-activate|p1a: Serperior|move: Sticky Web
|-boost|p1a: Serperior|spe|1
|turn|18
|
|t:|1779717099
|move|p1a: Serperior|Leech Seed|p2a: Garchomp
|-start|p2a: Garchomp|move: Leech Seed
|-activate|p2a: Garchomp|confusion
|-damage|p2a: Garchomp|26/100|[from] confusion
|
|-damage|p2a: Garchomp|14/100|[from] Leech Seed|[of] p1a: Serperior
|upkeep
|turn|19
|
|t:|1779717126
|move|p1a: Serperior|Substitute|p1a: Serperior
|-start|p1a: Serperior|Substitute
|-damage|p1a: Serperior|76/100
|-activate|p2a: Garchomp|confusion
|move|p2a: Garchomp|Poison Jab|p1a: Serperior
|-supereffective|p1a: Serperior
|-end|p1a: Serperior|Substitute
|
|-heal|p1a: Serperior|82/100|[from] item: Leftovers
|-damage|p2a: Garchomp|1/100|[from] Leech Seed|[of] p1a: Serperior
|-heal|p1a: Serperior|94/100|[silent]
|upkeep
|turn|20
|
|t:|1779717137
|move|p1a: Serperior|Substitute|p1a: Serperior
|-start|p1a: Serperior|Substitute
|-damage|p1a: Serperior|69/100
|-end|p2a: Garchomp|confusion
|move|p2a: Garchomp|Outrage|p1a: Serperior
|-end|p1a: Serperior|Substitute
|
|-heal|p1a: Serperior|76/100|[from] item: Leftovers
|-damage|p2a: Garchomp|0 fnt|[from] Leech Seed|[of] p1a: Serperior
|-heal|p1a: Serperior|76/100|[silent]
|faint|p2a: Garchomp
|
|win|Minnesotaaa
|raw|Minnesotaaa's rating: 1156 &rarr; <strong>1179</strong><br />(+23 for winning)
|raw|jorgito_372's rating: 1131 &rarr; <strong>1108</strong><br />(-23 for losing)
|l|☆Minnesotaaa
|player|p1|
|l|☆jorgito_372
|player|p2|
