|j|☆Hawesome
|j|☆JACKSONABCD
|t:|1779565730
|gametype|singles
|player|p1|Hawesome|2|1121
|player|p2|JACKSONABCD|170|1047
|gen|9
|tier|[Gen 9] OU
|rated|
|rule|HP Percentage Mod: HP is shown in percentages
|rule|Endless Battle Clause: Forcing endless battles is banned
|rule|Species Clause: Limit one of each Pokémon
|rule|OHKO Clause: OHKO moves are banned
|rule|Evasion Items Clause: Evasion items are banned
|rule|Evasion Moves Clause: Evasion moves are banned
|rule|Evasion Abilities Clause: Evasion abilities are banned
|rule|Sleep Moves Clause: Sleep-inducing moves are banned
|clearpoke
|poke|p1|Milotic, F|
|poke|p1|Zapdos-Galar|
|poke|p1|Pecharunt|
|poke|p1|Ting-Lu|
|poke|p1|Great Tusk|
|poke|p1|Dragapult, F|
|poke|p2|Dragapult, F|
|poke|p2|Gengar, F|
|poke|p2|Heatran, M|
|poke|p2|Serperior, M|
|poke|p2|Toxapex, F|
|poke|p2|Greninja-*, M|
|teampreview
|
|t:|1779565756
|teamsize|p1|6
|teamsize|p2|6
|start
|switch|p1a: Pecharunt|Pecharunt|100/100
|switch|p2a: Dragapult|Dragapult, F|100/100
|turn|1
|
|t:|1779565766
|switch|p1a: Ting-Lu|Ting-Lu|100/100
|-ability|p1a: Ting-Lu|Vessel of Ruin
|move|p2a: Dragapult|Dragon Dance|p2a: Dragapult
|-boost|p2a: Dragapult|atk|1
|-boost|p2a: Dragapult|spe|1
|
|upkeep
|turn|2
|
|t:|1779565775
|move|p2a: Dragapult|Dragon Darts|p1a: Ting-Lu
|-damage|p1a: Ting-Lu|75/100
|-anim|p2a: Dragapult|Dragon Darts|p1a: Ting-Lu
|-damage|p1a: Ting-Lu|49/100
|-damage|p2a: Dragapult|91/100|[from] item: Life Orb
|move|p1a: Ting-Lu|Whirlwind|p2a: Dragapult
|drag|p2a: Toxapex|Toxapex, F|100/100
|
|-heal|p1a: Ting-Lu|55/100|[from] item: Leftovers
|upkeep
|turn|3
|
|t:|1779565782
|-terastallize|p1a: Ting-Lu|Ghost
|move|p1a: Ting-Lu|Stealth Rock|p2a: Toxapex
|-sidestart|p2: JACKSONABCD|move: Stealth Rock
|move|p2a: Toxapex|Iron Defense|p2a: Toxapex
|-boost|p2a: Toxapex|def|2
|
|-heal|p1a: Ting-Lu|61/100|[from] item: Leftovers
|upkeep
|turn|4
|
|t:|1779565787
|move|p1a: Ting-Lu|Spikes|p2a: Toxapex
|-sidestart|p2: JACKSONABCD|Spikes
|move|p2a: Toxapex|Iron Defense|p2a: Toxapex
|-boost|p2a: Toxapex|def|2
|
|-heal|p1a: Ting-Lu|67/100|[from] item: Leftovers
|upkeep
|turn|5
|
|t:|1779565810
|move|p1a: Ting-Lu|Spikes|p2a: Toxapex
|-sidestart|p2: JACKSONABCD|Spikes
|move|p2a: Toxapex|Iron Defense|p2a: Toxapex
|-boost|p2a: Toxapex|def|2
|
|-heal|p1a: Ting-Lu|74/100|[from] item: Leftovers
|upkeep
|turn|6
|
|t:|1779565814
|move|p1a: Ting-Lu|Spikes|p2a: Toxapex
|-sidestart|p2: JACKSONABCD|Spikes
|move|p2a: Toxapex|Toxic|p1a: Ting-Lu
|-status|p1a: Ting-Lu|tox
|
|-heal|p1a: Ting-Lu|80/100 tox|[from] item: Leftovers
|-damage|p1a: Ting-Lu|74/100 tox|[from] psn
|upkeep
|turn|7
|
|t:|1779565833
|move|p2a: Toxapex|Baneful Bunker|p2a: Toxapex
|-singleturn|p2a: Toxapex|move: Protect
|move|p1a: Ting-Lu|Whirlwind|p2a: Toxapex
|drag|p2a: Dragapult|Dragapult, F|91/100
|-damage|p2a: Dragapult|78/100|[from] Stealth Rock
|-damage|p2a: Dragapult|53/100|[from] Spikes
|
|-heal|p1a: Ting-Lu|80/100 tox|[from] item: Leftovers
|-damage|p1a: Ting-Lu|67/100 tox|[from] psn
|upkeep
|turn|8
|c|☆JACKSONABCD|bruuh
|c|☆JACKSONABCD|fucflk your satrat
|
|t:|1779565853
|move|p2a: Dragapult|Dragon Darts|p1a: Ting-Lu
|-damage|p1a: Ting-Lu|49/100 tox
|-anim|p2a: Dragapult|Dragon Darts|p1a: Ting-Lu
|-damage|p1a: Ting-Lu|31/100 tox
|-damage|p2a: Dragapult|44/100|[from] item: Life Orb
|move|p1a: Ting-Lu|Whirlwind|p2a: Dragapult
|drag|p2a: Serperior|Serperior, M|100/100
|-damage|p2a: Serperior|88/100|[from] Stealth Rock
|-damage|p2a: Serperior|63/100|[from] Spikes
|
|-heal|p2a: Serperior|70/100|[from] item: Leftovers
|-heal|p1a: Ting-Lu|37/100 tox|[from] item: Leftovers
|-damage|p1a: Ting-Lu|18/100 tox|[from] psn
|upkeep
|turn|9
|
|t:|1779565874
|switch|p1a: Pecharunt|Pecharunt|100/100
|move|p2a: Serperior|Leaf Storm|p1a: Pecharunt
|-resisted|p1a: Pecharunt
|-damage|p1a: Pecharunt|76/100
|-boost|p2a: Serperior|spa|2
|
|-heal|p2a: Serperior|76/100|[from] item: Leftovers
|upkeep
|turn|10
|
|t:|1779565879
|move|p2a: Serperior|Glare|p1a: Pecharunt
|-status|p1a: Pecharunt|par
|move|p1a: Pecharunt|Malignant Chain|p2a: Serperior
|-supereffective|p2a: Serperior
|-damage|p2a: Serperior|0 fnt
|faint|p2a: Serperior
|
|upkeep
|
|t:|1779565888
|switch|p2a: Dragapult|Dragapult, F|44/100
|-damage|p2a: Dragapult|31/100|[from] Stealth Rock
|-damage|p2a: Dragapult|6/100|[from] Spikes
|turn|11
|
|t:|1779565898
|switch|p1a: Ting-Lu|Ting-Lu, tera:Ghost|18/100 tox
|-ability|p1a: Ting-Lu|Vessel of Ruin
|move|p2a: Dragapult|Sucker Punch||[still]
|-fail|p2a: Dragapult
|
|-heal|p1a: Ting-Lu|24/100 tox|[from] item: Leftovers
|-damage|p1a: Ting-Lu|18/100 tox|[from] psn
|upkeep
|turn|12
|-message|JACKSONABCD forfeited.
|
|win|Hawesome
