|j|☆superstar
|j|☆mansonabuluting
|t:|1779653711
|gametype|singles
|player|p1|superstar|169|1674
|player|p2|mansonabuluting|266|1681
|gen|9
|tier|[Gen 9] OU
|rated|
|rule|HP Percentage Mod: HP is shown in percentages
|rule|Endless Battle Clause: Forcing endless battles is banned
|rule|Species Clause: Limit one of each Pokémon
|rule|OHKO Clause: OHKO moves are banned
|rule|Evasion Items Clause: Evasion items are banned
|rule|Evasion Moves Clause: Evasion moves are banned
|rule|Evasion Abilities Clause: Evasion abilities are banned
|rule|Sleep Moves Clause: Sleep-inducing moves are banned
|clearpoke
|poke|p1|Araquanid, F|
|poke|p1|Pecharunt|
|poke|p1|Gholdengo|
|poke|p1|Ogerpon-Wellspring, F|
|poke|p1|Raging Bolt|
|poke|p1|Kingambit, F|
|poke|p2|Volcanion|
|poke|p2|Rillaboom, F|
|poke|p2|Hawlucha, M|
|poke|p2|Thundurus-Therian, M|
|poke|p2|Goodra-Hisui, F|
|poke|p2|Great Tusk|
|teampreview
|inactive|Battle timer is ON: inactive players will automatically lose when time's up. (requested by mansonabuluting)
|l|☆mansonabuluting
|inactive|mansonabuluting disconnected and has a minute to reconnect!
|player|p2|
|j|☆mansonabuluting
|inactive|mansonabuluting reconnected.
|player|p2|mansonabuluting|266|
|inactive|superstar has 120 seconds left.
|l|☆mansonabuluting
|inactive|mansonabuluting disconnected and has a minute to reconnect!
|player|p2|
|
|t:|1779653764
|teamsize|p1|6
|teamsize|p2|6
|start
|switch|p1a: Araquanid|Araquanid, F|100/100
|switch|p2a: Rillaboom|Rillaboom, F|100/100
|-fieldstart|move: Grassy Terrain|[from] ability: Grassy Surge|[of] p2a: Rillaboom
|turn|1
|j|☆mansonabuluting
|inactive|mansonabuluting reconnected and has 150 seconds left.
|player|p2|mansonabuluting|266|
|
|t:|1779653771
|move|p2a: Rillaboom|Wood Hammer|p1a: Araquanid
|-damage|p1a: Araquanid|0 fnt
|faint|p1a: Araquanid
|-damage|p2a: Rillaboom|73/100|[from] Recoil
|
|-heal|p2a: Rillaboom|79/100|[from] Grassy Terrain
|upkeep
|
|t:|1779653776
|switch|p1a: Pecharunt|Pecharunt|100/100
|turn|2
|
|t:|1779653782
|switch|p2a: Goodra|Goodra-Hisui, F|100/100
|move|p1a: Pecharunt|Nasty Plot|p1a: Pecharunt
|-boost|p1a: Pecharunt|spa|2
|
|upkeep
|turn|3
|
|t:|1779653786
|move|p1a: Pecharunt|Shadow Ball|p2a: Goodra
|-damage|p2a: Goodra|72/100
|move|p2a: Goodra|Flash Cannon|p1a: Pecharunt
|-damage|p1a: Pecharunt|55/100
|
|-heal|p1a: Pecharunt|61/100|[from] Grassy Terrain
|-heal|p2a: Goodra|79/100|[from] Grassy Terrain
|upkeep
|turn|4
|
|t:|1779653791
|move|p1a: Pecharunt|Shadow Ball|p2a: Goodra
|-damage|p2a: Goodra|52/100
|move|p2a: Goodra|Flash Cannon|p1a: Pecharunt
|-damage|p1a: Pecharunt|12/100
|
|-heal|p1a: Pecharunt|18/100|[from] Grassy Terrain
|-heal|p2a: Goodra|58/100|[from] Grassy Terrain
|upkeep
|turn|5
|
|t:|1779653794
|move|p1a: Pecharunt|Recover|p1a: Pecharunt
|-heal|p1a: Pecharunt|68/100
|move|p2a: Goodra|Draco Meteor|p1a: Pecharunt|[miss]
|-miss|p2a: Goodra|p1a: Pecharunt
|
|-heal|p1a: Pecharunt|74/100|[from] Grassy Terrain
|-heal|p2a: Goodra|64/100|[from] Grassy Terrain
|-fieldend|move: Grassy Terrain
|upkeep
|turn|6
|
|t:|1779653798
|move|p1a: Pecharunt|Shadow Ball|p2a: Goodra
|-damage|p2a: Goodra|35/100
|-unboost|p2a: Goodra|spd|1
|move|p2a: Goodra|Flash Cannon|p1a: Pecharunt
|-damage|p1a: Pecharunt|24/100
|
|upkeep
|turn|7
|
|t:|1779653801
|move|p1a: Pecharunt|Recover|p1a: Pecharunt
|-heal|p1a: Pecharunt|75/100
|move|p2a: Goodra|Draco Meteor|p1a: Pecharunt
|-damage|p1a: Pecharunt|2/100
|-unboost|p2a: Goodra|spa|2
|
|upkeep
|turn|8
|
|t:|1779653805
|switch|p2a: Thundurus|Thundurus-Therian, M|100/100
|move|p1a: Pecharunt|Recover|p1a: Pecharunt
|-heal|p1a: Pecharunt|53/100
|
|upkeep
|turn|9
|
|t:|1779653809
|switch|p1a: Raging Bolt|Raging Bolt|100/100
|-enditem|p1a: Raging Bolt|Booster Energy
|-activate|p1a: Raging Bolt|ability: Protosynthesis|[fromitem]
|-start|p1a: Raging Bolt|protosynthesisspa
|move|p2a: Thundurus|Psychic|p1a: Raging Bolt
|-damage|p1a: Raging Bolt|65/100
|
|upkeep
|turn|10
|
|t:|1779653819
|switch|p2a: Goodra|Goodra-Hisui, F|35/100
|-end|p1a: Raging Bolt|Protosynthesis|[silent]
|switch|p1a: Gholdengo|Gholdengo|100/100
|-item|p1a: Gholdengo|Air Balloon
|
|upkeep
|turn|11
|
|t:|1779653822
|move|p1a: Gholdengo|Focus Blast|p2a: Goodra
|-supereffective|p2a: Goodra
|-damage|p2a: Goodra|0 fnt
|faint|p2a: Goodra
|
|upkeep
|
|t:|1779653824
|switch|p2a: Rillaboom|Rillaboom, F|79/100
|-fieldstart|move: Grassy Terrain|[from] ability: Grassy Surge|[of] p2a: Rillaboom
|turn|12
|
|t:|1779653829
|switch|p1a: Raging Bolt|Raging Bolt|65/100
|move|p2a: Rillaboom|Knock Off|p1a: Raging Bolt
|-damage|p1a: Raging Bolt|28/100
|
|-heal|p1a: Raging Bolt|35/100|[from] Grassy Terrain
|-heal|p2a: Rillaboom|85/100|[from] Grassy Terrain
|upkeep
|turn|13
|
|t:|1779653835
|move|p1a: Raging Bolt|Dragon Pulse|p2a: Rillaboom
|-damage|p2a: Rillaboom|26/100
|move|p2a: Rillaboom|Knock Off|p1a: Raging Bolt
|-damage|p1a: Raging Bolt|0 fnt
|faint|p1a: Raging Bolt
|-end|p1a: Raging Bolt|Protosynthesis|[silent]
|
|-heal|p2a: Rillaboom|32/100|[from] Grassy Terrain
|upkeep
|
|t:|1779653839
|switch|p1a: Pecharunt|Pecharunt|53/100
|turn|14
|
|t:|1779653853
|switch|p2a: Thundurus|Thundurus-Therian, M|100/100
|move|p1a: Pecharunt|Malignant Chain|p2a: Thundurus
|-damage|p2a: Thundurus|48/100
|-status|p2a: Thundurus|tox
|-start|p2a: Thundurus|confusion|[from] ability: Poison Puppeteer|[of] p1a: Pecharunt
|
|-heal|p1a: Pecharunt|59/100|[from] Grassy Terrain
|-damage|p2a: Thundurus|42/100 tox|[from] psn
|upkeep
|turn|15
|inactive|superstar has 120 seconds left.
|inactive|superstar has 90 seconds left.
|
|t:|1779653915
|switch|p1a: Gholdengo|Gholdengo|100/100
|-item|p1a: Gholdengo|Air Balloon
|-activate|p2a: Thundurus|confusion
|-damage|p2a: Thundurus|31/100 tox|[from] confusion
|
|-damage|p2a: Thundurus|19/100 tox|[from] psn
|upkeep
|turn|16
|
|t:|1779653921
|-end|p2a: Thundurus|confusion
|move|p2a: Thundurus|Volt Switch|p1a: Gholdengo
|-damage|p1a: Gholdengo|50/100
|-enditem|p1a: Gholdengo|Air Balloon
|
|t:|1779653927
|switch|p2a: Hawlucha|Hawlucha, M|100/100|[from] Volt Switch
|-enditem|p2a: Hawlucha|Grassy Seed
|-boost|p2a: Hawlucha|def|1|[from] item: Grassy Seed
|move|p1a: Gholdengo|Shadow Ball|p2a: Hawlucha
|-damage|p2a: Hawlucha|44/100
|-unboost|p2a: Hawlucha|spd|1
|
|-heal|p1a: Gholdengo|56/100|[from] Grassy Terrain
|-fieldend|move: Grassy Terrain
|upkeep
|turn|17
|
|t:|1779653932
|move|p2a: Hawlucha|Acrobatics|p1a: Gholdengo
|-resisted|p1a: Gholdengo
|-damage|p1a: Gholdengo|30/100
|move|p1a: Gholdengo|Shadow Ball|p2a: Hawlucha
|-damage|p2a: Hawlucha|0 fnt
|faint|p2a: Hawlucha
|
|upkeep
|
|t:|1779653935
|switch|p2a: Thundurus|Thundurus-Therian, M|19/100 tox
|turn|18
|
|t:|1779653942
|move|p2a: Thundurus|Volt Switch|p1a: Gholdengo
|-damage|p1a: Gholdengo|0 fnt
|faint|p1a: Gholdengo
|
|t:|1779653949
|switch|p2a: Volcanion|Volcanion|100/100|[from] Volt Switch
|
|upkeep
|inactive|superstar has 120 seconds left.
|
|t:|1779653965
|switch|p1a: Pecharunt|Pecharunt|59/100
|turn|19
|
|t:|1779653968
|move|p1a: Pecharunt|Malignant Chain|p2a: Volcanion
|-damage|p2a: Volcanion|59/100
|move|p2a: Volcanion|Overheat|p1a: Pecharunt
|-damage|p1a: Pecharunt|0 fnt
|-unboost|p2a: Volcanion|spa|2
|faint|p1a: Pecharunt
|
|upkeep
|
|t:|1779653974
|switch|p1a: Ogerpon|Ogerpon-Wellspring, F|100/100
|turn|20
|
|t:|1779653985
|move|p1a: Ogerpon|Swords Dance|p1a: Ogerpon
|-boost|p1a: Ogerpon|atk|2
|move|p2a: Volcanion|Overheat|p1a: Ogerpon|[miss]
|-miss|p2a: Volcanion|p1a: Ogerpon
|
|upkeep
|turn|21
|
|t:|1779653988
|move|p1a: Ogerpon|Horn Leech|p2a: Volcanion
|-damage|p2a: Volcanion|0 fnt
|faint|p2a: Volcanion
|
|upkeep
|
|t:|1779653995
|switch|p2a: Rillaboom|Rillaboom, F|32/100
|-fieldstart|move: Grassy Terrain|[from] ability: Grassy Surge|[of] p2a: Rillaboom
|turn|22
|
|t:|1779653998
|-terastallize|p2a: Rillaboom|Grass
|move|p2a: Rillaboom|Grassy Glide|p1a: Ogerpon
|-damage|p1a: Ogerpon|3/100
|move|p1a: Ogerpon|Horn Leech|p2a: Rillaboom
|-resisted|p2a: Rillaboom
|-damage|p2a: Rillaboom|0 fnt
|-heal|p1a: Ogerpon|24/100|[from] drain|[of] p2a: Rillaboom
|faint|p2a: Rillaboom
|
|-heal|p1a: Ogerpon|30/100|[from] Grassy Terrain
|upkeep
|
|t:|1779654000
|switch|p2a: Thundurus|Thundurus-Therian, M|19/100 tox
|turn|23
|
|t:|1779654006
|move|p2a: Thundurus|Volt Switch|p1a: Ogerpon
|-damage|p1a: Ogerpon|0 fnt
|faint|p1a: Ogerpon
|
|t:|1779654008
|switch|p2a: Great Tusk|Great Tusk|100/100|[from] Volt Switch
|
|upkeep
|
|t:|1779654010
|switch|p1a: Kingambit|Kingambit, F|100/100
|-activate|p1a: Kingambit|ability: Supreme Overlord
|-start|p1a: Kingambit|fallen5|[silent]
|turn|24
|
|t:|1779654021
|-terastallize|p1a: Kingambit|Dark
|move|p2a: Great Tusk|Headlong Rush|p1a: Kingambit
|-damage|p1a: Kingambit|57/100
|-unboost|p2a: Great Tusk|def|1
|-unboost|p2a: Great Tusk|spd|1
|move|p1a: Kingambit|Low Kick|p2a: Great Tusk
|-damage|p2a: Great Tusk|48/100
|-damage|p1a: Kingambit|41/100|[from] item: Rocky Helmet|[of] p2a: Great Tusk
|
|-heal|p2a: Great Tusk|55/100|[from] Grassy Terrain
|-heal|p1a: Kingambit|47/100|[from] Grassy Terrain
|upkeep
|turn|25
|
|t:|1779654034
|move|p2a: Great Tusk|Headlong Rush|p1a: Kingambit
|-damage|p1a: Kingambit|5/100
|-unboost|p2a: Great Tusk|def|1
|-unboost|p2a: Great Tusk|spd|1
|move|p1a: Kingambit|Kowtow Cleave|p2a: Great Tusk
|-resisted|p2a: Great Tusk
|-damage|p2a: Great Tusk|0 fnt
|-damage|p1a: Kingambit|0 fnt|[from] item: Rocky Helmet|[of] p2a: Great Tusk
|faint|p2a: Great Tusk
|-end|p2a: Great Tusk|Protosynthesis|[silent]
|faint|p1a: Kingambit
|-end|p1a: Kingambit|fallen5|[silent]
|
|win|mansonabuluting
|raw|superstar's rating: 1674 &rarr; <strong>1654</strong><br />(-20 for losing)
|raw|mansonabuluting's rating: 1681 &rarr; <strong>1701</strong><br />(+20 for winning)
|l|☆mansonabuluting
|player|p2|
|l|☆superstar
|player|p1|
