|j|☆banjo guro
|j|☆Gone2Heaven
|t:|1779689341
|gametype|singles
|player|p1|banjo guro|erika|1366
|player|p2|Gone2Heaven|1|1295
|gen|9
|tier|[Gen 9] OU
|rated|
|rule|HP Percentage Mod: HP is shown in percentages
|rule|Endless Battle Clause: Forcing endless battles is banned
|rule|Species Clause: Limit one of each Pokémon
|rule|OHKO Clause: OHKO moves are banned
|rule|Evasion Items Clause: Evasion items are banned
|rule|Evasion Moves Clause: Evasion moves are banned
|rule|Evasion Abilities Clause: Evasion abilities are banned
|rule|Sleep Moves Clause: Sleep-inducing moves are banned
|clearpoke
|poke|p1|Garganacl, F|
|poke|p1|Mimikyu, M|
|poke|p1|Chimecho, F|
|poke|p1|Serperior, F|
|poke|p1|Polteageist|
|poke|p1|Maushold|
|poke|p2|Dragonite, F|
|poke|p2|Great Tusk|
|poke|p2|Deoxys-Speed|
|poke|p2|Gholdengo|
|poke|p2|Zamazenta-*|
|poke|p2|Iron Valiant|
|teampreview
|inactive|Battle timer is ON: inactive players will automatically lose when time's up. (requested by Gone2Heaven)
|
|t:|1779689352
|teamsize|p1|6
|teamsize|p2|6
|start
|switch|p1a: Polteageist|Polteageist|100/100
|switch|p2a: Deoxys|Deoxys-Speed|100/100
|-ability|p2a: Deoxys|Pressure
|turn|1
|
|t:|1779689368
|move|p2a: Deoxys|Taunt|p1a: Polteageist
|-start|p1a: Polteageist|move: Taunt
|cant|p1a: Polteageist|move: Taunt|Shell Smash
|
|upkeep
|turn|2
|
|t:|1779689378
|switch|p1a: Serperior|Serperior, F|100/100
|move|p2a: Deoxys|Stealth Rock|p1a: Serperior
|-sidestart|p1: banjo guro|move: Stealth Rock
|
|upkeep
|turn|3
|
|t:|1779689389
|switch|p2a: Dragonite|Dragonite, F|100/100
|move|p1a: Serperior|Glare|p2a: Dragonite
|-status|p2a: Dragonite|par
|
|upkeep
|turn|4
|
|t:|1779689395
|move|p1a: Serperior|Leech Seed|p2a: Dragonite
|-start|p2a: Dragonite|move: Leech Seed
|move|p2a: Dragonite|Fire Punch|p1a: Serperior
|-supereffective|p1a: Serperior
|-damage|p1a: Serperior|45/100
|-damage|p2a: Dragonite|91/100 par|[from] item: Life Orb
|
|-heal|p1a: Serperior|52/100|[from] item: Leftovers
|-damage|p2a: Dragonite|78/100 par|[from] Leech Seed|[of] p1a: Serperior
|-heal|p1a: Serperior|63/100|[silent]
|upkeep
|turn|5
|
|t:|1779689401
|move|p1a: Serperior|Substitute|p1a: Serperior
|-start|p1a: Serperior|Substitute
|-damage|p1a: Serperior|38/100
|move|p2a: Dragonite|Outrage|p1a: Serperior
|-end|p1a: Serperior|Substitute
|-damage|p2a: Dragonite|68/100 par|[from] item: Life Orb
|
|-heal|p1a: Serperior|44/100|[from] item: Leftovers
|-damage|p2a: Dragonite|56/100 par|[from] Leech Seed|[of] p1a: Serperior
|-heal|p1a: Serperior|56/100|[silent]
|upkeep
|turn|6
|
|t:|1779689407
|move|p1a: Serperior|Substitute|p1a: Serperior
|-start|p1a: Serperior|Substitute
|-damage|p1a: Serperior|31/100
|move|p2a: Dragonite|Outrage|p1a: Serperior|[from] lockedmove
|-end|p1a: Serperior|Substitute
|-damage|p2a: Dragonite|46/100 par|[from] item: Life Orb
|
|-heal|p1a: Serperior|37/100|[from] item: Leftovers
|-damage|p2a: Dragonite|34/100 par|[from] Leech Seed|[of] p1a: Serperior
|-heal|p1a: Serperior|48/100|[silent]
|upkeep
|turn|7
|
|t:|1779689420
|move|p1a: Serperior|Substitute|p1a: Serperior
|-start|p1a: Serperior|Substitute
|-damage|p1a: Serperior|23/100
|cant|p2a: Dragonite|par
|
|-heal|p1a: Serperior|30/100|[from] item: Leftovers
|-damage|p2a: Dragonite|21/100 par|[from] Leech Seed|[of] p1a: Serperior
|-heal|p1a: Serperior|41/100|[silent]
|-start|p2a: Dragonite|confusion|[fatigue]
|upkeep
|turn|8
|
|t:|1779689432
|-activate|p2a: Dragonite|confusion
|cant|p2a: Dragonite|par
|move|p1a: Serperior|Leaf Storm|p2a: Dragonite
|-resisted|p2a: Dragonite
|-damage|p2a: Dragonite|11/100 par
|-boost|p1a: Serperior|spa|2
|
|-heal|p1a: Serperior|47/100|[from] item: Leftovers
|-damage|p2a: Dragonite|0 fnt|[from] Leech Seed|[of] p1a: Serperior
|-heal|p1a: Serperior|57/100|[silent]
|faint|p2a: Dragonite
|upkeep
|
|t:|1779689442
|switch|p2a: Gholdengo|Gholdengo|100/100
|turn|9
|
|t:|1779689450
|move|p1a: Serperior|Leaf Storm|p2a: Gholdengo
|-resisted|p2a: Gholdengo
|-crit|p2a: Gholdengo
|-damage|p2a: Gholdengo|52/100
|-boost|p1a: Serperior|spa|2
|move|p2a: Gholdengo|Make It Rain|p1a: Serperior
|-end|p1a: Serperior|Substitute
|-unboost|p2a: Gholdengo|spa|1
|
|-heal|p1a: Serperior|63/100|[from] item: Leftovers
|upkeep
|turn|10
|
|t:|1779689460
|switch|p2a: Zamazenta|Zamazenta|100/100
|-ability|p2a: Zamazenta|Dauntless Shield|boost
|-boost|p2a: Zamazenta|def|1
|move|p1a: Serperior|Leaf Storm|p2a: Zamazenta
|-damage|p2a: Zamazenta|0 fnt
|-boost|p1a: Serperior|spa|2
|faint|p2a: Zamazenta
|
|-heal|p1a: Serperior|69/100|[from] item: Leftovers
|upkeep
|
|t:|1779689467
|switch|p2a: Gholdengo|Gholdengo|52/100
|turn|11
|
|t:|1779689477
|move|p1a: Serperior|Leaf Storm|p2a: Gholdengo
|-resisted|p2a: Gholdengo
|-crit|p2a: Gholdengo
|-damage|p2a: Gholdengo|0 fnt
|faint|p2a: Gholdengo
|
|-heal|p1a: Serperior|75/100|[from] item: Leftovers
|upkeep
|
|t:|1779689484
|switch|p2a: Iron Valiant|Iron Valiant|100/100
|-enditem|p2a: Iron Valiant|Booster Energy
|-activate|p2a: Iron Valiant|ability: Quark Drive|[fromitem]
|-start|p2a: Iron Valiant|quarkdrivespe
|turn|12
|
|t:|1779689493
|move|p2a: Iron Valiant|Taunt|p1a: Serperior
|-start|p1a: Serperior|move: Taunt
|cant|p1a: Serperior|move: Taunt|Glare
|
|-heal|p1a: Serperior|82/100|[from] item: Leftovers
|upkeep
|turn|13
|
|t:|1779689500
|move|p2a: Iron Valiant|Moonblast|p1a: Serperior
|-damage|p1a: Serperior|39/100
|move|p1a: Serperior|Leaf Storm|p2a: Iron Valiant
|-damage|p2a: Iron Valiant|0 fnt
|faint|p2a: Iron Valiant
|-end|p2a: Iron Valiant|Quark Drive|[silent]
|
|-heal|p1a: Serperior|45/100|[from] item: Leftovers
|upkeep
|
|t:|1779689507
|switch|p2a: Deoxys|Deoxys-Speed|100/100
|-ability|p2a: Deoxys|Pressure
|turn|14
|
|t:|1779689513
|move|p2a: Deoxys|Spikes|p1a: Serperior
|-sidestart|p1: banjo guro|Spikes
|move|p1a: Serperior|Leaf Storm|p2a: Deoxys
|-enditem|p2a: Deoxys|Focus Sash
|-damage|p2a: Deoxys|1/100
|
|-heal|p1a: Serperior|52/100|[from] item: Leftovers
|-end|p1a: Serperior|move: Taunt
|upkeep
|turn|15
|
|t:|1779689526
|move|p2a: Deoxys|Taunt|p1a: Serperior
|-start|p1a: Serperior|move: Taunt
|cant|p1a: Serperior|move: Taunt|Glare
|
|-heal|p1a: Serperior|58/100|[from] item: Leftovers
|upkeep
|turn|16
|
|t:|1779689538
|move|p2a: Deoxys|Taunt||[still]
|-fail|p2a: Deoxys
|move|p1a: Serperior|Leaf Storm|p2a: Deoxys
|-damage|p2a: Deoxys|0 fnt
|faint|p2a: Deoxys
|
|-heal|p1a: Serperior|64/100|[from] item: Leftovers
|upkeep
|
|t:|1779689543
|switch|p2a: Great Tusk|Great Tusk|100/100
|-enditem|p2a: Great Tusk|Booster Energy
|-activate|p2a: Great Tusk|ability: Protosynthesis|[fromitem]
|-start|p2a: Great Tusk|protosynthesisspe
|turn|17
|
|t:|1779689554
|move|p2a: Great Tusk|Ice Spinner|p1a: Serperior
|-supereffective|p1a: Serperior
|-damage|p1a: Serperior|26/100
|-activate|p1a: Serperior|move: Struggle
|move|p1a: Serperior|Struggle|p2a: Great Tusk
|-damage|p2a: Great Tusk|96/100
|-damage|p1a: Serperior|0 fnt|[from] recoil
|faint|p1a: Serperior
|
|upkeep
|
|t:|1779689569
|switch|p1a: Maushold|Maushold|100/100
|-damage|p1a: Maushold|88/100|[from] Stealth Rock
|-damage|p1a: Maushold|76/100|[from] Spikes
|turn|18
|
|t:|1779689577
|move|p2a: Great Tusk|Headlong Rush|p1a: Maushold
|-damage|p1a: Maushold|0 fnt
|-unboost|p2a: Great Tusk|def|1
|-unboost|p2a: Great Tusk|spd|1
|faint|p1a: Maushold
|
|upkeep
|
|t:|1779689590
|switch|p1a: Chimecho|Chimecho, F|100/100
|-damage|p1a: Chimecho|88/100|[from] Stealth Rock
|turn|19
|
|t:|1779689598
|-terastallize|p1a: Chimecho|Electric
|move|p2a: Great Tusk|Taunt|p1a: Chimecho
|-start|p1a: Chimecho|move: Taunt
|cant|p1a: Chimecho|move: Taunt|Cosmic Power
|
|-heal|p1a: Chimecho|94/100|[from] item: Leftovers
|upkeep
|turn|20
|
|t:|1779689604
|move|p2a: Great Tusk|Taunt||[still]
|-fail|p2a: Great Tusk
|move|p1a: Chimecho|Stored Power|p2a: Great Tusk
|-supereffective|p2a: Great Tusk
|-damage|p2a: Great Tusk|65/100
|
|-heal|p1a: Chimecho|100/100|[from] item: Leftovers
|upkeep
|turn|21
|
|t:|1779689611
|move|p2a: Great Tusk|Bulk Up|p2a: Great Tusk
|-boost|p2a: Great Tusk|atk|1
|-boost|p2a: Great Tusk|def|1
|move|p1a: Chimecho|Stored Power|p2a: Great Tusk
|-supereffective|p2a: Great Tusk
|-crit|p2a: Great Tusk
|-damage|p2a: Great Tusk|14/100
|
|-end|p1a: Chimecho|move: Taunt
|upkeep
|turn|22
|
|t:|1779689618
|move|p2a: Great Tusk|Ice Spinner|p1a: Chimecho
|-damage|p1a: Chimecho|64/100
|move|p1a: Chimecho|Stored Power|p2a: Great Tusk
|-supereffective|p2a: Great Tusk
|-damage|p2a: Great Tusk|0 fnt
|faint|p2a: Great Tusk
|-end|p2a: Great Tusk|Protosynthesis|[silent]
|
|win|banjo guro
|raw|banjo guro's rating: 1366 &rarr; <strong>1382</strong><br />(+16 for winning)
|raw|Gone2Heaven's rating: 1295 &rarr; <strong>1275</strong><br />(-20 for losing)
|l|☆banjo guro
|player|p1|
|l|☆Gone2Heaven
|player|p2|
