|j|☆GrandSagePatate
|j|☆ghaviall
|t:|1779616138
|gametype|singles
|player|p1|GrandSagePatate|twins-gen4dp|1192
|player|p2|ghaviall|schoolkidf-gen4|1246
|gen|9
|tier|[Gen 9] OU
|rated|
|rule|HP Percentage Mod: HP is shown in percentages
|rule|Endless Battle Clause: Forcing endless battles is banned
|rule|Species Clause: Limit one of each Pokémon
|rule|OHKO Clause: OHKO moves are banned
|rule|Evasion Items Clause: Evasion items are banned
|rule|Evasion Moves Clause: Evasion moves are banned
|rule|Evasion Abilities Clause: Evasion abilities are banned
|rule|Sleep Moves Clause: Sleep-inducing moves are banned
|clearpoke
|poke|p1|Kingambit, M|
|poke|p1|Corviknight, M|
|poke|p1|Darkrai|
|poke|p1|Landorus-Therian, M|
|poke|p1|Cottonee, L1, F|
|poke|p1|Jirachi|
|poke|p2|Garganacl, M|
|poke|p2|Corviknight, M|
|poke|p2|Gliscor, M|
|poke|p2|Toxapex, F|
|poke|p2|Blaziken, F|
|poke|p2|Alomomola, F|
|teampreview
|inactive|Battle timer is ON: inactive players will automatically lose when time's up. (requested by GrandSagePatate)
|
|t:|1779616167
|teamsize|p1|6
|teamsize|p2|6
|start
|switch|p1a: Cottonee|Cottonee, L1, F, shiny|100/100
|switch|p2a: Garganacl|Garganacl, M|100/100
|turn|1
|inactive|ghaviall has 120 seconds left.
|
|t:|1779616218
|switch|p2a: Corviknight|Corviknight, M, shiny|100/100
|-ability|p2a: Corviknight|Pressure
|move|p1a: Cottonee|Leech Seed|p2a: Corviknight
|-start|p2a: Corviknight|move: Leech Seed
|
|-damage|p2a: Corviknight|88/100|[from] Leech Seed|[of] p1a: Cottonee
|upkeep
|turn|2
|
|t:|1779616226
|move|p1a: Cottonee|Substitute|p1a: Cottonee
|-start|p1a: Cottonee|Substitute
|-damage|p1a: Cottonee|75/100
|move|p2a: Corviknight|Brave Bird|p1a: Cottonee
|-supereffective|p1a: Cottonee
|-end|p1a: Cottonee|Substitute
|-damage|p2a: Corviknight|88/100|[from] Recoil|[of] p1a: Cottonee
|
|-damage|p2a: Corviknight|75/100|[from] Leech Seed|[of] p1a: Cottonee
|-heal|p1a: Cottonee|100/100|[silent]
|upkeep
|turn|3
|
|t:|1779616236
|move|p1a: Cottonee|Substitute|p1a: Cottonee
|-start|p1a: Cottonee|Substitute
|-damage|p1a: Cottonee|75/100
|move|p2a: Corviknight|Brave Bird|p1a: Cottonee
|-supereffective|p1a: Cottonee
|-end|p1a: Cottonee|Substitute
|-damage|p2a: Corviknight|75/100|[from] Recoil|[of] p1a: Cottonee
|
|-damage|p2a: Corviknight|62/100|[from] Leech Seed|[of] p1a: Cottonee
|-heal|p1a: Cottonee|100/100|[silent]
|upkeep
|turn|4
|
|t:|1779616246
|switch|p1a: Corviknight|Corviknight, M, shiny|100/100
|move|p2a: Corviknight|Defog||[still]
|-ability|p1a: Corviknight|Mirror Armor
|-unboost|p2a: Corviknight|evasion|1
|-fail|p2a: Corviknight
|
|-damage|p2a: Corviknight|50/100|[from] Leech Seed|[of] p1a: Corviknight
|upkeep
|turn|5
|
|t:|1779616266
|switch|p2a: Garganacl|Garganacl, M|100/100
|move|p1a: Corviknight|Reflect|p1a: Corviknight
|-sidestart|p1: GrandSagePatate|Reflect
|
|upkeep
|turn|6
|
|t:|1779616273
|move|p1a: Corviknight|U-turn|p2a: Garganacl
|-damage|p2a: Garganacl|91/100
|
|t:|1779616276
|switch|p1a: Landorus|Landorus-Therian, M, shiny|100/100|[from] U-turn
|-ability|p1a: Landorus|Intimidate|boost
|-unboost|p2a: Garganacl|atk|1
|move|p2a: Garganacl|Salt Cure|p1a: Landorus
|-damage|p1a: Landorus|95/100
|-start|p1a: Landorus|Salt Cure
|
|-heal|p1a: Landorus|100/100|[from] item: Leftovers
|-heal|p2a: Garganacl|97/100|[from] item: Leftovers
|-damage|p1a: Landorus|88/100|[from] Salt Cure
|upkeep
|turn|7
|inactive|ghaviall has 120 seconds left.
|
|t:|1779616287
|move|p1a: Landorus|Earthquake|p2a: Garganacl
|-supereffective|p2a: Garganacl
|-damage|p2a: Garganacl|17/100
|move|p2a: Garganacl|Iron Defense|p2a: Garganacl
|-boost|p2a: Garganacl|def|2
|
|-heal|p1a: Landorus|94/100|[from] item: Leftovers
|-heal|p2a: Garganacl|23/100|[from] item: Leftovers
|-damage|p1a: Landorus|82/100|[from] Salt Cure
|upkeep
|turn|8
|inactive|ghaviall has 120 seconds left.
|
|t:|1779616298
|switch|p2a: Alomomola|Alomomola, F|100/100
|move|p1a: Landorus|Earthquake|p2a: Alomomola
|-damage|p2a: Alomomola|62/100
|
|-heal|p1a: Landorus|88/100|[from] item: Leftovers
|-heal|p2a: Alomomola|68/100|[from] item: Leftovers
|-damage|p1a: Landorus|75/100|[from] Salt Cure
|upkeep
|turn|9
|inactive|ghaviall has 120 seconds left.
|
|t:|1779616310
|move|p1a: Landorus|U-turn|p2a: Alomomola
|-damage|p2a: Alomomola|48/100
|
|t:|1779616318
|switch|p1a: Jirachi|Jirachi, shiny|100/100|[from] U-turn
|move|p2a: Alomomola|Hydro Pump|p1a: Jirachi
|-damage|p1a: Jirachi|81/100
|
|-heal|p2a: Alomomola|54/100|[from] item: Leftovers
|-sideend|p1: GrandSagePatate|Reflect
|upkeep
|turn|10
|
|t:|1779616329
|move|p2a: Alomomola|Protect|p2a: Alomomola
|-singleturn|p2a: Alomomola|Protect
|move|p1a: Jirachi|Iron Head|p2a: Alomomola
|-activate|p2a: Alomomola|move: Protect
|
|-heal|p2a: Alomomola|61/100|[from] item: Leftovers
|upkeep
|turn|11
|
|t:|1779616344
|switch|p2a: Toxapex|Toxapex, F, shiny|100/100
|move|p1a: Jirachi|Iron Head|p2a: Toxapex
|-resisted|p2a: Toxapex
|-damage|p2a: Toxapex|91/100
|
|-heal|p2a: Toxapex|97/100|[from] item: Leftovers
|upkeep
|turn|12
|inactive|ghaviall has 120 seconds left.
|
|t:|1779616361
|switch|p1a: Corviknight|Corviknight, M, shiny|100/100
|switch|p2a: Corviknight|Corviknight, M, shiny|50/100
|-ability|p2a: Corviknight|Pressure
|
|upkeep
|turn|13
|
|t:|1779616369
|move|p2a: Corviknight|Roost|p2a: Corviknight
|-heal|p2a: Corviknight|99/100
|-singleturn|p2a: Corviknight|move: Roost
|move|p1a: Corviknight|Reflect|p1a: Corviknight
|-sidestart|p1: GrandSagePatate|Reflect
|
|upkeep
|turn|14
|
|t:|1779616379
|move|p2a: Corviknight|U-turn|p1a: Corviknight
|-resisted|p1a: Corviknight
|-damage|p1a: Corviknight|99/100
|-damage|p2a: Corviknight|83/100|[from] item: Rocky Helmet|[of] p1a: Corviknight
|
|t:|1779616387
|switch|p2a: Gliscor|Gliscor, M, shiny|100/100|[from] U-turn
|move|p1a: Corviknight|U-turn|p2a: Gliscor
|-resisted|p2a: Gliscor
|-damage|p2a: Gliscor|94/100
|
|t:|1779616400
|switch|p1a: Landorus|Landorus-Therian, M, shiny|75/100|[from] U-turn
|-ability|p1a: Landorus|Intimidate|boost
|-unboost|p2a: Gliscor|atk|1
|
|-heal|p1a: Landorus|82/100|[from] item: Leftovers
|-status|p2a: Gliscor|tox|[from] item: Toxic Orb
|upkeep
|turn|15
|
|t:|1779616410
|move|p2a: Gliscor|Protect|p2a: Gliscor
|-singleturn|p2a: Gliscor|Protect
|move|p1a: Landorus|Stone Edge|p2a: Gliscor
|-activate|p2a: Gliscor|move: Protect
|
|-heal|p1a: Landorus|88/100|[from] item: Leftovers
|-heal|p2a: Gliscor|100/100 tox|[from] ability: Poison Heal
|upkeep
|turn|16
|
|t:|1779616427
|switch|p2a: Alomomola|Alomomola, F|94/100
|move|p1a: Landorus|Stone Edge|p2a: Alomomola
|-damage|p2a: Alomomola|64/100
|
|-heal|p1a: Landorus|94/100|[from] item: Leftovers
|-heal|p2a: Alomomola|70/100|[from] item: Leftovers
|upkeep
|turn|17
|inactive|ghaviall has 120 seconds left.
|
|t:|1779616459
|move|p1a: Landorus|Protect|p1a: Landorus
|-singleturn|p1a: Landorus|Protect
|move|p2a: Alomomola|Wish|p2a: Alomomola
|
|-heal|p1a: Landorus|100/100|[from] item: Leftovers
|-heal|p2a: Alomomola|77/100|[from] item: Leftovers
|-sideend|p1: GrandSagePatate|Reflect
|upkeep
|turn|18
|
|t:|1779616472
|switch|p2a: Garganacl|Garganacl, M|23/100
|move|p1a: Landorus|U-turn|p2a: Garganacl
|-damage|p2a: Garganacl|5/100
|
|t:|1779616478
|switch|p1a: Jirachi|Jirachi, shiny|81/100|[from] U-turn
|
|-heal|p2a: Garganacl|74/100|[from] move: Wish|[wisher] Alomomola
|-heal|p2a: Garganacl|80/100|[from] item: Leftovers
|upkeep
|turn|19
|inactive|ghaviall has 120 seconds left.
|
|t:|1779616498
|-terastallize|p2a: Garganacl|Steel
|move|p1a: Jirachi|Iron Head|p2a: Garganacl
|-resisted|p2a: Garganacl
|-damage|p2a: Garganacl|69/100
|cant|p2a: Garganacl|flinch
|
|-heal|p2a: Garganacl|75/100|[from] item: Leftovers
|upkeep
|turn|20
|
|t:|1779616510
|move|p1a: Jirachi|Iron Head|p2a: Garganacl
|-resisted|p2a: Garganacl
|-damage|p2a: Garganacl|63/100
|cant|p2a: Garganacl|flinch
|
|-heal|p2a: Garganacl|69/100|[from] item: Leftovers
|upkeep
|turn|21
|inactive|ghaviall has 120 seconds left.
|
|t:|1779616516
|move|p1a: Jirachi|Iron Head|p2a: Garganacl
|-resisted|p2a: Garganacl
|-damage|p2a: Garganacl|57/100
|cant|p2a: Garganacl|flinch
|
|-heal|p2a: Garganacl|63/100|[from] item: Leftovers
|upkeep
|turn|22
|
|t:|1779616523
|move|p1a: Jirachi|Iron Head|p2a: Garganacl
|-resisted|p2a: Garganacl
|-damage|p2a: Garganacl|51/100
|cant|p2a: Garganacl|flinch
|
|-heal|p2a: Garganacl|57/100|[from] item: Leftovers
|upkeep
|turn|23
|
|t:|1779616530
|move|p1a: Jirachi|Iron Head|p2a: Garganacl
|-resisted|p2a: Garganacl
|-damage|p2a: Garganacl|47/100
|move|p2a: Garganacl|Recover|p2a: Garganacl
|-heal|p2a: Garganacl|97/100
|
|-heal|p2a: Garganacl|100/100|[from] item: Leftovers
|upkeep
|turn|24
|
|t:|1779616537
|switch|p1a: Corviknight|Corviknight, M, shiny|99/100
|move|p2a: Garganacl|Iron Defense|p2a: Garganacl
|-boost|p2a: Garganacl|def|2
|
|upkeep
|turn|25
|
|t:|1779616551
|move|p1a: Corviknight|U-turn|p2a: Garganacl
|-resisted|p2a: Garganacl
|-damage|p2a: Garganacl|98/100
|
|t:|1779616553
|switch|p1a: Cottonee|Cottonee, L1, F, shiny|100/100|[from] U-turn
|move|p2a: Garganacl|Body Press|p1a: Cottonee
|-resisted|p1a: Cottonee
|-enditem|p1a: Cottonee|Focus Sash
|-damage|p1a: Cottonee|9/100
|
|-heal|p2a: Garganacl|100/100|[from] item: Leftovers
|upkeep
|turn|26
|
|t:|1779616565
|move|p1a: Cottonee|Leech Seed|p2a: Garganacl
|-start|p2a: Garganacl|move: Leech Seed
|move|p2a: Garganacl|Salt Cure|p1a: Cottonee
|-damage|p1a: Cottonee|0 fnt
|faint|p1a: Cottonee
|
|upkeep
|
|t:|1779616569
|switch|p1a: Landorus|Landorus-Therian, M, shiny|100/100
|-ability|p1a: Landorus|Intimidate|boost
|-unboost|p2a: Garganacl|atk|1
|turn|27
|
|t:|1779616578
|move|p1a: Landorus|Stone Edge|p2a: Garganacl
|-resisted|p2a: Garganacl
|-crit|p2a: Garganacl
|-damage|p2a: Garganacl|83/100
|move|p2a: Garganacl|Body Press|p1a: Landorus
|-resisted|p1a: Landorus
|-damage|p1a: Landorus|67/100
|
|-heal|p1a: Landorus|74/100|[from] item: Leftovers
|-heal|p2a: Garganacl|89/100|[from] item: Leftovers
|-damage|p2a: Garganacl|77/100|[from] Leech Seed|[of] p1a: Landorus
|-heal|p1a: Landorus|87/100|[silent]
|upkeep
|turn|28
|
|t:|1779616593
|move|p1a: Landorus|Earthquake|p2a: Garganacl
|-supereffective|p2a: Garganacl
|-damage|p2a: Garganacl|43/100
|move|p2a: Garganacl|Iron Defense|p2a: Garganacl
|-boost|p2a: Garganacl|def|2
|
|-heal|p1a: Landorus|93/100|[from] item: Leftovers
|-heal|p2a: Garganacl|49/100|[from] item: Leftovers
|-damage|p2a: Garganacl|37/100|[from] Leech Seed|[of] p1a: Landorus
|-heal|p1a: Landorus|100/100|[silent]
|upkeep
|turn|29
|
|t:|1779616606
|switch|p2a: Alomomola|Alomomola, F|100/100
|move|p1a: Landorus|Protect||[still]
|-fail|p1a: Landorus
|
|upkeep
|turn|30
|
|t:|1779616613
|move|p1a: Landorus|Earthquake|p2a: Alomomola
|-damage|p2a: Alomomola|62/100
|move|p2a: Alomomola|Hydro Pump|p1a: Landorus
|-supereffective|p1a: Landorus
|-damage|p1a: Landorus|48/100
|
|-heal|p1a: Landorus|54/100|[from] item: Leftovers
|-heal|p2a: Alomomola|68/100|[from] item: Leftovers
|upkeep
|turn|31
|
|t:|1779616621
|move|p1a: Landorus|Earthquake|p2a: Alomomola
|-damage|p2a: Alomomola|24/100
|move|p2a: Alomomola|Hydro Pump|p1a: Landorus
|-supereffective|p1a: Landorus
|-damage|p1a: Landorus|1/100
|
|-heal|p1a: Landorus|7/100|[from] item: Leftovers
|-heal|p2a: Alomomola|31/100|[from] item: Leftovers
|upkeep
|turn|32
|
|t:|1779616637
|move|p2a: Alomomola|Protect|p2a: Alomomola
|-singleturn|p2a: Alomomola|Protect
|move|p1a: Landorus|Earthquake|p2a: Alomomola
|-activate|p2a: Alomomola|move: Protect
|
|-heal|p1a: Landorus|14/100|[from] item: Leftovers
|-heal|p2a: Alomomola|37/100|[from] item: Leftovers
|upkeep
|turn|33
|
|t:|1779616649
|switch|p2a: Gliscor|Gliscor, M, shiny|100/100 tox
|move|p1a: Landorus|Earthquake|p2a: Gliscor
|-immune|p2a: Gliscor
|
|-heal|p1a: Landorus|20/100|[from] item: Leftovers
|upkeep
|turn|34
|
|t:|1779616657
|switch|p1a: Corviknight|Corviknight, M, shiny|99/100
|move|p2a: Gliscor|Knock Off|p1a: Corviknight
|-damage|p1a: Corviknight|78/100
|-damage|p2a: Gliscor|84/100 tox|[from] item: Rocky Helmet|[of] p1a: Corviknight
|-enditem|p1a: Corviknight|Rocky Helmet|[from] move: Knock Off|[of] p2a: Gliscor
|
|-heal|p2a: Gliscor|97/100 tox|[from] ability: Poison Heal
|upkeep
|turn|35
|
|t:|1779616669
|switch|p2a: Alomomola|Alomomola, F|70/100
|move|p1a: Corviknight|Reflect|p1a: Corviknight
|-sidestart|p1: GrandSagePatate|Reflect
|
|-heal|p2a: Alomomola|76/100|[from] item: Leftovers
|upkeep
|turn|36
|
|t:|1779616675
|move|p2a: Alomomola|Wish|p2a: Alomomola
|move|p1a: Corviknight|U-turn|p2a: Alomomola
|-damage|p2a: Alomomola|65/100
|
|t:|1779616679
|switch|p1a: Landorus|Landorus-Therian, M, shiny|20/100|[from] U-turn
|-ability|p1a: Landorus|Intimidate|boost
|-unboost|p2a: Alomomola|atk|1
|
|-heal|p1a: Landorus|26/100|[from] item: Leftovers
|-heal|p2a: Alomomola|72/100|[from] item: Leftovers
|upkeep
|turn|37
|
|t:|1779616683
|switch|p2a: Garganacl|Garganacl, M, tera:Steel|37/100
|move|p1a: Landorus|Earthquake|p2a: Garganacl
|-supereffective|p2a: Garganacl
|-damage|p2a: Garganacl|0 fnt
|faint|p2a: Garganacl
|
|-heal|p1a: Landorus|32/100|[from] item: Leftovers
|upkeep
|
|t:|1779616689
|switch|p2a: Alomomola|Alomomola, F|100/100
|turn|38
|
|t:|1779616693
|move|p1a: Landorus|U-turn|p2a: Alomomola
|-damage|p2a: Alomomola|79/100
|
|t:|1779616696
|switch|p1a: Corviknight|Corviknight, M, shiny|78/100|[from] U-turn
|move|p2a: Alomomola|Hydro Pump|p1a: Corviknight
|-damage|p1a: Corviknight|61/100
|
|-heal|p2a: Alomomola|86/100|[from] item: Leftovers
|upkeep
|turn|39
|
|t:|1779616720
|switch|p2a: Toxapex|Toxapex, F, shiny|100/100
|move|p1a: Corviknight|Roost|p1a: Corviknight
|-heal|p1a: Corviknight|100/100
|-singleturn|p1a: Corviknight|move: Roost
|
|-sideend|p1: GrandSagePatate|Reflect
|upkeep
|turn|40
|
|t:|1779616727
|switch|p2a: Alomomola|Alomomola, F|100/100
|move|p1a: Corviknight|Reflect|p1a: Corviknight
|-sidestart|p1: GrandSagePatate|Reflect
|
|upkeep
|turn|41
|
|t:|1779616740
|switch|p2a: Gliscor|Gliscor, M, shiny|97/100 tox
|move|p1a: Corviknight|U-turn|p2a: Gliscor
|-resisted|p2a: Gliscor
|-damage|p2a: Gliscor|90/100 tox
|
|t:|1779616748
|switch|p1a: Jirachi|Jirachi, shiny|81/100|[from] U-turn
|
|-heal|p2a: Gliscor|100/100 tox|[from] ability: Poison Heal
|upkeep
|turn|42
|
|t:|1779616754
|move|p1a: Jirachi|Iron Head|p2a: Gliscor
|-damage|p2a: Gliscor|66/100 tox
|cant|p2a: Gliscor|flinch
|
|-heal|p2a: Gliscor|78/100 tox|[from] ability: Poison Heal
|upkeep
|turn|43
|
|t:|1779616760
|move|p2a: Gliscor|Protect|p2a: Gliscor
|-singleturn|p2a: Gliscor|Protect
|move|p1a: Jirachi|Iron Head|p2a: Gliscor
|-activate|p2a: Gliscor|move: Protect
|
|-heal|p2a: Gliscor|91/100 tox|[from] ability: Poison Heal
|upkeep
|turn|44
|
|t:|1779616767
|move|p1a: Jirachi|Iron Head|p2a: Gliscor
|-damage|p2a: Gliscor|58/100 tox
|cant|p2a: Gliscor|flinch
|
|-heal|p2a: Gliscor|71/100 tox|[from] ability: Poison Heal
|-sideend|p1: GrandSagePatate|Reflect
|upkeep
|turn|45
|
|t:|1779616774
|move|p1a: Jirachi|Iron Head|p2a: Gliscor
|-damage|p2a: Gliscor|40/100 tox
|cant|p2a: Gliscor|flinch
|
|-heal|p2a: Gliscor|52/100 tox|[from] ability: Poison Heal
|upkeep
|turn|46
|
|t:|1779616781
|move|p1a: Jirachi|Iron Head|p2a: Gliscor
|-damage|p2a: Gliscor|19/100 tox
|cant|p2a: Gliscor|flinch
|
|-heal|p2a: Gliscor|31/100 tox|[from] ability: Poison Heal
|upkeep
|turn|47
|
|t:|1779616787
|move|p2a: Gliscor|Protect|p2a: Gliscor
|-singleturn|p2a: Gliscor|Protect
|move|p1a: Jirachi|Iron Head|p2a: Gliscor
|-activate|p2a: Gliscor|move: Protect
|
|-heal|p2a: Gliscor|44/100 tox|[from] ability: Poison Heal
|upkeep
|turn|48
|
|t:|1779616794
|move|p1a: Jirachi|Iron Head|p2a: Gliscor
|-damage|p2a: Gliscor|10/100 tox
|cant|p2a: Gliscor|flinch
|
|-heal|p2a: Gliscor|23/100 tox|[from] ability: Poison Heal
|upkeep
|turn|49
|
|t:|1779616801
|switch|p1a: Landorus|Landorus-Therian, M, shiny|32/100
|-ability|p1a: Landorus|Intimidate|boost
|-unboost|p2a: Gliscor|atk|1
|move|p2a: Gliscor|Protect||[still]
|-fail|p2a: Gliscor
|
|-heal|p1a: Landorus|39/100|[from] item: Leftovers
|-heal|p2a: Gliscor|35/100 tox|[from] ability: Poison Heal
|upkeep
|turn|50
|
|t:|1779616815
|move|p2a: Gliscor|Protect|p2a: Gliscor
|-singleturn|p2a: Gliscor|Protect
|move|p1a: Landorus|Stone Edge|p2a: Gliscor
|-activate|p2a: Gliscor|move: Protect
|
|-heal|p1a: Landorus|45/100|[from] item: Leftovers
|-heal|p2a: Gliscor|48/100 tox|[from] ability: Poison Heal
|upkeep
|turn|51
|
|t:|1779616829
|switch|p2a: Toxapex|Toxapex, F, shiny|100/100
|move|p1a: Landorus|U-turn|p2a: Toxapex
|-resisted|p2a: Toxapex
|-damage|p2a: Toxapex|93/100
|
|t:|1779616834
|switch|p1a: Jirachi|Jirachi, shiny|81/100|[from] U-turn
|
|-heal|p2a: Toxapex|99/100|[from] item: Leftovers
|upkeep
|turn|52
|
|t:|1779616843
|switch|p2a: Alomomola|Alomomola, F|100/100
|move|p1a: Jirachi|Zen Headbutt|p2a: Alomomola
|-damage|p2a: Alomomola|75/100
|
|-heal|p2a: Alomomola|81/100|[from] item: Leftovers
|upkeep
|turn|53
|
|t:|1779616850
|switch|p1a: Corviknight|Corviknight, M, shiny|100/100
|move|p2a: Alomomola|Hydro Pump|p1a: Corviknight|[miss]
|-miss|p2a: Alomomola|p1a: Corviknight
|
|-heal|p2a: Alomomola|87/100|[from] item: Leftovers
|upkeep
|turn|54
|
|t:|1779616862
|move|p2a: Alomomola|Wish|p2a: Alomomola
|move|p1a: Corviknight|Reflect|p1a: Corviknight
|-sidestart|p1: GrandSagePatate|Reflect
|
|-heal|p2a: Alomomola|93/100|[from] item: Leftovers
|upkeep
|turn|55
|
|t:|1779616867
|switch|p2a: Gliscor|Gliscor, M, shiny|48/100 tox
|move|p1a: Corviknight|U-turn|p2a: Gliscor
|-resisted|p2a: Gliscor
|-damage|p2a: Gliscor|41/100 tox
|
|t:|1779616874
|switch|p1a: Jirachi|Jirachi, shiny|81/100|[from] U-turn
|
|-heal|p2a: Gliscor|100/100 tox|[from] move: Wish|[wisher] Alomomola
|upkeep
|turn|56
|
|t:|1779616887
|move|p1a: Jirachi|Iron Head|p2a: Gliscor
|-damage|p2a: Gliscor|67/100 tox
|cant|p2a: Gliscor|flinch
|
|-heal|p2a: Gliscor|79/100 tox|[from] ability: Poison Heal
|upkeep
|turn|57
|
|t:|1779616894
|move|p1a: Jirachi|Iron Head|p2a: Gliscor
|-damage|p2a: Gliscor|47/100 tox
|cant|p2a: Gliscor|flinch
|
|-heal|p2a: Gliscor|60/100 tox|[from] ability: Poison Heal
|upkeep
|turn|58
|
|t:|1779616900
|move|p1a: Jirachi|Iron Head|p2a: Gliscor
|-damage|p2a: Gliscor|25/100 tox
|cant|p2a: Gliscor|flinch
|
|-heal|p2a: Gliscor|37/100 tox|[from] ability: Poison Heal
|-sideend|p1: GrandSagePatate|Reflect
|upkeep
|turn|59
|
|t:|1779616911
|move|p2a: Gliscor|Protect|p2a: Gliscor
|-singleturn|p2a: Gliscor|Protect
|move|p1a: Jirachi|Iron Head|p2a: Gliscor
|-activate|p2a: Gliscor|move: Protect
|
|-heal|p2a: Gliscor|50/100 tox|[from] ability: Poison Heal
|upkeep
|turn|60
|
|t:|1779616926
|switch|p2a: Alomomola|Alomomola, F|100/100
|move|p1a: Jirachi|Iron Head|p2a: Alomomola
|-resisted|p2a: Alomomola
|-damage|p2a: Alomomola|88/100
|
|-heal|p2a: Alomomola|95/100|[from] item: Leftovers
|upkeep
|turn|61
|
|t:|1779616935
|switch|p1a: Corviknight|Corviknight, M, shiny|100/100
|move|p2a: Alomomola|Hydro Pump|p1a: Corviknight|[miss]
|-miss|p2a: Alomomola|p1a: Corviknight
|
|-heal|p2a: Alomomola|100/100|[from] item: Leftovers
|upkeep
|turn|62
|
|t:|1779616940
|move|p2a: Alomomola|Wish|p2a: Alomomola
|move|p1a: Corviknight|Reflect|p1a: Corviknight
|-sidestart|p1: GrandSagePatate|Reflect
|
|upkeep
|turn|63
|
|t:|1779616944
|switch|p2a: Gliscor|Gliscor, M, shiny|50/100 tox
|move|p1a: Corviknight|U-turn|p2a: Gliscor
|-resisted|p2a: Gliscor
|-damage|p2a: Gliscor|43/100 tox
|
|t:|1779616949
|switch|p1a: Darkrai|Darkrai|100/100|[from] U-turn
|
|-heal|p2a: Gliscor|100/100 tox|[from] move: Wish|[wisher] Alomomola
|upkeep
|turn|64
|
|t:|1779616959
|move|p1a: Darkrai|Dark Pulse|p2a: Gliscor
|-damage|p2a: Gliscor|28/100 tox
|-damage|p1a: Darkrai|91/100|[from] item: Life Orb
|move|p2a: Gliscor|Earthquake|p1a: Darkrai
|-damage|p1a: Darkrai|66/100
|
|-heal|p2a: Gliscor|41/100 tox|[from] ability: Poison Heal
|upkeep
|turn|65
|
|t:|1779616968
|move|p2a: Gliscor|Protect|p2a: Gliscor
|-singleturn|p2a: Gliscor|Protect
|move|p1a: Darkrai|Dark Pulse|p2a: Gliscor
|-activate|p2a: Gliscor|move: Protect
|
|-heal|p2a: Gliscor|53/100 tox|[from] ability: Poison Heal
|upkeep
|turn|66
|
|t:|1779616976
|switch|p2a: Alomomola|Alomomola, F|100/100
|move|p1a: Darkrai|Dark Pulse|p2a: Alomomola
|-damage|p2a: Alomomola|37/100
|-damage|p1a: Darkrai|56/100|[from] item: Life Orb
|
|-heal|p2a: Alomomola|43/100|[from] item: Leftovers
|-sideend|p1: GrandSagePatate|Reflect
|upkeep
|turn|67
|
|t:|1779616984
|move|p2a: Alomomola|Protect|p2a: Alomomola
|-singleturn|p2a: Alomomola|Protect
|move|p1a: Darkrai|Dark Pulse|p2a: Alomomola
|-activate|p2a: Alomomola|move: Protect
|
|-heal|p2a: Alomomola|49/100|[from] item: Leftovers
|upkeep
|turn|68
|
|t:|1779616991
|switch|p2a: Toxapex|Toxapex, F, shiny|100/100
|move|p1a: Darkrai|Dark Pulse|p2a: Toxapex
|-damage|p2a: Toxapex|50/100
|-damage|p1a: Darkrai|46/100|[from] item: Life Orb
|
|-heal|p2a: Toxapex|56/100|[from] item: Leftovers
|upkeep
|turn|69
|
|t:|1779617001
|move|p1a: Darkrai|Thunder|p2a: Toxapex
|-supereffective|p2a: Toxapex
|-damage|p2a: Toxapex|0 fnt
|faint|p2a: Toxapex
|-damage|p1a: Darkrai|36/100|[from] item: Life Orb
|
|upkeep
|
|t:|1779617007
|switch|p2a: Blaziken|Blaziken, F, shiny|100/100
|turn|70
|
|t:|1779617018
|switch|p1a: Corviknight|Corviknight, M, shiny|100/100
|move|p2a: Blaziken|Protect||[still]
|-fail|p2a: Blaziken
|
|-ability|p2a: Blaziken|Speed Boost|boost
|-boost|p2a: Blaziken|spe|1
|upkeep
|turn|71
|
|t:|1779617027
|move|p2a: Blaziken|Blaze Kick|p1a: Corviknight
|-supereffective|p1a: Corviknight
|-damage|p1a: Corviknight|36/100
|move|p1a: Corviknight|Reflect|p1a: Corviknight
|-sidestart|p1: GrandSagePatate|Reflect
|
|-ability|p2a: Blaziken|Speed Boost|boost
|-boost|p2a: Blaziken|spe|1
|upkeep
|turn|72
|
|t:|1779617039
|move|p2a: Blaziken|Blaze Kick|p1a: Corviknight
|-supereffective|p1a: Corviknight
|-damage|p1a: Corviknight|3/100
|move|p1a: Corviknight|Roost|p1a: Corviknight
|-heal|p1a: Corviknight|53/100
|-singleturn|p1a: Corviknight|move: Roost
|
|-ability|p2a: Blaziken|Speed Boost|boost
|-boost|p2a: Blaziken|spe|1
|upkeep
|turn|73
|
|t:|1779617049
|move|p2a: Blaziken|Blaze Kick|p1a: Corviknight
|-supereffective|p1a: Corviknight
|-damage|p1a: Corviknight|19/100
|move|p1a: Corviknight|U-turn|p2a: Blaziken
|-resisted|p2a: Blaziken
|-damage|p2a: Blaziken|96/100
|
|t:|1779617055
|switch|p1a: Landorus|Landorus-Therian, M, shiny|45/100|[from] U-turn
|-ability|p1a: Landorus|Intimidate|boost
|-unboost|p2a: Blaziken|atk|1
|
|-heal|p1a: Landorus|51/100|[from] item: Leftovers
|-ability|p2a: Blaziken|Speed Boost|boost
|-boost|p2a: Blaziken|spe|1
|upkeep
|turn|74
|
|t:|1779617075
|move|p2a: Blaziken|Protect|p2a: Blaziken
|-singleturn|p2a: Blaziken|Protect
|move|p1a: Landorus|Earthquake|p2a: Blaziken
|-activate|p2a: Blaziken|move: Protect
|
|-heal|p1a: Landorus|57/100|[from] item: Leftovers
|-ability|p2a: Blaziken|Speed Boost|boost
|-boost|p2a: Blaziken|spe|1
|upkeep
|turn|75
|
|t:|1779617086
|switch|p2a: Alomomola|Alomomola, F|82/100
|move|p1a: Landorus|Earthquake|p2a: Alomomola
|-damage|p2a: Alomomola|40/100
|
|-heal|p1a: Landorus|64/100|[from] item: Leftovers
|-heal|p2a: Alomomola|46/100|[from] item: Leftovers
|-sideend|p1: GrandSagePatate|Reflect
|upkeep
|turn|76
|
|t:|1779617097
|move|p1a: Landorus|U-turn|p2a: Alomomola
|-damage|p2a: Alomomola|26/100
|
|t:|1779617100
|switch|p1a: Corviknight|Corviknight, M, shiny|19/100|[from] U-turn
|move|p2a: Alomomola|Wish|p2a: Alomomola
|
|-heal|p2a: Alomomola|32/100|[from] item: Leftovers
|upkeep
|turn|77
|
|t:|1779617107
|move|p2a: Alomomola|Protect|p2a: Alomomola
|-singleturn|p2a: Alomomola|Protect
|move|p1a: Corviknight|Roost|p1a: Corviknight
|-heal|p1a: Corviknight|69/100
|-singleturn|p1a: Corviknight|move: Roost
|
|-heal|p2a: Alomomola|82/100|[from] move: Wish|[wisher] Alomomola
|-heal|p2a: Alomomola|88/100|[from] item: Leftovers
|upkeep
|turn|78
|
|t:|1779617119
|move|p2a: Alomomola|Wish|p2a: Alomomola
|move|p1a: Corviknight|Roost|p1a: Corviknight
|-heal|p1a: Corviknight|100/100
|-singleturn|p1a: Corviknight|move: Roost
|
|-heal|p2a: Alomomola|94/100|[from] item: Leftovers
|upkeep
|turn|79
|
|t:|1779617125
|switch|p2a: Gliscor|Gliscor, M, shiny|53/100 tox
|move|p1a: Corviknight|U-turn|p2a: Gliscor
|-resisted|p2a: Gliscor
|-damage|p2a: Gliscor|46/100 tox
|
|t:|1779617133
|switch|p1a: Jirachi|Jirachi, shiny|81/100|[from] U-turn
|
|-heal|p2a: Gliscor|100/100 tox|[from] move: Wish|[wisher] Alomomola
|upkeep
|turn|80
|
|t:|1779617148
|move|p1a: Jirachi|U-turn|p2a: Gliscor
|-resisted|p2a: Gliscor
|-damage|p2a: Gliscor|91/100 tox
|
|t:|1779617152
|switch|p1a: Corviknight|Corviknight, M, shiny|100/100|[from] U-turn
|move|p2a: Gliscor|Knock Off|p1a: Corviknight
|-damage|p1a: Corviknight|86/100
|
|-heal|p2a: Gliscor|100/100 tox|[from] ability: Poison Heal
|upkeep
|turn|81
|
|t:|1779617169
|move|p2a: Gliscor|Protect|p2a: Gliscor
|-singleturn|p2a: Gliscor|Protect
|move|p1a: Corviknight|Reflect|p1a: Corviknight
|-sidestart|p1: GrandSagePatate|Reflect
|
|upkeep
|turn|82
|
|t:|1779617174
|move|p2a: Gliscor|Swords Dance|p2a: Gliscor
|-boost|p2a: Gliscor|atk|2
|move|p1a: Corviknight|U-turn|p2a: Gliscor
|-resisted|p2a: Gliscor
|-damage|p2a: Gliscor|94/100 tox
|
|t:|1779617186
|switch|p1a: Darkrai|Darkrai|36/100|[from] U-turn
|
|-heal|p2a: Gliscor|100/100 tox|[from] ability: Poison Heal
|upkeep
|turn|83
|
|t:|1779617193
|move|p1a: Darkrai|Dark Pulse|p2a: Gliscor
|-damage|p2a: Gliscor|26/100 tox
|-damage|p1a: Darkrai|26/100|[from] item: Life Orb
|move|p2a: Gliscor|Earthquake|p1a: Darkrai
|-damage|p1a: Darkrai|0 fnt
|faint|p1a: Darkrai
|
|-heal|p2a: Gliscor|39/100 tox|[from] ability: Poison Heal
|upkeep
|
|t:|1779617199
|switch|p1a: Jirachi|Jirachi, shiny|81/100
|turn|84
|
|t:|1779617205
|move|p2a: Gliscor|Protect|p2a: Gliscor
|-singleturn|p2a: Gliscor|Protect
|move|p1a: Jirachi|Iron Head|p2a: Gliscor
|-activate|p2a: Gliscor|move: Protect
|
|-heal|p2a: Gliscor|51/100 tox|[from] ability: Poison Heal
|upkeep
|turn|85
|
|t:|1779617213
|switch|p2a: Alomomola|Alomomola, F|100/100
|move|p1a: Jirachi|Iron Head|p2a: Alomomola
|-resisted|p2a: Alomomola
|-crit|p2a: Alomomola
|-damage|p2a: Alomomola|82/100
|
|-heal|p2a: Alomomola|88/100|[from] item: Leftovers
|-sideend|p1: GrandSagePatate|Reflect
|upkeep
|turn|86
|
|t:|1779617223
|switch|p1a: Corviknight|Corviknight, M, shiny|86/100
|move|p2a: Alomomola|Hydro Pump|p1a: Corviknight
|-damage|p1a: Corviknight|70/100
|
|-heal|p2a: Alomomola|94/100|[from] item: Leftovers
|upkeep
|turn|87
|
|t:|1779617233
|move|p2a: Alomomola|Wish|p2a: Alomomola
|move|p1a: Corviknight|Roost|p1a: Corviknight
|-heal|p1a: Corviknight|100/100
|-singleturn|p1a: Corviknight|move: Roost
|
|-heal|p2a: Alomomola|99/100|[from] item: Leftovers
|upkeep
|turn|88
|
|t:|1779617238
|switch|p2a: Gliscor|Gliscor, M, shiny|51/100 tox
|switch|p1a: Landorus|Landorus-Therian, M, shiny|64/100
|-ability|p1a: Landorus|Intimidate|boost
|-unboost|p2a: Gliscor|atk|1
|
|-heal|p2a: Gliscor|100/100 tox|[from] move: Wish|[wisher] Alomomola
|-heal|p1a: Landorus|70/100|[from] item: Leftovers
|upkeep
|turn|89
|
|t:|1779617251
|move|p1a: Landorus|U-turn|p2a: Gliscor
|-resisted|p2a: Gliscor
|-damage|p2a: Gliscor|88/100 tox
|
|t:|1779617254
|switch|p1a: Corviknight|Corviknight, M, shiny|100/100|[from] U-turn
|move|p2a: Gliscor|Swords Dance|p2a: Gliscor
|-boost|p2a: Gliscor|atk|2
|
|-heal|p2a: Gliscor|100/100 tox|[from] ability: Poison Heal
|upkeep
|turn|90
|
|t:|1779617262
|move|p2a: Gliscor|Knock Off|p1a: Corviknight
|-crit|p1a: Corviknight
|-damage|p1a: Corviknight|72/100
|move|p1a: Corviknight|Reflect|p1a: Corviknight
|-sidestart|p1: GrandSagePatate|Reflect
|
|upkeep
|turn|91
|
|t:|1779617268
|move|p2a: Gliscor|Swords Dance|p2a: Gliscor
|-boost|p2a: Gliscor|atk|2
|move|p1a: Corviknight|U-turn|p2a: Gliscor
|-resisted|p2a: Gliscor
|-damage|p2a: Gliscor|93/100 tox
|
|t:|1779617270
|switch|p1a: Landorus|Landorus-Therian, M, shiny|70/100|[from] U-turn
|-ability|p1a: Landorus|Intimidate|boost
|-unboost|p2a: Gliscor|atk|1
|
|-heal|p1a: Landorus|76/100|[from] item: Leftovers
|-heal|p2a: Gliscor|100/100 tox|[from] ability: Poison Heal
|upkeep
|turn|92
|
|t:|1779617280
|move|p1a: Landorus|Stone Edge|p2a: Gliscor
|-damage|p2a: Gliscor|67/100 tox
|move|p2a: Gliscor|Knock Off|p1a: Landorus
|-damage|p1a: Landorus|46/100
|-enditem|p1a: Landorus|Leftovers|[from] move: Knock Off|[of] p2a: Gliscor
|
|-heal|p2a: Gliscor|79/100 tox|[from] ability: Poison Heal
|upkeep
|turn|93
|
|t:|1779617289
|move|p1a: Landorus|U-turn|p2a: Gliscor
|-resisted|p2a: Gliscor
|-damage|p2a: Gliscor|67/100 tox
|
|t:|1779617299
|switch|p1a: Corviknight|Corviknight, M, shiny|72/100|[from] U-turn
|move|p2a: Gliscor|Swords Dance|p2a: Gliscor
|-boost|p2a: Gliscor|atk|2
|
|-heal|p2a: Gliscor|79/100 tox|[from] ability: Poison Heal
|upkeep
|turn|94
|
|t:|1779617307
|move|p2a: Gliscor|Knock Off|p1a: Corviknight
|-crit|p1a: Corviknight
|-damage|p1a: Corviknight|10/100
|move|p1a: Corviknight|U-turn|p2a: Gliscor
|-resisted|p2a: Gliscor
|-damage|p2a: Gliscor|73/100 tox
|
|t:|1779617309
|switch|p1a: Landorus|Landorus-Therian, M, shiny|46/100|[from] U-turn
|-ability|p1a: Landorus|Intimidate|boost
|-unboost|p2a: Gliscor|atk|1
|
|-heal|p2a: Gliscor|86/100 tox|[from] ability: Poison Heal
|-sideend|p1: GrandSagePatate|Reflect
|upkeep
|turn|95
|
|t:|1779617318
|move|p1a: Landorus|U-turn|p2a: Gliscor
|-resisted|p2a: Gliscor
|-damage|p2a: Gliscor|74/100 tox
|
|t:|1779617321
|switch|p1a: Corviknight|Corviknight, M, shiny|10/100|[from] U-turn
|move|p2a: Gliscor|Knock Off|p1a: Corviknight
|-damage|p1a: Corviknight|0 fnt
|faint|p1a: Corviknight
|
|-heal|p2a: Gliscor|86/100 tox|[from] ability: Poison Heal
|upkeep
|
|t:|1779617328
|switch|p1a: Landorus|Landorus-Therian, M, shiny|46/100
|-ability|p1a: Landorus|Intimidate|boost
|-unboost|p2a: Gliscor|atk|1
|turn|96
|
|t:|1779617343
|move|p1a: Landorus|Stone Edge|p2a: Gliscor
|-damage|p2a: Gliscor|54/100 tox
|move|p2a: Gliscor|Knock Off|p1a: Landorus
|-damage|p1a: Landorus|6/100
|
|-heal|p2a: Gliscor|67/100 tox|[from] ability: Poison Heal
|upkeep
|turn|97
|
|t:|1779617351
|move|p1a: Landorus|Stone Edge|p2a: Gliscor
|-damage|p2a: Gliscor|30/100 tox
|move|p2a: Gliscor|Knock Off|p1a: Landorus
|-damage|p1a: Landorus|0 fnt
|faint|p1a: Landorus
|
|-heal|p2a: Gliscor|42/100 tox|[from] ability: Poison Heal
|upkeep
|
|t:|1779617356
|switch|p1a: Jirachi|Jirachi, shiny|81/100
|turn|98
|
|t:|1779617362
|move|p2a: Gliscor|Protect|p2a: Gliscor
|-singleturn|p2a: Gliscor|Protect
|move|p1a: Jirachi|Iron Head|p2a: Gliscor
|-activate|p2a: Gliscor|move: Protect
|
|-heal|p2a: Gliscor|55/100 tox|[from] ability: Poison Heal
|upkeep
|turn|99
|
|t:|1779617373
|switch|p2a: Alomomola|Alomomola, F|100/100
|move|p1a: Jirachi|Iron Head|p2a: Alomomola
|-resisted|p2a: Alomomola
|-damage|p2a: Alomomola|87/100
|
|-heal|p2a: Alomomola|93/100|[from] item: Leftovers
|upkeep
|turn|100
|
|t:|1779617380
|move|p1a: Jirachi|Iron Head|p2a: Alomomola
|-resisted|p2a: Alomomola
|-damage|p2a: Alomomola|81/100
|cant|p2a: Alomomola|flinch
|
|-heal|p2a: Alomomola|87/100|[from] item: Leftovers
|upkeep
|turn|101
|
|t:|1779617386
|-activate|p1a: Jirachi|move: Struggle
|move|p1a: Jirachi|Struggle|p2a: Alomomola
|-damage|p2a: Alomomola|76/100
|-damage|p1a: Jirachi|56/100|[from] recoil
|move|p2a: Alomomola|Wish|p2a: Alomomola
|
|-heal|p2a: Alomomola|82/100|[from] item: Leftovers
|upkeep
|turn|102
|
|t:|1779617395
|switch|p2a: Gliscor|Gliscor, M, shiny|55/100 tox
|-activate|p1a: Jirachi|move: Struggle
|move|p1a: Jirachi|Struggle|p2a: Gliscor
|-damage|p2a: Gliscor|42/100 tox
|-damage|p1a: Jirachi|31/100|[from] recoil
|
|-heal|p2a: Gliscor|100/100 tox|[from] move: Wish|[wisher] Alomomola
|upkeep
|turn|103
|
|t:|1779617404
|switch|p1a: Kingambit|Kingambit, M, shiny|100/100
|-activate|p1a: Kingambit|ability: Supreme Overlord
|-start|p1a: Kingambit|fallen4|[silent]
|move|p2a: Gliscor|Swords Dance|p2a: Gliscor
|-boost|p2a: Gliscor|atk|2
|
|upkeep
|turn|104
|
|t:|1779617411
|-terastallize|p1a: Kingambit|Ghost
|move|p2a: Gliscor|Earthquake|p1a: Kingambit
|-damage|p1a: Kingambit|32/100
|move|p1a: Kingambit|Swords Dance|p1a: Kingambit
|-boost|p1a: Kingambit|atk|2
|
|-heal|p1a: Kingambit|38/100|[from] item: Leftovers
|upkeep
|turn|105
|
|t:|1779617419
|move|p1a: Kingambit|Sucker Punch|p2a: Gliscor
|-damage|p2a: Gliscor|0 fnt
|faint|p2a: Gliscor
|
|-heal|p1a: Kingambit|44/100|[from] item: Leftovers
|upkeep
|
|t:|1779617424
|switch|p2a: Blaziken|Blaziken, F, shiny|96/100
|turn|106
|
|t:|1779617435
|move|p2a: Blaziken|Protect|p2a: Blaziken
|-singleturn|p2a: Blaziken|Protect
|move|p1a: Kingambit|Sucker Punch||[still]
|-fail|p1a: Kingambit
|
|-heal|p1a: Kingambit|50/100|[from] item: Leftovers
|-ability|p2a: Blaziken|Speed Boost|boost
|-boost|p2a: Blaziken|spe|1
|upkeep
|turn|107
|
|t:|1779617444
|move|p1a: Kingambit|Sucker Punch|p2a: Blaziken
|-resisted|p2a: Blaziken
|-damage|p2a: Blaziken|6/100
|move|p2a: Blaziken|Blaze Kick|p1a: Kingambit
|-damage|p1a: Kingambit|13/100
|
|-heal|p1a: Kingambit|19/100|[from] item: Leftovers
|-ability|p2a: Blaziken|Speed Boost|boost
|-boost|p2a: Blaziken|spe|1
|upkeep
|turn|108
|
|t:|1779617453
|move|p2a: Blaziken|Protect|p2a: Blaziken
|-singleturn|p2a: Blaziken|Protect
|move|p1a: Kingambit|Sucker Punch||[still]
|-fail|p1a: Kingambit
|
|-heal|p1a: Kingambit|25/100|[from] item: Leftovers
|-ability|p2a: Blaziken|Speed Boost|boost
|-boost|p2a: Blaziken|spe|1
|upkeep
|turn|109
|
|t:|1779617461
|move|p1a: Kingambit|Sucker Punch|p2a: Blaziken
|-resisted|p2a: Blaziken
|-damage|p2a: Blaziken|0 fnt
|faint|p2a: Blaziken
|
|-heal|p1a: Kingambit|32/100|[from] item: Leftovers
|upkeep
|
|t:|1779617464
|switch|p2a: Corviknight|Corviknight, M, shiny|83/100
|-ability|p2a: Corviknight|Pressure
|turn|110
|
|t:|1779617473
|switch|p2a: Alomomola|Alomomola, F|100/100
|move|p1a: Kingambit|Kowtow Cleave|p2a: Alomomola
|-damage|p2a: Alomomola|0 fnt
|faint|p2a: Alomomola
|
|-heal|p1a: Kingambit|38/100|[from] item: Leftovers
|upkeep
|
|t:|1779617477
|switch|p2a: Corviknight|Corviknight, M, shiny|83/100
|-ability|p2a: Corviknight|Pressure
|turn|111
|
|t:|1779617485
|move|p2a: Corviknight|Brave Bird|p1a: Kingambit
|-damage|p1a: Kingambit|0 fnt
|faint|p1a: Kingambit
|-end|p1a: Kingambit|fallen4|[silent]
|-damage|p2a: Corviknight|71/100|[from] Recoil
|
|upkeep
|
|t:|1779617489
|switch|p1a: Jirachi|Jirachi, shiny|31/100
|turn|112
|
|t:|1779617498
|move|p1a: Jirachi|Zen Headbutt|p2a: Corviknight
|-resisted|p2a: Corviknight
|-damage|p2a: Corviknight|54/100
|-damage|p1a: Jirachi|15/100|[from] item: Rocky Helmet|[of] p2a: Corviknight
|move|p2a: Corviknight|U-turn|p1a: Jirachi
|-damage|p1a: Jirachi|0 fnt
|faint|p1a: Jirachi
|
|win|ghaviall
|raw|GrandSagePatate's rating: 1192 &rarr; <strong>1171</strong><br />(-21 for losing)
|raw|ghaviall's rating: 1246 &rarr; <strong>1267</strong><br />(+21 for winning)
|l|☆GrandSagePatate
|player|p1|
|c|☆ghaviall|gg
|l|☆ghaviall
|player|p2|
