|j|☆gvgvjvfcgv
|j|☆zdarkfirex
|t:|1779671443
|gametype|singles
|player|p1|gvgvjvfcgv|170|1180
|player|p2|zdarkfirex|265|1239
|gen|9
|tier|[Gen 9] OU
|rated|
|rule|HP Percentage Mod: HP is shown in percentages
|rule|Endless Battle Clause: Forcing endless battles is banned
|rule|Species Clause: Limit one of each Pokémon
|rule|OHKO Clause: OHKO moves are banned
|rule|Evasion Items Clause: Evasion items are banned
|rule|Evasion Moves Clause: Evasion moves are banned
|rule|Evasion Abilities Clause: Evasion abilities are banned
|rule|Sleep Moves Clause: Sleep-inducing moves are banned
|clearpoke
|poke|p1|Dragonite, F|
|poke|p1|Clefable, M|
|poke|p1|Moltres|
|poke|p1|Haunter, M|
|poke|p1|Gengar, F|
|poke|p1|Weavile, F|
|poke|p2|Clefable, F|
|poke|p2|Gliscor, M|
|poke|p2|Dragapult, F|
|poke|p2|Kingambit, M|
|poke|p2|Cinderace, F|
|poke|p2|Primarina, F|
|teampreview
|
|t:|1779671450
|teamsize|p1|6
|teamsize|p2|6
|start
|switch|p1a: Lil bro|Haunter, M|100/100
|switch|p2a: Cinderace|Cinderace, F|100/100
|turn|1
|
|t:|1779671455
|switch|p1a: Moltres|Moltres|100/100
|move|p2a: Cinderace|U-turn|p1a: Moltres
|-start|p2a: Cinderace|typechange|Bug|[from] ability: Libero
|-resisted|p1a: Moltres
|-damage|p1a: Moltres|95/100
|
|t:|1779671461
|switch|p2a: Gliscor|Gliscor, M|100/100|[from] U-turn
|
|-status|p2a: Gliscor|tox|[from] item: Toxic Orb
|upkeep
|turn|2
|
|t:|1779671468
|switch|p1a: Lil bro|Haunter, M|100/100
|move|p2a: Gliscor|Knock Off|p1a: Lil bro
|-supereffective|p1a: Lil bro
|-enditem|p1a: Lil bro|Focus Sash
|-damage|p1a: Lil bro|1/100
|
|upkeep
|turn|3
|
|t:|1779671480
|move|p2a: Gliscor|Protect|p2a: Gliscor
|-singleturn|p2a: Gliscor|Protect
|move|p1a: Lil bro|Taunt|p2a: Gliscor
|-activate|p2a: Gliscor|move: Protect
|
|upkeep
|turn|4
|
|t:|1779671485
|move|p1a: Lil bro|Destiny Bond|p1a: Lil bro
|-singlemove|p1a: Lil bro|Destiny Bond
|move|p2a: Gliscor|Knock Off|p1a: Lil bro
|-supereffective|p1a: Lil bro
|-damage|p1a: Lil bro|0 fnt
|faint|p1a: Lil bro
|-activate|p1a: Lil bro|move: Destiny Bond
|faint|p2a: Gliscor
|
|upkeep
|
|t:|1779671494
|switch|p1a: Big bro|Gengar, F|100/100
|switch|p2a: Primarina|Primarina, F|100/100
|turn|5
|
|t:|1779671499
|switch|p2a: Kingambit|Kingambit, M|100/100
|-activate|p2a: Kingambit|ability: Supreme Overlord
|-start|p2a: Kingambit|fallen1|[silent]
|move|p1a: Big bro|Sludge Wave|p2a: Kingambit
|-immune|p2a: Kingambit
|
|upkeep
|turn|6
|
|t:|1779671505
|switch|p1a: Moltres|Moltres|95/100
|move|p2a: Kingambit|Kowtow Cleave|p1a: Moltres
|-damage|p1a: Moltres|57/100
|-status|p2a: Kingambit|brn|[from] ability: Flame Body|[of] p1a: Moltres
|
|-damage|p2a: Kingambit|94/100 brn|[from] brn
|upkeep
|turn|7
|
|t:|1779671517
|-end|p2a: Kingambit|fallen1|[silent]
|switch|p2a: Clefable|Clefable, F|100/100
|move|p1a: Moltres|Roost|p1a: Moltres
|-heal|p1a: Moltres|100/100
|-singleturn|p1a: Moltres|move: Roost
|
|upkeep
|turn|8
|
|t:|1779671526
|switch|p1a: Clefable|Clefable, M|100/100
|move|p2a: Clefable|Thunder Wave|p1a: Clefable
|-status|p1a: Clefable|par
|
|upkeep
|turn|9
|
|t:|1779671531
|move|p2a: Clefable|Calm Mind|p2a: Clefable
|-boost|p2a: Clefable|spa|1
|-boost|p2a: Clefable|spd|1
|move|p1a: Clefable|Thunder Wave|p2a: Clefable
|-status|p2a: Clefable|par
|
|upkeep
|turn|10
|
|t:|1779671543
|switch|p2a: Kingambit|Kingambit, M|94/100 brn
|-activate|p2a: Kingambit|ability: Supreme Overlord
|-start|p2a: Kingambit|fallen1|[silent]
|move|p1a: Clefable|Calm Mind|p1a: Clefable
|-boost|p1a: Clefable|spa|1
|-boost|p1a: Clefable|spd|1
|
|-heal|p2a: Kingambit|100/100 brn|[from] item: Leftovers
|-damage|p2a: Kingambit|94/100 brn|[from] brn
|upkeep
|turn|11
|
|t:|1779671553
|switch|p1a: Moltres|Moltres|100/100
|move|p2a: Kingambit|Kowtow Cleave|p1a: Moltres
|-crit|p1a: Moltres
|-damage|p1a: Moltres|71/100
|
|-heal|p2a: Kingambit|100/100 brn|[from] item: Leftovers
|-damage|p2a: Kingambit|94/100 brn|[from] brn
|upkeep
|turn|12
|
|t:|1779671561
|-end|p2a: Kingambit|fallen1|[silent]
|switch|p2a: Primarina|Primarina, F|100/100
|move|p1a: Moltres|Flamethrower|p2a: Primarina
|-resisted|p2a: Primarina
|-damage|p2a: Primarina|88/100
|
|upkeep
|turn|13
|
|t:|1779671569
|move|p1a: Moltres|Will-O-Wisp|p2a: Primarina
|-status|p2a: Primarina|brn
|move|p2a: Primarina|Surf|p1a: Moltres
|-supereffective|p1a: Moltres
|-damage|p1a: Moltres|0 fnt
|faint|p1a: Moltres
|
|-damage|p2a: Primarina|82/100 brn|[from] brn
|upkeep
|
|t:|1779671580
|switch|p1a: Big bro|Gengar, F|100/100
|turn|14
|
|t:|1779671587
|move|p1a: Big bro|Shadow Ball|p2a: Primarina
|-damage|p2a: Primarina|54/100 brn
|-unboost|p2a: Primarina|spd|1
|move|p2a: Primarina|Surf|p1a: Big bro
|-damage|p1a: Big bro|17/100
|-start|p2a: Primarina|Disable|Surf|[from] ability: Cursed Body|[of] p1a: Big bro
|
|-damage|p2a: Primarina|48/100 brn|[from] brn
|upkeep
|turn|15
|
|t:|1779671598
|switch|p2a: Kingambit|Kingambit, M|94/100 brn
|-activate|p2a: Kingambit|ability: Supreme Overlord
|-start|p2a: Kingambit|fallen1|[silent]
|move|p1a: Big bro|Shadow Ball|p2a: Kingambit
|-resisted|p2a: Kingambit
|-damage|p2a: Kingambit|66/100 brn
|
|-heal|p2a: Kingambit|72/100 brn|[from] item: Leftovers
|-damage|p2a: Kingambit|66/100 brn|[from] brn
|upkeep
|turn|16
|
|t:|1779671607
|move|p1a: Big bro|Shadow Ball|p2a: Kingambit
|-resisted|p2a: Kingambit
|-damage|p2a: Kingambit|41/100 brn
|move|p2a: Kingambit|Iron Head|p1a: Big bro
|-damage|p1a: Big bro|0 fnt
|-start|p2a: Kingambit|Disable|Iron Head|[from] ability: Cursed Body|[of] p1a: Big bro
|faint|p1a: Big bro
|
|-heal|p2a: Kingambit|47/100 brn|[from] item: Leftovers
|-damage|p2a: Kingambit|41/100 brn|[from] brn
|upkeep
|
|t:|1779671619
|switch|p1a: Weavile|Weavile, F|100/100
|-ability|p1a: Weavile|Pressure
|turn|17
|
|t:|1779671629
|-end|p2a: Kingambit|fallen1|[silent]
|switch|p2a: Clefable|Clefable, F|100/100 par
|move|p1a: Weavile|Low Kick|p2a: Clefable
|-resisted|p2a: Clefable
|-damage|p2a: Clefable|90/100 par
|
|-heal|p2a: Clefable|96/100 par|[from] item: Leftovers
|upkeep
|turn|18
|
|t:|1779671638
|switch|p1a: Clefable|Clefable, M|100/100 par
|move|p2a: Clefable|Moonblast|p1a: Clefable
|-damage|p1a: Clefable|78/100 par
|-unboost|p1a: Clefable|spa|1
|
|-heal|p2a: Clefable|100/100 par|[from] item: Leftovers
|-heal|p1a: Clefable|84/100 par|[from] item: Leftovers
|upkeep
|turn|19
|
|t:|1779671646
|switch|p2a: Kingambit|Kingambit, M|41/100 brn
|-activate|p2a: Kingambit|ability: Supreme Overlord
|-start|p2a: Kingambit|fallen1|[silent]
|move|p1a: Clefable|Moonblast|p2a: Kingambit
|-damage|p2a: Kingambit|17/100 brn
|
|-heal|p2a: Kingambit|23/100 brn|[from] item: Leftovers
|-heal|p1a: Clefable|90/100 par|[from] item: Leftovers
|-damage|p2a: Kingambit|17/100 brn|[from] brn
|upkeep
|turn|20
|
|t:|1779671655
|move|p2a: Kingambit|Iron Head|p1a: Clefable
|-supereffective|p1a: Clefable
|-damage|p1a: Clefable|35/100 par
|move|p1a: Clefable|Moonblast|p2a: Kingambit
|-damage|p2a: Kingambit|0 fnt
|faint|p2a: Kingambit
|-end|p2a: Kingambit|fallen1|[silent]
|
|-heal|p1a: Clefable|41/100 par|[from] item: Leftovers
|upkeep
|
|t:|1779671660
|switch|p2a: Cinderace|Cinderace, F|100/100
|turn|21
|
|t:|1779671665
|move|p2a: Cinderace|Pyro Ball|p1a: Clefable
|-damage|p1a: Clefable|0 fnt
|faint|p1a: Clefable
|
|upkeep
|
|t:|1779671669
|switch|p1a: Weavile|Weavile, F|100/100
|-ability|p1a: Weavile|Pressure
|turn|22
|
|t:|1779671676
|switch|p2a: Clefable|Clefable, F|100/100 par
|move|p1a: Weavile|Knock Off|p2a: Clefable
|-resisted|p2a: Clefable
|-damage|p2a: Clefable|71/100 par
|-enditem|p2a: Clefable|Leftovers|[from] move: Knock Off|[of] p1a: Weavile
|
|upkeep
|turn|23
|
|t:|1779671684
|switch|p1a: Dragonite|Dragonite, F|100/100
|move|p2a: Clefable|Thunder Wave|p1a: Dragonite
|-status|p1a: Dragonite|par
|
|upkeep
|turn|24
|
|t:|1779671691
|cant|p1a: Dragonite|par
|cant|p2a: Clefable|par
|
|upkeep
|turn|25
|
|t:|1779671695
|-terastallize|p1a: Dragonite|Normal
|move|p1a: Dragonite|Dragon Dance|p1a: Dragonite
|-boost|p1a: Dragonite|atk|1
|-boost|p1a: Dragonite|spe|1
|move|p2a: Clefable|Moonblast|p1a: Dragonite
|-damage|p1a: Dragonite|84/100 par
|
|upkeep
|turn|26
|
|t:|1779671707
|switch|p2a: Dragapult|Dragapult, F|100/100
|move|p1a: Dragonite|Extreme Speed|p2a: Dragapult
|-immune|p2a: Dragapult
|
|upkeep
|turn|27
|
|t:|1779671715
|move|p2a: Dragapult|Draco Meteor|p1a: Dragonite
|-damage|p1a: Dragonite|0 fnt
|-unboost|p2a: Dragapult|spa|2
|faint|p1a: Dragonite
|
|upkeep
|
|t:|1779671720
|switch|p1a: Weavile|Weavile, F|100/100
|-ability|p1a: Weavile|Pressure
|turn|28
|
|t:|1779671726
|switch|p2a: Primarina|Primarina, F|48/100 brn
|move|p1a: Weavile|Triple Axel|p2a: Primarina
|-resisted|p2a: Primarina
|-damage|p2a: Primarina|36/100 brn
|-resisted|p2a: Primarina
|-damage|p2a: Primarina|18/100 brn
|-resisted|p2a: Primarina
|-damage|p2a: Primarina|0 fnt
|faint|p2a: Primarina
|-hitcount|p2: Primarina|3
|
|upkeep
|
|t:|1779671733
|switch|p2a: Dragapult|Dragapult, F|100/100
|turn|29
|
|t:|1779671738
|-terastallize|p2a: Dragapult|Ghost
|move|p2a: Dragapult|Flamethrower|p1a: Weavile
|-supereffective|p1a: Weavile
|-damage|p1a: Weavile|0 fnt
|faint|p1a: Weavile
|
|win|zdarkfirex
|raw|gvgvjvfcgv's rating: 1180 &rarr; <strong>1159</strong><br />(-21 for losing)
|raw|zdarkfirex's rating: 1239 &rarr; <strong>1260</strong><br />(+21 for winning)
|l|☆zdarkfirex
|player|p2|
|l|☆gvgvjvfcgv
|player|p1|
