|j|☆A05236
|j|☆Abyssal Bot
|t:|1779570771
|gametype|singles
|player|p1|A05236|265|
|player|p2|Abyssal Bot|supernerd|
|teamsize|p1|6
|teamsize|p2|6
|gen|9
|tier|[Gen 9] OU
|rule|Species Clause: Limit one of each Pokémon
|rule|OHKO Clause: OHKO moves are banned
|rule|Evasion Items Clause: Evasion items are banned
|rule|Evasion Moves Clause: Evasion moves are banned
|rule|Endless Battle Clause: Forcing endless battles is banned
|rule|HP Percentage Mod: HP is shown in percentages
|rule|Sleep Moves Clause: Sleep-inducing moves are banned
|clearpoke
|poke|p1|Rufflet, M|
|poke|p1|Ninetales-Alola, F|
|poke|p1|Carkol, F|
|poke|p1|Dragonair, M|
|poke|p1|Magnezone|
|poke|p1|Dragonite, F|
|poke|p2|Kingambit, F|
|poke|p2|Cinderace, F|
|poke|p2|Landorus-Therian, M|
|poke|p2|Iron Valiant|
|poke|p2|Kyurem|
|poke|p2|Slowking-Galar, M|
|teampreview
|c|☆Abyssal Bot|**WARNING**: Expect much hax.
|inactive|Battle timer is ON: inactive players will automatically lose when time's up. (requested by Abyssal Bot)
|j|*Turbo Bottttt
|
|t:|1779570774
|start
|switch|p1a: twice|Rufflet, M|100/100
|switch|p2a: Daenerys|Kingambit, F|100/100
|turn|1
|
|t:|1779570776
|move|p2a: Daenerys|Swords Dance|p2a: Daenerys
|-boost|p2a: Daenerys|atk|2
|move|p1a: twice|Close Combat|p2a: Daenerys
|-supereffective|p2a: Daenerys
|-damage|p2a: Daenerys|0
|-unboost|p1a: twice|def|1
|-unboost|p1a: twice|spd|1
|faint|p2a: Daenerys
|-end|p2a: Daenerys|fallenundefined|[silent]
|
|upkeep
|
|t:|1779570776
|switch|p2a: Mr. Freeze|Kyurem, shiny|100/100
|-ability|p2a: Mr. Freeze|Pressure
|turn|2
|
|t:|1779570786
|switch|p1a: inroads|Carkol, F|100/100
|move|p2a: Mr. Freeze|Freeze-Dry|p1a: inroads
|-resisted|p1a: inroads
|-crit|p1a: inroads
|-damage|p1a: inroads|66/100
|-status|p1a: inroads|frz
|
|upkeep
|turn|3
|c|☆Abyssal Bot|YASS!
|
|t:|1779570791
|switch|p1a: twice|Rufflet, M|100/100
|move|p2a: Mr. Freeze|Freeze-Dry|p1a: twice
|-supereffective|p1a: twice
|-damage|p1a: twice|10/100
|
|upkeep
|turn|4
|
|t:|1779570793
|move|p2a: Mr. Freeze|Freeze-Dry|p1a: twice
|-supereffective|p1a: twice
|-damage|p1a: twice|0
|faint|p1a: twice
|
|upkeep
|
|t:|1779570800
|switch|p1a: negotiations|Ninetales-Alola, F|100/100
|-weather|Snow|[from] ability: Snow Warning|[of] p1a: negotiations
|turn|5
|
|t:|1779570802
|switch|p2a: Kristine|Cinderace, F, shiny|100/100
|move|p1a: negotiations|Aurora Veil|p1a: negotiations
|-sidestart|p1: A05236|move: Aurora Veil
|
|-weather|Snow|[upkeep]
|upkeep
|turn|6
|
|t:|1779570806
|switch|p1a: inroads|Carkol, F|66/100 frz
|move|p2a: Kristine|Pyro Ball|p1a: inroads
|-resisted|p1a: inroads
|-damage|p1a: inroads|63/100 frz
|-curestatus|p1a: inroads|frz|[msg]
|
|-weather|Snow|[upkeep]
|upkeep
|turn|7
|
|t:|1779570809
|switch|p2a: WALL-Y|Iron Valiant|100/100
|-enditem|p2a: WALL-Y|Booster Energy
|-activate|p2a: WALL-Y|ability: Quark Drive|[fromitem]
|-start|p2a: WALL-Y|quarkdrivespe
|move|p1a: inroads|Stealth Rock|p2a: WALL-Y
|-sidestart|p2: Abyssal Bot|move: Stealth Rock
|
|-weather|Snow|[upkeep]
|upkeep
|turn|8
|
|t:|1779570811
|move|p2a: WALL-Y|Close Combat|p1a: inroads
|-supereffective|p1a: inroads
|-damage|p1a: inroads|37/100
|-unboost|p2a: WALL-Y|def|1
|-unboost|p2a: WALL-Y|spd|1
|move|p1a: inroads|Will-O-Wisp|p2a: WALL-Y
|-status|p2a: WALL-Y|brn
|
|-weather|Snow|[upkeep]
|-damage|p2a: WALL-Y|94/100 brn|[from] brn|[of] p1a: inroads
|upkeep
|turn|9
|
|t:|1779570815
|move|p2a: WALL-Y|Close Combat|p1a: inroads
|-supereffective|p1a: inroads
|-damage|p1a: inroads|22/100
|-unboost|p2a: WALL-Y|def|1
|-unboost|p2a: WALL-Y|spd|1
|move|p1a: inroads|Rapid Spin|p2a: WALL-Y
|-damage|p2a: WALL-Y|78/100 brn
|-boost|p1a: inroads|spe|1
|
|-weather|none
|-damage|p2a: WALL-Y|71/100 brn|[from] brn|[of] p1a: inroads
|upkeep
|turn|10
|
|t:|1779570818
|move|p2a: WALL-Y|Close Combat|p1a: inroads
|-supereffective|p1a: inroads
|-damage|p1a: inroads|7/100
|-unboost|p2a: WALL-Y|def|1
|-unboost|p2a: WALL-Y|spd|1
|move|p1a: inroads|Power Gem|p2a: WALL-Y
|-resisted|p2a: WALL-Y
|-damage|p2a: WALL-Y|24/100 brn
|
|-damage|p2a: WALL-Y|17/100 brn|[from] brn|[of] p1a: inroads
|upkeep
|turn|11
|
|t:|1779570821
|move|p2a: WALL-Y|Knock Off|p1a: inroads
|-damage|p1a: inroads|3/100
|-enditem|p1a: inroads|Eviolite|[from] move: Knock Off|[of] p2a: WALL-Y
|move|p1a: inroads|Power Gem|p2a: WALL-Y
|-resisted|p2a: WALL-Y
|-damage|p2a: WALL-Y|0 brn
|faint|p2a: WALL-Y
|-end|p2a: WALL-Y|Quark Drive|[silent]
|
|upkeep
|
|t:|1779570821
|switch|p2a: Homelandor|Landorus-Therian, M, shiny|100/100
|-damage|p2a: Homelandor|88/100|[from] Stealth Rock|[of] p1a: inroads
|-ability|p2a: Homelandor|Intimidate|boost
|-unboost|p1a: inroads|atk|1
|turn|12
|
|t:|1779570824
|move|p2a: Homelandor|Earth Power|p1a: inroads
|-supereffective|p1a: inroads
|-damage|p1a: inroads|0
|faint|p1a: inroads
|
|-sideend|p1: A05236|move: Aurora Veil
|upkeep
|
|t:|1779570832
|switch|p1a: the agency|Dragonite, F|100/100
|turn|13
|
|t:|1779570833
|switch|p2a: Kristine|Cinderace, F, shiny|100/100
|move|p1a: the agency|Dragon Dance|p1a: the agency
|-boost|p1a: the agency|atk|1
|-boost|p1a: the agency|spe|1
|
|upkeep
|turn|14
|
|t:|1779570835
|move|p1a: the agency|Scale Shot|p2a: Kristine|[miss]
|-miss|p1a: the agency|p2a: Kristine
|move|p2a: Kristine|Pyro Ball|p1a: the agency
|-resisted|p1a: the agency
|-damage|p1a: the agency|88/100
|
|upkeep
|turn|15
|c|☆Abyssal Bot|That thing needs an eye doctor
|
|t:|1779570838
|move|p1a: the agency|Scale Shot|p2a: Kristine
|-damage|p2a: Kristine|73/100
|-damage|p2a: Kristine|48/100
|-damage|p2a: Kristine|22/100
|-damage|p2a: Kristine|0
|faint|p2a: Kristine
|-hitcount|p2: Kristine|4
|-unboost|p1a: the agency|def|1
|-boost|p1a: the agency|spe|1
|
|upkeep
|
|t:|1779570838
|switch|p2a: SlodogChillionaire|Slowking-Galar, M, shiny|100/100
|turn|16
|
|t:|1779570841
|move|p1a: the agency|Dragon Dance|p1a: the agency
|-boost|p1a: the agency|atk|1
|-boost|p1a: the agency|spe|1
|move|p2a: SlodogChillionaire|Chilly Reception|p2a: SlodogChillionaire
|-weather|Snow
|
|t:|1779570842
|switch|p2a: Homelandor|Landorus-Therian, M, shiny|88/100|[from] Chilly Reception
|-damage|p2a: Homelandor|76/100|[from] Stealth Rock|[of] p1: inroads
|-ability|p2a: Homelandor|Intimidate|boost
|-unboost|p1a: the agency|atk|1
|
|-weather|Snow|[upkeep]
|upkeep
|turn|17
|
|t:|1779570845
|switch|p2a: SlodogChillionaire|Slowking-Galar, M, shiny|100/100
|move|p1a: the agency|Dragon Dance|p1a: the agency
|-boost|p1a: the agency|atk|1
|-boost|p1a: the agency|spe|1
|
|-weather|Snow|[upkeep]
|upkeep
|turn|18
|
|t:|1779570849
|move|p1a: the agency|Dragon Dance|p1a: the agency
|-boost|p1a: the agency|atk|1
|-boost|p1a: the agency|spe|1
|move|p2a: SlodogChillionaire|Toxic|p1a: the agency
|-status|p1a: the agency|tox
|
|-weather|Snow|[upkeep]
|-damage|p1a: the agency|82/100 tox|[from] psn|[of] p2a: SlodogChillionaire
|upkeep
|turn|19
|
|t:|1779570851
|move|p1a: the agency|Scale Shot|p2a: SlodogChillionaire
|-damage|p2a: SlodogChillionaire|62/100
|-damage|p2a: SlodogChillionaire|27/100
|-crit|p2a: SlodogChillionaire
|-damage|p2a: SlodogChillionaire|0
|faint|p2a: SlodogChillionaire
|-hitcount|p2: SlodogChillionaire|3
|-unboost|p1a: the agency|def|1
|-boost|p1a: the agency|spe|1
|
|-weather|Snow|[upkeep]
|-damage|p1a: the agency|70/100 tox|[from] psn|[of] p2: SlodogChillionaire
|upkeep
|c|☆Abyssal Bot|I should be the one who gets hax ;-;
|
|t:|1779570851
|switch|p2a: Homelandor|Landorus-Therian, M, shiny|76/100
|-damage|p2a: Homelandor|63/100|[from] Stealth Rock|[of] p1: inroads
|-ability|p2a: Homelandor|Intimidate|boost
|-unboost|p1a: the agency|atk|1
|turn|20
|
|t:|1779570854
|move|p1a: the agency|Scale Shot|p2a: Homelandor
|-damage|p2a: Homelandor|45/100
|-damage|p2a: Homelandor|23/100
|-damage|p2a: Homelandor|1/100
|-damage|p2a: Homelandor|0
|faint|p2a: Homelandor
|-hitcount|p2: Homelandor|4
|-unboost|p1a: the agency|def|1
|
|-weather|none
|-damage|p1a: the agency|52/100 tox|[from] psn|[of] p2: SlodogChillionaire
|upkeep
|
|t:|1779570854
|switch|p2a: Mr. Freeze|Kyurem, shiny|100/100
|-damage|p2a: Mr. Freeze|76/100|[from] Stealth Rock|[of] p1: inroads
|-ability|p2a: Mr. Freeze|Pressure
|turn|21
|
|t:|1779570856
|move|p1a: the agency|Scale Shot|p2a: Mr. Freeze
|-supereffective|p2a: Mr. Freeze
|-damage|p2a: Mr. Freeze|20/100
|-supereffective|p2a: Mr. Freeze
|-damage|p2a: Mr. Freeze|0
|faint|p2a: Mr. Freeze
|-hitcount|p2: Mr. Freeze|2
|
|win|A05236
|c|☆Abyssal Bot|Oh, I lost. Good Game.
|l|☆Abyssal Bot
|player|p2|
|l|*Turbo Bottttt
