|j|☆eltulaman
|j|☆I am a guineapig
|t:|1779628126
|gametype|singles
|player|p1|eltulaman|170|1468
|player|p2|I am a guineapig|fisherman-gen4|1468
|gen|9
|tier|[Gen 9] OU
|rated|
|rule|HP Percentage Mod: HP is shown in percentages
|rule|Endless Battle Clause: Forcing endless battles is banned
|rule|Species Clause: Limit one of each Pokémon
|rule|OHKO Clause: OHKO moves are banned
|rule|Evasion Items Clause: Evasion items are banned
|rule|Evasion Moves Clause: Evasion moves are banned
|rule|Evasion Abilities Clause: Evasion abilities are banned
|rule|Sleep Moves Clause: Sleep-inducing moves are banned
|clearpoke
|poke|p1|Cinderace, M|
|poke|p1|Meowscarada, F|
|poke|p1|Dragonite, F|
|poke|p1|Iron Treads|
|poke|p1|Alomomola, F|
|poke|p1|Iron Valiant|
|poke|p2|Carbink|
|poke|p2|Hatterene, F|
|poke|p2|Dusclops, F|
|poke|p2|Iron Hands|
|poke|p2|Crabominable, M|
|poke|p2|Kingambit, F|
|teampreview
|inactive|Battle timer is ON: inactive players will automatically lose when time's up. (requested by I am a guineapig)
|
|t:|1779628139
|teamsize|p1|6
|teamsize|p2|6
|start
|switch|p1a: Cinderace|Cinderace, M|100/100
|switch|p2a: Hatterene|Hatterene, F|100/100
|turn|1
|
|t:|1779628143
|move|p1a: Cinderace|U-turn|p2a: Hatterene
|-start|p1a: Cinderace|typechange|Bug|[from] ability: Libero
|-damage|p2a: Hatterene|60/100
|
|t:|1779628146
|switch|p1a: Iron Treads|Iron Treads|100/100|[from] U-turn
|-enditem|p1a: Iron Treads|Booster Energy
|-activate|p1a: Iron Treads|ability: Quark Drive|[fromitem]
|-start|p1a: Iron Treads|quarkdrivespe
|move|p2a: Hatterene|Trick Room|p2a: Hatterene
|-fieldstart|move: Trick Room|[of] p2a: Hatterene
|
|upkeep
|turn|2
|
|t:|1779628166
|move|p2a: Hatterene|Misty Explosion|p1a: Iron Treads
|-resisted|p1a: Iron Treads
|-damage|p1a: Iron Treads|60/100
|faint|p2a: Hatterene
|move|p1a: Iron Treads|Earthquake|p2: Hatterene|[notarget]
|-fail|p1a: Iron Treads
|
|upkeep
|
|t:|1779628176
|switch|p2a: Crabominable|Crabominable, M|100/100
|turn|3
|
|t:|1779628179
|-end|p1a: Iron Treads|Quark Drive|[silent]
|switch|p1a: Alomomola|Alomomola, F|100/100
|move|p2a: Crabominable|Close Combat|p1a: Alomomola
|-damage|p1a: Alomomola|46/100
|-unboost|p2a: Crabominable|def|1
|-unboost|p2a: Crabominable|spd|1
|-damage|p2a: Crabominable|91/100|[from] item: Life Orb
|
|-heal|p1a: Alomomola|52/100|[from] item: Leftovers
|upkeep
|turn|4
|
|t:|1779628182
|move|p2a: Crabominable|Thunder Punch|p1a: Alomomola
|-supereffective|p1a: Alomomola
|-damage|p1a: Alomomola|0 fnt
|faint|p1a: Alomomola
|-damage|p2a: Crabominable|81/100|[from] item: Life Orb
|
|upkeep
|
|t:|1779628197
|switch|p1a: Iron Treads|Iron Treads|60/100
|turn|5
|
|t:|1779628208
|-end|p1a: Iron Treads|Quark Drive|[silent]
|switch|p1a: Iron Valiant|Iron Valiant|100/100
|-enditem|p1a: Iron Valiant|Booster Energy
|-activate|p1a: Iron Valiant|ability: Quark Drive|[fromitem]
|-start|p1a: Iron Valiant|quarkdrivespe
|move|p2a: Crabominable|Ice Hammer|p1a: Iron Valiant
|-damage|p1a: Iron Valiant|0 fnt
|-unboost|p2a: Crabominable|spe|1
|faint|p1a: Iron Valiant
|-end|p1a: Iron Valiant|Quark Drive|[silent]
|-damage|p2a: Crabominable|71/100|[from] item: Life Orb
|
|-fieldend|move: Trick Room
|upkeep
|
|t:|1779628214
|switch|p1a: Meowscarada|Meowscarada, F|100/100
|turn|6
|
|t:|1779628224
|move|p1a: Meowscarada|Flower Trick|p2a: Crabominable
|-start|p1a: Meowscarada|typechange|Grass|[from] ability: Protean
|-crit|p2a: Crabominable
|-damage|p2a: Crabominable|0 fnt
|faint|p2a: Crabominable
|
|upkeep
|
|t:|1779628226
|switch|p2a: Carbink|Carbink|100/100
|turn|7
|
|t:|1779628229
|move|p1a: Meowscarada|Flower Trick|p2a: Carbink
|-supereffective|p2a: Carbink
|-crit|p2a: Carbink
|-damage|p2a: Carbink|17/100
|move|p2a: Carbink|Trick Room|p2a: Carbink
|-fieldstart|move: Trick Room|[of] p2a: Carbink
|
|upkeep
|turn|8
|
|t:|1779628233
|move|p2a: Carbink|Misty Explosion|p1a: Meowscarada
|-damage|p1a: Meowscarada|69/100
|faint|p2a: Carbink
|move|p1a: Meowscarada|Flower Trick|p2: Carbink|[notarget]
|-fail|p1a: Meowscarada
|
|upkeep
|
|t:|1779628238
|switch|p2a: Iron Hands|Iron Hands|100/100
|-enditem|p2a: Iron Hands|Booster Energy
|-activate|p2a: Iron Hands|ability: Quark Drive|[fromitem]
|-start|p2a: Iron Hands|quarkdriveatk
|turn|9
|
|t:|1779628243
|switch|p1a: Iron Treads|Iron Treads|60/100
|move|p2a: Iron Hands|Ice Punch|p1a: Iron Treads
|-damage|p1a: Iron Treads|23/100
|
|upkeep
|turn|10
|
|t:|1779628249
|-terastallize|p1a: Iron Treads|Ghost
|move|p2a: Iron Hands|Close Combat|p1a: Iron Treads
|-immune|p1a: Iron Treads
|move|p1a: Iron Treads|Earthquake|p2a: Iron Hands
|-supereffective|p2a: Iron Hands
|-damage|p2a: Iron Hands|40/100
|
|upkeep
|turn|11
|
|t:|1779628255
|move|p2a: Iron Hands|Ice Punch|p1a: Iron Treads
|-damage|p1a: Iron Treads|0 fnt
|faint|p1a: Iron Treads
|-end|p1a: Iron Treads|Quark Drive|[silent]
|
|-fieldend|move: Trick Room
|upkeep
|
|t:|1779628265
|switch|p1a: Meowscarada|Meowscarada, F|69/100
|turn|12
|
|t:|1779628269
|move|p1a: Meowscarada|Flower Trick|p2a: Iron Hands
|-start|p1a: Meowscarada|typechange|Grass|[from] ability: Protean
|-crit|p2a: Iron Hands
|-damage|p2a: Iron Hands|0 fnt
|faint|p2a: Iron Hands
|-end|p2a: Iron Hands|Quark Drive|[silent]
|
|upkeep
|
|t:|1779628274
|switch|p2a: Dusclops|Dusclops, F|100/100
|-item|p1a: Meowscarada|Choice Band|[from] ability: Frisk|[of] p2a: Dusclops
|turn|13
|
|t:|1779628276
|move|p1a: Meowscarada|Flower Trick|p2a: Dusclops
|-crit|p2a: Dusclops
|-damage|p2a: Dusclops|58/100
|move|p2a: Dusclops|Trick Room|p2a: Dusclops
|-fieldstart|move: Trick Room|[of] p2a: Dusclops
|
|upkeep
|turn|14
|
|t:|1779628281
|switch|p2a: Kingambit|Kingambit, F|100/100
|-activate|p2a: Kingambit|ability: Supreme Overlord
|-start|p2a: Kingambit|fallen4|[silent]
|move|p1a: Meowscarada|Flower Trick|p2a: Kingambit
|-resisted|p2a: Kingambit
|-crit|p2a: Kingambit
|-damage|p2a: Kingambit|73/100
|
|upkeep
|turn|15
|
|t:|1779628284
|switch|p1a: Dragonite|Dragonite, F|100/100
|move|p2a: Kingambit|Kowtow Cleave|p1a: Dragonite
|-damage|p1a: Dragonite|53/100
|-damage|p2a: Kingambit|63/100|[from] item: Life Orb
|
|upkeep
|turn|16
|
|t:|1779628289
|-terastallize|p2a: Kingambit|Dark
|move|p1a: Dragonite|Extreme Speed|p2a: Kingambit
|-damage|p2a: Kingambit|41/100
|move|p2a: Kingambit|Kowtow Cleave|p1a: Dragonite
|-damage|p1a: Dragonite|0 fnt
|faint|p1a: Dragonite
|-damage|p2a: Kingambit|31/100|[from] item: Life Orb
|
|upkeep
|
|t:|1779628297
|switch|p1a: Meowscarada|Meowscarada, F|69/100
|turn|17
|
|t:|1779628301
|move|p1a: Meowscarada|Sucker Punch|p2a: Kingambit
|-start|p1a: Meowscarada|typechange|Dark|[from] ability: Protean
|-resisted|p2a: Kingambit
|-damage|p2a: Kingambit|12/100
|move|p2a: Kingambit|Iron Head|p1a: Meowscarada
|-damage|p1a: Meowscarada|0 fnt
|faint|p1a: Meowscarada
|-damage|p2a: Kingambit|2/100|[from] item: Life Orb
|
|-fieldend|move: Trick Room
|upkeep
|
|t:|1779628304
|switch|p1a: Cinderace|Cinderace, M|100/100
|turn|18
|
|t:|1779628310
|move|p2a: Kingambit|Sucker Punch||[still]
|-fail|p2a: Kingambit
|move|p1a: Cinderace|Will-O-Wisp|p2a: Kingambit
|-status|p2a: Kingambit|brn
|
|-damage|p2a: Kingambit|0 fnt|[from] brn
|faint|p2a: Kingambit
|-end|p2a: Kingambit|fallen4|[silent]
|upkeep
|
|t:|1779628314
|switch|p2a: Dusclops|Dusclops, F|58/100
|-item|p1a: Cinderace|Heavy-Duty Boots|[from] ability: Frisk|[of] p2a: Dusclops
|turn|19
|
|t:|1779628317
|move|p1a: Cinderace|Will-O-Wisp|p2a: Dusclops
|-status|p2a: Dusclops|brn
|move|p2a: Dusclops|Trick Room|p2a: Dusclops
|-fieldstart|move: Trick Room|[of] p2a: Dusclops
|
|-damage|p2a: Dusclops|52/100 brn|[from] brn
|upkeep
|turn|20
|-message|I am a guineapig forfeited.
|
|win|eltulaman
|raw|eltulaman's rating: 1468 &rarr; <strong>1488</strong><br />(+20 for winning)
|raw|I am a guineapig's rating: 1468 &rarr; <strong>1448</strong><br />(-20 for losing)
|l|☆I am a guineapig
|player|p2|
|l|☆eltulaman
|player|p1|
