|j|☆IloveOreoricorio
|j|☆huuuehuueekk
|t:|1779593384
|gametype|singles
|player|p1|IloveOreoricorio|emmet|1000
|player|p2|huuuehuueekk|steven|1000
|gen|9
|tier|[Gen 9] OU
|rated|
|rule|HP Percentage Mod: HP is shown in percentages
|rule|Endless Battle Clause: Forcing endless battles is banned
|rule|Species Clause: Limit one of each Pokémon
|rule|OHKO Clause: OHKO moves are banned
|rule|Evasion Items Clause: Evasion items are banned
|rule|Evasion Moves Clause: Evasion moves are banned
|rule|Evasion Abilities Clause: Evasion abilities are banned
|rule|Sleep Moves Clause: Sleep-inducing moves are banned
|clearpoke
|poke|p1|Kleavor, F|
|poke|p1|Ceruledge, F|
|poke|p1|Raging Bolt|
|poke|p1|Ogerpon-Wellspring, F|
|poke|p1|Great Tusk|
|poke|p1|Gengar, F|
|poke|p2|Suicune|
|poke|p2|Dragonite, M|
|poke|p2|Cinderace, M|
|poke|p2|Zamazenta-*|
|poke|p2|Pecharunt|
|poke|p2|Zapdos-Galar|
|teampreview
|inactive|Battle timer is ON: inactive players will automatically lose when time's up. (requested by huuuehuueekk)
|
|t:|1779593402
|teamsize|p1|6
|teamsize|p2|6
|start
|switch|p1a: Kleavor|Kleavor, F, shiny|100/100
|switch|p2a: Zapdos|Zapdos-Galar|100/100
|turn|1
|inactive|IloveOreoricorio has 120 seconds left.
|
|t:|1779593443
|move|p2a: Zapdos|Bulk Up|p2a: Zapdos
|-boost|p2a: Zapdos|atk|1
|-boost|p2a: Zapdos|def|1
|move|p1a: Kleavor|Stone Axe|p2a: Zapdos
|-damage|p2a: Zapdos|61/100
|-sidestart|p2: huuuehuueekk|move: Stealth Rock
|
|-heal|p2a: Zapdos|67/100|[from] item: Leftovers
|upkeep
|turn|2
|inactive|huuuehuueekk has 120 seconds left.
|
|t:|1779593477
|move|p2a: Zapdos|Bulk Up|p2a: Zapdos
|-boost|p2a: Zapdos|atk|1
|-boost|p2a: Zapdos|def|1
|move|p1a: Kleavor|Stone Axe|p2a: Zapdos
|-damage|p2a: Zapdos|34/100
|
|-heal|p2a: Zapdos|41/100|[from] item: Leftovers
|upkeep
|turn|3
|
|t:|1779593486
|move|p2a: Zapdos|Thunderous Kick|p1a: Kleavor
|-enditem|p1a: Kleavor|Focus Sash
|-damage|p1a: Kleavor|1/100
|-unboost|p1a: Kleavor|def|1
|move|p1a: Kleavor|Stone Axe|p2a: Zapdos
|-damage|p2a: Zapdos|11/100
|
|-heal|p2a: Zapdos|18/100|[from] item: Leftovers
|upkeep
|turn|4
|
|t:|1779593490
|move|p1a: Kleavor|Quick Attack|p2a: Zapdos
|-damage|p2a: Zapdos|10/100
|move|p2a: Zapdos|Knock Off|p1a: Kleavor
|-damage|p1a: Kleavor|0 fnt
|faint|p1a: Kleavor
|
|-heal|p2a: Zapdos|16/100|[from] item: Leftovers
|upkeep
|
|t:|1779593493
|switch|p1a: Gengar|Gengar, F|100/100
|-item|p1a: Gengar|Air Balloon
|turn|5
|
|t:|1779593497
|move|p1a: Gengar|Shadow Ball|p2a: Zapdos
|-crit|p2a: Zapdos
|-damage|p2a: Zapdos|0 fnt
|faint|p2a: Zapdos
|
|upkeep
|
|t:|1779593505
|switch|p2a: Cinderace|Cinderace, M|100/100
|-damage|p2a: Cinderace|76/100|[from] Stealth Rock
|turn|6
|
|t:|1779593517
|move|p2a: Cinderace|Court Change|p2a: Cinderace
|-start|p2a: Cinderace|typechange|Normal|[from] ability: Libero
|-swapsideconditions
|-activate|p2a: Cinderace|move: Court Change
|move|p1a: Gengar|Focus Blast|p2a: Cinderace
|-supereffective|p2a: Cinderace
|-damage|p2a: Cinderace|0 fnt
|faint|p2a: Cinderace
|
|upkeep
|
|t:|1779593527
|switch|p2a: Dragonite|Dragonite, M, shiny|100/100
|turn|7
|
|t:|1779593553
|move|p1a: Gengar|Sludge Bomb|p2a: Dragonite
|-damage|p2a: Dragonite|74/100
|move|p2a: Dragonite|Dragon Dance|p2a: Dragonite
|-boost|p2a: Dragonite|atk|1
|-boost|p2a: Dragonite|spe|1
|
|upkeep
|turn|8
|
|t:|1779593583
|move|p2a: Dragonite|Dragon Claw|p1a: Gengar
|-damage|p1a: Gengar|0 fnt
|-enditem|p1a: Gengar|Air Balloon
|faint|p1a: Gengar
|
|upkeep
|
|t:|1779593592
|switch|p1a: Great Tusk|Great Tusk, shiny|100/100
|-damage|p1a: Great Tusk|98/100|[from] Stealth Rock
|-enditem|p1a: Great Tusk|Booster Energy
|-activate|p1a: Great Tusk|ability: Protosynthesis|[fromitem]
|-start|p1a: Great Tusk|protosynthesisatk
|turn|9
|
|t:|1779593604
|switch|p2a: Suicune|Suicune, shiny|100/100
|-ability|p2a: Suicune|Pressure
|move|p1a: Great Tusk|Rapid Spin|p2a: Suicune
|-damage|p2a: Suicune|88/100
|-boost|p1a: Great Tusk|spe|1
|-sideend|p1: IloveOreoricorio|Stealth Rock|[from] move: Rapid Spin|[of] p1a: Great Tusk
|
|-heal|p2a: Suicune|95/100|[from] item: Leftovers
|upkeep
|turn|10
|inactive|IloveOreoricorio has 120 seconds left.
|
|t:|1779593663
|-end|p1a: Great Tusk|Protosynthesis|[silent]
|switch|p1a: Ogerpon|Ogerpon-Wellspring, F|100/100
|move|p2a: Suicune|Scald|p1a: Ogerpon
|-immune|p1a: Ogerpon|[from] ability: Water Absorb
|
|-heal|p2a: Suicune|100/100|[from] item: Leftovers
|upkeep
|turn|11
|inactive|huuuehuueekk has 120 seconds left.
|
|t:|1779593690
|switch|p2a: Pecharunt|Pecharunt|100/100
|move|p1a: Ogerpon|Swords Dance|p1a: Ogerpon
|-boost|p1a: Ogerpon|atk|2
|
|upkeep
|turn|12
|inactive|IloveOreoricorio has 90 seconds left.
|
|t:|1779593715
|-terastallize|p1a: Ogerpon|Water
|detailschange|p1a: Ogerpon|Ogerpon-Wellspring-Tera, F, tera:Water
|-ability|p1a: Ogerpon|Embody Aspect (Wellspring)|boost
|-boost|p1a: Ogerpon|spd|1
|move|p1a: Ogerpon|Ivy Cudgel|p2a: Pecharunt|[anim] Ivy Cudgel Water
|-damage|p2a: Pecharunt|33/100
|move|p2a: Pecharunt|Malignant Chain|p1a: Ogerpon
|-damage|p1a: Ogerpon|75/100
|-status|p1a: Ogerpon|tox
|-start|p1a: Ogerpon|confusion|[from] ability: Poison Puppeteer|[of] p2a: Pecharunt
|
|-damage|p1a: Ogerpon|69/100 tox|[from] psn
|upkeep
|turn|13
|inactive|IloveOreoricorio has 90 seconds left.
|inactive|huuuehuueekk has 120 seconds left.
|
|t:|1779593751
|-activate|p1a: Ogerpon|confusion
|-damage|p1a: Ogerpon|36/100 tox|[from] confusion
|move|p2a: Pecharunt|Recover|p2a: Pecharunt
|-heal|p2a: Pecharunt|84/100
|
|-damage|p1a: Ogerpon|24/100 tox|[from] psn
|upkeep
|turn|14
|
|t:|1779593756
|-activate|p1a: Ogerpon|confusion
|move|p1a: Ogerpon|Ivy Cudgel|p2a: Pecharunt|[anim] Ivy Cudgel Water
|-damage|p2a: Pecharunt|9/100
|move|p2a: Pecharunt|Recover|p2a: Pecharunt
|-heal|p2a: Pecharunt|59/100
|
|-damage|p1a: Ogerpon|6/100 tox|[from] psn
|upkeep
|turn|15
|
|t:|1779593764
|-activate|p1a: Ogerpon|confusion
|move|p1a: Ogerpon|Ivy Cudgel|p2a: Pecharunt|[anim] Ivy Cudgel Water
|-damage|p2a: Pecharunt|0 fnt
|faint|p2a: Pecharunt
|
|-damage|p1a: Ogerpon|0 fnt|[from] psn
|faint|p1a: Ogerpon
|detailschange|p1: Ogerpon|Ogerpon-Wellspring, F|[silent]
|upkeep
|inactive|huuuehuueekk has 120 seconds left.
|
|t:|1779593786
|switch|p1a: Raging Bolt|Raging Bolt|100/100
|switch|p2a: Dragonite|Dragonite, M, shiny|74/100
|-enditem|p1a: Raging Bolt|Booster Energy
|-activate|p1a: Raging Bolt|ability: Protosynthesis|[fromitem]
|-start|p1a: Raging Bolt|protosynthesisspa
|turn|16
|
|t:|1779593792
|move|p2a: Dragonite|Earthquake|p1a: Raging Bolt
|-supereffective|p1a: Raging Bolt
|-damage|p1a: Raging Bolt|32/100
|move|p1a: Raging Bolt|Dragon Pulse|p2a: Dragonite
|-supereffective|p2a: Dragonite
|-damage|p2a: Dragonite|0 fnt
|faint|p2a: Dragonite
|
|upkeep
|
|t:|1779593797
|switch|p2a: Zamazenta|Zamazenta|100/100
|-ability|p2a: Zamazenta|Dauntless Shield|boost
|-boost|p2a: Zamazenta|def|1
|turn|17
|inactive|IloveOreoricorio has 120 seconds left.
|
|t:|1779593811
|move|p1a: Raging Bolt|Thunderclap||[still]
|-fail|p1a: Raging Bolt
|move|p2a: Zamazenta|Substitute|p2a: Zamazenta
|-start|p2a: Zamazenta|Substitute
|-damage|p2a: Zamazenta|76/100
|
|-heal|p2a: Zamazenta|82/100|[from] item: Leftovers
|upkeep
|turn|18
|inactive|IloveOreoricorio has 120 seconds left.
|inactive|huuuehuueekk has 120 seconds left.
|
|t:|1779593823
|move|p2a: Zamazenta|Body Press|p1a: Raging Bolt
|-damage|p1a: Raging Bolt|0 fnt
|faint|p1a: Raging Bolt
|-end|p1a: Raging Bolt|Protosynthesis|[silent]
|
|-heal|p2a: Zamazenta|88/100|[from] item: Leftovers
|upkeep
|
|t:|1779593826
|switch|p1a: Ceruledge|Ceruledge, F, shiny|100/100
|turn|19
|
|t:|1779593832
|move|p2a: Zamazenta|Crunch|p1a: Ceruledge
|-supereffective|p1a: Ceruledge
|-damage|p1a: Ceruledge|44/100
|-ability|p1a: Ceruledge|Weak Armor|boost
|-unboost|p1a: Ceruledge|def|1
|-boost|p1a: Ceruledge|spe|2
|-enditem|p1a: Ceruledge|Weakness Policy
|-boost|p1a: Ceruledge|atk|2|[from] item: Weakness Policy
|-boost|p1a: Ceruledge|spa|2|[from] item: Weakness Policy
|move|p1a: Ceruledge|Bitter Blade|p2a: Zamazenta
|-end|p2a: Zamazenta|Substitute
|-heal|p1a: Ceruledge|61/100|[from] drain|[of] p2a: Zamazenta
|
|-heal|p2a: Zamazenta|94/100|[from] item: Leftovers
|upkeep
|turn|20
|
|t:|1779593848
|move|p1a: Ceruledge|Bitter Blade|p2a: Zamazenta
|-damage|p2a: Zamazenta|45/100
|-heal|p1a: Ceruledge|94/100|[from] drain|[of] p2a: Zamazenta
|move|p2a: Zamazenta|Crunch|p1a: Ceruledge
|-supereffective|p1a: Ceruledge
|-damage|p1a: Ceruledge|0 fnt
|faint|p1a: Ceruledge
|
|-heal|p2a: Zamazenta|51/100|[from] item: Leftovers
|upkeep
|inactive|IloveOreoricorio has 120 seconds left.
|l|☆IloveOreoricorio
|inactive|IloveOreoricorio disconnected and has a minute to reconnect!
|player|p1|
|inactive|IloveOreoricorio has 30 seconds to reconnect!
|inactive|IloveOreoricorio has 20 seconds to reconnect!
|inactive|IloveOreoricorio has 15 seconds to reconnect!
|inactive|IloveOreoricorio has 10 seconds to reconnect!
|inactive|IloveOreoricorio has 5 seconds to reconnect!
|-message|IloveOreoricorio lost due to inactivity.
|
|win|huuuehuueekk
|raw|IloveOreoricorio's rating: 1072 &rarr; <strong>1050</strong><br />(-22 for losing)
|raw|huuuehuueekk's rating: 1045 &rarr; <strong>1081</strong><br />(+36 for winning)
