|j|☆draconotmeteor
|j|☆Iker69420
|t:|1779692397
|gametype|singles
|player|p1|draconotmeteor|shauntal|1195
|player|p2|Iker69420|170|1153
|gen|9
|tier|[Gen 9] OU
|rated|
|rule|HP Percentage Mod: HP is shown in percentages
|rule|Endless Battle Clause: Forcing endless battles is banned
|rule|Species Clause: Limit one of each Pokémon
|rule|OHKO Clause: OHKO moves are banned
|rule|Evasion Items Clause: Evasion items are banned
|rule|Evasion Moves Clause: Evasion moves are banned
|rule|Evasion Abilities Clause: Evasion abilities are banned
|rule|Sleep Moves Clause: Sleep-inducing moves are banned
|clearpoke
|poke|p1|Cyclizar, F|
|poke|p1|Corviknight, M|
|poke|p1|Ting-Lu|
|poke|p1|Slowking-Galar, M|
|poke|p1|Kyurem|
|poke|p1|Garganacl, M|
|poke|p2|Torkoal, M|
|poke|p2|Walking Wake|
|poke|p2|Great Tusk|
|poke|p2|Ceruledge, F|
|poke|p2|Dragapult, F|
|poke|p2|Raging Bolt|
|teampreview
|
|t:|1779692412
|teamsize|p1|6
|teamsize|p2|6
|start
|switch|p1a: Kyurem|Kyurem|100/100
|switch|p2a: Torkoal|Torkoal, M|100/100
|-ability|p1a: Kyurem|Pressure
|-weather|SunnyDay|[from] ability: Drought|[of] p2a: Torkoal
|turn|1
|
|t:|1779692421
|move|p1a: Kyurem|Substitute|p1a: Kyurem
|-start|p1a: Kyurem|Substitute
|-damage|p1a: Kyurem|75/100
|move|p2a: Torkoal|Stealth Rock|p1a: Kyurem
|-sidestart|p1: draconotmeteor|move: Stealth Rock
|
|-weather|SunnyDay|[upkeep]
|-heal|p1a: Kyurem|82/100|[from] item: Leftovers
|upkeep
|turn|2
|inactive|Battle timer is ON: inactive players will automatically lose when time's up. (requested by Iker69420)
|
|t:|1779692425
|move|p1a: Kyurem|Protect|p1a: Kyurem
|-singleturn|p1a: Kyurem|Protect
|move|p2a: Torkoal|Lava Plume|p1a: Kyurem
|-activate|p1a: Kyurem|move: Protect
|
|-weather|SunnyDay|[upkeep]
|-heal|p1a: Kyurem|88/100|[from] item: Leftovers
|upkeep
|turn|3
|
|t:|1779692428
|move|p1a: Kyurem|Earth Power|p2a: Torkoal
|-supereffective|p2a: Torkoal
|-damage|p2a: Torkoal|20/100
|move|p2a: Torkoal|Lava Plume|p1a: Kyurem
|-end|p1a: Kyurem|Substitute
|
|-weather|SunnyDay|[upkeep]
|-heal|p1a: Kyurem|94/100|[from] item: Leftovers
|upkeep
|turn|4
|
|t:|1779692435
|switch|p2a: Raging Bolt|Raging Bolt|100/100
|-item|p2a: Raging Bolt|Air Balloon
|-activate|p2a: Raging Bolt|ability: Protosynthesis
|-start|p2a: Raging Bolt|protosynthesisspa
|move|p1a: Kyurem|Substitute|p1a: Kyurem
|-start|p1a: Kyurem|Substitute
|-damage|p1a: Kyurem|69/100
|
|-weather|SunnyDay|[upkeep]
|-heal|p1a: Kyurem|75/100|[from] item: Leftovers
|upkeep
|turn|5
|
|t:|1779692445
|-terastallize|p2a: Raging Bolt|Fairy
|move|p1a: Kyurem|Protect|p1a: Kyurem
|-singleturn|p1a: Kyurem|Protect
|move|p2a: Raging Bolt|Calm Mind|p2a: Raging Bolt
|-boost|p2a: Raging Bolt|spa|1
|-boost|p2a: Raging Bolt|spd|1
|
|-weather|SunnyDay|[upkeep]
|-heal|p1a: Kyurem|81/100|[from] item: Leftovers
|upkeep
|turn|6
|
|t:|1779692456
|move|p2a: Raging Bolt|Thunderclap|p1a: Kyurem
|-resisted|p1a: Kyurem
|-end|p1a: Kyurem|Substitute
|move|p1a: Kyurem|Freeze-Dry|p2a: Raging Bolt
|-damage|p2a: Raging Bolt|82/100
|-enditem|p2a: Raging Bolt|Air Balloon
|
|-weather|SunnyDay|[upkeep]
|-heal|p1a: Kyurem|88/100|[from] item: Leftovers
|upkeep
|turn|7
|
|t:|1779692464
|move|p1a: Kyurem|Substitute|p1a: Kyurem
|-start|p1a: Kyurem|Substitute
|-damage|p1a: Kyurem|63/100
|move|p2a: Raging Bolt|Calm Mind|p2a: Raging Bolt
|-boost|p2a: Raging Bolt|spa|1
|-boost|p2a: Raging Bolt|spd|1
|
|-weather|SunnyDay|[upkeep]
|-heal|p1a: Kyurem|69/100|[from] item: Leftovers
|upkeep
|turn|8
|
|t:|1779692473
|move|p1a: Kyurem|Protect|p1a: Kyurem
|-singleturn|p1a: Kyurem|Protect
|move|p2a: Raging Bolt|Thunderclap||[still]
|-fail|p2a: Raging Bolt
|
|-weather|none
|-end|p2a: Raging Bolt|Protosynthesis
|-heal|p1a: Kyurem|75/100|[from] item: Leftovers
|upkeep
|turn|9
|
|t:|1779692478
|move|p1a: Kyurem|Earth Power|p2a: Raging Bolt
|-damage|p2a: Raging Bolt|68/100
|move|p2a: Raging Bolt|Thunderbolt|p1a: Kyurem
|-resisted|p1a: Kyurem
|-crit|p1a: Kyurem
|-end|p1a: Kyurem|Substitute
|
|-heal|p1a: Kyurem|81/100|[from] item: Leftovers
|upkeep
|turn|10
|
|t:|1779692484
|-terastallize|p1a: Kyurem|Ground
|move|p1a: Kyurem|Substitute|p1a: Kyurem
|-start|p1a: Kyurem|Substitute
|-damage|p1a: Kyurem|56/100
|move|p2a: Raging Bolt|Thunderbolt|p1a: Kyurem
|-immune|p1a: Kyurem
|
|-heal|p1a: Kyurem|62/100|[from] item: Leftovers
|upkeep
|turn|11
|
|t:|1779692491
|move|p1a: Kyurem|Protect|p1a: Kyurem
|-singleturn|p1a: Kyurem|Protect
|move|p2a: Raging Bolt|Calm Mind|p2a: Raging Bolt
|-boost|p2a: Raging Bolt|spa|1
|-boost|p2a: Raging Bolt|spd|1
|
|-heal|p1a: Kyurem|69/100|[from] item: Leftovers
|upkeep
|turn|12
|
|t:|1779692496
|move|p1a: Kyurem|Freeze-Dry|p2a: Raging Bolt
|-damage|p2a: Raging Bolt|56/100
|move|p2a: Raging Bolt|Draco Meteor|p1a: Kyurem
|-end|p1a: Kyurem|Substitute
|-unboost|p2a: Raging Bolt|spa|2
|
|-heal|p1a: Kyurem|75/100|[from] item: Leftovers
|upkeep
|turn|13
|
|t:|1779692504
|move|p1a: Kyurem|Protect|p1a: Kyurem
|-singleturn|p1a: Kyurem|Protect
|move|p2a: Raging Bolt|Calm Mind|p2a: Raging Bolt
|-boost|p2a: Raging Bolt|spa|1
|-boost|p2a: Raging Bolt|spd|1
|
|-heal|p1a: Kyurem|81/100|[from] item: Leftovers
|upkeep
|turn|14
|
|t:|1779692508
|move|p1a: Kyurem|Substitute|p1a: Kyurem
|-start|p1a: Kyurem|Substitute
|-damage|p1a: Kyurem|56/100
|move|p2a: Raging Bolt|Draco Meteor|p1a: Kyurem
|-end|p1a: Kyurem|Substitute
|-unboost|p2a: Raging Bolt|spa|2
|
|-heal|p1a: Kyurem|62/100|[from] item: Leftovers
|upkeep
|turn|15
|
|t:|1779692524
|move|p1a: Kyurem|Substitute|p1a: Kyurem
|-start|p1a: Kyurem|Substitute
|-damage|p1a: Kyurem|37/100
|move|p2a: Raging Bolt|Calm Mind|p2a: Raging Bolt
|-boost|p2a: Raging Bolt|spa|1
|-boost|p2a: Raging Bolt|spd|1
|
|-heal|p1a: Kyurem|43/100|[from] item: Leftovers
|upkeep
|turn|16
|
|t:|1779692534
|move|p1a: Kyurem|Freeze-Dry|p2a: Raging Bolt
|-damage|p2a: Raging Bolt|47/100
|move|p2a: Raging Bolt|Calm Mind|p2a: Raging Bolt
|-boost|p2a: Raging Bolt|spa|1
|-boost|p2a: Raging Bolt|spd|1
|
|-heal|p1a: Kyurem|50/100|[from] item: Leftovers
|upkeep
|turn|17
|
|t:|1779692539
|move|p1a: Kyurem|Freeze-Dry|p2a: Raging Bolt
|-damage|p2a: Raging Bolt|41/100
|move|p2a: Raging Bolt|Calm Mind|p2a: Raging Bolt
|-boost|p2a: Raging Bolt|spa|1
|-boost|p2a: Raging Bolt|spd|0
|
|-heal|p1a: Kyurem|56/100|[from] item: Leftovers
|upkeep
|turn|18
|
|t:|1779692544
|move|p1a: Kyurem|Freeze-Dry|p2a: Raging Bolt
|-damage|p2a: Raging Bolt|33/100
|move|p2a: Raging Bolt|Calm Mind|p2a: Raging Bolt
|-boost|p2a: Raging Bolt|spa|1
|-boost|p2a: Raging Bolt|spd|0
|
|-heal|p1a: Kyurem|62/100|[from] item: Leftovers
|upkeep
|turn|19
|
|t:|1779692547
|move|p1a: Kyurem|Freeze-Dry|p2a: Raging Bolt
|-damage|p2a: Raging Bolt|25/100
|move|p2a: Raging Bolt|Draco Meteor|p1a: Kyurem
|-crit|p1a: Kyurem
|-end|p1a: Kyurem|Substitute
|-unboost|p2a: Raging Bolt|spa|2
|
|-heal|p1a: Kyurem|68/100|[from] item: Leftovers
|upkeep
|turn|20
|
|t:|1779692551
|move|p1a: Kyurem|Substitute|p1a: Kyurem
|-start|p1a: Kyurem|Substitute
|-damage|p1a: Kyurem|43/100
|move|p2a: Raging Bolt|Draco Meteor|p1a: Kyurem
|-end|p1a: Kyurem|Substitute
|-unboost|p2a: Raging Bolt|spa|2
|
|-heal|p1a: Kyurem|49/100|[from] item: Leftovers
|upkeep
|turn|21
|c|☆Iker69420|Ur so annoying
|inactive|draconotmeteor has 120 seconds left.
|
|t:|1779692596
|-end|p2a: Raging Bolt|Protosynthesis|[silent]
|switch|p2a: Torkoal|Torkoal, M|20/100
|-weather|SunnyDay|[from] ability: Drought|[of] p2a: Torkoal
|move|p1a: Kyurem|Substitute|p1a: Kyurem
|-start|p1a: Kyurem|Substitute
|-damage|p1a: Kyurem|24/100
|
|-weather|SunnyDay|[upkeep]
|-heal|p1a: Kyurem|30/100|[from] item: Leftovers
|upkeep
|turn|22
|
|t:|1779692600
|move|p1a: Kyurem|Earth Power|p2a: Torkoal
|-supereffective|p2a: Torkoal
|-damage|p2a: Torkoal|0 fnt
|faint|p2a: Torkoal
|
|-weather|SunnyDay|[upkeep]
|-heal|p1a: Kyurem|37/100|[from] item: Leftovers
|upkeep
|
|t:|1779692617
|switch|p2a: Ceruledge|Ceruledge, F|100/100
|turn|23
|
|t:|1779692624
|move|p1a: Kyurem|Earth Power|p2a: Ceruledge
|-supereffective|p2a: Ceruledge
|-enditem|p2a: Ceruledge|Focus Sash
|-damage|p2a: Ceruledge|1/100
|-unboost|p2a: Ceruledge|spd|1
|move|p2a: Ceruledge|Bitter Blade|p1a: Kyurem
|-end|p1a: Kyurem|Substitute
|-heal|p2a: Ceruledge|18/100|[from] drain|[of] p1a: Kyurem
|
|-weather|SunnyDay|[upkeep]
|-heal|p1a: Kyurem|43/100|[from] item: Leftovers
|upkeep
|turn|24
|
|t:|1779692630
|move|p2a: Ceruledge|Shadow Sneak|p1a: Kyurem
|-damage|p1a: Kyurem|25/100
|move|p1a: Kyurem|Substitute|p1a: Kyurem
|-fail|p1a: Kyurem|move: Substitute|[weak]
|
|-weather|SunnyDay|[upkeep]
|-heal|p1a: Kyurem|31/100|[from] item: Leftovers
|upkeep
|turn|25
|
|t:|1779692645
|move|p2a: Ceruledge|Shadow Sneak|p1a: Kyurem
|-damage|p1a: Kyurem|11/100
|move|p1a: Kyurem|Earth Power|p2a: Ceruledge
|-supereffective|p2a: Ceruledge
|-damage|p2a: Ceruledge|0 fnt
|faint|p2a: Ceruledge
|
|-weather|SunnyDay|[upkeep]
|-heal|p1a: Kyurem|17/100|[from] item: Leftovers
|upkeep
|
|t:|1779692651
|switch|p2a: Walking Wake|Walking Wake|100/100
|-activate|p2a: Walking Wake|ability: Protosynthesis
|-start|p2a: Walking Wake|protosynthesisspe
|turn|26
|
|t:|1779692656
|move|p1a: Kyurem|Protect|p1a: Kyurem
|-singleturn|p1a: Kyurem|Protect
|move|p2a: Walking Wake|Hydro Steam|p1a: Kyurem
|-activate|p1a: Kyurem|move: Protect
|
|-weather|SunnyDay|[upkeep]
|-heal|p1a: Kyurem|23/100|[from] item: Leftovers
|upkeep
|turn|27
|
|t:|1779692679
|switch|p1a: Slowking|Slowking-Galar, M|100/100
|-damage|p1a: Slowking|88/100|[from] Stealth Rock
|move|p2a: Walking Wake|Hydro Steam|p1a: Slowking
|-damage|p1a: Slowking|39/100
|
|-weather|SunnyDay|[upkeep]
|upkeep
|turn|28
|
|t:|1779692688
|switch|p1a: Cyclizar|Cyclizar, F|100/100
|move|p2a: Walking Wake|Hydro Steam|p1a: Cyclizar
|-resisted|p1a: Cyclizar
|-damage|p1a: Cyclizar|18/100
|
|-weather|none
|-end|p2a: Walking Wake|Protosynthesis
|upkeep
|turn|29
|
|t:|1779692695
|move|p1a: Cyclizar|Knock Off|p2a: Walking Wake
|-damage|p2a: Walking Wake|79/100
|-enditem|p2a: Walking Wake|Choice Specs|[from] move: Knock Off|[of] p1a: Cyclizar
|move|p2a: Walking Wake|Hydro Steam|p1a: Cyclizar
|-resisted|p1a: Cyclizar
|-damage|p1a: Cyclizar|0 fnt
|faint|p1a: Cyclizar
|
|upkeep
|
|t:|1779692704
|switch|p1a: Slowking|Slowking-Galar, M|72/100
|-damage|p1a: Slowking|60/100|[from] Stealth Rock
|turn|30
|
|t:|1779692711
|move|p2a: Walking Wake|Draco Meteor|p1a: Slowking
|-damage|p1a: Slowking|18/100
|-unboost|p2a: Walking Wake|spa|2
|-prepare|p1a: Slowking|Chilly Reception|[premajor]
|move|p1a: Slowking|Chilly Reception|p1a: Slowking
|-weather|Snowscape
|
|t:|1779692718
|switch|p1a: Garganacl|Garganacl, M|100/100|[from] Chilly Reception
|-damage|p1a: Garganacl|88/100|[from] Stealth Rock
|
|-weather|Snowscape|[upkeep]
|-heal|p1a: Garganacl|94/100|[from] item: Leftovers
|upkeep
|turn|31
|
|t:|1779692724
|move|p2a: Walking Wake|Hydro Steam|p1a: Garganacl
|-supereffective|p1a: Garganacl
|-damage|p1a: Garganacl|68/100
|move|p1a: Garganacl|Salt Cure|p2a: Walking Wake
|-damage|p2a: Walking Wake|65/100
|-start|p2a: Walking Wake|Salt Cure
|
|-weather|Snowscape|[upkeep]
|-heal|p1a: Garganacl|74/100|[from] item: Leftovers
|-damage|p2a: Walking Wake|40/100|[from] Salt Cure
|upkeep
|turn|32
|
|t:|1779692733
|-end|p2a: Walking Wake|Protosynthesis|[silent]
|switch|p2a: Raging Bolt|Raging Bolt, tera:Fairy|25/100
|move|p1a: Garganacl|Salt Cure|p2a: Raging Bolt
|-damage|p2a: Raging Bolt|15/100
|-start|p2a: Raging Bolt|Salt Cure
|
|-weather|Snowscape|[upkeep]
|-heal|p1a: Garganacl|80/100|[from] item: Leftovers
|-damage|p2a: Raging Bolt|2/100|[from] Salt Cure
|upkeep
|turn|33
|
|t:|1779692739
|move|p1a: Garganacl|Protect|p1a: Garganacl
|-singleturn|p1a: Garganacl|Protect
|move|p2a: Raging Bolt|Thunderbolt|p1a: Garganacl
|-activate|p1a: Garganacl|move: Protect
|
|-weather|Snowscape|[upkeep]
|-heal|p1a: Garganacl|86/100|[from] item: Leftovers
|-damage|p2a: Raging Bolt|0 fnt|[from] Salt Cure
|faint|p2a: Raging Bolt
|-end|p2a: Raging Bolt|Protosynthesis|[silent]
|upkeep
|
|t:|1779692743
|switch|p2a: Walking Wake|Walking Wake|40/100
|turn|34
|
|t:|1779692748
|move|p2a: Walking Wake|Hydro Steam|p1a: Garganacl
|-supereffective|p1a: Garganacl
|-damage|p1a: Garganacl|35/100
|move|p1a: Garganacl|Salt Cure|p2a: Walking Wake
|-damage|p2a: Walking Wake|24/100
|-start|p2a: Walking Wake|Salt Cure
|
|-weather|none
|-heal|p1a: Garganacl|41/100|[from] item: Leftovers
|-damage|p2a: Walking Wake|0 fnt|[from] Salt Cure
|faint|p2a: Walking Wake
|-end|p2a: Walking Wake|Protosynthesis|[silent]
|upkeep
|
|t:|1779692759
|switch|p2a: Great Tusk|Great Tusk|100/100
|turn|35
|
|t:|1779692764
|move|p1a: Garganacl|Protect|p1a: Garganacl
|-singleturn|p1a: Garganacl|Protect
|move|p2a: Great Tusk|Headlong Rush|p1a: Garganacl
|-activate|p1a: Garganacl|move: Protect
|
|-heal|p1a: Garganacl|48/100|[from] item: Leftovers
|upkeep
|turn|36
|
|t:|1779692766
|switch|p1a: Corviknight|Corviknight, M|100/100
|-damage|p1a: Corviknight|88/100|[from] Stealth Rock
|-ability|p1a: Corviknight|Pressure
|move|p2a: Great Tusk|Headlong Rush|p1a: Corviknight
|-immune|p1a: Corviknight
|
|upkeep
|turn|37
|
|t:|1779692769
|move|p2a: Great Tusk|Temper Flare|p1a: Corviknight
|-supereffective|p1a: Corviknight
|-damage|p1a: Corviknight|25/100
|-damage|p2a: Great Tusk|84/100|[from] item: Rocky Helmet|[of] p1a: Corviknight
|move|p1a: Corviknight|Brave Bird|p2a: Great Tusk
|-supereffective|p2a: Great Tusk
|-damage|p2a: Great Tusk|27/100
|-damage|p1a: Corviknight|8/100|[from] Recoil
|
|upkeep
|turn|38
|
|t:|1779692773
|move|p2a: Great Tusk|Temper Flare|p1a: Corviknight
|-supereffective|p1a: Corviknight
|-damage|p1a: Corviknight|0 fnt
|-damage|p2a: Great Tusk|10/100|[from] item: Rocky Helmet|[of] p1a: Corviknight
|faint|p1a: Corviknight
|
|upkeep
|
|t:|1779692776
|switch|p1a: Kyurem|Kyurem, tera:Ground|23/100
|-damage|p1a: Kyurem|17/100|[from] Stealth Rock
|-ability|p1a: Kyurem|Pressure
|turn|39
|
|t:|1779692782
|move|p1a: Kyurem|Protect|p1a: Kyurem
|-singleturn|p1a: Kyurem|Protect
|move|p2a: Great Tusk|Knock Off|p1a: Kyurem
|-activate|p1a: Kyurem|move: Protect
|
|-heal|p1a: Kyurem|23/100|[from] item: Leftovers
|upkeep
|turn|40
|
|t:|1779692785
|move|p1a: Kyurem|Freeze-Dry|p2a: Great Tusk
|-supereffective|p2a: Great Tusk
|-damage|p2a: Great Tusk|0 fnt
|faint|p2a: Great Tusk
|-end|p2a: Great Tusk|Protosynthesis|[silent]
|
|-heal|p1a: Kyurem|29/100|[from] item: Leftovers
|upkeep
|
|t:|1779692788
|switch|p2a: Dragapult|Dragapult, F|100/100
|turn|41
|
|t:|1779692792
|move|p2a: Dragapult|Hex|p1a: Kyurem
|-damage|p1a: Kyurem|1/100
|move|p1a: Kyurem|Freeze-Dry|p2a: Dragapult
|-supereffective|p2a: Dragapult
|-crit|p2a: Dragapult
|-damage|p2a: Dragapult|0 fnt
|faint|p2a: Dragapult
|
|win|draconotmeteor
|raw|draconotmeteor's rating: 1195 &rarr; <strong>1217</strong><br />(+22 for winning)
|raw|Iker69420's rating: 1153 &rarr; <strong>1131</strong><br />(-22 for losing)
|c|☆Iker69420|Die
|l|☆Iker69420
|player|p2|
