|j|☆BabyFish2380
|j|☆Gyedfygvf
|t:|1779629411
|gametype|singles
|player|p1|BabyFish2380|erika|1091
|player|p2|Gyedfygvf|lucas|1174
|gen|9
|tier|[Gen 9] OU
|rated|
|rule|HP Percentage Mod: HP is shown in percentages
|rule|Endless Battle Clause: Forcing endless battles is banned
|rule|Species Clause: Limit one of each Pokémon
|rule|OHKO Clause: OHKO moves are banned
|rule|Evasion Items Clause: Evasion items are banned
|rule|Evasion Moves Clause: Evasion moves are banned
|rule|Evasion Abilities Clause: Evasion abilities are banned
|rule|Sleep Moves Clause: Sleep-inducing moves are banned
|clearpoke
|poke|p1|Torkoal, M|
|poke|p1|Sunflora, M|
|poke|p1|Deoxys-Defense|
|poke|p1|Rampardos, F|
|poke|p1|Swalot, F|
|poke|p1|Kingambit, F|
|poke|p2|Samurott-Hisui, M|
|poke|p2|Gliscor, F|
|poke|p2|Gholdengo|
|poke|p2|Great Tusk|
|poke|p2|Iron Valiant|
|poke|p2|Kingambit, M|
|teampreview
|
|t:|1779629425
|teamsize|p1|6
|teamsize|p2|6
|start
|switch|p1a: Deoxys|Deoxys-Defense|100/100
|switch|p2a: Samurott|Samurott-Hisui, M|100/100
|-ability|p1a: Deoxys|Pressure
|turn|1
|inactive|Battle timer is ON: inactive players will automatically lose when time's up. (requested by Gyedfygvf)
|
|t:|1779629437
|move|p2a: Samurott|Ceaseless Edge|p1a: Deoxys
|-supereffective|p1a: Deoxys
|-damage|p1a: Deoxys|31/100
|-sidestart|p1: BabyFish2380|Spikes
|move|p1a: Deoxys|Teleport|p1a: Deoxys
|
|t:|1779629441
|switch|p1a: Swalot|Swalot, F|100/100|[from] Teleport
|-damage|p1a: Swalot|88/100|[from] Spikes
|
|upkeep
|turn|2
|
|t:|1779629451
|move|p2a: Samurott|Ceaseless Edge|p1a: Swalot
|-damage|p1a: Swalot|43/100
|-sidestart|p1: BabyFish2380|Spikes
|move|p1a: Swalot|Stuff Cheeks|p1a: Swalot
|-boost|p1a: Swalot|def|2
|-enditem|p1a: Swalot|Petaya Berry|[eat]
|-boost|p1a: Swalot|spa|1|[from] item: Petaya Berry
|
|upkeep
|turn|3
|
|t:|1779629467
|move|p2a: Samurott|Razor Shell|p1a: Swalot
|-crit|p1a: Swalot
|-damage|p1a: Swalot|0 fnt
|faint|p1a: Swalot
|
|upkeep
|
|t:|1779629483
|switch|p1a: Torkoal|Torkoal, M|100/100
|-damage|p1a: Torkoal|84/100|[from] Spikes
|-weather|SunnyDay|[from] ability: Drought|[of] p1a: Torkoal
|turn|4
|
|t:|1779629492
|move|p2a: Samurott|Ceaseless Edge|p1a: Torkoal
|-damage|p1a: Torkoal|50/100
|-sidestart|p1: BabyFish2380|Spikes
|move|p1a: Torkoal|Body Press|p2a: Samurott
|-supereffective|p2a: Samurott
|-damage|p2a: Samurott|32/100
|
|-weather|SunnyDay|[upkeep]
|upkeep
|turn|5
|
|t:|1779629504
|move|p2a: Samurott|Razor Shell|p1a: Torkoal
|-supereffective|p1a: Torkoal
|-damage|p1a: Torkoal|13/100
|-unboost|p1a: Torkoal|def|1
|move|p1a: Torkoal|Body Press|p2a: Samurott
|-supereffective|p2a: Samurott
|-damage|p2a: Samurott|0 fnt
|faint|p2a: Samurott
|
|-weather|SunnyDay|[upkeep]
|upkeep
|
|t:|1779629515
|switch|p2a: Great Tusk|Great Tusk|100/100
|-activate|p2a: Great Tusk|ability: Protosynthesis
|-start|p2a: Great Tusk|protosynthesisatk
|turn|6
|
|t:|1779629522
|move|p2a: Great Tusk|Rock Slide|p1a: Torkoal|[miss]
|-miss|p2a: Great Tusk|p1a: Torkoal
|move|p1a: Torkoal|Solar Beam||[still]
|-prepare|p1a: Torkoal|Solar Beam
|-anim|p1a: Torkoal|Solar Beam|p2a: Great Tusk
|-supereffective|p2a: Great Tusk
|-damage|p2a: Great Tusk|22/100
|
|-weather|SunnyDay|[upkeep]
|upkeep
|turn|7
|
|t:|1779629533
|move|p2a: Great Tusk|Headlong Rush|p1a: Torkoal
|-supereffective|p1a: Torkoal
|-damage|p1a: Torkoal|0 fnt
|-unboost|p2a: Great Tusk|def|1
|-unboost|p2a: Great Tusk|spd|1
|faint|p1a: Torkoal
|
|-weather|SunnyDay|[upkeep]
|upkeep
|
|t:|1779629555
|switch|p1a: Kingambit|Kingambit, F|100/100
|-damage|p1a: Kingambit|75/100|[from] Spikes
|-activate|p1a: Kingambit|ability: Supreme Overlord
|-start|p1a: Kingambit|fallen2|[silent]
|turn|8
|
|t:|1779629579
|-end|p2a: Great Tusk|Protosynthesis|[silent]
|switch|p2a: Iron Valiant|Iron Valiant|100/100
|-enditem|p2a: Iron Valiant|Booster Energy
|-activate|p2a: Iron Valiant|ability: Quark Drive|[fromitem]
|-start|p2a: Iron Valiant|quarkdrivespe
|move|p1a: Kingambit|Sucker Punch||[still]
|-fail|p1a: Kingambit
|
|-weather|SunnyDay|[upkeep]
|upkeep
|turn|9
|
|t:|1779629591
|move|p2a: Iron Valiant|Focus Blast|p1a: Kingambit
|-supereffective|p1a: Kingambit
|-damage|p1a: Kingambit|0 fnt
|faint|p1a: Kingambit
|-end|p1a: Kingambit|fallen2|[silent]
|
|-weather|SunnyDay|[upkeep]
|upkeep
|
|t:|1779629599
|switch|p1a: Sunflora|Sunflora, M|100/100
|-damage|p1a: Sunflora|76/100|[from] Spikes
|turn|10
|
|t:|1779629604
|-end|p2a: Iron Valiant|Quark Drive|[silent]
|switch|p2a: Great Tusk|Great Tusk|22/100
|-activate|p2a: Great Tusk|ability: Protosynthesis
|-start|p2a: Great Tusk|protosynthesisatk
|move|p1a: Sunflora|Solar Beam||[still]
|-prepare|p1a: Sunflora|Solar Beam
|-anim|p1a: Sunflora|Solar Beam|p2a: Great Tusk
|-supereffective|p2a: Great Tusk
|-damage|p2a: Great Tusk|0 fnt
|faint|p2a: Great Tusk
|-end|p2a: Great Tusk|Protosynthesis|[silent]
|-damage|p1a: Sunflora|66/100|[from] item: Life Orb
|
|-weather|SunnyDay|[upkeep]
|-damage|p1a: Sunflora|53/100|[from] ability: Solar Power|[of] p1a: Sunflora
|upkeep
|inactive|Gyedfygvf has 120 seconds left.
|
|t:|1779629638
|switch|p2a: Gliscor|Gliscor, F|100/100
|turn|11
|inactive|Gyedfygvf has 120 seconds left.
|
|t:|1779629648
|move|p2a: Gliscor|Toxic|p1a: Sunflora
|-status|p1a: Sunflora|tox
|move|p1a: Sunflora|Solar Beam||[still]
|-prepare|p1a: Sunflora|Solar Beam
|-anim|p1a: Sunflora|Solar Beam|p2a: Gliscor
|-damage|p2a: Gliscor|0 fnt
|faint|p2a: Gliscor
|-damage|p1a: Sunflora|43/100 tox|[from] item: Life Orb
|
|-weather|none
|-damage|p1a: Sunflora|37/100 tox|[from] psn
|upkeep
|inactive|Gyedfygvf has 120 seconds left.
|
|t:|1779629661
|switch|p2a: Iron Valiant|Iron Valiant|100/100
|turn|12
|inactive|Gyedfygvf has 120 seconds left.
|
|t:|1779629673
|move|p2a: Iron Valiant|Moonblast|p1a: Sunflora
|-damage|p1a: Sunflora|0 fnt
|faint|p1a: Sunflora
|
|upkeep
|
|t:|1779629677
|switch|p1a: Rampardos|Rampardos, F|100/100
|-damage|p1a: Rampardos|76/100|[from] Spikes
|-ability|p1a: Rampardos|Mold Breaker
|turn|13
|inactive|Gyedfygvf has 120 seconds left.
|
|t:|1779629688
|move|p2a: Iron Valiant|Focus Blast|p1a: Rampardos
|-supereffective|p1a: Rampardos
|-damage|p1a: Rampardos|0 fnt
|faint|p1a: Rampardos
|
|upkeep
|-message|BabyFish2380 forfeited.
|
|win|Gyedfygvf
|raw|BabyFish2380's rating: 1091 &rarr; <strong>1073</strong><br />(-18 for losing)
|raw|Gyedfygvf's rating: 1174 &rarr; <strong>1193</strong><br />(+19 for winning)
|l|☆BabyFish2380
|player|p1|
|l|☆Gyedfygvf
|player|p2|
