|j|☆TokinoZo
|j|☆Jus4funsies
|t:|1779591673
|gametype|singles
|player|p1|TokinoZo|n|1572
|player|p2|Jus4funsies|teamrocket|1661
|gen|9
|tier|[Gen 9] OU
|rated|
|rule|HP Percentage Mod: HP is shown in percentages
|rule|Endless Battle Clause: Forcing endless battles is banned
|rule|Species Clause: Limit one of each Pokémon
|rule|OHKO Clause: OHKO moves are banned
|rule|Evasion Items Clause: Evasion items are banned
|rule|Evasion Moves Clause: Evasion moves are banned
|rule|Evasion Abilities Clause: Evasion abilities are banned
|rule|Sleep Moves Clause: Sleep-inducing moves are banned
|clearpoke
|poke|p1|Gliscor, F|
|poke|p1|Weezing-Galar, F|
|poke|p1|Alomomola, F|
|poke|p1|Dondozo, M|
|poke|p1|Blissey, F|
|poke|p1|Ting-Lu|
|poke|p2|Samurott-Hisui, F|
|poke|p2|Gholdengo|
|poke|p2|Great Tusk|
|poke|p2|Dragonite, M|
|poke|p2|Raging Bolt|
|poke|p2|Kingambit, M|
|teampreview
|inactive|Battle timer is ON: inactive players will automatically lose when time's up. (requested by TokinoZo)
|
|t:|1779591687
|teamsize|p1|6
|teamsize|p2|6
|start
|switch|p1a: Weezing|Weezing-Galar, F, shiny|100/100
|switch|p2a: Shamiqua|Samurott-Hisui, F|100/100
|turn|1
|
|t:|1779591690
|move|p2a: Shamiqua|Taunt|p1a: Weezing
|-start|p1a: Weezing|move: Taunt
|cant|p1a: Weezing|move: Taunt|Will-O-Wisp
|
|upkeep
|turn|2
|
|t:|1779591693
|move|p2a: Shamiqua|Ceaseless Edge|p1a: Weezing
|-resisted|p1a: Weezing
|-damage|p1a: Weezing|86/100
|-sidestart|p1: TokinoZo|Spikes
|move|p1a: Weezing|Sludge Bomb|p2a: Shamiqua
|-damage|p2a: Shamiqua|58/100
|
|upkeep
|turn|3
|
|t:|1779591696
|move|p2a: Shamiqua|Ceaseless Edge|p1a: Weezing
|-resisted|p1a: Weezing
|-crit|p1a: Weezing
|-damage|p1a: Weezing|64/100
|-sidestart|p1: TokinoZo|Spikes
|move|p1a: Weezing|Sludge Bomb|p2a: Shamiqua
|-crit|p2a: Shamiqua
|-damage|p2a: Shamiqua|0 fnt
|faint|p2a: Shamiqua
|
|-end|p1a: Weezing|move: Taunt
|upkeep
|
|t:|1779591702
|switch|p2a: Cinna-Mon|Gholdengo|100/100
|-item|p2a: Cinna-Mon|Air Balloon
|turn|4
|
|t:|1779591705
|switch|p1a: Blissey|Blissey, F, shiny|100/100
|move|p2a: Cinna-Mon|Make It Rain|p1a: Blissey
|-damage|p1a: Blissey|82/100
|-unboost|p2a: Cinna-Mon|spa|1
|
|upkeep
|turn|5
|
|t:|1779591709
|switch|p2a: Tyrone|Great Tusk|100/100
|move|p1a: Blissey|Stealth Rock|p2a: Tyrone
|-sidestart|p2: Jus4funsies|move: Stealth Rock
|
|upkeep
|turn|6
|
|t:|1779591714
|switch|p1a: Weezing|Weezing-Galar, F, shiny|64/100
|move|p2a: Tyrone|Stealth Rock|p1a: Weezing
|-sidestart|p1: TokinoZo|move: Stealth Rock
|
|upkeep
|turn|7
|j| Easontom
|
|t:|1779591720
|-end|p2a: Tyrone|Protosynthesis|[silent]
|switch|p2a: Cinna-Mon|Gholdengo|100/100
|-damage|p2a: Cinna-Mon|95/100|[from] Stealth Rock
|-item|p2a: Cinna-Mon|Air Balloon
|move|p1a: Weezing|Will-O-Wisp|p2a: Cinna-Mon
|-immune|p2a: Cinna-Mon|[from] ability: Good as Gold
|
|upkeep
|turn|8
|
|t:|1779591724
|switch|p1a: Blissey|Blissey, F, shiny|82/100
|move|p2a: Cinna-Mon|Nasty Plot|p2a: Cinna-Mon
|-boost|p2a: Cinna-Mon|spa|2
|
|upkeep
|turn|9
|
|t:|1779591728
|move|p2a: Cinna-Mon|Make It Rain|p1a: Blissey
|-damage|p1a: Blissey|44/100
|-unboost|p2a: Cinna-Mon|spa|1
|move|p1a: Blissey|Calm Mind|p1a: Blissey
|-boost|p1a: Blissey|spa|1
|-boost|p1a: Blissey|spd|1
|
|upkeep
|turn|10
|
|t:|1779591738
|move|p2a: Cinna-Mon|Nasty Plot|p2a: Cinna-Mon
|-boost|p2a: Cinna-Mon|spa|2
|move|p1a: Blissey|Soft-Boiled|p1a: Blissey
|-heal|p1a: Blissey|94/100
|
|upkeep
|turn|11
|
|t:|1779591743
|switch|p2a: Tyrone|Great Tusk|100/100
|move|p1a: Blissey|Calm Mind|p1a: Blissey
|-boost|p1a: Blissey|spa|1
|-boost|p1a: Blissey|spd|1
|
|upkeep
|turn|12
|
|t:|1779591748
|switch|p1a: Alomomola|Alomomola, F, shiny|100/100
|move|p2a: Tyrone|Rapid Spin|p1a: Alomomola
|-damage|p1a: Alomomola|89/100
|-boost|p2a: Tyrone|spe|1
|-sideend|p2: Jus4funsies|Stealth Rock|[from] move: Rapid Spin|[of] p2a: Tyrone
|
|upkeep
|turn|13
|
|t:|1779591757
|-end|p2a: Tyrone|Protosynthesis|[silent]
|switch|p2a: Daddy long neck|Raging Bolt|100/100
|-enditem|p2a: Daddy long neck|Booster Energy
|-activate|p2a: Daddy long neck|ability: Protosynthesis|[fromitem]
|-start|p2a: Daddy long neck|protosynthesisspa
|move|p1a: Alomomola|Wish|p1a: Alomomola
|
|upkeep
|turn|14
|
|t:|1779591763
|move|p1a: Alomomola|Protect|p1a: Alomomola
|-singleturn|p1a: Alomomola|Protect
|move|p2a: Daddy long neck|Dragon Pulse|p1a: Alomomola
|-activate|p1a: Alomomola|move: Protect
|
|-heal|p1a: Alomomola|100/100|[from] move: Wish|[wisher] Alomomola
|upkeep
|turn|15
|
|t:|1779591768
|move|p2a: Daddy long neck|Thunderbolt|p1a: Alomomola
|-supereffective|p1a: Alomomola
|-damage|p1a: Alomomola|0 fnt
|faint|p1a: Alomomola
|
|upkeep
|
|t:|1779591773
|switch|p1a: Gliscor|Gliscor, F, shiny|100/100
|-damage|p1a: Gliscor|88/100|[from] Stealth Rock
|turn|16
|
|t:|1779591778
|-end|p2a: Daddy long neck|Protosynthesis|[silent]
|switch|p2a: Tyrone|Great Tusk|100/100
|move|p1a: Gliscor|Knock Off|p2a: Tyrone
|-resisted|p2a: Tyrone
|-damage|p2a: Tyrone|92/100
|-enditem|p2a: Tyrone|Heavy-Duty Boots|[from] move: Knock Off|[of] p1a: Gliscor
|
|-status|p1a: Gliscor|tox|[from] item: Toxic Orb
|upkeep
|turn|17
|
|t:|1779591782
|move|p2a: Tyrone|Ice Spinner|p1a: Gliscor
|-supereffective|p1a: Gliscor
|-crit|p1a: Gliscor
|-damage|p1a: Gliscor|0 fnt
|faint|p1a: Gliscor
|
|upkeep
|
|t:|1779591788
|switch|p1a: Ting-Lu|Ting-Lu, shiny|100/100
|-damage|p1a: Ting-Lu|84/100|[from] Spikes
|-damage|p1a: Ting-Lu|78/100|[from] Stealth Rock
|-ability|p1a: Ting-Lu|Vessel of Ruin
|turn|18
|
|t:|1779591794
|switch|p1a: Weezing|Weezing-Galar, F, shiny|64/100
|move|p2a: Tyrone|Ice Spinner|p1a: Weezing
|-damage|p1a: Weezing|46/100
|
|upkeep
|turn|19
|
|t:|1779591800
|-end|p2a: Tyrone|Protosynthesis|[silent]
|switch|p2a: Cinna-Mon|Gholdengo|95/100
|-item|p2a: Cinna-Mon|Air Balloon
|move|p1a: Weezing|Pain Split|p2a: Cinna-Mon
|-immune|p2a: Cinna-Mon|[from] ability: Good as Gold
|
|upkeep
|turn|20
|
|t:|1779591806
|switch|p1a: Ting-Lu|Ting-Lu, shiny|78/100
|-damage|p1a: Ting-Lu|61/100|[from] Spikes
|-damage|p1a: Ting-Lu|55/100|[from] Stealth Rock
|-ability|p1a: Ting-Lu|Vessel of Ruin
|move|p2a: Cinna-Mon|Make It Rain|p1a: Ting-Lu
|-damage|p1a: Ting-Lu|39/100
|-unboost|p2a: Cinna-Mon|spa|1
|
|upkeep
|turn|21
|
|t:|1779591813
|switch|p2a: Tyrone|Great Tusk|92/100
|move|p1a: Ting-Lu|Ruination|p2a: Tyrone
|-damage|p2a: Tyrone|47/100
|
|upkeep
|turn|22
|
|t:|1779591817
|switch|p1a: Weezing|Weezing-Galar, F, shiny|46/100
|move|p2a: Tyrone|Ice Spinner|p1a: Weezing
|-damage|p1a: Weezing|28/100
|
|upkeep
|turn|23
|
|t:|1779591823
|-end|p2a: Tyrone|Protosynthesis|[silent]
|switch|p2a: Cinna-Mon|Gholdengo|95/100
|-item|p2a: Cinna-Mon|Air Balloon
|move|p1a: Weezing|Defog|p2a: Cinna-Mon
|-immune|p2a: Cinna-Mon|[from] ability: Good as Gold
|
|upkeep
|turn|24
|
|t:|1779591832
|switch|p1a: Blissey|Blissey, F, shiny|94/100
|move|p2a: Cinna-Mon|Nasty Plot|p2a: Cinna-Mon
|-boost|p2a: Cinna-Mon|spa|2
|
|upkeep
|turn|25
|
|t:|1779591835
|move|p2a: Cinna-Mon|Make It Rain|p1a: Blissey
|-damage|p1a: Blissey|58/100
|-unboost|p2a: Cinna-Mon|spa|1
|move|p1a: Blissey|Calm Mind|p1a: Blissey
|-boost|p1a: Blissey|spa|1
|-boost|p1a: Blissey|spd|1
|
|upkeep
|turn|26
|
|t:|1779591839
|switch|p2a: Tyrone|Great Tusk|47/100
|move|p1a: Blissey|Shadow Ball|p2a: Tyrone
|-damage|p2a: Tyrone|13/100
|
|upkeep
|turn|27
|
|t:|1779591845
|switch|p1a: Dondozo|Dondozo, M, shiny|100/100
|move|p2a: Tyrone|Ice Spinner|p1a: Dondozo
|-resisted|p1a: Dondozo
|-damage|p1a: Dondozo|94/100
|
|upkeep
|turn|28
|
|t:|1779591848
|-end|p2a: Tyrone|Protosynthesis|[silent]
|switch|p2a: Daddy long neck|Raging Bolt|100/100
|move|p1a: Dondozo|Body Press|p2a: Daddy long neck
|-damage|p2a: Daddy long neck|75/100
|
|upkeep
|turn|29
|
|t:|1779591851
|switch|p1a: Ting-Lu|Ting-Lu, shiny|39/100
|-damage|p1a: Ting-Lu|22/100|[from] Spikes
|-damage|p1a: Ting-Lu|16/100|[from] Stealth Rock
|-ability|p1a: Ting-Lu|Vessel of Ruin
|move|p2a: Daddy long neck|Dragon Pulse|p1a: Ting-Lu
|-damage|p1a: Ting-Lu|2/100
|
|upkeep
|turn|30
|
|t:|1779591854
|move|p2a: Daddy long neck|Dragon Pulse|p1a: Ting-Lu
|-damage|p1a: Ting-Lu|0 fnt
|faint|p1a: Ting-Lu
|
|upkeep
|
|t:|1779591857
|switch|p1a: Blissey|Blissey, F, shiny|58/100
|turn|31
|
|t:|1779591860
|-end|p2a: Daddy long neck|Protosynthesis|[silent]
|switch|p2a: Tyrone|Great Tusk|13/100
|move|p1a: Blissey|Shadow Ball|p2a: Tyrone
|-damage|p2a: Tyrone|0 fnt
|faint|p2a: Tyrone
|-end|p2a: Tyrone|Protosynthesis|[silent]
|
|upkeep
|
|t:|1779591871
|switch|p2a: DragoniGG|Dragonite, M|100/100
|turn|32
|
|t:|1779591878
|switch|p1a: Weezing|Weezing-Galar, F, shiny|28/100
|-terastallize|p2a: DragoniGG|Normal
|move|p2a: DragoniGG|Earthquake|p1a: Weezing
|-immune|p1a: Weezing|[from] ability: Levitate
|
|upkeep
|turn|33
|
|t:|1779591882
|move|p2a: DragoniGG|Extreme Speed|p1a: Weezing
|-damage|p1a: Weezing|0 fnt
|faint|p1a: Weezing
|
|upkeep
|
|t:|1779591886
|switch|p1a: Dondozo|Dondozo, M, shiny|94/100
|turn|34
|
|t:|1779591892
|switch|p2a: Cinna-Mon|Gholdengo|95/100
|-item|p2a: Cinna-Mon|Air Balloon
|move|p1a: Dondozo|Body Press|p2a: Cinna-Mon
|-immune|p2a: Cinna-Mon
|
|upkeep
|turn|35
|
|t:|1779591897
|switch|p1a: Blissey|Blissey, F, shiny|58/100
|move|p2a: Cinna-Mon|Recover|p2a: Cinna-Mon
|-heal|p2a: Cinna-Mon|100/100
|
|upkeep
|turn|36
|
|t:|1779591906
|switch|p2a: DragoniGG|Dragonite, M, tera:Normal|100/100
|move|p1a: Blissey|Soft-Boiled|p1a: Blissey
|-heal|p1a: Blissey|100/100
|
|upkeep
|turn|37
|
|t:|1779591910
|switch|p1a: Dondozo|Dondozo, M, shiny|94/100
|move|p2a: DragoniGG|Earthquake|p1a: Dondozo
|-damage|p1a: Dondozo|76/100
|
|upkeep
|turn|38
|
|t:|1779591914
|switch|p2a: Cinna-Mon|Gholdengo|100/100
|-item|p2a: Cinna-Mon|Air Balloon
|move|p1a: Dondozo|Crunch|p2a: Cinna-Mon
|-supereffective|p2a: Cinna-Mon
|-damage|p2a: Cinna-Mon|59/100
|-unboost|p2a: Cinna-Mon|def|1
|-enditem|p2a: Cinna-Mon|Air Balloon
|
|upkeep
|turn|39
|
|t:|1779591926
|switch|p2a: Daddy long neck|Raging Bolt|75/100
|move|p1a: Dondozo|Crunch|p2a: Daddy long neck
|-damage|p2a: Daddy long neck|57/100
|
|upkeep
|turn|40
|
|t:|1779591931
|switch|p1a: Blissey|Blissey, F, shiny|100/100
|move|p2a: Daddy long neck|Thunderbolt|p1a: Blissey
|-damage|p1a: Blissey|83/100
|
|upkeep
|turn|41
|
|t:|1779591938
|-end|p2a: Daddy long neck|Protosynthesis|[silent]
|switch|p2a: DragoniGG|Dragonite, M, tera:Normal|100/100
|move|p1a: Blissey|Shadow Ball|p2a: DragoniGG
|-immune|p2a: DragoniGG
|
|upkeep
|turn|42
|
|t:|1779591942
|switch|p1a: Dondozo|Dondozo, M, shiny|76/100
|move|p2a: DragoniGG|Earthquake|p1a: Dondozo
|-damage|p1a: Dondozo|59/100
|
|upkeep
|turn|43
|
|t:|1779591959
|move|p2a: DragoniGG|Earthquake|p1a: Dondozo
|-damage|p1a: Dondozo|41/100
|move|p1a: Dondozo|Crunch|p2a: DragoniGG
|-damage|p2a: DragoniGG|91/100
|
|upkeep
|turn|44
|
|t:|1779591967
|switch|p2a: Cinna-Mon|Gholdengo|59/100
|move|p1a: Dondozo|Body Press|p2a: Cinna-Mon
|-immune|p2a: Cinna-Mon
|
|upkeep
|turn|45
|
|t:|1779591971
|switch|p1a: Blissey|Blissey, F, shiny|83/100
|move|p2a: Cinna-Mon|Recover|p2a: Cinna-Mon
|-heal|p2a: Cinna-Mon|100/100
|
|upkeep
|turn|46
|
|t:|1779591975
|switch|p2a: DragoniGG|Dragonite, M, tera:Normal|91/100
|move|p1a: Blissey|Stealth Rock|p2a: DragoniGG
|-sidestart|p2: Jus4funsies|move: Stealth Rock
|
|upkeep
|turn|47
|
|t:|1779591981
|switch|p1a: Dondozo|Dondozo, M, shiny|41/100
|move|p2a: DragoniGG|Earthquake|p1a: Dondozo
|-damage|p1a: Dondozo|24/100
|
|upkeep
|turn|48
|
|t:|1779591986
|move|p2a: DragoniGG|Extreme Speed|p1a: Dondozo
|-damage|p1a: Dondozo|2/100
|move|p1a: Dondozo|Rest|p1a: Dondozo
|-status|p1a: Dondozo|slp|[from] move: Rest
|-heal|p1a: Dondozo|100/100 slp|[silent]
|
|upkeep
|turn|49
|
|t:|1779591995
|move|p2a: DragoniGG|Roost|p2a: DragoniGG
|-heal|p2a: DragoniGG|100/100
|cant|p1a: Dondozo|slp
|move|p1a: Dondozo|Sleep Talk|p1a: Dondozo
|move|p1a: Dondozo|Crunch|p2a: DragoniGG|[from] move: Sleep Talk
|-damage|p2a: DragoniGG|90/100
|
|upkeep
|turn|50
|
|t:|1779592004
|move|p2a: DragoniGG|Roost|p2a: DragoniGG
|-heal|p2a: DragoniGG|100/100
|cant|p1a: Dondozo|slp
|move|p1a: Dondozo|Sleep Talk|p1a: Dondozo
|move|p1a: Dondozo|Rest||[from] move: Sleep Talk|[still]
|-fail|p1a: Dondozo
|
|upkeep
|turn|51
|
|t:|1779592016
|switch|p2a: Cinna-Mon|Gholdengo|100/100
|-damage|p2a: Cinna-Mon|95/100|[from] Stealth Rock
|-curestatus|p1a: Dondozo|slp|[msg]
|move|p1a: Dondozo|Crunch|p2a: Cinna-Mon
|-supereffective|p2a: Cinna-Mon
|-damage|p2a: Cinna-Mon|55/100
|
|upkeep
|turn|52
|
|t:|1779592021
|switch|p1a: Blissey|Blissey, F, shiny|83/100
|move|p2a: Cinna-Mon|Shadow Ball|p1a: Blissey
|-immune|p1a: Blissey
|
|upkeep
|turn|53
|
|t:|1779592023
|move|p2a: Cinna-Mon|Recover|p2a: Cinna-Mon
|-heal|p2a: Cinna-Mon|100/100
|move|p1a: Blissey|Shadow Ball|p2a: Cinna-Mon
|-supereffective|p2a: Cinna-Mon
|-damage|p2a: Cinna-Mon|63/100
|
|upkeep
|turn|54
|
|t:|1779592029
|switch|p2a: DragoniGG|Dragonite, M, tera:Normal|100/100
|move|p1a: Blissey|Shadow Ball|p2a: DragoniGG
|-immune|p2a: DragoniGG
|
|upkeep
|turn|55
|
|t:|1779592034
|switch|p1a: Dondozo|Dondozo, M, shiny|100/100
|move|p2a: DragoniGG|Earthquake|p1a: Dondozo
|-damage|p1a: Dondozo|82/100
|
|upkeep
|turn|56
|
|t:|1779592040
|move|p2a: DragoniGG|Earthquake|p1a: Dondozo
|-damage|p1a: Dondozo|65/100
|move|p1a: Dondozo|Body Press|p2a: DragoniGG
|-supereffective|p2a: DragoniGG
|-crit|p2a: DragoniGG
|-damage|p2a: DragoniGG|53/100
|
|upkeep
|turn|57
|
|t:|1779592048
|move|p2a: DragoniGG|Roost|p2a: DragoniGG
|-heal|p2a: DragoniGG|100/100
|move|p1a: Dondozo|Body Press|p2a: DragoniGG
|-supereffective|p2a: DragoniGG
|-damage|p2a: DragoniGG|70/100
|
|upkeep
|turn|58
|
|t:|1779592056
|switch|p2a: Cinna-Mon|Gholdengo|63/100
|-damage|p2a: Cinna-Mon|57/100|[from] Stealth Rock
|move|p1a: Dondozo|Body Press|p2a: Cinna-Mon
|-immune|p2a: Cinna-Mon
|
|upkeep
|turn|59
|
|t:|1779592061
|switch|p1a: Blissey|Blissey, F, shiny|83/100
|move|p2a: Cinna-Mon|Recover|p2a: Cinna-Mon
|-heal|p2a: Cinna-Mon|100/100
|
|upkeep
|turn|60
|
|t:|1779592063
|switch|p2a: DragoniGG|Dragonite, M, tera:Normal|70/100
|move|p1a: Blissey|Shadow Ball|p2a: DragoniGG
|-immune|p2a: DragoniGG
|
|upkeep
|turn|61
|
|t:|1779592067
|switch|p1a: Dondozo|Dondozo, M, shiny|65/100
|move|p2a: DragoniGG|Earthquake|p1a: Dondozo
|-damage|p1a: Dondozo|48/100
|
|upkeep
|turn|62
|
|t:|1779592072
|switch|p2a: Cinna-Mon|Gholdengo|100/100
|-damage|p2a: Cinna-Mon|95/100|[from] Stealth Rock
|move|p1a: Dondozo|Rest|p1a: Dondozo
|-status|p1a: Dondozo|slp|[from] move: Rest
|-heal|p1a: Dondozo|100/100 slp|[silent]
|
|upkeep
|turn|63
|
|t:|1779592077
|switch|p1a: Blissey|Blissey, F, shiny|83/100
|move|p2a: Cinna-Mon|Nasty Plot|p2a: Cinna-Mon
|-boost|p2a: Cinna-Mon|spa|2
|
|upkeep
|turn|64
|
|t:|1779592080
|move|p2a: Cinna-Mon|Make It Rain|p1a: Blissey
|-damage|p1a: Blissey|46/100
|-unboost|p2a: Cinna-Mon|spa|1
|move|p1a: Blissey|Calm Mind|p1a: Blissey
|-boost|p1a: Blissey|spa|1
|-boost|p1a: Blissey|spd|1
|
|upkeep
|turn|65
|
|t:|1779592088
|switch|p2a: DragoniGG|Dragonite, M, tera:Normal|70/100
|move|p1a: Blissey|Soft-Boiled|p1a: Blissey
|-heal|p1a: Blissey|96/100
|
|upkeep
|turn|66
|
|t:|1779592090
|switch|p1a: Dondozo|Dondozo, M, shiny|100/100 slp
|move|p2a: DragoniGG|Roost|p2a: DragoniGG
|-heal|p2a: DragoniGG|100/100
|
|upkeep
|turn|67
|
|t:|1779592098
|switch|p2a: Daddy long neck|Raging Bolt|57/100
|-damage|p2a: Daddy long neck|45/100|[from] Stealth Rock
|cant|p1a: Dondozo|slp
|move|p1a: Dondozo|Sleep Talk|p1a: Dondozo
|move|p1a: Dondozo|Rest||[from] move: Sleep Talk|[still]
|-fail|p1a: Dondozo
|
|upkeep
|turn|68
|c|☆Jus4funsies|bro
|
|t:|1779592107
|switch|p1a: Blissey|Blissey, F, shiny|96/100
|move|p2a: Daddy long neck|Thunderbolt|p1a: Blissey
|-damage|p1a: Blissey|79/100
|
|upkeep
|turn|69
|c|☆Jus4funsies|can u give i up
|
|t:|1779592114
|-end|p2a: Daddy long neck|Protosynthesis|[silent]
|switch|p2a: DragoniGG|Dragonite, M, tera:Normal|100/100
|move|p1a: Blissey|Shadow Ball|p2a: DragoniGG
|-immune|p2a: DragoniGG
|
|upkeep
|turn|70
|
|t:|1779592118
|switch|p1a: Dondozo|Dondozo, M, shiny|100/100 slp
|move|p2a: DragoniGG|Earthquake|p1a: Dondozo
|-damage|p1a: Dondozo|83/100 slp
|
|upkeep
|turn|71
|
|t:|1779592122
|move|p2a: DragoniGG|Earthquake|p1a: Dondozo
|-damage|p1a: Dondozo|67/100 slp
|cant|p1a: Dondozo|slp
|move|p1a: Dondozo|Sleep Talk|p1a: Dondozo
|move|p1a: Dondozo|Rest||[from] move: Sleep Talk|[still]
|-fail|p1a: Dondozo
|
|upkeep
|turn|72
|
|t:|1779592130
|switch|p2a: Cinna-Mon|Gholdengo|95/100
|-damage|p2a: Cinna-Mon|89/100|[from] Stealth Rock
|-curestatus|p1a: Dondozo|slp|[msg]
|move|p1a: Dondozo|Crunch|p2a: Cinna-Mon
|-supereffective|p2a: Cinna-Mon
|-damage|p2a: Cinna-Mon|48/100
|
|upkeep
|turn|73
|
|t:|1779592136
|switch|p1a: Blissey|Blissey, F, shiny|79/100
|move|p2a: Cinna-Mon|Shadow Ball|p1a: Blissey
|-immune|p1a: Blissey
|
|upkeep
|turn|74
|
|t:|1779592139
|move|p2a: Cinna-Mon|Recover|p2a: Cinna-Mon
|-heal|p2a: Cinna-Mon|98/100
|move|p1a: Blissey|Shadow Ball|p2a: Cinna-Mon
|-supereffective|p2a: Cinna-Mon
|-damage|p2a: Cinna-Mon|61/100
|-unboost|p2a: Cinna-Mon|spd|1
|
|upkeep
|turn|75
|
|t:|1779592144
|switch|p2a: DragoniGG|Dragonite, M, tera:Normal|100/100
|switch|p1a: Dondozo|Dondozo, M, shiny|67/100
|
|upkeep
|turn|76
|
|t:|1779592149
|move|p2a: DragoniGG|Earthquake|p1a: Dondozo
|-damage|p1a: Dondozo|48/100
|move|p1a: Dondozo|Body Press|p2a: DragoniGG
|-supereffective|p2a: DragoniGG
|-damage|p2a: DragoniGG|70/100
|
|upkeep
|turn|77
|
|t:|1779592154
|switch|p2a: Cinna-Mon|Gholdengo|61/100
|-damage|p2a: Cinna-Mon|55/100|[from] Stealth Rock
|move|p1a: Dondozo|Rest|p1a: Dondozo
|-status|p1a: Dondozo|slp|[from] move: Rest
|-heal|p1a: Dondozo|100/100 slp|[silent]
|
|upkeep
|turn|78
|
|t:|1779592156
|switch|p1a: Blissey|Blissey, F, shiny|79/100
|move|p2a: Cinna-Mon|Recover|p2a: Cinna-Mon
|-heal|p2a: Cinna-Mon|100/100
|
|upkeep
|turn|79
|
|t:|1779592163
|move|p2a: Cinna-Mon|Nasty Plot|p2a: Cinna-Mon
|-boost|p2a: Cinna-Mon|spa|2
|move|p1a: Blissey|Calm Mind|p1a: Blissey
|-boost|p1a: Blissey|spa|1
|-boost|p1a: Blissey|spd|1
|
|upkeep
|turn|80
|
|t:|1779592167
|switch|p2a: DragoniGG|Dragonite, M, tera:Normal|70/100
|move|p1a: Blissey|Shadow Ball|p2a: DragoniGG
|-immune|p2a: DragoniGG
|
|upkeep
|turn|81
|
|t:|1779592170
|switch|p1a: Dondozo|Dondozo, M, shiny|100/100 slp
|move|p2a: DragoniGG|Roost|p2a: DragoniGG
|-heal|p2a: DragoniGG|100/100
|
|upkeep
|turn|82
|
|t:|1779592178
|switch|p2a: Cinna-Mon|Gholdengo|100/100
|-damage|p2a: Cinna-Mon|95/100|[from] Stealth Rock
|cant|p1a: Dondozo|slp
|move|p1a: Dondozo|Sleep Talk|p1a: Dondozo
|move|p1a: Dondozo|Body Press|p2a: Cinna-Mon|[from] move: Sleep Talk
|-immune|p2a: Cinna-Mon
|
|upkeep
|turn|83
|
|t:|1779592183
|switch|p1a: Blissey|Blissey, F, shiny|79/100
|move|p2a: Cinna-Mon|Nasty Plot|p2a: Cinna-Mon
|-boost|p2a: Cinna-Mon|spa|2
|
|upkeep
|turn|84
|
|t:|1779592186
|move|p2a: Cinna-Mon|Make It Rain|p1a: Blissey
|-damage|p1a: Blissey|44/100
|-unboost|p2a: Cinna-Mon|spa|1
|move|p1a: Blissey|Shadow Ball|p2a: Cinna-Mon
|-supereffective|p2a: Cinna-Mon
|-damage|p2a: Cinna-Mon|58/100
|
|upkeep
|turn|85
|
|t:|1779592193
|move|p2a: Cinna-Mon|Make It Rain|p1a: Blissey
|-damage|p1a: Blissey|17/100
|-unboost|p2a: Cinna-Mon|spa|1
|move|p1a: Blissey|Soft-Boiled|p1a: Blissey
|-heal|p1a: Blissey|67/100
|
|upkeep
|turn|86
|
|t:|1779592198
|move|p2a: Cinna-Mon|Nasty Plot|p2a: Cinna-Mon
|-boost|p2a: Cinna-Mon|spa|2
|move|p1a: Blissey|Calm Mind|p1a: Blissey
|-boost|p1a: Blissey|spa|1
|-boost|p1a: Blissey|spd|1
|
|upkeep
|turn|87
|
|t:|1779592202
|move|p2a: Cinna-Mon|Recover|p2a: Cinna-Mon
|-heal|p2a: Cinna-Mon|100/100
|move|p1a: Blissey|Shadow Ball|p2a: Cinna-Mon
|-supereffective|p2a: Cinna-Mon
|-damage|p2a: Cinna-Mon|46/100
|
|upkeep
|turn|88
|
|t:|1779592208
|switch|p2a: DragoniGG|Dragonite, M, tera:Normal|100/100
|move|p1a: Blissey|Calm Mind|p1a: Blissey
|-boost|p1a: Blissey|spa|1
|-boost|p1a: Blissey|spd|1
|
|upkeep
|turn|89
|
|t:|1779592210
|switch|p1a: Dondozo|Dondozo, M, shiny|100/100 slp
|move|p2a: DragoniGG|Earthquake|p1a: Dondozo
|-damage|p1a: Dondozo|82/100 slp
|
|upkeep
|turn|90
|
|t:|1779592214
|switch|p2a: Cinna-Mon|Gholdengo|46/100
|-damage|p2a: Cinna-Mon|40/100|[from] Stealth Rock
|cant|p1a: Dondozo|slp
|move|p1a: Dondozo|Sleep Talk|p1a: Dondozo
|move|p1a: Dondozo|Crunch|p2a: Cinna-Mon|[from] move: Sleep Talk
|-supereffective|p2a: Cinna-Mon
|-damage|p2a: Cinna-Mon|2/100
|-unboost|p2a: Cinna-Mon|def|1
|
|upkeep
|turn|91
|
|t:|1779592221
|move|p2a: Cinna-Mon|Shadow Ball|p1a: Dondozo
|-damage|p1a: Dondozo|43/100 slp
|-curestatus|p1a: Dondozo|slp|[msg]
|move|p1a: Dondozo|Crunch|p2a: Cinna-Mon
|-supereffective|p2a: Cinna-Mon
|-damage|p2a: Cinna-Mon|0 fnt
|faint|p2a: Cinna-Mon
|
|upkeep
|
|t:|1779592237
|switch|p2a: Daddy long neck|Raging Bolt|45/100
|-damage|p2a: Daddy long neck|33/100|[from] Stealth Rock
|turn|92
|l| Easontom
|
|t:|1779592245
|switch|p1a: Blissey|Blissey, F, shiny|67/100
|move|p2a: Daddy long neck|Calm Mind|p2a: Daddy long neck
|-boost|p2a: Daddy long neck|spa|1
|-boost|p2a: Daddy long neck|spd|1
|
|upkeep
|turn|93
|
|t:|1779592250
|move|p2a: Daddy long neck|Calm Mind|p2a: Daddy long neck
|-boost|p2a: Daddy long neck|spa|1
|-boost|p2a: Daddy long neck|spd|1
|move|p1a: Blissey|Calm Mind|p1a: Blissey
|-boost|p1a: Blissey|spa|1
|-boost|p1a: Blissey|spd|1
|
|upkeep
|turn|94
|
|t:|1779592255
|move|p2a: Daddy long neck|Thunderbolt|p1a: Blissey
|-damage|p1a: Blissey|44/100
|move|p1a: Blissey|Calm Mind|p1a: Blissey
|-boost|p1a: Blissey|spa|1
|-boost|p1a: Blissey|spd|1
|
|upkeep
|turn|95
|
|t:|1779592258
|move|p2a: Daddy long neck|Calm Mind|p2a: Daddy long neck
|-boost|p2a: Daddy long neck|spa|1
|-boost|p2a: Daddy long neck|spd|1
|move|p1a: Blissey|Soft-Boiled|p1a: Blissey
|-heal|p1a: Blissey|94/100
|
|upkeep
|turn|96
|
|t:|1779592261
|move|p2a: Daddy long neck|Calm Mind|p2a: Daddy long neck
|-boost|p2a: Daddy long neck|spa|1
|-boost|p2a: Daddy long neck|spd|1
|move|p1a: Blissey|Calm Mind|p1a: Blissey
|-boost|p1a: Blissey|spa|1
|-boost|p1a: Blissey|spd|1
|
|upkeep
|turn|97
|
|t:|1779592265
|move|p2a: Daddy long neck|Thunderbolt|p1a: Blissey
|-damage|p1a: Blissey|75/100
|move|p1a: Blissey|Calm Mind|p1a: Blissey
|-boost|p1a: Blissey|spa|1
|-boost|p1a: Blissey|spd|1
|
|upkeep
|turn|98
|
|t:|1779592269
|move|p2a: Daddy long neck|Calm Mind|p2a: Daddy long neck
|-boost|p2a: Daddy long neck|spa|1
|-boost|p2a: Daddy long neck|spd|1
|move|p1a: Blissey|Shadow Ball|p2a: Daddy long neck
|-damage|p2a: Daddy long neck|21/100
|-unboost|p2a: Daddy long neck|spd|1
|
|upkeep
|turn|99
|
|t:|1779592275
|move|p2a: Daddy long neck|Calm Mind|p2a: Daddy long neck
|-boost|p2a: Daddy long neck|spa|1
|-boost|p2a: Daddy long neck|spd|1
|move|p1a: Blissey|Shadow Ball|p2a: Daddy long neck
|-damage|p2a: Daddy long neck|10/100
|
|upkeep
|turn|100
|
|t:|1779592278
|move|p2a: Daddy long neck|Thunderbolt|p1a: Blissey
|-damage|p1a: Blissey|54/100
|move|p1a: Blissey|Calm Mind|p1a: Blissey
|-boost|p1a: Blissey|spa|1
|-boost|p1a: Blissey|spd|1
|
|upkeep
|turn|101
|
|t:|1779592282
|move|p2a: Daddy long neck|Thunderbolt|p1a: Blissey
|-damage|p1a: Blissey|34/100
|-status|p1a: Blissey|par
|move|p1a: Blissey|Shadow Ball|p2a: Daddy long neck
|-damage|p2a: Daddy long neck|0 fnt
|faint|p2a: Daddy long neck
|-end|p2a: Daddy long neck|Protosynthesis|[silent]
|
|upkeep
|
|t:|1779592286
|switch|p2a: WE WUZ|Kingambit, M, shiny|100/100
|-damage|p2a: WE WUZ|94/100|[from] Stealth Rock
|-activate|p2a: WE WUZ|ability: Supreme Overlord
|-start|p2a: WE WUZ|fallen4|[silent]
|turn|102
|c|☆Jus4funsies|gg
|
|t:|1779592295
|move|p2a: WE WUZ|Kowtow Cleave|p1a: Blissey
|-damage|p1a: Blissey|0 fnt
|faint|p1a: Blissey
|
|upkeep
|
|t:|1779592297
|switch|p1a: Dondozo|Dondozo, M, shiny|43/100
|turn|103
|
|t:|1779592300
|-terastallize|p1a: Dondozo|Fighting
|move|p2a: WE WUZ|Kowtow Cleave|p1a: Dondozo
|-resisted|p1a: Dondozo
|-damage|p1a: Dondozo|23/100
|move|p1a: Dondozo|Rest|p1a: Dondozo
|-status|p1a: Dondozo|slp|[from] move: Rest
|-heal|p1a: Dondozo|100/100 slp|[silent]
|
|upkeep
|turn|104
|c|☆Jus4funsies|nvm
|c|☆Jus4funsies|gg the other way
|
|t:|1779592313
|move|p2a: WE WUZ|Iron Head|p1a: Dondozo
|-damage|p1a: Dondozo|69/100 slp
|cant|p1a: Dondozo|slp
|cant|p1a: Dondozo|flinch
|
|upkeep
|turn|105
|
|t:|1779592323
|move|p2a: WE WUZ|Iron Head|p1a: Dondozo
|-damage|p1a: Dondozo|43/100 slp
|cant|p1a: Dondozo|slp
|cant|p1a: Dondozo|flinch
|
|upkeep
|turn|106
|c|☆Jus4funsies|unless
|
|t:|1779592329
|move|p2a: WE WUZ|Iron Head|p1a: Dondozo
|-damage|p1a: Dondozo|13/100 slp
|-curestatus|p1a: Dondozo|slp|[msg]
|move|p1a: Dondozo|Rest|p1a: Dondozo
|-status|p1a: Dondozo|slp|[from] move: Rest
|-heal|p1a: Dondozo|100/100 slp|[silent]
|
|upkeep
|turn|107
|c|☆Jus4funsies|need this one
|
|t:|1779592335
|move|p2a: WE WUZ|Iron Head|p1a: Dondozo
|-damage|p1a: Dondozo|70/100 slp
|cant|p1a: Dondozo|slp
|move|p1a: Dondozo|Sleep Talk|p1a: Dondozo
|move|p1a: Dondozo|Rest||[from] move: Sleep Talk|[still]
|-fail|p1a: Dondozo
|
|upkeep
|turn|108
|c|☆Jus4funsies|cmon
|
|t:|1779592339
|move|p2a: WE WUZ|Iron Head|p1a: Dondozo
|-damage|p1a: Dondozo|40/100 slp
|cant|p1a: Dondozo|slp
|move|p1a: Dondozo|Sleep Talk|p1a: Dondozo
|move|p1a: Dondozo|Crunch|p2a: WE WUZ|[from] move: Sleep Talk
|-resisted|p2a: WE WUZ
|-damage|p2a: WE WUZ|87/100
|-unboost|p2a: WE WUZ|def|1
|
|upkeep
|turn|109
|
|t:|1779592346
|move|p2a: WE WUZ|Iron Head|p1a: Dondozo
|-damage|p1a: Dondozo|13/100 slp
|-curestatus|p1a: Dondozo|slp|[msg]
|cant|p1a: Dondozo|flinch
|
|upkeep
|turn|110
|
|t:|1779592351
|move|p2a: WE WUZ|Iron Head|p1a: Dondozo
|-damage|p1a: Dondozo|0 fnt
|faint|p1a: Dondozo
|
|win|Jus4funsies
|raw|TokinoZo's rating: 1572 &rarr; <strong>1557</strong><br />(-15 for losing)
|raw|Jus4funsies's rating: 1661 &rarr; <strong>1676</strong><br />(+15 for winning)
|c|☆Jus4funsies|yuhhh
