|j|☆YoSoyDelBronx
|j|☆mayankreddy_8
|t:|1779646870
|gametype|singles
|player|p1|YoSoyDelBronx|noland|1273
|player|p2|mayankreddy_8|red|1292
|gen|9
|tier|[Gen 9] OU
|rated|
|rule|HP Percentage Mod: HP is shown in percentages
|rule|Endless Battle Clause: Forcing endless battles is banned
|rule|Species Clause: Limit one of each Pokémon
|rule|OHKO Clause: OHKO moves are banned
|rule|Evasion Items Clause: Evasion items are banned
|rule|Evasion Moves Clause: Evasion moves are banned
|rule|Evasion Abilities Clause: Evasion abilities are banned
|rule|Sleep Moves Clause: Sleep-inducing moves are banned
|clearpoke
|poke|p1|Ninetales, F|
|poke|p1|Venusaur, M|
|poke|p1|Walking Wake|
|poke|p1|Blaziken, M|
|poke|p1|Great Tusk|
|poke|p1|Golem-Alola, M|
|poke|p2|Kingambit, F|
|poke|p2|Cinderace, M|
|poke|p2|Garchomp, M|
|poke|p2|Metagross|
|poke|p2|Iron Valiant|
|poke|p2|Moltres|
|teampreview
|
|t:|1779646876
|teamsize|p1|6
|teamsize|p2|6
|start
|switch|p1a: Blaziken|Blaziken, M|100/100
|switch|p2a: Garchomp|Garchomp, M|100/100
|-item|p1a: Blaziken|Air Balloon
|turn|1
|
|t:|1779646888
|move|p2a: Garchomp|Swords Dance|p2a: Garchomp
|-boost|p2a: Garchomp|atk|2
|move|p1a: Blaziken|Swords Dance|p1a: Blaziken
|-boost|p1a: Blaziken|atk|2
|
|-ability|p1a: Blaziken|Speed Boost|boost
|-boost|p1a: Blaziken|spe|1
|upkeep
|turn|2
|
|t:|1779646895
|-terastallize|p1a: Blaziken|Fighting
|move|p1a: Blaziken|Close Combat|p2a: Garchomp
|-damage|p2a: Garchomp|0 fnt
|-unboost|p1a: Blaziken|def|1
|-unboost|p1a: Blaziken|spd|1
|-damage|p1a: Blaziken|88/100|[from] ability: Rough Skin|[of] p2a: Garchomp
|-damage|p1a: Blaziken|72/100|[from] item: Rocky Helmet|[of] p2a: Garchomp
|faint|p2a: Garchomp
|
|-ability|p1a: Blaziken|Speed Boost|boost
|-boost|p1a: Blaziken|spe|1
|upkeep
|
|t:|1779646906
|switch|p2a: Moltres|Moltres, shiny|100/100
|turn|3
|
|t:|1779646918
|move|p1a: Blaziken|Protect|p1a: Blaziken
|-singleturn|p1a: Blaziken|Protect
|move|p2a: Moltres|Hurricane|p1a: Blaziken
|-activate|p1a: Blaziken|move: Protect
|
|-ability|p1a: Blaziken|Speed Boost|boost
|-boost|p1a: Blaziken|spe|1
|upkeep
|turn|4
|
|t:|1779646951
|move|p1a: Blaziken|Flare Blitz|p2a: Moltres
|-resisted|p2a: Moltres
|-crit|p2a: Moltres
|-damage|p2a: Moltres|0 fnt
|faint|p2a: Moltres
|-damage|p1a: Blaziken|36/100|[from] Recoil
|
|-ability|p1a: Blaziken|Speed Boost|boost
|-boost|p1a: Blaziken|spe|1
|upkeep
|
|t:|1779646961
|switch|p2a: Kingambit|Kingambit, F, shiny|100/100
|-activate|p2a: Kingambit|ability: Supreme Overlord
|-start|p2a: Kingambit|fallen2|[silent]
|turn|5
|
|t:|1779646979
|move|p2a: Kingambit|Sucker Punch|p1a: Blaziken
|-resisted|p1a: Blaziken
|-damage|p1a: Blaziken|0 fnt
|-enditem|p1a: Blaziken|Air Balloon
|faint|p1a: Blaziken
|
|upkeep
|
|t:|1779646982
|switch|p1a: SimaSoyYo|Ninetales, F|100/100
|-weather|SunnyDay|[from] ability: Drought|[of] p1a: SimaSoyYo
|turn|6
|
|t:|1779646991
|-end|p2a: Kingambit|fallen2|[silent]
|switch|p2a: Cinderace|Cinderace, M, shiny|100/100
|move|p1a: SimaSoyYo|Will-O-Wisp|p2a: Cinderace
|-immune|p2a: Cinderace
|
|-weather|SunnyDay|[upkeep]
|upkeep
|turn|7
|
|t:|1779646998
|move|p2a: Cinderace|High Jump Kick|p1a: SimaSoyYo
|-start|p2a: Cinderace|typechange|Fighting|[from] ability: Libero
|-crit|p1a: SimaSoyYo
|-damage|p1a: SimaSoyYo|0 fnt
|faint|p1a: SimaSoyYo
|
|-weather|SunnyDay|[upkeep]
|upkeep
|
|t:|1779647006
|switch|p1a: Weiki|Walking Wake|100/100
|-activate|p1a: Weiki|ability: Protosynthesis
|-start|p1a: Weiki|protosynthesisspe
|turn|8
|
|t:|1779647018
|move|p1a: Weiki|Hydro Steam|p2a: Cinderace
|-damage|p2a: Cinderace|0 fnt
|faint|p2a: Cinderace
|
|-weather|SunnyDay|[upkeep]
|upkeep
|
|t:|1779647028
|switch|p2a: Iron Valiant|Iron Valiant|100/100
|-enditem|p2a: Iron Valiant|Booster Energy
|-activate|p2a: Iron Valiant|ability: Quark Drive|[fromitem]
|-start|p2a: Iron Valiant|quarkdrivespe
|turn|9
|
|t:|1779647036
|move|p2a: Iron Valiant|Spirit Break|p1a: Weiki
|-supereffective|p1a: Weiki
|-damage|p1a: Weiki|14/100
|-unboost|p1a: Weiki|spa|1
|move|p1a: Weiki|Hydro Steam|p2a: Iron Valiant
|-damage|p2a: Iron Valiant|0 fnt
|faint|p2a: Iron Valiant
|-end|p2a: Iron Valiant|Quark Drive|[silent]
|
|-weather|SunnyDay|[upkeep]
|upkeep
|
|t:|1779647046
|switch|p2a: Metagross|Metagross, shiny|100/100
|turn|10
|
|t:|1779647048
|move|p2a: Metagross|Bullet Punch|p1a: Weiki
|-resisted|p1a: Weiki
|-damage|p1a: Weiki|2/100
|move|p1a: Weiki|Hydro Steam|p2a: Metagross
|-damage|p2a: Metagross|52/100
|
|-weather|SunnyDay|[upkeep]
|upkeep
|turn|11
|
|t:|1779647055
|move|p2a: Metagross|Bullet Punch|p1a: Weiki
|-resisted|p1a: Weiki
|-damage|p1a: Weiki|0 fnt
|faint|p1a: Weiki
|-end|p1a: Weiki|Protosynthesis|[silent]
|
|-weather|SunnyDay|[upkeep]
|upkeep
|
|t:|1779647059
|switch|p1a: Sapopeta|Venusaur, M|100/100
|turn|12
|
|t:|1779647063
|move|p1a: Sapopeta|Weather Ball|p2a: Metagross
|-supereffective|p2a: Metagross
|-damage|p2a: Metagross|0 fnt
|faint|p2a: Metagross
|-damage|p1a: Sapopeta|91/100|[from] item: Life Orb
|
|-weather|SunnyDay|[upkeep]
|upkeep
|
|t:|1779647069
|switch|p2a: Kingambit|Kingambit, F, shiny|100/100
|-activate|p2a: Kingambit|ability: Supreme Overlord
|-start|p2a: Kingambit|fallen5|[silent]
|turn|13
|
|t:|1779647081
|-terastallize|p2a: Kingambit|Flying
|move|p2a: Kingambit|Sucker Punch||[still]
|-fail|p2a: Kingambit
|move|p1a: Sapopeta|Growth|p1a: Sapopeta
|-boost|p1a: Sapopeta|atk|2
|-boost|p1a: Sapopeta|spa|2
|
|-weather|none
|upkeep
|turn|14
|
|t:|1779647088
|move|p1a: Sapopeta|Sludge Bomb|p2a: Kingambit
|-damage|p2a: Kingambit|0 fnt
|faint|p2a: Kingambit
|-end|p2a: Kingambit|fallen5|[silent]
|-damage|p1a: Sapopeta|81/100|[from] item: Life Orb
|
|win|YoSoyDelBronx
|raw|YoSoyDelBronx's rating: 1273 &rarr; <strong>1299</strong><br />(+26 for winning)
|raw|mayankreddy_8's rating: 1292 &rarr; <strong>1266</strong><br />(-26 for losing)
|c|☆YoSoyDelBronx|gg
|l|☆mayankreddy_8
|player|p2|
