|j|☆Wikdchikn
|j|☆userkid
|t:|1779626790
|gametype|singles
|player|p1|Wikdchikn|cameraman|1169
|player|p2|userkid|cynthia-gen4|1212
|gen|9
|tier|[Gen 9] OU
|rated|
|rule|HP Percentage Mod: HP is shown in percentages
|rule|Endless Battle Clause: Forcing endless battles is banned
|rule|Species Clause: Limit one of each Pokémon
|rule|OHKO Clause: OHKO moves are banned
|rule|Evasion Items Clause: Evasion items are banned
|rule|Evasion Moves Clause: Evasion moves are banned
|rule|Evasion Abilities Clause: Evasion abilities are banned
|rule|Sleep Moves Clause: Sleep-inducing moves are banned
|clearpoke
|poke|p1|Clodsire, M|
|poke|p1|Cryogonal|
|poke|p1|Zebstrika, F|
|poke|p1|Deoxys-Speed|
|poke|p1|Golem-Alola, F|
|poke|p1|Alomomola, F|
|poke|p2|Grimmsnarl, M|
|poke|p2|Feraligatr, M|
|poke|p2|Polteageist-Antique|
|poke|p2|Cinderace, M|
|poke|p2|Dragonite, F|
|poke|p2|Garchomp, M|
|teampreview
|inactive|Battle timer is ON: inactive players will automatically lose when time's up. (requested by Wikdchikn)
|
|t:|1779626809
|teamsize|p1|6
|teamsize|p2|6
|start
|switch|p1a: Clodsire|Clodsire, M|100/100
|switch|p2a: Grimmsnarl|Grimmsnarl, M|100/100
|turn|1
|
|t:|1779626813
|move|p2a: Grimmsnarl|Light Screen|p2a: Grimmsnarl
|-sidestart|p2: userkid|move: Light Screen
|move|p1a: Clodsire|Toxic|p2a: Grimmsnarl
|-status|p2a: Grimmsnarl|tox
|
|-damage|p2a: Grimmsnarl|94/100 tox|[from] psn
|upkeep
|turn|2
|
|t:|1779626819
|move|p2a: Grimmsnarl|Reflect|p2a: Grimmsnarl
|-sidestart|p2: userkid|Reflect
|move|p1a: Clodsire|Curse|p1a: Clodsire
|-unboost|p1a: Clodsire|spe|1
|-boost|p1a: Clodsire|atk|1
|-boost|p1a: Clodsire|def|1
|
|-damage|p2a: Grimmsnarl|82/100 tox|[from] psn
|upkeep
|turn|3
|
|t:|1779626824
|move|p2a: Grimmsnarl|Parting Shot|p1a: Clodsire
|-unboost|p1a: Clodsire|atk|1
|-unboost|p1a: Clodsire|spa|1
|
|t:|1779626833
|switch|p2a: Polteageist|Polteageist-Antique|100/100|[from] Parting Shot
|move|p1a: Clodsire|Curse|p1a: Clodsire
|-unboost|p1a: Clodsire|spe|1
|-boost|p1a: Clodsire|atk|1
|-boost|p1a: Clodsire|def|1
|
|upkeep
|turn|4
|
|t:|1779626843
|move|p2a: Polteageist|Shell Smash|p2a: Polteageist
|-unboost|p2a: Polteageist|def|1
|-unboost|p2a: Polteageist|spd|1
|-boost|p2a: Polteageist|atk|2
|-boost|p2a: Polteageist|spa|2
|-boost|p2a: Polteageist|spe|2
|move|p1a: Clodsire|Bulldoze|p2a: Polteageist
|-damage|p2a: Polteageist|76/100
|-unboost|p2a: Polteageist|spe|1
|-ability|p2a: Polteageist|Weak Armor|boost
|-unboost|p2a: Polteageist|def|1
|-boost|p2a: Polteageist|spe|2
|
|upkeep
|turn|5
|
|t:|1779626857
|move|p2a: Polteageist|Stored Power|p1a: Clodsire
|-supereffective|p1a: Clodsire
|-damage|p1a: Clodsire|43/100
|move|p1a: Clodsire|Bulldoze|p2a: Polteageist
|-damage|p2a: Polteageist|53/100
|-unboost|p2a: Polteageist|spe|1
|-ability|p2a: Polteageist|Weak Armor|boost
|-unboost|p2a: Polteageist|def|1
|-boost|p2a: Polteageist|spe|2
|
|-heal|p1a: Clodsire|49/100|[from] item: Black Sludge
|upkeep
|turn|6
|
|t:|1779626873
|move|p2a: Polteageist|Stored Power|p1a: Clodsire
|-supereffective|p1a: Clodsire
|-damage|p1a: Clodsire|0 fnt
|faint|p1a: Clodsire
|
|upkeep
|
|t:|1779626878
|switch|p1a: Alomomola|Alomomola, F|100/100
|turn|7
|
|t:|1779626881
|move|p2a: Polteageist|Giga Drain|p1a: Alomomola
|-supereffective|p1a: Alomomola
|-damage|p1a: Alomomola|16/100
|-heal|p2a: Polteageist|100/100|[from] drain|[of] p1a: Alomomola
|move|p1a: Alomomola|Flip Turn|p2a: Polteageist
|-damage|p2a: Polteageist|69/100
|-ability|p2a: Polteageist|Weak Armor|boost
|-unboost|p2a: Polteageist|def|1
|-boost|p2a: Polteageist|spe|2
|
|t:|1779626895
|switch|p1a: Zebstrika|Zebstrika, F|100/100|[from] Flip Turn
|
|upkeep
|turn|8
|
|t:|1779626912
|move|p2a: Polteageist|Giga Drain|p1a: Zebstrika
|-damage|p1a: Zebstrika|27/100
|-heal|p2a: Polteageist|100/100|[from] drain|[of] p1a: Zebstrika
|move|p1a: Zebstrika|Supercell Slam|p2a: Polteageist
|-enditem|p2a: Polteageist|Focus Sash
|-damage|p2a: Polteageist|1/100
|-ability|p2a: Polteageist|Weak Armor|boost
|-unboost|p2a: Polteageist|def|1
|
|-sideend|p2: userkid|move: Light Screen
|upkeep
|turn|9
|
|t:|1779626922
|move|p2a: Polteageist|Giga Drain|p1a: Zebstrika
|-damage|p1a: Zebstrika|0 fnt
|-heal|p2a: Polteageist|15/100|[from] drain|[of] p1a: Zebstrika
|faint|p1a: Zebstrika
|
|-sideend|p2: userkid|Reflect
|upkeep
|
|t:|1779626929
|switch|p1a: Cryogonal|Cryogonal|100/100
|turn|10
|
|t:|1779626959
|move|p2a: Polteageist|Stored Power|p1a: Cryogonal
|-damage|p1a: Cryogonal|0 fnt
|faint|p1a: Cryogonal
|
|upkeep
|-message|Wikdchikn forfeited.
|
|win|userkid
|raw|Wikdchikn's rating: 1169 &rarr; <strong>1147</strong><br />(-22 for losing)
|raw|userkid's rating: 1212 &rarr; <strong>1234</strong><br />(+22 for winning)
|l|☆Wikdchikn
|player|p1|
|l|☆userkid
|player|p2|
