|j|☆CaptainOrb
|j|☆my 100lb pug
|t:|1779577642
|gametype|singles
|player|p1|CaptainOrb|2|1645
|player|p2|my 100lb pug|101|1651
|gen|9
|tier|[Gen 9] OU
|rated|
|rule|HP Percentage Mod: HP is shown in percentages
|rule|Endless Battle Clause: Forcing endless battles is banned
|rule|Species Clause: Limit one of each Pokémon
|rule|OHKO Clause: OHKO moves are banned
|rule|Evasion Items Clause: Evasion items are banned
|rule|Evasion Moves Clause: Evasion moves are banned
|rule|Evasion Abilities Clause: Evasion abilities are banned
|rule|Sleep Moves Clause: Sleep-inducing moves are banned
|clearpoke
|poke|p1|Weezing-Galar, F|
|poke|p1|Gliscor, M|
|poke|p1|Blissey, F|
|poke|p1|Corviknight, F|
|poke|p1|Dondozo, F|
|poke|p1|Toxapex, M|
|poke|p2|Delphox, M|
|poke|p2|Raging Bolt|
|poke|p2|Samurott-Hisui, M|
|poke|p2|Hatterene, F|
|poke|p2|Great Tusk|
|poke|p2|Kyurem|
|teampreview
|
|t:|1779577651
|teamsize|p1|6
|teamsize|p2|6
|start
|switch|p1a: Gliscor|Gliscor, M|100/100
|switch|p2a: Hatterene|Hatterene, F|100/100
|turn|1
|inactive|Battle timer is ON: inactive players will automatically lose when time's up. (requested by CaptainOrb)
|
|t:|1779577659
|move|p1a: Gliscor|Knock Off|p2a: Hatterene
|-damage|p2a: Hatterene|78/100
|-enditem|p2a: Hatterene|Assault Vest|[from] move: Knock Off|[of] p1a: Gliscor
|move|p2a: Hatterene|Psychic Noise|p1a: Gliscor
|-damage|p1a: Gliscor|60/100
|-start|p1a: Gliscor|move: Heal Block
|
|-status|p1a: Gliscor|tox|[from] item: Toxic Orb
|upkeep
|turn|2
|
|t:|1779577672
|move|p1a: Gliscor|Earthquake|p2a: Hatterene
|-damage|p2a: Hatterene|42/100
|move|p2a: Hatterene|Dazzling Gleam|p1a: Gliscor
|-damage|p1a: Gliscor|23/100 tox
|
|-end|p1a: Gliscor|move: Heal Block
|upkeep
|turn|3
|
|t:|1779577682
|move|p1a: Gliscor|Protect|p1a: Gliscor
|-singleturn|p1a: Gliscor|Protect
|move|p2a: Hatterene|Draining Kiss|p1a: Gliscor
|-activate|p1a: Gliscor|move: Protect
|
|-heal|p1a: Gliscor|35/100 tox|[from] ability: Poison Heal
|upkeep
|turn|4
|
|t:|1779577685
|switch|p1a: Blissey|Blissey, F|100/100
|move|p2a: Hatterene|Psychic Noise|p1a: Blissey
|-damage|p1a: Blissey|88/100
|-start|p1a: Blissey|move: Heal Block
|
|upkeep
|turn|5
|
|t:|1779577691
|move|p1a: Blissey|Seismic Toss|p2a: Hatterene
|-damage|p2a: Hatterene|11/100
|move|p2a: Hatterene|Draining Kiss|p1a: Blissey
|-damage|p1a: Blissey|78/100
|-heal|p2a: Hatterene|26/100|[from] drain|[of] p1a: Blissey
|
|-end|p1a: Blissey|move: Heal Block
|upkeep
|turn|6
|
|t:|1779577701
|switch|p2a: Samurott|Samurott-Hisui, M|100/100
|move|p1a: Blissey|Seismic Toss|p2a: Samurott
|-damage|p2a: Samurott|69/100
|
|-heal|p1a: Blissey|84/100|[from] item: Leftovers
|upkeep
|turn|7
|
|t:|1779577704
|switch|p1a: Weezing|Weezing-Galar, F|100/100
|-ability|p1a: Weezing|Neutralizing Gas
|move|p2a: Samurott|Flip Turn|p1a: Weezing
|-damage|p1a: Weezing|83/100
|
|t:|1779577711
|switch|p2a: Delphox|Delphox, M|100/100|[from] Flip Turn
|
|upkeep
|turn|8
|
|t:|1779577714
|-end|p1a: Weezing|ability: Neutralizing Gas
|switch|p1a: Toxapex|Toxapex, M|100/100
|move|p2a: Delphox|Psyshock|p1a: Toxapex
|-supereffective|p1a: Toxapex
|-damage|p1a: Toxapex|19/100
|
|upkeep
|turn|9
|
|t:|1779577717
|switch|p1a: Blissey|Blissey, F|84/100
|move|p2a: Delphox|Psyshock|p1a: Blissey
|-damage|p1a: Blissey|22/100
|
|-heal|p1a: Blissey|28/100|[from] item: Leftovers
|upkeep
|turn|10
|
|t:|1779577729
|switch|p1a: Dondozo|Dondozo, F|100/100
|move|p2a: Delphox|Psyshock|p1a: Dondozo
|-damage|p1a: Dondozo|77/100
|
|-heal|p1a: Dondozo|83/100|[from] item: Leftovers
|upkeep
|turn|11
|
|t:|1779577737
|switch|p2a: Kyurem|Kyurem|100/100
|-ability|p2a: Kyurem|Pressure
|move|p1a: Dondozo|Waterfall|p2a: Kyurem
|-resisted|p2a: Kyurem
|-damage|p2a: Kyurem|87/100
|
|-heal|p1a: Dondozo|89/100|[from] item: Leftovers
|upkeep
|turn|12
|
|t:|1779577742
|switch|p1a: Blissey|Blissey, F|28/100
|move|p2a: Kyurem|Freeze-Dry|p1a: Blissey
|-damage|p1a: Blissey|18/100
|-status|p1a: Blissey|frz
|
|-heal|p1a: Blissey|24/100 frz|[from] item: Leftovers
|upkeep
|turn|13
|
|t:|1779577746
|move|p2a: Kyurem|Scale Shot|p1a: Blissey
|-damage|p1a: Blissey|12/100 frz
|-damage|p1a: Blissey|1/100 frz
|-damage|p1a: Blissey|0 fnt
|faint|p1a: Blissey
|-hitcount|p1: Blissey|3
|-unboost|p2a: Kyurem|def|1
|-boost|p2a: Kyurem|spe|1
|
|upkeep
|-message|CaptainOrb forfeited.
|
|win|my 100lb pug
|raw|CaptainOrb's rating: 1645 &rarr; <strong>1625</strong><br />(-20 for losing)
|raw|my 100lb pug's rating: 1651 &rarr; <strong>1671</strong><br />(+20 for winning)
|l|☆CaptainOrb
|player|p1|
|l|☆my 100lb pug
|player|p2|
