|j|☆dummydraedon
|j|☆keep ttar overused
|t:|1779717780
|gametype|singles
|player|p1|dummydraedon|169|1282
|player|p2|keep ttar overused|265|1264
|gen|9
|tier|[Gen 9] OU
|rated|
|rule|HP Percentage Mod: HP is shown in percentages
|rule|Endless Battle Clause: Forcing endless battles is banned
|rule|Species Clause: Limit one of each Pokémon
|rule|OHKO Clause: OHKO moves are banned
|rule|Evasion Items Clause: Evasion items are banned
|rule|Evasion Moves Clause: Evasion moves are banned
|rule|Evasion Abilities Clause: Evasion abilities are banned
|rule|Sleep Moves Clause: Sleep-inducing moves are banned
|clearpoke
|poke|p1|Vaporeon, M|
|poke|p1|Tinkaton, F|
|poke|p1|Pelipper, M|
|poke|p1|Excadrill, M|
|poke|p1|Barraskewda, M|
|poke|p1|Zoroark-Hisui, M|
|poke|p2|Empoleon, F|
|poke|p2|Dewgong, F|
|poke|p2|Ditto|
|poke|p2|Infernape, M|
|poke|p2|Raichu, M|
|poke|p2|Snorlax, M|
|teampreview
|inactive|Battle timer is ON: inactive players will automatically lose when time's up. (requested by keep ttar overused)
|
|t:|1779717810
|teamsize|p1|6
|teamsize|p2|6
|start
|switch|p1a: I smash vap|Tinkaton, F, shiny|100/100
|switch|p2a: Napoleon|Empoleon, F|100/100
|turn|1
|
|t:|1779717815
|move|p1a: I smash vap|Trick|p2a: Napoleon
|-activate|p1a: I smash vap|move: Trick|[of] p2a: Napoleon
|-item|p2a: Napoleon|Choice Scarf|[from] move: Trick
|-item|p1a: I smash vap|Leftovers|[from] move: Trick
|move|p2a: Napoleon|Surf|p1a: I smash vap
|-damage|p1a: I smash vap|6/100
|replace|p1a: i think im vap|Zoroark-Hisui, M
|-end|p1a: i think im vap|Illusion
|
|-heal|p1a: i think im vap|12/100|[from] item: Leftovers
|upkeep
|turn|2
|
|t:|1779717820
|switch|p1a: vap|Vaporeon, M|100/100
|move|p2a: Napoleon|Surf|p1a: vap
|-immune|p1a: vap|[from] ability: Water Absorb
|
|upkeep
|turn|3
|
|t:|1779717826
|switch|p2a: Utility Dewgong|Dewgong, F|100/100
|move|p1a: vap|Scald|p2a: Utility Dewgong
|-resisted|p2a: Utility Dewgong
|-damage|p2a: Utility Dewgong|90/100
|
|upkeep
|turn|4
|
|t:|1779717830
|move|p1a: vap|Protect|p1a: vap
|-singleturn|p1a: vap|Protect
|move|p2a: Utility Dewgong|Knock Off|p1a: vap
|-activate|p1a: vap|move: Protect
|
|upkeep
|turn|5
|
|t:|1779717839
|switch|p1a: I smash vap|Tinkaton, F, shiny|12/100
|move|p2a: Utility Dewgong|Encore||[still]
|-fail|p2a: Utility Dewgong
|
|-heal|p1a: I smash vap|18/100|[from] item: Leftovers
|upkeep
|turn|6
|
|t:|1779717849
|switch|p1a: I smash vap|Tinkaton, F, shiny|100/100
|-ability|p1a: I smash vap|Mold Breaker
|move|p2a: Utility Dewgong|Flip Turn|p1a: I smash vap
|-damage|p1a: I smash vap|85/100
|
|t:|1779717855
|switch|p2a: Napoleon|Empoleon, F|100/100|[from] Flip Turn
|
|-heal|p1a: I smash vap|91/100|[from] item: Leftovers
|upkeep
|turn|7
|
|t:|1779717858
|move|p2a: Napoleon|Stealth Rock|p1a: I smash vap
|-sidestart|p1: dummydraedon|move: Stealth Rock
|move|p1a: I smash vap|Thunder Wave|p2a: Napoleon
|-status|p2a: Napoleon|par
|
|-heal|p1a: I smash vap|97/100|[from] item: Leftovers
|upkeep
|turn|8
|
|t:|1779717862
|switch|p2a: Utility Dewgong|Dewgong, F|90/100
|move|p1a: I smash vap|Stealth Rock|p2a: Utility Dewgong
|-sidestart|p2: keep ttar overused|move: Stealth Rock
|
|-heal|p1a: I smash vap|100/100|[from] item: Leftovers
|upkeep
|turn|9
|
|t:|1779717865
|move|p1a: I smash vap|Thunder Wave|p2a: Utility Dewgong
|-status|p2a: Utility Dewgong|par
|cant|p2a: Utility Dewgong|par
|
|upkeep
|turn|10
|
|t:|1779717869
|move|p1a: I smash vap|Knock Off|p2a: Utility Dewgong
|-damage|p2a: Utility Dewgong|73/100 par
|-enditem|p2a: Utility Dewgong|Heavy-Duty Boots|[from] move: Knock Off|[of] p1a: I smash vap
|move|p2a: Utility Dewgong|Flip Turn|p1a: I smash vap
|-damage|p1a: I smash vap|84/100
|
|t:|1779717874
|switch|p2a: Fire Monk|Infernape, M|100/100|[from] Flip Turn
|
|-heal|p1a: I smash vap|90/100|[from] item: Leftovers
|upkeep
|turn|11
|
|t:|1779717877
|move|p2a: Fire Monk|Overheat|p1a: I smash vap
|-supereffective|p1a: I smash vap
|-damage|p1a: I smash vap|23/100
|-unboost|p2a: Fire Monk|spa|2
|move|p1a: I smash vap|Thunder Wave|p2a: Fire Monk
|-status|p2a: Fire Monk|par
|
|-heal|p1a: I smash vap|29/100|[from] item: Leftovers
|upkeep
|turn|12
|
|t:|1779717883
|switch|p1a: vap|Vaporeon, M|100/100
|-damage|p1a: vap|88/100|[from] Stealth Rock
|move|p2a: Fire Monk|Close Combat|p1a: vap
|-damage|p1a: vap|49/100
|-unboost|p2a: Fire Monk|def|1
|-unboost|p2a: Fire Monk|spd|1
|
|-heal|p1a: vap|55/100|[from] item: Leftovers
|upkeep
|turn|13
|
|t:|1779717885
|cant|p2a: Fire Monk|par
|move|p1a: vap|Wish|p1a: vap
|
|-heal|p1a: vap|61/100|[from] item: Leftovers
|upkeep
|turn|14
|
|t:|1779717887
|cant|p2a: Fire Monk|par
|move|p1a: vap|Scald|p2a: Fire Monk
|-supereffective|p2a: Fire Monk
|-damage|p2a: Fire Monk|0 fnt
|faint|p2a: Fire Monk
|
|-heal|p1a: vap|100/100|[from] move: Wish|[wisher] vap
|upkeep
|
|t:|1779717891
|switch|p2a: Ander Dingus|Raichu, M|100/100
|turn|15
|
|t:|1779717897
|move|p1a: vap|Protect|p1a: vap
|-singleturn|p1a: vap|Protect
|move|p2a: Ander Dingus|Nasty Plot|p2a: Ander Dingus
|-boost|p2a: Ander Dingus|spa|2
|
|upkeep
|turn|16
|
|t:|1779717901
|move|p2a: Ander Dingus|Grass Knot|p1a: vap
|-supereffective|p1a: vap
|-damage|p1a: vap|51/100
|move|p1a: vap|Haze|p1a: vap
|-clearallboost
|
|-heal|p1a: vap|57/100|[from] item: Leftovers
|upkeep
|turn|17
|
|t:|1779717906
|switch|p1a: making vap wet|Pelipper, M|100/100
|-damage|p1a: making vap wet|76/100|[from] Stealth Rock
|-weather|RainDance|[from] ability: Drizzle|[of] p1a: making vap wet
|move|p2a: Ander Dingus|Thunderbolt|p1a: making vap wet
|-supereffective|p1a: making vap wet
|-damage|p1a: making vap wet|0 fnt
|faint|p1a: making vap wet
|
|-weather|RainDance|[upkeep]
|upkeep
|
|t:|1779717908
|switch|p1a: swimming in vap|Barraskewda, M|100/100
|-damage|p1a: swimming in vap|88/100|[from] Stealth Rock
|turn|18
|
|t:|1779717913
|-terastallize|p2a: Ander Dingus|Grass
|move|p1a: swimming in vap|Liquidation|p2a: Ander Dingus
|-resisted|p2a: Ander Dingus
|-damage|p2a: Ander Dingus|4/100
|-damage|p1a: swimming in vap|78/100|[from] item: Life Orb
|move|p2a: Ander Dingus|Thunderbolt|p1a: swimming in vap
|-supereffective|p1a: swimming in vap
|-damage|p1a: swimming in vap|0 fnt
|faint|p1a: swimming in vap
|
|-weather|RainDance|[upkeep]
|upkeep
|
|t:|1779717931
|switch|p1a: dig deep in vap|Excadrill, M, shiny|100/100
|-damage|p1a: dig deep in vap|97/100|[from] Stealth Rock
|-ability|p1a: dig deep in vap|Mold Breaker
|-item|p1a: dig deep in vap|Air Balloon
|turn|19
|
|t:|1779717934
|move|p2a: Ander Dingus|Grass Knot|p1a: dig deep in vap
|-damage|p1a: dig deep in vap|65/100
|-enditem|p1a: dig deep in vap|Air Balloon
|move|p1a: dig deep in vap|Rapid Spin|p2a: Ander Dingus
|-damage|p2a: Ander Dingus|0 fnt
|-boost|p1a: dig deep in vap|spe|1
|-sideend|p1: dummydraedon|Stealth Rock|[from] move: Rapid Spin|[of] p1a: dig deep in vap
|faint|p2a: Ander Dingus
|
|-weather|RainDance|[upkeep]
|upkeep
|
|t:|1779717938
|switch|p2a: Double D|Ditto|100/100
|-damage|p2a: Double D|88/100|[from] Stealth Rock
|-transform|p2a: Double D|p1a: dig deep in vap|[from] ability: Imposter
|-ability|p2a: Double D|Mold Breaker
|turn|20
|
|t:|1779717946
|move|p2a: Double D|Earthquake|p1a: dig deep in vap
|-supereffective|p1a: dig deep in vap
|-damage|p1a: dig deep in vap|0 fnt
|faint|p1a: dig deep in vap
|
|-weather|RainDance|[upkeep]
|upkeep
|
|t:|1779717949
|switch|p1a: vap|Vaporeon, M|57/100
|turn|21
|
|t:|1779717955
|switch|p2a: Utility Dewgong|Dewgong, F|73/100 par
|-damage|p2a: Utility Dewgong|48/100 par|[from] Stealth Rock
|move|p1a: vap|Protect||[still]
|-fail|p1a: vap
|
|-weather|none
|-heal|p1a: vap|63/100|[from] item: Leftovers
|upkeep
|turn|22
|
|t:|1779717960
|move|p1a: vap|Wish|p1a: vap
|cant|p2a: Utility Dewgong|par
|
|-heal|p1a: vap|70/100|[from] item: Leftovers
|upkeep
|turn|23
|
|t:|1779717968
|switch|p1a: vap|Vaporeon, M|18/100
|cant|p2a: Utility Dewgong|par
|
|-heal|p1a: vap|100/100|[from] move: Wish|[wisher] vap
|upkeep
|turn|24
|
|t:|1779717975
|move|p1a: vap|Hex|p2a: Utility Dewgong
|-damage|p2a: Utility Dewgong|0 fnt
|faint|p2a: Utility Dewgong
|
|upkeep
|
|t:|1779717981
|switch|p2a: Pic 6|Snorlax, M|100/100
|-damage|p2a: Pic 6|88/100|[from] Stealth Rock
|turn|25
|
|t:|1779717984
|move|p1a: vap|Will-O-Wisp|p2a: Pic 6
|-status|p2a: Pic 6|brn
|move|p2a: Pic 6|Earthquake|p1a: vap
|-damage|p1a: vap|74/100
|replace|p1a: i think im vap|Zoroark-Hisui, M
|-end|p1a: i think im vap|Illusion
|
|-heal|p1a: i think im vap|80/100|[from] item: Leftovers
|-heal|p2a: Pic 6|94/100 brn|[from] item: Leftovers
|-damage|p2a: Pic 6|88/100 brn|[from] brn
|upkeep
|turn|26
|
|t:|1779717995
|switch|p1a: vap|Vaporeon, M|70/100
|move|p2a: Pic 6|Curse|p2a: Pic 6
|-unboost|p2a: Pic 6|spe|1
|-boost|p2a: Pic 6|atk|1
|-boost|p2a: Pic 6|def|1
|
|-heal|p1a: vap|76/100|[from] item: Leftovers
|-heal|p2a: Pic 6|94/100 brn|[from] item: Leftovers
|-damage|p2a: Pic 6|88/100 brn|[from] brn
|upkeep
|turn|27
|
|t:|1779717999
|move|p1a: vap|Haze|p1a: vap
|-clearallboost
|move|p2a: Pic 6|Body Slam|p1a: vap
|-damage|p1a: vap|65/100
|
|-heal|p1a: vap|71/100|[from] item: Leftovers
|-heal|p2a: Pic 6|94/100 brn|[from] item: Leftovers
|-damage|p2a: Pic 6|88/100 brn|[from] brn
|upkeep
|turn|28
|
|t:|1779718001
|move|p1a: vap|Wish|p1a: vap
|move|p2a: Pic 6|Body Slam|p1a: vap
|-damage|p1a: vap|60/100
|
|-heal|p1a: vap|66/100|[from] item: Leftovers
|-heal|p2a: Pic 6|94/100 brn|[from] item: Leftovers
|-damage|p2a: Pic 6|88/100 brn|[from] brn
|upkeep
|turn|29
|
|t:|1779718004
|switch|p1a: I smash vap|Tinkaton, F, shiny|29/100
|-ability|p1a: I smash vap|Mold Breaker
|move|p2a: Pic 6|Curse|p2a: Pic 6
|-unboost|p2a: Pic 6|spe|1
|-boost|p2a: Pic 6|atk|1
|-boost|p2a: Pic 6|def|1
|
|-heal|p1a: I smash vap|91/100|[from] move: Wish|[wisher] vap
|-heal|p1a: I smash vap|97/100|[from] item: Leftovers
|-heal|p2a: Pic 6|94/100 brn|[from] item: Leftovers
|-damage|p2a: Pic 6|88/100 brn|[from] brn
|upkeep
|turn|30
|
|t:|1779718011
|move|p1a: I smash vap|Encore|p2a: Pic 6
|-start|p2a: Pic 6|Encore
|move|p2a: Pic 6|Curse|p2a: Pic 6
|-unboost|p2a: Pic 6|spe|1
|-boost|p2a: Pic 6|atk|1
|-boost|p2a: Pic 6|def|1
|
|-heal|p1a: I smash vap|100/100|[from] item: Leftovers
|-heal|p2a: Pic 6|94/100 brn|[from] item: Leftovers
|-damage|p2a: Pic 6|88/100 brn|[from] brn
|upkeep
|turn|31
|
|t:|1779718015
|switch|p2a: Napoleon|Empoleon, F|100/100 par
|-damage|p2a: Napoleon|94/100 par|[from] Stealth Rock
|move|p1a: I smash vap|Knock Off|p2a: Napoleon
|-damage|p2a: Napoleon|75/100 par
|-enditem|p2a: Napoleon|Choice Scarf|[from] move: Knock Off|[of] p1a: I smash vap
|
|upkeep
|turn|32
|
|t:|1779718019
|switch|p2a: Pic 6|Snorlax, M|88/100 brn
|-damage|p2a: Pic 6|76/100 brn|[from] Stealth Rock
|move|p1a: I smash vap|Stealth Rock||[still]
|-fail|p1a: I smash vap
|
|-heal|p2a: Pic 6|82/100 brn|[from] item: Leftovers
|-damage|p2a: Pic 6|76/100 brn|[from] brn
|upkeep
|turn|33
|
|t:|1779718022
|move|p1a: I smash vap|Knock Off|p2a: Pic 6
|-damage|p2a: Pic 6|58/100 brn
|-enditem|p2a: Pic 6|Leftovers|[from] move: Knock Off|[of] p1a: I smash vap
|move|p2a: Pic 6|Body Slam|p1a: I smash vap
|-resisted|p1a: I smash vap
|-damage|p1a: I smash vap|92/100
|-status|p1a: I smash vap|par
|
|-heal|p1a: I smash vap|98/100 par|[from] item: Leftovers
|-damage|p2a: Pic 6|52/100 brn|[from] brn
|upkeep
|turn|34
|
|t:|1779718029
|move|p1a: I smash vap|Knock Off|p2a: Pic 6
|-damage|p2a: Pic 6|41/100 brn
|move|p2a: Pic 6|Rest|p2a: Pic 6
|-status|p2a: Pic 6|slp|[from] move: Rest
|-heal|p2a: Pic 6|100/100 slp|[silent]
|
|-heal|p1a: I smash vap|100/100 par|[from] item: Leftovers
|upkeep
|turn|35
|
|t:|1779718037
|switch|p1a: vap|Vaporeon, M|66/100
|cant|p2a: Pic 6|slp
|
|-heal|p1a: vap|72/100|[from] item: Leftovers
|upkeep
|turn|36
|
|t:|1779718039
|move|p1a: vap|Scald|p2a: Pic 6
|-damage|p2a: Pic 6|87/100 slp
|cant|p2a: Pic 6|slp
|
|-heal|p1a: vap|78/100|[from] item: Leftovers
|upkeep
|turn|37
|
|t:|1779718042
|move|p1a: vap|Scald|p2a: Pic 6
|-damage|p2a: Pic 6|73/100 slp
|-curestatus|p2a: Pic 6|slp|[msg]
|move|p2a: Pic 6|Body Slam|p1a: vap
|-damage|p1a: vap|54/100
|-status|p1a: vap|par
|
|-heal|p1a: vap|60/100 par|[from] item: Leftovers
|upkeep
|turn|38
|
|t:|1779718058
|switch|p1a: vap|Vaporeon, M|80/100
|move|p2a: Pic 6|Curse|p2a: Pic 6
|-unboost|p2a: Pic 6|spe|1
|-boost|p2a: Pic 6|atk|1
|-boost|p2a: Pic 6|def|1
|
|-heal|p1a: vap|86/100|[from] item: Leftovers
|upkeep
|turn|39
|
|t:|1779718079
|move|p1a: vap|Will-O-Wisp|p2a: Pic 6
|-status|p2a: Pic 6|brn
|move|p2a: Pic 6|Body Slam|p1a: vap
|-immune|p1a: vap
|
|-heal|p1a: vap|92/100|[from] item: Leftovers
|-damage|p2a: Pic 6|67/100 brn|[from] brn
|upkeep
|turn|40
|
|t:|1779718087
|switch|p1a: vap|Vaporeon, M|60/100 par
|move|p2a: Pic 6|Earthquake|p1a: vap
|-damage|p1a: vap|47/100 par
|
|-heal|p1a: vap|53/100 par|[from] item: Leftovers
|-damage|p2a: Pic 6|61/100 brn|[from] brn
|upkeep
|turn|41
|
|t:|1779718091
|move|p1a: vap|Haze|p1a: vap
|-clearallboost
|move|p2a: Pic 6|Body Slam|p1a: vap
|-damage|p1a: vap|41/100 par
|
|-heal|p1a: vap|47/100 par|[from] item: Leftovers
|-damage|p2a: Pic 6|55/100 brn|[from] brn
|upkeep
|turn|42
|
|t:|1779718093
|move|p2a: Pic 6|Rest|p2a: Pic 6
|-status|p2a: Pic 6|slp|[from] move: Rest
|-heal|p2a: Pic 6|100/100 slp|[silent]
|move|p1a: vap|Scald|p2a: Pic 6
|-damage|p2a: Pic 6|88/100 slp
|
|-heal|p1a: vap|54/100 par|[from] item: Leftovers
|upkeep
|turn|43
|
|t:|1779718103
|switch|p1a: vap|Vaporeon, M|92/100
|cant|p2a: Pic 6|slp
|
|-heal|p1a: vap|98/100|[from] item: Leftovers
|upkeep
|turn|44
|
|t:|1779718112
|move|p1a: vap|Curse|p2a: Pic 6
|-start|p2a: Pic 6|Curse|[of] p1a: vap
|-damage|p1a: vap|48/100
|cant|p2a: Pic 6|slp
|
|-heal|p1a: vap|54/100|[from] item: Leftovers
|-damage|p2a: Pic 6|63/100 slp|[from] Curse
|upkeep
|turn|45
|
|t:|1779718121
|switch|p1a: vap|Vaporeon, M|54/100 par
|switch|p2a: Napoleon|Empoleon, F|75/100 par
|-damage|p2a: Napoleon|69/100 par|[from] Stealth Rock
|
|-heal|p1a: vap|60/100 par|[from] item: Leftovers
|upkeep
|turn|46
|
|t:|1779718126
|switch|p2a: Pic 6|Snorlax, M|63/100 slp
|-damage|p2a: Pic 6|51/100 slp|[from] Stealth Rock
|move|p1a: vap|Wish|p1a: vap
|
|-heal|p1a: vap|66/100 par|[from] item: Leftovers
|upkeep
|turn|47
|
|t:|1779718132
|switch|p1a: vap|Vaporeon, M|54/100
|-curestatus|p2a: Pic 6|slp|[msg]
|move|p2a: Pic 6|Earthquake|p1a: vap
|-damage|p1a: vap|0 fnt
|replace|p1a: i think im vap|Zoroark-Hisui, M
|-end|p1a: i think im vap|Illusion
|faint|p1a: i think im vap
|
|upkeep
|-message|dummydraedon forfeited.
|
|win|keep ttar overused
|raw|dummydraedon's rating: 1282 &rarr; <strong>1256</strong><br />(-26 for losing)
|raw|keep ttar overused's rating: 1264 &rarr; <strong>1290</strong><br />(+26 for winning)
|l|☆dummydraedon
|player|p1|
|l|☆keep ttar overused
|player|p2|
