|j|☆horohoro23
|j|☆Ryaanng
|t:|1779694187
|gametype|singles
|player|p1|horohoro23|benga|1307
|player|p2|Ryaanng|101|1319
|gen|9
|tier|[Gen 9] OU
|rated|
|rule|HP Percentage Mod: HP is shown in percentages
|rule|Endless Battle Clause: Forcing endless battles is banned
|rule|Species Clause: Limit one of each Pokémon
|rule|OHKO Clause: OHKO moves are banned
|rule|Evasion Items Clause: Evasion items are banned
|rule|Evasion Moves Clause: Evasion moves are banned
|rule|Evasion Abilities Clause: Evasion abilities are banned
|rule|Sleep Moves Clause: Sleep-inducing moves are banned
|clearpoke
|poke|p1|Great Tusk|
|poke|p1|Ting-Lu|
|poke|p1|Cinderace, M|
|poke|p1|Tornadus-Therian, M|
|poke|p1|Darkrai|
|poke|p1|Ogerpon-Wellspring, F|
|poke|p2|Clodsire, F|
|poke|p2|Toxapex, M|
|poke|p2|Corviknight, M|
|poke|p2|Dondozo, M|
|poke|p2|Clefable, F|
|poke|p2|Gliscor, M|
|teampreview
|
|t:|1779694209
|teamsize|p1|6
|teamsize|p2|6
|start
|switch|p1a: Darkrai|Darkrai|100/100
|switch|p2a: nothing new there|Gliscor, M|100/100
|turn|1
|
|t:|1779694218
|move|p2a: nothing new there|Protect|p2a: nothing new there
|-singleturn|p2a: nothing new there|Protect
|move|p1a: Darkrai|Ice Beam|p2a: nothing new there
|-activate|p2a: nothing new there|move: Protect
|
|-status|p2a: nothing new there|tox|[from] item: Toxic Orb
|upkeep
|turn|2
|
|t:|1779694240
|switch|p2a: take your time|Toxapex, M|100/100
|move|p1a: Darkrai|Ice Beam|p2a: take your time
|-resisted|p2a: take your time
|-damage|p2a: take your time|85/100
|
|-heal|p2a: take your time|92/100|[from] item: Leftovers
|upkeep
|turn|3
|
|t:|1779694250
|switch|p1a: Tornadus|Tornadus-Therian, M|100/100
|move|p2a: take your time|Infestation|p1a: Tornadus
|-resisted|p1a: Tornadus
|-damage|p1a: Tornadus|99/100
|-activate|p1a: Tornadus|move: Infestation|[of] p2a: take your time
|
|-heal|p2a: take your time|98/100|[from] item: Leftovers
|-damage|p1a: Tornadus|86/100|[from] move: Infestation|[partiallytrapped]
|upkeep
|turn|4
|
|t:|1779694263
|-terastallize|p1a: Tornadus|Flying
|move|p2a: take your time|Baneful Bunker|p2a: take your time
|-singleturn|p2a: take your time|move: Protect
|move|p1a: Tornadus|Bleakwind Storm|p2a: take your time
|-activate|p2a: take your time|move: Protect
|
|-heal|p2a: take your time|100/100|[from] item: Leftovers
|-damage|p1a: Tornadus|74/100|[from] move: Infestation|[partiallytrapped]
|upkeep
|turn|5
|
|t:|1779694285
|move|p1a: Tornadus|Bleakwind Storm|p2a: take your time|[miss]
|-miss|p1a: Tornadus|p2a: take your time
|move|p2a: take your time|Poison Jab|p1a: Tornadus
|-damage|p1a: Tornadus|47/100
|
|-damage|p1a: Tornadus|35/100|[from] move: Infestation|[partiallytrapped]
|upkeep
|turn|6
|
|t:|1779694296
|move|p1a: Tornadus|Bleakwind Storm|p2a: take your time
|-damage|p2a: take your time|25/100
|move|p2a: take your time|Poison Jab|p1a: Tornadus
|-damage|p1a: Tornadus|8/100
|
|-heal|p2a: take your time|32/100|[from] item: Leftovers
|-damage|p1a: Tornadus|0 fnt|[from] move: Infestation|[partiallytrapped]
|faint|p1a: Tornadus
|upkeep
|
|t:|1779694310
|switch|p1a: Darkrai|Darkrai|100/100
|turn|7
|
|t:|1779694327
|switch|p2a: love this for you|Clefable, F|100/100
|move|p1a: Darkrai|Dark Pulse|p2a: love this for you
|-resisted|p2a: love this for you
|-damage|p2a: love this for you|79/100
|
|upkeep
|turn|8
|
|t:|1779694335
|switch|p1a: Cinderace|Cinderace, M|100/100
|move|p2a: love this for you|Moonblast|p1a: Cinderace
|-resisted|p1a: Cinderace
|-damage|p1a: Cinderace|77/100
|
|upkeep
|turn|9
|
|t:|1779694349
|switch|p2a: keep trying|Dondozo, M|100/100
|move|p1a: Cinderace|U-turn|p2a: keep trying
|-start|p1a: Cinderace|typechange|Bug|[from] ability: Libero
|-damage|p2a: keep trying|84/100
|
|t:|1779694356
|switch|p1a: Darkrai|Darkrai|100/100|[from] U-turn
|
|-heal|p2a: keep trying|91/100|[from] item: Leftovers
|upkeep
|turn|10
|
|t:|1779694390
|switch|p2a: love this for you|Clefable, F|79/100
|move|p1a: Darkrai|Trick|p2a: love this for you
|-activate|p1a: Darkrai|move: Trick|[of] p2a: love this for you
|-item|p2a: love this for you|Choice Scarf|[from] move: Trick
|-item|p1a: Darkrai|Sticky Barb|[from] move: Trick
|
|-damage|p1a: Darkrai|88/100|[from] item: Sticky Barb
|upkeep
|turn|11
|
|t:|1779694402
|move|p1a: Darkrai|Sludge Bomb|p2a: love this for you
|-supereffective|p2a: love this for you
|-damage|p2a: love this for you|8/100
|move|p2a: love this for you|Stealth Rock|p1a: Darkrai
|-sidestart|p1: horohoro23|move: Stealth Rock
|
|-damage|p1a: Darkrai|76/100|[from] item: Sticky Barb
|upkeep
|turn|12
|
|t:|1779694417
|switch|p2a: take your time|Toxapex, M|65/100
|move|p1a: Darkrai|Ice Beam|p2a: take your time
|-resisted|p2a: take your time
|-damage|p2a: take your time|50/100
|
|-heal|p2a: take your time|56/100|[from] item: Leftovers
|-damage|p1a: Darkrai|63/100|[from] item: Sticky Barb
|upkeep
|turn|13
|
|t:|1779694428
|switch|p1a: Cinderace|Cinderace, M|77/100
|move|p2a: take your time|Recover|p2a: take your time
|-heal|p2a: take your time|100/100
|
|upkeep
|turn|14
|
|t:|1779694435
|move|p2a: take your time|Baneful Bunker|p2a: take your time
|-singleturn|p2a: take your time|move: Protect
|move|p1a: Cinderace|Court Change|p1a: Cinderace
|-start|p1a: Cinderace|typechange|Normal|[from] ability: Libero
|-swapsideconditions
|-activate|p1a: Cinderace|move: Court Change
|
|upkeep
|turn|15
|
|t:|1779694449
|switch|p1a: Ting-Lu|Ting-Lu|100/100
|-ability|p1a: Ting-Lu|Vessel of Ruin
|move|p2a: take your time|Poison Jab|p1a: Ting-Lu
|-resisted|p1a: Ting-Lu
|-damage|p1a: Ting-Lu|95/100
|-status|p1a: Ting-Lu|psn
|
|-heal|p1a: Ting-Lu|100/100 psn|[from] item: Leftovers
|-damage|p1a: Ting-Lu|88/100 psn|[from] psn
|upkeep
|turn|16
|
|t:|1779694461
|switch|p2a: per my last turn|Corviknight, M|100/100
|-damage|p2a: per my last turn|88/100|[from] Stealth Rock
|-ability|p2a: per my last turn|Pressure
|move|p1a: Ting-Lu|Earthquake|p2a: per my last turn
|-immune|p2a: per my last turn
|
|-heal|p2a: per my last turn|94/100|[from] item: Leftovers
|-heal|p1a: Ting-Lu|94/100 psn|[from] item: Leftovers
|-damage|p1a: Ting-Lu|82/100 psn|[from] psn
|upkeep
|turn|17
|
|t:|1779694475
|move|p2a: per my last turn|Defog|p1a: Ting-Lu
|-unboost|p1a: Ting-Lu|evasion|1
|-sideend|p2: Ryaanng|Stealth Rock|[from] move: Defog|[of] p2a: per my last turn
|move|p1a: Ting-Lu|Ruination|p2a: per my last turn
|-damage|p2a: per my last turn|47/100
|
|-heal|p2a: per my last turn|54/100|[from] item: Leftovers
|-heal|p1a: Ting-Lu|88/100 psn|[from] item: Leftovers
|-damage|p1a: Ting-Lu|76/100 psn|[from] psn
|upkeep
|turn|18
|
|t:|1779694487
|switch|p1a: Cinderace|Cinderace, M|77/100
|move|p2a: per my last turn|Roost|p2a: per my last turn
|-heal|p2a: per my last turn|100/100
|-singleturn|p2a: per my last turn|move: Roost
|
|upkeep
|turn|19
|
|t:|1779694511
|switch|p2a: keep trying|Dondozo, M|91/100
|move|p1a: Cinderace|Pyro Ball|p2a: keep trying
|-resisted|p2a: keep trying
|-damage|p2a: keep trying|78/100
|
|-heal|p2a: keep trying|84/100|[from] item: Leftovers
|upkeep
|turn|20
|
|t:|1779694521
|switch|p1a: Ogerpon|Ogerpon-Wellspring, F|100/100
|move|p2a: keep trying|Crunch|p1a: Ogerpon
|-damage|p1a: Ogerpon|78/100
|
|-heal|p2a: keep trying|91/100|[from] item: Leftovers
|upkeep
|turn|21
|
|t:|1779694550
|switch|p2a: per my last turn|Corviknight, M|100/100
|-ability|p2a: per my last turn|Pressure
|move|p1a: Ogerpon|Swords Dance|p1a: Ogerpon
|-boost|p1a: Ogerpon|atk|2
|
|upkeep
|turn|22
|
|t:|1779694561
|move|p1a: Ogerpon|Ivy Cudgel|p2a: per my last turn|[anim] Ivy Cudgel Water
|-crit|p2a: per my last turn
|-damage|p2a: per my last turn|0 fnt
|faint|p2a: per my last turn
|
|upkeep
|
|t:|1779694581
|switch|p2a: keep trying|Dondozo, M|91/100
|turn|23
|
|t:|1779694590
|move|p1a: Ogerpon|Horn Leech|p2a: keep trying
|-supereffective|p2a: keep trying
|-damage|p2a: keep trying|52/100
|-heal|p1a: Ogerpon|100/100|[from] drain|[of] p2a: keep trying
|move|p2a: keep trying|Rest|p2a: keep trying
|-status|p2a: keep trying|slp|[from] move: Rest
|-heal|p2a: keep trying|100/100 slp|[silent]
|
|upkeep
|turn|24
|
|t:|1779694600
|move|p1a: Ogerpon|Horn Leech|p2a: keep trying
|-supereffective|p2a: keep trying
|-damage|p2a: keep trying|64/100 slp
|cant|p2a: keep trying|slp
|move|p2a: keep trying|Sleep Talk|p2a: keep trying
|move|p2a: keep trying|Crunch|p1a: Ogerpon|[from] move: Sleep Talk
|-damage|p1a: Ogerpon|76/100
|
|-heal|p2a: keep trying|70/100 slp|[from] item: Leftovers
|upkeep
|turn|25
|
|t:|1779694612
|move|p1a: Ogerpon|Horn Leech|p2a: keep trying
|-supereffective|p2a: keep trying
|-damage|p2a: keep trying|29/100 slp
|-heal|p1a: Ogerpon|100/100|[from] drain|[of] p2a: keep trying
|cant|p2a: keep trying|slp
|move|p2a: keep trying|Sleep Talk|p2a: keep trying
|move|p2a: keep trying|Rest||[from] move: Sleep Talk|[still]
|-fail|p2a: keep trying
|
|-heal|p2a: keep trying|35/100 slp|[from] item: Leftovers
|upkeep
|turn|26
|
|t:|1779694641
|move|p1a: Ogerpon|Horn Leech|p2a: keep trying
|-supereffective|p2a: keep trying
|-damage|p2a: keep trying|0 fnt
|faint|p2a: keep trying
|
|upkeep
|
|t:|1779694671
|switch|p2a: nothing new there|Gliscor, M|100/100 tox
|turn|27
|
|t:|1779694681
|-terastallize|p2a: nothing new there|Dark
|move|p1a: Ogerpon|Ivy Cudgel|p2a: nothing new there|[anim] Ivy Cudgel Water
|-damage|p2a: nothing new there|4/100 tox
|move|p2a: nothing new there|Substitute|p2a: nothing new there
|-fail|p2a: nothing new there|move: Substitute|[weak]
|
|-heal|p2a: nothing new there|17/100 tox|[from] ability: Poison Heal
|upkeep
|turn|28
|
|t:|1779694692
|move|p2a: nothing new there|Protect|p2a: nothing new there
|-singleturn|p2a: nothing new there|Protect
|move|p1a: Ogerpon|Ivy Cudgel|p2a: nothing new there|[anim] Ivy Cudgel Water
|-activate|p2a: nothing new there|move: Protect
|
|-heal|p2a: nothing new there|29/100 tox|[from] ability: Poison Heal
|upkeep
|turn|29
|
|t:|1779694702
|switch|p2a: love this for you|Clefable, F|8/100
|move|p1a: Ogerpon|Ivy Cudgel|p2a: love this for you|[anim] Ivy Cudgel Water
|-damage|p2a: love this for you|0 fnt
|faint|p2a: love this for you
|
|upkeep
|
|t:|1779694705
|switch|p2a: nothing new there|Gliscor, M, tera:Dark|29/100 tox
|turn|30
|
|t:|1779694713
|move|p2a: nothing new there|Protect|p2a: nothing new there
|-singleturn|p2a: nothing new there|Protect
|move|p1a: Ogerpon|Swords Dance|p1a: Ogerpon
|-boost|p1a: Ogerpon|atk|2
|
|-heal|p2a: nothing new there|42/100 tox|[from] ability: Poison Heal
|upkeep
|turn|31
|
|t:|1779694721
|move|p1a: Ogerpon|Ivy Cudgel|p2a: nothing new there|[anim] Ivy Cudgel Water
|-damage|p2a: nothing new there|0 fnt
|faint|p2a: nothing new there
|
|upkeep
|-message|Ryaanng forfeited.
|
|win|horohoro23
|raw|horohoro23's rating: 1307 &rarr; <strong>1328</strong><br />(+21 for winning)
|raw|Ryaanng's rating: 1319 &rarr; <strong>1298</strong><br />(-21 for losing)
|l|☆Ryaanng
|player|p2|
