|j|☆Fredolangas
|j|☆BiggieChed66
|t:|1779676310
|gametype|singles
|player|p1|Fredolangas|102|1368
|player|p2|BiggieChed66|ghetsis-gen5bw|1385
|gen|9
|tier|[Gen 9] OU
|rated|
|rule|HP Percentage Mod: HP is shown in percentages
|rule|Endless Battle Clause: Forcing endless battles is banned
|rule|Species Clause: Limit one of each Pokémon
|rule|OHKO Clause: OHKO moves are banned
|rule|Evasion Items Clause: Evasion items are banned
|rule|Evasion Moves Clause: Evasion moves are banned
|rule|Evasion Abilities Clause: Evasion abilities are banned
|rule|Sleep Moves Clause: Sleep-inducing moves are banned
|clearpoke
|poke|p1|Hydreigon, M|
|poke|p1|Araquanid, F|
|poke|p1|Clodsire, F|
|poke|p1|Blastoise, M|
|poke|p1|Rillaboom, M|
|poke|p1|Iron Treads|
|poke|p2|Gholdengo|
|poke|p2|Gliscor, M|
|poke|p2|Iron Moth|
|poke|p2|Ogerpon-Wellspring, F|
|poke|p2|Zapdos|
|poke|p2|Quagsire, F|
|teampreview
|inactive|Battle timer is ON: inactive players will automatically lose when time's up. (requested by BiggieChed66)
|
|t:|1779676321
|teamsize|p1|6
|teamsize|p2|6
|start
|switch|p1a: Rillaboom|Rillaboom, M|100/100
|switch|p2a: Quagsire|Quagsire, F, shiny|100/100
|-fieldstart|move: Grassy Terrain|[from] ability: Grassy Surge|[of] p1a: Rillaboom
|turn|1
|
|t:|1779676344
|switch|p2a: Iron Moth|Iron Moth|100/100
|-enditem|p2a: Iron Moth|Booster Energy
|-activate|p2a: Iron Moth|ability: Quark Drive|[fromitem]
|-start|p2a: Iron Moth|quarkdrivespe
|move|p1a: Rillaboom|Grassy Glide|p2a: Iron Moth
|-resisted|p2a: Iron Moth
|-damage|p2a: Iron Moth|80/100
|
|-heal|p2a: Iron Moth|86/100|[from] Grassy Terrain
|upkeep
|turn|2
|
|t:|1779676354
|switch|p1a: Araquanid|Araquanid, F|100/100
|move|p2a: Iron Moth|Fiery Dance|p1a: Araquanid
|-damage|p1a: Araquanid|83/100
|-boost|p2a: Iron Moth|spa|1
|
|-heal|p2a: Iron Moth|92/100|[from] Grassy Terrain
|-heal|p1a: Araquanid|90/100|[from] Grassy Terrain
|-heal|p1a: Araquanid|96/100|[from] item: Leftovers
|upkeep
|turn|3
|
|t:|1779676363
|move|p2a: Iron Moth|Sludge Wave|p1a: Araquanid
|-damage|p1a: Araquanid|43/100
|move|p1a: Araquanid|Liquidation|p2a: Iron Moth
|-supereffective|p2a: Iron Moth
|-damage|p2a: Iron Moth|0 fnt
|faint|p2a: Iron Moth
|-end|p2a: Iron Moth|Quark Drive|[silent]
|
|-heal|p1a: Araquanid|49/100|[from] Grassy Terrain
|-heal|p1a: Araquanid|55/100|[from] item: Leftovers
|upkeep
|
|t:|1779676376
|switch|p2a: Ogerpon|Ogerpon-Wellspring, F|100/100
|turn|4
|
|t:|1779676380
|-terastallize|p2a: Ogerpon|Water
|detailschange|p2a: Ogerpon|Ogerpon-Wellspring-Tera, F, tera:Water
|-ability|p2a: Ogerpon|Embody Aspect (Wellspring)|boost
|-boost|p2a: Ogerpon|spd|1
|move|p2a: Ogerpon|Swords Dance|p2a: Ogerpon
|-boost|p2a: Ogerpon|atk|2
|move|p1a: Araquanid|Leech Life|p2a: Ogerpon
|-damage|p2a: Ogerpon|72/100
|-heal|p1a: Araquanid|68/100|[from] drain|[of] p2a: Ogerpon
|
|-heal|p2a: Ogerpon|78/100|[from] Grassy Terrain
|-heal|p1a: Araquanid|74/100|[from] Grassy Terrain
|-heal|p1a: Araquanid|80/100|[from] item: Leftovers
|upkeep
|turn|5
|
|t:|1779676391
|switch|p1a: Rillaboom|Rillaboom, M|100/100
|move|p2a: Ogerpon|Horn Leech|p1a: Rillaboom
|-resisted|p1a: Rillaboom
|-damage|p1a: Rillaboom|43/100
|-heal|p2a: Ogerpon|100/100|[from] drain|[of] p1a: Rillaboom
|
|-heal|p1a: Rillaboom|49/100|[from] Grassy Terrain
|-fieldend|move: Grassy Terrain
|upkeep
|turn|6
|
|t:|1779676400
|switch|p1a: Clodsire|Clodsire, F|100/100
|move|p2a: Ogerpon|Horn Leech|p1a: Clodsire
|-damage|p1a: Clodsire|8/100
|
|-heal|p1a: Clodsire|14/100|[from] item: Black Sludge
|upkeep
|turn|7
|
|t:|1779676408
|move|p2a: Ogerpon|Horn Leech|p1a: Clodsire
|-damage|p1a: Clodsire|0 fnt
|faint|p1a: Clodsire
|
|upkeep
|
|t:|1779676410
|switch|p1a: Rillaboom|Rillaboom, M|49/100
|-fieldstart|move: Grassy Terrain|[from] ability: Grassy Surge|[of] p1a: Rillaboom
|turn|8
|
|t:|1779676416
|move|p1a: Rillaboom|Grassy Glide|p2a: Ogerpon
|-supereffective|p2a: Ogerpon
|-crit|p2a: Ogerpon
|-damage|p2a: Ogerpon|0 fnt
|faint|p2a: Ogerpon
|detailschange|p2: Ogerpon|Ogerpon-Wellspring, F|[silent]
|
|-heal|p1a: Rillaboom|55/100|[from] Grassy Terrain
|upkeep
|
|t:|1779676420
|switch|p2a: Zapdos|Zapdos, shiny|100/100
|turn|9
|
|t:|1779676424
|switch|p1a: Iron Treads|Iron Treads|100/100
|move|p2a: Zapdos|Heat Wave|p1a: Iron Treads
|-supereffective|p1a: Iron Treads
|-damage|p1a: Iron Treads|41/100
|
|-heal|p1a: Iron Treads|47/100|[from] Grassy Terrain
|upkeep
|turn|10
|
|t:|1779676428
|move|p1a: Iron Treads|Iron Head|p2a: Zapdos
|-resisted|p2a: Zapdos
|-damage|p2a: Zapdos|78/100
|move|p2a: Zapdos|Heat Wave|p1a: Iron Treads
|-supereffective|p1a: Iron Treads
|-damage|p1a: Iron Treads|0 fnt
|faint|p1a: Iron Treads
|-end|p1a: Iron Treads|Quark Drive|[silent]
|
|upkeep
|
|t:|1779676436
|switch|p1a: Hydreigon|Hydreigon, M|100/100
|turn|11
|
|t:|1779676443
|move|p2a: Zapdos|Hurricane|p1a: Hydreigon
|-damage|p1a: Hydreigon|40/100
|-start|p1a: Hydreigon|confusion
|-activate|p1a: Hydreigon|confusion
|-damage|p1a: Hydreigon|32/100|[from] confusion
|
|upkeep
|turn|12
|
|t:|1779676458
|switch|p1a: Blastoise|Blastoise, M|100/100
|move|p2a: Zapdos|Volt Switch|p1a: Blastoise
|-supereffective|p1a: Blastoise
|-damage|p1a: Blastoise|28/100
|
|t:|1779676462
|switch|p2a: Quagsire|Quagsire, F, shiny|100/100|[from] Volt Switch
|
|-heal|p1a: Blastoise|34/100|[from] Grassy Terrain
|-fieldend|move: Grassy Terrain
|upkeep
|turn|13
|
|t:|1779676468
|switch|p1a: Rillaboom|Rillaboom, M|55/100
|-fieldstart|move: Grassy Terrain|[from] ability: Grassy Surge|[of] p1a: Rillaboom
|move|p2a: Quagsire|Toxic|p1a: Rillaboom
|-status|p1a: Rillaboom|tox
|
|-heal|p1a: Rillaboom|61/100 tox|[from] Grassy Terrain
|-damage|p1a: Rillaboom|55/100 tox|[from] psn
|upkeep
|turn|14
|
|t:|1779676472
|switch|p2a: Zapdos|Zapdos, shiny|78/100
|move|p1a: Rillaboom|U-turn|p2a: Zapdos
|-resisted|p2a: Zapdos
|-damage|p2a: Zapdos|57/100
|
|t:|1779676480
|switch|p1a: Hydreigon|Hydreigon, M|32/100|[from] U-turn
|
|upkeep
|turn|15
|
|t:|1779676483
|move|p2a: Zapdos|Volt Switch|p1a: Hydreigon
|-resisted|p1a: Hydreigon
|-damage|p1a: Hydreigon|12/100
|
|t:|1779676486
|switch|p2a: Quagsire|Quagsire, F, shiny|100/100|[from] Volt Switch
|move|p1a: Hydreigon|Draco Meteor|p2a: Quagsire|[miss]
|-miss|p1a: Hydreigon|p2a: Quagsire
|
|upkeep
|turn|16
|
|t:|1779676494
|move|p1a: Hydreigon|Draco Meteor|p2a: Quagsire
|-damage|p2a: Quagsire|0 fnt
|-unboost|p1a: Hydreigon|spa|2
|faint|p2a: Quagsire
|
|upkeep
|
|t:|1779676497
|switch|p2a: Zapdos|Zapdos, shiny|57/100
|turn|17
|
|t:|1779676501
|switch|p1a: Blastoise|Blastoise, M|34/100
|move|p2a: Zapdos|Volt Switch|p1a: Blastoise
|-supereffective|p1a: Blastoise
|-damage|p1a: Blastoise|0 fnt
|faint|p1a: Blastoise
|
|t:|1779676503
|switch|p2a: Gholdengo|Gholdengo|100/100|[from] Volt Switch
|
|-fieldend|move: Grassy Terrain
|upkeep
|
|t:|1779676506
|switch|p1a: Hydreigon|Hydreigon, M|12/100
|turn|18
|
|t:|1779676513
|move|p2a: Gholdengo|Shadow Ball|p1a: Hydreigon
|-resisted|p1a: Hydreigon
|-damage|p1a: Hydreigon|0 fnt
|faint|p1a: Hydreigon
|
|upkeep
|
|t:|1779676520
|switch|p1a: Araquanid|Araquanid, F|80/100
|turn|19
|
|t:|1779676523
|move|p2a: Gholdengo|Shadow Ball|p1a: Araquanid
|-damage|p1a: Araquanid|45/100
|move|p1a: Araquanid|Liquidation|p2a: Gholdengo
|-damage|p2a: Gholdengo|51/100
|
|-heal|p1a: Araquanid|51/100|[from] item: Leftovers
|upkeep
|turn|20
|
|t:|1779676532
|move|p1a: Araquanid|Protect|p1a: Araquanid
|-singleturn|p1a: Araquanid|Protect
|move|p2a: Gholdengo|Shadow Ball|p1a: Araquanid
|-activate|p1a: Araquanid|move: Protect
|
|-heal|p1a: Araquanid|57/100|[from] item: Leftovers
|upkeep
|turn|21
|
|t:|1779676538
|move|p2a: Gholdengo|Shadow Ball|p1a: Araquanid
|-damage|p1a: Araquanid|25/100
|move|p1a: Araquanid|Liquidation|p2a: Gholdengo
|-damage|p2a: Gholdengo|2/100
|
|-heal|p1a: Araquanid|31/100|[from] item: Leftovers
|upkeep
|turn|22
|
|t:|1779676545
|move|p1a: Araquanid|Protect|p1a: Araquanid
|-singleturn|p1a: Araquanid|Protect
|move|p2a: Gholdengo|Shadow Ball|p1a: Araquanid
|-activate|p1a: Araquanid|move: Protect
|
|-heal|p1a: Araquanid|37/100|[from] item: Leftovers
|upkeep
|turn|23
|
|t:|1779676549
|move|p2a: Gholdengo|Shadow Ball|p1a: Araquanid
|-damage|p1a: Araquanid|5/100
|move|p1a: Araquanid|Liquidation|p2a: Gholdengo
|-damage|p2a: Gholdengo|0 fnt
|faint|p2a: Gholdengo
|
|-heal|p1a: Araquanid|11/100|[from] item: Leftovers
|upkeep
|
|t:|1779676554
|switch|p2a: Zapdos|Zapdos, shiny|57/100
|turn|24
|
|t:|1779676557
|move|p2a: Zapdos|Heat Wave|p1a: Araquanid
|-damage|p1a: Araquanid|0 fnt
|faint|p1a: Araquanid
|
|upkeep
|
|t:|1779676559
|switch|p1a: Rillaboom|Rillaboom, M|55/100 tox
|-fieldstart|move: Grassy Terrain|[from] ability: Grassy Surge|[of] p1a: Rillaboom
|turn|25
|
|t:|1779676561
|-terastallize|p1a: Rillaboom|Grass
|move|p1a: Rillaboom|Grassy Glide|p2a: Zapdos
|-resisted|p2a: Zapdos
|-damage|p2a: Zapdos|10/100
|move|p2a: Zapdos|Heat Wave|p1a: Rillaboom
|-supereffective|p1a: Rillaboom
|-crit|p1a: Rillaboom
|-damage|p1a: Rillaboom|0 fnt
|faint|p1a: Rillaboom
|
|win|BiggieChed66
|raw|Fredolangas's rating: 1368 &rarr; <strong>1349</strong><br />(-19 for losing)
|raw|BiggieChed66's rating: 1385 &rarr; <strong>1404</strong><br />(+19 for winning)
|l|☆BiggieChed66
|player|p2|
|l|☆Fredolangas
|player|p1|
