|j|☆Ballerr
|j|☆jjjkkll
|t:|1779689426
|gametype|singles
|player|p1|Ballerr|miku-ground|1423
|player|p2|jjjkkll|101|1422
|gen|9
|tier|[Gen 9] OU
|rated|
|rule|HP Percentage Mod: HP is shown in percentages
|rule|Endless Battle Clause: Forcing endless battles is banned
|rule|Species Clause: Limit one of each Pokémon
|rule|OHKO Clause: OHKO moves are banned
|rule|Evasion Items Clause: Evasion items are banned
|rule|Evasion Moves Clause: Evasion moves are banned
|rule|Evasion Abilities Clause: Evasion abilities are banned
|rule|Sleep Moves Clause: Sleep-inducing moves are banned
|clearpoke
|poke|p1|Entei|
|poke|p1|Gliscor, M|
|poke|p1|Great Tusk|
|poke|p1|Dragapult, F|
|poke|p1|Samurott-Hisui, M|
|poke|p1|Weezing-Galar, M|
|poke|p2|Kingambit, F|
|poke|p2|Dragapult, M|
|poke|p2|Ting-Lu|
|poke|p2|Great Tusk|
|poke|p2|Rotom-Wash|
|poke|p2|Gholdengo|
|teampreview
|
|t:|1779689440
|teamsize|p1|6
|teamsize|p2|6
|start
|switch|p1a: Entei|Entei|100/100
|switch|p2a: Rotom|Rotom-Wash|100/100
|turn|1
|
|t:|1779689449
|switch|p1a: Dragapult|Dragapult, F|100/100
|move|p2a: Rotom|Hydro Pump|p1a: Dragapult
|-resisted|p1a: Dragapult
|-damage|p1a: Dragapult|71/100
|
|upkeep
|turn|2
|
|t:|1779689457
|switch|p2a: Ting-Lu|Ting-Lu|100/100
|-ability|p2a: Ting-Lu|Vessel of Ruin
|move|p1a: Dragapult|Will-O-Wisp|p2a: Ting-Lu
|-status|p2a: Ting-Lu|brn
|
|-damage|p2a: Ting-Lu|94/100 brn|[from] brn
|upkeep
|turn|3
|
|t:|1779689465
|move|p1a: Dragapult|U-turn|p2a: Ting-Lu
|-supereffective|p2a: Ting-Lu
|-damage|p2a: Ting-Lu|75/100 brn
|
|t:|1779689481
|switch|p1a: Great Tusk|Great Tusk|100/100|[from] U-turn
|move|p2a: Ting-Lu|Spikes|p1a: Great Tusk
|-sidestart|p1: Ballerr|Spikes
|
|-heal|p2a: Ting-Lu|81/100 brn|[from] item: Leftovers
|-damage|p2a: Ting-Lu|75/100 brn|[from] brn
|upkeep
|turn|4
|
|t:|1779689494
|switch|p2a: Gholdengo|Gholdengo|100/100
|-item|p2a: Gholdengo|Air Balloon
|move|p1a: Great Tusk|Ice Spinner|p2a: Gholdengo
|-resisted|p2a: Gholdengo
|-damage|p2a: Gholdengo|87/100
|-enditem|p2a: Gholdengo|Air Balloon
|
|upkeep
|turn|5
|
|t:|1779689511
|move|p1a: Great Tusk|Stealth Rock|p2a: Gholdengo
|-sidestart|p2: jjjkkll|move: Stealth Rock
|move|p2a: Gholdengo|Make It Rain|p1a: Great Tusk
|-damage|p1a: Great Tusk|8/100
|-unboost|p2a: Gholdengo|spa|1
|
|upkeep
|turn|6
|
|t:|1779689529
|switch|p2a: Great Tusk|Great Tusk|100/100
|-damage|p2a: Great Tusk|98/100|[from] Stealth Rock
|move|p1a: Great Tusk|Rapid Spin|p2a: Great Tusk
|-damage|p2a: Great Tusk|87/100
|-boost|p1a: Great Tusk|spe|1
|-damage|p1a: Great Tusk|0 fnt|[from] item: Rocky Helmet|[of] p2a: Great Tusk
|faint|p1a: Great Tusk
|-end|p1a: Great Tusk|Protosynthesis|[silent]
|
|upkeep
|
|t:|1779689553
|switch|p1a: Entei|Entei|100/100
|-damage|p1a: Entei|88/100|[from] Spikes
|turn|7
|
|t:|1779689559
|move|p1a: Entei|Sacred Fire|p2a: Great Tusk
|-damage|p2a: Great Tusk|45/100
|-status|p2a: Great Tusk|brn
|move|p2a: Great Tusk|Knock Off|p1a: Entei
|-damage|p1a: Entei|73/100
|-enditem|p1a: Entei|Choice Band|[from] move: Knock Off|[of] p2a: Great Tusk
|
|-damage|p2a: Great Tusk|38/100 brn|[from] brn
|upkeep
|turn|8
|
|t:|1779689571
|switch|p1a: Gliscor|Gliscor, M|100/100
|move|p2a: Great Tusk|Rapid Spin|p1a: Gliscor
|-damage|p1a: Gliscor|95/100
|-boost|p2a: Great Tusk|spe|1
|-sideend|p2: jjjkkll|Stealth Rock|[from] move: Rapid Spin|[of] p2a: Great Tusk
|
|-damage|p2a: Great Tusk|32/100 brn|[from] brn
|-status|p1a: Gliscor|tox|[from] item: Toxic Orb
|upkeep
|turn|9
|
|t:|1779689582
|move|p2a: Great Tusk|Ice Spinner|p1a: Gliscor
|-supereffective|p1a: Gliscor
|-damage|p1a: Gliscor|61/100 tox
|move|p1a: Gliscor|Swords Dance|p1a: Gliscor
|-boost|p1a: Gliscor|atk|2
|
|-heal|p1a: Gliscor|74/100 tox|[from] ability: Poison Heal
|-damage|p2a: Great Tusk|26/100 brn|[from] brn
|upkeep
|turn|10
|
|t:|1779689592
|move|p1a: Gliscor|Protect|p1a: Gliscor
|-singleturn|p1a: Gliscor|Protect
|move|p2a: Great Tusk|Ice Spinner|p1a: Gliscor
|-activate|p1a: Gliscor|move: Protect
|
|-heal|p1a: Gliscor|86/100 tox|[from] ability: Poison Heal
|-damage|p2a: Great Tusk|20/100 brn|[from] brn
|upkeep
|turn|11
|
|t:|1779689600
|move|p2a: Great Tusk|Ice Spinner|p1a: Gliscor
|-supereffective|p1a: Gliscor
|-damage|p1a: Gliscor|52/100 tox
|move|p1a: Gliscor|Swords Dance|p1a: Gliscor
|-boost|p1a: Gliscor|atk|2
|
|-heal|p1a: Gliscor|65/100 tox|[from] ability: Poison Heal
|-damage|p2a: Great Tusk|13/100 brn|[from] brn
|upkeep
|turn|12
|
|t:|1779689610
|move|p1a: Gliscor|Protect|p1a: Gliscor
|-singleturn|p1a: Gliscor|Protect
|move|p2a: Great Tusk|Ice Spinner|p1a: Gliscor
|-activate|p1a: Gliscor|move: Protect
|
|-heal|p1a: Gliscor|77/100 tox|[from] ability: Poison Heal
|-damage|p2a: Great Tusk|7/100 brn|[from] brn
|upkeep
|turn|13
|
|t:|1779689626
|-terastallize|p1a: Gliscor|Normal
|move|p1a: Gliscor|Protect||[still]
|-fail|p1a: Gliscor
|move|p2a: Great Tusk|Ice Spinner|p1a: Gliscor
|-damage|p1a: Gliscor|68/100 tox
|
|-heal|p1a: Gliscor|80/100 tox|[from] ability: Poison Heal
|-damage|p2a: Great Tusk|1/100 brn|[from] brn
|upkeep
|turn|14
|
|t:|1779689636
|move|p1a: Gliscor|Protect|p1a: Gliscor
|-singleturn|p1a: Gliscor|Protect
|move|p2a: Great Tusk|Headlong Rush|p1a: Gliscor
|-activate|p1a: Gliscor|move: Protect
|
|-heal|p1a: Gliscor|93/100 tox|[from] ability: Poison Heal
|-damage|p2a: Great Tusk|0 fnt|[from] brn
|faint|p2a: Great Tusk
|-end|p2a: Great Tusk|Protosynthesis|[silent]
|upkeep
|
|t:|1779689653
|switch|p2a: Ting-Lu|Ting-Lu|75/100 brn
|-ability|p2a: Ting-Lu|Vessel of Ruin
|turn|15
|
|t:|1779689658
|move|p1a: Gliscor|Facade|p2a: Ting-Lu
|-damage|p2a: Ting-Lu|0 fnt
|faint|p2a: Ting-Lu
|
|-heal|p1a: Gliscor|100/100 tox|[from] ability: Poison Heal
|upkeep
|
|t:|1779689670
|switch|p2a: Dragapult|Dragapult, M|100/100
|turn|16
|
|t:|1779689675
|move|p2a: Dragapult|Draco Meteor|p1a: Gliscor
|-damage|p1a: Gliscor|27/100 tox
|-unboost|p2a: Dragapult|spa|2
|move|p1a: Gliscor|Knock Off|p2a: Dragapult
|-supereffective|p2a: Dragapult
|-damage|p2a: Dragapult|0 fnt
|-enditem|p2a: Dragapult|Choice Specs|[from] move: Knock Off|[of] p1a: Gliscor
|faint|p2a: Dragapult
|
|-heal|p1a: Gliscor|39/100 tox|[from] ability: Poison Heal
|upkeep
|
|t:|1779689688
|switch|p2a: Kingambit|Kingambit, F|100/100
|-activate|p2a: Kingambit|ability: Supreme Overlord
|-start|p2a: Kingambit|fallen3|[silent]
|turn|17
|
|t:|1779689693
|move|p1a: Gliscor|Facade|p2a: Kingambit
|-resisted|p2a: Kingambit
|-damage|p2a: Kingambit|50/100
|move|p2a: Kingambit|Kowtow Cleave|p1a: Gliscor
|-damage|p1a: Gliscor|0 fnt
|faint|p1a: Gliscor
|
|upkeep
|
|t:|1779689705
|switch|p1a: Samurott|Samurott-Hisui, M|100/100
|-damage|p1a: Samurott|88/100|[from] Spikes
|turn|18
|
|t:|1779689711
|-end|p2a: Kingambit|fallen3|[silent]
|switch|p2a: Rotom|Rotom-Wash|100/100
|move|p1a: Samurott|Razor Shell|p2a: Rotom
|-resisted|p2a: Rotom
|-damage|p2a: Rotom|82/100
|-unboost|p2a: Rotom|def|1
|
|-heal|p2a: Rotom|88/100|[from] item: Leftovers
|upkeep
|turn|19
|
|t:|1779689721
|move|p1a: Samurott|Ceaseless Edge|p2a: Rotom
|-damage|p2a: Rotom|35/100
|-sidestart|p2: jjjkkll|Spikes
|move|p2a: Rotom|Will-O-Wisp|p1a: Samurott
|-status|p1a: Samurott|brn
|
|-heal|p2a: Rotom|42/100|[from] item: Leftovers
|-damage|p1a: Samurott|82/100 brn|[from] brn
|upkeep
|turn|20
|
|t:|1779689734
|move|p1a: Samurott|Ceaseless Edge|p2a: Rotom
|-damage|p2a: Rotom|15/100
|-sidestart|p2: jjjkkll|Spikes
|move|p2a: Rotom|Pain Split|p1a: Samurott
|-sethp|p1a: Samurott|47/100 brn|[from] move: Pain Split|[silent]
|-sethp|p2a: Rotom|59/100|[from] move: Pain Split
|
|-heal|p2a: Rotom|66/100|[from] item: Leftovers
|-damage|p1a: Samurott|41/100 brn|[from] brn
|upkeep
|turn|21
|
|t:|1779689744
|move|p1a: Samurott|Ceaseless Edge|p2a: Rotom
|-damage|p2a: Rotom|40/100
|-sidestart|p2: jjjkkll|Spikes
|move|p2a: Rotom|Volt Switch|p1a: Samurott
|-supereffective|p1a: Samurott
|-damage|p1a: Samurott|5/100 brn
|
|t:|1779689753
|switch|p2a: Gholdengo|Gholdengo|87/100|[from] Volt Switch
|-damage|p2a: Gholdengo|62/100|[from] Spikes
|
|-damage|p1a: Samurott|0 fnt|[from] brn
|faint|p1a: Samurott
|upkeep
|
|t:|1779689762
|switch|p1a: Dragapult|Dragapult, F|71/100
|-damage|p1a: Dragapult|59/100|[from] Spikes
|turn|22
|
|t:|1779689778
|move|p1a: Dragapult|U-turn|p2a: Gholdengo
|-resisted|p2a: Gholdengo
|-damage|p2a: Gholdengo|56/100
|
|t:|1779689780
|switch|p1a: Weezing|Weezing-Galar, M|100/100|[from] U-turn
|-ability|p1a: Weezing|Neutralizing Gas
|move|p2a: Gholdengo|Shadow Ball|p1a: Weezing
|-damage|p1a: Weezing|39/100
|
|upkeep
|turn|23
|
|t:|1779689788
|move|p2a: Gholdengo|Shadow Ball|p1a: Weezing
|-damage|p1a: Weezing|0 fnt
|faint|p1a: Weezing
|-end|p1a: Weezing|ability: Neutralizing Gas
|
|upkeep
|
|t:|1779689793
|switch|p1a: Entei|Entei|73/100
|-damage|p1a: Entei|60/100|[from] Spikes
|turn|24
|
|t:|1779689823
|move|p1a: Entei|Sacred Fire|p2a: Gholdengo
|-supereffective|p2a: Gholdengo
|-damage|p2a: Gholdengo|0 fnt
|faint|p2a: Gholdengo
|
|upkeep
|
|t:|1779689829
|switch|p2a: Rotom|Rotom-Wash|40/100
|turn|25
|
|t:|1779689863
|switch|p1a: Dragapult|Dragapult, F|59/100
|-damage|p1a: Dragapult|46/100|[from] Spikes
|move|p2a: Rotom|Hydro Pump|p1a: Dragapult|[miss]
|-miss|p2a: Rotom|p1a: Dragapult
|
|-heal|p2a: Rotom|46/100|[from] item: Leftovers
|upkeep
|turn|26
|
|t:|1779689876
|move|p1a: Dragapult|Dragon Darts|p2a: Rotom
|-damage|p2a: Rotom|27/100
|-anim|p1a: Dragapult|Dragon Darts|p2a: Rotom
|-damage|p2a: Rotom|9/100
|move|p2a: Rotom|Volt Switch|p1a: Dragapult
|-resisted|p1a: Dragapult
|-damage|p1a: Dragapult|25/100
|
|t:|1779689883
|switch|p2a: Kingambit|Kingambit, F|50/100|[from] Volt Switch
|-damage|p2a: Kingambit|26/100|[from] Spikes
|-activate|p2a: Kingambit|ability: Supreme Overlord
|-start|p2a: Kingambit|fallen4|[silent]
|
|upkeep
|turn|27
|
|t:|1779689889
|move|p1a: Dragapult|Will-O-Wisp|p2a: Kingambit|[miss]
|-miss|p1a: Dragapult|p2a: Kingambit
|move|p2a: Kingambit|Kowtow Cleave|p1a: Dragapult
|-supereffective|p1a: Dragapult
|-damage|p1a: Dragapult|0 fnt
|faint|p1a: Dragapult
|
|upkeep
|
|t:|1779689893
|switch|p1a: Entei|Entei|60/100
|-damage|p1a: Entei|48/100|[from] Spikes
|turn|28
|
|t:|1779689899
|-terastallize|p2a: Kingambit|Dark
|move|p1a: Entei|Extreme Speed|p2a: Kingambit
|-damage|p2a: Kingambit|7/100
|move|p2a: Kingambit|Sucker Punch||[still]
|-fail|p2a: Kingambit
|
|upkeep
|turn|29
|c|☆Ballerr|lol
|-message|jjjkkll forfeited.
|
|win|Ballerr
|raw|Ballerr's rating: 1423 &rarr; <strong>1443</strong><br />(+20 for winning)
|raw|jjjkkll's rating: 1422 &rarr; <strong>1402</strong><br />(-20 for losing)
|l|☆jjjkkll
|player|p2|
