|j|☆Eaaarth123
|j|☆gumball froth show
|t:|1779617495
|gametype|singles
|player|p1|Eaaarth123|lucas|1106
|player|p2|gumball froth show|hau|1125
|gen|9
|tier|[Gen 9] OU
|rated|
|rule|HP Percentage Mod: HP is shown in percentages
|rule|Endless Battle Clause: Forcing endless battles is banned
|rule|Species Clause: Limit one of each Pokémon
|rule|OHKO Clause: OHKO moves are banned
|rule|Evasion Items Clause: Evasion items are banned
|rule|Evasion Moves Clause: Evasion moves are banned
|rule|Evasion Abilities Clause: Evasion abilities are banned
|rule|Sleep Moves Clause: Sleep-inducing moves are banned
|clearpoke
|poke|p1|Gholdengo|
|poke|p1|Corviknight, F|
|poke|p1|Great Tusk|
|poke|p1|Ninetales, M|
|poke|p1|Walking Wake|
|poke|p1|Heatran, M|
|poke|p2|Bombirdier, F|
|poke|p2|Landorus-Therian, M|
|poke|p2|Samurott-Hisui, M|
|poke|p2|Pecharunt|
|poke|p2|Scizor, F|
|poke|p2|Zamazenta-*|
|teampreview
|
|t:|1779617501
|teamsize|p1|6
|teamsize|p2|6
|start
|switch|p1a: Ninetales|Ninetales, M|100/100
|switch|p2a: Samurott|Samurott-Hisui, M|100/100
|-weather|SunnyDay|[from] ability: Drought|[of] p1a: Ninetales
|turn|1
|inactive|Battle timer is ON: inactive players will automatically lose when time's up. (requested by gumball froth show)
|
|t:|1779617513
|move|p1a: Ninetales|Will-O-Wisp|p2a: Samurott
|-status|p2a: Samurott|brn
|move|p2a: Samurott|Razor Shell|p1a: Ninetales
|-supereffective|p1a: Ninetales
|-damage|p1a: Ninetales|65/100
|-unboost|p1a: Ninetales|def|1
|
|-weather|SunnyDay|[upkeep]
|-heal|p1a: Ninetales|71/100|[from] item: Leftovers
|-damage|p2a: Samurott|94/100 brn|[from] brn
|upkeep
|turn|2
|
|t:|1779617527
|move|p1a: Ninetales|Solar Beam||[still]
|-prepare|p1a: Ninetales|Solar Beam
|-anim|p1a: Ninetales|Solar Beam|p2a: Samurott
|-supereffective|p2a: Samurott
|-damage|p2a: Samurott|53/100 brn
|move|p2a: Samurott|Razor Shell|p1a: Ninetales|[miss]
|-miss|p2a: Samurott|p1a: Ninetales
|
|-weather|SunnyDay|[upkeep]
|-heal|p1a: Ninetales|77/100|[from] item: Leftovers
|-damage|p2a: Samurott|47/100 brn|[from] brn
|upkeep
|turn|3
|
|t:|1779617537
|move|p2a: Samurott|Aqua Jet|p1a: Ninetales
|-supereffective|p1a: Ninetales
|-damage|p1a: Ninetales|58/100
|move|p1a: Ninetales|Solar Beam||[still]
|-prepare|p1a: Ninetales|Solar Beam
|-anim|p1a: Ninetales|Solar Beam|p2a: Samurott
|-supereffective|p2a: Samurott
|-damage|p2a: Samurott|1/100 brn
|
|-weather|SunnyDay|[upkeep]
|-heal|p1a: Ninetales|64/100|[from] item: Leftovers
|-damage|p2a: Samurott|0 fnt|[from] brn
|faint|p2a: Samurott
|upkeep
|j| Nicky0811
|
|t:|1779617551
|switch|p2a: Landorus|Landorus-Therian, M|100/100
|-ability|p2a: Landorus|Intimidate|boost
|-unboost|p1a: Ninetales|atk|1
|turn|4
|
|t:|1779617556
|move|p1a: Ninetales|Will-O-Wisp|p2a: Landorus
|-status|p2a: Landorus|brn
|move|p2a: Landorus|Earthquake|p1a: Ninetales
|-supereffective|p1a: Ninetales
|-damage|p1a: Ninetales|0 fnt
|faint|p1a: Ninetales
|
|-weather|SunnyDay|[upkeep]
|-damage|p2a: Landorus|94/100 brn|[from] brn
|upkeep
|
|t:|1779617569
|switch|p1a: Walking Wake|Walking Wake|100/100
|-activate|p1a: Walking Wake|ability: Protosynthesis
|-start|p1a: Walking Wake|protosynthesisspa
|turn|5
|
|t:|1779617576
|move|p1a: Walking Wake|Hydro Steam|p2a: Landorus
|-supereffective|p2a: Landorus
|-crit|p2a: Landorus
|-damage|p2a: Landorus|0 fnt
|faint|p2a: Landorus
|
|-weather|none
|-end|p1a: Walking Wake|Protosynthesis
|upkeep
|-enditem|p1a: Walking Wake|Booster Energy
|-activate|p1a: Walking Wake|ability: Protosynthesis|[fromitem]
|-start|p1a: Walking Wake|protosynthesisspa
|
|t:|1779617579
|switch|p2a: Scizor|Scizor, F|100/100
|turn|6
|
|t:|1779617586
|move|p1a: Walking Wake|Flamethrower|p2a: Scizor
|-supereffective|p2a: Scizor
|-damage|p2a: Scizor|0 fnt
|faint|p2a: Scizor
|
|upkeep
|
|t:|1779617591
|switch|p2a: Bombirdier|Bombirdier, F|100/100
|turn|7
|
|t:|1779617600
|move|p2a: Bombirdier|Brave Bird|p1a: Walking Wake
|-damage|p1a: Walking Wake|43/100
|-damage|p2a: Bombirdier|77/100|[from] Recoil
|move|p1a: Walking Wake|Hydro Steam|p2a: Bombirdier
|-damage|p2a: Bombirdier|3/100
|
|upkeep
|turn|8
|-message|gumball froth show forfeited.
|
|win|Eaaarth123
|raw|Eaaarth123's rating: 1106 &rarr; <strong>1132</strong><br />(+26 for winning)
|raw|gumball froth show's rating: 1125 &rarr; <strong>1099</strong><br />(-26 for losing)
|l|☆gumball froth show
|player|p2|
|l|☆Eaaarth123
|player|p1|
|l| Nicky0811
