|badge|p1|bronze|gen9ou|100-9
|uhtml|medal-msg|<div class="broadcast-blue">Curious what those medals under the avatar are? PS now has Ladder Seasons! For more information, check out the <a href="https://www.smogon.com/forums/threads/3740067/">thread on Smogon.</a></div>
|badge|p2|silver|gen9ou|30-9
|uhtml|medal-msg|<div class="broadcast-blue">Curious what those medals under the avatar are? PS now has Ladder Seasons! For more information, check out the <a href="https://www.smogon.com/forums/threads/3740067/">thread on Smogon.</a></div>
|j|☆takeyouout
|j|☆RobinaAddMyPalFuwa
|t:|1779564353
|gametype|singles
|player|p1|takeyouout|richboy|1807
|player|p2|RobinaAddMyPalFuwa|skyla|1916
|gen|9
|tier|[Gen 9] OU
|rated|
|rule|HP Percentage Mod: HP is shown in percentages
|rule|Endless Battle Clause: Forcing endless battles is banned
|rule|Species Clause: Limit one of each Pokémon
|rule|OHKO Clause: OHKO moves are banned
|rule|Evasion Items Clause: Evasion items are banned
|rule|Evasion Moves Clause: Evasion moves are banned
|rule|Evasion Abilities Clause: Evasion abilities are banned
|rule|Sleep Moves Clause: Sleep-inducing moves are banned
|clearpoke
|poke|p1|Tyranitar, F|
|poke|p1|Alomomola, F|
|poke|p1|Tornadus-Therian, M|
|poke|p1|Excadrill, F|
|poke|p1|Amoonguss, M|
|poke|p1|Keldeo-Resolute|
|poke|p2|Pelipper, L99, F|
|poke|p2|Barraskewda, F|
|poke|p2|Raging Bolt|
|poke|p2|Golduck, M|
|poke|p2|Pawmot, F|
|poke|p2|Tentacruel, F|
|teampreview
|
|t:|1779564362
|teamsize|p1|6
|teamsize|p2|6
|start
|switch|p1a: PinkCannon|Alomomola, F, shiny|100/100
|switch|p2a: Ghoti carrier|Pelipper, L99, F|100/100
|-weather|RainDance|[from] ability: Drizzle|[of] p2a: Ghoti carrier
|turn|1
|
|t:|1779564364
|move|p1a: PinkCannon|Light Screen|p1a: PinkCannon
|-sidestart|p1: takeyouout|move: Light Screen
|move|p2a: Ghoti carrier|U-turn|p1a: PinkCannon
|-damage|p1a: PinkCannon|95/100
|-damage|p2a: Ghoti carrier|84/100|[from] item: Rocky Helmet|[of] p1a: PinkCannon
|inactive|Battle timer is ON: inactive players will automatically lose when time's up. (requested by takeyouout)
|
|t:|1779564376
|switch|p2a: Seaking Duck|Golduck, M|100/100|[from] U-turn
|
|-weather|RainDance|[upkeep]
|upkeep
|turn|2
|
|t:|1779564382
|move|p2a: Seaking Duck|Nasty Plot|p2a: Seaking Duck
|-boost|p2a: Seaking Duck|spa|2
|move|p1a: PinkCannon|Flip Turn|p2a: Seaking Duck
|-resisted|p2a: Seaking Duck
|-damage|p2a: Seaking Duck|84/100
|
|t:|1779564385
|switch|p1a: Broomhilda|Tyranitar, F, shiny|100/100|[from] Flip Turn
|-weather|Sandstorm|[from] ability: Sand Stream|[of] p1a: Broomhilda
|
|-weather|Sandstorm|[upkeep]
|-damage|p2a: Seaking Duck|78/100|[from] Sandstorm
|upkeep
|turn|3
|
|t:|1779564388
|move|p2a: Seaking Duck|Hydro Pump|p1a: Broomhilda|[miss]
|-miss|p2a: Seaking Duck|p1a: Broomhilda
|move|p1a: Broomhilda|Knock Off|p2a: Seaking Duck
|-damage|p2a: Seaking Duck|15/100
|-enditem|p2a: Seaking Duck|Life Orb|[from] move: Knock Off|[of] p1a: Broomhilda
|
|-weather|Sandstorm|[upkeep]
|-damage|p2a: Seaking Duck|9/100|[from] Sandstorm
|upkeep
|turn|4
|
|t:|1779564392
|switch|p1a: PinkCannon|Alomomola, F, shiny|100/100
|move|p2a: Seaking Duck|Hydro Pump|p1a: PinkCannon
|-resisted|p1a: PinkCannon
|-damage|p1a: PinkCannon|79/100
|
|-weather|Sandstorm|[upkeep]
|-damage|p2a: Seaking Duck|3/100|[from] Sandstorm
|-damage|p1a: PinkCannon|73/100|[from] Sandstorm
|upkeep
|turn|5
|
|t:|1779564400
|move|p2a: Seaking Duck|Hydro Pump|p1a: PinkCannon|[miss]
|-miss|p2a: Seaking Duck|p1a: PinkCannon
|move|p1a: PinkCannon|Flip Turn|p2a: Seaking Duck
|-resisted|p2a: Seaking Duck
|-damage|p2a: Seaking Duck|0 fnt
|faint|p2a: Seaking Duck
|
|t:|1779564405
|switch|p1a: 66|Amoonguss, M|100/100|[from] Flip Turn
|
|-weather|Sandstorm|[upkeep]
|-damage|p1a: 66|94/100|[from] Sandstorm
|-sideend|p1: takeyouout|move: Light Screen
|upkeep
|
|t:|1779564408
|switch|p2a: Ghoti carrier|Pelipper, L99, F|84/100
|-weather|RainDance|[from] ability: Drizzle|[of] p2a: Ghoti carrier
|turn|6
|
|t:|1779564412
|switch|p1a: Broomhilda|Tyranitar, F, shiny|100/100
|-weather|Sandstorm|[from] ability: Sand Stream|[of] p1a: Broomhilda
|move|p2a: Ghoti carrier|U-turn|p1a: Broomhilda
|-supereffective|p1a: Broomhilda
|-damage|p1a: Broomhilda|87/100
|
|t:|1779564414
|switch|p2a: ExSkewda Me|Barraskewda, F|100/100|[from] U-turn
|
|-weather|Sandstorm|[upkeep]
|-damage|p2a: ExSkewda Me|94/100|[from] Sandstorm
|upkeep
|turn|7
|
|t:|1779564419
|switch|p2a: Ghoti carrier|Pelipper, L99, F|84/100
|-weather|RainDance|[from] ability: Drizzle|[of] p2a: Ghoti carrier
|switch|p1a: 66|Amoonguss, M|100/100
|
|-weather|RainDance|[upkeep]
|upkeep
|turn|8
|
|t:|1779564421
|move|p2a: Ghoti carrier|U-turn|p1a: 66
|-damage|p1a: 66|94/100
|-damage|p2a: Ghoti carrier|67/100|[from] item: Rocky Helmet|[of] p1a: 66
|
|t:|1779564424
|switch|p2a: Spaghetti Too|Tentacruel, F|100/100|[from] U-turn
|move|p1a: 66|Toxic|p2a: Spaghetti Too
|-immune|p2a: Spaghetti Too
|
|-weather|RainDance|[upkeep]
|upkeep
|turn|9
|
|t:|1779564427
|switch|p1a: Broomhilda|Tyranitar, F, shiny|87/100
|-weather|Sandstorm|[from] ability: Sand Stream|[of] p1a: Broomhilda
|move|p2a: Spaghetti Too|Flip Turn|p1a: Broomhilda
|-supereffective|p1a: Broomhilda
|-damage|p1a: Broomhilda|64/100
|
|t:|1779564429
|switch|p2a: ExSkewda Me|Barraskewda, F|94/100|[from] Flip Turn
|
|-weather|Sandstorm|[upkeep]
|-damage|p2a: ExSkewda Me|88/100|[from] Sandstorm
|upkeep
|turn|10
|
|t:|1779564433
|switch|p2a: Ghoti carrier|Pelipper, L99, F|67/100
|-weather|RainDance|[from] ability: Drizzle|[of] p2a: Ghoti carrier
|switch|p1a: PinkCannon|Alomomola, F, shiny|100/100
|
|-weather|RainDance|[upkeep]
|upkeep
|turn|11
|
|t:|1779564438
|switch|p2a: Great Neck|Raging Bolt|100/100
|move|p1a: PinkCannon|Light Screen|p1a: PinkCannon
|-sidestart|p1: takeyouout|move: Light Screen
|
|-weather|RainDance|[upkeep]
|upkeep
|turn|12
|
|t:|1779564443
|switch|p1a: Broomhilda|Tyranitar, F, shiny|64/100
|-weather|Sandstorm|[from] ability: Sand Stream|[of] p1a: Broomhilda
|move|p2a: Great Neck|Thunder|p1a: Broomhilda
|-damage|p1a: Broomhilda|50/100
|
|-weather|Sandstorm|[upkeep]
|-damage|p2a: Great Neck|94/100|[from] Sandstorm
|-heal|p2a: Great Neck|100/100|[from] item: Leftovers
|upkeep
|turn|13
|
|t:|1779564447
|move|p2a: Great Neck|Draco Meteor|p1a: Broomhilda
|-damage|p1a: Broomhilda|35/100
|-unboost|p2a: Great Neck|spa|2
|move|p1a: Broomhilda|Stealth Rock|p2a: Great Neck
|-sidestart|p2: RobinaAddMyPalFuwa|move: Stealth Rock
|
|-weather|Sandstorm|[upkeep]
|-damage|p2a: Great Neck|94/100|[from] Sandstorm
|-heal|p2a: Great Neck|100/100|[from] item: Leftovers
|upkeep
|turn|14
|
|t:|1779564450
|-end|p2a: Great Neck|Protosynthesis|[silent]
|switch|p2a: Really want eject|Pawmot, F|100/100
|-damage|p2a: Really want eject|94/100|[from] Stealth Rock
|move|p1a: Broomhilda|Knock Off|p2a: Really want eject
|-resisted|p2a: Really want eject
|-damage|p2a: Really want eject|68/100
|-enditem|p2a: Really want eject|Leppa Berry|[from] move: Knock Off|[of] p1a: Broomhilda
|
|-weather|Sandstorm|[upkeep]
|-damage|p2a: Really want eject|62/100|[from] Sandstorm
|upkeep
|turn|15
|
|t:|1779564457
|switch|p2a: Spaghetti Too|Tentacruel, F|100/100
|-damage|p2a: Spaghetti Too|88/100|[from] Stealth Rock
|switch|p1a: 66|Amoonguss, M|100/100
|
|-weather|Sandstorm|[upkeep]
|-damage|p2a: Spaghetti Too|82/100|[from] Sandstorm
|-damage|p1a: 66|94/100|[from] Sandstorm
|-sideend|p1: takeyouout|move: Light Screen
|upkeep
|turn|16
|
|t:|1779564465
|switch|p1a: PinkCannon|Alomomola, F, shiny|100/100
|move|p2a: Spaghetti Too|Rapid Spin|p1a: PinkCannon
|-damage|p1a: PinkCannon|95/100
|-boost|p2a: Spaghetti Too|spe|1
|-damage|p2a: Spaghetti Too|66/100|[from] item: Rocky Helmet|[of] p1a: PinkCannon
|-sideend|p2: RobinaAddMyPalFuwa|Stealth Rock|[from] move: Rapid Spin|[of] p2a: Spaghetti Too
|
|-weather|none
|upkeep
|turn|17
|
|t:|1779564471
|move|p2a: Spaghetti Too|Poison Jab|p1a: PinkCannon
|-damage|p1a: PinkCannon|82/100
|-status|p1a: PinkCannon|psn
|-damage|p2a: Spaghetti Too|49/100|[from] item: Rocky Helmet|[of] p1a: PinkCannon
|move|p1a: PinkCannon|Light Screen|p1a: PinkCannon
|-sidestart|p1: takeyouout|move: Light Screen
|
|-damage|p1a: PinkCannon|70/100 psn|[from] psn
|upkeep
|turn|18
|
|t:|1779564478
|switch|p2a: ExSkewda Me|Barraskewda, F|88/100
|move|p1a: PinkCannon|Wish|p1a: PinkCannon
|
|-damage|p1a: PinkCannon|58/100 psn|[from] psn
|upkeep
|turn|19
|j| FaronAan
|
|t:|1779564490
|move|p2a: ExSkewda Me|Poison Jab|p1a: PinkCannon
|-damage|p1a: PinkCannon|41/100 psn
|-damage|p2a: ExSkewda Me|72/100|[from] item: Rocky Helmet|[of] p1a: PinkCannon
|move|p1a: PinkCannon|Flip Turn|p2a: ExSkewda Me
|-resisted|p2a: ExSkewda Me
|-damage|p2a: ExSkewda Me|57/100
|
|t:|1779564492
|switch|p1a: Broomhilda|Tyranitar, F, shiny|35/100|[from] Flip Turn
|-weather|Sandstorm|[from] ability: Sand Stream|[of] p1a: Broomhilda
|
|-weather|Sandstorm|[upkeep]
|-damage|p2a: ExSkewda Me|51/100|[from] Sandstorm
|-heal|p1a: Broomhilda|94/100|[from] move: Wish|[wisher] PinkCannon
|upkeep
|turn|20
|
|t:|1779564497
|switch|p1a: PinkCannon|Alomomola, F, shiny|74/100 psn
|move|p2a: ExSkewda Me|Close Combat|p1a: PinkCannon
|-damage|p1a: PinkCannon|48/100 psn
|-unboost|p2a: ExSkewda Me|def|1
|-unboost|p2a: ExSkewda Me|spd|1
|-damage|p2a: ExSkewda Me|35/100|[from] item: Rocky Helmet|[of] p1a: PinkCannon
|
|-weather|Sandstorm|[upkeep]
|-damage|p2a: ExSkewda Me|29/100|[from] Sandstorm
|-damage|p1a: PinkCannon|42/100 psn|[from] Sandstorm
|-damage|p1a: PinkCannon|30/100 psn|[from] psn
|upkeep
|turn|21
|
|t:|1779564502
|switch|p2a: Ghoti carrier|Pelipper, L99, F|67/100
|-weather|RainDance|[from] ability: Drizzle|[of] p2a: Ghoti carrier
|switch|p1a: 66|Amoonguss, M|100/100
|
|-weather|RainDance|[upkeep]
|-sideend|p1: takeyouout|move: Light Screen
|upkeep
|turn|22
|
|t:|1779564512
|move|p2a: Ghoti carrier|U-turn|p1a: 66
|-damage|p1a: 66|94/100
|-damage|p2a: Ghoti carrier|51/100|[from] item: Rocky Helmet|[of] p1a: 66
|
|t:|1779564514
|switch|p2a: Spaghetti Too|Tentacruel, F|49/100|[from] U-turn
|move|p1a: 66|Toxic|p2a: Spaghetti Too
|-immune|p2a: Spaghetti Too
|
|-weather|RainDance|[upkeep]
|-heal|p2a: Spaghetti Too|55/100|[from] ability: Rain Dish
|upkeep
|turn|23
|
|t:|1779564517
|switch|p1a: Broomhilda|Tyranitar, F, shiny|94/100
|-weather|Sandstorm|[from] ability: Sand Stream|[of] p1a: Broomhilda
|move|p2a: Spaghetti Too|Poison Jab|p1a: Broomhilda
|-resisted|p1a: Broomhilda
|-crit|p1a: Broomhilda
|-damage|p1a: Broomhilda|80/100
|
|-weather|Sandstorm|[upkeep]
|-damage|p2a: Spaghetti Too|49/100|[from] Sandstorm
|upkeep
|turn|24
|
|t:|1779564526
|switch|p1a: Starscream|Excadrill, F|100/100
|move|p2a: Spaghetti Too|Rapid Spin|p1a: Starscream
|-resisted|p1a: Starscream
|-damage|p1a: Starscream|95/100
|-boost|p2a: Spaghetti Too|spe|1
|
|-weather|Sandstorm|[upkeep]
|-damage|p2a: Spaghetti Too|43/100|[from] Sandstorm
|upkeep
|turn|25
|
|t:|1779564529
|switch|p2a: Ghoti carrier|Pelipper, L99, F|51/100
|-weather|RainDance|[from] ability: Drizzle|[of] p2a: Ghoti carrier
|move|p1a: Starscream|Earthquake|p2a: Ghoti carrier
|-immune|p2a: Ghoti carrier
|
|-weather|RainDance|[upkeep]
|upkeep
|turn|26
|
|t:|1779564534
|switch|p1a: 66|Amoonguss, M|100/100
|move|p2a: Ghoti carrier|U-turn|p1a: 66
|-damage|p1a: 66|94/100
|-damage|p2a: Ghoti carrier|34/100|[from] item: Rocky Helmet|[of] p1a: 66
|
|t:|1779564536
|switch|p2a: Great Neck|Raging Bolt|100/100|[from] U-turn
|
|-weather|RainDance|[upkeep]
|upkeep
|turn|27
|
|t:|1779564539
|move|p2a: Great Neck|Draco Meteor|p1a: 66
|-damage|p1a: 66|23/100
|-unboost|p2a: Great Neck|spa|2
|move|p1a: 66|Toxic|p2a: Great Neck
|-status|p2a: Great Neck|tox
|
|-weather|RainDance|[upkeep]
|-damage|p2a: Great Neck|94/100 tox|[from] psn
|upkeep
|turn|28
|
|t:|1779564543
|switch|p1a: Broomhilda|Tyranitar, F, shiny|80/100
|-weather|Sandstorm|[from] ability: Sand Stream|[of] p1a: Broomhilda
|move|p2a: Great Neck|Weather Ball|p1a: Broomhilda
|-damage|p1a: Broomhilda|72/100
|
|-weather|Sandstorm|[upkeep]
|-damage|p2a: Great Neck|88/100 tox|[from] Sandstorm
|-heal|p2a: Great Neck|94/100 tox|[from] item: Leftovers
|-damage|p2a: Great Neck|82/100 tox|[from] psn
|upkeep
|turn|29
|-message|RobinaAddMyPalFuwa forfeited.
|
|win|takeyouout
|raw|takeyouout's rating: 1807 &rarr; <strong>1833</strong><br />(+26 for winning)
|raw|RobinaAddMyPalFuwa's rating: 1916 &rarr; <strong>1890</strong><br />(-26 for losing)
|l|☆RobinaAddMyPalFuwa
|player|p2|
|l|☆takeyouout
|player|p1|
|l| FaronAan
