|j|☆LeviPT
|j|☆johnotholomew
|t:|1779654511
|gametype|singles
|player|p1|LeviPT|266|1066
|player|p2|johnotholomew|clay|1081
|gen|9
|tier|[Gen 9] OU
|rated|
|rule|HP Percentage Mod: HP is shown in percentages
|rule|Endless Battle Clause: Forcing endless battles is banned
|rule|Species Clause: Limit one of each Pokémon
|rule|OHKO Clause: OHKO moves are banned
|rule|Evasion Items Clause: Evasion items are banned
|rule|Evasion Moves Clause: Evasion moves are banned
|rule|Evasion Abilities Clause: Evasion abilities are banned
|rule|Sleep Moves Clause: Sleep-inducing moves are banned
|clearpoke
|poke|p1|Pelipper, F|
|poke|p1|Rotom-Wash|
|poke|p1|Kingdra, M|
|poke|p1|Gholdengo|
|poke|p1|Iron Treads|
|poke|p1|Lilligant-Hisui, F|
|poke|p2|Heatran, M|
|poke|p2|Mandibuzz, F|
|poke|p2|Clodsire, F|
|poke|p2|Mienshao, F|
|poke|p2|Kyurem|
|poke|p2|Slowking-Galar, M|
|teampreview
|
|t:|1779654523
|teamsize|p1|6
|teamsize|p2|6
|start
|switch|p1a: Pelipper|Pelipper, F|100/100
|switch|p2a: Kyurem|Kyurem|100/100
|-ability|p2a: Kyurem|Pressure
|-weather|RainDance|[from] ability: Drizzle|[of] p1a: Pelipper
|turn|1
|inactive|Battle timer is ON: inactive players will automatically lose when time's up. (requested by LeviPT)
|
|t:|1779654531
|move|p2a: Kyurem|Freeze-Dry|p1a: Pelipper
|-supereffective|p1a: Pelipper
|-damage|p1a: Pelipper|0 fnt
|faint|p1a: Pelipper
|
|-weather|RainDance|[upkeep]
|upkeep
|
|t:|1779654535
|switch|p1a: Rotom|Rotom-Wash, shiny|100/100
|turn|2
|
|t:|1779654549
|-terastallize|p1a: Rotom|Electric
|move|p2a: Kyurem|Freeze-Dry|p1a: Rotom
|-damage|p1a: Rotom|25/100
|move|p1a: Rotom|Volt Switch|p2a: Kyurem
|-resisted|p2a: Kyurem
|-damage|p2a: Kyurem|80/100
|
|t:|1779654562
|switch|p1a: Gholdengo|Gholdengo|100/100|[from] Volt Switch
|-item|p1a: Gholdengo|Air Balloon
|
|-weather|RainDance|[upkeep]
|upkeep
|turn|3
|
|t:|1779654573
|switch|p2a: Clodsire|Clodsire, F|100/100
|move|p1a: Gholdengo|Make It Rain|p2a: Clodsire
|-damage|p2a: Clodsire|61/100
|-unboost|p1a: Gholdengo|spa|1
|
|-weather|RainDance|[upkeep]
|upkeep
|turn|4
|
|t:|1779654591
|switch|p1a: Kingdra|Kingdra, M, shiny|100/100
|move|p2a: Clodsire|Recover|p2a: Clodsire
|-heal|p2a: Clodsire|100/100
|
|-weather|RainDance|[upkeep]
|upkeep
|turn|5
|
|t:|1779654601
|move|p1a: Kingdra|Hydro Pump|p2a: Clodsire
|-supereffective|p2a: Clodsire
|-damage|p2a: Clodsire|0 fnt
|faint|p2a: Clodsire
|
|-weather|RainDance|[upkeep]
|upkeep
|
|t:|1779654608
|switch|p2a: Slowking|Slowking-Galar, M|100/100
|turn|6
|
|t:|1779654616
|move|p1a: Kingdra|Hydro Pump|p2a: Slowking|[miss]
|-miss|p1a: Kingdra|p2a: Slowking
|move|p2a: Slowking|Thunder Wave|p1a: Kingdra|[miss]
|-miss|p2a: Slowking|p1a: Kingdra
|
|-weather|RainDance|[upkeep]
|upkeep
|turn|7
|
|t:|1779654626
|move|p1a: Kingdra|Hydro Pump|p2a: Slowking
|-damage|p2a: Slowking|34/100
|-prepare|p2a: Slowking|Chilly Reception|[premajor]
|move|p2a: Slowking|Chilly Reception|p2a: Slowking
|-weather|Snowscape
|
|t:|1779654632
|switch|p2a: Kyurem|Kyurem|80/100|[from] Chilly Reception
|-ability|p2a: Kyurem|Pressure
|
|-weather|Snowscape|[upkeep]
|upkeep
|turn|8
|
|t:|1779654651
|switch|p1a: Gholdengo|Gholdengo|100/100
|-item|p1a: Gholdengo|Air Balloon
|move|p2a: Kyurem|Freeze-Dry|p1a: Gholdengo
|-resisted|p1a: Gholdengo
|-damage|p1a: Gholdengo|73/100
|-enditem|p1a: Gholdengo|Air Balloon
|
|-weather|Snowscape|[upkeep]
|upkeep
|turn|9
|
|t:|1779654661
|switch|p2a: Slowking|Slowking-Galar, M|68/100
|move|p1a: Gholdengo|Make It Rain|p2a: Slowking
|-damage|p2a: Slowking|26/100
|-unboost|p1a: Gholdengo|spa|1
|
|-weather|Snowscape|[upkeep]
|upkeep
|turn|10
|
|t:|1779654669
|switch|p2a: Mandibuzz|Mandibuzz, F|100/100
|move|p1a: Gholdengo|Shadow Ball|p2a: Mandibuzz
|-resisted|p2a: Mandibuzz
|-damage|p2a: Mandibuzz|86/100
|
|-weather|Snowscape|[upkeep]
|upkeep
|turn|11
|
|t:|1779654681
|switch|p1a: Iron Treads|Iron Treads|100/100
|move|p2a: Mandibuzz|Foul Play|p1a: Iron Treads
|-damage|p1a: Iron Treads|58/100
|
|-weather|none
|upkeep
|turn|12
|
|t:|1779654688
|move|p1a: Iron Treads|Volt Switch|p2a: Mandibuzz
|-supereffective|p2a: Mandibuzz
|-damage|p2a: Mandibuzz|67/100
|
|t:|1779654691
|-end|p1a: Iron Treads|Quark Drive|[silent]
|switch|p1a: Rotom|Rotom-Wash, shiny, tera:Electric|25/100|[from] Volt Switch
|move|p2a: Mandibuzz|Foul Play|p1a: Rotom
|-damage|p1a: Rotom|3/100
|
|-heal|p1a: Rotom|9/100|[from] item: Leftovers
|upkeep
|turn|13
|
|t:|1779654703
|switch|p2a: Slowking|Slowking-Galar, M|60/100
|move|p1a: Rotom|Thunder|p2a: Slowking|[miss]
|-miss|p1a: Rotom|p2a: Slowking
|
|-heal|p1a: Rotom|15/100|[from] item: Leftovers
|upkeep
|turn|14
|
|t:|1779654710
|move|p1a: Rotom|Volt Switch|p2a: Slowking
|-crit|p2a: Slowking
|-damage|p2a: Slowking|25/100
|
|t:|1779654717
|switch|p1a: Gholdengo|Gholdengo|73/100|[from] Volt Switch
|move|p2a: Slowking|Future Sight|p1a: Gholdengo
|-start|p2a: Slowking|move: Future Sight
|
|upkeep
|turn|15
|
|t:|1779654729
|switch|p2a: Mandibuzz|Mandibuzz, F|67/100
|move|p1a: Gholdengo|Shadow Ball|p2a: Mandibuzz
|-resisted|p2a: Mandibuzz
|-damage|p2a: Mandibuzz|49/100
|
|upkeep
|turn|16
|
|t:|1779654744
|switch|p1a: Iron Treads|Iron Treads|58/100
|move|p2a: Mandibuzz|Roost|p2a: Mandibuzz
|-heal|p2a: Mandibuzz|99/100
|-singleturn|p2a: Mandibuzz|move: Roost
|
|-end|p1a: Iron Treads|move: Future Sight
|-resisted|p1a: Iron Treads
|-damage|p1a: Iron Treads|26/100
|upkeep
|turn|17
|
|t:|1779654758
|move|p1a: Iron Treads|Volt Switch|p2a: Mandibuzz
|-supereffective|p2a: Mandibuzz
|-damage|p2a: Mandibuzz|79/100
|
|t:|1779654765
|-end|p1a: Iron Treads|Quark Drive|[silent]
|switch|p1a: Kingdra|Kingdra, M, shiny|100/100|[from] Volt Switch
|move|p2a: Mandibuzz|Foul Play|p1a: Kingdra
|-damage|p1a: Kingdra|68/100
|
|upkeep
|turn|18
|
|t:|1779654772
|switch|p2a: Slowking|Slowking-Galar, M|58/100
|move|p1a: Kingdra|Draco Meteor|p2a: Slowking
|-damage|p2a: Slowking|2/100
|-unboost|p1a: Kingdra|spa|2
|
|upkeep
|turn|19
|
|t:|1779654795
|switch|p2a: Heatran|Heatran, M|100/100
|move|p1a: Kingdra|Draco Meteor|p2a: Heatran
|-resisted|p2a: Heatran
|-damage|p2a: Heatran|83/100
|-unboost|p1a: Kingdra|spa|2
|
|-heal|p2a: Heatran|89/100|[from] item: Leftovers
|upkeep
|turn|20
|
|t:|1779654812
|switch|p1a: Rotom|Rotom-Wash, shiny, tera:Electric|15/100
|move|p2a: Heatran|Magma Storm|p1a: Rotom
|-crit|p1a: Rotom
|-damage|p1a: Rotom|0 fnt
|faint|p1a: Rotom
|
|-heal|p2a: Heatran|95/100|[from] item: Leftovers
|upkeep
|
|t:|1779654818
|switch|p1a: Kingdra|Kingdra, M, shiny|68/100
|turn|21
|inactive|johnotholomew has 120 seconds left.
|
|t:|1779654842
|switch|p2a: Kyurem|Kyurem|80/100
|-ability|p2a: Kyurem|Pressure
|move|p1a: Kingdra|Hydro Pump|p2a: Kyurem
|-resisted|p2a: Kyurem
|-damage|p2a: Kyurem|47/100
|
|upkeep
|turn|22
|
|t:|1779654853
|switch|p1a: Gholdengo|Gholdengo|73/100
|move|p2a: Kyurem|Earth Power|p1a: Gholdengo
|-supereffective|p1a: Gholdengo
|-damage|p1a: Gholdengo|0 fnt
|faint|p1a: Gholdengo
|
|upkeep
|
|t:|1779654861
|switch|p1a: Lilligant|Lilligant-Hisui, F, shiny|100/100
|turn|23
|
|t:|1779654868
|switch|p2a: Mandibuzz|Mandibuzz, F|79/100
|move|p1a: Lilligant|Close Combat|p2a: Mandibuzz
|-damage|p2a: Mandibuzz|36/100
|-unboost|p1a: Lilligant|def|1
|-unboost|p1a: Lilligant|spd|1
|
|upkeep
|turn|24
|
|t:|1779654884
|move|p1a: Lilligant|Close Combat|p2a: Mandibuzz
|-damage|p2a: Mandibuzz|0 fnt
|-unboost|p1a: Lilligant|def|1
|-unboost|p1a: Lilligant|spd|1
|faint|p2a: Mandibuzz
|
|upkeep
|
|t:|1779654891
|switch|p2a: Mienshao|Mienshao, F, shiny|100/100
|turn|25
|
|t:|1779654900
|move|p1a: Lilligant|Victory Dance|p1a: Lilligant
|-boost|p1a: Lilligant|atk|1
|-boost|p1a: Lilligant|def|1
|-boost|p1a: Lilligant|spe|1
|move|p2a: Mienshao|U-turn|p1a: Lilligant
|-damage|p1a: Lilligant|12/100
|
|t:|1779654907
|switch|p2a: Slowking|Slowking-Galar, M|35/100|[from] U-turn
|
|upkeep
|turn|26
|
|t:|1779654918
|move|p1a: Lilligant|Pollen Puff|p2a: Slowking
|-damage|p2a: Slowking|28/100
|move|p2a: Slowking|Sludge Bomb|p1a: Lilligant
|-supereffective|p1a: Lilligant
|-damage|p1a: Lilligant|0 fnt
|faint|p1a: Lilligant
|
|upkeep
|
|t:|1779654926
|switch|p1a: Iron Treads|Iron Treads|26/100
|turn|27
|
|t:|1779654935
|move|p1a: Iron Treads|Earthquake|p2a: Slowking
|-supereffective|p2a: Slowking
|-damage|p2a: Slowking|0 fnt
|faint|p2a: Slowking
|
|upkeep
|
|t:|1779654952
|switch|p2a: Mienshao|Mienshao, F, shiny|100/100
|turn|28
|
|t:|1779654973
|move|p1a: Iron Treads|Earthquake|p2a: Mienshao
|-damage|p2a: Mienshao|17/100
|move|p2a: Mienshao|Knock Off|p1a: Iron Treads
|-damage|p1a: Iron Treads|0 fnt
|-enditem|p1a: Iron Treads|Heavy-Duty Boots|[from] move: Knock Off|[of] p2a: Mienshao
|faint|p1a: Iron Treads
|-end|p1a: Iron Treads|Quark Drive|[silent]
|
|upkeep
|
|t:|1779654977
|switch|p1a: Kingdra|Kingdra, M, shiny|68/100
|turn|29
|
|t:|1779654995
|move|p2a: Mienshao|Knock Off|p1a: Kingdra
|-damage|p1a: Kingdra|6/100
|-enditem|p1a: Kingdra|Choice Specs|[from] move: Knock Off|[of] p2a: Mienshao
|move|p1a: Kingdra|Hurricane|p2a: Mienshao|[miss]
|-miss|p1a: Kingdra|p2a: Mienshao
|
|upkeep
|turn|30
|
|t:|1779655009
|move|p2a: Mienshao|Knock Off|p1a: Kingdra
|-damage|p1a: Kingdra|0 fnt
|faint|p1a: Kingdra
|
|win|johnotholomew
|raw|LeviPT's rating: 1066 &rarr; <strong>1047</strong><br />(-19 for losing)
|raw|johnotholomew's rating: 1081 &rarr; <strong>1108</strong><br />(+27 for winning)
|l|☆johnotholomew
|player|p2|
|c|☆LeviPT|good game
