|j|☆xsilver069623
|j|‽RadiantSol
|t:|1779598986
|gametype|singles
|player|p1|xsilver069623|silver|1325
|player|p2|RadiantSol|flint|1335
|gen|9
|tier|[Gen 9] OU
|rated|
|rule|HP Percentage Mod: HP is shown in percentages
|rule|Endless Battle Clause: Forcing endless battles is banned
|rule|Species Clause: Limit one of each Pokémon
|rule|OHKO Clause: OHKO moves are banned
|rule|Evasion Items Clause: Evasion items are banned
|rule|Evasion Moves Clause: Evasion moves are banned
|rule|Evasion Abilities Clause: Evasion abilities are banned
|rule|Sleep Moves Clause: Sleep-inducing moves are banned
|clearpoke
|poke|p1|Volcanion|
|poke|p1|Zoroark-Hisui, M|
|poke|p1|Reuniclus, M|
|poke|p1|Scizor, M|
|poke|p1|Darkrai|
|poke|p1|Kommo-o, F|
|poke|p2|Espeon, F|
|poke|p2|Quagsire, F|
|poke|p2|Goodra-Hisui, F|
|poke|p2|Talonflame, F|
|poke|p2|Ninetales-Alola, F|
|poke|p2|Muk-Alola, F|
|teampreview
|inactive|Battle timer is ON: inactive players will automatically lose when time's up. (requested by xsilver069623)
|
|t:|1779598997
|teamsize|p1|6
|teamsize|p2|6
|start
|switch|p1a: Reuniclus|Reuniclus, M|100/100
|switch|p2a: Talonflame|Talonflame, F|100/100
|turn|1
|
|t:|1779599003
|move|p2a: Talonflame|Taunt|p1a: Reuniclus
|-start|p1a: Reuniclus|move: Taunt
|cant|p1a: Reuniclus|move: Taunt|Reflect
|
|upkeep
|turn|2
|
|t:|1779599010
|switch|p2a: Muk|Muk-Alola, F|100/100
|switch|p1a: Volcanion|Volcanion|100/100
|
|upkeep
|turn|3
|
|t:|1779599017
|move|p1a: Volcanion|Taunt|p2a: Muk
|-start|p2a: Muk|move: Taunt
|move|p2a: Muk|Knock Off|p1a: Volcanion
|-damage|p1a: Volcanion|70/100
|-status|p1a: Volcanion|psn|[from] ability: Poison Touch|[of] p2a: Muk
|-enditem|p1a: Volcanion|Leftovers|[from] move: Knock Off|[of] p2a: Muk
|
|-damage|p1a: Volcanion|58/100 psn|[from] psn
|upkeep
|turn|4
|
|t:|1779599030
|switch|p1a: Scizor|Scizor, M|100/100
|move|p2a: Muk|Knock Off|p1a: Scizor
|-damage|p1a: Scizor|57/100
|-enditem|p1a: Scizor|Heavy-Duty Boots|[from] move: Knock Off|[of] p2a: Muk
|
|upkeep
|turn|5
|
|t:|1779599037
|switch|p2a: Quagsire|Quagsire, F|100/100
|move|p1a: Scizor|U-turn|p2a: Quagsire
|-damage|p2a: Quagsire|71/100
|-damage|p1a: Scizor|40/100|[from] item: Rocky Helmet|[of] p2a: Quagsire
|
|t:|1779599045
|switch|p1a: Kommo-o|Kommo-o, F|100/100|[from] U-turn
|
|upkeep
|turn|6
|
|t:|1779599054
|switch|p1a: Reuniclus|Reuniclus, M|100/100
|move|p2a: Quagsire|Toxic|p1a: Reuniclus
|-status|p1a: Reuniclus|tox
|
|-damage|p1a: Reuniclus|94/100 tox|[from] psn
|upkeep
|turn|7
|
|t:|1779599067
|switch|p2a: Ninetales|Ninetales-Alola, F, shiny|100/100
|-weather|Snowscape|[from] ability: Snow Warning|[of] p2a: Ninetales
|move|p1a: Reuniclus|Reflect|p1a: Reuniclus
|-sidestart|p1: xsilver069623|Reflect
|
|-weather|Snowscape|[upkeep]
|-damage|p1a: Reuniclus|82/100 tox|[from] psn
|upkeep
|turn|8
|
|t:|1779599076
|move|p2a: Ninetales|Aurora Veil|p2a: Ninetales
|-sidestart|p2: RadiantSol|move: Aurora Veil
|move|p1a: Reuniclus|Thunder Wave|p2a: Ninetales
|-status|p2a: Ninetales|par
|
|-weather|Snowscape|[upkeep]
|-damage|p1a: Reuniclus|64/100 tox|[from] psn
|upkeep
|turn|9
|
|t:|1779599083
|switch|p2a: Espeon|Espeon, F, shiny|100/100
|move|p1a: Reuniclus|Light Screen|p1a: Reuniclus
|-sidestart|p1: xsilver069623|move: Light Screen
|
|-weather|Snowscape|[upkeep]
|-damage|p1a: Reuniclus|39/100 tox|[from] psn
|upkeep
|turn|10
|
|t:|1779599090
|switch|p1a: Darkrai|Darkrai|100/100
|move|p2a: Espeon|Substitute|p2a: Espeon
|-start|p2a: Espeon|Substitute
|-damage|p2a: Espeon|76/100
|
|-weather|Snowscape|[upkeep]
|upkeep
|turn|11
|
|t:|1779599103
|move|p1a: Darkrai|Dark Pulse|p2a: Espeon
|-supereffective|p2a: Espeon
|-end|p2a: Espeon|Substitute
|move|p2a: Espeon|Draining Kiss|p1a: Darkrai
|-supereffective|p1a: Darkrai
|-damage|p1a: Darkrai|80/100
|-heal|p2a: Espeon|92/100|[from] drain|[of] p1a: Darkrai
|
|-weather|none
|upkeep
|turn|12
|
|t:|1779599112
|switch|p2a: Muk|Muk-Alola, F|100/100
|move|p1a: Darkrai|Nasty Plot|p1a: Darkrai
|-boost|p1a: Darkrai|spa|2
|
|upkeep
|turn|13
|
|t:|1779599120
|move|p1a: Darkrai|Focus Blast|p2a: Muk
|-damage|p2a: Muk|75/100
|move|p2a: Muk|Knock Off|p1a: Darkrai
|-resisted|p1a: Darkrai
|-damage|p1a: Darkrai|68/100
|-status|p1a: Darkrai|psn|[from] ability: Poison Touch|[of] p2a: Muk
|-enditem|p1a: Darkrai|Expert Belt|[from] move: Knock Off|[of] p2a: Muk
|
|-heal|p2a: Muk|81/100|[from] item: Leftovers
|-damage|p1a: Darkrai|55/100 psn|[from] psn
|upkeep
|turn|14
|
|t:|1779599133
|move|p1a: Darkrai|Focus Blast|p2a: Muk
|-damage|p2a: Muk|56/100
|-unboost|p2a: Muk|spd|1
|move|p2a: Muk|Knock Off|p1a: Darkrai
|-resisted|p1a: Darkrai
|-damage|p1a: Darkrai|47/100 psn
|
|-heal|p2a: Muk|62/100|[from] item: Leftovers
|-damage|p1a: Darkrai|34/100 psn|[from] psn
|-sideend|p1: xsilver069623|Reflect
|upkeep
|turn|15
|
|t:|1779599143
|move|p2a: Muk|Protect|p2a: Muk
|-singleturn|p2a: Muk|Protect
|move|p1a: Darkrai|Focus Blast|p2a: Muk
|-activate|p2a: Muk|move: Protect
|
|-heal|p2a: Muk|68/100|[from] item: Leftovers
|-damage|p1a: Darkrai|22/100 psn|[from] psn
|-sideend|p2: RadiantSol|move: Aurora Veil
|upkeep
|turn|16
|
|t:|1779599156
|move|p1a: Darkrai|Focus Blast|p2a: Muk
|-crit|p2a: Muk
|-damage|p2a: Muk|0 fnt
|faint|p2a: Muk
|
|-damage|p1a: Darkrai|10/100 psn|[from] psn
|-sideend|p1: xsilver069623|move: Light Screen
|upkeep
|
|t:|1779599167
|switch|p2a: Talonflame|Talonflame, F|100/100
|turn|17
|
|t:|1779599176
|switch|p2a: Ninetales|Ninetales-Alola, F, shiny|100/100 par
|-weather|Snowscape|[from] ability: Snow Warning|[of] p2a: Ninetales
|move|p1a: Darkrai|Dark Pulse|p2a: Ninetales
|-resisted|p2a: Ninetales
|-damage|p2a: Ninetales|65/100 par
|
|-weather|Snowscape|[upkeep]
|-damage|p1a: Darkrai|0 fnt|[from] psn
|faint|p1a: Darkrai
|upkeep
|
|t:|1779599195
|switch|p1a: Kommo-o|Kommo-o, F|100/100
|turn|18
|
|t:|1779599199
|-terastallize|p1a: Kommo-o|Steel
|move|p1a: Kommo-o|Clangorous Soul|p1a: Kommo-o
|-boost|p1a: Kommo-o|atk|1
|-boost|p1a: Kommo-o|def|1
|-boost|p1a: Kommo-o|spa|1
|-boost|p1a: Kommo-o|spd|1
|-boost|p1a: Kommo-o|spe|1
|-damage|p1a: Kommo-o|68/100
|move|p2a: Ninetales|Aurora Veil|p2a: Ninetales
|-sidestart|p2: RadiantSol|move: Aurora Veil
|
|-weather|Snowscape|[upkeep]
|upkeep
|turn|19
|
|t:|1779599211
|move|p1a: Kommo-o|Iron Head|p2a: Ninetales
|-supereffective|p2a: Ninetales
|-damage|p2a: Ninetales|0 fnt
|faint|p2a: Ninetales
|
|-weather|Snowscape|[upkeep]
|upkeep
|
|t:|1779599216
|switch|p2a: Talonflame|Talonflame, F|100/100
|turn|20
|
|t:|1779599220
|move|p2a: Talonflame|Will-O-Wisp|p1a: Kommo-o|[miss]
|-miss|p2a: Talonflame|p1a: Kommo-o
|move|p1a: Kommo-o|Scale Shot|p2a: Talonflame
|-damage|p2a: Talonflame|89/100
|-damage|p2a: Talonflame|77/100
|-damage|p2a: Talonflame|66/100
|-damage|p2a: Talonflame|54/100
|-damage|p2a: Talonflame|44/100
|-hitcount|p2a: Talonflame|5
|-unboost|p1a: Kommo-o|def|1
|-boost|p1a: Kommo-o|spe|1
|
|-weather|Snowscape|[upkeep]
|upkeep
|turn|21
|
|t:|1779599233
|move|p1a: Kommo-o|Scale Shot|p2a: Talonflame
|-damage|p2a: Talonflame|33/100
|-damage|p2a: Talonflame|22/100
|-damage|p2a: Talonflame|10/100
|-damage|p2a: Talonflame|0 fnt
|faint|p2a: Talonflame
|-hitcount|p2: Talonflame|4
|-unboost|p1a: Kommo-o|def|1
|-boost|p1a: Kommo-o|spe|1
|
|-weather|none
|upkeep
|
|t:|1779599241
|switch|p2a: Goodra|Goodra-Hisui, F|100/100
|turn|22
|
|t:|1779599247
|move|p1a: Kommo-o|Drain Punch|p2a: Goodra
|-supereffective|p2a: Goodra
|-damage|p2a: Goodra|54/100
|-heal|p1a: Kommo-o|94/100|[from] drain|[of] p2a: Goodra
|move|p2a: Goodra|Earthquake|p1a: Kommo-o
|-supereffective|p1a: Kommo-o
|-damage|p1a: Kommo-o|30/100
|
|upkeep
|turn|23
|
|t:|1779599255
|move|p1a: Kommo-o|Drain Punch|p2a: Goodra
|-supereffective|p2a: Goodra
|-damage|p2a: Goodra|3/100
|-heal|p1a: Kommo-o|59/100|[from] drain|[of] p2a: Goodra
|move|p2a: Goodra|Earthquake|p1a: Kommo-o
|-supereffective|p1a: Kommo-o
|-damage|p1a: Kommo-o|1/100
|
|upkeep
|turn|24
|
|t:|1779599263
|switch|p2a: Quagsire|Quagsire, F|71/100
|move|p1a: Kommo-o|Drain Punch|p2a: Quagsire
|-damage|p2a: Quagsire|58/100
|-heal|p1a: Kommo-o|9/100|[from] drain|[of] p2a: Quagsire
|-damage|p1a: Kommo-o|0 fnt|[from] item: Rocky Helmet|[of] p2a: Quagsire
|faint|p1a: Kommo-o
|
|upkeep
|
|t:|1779599286
|switch|p1a: Volcanion|Volcanion|58/100 psn
|turn|25
|
|t:|1779599294
|switch|p2a: Goodra|Goodra-Hisui, F|3/100
|move|p1a: Volcanion|Taunt|p2a: Goodra
|-start|p2a: Goodra|move: Taunt
|
|-damage|p1a: Volcanion|45/100 psn|[from] psn
|-sideend|p2: RadiantSol|move: Aurora Veil
|upkeep
|turn|26
|
|t:|1779599304
|move|p1a: Volcanion|Flamethrower|p2a: Goodra
|-damage|p2a: Goodra|0 fnt
|faint|p2a: Goodra
|
|-damage|p1a: Volcanion|33/100 psn|[from] psn
|upkeep
|
|t:|1779599307
|switch|p2a: Espeon|Espeon, F, shiny|92/100
|turn|27
|
|t:|1779599313
|move|p2a: Espeon|Calm Mind|p2a: Espeon
|-boost|p2a: Espeon|spa|1
|-boost|p2a: Espeon|spd|1
|move|p1a: Volcanion|Taunt|p2a: Espeon
|move|p2a: Espeon|Taunt|p1a: Volcanion|[from] ability: Magic Bounce
|-start|p1a: Volcanion|move: Taunt
|
|-damage|p1a: Volcanion|20/100 psn|[from] psn
|upkeep
|turn|28
|
|t:|1779599324
|move|p2a: Espeon|Calm Mind|p2a: Espeon
|-boost|p2a: Espeon|spa|1
|-boost|p2a: Espeon|spd|1
|move|p1a: Volcanion|Steam Eruption|p2a: Espeon
|-damage|p2a: Espeon|56/100
|
|-damage|p1a: Volcanion|8/100 psn|[from] psn
|upkeep
|turn|29
|
|t:|1779599336
|move|p2a: Espeon|Draining Kiss|p1a: Volcanion
|-resisted|p1a: Volcanion
|-damage|p1a: Volcanion|0 fnt
|-heal|p2a: Espeon|63/100|[from] drain|[of] p1a: Volcanion
|faint|p1a: Volcanion
|
|upkeep
|
|t:|1779599347
|switch|p1a: Scizor|Scizor, M|40/100
|turn|30
|
|t:|1779599352
|switch|p2a: Quagsire|Quagsire, F|58/100
|move|p1a: Scizor|Bullet Punch|p2a: Quagsire
|-resisted|p2a: Quagsire
|-damage|p2a: Quagsire|47/100
|-damage|p1a: Scizor|23/100|[from] item: Rocky Helmet|[of] p2a: Quagsire
|
|upkeep
|turn|31
|
|t:|1779599361
|switch|p1a: Reuniclus|Reuniclus, M|72/100 tox
|move|p2a: Quagsire|Liquidation|p1a: Reuniclus
|-damage|p1a: Reuniclus|52/100 tox
|
|-damage|p1a: Reuniclus|46/100 tox|[from] psn
|upkeep
|turn|32
|
|t:|1779599368
|move|p2a: Quagsire|Recover|p2a: Quagsire
|-heal|p2a: Quagsire|97/100
|move|p1a: Reuniclus|Light Screen|p1a: Reuniclus
|-sidestart|p1: xsilver069623|move: Light Screen
|
|-damage|p1a: Reuniclus|34/100 tox|[from] psn
|upkeep
|turn|33
|
|t:|1779599377
|move|p2a: Quagsire|Stockpile|p2a: Quagsire
|-start|p2a: Quagsire|stockpile1
|-boost|p2a: Quagsire|def|1
|-boost|p2a: Quagsire|spd|1
|move|p1a: Reuniclus|Future Sight|p2a: Quagsire
|-start|p1a: Reuniclus|move: Future Sight
|
|-damage|p1a: Reuniclus|15/100 tox|[from] psn
|upkeep
|turn|34
|
|t:|1779599385
|switch|p1a: Scizor|Scizor, M|100/100
|move|p2a: Quagsire|Stockpile|p2a: Quagsire
|-start|p2a: Quagsire|stockpile2
|-boost|p2a: Quagsire|def|1
|-boost|p2a: Quagsire|spd|1
|
|upkeep
|turn|35
|
|t:|1779599393
|move|p1a: Scizor|Shadow Ball|p2a: Quagsire
|-damage|p2a: Quagsire|74/100
|move|p2a: Quagsire|Recover|p2a: Quagsire
|-heal|p2a: Quagsire|100/100
|
|-end|p2a: Quagsire|move: Future Sight
|-damage|p2a: Quagsire|70/100
|upkeep
|turn|36
|
|t:|1779599402
|move|p1a: Scizor|Shadow Ball|p2a: Quagsire
|-damage|p2a: Quagsire|43/100
|move|p2a: Quagsire|Recover|p2a: Quagsire
|-heal|p2a: Quagsire|93/100
|
|upkeep
|turn|37
|
|t:|1779599408
|move|p1a: Scizor|Shadow Ball|p2a: Quagsire
|-damage|p2a: Quagsire|65/100
|move|p2a: Quagsire|Stockpile|p2a: Quagsire
|-start|p2a: Quagsire|stockpile3
|-boost|p2a: Quagsire|def|1
|-boost|p2a: Quagsire|spd|1
|
|upkeep
|turn|38
|
|t:|1779599415
|move|p1a: Scizor|Shadow Ball|p2a: Quagsire
|-damage|p2a: Quagsire|45/100
|-unboost|p2a: Quagsire|spd|1
|move|p2a: Quagsire|Toxic|p1a: Scizor
|-status|p1a: Scizor|tox
|
|-damage|p1a: Scizor|95/100 tox|[from] psn
|upkeep
|turn|39
|
|t:|1779599424
|move|p1a: Scizor|Shadow Ball|p2a: Quagsire
|-damage|p2a: Quagsire|22/100
|-unboost|p2a: Quagsire|spd|1
|move|p2a: Quagsire|Recover|p2a: Quagsire
|-heal|p2a: Quagsire|72/100
|
|-damage|p1a: Scizor|83/100 tox|[from] psn
|-sideend|p1: xsilver069623|move: Light Screen
|upkeep
|turn|40
|
|t:|1779599433
|move|p1a: Scizor|Shadow Ball|p2a: Quagsire
|-damage|p2a: Quagsire|38/100
|move|p2a: Quagsire|Recover|p2a: Quagsire
|-heal|p2a: Quagsire|88/100
|
|-damage|p1a: Scizor|65/100 tox|[from] psn
|upkeep
|turn|41
|
|t:|1779599440
|move|p1a: Scizor|Shadow Ball|p2a: Quagsire
|-damage|p2a: Quagsire|54/100
|move|p2a: Quagsire|Recover|p2a: Quagsire
|-heal|p2a: Quagsire|100/100
|
|-damage|p1a: Scizor|41/100 tox|[from] psn
|upkeep
|turn|42
|
|t:|1779599448
|move|p1a: Scizor|Shadow Ball|p2a: Quagsire
|-damage|p2a: Quagsire|68/100
|move|p2a: Quagsire|Liquidation|p1a: Scizor
|-damage|p1a: Scizor|0 fnt
|replace|p1a: Zoroark|Zoroark-Hisui, M
|-end|p1a: Zoroark|Illusion
|faint|p1a: Zoroark
|
|upkeep
|-message|xsilver069623 forfeited.
|
|win|RadiantSol
|raw|xsilver069623's rating: 1325 &rarr; <strong>1306</strong><br />(-19 for losing)
|raw|RadiantSol's rating: 1335 &rarr; <strong>1354</strong><br />(+19 for winning)
|l|☆xsilver069623
|player|p1|
|l|‽RadiantSol
|player|p2|
