|badge|p2|silver|gen9ou|30-9
|uhtml|medal-msg|<div class="broadcast-blue">Curious what those medals under the avatar are? PS now has Ladder Seasons! For more information, check out the <a href="https://www.smogon.com/forums/threads/3740067/">thread on Smogon.</a></div>
|j|☆noob1877
|j|☆helicopyer
|t:|1779568216
|gametype|singles
|player|p1|noob1877|2|1747
|player|p2|helicopyer|#wcop2026canada|1891
|gen|9
|tier|[Gen 9] OU
|rated|
|rule|HP Percentage Mod: HP is shown in percentages
|rule|Endless Battle Clause: Forcing endless battles is banned
|rule|Species Clause: Limit one of each Pokémon
|rule|OHKO Clause: OHKO moves are banned
|rule|Evasion Items Clause: Evasion items are banned
|rule|Evasion Moves Clause: Evasion moves are banned
|rule|Evasion Abilities Clause: Evasion abilities are banned
|rule|Sleep Moves Clause: Sleep-inducing moves are banned
|clearpoke
|poke|p1|Gliscor, M|
|poke|p1|Great Tusk|
|poke|p1|Empoleon, F|
|poke|p1|Zamazenta-*|
|poke|p1|Pecharunt|
|poke|p1|Kingambit, F|
|poke|p2|Gholdengo|
|poke|p2|Walking Wake|
|poke|p2|Samurott-Hisui, F|
|poke|p2|Ting-Lu|
|poke|p2|Dragonite, F|
|poke|p2|Pecharunt|
|teampreview
|
|t:|1779568243
|teamsize|p1|6
|teamsize|p2|6
|start
|switch|p1a: Zamazenta|Zamazenta|100/100
|switch|p2a: Walking Wake|Walking Wake|100/100
|-ability|p1a: Zamazenta|Dauntless Shield|boost
|-boost|p1a: Zamazenta|def|1
|turn|1
|
|t:|1779568257
|-end|p2a: Walking Wake|Protosynthesis|[silent]
|switch|p2a: Dragonite|Dragonite, F|100/100
|move|p1a: Zamazenta|Close Combat|p2a: Dragonite
|-resisted|p2a: Dragonite
|-damage|p2a: Dragonite|85/100
|-unboost|p1a: Zamazenta|def|1
|-unboost|p1a: Zamazenta|spd|1
|-damage|p1a: Zamazenta|91/100|[from] item: Life Orb
|
|upkeep
|turn|2
|
|t:|1779568264
|switch|p2a: Pecharunt|Pecharunt|100/100
|move|p1a: Zamazenta|Stone Edge|p2a: Pecharunt
|-damage|p2a: Pecharunt|73/100
|-damage|p1a: Zamazenta|81/100|[from] item: Life Orb
|
|upkeep
|turn|3
|
|t:|1779568269
|switch|p1a: Empoleon|Empoleon, F|100/100
|move|p2a: Pecharunt|Recover|p2a: Pecharunt
|-heal|p2a: Pecharunt|100/100
|
|upkeep
|turn|4
|
|t:|1779568272
|switch|p2a: Samurott|Samurott-Hisui, F|100/100
|move|p1a: Empoleon|Stealth Rock|p2a: Samurott
|-sidestart|p2: helicopyer|move: Stealth Rock
|
|upkeep
|turn|5
|
|t:|1779568276
|switch|p1a: Zamazenta|Zamazenta|81/100
|move|p2a: Samurott|Ceaseless Edge|p1a: Zamazenta
|-resisted|p1a: Zamazenta
|-damage|p1a: Zamazenta|61/100
|-sidestart|p1: noob1877|Spikes
|
|upkeep
|turn|6
|
|t:|1779568289
|move|p1a: Zamazenta|Close Combat|p2a: Samurott
|-supereffective|p2a: Samurott
|-damage|p2a: Samurott|0 fnt
|-unboost|p1a: Zamazenta|def|1
|-unboost|p1a: Zamazenta|spd|1
|faint|p2a: Samurott
|-damage|p1a: Zamazenta|52/100|[from] item: Life Orb
|
|upkeep
|
|t:|1779568293
|switch|p2a: Gholdengo|Gholdengo|100/100
|-damage|p2a: Gholdengo|94/100|[from] Stealth Rock
|turn|7
|
|t:|1779568300
|move|p2a: Gholdengo|Shadow Ball|p1a: Zamazenta
|-damage|p1a: Zamazenta|0 fnt
|faint|p1a: Zamazenta
|
|upkeep
|
|t:|1779568309
|switch|p1a: Gliscor|Gliscor, M|100/100
|turn|8
|
|t:|1779568315
|switch|p2a: Dragonite|Dragonite, F|85/100
|move|p1a: Gliscor|Toxic|p2a: Dragonite|[miss]
|-miss|p1a: Gliscor|p2a: Dragonite
|
|-status|p1a: Gliscor|tox|[from] item: Toxic Orb
|upkeep
|turn|9
|
|t:|1779568319
|move|p1a: Gliscor|Toxic|p2a: Dragonite
|-status|p2a: Dragonite|tox
|move|p2a: Dragonite|Dragon Tail|p1a: Gliscor
|-damage|p1a: Gliscor|73/100 tox
|drag|p1a: Empoleon|Empoleon, F|100/100
|-damage|p1a: Empoleon|88/100|[from] Spikes
|
|-damage|p2a: Dragonite|79/100 tox|[from] psn
|upkeep
|turn|10
|
|t:|1779568328
|move|p2a: Dragonite|Low Kick|p1a: Empoleon
|-supereffective|p1a: Empoleon
|-damage|p1a: Empoleon|46/100
|move|p1a: Empoleon|Air Slash|p2a: Dragonite|[miss]
|-miss|p1a: Empoleon|p2a: Dragonite
|
|-damage|p2a: Dragonite|67/100 tox|[from] psn
|upkeep
|turn|11
|
|t:|1779568332
|switch|p2a: Ting-Lu|Ting-Lu|100/100
|-damage|p2a: Ting-Lu|94/100|[from] Stealth Rock
|-ability|p2a: Ting-Lu|Vessel of Ruin
|move|p1a: Empoleon|Roost|p1a: Empoleon
|-heal|p1a: Empoleon|96/100
|-singleturn|p1a: Empoleon|move: Roost
|
|-heal|p2a: Ting-Lu|100/100|[from] item: Leftovers
|upkeep
|turn|12
|
|t:|1779568335
|move|p1a: Empoleon|Surf|p2a: Ting-Lu
|-supereffective|p2a: Ting-Lu
|-damage|p2a: Ting-Lu|71/100
|move|p2a: Ting-Lu|Stealth Rock|p1a: Empoleon
|-sidestart|p1: noob1877|move: Stealth Rock
|
|-heal|p2a: Ting-Lu|77/100|[from] item: Leftovers
|upkeep
|turn|13
|
|t:|1779568344
|move|p1a: Empoleon|Surf|p2a: Ting-Lu
|-supereffective|p2a: Ting-Lu
|-crit|p2a: Ting-Lu
|-damage|p2a: Ting-Lu|36/100
|move|p2a: Ting-Lu|Ruination|p1a: Empoleon
|-damage|p1a: Empoleon|48/100
|
|-heal|p2a: Ting-Lu|42/100|[from] item: Leftovers
|upkeep
|turn|14
|j| FaronAan
|
|t:|1779568347
|move|p1a: Empoleon|Surf|p2a: Ting-Lu
|-supereffective|p2a: Ting-Lu
|-damage|p2a: Ting-Lu|13/100
|move|p2a: Ting-Lu|Earthquake|p1a: Empoleon
|-supereffective|p1a: Empoleon
|-enditem|p1a: Empoleon|Shuca Berry|[eat]
|-enditem|p1a: Empoleon|Shuca Berry|[weaken]
|-damage|p1a: Empoleon|22/100
|
|-heal|p2a: Ting-Lu|19/100|[from] item: Leftovers
|upkeep
|turn|15
|
|t:|1779568352
|move|p1a: Empoleon|Surf|p2a: Ting-Lu
|-supereffective|p2a: Ting-Lu
|-damage|p2a: Ting-Lu|0 fnt
|faint|p2a: Ting-Lu
|
|upkeep
|
|t:|1779568363
|switch|p2a: Gholdengo|Gholdengo|94/100
|-damage|p2a: Gholdengo|88/100|[from] Stealth Rock
|turn|16
|
|t:|1779568366
|move|p2a: Gholdengo|Shadow Ball|p1a: Empoleon
|-damage|p1a: Empoleon|0 fnt
|faint|p1a: Empoleon
|
|upkeep
|
|t:|1779568375
|switch|p1a: Kingambit|Kingambit, F|100/100
|-damage|p1a: Kingambit|88/100|[from] Spikes
|-damage|p1a: Kingambit|82/100|[from] Stealth Rock
|-activate|p1a: Kingambit|ability: Supreme Overlord
|-start|p1a: Kingambit|fallen2|[silent]
|turn|17
|
|t:|1779568379
|switch|p2a: Dragonite|Dragonite, F|67/100 tox
|move|p1a: Kingambit|Kowtow Cleave|p2a: Dragonite
|-damage|p2a: Dragonite|11/100 tox
|
|-heal|p1a: Kingambit|88/100|[from] item: Leftovers
|-damage|p2a: Dragonite|5/100 tox|[from] psn
|upkeep
|turn|18
|
|t:|1779568385
|move|p1a: Kingambit|Sucker Punch||[still]
|-fail|p1a: Kingambit
|move|p2a: Dragonite|Roost|p2a: Dragonite
|-heal|p2a: Dragonite|55/100 tox
|-singleturn|p2a: Dragonite|move: Roost
|
|-heal|p1a: Kingambit|94/100|[from] item: Leftovers
|-damage|p2a: Dragonite|43/100 tox|[from] psn
|upkeep
|turn|19
|
|t:|1779568388
|move|p1a: Kingambit|Sucker Punch||[still]
|-fail|p1a: Kingambit
|move|p2a: Dragonite|Roost|p2a: Dragonite
|-heal|p2a: Dragonite|93/100 tox
|-singleturn|p2a: Dragonite|move: Roost
|
|-heal|p1a: Kingambit|100/100|[from] item: Leftovers
|-damage|p2a: Dragonite|75/100 tox|[from] psn
|upkeep
|turn|20
|
|t:|1779568393
|-end|p1a: Kingambit|fallen2|[silent]
|switch|p1a: Gliscor|Gliscor, M|73/100 tox
|-damage|p1a: Gliscor|61/100 tox|[from] Stealth Rock
|move|p2a: Dragonite|Dragon Tail|p1a: Gliscor
|-damage|p1a: Gliscor|35/100 tox
|drag|p1a: Great Tusk|Great Tusk|100/100
|-damage|p1a: Great Tusk|88/100|[from] Spikes
|-damage|p1a: Great Tusk|85/100|[from] Stealth Rock
|
|-damage|p2a: Dragonite|51/100 tox|[from] psn
|upkeep
|turn|21
|
|t:|1779568400
|switch|p2a: Pecharunt|Pecharunt|100/100
|move|p1a: Great Tusk|Knock Off|p2a: Pecharunt
|-supereffective|p2a: Pecharunt
|-damage|p2a: Pecharunt|60/100
|-enditem|p2a: Pecharunt|Heavy-Duty Boots|[from] move: Knock Off|[of] p1a: Great Tusk
|
|upkeep
|turn|22
|
|t:|1779568405
|move|p2a: Pecharunt|Recover|p2a: Pecharunt
|-heal|p2a: Pecharunt|100/100
|move|p1a: Great Tusk|Headlong Rush|p2a: Pecharunt
|-supereffective|p2a: Pecharunt
|-damage|p2a: Pecharunt|34/100
|-unboost|p1a: Great Tusk|def|1
|-unboost|p1a: Great Tusk|spd|1
|
|upkeep
|turn|23
|
|t:|1779568408
|move|p2a: Pecharunt|Shadow Ball|p1a: Great Tusk
|-damage|p1a: Great Tusk|60/100
|move|p1a: Great Tusk|Headlong Rush|p2a: Pecharunt
|-supereffective|p2a: Pecharunt
|-damage|p2a: Pecharunt|0 fnt
|-unboost|p1a: Great Tusk|def|1
|-unboost|p1a: Great Tusk|spd|1
|faint|p2a: Pecharunt
|
|upkeep
|
|t:|1779568412
|switch|p2a: Walking Wake|Walking Wake|100/100
|turn|24
|
|t:|1779568430
|move|p2a: Walking Wake|Surf|p1a: Great Tusk
|-supereffective|p1a: Great Tusk
|-damage|p1a: Great Tusk|0 fnt
|faint|p1a: Great Tusk
|-end|p1a: Great Tusk|Protosynthesis|[silent]
|
|upkeep
|
|t:|1779568436
|switch|p1a: Pecharunt|Pecharunt|100/100
|-damage|p1a: Pecharunt|88/100|[from] Stealth Rock
|-item|p1a: Pecharunt|Air Balloon
|turn|25
|
|t:|1779568442
|move|p2a: Walking Wake|Flip Turn|p1a: Pecharunt
|-damage|p1a: Pecharunt|77/100
|-enditem|p1a: Pecharunt|Air Balloon
|
|t:|1779568445
|-end|p2a: Walking Wake|Protosynthesis|[silent]
|switch|p2a: Gholdengo|Gholdengo|88/100|[from] Flip Turn
|-damage|p2a: Gholdengo|82/100|[from] Stealth Rock
|move|p1a: Pecharunt|Shadow Ball|p2a: Gholdengo
|-supereffective|p2a: Gholdengo
|-damage|p2a: Gholdengo|7/100
|
|upkeep
|turn|26
|
|t:|1779568449
|switch|p1a: Gliscor|Gliscor, M|35/100 tox
|-damage|p1a: Gliscor|23/100 tox|[from] Stealth Rock
|move|p2a: Gholdengo|Make It Rain|p1a: Gliscor
|-crit|p1a: Gliscor
|-damage|p1a: Gliscor|0 fnt
|-unboost|p2a: Gholdengo|spa|1
|faint|p1a: Gliscor
|
|upkeep
|
|t:|1779568452
|switch|p1a: Kingambit|Kingambit, F|100/100
|-damage|p1a: Kingambit|88/100|[from] Spikes
|-damage|p1a: Kingambit|82/100|[from] Stealth Rock
|-activate|p1a: Kingambit|ability: Supreme Overlord
|-start|p1a: Kingambit|fallen4|[silent]
|turn|27
|
|t:|1779568455
|switch|p2a: Dragonite|Dragonite, F|51/100 tox
|move|p1a: Kingambit|Sucker Punch||[still]
|-fail|p1a: Kingambit
|
|-heal|p1a: Kingambit|88/100|[from] item: Leftovers
|-damage|p2a: Dragonite|45/100 tox|[from] psn
|upkeep
|turn|28
|j| kanaete onegai
|
|t:|1779568460
|move|p1a: Kingambit|Sucker Punch|p2a: Dragonite
|-damage|p2a: Dragonite|0 fnt
|faint|p2a: Dragonite
|
|-heal|p1a: Kingambit|94/100|[from] item: Leftovers
|upkeep
|
|t:|1779568463
|switch|p2a: Walking Wake|Walking Wake|100/100
|turn|29
|
|t:|1779568478
|-terastallize|p2a: Walking Wake|Water
|-terastallize|p1a: Kingambit|Dark
|move|p2a: Walking Wake|Surf|p1a: Kingambit
|-damage|p1a: Kingambit|35/100
|move|p1a: Kingambit|Kowtow Cleave|p2a: Walking Wake
|-damage|p2a: Walking Wake|0 fnt
|faint|p2a: Walking Wake
|-end|p2a: Walking Wake|Protosynthesis|[silent]
|
|-heal|p1a: Kingambit|41/100|[from] item: Leftovers
|upkeep
|
|t:|1779568483
|switch|p2a: Gholdengo|Gholdengo|7/100
|-damage|p2a: Gholdengo|1/100|[from] Stealth Rock
|turn|30
|
|t:|1779568489
|move|p1a: Kingambit|Sucker Punch||[still]
|-fail|p1a: Kingambit
|move|p2a: Gholdengo|Trick|p1a: Kingambit
|-activate|p2a: Gholdengo|move: Trick|[of] p1a: Kingambit
|-item|p1a: Kingambit|Choice Scarf|[from] move: Trick
|-item|p2a: Gholdengo|Leftovers|[from] move: Trick
|
|-heal|p2a: Gholdengo|7/100|[from] item: Leftovers
|upkeep
|turn|31
|
|t:|1779568495
|move|p2a: Gholdengo|Recover|p2a: Gholdengo
|-heal|p2a: Gholdengo|58/100
|move|p1a: Kingambit|Kowtow Cleave|p2a: Gholdengo
|-supereffective|p2a: Gholdengo
|-crit|p2a: Gholdengo
|-damage|p2a: Gholdengo|0 fnt
|faint|p2a: Gholdengo
|
|win|noob1877
|raw|noob1877's rating: 1747 &rarr; <strong>1775</strong><br />(+28 for winning)
|raw|helicopyer's rating: 1891 &rarr; <strong>1863</strong><br />(-28 for losing)
|l|☆noob1877
|player|p1|
|l|☆helicopyer
|player|p2|
|l| FaronAan
|j| umtofly
|l| umtofly
