|j|☆Kn0wnR4bbit
|j|☆pokylemon
|t:|1779678491
|gametype|singles
|player|p1|Kn0wnR4bbit|waiter-gen4|1021
|player|p2|pokylemon|266|1015
|gen|9
|tier|[Gen 9] OU
|rated|
|rule|HP Percentage Mod: HP is shown in percentages
|rule|Endless Battle Clause: Forcing endless battles is banned
|rule|Species Clause: Limit one of each Pokémon
|rule|OHKO Clause: OHKO moves are banned
|rule|Evasion Items Clause: Evasion items are banned
|rule|Evasion Moves Clause: Evasion moves are banned
|rule|Evasion Abilities Clause: Evasion abilities are banned
|rule|Sleep Moves Clause: Sleep-inducing moves are banned
|clearpoke
|poke|p1|Corviknight, M|
|poke|p1|Blaziken, M|
|poke|p1|Hatterene, F|
|poke|p1|Muk-Alola, M|
|poke|p1|Mudsdale, M|
|poke|p1|Tauros-Paldea-Aqua, M|
|poke|p2|Landorus-Therian, M|
|poke|p2|Alomomola, M|
|poke|p2|Skeledirge, F|
|poke|p2|Slowking-Galar, F|
|poke|p2|Regieleki|
|poke|p2|Zapdos-Galar|
|teampreview
|inactive|Battle timer is ON: inactive players will automatically lose when time's up. (requested by pokylemon)
|
|t:|1779678515
|teamsize|p1|6
|teamsize|p2|6
|start
|switch|p1a: Mudsdale|Mudsdale, M|100/100
|switch|p2a: Maybe I'm a Lion|Landorus-Therian, M|100/100
|-ability|p2a: Maybe I'm a Lion|Intimidate|boost
|-unboost|p1a: Mudsdale|atk|1
|turn|1
|
|t:|1779678530
|move|p2a: Maybe I'm a Lion|Stealth Rock|p1a: Mudsdale
|-sidestart|p1: Kn0wnR4bbit|move: Stealth Rock
|move|p1a: Mudsdale|Iron Head|p2a: Maybe I'm a Lion
|-damage|p2a: Maybe I'm a Lion|84/100
|
|-heal|p2a: Maybe I'm a Lion|90/100|[from] item: Leftovers
|upkeep
|turn|2
|
|t:|1779678545
|move|p2a: Maybe I'm a Lion|U-turn|p1a: Mudsdale
|-damage|p1a: Mudsdale|74/100
|-ability|p1a: Mudsdale|Stamina|boost
|-boost|p1a: Mudsdale|def|1
|inactive|pokylemon has 120 seconds left.
|
|t:|1779678569
|switch|p2a: Fish Fear Me|Alomomola, M|100/100|[from] U-turn
|move|p1a: Mudsdale|Iron Head|p2a: Fish Fear Me
|-resisted|p2a: Fish Fear Me
|-damage|p2a: Fish Fear Me|96/100
|
|upkeep
|turn|3
|
|t:|1779678581
|move|p1a: Mudsdale|Earthquake|p2a: Fish Fear Me
|-damage|p2a: Fish Fear Me|82/100
|move|p2a: Fish Fear Me|Scald|p1a: Mudsdale
|-supereffective|p1a: Mudsdale
|-damage|p1a: Mudsdale|46/100
|-ability|p1a: Mudsdale|Stamina|boost
|-boost|p1a: Mudsdale|def|1
|
|upkeep
|turn|4
|inactive|pokylemon has 120 seconds left.
|
|t:|1779678613
|move|p1a: Mudsdale|Earthquake|p2a: Fish Fear Me
|-damage|p2a: Fish Fear Me|68/100
|move|p2a: Fish Fear Me|Scald|p1a: Mudsdale
|-supereffective|p1a: Mudsdale
|-damage|p1a: Mudsdale|16/100
|-ability|p1a: Mudsdale|Stamina|boost
|-boost|p1a: Mudsdale|def|1
|
|upkeep
|turn|5
|
|t:|1779678622
|move|p1a: Mudsdale|Rest|p1a: Mudsdale
|-status|p1a: Mudsdale|slp|[from] move: Rest
|-heal|p1a: Mudsdale|100/100 slp|[silent]
|-enditem|p1a: Mudsdale|Chesto Berry|[eat]
|-curestatus|p1a: Mudsdale|slp|[msg]
|move|p2a: Fish Fear Me|Scald|p1a: Mudsdale
|-supereffective|p1a: Mudsdale
|-damage|p1a: Mudsdale|71/100
|-ability|p1a: Mudsdale|Stamina|boost
|-boost|p1a: Mudsdale|def|1
|
|upkeep
|turn|6
|inactive|pokylemon has 120 seconds left.
|
|t:|1779678634
|move|p1a: Mudsdale|Body Press|p2a: Fish Fear Me
|-crit|p2a: Fish Fear Me
|-damage|p2a: Fish Fear Me|21/100
|move|p2a: Fish Fear Me|Scald|p1a: Mudsdale
|-supereffective|p1a: Mudsdale
|-damage|p1a: Mudsdale|41/100
|-status|p1a: Mudsdale|brn
|-ability|p1a: Mudsdale|Stamina|boost
|-boost|p1a: Mudsdale|def|1
|
|-damage|p1a: Mudsdale|35/100 brn|[from] brn
|upkeep
|turn|7
|inactive|pokylemon has 120 seconds left.
|inactive|Kn0wnR4bbit has 120 seconds left.
|
|t:|1779678671
|switch|p2a: The Croc is Lava|Skeledirge, F|100/100
|move|p1a: Mudsdale|Rest|p1a: Mudsdale
|-status|p1a: Mudsdale|slp|[from] move: Rest
|-heal|p1a: Mudsdale|100/100 slp|[silent]
|
|upkeep
|turn|8
|inactive|Kn0wnR4bbit has 120 seconds left.
|
|t:|1779678696
|cant|p1a: Mudsdale|slp
|move|p2a: The Croc is Lava|Hex|p1a: Mudsdale
|-damage|p1a: Mudsdale|49/100 slp
|-ability|p1a: Mudsdale|Stamina|boost
|-boost|p1a: Mudsdale|def|1
|
|upkeep
|turn|9
|
|t:|1779678704
|cant|p1a: Mudsdale|slp
|move|p2a: The Croc is Lava|Hex|p1a: Mudsdale
|-damage|p1a: Mudsdale|0 fnt
|faint|p1a: Mudsdale
|
|upkeep
|inactive|Kn0wnR4bbit has 120 seconds left.
|
|t:|1779678715
|switch|p1a: Muk|Muk-Alola, M|100/100
|-damage|p1a: Muk|88/100|[from] Stealth Rock
|turn|10
|inactive|Kn0wnR4bbit has 120 seconds left.
|
|t:|1779678732
|switch|p2a: Maybe I'm a Lion|Landorus-Therian, M|90/100
|-ability|p2a: Maybe I'm a Lion|Intimidate|boost
|-unboost|p1a: Muk|atk|1
|move|p1a: Muk|Knock Off|p2a: Maybe I'm a Lion
|-damage|p2a: Maybe I'm a Lion|62/100
|-status|p2a: Maybe I'm a Lion|psn|[from] ability: Poison Touch|[of] p1a: Muk
|-enditem|p2a: Maybe I'm a Lion|Leftovers|[from] move: Knock Off|[of] p1a: Muk
|
|-damage|p2a: Maybe I'm a Lion|50/100 psn|[from] psn
|upkeep
|turn|11
|inactive|Kn0wnR4bbit has 120 seconds left.
|inactive|Kn0wnR4bbit has 90 seconds left.
|
|t:|1779678772
|switch|p1a: Blaziken|Blaziken, M|100/100
|-damage|p1a: Blaziken|88/100|[from] Stealth Rock
|-item|p1a: Blaziken|Air Balloon
|move|p2a: Maybe I'm a Lion|U-turn|p1a: Blaziken
|-resisted|p1a: Blaziken
|-damage|p1a: Blaziken|80/100
|-enditem|p1a: Blaziken|Air Balloon
|inactive|pokylemon has 90 seconds left.
|
|t:|1779678796
|switch|p2a: Zip Zap|Regieleki|100/100|[from] U-turn
|
|upkeep
|turn|12
|inactive|pokylemon has 90 seconds left.
|inactive|Kn0wnR4bbit has 90 seconds left.
|
|t:|1779678821
|move|p2a: Zip Zap|Volt Switch|p1a: Blaziken
|-damage|p1a: Blaziken|23/100
|inactive|pokylemon has 90 seconds left.
|
|t:|1779678829
|switch|p2a: Fish Fear Me|Alomomola, M|54/100|[from] Volt Switch
|move|p1a: Blaziken|Swords Dance|p1a: Blaziken
|-boost|p1a: Blaziken|atk|2
|
|-ability|p1a: Blaziken|Speed Boost|boost
|-boost|p1a: Blaziken|spe|1
|upkeep
|turn|13
|inactive|Kn0wnR4bbit has 90 seconds left.
|inactive|pokylemon has 90 seconds left.
|
|t:|1779678842
|switch|p2a: The Croc is Lava|Skeledirge, F|100/100
|move|p1a: Blaziken|Brick Break|p2a: The Croc is Lava
|-immune|p2a: The Croc is Lava
|
|-ability|p1a: Blaziken|Speed Boost|boost
|-boost|p1a: Blaziken|spe|1
|upkeep
|turn|14
|
|t:|1779678848
|move|p1a: Blaziken|Acrobatics|p2a: The Croc is Lava
|-damage|p2a: The Croc is Lava|74/100
|move|p2a: The Croc is Lava|Hex|p1a: Blaziken
|-damage|p1a: Blaziken|0 fnt
|faint|p1a: Blaziken
|
|upkeep
|-message|Kn0wnR4bbit forfeited.
|
|win|pokylemon
|raw|Kn0wnR4bbit's rating: 1021 &rarr; <strong>1008</strong><br />(-13 for losing)
|raw|pokylemon's rating: 1015 &rarr; <strong>1053</strong><br />(+38 for winning)
|l|☆Kn0wnR4bbit
|player|p1|
