|j|☆itkenreiza
|j|☆banjo guro
|t:|1779707401
|gametype|singles
|player|p1|itkenreiza|102|1388
|player|p2|banjo guro|erika|1420
|gen|9
|tier|[Gen 9] OU
|rated|
|rule|HP Percentage Mod: HP is shown in percentages
|rule|Endless Battle Clause: Forcing endless battles is banned
|rule|Species Clause: Limit one of each Pokémon
|rule|OHKO Clause: OHKO moves are banned
|rule|Evasion Items Clause: Evasion items are banned
|rule|Evasion Moves Clause: Evasion moves are banned
|rule|Evasion Abilities Clause: Evasion abilities are banned
|rule|Sleep Moves Clause: Sleep-inducing moves are banned
|clearpoke
|poke|p1|Cryogonal|
|poke|p1|Darkrai|
|poke|p1|Ogerpon, F|
|poke|p1|Iron Crown|
|poke|p1|Dragapult, M|
|poke|p1|Ribombee, F|
|poke|p2|Garganacl, M|
|poke|p2|Mimikyu, M|
|poke|p2|Chimecho, F|
|poke|p2|Serperior, F|
|poke|p2|Polteageist|
|poke|p2|Maushold|
|teampreview
|inactive|Battle timer is ON: inactive players will automatically lose when time's up. (requested by itkenreiza)
|
|t:|1779707410
|teamsize|p1|6
|teamsize|p2|6
|start
|switch|p1a: Ogerpon|Ogerpon, F|100/100
|switch|p2a: Maushold|Maushold|100/100
|turn|1
|
|t:|1779707422
|switch|p1a: Dragapult|Dragapult, M|100/100
|move|p2a: Maushold|Population Bomb|p1a: Dragapult
|-immune|p1a: Dragapult
|
|upkeep
|turn|2
|
|t:|1779707429
|move|p1a: Dragapult|U-turn|p2a: Maushold
|-damage|p2a: Maushold|44/100
|
|t:|1779707435
|switch|p1a: Iron Crown|Iron Crown|100/100|[from] U-turn
|-enditem|p1a: Iron Crown|Booster Energy
|-activate|p1a: Iron Crown|ability: Quark Drive|[fromitem]
|-start|p1a: Iron Crown|quarkdrivespe
|move|p2a: Maushold|Shadow Claw|p1a: Iron Crown
|-supereffective|p1a: Iron Crown
|-damage|p1a: Iron Crown|66/100
|
|upkeep
|turn|3
|
|t:|1779707449
|switch|p2a: Polteageist|Polteageist|100/100
|move|p1a: Iron Crown|Tachyon Cutter|p2a: Polteageist
|-damage|p2a: Polteageist|74/100
|-damage|p2a: Polteageist|45/100
|-hitcount|p2a: Polteageist|2
|
|upkeep
|turn|4
|
|t:|1779707464
|switch|p2a: Garganacl|Garganacl, M|100/100
|move|p1a: Iron Crown|Tachyon Cutter|p2a: Garganacl
|-supereffective|p2a: Garganacl
|-damage|p2a: Garganacl|62/100
|-supereffective|p2a: Garganacl
|-damage|p2a: Garganacl|22/100
|-hitcount|p2a: Garganacl|2
|
|-heal|p2a: Garganacl|29/100|[from] item: Leftovers
|upkeep
|turn|5
|
|t:|1779707473
|move|p1a: Iron Crown|Tachyon Cutter|p2a: Garganacl
|-supereffective|p2a: Garganacl
|-damage|p2a: Garganacl|0 fnt
|faint|p2a: Garganacl
|-hitcount|p2: Garganacl|1
|
|upkeep
|
|t:|1779707475
|switch|p2a: Serperior|Serperior, F|100/100
|turn|6
|
|t:|1779707482
|move|p1a: Iron Crown|Tachyon Cutter|p2a: Serperior
|-damage|p2a: Serperior|79/100
|-damage|p2a: Serperior|60/100
|-hitcount|p2a: Serperior|2
|move|p2a: Serperior|Glare|p1a: Iron Crown
|-status|p1a: Iron Crown|par
|
|-heal|p2a: Serperior|66/100|[from] item: Leftovers
|upkeep
|turn|7
|
|t:|1779707511
|move|p2a: Serperior|Leech Seed|p1a: Iron Crown
|-start|p1a: Iron Crown|move: Leech Seed
|move|p1a: Iron Crown|Tachyon Cutter|p2a: Serperior
|-damage|p2a: Serperior|44/100
|-damage|p2a: Serperior|24/100
|-hitcount|p2a: Serperior|2
|
|-heal|p2a: Serperior|30/100|[from] item: Leftovers
|-damage|p1a: Iron Crown|54/100 par|[from] Leech Seed|[of] p2a: Serperior
|-heal|p2a: Serperior|42/100|[silent]
|upkeep
|turn|8
|
|t:|1779707534
|move|p2a: Serperior|Leaf Storm|p1a: Iron Crown
|-resisted|p1a: Iron Crown
|-damage|p1a: Iron Crown|38/100 par
|-boost|p2a: Serperior|spa|2
|move|p1a: Iron Crown|Tachyon Cutter|p2a: Serperior
|-damage|p2a: Serperior|20/100
|-damage|p2a: Serperior|0 fnt
|faint|p2a: Serperior
|-hitcount|p2: Serperior|2
|
|upkeep
|
|t:|1779707545
|switch|p2a: Chimecho|Chimecho, F|100/100
|turn|9
|
|t:|1779707549
|-terastallize|p2a: Chimecho|Electric
|move|p1a: Iron Crown|Tachyon Cutter|p2a: Chimecho
|-resisted|p2a: Chimecho
|-damage|p2a: Chimecho|87/100
|-resisted|p2a: Chimecho
|-damage|p2a: Chimecho|73/100
|-hitcount|p2a: Chimecho|2
|move|p2a: Chimecho|Cosmic Power|p2a: Chimecho
|-boost|p2a: Chimecho|def|1
|-boost|p2a: Chimecho|spd|1
|
|-heal|p2a: Chimecho|79/100|[from] item: Leftovers
|-damage|p1a: Iron Crown|25/100 par|[from] Leech Seed|[of] p2a: Chimecho
|-heal|p2a: Chimecho|93/100|[silent]
|upkeep
|turn|10
|
|t:|1779707557
|-end|p1a: Iron Crown|Quark Drive|[silent]
|switch|p1a: Cry or Mog|Cryogonal|100/100
|move|p2a: Chimecho|Cosmic Power|p2a: Chimecho
|-boost|p2a: Chimecho|def|1
|-boost|p2a: Chimecho|spd|1
|
|-heal|p2a: Chimecho|99/100|[from] item: Leftovers
|upkeep
|turn|11
|
|t:|1779707564
|move|p1a: Cry or Mog|Haze|p1a: Cry or Mog
|-clearallboost
|move|p2a: Chimecho|Stored Power|p1a: Cry or Mog
|-damage|p1a: Cry or Mog|96/100
|
|-heal|p2a: Chimecho|100/100|[from] item: Leftovers
|upkeep
|turn|12
|
|t:|1779707568
|move|p1a: Cry or Mog|Freeze-Dry|p2a: Chimecho
|-damage|p2a: Chimecho|70/100
|-status|p2a: Chimecho|frz
|-curestatus|p2a: Chimecho|frz|[msg]
|move|p2a: Chimecho|Cosmic Power|p2a: Chimecho
|-boost|p2a: Chimecho|def|1
|-boost|p2a: Chimecho|spd|1
|
|-heal|p2a: Chimecho|76/100|[from] item: Leftovers
|upkeep
|turn|13
|
|t:|1779707572
|move|p1a: Cry or Mog|Haze|p1a: Cry or Mog
|-clearallboost
|move|p2a: Chimecho|Charge Beam|p1a: Cry or Mog
|-damage|p1a: Cry or Mog|81/100
|-boost|p2a: Chimecho|spa|1
|
|-heal|p2a: Chimecho|83/100|[from] item: Leftovers
|upkeep
|turn|14
|
|t:|1779707579
|move|p1a: Cry or Mog|Freeze-Dry|p2a: Chimecho
|-damage|p2a: Chimecho|54/100
|move|p2a: Chimecho|Cosmic Power|p2a: Chimecho
|-boost|p2a: Chimecho|def|1
|-boost|p2a: Chimecho|spd|1
|
|-heal|p2a: Chimecho|60/100|[from] item: Leftovers
|upkeep
|turn|15
|
|t:|1779707583
|move|p1a: Cry or Mog|Haze|p1a: Cry or Mog
|-clearallboost
|move|p2a: Chimecho|Recover|p2a: Chimecho
|-heal|p2a: Chimecho|100/100
|
|upkeep
|turn|16
|
|t:|1779707589
|move|p1a: Cry or Mog|Freeze-Dry|p2a: Chimecho
|-damage|p2a: Chimecho|68/100
|-status|p2a: Chimecho|frz
|cant|p2a: Chimecho|frz
|
|-heal|p2a: Chimecho|74/100 frz|[from] item: Leftovers
|upkeep
|turn|17
|
|t:|1779707600
|switch|p1a: Ogerpon|Ogerpon, F|100/100
|cant|p2a: Chimecho|frz
|
|-heal|p2a: Chimecho|80/100 frz|[from] item: Leftovers
|upkeep
|turn|18
|
|t:|1779707605
|move|p1a: Ogerpon|Ivy Cudgel|p2a: Chimecho
|-damage|p2a: Chimecho|3/100 frz
|cant|p2a: Chimecho|frz
|
|-heal|p2a: Chimecho|9/100 frz|[from] item: Leftovers
|upkeep
|turn|19
|-message|banjo guro forfeited.
|
|win|itkenreiza
|raw|itkenreiza's rating: 1388 &rarr; <strong>1410</strong><br />(+22 for winning)
|raw|banjo guro's rating: 1420 &rarr; <strong>1398</strong><br />(-22 for losing)
|l|☆banjo guro
|player|p2|
|l|☆itkenreiza
|player|p1|
