|j|☆PokeBlaze17
|j|☆xiaohui001
|t:|1779654320
|gametype|singles
|player|p1|PokeBlaze17|cheren-gen5bw2|1173
|player|p2|xiaohui001|nate|1150
|gen|9
|tier|[Gen 9] OU
|rated|
|rule|HP Percentage Mod: HP is shown in percentages
|rule|Endless Battle Clause: Forcing endless battles is banned
|rule|Species Clause: Limit one of each Pokémon
|rule|OHKO Clause: OHKO moves are banned
|rule|Evasion Items Clause: Evasion items are banned
|rule|Evasion Moves Clause: Evasion moves are banned
|rule|Evasion Abilities Clause: Evasion abilities are banned
|rule|Sleep Moves Clause: Sleep-inducing moves are banned
|clearpoke
|poke|p1|Decidueye-Hisui, M|
|poke|p1|Inteleon, F|
|poke|p1|Porygon-Z|
|poke|p1|Revavroom, M|
|poke|p1|Cinderace, F|
|poke|p1|Weezing-Galar, M|
|poke|p2|Mienshao, M|
|poke|p2|Garganacl, F|
|poke|p2|Gliscor, F|
|poke|p2|Breloom, F|
|poke|p2|Heatran, F|
|poke|p2|Rotom-Wash|
|teampreview
|inactive|Battle timer is ON: inactive players will automatically lose when time's up. (requested by PokeBlaze17)
|
|t:|1779654334
|teamsize|p1|6
|teamsize|p2|6
|start
|switch|p1a: Decidueye|Decidueye-Hisui, M, shiny|100/100
|switch|p2a: Mienshao|Mienshao, M|100/100
|turn|1
|
|t:|1779654343
|move|p2a: Mienshao|Fake Out|p1a: Decidueye
|-damage|p1a: Decidueye|78/100
|-damage|p2a: Mienshao|91/100|[from] item: Life Orb
|cant|p1a: Decidueye|flinch
|
|upkeep
|turn|2
|
|t:|1779654350
|move|p2a: Mienshao|High Jump Kick|p1a: Decidueye|[miss]
|-miss|p2a: Mienshao|p1a: Decidueye
|-damage|p2a: Mienshao|41/100|[from] highjumpkick
|move|p1a: Decidueye|Tailwind|p1a: Decidueye
|-sidestart|p1: PokeBlaze17|move: Tailwind
|
|upkeep
|turn|3
|
|t:|1779654361
|switch|p2a: Heatran|Heatran, F|100/100
|move|p1a: Decidueye|Triple Arrows|p2a: Heatran
|-supereffective|p2a: Heatran
|-damage|p2a: Heatran|0 fnt
|faint|p2a: Heatran
|-damage|p1a: Decidueye|68/100|[from] item: Life Orb
|
|upkeep
|
|t:|1779654373
|switch|p2a: Rotom|Rotom-Wash|100/100
|turn|4
|
|t:|1779654379
|move|p1a: Decidueye|Triple Arrows|p2a: Rotom
|-damage|p2a: Rotom|22/100
|-unboost|p2a: Rotom|def|1
|-damage|p1a: Decidueye|59/100|[from] item: Life Orb
|move|p2a: Rotom|Will-O-Wisp|p1a: Decidueye
|-status|p1a: Decidueye|brn
|
|-heal|p2a: Rotom|29/100|[from] item: Leftovers
|-damage|p1a: Decidueye|53/100 brn|[from] brn
|upkeep
|turn|5
|
|t:|1779654391
|switch|p2a: Gliscor|Gliscor, F|100/100
|move|p1a: Decidueye|Triple Arrows|p2a: Gliscor
|-resisted|p2a: Gliscor
|-damage|p2a: Gliscor|85/100
|-unboost|p2a: Gliscor|def|1
|-damage|p1a: Decidueye|43/100 brn|[from] item: Life Orb
|
|-damage|p1a: Decidueye|37/100 brn|[from] brn
|-sideend|p1: PokeBlaze17|move: Tailwind
|-status|p2a: Gliscor|tox|[from] item: Toxic Orb
|upkeep
|turn|6
|
|t:|1779654405
|move|p2a: Gliscor|Substitute|p2a: Gliscor
|-start|p2a: Gliscor|Substitute
|-damage|p2a: Gliscor|61/100 tox
|move|p1a: Decidueye|Tailwind|p1a: Decidueye
|-sidestart|p1: PokeBlaze17|move: Tailwind
|
|-heal|p2a: Gliscor|73/100 tox|[from] ability: Poison Heal
|-damage|p1a: Decidueye|31/100 brn|[from] brn
|upkeep
|turn|7
|
|t:|1779654416
|move|p2a: Gliscor|Protect|p2a: Gliscor
|-singleturn|p2a: Gliscor|Protect
|move|p1a: Decidueye|Triple Arrows|p2a: Gliscor
|-activate|p2a: Gliscor|move: Protect
|
|-heal|p2a: Gliscor|85/100 tox|[from] ability: Poison Heal
|-damage|p1a: Decidueye|25/100 brn|[from] brn
|upkeep
|turn|8
|
|t:|1779654427
|switch|p1a: Weezing|Weezing-Galar, M, shiny|100/100
|-fieldstart|move: Misty Terrain|[from] ability: Misty Surge|[of] p1a: Weezing
|move|p2a: Gliscor|Substitute|p2a: Gliscor
|-fail|p2a: Gliscor|move: Substitute
|
|-heal|p2a: Gliscor|98/100 tox|[from] ability: Poison Heal
|upkeep
|turn|9
|
|t:|1779654437
|move|p2a: Gliscor|Protect|p2a: Gliscor
|-singleturn|p2a: Gliscor|Protect
|move|p1a: Weezing|Stockpile|p1a: Weezing
|-start|p1a: Weezing|stockpile1
|-boost|p1a: Weezing|def|1
|-boost|p1a: Weezing|spd|1
|
|-heal|p2a: Gliscor|100/100 tox|[from] ability: Poison Heal
|-sideend|p1: PokeBlaze17|move: Tailwind
|upkeep
|turn|10
|
|t:|1779654447
|move|p2a: Gliscor|Toxic|p1a: Weezing
|-immune|p1a: Weezing
|move|p1a: Weezing|Stockpile|p1a: Weezing
|-start|p1a: Weezing|stockpile2
|-boost|p1a: Weezing|def|1
|-boost|p1a: Weezing|spd|1
|
|upkeep
|turn|11
|
|t:|1779654457
|move|p2a: Gliscor|Earthquake|p1a: Weezing
|-supereffective|p1a: Weezing
|-damage|p1a: Weezing|64/100
|move|p1a: Weezing|Stockpile|p1a: Weezing
|-start|p1a: Weezing|stockpile3
|-boost|p1a: Weezing|def|1
|-boost|p1a: Weezing|spd|1
|
|upkeep
|turn|12
|
|t:|1779654467
|switch|p1a: Revavroom|Revavroom, M, shiny|100/100
|-item|p1a: Revavroom|Air Balloon
|move|p2a: Gliscor|Earthquake|p1a: Revavroom
|-immune|p1a: Revavroom
|
|upkeep
|turn|13
|
|t:|1779654486
|move|p2a: Gliscor|Toxic|p1a: Revavroom
|-immune|p1a: Revavroom
|move|p1a: Revavroom|Shift Gear|p1a: Revavroom
|-boost|p1a: Revavroom|spe|2
|-boost|p1a: Revavroom|atk|1
|
|upkeep
|turn|14
|
|t:|1779654498
|switch|p2a: Mienshao|Mienshao, M|74/100
|move|p1a: Revavroom|Iron Head|p2a: Mienshao
|-damage|p2a: Mienshao|0 fnt
|faint|p2a: Mienshao
|
|upkeep
|
|t:|1779654506
|switch|p2a: Breloom|Breloom, F|100/100
|turn|15
|
|t:|1779654511
|move|p2a: Breloom|Mach Punch|p1a: Revavroom
|-crit|p1a: Revavroom
|-damage|p1a: Revavroom|45/100
|-enditem|p1a: Revavroom|Air Balloon
|move|p1a: Revavroom|Gunk Shot|p2a: Breloom
|-supereffective|p2a: Breloom
|-damage|p2a: Breloom|0 fnt
|faint|p2a: Breloom
|
|-fieldend|Misty Terrain
|upkeep
|
|t:|1779654523
|switch|p2a: Gliscor|Gliscor, F|100/100 tox
|turn|16
|
|t:|1779654531
|move|p1a: Revavroom|Iron Head|p2a: Gliscor
|-damage|p2a: Gliscor|37/100 tox
|cant|p2a: Gliscor|flinch
|
|-heal|p2a: Gliscor|50/100 tox|[from] ability: Poison Heal
|upkeep
|turn|17
|
|t:|1779654539
|move|p2a: Gliscor|Protect|p2a: Gliscor
|-singleturn|p2a: Gliscor|Protect
|move|p1a: Revavroom|Shift Gear|p1a: Revavroom
|-boost|p1a: Revavroom|spe|2
|-boost|p1a: Revavroom|atk|1
|
|-heal|p2a: Gliscor|62/100 tox|[from] ability: Poison Heal
|upkeep
|turn|18
|
|t:|1779654552
|move|p1a: Revavroom|Iron Head|p2a: Gliscor
|-damage|p2a: Gliscor|0 fnt
|faint|p2a: Gliscor
|
|upkeep
|
|t:|1779654558
|switch|p2a: Garganacl|Garganacl, F|100/100
|turn|19
|
|t:|1779654563
|move|p1a: Revavroom|Iron Head|p2a: Garganacl
|-supereffective|p2a: Garganacl
|-damage|p2a: Garganacl|2/100
|move|p2a: Garganacl|Salt Cure|p1a: Revavroom
|-resisted|p1a: Revavroom
|-damage|p1a: Revavroom|36/100
|-start|p1a: Revavroom|Salt Cure
|
|-heal|p2a: Garganacl|8/100|[from] item: Leftovers
|-damage|p1a: Revavroom|11/100|[from] Salt Cure
|upkeep
|turn|20
|
|t:|1779654574
|move|p2a: Garganacl|Protect|p2a: Garganacl
|-singleturn|p2a: Garganacl|Protect
|move|p1a: Revavroom|Iron Head|p2a: Garganacl
|-activate|p2a: Garganacl|move: Protect
|
|-heal|p2a: Garganacl|14/100|[from] item: Leftovers
|-damage|p1a: Revavroom|0 fnt|[from] Salt Cure
|faint|p1a: Revavroom
|upkeep
|
|t:|1779654585
|switch|p1a: Inteleon|Inteleon, F, shiny|100/100
|turn|21
|
|t:|1779654590
|switch|p2a: Rotom|Rotom-Wash|29/100
|move|p1a: Inteleon|Snipe Shot|p2a: Rotom
|-resisted|p2a: Rotom
|-damage|p2a: Rotom|4/100
|
|-heal|p2a: Rotom|10/100|[from] item: Leftovers
|upkeep
|turn|22
|
|t:|1779654603
|move|p1a: Inteleon|Snipe Shot|p2a: Rotom
|-resisted|p2a: Rotom
|-crit|p2a: Rotom
|-damage|p2a: Rotom|0 fnt
|faint|p2a: Rotom
|
|upkeep
|
|t:|1779654609
|switch|p2a: Garganacl|Garganacl, F|14/100
|turn|23
|
|t:|1779654613
|-terastallize|p2a: Garganacl|Fairy
|move|p1a: Inteleon|Snipe Shot|p2a: Garganacl
|-crit|p2a: Garganacl
|-damage|p2a: Garganacl|0 fnt
|faint|p2a: Garganacl
|
|win|PokeBlaze17
|raw|PokeBlaze17's rating: 1173 &rarr; <strong>1196</strong><br />(+23 for winning)
|raw|xiaohui001's rating: 1150 &rarr; <strong>1127</strong><br />(-23 for losing)
|l|☆xiaohui001
|player|p2|
|l|☆PokeBlaze17
|player|p1|
