|j|☆Jus4funsies
|j|‽kerom.pk
|t:|1779588850
|gametype|singles
|player|p1|Jus4funsies|teamrocket|1632
|player|p2|kerom.pk|169|1584
|gen|9
|tier|[Gen 9] OU
|rated|
|rule|HP Percentage Mod: HP is shown in percentages
|rule|Endless Battle Clause: Forcing endless battles is banned
|rule|Species Clause: Limit one of each Pokémon
|rule|OHKO Clause: OHKO moves are banned
|rule|Evasion Items Clause: Evasion items are banned
|rule|Evasion Moves Clause: Evasion moves are banned
|rule|Evasion Abilities Clause: Evasion abilities are banned
|rule|Sleep Moves Clause: Sleep-inducing moves are banned
|clearpoke
|poke|p1|Samurott-Hisui, M|
|poke|p1|Gholdengo|
|poke|p1|Great Tusk|
|poke|p1|Raging Bolt|
|poke|p1|Dragonite, M|
|poke|p1|Kingambit, F|
|poke|p2|Clodsire, M|
|poke|p2|Alomomola, M|
|poke|p2|Hydrapple, F|
|poke|p2|Meowscarada, M|
|poke|p2|Primarina, F|
|poke|p2|Weezing-Galar, M|
|teampreview
|inactive|Battle timer is ON: inactive players will automatically lose when time's up. (requested by kerom.pk)
|
|t:|1779588861
|teamsize|p1|6
|teamsize|p2|6
|start
|switch|p1a: Shamiqua|Samurott-Hisui, M|100/100
|switch|p2a: Meowscarada|Meowscarada, M|100/100
|turn|1
|
|t:|1779588869
|switch|p2a: Alomomola|Alomomola, M|100/100
|switch|p1a: Tyrone|Great Tusk|100/100
|
|upkeep
|turn|2
|
|t:|1779588880
|-end|p1a: Tyrone|Protosynthesis|[silent]
|switch|p1a: Shamiqua|Samurott-Hisui, M|100/100
|move|p2a: Alomomola|Flip Turn|p1a: Shamiqua
|-resisted|p1a: Shamiqua
|-damage|p1a: Shamiqua|89/100
|
|t:|1779588883
|switch|p2a: Meowscarada|Meowscarada, M|100/100|[from] Flip Turn
|
|upkeep
|turn|3
|
|t:|1779588888
|move|p2a: Meowscarada|U-turn|p1a: Shamiqua
|-start|p2a: Meowscarada|typechange|Bug|[from] ability: Protean
|-supereffective|p1a: Shamiqua
|-damage|p1a: Shamiqua|0 fnt
|faint|p1a: Shamiqua
|
|t:|1779588895
|switch|p2a: Hydrapple|Hydrapple, F|100/100|[from] U-turn
|
|upkeep
|
|t:|1779588901
|switch|p1a: Cinna-Mon|Gholdengo|100/100
|-item|p1a: Cinna-Mon|Air Balloon
|turn|4
|
|t:|1779588905
|move|p1a: Cinna-Mon|Nasty Plot|p1a: Cinna-Mon
|-boost|p1a: Cinna-Mon|spa|2
|move|p2a: Hydrapple|Fickle Beam|p1a: Cinna-Mon
|-resisted|p1a: Cinna-Mon
|-damage|p1a: Cinna-Mon|69/100
|-enditem|p1a: Cinna-Mon|Air Balloon
|
|upkeep
|turn|5
|
|t:|1779588910
|switch|p2a: Clodsire|Clodsire, M|100/100
|move|p1a: Cinna-Mon|Make It Rain|p2a: Clodsire
|-damage|p2a: Clodsire|59/100
|-unboost|p1a: Cinna-Mon|spa|1
|
|-heal|p2a: Clodsire|65/100|[from] item: Leftovers
|upkeep
|turn|6
|
|t:|1779588918
|-terastallize|p1a: Cinna-Mon|Flying
|move|p1a: Cinna-Mon|Nasty Plot|p1a: Cinna-Mon
|-boost|p1a: Cinna-Mon|spa|2
|move|p2a: Clodsire|Recover|p2a: Clodsire
|-heal|p2a: Clodsire|100/100
|
|upkeep
|turn|7
|
|t:|1779588921
|move|p1a: Cinna-Mon|Nasty Plot|p1a: Cinna-Mon
|-boost|p1a: Cinna-Mon|spa|2
|move|p2a: Clodsire|Curse|p2a: Clodsire
|-unboost|p2a: Clodsire|spe|1
|-boost|p2a: Clodsire|atk|1
|-boost|p2a: Clodsire|def|1
|
|upkeep
|turn|8
|
|t:|1779588931
|move|p1a: Cinna-Mon|Shadow Ball|p2a: Clodsire
|-damage|p2a: Clodsire|76/100
|move|p2a: Clodsire|Curse|p2a: Clodsire
|-unboost|p2a: Clodsire|spe|1
|-boost|p2a: Clodsire|atk|1
|-boost|p2a: Clodsire|def|1
|
|-heal|p2a: Clodsire|82/100|[from] item: Leftovers
|upkeep
|turn|9
|
|t:|1779588939
|move|p1a: Cinna-Mon|Shadow Ball|p2a: Clodsire
|-damage|p2a: Clodsire|54/100
|-unboost|p2a: Clodsire|spd|1
|move|p2a: Clodsire|Curse|p2a: Clodsire
|-unboost|p2a: Clodsire|spe|1
|-boost|p2a: Clodsire|atk|1
|-boost|p2a: Clodsire|def|1
|
|-heal|p2a: Clodsire|60/100|[from] item: Leftovers
|upkeep
|turn|10
|
|t:|1779588944
|move|p1a: Cinna-Mon|Shadow Ball|p2a: Clodsire
|-damage|p2a: Clodsire|18/100
|move|p2a: Clodsire|Recover|p2a: Clodsire
|-heal|p2a: Clodsire|68/100
|
|-heal|p2a: Clodsire|75/100|[from] item: Leftovers
|upkeep
|turn|11
|
|t:|1779588949
|move|p1a: Cinna-Mon|Shadow Ball|p2a: Clodsire
|-damage|p2a: Clodsire|37/100
|move|p2a: Clodsire|Recover|p2a: Clodsire
|-heal|p2a: Clodsire|87/100
|
|-heal|p2a: Clodsire|94/100|[from] item: Leftovers
|upkeep
|turn|12
|
|t:|1779588960
|move|p1a: Cinna-Mon|Shadow Ball|p2a: Clodsire
|-damage|p2a: Clodsire|54/100
|move|p2a: Clodsire|Poison Jab|p1a: Cinna-Mon
|-damage|p1a: Cinna-Mon|9/100
|
|-heal|p2a: Clodsire|60/100|[from] item: Leftovers
|upkeep
|turn|13
|
|t:|1779588983
|switch|p2a: Alomomola|Alomomola, M|100/100
|move|p1a: Cinna-Mon|Make It Rain|p2a: Alomomola
|-resisted|p2a: Alomomola
|-damage|p2a: Alomomola|1/100
|-unboost|p1a: Cinna-Mon|spa|1
|
|upkeep
|turn|14
|c|☆Jus4funsies|smh
|
|t:|1779588994
|move|p1a: Cinna-Mon|Recover|p1a: Cinna-Mon
|-heal|p1a: Cinna-Mon|60/100
|move|p2a: Alomomola|Flip Turn|p1a: Cinna-Mon
|-damage|p1a: Cinna-Mon|40/100
|
|t:|1779588996
|switch|p2a: Clodsire|Clodsire, M|60/100|[from] Flip Turn
|
|-heal|p2a: Clodsire|66/100|[from] item: Leftovers
|upkeep
|turn|15
|
|t:|1779589001
|move|p1a: Cinna-Mon|Recover|p1a: Cinna-Mon
|-heal|p1a: Cinna-Mon|90/100
|move|p2a: Clodsire|Recover|p2a: Clodsire
|-heal|p2a: Clodsire|100/100
|
|upkeep
|turn|16
|
|t:|1779589003
|move|p1a: Cinna-Mon|Shadow Ball|p2a: Clodsire
|-damage|p2a: Clodsire|75/100
|-unboost|p2a: Clodsire|spd|1
|move|p2a: Clodsire|Curse|p2a: Clodsire
|-unboost|p2a: Clodsire|spe|1
|-boost|p2a: Clodsire|atk|1
|-boost|p2a: Clodsire|def|1
|
|-heal|p2a: Clodsire|82/100|[from] item: Leftovers
|upkeep
|turn|17
|
|t:|1779589007
|switch|p2a: Alomomola|Alomomola, M|34/100
|move|p1a: Cinna-Mon|Shadow Ball|p2a: Alomomola
|-damage|p2a: Alomomola|0 fnt
|faint|p2a: Alomomola
|
|upkeep
|
|t:|1779589009
|switch|p2a: Clodsire|Clodsire, M|82/100
|turn|18
|
|t:|1779589014
|move|p1a: Cinna-Mon|Shadow Ball|p2a: Clodsire
|-damage|p2a: Clodsire|55/100
|move|p2a: Clodsire|Poison Jab|p1a: Cinna-Mon
|-damage|p1a: Cinna-Mon|64/100
|-status|p1a: Cinna-Mon|psn
|
|-heal|p2a: Clodsire|61/100|[from] item: Leftovers
|-damage|p1a: Cinna-Mon|52/100 psn|[from] psn
|upkeep
|turn|19
|
|t:|1779589019
|move|p1a: Cinna-Mon|Shadow Ball|p2a: Clodsire
|-damage|p2a: Clodsire|34/100
|move|p2a: Clodsire|Curse|p2a: Clodsire
|-unboost|p2a: Clodsire|spe|1
|-boost|p2a: Clodsire|atk|1
|-boost|p2a: Clodsire|def|1
|
|-heal|p2a: Clodsire|40/100|[from] item: Leftovers
|-damage|p1a: Cinna-Mon|40/100 psn|[from] psn
|upkeep
|turn|20
|
|t:|1779589031
|move|p1a: Cinna-Mon|Recover|p1a: Cinna-Mon
|-heal|p1a: Cinna-Mon|90/100 psn
|move|p2a: Clodsire|Recover|p2a: Clodsire
|-heal|p2a: Clodsire|90/100
|
|-heal|p2a: Clodsire|96/100|[from] item: Leftovers
|-damage|p1a: Cinna-Mon|77/100 psn|[from] psn
|upkeep
|turn|21
|
|t:|1779589034
|move|p1a: Cinna-Mon|Shadow Ball|p2a: Clodsire
|-damage|p2a: Clodsire|71/100
|-unboost|p2a: Clodsire|spd|1
|move|p2a: Clodsire|Curse|p2a: Clodsire
|-unboost|p2a: Clodsire|spe|1
|-boost|p2a: Clodsire|atk|1
|-boost|p2a: Clodsire|def|1
|
|-heal|p2a: Clodsire|78/100|[from] item: Leftovers
|-damage|p1a: Cinna-Mon|65/100 psn|[from] psn
|upkeep
|turn|22
|
|t:|1779589038
|move|p1a: Cinna-Mon|Shadow Ball|p2a: Clodsire
|-damage|p2a: Clodsire|41/100
|-unboost|p2a: Clodsire|spd|1
|move|p2a: Clodsire|Poison Jab|p1a: Cinna-Mon
|-damage|p1a: Cinna-Mon|16/100 psn
|
|-heal|p2a: Clodsire|47/100|[from] item: Leftovers
|-damage|p1a: Cinna-Mon|4/100 psn|[from] psn
|upkeep
|turn|23
|
|t:|1779589050
|move|p1a: Cinna-Mon|Make It Rain|p2a: Clodsire
|-damage|p2a: Clodsire|0 fnt
|-unboost|p1a: Cinna-Mon|spa|1
|faint|p2a: Clodsire
|
|-damage|p1a: Cinna-Mon|0 fnt|[from] psn
|faint|p1a: Cinna-Mon
|upkeep
|
|t:|1779589063
|switch|p1a: Daddy long neck|Raging Bolt|100/100
|switch|p2a: Meowscarada|Meowscarada, M|100/100
|-enditem|p1a: Daddy long neck|Booster Energy
|-activate|p1a: Daddy long neck|ability: Protosynthesis|[fromitem]
|-start|p1a: Daddy long neck|protosynthesisspa
|turn|24
|
|t:|1779589070
|-end|p1a: Daddy long neck|Protosynthesis|[silent]
|switch|p1a: WE WUZ|Kingambit, F|100/100
|-activate|p1a: WE WUZ|ability: Supreme Overlord
|-start|p1a: WE WUZ|fallen2|[silent]
|move|p2a: Meowscarada|Triple Axel|p1a: WE WUZ
|-start|p2a: Meowscarada|typechange|Ice|[from] ability: Protean
|-resisted|p1a: WE WUZ
|-damage|p1a: WE WUZ|95/100
|-resisted|p1a: WE WUZ
|-damage|p1a: WE WUZ|82/100
|-resisted|p1a: WE WUZ
|-damage|p1a: WE WUZ|65/100
|-hitcount|p1a: WE WUZ|3
|
|upkeep
|turn|25
|
|t:|1779589084
|switch|p2a: Hydrapple|Hydrapple, F|100/100
|move|p1a: WE WUZ|Iron Head|p2a: Hydrapple
|-damage|p2a: Hydrapple|57/100
|
|upkeep
|turn|26
|inactive|Jus4funsies has 120 seconds left.
|
|t:|1779589121
|move|p1a: WE WUZ|Swords Dance|p1a: WE WUZ
|-boost|p1a: WE WUZ|atk|2
|move|p2a: Hydrapple|Earth Power|p1a: WE WUZ
|-supereffective|p1a: WE WUZ
|-damage|p1a: WE WUZ|0 fnt
|faint|p1a: WE WUZ
|-end|p1a: WE WUZ|fallen2|[silent]
|
|upkeep
|
|t:|1779589129
|switch|p1a: Tyrone|Great Tusk|100/100
|turn|27
|j| dalty dalty dalty
|
|t:|1779589139
|switch|p2a: Primarina|Primarina, F|100/100
|move|p1a: Tyrone|Rapid Spin|p2a: Primarina
|-damage|p2a: Primarina|87/100
|-boost|p1a: Tyrone|spe|1
|
|-heal|p2a: Primarina|93/100|[from] item: Leftovers
|upkeep
|turn|28
|
|t:|1779589143
|-end|p1a: Tyrone|Protosynthesis|[silent]
|switch|p1a: Daddy long neck|Raging Bolt|100/100
|move|p2a: Primarina|Moonblast|p1a: Daddy long neck
|-supereffective|p1a: Daddy long neck
|-damage|p1a: Daddy long neck|19/100
|-unboost|p1a: Daddy long neck|spa|1
|
|-heal|p2a: Primarina|99/100|[from] item: Leftovers
|upkeep
|turn|29
|
|t:|1779589147
|move|p1a: Daddy long neck|Thunderbolt|p2a: Primarina
|-supereffective|p2a: Primarina
|-damage|p2a: Primarina|45/100
|move|p2a: Primarina|Moonblast|p1a: Daddy long neck
|-supereffective|p1a: Daddy long neck
|-damage|p1a: Daddy long neck|0 fnt
|faint|p1a: Daddy long neck
|-end|p1a: Daddy long neck|Protosynthesis|[silent]
|
|-heal|p2a: Primarina|51/100|[from] item: Leftovers
|upkeep
|
|t:|1779589150
|switch|p1a: DragoniGG|Dragonite, M|100/100
|turn|30
|
|t:|1779589157
|move|p1a: DragoniGG|Earthquake|p2a: Primarina
|-damage|p2a: Primarina|16/100
|move|p2a: Primarina|Moonblast|p1a: DragoniGG
|-supereffective|p1a: DragoniGG
|-damage|p1a: DragoniGG|57/100
|
|-heal|p2a: Primarina|22/100|[from] item: Leftovers
|upkeep
|turn|31
|
|t:|1779589160
|move|p1a: DragoniGG|Dragon Dance|p1a: DragoniGG
|-boost|p1a: DragoniGG|atk|1
|-boost|p1a: DragoniGG|spe|1
|move|p2a: Primarina|Moonblast|p1a: DragoniGG
|-supereffective|p1a: DragoniGG
|-damage|p1a: DragoniGG|0 fnt
|faint|p1a: DragoniGG
|
|-heal|p2a: Primarina|28/100|[from] item: Leftovers
|upkeep
|-message|Jus4funsies forfeited.
|
|win|kerom.pk
|raw|Jus4funsies's rating: 1632 &rarr; <strong>1609</strong><br />(-23 for losing)
|raw|kerom.pk's rating: 1584 &rarr; <strong>1607</strong><br />(+23 for winning)
|l|☆Jus4funsies
|player|p1|
|l|‽kerom.pk
|player|p2|
