|j|☆KnightKnaveSpy
|j|☆dfih
|t:|1779693644
|gametype|singles
|player|p1|KnightKnaveSpy|265|1444
|player|p2|dfih|cynthia-masters4|1398
|gen|9
|tier|[Gen 9] OU
|rated|
|rule|HP Percentage Mod: HP is shown in percentages
|rule|Endless Battle Clause: Forcing endless battles is banned
|rule|Species Clause: Limit one of each Pokémon
|rule|OHKO Clause: OHKO moves are banned
|rule|Evasion Items Clause: Evasion items are banned
|rule|Evasion Moves Clause: Evasion moves are banned
|rule|Evasion Abilities Clause: Evasion abilities are banned
|rule|Sleep Moves Clause: Sleep-inducing moves are banned
|clearpoke
|poke|p1|Samurott-Hisui, F|
|poke|p1|Blaziken, F|
|poke|p1|Kingambit, M|
|poke|p1|Raging Bolt|
|poke|p1|Ogerpon-Wellspring, F|
|poke|p1|Greninja-*, M|
|poke|p2|Braviary-Hisui, M|
|poke|p2|Zamazenta-*|
|poke|p2|Raging Bolt|
|poke|p2|Hatterene, F|
|poke|p2|Gholdengo|
|poke|p2|Darkrai|
|teampreview
|
|t:|1779693648
|teamsize|p1|6
|teamsize|p2|6
|start
|switch|p1a: Samurott|Samurott-Hisui, F|100/100
|switch|p2a: Zamazenta|Zamazenta|100/100
|-ability|p2a: Zamazenta|Dauntless Shield|boost
|-boost|p2a: Zamazenta|def|1
|turn|1
|
|t:|1779693662
|move|p2a: Zamazenta|Close Combat|p1a: Samurott
|-supereffective|p1a: Samurott
|-enditem|p1a: Samurott|Focus Sash
|-damage|p1a: Samurott|1/100
|-unboost|p2a: Zamazenta|def|1
|-unboost|p2a: Zamazenta|spd|1
|move|p1a: Samurott|Ceaseless Edge|p2a: Zamazenta
|-resisted|p2a: Zamazenta
|-damage|p2a: Zamazenta|82/100
|-sidestart|p2: dfih|Spikes
|
|upkeep
|turn|2
|
|t:|1779693675
|move|p1a: Samurott|Aqua Jet|p2a: Zamazenta
|-damage|p2a: Zamazenta|67/100
|move|p2a: Zamazenta|Light Screen|p2a: Zamazenta
|-sidestart|p2: dfih|move: Light Screen
|
|upkeep
|turn|3
|
|t:|1779693684
|move|p1a: Samurott|Aqua Jet|p2a: Zamazenta
|-damage|p2a: Zamazenta|53/100
|move|p2a: Zamazenta|Close Combat|p1a: Samurott
|-supereffective|p1a: Samurott
|-damage|p1a: Samurott|0 fnt
|-unboost|p2a: Zamazenta|def|1
|-unboost|p2a: Zamazenta|spd|1
|faint|p1a: Samurott
|
|upkeep
|
|t:|1779693693
|switch|p1a: Raging Bolt|Raging Bolt|100/100
|-item|p1a: Raging Bolt|Air Balloon
|turn|4
|
|t:|1779693698
|move|p2a: Zamazenta|Reflect|p2a: Zamazenta
|-sidestart|p2: dfih|Reflect
|move|p1a: Raging Bolt|Thunderbolt|p2a: Zamazenta
|-damage|p2a: Zamazenta|10/100
|
|upkeep
|turn|5
|
|t:|1779693703
|move|p1a: Raging Bolt|Thunderclap|p2a: Zamazenta
|-damage|p2a: Zamazenta|0 fnt
|faint|p2a: Zamazenta
|
|upkeep
|
|t:|1779693724
|switch|p2a: Darkrai|Darkrai|100/100
|-damage|p2a: Darkrai|88/100|[from] Spikes
|turn|6
|
|t:|1779693728
|-end|p1a: Raging Bolt|Protosynthesis|[silent]
|switch|p1a: Blaziken|Blaziken, F|100/100
|move|p2a: Darkrai|Nasty Plot|p2a: Darkrai
|-boost|p2a: Darkrai|spa|2
|
|-heal|p2a: Darkrai|94/100|[from] item: Leftovers
|upkeep
|turn|7
|
|t:|1779693737
|-terastallize|p2a: Darkrai|Poison
|move|p1a: Blaziken|Detect|p1a: Blaziken
|-singleturn|p1a: Blaziken|Protect
|move|p2a: Darkrai|Sludge Bomb|p1a: Blaziken
|-activate|p1a: Blaziken|move: Protect
|
|-heal|p2a: Darkrai|99/100|[from] item: Leftovers
|-ability|p1a: Blaziken|Speed Boost|boost
|-boost|p1a: Blaziken|spe|1
|upkeep
|turn|8
|
|t:|1779693749
|switch|p1a: Kingambit|Kingambit, M|100/100
|-activate|p1a: Kingambit|ability: Supreme Overlord
|-start|p1a: Kingambit|fallen1|[silent]
|move|p2a: Darkrai|Sludge Bomb|p1a: Kingambit
|-immune|p1a: Kingambit
|
|-heal|p2a: Darkrai|100/100|[from] item: Leftovers
|upkeep
|turn|9
|
|t:|1779693753
|-end|p1a: Kingambit|fallen1|[silent]
|switch|p1a: Blaziken|Blaziken, F|100/100
|move|p2a: Darkrai|Ice Beam|p1a: Blaziken
|-resisted|p1a: Blaziken
|-damage|p1a: Blaziken|50/100
|
|-heal|p1a: Blaziken|56/100|[from] item: Leftovers
|-sideend|p2: dfih|move: Light Screen
|upkeep
|turn|10
|
|t:|1779693759
|move|p1a: Blaziken|Detect|p1a: Blaziken
|-singleturn|p1a: Blaziken|Protect
|move|p2a: Darkrai|Dark Pulse|p1a: Blaziken
|-activate|p1a: Blaziken|move: Protect
|
|-heal|p1a: Blaziken|62/100|[from] item: Leftovers
|-ability|p1a: Blaziken|Speed Boost|boost
|-boost|p1a: Blaziken|spe|1
|upkeep
|turn|11
|
|t:|1779693767
|move|p1a: Blaziken|Flare Blitz|p2a: Darkrai
|-damage|p2a: Darkrai|60/100
|-damage|p1a: Blaziken|49/100|[from] Recoil
|move|p2a: Darkrai|Sludge Bomb|p1a: Blaziken
|-damage|p1a: Blaziken|0 fnt
|faint|p1a: Blaziken
|
|-heal|p2a: Darkrai|66/100|[from] item: Leftovers
|-sideend|p2: dfih|Reflect
|upkeep
|
|t:|1779693773
|switch|p1a: Kingambit|Kingambit, M|100/100
|-activate|p1a: Kingambit|ability: Supreme Overlord
|-start|p1a: Kingambit|fallen2|[silent]
|turn|12
|
|t:|1779693786
|switch|p2a: Raging Bolt|Raging Bolt|100/100
|-damage|p2a: Raging Bolt|88/100|[from] Spikes
|-enditem|p2a: Raging Bolt|Booster Energy
|-activate|p2a: Raging Bolt|ability: Protosynthesis|[fromitem]
|-start|p2a: Raging Bolt|protosynthesisspa
|move|p1a: Kingambit|Kowtow Cleave|p2a: Raging Bolt
|-damage|p2a: Raging Bolt|19/100
|
|upkeep
|turn|13
|
|t:|1779693795
|move|p2a: Raging Bolt|Thunderclap|p1a: Kingambit
|-damage|p1a: Kingambit|54/100
|move|p1a: Kingambit|Kowtow Cleave|p2a: Raging Bolt
|-damage|p2a: Raging Bolt|0 fnt
|faint|p2a: Raging Bolt
|-end|p2a: Raging Bolt|Protosynthesis|[silent]
|
|upkeep
|
|t:|1779693804
|switch|p2a: Braviary|Braviary-Hisui, M, shiny|100/100
|turn|14
|inactive|Battle timer is ON: inactive players will automatically lose when time's up. (requested by dfih)
|
|t:|1779693823
|move|p1a: Kingambit|Sucker Punch||[still]
|-fail|p1a: Kingambit
|move|p2a: Braviary|Calm Mind|p2a: Braviary
|-boost|p2a: Braviary|spa|1
|-boost|p2a: Braviary|spd|1
|
|upkeep
|turn|15
|
|t:|1779693827
|move|p2a: Braviary|Vacuum Wave|p1a: Kingambit
|-supereffective|p1a: Kingambit
|-damage|p1a: Kingambit|0 fnt
|faint|p1a: Kingambit
|-end|p1a: Kingambit|fallen2|[silent]
|
|upkeep
|
|t:|1779693834
|switch|p1a: Ogerpon|Ogerpon-Wellspring, F|100/100
|turn|16
|
|t:|1779693849
|move|p1a: Ogerpon|Ivy Cudgel|p2a: Braviary|[anim] Ivy Cudgel Water
|-damage|p2a: Braviary|55/100
|move|p2a: Braviary|Esper Wing|p1a: Ogerpon
|-damage|p1a: Ogerpon|45/100
|-boost|p2a: Braviary|spe|1
|
|upkeep
|turn|17
|-message|KnightKnaveSpy forfeited.
|
|win|dfih
|raw|KnightKnaveSpy's rating: 1444 &rarr; <strong>1421</strong><br />(-23 for losing)
|raw|dfih's rating: 1398 &rarr; <strong>1421</strong><br />(+23 for winning)
|l|☆KnightKnaveSpy
|player|p1|
