|j|☆Goolagola
|j|☆1000TURNSFR
|t:|1779577353
|gametype|singles
|player|p1|Goolagola|colress|1258
|player|p2|1000TURNSFR|ghetsis|1306
|gen|9
|tier|[Gen 9] OU
|rated|
|rule|HP Percentage Mod: HP is shown in percentages
|rule|Endless Battle Clause: Forcing endless battles is banned
|rule|Species Clause: Limit one of each Pokémon
|rule|OHKO Clause: OHKO moves are banned
|rule|Evasion Items Clause: Evasion items are banned
|rule|Evasion Moves Clause: Evasion moves are banned
|rule|Evasion Abilities Clause: Evasion abilities are banned
|rule|Sleep Moves Clause: Sleep-inducing moves are banned
|clearpoke
|poke|p1|Manaphy|
|poke|p1|Ribombee, M|
|poke|p1|Pelipper, M|
|poke|p1|Thundurus, M|
|poke|p1|Iron Treads|
|poke|p1|Toxicroak, F|
|poke|p2|Clodsire, F|
|poke|p2|Dondozo, F|
|poke|p2|Alomomola, F|
|poke|p2|Talonflame, F|
|poke|p2|Toxapex, F|
|poke|p2|Blissey, F|
|teampreview
|inactive|Battle timer is ON: inactive players will automatically lose when time's up. (requested by Goolagola)
|
|t:|1779577361
|teamsize|p1|6
|teamsize|p2|6
|start
|switch|p1a: Pelipper|Pelipper, M|100/100
|switch|p2a: Keep Trying.|Toxapex, F|100/100
|-weather|RainDance|[from] ability: Drizzle|[of] p1a: Pelipper
|turn|1
|
|t:|1779577368
|move|p1a: Pelipper|U-turn|p2a: Keep Trying.
|-resisted|p2a: Keep Trying.
|-crit|p2a: Keep Trying.
|-damage|p2a: Keep Trying.|97/100
|
|t:|1779577370
|switch|p1a: Toxicroak|Toxicroak, F|100/100|[from] U-turn
|move|p2a: Keep Trying.|Toxic|p1a: Toxicroak
|-immune|p1a: Toxicroak
|
|-weather|RainDance|[upkeep]
|upkeep
|turn|2
|
|t:|1779577376
|move|p1a: Toxicroak|Swords Dance|p1a: Toxicroak
|-boost|p1a: Toxicroak|atk|2
|move|p2a: Keep Trying.|Infestation|p1a: Toxicroak
|-resisted|p1a: Toxicroak
|-damage|p1a: Toxicroak|99/100
|-activate|p1a: Toxicroak|move: Infestation|[of] p2a: Keep Trying.
|
|-weather|RainDance|[upkeep]
|-heal|p1a: Toxicroak|100/100|[from] ability: Dry Skin
|-damage|p1a: Toxicroak|88/100|[from] move: Infestation|[partiallytrapped]
|upkeep
|turn|3
|
|t:|1779577383
|switch|p2a: You Tried.|Dondozo, F, shiny|100/100
|move|p1a: Toxicroak|Swords Dance|p1a: Toxicroak
|-boost|p1a: Toxicroak|atk|2
|
|-weather|RainDance|[upkeep]
|-heal|p1a: Toxicroak|100/100|[from] ability: Dry Skin
|-end|p1a: Toxicroak|Infestation|[partiallytrapped]|[silent]
|upkeep
|turn|4
|
|t:|1779577388
|move|p1a: Toxicroak|Gunk Shot|p2a: You Tried.|[miss]
|-miss|p1a: Toxicroak|p2a: You Tried.
|move|p2a: You Tried.|Body Press|p1a: Toxicroak
|-resisted|p1a: Toxicroak
|-damage|p1a: Toxicroak|76/100
|
|-weather|RainDance|[upkeep]
|-heal|p1a: Toxicroak|89/100|[from] ability: Dry Skin
|upkeep
|turn|5
|
|t:|1779577396
|-terastallize|p2a: You Tried.|Fighting
|move|p1a: Toxicroak|Gunk Shot|p2a: You Tried.|[miss]
|-miss|p1a: Toxicroak|p2a: You Tried.
|move|p2a: You Tried.|Body Press|p1a: Toxicroak
|-resisted|p1a: Toxicroak
|-damage|p1a: Toxicroak|57/100
|
|-weather|RainDance|[upkeep]
|-heal|p1a: Toxicroak|69/100|[from] ability: Dry Skin
|upkeep
|turn|6
|
|t:|1779577421
|move|p1a: Toxicroak|Gunk Shot|p2a: You Tried.
|-damage|p2a: You Tried.|69/100
|-damage|p1a: Toxicroak|59/100|[from] item: Life Orb
|move|p2a: You Tried.|Body Press|p1a: Toxicroak
|-resisted|p1a: Toxicroak
|-damage|p1a: Toxicroak|26/100
|
|-weather|RainDance|[upkeep]
|-heal|p1a: Toxicroak|38/100|[from] ability: Dry Skin
|upkeep
|turn|7
|inactive|Goolagola has 120 seconds left.
|
|t:|1779577451
|switch|p1a: Ribombee|Ribombee, M|100/100
|move|p2a: You Tried.|Body Press|p1a: Ribombee
|-resisted|p1a: Ribombee
|-damage|p1a: Ribombee|79/100
|
|-weather|RainDance|[upkeep]
|upkeep
|turn|8
|inactive|Goolagola has 120 seconds left.
|
|t:|1779577457
|switch|p2a: Still Trying?|Blissey, F, shiny|100/100
|move|p1a: Ribombee|Stun Spore|p2a: Still Trying?
|-status|p2a: Still Trying?|par
|
|-weather|none
|upkeep
|turn|9
|
|t:|1779577466
|switch|p1a: Thundurus|Thundurus, M|100/100
|move|p2a: Still Trying?|Seismic Toss|p1a: Thundurus
|-damage|p1a: Thundurus|67/100
|
|upkeep
|turn|10
|
|t:|1779577472
|-curestatus|p2a: Still Trying?|par|[from] ability: Natural Cure|[silent]
|switch|p2a: Worth Trying.|Clodsire, F, shiny|100/100
|move|p1a: Thundurus|Swagger|p2a: Worth Trying.
|-boost|p2a: Worth Trying.|atk|2
|-start|p2a: Worth Trying.|confusion
|-enditem|p1a: Thundurus|Mirror Herb
|-boost|p1a: Thundurus|atk|2|[from] item: Mirror Herb
|
|upkeep
|turn|11
|
|t:|1779577479
|-terastallize|p1a: Thundurus|Flying
|move|p1a: Thundurus|Acrobatics|p2a: Worth Trying.
|-damage|p2a: Worth Trying.|17/100
|-activate|p2a: Worth Trying.|confusion
|move|p2a: Worth Trying.|Gunk Shot|p1a: Thundurus|[miss]
|-miss|p2a: Worth Trying.|p1a: Thundurus
|
|upkeep
|turn|12
|
|t:|1779577487
|switch|p2a: Keep Trying.|Toxapex, F|100/100
|move|p1a: Thundurus|Acrobatics|p2a: Keep Trying.
|-damage|p2a: Keep Trying.|12/100
|
|upkeep
|turn|13
|
|t:|1779577492
|move|p2a: Keep Trying.|Baneful Bunker|p2a: Keep Trying.
|-singleturn|p2a: Keep Trying.|move: Protect
|move|p1a: Thundurus|Acrobatics|p2a: Keep Trying.
|-activate|p2a: Keep Trying.|move: Protect
|-status|p1a: Thundurus|psn
|
|-damage|p1a: Thundurus|55/100 psn|[from] psn
|upkeep
|turn|14
|
|t:|1779577498
|switch|p2a: Try Harder.|Alomomola, F, shiny|100/100
|move|p1a: Thundurus|Acrobatics|p2a: Try Harder.
|-damage|p2a: Try Harder.|16/100
|
|-damage|p1a: Thundurus|42/100 psn|[from] psn
|upkeep
|turn|15
|
|t:|1779577506
|switch|p1a: Toxicroak|Toxicroak, F|38/100
|move|p2a: Try Harder.|Protect||[still]
|-fail|p2a: Try Harder.
|
|upkeep
|turn|16
|
|t:|1779577509
|switch|p2a: You Tried.|Dondozo, F, shiny, tera:Fighting|69/100
|move|p1a: Toxicroak|Gunk Shot|p2a: You Tried.
|-damage|p2a: You Tried.|39/100
|-status|p2a: You Tried.|psn
|-damage|p1a: Toxicroak|29/100|[from] item: Life Orb
|
|-damage|p2a: You Tried.|27/100 psn|[from] psn
|upkeep
|turn|17
|
|t:|1779577516
|switch|p1a: Manaphy|Manaphy|100/100
|move|p2a: You Tried.|Rest|p2a: You Tried.
|-status|p2a: You Tried.|slp|[from] move: Rest
|-heal|p2a: You Tried.|100/100 slp|[silent]
|
|upkeep
|turn|18
|
|t:|1779577520
|switch|p2a: Nice Try.|Talonflame, F, shiny|100/100
|move|p1a: Manaphy|Surf|p2a: Nice Try.
|-supereffective|p2a: Nice Try.
|-damage|p2a: Nice Try.|3/100
|
|upkeep
|turn|19
|
|t:|1779577532
|switch|p2a: Still Trying?|Blissey, F, shiny|100/100
|switch|p1a: Pelipper|Pelipper, M|100/100
|-weather|RainDance|[from] ability: Drizzle|[of] p1a: Pelipper
|
|-weather|RainDance|[upkeep]
|upkeep
|turn|20
|
|t:|1779577540
|switch|p2a: Try Harder.|Alomomola, F, shiny|49/100
|move|p1a: Pelipper|U-turn|p2a: Try Harder.
|-damage|p2a: Try Harder.|44/100
|
|t:|1779577545
|switch|p1a: Manaphy|Manaphy|100/100|[from] U-turn
|
|-weather|RainDance|[upkeep]
|upkeep
|turn|21
|
|t:|1779577551
|switch|p2a: Still Trying?|Blissey, F, shiny|100/100
|move|p1a: Manaphy|Tail Glow|p1a: Manaphy
|-boost|p1a: Manaphy|spa|3
|
|-weather|RainDance|[upkeep]
|upkeep
|turn|22
|
|t:|1779577554
|move|p1a: Manaphy|Tail Glow|p1a: Manaphy
|-boost|p1a: Manaphy|spa|3
|move|p2a: Still Trying?|Calm Mind|p2a: Still Trying?
|-boost|p2a: Still Trying?|spa|1
|-boost|p2a: Still Trying?|spd|1
|
|-weather|RainDance|[upkeep]
|upkeep
|turn|23
|
|t:|1779577557
|move|p1a: Manaphy|Surf|p2a: Still Trying?
|-damage|p2a: Still Trying?|57/100
|move|p2a: Still Trying?|Calm Mind|p2a: Still Trying?
|-boost|p2a: Still Trying?|spa|1
|-boost|p2a: Still Trying?|spd|1
|
|-weather|RainDance|[upkeep]
|upkeep
|turn|24
|
|t:|1779577562
|move|p1a: Manaphy|Surf|p2a: Still Trying?
|-damage|p2a: Still Trying?|22/100
|move|p2a: Still Trying?|Soft-Boiled|p2a: Still Trying?
|-heal|p2a: Still Trying?|72/100
|
|-weather|RainDance|[upkeep]
|upkeep
|turn|25
|
|t:|1779577568
|switch|p1a: Toxicroak|Toxicroak, F|29/100
|move|p2a: Still Trying?|Calm Mind|p2a: Still Trying?
|-boost|p2a: Still Trying?|spa|1
|-boost|p2a: Still Trying?|spd|1
|
|-weather|RainDance|[upkeep]
|-heal|p1a: Toxicroak|41/100|[from] ability: Dry Skin
|upkeep
|turn|26
|
|t:|1779577579
|switch|p2a: You Tried.|Dondozo, F, shiny, tera:Fighting|100/100 slp
|move|p1a: Toxicroak|Drain Punch|p2a: You Tried.
|-damage|p2a: You Tried.|80/100 slp
|-heal|p1a: Toxicroak|58/100|[from] drain|[of] p2a: You Tried.
|-damage|p1a: Toxicroak|48/100|[from] item: Life Orb
|
|-weather|none
|upkeep
|turn|27
|
|t:|1779577583
|switch|p1a: Ribombee|Ribombee, M|79/100
|cant|p2a: You Tried.|slp
|move|p2a: You Tried.|Sleep Talk|p2a: You Tried.
|move|p2a: You Tried.|Rest||[from] move: Sleep Talk|[still]
|-fail|p2a: You Tried.
|
|upkeep
|turn|28
|
|t:|1779577591
|switch|p1a: Iron Treads|Iron Treads|100/100
|-enditem|p1a: Iron Treads|Booster Energy
|-activate|p1a: Iron Treads|ability: Quark Drive|[fromitem]
|-start|p1a: Iron Treads|quarkdrivespe
|switch|p2a: Still Trying?|Blissey, F, shiny|72/100
|
|upkeep
|turn|29
|
|t:|1779577593
|switch|p2a: Try Harder.|Alomomola, F, shiny|77/100
|move|p1a: Iron Treads|Stealth Rock|p2a: Try Harder.
|-sidestart|p2: 1000TURNSFR|move: Stealth Rock
|
|upkeep
|turn|30
|
|t:|1779577619
|-end|p1a: Iron Treads|Quark Drive|[silent]
|switch|p1a: Toxicroak|Toxicroak, F|48/100
|move|p2a: Try Harder.|Wish|p2a: Try Harder.
|
|upkeep
|turn|31
|
|t:|1779577628
|switch|p2a: You Tried.|Dondozo, F, shiny, tera:Fighting|80/100 slp
|move|p1a: Toxicroak|Gunk Shot|p2a: You Tried.|[miss]
|-miss|p1a: Toxicroak|p2a: You Tried.
|
|-heal|p2a: You Tried.|100/100 slp|[from] move: Wish|[wisher] Try Harder.
|upkeep
|turn|32
|
|t:|1779577641
|switch|p1a: Pelipper|Pelipper, M|100/100
|-weather|RainDance|[from] ability: Drizzle|[of] p1a: Pelipper
|switch|p2a: Keep Trying.|Toxapex, F|45/100
|
|-weather|RainDance|[upkeep]
|upkeep
|turn|33
|
|t:|1779577645
|move|p2a: Keep Trying.|Baneful Bunker|p2a: Keep Trying.
|-singleturn|p2a: Keep Trying.|move: Protect
|move|p1a: Pelipper|Hurricane|p2a: Keep Trying.
|-activate|p2a: Keep Trying.|move: Protect
|
|-weather|RainDance|[upkeep]
|upkeep
|turn|34
|
|t:|1779577651
|switch|p2a: Still Trying?|Blissey, F, shiny|72/100
|move|p1a: Pelipper|Hurricane|p2a: Still Trying?
|-damage|p2a: Still Trying?|60/100
|
|-weather|RainDance|[upkeep]
|upkeep
|turn|35
|
|t:|1779577658
|move|p1a: Pelipper|U-turn|p2a: Still Trying?
|-damage|p2a: Still Trying?|52/100
|
|t:|1779577660
|switch|p1a: Toxicroak|Toxicroak, F|48/100|[from] U-turn
|move|p2a: Still Trying?|Seismic Toss|p1a: Toxicroak
|-damage|p1a: Toxicroak|15/100
|
|-weather|RainDance|[upkeep]
|-heal|p1a: Toxicroak|28/100|[from] ability: Dry Skin
|upkeep
|turn|36
|
|t:|1779577665
|switch|p1a: Ribombee|Ribombee, M|79/100
|switch|p2a: Keep Trying.|Toxapex, F|78/100
|
|-weather|RainDance|[upkeep]
|upkeep
|turn|37
|
|t:|1779577672
|switch|p1a: Toxicroak|Toxicroak, F|28/100
|switch|p2a: Still Trying?|Blissey, F, shiny|52/100
|
|-weather|RainDance|[upkeep]
|-heal|p1a: Toxicroak|40/100|[from] ability: Dry Skin
|upkeep
|turn|38
|
|t:|1779577677
|switch|p2a: Keep Trying.|Toxapex, F|100/100
|move|p1a: Toxicroak|Drain Punch|p2a: Keep Trying.
|-resisted|p2a: Keep Trying.
|-damage|p2a: Keep Trying.|86/100
|-heal|p1a: Toxicroak|47/100|[from] drain|[of] p2a: Keep Trying.
|-damage|p1a: Toxicroak|37/100|[from] item: Life Orb
|
|-weather|RainDance|[upkeep]
|-heal|p1a: Toxicroak|50/100|[from] ability: Dry Skin
|upkeep
|turn|39
|
|t:|1779577685
|move|p1a: Toxicroak|Swords Dance|p1a: Toxicroak
|-boost|p1a: Toxicroak|atk|2
|move|p2a: Keep Trying.|Infestation|p1a: Toxicroak
|-resisted|p1a: Toxicroak
|-damage|p1a: Toxicroak|49/100
|-activate|p1a: Toxicroak|move: Infestation|[of] p2a: Keep Trying.
|
|-weather|none
|-damage|p1a: Toxicroak|36/100|[from] move: Infestation|[partiallytrapped]
|upkeep
|turn|40
|
|t:|1779577690
|move|p2a: Keep Trying.|Baneful Bunker|p2a: Keep Trying.
|-singleturn|p2a: Keep Trying.|move: Protect
|move|p1a: Toxicroak|Drain Punch|p2a: Keep Trying.
|-activate|p2a: Keep Trying.|move: Protect
|
|-damage|p1a: Toxicroak|24/100|[from] move: Infestation|[partiallytrapped]
|upkeep
|turn|41
|
|t:|1779577699
|move|p1a: Toxicroak|Drain Punch|p2a: Keep Trying.
|-resisted|p2a: Keep Trying.
|-damage|p2a: Keep Trying.|59/100
|-heal|p1a: Toxicroak|38/100|[from] drain|[of] p2a: Keep Trying.
|-damage|p1a: Toxicroak|28/100|[from] item: Life Orb
|move|p2a: Keep Trying.|Infestation|p1a: Toxicroak
|-resisted|p1a: Toxicroak
|-damage|p1a: Toxicroak|27/100
|
|-damage|p1a: Toxicroak|15/100|[from] move: Infestation|[partiallytrapped]
|upkeep
|turn|42
|
|t:|1779577709
|move|p1a: Toxicroak|Swords Dance|p1a: Toxicroak
|-boost|p1a: Toxicroak|atk|2
|move|p2a: Keep Trying.|Recover|p2a: Keep Trying.
|-heal|p2a: Keep Trying.|100/100
|
|-damage|p1a: Toxicroak|2/100|[from] move: Infestation|[partiallytrapped]
|upkeep
|turn|43
|
|t:|1779577712
|move|p2a: Keep Trying.|Baneful Bunker|p2a: Keep Trying.
|-singleturn|p2a: Keep Trying.|move: Protect
|move|p1a: Toxicroak|Drain Punch|p2a: Keep Trying.
|-activate|p2a: Keep Trying.|move: Protect
|
|-end|p1a: Toxicroak|Infestation|[partiallytrapped]
|upkeep
|turn|44
|
|t:|1779577716
|move|p1a: Toxicroak|Drain Punch|p2a: Keep Trying.
|-resisted|p2a: Keep Trying.
|-damage|p2a: Keep Trying.|62/100
|-heal|p1a: Toxicroak|21/100|[from] drain|[of] p2a: Keep Trying.
|-damage|p1a: Toxicroak|11/100|[from] item: Life Orb
|move|p2a: Keep Trying.|Infestation|p1a: Toxicroak
|-resisted|p1a: Toxicroak
|-damage|p1a: Toxicroak|10/100
|-activate|p1a: Toxicroak|move: Infestation|[of] p2a: Keep Trying.
|
|-damage|p1a: Toxicroak|0 fnt|[from] move: Infestation|[partiallytrapped]
|faint|p1a: Toxicroak
|upkeep
|
|t:|1779577723
|switch|p1a: Pelipper|Pelipper, M|100/100
|-weather|RainDance|[from] ability: Drizzle|[of] p1a: Pelipper
|turn|45
|
|t:|1779577727
|move|p1a: Pelipper|U-turn|p2a: Keep Trying.
|-resisted|p2a: Keep Trying.
|-damage|p2a: Keep Trying.|60/100
|
|t:|1779577728
|switch|p1a: Manaphy|Manaphy|100/100|[from] U-turn
|move|p2a: Keep Trying.|Toxic|p1a: Manaphy
|-status|p1a: Manaphy|tox
|
|-weather|RainDance|[upkeep]
|-activate|p1a: Manaphy|ability: Hydration
|-curestatus|p1a: Manaphy|tox|[msg]
|upkeep
|turn|46
|
|t:|1779577737
|switch|p2a: Still Trying?|Blissey, F, shiny|52/100
|move|p1a: Manaphy|Tail Glow|p1a: Manaphy
|-boost|p1a: Manaphy|spa|3
|
|-weather|RainDance|[upkeep]
|upkeep
|turn|47
|
|t:|1779577746
|move|p1a: Manaphy|Tail Glow|p1a: Manaphy
|-boost|p1a: Manaphy|spa|3
|move|p2a: Still Trying?|Soft-Boiled|p2a: Still Trying?
|-heal|p2a: Still Trying?|100/100
|
|-weather|RainDance|[upkeep]
|upkeep
|turn|48
|
|t:|1779577750
|move|p1a: Manaphy|Surf|p2a: Still Trying?
|-damage|p2a: Still Trying?|39/100
|move|p2a: Still Trying?|Calm Mind|p2a: Still Trying?
|-boost|p2a: Still Trying?|spa|1
|-boost|p2a: Still Trying?|spd|1
|
|-weather|RainDance|[upkeep]
|upkeep
|turn|49
|
|t:|1779577769
|switch|p2a: Keep Trying.|Toxapex, F|93/100
|move|p1a: Manaphy|Surf|p2a: Keep Trying.
|-resisted|p2a: Keep Trying.
|-damage|p2a: Keep Trying.|9/100
|
|-weather|RainDance|[upkeep]
|upkeep
|turn|50
|
|t:|1779577774
|move|p2a: Keep Trying.|Baneful Bunker|p2a: Keep Trying.
|-singleturn|p2a: Keep Trying.|move: Protect
|move|p1a: Manaphy|Surf|p2a: Keep Trying.
|-activate|p2a: Keep Trying.|move: Protect
|
|-weather|RainDance|[upkeep]
|upkeep
|turn|51
|
|t:|1779577780
|switch|p2a: Worth Trying.|Clodsire, F, shiny|17/100
|move|p1a: Manaphy|Surf|p2a: Worth Trying.
|-supereffective|p2a: Worth Trying.
|-damage|p2a: Worth Trying.|0 fnt
|faint|p2a: Worth Trying.
|
|-weather|RainDance|[upkeep]
|upkeep
|
|t:|1779577785
|switch|p2a: You Tried.|Dondozo, F, shiny, tera:Fighting|100/100 slp
|turn|52
|
|t:|1779577788
|move|p1a: Manaphy|Surf|p2a: You Tried.
|-damage|p2a: You Tried.|51/100 slp
|cant|p2a: You Tried.|slp
|move|p2a: You Tried.|Sleep Talk|p2a: You Tried.
|move|p2a: You Tried.|Liquidation|p1a: Manaphy|[from] move: Sleep Talk
|-resisted|p1a: Manaphy
|-damage|p1a: Manaphy|82/100
|
|-weather|none
|-heal|p1a: Manaphy|88/100|[from] item: Leftovers
|upkeep
|turn|53
|
|t:|1779577792
|move|p1a: Manaphy|Surf|p2a: You Tried.
|-damage|p2a: You Tried.|14/100 slp
|-curestatus|p2a: You Tried.|slp|[msg]
|move|p2a: You Tried.|Rest|p2a: You Tried.
|-status|p2a: You Tried.|slp|[from] move: Rest
|-heal|p2a: You Tried.|100/100 slp|[silent]
|
|-heal|p1a: Manaphy|94/100|[from] item: Leftovers
|upkeep
|turn|54
|
|t:|1779577799
|move|p1a: Manaphy|Surf|p2a: You Tried.
|-damage|p2a: You Tried.|63/100 slp
|cant|p2a: You Tried.|slp
|move|p2a: You Tried.|Sleep Talk|p2a: You Tried.
|move|p2a: You Tried.|Rest||[from] move: Sleep Talk|[still]
|-fail|p2a: You Tried.
|
|-heal|p1a: Manaphy|100/100|[from] item: Leftovers
|upkeep
|turn|55
|
|t:|1779577806
|move|p1a: Manaphy|Surf|p2a: You Tried.
|-damage|p2a: You Tried.|26/100 slp
|cant|p2a: You Tried.|slp
|move|p2a: You Tried.|Sleep Talk|p2a: You Tried.
|move|p2a: You Tried.|Body Press|p1a: Manaphy|[from] move: Sleep Talk
|-damage|p1a: Manaphy|64/100
|
|-heal|p1a: Manaphy|70/100|[from] item: Leftovers
|upkeep
|turn|56
|
|t:|1779577813
|switch|p2a: Try Harder.|Alomomola, F, shiny|100/100
|move|p1a: Manaphy|Surf|p2a: Try Harder.
|-resisted|p2a: Try Harder.
|-damage|p2a: Try Harder.|39/100
|
|-heal|p1a: Manaphy|76/100|[from] item: Leftovers
|upkeep
|turn|57
|-message|1000TURNSFR forfeited.
|
|win|Goolagola
|raw|Goolagola's rating: 1258 &rarr; <strong>1286</strong><br />(+28 for winning)
|raw|1000TURNSFR's rating: 1306 &rarr; <strong>1283</strong><br />(-23 for losing)
|l|☆1000TURNSFR
|player|p2|
|c|☆Goolagola|:)
