|j|☆Andher
|j|☆magikarp soup
|t:|1779633787
|gametype|singles
|player|p1|Andher|shadowtriad|1413
|player|p2|magikarp soup|medium|1452
|gen|9
|tier|[Gen 9] OU
|rated|
|rule|HP Percentage Mod: HP is shown in percentages
|rule|Endless Battle Clause: Forcing endless battles is banned
|rule|Species Clause: Limit one of each Pokémon
|rule|OHKO Clause: OHKO moves are banned
|rule|Evasion Items Clause: Evasion items are banned
|rule|Evasion Moves Clause: Evasion moves are banned
|rule|Evasion Abilities Clause: Evasion abilities are banned
|rule|Sleep Moves Clause: Sleep-inducing moves are banned
|clearpoke
|poke|p1|Samurott-Hisui, F|
|poke|p1|Corviknight, F|
|poke|p1|Kingambit, F|
|poke|p1|Skeledirge, F|
|poke|p1|Gengar, F|
|poke|p1|Dragapult, M|
|poke|p2|Cramorant, F|
|poke|p2|Ceruledge, M|
|poke|p2|Kyurem|
|poke|p2|Scyther, M|
|poke|p2|Kingambit, M|
|poke|p2|Tornadus-Therian, M|
|teampreview
|
|t:|1779633792
|teamsize|p1|6
|teamsize|p2|6
|start
|switch|p1a: Ronin|Samurott-Hisui, F|100/100
|switch|p2a: Cramorant|Cramorant, F|100/100
|turn|1
|
|t:|1779633800
|move|p1a: Ronin|Flip Turn|p2a: Cramorant
|-resisted|p2a: Cramorant
|-damage|p2a: Cramorant|73/100
|
|t:|1779633804
|switch|p1a: Shogun|Kingambit, F|100/100|[from] Flip Turn
|move|p2a: Cramorant|Tailwind|p2a: Cramorant
|-sidestart|p2: magikarp soup|move: Tailwind
|
|upkeep
|turn|2
|
|t:|1779633810
|move|p2a: Cramorant|Surf|p1a: Shogun
|-formechange|p2a: Cramorant|Cramorant-Gulping|
|-damage|p1a: Shogun|70/100
|move|p1a: Shogun|Kowtow Cleave|p2a: Cramorant
|-damage|p2a: Cramorant|0 fnt
|-damage|p1a: Shogun|45/100|[from] ability: Gulp Missile|[of] p2a: Cramorant
|-unboost|p1a: Shogun|def|1
|-formechange|p2a: Cramorant|Cramorant|
|faint|p2a: Cramorant
|
|-heal|p1a: Shogun|51/100|[from] item: Leftovers
|upkeep
|
|t:|1779633826
|switch|p2a: Scyther|Scyther, M|100/100
|turn|3
|
|t:|1779633830
|-end|p1a: Shogun|fallenundefined|[silent]
|switch|p1a: Corax|Corviknight, F|100/100
|-ability|p1a: Corax|Pressure
|move|p2a: Scyther|Swords Dance|p2a: Scyther
|-boost|p2a: Scyther|atk|2
|
|upkeep
|turn|4
|
|t:|1779633848
|move|p2a: Scyther|Agility|p2a: Scyther
|-boost|p2a: Scyther|spe|2
|move|p1a: Corax|Brave Bird|p2a: Scyther
|-supereffective|p2a: Scyther
|-damage|p2a: Scyther|25/100
|-damage|p1a: Corax|83/100|[from] Recoil
|
|-sideend|p2: magikarp soup|move: Tailwind
|upkeep
|turn|5
|
|t:|1779633873
|move|p2a: Scyther|Dual Wingbeat|p1a: Corax
|-resisted|p1a: Corax
|-damage|p1a: Corax|60/100
|-damage|p2a: Scyther|9/100|[from] item: Rocky Helmet|[of] p1a: Corax
|-resisted|p1a: Corax
|-damage|p1a: Corax|37/100
|-damage|p2a: Scyther|0 fnt|[from] item: Rocky Helmet|[of] p1a: Corax
|faint|p2a: Scyther
|-hitcount|p1a: Corax|2
|move|p1a: Corax|Body Press|p2: Scyther|[notarget]
|-fail|p1a: Corax
|
|upkeep
|
|t:|1779633885
|switch|p2a: Ceruledge|Ceruledge, M|100/100
|turn|6
|
|t:|1779633891
|switch|p1a: Ronin|Samurott-Hisui, F|100/100
|move|p2a: Ceruledge|Swords Dance|p2a: Ceruledge
|-boost|p2a: Ceruledge|atk|2
|
|upkeep
|turn|7
|
|t:|1779633899
|move|p1a: Ronin|Ceaseless Edge|p2a: Ceruledge
|-supereffective|p2a: Ceruledge
|-enditem|p2a: Ceruledge|Focus Sash
|-damage|p2a: Ceruledge|1/100
|-ability|p2a: Ceruledge|Weak Armor|boost
|-unboost|p2a: Ceruledge|def|1
|-boost|p2a: Ceruledge|spe|2
|-sidestart|p2: magikarp soup|Spikes
|move|p2a: Ceruledge|Bitter Blade|p1a: Ronin
|-resisted|p1a: Ronin
|-damage|p1a: Ronin|39/100
|-heal|p2a: Ceruledge|35/100|[from] drain|[of] p1a: Ronin
|
|upkeep
|turn|8
|
|t:|1779633918
|move|p2a: Ceruledge|Bitter Blade|p1a: Ronin
|-resisted|p1a: Ronin
|-damage|p1a: Ronin|0 fnt
|-heal|p2a: Ceruledge|56/100|[from] drain|[of] p1a: Ronin
|faint|p1a: Ronin
|
|upkeep
|
|t:|1779633925
|switch|p1a: Mort|Skeledirge, F|100/100
|turn|9
|
|t:|1779633933
|-terastallize|p1a: Mort|Fairy
|move|p2a: Ceruledge|Poltergeist|p1a: Mort
|-activate|p1a: Mort|move: Poltergeist|Heavy-Duty Boots
|-damage|p1a: Mort|53/100
|move|p1a: Mort|Shadow Ball|p2a: Ceruledge
|-supereffective|p2a: Ceruledge
|-damage|p2a: Ceruledge|0 fnt
|faint|p2a: Ceruledge
|
|upkeep
|
|t:|1779633947
|switch|p2a: Tornadus|Tornadus-Therian, M|100/100
|turn|10
|
|t:|1779633951
|move|p2a: Tornadus|Nasty Plot|p2a: Tornadus
|-boost|p2a: Tornadus|spa|2
|move|p1a: Mort|Slack Off|p1a: Mort
|-heal|p1a: Mort|100/100
|
|upkeep
|turn|11
|
|t:|1779633969
|move|p2a: Tornadus|Bleakwind Storm|p1a: Mort
|-damage|p1a: Mort|47/100
|-damage|p2a: Tornadus|91/100|[from] item: Life Orb
|move|p1a: Mort|Torch Song|p2a: Tornadus
|-damage|p2a: Tornadus|54/100
|-boost|p1a: Mort|spa|1
|
|upkeep
|turn|12
|
|t:|1779633987
|switch|p1a: Malson|Gengar, F, shiny|100/100
|move|p2a: Tornadus|Bleakwind Storm|p1a: Malson
|-damage|p1a: Malson|0 fnt
|-start|p2a: Tornadus|Disable|Bleakwind Storm|[from] ability: Cursed Body|[of] p1a: Malson
|faint|p1a: Malson
|-damage|p2a: Tornadus|45/100|[from] item: Life Orb
|
|upkeep
|
|t:|1779634007
|switch|p1a: Ombra|Dragapult, M|100/100
|turn|13
|
|t:|1779634017
|move|p1a: Ombra|Draco Meteor|p2a: Tornadus
|-crit|p2a: Tornadus
|-damage|p2a: Tornadus|0 fnt
|-unboost|p1a: Ombra|spa|2
|faint|p2a: Tornadus
|
|upkeep
|
|t:|1779634019
|switch|p2a: Kingambit|Kingambit, M|100/100
|-damage|p2a: Kingambit|88/100|[from] Spikes
|-activate|p2a: Kingambit|ability: Supreme Overlord
|-start|p2a: Kingambit|fallen4|[silent]
|turn|14
|
|t:|1779634056
|switch|p1a: Shogun|Kingambit, F|51/100
|-activate|p1a: Shogun|ability: Supreme Overlord
|-start|p1a: Shogun|fallen2|[silent]
|move|p2a: Kingambit|Swords Dance|p2a: Kingambit
|-boost|p2a: Kingambit|atk|2
|
|-heal|p1a: Shogun|57/100|[from] item: Leftovers
|upkeep
|turn|15
|
|t:|1779634065
|move|p1a: Shogun|Sucker Punch|p2a: Kingambit
|-resisted|p2a: Kingambit
|-damage|p2a: Kingambit|68/100
|move|p2a: Kingambit|Low Kick|p1a: Shogun
|-supereffective|p1a: Shogun
|-damage|p1a: Shogun|0 fnt
|faint|p1a: Shogun
|-end|p1a: Shogun|fallen2|[silent]
|
|upkeep
|
|t:|1779634072
|switch|p1a: Corax|Corviknight, F|37/100
|-ability|p1a: Corax|Pressure
|turn|16
|
|t:|1779634077
|move|p2a: Kingambit|Low Kick|p1a: Corax
|-damage|p1a: Corax|0 fnt
|-damage|p2a: Kingambit|51/100|[from] item: Rocky Helmet|[of] p1a: Corax
|faint|p1a: Corax
|
|upkeep
|
|t:|1779634082
|switch|p1a: Mort|Skeledirge, F, tera:Fairy|47/100
|turn|17
|
|t:|1779634085
|move|p2a: Kingambit|Low Kick|p1a: Mort
|-resisted|p1a: Mort
|-damage|p1a: Mort|24/100
|move|p1a: Mort|Torch Song|p2a: Kingambit
|-supereffective|p2a: Kingambit
|-damage|p2a: Kingambit|0 fnt
|-boost|p1a: Mort|spa|1
|faint|p2a: Kingambit
|-end|p2a: Kingambit|fallen4|[silent]
|
|upkeep
|
|t:|1779634091
|switch|p2a: Kyurem|Kyurem|100/100
|-damage|p2a: Kyurem|88/100|[from] Spikes
|-ability|p2a: Kyurem|Pressure
|turn|18
|
|t:|1779634097
|move|p2a: Kyurem|Icicle Spear|p1a: Mort
|-damage|p1a: Mort|12/100
|-damage|p1a: Mort|3/100
|-damage|p1a: Mort|0 fnt
|faint|p1a: Mort
|-hitcount|p1: Mort|3
|
|upkeep
|
|t:|1779634105
|switch|p1a: Ombra|Dragapult, M|100/100
|turn|19
|
|t:|1779634109
|-terastallize|p2a: Kyurem|Ground
|move|p1a: Ombra|Shadow Ball|p2a: Kyurem
|-damage|p2a: Kyurem|35/100
|-unboost|p2a: Kyurem|spd|1
|move|p2a: Kyurem|Icicle Spear|p1a: Ombra
|-supereffective|p1a: Ombra
|-damage|p1a: Ombra|64/100
|-supereffective|p1a: Ombra
|-damage|p1a: Ombra|28/100
|-supereffective|p1a: Ombra
|-damage|p1a: Ombra|0 fnt
|faint|p1a: Ombra
|-hitcount|p1: Ombra|3
|
|win|magikarp soup
|raw|Andher's rating: 1413 &rarr; <strong>1395</strong><br />(-18 for losing)
|raw|magikarp soup's rating: 1452 &rarr; <strong>1470</strong><br />(+18 for winning)
|l|☆magikarp soup
|player|p2|
|l|☆Andher
|player|p1|
