|j|☆ImOuTtT
|j|☆rpatatebleu
|t:|1779653950
|gametype|singles
|player|p1|ImOuTtT|1|1175
|player|p2|rpatatebleu|giovanni|1146
|gen|9
|tier|[Gen 9] OU
|rated|
|rule|HP Percentage Mod: HP is shown in percentages
|rule|Endless Battle Clause: Forcing endless battles is banned
|rule|Species Clause: Limit one of each Pokémon
|rule|OHKO Clause: OHKO moves are banned
|rule|Evasion Items Clause: Evasion items are banned
|rule|Evasion Moves Clause: Evasion moves are banned
|rule|Evasion Abilities Clause: Evasion abilities are banned
|rule|Sleep Moves Clause: Sleep-inducing moves are banned
|clearpoke
|poke|p1|Cinderace, F|
|poke|p1|Great Tusk|
|poke|p1|Iron Moth|
|poke|p1|Kingambit, M|
|poke|p1|Ribombee, M|
|poke|p1|Eelektross, F|
|poke|p2|Gliscor, F|
|poke|p2|Dragapult, F|
|poke|p2|Tyranitar, F|
|poke|p2|Primarina, F|
|poke|p2|Gholdengo|
|poke|p2|Zapdos|
|teampreview
|
|t:|1779653960
|teamsize|p1|6
|teamsize|p2|6
|start
|switch|p1a: Ribombee|Ribombee, M|100/100
|switch|p2a: Gliscor|Gliscor, F|100/100
|turn|1
|
|t:|1779653969
|move|p1a: Ribombee|Sticky Web|p2a: Gliscor
|-sidestart|p2: rpatatebleu|move: Sticky Web
|move|p2a: Gliscor|Stealth Rock|p1a: Ribombee
|-sidestart|p1: ImOuTtT|move: Stealth Rock
|
|-status|p2a: Gliscor|tox|[from] item: Toxic Orb
|upkeep
|turn|2
|
|t:|1779653978
|move|p1a: Ribombee|Moonblast|p2a: Gliscor
|-damage|p2a: Gliscor|49/100 tox
|move|p2a: Gliscor|Earthquake|p1a: Ribombee
|-resisted|p1a: Ribombee
|-damage|p1a: Ribombee|68/100
|
|-heal|p2a: Gliscor|62/100 tox|[from] ability: Poison Heal
|upkeep
|turn|3
|
|t:|1779653987
|move|p1a: Ribombee|Moonblast|p2a: Gliscor
|-damage|p2a: Gliscor|11/100 tox
|move|p2a: Gliscor|Earthquake|p1a: Ribombee
|-resisted|p1a: Ribombee
|-damage|p1a: Ribombee|36/100
|
|-heal|p2a: Gliscor|24/100 tox|[from] ability: Poison Heal
|upkeep
|turn|4
|
|t:|1779653996
|move|p1a: Ribombee|Moonblast|p2a: Gliscor
|-crit|p2a: Gliscor
|-damage|p2a: Gliscor|0 fnt
|faint|p2a: Gliscor
|
|upkeep
|
|t:|1779654003
|switch|p2a: Gholdengo|Gholdengo|100/100
|-activate|p2a: Gholdengo|move: Sticky Web
|-unboost|p2a: Gholdengo|spe|1
|turn|5
|
|t:|1779654009
|move|p1a: Ribombee|Moonblast|p2a: Gholdengo
|-resisted|p2a: Gholdengo
|-damage|p2a: Gholdengo|75/100
|move|p2a: Gholdengo|Make It Rain|p1a: Ribombee
|-supereffective|p1a: Ribombee
|-damage|p1a: Ribombee|0 fnt
|-unboost|p2a: Gholdengo|spa|1
|faint|p1a: Ribombee
|
|upkeep
|
|t:|1779654031
|switch|p1a: Cinderace|Cinderace, F|100/100
|-damage|p1a: Cinderace|76/100|[from] Stealth Rock
|turn|6
|
|t:|1779654036
|switch|p2a: Tyranitar|Tyranitar, F|100/100
|-activate|p2a: Tyranitar|move: Sticky Web
|-unboost|p2a: Tyranitar|spe|1
|-weather|Sandstorm|[from] ability: Sand Stream|[of] p2a: Tyranitar
|move|p1a: Cinderace|Pyro Ball|p2a: Tyranitar
|-resisted|p2a: Tyranitar
|-damage|p2a: Tyranitar|72/100
|
|-weather|Sandstorm|[upkeep]
|-damage|p1a: Cinderace|70/100|[from] Sandstorm
|upkeep
|turn|7
|
|t:|1779654050
|move|p1a: Cinderace|High Jump Kick|p2a: Tyranitar
|-start|p1a: Cinderace|typechange|Fighting|[from] ability: Libero
|-supereffective|p2a: Tyranitar
|-damage|p2a: Tyranitar|0 fnt
|faint|p2a: Tyranitar
|
|-weather|Sandstorm|[upkeep]
|-damage|p1a: Cinderace|64/100|[from] Sandstorm
|upkeep
|
|t:|1779654058
|switch|p2a: Primarina|Primarina, F|100/100
|-activate|p2a: Primarina|move: Sticky Web
|-unboost|p2a: Primarina|spe|1
|turn|8
|
|t:|1779654072
|move|p1a: Cinderace|Sucker Punch|p2a: Primarina
|-resisted|p2a: Primarina
|-damage|p2a: Primarina|86/100
|move|p2a: Primarina|Moonblast|p1a: Cinderace
|-supereffective|p1a: Cinderace
|-damage|p1a: Cinderace|0 fnt
|faint|p1a: Cinderace
|
|-weather|Sandstorm|[upkeep]
|-damage|p2a: Primarina|80/100|[from] Sandstorm
|upkeep
|
|t:|1779654101
|switch|p1a: Eelektross|Eelektross, F|100/100
|-damage|p1a: Eelektross|88/100|[from] Stealth Rock
|turn|9
|
|t:|1779654118
|switch|p2a: Dragapult|Dragapult, F|100/100
|-activate|p2a: Dragapult|move: Sticky Web
|-unboost|p2a: Dragapult|spe|1
|move|p1a: Eelektross|Thunderbolt|p2a: Dragapult
|-resisted|p2a: Dragapult
|-damage|p2a: Dragapult|68/100
|
|-weather|Sandstorm|[upkeep]
|-damage|p2a: Dragapult|62/100|[from] Sandstorm
|-damage|p1a: Eelektross|82/100|[from] Sandstorm
|-heal|p1a: Eelektross|88/100|[from] item: Leftovers
|upkeep
|turn|10
|
|t:|1779654130
|move|p2a: Dragapult|Shadow Ball|p1a: Eelektross
|-damage|p1a: Eelektross|28/100
|move|p1a: Eelektross|Dragon Pulse|p2a: Dragapult
|-supereffective|p2a: Dragapult
|-damage|p2a: Dragapult|0 fnt
|faint|p2a: Dragapult
|
|-weather|none
|-heal|p1a: Eelektross|34/100|[from] item: Leftovers
|upkeep
|
|t:|1779654140
|switch|p2a: Gholdengo|Gholdengo|75/100
|-activate|p2a: Gholdengo|move: Sticky Web
|-unboost|p2a: Gholdengo|spe|1
|turn|11
|
|t:|1779654144
|move|p2a: Gholdengo|Thunderbolt|p1a: Eelektross
|-resisted|p1a: Eelektross
|-damage|p1a: Eelektross|5/100
|move|p1a: Eelektross|Flamethrower|p2a: Gholdengo
|-supereffective|p2a: Gholdengo
|-crit|p2a: Gholdengo
|-damage|p2a: Gholdengo|0 fnt
|faint|p2a: Gholdengo
|
|-heal|p1a: Eelektross|11/100|[from] item: Leftovers
|upkeep
|-message|rpatatebleu forfeited.
|
|win|ImOuTtT
|raw|ImOuTtT's rating: 1175 &rarr; <strong>1198</strong><br />(+23 for winning)
|raw|rpatatebleu's rating: 1146 &rarr; <strong>1123</strong><br />(-23 for losing)
|l|☆rpatatebleu
|player|p2|
|c|☆ImOuTtT|Gg
