|j|☆PixelPenguin2
|j|☆Fly to LA 4 a week
|t:|1779602677
|gametype|singles
|player|p1|PixelPenguin2|guitarist|1567
|player|p2|Fly to LA 4 a week|169|1466
|gen|9
|tier|[Gen 9] OU
|rated|
|rule|HP Percentage Mod: HP is shown in percentages
|rule|Endless Battle Clause: Forcing endless battles is banned
|rule|Species Clause: Limit one of each Pokémon
|rule|OHKO Clause: OHKO moves are banned
|rule|Evasion Items Clause: Evasion items are banned
|rule|Evasion Moves Clause: Evasion moves are banned
|rule|Evasion Abilities Clause: Evasion abilities are banned
|rule|Sleep Moves Clause: Sleep-inducing moves are banned
|clearpoke
|poke|p1|Ninetales, F|
|poke|p1|Sylveon, M|
|poke|p1|Walking Wake|
|poke|p1|Great Tusk|
|poke|p1|Hatterene, F|
|poke|p1|Ceruledge, M|
|poke|p2|Greninja-*, M|
|poke|p2|Corviknight, M|
|poke|p2|Slowking-Galar, M|
|poke|p2|Kyurem|
|poke|p2|Clefable, M|
|poke|p2|Gholdengo|
|teampreview
|inactive|Battle timer is ON: inactive players will automatically lose when time's up. (requested by PixelPenguin2)
|inactive|PixelPenguin2 has 120 seconds left.
|
|t:|1779602708
|teamsize|p1|6
|teamsize|p2|6
|start
|switch|p1a: Ceruledge|Ceruledge, M|100/100
|switch|p2a: Greninja|Greninja, M|100/100
|turn|1
|
|t:|1779602731
|switch|p1a: Hatterene|Hatterene, F|100/100
|move|p2a: Greninja|Dark Pulse|p1a: Hatterene
|-start|p2a: Greninja|typechange|Dark|[from] ability: Protean
|-damage|p1a: Hatterene|62/100
|-enditem|p1a: Hatterene|Eject Button
|
|t:|1779602734
|switch|p1a: Ninetales|Ninetales, F|100/100
|-weather|SunnyDay|[from] ability: Drought|[of] p1a: Ninetales
|
|-weather|SunnyDay|[upkeep]
|upkeep
|turn|2
|
|t:|1779602746
|switch|p2a: Slowking|Slowking-Galar, M|100/100
|switch|p1a: Great Tusk|Great Tusk|100/100
|-activate|p1a: Great Tusk|ability: Protosynthesis
|-start|p1a: Great Tusk|protosynthesisatk
|
|-weather|SunnyDay|[upkeep]
|upkeep
|turn|3
|
|t:|1779602753
|-end|p1a: Great Tusk|Protosynthesis|[silent]
|switch|p1a: Ceruledge|Ceruledge, M|100/100
|switch|p2a: Corviknight|Corviknight, M|100/100
|-ability|p2a: Corviknight|Pressure
|
|-weather|SunnyDay|[upkeep]
|upkeep
|turn|4
|
|t:|1779602767
|switch|p2a: Clefable|Clefable, M|100/100
|move|p1a: Ceruledge|Bitter Blade|p2a: Clefable
|-damage|p2a: Clefable|31/100
|-damage|p1a: Ceruledge|84/100|[from] item: Rocky Helmet|[of] p2a: Clefable
|-damage|p1a: Ceruledge|74/100|[from] item: Life Orb
|
|-weather|SunnyDay|[upkeep]
|upkeep
|turn|5
|
|t:|1779602780
|move|p1a: Ceruledge|Bitter Blade|p2a: Clefable
|-damage|p2a: Clefable|0 fnt
|-heal|p1a: Ceruledge|95/100|[from] drain|[of] p2a: Clefable
|-damage|p1a: Ceruledge|78/100|[from] item: Rocky Helmet|[of] p2a: Clefable
|faint|p2a: Clefable
|-damage|p1a: Ceruledge|68/100|[from] item: Life Orb
|
|-weather|SunnyDay|[upkeep]
|upkeep
|
|t:|1779602785
|switch|p2a: Greninja|Greninja, M|100/100
|turn|6
|
|t:|1779602791
|switch|p1a: Walking Wake|Walking Wake|100/100
|-activate|p1a: Walking Wake|ability: Protosynthesis
|-start|p1a: Walking Wake|protosynthesisspe
|move|p2a: Greninja|U-turn|p1a: Walking Wake
|-start|p2a: Greninja|typechange|Bug|[from] ability: Protean
|-damage|p1a: Walking Wake|77/100
|
|t:|1779602797
|switch|p2a: Slowking|Slowking-Galar, M|100/100|[from] U-turn
|
|-weather|SunnyDay|[upkeep]
|upkeep
|turn|7
|
|t:|1779602799
|move|p1a: Walking Wake|Hydro Steam|p2a: Slowking
|-damage|p2a: Slowking|65/100
|-prepare|p2a: Slowking|Chilly Reception|[premajor]
|move|p2a: Slowking|Chilly Reception|p2a: Slowking
|-weather|Snowscape
|-end|p1a: Walking Wake|Protosynthesis
|
|t:|1779602807
|switch|p2a: Kyurem|Kyurem|100/100|[from] Chilly Reception
|-ability|p2a: Kyurem|Pressure
|
|-weather|Snowscape|[upkeep]
|upkeep
|turn|8
|
|t:|1779602811
|switch|p2a: Slowking|Slowking-Galar, M|98/100
|move|p1a: Walking Wake|Draco Meteor|p2a: Slowking
|-damage|p2a: Slowking|61/100
|-unboost|p1a: Walking Wake|spa|2
|
|-weather|Snowscape|[upkeep]
|upkeep
|turn|9
|
|t:|1779602815
|move|p1a: Walking Wake|Flip Turn|p2a: Slowking
|-damage|p2a: Slowking|45/100
|
|t:|1779602818
|-end|p1a: Walking Wake|Protosynthesis|[silent]
|switch|p1a: Sylveon|Sylveon, M|100/100|[from] Flip Turn
|move|p2a: Slowking|Future Sight|p1a: Sylveon
|-start|p2a: Slowking|move: Future Sight
|
|-weather|Snowscape|[upkeep]
|upkeep
|turn|10
|
|t:|1779602824
|switch|p2a: Gholdengo|Gholdengo|100/100
|move|p1a: Sylveon|Weather Ball|p2a: Gholdengo
|-resisted|p2a: Gholdengo
|-damage|p2a: Gholdengo|73/100
|-damage|p1a: Sylveon|91/100|[from] item: Life Orb
|
|-weather|Snowscape|[upkeep]
|upkeep
|turn|11
|
|t:|1779602832
|switch|p1a: Hatterene|Hatterene, F|62/100
|move|p2a: Gholdengo|Shadow Ball|p1a: Hatterene
|-supereffective|p1a: Hatterene
|-damage|p1a: Hatterene|0 fnt
|faint|p1a: Hatterene
|
|-weather|none
|-hint|Future Sight did not hit because the target is fainted.
|upkeep
|
|t:|1779602837
|switch|p1a: Ninetales|Ninetales, F|100/100
|-weather|SunnyDay|[from] ability: Drought|[of] p1a: Ninetales
|turn|12
|
|t:|1779602849
|switch|p1a: Great Tusk|Great Tusk|100/100
|-activate|p1a: Great Tusk|ability: Protosynthesis
|-start|p1a: Great Tusk|protosynthesisatk
|switch|p2a: Greninja|Greninja, M|100/100
|
|-weather|SunnyDay|[upkeep]
|upkeep
|turn|13
|
|t:|1779602859
|move|p2a: Greninja|U-turn|p1a: Great Tusk
|-start|p2a: Greninja|typechange|Bug|[from] ability: Protean
|-resisted|p1a: Great Tusk
|-damage|p1a: Great Tusk|94/100
|-damage|p2a: Greninja|84/100|[from] item: Rocky Helmet|[of] p1a: Great Tusk
|
|t:|1779602862
|switch|p2a: Corviknight|Corviknight, M|100/100|[from] U-turn
|-ability|p2a: Corviknight|Pressure
|move|p1a: Great Tusk|Headlong Rush|p2a: Corviknight
|-immune|p2a: Corviknight
|
|-weather|SunnyDay|[upkeep]
|upkeep
|turn|14
|
|t:|1779602872
|-end|p1a: Great Tusk|Protosynthesis|[silent]
|switch|p1a: Ceruledge|Ceruledge, M|68/100
|move|p2a: Corviknight|Brave Bird|p1a: Ceruledge
|-damage|p1a: Ceruledge|17/100
|-ability|p1a: Ceruledge|Weak Armor|boost
|-unboost|p1a: Ceruledge|def|1
|-boost|p1a: Ceruledge|spe|2
|-damage|p2a: Corviknight|88/100|[from] Recoil
|
|-weather|SunnyDay|[upkeep]
|-heal|p2a: Corviknight|94/100|[from] item: Leftovers
|upkeep
|turn|15
|
|t:|1779602886
|switch|p2a: Greninja|Greninja, M|84/100
|move|p1a: Ceruledge|Bitter Blade|p2a: Greninja
|-resisted|p2a: Greninja
|-damage|p2a: Greninja|6/100
|-heal|p1a: Ceruledge|55/100|[from] drain|[of] p2a: Greninja
|-damage|p1a: Ceruledge|45/100|[from] item: Life Orb
|
|-weather|SunnyDay|[upkeep]
|upkeep
|turn|16
|
|t:|1779602894
|move|p1a: Ceruledge|Shadow Sneak|p2a: Greninja
|-resisted|p2a: Greninja
|-damage|p2a: Greninja|0 fnt
|faint|p2a: Greninja
|-damage|p1a: Ceruledge|35/100|[from] item: Life Orb
|
|-weather|SunnyDay|[upkeep]
|upkeep
|
|t:|1779602900
|switch|p2a: Kyurem|Kyurem|100/100
|-ability|p2a: Kyurem|Pressure
|turn|17
|
|t:|1779602921
|switch|p1a: Walking Wake|Walking Wake|77/100
|-activate|p1a: Walking Wake|ability: Protosynthesis
|-start|p1a: Walking Wake|protosynthesisspe
|-terastallize|p2a: Kyurem|Fire
|move|p2a: Kyurem|Scale Shot|p1a: Walking Wake
|-supereffective|p1a: Walking Wake
|-damage|p1a: Walking Wake|51/100
|-supereffective|p1a: Walking Wake
|-damage|p1a: Walking Wake|20/100
|-supereffective|p1a: Walking Wake
|-crit|p1a: Walking Wake
|-damage|p1a: Walking Wake|0 fnt
|faint|p1a: Walking Wake
|-end|p1a: Walking Wake|Protosynthesis|[silent]
|-hitcount|p1: Walking Wake|3
|-unboost|p2a: Kyurem|def|1
|-boost|p2a: Kyurem|spe|1
|
|-weather|SunnyDay|[upkeep]
|upkeep
|
|t:|1779602930
|switch|p1a: Great Tusk|Great Tusk|94/100
|-activate|p1a: Great Tusk|ability: Protosynthesis
|-start|p1a: Great Tusk|protosynthesisatk
|turn|18
|
|t:|1779602934
|-terastallize|p1a: Great Tusk|Water
|move|p2a: Kyurem|Substitute|p2a: Kyurem
|-start|p2a: Kyurem|Substitute
|-damage|p2a: Kyurem|76/100
|move|p1a: Great Tusk|Headlong Rush|p2a: Kyurem
|-supereffective|p2a: Kyurem
|-end|p2a: Kyurem|Substitute
|-unboost|p1a: Great Tusk|def|1
|-unboost|p1a: Great Tusk|spd|1
|
|-weather|SunnyDay|[upkeep]
|upkeep
|turn|19
|
|t:|1779602944
|switch|p2a: Corviknight|Corviknight, M|94/100
|-ability|p2a: Corviknight|Pressure
|move|p1a: Great Tusk|Rapid Spin|p2a: Corviknight
|-resisted|p2a: Corviknight
|-damage|p2a: Corviknight|88/100
|-boost|p1a: Great Tusk|spe|1
|
|-weather|none
|-end|p1a: Great Tusk|Protosynthesis
|-heal|p2a: Corviknight|94/100|[from] item: Leftovers
|upkeep
|turn|20
|
|t:|1779602948
|-end|p1a: Great Tusk|Protosynthesis|[silent]
|switch|p1a: Ninetales|Ninetales, F|100/100
|-weather|SunnyDay|[from] ability: Drought|[of] p1a: Ninetales
|move|p2a: Corviknight|U-turn|p1a: Ninetales
|-resisted|p1a: Ninetales
|-damage|p1a: Ninetales|92/100
|
|t:|1779602955
|switch|p2a: Kyurem|Kyurem, tera:Fire|76/100|[from] U-turn
|-ability|p2a: Kyurem|Pressure
|
|-weather|SunnyDay|[upkeep]
|upkeep
|turn|21
|
|t:|1779602961
|move|p1a: Ninetales|Encore||[still]
|-fail|p1a: Ninetales
|move|p2a: Kyurem|Substitute|p2a: Kyurem
|-start|p2a: Kyurem|Substitute
|-damage|p2a: Kyurem|51/100
|
|-weather|SunnyDay|[upkeep]
|upkeep
|turn|22
|
|t:|1779602965
|switch|p2a: Slowking|Slowking-Galar, M|79/100
|move|p1a: Ninetales|Encore||[still]
|-fail|p1a: Ninetales
|
|-weather|SunnyDay|[upkeep]
|upkeep
|turn|23
|
|t:|1779602968
|move|p1a: Ninetales|Weather Ball|p2a: Slowking
|-damage|p2a: Slowking|54/100
|-prepare|p2a: Slowking|Chilly Reception|[premajor]
|move|p2a: Slowking|Chilly Reception|p2a: Slowking
|-weather|Snowscape
|
|t:|1779602978
|switch|p2a: Kyurem|Kyurem, tera:Fire|51/100|[from] Chilly Reception
|-ability|p2a: Kyurem|Pressure
|
|-weather|Snowscape|[upkeep]
|upkeep
|turn|24
|
|t:|1779602982
|move|p1a: Ninetales|Weather Ball|p2a: Kyurem
|-resisted|p2a: Kyurem
|-damage|p2a: Kyurem|42/100
|move|p2a: Kyurem|Scale Shot|p1a: Ninetales
|-damage|p1a: Ninetales|74/100
|-damage|p1a: Ninetales|57/100
|-damage|p1a: Ninetales|42/100
|-damage|p1a: Ninetales|27/100
|-crit|p1a: Ninetales
|-damage|p1a: Ninetales|2/100
|-hitcount|p1a: Ninetales|5
|-unboost|p2a: Kyurem|def|1
|-boost|p2a: Kyurem|spe|1
|
|-weather|Snowscape|[upkeep]
|upkeep
|turn|25
|
|t:|1779602991
|switch|p1a: Ceruledge|Ceruledge, M|35/100
|move|p2a: Kyurem|Icicle Spear|p1a: Ceruledge
|-resisted|p1a: Ceruledge
|-damage|p1a: Ceruledge|26/100
|-ability|p1a: Ceruledge|Weak Armor|boost
|-unboost|p1a: Ceruledge|def|1
|-boost|p1a: Ceruledge|spe|2
|-resisted|p1a: Ceruledge
|-damage|p1a: Ceruledge|11/100
|-ability|p1a: Ceruledge|Weak Armor|boost
|-unboost|p1a: Ceruledge|def|1
|-boost|p1a: Ceruledge|spe|2
|-resisted|p1a: Ceruledge
|-damage|p1a: Ceruledge|0 fnt
|faint|p1a: Ceruledge
|-hitcount|p1: Ceruledge|3
|
|-weather|Snowscape|[upkeep]
|upkeep
|
|t:|1779602994
|switch|p1a: Ninetales|Ninetales, F|2/100
|-weather|SunnyDay|[from] ability: Drought|[of] p1a: Ninetales
|turn|26
|
|t:|1779602997
|switch|p1a: Great Tusk|Great Tusk, tera:Water|94/100
|-activate|p1a: Great Tusk|ability: Protosynthesis
|-start|p1a: Great Tusk|protosynthesisatk
|move|p2a: Kyurem|Icicle Spear|p1a: Great Tusk
|-resisted|p1a: Great Tusk
|-damage|p1a: Great Tusk|90/100
|-resisted|p1a: Great Tusk
|-damage|p1a: Great Tusk|85/100
|-resisted|p1a: Great Tusk
|-damage|p1a: Great Tusk|81/100
|-resisted|p1a: Great Tusk
|-crit|p1a: Great Tusk
|-damage|p1a: Great Tusk|75/100
|-resisted|p1a: Great Tusk
|-damage|p1a: Great Tusk|70/100
|-hitcount|p1a: Great Tusk|5
|
|-weather|SunnyDay|[upkeep]
|upkeep
|turn|27
|
|t:|1779603009
|move|p2a: Kyurem|Scale Shot|p1a: Great Tusk
|-damage|p1a: Great Tusk|62/100
|-damage|p1a: Great Tusk|54/100
|-damage|p1a: Great Tusk|46/100
|-crit|p1a: Great Tusk
|-damage|p1a: Great Tusk|33/100
|-damage|p1a: Great Tusk|24/100
|-hitcount|p1a: Great Tusk|5
|-unboost|p2a: Kyurem|def|1
|-boost|p2a: Kyurem|spe|1
|move|p1a: Great Tusk|Stone Edge|p2a: Kyurem|[miss]
|-miss|p1a: Great Tusk|p2a: Kyurem
|
|-weather|SunnyDay|[upkeep]
|upkeep
|turn|28
|
|t:|1779603018
|move|p2a: Kyurem|Scale Shot|p1a: Great Tusk
|-damage|p1a: Great Tusk|16/100
|-damage|p1a: Great Tusk|8/100
|-damage|p1a: Great Tusk|0 fnt
|faint|p1a: Great Tusk
|-end|p1a: Great Tusk|Protosynthesis|[silent]
|-hitcount|p1: Great Tusk|3
|-unboost|p2a: Kyurem|def|1
|-boost|p2a: Kyurem|spe|1
|
|-weather|SunnyDay|[upkeep]
|upkeep
|
|t:|1779603021
|switch|p1a: Sylveon|Sylveon, M|91/100
|turn|29
|
|t:|1779603024
|move|p2a: Kyurem|Icicle Spear|p1a: Sylveon
|-damage|p1a: Sylveon|71/100
|-damage|p1a: Sylveon|51/100
|-damage|p1a: Sylveon|31/100
|-damage|p1a: Sylveon|12/100
|-hitcount|p1a: Sylveon|4
|move|p1a: Sylveon|Hyper Voice|p2a: Kyurem
|-resisted|p2a: Kyurem
|-damage|p2a: Kyurem|10/100
|-damage|p1a: Sylveon|2/100|[from] item: Life Orb
|
|-weather|SunnyDay|[upkeep]
|upkeep
|turn|30
|-message|PixelPenguin2 forfeited.
|
|win|Fly to LA 4 a week
|raw|PixelPenguin2's rating: 1567 &rarr; <strong>1540</strong><br />(-27 for losing)
|raw|Fly to LA 4 a week's rating: 1448 &rarr; <strong>1475</strong><br />(+27 for winning)
|l|☆PixelPenguin2
|player|p1|
