|j|☆bytor19
|j|☆skyrim-alberto
|t:|1779567732
|gametype|singles
|player|p1|bytor19|gardenia|1421
|player|p2|skyrim-alberto|norman|1481
|gen|9
|tier|[Gen 9] OU
|rated|
|rule|HP Percentage Mod: HP is shown in percentages
|rule|Endless Battle Clause: Forcing endless battles is banned
|rule|Species Clause: Limit one of each Pokémon
|rule|OHKO Clause: OHKO moves are banned
|rule|Evasion Items Clause: Evasion items are banned
|rule|Evasion Moves Clause: Evasion moves are banned
|rule|Evasion Abilities Clause: Evasion abilities are banned
|rule|Sleep Moves Clause: Sleep-inducing moves are banned
|clearpoke
|poke|p1|Raging Bolt|
|poke|p1|Slowking-Galar, M|
|poke|p1|Meowscarada, F|
|poke|p1|Iron Moth|
|poke|p1|Corviknight, F|
|poke|p1|Great Tusk|
|poke|p2|Mimikyu, M|
|poke|p2|Ursaluna, M|
|poke|p2|Indeedee-F, F|
|poke|p2|Murkrow, M|
|poke|p2|Kyurem|
|poke|p2|Hoopa-Unbound|
|teampreview
|inactive|Battle timer is ON: inactive players will automatically lose when time's up. (requested by bytor19)
|
|t:|1779567742
|teamsize|p1|6
|teamsize|p2|6
|start
|switch|p1a: Meowscarada|Meowscarada, F, shiny|100/100
|switch|p2a: Class weirdo|Mimikyu, M|100/100
|turn|1
|
|t:|1779567748
|move|p1a: Meowscarada|U-turn|p2a: Class weirdo
|-start|p1a: Meowscarada|typechange|Bug|[from] ability: Protean
|-activate|p2a: Class weirdo|ability: Disguise
|-damage|p2a: Class weirdo|100/100
|detailschange|p2a: Class weirdo|Mimikyu-Busted, M
|-damage|p2a: Class weirdo|88/100|[from] pokemon: Mimikyu-Busted
|-enditem|p2a: Class weirdo|Red Card|[of] p1a: Meowscarada
|drag|p1a: Iron Moth|Iron Moth|100/100
|move|p2a: Class weirdo|Trick Room|p2a: Class weirdo
|-fieldstart|move: Trick Room|[of] p2a: Class weirdo
|
|upkeep
|turn|2
|
|t:|1779567760
|switch|p2a: I hit soft|Ursaluna, M|100/100
|move|p1a: Iron Moth|Fiery Dance|p2a: I hit soft
|-damage|p2a: I hit soft|57/100
|
|-status|p2a: I hit soft|brn|[from] item: Flame Orb
|upkeep
|turn|3
|
|t:|1779567770
|-end|p1a: Iron Moth|Quark Drive|[silent]
|switch|p1a: Corviknight|Corviknight, F|100/100
|-ability|p1a: Corviknight|Pressure
|move|p2a: I hit soft|Supercell Slam|p1a: Corviknight
|-supereffective|p1a: Corviknight
|-damage|p1a: Corviknight|29/100
|-damage|p2a: I hit soft|40/100 brn|[from] item: Rocky Helmet|[of] p1a: Corviknight
|
|-damage|p2a: I hit soft|34/100 brn|[from] brn
|upkeep
|turn|4
|
|t:|1779567782
|switch|p1a: Raging Bolt|Raging Bolt|100/100
|-terastallize|p2a: I hit soft|Normal
|move|p2a: I hit soft|Facade|p1a: Raging Bolt
|-damage|p1a: Raging Bolt|0 fnt
|faint|p1a: Raging Bolt
|-end|p1a: Raging Bolt|Protosynthesis|[silent]
|
|-damage|p2a: I hit soft|28/100 brn|[from] brn
|upkeep
|
|t:|1779567793
|switch|p1a: Slowking|Slowking-Galar, M, shiny|100/100
|turn|5
|
|t:|1779567796
|move|p1a: Slowking|Sludge Bomb|p2a: I hit soft
|-damage|p2a: I hit soft|0 fnt
|faint|p2a: I hit soft
|
|-fieldend|move: Trick Room
|upkeep
|
|t:|1779567804
|switch|p2a: Ariana Grande|Indeedee-F, F|100/100
|-fieldstart|move: Psychic Terrain|[from] ability: Psychic Surge|[of] p2a: Ariana Grande
|turn|6
|
|t:|1779567822
|move|p1a: Slowking|Toxic|p2a: Ariana Grande
|-status|p2a: Ariana Grande|tox
|move|p2a: Ariana Grande|Trick Room|p2a: Ariana Grande
|-fieldstart|move: Trick Room|[of] p2a: Ariana Grande
|
|-damage|p2a: Ariana Grande|94/100 tox|[from] psn
|upkeep
|turn|7
|
|t:|1779567829
|-prepare|p1a: Slowking|Chilly Reception|[premajor]
|move|p1a: Slowking|Chilly Reception|p1a: Slowking
|-weather|Snowscape
|
|t:|1779567836
|switch|p1a: Meowscarada|Meowscarada, F, shiny|100/100|[from] Chilly Reception
|move|p2a: Ariana Grande|Healing Wish|p2a: Ariana Grande
|faint|p2a: Ariana Grande
|
|-weather|Snowscape|[upkeep]
|upkeep
|
|t:|1779567844
|switch|p2a: Lord of the Rings|Hoopa-Unbound|100/100
|turn|8
|
|t:|1779567849
|switch|p1a: Corviknight|Corviknight, F|29/100
|-ability|p1a: Corviknight|Pressure
|move|p2a: Lord of the Rings|Drain Punch|p1a: Corviknight
|-damage|p1a: Corviknight|2/100
|-damage|p2a: Lord of the Rings|84/100|[from] item: Rocky Helmet|[of] p1a: Corviknight
|-damage|p2a: Lord of the Rings|74/100|[from] item: Life Orb
|
|-weather|Snowscape|[upkeep]
|upkeep
|turn|9
|
|t:|1779567866
|move|p2a: Lord of the Rings|Expanding Force|p1a: Corviknight
|-resisted|p1a: Corviknight
|-damage|p1a: Corviknight|0 fnt
|faint|p1a: Corviknight
|-damage|p2a: Lord of the Rings|64/100|[from] item: Life Orb
|
|-weather|Snowscape|[upkeep]
|upkeep
|
|t:|1779567875
|switch|p1a: Slowking|Slowking-Galar, M, shiny|100/100
|turn|10
|
|t:|1779567882
|-prepare|p1a: Slowking|Chilly Reception|[premajor]
|move|p1a: Slowking|Chilly Reception|p1a: Slowking
|
|t:|1779567885
|switch|p1a: Great Tusk|Great Tusk|100/100|[from] Chilly Reception
|move|p2a: Lord of the Rings|Hyperspace Fury|p1a: Great Tusk
|-resisted|p1a: Great Tusk
|-damage|p1a: Great Tusk|70/100
|-unboost|p2a: Lord of the Rings|def|1
|-damage|p2a: Lord of the Rings|54/100|[from] item: Life Orb
|
|-weather|Snowscape|[upkeep]
|-fieldend|move: Trick Room
|-fieldend|move: Psychic Terrain
|upkeep
|turn|11
|
|t:|1779567899
|move|p1a: Great Tusk|Ice Spinner|p2a: Lord of the Rings
|-damage|p2a: Lord of the Rings|0 fnt
|faint|p2a: Lord of the Rings
|
|-weather|none
|upkeep
|
|t:|1779567905
|switch|p2a: Murkrow|Murkrow, M|100/100
|turn|12
|
|t:|1779567909
|move|p2a: Murkrow|Tailwind|p2a: Murkrow
|-sidestart|p2: skyrim-alberto|move: Tailwind
|move|p1a: Great Tusk|Ice Spinner|p2a: Murkrow
|-supereffective|p2a: Murkrow
|-damage|p2a: Murkrow|0 fnt
|faint|p2a: Murkrow
|
|upkeep
|
|t:|1779567916
|switch|p2a: Kyurem|Kyurem|100/100
|-ability|p2a: Kyurem|Pressure
|turn|13
|
|t:|1779567928
|-terastallize|p1a: Great Tusk|Steel
|move|p2a: Kyurem|Icicle Spear|p1a: Great Tusk
|-resisted|p1a: Great Tusk
|-damage|p1a: Great Tusk|65/100
|-resisted|p1a: Great Tusk
|-damage|p1a: Great Tusk|60/100
|-resisted|p1a: Great Tusk
|-damage|p1a: Great Tusk|54/100
|-resisted|p1a: Great Tusk
|-damage|p1a: Great Tusk|50/100
|-hitcount|p1a: Great Tusk|4
|move|p1a: Great Tusk|Headlong Rush|p2a: Kyurem
|-damage|p2a: Kyurem|44/100
|-unboost|p1a: Great Tusk|def|1
|-unboost|p1a: Great Tusk|spd|1
|
|upkeep
|turn|14
|
|t:|1779567944
|move|p2a: Kyurem|Earth Power|p1a: Great Tusk
|-supereffective|p1a: Great Tusk
|-damage|p1a: Great Tusk|0 fnt
|faint|p1a: Great Tusk
|-end|p1a: Great Tusk|Protosynthesis|[silent]
|
|upkeep
|
|t:|1779567947
|switch|p1a: Slowking|Slowking-Galar, M, shiny|100/100
|turn|15
|
|t:|1779567953
|move|p2a: Kyurem|Icicle Spear|p1a: Slowking
|-damage|p1a: Slowking|85/100
|-damage|p1a: Slowking|71/100
|-damage|p1a: Slowking|55/100
|-damage|p1a: Slowking|40/100
|-damage|p1a: Slowking|24/100
|-hitcount|p1a: Slowking|5
|-prepare|p1a: Slowking|Chilly Reception|[premajor]
|move|p1a: Slowking|Chilly Reception|p1a: Slowking
|-weather|Snowscape
|
|t:|1779567956
|switch|p1a: Meowscarada|Meowscarada, F, shiny|100/100|[from] Chilly Reception
|
|-weather|Snowscape|[upkeep]
|-sideend|p2: skyrim-alberto|move: Tailwind
|upkeep
|turn|16
|
|t:|1779567970
|switch|p2a: Class weirdo|Mimikyu-Busted, M|88/100
|-heal|p2a: Class weirdo|100/100|[from] move: Healing Wish
|move|p1a: Meowscarada|Knock Off|p2a: Class weirdo
|-start|p1a: Meowscarada|typechange|Dark|[from] ability: Protean
|-damage|p2a: Class weirdo|62/100
|
|-weather|Snowscape|[upkeep]
|upkeep
|turn|17
|
|t:|1779567981
|switch|p1a: Iron Moth|Iron Moth|100/100
|move|p2a: Class weirdo|Trick Room|p2a: Class weirdo
|-fieldstart|move: Trick Room|[of] p2a: Class weirdo
|
|-weather|Snowscape|[upkeep]
|upkeep
|turn|18
|
|t:|1779567987
|move|p2a: Class weirdo|Curse|p1a: Iron Moth
|-start|p1a: Iron Moth|Curse|[of] p2a: Class weirdo
|-damage|p2a: Class weirdo|12/100
|move|p1a: Iron Moth|Sludge Wave|p2a: Class weirdo
|-damage|p2a: Class weirdo|0 fnt
|faint|p2a: Class weirdo
|
|-weather|Snowscape|[upkeep]
|-damage|p1a: Iron Moth|76/100|[from] Curse
|upkeep
|
|t:|1779567998
|switch|p2a: Kyurem|Kyurem|44/100
|-ability|p2a: Kyurem|Pressure
|turn|19
|
|t:|1779568008
|move|p2a: Kyurem|Earth Power|p1a: Iron Moth
|-supereffective|p1a: Iron Moth
|-damage|p1a: Iron Moth|0 fnt
|faint|p1a: Iron Moth
|-end|p1a: Iron Moth|Quark Drive|[silent]
|
|-weather|none
|upkeep
|
|t:|1779568014
|switch|p1a: Slowking|Slowking-Galar, M, shiny|57/100
|turn|20
|
|t:|1779568020
|-prepare|p1a: Slowking|Chilly Reception|[premajor]
|move|p1a: Slowking|Chilly Reception|p1a: Slowking
|-weather|Snowscape
|
|t:|1779568022
|switch|p1a: Meowscarada|Meowscarada, F, shiny|100/100|[from] Chilly Reception
|move|p2a: Kyurem|Earth Power|p1a: Meowscarada
|-resisted|p1a: Meowscarada
|-damage|p1a: Meowscarada|76/100
|
|-weather|Snowscape|[upkeep]
|upkeep
|turn|21
|
|t:|1779568031
|switch|p1a: Slowking|Slowking-Galar, M, shiny|91/100
|move|p2a: Kyurem|Icicle Spear|p1a: Slowking
|-damage|p1a: Slowking|75/100
|-damage|p1a: Slowking|59/100
|-damage|p1a: Slowking|45/100
|-damage|p1a: Slowking|30/100
|-damage|p1a: Slowking|15/100
|-hitcount|p1a: Slowking|5
|
|-weather|Snowscape|[upkeep]
|-fieldend|move: Trick Room
|upkeep
|turn|22
|
|t:|1779568045
|move|p2a: Kyurem|Earth Power|p1a: Slowking
|-supereffective|p1a: Slowking
|-damage|p1a: Slowking|0 fnt
|faint|p1a: Slowking
|
|-weather|Snowscape|[upkeep]
|upkeep
|
|t:|1779568051
|switch|p1a: Meowscarada|Meowscarada, F, shiny|76/100
|turn|23
|
|t:|1779568055
|move|p1a: Meowscarada|Knock Off|p2a: Kyurem
|-start|p1a: Meowscarada|typechange|Dark|[from] ability: Protean
|-damage|p2a: Kyurem|0 fnt
|-enditem|p2a: Kyurem|Loaded Dice|[from] move: Knock Off|[of] p1a: Meowscarada
|faint|p2a: Kyurem
|
|win|bytor19
|raw|bytor19's rating: 1421 &rarr; <strong>1444</strong><br />(+23 for winning)
|raw|skyrim-alberto's rating: 1481 &rarr; <strong>1458</strong><br />(-23 for losing)
|l|☆bytor19
|player|p1|
