|j|☆carciox
|j|☆excafrost
|t:|1779716914
|gametype|singles
|player|p1|carciox|169|1395
|player|p2|excafrost|gambler|1342
|gen|9
|tier|[Gen 9] OU
|rated|
|rule|HP Percentage Mod: HP is shown in percentages
|rule|Endless Battle Clause: Forcing endless battles is banned
|rule|Species Clause: Limit one of each Pokémon
|rule|OHKO Clause: OHKO moves are banned
|rule|Evasion Items Clause: Evasion items are banned
|rule|Evasion Moves Clause: Evasion moves are banned
|rule|Evasion Abilities Clause: Evasion abilities are banned
|rule|Sleep Moves Clause: Sleep-inducing moves are banned
|clearpoke
|poke|p1|Kingambit, F|
|poke|p1|Cinderace, F|
|poke|p1|Landorus-Therian, M|
|poke|p1|Iron Valiant|
|poke|p1|Kyurem|
|poke|p1|Slowking-Galar, M|
|poke|p2|Quaquaval, F|
|poke|p2|Rillaboom, M|
|poke|p2|Hawlucha, M|
|poke|p2|Iron Treads|
|poke|p2|Dragapult, F|
|poke|p2|Raging Bolt|
|teampreview
|inactive|Battle timer is ON: inactive players will automatically lose when time's up. (requested by carciox)
|l|☆excafrost
|inactive|excafrost disconnected and has a minute to reconnect!
|player|p2|
|j|☆excafrost
|inactive|excafrost reconnected and has 140 seconds left.
|player|p2|excafrost|gambler|
|
|t:|1779716935
|teamsize|p1|6
|teamsize|p2|6
|start
|switch|p1a: Cinderace|Cinderace, F, shiny|100/100
|switch|p2a: Dragapult|Dragapult, F, shiny|100/100
|turn|1
|
|t:|1779716946
|move|p2a: Dragapult|Thunder Wave|p1a: Cinderace
|-status|p1a: Cinderace|par
|move|p1a: Cinderace|U-turn|p2a: Dragapult
|-resisted|p2a: Dragapult
|-damage|p2a: Dragapult|88/100
|
|t:|1779716958
|switch|p1a: Kingambit|Kingambit, F|100/100|[from] U-turn
|
|upkeep
|turn|2
|
|t:|1779716975
|switch|p2a: Quaquaval|Quaquaval, F, shiny|100/100
|move|p1a: Kingambit|Iron Head|p2a: Quaquaval
|-resisted|p2a: Quaquaval
|-damage|p2a: Quaquaval|68/100
|
|upkeep
|turn|3
|inactive|carciox has 120 seconds left.
|
|t:|1779717021
|-end|p1a: Kingambit|fallenundefined|[silent]
|switch|p1a: Landorus|Landorus-Therian, M, shiny|100/100
|-ability|p1a: Landorus|Intimidate|boost
|-unboost|p2a: Quaquaval|atk|1
|move|p2a: Quaquaval|Aqua Step|p1a: Landorus
|-supereffective|p1a: Landorus
|-damage|p1a: Landorus|52/100
|-boost|p2a: Quaquaval|spe|1
|-damage|p2a: Quaquaval|52/100|[from] item: Rocky Helmet|[of] p1a: Landorus
|
|upkeep
|turn|4
|
|t:|1779717035
|switch|p1a: Kyurem|Kyurem, shiny|100/100
|-ability|p1a: Kyurem|Pressure
|move|p2a: Quaquaval|Triple Axel|p1a: Kyurem
|-damage|p1a: Kyurem|96/100
|-damage|p1a: Kyurem|88/100
|-damage|p1a: Kyurem|76/100
|-hitcount|p1a: Kyurem|3
|
|-heal|p1a: Kyurem|82/100|[from] item: Leftovers
|upkeep
|turn|5
|
|t:|1779717047
|move|p2a: Quaquaval|Close Combat|p1a: Kyurem
|-supereffective|p1a: Kyurem
|-damage|p1a: Kyurem|10/100
|-unboost|p2a: Quaquaval|def|1
|-unboost|p2a: Quaquaval|spd|1
|move|p1a: Kyurem|Substitute|p1a: Kyurem
|-fail|p1a: Kyurem|move: Substitute|[weak]
|
|-heal|p1a: Kyurem|17/100|[from] item: Leftovers
|upkeep
|turn|6
|
|t:|1779717058
|switch|p1a: Landorus|Landorus-Therian, M, shiny|52/100
|-ability|p1a: Landorus|Intimidate|boost
|-unboost|p2a: Quaquaval|atk|1
|move|p2a: Quaquaval|Knock Off|p1a: Landorus
|-damage|p1a: Landorus|38/100
|-damage|p2a: Quaquaval|35/100|[from] item: Rocky Helmet|[of] p1a: Landorus
|-enditem|p1a: Landorus|Rocky Helmet|[from] move: Knock Off|[of] p2a: Quaquaval
|
|upkeep
|turn|7
|
|t:|1779717068
|switch|p2a: Rillaboom|Rillaboom, M|100/100
|-fieldstart|move: Grassy Terrain|[from] ability: Grassy Surge|[of] p2a: Rillaboom
|move|p1a: Landorus|Earthquake|p2a: Rillaboom
|-resisted|p2a: Rillaboom
|-damage|p2a: Rillaboom|88/100
|
|-heal|p2a: Rillaboom|94/100|[from] Grassy Terrain
|upkeep
|turn|8
|
|t:|1779717084
|move|p2a: Rillaboom|Grassy Glide|p1a: Landorus
|-damage|p1a: Landorus|0 fnt
|faint|p1a: Landorus
|
|-heal|p2a: Rillaboom|99/100|[from] Grassy Terrain
|upkeep
|
|t:|1779717095
|switch|p1a: Kingambit|Kingambit, F|100/100
|-activate|p1a: Kingambit|ability: Supreme Overlord
|-start|p1a: Kingambit|fallen1|[silent]
|turn|9
|
|t:|1779717122
|switch|p2a: Iron Treads|Iron Treads|100/100
|-enditem|p2a: Iron Treads|Booster Energy
|-activate|p2a: Iron Treads|ability: Quark Drive|[fromitem]
|-start|p2a: Iron Treads|quarkdrivespe
|move|p1a: Kingambit|Swords Dance|p1a: Kingambit
|-boost|p1a: Kingambit|atk|2
|
|upkeep
|turn|10
|
|t:|1779717137
|-terastallize|p1a: Kingambit|Flying
|move|p2a: Iron Treads|Earth Power|p1a: Kingambit
|-immune|p1a: Kingambit
|move|p1a: Kingambit|Swords Dance|p1a: Kingambit
|-boost|p1a: Kingambit|atk|2
|
|upkeep
|turn|11
|
|t:|1779717147
|move|p2a: Iron Treads|Steel Beam|p1a: Kingambit
|-damage|p1a: Kingambit|49/100
|-damage|p2a: Iron Treads|50/100|[from] steelbeam
|move|p1a: Kingambit|Kowtow Cleave|p2a: Iron Treads
|-damage|p2a: Iron Treads|0 fnt
|faint|p2a: Iron Treads
|-end|p2a: Iron Treads|Quark Drive|[silent]
|
|-heal|p1a: Kingambit|56/100|[from] item: Leftovers
|-fieldend|move: Grassy Terrain
|upkeep
|
|t:|1779717155
|switch|p2a: Raging Bolt|Raging Bolt|100/100
|-enditem|p2a: Raging Bolt|Booster Energy
|-activate|p2a: Raging Bolt|ability: Protosynthesis|[fromitem]
|-start|p2a: Raging Bolt|protosynthesisspa
|turn|12
|inactive|carciox has 120 seconds left.
|
|t:|1779717162
|move|p2a: Raging Bolt|Thunderclap||[still]
|-fail|p2a: Raging Bolt
|move|p1a: Kingambit|Swords Dance|p1a: Kingambit
|-boost|p1a: Kingambit|atk|2
|
|-heal|p1a: Kingambit|62/100|[from] item: Leftovers
|upkeep
|turn|13
|
|t:|1779717170
|move|p2a: Raging Bolt|Thunderclap|p1a: Kingambit
|-supereffective|p1a: Kingambit
|-damage|p1a: Kingambit|0 fnt
|faint|p1a: Kingambit
|-end|p1a: Kingambit|fallen1|[silent]
|
|upkeep
|inactive|carciox has 120 seconds left.
|c|☆carciox|??
|c|☆carciox|How?
|c|☆excafrost|fym how
|c|☆carciox|Why would you go for the same move again
|c|☆carciox|So impossible to play
|c|☆excafrost|why wouldnt I??
|
|t:|1779717206
|switch|p1a: Kyurem|Kyurem, shiny|17/100
|-ability|p1a: Kyurem|Pressure
|turn|14
|
|t:|1779717211
|-terastallize|p2a: Raging Bolt|Fairy
|move|p1a: Kyurem|Freeze-Dry|p2a: Raging Bolt
|-damage|p2a: Raging Bolt|69/100
|move|p2a: Raging Bolt|Calm Mind|p2a: Raging Bolt
|-boost|p2a: Raging Bolt|spa|1
|-boost|p2a: Raging Bolt|spd|1
|
|-heal|p1a: Kyurem|23/100|[from] item: Leftovers
|upkeep
|turn|15
|
|t:|1779717223
|switch|p1a: Iron Valiant|Iron Valiant|100/100
|-enditem|p1a: Iron Valiant|Booster Energy
|-activate|p1a: Iron Valiant|ability: Quark Drive|[fromitem]
|-start|p1a: Iron Valiant|quarkdrivespe
|move|p2a: Raging Bolt|Thunderclap||[still]
|-fail|p2a: Raging Bolt
|
|upkeep
|turn|16
|
|t:|1779717231
|move|p2a: Raging Bolt|Thunderclap||[still]
|-fail|p2a: Raging Bolt
|move|p1a: Iron Valiant|Encore|p2a: Raging Bolt
|-start|p2a: Raging Bolt|Encore
|
|upkeep
|turn|17
|
|t:|1779717239
|move|p2a: Raging Bolt|Thunderclap||[still]
|-fail|p2a: Raging Bolt
|move|p1a: Iron Valiant|Calm Mind|p1a: Iron Valiant
|-boost|p1a: Iron Valiant|spa|1
|-boost|p1a: Iron Valiant|spd|1
|
|upkeep
|turn|18
|inactive|carciox has 120 seconds left.
|
|t:|1779717245
|move|p2a: Raging Bolt|Thunderclap||[still]
|-fail|p2a: Raging Bolt
|move|p1a: Iron Valiant|Calm Mind|p1a: Iron Valiant
|-boost|p1a: Iron Valiant|spa|1
|-boost|p1a: Iron Valiant|spd|1
|
|upkeep
|turn|19
|
|t:|1779717252
|move|p2a: Raging Bolt|Thunderclap||[still]
|-fail|p2a: Raging Bolt
|move|p1a: Iron Valiant|Calm Mind|p1a: Iron Valiant
|-boost|p1a: Iron Valiant|spa|1
|-boost|p1a: Iron Valiant|spd|1
|
|-end|p2a: Raging Bolt|Encore
|upkeep
|turn|20
|
|t:|1779717261
|move|p1a: Iron Valiant|Encore|p2a: Raging Bolt
|-start|p2a: Raging Bolt|Encore
|move|p2a: Raging Bolt|Thunderclap||[still]
|-fail|p2a: Raging Bolt
|
|-end|p2a: Raging Bolt|Encore
|upkeep
|turn|21
|
|t:|1779717275
|move|p1a: Iron Valiant|Moonblast|p2a: Raging Bolt
|-damage|p2a: Raging Bolt|0 fnt
|faint|p2a: Raging Bolt
|-end|p2a: Raging Bolt|Protosynthesis|[silent]
|
|upkeep
|
|t:|1779717278
|switch|p2a: Rillaboom|Rillaboom, M|99/100
|-fieldstart|move: Grassy Terrain|[from] ability: Grassy Surge|[of] p2a: Rillaboom
|turn|22
|c|☆carciox|Such a strange decision
|
|t:|1779717289
|move|p2a: Rillaboom|Grassy Glide|p1a: Iron Valiant
|-damage|p1a: Iron Valiant|28/100
|move|p1a: Iron Valiant|Moonblast|p2a: Rillaboom
|-damage|p2a: Rillaboom|0 fnt
|faint|p2a: Rillaboom
|
|-heal|p1a: Iron Valiant|34/100|[from] Grassy Terrain
|upkeep
|
|t:|1779717292
|switch|p2a: Hawlucha|Hawlucha, M|100/100
|-enditem|p2a: Hawlucha|Grassy Seed
|-boost|p2a: Hawlucha|def|1|[from] item: Grassy Seed
|turn|23
|
|t:|1779717306
|move|p2a: Hawlucha|Acrobatics|p1a: Iron Valiant
|-supereffective|p1a: Iron Valiant
|-damage|p1a: Iron Valiant|0 fnt
|faint|p1a: Iron Valiant
|-end|p1a: Iron Valiant|Quark Drive|[silent]
|
|upkeep
|c|☆carciox|???
|c|☆carciox|Why fast
|c|☆excafrost|unburden
|c|☆carciox|I am fast
|c|☆excafrost|how do u not know that
|c|☆carciox|???
|inactive|carciox has 120 seconds left.
|c|☆carciox|I have boost
|
|t:|1779717336
|switch|p1a: Slowking|Slowking-Galar, M, shiny|100/100
|turn|24
|c|☆excafrost|ok and i have unburden?
|inactive|carciox has 120 seconds left.
|
|t:|1779717348
|move|p2a: Hawlucha|Swords Dance|p2a: Hawlucha
|-boost|p2a: Hawlucha|atk|2
|move|p1a: Slowking|Psychic Noise|p2a: Hawlucha
|-supereffective|p2a: Hawlucha
|-damage|p2a: Hawlucha|20/100
|-start|p2a: Hawlucha|move: Heal Block
|
|upkeep
|turn|25
|inactive|carciox has 120 seconds left.
|
|t:|1779717362
|move|p2a: Hawlucha|Acrobatics|p1a: Slowking
|-damage|p1a: Slowking|0 fnt
|faint|p1a: Slowking
|
|-end|p2a: Hawlucha|move: Heal Block
|upkeep
|inactive|carciox has 120 seconds left.
|c|☆carciox|Still...
|c|☆excafrost|oh ur stupid stupid
|c|☆excafrost|i didnt realise
|c|☆carciox|Whatever that means no way you are faster
|
|t:|1779717388
|switch|p1a: Cinderace|Cinderace, F, shiny|100/100 par
|turn|26
|c|☆excafrost|ur genuinely an idiot
|
|t:|1779717398
|move|p2a: Hawlucha|Acrobatics|p1a: Cinderace
|-damage|p1a: Cinderace|0 fnt
|faint|p1a: Cinderace
|
|-fieldend|move: Grassy Terrain
|upkeep
|c|☆carciox|??
|inactive|carciox has 90 seconds left.
|c|☆carciox|So you are fast and your attacks maul and massacre
|c|☆excafrost|go play roblox or smth this game is too complex for someone like you
|c|☆carciox|Why not calling the admin
|c|☆carciox|I am actually losing this
|c|☆carciox|So impossible
|c|☆excafrost|yh bc ur shit
|
|t:|1779717452
|switch|p1a: Kyurem|Kyurem, shiny|23/100
|-ability|p1a: Kyurem|Pressure
|turn|27
|c|☆carciox|Are you faster than Kyurem too?
|inactive|carciox has 60 seconds left.
|c|☆carciox|So dubious
|c|☆excafrost|bro unburden gives u 2x speed u stupid dick
|c|☆carciox|So Buggy
|c|☆carciox|Be polite
|c|☆excafrost|genuinely sub-80 iq
|c|☆carciox|????
|inactive|carciox has 30 seconds left.
|c|☆excafrost|ive never met someone so slow in the head
|c|☆carciox|I peaked at 1650 elo
|inactive|carciox has 20 seconds left.
|
|t:|1779717510
|move|p1a: Kyurem|Protect|p1a: Kyurem
|-singleturn|p1a: Kyurem|Protect
|move|p2a: Hawlucha|Close Combat|p1a: Kyurem
|-activate|p1a: Kyurem|move: Protect
|
|-heal|p1a: Kyurem|29/100|[from] item: Leftovers
|upkeep
|turn|28
|inactive|carciox has 30 seconds left this turn.
|c|☆excafrost|thats not high
|
|t:|1779717520
|move|p2a: Hawlucha|Close Combat|p1a: Kyurem
|-supereffective|p1a: Kyurem
|-damage|p1a: Kyurem|0 fnt
|-unboost|p2a: Hawlucha|def|1
|-unboost|p2a: Hawlucha|spd|1
|faint|p1a: Kyurem
|
|win|excafrost
