|j|☆Raijin Zerachu
|j|☆gtrt667
|t:|1779677417
|gametype|singles
|player|p1|Raijin Zerachu|volkner|1364
|player|p2|gtrt667|n|1379
|gen|9
|tier|[Gen 9] OU
|rated|
|rule|HP Percentage Mod: HP is shown in percentages
|rule|Endless Battle Clause: Forcing endless battles is banned
|rule|Species Clause: Limit one of each Pokémon
|rule|OHKO Clause: OHKO moves are banned
|rule|Evasion Items Clause: Evasion items are banned
|rule|Evasion Moves Clause: Evasion moves are banned
|rule|Evasion Abilities Clause: Evasion abilities are banned
|rule|Sleep Moves Clause: Sleep-inducing moves are banned
|clearpoke
|poke|p1|Kilowattrel, M|
|poke|p1|Glimmora, F|
|poke|p1|Tinkaton, F|
|poke|p1|Meowscarada, F|
|poke|p1|Skeledirge, M|
|poke|p1|Quaquaval, M|
|poke|p2|Infernape, M|
|poke|p2|Darkrai|
|poke|p2|Clefable, F|
|poke|p2|Corviknight, M|
|poke|p2|Iron Treads|
|poke|p2|Dragonite, M|
|teampreview
|inactive|Battle timer is ON: inactive players will automatically lose when time's up. (requested by Raijin Zerachu)
|
|t:|1779677441
|teamsize|p1|6
|teamsize|p2|6
|start
|switch|p1a: Selena Kyle|Meowscarada, F|100/100
|switch|p2a: Iron Treads|Iron Treads|100/100
|turn|1
|
|t:|1779677454
|-end|p2a: Iron Treads|Quark Drive|[silent]
|switch|p2a: Corviknight|Corviknight, M|100/100
|-ability|p2a: Corviknight|Pressure
|move|p1a: Selena Kyle|Knock Off|p2a: Corviknight
|-start|p1a: Selena Kyle|typechange|Dark|[from] ability: Protean
|-damage|p2a: Corviknight|74/100
|-damage|p1a: Selena Kyle|84/100|[from] item: Rocky Helmet|[of] p2a: Corviknight
|-enditem|p2a: Corviknight|Rocky Helmet|[from] move: Knock Off|[of] p1a: Selena Kyle
|
|upkeep
|turn|2
|
|t:|1779677464
|switch|p1a: Crikey|Skeledirge, M|100/100
|move|p2a: Corviknight|U-turn|p1a: Crikey
|-resisted|p1a: Crikey
|-damage|p1a: Crikey|98/100
|
|t:|1779677475
|switch|p2a: Darkrai|Darkrai|100/100|[from] U-turn
|
|upkeep
|turn|3
|
|t:|1779677484
|switch|p1a: Selena Kyle|Meowscarada, F|84/100
|move|p2a: Darkrai|Dark Pulse|p1a: Selena Kyle
|-resisted|p1a: Selena Kyle
|-crit|p1a: Selena Kyle
|-damage|p1a: Selena Kyle|35/100
|
|upkeep
|turn|4
|
|t:|1779677491
|switch|p2a: Corviknight|Corviknight, M|74/100
|-ability|p2a: Corviknight|Pressure
|move|p1a: Selena Kyle|U-turn|p2a: Corviknight
|-start|p1a: Selena Kyle|typechange|Bug|[from] ability: Protean
|-resisted|p2a: Corviknight
|-crit|p2a: Corviknight
|-damage|p2a: Corviknight|67/100
|
|t:|1779677503
|switch|p1a: Amy Rose|Tinkaton, F|100/100|[from] U-turn
|-ability|p1a: Amy Rose|Mold Breaker
|-item|p1a: Amy Rose|Air Balloon
|
|upkeep
|turn|5
|
|t:|1779677509
|move|p1a: Amy Rose|Thunder Wave|p2a: Corviknight
|-status|p2a: Corviknight|par
|move|p2a: Corviknight|U-turn|p1a: Amy Rose
|-resisted|p1a: Amy Rose
|-damage|p1a: Amy Rose|96/100
|-enditem|p1a: Amy Rose|Air Balloon
|
|t:|1779677514
|switch|p2a: Infernape|Infernape, M|100/100|[from] U-turn
|
|upkeep
|turn|6
|
|t:|1779677523
|switch|p1a: Crikey|Skeledirge, M|98/100
|move|p2a: Infernape|U-turn|p1a: Crikey
|-resisted|p1a: Crikey
|-damage|p1a: Crikey|93/100
|
|t:|1779677526
|switch|p2a: Darkrai|Darkrai|100/100|[from] U-turn
|
|upkeep
|turn|7
|
|t:|1779677535
|switch|p1a: Amy Rose|Tinkaton, F|96/100
|-ability|p1a: Amy Rose|Mold Breaker
|move|p2a: Darkrai|Dark Pulse|p1a: Amy Rose
|-resisted|p1a: Amy Rose
|-damage|p1a: Amy Rose|83/100
|
|upkeep
|turn|8
|
|t:|1779677542
|switch|p2a: Corviknight|Corviknight, M|67/100 par
|-ability|p2a: Corviknight|Pressure
|move|p1a: Amy Rose|Stealth Rock|p2a: Corviknight
|-sidestart|p2: gtrt667|move: Stealth Rock
|
|upkeep
|turn|9
|
|t:|1779677549
|switch|p1a: Zipdeus|Kilowattrel, M|100/100
|move|p2a: Corviknight|Roost|p2a: Corviknight
|-heal|p2a: Corviknight|100/100 par
|-singleturn|p2a: Corviknight|move: Roost
|
|upkeep
|turn|10
|
|t:|1779677570
|switch|p2a: Clefable|Clefable, F|100/100
|move|p1a: Zipdeus|Tailwind|p1a: Zipdeus
|-sidestart|p1: Raijin Zerachu|move: Tailwind
|
|upkeep
|turn|11
|
|t:|1779677576
|move|p1a: Zipdeus|Discharge|p2a: Clefable
|-damage|p2a: Clefable|75/100
|move|p2a: Clefable|Stealth Rock|p1a: Zipdeus
|-sidestart|p1: Raijin Zerachu|move: Stealth Rock
|
|-heal|p2a: Clefable|81/100|[from] item: Leftovers
|upkeep
|turn|12
|
|t:|1779677585
|switch|p1a: Amy Rose|Tinkaton, F|83/100
|-damage|p1a: Amy Rose|77/100|[from] Stealth Rock
|-ability|p1a: Amy Rose|Mold Breaker
|move|p2a: Clefable|Moonblast|p1a: Amy Rose
|-resisted|p1a: Amy Rose
|-damage|p1a: Amy Rose|68/100
|
|-heal|p2a: Clefable|87/100|[from] item: Leftovers
|upkeep
|turn|13
|
|t:|1779677596
|switch|p2a: Corviknight|Corviknight, M|100/100 par
|-damage|p2a: Corviknight|88/100 par|[from] Stealth Rock
|-ability|p2a: Corviknight|Pressure
|move|p1a: Amy Rose|Gigaton Hammer|p2a: Corviknight
|-resisted|p2a: Corviknight
|-damage|p2a: Corviknight|75/100 par
|
|-sideend|p1: Raijin Zerachu|move: Tailwind
|upkeep
|turn|14
|
|t:|1779677617
|switch|p1a: Crikey|Skeledirge, M|93/100
|move|p2a: Corviknight|U-turn|p1a: Crikey
|-resisted|p1a: Crikey
|-damage|p1a: Crikey|91/100
|
|t:|1779677622
|switch|p2a: Darkrai|Darkrai|100/100|[from] U-turn
|
|upkeep
|turn|15
|
|t:|1779677638
|switch|p1a: Amy Rose|Tinkaton, F|68/100
|-damage|p1a: Amy Rose|62/100|[from] Stealth Rock
|-ability|p1a: Amy Rose|Mold Breaker
|move|p2a: Darkrai|Dark Pulse|p1a: Amy Rose
|-resisted|p1a: Amy Rose
|-damage|p1a: Amy Rose|47/100
|
|upkeep
|turn|16
|
|t:|1779677650
|switch|p2a: Corviknight|Corviknight, M|75/100 par
|-damage|p2a: Corviknight|63/100 par|[from] Stealth Rock
|-ability|p2a: Corviknight|Pressure
|switch|p1a: Duck Season|Quaquaval, M|100/100
|
|upkeep
|turn|17
|
|t:|1779677663
|move|p1a: Duck Season|Rapid Spin|p2a: Corviknight
|-resisted|p2a: Corviknight
|-damage|p2a: Corviknight|57/100 par
|-boost|p1a: Duck Season|spe|1
|-sideend|p1: Raijin Zerachu|Stealth Rock|[from] move: Rapid Spin|[of] p1a: Duck Season
|move|p2a: Corviknight|Roost|p2a: Corviknight
|-heal|p2a: Corviknight|100/100 par
|-singleturn|p2a: Corviknight|move: Roost
|
|upkeep
|turn|18
|
|t:|1779677673
|switch|p1a: Crikey|Skeledirge, M|91/100
|move|p2a: Corviknight|U-turn|p1a: Crikey
|-resisted|p1a: Crikey
|-damage|p1a: Crikey|89/100
|
|t:|1779677677
|switch|p2a: Darkrai|Darkrai|100/100|[from] U-turn
|
|upkeep
|turn|19
|
|t:|1779677692
|switch|p1a: Amy Rose|Tinkaton, F|47/100
|-ability|p1a: Amy Rose|Mold Breaker
|move|p2a: Darkrai|Dark Pulse|p1a: Amy Rose
|-resisted|p1a: Amy Rose
|-damage|p1a: Amy Rose|33/100
|
|upkeep
|turn|20
|
|t:|1779677703
|switch|p2a: Corviknight|Corviknight, M|100/100 par
|-damage|p2a: Corviknight|88/100 par|[from] Stealth Rock
|-ability|p2a: Corviknight|Pressure
|switch|p1a: Zipdeus|Kilowattrel, M|100/100
|
|upkeep
|turn|21
|
|t:|1779677713
|switch|p2a: Iron Treads|Iron Treads|100/100
|move|p1a: Zipdeus|Discharge|p2a: Iron Treads
|-immune|p2a: Iron Treads
|
|upkeep
|turn|22
|
|t:|1779677719
|switch|p1a: Crikey|Skeledirge, M|89/100
|move|p2a: Iron Treads|Knock Off|p1a: Crikey
|-supereffective|p1a: Crikey
|-damage|p1a: Crikey|58/100
|-enditem|p1a: Crikey|Heavy-Duty Boots|[from] move: Knock Off|[of] p2a: Iron Treads
|
|upkeep
|turn|23
|
|t:|1779677732
|move|p2a: Iron Treads|Earthquake|p1a: Crikey
|-supereffective|p1a: Crikey
|-damage|p1a: Crikey|15/100
|move|p1a: Crikey|Slack Off|p1a: Crikey
|-heal|p1a: Crikey|65/100
|
|upkeep
|turn|24
|
|t:|1779677741
|-end|p2a: Iron Treads|Quark Drive|[silent]
|switch|p2a: Darkrai|Darkrai|100/100
|move|p1a: Crikey|Slack Off|p1a: Crikey
|-heal|p1a: Crikey|100/100
|
|upkeep
|turn|25
|
|t:|1779677753
|switch|p1a: Amy Rose|Tinkaton, F|33/100
|-ability|p1a: Amy Rose|Mold Breaker
|move|p2a: Darkrai|Dark Pulse|p1a: Amy Rose
|-resisted|p1a: Amy Rose
|-damage|p1a: Amy Rose|20/100
|
|upkeep
|turn|26
|
|t:|1779677763
|switch|p2a: Corviknight|Corviknight, M|88/100 par
|-damage|p2a: Corviknight|76/100 par|[from] Stealth Rock
|-ability|p2a: Corviknight|Pressure
|move|p1a: Amy Rose|Gigaton Hammer|p2a: Corviknight
|-resisted|p2a: Corviknight
|-damage|p2a: Corviknight|63/100 par
|
|upkeep
|turn|27
|
|t:|1779677781
|switch|p1a: Crikey|Skeledirge, M|100/100
|move|p2a: Corviknight|U-turn|p1a: Crikey
|-resisted|p1a: Crikey
|-damage|p1a: Crikey|98/100
|
|t:|1779677785
|switch|p2a: Darkrai|Darkrai|100/100|[from] U-turn
|
|upkeep
|turn|28
|
|t:|1779677790
|switch|p1a: Amy Rose|Tinkaton, F|20/100
|-ability|p1a: Amy Rose|Mold Breaker
|move|p2a: Darkrai|Nasty Plot|p2a: Darkrai
|-boost|p2a: Darkrai|spa|2
|
|upkeep
|turn|29
|
|t:|1779677798
|move|p2a: Darkrai|Dark Pulse|p1a: Amy Rose
|-resisted|p1a: Amy Rose
|-damage|p1a: Amy Rose|0 fnt
|faint|p1a: Amy Rose
|
|upkeep
|
|t:|1779677804
|switch|p1a: Selena Kyle|Meowscarada, F|35/100
|turn|30
|
|t:|1779677815
|switch|p2a: Corviknight|Corviknight, M|63/100 par
|-damage|p2a: Corviknight|50/100 par|[from] Stealth Rock
|-ability|p2a: Corviknight|Pressure
|move|p1a: Selena Kyle|U-turn|p2a: Corviknight
|-start|p1a: Selena Kyle|typechange|Bug|[from] ability: Protean
|-resisted|p2a: Corviknight
|-damage|p2a: Corviknight|45/100 par
|
|t:|1779677823
|switch|p1a: Crikey|Skeledirge, M|98/100|[from] U-turn
|
|upkeep
|turn|31
|
|t:|1779677831
|switch|p2a: Clefable|Clefable, F|87/100
|move|p1a: Crikey|Torch Song|p2a: Clefable
|-damage|p2a: Clefable|69/100
|-boost|p1a: Crikey|spa|1
|
|-heal|p2a: Clefable|75/100|[from] item: Leftovers
|upkeep
|turn|32
|
|t:|1779677839
|move|p1a: Crikey|Torch Song|p2a: Clefable
|-damage|p2a: Clefable|45/100
|-boost|p1a: Crikey|spa|1
|move|p2a: Clefable|Thunder Wave|p1a: Crikey
|-status|p1a: Crikey|par
|
|-heal|p2a: Clefable|51/100|[from] item: Leftovers
|upkeep
|turn|33
|
|t:|1779677850
|move|p2a: Clefable|Stealth Rock|p1a: Crikey
|-sidestart|p1: Raijin Zerachu|move: Stealth Rock
|move|p1a: Crikey|Torch Song|p2a: Clefable
|-damage|p2a: Clefable|14/100
|-boost|p1a: Crikey|spa|1
|
|-heal|p2a: Clefable|20/100|[from] item: Leftovers
|upkeep
|turn|34
|
|t:|1779677857
|move|p2a: Clefable|Moonlight|p2a: Clefable
|-heal|p2a: Clefable|70/100
|cant|p1a: Crikey|par
|
|-heal|p2a: Clefable|76/100|[from] item: Leftovers
|upkeep
|turn|35
|
|t:|1779677867
|move|p2a: Clefable|Moonblast|p1a: Crikey
|-resisted|p1a: Crikey
|-damage|p1a: Crikey|80/100 par
|move|p1a: Crikey|Torch Song|p2a: Clefable
|-crit|p2a: Clefable
|-damage|p2a: Clefable|7/100
|-boost|p1a: Crikey|spa|1
|
|-heal|p2a: Clefable|13/100|[from] item: Leftovers
|upkeep
|turn|36
|
|t:|1779677875
|move|p2a: Clefable|Moonblast|p1a: Crikey
|-resisted|p1a: Crikey
|-damage|p1a: Crikey|63/100 par
|-unboost|p1a: Crikey|spa|1
|move|p1a: Crikey|Torch Song|p2a: Clefable
|-damage|p2a: Clefable|0 fnt
|-boost|p1a: Crikey|spa|1
|faint|p2a: Clefable
|
|upkeep
|
|t:|1779677882
|switch|p2a: Darkrai|Darkrai|100/100
|turn|37
|
|t:|1779677888
|move|p2a: Darkrai|Dark Pulse|p1a: Crikey
|-supereffective|p1a: Crikey
|-damage|p1a: Crikey|0 fnt
|faint|p1a: Crikey
|
|upkeep
|
|t:|1779677897
|switch|p1a: Duck Season|Quaquaval, M|100/100
|turn|38
|
|t:|1779677902
|switch|p2a: Corviknight|Corviknight, M|45/100 par
|-damage|p2a: Corviknight|33/100 par|[from] Stealth Rock
|-ability|p2a: Corviknight|Pressure
|move|p1a: Duck Season|Rapid Spin|p2a: Corviknight
|-resisted|p2a: Corviknight
|-damage|p2a: Corviknight|27/100 par
|-boost|p1a: Duck Season|spe|1
|-sideend|p1: Raijin Zerachu|Stealth Rock|[from] move: Rapid Spin|[of] p1a: Duck Season
|
|upkeep
|turn|39
|
|t:|1779677916
|move|p1a: Duck Season|Aqua Step|p2a: Corviknight
|-damage|p2a: Corviknight|1/100 par
|-boost|p1a: Duck Season|spe|1
|move|p2a: Corviknight|Roost|p2a: Corviknight
|-heal|p2a: Corviknight|51/100 par
|-singleturn|p2a: Corviknight|move: Roost
|
|upkeep
|turn|40
|
|t:|1779677924
|move|p1a: Duck Season|Aqua Step|p2a: Corviknight
|-damage|p2a: Corviknight|25/100 par
|-boost|p1a: Duck Season|spe|1
|move|p2a: Corviknight|Roost|p2a: Corviknight
|-heal|p2a: Corviknight|75/100 par
|-singleturn|p2a: Corviknight|move: Roost
|
|upkeep
|turn|41
|
|t:|1779677933
|move|p1a: Duck Season|Aqua Step|p2a: Corviknight
|-damage|p2a: Corviknight|48/100 par
|-boost|p1a: Duck Season|spe|1
|cant|p2a: Corviknight|par
|
|upkeep
|turn|42
|
|t:|1779677946
|-terastallize|p1a: Duck Season|Fighting
|move|p1a: Duck Season|Close Combat|p2a: Corviknight
|-damage|p2a: Corviknight|0 fnt
|-unboost|p1a: Duck Season|def|1
|-unboost|p1a: Duck Season|spd|1
|faint|p2a: Corviknight
|-ability|p1a: Duck Season|Moxie|boost
|-boost|p1a: Duck Season|atk|1
|
|upkeep
|
|t:|1779677956
|switch|p2a: Dragonite|Dragonite, M|100/100
|turn|43
|
|t:|1779677971
|-terastallize|p2a: Dragonite|Normal
|move|p1a: Duck Season|Aqua Step|p2a: Dragonite
|-damage|p2a: Dragonite|68/100
|-boost|p1a: Duck Season|spe|1
|move|p2a: Dragonite|Dragon Dance|p2a: Dragonite
|-boost|p2a: Dragonite|atk|1
|-boost|p2a: Dragonite|spe|1
|
|upkeep
|turn|44
|
|t:|1779677980
|move|p2a: Dragonite|Extreme Speed|p1a: Duck Season
|-damage|p1a: Duck Season|0 fnt
|faint|p1a: Duck Season
|
|upkeep
|
|t:|1779678000
|switch|p1a: Zipdeus|Kilowattrel, M|100/100
|turn|45
|
|t:|1779678006
|move|p2a: Dragonite|Extreme Speed|p1a: Zipdeus
|-enditem|p1a: Zipdeus|Focus Sash
|-damage|p1a: Zipdeus|1/100
|move|p1a: Zipdeus|Tailwind|p1a: Zipdeus
|-sidestart|p1: Raijin Zerachu|move: Tailwind
|
|upkeep
|turn|46
|
|t:|1779678012
|move|p2a: Dragonite|Extreme Speed|p1a: Zipdeus
|-damage|p1a: Zipdeus|0 fnt
|faint|p1a: Zipdeus
|
|upkeep
|
|t:|1779678016
|switch|p1a: Tox Rox|Glimmora, F|100/100
|turn|47
|
|t:|1779678019
|move|p1a: Tox Rox|Power Gem|p2a: Dragonite
|-damage|p2a: Dragonite|2/100
|-damage|p1a: Tox Rox|91/100|[from] item: Life Orb
|move|p2a: Dragonite|Earthquake|p1a: Tox Rox
|-supereffective|p1a: Tox Rox
|-damage|p1a: Tox Rox|0 fnt
|-activate|p1a: Tox Rox|ability: Toxic Debris
|-sidestart|p2: gtrt667|move: Toxic Spikes
|faint|p1a: Tox Rox
|
|upkeep
|-message|Raijin Zerachu forfeited.
|
|win|gtrt667
|raw|Raijin Zerachu's rating: 1364 &rarr; <strong>1345</strong><br />(-19 for losing)
|raw|gtrt667's rating: 1379 &rarr; <strong>1398</strong><br />(+19 for winning)
|l|☆Raijin Zerachu
|player|p1|
|l|☆gtrt667
|player|p2|
