|j|☆Windy189
|j|☆Elesa13
|t:|1779597471
|gametype|singles
|player|p1|Windy189|170|1359
|player|p2|Elesa13|skierf|1460
|gen|9
|tier|[Gen 9] OU
|rated|
|rule|HP Percentage Mod: HP is shown in percentages
|rule|Endless Battle Clause: Forcing endless battles is banned
|rule|Species Clause: Limit one of each Pokémon
|rule|OHKO Clause: OHKO moves are banned
|rule|Evasion Items Clause: Evasion items are banned
|rule|Evasion Moves Clause: Evasion moves are banned
|rule|Evasion Abilities Clause: Evasion abilities are banned
|rule|Sleep Moves Clause: Sleep-inducing moves are banned
|clearpoke
|poke|p1|Blaziken, M|
|poke|p1|Darkrai|
|poke|p1|Dragonite, M|
|poke|p1|Skeledirge, F|
|poke|p1|Pawmot, F|
|poke|p1|Great Tusk|
|poke|p2|Pincurchin, M|
|poke|p2|Iron Valiant|
|poke|p2|Iron Boulder|
|poke|p2|Iron Moth|
|poke|p2|Iron Treads|
|poke|p2|Alomomola, F|
|teampreview
|inactive|Battle timer is ON: inactive players will automatically lose when time's up. (requested by Windy189)
|
|t:|1779597496
|teamsize|p1|6
|teamsize|p2|6
|start
|switch|p1a: Darkrai|Darkrai|100/100
|switch|p2a: Iron Valiant|Iron Valiant|100/100
|turn|1
|
|t:|1779597510
|-end|p2a: Iron Valiant|Quark Drive|[silent]
|switch|p2a: Iron Treads|Iron Treads|100/100
|move|p1a: Darkrai|Sludge Bomb|p2a: Iron Treads
|-immune|p2a: Iron Treads
|
|upkeep
|turn|2
|
|t:|1779597517
|move|p1a: Darkrai|Focus Blast|p2a: Iron Treads
|-supereffective|p2a: Iron Treads
|-damage|p2a: Iron Treads|31/100
|move|p2a: Iron Treads|Volt Switch|p1a: Darkrai
|-damage|p1a: Darkrai|86/100
|
|t:|1779597520
|-end|p2a: Iron Treads|Quark Drive|[silent]
|switch|p2a: Pincurchin|Pincurchin, M|100/100|[from] Volt Switch
|-fieldstart|move: Electric Terrain|[from] ability: Electric Surge|[of] p2a: Pincurchin
|
|upkeep
|turn|3
|
|t:|1779597529
|switch|p1a: Pawmot|Pawmot, F, shiny|100/100
|move|p2a: Pincurchin|Thunder Wave|p1a: Pawmot
|-immune|p1a: Pawmot|[from] ability: Volt Absorb
|
|upkeep
|turn|4
|
|t:|1779597536
|move|p1a: Pawmot|Knock Off|p2a: Pincurchin
|-damage|p2a: Pincurchin|71/100
|-enditem|p2a: Pincurchin|Terrain Extender|[from] move: Knock Off|[of] p1a: Pawmot
|move|p2a: Pincurchin|Toxic Spikes|p1a: Pawmot
|-sidestart|p1: Windy189|move: Toxic Spikes
|
|upkeep
|turn|5
|
|t:|1779597550
|switch|p2a: Iron Treads|Iron Treads|31/100
|-activate|p2a: Iron Treads|ability: Quark Drive
|-start|p2a: Iron Treads|quarkdriveatk
|move|p1a: Pawmot|Close Combat|p2a: Iron Treads
|-supereffective|p2a: Iron Treads
|-damage|p2a: Iron Treads|0 fnt
|-unboost|p1a: Pawmot|def|1
|-unboost|p1a: Pawmot|spd|1
|faint|p2a: Iron Treads
|-end|p2a: Iron Treads|Quark Drive|[silent]
|
|upkeep
|
|t:|1779597551
|switch|p2a: Iron Moth|Iron Moth|100/100
|-activate|p2a: Iron Moth|ability: Quark Drive
|-start|p2a: Iron Moth|quarkdrivespa
|turn|6
|
|t:|1779597565
|move|p2a: Iron Moth|Fire Blast|p1a: Pawmot|[miss]
|-miss|p2a: Iron Moth|p1a: Pawmot
|move|p1a: Pawmot|Double Shock|p2a: Iron Moth
|-damage|p2a: Iron Moth|0 fnt
|-start|p1a: Pawmot|typechange|???/Fighting|[from] move: Double Shock
|faint|p2a: Iron Moth
|-end|p2a: Iron Moth|Quark Drive|[silent]
|
|upkeep
|
|t:|1779597569
|switch|p2a: Iron Boulder|Iron Boulder|100/100
|-activate|p2a: Iron Boulder|ability: Quark Drive
|-start|p2a: Iron Boulder|quarkdrivespe
|turn|7
|
|t:|1779597580
|-terastallize|p2a: Iron Boulder|Fighting
|move|p2a: Iron Boulder|Swords Dance|p2a: Iron Boulder
|-boost|p2a: Iron Boulder|atk|2
|move|p1a: Pawmot|Close Combat|p2a: Iron Boulder
|-damage|p2a: Iron Boulder|24/100
|-unboost|p1a: Pawmot|def|1
|-unboost|p1a: Pawmot|spd|1
|
|upkeep
|turn|8
|
|t:|1779597595
|move|p2a: Iron Boulder|Earthquake|p1a: Pawmot
|-enditem|p1a: Pawmot|Focus Sash
|-damage|p1a: Pawmot|1/100
|-damage|p2a: Iron Boulder|14/100|[from] item: Life Orb
|move|p1a: Pawmot|Close Combat|p2a: Iron Boulder
|-damage|p2a: Iron Boulder|0 fnt
|-unboost|p1a: Pawmot|def|1
|-unboost|p1a: Pawmot|spd|1
|faint|p2a: Iron Boulder
|-end|p2a: Iron Boulder|Quark Drive|[silent]
|
|upkeep
|
|t:|1779597600
|switch|p2a: Iron Valiant|Iron Valiant|100/100
|-activate|p2a: Iron Valiant|ability: Quark Drive
|-start|p2a: Iron Valiant|quarkdrivespe
|turn|9
|
|t:|1779597628
|switch|p1a: Blaziken|Blaziken, M|100/100
|-status|p1a: Blaziken|psn
|move|p2a: Iron Valiant|Spirit Break|p1a: Blaziken
|-damage|p1a: Blaziken|17/100 psn
|-unboost|p1a: Blaziken|spa|1
|
|-damage|p1a: Blaziken|4/100 psn|[from] psn
|-fieldend|move: Electric Terrain
|-end|p2a: Iron Valiant|Quark Drive
|upkeep
|turn|10
|
|t:|1779597642
|move|p2a: Iron Valiant|Spirit Break|p1a: Blaziken
|-damage|p1a: Blaziken|0 fnt
|faint|p1a: Blaziken
|
|upkeep
|inactive|Windy189 has 120 seconds left.
|
|t:|1779597653
|switch|p1a: Dragonite|Dragonite, M|100/100
|turn|11
|
|t:|1779597658
|-terastallize|p1a: Dragonite|Fairy
|move|p2a: Iron Valiant|Spirit Break|p1a: Dragonite
|-damage|p1a: Dragonite|71/100
|-unboost|p1a: Dragonite|spa|1
|move|p1a: Dragonite|Dragon Dance|p1a: Dragonite
|-boost|p1a: Dragonite|atk|1
|-boost|p1a: Dragonite|spe|1
|
|-heal|p1a: Dragonite|77/100|[from] item: Leftovers
|upkeep
|turn|12
|
|t:|1779597672
|-end|p2a: Iron Valiant|Quark Drive|[silent]
|switch|p2a: Alomomola|Alomomola, F|100/100
|move|p1a: Dragonite|Earthquake|p2a: Alomomola
|-damage|p2a: Alomomola|76/100
|
|-heal|p1a: Dragonite|84/100|[from] item: Leftovers
|upkeep
|turn|13
|
|t:|1779597680
|switch|p1a: Great Tusk|Great Tusk|100/100
|-status|p1a: Great Tusk|psn
|-enditem|p1a: Great Tusk|Booster Energy
|-activate|p1a: Great Tusk|ability: Protosynthesis|[fromitem]
|-start|p1a: Great Tusk|protosynthesisatk
|move|p2a: Alomomola|Scald|p1a: Great Tusk
|-supereffective|p1a: Great Tusk
|-damage|p1a: Great Tusk|61/100 psn
|
|-damage|p1a: Great Tusk|49/100 psn|[from] psn
|upkeep
|turn|14
|
|t:|1779597692
|move|p1a: Great Tusk|Rapid Spin|p2a: Alomomola
|-damage|p2a: Alomomola|64/100
|-boost|p1a: Great Tusk|spe|1
|-damage|p1a: Great Tusk|32/100 psn|[from] item: Rocky Helmet|[of] p2a: Alomomola
|-sideend|p1: Windy189|Toxic Spikes|[from] move: Rapid Spin|[of] p1a: Great Tusk
|move|p2a: Alomomola|Flip Turn|p1a: Great Tusk
|-supereffective|p1a: Great Tusk
|-damage|p1a: Great Tusk|10/100 psn
|
|t:|1779597695
|switch|p2a: Pincurchin|Pincurchin, M|71/100|[from] Flip Turn
|-fieldstart|move: Electric Terrain|[from] ability: Electric Surge|[of] p2a: Pincurchin
|
|-damage|p1a: Great Tusk|0 fnt|[from] psn
|faint|p1a: Great Tusk
|-end|p1a: Great Tusk|Protosynthesis|[silent]
|upkeep
|
|t:|1779597708
|switch|p1a: Pawmot|Pawmot, F, shiny|1/100
|turn|15
|
|t:|1779597712
|move|p2a: Pincurchin|Sucker Punch||[still]
|-fail|p2a: Pincurchin
|move|p1a: Pawmot|Revival Blessing|p1a: Pawmot
|
|t:|1779597722
|-heal|p1: Great Tusk|50/100|[from] move: Revival Blessing
|
|upkeep
|turn|16
|
|t:|1779597731
|move|p1a: Pawmot|Knock Off|p2a: Pincurchin
|-damage|p2a: Pincurchin|48/100
|move|p2a: Pincurchin|Toxic Spikes|p1a: Pawmot
|-sidestart|p1: Windy189|move: Toxic Spikes
|
|upkeep
|turn|17
|
|t:|1779597738
|switch|p1a: Great Tusk|Great Tusk|50/100
|-status|p1a: Great Tusk|psn
|move|p2a: Pincurchin|Sucker Punch||[still]
|-fail|p2a: Pincurchin
|
|-damage|p1a: Great Tusk|38/100 psn|[from] psn
|upkeep
|turn|18
|
|t:|1779597747
|switch|p2a: Alomomola|Alomomola, F|97/100
|move|p1a: Great Tusk|Rapid Spin|p2a: Alomomola
|-crit|p2a: Alomomola
|-damage|p2a: Alomomola|83/100
|-boost|p1a: Great Tusk|spe|1
|-damage|p1a: Great Tusk|22/100 psn|[from] item: Rocky Helmet|[of] p2a: Alomomola
|-sideend|p1: Windy189|Toxic Spikes|[from] move: Rapid Spin|[of] p1a: Great Tusk
|
|-damage|p1a: Great Tusk|9/100 psn|[from] psn
|-fieldend|move: Electric Terrain
|upkeep
|turn|19
|
|t:|1779597764
|move|p1a: Great Tusk|Thunder Fang|p2a: Alomomola
|-supereffective|p2a: Alomomola
|-damage|p2a: Alomomola|59/100
|-damage|p1a: Great Tusk|0 fnt|[from] item: Rocky Helmet|[of] p2a: Alomomola
|faint|p1a: Great Tusk
|-end|p1a: Great Tusk|Protosynthesis|[silent]
|cant|p2a: Alomomola|flinch
|
|upkeep
|
|t:|1779597776
|switch|p1a: Pawmot|Pawmot, F, shiny|1/100
|turn|20
|
|t:|1779597779
|switch|p2a: Pincurchin|Pincurchin, M|48/100
|-fieldstart|move: Electric Terrain|[from] ability: Electric Surge|[of] p2a: Pincurchin
|move|p1a: Pawmot|Double Shock|p2a: Pincurchin
|-resisted|p2a: Pincurchin
|-damage|p2a: Pincurchin|10/100
|-start|p1a: Pawmot|typechange|???/Fighting|[from] move: Double Shock
|
|upkeep
|turn|21
|
|t:|1779597793
|move|p1a: Pawmot|Close Combat|p2a: Pincurchin
|-damage|p2a: Pincurchin|0 fnt
|-unboost|p1a: Pawmot|def|1
|-unboost|p1a: Pawmot|spd|1
|faint|p2a: Pincurchin
|
|upkeep
|
|t:|1779597795
|switch|p2a: Iron Valiant|Iron Valiant|100/100
|-activate|p2a: Iron Valiant|ability: Quark Drive
|-start|p2a: Iron Valiant|quarkdrivespe
|turn|22
|
|t:|1779597806
|move|p2a: Iron Valiant|Spirit Break|p1a: Pawmot
|-supereffective|p1a: Pawmot
|-damage|p1a: Pawmot|0 fnt
|faint|p1a: Pawmot
|
|upkeep
|
|t:|1779597817
|switch|p1a: Dragonite|Dragonite, M, tera:Fairy|84/100
|turn|23
|
|t:|1779597821
|move|p2a: Iron Valiant|Spirit Break|p1a: Dragonite
|-damage|p1a: Dragonite|28/100
|-unboost|p1a: Dragonite|spa|1
|move|p1a: Dragonite|Dragon Dance|p1a: Dragonite
|-boost|p1a: Dragonite|atk|1
|-boost|p1a: Dragonite|spe|1
|
|-heal|p1a: Dragonite|34/100|[from] item: Leftovers
|upkeep
|turn|24
|-message|Elesa13 forfeited.
|
|win|Windy189
|raw|Windy189's rating: 1359 &rarr; <strong>1385</strong><br />(+26 for winning)
|raw|Elesa13's rating: 1460 &rarr; <strong>1434</strong><br />(-26 for losing)
|l|☆Elesa13
|player|p2|
|l|☆Windy189
|player|p1|
