|j|☆bozumon
|j|☆hennyhardaway1
|t:|1779599733
|gametype|singles
|player|p1|bozumon|102|1312
|player|p2|hennyhardaway1|morty|1299
|gen|9
|tier|[Gen 9] OU
|rated|
|rule|HP Percentage Mod: HP is shown in percentages
|rule|Endless Battle Clause: Forcing endless battles is banned
|rule|Species Clause: Limit one of each Pokémon
|rule|OHKO Clause: OHKO moves are banned
|rule|Evasion Items Clause: Evasion items are banned
|rule|Evasion Moves Clause: Evasion moves are banned
|rule|Evasion Abilities Clause: Evasion abilities are banned
|rule|Sleep Moves Clause: Sleep-inducing moves are banned
|clearpoke
|poke|p1|Raging Bolt|
|poke|p1|Great Tusk|
|poke|p1|Gholdengo|
|poke|p1|Alomomola, M|
|poke|p1|Clodsire, M|
|poke|p1|Tornadus-Therian, M|
|poke|p2|Clefable, F|
|poke|p2|Araquanid, M|
|poke|p2|Dragonite, M|
|poke|p2|Great Tusk|
|poke|p2|Kingambit, M|
|poke|p2|Dragapult, F|
|teampreview
|inactive|Battle timer is ON: inactive players will automatically lose when time's up. (requested by bozumon)
|
|t:|1779599745
|teamsize|p1|6
|teamsize|p2|6
|start
|switch|p1a: Raging Bolt|Raging Bolt|100/100
|switch|p2a: Clefable|Clefable, F|100/100
|turn|1
|
|t:|1779599749
|-end|p1a: Raging Bolt|Protosynthesis|[silent]
|switch|p1a: Clodsire|Clodsire, M|100/100
|move|p2a: Clefable|Stealth Rock|p1a: Clodsire
|-sidestart|p1: bozumon|move: Stealth Rock
|
|upkeep
|turn|2
|
|t:|1779599753
|move|p2a: Clefable|Fire Blast|p1a: Clodsire|[miss]
|-miss|p2a: Clefable|p1a: Clodsire
|move|p1a: Clodsire|Stealth Rock|p2a: Clefable
|-sidestart|p2: hennyhardaway1|move: Stealth Rock
|
|upkeep
|turn|3
|
|t:|1779599757
|move|p2a: Clefable|Moonblast|p1a: Clodsire
|-resisted|p1a: Clodsire
|-damage|p1a: Clodsire|90/100
|move|p1a: Clodsire|Poison Jab|p2a: Clefable
|-supereffective|p2a: Clefable
|-damage|p2a: Clefable|55/100
|
|-heal|p2a: Clefable|61/100|[from] item: Leftovers
|-heal|p1a: Clodsire|96/100|[from] item: Leftovers
|upkeep
|turn|4
|
|t:|1779599767
|switch|p2a: Great Tusk|Great Tusk|100/100
|-damage|p2a: Great Tusk|97/100|[from] Stealth Rock
|move|p1a: Clodsire|Spikes|p2a: Great Tusk
|-sidestart|p2: hennyhardaway1|Spikes
|
|-heal|p2a: Great Tusk|100/100|[from] item: Leftovers
|-heal|p1a: Clodsire|100/100|[from] item: Leftovers
|upkeep
|turn|5
|
|t:|1779599772
|switch|p1a: Tornadus|Tornadus-Therian, M|100/100
|move|p2a: Great Tusk|Earthquake|p1a: Tornadus
|-immune|p1a: Tornadus
|
|upkeep
|turn|6
|
|t:|1779599776
|-end|p2a: Great Tusk|Protosynthesis|[silent]
|switch|p2a: Clefable|Clefable, F|61/100
|move|p1a: Tornadus|Knock Off|p2a: Clefable
|-resisted|p2a: Clefable
|-damage|p2a: Clefable|44/100
|-enditem|p2a: Clefable|Leftovers|[from] move: Knock Off|[of] p1a: Tornadus
|
|upkeep
|turn|7
|
|t:|1779599785
|move|p1a: Tornadus|U-turn|p2a: Clefable
|-resisted|p2a: Clefable
|-damage|p2a: Clefable|30/100
|
|t:|1779599787
|switch|p1a: Clodsire|Clodsire, M|100/100|[from] U-turn
|-damage|p1a: Clodsire|94/100|[from] Stealth Rock
|move|p2a: Clefable|Wish|p2a: Clefable
|
|-heal|p1a: Clodsire|100/100|[from] item: Leftovers
|upkeep
|turn|8
|
|t:|1779599799
|switch|p2a: Araquanid|Araquanid, M|100/100
|-damage|p2a: Araquanid|76/100|[from] Stealth Rock
|-damage|p2a: Araquanid|63/100|[from] Spikes
|move|p1a: Clodsire|Poison Jab|p2a: Araquanid
|-crit|p2a: Araquanid
|-damage|p2a: Araquanid|27/100
|
|-heal|p2a: Araquanid|85/100|[from] move: Wish|[wisher] Clefable
|upkeep
|turn|9
|
|t:|1779599816
|move|p2a: Araquanid|Sticky Web|p1a: Clodsire
|-sidestart|p1: bozumon|move: Sticky Web
|move|p1a: Clodsire|Poison Jab|p2a: Araquanid
|-damage|p2a: Araquanid|62/100
|-status|p2a: Araquanid|psn
|
|-damage|p2a: Araquanid|50/100 psn|[from] psn
|upkeep
|turn|10
|
|t:|1779599828
|switch|p1a: Raging Bolt|Raging Bolt|100/100
|-damage|p1a: Raging Bolt|88/100|[from] Stealth Rock
|-activate|p1a: Raging Bolt|move: Sticky Web
|-unboost|p1a: Raging Bolt|spe|1
|move|p2a: Araquanid|Endeavor|p1a: Raging Bolt
|-damage|p1a: Raging Bolt|37/100
|
|-damage|p2a: Araquanid|37/100 psn|[from] psn
|upkeep
|turn|11
|
|t:|1779599839
|move|p1a: Raging Bolt|Draco Meteor|p2a: Araquanid
|-damage|p2a: Araquanid|0 fnt
|-unboost|p1a: Raging Bolt|spa|2
|faint|p2a: Araquanid
|
|upkeep
|
|t:|1779599848
|switch|p2a: Clefable|Clefable, F|30/100
|turn|12
|
|t:|1779599853
|-end|p1a: Raging Bolt|Protosynthesis|[silent]
|switch|p1a: Clodsire|Clodsire, M|100/100
|-damage|p1a: Clodsire|94/100|[from] Stealth Rock
|-activate|p1a: Clodsire|move: Sticky Web
|-unboost|p1a: Clodsire|spe|1
|move|p2a: Clefable|Wish|p2a: Clefable
|
|-heal|p1a: Clodsire|100/100|[from] item: Leftovers
|upkeep
|turn|13
|
|t:|1779599859
|switch|p2a: Dragonite|Dragonite, M|100/100
|move|p1a: Clodsire|Poison Jab|p2a: Dragonite
|-damage|p2a: Dragonite|89/100
|
|-heal|p2a: Dragonite|100/100|[from] move: Wish|[wisher] Clefable
|upkeep
|turn|14
|
|t:|1779599868
|switch|p1a: Great Tusk|Great Tusk|100/100
|-damage|p1a: Great Tusk|97/100|[from] Stealth Rock
|-activate|p1a: Great Tusk|move: Sticky Web
|-unboost|p1a: Great Tusk|spe|1
|move|p2a: Dragonite|Dragon Dance|p2a: Dragonite
|-boost|p2a: Dragonite|atk|1
|-boost|p2a: Dragonite|spe|1
|
|upkeep
|turn|15
|
|t:|1779599880
|switch|p2a: Clefable|Clefable, F|30/100
|move|p1a: Great Tusk|Rapid Spin|p2a: Clefable
|-damage|p2a: Clefable|7/100
|-boost|p1a: Great Tusk|spe|1
|-sideend|p1: bozumon|Stealth Rock|[from] move: Rapid Spin|[of] p1a: Great Tusk
|-sideend|p1: bozumon|Sticky Web|[from] move: Rapid Spin|[of] p1a: Great Tusk
|
|upkeep
|turn|16
|
|t:|1779599885
|move|p1a: Great Tusk|Rapid Spin|p2a: Clefable
|-damage|p2a: Clefable|0 fnt
|-boost|p1a: Great Tusk|spe|1
|faint|p2a: Clefable
|
|upkeep
|
|t:|1779599887
|switch|p2a: Great Tusk|Great Tusk|100/100
|-damage|p2a: Great Tusk|97/100|[from] Stealth Rock
|-damage|p2a: Great Tusk|85/100|[from] Spikes
|turn|17
|
|t:|1779599892
|move|p1a: Great Tusk|Ice Spinner|p2a: Great Tusk
|-supereffective|p2a: Great Tusk
|-damage|p2a: Great Tusk|53/100
|move|p2a: Great Tusk|Rapid Spin|p1a: Great Tusk
|-damage|p1a: Great Tusk|88/100
|-boost|p2a: Great Tusk|spe|1
|-sideend|p2: hennyhardaway1|Spikes|[from] move: Rapid Spin|[of] p2a: Great Tusk
|-sideend|p2: hennyhardaway1|Stealth Rock|[from] move: Rapid Spin|[of] p2a: Great Tusk
|
|-heal|p2a: Great Tusk|59/100|[from] item: Leftovers
|upkeep
|turn|18
|
|t:|1779599899
|move|p2a: Great Tusk|Bulk Up|p2a: Great Tusk
|-boost|p2a: Great Tusk|atk|1
|-boost|p2a: Great Tusk|def|1
|move|p1a: Great Tusk|Ice Spinner|p2a: Great Tusk
|-supereffective|p2a: Great Tusk
|-damage|p2a: Great Tusk|41/100
|
|-heal|p2a: Great Tusk|48/100|[from] item: Leftovers
|upkeep
|turn|19
|
|t:|1779599905
|-end|p1a: Great Tusk|Protosynthesis|[silent]
|switch|p1a: Gholdengo|Gholdengo|100/100
|move|p2a: Great Tusk|Rapid Spin|p1a: Gholdengo
|-immune|p1a: Gholdengo
|
|-heal|p2a: Great Tusk|54/100|[from] item: Leftovers
|upkeep
|turn|20
|
|t:|1779599908
|move|p1a: Gholdengo|Trick|p2a: Great Tusk
|-activate|p1a: Gholdengo|move: Trick|[of] p2a: Great Tusk
|-item|p2a: Great Tusk|Choice Scarf|[from] move: Trick
|-item|p1a: Gholdengo|Leftovers|[from] move: Trick
|move|p2a: Great Tusk|Earthquake|p1a: Gholdengo
|-supereffective|p1a: Gholdengo
|-damage|p1a: Gholdengo|0 fnt
|faint|p1a: Gholdengo
|
|upkeep
|
|t:|1779599911
|switch|p1a: Tornadus|Tornadus-Therian, M|100/100
|turn|21
|
|t:|1779599922
|-end|p2a: Great Tusk|Protosynthesis|[silent]
|switch|p2a: Dragapult|Dragapult, F|100/100
|move|p1a: Tornadus|U-turn|p2a: Dragapult
|-resisted|p2a: Dragapult
|-damage|p2a: Dragapult|84/100
|
|t:|1779599932
|switch|p1a: Alomomola|Alomomola, M|100/100|[from] U-turn
|
|upkeep
|turn|22
|
|t:|1779599938
|switch|p2a: Kingambit|Kingambit, M|100/100
|-activate|p2a: Kingambit|ability: Supreme Overlord
|-start|p2a: Kingambit|fallen2|[silent]
|move|p1a: Alomomola|Wish|p1a: Alomomola
|
|upkeep
|turn|23
|
|t:|1779599944
|move|p1a: Alomomola|Flip Turn|p2a: Kingambit
|-damage|p2a: Kingambit|90/100
|
|t:|1779599945
|switch|p1a: Great Tusk|Great Tusk|88/100|[from] Flip Turn
|move|p2a: Kingambit|Swords Dance|p2a: Kingambit
|-boost|p2a: Kingambit|atk|2
|
|-heal|p1a: Great Tusk|100/100|[from] move: Wish|[wisher] Alomomola
|-heal|p2a: Kingambit|96/100|[from] item: Leftovers
|upkeep
|turn|24
|
|t:|1779599949
|-end|p2a: Kingambit|fallen2|[silent]
|switch|p2a: Great Tusk|Great Tusk|54/100
|move|p1a: Great Tusk|Close Combat|p2a: Great Tusk
|-damage|p2a: Great Tusk|19/100
|-unboost|p1a: Great Tusk|def|1
|-unboost|p1a: Great Tusk|spd|1
|
|upkeep
|turn|25
|
|t:|1779599955
|-end|p1a: Great Tusk|Protosynthesis|[silent]
|switch|p1a: Tornadus|Tornadus-Therian, M|100/100
|move|p2a: Great Tusk|Body Press|p1a: Tornadus
|-resisted|p1a: Tornadus
|-damage|p1a: Tornadus|72/100
|
|upkeep
|turn|26
|
|t:|1779599960
|move|p2a: Great Tusk|Body Press|p1a: Tornadus
|-resisted|p1a: Tornadus
|-damage|p1a: Tornadus|46/100
|move|p1a: Tornadus|U-turn|p2a: Great Tusk
|-resisted|p2a: Great Tusk
|-damage|p2a: Great Tusk|14/100
|
|t:|1779599970
|switch|p1a: Alomomola|Alomomola, M|100/100|[from] U-turn
|
|upkeep
|turn|27
|-message|hennyhardaway1 forfeited.
|
|win|bozumon
|raw|bozumon's rating: 1312 &rarr; <strong>1331</strong><br />(+19 for winning)
|raw|hennyhardaway1's rating: 1299 &rarr; <strong>1275</strong><br />(-24 for losing)
|l|☆hennyhardaway1
|player|p2|
