|badge|p1|silver|gen9ou|30-9
|uhtml|medal-msg|<div class="broadcast-blue">Curious what those medals under the avatar are? PS now has Ladder Seasons! For more information, check out the <a href="https://www.smogon.com/forums/threads/3740067/">thread on Smogon.</a></div>
|badge|p2|silver|gen9ou|30-9
|uhtml|medal-msg|<div class="broadcast-blue">Curious what those medals under the avatar are? PS now has Ladder Seasons! For more information, check out the <a href="https://www.smogon.com/forums/threads/3740067/">thread on Smogon.</a></div>
|j|☆Rj yoip
|j|☆omari p
|t:|1779557234
|gametype|singles
|player|p1|Rj yoip|caitlin-masters|1867
|player|p2|omari p|pokemonrangerf|1878
|gen|9
|tier|[Gen 9] OU
|rated|
|rule|HP Percentage Mod: HP is shown in percentages
|rule|Endless Battle Clause: Forcing endless battles is banned
|rule|Species Clause: Limit one of each Pokémon
|rule|OHKO Clause: OHKO moves are banned
|rule|Evasion Items Clause: Evasion items are banned
|rule|Evasion Moves Clause: Evasion moves are banned
|rule|Evasion Abilities Clause: Evasion abilities are banned
|rule|Sleep Moves Clause: Sleep-inducing moves are banned
|clearpoke
|poke|p1|Iron Treads|
|poke|p1|Landorus-Therian, M|
|poke|p1|Iron Valiant|
|poke|p1|Kingambit, M|
|poke|p1|Zamazenta-*|
|poke|p1|Primarina, M|
|poke|p2|Hoopa|
|poke|p2|Cinderace, F|
|poke|p2|Mandibuzz, F|
|poke|p2|Kyurem|
|poke|p2|Ting-Lu|
|poke|p2|Manaphy|
|teampreview
|inactive|Battle timer is ON: inactive players will automatically lose when time's up. (requested by Rj yoip)
|
|t:|1779557241
|teamsize|p1|6
|teamsize|p2|6
|start
|switch|p1a: Primarina|Primarina, M|100/100
|switch|p2a: Kyurem|Kyurem|100/100
|-ability|p2a: Kyurem|Pressure
|turn|1
|
|t:|1779557257
|switch|p2a: Hoopa|Hoopa|100/100
|move|p1a: Primarina|Moonblast|p2a: Hoopa
|-damage|p2a: Hoopa|59/100
|
|upkeep
|turn|2
|
|t:|1779557263
|move|p2a: Hoopa|Calm Mind|p2a: Hoopa
|-boost|p2a: Hoopa|spa|1
|-boost|p2a: Hoopa|spd|1
|move|p1a: Primarina|Flip Turn|p2a: Hoopa
|-damage|p2a: Hoopa|36/100
|
|t:|1779557266
|switch|p1a: Iron Valiant|Iron Valiant|100/100|[from] Flip Turn
|
|upkeep
|turn|3
|j| Faye Asteria
|
|t:|1779557270
|switch|p2a: Ting-Lucifer|Ting-Lu|100/100
|-ability|p2a: Ting-Lucifer|Vessel of Ruin
|move|p1a: Iron Valiant|Knock Off|p2a: Ting-Lucifer
|-resisted|p2a: Ting-Lucifer
|-damage|p2a: Ting-Lucifer|92/100
|-enditem|p2a: Ting-Lucifer|Weakness Policy|[from] move: Knock Off|[of] p1a: Iron Valiant
|
|upkeep
|turn|4
|
|t:|1779557271
|move|p1a: Iron Valiant|Moonblast|p2a: Ting-Lucifer
|-supereffective|p2a: Ting-Lucifer
|-damage|p2a: Ting-Lucifer|37/100
|-unboost|p2a: Ting-Lucifer|spa|1
|move|p2a: Ting-Lucifer|Heavy Slam|p1a: Iron Valiant
|-supereffective|p1a: Iron Valiant
|-damage|p1a: Iron Valiant|0 fnt
|faint|p1a: Iron Valiant
|-end|p1a: Iron Valiant|Quark Drive|[silent]
|
|upkeep
|
|t:|1779557274
|switch|p1a: Primarina|Primarina, M|100/100
|turn|5
|
|t:|1779557276
|move|p1a: Primarina|Moonblast|p2a: Ting-Lucifer
|-supereffective|p2a: Ting-Lucifer
|-damage|p2a: Ting-Lucifer|0 fnt
|faint|p2a: Ting-Lucifer
|
|upkeep
|
|t:|1779557278
|switch|p2a: Hoopa|Hoopa|36/100
|turn|6
|
|t:|1779557282
|move|p2a: Hoopa|Substitute|p2a: Hoopa
|-start|p2a: Hoopa|Substitute
|-damage|p2a: Hoopa|11/100
|-enditem|p2a: Hoopa|Aguav Berry|[eat]
|-heal|p2a: Hoopa|44/100|[from] item: Aguav Berry
|move|p1a: Primarina|Moonblast|p2a: Hoopa
|-end|p2a: Hoopa|Substitute
|
|upkeep
|turn|7
|
|t:|1779557285
|move|p2a: Hoopa|Shadow Ball|p1a: Primarina
|-damage|p1a: Primarina|71/100
|-item|p2a: Hoopa|Assault Vest|[from] ability: Magician|[of] p1a: Primarina
|move|p1a: Primarina|Moonblast|p2a: Hoopa
|-damage|p2a: Hoopa|15/100
|
|upkeep
|turn|8
|
|t:|1779557291
|move|p2a: Hoopa|Shadow Ball|p1a: Primarina
|-damage|p1a: Primarina|24/100
|move|p1a: Primarina|Flip Turn|p2a: Hoopa
|-damage|p2a: Hoopa|0 fnt
|faint|p2a: Hoopa
|
|t:|1779557299
|switch|p1a: Kingambit|Kingambit, M|100/100|[from] Flip Turn
|-activate|p1a: Kingambit|ability: Supreme Overlord
|-start|p1a: Kingambit|fallen1|[silent]
|
|upkeep
|
|t:|1779557302
|switch|p2a: Cinderace|Cinderace, F|100/100
|turn|9
|
|t:|1779557304
|-end|p1a: Kingambit|fallen1|[silent]
|switch|p1a: Landorus|Landorus-Therian, M|100/100
|-ability|p1a: Landorus|Intimidate|boost
|-unboost|p2a: Cinderace|atk|1
|move|p2a: Cinderace|Pyro Ball|p1a: Landorus
|-damage|p1a: Landorus|66/100
|-status|p1a: Landorus|brn
|
|-damage|p1a: Landorus|60/100 brn|[from] brn
|upkeep
|turn|10
|
|t:|1779557307
|move|p2a: Cinderace|Pyro Ball|p1a: Landorus
|-damage|p1a: Landorus|25/100 brn
|move|p1a: Landorus|Earth Power|p2a: Cinderace
|-supereffective|p2a: Cinderace
|-damage|p2a: Cinderace|9/100
|
|-damage|p1a: Landorus|19/100 brn|[from] brn
|upkeep
|turn|11
|
|t:|1779557309
|move|p2a: Cinderace|Pyro Ball|p1a: Landorus
|-damage|p1a: Landorus|0 fnt
|faint|p1a: Landorus
|
|upkeep
|
|t:|1779557311
|switch|p1a: Zamazenta|Zamazenta|100/100
|-ability|p1a: Zamazenta|Dauntless Shield|boost
|-boost|p1a: Zamazenta|def|1
|turn|12
|
|t:|1779557314
|switch|p2a: Mandibuzz|Mandibuzz, F, shiny|100/100
|move|p1a: Zamazenta|Crunch|p2a: Mandibuzz
|-resisted|p2a: Mandibuzz
|-damage|p2a: Mandibuzz|94/100
|-damage|p1a: Zamazenta|84/100|[from] item: Rocky Helmet|[of] p2a: Mandibuzz
|
|-heal|p1a: Zamazenta|90/100|[from] item: Leftovers
|upkeep
|turn|13
|
|t:|1779557318
|-terastallize|p1a: Zamazenta|Poison
|move|p1a: Zamazenta|Iron Defense|p1a: Zamazenta
|-boost|p1a: Zamazenta|def|2
|move|p2a: Mandibuzz|Toxic|p1a: Zamazenta
|-immune|p1a: Zamazenta
|
|-heal|p1a: Zamazenta|96/100|[from] item: Leftovers
|upkeep
|turn|14
|j| yuureisuisei
|
|t:|1779557323
|switch|p2a: Cinderace|Cinderace, F|9/100
|move|p1a: Zamazenta|Iron Defense|p1a: Zamazenta
|-boost|p1a: Zamazenta|def|2
|
|-heal|p1a: Zamazenta|100/100|[from] item: Leftovers
|upkeep
|turn|15
|
|t:|1779557326
|move|p1a: Zamazenta|Crunch|p2a: Cinderace
|-damage|p2a: Cinderace|0 fnt
|faint|p2a: Cinderace
|
|upkeep
|
|t:|1779557331
|switch|p2a: Kyurem|Kyurem|100/100
|-ability|p2a: Kyurem|Pressure
|turn|16
|
|t:|1779557334
|-terastallize|p2a: Kyurem|Ghost
|move|p2a: Kyurem|Earth Power|p1a: Zamazenta
|-supereffective|p1a: Zamazenta
|-crit|p1a: Zamazenta
|-damage|p1a: Zamazenta|24/100
|move|p1a: Zamazenta|Body Press|p2a: Kyurem
|-immune|p2a: Kyurem
|
|-heal|p1a: Zamazenta|30/100|[from] item: Leftovers
|upkeep
|turn|17
|
|t:|1779557337
|move|p2a: Kyurem|Earth Power|p1a: Zamazenta
|-supereffective|p1a: Zamazenta
|-damage|p1a: Zamazenta|0 fnt
|faint|p1a: Zamazenta
|
|upkeep
|
|t:|1779557339
|switch|p1a: Primarina|Primarina, M|24/100
|turn|18
|
|t:|1779557343
|move|p2a: Kyurem|Earth Power|p1a: Primarina
|-damage|p1a: Primarina|0 fnt
|faint|p1a: Primarina
|
|upkeep
|
|t:|1779557345
|switch|p1a: Kingambit|Kingambit, M|100/100
|-activate|p1a: Kingambit|ability: Supreme Overlord
|-start|p1a: Kingambit|fallen4|[silent]
|turn|19
|
|t:|1779557362
|move|p1a: Kingambit|Sucker Punch|p2a: Kyurem
|-supereffective|p2a: Kyurem
|-damage|p2a: Kyurem|0 fnt
|faint|p2a: Kyurem
|
|upkeep
|
|t:|1779557364
|switch|p2a: Manaphy|Manaphy|100/100
|turn|20
|
|t:|1779557366
|move|p2a: Manaphy|Scald|p1a: Kingambit
|-damage|p1a: Kingambit|71/100
|move|p1a: Kingambit|Swords Dance|p1a: Kingambit
|-boost|p1a: Kingambit|atk|2
|
|-heal|p1a: Kingambit|77/100|[from] item: Leftovers
|upkeep
|turn|21
|
|t:|1779557370
|move|p2a: Manaphy|Scald|p1a: Kingambit
|-damage|p1a: Kingambit|48/100
|move|p1a: Kingambit|Kowtow Cleave|p2a: Manaphy
|-damage|p2a: Manaphy|0 fnt
|faint|p2a: Manaphy
|
|-heal|p1a: Kingambit|54/100|[from] item: Leftovers
|upkeep
|
|t:|1779557374
|switch|p2a: Mandibuzz|Mandibuzz, F, shiny|94/100
|turn|22
|
|t:|1779557376
|move|p2a: Mandibuzz|Foul Play|p1a: Kingambit
|-resisted|p1a: Kingambit
|-damage|p1a: Kingambit|10/100
|move|p1a: Kingambit|Iron Head|p2a: Mandibuzz
|-damage|p2a: Mandibuzz|20/100
|-damage|p1a: Kingambit|0 fnt|[from] item: Rocky Helmet|[of] p2a: Mandibuzz
|faint|p1a: Kingambit
|-end|p1a: Kingambit|fallen4|[silent]
|
|upkeep
|
|t:|1779557379
|switch|p1a: Iron Treads|Iron Treads|100/100
|-enditem|p1a: Iron Treads|Booster Energy
|-activate|p1a: Iron Treads|ability: Quark Drive|[fromitem]
|-start|p1a: Iron Treads|quarkdrivespe
|turn|23
|
|t:|1779557381
|move|p1a: Iron Treads|Ice Spinner|p2a: Mandibuzz
|-supereffective|p2a: Mandibuzz
|-damage|p2a: Mandibuzz|0 fnt
|-damage|p1a: Iron Treads|84/100|[from] item: Rocky Helmet|[of] p2a: Mandibuzz
|faint|p2a: Mandibuzz
|
|win|Rj yoip
|raw|Rj yoip's rating: 1867 &rarr; <strong>1888</strong><br />(+21 for winning)
|raw|omari p's rating: 1878 &rarr; <strong>1857</strong><br />(-21 for losing)
|c|☆Rj yoip|Gg
|c|☆omari p|ok so i gotta take on that first
|l| yuureisuisei
|c|☆omari p|gg
|c|☆Rj yoip|Take what on
|l| Faye Asteria
|l|☆Rj yoip
|player|p1|
