|j|☆thirtiseven
|j|☆YumeKasumi76
|t:|1779689597
|gametype|singles
|player|p1|thirtiseven|baker|1290
|player|p2|YumeKasumi76|101|1327
|gen|9
|tier|[Gen 9] OU
|rated|
|rule|HP Percentage Mod: HP is shown in percentages
|rule|Endless Battle Clause: Forcing endless battles is banned
|rule|Species Clause: Limit one of each Pokémon
|rule|OHKO Clause: OHKO moves are banned
|rule|Evasion Items Clause: Evasion items are banned
|rule|Evasion Moves Clause: Evasion moves are banned
|rule|Evasion Abilities Clause: Evasion abilities are banned
|rule|Sleep Moves Clause: Sleep-inducing moves are banned
|clearpoke
|poke|p1|Iron Treads|
|poke|p1|Kyurem|
|poke|p1|Gholdengo|
|poke|p1|Alomomola, M|
|poke|p1|Vileplume, F|
|poke|p1|Ceruledge, M|
|poke|p2|Dragapult, M|
|poke|p2|Bisharp, F|
|poke|p2|Glimmora, F|
|poke|p2|Entei|
|poke|p2|Braviary-Hisui, M|
|poke|p2|Cloyster, F|
|teampreview
|inactive|Battle timer is ON: inactive players will automatically lose when time's up. (requested by YumeKasumi76)
|inactive|thirtiseven has 120 seconds left.
|inactive|thirtiseven has 90 seconds left.
|
|t:|1779689691
|teamsize|p1|6
|teamsize|p2|6
|start
|switch|p1a: Kyurem|Kyurem|100/100
|switch|p2a: Shellussy|Cloyster, F|100/100
|-ability|p1a: Kyurem|Pressure
|turn|1
|
|t:|1779689695
|switch|p2a: Bellator|Bisharp, F, shiny|100/100
|move|p1a: Kyurem|Freeze-Dry|p2a: Bellator
|-resisted|p2a: Bellator
|-damage|p2a: Bellator|87/100
|
|upkeep
|turn|2
|
|t:|1779689701
|move|p1a: Kyurem|Focus Blast|p2a: Bellator
|-supereffective|p2a: Bellator
|-damage|p2a: Bellator|0 fnt
|faint|p2a: Bellator
|
|upkeep
|
|t:|1779689704
|switch|p2a: Railgun|Dragapult, M|100/100
|turn|3
|
|t:|1779689708
|move|p2a: Railgun|Light Screen|p2a: Railgun
|-sidestart|p2: YumeKasumi76|move: Light Screen
|move|p1a: Kyurem|Ice Beam|p2a: Railgun
|-supereffective|p2a: Railgun
|-damage|p2a: Railgun|45/100
|
|upkeep
|turn|4
|
|t:|1779689715
|switch|p2a: Sovereign|Entei|100/100
|move|p1a: Kyurem|Ice Beam|p2a: Sovereign
|-resisted|p2a: Sovereign
|-damage|p2a: Sovereign|88/100
|
|upkeep
|turn|5
|
|t:|1779689732
|move|p1a: Kyurem|Earth Power|p2a: Sovereign
|-supereffective|p2a: Sovereign
|-damage|p2a: Sovereign|57/100
|move|p2a: Sovereign|Sacred Fire|p1a: Kyurem
|-crit|p1a: Kyurem
|-damage|p1a: Kyurem|29/100
|
|upkeep
|turn|6
|
|t:|1779689746
|move|p1a: Kyurem|Earth Power|p2a: Sovereign
|-supereffective|p2a: Sovereign
|-damage|p2a: Sovereign|24/100
|move|p2a: Sovereign|Sacred Fire|p1a: Kyurem
|-damage|p1a: Kyurem|0 fnt
|faint|p1a: Kyurem
|
|upkeep
|
|t:|1779689753
|switch|p1a: Ceruledge|Ceruledge, M|100/100
|-item|p1a: Ceruledge|Air Balloon
|turn|7
|
|t:|1779689758
|move|p2a: Sovereign|Stone Edge|p1a: Ceruledge|[miss]
|-miss|p2a: Sovereign|p1a: Ceruledge
|move|p1a: Ceruledge|Bulk Up|p1a: Ceruledge
|-boost|p1a: Ceruledge|atk|1
|-boost|p1a: Ceruledge|def|1
|-enditem|p2a: Sovereign|Mirror Herb
|-boost|p2a: Sovereign|atk|1|[from] item: Mirror Herb
|-boost|p2a: Sovereign|def|1|[from] item: Mirror Herb
|
|upkeep
|turn|8
|c|☆thirtiseven|ohhh?
|inactive|thirtiseven has 120 seconds left.
|
|t:|1779689790
|-terastallize|p2a: Sovereign|Normal
|move|p2a: Sovereign|Stone Edge|p1a: Ceruledge
|-supereffective|p1a: Ceruledge
|-damage|p1a: Ceruledge|18/100
|-enditem|p1a: Ceruledge|Air Balloon
|move|p1a: Ceruledge|Bulk Up|p1a: Ceruledge
|-boost|p1a: Ceruledge|atk|1
|-boost|p1a: Ceruledge|def|1
|
|upkeep
|turn|9
|inactive|thirtiseven has 120 seconds left.
|
|t:|1779689801
|move|p2a: Sovereign|Stone Edge|p1a: Ceruledge
|-supereffective|p1a: Ceruledge
|-damage|p1a: Ceruledge|0 fnt
|faint|p1a: Ceruledge
|
|upkeep
|inactive|thirtiseven has 120 seconds left.
|
|t:|1779689833
|switch|p1a: Alomomola|Alomomola, M|100/100
|turn|10
|
|t:|1779689837
|move|p2a: Sovereign|Sacred Fire|p1a: Alomomola|[miss]
|-miss|p2a: Sovereign|p1a: Alomomola
|move|p1a: Alomomola|Flip Turn|p2a: Sovereign
|-damage|p2a: Sovereign|14/100
|
|t:|1779689847
|switch|p1a: Iron Treads|Iron Treads|100/100|[from] Flip Turn
|
|-sideend|p2: YumeKasumi76|move: Light Screen
|upkeep
|turn|11
|
|t:|1779689853
|move|p2a: Sovereign|Extreme Speed|p1a: Iron Treads
|-resisted|p1a: Iron Treads
|-crit|p1a: Iron Treads
|-damage|p1a: Iron Treads|59/100
|move|p1a: Iron Treads|Earthquake|p2a: Sovereign
|-damage|p2a: Sovereign|0 fnt
|faint|p2a: Sovereign
|
|upkeep
|
|t:|1779689856
|switch|p2a: Railgun|Dragapult, M|45/100
|turn|12
|
|t:|1779689878
|move|p2a: Railgun|Reflect|p2a: Railgun
|-sidestart|p2: YumeKasumi76|Reflect
|move|p1a: Iron Treads|Knock Off|p2a: Railgun
|-supereffective|p2a: Railgun
|-damage|p2a: Railgun|13/100
|-enditem|p2a: Railgun|Light Clay|[from] move: Knock Off|[of] p1a: Iron Treads
|
|upkeep
|turn|13
|
|t:|1779689884
|move|p2a: Railgun|Light Screen|p2a: Railgun
|-sidestart|p2: YumeKasumi76|move: Light Screen
|move|p1a: Iron Treads|Knock Off|p2a: Railgun
|-supereffective|p2a: Railgun
|-damage|p2a: Railgun|0 fnt
|faint|p2a: Railgun
|
|upkeep
|
|t:|1779689887
|switch|p2a: Mentalist|Braviary-Hisui, M|100/100
|turn|14
|
|t:|1779689892
|move|p1a: Iron Treads|Knock Off|p2a: Mentalist
|-supereffective|p2a: Mentalist
|-damage|p2a: Mentalist|63/100
|-enditem|p2a: Mentalist|Weakness Policy
|-boost|p2a: Mentalist|atk|2|[from] item: Weakness Policy
|-boost|p2a: Mentalist|spa|2|[from] item: Weakness Policy
|move|p2a: Mentalist|Esper Wing|p1a: Iron Treads
|-resisted|p1a: Iron Treads
|-damage|p1a: Iron Treads|0 fnt
|-boost|p2a: Mentalist|spe|1
|faint|p1a: Iron Treads
|-end|p1a: Iron Treads|Quark Drive|[silent]
|
|upkeep
|
|t:|1779689913
|switch|p1a: Gholdengo|Gholdengo|100/100
|-item|p1a: Gholdengo|Air Balloon
|turn|15
|
|t:|1779689918
|move|p2a: Mentalist|Hurricane|p1a: Gholdengo|[miss]
|-miss|p2a: Mentalist|p1a: Gholdengo
|move|p1a: Gholdengo|Thunder Wave|p2a: Mentalist
|-status|p2a: Mentalist|par
|
|upkeep
|turn|16
|
|t:|1779689925
|move|p1a: Gholdengo|Hex|p2a: Mentalist
|-supereffective|p2a: Mentalist
|-damage|p2a: Mentalist|0 fnt
|faint|p2a: Mentalist
|
|upkeep
|
|t:|1779689927
|switch|p2a: Hikari|Glimmora, F|100/100
|turn|17
|
|t:|1779689932
|move|p2a: Hikari|Meteor Beam||[still]
|-prepare|p2a: Hikari|Meteor Beam
|-boost|p2a: Hikari|spa|1
|-enditem|p2a: Hikari|Power Herb
|-anim|p2a: Hikari|Meteor Beam|p1a: Gholdengo
|-resisted|p1a: Gholdengo
|-damage|p1a: Gholdengo|52/100
|-enditem|p1a: Gholdengo|Air Balloon
|move|p1a: Gholdengo|Thunder Wave|p2a: Hikari|[miss]
|-miss|p1a: Gholdengo|p2a: Hikari
|
|-sideend|p2: YumeKasumi76|move: Light Screen
|upkeep
|turn|18
|
|t:|1779689942
|move|p2a: Hikari|Earth Power|p1a: Gholdengo
|-supereffective|p1a: Gholdengo
|-damage|p1a: Gholdengo|0 fnt
|faint|p1a: Gholdengo
|
|upkeep
|inactive|thirtiseven has 120 seconds left.
|
|t:|1779689958
|switch|p1a: Vileplume|Vileplume, F|100/100
|turn|19
|inactive|thirtiseven has 120 seconds left.
|
|t:|1779689987
|move|p2a: Hikari|Meteor Beam||[still]
|-prepare|p2a: Hikari|Meteor Beam
|-boost|p2a: Hikari|spa|1
|move|p1a: Vileplume|Giga Drain|p2a: Hikari
|-damage|p2a: Hikari|65/100
|
|-sideend|p2: YumeKasumi76|Reflect
|upkeep
|turn|20
|inactive|thirtiseven has 90 seconds left.
|
|t:|1779690029
|move|p2a: Hikari|Meteor Beam|p1a: Vileplume|[from] lockedmove
|-damage|p1a: Vileplume|0 fnt
|faint|p1a: Vileplume
|
|upkeep
|
|t:|1779690032
|switch|p1a: Alomomola|Alomomola, M|100/100
|turn|21
|
|t:|1779690038
|move|p2a: Hikari|Mortal Spin|p1a: Alomomola
|-damage|p1a: Alomomola|97/100
|-status|p1a: Alomomola|psn
|move|p1a: Alomomola|Flip Turn|p2a: Hikari
|-supereffective|p2a: Hikari
|-damage|p2a: Hikari|26/100
|-activate|p2a: Hikari|ability: Toxic Debris
|-sidestart|p1: thirtiseven|move: Toxic Spikes
|
|-damage|p1a: Alomomola|85/100 psn|[from] psn
|upkeep
|turn|22
|inactive|thirtiseven has 90 seconds left.
|
|t:|1779690046
|move|p2a: Hikari|Earth Power|p1a: Alomomola
|-damage|p1a: Alomomola|10/100 psn
|move|p1a: Alomomola|Flip Turn|p2a: Hikari
|-supereffective|p2a: Hikari
|-damage|p2a: Hikari|0 fnt
|-activate|p2a: Hikari|ability: Toxic Debris
|-sidestart|p1: thirtiseven|move: Toxic Spikes
|faint|p2a: Hikari
|
|-damage|p1a: Alomomola|0 fnt|[from] psn
|faint|p1a: Alomomola
|
|win|YumeKasumi76
|raw|thirtiseven's rating: 1290 &rarr; <strong>1268</strong><br />(-22 for losing)
|raw|YumeKasumi76's rating: 1327 &rarr; <strong>1345</strong><br />(+18 for winning)
|l|☆thirtiseven
|player|p1|
|l|☆YumeKasumi76
|player|p2|
