|j|☆mastermar22
|j|☆immaterial-light
|t:|1779589895
|gametype|singles
|player|p1|mastermar22|volkner|1392
|player|p2|immaterial-light|265|1386
|gen|9
|tier|[Gen 9] OU
|rated|
|rule|HP Percentage Mod: HP is shown in percentages
|rule|Endless Battle Clause: Forcing endless battles is banned
|rule|Species Clause: Limit one of each Pokémon
|rule|OHKO Clause: OHKO moves are banned
|rule|Evasion Items Clause: Evasion items are banned
|rule|Evasion Moves Clause: Evasion moves are banned
|rule|Evasion Abilities Clause: Evasion abilities are banned
|rule|Sleep Moves Clause: Sleep-inducing moves are banned
|clearpoke
|poke|p1|Dragapult, M|
|poke|p1|Gliscor, M|
|poke|p1|Ogerpon-Wellspring, F|
|poke|p1|Iron Crown|
|poke|p1|Ting-Lu|
|poke|p1|Kingambit, F|
|poke|p2|Cresselia, F|
|poke|p2|Hatterene, F|
|poke|p2|Iron Hands|
|poke|p2|Ursaluna, M|
|poke|p2|Clawitzer, F|
|poke|p2|Porygon2|
|teampreview
|inactive|Battle timer is ON: inactive players will automatically lose when time's up. (requested by mastermar22)
|
|t:|1779589909
|teamsize|p1|6
|teamsize|p2|6
|start
|switch|p1a: Ting-Lu|Ting-Lu|100/100
|switch|p2a: Porygon2|Porygon2|100/100
|-ability|p1a: Ting-Lu|Vessel of Ruin
|-ability|p2a: Porygon2|Download|boost
|-boost|p2a: Porygon2|spa|1
|turn|1
|
|t:|1779589916
|switch|p2a: Hatterene|Hatterene, F|100/100
|move|p1a: Ting-Lu|Taunt|p2a: Hatterene
|move|p2a: Hatterene|Taunt|p1a: Ting-Lu|[from] ability: Magic Bounce
|-start|p1a: Ting-Lu|move: Taunt
|
|upkeep
|turn|2
|
|t:|1779589921
|move|p1a: Ting-Lu|Heavy Slam|p2a: Hatterene
|-supereffective|p2a: Hatterene
|-damage|p2a: Hatterene|38/100
|move|p2a: Hatterene|Trick Room|p2a: Hatterene
|-fieldstart|move: Trick Room|[of] p2a: Hatterene
|
|upkeep
|turn|3
|
|t:|1779589926
|switch|p2a: Clawitzer|Clawitzer, F|100/100
|move|p1a: Ting-Lu|Heavy Slam|p2a: Clawitzer
|-resisted|p2a: Clawitzer
|-damage|p2a: Clawitzer|84/100
|
|upkeep
|turn|4
|
|t:|1779589949
|move|p2a: Clawitzer|Aura Sphere|p1a: Ting-Lu
|-supereffective|p1a: Ting-Lu
|-damage|p1a: Ting-Lu|40/100
|move|p1a: Ting-Lu|Ruination|p2a: Clawitzer|[miss]
|-miss|p1a: Ting-Lu|p2a: Clawitzer
|
|-end|p1a: Ting-Lu|move: Taunt
|upkeep
|turn|5
|
|t:|1779589959
|switch|p2a: Ursaluna|Ursaluna, M|100/100
|switch|p1a: Dragapult|Dragapult, M|100/100
|
|-status|p2a: Ursaluna|brn|[from] item: Flame Orb
|upkeep
|turn|6
|
|t:|1779589974
|switch|p1a: Ting-Lu|Ting-Lu|40/100
|-ability|p1a: Ting-Lu|Vessel of Ruin
|move|p2a: Ursaluna|Facade|p1a: Ting-Lu
|-damage|p1a: Ting-Lu|0 fnt
|-damage|p2a: Ursaluna|84/100 brn|[from] item: Rocky Helmet|[of] p1a: Ting-Lu
|faint|p1a: Ting-Lu
|
|-damage|p2a: Ursaluna|78/100 brn|[from] brn
|-fieldend|move: Trick Room
|upkeep
|
|t:|1779589982
|switch|p1a: Ogerpon|Ogerpon-Wellspring, F|100/100
|turn|7
|
|t:|1779589991
|switch|p2a: Cresselia|Cresselia, F|100/100
|move|p1a: Ogerpon|Ivy Cudgel|p2a: Cresselia|[anim] Ivy Cudgel Water
|-damage|p2a: Cresselia|71/100
|
|upkeep
|turn|8
|
|t:|1779589998
|move|p1a: Ogerpon|Knock Off|p2a: Cresselia
|-supereffective|p2a: Cresselia
|-damage|p2a: Cresselia|33/100
|-enditem|p2a: Cresselia|Mental Herb|[from] move: Knock Off|[of] p1a: Ogerpon
|move|p2a: Cresselia|Trick Room|p2a: Cresselia
|-fieldstart|move: Trick Room|[of] p2a: Cresselia
|
|upkeep
|turn|9
|
|t:|1779590013
|switch|p1a: Gliscor|Gliscor, M|100/100
|move|p2a: Cresselia|Lunar Dance|p2a: Cresselia
|faint|p2a: Cresselia
|
|-status|p1a: Gliscor|tox|[from] item: Toxic Orb
|upkeep
|
|t:|1779590015
|switch|p2a: Hatterene|Hatterene, F|38/100
|-heal|p2a: Hatterene|100/100|[from] move: Lunar Dance
|turn|10
|
|t:|1779590021
|move|p2a: Hatterene|Psychic Noise|p1a: Gliscor
|-damage|p1a: Gliscor|61/100 tox
|-start|p1a: Gliscor|move: Heal Block
|move|p1a: Gliscor|Earthquake|p2a: Hatterene
|-damage|p2a: Hatterene|64/100
|
|upkeep
|turn|11
|
|t:|1779590033
|switch|p1a: Iron Crown|Iron Crown|100/100
|-enditem|p1a: Iron Crown|Booster Energy
|-activate|p1a: Iron Crown|ability: Quark Drive|[fromitem]
|-start|p1a: Iron Crown|quarkdrivespe
|move|p2a: Hatterene|Dazzling Gleam|p1a: Iron Crown
|-resisted|p1a: Iron Crown
|-crit|p1a: Iron Crown
|-damage|p1a: Iron Crown|66/100
|
|upkeep
|turn|12
|
|t:|1779590039
|switch|p2a: Porygon2|Porygon2|100/100
|-ability|p2a: Porygon2|Download|boost
|-boost|p2a: Porygon2|atk|1
|move|p1a: Iron Crown|Calm Mind|p1a: Iron Crown
|-boost|p1a: Iron Crown|spa|1
|-boost|p1a: Iron Crown|spd|1
|
|-fieldend|move: Trick Room
|upkeep
|turn|13
|
|t:|1779590047
|move|p1a: Iron Crown|Tachyon Cutter|p2a: Porygon2
|-damage|p2a: Porygon2|78/100
|-damage|p2a: Porygon2|54/100
|-hitcount|p2a: Porygon2|2
|move|p2a: Porygon2|Trick Room|p2a: Porygon2
|-fieldstart|move: Trick Room|[of] p2a: Porygon2
|
|upkeep
|turn|14
|
|t:|1779590065
|switch|p2a: Clawitzer|Clawitzer, F|84/100
|move|p1a: Iron Crown|Focus Blast|p2a: Clawitzer
|-damage|p2a: Clawitzer|23/100
|
|upkeep
|turn|15
|
|t:|1779590071
|move|p2a: Clawitzer|Dark Pulse|p1a: Iron Crown
|-supereffective|p1a: Iron Crown
|-damage|p1a: Iron Crown|0 fnt
|faint|p1a: Iron Crown
|-end|p1a: Iron Crown|Quark Drive|[silent]
|
|upkeep
|
|t:|1779590086
|switch|p1a: Gliscor|Gliscor, M|61/100 tox
|turn|16
|
|t:|1779590091
|move|p1a: Gliscor|Protect|p1a: Gliscor
|-singleturn|p1a: Gliscor|Protect
|move|p2a: Clawitzer|Dark Pulse|p1a: Gliscor
|-activate|p1a: Gliscor|move: Protect
|
|-heal|p1a: Gliscor|74/100 tox|[from] ability: Poison Heal
|upkeep
|turn|17
|
|t:|1779590106
|switch|p2a: Hatterene|Hatterene, F|64/100
|move|p1a: Gliscor|Toxic Spikes|p2a: Hatterene
|move|p2a: Hatterene|Toxic Spikes|p1a: Gliscor|[from] ability: Magic Bounce
|-sidestart|p1: mastermar22|move: Toxic Spikes
|
|-heal|p1a: Gliscor|86/100 tox|[from] ability: Poison Heal
|-fieldend|move: Trick Room
|upkeep
|turn|18
|
|t:|1779590120
|move|p1a: Gliscor|Earthquake|p2a: Hatterene
|-damage|p2a: Hatterene|26/100
|move|p2a: Hatterene|Trick Room|p2a: Hatterene
|-fieldstart|move: Trick Room|[of] p2a: Hatterene
|
|-heal|p1a: Gliscor|99/100 tox|[from] ability: Poison Heal
|upkeep
|turn|19
|
|t:|1779590128
|move|p2a: Hatterene|Healing Wish|p2a: Hatterene
|faint|p2a: Hatterene
|move|p1a: Gliscor|Earthquake|p2: Hatterene|[notarget]
|-fail|p1a: Gliscor
|
|-heal|p1a: Gliscor|100/100 tox|[from] ability: Poison Heal
|upkeep
|
|t:|1779590131
|switch|p2a: Clawitzer|Clawitzer, F|23/100
|-heal|p2a: Clawitzer|100/100|[from] move: Healing Wish
|turn|20
|
|t:|1779590139
|move|p1a: Gliscor|Protect|p1a: Gliscor
|-singleturn|p1a: Gliscor|Protect
|move|p2a: Clawitzer|Dragon Pulse|p1a: Gliscor
|-activate|p1a: Gliscor|move: Protect
|
|upkeep
|turn|21
|
|t:|1779590146
|move|p2a: Clawitzer|Dragon Pulse|p1a: Gliscor
|-crit|p1a: Gliscor
|-damage|p1a: Gliscor|6/100 tox
|move|p1a: Gliscor|Earthquake|p2a: Clawitzer
|-damage|p2a: Clawitzer|63/100
|
|-heal|p1a: Gliscor|19/100 tox|[from] ability: Poison Heal
|upkeep
|turn|22
|
|t:|1779590153
|move|p1a: Gliscor|Protect|p1a: Gliscor
|-singleturn|p1a: Gliscor|Protect
|move|p2a: Clawitzer|Dragon Pulse|p1a: Gliscor
|-activate|p1a: Gliscor|move: Protect
|
|-heal|p1a: Gliscor|31/100 tox|[from] ability: Poison Heal
|-fieldend|move: Trick Room
|upkeep
|turn|23
|
|t:|1779590163
|move|p1a: Gliscor|Earthquake|p2a: Clawitzer
|-damage|p2a: Clawitzer|28/100
|move|p2a: Clawitzer|Dragon Pulse|p1a: Gliscor
|-damage|p1a: Gliscor|0 fnt
|faint|p1a: Gliscor
|
|upkeep
|
|t:|1779590177
|switch|p1a: Ogerpon|Ogerpon-Wellspring, F|100/100
|-status|p1a: Ogerpon|psn
|turn|24
|
|t:|1779590190
|move|p1a: Ogerpon|Swords Dance|p1a: Ogerpon
|-boost|p1a: Ogerpon|atk|2
|move|p2a: Clawitzer|Dragon Pulse|p1a: Ogerpon
|-damage|p1a: Ogerpon|25/100 psn
|
|-damage|p1a: Ogerpon|13/100 psn|[from] psn
|upkeep
|turn|25
|inactive|immaterial-light has 120 seconds left.
|
|t:|1779590225
|move|p1a: Ogerpon|Horn Leech|p2a: Clawitzer
|-supereffective|p2a: Clawitzer
|-damage|p2a: Clawitzer|0 fnt
|-heal|p1a: Ogerpon|29/100 psn|[from] drain|[of] p2a: Clawitzer
|faint|p2a: Clawitzer
|
|-damage|p1a: Ogerpon|17/100 psn|[from] psn
|upkeep
|
|t:|1779590227
|switch|p2a: Porygon2|Porygon2|54/100
|-ability|p2a: Porygon2|Download|boost
|-boost|p2a: Porygon2|atk|1
|turn|26
|
|t:|1779590243
|-terastallize|p1a: Ogerpon|Water
|detailschange|p1a: Ogerpon|Ogerpon-Wellspring-Tera, F, tera:Water
|-ability|p1a: Ogerpon|Embody Aspect (Wellspring)|boost
|-boost|p1a: Ogerpon|spd|1
|move|p1a: Ogerpon|Ivy Cudgel|p2a: Porygon2|[anim] Ivy Cudgel Water
|-damage|p2a: Porygon2|0 fnt
|faint|p2a: Porygon2
|
|-damage|p1a: Ogerpon|4/100 psn|[from] psn
|upkeep
|
|t:|1779590246
|switch|p2a: Ursaluna|Ursaluna, M|78/100 brn
|turn|27
|
|t:|1779590252
|move|p2a: Ursaluna|Protect|p2a: Ursaluna
|-singleturn|p2a: Ursaluna|Protect
|move|p1a: Ogerpon|Horn Leech|p2a: Ursaluna
|-activate|p2a: Ursaluna|move: Protect
|
|-damage|p1a: Ogerpon|0 fnt|[from] psn
|faint|p1a: Ogerpon
|detailschange|p1: Ogerpon|Ogerpon-Wellspring, F|[silent]
|-damage|p2a: Ursaluna|72/100 brn|[from] brn
|upkeep
|
|t:|1779590257
|switch|p1a: Kingambit|Kingambit, F|100/100
|-activate|p1a: Kingambit|ability: Supreme Overlord
|-start|p1a: Kingambit|fallen4|[silent]
|-item|p1a: Kingambit|Air Balloon
|turn|28
|
|t:|1779590266
|move|p1a: Kingambit|Low Kick|p2a: Ursaluna
|-supereffective|p2a: Ursaluna
|-damage|p2a: Ursaluna|0 fnt
|faint|p2a: Ursaluna
|
|upkeep
|
|t:|1779590268
|switch|p2a: Iron Hands|Iron Hands|100/100
|-enditem|p2a: Iron Hands|Booster Energy
|-activate|p2a: Iron Hands|ability: Quark Drive|[fromitem]
|-start|p2a: Iron Hands|quarkdriveatk
|turn|29
|
|t:|1779590275
|move|p1a: Kingambit|Low Kick|p2a: Iron Hands
|-damage|p2a: Iron Hands|66/100
|move|p2a: Iron Hands|Swords Dance|p2a: Iron Hands
|-boost|p2a: Iron Hands|atk|2
|
|upkeep
|turn|30
|
|t:|1779590279
|move|p1a: Kingambit|Low Kick|p2a: Iron Hands
|-damage|p2a: Iron Hands|32/100
|move|p2a: Iron Hands|Drain Punch|p1a: Kingambit
|-supereffective|p1a: Kingambit
|-damage|p1a: Kingambit|0 fnt
|-heal|p2a: Iron Hands|65/100|[from] drain|[of] p1a: Kingambit
|-enditem|p1a: Kingambit|Air Balloon
|faint|p1a: Kingambit
|-end|p1a: Kingambit|fallen4|[silent]
|
|upkeep
|
|t:|1779590281
|switch|p1a: Dragapult|Dragapult, M|100/100
|turn|31
|
|t:|1779590286
|move|p1a: Dragapult|Will-O-Wisp|p2a: Iron Hands
|-status|p2a: Iron Hands|brn
|move|p2a: Iron Hands|Ice Punch|p1a: Dragapult
|-supereffective|p1a: Dragapult
|-damage|p1a: Dragapult|0 fnt
|faint|p1a: Dragapult
|
|win|immaterial-light
|raw|mastermar22's rating: 1392 &rarr; <strong>1372</strong><br />(-20 for losing)
|raw|immaterial-light's rating: 1386 &rarr; <strong>1406</strong><br />(+20 for winning)
|l|☆mastermar22
|player|p1|
