|j|☆AnOriginalName3
|j|☆Xoliduz
|t:|1779589490
|gametype|singles
|player|p1|AnOriginalName3|richboy-gen4|1499
|player|p2|Xoliduz|adaman|1586
|gen|9
|tier|[Gen 9] OU
|rated|
|rule|HP Percentage Mod: HP is shown in percentages
|rule|Endless Battle Clause: Forcing endless battles is banned
|rule|Species Clause: Limit one of each Pokémon
|rule|OHKO Clause: OHKO moves are banned
|rule|Evasion Items Clause: Evasion items are banned
|rule|Evasion Moves Clause: Evasion moves are banned
|rule|Evasion Abilities Clause: Evasion abilities are banned
|rule|Sleep Moves Clause: Sleep-inducing moves are banned
|clearpoke
|poke|p1|Ogerpon, F|
|poke|p1|Gliscor, F|
|poke|p1|Volcanion|
|poke|p1|Salazzle, F|
|poke|p1|Slither Wing|
|poke|p1|Cinccino, F|
|poke|p2|Pawmot, F|
|poke|p2|Iron Valiant|
|poke|p2|Kingambit, F|
|poke|p2|Dragonite, M|
|poke|p2|Pecharunt|
|poke|p2|Hawlucha, M|
|teampreview
|
|t:|1779589498
|teamsize|p1|6
|teamsize|p2|6
|start
|switch|p1a: Volcanion|Volcanion|100/100
|switch|p2a: Iron Valiant|Iron Valiant|100/100
|-enditem|p2a: Iron Valiant|Booster Energy
|-activate|p2a: Iron Valiant|ability: Quark Drive|[fromitem]
|-start|p2a: Iron Valiant|quarkdrivespe
|turn|1
|
|t:|1779589502
|move|p2a: Iron Valiant|Destiny Bond|p2a: Iron Valiant
|-singlemove|p2a: Iron Valiant|Destiny Bond
|move|p1a: Volcanion|Steam Eruption|p2a: Iron Valiant
|-damage|p2a: Iron Valiant|0 fnt
|faint|p2a: Iron Valiant
|-activate|p2a: Iron Valiant|move: Destiny Bond
|-end|p2a: Iron Valiant|Quark Drive|[silent]
|faint|p1a: Volcanion
|
|upkeep
|
|t:|1779589513
|switch|p2a: Hawlucha|Hawlucha, M|100/100
|switch|p1a: Cinccino|Cinccino, F|100/100
|-ability|p2a: Hawlucha|Mold Breaker
|turn|2
|
|t:|1779589519
|switch|p1a: Slither Wing|Slither Wing|100/100
|move|p2a: Hawlucha|Close Combat|p1a: Slither Wing
|-resisted|p1a: Slither Wing
|-damage|p1a: Slither Wing|81/100
|-unboost|p2a: Hawlucha|def|1
|-unboost|p2a: Hawlucha|spd|1
|-damage|p2a: Hawlucha|84/100|[from] item: Rocky Helmet|[of] p1a: Slither Wing
|
|upkeep
|turn|3
|
|t:|1779589526
|switch|p2a: Pecharunt|Pecharunt|100/100
|-end|p1a: Slither Wing|Protosynthesis|[silent]
|switch|p1a: Gliscor|Gliscor, F|100/100
|
|-status|p1a: Gliscor|tox|[from] item: Toxic Orb
|upkeep
|turn|4
|
|t:|1779589531
|move|p1a: Gliscor|Knock Off|p2a: Pecharunt
|-supereffective|p2a: Pecharunt
|-damage|p2a: Pecharunt|78/100
|-enditem|p2a: Pecharunt|Heavy-Duty Boots|[from] move: Knock Off|[of] p1a: Gliscor
|move|p2a: Pecharunt|Parting Shot|p1a: Gliscor
|-unboost|p1a: Gliscor|atk|1
|-unboost|p1a: Gliscor|spa|1
|
|t:|1779589543
|switch|p2a: Pawmot|Pawmot, F|100/100|[from] Parting Shot
|
|upkeep
|turn|5
|
|t:|1779589548
|switch|p1a: Slither Wing|Slither Wing|81/100
|move|p2a: Pawmot|Revival Blessing|p2a: Pawmot
|-enditem|p2a: Pawmot|Leppa Berry|[eat]
|-activate|p2a: Pawmot|item: Leppa Berry|Revival Blessing|[consumed]
|
|t:|1779589551
|-heal|p2: Iron Valiant|50/100|[from] move: Revival Blessing
|
|upkeep
|turn|6
|
|t:|1779589557
|move|p2a: Pawmot|Nuzzle|p1a: Slither Wing
|-damage|p1a: Slither Wing|73/100
|-status|p1a: Slither Wing|par
|-damage|p2a: Pawmot|84/100|[from] item: Rocky Helmet|[of] p1a: Slither Wing
|move|p1a: Slither Wing|Will-O-Wisp|p2a: Pawmot|[miss]
|-miss|p1a: Slither Wing|p2a: Pawmot
|
|upkeep
|turn|7
|
|t:|1779589563
|switch|p2a: Pecharunt|Pecharunt|78/100
|move|p1a: Slither Wing|Will-O-Wisp|p2a: Pecharunt
|-status|p2a: Pecharunt|brn
|
|-damage|p2a: Pecharunt|72/100 brn|[from] brn
|upkeep
|turn|8
|
|t:|1779589566
|move|p2a: Pecharunt|Parting Shot|p1a: Slither Wing
|-unboost|p1a: Slither Wing|atk|1
|-unboost|p1a: Slither Wing|spa|1
|
|t:|1779589568
|switch|p2a: Iron Valiant|Iron Valiant|50/100|[from] Parting Shot
|move|p1a: Slither Wing|U-turn|p2a: Iron Valiant
|-resisted|p2a: Iron Valiant
|-damage|p2a: Iron Valiant|44/100
|
|t:|1779589570
|-end|p1a: Slither Wing|Protosynthesis|[silent]
|switch|p1a: Salazzle|Salazzle, F|100/100|[from] U-turn
|
|upkeep
|turn|9
|
|t:|1779589577
|-end|p2a: Iron Valiant|Quark Drive|[silent]
|switch|p2a: Pecharunt|Pecharunt|72/100 brn
|move|p1a: Salazzle|Fire Blast|p2a: Pecharunt
|-damage|p2a: Pecharunt|22/100 brn
|
|-damage|p2a: Pecharunt|16/100 brn|[from] brn
|upkeep
|turn|10
|
|t:|1779589580
|move|p1a: Salazzle|Fire Blast|p2a: Pecharunt
|-damage|p2a: Pecharunt|0 fnt
|faint|p2a: Pecharunt
|
|upkeep
|
|t:|1779589594
|switch|p2a: Dragonite|Dragonite, M|100/100
|turn|11
|
|t:|1779589599
|switch|p1a: Slither Wing|Slither Wing|73/100 par
|move|p2a: Dragonite|Thunder Wave|p1a: Slither Wing
|-fail|p1a: Slither Wing|par
|
|upkeep
|turn|12
|
|t:|1779589606
|switch|p2a: Pawmot|Pawmot, F|84/100
|move|p1a: Slither Wing|U-turn|p2a: Pawmot
|-resisted|p2a: Pawmot
|-damage|p2a: Pawmot|60/100
|
|t:|1779589609
|-end|p1a: Slither Wing|Protosynthesis|[silent]
|switch|p1a: Ogerpon|Ogerpon, F|100/100|[from] U-turn
|
|upkeep
|turn|13
|
|t:|1779589614
|switch|p2a: Dragonite|Dragonite, M|100/100
|move|p1a: Ogerpon|Ivy Cudgel|p2a: Dragonite
|-resisted|p2a: Dragonite
|-crit|p2a: Dragonite
|-damage|p2a: Dragonite|95/100
|
|upkeep
|turn|14
|
|t:|1779589620
|switch|p1a: Slither Wing|Slither Wing|73/100 par
|switch|p2a: Pawmot|Pawmot, F|60/100
|
|upkeep
|turn|15
|
|t:|1779589626
|-end|p1a: Slither Wing|Protosynthesis|[silent]
|switch|p1a: Ogerpon|Ogerpon, F|100/100
|move|p2a: Pawmot|Revival Blessing|p2a: Pawmot
|
|t:|1779589628
|-heal|p2: Pecharunt|50/100|[from] move: Revival Blessing
|
|upkeep
|turn|16
|
|t:|1779589630
|switch|p2a: Dragonite|Dragonite, M|95/100
|move|p1a: Ogerpon|Encore||[still]
|-fail|p1a: Ogerpon
|
|upkeep
|turn|17
|
|t:|1779589636
|switch|p1a: Slither Wing|Slither Wing|73/100 par
|move|p2a: Dragonite|Dragon Tail|p1a: Slither Wing|[miss]
|-miss|p2a: Dragonite|p1a: Slither Wing
|
|upkeep
|turn|18
|
|t:|1779589646
|switch|p2a: Pawmot|Pawmot, F|60/100
|move|p1a: Slither Wing|U-turn|p2a: Pawmot
|-resisted|p2a: Pawmot
|-damage|p2a: Pawmot|32/100
|
|t:|1779589648
|-end|p1a: Slither Wing|Protosynthesis|[silent]
|switch|p1a: Ogerpon|Ogerpon, F|100/100|[from] U-turn
|
|upkeep
|turn|19
|
|t:|1779589657
|switch|p2a: Dragonite|Dragonite, M|95/100
|move|p1a: Ogerpon|Ivy Cudgel|p2a: Dragonite
|-resisted|p2a: Dragonite
|-crit|p2a: Dragonite
|-damage|p2a: Dragonite|82/100
|
|upkeep
|turn|20
|
|t:|1779589663
|switch|p1a: Slither Wing|Slither Wing|73/100 par
|move|p2a: Dragonite|Roost|p2a: Dragonite
|-heal|p2a: Dragonite|100/100
|-singleturn|p2a: Dragonite|move: Roost
|
|upkeep
|turn|21
|
|t:|1779589667
|switch|p2a: Pawmot|Pawmot, F|32/100
|move|p1a: Slither Wing|U-turn|p2a: Pawmot
|-resisted|p2a: Pawmot
|-damage|p2a: Pawmot|4/100
|
|t:|1779589671
|-end|p1a: Slither Wing|Protosynthesis|[silent]
|switch|p1a: Ogerpon|Ogerpon, F|100/100|[from] U-turn
|
|upkeep
|turn|22
|
|t:|1779589673
|move|p1a: Ogerpon|Knock Off|p2a: Pawmot
|-resisted|p2a: Pawmot
|-damage|p2a: Pawmot|0 fnt
|faint|p2a: Pawmot
|
|upkeep
|
|t:|1779589675
|switch|p2a: Iron Valiant|Iron Valiant|44/100
|turn|23
|
|t:|1779589690
|-end|p2a: Iron Valiant|Quark Drive|[silent]
|switch|p2a: Dragonite|Dragonite, M|100/100
|switch|p1a: Salazzle|Salazzle, F|100/100
|
|upkeep
|turn|24
|
|t:|1779589695
|switch|p1a: Gliscor|Gliscor, F|100/100 tox
|move|p2a: Dragonite|Thunder Wave|p1a: Gliscor
|-immune|p1a: Gliscor
|
|upkeep
|turn|25
|
|t:|1779589700
|switch|p2a: Iron Valiant|Iron Valiant|44/100
|move|p1a: Gliscor|Stealth Rock|p2a: Iron Valiant
|-sidestart|p2: Xoliduz|move: Stealth Rock
|
|upkeep
|turn|26
|
|t:|1779589704
|switch|p1a: Salazzle|Salazzle, F|100/100
|move|p2a: Iron Valiant|Encore||[still]
|-fail|p2a: Iron Valiant
|
|upkeep
|turn|27
|
|t:|1779589709
|move|p1a: Salazzle|Fire Blast|p2a: Iron Valiant
|-damage|p2a: Iron Valiant|0 fnt
|faint|p2a: Iron Valiant
|-end|p2a: Iron Valiant|Quark Drive|[silent]
|
|upkeep
|
|t:|1779589711
|switch|p2a: Kingambit|Kingambit, F|100/100
|-damage|p2a: Kingambit|94/100|[from] Stealth Rock
|-activate|p2a: Kingambit|ability: Supreme Overlord
|-start|p2a: Kingambit|fallen4|[silent]
|turn|28
|
|t:|1779589719
|-terastallize|p2a: Kingambit|Dark
|move|p1a: Salazzle|Fire Blast|p2a: Kingambit
|-damage|p2a: Kingambit|34/100
|move|p2a: Kingambit|Swords Dance|p2a: Kingambit
|-boost|p2a: Kingambit|atk|2
|
|upkeep
|turn|29
|
|t:|1779589724
|switch|p1a: Slither Wing|Slither Wing|73/100 par
|move|p2a: Kingambit|Sucker Punch||[still]
|-fail|p2a: Kingambit
|
|upkeep
|turn|30
|
|t:|1779589729
|move|p1a: Slither Wing|First Impression|p2a: Kingambit
|-supereffective|p2a: Kingambit
|-damage|p2a: Kingambit|0 fnt
|faint|p2a: Kingambit
|-end|p2a: Kingambit|fallen4|[silent]
|
|upkeep
|-message|Xoliduz forfeited.
|
|win|AnOriginalName3
|raw|AnOriginalName3's rating: 1499 &rarr; <strong>1524</strong><br />(+25 for winning)
|raw|Xoliduz's rating: 1586 &rarr; <strong>1561</strong><br />(-25 for losing)
|l|☆Xoliduz
|player|p2|
|l|☆AnOriginalName3
|player|p1|
