|j|☆Chavez_088
|j|☆YoSoyDelBronx
|t:|1779641167
|gametype|singles
|player|p1|Chavez_088|2|1183
|player|p2|YoSoyDelBronx|noland|1230
|gen|9
|tier|[Gen 9] OU
|rated|
|rule|HP Percentage Mod: HP is shown in percentages
|rule|Endless Battle Clause: Forcing endless battles is banned
|rule|Species Clause: Limit one of each Pokémon
|rule|OHKO Clause: OHKO moves are banned
|rule|Evasion Items Clause: Evasion items are banned
|rule|Evasion Moves Clause: Evasion moves are banned
|rule|Evasion Abilities Clause: Evasion abilities are banned
|rule|Sleep Moves Clause: Sleep-inducing moves are banned
|clearpoke
|poke|p1|Scizor, M|
|poke|p1|Landorus-Therian, M|
|poke|p1|Raging Bolt|
|poke|p1|Samurott-Hisui, F|
|poke|p1|Skeledirge, M|
|poke|p1|Lilligant-Hisui, F|
|poke|p2|Ninetales, F|
|poke|p2|Venusaur, M|
|poke|p2|Walking Wake|
|poke|p2|Blaziken, F|
|poke|p2|Great Tusk|
|poke|p2|Golem-Alola, M|
|teampreview
|
|t:|1779641180
|teamsize|p1|6
|teamsize|p2|6
|start
|switch|p1a: Landorus|Landorus-Therian, M|100/100
|switch|p2a: Blaziken|Blaziken, F|100/100
|-ability|p1a: Landorus|Intimidate|boost
|-unboost|p2a: Blaziken|atk|1
|-item|p2a: Blaziken|Air Balloon
|turn|1
|
|t:|1779641186
|move|p1a: Landorus|U-turn|p2a: Blaziken
|-resisted|p2a: Blaziken
|-damage|p2a: Blaziken|90/100
|-enditem|p2a: Blaziken|Air Balloon
|
|t:|1779641190
|switch|p1a: Samurott|Samurott-Hisui, F|100/100|[from] U-turn
|move|p2a: Blaziken|Swords Dance|p2a: Blaziken
|-boost|p2a: Blaziken|atk|2
|
|-ability|p2a: Blaziken|Speed Boost|boost
|-boost|p2a: Blaziken|spe|1
|upkeep
|turn|2
|
|t:|1779641193
|-terastallize|p2a: Blaziken|Fighting
|move|p1a: Samurott|Aqua Cutter|p2a: Blaziken
|-damage|p2a: Blaziken|22/100
|move|p2a: Blaziken|Close Combat|p1a: Samurott
|-supereffective|p1a: Samurott
|-damage|p1a: Samurott|0 fnt
|-unboost|p2a: Blaziken|def|1
|-unboost|p2a: Blaziken|spd|1
|faint|p1a: Samurott
|
|-ability|p2a: Blaziken|Speed Boost|boost
|-boost|p2a: Blaziken|spe|1
|upkeep
|
|t:|1779641208
|switch|p1a: Scizor|Scizor, M|100/100
|turn|3
|
|t:|1779641212
|move|p1a: Scizor|Bullet Punch|p2a: Blaziken
|-damage|p2a: Blaziken|0 fnt
|faint|p2a: Blaziken
|
|upkeep
|
|t:|1779641214
|switch|p2a: SimaSoyYo|Ninetales, F|100/100
|-weather|SunnyDay|[from] ability: Drought|[of] p2a: SimaSoyYo
|turn|4
|
|t:|1779641218
|switch|p2a: Sapopeta|Venusaur, M|100/100
|switch|p1a: Skeledirge|Skeledirge, M|100/100
|
|-weather|SunnyDay|[upkeep]
|upkeep
|turn|5
|
|t:|1779641230
|switch|p2a: Great Tusk|Great Tusk|100/100
|-activate|p2a: Great Tusk|ability: Protosynthesis
|-start|p2a: Great Tusk|protosynthesisspe
|move|p1a: Skeledirge|Will-O-Wisp|p2a: Great Tusk|[miss]
|-miss|p1a: Skeledirge|p2a: Great Tusk
|
|-weather|SunnyDay|[upkeep]
|upkeep
|turn|6
|
|t:|1779641237
|switch|p1a: Landorus|Landorus-Therian, M|100/100
|-ability|p1a: Landorus|Intimidate|boost
|-unboost|p2a: Great Tusk|atk|1
|move|p2a: Great Tusk|Knock Off|p1a: Landorus
|-damage|p1a: Landorus|78/100
|-enditem|p1a: Landorus|Heavy-Duty Boots|[from] move: Knock Off|[of] p2a: Great Tusk
|
|-weather|SunnyDay|[upkeep]
|upkeep
|turn|7
|
|t:|1779641245
|move|p2a: Great Tusk|Bulk Up|p2a: Great Tusk
|-boost|p2a: Great Tusk|atk|1
|-boost|p2a: Great Tusk|def|1
|move|p1a: Landorus|Earthquake|p2a: Great Tusk
|-damage|p2a: Great Tusk|77/100
|
|-weather|SunnyDay|[upkeep]
|upkeep
|turn|8
|
|t:|1779641251
|move|p2a: Great Tusk|Bulk Up|p2a: Great Tusk
|-boost|p2a: Great Tusk|atk|1
|-boost|p2a: Great Tusk|def|1
|move|p1a: Landorus|U-turn|p2a: Great Tusk
|-resisted|p2a: Great Tusk
|-crit|p2a: Great Tusk
|-damage|p2a: Great Tusk|64/100
|-damage|p1a: Landorus|62/100|[from] item: Rocky Helmet|[of] p2a: Great Tusk
|
|t:|1779641266
|switch|p1a: Skeledirge|Skeledirge, M|100/100|[from] U-turn
|
|-weather|SunnyDay|[upkeep]
|upkeep
|turn|9
|
|t:|1779641273
|switch|p1a: Landorus|Landorus-Therian, M|62/100
|-ability|p1a: Landorus|Intimidate|boost
|-unboost|p2a: Great Tusk|atk|1
|move|p2a: Great Tusk|Headlong Rush|p1a: Landorus
|-immune|p1a: Landorus
|
|-weather|SunnyDay|[upkeep]
|upkeep
|turn|10
|
|t:|1779641281
|move|p2a: Great Tusk|Bulk Up|p2a: Great Tusk
|-boost|p2a: Great Tusk|atk|1
|-boost|p2a: Great Tusk|def|1
|move|p1a: Landorus|U-turn|p2a: Great Tusk
|-resisted|p2a: Great Tusk
|-damage|p2a: Great Tusk|61/100
|-damage|p1a: Landorus|45/100|[from] item: Rocky Helmet|[of] p2a: Great Tusk
|
|t:|1779641292
|switch|p1a: Skeledirge|Skeledirge, M|100/100|[from] U-turn
|
|-weather|SunnyDay|[upkeep]
|upkeep
|turn|11
|
|t:|1779641295
|switch|p1a: Landorus|Landorus-Therian, M|45/100
|-ability|p1a: Landorus|Intimidate|boost
|-unboost|p2a: Great Tusk|atk|1
|move|p2a: Great Tusk|Knock Off|p1a: Landorus
|-damage|p1a: Landorus|23/100
|
|-weather|none
|-end|p2a: Great Tusk|Protosynthesis
|upkeep
|turn|12
|
|t:|1779641302
|move|p1a: Landorus|Earthquake|p2a: Great Tusk
|-damage|p2a: Great Tusk|46/100
|move|p2a: Great Tusk|Rapid Spin|p1a: Landorus
|-damage|p1a: Landorus|5/100
|-boost|p2a: Great Tusk|spe|1
|
|upkeep
|turn|13
|
|t:|1779641309
|move|p2a: Great Tusk|Bulk Up|p2a: Great Tusk
|-boost|p2a: Great Tusk|atk|1
|-boost|p2a: Great Tusk|def|1
|move|p1a: Landorus|Stealth Rock|p2a: Great Tusk
|-sidestart|p2: YoSoyDelBronx|move: Stealth Rock
|
|upkeep
|turn|14
|
|t:|1779641314
|switch|p1a: Skeledirge|Skeledirge, M|100/100
|move|p2a: Great Tusk|Rapid Spin|p1a: Skeledirge
|-immune|p1a: Skeledirge
|
|upkeep
|turn|15
|
|t:|1779641318
|move|p2a: Great Tusk|Knock Off|p1a: Skeledirge
|-supereffective|p1a: Skeledirge
|-crit|p1a: Skeledirge
|-damage|p1a: Skeledirge|28/100
|-enditem|p1a: Skeledirge|Heavy-Duty Boots|[from] move: Knock Off|[of] p2a: Great Tusk
|move|p1a: Skeledirge|Torch Song|p2a: Great Tusk
|-damage|p2a: Great Tusk|2/100
|-boost|p1a: Skeledirge|spa|1
|
|upkeep
|turn|16
|
|t:|1779641327
|move|p2a: Great Tusk|Knock Off|p1a: Skeledirge
|-supereffective|p1a: Skeledirge
|-damage|p1a: Skeledirge|0 fnt
|faint|p1a: Skeledirge
|
|upkeep
|
|t:|1779641330
|switch|p1a: Scizor|Scizor, M|100/100
|turn|17
|
|t:|1779641333
|move|p1a: Scizor|Bullet Punch|p2a: Great Tusk
|-damage|p2a: Great Tusk|0 fnt
|-damage|p1a: Scizor|84/100|[from] item: Rocky Helmet|[of] p2a: Great Tusk
|faint|p2a: Great Tusk
|-end|p2a: Great Tusk|Protosynthesis|[silent]
|
|upkeep
|
|t:|1779641336
|switch|p2a: SimaSoyYo|Ninetales, F|100/100
|-damage|p2a: SimaSoyYo|76/100|[from] Stealth Rock
|-weather|SunnyDay|[from] ability: Drought|[of] p2a: SimaSoyYo
|turn|18
|
|t:|1779641339
|move|p2a: SimaSoyYo|Will-O-Wisp|p1a: Scizor
|-status|p1a: Scizor|brn
|move|p1a: Scizor|U-turn|p2a: SimaSoyYo
|-resisted|p2a: SimaSoyYo
|-damage|p2a: SimaSoyYo|64/100
|
|t:|1779641342
|switch|p1a: Landorus|Landorus-Therian, M|5/100|[from] U-turn
|-ability|p1a: Landorus|Intimidate|boost
|-unboost|p2a: SimaSoyYo|atk|1
|
|-weather|SunnyDay|[upkeep]
|upkeep
|turn|19
|
|t:|1779641344
|move|p2a: SimaSoyYo|Weather Ball|p1a: Landorus
|-damage|p1a: Landorus|0 fnt
|faint|p1a: Landorus
|
|-weather|SunnyDay|[upkeep]
|upkeep
|-message|Chavez_088 forfeited.
|
|win|YoSoyDelBronx
|raw|Chavez_088's rating: 1183 &rarr; <strong>1161</strong><br />(-22 for losing)
|raw|YoSoyDelBronx's rating: 1230 &rarr; <strong>1252</strong><br />(+22 for winning)
|l|☆Chavez_088
|player|p1|
