|j|☆hat_fm
|j|☆GBC_Peepers
|t:|1779682929
|gametype|singles
|player|p1|hat_fm|pilot|1312
|player|p2|GBC_Peepers|n|1306
|gen|9
|tier|[Gen 9] OU
|rated|
|rule|HP Percentage Mod: HP is shown in percentages
|rule|Endless Battle Clause: Forcing endless battles is banned
|rule|Species Clause: Limit one of each Pokémon
|rule|OHKO Clause: OHKO moves are banned
|rule|Evasion Items Clause: Evasion items are banned
|rule|Evasion Moves Clause: Evasion moves are banned
|rule|Evasion Abilities Clause: Evasion abilities are banned
|rule|Sleep Moves Clause: Sleep-inducing moves are banned
|clearpoke
|poke|p1|Zamazenta-*|
|poke|p1|Ceruledge, M|
|poke|p1|Scizor, M|
|poke|p1|Donphan, F|
|poke|p1|Lycanroc-Dusk, F|
|poke|p1|Florges, F|
|poke|p2|Ursaluna, M|
|poke|p2|Alomomola, M|
|poke|p2|Rillaboom, M|
|poke|p2|Gholdengo|
|poke|p2|Cinderace, M|
|poke|p2|Iron Treads|
|teampreview
|
|t:|1779682992
|teamsize|p1|6
|teamsize|p2|6
|start
|switch|p1a: Donphan|Donphan, F|100/100
|switch|p2a: Ace in the hole|Cinderace, M|100/100
|turn|1
|
|t:|1779683005
|move|p2a: Ace in the hole|Will-O-Wisp|p1a: Donphan
|-status|p1a: Donphan|brn
|move|p1a: Donphan|Stealth Rock|p2a: Ace in the hole
|-sidestart|p2: GBC_Peepers|move: Stealth Rock
|
|-damage|p1a: Donphan|94/100 brn|[from] brn
|upkeep
|turn|2
|
|t:|1779683017
|move|p2a: Ace in the hole|U-turn|p1a: Donphan
|-damage|p1a: Donphan|85/100 brn
|-damage|p2a: Ace in the hole|84/100|[from] item: Rocky Helmet|[of] p1a: Donphan
|
|t:|1779683019
|switch|p2a: Fredbear|Ursaluna, M|100/100|[from] U-turn
|-damage|p2a: Fredbear|94/100|[from] Stealth Rock
|move|p1a: Donphan|Earthquake|p2a: Fredbear
|-damage|p2a: Fredbear|79/100
|
|-damage|p1a: Donphan|78/100 brn|[from] brn
|-status|p2a: Fredbear|brn|[from] item: Flame Orb
|upkeep
|turn|3
|
|t:|1779683031
|move|p2a: Fredbear|Headlong Rush|p1a: Donphan
|-damage|p1a: Donphan|22/100 brn
|-unboost|p2a: Fredbear|def|1
|-unboost|p2a: Fredbear|spd|1
|-damage|p2a: Fredbear|62/100 brn|[from] item: Rocky Helmet|[of] p1a: Donphan
|move|p1a: Donphan|Knock Off|p2a: Fredbear
|-damage|p2a: Fredbear|45/100 brn
|-enditem|p2a: Fredbear|Flame Orb|[from] move: Knock Off|[of] p1a: Donphan
|
|-damage|p2a: Fredbear|39/100 brn|[from] brn
|-damage|p1a: Donphan|16/100 brn|[from] brn
|upkeep
|turn|4
|
|t:|1779683044
|move|p2a: Fredbear|Facade|p1a: Donphan
|-crit|p1a: Donphan
|-damage|p1a: Donphan|0 fnt
|-damage|p2a: Fredbear|22/100 brn|[from] item: Rocky Helmet|[of] p1a: Donphan
|faint|p1a: Donphan
|
|-damage|p2a: Fredbear|16/100 brn|[from] brn
|upkeep
|
|t:|1779683050
|switch|p1a: Ceruledge|Ceruledge, M|100/100
|turn|5
|
|t:|1779683062
|switch|p2a: fih|Alomomola, M|100/100
|move|p1a: Ceruledge|Bitter Blade|p2a: fih
|-resisted|p2a: fih
|-damage|p2a: fih|82/100
|
|upkeep
|turn|6
|
|t:|1779683071
|move|p1a: Ceruledge|Swords Dance|p1a: Ceruledge
|-boost|p1a: Ceruledge|atk|2
|move|p2a: fih|Icy Wind|p1a: Ceruledge
|-resisted|p1a: Ceruledge
|-damage|p1a: Ceruledge|97/100
|-unboost|p1a: Ceruledge|spe|1
|
|upkeep
|turn|7
|
|t:|1779683082
|move|p1a: Ceruledge|Swords Dance|p1a: Ceruledge
|-boost|p1a: Ceruledge|atk|2
|move|p2a: fih|Wish|p2a: fih
|
|upkeep
|turn|8
|
|t:|1779683088
|move|p1a: Ceruledge|Poltergeist|p2a: fih
|-activate|p2a: fih|move: Poltergeist|Heavy-Duty Boots
|-damage|p2a: fih|0 fnt
|faint|p2a: fih
|
|upkeep
|
|t:|1779683091
|switch|p2a: Fredbear|Ursaluna, M|16/100 brn
|-damage|p2a: Fredbear|10/100 brn|[from] Stealth Rock
|turn|9
|
|t:|1779683104
|move|p2a: Fredbear|Facade|p1a: Ceruledge
|-immune|p1a: Ceruledge
|move|p1a: Ceruledge|Bitter Blade|p2a: Fredbear
|-damage|p2a: Fredbear|0 fnt
|-heal|p1a: Ceruledge|100/100|[from] drain|[of] p2a: Fredbear
|faint|p2a: Fredbear
|
|upkeep
|
|t:|1779683114
|switch|p2a: Big Cheese|Gholdengo|100/100
|-damage|p2a: Big Cheese|94/100|[from] Stealth Rock
|turn|10
|
|t:|1779683123
|move|p2a: Big Cheese|Trick|p1a: Ceruledge
|-activate|p2a: Big Cheese|move: Trick|[of] p1a: Ceruledge
|-item|p1a: Ceruledge|Choice Scarf|[from] move: Trick
|-item|p2a: Big Cheese|Focus Sash|[from] move: Trick
|move|p1a: Ceruledge|Bitter Blade|p2a: Big Cheese
|-supereffective|p2a: Big Cheese
|-damage|p2a: Big Cheese|0 fnt
|faint|p2a: Big Cheese
|
|upkeep
|
|t:|1779683131
|switch|p2a: Ace in the hole|Cinderace, M|84/100
|turn|11
|
|t:|1779683143
|move|p2a: Ace in the hole|U-turn|p1a: Ceruledge
|-resisted|p1a: Ceruledge
|-damage|p1a: Ceruledge|94/100
|-ability|p1a: Ceruledge|Weak Armor|boost
|-unboost|p1a: Ceruledge|def|1
|-boost|p1a: Ceruledge|spe|2
|
|t:|1779683147
|switch|p2a: I playd Violet ver|Iron Treads|100/100|[from] U-turn
|-damage|p2a: I playd Violet ver|97/100|[from] Stealth Rock
|move|p1a: Ceruledge|Bitter Blade|p2a: I playd Violet ver
|-supereffective|p2a: I playd Violet ver
|-damage|p2a: I playd Violet ver|0 fnt
|-heal|p1a: Ceruledge|100/100|[from] drain|[of] p2a: I playd Violet ver
|faint|p2a: I playd Violet ver
|-end|p2a: I playd Violet ver|Quark Drive|[silent]
|
|upkeep
|
|t:|1779683149
|switch|p2a: Return to Monke|Rillaboom, M|100/100
|-damage|p2a: Return to Monke|88/100|[from] Stealth Rock
|-fieldstart|move: Grassy Terrain|[from] ability: Grassy Surge|[of] p2a: Return to Monke
|turn|12
|
|t:|1779683165
|-terastallize|p2a: Return to Monke|Grass
|move|p1a: Ceruledge|Bitter Blade|p2a: Return to Monke
|-supereffective|p2a: Return to Monke
|-damage|p2a: Return to Monke|0 fnt
|faint|p2a: Return to Monke
|
|upkeep
|
|t:|1779683169
|switch|p2a: Ace in the hole|Cinderace, M|84/100
|turn|13
|-message|GBC_Peepers forfeited.
|
|win|hat_fm
|raw|hat_fm's rating: 1312 &rarr; <strong>1332</strong><br />(+20 for winning)
|raw|GBC_Peepers's rating: 1306 &rarr; <strong>1286</strong><br />(-20 for losing)
|l|☆GBC_Peepers
|player|p2|
|l|☆hat_fm
|player|p1|
