|j|☆BerTheBlackestOne
|j|☆danger123456
|t:|1779585479
|gametype|singles
|player|p1|BerTheBlackestOne|samsonoak|1221
|player|p2|danger123456|cyclist|1207
|gen|9
|tier|[Gen 9] OU
|rated|
|rule|HP Percentage Mod: HP is shown in percentages
|rule|Endless Battle Clause: Forcing endless battles is banned
|rule|Species Clause: Limit one of each Pokémon
|rule|OHKO Clause: OHKO moves are banned
|rule|Evasion Items Clause: Evasion items are banned
|rule|Evasion Moves Clause: Evasion moves are banned
|rule|Evasion Abilities Clause: Evasion abilities are banned
|rule|Sleep Moves Clause: Sleep-inducing moves are banned
|clearpoke
|poke|p1|Rotom-Heat|
|poke|p1|Cacturne, F|
|poke|p1|Scream Tail|
|poke|p1|Milotic, M|
|poke|p1|Gligar, M|
|poke|p1|Deerling-Summer, F|
|poke|p2|Iron Treads|
|poke|p2|Regieleki|
|poke|p2|Indeedee, M|
|poke|p2|Blaziken, M|
|poke|p2|Enamorus, F|
|poke|p2|Minior-Indigo|
|teampreview
|inactive|Battle timer is ON: inactive players will automatically lose when time's up. (requested by danger123456)
|
|t:|1779585506
|teamsize|p1|6
|teamsize|p2|6
|start
|switch|p1a: Lambidinha|Gligar, M|100/100
|switch|p2a: Iron Treads|Iron Treads|100/100
|-enditem|p2a: Iron Treads|Booster Energy
|-activate|p2a: Iron Treads|ability: Quark Drive|[fromitem]
|-start|p2a: Iron Treads|quarkdrivespe
|turn|1
|
|t:|1779585517
|move|p2a: Iron Treads|Stealth Rock|p1a: Lambidinha
|-sidestart|p1: BerTheBlackestOne|move: Stealth Rock
|move|p1a: Lambidinha|Earthquake|p2a: Iron Treads
|-supereffective|p2a: Iron Treads
|-damage|p2a: Iron Treads|61/100
|
|upkeep
|turn|2
|
|t:|1779585524
|move|p2a: Iron Treads|Iron Head|p1a: Lambidinha
|-damage|p1a: Lambidinha|87/100
|move|p1a: Lambidinha|Earthquake|p2a: Iron Treads
|-supereffective|p2a: Iron Treads
|-damage|p2a: Iron Treads|20/100
|
|upkeep
|turn|3
|
|t:|1779585532
|move|p2a: Iron Treads|Iron Head|p1a: Lambidinha
|-damage|p1a: Lambidinha|71/100
|move|p1a: Lambidinha|Earthquake|p2a: Iron Treads
|-supereffective|p2a: Iron Treads
|-damage|p2a: Iron Treads|0 fnt
|faint|p2a: Iron Treads
|-end|p2a: Iron Treads|Quark Drive|[silent]
|
|upkeep
|
|t:|1779585549
|switch|p2a: Minior|Minior-Indigo|100/100
|-formechange|p2a: Minior|Minior-Meteor||[from] ability: Shields Down
|turn|4
|
|t:|1779585563
|move|p1a: Lambidinha|Toxic|p2a: Minior
|-immune|p2a: Minior|[from] ability: Shields Down
|move|p2a: Minior|Shell Smash|p2a: Minior
|-unboost|p2a: Minior|def|1
|-unboost|p2a: Minior|spd|1
|-boost|p2a: Minior|atk|2
|-boost|p2a: Minior|spa|2
|-boost|p2a: Minior|spe|2
|
|upkeep
|turn|5
|inactive|BerTheBlackestOne has 120 seconds left.
|
|t:|1779585610
|switch|p1a: Joaquina|Deerling-Summer, F, shiny|100/100
|-damage|p1a: Joaquina|88/100|[from] Stealth Rock
|-terastallize|p2a: Minior|Rock
|move|p2a: Minior|Power Gem|p1a: Joaquina
|-damage|p1a: Joaquina|0 fnt
|faint|p1a: Joaquina
|
|upkeep
|
|t:|1779585617
|switch|p1a: Linguiça|Milotic, M|100/100
|-damage|p1a: Linguiça|88/100|[from] Stealth Rock
|turn|6
|
|t:|1779585622
|move|p2a: Minior|Substitute|p2a: Minior
|-start|p2a: Minior|Substitute
|-damage|p2a: Minior|76/100
|move|p1a: Linguiça|Haze|p1a: Linguiça
|-clearallboost
|
|-heal|p1a: Linguiça|94/100|[from] item: Leftovers
|upkeep
|turn|7
|
|t:|1779585630
|move|p2a: Minior|Shell Smash|p2a: Minior
|-unboost|p2a: Minior|def|1
|-unboost|p2a: Minior|spd|1
|-boost|p2a: Minior|atk|2
|-boost|p2a: Minior|spa|2
|-boost|p2a: Minior|spe|2
|move|p1a: Linguiça|Scald|p2a: Minior
|-supereffective|p2a: Minior
|-end|p2a: Minior|Substitute
|
|-heal|p1a: Linguiça|99/100|[from] item: Leftovers
|upkeep
|turn|8
|
|t:|1779585641
|move|p2a: Minior|Substitute|p2a: Minior
|-start|p2a: Minior|Substitute
|-damage|p2a: Minior|51/100
|move|p1a: Linguiça|Scald|p2a: Minior
|-supereffective|p2a: Minior
|-end|p2a: Minior|Substitute
|
|-heal|p1a: Linguiça|100/100|[from] item: Leftovers
|upkeep
|turn|9
|
|t:|1779585651
|move|p2a: Minior|Substitute|p2a: Minior
|-start|p2a: Minior|Substitute
|-damage|p2a: Minior|26/100
|move|p1a: Linguiça|Scald|p2a: Minior
|-supereffective|p2a: Minior
|-end|p2a: Minior|Substitute
|
|-formechange|p2a: Minior|Minior-Indigo||[from] ability: Shields Down
|upkeep
|turn|10
|
|t:|1779585674
|move|p2a: Minior|Power Gem|p1a: Linguiça
|-crit|p1a: Linguiça
|-damage|p1a: Linguiça|0 fnt
|faint|p1a: Linguiça
|
|upkeep
|
|t:|1779585684
|switch|p1a: Sedillas|Cacturne, F, shiny|100/100
|-damage|p1a: Sedillas|88/100|[from] Stealth Rock
|turn|11
|
|t:|1779585694
|move|p1a: Sedillas|Sucker Punch|p2a: Minior
|-damage|p2a: Minior|0 fnt
|faint|p2a: Minior
|-damage|p1a: Sedillas|78/100|[from] item: Life Orb
|
|upkeep
|
|t:|1779585699
|switch|p2a: Enamorus|Enamorus, F|100/100
|turn|12
|
|t:|1779585712
|switch|p1a: AAAAAAAAAAA|Scream Tail|100/100
|-damage|p1a: AAAAAAAAAAA|88/100|[from] Stealth Rock
|move|p2a: Enamorus|Superpower|p1a: AAAAAAAAAAA
|-resisted|p1a: AAAAAAAAAAA
|-damage|p1a: AAAAAAAAAAA|81/100
|-boost|p2a: Enamorus|atk|1
|-boost|p2a: Enamorus|def|1
|
|-heal|p1a: AAAAAAAAAAA|87/100|[from] item: Leftovers
|upkeep
|turn|13
|
|t:|1779585726
|move|p2a: Enamorus|Superpower|p1a: AAAAAAAAAAA
|-resisted|p1a: AAAAAAAAAAA
|-damage|p1a: AAAAAAAAAAA|76/100
|-boost|p2a: Enamorus|atk|1
|-boost|p2a: Enamorus|def|1
|move|p1a: AAAAAAAAAAA|Dazzling Gleam|p2a: Enamorus
|-damage|p2a: Enamorus|82/100
|
|-heal|p1a: AAAAAAAAAAA|82/100|[from] item: Leftovers
|upkeep
|turn|14
|
|t:|1779585739
|move|p1a: AAAAAAAAAAA|Protect|p1a: AAAAAAAAAAA
|-singleturn|p1a: AAAAAAAAAAA|Protect
|move|p2a: Enamorus|Play Rough|p1a: AAAAAAAAAAA
|-activate|p1a: AAAAAAAAAAA|move: Protect
|
|-heal|p1a: AAAAAAAAAAA|89/100|[from] item: Leftovers
|upkeep
|turn|15
|
|t:|1779585758
|-end|p1a: AAAAAAAAAAA|Protosynthesis|[silent]
|switch|p1a: Febril|Rotom-Heat|100/100
|move|p2a: Enamorus|Superpower|p1a: Febril
|-damage|p1a: Febril|3/100
|-boost|p2a: Enamorus|atk|1
|-boost|p2a: Enamorus|def|1
|
|upkeep
|turn|16
|
|t:|1779585780
|move|p2a: Enamorus|Superpower|p1a: Febril
|-damage|p1a: Febril|0 fnt
|-boost|p2a: Enamorus|atk|1
|-boost|p2a: Enamorus|def|1
|faint|p1a: Febril
|
|upkeep
|
|t:|1779585789
|switch|p1a: AAAAAAAAAAA|Scream Tail|89/100
|-damage|p1a: AAAAAAAAAAA|76/100|[from] Stealth Rock
|turn|17
|
|t:|1779585796
|move|p1a: AAAAAAAAAAA|Protect|p1a: AAAAAAAAAAA
|-singleturn|p1a: AAAAAAAAAAA|Protect
|move|p2a: Enamorus|Play Rough|p1a: AAAAAAAAAAA
|-activate|p1a: AAAAAAAAAAA|move: Protect
|
|-heal|p1a: AAAAAAAAAAA|82/100|[from] item: Leftovers
|upkeep
|turn|18
|
|t:|1779585804
|-terastallize|p1a: AAAAAAAAAAA|Steel
|move|p2a: Enamorus|Play Rough|p1a: AAAAAAAAAAA
|-resisted|p1a: AAAAAAAAAAA
|-crit|p1a: AAAAAAAAAAA
|-damage|p1a: AAAAAAAAAAA|7/100
|move|p1a: AAAAAAAAAAA|Encore|p2a: Enamorus
|-start|p2a: Enamorus|Encore
|
|-heal|p1a: AAAAAAAAAAA|14/100|[from] item: Leftovers
|upkeep
|turn|19
|
|t:|1779585814
|move|p2a: Enamorus|Play Rough|p1a: AAAAAAAAAAA
|-resisted|p1a: AAAAAAAAAAA
|-damage|p1a: AAAAAAAAAAA|0 fnt
|faint|p1a: AAAAAAAAAAA
|-end|p1a: AAAAAAAAAAA|Protosynthesis|[silent]
|
|upkeep
|-message|BerTheBlackestOne forfeited.
|
|win|danger123456
|raw|BerTheBlackestOne's rating: 1221 &rarr; <strong>1195</strong><br />(-26 for losing)
|raw|danger123456's rating: 1207 &rarr; <strong>1233</strong><br />(+26 for winning)
|l|☆BerTheBlackestOne
|player|p1|
|l|☆danger123456
|player|p2|
