|j|☆belzen
|j|☆roninakahito
|t:|1779568992
|gametype|singles
|player|p1|belzen|maid|1530
|player|p2|roninakahito|ninjaboy|1580
|gen|9
|tier|[Gen 9] OU
|rated|
|rule|HP Percentage Mod: HP is shown in percentages
|rule|Endless Battle Clause: Forcing endless battles is banned
|rule|Species Clause: Limit one of each Pokémon
|rule|OHKO Clause: OHKO moves are banned
|rule|Evasion Items Clause: Evasion items are banned
|rule|Evasion Moves Clause: Evasion moves are banned
|rule|Evasion Abilities Clause: Evasion abilities are banned
|rule|Sleep Moves Clause: Sleep-inducing moves are banned
|clearpoke
|poke|p1|Garchomp, F|
|poke|p1|Iron Moth|
|poke|p1|Hatterene, F|
|poke|p1|Kingambit, M|
|poke|p1|Iron Valiant|
|poke|p1|Zamazenta-*|
|poke|p2|Iron Crown|
|poke|p2|Tyranitar, M|
|poke|p2|Great Tusk|
|poke|p2|Drifblim, M|
|poke|p2|Rillaboom, M|
|poke|p2|Iron Valiant|
|teampreview
|inactive|Battle timer is ON: inactive players will automatically lose when time's up. (requested by roninakahito)
|inactive|belzen also wants the timer to be on.
|
|t:|1779569017
|teamsize|p1|6
|teamsize|p2|6
|start
|switch|p1a: Hatterene|Hatterene, F|100/100
|switch|p2a: Drifblim|Drifblim, M|100/100
|turn|1
|
|t:|1779569033
|switch|p1a: Kingambit|Kingambit, M|100/100
|move|p2a: Drifblim|Trick|p1a: Kingambit
|-activate|p2a: Drifblim|move: Trick|[of] p1a: Kingambit
|-item|p1a: Kingambit|Choice Scarf|[from] move: Trick
|-item|p2a: Drifblim|Leftovers|[from] move: Trick
|
|upkeep
|turn|2
|
|t:|1779569042
|move|p1a: Kingambit|Iron Head|p2a: Drifblim
|-damage|p2a: Drifblim|35/100
|cant|p2a: Drifblim|flinch
|
|-heal|p2a: Drifblim|41/100|[from] item: Leftovers
|upkeep
|turn|3
|
|t:|1779569051
|switch|p2a: Great Tusk|Great Tusk|100/100
|move|p1a: Kingambit|Iron Head|p2a: Great Tusk
|-damage|p2a: Great Tusk|63/100
|
|-heal|p2a: Great Tusk|70/100|[from] item: Leftovers
|upkeep
|turn|4
|
|t:|1779569055
|-end|p1a: Kingambit|fallenundefined|[silent]
|switch|p1a: Hatterene|Hatterene, F|100/100
|move|p2a: Great Tusk|Headlong Rush|p1a: Hatterene
|-damage|p1a: Hatterene|48/100
|-unboost|p2a: Great Tusk|def|1
|-unboost|p2a: Great Tusk|spd|1
|-damage|p2a: Great Tusk|53/100|[from] item: Rocky Helmet|[of] p1a: Hatterene
|
|-heal|p2a: Great Tusk|59/100|[from] item: Leftovers
|upkeep
|turn|5
|
|t:|1779569071
|move|p2a: Great Tusk|Headlong Rush|p1a: Hatterene
|-damage|p1a: Hatterene|0 fnt
|-unboost|p2a: Great Tusk|def|1
|-unboost|p2a: Great Tusk|spd|1
|-damage|p2a: Great Tusk|43/100|[from] item: Rocky Helmet|[of] p1a: Hatterene
|faint|p1a: Hatterene
|
|-heal|p2a: Great Tusk|49/100|[from] item: Leftovers
|upkeep
|inactive|belzen has 120 seconds left.
|
|t:|1779569094
|switch|p1a: Iron Moth|Iron Moth|100/100
|-enditem|p1a: Iron Moth|Booster Energy
|-activate|p1a: Iron Moth|ability: Quark Drive|[fromitem]
|-start|p1a: Iron Moth|quarkdrivespe
|turn|6
|
|t:|1779569098
|-end|p2a: Great Tusk|Protosynthesis|[silent]
|switch|p2a: Tyranitar|Tyranitar, M|100/100
|-weather|Sandstorm|[from] ability: Sand Stream|[of] p2a: Tyranitar
|move|p1a: Iron Moth|Fiery Dance|p2a: Tyranitar
|-resisted|p2a: Tyranitar
|-damage|p2a: Tyranitar|86/100
|
|-weather|Sandstorm|[upkeep]
|-damage|p1a: Iron Moth|95/100|[from] Sandstorm
|-heal|p2a: Tyranitar|93/100|[from] item: Leftovers
|upkeep
|turn|7
|
|t:|1779569104
|-end|p1a: Iron Moth|Quark Drive|[silent]
|switch|p1a: Garchomp|Garchomp, F|100/100
|move|p2a: Tyranitar|Stone Edge|p1a: Garchomp
|-resisted|p1a: Garchomp
|-damage|p1a: Garchomp|84/100
|
|-weather|Sandstorm|[upkeep]
|-heal|p2a: Tyranitar|99/100|[from] item: Leftovers
|upkeep
|turn|8
|
|t:|1779569112
|switch|p2a: Drifblim|Drifblim, M|41/100
|move|p1a: Garchomp|Stealth Rock|p2a: Drifblim
|-sidestart|p2: roninakahito|move: Stealth Rock
|
|-weather|Sandstorm|[upkeep]
|-damage|p2a: Drifblim|35/100|[from] Sandstorm
|-heal|p2a: Drifblim|41/100|[from] item: Leftovers
|upkeep
|turn|9
|
|t:|1779569122
|move|p2a: Drifblim|Defog|p1a: Garchomp
|-unboost|p1a: Garchomp|evasion|1
|-sideend|p2: roninakahito|Stealth Rock|[from] move: Defog|[of] p2a: Drifblim
|move|p1a: Garchomp|Dragon Tail|p2a: Drifblim
|-damage|p2a: Drifblim|1/100
|drag|p2a: Tyranitar|Tyranitar, M|99/100
|
|-weather|Sandstorm|[upkeep]
|-heal|p2a: Tyranitar|100/100|[from] item: Leftovers
|upkeep
|turn|10
|
|t:|1779569132
|move|p1a: Garchomp|Stealth Rock|p2a: Tyranitar
|-sidestart|p2: roninakahito|move: Stealth Rock
|move|p2a: Tyranitar|Dragon Dance|p2a: Tyranitar
|-boost|p2a: Tyranitar|atk|1
|-boost|p2a: Tyranitar|spe|1
|
|-weather|none
|upkeep
|turn|11
|
|t:|1779569137
|move|p2a: Tyranitar|Knock Off|p1a: Garchomp
|-damage|p1a: Garchomp|37/100
|-damage|p2a: Tyranitar|88/100|[from] ability: Rough Skin|[of] p1a: Garchomp
|-damage|p2a: Tyranitar|72/100|[from] item: Rocky Helmet|[of] p1a: Garchomp
|-enditem|p1a: Garchomp|Rocky Helmet|[from] move: Knock Off|[of] p2a: Tyranitar
|move|p1a: Garchomp|Dragon Tail|p2a: Tyranitar
|-damage|p2a: Tyranitar|46/100
|drag|p2a: Rillaboom|Rillaboom, M|100/100
|-damage|p2a: Rillaboom|88/100|[from] Stealth Rock
|-fieldstart|move: Grassy Terrain|[from] ability: Grassy Surge|[of] p2a: Rillaboom
|
|-heal|p2a: Rillaboom|94/100|[from] Grassy Terrain
|-heal|p2a: Rillaboom|100/100|[from] item: Leftovers
|-heal|p1a: Garchomp|44/100|[from] Grassy Terrain
|upkeep
|turn|12
|
|t:|1779569147
|switch|p1a: Iron Moth|Iron Moth|95/100
|move|p2a: Rillaboom|Wood Hammer|p1a: Iron Moth
|-resisted|p1a: Iron Moth
|-damage|p1a: Iron Moth|63/100
|-damage|p2a: Rillaboom|91/100|[from] Recoil
|
|-heal|p1a: Iron Moth|69/100|[from] Grassy Terrain
|-heal|p2a: Rillaboom|98/100|[from] Grassy Terrain
|-heal|p2a: Rillaboom|100/100|[from] item: Leftovers
|upkeep
|turn|13
|
|t:|1779569159
|switch|p2a: Drifblim|Drifblim, M|1/100
|-damage|p2a: Drifblim|0 fnt|[from] Stealth Rock
|faint|p2a: Drifblim
|move|p1a: Iron Moth|Fiery Dance|p2: Drifblim|[notarget]
|-fail|p1a: Iron Moth
|
|-heal|p1a: Iron Moth|75/100|[from] Grassy Terrain
|upkeep
|
|t:|1779569162
|switch|p2a: Tyranitar|Tyranitar, M|46/100
|-damage|p2a: Tyranitar|34/100|[from] Stealth Rock
|-weather|Sandstorm|[from] ability: Sand Stream|[of] p2a: Tyranitar
|turn|14
|
|t:|1779569166
|move|p1a: Iron Moth|Dazzling Gleam|p2a: Tyranitar
|-supereffective|p2a: Tyranitar
|-crit|p2a: Tyranitar
|-damage|p2a: Tyranitar|0 fnt
|faint|p2a: Tyranitar
|
|-weather|Sandstorm|[upkeep]
|-damage|p1a: Iron Moth|69/100|[from] Sandstorm
|-heal|p1a: Iron Moth|75/100|[from] Grassy Terrain
|upkeep
|
|t:|1779569172
|switch|p2a: Iron Valiant|Iron Valiant|100/100
|-damage|p2a: Iron Valiant|94/100|[from] Stealth Rock
|-enditem|p2a: Iron Valiant|Booster Energy
|-activate|p2a: Iron Valiant|ability: Quark Drive|[fromitem]
|-start|p2a: Iron Valiant|quarkdrivespe
|turn|15
|
|t:|1779569179
|move|p2a: Iron Valiant|Calm Mind|p2a: Iron Valiant
|-boost|p2a: Iron Valiant|spa|1
|-boost|p2a: Iron Valiant|spd|1
|move|p1a: Iron Moth|Sludge Wave|p2a: Iron Valiant
|-supereffective|p2a: Iron Valiant
|-damage|p2a: Iron Valiant|0 fnt
|faint|p2a: Iron Valiant
|-end|p2a: Iron Valiant|Quark Drive|[silent]
|
|-weather|Sandstorm|[upkeep]
|-damage|p1a: Iron Moth|69/100|[from] Sandstorm
|-heal|p1a: Iron Moth|75/100|[from] Grassy Terrain
|-fieldend|move: Grassy Terrain
|upkeep
|-message|roninakahito forfeited.
|
|win|belzen
|raw|belzen's rating: 1530 &rarr; <strong>1553</strong><br />(+23 for winning)
|raw|roninakahito's rating: 1580 &rarr; <strong>1557</strong><br />(-23 for losing)
|l|☆roninakahito
|player|p2|
|l|☆belzen
|player|p1|
