|j|☆lcs_l3o
|j|☆ChillLanturnYT
|t:|1779568295
|gametype|singles
|player|p1|lcs_l3o|acetrainer|1187
|player|p2|ChillLanturnYT|palmer|1215
|gen|9
|tier|[Gen 9] OU
|rated|
|rule|HP Percentage Mod: HP is shown in percentages
|rule|Endless Battle Clause: Forcing endless battles is banned
|rule|Species Clause: Limit one of each Pokémon
|rule|OHKO Clause: OHKO moves are banned
|rule|Evasion Items Clause: Evasion items are banned
|rule|Evasion Moves Clause: Evasion moves are banned
|rule|Evasion Abilities Clause: Evasion abilities are banned
|rule|Sleep Moves Clause: Sleep-inducing moves are banned
|clearpoke
|poke|p1|Ceruledge, F|
|poke|p1|Kingambit, F|
|poke|p1|Serperior, F|
|poke|p1|Garganacl, F|
|poke|p1|Samurott-Hisui, M|
|poke|p1|Oricorio-Pom-Pom, F|
|poke|p2|Exeggutor, F|
|poke|p2|Dragonite, M|
|poke|p2|Samurott-Hisui, F|
|poke|p2|Jirachi|
|poke|p2|Iron Treads|
|poke|p2|Raging Bolt|
|teampreview
|inactive|Battle timer is ON: inactive players will automatically lose when time's up. (requested by ChillLanturnYT)
|inactive|lcs_l3o also wants the timer to be on.
|
|t:|1779568301
|teamsize|p1|6
|teamsize|p2|6
|start
|switch|p1a: Serperior|Serperior, F|100/100
|switch|p2a: Samurott|Samurott-Hisui, F|100/100
|turn|1
|
|t:|1779568313
|move|p2a: Samurott|Ceaseless Edge|p1a: Serperior
|-damage|p1a: Serperior|48/100
|-sidestart|p1: lcs_l3o|Spikes
|move|p1a: Serperior|Glare|p2a: Samurott
|-status|p2a: Samurott|par
|
|upkeep
|turn|2
|
|t:|1779568317
|move|p1a: Serperior|Leaf Storm|p2a: Samurott
|-supereffective|p2a: Samurott
|-damage|p2a: Samurott|0 fnt
|-boost|p1a: Serperior|spa|2
|faint|p2a: Samurott
|
|upkeep
|
|t:|1779568335
|switch|p2a: Dragonite|Dragonite, M|100/100
|turn|3
|
|t:|1779568338
|move|p1a: Serperior|Glare|p2a: Dragonite
|-status|p2a: Dragonite|par
|cant|p2a: Dragonite|par
|
|upkeep
|turn|4
|
|t:|1779568346
|move|p1a: Serperior|Leaf Storm|p2a: Dragonite
|-resisted|p2a: Dragonite
|-damage|p2a: Dragonite|87/100 par
|-boost|p1a: Serperior|spa|2
|move|p2a: Dragonite|Fire Punch|p1a: Serperior
|-supereffective|p1a: Serperior
|-damage|p1a: Serperior|0 fnt
|faint|p1a: Serperior
|
|-heal|p2a: Dragonite|94/100 par|[from] item: Leftovers
|upkeep
|
|t:|1779568352
|switch|p1a: Oricorio|Oricorio-Pom-Pom, F, shiny|100/100
|turn|5
|
|t:|1779568368
|move|p1a: Oricorio|Quiver Dance|p1a: Oricorio
|-boost|p1a: Oricorio|spa|1
|-boost|p1a: Oricorio|spd|1
|-boost|p1a: Oricorio|spe|1
|move|p2a: Dragonite|Fire Punch|p1a: Oricorio
|-damage|p1a: Oricorio|63/100
|
|-heal|p1a: Oricorio|70/100|[from] item: Leftovers
|-heal|p2a: Dragonite|99/100 par|[from] item: Leftovers
|upkeep
|turn|6
|
|t:|1779568383
|move|p1a: Oricorio|Quiver Dance|p1a: Oricorio
|-boost|p1a: Oricorio|spa|1
|-boost|p1a: Oricorio|spd|1
|-boost|p1a: Oricorio|spe|1
|move|p2a: Dragonite|Fire Punch|p1a: Oricorio
|-damage|p1a: Oricorio|34/100
|
|-heal|p1a: Oricorio|40/100|[from] item: Leftovers
|-heal|p2a: Dragonite|100/100 par|[from] item: Leftovers
|upkeep
|turn|7
|
|t:|1779568389
|move|p1a: Oricorio|Roost|p1a: Oricorio
|-heal|p1a: Oricorio|90/100
|-singleturn|p1a: Oricorio|move: Roost
|cant|p2a: Dragonite|par
|
|-heal|p1a: Oricorio|96/100|[from] item: Leftovers
|upkeep
|turn|8
|
|t:|1779568395
|move|p1a: Oricorio|Revelation Dance|p2a: Dragonite
|-damage|p2a: Dragonite|67/100 par
|cant|p2a: Dragonite|par
|
|-heal|p1a: Oricorio|100/100|[from] item: Leftovers
|-heal|p2a: Dragonite|73/100 par|[from] item: Leftovers
|upkeep
|turn|9
|
|t:|1779568399
|move|p1a: Oricorio|Quiver Dance|p1a: Oricorio
|-boost|p1a: Oricorio|spa|1
|-boost|p1a: Oricorio|spd|1
|-boost|p1a: Oricorio|spe|1
|move|p2a: Dragonite|Roost|p2a: Dragonite
|-heal|p2a: Dragonite|100/100 par
|-singleturn|p2a: Dragonite|move: Roost
|
|upkeep
|turn|10
|
|t:|1779568401
|move|p1a: Oricorio|Quiver Dance|p1a: Oricorio
|-boost|p1a: Oricorio|spa|1
|-boost|p1a: Oricorio|spd|1
|-boost|p1a: Oricorio|spe|1
|move|p2a: Dragonite|Dragon Dance|p2a: Dragonite
|-boost|p2a: Dragonite|atk|1
|-boost|p2a: Dragonite|spe|1
|-activate|p1a: Oricorio|ability: Dancer
|move|p1a: Oricorio|Dragon Dance|p1a: Oricorio|[from] ability: Dancer
|-boost|p1a: Oricorio|atk|1
|-boost|p1a: Oricorio|spe|1
|
|upkeep
|turn|11
|
|t:|1779568404
|move|p1a: Oricorio|Quiver Dance|p1a: Oricorio
|-boost|p1a: Oricorio|spa|1
|-boost|p1a: Oricorio|spd|1
|-boost|p1a: Oricorio|spe|1
|move|p2a: Dragonite|Fire Punch|p1a: Oricorio
|-damage|p1a: Oricorio|41/100
|-status|p1a: Oricorio|brn
|
|-heal|p1a: Oricorio|48/100 brn|[from] item: Leftovers
|-damage|p1a: Oricorio|41/100 brn|[from] brn
|upkeep
|turn|12
|
|t:|1779568411
|move|p1a: Oricorio|Roost|p1a: Oricorio
|-heal|p1a: Oricorio|91/100 brn
|-singleturn|p1a: Oricorio|move: Roost
|move|p2a: Dragonite|Earthquake|p1a: Oricorio
|-supereffective|p1a: Oricorio
|-crit|p1a: Oricorio
|-damage|p1a: Oricorio|0 fnt
|faint|p1a: Oricorio
|
|upkeep
|
|t:|1779568420
|switch|p1a: Samurott|Samurott-Hisui, M, shiny|100/100
|-damage|p1a: Samurott|88/100|[from] Spikes
|turn|13
|
|t:|1779568427
|move|p1a: Samurott|Ceaseless Edge|p2a: Dragonite
|-damage|p2a: Dragonite|80/100 par
|-sidestart|p2: ChillLanturnYT|Spikes
|cant|p2a: Dragonite|par
|
|-heal|p2a: Dragonite|86/100 par|[from] item: Leftovers
|upkeep
|turn|14
|
|t:|1779568434
|move|p1a: Samurott|Swords Dance|p1a: Samurott
|-boost|p1a: Samurott|atk|2
|move|p2a: Dragonite|Earthquake|p1a: Samurott
|-damage|p1a: Samurott|13/100
|
|-heal|p2a: Dragonite|92/100 par|[from] item: Leftovers
|upkeep
|turn|15
|
|t:|1779568439
|move|p1a: Samurott|Ceaseless Edge|p2a: Dragonite
|-damage|p2a: Dragonite|2/100 par
|-sidestart|p2: ChillLanturnYT|Spikes
|cant|p2a: Dragonite|par
|
|-heal|p2a: Dragonite|8/100 par|[from] item: Leftovers
|upkeep
|turn|16
|
|t:|1779568443
|move|p1a: Samurott|Ceaseless Edge|p2a: Dragonite
|-damage|p2a: Dragonite|0 fnt
|-sidestart|p2: ChillLanturnYT|Spikes
|faint|p2a: Dragonite
|
|upkeep
|
|t:|1779568445
|switch|p2a: Iron Treads|Iron Treads|100/100
|-damage|p2a: Iron Treads|76/100|[from] Spikes
|turn|17
|
|t:|1779568449
|move|p2a: Iron Treads|Rapid Spin|p1a: Samurott
|-damage|p1a: Samurott|0 fnt
|-boost|p2a: Iron Treads|spe|1
|-sideend|p2: ChillLanturnYT|Spikes|[from] move: Rapid Spin|[of] p2a: Iron Treads
|faint|p1a: Samurott
|
|-heal|p2a: Iron Treads|82/100|[from] item: Leftovers
|upkeep
|
|t:|1779568452
|switch|p1a: Ceruledge|Ceruledge, F|100/100
|-damage|p1a: Ceruledge|88/100|[from] Spikes
|turn|18
|
|t:|1779568455
|move|p2a: Iron Treads|Earthquake|p1a: Ceruledge
|-supereffective|p1a: Ceruledge
|-damage|p1a: Ceruledge|0 fnt
|faint|p1a: Ceruledge
|
|-heal|p2a: Iron Treads|88/100|[from] item: Leftovers
|upkeep
|
|t:|1779568458
|switch|p1a: Kingambit|Kingambit, F, shiny|100/100
|-activate|p1a: Kingambit|ability: Supreme Overlord
|-start|p1a: Kingambit|fallen4|[silent]
|-item|p1a: Kingambit|Air Balloon
|turn|19
|inactive|ChillLanturnYT has 120 seconds left.
|inactive|ChillLanturnYT has 90 seconds left.
|
|t:|1779568528
|move|p2a: Iron Treads|Earthquake|p1a: Kingambit
|-immune|p1a: Kingambit
|move|p1a: Kingambit|Low Kick|p2a: Iron Treads
|-supereffective|p2a: Iron Treads
|-damage|p2a: Iron Treads|0 fnt
|faint|p2a: Iron Treads
|-end|p2a: Iron Treads|Quark Drive|[silent]
|
|upkeep
|
|t:|1779568531
|switch|p2a: Raging Bolt|Raging Bolt|100/100
|turn|20
|
|t:|1779568536
|move|p2a: Raging Bolt|Zap Cannon|p1a: Kingambit|[miss]
|-miss|p2a: Raging Bolt|p1a: Kingambit
|-enditem|p2a: Raging Bolt|Blunder Policy
|-boost|p2a: Raging Bolt|spe|2
|move|p1a: Kingambit|Low Kick|p2a: Raging Bolt
|-damage|p2a: Raging Bolt|36/100
|
|upkeep
|turn|21
|
|t:|1779568544
|move|p1a: Kingambit|Sucker Punch||[still]
|-fail|p1a: Kingambit
|move|p2a: Raging Bolt|Calm Mind|p2a: Raging Bolt
|-boost|p2a: Raging Bolt|spa|1
|-boost|p2a: Raging Bolt|spd|1
|
|upkeep
|turn|22
|
|t:|1779568548
|move|p2a: Raging Bolt|Zap Cannon|p1a: Kingambit|[miss]
|-miss|p2a: Raging Bolt|p1a: Kingambit
|move|p1a: Kingambit|Low Kick|p2a: Raging Bolt
|-damage|p2a: Raging Bolt|0 fnt
|faint|p2a: Raging Bolt
|-end|p2a: Raging Bolt|Protosynthesis|[silent]
|
|upkeep
|
|t:|1779568551
|switch|p2a: Exeggutor|Exeggutor, F|100/100
|turn|23
|
|t:|1779568556
|move|p2a: Exeggutor|Substitute|p2a: Exeggutor
|-start|p2a: Exeggutor|Substitute
|-damage|p2a: Exeggutor|75/100
|move|p1a: Kingambit|Kowtow Cleave|p2a: Exeggutor
|-supereffective|p2a: Exeggutor
|-end|p2a: Exeggutor|Substitute
|
|upkeep
|turn|24
|
|t:|1779568559
|move|p2a: Exeggutor|Substitute|p2a: Exeggutor
|-start|p2a: Exeggutor|Substitute
|-damage|p2a: Exeggutor|50/100
|move|p1a: Kingambit|Kowtow Cleave|p2a: Exeggutor
|-supereffective|p2a: Exeggutor
|-end|p2a: Exeggutor|Substitute
|
|upkeep
|turn|25
|
|t:|1779568562
|move|p2a: Exeggutor|Substitute|p2a: Exeggutor
|-start|p2a: Exeggutor|Substitute
|-damage|p2a: Exeggutor|25/100
|-enditem|p2a: Exeggutor|Starf Berry|[eat]
|-boost|p2a: Exeggutor|spe|2|[from] item: Starf Berry
|move|p1a: Kingambit|Kowtow Cleave|p2a: Exeggutor
|-supereffective|p2a: Exeggutor
|-end|p2a: Exeggutor|Substitute
|
|-item|p2a: Exeggutor|Starf Berry|[from] ability: Harvest
|upkeep
|-enditem|p2a: Exeggutor|Starf Berry|[eat]
|-boost|p2a: Exeggutor|atk|2|[from] item: Starf Berry
|turn|26
|
|t:|1779568568
|-terastallize|p2a: Exeggutor|Fairy
|move|p2a: Exeggutor|Low Kick|p1a: Kingambit
|-supereffective|p1a: Kingambit
|-damage|p1a: Kingambit|0 fnt
|-enditem|p1a: Kingambit|Air Balloon
|faint|p1a: Kingambit
|-end|p1a: Kingambit|fallen4|[silent]
|
|-item|p2a: Exeggutor|Starf Berry|[from] ability: Harvest
|upkeep
|-enditem|p2a: Exeggutor|Starf Berry|[eat]
|-boost|p2a: Exeggutor|atk|2|[from] item: Starf Berry
|
|t:|1779568578
|switch|p1a: Garganacl|Garganacl, F, shiny|100/100
|-damage|p1a: Garganacl|88/100|[from] Spikes
|turn|27
|
|t:|1779568600
|-terastallize|p1a: Garganacl|Flying
|move|p2a: Exeggutor|Giga Drain|p1a: Garganacl
|-resisted|p1a: Garganacl
|-damage|p1a: Garganacl|66/100
|-heal|p2a: Exeggutor|37/100|[from] drain|[of] p1a: Garganacl
|move|p1a: Garganacl|Salt Cure|p2a: Exeggutor
|-damage|p2a: Exeggutor|17/100
|-start|p2a: Exeggutor|Salt Cure
|
|-heal|p1a: Garganacl|72/100|[from] item: Leftovers
|-damage|p2a: Exeggutor|5/100|[from] Salt Cure
|-item|p2a: Exeggutor|Starf Berry|[from] ability: Harvest
|upkeep
|-enditem|p2a: Exeggutor|Starf Berry|[eat]
|-boost|p2a: Exeggutor|spe|2|[from] item: Starf Berry
|turn|28
|
|t:|1779568616
|move|p2a: Exeggutor|Stored Power|p1a: Garganacl
|-damage|p1a: Garganacl|0 fnt
|faint|p1a: Garganacl
|
|win|ChillLanturnYT
|raw|lcs_l3o's rating: 1187 &rarr; <strong>1164</strong><br />(-23 for losing)
|raw|ChillLanturnYT's rating: 1215 &rarr; <strong>1238</strong><br />(+23 for winning)
