|j|☆Jules93
|j|☆roro09
|t:|1779569255
|gametype|singles
|player|p1|Jules93|hilbert|1177
|player|p2|roro09|102|1137
|gen|9
|tier|[Gen 9] OU
|rated|
|rule|HP Percentage Mod: HP is shown in percentages
|rule|Endless Battle Clause: Forcing endless battles is banned
|rule|Species Clause: Limit one of each Pokémon
|rule|OHKO Clause: OHKO moves are banned
|rule|Evasion Items Clause: Evasion items are banned
|rule|Evasion Moves Clause: Evasion moves are banned
|rule|Evasion Abilities Clause: Evasion abilities are banned
|rule|Sleep Moves Clause: Sleep-inducing moves are banned
|clearpoke
|poke|p1|Rotom-Fan|
|poke|p1|Dusknoir, F|
|poke|p1|Infernape, M|
|poke|p1|Luxray, M|
|poke|p1|Porygon-Z|
|poke|p1|Empoleon, F|
|poke|p2|Enamorus, F|
|poke|p2|Pecharunt|
|poke|p2|Corviknight, M|
|poke|p2|Gholdengo|
|poke|p2|Darkrai|
|poke|p2|Kyurem|
|teampreview
|inactive|Battle timer is ON: inactive players will automatically lose when time's up. (requested by roro09)
|
|t:|1779569271
|teamsize|p1|6
|teamsize|p2|6
|start
|switch|p1a: Rotom|Rotom-Fan|100/100
|switch|p2a: Kyurem|Kyurem|100/100
|-ability|p2a: Kyurem|Pressure
|turn|1
|
|t:|1779569279
|move|p2a: Kyurem|Dragon Dance|p2a: Kyurem
|-boost|p2a: Kyurem|atk|1
|-boost|p2a: Kyurem|spe|1
|move|p1a: Rotom|Will-O-Wisp|p2a: Kyurem
|-status|p2a: Kyurem|brn
|
|-damage|p2a: Kyurem|94/100 brn|[from] brn
|upkeep
|turn|2
|
|t:|1779569289
|move|p2a: Kyurem|Dragon Dance|p2a: Kyurem
|-boost|p2a: Kyurem|atk|1
|-boost|p2a: Kyurem|spe|1
|move|p1a: Rotom|Volt Switch|p2a: Kyurem
|-resisted|p2a: Kyurem
|-damage|p2a: Kyurem|83/100 brn
|
|t:|1779569311
|switch|p1a: Empoleon|Empoleon, F|100/100|[from] Volt Switch
|
|-damage|p2a: Kyurem|77/100 brn|[from] brn
|upkeep
|turn|3
|
|t:|1779569321
|move|p2a: Kyurem|Dragon Claw|p1a: Empoleon
|-resisted|p1a: Empoleon
|-damage|p1a: Empoleon|74/100
|move|p1a: Empoleon|Flash Cannon|p2a: Kyurem
|-supereffective|p2a: Kyurem
|-damage|p2a: Kyurem|8/100 brn
|
|-heal|p1a: Empoleon|81/100|[from] item: Leftovers
|-damage|p2a: Kyurem|2/100 brn|[from] brn
|upkeep
|turn|4
|
|t:|1779569330
|move|p2a: Kyurem|Dragon Claw|p1a: Empoleon
|-resisted|p1a: Empoleon
|-damage|p1a: Empoleon|55/100
|move|p1a: Empoleon|Agility|p1a: Empoleon
|-boost|p1a: Empoleon|spe|2
|
|-heal|p1a: Empoleon|61/100|[from] item: Leftovers
|-damage|p2a: Kyurem|0 fnt|[from] brn
|faint|p2a: Kyurem
|upkeep
|
|t:|1779569335
|switch|p2a: Enamorus|Enamorus, F|100/100
|turn|5
|
|t:|1779569343
|move|p1a: Empoleon|Flash Cannon|p2a: Enamorus
|-supereffective|p2a: Enamorus
|-damage|p2a: Enamorus|0 fnt
|faint|p2a: Enamorus
|
|-heal|p1a: Empoleon|67/100|[from] item: Leftovers
|upkeep
|
|t:|1779569354
|switch|p2a: Corviknight|Corviknight, M|100/100
|turn|6
|
|t:|1779569371
|move|p1a: Empoleon|Surf|p2a: Corviknight
|-damage|p2a: Corviknight|55/100
|move|p2a: Corviknight|Bulk Up|p2a: Corviknight
|-boost|p2a: Corviknight|atk|1
|-boost|p2a: Corviknight|def|1
|
|-heal|p1a: Empoleon|73/100|[from] item: Leftovers
|-heal|p2a: Corviknight|62/100|[from] item: Leftovers
|upkeep
|turn|7
|
|t:|1779569378
|move|p1a: Empoleon|Roost|p1a: Empoleon
|-heal|p1a: Empoleon|100/100
|-singleturn|p1a: Empoleon|move: Roost
|move|p2a: Corviknight|Body Press|p1a: Empoleon
|-supereffective|p1a: Empoleon
|-damage|p1a: Empoleon|10/100
|
|-heal|p1a: Empoleon|16/100|[from] item: Leftovers
|-heal|p2a: Corviknight|68/100|[from] item: Leftovers
|upkeep
|turn|8
|
|t:|1779569391
|move|p1a: Empoleon|Surf|p2a: Corviknight
|-damage|p2a: Corviknight|27/100
|move|p2a: Corviknight|Body Press|p1a: Empoleon
|-supereffective|p1a: Empoleon
|-damage|p1a: Empoleon|0 fnt
|faint|p1a: Empoleon
|
|-heal|p2a: Corviknight|33/100|[from] item: Leftovers
|upkeep
|
|t:|1779569398
|switch|p1a: Infernape|Infernape, M|100/100
|turn|9
|
|t:|1779569401
|move|p1a: Infernape|Swords Dance|p1a: Infernape
|-boost|p1a: Infernape|atk|2
|move|p2a: Corviknight|Drill Peck|p1a: Infernape
|-supereffective|p1a: Infernape
|-damage|p1a: Infernape|0 fnt
|faint|p1a: Infernape
|
|-heal|p2a: Corviknight|39/100|[from] item: Leftovers
|upkeep
|
|t:|1779569411
|switch|p1a: Porygon-Z|Porygon-Z|100/100
|-ability|p1a: Porygon-Z|Download|boost
|-boost|p1a: Porygon-Z|spa|1
|turn|10
|
|t:|1779569417
|move|p1a: Porygon-Z|Ice Beam|p2a: Corviknight
|-damage|p2a: Corviknight|0 fnt
|faint|p2a: Corviknight
|
|upkeep
|
|t:|1779569422
|switch|p2a: Darkrai|Darkrai|100/100
|turn|11
|
|t:|1779569427
|move|p2a: Darkrai|Nasty Plot|p2a: Darkrai
|-boost|p2a: Darkrai|spa|2
|move|p1a: Porygon-Z|Tri Attack|p2a: Darkrai
|-damage|p2a: Darkrai|11/100
|
|upkeep
|turn|12
|
|t:|1779569434
|move|p2a: Darkrai|Dark Pulse|p1a: Porygon-Z
|-damage|p1a: Porygon-Z|0 fnt
|faint|p1a: Porygon-Z
|
|upkeep
|
|t:|1779569443
|switch|p1a: Rotom|Rotom-Fan|100/100
|turn|13
|
|t:|1779569447
|move|p2a: Darkrai|Dark Pulse|p1a: Rotom
|-damage|p1a: Rotom|0 fnt
|faint|p1a: Rotom
|
|upkeep
|
|t:|1779569456
|switch|p1a: Luxray|Luxray, M|100/100
|-ability|p1a: Luxray|Intimidate|boost
|-unboost|p2a: Darkrai|atk|1
|turn|14
|
|t:|1779569461
|move|p2a: Darkrai|Dark Pulse|p1a: Luxray
|-damage|p1a: Luxray|0 fnt
|faint|p1a: Luxray
|
|upkeep
|
|t:|1779569465
|switch|p1a: Dusknoir|Dusknoir, F|100/100
|-item|p2a: Darkrai|Expert Belt|[from] ability: Frisk|[of] p1a: Dusknoir
|turn|15
|
|t:|1779569471
|-terastallize|p1a: Dusknoir|Normal
|move|p2a: Darkrai|Dark Pulse|p1a: Dusknoir
|-damage|p1a: Dusknoir|9/100
|move|p1a: Dusknoir|Leech Life|p2a: Darkrai
|-supereffective|p2a: Darkrai
|-damage|p2a: Darkrai|0 fnt
|-heal|p1a: Dusknoir|14/100|[from] drain|[of] p2a: Darkrai
|faint|p2a: Darkrai
|
|-heal|p1a: Dusknoir|21/100|[from] item: Leftovers
|upkeep
|
|t:|1779569479
|switch|p2a: Pecharunt|Pecharunt|100/100
|turn|16
|
|t:|1779569491
|move|p2a: Pecharunt|Malignant Chain|p1a: Dusknoir
|-damage|p1a: Dusknoir|0 fnt
|faint|p1a: Dusknoir
|
|win|roro09
|raw|Jules93's rating: 1177 &rarr; <strong>1149</strong><br />(-28 for losing)
|raw|roro09's rating: 1137 &rarr; <strong>1165</strong><br />(+28 for winning)
|l|☆Jules93
|player|p1|
|c|☆roro09|gg
|l|☆roro09
|player|p2|
