|j|☆AceZento
|j|☆Mortifi
|t:|1779624732
|gametype|singles
|player|p1|AceZento|101|1457
|player|p2|Mortifi|pokemaniac|1527
|gen|9
|tier|[Gen 9] OU
|rated|
|rule|HP Percentage Mod: HP is shown in percentages
|rule|Endless Battle Clause: Forcing endless battles is banned
|rule|Species Clause: Limit one of each Pokémon
|rule|OHKO Clause: OHKO moves are banned
|rule|Evasion Items Clause: Evasion items are banned
|rule|Evasion Moves Clause: Evasion moves are banned
|rule|Evasion Abilities Clause: Evasion abilities are banned
|rule|Sleep Moves Clause: Sleep-inducing moves are banned
|clearpoke
|poke|p1|Salamence, F|
|poke|p1|Kyurem|
|poke|p1|Ceruledge, M|
|poke|p1|Tornadus-Therian, M|
|poke|p1|Cinderace, F|
|poke|p1|Kingambit, M|
|poke|p2|Zapdos-Galar|
|poke|p2|Slowking-Galar, F|
|poke|p2|Alomomola, M|
|poke|p2|Great Tusk|
|poke|p2|Weavile, M|
|poke|p2|Skarmory, M|
|teampreview
|inactive|Battle timer is ON: inactive players will automatically lose when time's up. (requested by AceZento)
|
|t:|1779624757
|teamsize|p1|6
|teamsize|p2|6
|start
|switch|p1a: Kyurem|Kyurem|100/100
|switch|p2a: Alomomola|Alomomola, M|100/100
|-ability|p1a: Kyurem|Pressure
|turn|1
|
|t:|1779624766
|switch|p2a: Skarmory|Skarmory, M|100/100
|move|p1a: Kyurem|Freeze-Dry|p2a: Skarmory
|-damage|p2a: Skarmory|30/100
|
|upkeep
|turn|2
|
|t:|1779624772
|switch|p2a: Slowking|Slowking-Galar, F|100/100
|move|p1a: Kyurem|Freeze-Dry|p2a: Slowking
|-damage|p2a: Slowking|68/100
|
|upkeep
|turn|3
|inactive|AceZento has 120 seconds left.
|
|t:|1779624805
|switch|p1a: Cinderace|Cinderace, F|100/100
|move|p2a: Slowking|Thunder Wave|p1a: Cinderace
|-status|p1a: Cinderace|par
|
|upkeep
|turn|4
|inactive|AceZento has 120 seconds left.
|
|t:|1779624819
|switch|p2a: Alomomola|Alomomola, M|100/100
|move|p1a: Cinderace|U-turn|p2a: Alomomola
|-start|p1a: Cinderace|typechange|Bug|[from] ability: Libero
|-damage|p2a: Alomomola|79/100
|inactive|AceZento has 120 seconds left.
|inactive|AceZento has 90 seconds left.
|
|t:|1779624863
|switch|p1a: Tornadus|Tornadus-Therian, M|100/100|[from] U-turn
|
|upkeep
|turn|5
|
|t:|1779624873
|move|p1a: Tornadus|Knock Off|p2a: Alomomola
|-damage|p2a: Alomomola|70/100
|move|p2a: Alomomola|Flip Turn|p1a: Tornadus
|-crit|p1a: Tornadus
|-damage|p1a: Tornadus|70/100
|
|t:|1779624878
|switch|p2a: Weavile|Weavile, M|100/100|[from] Flip Turn
|-ability|p2a: Weavile|Pressure
|
|upkeep
|turn|6
|
|t:|1779624888
|switch|p1a: Cinderace|Cinderace, F|100/100 par
|move|p2a: Weavile|Knock Off|p1a: Cinderace
|-damage|p1a: Cinderace|0 fnt
|-enditem|p1a: Cinderace|Heavy-Duty Boots|[from] move: Knock Off|[of] p2a: Weavile
|faint|p1a: Cinderace
|
|upkeep
|inactive|AceZento has 90 seconds left.
|
|t:|1779624928
|switch|p1a: Ceruledge|Ceruledge, M|100/100
|turn|7
|
|t:|1779624937
|switch|p2a: Alomomola|Alomomola, M|100/100
|move|p1a: Ceruledge|Bitter Blade|p2a: Alomomola
|-resisted|p2a: Alomomola
|-damage|p2a: Alomomola|85/100
|
|upkeep
|turn|8
|inactive|AceZento has 60 seconds left.
|
|t:|1779624978
|switch|p1a: Kyurem|Kyurem|100/100
|-ability|p1a: Kyurem|Pressure
|move|p2a: Alomomola|Acrobatics|p1a: Kyurem
|-damage|p1a: Kyurem|83/100
|
|upkeep
|turn|9
|
|t:|1779624988
|move|p2a: Alomomola|Protect|p2a: Alomomola
|-singleturn|p2a: Alomomola|Protect
|move|p1a: Kyurem|Freeze-Dry|p2a: Alomomola
|-activate|p2a: Alomomola|move: Protect
|
|upkeep
|turn|10
|
|t:|1779624994
|switch|p2a: Slowking|Slowking-Galar, F|100/100
|move|p1a: Kyurem|Freeze-Dry|p2a: Slowking
|-damage|p2a: Slowking|68/100
|
|upkeep
|turn|11
|
|t:|1779625002
|switch|p1a: Tornadus|Tornadus-Therian, M|100/100
|move|p2a: Slowking|Thunder Wave|p1a: Tornadus
|-status|p1a: Tornadus|par
|
|upkeep
|turn|12
|inactive|Mortifi has 120 seconds left.
|
|t:|1779625049
|move|p1a: Tornadus|Bleakwind Storm|p2a: Slowking|[miss]
|-miss|p1a: Tornadus|p2a: Slowking
|-prepare|p2a: Slowking|Chilly Reception|[premajor]
|move|p2a: Slowking|Chilly Reception|p2a: Slowking
|-weather|Snowscape
|
|t:|1779625057
|switch|p2a: Weavile|Weavile, M|100/100|[from] Chilly Reception
|-ability|p2a: Weavile|Pressure
|
|-weather|Snowscape|[upkeep]
|upkeep
|turn|13
|inactive|AceZento has 60 seconds left.
|
|t:|1779625101
|move|p2a: Weavile|Ice Spinner|p1a: Tornadus
|-supereffective|p1a: Tornadus
|-damage|p1a: Tornadus|0 fnt
|faint|p1a: Tornadus
|
|-weather|Snowscape|[upkeep]
|upkeep
|
|t:|1779625110
|switch|p1a: Kingambit|Kingambit, M|100/100
|-activate|p1a: Kingambit|ability: Supreme Overlord
|-start|p1a: Kingambit|fallen2|[silent]
|turn|14
|inactive|Mortifi has 120 seconds left.
|
|t:|1779625123
|switch|p2a: Great Tusk|Great Tusk|100/100
|move|p1a: Kingambit|Kowtow Cleave|p2a: Great Tusk
|-resisted|p2a: Great Tusk
|-damage|p2a: Great Tusk|73/100
|-damage|p1a: Kingambit|91/100|[from] item: Life Orb
|
|-weather|Snowscape|[upkeep]
|upkeep
|turn|15
|
|t:|1779625139
|-end|p1a: Kingambit|fallen2|[silent]
|switch|p1a: Ceruledge|Ceruledge, M|100/100
|move|p2a: Great Tusk|Headlong Rush|p1a: Ceruledge
|-supereffective|p1a: Ceruledge
|-enditem|p1a: Ceruledge|Focus Sash
|-damage|p1a: Ceruledge|1/100
|-unboost|p2a: Great Tusk|def|1
|-unboost|p2a: Great Tusk|spd|1
|-ability|p1a: Ceruledge|Weak Armor|boost
|-unboost|p1a: Ceruledge|def|1
|-boost|p1a: Ceruledge|spe|2
|
|-weather|Snowscape|[upkeep]
|upkeep
|turn|16
|inactive|AceZento has 30 seconds left.
|
|t:|1779625169
|-end|p2a: Great Tusk|Protosynthesis|[silent]
|switch|p2a: Alomomola|Alomomola, M|100/100
|move|p1a: Ceruledge|Swords Dance|p1a: Ceruledge
|-boost|p1a: Ceruledge|atk|2
|
|-weather|none
|upkeep
|turn|17
|inactive|AceZento has 30 seconds left.
|inactive|AceZento has 20 seconds left.
|
|t:|1779625186
|move|p1a: Ceruledge|Close Combat|p2a: Alomomola
|-damage|p2a: Alomomola|48/100
|-unboost|p1a: Ceruledge|def|1
|-unboost|p1a: Ceruledge|spd|1
|move|p2a: Alomomola|Flip Turn|p1a: Ceruledge
|-supereffective|p1a: Ceruledge
|-crit|p1a: Ceruledge
|-damage|p1a: Ceruledge|0 fnt
|faint|p1a: Ceruledge
|
|t:|1779625194
|switch|p2a: Zapdos|Zapdos-Galar|100/100|[from] Flip Turn
|
|upkeep
|inactive|AceZento has 30 seconds left this turn.
|inactive|AceZento has 20 seconds left.
|inactive|AceZento has 15 seconds left.
|inactive|AceZento has 10 seconds left.
|inactive|AceZento has 5 seconds left.
|
|t:|1779625222
|switch|p1a: Salamence|Salamence, F|100/100
|turn|18
|inactive|AceZento has 15 seconds left this turn.
|inactive|AceZento has 10 seconds left.
|
|t:|1779625233
|-terastallize|p1a: Salamence|Steel
|move|p2a: Zapdos|Brave Bird|p1a: Salamence
|-resisted|p1a: Salamence
|-damage|p1a: Salamence|64/100
|-damage|p2a: Zapdos|88/100|[from] Recoil
|move|p1a: Salamence|Dragon Dance|p1a: Salamence
|-boost|p1a: Salamence|atk|1
|-boost|p1a: Salamence|spe|1
|
|upkeep
|turn|19
|inactive|AceZento has 20 seconds left this turn.
|inactive|AceZento has 15 seconds left.
|
|t:|1779625244
|switch|p2a: Skarmory|Skarmory, M|30/100
|move|p1a: Salamence|Dual Wingbeat|p2a: Skarmory
|-resisted|p2a: Skarmory
|-damage|p2a: Skarmory|19/100
|-damage|p1a: Salamence|48/100|[from] item: Rocky Helmet|[of] p2a: Skarmory
|-resisted|p2a: Skarmory
|-damage|p2a: Skarmory|9/100
|-damage|p1a: Salamence|31/100|[from] item: Rocky Helmet|[of] p2a: Skarmory
|-hitcount|p2a: Skarmory|2
|
|upkeep
|turn|20
|inactive|AceZento has 25 seconds left this turn.
|inactive|AceZento has 20 seconds left.
|
|t:|1779625254
|move|p1a: Salamence|Dual Wingbeat|p2a: Skarmory|[miss]
|-miss|p1a: Salamence|p2a: Skarmory
|move|p2a: Skarmory|Whirlwind|p1a: Salamence
|drag|p1a: Kyurem|Kyurem|83/100
|-ability|p1a: Kyurem|Pressure
|
|upkeep
|turn|21
|inactive|AceZento has 30 seconds left this turn.
|inactive|AceZento has 20 seconds left.
|
|t:|1779625267
|move|p1a: Kyurem|Ice Beam|p2a: Skarmory
|-damage|p2a: Skarmory|0 fnt
|faint|p2a: Skarmory
|
|upkeep
|
|t:|1779625277
|switch|p2a: Weavile|Weavile, M|100/100
|-ability|p2a: Weavile|Pressure
|turn|22
|inactive|AceZento has 30 seconds left.
|
|t:|1779625288
|switch|p1a: Salamence|Salamence, F, tera:Steel|31/100
|move|p2a: Weavile|Low Kick|p1a: Salamence
|-supereffective|p1a: Salamence
|-damage|p1a: Salamence|0 fnt
|faint|p1a: Salamence
|
|upkeep
|inactive|AceZento has 30 seconds left this turn.
|
|t:|1779625293
|switch|p1a: Kingambit|Kingambit, M|91/100
|-activate|p1a: Kingambit|ability: Supreme Overlord
|-start|p1a: Kingambit|fallen4|[silent]
|turn|23
|inactive|AceZento has 30 seconds left.
|
|t:|1779625304
|move|p1a: Kingambit|Sucker Punch|p2a: Weavile
|-resisted|p2a: Weavile
|-damage|p2a: Weavile|41/100
|-damage|p1a: Kingambit|81/100|[from] item: Life Orb
|move|p2a: Weavile|Low Kick|p1a: Kingambit
|-supereffective|p1a: Kingambit
|-damage|p1a: Kingambit|0 fnt
|faint|p1a: Kingambit
|-end|p1a: Kingambit|fallen4|[silent]
|
|upkeep
|inactive|AceZento has 30 seconds left.
|
|t:|1779625311
|switch|p1a: Kyurem|Kyurem|83/100
|-ability|p1a: Kyurem|Pressure
|turn|24
|
|t:|1779625316
|move|p2a: Weavile|Low Kick|p1a: Kyurem
|-supereffective|p1a: Kyurem
|-damage|p1a: Kyurem|0 fnt
|faint|p1a: Kyurem
|
|win|Mortifi
|raw|AceZento's rating: 1457 &rarr; <strong>1441</strong><br />(-16 for losing)
|raw|Mortifi's rating: 1527 &rarr; <strong>1543</strong><br />(+16 for winning)
|l|☆AceZento
|player|p1|
|l|☆Mortifi
|player|p2|
