|j|☆A16552
|j|☆ReyLly
|t:|1779718449
|gametype|singles
|player|p1|A16552|101|1026
|player|p2|ReyLly|guitarist|1008
|gen|9
|tier|[Gen 9] OU
|rated|
|rule|HP Percentage Mod: HP is shown in percentages
|rule|Endless Battle Clause: Forcing endless battles is banned
|rule|Species Clause: Limit one of each Pokémon
|rule|OHKO Clause: OHKO moves are banned
|rule|Evasion Items Clause: Evasion items are banned
|rule|Evasion Moves Clause: Evasion moves are banned
|rule|Evasion Abilities Clause: Evasion abilities are banned
|rule|Sleep Moves Clause: Sleep-inducing moves are banned
|clearpoke
|poke|p1|Hippowdon, F|
|poke|p1|Chansey, F|
|poke|p1|Toxapex, M|
|poke|p1|Garganacl, F|
|poke|p1|Hydrapple, M|
|poke|p1|Gliscor, M|
|poke|p2|Smeargle, M|
|poke|p2|Moltres-Galar|
|poke|p2|Gholdengo|
|poke|p2|Samurott-Hisui, M|
|poke|p2|Zamazenta-*|
|poke|p2|Deoxys-Speed|
|teampreview
|inactive|Battle timer is ON: inactive players will automatically lose when time's up. (requested by A16552)
|
|t:|1779718461
|teamsize|p1|6
|teamsize|p2|6
|start
|switch|p1a: Garganacl|Garganacl, F|100/100
|switch|p2a: Deoxys|Deoxys-Speed|100/100
|-ability|p2a: Deoxys|Pressure
|turn|1
|
|t:|1779718472
|move|p1a: Garganacl|Protect|p1a: Garganacl
|-singleturn|p1a: Garganacl|Protect
|move|p2a: Deoxys|Reflect|p2a: Deoxys
|-sidestart|p2: ReyLly|Reflect
|
|upkeep
|turn|2
|
|t:|1779718478
|move|p2a: Deoxys|Light Screen|p2a: Deoxys
|-sidestart|p2: ReyLly|move: Light Screen
|move|p1a: Garganacl|Stealth Rock|p2a: Deoxys
|-sidestart|p2: ReyLly|move: Stealth Rock
|
|upkeep
|turn|3
|
|t:|1779718487
|move|p1a: Garganacl|Protect|p1a: Garganacl
|-singleturn|p1a: Garganacl|Protect
|move|p2a: Deoxys|Psycho Boost|p1a: Garganacl
|-activate|p1a: Garganacl|move: Protect
|
|upkeep
|turn|4
|
|t:|1779718494
|move|p2a: Deoxys|Psycho Boost|p1a: Garganacl
|-damage|p1a: Garganacl|70/100
|-unboost|p2a: Deoxys|spa|2
|move|p1a: Garganacl|Salt Cure|p2a: Deoxys
|-damage|p2a: Deoxys|92/100
|-start|p2a: Deoxys|Salt Cure
|
|-heal|p1a: Garganacl|76/100|[from] item: Leftovers
|-damage|p2a: Deoxys|79/100|[from] Salt Cure
|upkeep
|turn|5
|
|t:|1779718508
|switch|p2a: Gholdengo|Gholdengo|100/100
|-damage|p2a: Gholdengo|94/100|[from] Stealth Rock
|move|p1a: Garganacl|Protect||[still]
|-fail|p1a: Garganacl
|
|-heal|p1a: Garganacl|82/100|[from] item: Leftovers
|upkeep
|turn|6
|
|t:|1779718514
|move|p2a: Gholdengo|Trick|p1a: Garganacl
|-activate|p2a: Gholdengo|move: Trick|[of] p1a: Garganacl
|-item|p1a: Garganacl|Choice Scarf|[from] move: Trick
|-item|p2a: Gholdengo|Leftovers|[from] move: Trick
|move|p1a: Garganacl|Recover|p1a: Garganacl
|-heal|p1a: Garganacl|100/100
|
|-heal|p2a: Gholdengo|100/100|[from] item: Leftovers
|upkeep
|turn|7
|
|t:|1779718530
|switch|p2a: Smeargle|Smeargle, M|100/100
|-damage|p2a: Smeargle|88/100|[from] Stealth Rock
|switch|p1a: Hydrapple|Hydrapple, M|100/100
|
|upkeep
|turn|8
|
|t:|1779718539
|-terastallize|p2a: Smeargle|Flying
|move|p2a: Smeargle|Jaw Lock|p1a: Hydrapple
|-damage|p1a: Hydrapple|91/100
|-activate|p2a: Smeargle|trapped
|-activate|p1a: Hydrapple|trapped
|move|p1a: Hydrapple|Substitute|p1a: Hydrapple
|-start|p1a: Hydrapple|Substitute
|-damage|p1a: Hydrapple|66/100
|
|-heal|p1a: Hydrapple|72/100|[from] item: Leftovers
|-sideend|p2: ReyLly|Reflect
|upkeep
|turn|9
|
|t:|1779718546
|move|p2a: Smeargle|No Retreat|p2a: Smeargle
|-boost|p2a: Smeargle|atk|1
|-boost|p2a: Smeargle|def|1
|-boost|p2a: Smeargle|spa|1
|-boost|p2a: Smeargle|spd|1
|-boost|p2a: Smeargle|spe|1
|move|p1a: Hydrapple|Dragon Pulse|p2a: Smeargle
|-damage|p2a: Smeargle|63/100
|
|-heal|p1a: Hydrapple|79/100|[from] item: Leftovers
|-sideend|p2: ReyLly|move: Light Screen
|upkeep
|turn|10
|
|t:|1779718552
|move|p2a: Smeargle|No Retreat|p2a: Smeargle
|-boost|p2a: Smeargle|atk|1
|-boost|p2a: Smeargle|def|1
|-boost|p2a: Smeargle|spa|1
|-boost|p2a: Smeargle|spd|1
|-boost|p2a: Smeargle|spe|1
|move|p1a: Hydrapple|Dragon Pulse|p2a: Smeargle
|-damage|p2a: Smeargle|25/100
|
|-heal|p1a: Hydrapple|85/100|[from] item: Leftovers
|upkeep
|turn|11
|
|t:|1779718565
|move|p2a: Smeargle|Population Bomb|p1a: Hydrapple
|-activate|p1a: Hydrapple|move: Substitute|[damage]
|-activate|p1a: Hydrapple|move: Substitute|[damage]
|-end|p1a: Hydrapple|Substitute
|-damage|p1a: Hydrapple|75/100
|-damage|p1a: Hydrapple|64/100
|-damage|p1a: Hydrapple|53/100
|-crit|p1a: Hydrapple
|-damage|p1a: Hydrapple|39/100
|-damage|p1a: Hydrapple|29/100
|-damage|p1a: Hydrapple|20/100
|-damage|p1a: Hydrapple|9/100
|-hitcount|p1a: Hydrapple|10
|move|p1a: Hydrapple|Dragon Pulse|p2a: Smeargle
|-damage|p2a: Smeargle|0 fnt
|faint|p2a: Smeargle
|
|-heal|p1a: Hydrapple|16/100|[from] item: Leftovers
|upkeep
|-message|ReyLly forfeited.
|
|win|A16552
|raw|A16552's rating: 1026 &rarr; <strong>1060</strong><br />(+34 for winning)
|raw|ReyLly's rating: 1008 &rarr; <strong>1000</strong><br />(-8 for losing)
|l|☆ReyLly
|player|p2|
