|j|☆Mdavis
|j|☆amiwashed25
|t:|1779686938
|gametype|singles
|player|p1|Mdavis|palmer|1371
|player|p2|amiwashed25|cynthia|1323
|gen|9
|tier|[Gen 9] OU
|rated|
|rule|HP Percentage Mod: HP is shown in percentages
|rule|Endless Battle Clause: Forcing endless battles is banned
|rule|Species Clause: Limit one of each Pokémon
|rule|OHKO Clause: OHKO moves are banned
|rule|Evasion Items Clause: Evasion items are banned
|rule|Evasion Moves Clause: Evasion moves are banned
|rule|Evasion Abilities Clause: Evasion abilities are banned
|rule|Sleep Moves Clause: Sleep-inducing moves are banned
|clearpoke
|poke|p1|Kingambit, M|
|poke|p1|Kommo-o, F|
|poke|p1|Iron Valiant|
|poke|p1|Kyurem|
|poke|p1|Iron Treads|
|poke|p1|Iron Crown|
|poke|p2|Glimmora, F|
|poke|p2|Garchomp, F|
|poke|p2|Gholdengo|
|poke|p2|Iron Valiant|
|poke|p2|Ogerpon-Wellspring, F|
|poke|p2|Iron Moth|
|teampreview
|inactive|Battle timer is ON: inactive players will automatically lose when time's up. (requested by amiwashed25)
|
|t:|1779686959
|teamsize|p1|6
|teamsize|p2|6
|start
|switch|p1a: Iron Treads|Iron Treads|100/100
|switch|p2a: Ogerpon|Ogerpon-Wellspring, F|100/100
|-enditem|p1a: Iron Treads|Booster Energy
|-activate|p1a: Iron Treads|ability: Quark Drive|[fromitem]
|-start|p1a: Iron Treads|quarkdrivespe
|turn|1
|
|t:|1779686984
|-end|p1a: Iron Treads|Quark Drive|[silent]
|switch|p1a: Kommo-o|Kommo-o, F|100/100
|move|p2a: Ogerpon|Ivy Cudgel|p1a: Kommo-o|[anim] Ivy Cudgel Water
|-resisted|p1a: Kommo-o
|-damage|p1a: Kommo-o|78/100
|
|-heal|p1a: Kommo-o|84/100|[from] item: Leftovers
|upkeep
|turn|2
|
|t:|1779686989
|move|p2a: Ogerpon|Play Rough|p1a: Kommo-o
|-supereffective|p1a: Kommo-o
|-damage|p1a: Kommo-o|0 fnt
|faint|p1a: Kommo-o
|
|upkeep
|
|t:|1779686997
|switch|p1a: Iron Valiant|Iron Valiant|100/100
|-enditem|p1a: Iron Valiant|Booster Energy
|-activate|p1a: Iron Valiant|ability: Quark Drive|[fromitem]
|-start|p1a: Iron Valiant|quarkdrivespe
|turn|3
|inactive|Mdavis has 120 seconds left.
|
|t:|1779687024
|move|p1a: Iron Valiant|Calm Mind|p1a: Iron Valiant
|-boost|p1a: Iron Valiant|spa|1
|-boost|p1a: Iron Valiant|spd|1
|move|p2a: Ogerpon|Play Rough|p1a: Iron Valiant
|-supereffective|p1a: Iron Valiant
|-damage|p1a: Iron Valiant|4/100
|
|upkeep
|turn|4
|inactive|Mdavis has 120 seconds left.
|
|t:|1779687048
|-terastallize|p1a: Iron Valiant|Ghost
|move|p1a: Iron Valiant|Shadow Ball|p2a: Ogerpon
|-damage|p2a: Ogerpon|32/100
|move|p2a: Ogerpon|Ivy Cudgel|p1a: Iron Valiant|[anim] Ivy Cudgel Water
|-damage|p1a: Iron Valiant|0 fnt
|faint|p1a: Iron Valiant
|-end|p1a: Iron Valiant|Quark Drive|[silent]
|
|upkeep
|
|t:|1779687066
|switch|p1a: Iron Crown|Iron Crown|100/100
|-enditem|p1a: Iron Crown|Booster Energy
|-activate|p1a: Iron Crown|ability: Quark Drive|[fromitem]
|-start|p1a: Iron Crown|quarkdrivespe
|turn|5
|
|t:|1779687074
|move|p1a: Iron Crown|Psychic Noise|p2a: Ogerpon
|-damage|p2a: Ogerpon|0 fnt
|faint|p2a: Ogerpon
|
|upkeep
|
|t:|1779687081
|switch|p2a: Gholdengo|Gholdengo|100/100
|-item|p2a: Gholdengo|Air Balloon
|turn|6
|
|t:|1779687094
|-end|p1a: Iron Crown|Quark Drive|[silent]
|switch|p1a: Kingambit|Kingambit, M|100/100
|-activate|p1a: Kingambit|ability: Supreme Overlord
|-start|p1a: Kingambit|fallen2|[silent]
|move|p2a: Gholdengo|Shadow Ball|p1a: Kingambit
|-resisted|p1a: Kingambit
|-damage|p1a: Kingambit|77/100
|
|-heal|p1a: Kingambit|84/100|[from] item: Leftovers
|upkeep
|turn|7
|
|t:|1779687104
|move|p2a: Gholdengo|Focus Blast|p1a: Kingambit
|-supereffective|p1a: Kingambit
|-damage|p1a: Kingambit|0 fnt
|faint|p1a: Kingambit
|-end|p1a: Kingambit|fallen2|[silent]
|
|upkeep
|-message|Mdavis forfeited.
|
|win|amiwashed25
|raw|Mdavis's rating: 1371 &rarr; <strong>1348</strong><br />(-23 for losing)
|raw|amiwashed25's rating: 1323 &rarr; <strong>1346</strong><br />(+23 for winning)
|l|☆Mdavis
|player|p1|
|l|☆amiwashed25
|player|p2|
