|j|☆JiyuRey
|j|☆TristanPlaysPKMN
|t:|1779631088
|gametype|singles
|player|p1|JiyuRey|shadowtriad|1270
|player|p2|TristanPlaysPKMN|firebreather|1226
|gen|9
|tier|[Gen 9] OU
|rated|
|rule|HP Percentage Mod: HP is shown in percentages
|rule|Endless Battle Clause: Forcing endless battles is banned
|rule|Species Clause: Limit one of each Pokémon
|rule|OHKO Clause: OHKO moves are banned
|rule|Evasion Items Clause: Evasion items are banned
|rule|Evasion Moves Clause: Evasion moves are banned
|rule|Evasion Abilities Clause: Evasion abilities are banned
|rule|Sleep Moves Clause: Sleep-inducing moves are banned
|clearpoke
|poke|p1|Ninetales, M|
|poke|p1|Raging Bolt|
|poke|p1|Dragonite, F|
|poke|p1|Garganacl, M|
|poke|p1|Great Tusk|
|poke|p1|Walking Wake|
|poke|p2|Gogoat, M|
|poke|p2|Ceruledge, M|
|poke|p2|Raging Bolt|
|poke|p2|Great Tusk|
|poke|p2|Araquanid, F|
|poke|p2|Braviary-Hisui, M|
|teampreview
|inactive|Battle timer is ON: inactive players will automatically lose when time's up. (requested by TristanPlaysPKMN)
|
|t:|1779631095
|teamsize|p1|6
|teamsize|p2|6
|start
|switch|p1a: Rocher|Garganacl, M|100/100
|switch|p2a: Plip|Araquanid, F, shiny|100/100
|turn|1
|
|t:|1779631102
|move|p2a: Plip|Surf|p1a: Rocher
|-supereffective|p1a: Rocher
|-damage|p1a: Rocher|0 fnt
|faint|p1a: Rocher
|
|upkeep
|
|t:|1779631109
|switch|p1a: Vague|Walking Wake|100/100
|turn|2
|
|t:|1779631114
|move|p1a: Vague|Dragon Pulse|p2a: Plip
|-damage|p2a: Plip|53/100
|move|p2a: Plip|Sticky Web|p1a: Vague
|-sidestart|p1: JiyuRey|move: Sticky Web
|
|upkeep
|turn|3
|
|t:|1779631137
|move|p1a: Vague|Dragon Pulse|p2a: Plip
|-damage|p2a: Plip|3/100
|move|p2a: Plip|Endeavor|p1a: Vague
|-damage|p1a: Vague|3/100
|
|upkeep
|turn|4
|-enditem|p2a: Plip|Custap Berry|[eat]
|-activate|p2a: Plip|item: Custap Berry|[consumed]
|
|t:|1779631145
|move|p2a: Plip|Surf|p1a: Vague
|-resisted|p1a: Vague
|-damage|p1a: Vague|0 fnt
|faint|p1a: Vague
|-end|p1a: Vague|Protosynthesis|[silent]
|
|upkeep
|
|t:|1779631157
|switch|p1a: Terre|Great Tusk|100/100
|-activate|p1a: Terre|move: Sticky Web
|-unboost|p1a: Terre|spe|1
|turn|5
|
|t:|1779631162
|move|p1a: Terre|Knock Off|p2a: Plip
|-damage|p2a: Plip|0 fnt
|faint|p2a: Plip
|
|upkeep
|
|t:|1779631166
|switch|p2a: THE GOAT|Gogoat, M, shiny|100/100
|turn|6
|
|t:|1779631170
|move|p1a: Terre|Rapid Spin|p2a: THE GOAT
|-damage|p2a: THE GOAT|86/100
|-boost|p1a: Terre|spe|1
|-sideend|p1: JiyuRey|Sticky Web|[from] move: Rapid Spin|[of] p1a: Terre
|move|p2a: THE GOAT|Horn Leech|p1a: Terre
|-supereffective|p1a: Terre
|-damage|p1a: Terre|67/100
|-heal|p2a: THE GOAT|99/100|[from] drain|[of] p1a: Terre
|-damage|p2a: THE GOAT|83/100|[from] item: Rocky Helmet|[of] p1a: Terre
|
|-heal|p2a: THE GOAT|89/100|[from] item: Leftovers
|upkeep
|turn|7
|
|t:|1779631183
|-end|p1a: Terre|Protosynthesis|[silent]
|switch|p1a: Flamme|Ninetales, M|100/100
|-weather|SunnyDay|[from] ability: Drought|[of] p1a: Flamme
|move|p2a: THE GOAT|Bulk Up|p2a: THE GOAT
|-boost|p2a: THE GOAT|atk|1
|-boost|p2a: THE GOAT|def|1
|
|-weather|SunnyDay|[upkeep]
|-heal|p2a: THE GOAT|96/100|[from] item: Leftovers
|upkeep
|turn|8
|
|t:|1779631200
|-terastallize|p2a: THE GOAT|Ground
|move|p1a: Flamme|Encore|p2a: THE GOAT
|-start|p2a: THE GOAT|Encore
|move|p2a: THE GOAT|Bulk Up|p2a: THE GOAT
|-boost|p2a: THE GOAT|atk|1
|-boost|p2a: THE GOAT|def|1
|
|-weather|SunnyDay|[upkeep]
|-heal|p2a: THE GOAT|100/100|[from] item: Leftovers
|upkeep
|turn|9
|
|t:|1779631212
|move|p1a: Flamme|Will-O-Wisp|p2a: THE GOAT
|-status|p2a: THE GOAT|brn
|move|p2a: THE GOAT|Bulk Up|p2a: THE GOAT
|-boost|p2a: THE GOAT|atk|1
|-boost|p2a: THE GOAT|def|1
|
|-weather|SunnyDay|[upkeep]
|-damage|p2a: THE GOAT|94/100 brn|[from] brn
|upkeep
|turn|10
|
|t:|1779631225
|move|p1a: Flamme|Weather Ball|p2a: THE GOAT
|-damage|p2a: THE GOAT|65/100 brn
|move|p2a: THE GOAT|Bulk Up|p2a: THE GOAT
|-boost|p2a: THE GOAT|atk|1
|-boost|p2a: THE GOAT|def|1
|
|-weather|SunnyDay|[upkeep]
|-heal|p2a: THE GOAT|71/100 brn|[from] item: Leftovers
|-damage|p2a: THE GOAT|65/100 brn|[from] brn
|-end|p2a: THE GOAT|Encore
|upkeep
|turn|11
|
|t:|1779631237
|move|p1a: Flamme|Encore|p2a: THE GOAT
|-start|p2a: THE GOAT|Encore
|move|p2a: THE GOAT|Bulk Up|p2a: THE GOAT
|-boost|p2a: THE GOAT|atk|1
|-boost|p2a: THE GOAT|def|1
|
|-weather|SunnyDay|[upkeep]
|-heal|p2a: THE GOAT|71/100 brn|[from] item: Leftovers
|-damage|p2a: THE GOAT|65/100 brn|[from] brn
|upkeep
|turn|12
|
|t:|1779631250
|switch|p1a: Foudre|Raging Bolt|100/100
|-activate|p1a: Foudre|ability: Protosynthesis
|-start|p1a: Foudre|protosynthesisspa
|move|p2a: THE GOAT|Bulk Up|p2a: THE GOAT
|-boost|p2a: THE GOAT|atk|1
|-boost|p2a: THE GOAT|def|1
|
|-weather|SunnyDay|[upkeep]
|-heal|p2a: THE GOAT|71/100 brn|[from] item: Leftovers
|-damage|p2a: THE GOAT|65/100 brn|[from] brn
|upkeep
|turn|13
|
|t:|1779631263
|move|p1a: Foudre|Dragon Pulse|p2a: THE GOAT
|-damage|p2a: THE GOAT|22/100 brn
|move|p2a: THE GOAT|Bulk Up|p2a: THE GOAT
|-boost|p2a: THE GOAT|atk|0
|-boost|p2a: THE GOAT|def|0
|
|-weather|SunnyDay|[upkeep]
|-heal|p2a: THE GOAT|28/100 brn|[from] item: Leftovers
|-damage|p2a: THE GOAT|22/100 brn|[from] brn
|-end|p2a: THE GOAT|Encore
|upkeep
|turn|14
|
|t:|1779631275
|move|p1a: Foudre|Dragon Pulse|p2a: THE GOAT
|-damage|p2a: THE GOAT|0 fnt
|faint|p2a: THE GOAT
|
|-weather|none
|-end|p1a: Foudre|Protosynthesis
|upkeep
|
|t:|1779631284
|switch|p2a: Tusky|Great Tusk, shiny|100/100
|turn|15
|
|t:|1779631292
|-end|p1a: Foudre|Protosynthesis|[silent]
|switch|p1a: Terre|Great Tusk|67/100
|move|p2a: Tusky|Stealth Rock|p1a: Terre
|-sidestart|p1: JiyuRey|move: Stealth Rock
|
|upkeep
|turn|16
|
|t:|1779631299
|move|p2a: Tusky|Ice Spinner|p1a: Terre
|-supereffective|p1a: Terre
|-damage|p1a: Terre|40/100
|-damage|p2a: Tusky|84/100|[from] item: Rocky Helmet|[of] p1a: Terre
|move|p1a: Terre|Knock Off|p2a: Tusky
|-resisted|p2a: Tusky
|-damage|p2a: Tusky|75/100
|-damage|p1a: Terre|24/100|[from] item: Rocky Helmet|[of] p2a: Tusky
|-enditem|p2a: Tusky|Rocky Helmet|[from] move: Knock Off|[of] p1a: Terre
|
|upkeep
|turn|17
|
|t:|1779631309
|move|p2a: Tusky|Ice Spinner|p1a: Terre
|-supereffective|p1a: Terre
|-damage|p1a: Terre|0 fnt
|-damage|p2a: Tusky|58/100|[from] item: Rocky Helmet|[of] p1a: Terre
|faint|p1a: Terre
|-end|p1a: Terre|Protosynthesis|[silent]
|
|upkeep
|
|t:|1779631321
|switch|p1a: Écaille|Dragonite, F|100/100
|turn|18
|
|t:|1779631330
|move|p1a: Écaille|Extreme Speed|p2a: Tusky
|-damage|p2a: Tusky|38/100
|move|p2a: Tusky|Ice Spinner|p1a: Écaille
|-supereffective|p1a: Écaille
|-damage|p1a: Écaille|49/100
|
|upkeep
|turn|19
|
|t:|1779631348
|-terastallize|p1a: Écaille|Normal
|move|p1a: Écaille|Extreme Speed|p2a: Tusky
|-damage|p2a: Tusky|10/100
|move|p2a: Tusky|Ice Spinner|p1a: Écaille
|-damage|p1a: Écaille|22/100
|
|upkeep
|turn|20
|
|t:|1779631358
|move|p1a: Écaille|Extreme Speed|p2a: Tusky
|-damage|p2a: Tusky|0 fnt
|faint|p2a: Tusky
|-end|p2a: Tusky|Protosynthesis|[silent]
|
|upkeep
|
|t:|1779631364
|switch|p2a: Espiary|Braviary-Hisui, M, shiny|100/100
|turn|21
|
|t:|1779631373
|move|p1a: Écaille|Extreme Speed|p2a: Espiary
|-damage|p2a: Espiary|38/100
|move|p2a: Espiary|Esper Wing|p1a: Écaille
|-crit|p1a: Écaille
|-damage|p1a: Écaille|0 fnt
|-boost|p2a: Espiary|spe|1
|faint|p1a: Écaille
|
|-heal|p2a: Espiary|44/100|[from] item: Leftovers
|upkeep
|
|t:|1779631386
|switch|p1a: Flamme|Ninetales, M|100/100
|-damage|p1a: Flamme|76/100|[from] Stealth Rock
|-weather|SunnyDay|[from] ability: Drought|[of] p1a: Flamme
|turn|22
|
|t:|1779631393
|move|p2a: Espiary|Roost|p2a: Espiary
|-heal|p2a: Espiary|94/100
|-singleturn|p2a: Espiary|move: Roost
|move|p1a: Flamme|Weather Ball|p2a: Espiary
|-damage|p2a: Espiary|37/100
|
|-weather|SunnyDay|[upkeep]
|-heal|p2a: Espiary|43/100|[from] item: Leftovers
|upkeep
|turn|23
|
|t:|1779631411
|switch|p1a: Foudre|Raging Bolt|100/100
|-damage|p1a: Foudre|88/100|[from] Stealth Rock
|-activate|p1a: Foudre|ability: Protosynthesis
|-start|p1a: Foudre|protosynthesisspa
|move|p2a: Espiary|Roost|p2a: Espiary
|-heal|p2a: Espiary|94/100
|-singleturn|p2a: Espiary|move: Roost
|
|-weather|SunnyDay|[upkeep]
|-heal|p2a: Espiary|99/100|[from] item: Leftovers
|-heal|p1a: Foudre|94/100|[from] item: Leftovers
|upkeep
|turn|24
|
|t:|1779631425
|move|p2a: Espiary|Calm Mind|p2a: Espiary
|-boost|p2a: Espiary|spa|1
|-boost|p2a: Espiary|spd|1
|move|p1a: Foudre|Thunderbolt|p2a: Espiary
|-supereffective|p2a: Espiary
|-damage|p2a: Espiary|0 fnt
|faint|p2a: Espiary
|
|-weather|SunnyDay|[upkeep]
|-heal|p1a: Foudre|99/100|[from] item: Leftovers
|upkeep
|
|t:|1779631433
|switch|p2a: TargetOfAffection|Raging Bolt|100/100
|-activate|p2a: TargetOfAffection|ability: Protosynthesis
|-start|p2a: TargetOfAffection|protosynthesisspa
|turn|25
|
|t:|1779631446
|-end|p1a: Foudre|Protosynthesis|[silent]
|switch|p1a: Flamme|Ninetales, M|76/100
|-damage|p1a: Flamme|51/100|[from] Stealth Rock
|move|p2a: TargetOfAffection|Draco Meteor|p1a: Flamme
|-damage|p1a: Flamme|0 fnt
|-unboost|p2a: TargetOfAffection|spa|2
|faint|p1a: Flamme
|
|-weather|SunnyDay|[upkeep]
|upkeep
|
|t:|1779631457
|switch|p1a: Foudre|Raging Bolt|99/100
|-damage|p1a: Foudre|88/100|[from] Stealth Rock
|-activate|p1a: Foudre|ability: Protosynthesis
|-start|p1a: Foudre|protosynthesisspa
|turn|26
|
|t:|1779631466
|-end|p2a: TargetOfAffection|Protosynthesis|[silent]
|switch|p2a: Swordsman|Ceruledge, M, shiny|100/100
|move|p1a: Foudre|Dragon Pulse|p2a: Swordsman
|-damage|p2a: Swordsman|36/100
|
|-weather|SunnyDay|[upkeep]
|-heal|p1a: Foudre|94/100|[from] item: Leftovers
|upkeep
|turn|27
|
|t:|1779631475
|move|p2a: Swordsman|Shadow Sneak|p1a: Foudre
|-damage|p1a: Foudre|77/100
|move|p1a: Foudre|Calm Mind|p1a: Foudre
|-boost|p1a: Foudre|spa|1
|-boost|p1a: Foudre|spd|1
|
|-weather|SunnyDay|[upkeep]
|-heal|p1a: Foudre|83/100|[from] item: Leftovers
|upkeep
|turn|28
|
|t:|1779631492
|move|p2a: Swordsman|Swords Dance|p2a: Swordsman
|-boost|p2a: Swordsman|atk|2
|move|p1a: Foudre|Dragon Pulse|p2a: Swordsman
|-damage|p2a: Swordsman|0 fnt
|faint|p2a: Swordsman
|
|-weather|SunnyDay|[upkeep]
|-heal|p1a: Foudre|89/100|[from] item: Leftovers
|upkeep
|
|t:|1779631496
|switch|p2a: TargetOfAffection|Raging Bolt|100/100
|-activate|p2a: TargetOfAffection|ability: Protosynthesis
|-start|p2a: TargetOfAffection|protosynthesisspa
|turn|29
|
|t:|1779631507
|move|p2a: TargetOfAffection|Draco Meteor|p1a: Foudre
|-supereffective|p1a: Foudre
|-damage|p1a: Foudre|0 fnt
|-unboost|p2a: TargetOfAffection|spa|2
|faint|p1a: Foudre
|-end|p1a: Foudre|Protosynthesis|[silent]
|
|win|TristanPlaysPKMN
|raw|JiyuRey's rating: 1270 &rarr; <strong>1242</strong><br />(-28 for losing)
|raw|TristanPlaysPKMN's rating: 1226 &rarr; <strong>1254</strong><br />(+28 for winning)
|c|☆TristanPlaysPKMN|gg
|l|☆JiyuRey
|player|p1|
|l|☆TristanPlaysPKMN
|player|p2|
