|inactive|Battle timer is ON: inactive players will automatically lose when time's up.
|t:|1779652612
|gametype|singles
|player|p1|mipc|dawn-gen4pt|
|player|p2|Ghoulish Champ|#hplvikochiquakers|
|gen|9
|tier|[Gen 9] OU
|rule|HP Percentage Mod: HP is shown in percentages
|rule|Endless Battle Clause: Forcing endless battles is banned
|rule|Species Clause: Limit one of each Pokémon
|rule|OHKO Clause: OHKO moves are banned
|rule|Evasion Items Clause: Evasion items are banned
|rule|Evasion Moves Clause: Evasion moves are banned
|rule|Evasion Abilities Clause: Evasion abilities are banned
|rule|Sleep Moves Clause: Sleep-inducing moves are banned
|clearpoke
|poke|p1|Dragapult, F|
|poke|p1|Dragonite, F|
|poke|p1|Corviknight, M|
|poke|p1|Cinderace, F|
|poke|p1|Ting-Lu|
|poke|p1|Slowking-Galar, M|
|poke|p2|Dragonite, F|
|poke|p2|Kingambit, F|
|poke|p2|Glimmora, M|
|poke|p2|Zamazenta-*|
|poke|p2|Ogerpon-Wellspring, F|
|poke|p2|Gholdengo|
|teampreview
|c|☆Ghoulish Champ|hf
|c|☆mipc|hf
|inactive|mipc has 270 seconds left.
|inactive|Ghoulish Champ has 270 seconds left.
|
|t:|1779652657
|teamsize|p1|6
|teamsize|p2|6
|start
|switch|p1a: Dragapult|Dragapult, F|100/100
|switch|p2a: ffragmentsofU|Gholdengo|100/100
|turn|1
|
|t:|1779652662
|switch|p1a: Ting-Lu|Ting-Lu|100/100
|-ability|p1a: Ting-Lu|Vessel of Ruin
|move|p2a: ffragmentsofU|Shadow Ball|p1a: Ting-Lu
|-resisted|p1a: Ting-Lu
|-damage|p1a: Ting-Lu|91/100
|-unboost|p1a: Ting-Lu|spd|1
|
|-heal|p1a: Ting-Lu|97/100|[from] item: Leftovers
|upkeep
|turn|2
|
|t:|1779652674
|switch|p2a: fliRt Cobainn|Ogerpon-Wellspring, F|100/100
|move|p1a: Ting-Lu|Stealth Rock|p2a: fliRt Cobainn
|-sidestart|p2: Ghoulish Champ|move: Stealth Rock
|
|-heal|p1a: Ting-Lu|100/100|[from] item: Leftovers
|upkeep
|turn|3
|
|t:|1779652679
|switch|p1a: Corviknight|Corviknight, M|100/100
|-ability|p1a: Corviknight|Pressure
|move|p2a: fliRt Cobainn|Ivy Cudgel|p1a: Corviknight|[anim] Ivy Cudgel Water
|-damage|p1a: Corviknight|61/100
|
|upkeep
|turn|4
|
|t:|1779652683
|switch|p2a: ffragmentsofU|Gholdengo|100/100
|-damage|p2a: ffragmentsofU|94/100|[from] Stealth Rock
|move|p1a: Corviknight|Roost|p1a: Corviknight
|-heal|p1a: Corviknight|100/100
|-singleturn|p1a: Corviknight|move: Roost
|
|upkeep
|turn|5
|
|t:|1779652694
|switch|p2a: bad bitch pardon?|Glimmora, M|100/100
|-damage|p2a: bad bitch pardon?|88/100|[from] Stealth Rock
|switch|p1a: Cinderace|Cinderace, F|100/100
|
|upkeep
|turn|6
|
|t:|1779652718
|switch|p1a: Slowking|Slowking-Galar, M|100/100
|move|p2a: bad bitch pardon?|Mortal Spin|p1a: Slowking
|-resisted|p1a: Slowking
|-damage|p1a: Slowking|97/100
|-sideend|p2: Ghoulish Champ|Stealth Rock|[from] move: Mortal Spin|[of] p2a: bad bitch pardon?
|
|upkeep
|turn|7
|
|t:|1779652733
|move|p2a: bad bitch pardon?|Earth Power|p1a: Slowking
|-supereffective|p1a: Slowking
|-damage|p1a: Slowking|64/100
|move|p1a: Slowking|Future Sight|p2a: bad bitch pardon?
|-start|p1a: Slowking|move: Future Sight
|
|upkeep
|turn|8
|
|t:|1779652740
|move|p2a: bad bitch pardon?|Earth Power|p1a: Slowking
|-supereffective|p1a: Slowking
|-damage|p1a: Slowking|31/100
|move|p1a: Slowking|Toxic Spikes|p2a: bad bitch pardon?
|-sidestart|p2: Ghoulish Champ|move: Toxic Spikes
|
|upkeep
|turn|9
|
|t:|1779652765
|switch|p2a: 2PHONEBABYKEEM|Kingambit, F|100/100
|switch|p1a: Dragonite|Dragonite, F|100/100
|
|-end|p2a: 2PHONEBABYKEEM|move: Future Sight
|-immune|p2a: 2PHONEBABYKEEM
|upkeep
|turn|10
|
|t:|1779652776
|-end|p2a: 2PHONEBABYKEEM|fallenundefined|[silent]
|switch|p2a: bad bitch pardon?|Glimmora, M|88/100
|-sideend|p2: Ghoulish Champ|move: Toxic Spikes|[of] p2a: bad bitch pardon?
|move|p1a: Dragonite|Earthquake|p2a: bad bitch pardon?
|-supereffective|p2a: bad bitch pardon?
|-damage|p2a: bad bitch pardon?|0 fnt
|-activate|p2a: bad bitch pardon?|ability: Toxic Debris
|-sidestart|p1: mipc|move: Toxic Spikes
|faint|p2a: bad bitch pardon?
|
|upkeep
|inactive|Ghoulish Champ has 270 seconds left.
|
|t:|1779652813
|switch|p2a: fliRt Cobainn|Ogerpon-Wellspring, F|100/100
|turn|11
|
|t:|1779652821
|move|p2a: fliRt Cobainn|Play Rough|p1a: Dragonite
|-supereffective|p1a: Dragonite
|-damage|p1a: Dragonite|65/100
|move|p1a: Dragonite|Dragon Dance|p1a: Dragonite
|-boost|p1a: Dragonite|atk|1
|-boost|p1a: Dragonite|spe|1
|
|upkeep
|turn|12
|inactive|Ghoulish Champ has 270 seconds left.
|
|t:|1779652826
|switch|p1a: Corviknight|Corviknight, M|100/100
|-ability|p1a: Corviknight|Pressure
|move|p2a: fliRt Cobainn|Play Rough|p1a: Corviknight
|-resisted|p1a: Corviknight
|-damage|p1a: Corviknight|89/100
|-unboost|p1a: Corviknight|atk|1
|-damage|p2a: fliRt Cobainn|84/100|[from] item: Rocky Helmet|[of] p1a: Corviknight
|
|upkeep
|turn|13
|
|t:|1779652834
|switch|p2a: ffragmentsofU|Gholdengo|94/100
|move|p1a: Corviknight|U-turn|p2a: ffragmentsofU
|-resisted|p2a: ffragmentsofU
|-damage|p2a: ffragmentsofU|92/100
|
|t:|1779652836
|switch|p1a: Slowking|Slowking-Galar, M|65/100|[from] U-turn
|-sideend|p1: mipc|move: Toxic Spikes|[of] p1a: Slowking
|
|upkeep
|turn|14
|
|t:|1779652844
|switch|p2a: fliRt Cobainn|Ogerpon-Wellspring, F|84/100
|move|p1a: Slowking|Toxic Spikes|p2a: fliRt Cobainn
|-sidestart|p2: Ghoulish Champ|move: Toxic Spikes
|
|upkeep
|turn|15
|
|t:|1779652870
|switch|p1a: Dragonite|Dragonite, F|65/100
|move|p2a: fliRt Cobainn|Ivy Cudgel|p1a: Dragonite|[anim] Ivy Cudgel Water
|-resisted|p1a: Dragonite
|-damage|p1a: Dragonite|35/100
|
|upkeep
|turn|16
|inactive|mipc has 270 seconds left.
|inactive|Ghoulish Champ has 270 seconds left.
|
|t:|1779652905
|move|p1a: Dragonite|Extreme Speed|p2a: fliRt Cobainn
|-crit|p2a: fliRt Cobainn
|-damage|p2a: fliRt Cobainn|22/100
|move|p2a: fliRt Cobainn|Swords Dance|p2a: fliRt Cobainn
|-boost|p2a: fliRt Cobainn|atk|2
|
|upkeep
|turn|17
|
|t:|1779652915
|switch|p2a: ffragmentsofU|Gholdengo|92/100
|move|p1a: Dragonite|Extreme Speed|p2a: ffragmentsofU
|-immune|p2a: ffragmentsofU
|
|upkeep
|turn|18
|
|t:|1779652921
|switch|p1a: Slowking|Slowking-Galar, M|98/100
|move|p2a: ffragmentsofU|Make It Rain|p1a: Slowking
|-damage|p1a: Slowking|57/100
|-unboost|p2a: ffragmentsofU|spa|1
|
|upkeep
|turn|19
|inactive|mipc has 270 seconds left.
|
|t:|1779652929
|switch|p2a: 2PHONEBABYKEEM|Kingambit, F|100/100
|-activate|p2a: 2PHONEBABYKEEM|ability: Supreme Overlord
|-start|p2a: 2PHONEBABYKEEM|fallen1|[silent]
|-prepare|p1a: Slowking|Chilly Reception|[premajor]
|move|p1a: Slowking|Chilly Reception|p1a: Slowking
|-weather|Snowscape
|inactive|mipc has 270 seconds left.
|
|t:|1779652939
|switch|p1a: Cinderace|Cinderace, F|100/100|[from] Chilly Reception
|
|-weather|Snowscape|[upkeep]
|upkeep
|turn|20
|
|t:|1779652943
|-end|p2a: 2PHONEBABYKEEM|fallen1|[silent]
|switch|p2a: fliRt Cobainn|Ogerpon-Wellspring, F|22/100
|-status|p2a: fliRt Cobainn|psn
|move|p1a: Cinderace|U-turn|p2a: fliRt Cobainn
|-start|p1a: Cinderace|typechange|Bug|[from] ability: Libero
|-supereffective|p2a: fliRt Cobainn
|-crit|p2a: fliRt Cobainn
|-damage|p2a: fliRt Cobainn|0 fnt
|faint|p2a: fliRt Cobainn
|inactive|mipc has 270 seconds left.
|
|t:|1779652958
|switch|p1a: Dragapult|Dragapult, F|100/100|[from] U-turn
|
|-weather|Snowscape|[upkeep]
|upkeep
|
|t:|1779652976
|switch|p2a: ffragmentsofU|Gholdengo|92/100
|turn|21
|
|t:|1779652999
|switch|p1a: Slowking|Slowking-Galar, M|90/100
|move|p2a: ffragmentsofU|Make It Rain|p1a: Slowking
|-damage|p1a: Slowking|50/100
|-unboost|p2a: ffragmentsofU|spa|1
|
|-weather|Snowscape|[upkeep]
|upkeep
|turn|22
|inactive|Ghoulish Champ has 270 seconds left.
|inactive|mipc has 270 seconds left.
|
|t:|1779653038
|switch|p2a: CRUMPLE MY HEART|Dragonite, F|100/100
|-prepare|p1a: Slowking|Chilly Reception|[premajor]
|move|p1a: Slowking|Chilly Reception|p1a: Slowking
|inactive|mipc has 270 seconds left.
|
|t:|1779653045
|switch|p1a: Ting-Lu|Ting-Lu|100/100|[from] Chilly Reception
|-ability|p1a: Ting-Lu|Vessel of Ruin
|
|-weather|Snowscape|[upkeep]
|upkeep
|turn|23
|
|t:|1779653050
|switch|p2a: DONTKILLTHAPARTY|Zamazenta|100/100
|-status|p2a: DONTKILLTHAPARTY|psn
|-ability|p2a: DONTKILLTHAPARTY|Dauntless Shield|boost
|-boost|p2a: DONTKILLTHAPARTY|def|1
|move|p1a: Ting-Lu|Ruination|p2a: DONTKILLTHAPARTY
|-damage|p2a: DONTKILLTHAPARTY|51/100 psn
|
|-weather|none
|-heal|p2a: DONTKILLTHAPARTY|57/100 psn|[from] item: Leftovers
|-damage|p2a: DONTKILLTHAPARTY|44/100 psn|[from] psn
|upkeep
|turn|24
|
|t:|1779653055
|switch|p1a: Slowking|Slowking-Galar, M|83/100
|move|p2a: DONTKILLTHAPARTY|Crunch|p1a: Slowking
|-supereffective|p1a: Slowking
|-damage|p1a: Slowking|37/100
|
|-heal|p2a: DONTKILLTHAPARTY|51/100 psn|[from] item: Leftovers
|-damage|p2a: DONTKILLTHAPARTY|38/100 psn|[from] psn
|upkeep
|turn|25
|
|t:|1779653063
|switch|p1a: Dragonite|Dragonite, F|35/100
|move|p2a: DONTKILLTHAPARTY|Iron Defense|p2a: DONTKILLTHAPARTY
|-boost|p2a: DONTKILLTHAPARTY|def|2
|
|-heal|p2a: DONTKILLTHAPARTY|44/100 psn|[from] item: Leftovers
|-damage|p2a: DONTKILLTHAPARTY|32/100 psn|[from] psn
|upkeep
|turn|26
|
|t:|1779653068
|switch|p1a: Slowking|Slowking-Galar, M|71/100
|move|p2a: DONTKILLTHAPARTY|Body Press|p1a: Slowking
|-resisted|p1a: Slowking
|-damage|p1a: Slowking|50/100
|
|-heal|p2a: DONTKILLTHAPARTY|38/100 psn|[from] item: Leftovers
|-damage|p2a: DONTKILLTHAPARTY|26/100 psn|[from] psn
|upkeep
|turn|27
|
|t:|1779653079
|switch|p1a: Dragonite|Dragonite, F|35/100
|move|p2a: DONTKILLTHAPARTY|Crunch|p1a: Dragonite
|-damage|p1a: Dragonite|17/100
|
|-heal|p2a: DONTKILLTHAPARTY|32/100 psn|[from] item: Leftovers
|-damage|p2a: DONTKILLTHAPARTY|20/100 psn|[from] psn
|upkeep
|turn|28
|
|t:|1779653090
|move|p1a: Dragonite|Extreme Speed|p2a: DONTKILLTHAPARTY
|-damage|p2a: DONTKILLTHAPARTY|10/100 psn
|move|p2a: DONTKILLTHAPARTY|Crunch|p1a: Dragonite
|-damage|p1a: Dragonite|0 fnt
|faint|p1a: Dragonite
|
|-heal|p2a: DONTKILLTHAPARTY|17/100 psn|[from] item: Leftovers
|-damage|p2a: DONTKILLTHAPARTY|4/100 psn|[from] psn
|upkeep
|
|t:|1779653095
|switch|p1a: Dragapult|Dragapult, F|100/100
|turn|29
|
|t:|1779653122
|move|p1a: Dragapult|Flamethrower|p2a: DONTKILLTHAPARTY
|-crit|p2a: DONTKILLTHAPARTY
|-damage|p2a: DONTKILLTHAPARTY|0 fnt
|faint|p2a: DONTKILLTHAPARTY
|
|upkeep
|
|t:|1779653138
|switch|p2a: CRUMPLE MY HEART|Dragonite, F|100/100
|turn|30
|
|t:|1779653146
|switch|p1a: Ting-Lu|Ting-Lu|100/100
|-ability|p1a: Ting-Lu|Vessel of Ruin
|move|p2a: CRUMPLE MY HEART|Dragon Dance|p2a: CRUMPLE MY HEART
|-boost|p2a: CRUMPLE MY HEART|atk|1
|-boost|p2a: CRUMPLE MY HEART|spe|1
|
|upkeep
|turn|31
|
|t:|1779653150
|move|p2a: CRUMPLE MY HEART|Ice Spinner|p1a: Ting-Lu
|-supereffective|p1a: Ting-Lu
|-damage|p1a: Ting-Lu|51/100
|move|p1a: Ting-Lu|Ruination|p2a: CRUMPLE MY HEART
|-damage|p2a: CRUMPLE MY HEART|51/100
|
|-heal|p1a: Ting-Lu|57/100|[from] item: Leftovers
|upkeep
|turn|32
|
|t:|1779653155
|switch|p1a: Corviknight|Corviknight, M|89/100
|-ability|p1a: Corviknight|Pressure
|move|p2a: CRUMPLE MY HEART|Ice Spinner|p1a: Corviknight
|-crit|p1a: Corviknight
|-damage|p1a: Corviknight|54/100
|-damage|p2a: CRUMPLE MY HEART|34/100|[from] item: Rocky Helmet|[of] p1a: Corviknight
|
|upkeep
|turn|33
|
|t:|1779653161
|move|p2a: CRUMPLE MY HEART|Rock Slide|p1a: Corviknight
|-damage|p1a: Corviknight|32/100
|move|p1a: Corviknight|Roost|p1a: Corviknight
|-heal|p1a: Corviknight|82/100
|-singleturn|p1a: Corviknight|move: Roost
|
|upkeep
|turn|34
|
|t:|1779653174
|move|p2a: CRUMPLE MY HEART|Rock Slide|p1a: Corviknight
|-damage|p1a: Corviknight|57/100
|cant|p1a: Corviknight|flinch
|
|upkeep
|turn|35
|
|t:|1779653180
|move|p2a: CRUMPLE MY HEART|Rock Slide|p1a: Corviknight
|-damage|p1a: Corviknight|33/100
|cant|p1a: Corviknight|flinch
|
|upkeep
|turn|36
|
|t:|1779653190
|move|p2a: CRUMPLE MY HEART|Rock Slide|p1a: Corviknight
|-damage|p1a: Corviknight|10/100
|cant|p1a: Corviknight|flinch
|
|upkeep
|turn|37
|c|☆Ghoulish Champ|mb
|
|t:|1779653217
|move|p2a: CRUMPLE MY HEART|Ice Spinner|p1a: Corviknight
|-damage|p1a: Corviknight|0 fnt
|-damage|p2a: CRUMPLE MY HEART|18/100|[from] item: Rocky Helmet|[of] p1a: Corviknight
|faint|p1a: Corviknight
|
|upkeep
|inactive|mipc has 270 seconds left.
|c|+sire clod|"mb"
|c|+sire clod|im sure you feel bad about that
|c|☆Ghoulish Champ|thought that counts
|inactive|mipc has 240 seconds left.
|c|+sire clod|you dont have the thought
|c|☆Ghoulish Champ|🥸
|inactive|mipc has 210 seconds left.
|
|t:|1779653288
|switch|p1a: Cinderace|Cinderace, F|100/100
|turn|38
|
|t:|1779653292
|move|p1a: Cinderace|Sucker Punch|p2a: CRUMPLE MY HEART
|-start|p1a: Cinderace|typechange|Dark|[from] ability: Libero
|-damage|p2a: CRUMPLE MY HEART|0 fnt
|faint|p2a: CRUMPLE MY HEART
|
|upkeep
|
|t:|1779653307
|switch|p2a: ffragmentsofU|Gholdengo|92/100
|turn|39
|inactive|Ghoulish Champ has 270 seconds left.
|inactive|mipc has 210 seconds left.
|inactive|Ghoulish Champ has 240 seconds left.
|c|☆Ghoulish Champ|T
|inactive|Ghoulish Champ has 210 seconds left.
|inactive|Ghoulish Champ has 180 seconds left.
|
|t:|1779653441
|switch|p1a: Dragapult|Dragapult, F|100/100
|move|p2a: ffragmentsofU|Make It Rain|p1a: Dragapult
|-crit|p1a: Dragapult
|-damage|p1a: Dragapult|0 fnt
|-unboost|p2a: ffragmentsofU|spa|1
|faint|p1a: Dragapult
|
|upkeep
|inactive|mipc has 180 seconds left.
|
|t:|1779653481
|switch|p1a: Slowking|Slowking-Galar, M|84/100
|turn|40
|inactive|Ghoulish Champ has 180 seconds left.
|inactive|Ghoulish Champ has 150 seconds left.
|
|t:|1779653516
|switch|p2a: 2PHONEBABYKEEM|Kingambit, F|100/100
|-activate|p2a: 2PHONEBABYKEEM|ability: Supreme Overlord
|-start|p2a: 2PHONEBABYKEEM|fallen4|[silent]
|-prepare|p1a: Slowking|Chilly Reception|[premajor]
|move|p1a: Slowking|Chilly Reception|p1a: Slowking
|-weather|Snowscape
|
|t:|1779653519
|switch|p1a: Ting-Lu|Ting-Lu|57/100|[from] Chilly Reception
|-ability|p1a: Ting-Lu|Vessel of Ruin
|
|-weather|Snowscape|[upkeep]
|-heal|p1a: Ting-Lu|63/100|[from] item: Leftovers
|upkeep
|turn|41
|inactive|mipc has 180 seconds left.
|inactive|Ghoulish Champ has 150 seconds left.
|
|t:|1779653559
|move|p2a: 2PHONEBABYKEEM|Swords Dance|p2a: 2PHONEBABYKEEM
|-boost|p2a: 2PHONEBABYKEEM|atk|2
|move|p1a: Ting-Lu|Earthquake|p2a: 2PHONEBABYKEEM
|-supereffective|p2a: 2PHONEBABYKEEM
|-damage|p2a: 2PHONEBABYKEEM|51/100
|
|-weather|Snowscape|[upkeep]
|-heal|p2a: 2PHONEBABYKEEM|57/100|[from] item: Leftovers
|-heal|p1a: Ting-Lu|69/100|[from] item: Leftovers
|upkeep
|turn|42
|inactive|mipc has 150 seconds left.
|
|t:|1779653589
|-terastallize|p1a: Ting-Lu|Water
|move|p2a: 2PHONEBABYKEEM|Iron Head|p1a: Ting-Lu
|-resisted|p1a: Ting-Lu
|-damage|p1a: Ting-Lu|36/100
|cant|p1a: Ting-Lu|flinch
|
|-weather|Snowscape|[upkeep]
|-heal|p2a: 2PHONEBABYKEEM|63/100|[from] item: Leftovers
|-heal|p1a: Ting-Lu|42/100|[from] item: Leftovers
|upkeep
|turn|43
|inactive|mipc has 150 seconds left.
|
|t:|1779653601
|move|p2a: 2PHONEBABYKEEM|Kowtow Cleave|p1a: Ting-Lu
|-damage|p1a: Ting-Lu|0 fnt
|faint|p1a: Ting-Lu
|
|-weather|Snowscape|[upkeep]
|-heal|p2a: 2PHONEBABYKEEM|69/100|[from] item: Leftovers
|upkeep
|
|t:|1779653604
|switch|p1a: Cinderace|Cinderace, F|100/100
|turn|44
|
|t:|1779653617
|move|p2a: 2PHONEBABYKEEM|Sucker Punch||[still]
|-fail|p2a: 2PHONEBABYKEEM
|move|p1a: Cinderace|Court Change|p1a: Cinderace
|-start|p1a: Cinderace|typechange|Normal|[from] ability: Libero
|-swapsideconditions
|-activate|p1a: Cinderace|move: Court Change
|
|-weather|none
|-heal|p2a: 2PHONEBABYKEEM|76/100|[from] item: Leftovers
|upkeep
|turn|45
|
|t:|1779653629
|move|p2a: 2PHONEBABYKEEM|Sucker Punch|p1a: Cinderace
|-damage|p1a: Cinderace|0 fnt
|faint|p1a: Cinderace
|
|-heal|p2a: 2PHONEBABYKEEM|82/100|[from] item: Leftovers
|upkeep
|
|t:|1779653631
|switch|p1a: Slowking|Slowking-Galar, M|100/100
|-sideend|p1: mipc|move: Toxic Spikes|[of] p1a: Slowking
|turn|46
|
|t:|1779653635
|move|p2a: 2PHONEBABYKEEM|Kowtow Cleave|p1a: Slowking
|-supereffective|p1a: Slowking
|-damage|p1a: Slowking|0 fnt
|faint|p1a: Slowking
|
|win|Ghoulish Champ
|player|p1|
|player|p2|
