|j|☆jack sparo
|j|☆ChudleyDw1irks67
|t:|1779710875
|gametype|singles
|player|p1|jack sparo|266|1154
|player|p2|ChudleyDw1irks67|pokefan-gen4|1205
|gen|9
|tier|[Gen 9] OU
|rated|
|rule|HP Percentage Mod: HP is shown in percentages
|rule|Endless Battle Clause: Forcing endless battles is banned
|rule|Species Clause: Limit one of each Pokémon
|rule|OHKO Clause: OHKO moves are banned
|rule|Evasion Items Clause: Evasion items are banned
|rule|Evasion Moves Clause: Evasion moves are banned
|rule|Evasion Abilities Clause: Evasion abilities are banned
|rule|Sleep Moves Clause: Sleep-inducing moves are banned
|clearpoke
|poke|p1|Noivern, F|
|poke|p1|Kingambit, M|
|poke|p1|Azumarill, M|
|poke|p1|Serperior, F|
|poke|p1|Cloyster, M|
|poke|p1|Cyclizar, F|
|poke|p2|Exeggutor-Alola, M|
|poke|p2|Slowking-Galar, F|
|poke|p2|Torkoal, F|
|poke|p2|Ursaluna, M|
|poke|p2|Hatterene, F|
|poke|p2|Great Tusk|
|teampreview
|inactive|Battle timer is ON: inactive players will automatically lose when time's up. (requested by jack sparo)
|
|t:|1779710910
|teamsize|p1|6
|teamsize|p2|6
|start
|switch|p1a: Cloyster|Cloyster, M|100/100
|switch|p2a: Slowking|Slowking-Galar, F|100/100
|turn|1
|
|t:|1779710922
|move|p1a: Cloyster|Shell Smash|p1a: Cloyster
|-unboost|p1a: Cloyster|def|1
|-unboost|p1a: Cloyster|spd|1
|-boost|p1a: Cloyster|atk|2
|-boost|p1a: Cloyster|spa|2
|-boost|p1a: Cloyster|spe|2
|move|p2a: Slowking|Trick Room|p2a: Slowking
|-fieldstart|move: Trick Room|[of] p2a: Slowking
|
|upkeep
|turn|2
|inactive|jack sparo has 120 seconds left.
|
|t:|1779710960
|move|p2a: Slowking|Future Sight|p1a: Cloyster
|-start|p2a: Slowking|move: Future Sight
|move|p1a: Cloyster|Icicle Spear|p2a: Slowking
|-damage|p2a: Slowking|84/100
|-damage|p2a: Slowking|65/100
|-damage|p2a: Slowking|50/100
|-damage|p2a: Slowking|34/100
|-damage|p2a: Slowking|17/100
|-hitcount|p2a: Slowking|5
|
|-heal|p2a: Slowking|23/100|[from] item: Leftovers
|upkeep
|turn|3
|
|t:|1779710964
|move|p2a: Slowking|Toxic|p1a: Cloyster
|-status|p1a: Cloyster|tox
|move|p1a: Cloyster|Icicle Spear|p2a: Slowking
|-damage|p2a: Slowking|7/100
|-damage|p2a: Slowking|0 fnt
|faint|p2a: Slowking
|-hitcount|p2: Slowking|2
|
|-damage|p1a: Cloyster|94/100 tox|[from] psn
|upkeep
|
|t:|1779710969
|switch|p2a: Torkoal|Torkoal, F|100/100
|-weather|SunnyDay|[from] ability: Drought|[of] p2a: Torkoal
|turn|4
|
|t:|1779710980
|switch|p2a: Exeggutor|Exeggutor-Alola, M|100/100
|move|p1a: Cloyster|Rock Blast|p2a: Exeggutor
|-damage|p2a: Exeggutor|86/100
|-damage|p2a: Exeggutor|71/100
|-damage|p2a: Exeggutor|54/100
|-damage|p2a: Exeggutor|38/100
|-enditem|p2a: Exeggutor|Sitrus Berry|[eat]
|-heal|p2a: Exeggutor|63/100|[from] item: Sitrus Berry
|-damage|p2a: Exeggutor|46/100
|-hitcount|p2a: Exeggutor|5
|
|-weather|SunnyDay|[upkeep]
|-end|p1a: Cloyster|move: Future Sight
|-damage|p1a: Cloyster|0 fnt
|faint|p1a: Cloyster
|-item|p2a: Exeggutor|Sitrus Berry|[from] ability: Harvest
|upkeep
|-enditem|p2a: Exeggutor|Sitrus Berry|[eat]
|-heal|p2a: Exeggutor|71/100|[from] item: Sitrus Berry
|c|☆ChudleyDw1irks67|cripple tard
|
|t:|1779710997
|switch|p1a: Azumarill|Azumarill, M|100/100
|turn|5
|c|☆ChudleyDw1irks67|use ur brain stop usingg tardmons
|
|t:|1779711003
|move|p2a: Exeggutor|Giga Drain|p1a: Azumarill
|-supereffective|p1a: Azumarill
|-damage|p1a: Azumarill|16/100
|-heal|p2a: Exeggutor|100/100|[from] drain|[of] p1a: Azumarill
|move|p1a: Azumarill|Ice Punch|p2a: Exeggutor
|-supereffective|p2a: Exeggutor
|-damage|p2a: Exeggutor|0 fnt
|faint|p2a: Exeggutor
|
|-weather|SunnyDay|[upkeep]
|-fieldend|move: Trick Room
|upkeep
|c|☆ChudleyDw1irks67|actual rare nuts
|
|t:|1779711014
|switch|p2a: Ursaluna|Ursaluna, M|100/100
|turn|6
|inactive|jack sparo has 120 seconds left.
|
|t:|1779711050
|move|p1a: Azumarill|Aqua Jet|p2a: Ursaluna
|-supereffective|p2a: Ursaluna
|-damage|p2a: Ursaluna|83/100
|move|p2a: Ursaluna|Facade|p1a: Azumarill
|-damage|p1a: Azumarill|0 fnt
|faint|p1a: Azumarill
|
|-weather|SunnyDay|[upkeep]
|-status|p2a: Ursaluna|brn|[from] item: Flame Orb
|upkeep
|
|t:|1779711057
|switch|p1a: Kingambit|Kingambit, M, shiny|100/100
|-activate|p1a: Kingambit|ability: Supreme Overlord
|-start|p1a: Kingambit|fallen2|[silent]
|turn|7
|
|t:|1779711063
|move|p1a: Kingambit|Kowtow Cleave|p2a: Ursaluna
|-damage|p2a: Ursaluna|42/100 brn
|move|p2a: Ursaluna|Headlong Rush|p1a: Kingambit
|-supereffective|p1a: Kingambit
|-damage|p1a: Kingambit|0 fnt
|-unboost|p2a: Ursaluna|def|1
|-unboost|p2a: Ursaluna|spd|1
|faint|p1a: Kingambit
|-end|p1a: Kingambit|fallen2|[silent]
|
|-weather|SunnyDay|[upkeep]
|-damage|p2a: Ursaluna|35/100 brn|[from] brn
|upkeep
|c|☆ChudleyDw1irks67|kowtow tard
|
|t:|1779711071
|switch|p1a: Noivern|Noivern, F, shiny|100/100
|-item|p2a: Ursaluna|Flame Orb|[from] ability: Frisk|[of] p1a: Noivern
|turn|8
|
|t:|1779711081
|switch|p2a: Hatterene|Hatterene, F|100/100
|-terastallize|p1a: Noivern|Normal
|move|p1a: Noivern|Boomburst|p2a: Hatterene
|-damage|p2a: Hatterene|33/100
|
|-weather|SunnyDay|[upkeep]
|-heal|p2a: Hatterene|39/100|[from] item: Leftovers
|upkeep
|turn|9
|inactive|jack sparo has 120 seconds left.
|c|☆ChudleyDw1irks67|stupid people sets
|inactive|ChudleyDw1irks67 has 120 seconds left.
|inactive|jack sparo has 90 seconds left.
|
|t:|1779711137
|-terastallize|p2a: Hatterene|Steel
|move|p1a: Noivern|Boomburst|p2a: Hatterene
|-resisted|p2a: Hatterene
|-damage|p2a: Hatterene|5/100
|move|p2a: Hatterene|Trick Room|p2a: Hatterene
|-fieldstart|move: Trick Room|[of] p2a: Hatterene
|
|-weather|SunnyDay|[upkeep]
|-heal|p2a: Hatterene|11/100|[from] item: Leftovers
|upkeep
|turn|10
|
|t:|1779711144
|move|p2a: Hatterene|Healing Wish|p2a: Hatterene
|faint|p2a: Hatterene
|move|p1a: Noivern|Boomburst|p2: Hatterene|[notarget]
|-fail|p1a: Noivern
|
|-weather|SunnyDay|[upkeep]
|upkeep
|
|t:|1779711147
|switch|p2a: Ursaluna|Ursaluna, M|35/100 brn
|-heal|p2a: Ursaluna|100/100|[from] move: Healing Wish
|turn|11
|
|t:|1779711159
|move|p2a: Ursaluna|Facade|p1a: Noivern
|-damage|p1a: Noivern|49/100
|move|p1a: Noivern|Boomburst|p2a: Ursaluna
|-damage|p2a: Ursaluna|18/100
|
|-weather|none
|-status|p2a: Ursaluna|brn|[from] item: Flame Orb
|upkeep
|turn|12
|inactive|jack sparo has 120 seconds left.
|
|t:|1779711176
|move|p2a: Ursaluna|Facade|p1a: Noivern
|-damage|p1a: Noivern|0 fnt
|faint|p1a: Noivern
|
|-damage|p2a: Ursaluna|11/100 brn|[from] brn
|upkeep
|inactive|jack sparo has 120 seconds left.
|
|t:|1779711183
|switch|p1a: Cyclizar|Cyclizar, F|100/100
|turn|13
|c|☆ChudleyDw1irks67|THIS IS WHY SOME PPL DONT DESERVE TO PLAY TS GAME
|
|t:|1779711187
|move|p2a: Ursaluna|Facade|p1a: Cyclizar
|-enditem|p1a: Cyclizar|Focus Sash
|-damage|p1a: Cyclizar|1/100
|move|p1a: Cyclizar|U-turn|p2a: Ursaluna
|-damage|p2a: Ursaluna|0 fnt
|faint|p2a: Ursaluna
|
|t:|1779711193
|switch|p1a: Serperior|Serperior, F|100/100|[from] U-turn
|
|-fieldend|move: Trick Room
|upkeep
|
|t:|1779711196
|switch|p2a: Torkoal|Torkoal, F|100/100
|-weather|SunnyDay|[from] ability: Drought|[of] p2a: Torkoal
|turn|14
|
|t:|1779711202
|move|p1a: Serperior|Leaf Storm|p2a: Torkoal
|-resisted|p2a: Torkoal
|-damage|p2a: Torkoal|70/100
|-boost|p1a: Serperior|spa|2
|move|p2a: Torkoal|Eruption|p1a: Serperior
|-supereffective|p1a: Serperior
|-damage|p1a: Serperior|0 fnt
|faint|p1a: Serperior
|
|-weather|SunnyDay|[upkeep]
|upkeep
|c|☆ChudleyDw1irks67|U GENUINELY ANNOY ME
|
|t:|1779711211
|switch|p1a: Cyclizar|Cyclizar, F|34/100
|turn|15
|
|t:|1779711214
|move|p2a: Torkoal|Eruption|p1a: Cyclizar
|-resisted|p1a: Cyclizar
|-damage|p1a: Cyclizar|0 fnt
|faint|p1a: Cyclizar
|
|win|ChudleyDw1irks67
|raw|jack sparo's rating: 1154 &rarr; <strong>1133</strong><br />(-21 for losing)
|raw|ChudleyDw1irks67's rating: 1205 &rarr; <strong>1226</strong><br />(+21 for winning)
|c|☆ChudleyDw1irks67|CUZ OF HOW BAD U R
|l|☆ChudleyDw1irks67
|player|p2|
|l|☆jack sparo
|player|p1|
