|j|☆A05236
|j|☆Abyssal Bot
|t:|1779660910
|gametype|singles
|player|p1|A05236|265|
|player|p2|Abyssal Bot|supernerd|
|teamsize|p1|6
|teamsize|p2|6
|gen|9
|tier|[Gen 9] OU
|rule|Species Clause: Limit one of each Pokémon
|rule|OHKO Clause: OHKO moves are banned
|rule|Evasion Items Clause: Evasion items are banned
|rule|Evasion Moves Clause: Evasion moves are banned
|rule|Endless Battle Clause: Forcing endless battles is banned
|rule|HP Percentage Mod: HP is shown in percentages
|rule|Sleep Moves Clause: Sleep-inducing moves are banned
|clearpoke
|poke|p1|Dragonite, M|
|poke|p1|Ninetales-Alola, M|
|poke|p1|Enamorus, F|
|poke|p1|Kingambit, M|
|poke|p1|Gliscor, M|
|poke|p1|Hawlucha, M|
|poke|p2|Darkrai|
|poke|p2|Kingambit, M|
|poke|p2|Roaring Moon|
|poke|p2|Zamazenta-*|
|poke|p2|Glimmora, M|
|poke|p2|Enamorus, F|
|teampreview
|c|☆Abyssal Bot|Good Luck and Have Fun my Friend!
|inactive|Battle timer is ON: inactive players will automatically lose when time's up. (requested by Abyssal Bot)
|j|*Turbo Bottttt
|
|t:|1779660914
|start
|switch|p1a: Ninetales|Ninetales-Alola, M|100/100
|switch|p2a: Kingambit|Kingambit, M|100/100
|-weather|Snow|[from] ability: Snow Warning|[of] p1a: Ninetales
|-item|p2a: Kingambit|Air Balloon
|turn|1
|
|t:|1779660920
|switch|p1a: Kingambit|Kingambit, M|100/100
|move|p2a: Kingambit|Iron Head|p1a: Kingambit
|-resisted|p1a: Kingambit
|-damage|p1a: Kingambit|83/100
|
|-weather|Snow|[upkeep]
|upkeep
|turn|2
|
|t:|1779660921
|move|p1a: Kingambit|Low Kick|p2a: Kingambit
|-supereffective|p2a: Kingambit
|-damage|p2a: Kingambit|0
|-enditem|p2a: Kingambit|Air Balloon
|faint|p2a: Kingambit
|-end|p2a: Kingambit|fallenundefined|[silent]
|-damage|p1a: Kingambit|73/100|[from] item: Life Orb
|
|-weather|Snow|[upkeep]
|upkeep
|
|t:|1779660922
|switch|p2a: Darkrai|Darkrai|100/100
|turn|3
|
|t:|1779660929
|-end|p1a: Kingambit|fallenundefined|[silent]
|switch|p1a: Enamorus|Enamorus, F|100/100
|move|p2a: Darkrai|Focus Blast|p1a: Enamorus
|-resisted|p1a: Enamorus
|-damage|p1a: Enamorus|86/100
|
|-weather|Snow|[upkeep]
|upkeep
|turn|4
|
|t:|1779660932
|move|p1a: Enamorus|Moonblast|p2a: Darkrai
|-supereffective|p2a: Darkrai
|-damage|p2a: Darkrai|0
|faint|p2a: Darkrai
|
|-weather|Snow|[upkeep]
|upkeep
|
|t:|1779660932
|switch|p2a: Glimmora|Glimmora, M|100/100
|turn|5
|
|t:|1779660935
|switch|p1a: Gliscor|Gliscor, M|100/100
|move|p2a: Glimmora|Power Gem|p1a: Gliscor
|-damage|p1a: Gliscor|67/100
|
|-weather|none
|-status|p1a: Gliscor|tox|[from] item: Toxic Orb
|upkeep
|turn|6
|
|t:|1779660938
|move|p2a: Glimmora|Power Gem|p1a: Gliscor
|-damage|p1a: Gliscor|35/100 tox
|move|p1a: Gliscor|Stealth Rock|p2a: Glimmora
|-sidestart|p2: Abyssal Bot|move: Stealth Rock
|
|-heal|p1a: Gliscor|48/100 tox|[from] ability: Poison Heal
|upkeep
|turn|7
|
|t:|1779660940
|move|p1a: Gliscor|Protect|p1a: Gliscor
|-singleturn|p1a: Gliscor|Protect
|move|p2a: Glimmora|Power Gem|p1a: Gliscor
|-activate|p1a: Gliscor|move: Protect
|
|-heal|p1a: Gliscor|60/100 tox|[from] ability: Poison Heal
|upkeep
|turn|8
|
|t:|1779660951
|switch|p1a: Kingambit|Kingambit, M|73/100
|move|p2a: Glimmora|Power Gem|p1a: Kingambit
|-resisted|p1a: Kingambit
|-damage|p1a: Kingambit|51/100
|
|upkeep
|turn|9
|
|t:|1779660956
|-end|p1a: Kingambit|fallenundefined|[silent]
|switch|p1a: Enamorus|Enamorus, F|86/100
|move|p2a: Glimmora|Earth Power|p1a: Enamorus
|-immune|p1a: Enamorus
|
|upkeep
|turn|10
|
|t:|1779660958
|move|p1a: Enamorus|Earth Power|p2a: Glimmora
|-supereffective|p2a: Glimmora
|-damage|p2a: Glimmora|0
|faint|p2a: Glimmora
|
|upkeep
|
|t:|1779660959
|switch|p2a: Enamorus|Enamorus, F|100/100
|-damage|p2a: Enamorus|76/100|[from] Stealth Rock|[of] p1: Gliscor
|turn|11
|
|t:|1779660973
|switch|p1a: Gliscor|Gliscor, M|60/100 tox
|move|p2a: Enamorus|Moonblast|p1a: Gliscor
|-damage|p1a: Gliscor|15/100 tox
|-unboost|p1a: Gliscor|spa|1
|
|-heal|p1a: Gliscor|28/100 tox|[from] ability: Poison Heal
|upkeep
|turn|12
|
|t:|1779660976
|move|p1a: Gliscor|Protect|p1a: Gliscor
|-singleturn|p1a: Gliscor|Protect
|move|p2a: Enamorus|Moonblast|p1a: Gliscor
|-activate|p1a: Gliscor|move: Protect
|
|-heal|p1a: Gliscor|40/100 tox|[from] ability: Poison Heal
|upkeep
|turn|13
|
|t:|1779660982
|move|p2a: Enamorus|Moonblast|p1a: Gliscor
|-damage|p1a: Gliscor|0 tox
|faint|p1a: Gliscor
|
|upkeep
|
|t:|1779660989
|switch|p1a: Kingambit|Kingambit, M|51/100
|-activate|p1a: Kingambit|ability: Supreme Overlord
|-start|p1a: Kingambit|fallen1|[silent]
|turn|14
|
|t:|1779660992
|move|p2a: Enamorus|Moonblast|p1a: Kingambit
|-damage|p1a: Kingambit|0
|faint|p1a: Kingambit
|-end|p1a: Kingambit|fallen1|[silent]
|
|upkeep
|
|t:|1779660999
|switch|p1a: Ninetales|Ninetales-Alola, M|100/100
|-weather|Snow|[from] ability: Snow Warning|[of] p1a: Ninetales
|turn|15
|
|t:|1779661001
|move|p2a: Enamorus|Moonblast|p1a: Ninetales
|-damage|p1a: Ninetales|45/100
|move|p1a: Ninetales|Aurora Veil|p1a: Ninetales
|-sidestart|p1: A05236|move: Aurora Veil
|
|-weather|Snow|[upkeep]
|upkeep
|turn|16
|
|t:|1779661006
|move|p2a: Enamorus|Moonblast|p1a: Ninetales
|-damage|p1a: Ninetales|17/100
|move|p1a: Ninetales|Moonblast|p2a: Enamorus
|-damage|p2a: Enamorus|23/100
|-boost|p2a: Enamorus|spa|1
|
|-weather|Snow|[upkeep]
|upkeep
|turn|17
|
|t:|1779661009
|move|p2a: Enamorus|Moonblast|p1a: Ninetales
|-damage|p1a: Ninetales|0
|faint|p1a: Ninetales
|
|-weather|Snow|[upkeep]
|upkeep
|
|t:|1779661014
|switch|p1a: Enamorus|Enamorus, F|86/100
|turn|18
|
|t:|1779661016
|move|p1a: Enamorus|Grassy Terrain|p1a: Enamorus
|-fieldstart|move: Grassy Terrain
|move|p2a: Enamorus|Moonblast|p1a: Enamorus
|-damage|p1a: Enamorus|29/100
|-unboost|p1a: Enamorus|spa|1
|
|-weather|Snow|[upkeep]
|upkeep
|turn|19
|
|t:|1779661020
|move|p2a: Enamorus|Moonblast|p1a: Enamorus
|-damage|p1a: Enamorus|0
|faint|p1a: Enamorus
|
|-weather|none
|upkeep
|
|t:|1779661022
|switch|p1a: Hawlucha|Hawlucha, M|100/100
|-enditem|p1a: Hawlucha|Grassy Seed
|-boost|p1a: Hawlucha|def|1|[from] item: Grassy Seed
|turn|20
|
|t:|1779661026
|move|p1a: Hawlucha|Acrobatics|p2a: Enamorus
|-damage|p2a: Enamorus|0
|faint|p2a: Enamorus
|
|upkeep
|
|t:|1779661026
|switch|p2a: Roaring Moon|Roaring Moon|100/100
|-damage|p2a: Roaring Moon|88/100|[from] Stealth Rock|[of] p1: Gliscor
|-enditem|p2a: Roaring Moon|Booster Energy
|-activate|p2a: Roaring Moon|ability: Protosynthesis|[fromitem]
|-start|p2a: Roaring Moon|protosynthesisatk
|turn|21
|
|t:|1779661032
|move|p1a: Hawlucha|Close Combat|p2a: Roaring Moon
|-supereffective|p2a: Roaring Moon
|-crit|p2a: Roaring Moon
|-damage|p2a: Roaring Moon|0
|-unboost|p1a: Hawlucha|def|1
|-unboost|p1a: Hawlucha|spd|1
|faint|p2a: Roaring Moon
|-end|p2a: Roaring Moon|Protosynthesis|[silent]
|
|upkeep
|c|☆Abyssal Bot|I should be the one who gets hax ;-;
|
|t:|1779661032
|switch|p2a: Zamazenta|Zamazenta|100/100
|-damage|p2a: Zamazenta|94/100|[from] Stealth Rock|[of] p1: Gliscor
|-ability|p2a: Zamazenta|Dauntless Shield|boost
|-boost|p2a: Zamazenta|def|1
|turn|22
|
|t:|1779661037
|move|p1a: Hawlucha|Swords Dance|p1a: Hawlucha
|-boost|p1a: Hawlucha|atk|2
|move|p2a: Zamazenta|Body Press|p1a: Hawlucha
|-resisted|p1a: Hawlucha
|-damage|p1a: Hawlucha|81/100
|
|-heal|p2a: Zamazenta|100/100|[from] Grassy Terrain
|-sideend|p1: A05236|move: Aurora Veil
|-fieldend|move: Grassy Terrain
|upkeep
|turn|23
|
|t:|1779661039
|move|p1a: Hawlucha|Acrobatics|p2a: Zamazenta
|-supereffective|p2a: Zamazenta
|-damage|p2a: Zamazenta|9/100
|move|p2a: Zamazenta|Heavy Slam|p1a: Hawlucha
|-damage|p1a: Hawlucha|39/100
|
|-heal|p2a: Zamazenta|15/100|[from] item: Leftovers
|upkeep
|turn|24
|
|t:|1779661044
|move|p1a: Hawlucha|Acrobatics|p2a: Zamazenta
|-supereffective|p2a: Zamazenta
|-damage|p2a: Zamazenta|0
|faint|p2a: Zamazenta
|
|win|A05236
|c|☆Abyssal Bot|Oh, I lost. Good Game.
|l|☆Abyssal Bot
|player|p2|
|l|*Turbo Bottttt
