|j|☆ijiwa
|j|☆soulesstm303
|t:|1779597599
|gametype|singles
|player|p1|ijiwa|preschooler|1191
|player|p2|soulesstm303|dawn|1129
|gen|9
|tier|[Gen 9] OU
|rated|
|rule|HP Percentage Mod: HP is shown in percentages
|rule|Endless Battle Clause: Forcing endless battles is banned
|rule|Species Clause: Limit one of each Pokémon
|rule|OHKO Clause: OHKO moves are banned
|rule|Evasion Items Clause: Evasion items are banned
|rule|Evasion Moves Clause: Evasion moves are banned
|rule|Evasion Abilities Clause: Evasion abilities are banned
|rule|Sleep Moves Clause: Sleep-inducing moves are banned
|clearpoke
|poke|p1|Great Tusk|
|poke|p1|Meowscarada, M|
|poke|p1|Vikavolt, F|
|poke|p1|Espeon, M|
|poke|p1|Scizor, M|
|poke|p1|Qwilfish, M|
|poke|p2|Zoroark, F|
|poke|p2|Poliwrath, M|
|poke|p2|Ambipom, F|
|poke|p2|Ninetales, F|
|poke|p2|Venusaur, M|
|poke|p2|Bellibolt, M|
|teampreview
|inactive|Battle timer is ON: inactive players will automatically lose when time's up. (requested by ijiwa)
|
|t:|1779597608
|teamsize|p1|6
|teamsize|p2|6
|start
|switch|p1a: Qwilfish|Qwilfish, M|100/100
|switch|p2a: Ambipom|Ambipom, F|100/100
|-ability|p1a: Qwilfish|Intimidate|boost
|-unboost|p2a: Ambipom|atk|1
|turn|1
|
|t:|1779597615
|move|p2a: Ambipom|Fake Out|p1a: Qwilfish
|-damage|p1a: Qwilfish|83/100
|-damage|p2a: Ambipom|84/100|[from] item: Rocky Helmet|[of] p1a: Qwilfish
|cant|p1a: Qwilfish|flinch
|
|upkeep
|turn|2
|
|t:|1779597620
|move|p2a: Ambipom|Knock Off|p1a: Qwilfish
|-damage|p1a: Qwilfish|68/100
|-damage|p2a: Ambipom|68/100|[from] item: Rocky Helmet|[of] p1a: Qwilfish
|-enditem|p1a: Qwilfish|Rocky Helmet|[from] move: Knock Off|[of] p2a: Ambipom
|move|p1a: Qwilfish|Toxic Spikes|p2a: Ambipom
|-sidestart|p2: soulesstm303|move: Toxic Spikes
|
|upkeep
|turn|3
|
|t:|1779597628
|switch|p2a: Venusaur|Venusaur, M|100/100
|-sideend|p2: soulesstm303|move: Toxic Spikes|[of] p2a: Venusaur
|move|p1a: Qwilfish|Flip Turn|p2a: Venusaur
|-resisted|p2a: Venusaur
|-damage|p2a: Venusaur|88/100
|
|t:|1779597640
|switch|p1a: Scizor|Scizor, M|100/100|[from] Flip Turn
|
|-heal|p2a: Venusaur|94/100|[from] item: Black Sludge
|upkeep
|turn|4
|
|t:|1779597651
|switch|p2a: Ninetales|Ninetales, F|100/100
|-weather|SunnyDay|[from] ability: Drought|[of] p2a: Ninetales
|move|p1a: Scizor|Trailblaze|p2a: Ninetales
|-resisted|p2a: Ninetales
|-damage|p2a: Ninetales|85/100
|-boost|p1a: Scizor|spe|1
|
|-weather|SunnyDay|[upkeep]
|upkeep
|turn|5
|
|t:|1779597658
|-terastallize|p1a: Scizor|Dragon
|move|p2a: Ninetales|Flamethrower|p1a: Scizor
|-resisted|p1a: Scizor
|-damage|p1a: Scizor|76/100
|move|p1a: Scizor|Swords Dance|p1a: Scizor
|-boost|p1a: Scizor|atk|2
|
|-weather|SunnyDay|[upkeep]
|upkeep
|turn|6
|
|t:|1779597666
|move|p2a: Ninetales|Encore|p1a: Scizor
|-start|p1a: Scizor|Encore
|move|p1a: Scizor|Swords Dance|p1a: Scizor
|-boost|p1a: Scizor|atk|2
|
|-weather|SunnyDay|[upkeep]
|upkeep
|turn|7
|-message|ijiwa forfeited.
|
|win|soulesstm303
|raw|ijiwa's rating: 1191 &rarr; <strong>1162</strong><br />(-29 for losing)
|raw|soulesstm303's rating: 1129 &rarr; <strong>1158</strong><br />(+29 for winning)
|l|☆ijiwa
|player|p1|
|l|☆soulesstm303
|player|p2|
|j|☆soulesstm303
|player|p2|soulesstm303|dawn|
|l|☆soulesstm303
|player|p2|
