|j|☆Papermario<3
|j|☆Sunshine Slacker
|t:|1779715988
|gametype|singles
|player|p1|Papermario<3|102|1097
|player|p2|Sunshine Slacker|gentleman-gen4|1083
|gen|9
|tier|[Gen 9] OU
|rated|
|rule|HP Percentage Mod: HP is shown in percentages
|rule|Endless Battle Clause: Forcing endless battles is banned
|rule|Species Clause: Limit one of each Pokémon
|rule|OHKO Clause: OHKO moves are banned
|rule|Evasion Items Clause: Evasion items are banned
|rule|Evasion Moves Clause: Evasion moves are banned
|rule|Evasion Abilities Clause: Evasion abilities are banned
|rule|Sleep Moves Clause: Sleep-inducing moves are banned
|clearpoke
|poke|p1|Golduck, F|
|poke|p1|Jumpluff, F|
|poke|p1|Victreebel, M|
|poke|p1|Gothitelle, F|
|poke|p1|Klefki, M|
|poke|p1|Ursaring, F|
|poke|p2|Walking Wake|
|poke|p2|Cinderace, M|
|poke|p2|Wo-Chien|
|poke|p2|Slither Wing|
|poke|p2|Torkoal, M|
|poke|p2|Hatterene, F|
|teampreview
|inactive|Battle timer is ON: inactive players will automatically lose when time's up. (requested by Sunshine Slacker)
|
|t:|1779715999
|teamsize|p1|6
|teamsize|p2|6
|start
|switch|p1a: Golduck|Golduck, F|100/100
|switch|p2a: Slither Wing|Slither Wing|100/100
|-ability|p1a: Golduck|Cloud Nine
|turn|1
|
|t:|1779716009
|switch|p1a: Jumpluff|Jumpluff, F|100/100
|move|p2a: Slither Wing|First Impression|p1a: Jumpluff
|-damage|p1a: Jumpluff|43/100
|-damage|p2a: Slither Wing|84/100|[from] item: Rocky Helmet|[of] p1a: Jumpluff
|
|upkeep
|turn|2
|
|t:|1779716024
|-end|p2a: Slither Wing|Protosynthesis|[silent]
|switch|p2a: Hatterene|Hatterene, F|100/100
|-item|p2a: Hatterene|Air Balloon
|move|p1a: Jumpluff|Strength Sap|p2a: Hatterene
|move|p2a: Hatterene|Strength Sap|p1a: Jumpluff|[from] ability: Magic Bounce
|-unboost|p1a: Jumpluff|atk|1
|
|upkeep
|turn|3
|
|t:|1779716042
|switch|p1a: Klefki|Klefki, M|100/100
|move|p2a: Hatterene|Nuzzle|p1a: Klefki
|-damage|p1a: Klefki|97/100
|-status|p1a: Klefki|par
|
|upkeep
|turn|4
|
|t:|1779716049
|cant|p1a: Klefki|par
|move|p2a: Hatterene|Psychic Noise|p1a: Klefki
|-resisted|p1a: Klefki
|-damage|p1a: Klefki|77/100 par
|-start|p1a: Klefki|move: Heal Block
|
|upkeep
|turn|5
|
|t:|1779716056
|switch|p1a: Ursaring|Ursaring, F|100/100
|move|p2a: Hatterene|Dazzling Gleam|p1a: Ursaring
|-damage|p1a: Ursaring|75/100
|
|upkeep
|turn|6
|
|t:|1779716068
|switch|p2a: Torkoal|Torkoal, M|100/100
|-weather|SunnyDay|[from] ability: Drought|[of] p2a: Torkoal
|move|p1a: Ursaring|Trailblaze|p2a: Torkoal
|-resisted|p2a: Torkoal
|-damage|p2a: Torkoal|95/100
|-boost|p1a: Ursaring|spe|1
|
|-weather|SunnyDay|[upkeep]
|upkeep
|turn|7
|
|t:|1779716077
|switch|p1a: Golduck|Golduck, F|100/100
|-ability|p1a: Golduck|Cloud Nine
|move|p2a: Torkoal|Overheat|p1a: Golduck
|-resisted|p1a: Golduck
|-damage|p1a: Golduck|77/100
|-unboost|p2a: Torkoal|spa|2
|
|-weather|SunnyDay|[upkeep]
|-heal|p1a: Golduck|83/100|[from] item: Leftovers
|upkeep
|turn|8
|
|t:|1779716093
|switch|p2a: Hatterene|Hatterene, F|100/100
|-item|p2a: Hatterene|Air Balloon
|move|p1a: Golduck|Knock Off|p2a: Hatterene
|-damage|p2a: Hatterene|85/100
|-enditem|p2a: Hatterene|Air Balloon
|
|-weather|SunnyDay|[upkeep]
|-heal|p1a: Golduck|89/100|[from] item: Leftovers
|upkeep
|turn|9
|
|t:|1779716103
|switch|p1a: Ursaring|Ursaring, F|75/100
|move|p2a: Hatterene|Psychic Noise|p1a: Ursaring
|-damage|p1a: Ursaring|48/100
|-start|p1a: Ursaring|move: Heal Block
|
|-weather|SunnyDay|[upkeep]
|upkeep
|turn|10
|
|t:|1779716123
|switch|p2a: Wo-Chien|Wo-Chien|100/100
|-ability|p2a: Wo-Chien|Tablets of Ruin
|move|p1a: Ursaring|Trailblaze|p2a: Wo-Chien
|-resisted|p2a: Wo-Chien
|-damage|p2a: Wo-Chien|94/100
|-boost|p1a: Ursaring|spe|1
|
|-weather|SunnyDay|[upkeep]
|-end|p1a: Ursaring|move: Heal Block
|upkeep
|turn|11
|
|t:|1779716133
|move|p2a: Wo-Chien|Giga Drain|p1a: Ursaring
|-damage|p1a: Ursaring|22/100
|-heal|p2a: Wo-Chien|100/100|[from] drain|[of] p1a: Ursaring
|-damage|p2a: Wo-Chien|91/100|[from] item: Life Orb
|move|p1a: Ursaring|Trailblaze|p2a: Wo-Chien
|-resisted|p2a: Wo-Chien
|-damage|p2a: Wo-Chien|85/100
|-boost|p1a: Ursaring|spe|1
|
|-weather|SunnyDay|[upkeep]
|upkeep
|turn|12
|
|t:|1779716143
|move|p1a: Ursaring|Rest|p1a: Ursaring
|-status|p1a: Ursaring|slp|[from] move: Rest
|-heal|p1a: Ursaring|100/100 slp|[silent]
|move|p2a: Wo-Chien|Knock Off|p1a: Ursaring
|-crit|p1a: Ursaring
|-damage|p1a: Ursaring|62/100 slp
|-enditem|p1a: Ursaring|Eviolite|[from] move: Knock Off|[of] p2a: Wo-Chien
|-damage|p2a: Wo-Chien|75/100|[from] item: Life Orb
|
|-weather|SunnyDay|[upkeep]
|upkeep
|turn|13
|
|t:|1779716152
|cant|p1a: Ursaring|slp
|move|p2a: Wo-Chien|Growth|p2a: Wo-Chien
|-boost|p2a: Wo-Chien|atk|2
|-boost|p2a: Wo-Chien|spa|2
|
|-weather|none
|upkeep
|turn|14
|
|t:|1779716163
|switch|p1a: Jumpluff|Jumpluff, F|43/100
|move|p2a: Wo-Chien|Trailblaze|p1a: Jumpluff
|-resisted|p1a: Jumpluff
|-damage|p1a: Jumpluff|30/100
|-boost|p2a: Wo-Chien|spe|1
|-damage|p2a: Wo-Chien|59/100|[from] item: Rocky Helmet|[of] p1a: Jumpluff
|-damage|p2a: Wo-Chien|49/100|[from] item: Life Orb
|
|upkeep
|turn|15
|
|t:|1779716173
|move|p2a: Wo-Chien|Knock Off|p1a: Jumpluff
|-damage|p1a: Jumpluff|0 fnt
|-damage|p2a: Wo-Chien|32/100|[from] item: Rocky Helmet|[of] p1a: Jumpluff
|-enditem|p1a: Jumpluff|Rocky Helmet|[from] move: Knock Off|[of] p2a: Wo-Chien
|faint|p1a: Jumpluff
|-damage|p2a: Wo-Chien|22/100|[from] item: Life Orb
|
|upkeep
|
|t:|1779716182
|switch|p1a: Victreebel|Victreebel, M|100/100
|turn|16
|
|t:|1779716189
|move|p1a: Victreebel|Sludge Bomb|p2a: Wo-Chien
|-supereffective|p2a: Wo-Chien
|-damage|p2a: Wo-Chien|0 fnt
|faint|p2a: Wo-Chien
|
|upkeep
|
|t:|1779716195
|switch|p2a: Slither Wing|Slither Wing|84/100
|turn|17
|
|t:|1779716200
|switch|p1a: Ursaring|Ursaring, F|62/100 slp
|move|p2a: Slither Wing|First Impression|p1a: Ursaring
|-crit|p1a: Ursaring
|-damage|p1a: Ursaring|0 fnt
|faint|p1a: Ursaring
|
|upkeep
|
|t:|1779716210
|switch|p1a: Gothitelle|Gothitelle, F|100/100
|turn|18
|
|t:|1779716215
|move|p2a: Slither Wing|U-turn|p1a: Gothitelle
|-supereffective|p1a: Gothitelle
|-damage|p1a: Gothitelle|11/100
|
|t:|1779716217
|-end|p2a: Slither Wing|Protosynthesis|[silent]
|switch|p2a: Hatterene|Hatterene, F|85/100|[from] U-turn
|move|p1a: Gothitelle|Psychic|p2a: Hatterene
|-resisted|p2a: Hatterene
|-damage|p2a: Hatterene|51/100
|
|upkeep
|turn|19
|
|t:|1779716221
|move|p1a: Gothitelle|Psychic|p2a: Hatterene
|-resisted|p2a: Hatterene
|-damage|p2a: Hatterene|21/100
|move|p2a: Hatterene|Dazzling Gleam|p1a: Gothitelle
|-damage|p1a: Gothitelle|0 fnt
|faint|p1a: Gothitelle
|
|upkeep
|
|t:|1779716239
|switch|p1a: Victreebel|Victreebel, M|100/100
|turn|20
|
|t:|1779716244
|switch|p2a: Slither Wing|Slither Wing|84/100
|move|p1a: Victreebel|Sludge Bomb|p2a: Slither Wing
|-damage|p2a: Slither Wing|57/100
|
|upkeep
|turn|21
|
|t:|1779716251
|move|p1a: Victreebel|Sludge Bomb|p2a: Slither Wing
|-damage|p2a: Slither Wing|31/100
|move|p2a: Slither Wing|Temper Flare|p1a: Victreebel
|-supereffective|p1a: Victreebel
|-damage|p1a: Victreebel|0 fnt
|faint|p1a: Victreebel
|
|upkeep
|
|t:|1779716259
|switch|p1a: Golduck|Golduck, F|89/100
|-ability|p1a: Golduck|Cloud Nine
|turn|22
|
|t:|1779716264
|move|p1a: Golduck|Encore|p2a: Slither Wing
|-start|p2a: Slither Wing|Encore
|move|p2a: Slither Wing|Temper Flare|p1a: Golduck
|-resisted|p1a: Golduck
|-damage|p1a: Golduck|71/100
|
|-heal|p1a: Golduck|77/100|[from] item: Leftovers
|upkeep
|turn|23
|
|t:|1779716270
|-end|p2a: Slither Wing|Protosynthesis|[silent]
|switch|p2a: Torkoal|Torkoal, M|95/100
|-weather|SunnyDay|[from] ability: Drought|[of] p2a: Torkoal
|move|p1a: Golduck|Future Sight|p2a: Torkoal
|-start|p1a: Golduck|move: Future Sight
|
|-weather|SunnyDay|[upkeep]
|-heal|p1a: Golduck|83/100|[from] item: Leftovers
|upkeep
|turn|24
|
|t:|1779716284
|switch|p2a: Walking Wake|Walking Wake|100/100
|move|p1a: Golduck|Knock Off|p2a: Walking Wake
|-damage|p2a: Walking Wake|81/100
|-enditem|p2a: Walking Wake|Choice Specs|[from] move: Knock Off|[of] p1a: Golduck
|
|-weather|SunnyDay|[upkeep]
|-heal|p1a: Golduck|89/100|[from] item: Leftovers
|upkeep
|turn|25
|
|t:|1779716303
|move|p2a: Walking Wake|Draco Meteor|p1a: Golduck
|-damage|p1a: Golduck|9/100
|-unboost|p2a: Walking Wake|spa|2
|move|p1a: Golduck|Flip Turn|p2a: Walking Wake
|-resisted|p2a: Walking Wake
|-damage|p2a: Walking Wake|76/100
|
|t:|1779716311
|-activate|p2a: Walking Wake|ability: Protosynthesis
|-start|p2a: Walking Wake|protosynthesisspe
|switch|p1a: Klefki|Klefki, M|77/100 par|[from] Flip Turn
|
|-weather|SunnyDay|[upkeep]
|-end|p2a: Walking Wake|move: Future Sight
|-damage|p2a: Walking Wake|44/100
|upkeep
|turn|26
|
|t:|1779716322
|-end|p2a: Walking Wake|Protosynthesis|[silent]
|switch|p2a: Hatterene|Hatterene, F|21/100
|move|p1a: Klefki|Calm Mind|p1a: Klefki
|-boost|p1a: Klefki|spa|1
|-boost|p1a: Klefki|spd|1
|
|-weather|SunnyDay|[upkeep]
|upkeep
|turn|27
|
|t:|1779716329
|move|p2a: Hatterene|Psychic Noise|p1a: Klefki
|-resisted|p1a: Klefki
|-damage|p1a: Klefki|65/100 par
|-start|p1a: Klefki|move: Heal Block
|cant|p1a: Klefki|move: Heal Block|Draining Kiss
|
|-weather|SunnyDay|[upkeep]
|upkeep
|turn|28
|
|t:|1779716337
|move|p1a: Klefki|Calm Mind|p1a: Klefki
|-boost|p1a: Klefki|spa|1
|-boost|p1a: Klefki|spd|1
|move|p2a: Hatterene|Dazzling Gleam|p1a: Klefki
|-resisted|p1a: Klefki
|-crit|p1a: Klefki
|-damage|p1a: Klefki|35/100 par
|
|-weather|SunnyDay|[upkeep]
|-end|p1a: Klefki|move: Heal Block
|upkeep
|-enditem|p1a: Klefki|Sitrus Berry|[eat]
|-heal|p1a: Klefki|60/100 par|[from] item: Sitrus Berry
|turn|29
|
|t:|1779716341
|cant|p1a: Klefki|par
|move|p2a: Hatterene|Psychic Noise|p1a: Klefki
|-resisted|p1a: Klefki
|-damage|p1a: Klefki|50/100 par
|-start|p1a: Klefki|move: Heal Block
|
|-weather|SunnyDay|[upkeep]
|upkeep
|turn|30
|
|t:|1779716349
|move|p1a: Klefki|Calm Mind|p1a: Klefki
|-boost|p1a: Klefki|spa|1
|-boost|p1a: Klefki|spd|1
|move|p2a: Hatterene|Psychic Noise|p1a: Klefki
|-resisted|p1a: Klefki
|-damage|p1a: Klefki|42/100 par
|
|-weather|none
|-end|p1a: Klefki|move: Heal Block
|upkeep
|turn|31
|
|t:|1779716353
|move|p1a: Klefki|Recycle|p1a: Klefki
|-item|p1a: Klefki|Sitrus Berry|[from] move: Recycle
|-enditem|p1a: Klefki|Sitrus Berry|[eat]
|-heal|p1a: Klefki|67/100 par|[from] item: Sitrus Berry
|move|p2a: Hatterene|Psychic Noise|p1a: Klefki
|-resisted|p1a: Klefki
|-damage|p1a: Klefki|60/100 par
|-start|p1a: Klefki|move: Heal Block
|
|upkeep
|turn|32
|
|t:|1779716363
|move|p1a: Klefki|Calm Mind|p1a: Klefki
|-boost|p1a: Klefki|spa|1
|-boost|p1a: Klefki|spd|1
|move|p2a: Hatterene|Psychic Noise|p1a: Klefki
|-resisted|p1a: Klefki
|-damage|p1a: Klefki|52/100 par
|
|-end|p1a: Klefki|move: Heal Block
|upkeep
|turn|33
|
|t:|1779716371
|switch|p2a: Torkoal|Torkoal, M|95/100
|-weather|SunnyDay|[from] ability: Drought|[of] p2a: Torkoal
|move|p1a: Klefki|Recycle|p1a: Klefki
|-item|p1a: Klefki|Sitrus Berry|[from] move: Recycle
|
|-weather|SunnyDay|[upkeep]
|upkeep
|turn|34
|
|t:|1779716385
|switch|p2a: Slither Wing|Slither Wing|31/100
|-activate|p2a: Slither Wing|ability: Protosynthesis
|-start|p2a: Slither Wing|protosynthesisatk
|-terastallize|p1a: Klefki|Flying
|cant|p1a: Klefki|par
|
|-weather|SunnyDay|[upkeep]
|upkeep
|turn|35
|
|t:|1779716395
|move|p1a: Klefki|Iron Defense|p1a: Klefki
|-boost|p1a: Klefki|def|2
|move|p2a: Slither Wing|Temper Flare|p1a: Klefki
|-damage|p1a: Klefki|25/100 par
|-enditem|p1a: Klefki|Sitrus Berry|[eat]
|-heal|p1a: Klefki|50/100 par|[from] item: Sitrus Berry
|
|-weather|SunnyDay|[upkeep]
|upkeep
|turn|36
|
|t:|1779716402
|move|p2a: Slither Wing|Temper Flare|p1a: Klefki
|-damage|p1a: Klefki|21/100 par
|cant|p1a: Klefki|par
|
|-weather|SunnyDay|[upkeep]
|upkeep
|turn|37
|
|t:|1779716407
|move|p1a: Klefki|Recycle|p1a: Klefki
|-item|p1a: Klefki|Sitrus Berry|[from] move: Recycle
|-enditem|p1a: Klefki|Sitrus Berry|[eat]
|-heal|p1a: Klefki|46/100 par|[from] item: Sitrus Berry
|move|p2a: Slither Wing|Temper Flare|p1a: Klefki
|-damage|p1a: Klefki|19/100 par
|
|-weather|SunnyDay|[upkeep]
|upkeep
|turn|38
|
|t:|1779716413
|cant|p1a: Klefki|par
|move|p2a: Slither Wing|Temper Flare|p1a: Klefki
|-damage|p1a: Klefki|0 fnt
|faint|p1a: Klefki
|
|-weather|SunnyDay|[upkeep]
|upkeep
|
|t:|1779716415
|switch|p1a: Golduck|Golduck, F|9/100
|-ability|p1a: Golduck|Cloud Nine
|-end|p2a: Slither Wing|Protosynthesis
|turn|39
|
|t:|1779716420
|move|p1a: Golduck|Flip Turn|p2a: Slither Wing
|-damage|p2a: Slither Wing|7/100
|move|p2a: Slither Wing|U-turn|p1a: Golduck
|-damage|p1a: Golduck|0 fnt
|faint|p1a: Golduck
|-activate|p2a: Slither Wing|ability: Protosynthesis
|-start|p2a: Slither Wing|protosynthesisatk
|
|win|Sunshine Slacker
|raw|Papermario&lt;3's rating: 1097 &rarr; <strong>1071</strong><br />(-26 for losing)
|raw|Sunshine Slacker's rating: 1083 &rarr; <strong>1112</strong><br />(+29 for winning)
|c|☆Sunshine Slacker|gg
|l|☆Sunshine Slacker
|player|p2|
|l|☆Papermario<3
|player|p1|
