|j|☆Mdavis
|j|☆NotoriousOzzy
|t:|1779681983
|gametype|singles
|player|p1|Mdavis|palmer|1312
|player|p2|NotoriousOzzy|benga|1268
|gen|9
|tier|[Gen 9] OU
|rated|
|rule|HP Percentage Mod: HP is shown in percentages
|rule|Endless Battle Clause: Forcing endless battles is banned
|rule|Species Clause: Limit one of each Pokémon
|rule|OHKO Clause: OHKO moves are banned
|rule|Evasion Items Clause: Evasion items are banned
|rule|Evasion Moves Clause: Evasion moves are banned
|rule|Evasion Abilities Clause: Evasion abilities are banned
|rule|Sleep Moves Clause: Sleep-inducing moves are banned
|clearpoke
|poke|p1|Gholdengo|
|poke|p1|Iron Treads|
|poke|p1|Moltres|
|poke|p1|Zamazenta-*|
|poke|p1|Samurott-Hisui, F|
|poke|p1|Garganacl, F|
|poke|p2|Skeledirge, M|
|poke|p2|Meowscarada, F|
|poke|p2|Quaquaval, F|
|poke|p2|Rotom-Wash|
|poke|p2|Dragapult, M|
|poke|p2|Goodra-Hisui, F|
|teampreview
|inactive|Battle timer is ON: inactive players will automatically lose when time's up. (requested by Mdavis)
|
|t:|1779682031
|teamsize|p1|6
|teamsize|p2|6
|start
|switch|p1a: Moltres|Moltres|100/100
|switch|p2a: Meowscarada|Meowscarada, F, shiny|100/100
|turn|1
|
|t:|1779682042
|switch|p2a: Skeledirge|Skeledirge, M|100/100
|move|p1a: Moltres|U-turn|p2a: Skeledirge
|-resisted|p2a: Skeledirge
|-damage|p2a: Skeledirge|98/100
|
|t:|1779682048
|switch|p1a: Samurott|Samurott-Hisui, F|100/100|[from] U-turn
|
|upkeep
|turn|2
|
|t:|1779682068
|switch|p2a: Meowscarada|Meowscarada, F, shiny|100/100
|move|p1a: Samurott|Ceaseless Edge|p2a: Meowscarada
|-resisted|p2a: Meowscarada
|-damage|p2a: Meowscarada|67/100
|-sidestart|p2: NotoriousOzzy|Spikes
|
|upkeep
|turn|3
|
|t:|1779682080
|switch|p1a: Moltres|Moltres|100/100
|move|p2a: Meowscarada|U-turn|p1a: Moltres
|-start|p2a: Meowscarada|typechange|Bug|[from] ability: Protean
|-resisted|p1a: Moltres
|-damage|p1a: Moltres|92/100
|-status|p2a: Meowscarada|brn|[from] ability: Flame Body|[of] p1a: Moltres
|
|t:|1779682084
|switch|p2a: Rotom|Rotom-Wash|100/100|[from] U-turn
|
|upkeep
|turn|4
|
|t:|1779682099
|-terastallize|p1a: Moltres|Grass
|move|p2a: Rotom|Volt Switch|p1a: Moltres
|-resisted|p1a: Moltres
|-damage|p1a: Moltres|78/100
|
|t:|1779682127
|switch|p2a: Dragapult|Dragapult, M|100/100|[from] Volt Switch
|move|p1a: Moltres|U-turn|p2a: Dragapult
|-resisted|p2a: Dragapult
|-damage|p2a: Dragapult|90/100
|
|t:|1779682133
|switch|p1a: Samurott|Samurott-Hisui, F|100/100|[from] U-turn
|
|upkeep
|turn|5
|
|t:|1779682136
|move|p1a: Samurott|Ceaseless Edge|p2a: Dragapult
|-supereffective|p2a: Dragapult
|-damage|p2a: Dragapult|0 fnt
|-sidestart|p2: NotoriousOzzy|Spikes
|faint|p2a: Dragapult
|
|upkeep
|inactive|NotoriousOzzy has 120 seconds left.
|c|☆NotoriousOzzy|scarf?
|c|☆Mdavis|yuh
|c|☆Mdavis|dedicated dragapult answer
|c|☆NotoriousOzzy|what does it make its speed
|
|t:|1779682188
|switch|p2a: Skeledirge|Skeledirge, M|98/100
|-damage|p2a: Skeledirge|81/100|[from] Spikes
|turn|6
|c|☆Mdavis|442
|
|t:|1779682201
|-terastallize|p2a: Skeledirge|Fairy
|move|p1a: Samurott|Ceaseless Edge|p2a: Skeledirge
|-resisted|p2a: Skeledirge
|-damage|p2a: Skeledirge|65/100
|-sidestart|p2: NotoriousOzzy|Spikes
|move|p2a: Skeledirge|Alluring Voice|p1a: Samurott
|-supereffective|p1a: Samurott
|-damage|p1a: Samurott|5/100
|
|upkeep
|turn|7
|c|☆NotoriousOzzy|damn
|
|t:|1779682212
|switch|p1a: Garganacl|Garganacl, F|100/100
|move|p2a: Skeledirge|Torch Song|p1a: Garganacl
|-resisted|p1a: Garganacl
|-damage|p1a: Garganacl|91/100
|-boost|p2a: Skeledirge|spa|1
|
|-heal|p1a: Garganacl|97/100|[from] item: Leftovers
|upkeep
|turn|8
|c|☆Mdavis|I didn't come up with it but I use it on a lot of teams now
|inactive|Mdavis has 120 seconds left.
|
|t:|1779682245
|move|p2a: Skeledirge|Earth Power|p1a: Garganacl
|-supereffective|p1a: Garganacl
|-damage|p1a: Garganacl|50/100
|move|p1a: Garganacl|Salt Cure|p2a: Skeledirge
|-damage|p2a: Skeledirge|55/100
|-start|p2a: Skeledirge|Salt Cure
|
|-heal|p1a: Garganacl|56/100|[from] item: Leftovers
|-damage|p2a: Skeledirge|42/100|[from] Salt Cure
|upkeep
|turn|9
|
|t:|1779682263
|switch|p2a: Meowscarada|Meowscarada, F, shiny|67/100 brn
|-damage|p2a: Meowscarada|42/100 brn|[from] Spikes
|move|p1a: Garganacl|Recover|p1a: Garganacl
|-heal|p1a: Garganacl|100/100
|
|-damage|p2a: Meowscarada|36/100 brn|[from] brn
|upkeep
|turn|10
|
|t:|1779682282
|switch|p1a: Moltres|Moltres, tera:Grass|78/100
|move|p2a: Meowscarada|Flower Trick|p1a: Moltres
|-start|p2a: Meowscarada|typechange|Grass|[from] ability: Protean
|-resisted|p1a: Moltres
|-crit|p1a: Moltres
|-damage|p1a: Moltres|64/100
|
|-damage|p2a: Meowscarada|30/100 brn|[from] brn
|upkeep
|turn|11
|inactive|NotoriousOzzy has 120 seconds left.
|
|t:|1779682294
|switch|p2a: Quaquaval|Quaquaval, F, shiny|100/100
|-damage|p2a: Quaquaval|76/100|[from] Spikes
|move|p1a: Moltres|Roost|p1a: Moltres
|-heal|p1a: Moltres|100/100
|
|upkeep
|turn|12
|inactive|NotoriousOzzy has 120 seconds left.
|
|t:|1779682302
|move|p2a: Quaquaval|Triple Axel|p1a: Moltres
|-supereffective|p1a: Moltres
|-damage|p1a: Moltres|91/100
|-supereffective|p1a: Moltres
|-damage|p1a: Moltres|73/100
|-supereffective|p1a: Moltres
|-damage|p1a: Moltres|48/100
|-hitcount|p1a: Moltres|3
|move|p1a: Moltres|Roar|p2a: Quaquaval
|drag|p2a: Goodra|Goodra-Hisui, F|100/100
|-damage|p2a: Goodra|75/100|[from] Spikes
|
|-heal|p2a: Goodra|82/100|[from] item: Leftovers
|upkeep
|turn|13
|inactive|NotoriousOzzy has 120 seconds left.
|
|t:|1779682314
|move|p1a: Moltres|Roost|p1a: Moltres
|-heal|p1a: Moltres|98/100
|move|p2a: Goodra|Ice Beam|p1a: Moltres
|-supereffective|p1a: Moltres
|-damage|p1a: Moltres|52/100
|
|-heal|p2a: Goodra|88/100|[from] item: Leftovers
|upkeep
|turn|14
|
|t:|1779682319
|move|p1a: Moltres|U-turn|p2a: Goodra
|-resisted|p2a: Goodra
|-damage|p2a: Goodra|82/100
|
|t:|1779682326
|switch|p1a: Zamazenta|Zamazenta|100/100|[from] U-turn
|-ability|p1a: Zamazenta|Dauntless Shield|boost
|-boost|p1a: Zamazenta|def|1
|move|p2a: Goodra|Shelter|p2a: Goodra
|-boost|p2a: Goodra|def|2
|
|-heal|p2a: Goodra|88/100|[from] item: Leftovers
|upkeep
|turn|15
|
|t:|1779682333
|move|p1a: Zamazenta|Close Combat|p2a: Goodra
|-supereffective|p2a: Goodra
|-crit|p2a: Goodra
|-damage|p2a: Goodra|0 fnt
|-unboost|p1a: Zamazenta|def|1
|-unboost|p1a: Zamazenta|spd|1
|faint|p2a: Goodra
|
|upkeep
|c|☆Mdavis|lucky
|
|t:|1779682348
|switch|p2a: Skeledirge|Skeledirge, M, tera:Fairy|42/100
|-damage|p2a: Skeledirge|18/100|[from] Spikes
|turn|16
|
|t:|1779682360
|switch|p1a: Garganacl|Garganacl, F|100/100
|move|p2a: Skeledirge|Alluring Voice|p1a: Garganacl
|-damage|p1a: Garganacl|82/100
|
|-heal|p1a: Garganacl|89/100|[from] item: Leftovers
|upkeep
|turn|17
|
|t:|1779682371
|move|p2a: Skeledirge|Earth Power|p1a: Garganacl
|-supereffective|p1a: Garganacl
|-damage|p1a: Garganacl|58/100
|move|p1a: Garganacl|Salt Cure|p2a: Skeledirge
|-damage|p2a: Skeledirge|6/100
|-start|p2a: Skeledirge|Salt Cure
|
|-heal|p1a: Garganacl|65/100|[from] item: Leftovers
|-damage|p2a: Skeledirge|0 fnt|[from] Salt Cure
|faint|p2a: Skeledirge
|upkeep
|
|t:|1779682378
|switch|p2a: Meowscarada|Meowscarada, F, shiny|30/100 brn
|-damage|p2a: Meowscarada|5/100 brn|[from] Spikes
|turn|18
|
|t:|1779682383
|switch|p1a: Moltres|Moltres, tera:Grass|52/100
|move|p2a: Meowscarada|U-turn|p1a: Moltres
|-start|p2a: Meowscarada|typechange|Bug|[from] ability: Protean
|-supereffective|p1a: Moltres
|-damage|p1a: Moltres|18/100
|
|t:|1779682390
|switch|p2a: Quaquaval|Quaquaval, F, shiny|76/100|[from] U-turn
|-damage|p2a: Quaquaval|51/100|[from] Spikes
|
|upkeep
|turn|19
|
|t:|1779682400
|move|p2a: Quaquaval|Rapid Spin|p1a: Moltres
|-damage|p1a: Moltres|8/100
|-boost|p2a: Quaquaval|spe|1
|-sideend|p2: NotoriousOzzy|Spikes|[from] move: Rapid Spin|[of] p2a: Quaquaval
|move|p1a: Moltres|Roost|p1a: Moltres
|-heal|p1a: Moltres|58/100
|
|upkeep
|turn|20
|
|t:|1779682406
|move|p2a: Quaquaval|Triple Axel|p1a: Moltres
|-supereffective|p1a: Moltres
|-damage|p1a: Moltres|49/100
|-supereffective|p1a: Moltres
|-damage|p1a: Moltres|32/100
|-supereffective|p1a: Moltres
|-damage|p1a: Moltres|8/100
|-hitcount|p1a: Moltres|3
|move|p1a: Moltres|Roar|p2a: Quaquaval
|drag|p2a: Meowscarada|Meowscarada, F, shiny|5/100 brn
|
|-damage|p2a: Meowscarada|0 fnt|[from] brn
|faint|p2a: Meowscarada
|upkeep
|
|t:|1779682414
|switch|p2a: Quaquaval|Quaquaval, F, shiny|51/100
|turn|21
|
|t:|1779682420
|move|p2a: Quaquaval|Rapid Spin|p1a: Moltres
|-damage|p1a: Moltres|0 fnt
|-boost|p2a: Quaquaval|spe|1
|faint|p1a: Moltres
|-ability|p2a: Quaquaval|Moxie|boost
|-boost|p2a: Quaquaval|atk|1
|
|upkeep
|
|t:|1779682431
|switch|p1a: Gholdengo|Gholdengo|100/100
|-item|p1a: Gholdengo|Air Balloon
|turn|22
|
|t:|1779682436
|move|p2a: Quaquaval|Aqua Step|p1a: Gholdengo
|-damage|p1a: Gholdengo|40/100
|-boost|p2a: Quaquaval|spe|1
|-enditem|p1a: Gholdengo|Air Balloon
|move|p1a: Gholdengo|Thunderbolt|p2a: Quaquaval
|-supereffective|p2a: Quaquaval
|-damage|p2a: Quaquaval|0 fnt
|faint|p2a: Quaquaval
|
|upkeep
|
|t:|1779682439
|switch|p2a: Rotom|Rotom-Wash|100/100
|turn|23
|
|t:|1779682444
|move|p2a: Rotom|Shadow Ball|p1a: Gholdengo
|-supereffective|p1a: Gholdengo
|-damage|p1a: Gholdengo|0 fnt
|faint|p1a: Gholdengo
|
|upkeep
|
|t:|1779682450
|switch|p1a: Samurott|Samurott-Hisui, F|5/100
|turn|24
|
|t:|1779682455
|move|p1a: Samurott|Ceaseless Edge|p2a: Rotom
|-damage|p2a: Rotom|41/100
|-sidestart|p2: NotoriousOzzy|Spikes
|move|p2a: Rotom|Volt Switch|p1a: Samurott
|-supereffective|p1a: Samurott
|-damage|p1a: Samurott|0 fnt
|faint|p1a: Samurott
|
|-heal|p2a: Rotom|47/100|[from] item: Leftovers
|upkeep
|
|t:|1779682460
|switch|p1a: Iron Treads|Iron Treads|100/100
|turn|25
|
|t:|1779682462
|move|p1a: Iron Treads|Knock Off|p2a: Rotom
|-damage|p2a: Rotom|10/100
|-enditem|p2a: Rotom|Leftovers|[from] move: Knock Off|[of] p1a: Iron Treads
|move|p2a: Rotom|Hydro Pump|p1a: Iron Treads
|-supereffective|p1a: Iron Treads
|-damage|p1a: Iron Treads|0 fnt
|faint|p1a: Iron Treads
|-end|p1a: Iron Treads|Quark Drive|[silent]
|
|upkeep
|
|t:|1779682468
|switch|p1a: Zamazenta|Zamazenta|100/100
|turn|26
|c|☆Mdavis|gg
|c|☆NotoriousOzzy|gg
|
|t:|1779682476
|move|p1a: Zamazenta|Crunch|p2a: Rotom
|-damage|p2a: Rotom|0 fnt
|faint|p2a: Rotom
|
|win|Mdavis
|raw|Mdavis's rating: 1312 &rarr; <strong>1329</strong><br />(+17 for winning)
|raw|NotoriousOzzy's rating: 1268 &rarr; <strong>1246</strong><br />(-22 for losing)
|l|☆NotoriousOzzy
|player|p2|
|l|☆Mdavis
|player|p1|
