|j|☆glimpseman
|j|☆I Stay Untouched
|t:|1779595850
|gametype|singles
|player|p1|glimpseman|#wcor2025canada|1362
|player|p2|I Stay Untouched|cynthia-gen4|1416
|gen|9
|tier|[Gen 9] OU
|rated|
|rule|HP Percentage Mod: HP is shown in percentages
|rule|Endless Battle Clause: Forcing endless battles is banned
|rule|Species Clause: Limit one of each Pokémon
|rule|OHKO Clause: OHKO moves are banned
|rule|Evasion Items Clause: Evasion items are banned
|rule|Evasion Moves Clause: Evasion moves are banned
|rule|Evasion Abilities Clause: Evasion abilities are banned
|rule|Sleep Moves Clause: Sleep-inducing moves are banned
|clearpoke
|poke|p1|Toxtricity, F|
|poke|p1|Gholdengo|
|poke|p1|Samurott-Hisui, F|
|poke|p1|Glimmora, F|
|poke|p1|Iron Valiant|
|poke|p1|Hatterene, F|
|poke|p2|Tyranitar, M|
|poke|p2|Excadrill, F|
|poke|p2|Enamorus, F|
|poke|p2|Araquanid, M|
|poke|p2|Gholdengo|
|poke|p2|Glimmora, F|
|teampreview
|inactive|Battle timer is ON: inactive players will automatically lose when time's up. (requested by glimpseman)
|
|t:|1779595872
|teamsize|p1|6
|teamsize|p2|6
|start
|switch|p1a: Samurott|Samurott-Hisui, F|100/100
|switch|p2a: Tyranitar|Tyranitar, M|100/100
|-weather|Sandstorm|[from] ability: Sand Stream|[of] p2a: Tyranitar
|turn|1
|
|t:|1779595891
|switch|p2a: Enamorus|Enamorus, F|100/100
|move|p1a: Samurott|Sacred Sword|p2a: Enamorus
|-resisted|p2a: Enamorus
|-damage|p2a: Enamorus|86/100
|
|-weather|Sandstorm|[upkeep]
|-damage|p1a: Samurott|94/100|[from] Sandstorm
|-damage|p2a: Enamorus|79/100|[from] Sandstorm
|upkeep
|turn|2
|
|t:|1779595901
|switch|p1a: Hatterene|Hatterene, F|100/100
|move|p2a: Enamorus|Earth Power|p1a: Hatterene
|-damage|p1a: Hatterene|62/100
|
|-weather|Sandstorm|[upkeep]
|-damage|p2a: Enamorus|73/100|[from] Sandstorm
|-damage|p1a: Hatterene|56/100|[from] Sandstorm
|upkeep
|turn|3
|
|t:|1779595911
|move|p2a: Enamorus|Earth Power|p1a: Hatterene
|-damage|p1a: Hatterene|20/100
|move|p1a: Hatterene|Draining Kiss|p2a: Enamorus
|-damage|p2a: Enamorus|41/100
|-heal|p1a: Hatterene|42/100|[from] drain|[of] p2a: Enamorus
|
|-weather|Sandstorm|[upkeep]
|-damage|p2a: Enamorus|35/100|[from] Sandstorm
|-damage|p1a: Hatterene|36/100|[from] Sandstorm
|upkeep
|turn|4
|
|t:|1779595921
|move|p2a: Enamorus|Earth Power|p1a: Hatterene
|-damage|p1a: Hatterene|0 fnt
|faint|p1a: Hatterene
|
|-weather|Sandstorm|[upkeep]
|-damage|p2a: Enamorus|29/100|[from] Sandstorm
|upkeep
|
|t:|1779595924
|switch|p1a: Samurott|Samurott-Hisui, F|94/100
|turn|5
|
|t:|1779595935
|switch|p2a: Glimmora|Glimmora, F|100/100
|move|p1a: Samurott|Flip Turn|p2a: Glimmora
|-supereffective|p2a: Glimmora
|-crit|p2a: Glimmora
|-damage|p2a: Glimmora|35/100
|-damage|p1a: Samurott|78/100|[from] item: Rocky Helmet|[of] p2a: Glimmora
|-activate|p2a: Glimmora|ability: Toxic Debris
|-sidestart|p1: glimpseman|move: Toxic Spikes
|
|t:|1779595946
|switch|p1a: Toxtricity|Toxtricity, F|100/100|[from] Flip Turn
|-sideend|p1: glimpseman|move: Toxic Spikes|[of] p1a: Toxtricity
|
|-weather|none
|upkeep
|turn|6
|
|t:|1779595952
|move|p1a: Toxtricity|Boomburst|p2a: Glimmora
|-resisted|p2a: Glimmora
|-damage|p2a: Glimmora|6/100
|-enditem|p1a: Toxtricity|Throat Spray
|-boost|p1a: Toxtricity|spa|1|[from] item: Throat Spray
|move|p2a: Glimmora|Earth Power|p1a: Toxtricity
|-supereffective|p1a: Toxtricity
|-damage|p1a: Toxtricity|0 fnt
|faint|p1a: Toxtricity
|
|upkeep
|
|t:|1779595959
|switch|p1a: Gholdengo|Gholdengo|100/100
|turn|7
|
|t:|1779595967
|move|p2a: Glimmora|Earth Power|p1a: Gholdengo
|-supereffective|p1a: Gholdengo
|-enditem|p1a: Gholdengo|Shuca Berry|[eat]
|-enditem|p1a: Gholdengo|Shuca Berry|[weaken]
|-damage|p1a: Gholdengo|72/100
|move|p1a: Gholdengo|Make It Rain|p2a: Glimmora
|-supereffective|p2a: Glimmora
|-damage|p2a: Glimmora|0 fnt
|-unboost|p1a: Gholdengo|spa|1
|faint|p2a: Glimmora
|
|upkeep
|
|t:|1779595970
|switch|p2a: Tyranitar|Tyranitar, M|100/100
|-weather|Sandstorm|[from] ability: Sand Stream|[of] p2a: Tyranitar
|turn|8
|
|t:|1779595975
|move|p2a: Tyranitar|Knock Off|p1a: Gholdengo
|-supereffective|p1a: Gholdengo
|-damage|p1a: Gholdengo|0 fnt
|faint|p1a: Gholdengo
|-damage|p2a: Tyranitar|91/100|[from] item: Life Orb
|
|-weather|Sandstorm|[upkeep]
|upkeep
|
|t:|1779595983
|switch|p1a: Iron Valiant|Iron Valiant|100/100
|-enditem|p1a: Iron Valiant|Booster Energy
|-activate|p1a: Iron Valiant|ability: Quark Drive|[fromitem]
|-start|p1a: Iron Valiant|quarkdrivespe
|turn|9
|
|t:|1779595987
|switch|p2a: Enamorus|Enamorus, F|29/100
|move|p1a: Iron Valiant|Swords Dance|p1a: Iron Valiant
|-boost|p1a: Iron Valiant|atk|2
|
|-weather|Sandstorm|[upkeep]
|-damage|p1a: Iron Valiant|94/100|[from] Sandstorm
|-damage|p2a: Enamorus|22/100|[from] Sandstorm
|upkeep
|turn|10
|
|t:|1779595993
|move|p1a: Iron Valiant|Close Combat|p2a: Enamorus
|-resisted|p2a: Enamorus
|-crit|p2a: Enamorus
|-damage|p2a: Enamorus|0 fnt
|-unboost|p1a: Iron Valiant|def|1
|-unboost|p1a: Iron Valiant|spd|1
|faint|p2a: Enamorus
|
|-weather|Sandstorm|[upkeep]
|-damage|p1a: Iron Valiant|88/100|[from] Sandstorm
|upkeep
|
|t:|1779595998
|switch|p2a: Excadrill|Excadrill, F|100/100
|turn|11
|
|t:|1779596001
|move|p2a: Excadrill|Earthquake|p1a: Iron Valiant
|-damage|p1a: Iron Valiant|0 fnt
|faint|p1a: Iron Valiant
|-end|p1a: Iron Valiant|Quark Drive|[silent]
|
|-weather|Sandstorm|[upkeep]
|upkeep
|-message|glimpseman forfeited.
|
|win|I Stay Untouched
|raw|glimpseman's rating: 1362 &rarr; <strong>1345</strong><br />(-17 for losing)
|raw|I Stay Untouched's rating: 1416 &rarr; <strong>1433</strong><br />(+17 for winning)
|l|☆glimpseman
|player|p1|
|l|☆I Stay Untouched
|player|p2|
