|j|☆summmm
|j|☆mpreg fantasies
|t:|1779696466
|gametype|singles
|player|p1|summmm|102|1550
|player|p2|mpreg fantasies|170|1643
|gen|9
|tier|[Gen 9] OU
|rated|
|rule|HP Percentage Mod: HP is shown in percentages
|rule|Endless Battle Clause: Forcing endless battles is banned
|rule|Species Clause: Limit one of each Pokémon
|rule|OHKO Clause: OHKO moves are banned
|rule|Evasion Items Clause: Evasion items are banned
|rule|Evasion Moves Clause: Evasion moves are banned
|rule|Evasion Abilities Clause: Evasion abilities are banned
|rule|Sleep Moves Clause: Sleep-inducing moves are banned
|clearpoke
|poke|p1|Darkrai|
|poke|p1|Ogerpon, F|
|poke|p1|Garchomp, F|
|poke|p1|Alomomola, M|
|poke|p1|Corviknight, M|
|poke|p1|Weezing-Galar, F|
|poke|p2|Hoopa|
|poke|p2|Cinderace, F|
|poke|p2|Mandibuzz, F|
|poke|p2|Kyurem|
|poke|p2|Ting-Lu|
|poke|p2|Manaphy|
|teampreview
|inactive|Battle timer is ON: inactive players will automatically lose when time's up. (requested by mpreg fantasies)
|
|t:|1779696485
|teamsize|p1|6
|teamsize|p2|6
|start
|switch|p1a: Darkrai|Darkrai|100/100
|switch|p2a: Kyurem|Kyurem|100/100
|-ability|p2a: Kyurem|Pressure
|turn|1
|
|t:|1779696502
|switch|p2a: Ting-Lucifer|Ting-Lu|100/100
|-ability|p2a: Ting-Lucifer|Vessel of Ruin
|move|p1a: Darkrai|Focus Blast|p2a: Ting-Lucifer
|-supereffective|p2a: Ting-Lucifer
|-damage|p2a: Ting-Lucifer|27/100
|-enditem|p2a: Ting-Lucifer|Weakness Policy
|-boost|p2a: Ting-Lucifer|atk|2|[from] item: Weakness Policy
|-boost|p2a: Ting-Lucifer|spa|2|[from] item: Weakness Policy
|
|upkeep
|turn|2
|
|t:|1779696515
|move|p1a: Darkrai|Focus Blast|p2a: Ting-Lucifer
|-supereffective|p2a: Ting-Lucifer
|-damage|p2a: Ting-Lucifer|0 fnt
|faint|p2a: Ting-Lucifer
|
|upkeep
|
|t:|1779696519
|switch|p2a: Hoopa|Hoopa|100/100
|turn|3
|
|t:|1779696526
|switch|p1a: Ogerpon|Ogerpon, F|100/100
|move|p2a: Hoopa|Substitute|p2a: Hoopa
|-start|p2a: Hoopa|Substitute
|-damage|p2a: Hoopa|76/100
|
|upkeep
|turn|4
|
|t:|1779696530
|switch|p2a: Cinderace|Cinderace, F|100/100
|move|p1a: Ogerpon|Encore||[still]
|-fail|p1a: Ogerpon
|
|upkeep
|turn|5
|
|t:|1779696541
|switch|p1a: Alomomola|Alomomola, M|100/100
|move|p2a: Cinderace|U-turn|p1a: Alomomola
|-start|p2a: Cinderace|typechange|Bug|[from] ability: Libero
|-damage|p1a: Alomomola|74/100
|
|t:|1779696545
|switch|p2a: Hoopa|Hoopa|76/100|[from] U-turn
|
|upkeep
|turn|6
|
|t:|1779696552
|switch|p2a: Kyurem|Kyurem|100/100
|-ability|p2a: Kyurem|Pressure
|move|p1a: Alomomola|Flip Turn|p2a: Kyurem
|-resisted|p2a: Kyurem
|-damage|p2a: Kyurem|93/100
|
|t:|1779696570
|switch|p1a: Darkrai|Darkrai|100/100|[from] Flip Turn
|
|upkeep
|turn|7
|
|t:|1779696576
|move|p2a: Kyurem|Draco Meteor|p1a: Darkrai|[miss]
|-miss|p2a: Kyurem|p1a: Darkrai
|move|p1a: Darkrai|Dark Pulse|p2a: Kyurem
|-damage|p2a: Kyurem|31/100
|
|upkeep
|turn|8
|-message|mpreg fantasies forfeited.
|
|win|summmm
|raw|summmm's rating: 1550 &rarr; <strong>1575</strong><br />(+25 for winning)
|raw|mpreg fantasies's rating: 1643 &rarr; <strong>1618</strong><br />(-25 for losing)
|l|☆mpreg fantasies
|player|p2|
|l|☆summmm
|player|p1|
