|j|☆goobermench
|j|☆Fredolangas
|t:|1779674006
|gametype|singles
|player|p1|goobermench|265|1367
|player|p2|Fredolangas|102|1375
|gen|9
|tier|[Gen 9] OU
|rated|
|rule|HP Percentage Mod: HP is shown in percentages
|rule|Endless Battle Clause: Forcing endless battles is banned
|rule|Species Clause: Limit one of each Pokémon
|rule|OHKO Clause: OHKO moves are banned
|rule|Evasion Items Clause: Evasion items are banned
|rule|Evasion Moves Clause: Evasion moves are banned
|rule|Evasion Abilities Clause: Evasion abilities are banned
|rule|Sleep Moves Clause: Sleep-inducing moves are banned
|clearpoke
|poke|p1|Walking Wake|
|poke|p1|Great Tusk|
|poke|p1|Ninetales, F|
|poke|p1|Cresselia, F|
|poke|p1|Raging Bolt|
|poke|p1|Ceruledge, M|
|poke|p2|Hydreigon, M|
|poke|p2|Araquanid, M|
|poke|p2|Clodsire, M|
|poke|p2|Blastoise, M|
|poke|p2|Rillaboom, M|
|poke|p2|Iron Treads|
|teampreview
|inactive|Battle timer is ON: inactive players will automatically lose when time's up. (requested by goobermench)
|
|t:|1779674030
|teamsize|p1|6
|teamsize|p2|6
|start
|switch|p1a: Ceruledge|Ceruledge, M|100/100
|switch|p2a: Rillaboom|Rillaboom, M|100/100
|-fieldstart|move: Grassy Terrain|[from] ability: Grassy Surge|[of] p2a: Rillaboom
|turn|1
|
|t:|1779674053
|switch|p2a: Araquanid|Araquanid, M|100/100
|move|p1a: Ceruledge|Swords Dance|p1a: Ceruledge
|-boost|p1a: Ceruledge|atk|2
|
|upkeep
|turn|2
|
|t:|1779674056
|move|p1a: Ceruledge|Poltergeist|p2a: Araquanid
|-activate|p2a: Araquanid|move: Poltergeist|Leftovers
|-damage|p2a: Araquanid|5/100
|move|p2a: Araquanid|Liquidation|p1a: Ceruledge
|-supereffective|p1a: Ceruledge
|-enditem|p1a: Ceruledge|Focus Sash
|-damage|p1a: Ceruledge|1/100
|-ability|p1a: Ceruledge|Weak Armor|boost
|-unboost|p1a: Ceruledge|def|1
|-boost|p1a: Ceruledge|spe|2
|
|-heal|p1a: Ceruledge|7/100|[from] Grassy Terrain
|-heal|p2a: Araquanid|11/100|[from] Grassy Terrain
|-heal|p2a: Araquanid|18/100|[from] item: Leftovers
|upkeep
|turn|3
|
|t:|1779674066
|move|p1a: Ceruledge|Bitter Blade|p2a: Araquanid
|-damage|p2a: Araquanid|0 fnt
|-heal|p1a: Ceruledge|17/100|[from] drain|[of] p2a: Araquanid
|faint|p2a: Araquanid
|
|-heal|p1a: Ceruledge|23/100|[from] Grassy Terrain
|upkeep
|
|t:|1779674070
|switch|p2a: Rillaboom|Rillaboom, M|100/100
|turn|4
|
|t:|1779674073
|switch|p1a: Ninetales|Ninetales, F|100/100
|-weather|SunnyDay|[from] ability: Drought|[of] p1a: Ninetales
|move|p2a: Rillaboom|Grassy Glide|p1a: Ninetales
|-resisted|p1a: Ninetales
|-damage|p1a: Ninetales|65/100
|
|-weather|SunnyDay|[upkeep]
|-heal|p1a: Ninetales|71/100|[from] Grassy Terrain
|upkeep
|turn|5
|
|t:|1779674084
|switch|p2a: Clodsire|Clodsire, M|100/100
|move|p1a: Ninetales|Overheat|p2a: Clodsire|[miss]
|-miss|p1a: Ninetales|p2a: Clodsire
|
|-weather|SunnyDay|[upkeep]
|-heal|p1a: Ninetales|77/100|[from] Grassy Terrain
|-fieldend|move: Grassy Terrain
|upkeep
|turn|6
|
|t:|1779674092
|switch|p1a: Ceruledge|Ceruledge, M|23/100
|move|p2a: Clodsire|Toxic|p1a: Ceruledge
|-status|p1a: Ceruledge|tox
|
|-weather|SunnyDay|[upkeep]
|-damage|p1a: Ceruledge|17/100 tox|[from] psn
|upkeep
|turn|7
|
|t:|1779674101
|move|p1a: Ceruledge|Bitter Blade|p2a: Clodsire
|-damage|p2a: Clodsire|20/100
|-heal|p1a: Ceruledge|81/100 tox|[from] drain|[of] p2a: Clodsire
|move|p2a: Clodsire|Earthquake|p1a: Ceruledge
|-supereffective|p1a: Ceruledge
|-damage|p1a: Ceruledge|0 fnt
|faint|p1a: Ceruledge
|
|-weather|SunnyDay|[upkeep]
|-heal|p2a: Clodsire|26/100|[from] item: Black Sludge
|upkeep
|
|t:|1779674115
|switch|p1a: Walking Wake|Walking Wake|100/100
|-activate|p1a: Walking Wake|ability: Protosynthesis
|-start|p1a: Walking Wake|protosynthesisspe
|turn|8
|
|t:|1779674119
|move|p1a: Walking Wake|Weather Ball|p2a: Clodsire
|-damage|p2a: Clodsire|0 fnt
|faint|p2a: Clodsire
|
|-weather|SunnyDay|[upkeep]
|upkeep
|
|t:|1779674129
|switch|p2a: Blastoise|Blastoise, M|100/100
|turn|9
|
|t:|1779674149
|move|p1a: Walking Wake|Draco Meteor|p2a: Blastoise
|-damage|p2a: Blastoise|21/100
|-unboost|p1a: Walking Wake|spa|2
|move|p2a: Blastoise|Shell Smash|p2a: Blastoise
|-unboost|p2a: Blastoise|def|1
|-unboost|p2a: Blastoise|spd|1
|-boost|p2a: Blastoise|atk|2
|-boost|p2a: Blastoise|spa|2
|-boost|p2a: Blastoise|spe|2
|-enditem|p2a: Blastoise|White Herb
|-clearnegativeboost|p2a: Blastoise|[silent]
|
|-weather|SunnyDay|[upkeep]
|upkeep
|turn|10
|
|t:|1779674167
|move|p1a: Walking Wake|Draco Meteor|p2a: Blastoise
|-damage|p2a: Blastoise|0 fnt
|-unboost|p1a: Walking Wake|spa|2
|faint|p2a: Blastoise
|
|-weather|SunnyDay|[upkeep]
|upkeep
|
|t:|1779674173
|switch|p2a: Hydreigon|Hydreigon, M|100/100
|turn|11
|
|t:|1779674183
|move|p2a: Hydreigon|Draco Meteor|p1a: Walking Wake
|-supereffective|p1a: Walking Wake
|-damage|p1a: Walking Wake|0 fnt
|-unboost|p2a: Hydreigon|spa|2
|faint|p1a: Walking Wake
|-end|p1a: Walking Wake|Protosynthesis|[silent]
|
|-weather|none
|upkeep
|
|t:|1779674187
|switch|p1a: Ninetales|Ninetales, F|77/100
|-weather|SunnyDay|[from] ability: Drought|[of] p1a: Ninetales
|turn|12
|
|t:|1779674192
|move|p1a: Ninetales|Healing Wish|p1a: Ninetales
|faint|p1a: Ninetales
|move|p2a: Hydreigon|Draco Meteor|p1: Ninetales|[notarget]
|-fail|p2a: Hydreigon
|
|-weather|SunnyDay|[upkeep]
|upkeep
|
|t:|1779674197
|switch|p1a: Cresselia|Cresselia, F|100/100
|turn|13
|
|t:|1779674201
|switch|p2a: Iron Treads|Iron Treads|100/100
|move|p1a: Cresselia|Thunder Wave|p2a: Iron Treads
|-immune|p2a: Iron Treads
|
|-weather|SunnyDay|[upkeep]
|upkeep
|turn|14
|
|t:|1779674207
|switch|p1a: Raging Bolt|Raging Bolt|100/100
|-item|p1a: Raging Bolt|Air Balloon
|-activate|p1a: Raging Bolt|ability: Protosynthesis
|-start|p1a: Raging Bolt|protosynthesisspa
|move|p2a: Iron Treads|Iron Head|p1a: Raging Bolt
|-resisted|p1a: Raging Bolt
|-damage|p1a: Raging Bolt|83/100
|-enditem|p1a: Raging Bolt|Air Balloon
|
|-weather|SunnyDay|[upkeep]
|upkeep
|turn|15
|
|t:|1779674215
|move|p2a: Iron Treads|Earthquake|p1a: Raging Bolt
|-supereffective|p1a: Raging Bolt
|-damage|p1a: Raging Bolt|3/100
|move|p1a: Raging Bolt|Dragon Pulse|p2a: Iron Treads
|-resisted|p2a: Iron Treads
|-damage|p2a: Iron Treads|70/100
|
|-weather|SunnyDay|[upkeep]
|upkeep
|turn|16
|
|t:|1779674221
|-end|p1a: Raging Bolt|Protosynthesis|[silent]
|switch|p1a: Great Tusk|Great Tusk|100/100
|-activate|p1a: Great Tusk|ability: Protosynthesis
|-start|p1a: Great Tusk|protosynthesisatk
|move|p2a: Iron Treads|Rapid Spin|p1a: Great Tusk
|-damage|p1a: Great Tusk|90/100
|-boost|p2a: Iron Treads|spe|1
|
|-weather|SunnyDay|[upkeep]
|upkeep
|turn|17
|
|t:|1779674232
|move|p2a: Iron Treads|Earthquake|p1a: Great Tusk
|-damage|p1a: Great Tusk|55/100
|move|p1a: Great Tusk|Close Combat|p2a: Iron Treads
|-supereffective|p2a: Iron Treads
|-damage|p2a: Iron Treads|0 fnt
|-unboost|p1a: Great Tusk|def|1
|-unboost|p1a: Great Tusk|spd|1
|faint|p2a: Iron Treads
|-end|p2a: Iron Treads|Quark Drive|[silent]
|
|-weather|SunnyDay|[upkeep]
|upkeep
|
|t:|1779674241
|switch|p2a: Hydreigon|Hydreigon, M|100/100
|turn|18
|
|t:|1779674245
|-end|p1a: Great Tusk|Protosynthesis|[silent]
|switch|p1a: Cresselia|Cresselia, F|100/100
|move|p2a: Hydreigon|Draco Meteor|p1a: Cresselia
|-damage|p1a: Cresselia|46/100
|-unboost|p2a: Hydreigon|spa|2
|-enditem|p1a: Cresselia|Eject Button
|
|t:|1779674260
|switch|p1a: Raging Bolt|Raging Bolt|3/100
|-heal|p1a: Raging Bolt|100/100|[from] move: Healing Wish
|-activate|p1a: Raging Bolt|ability: Protosynthesis
|-start|p1a: Raging Bolt|protosynthesisspa
|
|-weather|SunnyDay|[upkeep]
|upkeep
|turn|19
|
|t:|1779674271
|switch|p2a: Rillaboom|Rillaboom, M|100/100
|-fieldstart|move: Grassy Terrain|[from] ability: Grassy Surge|[of] p2a: Rillaboom
|-terastallize|p1a: Raging Bolt|Electric
|move|p1a: Raging Bolt|Calm Mind|p1a: Raging Bolt
|-boost|p1a: Raging Bolt|spa|1
|-boost|p1a: Raging Bolt|spd|1
|
|-weather|none
|-end|p1a: Raging Bolt|Protosynthesis
|upkeep
|turn|20
|
|t:|1779674280
|move|p2a: Rillaboom|Wood Hammer|p1a: Raging Bolt
|-damage|p1a: Raging Bolt|0 fnt
|faint|p1a: Raging Bolt
|-end|p1a: Raging Bolt|Protosynthesis|[silent]
|-damage|p2a: Rillaboom|61/100|[from] Recoil
|
|-heal|p2a: Rillaboom|67/100|[from] Grassy Terrain
|upkeep
|
|t:|1779674290
|switch|p1a: Cresselia|Cresselia, F|46/100
|turn|21
|
|t:|1779674293
|move|p2a: Rillaboom|Wood Hammer|p1a: Cresselia
|-damage|p1a: Cresselia|0 fnt
|faint|p1a: Cresselia
|-damage|p2a: Rillaboom|48/100|[from] Recoil
|
|-heal|p2a: Rillaboom|54/100|[from] Grassy Terrain
|upkeep
|
|t:|1779674295
|switch|p1a: Great Tusk|Great Tusk|55/100
|turn|22
|
|t:|1779674297
|move|p2a: Rillaboom|Wood Hammer|p1a: Great Tusk
|-supereffective|p1a: Great Tusk
|-damage|p1a: Great Tusk|0 fnt
|faint|p1a: Great Tusk
|-end|p1a: Great Tusk|Protosynthesis|[silent]
|-damage|p2a: Rillaboom|34/100|[from] Recoil
|
|win|Fredolangas
|raw|goobermench's rating: 1367 &rarr; <strong>1347</strong><br />(-20 for losing)
|raw|Fredolangas's rating: 1375 &rarr; <strong>1395</strong><br />(+20 for winning)
|l|☆Fredolangas
|player|p2|
