|j|☆Blazingly Scorched
|j|☆lodyg8
|t:|1779644381
|gametype|singles
|player|p1|Blazingly Scorched|1|1045
|player|p2|lodyg8|ethan|1029
|gen|9
|tier|[Gen 9] OU
|rated|
|rule|HP Percentage Mod: HP is shown in percentages
|rule|Endless Battle Clause: Forcing endless battles is banned
|rule|Species Clause: Limit one of each Pokémon
|rule|OHKO Clause: OHKO moves are banned
|rule|Evasion Items Clause: Evasion items are banned
|rule|Evasion Moves Clause: Evasion moves are banned
|rule|Evasion Abilities Clause: Evasion abilities are banned
|rule|Sleep Moves Clause: Sleep-inducing moves are banned
|clearpoke
|poke|p1|Slowking-Galar, F|
|poke|p1|Corviknight, M|
|poke|p1|Ting-Lu|
|poke|p1|Alomomola, F|
|poke|p1|Kyurem|
|poke|p1|Zamazenta-*|
|poke|p2|Quaquaval, F|
|poke|p2|Hatterene, F|
|poke|p2|Dachsbun, M|
|poke|p2|Morpeko, M|
|poke|p2|Froslass, F|
|poke|p2|Ogerpon-Cornerstone, F|
|teampreview
|
|t:|1779644385
|teamsize|p1|6
|teamsize|p2|6
|start
|switch|p1a: TingTingTing Luhur|Ting-Lu|100/100
|switch|p2a: Hatterene|Hatterene, F, shiny|100/100
|-ability|p1a: TingTingTing Luhur|Vessel of Ruin
|turn|1
|
|t:|1779644391
|move|p1a: TingTingTing Luhur|Heavy Slam|p2a: Hatterene
|-supereffective|p2a: Hatterene
|-crit|p2a: Hatterene
|-damage|p2a: Hatterene|0 fnt
|faint|p2a: Hatterene
|
|upkeep
|c|☆Blazingly Scorched|get fucked
|
|t:|1779644404
|switch|p2a: Quaquaval|Quaquaval, F, shiny|100/100
|turn|2
|
|t:|1779644411
|switch|p1a: ThiccThangWithBBL|Alomomola, F|100/100
|move|p2a: Quaquaval|Aqua Step|p1a: ThiccThangWithBBL
|-resisted|p1a: ThiccThangWithBBL
|-damage|p1a: ThiccThangWithBBL|84/100
|-boost|p2a: Quaquaval|spe|1
|-damage|p2a: Quaquaval|91/100|[from] item: Life Orb
|
|upkeep
|turn|3
|
|t:|1779644470
|move|p2a: Quaquaval|Flip Turn|p1a: ThiccThangWithBBL
|-resisted|p1a: ThiccThangWithBBL
|-damage|p1a: ThiccThangWithBBL|71/100
|-damage|p2a: Quaquaval|81/100|[from] item: Life Orb
|
|t:|1779644477
|switch|p2a: Morpeko|Morpeko, M, shiny|100/100|[from] Flip Turn
|move|p1a: ThiccThangWithBBL|Flip Turn|p2a: Morpeko
|-damage|p2a: Morpeko|63/100
|
|t:|1779644485
|switch|p1a: Raw Dawgy Style|Zamazenta|100/100|[from] Flip Turn
|-ability|p1a: Raw Dawgy Style|Dauntless Shield|boost
|-boost|p1a: Raw Dawgy Style|def|1
|
|-formechange|p2a: Morpeko|Morpeko-Hangry||[from] ability: Hunger Switch
|upkeep
|turn|4
|
|t:|1779644508
|switch|p2a: Dachsbun|Dachsbun, M, shiny|100/100
|move|p1a: Raw Dawgy Style|Close Combat|p2a: Dachsbun
|-resisted|p2a: Dachsbun
|-damage|p2a: Dachsbun|69/100
|-unboost|p1a: Raw Dawgy Style|def|1
|-unboost|p1a: Raw Dawgy Style|spd|1
|-damage|p1a: Raw Dawgy Style|91/100|[from] item: Life Orb
|
|-heal|p2a: Dachsbun|75/100|[from] item: Leftovers
|upkeep
|turn|5
|
|t:|1779644523
|move|p2a: Dachsbun|Protect|p2a: Dachsbun
|-singleturn|p2a: Dachsbun|Protect
|move|p1a: Raw Dawgy Style|Iron Head|p2a: Dachsbun
|-activate|p2a: Dachsbun|move: Protect
|
|-heal|p2a: Dachsbun|80/100|[from] item: Leftovers
|upkeep
|turn|6
|
|t:|1779644536
|move|p1a: Raw Dawgy Style|Iron Head|p2a: Dachsbun
|-supereffective|p2a: Dachsbun
|-damage|p2a: Dachsbun|19/100
|-damage|p1a: Raw Dawgy Style|81/100|[from] item: Life Orb
|move|p2a: Dachsbun|Play Rough|p1a: Raw Dawgy Style
|-supereffective|p1a: Raw Dawgy Style
|-damage|p1a: Raw Dawgy Style|25/100
|
|-heal|p2a: Dachsbun|25/100|[from] item: Leftovers
|upkeep
|turn|7
|
|t:|1779644543
|move|p2a: Dachsbun|Protect|p2a: Dachsbun
|-singleturn|p2a: Dachsbun|Protect
|move|p1a: Raw Dawgy Style|Iron Head|p2a: Dachsbun
|-activate|p2a: Dachsbun|move: Protect
|
|-heal|p2a: Dachsbun|31/100|[from] item: Leftovers
|upkeep
|turn|8
|
|t:|1779644558
|move|p1a: Raw Dawgy Style|Iron Head|p2a: Dachsbun
|-supereffective|p2a: Dachsbun
|-damage|p2a: Dachsbun|0 fnt
|faint|p2a: Dachsbun
|-damage|p1a: Raw Dawgy Style|16/100|[from] item: Life Orb
|
|upkeep
|
|t:|1779644565
|switch|p2a: Morpeko|Morpeko, M, shiny|63/100
|turn|9
|
|t:|1779644580
|move|p1a: Raw Dawgy Style|Close Combat|p2a: Morpeko
|-supereffective|p2a: Morpeko
|-damage|p2a: Morpeko|0 fnt
|-unboost|p1a: Raw Dawgy Style|def|1
|-unboost|p1a: Raw Dawgy Style|spd|1
|faint|p2a: Morpeko
|-damage|p1a: Raw Dawgy Style|6/100|[from] item: Life Orb
|
|upkeep
|
|t:|1779644585
|switch|p2a: Quaquaval|Quaquaval, F, shiny|81/100
|turn|10
|
|t:|1779644611
|switch|p1a: DownSyndromeShawty|Slowking-Galar, F|100/100
|move|p2a: Quaquaval|Aqua Step|p1a: DownSyndromeShawty
|-damage|p1a: DownSyndromeShawty|45/100
|-boost|p2a: Quaquaval|spe|1
|-damage|p2a: Quaquaval|71/100|[from] item: Life Orb
|
|-heal|p1a: DownSyndromeShawty|51/100|[from] item: Black Sludge
|upkeep
|turn|11
|
|t:|1779644618
|switch|p1a: ThiccThangWithBBL|Alomomola, F|100/100
|move|p2a: Quaquaval|Aqua Step|p1a: ThiccThangWithBBL
|-resisted|p1a: ThiccThangWithBBL
|-damage|p1a: ThiccThangWithBBL|84/100
|-boost|p2a: Quaquaval|spe|1
|-damage|p2a: Quaquaval|61/100|[from] item: Life Orb
|
|upkeep
|turn|12
|
|t:|1779644637
|move|p2a: Quaquaval|Close Combat|p1a: ThiccThangWithBBL
|-damage|p1a: ThiccThangWithBBL|32/100
|-unboost|p2a: Quaquaval|def|1
|-unboost|p2a: Quaquaval|spd|1
|-damage|p2a: Quaquaval|51/100|[from] item: Life Orb
|move|p1a: ThiccThangWithBBL|Flip Turn|p2a: Quaquaval
|-resisted|p2a: Quaquaval
|-damage|p2a: Quaquaval|33/100
|
|t:|1779644644
|switch|p1a: DownSyndromeShawty|Slowking-Galar, F|84/100|[from] Flip Turn
|
|-heal|p1a: DownSyndromeShawty|90/100|[from] item: Black Sludge
|upkeep
|turn|13
|
|t:|1779644649
|move|p2a: Quaquaval|Aqua Step|p1a: DownSyndromeShawty
|-damage|p1a: DownSyndromeShawty|34/100
|-boost|p2a: Quaquaval|spe|1
|-damage|p2a: Quaquaval|23/100|[from] item: Life Orb
|move|p1a: DownSyndromeShawty|Sludge Bomb|p2a: Quaquaval
|-damage|p2a: Quaquaval|0 fnt
|faint|p2a: Quaquaval
|
|-heal|p1a: DownSyndromeShawty|40/100|[from] item: Black Sludge
|upkeep
|
|t:|1779644658
|switch|p2a: Froslass|Froslass, F, shiny|100/100
|turn|14
|-message|lodyg8 forfeited.
|
|win|Blazingly Scorched
