|j|☆simba999
|j|☆BlaziKennedy
|t:|1779663187
|gametype|singles
|player|p1|simba999|102|1125
|player|p2|BlaziKennedy|lucas|1128
|gen|9
|tier|[Gen 9] OU
|rated|
|rule|HP Percentage Mod: HP is shown in percentages
|rule|Endless Battle Clause: Forcing endless battles is banned
|rule|Species Clause: Limit one of each Pokémon
|rule|OHKO Clause: OHKO moves are banned
|rule|Evasion Items Clause: Evasion items are banned
|rule|Evasion Moves Clause: Evasion moves are banned
|rule|Evasion Abilities Clause: Evasion abilities are banned
|rule|Sleep Moves Clause: Sleep-inducing moves are banned
|clearpoke
|poke|p1|Haxorus, M|
|poke|p1|Quaquaval, F|
|poke|p1|Corviknight, F|
|poke|p1|Gholdengo|
|poke|p1|Suicune|
|poke|p1|Iron Moth|
|poke|p2|Quaquaval, M|
|poke|p2|Rillaboom, F|
|poke|p2|Hawlucha, M|
|poke|p2|Iron Treads|
|poke|p2|Dragapult, M|
|poke|p2|Raging Bolt|
|teampreview
|inactive|Battle timer is ON: inactive players will automatically lose when time's up. (requested by simba999)
|
|t:|1779663198
|teamsize|p1|6
|teamsize|p2|6
|start
|switch|p1a: Haxorus|Haxorus, M, shiny|100/100
|switch|p2a: Rillaboom|Rillaboom, F|100/100
|-ability|p1a: Haxorus|Mold Breaker
|-fieldstart|move: Grassy Terrain|[from] ability: Grassy Surge|[of] p2a: Rillaboom
|turn|1
|
|t:|1779663207
|move|p1a: Haxorus|Swords Dance|p1a: Haxorus
|-boost|p1a: Haxorus|atk|2
|move|p2a: Rillaboom|U-turn|p1a: Haxorus
|-damage|p1a: Haxorus|53/100
|
|t:|1779663210
|switch|p2a: Hawlucha|Hawlucha, M|100/100|[from] U-turn
|-enditem|p2a: Hawlucha|Grassy Seed
|-boost|p2a: Hawlucha|def|1|[from] item: Grassy Seed
|
|-heal|p1a: Haxorus|59/100|[from] Grassy Terrain
|upkeep
|turn|2
|
|t:|1779663219
|move|p2a: Hawlucha|Encore|p1a: Haxorus
|-start|p1a: Haxorus|Encore
|move|p1a: Haxorus|Swords Dance|p1a: Haxorus
|-boost|p1a: Haxorus|atk|2
|
|-heal|p1a: Haxorus|65/100|[from] Grassy Terrain
|upkeep
|turn|3
|
|t:|1779663228
|move|p2a: Hawlucha|Swords Dance|p2a: Hawlucha
|-boost|p2a: Hawlucha|atk|2
|move|p1a: Haxorus|Swords Dance|p1a: Haxorus
|-boost|p1a: Haxorus|atk|2
|
|-heal|p1a: Haxorus|71/100|[from] Grassy Terrain
|upkeep
|turn|4
|
|t:|1779663235
|move|p2a: Hawlucha|Swords Dance|p2a: Hawlucha
|-boost|p2a: Hawlucha|atk|2
|move|p1a: Haxorus|Swords Dance|p1a: Haxorus
|-boost|p1a: Haxorus|atk|0
|
|-heal|p1a: Haxorus|77/100|[from] Grassy Terrain
|-end|p1a: Haxorus|Encore
|upkeep
|turn|5
|
|t:|1779663243
|move|p2a: Hawlucha|Encore|p1a: Haxorus
|-start|p1a: Haxorus|Encore
|move|p1a: Haxorus|Swords Dance|p1a: Haxorus
|-boost|p1a: Haxorus|atk|0
|
|-heal|p1a: Haxorus|83/100|[from] Grassy Terrain
|-fieldend|move: Grassy Terrain
|upkeep
|turn|6
|
|t:|1779663262
|switch|p1a: Corviknight|Corviknight, F, shiny|100/100
|-ability|p1a: Corviknight|Pressure
|move|p2a: Hawlucha|Swords Dance|p2a: Hawlucha
|-boost|p2a: Hawlucha|atk|2
|
|upkeep
|turn|7
|
|t:|1779663273
|move|p2a: Hawlucha|Close Combat|p1a: Corviknight
|-damage|p1a: Corviknight|0 fnt
|-unboost|p2a: Hawlucha|def|1
|-unboost|p2a: Hawlucha|spd|1
|-damage|p2a: Hawlucha|84/100|[from] item: Rocky Helmet|[of] p1a: Corviknight
|faint|p1a: Corviknight
|
|upkeep
|
|t:|1779663282
|switch|p1a: Gholdengo|Gholdengo, shiny|100/100
|-item|p1a: Gholdengo|Air Balloon
|turn|8
|
|t:|1779663289
|move|p2a: Hawlucha|Acrobatics|p1a: Gholdengo
|-resisted|p1a: Gholdengo
|-damage|p1a: Gholdengo|0 fnt
|-enditem|p1a: Gholdengo|Air Balloon
|faint|p1a: Gholdengo
|
|upkeep
|
|t:|1779663296
|switch|p1a: Quaquaval|Quaquaval, F, shiny|100/100
|turn|9
|
|t:|1779663308
|move|p1a: Quaquaval|Aqua Jet|p2a: Hawlucha
|-damage|p2a: Hawlucha|57/100
|move|p2a: Hawlucha|Acrobatics|p1a: Quaquaval
|-supereffective|p1a: Quaquaval
|-damage|p1a: Quaquaval|0 fnt
|faint|p1a: Quaquaval
|
|upkeep
|inactive|simba999 has 120 seconds left.
|c|☆BlaziKennedy|bro has no switch ins im crine
|inactive|simba999 has 90 seconds left.
|inactive|simba999 has 60 seconds left.
|inactive|simba999 has 30 seconds left.
|inactive|simba999 has 20 seconds left.
|inactive|simba999 has 15 seconds left.
|inactive|simba999 has 10 seconds left.
|inactive|simba999 has 5 seconds left.
|-message|simba999 lost due to inactivity.
|
|win|BlaziKennedy
|raw|simba999's rating: 1125 &rarr; <strong>1100</strong><br />(-25 for losing)
|raw|BlaziKennedy's rating: 1128 &rarr; <strong>1153</strong><br />(+25 for winning)
