|j|☆bigyou
|j|☆rockdrigox666
|t:|1779631437
|gametype|singles
|player|p1|bigyou|101|1077
|player|p2|rockdrigox666|169|1133
|gen|9
|tier|[Gen 9] OU
|rated|
|rule|HP Percentage Mod: HP is shown in percentages
|rule|Endless Battle Clause: Forcing endless battles is banned
|rule|Species Clause: Limit one of each Pokémon
|rule|OHKO Clause: OHKO moves are banned
|rule|Evasion Items Clause: Evasion items are banned
|rule|Evasion Moves Clause: Evasion moves are banned
|rule|Evasion Abilities Clause: Evasion abilities are banned
|rule|Sleep Moves Clause: Sleep-inducing moves are banned
|clearpoke
|poke|p1|Bellossom, F|
|poke|p1|Great Tusk|
|poke|p1|Vikavolt, M|
|poke|p1|Tyranitar, M|
|poke|p1|Cloyster, M|
|poke|p1|Mimikyu, M|
|poke|p2|Garchomp, F|
|poke|p2|Darkrai|
|poke|p2|Venusaur, F|
|poke|p2|Masquerain, F|
|poke|p2|Weavile, F|
|poke|p2|Dragapult, F|
|teampreview
|inactive|Battle timer is ON: inactive players will automatically lose when time's up. (requested by rockdrigox666)
|
|t:|1779631444
|teamsize|p1|6
|teamsize|p2|6
|start
|switch|p1a: Cloyster|Cloyster, M|100/100
|switch|p2a: Masquerain|Masquerain, F|100/100
|-ability|p2a: Masquerain|Intimidate|boost
|-unboost|p1a: Cloyster|atk|1
|-enditem|p1a: Cloyster|White Herb
|-clearnegativeboost|p1a: Cloyster|[silent]
|turn|1
|
|t:|1779631455
|switch|p2a: Weavile|Weavile, F|100/100
|-ability|p2a: Weavile|Pressure
|move|p1a: Cloyster|Shell Smash|p1a: Cloyster
|-unboost|p1a: Cloyster|def|1
|-unboost|p1a: Cloyster|spd|1
|-boost|p1a: Cloyster|atk|2
|-boost|p1a: Cloyster|spa|2
|-boost|p1a: Cloyster|spe|2
|
|upkeep
|turn|2
|
|t:|1779631467
|move|p1a: Cloyster|Waterfall|p2a: Weavile
|-damage|p2a: Weavile|2/100
|move|p2a: Weavile|Low Kick|p1a: Cloyster
|-supereffective|p1a: Cloyster
|-damage|p1a: Cloyster|0 fnt
|faint|p1a: Cloyster
|-damage|p2a: Weavile|0 fnt|[from] item: Life Orb
|faint|p2a: Weavile
|
|upkeep
|
|t:|1779631478
|switch|p2a: Masquerain|Masquerain, F|100/100
|switch|p1a: Mimikyu|Mimikyu, M|100/100
|-ability|p2a: Masquerain|Intimidate|boost
|-unboost|p1a: Mimikyu|atk|1
|turn|3
|
|t:|1779631488
|switch|p1a: THUNDER|Vikavolt, M|100/100
|move|p2a: Masquerain|Bug Buzz|p1a: THUNDER
|-damage|p1a: THUNDER|53/100
|
|upkeep
|turn|4
|
|t:|1779631497
|move|p2a: Masquerain|Sticky Web|p1a: THUNDER
|-sidestart|p1: bigyou|move: Sticky Web
|move|p1a: THUNDER|Thunderbolt|p2a: Masquerain
|-supereffective|p2a: Masquerain
|-damage|p2a: Masquerain|0 fnt
|faint|p2a: Masquerain
|
|upkeep
|
|t:|1779631503
|switch|p2a: Dragapult|Dragapult, F|100/100
|turn|5
|
|t:|1779631510
|move|p2a: Dragapult|Fire Blast|p1a: THUNDER
|-supereffective|p1a: THUNDER
|-damage|p1a: THUNDER|2/100
|move|p1a: THUNDER|Sticky Web|p2a: Dragapult
|-sidestart|p2: rockdrigox666|move: Sticky Web
|
|upkeep
|turn|6
|
|t:|1779631516
|move|p2a: Dragapult|Fire Blast|p1a: THUNDER
|-supereffective|p1a: THUNDER
|-damage|p1a: THUNDER|0 fnt
|faint|p1a: THUNDER
|
|upkeep
|
|t:|1779631538
|switch|p1a: godzilla|Tyranitar, M|100/100
|-activate|p1a: godzilla|move: Sticky Web
|-unboost|p1a: godzilla|spe|1
|-weather|Sandstorm|[from] ability: Sand Stream|[of] p1a: godzilla
|turn|7
|
|t:|1779631543
|switch|p2a: Garchomp|Garchomp, F|100/100
|-activate|p2a: Garchomp|move: Sticky Web
|-unboost|p2a: Garchomp|spe|1
|move|p1a: godzilla|Dragon Dance|p1a: godzilla
|-boost|p1a: godzilla|atk|1
|-boost|p1a: godzilla|spe|1
|
|-weather|Sandstorm|[upkeep]
|upkeep
|turn|8
|
|t:|1779631550
|-terastallize|p1a: godzilla|Normal
|move|p1a: godzilla|Dragon Dance|p1a: godzilla
|-boost|p1a: godzilla|atk|1
|-boost|p1a: godzilla|spe|1
|move|p2a: Garchomp|Dragon Tail|p1a: godzilla
|-damage|p1a: godzilla|80/100
|drag|p1a: ripoff donphan|Great Tusk|100/100
|-activate|p1a: ripoff donphan|move: Sticky Web
|-unboost|p1a: ripoff donphan|spe|1
|-enditem|p1a: ripoff donphan|Booster Energy
|-activate|p1a: ripoff donphan|ability: Protosynthesis|[fromitem]
|-start|p1a: ripoff donphan|protosynthesisdef
|
|-weather|Sandstorm|[upkeep]
|upkeep
|turn|9
|
|t:|1779631561
|-terastallize|p2a: Garchomp|Ghost
|move|p2a: Garchomp|Stealth Rock|p1a: ripoff donphan
|-sidestart|p1: bigyou|move: Stealth Rock
|move|p1a: ripoff donphan|Rapid Spin|p2a: Garchomp
|-immune|p2a: Garchomp
|
|-weather|Sandstorm|[upkeep]
|-damage|p2a: Garchomp|94/100|[from] Sandstorm
|upkeep
|turn|10
|
|t:|1779631569
|move|p2a: Garchomp|Body Slam|p1a: ripoff donphan
|-damage|p1a: ripoff donphan|92/100
|move|p1a: ripoff donphan|Bulk Up|p1a: ripoff donphan
|-boost|p1a: ripoff donphan|atk|1
|-boost|p1a: ripoff donphan|def|1
|
|-weather|Sandstorm|[upkeep]
|-damage|p2a: Garchomp|88/100|[from] Sandstorm
|upkeep
|turn|11
|
|t:|1779631574
|move|p1a: ripoff donphan|Bulk Up|p1a: ripoff donphan
|-boost|p1a: ripoff donphan|atk|1
|-boost|p1a: ripoff donphan|def|1
|move|p2a: Garchomp|Dragon Tail|p1a: ripoff donphan
|-damage|p1a: ripoff donphan|87/100
|-end|p1a: ripoff donphan|Protosynthesis|[silent]
|drag|p1a: godzilla|Tyranitar, M, tera:Normal|80/100
|-activate|p1a: godzilla|move: Sticky Web
|-unboost|p1a: godzilla|spe|1
|-damage|p1a: godzilla|68/100|[from] Stealth Rock
|
|-weather|none
|-heal|p1a: godzilla|74/100|[from] item: Leftovers
|upkeep
|turn|12
|
|t:|1779631590
|move|p2a: Garchomp|Body Slam|p1a: godzilla
|-damage|p1a: godzilla|57/100
|-status|p1a: godzilla|par
|move|p1a: godzilla|Dragon Dance|p1a: godzilla
|-boost|p1a: godzilla|atk|1
|-boost|p1a: godzilla|spe|1
|
|-heal|p1a: godzilla|64/100 par|[from] item: Leftovers
|upkeep
|turn|13
|
|t:|1779631596
|cant|p1a: godzilla|par
|move|p2a: Garchomp|Dragon Tail|p1a: godzilla
|-damage|p1a: godzilla|43/100 par
|drag|p1a: dance dance dance|Bellossom, F|100/100
|-activate|p1a: dance dance dance|move: Sticky Web
|-unboost|p1a: dance dance dance|spe|1
|-damage|p1a: dance dance dance|88/100|[from] Stealth Rock
|
|-heal|p1a: dance dance dance|94/100|[from] item: Leftovers
|upkeep
|turn|14
|
|t:|1779631604
|switch|p2a: Venusaur|Venusaur, F|100/100
|-activate|p2a: Venusaur|move: Sticky Web
|-unboost|p2a: Venusaur|spe|1
|move|p1a: dance dance dance|Quiver Dance|p1a: dance dance dance
|-boost|p1a: dance dance dance|spa|1
|-boost|p1a: dance dance dance|spd|1
|-boost|p1a: dance dance dance|spe|1
|
|-heal|p1a: dance dance dance|100/100|[from] item: Leftovers
|upkeep
|turn|15
|
|t:|1779631612
|move|p1a: dance dance dance|Quiver Dance|p1a: dance dance dance
|-boost|p1a: dance dance dance|spa|1
|-boost|p1a: dance dance dance|spd|1
|-boost|p1a: dance dance dance|spe|1
|move|p2a: Venusaur|Sunny Day|p2a: Venusaur
|-weather|SunnyDay
|
|-weather|SunnyDay|[upkeep]
|upkeep
|turn|16
|
|t:|1779631619
|move|p1a: dance dance dance|Quiver Dance|p1a: dance dance dance
|-boost|p1a: dance dance dance|spa|1
|-boost|p1a: dance dance dance|spd|1
|-boost|p1a: dance dance dance|spe|1
|move|p2a: Venusaur|Weather Ball|p1a: dance dance dance
|-supereffective|p1a: dance dance dance
|-damage|p1a: dance dance dance|53/100
|
|-weather|SunnyDay|[upkeep]
|-heal|p1a: dance dance dance|59/100|[from] item: Leftovers
|upkeep
|turn|17
|
|t:|1779631626
|move|p1a: dance dance dance|Quiver Dance|p1a: dance dance dance
|-boost|p1a: dance dance dance|spa|1
|-boost|p1a: dance dance dance|spd|1
|-boost|p1a: dance dance dance|spe|1
|move|p2a: Venusaur|Sludge Bomb|p1a: dance dance dance
|-supereffective|p1a: dance dance dance
|-damage|p1a: dance dance dance|22/100
|
|-weather|SunnyDay|[upkeep]
|-heal|p1a: dance dance dance|28/100|[from] item: Leftovers
|upkeep
|turn|18
|
|t:|1779631642
|move|p1a: dance dance dance|Giga Drain|p2a: Venusaur
|-resisted|p2a: Venusaur
|-damage|p2a: Venusaur|81/100
|-heal|p1a: dance dance dance|39/100|[from] drain|[of] p2a: Venusaur
|move|p2a: Venusaur|Sludge Bomb|p1a: dance dance dance
|-supereffective|p1a: dance dance dance
|-damage|p1a: dance dance dance|2/100
|
|-weather|SunnyDay|[upkeep]
|-heal|p1a: dance dance dance|8/100|[from] item: Leftovers
|-heal|p2a: Venusaur|87/100|[from] item: Leftovers
|upkeep
|turn|19
|
|t:|1779631650
|move|p1a: dance dance dance|Strength Sap|p2a: Venusaur
|-unboost|p2a: Venusaur|atk|1
|-heal|p1a: dance dance dance|60/100
|move|p2a: Venusaur|Sludge Bomb|p1a: dance dance dance
|-supereffective|p1a: dance dance dance
|-damage|p1a: dance dance dance|27/100
|-status|p1a: dance dance dance|psn
|
|-weather|none
|-heal|p1a: dance dance dance|33/100 psn|[from] item: Leftovers
|-heal|p2a: Venusaur|93/100|[from] item: Leftovers
|-damage|p1a: dance dance dance|21/100 psn|[from] psn
|upkeep
|turn|20
|
|t:|1779631660
|move|p1a: dance dance dance|Strength Sap|p2a: Venusaur
|-unboost|p2a: Venusaur|atk|1
|-heal|p1a: dance dance dance|55/100 psn
|move|p2a: Venusaur|Sludge Bomb|p1a: dance dance dance
|-supereffective|p1a: dance dance dance
|-damage|p1a: dance dance dance|24/100 psn
|
|-heal|p1a: dance dance dance|30/100 psn|[from] item: Leftovers
|-heal|p2a: Venusaur|99/100|[from] item: Leftovers
|-damage|p1a: dance dance dance|18/100 psn|[from] psn
|upkeep
|turn|21
|
|t:|1779631670
|move|p1a: dance dance dance|Strength Sap|p2a: Venusaur
|-unboost|p2a: Venusaur|atk|1
|-heal|p1a: dance dance dance|44/100 psn
|move|p2a: Venusaur|Sludge Bomb|p1a: dance dance dance
|-supereffective|p1a: dance dance dance
|-damage|p1a: dance dance dance|10/100 psn
|
|-heal|p1a: dance dance dance|16/100 psn|[from] item: Leftovers
|-heal|p2a: Venusaur|100/100|[from] item: Leftovers
|-damage|p1a: dance dance dance|4/100 psn|[from] psn
|upkeep
|turn|22
|
|t:|1779631676
|move|p1a: dance dance dance|Strength Sap|p2a: Venusaur
|-unboost|p2a: Venusaur|atk|1
|-heal|p1a: dance dance dance|25/100 psn
|move|p2a: Venusaur|Sludge Bomb|p1a: dance dance dance
|-supereffective|p1a: dance dance dance
|-damage|p1a: dance dance dance|0 fnt
|faint|p1a: dance dance dance
|
|upkeep
|
|t:|1779631685
|switch|p1a: godzilla|Tyranitar, M, tera:Normal|43/100 par
|-activate|p1a: godzilla|move: Sticky Web
|-unboost|p1a: godzilla|spe|1
|-damage|p1a: godzilla|31/100 par|[from] Stealth Rock
|-weather|Sandstorm|[from] ability: Sand Stream|[of] p1a: godzilla
|turn|23
|
|t:|1779631690
|switch|p2a: Garchomp|Garchomp, F, tera:Ghost|88/100
|-activate|p2a: Garchomp|move: Sticky Web
|-unboost|p2a: Garchomp|spe|1
|move|p1a: godzilla|Dragon Dance|p1a: godzilla
|-boost|p1a: godzilla|atk|1
|-boost|p1a: godzilla|spe|1
|
|-weather|Sandstorm|[upkeep]
|-damage|p2a: Garchomp|82/100|[from] Sandstorm
|-damage|p1a: godzilla|25/100 par|[from] Sandstorm
|-heal|p1a: godzilla|31/100 par|[from] item: Leftovers
|upkeep
|turn|24
|
|t:|1779631696
|move|p1a: godzilla|Dragon Dance|p1a: godzilla
|-boost|p1a: godzilla|atk|1
|-boost|p1a: godzilla|spe|1
|move|p2a: Garchomp|Dragon Tail|p1a: godzilla
|-damage|p1a: godzilla|10/100 par
|drag|p1a: ripoff donphan|Great Tusk|87/100
|-activate|p1a: ripoff donphan|move: Sticky Web
|-unboost|p1a: ripoff donphan|spe|1
|-damage|p1a: ripoff donphan|84/100|[from] Stealth Rock
|
|-weather|Sandstorm|[upkeep]
|-damage|p2a: Garchomp|76/100|[from] Sandstorm
|upkeep
|turn|25
|-message|bigyou forfeited.
|
|win|rockdrigox666
|raw|bigyou's rating: 1077 &rarr; <strong>1059</strong><br />(-18 for losing)
|raw|rockdrigox666's rating: 1133 &rarr; <strong>1154</strong><br />(+21 for winning)
|l|☆bigyou
|player|p1|
|l|☆rockdrigox666
|player|p2|
