|inactive|Battle timer is ON: inactive players will automatically lose when time's up.
|t:|1779567244
|gametype|singles
|player|p1|Sinceresarje|morty|
|player|p2|sulfura152|170|
|gen|9
|tier|[Gen 9] OU
|rule|HP Percentage Mod: HP is shown in percentages
|rule|Endless Battle Clause: Forcing endless battles is banned
|rule|Species Clause: Limit one of each Pokémon
|rule|OHKO Clause: OHKO moves are banned
|rule|Evasion Items Clause: Evasion items are banned
|rule|Evasion Moves Clause: Evasion moves are banned
|rule|Evasion Abilities Clause: Evasion abilities are banned
|rule|Sleep Moves Clause: Sleep-inducing moves are banned
|clearpoke
|poke|p1|Dragonite, F|
|poke|p1|Gholdengo|
|poke|p1|Iron Crown|
|poke|p1|Glimmora, F|
|poke|p1|Ting-Lu|
|poke|p1|Ogerpon-Wellspring, F|
|poke|p2|Ribombee, F|
|poke|p2|Ceruledge, F|
|poke|p2|Great Tusk|
|poke|p2|Raging Bolt|
|poke|p2|Kingambit, F|
|poke|p2|Iron Moth|
|teampreview
|c|☆sulfura152|hf
|c|☆Sinceresarje|U2
|
|t:|1779567264
|teamsize|p1|6
|teamsize|p2|6
|start
|switch|p1a: Glimmora|Glimmora, F|100/100
|switch|p2a: Magicarpe 5|Kingambit, F|100/100
|-item|p2a: Magicarpe 5|Air Balloon
|turn|1
|
|t:|1779567274
|switch|p1a: Ting-Lu|Ting-Lu|100/100
|-ability|p1a: Ting-Lu|Vessel of Ruin
|move|p2a: Magicarpe 5|Iron Head|p1a: Ting-Lu
|-damage|p1a: Ting-Lu|74/100
|-damage|p2a: Magicarpe 5|84/100|[from] item: Rocky Helmet|[of] p1a: Ting-Lu
|
|upkeep
|turn|2
|
|t:|1779567282
|-end|p2a: Magicarpe 5|fallenundefined|[silent]
|switch|p2a: Magicarpe 1|Ribombee, F|100/100
|switch|p1a: Glimmora|Glimmora, F|100/100
|
|upkeep
|turn|3
|
|t:|1779567287
|switch|p2a: Magicarpe 5|Kingambit, F|84/100
|-item|p2a: Magicarpe 5|Air Balloon
|move|p1a: Glimmora|Stealth Rock|p2a: Magicarpe 5
|-sidestart|p2: sulfura152|move: Stealth Rock
|
|upkeep
|turn|4
|
|t:|1779567295
|switch|p1a: Ting-Lu|Ting-Lu|74/100
|-ability|p1a: Ting-Lu|Vessel of Ruin
|move|p2a: Magicarpe 5|Swords Dance|p2a: Magicarpe 5
|-boost|p2a: Magicarpe 5|atk|2
|
|upkeep
|turn|5
|
|t:|1779567307
|move|p2a: Magicarpe 5|Iron Head|p1a: Ting-Lu
|-damage|p1a: Ting-Lu|22/100
|-damage|p2a: Magicarpe 5|68/100|[from] item: Rocky Helmet|[of] p1a: Ting-Lu
|move|p1a: Ting-Lu|Ruination|p2a: Magicarpe 5
|-damage|p2a: Magicarpe 5|34/100
|-enditem|p2a: Magicarpe 5|Air Balloon
|
|upkeep
|turn|6
|
|t:|1779567318
|move|p2a: Magicarpe 5|Iron Head|p1a: Ting-Lu
|-damage|p1a: Ting-Lu|0 fnt
|-damage|p2a: Magicarpe 5|18/100|[from] item: Rocky Helmet|[of] p1a: Ting-Lu
|faint|p1a: Ting-Lu
|
|upkeep
|
|t:|1779567329
|switch|p1a: Dragonite|Dragonite, F|100/100
|turn|7
|inactive|Sinceresarje has 270 seconds left.
|
|t:|1779567354
|move|p1a: Dragonite|Low Kick|p2a: Magicarpe 5
|-supereffective|p2a: Magicarpe 5
|-damage|p2a: Magicarpe 5|0 fnt
|faint|p2a: Magicarpe 5
|-end|p2a: Magicarpe 5|fallenundefined|[silent]
|
|upkeep
|
|t:|1779567357
|switch|p2a: Magicarpe 3|Great Tusk|100/100
|-damage|p2a: Magicarpe 3|98/100|[from] Stealth Rock
|-enditem|p2a: Magicarpe 3|Booster Energy
|-activate|p2a: Magicarpe 3|ability: Protosynthesis|[fromitem]
|-start|p2a: Magicarpe 3|protosynthesisatk
|turn|8
|
|t:|1779567362
|switch|p1a: Gholdengo|Gholdengo|100/100
|move|p2a: Magicarpe 3|Rapid Spin|p1a: Gholdengo
|-immune|p1a: Gholdengo
|
|upkeep
|turn|9
|
|t:|1779567371
|-end|p2a: Magicarpe 3|Protosynthesis|[silent]
|switch|p2a: Magicarpe 4|Raging Bolt|100/100
|-damage|p2a: Magicarpe 4|88/100|[from] Stealth Rock
|-enditem|p2a: Magicarpe 4|Booster Energy
|-activate|p2a: Magicarpe 4|ability: Protosynthesis|[fromitem]
|-start|p2a: Magicarpe 4|protosynthesisspa
|switch|p1a: Ogerpon|Ogerpon-Wellspring, F|100/100
|
|upkeep
|turn|10
|
|t:|1779567379
|move|p1a: Ogerpon|U-turn|p2a: Magicarpe 4
|-damage|p2a: Magicarpe 4|64/100
|
|t:|1779567384
|switch|p1a: Gholdengo|Gholdengo|100/100|[from] U-turn
|move|p2a: Magicarpe 4|Thunderbolt|p1a: Gholdengo
|-damage|p1a: Gholdengo|32/100
|
|upkeep
|turn|11
|
|t:|1779567404
|switch|p1a: Dragonite|Dragonite, F|100/100
|move|p2a: Magicarpe 4|Thunderbolt|p1a: Dragonite
|-damage|p1a: Dragonite|70/100
|
|upkeep
|turn|12
|inactive|Sinceresarje has 270 seconds left.
|inactive|sulfura152 has 270 seconds left.
|
|t:|1779567469
|move|p1a: Dragonite|Extreme Speed|p2a: Magicarpe 4
|-crit|p2a: Magicarpe 4
|-damage|p2a: Magicarpe 4|21/100
|move|p2a: Magicarpe 4|Dragon Pulse|p1a: Dragonite
|-supereffective|p1a: Dragonite
|-crit|p1a: Dragonite
|-damage|p1a: Dragonite|0 fnt
|faint|p1a: Dragonite
|
|upkeep
|
|t:|1779567481
|switch|p1a: Glimmora|Glimmora, F|100/100
|turn|13
|
|t:|1779567490
|move|p2a: Magicarpe 4|Thunderclap|p1a: Glimmora
|-damage|p1a: Glimmora|28/100
|move|p1a: Glimmora|Earth Power|p2a: Magicarpe 4
|-supereffective|p2a: Magicarpe 4
|-damage|p2a: Magicarpe 4|0 fnt
|faint|p2a: Magicarpe 4
|-end|p2a: Magicarpe 4|Protosynthesis|[silent]
|
|upkeep
|inactive|sulfura152 has 240 seconds left.
|
|t:|1779567513
|switch|p2a: Magicarpe 3|Great Tusk|98/100
|-damage|p2a: Magicarpe 3|95/100|[from] Stealth Rock
|turn|14
|
|t:|1779567519
|switch|p1a: Gholdengo|Gholdengo|32/100
|move|p2a: Magicarpe 3|Headlong Rush|p1a: Gholdengo
|-supereffective|p1a: Gholdengo
|-damage|p1a: Gholdengo|0 fnt
|-unboost|p2a: Magicarpe 3|def|1
|-unboost|p2a: Magicarpe 3|spd|1
|faint|p1a: Gholdengo
|
|upkeep
|
|t:|1779567525
|switch|p1a: Ogerpon|Ogerpon-Wellspring, F|100/100
|turn|15
|
|t:|1779567542
|-end|p2a: Magicarpe 3|Protosynthesis|[silent]
|switch|p2a: Magicarpe 1|Ribombee, F|100/100
|-damage|p2a: Magicarpe 1|76/100|[from] Stealth Rock
|move|p1a: Ogerpon|Swords Dance|p1a: Ogerpon
|-boost|p1a: Ogerpon|atk|2
|
|upkeep
|turn|16
|
|t:|1779567552
|move|p2a: Magicarpe 1|Moonblast|p1a: Ogerpon
|-damage|p1a: Ogerpon|54/100
|move|p1a: Ogerpon|Ivy Cudgel|p2a: Magicarpe 1|[anim] Ivy Cudgel Water
|-damage|p2a: Magicarpe 1|0 fnt
|faint|p2a: Magicarpe 1
|
|upkeep
|
|t:|1779567557
|switch|p2a: Magicarpe 6|Iron Moth|100/100
|-damage|p2a: Magicarpe 6|76/100|[from] Stealth Rock
|-enditem|p2a: Magicarpe 6|Booster Energy
|-activate|p2a: Magicarpe 6|ability: Quark Drive|[fromitem]
|-start|p2a: Magicarpe 6|quarkdrivespa
|turn|17
|
|t:|1779567583
|move|p1a: Ogerpon|Ivy Cudgel|p2a: Magicarpe 6|[anim] Ivy Cudgel Water
|-supereffective|p2a: Magicarpe 6
|-damage|p2a: Magicarpe 6|0 fnt
|faint|p2a: Magicarpe 6
|-end|p2a: Magicarpe 6|Quark Drive|[silent]
|
|upkeep
|
|t:|1779567595
|switch|p2a: Magicarpe 3|Great Tusk|95/100
|-damage|p2a: Magicarpe 3|92/100|[from] Stealth Rock
|turn|18
|
|t:|1779567600
|move|p1a: Ogerpon|Ivy Cudgel|p2a: Magicarpe 3|[anim] Ivy Cudgel Water
|-supereffective|p2a: Magicarpe 3
|-damage|p2a: Magicarpe 3|0 fnt
|faint|p2a: Magicarpe 3
|-end|p2a: Magicarpe 3|Protosynthesis|[silent]
|
|upkeep
|-message|sulfura152 forfeited.
|
|win|Sinceresarje
|player|p2|
|c|☆Sinceresarje|gg
