|j|☆Shironept
|j|☆teamflashterry
|t:|1779630646
|gametype|singles
|player|p1|Shironept|169|1268
|player|p2|teamflashterry|170|1234
|gen|9
|tier|[Gen 9] OU
|rated|
|rule|HP Percentage Mod: HP is shown in percentages
|rule|Endless Battle Clause: Forcing endless battles is banned
|rule|Species Clause: Limit one of each Pokémon
|rule|OHKO Clause: OHKO moves are banned
|rule|Evasion Items Clause: Evasion items are banned
|rule|Evasion Moves Clause: Evasion moves are banned
|rule|Evasion Abilities Clause: Evasion abilities are banned
|rule|Sleep Moves Clause: Sleep-inducing moves are banned
|clearpoke
|poke|p1|Dragonite, M|
|poke|p1|Ogerpon-Wellspring, F|
|poke|p1|Walking Wake|
|poke|p1|Kingambit, M|
|poke|p1|Zarude|
|poke|p1|Glimmora, M|
|poke|p2|Medicham, F|
|poke|p2|Jirachi|
|poke|p2|Clefable, M|
|poke|p2|Zapdos|
|poke|p2|Dragonite, F|
|poke|p2|Cinderace, F|
|teampreview
|
|t:|1779630671
|teamsize|p1|6
|teamsize|p2|6
|start
|switch|p1a: Glimmora|Glimmora, M, shiny|100/100
|switch|p2a: Medicham|Medicham, F|100/100
|turn|1
|
|t:|1779630680
|move|p1a: Glimmora|Stealth Rock|p2a: Medicham
|-sidestart|p2: teamflashterry|move: Stealth Rock
|move|p2a: Medicham|Axe Kick|p1a: Glimmora
|-enditem|p1a: Glimmora|Focus Sash
|-damage|p1a: Glimmora|1/100
|-start|p1a: Glimmora|confusion
|-activate|p1a: Glimmora|ability: Toxic Debris
|-sidestart|p2: teamflashterry|move: Toxic Spikes
|-damage|p2a: Medicham|91/100|[from] item: Life Orb
|
|upkeep
|turn|2
|
|t:|1779630700
|-activate|p1a: Glimmora|confusion
|move|p1a: Glimmora|Mortal Spin|p2a: Medicham
|-crit|p2a: Medicham
|-damage|p2a: Medicham|77/100
|-status|p2a: Medicham|psn
|move|p2a: Medicham|Substitute|p2a: Medicham
|-start|p2a: Medicham|Substitute
|-damage|p2a: Medicham|52/100 psn
|
|-damage|p2a: Medicham|40/100 psn|[from] psn
|upkeep
|turn|3
|
|t:|1779630716
|-activate|p1a: Glimmora|confusion
|move|p1a: Glimmora|Earth Power|p2a: Medicham
|-end|p2a: Medicham|Substitute
|move|p2a: Medicham|Ice Punch|p1a: Glimmora
|-damage|p1a: Glimmora|0 fnt
|-activate|p1a: Glimmora|ability: Toxic Debris
|-sidestart|p2: teamflashterry|move: Toxic Spikes
|faint|p1a: Glimmora
|-damage|p2a: Medicham|30/100 psn|[from] item: Life Orb
|
|-damage|p2a: Medicham|18/100 psn|[from] psn
|upkeep
|
|t:|1779630735
|switch|p1a: Ogerpon|Ogerpon-Wellspring, F|100/100
|turn|4
|
|t:|1779630742
|switch|p2a: Dragonite|Dragonite, F|100/100
|move|p1a: Ogerpon|Swords Dance|p1a: Ogerpon
|-boost|p1a: Ogerpon|atk|2
|
|upkeep
|turn|5
|
|t:|1779630754
|move|p1a: Ogerpon|Trailblaze|p2a: Dragonite
|-resisted|p2a: Dragonite
|-damage|p2a: Dragonite|94/100
|-boost|p1a: Ogerpon|spe|1
|move|p2a: Dragonite|Dragon Tail|p1a: Ogerpon
|-damage|p1a: Ogerpon|55/100
|drag|p1a: Kingambit|Kingambit, M, shiny|100/100
|-activate|p1a: Kingambit|ability: Supreme Overlord
|-start|p1a: Kingambit|fallen1|[silent]
|
|upkeep
|turn|6
|
|t:|1779630767
|-end|p1a: Kingambit|fallen1|[silent]
|switch|p1a: Dragonite|Dragonite, M, shiny|100/100
|move|p2a: Dragonite|Roost|p2a: Dragonite
|-heal|p2a: Dragonite|100/100
|-singleturn|p2a: Dragonite|move: Roost
|
|upkeep
|turn|7
|
|t:|1779630775
|move|p1a: Dragonite|Ice Spinner|p2a: Dragonite
|-supereffective|p2a: Dragonite
|-damage|p2a: Dragonite|48/100
|move|p2a: Dragonite|Dragon Tail|p1a: Dragonite
|-supereffective|p1a: Dragonite
|-damage|p1a: Dragonite|59/100
|drag|p1a: Zarude|Zarude|100/100
|
|upkeep
|turn|8
|
|t:|1779630783
|move|p1a: Zarude|Knock Off|p2a: Dragonite
|-damage|p2a: Dragonite|15/100
|-enditem|p2a: Dragonite|Heavy-Duty Boots|[from] move: Knock Off|[of] p1a: Zarude
|move|p2a: Dragonite|Roost|p2a: Dragonite
|-heal|p2a: Dragonite|65/100
|-singleturn|p2a: Dragonite|move: Roost
|
|upkeep
|turn|9
|
|t:|1779630798
|move|p1a: Zarude|Bulk Up|p1a: Zarude
|-boost|p1a: Zarude|atk|1
|-boost|p1a: Zarude|def|1
|move|p2a: Dragonite|Roost|p2a: Dragonite
|-heal|p2a: Dragonite|100/100
|-singleturn|p2a: Dragonite|move: Roost
|
|upkeep
|turn|10
|
|t:|1779630807
|move|p1a: Zarude|Power Whip|p2a: Dragonite
|-resisted|p2a: Dragonite
|-damage|p2a: Dragonite|92/100
|move|p2a: Dragonite|Dragon Tail|p1a: Zarude|[miss]
|-miss|p2a: Dragonite|p1a: Zarude
|
|upkeep
|turn|11
|
|t:|1779630813
|move|p1a: Zarude|Knock Off|p2a: Dragonite
|-damage|p2a: Dragonite|58/100
|move|p2a: Dragonite|Roost|p2a: Dragonite
|-heal|p2a: Dragonite|100/100
|-singleturn|p2a: Dragonite|move: Roost
|
|upkeep
|turn|12
|
|t:|1779630819
|move|p1a: Zarude|Knock Off|p2a: Dragonite
|-damage|p2a: Dragonite|84/100
|move|p2a: Dragonite|Dragon Tail|p1a: Zarude|[miss]
|-miss|p2a: Dragonite|p1a: Zarude
|
|upkeep
|turn|13
|
|t:|1779630827
|move|p1a: Zarude|Knock Off|p2a: Dragonite
|-damage|p2a: Dragonite|47/100
|move|p2a: Dragonite|Roost|p2a: Dragonite
|-heal|p2a: Dragonite|97/100
|-singleturn|p2a: Dragonite|move: Roost
|
|upkeep
|turn|14
|
|t:|1779630834
|move|p1a: Zarude|Knock Off|p2a: Dragonite
|-damage|p2a: Dragonite|61/100
|move|p2a: Dragonite|Roost|p2a: Dragonite
|-heal|p2a: Dragonite|100/100
|-singleturn|p2a: Dragonite|move: Roost
|
|upkeep
|turn|15
|inactive|Battle timer is ON: inactive players will automatically lose when time's up. (requested by teamflashterry)
|
|t:|1779630841
|move|p1a: Zarude|Knock Off|p2a: Dragonite
|-damage|p2a: Dragonite|82/100
|move|p2a: Dragonite|Dragon Tail|p1a: Zarude
|-damage|p1a: Zarude|81/100
|drag|p1a: Kingambit|Kingambit, M, shiny|100/100
|-activate|p1a: Kingambit|ability: Supreme Overlord
|-start|p1a: Kingambit|fallen1|[silent]
|
|upkeep
|turn|16
|
|t:|1779630851
|move|p2a: Dragonite|Earthquake|p1a: Kingambit
|-supereffective|p1a: Kingambit
|-damage|p1a: Kingambit|41/100
|move|p1a: Kingambit|Kowtow Cleave|p2a: Dragonite
|-damage|p2a: Dragonite|23/100
|
|upkeep
|turn|17
|
|t:|1779630860
|-end|p1a: Kingambit|fallen1|[silent]
|switch|p1a: Dragonite|Dragonite, M, shiny|59/100
|move|p2a: Dragonite|Roost|p2a: Dragonite
|-heal|p2a: Dragonite|73/100
|-singleturn|p2a: Dragonite|move: Roost
|
|upkeep
|turn|18
|
|t:|1779630871
|switch|p2a: Clefable|Clefable, M|100/100
|-status|p2a: Clefable|tox
|move|p1a: Dragonite|Ice Spinner|p2a: Clefable
|-damage|p2a: Clefable|75/100 tox
|
|-heal|p2a: Clefable|81/100 tox|[from] item: Leftovers
|upkeep
|turn|19
|
|t:|1779630882
|move|p1a: Dragonite|Extreme Speed|p2a: Clefable
|-damage|p2a: Clefable|50/100 tox
|move|p2a: Clefable|Thunder Wave|p1a: Dragonite
|-status|p1a: Dragonite|par
|
|-heal|p2a: Clefable|56/100 tox|[from] item: Leftovers
|upkeep
|turn|20
|
|t:|1779630890
|move|p1a: Dragonite|Extreme Speed|p2a: Clefable
|-damage|p2a: Clefable|28/100 tox
|move|p2a: Clefable|Moonlight|p2a: Clefable
|-heal|p2a: Clefable|78/100 tox
|
|-heal|p2a: Clefable|85/100 tox|[from] item: Leftovers
|upkeep
|turn|21
|
|t:|1779630897
|move|p1a: Dragonite|Extreme Speed|p2a: Clefable
|-damage|p2a: Clefable|55/100 tox
|move|p2a: Clefable|Stealth Rock|p1a: Dragonite
|-sidestart|p1: Shironept|move: Stealth Rock
|
|-heal|p2a: Clefable|61/100 tox|[from] item: Leftovers
|upkeep
|turn|22
|
|t:|1779630907
|move|p2a: Clefable|Moonlight|p2a: Clefable
|-heal|p2a: Clefable|100/100 tox
|move|p1a: Dragonite|Earthquake|p2a: Clefable
|-damage|p2a: Clefable|72/100 tox
|
|-heal|p2a: Clefable|78/100 tox|[from] item: Leftovers
|upkeep
|turn|23
|
|t:|1779630914
|move|p2a: Clefable|Moonblast|p1a: Dragonite
|-supereffective|p1a: Dragonite
|-damage|p1a: Dragonite|0 fnt
|faint|p1a: Dragonite
|
|-heal|p2a: Clefable|84/100 tox|[from] item: Leftovers
|upkeep
|
|t:|1779630920
|switch|p1a: Ogerpon|Ogerpon-Wellspring, F|55/100
|-damage|p1a: Ogerpon|42/100|[from] Stealth Rock
|turn|24
|
|t:|1779630925
|move|p1a: Ogerpon|Horn Leech|p2a: Clefable
|-damage|p2a: Clefable|47/100 tox
|-heal|p1a: Ogerpon|66/100|[from] drain|[of] p2a: Clefable
|move|p2a: Clefable|Thunder Wave|p1a: Ogerpon|[miss]
|-miss|p2a: Clefable|p1a: Ogerpon
|
|-heal|p2a: Clefable|53/100 tox|[from] item: Leftovers
|upkeep
|turn|25
|
|t:|1779630933
|move|p1a: Ogerpon|Ivy Cudgel|p2a: Clefable|[anim] Ivy Cudgel Water
|-crit|p2a: Clefable
|-damage|p2a: Clefable|0 fnt
|faint|p2a: Clefable
|
|upkeep
|
|t:|1779630939
|switch|p2a: Zapdos|Zapdos|100/100
|turn|26
|
|t:|1779630952
|switch|p1a: Zarude|Zarude|81/100
|-damage|p1a: Zarude|69/100|[from] Stealth Rock
|move|p2a: Zapdos|Hurricane|p1a: Zarude
|-supereffective|p1a: Zarude
|-damage|p1a: Zarude|0 fnt
|faint|p1a: Zarude
|
|upkeep
|
|t:|1779630962
|switch|p1a: Ogerpon|Ogerpon-Wellspring, F|66/100
|-damage|p1a: Ogerpon|54/100|[from] Stealth Rock
|turn|27
|
|t:|1779630971
|switch|p2a: Medicham|Medicham, F|18/100 psn
|-damage|p2a: Medicham|12/100 psn|[from] Stealth Rock
|move|p1a: Ogerpon|Ivy Cudgel|p2a: Medicham|[anim] Ivy Cudgel Water
|-damage|p2a: Medicham|0 fnt
|faint|p2a: Medicham
|
|upkeep
|
|t:|1779630976
|switch|p2a: Dragonite|Dragonite, F|73/100
|-damage|p2a: Dragonite|48/100|[from] Stealth Rock
|turn|28
|
|t:|1779630982
|move|p1a: Ogerpon|Ivy Cudgel|p2a: Dragonite|[anim] Ivy Cudgel Water
|-resisted|p2a: Dragonite
|-damage|p2a: Dragonite|19/100
|move|p2a: Dragonite|Roost|p2a: Dragonite
|-heal|p2a: Dragonite|69/100
|-singleturn|p2a: Dragonite|move: Roost
|
|upkeep
|turn|29
|
|t:|1779631002
|-terastallize|p2a: Dragonite|Normal
|move|p2a: Dragonite|Extreme Speed|p1a: Ogerpon
|-damage|p1a: Ogerpon|0 fnt
|faint|p1a: Ogerpon
|
|upkeep
|
|t:|1779631011
|switch|p1a: Walking Wake|Walking Wake|100/100
|-damage|p1a: Walking Wake|88/100|[from] Stealth Rock
|-enditem|p1a: Walking Wake|Booster Energy
|-activate|p1a: Walking Wake|ability: Protosynthesis|[fromitem]
|-start|p1a: Walking Wake|protosynthesisspa
|turn|30
|
|t:|1779631021
|move|p2a: Dragonite|Extreme Speed|p1a: Walking Wake
|-damage|p1a: Walking Wake|35/100
|move|p1a: Walking Wake|Surf|p2a: Dragonite
|-damage|p2a: Dragonite|12/100
|
|upkeep
|turn|31
|
|t:|1779631028
|move|p2a: Dragonite|Extreme Speed|p1a: Walking Wake
|-damage|p1a: Walking Wake|0 fnt
|faint|p1a: Walking Wake
|-end|p1a: Walking Wake|Protosynthesis|[silent]
|
|upkeep
|
|t:|1779631032
|switch|p1a: Kingambit|Kingambit, M, shiny|41/100
|-damage|p1a: Kingambit|34/100|[from] Stealth Rock
|-activate|p1a: Kingambit|ability: Supreme Overlord
|-start|p1a: Kingambit|fallen5|[silent]
|turn|32
|
|t:|1779631040
|-terastallize|p1a: Kingambit|Flying
|move|p2a: Dragonite|Earthquake|p1a: Kingambit
|-immune|p1a: Kingambit
|move|p1a: Kingambit|Kowtow Cleave|p2a: Dragonite
|-damage|p2a: Dragonite|0 fnt
|faint|p2a: Dragonite
|
|upkeep
|
|t:|1779631046
|switch|p2a: Zapdos|Zapdos|100/100
|turn|33
|
|t:|1779631049
|move|p1a: Kingambit|Sucker Punch|p2a: Zapdos
|-damage|p2a: Zapdos|12/100
|move|p2a: Zapdos|Volt Switch|p1a: Kingambit
|-supereffective|p1a: Kingambit
|-damage|p1a: Kingambit|0 fnt
|faint|p1a: Kingambit
|-end|p1a: Kingambit|fallen5|[silent]
|
|win|teamflashterry
|raw|Shironept's rating: 1268 &rarr; <strong>1242</strong><br />(-26 for losing)
|raw|teamflashterry's rating: 1257 &rarr; <strong>1283</strong><br />(+26 for winning)
|l|☆teamflashterry
|player|p2|
|l|☆Shironept
|player|p1|
