|j|☆Naro51
|j|☆duli2010
|t:|1779721651
|gametype|singles
|player|p1|Naro51|102|1399
|player|p2|duli2010|bugcatcher-gen4dp|1356
|gen|9
|tier|[Gen 9] OU
|rated|
|rule|HP Percentage Mod: HP is shown in percentages
|rule|Endless Battle Clause: Forcing endless battles is banned
|rule|Species Clause: Limit one of each Pokémon
|rule|OHKO Clause: OHKO moves are banned
|rule|Evasion Items Clause: Evasion items are banned
|rule|Evasion Moves Clause: Evasion moves are banned
|rule|Evasion Abilities Clause: Evasion abilities are banned
|rule|Sleep Moves Clause: Sleep-inducing moves are banned
|clearpoke
|poke|p1|Ting-Lu|
|poke|p1|Gholdengo|
|poke|p1|Gliscor, M|
|poke|p1|Alomomola, M|
|poke|p1|Kyurem|
|poke|p1|Ogerpon-Wellspring, F|
|poke|p2|Weezing, M|
|poke|p2|Muk-Alola, F|
|poke|p2|Goodra, M|
|poke|p2|Hydrapple, F|
|poke|p2|Sylveon, M|
|poke|p2|Conkeldurr, F|
|teampreview
|inactive|Battle timer is ON: inactive players will automatically lose when time's up. (requested by duli2010)
|inactive|Naro51 has 120 seconds left.
|inactive|Naro51 has 90 seconds left.
|
|t:|1779721729
|teamsize|p1|6
|teamsize|p2|6
|start
|switch|p1a: Ting-Lu|Ting-Lu|100/100
|switch|p2a: Weezing|Weezing, M|100/100
|-ability|p1a: Ting-Lu|Vessel of Ruin
|turn|1
|
|t:|1779721735
|move|p2a: Weezing|Will-O-Wisp|p1a: Ting-Lu
|-status|p1a: Ting-Lu|brn
|move|p1a: Ting-Lu|Ruination|p2a: Weezing
|-damage|p2a: Weezing|50/100
|
|-heal|p2a: Weezing|56/100|[from] item: Black Sludge
|-damage|p1a: Ting-Lu|94/100 brn|[from] brn
|upkeep
|turn|2
|
|t:|1779721745
|switch|p1a: Gliscor|Gliscor, M|100/100
|move|p2a: Weezing|Pain Split|p1a: Gliscor
|-sethp|p1a: Gliscor|77/100|[from] move: Pain Split|[silent]
|-sethp|p2a: Weezing|81/100|[from] move: Pain Split
|
|-heal|p2a: Weezing|87/100|[from] item: Black Sludge
|-status|p1a: Gliscor|tox|[from] item: Toxic Orb
|upkeep
|turn|3
|
|t:|1779721756
|switch|p2a: Hydrapple|Hydrapple, F, shiny|100/100
|move|p1a: Gliscor|Knock Off|p2a: Hydrapple
|-damage|p2a: Hydrapple|86/100
|-enditem|p2a: Hydrapple|Leftovers|[from] move: Knock Off|[of] p1a: Gliscor
|
|-heal|p1a: Gliscor|89/100 tox|[from] ability: Poison Heal
|upkeep
|turn|4
|
|t:|1779721764
|move|p1a: Gliscor|Toxic|p2a: Hydrapple
|-status|p2a: Hydrapple|tox
|move|p2a: Hydrapple|Nasty Plot|p2a: Hydrapple
|-boost|p2a: Hydrapple|spa|2
|
|-heal|p1a: Gliscor|100/100 tox|[from] ability: Poison Heal
|-damage|p2a: Hydrapple|80/100 tox|[from] psn
|upkeep
|turn|5
|
|t:|1779721773
|switch|p1a: Ting-Lu|Ting-Lu|94/100 brn
|-ability|p1a: Ting-Lu|Vessel of Ruin
|move|p2a: Hydrapple|Giga Drain|p1a: Ting-Lu
|-supereffective|p1a: Ting-Lu
|-damage|p1a: Ting-Lu|33/100 brn
|-heal|p2a: Hydrapple|100/100 tox|[from] drain|[of] p1a: Ting-Lu
|
|-heal|p1a: Ting-Lu|39/100 brn|[from] item: Leftovers
|-damage|p2a: Hydrapple|88/100 tox|[from] psn
|-damage|p1a: Ting-Lu|33/100 brn|[from] brn
|upkeep
|turn|6
|
|t:|1779721791
|switch|p1a: Kyurem|Kyurem|100/100
|-ability|p1a: Kyurem|Pressure
|move|p2a: Hydrapple|Giga Drain|p1a: Kyurem
|-resisted|p1a: Kyurem
|-damage|p1a: Kyurem|68/100
|-heal|p2a: Hydrapple|100/100 tox|[from] drain|[of] p1a: Kyurem
|
|-damage|p2a: Hydrapple|82/100 tox|[from] psn
|upkeep
|turn|7
|
|t:|1779721800
|switch|p2a: Sylveon|Sylveon, M|100/100
|move|p1a: Kyurem|Protect||[still]
|-fail|p1a: Kyurem
|
|upkeep
|turn|8
|
|t:|1779721811
|switch|p1a: Alomomola|Alomomola, M|100/100
|move|p2a: Sylveon|Shadow Ball|p1a: Alomomola
|-damage|p1a: Alomomola|70/100
|-unboost|p1a: Alomomola|spd|1
|
|upkeep
|turn|9
|
|t:|1779721820
|move|p2a: Sylveon|Hyper Voice|p1a: Alomomola
|-damage|p1a: Alomomola|0 fnt
|faint|p1a: Alomomola
|
|upkeep
|
|t:|1779721825
|switch|p1a: Gholdengo|Gholdengo|100/100
|turn|10
|
|t:|1779721829
|switch|p2a: Muk|Muk-Alola, F|100/100
|move|p1a: Gholdengo|Nasty Plot|p1a: Gholdengo
|-boost|p1a: Gholdengo|spa|2
|
|upkeep
|turn|11
|
|t:|1779721839
|move|p1a: Gholdengo|Nasty Plot|p1a: Gholdengo
|-boost|p1a: Gholdengo|spa|2
|move|p2a: Muk|Knock Off|p1a: Gholdengo
|-supereffective|p1a: Gholdengo
|-damage|p1a: Gholdengo|27/100
|-enditem|p1a: Gholdengo|Heavy-Duty Boots|[from] move: Knock Off|[of] p2a: Muk
|
|upkeep
|turn|12
|
|t:|1779721848
|move|p2a: Muk|Shadow Sneak|p1a: Gholdengo
|-supereffective|p1a: Gholdengo
|-damage|p1a: Gholdengo|7/100
|move|p1a: Gholdengo|Recover|p1a: Gholdengo
|-heal|p1a: Gholdengo|57/100
|
|upkeep
|turn|13
|
|t:|1779721853
|move|p1a: Gholdengo|Recover|p1a: Gholdengo
|-heal|p1a: Gholdengo|100/100
|move|p2a: Muk|Knock Off|p1a: Gholdengo
|-supereffective|p1a: Gholdengo
|-damage|p1a: Gholdengo|56/100
|
|upkeep
|turn|14
|
|t:|1779721859
|move|p1a: Gholdengo|Recover|p1a: Gholdengo
|-heal|p1a: Gholdengo|100/100
|move|p2a: Muk|Knock Off|p1a: Gholdengo
|-supereffective|p1a: Gholdengo
|-damage|p1a: Gholdengo|53/100
|
|upkeep
|turn|15
|
|t:|1779721867
|switch|p1a: Gliscor|Gliscor, M|100/100 tox
|move|p2a: Muk|Knock Off|p1a: Gliscor
|-damage|p1a: Gliscor|71/100 tox
|-enditem|p1a: Gliscor|Toxic Orb|[from] move: Knock Off|[of] p2a: Muk
|
|-heal|p1a: Gliscor|84/100 tox|[from] ability: Poison Heal
|upkeep
|turn|16
|
|t:|1779721875
|switch|p2a: Hydrapple|Hydrapple, F, shiny|100/100 tox
|move|p1a: Gliscor|Spikes|p2a: Hydrapple
|-sidestart|p2: duli2010|Spikes
|
|-heal|p1a: Gliscor|96/100 tox|[from] ability: Poison Heal
|-damage|p2a: Hydrapple|94/100 tox|[from] psn
|upkeep
|turn|17
|
|t:|1779721886
|switch|p1a: Kyurem|Kyurem|68/100
|-ability|p1a: Kyurem|Pressure
|move|p2a: Hydrapple|Nasty Plot|p2a: Hydrapple
|-boost|p2a: Hydrapple|spa|2
|
|-damage|p2a: Hydrapple|82/100 tox|[from] psn
|upkeep
|turn|18
|
|t:|1779721897
|move|p1a: Kyurem|Freeze-Dry|p2a: Hydrapple
|-supereffective|p2a: Hydrapple
|-damage|p2a: Hydrapple|0 fnt
|faint|p2a: Hydrapple
|
|upkeep
|
|t:|1779721904
|switch|p2a: Sylveon|Sylveon, M|100/100
|-damage|p2a: Sylveon|88/100|[from] Spikes
|turn|19
|inactive|Naro51 has 120 seconds left.
|inactive|Naro51 has 90 seconds left.
|inactive|Naro51 has 60 seconds left.
|inactive|Naro51 has 30 seconds left.
|inactive|Naro51 has 20 seconds left.
|inactive|Naro51 has 15 seconds left.
|inactive|Naro51 has 10 seconds left.
|
|t:|1779722044
|switch|p1a: Gholdengo|Gholdengo|53/100
|move|p2a: Sylveon|Hyper Voice|p1a: Gholdengo
|-resisted|p1a: Gholdengo
|-damage|p1a: Gholdengo|28/100
|
|upkeep
|turn|20
|inactive|Naro51 has 20 seconds left this turn.
|
|t:|1779722051
|move|p1a: Gholdengo|Make It Rain|p2a: Sylveon
|-supereffective|p2a: Sylveon
|-damage|p2a: Sylveon|40/100
|-unboost|p1a: Gholdengo|spa|1
|move|p2a: Sylveon|Shadow Ball|p1a: Gholdengo
|-supereffective|p1a: Gholdengo
|-damage|p1a: Gholdengo|0 fnt
|faint|p1a: Gholdengo
|
|upkeep
|inactive|Naro51 has 25 seconds left this turn.
|inactive|Naro51 has 20 seconds left.
|
|t:|1779722061
|switch|p1a: Ogerpon|Ogerpon-Wellspring, F|100/100
|turn|21
|inactive|Naro51 has 30 seconds left this turn.
|
|t:|1779722066
|switch|p2a: Weezing|Weezing, M|87/100
|move|p1a: Ogerpon|Play Rough|p2a: Weezing|[miss]
|-miss|p1a: Ogerpon|p2a: Weezing
|
|-heal|p2a: Weezing|93/100|[from] item: Black Sludge
|upkeep
|turn|22
|
|t:|1779722079
|switch|p1a: Gliscor|Gliscor, M|96/100 tox
|move|p2a: Weezing|Will-O-Wisp||[still]
|-fail|p2a: Weezing
|
|-heal|p2a: Weezing|99/100|[from] item: Black Sludge
|-heal|p1a: Gliscor|100/100 tox|[from] ability: Poison Heal
|upkeep
|turn|23
|
|t:|1779722090
|switch|p2a: Conkeldurr|Conkeldurr, F|100/100
|-damage|p2a: Conkeldurr|88/100|[from] Spikes
|move|p1a: Gliscor|Spikes|p2a: Conkeldurr
|-sidestart|p2: duli2010|Spikes
|
|-status|p2a: Conkeldurr|brn|[from] item: Flame Orb
|upkeep
|turn|24
|
|t:|1779722098
|move|p1a: Gliscor|Protect|p1a: Gliscor
|-singleturn|p1a: Gliscor|Protect
|move|p2a: Conkeldurr|Defog|p1a: Gliscor
|-activate|p1a: Gliscor|move: Protect
|
|-damage|p2a: Conkeldurr|82/100 brn|[from] brn
|upkeep
|turn|25
|
|t:|1779722120
|move|p1a: Gliscor|Knock Off|p2a: Conkeldurr
|-resisted|p2a: Conkeldurr
|-damage|p2a: Conkeldurr|73/100 brn
|-enditem|p2a: Conkeldurr|Flame Orb|[from] move: Knock Off|[of] p1a: Gliscor
|move|p2a: Conkeldurr|Defog|p1a: Gliscor
|-unboost|p1a: Gliscor|evasion|1
|-sideend|p2: duli2010|Spikes|[from] move: Defog|[of] p2a: Conkeldurr
|
|-damage|p2a: Conkeldurr|67/100 brn|[from] brn
|upkeep
|turn|26
|
|t:|1779722129
|move|p1a: Gliscor|Protect|p1a: Gliscor
|-singleturn|p1a: Gliscor|Protect
|move|p2a: Conkeldurr|Ice Punch|p1a: Gliscor
|-activate|p1a: Gliscor|move: Protect
|
|-damage|p2a: Conkeldurr|61/100 brn|[from] brn
|upkeep
|turn|27
|inactive|Naro51 has 30 seconds left.
|
|t:|1779722155
|-terastallize|p1a: Gliscor|Fairy
|move|p1a: Gliscor|Spikes|p2a: Conkeldurr
|-sidestart|p2: duli2010|Spikes
|move|p2a: Conkeldurr|Drain Punch|p1a: Gliscor
|-resisted|p1a: Gliscor
|-damage|p1a: Gliscor|81/100 tox
|-heal|p2a: Conkeldurr|70/100 brn|[from] drain|[of] p1a: Gliscor
|
|-heal|p1a: Gliscor|94/100 tox|[from] ability: Poison Heal
|-damage|p2a: Conkeldurr|64/100 brn|[from] brn
|upkeep
|turn|28
|inactive|Naro51 has 30 seconds left.
|
|t:|1779722166
|move|p1a: Gliscor|Spikes|p2a: Conkeldurr
|-sidestart|p2: duli2010|Spikes
|move|p2a: Conkeldurr|Defog|p1a: Gliscor
|-unboost|p1a: Gliscor|evasion|1
|-sideend|p2: duli2010|Spikes|[from] move: Defog|[of] p2a: Conkeldurr
|
|-heal|p1a: Gliscor|100/100 tox|[from] ability: Poison Heal
|-damage|p2a: Conkeldurr|58/100 brn|[from] brn
|upkeep
|turn|29
|
|t:|1779722175
|move|p1a: Gliscor|Spikes|p2a: Conkeldurr
|-sidestart|p2: duli2010|Spikes
|move|p2a: Conkeldurr|Drain Punch|p1a: Gliscor
|-resisted|p1a: Gliscor
|-damage|p1a: Gliscor|79/100 tox
|-heal|p2a: Conkeldurr|68/100 brn|[from] drain|[of] p1a: Gliscor
|
|-heal|p1a: Gliscor|92/100 tox|[from] ability: Poison Heal
|-damage|p2a: Conkeldurr|62/100 brn|[from] brn
|upkeep
|turn|30
|
|t:|1779722184
|move|p1a: Gliscor|Protect|p1a: Gliscor
|-singleturn|p1a: Gliscor|Protect
|move|p2a: Conkeldurr|Ice Punch|p1a: Gliscor
|-activate|p1a: Gliscor|move: Protect
|
|-heal|p1a: Gliscor|100/100 tox|[from] ability: Poison Heal
|-damage|p2a: Conkeldurr|56/100 brn|[from] brn
|upkeep
|turn|31
|
|t:|1779722198
|move|p1a: Gliscor|Spikes|p2a: Conkeldurr
|-sidestart|p2: duli2010|Spikes
|move|p2a: Conkeldurr|Defog|p1a: Gliscor
|-unboost|p1a: Gliscor|evasion|1
|-sideend|p2: duli2010|Spikes|[from] move: Defog|[of] p2a: Conkeldurr
|
|-damage|p2a: Conkeldurr|50/100 brn|[from] brn
|upkeep
|turn|32
|
|t:|1779722205
|move|p1a: Gliscor|Protect|p1a: Gliscor
|-singleturn|p1a: Gliscor|Protect
|move|p2a: Conkeldurr|Ice Punch|p1a: Gliscor
|-activate|p1a: Gliscor|move: Protect
|
|-damage|p2a: Conkeldurr|44/100 brn|[from] brn
|upkeep
|turn|33
|
|t:|1779722233
|switch|p2a: Goodra|Goodra, M|100/100
|move|p1a: Gliscor|Spikes|p2a: Goodra
|-sidestart|p2: duli2010|Spikes
|
|upkeep
|turn|34
|
|t:|1779722238
|move|p1a: Gliscor|Toxic|p2a: Goodra
|-status|p2a: Goodra|tox
|move|p2a: Goodra|Acid Spray|p1a: Gliscor
|-supereffective|p1a: Gliscor
|-damage|p1a: Gliscor|69/100 tox
|-unboost|p1a: Gliscor|spd|2
|
|-heal|p1a: Gliscor|82/100 tox|[from] ability: Poison Heal
|-damage|p2a: Goodra|94/100 tox|[from] psn
|upkeep
|turn|35
|
|t:|1779722255
|move|p1a: Gliscor|Protect|p1a: Gliscor
|-singleturn|p1a: Gliscor|Protect
|move|p2a: Goodra|Ice Beam|p1a: Gliscor
|-activate|p1a: Gliscor|move: Protect
|
|-heal|p1a: Gliscor|94/100 tox|[from] ability: Poison Heal
|-damage|p2a: Goodra|82/100 tox|[from] psn
|upkeep
|turn|36
|
|t:|1779722284
|switch|p1a: Kyurem|Kyurem|68/100
|-ability|p1a: Kyurem|Pressure
|move|p2a: Goodra|Ice Beam|p1a: Kyurem
|-damage|p1a: Kyurem|42/100
|
|-damage|p2a: Goodra|64/100 tox|[from] psn
|upkeep
|turn|37
|
|t:|1779722294
|switch|p2a: Muk|Muk-Alola, F|100/100
|-damage|p2a: Muk|88/100|[from] Spikes
|move|p1a: Kyurem|Substitute|p1a: Kyurem
|-start|p1a: Kyurem|Substitute
|-damage|p1a: Kyurem|17/100
|
|upkeep
|turn|38
|
|t:|1779722301
|switch|p2a: Sylveon|Sylveon, M|40/100
|-damage|p2a: Sylveon|28/100|[from] Spikes
|move|p1a: Kyurem|Earth Power|p2a: Sylveon
|-damage|p2a: Sylveon|13/100
|
|upkeep
|turn|39
|
|t:|1779722308
|move|p1a: Kyurem|Freeze-Dry|p2a: Sylveon
|-damage|p2a: Sylveon|0 fnt
|faint|p2a: Sylveon
|
|upkeep
|
|t:|1779722317
|switch|p2a: Muk|Muk-Alola, F|88/100
|-damage|p2a: Muk|76/100|[from] Spikes
|turn|40
|
|t:|1779722322
|move|p1a: Kyurem|Earth Power|p2a: Muk
|-supereffective|p2a: Muk
|-damage|p2a: Muk|42/100
|move|p2a: Muk|Drain Punch|p1a: Kyurem
|-supereffective|p1a: Kyurem
|-end|p1a: Kyurem|Substitute
|-heal|p2a: Muk|55/100|[from] drain|[of] p1a: Kyurem
|
|upkeep
|turn|41
|
|t:|1779722334
|switch|p1a: Gliscor|Gliscor, M, tera:Fairy|94/100 tox
|move|p2a: Muk|Drain Punch|p1a: Gliscor
|-resisted|p1a: Gliscor
|-damage|p1a: Gliscor|87/100 tox
|-heal|p2a: Muk|58/100|[from] drain|[of] p1a: Gliscor
|
|-heal|p1a: Gliscor|99/100 tox|[from] ability: Poison Heal
|upkeep
|turn|42
|-message|duli2010 forfeited.
|
|win|Naro51
|raw|Naro51's rating: 1399 &rarr; <strong>1417</strong><br />(+18 for winning)
|raw|duli2010's rating: 1356 &rarr; <strong>1338</strong><br />(-18 for losing)
|l|☆duli2010
|player|p2|
|l|☆Naro51
|player|p1|
