|j|☆private_numero
|j|☆ChudleyDw1irks67
|t:|1779703088
|gametype|singles
|player|p1|private_numero|266|1028
|player|p2|ChudleyDw1irks67|pokefan-gen4|1060
|gen|9
|tier|[Gen 9] OU
|rated|
|rule|HP Percentage Mod: HP is shown in percentages
|rule|Endless Battle Clause: Forcing endless battles is banned
|rule|Species Clause: Limit one of each Pokémon
|rule|OHKO Clause: OHKO moves are banned
|rule|Evasion Items Clause: Evasion items are banned
|rule|Evasion Moves Clause: Evasion moves are banned
|rule|Evasion Abilities Clause: Evasion abilities are banned
|rule|Sleep Moves Clause: Sleep-inducing moves are banned
|clearpoke
|poke|p1|Dragapult, M|
|poke|p1|Pelipper, F|
|poke|p1|Regieleki|
|poke|p1|Glimmora, F|
|poke|p1|Corviknight, M|
|poke|p1|Hatterene, F|
|poke|p2|Exeggutor-Alola, M|
|poke|p2|Slowking-Galar, F|
|poke|p2|Torkoal, F|
|poke|p2|Ursaluna, F|
|poke|p2|Hatterene, F|
|poke|p2|Great Tusk|
|teampreview
|
|t:|1779703101
|teamsize|p1|6
|teamsize|p2|6
|start
|switch|p1a: Regieleki|Regieleki, shiny|100/100
|switch|p2a: Ursaluna|Ursaluna, F|100/100
|-item|p1a: Regieleki|Air Balloon
|turn|1
|
|t:|1779703112
|move|p1a: Regieleki|Extreme Speed|p2a: Ursaluna
|-damage|p2a: Ursaluna|85/100
|move|p2a: Ursaluna|Headlong Rush|p1a: Regieleki
|-immune|p1a: Regieleki
|
|-status|p2a: Ursaluna|brn|[from] item: Flame Orb
|upkeep
|turn|2
|c|☆ChudleyDw1irks67|YO
|c|☆ChudleyDw1irks67|UR AN IDIOT
|
|t:|1779703119
|move|p1a: Regieleki|Extreme Speed|p2a: Ursaluna
|-damage|p2a: Ursaluna|71/100 brn
|move|p2a: Ursaluna|Facade|p1a: Regieleki
|-damage|p1a: Regieleki|0 fnt
|-enditem|p1a: Regieleki|Air Balloon
|faint|p1a: Regieleki
|
|-damage|p2a: Ursaluna|65/100 brn|[from] brn
|upkeep
|c|☆ChudleyDw1irks67|FUCKING SRTUPID PERSON
|c|☆ChudleyDw1irks67|LIKE UR A DOG
|
|t:|1779703129
|switch|p1a: Pelipper|Pelipper, F|100/100
|turn|3
|
|t:|1779703134
|switch|p2a: Exeggutor|Exeggutor-Alola, M|100/100
|move|p1a: Pelipper|U-turn|p2a: Exeggutor
|-supereffective|p2a: Exeggutor
|-damage|p2a: Exeggutor|83/100
|
|t:|1779703140
|switch|p1a: Corviknight|Corviknight, M|100/100|[from] U-turn
|-ability|p1a: Corviknight|Pressure
|
|upkeep
|turn|4
|
|t:|1779703150
|-terastallize|p2a: Exeggutor|Fire
|move|p1a: Corviknight|Iron Head|p2a: Exeggutor
|-resisted|p2a: Exeggutor
|-damage|p2a: Exeggutor|72/100
|move|p2a: Exeggutor|Flamethrower|p1a: Corviknight
|-supereffective|p1a: Corviknight
|-damage|p1a: Corviknight|21/100
|
|upkeep
|turn|5
|
|t:|1779703162
|switch|p1a: Pelipper|Pelipper, F|100/100
|move|p2a: Exeggutor|Draco Meteor|p1a: Pelipper
|-damage|p1a: Pelipper|18/100
|-unboost|p2a: Exeggutor|spa|2
|
|upkeep
|turn|6
|
|t:|1779703172
|move|p1a: Pelipper|U-turn|p2a: Exeggutor
|-resisted|p2a: Exeggutor
|-damage|p2a: Exeggutor|68/100
|c|☆ChudleyDw1irks67|dogs detected
|-message|private_numero forfeited.
|
|win|ChudleyDw1irks67
