|j|☆qazplmcvb
|j|☆American Noodle
|t:|1779586680
|gametype|singles
|player|p1|qazplmcvb|hilbert|1417
|player|p2|American Noodle|266|1385
|gen|9
|tier|[Gen 9] OU
|rated|
|rule|HP Percentage Mod: HP is shown in percentages
|rule|Endless Battle Clause: Forcing endless battles is banned
|rule|Species Clause: Limit one of each Pokémon
|rule|OHKO Clause: OHKO moves are banned
|rule|Evasion Items Clause: Evasion items are banned
|rule|Evasion Moves Clause: Evasion moves are banned
|rule|Evasion Abilities Clause: Evasion abilities are banned
|rule|Sleep Moves Clause: Sleep-inducing moves are banned
|clearpoke
|poke|p1|Weavile, F|
|poke|p1|Volcanion|
|poke|p1|Great Tusk|
|poke|p1|Hatterene, F|
|poke|p1|Gholdengo|
|poke|p1|Dragonite, F|
|poke|p2|Toucannon, M|
|poke|p2|Kyurem|
|poke|p2|Iron Treads|
|poke|p2|Iron Moth|
|poke|p2|Zamazenta-*|
|poke|p2|Ogerpon-Wellspring, F|
|teampreview
|inactive|Battle timer is ON: inactive players will automatically lose when time's up. (requested by qazplmcvb)
|
|t:|1779586705
|teamsize|p1|6
|teamsize|p2|6
|start
|switch|p1a: Volcanion|Volcanion|100/100
|switch|p2a: Toucannon|Toucannon, M|100/100
|turn|1
|
|t:|1779586729
|move|p1a: Volcanion|Will-O-Wisp|p2a: Toucannon
|-status|p2a: Toucannon|brn
|move|p2a: Toucannon|Rock Blast|p1a: Volcanion
|-supereffective|p1a: Volcanion
|-damage|p1a: Volcanion|90/100
|-supereffective|p1a: Volcanion
|-damage|p1a: Volcanion|78/100
|-supereffective|p1a: Volcanion
|-damage|p1a: Volcanion|66/100
|-supereffective|p1a: Volcanion
|-damage|p1a: Volcanion|55/100
|-supereffective|p1a: Volcanion
|-damage|p1a: Volcanion|44/100
|-hitcount|p1a: Volcanion|5
|
|-damage|p2a: Toucannon|94/100 brn|[from] brn
|upkeep
|turn|2
|
|t:|1779586747
|switch|p1a: Great Tusk|Great Tusk|100/100
|move|p2a: Toucannon|Rock Blast|p1a: Great Tusk
|-resisted|p1a: Great Tusk
|-damage|p1a: Great Tusk|99/100
|-resisted|p1a: Great Tusk
|-damage|p1a: Great Tusk|98/100
|-resisted|p1a: Great Tusk
|-damage|p1a: Great Tusk|97/100
|-resisted|p1a: Great Tusk
|-damage|p1a: Great Tusk|96/100
|-resisted|p1a: Great Tusk
|-damage|p1a: Great Tusk|95/100
|-hitcount|p1a: Great Tusk|5
|
|-damage|p2a: Toucannon|88/100 brn|[from] brn
|upkeep
|turn|3
|
|t:|1779586756
|switch|p2a: Ogerpon|Ogerpon-Wellspring, F|100/100
|move|p1a: Great Tusk|Rapid Spin|p2a: Ogerpon
|-damage|p2a: Ogerpon|80/100
|-boost|p1a: Great Tusk|spe|1
|
|upkeep
|turn|4
|
|t:|1779586767
|move|p1a: Great Tusk|Ice Spinner|p2a: Ogerpon
|-damage|p2a: Ogerpon|47/100
|move|p2a: Ogerpon|Ivy Cudgel|p1a: Great Tusk|[anim] Ivy Cudgel Water
|-supereffective|p1a: Great Tusk
|-damage|p1a: Great Tusk|10/100
|
|upkeep
|turn|5
|
|t:|1779586780
|move|p1a: Great Tusk|Headlong Rush|p2a: Ogerpon
|-resisted|p2a: Ogerpon
|-damage|p2a: Ogerpon|12/100
|-unboost|p1a: Great Tusk|def|1
|-unboost|p1a: Great Tusk|spd|1
|move|p2a: Ogerpon|Ivy Cudgel|p1a: Great Tusk|[anim] Ivy Cudgel Water
|-supereffective|p1a: Great Tusk
|-damage|p1a: Great Tusk|0 fnt
|faint|p1a: Great Tusk
|-end|p1a: Great Tusk|Protosynthesis|[silent]
|
|upkeep
|
|t:|1779586791
|switch|p1a: Weavile|Weavile, F|100/100
|turn|6
|
|t:|1779586805
|switch|p2a: Zamazenta|Zamazenta|100/100
|-ability|p2a: Zamazenta|Dauntless Shield|boost
|-boost|p2a: Zamazenta|def|1
|move|p1a: Weavile|Knock Off|p2a: Zamazenta
|-resisted|p2a: Zamazenta
|-damage|p2a: Zamazenta|83/100
|-enditem|p2a: Zamazenta|Leftovers|[from] move: Knock Off|[of] p1a: Weavile
|
|upkeep
|turn|7
|
|t:|1779586817
|switch|p1a: Gholdengo|Gholdengo|100/100
|move|p2a: Zamazenta|Crunch|p1a: Gholdengo
|-supereffective|p1a: Gholdengo
|-damage|p1a: Gholdengo|51/100
|-unboost|p1a: Gholdengo|def|1
|
|upkeep
|turn|8
|
|t:|1779586823
|switch|p1a: Hatterene|Hatterene, F|100/100
|move|p2a: Zamazenta|Crunch|p1a: Hatterene
|-damage|p1a: Hatterene|81/100
|-damage|p2a: Zamazenta|67/100|[from] item: Rocky Helmet|[of] p1a: Hatterene
|
|upkeep
|turn|9
|
|t:|1779586832
|switch|p2a: Iron Moth|Iron Moth|100/100
|-enditem|p2a: Iron Moth|Booster Energy
|-activate|p2a: Iron Moth|ability: Quark Drive|[fromitem]
|-start|p2a: Iron Moth|quarkdrivespe
|move|p1a: Hatterene|Nuzzle|p2a: Iron Moth
|-damage|p2a: Iron Moth|95/100
|-status|p2a: Iron Moth|par
|
|upkeep
|turn|10
|
|t:|1779586844
|switch|p1a: Gholdengo|Gholdengo|51/100
|move|p2a: Iron Moth|Fiery Dance|p1a: Gholdengo
|-supereffective|p1a: Gholdengo
|-damage|p1a: Gholdengo|0 fnt
|faint|p1a: Gholdengo
|
|upkeep
|
|t:|1779586862
|switch|p1a: Dragonite|Dragonite, F|100/100
|turn|11
|
|t:|1779586879
|move|p1a: Dragonite|Dragon Dance|p1a: Dragonite
|-boost|p1a: Dragonite|atk|1
|-boost|p1a: Dragonite|spe|1
|move|p2a: Iron Moth|Dazzling Gleam|p1a: Dragonite
|-supereffective|p1a: Dragonite
|-damage|p1a: Dragonite|70/100
|
|-heal|p1a: Dragonite|77/100|[from] item: Leftovers
|upkeep
|turn|12
|
|t:|1779586893
|-terastallize|p1a: Dragonite|Ground
|move|p1a: Dragonite|Dragon Dance|p1a: Dragonite
|-boost|p1a: Dragonite|atk|1
|-boost|p1a: Dragonite|spe|1
|move|p2a: Iron Moth|Dazzling Gleam|p1a: Dragonite
|-damage|p1a: Dragonite|49/100
|
|-heal|p1a: Dragonite|55/100|[from] item: Leftovers
|upkeep
|turn|13
|
|t:|1779586905
|move|p1a: Dragonite|Earthquake|p2a: Iron Moth
|-supereffective|p2a: Iron Moth
|-damage|p2a: Iron Moth|0 fnt
|faint|p2a: Iron Moth
|-end|p2a: Iron Moth|Quark Drive|[silent]
|
|-heal|p1a: Dragonite|61/100|[from] item: Leftovers
|upkeep
|
|t:|1779586907
|switch|p2a: Zamazenta|Zamazenta|67/100
|turn|14
|
|t:|1779586910
|move|p1a: Dragonite|Earthquake|p2a: Zamazenta
|-damage|p2a: Zamazenta|0 fnt
|faint|p2a: Zamazenta
|
|-heal|p1a: Dragonite|67/100|[from] item: Leftovers
|upkeep
|
|t:|1779586924
|switch|p2a: Toucannon|Toucannon, M|88/100 brn
|turn|15
|
|t:|1779586930
|-singleturn|p2a: Toucannon|move: Beak Blast
|move|p1a: Dragonite|Ice Spinner|p2a: Toucannon
|-supereffective|p2a: Toucannon
|-damage|p2a: Toucannon|0 fnt
|-status|p1a: Dragonite|brn
|faint|p2a: Toucannon
|
|-heal|p1a: Dragonite|74/100 brn|[from] item: Leftovers
|-damage|p1a: Dragonite|67/100 brn|[from] brn
|upkeep
|
|t:|1779586933
|switch|p2a: Kyurem|Kyurem|100/100
|-ability|p2a: Kyurem|Pressure
|turn|16
|
|t:|1779586940
|move|p1a: Dragonite|Earthquake|p2a: Kyurem
|-damage|p2a: Kyurem|56/100
|move|p2a: Kyurem|Freeze-Dry|p1a: Dragonite
|-supereffective|p1a: Dragonite
|-crit|p1a: Dragonite
|-damage|p1a: Dragonite|0 fnt
|faint|p1a: Dragonite
|
|upkeep
|
|t:|1779586947
|switch|p1a: Weavile|Weavile, F|100/100
|turn|17
|
|t:|1779586956
|-terastallize|p2a: Kyurem|Fairy
|move|p1a: Weavile|Low Kick|p2a: Kyurem
|-resisted|p2a: Kyurem
|-damage|p2a: Kyurem|32/100
|move|p2a: Kyurem|Draco Meteor|p1a: Weavile
|-damage|p1a: Weavile|0 fnt
|-unboost|p2a: Kyurem|spa|2
|faint|p1a: Weavile
|
|upkeep
|
|t:|1779586967
|switch|p1a: Hatterene|Hatterene, F|81/100
|turn|18
|
|t:|1779586985
|move|p2a: Kyurem|Ice Beam|p1a: Hatterene
|-damage|p1a: Hatterene|56/100
|move|p1a: Hatterene|Psychic Noise|p2a: Kyurem
|-damage|p2a: Kyurem|14/100
|-start|p2a: Kyurem|move: Heal Block
|
|upkeep
|turn|19
|
|t:|1779586988
|move|p2a: Kyurem|Ice Beam|p1a: Hatterene
|-damage|p1a: Hatterene|31/100
|-status|p1a: Hatterene|frz
|cant|p1a: Hatterene|frz
|
|-end|p2a: Kyurem|move: Heal Block
|upkeep
|turn|20
|
|t:|1779586992
|move|p2a: Kyurem|Ice Beam|p1a: Hatterene
|-damage|p1a: Hatterene|6/100 frz
|cant|p1a: Hatterene|frz
|
|upkeep
|turn|21
|-message|qazplmcvb forfeited.
|
|win|American Noodle
|raw|qazplmcvb's rating: 1417 &rarr; <strong>1395</strong><br />(-22 for losing)
|raw|American Noodle's rating: 1385 &rarr; <strong>1407</strong><br />(+22 for winning)
|l|☆qazplmcvb
|player|p1|
|l|☆American Noodle
|player|p2|
