|j|‽WePokemon151
|j|☆Jota_Gandra
|t:|1779568640
|gametype|singles
|player|p1|WePokemon151|blue|1079
|player|p2|Jota_Gandra|170|1123
|gen|9
|tier|[Gen 9] OU
|rated|
|rule|HP Percentage Mod: HP is shown in percentages
|rule|Endless Battle Clause: Forcing endless battles is banned
|rule|Species Clause: Limit one of each Pokémon
|rule|OHKO Clause: OHKO moves are banned
|rule|Evasion Items Clause: Evasion items are banned
|rule|Evasion Moves Clause: Evasion moves are banned
|rule|Evasion Abilities Clause: Evasion abilities are banned
|rule|Sleep Moves Clause: Sleep-inducing moves are banned
|clearpoke
|poke|p1|Decidueye, F|
|poke|p1|Metagross|
|poke|p1|Arcanine, F|
|poke|p1|Milotic, M|
|poke|p1|Talonflame, M|
|poke|p1|Wyrdeer, M|
|poke|p2|Gliscor, M|
|poke|p2|Cinderace, M|
|poke|p2|Walking Wake|
|poke|p2|Zapdos|
|poke|p2|Gholdengo|
|poke|p2|Garganacl, F|
|teampreview
|inactive|Battle timer is ON: inactive players will automatically lose when time's up. (requested by WePokemon151)
|
|t:|1779568660
|teamsize|p1|6
|teamsize|p2|6
|start
|switch|p1a: Talonflame|Talonflame, M, shiny|100/100
|switch|p2a: Garganacl|Garganacl, F|100/100
|turn|1
|
|t:|1779568672
|-terastallize|p1a: Talonflame|Steel
|move|p1a: Talonflame|Steel Wing|p2a: Garganacl
|-supereffective|p2a: Garganacl
|-damage|p2a: Garganacl|44/100
|move|p2a: Garganacl|Stealth Rock|p1a: Talonflame
|-sidestart|p1: WePokemon151|move: Stealth Rock
|
|-heal|p2a: Garganacl|50/100|[from] item: Leftovers
|upkeep
|turn|2
|
|t:|1779568680
|move|p2a: Garganacl|Protect|p2a: Garganacl
|-singleturn|p2a: Garganacl|Protect
|move|p1a: Talonflame|Steel Wing|p2a: Garganacl
|-activate|p2a: Garganacl|move: Protect
|
|-heal|p2a: Garganacl|56/100|[from] item: Leftovers
|upkeep
|turn|3
|
|t:|1779568681
|move|p1a: Talonflame|Steel Wing|p2a: Garganacl
|-supereffective|p2a: Garganacl
|-damage|p2a: Garganacl|2/100
|-boost|p1a: Talonflame|def|1
|move|p2a: Garganacl|Recover|p2a: Garganacl
|-heal|p2a: Garganacl|52/100
|
|-heal|p2a: Garganacl|58/100|[from] item: Leftovers
|upkeep
|turn|4
|
|t:|1779568687
|move|p1a: Talonflame|Steel Wing|p2a: Garganacl
|-supereffective|p2a: Garganacl
|-damage|p2a: Garganacl|0 fnt
|faint|p2a: Garganacl
|
|upkeep
|
|t:|1779568690
|switch|p2a: Cinderace|Cinderace, M|100/100
|turn|5
|
|t:|1779568700
|switch|p1a: Milotic|Milotic, M, shiny|100/100
|-damage|p1a: Milotic|88/100|[from] Stealth Rock
|move|p2a: Cinderace|Pyro Ball|p1a: Milotic
|-resisted|p1a: Milotic
|-damage|p1a: Milotic|66/100
|
|-heal|p1a: Milotic|73/100|[from] item: Leftovers
|upkeep
|turn|6
|
|t:|1779568709
|move|p2a: Cinderace|U-turn|p1a: Milotic
|-start|p2a: Cinderace|typechange|Bug|[from] ability: Libero
|-damage|p1a: Milotic|49/100
|
|t:|1779568713
|switch|p2a: Zapdos|Zapdos|100/100|[from] U-turn
|move|p1a: Milotic|Light Screen|p1a: Milotic
|-sidestart|p1: WePokemon151|move: Light Screen
|
|-heal|p1a: Milotic|55/100|[from] item: Leftovers
|upkeep
|turn|7
|
|t:|1779568730
|switch|p1a: Metagross|Metagross, shiny|100/100
|-damage|p1a: Metagross|94/100|[from] Stealth Rock
|move|p2a: Zapdos|Thunder Wave|p1a: Metagross
|-status|p1a: Metagross|par
|
|upkeep
|turn|8
|
|t:|1779568741
|move|p2a: Zapdos|Volt Switch|p1a: Metagross
|-damage|p1a: Metagross|84/100 par
|
|t:|1779568744
|switch|p2a: Gholdengo|Gholdengo|100/100|[from] Volt Switch
|-item|p2a: Gholdengo|Air Balloon
|cant|p1a: Metagross|par
|
|upkeep
|turn|9
|
|t:|1779568751
|move|p2a: Gholdengo|Nasty Plot|p2a: Gholdengo
|-boost|p2a: Gholdengo|spa|2
|move|p1a: Metagross|Psychic Fangs|p2a: Gholdengo
|-resisted|p2a: Gholdengo
|-damage|p2a: Gholdengo|74/100
|-enditem|p2a: Gholdengo|Air Balloon
|
|upkeep
|turn|10
|
|t:|1779568757
|switch|p1a: Arcanine|Arcanine, F, shiny|100/100
|-damage|p1a: Arcanine|76/100|[from] Stealth Rock
|-ability|p1a: Arcanine|Intimidate|boost
|-unboost|p2a: Gholdengo|atk|1
|move|p2a: Gholdengo|Nasty Plot|p2a: Gholdengo
|-boost|p2a: Gholdengo|spa|2
|
|-sideend|p1: WePokemon151|move: Light Screen
|upkeep
|turn|11
|
|t:|1779568767
|move|p1a: Arcanine|Raging Fury|p2a: Gholdengo
|-supereffective|p2a: Gholdengo
|-damage|p2a: Gholdengo|0 fnt
|faint|p2a: Gholdengo
|
|upkeep
|
|t:|1779568770
|switch|p2a: Walking Wake|Walking Wake|100/100
|turn|12
|
|t:|1779568776
|move|p2a: Walking Wake|Draco Meteor|p1a: Arcanine
|-crit|p1a: Arcanine
|-damage|p1a: Arcanine|0 fnt
|-unboost|p2a: Walking Wake|spa|2
|faint|p1a: Arcanine
|
|upkeep
|
|t:|1779568797
|switch|p1a: Decidueye|Decidueye, F, shiny|100/100
|-damage|p1a: Decidueye|88/100|[from] Stealth Rock
|turn|13
|
|t:|1779568802
|move|p2a: Walking Wake|Knock Off|p1a: Decidueye
|-supereffective|p1a: Decidueye
|-damage|p1a: Decidueye|37/100
|-enditem|p1a: Decidueye|Spell Tag|[from] move: Knock Off|[of] p2a: Walking Wake
|move|p1a: Decidueye|Swords Dance|p1a: Decidueye
|-boost|p1a: Decidueye|atk|2
|
|upkeep
|turn|14
|
|t:|1779568815
|move|p1a: Decidueye|Shadow Sneak|p2a: Walking Wake
|-damage|p2a: Walking Wake|57/100
|move|p2a: Walking Wake|Knock Off|p1a: Decidueye
|-supereffective|p1a: Decidueye
|-damage|p1a: Decidueye|3/100
|
|upkeep
|turn|15
|
|t:|1779568820
|move|p1a: Decidueye|Shadow Sneak|p2a: Walking Wake
|-damage|p2a: Walking Wake|15/100
|move|p2a: Walking Wake|Flip Turn|p1a: Decidueye
|-resisted|p1a: Decidueye
|-damage|p1a: Decidueye|0 fnt
|faint|p1a: Decidueye
|
|t:|1779568825
|-end|p2a: Walking Wake|Protosynthesis|[silent]
|switch|p2a: Gliscor|Gliscor, M|100/100|[from] Flip Turn
|
|-status|p2a: Gliscor|tox|[from] item: Toxic Orb
|upkeep
|
|t:|1779568831
|switch|p1a: Milotic|Milotic, M, shiny|55/100
|-damage|p1a: Milotic|42/100|[from] Stealth Rock
|turn|16
|
|t:|1779568836
|move|p2a: Gliscor|Toxic|p1a: Milotic
|-status|p1a: Milotic|tox
|move|p1a: Milotic|Recover|p1a: Milotic
|-heal|p1a: Milotic|92/100 tox
|
|-heal|p1a: Milotic|98/100 tox|[from] item: Leftovers
|-damage|p1a: Milotic|92/100 tox|[from] psn
|upkeep
|turn|17
|
|t:|1779568839
|move|p2a: Gliscor|Protect|p2a: Gliscor
|-singleturn|p2a: Gliscor|Protect
|move|p1a: Milotic|Blizzard|p2a: Gliscor
|-activate|p2a: Gliscor|move: Protect
|
|-heal|p1a: Milotic|98/100 tox|[from] item: Leftovers
|-damage|p1a: Milotic|86/100 tox|[from] psn
|upkeep
|turn|18
|
|t:|1779568844
|-terastallize|p2a: Gliscor|Water
|move|p2a: Gliscor|Substitute|p2a: Gliscor
|-start|p2a: Gliscor|Substitute
|-damage|p2a: Gliscor|75/100 tox
|move|p1a: Milotic|Blizzard|p2a: Gliscor
|-resisted|p2a: Gliscor
|-activate|p2a: Gliscor|move: Substitute|[damage]
|
|-heal|p1a: Milotic|92/100 tox|[from] item: Leftovers
|-heal|p2a: Gliscor|88/100 tox|[from] ability: Poison Heal
|-damage|p1a: Milotic|74/100 tox|[from] psn
|upkeep
|turn|19
|
|t:|1779568851
|move|p2a: Gliscor|Protect|p2a: Gliscor
|-singleturn|p2a: Gliscor|Protect
|move|p1a: Milotic|Blizzard|p2a: Gliscor
|-activate|p2a: Gliscor|move: Protect
|
|-heal|p1a: Milotic|80/100 tox|[from] item: Leftovers
|-heal|p2a: Gliscor|100/100 tox|[from] ability: Poison Heal
|-damage|p1a: Milotic|56/100 tox|[from] psn
|upkeep
|turn|20
|
|t:|1779568860
|move|p2a: Gliscor|Substitute|p2a: Gliscor
|-fail|p2a: Gliscor|move: Substitute
|move|p1a: Milotic|Blizzard|p2a: Gliscor
|-resisted|p2a: Gliscor
|-activate|p2a: Gliscor|move: Substitute|[damage]
|
|-heal|p1a: Milotic|62/100 tox|[from] item: Leftovers
|-damage|p1a: Milotic|31/100 tox|[from] psn
|upkeep
|turn|21
|
|t:|1779568870
|switch|p1a: Metagross|Metagross, shiny|84/100 par
|-damage|p1a: Metagross|78/100 par|[from] Stealth Rock
|move|p2a: Gliscor|Protect||[still]
|-fail|p2a: Gliscor
|
|upkeep
|turn|22
|
|t:|1779568877
|move|p2a: Gliscor|Earthquake|p1a: Metagross
|-supereffective|p1a: Metagross
|-damage|p1a: Metagross|24/100 par
|move|p1a: Metagross|Meteor Mash|p2a: Gliscor
|-resisted|p2a: Gliscor
|-end|p2a: Gliscor|Substitute
|-boost|p1a: Metagross|atk|1
|
|upkeep
|turn|23
|
|t:|1779568886
|move|p2a: Gliscor|Substitute|p2a: Gliscor
|-start|p2a: Gliscor|Substitute
|-damage|p2a: Gliscor|75/100 tox
|cant|p1a: Metagross|par
|
|-heal|p2a: Gliscor|88/100 tox|[from] ability: Poison Heal
|upkeep
|turn|24
|
|t:|1779568893
|move|p2a: Gliscor|Earthquake|p1a: Metagross
|-supereffective|p1a: Metagross
|-damage|p1a: Metagross|0 fnt
|faint|p1a: Metagross
|
|-heal|p2a: Gliscor|100/100 tox|[from] ability: Poison Heal
|upkeep
|
|t:|1779568897
|switch|p1a: Wyrdeer|Wyrdeer, M, shiny|100/100
|-damage|p1a: Wyrdeer|88/100|[from] Stealth Rock
|turn|25
|
|t:|1779568910
|move|p2a: Gliscor|Toxic|p1a: Wyrdeer
|-status|p1a: Wyrdeer|tox
|move|p1a: Wyrdeer|Double-Edge|p2a: Gliscor
|-end|p2a: Gliscor|Substitute
|-damage|p1a: Wyrdeer|81/100 tox|[from] Recoil|[of] p2a: Gliscor
|
|-damage|p1a: Wyrdeer|75/100 tox|[from] psn
|upkeep
|turn|26
|inactive|WePokemon151 has 120 seconds left.
|l|‽WePokemon151
|inactive|WePokemon151 disconnected and has a minute to reconnect!
|player|p1|
|inactive|WePokemon151 has 30 seconds to reconnect!
|inactive|WePokemon151 has 20 seconds to reconnect!
|inactive|WePokemon151 has 15 seconds to reconnect!
|inactive|WePokemon151 has 10 seconds to reconnect!
|inactive|WePokemon151 has 5 seconds to reconnect!
|-message|WePokemon151 lost due to inactivity.
|
|win|Jota_Gandra
|raw|WePokemon151's rating: 1079 &rarr; <strong>1060</strong><br />(-19 for losing)
|raw|Jota_Gandra's rating: 1123 &rarr; <strong>1145</strong><br />(+22 for winning)
|l|☆Jota_Gandra
|player|p2|
