|j|☆hattybatty304
|j|☆SgtBrick14
|t:|1779560802
|gametype|singles
|player|p1|hattybatty304|swimmerf|1419
|player|p2|SgtBrick14|pokemonranger|1407
|gen|9
|tier|[Gen 9] OU
|rated|
|rule|HP Percentage Mod: HP is shown in percentages
|rule|Endless Battle Clause: Forcing endless battles is banned
|rule|Species Clause: Limit one of each Pokémon
|rule|OHKO Clause: OHKO moves are banned
|rule|Evasion Items Clause: Evasion items are banned
|rule|Evasion Moves Clause: Evasion moves are banned
|rule|Evasion Abilities Clause: Evasion abilities are banned
|rule|Sleep Moves Clause: Sleep-inducing moves are banned
|clearpoke
|poke|p1|Hatterene, F|
|poke|p1|Meowscarada, F|
|poke|p1|Primarina, F|
|poke|p1|Pecharunt|
|poke|p1|Cinderace, F|
|poke|p1|Minior|
|poke|p2|Lucario, M|
|poke|p2|Greninja-*, M|
|poke|p2|Pelipper, M|
|poke|p2|Gengar, F|
|poke|p2|Cloyster, F|
|poke|p2|Froslass, F|
|teampreview
|inactive|Battle timer is ON: inactive players will automatically lose when time's up. (requested by hattybatty304)
|inactive|SgtBrick14 has 120 seconds left.
|
|t:|1779560840
|teamsize|p1|6
|teamsize|p2|6
|start
|switch|p1a: WWakeRBoltCringe|Hatterene, F|100/100
|switch|p2a: Cloyster|Cloyster, F|100/100
|turn|1
|
|t:|1779560849
|move|p2a: Cloyster|Shell Smash|p2a: Cloyster
|-unboost|p2a: Cloyster|def|1
|-unboost|p2a: Cloyster|spd|1
|-boost|p2a: Cloyster|atk|2
|-boost|p2a: Cloyster|spa|2
|-boost|p2a: Cloyster|spe|2
|move|p1a: WWakeRBoltCringe|Nuzzle|p2a: Cloyster
|-supereffective|p2a: Cloyster
|-damage|p2a: Cloyster|90/100
|-status|p2a: Cloyster|par
|
|upkeep
|turn|2
|
|t:|1779560856
|cant|p2a: Cloyster|par
|move|p1a: WWakeRBoltCringe|Draining Kiss|p2a: Cloyster
|-damage|p2a: Cloyster|7/100 par
|
|upkeep
|turn|3
|
|t:|1779560870
|move|p2a: Cloyster|Icicle Spear|p1a: WWakeRBoltCringe
|-damage|p1a: WWakeRBoltCringe|75/100
|-damage|p1a: WWakeRBoltCringe|49/100
|-damage|p1a: WWakeRBoltCringe|23/100
|-crit|p1a: WWakeRBoltCringe
|-damage|p1a: WWakeRBoltCringe|0 fnt
|faint|p1a: WWakeRBoltCringe
|-hitcount|p1: WWakeRBoltCringe|4
|
|upkeep
|
|t:|1779560876
|switch|p1a: Lm10|Cinderace, F|100/100
|turn|4
|
|t:|1779560879
|move|p1a: Lm10|Sucker Punch|p2a: Cloyster
|-start|p1a: Lm10|typechange|Dark|[from] ability: Libero
|-damage|p2a: Cloyster|0 fnt
|faint|p2a: Cloyster
|
|upkeep
|
|t:|1779560883
|switch|p2a: Froslass|Froslass, F|100/100
|turn|5
|
|t:|1779560890
|move|p1a: Lm10|Pyro Ball|p2a: Froslass|[miss]
|-miss|p1a: Lm10|p2a: Froslass
|move|p2a: Froslass|Thunder Wave|p1a: Lm10
|-status|p1a: Lm10|par
|
|upkeep
|turn|6
|
|t:|1779560893
|move|p2a: Froslass|Spikes|p1a: Lm10
|-sidestart|p1: hattybatty304|Spikes
|cant|p1a: Lm10|par
|
|upkeep
|turn|7
|
|t:|1779560896
|move|p2a: Froslass|Taunt|p1a: Lm10
|-start|p1a: Lm10|move: Taunt
|move|p1a: Lm10|Pyro Ball|p2a: Froslass
|-supereffective|p2a: Froslass
|-damage|p2a: Froslass|6/100
|-status|p2a: Froslass|brn
|-start|p1a: Lm10|Disable|Pyro Ball|[from] ability: Cursed Body|[of] p2a: Froslass
|
|-damage|p2a: Froslass|0 fnt|[from] brn
|faint|p2a: Froslass
|upkeep
|
|t:|1779560906
|switch|p2a: Gengar|Gengar, F|100/100
|turn|8
|
|t:|1779560909
|cant|p1a: Lm10|par
|move|p2a: Gengar|Sludge Wave|p1a: Lm10
|-damage|p1a: Lm10|27/100 par
|
|upkeep
|turn|9
|
|t:|1779560913
|cant|p1a: Lm10|par
|move|p2a: Gengar|Sludge Wave|p1a: Lm10
|-damage|p1a: Lm10|0 fnt
|faint|p1a: Lm10
|
|upkeep
|
|t:|1779560920
|switch|p1a: TakeYoMan|Meowscarada, F|100/100
|-damage|p1a: TakeYoMan|88/100|[from] Spikes
|turn|10
|
|t:|1779560923
|move|p1a: TakeYoMan|Knock Off|p2a: Gengar
|-start|p1a: TakeYoMan|typechange|Dark|[from] ability: Protean
|-supereffective|p2a: Gengar
|-enditem|p2a: Gengar|Focus Sash
|-damage|p2a: Gengar|1/100
|-start|p1a: TakeYoMan|Disable|Knock Off|[from] ability: Cursed Body|[of] p2a: Gengar
|move|p2a: Gengar|Sludge Wave|p1a: TakeYoMan
|-damage|p1a: TakeYoMan|6/100
|
|upkeep
|turn|11
|
|t:|1779560934
|switch|p1a: gambitDNiteCringe|Pecharunt|100/100
|-damage|p1a: gambitDNiteCringe|88/100|[from] Spikes
|move|p2a: Gengar|Shadow Ball|p1a: gambitDNiteCringe
|-supereffective|p1a: gambitDNiteCringe
|-damage|p1a: gambitDNiteCringe|0 fnt
|faint|p1a: gambitDNiteCringe
|
|upkeep
|
|t:|1779560939
|switch|p1a: TakeYoMan|Meowscarada, F|6/100
|-damage|p1a: TakeYoMan|0 fnt|[from] Spikes
|faint|p1a: TakeYoMan
|
|t:|1779560945
|switch|p1a: Rapunzil|Primarina, F, shiny|100/100
|-damage|p1a: Rapunzil|88/100|[from] Spikes
|turn|12
|
|t:|1779560950
|move|p2a: Gengar|Destiny Bond|p2a: Gengar
|-singlemove|p2a: Gengar|Destiny Bond
|move|p1a: Rapunzil|Psychic Noise|p2a: Gengar
|-crit|p2a: Gengar
|-damage|p2a: Gengar|0 fnt
|faint|p2a: Gengar
|-activate|p2a: Gengar|move: Destiny Bond
|faint|p1a: Rapunzil
|
|upkeep
|
|t:|1779560959
|switch|p2a: Pelipper|Pelipper, M|100/100
|switch|p1a: venture|Minior, shiny|100/100
|-weather|RainDance|[from] ability: Drizzle|[of] p2a: Pelipper
|-formechange|p1a: venture|Minior-Meteor||[from] ability: Shields Down
|turn|13
|
|t:|1779560963
|move|p1a: venture|Shell Smash|p1a: venture
|-unboost|p1a: venture|def|1
|-unboost|p1a: venture|spd|1
|-boost|p1a: venture|atk|2
|-boost|p1a: venture|spa|2
|-boost|p1a: venture|spe|2
|-enditem|p1a: venture|White Herb
|-clearnegativeboost|p1a: venture|[silent]
|move|p2a: Pelipper|Icy Wind|p1a: venture
|-supereffective|p1a: venture
|-damage|p1a: venture|59/100
|-unboost|p1a: venture|spe|1
|
|-weather|RainDance|[upkeep]
|upkeep
|turn|14
|
|t:|1779560970
|move|p1a: venture|Shell Smash|p1a: venture
|-unboost|p1a: venture|def|1
|-unboost|p1a: venture|spd|1
|-boost|p1a: venture|atk|2
|-boost|p1a: venture|spa|2
|-boost|p1a: venture|spe|2
|move|p2a: Pelipper|Icy Wind|p1a: venture
|-supereffective|p1a: venture
|-damage|p1a: venture|0 fnt
|faint|p1a: venture
|
|win|SgtBrick14
|raw|hattybatty304's rating: 1419 &rarr; <strong>1398</strong><br />(-21 for losing)
|raw|SgtBrick14's rating: 1407 &rarr; <strong>1428</strong><br />(+21 for winning)
|l|☆hattybatty304
|player|p1|
