|j|‽acerrillo6970
|j|☆PokemonTrainerLYT
|t:|1779696938
|gametype|singles
|player|p1|acerrillo6970|2|1325
|player|p2|PokemonTrainerLYT|170|1426
|gen|9
|tier|[Gen 9] OU
|rated|
|rule|HP Percentage Mod: HP is shown in percentages
|rule|Endless Battle Clause: Forcing endless battles is banned
|rule|Species Clause: Limit one of each Pokémon
|rule|OHKO Clause: OHKO moves are banned
|rule|Evasion Items Clause: Evasion items are banned
|rule|Evasion Moves Clause: Evasion moves are banned
|rule|Evasion Abilities Clause: Evasion abilities are banned
|rule|Sleep Moves Clause: Sleep-inducing moves are banned
|clearpoke
|poke|p1|Flamigo, F|
|poke|p1|Tentacruel, M|
|poke|p1|Meowscarada, M|
|poke|p1|Comfey, M|
|poke|p1|Cramorant, F|
|poke|p1|Lokix, M|
|poke|p2|Pelipper, F|
|poke|p2|Basculegion, M|
|poke|p2|Kingdra, F|
|poke|p2|Raging Bolt|
|poke|p2|Iron Treads|
|poke|p2|Kingambit, F|
|teampreview
|inactive|Battle timer is ON: inactive players will automatically lose when time's up. (requested by PokemonTrainerLYT)
|
|t:|1779696966
|teamsize|p1|6
|teamsize|p2|6
|start
|switch|p1a: Comfey|Comfey, M|100/100
|switch|p2a: Pelipper|Pelipper, F, shiny|100/100
|-weather|RainDance|[from] ability: Drizzle|[of] p2a: Pelipper
|turn|1
|
|t:|1779696968
|move|p1a: Comfey|Calm Mind|p1a: Comfey
|-boost|p1a: Comfey|spa|1
|-boost|p1a: Comfey|spd|1
|move|p2a: Pelipper|Knock Off|p1a: Comfey
|-resisted|p1a: Comfey
|-damage|p1a: Comfey|93/100
|-enditem|p1a: Comfey|Fairy Feather|[from] move: Knock Off|[of] p2a: Pelipper
|
|-weather|RainDance|[upkeep]
|upkeep
|turn|2
|
|t:|1779696980
|move|p1a: Comfey|Calm Mind|p1a: Comfey
|-boost|p1a: Comfey|spa|1
|-boost|p1a: Comfey|spd|1
|move|p2a: Pelipper|U-turn|p1a: Comfey
|-resisted|p1a: Comfey
|-damage|p1a: Comfey|88/100
|
|t:|1779696986
|switch|p2a: Basculegion|Basculegion, M, shiny|100/100|[from] U-turn
|
|-weather|RainDance|[upkeep]
|upkeep
|turn|3
|
|t:|1779696991
|move|p1a: Comfey|Giga Drain|p2a: Basculegion
|-supereffective|p2a: Basculegion
|-damage|p2a: Basculegion|7/100
|-heal|p1a: Comfey|100/100|[from] drain|[of] p2a: Basculegion
|move|p2a: Basculegion|Wave Crash|p1a: Comfey
|-damage|p1a: Comfey|0 fnt
|faint|p1a: Comfey
|-damage|p2a: Basculegion|0 fnt|[from] Recoil
|faint|p2a: Basculegion
|
|-weather|RainDance|[upkeep]
|upkeep
|
|t:|1779697001
|switch|p2a: Kingdra|Kingdra, F, shiny|100/100
|switch|p1a: Tentacruel|Tentacruel, M|100/100
|turn|4
|
|t:|1779697008
|move|p2a: Kingdra|Hurricane|p1a: Tentacruel
|-damage|p1a: Tentacruel|61/100
|-damage|p2a: Kingdra|91/100|[from] item: Life Orb
|move|p1a: Tentacruel|Toxic|p2a: Kingdra
|-status|p2a: Kingdra|tox
|
|-weather|RainDance|[upkeep]
|-heal|p1a: Tentacruel|67/100|[from] item: Black Sludge
|-damage|p2a: Kingdra|84/100 tox|[from] psn
|upkeep
|turn|5
|
|t:|1779697021
|switch|p2a: Kingambit|Kingambit, F, shiny|100/100
|-activate|p2a: Kingambit|ability: Supreme Overlord
|-start|p2a: Kingambit|fallen1|[silent]
|move|p1a: Tentacruel|Sludge Wave|p2a: Kingambit
|-immune|p2a: Kingambit
|
|-weather|RainDance|[upkeep]
|-heal|p1a: Tentacruel|73/100|[from] item: Black Sludge
|upkeep
|turn|6
|
|t:|1779697031
|move|p1a: Tentacruel|Surf|p2a: Kingambit
|-damage|p2a: Kingambit|51/100
|move|p2a: Kingambit|Kowtow Cleave|p1a: Tentacruel
|-damage|p1a: Tentacruel|14/100
|
|-weather|RainDance|[upkeep]
|-heal|p1a: Tentacruel|20/100|[from] item: Black Sludge
|-heal|p2a: Kingambit|57/100|[from] item: Leftovers
|upkeep
|turn|7
|
|t:|1779697042
|move|p2a: Kingambit|Sucker Punch|p1a: Tentacruel
|-damage|p1a: Tentacruel|0 fnt
|faint|p1a: Tentacruel
|
|-weather|RainDance|[upkeep]
|-heal|p2a: Kingambit|63/100|[from] item: Leftovers
|upkeep
|
|t:|1779697058
|switch|p1a: Flamigo|Flamigo, F|100/100
|turn|8
|
|t:|1779697064
|-end|p2a: Kingambit|fallen1|[silent]
|switch|p2a: Pelipper|Pelipper, F, shiny|100/100
|move|p1a: Flamigo|Close Combat|p2a: Pelipper
|-resisted|p2a: Pelipper
|-damage|p2a: Pelipper|80/100
|-unboost|p1a: Flamigo|def|1
|-unboost|p1a: Flamigo|spd|1
|
|-weather|none
|upkeep
|turn|9
|
|t:|1779697070
|switch|p1a: Cramorant|Cramorant, F|100/100
|move|p2a: Pelipper|Hurricane|p1a: Cramorant
|-damage|p1a: Cramorant|58/100
|-start|p1a: Cramorant|confusion
|
|-heal|p1a: Cramorant|64/100|[from] item: Leftovers
|upkeep
|turn|10
|
|t:|1779697077
|-activate|p1a: Cramorant|confusion
|move|p1a: Cramorant|Surf|p2a: Pelipper
|-formechange|p1a: Cramorant|Cramorant-Gulping|
|-resisted|p2a: Pelipper
|-damage|p2a: Pelipper|59/100
|move|p2a: Pelipper|Knock Off|p1a: Cramorant
|-damage|p1a: Cramorant|49/100
|-damage|p2a: Pelipper|35/100|[from] ability: Gulp Missile|[of] p1a: Cramorant
|-unboost|p2a: Pelipper|def|1
|-formechange|p1a: Cramorant|Cramorant|
|-enditem|p1a: Cramorant|Leftovers|[from] move: Knock Off|[of] p2a: Pelipper
|
|upkeep
|turn|11
|
|t:|1779697088
|-activate|p1a: Cramorant|confusion
|move|p1a: Cramorant|Surf|p2a: Pelipper
|-formechange|p1a: Cramorant|Cramorant-Gorging|
|-resisted|p2a: Pelipper
|-damage|p2a: Pelipper|16/100
|move|p2a: Pelipper|U-turn|p1a: Cramorant
|-resisted|p1a: Cramorant
|-crit|p1a: Cramorant
|-damage|p1a: Cramorant|40/100
|-damage|p2a: Pelipper|0 fnt|[from] ability: Gulp Missile|[of] p1a: Cramorant
|-formechange|p1a: Cramorant|Cramorant|
|faint|p2a: Pelipper
|
|upkeep
|
|t:|1779697101
|switch|p2a: Kingdra|Kingdra, F, shiny|84/100 tox
|turn|12
|
|t:|1779697103
|-activate|p1a: Cramorant|confusion
|move|p1a: Cramorant|Surf|p2a: Kingdra
|-formechange|p1a: Cramorant|Cramorant-Gorging|
|-resisted|p2a: Kingdra
|-damage|p2a: Kingdra|77/100 tox
|move|p2a: Kingdra|Rain Dance|p2a: Kingdra
|-weather|RainDance
|
|-weather|RainDance|[upkeep]
|-damage|p2a: Kingdra|71/100 tox|[from] psn
|upkeep
|turn|13
|
|t:|1779697114
|move|p2a: Kingdra|Hurricane|p1a: Cramorant
|-damage|p1a: Cramorant|0 fnt
|-damage|p2a: Kingdra|46/100 tox|[from] ability: Gulp Missile|[of] p1a: Cramorant
|-formechange|p1a: Cramorant|Cramorant|
|faint|p1a: Cramorant
|-damage|p2a: Kingdra|36/100 tox|[from] item: Life Orb
|
|-weather|RainDance|[upkeep]
|-damage|p2a: Kingdra|24/100 tox|[from] psn
|upkeep
|
|t:|1779697121
|switch|p1a: Lokix|Lokix, M|100/100
|turn|14
|
|t:|1779697127
|move|p1a: Lokix|First Impression|p2a: Kingdra
|-damage|p2a: Kingdra|0 fnt
|faint|p2a: Kingdra
|-damage|p1a: Lokix|91/100|[from] item: Life Orb
|
|-weather|RainDance|[upkeep]
|upkeep
|
|t:|1779697131
|switch|p2a: Raging Bolt|Raging Bolt|100/100
|turn|15
|
|t:|1779697141
|switch|p1a: Meowscarada|Meowscarada, M|100/100
|move|p2a: Raging Bolt|Draco Meteor|p1a: Meowscarada
|-damage|p1a: Meowscarada|0 fnt
|-unboost|p2a: Raging Bolt|spa|2
|faint|p1a: Meowscarada
|
|-weather|RainDance|[upkeep]
|upkeep
|
|t:|1779697144
|switch|p1a: Lokix|Lokix, M|91/100
|turn|16
|
|t:|1779697151
|-end|p2a: Raging Bolt|Protosynthesis|[silent]
|switch|p2a: Kingambit|Kingambit, F, shiny|63/100
|-activate|p2a: Kingambit|ability: Supreme Overlord
|-start|p2a: Kingambit|fallen3|[silent]
|-terastallize|p1a: Lokix|Bug
|move|p1a: Lokix|First Impression|p2a: Kingambit
|-damage|p2a: Kingambit|3/100
|-damage|p1a: Lokix|81/100|[from] item: Life Orb
|
|-weather|none
|-heal|p2a: Kingambit|9/100|[from] item: Leftovers
|upkeep
|turn|17
|
|t:|1779697166
|move|p1a: Lokix|Sucker Punch|p2a: Kingambit
|-resisted|p2a: Kingambit
|-damage|p2a: Kingambit|0 fnt
|faint|p2a: Kingambit
|-end|p2a: Kingambit|fallen3|[silent]
|-damage|p1a: Lokix|71/100|[from] item: Life Orb
|
|upkeep
|
|t:|1779697174
|switch|p2a: Iron Treads|Iron Treads, shiny|100/100
|turn|18
|
|t:|1779697181
|move|p2a: Iron Treads|Stealth Rock|p1a: Lokix
|-sidestart|p1: acerrillo6970|move: Stealth Rock
|move|p1a: Lokix|Leech Life|p2a: Iron Treads
|-resisted|p2a: Iron Treads
|-damage|p2a: Iron Treads|47/100
|-heal|p1a: Lokix|100/100|[from] drain|[of] p2a: Iron Treads
|-damage|p1a: Lokix|91/100|[from] item: Life Orb
|
|-heal|p2a: Iron Treads|54/100|[from] item: Leftovers
|upkeep
|turn|19
|
|t:|1779697187
|move|p2a: Iron Treads|Knock Off|p1a: Lokix
|-damage|p1a: Lokix|52/100
|-enditem|p1a: Lokix|Life Orb|[from] move: Knock Off|[of] p2a: Iron Treads
|move|p1a: Lokix|Leech Life|p2a: Iron Treads
|-resisted|p2a: Iron Treads
|-damage|p2a: Iron Treads|16/100
|-heal|p1a: Lokix|78/100|[from] drain|[of] p2a: Iron Treads
|
|-heal|p2a: Iron Treads|22/100|[from] item: Leftovers
|upkeep
|turn|20
|
|t:|1779697196
|move|p2a: Iron Treads|Ice Spinner|p1a: Lokix
|-damage|p1a: Lokix|48/100
|move|p1a: Lokix|Leech Life|p2a: Iron Treads
|-resisted|p2a: Iron Treads
|-damage|p2a: Iron Treads|0 fnt
|-heal|p1a: Lokix|63/100|[from] drain|[of] p2a: Iron Treads
|faint|p2a: Iron Treads
|-end|p2a: Iron Treads|Quark Drive|[silent]
|
|upkeep
|
|t:|1779697202
|switch|p2a: Raging Bolt|Raging Bolt|100/100
|turn|21
|
|t:|1779697208
|move|p1a: Lokix|Knock Off|p2a: Raging Bolt
|-damage|p2a: Raging Bolt|58/100
|-enditem|p2a: Raging Bolt|Assault Vest|[from] move: Knock Off|[of] p1a: Lokix
|move|p2a: Raging Bolt|Thunder|p1a: Lokix
|-crit|p1a: Lokix
|-damage|p1a: Lokix|0 fnt
|faint|p1a: Lokix
|
|upkeep
|
|t:|1779697215
|switch|p1a: Flamigo|Flamigo, F|100/100
|-damage|p1a: Flamigo|88/100|[from] Stealth Rock
|turn|22
|
|t:|1779697220
|move|p1a: Flamigo|Brave Bird|p2a: Raging Bolt
|-resisted|p2a: Raging Bolt
|-damage|p2a: Raging Bolt|31/100
|-damage|p1a: Flamigo|76/100|[from] Recoil
|move|p2a: Raging Bolt|Thunder|p1a: Flamigo
|-supereffective|p1a: Flamigo
|-damage|p1a: Flamigo|0 fnt
|faint|p1a: Flamigo
|
|win|PokemonTrainerLYT
|raw|acerrillo6970's rating: 1325 &rarr; <strong>1311</strong><br />(-14 for losing)
|raw|PokemonTrainerLYT's rating: 1426 &rarr; <strong>1440</strong><br />(+14 for winning)
|l|‽acerrillo6970
|player|p1|
|l|☆PokemonTrainerLYT
|player|p2|
