|j|☆ur doggo
|j|☆Naro51
|t:|1779621754
|gametype|singles
|player|p1|ur doggo|101|1510
|player|p2|Naro51|170|1446
|gen|9
|tier|[Gen 9] OU
|rated|
|rule|HP Percentage Mod: HP is shown in percentages
|rule|Endless Battle Clause: Forcing endless battles is banned
|rule|Species Clause: Limit one of each Pokémon
|rule|OHKO Clause: OHKO moves are banned
|rule|Evasion Items Clause: Evasion items are banned
|rule|Evasion Moves Clause: Evasion moves are banned
|rule|Evasion Abilities Clause: Evasion abilities are banned
|rule|Sleep Moves Clause: Sleep-inducing moves are banned
|clearpoke
|poke|p1|Ninetales, F|
|poke|p1|Walking Wake|
|poke|p1|Great Tusk|
|poke|p1|Hatterene, F|
|poke|p1|Typhlosion-Hisui, F|
|poke|p1|Slither Wing|
|poke|p2|Glimmora, M|
|poke|p2|Rillaboom, M|
|poke|p2|Hatterene, F|
|poke|p2|Primarina, F|
|poke|p2|Hawlucha, M|
|poke|p2|Kingambit, M|
|teampreview
|j| NK5fr
|inactive|Battle timer is ON: inactive players will automatically lose when time's up. (requested by Naro51)
|
|t:|1779621779
|teamsize|p1|6
|teamsize|p2|6
|start
|switch|p1a: Jesus|Walking Wake|100/100
|switch|p2a: Glimmora|Glimmora, M|100/100
|turn|1
|
|t:|1779621783
|move|p1a: Jesus|Hydro Steam|p2a: Glimmora
|-supereffective|p2a: Glimmora
|-enditem|p2a: Glimmora|Focus Sash
|-damage|p2a: Glimmora|1/100
|move|p2a: Glimmora|Power Gem|p1a: Jesus
|-damage|p1a: Jesus|48/100
|
|upkeep
|turn|2
|
|t:|1779621791
|switch|p2a: Rillaboom|Rillaboom, M|100/100
|-fieldstart|move: Grassy Terrain|[from] ability: Grassy Surge|[of] p2a: Rillaboom
|move|p1a: Jesus|Hydro Steam|p2a: Rillaboom
|-resisted|p2a: Rillaboom
|-damage|p2a: Rillaboom|76/100
|
|-heal|p1a: Jesus|54/100|[from] Grassy Terrain
|-heal|p2a: Rillaboom|83/100|[from] Grassy Terrain
|upkeep
|turn|3
|
|t:|1779621800
|-end|p1a: Jesus|Protosynthesis|[silent]
|switch|p1a: Ninetales|Ninetales, F|100/100
|-weather|SunnyDay|[from] ability: Drought|[of] p1a: Ninetales
|move|p2a: Rillaboom|Knock Off|p1a: Ninetales
|-damage|p1a: Ninetales|45/100
|-enditem|p1a: Ninetales|Heat Rock|[from] move: Knock Off|[of] p2a: Rillaboom
|
|-weather|SunnyDay|[upkeep]
|-heal|p1a: Ninetales|51/100|[from] Grassy Terrain
|-heal|p2a: Rillaboom|89/100|[from] Grassy Terrain
|upkeep
|turn|4
|
|t:|1779621808
|switch|p2a: Glimmora|Glimmora, M|1/100
|move|p1a: Ninetales|Overheat|p2a: Glimmora
|-resisted|p2a: Glimmora
|-damage|p2a: Glimmora|0 fnt
|-unboost|p1a: Ninetales|spa|2
|faint|p2a: Glimmora
|
|-weather|SunnyDay|[upkeep]
|-heal|p1a: Ninetales|57/100|[from] Grassy Terrain
|upkeep
|
|t:|1779621819
|switch|p2a: Hatterene|Hatterene, F|100/100
|-enditem|p2a: Hatterene|Grassy Seed
|-boost|p2a: Hatterene|def|1|[from] item: Grassy Seed
|turn|5
|
|t:|1779621825
|switch|p1a: Hatterene|Hatterene, F|100/100
|move|p2a: Hatterene|Calm Mind|p2a: Hatterene
|-boost|p2a: Hatterene|spa|1
|-boost|p2a: Hatterene|spd|1
|
|-weather|SunnyDay|[upkeep]
|upkeep
|turn|6
|
|t:|1779621831
|move|p2a: Hatterene|Calm Mind|p2a: Hatterene
|-boost|p2a: Hatterene|spa|1
|-boost|p2a: Hatterene|spd|1
|move|p1a: Hatterene|Nuzzle|p2a: Hatterene
|-crit|p2a: Hatterene
|-damage|p2a: Hatterene|95/100
|-status|p2a: Hatterene|par
|
|-weather|SunnyDay|[upkeep]
|-heal|p2a: Hatterene|100/100 par|[from] Grassy Terrain
|upkeep
|turn|7
|
|t:|1779621839
|move|p1a: Hatterene|Psychic Noise|p2a: Hatterene
|-resisted|p2a: Hatterene
|-damage|p2a: Hatterene|91/100 par
|-start|p2a: Hatterene|move: Heal Block
|move|p2a: Hatterene|Calm Mind|p2a: Hatterene
|-boost|p2a: Hatterene|spa|1
|-boost|p2a: Hatterene|spd|1
|
|-weather|SunnyDay|[upkeep]
|upkeep
|turn|8
|
|t:|1779621847
|switch|p1a: Slither Wing|Slither Wing|100/100
|-activate|p1a: Slither Wing|ability: Protosynthesis
|-start|p1a: Slither Wing|protosynthesisatk
|move|p2a: Hatterene|Mystical Fire|p1a: Slither Wing
|-supereffective|p1a: Slither Wing
|-damage|p1a: Slither Wing|0 fnt
|faint|p1a: Slither Wing
|-end|p1a: Slither Wing|Protosynthesis|[silent]
|
|-weather|SunnyDay|[upkeep]
|-end|p2a: Hatterene|move: Heal Block
|upkeep
|
|t:|1779621855
|switch|p1a: high|Typhlosion-Hisui, F|100/100
|turn|9
|
|t:|1779621858
|-terastallize|p1a: high|Fire
|move|p1a: high|Eruption|p2a: Hatterene
|-crit|p2a: Hatterene
|-damage|p2a: Hatterene|0 fnt
|faint|p2a: Hatterene
|
|-weather|SunnyDay|[upkeep]
|-fieldend|move: Grassy Terrain
|upkeep
|
|t:|1779621873
|switch|p2a: Primarina|Primarina, F|100/100
|turn|10
|
|t:|1779621878
|move|p1a: high|Eruption|p2a: Primarina
|-resisted|p2a: Primarina
|-damage|p2a: Primarina|0 fnt
|faint|p2a: Primarina
|
|-weather|none
|upkeep
|
|t:|1779621897
|switch|p2a: Rillaboom|Rillaboom, M|89/100
|-fieldstart|move: Grassy Terrain|[from] ability: Grassy Surge|[of] p2a: Rillaboom
|turn|11
|
|t:|1779621901
|move|p1a: high|Eruption|p2a: Rillaboom
|-supereffective|p2a: Rillaboom
|-damage|p2a: Rillaboom|0 fnt
|faint|p2a: Rillaboom
|
|upkeep
|
|t:|1779621908
|switch|p2a: Kingambit|Kingambit, M|100/100
|-activate|p2a: Kingambit|ability: Supreme Overlord
|-start|p2a: Kingambit|fallen4|[silent]
|turn|12
|
|t:|1779621914
|move|p2a: Kingambit|Sucker Punch|p1a: high
|-damage|p1a: high|0 fnt
|faint|p1a: high
|
|upkeep
|
|t:|1779621917
|switch|p1a: mid tusk|Great Tusk|100/100
|turn|13
|
|t:|1779621921
|move|p1a: mid tusk|Ice Spinner|p2a: Kingambit
|-resisted|p2a: Kingambit
|-damage|p2a: Kingambit|90/100
|-fieldend|move: Grassy Terrain
|move|p2a: Kingambit|Iron Head|p1a: mid tusk
|-damage|p1a: mid tusk|63/100
|
|upkeep
|turn|14
|-message|Naro51 forfeited.
|
|win|ur doggo
|raw|ur doggo's rating: 1510 &rarr; <strong>1526</strong><br />(+16 for winning)
|raw|Naro51's rating: 1446 &rarr; <strong>1430</strong><br />(-16 for losing)
|l|☆Naro51
|player|p2|
|l|☆ur doggo
|player|p1|
