|j|☆OREOOREGO
|j|☆HugsSC
|t:|1779565411
|gametype|singles
|player|p1|OREOOREGO|hilbert|1228
|player|p2|HugsSC|alder|1228
|gen|9
|tier|[Gen 9] OU
|rated|
|rule|HP Percentage Mod: HP is shown in percentages
|rule|Endless Battle Clause: Forcing endless battles is banned
|rule|Species Clause: Limit one of each Pokémon
|rule|OHKO Clause: OHKO moves are banned
|rule|Evasion Items Clause: Evasion items are banned
|rule|Evasion Moves Clause: Evasion moves are banned
|rule|Evasion Abilities Clause: Evasion abilities are banned
|rule|Sleep Moves Clause: Sleep-inducing moves are banned
|clearpoke
|poke|p1|Rotom-Heat|
|poke|p1|Whimsicott, M|
|poke|p1|Great Tusk|
|poke|p1|Landorus-Therian, M|
|poke|p1|Skarmory, F|
|poke|p1|Ogerpon-Wellspring, F|
|poke|p2|Wo-Chien|
|poke|p2|Landorus-Therian, M|
|poke|p2|Heatran, F|
|poke|p2|Alomomola, F|
|poke|p2|Mimikyu, F|
|poke|p2|Corviknight, M|
|teampreview
|inactive|Battle timer is ON: inactive players will automatically lose when time's up. (requested by HugsSC)
|
|t:|1779565425
|teamsize|p1|6
|teamsize|p2|6
|start
|switch|p1a: Landorus|Landorus-Therian, M|100/100
|switch|p2a: Yung Slug|Wo-Chien|100/100
|-ability|p1a: Landorus|Intimidate|boost
|-unboost|p2a: Yung Slug|atk|1
|-ability|p2a: Yung Slug|Tablets of Ruin
|turn|1
|
|t:|1779565440
|switch|p2a: B-2 Bomber|Corviknight, M|100/100
|-ability|p2a: B-2 Bomber|Pressure
|move|p1a: Landorus|U-turn|p2a: B-2 Bomber
|-resisted|p2a: B-2 Bomber
|-damage|p2a: B-2 Bomber|93/100
|
|t:|1779565452
|switch|p1a: Skarmory|Skarmory, F, shiny|100/100|[from] U-turn
|
|upkeep
|turn|2
|
|t:|1779565463
|switch|p2a: Larry Bird|Landorus-Therian, M|100/100
|-ability|p2a: Larry Bird|Intimidate|boost
|-unboost|p1a: Skarmory|atk|1
|move|p1a: Skarmory|Stealth Rock|p2a: Larry Bird
|-sidestart|p2: HugsSC|move: Stealth Rock
|
|upkeep
|turn|3
|
|t:|1779565484
|move|p2a: Larry Bird|Taunt|p1a: Skarmory
|-start|p1a: Skarmory|move: Taunt
|move|p1a: Skarmory|Body Press|p2a: Larry Bird
|-resisted|p2a: Larry Bird
|-damage|p2a: Larry Bird|81/100
|-damage|p1a: Skarmory|84/100|[from] item: Rocky Helmet|[of] p2a: Larry Bird
|
|upkeep
|turn|4
|
|t:|1779565491
|switch|p1a: Whimsicott|Whimsicott, M|100/100
|move|p2a: Larry Bird|U-turn|p1a: Whimsicott
|-damage|p1a: Whimsicott|60/100
|
|t:|1779565501
|switch|p2a: B-2 Bomber|Corviknight, M|93/100|[from] U-turn
|-ability|p2a: B-2 Bomber|Pressure
|
|upkeep
|turn|5
|
|t:|1779565506
|switch|p1a: Rotom|Rotom-Heat|100/100
|move|p2a: B-2 Bomber|Brave Bird|p1a: Rotom
|-resisted|p1a: Rotom
|-damage|p1a: Rotom|78/100
|-damage|p2a: B-2 Bomber|88/100|[from] Recoil
|
|upkeep
|turn|6
|
|t:|1779565515
|move|p1a: Rotom|Night Shade|p2a: B-2 Bomber
|-damage|p2a: B-2 Bomber|58/100
|move|p2a: B-2 Bomber|Defog|p1a: Rotom
|-unboost|p1a: Rotom|evasion|1
|-sideend|p2: HugsSC|Stealth Rock|[from] move: Defog|[of] p2a: B-2 Bomber
|
|upkeep
|turn|7
|
|t:|1779565521
|switch|p2a: King of Miami|Heatran, F|100/100
|-item|p2a: King of Miami|Air Balloon
|move|p1a: Rotom|Overheat|p2a: King of Miami
|-start|p2a: King of Miami|ability: Flash Fire
|
|upkeep
|turn|8
|
|t:|1779565531
|move|p1a: Rotom|Night Shade|p2a: King of Miami
|-damage|p2a: King of Miami|70/100
|-enditem|p2a: King of Miami|Air Balloon
|move|p2a: King of Miami|Stealth Rock|p1a: Rotom
|-sidestart|p1: OREOOREGO|move: Stealth Rock
|
|upkeep
|turn|9
|
|t:|1779565537
|move|p1a: Rotom|Volt Switch|p2a: King of Miami
|-damage|p2a: King of Miami|37/100
|
|t:|1779565544
|switch|p1a: Ogerpon|Ogerpon-Wellspring, F|100/100|[from] Volt Switch
|-damage|p1a: Ogerpon|88/100|[from] Stealth Rock
|move|p2a: King of Miami|Overheat|p1a: Ogerpon
|-damage|p1a: Ogerpon|0 fnt
|-unboost|p2a: King of Miami|spa|2
|faint|p1a: Ogerpon
|
|upkeep
|
|t:|1779565550
|switch|p1a: Landorus|Landorus-Therian, M|100/100
|-damage|p1a: Landorus|88/100|[from] Stealth Rock
|-ability|p1a: Landorus|Intimidate|boost
|-unboost|p2a: King of Miami|atk|1
|turn|10
|
|t:|1779565559
|-end|p2a: King of Miami|ability: Flash Fire|[silent]
|switch|p2a: Larry Bird|Landorus-Therian, M|81/100
|-ability|p2a: Larry Bird|Intimidate|boost
|-unboost|p1a: Landorus|atk|1
|move|p1a: Landorus|Stone Edge|p2a: Larry Bird
|-damage|p2a: Larry Bird|37/100
|
|upkeep
|turn|11
|
|t:|1779565566
|switch|p1a: Skarmory|Skarmory, F, shiny|84/100
|-damage|p1a: Skarmory|72/100|[from] Stealth Rock
|move|p2a: Larry Bird|U-turn|p1a: Skarmory
|-resisted|p1a: Skarmory
|-damage|p1a: Skarmory|68/100
|-damage|p2a: Larry Bird|20/100|[from] item: Rocky Helmet|[of] p1a: Skarmory
|
|t:|1779565573
|switch|p2a: King of Miami|Heatran, F|37/100|[from] U-turn
|
|upkeep
|turn|12
|
|t:|1779565578
|switch|p1a: Rotom|Rotom-Heat|78/100
|move|p2a: King of Miami|Overheat|p1a: Rotom
|-resisted|p1a: Rotom
|-damage|p1a: Rotom|30/100
|-unboost|p2a: King of Miami|spa|2
|
|upkeep
|turn|13
|
|t:|1779565587
|move|p1a: Rotom|Pain Split|p2a: King of Miami
|-sethp|p2a: King of Miami|30/100|[from] move: Pain Split|[silent]
|-sethp|p1a: Rotom|40/100|[from] move: Pain Split
|move|p2a: King of Miami|Overheat|p1a: Rotom
|-resisted|p1a: Rotom
|-damage|p1a: Rotom|16/100
|-unboost|p2a: King of Miami|spa|2
|
|upkeep
|turn|14
|
|t:|1779565597
|move|p1a: Rotom|Night Shade|p2a: King of Miami
|-damage|p2a: King of Miami|0 fnt
|faint|p2a: King of Miami
|
|upkeep
|
|t:|1779565600
|switch|p2a: Alowowowa|Alomomola, F|100/100
|turn|15
|
|t:|1779565606
|switch|p2a: Larry Bird|Landorus-Therian, M|20/100
|-ability|p2a: Larry Bird|Intimidate|boost
|-unboost|p1a: Rotom|atk|1
|move|p1a: Rotom|Pain Split|p2a: Larry Bird
|-sethp|p2a: Larry Bird|16/100|[from] move: Pain Split|[silent]
|-sethp|p1a: Rotom|21/100|[from] move: Pain Split
|
|upkeep
|turn|16
|
|t:|1779565615
|switch|p1a: Skarmory|Skarmory, F, shiny|68/100
|-damage|p1a: Skarmory|56/100|[from] Stealth Rock
|move|p2a: Larry Bird|Stone Edge|p1a: Skarmory
|-damage|p1a: Skarmory|35/100
|
|upkeep
|turn|17
|
|t:|1779565627
|switch|p2a: Alowowowa|Alomomola, F|100/100
|move|p1a: Skarmory|Body Press|p2a: Alowowowa
|-damage|p2a: Alowowowa|85/100
|
|upkeep
|turn|18
|
|t:|1779565637
|move|p1a: Skarmory|Stealth Rock|p2a: Alowowowa
|-sidestart|p2: HugsSC|move: Stealth Rock
|move|p2a: Alowowowa|Wish|p2a: Alowowowa
|
|upkeep
|turn|19
|
|t:|1779565642
|move|p2a: Alowowowa|Flip Turn|p1a: Skarmory
|-damage|p1a: Skarmory|26/100
|-damage|p2a: Alowowowa|68/100|[from] item: Rocky Helmet|[of] p1a: Skarmory
|
|t:|1779565649
|switch|p2a: B-2 Bomber|Corviknight, M|58/100|[from] Flip Turn
|-ability|p2a: B-2 Bomber|Pressure
|move|p1a: Skarmory|Whirlwind|p2a: B-2 Bomber
|drag|p2a: Wormtongue|Mimikyu, F|100/100
|-damage|p2a: Wormtongue|88/100|[from] Stealth Rock
|
|-heal|p2a: Wormtongue|100/100|[from] move: Wish|[wisher] Alowowowa
|upkeep
|turn|20
|
|t:|1779565658
|move|p2a: Wormtongue|Swords Dance|p2a: Wormtongue
|-boost|p2a: Wormtongue|atk|2
|move|p1a: Skarmory|Roost|p1a: Skarmory
|-heal|p1a: Skarmory|76/100
|-singleturn|p1a: Skarmory|move: Roost
|
|upkeep
|turn|21
|
|t:|1779565667
|move|p2a: Wormtongue|Shadow Claw|p1a: Skarmory
|-damage|p1a: Skarmory|45/100
|-damage|p2a: Wormtongue|84/100|[from] item: Rocky Helmet|[of] p1a: Skarmory
|move|p1a: Skarmory|Whirlwind|p2a: Wormtongue
|drag|p2a: B-2 Bomber|Corviknight, M|58/100
|-ability|p2a: B-2 Bomber|Pressure
|
|upkeep
|turn|22
|
|t:|1779565680
|switch|p1a: Rotom|Rotom-Heat|21/100
|move|p2a: B-2 Bomber|Defog|p1a: Rotom
|-unboost|p1a: Rotom|evasion|1
|-sideend|p1: OREOOREGO|Stealth Rock|[from] move: Defog|[of] p2a: B-2 Bomber
|-sideend|p2: HugsSC|Stealth Rock|[from] move: Defog|[of] p2a: B-2 Bomber
|
|upkeep
|turn|23
|
|t:|1779565693
|switch|p2a: Alowowowa|Alomomola, F|100/100
|move|p1a: Rotom|Pain Split|p2a: Alowowowa
|-sethp|p2a: Alowowowa|55/100|[from] move: Pain Split|[silent]
|-sethp|p1a: Rotom|100/100|[from] move: Pain Split
|
|upkeep
|turn|24
|
|t:|1779565697
|move|p1a: Rotom|Volt Switch|p2a: Alowowowa
|-supereffective|p2a: Alowowowa
|-damage|p2a: Alowowowa|0 fnt
|faint|p2a: Alowowowa
|
|t:|1779565703
|switch|p1a: Skarmory|Skarmory, F, shiny|45/100|[from] Volt Switch
|
|upkeep
|
|t:|1779565713
|switch|p2a: Yung Slug|Wo-Chien|100/100
|-ability|p2a: Yung Slug|Tablets of Ruin
|turn|25
|
|t:|1779565721
|move|p1a: Skarmory|Body Press|p2a: Yung Slug
|-supereffective|p2a: Yung Slug
|-damage|p2a: Yung Slug|59/100
|move|p2a: Yung Slug|Mean Look|p1a: Skarmory
|-activate|p1a: Skarmory|trapped
|
|-heal|p2a: Yung Slug|65/100|[from] item: Leftovers
|upkeep
|turn|26
|
|t:|1779565729
|move|p1a: Skarmory|Stealth Rock|p2a: Yung Slug
|-sidestart|p2: HugsSC|move: Stealth Rock
|move|p2a: Yung Slug|Leech Seed|p1a: Skarmory
|-start|p1a: Skarmory|move: Leech Seed
|
|-heal|p2a: Yung Slug|71/100|[from] item: Leftovers
|-damage|p1a: Skarmory|33/100|[from] Leech Seed|[of] p2a: Yung Slug
|-heal|p2a: Yung Slug|82/100|[silent]
|upkeep
|turn|27
|
|t:|1779565737
|move|p2a: Yung Slug|Protect|p2a: Yung Slug
|-singleturn|p2a: Yung Slug|Protect
|move|p1a: Skarmory|Whirlwind|p2a: Yung Slug
|drag|p2a: Wormtongue|Mimikyu, F|84/100
|-damage|p2a: Wormtongue|72/100|[from] Stealth Rock
|
|-damage|p1a: Skarmory|21/100|[from] Leech Seed|[of] p2a: Wormtongue
|-heal|p2a: Wormtongue|88/100|[silent]
|upkeep
|turn|28
|
|t:|1779565747
|switch|p1a: Great Tusk|Great Tusk|100/100
|move|p2a: Wormtongue|Swords Dance|p2a: Wormtongue
|-boost|p2a: Wormtongue|atk|2
|
|upkeep
|turn|29
|
|t:|1779565754
|-end|p1a: Great Tusk|Protosynthesis|[silent]
|switch|p1a: Skarmory|Skarmory, F, shiny|21/100
|move|p2a: Wormtongue|Play Rough|p1a: Skarmory
|-resisted|p1a: Skarmory
|-damage|p1a: Skarmory|0 fnt
|-damage|p2a: Wormtongue|72/100|[from] item: Rocky Helmet|[of] p1a: Skarmory
|faint|p1a: Skarmory
|
|upkeep
|
|t:|1779565757
|switch|p1a: Rotom|Rotom-Heat|100/100
|turn|30
|
|t:|1779565765
|move|p2a: Wormtongue|Shadow Claw|p1a: Rotom
|-damage|p1a: Rotom|28/100
|move|p1a: Rotom|Volt Switch|p2a: Wormtongue
|-activate|p2a: Wormtongue|ability: Disguise
|-damage|p2a: Wormtongue|72/100
|detailschange|p2a: Wormtongue|Mimikyu-Busted, F
|-damage|p2a: Wormtongue|59/100|[from] pokemon: Mimikyu-Busted
|-enditem|p2a: Wormtongue|Red Card|[of] p1a: Rotom
|drag|p1a: Landorus|Landorus-Therian, M|88/100
|-ability|p1a: Landorus|Intimidate|boost
|-unboost|p2a: Wormtongue|atk|1
|
|upkeep
|turn|31
|inactive|OREOOREGO has 120 seconds left.
|
|t:|1779565800
|move|p2a: Wormtongue|Play Rough|p1a: Landorus
|-damage|p1a: Landorus|25/100
|move|p1a: Landorus|Stone Edge|p2a: Wormtongue
|-damage|p2a: Wormtongue|0 fnt
|faint|p2a: Wormtongue
|
|upkeep
|
|t:|1779565806
|switch|p2a: Larry Bird|Landorus-Therian, M|16/100
|-damage|p2a: Larry Bird|4/100|[from] Stealth Rock
|-ability|p2a: Larry Bird|Intimidate|boost
|-unboost|p1a: Landorus|atk|1
|turn|32
|
|t:|1779565812
|move|p1a: Landorus|Stone Edge|p2a: Larry Bird
|-damage|p2a: Larry Bird|0 fnt
|faint|p2a: Larry Bird
|
|upkeep
|
|t:|1779565818
|switch|p2a: B-2 Bomber|Corviknight, M|58/100
|-ability|p2a: B-2 Bomber|Pressure
|turn|33
|
|t:|1779565824
|switch|p1a: Rotom|Rotom-Heat|28/100
|move|p2a: B-2 Bomber|Roost|p2a: B-2 Bomber
|-heal|p2a: B-2 Bomber|100/100
|-singleturn|p2a: B-2 Bomber|move: Roost
|
|upkeep
|turn|34
|
|t:|1779565828
|-terastallize|p2a: B-2 Bomber|Fighting
|move|p1a: Rotom|Pain Split|p2a: B-2 Bomber
|-sethp|p2a: B-2 Bomber|60/100|[from] move: Pain Split|[silent]
|-sethp|p1a: Rotom|84/100|[from] move: Pain Split
|move|p2a: B-2 Bomber|Body Press|p1a: Rotom
|-damage|p1a: Rotom|27/100
|
|upkeep
|turn|35
|
|t:|1779565837
|move|p1a: Rotom|Overheat|p2a: B-2 Bomber
|-damage|p2a: B-2 Bomber|11/100
|-unboost|p1a: Rotom|spa|2
|move|p2a: B-2 Bomber|Body Press|p1a: Rotom
|-crit|p1a: Rotom
|-damage|p1a: Rotom|0 fnt
|faint|p1a: Rotom
|
|upkeep
|
|t:|1779565842
|switch|p1a: Whimsicott|Whimsicott, M|60/100
|turn|36
|
|t:|1779565847
|move|p1a: Whimsicott|Moonblast|p2a: B-2 Bomber
|-supereffective|p2a: B-2 Bomber
|-damage|p2a: B-2 Bomber|0 fnt
|faint|p2a: B-2 Bomber
|-damage|p1a: Whimsicott|50/100|[from] item: Life Orb
|
|upkeep
|
|t:|1779565849
|switch|p2a: Yung Slug|Wo-Chien|82/100
|-damage|p2a: Yung Slug|70/100|[from] Stealth Rock
|-ability|p2a: Yung Slug|Tablets of Ruin
|turn|37
|
|t:|1779565854
|move|p2a: Yung Slug|Protect|p2a: Yung Slug
|-singleturn|p2a: Yung Slug|Protect
|move|p1a: Whimsicott|Moonblast|p2a: Yung Slug
|-activate|p2a: Yung Slug|move: Protect
|
|-heal|p2a: Yung Slug|76/100|[from] item: Leftovers
|upkeep
|turn|38
|
|t:|1779565860
|move|p1a: Whimsicott|Encore|p2a: Yung Slug
|-hint|Since gen 7, Dark is immune to Prankster moves.
|-immune|p2a: Yung Slug
|move|p2a: Yung Slug|Knock Off|p1a: Whimsicott
|-resisted|p1a: Whimsicott
|-damage|p1a: Whimsicott|28/100
|-enditem|p1a: Whimsicott|Life Orb|[from] move: Knock Off|[of] p2a: Yung Slug
|
|-heal|p2a: Yung Slug|82/100|[from] item: Leftovers
|upkeep
|turn|39
|
|t:|1779565870
|move|p1a: Whimsicott|Endeavor|p2a: Yung Slug
|-damage|p2a: Yung Slug|21/100
|move|p2a: Yung Slug|Mean Look|p1a: Whimsicott
|-activate|p1a: Whimsicott|trapped
|
|-heal|p2a: Yung Slug|27/100|[from] item: Leftovers
|upkeep
|turn|40
|
|t:|1779565877
|move|p2a: Yung Slug|Protect|p2a: Yung Slug
|-singleturn|p2a: Yung Slug|Protect
|move|p1a: Whimsicott|Moonblast|p2a: Yung Slug
|-activate|p2a: Yung Slug|move: Protect
|
|-heal|p2a: Yung Slug|33/100|[from] item: Leftovers
|upkeep
|turn|41
|
|t:|1779565885
|move|p2a: Yung Slug|Protect||[still]
|-fail|p2a: Yung Slug
|move|p1a: Whimsicott|Moonblast|p2a: Yung Slug
|-supereffective|p2a: Yung Slug
|-damage|p2a: Yung Slug|0 fnt
|faint|p2a: Yung Slug
|
|win|OREOOREGO
|raw|OREOOREGO's rating: 1228 &rarr; <strong>1253</strong><br />(+25 for winning)
|raw|HugsSC's rating: 1228 &rarr; <strong>1203</strong><br />(-25 for losing)
