|j|☆M6F2Y0
|j|☆abcdxy
|t:|1779596772
|gametype|singles
|player|p1|M6F2Y0|ingo|1384
|player|p2|abcdxy|lady|1351
|gen|9
|tier|[Gen 9] OU
|rated|
|rule|HP Percentage Mod: HP is shown in percentages
|rule|Endless Battle Clause: Forcing endless battles is banned
|rule|Species Clause: Limit one of each Pokémon
|rule|OHKO Clause: OHKO moves are banned
|rule|Evasion Items Clause: Evasion items are banned
|rule|Evasion Moves Clause: Evasion moves are banned
|rule|Evasion Abilities Clause: Evasion abilities are banned
|rule|Sleep Moves Clause: Sleep-inducing moves are banned
|clearpoke
|poke|p1|Sandy Shocks|
|poke|p1|Scizor, M|
|poke|p1|Manaphy|
|poke|p1|Latios, M|
|poke|p1|Ogerpon, F|
|poke|p1|Iron Jugulis|
|poke|p2|Landorus-Therian, M|
|poke|p2|Raging Bolt|
|poke|p2|Iron Treads|
|poke|p2|Hawlucha, M|
|poke|p2|Pincurchin, F|
|poke|p2|Kyurem|
|teampreview
|inactive|Battle timer is ON: inactive players will automatically lose when time's up. (requested by abcdxy)
|inactive|M6F2Y0 also wants the timer to be on.
|
|t:|1779596776
|teamsize|p1|6
|teamsize|p2|6
|start
|switch|p1a: Manaphy|Manaphy|100/100
|switch|p2a: Kyurem|Kyurem, shiny|100/100
|-ability|p2a: Kyurem|Pressure
|turn|1
|
|t:|1779596783
|switch|p1a: Scizor|Scizor, M|100/100
|move|p2a: Kyurem|Freeze-Dry|p1a: Scizor
|-resisted|p1a: Scizor
|-damage|p1a: Scizor|67/100
|-status|p1a: Scizor|frz
|
|upkeep
|turn|2
|
|t:|1779596795
|switch|p2a: Landorus|Landorus-Therian, M|100/100
|-ability|p2a: Landorus|Intimidate|boost
|-unboost|p1a: Scizor|atk|1
|cant|p1a: Scizor|frz
|
|upkeep
|turn|3
|inactive|M6F2Y0 has 120 seconds left.
|
|t:|1779596833
|cant|p1a: Scizor|frz
|move|p2a: Landorus|Stealth Rock|p1a: Scizor
|-sidestart|p1: M6F2Y0|move: Stealth Rock
|
|upkeep
|turn|4
|
|t:|1779596838
|move|p2a: Landorus|Earthquake|p1a: Scizor
|-damage|p1a: Scizor|11/100 frz
|-enditem|p1a: Scizor|Sitrus Berry|[eat]
|-heal|p1a: Scizor|36/100 frz|[from] item: Sitrus Berry
|cant|p1a: Scizor|frz
|
|upkeep
|turn|5
|
|t:|1779596844
|-curestatus|p1a: Scizor|frz|[msg]
|move|p1a: Scizor|Bullet Punch|p2a: Landorus
|-damage|p2a: Landorus|75/100
|-damage|p1a: Scizor|19/100|[from] item: Rocky Helmet|[of] p2a: Landorus
|move|p2a: Landorus|Earthquake|p1a: Scizor
|-damage|p1a: Scizor|0 fnt
|faint|p1a: Scizor
|
|upkeep
|
|t:|1779596848
|switch|p1a: Manaphy|Manaphy|100/100
|-damage|p1a: Manaphy|88/100|[from] Stealth Rock
|turn|6
|
|t:|1779596851
|move|p1a: Manaphy|Ice Beam|p2a: Landorus
|-supereffective|p2a: Landorus
|-damage|p2a: Landorus|0 fnt
|faint|p2a: Landorus
|
|upkeep
|
|t:|1779596856
|switch|p2a: Kyurem|Kyurem, shiny|100/100
|-ability|p2a: Kyurem|Pressure
|turn|7
|
|t:|1779596865
|switch|p1a: Iron Jugulis|Iron Jugulis|100/100
|-damage|p1a: Iron Jugulis|76/100|[from] Stealth Rock
|-enditem|p1a: Iron Jugulis|Booster Energy
|-activate|p1a: Iron Jugulis|ability: Quark Drive|[fromitem]
|-start|p1a: Iron Jugulis|quarkdrivespe
|move|p2a: Kyurem|Ice Beam|p1a: Iron Jugulis
|-supereffective|p1a: Iron Jugulis
|-damage|p1a: Iron Jugulis|0 fnt
|faint|p1a: Iron Jugulis
|-end|p1a: Iron Jugulis|Quark Drive|[silent]
|
|upkeep
|
|t:|1779596888
|switch|p1a: Latios|Latios, M|100/100
|-damage|p1a: Latios|88/100|[from] Stealth Rock
|turn|8
|
|t:|1779596899
|switch|p2a: Pincurchin|Pincurchin, F|100/100
|-fieldstart|move: Electric Terrain|[from] ability: Electric Surge|[of] p2a: Pincurchin
|-terastallize|p1a: Latios|Fighting
|move|p1a: Latios|Aura Sphere|p2a: Pincurchin
|-damage|p2a: Pincurchin|52/100
|
|upkeep
|turn|9
|
|t:|1779596911
|move|p1a: Latios|Calm Mind|p1a: Latios
|-boost|p1a: Latios|spa|1
|-boost|p1a: Latios|spd|1
|move|p2a: Pincurchin|Thunder Wave|p1a: Latios
|-status|p1a: Latios|par
|
|upkeep
|turn|10
|
|t:|1779596917
|cant|p1a: Latios|par
|move|p2a: Pincurchin|Memento|p1a: Latios
|-unboost|p1a: Latios|atk|2
|-unboost|p1a: Latios|spa|2
|faint|p2a: Pincurchin
|
|upkeep
|
|t:|1779596934
|switch|p2a: Kyurem|Kyurem, shiny|100/100
|-ability|p2a: Kyurem|Pressure
|turn|11
|
|t:|1779596937
|move|p2a: Kyurem|Ice Beam|p1a: Latios
|-damage|p1a: Latios|47/100 par
|cant|p1a: Latios|par
|
|upkeep
|turn|12
|
|t:|1779596942
|move|p2a: Kyurem|Ice Beam|p1a: Latios
|-damage|p1a: Latios|3/100 par
|move|p1a: Latios|Aura Sphere|p2a: Kyurem
|-supereffective|p2a: Kyurem
|-damage|p2a: Kyurem|49/100
|
|upkeep
|turn|13
|
|t:|1779596948
|move|p2a: Kyurem|Ice Beam|p1a: Latios
|-damage|p1a: Latios|0 fnt
|faint|p1a: Latios
|
|upkeep
|
|t:|1779596951
|switch|p1a: Ogerpon|Ogerpon, F|100/100
|-damage|p1a: Ogerpon|88/100|[from] Stealth Rock
|turn|14
|
|t:|1779596955
|move|p1a: Ogerpon|Play Rough|p2a: Kyurem
|-supereffective|p2a: Kyurem
|-damage|p2a: Kyurem|0 fnt
|faint|p2a: Kyurem
|
|upkeep
|
|t:|1779596958
|switch|p2a: Hawlucha|Hawlucha, M|100/100
|-enditem|p2a: Hawlucha|Electric Seed
|-boost|p2a: Hawlucha|def|1|[from] item: Electric Seed
|-enditem|p1a: Ogerpon|Mirror Herb
|-boost|p1a: Ogerpon|def|1|[from] item: Mirror Herb
|turn|15
|
|t:|1779596966
|-terastallize|p2a: Hawlucha|Fairy
|move|p2a: Hawlucha|Swords Dance|p2a: Hawlucha
|-boost|p2a: Hawlucha|atk|2
|move|p1a: Ogerpon|Play Rough|p2a: Hawlucha
|-damage|p2a: Hawlucha|69/100
|
|-fieldend|move: Electric Terrain
|upkeep
|turn|16
|
|t:|1779596971
|move|p2a: Hawlucha|Acrobatics|p1a: Ogerpon
|-supereffective|p1a: Ogerpon
|-damage|p1a: Ogerpon|0 fnt
|faint|p1a: Ogerpon
|
|upkeep
|
|t:|1779596975
|switch|p1a: Sandy Shocks|Sandy Shocks|100/100
|-damage|p1a: Sandy Shocks|94/100|[from] Stealth Rock
|-enditem|p1a: Sandy Shocks|Booster Energy
|-activate|p1a: Sandy Shocks|ability: Protosynthesis|[fromitem]
|-start|p1a: Sandy Shocks|protosynthesisspe
|turn|17
|
|t:|1779596981
|move|p2a: Hawlucha|Close Combat|p1a: Sandy Shocks
|-damage|p1a: Sandy Shocks|0 fnt
|-unboost|p2a: Hawlucha|def|1
|-unboost|p2a: Hawlucha|spd|1
|faint|p1a: Sandy Shocks
|-end|p1a: Sandy Shocks|Protosynthesis|[silent]
|
|upkeep
|
|t:|1779596984
|switch|p1a: Manaphy|Manaphy|88/100
|-damage|p1a: Manaphy|76/100|[from] Stealth Rock
|turn|18
|
|t:|1779596989
|move|p2a: Hawlucha|Close Combat|p1a: Manaphy
|-damage|p1a: Manaphy|0 fnt
|-unboost|p2a: Hawlucha|def|1
|-unboost|p2a: Hawlucha|spd|1
|faint|p1a: Manaphy
|
|win|abcdxy
|raw|M6F2Y0's rating: 1384 &rarr; <strong>1362</strong><br />(-22 for losing)
|raw|abcdxy's rating: 1351 &rarr; <strong>1373</strong><br />(+22 for winning)
|l|☆M6F2Y0
|player|p1|
