|j|☆Purple Amoonguss
|j|☆bobrumba
|t:|1779647708
|gametype|singles
|player|p1|Purple Amoonguss|pokemonbreederf|1637
|player|p2|bobrumba|cynthia-gen4|1670
|gen|9
|tier|[Gen 9] OU
|rated|
|rule|HP Percentage Mod: HP is shown in percentages
|rule|Endless Battle Clause: Forcing endless battles is banned
|rule|Species Clause: Limit one of each Pokémon
|rule|OHKO Clause: OHKO moves are banned
|rule|Evasion Items Clause: Evasion items are banned
|rule|Evasion Moves Clause: Evasion moves are banned
|rule|Evasion Abilities Clause: Evasion abilities are banned
|rule|Sleep Moves Clause: Sleep-inducing moves are banned
|clearpoke
|poke|p1|Gliscor, F|
|poke|p1|Heatran, M|
|poke|p1|Sinistcha|
|poke|p1|Corviknight, F|
|poke|p1|Tentacruel, M|
|poke|p1|Darkrai|
|poke|p2|Dondozo, M|
|poke|p2|Blissey, F|
|poke|p2|Corviknight, M|
|poke|p2|Weezing-Galar, M|
|poke|p2|Gliscor, F|
|poke|p2|Toxapex, M|
|teampreview
|inactive|Battle timer is ON: inactive players will automatically lose when time's up. (requested by bobrumba)
|
|t:|1779647723
|teamsize|p1|6
|teamsize|p2|6
|start
|switch|p1a: Darkrai|Darkrai|100/100
|switch|p2a: Gliscor|Gliscor, F|100/100
|turn|1
|
|t:|1779647728
|switch|p2a: Toxapex|Toxapex, M|100/100
|move|p1a: Darkrai|Knock Off|p2a: Toxapex
|-damage|p2a: Toxapex|70/100
|-enditem|p2a: Toxapex|Black Sludge|[from] move: Knock Off|[of] p1a: Darkrai
|
|upkeep
|turn|2
|
|t:|1779647735
|switch|p1a: Heatran|Heatran, M|100/100
|move|p2a: Toxapex|Poison Jab|p1a: Heatran
|-immune|p1a: Heatran
|
|upkeep
|turn|3
|
|t:|1779647741
|switch|p2a: Gliscor|Gliscor, F|100/100
|move|p1a: Heatran|Stealth Rock|p2a: Gliscor
|-sidestart|p2: bobrumba|move: Stealth Rock
|
|-status|p2a: Gliscor|tox|[from] item: Toxic Orb
|upkeep
|turn|4
|
|t:|1779647747
|switch|p1a: Corviknight|Corviknight, F|100/100
|-ability|p1a: Corviknight|Pressure
|move|p2a: Gliscor|Knock Off|p1a: Corviknight
|-damage|p1a: Corviknight|87/100
|-damage|p2a: Gliscor|84/100 tox|[from] item: Rocky Helmet|[of] p1a: Corviknight
|-enditem|p1a: Corviknight|Rocky Helmet|[from] move: Knock Off|[of] p2a: Gliscor
|
|-heal|p2a: Gliscor|97/100 tox|[from] ability: Poison Heal
|upkeep
|turn|5
|
|t:|1779647753
|switch|p2a: Corviknight|Corviknight, M|100/100
|-damage|p2a: Corviknight|88/100|[from] Stealth Rock
|-ability|p2a: Corviknight|Pressure
|move|p1a: Corviknight|U-turn|p2a: Corviknight
|-resisted|p2a: Corviknight
|-damage|p2a: Corviknight|86/100
|
|t:|1779647757
|switch|p1a: Heatran|Heatran, M|100/100|[from] U-turn
|
|-heal|p2a: Corviknight|92/100|[from] item: Leftovers
|upkeep
|turn|6
|
|t:|1779647761
|switch|p2a: Gliscor|Gliscor, F|97/100 tox
|-damage|p2a: Gliscor|84/100 tox|[from] Stealth Rock
|move|p1a: Heatran|Magma Storm|p2a: Gliscor|[miss]
|-miss|p1a: Heatran|p2a: Gliscor
|
|-heal|p2a: Gliscor|97/100 tox|[from] ability: Poison Heal
|upkeep
|turn|7
|
|t:|1779647766
|switch|p1a: Corviknight|Corviknight, F|87/100
|-ability|p1a: Corviknight|Pressure
|move|p2a: Gliscor|Spikes|p1a: Corviknight
|-sidestart|p1: Purple Amoonguss|Spikes
|
|-heal|p2a: Gliscor|100/100 tox|[from] ability: Poison Heal
|upkeep
|turn|8
|
|t:|1779647773
|move|p2a: Gliscor|Spikes|p1a: Corviknight
|-sidestart|p1: Purple Amoonguss|Spikes
|move|p1a: Corviknight|U-turn|p2a: Gliscor
|-resisted|p2a: Gliscor
|-damage|p2a: Gliscor|94/100 tox
|
|t:|1779647775
|switch|p1a: Gliscor|Gliscor, F|100/100|[from] U-turn
|
|-heal|p2a: Gliscor|100/100 tox|[from] ability: Poison Heal
|-status|p1a: Gliscor|tox|[from] item: Toxic Orb
|upkeep
|turn|9
|
|t:|1779647782
|move|p1a: Gliscor|Spikes|p2a: Gliscor
|-sidestart|p2: bobrumba|Spikes
|move|p2a: Gliscor|Spikes|p1a: Gliscor
|-sidestart|p1: Purple Amoonguss|Spikes
|
|upkeep
|turn|10
|
|t:|1779647786
|switch|p2a: Toxapex|Toxapex, M|100/100
|-damage|p2a: Toxapex|88/100|[from] Stealth Rock
|-damage|p2a: Toxapex|75/100|[from] Spikes
|move|p1a: Gliscor|Spikes|p2a: Toxapex
|-sidestart|p2: bobrumba|Spikes
|
|upkeep
|turn|11
|
|t:|1779647790
|switch|p2a: Corviknight|Corviknight, M|92/100
|-damage|p2a: Corviknight|80/100|[from] Stealth Rock
|-ability|p2a: Corviknight|Pressure
|move|p1a: Gliscor|Spikes|p2a: Corviknight
|-sidestart|p2: bobrumba|Spikes
|
|-heal|p2a: Corviknight|86/100|[from] item: Leftovers
|upkeep
|turn|12
|
|t:|1779647804
|switch|p2a: Gliscor|Gliscor, F|100/100 tox
|-damage|p2a: Gliscor|88/100 tox|[from] Stealth Rock
|move|p1a: Gliscor|Knock Off|p2a: Gliscor
|-damage|p2a: Gliscor|71/100 tox
|-enditem|p2a: Gliscor|Toxic Orb|[from] move: Knock Off|[of] p1a: Gliscor
|
|-heal|p2a: Gliscor|84/100 tox|[from] ability: Poison Heal
|upkeep
|turn|13
|
|t:|1779647819
|switch|p1a: Corviknight|Corviknight, F|87/100
|-ability|p1a: Corviknight|Pressure
|move|p2a: Gliscor|Knock Off|p1a: Corviknight
|-damage|p1a: Corviknight|78/100
|
|-heal|p2a: Gliscor|96/100 tox|[from] ability: Poison Heal
|upkeep
|turn|14
|
|t:|1779647826
|switch|p2a: Corviknight|Corviknight, M|86/100
|-damage|p2a: Corviknight|73/100|[from] Stealth Rock
|-ability|p2a: Corviknight|Pressure
|move|p1a: Corviknight|Iron Defense|p1a: Corviknight
|-boost|p1a: Corviknight|def|2
|
|-heal|p2a: Corviknight|80/100|[from] item: Leftovers
|upkeep
|turn|15
|
|t:|1779647834
|switch|p2a: Weezing|Weezing-Galar, M|100/100
|-ability|p2a: Weezing|Neutralizing Gas
|move|p1a: Corviknight|U-turn|p2a: Weezing
|-resisted|p2a: Weezing
|-damage|p2a: Weezing|98/100
|
|t:|1779647847
|switch|p1a: Tentacruel|Tentacruel, M, shiny|100/100|[from] U-turn
|
|upkeep
|turn|16
|j| hattybatty304
|
|t:|1779647857
|-end|p2a: Weezing|ability: Neutralizing Gas
|switch|p2a: Corviknight|Corviknight, M|80/100
|-damage|p2a: Corviknight|67/100|[from] Stealth Rock
|-ability|p2a: Corviknight|Pressure
|move|p1a: Tentacruel|Knock Off|p2a: Corviknight
|-damage|p2a: Corviknight|59/100
|-enditem|p2a: Corviknight|Leftovers|[from] move: Knock Off|[of] p1a: Tentacruel
|
|upkeep
|turn|17
|
|t:|1779647868
|move|p1a: Tentacruel|Surf|p2a: Corviknight
|-damage|p2a: Corviknight|25/100
|move|p2a: Corviknight|Roost|p2a: Corviknight
|-heal|p2a: Corviknight|75/100
|-singleturn|p2a: Corviknight|move: Roost
|
|upkeep
|turn|18
|
|t:|1779647877
|switch|p1a: Corviknight|Corviknight, F|78/100
|-ability|p1a: Corviknight|Pressure
|switch|p2a: Toxapex|Toxapex, M|100/100
|-damage|p2a: Toxapex|88/100|[from] Stealth Rock
|-damage|p2a: Toxapex|63/100|[from] Spikes
|
|upkeep
|turn|19
|
|t:|1779647884
|switch|p2a: Gliscor|Gliscor, F|96/100 tox
|-damage|p2a: Gliscor|84/100 tox|[from] Stealth Rock
|move|p1a: Corviknight|U-turn|p2a: Gliscor
|-resisted|p2a: Gliscor
|-damage|p2a: Gliscor|78/100 tox
|
|t:|1779647896
|switch|p1a: Gliscor|Gliscor, F|100/100 tox|[from] U-turn
|
|-heal|p2a: Gliscor|91/100 tox|[from] ability: Poison Heal
|upkeep
|turn|20
|
|t:|1779647904
|switch|p1a: Corviknight|Corviknight, F|78/100
|-ability|p1a: Corviknight|Pressure
|move|p2a: Gliscor|Knock Off|p1a: Corviknight
|-damage|p1a: Corviknight|70/100
|
|-heal|p2a: Gliscor|100/100 tox|[from] ability: Poison Heal
|upkeep
|turn|21
|
|t:|1779647912
|switch|p2a: Weezing|Weezing-Galar, M|98/100
|-ability|p2a: Weezing|Neutralizing Gas
|move|p1a: Corviknight|U-turn|p2a: Weezing
|-resisted|p2a: Weezing
|-damage|p2a: Weezing|96/100
|
|t:|1779647916
|switch|p1a: Tentacruel|Tentacruel, M, shiny|100/100|[from] U-turn
|
|upkeep
|turn|22
|
|t:|1779647921
|-end|p2a: Weezing|ability: Neutralizing Gas
|switch|p2a: Gliscor|Gliscor, F|100/100 tox
|-damage|p2a: Gliscor|88/100 tox|[from] Stealth Rock
|move|p1a: Tentacruel|Rapid Spin|p2a: Gliscor
|-damage|p2a: Gliscor|81/100 tox
|-boost|p1a: Tentacruel|spe|1
|-sideend|p1: Purple Amoonguss|Spikes|[from] move: Rapid Spin|[of] p1a: Tentacruel
|
|-heal|p2a: Gliscor|94/100 tox|[from] ability: Poison Heal
|upkeep
|turn|23
|
|t:|1779647927
|switch|p1a: Darkrai|Darkrai|100/100
|move|p2a: Gliscor|Knock Off|p1a: Darkrai
|-resisted|p1a: Darkrai
|-damage|p1a: Darkrai|86/100
|-enditem|p1a: Darkrai|Black Glasses|[from] move: Knock Off|[of] p2a: Gliscor
|
|-heal|p2a: Gliscor|100/100 tox|[from] ability: Poison Heal
|upkeep
|turn|24
|
|t:|1779647934
|move|p1a: Darkrai|Ice Beam|p2a: Gliscor
|-supereffective|p2a: Gliscor
|-damage|p2a: Gliscor|0 fnt
|faint|p2a: Gliscor
|
|upkeep
|
|t:|1779647937
|switch|p2a: Blissey|Blissey, F|100/100
|-damage|p2a: Blissey|88/100|[from] Stealth Rock
|-damage|p2a: Blissey|63/100|[from] Spikes
|turn|25
|
|t:|1779647945
|switch|p1a: Gliscor|Gliscor, F|100/100 tox
|move|p2a: Blissey|Stealth Rock|p1a: Gliscor
|-sidestart|p1: Purple Amoonguss|move: Stealth Rock
|
|-heal|p2a: Blissey|69/100|[from] item: Leftovers
|upkeep
|turn|26
|
|t:|1779647951
|switch|p2a: Corviknight|Corviknight, M|75/100
|-damage|p2a: Corviknight|63/100|[from] Stealth Rock
|-ability|p2a: Corviknight|Pressure
|move|p1a: Gliscor|Knock Off|p2a: Corviknight
|-damage|p2a: Corviknight|54/100
|
|upkeep
|turn|27
|
|t:|1779647963
|switch|p1a: Heatran|Heatran, M|100/100
|-damage|p1a: Heatran|88/100|[from] Stealth Rock
|move|p2a: Corviknight|Defog|p1a: Heatran
|-unboost|p1a: Heatran|evasion|1
|-sideend|p1: Purple Amoonguss|Stealth Rock|[from] move: Defog|[of] p2a: Corviknight
|-sideend|p2: bobrumba|Spikes|[from] move: Defog|[of] p2a: Corviknight
|-sideend|p2: bobrumba|Stealth Rock|[from] move: Defog|[of] p2a: Corviknight
|
|-heal|p1a: Heatran|94/100|[from] item: Leftovers
|upkeep
|turn|28
|
|t:|1779647971
|switch|p2a: Blissey|Blissey, F|69/100
|move|p1a: Heatran|Stealth Rock|p2a: Blissey
|-sidestart|p2: bobrumba|move: Stealth Rock
|
|-heal|p1a: Heatran|100/100|[from] item: Leftovers
|-heal|p2a: Blissey|75/100|[from] item: Leftovers
|upkeep
|turn|29
|
|t:|1779647979
|switch|p1a: Gliscor|Gliscor, F|100/100 tox
|move|p2a: Blissey|Seismic Toss|p1a: Gliscor
|-damage|p1a: Gliscor|72/100 tox
|
|-heal|p2a: Blissey|82/100|[from] item: Leftovers
|-heal|p1a: Gliscor|85/100 tox|[from] ability: Poison Heal
|upkeep
|turn|30
|l| hattybatty304
|
|t:|1779647983
|switch|p2a: Corviknight|Corviknight, M|54/100
|-damage|p2a: Corviknight|41/100|[from] Stealth Rock
|-ability|p2a: Corviknight|Pressure
|move|p1a: Gliscor|Spikes|p2a: Corviknight
|-sidestart|p2: bobrumba|Spikes
|
|-heal|p1a: Gliscor|97/100 tox|[from] ability: Poison Heal
|upkeep
|turn|31
|
|t:|1779647985
|switch|p1a: Heatran|Heatran, M|100/100
|move|p2a: Corviknight|Defog|p1a: Heatran
|-unboost|p1a: Heatran|evasion|1
|-sideend|p2: bobrumba|Spikes|[from] move: Defog|[of] p2a: Corviknight
|-sideend|p2: bobrumba|Stealth Rock|[from] move: Defog|[of] p2a: Corviknight
|
|upkeep
|turn|32
|
|t:|1779647988
|switch|p2a: Blissey|Blissey, F|82/100
|move|p1a: Heatran|Stealth Rock|p2a: Blissey
|-sidestart|p2: bobrumba|move: Stealth Rock
|
|-heal|p2a: Blissey|88/100|[from] item: Leftovers
|upkeep
|turn|33
|
|t:|1779647994
|switch|p1a: Gliscor|Gliscor, F|97/100 tox
|move|p2a: Blissey|Seismic Toss|p1a: Gliscor
|-damage|p1a: Gliscor|69/100 tox
|
|-heal|p2a: Blissey|94/100|[from] item: Leftovers
|-heal|p1a: Gliscor|81/100 tox|[from] ability: Poison Heal
|upkeep
|turn|34
|
|t:|1779647998
|switch|p2a: Corviknight|Corviknight, M|41/100
|-damage|p2a: Corviknight|29/100|[from] Stealth Rock
|-ability|p2a: Corviknight|Pressure
|move|p1a: Gliscor|Spikes|p2a: Corviknight
|-sidestart|p2: bobrumba|Spikes
|
|-heal|p1a: Gliscor|94/100 tox|[from] ability: Poison Heal
|upkeep
|turn|35
|
|t:|1779648004
|switch|p1a: Heatran|Heatran, M|100/100
|move|p2a: Corviknight|Defog|p1a: Heatran
|-unboost|p1a: Heatran|evasion|1
|-sideend|p2: bobrumba|Spikes|[from] move: Defog|[of] p2a: Corviknight
|-sideend|p2: bobrumba|Stealth Rock|[from] move: Defog|[of] p2a: Corviknight
|
|upkeep
|turn|36
|
|t:|1779648008
|move|p1a: Heatran|Stealth Rock|p2a: Corviknight
|-sidestart|p2: bobrumba|move: Stealth Rock
|move|p2a: Corviknight|Roost|p2a: Corviknight
|-heal|p2a: Corviknight|79/100
|-singleturn|p2a: Corviknight|move: Roost
|
|upkeep
|turn|37
|
|t:|1779648013
|switch|p1a: Gliscor|Gliscor, F|94/100 tox
|switch|p2a: Blissey|Blissey, F|94/100
|-damage|p2a: Blissey|82/100|[from] Stealth Rock
|
|-heal|p2a: Blissey|88/100|[from] item: Leftovers
|-heal|p1a: Gliscor|100/100 tox|[from] ability: Poison Heal
|upkeep
|turn|38
|
|t:|1779648015
|switch|p2a: Corviknight|Corviknight, M|79/100
|-damage|p2a: Corviknight|66/100|[from] Stealth Rock
|-ability|p2a: Corviknight|Pressure
|move|p1a: Gliscor|Spikes|p2a: Corviknight
|-sidestart|p2: bobrumba|Spikes
|
|upkeep
|turn|39
|
|t:|1779648018
|switch|p1a: Heatran|Heatran, M|100/100
|move|p2a: Corviknight|Defog|p1a: Heatran
|-unboost|p1a: Heatran|evasion|1
|-sideend|p2: bobrumba|Spikes|[from] move: Defog|[of] p2a: Corviknight
|-sideend|p2: bobrumba|Stealth Rock|[from] move: Defog|[of] p2a: Corviknight
|
|upkeep
|turn|40
|
|t:|1779648025
|switch|p2a: Blissey|Blissey, F|88/100
|move|p1a: Heatran|Stealth Rock|p2a: Blissey
|-sidestart|p2: bobrumba|move: Stealth Rock
|
|-heal|p2a: Blissey|94/100|[from] item: Leftovers
|upkeep
|turn|41
|
|t:|1779648041
|switch|p1a: Gliscor|Gliscor, F|100/100 tox
|move|p2a: Blissey|Seismic Toss|p1a: Gliscor
|-damage|p1a: Gliscor|72/100 tox
|
|-heal|p2a: Blissey|100/100|[from] item: Leftovers
|-heal|p1a: Gliscor|85/100 tox|[from] ability: Poison Heal
|upkeep
|turn|42
|
|t:|1779648046
|switch|p2a: Corviknight|Corviknight, M|66/100
|-damage|p2a: Corviknight|54/100|[from] Stealth Rock
|-ability|p2a: Corviknight|Pressure
|move|p1a: Gliscor|Spikes|p2a: Corviknight
|-sidestart|p2: bobrumba|Spikes
|
|-heal|p1a: Gliscor|97/100 tox|[from] ability: Poison Heal
|upkeep
|turn|43
|
|t:|1779648048
|switch|p1a: Heatran|Heatran, M|100/100
|move|p2a: Corviknight|Defog|p1a: Heatran
|-unboost|p1a: Heatran|evasion|1
|-sideend|p2: bobrumba|Spikes|[from] move: Defog|[of] p2a: Corviknight
|-sideend|p2: bobrumba|Stealth Rock|[from] move: Defog|[of] p2a: Corviknight
|
|upkeep
|turn|44
|
|t:|1779648056
|switch|p2a: Blissey|Blissey, F|100/100
|move|p1a: Heatran|Magma Storm|p2a: Blissey
|-damage|p2a: Blissey|87/100
|-activate|p2a: Blissey|move: Magma Storm|[of] p1a: Heatran
|
|-heal|p2a: Blissey|93/100|[from] item: Leftovers
|-damage|p2a: Blissey|81/100|[from] move: Magma Storm|[partiallytrapped]
|upkeep
|turn|45
|
|t:|1779648070
|move|p1a: Heatran|Stealth Rock|p2a: Blissey
|-sidestart|p2: bobrumba|move: Stealth Rock
|move|p2a: Blissey|Seismic Toss|p1a: Heatran
|-damage|p1a: Heatran|75/100
|
|-heal|p1a: Heatran|81/100|[from] item: Leftovers
|-heal|p2a: Blissey|87/100|[from] item: Leftovers
|-damage|p2a: Blissey|75/100|[from] move: Magma Storm|[partiallytrapped]
|upkeep
|turn|46
|
|t:|1779648094
|switch|p1a: Gliscor|Gliscor, F|97/100 tox
|move|p2a: Blissey|Seismic Toss|p1a: Gliscor
|-damage|p1a: Gliscor|69/100 tox
|
|-heal|p2a: Blissey|81/100|[from] item: Leftovers
|-heal|p1a: Gliscor|81/100 tox|[from] ability: Poison Heal
|-end|p2a: Blissey|Magma Storm|[partiallytrapped]|[silent]
|upkeep
|turn|47
|
|t:|1779648101
|switch|p2a: Corviknight|Corviknight, M|54/100
|-damage|p2a: Corviknight|41/100|[from] Stealth Rock
|-ability|p2a: Corviknight|Pressure
|move|p1a: Gliscor|Spikes|p2a: Corviknight
|-sidestart|p2: bobrumba|Spikes
|
|-heal|p1a: Gliscor|94/100 tox|[from] ability: Poison Heal
|upkeep
|turn|48
|
|t:|1779648103
|switch|p1a: Heatran|Heatran, M|81/100
|move|p2a: Corviknight|Defog|p1a: Heatran
|-unboost|p1a: Heatran|evasion|1
|-sideend|p2: bobrumba|Spikes|[from] move: Defog|[of] p2a: Corviknight
|-sideend|p2: bobrumba|Stealth Rock|[from] move: Defog|[of] p2a: Corviknight
|
|-heal|p1a: Heatran|87/100|[from] item: Leftovers
|upkeep
|turn|49
|j| FaronAan
|
|t:|1779648108
|move|p1a: Heatran|Magma Storm|p2a: Corviknight
|-supereffective|p2a: Corviknight
|-damage|p2a: Corviknight|0 fnt
|faint|p2a: Corviknight
|
|-heal|p1a: Heatran|93/100|[from] item: Leftovers
|upkeep
|-message|bobrumba forfeited.
|
|win|Purple Amoonguss
|raw|Purple Amoonguss's rating: 1637 &rarr; <strong>1659</strong><br />(+22 for winning)
|raw|bobrumba's rating: 1670 &rarr; <strong>1648</strong><br />(-22 for losing)
|l|☆bobrumba
|player|p2|
|l| FaronAan
|l|☆Purple Amoonguss
|player|p1|
