|j|☆Ramolum
|j|☆Slyki
|t:|1779610288
|gametype|singles
|player|p1|Ramolum|169|1101
|player|p2|Slyki|sightseerf|1135
|gen|9
|tier|[Gen 9] OU
|rated|
|rule|HP Percentage Mod: HP is shown in percentages
|rule|Endless Battle Clause: Forcing endless battles is banned
|rule|Species Clause: Limit one of each Pokémon
|rule|OHKO Clause: OHKO moves are banned
|rule|Evasion Items Clause: Evasion items are banned
|rule|Evasion Moves Clause: Evasion moves are banned
|rule|Evasion Abilities Clause: Evasion abilities are banned
|rule|Sleep Moves Clause: Sleep-inducing moves are banned
|clearpoke
|poke|p1|Dragapult, F|
|poke|p1|Gyarados, F|
|poke|p1|Tyranitar, M|
|poke|p1|Frosmoth, F|
|poke|p1|Lilligant, F|
|poke|p1|Oricorio, F|
|poke|p2|Goodra-Hisui, F|
|poke|p2|Dragapult, M|
|poke|p2|Mew|
|poke|p2|Tsareena, F|
|poke|p2|Corviknight, M|
|poke|p2|Flygon, M|
|teampreview
|
|t:|1779610300
|teamsize|p1|6
|teamsize|p2|6
|start
|switch|p1a: Tyranitar|Tyranitar, M|100/100
|switch|p2a: Petite|Mew|100/100
|-weather|Sandstorm|[from] ability: Sand Stream|[of] p1a: Tyranitar
|turn|1
|
|t:|1779610309
|move|p2a: Petite|Reflect|p2a: Petite
|-sidestart|p2: Slyki|Reflect
|move|p1a: Tyranitar|Dragon Dance|p1a: Tyranitar
|-boost|p1a: Tyranitar|atk|1
|-boost|p1a: Tyranitar|spe|1
|
|-weather|Sandstorm|[upkeep]
|-damage|p2a: Petite|94/100|[from] Sandstorm
|upkeep
|turn|2
|inactive|Battle timer is ON: inactive players will automatically lose when time's up. (requested by Ramolum)
|
|t:|1779610317
|move|p1a: Tyranitar|Brick Break|p2a: Petite
|-sideend|p2: Slyki|Reflect
|-resisted|p2a: Petite
|-damage|p2a: Petite|77/100
|move|p2a: Petite|Light Screen|p2a: Petite
|-sidestart|p2: Slyki|move: Light Screen
|
|-weather|Sandstorm|[upkeep]
|-damage|p2a: Petite|71/100|[from] Sandstorm
|upkeep
|turn|3
|
|t:|1779610324
|switch|p2a: Raiden|Tsareena, F, shiny|100/100
|move|p1a: Tyranitar|Crunch|p2a: Raiden
|-damage|p2a: Raiden|35/100
|
|-weather|Sandstorm|[upkeep]
|-damage|p2a: Raiden|29/100|[from] Sandstorm
|upkeep
|turn|4
|
|t:|1779610332
|move|p1a: Tyranitar|Crunch|p2a: Raiden
|-damage|p2a: Raiden|0 fnt
|faint|p2a: Raiden
|
|-weather|Sandstorm|[upkeep]
|upkeep
|
|t:|1779610344
|switch|p2a: Petite|Mew|71/100
|turn|5
|
|t:|1779610348
|move|p1a: Tyranitar|Crunch|p2a: Petite
|-supereffective|p2a: Petite
|-damage|p2a: Petite|0 fnt
|faint|p2a: Petite
|
|-weather|none
|upkeep
|
|t:|1779610351
|switch|p2a: In Memoriam|Flygon, M|100/100
|turn|6
|
|t:|1779610361
|-terastallize|p1a: Tyranitar|Ghost
|move|p1a: Tyranitar|Crunch|p2a: In Memoriam
|-damage|p2a: In Memoriam|2/100
|-enditem|p2a: In Memoriam|Salac Berry|[eat]
|-boost|p2a: In Memoriam|spe|1|[from] item: Salac Berry
|move|p2a: In Memoriam|Dragon Dance|p2a: In Memoriam
|-boost|p2a: In Memoriam|atk|1
|-boost|p2a: In Memoriam|spe|1
|
|upkeep
|turn|7
|
|t:|1779610374
|move|p2a: In Memoriam|Outrage|p1a: Tyranitar
|-crit|p1a: Tyranitar
|-damage|p1a: Tyranitar|0 fnt
|faint|p1a: Tyranitar
|
|upkeep
|
|t:|1779610396
|switch|p1a: Lilligant|Lilligant, F|100/100
|turn|8
|
|t:|1779610401
|move|p2a: In Memoriam|Outrage|p1a: Lilligant|[from] lockedmove
|-damage|p1a: Lilligant|9/100
|-start|p2a: In Memoriam|confusion|[fatigue]
|move|p1a: Lilligant|Giga Drain|p2a: In Memoriam
|-damage|p2a: In Memoriam|0 fnt
|-heal|p1a: Lilligant|9/100|[from] drain|[of] p2a: In Memoriam
|faint|p2a: In Memoriam
|
|-heal|p1a: Lilligant|15/100|[from] item: Leftovers
|upkeep
|
|t:|1779610407
|switch|p2a: Dragapult|Dragapult, M|100/100
|turn|9
|
|t:|1779610413
|move|p2a: Dragapult|Dragon Dance|p2a: Dragapult
|-boost|p2a: Dragapult|atk|1
|-boost|p2a: Dragapult|spe|1
|move|p1a: Lilligant|Alluring Voice|p2a: Dragapult
|-supereffective|p2a: Dragapult
|-damage|p2a: Dragapult|65/100
|-start|p2a: Dragapult|confusion
|-enditem|p2a: Dragapult|Lum Berry|[eat]
|-end|p2a: Dragapult|confusion
|
|-heal|p1a: Lilligant|21/100|[from] item: Leftovers
|-sideend|p2: Slyki|move: Light Screen
|upkeep
|turn|10
|
|t:|1779610424
|move|p2a: Dragapult|Dragon Dance|p2a: Dragapult
|-boost|p2a: Dragapult|atk|1
|-boost|p2a: Dragapult|spe|1
|move|p1a: Lilligant|Alluring Voice|p2a: Dragapult
|-supereffective|p2a: Dragapult
|-crit|p2a: Dragapult
|-damage|p2a: Dragapult|0 fnt
|faint|p2a: Dragapult
|
|-heal|p1a: Lilligant|28/100|[from] item: Leftovers
|upkeep
|
|t:|1779610427
|switch|p2a: Goodra|Goodra-Hisui, F|100/100
|turn|11
|-message|Slyki forfeited.
|
|win|Ramolum
|raw|Ramolum's rating: 1101 &rarr; <strong>1128</strong><br />(+27 for winning)
|raw|Slyki's rating: 1135 &rarr; <strong>1108</strong><br />(-27 for losing)
|l|☆Slyki
|player|p2|
|l|☆Ramolum
|player|p1|
