|j|☆BoGosse971
|j|☆yesnet
|t:|1779630192
|gametype|singles
|player|p1|BoGosse971|guitarist-gen4|1186
|player|p2|yesnet|pokemaniac|1148
|gen|9
|tier|[Gen 9] OU
|rated|
|rule|HP Percentage Mod: HP is shown in percentages
|rule|Endless Battle Clause: Forcing endless battles is banned
|rule|Species Clause: Limit one of each Pokémon
|rule|OHKO Clause: OHKO moves are banned
|rule|Evasion Items Clause: Evasion items are banned
|rule|Evasion Moves Clause: Evasion moves are banned
|rule|Evasion Abilities Clause: Evasion abilities are banned
|rule|Sleep Moves Clause: Sleep-inducing moves are banned
|clearpoke
|poke|p1|Pelipper, M|
|poke|p1|Politoed, M|
|poke|p1|Barraskewda, M|
|poke|p1|Kingdra, F|
|poke|p1|Ludicolo, F|
|poke|p1|Floatzel, M|
|poke|p2|Toxapex, F|
|poke|p2|Magnezone|
|poke|p2|Wo-Chien|
|poke|p2|Ceruledge, M|
|poke|p2|Glimmora, M|
|poke|p2|Minior-Orange|
|teampreview
|inactive|Battle timer is ON: inactive players will automatically lose when time's up. (requested by yesnet)
|inactive|BoGosse971 also wants the timer to be on.
|
|t:|1779630199
|teamsize|p1|6
|teamsize|p2|6
|start
|switch|p1a: Pelipper|Pelipper, M|100/100
|switch|p2a: Toxapex|Toxapex, F|100/100
|-weather|RainDance|[from] ability: Drizzle|[of] p1a: Pelipper
|turn|1
|
|t:|1779630205
|move|p1a: Pelipper|U-turn|p2a: Toxapex
|-resisted|p2a: Toxapex
|-damage|p2a: Toxapex|98/100
|
|t:|1779630210
|switch|p1a: Kingdra|Kingdra, F|100/100|[from] U-turn
|move|p2a: Toxapex|Toxic Spikes|p1a: Kingdra
|-sidestart|p1: BoGosse971|move: Toxic Spikes
|
|-weather|RainDance|[upkeep]
|-heal|p2a: Toxapex|100/100|[from] item: Leftovers
|upkeep
|turn|2
|
|t:|1779630224
|move|p1a: Kingdra|Dragon Pulse|p2a: Toxapex
|-damage|p2a: Toxapex|50/100
|move|p2a: Toxapex|Toxic Spikes|p1a: Kingdra
|-sidestart|p1: BoGosse971|move: Toxic Spikes
|
|-weather|RainDance|[upkeep]
|-heal|p2a: Toxapex|56/100|[from] item: Leftovers
|upkeep
|turn|3
|
|t:|1779630237
|move|p1a: Kingdra|Dragon Pulse|p2a: Toxapex
|-damage|p2a: Toxapex|7/100
|move|p2a: Toxapex|Recover|p2a: Toxapex
|-heal|p2a: Toxapex|57/100
|
|-weather|RainDance|[upkeep]
|-heal|p2a: Toxapex|63/100|[from] item: Leftovers
|upkeep
|turn|4
|
|t:|1779630246
|move|p2a: Toxapex|Baneful Bunker|p2a: Toxapex
|-singleturn|p2a: Toxapex|move: Protect
|move|p1a: Kingdra|Dragon Pulse|p2a: Toxapex
|-activate|p2a: Toxapex|move: Protect
|
|-weather|RainDance|[upkeep]
|-heal|p2a: Toxapex|70/100|[from] item: Leftovers
|upkeep
|turn|5
|
|t:|1779630255
|move|p1a: Kingdra|Dragon Pulse|p2a: Toxapex
|-damage|p2a: Toxapex|24/100
|move|p2a: Toxapex|Recover|p2a: Toxapex
|-heal|p2a: Toxapex|74/100
|
|-weather|RainDance|[upkeep]
|-heal|p2a: Toxapex|80/100|[from] item: Leftovers
|upkeep
|turn|6
|
|t:|1779630266
|move|p2a: Toxapex|Baneful Bunker|p2a: Toxapex
|-singleturn|p2a: Toxapex|move: Protect
|move|p1a: Kingdra|Dragon Pulse|p2a: Toxapex
|-activate|p2a: Toxapex|move: Protect
|
|-weather|RainDance|[upkeep]
|-heal|p2a: Toxapex|86/100|[from] item: Leftovers
|upkeep
|turn|7
|
|t:|1779630276
|move|p1a: Kingdra|Dragon Pulse|p2a: Toxapex
|-damage|p2a: Toxapex|37/100
|move|p2a: Toxapex|Recover|p2a: Toxapex
|-heal|p2a: Toxapex|87/100
|
|-weather|RainDance|[upkeep]
|-heal|p2a: Toxapex|93/100|[from] item: Leftovers
|upkeep
|turn|8
|
|t:|1779630283
|switch|p1a: Floatzel|Floatzel, M|100/100
|move|p2a: Toxapex|Baneful Bunker||[still]
|-fail|p2a: Toxapex
|
|-weather|none
|-heal|p2a: Toxapex|99/100|[from] item: Leftovers
|upkeep
|turn|9
|
|t:|1779630297
|switch|p2a: Glimmora|Glimmora, M|100/100
|move|p1a: Floatzel|Crunch|p2a: Glimmora
|-damage|p2a: Glimmora|67/100
|-unboost|p2a: Glimmora|def|1
|
|upkeep
|turn|10
|
|t:|1779630309
|move|p2a: Glimmora|Spiky Shield|p2a: Glimmora
|-singleturn|p2a: Glimmora|move: Protect
|move|p1a: Floatzel|Flip Turn|p2a: Glimmora
|-activate|p2a: Glimmora|move: Protect
|-damage|p1a: Floatzel|88/100|[from] Spiky Shield|[of] p2a: Glimmora
|
|upkeep
|turn|11
|
|t:|1779630321
|move|p1a: Floatzel|Flip Turn|p2a: Glimmora
|-supereffective|p2a: Glimmora
|-damage|p2a: Glimmora|0 fnt
|faint|p2a: Glimmora
|
|t:|1779630326
|switch|p1a: Pelipper|Pelipper, M|100/100|[from] Flip Turn
|-weather|RainDance|[from] ability: Drizzle|[of] p1a: Pelipper
|
|-weather|RainDance|[upkeep]
|upkeep
|
|t:|1779630342
|switch|p2a: Wo-Chien|Wo-Chien|100/100
|-ability|p2a: Wo-Chien|Tablets of Ruin
|turn|12
|
|t:|1779630362
|-terastallize|p2a: Wo-Chien|Poison
|move|p2a: Wo-Chien|Leech Seed|p1a: Pelipper
|-start|p1a: Pelipper|move: Leech Seed
|move|p1a: Pelipper|U-turn|p2a: Wo-Chien
|-resisted|p2a: Wo-Chien
|-damage|p2a: Wo-Chien|98/100
|
|t:|1779630369
|switch|p1a: Floatzel|Floatzel, M|88/100|[from] U-turn
|
|-weather|RainDance|[upkeep]
|-heal|p2a: Wo-Chien|100/100|[from] item: Leftovers
|upkeep
|turn|13
|
|t:|1779630382
|move|p1a: Floatzel|Liquidation|p2a: Wo-Chien
|-damage|p2a: Wo-Chien|60/100
|move|p2a: Wo-Chien|Leech Seed|p1a: Floatzel|[miss]
|-miss|p2a: Wo-Chien|p1a: Floatzel
|
|-weather|RainDance|[upkeep]
|-heal|p2a: Wo-Chien|66/100|[from] item: Leftovers
|upkeep
|turn|14
|
|t:|1779630397
|move|p1a: Floatzel|Liquidation|p2a: Wo-Chien
|-crit|p2a: Wo-Chien
|-damage|p2a: Wo-Chien|0 fnt
|faint|p2a: Wo-Chien
|
|-weather|RainDance|[upkeep]
|upkeep
|
|t:|1779630412
|switch|p2a: Toxapex|Toxapex, F|100/100
|turn|15
|
|t:|1779630422
|move|p2a: Toxapex|Baneful Bunker|p2a: Toxapex
|-singleturn|p2a: Toxapex|move: Protect
|move|p1a: Floatzel|Crunch|p2a: Toxapex
|-activate|p2a: Toxapex|move: Protect
|-status|p1a: Floatzel|psn
|
|-weather|RainDance|[upkeep]
|-damage|p1a: Floatzel|76/100 psn|[from] psn
|upkeep
|turn|16
|
|t:|1779630430
|move|p1a: Floatzel|Flip Turn|p2a: Toxapex
|-resisted|p2a: Toxapex
|-damage|p2a: Toxapex|86/100
|
|t:|1779630444
|switch|p1a: Ludicolo|Ludicolo, F|100/100|[from] Flip Turn
|-status|p1a: Ludicolo|tox
|move|p2a: Toxapex|Chilling Water|p1a: Ludicolo
|-resisted|p1a: Ludicolo
|-damage|p1a: Ludicolo|96/100 tox
|-unboost|p1a: Ludicolo|atk|1
|
|-weather|RainDance|[upkeep]
|-heal|p2a: Toxapex|92/100|[from] item: Leftovers
|-damage|p1a: Ludicolo|90/100 tox|[from] psn
|upkeep
|turn|17
|
|t:|1779630457
|move|p2a: Toxapex|Baneful Bunker|p2a: Toxapex
|-singleturn|p2a: Toxapex|move: Protect
|move|p1a: Ludicolo|Giga Drain|p2a: Toxapex
|-activate|p2a: Toxapex|move: Protect
|
|-weather|RainDance|[upkeep]
|-heal|p2a: Toxapex|98/100|[from] item: Leftovers
|-damage|p1a: Ludicolo|78/100 tox|[from] psn
|upkeep
|turn|18
|
|t:|1779630477
|switch|p2a: Magnezone|Magnezone|100/100
|move|p1a: Ludicolo|Giga Drain|p2a: Magnezone
|-resisted|p2a: Magnezone
|-damage|p2a: Magnezone|80/100
|-heal|p1a: Ludicolo|89/100 tox|[from] drain|[of] p2a: Magnezone
|
|-weather|none
|-damage|p1a: Ludicolo|71/100 tox|[from] psn
|upkeep
|turn|19
|
|t:|1779630485
|switch|p1a: Pelipper|Pelipper, M|100/100
|-weather|RainDance|[from] ability: Drizzle|[of] p1a: Pelipper
|move|p2a: Magnezone|Volt Switch|p1a: Pelipper
|-supereffective|p1a: Pelipper
|-damage|p1a: Pelipper|0 fnt
|faint|p1a: Pelipper
|
|t:|1779630498
|switch|p2a: Mango|Minior-Orange|100/100|[from] Volt Switch
|-formechange|p2a: Mango|Minior-Meteor||[from] ability: Shields Down
|
|-weather|RainDance|[upkeep]
|upkeep
|
|t:|1779630501
|switch|p1a: Floatzel|Floatzel, M|76/100 psn
|turn|20
|
|t:|1779630519
|move|p1a: Floatzel|Flip Turn|p2a: Mango
|-supereffective|p2a: Mango
|-damage|p2a: Mango|0 fnt
|faint|p2a: Mango
|
|t:|1779630532
|switch|p1a: Ludicolo|Ludicolo, F|71/100 tox|[from] Flip Turn
|
|-weather|RainDance|[upkeep]
|-damage|p1a: Ludicolo|65/100 tox|[from] psn
|upkeep
|
|t:|1779630541
|switch|p2a: Toxapex|Toxapex, F|100/100
|turn|21
|
|t:|1779630547
|move|p2a: Toxapex|Baneful Bunker|p2a: Toxapex
|-singleturn|p2a: Toxapex|move: Protect
|move|p1a: Ludicolo|Energy Ball|p2a: Toxapex
|-activate|p2a: Toxapex|move: Protect
|
|-weather|RainDance|[upkeep]
|-damage|p1a: Ludicolo|53/100 tox|[from] psn
|upkeep
|turn|22
|
|t:|1779630552
|move|p1a: Ludicolo|Energy Ball|p2a: Toxapex
|-damage|p2a: Toxapex|55/100
|move|p2a: Toxapex|Recover|p2a: Toxapex
|-heal|p2a: Toxapex|100/100
|
|-weather|RainDance|[upkeep]
|-damage|p1a: Ludicolo|35/100 tox|[from] psn
|upkeep
|turn|23
|
|t:|1779630565
|move|p2a: Toxapex|Baneful Bunker|p2a: Toxapex
|-singleturn|p2a: Toxapex|move: Protect
|move|p1a: Ludicolo|Energy Ball|p2a: Toxapex
|-activate|p2a: Toxapex|move: Protect
|
|-weather|RainDance|[upkeep]
|-damage|p1a: Ludicolo|11/100 tox|[from] psn
|upkeep
|turn|24
|
|t:|1779630568
|switch|p2a: Ceruledge|Ceruledge, M|100/100
|move|p1a: Ludicolo|Energy Ball|p2a: Ceruledge
|-resisted|p2a: Ceruledge
|-damage|p2a: Ceruledge|70/100
|
|-weather|RainDance|[upkeep]
|-damage|p1a: Ludicolo|0 fnt|[from] psn
|faint|p1a: Ludicolo
|upkeep
|
|t:|1779630572
|switch|p1a: Floatzel|Floatzel, M|76/100 psn
|turn|25
|
|t:|1779630577
|switch|p2a: Toxapex|Toxapex, F|100/100
|move|p1a: Floatzel|Crunch|p2a: Toxapex
|-damage|p2a: Toxapex|84/100
|
|-weather|RainDance|[upkeep]
|-heal|p2a: Toxapex|90/100|[from] item: Leftovers
|-damage|p1a: Floatzel|64/100 psn|[from] psn
|upkeep
|turn|26
|
|t:|1779630585
|move|p1a: Floatzel|Crunch|p2a: Toxapex
|-damage|p2a: Toxapex|74/100
|move|p2a: Toxapex|Chilling Water|p1a: Floatzel
|-resisted|p1a: Floatzel
|-damage|p1a: Floatzel|49/100 psn
|-unboost|p1a: Floatzel|atk|1
|
|-weather|none
|-heal|p2a: Toxapex|80/100|[from] item: Leftovers
|-damage|p1a: Floatzel|37/100 psn|[from] psn
|upkeep
|turn|27
|
|t:|1779630595
|move|p1a: Floatzel|Flip Turn|p2a: Toxapex
|-resisted|p2a: Toxapex
|-damage|p2a: Toxapex|74/100
|
|t:|1779630598
|switch|p1a: Politoed|Politoed, M|100/100|[from] Flip Turn
|-status|p1a: Politoed|tox
|-weather|RainDance|[from] ability: Drizzle|[of] p1a: Politoed
|move|p2a: Toxapex|Chilling Water|p1a: Politoed
|-resisted|p1a: Politoed
|-damage|p1a: Politoed|93/100 tox
|-unboost|p1a: Politoed|atk|1
|
|-weather|RainDance|[upkeep]
|-heal|p2a: Toxapex|80/100|[from] item: Leftovers
|-damage|p1a: Politoed|87/100 tox|[from] psn
|upkeep
|turn|28
|
|t:|1779630612
|move|p2a: Toxapex|Baneful Bunker|p2a: Toxapex
|-singleturn|p2a: Toxapex|move: Protect
|move|p1a: Politoed|Encore|p2a: Toxapex
|-activate|p2a: Toxapex|move: Protect
|
|-weather|RainDance|[upkeep]
|-heal|p2a: Toxapex|86/100|[from] item: Leftovers
|-damage|p1a: Politoed|75/100 tox|[from] psn
|upkeep
|turn|29
|
|t:|1779630625
|switch|p2a: Magnezone|Magnezone|80/100
|move|p1a: Politoed|Ice Beam|p2a: Magnezone
|-resisted|p2a: Magnezone
|-damage|p2a: Magnezone|71/100
|
|-weather|RainDance|[upkeep]
|-damage|p1a: Politoed|57/100 tox|[from] psn
|upkeep
|turn|30
|
|t:|1779630631
|switch|p1a: Kingdra|Kingdra, F|100/100
|-status|p1a: Kingdra|tox
|move|p2a: Magnezone|Thunderbolt|p1a: Kingdra
|-damage|p1a: Kingdra|35/100 tox
|
|-weather|RainDance|[upkeep]
|-damage|p1a: Kingdra|29/100 tox|[from] psn
|upkeep
|turn|31
|
|t:|1779630642
|switch|p2a: Toxapex|Toxapex, F|100/100
|move|p1a: Kingdra|Surf|p2a: Toxapex
|-resisted|p2a: Toxapex
|-damage|p2a: Toxapex|58/100
|
|-weather|RainDance|[upkeep]
|-heal|p2a: Toxapex|65/100|[from] item: Leftovers
|-damage|p1a: Kingdra|17/100 tox|[from] psn
|upkeep
|turn|32
|-message|BoGosse971 forfeited.
|
|win|yesnet
|raw|BoGosse971's rating: 1186 &rarr; <strong>1158</strong><br />(-28 for losing)
|raw|yesnet's rating: 1148 &rarr; <strong>1176</strong><br />(+28 for winning)
|l|☆BoGosse971
|player|p1|
|l|☆yesnet
|player|p2|
