|j|☆plixim
|j|☆AstolfoLover15
|t:|1779630855
|gametype|singles
|player|p1|plixim|1|1221
|player|p2|AstolfoLover15|170|1201
|gen|9
|tier|[Gen 9] OU
|rated|
|rule|HP Percentage Mod: HP is shown in percentages
|rule|Endless Battle Clause: Forcing endless battles is banned
|rule|Species Clause: Limit one of each Pokémon
|rule|OHKO Clause: OHKO moves are banned
|rule|Evasion Items Clause: Evasion items are banned
|rule|Evasion Moves Clause: Evasion moves are banned
|rule|Evasion Abilities Clause: Evasion abilities are banned
|rule|Sleep Moves Clause: Sleep-inducing moves are banned
|clearpoke
|poke|p1|Vespiquen, F|
|poke|p1|Slowking-Galar, F|
|poke|p1|Great Tusk|
|poke|p1|Corviknight, F|
|poke|p1|Hatterene, F|
|poke|p1|Ceruledge, M|
|poke|p2|Grimmsnarl, M|
|poke|p2|Iron Treads|
|poke|p2|Raging Bolt|
|poke|p2|Deoxys-Speed|
|poke|p2|Ogerpon-Wellspring, F|
|poke|p2|Ceruledge, M|
|teampreview
|inactive|Battle timer is ON: inactive players will automatically lose when time's up. (requested by AstolfoLover15)
|
|t:|1779630880
|teamsize|p1|6
|teamsize|p2|6
|start
|switch|p1a: Hatterene|Hatterene, F|100/100
|switch|p2a: Grimmsnarl|Grimmsnarl, M, shiny|100/100
|turn|1
|
|t:|1779630886
|switch|p2a: Iron Treads|Iron Treads|100/100
|-enditem|p2a: Iron Treads|Booster Energy
|-activate|p2a: Iron Treads|ability: Quark Drive|[fromitem]
|-start|p2a: Iron Treads|quarkdrivespe
|move|p1a: Hatterene|Nuzzle|p2a: Iron Treads
|-immune|p2a: Iron Treads
|
|upkeep
|turn|2
|
|t:|1779630899
|switch|p1a: Corviknight|Corviknight, F|100/100
|-ability|p1a: Corviknight|Pressure
|move|p2a: Iron Treads|Stealth Rock|p1a: Corviknight
|-sidestart|p1: plixim|move: Stealth Rock
|
|upkeep
|turn|3
|
|t:|1779630906
|-end|p2a: Iron Treads|Quark Drive|[silent]
|switch|p2a: Raging Bolt|Raging Bolt|100/100
|-enditem|p2a: Raging Bolt|Booster Energy
|-activate|p2a: Raging Bolt|ability: Protosynthesis|[fromitem]
|-start|p2a: Raging Bolt|protosynthesisspa
|move|p1a: Corviknight|Defog|p2a: Raging Bolt
|-unboost|p2a: Raging Bolt|evasion|1
|-sideend|p1: plixim|Stealth Rock|[from] move: Defog|[of] p1a: Corviknight
|
|upkeep
|turn|4
|
|t:|1779630915
|switch|p1a: Slowking|Slowking-Galar, F|100/100
|move|p2a: Raging Bolt|Dragon Pulse|p1a: Slowking
|-damage|p1a: Slowking|64/100
|
|-heal|p1a: Slowking|71/100|[from] item: Leftovers
|upkeep
|turn|5
|
|t:|1779630921
|move|p2a: Raging Bolt|Calm Mind|p2a: Raging Bolt
|-boost|p2a: Raging Bolt|spa|1
|-boost|p2a: Raging Bolt|spd|1
|move|p1a: Slowking|Sludge Bomb|p2a: Raging Bolt
|-damage|p2a: Raging Bolt|82/100
|-status|p2a: Raging Bolt|psn
|
|-heal|p1a: Slowking|77/100|[from] item: Leftovers
|-damage|p2a: Raging Bolt|69/100 psn|[from] psn
|upkeep
|turn|6
|
|t:|1779630931
|move|p2a: Raging Bolt|Dragon Pulse|p1a: Slowking
|-damage|p1a: Slowking|22/100
|move|p1a: Slowking|Future Sight|p2a: Raging Bolt
|-start|p1a: Slowking|move: Future Sight
|
|-heal|p1a: Slowking|28/100|[from] item: Leftovers
|-damage|p2a: Raging Bolt|57/100 psn|[from] psn
|upkeep
|turn|7
|
|t:|1779630942
|switch|p1a: Hatterene|Hatterene, F|100/100
|move|p2a: Raging Bolt|Thunderbolt|p1a: Hatterene
|-damage|p1a: Hatterene|0 fnt
|faint|p1a: Hatterene
|
|-damage|p2a: Raging Bolt|44/100 psn|[from] psn
|upkeep
|
|t:|1779630956
|switch|p1a: Ceruledge|Ceruledge, M|100/100
|turn|8
|
|t:|1779630960
|move|p2a: Raging Bolt|Thunderclap||[still]
|-fail|p2a: Raging Bolt
|move|p1a: Ceruledge|Swords Dance|p1a: Ceruledge
|-boost|p1a: Ceruledge|atk|2
|
|-end|p2a: Raging Bolt|move: Future Sight
|-damage|p2a: Raging Bolt|18/100 psn
|-damage|p2a: Raging Bolt|5/100 psn|[from] psn
|upkeep
|turn|9
|
|t:|1779630968
|move|p1a: Ceruledge|Swords Dance|p1a: Ceruledge
|-boost|p1a: Ceruledge|atk|2
|move|p2a: Raging Bolt|Thunderbolt|p1a: Ceruledge
|-enditem|p1a: Ceruledge|Focus Sash
|-damage|p1a: Ceruledge|1/100
|
|-damage|p2a: Raging Bolt|0 fnt|[from] psn
|faint|p2a: Raging Bolt
|-end|p2a: Raging Bolt|Protosynthesis|[silent]
|upkeep
|
|t:|1779630983
|switch|p2a: Iron Treads|Iron Treads|100/100
|turn|10
|
|t:|1779630994
|move|p1a: Ceruledge|Shadow Sneak|p2a: Iron Treads
|-damage|p2a: Iron Treads|42/100
|move|p2a: Iron Treads|Earth Power|p1a: Ceruledge
|-supereffective|p1a: Ceruledge
|-damage|p1a: Ceruledge|0 fnt
|faint|p1a: Ceruledge
|
|upkeep
|
|t:|1779631003
|switch|p1a: Vespiquen|Vespiquen, F|100/100
|-ability|p1a: Vespiquen|Pressure
|turn|11
|
|t:|1779631007
|move|p2a: Iron Treads|Stealth Rock|p1a: Vespiquen
|-sidestart|p1: plixim|move: Stealth Rock
|move|p1a: Vespiquen|Defend Order|p1a: Vespiquen
|-boost|p1a: Vespiquen|def|1
|-boost|p1a: Vespiquen|spd|1
|
|upkeep
|turn|12
|
|t:|1779631015
|-end|p2a: Iron Treads|Quark Drive|[silent]
|switch|p2a: Ceruledge|Ceruledge, M|100/100
|move|p1a: Vespiquen|Substitute|p1a: Vespiquen
|-start|p1a: Vespiquen|Substitute
|-damage|p1a: Vespiquen|75/100
|
|-heal|p1a: Vespiquen|82/100|[from] item: Leftovers
|upkeep
|turn|13
|
|t:|1779631022
|move|p2a: Ceruledge|Swords Dance|p2a: Ceruledge
|-boost|p2a: Ceruledge|atk|2
|move|p1a: Vespiquen|Fell Stinger|p2a: Ceruledge
|-resisted|p2a: Ceruledge
|-damage|p2a: Ceruledge|96/100
|-ability|p2a: Ceruledge|Weak Armor|boost
|-unboost|p2a: Ceruledge|def|1
|-boost|p2a: Ceruledge|spe|2
|
|-heal|p1a: Vespiquen|88/100|[from] item: Leftovers
|upkeep
|turn|14
|
|t:|1779631033
|-terastallize|p1a: Vespiquen|Normal
|move|p2a: Ceruledge|Bitter Blade|p1a: Vespiquen
|-end|p1a: Vespiquen|Substitute
|-heal|p2a: Ceruledge|100/100|[from] drain|[of] p1a: Vespiquen
|-damage|p2a: Ceruledge|90/100|[from] item: Life Orb
|move|p1a: Vespiquen|Defend Order|p1a: Vespiquen
|-boost|p1a: Vespiquen|def|1
|-boost|p1a: Vespiquen|spd|1
|
|-heal|p1a: Vespiquen|94/100|[from] item: Leftovers
|upkeep
|turn|15
|
|t:|1779631044
|move|p2a: Ceruledge|Bitter Blade|p1a: Vespiquen
|-damage|p1a: Vespiquen|38/100
|-heal|p2a: Ceruledge|100/100|[from] drain|[of] p1a: Vespiquen
|-damage|p2a: Ceruledge|90/100|[from] item: Life Orb
|move|p1a: Vespiquen|Substitute|p1a: Vespiquen
|-start|p1a: Vespiquen|Substitute
|-damage|p1a: Vespiquen|13/100
|
|-heal|p1a: Vespiquen|20/100|[from] item: Leftovers
|upkeep
|turn|16
|
|t:|1779631053
|move|p2a: Ceruledge|Bitter Blade|p1a: Vespiquen
|-end|p1a: Vespiquen|Substitute
|-heal|p2a: Ceruledge|100/100|[from] drain|[of] p1a: Vespiquen
|-damage|p2a: Ceruledge|90/100|[from] item: Life Orb
|move|p1a: Vespiquen|Roost|p1a: Vespiquen
|-heal|p1a: Vespiquen|70/100
|
|-heal|p1a: Vespiquen|76/100|[from] item: Leftovers
|upkeep
|turn|17
|
|t:|1779631062
|move|p2a: Ceruledge|Bitter Blade|p1a: Vespiquen
|-damage|p1a: Vespiquen|18/100
|-heal|p2a: Ceruledge|100/100|[from] drain|[of] p1a: Vespiquen
|-damage|p2a: Ceruledge|90/100|[from] item: Life Orb
|move|p1a: Vespiquen|Defend Order|p1a: Vespiquen
|-boost|p1a: Vespiquen|def|1
|-boost|p1a: Vespiquen|spd|1
|
|-heal|p1a: Vespiquen|24/100|[from] item: Leftovers
|upkeep
|turn|18
|
|t:|1779631071
|move|p2a: Ceruledge|Bitter Blade|p1a: Vespiquen
|-damage|p1a: Vespiquen|0 fnt
|-heal|p2a: Ceruledge|100/100|[from] drain|[of] p1a: Vespiquen
|faint|p1a: Vespiquen
|-damage|p2a: Ceruledge|90/100|[from] item: Life Orb
|
|upkeep
|
|t:|1779631078
|switch|p1a: Great Tusk|Great Tusk|100/100
|-damage|p1a: Great Tusk|98/100|[from] Stealth Rock
|turn|19
|c|☆AstolfoLover15|what is that vespiqueen set up
|
|t:|1779631083
|move|p2a: Ceruledge|Bitter Blade|p1a: Great Tusk
|-crit|p1a: Great Tusk
|-damage|p1a: Great Tusk|0 fnt
|-heal|p2a: Ceruledge|100/100|[from] drain|[of] p1a: Great Tusk
|faint|p1a: Great Tusk
|-end|p1a: Great Tusk|Protosynthesis|[silent]
|-damage|p2a: Ceruledge|90/100|[from] item: Life Orb
|
|upkeep
|
|t:|1779631094
|switch|p1a: Corviknight|Corviknight, F|100/100
|-damage|p1a: Corviknight|88/100|[from] Stealth Rock
|-ability|p1a: Corviknight|Pressure
|turn|20
|
|t:|1779631099
|move|p2a: Ceruledge|Bitter Blade|p1a: Corviknight
|-supereffective|p1a: Corviknight
|-damage|p1a: Corviknight|0 fnt
|-heal|p2a: Ceruledge|100/100|[from] drain|[of] p1a: Corviknight
|faint|p1a: Corviknight
|-damage|p2a: Ceruledge|90/100|[from] item: Life Orb
|
|upkeep
|
|t:|1779631102
|switch|p1a: Slowking|Slowking-Galar, F|61/100
|-damage|p1a: Slowking|49/100|[from] Stealth Rock
|turn|21
|
|t:|1779631108
|move|p2a: Ceruledge|Shadow Sneak|p1a: Slowking
|-supereffective|p1a: Slowking
|-damage|p1a: Slowking|0 fnt
|faint|p1a: Slowking
|-damage|p2a: Ceruledge|80/100|[from] item: Life Orb
|
|win|AstolfoLover15
|raw|plixim's rating: 1221 &rarr; <strong>1195</strong><br />(-26 for losing)
|raw|AstolfoLover15's rating: 1201 &rarr; <strong>1227</strong><br />(+26 for winning)
|l|☆plixim
|player|p1|
|l|☆AstolfoLover15
|player|p2|
