|inactive|Battle timer is ON: inactive players will automatically lose when time's up.
|t:|1779647953
|gametype|singles
|player|p1|impersonxtor|#wcop2026uk|
|player|p2|Adryl ♫|lyra|
|gen|9
|tier|[Gen 9] OU
|rule|HP Percentage Mod: HP is shown in percentages
|rule|Endless Battle Clause: Forcing endless battles is banned
|rule|Species Clause: Limit one of each Pokémon
|rule|OHKO Clause: OHKO moves are banned
|rule|Evasion Items Clause: Evasion items are banned
|rule|Evasion Moves Clause: Evasion moves are banned
|rule|Evasion Abilities Clause: Evasion abilities are banned
|rule|Sleep Moves Clause: Sleep-inducing moves are banned
|clearpoke
|poke|p1|Raging Bolt|
|poke|p1|Zamazenta-*|
|poke|p1|Gliscor, M|
|poke|p1|Iron Moth|
|poke|p1|Hatterene, F|
|poke|p1|Ogerpon-Wellspring, F|
|poke|p2|Clefable, M|
|poke|p2|Ting-Lu|
|poke|p2|Dragonite, M|
|poke|p2|Gholdengo|
|poke|p2|Zamazenta-*|
|poke|p2|Meowscarada, F|
|teampreview
|c|☆impersonxtor|hf
|c|☆Adryl ♫|hf!
|inactive|impersonxtor has 270 seconds left.
|inactive|Adryl ♫ has 270 seconds left.
|inactive|Adryl ♫ has 240 seconds left.
|
|t:|1779648015
|teamsize|p1|6
|teamsize|p2|6
|start
|switch|p1a: Iron Moth|Iron Moth|100/100
|switch|p2a: Gholdengo|Gholdengo|100/100
|-enditem|p1a: Iron Moth|Booster Energy
|-activate|p1a: Iron Moth|ability: Quark Drive|[fromitem]
|-start|p1a: Iron Moth|quarkdrivespe
|turn|1
|
|t:|1779648023
|switch|p2a: Ting-Lu|Ting-Lu|100/100
|-ability|p2a: Ting-Lu|Vessel of Ruin
|move|p1a: Iron Moth|Toxic Spikes|p2a: Ting-Lu
|-sidestart|p2: Adryl ♫|move: Toxic Spikes
|
|upkeep
|turn|2
|
|t:|1779648033
|move|p1a: Iron Moth|U-turn|p2a: Ting-Lu
|-supereffective|p2a: Ting-Lu
|-damage|p2a: Ting-Lu|89/100
|
|t:|1779648037
|-end|p1a: Iron Moth|Quark Drive|[silent]
|switch|p1a: Gliscor|Gliscor, M|100/100|[from] U-turn
|move|p2a: Ting-Lu|Earthquake|p1a: Gliscor
|-immune|p1a: Gliscor
|
|-heal|p2a: Ting-Lu|95/100|[from] item: Leftovers
|-status|p1a: Gliscor|tox|[from] item: Toxic Orb
|upkeep
|turn|3
|
|t:|1779648046
|switch|p1a: Ogerpon|Ogerpon-Wellspring, F|100/100
|move|p2a: Ting-Lu|Stealth Rock|p1a: Ogerpon
|-sidestart|p1: impersonxtor|move: Stealth Rock
|
|-heal|p2a: Ting-Lu|100/100|[from] item: Leftovers
|upkeep
|turn|4
|
|t:|1779648052
|switch|p2a: LA DZ POUISSANCE|Dragonite, M|100/100
|move|p1a: Ogerpon|Swords Dance|p1a: Ogerpon
|-boost|p1a: Ogerpon|atk|2
|
|upkeep
|turn|5
|
|t:|1779648059
|move|p1a: Ogerpon|Ivy Cudgel|p2a: LA DZ POUISSANCE|[anim] Ivy Cudgel Water
|-resisted|p2a: LA DZ POUISSANCE
|-damage|p2a: LA DZ POUISSANCE|66/100
|move|p2a: LA DZ POUISSANCE|Dragon Dance|p2a: LA DZ POUISSANCE
|-boost|p2a: LA DZ POUISSANCE|atk|1
|-boost|p2a: LA DZ POUISSANCE|spe|1
|
|upkeep
|turn|6
|
|t:|1779648070
|move|p2a: LA DZ POUISSANCE|Roost|p2a: LA DZ POUISSANCE
|-heal|p2a: LA DZ POUISSANCE|100/100
|-singleturn|p2a: LA DZ POUISSANCE|move: Roost
|move|p1a: Ogerpon|Ivy Cudgel|p2a: LA DZ POUISSANCE|[anim] Ivy Cudgel Water
|-resisted|p2a: LA DZ POUISSANCE
|-damage|p2a: LA DZ POUISSANCE|70/100
|
|upkeep
|turn|7
|
|t:|1779648077
|move|p2a: LA DZ POUISSANCE|Extreme Speed|p1a: Ogerpon
|-damage|p1a: Ogerpon|44/100
|move|p1a: Ogerpon|Ivy Cudgel|p2a: LA DZ POUISSANCE|[anim] Ivy Cudgel Water
|-resisted|p2a: LA DZ POUISSANCE
|-damage|p2a: LA DZ POUISSANCE|2/100
|
|upkeep
|turn|8
|
|t:|1779648085
|move|p2a: LA DZ POUISSANCE|Extreme Speed|p1a: Ogerpon
|-damage|p1a: Ogerpon|0 fnt
|faint|p1a: Ogerpon
|
|upkeep
|
|t:|1779648087
|switch|p1a: Zamazenta|Zamazenta|100/100
|-damage|p1a: Zamazenta|94/100|[from] Stealth Rock
|-ability|p1a: Zamazenta|Dauntless Shield|boost
|-boost|p1a: Zamazenta|def|1
|turn|9
|
|t:|1779648104
|switch|p2a: Zamazenta|Zamazenta|100/100
|-ability|p2a: Zamazenta|Dauntless Shield|boost
|-boost|p2a: Zamazenta|def|1
|move|p1a: Zamazenta|Close Combat|p2a: Zamazenta
|-damage|p2a: Zamazenta|69/100
|-unboost|p1a: Zamazenta|def|1
|-unboost|p1a: Zamazenta|spd|1
|
|upkeep
|turn|10
|
|t:|1779648112
|move|p2a: Zamazenta|Close Combat|p1a: Zamazenta
|-damage|p1a: Zamazenta|50/100
|-unboost|p2a: Zamazenta|def|1
|-unboost|p2a: Zamazenta|spd|1
|move|p1a: Zamazenta|Reflect|p1a: Zamazenta
|-sidestart|p1: impersonxtor|Reflect
|
|upkeep
|turn|11
|
|t:|1779648123
|switch|p2a: Clefable|Clefable, M|100/100
|-status|p2a: Clefable|psn
|switch|p1a: Iron Moth|Iron Moth|100/100
|-damage|p1a: Iron Moth|76/100|[from] Stealth Rock
|
|upkeep
|turn|12
|
|t:|1779648129
|switch|p2a: Ting-Lu|Ting-Lu|100/100
|-status|p2a: Ting-Lu|psn
|-ability|p2a: Ting-Lu|Vessel of Ruin
|move|p1a: Iron Moth|U-turn|p2a: Ting-Lu
|-supereffective|p2a: Ting-Lu
|-damage|p2a: Ting-Lu|88/100 psn
|
|t:|1779648132
|-end|p1a: Iron Moth|Quark Drive|[silent]
|switch|p1a: Hatterene|Hatterene, F|100/100|[from] U-turn
|-damage|p1a: Hatterene|88/100|[from] Stealth Rock
|
|-heal|p2a: Ting-Lu|95/100 psn|[from] item: Leftovers
|-heal|p1a: Hatterene|94/100|[from] item: Leftovers
|-damage|p2a: Ting-Lu|82/100 psn|[from] psn
|upkeep
|turn|13
|
|t:|1779648138
|move|p2a: Ting-Lu|Ruination|p1a: Hatterene
|-damage|p1a: Hatterene|48/100
|move|p1a: Hatterene|Calm Mind|p1a: Hatterene
|-boost|p1a: Hatterene|spa|1
|-boost|p1a: Hatterene|spd|1
|
|-heal|p2a: Ting-Lu|88/100 psn|[from] item: Leftovers
|-heal|p1a: Hatterene|53/100|[from] item: Leftovers
|-damage|p2a: Ting-Lu|76/100 psn|[from] psn
|upkeep
|turn|14
|
|t:|1779648158
|switch|p2a: Gholdengo|Gholdengo|100/100
|move|p1a: Hatterene|Mystical Fire|p2a: Gholdengo
|-supereffective|p2a: Gholdengo
|-damage|p2a: Gholdengo|24/100
|-unboost|p2a: Gholdengo|spa|1
|
|-heal|p1a: Hatterene|59/100|[from] item: Leftovers
|upkeep
|turn|15
|
|t:|1779648164
|switch|p1a: Iron Moth|Iron Moth|76/100
|-damage|p1a: Iron Moth|51/100|[from] Stealth Rock
|move|p2a: Gholdengo|Trick|p1a: Iron Moth
|-activate|p2a: Gholdengo|move: Trick|[of] p1a: Iron Moth
|-item|p1a: Iron Moth|Choice Scarf|[from] move: Trick
|-enditem|p2a: Gholdengo|Choice Scarf|[silent]|[from] move: Trick
|
|upkeep
|turn|16
|
|t:|1779648174
|switch|p2a: Ting-Lu|Ting-Lu|76/100 psn
|-ability|p2a: Ting-Lu|Vessel of Ruin
|move|p1a: Iron Moth|Fiery Dance|p2a: Ting-Lu
|-damage|p2a: Ting-Lu|58/100 psn
|-boost|p1a: Iron Moth|spa|1
|
|-heal|p2a: Ting-Lu|64/100 psn|[from] item: Leftovers
|-damage|p2a: Ting-Lu|52/100 psn|[from] psn
|upkeep
|turn|17
|
|t:|1779648182
|-end|p1a: Iron Moth|Quark Drive|[silent]
|switch|p1a: Hatterene|Hatterene, F|59/100
|-damage|p1a: Hatterene|47/100|[from] Stealth Rock
|move|p2a: Ting-Lu|Ruination|p1a: Hatterene
|-damage|p1a: Hatterene|24/100
|
|-heal|p2a: Ting-Lu|58/100 psn|[from] item: Leftovers
|-heal|p1a: Hatterene|30/100|[from] item: Leftovers
|-damage|p2a: Ting-Lu|45/100 psn|[from] psn
|-sideend|p1: impersonxtor|Reflect
|upkeep
|turn|18
|
|t:|1779648188
|switch|p1a: Gliscor|Gliscor, M|100/100 tox
|-damage|p1a: Gliscor|88/100 tox|[from] Stealth Rock
|move|p2a: Ting-Lu|Earthquake|p1a: Gliscor
|-immune|p1a: Gliscor
|
|-heal|p2a: Ting-Lu|52/100 psn|[from] item: Leftovers
|-heal|p1a: Gliscor|100/100 tox|[from] ability: Poison Heal
|-damage|p2a: Ting-Lu|39/100 psn|[from] psn
|upkeep
|turn|19
|
|t:|1779648197
|switch|p1a: Zamazenta|Zamazenta|50/100
|-damage|p1a: Zamazenta|44/100|[from] Stealth Rock
|switch|p2a: Meowscarada|Meowscarada, F|100/100
|
|upkeep
|turn|20
|
|t:|1779648204
|switch|p2a: Gholdengo|Gholdengo|24/100
|move|p1a: Zamazenta|Reflect|p1a: Zamazenta
|-sidestart|p1: impersonxtor|Reflect
|
|upkeep
|turn|21
|
|t:|1779648210
|move|p1a: Zamazenta|Light Screen|p1a: Zamazenta
|-sidestart|p1: impersonxtor|move: Light Screen
|move|p2a: Gholdengo|Recover|p2a: Gholdengo
|-heal|p2a: Gholdengo|74/100
|
|upkeep
|turn|22
|
|t:|1779648217
|switch|p1a: Gliscor|Gliscor, M|100/100 tox
|-damage|p1a: Gliscor|88/100 tox|[from] Stealth Rock
|move|p2a: Gholdengo|Shadow Ball|p1a: Gliscor
|-damage|p1a: Gliscor|60/100 tox
|
|-heal|p1a: Gliscor|72/100 tox|[from] ability: Poison Heal
|upkeep
|turn|23
|
|t:|1779648223
|switch|p2a: Meowscarada|Meowscarada, F|100/100
|move|p1a: Gliscor|Swords Dance|p1a: Gliscor
|-boost|p1a: Gliscor|atk|2
|
|-heal|p1a: Gliscor|85/100 tox|[from] ability: Poison Heal
|upkeep
|turn|24
|
|t:|1779648229
|-terastallize|p1a: Gliscor|Normal
|move|p2a: Meowscarada|Triple Axel|p1a: Gliscor
|-start|p2a: Meowscarada|typechange|Ice|[from] ability: Protean
|-damage|p1a: Gliscor|81/100 tox
|-damage|p1a: Gliscor|74/100 tox
|-damage|p1a: Gliscor|62/100 tox
|-hitcount|p1a: Gliscor|3
|move|p1a: Gliscor|Agility|p1a: Gliscor
|-boost|p1a: Gliscor|spe|2
|
|-heal|p1a: Gliscor|74/100 tox|[from] ability: Poison Heal
|upkeep
|turn|25
|
|t:|1779648240
|move|p1a: Gliscor|Swords Dance|p1a: Gliscor
|-boost|p1a: Gliscor|atk|2
|move|p2a: Meowscarada|U-turn|p1a: Gliscor
|-damage|p1a: Gliscor|64/100 tox
|
|t:|1779648245
|switch|p2a: Clefable|Clefable, M|100/100 psn|[from] U-turn
|
|-heal|p1a: Gliscor|76/100 tox|[from] ability: Poison Heal
|upkeep
|turn|26
|
|t:|1779648258
|move|p1a: Gliscor|Facade|p2a: Clefable
|-damage|p2a: Clefable|0 fnt
|faint|p2a: Clefable
|
|-heal|p1a: Gliscor|89/100 tox|[from] ability: Poison Heal
|upkeep
|
|t:|1779648265
|switch|p2a: Zamazenta|Zamazenta|69/100
|turn|27
|
|t:|1779648272
|-terastallize|p2a: Zamazenta|Steel
|move|p1a: Gliscor|Earthquake|p2a: Zamazenta
|-supereffective|p2a: Zamazenta
|-damage|p2a: Zamazenta|0 fnt
|faint|p2a: Zamazenta
|
|-heal|p1a: Gliscor|100/100 tox|[from] ability: Poison Heal
|-sideend|p1: impersonxtor|Reflect
|upkeep
|c|☆Adryl ♫|gg
|-message|Adryl ♫ forfeited.
|
|win|impersonxtor
