|j|☆Swolecandy
|j|☆Miku de Farnese
|t:|1779718796
|gametype|singles
|player|p1|Swolecandy|1|1466
|player|p2|Miku de Farnese|265|1543
|gen|9
|tier|[Gen 9] OU
|rated|
|rule|HP Percentage Mod: HP is shown in percentages
|rule|Endless Battle Clause: Forcing endless battles is banned
|rule|Species Clause: Limit one of each Pokémon
|rule|OHKO Clause: OHKO moves are banned
|rule|Evasion Items Clause: Evasion items are banned
|rule|Evasion Moves Clause: Evasion moves are banned
|rule|Evasion Abilities Clause: Evasion abilities are banned
|rule|Sleep Moves Clause: Sleep-inducing moves are banned
|clearpoke
|poke|p1|Iron Moth|
|poke|p1|Gliscor, F|
|poke|p1|Hatterene, F|
|poke|p1|Ogerpon-Wellspring, F|
|poke|p1|Raging Bolt|
|poke|p1|Zamazenta-*|
|poke|p2|Blissey, F|
|poke|p2|Alomomola, F|
|poke|p2|Clodsire, F|
|poke|p2|Dondozo, M|
|poke|p2|Skarmory, M|
|poke|p2|Raikou|
|teampreview
|c|☆Swolecandy|Ugh
|
|t:|1779718825
|teamsize|p1|6
|teamsize|p2|6
|start
|switch|p1a: Zamazenta|Zamazenta|100/100
|switch|p2a: DeTypeAcier|Skarmory, M, shiny|100/100
|-ability|p1a: Zamazenta|Dauntless Shield|boost
|-boost|p1a: Zamazenta|def|1
|turn|1
|
|t:|1779718836
|switch|p2a: Stonk|Alomomola, F, shiny|100/100
|move|p1a: Zamazenta|Reflect|p1a: Zamazenta
|-sidestart|p1: Swolecandy|Reflect
|
|upkeep
|turn|2
|
|t:|1779718841
|switch|p1a: Gliscor|Gliscor, F|100/100
|move|p2a: Stonk|Scald|p1a: Gliscor
|-supereffective|p1a: Gliscor
|-damage|p1a: Gliscor|63/100
|
|-status|p1a: Gliscor|tox|[from] item: Toxic Orb
|upkeep
|turn|3
|
|t:|1779718857
|switch|p1a: Zamazenta|Zamazenta|100/100
|move|p2a: Stonk|Protect||[still]
|-fail|p2a: Stonk
|
|upkeep
|turn|4
|
|t:|1779718863
|move|p1a: Zamazenta|Light Screen|p1a: Zamazenta
|-sidestart|p1: Swolecandy|move: Light Screen
|move|p2a: Stonk|Scald|p1a: Zamazenta
|-damage|p1a: Zamazenta|95/100
|
|upkeep
|turn|5
|
|t:|1779718874
|switch|p1a: Ogerpon|Ogerpon-Wellspring, F|100/100
|move|p2a: Stonk|Scald|p1a: Ogerpon
|-immune|p1a: Ogerpon|[from] ability: Water Absorb
|
|upkeep
|turn|6
|
|t:|1779718884
|switch|p2a: DeTypeAcier|Skarmory, M, shiny|100/100
|move|p1a: Ogerpon|Encore||[still]
|-fail|p1a: Ogerpon
|
|upkeep
|turn|7
|
|t:|1779718895
|switch|p1a: Gliscor|Gliscor, F|63/100 tox
|move|p2a: DeTypeAcier|Body Press|p1a: Gliscor
|-resisted|p1a: Gliscor
|-damage|p1a: Gliscor|56/100 tox
|
|-heal|p1a: Gliscor|68/100 tox|[from] ability: Poison Heal
|upkeep
|turn|8
|
|t:|1779718919
|move|p1a: Gliscor|Facade|p2a: DeTypeAcier
|-resisted|p2a: DeTypeAcier
|-damage|p2a: DeTypeAcier|87/100
|-damage|p1a: Gliscor|52/100 tox|[from] item: Rocky Helmet|[of] p2a: DeTypeAcier
|move|p2a: DeTypeAcier|Iron Defense|p2a: DeTypeAcier
|-boost|p2a: DeTypeAcier|def|2
|
|-heal|p1a: Gliscor|64/100 tox|[from] ability: Poison Heal
|-sideend|p1: Swolecandy|Reflect
|upkeep
|turn|9
|inactive|Battle timer is ON: inactive players will automatically lose when time's up. (requested by Swolecandy)
|
|t:|1779718927
|switch|p1a: Ogerpon|Ogerpon-Wellspring, F|100/100
|move|p2a: DeTypeAcier|Spikes|p1a: Ogerpon
|-sidestart|p1: Swolecandy|Spikes
|
|upkeep
|turn|10
|
|t:|1779718932
|move|p1a: Ogerpon|Encore|p2a: DeTypeAcier
|-start|p2a: DeTypeAcier|Encore
|move|p2a: DeTypeAcier|Spikes|p1a: Ogerpon
|-sidestart|p1: Swolecandy|Spikes
|
|upkeep
|turn|11
|
|t:|1779718938
|switch|p2a: Pinocchioisdead|Dondozo, M, shiny|100/100
|move|p1a: Ogerpon|Ivy Cudgel|p2a: Pinocchioisdead|[anim] Ivy Cudgel Water
|-resisted|p2a: Pinocchioisdead
|-damage|p2a: Pinocchioisdead|86/100
|
|-sideend|p1: Swolecandy|move: Light Screen
|upkeep
|turn|12
|
|t:|1779718944
|switch|p2a: DeTypeAcier|Skarmory, M, shiny|87/100
|move|p1a: Ogerpon|Trailblaze|p2a: DeTypeAcier
|-resisted|p2a: DeTypeAcier
|-damage|p2a: DeTypeAcier|82/100
|-boost|p1a: Ogerpon|spe|1
|-damage|p1a: Ogerpon|84/100|[from] item: Rocky Helmet|[of] p2a: DeTypeAcier
|
|upkeep
|turn|13
|
|t:|1779718958
|move|p1a: Ogerpon|Ivy Cudgel|p2a: DeTypeAcier|[anim] Ivy Cudgel Water
|-damage|p2a: DeTypeAcier|41/100
|move|p2a: DeTypeAcier|Body Press|p1a: Ogerpon
|-damage|p1a: Ogerpon|47/100
|
|upkeep
|turn|14
|
|t:|1779718968
|move|p1a: Ogerpon|Ivy Cudgel|p2a: DeTypeAcier|[anim] Ivy Cudgel Water
|-damage|p2a: DeTypeAcier|2/100
|move|p2a: DeTypeAcier|Roost|p2a: DeTypeAcier
|-heal|p2a: DeTypeAcier|52/100
|-singleturn|p2a: DeTypeAcier|move: Roost
|
|upkeep
|turn|15
|
|t:|1779718974
|move|p1a: Ogerpon|Ivy Cudgel|p2a: DeTypeAcier|[anim] Ivy Cudgel Water
|-damage|p2a: DeTypeAcier|11/100
|move|p2a: DeTypeAcier|Roost|p2a: DeTypeAcier
|-heal|p2a: DeTypeAcier|61/100
|-singleturn|p2a: DeTypeAcier|move: Roost
|
|upkeep
|turn|16
|
|t:|1779718981
|move|p1a: Ogerpon|Swords Dance|p1a: Ogerpon
|-boost|p1a: Ogerpon|atk|2
|move|p2a: DeTypeAcier|Roost|p2a: DeTypeAcier
|-heal|p2a: DeTypeAcier|100/100
|-singleturn|p2a: DeTypeAcier|move: Roost
|
|upkeep
|turn|17
|
|t:|1779718991
|switch|p2a: Pinocchioisdead|Dondozo, M, shiny|86/100
|move|p1a: Ogerpon|Encore||[still]
|-fail|p1a: Ogerpon
|
|upkeep
|turn|18
|
|t:|1779719006
|move|p1a: Ogerpon|Trailblaze|p2a: Pinocchioisdead
|-supereffective|p2a: Pinocchioisdead
|-damage|p2a: Pinocchioisdead|57/100
|-boost|p1a: Ogerpon|spe|1
|move|p2a: Pinocchioisdead|Curse|p2a: Pinocchioisdead
|-unboost|p2a: Pinocchioisdead|spe|1
|-boost|p2a: Pinocchioisdead|atk|1
|-boost|p2a: Pinocchioisdead|def|1
|
|upkeep
|turn|19
|
|t:|1779719016
|move|p1a: Ogerpon|Encore|p2a: Pinocchioisdead
|-start|p2a: Pinocchioisdead|Encore
|move|p2a: Pinocchioisdead|Curse|p2a: Pinocchioisdead
|-unboost|p2a: Pinocchioisdead|spe|1
|-boost|p2a: Pinocchioisdead|atk|1
|-boost|p2a: Pinocchioisdead|def|1
|
|upkeep
|turn|20
|
|t:|1779719023
|move|p1a: Ogerpon|Trailblaze|p2a: Pinocchioisdead
|-supereffective|p2a: Pinocchioisdead
|-damage|p2a: Pinocchioisdead|44/100
|-boost|p1a: Ogerpon|spe|1
|move|p2a: Pinocchioisdead|Curse|p2a: Pinocchioisdead
|-unboost|p2a: Pinocchioisdead|spe|1
|-boost|p2a: Pinocchioisdead|atk|1
|-boost|p2a: Pinocchioisdead|def|1
|
|upkeep
|turn|21
|
|t:|1779719041
|move|p1a: Ogerpon|Swords Dance|p1a: Ogerpon
|-boost|p1a: Ogerpon|atk|2
|move|p2a: Pinocchioisdead|Curse|p2a: Pinocchioisdead
|-unboost|p2a: Pinocchioisdead|spe|1
|-boost|p2a: Pinocchioisdead|atk|1
|-boost|p2a: Pinocchioisdead|def|1
|
|-end|p2a: Pinocchioisdead|Encore
|upkeep
|turn|22
|
|t:|1779719049
|move|p1a: Ogerpon|Encore|p2a: Pinocchioisdead
|-start|p2a: Pinocchioisdead|Encore
|move|p2a: Pinocchioisdead|Curse|p2a: Pinocchioisdead
|-unboost|p2a: Pinocchioisdead|spe|1
|-boost|p2a: Pinocchioisdead|atk|1
|-boost|p2a: Pinocchioisdead|def|1
|
|upkeep
|turn|23
|
|t:|1779719056
|move|p1a: Ogerpon|Ivy Cudgel|p2a: Pinocchioisdead|[anim] Ivy Cudgel Water
|-resisted|p2a: Pinocchioisdead
|-damage|p2a: Pinocchioisdead|39/100
|move|p2a: Pinocchioisdead|Curse|p2a: Pinocchioisdead
|-unboost|p2a: Pinocchioisdead|spe|1
|-boost|p2a: Pinocchioisdead|atk|1
|-boost|p2a: Pinocchioisdead|def|1
|
|upkeep
|turn|24
|
|t:|1779719063
|move|p1a: Ogerpon|Trailblaze|p2a: Pinocchioisdead
|-supereffective|p2a: Pinocchioisdead
|-damage|p2a: Pinocchioisdead|32/100
|-boost|p1a: Ogerpon|spe|1
|move|p2a: Pinocchioisdead|Curse|p2a: Pinocchioisdead
|
|-end|p2a: Pinocchioisdead|Encore
|upkeep
|turn|25
|
|t:|1779719073
|move|p1a: Ogerpon|Encore|p2a: Pinocchioisdead
|-start|p2a: Pinocchioisdead|Encore
|move|p2a: Pinocchioisdead|Curse|p2a: Pinocchioisdead
|
|upkeep
|turn|26
|
|t:|1779719077
|move|p1a: Ogerpon|Trailblaze|p2a: Pinocchioisdead
|-supereffective|p2a: Pinocchioisdead
|-damage|p2a: Pinocchioisdead|24/100
|-boost|p1a: Ogerpon|spe|1
|move|p2a: Pinocchioisdead|Curse|p2a: Pinocchioisdead
|
|upkeep
|turn|27
|
|t:|1779719083
|move|p1a: Ogerpon|Trailblaze|p2a: Pinocchioisdead
|-supereffective|p2a: Pinocchioisdead
|-damage|p2a: Pinocchioisdead|17/100
|-boost|p1a: Ogerpon|spe|1
|move|p2a: Pinocchioisdead|Curse|p2a: Pinocchioisdead
|
|-end|p2a: Pinocchioisdead|Encore
|upkeep
|turn|28
|inactive|Miku de Farnese has 120 seconds left.
|
|t:|1779719133
|switch|p2a: Stonk|Alomomola, F, shiny|100/100
|move|p1a: Ogerpon|Encore||[still]
|-fail|p1a: Ogerpon
|
|upkeep
|turn|29
|
|t:|1779719147
|move|p2a: Stonk|Protect|p2a: Stonk
|-singleturn|p2a: Stonk|Protect
|move|p1a: Ogerpon|Ivy Cudgel|p2a: Stonk|[anim] Ivy Cudgel Water
|-activate|p2a: Stonk|move: Protect
|
|upkeep
|turn|30
|
|t:|1779719153
|move|p1a: Ogerpon|Ivy Cudgel|p2a: Stonk|[anim] Ivy Cudgel Water
|-resisted|p2a: Stonk
|-damage|p2a: Stonk|51/100
|move|p2a: Stonk|Wish|p2a: Stonk
|
|upkeep
|turn|31
|
|t:|1779719159
|move|p2a: Stonk|Protect|p2a: Stonk
|-singleturn|p2a: Stonk|Protect
|move|p1a: Ogerpon|Swords Dance|p1a: Ogerpon
|-boost|p1a: Ogerpon|atk|2
|
|-heal|p2a: Stonk|100/100|[from] move: Wish|[wisher] Stonk
|upkeep
|turn|32
|inactive|Miku de Farnese has 120 seconds left.
|
|t:|1779719166
|move|p1a: Ogerpon|Encore|p2a: Stonk
|-start|p2a: Stonk|Encore
|move|p2a: Stonk|Protect||[still]
|-fail|p2a: Stonk
|
|upkeep
|turn|33
|inactive|Miku de Farnese has 120 seconds left.
|
|t:|1779719183
|switch|p2a: DeTypeAcier|Skarmory, M, shiny|100/100
|move|p1a: Ogerpon|Ivy Cudgel|p2a: DeTypeAcier|[anim] Ivy Cudgel Water
|-ability|p2a: DeTypeAcier|Sturdy
|-damage|p2a: DeTypeAcier|1/100
|
|upkeep
|turn|34
|inactive|Miku de Farnese has 120 seconds left.
|
|t:|1779719194
|switch|p2a: Stonk|Alomomola, F, shiny|100/100
|move|p1a: Ogerpon|Trailblaze|p2a: Stonk
|-supereffective|p2a: Stonk
|-damage|p2a: Stonk|0 fnt
|faint|p2a: Stonk
|
|upkeep
|inactive|Miku de Farnese has 120 seconds left.
|
|t:|1779719202
|switch|p2a: Pinocchioisdead|Dondozo, M, shiny|17/100
|turn|35
|
|t:|1779719207
|-terastallize|p2a: Pinocchioisdead|Fighting
|move|p1a: Ogerpon|Trailblaze|p2a: Pinocchioisdead
|-damage|p2a: Pinocchioisdead|2/100
|move|p2a: Pinocchioisdead|Rest|p2a: Pinocchioisdead
|-status|p2a: Pinocchioisdead|slp|[from] move: Rest
|-heal|p2a: Pinocchioisdead|100/100 slp|[silent]
|
|upkeep
|turn|36
|
|t:|1779719217
|move|p1a: Ogerpon|Ivy Cudgel|p2a: Pinocchioisdead|[anim] Ivy Cudgel Water
|-damage|p2a: Pinocchioisdead|72/100 slp
|cant|p2a: Pinocchioisdead|slp
|move|p2a: Pinocchioisdead|Sleep Talk|p2a: Pinocchioisdead
|move|p2a: Pinocchioisdead|Liquidation|p1a: Ogerpon|[from] move: Sleep Talk
|-heal|p1a: Ogerpon|72/100|[from] ability: Water Absorb|[of] p2a: Pinocchioisdead
|
|upkeep
|turn|37
|
|t:|1779719227
|move|p1a: Ogerpon|Ivy Cudgel|p2a: Pinocchioisdead|[anim] Ivy Cudgel Water
|-damage|p2a: Pinocchioisdead|43/100 slp
|cant|p2a: Pinocchioisdead|slp
|move|p2a: Pinocchioisdead|Sleep Talk|p2a: Pinocchioisdead
|move|p2a: Pinocchioisdead|Liquidation|p1a: Ogerpon|[from] move: Sleep Talk
|-heal|p1a: Ogerpon|97/100|[from] ability: Water Absorb|[of] p2a: Pinocchioisdead
|
|upkeep
|turn|38
|
|t:|1779719235
|move|p1a: Ogerpon|Ivy Cudgel|p2a: Pinocchioisdead|[anim] Ivy Cudgel Water
|-damage|p2a: Pinocchioisdead|14/100 slp
|-curestatus|p2a: Pinocchioisdead|slp|[msg]
|move|p2a: Pinocchioisdead|Rest|p2a: Pinocchioisdead
|-status|p2a: Pinocchioisdead|slp|[from] move: Rest
|-heal|p2a: Pinocchioisdead|100/100 slp|[silent]
|
|upkeep
|turn|39
|
|t:|1779719243
|move|p1a: Ogerpon|Trailblaze|p2a: Pinocchioisdead
|-damage|p2a: Pinocchioisdead|87/100 slp
|cant|p2a: Pinocchioisdead|slp
|move|p2a: Pinocchioisdead|Sleep Talk|p2a: Pinocchioisdead
|move|p2a: Pinocchioisdead|Rest||[from] move: Sleep Talk|[still]
|-fail|p2a: Pinocchioisdead
|
|upkeep
|turn|40
|
|t:|1779719250
|move|p1a: Ogerpon|Trailblaze|p2a: Pinocchioisdead
|-damage|p2a: Pinocchioisdead|73/100 slp
|cant|p2a: Pinocchioisdead|slp
|move|p2a: Pinocchioisdead|Sleep Talk|p2a: Pinocchioisdead
|move|p2a: Pinocchioisdead|Curse|p2a: Pinocchioisdead|[from] move: Sleep Talk
|-unboost|p2a: Pinocchioisdead|spe|1
|-boost|p2a: Pinocchioisdead|atk|1
|-boost|p2a: Pinocchioisdead|def|1
|
|upkeep
|turn|41
|
|t:|1779719266
|move|p1a: Ogerpon|Trailblaze|p2a: Pinocchioisdead
|-crit|p2a: Pinocchioisdead
|-damage|p2a: Pinocchioisdead|51/100 slp
|-curestatus|p2a: Pinocchioisdead|slp|[msg]
|move|p2a: Pinocchioisdead|Curse|p2a: Pinocchioisdead
|-unboost|p2a: Pinocchioisdead|spe|1
|-boost|p2a: Pinocchioisdead|atk|1
|-boost|p2a: Pinocchioisdead|def|1
|
|upkeep
|turn|42
|
|t:|1779719275
|move|p1a: Ogerpon|Ivy Cudgel|p2a: Pinocchioisdead|[anim] Ivy Cudgel Water
|-damage|p2a: Pinocchioisdead|36/100
|move|p2a: Pinocchioisdead|Rest|p2a: Pinocchioisdead
|-status|p2a: Pinocchioisdead|slp|[from] move: Rest
|-heal|p2a: Pinocchioisdead|100/100 slp|[silent]
|
|upkeep
|turn|43
|
|t:|1779719284
|move|p1a: Ogerpon|Swords Dance|p1a: Ogerpon
|-boost|p1a: Ogerpon|atk|0
|cant|p2a: Pinocchioisdead|slp
|move|p2a: Pinocchioisdead|Sleep Talk|p2a: Pinocchioisdead
|move|p2a: Pinocchioisdead|Curse|p2a: Pinocchioisdead|[from] move: Sleep Talk
|-unboost|p2a: Pinocchioisdead|spe|1
|-boost|p2a: Pinocchioisdead|atk|1
|-boost|p2a: Pinocchioisdead|def|1
|
|upkeep
|turn|44
|
|t:|1779719293
|move|p1a: Ogerpon|Swords Dance|p1a: Ogerpon
|-boost|p1a: Ogerpon|atk|0
|cant|p2a: Pinocchioisdead|slp
|move|p2a: Pinocchioisdead|Sleep Talk|p2a: Pinocchioisdead
|move|p2a: Pinocchioisdead|Liquidation|p1a: Ogerpon|[from] move: Sleep Talk
|-heal|p1a: Ogerpon|100/100|[from] ability: Water Absorb|[of] p2a: Pinocchioisdead
|
|upkeep
|turn|45
|
|t:|1779719306
|move|p1a: Ogerpon|Swords Dance|p1a: Ogerpon
|-boost|p1a: Ogerpon|atk|0
|-curestatus|p2a: Pinocchioisdead|slp|[msg]
|move|p2a: Pinocchioisdead|Liquidation|p1a: Ogerpon
|-immune|p1a: Ogerpon|[from] ability: Water Absorb
|
|upkeep
|turn|46
|
|t:|1779719314
|move|p1a: Ogerpon|Trailblaze|p2a: Pinocchioisdead
|-damage|p2a: Pinocchioisdead|94/100
|move|p2a: Pinocchioisdead|Liquidation|p1a: Ogerpon
|-immune|p1a: Ogerpon|[from] ability: Water Absorb
|
|upkeep
|turn|47
|
|t:|1779719335
|move|p1a: Ogerpon|Trailblaze|p2a: Pinocchioisdead
|-damage|p2a: Pinocchioisdead|89/100
|move|p2a: Pinocchioisdead|Liquidation|p1a: Ogerpon
|-immune|p1a: Ogerpon|[from] ability: Water Absorb
|
|upkeep
|turn|48
|
|t:|1779719341
|move|p1a: Ogerpon|Trailblaze|p2a: Pinocchioisdead
|-damage|p2a: Pinocchioisdead|83/100
|move|p2a: Pinocchioisdead|Liquidation|p1a: Ogerpon
|-immune|p1a: Ogerpon|[from] ability: Water Absorb
|
|upkeep
|turn|49
|
|t:|1779719348
|move|p1a: Ogerpon|Swords Dance|p1a: Ogerpon
|-boost|p1a: Ogerpon|atk|0
|move|p2a: Pinocchioisdead|Liquidation|p1a: Ogerpon
|-immune|p1a: Ogerpon|[from] ability: Water Absorb
|
|upkeep
|turn|50
|
|t:|1779719354
|move|p1a: Ogerpon|Swords Dance|p1a: Ogerpon
|-boost|p1a: Ogerpon|atk|0
|move|p2a: Pinocchioisdead|Liquidation|p1a: Ogerpon
|-immune|p1a: Ogerpon|[from] ability: Water Absorb
|
|upkeep
|turn|51
|
|t:|1779719364
|move|p1a: Ogerpon|Swords Dance|p1a: Ogerpon
|-boost|p1a: Ogerpon|atk|0
|move|p2a: Pinocchioisdead|Liquidation|p1a: Ogerpon
|-immune|p1a: Ogerpon|[from] ability: Water Absorb
|
|upkeep
|turn|52
|
|t:|1779719370
|move|p1a: Ogerpon|Swords Dance|p1a: Ogerpon
|-boost|p1a: Ogerpon|atk|0
|move|p2a: Pinocchioisdead|Liquidation|p1a: Ogerpon
|-immune|p1a: Ogerpon|[from] ability: Water Absorb
|
|upkeep
|turn|53
|
|t:|1779719375
|move|p1a: Ogerpon|Swords Dance|p1a: Ogerpon
|-boost|p1a: Ogerpon|atk|0
|move|p2a: Pinocchioisdead|Liquidation|p1a: Ogerpon
|-immune|p1a: Ogerpon|[from] ability: Water Absorb
|
|upkeep
|turn|54
|
|t:|1779719381
|move|p1a: Ogerpon|Swords Dance|p1a: Ogerpon
|-boost|p1a: Ogerpon|atk|0
|move|p2a: Pinocchioisdead|Liquidation|p1a: Ogerpon
|-immune|p1a: Ogerpon|[from] ability: Water Absorb
|
|upkeep
|turn|55
|
|t:|1779719387
|move|p1a: Ogerpon|Swords Dance|p1a: Ogerpon
|-boost|p1a: Ogerpon|atk|0
|move|p2a: Pinocchioisdead|Liquidation|p1a: Ogerpon
|-immune|p1a: Ogerpon|[from] ability: Water Absorb
|
|upkeep
|turn|56
|
|t:|1779719396
|move|p1a: Ogerpon|Swords Dance|p1a: Ogerpon
|-boost|p1a: Ogerpon|atk|0
|move|p2a: Pinocchioisdead|Liquidation|p1a: Ogerpon
|-immune|p1a: Ogerpon|[from] ability: Water Absorb
|
|upkeep
|turn|57
|c|☆Swolecandy|Bro
|
|t:|1779719402
|move|p1a: Ogerpon|Swords Dance|p1a: Ogerpon
|-boost|p1a: Ogerpon|atk|0
|move|p2a: Pinocchioisdead|Liquidation|p1a: Ogerpon
|-immune|p1a: Ogerpon|[from] ability: Water Absorb
|
|upkeep
|turn|58
|c|☆Miku de Farnese|yes ?
|
|t:|1779719409
|move|p1a: Ogerpon|Swords Dance|p1a: Ogerpon
|-boost|p1a: Ogerpon|atk|0
|move|p2a: Pinocchioisdead|Liquidation|p1a: Ogerpon
|-immune|p1a: Ogerpon|[from] ability: Water Absorb
|
|upkeep
|turn|59
|
|t:|1779719416
|move|p1a: Ogerpon|Swords Dance|p1a: Ogerpon
|-boost|p1a: Ogerpon|atk|0
|move|p2a: Pinocchioisdead|Liquidation|p1a: Ogerpon
|-immune|p1a: Ogerpon|[from] ability: Water Absorb
|
|upkeep
|turn|60
|
|t:|1779719423
|move|p1a: Ogerpon|Swords Dance|p1a: Ogerpon
|-boost|p1a: Ogerpon|atk|0
|move|p2a: Pinocchioisdead|Rest|p2a: Pinocchioisdead
|-status|p2a: Pinocchioisdead|slp|[from] move: Rest
|-heal|p2a: Pinocchioisdead|100/100 slp|[silent]
|
|upkeep
|turn|61
|
|t:|1779719431
|move|p1a: Ogerpon|Trailblaze|p2a: Pinocchioisdead
|-damage|p2a: Pinocchioisdead|95/100 slp
|cant|p2a: Pinocchioisdead|slp
|move|p2a: Pinocchioisdead|Sleep Talk|p2a: Pinocchioisdead
|move|p2a: Pinocchioisdead|Liquidation|p1a: Ogerpon|[from] move: Sleep Talk
|-immune|p1a: Ogerpon|[from] ability: Water Absorb
|
|upkeep
|turn|62
|
|t:|1779719440
|move|p1a: Ogerpon|Ivy Cudgel|p2a: Pinocchioisdead|[anim] Ivy Cudgel Water
|-damage|p2a: Pinocchioisdead|83/100 slp
|cant|p2a: Pinocchioisdead|slp
|move|p2a: Pinocchioisdead|Sleep Talk|p2a: Pinocchioisdead
|move|p2a: Pinocchioisdead|Rest||[from] move: Sleep Talk|[still]
|-fail|p2a: Pinocchioisdead
|
|upkeep
|turn|63
|
|t:|1779719463
|switch|p1a: Raging Bolt|Raging Bolt|100/100
|-damage|p1a: Raging Bolt|84/100|[from] Spikes
|-enditem|p1a: Raging Bolt|Booster Energy
|-activate|p1a: Raging Bolt|ability: Protosynthesis|[fromitem]
|-start|p1a: Raging Bolt|protosynthesisspa
|-curestatus|p2a: Pinocchioisdead|slp|[msg]
|move|p2a: Pinocchioisdead|Curse|p2a: Pinocchioisdead
|-unboost|p2a: Pinocchioisdead|spe|1
|-boost|p2a: Pinocchioisdead|atk|1
|-boost|p2a: Pinocchioisdead|def|1
|
|upkeep
|turn|64
|c|☆Miku de Farnese|fun isn't ?
|
|t:|1779719485
|switch|p2a: Pankek|Clodsire, F, shiny|100/100
|move|p1a: Raging Bolt|Thunderbolt|p2a: Pankek
|-immune|p2a: Pankek
|
|upkeep
|turn|65
|inactive|Swolecandy has 120 seconds left.
|
|t:|1779719500
|-end|p1a: Raging Bolt|Protosynthesis|[silent]
|switch|p1a: Gliscor|Gliscor, F|64/100 tox
|move|p2a: Pankek|Toxic|p1a: Gliscor
|-fail|p1a: Gliscor|tox
|
|-heal|p1a: Gliscor|76/100 tox|[from] ability: Poison Heal
|upkeep
|turn|66
|c|☆Swolecandy|No
|
|t:|1779719519
|switch|p2a: Pinocchioisdead|Dondozo, M, shiny, tera:Fighting|83/100
|move|p1a: Gliscor|Earthquake|p2a: Pinocchioisdead
|-damage|p2a: Pinocchioisdead|61/100
|
|-heal|p1a: Gliscor|89/100 tox|[from] ability: Poison Heal
|upkeep
|turn|67
|
|t:|1779719530
|move|p1a: Gliscor|Earthquake|p2a: Pinocchioisdead
|-damage|p2a: Pinocchioisdead|41/100
|move|p2a: Pinocchioisdead|Rest|p2a: Pinocchioisdead
|-status|p2a: Pinocchioisdead|slp|[from] move: Rest
|-heal|p2a: Pinocchioisdead|100/100 slp|[silent]
|
|-heal|p1a: Gliscor|100/100 tox|[from] ability: Poison Heal
|upkeep
|turn|68
|c|☆Miku de Farnese|sad
|
|t:|1779719544
|switch|p1a: Hatterene|Hatterene, F|100/100
|-damage|p1a: Hatterene|84/100|[from] Spikes
|cant|p2a: Pinocchioisdead|slp
|move|p2a: Pinocchioisdead|Sleep Talk|p2a: Pinocchioisdead
|move|p2a: Pinocchioisdead|Curse|p2a: Pinocchioisdead|[from] move: Sleep Talk
|-unboost|p2a: Pinocchioisdead|spe|1
|-boost|p2a: Pinocchioisdead|atk|1
|-boost|p2a: Pinocchioisdead|def|1
|
|-heal|p1a: Hatterene|90/100|[from] item: Leftovers
|upkeep
|turn|69
|
|t:|1779719570
|switch|p2a: Bitch|Blissey, F, shiny|100/100
|move|p1a: Hatterene|Draining Kiss|p2a: Bitch
|-damage|p2a: Bitch|93/100
|-heal|p1a: Hatterene|100/100|[from] drain|[of] p2a: Bitch
|
|upkeep
|turn|70
|
|t:|1779719576
|switch|p1a: Gliscor|Gliscor, F|100/100 tox
|move|p2a: Bitch|Seismic Toss|p1a: Gliscor
|-damage|p1a: Gliscor|71/100 tox
|
|-heal|p1a: Gliscor|83/100 tox|[from] ability: Poison Heal
|upkeep
|turn|71
|
|t:|1779719587
|switch|p2a: Pinocchioisdead|Dondozo, M, shiny, tera:Fighting|100/100 slp
|move|p1a: Gliscor|Swords Dance|p1a: Gliscor
|-boost|p1a: Gliscor|atk|2
|
|-heal|p1a: Gliscor|95/100 tox|[from] ability: Poison Heal
|upkeep
|turn|72
|
|t:|1779719594
|move|p1a: Gliscor|Earthquake|p2a: Pinocchioisdead
|-damage|p2a: Pinocchioisdead|81/100 slp
|cant|p2a: Pinocchioisdead|slp
|move|p2a: Pinocchioisdead|Sleep Talk|p2a: Pinocchioisdead
|move|p2a: Pinocchioisdead|Curse|p2a: Pinocchioisdead|[from] move: Sleep Talk
|-unboost|p2a: Pinocchioisdead|spe|1
|-boost|p2a: Pinocchioisdead|atk|1
|-boost|p2a: Pinocchioisdead|def|1
|
|-heal|p1a: Gliscor|100/100 tox|[from] ability: Poison Heal
|upkeep
|turn|73
|c|☆Swolecandy|Stall is sad
|c|☆Miku de Farnese|no, it's fun
|
|t:|1779719609
|switch|p1a: Ogerpon|Ogerpon-Wellspring, F|100/100
|-damage|p1a: Ogerpon|84/100|[from] Spikes
|-curestatus|p2a: Pinocchioisdead|slp|[msg]
|move|p2a: Pinocchioisdead|Sleep Talk||[still]
|-fail|p2a: Pinocchioisdead
|
|upkeep
|turn|74
|
|t:|1779719626
|move|p1a: Ogerpon|Trailblaze|p2a: Pinocchioisdead
|-damage|p2a: Pinocchioisdead|72/100
|-boost|p1a: Ogerpon|spe|1
|move|p2a: Pinocchioisdead|Curse|p2a: Pinocchioisdead
|-unboost|p2a: Pinocchioisdead|spe|1
|-boost|p2a: Pinocchioisdead|atk|1
|-boost|p2a: Pinocchioisdead|def|1
|
|upkeep
|turn|75
|
|t:|1779719648
|switch|p1a: Raging Bolt|Raging Bolt|84/100
|-damage|p1a: Raging Bolt|67/100|[from] Spikes
|move|p2a: Pinocchioisdead|Curse|p2a: Pinocchioisdead
|-unboost|p2a: Pinocchioisdead|spe|1
|-boost|p2a: Pinocchioisdead|atk|1
|-boost|p2a: Pinocchioisdead|def|1
|
|upkeep
|turn|76
|
|t:|1779719656
|switch|p2a: Pankek|Clodsire, F, shiny|100/100
|move|p1a: Raging Bolt|Thunderbolt|p2a: Pankek
|-immune|p2a: Pankek
|
|upkeep
|turn|77
|inactive|Miku de Farnese has 120 seconds left.
|
|t:|1779719676
|-end|p1a: Raging Bolt|Protosynthesis|[silent]
|switch|p1a: Gliscor|Gliscor, F|100/100 tox
|move|p2a: Pankek|Amnesia|p2a: Pankek
|-boost|p2a: Pankek|spd|2
|
|upkeep
|turn|78
|
|t:|1779719685
|switch|p2a: Pinocchioisdead|Dondozo, M, shiny, tera:Fighting|72/100
|move|p1a: Gliscor|Facade|p2a: Pinocchioisdead
|-damage|p2a: Pinocchioisdead|53/100
|
|upkeep
|turn|79
|
|t:|1779719694
|move|p1a: Gliscor|Earthquake|p2a: Pinocchioisdead
|-damage|p2a: Pinocchioisdead|32/100
|move|p2a: Pinocchioisdead|Rest|p2a: Pinocchioisdead
|-status|p2a: Pinocchioisdead|slp|[from] move: Rest
|-heal|p2a: Pinocchioisdead|100/100 slp|[silent]
|
|upkeep
|turn|80
|
|t:|1779719709
|switch|p1a: Iron Moth|Iron Moth|100/100
|-damage|p1a: Iron Moth|84/100|[from] Spikes
|-enditem|p1a: Iron Moth|Booster Energy
|-activate|p1a: Iron Moth|ability: Quark Drive|[fromitem]
|-start|p1a: Iron Moth|quarkdrivespe
|cant|p2a: Pinocchioisdead|slp
|
|upkeep
|turn|81
|
|t:|1779719721
|switch|p2a: Pankek|Clodsire, F, shiny|100/100
|move|p1a: Iron Moth|Toxic Spikes|p2a: Pankek
|-sidestart|p2: Miku de Farnese|move: Toxic Spikes
|
|upkeep
|turn|82
|
|t:|1779719731
|-end|p1a: Iron Moth|Quark Drive|[silent]
|switch|p1a: Gliscor|Gliscor, F|100/100 tox
|move|p2a: Pankek|Earthquake|p1a: Gliscor
|-immune|p1a: Gliscor
|
|upkeep
|turn|83
|
|t:|1779719744
|switch|p2a: DeTypeAcier|Skarmory, M, shiny|1/100
|move|p1a: Gliscor|Earthquake|p2a: DeTypeAcier
|-immune|p2a: DeTypeAcier
|
|upkeep
|turn|84
|
|t:|1779719753
|switch|p2a: Pankek|Clodsire, F, shiny|100/100
|-sideend|p2: Miku de Farnese|move: Toxic Spikes|[of] p2a: Pankek
|move|p1a: Gliscor|Facade|p2a: Pankek
|-damage|p2a: Pankek|51/100
|
|upkeep
|turn|85
|
|t:|1779719762
|switch|p2a: Pinocchioisdead|Dondozo, M, shiny, tera:Fighting|100/100 slp
|move|p1a: Gliscor|Facade|p2a: Pinocchioisdead
|-damage|p2a: Pinocchioisdead|83/100 slp
|
|upkeep
|turn|86
|
|t:|1779719779
|switch|p1a: Iron Moth|Iron Moth|84/100
|-damage|p1a: Iron Moth|67/100|[from] Spikes
|cant|p2a: Pinocchioisdead|slp
|
|upkeep
|turn|87
|
|t:|1779719786
|switch|p2a: Bitch|Blissey, F, shiny|93/100
|move|p1a: Iron Moth|Toxic Spikes|p2a: Bitch
|-sidestart|p2: Miku de Farnese|move: Toxic Spikes
|
|upkeep
|turn|88
|
|t:|1779719792
|-end|p1a: Iron Moth|Quark Drive|[silent]
|switch|p1a: Gliscor|Gliscor, F|100/100 tox
|move|p2a: Bitch|Stealth Rock|p1a: Gliscor
|-sidestart|p1: Swolecandy|move: Stealth Rock
|
|upkeep
|turn|89
|
|t:|1779719800
|switch|p2a: DeTypeAcier|Skarmory, M, shiny|1/100
|move|p1a: Gliscor|Facade|p2a: DeTypeAcier
|-resisted|p2a: DeTypeAcier
|-damage|p2a: DeTypeAcier|0 fnt
|-damage|p1a: Gliscor|84/100 tox|[from] item: Rocky Helmet|[of] p2a: DeTypeAcier
|faint|p2a: DeTypeAcier
|
|-heal|p1a: Gliscor|96/100 tox|[from] ability: Poison Heal
|upkeep
|
|t:|1779719809
|switch|p2a: Pankek|Clodsire, F, shiny|51/100
|-sideend|p2: Miku de Farnese|move: Toxic Spikes|[of] p2a: Pankek
|turn|90
|
|t:|1779719824
|switch|p2a: Pinocchioisdead|Dondozo, M, shiny, tera:Fighting|83/100 slp
|move|p1a: Gliscor|Earthquake|p2a: Pinocchioisdead
|-damage|p2a: Pinocchioisdead|62/100 slp
|
|-heal|p1a: Gliscor|100/100 tox|[from] ability: Poison Heal
|upkeep
|turn|91
|
|t:|1779719833
|move|p1a: Gliscor|Facade|p2a: Pinocchioisdead
|-damage|p2a: Pinocchioisdead|45/100 slp
|-curestatus|p2a: Pinocchioisdead|slp|[msg]
|move|p2a: Pinocchioisdead|Rest|p2a: Pinocchioisdead
|-status|p2a: Pinocchioisdead|slp|[from] move: Rest
|-heal|p2a: Pinocchioisdead|100/100 slp|[silent]
|
|upkeep
|turn|92
|
|t:|1779719860
|move|p1a: Gliscor|Facade|p2a: Pinocchioisdead
|-damage|p2a: Pinocchioisdead|81/100 slp
|cant|p2a: Pinocchioisdead|slp
|move|p2a: Pinocchioisdead|Sleep Talk|p2a: Pinocchioisdead
|move|p2a: Pinocchioisdead|Liquidation|p1a: Gliscor|[from] move: Sleep Talk
|-supereffective|p1a: Gliscor
|-damage|p1a: Gliscor|48/100 tox
|
|-heal|p1a: Gliscor|60/100 tox|[from] ability: Poison Heal
|upkeep
|turn|93
|
|t:|1779719873
|move|p1a: Gliscor|Earthquake|p2a: Pinocchioisdead
|-damage|p2a: Pinocchioisdead|60/100 slp
|cant|p2a: Pinocchioisdead|slp
|move|p2a: Pinocchioisdead|Sleep Talk|p2a: Pinocchioisdead
|move|p2a: Pinocchioisdead|Curse|p2a: Pinocchioisdead|[from] move: Sleep Talk
|-unboost|p2a: Pinocchioisdead|spe|1
|-boost|p2a: Pinocchioisdead|atk|1
|-boost|p2a: Pinocchioisdead|def|1
|
|-heal|p1a: Gliscor|72/100 tox|[from] ability: Poison Heal
|upkeep
|turn|94
|
|t:|1779719891
|switch|p1a: Ogerpon|Ogerpon-Wellspring, F|84/100
|-damage|p1a: Ogerpon|67/100|[from] Spikes
|-damage|p1a: Ogerpon|55/100|[from] Stealth Rock
|-curestatus|p2a: Pinocchioisdead|slp|[msg]
|move|p2a: Pinocchioisdead|Rest|p2a: Pinocchioisdead
|-status|p2a: Pinocchioisdead|slp|[from] move: Rest
|-heal|p2a: Pinocchioisdead|100/100 slp|[silent]
|
|upkeep
|turn|95
|
|t:|1779719900
|move|p1a: Ogerpon|Swords Dance|p1a: Ogerpon
|-boost|p1a: Ogerpon|atk|2
|cant|p2a: Pinocchioisdead|slp
|move|p2a: Pinocchioisdead|Sleep Talk|p2a: Pinocchioisdead
|move|p2a: Pinocchioisdead|Rest||[from] move: Sleep Talk|[still]
|-fail|p2a: Pinocchioisdead
|
|upkeep
|turn|96
|inactive|Miku de Farnese has 120 seconds left.
|
|t:|1779719924
|move|p1a: Ogerpon|Swords Dance|p1a: Ogerpon
|-boost|p1a: Ogerpon|atk|2
|cant|p2a: Pinocchioisdead|slp
|move|p2a: Pinocchioisdead|Sleep Talk|p2a: Pinocchioisdead
|move|p2a: Pinocchioisdead|Liquidation|p1a: Ogerpon|[from] move: Sleep Talk
|-heal|p1a: Ogerpon|80/100|[from] ability: Water Absorb|[of] p2a: Pinocchioisdead
|
|upkeep
|turn|97
|inactive|Miku de Farnese has 120 seconds left.
|
|t:|1779719945
|move|p1a: Ogerpon|Swords Dance|p1a: Ogerpon
|-boost|p1a: Ogerpon|atk|2
|-curestatus|p2a: Pinocchioisdead|slp|[msg]
|move|p2a: Pinocchioisdead|Sleep Talk||[still]
|-fail|p2a: Pinocchioisdead
|
|upkeep
|turn|98
|
|t:|1779719955
|move|p1a: Ogerpon|Swords Dance|p1a: Ogerpon
|-boost|p1a: Ogerpon|atk|0
|move|p2a: Pinocchioisdead|Curse|p2a: Pinocchioisdead
|-unboost|p2a: Pinocchioisdead|spe|1
|-boost|p2a: Pinocchioisdead|atk|1
|-boost|p2a: Pinocchioisdead|def|1
|
|upkeep
|turn|99
|inactive|Miku de Farnese has 120 seconds left.
|
|t:|1779719962
|move|p1a: Ogerpon|Trailblaze|p2a: Pinocchioisdead
|-damage|p2a: Pinocchioisdead|94/100
|-boost|p1a: Ogerpon|spe|1
|move|p2a: Pinocchioisdead|Curse|p2a: Pinocchioisdead
|-unboost|p2a: Pinocchioisdead|spe|1
|-boost|p2a: Pinocchioisdead|atk|1
|-boost|p2a: Pinocchioisdead|def|1
|
|upkeep
|turn|100
|
|t:|1779719971
|move|p1a: Ogerpon|Trailblaze|p2a: Pinocchioisdead
|-damage|p2a: Pinocchioisdead|88/100
|-boost|p1a: Ogerpon|spe|1
|move|p2a: Pinocchioisdead|Liquidation|p1a: Ogerpon
|-heal|p1a: Ogerpon|100/100|[from] ability: Water Absorb|[of] p2a: Pinocchioisdead
|
|upkeep
|turn|101
|
|t:|1779719989
|switch|p1a: Zamazenta|Zamazenta|95/100
|-damage|p1a: Zamazenta|78/100|[from] Spikes
|-damage|p1a: Zamazenta|72/100|[from] Stealth Rock
|-activate|p2a: Pinocchioisdead|move: Struggle
|move|p2a: Pinocchioisdead|Struggle|p1a: Zamazenta
|-damage|p1a: Zamazenta|50/100
|-damage|p2a: Pinocchioisdead|63/100|[from] recoil
|
|upkeep
|turn|102
|
|t:|1779719998
|move|p1a: Zamazenta|Reflect|p1a: Zamazenta
|-sidestart|p1: Swolecandy|Reflect
|-activate|p2a: Pinocchioisdead|move: Struggle
|move|p2a: Pinocchioisdead|Struggle|p1a: Zamazenta
|-damage|p1a: Zamazenta|39/100
|-damage|p2a: Pinocchioisdead|38/100|[from] recoil
|
|upkeep
|turn|103
|
|t:|1779720005
|move|p1a: Zamazenta|Light Screen|p1a: Zamazenta
|-sidestart|p1: Swolecandy|move: Light Screen
|-activate|p2a: Pinocchioisdead|move: Struggle
|move|p2a: Pinocchioisdead|Struggle|p1a: Zamazenta
|-damage|p1a: Zamazenta|27/100
|-damage|p2a: Pinocchioisdead|13/100|[from] recoil
|
|upkeep
|turn|104
|
|t:|1779720010
|move|p1a: Zamazenta|Ice Fang|p2a: Pinocchioisdead
|-damage|p2a: Pinocchioisdead|10/100
|-activate|p2a: Pinocchioisdead|move: Struggle
|move|p2a: Pinocchioisdead|Struggle|p1a: Zamazenta
|-damage|p1a: Zamazenta|14/100
|-damage|p2a: Pinocchioisdead|0 fnt|[from] recoil
|faint|p2a: Pinocchioisdead
|
|upkeep
|
|t:|1779720019
|switch|p2a: Ugly|Raikou, shiny|100/100
|-ability|p2a: Ugly|Pressure
|turn|105
|c|☆Swolecandy|HES
|c|☆Swolecandy|GONE
|inactive|Miku de Farnese has 120 seconds left.
|c|☆Miku de Farnese|XD
|
|t:|1779720035
|move|p1a: Zamazenta|Close Combat|p2a: Ugly
|-damage|p2a: Ugly|28/100
|-unboost|p1a: Zamazenta|def|1
|-unboost|p1a: Zamazenta|spd|1
|move|p2a: Ugly|Thunderbolt|p1a: Zamazenta
|-damage|p1a: Zamazenta|0 fnt
|faint|p1a: Zamazenta
|
|upkeep
|
|t:|1779720044
|switch|p1a: Gliscor|Gliscor, F|72/100 tox
|-damage|p1a: Gliscor|60/100 tox|[from] Stealth Rock
|turn|106
|c|☆Miku de Farnese|100 turn nice
|
|t:|1779720053
|move|p2a: Ugly|Scald|p1a: Gliscor
|-supereffective|p1a: Gliscor
|-damage|p1a: Gliscor|26/100 tox
|move|p1a: Gliscor|Earthquake|p2a: Ugly
|-supereffective|p2a: Ugly
|-damage|p2a: Ugly|0 fnt
|faint|p2a: Ugly
|
|-heal|p1a: Gliscor|38/100 tox|[from] ability: Poison Heal
|upkeep
|inactive|Miku de Farnese has 120 seconds left.
|
|t:|1779720065
|switch|p2a: Bitch|Blissey, F, shiny|93/100
|turn|107
|inactive|Miku de Farnese has 120 seconds left.
|
|t:|1779720077
|move|p1a: Gliscor|Facade|p2a: Bitch
|-damage|p2a: Bitch|51/100
|move|p2a: Bitch|Seismic Toss|p1a: Gliscor
|-damage|p1a: Gliscor|8/100 tox
|
|-heal|p1a: Gliscor|20/100 tox|[from] ability: Poison Heal
|upkeep
|turn|108
|inactive|Miku de Farnese has 120 seconds left.
|
|t:|1779720087
|switch|p1a: Ogerpon|Ogerpon-Wellspring, F|100/100
|-damage|p1a: Ogerpon|84/100|[from] Spikes
|-damage|p1a: Ogerpon|72/100|[from] Stealth Rock
|move|p2a: Bitch|Seismic Toss|p1a: Ogerpon
|-damage|p1a: Ogerpon|38/100
|
|upkeep
|turn|109
|inactive|Miku de Farnese has 120 seconds left.
|
|t:|1779720096
|move|p1a: Ogerpon|Trailblaze|p2a: Bitch
|-damage|p2a: Bitch|16/100
|-boost|p1a: Ogerpon|spe|1
|move|p2a: Bitch|Seismic Toss|p1a: Ogerpon
|-damage|p1a: Ogerpon|5/100
|
|-sideend|p1: Swolecandy|Reflect
|upkeep
|turn|110
|inactive|Miku de Farnese has 120 seconds left.
|
|t:|1779720104
|move|p1a: Ogerpon|Ivy Cudgel|p2a: Bitch|[anim] Ivy Cudgel Water
|-damage|p2a: Bitch|0 fnt
|faint|p2a: Bitch
|
|-sideend|p1: Swolecandy|move: Light Screen
|upkeep
|
|t:|1779720109
|switch|p2a: Pankek|Clodsire, F, shiny|51/100
|turn|111
|
|t:|1779720112
|move|p1a: Ogerpon|Ivy Cudgel|p2a: Pankek|[anim] Ivy Cudgel Water
|-supereffective|p2a: Pankek
|-damage|p2a: Pankek|0 fnt
|faint|p2a: Pankek
|
|win|Swolecandy
|raw|Swolecandy's rating: 1466 &rarr; <strong>1490</strong><br />(+24 for winning)
|raw|Miku de Farnese's rating: 1543 &rarr; <strong>1519</strong><br />(-24 for losing)
|c|☆Miku de Farnese|gg
|c|☆Swolecandy|GG!!
|c|☆Miku de Farnese|XD
|c|☆Swolecandy|I finally beat stall
|c|☆Swolecandy|it was fun
|c|☆Miku de Farnese|congratulations
|c|☆Swolecandy|Thank you
|c|☆Miku de Farnese|your welcome
|l|☆Swolecandy
|player|p1|
|l|☆Miku de Farnese
|player|p2|
