|j|☆legend za legend
|j|☆raickou
|t:|1779621351
|gametype|singles
|player|p1|legend za legend|169|1272
|player|p2|raickou|red|1211
|gen|9
|tier|[Gen 9] OU
|rated|
|rule|HP Percentage Mod: HP is shown in percentages
|rule|Endless Battle Clause: Forcing endless battles is banned
|rule|Species Clause: Limit one of each Pokémon
|rule|OHKO Clause: OHKO moves are banned
|rule|Evasion Items Clause: Evasion items are banned
|rule|Evasion Moves Clause: Evasion moves are banned
|rule|Evasion Abilities Clause: Evasion abilities are banned
|rule|Sleep Moves Clause: Sleep-inducing moves are banned
|clearpoke
|poke|p1|Hoopa|
|poke|p1|Cinderace, F|
|poke|p1|Mandibuzz, F|
|poke|p1|Kyurem|
|poke|p1|Ting-Lu|
|poke|p1|Manaphy|
|poke|p2|Primarina, F|
|poke|p2|Dragapult, F|
|poke|p2|Corviknight, F|
|poke|p2|Rillaboom, M|
|poke|p2|Iron Moth|
|poke|p2|Kingambit, F|
|teampreview
|inactive|Battle timer is ON: inactive players will automatically lose when time's up. (requested by legend za legend)
|
|t:|1779621364
|teamsize|p1|6
|teamsize|p2|6
|start
|switch|p1a: Cinderace|Cinderace, F|100/100
|switch|p2a: Iron Moth|Iron Moth|100/100
|-enditem|p2a: Iron Moth|Booster Energy
|-activate|p2a: Iron Moth|ability: Quark Drive|[fromitem]
|-start|p2a: Iron Moth|quarkdrivespa
|turn|1
|
|t:|1779621373
|move|p1a: Cinderace|U-turn|p2a: Iron Moth
|-start|p1a: Cinderace|typechange|Bug|[from] ability: Libero
|-resisted|p2a: Iron Moth
|-damage|p2a: Iron Moth|85/100
|
|t:|1779621380
|switch|p1a: Ting-Lucifer|Ting-Lu|100/100|[from] U-turn
|-ability|p1a: Ting-Lucifer|Vessel of Ruin
|move|p2a: Iron Moth|Sludge Wave|p1a: Ting-Lucifer
|-resisted|p1a: Ting-Lucifer
|-damage|p1a: Ting-Lucifer|81/100
|
|upkeep
|turn|2
|
|t:|1779621388
|move|p2a: Iron Moth|Bug Buzz|p1a: Ting-Lucifer
|-supereffective|p1a: Ting-Lucifer
|-damage|p1a: Ting-Lucifer|32/100
|-enditem|p1a: Ting-Lucifer|Weakness Policy
|-boost|p1a: Ting-Lucifer|atk|2|[from] item: Weakness Policy
|-boost|p1a: Ting-Lucifer|spa|2|[from] item: Weakness Policy
|move|p1a: Ting-Lucifer|Stealth Rock|p2a: Iron Moth
|-sidestart|p2: raickou|move: Stealth Rock
|
|upkeep
|turn|3
|
|t:|1779621402
|move|p2a: Iron Moth|Bug Buzz|p1a: Ting-Lucifer
|-supereffective|p1a: Ting-Lucifer
|-damage|p1a: Ting-Lucifer|0 fnt
|faint|p1a: Ting-Lucifer
|
|upkeep
|
|t:|1779621404
|switch|p1a: Kyurem|Kyurem|100/100
|-ability|p1a: Kyurem|Pressure
|turn|4
|
|t:|1779621412
|-end|p2a: Iron Moth|Quark Drive|[silent]
|switch|p2a: Corviknight|Corviknight, F|100/100
|-damage|p2a: Corviknight|88/100|[from] Stealth Rock
|move|p1a: Kyurem|Earth Power|p2a: Corviknight
|-immune|p2a: Corviknight
|
|upkeep
|turn|5
|
|t:|1779621416
|switch|p1a: Cinderace|Cinderace, F|100/100
|move|p2a: Corviknight|Defog|p1a: Cinderace
|-unboost|p1a: Cinderace|evasion|1
|-sideend|p2: raickou|Stealth Rock|[from] move: Defog|[of] p2a: Corviknight
|
|upkeep
|turn|6
|
|t:|1779621421
|switch|p2a: Primarina|Primarina, F|100/100
|move|p1a: Cinderace|Pyro Ball|p2a: Primarina
|-resisted|p2a: Primarina
|-damage|p2a: Primarina|47/100
|
|-heal|p2a: Primarina|53/100|[from] item: Leftovers
|upkeep
|turn|7
|
|t:|1779621431
|move|p1a: Cinderace|U-turn|p2a: Primarina
|-start|p1a: Cinderace|typechange|Bug|[from] ability: Libero
|-resisted|p2a: Primarina
|-damage|p2a: Primarina|30/100
|
|t:|1779621434
|switch|p1a: Manaphy|Manaphy|100/100|[from] U-turn
|move|p2a: Primarina|Draining Kiss|p1a: Manaphy
|-damage|p1a: Manaphy|77/100
|-heal|p2a: Primarina|54/100|[from] drain|[of] p1a: Manaphy
|
|-heal|p1a: Manaphy|84/100|[from] item: Leftovers
|-heal|p2a: Primarina|60/100|[from] item: Leftovers
|upkeep
|turn|8
|
|t:|1779621453
|move|p1a: Manaphy|Take Heart|p1a: Manaphy
|-boost|p1a: Manaphy|spa|1
|-boost|p1a: Manaphy|spd|1
|move|p2a: Primarina|Calm Mind|p2a: Primarina
|-boost|p2a: Primarina|spa|1
|-boost|p2a: Primarina|spd|1
|
|-heal|p1a: Manaphy|90/100|[from] item: Leftovers
|-heal|p2a: Primarina|66/100|[from] item: Leftovers
|upkeep
|turn|9
|
|t:|1779621463
|move|p1a: Manaphy|Tail Glow|p1a: Manaphy
|-boost|p1a: Manaphy|spa|3
|move|p2a: Primarina|Calm Mind|p2a: Primarina
|-boost|p2a: Primarina|spa|1
|-boost|p2a: Primarina|spd|1
|
|-heal|p1a: Manaphy|96/100|[from] item: Leftovers
|-heal|p2a: Primarina|72/100|[from] item: Leftovers
|upkeep
|turn|10
|
|t:|1779621470
|move|p1a: Manaphy|Take Heart|p1a: Manaphy
|-boost|p1a: Manaphy|spa|1
|-boost|p1a: Manaphy|spd|1
|move|p2a: Primarina|Draining Kiss|p1a: Manaphy
|-damage|p1a: Manaphy|75/100
|-heal|p2a: Primarina|93/100|[from] drain|[of] p1a: Manaphy
|
|-heal|p1a: Manaphy|81/100|[from] item: Leftovers
|-heal|p2a: Primarina|99/100|[from] item: Leftovers
|upkeep
|turn|11
|
|t:|1779621475
|move|p1a: Manaphy|Take Heart|p1a: Manaphy
|-boost|p1a: Manaphy|spa|1
|-boost|p1a: Manaphy|spd|1
|move|p2a: Primarina|Calm Mind|p2a: Primarina
|-boost|p2a: Primarina|spa|1
|-boost|p2a: Primarina|spd|1
|
|-heal|p1a: Manaphy|88/100|[from] item: Leftovers
|-heal|p2a: Primarina|100/100|[from] item: Leftovers
|upkeep
|turn|12
|
|t:|1779621478
|move|p1a: Manaphy|Alluring Voice|p2a: Primarina
|-damage|p2a: Primarina|77/100
|move|p2a: Primarina|Calm Mind|p2a: Primarina
|-boost|p2a: Primarina|spa|1
|-boost|p2a: Primarina|spd|1
|
|-heal|p1a: Manaphy|94/100|[from] item: Leftovers
|-heal|p2a: Primarina|83/100|[from] item: Leftovers
|upkeep
|turn|13
|
|t:|1779621481
|move|p1a: Manaphy|Scald|p2a: Primarina
|-resisted|p2a: Primarina
|-damage|p2a: Primarina|68/100
|-status|p2a: Primarina|brn
|move|p2a: Primarina|Calm Mind|p2a: Primarina
|-boost|p2a: Primarina|spa|1
|-boost|p2a: Primarina|spd|1
|
|-heal|p1a: Manaphy|99/100|[from] item: Leftovers
|-heal|p2a: Primarina|74/100 brn|[from] item: Leftovers
|-damage|p2a: Primarina|68/100 brn|[from] brn
|upkeep
|turn|14
|
|t:|1779621483
|move|p1a: Manaphy|Alluring Voice|p2a: Primarina
|-damage|p2a: Primarina|53/100 brn
|move|p2a: Primarina|Calm Mind|p2a: Primarina
|-boost|p2a: Primarina|spa|1
|-boost|p2a: Primarina|spd|1
|
|-heal|p1a: Manaphy|100/100|[from] item: Leftovers
|-heal|p2a: Primarina|59/100 brn|[from] item: Leftovers
|-damage|p2a: Primarina|53/100 brn|[from] brn
|upkeep
|turn|15
|
|t:|1779621486
|move|p1a: Manaphy|Alluring Voice|p2a: Primarina
|-damage|p2a: Primarina|39/100 brn
|move|p2a: Primarina|Sparkling Aria|p1a: Manaphy
|-resisted|p1a: Manaphy
|-damage|p1a: Manaphy|68/100
|
|-heal|p1a: Manaphy|74/100|[from] item: Leftovers
|-heal|p2a: Primarina|45/100 brn|[from] item: Leftovers
|-damage|p2a: Primarina|39/100 brn|[from] brn
|upkeep
|turn|16
|
|t:|1779621491
|move|p1a: Manaphy|Alluring Voice|p2a: Primarina
|-damage|p2a: Primarina|26/100 brn
|move|p2a: Primarina|Sparkling Aria|p1a: Manaphy
|-resisted|p1a: Manaphy
|-damage|p1a: Manaphy|28/100
|
|-heal|p1a: Manaphy|35/100|[from] item: Leftovers
|-heal|p2a: Primarina|32/100 brn|[from] item: Leftovers
|-damage|p2a: Primarina|26/100 brn|[from] brn
|upkeep
|turn|17
|
|t:|1779621499
|move|p1a: Manaphy|Alluring Voice|p2a: Primarina
|-damage|p2a: Primarina|11/100 brn
|move|p2a: Primarina|Draining Kiss|p1a: Manaphy
|-damage|p1a: Manaphy|3/100
|-heal|p2a: Primarina|43/100 brn|[from] drain|[of] p1a: Manaphy
|
|-heal|p1a: Manaphy|9/100|[from] item: Leftovers
|-heal|p2a: Primarina|49/100 brn|[from] item: Leftovers
|-damage|p2a: Primarina|43/100 brn|[from] brn
|upkeep
|turn|18
|
|t:|1779621504
|move|p1a: Manaphy|Alluring Voice|p2a: Primarina
|-crit|p2a: Primarina
|-damage|p2a: Primarina|0 fnt
|faint|p2a: Primarina
|
|-heal|p1a: Manaphy|15/100|[from] item: Leftovers
|upkeep
|
|t:|1779621509
|switch|p2a: Rillaboom|Rillaboom, M|100/100
|-fieldstart|move: Grassy Terrain|[from] ability: Grassy Surge|[of] p2a: Rillaboom
|turn|19
|
|t:|1779621513
|switch|p1a: Mandibuzz|Mandibuzz, F, shiny|100/100
|move|p2a: Rillaboom|Grassy Glide|p1a: Mandibuzz
|-resisted|p1a: Mandibuzz
|-damage|p1a: Mandibuzz|83/100
|-damage|p2a: Rillaboom|84/100|[from] item: Rocky Helmet|[of] p1a: Mandibuzz
|
|-heal|p2a: Rillaboom|90/100|[from] Grassy Terrain
|upkeep
|turn|20
|
|t:|1779621520
|switch|p2a: Corviknight|Corviknight, F|88/100
|move|p1a: Mandibuzz|Foul Play|p2a: Corviknight
|-damage|p2a: Corviknight|70/100
|-damage|p1a: Mandibuzz|66/100|[from] item: Rocky Helmet|[of] p2a: Corviknight
|
|upkeep
|turn|21
|
|t:|1779621524
|move|p1a: Mandibuzz|Roost|p1a: Mandibuzz
|-heal|p1a: Mandibuzz|100/100
|-singleturn|p1a: Mandibuzz|move: Roost
|move|p2a: Corviknight|Iron Defense|p2a: Corviknight
|-boost|p2a: Corviknight|def|2
|
|upkeep
|turn|22
|
|t:|1779621531
|switch|p1a: Manaphy|Manaphy|15/100
|move|p2a: Corviknight|Iron Defense|p2a: Corviknight
|-boost|p2a: Corviknight|def|2
|
|-heal|p1a: Manaphy|21/100|[from] Grassy Terrain
|-heal|p1a: Manaphy|27/100|[from] item: Leftovers
|upkeep
|turn|23
|
|t:|1779621535
|move|p1a: Manaphy|Scald|p2a: Corviknight
|-damage|p2a: Corviknight|43/100
|move|p2a: Corviknight|Body Press|p1a: Manaphy
|-damage|p1a: Manaphy|0 fnt
|faint|p1a: Manaphy
|
|-fieldend|move: Grassy Terrain
|upkeep
|
|t:|1779621538
|switch|p1a: Hoopa|Hoopa|100/100
|turn|24
|
|t:|1779621542
|move|p1a: Hoopa|Calm Mind|p1a: Hoopa
|-boost|p1a: Hoopa|spa|1
|-boost|p1a: Hoopa|spd|1
|move|p2a: Corviknight|Roost|p2a: Corviknight
|-heal|p2a: Corviknight|93/100
|-singleturn|p2a: Corviknight|move: Roost
|
|upkeep
|turn|25
|
|t:|1779621557
|switch|p2a: Iron Moth|Iron Moth|85/100
|move|p1a: Hoopa|Substitute|p1a: Hoopa
|-start|p1a: Hoopa|Substitute
|-damage|p1a: Hoopa|76/100
|
|upkeep
|turn|26
|
|t:|1779621564
|move|p2a: Iron Moth|Fiery Dance|p1a: Hoopa
|-activate|p1a: Hoopa|move: Substitute|[damage]
|move|p1a: Hoopa|Shadow Ball|p2a: Iron Moth
|-damage|p2a: Iron Moth|12/100
|-unboost|p2a: Iron Moth|spd|1
|
|upkeep
|turn|27
|
|t:|1779621569
|move|p2a: Iron Moth|Fiery Dance|p1a: Hoopa
|-end|p1a: Hoopa|Substitute
|move|p1a: Hoopa|Substitute|p1a: Hoopa
|-start|p1a: Hoopa|Substitute
|-damage|p1a: Hoopa|51/100
|
|upkeep
|turn|28
|
|t:|1779621573
|move|p2a: Iron Moth|Fiery Dance|p1a: Hoopa
|-end|p1a: Hoopa|Substitute
|-boost|p2a: Iron Moth|spa|1
|move|p1a: Hoopa|Shadow Ball|p2a: Iron Moth
|-damage|p2a: Iron Moth|0 fnt
|faint|p2a: Iron Moth
|-end|p2a: Iron Moth|Quark Drive|[silent]
|
|upkeep
|
|t:|1779621576
|switch|p2a: Dragapult|Dragapult, F|100/100
|turn|29
|
|t:|1779621582
|switch|p1a: Mandibuzz|Mandibuzz, F, shiny|100/100
|move|p2a: Dragapult|Shadow Ball|p1a: Mandibuzz
|-resisted|p1a: Mandibuzz
|-damage|p1a: Mandibuzz|79/100
|
|upkeep
|turn|30
|
|t:|1779621587
|switch|p2a: Corviknight|Corviknight, F|93/100
|move|p1a: Mandibuzz|Foul Play|p2a: Corviknight
|-damage|p2a: Corviknight|73/100
|-damage|p1a: Mandibuzz|62/100|[from] item: Rocky Helmet|[of] p2a: Corviknight
|
|upkeep
|turn|31
|
|t:|1779621592
|switch|p2a: Dragapult|Dragapult, F|100/100
|move|p1a: Mandibuzz|Roost|p1a: Mandibuzz
|-heal|p1a: Mandibuzz|100/100
|-singleturn|p1a: Mandibuzz|move: Roost
|
|upkeep
|turn|32
|
|t:|1779621594
|move|p2a: Dragapult|Thunderbolt|p1a: Mandibuzz
|-supereffective|p1a: Mandibuzz
|-damage|p1a: Mandibuzz|35/100
|move|p1a: Mandibuzz|Foul Play|p2a: Dragapult
|-supereffective|p2a: Dragapult
|-damage|p2a: Dragapult|17/100
|
|upkeep
|turn|33
|
|t:|1779621599
|switch|p1a: Kyurem|Kyurem|100/100
|-ability|p1a: Kyurem|Pressure
|move|p2a: Dragapult|Thunderbolt|p1a: Kyurem
|-resisted|p1a: Kyurem
|-damage|p1a: Kyurem|81/100
|
|upkeep
|turn|34
|
|t:|1779621605
|switch|p2a: Corviknight|Corviknight, F|73/100
|move|p1a: Kyurem|Ice Beam|p2a: Corviknight
|-damage|p2a: Corviknight|21/100
|
|upkeep
|turn|35
|
|t:|1779621607
|move|p1a: Kyurem|Ice Beam|p2a: Corviknight
|-damage|p2a: Corviknight|0 fnt
|faint|p2a: Corviknight
|
|upkeep
|inactive|raickou has 120 seconds left.
|
|t:|1779621637
|switch|p2a: Alphonso Henriques|Kingambit, F|100/100
|-activate|p2a: Alphonso Henriques|ability: Supreme Overlord
|-start|p2a: Alphonso Henriques|fallen3|[silent]
|turn|36
|
|t:|1779621641
|switch|p1a: Mandibuzz|Mandibuzz, F, shiny|35/100
|move|p2a: Alphonso Henriques|Iron Head|p1a: Mandibuzz
|-damage|p1a: Mandibuzz|0 fnt
|-damage|p2a: Alphonso Henriques|84/100|[from] item: Rocky Helmet|[of] p1a: Mandibuzz
|faint|p1a: Mandibuzz
|
|-heal|p2a: Alphonso Henriques|90/100|[from] item: Leftovers
|upkeep
|
|t:|1779621653
|switch|p1a: Hoopa|Hoopa|51/100
|turn|37
|
|t:|1779621657
|move|p1a: Hoopa|Focus Blast|p2a: Alphonso Henriques|[miss]
|-miss|p1a: Hoopa|p2a: Alphonso Henriques
|move|p2a: Alphonso Henriques|Kowtow Cleave|p1a: Hoopa
|-supereffective|p1a: Hoopa
|-damage|p1a: Hoopa|0 fnt
|faint|p1a: Hoopa
|
|-heal|p2a: Alphonso Henriques|96/100|[from] item: Leftovers
|upkeep
|
|t:|1779621660
|switch|p1a: Cinderace|Cinderace, F|100/100
|turn|38
|
|t:|1779621665
|-terastallize|p2a: Alphonso Henriques|Fairy
|move|p1a: Cinderace|Pyro Ball|p2a: Alphonso Henriques
|-damage|p2a: Alphonso Henriques|49/100
|move|p2a: Alphonso Henriques|Kowtow Cleave|p1a: Cinderace
|-damage|p1a: Cinderace|1/100
|
|-heal|p2a: Alphonso Henriques|55/100|[from] item: Leftovers
|upkeep
|turn|39
|
|t:|1779621677
|move|p2a: Alphonso Henriques|Sucker Punch|p1a: Cinderace
|-damage|p1a: Cinderace|0 fnt
|faint|p1a: Cinderace
|
|-heal|p2a: Alphonso Henriques|61/100|[from] item: Leftovers
|upkeep
|
|t:|1779621680
|switch|p1a: Kyurem|Kyurem|81/100
|-ability|p1a: Kyurem|Pressure
|turn|40
|
|t:|1779621688
|-terastallize|p1a: Kyurem|Ground
|move|p2a: Alphonso Henriques|Sucker Punch|p1a: Kyurem
|-damage|p1a: Kyurem|28/100
|move|p1a: Kyurem|Ice Beam|p2a: Alphonso Henriques
|-damage|p2a: Alphonso Henriques|13/100
|
|-heal|p2a: Alphonso Henriques|19/100|[from] item: Leftovers
|upkeep
|turn|41
|
|t:|1779621692
|move|p2a: Alphonso Henriques|Sucker Punch|p1a: Kyurem
|-damage|p1a: Kyurem|0 fnt
|faint|p1a: Kyurem
|
|win|raickou
|raw|legend za legend's rating: 1272 &rarr; <strong>1243</strong><br />(-29 for losing)
|raw|raickou's rating: 1211 &rarr; <strong>1240</strong><br />(+29 for winning)
