|j|☆my shitters
|j|☆ONMED
|t:|1779724901
|gametype|singles
|player|p1|my shitters|preschooler|1412
|player|p2|ONMED|backersf|1401
|gen|9
|tier|[Gen 9] OU
|rated|
|rule|HP Percentage Mod: HP is shown in percentages
|rule|Endless Battle Clause: Forcing endless battles is banned
|rule|Species Clause: Limit one of each Pokémon
|rule|OHKO Clause: OHKO moves are banned
|rule|Evasion Items Clause: Evasion items are banned
|rule|Evasion Moves Clause: Evasion moves are banned
|rule|Evasion Abilities Clause: Evasion abilities are banned
|rule|Sleep Moves Clause: Sleep-inducing moves are banned
|clearpoke
|poke|p1|Sableye, F|
|poke|p1|Alcremie-Ruby-Swirl, F|
|poke|p1|Rotom-Heat|
|poke|p1|Primeape, M|
|poke|p1|Brute Bonnet|
|poke|p1|Ursaring, M|
|poke|p2|Great Tusk|
|poke|p2|Alomomola, F|
|poke|p2|Lokix, F|
|poke|p2|Dragapult, F|
|poke|p2|Corviknight, M|
|poke|p2|Iron Crown|
|teampreview
|inactive|Battle timer is ON: inactive players will automatically lose when time's up. (requested by ONMED)
|inactive|my shitters also wants the timer to be on.
|
|t:|1779724930
|teamsize|p1|6
|teamsize|p2|6
|start
|switch|p1a: GemPostin|Sableye, F|100/100
|switch|p2a: Peakaboo|Lokix, F|100/100
|turn|1
|
|t:|1779724940
|move|p1a: GemPostin|Reflect|p1a: GemPostin
|-sidestart|p1: my shitters|Reflect
|move|p2a: Peakaboo|U-turn|p1a: GemPostin
|-damage|p1a: GemPostin|74/100
|
|t:|1779724952
|switch|p2a: RUN|Iron Crown|100/100|[from] U-turn
|
|upkeep
|turn|2
|
|t:|1779724954
|move|p1a: GemPostin|Light Screen|p1a: GemPostin
|-sidestart|p1: my shitters|move: Light Screen
|move|p2a: RUN|Tachyon Cutter|p1a: GemPostin
|-damage|p1a: GemPostin|43/100
|-damage|p1a: GemPostin|13/100
|-hitcount|p1a: GemPostin|2
|
|upkeep
|turn|3
|
|t:|1779724959
|-end|p2a: RUN|Quark Drive|[silent]
|switch|p2a: PP Killer|Corviknight, M|100/100
|-ability|p2a: PP Killer|Pressure
|switch|p1a: FaintCorona|Rotom-Heat|100/100
|
|upkeep
|turn|4
|
|t:|1779724966
|switch|p2a: Fishy|Alomomola, F|100/100
|move|p1a: FaintCorona|Nasty Plot|p1a: FaintCorona
|-boost|p1a: FaintCorona|spa|2
|
|upkeep
|turn|5
|
|t:|1779724971
|move|p1a: FaintCorona|Nasty Plot|p1a: FaintCorona
|-boost|p1a: FaintCorona|spa|2
|move|p2a: Fishy|Flip Turn|p1a: FaintCorona
|-supereffective|p1a: FaintCorona
|-damage|p1a: FaintCorona|78/100
|
|t:|1779724977
|switch|p2a: Dancing Lion|Dragapult, F|100/100|[from] Flip Turn
|
|upkeep
|turn|6
|
|t:|1779724981
|move|p2a: Dancing Lion|Draco Meteor|p1a: FaintCorona
|-damage|p1a: FaintCorona|0 fnt
|-unboost|p2a: Dancing Lion|spa|2
|faint|p1a: FaintCorona
|
|upkeep
|
|t:|1779724987
|switch|p1a: RobotAlcremicDrive|Alcremie-Ruby-Swirl, F|100/100
|turn|7
|
|t:|1779725000
|switch|p2a: Fishy|Alomomola, F|100/100
|move|p1a: RobotAlcremicDrive|Calm Mind|p1a: RobotAlcremicDrive
|-boost|p1a: RobotAlcremicDrive|spa|1
|-boost|p1a: RobotAlcremicDrive|spd|1
|
|upkeep
|turn|8
|l|☆ONMED
|inactive|ONMED disconnected and has a minute to reconnect!
|player|p2|
|inactive|ONMED has 30 seconds to reconnect!
|j|☆ONMED
|inactive|ONMED reconnected and has 100 seconds left.
|player|p2|ONMED|backersf|
|inactive|ONMED has 90 seconds left.
|
|t:|1779725072
|move|p1a: RobotAlcremicDrive|Acid Armor|p1a: RobotAlcremicDrive
|-boost|p1a: RobotAlcremicDrive|def|2
|move|p2a: Fishy|Flip Turn|p1a: RobotAlcremicDrive
|-damage|p1a: RobotAlcremicDrive|97/100
|
|t:|1779725077
|switch|p2a: PP Killer|Corviknight, M|100/100|[from] Flip Turn
|-ability|p2a: PP Killer|Pressure
|
|-heal|p1a: RobotAlcremicDrive|100/100|[from] item: Leftovers
|-sideend|p1: my shitters|Reflect
|upkeep
|turn|9
|
|t:|1779725084
|move|p1a: RobotAlcremicDrive|Calm Mind|p1a: RobotAlcremicDrive
|-boost|p1a: RobotAlcremicDrive|spa|1
|-boost|p1a: RobotAlcremicDrive|spd|1
|move|p2a: PP Killer|Defog|p1a: RobotAlcremicDrive
|-unboost|p1a: RobotAlcremicDrive|evasion|1
|-sideend|p1: my shitters|move: Light Screen
|
|upkeep
|turn|10
|inactive|ONMED has 90 seconds left.
|
|t:|1779725098
|move|p1a: RobotAlcremicDrive|Calm Mind|p1a: RobotAlcremicDrive
|-boost|p1a: RobotAlcremicDrive|spa|1
|-boost|p1a: RobotAlcremicDrive|spd|1
|move|p2a: PP Killer|U-turn|p1a: RobotAlcremicDrive
|-resisted|p1a: RobotAlcremicDrive
|-damage|p1a: RobotAlcremicDrive|97/100
|
|t:|1779725100
|switch|p2a: RUN|Iron Crown|100/100|[from] U-turn
|
|-heal|p1a: RobotAlcremicDrive|100/100|[from] item: Leftovers
|upkeep
|turn|11
|
|t:|1779725106
|-terastallize|p2a: RUN|Steel
|-terastallize|p1a: RobotAlcremicDrive|Steel
|move|p2a: RUN|Tachyon Cutter|p1a: RobotAlcremicDrive
|-resisted|p1a: RobotAlcremicDrive
|-damage|p1a: RobotAlcremicDrive|91/100
|-resisted|p1a: RobotAlcremicDrive
|-damage|p1a: RobotAlcremicDrive|83/100
|-hitcount|p1a: RobotAlcremicDrive|2
|move|p1a: RobotAlcremicDrive|Acid Armor|p1a: RobotAlcremicDrive
|-boost|p1a: RobotAlcremicDrive|def|2
|
|-heal|p1a: RobotAlcremicDrive|89/100|[from] item: Leftovers
|upkeep
|turn|12
|
|t:|1779725118
|-end|p2a: RUN|Quark Drive|[silent]
|switch|p2a: Fishy|Alomomola, F|100/100
|move|p1a: RobotAlcremicDrive|Acid Armor|p1a: RobotAlcremicDrive
|-boost|p1a: RobotAlcremicDrive|def|2
|
|-heal|p1a: RobotAlcremicDrive|95/100|[from] item: Leftovers
|upkeep
|turn|13
|
|t:|1779725130
|move|p1a: RobotAlcremicDrive|Calm Mind|p1a: RobotAlcremicDrive
|-boost|p1a: RobotAlcremicDrive|spa|1
|-boost|p1a: RobotAlcremicDrive|spd|1
|move|p2a: Fishy|Scald|p1a: RobotAlcremicDrive
|-damage|p1a: RobotAlcremicDrive|91/100
|
|-heal|p1a: RobotAlcremicDrive|97/100|[from] item: Leftovers
|upkeep
|turn|14
|
|t:|1779725145
|move|p1a: RobotAlcremicDrive|Calm Mind|p1a: RobotAlcremicDrive
|-boost|p1a: RobotAlcremicDrive|spa|1
|-boost|p1a: RobotAlcremicDrive|spd|1
|move|p2a: Fishy|Scald|p1a: RobotAlcremicDrive
|-damage|p1a: RobotAlcremicDrive|93/100
|-status|p1a: RobotAlcremicDrive|brn
|
|-heal|p1a: RobotAlcremicDrive|99/100 brn|[from] item: Leftovers
|-damage|p1a: RobotAlcremicDrive|93/100 brn|[from] brn
|upkeep
|turn|15
|
|t:|1779725160
|move|p1a: RobotAlcremicDrive|Stored Power|p2a: Fishy
|-damage|p2a: Fishy|0 fnt
|faint|p2a: Fishy
|
|-heal|p1a: RobotAlcremicDrive|99/100 brn|[from] item: Leftovers
|-damage|p1a: RobotAlcremicDrive|93/100 brn|[from] brn
|upkeep
|
|t:|1779725177
|switch|p2a: Not so great|Great Tusk, shiny|100/100
|turn|16
|
|t:|1779725181
|move|p2a: Not so great|Headlong Rush|p1a: RobotAlcremicDrive
|-supereffective|p1a: RobotAlcremicDrive
|-damage|p1a: RobotAlcremicDrive|63/100 brn
|-unboost|p2a: Not so great|def|1
|-unboost|p2a: Not so great|spd|1
|move|p1a: RobotAlcremicDrive|Draining Kiss|p2a: Not so great
|-supereffective|p2a: Not so great
|-damage|p2a: Not so great|0 fnt
|-heal|p1a: RobotAlcremicDrive|100/100 brn|[from] drain|[of] p2a: Not so great
|faint|p2a: Not so great
|-end|p2a: Not so great|Protosynthesis|[silent]
|
|-damage|p1a: RobotAlcremicDrive|95/100 brn|[from] brn
|upkeep
|l|☆ONMED
|inactive|ONMED disconnected and has a minute to reconnect!
|player|p2|
|inactive|ONMED has 30 seconds to reconnect!
|inactive|ONMED has 20 seconds to reconnect!
|inactive|ONMED has 15 seconds to reconnect!
|inactive|ONMED has 10 seconds to reconnect!
|inactive|ONMED has 5 seconds to reconnect!
|-message|ONMED lost due to inactivity.
|
|win|my shitters
|raw|my shitters's rating: 1412 &rarr; <strong>1431</strong><br />(+19 for winning)
|raw|ONMED's rating: 1401 &rarr; <strong>1382</strong><br />(-19 for losing)
|l|☆my shitters
|player|p1|
