|j|☆sickofme
|j|☆Igoodnamename
|t:|1779711638
|gametype|singles
|player|p1|sickofme|miku-water|1595
|player|p2|Igoodnamename|aaron|1608
|gen|9
|tier|[Gen 9] OU
|rated|
|rule|HP Percentage Mod: HP is shown in percentages
|rule|Endless Battle Clause: Forcing endless battles is banned
|rule|Species Clause: Limit one of each Pokémon
|rule|OHKO Clause: OHKO moves are banned
|rule|Evasion Items Clause: Evasion items are banned
|rule|Evasion Moves Clause: Evasion moves are banned
|rule|Evasion Abilities Clause: Evasion abilities are banned
|rule|Sleep Moves Clause: Sleep-inducing moves are banned
|clearpoke
|poke|p1|Ogerpon-Wellspring, F|
|poke|p1|Zamazenta-*|
|poke|p1|Iron Treads|
|poke|p1|Gliscor, M|
|poke|p1|Moltres|
|poke|p1|Lokix, F|
|poke|p2|Pecharunt|
|poke|p2|Slowking, M|
|poke|p2|Iron Treads|
|poke|p2|Zamazenta-*|
|poke|p2|Umbreon, F|
|poke|p2|Ogerpon, F|
|teampreview
|inactive|Battle timer is ON: inactive players will automatically lose when time's up. (requested by sickofme)
|
|t:|1779711647
|teamsize|p1|6
|teamsize|p2|6
|start
|switch|p1a: Lokix|Lokix, F|100/100
|switch|p2a: Pecharunt|Pecharunt|100/100
|-item|p2a: Pecharunt|Air Balloon
|turn|1
|
|t:|1779711665
|move|p2a: Pecharunt|Malignant Chain|p1a: Lokix
|-damage|p1a: Lokix|25/100
|-status|p1a: Lokix|tox
|-start|p1a: Lokix|confusion|[from] ability: Poison Puppeteer|[of] p2a: Pecharunt
|-activate|p1a: Lokix|confusion
|move|p1a: Lokix|Knock Off|p2a: Pecharunt
|-supereffective|p2a: Pecharunt
|-damage|p2a: Pecharunt|8/100
|-enditem|p2a: Pecharunt|Air Balloon
|
|-damage|p1a: Lokix|19/100 tox|[from] psn
|upkeep
|turn|2
|
|t:|1779711678
|switch|p1a: Iron Treads|Iron Treads|100/100
|move|p2a: Pecharunt|Shadow Ball|p1a: Iron Treads
|-damage|p1a: Iron Treads|59/100
|-unboost|p1a: Iron Treads|spd|1
|
|-heal|p1a: Iron Treads|65/100|[from] item: Leftovers
|upkeep
|turn|3
|
|t:|1779711684
|move|p1a: Iron Treads|Stealth Rock|p2a: Pecharunt
|-sidestart|p2: Igoodnamename|move: Stealth Rock
|move|p2a: Pecharunt|Shadow Ball|p1a: Iron Treads
|-damage|p1a: Iron Treads|11/100
|
|-heal|p1a: Iron Treads|17/100|[from] item: Leftovers
|upkeep
|turn|4
|
|t:|1779711687
|move|p1a: Iron Treads|Volt Switch|p2a: Pecharunt
|-damage|p2a: Pecharunt|0 fnt
|faint|p2a: Pecharunt
|
|t:|1779711692
|-end|p1a: Iron Treads|Quark Drive|[silent]
|switch|p1a: Gliscor|Gliscor, M|100/100|[from] Volt Switch
|
|-status|p1a: Gliscor|tox|[from] item: Toxic Orb
|upkeep
|
|t:|1779711700
|switch|p2a: Iron Treads|Iron Treads|100/100
|-damage|p2a: Iron Treads|97/100|[from] Stealth Rock
|turn|5
|
|t:|1779711703
|move|p1a: Gliscor|Earthquake|p2a: Iron Treads
|-supereffective|p2a: Iron Treads
|-damage|p2a: Iron Treads|27/100
|move|p2a: Iron Treads|Ice Spinner|p1a: Gliscor
|-supereffective|p1a: Gliscor
|-damage|p1a: Gliscor|4/100 tox
|
|-heal|p2a: Iron Treads|33/100|[from] item: Leftovers
|-heal|p1a: Gliscor|17/100 tox|[from] ability: Poison Heal
|upkeep
|turn|6
|j| Heliophete
|
|t:|1779711724
|move|p1a: Gliscor|Earthquake|p2a: Iron Treads
|-supereffective|p2a: Iron Treads
|-damage|p2a: Iron Treads|0 fnt
|faint|p2a: Iron Treads
|-end|p2a: Iron Treads|Quark Drive|[silent]
|
|-heal|p1a: Gliscor|29/100 tox|[from] ability: Poison Heal
|upkeep
|
|t:|1779711727
|switch|p2a: Slowking|Slowking, M|100/100
|-damage|p2a: Slowking|88/100|[from] Stealth Rock
|turn|7
|
|t:|1779711731
|switch|p1a: Iron Treads|Iron Treads|17/100
|move|p2a: Slowking|Future Sight|p1a: Iron Treads
|-start|p2a: Slowking|move: Future Sight
|
|-heal|p1a: Iron Treads|23/100|[from] item: Leftovers
|upkeep
|turn|8
|
|t:|1779711734
|move|p1a: Iron Treads|Volt Switch|p2a: Slowking
|-supereffective|p2a: Slowking
|-damage|p2a: Slowking|78/100
|
|t:|1779711738
|-end|p1a: Iron Treads|Quark Drive|[silent]
|switch|p1a: Ogerpon|Ogerpon-Wellspring, F|100/100|[from] Volt Switch
|move|p2a: Slowking|Flamethrower|p1a: Ogerpon
|-damage|p1a: Ogerpon|76/100
|-status|p1a: Ogerpon|brn
|
|-damage|p1a: Ogerpon|70/100 brn|[from] brn
|upkeep
|turn|9
|
|t:|1779711747
|move|p1a: Ogerpon|Spikes|p2a: Slowking
|-sidestart|p2: Igoodnamename|Spikes
|move|p2a: Slowking|Psyshock|p1a: Ogerpon
|-crit|p1a: Ogerpon
|-damage|p1a: Ogerpon|9/100 brn
|
|-end|p1a: Ogerpon|move: Future Sight
|-damage|p1a: Ogerpon|0 fnt
|faint|p1a: Ogerpon
|upkeep
|
|t:|1779711751
|switch|p1a: Lokix|Lokix, F|19/100 tox
|turn|10
|
|t:|1779711759
|switch|p2a: Zamazenta|Zamazenta|100/100
|-damage|p2a: Zamazenta|94/100|[from] Stealth Rock
|-damage|p2a: Zamazenta|82/100|[from] Spikes
|-ability|p2a: Zamazenta|Dauntless Shield|boost
|-boost|p2a: Zamazenta|def|1
|move|p1a: Lokix|U-turn|p2a: Zamazenta
|-resisted|p2a: Zamazenta
|-damage|p2a: Zamazenta|51/100
|
|t:|1779711765
|switch|p1a: Gliscor|Gliscor, M|29/100 tox|[from] U-turn
|
|-heal|p1a: Gliscor|41/100 tox|[from] ability: Poison Heal
|upkeep
|turn|11
|
|t:|1779711768
|switch|p2a: Slowking|Slowking, M|100/100
|-damage|p2a: Slowking|88/100|[from] Stealth Rock
|-damage|p2a: Slowking|76/100|[from] Spikes
|switch|p1a: Moltres|Moltres|100/100
|
|upkeep
|turn|12
|
|t:|1779711771
|move|p1a: Moltres|U-turn|p2a: Slowking
|-supereffective|p2a: Slowking
|-damage|p2a: Slowking|50/100
|
|t:|1779711774
|switch|p1a: Lokix|Lokix, F|19/100 tox|[from] U-turn
|move|p2a: Slowking|Scald|p1a: Lokix
|-damage|p1a: Lokix|0 fnt
|faint|p1a: Lokix
|
|upkeep
|
|t:|1779711779
|switch|p1a: Iron Treads|Iron Treads|23/100
|turn|13
|
|t:|1779711784
|move|p1a: Iron Treads|Volt Switch|p2a: Slowking
|-supereffective|p2a: Slowking
|-damage|p2a: Slowking|39/100
|
|t:|1779711788
|-end|p1a: Iron Treads|Quark Drive|[silent]
|switch|p1a: Moltres|Moltres|100/100|[from] Volt Switch
|move|p2a: Slowking|Scald|p1a: Moltres
|-supereffective|p1a: Moltres
|-damage|p1a: Moltres|43/100
|
|upkeep
|turn|14
|
|t:|1779711791
|move|p1a: Moltres|U-turn|p2a: Slowking
|-supereffective|p2a: Slowking
|-damage|p2a: Slowking|13/100
|
|t:|1779711794
|switch|p1a: Iron Treads|Iron Treads|23/100|[from] U-turn
|move|p2a: Slowking|Scald|p1a: Iron Treads
|-supereffective|p1a: Iron Treads
|-damage|p1a: Iron Treads|0 fnt
|faint|p1a: Iron Treads
|-end|p1a: Iron Treads|Quark Drive|[silent]
|
|upkeep
|
|t:|1779711796
|switch|p1a: Moltres|Moltres|43/100
|turn|15
|
|t:|1779711799
|switch|p2a: Zamazenta|Zamazenta|51/100
|-damage|p2a: Zamazenta|44/100|[from] Stealth Rock
|-damage|p2a: Zamazenta|32/100|[from] Spikes
|move|p1a: Moltres|U-turn|p2a: Zamazenta
|-resisted|p2a: Zamazenta
|-damage|p2a: Zamazenta|25/100
|
|t:|1779711804
|switch|p1a: Gliscor|Gliscor, M|41/100 tox|[from] U-turn
|
|-heal|p1a: Gliscor|54/100 tox|[from] ability: Poison Heal
|upkeep
|turn|16
|
|t:|1779711815
|switch|p1a: Moltres|Moltres|43/100
|move|p2a: Zamazenta|Stone Edge|p1a: Moltres
|-supereffective|p1a: Moltres
|-damage|p1a: Moltres|0 fnt
|faint|p1a: Moltres
|
|upkeep
|
|t:|1779711818
|switch|p1a: Zamazenta|Zamazenta|100/100
|-ability|p1a: Zamazenta|Dauntless Shield|boost
|-boost|p1a: Zamazenta|def|1
|turn|17
|
|t:|1779711822
|switch|p2a: Ogerpon|Ogerpon, F|100/100
|-damage|p2a: Ogerpon|88/100|[from] Stealth Rock
|-damage|p2a: Ogerpon|76/100|[from] Spikes
|move|p1a: Zamazenta|Iron Defense|p1a: Zamazenta
|-boost|p1a: Zamazenta|def|2
|
|upkeep
|turn|18
|
|t:|1779711826
|switch|p2a: Zamazenta|Zamazenta|25/100
|-damage|p2a: Zamazenta|19/100|[from] Stealth Rock
|-damage|p2a: Zamazenta|7/100|[from] Spikes
|move|p1a: Zamazenta|Body Press|p2a: Zamazenta
|-damage|p2a: Zamazenta|0 fnt
|faint|p2a: Zamazenta
|
|upkeep
|
|t:|1779711828
|switch|p2a: Umbreon|Umbreon, F|100/100
|-damage|p2a: Umbreon|88/100|[from] Stealth Rock
|-damage|p2a: Umbreon|76/100|[from] Spikes
|turn|19
|
|t:|1779711831
|-terastallize|p2a: Umbreon|Water
|move|p1a: Zamazenta|Body Press|p2a: Umbreon
|-damage|p2a: Umbreon|27/100
|move|p2a: Umbreon|Toxic|p1a: Zamazenta
|-status|p1a: Zamazenta|tox
|
|-heal|p2a: Umbreon|33/100|[from] item: Leftovers
|-damage|p1a: Zamazenta|94/100 tox|[from] psn
|upkeep
|turn|20
|
|t:|1779711835
|move|p2a: Umbreon|Protect|p2a: Umbreon
|-singleturn|p2a: Umbreon|Protect
|move|p1a: Zamazenta|Iron Defense|p1a: Zamazenta
|-boost|p1a: Zamazenta|def|2
|
|-heal|p2a: Umbreon|40/100|[from] item: Leftovers
|-damage|p1a: Zamazenta|82/100 tox|[from] psn
|upkeep
|turn|21
|
|t:|1779711857
|switch|p2a: Slowking|Slowking, M|46/100
|-damage|p2a: Slowking|34/100|[from] Stealth Rock
|-damage|p2a: Slowking|21/100|[from] Spikes
|move|p1a: Zamazenta|Body Press|p2a: Slowking
|-resisted|p2a: Slowking
|-damage|p2a: Slowking|0 fnt
|faint|p2a: Slowking
|
|-damage|p1a: Zamazenta|63/100 tox|[from] psn
|upkeep
|
|t:|1779711859
|switch|p2a: Umbreon|Umbreon, F, tera:Water|40/100
|-damage|p2a: Umbreon|27/100|[from] Stealth Rock
|-damage|p2a: Umbreon|15/100|[from] Spikes
|turn|22
|
|t:|1779711862
|move|p2a: Umbreon|Protect|p2a: Umbreon
|-singleturn|p2a: Umbreon|Protect
|move|p1a: Zamazenta|Rest|p1a: Zamazenta
|-status|p1a: Zamazenta|slp|[from] move: Rest
|-heal|p1a: Zamazenta|100/100 slp|[silent]
|-enditem|p1a: Zamazenta|Chesto Berry|[eat]
|-curestatus|p1a: Zamazenta|slp|[msg]
|
|-heal|p2a: Umbreon|21/100|[from] item: Leftovers
|upkeep
|turn|23
|c|☆sickofme|gg
|
|t:|1779711869
|move|p1a: Zamazenta|Body Press|p2a: Umbreon
|-damage|p2a: Umbreon|0 fnt
|faint|p2a: Umbreon
|
|upkeep
|c|☆Igoodnamename|ggs
|-message|Igoodnamename forfeited.
|
|win|sickofme
|raw|sickofme's rating: 1595 &rarr; <strong>1616</strong><br />(+21 for winning)
|raw|Igoodnamename's rating: 1608 &rarr; <strong>1587</strong><br />(-21 for losing)
|l|☆Igoodnamename
|player|p2|
|l|☆sickofme
|player|p1|
|l| Heliophete
