|j|☆phanxflame
|j|☆GwopMerchant
|t:|1779653130
|gametype|singles
|player|p1|phanxflame|266|1173
|player|p2|GwopMerchant|170|1132
|gen|9
|tier|[Gen 9] OU
|rated|
|rule|HP Percentage Mod: HP is shown in percentages
|rule|Endless Battle Clause: Forcing endless battles is banned
|rule|Species Clause: Limit one of each Pokémon
|rule|OHKO Clause: OHKO moves are banned
|rule|Evasion Items Clause: Evasion items are banned
|rule|Evasion Moves Clause: Evasion moves are banned
|rule|Evasion Abilities Clause: Evasion abilities are banned
|rule|Sleep Moves Clause: Sleep-inducing moves are banned
|clearpoke
|poke|p1|Gengar, F|
|poke|p1|Cinderace, M|
|poke|p1|Krookodile, M|
|poke|p1|Pelipper, F|
|poke|p1|Hatterene, F|
|poke|p1|Rampardos, F|
|poke|p2|Talonflame, M|
|poke|p2|Seviper, M|
|poke|p2|Cryogonal|
|poke|p2|Gligar, F|
|poke|p2|Conkeldurr, M|
|poke|p2|Latios, M|
|teampreview
|
|t:|1779653144
|teamsize|p1|6
|teamsize|p2|6
|start
|switch|p1a: Cinderace|Cinderace, M|100/100
|switch|p2a: Frozone|Cryogonal|100/100
|turn|1
|
|t:|1779653177
|switch|p2a: Dua Lipa|Gligar, F, shiny|100/100
|move|p1a: Cinderace|U-turn|p2a: Dua Lipa
|-start|p1a: Cinderace|typechange|Bug|[from] ability: Libero
|-resisted|p2a: Dua Lipa
|-damage|p2a: Dua Lipa|92/100
|
|t:|1779653199
|switch|p1a: Pelipper|Pelipper, F|100/100|[from] U-turn
|-weather|RainDance|[from] ability: Drizzle|[of] p1a: Pelipper
|
|-weather|RainDance|[upkeep]
|upkeep
|turn|2
|
|t:|1779653215
|switch|p2a: Frozone|Cryogonal|100/100
|move|p1a: Pelipper|Weather Ball|p2a: Frozone
|-damage|p2a: Frozone|8/100
|
|-weather|RainDance|[upkeep]
|upkeep
|turn|3
|
|t:|1779653231
|switch|p1a: Cinderace|Cinderace, M|100/100
|move|p2a: Frozone|Freeze-Dry|p1a: Cinderace
|-resisted|p1a: Cinderace
|-damage|p1a: Cinderace|81/100
|
|-weather|RainDance|[upkeep]
|upkeep
|turn|4
|
|t:|1779653255
|switch|p2a: BadaBing|Latios, M|100/100
|move|p1a: Cinderace|U-turn|p2a: BadaBing
|-start|p1a: Cinderace|typechange|Bug|[from] ability: Libero
|-supereffective|p2a: BadaBing
|-damage|p2a: BadaBing|8/100
|
|t:|1779653262
|switch|p1a: Gengar|Gengar, F|100/100|[from] U-turn
|
|-weather|RainDance|[upkeep]
|upkeep
|turn|5
|
|t:|1779653275
|switch|p2a: Rico|Conkeldurr, M|100/100
|move|p1a: Gengar|Shadow Ball|p2a: Rico
|-damage|p2a: Rico|51/100
|
|-weather|none
|upkeep
|turn|6
|
|t:|1779653305
|switch|p1a: Krookodile|Krookodile, M|100/100
|-ability|p1a: Krookodile|Intimidate|boost
|-unboost|p2a: Rico|atk|1
|move|p2a: Rico|Dynamic Punch|p1a: Krookodile|[miss]
|-miss|p2a: Rico|p1a: Krookodile
|-enditem|p2a: Rico|Blunder Policy
|-boost|p2a: Rico|spe|2
|
|upkeep
|turn|7
|
|t:|1779653323
|move|p2a: Rico|Drain Punch|p1a: Krookodile
|-supereffective|p1a: Krookodile
|-damage|p1a: Krookodile|14/100
|-heal|p2a: Rico|92/100|[from] drain|[of] p1a: Krookodile
|move|p1a: Krookodile|Earthquake|p2a: Rico
|-crit|p2a: Rico
|-damage|p2a: Rico|22/100
|
|upkeep
|turn|8
|
|t:|1779653331
|move|p2a: Rico|Stomping Tantrum|p1a: Krookodile
|-damage|p1a: Krookodile|0 fnt
|faint|p1a: Krookodile
|
|upkeep
|
|t:|1779653334
|switch|p1a: Gengar|Gengar, F|100/100
|turn|9
|
|t:|1779653338
|move|p1a: Gengar|Shadow Ball|p2a: Rico
|-damage|p2a: Rico|0 fnt
|faint|p2a: Rico
|
|upkeep
|
|t:|1779653357
|switch|p2a: Dua Lipa|Gligar, F, shiny|92/100
|turn|10
|
|t:|1779653380
|switch|p1a: Hatterene|Hatterene, F|100/100
|move|p2a: Dua Lipa|Knock Off|p1a: Hatterene
|-damage|p1a: Hatterene|81/100
|-enditem|p1a: Hatterene|Focus Sash|[from] move: Knock Off|[of] p2a: Dua Lipa
|
|upkeep
|turn|11
|
|t:|1779653389
|move|p2a: Dua Lipa|Stealth Rock|p1a: Hatterene
|move|p1a: Hatterene|Stealth Rock|p2a: Dua Lipa|[from] ability: Magic Bounce
|-sidestart|p2: GwopMerchant|move: Stealth Rock
|move|p1a: Hatterene|Future Sight|p2a: Dua Lipa
|-start|p1a: Hatterene|move: Future Sight
|
|upkeep
|turn|12
|
|t:|1779653400
|move|p2a: Dua Lipa|U-turn|p1a: Hatterene
|-damage|p1a: Hatterene|66/100
|
|t:|1779653405
|switch|p2a: Boogie|Seviper, M, shiny|100/100|[from] U-turn
|-damage|p2a: Boogie|88/100|[from] Stealth Rock
|move|p1a: Hatterene|Trick Room|p1a: Hatterene
|-fieldstart|move: Trick Room|[of] p1a: Hatterene
|
|-heal|p2a: Boogie|94/100|[from] item: Leftovers
|upkeep
|turn|13
|
|t:|1779653412
|switch|p1a: Gengar|Gengar, F|100/100
|-terastallize|p2a: Boogie|Ground
|move|p2a: Boogie|Gunk Shot|p1a: Gengar
|-resisted|p1a: Gengar
|-damage|p1a: Gengar|80/100
|-start|p2a: Boogie|Disable|Gunk Shot|[from] ability: Cursed Body|[of] p1a: Gengar
|
|-end|p2a: Boogie|move: Future Sight
|-damage|p2a: Boogie|0 fnt
|faint|p2a: Boogie
|upkeep
|l|☆GwopMerchant
|player|p2|
|inactive|Battle timer is ON: inactive players will automatically lose when time's up. (requested by phanxflame)
|inactive|GwopMerchant has 30 seconds to reconnect!
|inactive|GwopMerchant has 20 seconds to reconnect!
|inactive|GwopMerchant has 15 seconds to reconnect!
|inactive|GwopMerchant has 10 seconds to reconnect!
|inactive|GwopMerchant has 5 seconds to reconnect!
|-message|GwopMerchant lost due to inactivity.
|
|win|phanxflame
|raw|phanxflame's rating: 1167 &rarr; <strong>1189</strong><br />(+22 for winning)
|raw|GwopMerchant's rating: 1132 &rarr; <strong>1110</strong><br />(-22 for losing)
|l|☆phanxflame
|player|p1|
