|inactive|Battle timer is ON: inactive players will automatically lose when time's up.
|t:|1779567396
|gametype|singles
|player|p1|peum|miku-grass|
|player|p2|Adryl ♫|lyra|
|gen|9
|tier|[Gen 9] OU
|rule|HP Percentage Mod: HP is shown in percentages
|rule|Endless Battle Clause: Forcing endless battles is banned
|rule|Species Clause: Limit one of each Pokémon
|rule|OHKO Clause: OHKO moves are banned
|rule|Evasion Items Clause: Evasion items are banned
|rule|Evasion Moves Clause: Evasion moves are banned
|rule|Evasion Abilities Clause: Evasion abilities are banned
|rule|Sleep Moves Clause: Sleep-inducing moves are banned
|clearpoke
|poke|p1|Cinderace, M|
|poke|p1|Samurott-Hisui, F|
|poke|p1|Gholdengo|
|poke|p1|Kyurem|
|poke|p1|Dragonite, M|
|poke|p1|Great Tusk|
|poke|p2|Dragonite, M|
|poke|p2|Ting-Lu|
|poke|p2|Clefable, F|
|poke|p2|Pecharunt|
|poke|p2|Heatran, M|
|poke|p2|Zamazenta-*|
|teampreview
|inactive|peum also wants the timer to be on.
|c|☆peum|hf
|c|☆Adryl ♫|hf
|inactive|peum has 270 seconds left.
|inactive|Adryl ♫ has 270 seconds left.
|c|+JustFranco‽|no pincurchin no party
|inactive|Adryl ♫ has 240 seconds left.
|inactive|peum has 240 seconds left.
|inactive|Adryl ♫ has 210 seconds left.
|
|t:|1779567501
|teamsize|p1|6
|teamsize|p2|6
|start
|switch|p1a: Great Tusk|Great Tusk|100/100
|switch|p2a: Zamazenta|Zamazenta|100/100
|-ability|p2a: Zamazenta|Dauntless Shield|boost
|-boost|p2a: Zamazenta|def|1
|turn|1
|inactive|Adryl ♫ has 270 seconds left.
|
|t:|1779567516
|switch|p2a: Clefable|Clefable, F|100/100
|move|p1a: Great Tusk|Stealth Rock|p2a: Clefable
|-sidestart|p2: Adryl ♫|move: Stealth Rock
|
|upkeep
|turn|2
|
|t:|1779567521
|move|p1a: Great Tusk|Headlong Rush|p2a: Clefable
|-damage|p2a: Clefable|49/100
|-unboost|p1a: Great Tusk|def|1
|-unboost|p1a: Great Tusk|spd|1
|-enditem|p1a: Great Tusk|Eject Pack
|
|t:|1779567524
|-end|p1a: Great Tusk|Protosynthesis|[silent]
|switch|p1a: Gholdengo|Gholdengo|100/100
|move|p2a: Clefable|Knock Off|p1a: Gholdengo
|-supereffective|p1a: Gholdengo
|-damage|p1a: Gholdengo|67/100
|-enditem|p1a: Gholdengo|Choice Scarf|[from] move: Knock Off|[of] p2a: Clefable
|
|-heal|p2a: Clefable|55/100|[from] item: Leftovers
|upkeep
|turn|3
|
|t:|1779567529
|switch|p2a: Ting-Lu|Ting-Lu|100/100
|-damage|p2a: Ting-Lu|94/100|[from] Stealth Rock
|-ability|p2a: Ting-Lu|Vessel of Ruin
|move|p1a: Gholdengo|Trick|p2a: Ting-Lu
|-activate|p1a: Gholdengo|move: Trick|[of] p2a: Ting-Lu
|-enditem|p2a: Ting-Lu|Leftovers|[silent]|[from] move: Trick
|-item|p1a: Gholdengo|Leftovers|[from] move: Trick
|
|-heal|p1a: Gholdengo|74/100|[from] item: Leftovers
|upkeep
|turn|4
|
|t:|1779567537
|switch|p1a: Great Tusk|Great Tusk|100/100
|move|p2a: Ting-Lu|Spikes|p1a: Great Tusk
|-sidestart|p1: peum|Spikes
|
|upkeep
|turn|5
|
|t:|1779567541
|move|p1a: Great Tusk|Headlong Rush|p2a: Ting-Lu
|-damage|p2a: Ting-Lu|59/100
|-unboost|p1a: Great Tusk|def|1
|-unboost|p1a: Great Tusk|spd|1
|move|p2a: Ting-Lu|Ruination|p1a: Great Tusk
|-damage|p1a: Great Tusk|51/100
|
|upkeep
|turn|6
|
|t:|1779567557
|move|p1a: Great Tusk|Headlong Rush|p2a: Ting-Lu
|-damage|p2a: Ting-Lu|22/100
|-unboost|p1a: Great Tusk|def|1
|-unboost|p1a: Great Tusk|spd|1
|move|p2a: Ting-Lu|Earthquake|p1a: Great Tusk
|-damage|p1a: Great Tusk|0 fnt
|faint|p1a: Great Tusk
|-end|p1a: Great Tusk|Protosynthesis|[silent]
|
|upkeep
|
|t:|1779567561
|switch|p1a: Samurott|Samurott-Hisui, F|100/100
|-damage|p1a: Samurott|88/100|[from] Spikes
|turn|7
|
|t:|1779567582
|move|p1a: Samurott|Razor Shell|p2a: Ting-Lu
|-supereffective|p2a: Ting-Lu
|-damage|p2a: Ting-Lu|0 fnt
|faint|p2a: Ting-Lu
|
|upkeep
|
|t:|1779567590
|switch|p2a: Zamazenta|Zamazenta|100/100
|turn|8
|
|t:|1779567597
|switch|p1a: Cinderace|Cinderace, M|100/100
|move|p2a: Zamazenta|Close Combat|p1a: Cinderace
|-damage|p1a: Cinderace|15/100
|-unboost|p2a: Zamazenta|def|1
|-unboost|p2a: Zamazenta|spd|1
|
|upkeep
|turn|9
|
|t:|1779567609
|move|p2a: Zamazenta|Crunch|p1a: Cinderace
|-damage|p1a: Cinderace|0 fnt
|faint|p1a: Cinderace
|
|upkeep
|
|t:|1779567630
|switch|p1a: Gholdengo|Gholdengo|74/100
|-damage|p1a: Gholdengo|61/100|[from] Spikes
|turn|10
|inactive|peum has 270 seconds left.
|inactive|Adryl ♫ has 270 seconds left.
|
|t:|1779567668
|switch|p2a: Heatran|Heatran, M|100/100
|-damage|p2a: Heatran|88/100|[from] Stealth Rock
|move|p1a: Gholdengo|Shadow Ball|p2a: Heatran
|-damage|p2a: Heatran|61/100
|
|-heal|p1a: Gholdengo|67/100|[from] item: Leftovers
|-heal|p2a: Heatran|67/100|[from] item: Leftovers
|upkeep
|turn|11
|inactive|Adryl ♫ has 270 seconds left.
|
|t:|1779567674
|switch|p1a: Samurott|Samurott-Hisui, F|88/100
|-damage|p1a: Samurott|76/100|[from] Spikes
|move|p2a: Heatran|Will-O-Wisp|p1a: Samurott
|-status|p1a: Samurott|brn
|
|-heal|p2a: Heatran|73/100|[from] item: Leftovers
|-damage|p1a: Samurott|70/100 brn|[from] brn
|upkeep
|turn|12
|inactive|Adryl ♫ has 270 seconds left.
|
|t:|1779567690
|move|p1a: Samurott|Ceaseless Edge|p2a: Heatran|[miss]
|-miss|p1a: Samurott|p2a: Heatran
|move|p2a: Heatran|Stealth Rock|p1a: Samurott
|-sidestart|p1: peum|move: Stealth Rock
|
|-heal|p2a: Heatran|79/100|[from] item: Leftovers
|-damage|p1a: Samurott|64/100 brn|[from] brn
|upkeep
|turn|13
|
|t:|1779567693
|switch|p2a: Clefable|Clefable, F|55/100
|move|p1a: Samurott|Ceaseless Edge|p2a: Clefable
|-resisted|p2a: Clefable
|-damage|p2a: Clefable|47/100
|-sidestart|p2: Adryl ♫|Spikes
|
|-heal|p2a: Clefable|54/100|[from] item: Leftovers
|-damage|p1a: Samurott|58/100 brn|[from] brn
|upkeep
|turn|14
|
|t:|1779567698
|move|p1a: Samurott|Ceaseless Edge|p2a: Clefable
|-resisted|p2a: Clefable
|-damage|p2a: Clefable|45/100
|-sidestart|p2: Adryl ♫|Spikes
|move|p2a: Clefable|Moonlight|p2a: Clefable
|-heal|p2a: Clefable|95/100
|
|-heal|p2a: Clefable|100/100|[from] item: Leftovers
|-damage|p1a: Samurott|52/100 brn|[from] brn
|upkeep
|turn|15
|
|t:|1779567700
|move|p1a: Samurott|Ceaseless Edge|p2a: Clefable|[miss]
|-miss|p1a: Samurott|p2a: Clefable
|move|p2a: Clefable|Moonblast|p1a: Samurott
|-supereffective|p1a: Samurott
|-damage|p1a: Samurott|3/100 brn
|-unboost|p1a: Samurott|spa|1
|
|-damage|p1a: Samurott|0 fnt|[from] brn
|faint|p1a: Samurott
|upkeep
|c|☆peum|:/
|
|t:|1779567705
|switch|p1a: Gholdengo|Gholdengo|67/100
|-damage|p1a: Gholdengo|55/100|[from] Spikes
|-damage|p1a: Gholdengo|49/100|[from] Stealth Rock
|turn|16
|
|t:|1779567711
|switch|p2a: Dragonite|Dragonite, M|100/100
|move|p1a: Gholdengo|Recover|p1a: Gholdengo
|-heal|p1a: Gholdengo|99/100
|
|-heal|p1a: Gholdengo|100/100|[from] item: Leftovers
|upkeep
|turn|17
|
|t:|1779567719
|switch|p1a: Dragonite|Dragonite, M|100/100
|-damage|p1a: Dragonite|76/100|[from] Stealth Rock
|move|p2a: Dragonite|Earthquake|p1a: Dragonite
|-immune|p1a: Dragonite
|
|upkeep
|turn|18
|
|t:|1779567723
|move|p1a: Dragonite|Scale Shot|p2a: Dragonite
|-supereffective|p2a: Dragonite
|-damage|p2a: Dragonite|87/100
|-supereffective|p2a: Dragonite
|-damage|p2a: Dragonite|61/100
|-supereffective|p2a: Dragonite
|-damage|p2a: Dragonite|36/100
|-supereffective|p2a: Dragonite
|-damage|p2a: Dragonite|11/100
|-hitcount|p2a: Dragonite|4
|-unboost|p1a: Dragonite|def|1
|-boost|p1a: Dragonite|spe|1
|move|p2a: Dragonite|Dragon Tail|p1a: Dragonite
|-supereffective|p1a: Dragonite
|-damage|p1a: Dragonite|0 fnt
|faint|p1a: Dragonite
|
|upkeep
|
|t:|1779567730
|switch|p1a: Gholdengo|Gholdengo|100/100
|-damage|p1a: Gholdengo|88/100|[from] Spikes
|-damage|p1a: Gholdengo|82/100|[from] Stealth Rock
|turn|19
|
|t:|1779567732
|move|p1a: Gholdengo|Shadow Ball|p2a: Dragonite
|-damage|p2a: Dragonite|0 fnt
|faint|p2a: Dragonite
|
|-heal|p1a: Gholdengo|88/100|[from] item: Leftovers
|upkeep
|
|t:|1779567751
|switch|p2a: Zamazenta|Zamazenta|100/100
|turn|20
|
|t:|1779567755
|move|p2a: Zamazenta|Crunch|p1a: Gholdengo
|-supereffective|p1a: Gholdengo
|-damage|p1a: Gholdengo|31/100
|move|p1a: Gholdengo|Make It Rain|p2a: Zamazenta
|-damage|p2a: Zamazenta|37/100
|-unboost|p1a: Gholdengo|spa|1
|
|-heal|p1a: Gholdengo|37/100|[from] item: Leftovers
|upkeep
|turn|21
|
|t:|1779567759
|move|p2a: Zamazenta|Crunch|p1a: Gholdengo
|-supereffective|p1a: Gholdengo
|-damage|p1a: Gholdengo|0 fnt
|faint|p1a: Gholdengo
|
|upkeep
|
|t:|1779567760
|switch|p1a: Kyurem|Kyurem, shiny|100/100
|-damage|p1a: Kyurem|88/100|[from] Spikes
|-damage|p1a: Kyurem|63/100|[from] Stealth Rock
|-ability|p1a: Kyurem|Pressure
|turn|22
|
|t:|1779567764
|-terastallize|p1a: Kyurem|Fairy
|move|p2a: Zamazenta|Close Combat|p1a: Kyurem
|-resisted|p1a: Kyurem
|-damage|p1a: Kyurem|35/100
|-unboost|p2a: Zamazenta|def|1
|-unboost|p2a: Zamazenta|spd|1
|move|p1a: Kyurem|Ice Beam|p2a: Zamazenta
|-damage|p2a: Zamazenta|0 fnt
|faint|p2a: Zamazenta
|
|upkeep
|
|t:|1779567776
|switch|p2a: Pecharunt|Pecharunt|100/100
|turn|23
|
|t:|1779567784
|move|p1a: Kyurem|Earth Power|p2a: Pecharunt
|-supereffective|p2a: Pecharunt
|-damage|p2a: Pecharunt|33/100
|move|p2a: Pecharunt|Toxic|p1a: Kyurem
|-status|p1a: Kyurem|tox
|-start|p1a: Kyurem|confusion|[from] ability: Poison Puppeteer|[of] p2a: Pecharunt
|
|-damage|p1a: Kyurem|29/100 tox|[from] psn
|upkeep
|turn|24
|-message|peum forfeited.
|
|win|Adryl ♫
