|j|☆amir.wp2
|j|☆angelo1908
|t:|1779683418
|gametype|singles
|player|p1|amir.wp2|1|1058
|player|p2|angelo1908|2|1104
|gen|9
|tier|[Gen 9] OU
|rated|
|rule|HP Percentage Mod: HP is shown in percentages
|rule|Endless Battle Clause: Forcing endless battles is banned
|rule|Species Clause: Limit one of each Pokémon
|rule|OHKO Clause: OHKO moves are banned
|rule|Evasion Items Clause: Evasion items are banned
|rule|Evasion Moves Clause: Evasion moves are banned
|rule|Evasion Abilities Clause: Evasion abilities are banned
|rule|Sleep Moves Clause: Sleep-inducing moves are banned
|clearpoke
|poke|p1|Scizor, F|
|poke|p1|Dragapult, M|
|poke|p1|Talonflame, F|
|poke|p1|Eelektross, F|
|poke|p1|Lurantis, F|
|poke|p1|Primarina, M|
|poke|p2|Tyranitar, M|
|poke|p2|Iron Hands|
|poke|p2|Rillaboom, F|
|poke|p2|Darkrai|
|poke|p2|Dondozo, F|
|poke|p2|Tinkaton, F|
|teampreview
|
|t:|1779683426
|teamsize|p1|6
|teamsize|p2|6
|start
|switch|p1a: Scizor|Scizor, F|100/100
|switch|p2a: Rillaboom|Rillaboom, F|100/100
|-fieldstart|move: Grassy Terrain|[from] ability: Grassy Surge|[of] p2a: Rillaboom
|turn|1
|
|t:|1779683438
|move|p2a: Rillaboom|Drain Punch|p1a: Scizor
|-damage|p1a: Scizor|69/100
|-damage|p2a: Rillaboom|91/100|[from] item: Life Orb
|move|p1a: Scizor|Swords Dance|p1a: Scizor
|-boost|p1a: Scizor|atk|2
|
|-heal|p2a: Rillaboom|97/100|[from] Grassy Terrain
|-heal|p1a: Scizor|75/100|[from] Grassy Terrain
|upkeep
|turn|2
|-activate|p1a: Scizor|item: Quick Claw
|
|t:|1779683450
|move|p2a: Rillaboom|Grassy Glide|p1a: Scizor
|-resisted|p1a: Scizor
|-damage|p1a: Scizor|62/100
|-damage|p2a: Rillaboom|87/100|[from] item: Life Orb
|move|p1a: Scizor|Lunge|p2a: Rillaboom
|-supereffective|p2a: Rillaboom
|-damage|p2a: Rillaboom|0 fnt
|faint|p2a: Rillaboom
|
|-heal|p1a: Scizor|68/100|[from] Grassy Terrain
|upkeep
|
|t:|1779683464
|switch|p2a: Tyranitar|Tyranitar, M|100/100
|-weather|Sandstorm|[from] ability: Sand Stream|[of] p2a: Tyranitar
|turn|3
|
|t:|1779683473
|move|p1a: Scizor|Lunge|p2a: Tyranitar
|-supereffective|p2a: Tyranitar
|-damage|p2a: Tyranitar|2/100
|-unboost|p2a: Tyranitar|atk|1
|move|p2a: Tyranitar|Roar|p1a: Scizor
|drag|p1a: Eelektross|Eelektross, F|100/100
|
|-weather|Sandstorm|[upkeep]
|-damage|p1a: Eelektross|94/100|[from] Sandstorm
|-heal|p2a: Tyranitar|8/100|[from] Grassy Terrain
|-heal|p2a: Tyranitar|14/100|[from] item: Leftovers
|upkeep
|turn|4
|
|t:|1779683486
|move|p2a: Tyranitar|Knock Off|p1a: Eelektross
|-damage|p1a: Eelektross|63/100
|-enditem|p1a: Eelektross|Blunder Policy|[from] move: Knock Off|[of] p2a: Tyranitar
|move|p1a: Eelektross|Liquidation|p2a: Tyranitar
|-supereffective|p2a: Tyranitar
|-damage|p2a: Tyranitar|0 fnt
|faint|p2a: Tyranitar
|
|-weather|Sandstorm|[upkeep]
|-damage|p1a: Eelektross|57/100|[from] Sandstorm
|upkeep
|
|t:|1779683500
|switch|p2a: Darkrai|Darkrai|100/100
|turn|5
|
|t:|1779683515
|move|p2a: Darkrai|Nasty Plot|p2a: Darkrai
|-boost|p2a: Darkrai|spa|2
|move|p1a: Eelektross|Zap Cannon|p2a: Darkrai|[miss]
|-miss|p1a: Eelektross|p2a: Darkrai
|
|-weather|Sandstorm|[upkeep]
|-damage|p2a: Darkrai|94/100|[from] Sandstorm
|-damage|p1a: Eelektross|50/100|[from] Sandstorm
|-heal|p2a: Darkrai|100/100|[from] Grassy Terrain
|-fieldend|move: Grassy Terrain
|upkeep
|turn|6
|
|t:|1779683528
|move|p2a: Darkrai|Sludge Bomb|p1a: Eelektross
|-damage|p1a: Eelektross|0 fnt
|faint|p1a: Eelektross
|
|-weather|Sandstorm|[upkeep]
|-damage|p2a: Darkrai|94/100|[from] Sandstorm
|-heal|p2a: Darkrai|100/100|[from] item: Leftovers
|upkeep
|
|t:|1779683539
|switch|p1a: Primarina|Primarina, M, shiny|100/100
|turn|7
|
|t:|1779683543
|move|p2a: Darkrai|Sludge Bomb|p1a: Primarina
|-supereffective|p1a: Primarina
|-damage|p1a: Primarina|0 fnt
|faint|p1a: Primarina
|
|-weather|none
|upkeep
|
|t:|1779683552
|switch|p1a: SayWordToFolk|Lurantis, F|100/100
|turn|8
|
|t:|1779683556
|move|p2a: Darkrai|Sludge Bomb|p1a: SayWordToFolk
|-supereffective|p1a: SayWordToFolk
|-damage|p1a: SayWordToFolk|0 fnt
|faint|p1a: SayWordToFolk
|
|upkeep
|
|t:|1779683566
|switch|p1a: Zuko|Talonflame, F, shiny|100/100
|turn|9
|
|t:|1779683570
|move|p2a: Darkrai|Dark Pulse|p1a: Zuko
|-crit|p1a: Zuko
|-damage|p1a: Zuko|0 fnt
|faint|p1a: Zuko
|
|upkeep
|c|☆amir.wp2|holy sweep
|
|t:|1779683579
|switch|p1a: UMADBRO?|Dragapult, M|100/100
|turn|10
|
|t:|1779683585
|move|p2a: Darkrai|Ice Beam|p1a: UMADBRO?
|-supereffective|p1a: UMADBRO?
|-damage|p1a: UMADBRO?|0 fnt
|faint|p1a: UMADBRO?
|
|upkeep
|
|t:|1779683589
|switch|p1a: Scizor|Scizor, F|68/100
|turn|11
|
|t:|1779683593
|move|p2a: Darkrai|Dark Pulse|p1a: Scizor
|-damage|p1a: Scizor|0 fnt
|faint|p1a: Scizor
|
|win|angelo1908
|raw|amir.wp2's rating: 1058 &rarr; <strong>1042</strong><br />(-16 for losing)
|raw|angelo1908's rating: 1104 &rarr; <strong>1126</strong><br />(+22 for winning)
|c|☆amir.wp2|wtfff
|l|☆angelo1908
|player|p2|
|c|☆amir.wp2|ggs
|l|☆amir.wp2
|player|p1|
