|j|☆lethalwolf
|j|☆isekaime
|t:|1779717445
|gametype|singles
|player|p1|lethalwolf|ethan|1313
|player|p2|isekaime|klara|1333
|gen|9
|tier|[Gen 9] OU
|rated|
|rule|HP Percentage Mod: HP is shown in percentages
|rule|Endless Battle Clause: Forcing endless battles is banned
|rule|Species Clause: Limit one of each Pokémon
|rule|OHKO Clause: OHKO moves are banned
|rule|Evasion Items Clause: Evasion items are banned
|rule|Evasion Moves Clause: Evasion moves are banned
|rule|Evasion Abilities Clause: Evasion abilities are banned
|rule|Sleep Moves Clause: Sleep-inducing moves are banned
|clearpoke
|poke|p1|Banette, M|
|poke|p1|Zamazenta-*|
|poke|p1|Corviknight, M|
|poke|p1|Zapdos|
|poke|p1|Metagross|
|poke|p1|Latios, M|
|poke|p2|Lilligant-Hisui, F|
|poke|p2|Hatterene, F|
|poke|p2|Cinderace, F|
|poke|p2|Ninetales, F|
|poke|p2|Raging Bolt|
|poke|p2|Walking Wake|
|teampreview
|inactive|Battle timer is ON: inactive players will automatically lose when time's up. (requested by lethalwolf)
|inactive|lethalwolf has 120 seconds left.
|
|t:|1779717479
|teamsize|p1|6
|teamsize|p2|6
|start
|switch|p1a: Zapdos|Zapdos|100/100
|switch|p2a: Raging Bolt|Raging Bolt|100/100
|turn|1
|
|t:|1779717488
|switch|p1a: Metagross|Metagross|100/100
|move|p2a: Raging Bolt|Draco Meteor|p1a: Metagross
|-resisted|p1a: Metagross
|-damage|p1a: Metagross|75/100
|-unboost|p2a: Raging Bolt|spa|2
|-enditem|p2a: Raging Bolt|Eject Pack
|
|t:|1779717499
|-end|p2a: Raging Bolt|Protosynthesis|[silent]
|switch|p2a: Ninetales|Ninetales, F|100/100
|-weather|SunnyDay|[from] ability: Drought|[of] p2a: Ninetales
|
|-weather|SunnyDay|[upkeep]
|upkeep
|turn|2
|
|t:|1779717507
|switch|p1a: Latios|Latios, M|100/100
|move|p2a: Ninetales|Overheat|p1a: Latios
|-resisted|p1a: Latios
|-damage|p1a: Latios|62/100
|-unboost|p2a: Ninetales|spa|2
|
|-weather|SunnyDay|[upkeep]
|upkeep
|turn|3
|
|t:|1779717517
|move|p1a: Latios|Luster Purge|p2a: Ninetales
|-damage|p2a: Ninetales|40/100
|move|p2a: Ninetales|Encore|p1a: Latios
|-start|p1a: Latios|Encore
|
|-weather|SunnyDay|[upkeep]
|upkeep
|turn|4
|
|t:|1779717529
|switch|p1a: Metagross|Metagross|75/100
|switch|p2a: Hatterene|Hatterene, F|100/100
|
|-weather|SunnyDay|[upkeep]
|upkeep
|turn|5
|
|t:|1779717535
|switch|p2a: Raging Bolt|Raging Bolt|100/100
|-activate|p2a: Raging Bolt|ability: Protosynthesis
|-start|p2a: Raging Bolt|protosynthesisspa
|move|p1a: Metagross|Knock Off|p2a: Raging Bolt
|-damage|p2a: Raging Bolt|76/100
|
|-weather|SunnyDay|[upkeep]
|upkeep
|turn|6
|
|t:|1779717543
|move|p2a: Raging Bolt|Thunderbolt|p1a: Metagross
|-damage|p1a: Metagross|31/100
|move|p1a: Metagross|Psychic Fangs|p2a: Raging Bolt
|-damage|p2a: Raging Bolt|26/100
|
|-weather|SunnyDay|[upkeep]
|upkeep
|turn|7
|
|t:|1779717555
|move|p1a: Metagross|Bullet Punch|p2a: Raging Bolt
|-resisted|p2a: Raging Bolt
|-damage|p2a: Raging Bolt|16/100
|move|p2a: Raging Bolt|Thunderbolt|p1a: Metagross
|-damage|p1a: Metagross|0 fnt
|faint|p1a: Metagross
|
|-weather|SunnyDay|[upkeep]
|upkeep
|
|t:|1779717563
|switch|p1a: Banette|Banette, M|100/100
|turn|8
|
|t:|1779717570
|move|p1a: Banette|Shadow Sneak|p2a: Raging Bolt
|-damage|p2a: Raging Bolt|0 fnt
|faint|p2a: Raging Bolt
|-end|p2a: Raging Bolt|Protosynthesis|[silent]
|-damage|p1a: Banette|91/100|[from] item: Life Orb
|
|-weather|none
|upkeep
|
|t:|1779717577
|switch|p2a: Ninetales|Ninetales, F|40/100
|-weather|SunnyDay|[from] ability: Drought|[of] p2a: Ninetales
|turn|9
|
|t:|1779717597
|move|p1a: Banette|Shadow Sneak|p2a: Ninetales
|-damage|p2a: Ninetales|0 fnt
|faint|p2a: Ninetales
|-damage|p1a: Banette|81/100|[from] item: Life Orb
|
|-weather|SunnyDay|[upkeep]
|upkeep
|inactive|isekaime has 120 seconds left.
|
|t:|1779717648
|switch|p2a: Walking Wake|Walking Wake|100/100
|-activate|p2a: Walking Wake|ability: Protosynthesis
|-start|p2a: Walking Wake|protosynthesisspe
|turn|10
|
|t:|1779717671
|move|p1a: Banette|Shadow Sneak|p2a: Walking Wake
|-damage|p2a: Walking Wake|74/100
|-damage|p1a: Banette|72/100|[from] item: Life Orb
|move|p2a: Walking Wake|Hydro Steam|p1a: Banette
|-damage|p1a: Banette|0 fnt
|faint|p1a: Banette
|
|-weather|SunnyDay|[upkeep]
|upkeep
|inactive|lethalwolf has 120 seconds left.
|
|t:|1779717694
|switch|p1a: Corviknight|Corviknight, M|100/100
|-ability|p1a: Corviknight|Pressure
|turn|11
|
|t:|1779717702
|move|p2a: Walking Wake|Hydro Steam|p1a: Corviknight
|-damage|p1a: Corviknight|43/100
|move|p1a: Corviknight|Brave Bird|p2a: Walking Wake
|-damage|p2a: Walking Wake|31/100
|-damage|p1a: Corviknight|31/100|[from] Recoil
|
|-weather|SunnyDay|[upkeep]
|upkeep
|turn|12
|
|t:|1779717708
|move|p2a: Walking Wake|Hydro Steam|p1a: Corviknight
|-damage|p1a: Corviknight|0 fnt
|faint|p1a: Corviknight
|
|-weather|SunnyDay|[upkeep]
|upkeep
|
|t:|1779717709
|switch|p1a: Latios|Latios, M|62/100
|turn|13
|
|t:|1779717718
|-end|p2a: Walking Wake|Protosynthesis|[silent]
|switch|p2a: Hatterene|Hatterene, F|100/100
|move|p1a: Latios|Luster Purge|p2a: Hatterene
|-resisted|p2a: Hatterene
|-damage|p2a: Hatterene|76/100
|
|-weather|SunnyDay|[upkeep]
|-heal|p2a: Hatterene|82/100|[from] item: Leftovers
|upkeep
|turn|14
|
|t:|1779717732
|switch|p1a: Zapdos|Zapdos|100/100
|move|p2a: Hatterene|Dazzling Gleam|p1a: Zapdos
|-damage|p1a: Zapdos|48/100
|
|-weather|SunnyDay|[upkeep]
|-heal|p2a: Hatterene|88/100|[from] item: Leftovers
|upkeep
|turn|15
|
|t:|1779717741
|move|p1a: Zapdos|Roost|p1a: Zapdos
|-heal|p1a: Zapdos|98/100
|-singleturn|p1a: Zapdos|move: Roost
|move|p2a: Hatterene|Trick Room|p2a: Hatterene
|-fieldstart|move: Trick Room|[of] p2a: Hatterene
|
|-weather|SunnyDay|[upkeep]
|-heal|p2a: Hatterene|94/100|[from] item: Leftovers
|upkeep
|turn|16
|
|t:|1779717747
|move|p2a: Hatterene|Psychic Noise|p1a: Zapdos
|-damage|p1a: Zapdos|51/100
|-start|p1a: Zapdos|move: Heal Block
|move|p1a: Zapdos|Thunderbolt|p2a: Hatterene
|-damage|p2a: Hatterene|48/100
|
|-weather|none
|-heal|p2a: Hatterene|54/100|[from] item: Leftovers
|upkeep
|turn|17
|
|t:|1779717759
|move|p2a: Hatterene|Dazzling Gleam|p1a: Zapdos
|-damage|p1a: Zapdos|0 fnt
|faint|p1a: Zapdos
|
|-heal|p2a: Hatterene|60/100|[from] item: Leftovers
|upkeep
|
|t:|1779717769
|switch|p1a: Zamazenta|Zamazenta|100/100
|-ability|p1a: Zamazenta|Dauntless Shield|boost
|-boost|p1a: Zamazenta|def|1
|turn|18
|
|t:|1779717775
|-terastallize|p1a: Zamazenta|Dark
|move|p2a: Hatterene|Psychic Noise|p1a: Zamazenta
|-immune|p1a: Zamazenta
|move|p1a: Zamazenta|Heavy Slam|p2a: Hatterene
|-supereffective|p2a: Hatterene
|-damage|p2a: Hatterene|0 fnt
|faint|p2a: Hatterene
|
|upkeep
|
|t:|1779717792
|switch|p2a: Cinderace|Cinderace, F|100/100
|turn|19
|
|t:|1779717805
|move|p2a: Cinderace|Will-O-Wisp|p1a: Zamazenta|[miss]
|-miss|p2a: Cinderace|p1a: Zamazenta
|move|p1a: Zamazenta|Iron Defense|p1a: Zamazenta
|-boost|p1a: Zamazenta|def|2
|
|-fieldend|move: Trick Room
|upkeep
|turn|20
|
|t:|1779717811
|move|p1a: Zamazenta|Body Press|p2a: Cinderace
|-damage|p2a: Cinderace|0 fnt
|faint|p2a: Cinderace
|
|upkeep
|
|t:|1779717814
|switch|p2a: Lilligant|Lilligant-Hisui, F, shiny|100/100
|turn|21
|
|t:|1779717820
|-terastallize|p2a: Lilligant|Ghost
|move|p1a: Zamazenta|Body Press|p2a: Lilligant
|-immune|p2a: Lilligant
|move|p2a: Lilligant|Encore|p1a: Zamazenta
|-start|p1a: Zamazenta|Encore
|
|upkeep
|turn|22
|
|t:|1779717826
|switch|p1a: Latios|Latios, M|62/100
|move|p2a: Lilligant|Victory Dance|p2a: Lilligant
|-boost|p2a: Lilligant|atk|1
|-boost|p2a: Lilligant|def|1
|-boost|p2a: Lilligant|spe|1
|
|upkeep
|turn|23
|
|t:|1779717840
|move|p1a: Latios|Draco Meteor|p2a: Lilligant
|-damage|p2a: Lilligant|0 fnt
|-unboost|p1a: Latios|spa|2
|faint|p2a: Lilligant
|
|upkeep
|
|t:|1779717845
|switch|p2a: Walking Wake|Walking Wake|31/100
|turn|24
|
|t:|1779717862
|move|p1a: Latios|Draco Meteor|p2a: Walking Wake
|-supereffective|p2a: Walking Wake
|-damage|p2a: Walking Wake|0 fnt
|-unboost|p1a: Latios|spa|2
|faint|p2a: Walking Wake
|-end|p2a: Walking Wake|Protosynthesis|[silent]
|
|win|lethalwolf
|raw|lethalwolf's rating: 1313 &rarr; <strong>1334</strong><br />(+21 for winning)
|raw|isekaime's rating: 1333 &rarr; <strong>1312</strong><br />(-21 for losing)
|l|☆isekaime
|player|p2|
|l|☆lethalwolf
|player|p1|
