|j|☆ArchStanton47
|j|☆i am patrat
|t:|1779598329
|gametype|singles
|player|p1|ArchStanton47|ethan-pokeathlon|1295
|player|p2|i am patrat|169|1341
|gen|9
|tier|[Gen 9] OU
|rated|
|rule|HP Percentage Mod: HP is shown in percentages
|rule|Endless Battle Clause: Forcing endless battles is banned
|rule|Species Clause: Limit one of each Pokémon
|rule|OHKO Clause: OHKO moves are banned
|rule|Evasion Items Clause: Evasion items are banned
|rule|Evasion Moves Clause: Evasion moves are banned
|rule|Evasion Abilities Clause: Evasion abilities are banned
|rule|Sleep Moves Clause: Sleep-inducing moves are banned
|clearpoke
|poke|p1|Weezing-Galar, M|
|poke|p1|Hitmonlee, M|
|poke|p1|Hydrapple, F|
|poke|p1|Landorus-Therian, M|
|poke|p1|Hatterene, F|
|poke|p1|Kyurem|
|poke|p2|Lilligant, F|
|poke|p2|Feraligatr, F|
|poke|p2|Regieleki|
|poke|p2|Scream Tail|
|poke|p2|Sableye, F|
|poke|p2|Blaziken, M|
|teampreview
|
|t:|1779598342
|teamsize|p1|6
|teamsize|p2|6
|start
|switch|p1a: Weezing|Weezing-Galar, M|100/100
|switch|p2a: Lilligant|Lilligant, F|100/100
|-fieldstart|move: Misty Terrain|[from] ability: Misty Surge|[of] p1a: Weezing
|turn|1
|inactive|Battle timer is ON: inactive players will automatically lose when time's up. (requested by i am patrat)
|l|☆ArchStanton47
|inactive|ArchStanton47 disconnected and has a minute to reconnect!
|player|p1|
|j|☆ArchStanton47
|inactive|ArchStanton47 reconnected and has 140 seconds left.
|player|p1|ArchStanton47|ethan-pokeathlon|
|
|t:|1779598387
|move|p2a: Lilligant|Quiver Dance|p2a: Lilligant
|-boost|p2a: Lilligant|spa|1
|-boost|p2a: Lilligant|spd|1
|-boost|p2a: Lilligant|spe|1
|move|p1a: Weezing|Clear Smog|p2a: Lilligant
|-supereffective|p2a: Lilligant
|-damage|p2a: Lilligant|71/100
|-clearboost|p2a: Lilligant
|
|-heal|p2a: Lilligant|77/100|[from] item: Leftovers
|upkeep
|turn|2
|
|t:|1779598402
|switch|p2a: Sableye|Sableye, F|100/100
|switch|p1a: Landorus|Landorus-Therian, M|100/100
|-ability|p1a: Landorus|Intimidate|boost
|-unboost|p2a: Sableye|atk|1
|
|upkeep
|turn|3
|
|t:|1779598410
|switch|p1a: Hatterene|Hatterene, F|100/100
|move|p2a: Sableye|Will-O-Wisp|p1a: Hatterene
|move|p1a: Hatterene|Will-O-Wisp|p2a: Sableye|[from] ability: Magic Bounce
|-activate|p2a: Sableye|move: Misty Terrain
|
|upkeep
|turn|4
|
|t:|1779598424
|switch|p2a: Scream Tail|Scream Tail|100/100
|move|p1a: Hatterene|Draining Kiss|p2a: Scream Tail
|-damage|p2a: Scream Tail|84/100
|
|-heal|p2a: Scream Tail|90/100|[from] item: Leftovers
|upkeep
|turn|5
|
|t:|1779598452
|move|p2a: Scream Tail|Dazzling Gleam|p1a: Hatterene
|-damage|p1a: Hatterene|86/100
|-enditem|p1a: Hatterene|Red Card|[of] p2a: Scream Tail
|-end|p2a: Scream Tail|Protosynthesis|[silent]
|drag|p2a: Sableye|Sableye, F|100/100
|move|p1a: Hatterene|Trick Room|p1a: Hatterene
|-fieldstart|move: Trick Room|[of] p1a: Hatterene
|
|upkeep
|turn|6
|
|t:|1779598464
|move|p1a: Hatterene|Draining Kiss|p2a: Sableye
|-supereffective|p2a: Sableye
|-damage|p2a: Sableye|39/100
|-heal|p1a: Hatterene|100/100|[from] drain|[of] p2a: Sableye
|-damage|p1a: Hatterene|84/100|[from] item: Rocky Helmet|[of] p2a: Sableye
|move|p2a: Sableye|Knock Off|p1a: Hatterene
|-damage|p1a: Hatterene|63/100
|
|upkeep
|turn|7
|inactive|ArchStanton47 has 120 seconds left.
|
|t:|1779598500
|switch|p2a: Scream Tail|Scream Tail|90/100
|move|p1a: Hatterene|Draining Kiss|p2a: Scream Tail
|-damage|p2a: Scream Tail|74/100
|-heal|p1a: Hatterene|80/100|[from] drain|[of] p2a: Scream Tail
|
|-heal|p2a: Scream Tail|80/100|[from] item: Leftovers
|upkeep
|turn|8
|
|t:|1779598509
|switch|p1a: Landorus|Landorus-Therian, M|100/100
|-ability|p1a: Landorus|Intimidate|boost
|-unboost|p2a: Scream Tail|atk|1
|move|p2a: Scream Tail|Wish|p2a: Scream Tail
|
|-heal|p2a: Scream Tail|86/100|[from] item: Leftovers
|-fieldend|Misty Terrain
|upkeep
|turn|9
|
|t:|1779598518
|-end|p2a: Scream Tail|Protosynthesis|[silent]
|switch|p2a: Blaziken|Blaziken, M|100/100
|move|p1a: Landorus|Stealth Rock|p2a: Blaziken
|-sidestart|p2: i am patrat|move: Stealth Rock
|
|-fieldend|move: Trick Room
|upkeep
|turn|10
|
|t:|1779598526
|switch|p1a: Weezing|Weezing-Galar, M|100/100
|-fieldstart|move: Misty Terrain|[from] ability: Misty Surge|[of] p1a: Weezing
|move|p2a: Blaziken|Protect||[still]
|-fail|p2a: Blaziken
|
|-ability|p2a: Blaziken|Speed Boost|boost
|-boost|p2a: Blaziken|spe|1
|upkeep
|turn|11
|inactive|ArchStanton47 has 120 seconds left.
|
|t:|1779598547
|switch|p1a: Landorus|Landorus-Therian, M|100/100
|-ability|p1a: Landorus|Intimidate|boost
|-unboost|p2a: Blaziken|atk|1
|move|p2a: Blaziken|Flare Blitz|p1a: Landorus
|-damage|p1a: Landorus|32/100
|-damage|p2a: Blaziken|76/100|[from] Recoil
|-damage|p2a: Blaziken|66/100|[from] item: Life Orb
|
|-ability|p2a: Blaziken|Speed Boost|boost
|-boost|p2a: Blaziken|spe|1
|upkeep
|turn|12
|inactive|ArchStanton47 has 120 seconds left.
|
|t:|1779598561
|move|p2a: Blaziken|Flare Blitz|p1a: Landorus
|-damage|p1a: Landorus|0 fnt
|faint|p1a: Landorus
|-damage|p2a: Blaziken|55/100|[from] Recoil
|-damage|p2a: Blaziken|45/100|[from] item: Life Orb
|
|-ability|p2a: Blaziken|Speed Boost|boost
|-boost|p2a: Blaziken|spe|1
|upkeep
|inactive|ArchStanton47 has 120 seconds left.
|
|t:|1779598568
|switch|p1a: Weezing|Weezing-Galar, M|100/100
|turn|13
|inactive|ArchStanton47 has 120 seconds left.
|
|t:|1779598579
|move|p2a: Blaziken|Swords Dance|p2a: Blaziken
|-boost|p2a: Blaziken|atk|2
|move|p1a: Weezing|Clear Smog|p2a: Blaziken
|-damage|p2a: Blaziken|24/100
|-clearboost|p2a: Blaziken
|
|-ability|p2a: Blaziken|Speed Boost|boost
|-boost|p2a: Blaziken|spe|1
|upkeep
|turn|14
|
|t:|1779598590
|move|p2a: Blaziken|Flare Blitz|p1a: Weezing
|-damage|p1a: Weezing|48/100
|-damage|p2a: Blaziken|5/100|[from] Recoil
|-damage|p2a: Blaziken|0 fnt|[from] item: Life Orb
|faint|p2a: Blaziken
|move|p1a: Weezing|Clear Smog|p2: Blaziken|[notarget]
|-fail|p1a: Weezing
|
|upkeep
|
|t:|1779598599
|switch|p2a: Regieleki|Regieleki|100/100
|-damage|p2a: Regieleki|88/100|[from] Stealth Rock
|turn|15
|
|t:|1779598606
|move|p2a: Regieleki|Charge Beam|p1a: Weezing
|-damage|p1a: Weezing|0 fnt
|-boost|p2a: Regieleki|spa|1
|faint|p1a: Weezing
|-damage|p2a: Regieleki|78/100|[from] item: Life Orb
|
|upkeep
|
|t:|1779598623
|switch|p1a: Hitmonlee|Hitmonlee, M|100/100
|-enditem|p1a: Hitmonlee|Misty Seed
|-boost|p1a: Hitmonlee|spd|1|[from] item: Misty Seed
|turn|16
|inactive|i am patrat has 120 seconds left.
|
|t:|1779598658
|move|p2a: Regieleki|Charge Beam|p1a: Hitmonlee
|-damage|p1a: Hitmonlee|54/100
|-boost|p2a: Regieleki|spa|1
|-damage|p2a: Regieleki|68/100|[from] item: Life Orb
|move|p1a: Hitmonlee|Knock Off|p2a: Regieleki
|-damage|p2a: Regieleki|0 fnt
|-enditem|p2a: Regieleki|Life Orb|[from] move: Knock Off|[of] p1a: Hitmonlee
|faint|p2a: Regieleki
|
|upkeep
|inactive|i am patrat has 120 seconds left.
|
|t:|1779598670
|switch|p2a: Sableye|Sableye, F|39/100
|-damage|p2a: Sableye|26/100|[from] Stealth Rock
|turn|17
|inactive|i am patrat has 120 seconds left.
|
|t:|1779598697
|move|p2a: Sableye|Will-O-Wisp|p1a: Hitmonlee|[miss]
|-miss|p2a: Sableye|p1a: Hitmonlee
|move|p1a: Hitmonlee|Knock Off|p2a: Sableye
|-damage|p2a: Sableye|0 fnt
|-damage|p1a: Hitmonlee|37/100|[from] item: Rocky Helmet|[of] p2a: Sableye
|-enditem|p2a: Sableye|Rocky Helmet|[from] move: Knock Off|[of] p1a: Hitmonlee
|faint|p2a: Sableye
|
|-fieldend|Misty Terrain
|upkeep
|inactive|i am patrat has 120 seconds left.
|
|t:|1779598708
|switch|p2a: Scream Tail|Scream Tail|86/100
|-damage|p2a: Scream Tail|74/100|[from] Stealth Rock
|turn|18
|inactive|i am patrat has 120 seconds left.
|inactive|ArchStanton47 has 120 seconds left.
|
|t:|1779598728
|move|p1a: Hitmonlee|Poison Jab|p2a: Scream Tail
|-supereffective|p2a: Scream Tail
|-damage|p2a: Scream Tail|27/100
|move|p2a: Scream Tail|Dazzling Gleam|p1a: Hitmonlee
|-supereffective|p1a: Hitmonlee
|-damage|p1a: Hitmonlee|2/100
|
|-heal|p2a: Scream Tail|33/100|[from] item: Leftovers
|upkeep
|turn|19
|inactive|i am patrat has 120 seconds left.
|
|t:|1779598743
|move|p2a: Scream Tail|Protect|p2a: Scream Tail
|-singleturn|p2a: Scream Tail|Protect
|move|p1a: Hitmonlee|Poison Jab|p2a: Scream Tail
|-activate|p2a: Scream Tail|move: Protect
|
|-heal|p2a: Scream Tail|39/100|[from] item: Leftovers
|upkeep
|turn|20
|
|t:|1779598753
|-terastallize|p2a: Scream Tail|Steel
|move|p1a: Hitmonlee|Poison Jab|p2a: Scream Tail
|-immune|p2a: Scream Tail
|move|p2a: Scream Tail|Dazzling Gleam|p1a: Hitmonlee
|-supereffective|p1a: Hitmonlee
|-damage|p1a: Hitmonlee|0 fnt
|faint|p1a: Hitmonlee
|
|-heal|p2a: Scream Tail|46/100|[from] item: Leftovers
|upkeep
|inactive|ArchStanton47 has 120 seconds left.
|
|t:|1779598800
|switch|p1a: Hydrapple|Hydrapple, F|100/100
|turn|21
|
|t:|1779598810
|-terastallize|p1a: Hydrapple|Fairy
|move|p2a: Scream Tail|Wish|p2a: Scream Tail
|move|p1a: Hydrapple|Earth Power|p2a: Scream Tail
|-supereffective|p2a: Scream Tail
|-damage|p2a: Scream Tail|1/100
|
|-heal|p2a: Scream Tail|8/100|[from] item: Leftovers
|upkeep
|turn|22
|
|t:|1779598821
|move|p2a: Scream Tail|Protect|p2a: Scream Tail
|-singleturn|p2a: Scream Tail|Protect
|move|p1a: Hydrapple|Nasty Plot|p1a: Hydrapple
|-boost|p1a: Hydrapple|spa|2
|
|-heal|p2a: Scream Tail|58/100|[from] move: Wish|[wisher] Scream Tail
|-heal|p2a: Scream Tail|64/100|[from] item: Leftovers
|upkeep
|turn|23
|
|t:|1779598832
|move|p2a: Scream Tail|Dazzling Gleam|p1a: Hydrapple
|-damage|p1a: Hydrapple|82/100
|move|p1a: Hydrapple|Earth Power|p2a: Scream Tail
|-supereffective|p2a: Scream Tail
|-damage|p2a: Scream Tail|0 fnt
|faint|p2a: Scream Tail
|-end|p2a: Scream Tail|Protosynthesis|[silent]
|
|upkeep
|
|t:|1779598840
|switch|p2a: Feraligatr|Feraligatr, F|100/100
|-damage|p2a: Feraligatr|88/100|[from] Stealth Rock
|turn|24
|inactive|ArchStanton47 has 120 seconds left.
|
|t:|1779598846
|move|p2a: Feraligatr|Liquidation|p1a: Hydrapple
|-damage|p1a: Hydrapple|34/100
|move|p1a: Hydrapple|Leaf Storm|p2a: Feraligatr
|-supereffective|p2a: Feraligatr
|-damage|p2a: Feraligatr|0 fnt
|-unboost|p1a: Hydrapple|spa|2
|faint|p2a: Feraligatr
|-enditem|p1a: Hydrapple|Eject Pack
|inactive|ArchStanton47 has 120 seconds left.
|
|t:|1779598853
|switch|p1a: Kyurem|Kyurem|100/100
|-ability|p1a: Kyurem|Pressure
|
|upkeep
|
|t:|1779598867
|switch|p2a: Lilligant|Lilligant, F|77/100
|-damage|p2a: Lilligant|64/100|[from] Stealth Rock
|turn|25
|
|t:|1779598873
|move|p2a: Lilligant|Quiver Dance|p2a: Lilligant
|-boost|p2a: Lilligant|spa|1
|-boost|p2a: Lilligant|spd|1
|-boost|p2a: Lilligant|spe|1
|move|p1a: Kyurem|Icicle Spear|p2a: Lilligant
|-supereffective|p2a: Lilligant
|-damage|p2a: Lilligant|17/100
|-supereffective|p2a: Lilligant
|-damage|p2a: Lilligant|0 fnt
|faint|p2a: Lilligant
|-hitcount|p2: Lilligant|2
|
|win|ArchStanton47
|raw|ArchStanton47's rating: 1295 &rarr; <strong>1323</strong><br />(+28 for winning)
|raw|i am patrat's rating: 1341 &rarr; <strong>1318</strong><br />(-23 for losing)
|l|☆ArchStanton47
|player|p1|
|l|☆i am patrat
|player|p2|
