|j|☆bastion 0
|j|☆fluxkstow
|t:|1779559619
|gametype|singles
|player|p1|bastion 0|102|1354
|player|p2|fluxkstow|101|1352
|gen|9
|tier|[Gen 9] OU
|rated|
|rule|HP Percentage Mod: HP is shown in percentages
|rule|Endless Battle Clause: Forcing endless battles is banned
|rule|Species Clause: Limit one of each Pokémon
|rule|OHKO Clause: OHKO moves are banned
|rule|Evasion Items Clause: Evasion items are banned
|rule|Evasion Moves Clause: Evasion moves are banned
|rule|Evasion Abilities Clause: Evasion abilities are banned
|rule|Sleep Moves Clause: Sleep-inducing moves are banned
|clearpoke
|poke|p1|Deoxys-Speed|
|poke|p1|Corviknight, F|
|poke|p1|Ting-Lu|
|poke|p1|Fezandipiti, M|
|poke|p1|Rillaboom, F|
|poke|p1|Skeledirge, M|
|poke|p2|Rampardos, F|
|poke|p2|Hatterene, F|
|poke|p2|Zapdos|
|poke|p2|Kingambit, F|
|poke|p2|Ursaluna, M|
|poke|p2|Primarina, M|
|teampreview
|inactive|Battle timer is ON: inactive players will automatically lose when time's up. (requested by bastion 0)
|
|t:|1779559636
|teamsize|p1|6
|teamsize|p2|6
|start
|switch|p1a: Rillaboom|Rillaboom, F|100/100
|switch|p2a: Gen 9 OU|Kingambit, F|100/100
|-fieldstart|move: Grassy Terrain|[from] ability: Grassy Surge|[of] p1a: Rillaboom
|turn|1
|
|t:|1779559644
|-end|p2a: Gen 9 OU|fallenundefined|[silent]
|switch|p2a: Uno|Zapdos|100/100
|move|p1a: Rillaboom|U-turn|p2a: Uno
|-resisted|p2a: Uno
|-damage|p2a: Uno|88/100
|
|t:|1779559650
|switch|p1a: Ting-Lu|Ting-Lu|100/100|[from] U-turn
|-ability|p1a: Ting-Lu|Vessel of Ruin
|
|upkeep
|turn|2
|
|t:|1779559654
|switch|p2a: Screne|Hatterene, F, shiny|100/100
|move|p1a: Ting-Lu|Stealth Rock|p2a: Screne
|move|p2a: Screne|Stealth Rock|p1a: Ting-Lu|[from] ability: Magic Bounce
|-sidestart|p1: bastion 0|move: Stealth Rock
|
|upkeep
|turn|3
|
|t:|1779559659
|move|p1a: Ting-Lu|Ruination|p2a: Screne
|-damage|p2a: Screne|50/100
|move|p2a: Screne|Trick Room|p2a: Screne
|-fieldstart|move: Trick Room|[of] p2a: Screne
|
|-heal|p2a: Screne|56/100|[from] Grassy Terrain
|-heal|p2a: Screne|62/100|[from] item: Leftovers
|upkeep
|turn|4
|
|t:|1779559668
|move|p2a: Screne|Draining Kiss|p1a: Ting-Lu
|-supereffective|p1a: Ting-Lu
|-damage|p1a: Ting-Lu|79/100
|-heal|p2a: Screne|89/100|[from] drain|[of] p1a: Ting-Lu
|move|p1a: Ting-Lu|Ruination|p2a: Screne
|-damage|p2a: Screne|45/100
|
|-heal|p2a: Screne|50/100|[from] Grassy Terrain
|-heal|p2a: Screne|56/100|[from] item: Leftovers
|-heal|p1a: Ting-Lu|85/100|[from] Grassy Terrain
|-heal|p1a: Ting-Lu|92/100|[from] item: Leftovers
|upkeep
|turn|5
|
|t:|1779559678
|move|p2a: Screne|Calm Mind|p2a: Screne
|-boost|p2a: Screne|spa|1
|-boost|p2a: Screne|spd|1
|move|p1a: Ting-Lu|Ruination|p2a: Screne
|-damage|p2a: Screne|28/100
|
|-heal|p2a: Screne|34/100|[from] Grassy Terrain
|-heal|p2a: Screne|40/100|[from] item: Leftovers
|-heal|p1a: Ting-Lu|98/100|[from] Grassy Terrain
|-heal|p1a: Ting-Lu|100/100|[from] item: Leftovers
|-fieldend|move: Grassy Terrain
|upkeep
|turn|6
|
|t:|1779559683
|move|p2a: Screne|Draining Kiss|p1a: Ting-Lu
|-supereffective|p1a: Ting-Lu
|-damage|p1a: Ting-Lu|70/100
|-heal|p2a: Screne|78/100|[from] drain|[of] p1a: Ting-Lu
|move|p1a: Ting-Lu|Earthquake|p2a: Screne
|-damage|p2a: Screne|44/100
|
|-heal|p2a: Screne|50/100|[from] item: Leftovers
|-heal|p1a: Ting-Lu|76/100|[from] item: Leftovers
|upkeep
|turn|7
|
|t:|1779559698
|switch|p1a: Fezandipiti|Fezandipiti, M|100/100
|move|p2a: Screne|Draining Kiss|p1a: Fezandipiti
|-resisted|p1a: Fezandipiti
|-damage|p1a: Fezandipiti|88/100
|-heal|p2a: Screne|61/100|[from] drain|[of] p1a: Fezandipiti
|
|-heal|p2a: Screne|67/100|[from] item: Leftovers
|-fieldend|move: Trick Room
|upkeep
|turn|8
|
|t:|1779559708
|switch|p2a: Gen 9 OU|Kingambit, F|100/100
|move|p1a: Fezandipiti|Beat Up|p2a: Gen 9 OU
|-resisted|p2a: Gen 9 OU
|-damage|p2a: Gen 9 OU|99/100
|-resisted|p2a: Gen 9 OU
|-damage|p2a: Gen 9 OU|98/100
|-resisted|p2a: Gen 9 OU
|-damage|p2a: Gen 9 OU|97/100
|-resisted|p2a: Gen 9 OU
|-damage|p2a: Gen 9 OU|95/100
|-resisted|p2a: Gen 9 OU
|-damage|p2a: Gen 9 OU|94/100
|-resisted|p2a: Gen 9 OU
|-damage|p2a: Gen 9 OU|93/100
|-hitcount|p2a: Gen 9 OU|6
|
|-heal|p2a: Gen 9 OU|99/100|[from] item: Leftovers
|upkeep
|turn|9
|
|t:|1779559721
|-end|p2a: Gen 9 OU|fallenundefined|[silent]
|switch|p2a: Uno|Zapdos|88/100
|move|p1a: Fezandipiti|U-turn|p2a: Uno
|-resisted|p2a: Uno
|-damage|p2a: Uno|82/100
|-status|p1a: Fezandipiti|par|[from] ability: Static|[of] p2a: Uno
|
|t:|1779559727
|switch|p1a: Ting-Lu|Ting-Lu|76/100|[from] U-turn
|-damage|p1a: Ting-Lu|70/100|[from] Stealth Rock
|-ability|p1a: Ting-Lu|Vessel of Ruin
|
|-heal|p1a: Ting-Lu|76/100|[from] item: Leftovers
|upkeep
|turn|10
|
|t:|1779559734
|switch|p2a: Screne|Hatterene, F, shiny|67/100
|move|p1a: Ting-Lu|Earthquake|p2a: Screne
|-damage|p2a: Screne|31/100
|
|-heal|p1a: Ting-Lu|82/100|[from] item: Leftovers
|-heal|p2a: Screne|37/100|[from] item: Leftovers
|upkeep
|turn|11
|
|t:|1779559745
|switch|p1a: Fezandipiti|Fezandipiti, M|88/100 par
|move|p2a: Screne|Draining Kiss|p1a: Fezandipiti
|-resisted|p1a: Fezandipiti
|-damage|p1a: Fezandipiti|81/100 par
|-heal|p2a: Screne|44/100|[from] drain|[of] p1a: Fezandipiti
|
|-heal|p2a: Screne|50/100|[from] item: Leftovers
|upkeep
|turn|12
|
|t:|1779559751
|cant|p1a: Fezandipiti|par
|move|p2a: Screne|Trick Room|p2a: Screne
|-fieldstart|move: Trick Room|[of] p2a: Screne
|
|-heal|p2a: Screne|56/100|[from] item: Leftovers
|upkeep
|turn|13
|
|t:|1779559754
|switch|p2a: The Bear|Ursaluna, M|100/100
|move|p1a: Fezandipiti|Beat Up|p2a: The Bear
|-damage|p2a: The Bear|98/100
|-status|p2a: The Bear|tox|[from] ability: Toxic Chain|[of] p1a: Fezandipiti
|-damage|p2a: The Bear|96/100 tox
|-damage|p2a: The Bear|93/100 tox
|-damage|p2a: The Bear|90/100 tox
|-damage|p2a: The Bear|87/100 tox
|-damage|p2a: The Bear|85/100 tox
|-hitcount|p2a: The Bear|6
|
|-damage|p2a: The Bear|79/100 tox|[from] psn
|upkeep
|turn|14
|
|t:|1779559770
|switch|p1a: Corviknight|Corviknight, F|100/100
|-damage|p1a: Corviknight|88/100|[from] Stealth Rock
|-ability|p1a: Corviknight|Pressure
|move|p2a: The Bear|Facade|p1a: Corviknight
|-resisted|p1a: Corviknight
|-damage|p1a: Corviknight|52/100
|
|-heal|p1a: Corviknight|58/100|[from] item: Leftovers
|-damage|p2a: The Bear|66/100 tox|[from] psn
|upkeep
|turn|15
|
|t:|1779559776
|move|p2a: The Bear|Fire Punch|p1a: Corviknight
|-supereffective|p1a: Corviknight
|-damage|p1a: Corviknight|7/100
|move|p1a: Corviknight|Roost|p1a: Corviknight
|-heal|p1a: Corviknight|57/100
|-singleturn|p1a: Corviknight|move: Roost
|
|-heal|p1a: Corviknight|63/100|[from] item: Leftovers
|-damage|p2a: The Bear|48/100 tox|[from] psn
|upkeep
|turn|16
|
|t:|1779559785
|move|p2a: The Bear|Fire Punch|p1a: Corviknight
|-supereffective|p1a: Corviknight
|-damage|p1a: Corviknight|10/100
|move|p1a: Corviknight|Roost|p1a: Corviknight
|-heal|p1a: Corviknight|60/100
|-singleturn|p1a: Corviknight|move: Roost
|
|-heal|p1a: Corviknight|66/100|[from] item: Leftovers
|-damage|p2a: The Bear|23/100 tox|[from] psn
|-fieldend|move: Trick Room
|upkeep
|turn|17
|
|t:|1779559792
|move|p1a: Corviknight|Roost|p1a: Corviknight
|-heal|p1a: Corviknight|100/100
|-singleturn|p1a: Corviknight|move: Roost
|move|p2a: The Bear|Fire Punch|p1a: Corviknight
|-supereffective|p1a: Corviknight
|-damage|p1a: Corviknight|50/100
|-status|p1a: Corviknight|brn
|
|-heal|p1a: Corviknight|56/100 brn|[from] item: Leftovers
|-damage|p2a: The Bear|0 fnt|[from] psn
|faint|p2a: The Bear
|-damage|p1a: Corviknight|50/100 brn|[from] brn
|upkeep
|
|t:|1779559806
|switch|p2a: Screne|Hatterene, F, shiny|56/100
|turn|18
|
|t:|1779559816
|move|p1a: Corviknight|U-turn|p2a: Screne
|-damage|p2a: Screne|49/100
|
|t:|1779559819
|switch|p1a: Ting-Lu|Ting-Lu|82/100|[from] U-turn
|-damage|p1a: Ting-Lu|76/100|[from] Stealth Rock
|-ability|p1a: Ting-Lu|Vessel of Ruin
|move|p2a: Screne|Trick Room|p2a: Screne
|-fieldstart|move: Trick Room|[of] p2a: Screne
|
|-heal|p2a: Screne|55/100|[from] item: Leftovers
|-heal|p1a: Ting-Lu|82/100|[from] item: Leftovers
|upkeep
|turn|19
|
|t:|1779559826
|move|p2a: Screne|Calm Mind|p2a: Screne
|-boost|p2a: Screne|spa|1
|-boost|p2a: Screne|spd|1
|move|p1a: Ting-Lu|Earthquake|p2a: Screne
|-damage|p2a: Screne|21/100
|
|-heal|p2a: Screne|27/100|[from] item: Leftovers
|-heal|p1a: Ting-Lu|88/100|[from] item: Leftovers
|upkeep
|turn|20
|
|t:|1779559829
|move|p2a: Screne|Draining Kiss|p1a: Ting-Lu
|-supereffective|p1a: Ting-Lu
|-damage|p1a: Ting-Lu|58/100
|-heal|p2a: Screne|64/100|[from] drain|[of] p1a: Ting-Lu
|move|p1a: Ting-Lu|Earthquake|p2a: Screne
|-damage|p2a: Screne|30/100
|
|-heal|p2a: Screne|36/100|[from] item: Leftovers
|-heal|p1a: Ting-Lu|64/100|[from] item: Leftovers
|upkeep
|turn|21
|
|t:|1779559832
|switch|p1a: Fezandipiti|Fezandipiti, M|81/100 par
|move|p2a: Screne|Calm Mind|p2a: Screne
|-boost|p2a: Screne|spa|1
|-boost|p2a: Screne|spd|1
|
|-heal|p2a: Screne|42/100|[from] item: Leftovers
|upkeep
|turn|22
|
|t:|1779559839
|move|p2a: Screne|Draining Kiss|p1a: Fezandipiti
|-resisted|p1a: Fezandipiti
|-damage|p1a: Fezandipiti|66/100 par
|-heal|p2a: Screne|55/100|[from] drain|[of] p1a: Fezandipiti
|move|p1a: Fezandipiti|Beat Up|p2a: Screne
|-damage|p2a: Screne|51/100
|-damage|p2a: Screne|48/100
|-damage|p2a: Screne|44/100
|-status|p2a: Screne|tox|[from] ability: Toxic Chain|[of] p1a: Fezandipiti
|-damage|p2a: Screne|40/100 tox
|-damage|p2a: Screne|38/100 tox
|-hitcount|p2a: Screne|5
|
|-heal|p2a: Screne|44/100 tox|[from] item: Leftovers
|-damage|p2a: Screne|38/100 tox|[from] psn
|-fieldend|move: Trick Room
|upkeep
|turn|23
|
|t:|1779559848
|move|p1a: Fezandipiti|Roost|p1a: Fezandipiti
|-heal|p1a: Fezandipiti|100/100 par
|-singleturn|p1a: Fezandipiti|move: Roost
|move|p2a: Screne|Mystical Fire|p1a: Fezandipiti
|-crit|p1a: Fezandipiti
|-damage|p1a: Fezandipiti|57/100 par
|-unboost|p1a: Fezandipiti|spa|1
|
|-heal|p2a: Screne|44/100 tox|[from] item: Leftovers
|-damage|p2a: Screne|32/100 tox|[from] psn
|upkeep
|turn|24
|
|t:|1779559859
|switch|p2a: Gen 9 OU|Kingambit, F|99/100
|-activate|p2a: Gen 9 OU|ability: Supreme Overlord
|-start|p2a: Gen 9 OU|fallen1|[silent]
|move|p1a: Fezandipiti|Roost|p1a: Fezandipiti
|-heal|p1a: Fezandipiti|100/100 par
|-singleturn|p1a: Fezandipiti|move: Roost
|
|-heal|p2a: Gen 9 OU|100/100|[from] item: Leftovers
|upkeep
|turn|25
|
|t:|1779559864
|move|p2a: Gen 9 OU|Swords Dance|p2a: Gen 9 OU
|-boost|p2a: Gen 9 OU|atk|2
|move|p1a: Fezandipiti|U-turn|p2a: Gen 9 OU
|-damage|p2a: Gen 9 OU|88/100
|
|t:|1779559867
|switch|p1a: Skeledirge|Skeledirge, M|100/100|[from] U-turn
|
|-heal|p2a: Gen 9 OU|95/100|[from] item: Leftovers
|upkeep
|turn|26
|
|t:|1779559875
|-terastallize|p2a: Gen 9 OU|Dark
|move|p1a: Skeledirge|Will-O-Wisp|p2a: Gen 9 OU
|-status|p2a: Gen 9 OU|brn
|move|p2a: Gen 9 OU|Kowtow Cleave|p1a: Skeledirge
|-supereffective|p1a: Skeledirge
|-damage|p1a: Skeledirge|51/100
|
|-heal|p2a: Gen 9 OU|100/100 brn|[from] item: Leftovers
|-damage|p2a: Gen 9 OU|94/100 brn|[from] brn
|upkeep
|turn|27
|
|t:|1779559888
|-end|p2a: Gen 9 OU|fallen1|[silent]
|switch|p2a: Nicholas|Rampardos, F|100/100
|move|p1a: Skeledirge|Slack Off|p1a: Skeledirge
|-heal|p1a: Skeledirge|100/100
|
|upkeep
|turn|28
|
|t:|1779559897
|switch|p1a: Corviknight|Corviknight, F|50/100 brn
|-damage|p1a: Corviknight|38/100 brn|[from] Stealth Rock
|-ability|p1a: Corviknight|Pressure
|move|p2a: Nicholas|Head Smash|p1a: Corviknight
|-damage|p1a: Corviknight|0 fnt
|faint|p1a: Corviknight
|-damage|p2a: Nicholas|78/100|[from] Recoil
|
|upkeep
|
|t:|1779559907
|switch|p1a: Rillaboom|Rillaboom, F|100/100
|-damage|p1a: Rillaboom|88/100|[from] Stealth Rock
|-fieldstart|move: Grassy Terrain|[from] ability: Grassy Surge|[of] p1a: Rillaboom
|turn|29
|
|t:|1779559909
|switch|p2a: Uno|Zapdos|82/100
|move|p1a: Rillaboom|Grassy Glide|p2a: Uno
|-resisted|p2a: Uno
|-damage|p2a: Uno|62/100
|-status|p1a: Rillaboom|par|[from] ability: Static|[of] p2a: Uno
|
|-heal|p1a: Rillaboom|94/100 par|[from] Grassy Terrain
|upkeep
|turn|30
|
|t:|1779559915
|switch|p1a: Fezandipiti|Fezandipiti, M|100/100 par
|move|p2a: Uno|Roost|p2a: Uno
|-heal|p2a: Uno|100/100
|-singleturn|p2a: Uno|move: Roost
|
|upkeep
|turn|31
|
|t:|1779559919
|move|p2a: Uno|Hurricane|p1a: Fezandipiti
|-damage|p1a: Fezandipiti|70/100 par
|-start|p1a: Fezandipiti|confusion
|-activate|p1a: Fezandipiti|confusion
|-damage|p1a: Fezandipiti|61/100 par|[from] confusion
|
|-heal|p1a: Fezandipiti|67/100 par|[from] Grassy Terrain
|upkeep
|turn|32
|
|t:|1779559926
|move|p2a: Uno|Hurricane|p1a: Fezandipiti|[miss]
|-miss|p2a: Uno|p1a: Fezandipiti
|-end|p1a: Fezandipiti|confusion
|move|p1a: Fezandipiti|Beat Up|p2a: Uno
|-damage|p2a: Uno|98/100
|-damage|p2a: Uno|95/100
|-damage|p2a: Uno|93/100
|-damage|p2a: Uno|90/100
|-hitcount|p2a: Uno|4
|
|-heal|p1a: Fezandipiti|73/100 par|[from] Grassy Terrain
|upkeep
|turn|33
|
|t:|1779559938
|move|p2a: Uno|Hurricane|p1a: Fezandipiti|[miss]
|-miss|p2a: Uno|p1a: Fezandipiti
|move|p1a: Fezandipiti|Beat Up|p2a: Uno
|-damage|p2a: Uno|88/100
|-status|p2a: Uno|tox|[from] ability: Toxic Chain|[of] p1a: Fezandipiti
|-damage|p2a: Uno|85/100 tox
|-damage|p2a: Uno|83/100 tox
|-damage|p2a: Uno|80/100 tox
|-hitcount|p2a: Uno|4
|
|-heal|p1a: Fezandipiti|79/100 par|[from] Grassy Terrain
|-damage|p2a: Uno|74/100 tox|[from] psn
|-fieldend|move: Grassy Terrain
|upkeep
|turn|34
|
|t:|1779559947
|switch|p2a: Gen 9 OU|Kingambit, F, tera:Dark|94/100 brn
|-activate|p2a: Gen 9 OU|ability: Supreme Overlord
|-start|p2a: Gen 9 OU|fallen1|[silent]
|cant|p1a: Fezandipiti|par
|
|-heal|p2a: Gen 9 OU|100/100 brn|[from] item: Leftovers
|-damage|p2a: Gen 9 OU|94/100 brn|[from] brn
|upkeep
|turn|35
|
|t:|1779559953
|move|p2a: Gen 9 OU|Kowtow Cleave|p1a: Fezandipiti
|-resisted|p1a: Fezandipiti
|-damage|p1a: Fezandipiti|60/100 par
|cant|p1a: Fezandipiti|par
|
|-heal|p2a: Gen 9 OU|100/100 brn|[from] item: Leftovers
|-damage|p2a: Gen 9 OU|94/100 brn|[from] brn
|upkeep
|turn|36
|
|t:|1779559960
|move|p2a: Gen 9 OU|Iron Head|p1a: Fezandipiti
|-supereffective|p1a: Fezandipiti
|-damage|p1a: Fezandipiti|2/100 par
|move|p1a: Fezandipiti|Roost|p1a: Fezandipiti
|-heal|p1a: Fezandipiti|52/100 par
|-singleturn|p1a: Fezandipiti|move: Roost
|
|-heal|p2a: Gen 9 OU|100/100 brn|[from] item: Leftovers
|-damage|p2a: Gen 9 OU|94/100 brn|[from] brn
|upkeep
|turn|37
|
|t:|1779559970
|move|p2a: Gen 9 OU|Iron Head|p1a: Fezandipiti
|-supereffective|p1a: Fezandipiti
|-damage|p1a: Fezandipiti|1/100 par
|move|p1a: Fezandipiti|U-turn|p2a: Gen 9 OU
|-supereffective|p2a: Gen 9 OU
|-damage|p2a: Gen 9 OU|68/100 brn
|
|t:|1779559989
|switch|p1a: Rillaboom|Rillaboom, F|94/100 par|[from] U-turn
|-damage|p1a: Rillaboom|82/100 par|[from] Stealth Rock
|-fieldstart|move: Grassy Terrain|[from] ability: Grassy Surge|[of] p1a: Rillaboom
|
|-heal|p1a: Rillaboom|88/100 par|[from] Grassy Terrain
|-heal|p2a: Gen 9 OU|74/100 brn|[from] Grassy Terrain
|-heal|p2a: Gen 9 OU|80/100 brn|[from] item: Leftovers
|-damage|p2a: Gen 9 OU|74/100 brn|[from] brn
|upkeep
|turn|38
|
|t:|1779559994
|-end|p2a: Gen 9 OU|fallen1|[silent]
|switch|p2a: Uno|Zapdos|74/100 tox
|move|p1a: Rillaboom|Wood Hammer|p2a: Uno
|-resisted|p2a: Uno
|-damage|p2a: Uno|29/100 tox
|-damage|p1a: Rillaboom|71/100 par|[from] Recoil
|
|-heal|p1a: Rillaboom|78/100 par|[from] Grassy Terrain
|-damage|p2a: Uno|23/100 tox|[from] psn
|upkeep
|turn|39
|
|t:|1779560017
|switch|p1a: Fezandipiti|Fezandipiti, M|1/100 par
|move|p2a: Uno|Roost|p2a: Uno
|-heal|p2a: Uno|73/100 tox
|-singleturn|p2a: Uno|move: Roost
|
|-heal|p2a: Uno|79/100 tox|[from] Grassy Terrain
|-heal|p1a: Fezandipiti|7/100 par|[from] Grassy Terrain
|-damage|p2a: Uno|67/100 tox|[from] psn
|upkeep
|turn|40
|
|t:|1779560022
|move|p2a: Uno|Hurricane|p1a: Fezandipiti|[miss]
|-miss|p2a: Uno|p1a: Fezandipiti
|move|p1a: Fezandipiti|Roost|p1a: Fezandipiti
|-heal|p1a: Fezandipiti|57/100 par
|-singleturn|p1a: Fezandipiti|move: Roost
|
|-heal|p1a: Fezandipiti|63/100 par|[from] Grassy Terrain
|-damage|p2a: Uno|48/100 tox|[from] psn
|upkeep
|turn|41
|
|t:|1779560026
|move|p2a: Uno|Roost|p2a: Uno
|-heal|p2a: Uno|98/100 tox
|-singleturn|p2a: Uno|move: Roost
|move|p1a: Fezandipiti|Roost|p1a: Fezandipiti
|-heal|p1a: Fezandipiti|100/100 par
|-singleturn|p1a: Fezandipiti|move: Roost
|
|-heal|p2a: Uno|100/100 tox|[from] Grassy Terrain
|-damage|p2a: Uno|75/100 tox|[from] psn
|-fieldend|move: Grassy Terrain
|upkeep
|turn|42
|
|t:|1779560035
|switch|p2a: Gen 9 OU|Kingambit, F, tera:Dark|74/100 brn
|-activate|p2a: Gen 9 OU|ability: Supreme Overlord
|-start|p2a: Gen 9 OU|fallen1|[silent]
|cant|p1a: Fezandipiti|par
|
|-heal|p2a: Gen 9 OU|80/100 brn|[from] item: Leftovers
|-damage|p2a: Gen 9 OU|74/100 brn|[from] brn
|upkeep
|turn|43
|
|t:|1779560040
|move|p2a: Gen 9 OU|Swords Dance|p2a: Gen 9 OU
|-boost|p2a: Gen 9 OU|atk|2
|move|p1a: Fezandipiti|U-turn|p2a: Gen 9 OU
|-supereffective|p2a: Gen 9 OU
|-damage|p2a: Gen 9 OU|51/100 brn
|
|t:|1779560052
|switch|p1a: Skeledirge|Skeledirge, M|100/100|[from] U-turn
|
|-heal|p2a: Gen 9 OU|57/100 brn|[from] item: Leftovers
|-damage|p2a: Gen 9 OU|51/100 brn|[from] brn
|upkeep
|turn|44
|
|t:|1779560058
|move|p1a: Skeledirge|Torch Song|p2a: Gen 9 OU
|-damage|p2a: Gen 9 OU|22/100 brn
|-boost|p1a: Skeledirge|spa|1
|move|p2a: Gen 9 OU|Kowtow Cleave|p1a: Skeledirge
|-supereffective|p1a: Skeledirge
|-damage|p1a: Skeledirge|50/100
|
|-heal|p2a: Gen 9 OU|28/100 brn|[from] item: Leftovers
|-damage|p2a: Gen 9 OU|22/100 brn|[from] brn
|upkeep
|turn|45
|
|t:|1779560065
|move|p2a: Gen 9 OU|Sucker Punch||[still]
|-fail|p2a: Gen 9 OU
|move|p1a: Skeledirge|Slack Off|p1a: Skeledirge
|-heal|p1a: Skeledirge|100/100
|
|-heal|p2a: Gen 9 OU|28/100 brn|[from] item: Leftovers
|-damage|p2a: Gen 9 OU|22/100 brn|[from] brn
|upkeep
|turn|46
|
|t:|1779560069
|move|p2a: Gen 9 OU|Sucker Punch|p1a: Skeledirge
|-supereffective|p1a: Skeledirge
|-damage|p1a: Skeledirge|62/100
|move|p1a: Skeledirge|Torch Song|p2a: Gen 9 OU
|-damage|p2a: Gen 9 OU|0 fnt
|-boost|p1a: Skeledirge|spa|1
|faint|p2a: Gen 9 OU
|-end|p2a: Gen 9 OU|fallen1|[silent]
|
|upkeep
|
|t:|1779560073
|switch|p2a: Primadona|Primarina, M|100/100
|turn|47
|
|t:|1779560089
|-terastallize|p1a: Skeledirge|Fairy
|move|p1a: Skeledirge|Slack Off|p1a: Skeledirge
|-heal|p1a: Skeledirge|100/100
|move|p2a: Primadona|Surf|p1a: Skeledirge
|-damage|p1a: Skeledirge|49/100
|
|upkeep
|turn|48
|
|t:|1779560100
|move|p1a: Skeledirge|Slack Off|p1a: Skeledirge
|-heal|p1a: Skeledirge|99/100
|move|p2a: Primadona|Moonblast|p1a: Skeledirge
|-damage|p1a: Skeledirge|39/100
|-unboost|p1a: Skeledirge|spa|1
|
|upkeep
|turn|49
|
|t:|1779560107
|move|p1a: Skeledirge|Slack Off|p1a: Skeledirge
|-heal|p1a: Skeledirge|89/100
|move|p2a: Primadona|Moonblast|p1a: Skeledirge
|-damage|p1a: Skeledirge|34/100
|
|upkeep
|turn|50
|
|t:|1779560119
|switch|p1a: Fezandipiti|Fezandipiti, M|100/100 par
|move|p2a: Primadona|Psychic Noise|p1a: Fezandipiti
|-supereffective|p1a: Fezandipiti
|-damage|p1a: Fezandipiti|65/100 par
|-start|p1a: Fezandipiti|move: Heal Block
|
|upkeep
|turn|51
|
|t:|1779560124
|switch|p2a: Uno|Zapdos|75/100 tox
|move|p1a: Fezandipiti|Poison Jab|p2a: Uno
|-damage|p2a: Uno|55/100 tox
|
|-damage|p2a: Uno|49/100 tox|[from] psn
|-end|p1a: Fezandipiti|move: Heal Block
|upkeep
|turn|52
|
|t:|1779560131
|move|p2a: Uno|Roost|p2a: Uno
|-heal|p2a: Uno|99/100 tox
|-singleturn|p2a: Uno|move: Roost
|move|p1a: Fezandipiti|Roost|p1a: Fezandipiti
|-heal|p1a: Fezandipiti|100/100 par
|-singleturn|p1a: Fezandipiti|move: Roost
|
|-damage|p2a: Uno|86/100 tox|[from] psn
|upkeep
|turn|53
|
|t:|1779560146
|move|p2a: Uno|Light Screen|p2a: Uno
|-sidestart|p2: fluxkstow|move: Light Screen
|move|p1a: Fezandipiti|U-turn|p2a: Uno
|-resisted|p2a: Uno
|-damage|p2a: Uno|80/100 tox
|
|t:|1779560151
|switch|p1a: Deoxys|Deoxys-Speed, shiny|100/100|[from] U-turn
|-damage|p1a: Deoxys|88/100|[from] Stealth Rock
|-ability|p1a: Deoxys|Pressure
|
|-damage|p2a: Uno|61/100 tox|[from] psn
|upkeep
|turn|54
|
|t:|1779560156
|switch|p2a: Screne|Hatterene, F, shiny|32/100 tox
|move|p1a: Deoxys|Ice Beam|p2a: Screne
|-damage|p2a: Screne|9/100 tox
|
|-heal|p2a: Screne|15/100 tox|[from] item: Leftovers
|-damage|p2a: Screne|9/100 tox|[from] psn
|upkeep
|turn|55
|
|t:|1779560165
|move|p1a: Deoxys|Ice Beam|p2a: Screne
|-damage|p2a: Screne|0 fnt
|faint|p2a: Screne
|
|upkeep
|
|t:|1779560170
|switch|p2a: Primadona|Primarina, M|100/100
|turn|56
|
|t:|1779560175
|switch|p1a: Fezandipiti|Fezandipiti, M|100/100 par
|move|p2a: Primadona|Moonblast|p1a: Fezandipiti
|-resisted|p1a: Fezandipiti
|-damage|p1a: Fezandipiti|85/100 par
|-unboost|p1a: Fezandipiti|spa|1
|
|upkeep
|turn|57
|
|t:|1779560178
|switch|p2a: Nicholas|Rampardos, F|78/100
|move|p1a: Fezandipiti|Poison Jab|p2a: Nicholas
|-resisted|p2a: Nicholas
|-damage|p2a: Nicholas|57/100
|
|-sideend|p2: fluxkstow|move: Light Screen
|upkeep
|turn|58
|
|t:|1779560187
|switch|p1a: Ting-Lu|Ting-Lu|64/100
|-damage|p1a: Ting-Lu|58/100|[from] Stealth Rock
|-ability|p1a: Ting-Lu|Vessel of Ruin
|move|p2a: Nicholas|Head Smash|p1a: Ting-Lu
|-resisted|p1a: Ting-Lu
|-damage|p1a: Ting-Lu|30/100
|-damage|p2a: Nicholas|35/100|[from] Recoil
|
|-heal|p1a: Ting-Lu|37/100|[from] item: Leftovers
|upkeep
|turn|59
|inactive|fluxkstow has 120 seconds left.
|
|t:|1779560243
|switch|p2a: Uno|Zapdos|61/100 tox
|move|p1a: Ting-Lu|Earthquake|p2a: Uno
|-immune|p2a: Uno
|
|-heal|p1a: Ting-Lu|43/100|[from] item: Leftovers
|-damage|p2a: Uno|55/100 tox|[from] psn
|upkeep
|turn|60
|
|t:|1779560250
|switch|p1a: Fezandipiti|Fezandipiti, M|85/100 par
|move|p2a: Uno|Hurricane|p1a: Fezandipiti
|-damage|p1a: Fezandipiti|58/100 par
|
|-damage|p2a: Uno|42/100 tox|[from] psn
|upkeep
|turn|61
|
|t:|1779560253
|move|p2a: Uno|Roost|p2a: Uno
|-heal|p2a: Uno|92/100 tox
|-singleturn|p2a: Uno|move: Roost
|move|p1a: Fezandipiti|Roost|p1a: Fezandipiti
|-heal|p1a: Fezandipiti|100/100 par
|-singleturn|p1a: Fezandipiti|move: Roost
|
|-damage|p2a: Uno|74/100 tox|[from] psn
|upkeep
|turn|62
|
|t:|1779560262
|switch|p2a: Primadona|Primarina, M|100/100
|cant|p1a: Fezandipiti|par
|
|upkeep
|turn|63
|inactive|fluxkstow has 120 seconds left.
|
|t:|1779560269
|move|p2a: Primadona|Surf|p1a: Fezandipiti
|-damage|p1a: Fezandipiti|66/100 par
|move|p1a: Fezandipiti|Poison Jab|p2a: Primadona
|-supereffective|p2a: Primadona
|-damage|p2a: Primadona|30/100
|-status|p2a: Primadona|psn
|
|-damage|p2a: Primadona|17/100 psn|[from] psn
|upkeep
|turn|64
|
|t:|1779560274
|move|p2a: Primadona|Surf|p1a: Fezandipiti
|-damage|p1a: Fezandipiti|21/100 par
|move|p1a: Fezandipiti|Poison Jab|p2a: Primadona
|-supereffective|p2a: Primadona
|-damage|p2a: Primadona|0 fnt
|faint|p2a: Primadona
|
|upkeep
|
|t:|1779560280
|switch|p2a: Nicholas|Rampardos, F|35/100
|turn|65
|
|t:|1779560293
|move|p2a: Nicholas|Earthquake|p1a: Fezandipiti
|-supereffective|p1a: Fezandipiti
|-damage|p1a: Fezandipiti|0 fnt
|faint|p1a: Fezandipiti
|
|upkeep
|
|t:|1779560295
|switch|p1a: Rillaboom|Rillaboom, F|78/100 par
|-damage|p1a: Rillaboom|65/100 par|[from] Stealth Rock
|-fieldstart|move: Grassy Terrain|[from] ability: Grassy Surge|[of] p1a: Rillaboom
|turn|66
|
|t:|1779560298
|switch|p2a: Uno|Zapdos|74/100 tox
|cant|p1a: Rillaboom|par
|
|-heal|p1a: Rillaboom|71/100 par|[from] Grassy Terrain
|-damage|p2a: Uno|67/100 tox|[from] psn
|upkeep
|turn|67
|
|t:|1779560302
|switch|p1a: Ting-Lu|Ting-Lu|43/100
|-damage|p1a: Ting-Lu|37/100|[from] Stealth Rock
|-ability|p1a: Ting-Lu|Vessel of Ruin
|move|p2a: Uno|Hurricane|p1a: Ting-Lu
|-damage|p1a: Ting-Lu|17/100
|
|-heal|p1a: Ting-Lu|23/100|[from] Grassy Terrain
|-heal|p1a: Ting-Lu|29/100|[from] item: Leftovers
|-damage|p2a: Uno|55/100 tox|[from] psn
|upkeep
|turn|68
|
|t:|1779560309
|switch|p2a: Nicholas|Rampardos, F|35/100
|move|p1a: Ting-Lu|Ruination|p2a: Nicholas
|-damage|p2a: Nicholas|18/100
|
|-heal|p2a: Nicholas|24/100|[from] Grassy Terrain
|-heal|p1a: Ting-Lu|36/100|[from] Grassy Terrain
|-heal|p1a: Ting-Lu|42/100|[from] item: Leftovers
|upkeep
|turn|69
|
|t:|1779560318
|move|p2a: Nicholas|Earthquake|p1a: Ting-Lu
|-damage|p1a: Ting-Lu|29/100
|move|p1a: Ting-Lu|Earthquake|p2a: Nicholas
|-supereffective|p2a: Nicholas
|-crit|p2a: Nicholas
|-damage|p2a: Nicholas|0 fnt
|faint|p2a: Nicholas
|
|-heal|p1a: Ting-Lu|36/100|[from] Grassy Terrain
|-heal|p1a: Ting-Lu|42/100|[from] item: Leftovers
|upkeep
|-message|fluxkstow forfeited.
|
|win|bastion 0
|raw|bastion 0's rating: 1354 &rarr; <strong>1374</strong><br />(+20 for winning)
|raw|fluxkstow's rating: 1352 &rarr; <strong>1332</strong><br />(-20 for losing)
|l|☆bastion 0
|player|p1|
|l|☆fluxkstow
|player|p2|
