|j|☆mjdj
|j|☆TeacherNoqueirafan
|t:|1779589744
|gametype|singles
|player|p1|mjdj|cynthia-masters4|1078
|player|p2|TeacherNoqueirafan|veteran|1090
|gen|9
|tier|[Gen 9] OU
|rated|
|rule|HP Percentage Mod: HP is shown in percentages
|rule|Endless Battle Clause: Forcing endless battles is banned
|rule|Species Clause: Limit one of each Pokémon
|rule|OHKO Clause: OHKO moves are banned
|rule|Evasion Items Clause: Evasion items are banned
|rule|Evasion Moves Clause: Evasion moves are banned
|rule|Evasion Abilities Clause: Evasion abilities are banned
|rule|Sleep Moves Clause: Sleep-inducing moves are banned
|clearpoke
|poke|p1|Ribombee, F|
|poke|p1|Scizor, M|
|poke|p1|Breloom, M|
|poke|p1|Maushold-Four|
|poke|p1|Scyther, M|
|poke|p1|Gholdengo|
|poke|p2|Kyurem|
|poke|p2|Tyranitar, F|
|poke|p2|Excadrill, F|
|poke|p2|Gholdengo|
|poke|p2|Rotom-Wash|
|poke|p2|Kingambit, F|
|teampreview
|inactive|Battle timer is ON: inactive players will automatically lose when time's up. (requested by TeacherNoqueirafan)
|
|t:|1779589752
|teamsize|p1|6
|teamsize|p2|6
|start
|switch|p1a: Breloom|Breloom, M|100/100
|switch|p2a: Tyranitar|Tyranitar, F, shiny|100/100
|-weather|Sandstorm|[from] ability: Sand Stream|[of] p2a: Tyranitar
|turn|1
|
|t:|1779589760
|move|p1a: Breloom|Bullet Seed|p2a: Tyranitar
|-supereffective|p2a: Tyranitar
|-damage|p2a: Tyranitar|69/100
|-supereffective|p2a: Tyranitar
|-crit|p2a: Tyranitar
|-damage|p2a: Tyranitar|22/100
|-supereffective|p2a: Tyranitar
|-damage|p2a: Tyranitar|0 fnt
|faint|p2a: Tyranitar
|-hitcount|p2: Tyranitar|3
|
|-weather|Sandstorm|[upkeep]
|-damage|p1a: Breloom|94/100|[from] Sandstorm
|upkeep
|
|t:|1779589770
|switch|p2a: Excadrill|Excadrill, F|100/100
|turn|2
|
|t:|1779589775
|move|p2a: Excadrill|Iron Head|p1a: Breloom
|-damage|p1a: Breloom|19/100
|cant|p1a: Breloom|flinch
|
|-weather|Sandstorm|[upkeep]
|-damage|p1a: Breloom|13/100|[from] Sandstorm
|upkeep
|turn|3
|
|t:|1779589783
|move|p2a: Excadrill|Iron Head|p1a: Breloom
|-damage|p1a: Breloom|0 fnt
|faint|p1a: Breloom
|
|-weather|Sandstorm|[upkeep]
|upkeep
|
|t:|1779589790
|switch|p1a: Ribombee|Ribombee, F|100/100
|turn|4
|
|t:|1779589795
|move|p2a: Excadrill|Iron Head|p1a: Ribombee
|-supereffective|p1a: Ribombee
|-enditem|p1a: Ribombee|Focus Sash
|-damage|p1a: Ribombee|1/100
|move|p1a: Ribombee|Sticky Web|p2a: Excadrill
|-sidestart|p2: TeacherNoqueirafan|move: Sticky Web
|
|-weather|Sandstorm|[upkeep]
|-damage|p1a: Ribombee|0 fnt|[from] Sandstorm
|faint|p1a: Ribombee
|upkeep
|
|t:|1779589805
|switch|p1a: Scizor|Scizor, M|100/100
|turn|5
|
|t:|1779589813
|move|p2a: Excadrill|Earthquake|p1a: Scizor
|-damage|p1a: Scizor|39/100
|move|p1a: Scizor|Close Combat|p2a: Excadrill
|-supereffective|p2a: Excadrill
|-enditem|p2a: Excadrill|Focus Sash
|-damage|p2a: Excadrill|1/100
|-unboost|p1a: Scizor|def|1
|-unboost|p1a: Scizor|spd|1
|
|-weather|none
|upkeep
|turn|6
|
|t:|1779589822
|switch|p2a: Kyurem|Kyurem|100/100
|-activate|p2a: Kyurem|move: Sticky Web
|-unboost|p2a: Kyurem|spe|1
|-ability|p2a: Kyurem|Pressure
|move|p1a: Scizor|Bullet Punch|p2a: Kyurem
|-supereffective|p2a: Kyurem
|-damage|p2a: Kyurem|43/100
|
|upkeep
|turn|7
|
|t:|1779589833
|move|p1a: Scizor|Bullet Punch|p2a: Kyurem
|-supereffective|p2a: Kyurem
|-damage|p2a: Kyurem|0 fnt
|faint|p2a: Kyurem
|
|upkeep
|
|t:|1779589838
|switch|p2a: Kingambit|Kingambit, F|100/100
|-activate|p2a: Kingambit|move: Sticky Web
|-unboost|p2a: Kingambit|spe|1
|-ability|p2a: Kingambit|Defiant|boost
|-boost|p2a: Kingambit|atk|2
|turn|8
|
|t:|1779589844
|move|p2a: Kingambit|Sucker Punch|p1a: Scizor
|-damage|p1a: Scizor|0 fnt
|faint|p1a: Scizor
|
|upkeep
|
|t:|1779589848
|switch|p1a: Maushold|Maushold-Four|100/100
|turn|9
|
|t:|1779589852
|move|p2a: Kingambit|Sucker Punch||[still]
|-fail|p2a: Kingambit
|move|p1a: Maushold|Encore|p2a: Kingambit
|-start|p2a: Kingambit|Encore
|
|upkeep
|turn|10
|
|t:|1779589857
|move|p2a: Kingambit|Sucker Punch||[still]
|-fail|p2a: Kingambit
|move|p1a: Maushold|Tidy Up|p1a: Maushold
|-sideend|p2: TeacherNoqueirafan|Sticky Web
|-activate|p1a: Maushold|move: Tidy Up
|-boost|p1a: Maushold|atk|1
|-boost|p1a: Maushold|spe|1
|
|upkeep
|turn|11
|
|t:|1779589863
|switch|p2a: Rotom|Rotom-Wash|100/100
|move|p1a: Maushold|Tidy Up|p1a: Maushold
|-boost|p1a: Maushold|atk|1
|-boost|p1a: Maushold|spe|1
|
|upkeep
|turn|12
|
|t:|1779589873
|move|p1a: Maushold|Population Bomb|p2a: Rotom
|-damage|p2a: Rotom|76/100
|-damage|p2a: Rotom|51/100
|-damage|p2a: Rotom|29/100
|-damage|p2a: Rotom|5/100
|-damage|p2a: Rotom|0 fnt
|faint|p2a: Rotom
|-hitcount|p2: Rotom|5
|
|upkeep
|
|t:|1779589883
|switch|p2a: Kingambit|Kingambit, F|100/100
|turn|13
|
|t:|1779589888
|move|p2a: Kingambit|Sucker Punch||[still]
|-fail|p2a: Kingambit
|move|p1a: Maushold|Tidy Up|p1a: Maushold
|-boost|p1a: Maushold|atk|1
|-boost|p1a: Maushold|spe|1
|
|upkeep
|turn|14
|
|t:|1779589895
|switch|p2a: Gholdengo|Gholdengo|100/100
|move|p1a: Maushold|Encore|p2a: Gholdengo
|-immune|p2a: Gholdengo|[from] ability: Good as Gold
|
|upkeep
|turn|15
|
|t:|1779589905
|move|p1a: Maushold|Bite|p2a: Gholdengo
|-supereffective|p2a: Gholdengo
|-damage|p2a: Gholdengo|0 fnt
|faint|p2a: Gholdengo
|
|upkeep
|
|t:|1779589911
|switch|p2a: Kingambit|Kingambit, F|100/100
|turn|16
|
|t:|1779589917
|move|p1a: Maushold|Population Bomb|p2a: Kingambit
|-resisted|p2a: Kingambit
|-damage|p2a: Kingambit|90/100
|-resisted|p2a: Kingambit
|-damage|p2a: Kingambit|81/100
|-resisted|p2a: Kingambit
|-damage|p2a: Kingambit|71/100
|-resisted|p2a: Kingambit
|-damage|p2a: Kingambit|60/100
|-resisted|p2a: Kingambit
|-damage|p2a: Kingambit|51/100
|-resisted|p2a: Kingambit
|-damage|p2a: Kingambit|42/100
|-resisted|p2a: Kingambit
|-damage|p2a: Kingambit|32/100
|-resisted|p2a: Kingambit
|-damage|p2a: Kingambit|22/100
|-resisted|p2a: Kingambit
|-damage|p2a: Kingambit|11/100
|-resisted|p2a: Kingambit
|-damage|p2a: Kingambit|2/100
|-hitcount|p2a: Kingambit|10
|move|p2a: Kingambit|Kowtow Cleave|p1a: Maushold
|-damage|p1a: Maushold|11/100
|
|upkeep
|turn|17
|
|t:|1779589939
|move|p2a: Kingambit|Sucker Punch||[still]
|-fail|p2a: Kingambit
|move|p1a: Maushold|Tidy Up|p1a: Maushold
|-boost|p1a: Maushold|atk|1
|-boost|p1a: Maushold|spe|1
|
|upkeep
|turn|18
|
|t:|1779589953
|move|p2a: Kingambit|Sucker Punch||[still]
|-fail|p2a: Kingambit
|move|p1a: Maushold|Encore|p2a: Kingambit
|-start|p2a: Kingambit|Encore
|
|upkeep
|turn|19
|
|t:|1779589962
|move|p2a: Kingambit|Sucker Punch||[still]
|-fail|p2a: Kingambit
|move|p1a: Maushold|Tidy Up|p1a: Maushold
|-boost|p1a: Maushold|atk|1
|-boost|p1a: Maushold|spe|1
|
|upkeep
|turn|20
|
|t:|1779589973
|switch|p2a: Excadrill|Excadrill, F|1/100
|move|p1a: Maushold|Tidy Up|p1a: Maushold
|-boost|p1a: Maushold|atk|1
|-boost|p1a: Maushold|spe|1
|
|upkeep
|turn|21
|
|t:|1779589984
|move|p1a: Maushold|Bite|p2a: Excadrill
|-damage|p2a: Excadrill|0 fnt
|faint|p2a: Excadrill
|
|upkeep
|
|t:|1779589988
|switch|p2a: Kingambit|Kingambit, F|2/100
|turn|22
|c|☆mjdj|gg
|
|t:|1779589993
|move|p1a: Maushold|Tidy Up||[still]
|-fail|p1a: Maushold
|move|p2a: Kingambit|Kowtow Cleave|p1a: Maushold
|-crit|p1a: Maushold
|-damage|p1a: Maushold|0 fnt
|faint|p1a: Maushold
|
|upkeep
|
|t:|1779590000
|switch|p1a: Scyther|Scyther, M|100/100
|turn|23
|
|t:|1779590011
|move|p1a: Scyther|Quick Attack|p2a: Kingambit
|-resisted|p2a: Kingambit
|-damage|p2a: Kingambit|0 fnt
|faint|p2a: Kingambit
|
|win|mjdj
|raw|mjdj's rating: 1078 &rarr; <strong>1107</strong><br />(+29 for winning)
|raw|TeacherNoqueirafan's rating: 1090 &rarr; <strong>1066</strong><br />(-24 for losing)
|l|☆TeacherNoqueirafan
|player|p2|
