|j|☆yoribori
|j|☆Teefryingpan
|t:|1779578693
|gametype|singles
|player|p1|yoribori|flannery|1593
|player|p2|Teefryingpan|2|1747
|gen|9
|tier|[Gen 9] OU
|rated|
|rule|HP Percentage Mod: HP is shown in percentages
|rule|Endless Battle Clause: Forcing endless battles is banned
|rule|Species Clause: Limit one of each Pokémon
|rule|OHKO Clause: OHKO moves are banned
|rule|Evasion Items Clause: Evasion items are banned
|rule|Evasion Moves Clause: Evasion moves are banned
|rule|Evasion Abilities Clause: Evasion abilities are banned
|rule|Sleep Moves Clause: Sleep-inducing moves are banned
|clearpoke
|poke|p1|Tyranitar, F|
|poke|p1|Excadrill, F|
|poke|p1|Rotom-Wash|
|poke|p1|Hydrapple, F|
|poke|p1|Fezandipiti, M|
|poke|p1|Blaziken, M|
|poke|p2|Samurott-Hisui, M|
|poke|p2|Dragapult, F|
|poke|p2|Enamorus, F|
|poke|p2|Scizor, M|
|poke|p2|Iron Treads|
|poke|p2|Ogerpon-Wellspring, F|
|teampreview
|inactive|Battle timer is ON: inactive players will automatically lose when time's up. (requested by yoribori)
|
|t:|1779578708
|teamsize|p1|6
|teamsize|p2|6
|start
|switch|p1a: Hydrapple|Hydrapple, F|100/100
|switch|p2a: Dragapult|Dragapult, F|100/100
|turn|1
|j| Faye Asteria
|
|t:|1779578719
|switch|p1a: Fezandipiti|Fezandipiti, M|100/100
|move|p2a: Dragapult|U-turn|p1a: Fezandipiti
|-resisted|p1a: Fezandipiti
|-damage|p1a: Fezandipiti|96/100
|
|t:|1779578725
|switch|p2a: Iron Treads|Iron Treads|100/100|[from] U-turn
|
|upkeep
|turn|2
|
|t:|1779578728
|switch|p1a: Hydrapple|Hydrapple, F|100/100
|move|p2a: Iron Treads|Stealth Rock|p1a: Hydrapple
|-sidestart|p1: yoribori|move: Stealth Rock
|
|upkeep
|turn|3
|
|t:|1779578730
|move|p2a: Iron Treads|Ice Spinner|p1a: Hydrapple
|-supereffective|p1a: Hydrapple
|-damage|p1a: Hydrapple|42/100
|move|p1a: Hydrapple|Leaf Storm|p2a: Iron Treads
|-crit|p2a: Iron Treads
|-damage|p2a: Iron Treads|0 fnt
|-unboost|p1a: Hydrapple|spa|2
|faint|p2a: Iron Treads
|-end|p2a: Iron Treads|Quark Drive|[silent]
|
|upkeep
|
|t:|1779578737
|switch|p2a: Samurott|Samurott-Hisui, M|100/100
|turn|4
|
|t:|1779578744
|move|p2a: Samurott|Ceaseless Edge|p1a: Hydrapple|[miss]
|-miss|p2a: Samurott|p1a: Hydrapple
|move|p1a: Hydrapple|Leaf Storm|p2a: Samurott
|-supereffective|p2a: Samurott
|-damage|p2a: Samurott|0 fnt
|-unboost|p1a: Hydrapple|spa|2
|faint|p2a: Samurott
|
|upkeep
|
|t:|1779578751
|switch|p2a: Dragapult|Dragapult, F|100/100
|turn|5
|
|t:|1779578775
|switch|p1a: Fezandipiti|Fezandipiti, M|96/100
|move|p2a: Dragapult|U-turn|p1a: Fezandipiti
|-resisted|p1a: Fezandipiti
|-damage|p1a: Fezandipiti|92/100
|
|t:|1779578777
|switch|p2a: Scizor|Scizor, M|100/100|[from] U-turn
|
|upkeep
|turn|6
|
|t:|1779578783
|switch|p1a: Rotom|Rotom-Wash|100/100
|-damage|p1a: Rotom|88/100|[from] Stealth Rock
|move|p2a: Scizor|U-turn|p1a: Rotom
|-damage|p1a: Rotom|42/100
|
|t:|1779578788
|switch|p2a: Ogerpon|Ogerpon-Wellspring, F|100/100|[from] U-turn
|
|-heal|p1a: Rotom|48/100|[from] item: Leftovers
|upkeep
|turn|7
|
|t:|1779578799
|move|p2a: Ogerpon|Power Whip|p1a: Rotom|[miss]
|-miss|p2a: Ogerpon|p1a: Rotom
|move|p1a: Rotom|Will-O-Wisp|p2a: Ogerpon
|-status|p2a: Ogerpon|brn
|
|-heal|p1a: Rotom|54/100|[from] item: Leftovers
|-damage|p2a: Ogerpon|95/100 brn|[from] brn
|upkeep
|turn|8
|
|t:|1779578803
|move|p2a: Ogerpon|Knock Off|p1a: Rotom
|-damage|p1a: Rotom|39/100
|-enditem|p1a: Rotom|Leftovers|[from] move: Knock Off|[of] p2a: Ogerpon
|move|p1a: Rotom|Volt Switch|p2a: Ogerpon
|-damage|p2a: Ogerpon|63/100 brn
|
|t:|1779578826
|switch|p1a: Hydrapple|Hydrapple, F|75/100|[from] Volt Switch
|-damage|p1a: Hydrapple|63/100|[from] Stealth Rock
|
|-damage|p2a: Ogerpon|57/100 brn|[from] brn
|upkeep
|turn|9
|
|t:|1779578835
|switch|p2a: Scizor|Scizor, M|100/100
|move|p1a: Hydrapple|Giga Drain|p2a: Scizor
|-resisted|p2a: Scizor
|-damage|p2a: Scizor|83/100
|-heal|p1a: Hydrapple|70/100|[from] drain|[of] p2a: Scizor
|
|upkeep
|turn|10
|
|t:|1779578860
|switch|p1a: Rotom|Rotom-Wash|39/100
|-damage|p1a: Rotom|26/100|[from] Stealth Rock
|move|p2a: Scizor|U-turn|p1a: Rotom
|-damage|p1a: Rotom|0 fnt
|faint|p1a: Rotom
|
|t:|1779578865
|switch|p2a: Dragapult|Dragapult, F|100/100|[from] U-turn
|
|upkeep
|l| Faye Asteria
|
|t:|1779578885
|switch|p1a: Tyranitar|Tyranitar, F|100/100
|-damage|p1a: Tyranitar|88/100|[from] Stealth Rock
|-weather|Sandstorm|[from] ability: Sand Stream|[of] p1a: Tyranitar
|turn|11
|
|t:|1779578896
|move|p2a: Dragapult|U-turn|p1a: Tyranitar
|-supereffective|p1a: Tyranitar
|-damage|p1a: Tyranitar|60/100
|
|t:|1779578899
|switch|p2a: Enamorus|Enamorus, F|100/100|[from] U-turn
|move|p1a: Tyranitar|Knock Off|p2a: Enamorus
|-resisted|p2a: Enamorus
|-crit|p2a: Enamorus
|-damage|p2a: Enamorus|49/100
|-enditem|p2a: Enamorus|Choice Scarf|[from] move: Knock Off|[of] p1a: Tyranitar
|
|-weather|Sandstorm|[upkeep]
|-damage|p2a: Enamorus|42/100|[from] Sandstorm
|-heal|p1a: Tyranitar|66/100|[from] item: Leftovers
|upkeep
|turn|12
|
|t:|1779578910
|switch|p1a: Fezandipiti|Fezandipiti, M|92/100
|move|p2a: Enamorus|Healing Wish|p2a: Enamorus
|faint|p2a: Enamorus
|
|-weather|Sandstorm|[upkeep]
|-damage|p1a: Fezandipiti|85/100|[from] Sandstorm
|upkeep
|
|t:|1779578914
|switch|p2a: Ogerpon|Ogerpon-Wellspring, F|57/100 brn
|-heal|p2a: Ogerpon|100/100|[from] move: Healing Wish
|turn|13
|
|t:|1779578920
|switch|p2a: Scizor|Scizor, M|83/100
|switch|p1a: Hydrapple|Hydrapple, F|100/100
|-damage|p1a: Hydrapple|88/100|[from] Stealth Rock
|
|-weather|Sandstorm|[upkeep]
|-damage|p1a: Hydrapple|82/100|[from] Sandstorm
|upkeep
|turn|14
|
|t:|1779578925
|-terastallize|p1a: Hydrapple|Fairy
|move|p2a: Scizor|U-turn|p1a: Hydrapple
|-resisted|p1a: Hydrapple
|-damage|p1a: Hydrapple|58/100
|
|t:|1779578932
|switch|p2a: Dragapult|Dragapult, F|100/100|[from] U-turn
|move|p1a: Hydrapple|Leaf Storm|p2a: Dragapult
|-resisted|p2a: Dragapult
|-damage|p2a: Dragapult|26/100
|-unboost|p1a: Hydrapple|spa|2
|
|-weather|Sandstorm|[upkeep]
|-damage|p2a: Dragapult|20/100|[from] Sandstorm
|-damage|p1a: Hydrapple|51/100|[from] Sandstorm
|upkeep
|turn|15
|
|t:|1779578942
|switch|p1a: Fezandipiti|Fezandipiti, M|85/100
|move|p2a: Dragapult|U-turn|p1a: Fezandipiti
|-resisted|p1a: Fezandipiti
|-damage|p1a: Fezandipiti|81/100
|
|t:|1779578945
|switch|p2a: Scizor|Scizor, M|83/100|[from] U-turn
|
|-weather|none
|upkeep
|turn|16
|
|t:|1779578952
|switch|p1a: Blaziken|Blaziken, M|100/100
|-damage|p1a: Blaziken|88/100|[from] Stealth Rock
|move|p2a: Scizor|Bullet Punch|p1a: Blaziken
|-resisted|p1a: Blaziken
|-damage|p1a: Blaziken|49/100
|
|upkeep
|turn|17
|
|t:|1779578956
|switch|p2a: Dragapult|Dragapult, F|20/100
|move|p1a: Blaziken|Knock Off|p2a: Dragapult
|-supereffective|p2a: Dragapult
|-damage|p2a: Dragapult|0 fnt
|-enditem|p2a: Dragapult|Choice Specs|[from] move: Knock Off|[of] p1a: Blaziken
|faint|p2a: Dragapult
|
|-ability|p1a: Blaziken|Speed Boost|boost
|-boost|p1a: Blaziken|spe|1
|upkeep
|
|t:|1779578959
|switch|p2a: Ogerpon|Ogerpon-Wellspring, F|100/100
|turn|18
|
|t:|1779578981
|move|p1a: Blaziken|Flare Blitz|p2a: Ogerpon
|-damage|p2a: Ogerpon|16/100
|-damage|p1a: Blaziken|21/100|[from] Recoil
|move|p2a: Ogerpon|Ivy Cudgel|p1a: Blaziken|[anim] Ivy Cudgel Water
|-supereffective|p1a: Blaziken
|-damage|p1a: Blaziken|0 fnt
|faint|p1a: Blaziken
|
|upkeep
|
|t:|1779578985
|switch|p1a: Tyranitar|Tyranitar, F|66/100
|-damage|p1a: Tyranitar|54/100|[from] Stealth Rock
|-weather|Sandstorm|[from] ability: Sand Stream|[of] p1a: Tyranitar
|turn|19
|
|t:|1779578988
|move|p2a: Ogerpon|Ivy Cudgel|p1a: Tyranitar|[anim] Ivy Cudgel Water
|-supereffective|p1a: Tyranitar
|-damage|p1a: Tyranitar|0 fnt
|faint|p1a: Tyranitar
|
|-weather|Sandstorm|[upkeep]
|-damage|p2a: Ogerpon|10/100|[from] Sandstorm
|upkeep
|
|t:|1779578999
|switch|p1a: Excadrill|Excadrill, F|100/100
|-damage|p1a: Excadrill|97/100|[from] Stealth Rock
|-item|p1a: Excadrill|Air Balloon
|turn|20
|
|t:|1779579004
|move|p1a: Excadrill|Earthquake|p2a: Ogerpon
|-resisted|p2a: Ogerpon
|-damage|p2a: Ogerpon|0 fnt
|faint|p2a: Ogerpon
|
|-weather|Sandstorm|[upkeep]
|upkeep
|-message|Teefryingpan forfeited.
|
|win|yoribori
|raw|yoribori's rating: 1593 &rarr; <strong>1621</strong><br />(+28 for winning)
|raw|Teefryingpan's rating: 1747 &rarr; <strong>1719</strong><br />(-28 for losing)
