|j|☆I still miss her
|j|☆rblt ryo
|t:|1779604205
|gametype|singles
|player|p1|I still miss her|benga|1471
|player|p2|rblt ryo|grimsley-gen7|1571
|gen|9
|tier|[Gen 9] OU
|rated|
|rule|HP Percentage Mod: HP is shown in percentages
|rule|Endless Battle Clause: Forcing endless battles is banned
|rule|Species Clause: Limit one of each Pokémon
|rule|OHKO Clause: OHKO moves are banned
|rule|Evasion Items Clause: Evasion items are banned
|rule|Evasion Moves Clause: Evasion moves are banned
|rule|Evasion Abilities Clause: Evasion abilities are banned
|rule|Sleep Moves Clause: Sleep-inducing moves are banned
|clearpoke
|poke|p1|Gallade, M|
|poke|p1|Landorus-Therian, M|
|poke|p1|Kingambit, M|
|poke|p1|Cinderace, F|
|poke|p1|Latios, M|
|poke|p1|Alomomola, F|
|poke|p2|Slowking-Galar, M|
|poke|p2|Zamazenta-*|
|poke|p2|Ting-Lu|
|poke|p2|Corviknight, F|
|poke|p2|Lokix, F|
|poke|p2|Alomomola, F|
|teampreview
|
|t:|1779604226
|teamsize|p1|6
|teamsize|p2|6
|start
|switch|p1a: Gallade|Gallade, M|100/100
|switch|p2a: Alomomola|Alomomola, F|100/100
|turn|1
|
|t:|1779604229
|move|p1a: Gallade|Sacred Sword|p2a: Alomomola
|-damage|p2a: Alomomola|16/100
|move|p2a: Alomomola|Flip Turn|p1a: Gallade
|-damage|p1a: Gallade|72/100
|inactive|Battle timer is ON: inactive players will automatically lose when time's up. (requested by I still miss her)
|
|t:|1779604288
|switch|p2a: Slowking|Slowking-Galar, M|100/100|[from] Flip Turn
|
|upkeep
|turn|2
|inactive|I still miss her has 120 seconds left.
|
|t:|1779604339
|switch|p1a: Landorus|Landorus-Therian, M|100/100
|-ability|p1a: Landorus|Intimidate|boost
|-unboost|p2a: Slowking|atk|1
|-prepare|p2a: Slowking|Chilly Reception|[premajor]
|move|p2a: Slowking|Chilly Reception|p2a: Slowking
|-weather|Snowscape
|
|t:|1779604345
|switch|p2a: Zamazenta|Zamazenta|100/100|[from] Chilly Reception
|-ability|p2a: Zamazenta|Dauntless Shield|boost
|-boost|p2a: Zamazenta|def|1
|
|-weather|Snowscape|[upkeep]
|upkeep
|turn|3
|inactive|I still miss her has 120 seconds left.
|
|t:|1779604361
|move|p2a: Zamazenta|Ice Fang|p1a: Landorus|[miss]
|-miss|p2a: Zamazenta|p1a: Landorus
|move|p1a: Landorus|Earth Power|p2a: Zamazenta
|-damage|p2a: Zamazenta|71/100
|
|-weather|Snowscape|[upkeep]
|upkeep
|turn|4
|inactive|I still miss her has 120 seconds left.
|c|☆I still miss her|mb bro
|
|t:|1779604374
|switch|p1a: Alomomola|Alomomola, F|100/100
|move|p2a: Zamazenta|Close Combat|p1a: Alomomola
|-damage|p1a: Alomomola|69/100
|-unboost|p2a: Zamazenta|def|1
|-unboost|p2a: Zamazenta|spd|1
|
|-weather|Snowscape|[upkeep]
|upkeep
|turn|5
|
|t:|1779604380
|switch|p2a: Slowking|Slowking-Galar, M|100/100
|move|p1a: Alomomola|Flip Turn|p2a: Slowking
|-damage|p2a: Slowking|83/100
|
|t:|1779604387
|switch|p1a: Gallade|Gallade, M|72/100|[from] Flip Turn
|
|-weather|Snowscape|[upkeep]
|upkeep
|turn|6
|
|t:|1779604393
|switch|p2a: Ting-Lu|Ting-Lu|100/100
|-ability|p2a: Ting-Lu|Vessel of Ruin
|move|p1a: Gallade|Knock Off|p2a: Ting-Lu
|-resisted|p2a: Ting-Lu
|-damage|p2a: Ting-Lu|85/100
|-enditem|p2a: Ting-Lu|Leftovers|[from] move: Knock Off|[of] p1a: Gallade
|
|-weather|none
|upkeep
|turn|7
|
|t:|1779604403
|switch|p1a: Alomomola|Alomomola, F|100/100
|move|p2a: Ting-Lu|Ruination|p1a: Alomomola|[miss]
|-miss|p2a: Ting-Lu|p1a: Alomomola
|
|upkeep
|turn|8
|
|t:|1779604409
|move|p2a: Ting-Lu|Stealth Rock|p1a: Alomomola
|-sidestart|p1: I still miss her|move: Stealth Rock
|move|p1a: Alomomola|Wish|p1a: Alomomola
|
|upkeep
|turn|9
|
|t:|1779604417
|move|p2a: Ting-Lu|Ruination|p1a: Alomomola
|-damage|p1a: Alomomola|50/100
|move|p1a: Alomomola|Flip Turn|p2a: Ting-Lu
|-supereffective|p2a: Ting-Lu
|-damage|p2a: Ting-Lu|66/100
|
|t:|1779604423
|switch|p1a: Gallade|Gallade, M|72/100|[from] Flip Turn
|-damage|p1a: Gallade|66/100|[from] Stealth Rock
|
|-heal|p1a: Gallade|100/100|[from] move: Wish|[wisher] Alomomola
|upkeep
|turn|10
|
|t:|1779604433
|move|p1a: Gallade|Sacred Sword|p2a: Ting-Lu
|-supereffective|p2a: Ting-Lu
|-damage|p2a: Ting-Lu|0 fnt
|faint|p2a: Ting-Lu
|
|upkeep
|
|t:|1779604440
|switch|p2a: Slowking|Slowking-Galar, M|100/100
|turn|11
|
|t:|1779604447
|switch|p1a: Landorus|Landorus-Therian, M|100/100
|-damage|p1a: Landorus|88/100|[from] Stealth Rock
|-ability|p1a: Landorus|Intimidate|boost
|-unboost|p2a: Slowking|atk|1
|-prepare|p2a: Slowking|Chilly Reception|[premajor]
|move|p2a: Slowking|Chilly Reception|p2a: Slowking
|-weather|Snowscape
|
|t:|1779604449
|switch|p2a: Zamazenta|Zamazenta|71/100|[from] Chilly Reception
|
|-weather|Snowscape|[upkeep]
|upkeep
|turn|12
|
|t:|1779604454
|switch|p2a: Slowking|Slowking-Galar, M|100/100
|switch|p1a: Alomomola|Alomomola, F|84/100
|
|-weather|Snowscape|[upkeep]
|upkeep
|turn|13
|
|t:|1779604460
|move|p1a: Alomomola|Wish|p1a: Alomomola
|move|p2a: Slowking|Future Sight|p1a: Alomomola
|-start|p2a: Slowking|move: Future Sight
|
|-weather|Snowscape|[upkeep]
|upkeep
|turn|14
|
|t:|1779604463
|move|p1a: Alomomola|Flip Turn|p2a: Slowking
|-damage|p2a: Slowking|83/100
|
|t:|1779604470
|switch|p1a: Cinderace|Cinderace, F|100/100|[from] Flip Turn
|-prepare|p2a: Slowking|Chilly Reception|[premajor]
|move|p2a: Slowking|Chilly Reception|p2a: Slowking
|
|t:|1779604474
|switch|p2a: Zamazenta|Zamazenta|71/100|[from] Chilly Reception
|
|-weather|Snowscape|[upkeep]
|upkeep
|turn|15
|
|t:|1779604483
|switch|p1a: Landorus|Landorus-Therian, M|88/100
|-damage|p1a: Landorus|76/100|[from] Stealth Rock
|-ability|p1a: Landorus|Intimidate|boost
|-unboost|p2a: Zamazenta|atk|1
|move|p2a: Zamazenta|Stone Edge|p1a: Landorus|[miss]
|-miss|p2a: Zamazenta|p1a: Landorus
|
|-weather|none
|-end|p1a: Landorus|move: Future Sight
|-damage|p1a: Landorus|29/100
|upkeep
|turn|16
|
|t:|1779604491
|move|p2a: Zamazenta|Ice Fang|p1a: Landorus
|-supereffective|p1a: Landorus
|-damage|p1a: Landorus|0 fnt
|-damage|p2a: Zamazenta|54/100|[from] item: Rocky Helmet|[of] p1a: Landorus
|faint|p1a: Landorus
|
|upkeep
|
|t:|1779604497
|switch|p1a: Cinderace|Cinderace, F|100/100
|turn|17
|
|t:|1779604505
|move|p2a: Zamazenta|Close Combat|p1a: Cinderace
|-damage|p1a: Cinderace|52/100
|-unboost|p2a: Zamazenta|def|1
|-unboost|p2a: Zamazenta|spd|1
|move|p1a: Cinderace|Will-O-Wisp|p2a: Zamazenta
|-status|p2a: Zamazenta|brn
|
|-damage|p2a: Zamazenta|48/100 brn|[from] brn
|upkeep
|turn|18
|
|t:|1779604526
|move|p2a: Zamazenta|Stone Edge|p1a: Cinderace
|-supereffective|p1a: Cinderace
|-crit|p1a: Cinderace
|-damage|p1a: Cinderace|0 fnt
|faint|p1a: Cinderace
|
|-damage|p2a: Zamazenta|42/100 brn|[from] brn
|upkeep
|
|t:|1779604533
|switch|p1a: Latios|Latios, M|100/100
|-damage|p1a: Latios|88/100|[from] Stealth Rock
|turn|19
|
|t:|1779604540
|move|p1a: Latios|Psychic Noise|p2a: Zamazenta
|-supereffective|p2a: Zamazenta
|-damage|p2a: Zamazenta|0 fnt
|faint|p2a: Zamazenta
|
|upkeep
|
|t:|1779604544
|switch|p2a: Lokix|Lokix, F|100/100
|turn|20
|
|t:|1779604548
|switch|p1a: Alomomola|Alomomola, F|100/100
|move|p2a: Lokix|Knock Off|p1a: Alomomola
|-damage|p1a: Alomomola|77/100
|-enditem|p1a: Alomomola|Heavy-Duty Boots|[from] move: Knock Off|[of] p2a: Lokix
|
|upkeep
|turn|21
|
|t:|1779604554
|move|p2a: Lokix|U-turn|p1a: Alomomola
|-damage|p1a: Alomomola|59/100
|
|t:|1779604567
|switch|p2a: Alomomola|Alomomola, F|49/100|[from] U-turn
|move|p1a: Alomomola|Flip Turn|p2a: Alomomola
|-resisted|p2a: Alomomola
|-damage|p2a: Alomomola|43/100
|
|t:|1779604570
|switch|p1a: Gallade|Gallade, M|100/100|[from] Flip Turn
|-damage|p1a: Gallade|94/100|[from] Stealth Rock
|
|upkeep
|turn|22
|
|t:|1779604594
|-terastallize|p2a: Alomomola|Fairy
|move|p1a: Gallade|Psycho Cut|p2a: Alomomola
|-damage|p2a: Alomomola|0 fnt
|faint|p2a: Alomomola
|
|upkeep
|
|t:|1779604599
|switch|p2a: Lokix|Lokix, F|100/100
|turn|23
|
|t:|1779604620
|switch|p1a: Alomomola|Alomomola, F|93/100
|-damage|p1a: Alomomola|80/100|[from] Stealth Rock
|move|p2a: Lokix|U-turn|p1a: Alomomola
|-damage|p1a: Alomomola|62/100
|
|t:|1779604623
|switch|p2a: Slowking|Slowking-Galar, M|100/100|[from] U-turn
|
|upkeep
|turn|24
|
|t:|1779604631
|move|p1a: Alomomola|Scald|p2a: Slowking
|-damage|p2a: Slowking|91/100
|-prepare|p2a: Slowking|Chilly Reception|[premajor]
|move|p2a: Slowking|Chilly Reception|p2a: Slowking
|-weather|Snowscape
|
|t:|1779604636
|switch|p2a: Corviknight|Corviknight, F|100/100|[from] Chilly Reception
|-ability|p2a: Corviknight|Pressure
|
|-weather|Snowscape|[upkeep]
|upkeep
|turn|25
|
|t:|1779604642
|switch|p2a: Slowking|Slowking-Galar, M|100/100
|move|p1a: Alomomola|Flip Turn|p2a: Slowking
|-damage|p2a: Slowking|84/100
|
|t:|1779604647
|switch|p1a: Gallade|Gallade, M|94/100|[from] Flip Turn
|-damage|p1a: Gallade|88/100|[from] Stealth Rock
|
|-weather|Snowscape|[upkeep]
|upkeep
|turn|26
|
|t:|1779604652
|switch|p2a: Corviknight|Corviknight, F|100/100
|-ability|p2a: Corviknight|Pressure
|move|p1a: Gallade|Psycho Cut|p2a: Corviknight
|-resisted|p2a: Corviknight
|-damage|p2a: Corviknight|75/100
|
|-weather|Snowscape|[upkeep]
|-heal|p2a: Corviknight|81/100|[from] item: Leftovers
|upkeep
|turn|27
|
|t:|1779604663
|switch|p1a: Alomomola|Alomomola, F|95/100
|-damage|p1a: Alomomola|83/100|[from] Stealth Rock
|move|p2a: Corviknight|Iron Defense|p2a: Corviknight
|-boost|p2a: Corviknight|def|2
|
|-weather|Snowscape|[upkeep]
|-heal|p2a: Corviknight|87/100|[from] item: Leftovers
|upkeep
|turn|28
|
|t:|1779604671
|move|p2a: Corviknight|Iron Defense|p2a: Corviknight
|-boost|p2a: Corviknight|def|2
|move|p1a: Alomomola|Scald|p2a: Corviknight
|-damage|p2a: Corviknight|73/100
|
|-weather|none
|-heal|p2a: Corviknight|79/100|[from] item: Leftovers
|upkeep
|turn|29
|
|t:|1779604678
|-terastallize|p1a: Alomomola|Ghost
|move|p2a: Corviknight|Body Press|p1a: Alomomola
|-immune|p1a: Alomomola
|move|p1a: Alomomola|Scald|p2a: Corviknight
|-damage|p2a: Corviknight|66/100
|-status|p2a: Corviknight|brn
|
|-heal|p2a: Corviknight|72/100 brn|[from] item: Leftovers
|-damage|p2a: Corviknight|66/100 brn|[from] brn
|upkeep
|turn|30
|-message|rblt ryo forfeited.
|
|win|I still miss her
|raw|I still miss her's rating: 1471 &rarr; <strong>1497</strong><br />(+26 for winning)
|raw|rblt ryo's rating: 1571 &rarr; <strong>1545</strong><br />(-26 for losing)
|l|☆I still miss her
|player|p1|
