|badge|p2|bronze|gen9ou|100-9
|uhtml|medal-msg|<div class="broadcast-blue">Curious what those medals under the avatar are? PS now has Ladder Seasons! For more information, check out the <a href="https://www.smogon.com/forums/threads/3740067/">thread on Smogon.</a></div>
|j|☆noob1877
|j|☆spudcutter
|t:|1779721431
|gametype|singles
|player|p1|noob1877|1|1788
|player|p2|spudcutter|ghetsis-gen5bw|1849
|gen|9
|tier|[Gen 9] OU
|rated|
|rule|HP Percentage Mod: HP is shown in percentages
|rule|Endless Battle Clause: Forcing endless battles is banned
|rule|Species Clause: Limit one of each Pokémon
|rule|OHKO Clause: OHKO moves are banned
|rule|Evasion Items Clause: Evasion items are banned
|rule|Evasion Moves Clause: Evasion moves are banned
|rule|Evasion Abilities Clause: Evasion abilities are banned
|rule|Sleep Moves Clause: Sleep-inducing moves are banned
|clearpoke
|poke|p1|Weezing-Galar, F|
|poke|p1|Samurott-Hisui, M|
|poke|p1|Dragonite, M|
|poke|p1|Iron Crown|
|poke|p1|Dragapult, M|
|poke|p1|Landorus-Therian, M|
|poke|p2|Tyranitar, M|
|poke|p2|Deoxys-Speed|
|poke|p2|Slowking-Galar, F|
|poke|p2|Great Tusk|
|poke|p2|Raging Bolt|
|poke|p2|Dondozo, F|
|teampreview
|inactive|Battle timer is ON: inactive players will automatically lose when time's up. (requested by spudcutter)
|inactive|spudcutter has 120 seconds left.
|j| leiiid
|inactive|spudcutter has 90 seconds left.
|
|t:|1779721511
|teamsize|p1|6
|teamsize|p2|6
|start
|switch|p1a: Samurott|Samurott-Hisui, M|100/100
|switch|p2a: Deoxys|Deoxys-Speed|100/100
|-ability|p2a: Deoxys|Pressure
|turn|1
|
|t:|1779721516
|move|p2a: Deoxys|Superpower|p1a: Samurott
|-supereffective|p1a: Samurott
|-damage|p1a: Samurott|11/100
|-unboost|p2a: Deoxys|atk|1
|-unboost|p2a: Deoxys|def|1
|-damage|p2a: Deoxys|91/100|[from] item: Life Orb
|move|p1a: Samurott|Ceaseless Edge|p2a: Deoxys
|-supereffective|p2a: Deoxys
|-damage|p2a: Deoxys|0 fnt
|-sidestart|p2: spudcutter|Spikes
|faint|p2a: Deoxys
|
|upkeep
|
|t:|1779721523
|switch|p2a: Great Tusk|Great Tusk|100/100
|-damage|p2a: Great Tusk|88/100|[from] Spikes
|turn|2
|
|t:|1779721527
|switch|p1a: Landorus|Landorus-Therian, M|100/100
|-ability|p1a: Landorus|Intimidate|boost
|-unboost|p2a: Great Tusk|atk|1
|move|p2a: Great Tusk|Knock Off|p1a: Landorus
|-damage|p1a: Landorus|82/100
|-damage|p2a: Great Tusk|71/100|[from] item: Rocky Helmet|[of] p1a: Landorus
|-enditem|p1a: Landorus|Rocky Helmet|[from] move: Knock Off|[of] p2a: Great Tusk
|
|-heal|p2a: Great Tusk|78/100|[from] item: Leftovers
|upkeep
|turn|3
|
|t:|1779721532
|move|p1a: Landorus|U-turn|p2a: Great Tusk
|-resisted|p2a: Great Tusk
|-crit|p2a: Great Tusk
|-damage|p2a: Great Tusk|70/100
|
|t:|1779721534
|switch|p1a: Dragapult|Dragapult, M|100/100|[from] U-turn
|move|p2a: Great Tusk|Stealth Rock|p1a: Dragapult
|-sidestart|p1: noob1877|move: Stealth Rock
|
|-heal|p2a: Great Tusk|76/100|[from] item: Leftovers
|upkeep
|turn|4
|j| eternity o2
|
|t:|1779721546
|move|p1a: Dragapult|Draco Meteor|p2a: Great Tusk
|-damage|p2a: Great Tusk|0 fnt
|-unboost|p1a: Dragapult|spa|2
|faint|p2a: Great Tusk
|-end|p2a: Great Tusk|Protosynthesis|[silent]
|
|upkeep
|
|t:|1779721550
|switch|p2a: Tyranitar|Tyranitar, M|100/100
|-damage|p2a: Tyranitar|88/100|[from] Spikes
|-weather|Sandstorm|[from] ability: Sand Stream|[of] p2a: Tyranitar
|turn|5
|
|t:|1779721579
|switch|p1a: Samurott|Samurott-Hisui, M|11/100
|-damage|p1a: Samurott|0 fnt|[from] Stealth Rock
|faint|p1a: Samurott
|move|p2a: Tyranitar|Knock Off|p1: Samurott|[notarget]
|-fail|p2a: Tyranitar
|
|-weather|Sandstorm|[upkeep]
|upkeep
|
|t:|1779721581
|switch|p1a: Landorus|Landorus-Therian, M|82/100
|-damage|p1a: Landorus|70/100|[from] Stealth Rock
|-ability|p1a: Landorus|Intimidate|boost
|-unboost|p2a: Tyranitar|atk|1
|turn|6
|
|t:|1779721590
|switch|p2a: Dondozo|Dondozo, F|100/100
|-damage|p2a: Dondozo|88/100|[from] Spikes
|move|p1a: Landorus|Earthquake|p2a: Dondozo
|-damage|p2a: Dondozo|68/100
|
|-weather|Sandstorm|[upkeep]
|-damage|p2a: Dondozo|62/100|[from] Sandstorm
|upkeep
|turn|7
|
|t:|1779721596
|move|p1a: Landorus|Stealth Rock|p2a: Dondozo
|-sidestart|p2: spudcutter|move: Stealth Rock
|move|p2a: Dondozo|Waterfall|p1a: Landorus
|-supereffective|p1a: Landorus
|-damage|p1a: Landorus|14/100
|
|-weather|Sandstorm|[upkeep]
|-damage|p2a: Dondozo|56/100|[from] Sandstorm
|upkeep
|turn|8
|
|t:|1779721599
|move|p1a: Landorus|U-turn|p2a: Dondozo
|-damage|p2a: Dondozo|46/100
|-damage|p1a: Landorus|0 fnt|[from] item: Rocky Helmet|[of] p2a: Dondozo
|faint|p1a: Landorus
|move|p2a: Dondozo|Rest|p2a: Dondozo
|-status|p2a: Dondozo|slp|[from] move: Rest
|-heal|p2a: Dondozo|100/100 slp|[silent]
|
|-weather|Sandstorm|[upkeep]
|-damage|p2a: Dondozo|94/100 slp|[from] Sandstorm
|upkeep
|l| leiiid
|
|t:|1779721620
|switch|p1a: Dragapult|Dragapult, M|100/100
|-damage|p1a: Dragapult|88/100|[from] Stealth Rock
|turn|9
|
|t:|1779721626
|switch|p2a: Tyranitar|Tyranitar, M|88/100
|-damage|p2a: Tyranitar|76/100|[from] Spikes
|-damage|p2a: Tyranitar|63/100|[from] Stealth Rock
|move|p1a: Dragapult|Draco Meteor|p2a: Tyranitar
|-damage|p2a: Tyranitar|31/100
|-unboost|p1a: Dragapult|spa|2
|
|-weather|none
|upkeep
|turn|10
|
|t:|1779721633
|switch|p1a: Weezing|Weezing-Galar, F|100/100
|-ability|p1a: Weezing|Neutralizing Gas
|-damage|p1a: Weezing|88/100|[from] Stealth Rock
|move|p2a: Tyranitar|Knock Off|p1a: Weezing
|-resisted|p1a: Weezing
|-damage|p1a: Weezing|68/100
|-enditem|p1a: Weezing|Custap Berry|[from] move: Knock Off|[of] p2a: Tyranitar
|
|upkeep
|turn|11
|
|t:|1779721640
|move|p2a: Tyranitar|Iron Head|p1a: Weezing
|-supereffective|p1a: Weezing
|-damage|p1a: Weezing|29/100
|move|p1a: Weezing|Strange Steam|p2a: Tyranitar
|-supereffective|p2a: Tyranitar
|-damage|p2a: Tyranitar|3/100
|
|upkeep
|turn|12
|
|t:|1779721646
|move|p2a: Tyranitar|Knock Off|p1a: Weezing
|-resisted|p1a: Weezing
|-damage|p1a: Weezing|15/100
|move|p1a: Weezing|Strange Steam|p2a: Tyranitar
|-supereffective|p2a: Tyranitar
|-damage|p2a: Tyranitar|0 fnt
|faint|p2a: Tyranitar
|
|upkeep
|
|t:|1779721652
|switch|p2a: Slowking|Slowking-Galar, F|100/100
|-damage|p2a: Slowking|88/100|[from] Spikes
|-damage|p2a: Slowking|76/100|[from] Stealth Rock
|turn|13
|
|t:|1779721655
|move|p1a: Weezing|Destiny Bond|p1a: Weezing
|-singlemove|p1a: Weezing|Destiny Bond
|move|p2a: Slowking|Ice Beam|p1a: Weezing
|-damage|p1a: Weezing|0 fnt
|faint|p1a: Weezing
|-activate|p1a: Weezing|move: Destiny Bond
|-end|p1a: Weezing|ability: Neutralizing Gas
|faint|p2a: Slowking
|
|upkeep
|
|t:|1779721668
|switch|p1a: Dragonite|Dragonite, M|100/100
|switch|p2a: Raging Bolt|Raging Bolt|100/100
|-damage|p1a: Dragonite|76/100|[from] Stealth Rock
|-damage|p2a: Raging Bolt|88/100|[from] Spikes
|-damage|p2a: Raging Bolt|76/100|[from] Stealth Rock
|turn|14
|
|t:|1779721673
|-terastallize|p2a: Raging Bolt|Flying
|move|p1a: Dragonite|Scale Shot|p2a: Raging Bolt
|-damage|p2a: Raging Bolt|64/100
|-damage|p2a: Raging Bolt|53/100
|-damage|p2a: Raging Bolt|41/100
|-damage|p2a: Raging Bolt|30/100
|-hitcount|p2a: Raging Bolt|4
|-unboost|p1a: Dragonite|def|1
|-boost|p1a: Dragonite|spe|1
|move|p2a: Raging Bolt|Dragon Pulse|p1a: Dragonite
|-supereffective|p1a: Dragonite
|-damage|p1a: Dragonite|0 fnt
|faint|p1a: Dragonite
|
|-heal|p2a: Raging Bolt|36/100|[from] item: Leftovers
|upkeep
|
|t:|1779721679
|switch|p1a: Dragapult|Dragapult, M|88/100
|-damage|p1a: Dragapult|76/100|[from] Stealth Rock
|turn|15
|
|t:|1779721682
|move|p1a: Dragapult|Shadow Ball|p2a: Raging Bolt
|-damage|p2a: Raging Bolt|0 fnt
|faint|p2a: Raging Bolt
|-end|p2a: Raging Bolt|Protosynthesis|[silent]
|
|upkeep
|-message|spudcutter forfeited.
|
|win|noob1877
|raw|noob1877's rating: 1788 &rarr; <strong>1811</strong><br />(+23 for winning)
|raw|spudcutter's rating: 1849 &rarr; <strong>1826</strong><br />(-23 for losing)
|l|☆spudcutter
|player|p2|
|l|☆noob1877
|player|p1|
