|j|☆llukas frehwright
|j|☆bergqui20
|t:|1779599503
|gametype|singles
|player|p1|llukas frehwright|unknown|1406
|player|p2|bergqui20|proton|1344
|gen|9
|tier|[Gen 9] OU
|rated|
|rule|HP Percentage Mod: HP is shown in percentages
|rule|Endless Battle Clause: Forcing endless battles is banned
|rule|Species Clause: Limit one of each Pokémon
|rule|OHKO Clause: OHKO moves are banned
|rule|Evasion Items Clause: Evasion items are banned
|rule|Evasion Moves Clause: Evasion moves are banned
|rule|Evasion Abilities Clause: Evasion abilities are banned
|rule|Sleep Moves Clause: Sleep-inducing moves are banned
|clearpoke
|poke|p1|Ting-Lu|
|poke|p1|Latios, M|
|poke|p1|Lokix, F|
|poke|p1|Pecharunt|
|poke|p1|Cinderace, M|
|poke|p1|Corviknight, M|
|poke|p2|Gliscor, M|
|poke|p2|Great Tusk|
|poke|p2|Gholdengo|
|poke|p2|Landorus-Therian, M|
|poke|p2|Tornadus-Therian, M|
|poke|p2|Ogerpon-Wellspring, F|
|teampreview
|inactive|Battle timer is ON: inactive players will automatically lose when time's up. (requested by llukas frehwright)
|
|t:|1779599513
|teamsize|p1|6
|teamsize|p2|6
|start
|switch|p1a: Cinderace|Cinderace, M|100/100
|switch|p2a: Landorus|Landorus-Therian, M|100/100
|-ability|p2a: Landorus|Intimidate|boost
|-unboost|p1a: Cinderace|atk|1
|turn|1
|
|t:|1779599522
|move|p1a: Cinderace|U-turn|p2a: Landorus
|-resisted|p2a: Landorus
|-damage|p2a: Landorus|93/100
|-damage|p1a: Cinderace|84/100|[from] item: Rocky Helmet|[of] p2a: Landorus
|
|t:|1779599529
|switch|p1a: Corviknight|Corviknight, M|100/100|[from] U-turn
|-ability|p1a: Corviknight|Pressure
|move|p2a: Landorus|Stealth Rock|p1a: Corviknight
|-sidestart|p1: llukas frehwright|move: Stealth Rock
|
|upkeep
|turn|2
|
|t:|1779599536
|move|p2a: Landorus|U-turn|p1a: Corviknight
|-resisted|p1a: Corviknight
|-damage|p1a: Corviknight|96/100
|-damage|p2a: Landorus|77/100|[from] item: Rocky Helmet|[of] p1a: Corviknight
|
|t:|1779599544
|switch|p2a: Gholdengo|Gholdengo|100/100|[from] U-turn
|move|p1a: Corviknight|Defog|p2a: Gholdengo
|-immune|p2a: Gholdengo|[from] ability: Good as Gold
|
|upkeep
|turn|3
|
|t:|1779599560
|switch|p1a: Ting-Lu|Ting-Lu|100/100
|-damage|p1a: Ting-Lu|94/100|[from] Stealth Rock
|-ability|p1a: Ting-Lu|Vessel of Ruin
|move|p2a: Gholdengo|Shadow Ball|p1a: Ting-Lu
|-resisted|p1a: Ting-Lu
|-damage|p1a: Ting-Lu|86/100
|
|-heal|p1a: Ting-Lu|92/100|[from] item: Leftovers
|upkeep
|turn|4
|
|t:|1779599575
|switch|p2a: Great Tusk|Great Tusk|100/100
|move|p1a: Ting-Lu|Earthquake|p2a: Great Tusk
|-damage|p2a: Great Tusk|75/100
|
|-heal|p1a: Ting-Lu|98/100|[from] item: Leftovers
|upkeep
|turn|5
|
|t:|1779599595
|-end|p2a: Great Tusk|Protosynthesis|[silent]
|switch|p2a: Gliscor|Gliscor, M|100/100
|switch|p1a: Corviknight|Corviknight, M|96/100
|-damage|p1a: Corviknight|84/100|[from] Stealth Rock
|-ability|p1a: Corviknight|Pressure
|
|-status|p2a: Gliscor|tox|[from] item: Toxic Orb
|upkeep
|turn|6
|
|t:|1779599604
|move|p2a: Gliscor|Knock Off|p1a: Corviknight
|-damage|p1a: Corviknight|70/100
|-damage|p2a: Gliscor|84/100 tox|[from] item: Rocky Helmet|[of] p1a: Corviknight
|-enditem|p1a: Corviknight|Rocky Helmet|[from] move: Knock Off|[of] p2a: Gliscor
|move|p1a: Corviknight|U-turn|p2a: Gliscor
|-resisted|p2a: Gliscor
|-damage|p2a: Gliscor|80/100 tox
|inactive|llukas frehwright has 120 seconds left.
|l|☆llukas frehwright
|inactive|llukas frehwright disconnected and has a minute to reconnect!
|player|p1|
|inactive|llukas frehwright has 30 seconds to reconnect!
|inactive|llukas frehwright has 20 seconds to reconnect!
|inactive|llukas frehwright has 15 seconds to reconnect!
|inactive|llukas frehwright has 10 seconds to reconnect!
|inactive|llukas frehwright has 5 seconds to reconnect!
|-message|llukas frehwright lost due to inactivity.
|
|win|bergqui20
|raw|llukas frehwright's rating: 1406 &rarr; <strong>1382</strong><br />(-24 for losing)
|raw|bergqui20's rating: 1344 &rarr; <strong>1368</strong><br />(+24 for winning)
|l|☆bergqui20
|player|p2|
