|j|☆haitianprinc3
|j|☆chip wittley
|t:|1779577490
|gametype|singles
|player|p1|haitianprinc3|marlon|1580
|player|p2|chip wittley|lance|1640
|gen|9
|tier|[Gen 9] OU
|rated|
|rule|HP Percentage Mod: HP is shown in percentages
|rule|Endless Battle Clause: Forcing endless battles is banned
|rule|Species Clause: Limit one of each Pokémon
|rule|OHKO Clause: OHKO moves are banned
|rule|Evasion Items Clause: Evasion items are banned
|rule|Evasion Moves Clause: Evasion moves are banned
|rule|Evasion Abilities Clause: Evasion abilities are banned
|rule|Sleep Moves Clause: Sleep-inducing moves are banned
|clearpoke
|poke|p1|Politoed, F|
|poke|p1|Landorus-Therian, M|
|poke|p1|Kingdra, F|
|poke|p1|Azumarill, F|
|poke|p1|Volcanion|
|poke|p1|Heracross, M|
|poke|p2|Rhydon, F|
|poke|p2|Tyranitar, M|
|poke|p2|Salamence, M|
|poke|p2|Raging Bolt|
|poke|p2|Clefable, M|
|poke|p2|Excadrill, M|
|teampreview
|inactive|Battle timer is ON: inactive players will automatically lose when time's up. (requested by haitianprinc3)
|
|t:|1779577498
|teamsize|p1|6
|teamsize|p2|6
|start
|switch|p1a: Heracross|Heracross, M|100/100
|switch|p2a: Clefable|Clefable, M|100/100
|turn|1
|
|t:|1779577506
|switch|p1a: Politoed|Politoed, F, shiny|100/100
|-weather|RainDance|[from] ability: Drizzle|[of] p1a: Politoed
|move|p2a: Clefable|Thunder Wave|p1a: Politoed
|-status|p1a: Politoed|par
|
|-weather|RainDance|[upkeep]
|upkeep
|turn|2
|
|t:|1779577513
|move|p2a: Clefable|Wish|p2a: Clefable
|cant|p1a: Politoed|par
|
|-weather|RainDance|[upkeep]
|upkeep
|turn|3
|
|t:|1779577516
|switch|p2a: Tyranitar|Tyranitar, M|100/100
|-weather|Sandstorm|[from] ability: Sand Stream|[of] p2a: Tyranitar
|move|p1a: Politoed|Surf|p2a: Tyranitar
|-supereffective|p2a: Tyranitar
|-damage|p2a: Tyranitar|53/100
|
|-weather|Sandstorm|[upkeep]
|-damage|p1a: Politoed|94/100 par|[from] Sandstorm
|-heal|p2a: Tyranitar|100/100|[from] move: Wish|[wisher] Clefable
|upkeep
|turn|4
|
|t:|1779577522
|move|p2a: Tyranitar|Knock Off|p1a: Politoed
|-damage|p1a: Politoed|39/100 par
|-enditem|p1a: Politoed|Damp Rock|[from] move: Knock Off|[of] p2a: Tyranitar
|cant|p1a: Politoed|par
|
|-weather|Sandstorm|[upkeep]
|-damage|p1a: Politoed|33/100 par|[from] Sandstorm
|upkeep
|turn|5
|
|t:|1779577545
|move|p2a: Tyranitar|Thunderbolt|p1a: Politoed
|-supereffective|p1a: Politoed
|-damage|p1a: Politoed|0 fnt
|faint|p1a: Politoed
|
|-weather|Sandstorm|[upkeep]
|upkeep
|
|t:|1779577558
|switch|p1a: Azumarill|Azumarill, F|100/100
|turn|6
|
|t:|1779577567
|switch|p2a: Clefable|Clefable, M|100/100
|move|p1a: Azumarill|Play Rough|p2a: Clefable
|-damage|p2a: Clefable|59/100
|
|-weather|Sandstorm|[upkeep]
|-damage|p1a: Azumarill|94/100|[from] Sandstorm
|-heal|p2a: Clefable|65/100|[from] item: Leftovers
|upkeep
|turn|7
|
|t:|1779577573
|move|p2a: Clefable|Moonblast|p1a: Azumarill
|-damage|p1a: Azumarill|73/100
|move|p1a: Azumarill|Waterfall|p2a: Clefable
|-damage|p2a: Clefable|30/100
|
|-weather|Sandstorm|[upkeep]
|-damage|p1a: Azumarill|67/100|[from] Sandstorm
|-heal|p2a: Clefable|36/100|[from] item: Leftovers
|upkeep
|turn|8
|inactive|chip wittley has 120 seconds left.
|
|t:|1779577605
|move|p2a: Clefable|Protect|p2a: Clefable
|-singleturn|p2a: Clefable|Protect
|move|p1a: Azumarill|Play Rough|p2a: Clefable
|-activate|p2a: Clefable|move: Protect
|
|-weather|Sandstorm|[upkeep]
|-damage|p1a: Azumarill|61/100|[from] Sandstorm
|-heal|p2a: Clefable|42/100|[from] item: Leftovers
|upkeep
|turn|9
|j| Quiver Merchant
|inactive|chip wittley has 120 seconds left.
|inactive|chip wittley has 90 seconds left.
|
|t:|1779577654
|move|p2a: Clefable|Moonblast|p1a: Azumarill
|-damage|p1a: Azumarill|40/100
|move|p1a: Azumarill|Play Rough|p2a: Clefable
|-damage|p2a: Clefable|0 fnt
|faint|p2a: Clefable
|
|-weather|Sandstorm|[upkeep]
|-damage|p1a: Azumarill|34/100|[from] Sandstorm
|upkeep
|
|t:|1779577657
|switch|p2a: Salamence|Salamence, M|100/100
|-ability|p2a: Salamence|Intimidate|boost
|-unboost|p1a: Azumarill|atk|1
|turn|10
|
|t:|1779577661
|move|p2a: Salamence|Dual Wingbeat|p1a: Azumarill|[miss]
|-miss|p2a: Salamence|p1a: Azumarill
|move|p1a: Azumarill|Play Rough|p2a: Salamence
|-supereffective|p2a: Salamence
|-damage|p2a: Salamence|10/100
|-unboost|p2a: Salamence|atk|1
|
|-weather|none
|upkeep
|turn|11
|
|t:|1779577667
|move|p1a: Azumarill|Aqua Jet|p2a: Salamence
|-resisted|p2a: Salamence
|-damage|p2a: Salamence|0 fnt
|faint|p2a: Salamence
|
|upkeep
|c|☆chip wittley|gg
|-message|chip wittley forfeited.
|
|win|haitianprinc3
|raw|haitianprinc3's rating: 1580 &rarr; <strong>1603</strong><br />(+23 for winning)
|raw|chip wittley's rating: 1640 &rarr; <strong>1617</strong><br />(-23 for losing)
|l|☆chip wittley
|player|p2|
|l|☆haitianprinc3
|player|p1|
