|inactive|Battle timer is ON: inactive players will automatically lose when time's up.
|t:|1779567940
|gametype|singles
|player|p1|suhayb1910|volo|
|player|p2|zinnias|#adpl8|
|gen|9
|tier|[Gen 9] OU
|rule|HP Percentage Mod: HP is shown in percentages
|rule|Endless Battle Clause: Forcing endless battles is banned
|rule|Species Clause: Limit one of each Pokémon
|rule|OHKO Clause: OHKO moves are banned
|rule|Evasion Items Clause: Evasion items are banned
|rule|Evasion Moves Clause: Evasion moves are banned
|rule|Evasion Abilities Clause: Evasion abilities are banned
|rule|Sleep Moves Clause: Sleep-inducing moves are banned
|clearpoke
|poke|p1|Samurott-Hisui, F|
|poke|p1|Kingambit, M|
|poke|p1|Gholdengo|
|poke|p1|Darkrai|
|poke|p1|Landorus-Therian, M|
|poke|p1|Iron Moth|
|poke|p2|Weezing-Galar, M|
|poke|p2|Gliscor, M|
|poke|p2|Blissey, F|
|poke|p2|Corviknight, M|
|poke|p2|Dondozo, M|
|poke|p2|Toxapex, F|
|teampreview
|c|☆suhayb1910|hf
|inactive|zinnias has 270 seconds left.
|c|☆zinnias|hf
|inactive|zinnias has 240 seconds left.
|inactive|zinnias has 210 seconds left.
|inactive|suhayb1910 has 270 seconds left.
|inactive|zinnias has 180 seconds left.
|
|t:|1779568074
|teamsize|p1|6
|teamsize|p2|6
|start
|switch|p1a: Darkrai|Darkrai|100/100
|switch|p2a: Gliscor|Gliscor, M|100/100
|turn|1
|
|t:|1779568092
|switch|p2a: Toxapex|Toxapex, F|100/100
|move|p1a: Darkrai|Ice Beam|p2a: Toxapex
|-resisted|p2a: Toxapex
|-damage|p2a: Toxapex|89/100
|
|upkeep
|turn|2
|inactive|zinnias has 210 seconds left.
|
|t:|1779568132
|switch|p1a: Gholdengo|Gholdengo|100/100
|switch|p2a: Blissey|Blissey, F|100/100
|
|upkeep
|turn|3
|
|t:|1779568156
|switch|p1a: Landorus|Landorus-Therian, M|100/100
|-ability|p1a: Landorus|Intimidate|boost
|-unboost|p2a: Blissey|atk|1
|switch|p2a: Gliscor|Gliscor, M|100/100
|
|-status|p2a: Gliscor|tox|[from] item: Toxic Orb
|upkeep
|turn|4
|c|+longestbanana|zinnias what are u loading bruh
|
|t:|1779568180
|switch|p1a: Samurott|Samurott-Hisui, F|100/100
|move|p2a: Gliscor|Knock Off|p1a: Samurott
|-resisted|p1a: Samurott
|-damage|p1a: Samurott|88/100
|-enditem|p1a: Samurott|Focus Sash|[from] move: Knock Off|[of] p2a: Gliscor
|
|upkeep
|turn|5
|inactive|zinnias has 180 seconds left.
|c|☆suhayb1910|im done for
|
|t:|1779568207
|switch|p2a: Weezing|Weezing-Galar, M|100/100
|-ability|p2a: Weezing|Neutralizing Gas
|move|p1a: Samurott|Razor Shell|p2a: Weezing
|-damage|p2a: Weezing|74/100
|-unboost|p2a: Weezing|def|1
|
|upkeep
|turn|6
|
|t:|1779568221
|move|p1a: Samurott|Razor Shell|p2a: Weezing
|-damage|p2a: Weezing|35/100
|move|p2a: Weezing|Will-O-Wisp|p1a: Samurott
|-status|p1a: Samurott|brn
|
|-damage|p1a: Samurott|81/100 brn|[from] brn
|upkeep
|turn|7
|
|t:|1779568228
|move|p1a: Samurott|Knock Off|p2a: Weezing
|-resisted|p2a: Weezing
|-damage|p2a: Weezing|24/100
|-enditem|p2a: Weezing|Heavy-Duty Boots|[from] move: Knock Off|[of] p1a: Samurott
|move|p2a: Weezing|Pain Split|p1a: Samurott
|-sethp|p1a: Samurott|53/100 brn|[from] move: Pain Split|[silent]
|-sethp|p2a: Weezing|51/100|[from] move: Pain Split
|
|-damage|p1a: Samurott|47/100 brn|[from] brn
|upkeep
|turn|8
|inactive|zinnias has 180 seconds left.
|
|t:|1779568253
|move|p1a: Samurott|Ceaseless Edge|p2a: Weezing
|-resisted|p2a: Weezing
|-damage|p2a: Weezing|43/100
|-sidestart|p2: zinnias|Spikes
|move|p2a: Weezing|Defog|p1a: Samurott
|-unboost|p1a: Samurott|evasion|1
|-sideend|p2: zinnias|Spikes|[from] move: Defog|[of] p2a: Weezing
|
|-damage|p1a: Samurott|41/100 brn|[from] brn
|upkeep
|turn|9
|inactive|zinnias has 180 seconds left.
|
|t:|1779568275
|move|p1a: Samurott|Ceaseless Edge|p2a: Weezing
|-resisted|p2a: Weezing
|-damage|p2a: Weezing|35/100
|-sidestart|p2: zinnias|Spikes
|move|p2a: Weezing|Defog|p1a: Samurott
|-unboost|p1a: Samurott|evasion|1
|-sideend|p2: zinnias|Spikes|[from] move: Defog|[of] p2a: Weezing
|
|-damage|p1a: Samurott|34/100 brn|[from] brn
|upkeep
|turn|10
|
|t:|1779568291
|move|p1a: Samurott|Ceaseless Edge|p2a: Weezing
|-resisted|p2a: Weezing
|-damage|p2a: Weezing|26/100
|-sidestart|p2: zinnias|Spikes
|move|p2a: Weezing|Defog|p1a: Samurott
|-unboost|p1a: Samurott|evasion|1
|-sideend|p2: zinnias|Spikes|[from] move: Defog|[of] p2a: Weezing
|
|-damage|p1a: Samurott|28/100 brn|[from] brn
|upkeep
|turn|11
|
|t:|1779568305
|-end|p2a: Weezing|ability: Neutralizing Gas
|switch|p2a: Toxapex|Toxapex, F|100/100
|move|p1a: Samurott|Ceaseless Edge|p2a: Toxapex
|-damage|p2a: Toxapex|84/100
|-sidestart|p2: zinnias|Spikes
|
|-damage|p1a: Samurott|22/100 brn|[from] brn
|upkeep
|turn|12
|c|+ltx nemosse|Zinnias
|c|+ltx nemosse|Fr ?
|
|t:|1779568322
|move|p1a: Samurott|Knock Off|p2a: Toxapex
|-damage|p2a: Toxapex|68/100
|-enditem|p2a: Toxapex|Covert Cloak|[from] move: Knock Off|[of] p1a: Samurott
|move|p2a: Toxapex|Poison Jab|p1a: Samurott
|-damage|p1a: Samurott|0 fnt
|faint|p1a: Samurott
|
|upkeep
|
|t:|1779568329
|switch|p1a: Landorus|Landorus-Therian, M|100/100
|-ability|p1a: Landorus|Intimidate|boost
|-unboost|p2a: Toxapex|atk|1
|turn|13
|
|t:|1779568341
|switch|p2a: Corviknight|Corviknight, M|100/100
|-ability|p2a: Corviknight|Pressure
|move|p1a: Landorus|Stealth Rock|p2a: Corviknight
|-sidestart|p2: zinnias|move: Stealth Rock
|
|upkeep
|turn|14
|
|t:|1779568346
|switch|p2a: Gliscor|Gliscor, M|100/100 tox
|-damage|p2a: Gliscor|88/100 tox|[from] Stealth Rock
|move|p1a: Landorus|Taunt|p2a: Gliscor
|-start|p2a: Gliscor|move: Taunt
|
|-heal|p2a: Gliscor|100/100 tox|[from] ability: Poison Heal
|upkeep
|turn|15
|
|t:|1779568363
|switch|p1a: Darkrai|Darkrai|100/100
|move|p2a: Gliscor|Knock Off|p1a: Darkrai
|-resisted|p1a: Darkrai
|-damage|p1a: Darkrai|86/100
|-enditem|p1a: Darkrai|Black Glasses|[from] move: Knock Off|[of] p2a: Gliscor
|
|upkeep
|turn|16
|inactive|zinnias has 180 seconds left.
|
|t:|1779568375
|switch|p2a: Toxapex|Toxapex, F|100/100
|-damage|p2a: Toxapex|88/100|[from] Spikes
|-damage|p2a: Toxapex|76/100|[from] Stealth Rock
|move|p1a: Darkrai|Dark Pulse|p2a: Toxapex
|-damage|p2a: Toxapex|40/100
|
|upkeep
|turn|17
|inactive|zinnias has 180 seconds left.
|
|t:|1779568387
|switch|p1a: Kingambit|Kingambit, M|100/100
|-activate|p1a: Kingambit|ability: Supreme Overlord
|-start|p1a: Kingambit|fallen1|[silent]
|move|p2a: Toxapex|Recover|p2a: Toxapex
|-heal|p2a: Toxapex|91/100
|
|upkeep
|turn|18
|
|t:|1779568395
|-end|p1a: Kingambit|fallen1|[silent]
|switch|p1a: Darkrai|Darkrai|86/100
|switch|p2a: Corviknight|Corviknight, M|100/100
|-damage|p2a: Corviknight|88/100|[from] Stealth Rock
|-ability|p2a: Corviknight|Pressure
|
|-heal|p2a: Corviknight|94/100|[from] item: Leftovers
|upkeep
|turn|19
|
|t:|1779568403
|switch|p1a: Gholdengo|Gholdengo|100/100
|move|p2a: Corviknight|Defog|p1a: Gholdengo
|-immune|p1a: Gholdengo|[from] ability: Good as Gold
|
|-heal|p2a: Corviknight|100/100|[from] item: Leftovers
|upkeep
|turn|20
|
|t:|1779568415
|switch|p2a: Blissey|Blissey, F|100/100
|-damage|p2a: Blissey|88/100|[from] Spikes
|-damage|p2a: Blissey|75/100|[from] Stealth Rock
|move|p1a: Gholdengo|Thunder Wave|p2a: Blissey
|-status|p2a: Blissey|par
|
|-heal|p2a: Blissey|82/100 par|[from] item: Leftovers
|upkeep
|turn|21
|
|t:|1779568421
|switch|p1a: Landorus|Landorus-Therian, M|100/100
|-ability|p1a: Landorus|Intimidate|boost
|-unboost|p2a: Blissey|atk|1
|move|p2a: Blissey|Stealth Rock|p1a: Landorus
|-sidestart|p1: suhayb1910|move: Stealth Rock
|
|-heal|p2a: Blissey|88/100 par|[from] item: Leftovers
|upkeep
|turn|22
|
|t:|1779568431
|-curestatus|p2a: Blissey|par|[from] ability: Natural Cure|[silent]
|switch|p2a: Gliscor|Gliscor, M|100/100 tox
|-damage|p2a: Gliscor|88/100 tox|[from] Stealth Rock
|move|p1a: Landorus|Earthquake|p2a: Gliscor
|-immune|p2a: Gliscor
|
|-heal|p2a: Gliscor|100/100 tox|[from] ability: Poison Heal
|upkeep
|turn|23
|
|t:|1779568435
|move|p1a: Landorus|Taunt|p2a: Gliscor
|-start|p2a: Gliscor|move: Taunt
|move|p2a: Gliscor|Knock Off|p1a: Landorus
|-damage|p1a: Landorus|74/100
|-enditem|p1a: Landorus|Earth Plate|[from] move: Knock Off|[of] p2a: Gliscor
|
|upkeep
|turn|24
|
|t:|1779568442
|switch|p1a: Darkrai|Darkrai|86/100
|-damage|p1a: Darkrai|73/100|[from] Stealth Rock
|move|p2a: Gliscor|Earthquake|p1a: Darkrai
|-damage|p1a: Darkrai|28/100
|
|upkeep
|turn|25
|inactive|zinnias has 240 seconds left.
|
|t:|1779568459
|switch|p2a: Toxapex|Toxapex, F|100/100
|-damage|p2a: Toxapex|88/100|[from] Spikes
|-damage|p2a: Toxapex|76/100|[from] Stealth Rock
|move|p1a: Darkrai|Ice Beam|p2a: Toxapex
|-resisted|p2a: Toxapex
|-damage|p2a: Toxapex|64/100
|
|upkeep
|turn|26
|
|t:|1779568467
|switch|p1a: Kingambit|Kingambit, M|100/100
|-damage|p1a: Kingambit|94/100|[from] Stealth Rock
|-activate|p1a: Kingambit|ability: Supreme Overlord
|-start|p1a: Kingambit|fallen1|[silent]
|move|p2a: Toxapex|Poison Jab|p1a: Kingambit
|-immune|p1a: Kingambit
|
|-heal|p1a: Kingambit|100/100|[from] item: Leftovers
|upkeep
|turn|27
|
|t:|1779568483
|-end|p1a: Kingambit|fallen1|[silent]
|switch|p1a: Darkrai|Darkrai|28/100
|-damage|p1a: Darkrai|16/100|[from] Stealth Rock
|switch|p2a: Weezing|Weezing-Galar, M|26/100
|-ability|p2a: Weezing|Neutralizing Gas
|-damage|p2a: Weezing|14/100|[from] Spikes
|-damage|p2a: Weezing|2/100|[from] Stealth Rock
|
|upkeep
|turn|28
|
|t:|1779568489
|move|p1a: Darkrai|Dark Pulse|p2a: Weezing
|-resisted|p2a: Weezing
|-crit|p2a: Weezing
|-damage|p2a: Weezing|0 fnt
|faint|p2a: Weezing
|-end|p2a: Weezing|ability: Neutralizing Gas
|
|upkeep
|
|t:|1779568505
|switch|p2a: Toxapex|Toxapex, F|97/100
|-damage|p2a: Toxapex|85/100|[from] Spikes
|-damage|p2a: Toxapex|73/100|[from] Stealth Rock
|turn|29
|
|t:|1779568510
|move|p1a: Darkrai|Dark Pulse|p2a: Toxapex
|-damage|p2a: Toxapex|40/100
|move|p2a: Toxapex|Poison Jab|p1a: Darkrai
|-damage|p1a: Darkrai|0 fnt
|faint|p1a: Darkrai
|
|upkeep
|
|t:|1779568519
|switch|p1a: Landorus|Landorus-Therian, M|74/100
|-damage|p1a: Landorus|62/100|[from] Stealth Rock
|-ability|p1a: Landorus|Intimidate|boost
|-unboost|p2a: Toxapex|atk|1
|turn|30
|
|t:|1779568542
|switch|p1a: Gholdengo|Gholdengo|100/100
|-damage|p1a: Gholdengo|94/100|[from] Stealth Rock
|switch|p2a: Gliscor|Gliscor, M|100/100 tox
|-damage|p2a: Gliscor|88/100 tox|[from] Stealth Rock
|
|-heal|p2a: Gliscor|100/100 tox|[from] ability: Poison Heal
|upkeep
|turn|31
|
|t:|1779568551
|move|p2a: Gliscor|Protect|p2a: Gliscor
|-singleturn|p2a: Gliscor|Protect
|move|p1a: Gholdengo|Hex|p2a: Gliscor
|-activate|p2a: Gliscor|move: Protect
|
|upkeep
|turn|32
|
|t:|1779568579
|switch|p2a: Blissey|Blissey, F|88/100
|-damage|p2a: Blissey|75/100|[from] Spikes
|-damage|p2a: Blissey|63/100|[from] Stealth Rock
|switch|p1a: Landorus|Landorus-Therian, M|62/100
|-damage|p1a: Landorus|49/100|[from] Stealth Rock
|-ability|p1a: Landorus|Intimidate|boost
|-unboost|p2a: Blissey|atk|1
|
|-heal|p2a: Blissey|69/100|[from] item: Leftovers
|upkeep
|turn|33
|
|t:|1779568586
|switch|p1a: Kingambit|Kingambit, M|100/100
|-damage|p1a: Kingambit|94/100|[from] Stealth Rock
|-activate|p1a: Kingambit|ability: Supreme Overlord
|-start|p1a: Kingambit|fallen2|[silent]
|switch|p2a: Gliscor|Gliscor, M|100/100 tox
|-damage|p2a: Gliscor|88/100 tox|[from] Stealth Rock
|
|-heal|p1a: Kingambit|100/100|[from] item: Leftovers
|-heal|p2a: Gliscor|100/100 tox|[from] ability: Poison Heal
|upkeep
|turn|34
|
|t:|1779568592
|move|p2a: Gliscor|Earthquake|p1a: Kingambit
|-supereffective|p1a: Kingambit
|-damage|p1a: Kingambit|49/100
|move|p1a: Kingambit|Iron Head|p2a: Gliscor
|-damage|p2a: Gliscor|58/100 tox
|
|-heal|p1a: Kingambit|55/100|[from] item: Leftovers
|-heal|p2a: Gliscor|71/100 tox|[from] ability: Poison Heal
|upkeep
|turn|35
|inactive|zinnias has 270 seconds left.
|
|t:|1779568603
|-end|p1a: Kingambit|fallen2|[silent]
|switch|p1a: Landorus|Landorus-Therian, M|49/100
|-damage|p1a: Landorus|37/100|[from] Stealth Rock
|-ability|p1a: Landorus|Intimidate|boost
|-unboost|p2a: Gliscor|atk|1
|move|p2a: Gliscor|Earthquake|p1a: Landorus
|-immune|p1a: Landorus
|
|-heal|p2a: Gliscor|83/100 tox|[from] ability: Poison Heal
|upkeep
|turn|36
|
|t:|1779568607
|move|p2a: Gliscor|Protect|p2a: Gliscor
|-singleturn|p2a: Gliscor|Protect
|move|p1a: Landorus|Taunt|p2a: Gliscor
|-activate|p2a: Gliscor|move: Protect
|
|-heal|p2a: Gliscor|96/100 tox|[from] ability: Poison Heal
|upkeep
|turn|37
|
|t:|1779568614
|switch|p1a: Gholdengo|Gholdengo|94/100
|-damage|p1a: Gholdengo|88/100|[from] Stealth Rock
|move|p2a: Gliscor|Knock Off|p1a: Gholdengo
|-supereffective|p1a: Gholdengo
|-damage|p1a: Gholdengo|67/100
|-damage|p2a: Gliscor|79/100 tox|[from] item: Rocky Helmet|[of] p1a: Gholdengo
|-enditem|p1a: Gholdengo|Rocky Helmet|[from] move: Knock Off|[of] p2a: Gliscor
|
|-heal|p2a: Gliscor|92/100 tox|[from] ability: Poison Heal
|upkeep
|turn|38
|
|t:|1779568621
|switch|p2a: Blissey|Blissey, F|69/100
|-damage|p2a: Blissey|57/100|[from] Spikes
|-damage|p2a: Blissey|44/100|[from] Stealth Rock
|move|p1a: Gholdengo|Nasty Plot|p1a: Gholdengo
|-boost|p1a: Gholdengo|spa|2
|
|-heal|p2a: Blissey|50/100|[from] item: Leftovers
|upkeep
|turn|39
|
|t:|1779568627
|move|p1a: Gholdengo|Recover|p1a: Gholdengo
|-heal|p1a: Gholdengo|100/100
|move|p2a: Blissey|Soft-Boiled|p2a: Blissey
|-heal|p2a: Blissey|100/100
|
|upkeep
|turn|40
|
|t:|1779568635
|switch|p1a: Iron Moth|Iron Moth|100/100
|-damage|p1a: Iron Moth|76/100|[from] Stealth Rock
|-enditem|p1a: Iron Moth|Booster Energy
|-activate|p1a: Iron Moth|ability: Quark Drive|[fromitem]
|-start|p1a: Iron Moth|quarkdrivespe
|move|p2a: Blissey|Shadow Ball|p1a: Iron Moth
|-damage|p1a: Iron Moth|59/100
|
|upkeep
|turn|41
|
|t:|1779568641
|move|p2a: Blissey|Calm Mind|p2a: Blissey
|-boost|p2a: Blissey|spa|1
|-boost|p2a: Blissey|spd|1
|move|p1a: Iron Moth|Whirlwind|p2a: Blissey
|drag|p2a: Dondozo|Dondozo, M|100/100
|-damage|p2a: Dondozo|88/100|[from] Spikes
|-damage|p2a: Dondozo|76/100|[from] Stealth Rock
|
|-heal|p2a: Dondozo|82/100|[from] item: Leftovers
|upkeep
|turn|42
|
|t:|1779568650
|move|p1a: Iron Moth|Toxic|p2a: Dondozo
|-status|p2a: Dondozo|tox
|move|p2a: Dondozo|Waterfall|p1a: Iron Moth
|-supereffective|p1a: Iron Moth
|-damage|p1a: Iron Moth|0 fnt
|faint|p1a: Iron Moth
|-end|p1a: Iron Moth|Quark Drive|[silent]
|
|-heal|p2a: Dondozo|88/100 tox|[from] item: Leftovers
|-damage|p2a: Dondozo|82/100 tox|[from] psn
|upkeep
|
|t:|1779568660
|switch|p1a: Gholdengo|Gholdengo|100/100
|-damage|p1a: Gholdengo|94/100|[from] Stealth Rock
|turn|43
|
|t:|1779568667
|switch|p1a: Kingambit|Kingambit, M|55/100
|-damage|p1a: Kingambit|49/100|[from] Stealth Rock
|-activate|p1a: Kingambit|ability: Supreme Overlord
|-start|p1a: Kingambit|fallen3|[silent]
|switch|p2a: Blissey|Blissey, F|100/100
|-damage|p2a: Blissey|88/100|[from] Spikes
|-damage|p2a: Blissey|75/100|[from] Stealth Rock
|
|-heal|p1a: Kingambit|55/100|[from] item: Leftovers
|-heal|p2a: Blissey|82/100|[from] item: Leftovers
|upkeep
|turn|44
|
|t:|1779568674
|switch|p2a: Corviknight|Corviknight, M|100/100
|-damage|p2a: Corviknight|88/100|[from] Stealth Rock
|-ability|p2a: Corviknight|Pressure
|move|p1a: Kingambit|Swords Dance|p1a: Kingambit
|-boost|p1a: Kingambit|atk|2
|
|-heal|p1a: Kingambit|61/100|[from] item: Leftovers
|-heal|p2a: Corviknight|94/100|[from] item: Leftovers
|upkeep
|turn|45
|
|t:|1779568681
|move|p1a: Kingambit|Swords Dance|p1a: Kingambit
|-boost|p1a: Kingambit|atk|2
|move|p2a: Corviknight|Body Press|p1a: Kingambit
|-supereffective|p1a: Kingambit
|-damage|p1a: Kingambit|0 fnt
|faint|p1a: Kingambit
|-end|p1a: Kingambit|fallen3|[silent]
|
|-heal|p2a: Corviknight|100/100|[from] item: Leftovers
|upkeep
|c|☆suhayb1910|gg
|c|☆zinnias|gg
|-message|suhayb1910 forfeited.
|
|win|zinnias
