|j|☆mjdj
|j|☆DerpGod69
|t:|1779706297
|gametype|singles
|player|p1|mjdj|cynthia-masters4|1064
|player|p2|DerpGod69|101|1033
|gen|9
|tier|[Gen 9] OU
|rated|
|rule|HP Percentage Mod: HP is shown in percentages
|rule|Endless Battle Clause: Forcing endless battles is banned
|rule|Species Clause: Limit one of each Pokémon
|rule|OHKO Clause: OHKO moves are banned
|rule|Evasion Items Clause: Evasion items are banned
|rule|Evasion Moves Clause: Evasion moves are banned
|rule|Evasion Abilities Clause: Evasion abilities are banned
|rule|Sleep Moves Clause: Sleep-inducing moves are banned
|clearpoke
|poke|p1|Ribombee, F|
|poke|p1|Scizor, F|
|poke|p1|Breloom, F|
|poke|p1|Maushold-Four|
|poke|p1|Scyther, M|
|poke|p1|Gholdengo|
|poke|p2|Garchomp, M|
|poke|p2|Breloom, F|
|poke|p2|Mimikyu, F|
|poke|p2|Toxapex, M|
|poke|p2|Glimmora, F|
|poke|p2|Hatterene, F|
|teampreview
|
|t:|1779706313
|teamsize|p1|6
|teamsize|p2|6
|start
|switch|p1a: Scyther|Scyther, M|100/100
|switch|p2a: Glimmora|Glimmora, F|100/100
|-item|p2a: Glimmora|Air Balloon
|turn|1
|
|t:|1779706327
|switch|p1a: Gholdengo|Gholdengo|100/100
|-item|p1a: Gholdengo|Air Balloon
|move|p2a: Glimmora|Stealth Rock|p1a: Gholdengo
|-sidestart|p1: mjdj|move: Stealth Rock
|
|upkeep
|turn|2
|
|t:|1779706336
|move|p1a: Gholdengo|Nasty Plot|p1a: Gholdengo
|-boost|p1a: Gholdengo|spa|2
|move|p2a: Glimmora|Spikes|p1a: Gholdengo
|-sidestart|p1: mjdj|Spikes
|
|upkeep
|turn|3
|
|t:|1779706342
|move|p1a: Gholdengo|Shadow Ball|p2a: Glimmora
|-damage|p2a: Glimmora|16/100
|-enditem|p2a: Glimmora|Air Balloon
|move|p2a: Glimmora|Spikes|p1a: Gholdengo
|-sidestart|p1: mjdj|Spikes
|
|upkeep
|turn|4
|
|t:|1779706352
|move|p1a: Gholdengo|Shadow Ball|p2a: Glimmora
|-damage|p2a: Glimmora|0 fnt
|faint|p2a: Glimmora
|
|upkeep
|
|t:|1779706363
|switch|p2a: Toxapex|Toxapex, M, shiny|100/100
|turn|5
|
|t:|1779706368
|move|p1a: Gholdengo|Shadow Ball|p2a: Toxapex
|-damage|p2a: Toxapex|33/100
|move|p2a: Toxapex|Infestation|p1a: Gholdengo
|-resisted|p1a: Gholdengo
|-damage|p1a: Gholdengo|99/100
|-activate|p1a: Gholdengo|move: Infestation|[of] p2a: Toxapex
|-enditem|p1a: Gholdengo|Air Balloon
|
|-damage|p1a: Gholdengo|87/100|[from] move: Infestation|[partiallytrapped]
|upkeep
|turn|6
|
|t:|1779706378
|move|p2a: Toxapex|Baneful Bunker|p2a: Toxapex
|-singleturn|p2a: Toxapex|move: Protect
|move|p1a: Gholdengo|Shadow Ball|p2a: Toxapex
|-activate|p2a: Toxapex|move: Protect
|
|-damage|p1a: Gholdengo|75/100|[from] move: Infestation|[partiallytrapped]
|upkeep
|turn|7
|
|t:|1779706391
|move|p1a: Gholdengo|Shadow Ball|p2a: Toxapex
|-damage|p2a: Toxapex|0 fnt
|faint|p2a: Toxapex
|
|-end|p1a: Gholdengo|Infestation|[partiallytrapped]|[silent]
|upkeep
|
|t:|1779706396
|switch|p2a: Garchomp|Garchomp, M|100/100
|turn|8
|
|t:|1779706401
|move|p2a: Garchomp|Earthquake|p1a: Gholdengo
|-supereffective|p1a: Gholdengo
|-damage|p1a: Gholdengo|0 fnt
|faint|p1a: Gholdengo
|
|upkeep
|
|t:|1779706408
|switch|p1a: Scizor|Scizor, F|100/100
|turn|9
|
|t:|1779706423
|move|p2a: Garchomp|Earthquake|p1a: Scizor
|-damage|p1a: Scizor|53/100
|move|p1a: Scizor|Swords Dance|p1a: Scizor
|-boost|p1a: Scizor|atk|2
|
|upkeep
|turn|10
|
|t:|1779706431
|move|p1a: Scizor|Bullet Punch|p2a: Garchomp
|-damage|p2a: Garchomp|45/100
|-damage|p1a: Scizor|41/100|[from] ability: Rough Skin|[of] p2a: Garchomp
|-damage|p1a: Scizor|24/100|[from] item: Rocky Helmet|[of] p2a: Garchomp
|move|p2a: Garchomp|Earthquake|p1a: Scizor
|-damage|p1a: Scizor|0 fnt
|faint|p1a: Scizor
|
|upkeep
|
|t:|1779706440
|switch|p1a: Ribombee|Ribombee, F|100/100
|-damage|p1a: Ribombee|76/100|[from] Stealth Rock
|-damage|p1a: Ribombee|59/100|[from] Spikes
|turn|11
|
|t:|1779706446
|move|p1a: Ribombee|Sticky Web|p2a: Garchomp
|-sidestart|p2: DerpGod69|move: Sticky Web
|move|p2a: Garchomp|Stone Edge|p1a: Ribombee|[miss]
|-miss|p2a: Garchomp|p1a: Ribombee
|
|upkeep
|turn|12
|
|t:|1779706453
|move|p1a: Ribombee|Moonblast|p2a: Garchomp
|-supereffective|p2a: Garchomp
|-damage|p2a: Garchomp|0 fnt
|faint|p2a: Garchomp
|
|upkeep
|
|t:|1779706458
|switch|p2a: Mimikyu|Mimikyu, F|100/100
|-activate|p2a: Mimikyu|move: Sticky Web
|-unboost|p2a: Mimikyu|spe|1
|turn|13
|
|t:|1779706463
|move|p1a: Ribombee|Stun Spore|p2a: Mimikyu
|-status|p2a: Mimikyu|par
|move|p2a: Mimikyu|Swords Dance|p2a: Mimikyu
|-boost|p2a: Mimikyu|atk|2
|
|upkeep
|turn|14
|
|t:|1779706470
|switch|p1a: Maushold|Maushold-Four|100/100
|-damage|p1a: Maushold|88/100|[from] Stealth Rock
|-damage|p1a: Maushold|71/100|[from] Spikes
|move|p2a: Mimikyu|Swords Dance|p2a: Mimikyu
|-boost|p2a: Mimikyu|atk|2
|
|upkeep
|turn|15
|
|t:|1779706479
|cant|p2a: Mimikyu|par
|move|p1a: Maushold|Encore|p2a: Mimikyu
|-start|p2a: Mimikyu|Encore
|
|upkeep
|turn|16
|
|t:|1779706490
|move|p1a: Maushold|Tidy Up|p1a: Maushold
|-sideend|p1: mjdj|Spikes
|-sideend|p1: mjdj|Stealth Rock
|-sideend|p2: DerpGod69|Sticky Web
|-activate|p1a: Maushold|move: Tidy Up
|-boost|p1a: Maushold|atk|1
|-boost|p1a: Maushold|spe|1
|move|p2a: Mimikyu|Swords Dance|p2a: Mimikyu
|-boost|p2a: Mimikyu|atk|2
|
|upkeep
|turn|17
|
|t:|1779706499
|move|p1a: Maushold|Bite|p2a: Mimikyu
|-activate|p2a: Mimikyu|ability: Disguise
|-damage|p2a: Mimikyu|100/100 par
|detailschange|p2a: Mimikyu|Mimikyu-Busted, F
|-damage|p2a: Mimikyu|88/100 par|[from] pokemon: Mimikyu-Busted
|-enditem|p2a: Mimikyu|Red Card|[of] p1a: Maushold
|drag|p1a: Ribombee|Ribombee, F|59/100
|move|p2a: Mimikyu|Swords Dance|p2a: Mimikyu
|-boost|p2a: Mimikyu|atk|0
|
|upkeep
|turn|18
|
|t:|1779706511
|switch|p1a: Maushold|Maushold-Four|71/100
|-terastallize|p2a: Mimikyu|Ghost
|move|p2a: Mimikyu|Swords Dance|p2a: Mimikyu
|-boost|p2a: Mimikyu|atk|0
|
|-end|p2a: Mimikyu|Encore
|upkeep
|turn|19
|
|t:|1779706523
|move|p1a: Maushold|Encore|p2a: Mimikyu
|-start|p2a: Mimikyu|Encore
|move|p2a: Mimikyu|Swords Dance|p2a: Mimikyu
|-boost|p2a: Mimikyu|atk|0
|
|upkeep
|turn|20
|
|t:|1779706530
|switch|p2a: Breloom|Breloom, F|100/100
|move|p1a: Maushold|Tidy Up|p1a: Maushold
|-boost|p1a: Maushold|atk|1
|-boost|p1a: Maushold|spe|1
|
|upkeep
|turn|21
|
|t:|1779706537
|move|p2a: Breloom|Mach Punch|p1a: Maushold
|-supereffective|p1a: Maushold
|-damage|p1a: Maushold|0 fnt
|faint|p1a: Maushold
|
|upkeep
|
|t:|1779706543
|switch|p1a: Ribombee|Ribombee, F|59/100
|turn|22
|
|t:|1779706552
|move|p1a: Ribombee|Sticky Web|p2a: Breloom
|-sidestart|p2: DerpGod69|move: Sticky Web
|move|p2a: Breloom|Bullet Seed|p1a: Ribombee
|-resisted|p1a: Ribombee
|-damage|p1a: Ribombee|40/100
|-resisted|p1a: Ribombee
|-damage|p1a: Ribombee|22/100
|-resisted|p1a: Ribombee
|-damage|p1a: Ribombee|1/100
|-resisted|p1a: Ribombee
|-damage|p1a: Ribombee|0 fnt
|faint|p1a: Ribombee
|-hitcount|p1: Ribombee|4
|
|upkeep
|
|t:|1779706562
|switch|p1a: Scyther|Scyther, M|100/100
|turn|23
|
|t:|1779706568
|move|p2a: Breloom|Mach Punch|p1a: Scyther
|-resisted|p1a: Scyther
|-damage|p1a: Scyther|93/100
|move|p1a: Scyther|Dual Wingbeat|p2a: Breloom
|-supereffective|p2a: Breloom
|-enditem|p2a: Breloom|Focus Sash
|-damage|p2a: Breloom|1/100
|-supereffective|p2a: Breloom
|-damage|p2a: Breloom|0 fnt
|faint|p2a: Breloom
|-hitcount|p2: Breloom|2
|
|upkeep
|
|t:|1779706578
|switch|p2a: Mimikyu|Mimikyu-Busted, F, tera:Ghost|88/100 par
|-activate|p2a: Mimikyu|move: Sticky Web
|-unboost|p2a: Mimikyu|spe|1
|turn|24
|
|t:|1779706592
|-terastallize|p1a: Scyther|Flying
|move|p1a: Scyther|Dual Wingbeat|p2a: Mimikyu
|-damage|p2a: Mimikyu|43/100 par
|-crit|p2a: Mimikyu
|-damage|p2a: Mimikyu|0 fnt
|faint|p2a: Mimikyu
|-hitcount|p2: Mimikyu|2
|
|upkeep
|
|t:|1779706598
|switch|p2a: Hatterene|Hatterene, F|100/100
|-activate|p2a: Hatterene|move: Sticky Web
|-unboost|p2a: Hatterene|spe|1
|turn|25
|
|t:|1779706606
|move|p1a: Scyther|Dual Wingbeat|p2a: Hatterene
|-damage|p2a: Hatterene|68/100
|-damage|p2a: Hatterene|39/100
|-hitcount|p2a: Hatterene|2
|move|p2a: Hatterene|Nuzzle|p1a: Scyther
|-supereffective|p1a: Scyther
|-damage|p1a: Scyther|86/100
|-status|p1a: Scyther|par
|
|upkeep
|turn|26
|
|t:|1779706619
|move|p1a: Scyther|Dual Wingbeat|p2a: Hatterene
|-damage|p2a: Hatterene|8/100
|-damage|p2a: Hatterene|0 fnt
|faint|p2a: Hatterene
|-hitcount|p2: Hatterene|2
|
|win|mjdj
|raw|mjdj's rating: 1064 &rarr; <strong>1092</strong><br />(+28 for winning)
|raw|DerpGod69's rating: 1033 &rarr; <strong>1019</strong><br />(-14 for losing)
|c|☆mjdj|gg
|l|☆DerpGod69
|player|p2|
