|j|☆GYMLEADERZAI
|j|☆manabi.portoviejo
|t:|1779559276
|gametype|singles
|player|p1|GYMLEADERZAI|marshal|1515
|player|p2|manabi.portoviejo|170|1537
|gen|9
|tier|[Gen 9] OU
|rated|
|rule|HP Percentage Mod: HP is shown in percentages
|rule|Endless Battle Clause: Forcing endless battles is banned
|rule|Species Clause: Limit one of each Pokémon
|rule|OHKO Clause: OHKO moves are banned
|rule|Evasion Items Clause: Evasion items are banned
|rule|Evasion Moves Clause: Evasion moves are banned
|rule|Evasion Abilities Clause: Evasion abilities are banned
|rule|Sleep Moves Clause: Sleep-inducing moves are banned
|clearpoke
|poke|p1|Infernape, M|
|poke|p1|Kommo-o, F|
|poke|p1|Zamazenta-*|
|poke|p1|Iron Valiant|
|poke|p1|Iron Hands|
|poke|p1|Okidogi, M|
|poke|p2|Slowking-Galar, F|
|poke|p2|Rotom-Wash|
|poke|p2|Ninetales-Alola, M|
|poke|p2|Ogerpon-Wellspring, F|
|poke|p2|Serperior, M|
|poke|p2|Dragapult, F|
|teampreview
|inactive|Battle timer is ON: inactive players will automatically lose when time's up. (requested by manabi.portoviejo)
|inactive|GYMLEADERZAI also wants the timer to be on.
|
|t:|1779559285
|teamsize|p1|6
|teamsize|p2|6
|start
|switch|p1a: Infernape|Infernape, M|100/100
|switch|p2a: Rotom|Rotom-Wash|100/100
|turn|1
|
|t:|1779559293
|move|p1a: Infernape|Stealth Rock|p2a: Rotom
|-sidestart|p2: manabi.portoviejo|move: Stealth Rock
|move|p2a: Rotom|Trick|p1a: Infernape
|-activate|p2a: Rotom|move: Trick|[of] p1a: Infernape
|-item|p1a: Infernape|Choice Band|[from] move: Trick
|-item|p2a: Rotom|Focus Sash|[from] move: Trick
|
|upkeep
|turn|2
|
|t:|1779559306
|move|p1a: Infernape|Endeavor|p2a: Rotom
|-damage|p2a: Rotom|97/100
|move|p2a: Rotom|Thunder Wave|p1a: Infernape
|-status|p1a: Infernape|par
|
|upkeep
|turn|3
|
|t:|1779559315
|move|p2a: Rotom|Hydro Pump|p1a: Infernape
|-supereffective|p1a: Infernape
|-damage|p1a: Infernape|0 fnt
|faint|p1a: Infernape
|
|upkeep
|
|t:|1779559321
|switch|p1a: Iron Hands|Iron Hands|100/100
|turn|4
|
|t:|1779559342
|move|p2a: Rotom|Hydro Pump|p1a: Iron Hands
|-damage|p1a: Iron Hands|80/100
|move|p1a: Iron Hands|Supercell Slam|p2a: Rotom
|-damage|p2a: Rotom|41/100
|
|upkeep
|turn|5
|
|t:|1779559351
|move|p2a: Rotom|Hydro Pump|p1a: Iron Hands
|-damage|p1a: Iron Hands|59/100
|move|p1a: Iron Hands|Drain Punch|p2a: Rotom
|-damage|p2a: Rotom|0 fnt
|-heal|p1a: Iron Hands|72/100|[from] drain|[of] p2a: Rotom
|faint|p2a: Rotom
|
|upkeep
|
|t:|1779559356
|switch|p2a: Ninetales|Ninetales-Alola, M|100/100
|-damage|p2a: Ninetales|76/100|[from] Stealth Rock
|-weather|Snowscape|[from] ability: Snow Warning|[of] p2a: Ninetales
|turn|6
|
|t:|1779559363
|-end|p1a: Iron Hands|Quark Drive|[silent]
|switch|p1a: Okidogi|Okidogi, M|100/100
|move|p2a: Ninetales|Aurora Veil|p2a: Ninetales
|-sidestart|p2: manabi.portoviejo|move: Aurora Veil
|
|-weather|Snowscape|[upkeep]
|upkeep
|turn|7
|
|t:|1779559367
|switch|p2a: Slowking|Slowking-Galar, F|100/100
|-damage|p2a: Slowking|88/100|[from] Stealth Rock
|move|p1a: Okidogi|Poison Jab|p2a: Slowking
|-resisted|p2a: Slowking
|-damage|p2a: Slowking|80/100
|
|-weather|Snowscape|[upkeep]
|upkeep
|turn|8
|
|t:|1779559370
|move|p1a: Okidogi|Knock Off|p2a: Slowking
|-supereffective|p2a: Slowking
|-damage|p2a: Slowking|54/100
|-enditem|p2a: Slowking|Choice Specs|[from] move: Knock Off|[of] p1a: Okidogi
|move|p2a: Slowking|Trick|p1a: Okidogi
|-activate|p2a: Slowking|move: Trick|[of] p1a: Okidogi
|-enditem|p1a: Okidogi|Assault Vest|[silent]|[from] move: Trick
|-item|p2a: Slowking|Assault Vest|[from] move: Trick
|
|-weather|Snowscape|[upkeep]
|upkeep
|turn|9
|
|t:|1779559399
|switch|p2a: Dragapult|Dragapult, F|100/100
|move|p1a: Okidogi|High Horsepower|p2a: Dragapult
|-crit|p2a: Dragapult
|-damage|p2a: Dragapult|34/100
|
|-weather|Snowscape|[upkeep]
|upkeep
|turn|10
|inactive|GYMLEADERZAI has 120 seconds left.
|
|t:|1779559420
|move|p2a: Dragapult|Will-O-Wisp|p1a: Okidogi
|-status|p1a: Okidogi|brn
|move|p1a: Okidogi|Knock Off|p2a: Dragapult
|-supereffective|p2a: Dragapult
|-damage|p2a: Dragapult|12/100
|-status|p2a: Dragapult|tox|[from] ability: Toxic Chain|[of] p1a: Okidogi
|-enditem|p2a: Dragapult|Heavy-Duty Boots|[from] move: Knock Off|[of] p1a: Okidogi
|
|-weather|none
|-damage|p2a: Dragapult|6/100 tox|[from] psn
|-damage|p1a: Okidogi|95/100 brn|[from] brn
|upkeep
|turn|11
|inactive|GYMLEADERZAI has 120 seconds left.
|
|t:|1779559427
|move|p2a: Dragapult|Hex|p1a: Okidogi
|-damage|p1a: Okidogi|55/100 brn
|move|p1a: Okidogi|Poison Jab|p2a: Dragapult
|-resisted|p2a: Dragapult
|-damage|p2a: Dragapult|0 fnt
|faint|p2a: Dragapult
|
|-damage|p1a: Okidogi|49/100 brn|[from] brn
|upkeep
|
|t:|1779559435
|switch|p2a: Serperior|Serperior, M|100/100
|-damage|p2a: Serperior|88/100|[from] Stealth Rock
|turn|12
|
|t:|1779559441
|move|p2a: Serperior|Substitute|p2a: Serperior
|-start|p2a: Serperior|Substitute
|-damage|p2a: Serperior|63/100
|move|p1a: Okidogi|Poison Jab|p2a: Serperior
|-supereffective|p2a: Serperior
|-activate|p2a: Serperior|move: Substitute|[damage]
|
|-heal|p2a: Serperior|69/100|[from] item: Leftovers
|-damage|p1a: Okidogi|43/100 brn|[from] brn
|upkeep
|turn|13
|
|t:|1779559447
|move|p2a: Serperior|Leech Seed|p1a: Okidogi
|-start|p1a: Okidogi|move: Leech Seed
|move|p1a: Okidogi|Poison Jab|p2a: Serperior
|-supereffective|p2a: Serperior
|-end|p2a: Serperior|Substitute
|
|-heal|p2a: Serperior|76/100|[from] item: Leftovers
|-damage|p1a: Okidogi|31/100 brn|[from] Leech Seed|[of] p2a: Serperior
|-heal|p2a: Serperior|87/100|[silent]
|-damage|p1a: Okidogi|25/100 brn|[from] brn
|-sideend|p2: manabi.portoviejo|move: Aurora Veil
|upkeep
|turn|14
|
|t:|1779559451
|switch|p1a: Iron Valiant|Iron Valiant|100/100
|-enditem|p1a: Iron Valiant|Booster Energy
|-activate|p1a: Iron Valiant|ability: Quark Drive|[fromitem]
|-start|p1a: Iron Valiant|quarkdrivespe
|move|p2a: Serperior|Substitute|p2a: Serperior
|-start|p2a: Serperior|Substitute
|-damage|p2a: Serperior|62/100
|
|-heal|p2a: Serperior|68/100|[from] item: Leftovers
|upkeep
|turn|15
|
|t:|1779559453
|move|p1a: Iron Valiant|Encore|p2a: Serperior
|-start|p2a: Serperior|Encore
|move|p2a: Serperior|Substitute|p2a: Serperior
|-fail|p2a: Serperior|move: Substitute
|
|-heal|p2a: Serperior|74/100|[from] item: Leftovers
|upkeep
|turn|16
|
|t:|1779559457
|switch|p2a: Slowking|Slowking-Galar, F|87/100
|-damage|p2a: Slowking|75/100|[from] Stealth Rock
|move|p1a: Iron Valiant|Moonblast|p2a: Slowking
|-resisted|p2a: Slowking
|-damage|p2a: Slowking|62/100
|
|upkeep
|turn|17
|
|t:|1779559459
|move|p1a: Iron Valiant|Thunder Wave|p2a: Slowking
|-status|p2a: Slowking|par
|move|p2a: Slowking|Sludge Wave|p1a: Iron Valiant
|-supereffective|p1a: Iron Valiant
|-damage|p1a: Iron Valiant|0 fnt
|faint|p1a: Iron Valiant
|-end|p1a: Iron Valiant|Quark Drive|[silent]
|
|upkeep
|
|t:|1779559470
|switch|p1a: Kommo-o|Kommo-o, F|100/100
|turn|18
|
|t:|1779559481
|move|p1a: Kommo-o|Clangorous Soul|p1a: Kommo-o
|-boost|p1a: Kommo-o|atk|1
|-boost|p1a: Kommo-o|def|1
|-boost|p1a: Kommo-o|spa|1
|-boost|p1a: Kommo-o|spd|1
|-boost|p1a: Kommo-o|spe|1
|-damage|p1a: Kommo-o|68/100
|-enditem|p1a: Kommo-o|Throat Spray
|-boost|p1a: Kommo-o|spa|1|[from] item: Throat Spray
|move|p2a: Slowking|Sludge Wave|p1a: Kommo-o
|-damage|p1a: Kommo-o|41/100
|
|upkeep
|turn|19
|
|t:|1779559491
|move|p1a: Kommo-o|Clanging Scales|p2a: Slowking
|-damage|p2a: Slowking|5/100 par
|-unboost|p1a: Kommo-o|def|1
|move|p2a: Slowking|Sludge Wave|p1a: Kommo-o
|-damage|p1a: Kommo-o|16/100
|
|upkeep
|turn|20
|
|t:|1779559504
|move|p1a: Kommo-o|Aura Sphere|p2a: Slowking
|-resisted|p2a: Slowking
|-damage|p2a: Slowking|0 fnt
|faint|p2a: Slowking
|
|upkeep
|
|t:|1779559512
|switch|p2a: Ninetales|Ninetales-Alola, M|76/100
|-damage|p2a: Ninetales|51/100|[from] Stealth Rock
|-weather|Snowscape|[from] ability: Snow Warning|[of] p2a: Ninetales
|turn|21
|
|t:|1779559517
|move|p1a: Kommo-o|Flash Cannon|p2a: Ninetales
|-supereffective|p2a: Ninetales
|-damage|p2a: Ninetales|0 fnt
|faint|p2a: Ninetales
|
|-weather|Snowscape|[upkeep]
|upkeep
|-message|manabi.portoviejo forfeited.
|
|win|GYMLEADERZAI
|raw|GYMLEADERZAI's rating: 1515 &rarr; <strong>1536</strong><br />(+21 for winning)
|raw|manabi.portoviejo's rating: 1537 &rarr; <strong>1516</strong><br />(-21 for losing)
|l|☆manabi.portoviejo
|player|p2|
