|j|☆yoki
|j|☆DarkG99
|t:|1779692427
|gametype|singles
|player|p1|yoki|2|1515
|player|p2|DarkG99|karen|1465
|gen|9
|tier|[Gen 9] OU
|rated|
|rule|HP Percentage Mod: HP is shown in percentages
|rule|Endless Battle Clause: Forcing endless battles is banned
|rule|Species Clause: Limit one of each Pokémon
|rule|OHKO Clause: OHKO moves are banned
|rule|Evasion Items Clause: Evasion items are banned
|rule|Evasion Moves Clause: Evasion moves are banned
|rule|Evasion Abilities Clause: Evasion abilities are banned
|rule|Sleep Moves Clause: Sleep-inducing moves are banned
|clearpoke
|poke|p1|Slowking-Galar, M|
|poke|p1|Great Tusk|
|poke|p1|Kyurem|
|poke|p1|Darkrai|
|poke|p1|Hoopa-Unbound|
|poke|p1|Zapdos|
|poke|p2|Kommo-o, M|
|poke|p2|Sinistcha-Masterpiece|
|poke|p2|Ninetales-Alola, F|
|poke|p2|Heatran, M|
|poke|p2|Maushold-Four|
|poke|p2|Ogerpon-Wellspring, F|
|teampreview
|
|t:|1779692435
|teamsize|p1|6
|teamsize|p2|6
|start
|switch|p1a: Slowking|Slowking-Galar, M|100/100
|switch|p2a: Maushold|Maushold-Four|100/100
|turn|1
|
|t:|1779692440
|move|p2a: Maushold|Switcheroo|p1a: Slowking
|-activate|p2a: Maushold|move: Trick|[of] p1a: Slowking
|-item|p1a: Slowking|Choice Scarf|[from] move: Switcheroo
|-item|p2a: Maushold|Colbur Berry|[from] move: Switcheroo
|move|p1a: Slowking|Thunder Wave|p2a: Maushold
|-status|p2a: Maushold|par
|
|upkeep
|turn|2
|
|t:|1779692454
|switch|p1a: Zapdos|Zapdos, shiny|100/100
|move|p2a: Maushold|Population Bomb|p1a: Zapdos
|-damage|p1a: Zapdos|92/100
|-crit|p1a: Zapdos
|-damage|p1a: Zapdos|79/100
|-damage|p1a: Zapdos|70/100
|-damage|p1a: Zapdos|63/100
|-damage|p1a: Zapdos|54/100
|-damage|p1a: Zapdos|46/100
|-crit|p1a: Zapdos
|-damage|p1a: Zapdos|32/100
|-damage|p1a: Zapdos|25/100
|-damage|p1a: Zapdos|17/100
|-crit|p1a: Zapdos
|-damage|p1a: Zapdos|4/100
|-hitcount|p1a: Zapdos|10
|
|upkeep
|turn|3
|
|t:|1779692459
|move|p1a: Zapdos|Volt Switch|p2a: Maushold
|-damage|p2a: Maushold|60/100 par
|
|t:|1779692465
|switch|p1a: Great Tusk|Great Tusk|100/100|[from] Volt Switch
|cant|p2a: Maushold|par
|
|upkeep
|turn|4
|
|t:|1779692471
|move|p1a: Great Tusk|Headlong Rush|p2a: Maushold
|-damage|p2a: Maushold|0 fnt
|-unboost|p1a: Great Tusk|def|1
|-unboost|p1a: Great Tusk|spd|1
|faint|p2a: Maushold
|
|upkeep
|
|t:|1779692475
|switch|p2a: Ogerpon|Ogerpon-Wellspring, F|100/100
|turn|5
|
|t:|1779692479
|-end|p1a: Great Tusk|Protosynthesis|[silent]
|switch|p1a: Slowking|Slowking-Galar, M|100/100
|move|p2a: Ogerpon|Ivy Cudgel|p1a: Slowking|[anim] Ivy Cudgel Water
|-damage|p1a: Slowking|42/100
|
|upkeep
|turn|6
|
|t:|1779692488
|switch|p1a: Zapdos|Zapdos, shiny|4/100
|move|p2a: Ogerpon|Ivy Cudgel|p1a: Zapdos|[anim] Ivy Cudgel Water
|-damage|p1a: Zapdos|0 fnt
|faint|p1a: Zapdos
|
|upkeep
|
|t:|1779692491
|switch|p1a: Darkrai|Darkrai|100/100
|turn|7
|
|t:|1779692493
|switch|p2a: Heatran|Heatran, M|100/100
|move|p1a: Darkrai|Thunder Wave|p2a: Heatran
|-status|p2a: Heatran|par
|
|upkeep
|turn|8
|
|t:|1779692497
|switch|p1a: Hoopa|Hoopa-Unbound|100/100
|cant|p2a: Heatran|par
|
|upkeep
|turn|9
|
|t:|1779692507
|move|p1a: Hoopa|Hyperspace Fury|p2a: Heatran
|-damage|p2a: Heatran|44/100 par
|-unboost|p1a: Hoopa|def|1
|cant|p2a: Heatran|par
|
|-heal|p2a: Heatran|50/100 par|[from] item: Leftovers
|upkeep
|turn|10
|
|t:|1779692511
|switch|p2a: Ninetales|Ninetales-Alola, F|100/100
|-weather|Snowscape|[from] ability: Snow Warning|[of] p2a: Ninetales
|move|p1a: Hoopa|Hyperspace Fury|p2a: Ninetales
|-resisted|p2a: Ninetales
|-damage|p2a: Ninetales|65/100
|-unboost|p1a: Hoopa|def|1
|
|-weather|Snowscape|[upkeep]
|upkeep
|turn|11
|
|t:|1779692528
|switch|p1a: Slowking|Slowking-Galar, M|76/100
|move|p2a: Ninetales|Aurora Veil|p2a: Ninetales
|-sidestart|p2: DarkG99|move: Aurora Veil
|
|-weather|Snowscape|[upkeep]
|upkeep
|turn|12
|
|t:|1779692533
|switch|p2a: Heatran|Heatran, M|50/100 par
|-prepare|p1a: Slowking|Chilly Reception|[premajor]
|move|p1a: Slowking|Chilly Reception|p1a: Slowking
|
|t:|1779692537
|switch|p1a: Great Tusk|Great Tusk|100/100|[from] Chilly Reception
|
|-weather|Snowscape|[upkeep]
|-heal|p2a: Heatran|56/100 par|[from] item: Leftovers
|upkeep
|turn|13
|
|t:|1779692540
|-end|p1a: Great Tusk|Protosynthesis|[silent]
|switch|p1a: Hoopa|Hoopa-Unbound|100/100
|move|p2a: Heatran|Will-O-Wisp|p1a: Hoopa|[miss]
|-miss|p2a: Heatran|p1a: Hoopa
|
|-weather|Snowscape|[upkeep]
|-heal|p2a: Heatran|62/100 par|[from] item: Leftovers
|upkeep
|turn|14
|
|t:|1779692549
|move|p1a: Hoopa|Hyperspace Fury|p2a: Heatran
|-damage|p2a: Heatran|35/100 par
|-unboost|p1a: Hoopa|def|1
|move|p2a: Heatran|Will-O-Wisp|p1a: Hoopa
|-status|p1a: Hoopa|brn
|
|-weather|none
|-heal|p2a: Heatran|41/100 par|[from] item: Leftovers
|-damage|p1a: Hoopa|95/100 brn|[from] brn
|upkeep
|turn|15
|
|t:|1779692552
|move|p1a: Hoopa|Hyperspace Fury|p2a: Heatran
|-damage|p2a: Heatran|28/100 par
|-unboost|p1a: Hoopa|def|1
|cant|p2a: Heatran|par
|
|-heal|p2a: Heatran|34/100 par|[from] item: Leftovers
|-damage|p1a: Hoopa|89/100 brn|[from] brn
|upkeep
|turn|16
|
|t:|1779692555
|move|p1a: Hoopa|Drain Punch|p2a: Heatran
|-supereffective|p2a: Heatran
|-damage|p2a: Heatran|20/100 par
|-heal|p1a: Hoopa|98/100 brn|[from] drain|[of] p2a: Heatran
|move|p2a: Heatran|Stealth Rock|p1a: Hoopa
|-sidestart|p1: yoki|move: Stealth Rock
|
|-heal|p2a: Heatran|26/100 par|[from] item: Leftovers
|-damage|p1a: Hoopa|92/100 brn|[from] brn
|upkeep
|turn|17
|
|t:|1779692561
|switch|p2a: Ogerpon|Ogerpon-Wellspring, F|100/100
|move|p1a: Hoopa|Hyperspace Fury|p2a: Ogerpon
|-damage|p2a: Ogerpon|77/100
|-unboost|p1a: Hoopa|def|1
|
|-damage|p1a: Hoopa|86/100 brn|[from] brn
|upkeep
|turn|18
|
|t:|1779692570
|switch|p1a: Slowking|Slowking-Galar, M|100/100
|-damage|p1a: Slowking|88/100|[from] Stealth Rock
|move|p2a: Ogerpon|Ivy Cudgel|p1a: Slowking|[anim] Ivy Cudgel Water
|-damage|p1a: Slowking|26/100
|
|-sideend|p2: DarkG99|move: Aurora Veil
|upkeep
|turn|19
|
|t:|1779692583
|move|p2a: Ogerpon|Ivy Cudgel|p1a: Slowking|[anim] Ivy Cudgel Water
|-crit|p1a: Slowking
|-damage|p1a: Slowking|0 fnt
|faint|p1a: Slowking
|
|upkeep
|
|t:|1779692585
|switch|p1a: Darkrai|Darkrai|100/100
|turn|20
|
|t:|1779692590
|switch|p2a: Heatran|Heatran, M|26/100 par
|move|p1a: Darkrai|Thunder Wave|p2a: Heatran
|-fail|p2a: Heatran|par
|
|-heal|p2a: Heatran|32/100 par|[from] item: Leftovers
|upkeep
|turn|21
|
|t:|1779692598
|move|p1a: Darkrai|Dark Pulse|p2a: Heatran
|-damage|p2a: Heatran|8/100 par
|cant|p2a: Heatran|flinch
|
|-heal|p2a: Heatran|14/100 par|[from] item: Leftovers
|upkeep
|turn|22
|
|t:|1779692604
|move|p1a: Darkrai|Dark Pulse|p2a: Heatran
|-damage|p2a: Heatran|0 fnt
|faint|p2a: Heatran
|
|upkeep
|
|t:|1779692638
|switch|p2a: Kommo-o|Kommo-o, M|100/100
|turn|23
|
|t:|1779692665
|move|p1a: Darkrai|Thunder Wave|p2a: Kommo-o
|-status|p2a: Kommo-o|par
|move|p2a: Kommo-o|Clangorous Soul|p2a: Kommo-o
|-boost|p2a: Kommo-o|atk|1
|-boost|p2a: Kommo-o|def|1
|-boost|p2a: Kommo-o|spa|1
|-boost|p2a: Kommo-o|spd|1
|-boost|p2a: Kommo-o|spe|1
|-damage|p2a: Kommo-o|68/100 par
|
|upkeep
|turn|24
|
|t:|1779692672
|switch|p1a: Hoopa|Hoopa-Unbound|86/100 brn
|-damage|p1a: Hoopa|74/100 brn|[from] Stealth Rock
|cant|p2a: Kommo-o|par
|
|-damage|p1a: Hoopa|68/100 brn|[from] brn
|upkeep
|turn|25
|
|t:|1779692682
|move|p1a: Hoopa|Psychic Noise|p2a: Kommo-o
|-immune|p2a: Kommo-o|[from] ability: Soundproof
|move|p2a: Kommo-o|Drain Punch|p1a: Hoopa
|-damage|p1a: Hoopa|0 fnt
|-heal|p2a: Kommo-o|100/100 par|[from] drain|[of] p1a: Hoopa
|faint|p1a: Hoopa
|
|upkeep
|
|t:|1779692693
|switch|p1a: Kyurem|Kyurem|100/100
|-damage|p1a: Kyurem|76/100|[from] Stealth Rock
|-ability|p1a: Kyurem|Pressure
|turn|26
|
|t:|1779692703
|-terastallize|p1a: Kyurem|Ice
|-terastallize|p2a: Kommo-o|Normal
|move|p1a: Kyurem|Ice Beam|p2a: Kommo-o
|-damage|p2a: Kommo-o|15/100 par
|-enditem|p2a: Kommo-o|Sitrus Berry|[eat]
|-heal|p2a: Kommo-o|40/100 par|[from] item: Sitrus Berry
|move|p2a: Kommo-o|Boomburst|p1a: Kyurem
|-damage|p1a: Kyurem|0 fnt
|faint|p1a: Kyurem
|
|upkeep
|
|t:|1779692744
|switch|p1a: Great Tusk|Great Tusk|100/100
|turn|27
|
|t:|1779692748
|move|p1a: Great Tusk|Close Combat|p2a: Kommo-o
|-supereffective|p2a: Kommo-o
|-damage|p2a: Kommo-o|0 fnt
|-unboost|p1a: Great Tusk|def|1
|-unboost|p1a: Great Tusk|spd|1
|faint|p2a: Kommo-o
|
|upkeep
|
|t:|1779692751
|switch|p2a: Ogerpon|Ogerpon-Wellspring, F|77/100
|turn|28
|
|t:|1779692777
|move|p2a: Ogerpon|Ivy Cudgel|p1a: Great Tusk|[anim] Ivy Cudgel Water
|-supereffective|p1a: Great Tusk
|-damage|p1a: Great Tusk|0 fnt
|faint|p1a: Great Tusk
|-end|p1a: Great Tusk|Protosynthesis|[silent]
|
|upkeep
|
|t:|1779692779
|switch|p1a: Darkrai|Darkrai|100/100
|turn|29
|
|t:|1779692817
|move|p1a: Darkrai|Sludge Bomb|p2a: Ogerpon
|-supereffective|p2a: Ogerpon
|-damage|p2a: Ogerpon|1/100
|move|p2a: Ogerpon|Trailblaze|p1a: Darkrai
|-damage|p1a: Darkrai|62/100
|-boost|p2a: Ogerpon|spe|1
|
|upkeep
|turn|30
|
|t:|1779692838
|move|p2a: Ogerpon|Ivy Cudgel|p1a: Darkrai|[anim] Ivy Cudgel Water
|-damage|p1a: Darkrai|0 fnt
|faint|p1a: Darkrai
|
|win|DarkG99
|raw|yoki's rating: 1515 &rarr; <strong>1492</strong><br />(-23 for losing)
|raw|DarkG99's rating: 1465 &rarr; <strong>1488</strong><br />(+23 for winning)
|l|☆yoki
|player|p1|
|l|☆DarkG99
|player|p2|
