|j|☆tommytt22
|j|☆stevstacks
|t:|1779699282
|gametype|singles
|player|p1|tommytt22|shadowtriad|1565
|player|p2|stevstacks|266|1630
|gen|9
|tier|[Gen 9] OU
|rated|
|rule|HP Percentage Mod: HP is shown in percentages
|rule|Endless Battle Clause: Forcing endless battles is banned
|rule|Species Clause: Limit one of each Pokémon
|rule|OHKO Clause: OHKO moves are banned
|rule|Evasion Items Clause: Evasion items are banned
|rule|Evasion Moves Clause: Evasion moves are banned
|rule|Evasion Abilities Clause: Evasion abilities are banned
|rule|Sleep Moves Clause: Sleep-inducing moves are banned
|clearpoke
|poke|p1|Pelipper, F|
|poke|p1|Poliwrath, F|
|poke|p1|Ogerpon-Wellspring, F|
|poke|p1|Iron Treads|
|poke|p1|Bronzong|
|poke|p1|Zamazenta-*|
|poke|p2|Torkoal, M|
|poke|p2|Corviknight, M|
|poke|p2|Walking Wake|
|poke|p2|Dragonite, F|
|poke|p2|Great Tusk|
|poke|p2|Zamazenta-*|
|teampreview
|inactive|Battle timer is ON: inactive players will automatically lose when time's up. (requested by tommytt22)
|inactive|stevstacks has 120 seconds left.
|inactive|stevstacks has 90 seconds left.
|
|t:|1779699370
|teamsize|p1|6
|teamsize|p2|6
|start
|switch|p1a: Ogerpon|Ogerpon-Wellspring, F|100/100
|switch|p2a: Torkoal|Torkoal, M, shiny|100/100
|-weather|SunnyDay|[from] ability: Drought|[of] p2a: Torkoal
|turn|1
|inactive|stevstacks has 120 seconds left.
|j| bhybhdd
|
|t:|1779699422
|move|p1a: Ogerpon|U-turn|p2a: Torkoal
|-resisted|p2a: Torkoal
|-damage|p2a: Torkoal|91/100
|
|t:|1779699430
|switch|p1a: Pelipper|Pelipper, F|100/100|[from] U-turn
|-weather|RainDance|[from] ability: Drizzle|[of] p1a: Pelipper
|move|p2a: Torkoal|Will-O-Wisp|p1a: Pelipper
|-status|p1a: Pelipper|brn
|
|-weather|RainDance|[upkeep]
|-damage|p1a: Pelipper|94/100 brn|[from] brn
|upkeep
|turn|2
|inactive|tommytt22 has 120 seconds left.
|inactive|stevstacks has 90 seconds left.
|
|t:|1779699455
|move|p1a: Pelipper|U-turn|p2a: Torkoal
|-resisted|p2a: Torkoal
|-damage|p2a: Torkoal|89/100
|
|t:|1779699460
|switch|p1a: Bronzong|Bronzong|100/100|[from] U-turn
|move|p2a: Torkoal|Stealth Rock|p1a: Bronzong
|-sidestart|p1: tommytt22|move: Stealth Rock
|
|-weather|RainDance|[upkeep]
|upkeep
|turn|3
|
|t:|1779699464
|switch|p2a: Corviknight|Corviknight, M, shiny|100/100
|-ability|p2a: Corviknight|Pressure
|move|p1a: Bronzong|Stealth Rock|p2a: Corviknight
|-sidestart|p2: stevstacks|move: Stealth Rock
|
|-weather|RainDance|[upkeep]
|upkeep
|turn|4
|
|t:|1779699472
|move|p2a: Corviknight|U-turn|p1a: Bronzong
|-damage|p1a: Bronzong|90/100
|
|t:|1779699474
|switch|p2a: Torkoal|Torkoal, M, shiny|89/100|[from] U-turn
|-damage|p2a: Torkoal|65/100|[from] Stealth Rock
|-weather|SunnyDay|[from] ability: Drought|[of] p2a: Torkoal
|move|p1a: Bronzong|Psychic Noise|p2a: Torkoal
|-damage|p2a: Torkoal|47/100
|-start|p2a: Torkoal|move: Heal Block
|
|-weather|SunnyDay|[upkeep]
|-heal|p1a: Bronzong|97/100|[from] item: Leftovers
|upkeep
|turn|5
|
|t:|1779699479
|switch|p2a: Walking Wake|Walking Wake|100/100
|-damage|p2a: Walking Wake|88/100|[from] Stealth Rock
|-activate|p2a: Walking Wake|ability: Protosynthesis
|-start|p2a: Walking Wake|protosynthesisspe
|switch|p1a: Pelipper|Pelipper, F|94/100 brn
|-damage|p1a: Pelipper|69/100 brn|[from] Stealth Rock
|-weather|RainDance|[from] ability: Drizzle|[of] p1a: Pelipper
|-end|p2a: Walking Wake|Protosynthesis
|
|-weather|RainDance|[upkeep]
|-damage|p1a: Pelipper|63/100 brn|[from] brn
|upkeep
|turn|6
|
|t:|1779699488
|switch|p1a: Bronzong|Bronzong|97/100
|-damage|p1a: Bronzong|90/100|[from] Stealth Rock
|move|p2a: Walking Wake|Hydro Steam|p1a: Bronzong
|-damage|p1a: Bronzong|27/100
|
|-weather|RainDance|[upkeep]
|-heal|p1a: Bronzong|33/100|[from] item: Leftovers
|upkeep
|turn|7
|
|t:|1779699516
|switch|p1a: Ogerpon|Ogerpon-Wellspring, F|100/100
|-damage|p1a: Ogerpon|88/100|[from] Stealth Rock
|move|p2a: Walking Wake|Hydro Steam|p1a: Ogerpon
|-heal|p1a: Ogerpon|100/100|[from] ability: Water Absorb|[of] p2a: Walking Wake
|
|-weather|RainDance|[upkeep]
|upkeep
|turn|8
|inactive|tommytt22 has 120 seconds left.
|l| bhybhdd
|inactive|tommytt22 has 90 seconds left.
|
|t:|1779699599
|-end|p2a: Walking Wake|Protosynthesis|[silent]
|switch|p2a: Corviknight|Corviknight, M, shiny|100/100
|-damage|p2a: Corviknight|88/100|[from] Stealth Rock
|-ability|p2a: Corviknight|Pressure
|move|p1a: Ogerpon|Ivy Cudgel|p2a: Corviknight|[anim] Ivy Cudgel Water
|-damage|p2a: Corviknight|13/100
|
|-weather|RainDance|[upkeep]
|-heal|p2a: Corviknight|19/100|[from] item: Leftovers
|upkeep
|turn|9
|inactive|stevstacks has 120 seconds left.
|inactive|stevstacks has 90 seconds left.
|inactive|stevstacks has 60 seconds left.
|
|t:|1779699688
|move|p1a: Ogerpon|Ivy Cudgel|p2a: Corviknight|[anim] Ivy Cudgel Water
|-damage|p2a: Corviknight|0 fnt
|faint|p2a: Corviknight
|
|-weather|RainDance|[upkeep]
|upkeep
|
|t:|1779699691
|switch|p2a: Zamazenta|Zamazenta, shiny|100/100
|-damage|p2a: Zamazenta|94/100|[from] Stealth Rock
|-ability|p2a: Zamazenta|Dauntless Shield|boost
|-boost|p2a: Zamazenta|def|1
|turn|10
|inactive|tommytt22 has 60 seconds left.
|
|t:|1779699750
|move|p2a: Zamazenta|Iron Defense|p2a: Zamazenta
|-boost|p2a: Zamazenta|def|2
|move|p1a: Ogerpon|Ivy Cudgel|p2a: Zamazenta|[anim] Ivy Cudgel Water
|-crit|p2a: Zamazenta
|-damage|p2a: Zamazenta|0 fnt
|faint|p2a: Zamazenta
|
|-weather|RainDance|[upkeep]
|upkeep
|j| foxi4
|inactive|stevstacks has 60 seconds left.
|l|☆stevstacks
|inactive|stevstacks disconnected and has a minute to reconnect!
|player|p2|
|inactive|stevstacks has 30 seconds to reconnect!
|inactive|stevstacks has 20 seconds to reconnect!
|j|☆stevstacks
|inactive|stevstacks reconnected and has 20 seconds left.
|player|p2|stevstacks|266|
|inactive|stevstacks has 15 seconds left.
|-message|stevstacks forfeited.
|
|win|tommytt22
|raw|tommytt22's rating: 1565 &rarr; <strong>1590</strong><br />(+25 for winning)
|raw|stevstacks's rating: 1645 &rarr; <strong>1620</strong><br />(-25 for losing)
|l|☆stevstacks
|player|p2|
|l|☆tommytt22
|player|p1|
