|j|‽leifohman
|j|☆ghostoftheranch
|t:|1779653163
|gametype|singles
|player|p1|leifohman|2|1595
|player|p2|ghostoftheranch|medium|1611
|gen|9
|tier|[Gen 9] OU
|rated|
|rule|HP Percentage Mod: HP is shown in percentages
|rule|Endless Battle Clause: Forcing endless battles is banned
|rule|Species Clause: Limit one of each Pokémon
|rule|OHKO Clause: OHKO moves are banned
|rule|Evasion Items Clause: Evasion items are banned
|rule|Evasion Moves Clause: Evasion moves are banned
|rule|Evasion Abilities Clause: Evasion abilities are banned
|rule|Sleep Moves Clause: Sleep-inducing moves are banned
|clearpoke
|poke|p1|Porygon2|
|poke|p1|Dragapult, F|
|poke|p1|Deoxys-Speed|
|poke|p1|Cinderace, M|
|poke|p1|Donphan, M|
|poke|p1|Gardevoir, F|
|poke|p2|Cramorant, M|
|poke|p2|Gallade, M|
|poke|p2|Kingambit, F|
|poke|p2|Iron Moth|
|poke|p2|Enamorus, F|
|poke|p2|Ogerpon-Cornerstone, F|
|teampreview
|inactive|Battle timer is ON: inactive players will automatically lose when time's up. (requested by leifohman)
|
|t:|1779653172
|teamsize|p1|6
|teamsize|p2|6
|start
|switch|p1a: Dragapult|Dragapult, F, shiny|100/100
|switch|p2a: Cramorant|Cramorant, M|100/100
|turn|1
|
|t:|1779653177
|move|p1a: Dragapult|Draco Meteor|p2a: Cramorant
|-enditem|p2a: Cramorant|Focus Sash
|-damage|p2a: Cramorant|1/100
|-unboost|p1a: Dragapult|spa|2
|move|p2a: Cramorant|Tailwind|p2a: Cramorant
|-sidestart|p2: ghostoftheranch|move: Tailwind
|
|upkeep
|turn|2
|
|t:|1779653185
|move|p2a: Cramorant|Surf|p1a: Dragapult
|-formechange|p2a: Cramorant|Cramorant-Gorging|
|-resisted|p1a: Dragapult
|-damage|p1a: Dragapult|76/100
|move|p1a: Dragapult|Draco Meteor|p2a: Cramorant
|-damage|p2a: Cramorant|0 fnt
|-unboost|p1a: Dragapult|spa|2
|-damage|p1a: Dragapult|51/100|[from] ability: Gulp Missile|[of] p2a: Cramorant
|-status|p1a: Dragapult|par
|-formechange|p2a: Cramorant|Cramorant|
|faint|p2a: Cramorant
|
|upkeep
|inactive|ghostoftheranch has 120 seconds left.
|
|t:|1779653216
|switch|p2a: Iron Moth|Iron Moth|100/100
|-enditem|p2a: Iron Moth|Booster Energy
|-activate|p2a: Iron Moth|ability: Quark Drive|[fromitem]
|-start|p2a: Iron Moth|quarkdrivespe
|turn|3
|inactive|leifohman has 120 seconds left.
|
|t:|1779653252
|switch|p1a: Porygon2|Porygon2, shiny|100/100
|move|p2a: Iron Moth|Dazzling Gleam|p1a: Porygon2
|-damage|p1a: Porygon2|87/100
|
|upkeep
|turn|4
|
|t:|1779653266
|move|p2a: Iron Moth|Fiery Dance|p1a: Porygon2
|-damage|p1a: Porygon2|67/100
|move|p1a: Porygon2|Tri Attack|p2a: Iron Moth
|-crit|p2a: Iron Moth
|-damage|p2a: Iron Moth|58/100
|
|-sideend|p2: ghostoftheranch|move: Tailwind
|upkeep
|turn|5
|
|t:|1779653277
|move|p2a: Iron Moth|Fiery Dance|p1a: Porygon2
|-damage|p1a: Porygon2|50/100
|-boost|p2a: Iron Moth|spa|1
|move|p1a: Porygon2|Tri Attack|p2a: Iron Moth
|-damage|p2a: Iron Moth|32/100
|
|upkeep
|turn|6
|
|t:|1779653294
|move|p2a: Iron Moth|Fiery Dance|p1a: Porygon2
|-damage|p1a: Porygon2|23/100
|move|p1a: Porygon2|Recover|p1a: Porygon2
|-heal|p1a: Porygon2|73/100
|
|upkeep
|turn|7
|
|t:|1779653302
|move|p2a: Iron Moth|Fiery Dance|p1a: Porygon2
|-damage|p1a: Porygon2|48/100
|move|p1a: Porygon2|Tri Attack|p2a: Iron Moth
|-damage|p2a: Iron Moth|5/100
|
|upkeep
|turn|8
|
|t:|1779653308
|move|p2a: Iron Moth|Sludge Wave|p1a: Porygon2
|-damage|p1a: Porygon2|13/100
|move|p1a: Porygon2|Recover|p1a: Porygon2
|-heal|p1a: Porygon2|63/100
|
|upkeep
|turn|9
|
|t:|1779653315
|move|p2a: Iron Moth|Sludge Wave|p1a: Porygon2
|-damage|p1a: Porygon2|31/100
|move|p1a: Porygon2|Tri Attack|p2a: Iron Moth
|-damage|p2a: Iron Moth|0 fnt
|faint|p2a: Iron Moth
|-end|p2a: Iron Moth|Quark Drive|[silent]
|
|upkeep
|
|t:|1779653327
|switch|p2a: Gallade|Gallade, M|100/100
|-ability|p1a: Porygon2|Sharpness|Trace|[from] ability: Trace|[of] p2a: Gallade
|turn|10
|
|t:|1779653339
|switch|p1a: Gardevoir|Gardevoir, F, shiny|100/100
|-ability|p1a: Gardevoir|Sharpness|Trace|[from] ability: Trace|[of] p2a: Gallade
|move|p2a: Gallade|Sacred Sword|p1a: Gardevoir
|-resisted|p1a: Gardevoir
|-damage|p1a: Gardevoir|71/100
|
|upkeep
|turn|11
|
|t:|1779653351
|move|p1a: Gardevoir|Moonblast|p2a: Gallade
|-supereffective|p2a: Gallade
|-enditem|p2a: Gallade|Focus Sash
|-damage|p2a: Gallade|1/100
|move|p2a: Gallade|Swords Dance|p2a: Gallade
|-boost|p2a: Gallade|atk|2
|
|upkeep
|turn|12
|
|t:|1779653356
|move|p2a: Gallade|Shadow Sneak|p1a: Gardevoir
|-supereffective|p1a: Gardevoir
|-damage|p1a: Gardevoir|0 fnt
|faint|p1a: Gardevoir
|
|upkeep
|
|t:|1779653364
|switch|p1a: Donphan|Donphan, M, shiny|100/100
|turn|13
|
|t:|1779653369
|move|p1a: Donphan|Ice Shard|p2a: Gallade
|-crit|p2a: Gallade
|-damage|p2a: Gallade|0 fnt
|faint|p2a: Gallade
|
|upkeep
|
|t:|1779653378
|switch|p2a: Ogerpon|Ogerpon-Cornerstone, F|100/100
|turn|14
|
|t:|1779653387
|move|p2a: Ogerpon|Trailblaze|p1a: Donphan
|-supereffective|p1a: Donphan
|-damage|p1a: Donphan|58/100
|-boost|p2a: Ogerpon|spe|1
|move|p1a: Donphan|Ice Spinner|p2a: Ogerpon
|-supereffective|p2a: Ogerpon
|-damage|p2a: Ogerpon|23/100
|
|upkeep
|turn|15
|
|t:|1779653405
|switch|p2a: Kingambit|Kingambit, F|100/100
|-activate|p2a: Kingambit|ability: Supreme Overlord
|-start|p2a: Kingambit|fallen3|[silent]
|move|p1a: Donphan|Ice Shard|p2a: Kingambit
|-resisted|p2a: Kingambit
|-damage|p2a: Kingambit|94/100
|
|upkeep
|turn|16
|
|t:|1779653420
|move|p2a: Kingambit|Low Kick|p1a: Donphan
|-damage|p1a: Donphan|9/100
|-damage|p2a: Kingambit|84/100|[from] item: Life Orb
|move|p1a: Donphan|Earthquake|p2a: Kingambit
|-supereffective|p2a: Kingambit
|-damage|p2a: Kingambit|0 fnt
|faint|p2a: Kingambit
|-end|p2a: Kingambit|fallen3|[silent]
|
|upkeep
|
|t:|1779653426
|switch|p2a: Enamorus|Enamorus, F|100/100
|turn|17
|
|t:|1779653434
|move|p1a: Donphan|Ice Shard|p2a: Enamorus
|-supereffective|p2a: Enamorus
|-damage|p2a: Enamorus|49/100
|move|p2a: Enamorus|Superpower|p1a: Donphan
|-damage|p1a: Donphan|0 fnt
|-boost|p2a: Enamorus|atk|1
|-boost|p2a: Enamorus|def|1
|faint|p1a: Donphan
|
|upkeep
|
|t:|1779653442
|switch|p1a: Deoxys|Deoxys-Speed, shiny|100/100
|-ability|p1a: Deoxys|Pressure
|turn|18
|
|t:|1779653453
|move|p1a: Deoxys|Ice Beam|p2a: Enamorus
|-supereffective|p2a: Enamorus
|-damage|p2a: Enamorus|0 fnt
|faint|p2a: Enamorus
|-damage|p1a: Deoxys|91/100|[from] item: Life Orb
|
|upkeep
|
|t:|1779653457
|switch|p2a: Ogerpon|Ogerpon-Cornerstone, F|23/100
|turn|19
|
|t:|1779653464
|-terastallize|p2a: Ogerpon|Rock
|detailschange|p2a: Ogerpon|Ogerpon-Cornerstone-Tera, F, tera:Rock
|-ability|p2a: Ogerpon|Embody Aspect (Cornerstone)|boost
|-boost|p2a: Ogerpon|def|1
|move|p1a: Deoxys|Ice Beam|p2a: Ogerpon
|-damage|p2a: Ogerpon|0 fnt
|faint|p2a: Ogerpon
|detailschange|p2: Ogerpon|Ogerpon-Cornerstone, F|[silent]
|-damage|p1a: Deoxys|81/100|[from] item: Life Orb
|
|win|leifohman
|raw|leifohman's rating: 1595 &rarr; <strong>1616</strong><br />(+21 for winning)
|raw|ghostoftheranch's rating: 1611 &rarr; <strong>1590</strong><br />(-21 for losing)
|l|☆ghostoftheranch
|player|p2|
|l|‽leifohman
|player|p1|
