|j|☆mrmonk123
|j|☆overheat xyz
|t:|1779722067
|gametype|singles
|player|p1|mrmonk123|harlequin|1596
|player|p2|overheat xyz|169|1657
|gen|9
|tier|[Gen 9] OU
|rated|
|rule|HP Percentage Mod: HP is shown in percentages
|rule|Endless Battle Clause: Forcing endless battles is banned
|rule|Species Clause: Limit one of each Pokémon
|rule|OHKO Clause: OHKO moves are banned
|rule|Evasion Items Clause: Evasion items are banned
|rule|Evasion Moves Clause: Evasion moves are banned
|rule|Evasion Abilities Clause: Evasion abilities are banned
|rule|Sleep Moves Clause: Sleep-inducing moves are banned
|clearpoke
|poke|p1|Slowking-Galar, F|
|poke|p1|Great Tusk|
|poke|p1|Zarude|
|poke|p1|Cinderace, M|
|poke|p1|Skarmory, M|
|poke|p1|Sylveon, M|
|poke|p2|Dragapult, F|
|poke|p2|Garganacl, M|
|poke|p2|Rillaboom, M|
|poke|p2|Slowking-Galar, F|
|poke|p2|Kingambit, M|
|poke|p2|Corviknight, M|
|teampreview
|inactive|Battle timer is ON: inactive players will automatically lose when time's up. (requested by overheat xyz)
|j| Supa Dupa Hoopa
|
|t:|1779722096
|teamsize|p1|6
|teamsize|p2|6
|start
|switch|p1a: Sylveon|Sylveon, M|100/100
|switch|p2a: Dragapult|Dragapult, F|100/100
|turn|1
|j| hattybatty304
|
|t:|1779722102
|move|p2a: Dragapult|U-turn|p1a: Sylveon
|-resisted|p1a: Sylveon
|-damage|p1a: Sylveon|91/100
|
|t:|1779722110
|switch|p2a: Slowking|Slowking-Galar, F|100/100|[from] U-turn
|move|p1a: Sylveon|Hyper Voice|p2a: Slowking
|-resisted|p2a: Slowking
|-damage|p2a: Slowking|89/100
|
|-heal|p1a: Sylveon|97/100|[from] item: Leftovers
|upkeep
|turn|2
|l| Supa Dupa Hoopa
|inactive|overheat xyz has 120 seconds left.
|
|t:|1779722158
|switch|p1a: Slowking|Slowking-Galar, F|100/100
|move|p2a: Slowking|Future Sight|p1a: Slowking
|-start|p2a: Slowking|move: Future Sight
|
|upkeep
|turn|3
|
|t:|1779722163
|move|p2a: Slowking|Psychic Noise|p1a: Slowking
|-crit|p1a: Slowking
|-damage|p1a: Slowking|65/100
|-start|p1a: Slowking|move: Heal Block
|move|p1a: Slowking|Future Sight|p2a: Slowking
|-start|p1a: Slowking|move: Future Sight
|
|upkeep
|turn|4
|inactive|overheat xyz has 120 seconds left.
|
|t:|1779722173
|move|p2a: Slowking|Sludge Bomb|p1a: Slowking
|-resisted|p1a: Slowking
|-damage|p1a: Slowking|52/100
|move|p1a: Slowking|Thunder Wave|p2a: Slowking
|-status|p2a: Slowking|par
|
|-end|p1a: Slowking|move: Future Sight
|-damage|p1a: Slowking|15/100
|-end|p1a: Slowking|move: Heal Block
|upkeep
|turn|5
|inactive|overheat xyz has 120 seconds left.
|
|t:|1779722187
|switch|p1a: Cinderace|Cinderace, M|100/100
|move|p2a: Slowking|Sludge Bomb|p1a: Cinderace
|-damage|p1a: Cinderace|36/100
|
|-end|p2a: Slowking|move: Future Sight
|-damage|p2a: Slowking|66/100 par
|upkeep
|turn|6
|
|t:|1779722194
|switch|p2a: Garganacl|Garganacl, M|100/100
|move|p1a: Cinderace|U-turn|p2a: Garganacl
|-start|p1a: Cinderace|typechange|Bug|[from] ability: Libero
|-damage|p2a: Garganacl|78/100
|
|t:|1779722197
|switch|p1a: Zarude|Zarude|100/100|[from] U-turn
|
|-heal|p2a: Garganacl|84/100|[from] item: Leftovers
|upkeep
|turn|7
|
|t:|1779722205
|switch|p2a: Corviknight|Corviknight, M|100/100
|-ability|p2a: Corviknight|Pressure
|move|p1a: Zarude|Swords Dance|p1a: Zarude
|-boost|p1a: Zarude|atk|2
|
|upkeep
|turn|8
|
|t:|1779722208
|move|p1a: Zarude|Knock Off|p2a: Corviknight
|-crit|p2a: Corviknight
|-damage|p2a: Corviknight|19/100
|-damage|p1a: Zarude|84/100|[from] item: Rocky Helmet|[of] p2a: Corviknight
|-enditem|p2a: Corviknight|Rocky Helmet|[from] move: Knock Off|[of] p1a: Zarude
|move|p2a: Corviknight|Iron Defense|p2a: Corviknight
|-boost|p2a: Corviknight|def|2
|
|-heal|p1a: Zarude|90/100|[from] item: Leftovers
|upkeep
|turn|9
|
|t:|1779722212
|move|p1a: Zarude|Knock Off|p2a: Corviknight
|-damage|p2a: Corviknight|0 fnt
|faint|p2a: Corviknight
|
|-heal|p1a: Zarude|96/100|[from] item: Leftovers
|upkeep
|
|t:|1779722221
|switch|p2a: Dragapult|Dragapult, F|100/100
|turn|10
|
|t:|1779722225
|switch|p1a: Skarmory|Skarmory, M|100/100
|move|p2a: Dragapult|Fire Blast|p1a: Skarmory
|-supereffective|p1a: Skarmory
|-ability|p1a: Skarmory|Sturdy
|-damage|p1a: Skarmory|1/100
|
|upkeep
|turn|11
|
|t:|1779722230
|switch|p1a: Sylveon|Sylveon, M|97/100
|move|p2a: Dragapult|Fire Blast|p1a: Sylveon
|-damage|p1a: Sylveon|73/100
|-status|p1a: Sylveon|brn
|
|-heal|p1a: Sylveon|79/100 brn|[from] item: Leftovers
|-damage|p1a: Sylveon|73/100 brn|[from] brn
|upkeep
|turn|12
|
|t:|1779722235
|switch|p2a: Rillaboom|Rillaboom, M|100/100
|-fieldstart|move: Grassy Terrain|[from] ability: Grassy Surge|[of] p2a: Rillaboom
|move|p1a: Sylveon|Wish|p1a: Sylveon
|
|-heal|p1a: Sylveon|79/100 brn|[from] Grassy Terrain
|-heal|p1a: Sylveon|85/100 brn|[from] item: Leftovers
|-damage|p1a: Sylveon|79/100 brn|[from] brn
|upkeep
|turn|13
|j| Supa Dupa Hoopa
|
|t:|1779722249
|-terastallize|p2a: Rillaboom|Grass
|move|p1a: Sylveon|Protect|p1a: Sylveon
|-singleturn|p1a: Sylveon|Protect
|move|p2a: Rillaboom|Wood Hammer|p1a: Sylveon
|-activate|p1a: Sylveon|move: Protect
|
|-heal|p1a: Sylveon|100/100 brn|[from] move: Wish|[wisher] Sylveon
|-damage|p1a: Sylveon|94/100 brn|[from] brn
|upkeep
|turn|14
|
|t:|1779722257
|switch|p1a: Skarmory|Skarmory, M|1/100
|move|p2a: Rillaboom|Wood Hammer|p1a: Skarmory
|-resisted|p1a: Skarmory
|-damage|p1a: Skarmory|0 fnt
|-damage|p2a: Rillaboom|84/100|[from] item: Rocky Helmet|[of] p1a: Skarmory
|faint|p1a: Skarmory
|-damage|p2a: Rillaboom|84/100|[from] Recoil
|
|-heal|p2a: Rillaboom|90/100|[from] Grassy Terrain
|upkeep
|
|t:|1779722261
|switch|p1a: Zarude|Zarude|96/100
|turn|15
|
|t:|1779722278
|switch|p2a: Kingambit|Kingambit, M|100/100
|-activate|p2a: Kingambit|ability: Supreme Overlord
|-start|p2a: Kingambit|fallen1|[silent]
|-enditem|p2a: Kingambit|Grassy Seed
|-boost|p2a: Kingambit|def|1|[from] item: Grassy Seed
|move|p1a: Zarude|Knock Off|p2a: Kingambit
|-resisted|p2a: Kingambit
|-damage|p2a: Kingambit|93/100
|
|-heal|p1a: Zarude|100/100|[from] Grassy Terrain
|-heal|p2a: Kingambit|99/100|[from] Grassy Terrain
|upkeep
|turn|16
|
|t:|1779722285
|switch|p1a: Great Tusk|Great Tusk|100/100
|-enditem|p1a: Great Tusk|Booster Energy
|-activate|p1a: Great Tusk|ability: Protosynthesis|[fromitem]
|-start|p1a: Great Tusk|protosynthesisspe
|-end|p2a: Kingambit|fallen1|[silent]
|switch|p2a: Dragapult|Dragapult, F|100/100
|
|-fieldend|move: Grassy Terrain
|upkeep
|turn|17
|j| eternity o2
|
|t:|1779722293
|-end|p1a: Great Tusk|Protosynthesis|[silent]
|switch|p1a: Sylveon|Sylveon, M|94/100 brn
|move|p2a: Dragapult|Draco Meteor|p1a: Sylveon
|-immune|p1a: Sylveon
|
|-heal|p1a: Sylveon|100/100 brn|[from] item: Leftovers
|-damage|p1a: Sylveon|94/100 brn|[from] brn
|upkeep
|turn|18
|
|t:|1779722300
|switch|p2a: Rillaboom|Rillaboom, M, tera:Grass|90/100
|-fieldstart|move: Grassy Terrain|[from] ability: Grassy Surge|[of] p2a: Rillaboom
|move|p1a: Sylveon|Wish|p1a: Sylveon
|
|-heal|p2a: Rillaboom|96/100|[from] Grassy Terrain
|-heal|p1a: Sylveon|100/100 brn|[from] Grassy Terrain
|-damage|p1a: Sylveon|94/100 brn|[from] brn
|upkeep
|turn|19
|
|t:|1779722308
|switch|p1a: Zarude|Zarude|100/100
|move|p2a: Rillaboom|U-turn|p1a: Zarude
|-supereffective|p1a: Zarude
|-damage|p1a: Zarude|0 fnt
|faint|p1a: Zarude
|-message|mrmonk123 forfeited.
|
|win|overheat xyz
|raw|mrmonk123's rating: 1596 &rarr; <strong>1579</strong><br />(-17 for losing)
|raw|overheat xyz's rating: 1657 &rarr; <strong>1674</strong><br />(+17 for winning)
|l|☆mrmonk123
|player|p1|
|l| hattybatty304
|l|☆overheat xyz
|player|p2|
