|j|☆SgtBrick14
|j|☆sigm4
|t:|1779590772
|gametype|singles
|player|p1|SgtBrick14|pokemonranger|1497
|player|p2|sigm4|giovanni|1487
|gen|9
|tier|[Gen 9] OU
|rated|
|rule|HP Percentage Mod: HP is shown in percentages
|rule|Endless Battle Clause: Forcing endless battles is banned
|rule|Species Clause: Limit one of each Pokémon
|rule|OHKO Clause: OHKO moves are banned
|rule|Evasion Items Clause: Evasion items are banned
|rule|Evasion Moves Clause: Evasion moves are banned
|rule|Evasion Abilities Clause: Evasion abilities are banned
|rule|Sleep Moves Clause: Sleep-inducing moves are banned
|clearpoke
|poke|p1|Lucario, F|
|poke|p1|Kingambit, M|
|poke|p1|Ceruledge, F|
|poke|p1|Gengar, F|
|poke|p1|Cloyster, F|
|poke|p1|Froslass, F|
|poke|p2|Raging Bolt|
|poke|p2|Primarina, F|
|poke|p2|Darkrai|
|poke|p2|Ogerpon-Wellspring, F|
|poke|p2|Great Tusk|
|poke|p2|Corviknight, M|
|teampreview
|inactive|Battle timer is ON: inactive players will automatically lose when time's up. (requested by sigm4)
|
|t:|1779590780
|teamsize|p1|6
|teamsize|p2|6
|start
|switch|p1a: Gengar|Gengar, F|100/100
|switch|p2a: Burj Khalifa|Raging Bolt|100/100
|turn|1
|
|t:|1779590783
|move|p1a: Gengar|Sludge Wave|p2a: Burj Khalifa
|-damage|p2a: Burj Khalifa|58/100
|-status|p2a: Burj Khalifa|psn
|move|p2a: Burj Khalifa|Volt Switch|p1a: Gengar
|-crit|p1a: Gengar
|-enditem|p1a: Gengar|Focus Sash
|-damage|p1a: Gengar|1/100
|
|t:|1779590790
|-end|p2a: Burj Khalifa|Protosynthesis|[silent]
|switch|p2a: Overlord|Darkrai|100/100|[from] Volt Switch
|
|upkeep
|turn|2
|
|t:|1779590798
|switch|p1a: Kingambit|Kingambit, M|100/100
|move|p2a: Overlord|Dark Pulse|p1a: Kingambit
|-resisted|p1a: Kingambit
|-damage|p1a: Kingambit|75/100
|-damage|p2a: Overlord|91/100|[from] item: Life Orb
|
|upkeep
|turn|3
|
|t:|1779590801
|switch|p2a: The Great Tusk|Great Tusk|100/100
|move|p1a: Kingambit|Iron Head|p2a: The Great Tusk
|-damage|p2a: The Great Tusk|67/100
|
|upkeep
|turn|4
|
|t:|1779590807
|-end|p1a: Kingambit|fallenundefined|[silent]
|switch|p1a: Froslass|Froslass, F|100/100
|move|p2a: The Great Tusk|Headlong Rush|p1a: Froslass
|-damage|p1a: Froslass|4/100
|-unboost|p2a: The Great Tusk|def|1
|-unboost|p2a: The Great Tusk|spd|1
|
|upkeep
|turn|5
|
|t:|1779590812
|-end|p2a: The Great Tusk|Protosynthesis|[silent]
|switch|p2a: Brenda|Primarina, F|100/100
|move|p1a: Froslass|Taunt|p2a: Brenda
|-start|p2a: Brenda|move: Taunt
|
|upkeep
|turn|6
|
|t:|1779590816
|move|p1a: Froslass|Destiny Bond|p1a: Froslass
|-singlemove|p1a: Froslass|Destiny Bond
|move|p2a: Brenda|Flip Turn|p1a: Froslass
|-damage|p1a: Froslass|0 fnt
|faint|p1a: Froslass
|-activate|p1a: Froslass|move: Destiny Bond
|faint|p2a: Brenda
|
|upkeep
|
|t:|1779590823
|switch|p1a: Gengar|Gengar, F|1/100
|switch|p2a: Burj Khalifa|Raging Bolt|58/100 psn
|turn|7
|
|t:|1779590827
|-end|p2a: Burj Khalifa|Protosynthesis|[silent]
|switch|p2a: Overlord|Darkrai|91/100
|move|p1a: Gengar|Destiny Bond|p1a: Gengar
|-singlemove|p1a: Gengar|Destiny Bond
|
|upkeep
|turn|8
|
|t:|1779590831
|move|p2a: Overlord|Dark Pulse|p1a: Gengar
|-supereffective|p1a: Gengar
|-damage|p1a: Gengar|0 fnt
|-start|p2a: Overlord|Disable|Dark Pulse|[from] ability: Cursed Body|[of] p1a: Gengar
|faint|p1a: Gengar
|-activate|p1a: Gengar|move: Destiny Bond
|faint|p2a: Overlord
|
|upkeep
|
|t:|1779590838
|switch|p2a: Burj Khalifa|Raging Bolt|58/100 psn
|switch|p1a: Ceruledge|Ceruledge, F|100/100
|turn|9
|
|t:|1779590843
|move|p1a: Ceruledge|Destiny Bond|p1a: Ceruledge
|-singlemove|p1a: Ceruledge|Destiny Bond
|move|p2a: Burj Khalifa|Thunderbolt|p1a: Ceruledge
|-damage|p1a: Ceruledge|8/100
|-status|p1a: Ceruledge|par
|
|-damage|p2a: Burj Khalifa|46/100 psn|[from] psn
|upkeep
|turn|10
|
|t:|1779590848
|-end|p2a: Burj Khalifa|Protosynthesis|[silent]
|switch|p2a: Jack|Ogerpon-Wellspring, F|100/100
|switch|p1a: Cloyster|Cloyster, F|100/100
|
|upkeep
|turn|11
|
|t:|1779590853
|move|p2a: Jack|Swords Dance|p2a: Jack
|-boost|p2a: Jack|atk|2
|move|p1a: Cloyster|Shell Smash|p1a: Cloyster
|-unboost|p1a: Cloyster|def|1
|-unboost|p1a: Cloyster|spd|1
|-boost|p1a: Cloyster|atk|2
|-boost|p1a: Cloyster|spa|2
|-boost|p1a: Cloyster|spe|2
|
|upkeep
|turn|12
|
|t:|1779590857
|-terastallize|p1a: Cloyster|Ice
|move|p1a: Cloyster|Icicle Spear|p2a: Jack
|-damage|p2a: Jack|58/100
|-damage|p2a: Jack|17/100
|-damage|p2a: Jack|0 fnt
|faint|p2a: Jack
|-hitcount|p2: Jack|3
|
|upkeep
|
|t:|1779590861
|switch|p2a: Lancelot|Corviknight, M|100/100
|-ability|p2a: Lancelot|Pressure
|turn|13
|
|t:|1779590865
|move|p1a: Cloyster|Icicle Spear|p2a: Lancelot
|-damage|p2a: Lancelot|81/100
|-damage|p2a: Lancelot|62/100
|-damage|p2a: Lancelot|43/100
|-damage|p2a: Lancelot|25/100
|-damage|p2a: Lancelot|6/100
|-hitcount|p2a: Lancelot|5
|move|p2a: Lancelot|Body Press|p1a: Cloyster
|-supereffective|p1a: Cloyster
|-damage|p1a: Cloyster|35/100
|
|upkeep
|turn|14
|
|t:|1779590868
|move|p1a: Cloyster|Icicle Spear|p2a: Lancelot
|-damage|p2a: Lancelot|0 fnt
|faint|p2a: Lancelot
|-hitcount|p2: Lancelot|1
|
|upkeep
|
|t:|1779590870
|switch|p2a: Burj Khalifa|Raging Bolt|46/100 psn
|turn|15
|
|t:|1779590871
|move|p1a: Cloyster|Ice Shard|p2a: Burj Khalifa
|-supereffective|p2a: Burj Khalifa
|-damage|p2a: Burj Khalifa|0 fnt
|faint|p2a: Burj Khalifa
|-end|p2a: Burj Khalifa|Protosynthesis|[silent]
|
|upkeep
|-message|sigm4 forfeited.
|
|win|SgtBrick14
|raw|SgtBrick14's rating: 1497 &rarr; <strong>1516</strong><br />(+19 for winning)
|raw|sigm4's rating: 1487 &rarr; <strong>1468</strong><br />(-19 for losing)
|l|☆SgtBrick14
|player|p1|
|l|☆sigm4
|player|p2|
