|j|☆Gone2Heaven
|j|☆tangrowth1228
|t:|1779690331
|gametype|singles
|player|p1|Gone2Heaven|1|1261
|player|p2|tangrowth1228|depotagent|1275
|gen|9
|tier|[Gen 9] OU
|rated|
|rule|HP Percentage Mod: HP is shown in percentages
|rule|Endless Battle Clause: Forcing endless battles is banned
|rule|Species Clause: Limit one of each Pokémon
|rule|OHKO Clause: OHKO moves are banned
|rule|Evasion Items Clause: Evasion items are banned
|rule|Evasion Moves Clause: Evasion moves are banned
|rule|Evasion Abilities Clause: Evasion abilities are banned
|rule|Sleep Moves Clause: Sleep-inducing moves are banned
|clearpoke
|poke|p1|Dragonite, M|
|poke|p1|Great Tusk|
|poke|p1|Deoxys-Speed|
|poke|p1|Gholdengo|
|poke|p1|Zamazenta-*|
|poke|p1|Iron Valiant|
|poke|p2|Lokix, F|
|poke|p2|Great Tusk|
|poke|p2|Dondozo, M|
|poke|p2|Magnezone|
|poke|p2|Coalossal, F|
|poke|p2|Muk-Alola, F|
|teampreview
|inactive|Battle timer is ON: inactive players will automatically lose when time's up. (requested by Gone2Heaven)
|
|t:|1779690341
|teamsize|p1|6
|teamsize|p2|6
|start
|switch|p1a: Deoxys|Deoxys-Speed|100/100
|switch|p2a: Volvara|Coalossal, F|100/100
|-ability|p1a: Deoxys|Pressure
|turn|1
|
|t:|1779690350
|move|p1a: Deoxys|Taunt|p2a: Volvara
|-start|p2a: Volvara|move: Taunt
|cant|p2a: Volvara|move: Taunt|Stealth Rock
|
|upkeep
|turn|2
|
|t:|1779690359
|move|p1a: Deoxys|Stealth Rock|p2a: Volvara
|-sidestart|p2: tangrowth1228|move: Stealth Rock
|move|p2a: Volvara|Flamethrower|p1a: Deoxys
|-damage|p1a: Deoxys|55/100
|
|upkeep
|turn|3
|
|t:|1779690368
|move|p1a: Deoxys|Spikes|p2a: Volvara
|-sidestart|p2: tangrowth1228|Spikes
|move|p2a: Volvara|Rapid Spin|p1a: Deoxys
|-damage|p1a: Deoxys|45/100
|-boost|p2a: Volvara|spe|1
|-sideend|p2: tangrowth1228|Spikes|[from] move: Rapid Spin|[of] p2a: Volvara
|-sideend|p2: tangrowth1228|Stealth Rock|[from] move: Rapid Spin|[of] p2a: Volvara
|
|-end|p2a: Volvara|move: Taunt
|upkeep
|turn|4
|
|t:|1779690377
|move|p1a: Deoxys|Stealth Rock|p2a: Volvara
|-sidestart|p2: tangrowth1228|move: Stealth Rock
|move|p2a: Volvara|Flamethrower|p1a: Deoxys
|-damage|p1a: Deoxys|0 fnt
|faint|p1a: Deoxys
|
|upkeep
|
|t:|1779690383
|switch|p1a: Great Tusk|Great Tusk|100/100
|-enditem|p1a: Great Tusk|Booster Energy
|-activate|p1a: Great Tusk|ability: Protosynthesis|[fromitem]
|-start|p1a: Great Tusk|protosynthesisspe
|turn|5
|
|t:|1779690395
|switch|p2a: Clyde|Dondozo, M, shiny|100/100
|-damage|p2a: Clyde|88/100|[from] Stealth Rock
|move|p1a: Great Tusk|Headlong Rush|p2a: Clyde
|-damage|p2a: Clyde|56/100
|-unboost|p1a: Great Tusk|def|1
|-unboost|p1a: Great Tusk|spd|1
|
|-heal|p2a: Clyde|62/100|[from] item: Leftovers
|upkeep
|turn|6
|
|t:|1779690409
|move|p1a: Great Tusk|Taunt|p2a: Clyde
|-start|p2a: Clyde|move: Taunt
|move|p2a: Clyde|Waterfall|p1a: Great Tusk
|-supereffective|p1a: Great Tusk
|-damage|p1a: Great Tusk|58/100
|
|-heal|p2a: Clyde|69/100|[from] item: Leftovers
|upkeep
|turn|7
|
|t:|1779690420
|move|p1a: Great Tusk|Bulk Up|p1a: Great Tusk
|-boost|p1a: Great Tusk|atk|1
|-boost|p1a: Great Tusk|def|1
|move|p2a: Clyde|Waterfall|p1a: Great Tusk
|-supereffective|p1a: Great Tusk
|-crit|p1a: Great Tusk
|-damage|p1a: Great Tusk|0 fnt
|faint|p1a: Great Tusk
|-end|p1a: Great Tusk|Protosynthesis|[silent]
|
|-heal|p2a: Clyde|75/100|[from] item: Leftovers
|upkeep
|
|t:|1779690425
|switch|p1a: Gholdengo|Gholdengo|100/100
|turn|8
|
|t:|1779690433
|switch|p2a: Volvara|Coalossal, F|100/100
|move|p1a: Gholdengo|Shadow Ball|p2a: Volvara
|-damage|p2a: Volvara|66/100
|
|upkeep
|turn|9
|
|t:|1779690440
|move|p1a: Gholdengo|Make It Rain|p2a: Volvara
|-damage|p2a: Volvara|11/100
|-unboost|p1a: Gholdengo|spa|1
|move|p2a: Volvara|Stealth Rock|p1a: Gholdengo
|-sidestart|p1: Gone2Heaven|move: Stealth Rock
|
|upkeep
|turn|10
|
|t:|1779690449
|move|p1a: Gholdengo|Make It Rain|p2a: Volvara
|-crit|p2a: Volvara
|-damage|p2a: Volvara|0 fnt
|-unboost|p1a: Gholdengo|spa|1
|faint|p2a: Volvara
|
|upkeep
|
|t:|1779690457
|switch|p2a: Glookon|Muk-Alola, F|100/100
|-damage|p2a: Glookon|88/100|[from] Stealth Rock
|turn|11
|
|t:|1779690464
|switch|p1a: Dragonite|Dragonite, M|100/100
|-damage|p1a: Dragonite|76/100|[from] Stealth Rock
|move|p2a: Glookon|Knock Off|p1a: Dragonite
|-damage|p1a: Dragonite|36/100
|-enditem|p1a: Dragonite|Life Orb|[from] move: Knock Off|[of] p2a: Glookon
|
|upkeep
|turn|12
|
|t:|1779690471
|switch|p1a: Zamazenta|Zamazenta|100/100
|-damage|p1a: Zamazenta|94/100|[from] Stealth Rock
|-ability|p1a: Zamazenta|Dauntless Shield|boost
|-boost|p1a: Zamazenta|def|1
|move|p2a: Glookon|Toxic|p1a: Zamazenta
|-status|p1a: Zamazenta|tox
|
|-damage|p1a: Zamazenta|88/100 tox|[from] psn
|upkeep
|turn|13
|
|t:|1779690480
|move|p1a: Zamazenta|Close Combat|p2a: Glookon
|-damage|p2a: Glookon|4/100
|-unboost|p1a: Zamazenta|def|1
|-unboost|p1a: Zamazenta|spd|1
|-enditem|p2a: Glookon|Aguav Berry|[eat]
|-heal|p2a: Glookon|37/100|[from] item: Aguav Berry
|-damage|p1a: Zamazenta|78/100 tox|[from] item: Life Orb
|move|p2a: Glookon|Knock Off|p1a: Zamazenta
|-resisted|p1a: Zamazenta
|-damage|p1a: Zamazenta|63/100 tox
|-enditem|p1a: Zamazenta|Life Orb|[from] move: Knock Off|[of] p2a: Glookon
|
|-damage|p1a: Zamazenta|51/100 tox|[from] psn
|upkeep
|turn|14
|
|t:|1779690491
|move|p2a: Glookon|Shadow Sneak|p1a: Zamazenta
|-damage|p1a: Zamazenta|41/100 tox
|move|p1a: Zamazenta|Close Combat|p2a: Glookon
|-damage|p2a: Glookon|0 fnt
|-unboost|p1a: Zamazenta|def|1
|-unboost|p1a: Zamazenta|spd|1
|faint|p2a: Glookon
|
|-damage|p1a: Zamazenta|22/100 tox|[from] psn
|upkeep
|inactive|tangrowth1228 has 120 seconds left.
|
|t:|1779690530
|switch|p2a: Xrimp|Lokix, F|100/100
|-damage|p2a: Xrimp|76/100|[from] Stealth Rock
|turn|15
|
|t:|1779690539
|move|p2a: Xrimp|Sucker Punch|p1a: Zamazenta
|-resisted|p1a: Zamazenta
|-damage|p1a: Zamazenta|0 fnt
|faint|p1a: Zamazenta
|-damage|p2a: Xrimp|66/100|[from] item: Life Orb
|
|upkeep
|
|t:|1779690545
|switch|p1a: Iron Valiant|Iron Valiant|100/100
|-damage|p1a: Iron Valiant|94/100|[from] Stealth Rock
|-enditem|p1a: Iron Valiant|Booster Energy
|-activate|p1a: Iron Valiant|ability: Quark Drive|[fromitem]
|-start|p1a: Iron Valiant|quarkdrivespe
|turn|16
|
|t:|1779690551
|move|p1a: Iron Valiant|Moonblast|p2a: Xrimp
|-supereffective|p2a: Xrimp
|-damage|p2a: Xrimp|0 fnt
|faint|p2a: Xrimp
|
|upkeep
|
|t:|1779690557
|switch|p2a: Screwzo|Magnezone|100/100
|-damage|p2a: Screwzo|94/100|[from] Stealth Rock
|turn|17
|
|t:|1779690567
|-end|p1a: Iron Valiant|Quark Drive|[silent]
|switch|p1a: Gholdengo|Gholdengo|100/100
|-damage|p1a: Gholdengo|94/100|[from] Stealth Rock
|-terastallize|p2a: Screwzo|Ghost
|move|p2a: Screwzo|Flash Cannon|p1a: Gholdengo
|-resisted|p1a: Gholdengo
|-damage|p1a: Gholdengo|50/100
|
|upkeep
|turn|18
|
|t:|1779690576
|switch|p2a: Clyde|Dondozo, M, shiny|75/100
|-damage|p2a: Clyde|62/100|[from] Stealth Rock
|move|p1a: Gholdengo|Shadow Ball|p2a: Clyde
|-damage|p2a: Clyde|33/100
|-unboost|p2a: Clyde|spd|1
|
|-heal|p2a: Clyde|39/100|[from] item: Leftovers
|upkeep
|turn|19
|
|t:|1779690584
|move|p1a: Gholdengo|Shadow Ball|p2a: Clyde
|-damage|p2a: Clyde|0 fnt
|faint|p2a: Clyde
|
|upkeep
|
|t:|1779690597
|switch|p2a: Rollosaur|Great Tusk, shiny|100/100
|-damage|p2a: Rollosaur|98/100|[from] Stealth Rock
|turn|20
|
|t:|1779690605
|switch|p1a: Iron Valiant|Iron Valiant|94/100
|-damage|p1a: Iron Valiant|88/100|[from] Stealth Rock
|move|p2a: Rollosaur|Headlong Rush|p1a: Iron Valiant
|-damage|p1a: Iron Valiant|6/100
|-unboost|p2a: Rollosaur|def|1
|-unboost|p2a: Rollosaur|spd|1
|
|upkeep
|turn|21
|
|t:|1779690612
|move|p2a: Rollosaur|Headlong Rush|p1a: Iron Valiant
|-damage|p1a: Iron Valiant|0 fnt
|-unboost|p2a: Rollosaur|def|1
|-unboost|p2a: Rollosaur|spd|1
|faint|p1a: Iron Valiant
|-end|p1a: Iron Valiant|Quark Drive|[silent]
|
|upkeep
|
|t:|1779690622
|switch|p1a: Dragonite|Dragonite, M|36/100
|-damage|p1a: Dragonite|12/100|[from] Stealth Rock
|turn|22
|
|t:|1779690630
|-end|p2a: Rollosaur|Protosynthesis|[silent]
|switch|p2a: Screwzo|Magnezone, tera:Ghost|94/100
|-damage|p2a: Screwzo|82/100|[from] Stealth Rock
|move|p1a: Dragonite|Outrage|p2a: Screwzo
|-damage|p2a: Screwzo|15/100
|
|upkeep
|turn|23
|
|t:|1779690640
|move|p1a: Dragonite|Outrage|p2a: Screwzo|[from] lockedmove
|-crit|p2a: Screwzo
|-damage|p2a: Screwzo|0 fnt
|faint|p2a: Screwzo
|
|upkeep
|
|t:|1779690643
|switch|p2a: Rollosaur|Great Tusk, shiny|98/100
|-damage|p2a: Rollosaur|95/100|[from] Stealth Rock
|turn|24
|
|t:|1779690653
|move|p2a: Rollosaur|Ice Spinner|p1a: Dragonite
|-supereffective|p1a: Dragonite
|-damage|p1a: Dragonite|0 fnt
|faint|p1a: Dragonite
|
|upkeep
|
|t:|1779690659
|switch|p1a: Gholdengo|Gholdengo|50/100
|-damage|p1a: Gholdengo|44/100|[from] Stealth Rock
|turn|25
|
|t:|1779690666
|move|p2a: Rollosaur|Ice Spinner|p1a: Gholdengo
|-resisted|p1a: Gholdengo
|-damage|p1a: Gholdengo|33/100
|move|p1a: Gholdengo|Make It Rain|p2a: Rollosaur
|-damage|p2a: Rollosaur|0 fnt
|-unboost|p1a: Gholdengo|spa|1
|faint|p2a: Rollosaur
|-end|p2a: Rollosaur|Protosynthesis|[silent]
|
|win|Gone2Heaven
|raw|Gone2Heaven's rating: 1261 &rarr; <strong>1287</strong><br />(+26 for winning)
|raw|tangrowth1228's rating: 1275 &rarr; <strong>1249</strong><br />(-26 for losing)
|l|☆tangrowth1228
|player|p2|
|l|☆Gone2Heaven
|player|p1|
