|j|☆Auburn Hills
|j|☆owl_with_scarf
|t:|1779678055
|gametype|singles
|player|p1|Auburn Hills|alder|1615
|player|p2|owl_with_scarf|#owlwithscarf|1535
|gen|9
|tier|[Gen 9] OU
|rated|
|rule|HP Percentage Mod: HP is shown in percentages
|rule|Endless Battle Clause: Forcing endless battles is banned
|rule|Species Clause: Limit one of each Pokémon
|rule|OHKO Clause: OHKO moves are banned
|rule|Evasion Items Clause: Evasion items are banned
|rule|Evasion Moves Clause: Evasion moves are banned
|rule|Evasion Abilities Clause: Evasion abilities are banned
|rule|Sleep Moves Clause: Sleep-inducing moves are banned
|clearpoke
|poke|p1|Iron Moth|
|poke|p1|Umbreon, F|
|poke|p1|Garchomp, M|
|poke|p1|Glimmora, M|
|poke|p1|Gholdengo|
|poke|p1|Dragonite, M|
|poke|p2|Keldeo-Resolute|
|poke|p2|Tyranitar, M|
|poke|p2|Mandibuzz, F|
|poke|p2|Zamazenta-*|
|poke|p2|Iron Thorns|
|poke|p2|Palossand, F|
|teampreview
|inactive|Battle timer is ON: inactive players will automatically lose when time's up. (requested by owl_with_scarf)
|
|t:|1779678063
|teamsize|p1|6
|teamsize|p2|6
|start
|switch|p1a: Julia Jacklin|Glimmora, M|100/100
|switch|p2a: Tyranitar|Tyranitar, M|100/100
|-weather|Sandstorm|[from] ability: Sand Stream|[of] p2a: Tyranitar
|turn|1
|
|t:|1779678080
|move|p1a: Julia Jacklin|Earth Power|p2a: Tyranitar
|-supereffective|p2a: Tyranitar
|-damage|p2a: Tyranitar|82/100
|move|p2a: Tyranitar|Earthquake|p1a: Julia Jacklin
|-supereffective|p1a: Julia Jacklin
|-enditem|p1a: Julia Jacklin|Focus Sash
|-damage|p1a: Julia Jacklin|1/100
|-activate|p1a: Julia Jacklin|ability: Toxic Debris
|-sidestart|p2: owl_with_scarf|move: Toxic Spikes
|
|-weather|Sandstorm|[upkeep]
|upkeep
|turn|2
|
|t:|1779678086
|move|p1a: Julia Jacklin|Stealth Rock|p2a: Tyranitar
|-sidestart|p2: owl_with_scarf|move: Stealth Rock
|move|p2a: Tyranitar|Knock Off|p1a: Julia Jacklin
|-damage|p1a: Julia Jacklin|0 fnt
|-activate|p1a: Julia Jacklin|ability: Toxic Debris
|-sidestart|p2: owl_with_scarf|move: Toxic Spikes
|faint|p1a: Julia Jacklin
|
|-weather|Sandstorm|[upkeep]
|upkeep
|
|t:|1779678088
|switch|p1a: Rat Tally|Garchomp, M|100/100
|turn|3
|
|t:|1779678093
|move|p1a: Rat Tally|Earthquake|p2a: Tyranitar
|-supereffective|p2a: Tyranitar
|-damage|p2a: Tyranitar|7/100
|move|p2a: Tyranitar|Ice Beam|p1a: Rat Tally
|-supereffective|p1a: Rat Tally
|-crit|p1a: Rat Tally
|-damage|p1a: Rat Tally|0 fnt
|faint|p1a: Rat Tally
|
|-weather|Sandstorm|[upkeep]
|upkeep
|
|t:|1779678097
|switch|p1a: Elucid|Dragonite, M|100/100
|turn|4
|
|t:|1779678100
|move|p1a: Elucid|Ice Spinner|p2a: Tyranitar
|-damage|p2a: Tyranitar|0 fnt
|faint|p2a: Tyranitar
|
|-weather|Sandstorm|[upkeep]
|-damage|p1a: Elucid|94/100|[from] Sandstorm
|upkeep
|
|t:|1779678102
|switch|p2a: Mandibuzz|Mandibuzz, F|100/100
|turn|5
|
|t:|1779678105
|switch|p1a: Smino|Gholdengo|100/100
|move|p2a: Mandibuzz|Foul Play|p1a: Smino
|-supereffective|p1a: Smino
|-damage|p1a: Smino|70/100
|
|-weather|none
|upkeep
|turn|6
|
|t:|1779678112
|move|p1a: Smino|Shadow Ball|p2a: Mandibuzz
|-resisted|p2a: Mandibuzz
|-damage|p2a: Mandibuzz|82/100
|move|p2a: Mandibuzz|Foul Play|p1a: Smino
|-supereffective|p1a: Smino
|-damage|p1a: Smino|38/100
|
|upkeep
|turn|7
|
|t:|1779678116
|switch|p1a: Alvvays|Umbreon, F|100/100
|move|p2a: Mandibuzz|Foul Play|p1a: Alvvays
|-resisted|p1a: Alvvays
|-damage|p1a: Alvvays|94/100
|
|-heal|p1a: Alvvays|100/100|[from] item: Leftovers
|upkeep
|turn|8
|
|t:|1779678118
|switch|p1a: Smino|Gholdengo|38/100
|move|p2a: Mandibuzz|Defog|p1a: Smino
|-immune|p1a: Smino|[from] ability: Good as Gold
|
|upkeep
|turn|9
|
|t:|1779678120
|move|p1a: Smino|Trick|p2a: Mandibuzz
|-activate|p1a: Smino|move: Trick|[of] p2a: Mandibuzz
|-item|p2a: Mandibuzz|Choice Scarf|[from] move: Trick
|-item|p1a: Smino|Heavy-Duty Boots|[from] move: Trick
|move|p2a: Mandibuzz|Foul Play|p1a: Smino
|-supereffective|p1a: Smino
|-crit|p1a: Smino
|-damage|p1a: Smino|0 fnt
|faint|p1a: Smino
|
|upkeep
|
|t:|1779678125
|switch|p1a: Alvvays|Umbreon, F|100/100
|turn|10
|
|t:|1779678128
|switch|p2a: Iron Thorns|Iron Thorns|100/100
|-status|p2a: Iron Thorns|tox
|-damage|p2a: Iron Thorns|88/100 tox|[from] Stealth Rock
|move|p1a: Alvvays|Thunder Wave||[still]
|-fail|p1a: Alvvays
|
|-damage|p2a: Iron Thorns|82/100 tox|[from] psn
|upkeep
|turn|11
|
|t:|1779678131
|move|p2a: Iron Thorns|Pin Missile|p1a: Alvvays
|-supereffective|p1a: Alvvays
|-damage|p1a: Alvvays|85/100
|-supereffective|p1a: Alvvays
|-damage|p1a: Alvvays|68/100
|-supereffective|p1a: Alvvays
|-damage|p1a: Alvvays|53/100
|-supereffective|p1a: Alvvays
|-damage|p1a: Alvvays|37/100
|-supereffective|p1a: Alvvays
|-damage|p1a: Alvvays|21/100
|-hitcount|p1a: Alvvays|5
|move|p1a: Alvvays|Foul Play|p2a: Iron Thorns
|-damage|p2a: Iron Thorns|30/100 tox
|
|-heal|p1a: Alvvays|27/100|[from] item: Leftovers
|-damage|p2a: Iron Thorns|18/100 tox|[from] psn
|upkeep
|turn|12
|
|t:|1779678133
|move|p1a: Alvvays|Protect|p1a: Alvvays
|-singleturn|p1a: Alvvays|Protect
|move|p2a: Iron Thorns|Rock Blast|p1a: Alvvays
|-activate|p1a: Alvvays|move: Protect
|
|-heal|p1a: Alvvays|33/100|[from] item: Leftovers
|-damage|p2a: Iron Thorns|0 fnt|[from] psn
|faint|p2a: Iron Thorns
|-end|p2a: Iron Thorns|Quark Drive|[silent]
|upkeep
|
|t:|1779678135
|switch|p2a: Mandibuzz|Mandibuzz, F|82/100
|-damage|p2a: Mandibuzz|57/100|[from] Stealth Rock
|turn|13
|
|t:|1779678138
|move|p1a: Alvvays|Protect||[still]
|-fail|p1a: Alvvays
|move|p2a: Mandibuzz|Defog|p1a: Alvvays
|-unboost|p1a: Alvvays|evasion|1
|-sideend|p2: owl_with_scarf|Toxic Spikes|[from] move: Defog|[of] p2a: Mandibuzz
|-sideend|p2: owl_with_scarf|Stealth Rock|[from] move: Defog|[of] p2a: Mandibuzz
|
|-heal|p1a: Alvvays|39/100|[from] item: Leftovers
|upkeep
|turn|14
|
|t:|1779678142
|move|p2a: Mandibuzz|Defog|p1a: Alvvays
|-unboost|p1a: Alvvays|evasion|1
|move|p1a: Alvvays|Thunder Wave|p2a: Mandibuzz
|-status|p2a: Mandibuzz|par
|
|-heal|p1a: Alvvays|46/100|[from] item: Leftovers
|upkeep
|turn|15
|
|t:|1779678144
|move|p1a: Alvvays|Wish|p1a: Alvvays
|move|p2a: Mandibuzz|Defog|p1a: Alvvays
|-unboost|p1a: Alvvays|evasion|1
|
|-heal|p1a: Alvvays|52/100|[from] item: Leftovers
|upkeep
|turn|16
|
|t:|1779678147
|switch|p2a: Keldeo|Keldeo-Resolute|100/100
|move|p1a: Alvvays|Foul Play|p2a: Keldeo
|-resisted|p2a: Keldeo
|-damage|p2a: Keldeo|91/100
|-ability|p2a: Keldeo|Justified|boost
|-boost|p2a: Keldeo|atk|1
|
|-heal|p1a: Alvvays|100/100|[from] move: Wish|[wisher] Alvvays
|-heal|p2a: Keldeo|97/100|[from] item: Leftovers
|upkeep
|turn|17
|
|t:|1779678150
|move|p2a: Keldeo|Secret Sword|p1a: Alvvays
|-supereffective|p1a: Alvvays
|-damage|p1a: Alvvays|33/100
|move|p1a: Alvvays|Thunder Wave|p2a: Keldeo
|-status|p2a: Keldeo|par
|
|-heal|p1a: Alvvays|39/100|[from] item: Leftovers
|-heal|p2a: Keldeo|100/100 par|[from] item: Leftovers
|upkeep
|turn|18
|
|t:|1779678153
|move|p1a: Alvvays|Protect|p1a: Alvvays
|-singleturn|p1a: Alvvays|Protect
|move|p2a: Keldeo|Secret Sword|p1a: Alvvays
|-activate|p1a: Alvvays|move: Protect
|
|-heal|p1a: Alvvays|45/100|[from] item: Leftovers
|upkeep
|turn|19
|
|t:|1779678156
|switch|p1a: Elucid|Dragonite, M|94/100
|move|p2a: Keldeo|Secret Sword|p1a: Elucid
|-resisted|p1a: Elucid
|-damage|p1a: Elucid|71/100
|
|upkeep
|turn|20
|
|t:|1779678158
|switch|p2a: Zamazenta|Zamazenta|100/100
|-ability|p2a: Zamazenta|Dauntless Shield|boost
|-boost|p2a: Zamazenta|def|1
|move|p1a: Elucid|Dragon Dance|p1a: Elucid
|-boost|p1a: Elucid|atk|1
|-boost|p1a: Elucid|spe|1
|
|upkeep
|turn|21
|
|t:|1779678161
|move|p1a: Elucid|Extreme Speed|p2a: Zamazenta
|-damage|p2a: Zamazenta|74/100
|move|p2a: Zamazenta|Iron Defense|p2a: Zamazenta
|-boost|p2a: Zamazenta|def|2
|
|-heal|p2a: Zamazenta|80/100|[from] item: Leftovers
|upkeep
|turn|22
|
|t:|1779678165
|move|p1a: Elucid|Extreme Speed|p2a: Zamazenta
|-damage|p2a: Zamazenta|62/100
|move|p2a: Zamazenta|Body Press|p1a: Elucid
|-resisted|p1a: Elucid
|-damage|p1a: Elucid|30/100
|
|-heal|p2a: Zamazenta|68/100|[from] item: Leftovers
|upkeep
|turn|23
|
|t:|1779678168
|move|p1a: Elucid|Extreme Speed|p2a: Zamazenta
|-damage|p2a: Zamazenta|50/100
|move|p2a: Zamazenta|Body Press|p1a: Elucid
|-resisted|p1a: Elucid
|-damage|p1a: Elucid|0 fnt
|faint|p1a: Elucid
|
|-heal|p2a: Zamazenta|56/100|[from] item: Leftovers
|upkeep
|
|t:|1779678170
|switch|p1a: Carly Rae|Iron Moth|100/100
|-enditem|p1a: Carly Rae|Booster Energy
|-activate|p1a: Carly Rae|ability: Quark Drive|[fromitem]
|-start|p1a: Carly Rae|quarkdrivespe
|turn|24
|
|t:|1779678172
|-terastallize|p1a: Carly Rae|Fairy
|move|p1a: Carly Rae|Dazzling Gleam|p2a: Zamazenta
|-supereffective|p2a: Zamazenta
|-damage|p2a: Zamazenta|0 fnt
|faint|p2a: Zamazenta
|
|upkeep
|
|t:|1779678175
|switch|p2a: Palossand|Palossand, F, shiny|100/100
|turn|25
|
|t:|1779678178
|move|p1a: Carly Rae|Fiery Dance|p2a: Palossand
|-damage|p2a: Palossand|57/100
|-boost|p1a: Carly Rae|spa|1
|move|p2a: Palossand|Scorching Sands|p1a: Carly Rae
|-damage|p1a: Carly Rae|72/100
|
|-heal|p2a: Palossand|63/100|[from] item: Leftovers
|upkeep
|turn|26
|
|t:|1779678183
|move|p1a: Carly Rae|Fiery Dance|p2a: Palossand
|-damage|p2a: Palossand|1/100
|move|p2a: Palossand|Shore Up|p2a: Palossand
|-heal|p2a: Palossand|51/100
|
|-heal|p2a: Palossand|57/100|[from] item: Leftovers
|upkeep
|turn|27
|
|t:|1779678186
|move|p1a: Carly Rae|Fiery Dance|p2a: Palossand
|-damage|p2a: Palossand|0 fnt
|-boost|p1a: Carly Rae|spa|1
|faint|p2a: Palossand
|
|upkeep
|
|t:|1779678187
|switch|p2a: Keldeo|Keldeo-Resolute|100/100 par
|turn|28
|
|t:|1779678189
|-terastallize|p2a: Keldeo|Steel
|move|p1a: Carly Rae|Dazzling Gleam|p2a: Keldeo
|-resisted|p2a: Keldeo
|-damage|p2a: Keldeo|52/100 par
|cant|p2a: Keldeo|par
|
|-heal|p2a: Keldeo|59/100 par|[from] item: Leftovers
|upkeep
|turn|29
|-message|owl_with_scarf forfeited.
|
|win|Auburn Hills
|raw|Auburn Hills's rating: 1615 &rarr; <strong>1631</strong><br />(+16 for winning)
|raw|owl_with_scarf's rating: 1549 &rarr; <strong>1533</strong><br />(-16 for losing)
|l|☆Auburn Hills
|player|p1|
|l|☆owl_with_scarf
|player|p2|
