|j|☆Gabriel5192
|j|☆she's my winona
|t:|1779557115
|gametype|singles
|player|p1|Gabriel5192|jogger|1367
|player|p2|she's my winona|palmer|1322
|gen|9
|tier|[Gen 9] OU
|rated|
|rule|HP Percentage Mod: HP is shown in percentages
|rule|Endless Battle Clause: Forcing endless battles is banned
|rule|Species Clause: Limit one of each Pokémon
|rule|OHKO Clause: OHKO moves are banned
|rule|Evasion Items Clause: Evasion items are banned
|rule|Evasion Moves Clause: Evasion moves are banned
|rule|Evasion Abilities Clause: Evasion abilities are banned
|rule|Sleep Moves Clause: Sleep-inducing moves are banned
|clearpoke
|poke|p1|Ceruledge, F|
|poke|p1|Iron Valiant|
|poke|p1|Great Tusk|
|poke|p1|Maushold-Four|
|poke|p1|Slowking-Galar, F|
|poke|p1|Moltres-Galar|
|poke|p2|Pelipper, F|
|poke|p2|Raging Bolt|
|poke|p2|Overqwil, F|
|poke|p2|Barraskewda, F|
|poke|p2|Iron Treads|
|poke|p2|Kingambit, M|
|teampreview
|
|t:|1779557121
|teamsize|p1|6
|teamsize|p2|6
|start
|switch|p1a: Maushold|Maushold-Four, shiny|100/100
|switch|p2a: Pelipper|Pelipper, F|100/100
|-weather|RainDance|[from] ability: Drizzle|[of] p2a: Pelipper
|turn|1
|
|t:|1779557155
|move|p1a: Maushold|Population Bomb|p2a: Pelipper
|-damage|p2a: Pelipper|92/100
|-damage|p2a: Pelipper|83/100
|-damage|p2a: Pelipper|75/100
|-damage|p2a: Pelipper|67/100
|-damage|p2a: Pelipper|58/100
|-damage|p2a: Pelipper|50/100
|-damage|p2a: Pelipper|41/100
|-damage|p2a: Pelipper|33/100
|-damage|p2a: Pelipper|24/100
|-damage|p2a: Pelipper|16/100
|-hitcount|p2a: Pelipper|10
|move|p2a: Pelipper|Hurricane|p1a: Maushold
|-damage|p1a: Maushold|44/100
|
|-weather|RainDance|[upkeep]
|upkeep
|turn|2
|
|t:|1779557179
|switch|p1a: Iron Valiant|Iron Valiant|100/100
|-enditem|p1a: Iron Valiant|Booster Energy
|-activate|p1a: Iron Valiant|ability: Quark Drive|[fromitem]
|-start|p1a: Iron Valiant|quarkdrivespe
|switch|p2a: Iron Treads|Iron Treads|100/100
|-enditem|p2a: Iron Treads|Booster Energy
|-activate|p2a: Iron Treads|ability: Quark Drive|[fromitem]
|-start|p2a: Iron Treads|quarkdrivespe
|
|-weather|RainDance|[upkeep]
|upkeep
|turn|3
|
|t:|1779557194
|-terastallize|p2a: Iron Treads|Ghost
|move|p1a: Iron Valiant|Focus Blast|p2a: Iron Treads
|-immune|p2a: Iron Treads
|move|p2a: Iron Treads|Steel Beam|p1a: Iron Valiant
|-supereffective|p1a: Iron Valiant
|-damage|p1a: Iron Valiant|0 fnt
|-damage|p2a: Iron Treads|50/100|[from] steelbeam
|faint|p1a: Iron Valiant
|-end|p1a: Iron Valiant|Quark Drive|[silent]
|
|-weather|RainDance|[upkeep]
|upkeep
|
|t:|1779557221
|switch|p1a: Moltres|Moltres-Galar, shiny|100/100
|turn|4
|
|t:|1779557259
|move|p2a: Iron Treads|Rapid Spin|p1a: Moltres
|-damage|p1a: Moltres|88/100
|-boost|p2a: Iron Treads|spe|1
|move|p1a: Moltres|Agility|p1a: Moltres
|-boost|p1a: Moltres|spe|2
|
|-weather|RainDance|[upkeep]
|-heal|p1a: Moltres|94/100|[from] item: Leftovers
|upkeep
|turn|5
|
|t:|1779557274
|move|p2a: Iron Treads|Steel Beam|p1a: Moltres
|-crit|p1a: Moltres
|-damage|p1a: Moltres|28/100
|-damage|p2a: Iron Treads|0 fnt|[from] steelbeam
|faint|p2a: Iron Treads
|-end|p2a: Iron Treads|Quark Drive|[silent]
|-ability|p1a: Moltres|Berserk|boost
|-boost|p1a: Moltres|spa|1
|move|p1a: Moltres|Agility|p1a: Moltres
|-boost|p1a: Moltres|spe|2
|
|-weather|RainDance|[upkeep]
|-heal|p1a: Moltres|34/100|[from] item: Leftovers
|upkeep
|
|t:|1779557287
|switch|p2a: Barraskewda|Barraskewda, F|100/100
|turn|6
|
|t:|1779557290
|move|p2a: Barraskewda|Aqua Jet|p1a: Moltres
|-damage|p1a: Moltres|0 fnt
|faint|p1a: Moltres
|
|-weather|RainDance|[upkeep]
|upkeep
|
|t:|1779557302
|switch|p1a: Ceruledge|Ceruledge, F|100/100
|turn|7
|
|t:|1779557311
|move|p2a: Barraskewda|Aqua Jet|p1a: Ceruledge
|-supereffective|p1a: Ceruledge
|-enditem|p1a: Ceruledge|Focus Sash
|-damage|p1a: Ceruledge|1/100
|-ability|p1a: Ceruledge|Weak Armor|boost
|-unboost|p1a: Ceruledge|def|1
|-boost|p1a: Ceruledge|spe|2
|move|p1a: Ceruledge|Poltergeist|p2a: Barraskewda
|-activate|p2a: Barraskewda|move: Poltergeist|Choice Band
|-damage|p2a: Barraskewda|0 fnt
|faint|p2a: Barraskewda
|
|-weather|RainDance|[upkeep]
|upkeep
|
|t:|1779557326
|switch|p2a: Raging Bolt|Raging Bolt|100/100
|-enditem|p2a: Raging Bolt|Booster Energy
|-activate|p2a: Raging Bolt|ability: Protosynthesis|[fromitem]
|-start|p2a: Raging Bolt|protosynthesisspa
|turn|8
|
|t:|1779557333
|move|p1a: Ceruledge|Shadow Sneak|p2a: Raging Bolt
|-damage|p2a: Raging Bolt|84/100
|move|p2a: Raging Bolt|Thunderclap||[still]
|-fail|p2a: Raging Bolt
|
|-weather|none
|upkeep
|turn|9
|
|t:|1779557340
|move|p1a: Ceruledge|Swords Dance|p1a: Ceruledge
|-boost|p1a: Ceruledge|atk|2
|move|p2a: Raging Bolt|Weather Ball|p1a: Ceruledge
|-immune|p1a: Ceruledge
|
|upkeep
|turn|10
|
|t:|1779557350
|move|p1a: Ceruledge|Bitter Blade|p2a: Raging Bolt
|-resisted|p2a: Raging Bolt
|-damage|p2a: Raging Bolt|43/100
|-heal|p1a: Ceruledge|31/100|[from] drain|[of] p2a: Raging Bolt
|move|p2a: Raging Bolt|Draco Meteor|p1a: Ceruledge
|-damage|p1a: Ceruledge|0 fnt
|-unboost|p2a: Raging Bolt|spa|2
|faint|p1a: Ceruledge
|
|upkeep
|
|t:|1779557361
|switch|p1a: Maushold|Maushold-Four, shiny|44/100
|turn|11
|
|t:|1779557379
|switch|p1a: Slowking|Slowking-Galar, F|100/100
|-end|p2a: Raging Bolt|Protosynthesis|[silent]
|switch|p2a: Pelipper|Pelipper, F|16/100
|-weather|RainDance|[from] ability: Drizzle|[of] p2a: Pelipper
|
|-weather|RainDance|[upkeep]
|upkeep
|turn|12
|
|t:|1779557390
|move|p2a: Pelipper|U-turn|p1a: Slowking
|-damage|p1a: Slowking|91/100
|
|t:|1779557393
|switch|p2a: Overqwil|Overqwil, F|100/100|[from] U-turn
|move|p1a: Slowking|Future Sight|p2a: Overqwil
|-start|p1a: Slowking|move: Future Sight
|
|-weather|RainDance|[upkeep]
|upkeep
|turn|13
|
|t:|1779557401
|switch|p1a: Great Tusk|Great Tusk, shiny|100/100
|move|p2a: Overqwil|Swords Dance|p2a: Overqwil
|-boost|p2a: Overqwil|atk|2
|
|-weather|RainDance|[upkeep]
|upkeep
|turn|14
|
|t:|1779557412
|-terastallize|p1a: Great Tusk|Poison
|move|p2a: Overqwil|Liquidation|p1a: Great Tusk
|-damage|p1a: Great Tusk|46/100
|-damage|p2a: Overqwil|91/100|[from] item: Life Orb
|move|p1a: Great Tusk|Rapid Spin|p2a: Overqwil
|-crit|p2a: Overqwil
|-damage|p2a: Overqwil|66/100
|-boost|p1a: Great Tusk|spe|1
|
|-weather|RainDance|[upkeep]
|-end|p2a: Overqwil|move: Future Sight
|-immune|p2a: Overqwil
|-heal|p1a: Great Tusk|52/100|[from] item: Leftovers
|upkeep
|turn|15
|
|t:|1779557428
|move|p2a: Overqwil|Liquidation|p1a: Great Tusk
|-damage|p1a: Great Tusk|0 fnt
|faint|p1a: Great Tusk
|-end|p1a: Great Tusk|Protosynthesis|[silent]
|-damage|p2a: Overqwil|56/100|[from] item: Life Orb
|
|-weather|RainDance|[upkeep]
|upkeep
|
|t:|1779557436
|switch|p1a: Maushold|Maushold-Four, shiny|44/100
|turn|16
|
|t:|1779557441
|move|p2a: Overqwil|Liquidation|p1a: Maushold
|-damage|p1a: Maushold|0 fnt
|faint|p1a: Maushold
|-damage|p2a: Overqwil|46/100|[from] item: Life Orb
|
|-weather|RainDance|[upkeep]
|upkeep
|-message|Gabriel5192 forfeited.
|
|win|she's my winona
|raw|Gabriel5192's rating: 1367 &rarr; <strong>1344</strong><br />(-23 for losing)
|raw|she&apos;s my winona's rating: 1322 &rarr; <strong>1345</strong><br />(+23 for winning)
|l|☆Gabriel5192
|player|p1|
