|j|☆ihatecake69
|j|☆Gabrielp26
|t:|1779702958
|gametype|singles
|player|p1|ihatecake69|giovanni|1090
|player|p2|Gabrielp26|169|1073
|gen|9
|tier|[Gen 9] OU
|rated|
|rule|HP Percentage Mod: HP is shown in percentages
|rule|Endless Battle Clause: Forcing endless battles is banned
|rule|Species Clause: Limit one of each Pokémon
|rule|OHKO Clause: OHKO moves are banned
|rule|Evasion Items Clause: Evasion items are banned
|rule|Evasion Moves Clause: Evasion moves are banned
|rule|Evasion Abilities Clause: Evasion abilities are banned
|rule|Sleep Moves Clause: Sleep-inducing moves are banned
|clearpoke
|poke|p1|Weavile, F|
|poke|p1|Spiritomb, F|
|poke|p1|Bisharp, M|
|poke|p1|Grimmsnarl, M|
|poke|p1|Umbreon, F|
|poke|p1|Houndoom, F|
|poke|p2|Flygon, F|
|poke|p2|Heatran, F|
|poke|p2|Toxtricity, M|
|poke|p2|Greninja-*, M|
|poke|p2|Slither Wing|
|poke|p2|Corviknight, M|
|teampreview
|
|t:|1779702962
|teamsize|p1|6
|teamsize|p2|6
|start
|switch|p1a: Weavile|Weavile, F|100/100
|switch|p2a: Heatran|Heatran, F|100/100
|turn|1
|inactive|Battle timer is ON: inactive players will automatically lose when time's up. (requested by Gabrielp26)
|
|t:|1779702969
|-terastallize|p1a: Weavile|Poison
|move|p1a: Weavile|Shadow Claw|p2a: Heatran
|-damage|p2a: Heatran|73/100
|move|p2a: Heatran|Stealth Rock|p1a: Weavile
|-sidestart|p1: ihatecake69|move: Stealth Rock
|
|-heal|p2a: Heatran|80/100|[from] item: Leftovers
|upkeep
|turn|2
|
|t:|1779702979
|move|p1a: Weavile|Shadow Claw|p2a: Heatran
|-damage|p2a: Heatran|53/100
|move|p2a: Heatran|Earth Power|p1a: Weavile
|-supereffective|p1a: Weavile
|-damage|p1a: Weavile|29/100
|-unboost|p1a: Weavile|spd|1
|
|-heal|p2a: Heatran|59/100|[from] item: Leftovers
|upkeep
|turn|3
|
|t:|1779702993
|switch|p1a: Grimmsnarl|Grimmsnarl, M, shiny|100/100
|-damage|p1a: Grimmsnarl|88/100|[from] Stealth Rock
|move|p2a: Heatran|Earth Power|p1a: Grimmsnarl
|-damage|p1a: Grimmsnarl|67/100
|
|-heal|p2a: Heatran|65/100|[from] item: Leftovers
|-heal|p1a: Grimmsnarl|73/100|[from] item: Leftovers
|upkeep
|turn|4
|
|t:|1779703010
|move|p1a: Grimmsnarl|Substitute|p1a: Grimmsnarl
|-start|p1a: Grimmsnarl|Substitute
|-damage|p1a: Grimmsnarl|48/100
|move|p2a: Heatran|Magma Storm|p1a: Grimmsnarl
|-end|p1a: Grimmsnarl|Substitute
|
|-heal|p2a: Heatran|72/100|[from] item: Leftovers
|-heal|p1a: Grimmsnarl|54/100|[from] item: Leftovers
|upkeep
|turn|5
|inactive|ihatecake69 has 120 seconds left.
|inactive|ihatecake69 has 90 seconds left.
|inactive|ihatecake69 has 60 seconds left.
|inactive|ihatecake69 has 30 seconds left.
|
|t:|1779703134
|move|p2a: Heatran|Magma Storm|p1a: Grimmsnarl|[miss]
|-miss|p2a: Heatran|p1a: Grimmsnarl
|move|p1a: Grimmsnarl|Drain Punch|p2a: Heatran
|-supereffective|p2a: Heatran
|-damage|p2a: Heatran|38/100
|-heal|p1a: Grimmsnarl|71/100|[from] drain|[of] p2a: Heatran
|
|-heal|p2a: Heatran|44/100|[from] item: Leftovers
|-heal|p1a: Grimmsnarl|77/100|[from] item: Leftovers
|upkeep
|turn|6
|
|t:|1779703144
|move|p1a: Grimmsnarl|Bulk Up|p1a: Grimmsnarl
|-boost|p1a: Grimmsnarl|atk|1
|-boost|p1a: Grimmsnarl|def|1
|move|p2a: Heatran|Magma Storm|p1a: Grimmsnarl
|-damage|p1a: Grimmsnarl|44/100
|-activate|p1a: Grimmsnarl|move: Magma Storm|[of] p2a: Heatran
|
|-heal|p2a: Heatran|50/100|[from] item: Leftovers
|-heal|p1a: Grimmsnarl|50/100|[from] item: Leftovers
|-damage|p1a: Grimmsnarl|37/100|[from] move: Magma Storm|[partiallytrapped]
|upkeep
|turn|7
|
|t:|1779703157
|move|p2a: Heatran|Earth Power|p1a: Grimmsnarl
|-damage|p1a: Grimmsnarl|17/100
|move|p1a: Grimmsnarl|Drain Punch|p2a: Heatran
|-supereffective|p2a: Heatran
|-damage|p2a: Heatran|0 fnt
|-heal|p1a: Grimmsnarl|41/100|[from] drain|[of] p2a: Heatran
|faint|p2a: Heatran
|
|-heal|p1a: Grimmsnarl|47/100|[from] item: Leftovers
|-end|p1a: Grimmsnarl|Magma Storm|[partiallytrapped]|[silent]
|upkeep
|
|t:|1779703171
|switch|p2a: Toxtricity|Toxtricity, M|100/100
|turn|8
|
|t:|1779703186
|switch|p1a: Go go power ranger|Bisharp, M|100/100
|-damage|p1a: Go go power ranger|95/100|[from] Stealth Rock
|move|p2a: Toxtricity|Sludge Wave|p1a: Go go power ranger
|-immune|p1a: Go go power ranger
|
|upkeep
|turn|9
|
|t:|1779703214
|switch|p2a: Slither Wing|Slither Wing|100/100
|move|p1a: Go go power ranger|Iron Defense|p1a: Go go power ranger
|-boost|p1a: Go go power ranger|def|2
|
|upkeep
|turn|10
|
|t:|1779703237
|move|p2a: Slither Wing|Close Combat|p1a: Go go power ranger
|-supereffective|p1a: Go go power ranger
|-damage|p1a: Go go power ranger|0 fnt
|-unboost|p2a: Slither Wing|def|1
|-unboost|p2a: Slither Wing|spd|1
|faint|p1a: Go go power ranger
|
|upkeep
|
|t:|1779703243
|switch|p1a: Houndoom|Houndoom, F, shiny|100/100
|-damage|p1a: Houndoom|76/100|[from] Stealth Rock
|turn|11
|
|t:|1779703251
|move|p1a: Houndoom|Nasty Plot|p1a: Houndoom
|-boost|p1a: Houndoom|spa|2
|move|p2a: Slither Wing|Close Combat|p1a: Houndoom
|-supereffective|p1a: Houndoom
|-damage|p1a: Houndoom|0 fnt
|-unboost|p2a: Slither Wing|def|1
|-unboost|p2a: Slither Wing|spd|1
|faint|p1a: Houndoom
|
|upkeep
|
|t:|1779703257
|switch|p1a: Weavile|Weavile, F, tera:Poison|29/100
|-damage|p1a: Weavile|17/100|[from] Stealth Rock
|turn|12
|
|t:|1779703268
|move|p1a: Weavile|Aerial Ace|p2a: Slither Wing
|-supereffective|p2a: Slither Wing
|-damage|p2a: Slither Wing|0 fnt
|faint|p2a: Slither Wing
|-end|p2a: Slither Wing|Protosynthesis|[silent]
|
|upkeep
|
|t:|1779703287
|switch|p2a: Greninja|Greninja, M|100/100
|turn|13
|inactive|ihatecake69 has 60 seconds left.
|
|t:|1779703301
|move|p1a: Weavile|Aerial Ace|p2a: Greninja
|-damage|p2a: Greninja|49/100
|move|p2a: Greninja|Dark Pulse|p1a: Weavile
|-start|p2a: Greninja|typechange|Dark|[from] ability: Protean
|-damage|p1a: Weavile|0 fnt
|faint|p1a: Weavile
|
|upkeep
|
|t:|1779703305
|switch|p1a: Grimmsnarl|Grimmsnarl, M, shiny|47/100
|-damage|p1a: Grimmsnarl|35/100|[from] Stealth Rock
|turn|14
|
|t:|1779703322
|move|p2a: Greninja|Hydro Pump|p1a: Grimmsnarl
|-damage|p1a: Grimmsnarl|12/100
|move|p1a: Grimmsnarl|Drain Punch|p2a: Greninja
|-supereffective|p2a: Greninja
|-damage|p2a: Greninja|0 fnt
|-heal|p1a: Grimmsnarl|30/100|[from] drain|[of] p2a: Greninja
|faint|p2a: Greninja
|
|-heal|p1a: Grimmsnarl|36/100|[from] item: Leftovers
|upkeep
|
|t:|1779703334
|switch|p2a: Toxtricity|Toxtricity, M|100/100
|turn|15
|
|t:|1779703346
|move|p2a: Toxtricity|Sludge Wave|p1a: Grimmsnarl
|-supereffective|p1a: Grimmsnarl
|-damage|p1a: Grimmsnarl|0 fnt
|faint|p1a: Grimmsnarl
|
|upkeep
|
|t:|1779703349
|switch|p1a: Spiritomb|Spiritomb, F, shiny|100/100
|-damage|p1a: Spiritomb|88/100|[from] Stealth Rock
|turn|16
|
|t:|1779703361
|move|p2a: Toxtricity|Sludge Wave|p1a: Spiritomb
|-resisted|p1a: Spiritomb
|-damage|p1a: Spiritomb|55/100
|move|p1a: Spiritomb|Will-O-Wisp|p2a: Toxtricity
|-status|p2a: Toxtricity|brn
|
|-damage|p2a: Toxtricity|94/100 brn|[from] brn
|upkeep
|turn|17
|
|t:|1779703378
|switch|p2a: Flygon|Flygon, F|100/100
|move|p1a: Spiritomb|Hex|p2a: Flygon
|-damage|p2a: Flygon|73/100
|
|upkeep
|turn|18
|
|t:|1779703392
|move|p2a: Flygon|Earthquake|p1a: Spiritomb
|-crit|p1a: Spiritomb
|-damage|p1a: Spiritomb|3/100
|move|p1a: Spiritomb|Calm Mind|p1a: Spiritomb
|-boost|p1a: Spiritomb|spa|1
|-boost|p1a: Spiritomb|spd|1
|
|upkeep
|turn|19
|
|t:|1779703399
|move|p2a: Flygon|Earthquake|p1a: Spiritomb
|-damage|p1a: Spiritomb|0 fnt
|faint|p1a: Spiritomb
|
|upkeep
|
|t:|1779703405
|switch|p1a: Umbreon|Umbreon, F, shiny|100/100
|-damage|p1a: Umbreon|88/100|[from] Stealth Rock
|turn|20
|
|t:|1779703409
|move|p2a: Flygon|Earthquake|p1a: Umbreon
|-damage|p1a: Umbreon|53/100
|move|p1a: Umbreon|Calm Mind|p1a: Umbreon
|-boost|p1a: Umbreon|spa|1
|-boost|p1a: Umbreon|spd|1
|
|-heal|p1a: Umbreon|59/100|[from] item: Leftovers
|upkeep
|turn|21
|
|t:|1779703424
|move|p2a: Flygon|Earthquake|p1a: Umbreon
|-damage|p1a: Umbreon|25/100
|move|p1a: Umbreon|Alluring Voice|p2a: Flygon
|-supereffective|p2a: Flygon
|-damage|p2a: Flygon|27/100
|
|-heal|p1a: Umbreon|31/100|[from] item: Leftovers
|upkeep
|turn|22
|inactive|ihatecake69 has 120 seconds left.
|
|t:|1779703440
|move|p2a: Flygon|Earthquake|p1a: Umbreon
|-damage|p1a: Umbreon|0 fnt
|faint|p1a: Umbreon
|
|win|Gabrielp26
|raw|ihatecake69's rating: 1090 &rarr; <strong>1065</strong><br />(-25 for losing)
|raw|Gabrielp26's rating: 1073 &rarr; <strong>1103</strong><br />(+30 for winning)
|l|☆ihatecake69
|player|p1|
