|j|☆BlabberSaur
|j|☆Laban1024
|t:|1779653057
|gametype|singles
|player|p1|BlabberSaur|wallace|
|player|p2|Laban1024|koga|
|gen|9
|tier|[Gen 9] OU
|rule|HP Percentage Mod: HP is shown in percentages
|rule|Endless Battle Clause: Forcing endless battles is banned
|rule|Species Clause: Limit one of each Pokémon
|rule|OHKO Clause: OHKO moves are banned
|rule|Evasion Items Clause: Evasion items are banned
|rule|Evasion Moves Clause: Evasion moves are banned
|rule|Evasion Abilities Clause: Evasion abilities are banned
|rule|Sleep Moves Clause: Sleep-inducing moves are banned
|clearpoke
|poke|p1|Gliscor, F|
|poke|p1|Dragapult, F|
|poke|p1|Blaziken, M|
|poke|p1|Garganacl, M|
|poke|p1|Zamazenta-*|
|poke|p1|Kingambit, F|
|poke|p2|Torkoal, F|
|poke|p2|Ceruledge, M|
|poke|p2|Lilligant-Hisui, F|
|poke|p2|Walking Wake|
|poke|p2|Raging Bolt|
|poke|p2|Great Tusk|
|teampreview
|inactive|Battle timer is ON: inactive players will automatically lose when time's up. (requested by BlabberSaur)
|inactive|Laban1024 has 270 seconds left.
|
|t:|1779653116
|teamsize|p1|6
|teamsize|p2|6
|start
|switch|p1a: Zamazenta|Zamazenta|100/100
|switch|p2a: Torkoal|Torkoal, F|100/100
|-ability|p1a: Zamazenta|Dauntless Shield|boost
|-boost|p1a: Zamazenta|def|1
|-weather|SunnyDay|[from] ability: Drought|[of] p2a: Torkoal
|turn|1
|
|t:|1779653120
|move|p1a: Zamazenta|Iron Defense|p1a: Zamazenta
|-boost|p1a: Zamazenta|def|2
|move|p2a: Torkoal|Clear Smog|p1a: Zamazenta
|-damage|p1a: Zamazenta|92/100
|-clearboost|p1a: Zamazenta
|
|-weather|SunnyDay|[upkeep]
|upkeep
|turn|2
|
|t:|1779653126
|move|p1a: Zamazenta|Iron Defense|p1a: Zamazenta
|-boost|p1a: Zamazenta|def|2
|move|p2a: Torkoal|Will-O-Wisp|p1a: Zamazenta|[miss]
|-miss|p2a: Torkoal|p1a: Zamazenta
|
|-weather|SunnyDay|[upkeep]
|upkeep
|turn|3
|
|t:|1779653129
|move|p1a: Zamazenta|Body Press|p2a: Torkoal
|-damage|p2a: Torkoal|61/100
|move|p2a: Torkoal|Will-O-Wisp|p1a: Zamazenta
|-status|p1a: Zamazenta|brn
|
|-weather|SunnyDay|[upkeep]
|-damage|p1a: Zamazenta|85/100 brn|[from] brn
|upkeep
|turn|4
|
|t:|1779653140
|switch|p1a: Blaziken|Blaziken, M|100/100
|move|p2a: Torkoal|Clear Smog|p1a: Blaziken
|-damage|p1a: Blaziken|85/100
|-clearboost|p1a: Blaziken
|
|-weather|SunnyDay|[upkeep]
|upkeep
|turn|5
|
|t:|1779653149
|switch|p2a: Lilligant|Lilligant-Hisui, F|100/100
|move|p1a: Blaziken|Close Combat|p2a: Lilligant
|-damage|p2a: Lilligant|0 fnt
|-unboost|p1a: Blaziken|def|1
|-unboost|p1a: Blaziken|spd|1
|faint|p2a: Lilligant
|-damage|p1a: Blaziken|75/100|[from] item: Life Orb
|
|-weather|SunnyDay|[upkeep]
|-ability|p1a: Blaziken|Speed Boost|boost
|-boost|p1a: Blaziken|spe|1
|upkeep
|c|☆Laban1024|uhm
|c|☆Laban1024|i thought u would protect
|
|t:|1779653176
|switch|p2a: Walking Wake|Walking Wake|100/100
|-activate|p2a: Walking Wake|ability: Protosynthesis
|-start|p2a: Walking Wake|protosynthesisspe
|turn|6
|
|t:|1779653181
|move|p1a: Blaziken|Protect|p1a: Blaziken
|-singleturn|p1a: Blaziken|Protect
|move|p2a: Walking Wake|Hydro Steam|p1a: Blaziken
|-activate|p1a: Blaziken|move: Protect
|
|-weather|SunnyDay|[upkeep]
|-ability|p1a: Blaziken|Speed Boost|boost
|-boost|p1a: Blaziken|spe|1
|upkeep
|turn|7
|c|☆Laban1024|speed boost
|
|t:|1779653187
|move|p2a: Walking Wake|Hydro Steam|p1a: Blaziken
|-supereffective|p1a: Blaziken
|-damage|p1a: Blaziken|0 fnt
|faint|p1a: Blaziken
|
|-weather|SunnyDay|[upkeep]
|upkeep
|
|t:|1779653196
|switch|p1a: Dragapult|Dragapult, F|100/100
|turn|8
|
|t:|1779653212
|-end|p2a: Walking Wake|Protosynthesis|[silent]
|switch|p2a: Great Tusk|Great Tusk|100/100
|-activate|p2a: Great Tusk|ability: Protosynthesis
|-start|p2a: Great Tusk|protosynthesisatk
|move|p1a: Dragapult|Draco Meteor|p2a: Great Tusk
|-damage|p2a: Great Tusk|0 fnt
|-unboost|p1a: Dragapult|spa|2
|faint|p2a: Great Tusk
|-end|p2a: Great Tusk|Protosynthesis|[silent]
|
|-weather|none
|upkeep
|
|t:|1779653216
|switch|p2a: Torkoal|Torkoal, F|61/100
|-weather|SunnyDay|[from] ability: Drought|[of] p2a: Torkoal
|turn|9
|
|t:|1779653240
|switch|p1a: Gliscor|Gliscor, F|100/100
|move|p2a: Torkoal|Will-O-Wisp|p1a: Gliscor
|-status|p1a: Gliscor|brn
|
|-weather|SunnyDay|[upkeep]
|-damage|p1a: Gliscor|94/100 brn|[from] brn
|upkeep
|turn|10
|c|☆Laban1024|everyhting else died tho
|
|t:|1779653253
|move|p1a: Gliscor|Toxic|p2a: Torkoal
|-status|p2a: Torkoal|tox
|move|p2a: Torkoal|Rapid Spin|p1a: Gliscor
|-damage|p1a: Gliscor|88/100 brn
|-boost|p2a: Torkoal|spe|1
|
|-weather|SunnyDay|[upkeep]
|-damage|p2a: Torkoal|55/100 tox|[from] psn
|-damage|p1a: Gliscor|82/100 brn|[from] brn
|upkeep
|turn|11
|
|t:|1779653264
|move|p1a: Gliscor|Knock Off|p2a: Torkoal
|-damage|p2a: Torkoal|48/100 tox
|-enditem|p2a: Torkoal|Heat Rock|[from] move: Knock Off|[of] p1a: Gliscor
|move|p2a: Torkoal|Overheat|p1a: Gliscor
|-damage|p1a: Gliscor|0 fnt
|-unboost|p2a: Torkoal|spa|2
|faint|p1a: Gliscor
|
|-weather|SunnyDay|[upkeep]
|-damage|p2a: Torkoal|36/100 tox|[from] psn
|upkeep
|c|☆Laban1024|oh wow
|c|☆Laban1024|i expected that to do less
|
|t:|1779653276
|switch|p1a: Garganacl|Garganacl, M|100/100
|turn|12
|
|t:|1779653280
|move|p2a: Torkoal|Will-O-Wisp|p1a: Garganacl
|-immune|p1a: Garganacl|[from] ability: Purifying Salt
|move|p1a: Garganacl|Salt Cure|p2a: Torkoal
|-supereffective|p2a: Torkoal
|-damage|p2a: Torkoal|20/100 tox
|-start|p2a: Torkoal|Salt Cure
|
|-weather|SunnyDay|[upkeep]
|-damage|p2a: Torkoal|2/100 tox|[from] psn
|-damage|p2a: Torkoal|0 fnt|[from] Salt Cure
|faint|p2a: Torkoal
|upkeep
|c|☆Laban1024|did not know it did that
|
|t:|1779653292
|switch|p2a: Walking Wake|Walking Wake|100/100
|-activate|p2a: Walking Wake|ability: Protosynthesis
|-start|p2a: Walking Wake|protosynthesisspe
|turn|13
|
|t:|1779653299
|move|p2a: Walking Wake|Hydro Steam|p1a: Garganacl
|-supereffective|p1a: Garganacl
|-damage|p1a: Garganacl|0 fnt
|faint|p1a: Garganacl
|
|-weather|SunnyDay|[upkeep]
|upkeep
|
|t:|1779653304
|switch|p1a: Dragapult|Dragapult, F|100/100
|turn|14
|c|☆Laban1024|btw
|c|☆Laban1024|whyd u make this
|c|☆Laban1024|tera fire
|c|☆Laban1024|tera water is just better
|inactive|Laban1024 has 270 seconds left.
|
|t:|1779653338
|-terastallize|p2a: Walking Wake|Fire
|move|p2a: Walking Wake|Hydro Steam|p1a: Dragapult
|-resisted|p1a: Dragapult
|-damage|p1a: Dragapult|44/100
|move|p1a: Dragapult|Draco Meteor|p2a: Walking Wake
|-damage|p2a: Walking Wake|4/100
|-unboost|p1a: Dragapult|spa|2
|
|-weather|SunnyDay|[upkeep]
|upkeep
|turn|15
|
|t:|1779653350
|move|p2a: Walking Wake|Hydro Steam|p1a: Dragapult
|-resisted|p1a: Dragapult
|-damage|p1a: Dragapult|0 fnt
|faint|p1a: Dragapult
|
|-weather|SunnyDay|[upkeep]
|upkeep
|
|t:|1779653352
|switch|p1a: Kingambit|Kingambit, F|100/100
|-activate|p1a: Kingambit|ability: Supreme Overlord
|-start|p1a: Kingambit|fallen4|[silent]
|turn|16
|
|t:|1779653356
|move|p1a: Kingambit|Sucker Punch|p2a: Walking Wake
|-damage|p2a: Walking Wake|0 fnt
|faint|p2a: Walking Wake
|-end|p2a: Walking Wake|Protosynthesis|[silent]
|
|-weather|none
|upkeep
|
|t:|1779653369
|switch|p2a: Ceruledge|Ceruledge, M|100/100
|turn|17
|
|t:|1779653378
|-end|p1a: Kingambit|fallen4|[silent]
|switch|p1a: Zamazenta|Zamazenta|85/100 brn
|move|p2a: Ceruledge|Close Combat|p1a: Zamazenta
|-damage|p1a: Zamazenta|52/100 brn
|-unboost|p2a: Ceruledge|def|1
|-unboost|p2a: Ceruledge|spd|1
|
|-damage|p1a: Zamazenta|45/100 brn|[from] brn
|upkeep
|turn|18
|
|t:|1779653391
|move|p1a: Zamazenta|Crunch|p2a: Ceruledge
|-supereffective|p2a: Ceruledge
|-damage|p2a: Ceruledge|45/100
|-ability|p2a: Ceruledge|Weak Armor|boost
|-unboost|p2a: Ceruledge|def|1
|-boost|p2a: Ceruledge|spe|2
|move|p2a: Ceruledge|Bitter Blade|p1a: Zamazenta
|-damage|p1a: Zamazenta|0 fnt
|-heal|p2a: Ceruledge|70/100|[from] drain|[of] p1a: Zamazenta
|faint|p1a: Zamazenta
|
|upkeep
|
|t:|1779653399
|switch|p1a: Kingambit|Kingambit, F|100/100
|-activate|p1a: Kingambit|ability: Supreme Overlord
|-start|p1a: Kingambit|fallen5|[silent]
|turn|19
|
|t:|1779653407
|-terastallize|p1a: Kingambit|Ghost
|move|p2a: Ceruledge|Shadow Sneak|p1a: Kingambit
|-supereffective|p1a: Kingambit
|-damage|p1a: Kingambit|69/100
|move|p1a: Kingambit|Sucker Punch||[still]
|-fail|p1a: Kingambit
|
|upkeep
|turn|20
|
|t:|1779653418
|move|p1a: Kingambit|Sucker Punch|p2a: Ceruledge
|-supereffective|p2a: Ceruledge
|-damage|p2a: Ceruledge|0 fnt
|faint|p2a: Ceruledge
|
|upkeep
|c|☆Laban1024|sigh
|c|☆Laban1024|i hate gambit mind games
|c|☆Laban1024|they hurt my brain
|
|t:|1779653429
|switch|p2a: Raging Bolt|Raging Bolt|100/100
|-item|p2a: Raging Bolt|Air Balloon
|turn|21
|
|t:|1779653443
|move|p2a: Raging Bolt|Calm Mind|p2a: Raging Bolt
|-boost|p2a: Raging Bolt|spa|1
|-boost|p2a: Raging Bolt|spd|1
|move|p1a: Kingambit|Kowtow Cleave|p2a: Raging Bolt
|-damage|p2a: Raging Bolt|36/100
|-enditem|p2a: Raging Bolt|Air Balloon
|
|upkeep
|turn|22
|
|t:|1779653450
|move|p2a: Raging Bolt|Thunderclap|p1a: Kingambit
|-damage|p1a: Kingambit|1/100
|move|p1a: Kingambit|Kowtow Cleave|p2a: Raging Bolt
|-damage|p2a: Raging Bolt|0 fnt
|faint|p2a: Raging Bolt
|-end|p2a: Raging Bolt|Protosynthesis|[silent]
|
|win|BlabberSaur
