|j|☆alooi9700
|j|☆SillySushi
|t:|1779588152
|gametype|singles
|player|p1|alooi9700|1|1383
|player|p2|SillySushi|maid|1312
|gen|9
|tier|[Gen 9] OU
|rated|
|rule|HP Percentage Mod: HP is shown in percentages
|rule|Endless Battle Clause: Forcing endless battles is banned
|rule|Species Clause: Limit one of each Pokémon
|rule|OHKO Clause: OHKO moves are banned
|rule|Evasion Items Clause: Evasion items are banned
|rule|Evasion Moves Clause: Evasion moves are banned
|rule|Evasion Abilities Clause: Evasion abilities are banned
|rule|Sleep Moves Clause: Sleep-inducing moves are banned
|clearpoke
|poke|p1|Zapdos|
|poke|p1|Iron Treads|
|poke|p1|Samurott-Hisui, M|
|poke|p1|Ceruledge, M|
|poke|p1|Gholdengo|
|poke|p1|Kingambit, M|
|poke|p2|Pelipper, F|
|poke|p2|Kingdra, M|
|poke|p2|Barraskewda, F|
|poke|p2|Tornadus-Therian, M|
|poke|p2|Iron Moth|
|poke|p2|Iron Treads|
|teampreview
|
|t:|1779588167
|teamsize|p1|6
|teamsize|p2|6
|start
|switch|p1a: Samurott|Samurott-Hisui, M|100/100
|switch|p2a: Pelipper|Pelipper, F|100/100
|-weather|RainDance|[from] ability: Drizzle|[of] p2a: Pelipper
|turn|1
|inactive|Battle timer is ON: inactive players will automatically lose when time's up. (requested by SillySushi)
|
|t:|1779588180
|move|p1a: Samurott|Ceaseless Edge|p2a: Pelipper
|-damage|p2a: Pelipper|70/100
|-sidestart|p2: SillySushi|Spikes
|move|p2a: Pelipper|U-turn|p1a: Samurott
|-supereffective|p1a: Samurott
|-damage|p1a: Samurott|79/100
|inactive|SillySushi has 120 seconds left.
|inactive|SillySushi has 90 seconds left.
|
|t:|1779588245
|switch|p2a: Barraskewda|Barraskewda, F|100/100|[from] U-turn
|-damage|p2a: Barraskewda|88/100|[from] Spikes
|
|-weather|RainDance|[upkeep]
|upkeep
|turn|2
|inactive|alooi9700 has 120 seconds left.
|
|t:|1779588294
|move|p1a: Samurott|Sucker Punch|p2a: Barraskewda
|-damage|p2a: Barraskewda|33/100
|move|p2a: Barraskewda|Flip Turn|p1a: Samurott
|-resisted|p1a: Samurott
|-damage|p1a: Samurott|38/100
|inactive|SillySushi has 120 seconds left.
|inactive|SillySushi has 90 seconds left.
|
|t:|1779588356
|switch|p2a: Iron Treads|Iron Treads|100/100|[from] Flip Turn
|-item|p2a: Iron Treads|Air Balloon
|
|-weather|RainDance|[upkeep]
|upkeep
|turn|3
|
|t:|1779588384
|move|p2a: Iron Treads|Earthquake|p1a: Samurott
|-damage|p1a: Samurott|0 fnt
|faint|p1a: Samurott
|
|-weather|RainDance|[upkeep]
|upkeep
|
|t:|1779588394
|switch|p1a: Zapdos|Zapdos|100/100
|turn|4
|
|t:|1779588397
|move|p2a: Iron Treads|Stealth Rock|p1a: Zapdos
|-sidestart|p1: alooi9700|move: Stealth Rock
|move|p1a: Zapdos|Hurricane|p2a: Iron Treads
|-resisted|p2a: Iron Treads
|-damage|p2a: Iron Treads|68/100
|-enditem|p2a: Iron Treads|Air Balloon
|
|-weather|RainDance|[upkeep]
|upkeep
|turn|5
|inactive|alooi9700 has 90 seconds left.
|
|t:|1779588424
|move|p2a: Iron Treads|Rapid Spin|p1a: Zapdos
|-damage|p1a: Zapdos|90/100
|-boost|p2a: Iron Treads|spe|1
|-sideend|p2: SillySushi|Spikes|[from] move: Rapid Spin|[of] p2a: Iron Treads
|move|p1a: Zapdos|Hurricane|p2a: Iron Treads
|-resisted|p2a: Iron Treads
|-damage|p2a: Iron Treads|35/100
|
|-weather|RainDance|[upkeep]
|upkeep
|turn|6
|-message|alooi9700 forfeited.
|
|win|SillySushi
|raw|alooi9700's rating: 1383 &rarr; <strong>1359</strong><br />(-24 for losing)
|raw|SillySushi's rating: 1312 &rarr; <strong>1336</strong><br />(+24 for winning)
|l|☆alooi9700
|player|p1|
