|j|☆Sil3nt_Phant0m
|j|☆claudechamp
|t:|1779724475
|gametype|singles
|player|p1|Sil3nt_Phant0m|lance|1138
|player|p2|claudechamp|265|1175
|gen|9
|tier|[Gen 9] OU
|rated|
|rule|HP Percentage Mod: HP is shown in percentages
|rule|Endless Battle Clause: Forcing endless battles is banned
|rule|Species Clause: Limit one of each Pokémon
|rule|OHKO Clause: OHKO moves are banned
|rule|Evasion Items Clause: Evasion items are banned
|rule|Evasion Moves Clause: Evasion moves are banned
|rule|Evasion Abilities Clause: Evasion abilities are banned
|rule|Sleep Moves Clause: Sleep-inducing moves are banned
|clearpoke
|poke|p1|Dragapult, F|
|poke|p1|Gliscor, F|
|poke|p1|Kingambit, F|
|poke|p1|Glimmora, M|
|poke|p1|Ceruledge, F|
|poke|p1|Garganacl, F|
|poke|p2|Gliscor, F|
|poke|p2|Gholdengo|
|poke|p2|Zamazenta-*|
|poke|p2|Blissey, F|
|poke|p2|Skarmory, F|
|poke|p2|Pecharunt|
|teampreview
|c|☆claudechamp|hf
|inactive|Battle timer is ON: inactive players will automatically lose when time's up. (requested by claudechamp)
|
|t:|1779724494
|teamsize|p1|6
|teamsize|p2|6
|start
|switch|p1a: Gliscor|Gliscor, F|100/100
|switch|p2a: Skarmory|Skarmory, F|100/100
|turn|1
|
|t:|1779724502
|move|p1a: Gliscor|Knock Off|p2a: Skarmory
|-damage|p2a: Skarmory|83/100
|-enditem|p2a: Skarmory|Heavy-Duty Boots|[from] move: Knock Off|[of] p1a: Gliscor
|move|p2a: Skarmory|Spikes|p1a: Gliscor
|-sidestart|p1: Sil3nt_Phant0m|Spikes
|
|-status|p1a: Gliscor|tox|[from] item: Toxic Orb
|upkeep
|turn|2
|
|t:|1779724512
|move|p1a: Gliscor|Swords Dance|p1a: Gliscor
|-boost|p1a: Gliscor|atk|2
|move|p2a: Skarmory|Spikes|p1a: Gliscor
|-sidestart|p1: Sil3nt_Phant0m|Spikes
|
|upkeep
|turn|3
|
|t:|1779724516
|move|p1a: Gliscor|Swords Dance|p1a: Gliscor
|-boost|p1a: Gliscor|atk|2
|move|p2a: Skarmory|Whirlwind|p1a: Gliscor
|drag|p1a: Glimmora|Glimmora, M|100/100
|-damage|p1a: Glimmora|84/100|[from] Spikes
|
|-heal|p1a: Glimmora|90/100|[from] item: Black Sludge
|upkeep
|turn|4
|
|t:|1779724526
|move|p1a: Glimmora|Spikes|p2a: Skarmory
|-sidestart|p2: claudechamp|Spikes
|move|p2a: Skarmory|Spikes|p1a: Glimmora
|-sidestart|p1: Sil3nt_Phant0m|Spikes
|
|-heal|p1a: Glimmora|96/100|[from] item: Black Sludge
|upkeep
|turn|5
|
|t:|1779724531
|move|p1a: Glimmora|Stealth Rock|p2a: Skarmory
|-sidestart|p2: claudechamp|move: Stealth Rock
|move|p2a: Skarmory|Whirlwind|p1a: Glimmora
|drag|p1a: Garganacl|Garganacl, F|100/100
|-damage|p1a: Garganacl|75/100|[from] Spikes
|
|-heal|p1a: Garganacl|82/100|[from] item: Leftovers
|upkeep
|turn|6
|
|t:|1779724538
|switch|p2a: Gliscor|Gliscor, F|100/100
|-damage|p2a: Gliscor|88/100|[from] Stealth Rock
|move|p1a: Garganacl|Salt Cure|p2a: Gliscor
|-damage|p2a: Gliscor|77/100
|-start|p2a: Gliscor|Salt Cure
|
|-heal|p1a: Garganacl|88/100|[from] item: Leftovers
|-damage|p2a: Gliscor|64/100|[from] Salt Cure
|-status|p2a: Gliscor|tox|[from] item: Toxic Orb
|upkeep
|turn|7
|
|t:|1779724556
|move|p2a: Gliscor|Swords Dance|p2a: Gliscor
|-boost|p2a: Gliscor|atk|2
|move|p1a: Garganacl|Substitute|p1a: Garganacl
|-start|p1a: Garganacl|Substitute
|-damage|p1a: Garganacl|63/100
|
|-heal|p1a: Garganacl|69/100|[from] item: Leftovers
|-heal|p2a: Gliscor|77/100 tox|[from] ability: Poison Heal
|-damage|p2a: Gliscor|64/100 tox|[from] Salt Cure
|upkeep
|turn|8
|
|t:|1779724572
|move|p2a: Gliscor|Knock Off|p1a: Garganacl
|-activate|p1a: Garganacl|move: Substitute|[damage]
|move|p1a: Garganacl|Stone Edge|p2a: Gliscor
|-damage|p2a: Gliscor|36/100 tox
|
|-heal|p1a: Garganacl|75/100|[from] item: Leftovers
|-heal|p2a: Gliscor|49/100 tox|[from] ability: Poison Heal
|-damage|p2a: Gliscor|36/100 tox|[from] Salt Cure
|upkeep
|turn|9
|
|t:|1779724589
|move|p2a: Gliscor|Earthquake|p1a: Garganacl
|-supereffective|p1a: Garganacl
|-end|p1a: Garganacl|Substitute
|move|p1a: Garganacl|Stone Edge|p2a: Gliscor
|-damage|p2a: Gliscor|9/100 tox
|
|-heal|p1a: Garganacl|81/100|[from] item: Leftovers
|-heal|p2a: Gliscor|21/100 tox|[from] ability: Poison Heal
|-damage|p2a: Gliscor|9/100 tox|[from] Salt Cure
|upkeep
|turn|10
|inactive|Sil3nt_Phant0m has 120 seconds left.
|
|t:|1779724605
|move|p2a: Gliscor|Earthquake|p1a: Garganacl
|-supereffective|p1a: Garganacl
|-damage|p1a: Garganacl|11/100
|move|p1a: Garganacl|Salt Cure|p2a: Gliscor
|-damage|p2a: Gliscor|0 fnt
|faint|p2a: Gliscor
|
|-heal|p1a: Garganacl|17/100|[from] item: Leftovers
|upkeep
|
|t:|1779724611
|switch|p2a: Zamazenta|Zamazenta|100/100
|-ability|p2a: Zamazenta|Dauntless Shield|boost
|-boost|p2a: Zamazenta|def|1
|turn|11
|
|t:|1779724622
|move|p2a: Zamazenta|Close Combat|p1a: Garganacl
|-supereffective|p1a: Garganacl
|-damage|p1a: Garganacl|0 fnt
|-unboost|p2a: Zamazenta|def|1
|-unboost|p2a: Zamazenta|spd|1
|faint|p1a: Garganacl
|
|upkeep
|inactive|Sil3nt_Phant0m has 120 seconds left.
|
|t:|1779724633
|switch|p1a: Glimmora|Glimmora, M|96/100
|-damage|p1a: Glimmora|72/100|[from] Spikes
|turn|12
|inactive|Sil3nt_Phant0m has 120 seconds left.
|
|t:|1779724643
|move|p2a: Zamazenta|Heavy Slam|p1a: Glimmora
|-supereffective|p1a: Glimmora
|-damage|p1a: Glimmora|1/100
|-activate|p1a: Glimmora|ability: Toxic Debris
|-sidestart|p2: claudechamp|move: Toxic Spikes
|move|p1a: Glimmora|Mortal Spin|p2a: Zamazenta
|-damage|p2a: Zamazenta|94/100
|-status|p2a: Zamazenta|psn
|-sideend|p1: Sil3nt_Phant0m|Spikes|[from] move: Mortal Spin|[of] p1a: Glimmora
|
|-heal|p1a: Glimmora|8/100|[from] item: Black Sludge
|-damage|p2a: Zamazenta|82/100 psn|[from] psn
|upkeep
|turn|13
|inactive|Sil3nt_Phant0m has 120 seconds left.
|
|t:|1779724658
|move|p1a: Glimmora|Spiky Shield|p1a: Glimmora
|-singleturn|p1a: Glimmora|move: Protect
|move|p2a: Zamazenta|Ice Fang|p1a: Glimmora
|-activate|p1a: Glimmora|move: Protect
|-damage|p2a: Zamazenta|69/100 psn|[from] Spiky Shield|[of] p1a: Glimmora
|
|-heal|p1a: Glimmora|14/100|[from] item: Black Sludge
|-damage|p2a: Zamazenta|57/100 psn|[from] psn
|upkeep
|turn|14
|inactive|Sil3nt_Phant0m has 120 seconds left.
|
|t:|1779724672
|move|p2a: Zamazenta|Ice Fang|p1a: Glimmora
|-damage|p1a: Glimmora|0 fnt
|-activate|p1a: Glimmora|ability: Toxic Debris
|-sidestart|p2: claudechamp|move: Toxic Spikes
|faint|p1a: Glimmora
|
|-damage|p2a: Zamazenta|45/100 psn|[from] psn
|upkeep
|inactive|Sil3nt_Phant0m has 120 seconds left.
|
|t:|1779724688
|switch|p1a: Ceruledge|Ceruledge, F|100/100
|turn|15
|
|t:|1779724695
|-terastallize|p2a: Zamazenta|Ice
|move|p2a: Zamazenta|Ice Fang|p1a: Ceruledge
|-resisted|p1a: Ceruledge
|-damage|p1a: Ceruledge|77/100
|-ability|p1a: Ceruledge|Weak Armor|boost
|-unboost|p1a: Ceruledge|def|1
|-boost|p1a: Ceruledge|spe|2
|-enditem|p1a: Ceruledge|Kee Berry|[eat]
|-boost|p1a: Ceruledge|def|1|[from] item: Kee Berry
|cant|p1a: Ceruledge|flinch
|
|-damage|p2a: Zamazenta|32/100 psn|[from] psn
|upkeep
|turn|16
|inactive|Sil3nt_Phant0m has 120 seconds left.
|
|t:|1779724713
|move|p1a: Ceruledge|Bitter Blade|p2a: Zamazenta
|-supereffective|p2a: Zamazenta
|-damage|p2a: Zamazenta|0 fnt
|-heal|p1a: Ceruledge|95/100|[from] drain|[of] p2a: Zamazenta
|faint|p2a: Zamazenta
|
|upkeep
|
|t:|1779724717
|switch|p2a: Pecharunt|Pecharunt|100/100
|-sideend|p2: claudechamp|move: Toxic Spikes|[of] p2a: Pecharunt
|turn|17
|inactive|Sil3nt_Phant0m has 120 seconds left.
|
|t:|1779724728
|move|p1a: Ceruledge|Bitter Blade|p2a: Pecharunt
|-damage|p2a: Pecharunt|78/100
|-heal|p1a: Ceruledge|100/100|[from] drain|[of] p2a: Pecharunt
|move|p2a: Pecharunt|Parting Shot|p1a: Ceruledge
|-unboost|p1a: Ceruledge|atk|1
|-unboost|p1a: Ceruledge|spa|1
|
|t:|1779724731
|switch|p2a: Blissey|Blissey, F|100/100|[from] Parting Shot
|
|upkeep
|turn|18
|
|t:|1779724741
|move|p1a: Ceruledge|Swords Dance|p1a: Ceruledge
|-boost|p1a: Ceruledge|atk|2
|move|p2a: Blissey|Stealth Rock|p1a: Ceruledge
|-sidestart|p1: Sil3nt_Phant0m|move: Stealth Rock
|
|upkeep
|turn|19
|
|t:|1779724747
|move|p1a: Ceruledge|Swords Dance|p1a: Ceruledge
|-boost|p1a: Ceruledge|atk|2
|move|p2a: Blissey|Shadow Ball|p1a: Ceruledge
|-supereffective|p1a: Ceruledge
|-damage|p1a: Ceruledge|68/100
|
|upkeep
|turn|20
|
|t:|1779724756
|switch|p2a: Skarmory|Skarmory, F|83/100
|-damage|p2a: Skarmory|71/100|[from] Stealth Rock
|move|p1a: Ceruledge|Bitter Blade|p2a: Skarmory
|-supereffective|p2a: Skarmory
|-damage|p2a: Skarmory|0 fnt
|-heal|p1a: Ceruledge|100/100|[from] drain|[of] p2a: Skarmory
|faint|p2a: Skarmory
|
|upkeep
|
|t:|1779724760
|switch|p2a: Blissey|Blissey, F|100/100
|turn|21
|
|t:|1779724771
|move|p1a: Ceruledge|Bitter Blade|p2a: Blissey
|-damage|p2a: Blissey|0 fnt
|faint|p2a: Blissey
|
|upkeep
|
|t:|1779724775
|switch|p2a: Pecharunt|Pecharunt|78/100
|turn|22
|
|t:|1779724779
|move|p1a: Ceruledge|Bitter Blade|p2a: Pecharunt
|-damage|p2a: Pecharunt|20/100
|move|p2a: Pecharunt|Shadow Ball|p1a: Ceruledge
|-supereffective|p1a: Ceruledge
|-damage|p1a: Ceruledge|42/100
|
|upkeep
|turn|23
|
|t:|1779724791
|move|p1a: Ceruledge|Shadow Sneak|p2a: Pecharunt
|-supereffective|p2a: Pecharunt
|-damage|p2a: Pecharunt|0 fnt
|faint|p2a: Pecharunt
|
|upkeep
|
|t:|1779724796
|switch|p2a: Gholdengo|Gholdengo|100/100
|-damage|p2a: Gholdengo|88/100|[from] Spikes
|-damage|p2a: Gholdengo|82/100|[from] Stealth Rock
|turn|24
|
|t:|1779724803
|move|p1a: Ceruledge|Bitter Blade|p2a: Gholdengo
|-supereffective|p2a: Gholdengo
|-damage|p2a: Gholdengo|0 fnt
|-heal|p1a: Ceruledge|95/100|[from] drain|[of] p2a: Gholdengo
|faint|p2a: Gholdengo
|
|win|Sil3nt_Phant0m
|raw|Sil3nt_Phant0m's rating: 1138 &rarr; <strong>1169</strong><br />(+31 for winning)
|raw|claudechamp's rating: 1224 &rarr; <strong>1193</strong><br />(-31 for losing)
|c|☆claudechamp|gg
