|j|☆greattrainer123
|j|☆hide on top10
|t:|1779610587
|gametype|singles
|player|p1|greattrainer123|2|1430
|player|p2|hide on top10|169|1485
|gen|9
|tier|[Gen 9] OU
|rated|
|rule|HP Percentage Mod: HP is shown in percentages
|rule|Endless Battle Clause: Forcing endless battles is banned
|rule|Species Clause: Limit one of each Pokémon
|rule|OHKO Clause: OHKO moves are banned
|rule|Evasion Items Clause: Evasion items are banned
|rule|Evasion Moves Clause: Evasion moves are banned
|rule|Evasion Abilities Clause: Evasion abilities are banned
|rule|Sleep Moves Clause: Sleep-inducing moves are banned
|clearpoke
|poke|p1|Deoxys-Speed|
|poke|p1|Alomomola, M|
|poke|p1|Zamazenta-*|
|poke|p1|Slowking-Galar, F|
|poke|p1|Cinderace, M|
|poke|p1|Lokix, F|
|poke|p2|Tyranitar, M|
|poke|p2|Excadrill, F|
|poke|p2|Keldeo-Resolute|
|poke|p2|Tornadus-Therian, M|
|poke|p2|Heatran, F|
|poke|p2|Hydrapple, F|
|teampreview
|inactive|Battle timer is ON: inactive players will automatically lose when time's up. (requested by greattrainer123)
|j| Aerogood
|j| NoirSoumission
|
|t:|1779610620
|teamsize|p1|6
|teamsize|p2|6
|start
|switch|p1a: Deoxys|Deoxys-Speed|100/100
|switch|p2a: Tornadus|Tornadus-Therian, M|100/100
|-ability|p1a: Deoxys|Pressure
|turn|1
|
|t:|1779610630
|-terastallize|p1a: Deoxys|Psychic
|move|p1a: Deoxys|Psycho Boost|p2a: Tornadus
|-damage|p2a: Tornadus|1/100
|-unboost|p1a: Deoxys|spa|2
|-damage|p1a: Deoxys|91/100|[from] item: Life Orb
|move|p2a: Tornadus|Taunt|p1a: Deoxys
|-start|p1a: Deoxys|move: Taunt
|
|upkeep
|turn|2
|
|t:|1779610647
|switch|p2a: Hydrapple|Hydrapple, F|100/100
|move|p1a: Deoxys|Ice Beam|p2a: Hydrapple
|-supereffective|p2a: Hydrapple
|-damage|p2a: Hydrapple|31/100
|-status|p2a: Hydrapple|frz
|-damage|p1a: Deoxys|81/100|[from] item: Life Orb
|
|upkeep
|turn|3
|
|t:|1779610670
|switch|p2a: Heatran|Heatran, F|100/100
|move|p1a: Deoxys|Low Kick|p2a: Heatran
|-supereffective|p2a: Heatran
|-damage|p2a: Heatran|32/100
|-damage|p1a: Deoxys|71/100|[from] item: Life Orb
|
|-heal|p2a: Heatran|39/100|[from] item: Leftovers
|upkeep
|turn|4
|
|t:|1779610681
|switch|p2a: Hydrapple|Hydrapple, F|65/100 frz
|move|p1a: Deoxys|Low Kick|p2a: Hydrapple
|-damage|p2a: Hydrapple|49/100 frz
|-damage|p1a: Deoxys|54/100|[from] item: Rocky Helmet|[of] p2a: Hydrapple
|-damage|p1a: Deoxys|44/100|[from] item: Life Orb
|
|-end|p1a: Deoxys|move: Taunt
|upkeep
|turn|5
|inactive|hide on top10 has 120 seconds left.
|
|t:|1779610711
|switch|p2a: Heatran|Heatran, F|39/100
|move|p1a: Deoxys|Substitute|p1a: Deoxys
|-start|p1a: Deoxys|Substitute
|-damage|p1a: Deoxys|19/100
|
|-heal|p2a: Heatran|45/100|[from] item: Leftovers
|upkeep
|turn|6
|
|t:|1779610719
|switch|p2a: Hydrapple|Hydrapple, F|82/100 frz
|move|p1a: Deoxys|Low Kick|p2a: Hydrapple
|-damage|p2a: Hydrapple|67/100 frz
|-damage|p1a: Deoxys|3/100|[from] item: Rocky Helmet|[of] p2a: Hydrapple
|-damage|p1a: Deoxys|0 fnt|[from] item: Life Orb
|faint|p1a: Deoxys
|
|upkeep
|
|t:|1779610722
|switch|p1a: Lokix|Lokix, F|100/100
|turn|7
|inactive|hide on top10 has 120 seconds left.
|
|t:|1779610733
|-terastallize|p2a: Hydrapple|Fairy
|move|p1a: Lokix|U-turn|p2a: Hydrapple
|-resisted|p2a: Hydrapple
|-damage|p2a: Hydrapple|36/100 frz
|-damage|p1a: Lokix|84/100|[from] item: Rocky Helmet|[of] p2a: Hydrapple
|
|t:|1779610742
|switch|p1a: Cinderace|Cinderace, M|100/100|[from] U-turn
|cant|p2a: Hydrapple|frz
|
|upkeep
|turn|8
|inactive|hide on top10 has 120 seconds left.
|
|t:|1779610758
|switch|p2a: Heatran|Heatran, F|45/100
|move|p1a: Cinderace|Pyro Ball|p2a: Heatran
|-damage|p2a: Heatran|0 fnt
|faint|p2a: Heatran
|
|upkeep
|inactive|hide on top10 has 120 seconds left.
|
|t:|1779610769
|switch|p2a: Tyranitar|Tyranitar, M|100/100
|-weather|Sandstorm|[from] ability: Sand Stream|[of] p2a: Tyranitar
|turn|9
|
|t:|1779610780
|switch|p1a: Alomomola|Alomomola, M|100/100
|switch|p2a: Hydrapple|Hydrapple, F, tera:Fairy|70/100 frz
|
|-weather|Sandstorm|[upkeep]
|-damage|p1a: Alomomola|94/100|[from] Sandstorm
|-damage|p2a: Hydrapple|64/100 frz|[from] Sandstorm
|upkeep
|turn|10
|
|t:|1779610788
|move|p1a: Alomomola|Flip Turn|p2a: Hydrapple
|-damage|p2a: Hydrapple|54/100 frz
|-damage|p1a: Alomomola|78/100|[from] item: Rocky Helmet|[of] p2a: Hydrapple
|
|t:|1779610793
|switch|p1a: Slowking|Slowking-Galar, F|100/100|[from] Flip Turn
|cant|p2a: Hydrapple|frz
|
|-weather|Sandstorm|[upkeep]
|-damage|p2a: Hydrapple|48/100 frz|[from] Sandstorm
|-damage|p1a: Slowking|94/100|[from] Sandstorm
|-heal|p1a: Slowking|100/100|[from] item: Leftovers
|upkeep
|turn|11
|
|t:|1779610803
|switch|p2a: Tyranitar|Tyranitar, M|100/100
|move|p1a: Slowking|Future Sight|p2a: Tyranitar
|-start|p1a: Slowking|move: Future Sight
|
|-weather|Sandstorm|[upkeep]
|-damage|p1a: Slowking|94/100|[from] Sandstorm
|-heal|p1a: Slowking|100/100|[from] item: Leftovers
|upkeep
|turn|12
|
|t:|1779610817
|switch|p1a: Alomomola|Alomomola, M|100/100
|move|p2a: Tyranitar|Knock Off|p1a: Alomomola
|-damage|p1a: Alomomola|56/100
|-enditem|p1a: Alomomola|Red Card|[from] move: Knock Off|[of] p2a: Tyranitar
|
|-weather|Sandstorm|[upkeep]
|-damage|p1a: Alomomola|50/100|[from] Sandstorm
|upkeep
|turn|13
|
|t:|1779610828
|switch|p2a: Hydrapple|Hydrapple, F, tera:Fairy|81/100 frz
|move|p1a: Alomomola|Wish|p1a: Alomomola
|
|-weather|none
|-end|p2a: Hydrapple|move: Future Sight
|-crit|p2a: Hydrapple
|-damage|p2a: Hydrapple|15/100 frz
|upkeep
|turn|14
|
|t:|1779610840
|move|p1a: Alomomola|Flip Turn|p2a: Hydrapple
|-damage|p2a: Hydrapple|6/100 frz
|-damage|p1a: Alomomola|33/100|[from] item: Rocky Helmet|[of] p2a: Hydrapple
|
|t:|1779610847
|switch|p1a: Lokix|Lokix, F|84/100|[from] Flip Turn
|cant|p2a: Hydrapple|frz
|
|-heal|p1a: Lokix|100/100|[from] move: Wish|[wisher] Alomomola
|upkeep
|turn|15
|
|t:|1779610856
|move|p1a: Lokix|U-turn|p2a: Hydrapple
|-resisted|p2a: Hydrapple
|-damage|p2a: Hydrapple|0 fnt
|-damage|p1a: Lokix|84/100|[from] item: Rocky Helmet|[of] p2a: Hydrapple
|faint|p2a: Hydrapple
|
|t:|1779610859
|switch|p1a: Alomomola|Alomomola, M|66/100|[from] U-turn
|
|upkeep
|inactive|hide on top10 has 120 seconds left.
|
|t:|1779610896
|switch|p2a: Tornadus|Tornadus-Therian, M|34/100
|turn|16
|inactive|hide on top10 has 120 seconds left.
|
|t:|1779610928
|move|p1a: Alomomola|Protect|p1a: Alomomola
|-singleturn|p1a: Alomomola|Protect
|move|p2a: Tornadus|Bleakwind Storm|p1a: Alomomola
|-activate|p1a: Alomomola|move: Protect
|
|upkeep
|turn|17
|inactive|greattrainer123 has 120 seconds left.
|
|t:|1779610965
|switch|p1a: Slowking|Slowking-Galar, F|100/100
|move|p2a: Tornadus|Bleakwind Storm|p1a: Slowking
|-damage|p1a: Slowking|77/100
|
|-heal|p1a: Slowking|83/100|[from] item: Leftovers
|upkeep
|turn|18
|inactive|hide on top10 has 90 seconds left.
|inactive|hide on top10 has 60 seconds left.
|
|t:|1779611032
|move|p2a: Tornadus|U-turn|p1a: Slowking
|-damage|p1a: Slowking|67/100
|
|t:|1779611034
|switch|p2a: Tyranitar|Tyranitar, M|100/100|[from] U-turn
|-weather|Sandstorm|[from] ability: Sand Stream|[of] p2a: Tyranitar
|move|p1a: Slowking|Future Sight|p2a: Tyranitar
|-start|p1a: Slowking|move: Future Sight
|
|-weather|Sandstorm|[upkeep]
|-damage|p1a: Slowking|61/100|[from] Sandstorm
|-heal|p1a: Slowking|67/100|[from] item: Leftovers
|upkeep
|turn|19
|
|t:|1779611047
|switch|p1a: Alomomola|Alomomola, M|99/100
|move|p2a: Tyranitar|Stone Edge|p1a: Alomomola
|-damage|p1a: Alomomola|57/100
|
|-weather|Sandstorm|[upkeep]
|-damage|p1a: Alomomola|51/100|[from] Sandstorm
|upkeep
|turn|20
|
|t:|1779611053
|move|p2a: Tyranitar|Stone Edge|p1a: Alomomola
|-damage|p1a: Alomomola|3/100
|move|p1a: Alomomola|Flip Turn|p2a: Tyranitar
|-supereffective|p2a: Tyranitar
|-crit|p2a: Tyranitar
|-damage|p2a: Tyranitar|57/100
|
|t:|1779611062
|switch|p1a: Zamazenta|Zamazenta|100/100|[from] Flip Turn
|-ability|p1a: Zamazenta|Dauntless Shield|boost
|-boost|p1a: Zamazenta|def|1
|
|-weather|Sandstorm|[upkeep]
|-damage|p1a: Zamazenta|94/100|[from] Sandstorm
|-end|p2a: Tyranitar|move: Future Sight
|-immune|p2a: Tyranitar
|upkeep
|turn|21
|
|t:|1779611067
|switch|p2a: Tornadus|Tornadus-Therian, M|68/100
|move|p1a: Zamazenta|Close Combat|p2a: Tornadus
|-resisted|p2a: Tornadus
|-damage|p2a: Tornadus|16/100
|-unboost|p1a: Zamazenta|def|1
|-unboost|p1a: Zamazenta|spd|1
|
|-weather|Sandstorm|[upkeep]
|-damage|p1a: Zamazenta|88/100|[from] Sandstorm
|-damage|p2a: Tornadus|10/100|[from] Sandstorm
|upkeep
|turn|22
|
|t:|1779611074
|move|p1a: Zamazenta|Close Combat|p2a: Tornadus
|-resisted|p2a: Tornadus
|-damage|p2a: Tornadus|0 fnt
|-unboost|p1a: Zamazenta|def|1
|-unboost|p1a: Zamazenta|spd|1
|faint|p2a: Tornadus
|
|-weather|none
|upkeep
|inactive|hide on top10 has 60 seconds left.
|
|t:|1779611091
|switch|p2a: Keldeo|Keldeo-Resolute|100/100
|turn|23
|inactive|hide on top10 has 60 seconds left.
|
|t:|1779611103
|switch|p1a: Slowking|Slowking-Galar, F|99/100
|move|p2a: Keldeo|Flip Turn|p1a: Slowking
|-crit|p1a: Slowking
|-damage|p1a: Slowking|80/100
|
|t:|1779611107
|switch|p2a: Tyranitar|Tyranitar, M|57/100|[from] Flip Turn
|-weather|Sandstorm|[from] ability: Sand Stream|[of] p2a: Tyranitar
|
|-weather|Sandstorm|[upkeep]
|-damage|p1a: Slowking|74/100|[from] Sandstorm
|-heal|p1a: Slowking|80/100|[from] item: Leftovers
|upkeep
|turn|24
|
|t:|1779611114
|switch|p1a: Zamazenta|Zamazenta|88/100
|move|p2a: Tyranitar|Knock Off|p1a: Zamazenta
|-resisted|p1a: Zamazenta
|-damage|p1a: Zamazenta|50/100
|-enditem|p1a: Zamazenta|Choice Band|[from] move: Knock Off|[of] p2a: Tyranitar
|
|-weather|Sandstorm|[upkeep]
|-damage|p1a: Zamazenta|44/100|[from] Sandstorm
|upkeep
|turn|25
|
|t:|1779611121
|move|p1a: Zamazenta|Close Combat|p2a: Tyranitar
|-supereffective|p2a: Tyranitar
|-damage|p2a: Tyranitar|0 fnt
|-unboost|p1a: Zamazenta|def|1
|-unboost|p1a: Zamazenta|spd|1
|faint|p2a: Tyranitar
|
|-weather|Sandstorm|[upkeep]
|-damage|p1a: Zamazenta|38/100|[from] Sandstorm
|upkeep
|
|t:|1779611128
|switch|p2a: Excadrill|Excadrill, F|100/100
|-item|p2a: Excadrill|Air Balloon
|turn|26
|
|t:|1779611147
|switch|p1a: Alomomola|Alomomola, M|36/100
|move|p2a: Excadrill|Earthquake|p1a: Alomomola
|-damage|p1a: Alomomola|3/100
|
|-weather|Sandstorm|[upkeep]
|-damage|p1a: Alomomola|0 fnt|[from] Sandstorm
|faint|p1a: Alomomola
|upkeep
|
|t:|1779611165
|switch|p1a: Lokix|Lokix, F|84/100
|turn|27
|
|t:|1779611176
|move|p1a: Lokix|Sucker Punch|p2a: Excadrill
|-damage|p2a: Excadrill|28/100
|-enditem|p2a: Excadrill|Air Balloon
|move|p2a: Excadrill|Iron Head|p1a: Lokix
|-damage|p1a: Lokix|23/100
|
|-weather|none
|upkeep
|turn|28
|
|t:|1779611193
|switch|p1a: Cinderace|Cinderace, M|100/100
|move|p2a: Excadrill|Swords Dance|p2a: Excadrill
|-boost|p2a: Excadrill|atk|2
|
|upkeep
|turn|29
|
|t:|1779611204
|move|p1a: Cinderace|Pyro Ball|p2a: Excadrill
|-supereffective|p2a: Excadrill
|-damage|p2a: Excadrill|0 fnt
|faint|p2a: Excadrill
|
|upkeep
|
|t:|1779611208
|switch|p2a: Keldeo|Keldeo-Resolute|100/100
|turn|30
|
|t:|1779611214
|move|p1a: Cinderace|Substitute|p1a: Cinderace
|-start|p1a: Cinderace|typechange|Normal|[from] ability: Libero
|-start|p1a: Cinderace|Substitute
|-damage|p1a: Cinderace|76/100
|move|p2a: Keldeo|Surf|p1a: Cinderace
|-end|p1a: Cinderace|Substitute
|
|upkeep
|turn|31
|
|t:|1779611222
|move|p1a: Cinderace|Pyro Ball|p2a: Keldeo
|-resisted|p2a: Keldeo
|-damage|p2a: Keldeo|78/100
|move|p2a: Keldeo|Surf|p1a: Cinderace
|-damage|p1a: Cinderace|0 fnt
|faint|p1a: Cinderace
|
|upkeep
|
|t:|1779611228
|switch|p1a: Slowking|Slowking-Galar, F|100/100
|turn|32
|
|t:|1779611230
|move|p2a: Keldeo|Surf|p1a: Slowking
|-damage|p1a: Slowking|59/100
|move|p1a: Slowking|Toxic|p2a: Keldeo
|-status|p2a: Keldeo|tox
|
|-heal|p1a: Slowking|65/100|[from] item: Leftovers
|-damage|p2a: Keldeo|71/100 tox|[from] psn
|upkeep
|turn|33
|
|t:|1779611235
|move|p2a: Keldeo|Surf|p1a: Slowking
|-damage|p1a: Slowking|25/100
|move|p1a: Slowking|Slack Off|p1a: Slowking
|-heal|p1a: Slowking|75/100
|
|-heal|p1a: Slowking|81/100|[from] item: Leftovers
|-damage|p2a: Keldeo|59/100 tox|[from] psn
|upkeep
|turn|34
|
|t:|1779611239
|move|p2a: Keldeo|Surf|p1a: Slowking
|-damage|p1a: Slowking|40/100
|move|p1a: Slowking|Slack Off|p1a: Slowking
|-heal|p1a: Slowking|90/100
|
|-heal|p1a: Slowking|96/100|[from] item: Leftovers
|-damage|p2a: Keldeo|40/100 tox|[from] psn
|upkeep
|turn|35
|
|t:|1779611248
|move|p2a: Keldeo|Surf|p1a: Slowking
|-damage|p1a: Slowking|52/100
|move|p1a: Slowking|Future Sight|p2a: Keldeo
|-start|p1a: Slowking|move: Future Sight
|
|-heal|p1a: Slowking|58/100|[from] item: Leftovers
|-damage|p2a: Keldeo|16/100 tox|[from] psn
|upkeep
|turn|36
|-message|hide on top10 forfeited.
|
|win|greattrainer123
|raw|greattrainer123's rating: 1430 &rarr; <strong>1453</strong><br />(+23 for winning)
|raw|hide on top10's rating: 1485 &rarr; <strong>1462</strong><br />(-23 for losing)
|l|☆hide on top10
|player|p2|
|l|☆greattrainer123
|player|p1|
|l| NoirSoumission
