|j|☆Xenofist
|j|☆Leader Alastor
|t:|1779572795
|gametype|singles
|player|p1|Xenofist|blackbelt-gen4dp|1392
|player|p2|Leader Alastor|blue|1374
|gen|9
|tier|[Gen 9] OU
|rated|
|rule|HP Percentage Mod: HP is shown in percentages
|rule|Endless Battle Clause: Forcing endless battles is banned
|rule|Species Clause: Limit one of each Pokémon
|rule|OHKO Clause: OHKO moves are banned
|rule|Evasion Items Clause: Evasion items are banned
|rule|Evasion Moves Clause: Evasion moves are banned
|rule|Evasion Abilities Clause: Evasion abilities are banned
|rule|Sleep Moves Clause: Sleep-inducing moves are banned
|clearpoke
|poke|p1|Hoopa|
|poke|p1|Cinderace, M|
|poke|p1|Mandibuzz, F|
|poke|p1|Kyurem|
|poke|p1|Ting-Lu|
|poke|p1|Manaphy|
|poke|p2|Ceruledge, M|
|poke|p2|Iron Valiant|
|poke|p2|Lilligant, F|
|poke|p2|Cloyster, M|
|poke|p2|Noivern, M|
|poke|p2|Malamar, M|
|teampreview
|inactive|Battle timer is ON: inactive players will automatically lose when time's up. (requested by Leader Alastor)
|
|t:|1779572822
|teamsize|p1|6
|teamsize|p2|6
|start
|switch|p1a: Ting-Lucifer|Ting-Lu|100/100
|switch|p2a: Trident|Cloyster, M|100/100
|-ability|p1a: Ting-Lucifer|Vessel of Ruin
|turn|1
|
|t:|1779572826
|move|p2a: Trident|Shell Smash|p2a: Trident
|-unboost|p2a: Trident|def|1
|-unboost|p2a: Trident|spd|1
|-boost|p2a: Trident|atk|2
|-boost|p2a: Trident|spa|2
|-boost|p2a: Trident|spe|2
|move|p1a: Ting-Lucifer|Stone Edge|p2a: Trident
|-supereffective|p2a: Trident
|-damage|p2a: Trident|10/100
|
|upkeep
|turn|2
|
|t:|1779572838
|move|p2a: Trident|Icicle Spear|p1a: Ting-Lucifer
|-supereffective|p1a: Ting-Lucifer
|-damage|p1a: Ting-Lucifer|74/100
|-enditem|p1a: Ting-Lucifer|Weakness Policy
|-boost|p1a: Ting-Lucifer|atk|2|[from] item: Weakness Policy
|-boost|p1a: Ting-Lucifer|spa|2|[from] item: Weakness Policy
|-supereffective|p1a: Ting-Lucifer
|-damage|p1a: Ting-Lucifer|47/100
|-supereffective|p1a: Ting-Lucifer
|-damage|p1a: Ting-Lucifer|22/100
|-supereffective|p1a: Ting-Lucifer
|-damage|p1a: Ting-Lucifer|0 fnt
|faint|p1a: Ting-Lucifer
|-hitcount|p1: Ting-Lucifer|4
|
|upkeep
|
|t:|1779572857
|switch|p1a: Manaphy|Manaphy|100/100
|turn|3
|
|t:|1779572860
|move|p2a: Trident|Rock Blast|p1a: Manaphy
|-damage|p1a: Manaphy|88/100
|-damage|p1a: Manaphy|75/100
|-damage|p1a: Manaphy|62/100
|-damage|p1a: Manaphy|49/100
|-damage|p1a: Manaphy|36/100
|-hitcount|p1a: Manaphy|5
|move|p1a: Manaphy|Alluring Voice|p2a: Trident
|-damage|p2a: Trident|0 fnt
|faint|p2a: Trident
|
|-heal|p1a: Manaphy|42/100|[from] item: Leftovers
|upkeep
|
|t:|1779572866
|switch|p2a: Scimitar|Noivern, M|100/100
|turn|4
|
|t:|1779572873
|switch|p1a: Cinderace|Cinderace, M|100/100
|move|p2a: Scimitar|Boomburst|p1a: Cinderace
|-damage|p1a: Cinderace|40/100
|-enditem|p2a: Scimitar|Throat Spray
|-boost|p2a: Scimitar|spa|1|[from] item: Throat Spray
|
|upkeep
|turn|5
|
|t:|1779572879
|move|p2a: Scimitar|Boomburst|p1a: Cinderace
|-damage|p1a: Cinderace|0 fnt
|faint|p1a: Cinderace
|
|upkeep
|
|t:|1779572881
|switch|p1a: Hoopa|Hoopa|100/100
|turn|6
|
|t:|1779572885
|move|p2a: Scimitar|Air Slash|p1a: Hoopa
|-damage|p1a: Hoopa|57/100
|move|p1a: Hoopa|Substitute|p1a: Hoopa
|-start|p1a: Hoopa|Substitute
|-damage|p1a: Hoopa|32/100
|
|upkeep
|turn|7
|
|t:|1779572890
|move|p2a: Scimitar|Air Slash|p1a: Hoopa
|-damage|p1a: Hoopa|0 fnt
|faint|p1a: Hoopa
|
|upkeep
|
|t:|1779572896
|switch|p1a: Kyurem|Kyurem|100/100
|-ability|p1a: Kyurem|Pressure
|turn|8
|
|t:|1779572898
|move|p1a: Kyurem|Ice Beam|p2a: Scimitar
|-supereffective|p2a: Scimitar
|-damage|p2a: Scimitar|0 fnt
|faint|p2a: Scimitar
|
|upkeep
|
|t:|1779572902
|switch|p2a: Flamberge|Ceruledge, M|100/100
|turn|9
|
|t:|1779572905
|switch|p1a: Mandibuzz|Mandibuzz, F, shiny|100/100
|move|p2a: Flamberge|Swords Dance|p2a: Flamberge
|-boost|p2a: Flamberge|atk|2
|
|upkeep
|turn|10
|
|t:|1779572909
|move|p2a: Flamberge|Swords Dance|p2a: Flamberge
|-boost|p2a: Flamberge|atk|2
|move|p1a: Mandibuzz|Toxic|p2a: Flamberge
|-status|p2a: Flamberge|tox
|
|-damage|p2a: Flamberge|94/100 tox|[from] psn
|upkeep
|turn|11
|
|t:|1779572916
|move|p2a: Flamberge|Bitter Blade|p1a: Mandibuzz
|-damage|p1a: Mandibuzz|16/100
|-heal|p2a: Flamberge|100/100 tox|[from] drain|[of] p1a: Mandibuzz
|-damage|p2a: Flamberge|84/100 tox|[from] item: Rocky Helmet|[of] p1a: Mandibuzz
|move|p1a: Mandibuzz|Foul Play|p2a: Flamberge
|-supereffective|p2a: Flamberge
|-damage|p2a: Flamberge|0 fnt
|faint|p2a: Flamberge
|
|upkeep
|
|t:|1779572921
|switch|p2a: Partisan|Malamar, M|100/100
|turn|12
|
|t:|1779572926
|-terastallize|p2a: Partisan|Poison
|move|p1a: Mandibuzz|Roost|p1a: Mandibuzz
|-heal|p1a: Mandibuzz|66/100
|-singleturn|p1a: Mandibuzz|move: Roost
|move|p2a: Partisan|Superpower|p1a: Mandibuzz
|-supereffective|p1a: Mandibuzz
|-damage|p1a: Mandibuzz|25/100
|-boost|p2a: Partisan|atk|1
|-boost|p2a: Partisan|def|1
|-damage|p2a: Partisan|84/100|[from] item: Rocky Helmet|[of] p1a: Mandibuzz
|
|upkeep
|turn|13
|
|t:|1779572931
|move|p1a: Mandibuzz|Foul Play|p2a: Partisan
|-damage|p2a: Partisan|41/100
|move|p2a: Partisan|Superpower|p1a: Mandibuzz
|-crit|p1a: Mandibuzz
|-damage|p1a: Mandibuzz|0 fnt
|-boost|p2a: Partisan|atk|1
|-boost|p2a: Partisan|def|1
|-damage|p2a: Partisan|24/100|[from] item: Rocky Helmet|[of] p1a: Mandibuzz
|faint|p1a: Mandibuzz
|
|upkeep
|
|t:|1779572943
|switch|p1a: Kyurem|Kyurem|100/100
|-ability|p1a: Kyurem|Pressure
|turn|14
|
|t:|1779572954
|-terastallize|p1a: Kyurem|Ghost
|move|p1a: Kyurem|Shadow Ball|p2a: Partisan
|-damage|p2a: Partisan|0 fnt
|faint|p2a: Partisan
|
|upkeep
|
|t:|1779572960
|switch|p2a: Glaive|Iron Valiant|100/100
|-enditem|p2a: Glaive|Booster Energy
|-activate|p2a: Glaive|ability: Quark Drive|[fromitem]
|-start|p2a: Glaive|quarkdrivespe
|turn|15
|
|t:|1779572967
|move|p2a: Glaive|Knock Off|p1a: Kyurem
|-supereffective|p1a: Kyurem
|-damage|p1a: Kyurem|40/100
|-enditem|p1a: Kyurem|Choice Scarf|[from] move: Knock Off|[of] p2a: Glaive
|move|p1a: Kyurem|Shadow Ball|p2a: Glaive
|-damage|p2a: Glaive|27/100
|
|upkeep
|turn|16
|
|t:|1779572973
|move|p2a: Glaive|Spirit Break|p1a: Kyurem
|-damage|p1a: Kyurem|1/100
|-unboost|p1a: Kyurem|spa|1
|move|p1a: Kyurem|Shadow Ball|p2a: Glaive
|-damage|p2a: Glaive|0 fnt
|faint|p2a: Glaive
|-end|p2a: Glaive|Quark Drive|[silent]
|
|upkeep
|
|t:|1779572976
|switch|p2a: Gladius|Lilligant, F|100/100
|turn|17
|
|t:|1779572977
|move|p1a: Kyurem|Shadow Ball|p2a: Gladius
|-damage|p2a: Gladius|59/100
|move|p2a: Gladius|Quiver Dance|p2a: Gladius
|-boost|p2a: Gladius|spa|1
|-boost|p2a: Gladius|spd|1
|-boost|p2a: Gladius|spe|1
|
|upkeep
|turn|18
|
|t:|1779572984
|move|p2a: Gladius|Quiver Dance|p2a: Gladius
|-boost|p2a: Gladius|spa|1
|-boost|p2a: Gladius|spd|1
|-boost|p2a: Gladius|spe|1
|move|p1a: Kyurem|Ice Beam|p2a: Gladius
|-supereffective|p2a: Gladius
|-damage|p2a: Gladius|13/100
|-enditem|p2a: Gladius|Weakness Policy
|-boost|p2a: Gladius|atk|2|[from] item: Weakness Policy
|-boost|p2a: Gladius|spa|2|[from] item: Weakness Policy
|
|upkeep
|turn|19
|
|t:|1779572986
|move|p2a: Gladius|Giga Drain|p1a: Kyurem
|-damage|p1a: Kyurem|0 fnt
|-heal|p2a: Gladius|13/100|[from] drain|[of] p1a: Kyurem
|faint|p1a: Kyurem
|
|upkeep
|
|t:|1779572987
|switch|p1a: Manaphy|Manaphy|42/100
|turn|20
|
|t:|1779572989
|move|p2a: Gladius|Giga Drain|p1a: Manaphy
|-supereffective|p1a: Manaphy
|-damage|p1a: Manaphy|0 fnt
|-heal|p2a: Gladius|43/100|[from] drain|[of] p1a: Manaphy
|faint|p1a: Manaphy
|
|win|Leader Alastor
|raw|Xenofist's rating: 1392 &rarr; <strong>1371</strong><br />(-21 for losing)
|raw|Leader Alastor's rating: 1374 &rarr; <strong>1395</strong><br />(+21 for winning)
|l|☆Xenofist
|player|p1|
|l|☆Leader Alastor
|player|p2|
