|j|☆sangvn
|j|☆hat_fm
|t:|1779593411
|gametype|singles
|player|p1|sangvn|2|1281
|player|p2|hat_fm|pilot|1332
|gen|9
|tier|[Gen 9] OU
|rated|
|rule|HP Percentage Mod: HP is shown in percentages
|rule|Endless Battle Clause: Forcing endless battles is banned
|rule|Species Clause: Limit one of each Pokémon
|rule|OHKO Clause: OHKO moves are banned
|rule|Evasion Items Clause: Evasion items are banned
|rule|Evasion Moves Clause: Evasion moves are banned
|rule|Evasion Abilities Clause: Evasion abilities are banned
|rule|Sleep Moves Clause: Sleep-inducing moves are banned
|clearpoke
|poke|p1|Lucario, M|
|poke|p1|Slowking-Galar, F|
|poke|p1|Corviknight, M|
|poke|p1|Dragapult, M|
|poke|p1|Ogerpon, F|
|poke|p1|Ting-Lu|
|poke|p2|Zamazenta-*|
|poke|p2|Ceruledge, F|
|poke|p2|Scizor, F|
|poke|p2|Donphan, M|
|poke|p2|Lycanroc-Dusk, M|
|poke|p2|Florges, F|
|teampreview
|
|t:|1779593427
|teamsize|p1|6
|teamsize|p2|6
|start
|switch|p1a: Ogerpon|Ogerpon, F|100/100
|switch|p2a: Donphan|Donphan, M|100/100
|turn|1
|
|t:|1779593429
|move|p1a: Ogerpon|Knock Off|p2a: Donphan
|-damage|p2a: Donphan|83/100
|-damage|p1a: Ogerpon|84/100|[from] item: Rocky Helmet|[of] p2a: Donphan
|-enditem|p2a: Donphan|Rocky Helmet|[from] move: Knock Off|[of] p1a: Ogerpon
|move|p2a: Donphan|Stealth Rock|p1a: Ogerpon
|-sidestart|p1: sangvn|move: Stealth Rock
|
|upkeep
|turn|2
|inactive|Battle timer is ON: inactive players will automatically lose when time's up. (requested by sangvn)
|
|t:|1779593438
|move|p1a: Ogerpon|Ivy Cudgel|p2a: Donphan
|-supereffective|p2a: Donphan
|-damage|p2a: Donphan|27/100
|move|p2a: Donphan|Earthquake|p1a: Ogerpon
|-resisted|p1a: Ogerpon
|-damage|p1a: Ogerpon|59/100
|
|upkeep
|turn|3
|
|t:|1779593448
|switch|p2a: Ceruledge|Ceruledge, F|100/100
|move|p1a: Ogerpon|Ivy Cudgel|p2a: Ceruledge
|-resisted|p2a: Ceruledge
|-damage|p2a: Ceruledge|63/100
|-ability|p2a: Ceruledge|Weak Armor|boost
|-unboost|p2a: Ceruledge|def|1
|-boost|p2a: Ceruledge|spe|2
|
|upkeep
|turn|4
|
|t:|1779593455
|move|p2a: Ceruledge|Bitter Blade|p1a: Ogerpon
|-supereffective|p1a: Ogerpon
|-damage|p1a: Ogerpon|0 fnt
|-heal|p2a: Ceruledge|94/100|[from] drain|[of] p1a: Ogerpon
|faint|p1a: Ogerpon
|
|upkeep
|
|t:|1779593461
|switch|p1a: Ting-Lu|Ting-Lu|100/100
|-damage|p1a: Ting-Lu|94/100|[from] Stealth Rock
|-ability|p1a: Ting-Lu|Vessel of Ruin
|turn|5
|
|t:|1779593467
|move|p2a: Ceruledge|Bitter Blade|p1a: Ting-Lu
|-damage|p1a: Ting-Lu|73/100
|-heal|p2a: Ceruledge|100/100|[from] drain|[of] p1a: Ting-Lu
|move|p1a: Ting-Lu|Earthquake|p2a: Ceruledge
|-supereffective|p2a: Ceruledge
|-enditem|p2a: Ceruledge|Focus Sash
|-damage|p2a: Ceruledge|1/100
|-ability|p2a: Ceruledge|Weak Armor|boost
|-unboost|p2a: Ceruledge|def|1
|-boost|p2a: Ceruledge|spe|2
|
|-heal|p1a: Ting-Lu|79/100|[from] item: Leftovers
|upkeep
|turn|6
|
|t:|1779593481
|switch|p2a: Florges|Florges, F|100/100
|move|p1a: Ting-Lu|Stealth Rock|p2a: Florges
|-sidestart|p2: hat_fm|move: Stealth Rock
|
|-heal|p1a: Ting-Lu|86/100|[from] item: Leftovers
|upkeep
|turn|7
|
|t:|1779593487
|switch|p1a: Corviknight|Corviknight, M|100/100
|-damage|p1a: Corviknight|88/100|[from] Stealth Rock
|-ability|p1a: Corviknight|Pressure
|move|p2a: Florges|Moonblast|p1a: Corviknight
|-resisted|p1a: Corviknight
|-damage|p1a: Corviknight|66/100
|
|upkeep
|turn|8
|
|t:|1779593498
|switch|p2a: Donphan|Donphan, M|27/100
|-damage|p2a: Donphan|20/100|[from] Stealth Rock
|move|p1a: Corviknight|Roost|p1a: Corviknight
|-heal|p1a: Corviknight|100/100
|-singleturn|p1a: Corviknight|move: Roost
|
|upkeep
|turn|9
|
|t:|1779593502
|switch|p1a: Dragapult|Dragapult, M|100/100
|move|p2a: Donphan|Rapid Spin|p1a: Dragapult
|-immune|p1a: Dragapult
|
|upkeep
|turn|10
|
|t:|1779593508
|move|p1a: Dragapult|Hex|p2a: Donphan
|-damage|p2a: Donphan|0 fnt
|faint|p2a: Donphan
|
|upkeep
|
|t:|1779593518
|switch|p2a: Zamazenta|Zamazenta|100/100
|-damage|p2a: Zamazenta|94/100|[from] Stealth Rock
|-ability|p2a: Zamazenta|Dauntless Shield|boost
|-boost|p2a: Zamazenta|def|1
|turn|11
|
|t:|1779593522
|move|p1a: Dragapult|Will-O-Wisp|p2a: Zamazenta
|-status|p2a: Zamazenta|brn
|move|p2a: Zamazenta|Crunch|p1a: Dragapult
|-supereffective|p1a: Dragapult
|-damage|p1a: Dragapult|71/100
|
|-heal|p2a: Zamazenta|100/100 brn|[from] item: Leftovers
|-damage|p2a: Zamazenta|94/100 brn|[from] brn
|upkeep
|turn|12
|
|t:|1779593525
|move|p1a: Dragapult|U-turn|p2a: Zamazenta
|-resisted|p2a: Zamazenta
|-damage|p2a: Zamazenta|90/100 brn
|
|t:|1779593529
|switch|p1a: Corviknight|Corviknight, M|100/100|[from] U-turn
|-damage|p1a: Corviknight|88/100|[from] Stealth Rock
|-ability|p1a: Corviknight|Pressure
|move|p2a: Zamazenta|Crunch|p1a: Corviknight
|-damage|p1a: Corviknight|81/100
|-unboost|p1a: Corviknight|def|1
|-damage|p2a: Zamazenta|74/100 brn|[from] item: Rocky Helmet|[of] p1a: Corviknight
|
|-heal|p2a: Zamazenta|80/100 brn|[from] item: Leftovers
|-damage|p2a: Zamazenta|74/100 brn|[from] brn
|upkeep
|turn|13
|
|t:|1779593535
|move|p2a: Zamazenta|Iron Defense|p2a: Zamazenta
|-boost|p2a: Zamazenta|def|2
|move|p1a: Corviknight|Defog|p2a: Zamazenta
|-unboost|p2a: Zamazenta|evasion|1
|-sideend|p2: hat_fm|Stealth Rock|[from] move: Defog|[of] p1a: Corviknight
|-sideend|p1: sangvn|Stealth Rock|[from] move: Defog|[of] p1a: Corviknight
|
|-heal|p2a: Zamazenta|80/100 brn|[from] item: Leftovers
|-damage|p2a: Zamazenta|74/100 brn|[from] brn
|upkeep
|turn|14
|
|t:|1779593539
|move|p2a: Zamazenta|Iron Defense|p2a: Zamazenta
|-boost|p2a: Zamazenta|def|2
|move|p1a: Corviknight|U-turn|p2a: Zamazenta
|-resisted|p2a: Zamazenta
|-damage|p2a: Zamazenta|72/100 brn
|
|t:|1779593545
|switch|p1a: Slowking|Slowking-Galar, F, shiny|100/100|[from] U-turn
|
|-heal|p2a: Zamazenta|78/100 brn|[from] item: Leftovers
|-damage|p2a: Zamazenta|72/100 brn|[from] brn
|upkeep
|turn|15
|
|t:|1779593560
|switch|p2a: Scizor|Scizor, F|100/100
|move|p1a: Slowking|Psychic|p2a: Scizor
|-resisted|p2a: Scizor
|-damage|p2a: Scizor|78/100
|-unboost|p2a: Scizor|spd|1
|
|upkeep
|turn|16
|
|t:|1779593565
|move|p2a: Scizor|Swords Dance|p2a: Scizor
|-boost|p2a: Scizor|atk|2
|-prepare|p1a: Slowking|Chilly Reception|[premajor]
|move|p1a: Slowking|Chilly Reception|p1a: Slowking
|-weather|Snowscape
|
|t:|1779593569
|switch|p1a: Lucario|Lucario, M|100/100|[from] Chilly Reception
|
|-weather|Snowscape|[upkeep]
|upkeep
|turn|17
|
|t:|1779593578
|move|p2a: Scizor|Bullet Punch|p1a: Lucario
|-resisted|p1a: Lucario
|-damage|p1a: Lucario|33/100
|-damage|p2a: Scizor|69/100|[from] item: Life Orb
|move|p1a: Lucario|Close Combat|p2a: Scizor
|-damage|p2a: Scizor|0 fnt
|-unboost|p1a: Lucario|def|1
|-unboost|p1a: Lucario|spd|1
|faint|p2a: Scizor
|-damage|p1a: Lucario|23/100|[from] item: Life Orb
|
|-weather|Snowscape|[upkeep]
|upkeep
|
|t:|1779593587
|switch|p2a: Ceruledge|Ceruledge, F|1/100
|turn|18
|
|t:|1779593591
|switch|p1a: Ting-Lu|Ting-Lu|86/100
|-ability|p1a: Ting-Lu|Vessel of Ruin
|move|p2a: Ceruledge|Shadow Sneak|p1a: Ting-Lu
|-resisted|p1a: Ting-Lu
|-damage|p1a: Ting-Lu|82/100
|
|-weather|Snowscape|[upkeep]
|-heal|p1a: Ting-Lu|88/100|[from] item: Leftovers
|upkeep
|turn|19
|
|t:|1779593598
|switch|p2a: Zamazenta|Zamazenta|72/100 brn
|move|p1a: Ting-Lu|Stealth Rock|p2a: Zamazenta
|-sidestart|p2: hat_fm|move: Stealth Rock
|
|-weather|Snowscape|[upkeep]
|-heal|p2a: Zamazenta|78/100 brn|[from] item: Leftovers
|-heal|p1a: Ting-Lu|94/100|[from] item: Leftovers
|-damage|p2a: Zamazenta|72/100 brn|[from] brn
|upkeep
|turn|20
|
|t:|1779593605
|switch|p1a: Corviknight|Corviknight, M|81/100
|-ability|p1a: Corviknight|Pressure
|move|p2a: Zamazenta|Body Press|p1a: Corviknight
|-damage|p1a: Corviknight|71/100
|-damage|p2a: Zamazenta|56/100 brn|[from] item: Rocky Helmet|[of] p1a: Corviknight
|
|-weather|none
|-heal|p2a: Zamazenta|62/100 brn|[from] item: Leftovers
|-damage|p2a: Zamazenta|56/100 brn|[from] brn
|upkeep
|turn|21
|
|t:|1779593611
|move|p1a: Corviknight|Roost|p1a: Corviknight
|-heal|p1a: Corviknight|100/100
|-singleturn|p1a: Corviknight|move: Roost
|move|p2a: Zamazenta|Roar|p1a: Corviknight
|drag|p1a: Ting-Lu|Ting-Lu|94/100
|-ability|p1a: Ting-Lu|Vessel of Ruin
|
|-heal|p2a: Zamazenta|62/100 brn|[from] item: Leftovers
|-heal|p1a: Ting-Lu|99/100|[from] item: Leftovers
|-damage|p2a: Zamazenta|56/100 brn|[from] brn
|upkeep
|turn|22
|
|t:|1779593617
|switch|p1a: Corviknight|Corviknight, M|100/100
|-ability|p1a: Corviknight|Pressure
|move|p2a: Zamazenta|Body Press|p1a: Corviknight
|-damage|p1a: Corviknight|89/100
|-damage|p2a: Zamazenta|39/100 brn|[from] item: Rocky Helmet|[of] p1a: Corviknight
|
|-heal|p2a: Zamazenta|45/100 brn|[from] item: Leftovers
|-damage|p2a: Zamazenta|39/100 brn|[from] brn
|upkeep
|turn|23
|
|t:|1779593623
|move|p1a: Corviknight|U-turn|p2a: Zamazenta
|-resisted|p2a: Zamazenta
|-damage|p2a: Zamazenta|34/100 brn
|
|t:|1779593627
|switch|p1a: Slowking|Slowking-Galar, F, shiny|100/100|[from] U-turn
|move|p2a: Zamazenta|Roar|p1a: Slowking
|drag|p1a: Ting-Lu|Ting-Lu|99/100
|-ability|p1a: Ting-Lu|Vessel of Ruin
|
|-heal|p2a: Zamazenta|40/100 brn|[from] item: Leftovers
|-heal|p1a: Ting-Lu|100/100|[from] item: Leftovers
|-damage|p2a: Zamazenta|34/100 brn|[from] brn
|upkeep
|turn|24
|
|t:|1779593631
|switch|p2a: Lycanroc|Lycanroc-Dusk, M|100/100
|-damage|p2a: Lycanroc|88/100|[from] Stealth Rock
|switch|p1a: Slowking|Slowking-Galar, F, shiny|100/100
|
|upkeep
|turn|25
|
|t:|1779593644
|move|p2a: Lycanroc|Swords Dance|p2a: Lycanroc
|-boost|p2a: Lycanroc|atk|2
|-prepare|p1a: Slowking|Chilly Reception|[premajor]
|move|p1a: Slowking|Chilly Reception|p1a: Slowking
|-weather|Snowscape
|
|t:|1779593652
|switch|p1a: Corviknight|Corviknight, M|89/100|[from] Chilly Reception
|-ability|p1a: Corviknight|Pressure
|
|-weather|Snowscape|[upkeep]
|upkeep
|turn|26
|
|t:|1779593659
|move|p2a: Lycanroc|Stone Edge|p1a: Corviknight
|-crit|p1a: Corviknight
|-damage|p1a: Corviknight|0 fnt
|faint|p1a: Corviknight
|-damage|p2a: Lycanroc|78/100|[from] item: Life Orb
|
|-weather|Snowscape|[upkeep]
|upkeep
|
|t:|1779593664
|switch|p1a: Dragapult|Dragapult, M|71/100
|turn|27
|
|t:|1779593670
|move|p2a: Lycanroc|Accelerock|p1a: Dragapult
|-damage|p1a: Dragapult|0 fnt
|faint|p1a: Dragapult
|-damage|p2a: Lycanroc|68/100|[from] item: Life Orb
|
|-weather|Snowscape|[upkeep]
|upkeep
|
|t:|1779593674
|switch|p1a: Lucario|Lucario, M|23/100
|turn|28
|
|t:|1779593683
|-terastallize|p1a: Lucario|Ghost
|move|p2a: Lycanroc|Accelerock|p1a: Lucario
|-damage|p1a: Lucario|0 fnt
|faint|p1a: Lucario
|-damage|p2a: Lycanroc|58/100|[from] item: Life Orb
|
|-weather|Snowscape|[upkeep]
|upkeep
|
|t:|1779593687
|switch|p1a: Ting-Lu|Ting-Lu|100/100
|-ability|p1a: Ting-Lu|Vessel of Ruin
|turn|29
|
|t:|1779593696
|move|p2a: Lycanroc|Stone Edge|p1a: Ting-Lu
|-resisted|p1a: Ting-Lu
|-damage|p1a: Ting-Lu|73/100
|-damage|p2a: Lycanroc|48/100|[from] item: Life Orb
|move|p1a: Ting-Lu|Earthquake|p2a: Lycanroc
|-supereffective|p2a: Lycanroc
|-damage|p2a: Lycanroc|0 fnt
|faint|p2a: Lycanroc
|
|-weather|none
|-heal|p1a: Ting-Lu|79/100|[from] item: Leftovers
|upkeep
|
|t:|1779593700
|switch|p2a: Florges|Florges, F|100/100
|-damage|p2a: Florges|88/100|[from] Stealth Rock
|turn|30
|
|t:|1779593709
|switch|p1a: Slowking|Slowking-Galar, F, shiny|100/100
|-terastallize|p2a: Florges|Grass
|move|p2a: Florges|Calm Mind|p2a: Florges
|-boost|p2a: Florges|spa|1
|-boost|p2a: Florges|spd|1
|
|-heal|p2a: Florges|94/100|[from] item: Leftovers
|upkeep
|turn|31
|
|t:|1779593713
|move|p2a: Florges|Psychic Noise|p1a: Slowking
|-damage|p1a: Slowking|74/100
|-start|p1a: Slowking|move: Heal Block
|move|p1a: Slowking|Future Sight|p2a: Florges
|-start|p1a: Slowking|move: Future Sight
|
|-heal|p2a: Florges|99/100|[from] item: Leftovers
|upkeep
|turn|32
|
|t:|1779593721
|move|p2a: Florges|Calm Mind|p2a: Florges
|-boost|p2a: Florges|spa|1
|-boost|p2a: Florges|spd|1
|move|p1a: Slowking|Ice Beam|p2a: Florges
|-supereffective|p2a: Florges
|-damage|p2a: Florges|84/100
|
|-heal|p2a: Florges|90/100|[from] item: Leftovers
|-end|p1a: Slowking|move: Heal Block
|upkeep
|turn|33
|
|t:|1779593728
|move|p2a: Florges|Calm Mind|p2a: Florges
|-boost|p2a: Florges|spa|1
|-boost|p2a: Florges|spd|1
|move|p1a: Slowking|Ice Beam|p2a: Florges
|-supereffective|p2a: Florges
|-damage|p2a: Florges|78/100
|
|-end|p2a: Florges|move: Future Sight
|-damage|p2a: Florges|64/100
|-heal|p2a: Florges|70/100|[from] item: Leftovers
|upkeep
|turn|34
|
|t:|1779593742
|move|p2a: Florges|Giga Drain|p1a: Slowking
|-resisted|p1a: Slowking
|-damage|p1a: Slowking|38/100
|-heal|p2a: Florges|91/100|[from] drain|[of] p1a: Slowking
|move|p1a: Slowking|Ice Beam|p2a: Florges
|-supereffective|p2a: Florges
|-damage|p2a: Florges|77/100
|
|-heal|p2a: Florges|83/100|[from] item: Leftovers
|upkeep
|turn|35
|-message|sangvn forfeited.
|
|win|hat_fm
|raw|sangvn's rating: 1281 &rarr; <strong>1260</strong><br />(-21 for losing)
|raw|hat_fm's rating: 1332 &rarr; <strong>1349</strong><br />(+17 for winning)
|l|☆sangvn
|player|p1|
|l|☆hat_fm
|player|p2|
