|j|☆jojothesavage666
|j|☆cat party
|t:|1779620413
|gametype|singles
|player|p1|jojothesavage666|265|1441
|player|p2|cat party|266|1448
|gen|9
|tier|[Gen 9] OU
|rated|
|rule|HP Percentage Mod: HP is shown in percentages
|rule|Endless Battle Clause: Forcing endless battles is banned
|rule|Species Clause: Limit one of each Pokémon
|rule|OHKO Clause: OHKO moves are banned
|rule|Evasion Items Clause: Evasion items are banned
|rule|Evasion Moves Clause: Evasion moves are banned
|rule|Evasion Abilities Clause: Evasion abilities are banned
|rule|Sleep Moves Clause: Sleep-inducing moves are banned
|clearpoke
|poke|p1|Zamazenta-*|
|poke|p1|Iron Hands|
|poke|p1|Ceruledge, F|
|poke|p1|Iron Valiant|
|poke|p1|Deoxys-Speed|
|poke|p1|Glimmora, F|
|poke|p2|Garganacl, F|
|poke|p2|Darkrai|
|poke|p2|Great Tusk|
|poke|p2|Hatterene, F|
|poke|p2|Tornadus-Therian, M|
|poke|p2|Dragonite, M|
|teampreview
|inactive|Battle timer is ON: inactive players will automatically lose when time's up. (requested by cat party)
|
|t:|1779620430
|teamsize|p1|6
|teamsize|p2|6
|start
|switch|p1a: Deoxys|Deoxys-Speed|100/100
|switch|p2a: Garganacl|Garganacl, F|100/100
|-ability|p1a: Deoxys|Pressure
|turn|1
|
|t:|1779620436
|move|p1a: Deoxys|Taunt|p2a: Garganacl
|-start|p2a: Garganacl|move: Taunt
|move|p2a: Garganacl|Salt Cure|p1a: Deoxys
|-damage|p1a: Deoxys|85/100
|-start|p1a: Deoxys|Salt Cure
|
|-damage|p1a: Deoxys|72/100|[from] Salt Cure
|upkeep
|turn|2
|
|t:|1779620441
|switch|p2a: Hatterene|Hatterene, F|100/100
|move|p1a: Deoxys|Reflect|p1a: Deoxys
|-sidestart|p1: jojothesavage666|Reflect
|
|-damage|p1a: Deoxys|60/100|[from] Salt Cure
|upkeep
|turn|3
|
|t:|1779620452
|switch|p1a: Glimmora|Glimmora, F|100/100
|move|p2a: Hatterene|Nuzzle|p1a: Glimmora
|-damage|p1a: Glimmora|99/100
|-status|p1a: Glimmora|par
|-activate|p1a: Glimmora|ability: Toxic Debris
|-sidestart|p2: cat party|move: Toxic Spikes
|-enditem|p1a: Glimmora|Red Card|[of] p2a: Hatterene
|drag|p2a: Garganacl|Garganacl, F|100/100
|
|upkeep
|turn|4
|inactive|jojothesavage666 has 120 seconds left.
|
|t:|1779620491
|switch|p2a: Darkrai|Darkrai|100/100
|-status|p2a: Darkrai|psn
|move|p1a: Glimmora|Earth Power|p2a: Darkrai
|-damage|p2a: Darkrai|66/100 psn
|
|-damage|p2a: Darkrai|53/100 psn|[from] psn
|upkeep
|turn|5
|inactive|jojothesavage666 has 120 seconds left.
|
|t:|1779620513
|move|p2a: Darkrai|Psychic|p1a: Glimmora
|-supereffective|p1a: Glimmora
|-damage|p1a: Glimmora|0 fnt
|faint|p1a: Glimmora
|
|-damage|p2a: Darkrai|41/100 psn|[from] psn
|upkeep
|inactive|jojothesavage666 has 90 seconds left.
|
|t:|1779620541
|switch|p1a: Zamazenta|Zamazenta|100/100
|-ability|p1a: Zamazenta|Dauntless Shield|boost
|-boost|p1a: Zamazenta|def|1
|turn|6
|
|t:|1779620546
|move|p2a: Darkrai|Psychic|p1a: Zamazenta
|-supereffective|p1a: Zamazenta
|-damage|p1a: Zamazenta|14/100
|move|p1a: Zamazenta|Roar|p2a: Darkrai
|drag|p2a: Tornadus|Tornadus-Therian, M, shiny|100/100
|
|-heal|p1a: Zamazenta|20/100|[from] item: Leftovers
|upkeep
|turn|7
|inactive|jojothesavage666 has 90 seconds left.
|
|t:|1779620568
|move|p1a: Zamazenta|Body Press|p2a: Tornadus
|-resisted|p2a: Tornadus
|-damage|p2a: Tornadus|67/100
|move|p2a: Tornadus|Bleakwind Storm|p1a: Zamazenta
|-supereffective|p1a: Zamazenta
|-damage|p1a: Zamazenta|0 fnt
|faint|p1a: Zamazenta
|
|upkeep
|
|t:|1779620571
|switch|p1a: Deoxys|Deoxys-Speed|60/100
|-ability|p1a: Deoxys|Pressure
|turn|8
|
|t:|1779620583
|switch|p2a: Hatterene|Hatterene, F|100/100
|-status|p2a: Hatterene|psn
|move|p1a: Deoxys|Light Screen|p1a: Deoxys
|-sidestart|p1: jojothesavage666|move: Light Screen
|
|-damage|p2a: Hatterene|88/100 psn|[from] psn
|upkeep
|turn|9
|
|t:|1779620589
|switch|p1a: Iron Hands|Iron Hands|100/100
|-enditem|p1a: Iron Hands|Booster Energy
|-activate|p1a: Iron Hands|ability: Quark Drive|[fromitem]
|-start|p1a: Iron Hands|quarkdriveatk
|move|p2a: Hatterene|Nuzzle|p1a: Iron Hands
|-resisted|p1a: Iron Hands
|-damage|p1a: Iron Hands|99/100
|
|-damage|p2a: Hatterene|76/100 psn|[from] psn
|-sideend|p1: jojothesavage666|Reflect
|upkeep
|turn|10
|
|t:|1779620596
|move|p1a: Iron Hands|Heavy Slam|p2a: Hatterene
|-supereffective|p2a: Hatterene
|-damage|p2a: Hatterene|0 fnt
|-damage|p1a: Iron Hands|83/100|[from] item: Rocky Helmet|[of] p2a: Hatterene
|faint|p2a: Hatterene
|
|upkeep
|
|t:|1779620604
|switch|p2a: Tornadus|Tornadus-Therian, M, shiny|99/100
|turn|11
|inactive|jojothesavage666 has 120 seconds left.
|
|t:|1779620617
|switch|p2a: Darkrai|Darkrai|41/100 psn
|move|p1a: Iron Hands|Ice Punch|p2a: Darkrai
|-damage|p2a: Darkrai|0 fnt
|faint|p2a: Darkrai
|
|upkeep
|
|t:|1779620623
|switch|p2a: Great Tusk|Great Tusk|100/100
|-status|p2a: Great Tusk|psn
|-enditem|p2a: Great Tusk|Booster Energy
|-activate|p2a: Great Tusk|ability: Protosynthesis|[fromitem]
|-start|p2a: Great Tusk|protosynthesisatk
|turn|12
|inactive|jojothesavage666 has 120 seconds left.
|
|t:|1779620650
|-terastallize|p1a: Iron Hands|Bug
|move|p2a: Great Tusk|Headlong Rush|p1a: Iron Hands
|-resisted|p1a: Iron Hands
|-damage|p1a: Iron Hands|56/100
|-unboost|p2a: Great Tusk|def|1
|-unboost|p2a: Great Tusk|spd|1
|move|p1a: Iron Hands|Close Combat|p2a: Great Tusk
|-damage|p2a: Great Tusk|3/100 psn
|-unboost|p1a: Iron Hands|def|1
|-unboost|p1a: Iron Hands|spd|1
|
|-damage|p2a: Great Tusk|0 fnt|[from] psn
|faint|p2a: Great Tusk
|-end|p2a: Great Tusk|Protosynthesis|[silent]
|upkeep
|
|t:|1779620655
|switch|p2a: Dragonite|Dragonite, M|100/100
|turn|13
|
|t:|1779620660
|-terastallize|p2a: Dragonite|Normal
|move|p2a: Dragonite|Dragon Dance|p2a: Dragonite
|-boost|p2a: Dragonite|atk|1
|-boost|p2a: Dragonite|spe|1
|move|p1a: Iron Hands|Ice Punch|p2a: Dragonite
|-damage|p2a: Dragonite|81/100
|
|upkeep
|turn|14
|
|t:|1779620686
|move|p2a: Dragonite|Extreme Speed|p1a: Iron Hands
|-damage|p1a: Iron Hands|0 fnt
|faint|p1a: Iron Hands
|-end|p1a: Iron Hands|Quark Drive|[silent]
|
|upkeep
|
|t:|1779620693
|switch|p1a: Iron Valiant|Iron Valiant|100/100
|-enditem|p1a: Iron Valiant|Booster Energy
|-activate|p1a: Iron Valiant|ability: Quark Drive|[fromitem]
|-start|p1a: Iron Valiant|quarkdrivespe
|turn|15
|
|t:|1779620699
|move|p2a: Dragonite|Extreme Speed|p1a: Iron Valiant
|-crit|p1a: Iron Valiant
|-damage|p1a: Iron Valiant|0 fnt
|faint|p1a: Iron Valiant
|-end|p1a: Iron Valiant|Quark Drive|[silent]
|
|-sideend|p1: jojothesavage666|move: Light Screen
|upkeep
|-message|jojothesavage666 forfeited.
|
|win|cat party
|raw|jojothesavage666's rating: 1441 &rarr; <strong>1421</strong><br />(-20 for losing)
|raw|cat party's rating: 1448 &rarr; <strong>1468</strong><br />(+20 for winning)
|l|☆jojothesavage666
|player|p1|
|j|☆jojothesavage666
|player|p1|jojothesavage666|265|
