|j|☆inoutofink
|j|☆jojothesavage666
|t:|1779660507
|gametype|singles
|player|p1|inoutofink|hoopster|1357
|player|p2|jojothesavage666|102|1387
|gen|9
|tier|[Gen 9] OU
|rated|
|rule|HP Percentage Mod: HP is shown in percentages
|rule|Endless Battle Clause: Forcing endless battles is banned
|rule|Species Clause: Limit one of each Pokémon
|rule|OHKO Clause: OHKO moves are banned
|rule|Evasion Items Clause: Evasion items are banned
|rule|Evasion Moves Clause: Evasion moves are banned
|rule|Evasion Abilities Clause: Evasion abilities are banned
|rule|Sleep Moves Clause: Sleep-inducing moves are banned
|clearpoke
|poke|p1|Tyranitar, F|
|poke|p1|Heatran, F|
|poke|p1|Keldeo-Resolute|
|poke|p1|Excadrill, M|
|poke|p1|Hydrapple, F|
|poke|p1|Ogerpon, F|
|poke|p2|Zapdos|
|poke|p2|Iron Treads|
|poke|p2|Samurott-Hisui, M|
|poke|p2|Ceruledge, M|
|poke|p2|Gholdengo|
|poke|p2|Kingambit, M|
|teampreview
|inactive|Battle timer is ON: inactive players will automatically lose when time's up. (requested by jojothesavage666)
|
|t:|1779660536
|teamsize|p1|6
|teamsize|p2|6
|start
|switch|p1a: Keldeo|Keldeo-Resolute|100/100
|switch|p2a: Iron Treads|Iron Treads|100/100
|turn|1
|
|t:|1779660553
|-end|p2a: Iron Treads|Quark Drive|[silent]
|switch|p2a: Zapdos|Zapdos|100/100
|move|p1a: Keldeo|Surf|p2a: Zapdos
|-damage|p2a: Zapdos|38/100
|
|upkeep
|turn|2
|
|t:|1779660560
|switch|p2a: Samurott|Samurott-Hisui, M|100/100
|move|p1a: Keldeo|Surf|p2a: Samurott
|-resisted|p2a: Samurott
|-damage|p2a: Samurott|73/100
|
|upkeep
|turn|3
|
|t:|1779660572
|switch|p1a: Hydrapple|Hydrapple, F|100/100
|move|p2a: Samurott|Razor Shell|p1a: Hydrapple
|-resisted|p1a: Hydrapple
|-damage|p1a: Hydrapple|94/100
|-unboost|p1a: Hydrapple|def|1
|-damage|p2a: Samurott|57/100|[from] item: Rocky Helmet|[of] p1a: Hydrapple
|
|upkeep
|turn|4
|
|t:|1779660595
|switch|p2a: Zapdos|Zapdos|38/100
|move|p1a: Hydrapple|Fickle Beam|p2a: Zapdos|[anim] Fickle Beam All Out
|-activate|p1a: Hydrapple|move: Fickle Beam
|-damage|p2a: Zapdos|0 fnt
|faint|p2a: Zapdos
|
|upkeep
|inactive|jojothesavage666 has 120 seconds left.
|c|☆inoutofink|想
|
|t:|1779660633
|switch|p2a: Samurott|Samurott-Hisui, M|57/100
|turn|5
|
|t:|1779660636
|move|p2a: Samurott|Ceaseless Edge|p1a: Hydrapple
|-damage|p1a: Hydrapple|55/100
|-damage|p2a: Samurott|40/100|[from] item: Rocky Helmet|[of] p1a: Hydrapple
|-sidestart|p1: inoutofink|Spikes
|move|p1a: Hydrapple|Giga Drain|p2a: Samurott
|-supereffective|p2a: Samurott
|-damage|p2a: Samurott|0 fnt
|-heal|p1a: Hydrapple|74/100|[from] drain|[of] p2a: Samurott
|faint|p2a: Samurott
|
|upkeep
|
|t:|1779660639
|switch|p2a: Iron Treads|Iron Treads|100/100
|turn|6
|inactive|jojothesavage666 has 120 seconds left.
|
|t:|1779660652
|move|p2a: Iron Treads|Stealth Rock|p1a: Hydrapple
|-sidestart|p1: inoutofink|move: Stealth Rock
|move|p1a: Hydrapple|Giga Drain|p2a: Iron Treads
|-damage|p2a: Iron Treads|61/100
|-heal|p1a: Hydrapple|89/100|[from] drain|[of] p2a: Iron Treads
|
|-heal|p2a: Iron Treads|67/100|[from] item: Leftovers
|upkeep
|turn|7
|
|t:|1779660662
|move|p2a: Iron Treads|Knock Off|p1a: Hydrapple
|-damage|p1a: Hydrapple|61/100
|-damage|p2a: Iron Treads|51/100|[from] item: Rocky Helmet|[of] p1a: Hydrapple
|-enditem|p1a: Hydrapple|Rocky Helmet|[from] move: Knock Off|[of] p2a: Iron Treads
|move|p1a: Hydrapple|Nasty Plot|p1a: Hydrapple
|-boost|p1a: Hydrapple|spa|2
|
|-heal|p2a: Iron Treads|57/100|[from] item: Leftovers
|upkeep
|turn|8
|
|t:|1779660670
|move|p2a: Iron Treads|Earthquake|p1a: Hydrapple
|-resisted|p1a: Hydrapple
|-damage|p1a: Hydrapple|41/100
|move|p1a: Hydrapple|Giga Drain|p2a: Iron Treads
|-crit|p2a: Iron Treads
|-damage|p2a: Iron Treads|0 fnt
|-heal|p1a: Hydrapple|63/100|[from] drain|[of] p2a: Iron Treads
|faint|p2a: Iron Treads
|-end|p2a: Iron Treads|Quark Drive|[silent]
|
|upkeep
|inactive|jojothesavage666 has 120 seconds left.
|
|t:|1779660692
|switch|p2a: Ceruledge|Ceruledge, M|100/100
|turn|9
|
|t:|1779660696
|switch|p1a: Tyranitar|Tyranitar, F|100/100
|-damage|p1a: Tyranitar|88/100|[from] Spikes
|-damage|p1a: Tyranitar|76/100|[from] Stealth Rock
|-weather|Sandstorm|[from] ability: Sand Stream|[of] p1a: Tyranitar
|-terastallize|p2a: Ceruledge|Fairy
|move|p2a: Ceruledge|Swords Dance|p2a: Ceruledge
|-boost|p2a: Ceruledge|atk|2
|
|-weather|Sandstorm|[upkeep]
|-damage|p2a: Ceruledge|94/100|[from] Sandstorm
|upkeep
|turn|10
|inactive|jojothesavage666 has 120 seconds left.
|
|t:|1779660719
|move|p1a: Tyranitar|Rock Blast|p2a: Ceruledge
|-damage|p2a: Ceruledge|70/100
|-ability|p2a: Ceruledge|Weak Armor|boost
|-unboost|p2a: Ceruledge|def|1
|-boost|p2a: Ceruledge|spe|2
|-damage|p2a: Ceruledge|34/100
|-ability|p2a: Ceruledge|Weak Armor|boost
|-unboost|p2a: Ceruledge|def|1
|-boost|p2a: Ceruledge|spe|2
|-hitcount|p2a: Ceruledge|2
|move|p2a: Ceruledge|Bitter Blade|p1a: Tyranitar
|-resisted|p1a: Tyranitar
|-damage|p1a: Tyranitar|28/100
|-heal|p2a: Ceruledge|57/100|[from] drain|[of] p1a: Tyranitar
|
|-weather|Sandstorm|[upkeep]
|-damage|p2a: Ceruledge|51/100|[from] Sandstorm
|upkeep
|turn|11
|inactive|jojothesavage666 has 120 seconds left.
|
|t:|1779660738
|move|p2a: Ceruledge|Bitter Blade|p1a: Tyranitar
|-resisted|p1a: Tyranitar
|-crit|p1a: Tyranitar
|-damage|p1a: Tyranitar|0 fnt
|-heal|p2a: Ceruledge|65/100|[from] drain|[of] p1a: Tyranitar
|faint|p1a: Tyranitar
|
|-weather|Sandstorm|[upkeep]
|-damage|p2a: Ceruledge|59/100|[from] Sandstorm
|upkeep
|
|t:|1779660742
|switch|p1a: Hydrapple|Hydrapple, F|96/100
|-damage|p1a: Hydrapple|83/100|[from] Spikes
|-damage|p1a: Hydrapple|71/100|[from] Stealth Rock
|turn|12
|
|t:|1779660748
|move|p2a: Ceruledge|Bitter Blade|p1a: Hydrapple
|-damage|p1a: Hydrapple|11/100
|-heal|p2a: Ceruledge|94/100|[from] drain|[of] p1a: Hydrapple
|move|p1a: Hydrapple|Giga Drain|p2a: Ceruledge
|-damage|p2a: Ceruledge|64/100
|-heal|p1a: Hydrapple|24/100|[from] drain|[of] p2a: Ceruledge
|
|-weather|Sandstorm|[upkeep]
|-damage|p2a: Ceruledge|58/100|[from] Sandstorm
|-damage|p1a: Hydrapple|17/100|[from] Sandstorm
|upkeep
|turn|13
|
|t:|1779660758
|switch|p1a: Heatran|Heatran, F|100/100
|-damage|p1a: Heatran|88/100|[from] Spikes
|-damage|p1a: Heatran|76/100|[from] Stealth Rock
|move|p2a: Ceruledge|Bitter Blade|p1a: Heatran
|-start|p1a: Heatran|ability: Flash Fire
|
|-weather|none
|-heal|p1a: Heatran|82/100|[from] item: Leftovers
|upkeep
|turn|14
|
|t:|1779660773
|move|p2a: Ceruledge|Poltergeist|p1a: Heatran
|-activate|p1a: Heatran|move: Poltergeist|Leftovers
|-damage|p1a: Heatran|0 fnt
|faint|p1a: Heatran
|
|upkeep
|inactive|inoutofink has 120 seconds left.
|inactive|inoutofink has 90 seconds left.
|inactive|inoutofink has 60 seconds left.
|inactive|inoutofink has 30 seconds left.
|c|☆jojothesavage666|想
|inactive|inoutofink has 20 seconds left.
|inactive|inoutofink has 15 seconds left.
|inactive|inoutofink has 10 seconds left.
|inactive|inoutofink has 5 seconds left.
|c|☆jojothesavage666|花钱前三思
|-message|inoutofink lost due to inactivity.
|
|win|jojothesavage666
|raw|inoutofink's rating: 1357 &rarr; <strong>1339</strong><br />(-18 for losing)
|raw|jojothesavage666's rating: 1387 &rarr; <strong>1405</strong><br />(+18 for winning)
|c|☆jojothesavage666|哈
|c|☆jojothesavage666|猪头
