|j|☆Ragged_Rag_King
|j|☆claudechamp
|t:|1779702179
|gametype|singles
|player|p1|Ragged_Rag_King|fisherman-gen4|1067
|player|p2|claudechamp|169|1133
|gen|9
|tier|[Gen 9] OU
|rated|
|rule|HP Percentage Mod: HP is shown in percentages
|rule|Endless Battle Clause: Forcing endless battles is banned
|rule|Species Clause: Limit one of each Pokémon
|rule|OHKO Clause: OHKO moves are banned
|rule|Evasion Items Clause: Evasion items are banned
|rule|Evasion Moves Clause: Evasion moves are banned
|rule|Evasion Abilities Clause: Evasion abilities are banned
|rule|Sleep Moves Clause: Sleep-inducing moves are banned
|clearpoke
|poke|p1|Orthworm, M|
|poke|p1|Chandelure, M|
|poke|p1|Zebstrika, M|
|poke|p1|Gastrodon-East, M|
|poke|p1|Pawmot, M|
|poke|p1|Clodsire, F|
|poke|p2|Gliscor, M|
|poke|p2|Ogerpon, F|
|poke|p2|Walking Wake|
|poke|p2|Blissey, F|
|poke|p2|Corviknight, M|
|poke|p2|Pecharunt|
|teampreview
|c|☆claudechamp|hf
|inactive|Battle timer is ON: inactive players will automatically lose when time's up. (requested by claudechamp)
|
|t:|1779702190
|teamsize|p1|6
|teamsize|p2|6
|start
|switch|p1a: Gastrodon|Gastrodon-East, M|100/100
|switch|p2a: Gliscor|Gliscor, M|100/100
|turn|1
|
|t:|1779702195
|move|p2a: Gliscor|Earthquake|p1a: Gastrodon
|-damage|p1a: Gastrodon|77/100
|move|p1a: Gastrodon|Stealth Rock|p2a: Gliscor
|-sidestart|p2: claudechamp|move: Stealth Rock
|
|-status|p2a: Gliscor|tox|[from] item: Toxic Orb
|upkeep
|turn|2
|
|t:|1779702201
|move|p2a: Gliscor|Spikes|p1a: Gastrodon
|-sidestart|p1: Ragged_Rag_King|Spikes
|move|p1a: Gastrodon|Ice Beam|p2a: Gliscor
|-supereffective|p2a: Gliscor
|-damage|p2a: Gliscor|28/100 tox
|
|-heal|p2a: Gliscor|41/100 tox|[from] ability: Poison Heal
|upkeep
|turn|3
|
|t:|1779702207
|-terastallize|p2a: Gliscor|Ghost
|move|p2a: Gliscor|Spikes|p1a: Gastrodon
|-sidestart|p1: Ragged_Rag_King|Spikes
|move|p1a: Gastrodon|Ice Beam|p2a: Gliscor
|-damage|p2a: Gliscor|25/100 tox
|
|-heal|p2a: Gliscor|38/100 tox|[from] ability: Poison Heal
|upkeep
|turn|4
|
|t:|1779702218
|switch|p1a: Chandelure|Chandelure, M|100/100
|-damage|p1a: Chandelure|84/100|[from] Spikes
|move|p2a: Gliscor|Earthquake|p1a: Chandelure
|-supereffective|p1a: Chandelure
|-damage|p1a: Chandelure|0 fnt
|faint|p1a: Chandelure
|
|-heal|p2a: Gliscor|50/100 tox|[from] ability: Poison Heal
|upkeep
|
|t:|1779702229
|switch|p1a: Pawmot|Pawmot, M|100/100
|-damage|p1a: Pawmot|84/100|[from] Spikes
|turn|5
|
|t:|1779702233
|move|p1a: Pawmot|Knock Off|p2a: Gliscor
|-supereffective|p2a: Gliscor
|-damage|p2a: Gliscor|0 fnt
|-enditem|p2a: Gliscor|Toxic Orb|[from] move: Knock Off|[of] p1a: Pawmot
|faint|p2a: Gliscor
|-damage|p1a: Pawmot|74/100|[from] item: Life Orb
|
|upkeep
|
|t:|1779702235
|switch|p2a: Walking Wake|Walking Wake|100/100
|turn|6
|
|t:|1779702246
|move|p2a: Walking Wake|Surf|p1a: Pawmot
|-damage|p1a: Pawmot|0 fnt
|faint|p1a: Pawmot
|
|upkeep
|
|t:|1779702251
|switch|p1a: Gastrodon|Gastrodon-East, M|77/100
|-damage|p1a: Gastrodon|61/100|[from] Spikes
|turn|7
|
|t:|1779702257
|move|p2a: Walking Wake|Draco Meteor|p1a: Gastrodon
|-crit|p1a: Gastrodon
|-damage|p1a: Gastrodon|0 fnt
|-unboost|p2a: Walking Wake|spa|2
|faint|p1a: Gastrodon
|
|upkeep
|
|t:|1779702278
|switch|p1a: Zebstrika|Zebstrika, M|100/100
|-damage|p1a: Zebstrika|84/100|[from] Spikes
|turn|8
|
|t:|1779702288
|move|p1a: Zebstrika|Supercell Slam|p2a: Walking Wake|[miss]
|-miss|p1a: Zebstrika|p2a: Walking Wake
|-damage|p1a: Zebstrika|34/100|[from] supercellslam
|move|p2a: Walking Wake|Knock Off|p1a: Zebstrika
|-damage|p1a: Zebstrika|6/100
|-enditem|p1a: Zebstrika|Mirror Herb|[from] move: Knock Off|[of] p2a: Walking Wake
|
|upkeep
|turn|9
|
|t:|1779702299
|move|p1a: Zebstrika|Supercell Slam|p2a: Walking Wake
|-damage|p2a: Walking Wake|51/100
|move|p2a: Walking Wake|Surf|p1a: Zebstrika
|-damage|p1a: Zebstrika|0 fnt
|faint|p1a: Zebstrika
|
|upkeep
|
|t:|1779702305
|switch|p1a: Clodsire|Clodsire, F|100/100
|turn|10
|
|t:|1779702309
|move|p2a: Walking Wake|Surf|p1a: Clodsire
|-immune|p1a: Clodsire|[from] ability: Water Absorb
|move|p1a: Clodsire|Poison Jab|p2a: Walking Wake
|-damage|p2a: Walking Wake|28/100
|
|upkeep
|turn|11
|
|t:|1779702318
|-end|p2a: Walking Wake|Protosynthesis|[silent]
|switch|p2a: Pecharunt|Pecharunt|100/100
|move|p1a: Clodsire|Earthquake|p2a: Pecharunt
|-supereffective|p2a: Pecharunt
|-damage|p2a: Pecharunt|76/100
|
|upkeep
|turn|12
|
|t:|1779702328
|move|p2a: Pecharunt|Parting Shot|p1a: Clodsire
|-unboost|p1a: Clodsire|atk|1
|-unboost|p1a: Clodsire|spa|1
|
|t:|1779702331
|switch|p2a: Corviknight|Corviknight, M|100/100|[from] Parting Shot
|-ability|p2a: Corviknight|Pressure
|move|p1a: Clodsire|Earthquake|p2a: Corviknight
|-immune|p2a: Corviknight
|
|upkeep
|turn|13
|
|t:|1779702339
|switch|p1a: Orthworm|Orthworm, M|100/100
|-damage|p1a: Orthworm|84/100|[from] Spikes
|move|p2a: Corviknight|Body Press|p1a: Orthworm
|-supereffective|p1a: Orthworm
|-damage|p1a: Orthworm|56/100
|
|-heal|p1a: Orthworm|63/100|[from] item: Leftovers
|upkeep
|turn|14
|
|t:|1779702356
|move|p2a: Corviknight|Body Press|p1a: Orthworm
|-supereffective|p1a: Orthworm
|-damage|p1a: Orthworm|32/100
|move|p1a: Orthworm|Curse|p1a: Orthworm
|-unboost|p1a: Orthworm|spe|1
|-boost|p1a: Orthworm|atk|1
|-boost|p1a: Orthworm|def|1
|
|-heal|p1a: Orthworm|38/100|[from] item: Leftovers
|upkeep
|turn|15
|
|t:|1779702367
|switch|p2a: Walking Wake|Walking Wake|28/100
|move|p1a: Orthworm|Body Slam|p2a: Walking Wake
|-damage|p2a: Walking Wake|2/100
|-status|p2a: Walking Wake|par
|
|-heal|p1a: Orthworm|45/100|[from] item: Leftovers
|upkeep
|turn|16
|
|t:|1779702378
|move|p2a: Walking Wake|Surf|p1a: Orthworm
|-damage|p1a: Orthworm|0 fnt
|faint|p1a: Orthworm
|
|upkeep
|
|t:|1779702383
|switch|p1a: Clodsire|Clodsire, F|100/100
|turn|17
|-message|Ragged_Rag_King forfeited.
|
|win|claudechamp
|raw|Ragged_Rag_King's rating: 1067 &rarr; <strong>1051</strong><br />(-16 for losing)
|raw|claudechamp's rating: 1133 &rarr; <strong>1153</strong><br />(+20 for winning)
|c|☆claudechamp|gg
|l|☆Ragged_Rag_King
|player|p1|
