|j|☆metallettuce52
|j|☆owmango
|t:|1779720781
|gametype|singles
|player|p1|metallettuce52|elesa|1179
|player|p2|owmango|ghetsis-gen5bw|1209
|gen|9
|tier|[Gen 9] OU
|rated|
|rule|HP Percentage Mod: HP is shown in percentages
|rule|Endless Battle Clause: Forcing endless battles is banned
|rule|Species Clause: Limit one of each Pokémon
|rule|OHKO Clause: OHKO moves are banned
|rule|Evasion Items Clause: Evasion items are banned
|rule|Evasion Moves Clause: Evasion moves are banned
|rule|Evasion Abilities Clause: Evasion abilities are banned
|rule|Sleep Moves Clause: Sleep-inducing moves are banned
|clearpoke
|poke|p1|Oricorio-Sensu, M|
|poke|p1|Alomomola, M|
|poke|p1|Glimmora, F|
|poke|p1|Meowscarada, F|
|poke|p1|Cloyster, M|
|poke|p1|Arcanine-Hisui, F|
|poke|p2|Rillaboom, F|
|poke|p2|Serperior, F|
|poke|p2|Heatran, M|
|poke|p2|Gholdengo|
|poke|p2|Zamazenta-*|
|poke|p2|Great Tusk|
|teampreview
|inactive|Battle timer is ON: inactive players will automatically lose when time's up. (requested by owmango)
|inactive|metallettuce52 also wants the timer to be on.
|
|t:|1779720784
|teamsize|p1|6
|teamsize|p2|6
|start
|switch|p1a: Asmongold|Glimmora, F|100/100
|switch|p2a: Heatran|Heatran, M|100/100
|-item|p2a: Heatran|Air Balloon
|turn|1
|
|t:|1779720791
|move|p1a: Asmongold|Stealth Rock|p2a: Heatran
|-sidestart|p2: owmango|move: Stealth Rock
|move|p2a: Heatran|Heavy Slam|p1a: Asmongold
|-supereffective|p1a: Asmongold
|-damage|p1a: Asmongold|12/100
|-activate|p1a: Asmongold|ability: Toxic Debris
|-sidestart|p2: owmango|move: Toxic Spikes
|
|upkeep
|turn|2
|
|t:|1779720801
|move|p1a: Asmongold|Power Gem|p2a: Heatran
|-damage|p2a: Heatran|73/100
|-enditem|p2a: Heatran|Air Balloon
|move|p2a: Heatran|Heavy Slam|p1a: Asmongold
|-supereffective|p1a: Asmongold
|-damage|p1a: Asmongold|0 fnt
|-activate|p1a: Asmongold|ability: Toxic Debris
|-sidestart|p2: owmango|move: Toxic Spikes
|faint|p1a: Asmongold
|
|upkeep
|
|t:|1779720813
|switch|p1a: Fih|Alomomola, M|100/100
|turn|3
|
|t:|1779720819
|-terastallize|p2a: Heatran|Ghost
|move|p2a: Heatran|Stealth Rock|p1a: Fih
|-sidestart|p1: metallettuce52|move: Stealth Rock
|move|p1a: Fih|Flip Turn|p2a: Heatran
|-damage|p2a: Heatran|59/100
|
|t:|1779720829
|switch|p1a: The Bouncer|Meowscarada, F|100/100|[from] Flip Turn
|-damage|p1a: The Bouncer|88/100|[from] Stealth Rock
|
|upkeep
|turn|4
|
|t:|1779720844
|move|p1a: The Bouncer|Sucker Punch|p2a: Heatran
|-start|p1a: The Bouncer|typechange|Dark|[from] ability: Protean
|-supereffective|p2a: Heatran
|-damage|p2a: Heatran|0 fnt
|faint|p2a: Heatran
|
|upkeep
|
|t:|1779720848
|switch|p2a: Great Tusk|Great Tusk|100/100
|-damage|p2a: Great Tusk|97/100|[from] Stealth Rock
|-status|p2a: Great Tusk|tox
|-enditem|p2a: Great Tusk|Booster Energy
|-activate|p2a: Great Tusk|ability: Protosynthesis|[fromitem]
|-start|p2a: Great Tusk|protosynthesisspe
|turn|5
|
|t:|1779720860
|switch|p1a: Assreaper|Oricorio-Sensu, M|100/100
|-damage|p1a: Assreaper|76/100|[from] Stealth Rock
|move|p2a: Great Tusk|Rapid Spin|p1a: Assreaper
|-immune|p1a: Assreaper
|
|-damage|p2a: Great Tusk|91/100 tox|[from] psn
|upkeep
|turn|6
|
|t:|1779720870
|move|p2a: Great Tusk|Head Smash|p1a: Assreaper
|-supereffective|p1a: Assreaper
|-crit|p1a: Assreaper
|-damage|p1a: Assreaper|0 fnt
|faint|p1a: Assreaper
|-damage|p2a: Great Tusk|61/100 tox|[from] Recoil
|
|-damage|p2a: Great Tusk|48/100 tox|[from] psn
|upkeep
|
|t:|1779720884
|switch|p1a: Fih|Alomomola, M|100/100
|-damage|p1a: Fih|88/100|[from] Stealth Rock
|turn|7
|
|t:|1779720898
|move|p1a: Fih|Aqua Jet|p2a: Great Tusk
|-supereffective|p2a: Great Tusk
|-damage|p2a: Great Tusk|33/100 tox
|move|p2a: Great Tusk|Rapid Spin|p1a: Fih
|-crit|p1a: Fih
|-damage|p1a: Fih|76/100
|-boost|p2a: Great Tusk|spe|1
|-sideend|p2: owmango|Toxic Spikes|[from] move: Rapid Spin|[of] p2a: Great Tusk
|-sideend|p2: owmango|Stealth Rock|[from] move: Rapid Spin|[of] p2a: Great Tusk
|
|-damage|p2a: Great Tusk|14/100 tox|[from] psn
|upkeep
|turn|8
|
|t:|1779720909
|move|p2a: Great Tusk|Headlong Rush|p1a: Fih
|-damage|p1a: Fih|49/100
|-unboost|p2a: Great Tusk|def|1
|-unboost|p2a: Great Tusk|spd|1
|move|p1a: Fih|Flip Turn|p2a: Great Tusk
|-supereffective|p2a: Great Tusk
|-damage|p2a: Great Tusk|0 fnt
|faint|p2a: Great Tusk
|-end|p2a: Great Tusk|Protosynthesis|[silent]
|
|t:|1779720919
|switch|p1a: Flesh|Cloyster, M|100/100|[from] Flip Turn
|-damage|p1a: Flesh|76/100|[from] Stealth Rock
|
|upkeep
|
|t:|1779720924
|switch|p2a: Rillaboom|Rillaboom, F|100/100
|-fieldstart|move: Grassy Terrain|[from] ability: Grassy Surge|[of] p2a: Rillaboom
|turn|9
|
|t:|1779720932
|move|p2a: Rillaboom|Swords Dance|p2a: Rillaboom
|-boost|p2a: Rillaboom|atk|2
|move|p1a: Flesh|Shell Smash|p1a: Flesh
|-unboost|p1a: Flesh|def|1
|-unboost|p1a: Flesh|spd|1
|-boost|p1a: Flesh|atk|2
|-boost|p1a: Flesh|spa|2
|-boost|p1a: Flesh|spe|2
|-enditem|p1a: Flesh|White Herb
|-clearnegativeboost|p1a: Flesh|[silent]
|
|-heal|p1a: Flesh|82/100|[from] Grassy Terrain
|upkeep
|turn|10
|
|t:|1779720952
|move|p1a: Flesh|Ice Shard|p2a: Rillaboom
|-supereffective|p2a: Rillaboom
|-damage|p2a: Rillaboom|30/100
|move|p2a: Rillaboom|Grassy Glide|p1a: Flesh
|-supereffective|p1a: Flesh
|-damage|p1a: Flesh|0 fnt
|faint|p1a: Flesh
|-damage|p2a: Rillaboom|20/100|[from] item: Life Orb
|
|-heal|p2a: Rillaboom|26/100|[from] Grassy Terrain
|upkeep
|c|☆owmango|lol
|
|t:|1779720965
|switch|p1a: Doug|Arcanine-Hisui, F|100/100
|-damage|p1a: Doug|75/100|[from] Stealth Rock
|turn|11
|
|t:|1779720977
|move|p2a: Rillaboom|Grassy Glide|p1a: Doug
|-damage|p1a: Doug|0 fnt
|faint|p1a: Doug
|-damage|p2a: Rillaboom|16/100|[from] item: Life Orb
|
|-heal|p2a: Rillaboom|23/100|[from] Grassy Terrain
|upkeep
|-message|metallettuce52 forfeited.
|
|win|owmango
|raw|metallettuce52's rating: 1179 &rarr; <strong>1156</strong><br />(-23 for losing)
|raw|owmango's rating: 1209 &rarr; <strong>1232</strong><br />(+23 for winning)
|l|☆metallettuce52
|player|p1|
|l|☆owmango
|player|p2|
