|j|☆claudechamp
|j|☆lol_nymbus
|t:|1779682667
|gametype|singles
|player|p1|claudechamp|170|1295
|player|p2|lol_nymbus|266|1315
|gen|9
|tier|[Gen 9] OU
|rated|
|rule|HP Percentage Mod: HP is shown in percentages
|rule|Endless Battle Clause: Forcing endless battles is banned
|rule|Species Clause: Limit one of each Pokémon
|rule|OHKO Clause: OHKO moves are banned
|rule|Evasion Items Clause: Evasion items are banned
|rule|Evasion Moves Clause: Evasion moves are banned
|rule|Evasion Abilities Clause: Evasion abilities are banned
|rule|Sleep Moves Clause: Sleep-inducing moves are banned
|clearpoke
|poke|p1|Gliscor, F|
|poke|p1|Ogerpon, F|
|poke|p1|Walking Wake|
|poke|p1|Blissey, F|
|poke|p1|Corviknight, M|
|poke|p1|Pecharunt|
|poke|p2|Torkoal, F|
|poke|p2|Raging Bolt|
|poke|p2|Walking Wake|
|poke|p2|Great Tusk|
|poke|p2|Hatterene, F|
|poke|p2|Slither Wing|
|teampreview
|c|☆claudechamp|hf
|inactive|Battle timer is ON: inactive players will automatically lose when time's up. (requested by claudechamp)
|
|t:|1779682677
|teamsize|p1|6
|teamsize|p2|6
|start
|switch|p1a: Gliscor|Gliscor, F|100/100
|switch|p2a: Maturin|Torkoal, F, shiny|100/100
|-weather|SunnyDay|[from] ability: Drought|[of] p2a: Maturin
|turn|1
|
|t:|1779682699
|switch|p2a: Great Tusk|Great Tusk, shiny|100/100
|-activate|p2a: Great Tusk|ability: Protosynthesis
|-start|p2a: Great Tusk|protosynthesisatk
|move|p1a: Gliscor|Earthquake|p2a: Great Tusk
|-damage|p2a: Great Tusk|78/100
|
|-weather|SunnyDay|[upkeep]
|-status|p1a: Gliscor|tox|[from] item: Toxic Orb
|upkeep
|turn|2
|
|t:|1779682708
|move|p2a: Great Tusk|Ice Spinner|p1a: Gliscor
|-supereffective|p1a: Gliscor
|-crit|p1a: Gliscor
|-damage|p1a: Gliscor|0 fnt
|faint|p1a: Gliscor
|
|-weather|SunnyDay|[upkeep]
|upkeep
|
|t:|1779682711
|switch|p1a: Walking Wake|Walking Wake|100/100
|-activate|p1a: Walking Wake|ability: Protosynthesis
|-start|p1a: Walking Wake|protosynthesisspe
|turn|3
|
|t:|1779682724
|-end|p2a: Great Tusk|Protosynthesis|[silent]
|switch|p2a: RagingStormZoner|Raging Bolt|100/100
|-activate|p2a: RagingStormZoner|ability: Protosynthesis
|-start|p2a: RagingStormZoner|protosynthesisspa
|move|p1a: Walking Wake|Surf|p2a: RagingStormZoner
|-resisted|p2a: RagingStormZoner
|-damage|p2a: RagingStormZoner|94/100
|
|-weather|SunnyDay|[upkeep]
|upkeep
|turn|4
|
|t:|1779682736
|-terastallize|p2a: RagingStormZoner|Fairy
|move|p1a: Walking Wake|Draco Meteor|p2a: RagingStormZoner
|-immune|p2a: RagingStormZoner
|move|p2a: RagingStormZoner|Draco Meteor|p1a: Walking Wake
|-supereffective|p1a: Walking Wake
|-damage|p1a: Walking Wake|0 fnt
|-unboost|p2a: RagingStormZoner|spa|2
|faint|p1a: Walking Wake
|-end|p1a: Walking Wake|Protosynthesis|[silent]
|
|-weather|SunnyDay|[upkeep]
|upkeep
|
|t:|1779682738
|switch|p1a: Pecharunt|Pecharunt|100/100
|turn|5
|
|t:|1779682750
|-end|p2a: RagingStormZoner|Protosynthesis|[silent]
|switch|p2a: Great Tusk|Great Tusk, shiny|78/100
|-activate|p2a: Great Tusk|ability: Protosynthesis
|-start|p2a: Great Tusk|protosynthesisatk
|move|p1a: Pecharunt|Malignant Chain|p2a: Great Tusk
|-resisted|p2a: Great Tusk
|-damage|p2a: Great Tusk|65/100
|
|-weather|SunnyDay|[upkeep]
|upkeep
|turn|6
|
|t:|1779682759
|move|p2a: Great Tusk|Headlong Rush|p1a: Pecharunt
|-supereffective|p1a: Pecharunt
|-damage|p1a: Pecharunt|22/100
|-unboost|p2a: Great Tusk|def|1
|-unboost|p2a: Great Tusk|spd|1
|move|p1a: Pecharunt|Malignant Chain|p2a: Great Tusk
|-resisted|p2a: Great Tusk
|-damage|p2a: Great Tusk|44/100
|-status|p2a: Great Tusk|tox
|-start|p2a: Great Tusk|confusion|[from] ability: Poison Puppeteer|[of] p1a: Pecharunt
|
|-weather|SunnyDay|[upkeep]
|-damage|p2a: Great Tusk|38/100 tox|[from] psn
|upkeep
|turn|7
|
|t:|1779682766
|switch|p1a: Corviknight|Corviknight, M|100/100
|-ability|p1a: Corviknight|Pressure
|-activate|p2a: Great Tusk|confusion
|move|p2a: Great Tusk|Headlong Rush|p1a: Corviknight
|-immune|p1a: Corviknight
|
|-weather|SunnyDay|[upkeep]
|-damage|p2a: Great Tusk|25/100 tox|[from] psn
|upkeep
|turn|8
|
|t:|1779682775
|-end|p2a: Great Tusk|Protosynthesis|[silent]
|switch|p2a: RagingStormZoner|Raging Bolt, tera:Fairy|94/100
|-activate|p2a: RagingStormZoner|ability: Protosynthesis
|-start|p2a: RagingStormZoner|protosynthesisspa
|move|p1a: Corviknight|U-turn|p2a: RagingStormZoner
|-resisted|p2a: RagingStormZoner
|-damage|p2a: RagingStormZoner|86/100
|
|t:|1779682778
|switch|p1a: Blissey|Blissey, F|100/100|[from] U-turn
|
|-weather|none
|-end|p2a: RagingStormZoner|Protosynthesis
|upkeep
|turn|9
|
|t:|1779682788
|-end|p2a: RagingStormZoner|Protosynthesis|[silent]
|switch|p2a: Hatterene|Hatterene, F, shiny|100/100
|move|p1a: Blissey|Stealth Rock|p2a: Hatterene
|move|p2a: Hatterene|Stealth Rock|p1a: Blissey|[from] ability: Magic Bounce
|-sidestart|p1: claudechamp|move: Stealth Rock
|
|upkeep
|turn|10
|
|t:|1779682794
|move|p1a: Blissey|Seismic Toss|p2a: Hatterene
|-damage|p2a: Hatterene|69/100
|-enditem|p2a: Hatterene|Eject Button
|
|t:|1779682803
|switch|p2a: Slither Wing|Slither Wing, shiny|100/100
|
|upkeep
|turn|11
|
|t:|1779682808
|move|p2a: Slither Wing|First Impression|p1a: Blissey
|-damage|p1a: Blissey|56/100
|move|p1a: Blissey|Seismic Toss|p2a: Slither Wing
|-damage|p2a: Slither Wing|72/100
|-damage|p1a: Blissey|40/100|[from] item: Rocky Helmet|[of] p2a: Slither Wing
|
|upkeep
|turn|12
|
|t:|1779682811
|move|p2a: Slither Wing|Will-O-Wisp|p1a: Blissey
|-status|p1a: Blissey|brn
|move|p1a: Blissey|Soft-Boiled|p1a: Blissey
|-heal|p1a: Blissey|90/100 brn
|
|-damage|p1a: Blissey|84/100 brn|[from] brn
|upkeep
|turn|13
|
|t:|1779682815
|move|p2a: Slither Wing|U-turn|p1a: Blissey
|-damage|p1a: Blissey|49/100 brn
|
|t:|1779682819
|-end|p2a: Slither Wing|Protosynthesis|[silent]
|switch|p2a: Great Tusk|Great Tusk, shiny|25/100 tox|[from] U-turn
|move|p1a: Blissey|Stealth Rock|p2a: Great Tusk
|-sidestart|p2: lol_nymbus|move: Stealth Rock
|
|-damage|p2a: Great Tusk|19/100 tox|[from] psn
|-damage|p1a: Blissey|42/100 brn|[from] brn
|upkeep
|turn|14
|
|t:|1779682827
|-curestatus|p1a: Blissey|brn|[from] ability: Natural Cure|[silent]
|switch|p1a: Corviknight|Corviknight, M|100/100
|-ability|p1a: Corviknight|Pressure
|move|p2a: Great Tusk|Temper Flare|p1a: Corviknight
|-supereffective|p1a: Corviknight
|-damage|p1a: Corviknight|66/100
|
|-damage|p2a: Great Tusk|7/100 tox|[from] psn
|upkeep
|turn|15
|
|t:|1779682832
|move|p2a: Great Tusk|Rapid Spin|p1a: Corviknight
|-resisted|p1a: Corviknight
|-damage|p1a: Corviknight|60/100
|-boost|p2a: Great Tusk|spe|1
|-sideend|p2: lol_nymbus|Stealth Rock|[from] move: Rapid Spin|[of] p2a: Great Tusk
|move|p1a: Corviknight|Roost|p1a: Corviknight
|-heal|p1a: Corviknight|100/100
|-singleturn|p1a: Corviknight|move: Roost
|
|-damage|p2a: Great Tusk|0 fnt|[from] psn
|faint|p2a: Great Tusk
|-end|p2a: Great Tusk|Protosynthesis|[silent]
|upkeep
|
|t:|1779682834
|switch|p2a: Maturin|Torkoal, F, shiny|100/100
|-weather|SunnyDay|[from] ability: Drought|[of] p2a: Maturin
|turn|16
|
|t:|1779682842
|move|p1a: Corviknight|U-turn|p2a: Maturin
|-resisted|p2a: Maturin
|-damage|p2a: Maturin|96/100
|
|t:|1779682847
|switch|p1a: Blissey|Blissey, F|42/100|[from] U-turn
|move|p2a: Maturin|Overheat|p1a: Blissey
|-damage|p1a: Blissey|23/100
|-unboost|p2a: Maturin|spa|2
|
|-weather|SunnyDay|[upkeep]
|upkeep
|turn|17
|
|t:|1779682854
|move|p1a: Blissey|Soft-Boiled|p1a: Blissey
|-heal|p1a: Blissey|73/100
|move|p2a: Maturin|Body Press|p1a: Blissey
|-supereffective|p1a: Blissey
|-damage|p1a: Blissey|16/100
|
|-weather|SunnyDay|[upkeep]
|upkeep
|turn|18
|
|t:|1779682858
|move|p1a: Blissey|Soft-Boiled|p1a: Blissey
|-heal|p1a: Blissey|66/100
|move|p2a: Maturin|Body Press|p1a: Blissey
|-supereffective|p1a: Blissey
|-damage|p1a: Blissey|0 fnt
|faint|p1a: Blissey
|
|-weather|SunnyDay|[upkeep]
|upkeep
|
|t:|1779682862
|switch|p1a: Pecharunt|Pecharunt|22/100
|turn|19
|
|t:|1779682866
|move|p1a: Pecharunt|Recover|p1a: Pecharunt
|-heal|p1a: Pecharunt|72/100
|move|p2a: Maturin|Overheat|p1a: Pecharunt
|-damage|p1a: Pecharunt|40/100
|-unboost|p2a: Maturin|spa|2
|
|-weather|SunnyDay|[upkeep]
|upkeep
|turn|20
|
|t:|1779682873
|switch|p2a: Walking Wake|Walking Wake|100/100
|-activate|p2a: Walking Wake|ability: Protosynthesis
|-start|p2a: Walking Wake|protosynthesisspe
|move|p1a: Pecharunt|Malignant Chain|p2a: Walking Wake
|-damage|p2a: Walking Wake|65/100
|
|-weather|SunnyDay|[upkeep]
|upkeep
|turn|21
|
|t:|1779682878
|move|p2a: Walking Wake|Hydro Steam|p1a: Pecharunt
|-damage|p1a: Pecharunt|0 fnt
|faint|p1a: Pecharunt
|
|-weather|SunnyDay|[upkeep]
|upkeep
|
|t:|1779682882
|switch|p1a: Ogerpon|Ogerpon, F|100/100
|turn|22
|
|t:|1779682886
|move|p2a: Walking Wake|Weather Ball|p1a: Ogerpon
|-supereffective|p1a: Ogerpon
|-damage|p1a: Ogerpon|0 fnt
|faint|p1a: Ogerpon
|
|-weather|SunnyDay|[upkeep]
|upkeep
|
|t:|1779682890
|switch|p1a: Corviknight|Corviknight, M|100/100
|-ability|p1a: Corviknight|Pressure
|turn|23
|
|t:|1779682898
|-terastallize|p1a: Corviknight|Ghost
|move|p2a: Walking Wake|Weather Ball|p1a: Corviknight
|-damage|p1a: Corviknight|42/100
|move|p1a: Corviknight|Roost|p1a: Corviknight
|-heal|p1a: Corviknight|92/100
|
|-weather|none
|-end|p2a: Walking Wake|Protosynthesis
|upkeep
|turn|24
|
|t:|1779682909
|move|p2a: Walking Wake|Draco Meteor|p1a: Corviknight
|-damage|p1a: Corviknight|22/100
|-unboost|p2a: Walking Wake|spa|2
|move|p1a: Corviknight|Body Press|p2a: Walking Wake
|-damage|p2a: Walking Wake|34/100
|
|upkeep
|turn|25
|
|t:|1779682915
|move|p2a: Walking Wake|Hydro Steam|p1a: Corviknight
|-damage|p1a: Corviknight|0 fnt
|faint|p1a: Corviknight
|
|win|lol_nymbus
|raw|claudechamp's rating: 1295 &rarr; <strong>1271</strong><br />(-24 for losing)
|raw|lol_nymbus's rating: 1315 &rarr; <strong>1334</strong><br />(+19 for winning)
|c|☆claudechamp|gg
|c|☆lol_nymbus|gg
