|j|☆BROOMX4
|j|☆Naiwrath
|t:|1779682176
|gametype|singles
|player|p1|BROOMX4|steven|1446
|player|p2|Naiwrath|266|1388
|gen|9
|tier|[Gen 9] OU
|rated|
|rule|HP Percentage Mod: HP is shown in percentages
|rule|Endless Battle Clause: Forcing endless battles is banned
|rule|Species Clause: Limit one of each Pokémon
|rule|OHKO Clause: OHKO moves are banned
|rule|Evasion Items Clause: Evasion items are banned
|rule|Evasion Moves Clause: Evasion moves are banned
|rule|Evasion Abilities Clause: Evasion abilities are banned
|rule|Sleep Moves Clause: Sleep-inducing moves are banned
|clearpoke
|poke|p1|Kyurem|
|poke|p1|Slowking-Galar, M|
|poke|p1|Hatterene, F|
|poke|p1|Moltres|
|poke|p1|Great Tusk|
|poke|p1|Tyranitar, M|
|poke|p2|Cramorant, M|
|poke|p2|Gallade, M|
|poke|p2|Kingambit, M|
|poke|p2|Iron Moth|
|poke|p2|Enamorus, F|
|poke|p2|Great Tusk|
|teampreview
|inactive|Battle timer is ON: inactive players will automatically lose when time's up. (requested by BROOMX4)
|
|t:|1779682193
|teamsize|p1|6
|teamsize|p2|6
|start
|switch|p1a: Kyurem|Kyurem|100/100
|switch|p2a: Cramorant|Cramorant, M, shiny|100/100
|-ability|p1a: Kyurem|Pressure
|turn|1
|
|t:|1779682197
|move|p1a: Kyurem|Freeze-Dry|p2a: Cramorant
|-supereffective|p2a: Cramorant
|-enditem|p2a: Cramorant|Focus Sash
|-damage|p2a: Cramorant|1/100
|move|p2a: Cramorant|Surf|p1a: Kyurem
|-formechange|p2a: Cramorant|Cramorant-Gorging|
|-resisted|p1a: Kyurem
|-damage|p1a: Kyurem|83/100
|
|upkeep
|turn|2
|
|t:|1779682205
|switch|p1a: Tyranitar|Tyranitar, M|100/100
|-weather|Sandstorm|[from] ability: Sand Stream|[of] p1a: Tyranitar
|move|p2a: Cramorant|Tailwind|p2a: Cramorant
|-sidestart|p2: Naiwrath|move: Tailwind
|
|-weather|Sandstorm|[upkeep]
|-damage|p2a: Cramorant|0 fnt|[from] Sandstorm
|faint|p2a: Cramorant
|upkeep
|
|t:|1779682214
|switch|p2a: Enamorus|Enamorus, F|100/100
|turn|3
|
|t:|1779682227
|move|p2a: Enamorus|Moonblast|p1a: Tyranitar
|-supereffective|p1a: Tyranitar
|-damage|p1a: Tyranitar|59/100
|move|p1a: Tyranitar|Knock Off|p2a: Enamorus
|-resisted|p2a: Enamorus
|-crit|p2a: Enamorus
|-damage|p2a: Enamorus|40/100
|-enditem|p2a: Enamorus|Focus Sash|[from] move: Knock Off|[of] p1a: Tyranitar
|
|-weather|Sandstorm|[upkeep]
|-damage|p2a: Enamorus|34/100|[from] Sandstorm
|-heal|p1a: Tyranitar|65/100|[from] item: Leftovers
|upkeep
|turn|4
|
|t:|1779682237
|move|p2a: Enamorus|Superpower|p1a: Tyranitar
|-supereffective|p1a: Tyranitar
|-damage|p1a: Tyranitar|0 fnt
|-boost|p2a: Enamorus|atk|1
|-boost|p2a: Enamorus|def|1
|faint|p1a: Tyranitar
|
|-weather|Sandstorm|[upkeep]
|-damage|p2a: Enamorus|27/100|[from] Sandstorm
|upkeep
|
|t:|1779682253
|switch|p1a: Moltres|Moltres|100/100
|turn|5
|
|t:|1779682269
|move|p2a: Enamorus|Healing Wish|p2a: Enamorus
|faint|p2a: Enamorus
|move|p1a: Moltres|Flamethrower|p2: Enamorus|[notarget]
|-fail|p1a: Moltres
|
|-weather|Sandstorm|[upkeep]
|-damage|p1a: Moltres|94/100|[from] Sandstorm
|-sideend|p2: Naiwrath|move: Tailwind
|upkeep
|
|t:|1779682277
|switch|p2a: Great Tusk|Great Tusk, shiny|100/100
|-enditem|p2a: Great Tusk|Booster Energy
|-activate|p2a: Great Tusk|ability: Protosynthesis|[fromitem]
|-start|p2a: Great Tusk|protosynthesisatk
|turn|6
|
|t:|1779682286
|switch|p1a: Hatterene|Hatterene, F|100/100
|-terastallize|p2a: Great Tusk|Electric
|move|p2a: Great Tusk|Supercell Slam|p1a: Hatterene
|-damage|p1a: Hatterene|40/100
|-enditem|p1a: Hatterene|Eject Button
|
|t:|1779682290
|switch|p1a: Great Tusk|Great Tusk|100/100
|
|-weather|none
|upkeep
|turn|7
|
|t:|1779682308
|-end|p2a: Great Tusk|Protosynthesis|[silent]
|switch|p2a: Gallade|Gallade, M|100/100
|move|p1a: Great Tusk|Headlong Rush|p2a: Gallade
|-enditem|p2a: Gallade|Focus Sash
|-damage|p2a: Gallade|1/100
|-unboost|p1a: Great Tusk|def|1
|-unboost|p1a: Great Tusk|spd|1
|
|upkeep
|turn|8
|
|t:|1779682320
|move|p1a: Great Tusk|Headlong Rush|p2a: Gallade
|-damage|p2a: Gallade|0 fnt
|-unboost|p1a: Great Tusk|def|1
|-unboost|p1a: Great Tusk|spd|1
|faint|p2a: Gallade
|
|upkeep
|
|t:|1779682324
|switch|p2a: Iron Moth|Iron Moth|100/100
|-enditem|p2a: Iron Moth|Booster Energy
|-activate|p2a: Iron Moth|ability: Quark Drive|[fromitem]
|-start|p2a: Iron Moth|quarkdrivespe
|turn|9
|
|t:|1779682331
|-end|p1a: Great Tusk|Protosynthesis|[silent]
|switch|p1a: Slowking|Slowking-Galar, M|100/100
|move|p2a: Iron Moth|Energy Ball|p1a: Slowking
|-resisted|p1a: Slowking
|-crit|p1a: Slowking
|-damage|p1a: Slowking|82/100
|
|upkeep
|turn|10
|
|t:|1779682338
|-end|p2a: Iron Moth|Quark Drive|[silent]
|switch|p2a: Kingambit|Kingambit, M|100/100
|-activate|p2a: Kingambit|ability: Supreme Overlord
|-start|p2a: Kingambit|fallen3|[silent]
|move|p1a: Slowking|Future Sight|p2a: Kingambit
|-start|p1a: Slowking|move: Future Sight
|
|upkeep
|turn|11
|
|t:|1779682343
|switch|p1a: Great Tusk|Great Tusk|100/100
|move|p2a: Kingambit|Sucker Punch||[still]
|-fail|p2a: Kingambit
|
|upkeep
|turn|12
|
|t:|1779682355
|move|p2a: Kingambit|Sucker Punch|p1a: Great Tusk
|-resisted|p1a: Great Tusk
|-damage|p1a: Great Tusk|74/100
|-damage|p2a: Kingambit|91/100|[from] item: Life Orb
|move|p1a: Great Tusk|Headlong Rush|p2a: Kingambit
|-supereffective|p2a: Kingambit
|-damage|p2a: Kingambit|0 fnt
|-unboost|p1a: Great Tusk|def|1
|-unboost|p1a: Great Tusk|spd|1
|faint|p2a: Kingambit
|-end|p2a: Kingambit|fallen3|[silent]
|
|-hint|Future Sight did not hit because the target is fainted.
|upkeep
|
|t:|1779682364
|switch|p2a: Iron Moth|Iron Moth|100/100
|turn|13
|
|t:|1779682368
|move|p1a: Great Tusk|Headlong Rush|p2a: Iron Moth
|-supereffective|p2a: Iron Moth
|-damage|p2a: Iron Moth|0 fnt
|-unboost|p1a: Great Tusk|def|1
|-unboost|p1a: Great Tusk|spd|1
|faint|p2a: Iron Moth
|-end|p2a: Iron Moth|Quark Drive|[silent]
|
|upkeep
|
|t:|1779682375
|switch|p2a: Great Tusk|Great Tusk, shiny, tera:Electric|100/100
|turn|14
|-message|Naiwrath forfeited.
|
|win|BROOMX4
|raw|BROOMX4's rating: 1446 &rarr; <strong>1463</strong><br />(+17 for winning)
|raw|Naiwrath's rating: 1388 &rarr; <strong>1371</strong><br />(-17 for losing)
|l|☆Naiwrath
|player|p2|
|c|☆BROOMX4|gg
|l|☆BROOMX4
|player|p1|
