|j|☆chiliguilijr
|j|☆passtimeatwork1994
|t:|1779574089
|gametype|singles
|player|p1|chiliguilijr|striker|1111
|player|p2|passtimeatwork1994|266|1159
|gen|9
|tier|[Gen 9] OU
|rated|
|rule|HP Percentage Mod: HP is shown in percentages
|rule|Endless Battle Clause: Forcing endless battles is banned
|rule|Species Clause: Limit one of each Pokémon
|rule|OHKO Clause: OHKO moves are banned
|rule|Evasion Items Clause: Evasion items are banned
|rule|Evasion Moves Clause: Evasion moves are banned
|rule|Evasion Abilities Clause: Evasion abilities are banned
|rule|Sleep Moves Clause: Sleep-inducing moves are banned
|clearpoke
|poke|p1|Raichu, M|
|poke|p1|Meowscarada, M|
|poke|p1|Clodsire, F|
|poke|p1|Floatzel, M|
|poke|p1|Skeledirge, M|
|poke|p1|Sylveon, M|
|poke|p2|Hydrapple, F|
|poke|p2|Alomomola, M|
|poke|p2|Iron Crown|
|poke|p2|Ting-Lu|
|poke|p2|Dragonite, M|
|poke|p2|Weezing-Galar, F|
|teampreview
|c|☆chiliguilijr|hey
|c|☆chiliguilijr|are you a bot
|inactive|Battle timer is ON: inactive players will automatically lose when time's up. (requested by passtimeatwork1994)
|
|t:|1779574116
|teamsize|p1|6
|teamsize|p2|6
|start
|switch|p1a: Clodsire|Clodsire, F|100/100
|switch|p2a: Weezing|Weezing-Galar, F|100/100
|turn|1
|
|t:|1779574131
|switch|p2a: Hydrapple|Hydrapple, F|100/100
|move|p1a: Clodsire|Earthquake|p2a: Hydrapple
|-resisted|p2a: Hydrapple
|-damage|p2a: Hydrapple|89/100
|
|upkeep
|turn|2
|
|t:|1779574140
|switch|p1a: Sylveon|Sylveon, M, shiny|100/100
|move|p2a: Hydrapple|Giga Drain|p1a: Sylveon
|-damage|p1a: Sylveon|72/100
|-heal|p2a: Hydrapple|100/100|[from] drain|[of] p1a: Sylveon
|
|upkeep
|turn|3
|
|t:|1779574155
|switch|p2a: Ting-Lu|Ting-Lu|100/100
|-ability|p2a: Ting-Lu|Vessel of Ruin
|move|p1a: Sylveon|Hyper Voice|p2a: Ting-Lu
|-supereffective|p2a: Ting-Lu
|-damage|p2a: Ting-Lu|7/100
|
|-heal|p2a: Ting-Lu|13/100|[from] item: Leftovers
|upkeep
|turn|4
|
|t:|1779574179
|switch|p2a: Weezing|Weezing-Galar, F|100/100
|move|p1a: Sylveon|Hyper Voice|p2a: Weezing
|-resisted|p2a: Weezing
|-damage|p2a: Weezing|42/100
|
|-heal|p2a: Weezing|48/100|[from] item: Black Sludge
|upkeep
|turn|5
|
|t:|1779574197
|-terastallize|p1a: Sylveon|Fire
|move|p2a: Weezing|Toxic|p1a: Sylveon
|-status|p1a: Sylveon|tox
|move|p1a: Sylveon|Hyper Voice|p2a: Weezing
|-resisted|p2a: Weezing
|-damage|p2a: Weezing|0 fnt
|faint|p2a: Weezing
|
|-damage|p1a: Sylveon|66/100 tox|[from] psn
|upkeep
|
|t:|1779574206
|switch|p2a: Alomomola|Alomomola, M|100/100
|turn|6
|
|t:|1779574211
|switch|p1a: Meowscarada|Meowscarada, M|100/100
|move|p2a: Alomomola|Protect||[still]
|-fail|p2a: Alomomola
|
|upkeep
|turn|7
|
|t:|1779574217
|switch|p2a: Hydrapple|Hydrapple, F|100/100
|move|p1a: Meowscarada|U-turn|p2a: Hydrapple
|-start|p1a: Meowscarada|typechange|Bug|[from] ability: Protean
|-supereffective|p2a: Hydrapple
|-damage|p2a: Hydrapple|41/100
|
|t:|1779574225
|switch|p1a: Skeledirge|Skeledirge, M|100/100|[from] U-turn
|
|upkeep
|turn|8
|
|t:|1779574236
|switch|p2a: Iron Crown|Iron Crown|100/100
|move|p1a: Skeledirge|Torch Song|p2a: Iron Crown
|-supereffective|p2a: Iron Crown
|-damage|p2a: Iron Crown|43/100
|-boost|p1a: Skeledirge|spa|1
|
|upkeep
|turn|9
|
|t:|1779574246
|-terastallize|p2a: Iron Crown|Fairy
|move|p2a: Iron Crown|Future Sight|p1a: Skeledirge
|-start|p2a: Iron Crown|move: Future Sight
|move|p1a: Skeledirge|Torch Song|p2a: Iron Crown
|-damage|p2a: Iron Crown|1/100
|-boost|p1a: Skeledirge|spa|1
|
|upkeep
|turn|10
|
|t:|1779574264
|-end|p2a: Iron Crown|Quark Drive|[silent]
|switch|p2a: Dragonite|Dragonite, M|100/100
|switch|p1a: Clodsire|Clodsire, F|100/100
|
|upkeep
|turn|11
|
|t:|1779574274
|move|p2a: Dragonite|Ice Punch|p1a: Clodsire
|-supereffective|p1a: Clodsire
|-damage|p1a: Clodsire|25/100
|move|p1a: Clodsire|Poison Jab|p2a: Dragonite
|-damage|p2a: Dragonite|89/100
|
|-end|p1a: Clodsire|move: Future Sight
|-supereffective|p1a: Clodsire
|-damage|p1a: Clodsire|0 fnt
|faint|p1a: Clodsire
|upkeep
|
|t:|1779574285
|switch|p1a: Meowscarada|Meowscarada, M|100/100
|turn|12
|
|t:|1779574291
|switch|p2a: Alomomola|Alomomola, M|100/100
|move|p1a: Meowscarada|U-turn|p2a: Alomomola
|-start|p1a: Meowscarada|typechange|Bug|[from] ability: Protean
|-damage|p2a: Alomomola|85/100
|
|t:|1779574301
|switch|p1a: Skeledirge|Skeledirge, M|100/100|[from] U-turn
|
|-heal|p2a: Alomomola|91/100|[from] item: Leftovers
|upkeep
|turn|13
|
|t:|1779574309
|move|p1a: Skeledirge|Shadow Ball|p2a: Alomomola
|-damage|p2a: Alomomola|45/100
|move|p2a: Alomomola|Wish|p2a: Alomomola
|
|-heal|p2a: Alomomola|51/100|[from] item: Leftovers
|upkeep
|turn|14
|
|t:|1779574315
|move|p1a: Skeledirge|Torch Song|p2a: Alomomola
|-resisted|p2a: Alomomola
|-damage|p2a: Alomomola|26/100
|-boost|p1a: Skeledirge|spa|1
|move|p2a: Alomomola|Flip Turn|p1a: Skeledirge
|-supereffective|p1a: Skeledirge
|-damage|p1a: Skeledirge|78/100
|
|t:|1779574323
|switch|p2a: Ting-Lu|Ting-Lu|13/100|[from] Flip Turn
|-ability|p2a: Ting-Lu|Vessel of Ruin
|
|-heal|p2a: Ting-Lu|65/100|[from] move: Wish|[wisher] Alomomola
|-heal|p2a: Ting-Lu|71/100|[from] item: Leftovers
|upkeep
|turn|15
|
|t:|1779574335
|move|p1a: Skeledirge|Torch Song|p2a: Ting-Lu
|-damage|p2a: Ting-Lu|33/100
|-boost|p1a: Skeledirge|spa|1
|move|p2a: Ting-Lu|Earthquake|p1a: Skeledirge
|-supereffective|p1a: Skeledirge
|-damage|p1a: Skeledirge|23/100
|
|-heal|p2a: Ting-Lu|39/100|[from] item: Leftovers
|upkeep
|turn|16
|
|t:|1779574351
|switch|p1a: Floatzel|Floatzel, M|100/100
|move|p2a: Ting-Lu|Earthquake|p1a: Floatzel
|-damage|p1a: Floatzel|32/100
|
|-heal|p2a: Ting-Lu|45/100|[from] item: Leftovers
|upkeep
|turn|17
|
|t:|1779574359
|switch|p2a: Hydrapple|Hydrapple, F|74/100
|move|p1a: Floatzel|Liquidation|p2a: Hydrapple
|-resisted|p2a: Hydrapple
|-damage|p2a: Hydrapple|66/100
|
|upkeep
|turn|18
|
|t:|1779574369
|move|p1a: Floatzel|Ice Spinner|p2a: Hydrapple
|-supereffective|p2a: Hydrapple
|-damage|p2a: Hydrapple|0 fnt
|faint|p2a: Hydrapple
|
|upkeep
|
|t:|1779574374
|switch|p2a: Dragonite|Dragonite, M|89/100
|turn|19
|
|t:|1779574382
|move|p2a: Dragonite|Extreme Speed|p1a: Floatzel
|-damage|p1a: Floatzel|0 fnt
|faint|p1a: Floatzel
|
|upkeep
|
|t:|1779574392
|switch|p1a: Raichu|Raichu, M|100/100
|turn|20
|
|t:|1779574397
|move|p1a: Raichu|Fake Out|p2a: Dragonite
|-damage|p2a: Dragonite|74/100
|-damage|p1a: Raichu|91/100|[from] item: Life Orb
|cant|p2a: Dragonite|flinch
|
|upkeep
|turn|21
|
|t:|1779574418
|switch|p1a: Meowscarada|Meowscarada, M|100/100
|move|p2a: Dragonite|Dragon Dance|p2a: Dragonite
|-boost|p2a: Dragonite|atk|1
|-boost|p2a: Dragonite|spe|1
|
|upkeep
|turn|22
|
|t:|1779574428
|switch|p1a: Sylveon|Sylveon, M, shiny, tera:Fire|66/100 tox
|move|p2a: Dragonite|Fire Punch|p1a: Sylveon
|-resisted|p1a: Sylveon
|-damage|p1a: Sylveon|39/100 tox
|
|-damage|p1a: Sylveon|33/100 tox|[from] psn
|upkeep
|turn|23
|
|t:|1779574437
|move|p2a: Dragonite|Fire Punch|p1a: Sylveon
|-resisted|p1a: Sylveon
|-damage|p1a: Sylveon|8/100 tox
|move|p1a: Sylveon|Hyper Voice|p2a: Dragonite
|-supereffective|p2a: Dragonite
|-damage|p2a: Dragonite|0 fnt
|faint|p2a: Dragonite
|
|-damage|p1a: Sylveon|0 fnt|[from] psn
|faint|p1a: Sylveon
|upkeep
|inactive|passtimeatwork1994 has 120 seconds left.
|
|t:|1779574471
|switch|p2a: Iron Crown|Iron Crown, tera:Fairy|1/100
|switch|p1a: Raichu|Raichu, M|91/100
|turn|24
|
|t:|1779574479
|move|p1a: Raichu|Fake Out|p2a: Iron Crown
|-damage|p2a: Iron Crown|0 fnt
|faint|p2a: Iron Crown
|-end|p2a: Iron Crown|Quark Drive|[silent]
|-damage|p1a: Raichu|81/100|[from] item: Life Orb
|
|upkeep
|-message|passtimeatwork1994 forfeited.
|
|win|chiliguilijr
|raw|chiliguilijr's rating: 1111 &rarr; <strong>1139</strong><br />(+28 for winning)
|raw|passtimeatwork1994's rating: 1159 &rarr; <strong>1131</strong><br />(-28 for losing)
|l|☆passtimeatwork1994
|player|p2|
|l|☆chiliguilijr
|player|p1|
