|badge|p2|bronze|gen9ou|100-9
|uhtml|medal-msg|<div class="broadcast-blue">Curious what those medals under the avatar are? PS now has Ladder Seasons! For more information, check out the <a href="https://www.smogon.com/forums/threads/3740067/">thread on Smogon.</a></div>
|j|☆PiggLad
|j|☆slitherwing ily ><
|t:|1779653099
|gametype|singles
|player|p1|PiggLad|grimsley-gen7|1766
|player|p2|slitherwing ily ><|iono-masters|1768
|gen|9
|tier|[Gen 9] OU
|rated|
|rule|HP Percentage Mod: HP is shown in percentages
|rule|Endless Battle Clause: Forcing endless battles is banned
|rule|Species Clause: Limit one of each Pokémon
|rule|OHKO Clause: OHKO moves are banned
|rule|Evasion Items Clause: Evasion items are banned
|rule|Evasion Moves Clause: Evasion moves are banned
|rule|Evasion Abilities Clause: Evasion abilities are banned
|rule|Sleep Moves Clause: Sleep-inducing moves are banned
|clearpoke
|poke|p1|Tyranitar, M|
|poke|p1|Hydrapple, M|
|poke|p1|Enamorus, F|
|poke|p1|Garganacl, F|
|poke|p1|Excadrill, M|
|poke|p1|Alomomola, F|
|poke|p2|Great Tusk|
|poke|p2|Kingambit, F|
|poke|p2|Raging Bolt|
|poke|p2|Walking Wake|
|poke|p2|Ninetales, F|
|poke|p2|Ceruledge, F|
|teampreview
|inactive|Battle timer is ON: inactive players will automatically lose when time's up. (requested by slitherwing ily ><)
|
|t:|1779653146
|teamsize|p1|6
|teamsize|p2|6
|start
|switch|p1a: Jevils To This|Garganacl, F, shiny|100/100
|switch|p2a: nah i'd spin|Great Tusk|100/100
|turn|1
|
|t:|1779653155
|switch|p1a: Alo Cortisol|Alomomola, F|100/100
|move|p2a: nah i'd spin|Close Combat|p1a: Alo Cortisol
|-damage|p1a: Alo Cortisol|56/100
|-unboost|p2a: nah i'd spin|def|1
|-unboost|p2a: nah i'd spin|spd|1
|
|upkeep
|turn|2
|
|t:|1779653160
|-terastallize|p2a: nah i'd spin|Fighting
|move|p2a: nah i'd spin|Close Combat|p1a: Alo Cortisol
|-damage|p1a: Alo Cortisol|0 fnt
|-unboost|p2a: nah i'd spin|def|1
|-unboost|p2a: nah i'd spin|spd|1
|faint|p1a: Alo Cortisol
|
|upkeep
|
|t:|1779653166
|switch|p1a: ExGon'SpinIntoYa|Excadrill, M|100/100
|turn|3
|
|t:|1779653174
|-end|p2a: nah i'd spin|Protosynthesis|[silent]
|switch|p2a: Red judas|Ceruledge, F|100/100
|-item|p2a: Red judas|Air Balloon
|move|p1a: ExGon'SpinIntoYa|Substitute|p1a: ExGon'SpinIntoYa
|-start|p1a: ExGon'SpinIntoYa|Substitute
|-damage|p1a: ExGon'SpinIntoYa|76/100
|
|-heal|p1a: ExGon'SpinIntoYa|82/100|[from] item: Leftovers
|upkeep
|turn|4
|
|t:|1779653177
|move|p1a: ExGon'SpinIntoYa|Rock Slide|p2a: Red judas
|-supereffective|p2a: Red judas
|-damage|p2a: Red judas|34/100
|-ability|p2a: Red judas|Weak Armor|boost
|-unboost|p2a: Red judas|def|1
|-boost|p2a: Red judas|spe|2
|-enditem|p2a: Red judas|Air Balloon
|move|p2a: Red judas|Bitter Blade|p1a: ExGon'SpinIntoYa
|-supereffective|p1a: ExGon'SpinIntoYa
|-end|p1a: ExGon'SpinIntoYa|Substitute
|-heal|p2a: Red judas|47/100|[from] drain|[of] p1a: ExGon'SpinIntoYa
|
|-heal|p1a: ExGon'SpinIntoYa|88/100|[from] item: Leftovers
|upkeep
|turn|5
|
|t:|1779653182
|switch|p1a: WhoBEdginTheyStone|Tyranitar, M|100/100
|-weather|Sandstorm|[from] ability: Sand Stream|[of] p1a: WhoBEdginTheyStone
|move|p2a: Red judas|Poltergeist|p1a: WhoBEdginTheyStone
|-activate|p1a: WhoBEdginTheyStone|move: Poltergeist|Choice Band
|-resisted|p1a: WhoBEdginTheyStone
|-damage|p1a: WhoBEdginTheyStone|74/100
|
|-weather|Sandstorm|[upkeep]
|-damage|p2a: Red judas|41/100|[from] Sandstorm
|upkeep
|turn|6
|
|t:|1779653190
|move|p2a: Red judas|Poltergeist|p1a: WhoBEdginTheyStone|[miss]
|-miss|p2a: Red judas|p1a: WhoBEdginTheyStone
|move|p1a: WhoBEdginTheyStone|Knock Off|p2a: Red judas
|-supereffective|p2a: Red judas
|-damage|p2a: Red judas|0 fnt
|faint|p2a: Red judas
|
|-weather|Sandstorm|[upkeep]
|upkeep
|
|t:|1779653193
|switch|p2a: nah i'd spin|Great Tusk, tera:Fighting|100/100
|turn|7
|
|t:|1779653200
|switch|p1a: Let The Goons Out|Hydrapple, M, shiny|100/100
|move|p2a: nah i'd spin|Ice Spinner|p1a: Let The Goons Out
|-supereffective|p1a: Let The Goons Out
|-damage|p1a: Let The Goons Out|28/100
|-damage|p2a: nah i'd spin|84/100|[from] item: Rocky Helmet|[of] p1a: Let The Goons Out
|
|-weather|Sandstorm|[upkeep]
|-damage|p2a: nah i'd spin|78/100|[from] Sandstorm
|-damage|p1a: Let The Goons Out|22/100|[from] Sandstorm
|upkeep
|turn|8
|
|t:|1779653212
|switch|p1a: Larpin Diddy Foid|Enamorus, F|100/100
|move|p2a: nah i'd spin|Ice Spinner|p1a: Larpin Diddy Foid
|-supereffective|p1a: Larpin Diddy Foid
|-damage|p1a: Larpin Diddy Foid|10/100
|
|-weather|Sandstorm|[upkeep]
|-damage|p1a: Larpin Diddy Foid|4/100|[from] Sandstorm
|-damage|p2a: nah i'd spin|72/100|[from] Sandstorm
|upkeep
|turn|9
|
|t:|1779653222
|-end|p2a: nah i'd spin|Protosynthesis|[silent]
|switch|p2a: 2.f4|Kingambit, F|100/100
|-activate|p2a: 2.f4|ability: Supreme Overlord
|-start|p2a: 2.f4|fallen1|[silent]
|-item|p2a: 2.f4|Air Balloon
|move|p1a: Larpin Diddy Foid|Earth Power|p2a: 2.f4
|-immune|p2a: 2.f4
|
|-weather|none
|upkeep
|turn|10
|
|t:|1779653235
|switch|p1a: Let The Goons Out|Hydrapple, M, shiny|55/100
|move|p2a: 2.f4|Iron Head|p1a: Let The Goons Out
|-damage|p1a: Let The Goons Out|24/100
|-damage|p2a: 2.f4|84/100|[from] item: Rocky Helmet|[of] p1a: Let The Goons Out
|
|upkeep
|turn|11
|
|t:|1779653249
|switch|p1a: ExGon'SpinIntoYa|Excadrill, M|88/100
|move|p2a: 2.f4|Iron Head|p1a: ExGon'SpinIntoYa
|-resisted|p1a: ExGon'SpinIntoYa
|-damage|p1a: ExGon'SpinIntoYa|54/100
|
|-heal|p1a: ExGon'SpinIntoYa|60/100|[from] item: Leftovers
|upkeep
|turn|12
|
|t:|1779653259
|switch|p1a: WhoBEdginTheyStone|Tyranitar, M|74/100
|-weather|Sandstorm|[from] ability: Sand Stream|[of] p1a: WhoBEdginTheyStone
|move|p2a: 2.f4|Kowtow Cleave|p1a: WhoBEdginTheyStone
|-resisted|p1a: WhoBEdginTheyStone
|-damage|p1a: WhoBEdginTheyStone|49/100
|
|-weather|Sandstorm|[upkeep]
|upkeep
|turn|13
|
|t:|1779653267
|move|p2a: 2.f4|Sucker Punch|p1a: WhoBEdginTheyStone
|-resisted|p1a: WhoBEdginTheyStone
|-damage|p1a: WhoBEdginTheyStone|30/100
|move|p1a: WhoBEdginTheyStone|Low Kick|p2a: 2.f4
|-supereffective|p2a: 2.f4
|-damage|p2a: 2.f4|0 fnt
|-enditem|p2a: 2.f4|Air Balloon
|faint|p2a: 2.f4
|-end|p2a: 2.f4|fallen1|[silent]
|
|-weather|Sandstorm|[upkeep]
|upkeep
|
|t:|1779653270
|switch|p2a: Resevoir slogs|Walking Wake|100/100
|turn|14
|
|t:|1779653288
|switch|p1a: Let The Goons Out|Hydrapple, M, shiny|58/100
|move|p2a: Resevoir slogs|Draco Meteor|p1a: Let The Goons Out|[miss]
|-miss|p2a: Resevoir slogs|p1a: Let The Goons Out
|
|-weather|Sandstorm|[upkeep]
|-damage|p2a: Resevoir slogs|94/100|[from] Sandstorm
|-damage|p1a: Let The Goons Out|52/100|[from] Sandstorm
|upkeep
|turn|15
|
|t:|1779653297
|switch|p1a: Jevils To This|Garganacl, F, shiny|100/100
|move|p2a: Resevoir slogs|Draco Meteor|p1a: Jevils To This
|-damage|p1a: Jevils To This|70/100
|-unboost|p2a: Resevoir slogs|spa|2
|
|-weather|Sandstorm|[upkeep]
|-damage|p2a: Resevoir slogs|88/100|[from] Sandstorm
|-heal|p1a: Jevils To This|76/100|[from] item: Leftovers
|upkeep
|turn|16
|
|t:|1779653300
|move|p2a: Resevoir slogs|Flip Turn|p1a: Jevils To This
|-supereffective|p1a: Jevils To This
|-damage|p1a: Jevils To This|52/100
|
|t:|1779653304
|-end|p2a: Resevoir slogs|Protosynthesis|[silent]
|switch|p2a: nah i'd spin|Great Tusk, tera:Fighting|72/100|[from] Flip Turn
|move|p1a: Jevils To This|Salt Cure|p2a: nah i'd spin
|-resisted|p2a: nah i'd spin
|-damage|p2a: nah i'd spin|67/100
|-start|p2a: nah i'd spin|Salt Cure
|
|-weather|none
|-heal|p1a: Jevils To This|58/100|[from] item: Leftovers
|-damage|p2a: nah i'd spin|54/100|[from] Salt Cure
|upkeep
|turn|17
|
|t:|1779653307
|move|p1a: Jevils To This|Protect|p1a: Jevils To This
|-singleturn|p1a: Jevils To This|Protect
|move|p2a: nah i'd spin|Close Combat|p1a: Jevils To This
|-activate|p1a: Jevils To This|move: Protect
|
|-heal|p1a: Jevils To This|64/100|[from] item: Leftovers
|-damage|p2a: nah i'd spin|42/100|[from] Salt Cure
|upkeep
|turn|18
|
|t:|1779653311
|switch|p1a: Let The Goons Out|Hydrapple, M, shiny|85/100
|move|p2a: nah i'd spin|Close Combat|p1a: Let The Goons Out
|-crit|p1a: Let The Goons Out
|-damage|p1a: Let The Goons Out|9/100
|-unboost|p2a: nah i'd spin|def|1
|-unboost|p2a: nah i'd spin|spd|1
|-damage|p2a: nah i'd spin|25/100|[from] item: Rocky Helmet|[of] p1a: Let The Goons Out
|
|-damage|p2a: nah i'd spin|13/100|[from] Salt Cure
|upkeep
|turn|19
|
|t:|1779653334
|-end|p2a: nah i'd spin|Protosynthesis|[silent]
|switch|p2a: Naruto|Ninetales, F|100/100
|-weather|SunnyDay|[from] ability: Drought|[of] p2a: Naruto
|move|p1a: Let The Goons Out|Fickle Beam|p2a: Naruto|[anim] Fickle Beam All Out
|-activate|p1a: Let The Goons Out|move: Fickle Beam
|-damage|p2a: Naruto|21/100
|
|-weather|SunnyDay|[upkeep]
|upkeep
|turn|20
|
|t:|1779653345
|switch|p1a: Jevils To This|Garganacl, F, shiny|64/100
|move|p2a: Naruto|Healing Wish|p2a: Naruto
|faint|p2a: Naruto
|
|-weather|SunnyDay|[upkeep]
|-heal|p1a: Jevils To This|70/100|[from] item: Leftovers
|upkeep
|
|t:|1779653347
|switch|p2a: nah i'd spin|Great Tusk, tera:Fighting|13/100
|-heal|p2a: nah i'd spin|100/100|[from] move: Healing Wish
|-activate|p2a: nah i'd spin|ability: Protosynthesis
|-start|p2a: nah i'd spin|protosynthesisatk
|turn|21
|
|t:|1779653352
|move|p1a: Jevils To This|Protect|p1a: Jevils To This
|-singleturn|p1a: Jevils To This|Protect
|move|p2a: nah i'd spin|Close Combat|p1a: Jevils To This
|-activate|p1a: Jevils To This|move: Protect
|
|-weather|SunnyDay|[upkeep]
|-heal|p1a: Jevils To This|76/100|[from] item: Leftovers
|upkeep
|turn|22
|
|t:|1779653364
|switch|p1a: WhoBEdginTheyStone|Tyranitar, M|30/100
|-weather|Sandstorm|[from] ability: Sand Stream|[of] p1a: WhoBEdginTheyStone
|-end|p2a: nah i'd spin|Protosynthesis
|move|p2a: nah i'd spin|Ice Spinner|p1a: WhoBEdginTheyStone
|-damage|p1a: WhoBEdginTheyStone|3/100
|
|-weather|Sandstorm|[upkeep]
|-damage|p2a: nah i'd spin|94/100|[from] Sandstorm
|upkeep
|turn|23
|
|t:|1779653371
|move|p2a: nah i'd spin|Rapid Spin|p1a: WhoBEdginTheyStone
|-resisted|p1a: WhoBEdginTheyStone
|-damage|p1a: WhoBEdginTheyStone|0 fnt
|-boost|p2a: nah i'd spin|spe|1
|faint|p1a: WhoBEdginTheyStone
|
|-weather|Sandstorm|[upkeep]
|-damage|p2a: nah i'd spin|88/100|[from] Sandstorm
|upkeep
|
|t:|1779653373
|switch|p1a: Jevils To This|Garganacl, F, shiny|76/100
|turn|24
|
|t:|1779653377
|-terastallize|p1a: Jevils To This|Fairy
|move|p2a: nah i'd spin|Headlong Rush|p1a: Jevils To This
|-damage|p1a: Jevils To This|33/100
|-unboost|p2a: nah i'd spin|def|1
|-unboost|p2a: nah i'd spin|spd|1
|move|p1a: Jevils To This|Salt Cure|p2a: nah i'd spin
|-resisted|p2a: nah i'd spin
|-damage|p2a: nah i'd spin|80/100
|-start|p2a: nah i'd spin|Salt Cure
|
|-weather|Sandstorm|[upkeep]
|-damage|p2a: nah i'd spin|74/100|[from] Sandstorm
|-damage|p1a: Jevils To This|27/100|[from] Sandstorm
|-heal|p1a: Jevils To This|33/100|[from] item: Leftovers
|-damage|p2a: nah i'd spin|62/100|[from] Salt Cure
|upkeep
|turn|25
|
|t:|1779653380
|move|p1a: Jevils To This|Protect|p1a: Jevils To This
|-singleturn|p1a: Jevils To This|Protect
|move|p2a: nah i'd spin|Headlong Rush|p1a: Jevils To This
|-activate|p1a: Jevils To This|move: Protect
|
|-weather|Sandstorm|[upkeep]
|-damage|p2a: nah i'd spin|55/100|[from] Sandstorm
|-damage|p1a: Jevils To This|27/100|[from] Sandstorm
|-heal|p1a: Jevils To This|33/100|[from] item: Leftovers
|-damage|p2a: nah i'd spin|43/100|[from] Salt Cure
|upkeep
|turn|26
|
|t:|1779653395
|-end|p2a: nah i'd spin|Protosynthesis|[silent]
|switch|p2a: Resevoir slogs|Walking Wake|88/100
|switch|p1a: Let The Goons Out|Hydrapple, M, shiny|42/100
|
|-weather|none
|upkeep
|turn|27
|
|t:|1779653410
|move|p2a: Resevoir slogs|Draco Meteor|p1a: Let The Goons Out
|-supereffective|p1a: Let The Goons Out
|-damage|p1a: Let The Goons Out|0 fnt
|-unboost|p2a: Resevoir slogs|spa|2
|faint|p1a: Let The Goons Out
|
|upkeep
|
|t:|1779653421
|switch|p1a: Jevils To This|Garganacl, F, shiny, tera:Fairy|33/100
|turn|28
|
|t:|1779653423
|move|p2a: Resevoir slogs|Flip Turn|p1a: Jevils To This
|-damage|p1a: Jevils To This|19/100
|
|t:|1779653425
|-end|p2a: Resevoir slogs|Protosynthesis|[silent]
|switch|p2a: Angry Nut|Raging Bolt|100/100|[from] Flip Turn
|-item|p2a: Angry Nut|Air Balloon
|move|p1a: Jevils To This|Recover|p1a: Jevils To This
|-heal|p1a: Jevils To This|69/100
|
|-heal|p1a: Jevils To This|76/100|[from] item: Leftovers
|upkeep
|turn|29
|
|t:|1779653428
|move|p2a: Angry Nut|Calm Mind|p2a: Angry Nut
|-boost|p2a: Angry Nut|spa|1
|-boost|p2a: Angry Nut|spd|1
|move|p1a: Jevils To This|Salt Cure|p2a: Angry Nut
|-damage|p2a: Angry Nut|87/100
|-start|p2a: Angry Nut|Salt Cure
|-enditem|p2a: Angry Nut|Air Balloon
|
|-heal|p1a: Jevils To This|82/100|[from] item: Leftovers
|-damage|p2a: Angry Nut|75/100|[from] Salt Cure
|upkeep
|turn|30
|
|t:|1779653436
|switch|p1a: ExGon'SpinIntoYa|Excadrill, M|60/100
|move|p2a: Angry Nut|Thunderbolt|p1a: ExGon'SpinIntoYa
|-immune|p1a: ExGon'SpinIntoYa
|
|-heal|p1a: ExGon'SpinIntoYa|66/100|[from] item: Leftovers
|-damage|p2a: Angry Nut|63/100|[from] Salt Cure
|upkeep
|turn|31
|
|t:|1779653441
|-end|p2a: Angry Nut|Protosynthesis|[silent]
|switch|p2a: Resevoir slogs|Walking Wake|88/100
|move|p1a: ExGon'SpinIntoYa|Rapid Spin|p2a: Resevoir slogs
|-crit|p2a: Resevoir slogs
|-damage|p2a: Resevoir slogs|59/100
|-boost|p1a: ExGon'SpinIntoYa|spe|1
|
|-heal|p1a: ExGon'SpinIntoYa|72/100|[from] item: Leftovers
|upkeep
|turn|32
|c|☆slitherwing ily ><|gg
|
|t:|1779653455
|move|p1a: ExGon'SpinIntoYa|Substitute|p1a: ExGon'SpinIntoYa
|-start|p1a: ExGon'SpinIntoYa|Substitute
|-damage|p1a: ExGon'SpinIntoYa|47/100
|move|p2a: Resevoir slogs|Hydro Steam|p1a: ExGon'SpinIntoYa
|-supereffective|p1a: ExGon'SpinIntoYa
|-crit|p1a: ExGon'SpinIntoYa
|-end|p1a: ExGon'SpinIntoYa|Substitute
|
|-heal|p1a: ExGon'SpinIntoYa|53/100|[from] item: Leftovers
|upkeep
|turn|33
|
|t:|1779653474
|switch|p1a: Larpin Diddy Foid|Enamorus, F|4/100
|move|p2a: Resevoir slogs|Hydro Steam|p1a: Larpin Diddy Foid
|-damage|p1a: Larpin Diddy Foid|0 fnt
|faint|p1a: Larpin Diddy Foid
|
|upkeep
|
|t:|1779653478
|switch|p1a: Jevils To This|Garganacl, F, shiny, tera:Fairy|82/100
|turn|34
|
|t:|1779653480
|move|p2a: Resevoir slogs|Flip Turn|p1a: Jevils To This
|-damage|p1a: Jevils To This|70/100
|
|t:|1779653482
|-end|p2a: Resevoir slogs|Protosynthesis|[silent]
|switch|p2a: Angry Nut|Raging Bolt|63/100|[from] Flip Turn
|move|p1a: Jevils To This|Salt Cure|p2a: Angry Nut
|-damage|p2a: Angry Nut|51/100
|-start|p2a: Angry Nut|Salt Cure
|
|-heal|p1a: Jevils To This|76/100|[from] item: Leftovers
|-damage|p2a: Angry Nut|38/100|[from] Salt Cure
|upkeep
|turn|35
|
|t:|1779653485
|move|p2a: Angry Nut|Calm Mind|p2a: Angry Nut
|-boost|p2a: Angry Nut|spa|1
|-boost|p2a: Angry Nut|spd|1
|move|p1a: Jevils To This|Recover|p1a: Jevils To This
|-heal|p1a: Jevils To This|100/100
|
|-damage|p2a: Angry Nut|26/100|[from] Salt Cure
|upkeep
|turn|36
|
|t:|1779653489
|move|p1a: Jevils To This|Protect|p1a: Jevils To This
|-singleturn|p1a: Jevils To This|Protect
|move|p2a: Angry Nut|Thunderbolt|p1a: Jevils To This
|-activate|p1a: Jevils To This|move: Protect
|
|-damage|p2a: Angry Nut|14/100|[from] Salt Cure
|upkeep
|turn|37
|
|t:|1779653491
|move|p2a: Angry Nut|Thunderbolt|p1a: Jevils To This
|-damage|p1a: Jevils To This|49/100
|move|p1a: Jevils To This|Recover|p1a: Jevils To This
|-heal|p1a: Jevils To This|99/100
|
|-heal|p1a: Jevils To This|100/100|[from] item: Leftovers
|-damage|p2a: Angry Nut|1/100|[from] Salt Cure
|upkeep
|turn|38
|
|t:|1779653495
|move|p1a: Jevils To This|Protect|p1a: Jevils To This
|-singleturn|p1a: Jevils To This|Protect
|move|p2a: Angry Nut|Thunderbolt|p1a: Jevils To This
|-activate|p1a: Jevils To This|move: Protect
|
|-damage|p2a: Angry Nut|0 fnt|[from] Salt Cure
|faint|p2a: Angry Nut
|-end|p2a: Angry Nut|Protosynthesis|[silent]
|upkeep
|
|t:|1779653499
|switch|p2a: nah i'd spin|Great Tusk, tera:Fighting|43/100
|turn|39
|
|t:|1779653503
|move|p2a: nah i'd spin|Headlong Rush|p1a: Jevils To This
|-damage|p1a: Jevils To This|59/100
|-unboost|p2a: nah i'd spin|def|1
|-unboost|p2a: nah i'd spin|spd|1
|move|p1a: Jevils To This|Salt Cure|p2a: nah i'd spin
|-resisted|p2a: nah i'd spin
|-damage|p2a: nah i'd spin|35/100
|-start|p2a: nah i'd spin|Salt Cure
|
|-heal|p1a: Jevils To This|65/100|[from] item: Leftovers
|-damage|p2a: nah i'd spin|23/100|[from] Salt Cure
|upkeep
|turn|40
|
|t:|1779653507
|move|p2a: nah i'd spin|Headlong Rush|p1a: Jevils To This
|-damage|p1a: Jevils To This|18/100
|-unboost|p2a: nah i'd spin|def|1
|-unboost|p2a: nah i'd spin|spd|1
|move|p1a: Jevils To This|Recover|p1a: Jevils To This
|-heal|p1a: Jevils To This|68/100
|
|-heal|p1a: Jevils To This|74/100|[from] item: Leftovers
|-damage|p2a: nah i'd spin|10/100|[from] Salt Cure
|upkeep
|turn|41
|
|t:|1779653509
|move|p1a: Jevils To This|Protect|p1a: Jevils To This
|-singleturn|p1a: Jevils To This|Protect
|move|p2a: nah i'd spin|Headlong Rush|p1a: Jevils To This
|-activate|p1a: Jevils To This|move: Protect
|
|-heal|p1a: Jevils To This|80/100|[from] item: Leftovers
|-damage|p2a: nah i'd spin|0 fnt|[from] Salt Cure
|faint|p2a: nah i'd spin
|-end|p2a: nah i'd spin|Protosynthesis|[silent]
|upkeep
|
|t:|1779653512
|switch|p2a: Resevoir slogs|Walking Wake|59/100
|turn|42
|
|t:|1779653513
|move|p2a: Resevoir slogs|Hydro Steam|p1a: Jevils To This
|-damage|p1a: Jevils To This|50/100
|move|p1a: Jevils To This|Salt Cure|p2a: Resevoir slogs
|-damage|p2a: Resevoir slogs|45/100
|-start|p2a: Resevoir slogs|Salt Cure
|
|-heal|p1a: Jevils To This|56/100|[from] item: Leftovers
|-damage|p2a: Resevoir slogs|21/100|[from] Salt Cure
|upkeep
|turn|43
|
|t:|1779653515
|move|p2a: Resevoir slogs|Hydro Steam|p1a: Jevils To This
|-damage|p1a: Jevils To This|25/100
|move|p1a: Jevils To This|Recover|p1a: Jevils To This
|-heal|p1a: Jevils To This|75/100
|
|-heal|p1a: Jevils To This|81/100|[from] item: Leftovers
|-damage|p2a: Resevoir slogs|0 fnt|[from] Salt Cure
|faint|p2a: Resevoir slogs
|-end|p2a: Resevoir slogs|Protosynthesis|[silent]
|
|win|PiggLad
|raw|PiggLad's rating: 1766 &rarr; <strong>1786</strong><br />(+20 for winning)
|raw|slitherwing ily &gt;&lt;'s rating: 1768 &rarr; <strong>1748</strong><br />(-20 for losing)
|c|☆PiggLad|gg
|l|☆slitherwing ily ><
|player|p2|
|l|☆PiggLad
|player|p1|
