|j|☆linosRed
|j|☆magnesyum
|t:|1779596529
|gametype|singles
|player|p1|linosRed|flannery|1391
|player|p2|magnesyum|102|1407
|gen|9
|tier|[Gen 9] OU
|rated|
|rule|HP Percentage Mod: HP is shown in percentages
|rule|Endless Battle Clause: Forcing endless battles is banned
|rule|Species Clause: Limit one of each Pokémon
|rule|OHKO Clause: OHKO moves are banned
|rule|Evasion Items Clause: Evasion items are banned
|rule|Evasion Moves Clause: Evasion moves are banned
|rule|Evasion Abilities Clause: Evasion abilities are banned
|rule|Sleep Moves Clause: Sleep-inducing moves are banned
|clearpoke
|poke|p1|Great Tusk|
|poke|p1|Walking Wake|
|poke|p1|Kingambit, M|
|poke|p1|Venusaur, F|
|poke|p1|Ninetales, F|
|poke|p1|Raging Bolt|
|poke|p2|Ogerpon-Wellspring, F|
|poke|p2|Clefable, F|
|poke|p2|Ting-Lu|
|poke|p2|Iron Boulder|
|poke|p2|Corviknight, M|
|poke|p2|Dragonite, F|
|teampreview
|inactive|Battle timer is ON: inactive players will automatically lose when time's up. (requested by magnesyum)
|
|t:|1779596543
|teamsize|p1|6
|teamsize|p2|6
|start
|switch|p1a: Ninetales|Ninetales, F|100/100
|switch|p2a: Iron Boulder|Iron Boulder|100/100
|-weather|SunnyDay|[from] ability: Drought|[of] p1a: Ninetales
|turn|1
|
|t:|1779596551
|switch|p1a: Kingambit|Kingambit, M|100/100
|-item|p1a: Kingambit|Air Balloon
|move|p2a: Iron Boulder|Mighty Cleave|p1a: Kingambit
|-resisted|p1a: Kingambit
|-damage|p1a: Kingambit|82/100
|-enditem|p1a: Kingambit|Air Balloon
|
|-weather|SunnyDay|[upkeep]
|upkeep
|turn|2
|
|t:|1779596560
|-terastallize|p2a: Iron Boulder|Fighting
|move|p2a: Iron Boulder|Sacred Sword|p1a: Kingambit
|-supereffective|p1a: Kingambit
|-damage|p1a: Kingambit|0 fnt
|faint|p1a: Kingambit
|-end|p1a: Kingambit|fallenundefined|[silent]
|
|-weather|SunnyDay|[upkeep]
|upkeep
|
|t:|1779596584
|switch|p1a: Venusaur|Venusaur, F|100/100
|turn|3
|
|t:|1779596590
|-end|p2a: Iron Boulder|Quark Drive|[silent]
|switch|p2a: Corviknight|Corviknight, M|100/100
|-ability|p2a: Corviknight|Pressure
|-terastallize|p1a: Venusaur|Fire
|move|p1a: Venusaur|Growth|p1a: Venusaur
|-boost|p1a: Venusaur|atk|2
|-boost|p1a: Venusaur|spa|2
|
|-weather|SunnyDay|[upkeep]
|upkeep
|turn|4
|
|t:|1779596596
|switch|p2a: Ting-Lu|Ting-Lu|100/100
|-ability|p2a: Ting-Lu|Vessel of Ruin
|move|p1a: Venusaur|Weather Ball|p2a: Ting-Lu
|-damage|p2a: Ting-Lu|30/100
|-damage|p1a: Venusaur|91/100|[from] item: Life Orb
|
|-weather|SunnyDay|[upkeep]
|-heal|p2a: Ting-Lu|36/100|[from] item: Leftovers
|upkeep
|turn|5
|
|t:|1779596602
|switch|p2a: Dragonight|Dragonite, F, shiny|100/100
|move|p1a: Venusaur|Giga Drain|p2a: Dragonight
|-resisted|p2a: Dragonight
|-damage|p2a: Dragonight|90/100
|-heal|p1a: Venusaur|97/100|[from] drain|[of] p2a: Dragonight
|-damage|p1a: Venusaur|87/100|[from] item: Life Orb
|
|-weather|SunnyDay|[upkeep]
|upkeep
|turn|6
|
|t:|1779596611
|move|p1a: Venusaur|Sludge Bomb|p2a: Dragonight
|-damage|p2a: Dragonight|0 fnt
|faint|p2a: Dragonight
|-damage|p1a: Venusaur|77/100|[from] item: Life Orb
|
|-weather|SunnyDay|[upkeep]
|upkeep
|
|t:|1779596624
|switch|p2a: Iron Boulder|Iron Boulder, tera:Fighting|100/100
|turn|7
|
|t:|1779596628
|move|p1a: Venusaur|Weather Ball|p2a: Iron Boulder
|-damage|p2a: Iron Boulder|0 fnt
|faint|p2a: Iron Boulder
|-end|p2a: Iron Boulder|Quark Drive|[silent]
|-damage|p1a: Venusaur|67/100|[from] item: Life Orb
|
|-weather|SunnyDay|[upkeep]
|upkeep
|-message|magnesyum forfeited.
|
|win|linosRed
|raw|linosRed's rating: 1391 &rarr; <strong>1412</strong><br />(+21 for winning)
|raw|magnesyum's rating: 1407 &rarr; <strong>1386</strong><br />(-21 for losing)
|l|☆magnesyum
|player|p2|
|l|☆linosRed
|player|p1|
