|j|☆ihymyly
|j|☆cat party
|t:|1779626491
|gametype|singles
|player|p1|ihymyly|102|1532
|player|p2|cat party|266|1486
|gen|9
|tier|[Gen 9] OU
|rated|
|rule|HP Percentage Mod: HP is shown in percentages
|rule|Endless Battle Clause: Forcing endless battles is banned
|rule|Species Clause: Limit one of each Pokémon
|rule|OHKO Clause: OHKO moves are banned
|rule|Evasion Items Clause: Evasion items are banned
|rule|Evasion Moves Clause: Evasion moves are banned
|rule|Evasion Abilities Clause: Evasion abilities are banned
|rule|Sleep Moves Clause: Sleep-inducing moves are banned
|clearpoke
|poke|p1|Darkrai|
|poke|p1|Kingambit, M|
|poke|p1|Samurott-Hisui, M|
|poke|p1|Great Tusk|
|poke|p1|Garchomp, F|
|poke|p1|Mimikyu, F|
|poke|p2|Hawlucha, F|
|poke|p2|Samurott-Hisui, F|
|poke|p2|Rillaboom, F|
|poke|p2|Gholdengo|
|poke|p2|Kyurem|
|poke|p2|Landorus-Therian, M|
|teampreview
|inactive|Battle timer is ON: inactive players will automatically lose when time's up. (requested by cat party)
|
|t:|1779626500
|teamsize|p1|6
|teamsize|p2|6
|start
|switch|p1a: Blue Dice|Samurott-Hisui, M|100/100
|switch|p2a: Gholdengo|Gholdengo|100/100
|turn|1
|
|t:|1779626506
|switch|p2a: Landorus|Landorus-Therian, M|100/100
|-ability|p2a: Landorus|Intimidate|boost
|-unboost|p1a: Blue Dice|atk|1
|move|p1a: Blue Dice|Ceaseless Edge|p2a: Landorus
|-damage|p2a: Landorus|73/100
|-damage|p1a: Blue Dice|84/100|[from] item: Rocky Helmet|[of] p2a: Landorus
|-sidestart|p2: cat party|Spikes
|
|upkeep
|turn|2
|
|t:|1779626515
|switch|p1a: Garchomp|Garchomp, F|100/100
|move|p2a: Landorus|U-turn|p1a: Garchomp
|-damage|p1a: Garchomp|89/100
|-damage|p2a: Landorus|60/100|[from] ability: Rough Skin|[of] p1a: Garchomp
|-damage|p2a: Landorus|44/100|[from] item: Rocky Helmet|[of] p1a: Garchomp
|
|t:|1779626519
|switch|p2a: Kyurem|Kyurem|100/100|[from] U-turn
|-damage|p2a: Kyurem|88/100|[from] Spikes
|-ability|p2a: Kyurem|Pressure
|
|upkeep
|turn|3
|
|t:|1779626549
|switch|p1a: Mimikyu|Mimikyu, F|100/100
|move|p2a: Kyurem|Ice Beam|p1a: Mimikyu
|-activate|p1a: Mimikyu|ability: Disguise
|-damage|p1a: Mimikyu|100/100
|detailschange|p1a: Mimikyu|Mimikyu-Busted, F
|-damage|p1a: Mimikyu|88/100|[from] pokemon: Mimikyu-Busted
|-enditem|p1a: Mimikyu|Red Card|[of] p2a: Kyurem
|drag|p2a: Gholdengo|Gholdengo|100/100
|-damage|p2a: Gholdengo|88/100|[from] Spikes
|
|upkeep
|turn|4
|
|t:|1779626561
|move|p1a: Mimikyu|Shadow Sneak|p2a: Gholdengo
|-supereffective|p2a: Gholdengo
|-damage|p2a: Gholdengo|51/100
|move|p2a: Gholdengo|Make It Rain|p1a: Mimikyu
|-supereffective|p1a: Mimikyu
|-damage|p1a: Mimikyu|0 fnt
|-unboost|p2a: Gholdengo|spa|1
|faint|p1a: Mimikyu
|
|upkeep
|
|t:|1779626571
|switch|p1a: Garchomp|Garchomp, F|89/100
|turn|5
|
|t:|1779626586
|switch|p2a: Landorus|Landorus-Therian, M|44/100
|-ability|p2a: Landorus|Intimidate|boost
|-unboost|p1a: Garchomp|atk|1
|move|p1a: Garchomp|Dragon Tail|p2a: Landorus
|-damage|p2a: Landorus|28/100
|-damage|p1a: Garchomp|72/100|[from] item: Rocky Helmet|[of] p2a: Landorus
|drag|p2a: Gholdengo|Gholdengo|51/100
|-damage|p2a: Gholdengo|39/100|[from] Spikes
|
|upkeep
|turn|6
|
|t:|1779626598
|switch|p2a: Landorus|Landorus-Therian, M|28/100
|-ability|p2a: Landorus|Intimidate|boost
|-unboost|p1a: Garchomp|atk|1
|move|p1a: Garchomp|Stealth Rock|p2a: Landorus
|-sidestart|p2: cat party|move: Stealth Rock
|
|upkeep
|turn|7
|
|t:|1779626612
|move|p2a: Landorus|Stealth Rock|p1a: Garchomp
|-sidestart|p1: ihymyly|move: Stealth Rock
|move|p1a: Garchomp|Spikes|p2a: Landorus
|-sidestart|p2: cat party|Spikes
|
|upkeep
|turn|8
|
|t:|1779626628
|move|p2a: Landorus|Earth Power|p1a: Garchomp
|-damage|p1a: Garchomp|40/100
|move|p1a: Garchomp|Spikes|p2a: Landorus
|-sidestart|p2: cat party|Spikes
|
|upkeep
|turn|9
|
|t:|1779626632
|move|p2a: Landorus|Earth Power|p1a: Garchomp
|-damage|p1a: Garchomp|10/100
|move|p1a: Garchomp|Dragon Tail|p2a: Landorus
|-damage|p2a: Landorus|16/100
|-damage|p1a: Garchomp|0 fnt|[from] item: Rocky Helmet|[of] p2a: Landorus
|faint|p1a: Garchomp
|drag|p2a: Gholdengo|Gholdengo|39/100
|-damage|p2a: Gholdengo|14/100|[from] Spikes
|-damage|p2a: Gholdengo|8/100|[from] Stealth Rock
|
|upkeep
|
|t:|1779626639
|switch|p1a: Blue Dice|Samurott-Hisui, M|84/100
|-damage|p1a: Blue Dice|72/100|[from] Stealth Rock
|turn|10
|
|t:|1779626644
|move|p2a: Gholdengo|Trick|p1a: Blue Dice
|-activate|p2a: Gholdengo|move: Trick|[of] p1a: Blue Dice
|-item|p1a: Blue Dice|Choice Scarf|[from] move: Trick
|-item|p2a: Gholdengo|Assault Vest|[from] move: Trick
|move|p1a: Blue Dice|Razor Shell|p2a: Gholdengo
|-damage|p2a: Gholdengo|0 fnt
|faint|p2a: Gholdengo
|
|upkeep
|
|t:|1779626652
|switch|p2a: Rillaboom|Rillaboom, F|100/100
|-damage|p2a: Rillaboom|76/100|[from] Spikes
|-damage|p2a: Rillaboom|63/100|[from] Stealth Rock
|-fieldstart|move: Grassy Terrain|[from] ability: Grassy Surge|[of] p2a: Rillaboom
|turn|11
|
|t:|1779626657
|move|p1a: Blue Dice|Razor Shell|p2a: Rillaboom
|-resisted|p2a: Rillaboom
|-damage|p2a: Rillaboom|39/100
|-unboost|p2a: Rillaboom|def|1
|move|p2a: Rillaboom|Swords Dance|p2a: Rillaboom
|-boost|p2a: Rillaboom|atk|2
|
|-heal|p1a: Blue Dice|78/100|[from] Grassy Terrain
|-heal|p2a: Rillaboom|45/100|[from] Grassy Terrain
|upkeep
|turn|12
|
|t:|1779626668
|move|p1a: Blue Dice|Razor Shell|p2a: Rillaboom
|-resisted|p2a: Rillaboom
|-damage|p2a: Rillaboom|6/100
|-unboost|p2a: Rillaboom|def|1
|move|p2a: Rillaboom|Swords Dance|p2a: Rillaboom
|-boost|p2a: Rillaboom|atk|2
|
|-heal|p1a: Blue Dice|84/100|[from] Grassy Terrain
|-heal|p2a: Rillaboom|12/100|[from] Grassy Terrain
|upkeep
|turn|13
|
|t:|1779626674
|move|p2a: Rillaboom|Grassy Glide|p1a: Blue Dice
|-supereffective|p1a: Blue Dice
|-damage|p1a: Blue Dice|0 fnt
|faint|p1a: Blue Dice
|
|-heal|p2a: Rillaboom|18/100|[from] Grassy Terrain
|upkeep
|
|t:|1779626679
|switch|p1a: Samurai Sultan|Kingambit, M, shiny|100/100
|-damage|p1a: Samurai Sultan|94/100|[from] Stealth Rock
|-activate|p1a: Samurai Sultan|ability: Supreme Overlord
|-start|p1a: Samurai Sultan|fallen3|[silent]
|turn|14
|
|t:|1779626685
|move|p2a: Rillaboom|Grassy Glide|p1a: Samurai Sultan
|-resisted|p1a: Samurai Sultan
|-damage|p1a: Samurai Sultan|44/100
|move|p1a: Samurai Sultan|Kowtow Cleave|p2a: Rillaboom
|-damage|p2a: Rillaboom|0 fnt
|faint|p2a: Rillaboom
|
|-heal|p1a: Samurai Sultan|50/100|[from] Grassy Terrain
|upkeep
|
|t:|1779626690
|switch|p2a: Landorus|Landorus-Therian, M|16/100
|-damage|p2a: Landorus|3/100|[from] Stealth Rock
|-ability|p2a: Landorus|Intimidate|boost
|-unboost|p1a: Samurai Sultan|atk|1
|turn|15
|
|t:|1779626695
|-end|p1a: Samurai Sultan|fallen3|[silent]
|switch|p1a: Great Tusk|Great Tusk|100/100
|move|p2a: Landorus|Earth Power|p1a: Great Tusk
|-damage|p1a: Great Tusk|58/100
|
|-heal|p1a: Great Tusk|65/100|[from] Grassy Terrain
|-fieldend|move: Grassy Terrain
|upkeep
|turn|16
|
|t:|1779626700
|move|p2a: Landorus|Earth Power|p1a: Great Tusk
|-damage|p1a: Great Tusk|24/100
|move|p1a: Great Tusk|Rapid Spin|p2a: Landorus
|-damage|p2a: Landorus|0 fnt
|-boost|p1a: Great Tusk|spe|1
|-damage|p1a: Great Tusk|7/100|[from] item: Rocky Helmet|[of] p2a: Landorus
|-sideend|p1: ihymyly|Stealth Rock|[from] move: Rapid Spin|[of] p1a: Great Tusk
|faint|p2a: Landorus
|
|upkeep
|
|t:|1779626714
|switch|p2a: Samurott|Samurott-Hisui, F|100/100
|-damage|p2a: Samurott|76/100|[from] Spikes
|-damage|p2a: Samurott|63/100|[from] Stealth Rock
|turn|17
|
|t:|1779626718
|move|p2a: Samurott|Sucker Punch|p1a: Great Tusk
|-resisted|p1a: Great Tusk
|-damage|p1a: Great Tusk|0 fnt
|faint|p1a: Great Tusk
|-end|p1a: Great Tusk|Protosynthesis|[silent]
|
|upkeep
|
|t:|1779626728
|switch|p1a: Samurai Sultan|Kingambit, M, shiny|50/100
|-activate|p1a: Samurai Sultan|ability: Supreme Overlord
|-start|p1a: Samurai Sultan|fallen4|[silent]
|turn|18
|
|t:|1779626736
|move|p2a: Samurott|Knock Off|p1a: Samurai Sultan
|-resisted|p1a: Samurai Sultan
|-damage|p1a: Samurai Sultan|34/100
|-enditem|p1a: Samurai Sultan|Lum Berry|[from] move: Knock Off|[of] p2a: Samurott
|move|p1a: Samurai Sultan|Low Kick|p2a: Samurott
|-supereffective|p2a: Samurott
|-damage|p2a: Samurott|0 fnt
|faint|p2a: Samurott
|
|upkeep
|
|t:|1779626741
|switch|p2a: Hawlucha|Hawlucha, F|100/100
|-damage|p2a: Hawlucha|88/100|[from] Stealth Rock
|turn|19
|
|t:|1779626747
|move|p2a: Hawlucha|Low Kick|p1a: Samurai Sultan
|-supereffective|p1a: Samurai Sultan
|-damage|p1a: Samurai Sultan|0 fnt
|faint|p1a: Samurai Sultan
|-end|p1a: Samurai Sultan|fallen4|[silent]
|
|upkeep
|
|t:|1779626750
|switch|p1a: almost evil jordan|Darkrai, shiny|100/100
|turn|20
|
|t:|1779626753
|-terastallize|p1a: almost evil jordan|Poison
|move|p1a: almost evil jordan|Ice Beam|p2a: Hawlucha
|-supereffective|p2a: Hawlucha
|-damage|p2a: Hawlucha|2/100
|move|p2a: Hawlucha|Low Kick|p1a: almost evil jordan
|-resisted|p1a: almost evil jordan
|-damage|p1a: almost evil jordan|80/100
|
|-heal|p1a: almost evil jordan|86/100|[from] item: Leftovers
|upkeep
|turn|21
|
|t:|1779626757
|move|p1a: almost evil jordan|Ice Beam|p2a: Hawlucha
|-supereffective|p2a: Hawlucha
|-damage|p2a: Hawlucha|0 fnt
|faint|p2a: Hawlucha
|
|-heal|p1a: almost evil jordan|93/100|[from] item: Leftovers
|upkeep
|
|t:|1779626760
|switch|p2a: Kyurem|Kyurem|88/100
|-damage|p2a: Kyurem|63/100|[from] Spikes
|-damage|p2a: Kyurem|39/100|[from] Stealth Rock
|-ability|p2a: Kyurem|Pressure
|turn|22
|
|t:|1779626766
|move|p1a: almost evil jordan|Dark Pulse|p2a: Kyurem
|-damage|p2a: Kyurem|14/100
|move|p2a: Kyurem|Earth Power|p1a: almost evil jordan
|-supereffective|p1a: almost evil jordan
|-damage|p1a: almost evil jordan|21/100
|
|-heal|p1a: almost evil jordan|27/100|[from] item: Leftovers
|upkeep
|turn|23
|
|t:|1779626772
|move|p1a: almost evil jordan|Dark Pulse|p2a: Kyurem
|-damage|p2a: Kyurem|0 fnt
|faint|p2a: Kyurem
|
|win|ihymyly
|raw|ihymyly's rating: 1532 &rarr; <strong>1549</strong><br />(+17 for winning)
|raw|cat party's rating: 1486 &rarr; <strong>1469</strong><br />(-17 for losing)
|l|☆ihymyly
|player|p1|
|l|☆cat party
|player|p2|
