|j|☆vaxanon
|j|☆sunbrotherkk
|t:|1779635087
|gametype|singles
|player|p1|vaxanon|2|1122
|player|p2|sunbrotherkk|ghetsis-gen5bw|1145
|gen|9
|tier|[Gen 9] OU
|rated|
|rule|HP Percentage Mod: HP is shown in percentages
|rule|Endless Battle Clause: Forcing endless battles is banned
|rule|Species Clause: Limit one of each Pokémon
|rule|OHKO Clause: OHKO moves are banned
|rule|Evasion Items Clause: Evasion items are banned
|rule|Evasion Moves Clause: Evasion moves are banned
|rule|Evasion Abilities Clause: Evasion abilities are banned
|rule|Sleep Moves Clause: Sleep-inducing moves are banned
|clearpoke
|poke|p1|Meowscarada, F|
|poke|p1|Gastrodon-East, M|
|poke|p1|Ambipom, M|
|poke|p1|Cinderace, M|
|poke|p1|Whimsicott, F|
|poke|p1|Sableye, M|
|poke|p2|Glimmora, M|
|poke|p2|Polteageist|
|poke|p2|Serperior, F|
|poke|p2|Maushold|
|poke|p2|Kingambit, M|
|poke|p2|Great Tusk|
|teampreview
|inactive|Battle timer is ON: inactive players will automatically lose when time's up. (requested by sunbrotherkk)
|
|t:|1779635093
|teamsize|p1|6
|teamsize|p2|6
|start
|switch|p1a: Gastrodon|Gastrodon-East, M|100/100
|switch|p2a: Glimmora|Glimmora, M|100/100
|turn|1
|
|t:|1779635098
|move|p2a: Glimmora|Stealth Rock|p1a: Gastrodon
|-sidestart|p1: vaxanon|move: Stealth Rock
|move|p1a: Gastrodon|Earth Power|p2a: Glimmora
|-supereffective|p2a: Glimmora
|-enditem|p2a: Glimmora|Focus Sash
|-damage|p2a: Glimmora|1/100
|
|upkeep
|turn|2
|
|t:|1779635104
|move|p2a: Glimmora|Memento|p1a: Gastrodon
|-unboost|p1a: Gastrodon|atk|2
|-unboost|p1a: Gastrodon|spa|2
|faint|p2a: Glimmora
|move|p1a: Gastrodon|Earth Power|p2: Glimmora|[notarget]
|-fail|p1a: Gastrodon
|
|upkeep
|
|t:|1779635109
|switch|p2a: Polteageist|Polteageist|100/100
|turn|3
|
|t:|1779635135
|switch|p1a: Whimsicott|Whimsicott, F|100/100
|-damage|p1a: Whimsicott|88/100|[from] Stealth Rock
|move|p2a: Polteageist|Shell Smash|p2a: Polteageist
|-unboost|p2a: Polteageist|def|1
|-unboost|p2a: Polteageist|spd|1
|-boost|p2a: Polteageist|atk|2
|-boost|p2a: Polteageist|spa|2
|-boost|p2a: Polteageist|spe|2
|-enditem|p2a: Polteageist|White Herb
|-clearnegativeboost|p2a: Polteageist|[silent]
|
|upkeep
|turn|4
|
|t:|1779635148
|-terastallize|p2a: Polteageist|Fairy
|move|p1a: Whimsicott|Switcheroo|p2a: Polteageist
|-activate|p1a: Whimsicott|move: Trick|[of] p2a: Polteageist
|-item|p2a: Polteageist|Choice Specs|[from] move: Switcheroo
|-enditem|p1a: Whimsicott|Choice Specs|[silent]|[from] move: Switcheroo
|move|p2a: Polteageist|Stored Power|p1a: Whimsicott
|-damage|p1a: Whimsicott|0 fnt
|faint|p1a: Whimsicott
|
|upkeep
|
|t:|1779635157
|switch|p1a: Ambipom|Ambipom, M, shiny|100/100
|-damage|p1a: Ambipom|88/100|[from] Stealth Rock
|turn|5
|
|t:|1779635161
|-terastallize|p1a: Ambipom|Normal
|move|p1a: Ambipom|Fake Out|p2a: Polteageist
|-crit|p2a: Polteageist
|-damage|p2a: Polteageist|13/100
|cant|p2a: Polteageist|flinch
|
|upkeep
|turn|6
|
|t:|1779635168
|switch|p1a: Meowscarada|Meowscarada, F, shiny|100/100
|-damage|p1a: Meowscarada|88/100|[from] Stealth Rock
|move|p2a: Polteageist|Stored Power|p1a: Meowscarada
|-immune|p1a: Meowscarada
|
|upkeep
|turn|7
|
|t:|1779635178
|switch|p2a: Great Tusk|Great Tusk|100/100
|move|p1a: Meowscarada|U-turn|p2a: Great Tusk
|-start|p1a: Meowscarada|typechange|Bug|[from] ability: Protean
|-resisted|p2a: Great Tusk
|-damage|p2a: Great Tusk|89/100
|
|t:|1779635193
|switch|p1a: Gastrodon|Gastrodon-East, M|100/100|[from] U-turn
|-damage|p1a: Gastrodon|94/100|[from] Stealth Rock
|
|upkeep
|turn|8
|
|t:|1779635205
|-end|p2a: Great Tusk|Protosynthesis|[silent]
|switch|p2a: Kingambit|Kingambit, M|100/100
|-activate|p2a: Kingambit|ability: Supreme Overlord
|-start|p2a: Kingambit|fallen1|[silent]
|move|p1a: Gastrodon|Ice Beam|p2a: Kingambit
|-resisted|p2a: Kingambit
|-damage|p2a: Kingambit|92/100
|
|-heal|p2a: Kingambit|98/100|[from] item: Leftovers
|upkeep
|turn|9
|
|t:|1779635214
|move|p2a: Kingambit|Swords Dance|p2a: Kingambit
|-boost|p2a: Kingambit|atk|2
|move|p1a: Gastrodon|Earth Power|p2a: Kingambit
|-supereffective|p2a: Kingambit
|-damage|p2a: Kingambit|48/100
|
|-heal|p2a: Kingambit|54/100|[from] item: Leftovers
|upkeep
|turn|10
|
|t:|1779635221
|move|p2a: Kingambit|Swords Dance|p2a: Kingambit
|-boost|p2a: Kingambit|atk|2
|move|p1a: Gastrodon|Earth Power|p2a: Kingambit
|-supereffective|p2a: Kingambit
|-damage|p2a: Kingambit|7/100
|
|-heal|p2a: Kingambit|13/100|[from] item: Leftovers
|upkeep
|turn|11
|
|t:|1779635234
|move|p2a: Kingambit|Kowtow Cleave|p1a: Gastrodon
|-damage|p1a: Gastrodon|0 fnt
|-damage|p2a: Kingambit|0 fnt|[from] item: Rocky Helmet|[of] p1a: Gastrodon
|faint|p1a: Gastrodon
|faint|p2a: Kingambit
|-end|p2a: Kingambit|fallen1|[silent]
|
|upkeep
|c|☆sunbrotherkk|NOOOO
|c|☆sunbrotherkk|wp
|
|t:|1779635248
|switch|p2a: Polteageist|Polteageist, tera:Fairy|13/100
|switch|p1a: Cinderace|Cinderace, M, shiny|100/100
|turn|12
|
|t:|1779635253
|move|p2a: Polteageist|Sucker Punch|p1a: Cinderace
|-crit|p1a: Cinderace
|-damage|p1a: Cinderace|74/100
|move|p1a: Cinderace|U-turn|p2a: Polteageist
|-start|p1a: Cinderace|typechange|Bug|[from] ability: Libero
|-resisted|p2a: Polteageist
|-damage|p2a: Polteageist|0 fnt
|faint|p2a: Polteageist
|
|t:|1779635263
|switch|p1a: Ambipom|Ambipom, M, shiny, tera:Normal|88/100|[from] U-turn
|-damage|p1a: Ambipom|76/100|[from] Stealth Rock
|
|upkeep
|
|t:|1779635269
|switch|p2a: Maushold|Maushold|100/100
|turn|13
|
|t:|1779635274
|move|p1a: Ambipom|Fake Out|p2a: Maushold
|-damage|p2a: Maushold|33/100
|cant|p2a: Maushold|flinch
|
|upkeep
|turn|14
|
|t:|1779635282
|move|p1a: Ambipom|Knock Off|p2a: Maushold
|-damage|p2a: Maushold|0 fnt
|-enditem|p2a: Maushold|Loaded Dice|[from] move: Knock Off|[of] p1a: Ambipom
|faint|p2a: Maushold
|
|upkeep
|
|t:|1779635285
|switch|p2a: Serperior|Serperior, F|100/100
|turn|15
|
|t:|1779635289
|move|p1a: Ambipom|U-turn|p2a: Serperior
|-supereffective|p2a: Serperior
|-damage|p2a: Serperior|47/100
|
|t:|1779635295
|switch|p1a: Sableye|Sableye, M|100/100|[from] U-turn
|-damage|p1a: Sableye|88/100|[from] Stealth Rock
|move|p2a: Serperior|Glare|p1a: Sableye
|-status|p1a: Sableye|par
|
|-heal|p2a: Serperior|53/100|[from] item: Leftovers
|-heal|p1a: Sableye|94/100 par|[from] item: Leftovers
|upkeep
|turn|16
|
|t:|1779635305
|move|p1a: Sableye|Thunder Wave|p2a: Serperior
|-status|p2a: Serperior|par
|cant|p2a: Serperior|par
|
|-heal|p2a: Serperior|59/100 par|[from] item: Leftovers
|-heal|p1a: Sableye|100/100 par|[from] item: Leftovers
|upkeep
|turn|17
|
|t:|1779635313
|move|p2a: Serperior|Substitute|p2a: Serperior
|-start|p2a: Serperior|Substitute
|-damage|p2a: Serperior|34/100 par
|cant|p1a: Sableye|par
|
|-heal|p2a: Serperior|40/100 par|[from] item: Leftovers
|upkeep
|turn|18
|
|t:|1779635319
|move|p2a: Serperior|Leech Seed|p1a: Sableye
|-start|p1a: Sableye|move: Leech Seed
|move|p1a: Sableye|Knock Off|p2a: Serperior
|-end|p2a: Serperior|Substitute
|
|-heal|p2a: Serperior|46/100 par|[from] item: Leftovers
|-damage|p1a: Sableye|88/100 par|[from] Leech Seed|[of] p2a: Serperior
|-heal|p2a: Serperior|56/100 par|[silent]
|upkeep
|turn|19
|
|t:|1779635334
|switch|p1a: Ambipom|Ambipom, M, shiny, tera:Normal|76/100
|-damage|p1a: Ambipom|64/100|[from] Stealth Rock
|cant|p2a: Serperior|par
|
|-heal|p2a: Serperior|62/100 par|[from] item: Leftovers
|upkeep
|turn|20
|
|t:|1779635341
|move|p1a: Ambipom|Fake Out|p2a: Serperior
|-damage|p2a: Serperior|10/100 par
|cant|p2a: Serperior|flinch
|
|-heal|p2a: Serperior|16/100 par|[from] item: Leftovers
|upkeep
|turn|21
|
|t:|1779635347
|move|p1a: Ambipom|U-turn|p2a: Serperior
|-supereffective|p2a: Serperior
|-damage|p2a: Serperior|0 fnt
|faint|p2a: Serperior
|
|t:|1779635353
|switch|p1a: Meowscarada|Meowscarada, F, shiny|88/100|[from] U-turn
|-damage|p1a: Meowscarada|76/100|[from] Stealth Rock
|
|upkeep
|
|t:|1779635355
|switch|p2a: Great Tusk|Great Tusk|89/100
|turn|22
|
|t:|1779635359
|move|p1a: Meowscarada|Flower Trick|p2a: Great Tusk
|-start|p1a: Meowscarada|typechange|Grass|[from] ability: Protean
|-supereffective|p2a: Great Tusk
|-crit|p2a: Great Tusk
|-damage|p2a: Great Tusk|18/100
|move|p2a: Great Tusk|Ice Spinner|p1a: Meowscarada
|-supereffective|p1a: Meowscarada
|-damage|p1a: Meowscarada|5/100
|
|upkeep
|turn|23
|
|t:|1779635369
|move|p1a: Meowscarada|Flower Trick|p2a: Great Tusk
|-supereffective|p2a: Great Tusk
|-crit|p2a: Great Tusk
|-damage|p2a: Great Tusk|0 fnt
|faint|p2a: Great Tusk
|-end|p2a: Great Tusk|Protosynthesis|[silent]
|
|win|vaxanon
|raw|vaxanon's rating: 1122 &rarr; <strong>1149</strong><br />(+27 for winning)
|raw|sunbrotherkk's rating: 1145 &rarr; <strong>1118</strong><br />(-27 for losing)
|c|☆sunbrotherkk|gg
|c|☆vaxanon|whatever
|c|☆sunbrotherkk|sybau
|l|☆sunbrotherkk
|player|p2|
|l|☆vaxanon
|player|p1|
