|j|☆Tekyy03
|j|☆rujjtrainer
|t:|1779697840
|gametype|singles
|player|p1|Tekyy03|silver|1346
|player|p2|rujjtrainer|winona|1357
|gen|9
|tier|[Gen 9] OU
|rated|
|rule|HP Percentage Mod: HP is shown in percentages
|rule|Endless Battle Clause: Forcing endless battles is banned
|rule|Species Clause: Limit one of each Pokémon
|rule|OHKO Clause: OHKO moves are banned
|rule|Evasion Items Clause: Evasion items are banned
|rule|Evasion Moves Clause: Evasion moves are banned
|rule|Evasion Abilities Clause: Evasion abilities are banned
|rule|Sleep Moves Clause: Sleep-inducing moves are banned
|clearpoke
|poke|p1|Torkoal, M|
|poke|p1|Great Tusk|
|poke|p1|Walking Wake|
|poke|p1|Ceruledge, M|
|poke|p1|Raging Bolt|
|poke|p1|Hatterene, F|
|poke|p2|Sinistcha-Masterpiece|
|poke|p2|Gastrodon, F|
|poke|p2|Braviary, M|
|poke|p2|Lucario, M|
|poke|p2|Ceruledge, M|
|poke|p2|Hydreigon, M|
|teampreview
|inactive|Battle timer is ON: inactive players will automatically lose when time's up. (requested by Tekyy03)
|
|t:|1779697850
|teamsize|p1|6
|teamsize|p2|6
|start
|switch|p1a: Abacchio|Torkoal, M|100/100
|switch|p2a: Gastrodon|Gastrodon, F|100/100
|-weather|SunnyDay|[from] ability: Drought|[of] p1a: Abacchio
|turn|1
|
|t:|1779697856
|switch|p1a: Mista|Walking Wake|100/100
|-activate|p1a: Mista|ability: Protosynthesis
|-start|p1a: Mista|protosynthesisspe
|move|p2a: Gastrodon|Earth Power|p1a: Mista
|-damage|p1a: Mista|53/100
|
|-weather|SunnyDay|[upkeep]
|upkeep
|turn|2
|
|t:|1779697868
|-end|p1a: Mista|Protosynthesis|[silent]
|switch|p1a: Giorno|Hatterene, F, shiny|100/100
|-terastallize|p2a: Gastrodon|Poison
|move|p2a: Gastrodon|Sludge Wave|p1a: Giorno
|-supereffective|p1a: Giorno
|-damage|p1a: Giorno|38/100
|-enditem|p1a: Giorno|Eject Button
|
|t:|1779697871
|switch|p1a: Narancia|Great Tusk, shiny|100/100
|-activate|p1a: Narancia|ability: Protosynthesis
|-start|p1a: Narancia|protosynthesisatk
|
|-weather|SunnyDay|[upkeep]
|upkeep
|turn|3
|
|t:|1779697880
|switch|p2a: Braviary|Braviary, M|100/100
|move|p1a: Narancia|Close Combat|p2a: Braviary
|-damage|p2a: Braviary|0 fnt
|-unboost|p1a: Narancia|def|1
|-unboost|p1a: Narancia|spd|1
|faint|p2a: Braviary
|
|-weather|SunnyDay|[upkeep]
|upkeep
|
|t:|1779697888
|switch|p2a: Ceruledge|Ceruledge, M|100/100
|turn|4
|
|t:|1779697892
|-end|p1a: Narancia|Protosynthesis|[silent]
|switch|p1a: Kudo|Ceruledge, M, shiny|100/100
|move|p2a: Ceruledge|Swords Dance|p2a: Ceruledge
|-boost|p2a: Ceruledge|atk|2
|
|-weather|SunnyDay|[upkeep]
|upkeep
|turn|5
|
|t:|1779697900
|move|p1a: Kudo|Shadow Sneak|p2a: Ceruledge
|-supereffective|p2a: Ceruledge
|-damage|p2a: Ceruledge|43/100
|move|p2a: Ceruledge|Shadow Sneak|p1a: Kudo
|-supereffective|p1a: Kudo
|-enditem|p1a: Kudo|Focus Sash
|-damage|p1a: Kudo|1/100
|-ability|p1a: Kudo|Weak Armor|boost
|-unboost|p1a: Kudo|def|1
|-boost|p1a: Kudo|spe|2
|
|-weather|SunnyDay|[upkeep]
|upkeep
|turn|6
|
|t:|1779697910
|move|p1a: Kudo|Shadow Sneak|p2a: Ceruledge
|-supereffective|p2a: Ceruledge
|-damage|p2a: Ceruledge|0 fnt
|faint|p2a: Ceruledge
|
|-weather|SunnyDay|[upkeep]
|upkeep
|
|t:|1779697915
|switch|p2a: Hydreigon|Hydreigon, M|100/100
|turn|7
|
|t:|1779697919
|move|p1a: Kudo|Bitter Blade|p2a: Hydreigon
|-resisted|p2a: Hydreigon
|-damage|p2a: Hydreigon|60/100
|-heal|p1a: Kudo|24/100|[from] drain|[of] p2a: Hydreigon
|move|p2a: Hydreigon|Dark Pulse|p1a: Kudo
|-supereffective|p1a: Kudo
|-damage|p1a: Kudo|0 fnt
|faint|p1a: Kudo
|
|-weather|SunnyDay|[upkeep]
|upkeep
|
|t:|1779697923
|switch|p1a: Mista|Walking Wake|53/100
|-activate|p1a: Mista|ability: Protosynthesis
|-start|p1a: Mista|protosynthesisspe
|turn|8
|
|t:|1779697933
|-end|p1a: Mista|Protosynthesis|[silent]
|switch|p1a: Narancia|Great Tusk, shiny|100/100
|-activate|p1a: Narancia|ability: Protosynthesis
|-start|p1a: Narancia|protosynthesisatk
|move|p2a: Hydreigon|Draco Meteor|p1a: Narancia
|-damage|p1a: Narancia|0 fnt
|-unboost|p2a: Hydreigon|spa|2
|faint|p1a: Narancia
|-end|p1a: Narancia|Protosynthesis|[silent]
|
|-weather|none
|upkeep
|
|t:|1779697936
|switch|p1a: Abacchio|Torkoal, M|100/100
|-weather|SunnyDay|[from] ability: Drought|[of] p1a: Abacchio
|turn|9
|
|t:|1779697946
|move|p2a: Hydreigon|Nasty Plot|p2a: Hydreigon
|-boost|p2a: Hydreigon|spa|2
|move|p1a: Abacchio|Stealth Rock|p2a: Hydreigon
|-sidestart|p2: rujjtrainer|move: Stealth Rock
|
|-weather|SunnyDay|[upkeep]
|upkeep
|turn|10
|
|t:|1779697954
|move|p2a: Hydreigon|Dark Pulse|p1a: Abacchio
|-damage|p1a: Abacchio|42/100
|move|p1a: Abacchio|Lava Plume|p2a: Hydreigon
|-resisted|p2a: Hydreigon
|-damage|p2a: Hydreigon|38/100
|
|-weather|SunnyDay|[upkeep]
|upkeep
|turn|11
|
|t:|1779697963
|switch|p1a: Giorno|Hatterene, F, shiny|38/100
|move|p2a: Hydreigon|Draco Meteor|p1a: Giorno
|-immune|p1a: Giorno
|
|-weather|SunnyDay|[upkeep]
|upkeep
|turn|12
|
|t:|1779697970
|move|p2a: Hydreigon|Dark Pulse|p1a: Giorno
|-damage|p1a: Giorno|2/100
|cant|p1a: Giorno|flinch
|
|-weather|SunnyDay|[upkeep]
|upkeep
|turn|13
|
|t:|1779697976
|move|p2a: Hydreigon|Dark Pulse|p1a: Giorno
|-damage|p1a: Giorno|0 fnt
|faint|p1a: Giorno
|
|-weather|SunnyDay|[upkeep]
|upkeep
|
|t:|1779697979
|switch|p1a: Mista|Walking Wake|53/100
|-activate|p1a: Mista|ability: Protosynthesis
|-start|p1a: Mista|protosynthesisspe
|turn|14
|
|t:|1779697984
|-terastallize|p1a: Mista|Water
|move|p1a: Mista|Hydro Steam|p2a: Hydreigon
|-resisted|p2a: Hydreigon
|-damage|p2a: Hydreigon|0 fnt
|faint|p2a: Hydreigon
|
|-weather|SunnyDay|[upkeep]
|upkeep
|
|t:|1779697991
|switch|p2a: Gastrodon|Gastrodon, F, tera:Poison|100/100
|-damage|p2a: Gastrodon|88/100|[from] Stealth Rock
|turn|15
|
|t:|1779697995
|-end|p1a: Mista|Protosynthesis|[silent]
|switch|p1a: Buccelatti|Raging Bolt|100/100
|-activate|p1a: Buccelatti|ability: Protosynthesis
|-start|p1a: Buccelatti|protosynthesisspa
|move|p2a: Gastrodon|Sludge Wave|p1a: Buccelatti
|-damage|p1a: Buccelatti|65/100
|
|-weather|SunnyDay|[upkeep]
|-heal|p1a: Buccelatti|71/100|[from] item: Leftovers
|upkeep
|turn|16
|
|t:|1779698004
|move|p1a: Buccelatti|Thunderbolt|p2a: Gastrodon
|-damage|p2a: Gastrodon|42/100
|move|p2a: Gastrodon|Earth Power|p1a: Buccelatti
|-supereffective|p1a: Buccelatti
|-damage|p1a: Buccelatti|8/100
|
|-weather|none
|-end|p1a: Buccelatti|Protosynthesis
|-heal|p1a: Buccelatti|14/100|[from] item: Leftovers
|upkeep
|turn|17
|
|t:|1779698015
|move|p1a: Buccelatti|Thunderbolt|p2a: Gastrodon
|-damage|p2a: Gastrodon|4/100
|move|p2a: Gastrodon|Earth Power|p1a: Buccelatti
|-supereffective|p1a: Buccelatti
|-damage|p1a: Buccelatti|0 fnt
|faint|p1a: Buccelatti
|-end|p1a: Buccelatti|Protosynthesis|[silent]
|
|upkeep
|
|t:|1779698022
|switch|p1a: Abacchio|Torkoal, M|42/100
|-weather|SunnyDay|[from] ability: Drought|[of] p1a: Abacchio
|turn|18
|
|t:|1779698026
|move|p2a: Gastrodon|Earth Power|p1a: Abacchio
|-supereffective|p1a: Abacchio
|-damage|p1a: Abacchio|0 fnt
|faint|p1a: Abacchio
|
|-weather|SunnyDay|[upkeep]
|upkeep
|
|t:|1779698028
|switch|p1a: Mista|Walking Wake, tera:Water|53/100
|-activate|p1a: Mista|ability: Protosynthesis
|-start|p1a: Mista|protosynthesisspe
|turn|19
|
|t:|1779698035
|move|p1a: Mista|Flamethrower|p2a: Gastrodon
|-damage|p2a: Gastrodon|0 fnt
|faint|p2a: Gastrodon
|
|-weather|SunnyDay|[upkeep]
|upkeep
|
|t:|1779698040
|switch|p2a: Sinistcha|Sinistcha-Masterpiece|100/100
|-damage|p2a: Sinistcha|88/100|[from] Stealth Rock
|turn|20
|
|t:|1779698044
|move|p1a: Mista|Flamethrower|p2a: Sinistcha
|-supereffective|p2a: Sinistcha
|-damage|p2a: Sinistcha|25/100
|move|p2a: Sinistcha|Matcha Gotcha|p1a: Mista
|-supereffective|p1a: Mista
|-damage|p1a: Mista|0 fnt
|-heal|p2a: Sinistcha|52/100|[from] drain|[of] p1a: Mista
|faint|p1a: Mista
|-end|p1a: Mista|Protosynthesis|[silent]
|
|win|rujjtrainer
|raw|Tekyy03's rating: 1346 &rarr; <strong>1327</strong><br />(-19 for losing)
|raw|rujjtrainer's rating: 1357 &rarr; <strong>1376</strong><br />(+19 for winning)
|c|☆rujjtrainer|gg
|l|☆rujjtrainer
|player|p2|
|l|☆Tekyy03
|player|p1|
