|j|☆texett
|j|☆greattrainer123
|t:|1779615538
|gametype|singles
|player|p1|texett|lady|1447
|player|p2|greattrainer123|2|1431
|gen|9
|tier|[Gen 9] OU
|rated|
|rule|HP Percentage Mod: HP is shown in percentages
|rule|Endless Battle Clause: Forcing endless battles is banned
|rule|Species Clause: Limit one of each Pokémon
|rule|OHKO Clause: OHKO moves are banned
|rule|Evasion Items Clause: Evasion items are banned
|rule|Evasion Moves Clause: Evasion moves are banned
|rule|Evasion Abilities Clause: Evasion abilities are banned
|rule|Sleep Moves Clause: Sleep-inducing moves are banned
|clearpoke
|poke|p1|Diancie|
|poke|p1|Ninetales-Alola, F|
|poke|p1|Hatterene, F|
|poke|p1|Dragonite, M|
|poke|p1|Slither Wing|
|poke|p1|Deoxys-Speed|
|poke|p2|Alomomola, F|
|poke|p2|Zamazenta-*|
|poke|p2|Lokix, F|
|poke|p2|Dragapult, M|
|poke|p2|Corviknight, F|
|poke|p2|Swampert, F|
|teampreview
|inactive|Battle timer is ON: inactive players will automatically lose when time's up. (requested by texett)
|
|t:|1779615553
|teamsize|p1|6
|teamsize|p2|6
|start
|switch|p1a: Ninetales|Ninetales-Alola, F, shiny|100/100
|switch|p2a: Zamazenta|Zamazenta|100/100
|-ability|p2a: Zamazenta|Dauntless Shield|boost
|-boost|p2a: Zamazenta|def|1
|-weather|Snowscape|[from] ability: Snow Warning|[of] p1a: Ninetales
|turn|1
|
|t:|1779615564
|move|p2a: Zamazenta|Heavy Slam|p1a: Ninetales
|-supereffective|p1a: Ninetales
|-damage|p1a: Ninetales|0 fnt
|faint|p1a: Ninetales
|
|-weather|Snowscape|[upkeep]
|upkeep
|
|t:|1779615573
|switch|p1a: Deoxys|Deoxys-Speed, shiny|100/100
|-ability|p1a: Deoxys|Pressure
|turn|2
|
|t:|1779615593
|switch|p2a: Corviknight|Corviknight, F|100/100
|move|p1a: Deoxys|Reflect|p1a: Deoxys
|-sidestart|p1: texett|Reflect
|
|-weather|Snowscape|[upkeep]
|upkeep
|turn|3
|
|t:|1779615600
|move|p1a: Deoxys|Stealth Rock|p2a: Corviknight
|-sidestart|p2: greattrainer123|move: Stealth Rock
|move|p2a: Corviknight|Taunt|p1a: Deoxys
|-start|p1a: Deoxys|move: Taunt
|
|-weather|Snowscape|[upkeep]
|upkeep
|turn|4
|
|t:|1779615614
|switch|p1a: Diancie|Diancie, shiny|100/100
|move|p2a: Corviknight|Defog|p1a: Diancie
|-fail|p1a: Diancie|unboost|[from] ability: Clear Body|[of] p1a: Diancie
|-sideend|p1: texett|Reflect
|-sideend|p2: greattrainer123|Stealth Rock|[from] move: Defog|[of] p2a: Corviknight
|
|-weather|Snowscape|[upkeep]
|upkeep
|turn|5
|
|t:|1779615624
|move|p1a: Diancie|Rock Polish|p1a: Diancie
|-boost|p1a: Diancie|spe|2
|move|p2a: Corviknight|U-turn|p1a: Diancie
|-resisted|p1a: Diancie
|-damage|p1a: Diancie|95/100
|
|t:|1779615631
|switch|p2a: Swampert|Swampert, F|100/100|[from] U-turn
|
|-weather|none
|upkeep
|turn|6
|
|t:|1779615637
|move|p1a: Diancie|Diamond Storm|p2a: Swampert
|-resisted|p2a: Swampert
|-damage|p2a: Swampert|86/100
|-boost|p1a: Diancie|def|2
|move|p2a: Swampert|Earthquake|p1a: Diancie
|-supereffective|p1a: Diancie
|-damage|p1a: Diancie|55/100
|-enditem|p1a: Diancie|Weakness Policy
|-boost|p1a: Diancie|atk|2|[from] item: Weakness Policy
|-boost|p1a: Diancie|spa|2|[from] item: Weakness Policy
|
|upkeep
|turn|7
|
|t:|1779615654
|move|p1a: Diancie|Draining Kiss|p2a: Swampert
|-damage|p2a: Swampert|52/100
|-heal|p1a: Diancie|90/100|[from] drain|[of] p2a: Swampert
|move|p2a: Swampert|Mirror Coat|p1a: Diancie
|-damage|p1a: Diancie|0 fnt
|faint|p1a: Diancie
|
|upkeep
|
|t:|1779615666
|switch|p1a: Deoxys|Deoxys-Speed, shiny|100/100
|-ability|p1a: Deoxys|Pressure
|turn|8
|
|t:|1779615674
|switch|p2a: Corviknight|Corviknight, F|100/100
|move|p1a: Deoxys|Reflect|p1a: Deoxys
|-sidestart|p1: texett|Reflect
|
|upkeep
|turn|9
|
|t:|1779615679
|move|p1a: Deoxys|Taunt|p2a: Corviknight
|-start|p2a: Corviknight|move: Taunt
|cant|p2a: Corviknight|move: Taunt|Taunt
|
|upkeep
|turn|10
|
|t:|1779615682
|move|p1a: Deoxys|Light Screen|p1a: Deoxys
|-sidestart|p1: texett|move: Light Screen
|move|p2a: Corviknight|U-turn|p1a: Deoxys
|-supereffective|p1a: Deoxys
|-damage|p1a: Deoxys|82/100
|
|t:|1779615691
|switch|p2a: Dragapult|Dragapult, M|100/100|[from] U-turn
|
|upkeep
|turn|11
|
|t:|1779615699
|switch|p1a: Slither Wing|Slither Wing, shiny|100/100
|-enditem|p1a: Slither Wing|Booster Energy
|-activate|p1a: Slither Wing|ability: Protosynthesis|[fromitem]
|-start|p1a: Slither Wing|protosynthesisspe
|move|p2a: Dragapult|Shadow Ball|p1a: Slither Wing
|-damage|p1a: Slither Wing|52/100
|
|upkeep
|turn|12
|j| Schlafparalyse
|
|t:|1779615728
|switch|p2a: Alomomola|Alomomola, F|100/100
|move|p1a: Slither Wing|Bulk Up|p1a: Slither Wing
|-boost|p1a: Slither Wing|atk|1
|-boost|p1a: Slither Wing|def|1
|
|upkeep
|turn|13
|
|t:|1779615736
|move|p1a: Slither Wing|Bulk Up|p1a: Slither Wing
|-boost|p1a: Slither Wing|atk|1
|-boost|p1a: Slither Wing|def|1
|move|p2a: Alomomola|Acrobatics|p1a: Slither Wing
|-supereffective|p1a: Slither Wing
|-damage|p1a: Slither Wing|40/100
|
|upkeep
|turn|14
|
|t:|1779615750
|-terastallize|p1a: Slither Wing|Steel
|move|p1a: Slither Wing|Bulk Up|p1a: Slither Wing
|-boost|p1a: Slither Wing|atk|1
|-boost|p1a: Slither Wing|def|1
|move|p2a: Alomomola|Wish|p2a: Alomomola
|
|upkeep
|turn|15
|
|t:|1779615759
|move|p1a: Slither Wing|Morning Sun|p1a: Slither Wing
|-heal|p1a: Slither Wing|90/100
|move|p2a: Alomomola|Acrobatics|p1a: Slither Wing
|-resisted|p1a: Slither Wing
|-damage|p1a: Slither Wing|89/100
|
|-sideend|p1: texett|Reflect
|upkeep
|turn|16
|
|t:|1779615768
|move|p1a: Slither Wing|Bulk Up|p1a: Slither Wing
|-boost|p1a: Slither Wing|atk|1
|-boost|p1a: Slither Wing|def|1
|move|p2a: Alomomola|Acrobatics|p1a: Slither Wing
|-resisted|p1a: Slither Wing
|-damage|p1a: Slither Wing|87/100
|
|upkeep
|turn|17
|
|t:|1779615778
|move|p1a: Slither Wing|Bulk Up|p1a: Slither Wing
|-boost|p1a: Slither Wing|atk|1
|-boost|p1a: Slither Wing|def|1
|move|p2a: Alomomola|Acrobatics|p1a: Slither Wing
|-resisted|p1a: Slither Wing
|-damage|p1a: Slither Wing|86/100
|
|-sideend|p1: texett|move: Light Screen
|upkeep
|turn|18
|
|t:|1779615797
|move|p1a: Slither Wing|Bulk Up|p1a: Slither Wing
|-boost|p1a: Slither Wing|atk|1
|-boost|p1a: Slither Wing|def|1
|move|p2a: Alomomola|Flip Turn|p1a: Slither Wing
|-damage|p1a: Slither Wing|81/100
|
|t:|1779615804
|switch|p2a: Dragapult|Dragapult, M|100/100|[from] Flip Turn
|
|upkeep
|turn|19
|
|t:|1779615810
|move|p1a: Slither Wing|Acrobatics|p2a: Dragapult
|-damage|p2a: Dragapult|0 fnt
|faint|p2a: Dragapult
|
|upkeep
|-message|greattrainer123 forfeited.
|
|win|texett
|raw|texett's rating: 1447 &rarr; <strong>1466</strong><br />(+19 for winning)
|raw|greattrainer123's rating: 1431 &rarr; <strong>1412</strong><br />(-19 for losing)
|l|☆greattrainer123
|player|p2|
|l|☆texett
|player|p1|
|l| Schlafparalyse
