|j|☆Johnson the Goon
|j|☆tigereyehs
|t:|1779683774
|gametype|singles
|player|p1|Johnson the Goon|biker-gen4|1400
|player|p2|tigereyehs|gambler|1443
|gen|9
|tier|[Gen 9] OU
|rated|
|rule|HP Percentage Mod: HP is shown in percentages
|rule|Endless Battle Clause: Forcing endless battles is banned
|rule|Species Clause: Limit one of each Pokémon
|rule|OHKO Clause: OHKO moves are banned
|rule|Evasion Items Clause: Evasion items are banned
|rule|Evasion Moves Clause: Evasion moves are banned
|rule|Evasion Abilities Clause: Evasion abilities are banned
|rule|Sleep Moves Clause: Sleep-inducing moves are banned
|clearpoke
|poke|p1|Primarina, M|
|poke|p1|Moltres|
|poke|p1|Dragonite, M|
|poke|p1|Iron Treads|
|poke|p1|Zamazenta-*|
|poke|p1|Darkrai|
|poke|p2|Iron Moth|
|poke|p2|Gliscor, F|
|poke|p2|Hatterene, F|
|poke|p2|Ogerpon-Wellspring, F|
|poke|p2|Raging Bolt|
|poke|p2|Zamazenta-*|
|teampreview
|j| testingrainteam1
|j| HerbySage
|l| testingrainteam1
|c|☆Johnson the Goon|hi friends
|
|t:|1779683805
|teamsize|p1|6
|teamsize|p2|6
|start
|switch|p1a: Moltres|Moltres|100/100
|switch|p2a: Zamazenta|Zamazenta|100/100
|-ability|p2a: Zamazenta|Dauntless Shield|boost
|-boost|p2a: Zamazenta|def|1
|turn|1
|inactive|Battle timer is ON: inactive players will automatically lose when time's up. (requested by tigereyehs)
|c|☆tigereyehs|hi glhf
|c|☆Johnson the Goon|oh you too
|inactive|Johnson the Goon has 120 seconds left.
|c|☆Johnson the Goon|ill be so honest i totally meant to just be vaguely addressing the random people who joined who i didnt know but glhf for sure
|
|t:|1779683846
|switch|p1a: Dragonite|Dragonite, M|100/100
|move|p2a: Zamazenta|Light Screen|p2a: Zamazenta
|-sidestart|p2: tigereyehs|move: Light Screen
|
|upkeep
|turn|2
|c|☆Johnson the Goon|oh its that
|
|t:|1779683872
|move|p2a: Zamazenta|Reflect|p2a: Zamazenta
|-sidestart|p2: tigereyehs|Reflect
|move|p1a: Dragonite|Dragon Dance|p1a: Dragonite
|-boost|p1a: Dragonite|atk|1
|-boost|p1a: Dragonite|spe|1
|
|upkeep
|turn|3
|
|t:|1779683882
|move|p2a: Zamazenta|Ice Fang|p1a: Dragonite
|-supereffective|p1a: Dragonite
|-damage|p1a: Dragonite|57/100
|move|p1a: Dragonite|Earthquake|p2a: Zamazenta
|-damage|p2a: Zamazenta|84/100
|
|upkeep
|turn|4
|
|t:|1779683892
|switch|p1a: Moltres|Moltres|100/100
|move|p2a: Zamazenta|Close Combat|p1a: Moltres
|-resisted|p1a: Moltres
|-damage|p1a: Moltres|82/100
|-unboost|p2a: Zamazenta|def|1
|-unboost|p2a: Zamazenta|spd|1
|
|upkeep
|turn|5
|
|t:|1779683902
|switch|p2a: Raging Bolt|Raging Bolt|100/100
|-enditem|p2a: Raging Bolt|Booster Energy
|-activate|p2a: Raging Bolt|ability: Protosynthesis|[fromitem]
|-start|p2a: Raging Bolt|protosynthesisspa
|move|p1a: Moltres|Will-O-Wisp|p2a: Raging Bolt|[miss]
|-miss|p1a: Moltres|p2a: Raging Bolt
|
|upkeep
|turn|6
|
|t:|1779683909
|switch|p1a: Iron Treads|Iron Treads|100/100
|move|p2a: Raging Bolt|Dragon Pulse|p1a: Iron Treads
|-resisted|p1a: Iron Treads
|-damage|p1a: Iron Treads|74/100
|
|-heal|p1a: Iron Treads|80/100|[from] item: Leftovers
|upkeep
|turn|7
|
|t:|1779683917
|-end|p2a: Raging Bolt|Protosynthesis|[silent]
|switch|p2a: Gliscor|Gliscor, F|100/100
|move|p1a: Iron Treads|Knock Off|p2a: Gliscor
|-damage|p2a: Gliscor|90/100
|-enditem|p2a: Gliscor|Toxic Orb|[from] move: Knock Off|[of] p1a: Iron Treads
|
|-heal|p1a: Iron Treads|87/100|[from] item: Leftovers
|upkeep
|turn|8
|
|t:|1779683926
|move|p2a: Gliscor|Swords Dance|p2a: Gliscor
|-boost|p2a: Gliscor|atk|2
|move|p1a: Iron Treads|Stealth Rock|p2a: Gliscor
|-sidestart|p2: tigereyehs|move: Stealth Rock
|
|-heal|p1a: Iron Treads|93/100|[from] item: Leftovers
|-sideend|p2: tigereyehs|move: Light Screen
|upkeep
|turn|9
|
|t:|1779683947
|-end|p1a: Iron Treads|Quark Drive|[silent]
|switch|p1a: Zamazenta|Zamazenta|100/100
|-ability|p1a: Zamazenta|Dauntless Shield|boost
|-boost|p1a: Zamazenta|def|1
|move|p2a: Gliscor|Swords Dance|p2a: Gliscor
|-boost|p2a: Gliscor|atk|2
|
|-sideend|p2: tigereyehs|Reflect
|upkeep
|turn|10
|
|t:|1779683955
|-terastallize|p2a: Gliscor|Normal
|move|p1a: Zamazenta|Ice Fang|p2a: Gliscor
|-damage|p2a: Gliscor|71/100
|move|p2a: Gliscor|Agility|p2a: Gliscor
|-boost|p2a: Gliscor|spe|2
|
|upkeep
|turn|11
|
|t:|1779683964
|move|p2a: Gliscor|Earthquake|p1a: Zamazenta
|-damage|p1a: Zamazenta|10/100
|move|p1a: Zamazenta|Close Combat|p2a: Gliscor
|-supereffective|p2a: Gliscor
|-damage|p2a: Gliscor|0 fnt
|-unboost|p1a: Zamazenta|def|1
|-unboost|p1a: Zamazenta|spd|1
|faint|p2a: Gliscor
|
|upkeep
|
|t:|1779683974
|switch|p2a: Zamazenta|Zamazenta|84/100
|-damage|p2a: Zamazenta|78/100|[from] Stealth Rock
|turn|12
|
|t:|1779683979
|move|p1a: Zamazenta|Close Combat|p2a: Zamazenta
|-damage|p2a: Zamazenta|31/100
|-unboost|p1a: Zamazenta|def|1
|-unboost|p1a: Zamazenta|spd|1
|move|p2a: Zamazenta|Ice Fang|p1a: Zamazenta
|-damage|p1a: Zamazenta|0 fnt
|faint|p1a: Zamazenta
|
|upkeep
|c| HerbySage|I joined cause im working overnight on a sunday night and it's hella dead :v
|inactive|Johnson the Goon has 120 seconds left.
|
|t:|1779684010
|switch|p1a: Primarina|Primarina, M|100/100
|turn|13
|c|☆Johnson the Goon|well welcome
|c|☆Johnson the Goon|im def not judging just greeting
|
|t:|1779684024
|move|p2a: Zamazenta|Light Screen|p2a: Zamazenta
|-sidestart|p2: tigereyehs|move: Light Screen
|move|p1a: Primarina|Calm Mind|p1a: Primarina
|-boost|p1a: Primarina|spa|1
|-boost|p1a: Primarina|spd|1
|
|upkeep
|turn|14
|
|t:|1779684028
|switch|p2a: Iron Moth|Iron Moth|100/100
|-damage|p2a: Iron Moth|76/100|[from] Stealth Rock
|-enditem|p2a: Iron Moth|Booster Energy
|-activate|p2a: Iron Moth|ability: Quark Drive|[fromitem]
|-start|p2a: Iron Moth|quarkdrivespe
|move|p1a: Primarina|Substitute|p1a: Primarina
|-start|p1a: Primarina|Substitute
|-damage|p1a: Primarina|76/100
|
|-heal|p1a: Primarina|82/100|[from] item: Leftovers
|upkeep
|turn|15
|c| HerbySage|hell yeah
|
|t:|1779684043
|move|p1a: Primarina|Psychic Noise|p2a: Iron Moth
|-supereffective|p2a: Iron Moth
|-damage|p2a: Iron Moth|31/100
|-start|p2a: Iron Moth|move: Heal Block
|move|p2a: Iron Moth|Whirlwind|p1a: Primarina
|drag|p1a: Iron Treads|Iron Treads|93/100
|
|-heal|p1a: Iron Treads|99/100|[from] item: Leftovers
|upkeep
|turn|16
|
|t:|1779684053
|-end|p1a: Iron Treads|Quark Drive|[silent]
|switch|p1a: Moltres|Moltres|82/100
|move|p2a: Iron Moth|Fiery Dance|p1a: Moltres
|-resisted|p1a: Moltres
|-damage|p1a: Moltres|61/100
|
|-end|p2a: Iron Moth|move: Heal Block
|upkeep
|turn|17
|
|t:|1779684062
|move|p2a: Iron Moth|Sludge Wave|p1a: Moltres
|-damage|p1a: Moltres|9/100
|move|p1a: Moltres|Roar|p2a: Iron Moth
|-end|p2a: Iron Moth|Quark Drive|[silent]
|drag|p2a: Zamazenta|Zamazenta|31/100
|-damage|p2a: Zamazenta|25/100|[from] Stealth Rock
|
|upkeep
|turn|18
|
|t:|1779684072
|move|p2a: Zamazenta|Close Combat|p1a: Moltres
|-resisted|p1a: Moltres
|-damage|p1a: Moltres|0 fnt
|-unboost|p2a: Zamazenta|def|1
|-unboost|p2a: Zamazenta|spd|1
|-status|p2a: Zamazenta|brn|[from] ability: Flame Body|[of] p1a: Moltres
|faint|p1a: Moltres
|
|-damage|p2a: Zamazenta|19/100 brn|[from] brn
|upkeep
|
|t:|1779684079
|switch|p1a: Primarina|Primarina, M|82/100
|turn|19
|
|t:|1779684087
|move|p2a: Zamazenta|Reflect|p2a: Zamazenta
|-sidestart|p2: tigereyehs|Reflect
|move|p1a: Primarina|Substitute|p1a: Primarina
|-start|p1a: Primarina|Substitute
|-damage|p1a: Primarina|57/100
|
|-heal|p1a: Primarina|63/100|[from] item: Leftovers
|-damage|p2a: Zamazenta|13/100 brn|[from] brn
|upkeep
|turn|20
|
|t:|1779684097
|switch|p2a: Hatterene|Hatterene, F|100/100
|-damage|p2a: Hatterene|88/100|[from] Stealth Rock
|move|p1a: Primarina|Calm Mind|p1a: Primarina
|-boost|p1a: Primarina|spa|1
|-boost|p1a: Primarina|spd|1
|
|-heal|p1a: Primarina|69/100|[from] item: Leftovers
|-heal|p2a: Hatterene|94/100|[from] item: Leftovers
|-sideend|p2: tigereyehs|move: Light Screen
|upkeep
|turn|21
|
|t:|1779684107
|move|p1a: Primarina|Psychic Noise|p2a: Hatterene
|-damage|p2a: Hatterene|45/100
|-start|p2a: Hatterene|move: Heal Block
|move|p2a: Hatterene|Calm Mind|p2a: Hatterene
|-boost|p2a: Hatterene|spa|1
|-boost|p2a: Hatterene|spd|1
|
|-heal|p1a: Primarina|75/100|[from] item: Leftovers
|upkeep
|turn|22
|c|☆Johnson the Goon|is this agility hatt tooo
|
|t:|1779684118
|move|p1a: Primarina|Psychic Noise|p2a: Hatterene
|-damage|p2a: Hatterene|14/100
|move|p2a: Hatterene|Calm Mind|p2a: Hatterene
|-boost|p2a: Hatterene|spa|1
|-boost|p2a: Hatterene|spd|1
|
|-heal|p1a: Primarina|81/100|[from] item: Leftovers
|-end|p2a: Hatterene|move: Heal Block
|upkeep
|turn|23
|-message|tigereyehs forfeited.
|
|win|Johnson the Goon
|raw|Johnson the Goon's rating: 1400 &rarr; <strong>1422</strong><br />(+22 for winning)
|raw|tigereyehs's rating: 1443 &rarr; <strong>1421</strong><br />(-22 for losing)
|l|☆tigereyehs
|player|p2|
|c|☆Johnson the Goon|gg
