|j|☆BlaziKennedy
|j|☆Beast911
|t:|1779627183
|gametype|singles
|player|p1|BlaziKennedy|lucas|1150
|player|p2|Beast911|102|1161
|gen|9
|tier|[Gen 9] OU
|rated|
|rule|HP Percentage Mod: HP is shown in percentages
|rule|Endless Battle Clause: Forcing endless battles is banned
|rule|Species Clause: Limit one of each Pokémon
|rule|OHKO Clause: OHKO moves are banned
|rule|Evasion Items Clause: Evasion items are banned
|rule|Evasion Moves Clause: Evasion moves are banned
|rule|Evasion Abilities Clause: Evasion abilities are banned
|rule|Sleep Moves Clause: Sleep-inducing moves are banned
|clearpoke
|poke|p1|Tornadus, M|
|poke|p1|Toxtricity, M|
|poke|p1|Iron Valiant|
|poke|p1|Arcanine-Hisui, M|
|poke|p1|Brambleghast, M|
|poke|p1|Hydreigon, M|
|poke|p2|Gliscor, M|
|poke|p2|Gholdengo|
|poke|p2|Dragonite, M|
|poke|p2|Ting-Lu|
|poke|p2|Darkrai|
|poke|p2|Zamazenta-*|
|teampreview
|inactive|Battle timer is ON: inactive players will automatically lose when time's up. (requested by Beast911)
|
|t:|1779627189
|teamsize|p1|6
|teamsize|p2|6
|start
|switch|p1a: asher torrey|Tornadus, M|100/100
|switch|p2a: Gliscor|Gliscor, M|100/100
|turn|1
|
|t:|1779627197
|move|p2a: Gliscor|Protect|p2a: Gliscor
|-singleturn|p2a: Gliscor|Protect
|move|p1a: asher torrey|Taunt|p2a: Gliscor
|-activate|p2a: Gliscor|move: Protect
|
|-status|p2a: Gliscor|tox|[from] item: Toxic Orb
|upkeep
|turn|2
|
|t:|1779627204
|move|p1a: asher torrey|Taunt|p2a: Gliscor
|-start|p2a: Gliscor|move: Taunt
|cant|p2a: Gliscor|move: Taunt|Spikes
|
|upkeep
|turn|3
|
|t:|1779627210
|switch|p2a: Ting-Lu|Ting-Lu|100/100
|-ability|p2a: Ting-Lu|Vessel of Ruin
|move|p1a: asher torrey|Hurricane|p2a: Ting-Lu
|-damage|p2a: Ting-Lu|79/100
|
|-heal|p2a: Ting-Lu|85/100|[from] item: Leftovers
|upkeep
|turn|4
|
|t:|1779627219
|move|p1a: asher torrey|Tailwind|p1a: asher torrey
|-sidestart|p1: BlaziKennedy|move: Tailwind
|move|p2a: Ting-Lu|Stealth Rock|p1a: asher torrey
|-sidestart|p1: BlaziKennedy|move: Stealth Rock
|
|-heal|p2a: Ting-Lu|91/100|[from] item: Leftovers
|upkeep
|turn|5
|
|t:|1779627226
|move|p1a: asher torrey|Focus Blast|p2a: Ting-Lu
|-supereffective|p2a: Ting-Lu
|-damage|p2a: Ting-Lu|58/100
|-unboost|p2a: Ting-Lu|spd|1
|move|p2a: Ting-Lu|Ruination|p1a: asher torrey
|-damage|p1a: asher torrey|51/100
|-enditem|p1a: asher torrey|Eject Button
|
|t:|1779627240
|switch|p1a: literally meta|Brambleghast, M|100/100
|-damage|p1a: literally meta|88/100|[from] Stealth Rock
|-ability|p1a: literally meta|Wind Rider|boost
|-boost|p1a: literally meta|atk|1
|
|-heal|p2a: Ting-Lu|64/100|[from] item: Leftovers
|upkeep
|turn|6
|
|t:|1779627273
|switch|p2a: Gliscor|Gliscor, M|100/100 tox
|move|p1a: literally meta|Rapid Spin|p2a: Gliscor
|-damage|p2a: Gliscor|79/100 tox
|-boost|p1a: literally meta|spe|1
|-sideend|p1: BlaziKennedy|Stealth Rock|[from] move: Rapid Spin|[of] p1a: literally meta
|-damage|p1a: literally meta|78/100|[from] item: Life Orb
|
|-heal|p2a: Gliscor|91/100 tox|[from] ability: Poison Heal
|upkeep
|turn|7
|
|t:|1779627285
|-terastallize|p1a: literally meta|Ghost
|move|p1a: literally meta|Poltergeist|p2a: Gliscor
|-activate|p2a: Gliscor|move: Poltergeist|Toxic Orb
|-damage|p2a: Gliscor|0 fnt
|faint|p2a: Gliscor
|-damage|p1a: literally meta|68/100|[from] item: Life Orb
|
|-sideend|p1: BlaziKennedy|move: Tailwind
|upkeep
|
|t:|1779627298
|switch|p2a: Gholdengo|Gholdengo|100/100
|turn|8
|
|t:|1779627303
|move|p2a: Gholdengo|Shadow Ball|p1a: literally meta
|-supereffective|p1a: literally meta
|-damage|p1a: literally meta|0 fnt
|faint|p1a: literally meta
|
|upkeep
|
|t:|1779627310
|switch|p1a: asher torrey|Tornadus, M|51/100
|turn|9
|
|t:|1779627317
|switch|p2a: Ting-Lu|Ting-Lu|64/100
|-ability|p2a: Ting-Lu|Vessel of Ruin
|move|p1a: asher torrey|Tailwind|p1a: asher torrey
|-sidestart|p1: BlaziKennedy|move: Tailwind
|
|-heal|p2a: Ting-Lu|70/100|[from] item: Leftovers
|upkeep
|turn|10
|
|t:|1779627325
|move|p1a: asher torrey|Focus Blast|p2a: Ting-Lu
|-supereffective|p2a: Ting-Lu
|-damage|p2a: Ting-Lu|36/100
|move|p2a: Ting-Lu|Stealth Rock|p1a: asher torrey
|-sidestart|p1: BlaziKennedy|move: Stealth Rock
|
|-heal|p2a: Ting-Lu|42/100|[from] item: Leftovers
|upkeep
|turn|11
|
|t:|1779627341
|move|p1a: asher torrey|Focus Blast|p2a: Ting-Lu
|-supereffective|p2a: Ting-Lu
|-damage|p2a: Ting-Lu|6/100
|move|p2a: Ting-Lu|Whirlwind|p1a: asher torrey
|drag|p1a: w femboy|Iron Valiant, shiny|100/100
|-damage|p1a: w femboy|94/100|[from] Stealth Rock
|
|-heal|p2a: Ting-Lu|12/100|[from] item: Leftovers
|upkeep
|turn|12
|
|t:|1779627352
|move|p1a: w femboy|Moonblast|p2a: Ting-Lu
|-supereffective|p2a: Ting-Lu
|-damage|p2a: Ting-Lu|0 fnt
|faint|p2a: Ting-Lu
|
|-sideend|p1: BlaziKennedy|move: Tailwind
|upkeep
|
|t:|1779627363
|switch|p2a: Gholdengo|Gholdengo|100/100
|turn|13
|
|t:|1779627368
|-end|p1a: w femboy|Quark Drive|[silent]
|switch|p1a: asher torrey|Tornadus, M|51/100
|-damage|p1a: asher torrey|26/100|[from] Stealth Rock
|move|p2a: Gholdengo|Make It Rain|p1a: asher torrey
|-damage|p1a: asher torrey|0 fnt
|-unboost|p2a: Gholdengo|spa|1
|faint|p1a: asher torrey
|
|upkeep
|
|t:|1779627374
|switch|p1a: haribo|Arcanine-Hisui, M|100/100
|-damage|p1a: haribo|76/100|[from] Stealth Rock
|turn|14
|
|t:|1779627388
|switch|p2a: Darkrai|Darkrai|100/100
|move|p1a: haribo|Flare Blitz|p2a: Darkrai
|-crit|p2a: Darkrai
|-damage|p2a: Darkrai|0 fnt
|faint|p2a: Darkrai
|
|upkeep
|
|t:|1779627399
|switch|p2a: Zamazenta|Zamazenta|100/100
|-ability|p2a: Zamazenta|Dauntless Shield|boost
|-boost|p2a: Zamazenta|def|1
|turn|15
|
|t:|1779627406
|move|p2a: Zamazenta|Close Combat|p1a: haribo
|-supereffective|p1a: haribo
|-damage|p1a: haribo|0 fnt
|-unboost|p2a: Zamazenta|def|1
|-unboost|p2a: Zamazenta|spd|1
|faint|p1a: haribo
|
|upkeep
|
|t:|1779627412
|switch|p1a: drop a draco|Hydreigon, M|100/100
|-damage|p1a: drop a draco|88/100|[from] Stealth Rock
|turn|16
|
|t:|1779627420
|move|p2a: Zamazenta|Close Combat|p1a: drop a draco
|-supereffective|p1a: drop a draco
|-damage|p1a: drop a draco|0 fnt
|-unboost|p2a: Zamazenta|def|1
|-unboost|p2a: Zamazenta|spd|1
|faint|p1a: drop a draco
|
|upkeep
|
|t:|1779627425
|switch|p1a: w femboy|Iron Valiant, shiny|94/100
|-damage|p1a: w femboy|88/100|[from] Stealth Rock
|turn|17
|
|t:|1779627429
|move|p1a: w femboy|Vacuum Wave|p2a: Zamazenta
|-damage|p2a: Zamazenta|43/100
|move|p2a: Zamazenta|Heavy Slam|p1a: w femboy
|-supereffective|p1a: w femboy
|-damage|p1a: w femboy|0 fnt
|faint|p1a: w femboy
|-end|p1a: w femboy|Quark Drive|[silent]
|
|upkeep
|-message|BlaziKennedy forfeited.
|
|win|Beast911
|raw|BlaziKennedy's rating: 1150 &rarr; <strong>1126</strong><br />(-24 for losing)
|raw|Beast911's rating: 1161 &rarr; <strong>1185</strong><br />(+24 for winning)
|l|☆BlaziKennedy
|player|p1|
|l|☆Beast911
|player|p2|
