|j|☆texett
|j|☆harrolux
|t:|1779683605
|gametype|singles
|player|p1|texett|lady|1423
|player|p2|harrolux|steven|1458
|gen|9
|tier|[Gen 9] OU
|rated|
|rule|HP Percentage Mod: HP is shown in percentages
|rule|Endless Battle Clause: Forcing endless battles is banned
|rule|Species Clause: Limit one of each Pokémon
|rule|OHKO Clause: OHKO moves are banned
|rule|Evasion Items Clause: Evasion items are banned
|rule|Evasion Moves Clause: Evasion moves are banned
|rule|Evasion Abilities Clause: Evasion abilities are banned
|rule|Sleep Moves Clause: Sleep-inducing moves are banned
|clearpoke
|poke|p1|Slither Wing|
|poke|p1|Meowscarada, F|
|poke|p1|Magnezone|
|poke|p1|Glimmora, M|
|poke|p1|Dragonite, M|
|poke|p1|Kilowattrel, F|
|poke|p2|Zamazenta-*|
|poke|p2|Mimikyu, F|
|poke|p2|Rotom-Wash|
|poke|p2|Kyurem|
|poke|p2|Araquanid, F|
|poke|p2|Hoopa-Unbound|
|teampreview
|inactive|Battle timer is ON: inactive players will automatically lose when time's up. (requested by texett)
|j| testingrainteam1
|l| testingrainteam1
|
|t:|1779683616
|teamsize|p1|6
|teamsize|p2|6
|start
|switch|p1a: Kilowattrel|Kilowattrel, F, shiny|100/100
|switch|p2a: Peter Parker|Araquanid, F|100/100
|turn|1
|
|t:|1779683626
|-terastallize|p2a: Peter Parker|Ground
|move|p1a: Kilowattrel|Discharge|p2a: Peter Parker
|-immune|p2a: Peter Parker
|move|p2a: Peter Parker|Sticky Web|p1a: Kilowattrel
|-sidestart|p1: texett|move: Sticky Web
|
|upkeep
|turn|2
|
|t:|1779683632
|move|p1a: Kilowattrel|U-turn|p2a: Peter Parker
|-damage|p2a: Peter Parker|88/100
|
|t:|1779683642
|switch|p1a: Dragonite|Dragonite, M, shiny|100/100|[from] U-turn
|move|p2a: Peter Parker|Liquidation|p1a: Dragonite
|-resisted|p1a: Dragonite
|-damage|p1a: Dragonite|83/100
|
|upkeep
|turn|3
|
|t:|1779683649
|move|p1a: Dragonite|Encore|p2a: Peter Parker
|-start|p2a: Peter Parker|Encore
|move|p2a: Peter Parker|Liquidation|p1a: Dragonite
|-resisted|p1a: Dragonite
|-damage|p1a: Dragonite|48/100
|
|upkeep
|turn|4
|
|t:|1779683654
|move|p1a: Dragonite|Roost|p1a: Dragonite
|-heal|p1a: Dragonite|98/100
|-singleturn|p1a: Dragonite|move: Roost
|move|p2a: Peter Parker|Liquidation|p1a: Dragonite
|-resisted|p1a: Dragonite
|-damage|p1a: Dragonite|62/100
|
|upkeep
|turn|5
|
|t:|1779683661
|move|p1a: Dragonite|Roost|p1a: Dragonite
|-heal|p1a: Dragonite|100/100
|-singleturn|p1a: Dragonite|move: Roost
|move|p2a: Peter Parker|Liquidation|p1a: Dragonite
|-resisted|p1a: Dragonite
|-damage|p1a: Dragonite|81/100
|
|-end|p2a: Peter Parker|Encore
|upkeep
|turn|6
|
|t:|1779683678
|move|p1a: Dragonite|Air Slash|p2a: Peter Parker
|-damage|p2a: Peter Parker|64/100
|cant|p2a: Peter Parker|flinch
|
|upkeep
|turn|7
|
|t:|1779683685
|switch|p2a: Red Hood|Rotom-Wash, shiny|100/100
|move|p1a: Dragonite|Air Slash|p2a: Red Hood
|-resisted|p2a: Red Hood
|-crit|p2a: Red Hood
|-damage|p2a: Red Hood|79/100
|
|-heal|p2a: Red Hood|85/100|[from] item: Leftovers
|upkeep
|turn|8
|
|t:|1779683693
|switch|p1a: Kilowattrel|Kilowattrel, F, shiny|100/100
|move|p2a: Red Hood|Will-O-Wisp|p1a: Kilowattrel|[miss]
|-miss|p2a: Red Hood|p1a: Kilowattrel
|
|-heal|p2a: Red Hood|91/100|[from] item: Leftovers
|upkeep
|turn|9
|
|t:|1779683700
|move|p1a: Kilowattrel|Discharge|p2a: Red Hood
|-damage|p2a: Red Hood|48/100
|move|p2a: Red Hood|Eerie Impulse|p1a: Kilowattrel
|-immune|p1a: Kilowattrel|[from] ability: Volt Absorb
|
|-heal|p2a: Red Hood|54/100|[from] item: Leftovers
|upkeep
|turn|10
|
|t:|1779683709
|switch|p2a: Peter Parker|Araquanid, F, tera:Ground|64/100
|move|p1a: Kilowattrel|Discharge|p2a: Peter Parker
|-immune|p2a: Peter Parker
|
|upkeep
|turn|11
|
|t:|1779683715
|move|p1a: Kilowattrel|Hurricane|p2a: Peter Parker
|-damage|p2a: Peter Parker|15/100
|move|p2a: Peter Parker|Lunge|p1a: Kilowattrel
|-resisted|p1a: Kilowattrel
|-damage|p1a: Kilowattrel|72/100
|-unboost|p1a: Kilowattrel|atk|1
|
|upkeep
|turn|12
|
|t:|1779683722
|move|p1a: Kilowattrel|Hurricane|p2a: Peter Parker
|-damage|p2a: Peter Parker|0 fnt
|faint|p2a: Peter Parker
|
|upkeep
|
|t:|1779683726
|switch|p2a: Hawk|Kyurem, shiny|100/100
|-ability|p2a: Hawk|Pressure
|turn|13
|
|t:|1779683732
|move|p1a: Kilowattrel|U-turn|p2a: Hawk
|-damage|p2a: Hawk|95/100
|
|t:|1779683738
|switch|p1a: Magnezone|Magnezone|100/100|[from] U-turn
|-activate|p1a: Magnezone|move: Sticky Web
|-unboost|p1a: Magnezone|spe|1
|move|p2a: Hawk|Ice Beam|p1a: Magnezone
|-resisted|p1a: Magnezone
|-damage|p1a: Magnezone|65/100
|-status|p1a: Magnezone|frz
|
|upkeep
|turn|14
|
|t:|1779683747
|move|p2a: Hawk|Earth Power|p1a: Magnezone
|-supereffective|p1a: Magnezone
|-damage|p1a: Magnezone|0 fnt
|faint|p1a: Magnezone
|
|upkeep
|
|t:|1779683761
|switch|p1a: Dragonite|Dragonite, M, shiny|81/100
|turn|15
|
|t:|1779683767
|-terastallize|p1a: Dragonite|Water
|move|p1a: Dragonite|Thunder Wave|p2a: Hawk
|-status|p2a: Hawk|par
|move|p2a: Hawk|Ice Beam|p1a: Dragonite
|-resisted|p1a: Dragonite
|-damage|p1a: Dragonite|58/100
|
|upkeep
|turn|16
|
|t:|1779683774
|move|p1a: Dragonite|Encore|p2a: Hawk
|-start|p2a: Hawk|Encore
|cant|p2a: Hawk|par
|
|upkeep
|turn|17
|inactive|texett has 120 seconds left.
|
|t:|1779683811
|move|p1a: Dragonite|Roost|p1a: Dragonite
|-heal|p1a: Dragonite|100/100
|move|p2a: Hawk|Ice Beam|p1a: Dragonite
|-resisted|p1a: Dragonite
|-damage|p1a: Dragonite|89/100
|
|upkeep
|turn|18
|
|t:|1779683818
|switch|p2a: Red Hood|Rotom-Wash, shiny|54/100
|move|p1a: Dragonite|Air Slash|p2a: Red Hood
|-resisted|p2a: Red Hood
|-damage|p2a: Red Hood|40/100
|
|-heal|p2a: Red Hood|46/100|[from] item: Leftovers
|upkeep
|turn|19
|
|t:|1779683830
|switch|p1a: Kilowattrel|Kilowattrel, F, shiny|72/100
|move|p2a: Red Hood|Will-O-Wisp|p1a: Kilowattrel
|-status|p1a: Kilowattrel|brn
|
|-heal|p2a: Red Hood|52/100|[from] item: Leftovers
|-damage|p1a: Kilowattrel|66/100 brn|[from] brn
|upkeep
|turn|20
|
|t:|1779683848
|move|p1a: Kilowattrel|Discharge|p2a: Red Hood
|-damage|p2a: Red Hood|16/100
|move|p2a: Red Hood|Dark Pulse|p1a: Kilowattrel
|-damage|p1a: Kilowattrel|26/100 brn
|
|-heal|p2a: Red Hood|22/100|[from] item: Leftovers
|-damage|p1a: Kilowattrel|20/100 brn|[from] brn
|upkeep
|turn|21
|
|t:|1779683859
|move|p1a: Kilowattrel|Roost|p1a: Kilowattrel
|-heal|p1a: Kilowattrel|70/100 brn
|-singleturn|p1a: Kilowattrel|move: Roost
|move|p2a: Red Hood|Dark Pulse|p1a: Kilowattrel
|-damage|p1a: Kilowattrel|29/100 brn
|
|-heal|p2a: Red Hood|28/100|[from] item: Leftovers
|-damage|p1a: Kilowattrel|23/100 brn|[from] brn
|upkeep
|turn|22
|
|t:|1779683868
|move|p1a: Kilowattrel|Roost|p1a: Kilowattrel
|-heal|p1a: Kilowattrel|73/100 brn
|-singleturn|p1a: Kilowattrel|move: Roost
|move|p2a: Red Hood|Dark Pulse|p1a: Kilowattrel
|-damage|p1a: Kilowattrel|29/100 brn
|
|-heal|p2a: Red Hood|35/100|[from] item: Leftovers
|-damage|p1a: Kilowattrel|23/100 brn|[from] brn
|upkeep
|turn|23
|
|t:|1779683877
|move|p1a: Kilowattrel|Discharge|p2a: Red Hood
|-damage|p2a: Red Hood|0 fnt
|faint|p2a: Red Hood
|
|-damage|p1a: Kilowattrel|17/100 brn|[from] brn
|upkeep
|
|t:|1779683883
|switch|p2a: Raven|Mimikyu, F, shiny|100/100
|turn|24
|inactive|texett has 120 seconds left.
|
|t:|1779683916
|switch|p1a: Glimmora|Glimmora, M, shiny|100/100
|-activate|p1a: Glimmora|move: Sticky Web
|-unboost|p1a: Glimmora|spe|1
|move|p2a: Raven|Shadow Sneak|p1a: Glimmora
|-damage|p1a: Glimmora|71/100
|-activate|p1a: Glimmora|ability: Toxic Debris
|-sidestart|p2: harrolux|move: Toxic Spikes
|-enditem|p1a: Glimmora|Red Card|[of] p2a: Raven
|drag|p2a: Hawk|Kyurem, shiny|95/100 par
|-ability|p2a: Hawk|Pressure
|
|upkeep
|turn|25
|
|t:|1779683931
|move|p1a: Glimmora|Mortal Spin|p2a: Hawk
|-damage|p2a: Hawk|91/100 par
|-sideend|p1: texett|Sticky Web|[from] move: Mortal Spin|[of] p1a: Glimmora
|move|p2a: Hawk|Earth Power|p1a: Glimmora
|-supereffective|p1a: Glimmora
|-damage|p1a: Glimmora|0 fnt
|faint|p1a: Glimmora
|
|upkeep
|
|t:|1779683936
|switch|p1a: Meowscarada|Meowscarada, F, shiny|100/100
|turn|26
|
|t:|1779683946
|move|p1a: Meowscarada|Power Gem|p2a: Hawk
|-start|p1a: Meowscarada|typechange|Rock|[from] ability: Protean
|-supereffective|p2a: Hawk
|-damage|p2a: Hawk|35/100 par
|move|p2a: Hawk|Ice Beam|p1a: Meowscarada
|-damage|p1a: Meowscarada|14/100
|
|upkeep
|turn|27
|
|t:|1779683962
|move|p1a: Meowscarada|Power Gem|p2a: Hawk
|-supereffective|p2a: Hawk
|-damage|p2a: Hawk|0 fnt
|faint|p2a: Hawk
|
|upkeep
|
|t:|1779683971
|switch|p2a: Raven|Mimikyu, F, shiny|100/100
|-status|p2a: Raven|psn
|turn|28
|
|t:|1779683977
|move|p2a: Raven|Shadow Sneak|p1a: Meowscarada
|-damage|p1a: Meowscarada|0 fnt
|faint|p1a: Meowscarada
|-damage|p2a: Raven|91/100 psn|[from] item: Life Orb
|
|-damage|p2a: Raven|78/100 psn|[from] psn
|upkeep
|inactive|texett has 120 seconds left.
|
|t:|1779684030
|switch|p1a: Slither Wing|Slither Wing, shiny|100/100
|-enditem|p1a: Slither Wing|Booster Energy
|-activate|p1a: Slither Wing|ability: Protosynthesis|[fromitem]
|-start|p1a: Slither Wing|protosynthesisspe
|turn|29
|
|t:|1779684036
|move|p1a: Slither Wing|Bulk Up|p1a: Slither Wing
|-boost|p1a: Slither Wing|atk|1
|-boost|p1a: Slither Wing|def|1
|move|p2a: Raven|Play Rough|p1a: Slither Wing
|-supereffective|p1a: Slither Wing
|-damage|p1a: Slither Wing|29/100
|-damage|p2a: Raven|68/100 psn|[from] item: Life Orb
|
|-damage|p2a: Raven|56/100 psn|[from] psn
|upkeep
|turn|30
|inactive|texett has 120 seconds left.
|
|t:|1779684046
|move|p1a: Slither Wing|Morning Sun|p1a: Slither Wing
|-heal|p1a: Slither Wing|79/100
|move|p2a: Raven|Play Rough|p1a: Slither Wing
|-supereffective|p1a: Slither Wing
|-damage|p1a: Slither Wing|3/100
|-damage|p2a: Raven|46/100 psn|[from] item: Life Orb
|
|-damage|p2a: Raven|34/100 psn|[from] psn
|upkeep
|turn|31
|
|t:|1779684055
|move|p2a: Raven|Shadow Sneak|p1a: Slither Wing
|-damage|p1a: Slither Wing|0 fnt
|faint|p1a: Slither Wing
|-end|p1a: Slither Wing|Protosynthesis|[silent]
|-damage|p2a: Raven|24/100 psn|[from] item: Life Orb
|
|-damage|p2a: Raven|11/100 psn|[from] psn
|upkeep
|
|t:|1779684059
|switch|p1a: Dragonite|Dragonite, M, shiny, tera:Water|89/100
|turn|32
|
|t:|1779684063
|move|p2a: Raven|Shadow Sneak|p1a: Dragonite
|-damage|p1a: Dragonite|69/100
|-damage|p2a: Raven|1/100 psn|[from] item: Life Orb
|move|p1a: Dragonite|Roost|p1a: Dragonite
|-heal|p1a: Dragonite|100/100
|
|-damage|p2a: Raven|0 fnt|[from] psn
|faint|p2a: Raven
|upkeep
|
|t:|1779684078
|switch|p2a: Deathstroke|Hoopa-Unbound|100/100
|-status|p2a: Deathstroke|psn
|turn|33
|
|t:|1779684097
|move|p1a: Dragonite|Air Slash|p2a: Deathstroke|[miss]
|-miss|p1a: Dragonite|p2a: Deathstroke
|move|p2a: Deathstroke|Energy Ball|p1a: Dragonite
|-supereffective|p1a: Dragonite
|-damage|p1a: Dragonite|43/100
|-unboost|p1a: Dragonite|spd|1
|
|-damage|p2a: Deathstroke|88/100 psn|[from] psn
|upkeep
|turn|34
|
|t:|1779684105
|switch|p1a: Kilowattrel|Kilowattrel, F, shiny|17/100 brn
|move|p2a: Deathstroke|Energy Ball|p1a: Kilowattrel
|-resisted|p1a: Kilowattrel
|-damage|p1a: Kilowattrel|0 fnt
|faint|p1a: Kilowattrel
|
|-damage|p2a: Deathstroke|76/100 psn|[from] psn
|upkeep
|
|t:|1779684107
|switch|p1a: Dragonite|Dragonite, M, shiny, tera:Water|43/100
|turn|35
|
|t:|1779684114
|move|p1a: Dragonite|Roost|p1a: Dragonite
|-heal|p1a: Dragonite|93/100
|move|p2a: Deathstroke|Energy Ball|p1a: Dragonite
|-supereffective|p1a: Dragonite
|-damage|p1a: Dragonite|0 fnt
|faint|p1a: Dragonite
|
|win|harrolux
|raw|texett's rating: 1423 &rarr; <strong>1405</strong><br />(-18 for losing)
|raw|harrolux's rating: 1458 &rarr; <strong>1476</strong><br />(+18 for winning)
|l|☆texett
|player|p1|
|l|☆harrolux
|player|p2|
