|j|☆SemperMamba
|j|☆hannibaltest
|t:|1779643914
|gametype|singles
|player|p1|SemperMamba|blackbelt-gen4dp|1261
|player|p2|hannibaltest|blaine|1249
|gen|9
|tier|[Gen 9] OU
|rated|
|rule|HP Percentage Mod: HP is shown in percentages
|rule|Endless Battle Clause: Forcing endless battles is banned
|rule|Species Clause: Limit one of each Pokémon
|rule|OHKO Clause: OHKO moves are banned
|rule|Evasion Items Clause: Evasion items are banned
|rule|Evasion Moves Clause: Evasion moves are banned
|rule|Evasion Abilities Clause: Evasion abilities are banned
|rule|Sleep Moves Clause: Sleep-inducing moves are banned
|clearpoke
|poke|p1|Dragapult, M|
|poke|p1|Pawmot, F|
|poke|p1|Great Tusk|
|poke|p1|Ogerpon-Wellspring, F|
|poke|p1|Galvantula, M|
|poke|p1|Kingambit, F|
|poke|p2|Ribombee, F|
|poke|p2|Cinderace, M|
|poke|p2|Kingambit, M|
|poke|p2|Empoleon, M|
|poke|p2|Slowking-Galar, M|
|poke|p2|Wigglytuff, F|
|teampreview
|inactive|Battle timer is ON: inactive players will automatically lose when time's up. (requested by hannibaltest)
|
|t:|1779643920
|teamsize|p1|6
|teamsize|p2|6
|start
|switch|p1a: Galvantula|Galvantula, M|100/100
|switch|p2a: Ribombee|Ribombee, F|100/100
|turn|1
|
|t:|1779643938
|move|p2a: Ribombee|Sticky Web|p1a: Galvantula
|-sidestart|p1: SemperMamba|move: Sticky Web
|move|p1a: Galvantula|Thunder Wave|p2a: Ribombee
|-status|p2a: Ribombee|par
|
|upkeep
|turn|2
|
|t:|1779643961
|move|p1a: Galvantula|Volt Switch|p2a: Ribombee
|-damage|p2a: Ribombee|58/100 par
|-enditem|p2a: Ribombee|Eject Button
|
|t:|1779643965
|switch|p2a: Cinderace|Cinderace, M|100/100
|
|upkeep
|turn|3
|
|t:|1779643969
|move|p2a: Cinderace|U-turn|p1a: Galvantula
|-start|p2a: Cinderace|typechange|Bug|[from] ability: Libero
|-damage|p1a: Galvantula|38/100
|
|t:|1779643973
|switch|p2a: Ribombee|Ribombee, F|58/100 par|[from] U-turn
|move|p1a: Galvantula|Thunder Wave|p2a: Ribombee
|-fail|p2a: Ribombee|par
|
|upkeep
|turn|4
|
|t:|1779643983
|move|p1a: Galvantula|Volt Switch|p2a: Ribombee
|-damage|p2a: Ribombee|18/100 par
|
|t:|1779643998
|switch|p1a: Kingambit|Kingambit, F|100/100|[from] Volt Switch
|-item|p1a: Kingambit|Air Balloon
|cant|p2a: Ribombee|par
|
|upkeep
|turn|5
|
|t:|1779644007
|switch|p2a: Cinderace|Cinderace, M|100/100
|move|p1a: Kingambit|Poison Jab|p2a: Cinderace
|-damage|p2a: Cinderace|54/100
|
|upkeep
|turn|6
|
|t:|1779644019
|move|p2a: Cinderace|Court Change|p2a: Cinderace
|-start|p2a: Cinderace|typechange|Normal|[from] ability: Libero
|-swapsideconditions
|-activate|p2a: Cinderace|move: Court Change
|move|p1a: Kingambit|Kowtow Cleave|p2a: Cinderace
|-damage|p2a: Cinderace|0 fnt
|faint|p2a: Cinderace
|
|upkeep
|
|t:|1779644028
|switch|p2a: Ribombee|Ribombee, F|18/100 par
|-activate|p2a: Ribombee|move: Sticky Web
|-unboost|p2a: Ribombee|spe|1
|turn|7
|
|t:|1779644034
|-end|p1a: Kingambit|fallenundefined|[silent]
|switch|p1a: Great Tusk|Great Tusk|100/100
|move|p2a: Ribombee|Reflect|p2a: Ribombee
|-sidestart|p2: hannibaltest|Reflect
|
|upkeep
|turn|8
|
|t:|1779644046
|move|p1a: Great Tusk|Temper Flare|p2a: Ribombee
|-supereffective|p2a: Ribombee
|-damage|p2a: Ribombee|0 fnt
|faint|p2a: Ribombee
|
|upkeep
|
|t:|1779644051
|switch|p2a: Slowking|Slowking-Galar, M|100/100
|-activate|p2a: Slowking|move: Sticky Web
|-unboost|p2a: Slowking|spe|1
|turn|9
|
|t:|1779644060
|-end|p1a: Great Tusk|Protosynthesis|[silent]
|switch|p1a: Galvantula|Galvantula, M|38/100
|move|p2a: Slowking|Trick Room|p2a: Slowking
|-fieldstart|move: Trick Room|[of] p2a: Slowking
|
|upkeep
|turn|10
|
|t:|1779644083
|move|p2a: Slowking|Sludge Bomb|p1a: Galvantula
|-damage|p1a: Galvantula|0 fnt
|faint|p1a: Galvantula
|
|upkeep
|
|t:|1779644089
|switch|p1a: Kingambit|Kingambit, F|100/100
|-activate|p1a: Kingambit|ability: Supreme Overlord
|-start|p1a: Kingambit|fallen1|[silent]
|-item|p1a: Kingambit|Air Balloon
|turn|11
|
|t:|1779644101
|-prepare|p2a: Slowking|Chilly Reception|[premajor]
|move|p2a: Slowking|Chilly Reception|p2a: Slowking
|-weather|Snowscape
|
|t:|1779644105
|switch|p2a: Kozuki Oden|Kingambit, M|100/100|[from] Chilly Reception
|-activate|p2a: Kozuki Oden|move: Sticky Web
|-unboost|p2a: Kozuki Oden|spe|1
|-ability|p2a: Kozuki Oden|Defiant|boost
|-boost|p2a: Kozuki Oden|atk|2
|move|p1a: Kingambit|Kowtow Cleave|p2a: Kozuki Oden
|-resisted|p2a: Kozuki Oden
|-damage|p2a: Kozuki Oden|91/100
|
|-weather|Snowscape|[upkeep]
|-sideend|p2: hannibaltest|Reflect
|upkeep
|turn|12
|
|t:|1779644119
|-end|p1a: Kingambit|fallen1|[silent]
|switch|p1a: Great Tusk|Great Tusk|100/100
|move|p2a: Kozuki Oden|Low Kick|p1a: Great Tusk
|-damage|p1a: Great Tusk|43/100
|
|-weather|Snowscape|[upkeep]
|upkeep
|turn|13
|inactive|SemperMamba has 120 seconds left.
|
|t:|1779644153
|-end|p1a: Great Tusk|Protosynthesis|[silent]
|switch|p1a: Ogerpon|Ogerpon-Wellspring, F|100/100
|move|p2a: Kozuki Oden|Zen Headbutt|p1a: Ogerpon
|-damage|p1a: Ogerpon|23/100
|
|-weather|Snowscape|[upkeep]
|-fieldend|move: Trick Room
|upkeep
|turn|14
|inactive|SemperMamba has 120 seconds left.
|
|t:|1779644167
|move|p2a: Kozuki Oden|Sucker Punch||[still]
|-fail|p2a: Kozuki Oden
|move|p1a: Ogerpon|Encore|p2a: Kozuki Oden
|-start|p2a: Kozuki Oden|Encore
|
|-weather|Snowscape|[upkeep]
|upkeep
|turn|15
|inactive|SemperMamba has 120 seconds left.
|
|t:|1779644187
|switch|p1a: Great Tusk|Great Tusk|43/100
|switch|p2a: Slowking|Slowking-Galar, M|100/100
|-activate|p2a: Slowking|move: Sticky Web
|-unboost|p2a: Slowking|spe|1
|
|-weather|none
|upkeep
|turn|16
|inactive|SemperMamba has 120 seconds left.
|
|t:|1779644196
|-terastallize|p2a: Slowking|Water
|move|p1a: Great Tusk|Knock Off|p2a: Slowking
|-damage|p2a: Slowking|69/100
|-enditem|p2a: Slowking|Leftovers|[from] move: Knock Off|[of] p1a: Great Tusk
|move|p2a: Slowking|Trick Room|p2a: Slowking
|-fieldstart|move: Trick Room|[of] p2a: Slowking
|
|upkeep
|turn|17
|inactive|SemperMamba has 120 seconds left.
|
|t:|1779644214
|-end|p1a: Great Tusk|Protosynthesis|[silent]
|switch|p1a: Kingambit|Kingambit, F|100/100
|-activate|p1a: Kingambit|ability: Supreme Overlord
|-start|p1a: Kingambit|fallen1|[silent]
|-item|p1a: Kingambit|Air Balloon
|move|p2a: Slowking|Psyshock|p1a: Kingambit
|-immune|p1a: Kingambit
|
|upkeep
|turn|18
|inactive|SemperMamba has 120 seconds left.
|
|t:|1779644242
|-prepare|p2a: Slowking|Chilly Reception|[premajor]
|move|p2a: Slowking|Chilly Reception|p2a: Slowking
|-weather|Snowscape
|
|t:|1779644245
|switch|p2a: Kozuki Oden|Kingambit, M|91/100|[from] Chilly Reception
|-activate|p2a: Kozuki Oden|move: Sticky Web
|-unboost|p2a: Kozuki Oden|spe|1
|-ability|p2a: Kozuki Oden|Defiant|boost
|-boost|p2a: Kozuki Oden|atk|2
|move|p1a: Kingambit|Kowtow Cleave|p2a: Kozuki Oden
|-resisted|p2a: Kozuki Oden
|-damage|p2a: Kozuki Oden|71/100
|
|-weather|Snowscape|[upkeep]
|upkeep
|turn|19
|
|t:|1779644262
|-end|p1a: Kingambit|fallen1|[silent]
|switch|p1a: Ogerpon|Ogerpon-Wellspring, F|23/100
|move|p2a: Kozuki Oden|Kowtow Cleave|p1a: Ogerpon
|-damage|p1a: Ogerpon|0 fnt
|faint|p1a: Ogerpon
|
|-weather|Snowscape|[upkeep]
|upkeep
|
|t:|1779644268
|switch|p1a: Pawmot|Pawmot, F, shiny|100/100
|turn|20
|
|t:|1779644273
|move|p1a: Pawmot|Mach Punch|p2a: Kozuki Oden
|-supereffective|p2a: Kozuki Oden
|-damage|p2a: Kozuki Oden|0 fnt
|faint|p2a: Kozuki Oden
|-damage|p1a: Pawmot|91/100|[from] item: Life Orb
|
|-weather|Snowscape|[upkeep]
|-fieldend|move: Trick Room
|upkeep
|
|t:|1779644278
|switch|p2a: Slowking|Slowking-Galar, M, tera:Water|100/100
|-activate|p2a: Slowking|move: Sticky Web
|-unboost|p2a: Slowking|spe|1
|turn|21
|
|t:|1779644282
|-terastallize|p1a: Pawmot|Electric
|move|p1a: Pawmot|Double Shock|p2a: Slowking
|-supereffective|p2a: Slowking
|-damage|p2a: Slowking|0 fnt
|-start|p1a: Pawmot|typechange|Electric|[from] move: Double Shock
|faint|p2a: Slowking
|-damage|p1a: Pawmot|81/100|[from] item: Life Orb
|
|-weather|Snowscape|[upkeep]
|upkeep
|
|t:|1779644290
|switch|p2a: Wigglytuff|Wigglytuff, F|100/100
|-activate|p2a: Wigglytuff|move: Sticky Web
|-unboost|p2a: Wigglytuff|spe|1
|-ability|p2a: Wigglytuff|Competitive|boost
|-boost|p2a: Wigglytuff|spa|2
|turn|22
|
|t:|1779644296
|move|p1a: Pawmot|Double Shock|p2a: Wigglytuff
|-enditem|p2a: Wigglytuff|Focus Sash
|-damage|p2a: Wigglytuff|1/100
|-start|p1a: Pawmot|typechange|Electric|[from] move: Double Shock
|-damage|p1a: Pawmot|71/100|[from] item: Life Orb
|move|p2a: Wigglytuff|Hyper Voice|p1a: Pawmot
|-damage|p1a: Pawmot|0 fnt
|faint|p1a: Pawmot
|
|-weather|none
|upkeep
|
|t:|1779644307
|switch|p1a: Dragapult|Dragapult, M|100/100
|turn|23
|
|t:|1779644312
|move|p1a: Dragapult|U-turn|p2a: Wigglytuff
|-resisted|p2a: Wigglytuff
|-damage|p2a: Wigglytuff|0 fnt
|faint|p2a: Wigglytuff
|
|t:|1779644316
|switch|p1a: Great Tusk|Great Tusk|43/100|[from] U-turn
|
|upkeep
|
|t:|1779644319
|switch|p2a: Happy Feet|Empoleon, M|100/100
|-activate|p2a: Happy Feet|move: Sticky Web
|-unboost|p2a: Happy Feet|spe|1
|-ability|p2a: Happy Feet|Competitive|boost
|-boost|p2a: Happy Feet|spa|2
|turn|24
|
|t:|1779644322
|move|p1a: Great Tusk|Earthquake|p2a: Happy Feet
|-supereffective|p2a: Happy Feet
|-damage|p2a: Happy Feet|5/100
|move|p2a: Happy Feet|Surf|p1a: Great Tusk
|-supereffective|p1a: Great Tusk
|-damage|p1a: Great Tusk|0 fnt
|faint|p1a: Great Tusk
|-end|p1a: Great Tusk|Protosynthesis|[silent]
|
|upkeep
|c|☆hannibaltest|Gg
|
|t:|1779644326
|switch|p1a: Dragapult|Dragapult, M|100/100
|turn|25
|
|t:|1779644330
|move|p1a: Dragapult|Flamethrower|p2a: Happy Feet
|-damage|p2a: Happy Feet|0 fnt
|faint|p2a: Happy Feet
|
|win|SemperMamba
|raw|SemperMamba's rating: 1261 &rarr; <strong>1285</strong><br />(+24 for winning)
|raw|hannibaltest's rating: 1249 &rarr; <strong>1225</strong><br />(-24 for losing)
|l|☆SemperMamba
|player|p1|
|l|☆hannibaltest
|player|p2|
