|j|☆Geb123
|j|☆MonkeYes9
|t:|1779640145
|gametype|singles
|player|p1|Geb123|2|1147
|player|p2|MonkeYes9|blackbelt-gen4dp|1174
|gen|9
|tier|[Gen 9] OU
|rated|
|rule|HP Percentage Mod: HP is shown in percentages
|rule|Endless Battle Clause: Forcing endless battles is banned
|rule|Species Clause: Limit one of each Pokémon
|rule|OHKO Clause: OHKO moves are banned
|rule|Evasion Items Clause: Evasion items are banned
|rule|Evasion Moves Clause: Evasion moves are banned
|rule|Evasion Abilities Clause: Evasion abilities are banned
|rule|Sleep Moves Clause: Sleep-inducing moves are banned
|clearpoke
|poke|p1|Infernape, M|
|poke|p1|Honchkrow, F|
|poke|p1|Ogerpon-Wellspring, F|
|poke|p1|Greninja-*, M|
|poke|p1|Raichu-Alola, F|
|poke|p1|Deoxys-Defense|
|poke|p2|Iron Moth|
|poke|p2|Iron Valiant|
|poke|p2|Greninja-*, M|
|poke|p2|Metagross|
|poke|p2|Sandy Shocks|
|poke|p2|Ogerpon-Wellspring, F|
|teampreview
|inactive|Battle timer is ON: inactive players will automatically lose when time's up. (requested by MonkeYes9)
|
|t:|1779640155
|teamsize|p1|6
|teamsize|p2|6
|start
|switch|p1a: Infernape|Infernape, M|100/100
|switch|p2a: Iron Valiant|Iron Valiant|100/100
|-enditem|p2a: Iron Valiant|Booster Energy
|-activate|p2a: Iron Valiant|ability: Quark Drive|[fromitem]
|-start|p2a: Iron Valiant|quarkdrivespe
|turn|1
|
|t:|1779640164
|-terastallize|p1a: Infernape|Poison
|move|p2a: Iron Valiant|Liquidation|p1a: Infernape
|-damage|p1a: Infernape|58/100
|move|p1a: Infernape|Poison Jab|p2a: Iron Valiant
|-supereffective|p2a: Iron Valiant
|-damage|p2a: Iron Valiant|0 fnt
|faint|p2a: Iron Valiant
|-end|p2a: Iron Valiant|Quark Drive|[silent]
|-damage|p1a: Infernape|48/100|[from] item: Life Orb
|
|upkeep
|
|t:|1779640177
|switch|p2a: Greninja|Greninja, M|100/100
|turn|2
|
|t:|1779640191
|switch|p1a: Ogerpon|Ogerpon-Wellspring, F|100/100
|move|p2a: Greninja|Surf|p1a: Ogerpon
|-immune|p1a: Ogerpon|[from] ability: Water Absorb
|
|upkeep
|turn|3
|
|t:|1779640201
|move|p2a: Greninja|Sludge Wave|p1a: Ogerpon
|-supereffective|p1a: Ogerpon
|-damage|p1a: Ogerpon|37/100
|move|p1a: Ogerpon|Power Whip|p2a: Greninja
|-supereffective|p2a: Greninja
|-damage|p2a: Greninja|0 fnt
|faint|p2a: Greninja
|
|upkeep
|
|t:|1779640211
|switch|p2a: Iron Moth|Iron Moth|100/100
|-enditem|p2a: Iron Moth|Booster Energy
|-activate|p2a: Iron Moth|ability: Quark Drive|[fromitem]
|-start|p2a: Iron Moth|quarkdrivespa
|turn|4
|
|t:|1779640219
|move|p2a: Iron Moth|Fiery Dance|p1a: Ogerpon
|-damage|p1a: Ogerpon|0 fnt
|-boost|p2a: Iron Moth|spa|1
|faint|p1a: Ogerpon
|
|upkeep
|
|t:|1779640235
|switch|p1a: Deoxys|Deoxys-Defense|100/100
|-ability|p1a: Deoxys|Pressure
|turn|5
|
|t:|1779640241
|-terastallize|p2a: Iron Moth|Fire
|move|p2a: Iron Moth|Fiery Dance|p1a: Deoxys
|-damage|p1a: Deoxys|39/100
|move|p1a: Deoxys|Night Shade|p2a: Iron Moth
|-damage|p2a: Iron Moth|67/100
|
|-heal|p1a: Deoxys|45/100|[from] item: Leftovers
|upkeep
|turn|6
|
|t:|1779640251
|move|p2a: Iron Moth|Fiery Dance|p1a: Deoxys
|-crit|p1a: Deoxys
|-damage|p1a: Deoxys|0 fnt
|faint|p1a: Deoxys
|
|upkeep
|
|t:|1779640270
|switch|p1a: Greninja|Greninja, M|100/100
|turn|7
|
|t:|1779640274
|move|p1a: Greninja|Water Shuriken|p2a: Iron Moth
|-supereffective|p2a: Iron Moth
|-damage|p2a: Iron Moth|53/100
|-supereffective|p2a: Iron Moth
|-damage|p2a: Iron Moth|38/100
|-supereffective|p2a: Iron Moth
|-damage|p2a: Iron Moth|23/100
|-supereffective|p2a: Iron Moth
|-damage|p2a: Iron Moth|9/100
|-supereffective|p2a: Iron Moth
|-damage|p2a: Iron Moth|0 fnt
|faint|p2a: Iron Moth
|-end|p2a: Iron Moth|Quark Drive|[silent]
|-ability|p1a: Greninja|Battle Bond|boost
|-boost|p1a: Greninja|atk|1
|-boost|p1a: Greninja|spa|1
|-boost|p1a: Greninja|spe|1
|-activate|p1a: Greninja|ability: Battle Bond
|-hitcount|p2: Iron Moth|5
|
|upkeep
|
|t:|1779640283
|switch|p2a: Ogerpon|Ogerpon-Wellspring, F|100/100
|turn|8
|
|t:|1779640291
|move|p1a: Greninja|Sludge Wave|p2a: Ogerpon
|-supereffective|p2a: Ogerpon
|-damage|p2a: Ogerpon|1/100
|move|p2a: Ogerpon|Play Rough|p1a: Greninja
|-supereffective|p1a: Greninja
|-damage|p1a: Greninja|0 fnt
|faint|p1a: Greninja
|
|upkeep
|
|t:|1779640312
|switch|p1a: Infernape|Infernape, M, tera:Poison|48/100
|turn|9
|
|t:|1779640316
|move|p1a: Infernape|Mach Punch|p2a: Ogerpon
|-damage|p2a: Ogerpon|0 fnt
|faint|p2a: Ogerpon
|-damage|p1a: Infernape|38/100|[from] item: Life Orb
|
|upkeep
|
|t:|1779640320
|switch|p2a: Metagross|Metagross|100/100
|turn|10
|l|☆Geb123
|inactive|Geb123 disconnected and has a minute to reconnect!
|player|p1|
|j|☆Geb123
|inactive|Geb123 reconnected and has 135 seconds left.
|player|p1|Geb123|2|
|
|t:|1779640341
|move|p1a: Infernape|Raging Fury|p2a: Metagross
|-supereffective|p2a: Metagross
|-damage|p2a: Metagross|0 fnt
|faint|p2a: Metagross
|-damage|p1a: Infernape|28/100|[from] item: Life Orb
|
|upkeep
|
|t:|1779640346
|switch|p2a: Sandy Shocks|Sandy Shocks|100/100
|-enditem|p2a: Sandy Shocks|Booster Energy
|-activate|p2a: Sandy Shocks|ability: Protosynthesis|[fromitem]
|-start|p2a: Sandy Shocks|protosynthesisspa
|turn|11
|
|t:|1779640351
|move|p1a: Infernape|Raging Fury|p2a: Sandy Shocks|[from] lockedmove
|-damage|p2a: Sandy Shocks|28/100
|-damage|p1a: Infernape|18/100|[from] item: Life Orb
|move|p2a: Sandy Shocks|Earth Power|p1a: Infernape
|-supereffective|p1a: Infernape
|-crit|p1a: Infernape
|-damage|p1a: Infernape|0 fnt
|faint|p1a: Infernape
|
|upkeep
|
|t:|1779640370
|switch|p1a: Raichu|Raichu-Alola, F, shiny|100/100
|turn|12
|
|t:|1779640381
|move|p1a: Raichu|Psychic|p2a: Sandy Shocks
|-damage|p2a: Sandy Shocks|0 fnt
|faint|p2a: Sandy Shocks
|-end|p2a: Sandy Shocks|Protosynthesis|[silent]
|-damage|p1a: Raichu|91/100|[from] item: Life Orb
|
|win|Geb123
|raw|Geb123's rating: 1147 &rarr; <strong>1174</strong><br />(+27 for winning)
|raw|MonkeYes9's rating: 1174 &rarr; <strong>1147</strong><br />(-27 for losing)
|l|☆MonkeYes9
|player|p2|
|l|☆Geb123
|player|p1|
