|j|☆hide on top10
|j|☆bodych0ke
|t:|1779701574
|gametype|singles
|player|p1|hide on top10|265|1589
|player|p2|bodych0ke|ghetsis|1446
|gen|9
|tier|[Gen 9] OU
|rated|
|rule|HP Percentage Mod: HP is shown in percentages
|rule|Endless Battle Clause: Forcing endless battles is banned
|rule|Species Clause: Limit one of each Pokémon
|rule|OHKO Clause: OHKO moves are banned
|rule|Evasion Items Clause: Evasion items are banned
|rule|Evasion Moves Clause: Evasion moves are banned
|rule|Evasion Abilities Clause: Evasion abilities are banned
|rule|Sleep Moves Clause: Sleep-inducing moves are banned
|clearpoke
|poke|p1|Tyranitar, M|
|poke|p1|Excadrill, M|
|poke|p1|Keldeo-Resolute|
|poke|p1|Tornadus-Therian, M|
|poke|p1|Heatran, M|
|poke|p1|Hydrapple, M|
|poke|p2|Torkoal, M|
|poke|p2|Walking Wake|
|poke|p2|Raging Bolt|
|poke|p2|Ceruledge, M|
|poke|p2|Corviknight, M|
|poke|p2|Dragonite, M|
|teampreview
|inactive|Battle timer is ON: inactive players will automatically lose when time's up. (requested by bodych0ke)
|inactive|hide on top10 has 120 seconds left.
|
|t:|1779701646
|teamsize|p1|6
|teamsize|p2|6
|start
|switch|p1a: Tornadus|Tornadus-Therian, M|100/100
|switch|p2a: Torkoal|Torkoal, M|100/100
|-weather|SunnyDay|[from] ability: Drought|[of] p2a: Torkoal
|turn|1
|
|t:|1779701658
|switch|p2a: Raging Bolt|Raging Bolt|100/100
|-activate|p2a: Raging Bolt|ability: Protosynthesis
|-start|p2a: Raging Bolt|protosynthesisspa
|move|p1a: Tornadus|Bleakwind Storm|p2a: Raging Bolt
|-resisted|p2a: Raging Bolt
|-damage|p2a: Raging Bolt|83/100
|-unboost|p2a: Raging Bolt|spe|1
|
|-weather|SunnyDay|[upkeep]
|-heal|p2a: Raging Bolt|89/100|[from] item: Leftovers
|upkeep
|turn|2
|
|t:|1779701667
|switch|p1a: Heatran|Heatran, M|100/100
|-end|p2a: Raging Bolt|Protosynthesis|[silent]
|switch|p2a: Walking Wake|Walking Wake|100/100
|-activate|p2a: Walking Wake|ability: Protosynthesis
|-start|p2a: Walking Wake|protosynthesisspe
|
|-weather|SunnyDay|[upkeep]
|upkeep
|turn|3
|
|t:|1779701691
|switch|p1a: Hydrapple|Hydrapple, M|100/100
|move|p2a: Walking Wake|Draco Meteor|p1a: Hydrapple
|-supereffective|p1a: Hydrapple
|-damage|p1a: Hydrapple|0 fnt
|-unboost|p2a: Walking Wake|spa|2
|faint|p1a: Hydrapple
|
|-weather|SunnyDay|[upkeep]
|upkeep
|
|t:|1779701702
|switch|p1a: Tyranitar|Tyranitar, M|100/100
|-weather|Sandstorm|[from] ability: Sand Stream|[of] p1a: Tyranitar
|-end|p2a: Walking Wake|Protosynthesis
|turn|4
|
|t:|1779701707
|-end|p2a: Walking Wake|Protosynthesis|[silent]
|switch|p2a: Corviknight|Corviknight, M|100/100
|-ability|p2a: Corviknight|Pressure
|move|p1a: Tyranitar|Knock Off|p2a: Corviknight
|-damage|p2a: Corviknight|54/100
|-damage|p1a: Tyranitar|84/100|[from] item: Rocky Helmet|[of] p2a: Corviknight
|-enditem|p2a: Corviknight|Rocky Helmet|[from] move: Knock Off|[of] p1a: Tyranitar
|
|-weather|Sandstorm|[upkeep]
|upkeep
|turn|5
|
|t:|1779701716
|switch|p1a: Heatran|Heatran, M|100/100
|move|p2a: Corviknight|U-turn|p1a: Heatran
|-resisted|p1a: Heatran
|-damage|p1a: Heatran|98/100
|-status|p2a: Corviknight|brn|[from] ability: Flame Body|[of] p1a: Heatran
|
|t:|1779701719
|switch|p2a: Torkoal|Torkoal, M|100/100|[from] U-turn
|-weather|SunnyDay|[from] ability: Drought|[of] p2a: Torkoal
|
|-weather|SunnyDay|[upkeep]
|-heal|p1a: Heatran|100/100|[from] item: Leftovers
|upkeep
|turn|6
|
|t:|1779701730
|switch|p2a: Walking Wake|Walking Wake|100/100
|-activate|p2a: Walking Wake|ability: Protosynthesis
|-start|p2a: Walking Wake|protosynthesisspe
|move|p1a: Heatran|Magma Storm|p2a: Walking Wake
|-resisted|p2a: Walking Wake
|-damage|p2a: Walking Wake|81/100
|-activate|p2a: Walking Wake|move: Magma Storm|[of] p1a: Heatran
|
|-weather|SunnyDay|[upkeep]
|-damage|p2a: Walking Wake|69/100|[from] move: Magma Storm|[partiallytrapped]
|upkeep
|turn|7
|
|t:|1779701759
|switch|p1a: Keldeo|Keldeo-Resolute|100/100
|-terastallize|p2a: Walking Wake|Water
|move|p2a: Walking Wake|Hydro Steam|p1a: Keldeo
|-resisted|p1a: Keldeo
|-damage|p1a: Keldeo|31/100
|
|-weather|SunnyDay|[upkeep]
|-end|p2a: Walking Wake|Magma Storm|[partiallytrapped]|[silent]
|upkeep
|turn|8
|
|t:|1779701766
|move|p1a: Keldeo|Vacuum Wave|p2a: Walking Wake
|-damage|p2a: Walking Wake|34/100
|move|p2a: Walking Wake|Hydro Steam|p1a: Keldeo
|-resisted|p1a: Keldeo
|-damage|p1a: Keldeo|0 fnt
|faint|p1a: Keldeo
|
|-weather|SunnyDay|[upkeep]
|upkeep
|
|t:|1779701773
|switch|p1a: Tyranitar|Tyranitar, M|84/100
|-weather|Sandstorm|[from] ability: Sand Stream|[of] p1a: Tyranitar
|-end|p2a: Walking Wake|Protosynthesis
|turn|9
|
|t:|1779701779
|switch|p1a: Tornadus|Tornadus-Therian, M|100/100
|move|p2a: Walking Wake|Hydro Steam|p1a: Tornadus
|-damage|p1a: Tornadus|11/100
|
|-weather|Sandstorm|[upkeep]
|-damage|p1a: Tornadus|5/100|[from] Sandstorm
|-damage|p2a: Walking Wake|28/100|[from] Sandstorm
|upkeep
|turn|10
|
|t:|1779701787
|-end|p2a: Walking Wake|Protosynthesis|[silent]
|switch|p2a: Corviknight|Corviknight, M|54/100 brn
|-ability|p2a: Corviknight|Pressure
|move|p1a: Tornadus|U-turn|p2a: Corviknight
|-resisted|p2a: Corviknight
|-damage|p2a: Corviknight|52/100 brn
|
|t:|1779701798
|switch|p1a: Heatran|Heatran, M|100/100|[from] U-turn
|
|-weather|Sandstorm|[upkeep]
|-damage|p2a: Corviknight|46/100 brn|[from] brn
|upkeep
|turn|11
|
|t:|1779701803
|switch|p2a: Torkoal|Torkoal, M|100/100
|-weather|SunnyDay|[from] ability: Drought|[of] p2a: Torkoal
|move|p1a: Heatran|Stealth Rock|p2a: Torkoal
|-sidestart|p2: bodych0ke|move: Stealth Rock
|
|-weather|SunnyDay|[upkeep]
|upkeep
|turn|12
|
|t:|1779701810
|move|p1a: Heatran|Earth Power|p2a: Torkoal
|-supereffective|p2a: Torkoal
|-damage|p2a: Torkoal|32/100
|move|p2a: Torkoal|Rapid Spin|p1a: Heatran
|-resisted|p1a: Heatran
|-damage|p1a: Heatran|97/100
|-boost|p2a: Torkoal|spe|1
|-sideend|p2: bodych0ke|Stealth Rock|[from] move: Rapid Spin|[of] p2a: Torkoal
|
|-weather|SunnyDay|[upkeep]
|-heal|p1a: Heatran|100/100|[from] item: Leftovers
|upkeep
|turn|13
|inactive|hide on top10 has 120 seconds left.
|
|t:|1779701841
|switch|p2a: Dragonite|Dragonite, M|100/100
|move|p1a: Heatran|Magma Storm|p2a: Dragonite
|-resisted|p2a: Dragonite
|-damage|p2a: Dragonite|83/100
|-activate|p2a: Dragonite|move: Magma Storm|[of] p1a: Heatran
|
|-weather|SunnyDay|[upkeep]
|-damage|p2a: Dragonite|70/100|[from] move: Magma Storm|[partiallytrapped]
|upkeep
|turn|14
|inactive|hide on top10 has 120 seconds left.
|
|t:|1779701855
|-terastallize|p1a: Heatran|Flying
|move|p2a: Dragonite|Earthquake|p1a: Heatran
|-immune|p1a: Heatran
|move|p1a: Heatran|Taunt|p2a: Dragonite
|-start|p2a: Dragonite|move: Taunt
|
|-weather|SunnyDay|[upkeep]
|-damage|p2a: Dragonite|58/100|[from] move: Magma Storm|[partiallytrapped]
|upkeep
|turn|15
|
|t:|1779701861
|move|p2a: Dragonite|Extreme Speed|p1a: Heatran
|-damage|p1a: Heatran|74/100
|move|p1a: Heatran|Stealth Rock|p2a: Dragonite
|-sidestart|p2: bodych0ke|move: Stealth Rock
|
|-weather|SunnyDay|[upkeep]
|-heal|p1a: Heatran|80/100|[from] item: Leftovers
|-damage|p2a: Dragonite|45/100|[from] move: Magma Storm|[partiallytrapped]
|upkeep
|turn|16
|
|t:|1779701868
|move|p2a: Dragonite|Extreme Speed|p1a: Heatran
|-damage|p1a: Heatran|54/100
|move|p1a: Heatran|Magma Storm|p2a: Dragonite
|-resisted|p2a: Dragonite
|-damage|p2a: Dragonite|10/100
|
|-weather|SunnyDay|[upkeep]
|-heal|p1a: Heatran|61/100|[from] item: Leftovers
|-damage|p2a: Dragonite|0 fnt|[from] move: Magma Storm|[partiallytrapped]
|faint|p2a: Dragonite
|upkeep
|
|t:|1779701886
|switch|p2a: Walking Wake|Walking Wake, tera:Water|28/100
|-damage|p2a: Walking Wake|16/100|[from] Stealth Rock
|-activate|p2a: Walking Wake|ability: Protosynthesis
|-start|p2a: Walking Wake|protosynthesisspe
|turn|17
|inactive|hide on top10 has 120 seconds left.
|
|t:|1779701926
|switch|p1a: Tyranitar|Tyranitar, M|84/100
|-weather|Sandstorm|[from] ability: Sand Stream|[of] p1a: Tyranitar
|-end|p2a: Walking Wake|Protosynthesis
|move|p2a: Walking Wake|Hydro Steam|p1a: Tyranitar
|-supereffective|p1a: Tyranitar
|-damage|p1a: Tyranitar|0 fnt
|faint|p1a: Tyranitar
|
|-weather|Sandstorm|[upkeep]
|-damage|p2a: Walking Wake|10/100|[from] Sandstorm
|upkeep
|
|t:|1779701935
|switch|p1a: Excadrill|Excadrill, M|100/100
|-item|p1a: Excadrill|Air Balloon
|turn|18
|
|t:|1779701946
|move|p1a: Excadrill|Rapid Spin|p2a: Walking Wake
|-damage|p2a: Walking Wake|0 fnt
|-boost|p1a: Excadrill|spe|1
|faint|p2a: Walking Wake
|-end|p2a: Walking Wake|Protosynthesis|[silent]
|
|-weather|Sandstorm|[upkeep]
|upkeep
|
|t:|1779701956
|switch|p2a: Corviknight|Corviknight, M|46/100 brn
|-damage|p2a: Corviknight|33/100 brn|[from] Stealth Rock
|-ability|p2a: Corviknight|Pressure
|turn|19
|
|t:|1779701960
|move|p1a: Excadrill|Swords Dance|p1a: Excadrill
|-boost|p1a: Excadrill|atk|2
|move|p2a: Corviknight|Body Press|p1a: Excadrill
|-supereffective|p1a: Excadrill
|-damage|p1a: Excadrill|63/100
|-enditem|p1a: Excadrill|Air Balloon
|
|-weather|Sandstorm|[upkeep]
|-damage|p2a: Corviknight|27/100 brn|[from] brn
|upkeep
|turn|20
|inactive|hide on top10 has 120 seconds left.
|
|t:|1779701977
|move|p1a: Excadrill|Iron Head|p2a: Corviknight
|-resisted|p2a: Corviknight
|-damage|p2a: Corviknight|0 fnt
|faint|p2a: Corviknight
|
|-weather|Sandstorm|[upkeep]
|upkeep
|
|t:|1779701991
|switch|p2a: Ceruledge|Ceruledge, M|100/100
|-damage|p2a: Ceruledge|76/100|[from] Stealth Rock
|turn|21
|
|t:|1779701997
|move|p1a: Excadrill|Earthquake|p2a: Ceruledge
|-supereffective|p2a: Ceruledge
|-damage|p2a: Ceruledge|0 fnt
|faint|p2a: Ceruledge
|
|-weather|none
|upkeep
|
|t:|1779702001
|switch|p2a: Torkoal|Torkoal, M|32/100
|-damage|p2a: Torkoal|7/100|[from] Stealth Rock
|-weather|SunnyDay|[from] ability: Drought|[of] p2a: Torkoal
|turn|22
|
|t:|1779702005
|move|p1a: Excadrill|Rapid Spin|p2a: Torkoal
|-damage|p2a: Torkoal|0 fnt
|-boost|p1a: Excadrill|spe|1
|faint|p2a: Torkoal
|
|-weather|SunnyDay|[upkeep]
|upkeep
|
|t:|1779702006
|switch|p2a: Raging Bolt|Raging Bolt|89/100
|-damage|p2a: Raging Bolt|77/100|[from] Stealth Rock
|-activate|p2a: Raging Bolt|ability: Protosynthesis
|-start|p2a: Raging Bolt|protosynthesisspa
|turn|23
|-message|bodych0ke forfeited.
|
|win|hide on top10
|raw|hide on top10's rating: 1589 &rarr; <strong>1601</strong><br />(+12 for winning)
|raw|bodych0ke's rating: 1446 &rarr; <strong>1434</strong><br />(-12 for losing)
|l|☆bodych0ke
|player|p2|
|l|☆hide on top10
|player|p1|
