|j|☆Garchompah
|j|☆MamiMamiMami
|t:|1779651687
|gametype|singles
|player|p1|Garchompah|acetrainersnowf|1364
|player|p2|MamiMamiMami|266|1396
|gen|9
|tier|[Gen 9] OU
|rated|
|rule|HP Percentage Mod: HP is shown in percentages
|rule|Endless Battle Clause: Forcing endless battles is banned
|rule|Species Clause: Limit one of each Pokémon
|rule|OHKO Clause: OHKO moves are banned
|rule|Evasion Items Clause: Evasion items are banned
|rule|Evasion Moves Clause: Evasion moves are banned
|rule|Evasion Abilities Clause: Evasion abilities are banned
|rule|Sleep Moves Clause: Sleep-inducing moves are banned
|clearpoke
|poke|p1|Raging Bolt|
|poke|p1|Hatterene, F|
|poke|p1|Iron Hands|
|poke|p1|Pelipper, M|
|poke|p1|Samurott-Hisui, M|
|poke|p1|Bronzong|
|poke|p2|Kingambit, M|
|poke|p2|Great Tusk|
|poke|p2|Enamorus, F|
|poke|p2|Darkrai|
|poke|p2|Dragonite, M|
|poke|p2|Pecharunt|
|teampreview
|inactive|Battle timer is ON: inactive players will automatically lose when time's up. (requested by Garchompah)
|
|t:|1779651736
|teamsize|p1|6
|teamsize|p2|6
|start
|switch|p1a: Bronzong|Bronzong|100/100
|switch|p2a: Enamorus|Enamorus, F|100/100
|turn|1
|
|t:|1779651748
|move|p2a: Enamorus|Mystical Fire|p1a: Bronzong
|-supereffective|p1a: Bronzong
|-damage|p1a: Bronzong|51/100
|-unboost|p1a: Bronzong|spa|1
|move|p1a: Bronzong|Stealth Rock|p2a: Enamorus
|-sidestart|p2: MamiMamiMami|move: Stealth Rock
|
|upkeep
|turn|2
|
|t:|1779651772
|move|p2a: Enamorus|Mystical Fire|p1a: Bronzong
|-supereffective|p1a: Bronzong
|-damage|p1a: Bronzong|0 fnt
|faint|p1a: Bronzong
|
|upkeep
|
|t:|1779651793
|switch|p1a: Hatterene|Hatterene, F|100/100
|turn|3
|
|t:|1779651803
|switch|p2a: Pecharunt|Pecharunt|100/100
|move|p1a: Hatterene|Future Sight|p2a: Pecharunt
|-start|p1a: Hatterene|move: Future Sight
|
|upkeep
|turn|4
|
|t:|1779651816
|switch|p2a: Kingambit|Kingambit, M|100/100
|-damage|p2a: Kingambit|94/100|[from] Stealth Rock
|switch|p1a: Samurott|Samurott-Hisui, M|100/100
|
|upkeep
|turn|5
|
|t:|1779651840
|move|p1a: Samurott|Ceaseless Edge|p2a: Kingambit
|-resisted|p2a: Kingambit
|-damage|p2a: Kingambit|77/100
|-sidestart|p2: MamiMamiMami|Spikes
|move|p2a: Kingambit|Iron Head|p1a: Samurott
|-resisted|p1a: Samurott
|-crit|p1a: Samurott
|-damage|p1a: Samurott|54/100
|
|-end|p2a: Kingambit|move: Future Sight
|-immune|p2a: Kingambit
|upkeep
|turn|6
|inactive|MamiMamiMami has 120 seconds left.
|
|t:|1779651868
|-end|p2a: Kingambit|fallenundefined|[silent]
|switch|p2a: Great Tusk|Great Tusk|100/100
|move|p1a: Samurott|Ceaseless Edge|p2a: Great Tusk
|-resisted|p2a: Great Tusk
|-damage|p2a: Great Tusk|84/100
|-sidestart|p2: MamiMamiMami|Spikes
|
|upkeep
|turn|7
|inactive|MamiMamiMami has 120 seconds left.
|
|t:|1779651884
|-terastallize|p1a: Samurott|Ghost
|move|p2a: Great Tusk|Headlong Rush|p1a: Samurott
|-damage|p1a: Samurott|0 fnt
|-unboost|p2a: Great Tusk|def|1
|-unboost|p2a: Great Tusk|spd|1
|faint|p1a: Samurott
|
|upkeep
|
|t:|1779651893
|switch|p1a: Hatterene|Hatterene, F|100/100
|turn|8
|
|t:|1779651901
|-terastallize|p2a: Great Tusk|Steel
|move|p2a: Great Tusk|Rapid Spin|p1a: Hatterene
|-damage|p1a: Hatterene|83/100
|-boost|p2a: Great Tusk|spe|1
|-sideend|p2: MamiMamiMami|Spikes|[from] move: Rapid Spin|[of] p2a: Great Tusk
|-sideend|p2: MamiMamiMami|Stealth Rock|[from] move: Rapid Spin|[of] p2a: Great Tusk
|-enditem|p1a: Hatterene|Red Card|[of] p2a: Great Tusk
|-end|p2a: Great Tusk|Protosynthesis|[silent]
|drag|p2a: Pecharunt|Pecharunt|100/100
|move|p1a: Hatterene|Trick Room|p1a: Hatterene
|-fieldstart|move: Trick Room|[of] p1a: Hatterene
|
|upkeep
|turn|9
|
|t:|1779651917
|switch|p1a: Pelipper|Pelipper, M, shiny|100/100
|-weather|RainDance|[from] ability: Drizzle|[of] p1a: Pelipper
|move|p2a: Pecharunt|Malignant Chain|p1a: Pelipper
|-damage|p1a: Pelipper|58/100
|-status|p1a: Pelipper|tox
|-start|p1a: Pelipper|confusion|[from] ability: Poison Puppeteer|[of] p2a: Pecharunt
|
|-weather|RainDance|[upkeep]
|-damage|p1a: Pelipper|51/100 tox|[from] psn
|upkeep
|turn|10
|inactive|MamiMamiMami has 120 seconds left.
|
|t:|1779651939
|-activate|p1a: Pelipper|confusion
|move|p1a: Pelipper|U-turn|p2a: Pecharunt
|-resisted|p2a: Pecharunt
|-damage|p2a: Pecharunt|99/100
|
|t:|1779651941
|switch|p1a: Raging Bolt|Raging Bolt|100/100|[from] U-turn
|-enditem|p1a: Raging Bolt|Booster Energy
|-activate|p1a: Raging Bolt|ability: Protosynthesis|[fromitem]
|-start|p1a: Raging Bolt|protosynthesisspa
|move|p2a: Pecharunt|Parting Shot|p1a: Raging Bolt
|-unboost|p1a: Raging Bolt|atk|1
|-unboost|p1a: Raging Bolt|spa|1
|
|t:|1779651949
|switch|p2a: Enamorus|Enamorus, F|100/100|[from] Parting Shot
|
|-weather|RainDance|[upkeep]
|upkeep
|turn|11
|
|t:|1779651955
|move|p1a: Raging Bolt|Thunderbolt|p2a: Enamorus
|-supereffective|p2a: Enamorus
|-damage|p2a: Enamorus|0 fnt
|faint|p2a: Enamorus
|
|-weather|RainDance|[upkeep]
|upkeep
|
|t:|1779651969
|switch|p2a: Dragonite|Dragonite, M|100/100
|turn|12
|
|t:|1779651976
|move|p1a: Raging Bolt|Draco Meteor|p2a: Dragonite
|-supereffective|p2a: Dragonite
|-damage|p2a: Dragonite|26/100
|-unboost|p1a: Raging Bolt|spa|2
|move|p2a: Dragonite|Earthquake|p1a: Raging Bolt
|-supereffective|p1a: Raging Bolt
|-damage|p1a: Raging Bolt|41/100
|
|-weather|RainDance|[upkeep]
|-fieldend|move: Trick Room
|upkeep
|turn|13
|
|t:|1779651994
|-end|p1a: Raging Bolt|Protosynthesis|[silent]
|switch|p1a: Pelipper|Pelipper, M, shiny|51/100 tox
|move|p2a: Dragonite|Extreme Speed|p1a: Pelipper
|-damage|p1a: Pelipper|21/100 tox
|
|-weather|none
|-damage|p1a: Pelipper|15/100 tox|[from] psn
|upkeep
|turn|14
|
|t:|1779652009
|move|p2a: Dragonite|Extreme Speed|p1a: Pelipper
|-damage|p1a: Pelipper|0 fnt
|faint|p1a: Pelipper
|
|upkeep
|
|t:|1779652012
|switch|p1a: Hatterene|Hatterene, F|83/100
|turn|15
|
|t:|1779652026
|move|p2a: Dragonite|Dragon Dance|p2a: Dragonite
|-boost|p2a: Dragonite|atk|1
|-boost|p2a: Dragonite|spe|1
|move|p1a: Hatterene|Trick Room|p1a: Hatterene
|-fieldstart|move: Trick Room|[of] p1a: Hatterene
|
|upkeep
|turn|16
|
|t:|1779652054
|move|p2a: Dragonite|Extreme Speed|p1a: Hatterene
|-crit|p1a: Hatterene
|-damage|p1a: Hatterene|11/100
|move|p1a: Hatterene|Psychic Noise|p2a: Dragonite
|-damage|p2a: Dragonite|0 fnt
|faint|p2a: Dragonite
|
|upkeep
|
|t:|1779652066
|switch|p2a: Great Tusk|Great Tusk, tera:Steel|84/100
|turn|17
|
|t:|1779652073
|move|p1a: Hatterene|Healing Wish|p1a: Hatterene
|faint|p1a: Hatterene
|move|p2a: Great Tusk|Ice Spinner|p1: Hatterene|[notarget]
|-fail|p2a: Great Tusk
|
|upkeep
|
|t:|1779652076
|switch|p1a: Iron Hands|Iron Hands|100/100
|-enditem|p1a: Iron Hands|Booster Energy
|-activate|p1a: Iron Hands|ability: Quark Drive|[fromitem]
|-start|p1a: Iron Hands|quarkdriveatk
|turn|18
|
|t:|1779652090
|-end|p2a: Great Tusk|Protosynthesis|[silent]
|switch|p2a: Kingambit|Kingambit, M|77/100
|-activate|p2a: Kingambit|ability: Supreme Overlord
|-start|p2a: Kingambit|fallen2|[silent]
|move|p1a: Iron Hands|Close Combat|p2a: Kingambit
|-supereffective|p2a: Kingambit
|-damage|p2a: Kingambit|0 fnt
|-unboost|p1a: Iron Hands|def|1
|-unboost|p1a: Iron Hands|spd|1
|faint|p2a: Kingambit
|-end|p2a: Kingambit|fallen2|[silent]
|
|upkeep
|
|t:|1779652100
|switch|p2a: Pecharunt|Pecharunt|99/100
|turn|19
|
|t:|1779652113
|-end|p1a: Iron Hands|Quark Drive|[silent]
|switch|p1a: Raging Bolt|Raging Bolt|41/100
|-heal|p1a: Raging Bolt|100/100|[from] move: Healing Wish
|move|p2a: Pecharunt|Malignant Chain|p1a: Raging Bolt
|-damage|p1a: Raging Bolt|76/100
|
|-fieldend|move: Trick Room
|upkeep
|turn|20
|
|t:|1779652123
|move|p2a: Pecharunt|Parting Shot|p1a: Raging Bolt
|-unboost|p1a: Raging Bolt|atk|1
|-unboost|p1a: Raging Bolt|spa|1
|
|t:|1779652127
|switch|p2a: Great Tusk|Great Tusk, tera:Steel|84/100|[from] Parting Shot
|move|p1a: Raging Bolt|Thunderbolt|p2a: Great Tusk
|-damage|p2a: Great Tusk|29/100
|-status|p2a: Great Tusk|par
|
|upkeep
|turn|21
|
|t:|1779652136
|move|p1a: Raging Bolt|Thunderbolt|p2a: Great Tusk
|-damage|p2a: Great Tusk|0 fnt
|faint|p2a: Great Tusk
|-end|p2a: Great Tusk|Protosynthesis|[silent]
|
|upkeep
|
|t:|1779652141
|switch|p2a: Darkrai|Darkrai|100/100
|turn|22
|
|t:|1779652151
|move|p2a: Darkrai|Ice Beam|p1a: Raging Bolt
|-supereffective|p1a: Raging Bolt
|-damage|p1a: Raging Bolt|2/100
|-status|p1a: Raging Bolt|frz
|-damage|p2a: Darkrai|91/100|[from] item: Life Orb
|cant|p1a: Raging Bolt|frz
|
|upkeep
|turn|23
|inactive|MamiMamiMami has 120 seconds left.
|
|t:|1779652182
|cant|p1a: Raging Bolt|frz
|move|p2a: Darkrai|Ice Beam|p1a: Raging Bolt
|-supereffective|p1a: Raging Bolt
|-damage|p1a: Raging Bolt|0 fnt
|faint|p1a: Raging Bolt
|-end|p1a: Raging Bolt|Protosynthesis|[silent]
|-damage|p2a: Darkrai|81/100|[from] item: Life Orb
|
|upkeep
|
|t:|1779652185
|switch|p1a: Iron Hands|Iron Hands|100/100
|turn|24
|
|t:|1779652201
|switch|p2a: Pecharunt|Pecharunt|99/100
|move|p1a: Iron Hands|Swords Dance|p1a: Iron Hands
|-boost|p1a: Iron Hands|atk|2
|
|upkeep
|turn|25
|
|t:|1779652211
|move|p2a: Pecharunt|Malignant Chain|p1a: Iron Hands
|-damage|p1a: Iron Hands|72/100
|move|p1a: Iron Hands|Wild Charge|p2a: Pecharunt
|-damage|p2a: Pecharunt|47/100
|-damage|p1a: Iron Hands|61/100|[from] Recoil
|
|upkeep
|turn|26
|
|t:|1779652229
|move|p2a: Pecharunt|Recover|p2a: Pecharunt
|-heal|p2a: Pecharunt|97/100
|move|p1a: Iron Hands|Wild Charge|p2a: Pecharunt
|-damage|p2a: Pecharunt|50/100
|-damage|p1a: Iron Hands|51/100|[from] Recoil
|
|upkeep
|turn|27
|
|t:|1779652236
|move|p2a: Pecharunt|Recover|p2a: Pecharunt
|-heal|p2a: Pecharunt|99/100
|move|p1a: Iron Hands|Swords Dance|p1a: Iron Hands
|-boost|p1a: Iron Hands|atk|2
|
|upkeep
|turn|28
|
|t:|1779652245
|move|p2a: Pecharunt|Malignant Chain|p1a: Iron Hands
|-damage|p1a: Iron Hands|23/100
|move|p1a: Iron Hands|Swords Dance|p1a: Iron Hands
|-boost|p1a: Iron Hands|atk|2
|
|upkeep
|turn|29
|
|t:|1779652256
|move|p2a: Pecharunt|Malignant Chain|p1a: Iron Hands
|-damage|p1a: Iron Hands|0 fnt
|faint|p1a: Iron Hands
|-end|p1a: Iron Hands|Quark Drive|[silent]
|
|win|MamiMamiMami
|raw|Garchompah's rating: 1364 &rarr; <strong>1346</strong><br />(-18 for losing)
|raw|MamiMamiMami's rating: 1396 &rarr; <strong>1414</strong><br />(+18 for winning)
|c|☆Garchompah|gg
