|j|☆ykurryt
|j|☆dragonfist666
|t:|1779605300
|gametype|singles
|player|p1|ykurryt|2|1076
|player|p2|dragonfist666|ethan|1172
|gen|9
|tier|[Gen 9] OU
|rated|
|rule|HP Percentage Mod: HP is shown in percentages
|rule|Endless Battle Clause: Forcing endless battles is banned
|rule|Species Clause: Limit one of each Pokémon
|rule|OHKO Clause: OHKO moves are banned
|rule|Evasion Items Clause: Evasion items are banned
|rule|Evasion Moves Clause: Evasion moves are banned
|rule|Evasion Abilities Clause: Evasion abilities are banned
|rule|Sleep Moves Clause: Sleep-inducing moves are banned
|clearpoke
|poke|p1|Glimmora, F|
|poke|p1|Ceruledge, M|
|poke|p1|Samurott-Hisui, F|
|poke|p1|Dragonite, M|
|poke|p1|Iron Valiant|
|poke|p1|Pawmot, F|
|poke|p2|Infernape, F|
|poke|p2|Rillaboom, M|
|poke|p2|Munkidori, M|
|poke|p2|Vigoroth, M|
|poke|p2|Passimian, F|
|poke|p2|Grafaiai, M|
|teampreview
|inactive|Battle timer is ON: inactive players will automatically lose when time's up. (requested by dragonfist666)
|
|t:|1779605310
|teamsize|p1|6
|teamsize|p2|6
|start
|switch|p1a: Glimmora|Glimmora, F|100/100
|switch|p2a: Grafaiai|Grafaiai, M|100/100
|turn|1
|
|t:|1779605323
|move|p2a: Grafaiai|Taunt|p1a: Glimmora
|-start|p1a: Glimmora|move: Taunt
|cant|p1a: Glimmora|move: Taunt|Spikes
|
|upkeep
|turn|2
|
|t:|1779605333
|move|p2a: Grafaiai|Parting Shot|p1a: Glimmora
|-unboost|p1a: Glimmora|atk|1
|-unboost|p1a: Glimmora|spa|1
|
|t:|1779605340
|switch|p2a: Munkidori|Munkidori, M|100/100|[from] Parting Shot
|move|p1a: Glimmora|Explosion|p2a: Munkidori
|-damage|p2a: Munkidori|72/100
|faint|p1a: Glimmora
|
|upkeep
|
|t:|1779605363
|switch|p1a: Ceruledge|Ceruledge, M|100/100
|turn|3
|
|t:|1779605375
|move|p1a: Ceruledge|Bitter Blade|p2a: Munkidori
|-damage|p2a: Munkidori|19/100
|move|p2a: Munkidori|Hex|p1a: Ceruledge
|-supereffective|p1a: Ceruledge
|-damage|p1a: Ceruledge|50/100
|
|upkeep
|turn|4
|
|t:|1779605382
|move|p1a: Ceruledge|Bitter Blade|p2a: Munkidori
|-damage|p2a: Munkidori|0 fnt
|-heal|p1a: Ceruledge|61/100|[from] drain|[of] p2a: Munkidori
|faint|p2a: Munkidori
|
|upkeep
|
|t:|1779605386
|switch|p2a: Passimian|Passimian, F|100/100
|turn|5
|
|t:|1779605395
|move|p1a: Ceruledge|Bitter Blade|p2a: Passimian
|-damage|p2a: Passimian|59/100
|-heal|p1a: Ceruledge|85/100|[from] drain|[of] p2a: Passimian
|move|p2a: Passimian|Knock Off|p1a: Ceruledge
|-supereffective|p1a: Ceruledge
|-damage|p1a: Ceruledge|0 fnt
|-enditem|p1a: Ceruledge|Focus Sash|[from] move: Knock Off|[of] p2a: Passimian
|faint|p1a: Ceruledge
|
|upkeep
|
|t:|1779605422
|switch|p1a: Iron Valiant|Iron Valiant|100/100
|-enditem|p1a: Iron Valiant|Booster Energy
|-activate|p1a: Iron Valiant|ability: Quark Drive|[fromitem]
|-start|p1a: Iron Valiant|quarkdrivespe
|turn|6
|
|t:|1779605437
|-terastallize|p2a: Passimian|Ghost
|move|p1a: Iron Valiant|Moonblast|p2a: Passimian
|-damage|p2a: Passimian|13/100
|move|p2a: Passimian|Earthquake|p1a: Iron Valiant
|-damage|p1a: Iron Valiant|57/100
|
|upkeep
|turn|7
|
|t:|1779605451
|move|p1a: Iron Valiant|Thunderbolt|p2a: Passimian
|-damage|p2a: Passimian|0 fnt
|faint|p2a: Passimian
|
|upkeep
|
|t:|1779605456
|switch|p2a: Grafaiai|Grafaiai, M|100/100
|turn|8
|
|t:|1779605462
|-end|p1a: Iron Valiant|Quark Drive|[silent]
|switch|p1a: Pawmot|Pawmot, F|100/100
|move|p2a: Grafaiai|Parting Shot|p1a: Pawmot
|-unboost|p1a: Pawmot|atk|1
|-unboost|p1a: Pawmot|spa|1
|
|t:|1779605471
|switch|p2a: Rillaboom|Rillaboom, M|100/100|[from] Parting Shot
|-fieldstart|move: Grassy Terrain|[from] ability: Grassy Surge|[of] p2a: Rillaboom
|
|upkeep
|turn|9
|
|t:|1779605481
|move|p1a: Pawmot|Revival Blessing|p1a: Pawmot
|-enditem|p1a: Pawmot|Leppa Berry|[eat]
|-activate|p1a: Pawmot|item: Leppa Berry|Revival Blessing|[consumed]
|
|t:|1779605486
|-heal|p1: Ceruledge|50/100|[from] move: Revival Blessing
|move|p2a: Rillaboom|Drum Beating|p1a: Pawmot
|-damage|p1a: Pawmot|19/100
|-unboost|p1a: Pawmot|spe|1
|
|-heal|p1a: Pawmot|25/100|[from] Grassy Terrain
|upkeep
|turn|10
|
|t:|1779605502
|move|p2a: Rillaboom|Grassy Glide|p1a: Pawmot
|-damage|p1a: Pawmot|0 fnt
|faint|p1a: Pawmot
|
|upkeep
|
|t:|1779605514
|switch|p1a: Ceruledge|Ceruledge, M|50/100
|turn|11
|
|t:|1779605518
|move|p1a: Ceruledge|Bitter Blade|p2a: Rillaboom
|-supereffective|p2a: Rillaboom
|-damage|p2a: Rillaboom|30/100
|-heal|p1a: Ceruledge|92/100|[from] drain|[of] p2a: Rillaboom
|move|p2a: Rillaboom|Knock Off|p1a: Ceruledge
|-supereffective|p1a: Ceruledge
|-damage|p1a: Ceruledge|25/100
|-ability|p1a: Ceruledge|Weak Armor|boost
|-unboost|p1a: Ceruledge|def|1
|-boost|p1a: Ceruledge|spe|2
|
|-heal|p1a: Ceruledge|32/100|[from] Grassy Terrain
|-heal|p2a: Rillaboom|36/100|[from] Grassy Terrain
|upkeep
|turn|12
|
|t:|1779605531
|move|p2a: Rillaboom|Grassy Glide|p1a: Ceruledge
|-resisted|p1a: Ceruledge
|-damage|p1a: Ceruledge|0 fnt
|faint|p1a: Ceruledge
|
|-heal|p2a: Rillaboom|42/100|[from] Grassy Terrain
|-fieldend|move: Grassy Terrain
|upkeep
|
|t:|1779605540
|switch|p1a: Dragonite|Dragonite, M|100/100
|turn|13
|
|t:|1779605548
|switch|p2a: Grafaiai|Grafaiai, M|100/100
|move|p1a: Dragonite|Ice Spinner|p2a: Grafaiai
|-damage|p2a: Grafaiai|62/100
|
|upkeep
|turn|14
|
|t:|1779605556
|move|p2a: Grafaiai|Taunt|p1a: Dragonite
|-start|p1a: Dragonite|move: Taunt
|move|p1a: Dragonite|Earthquake|p2a: Grafaiai
|-supereffective|p2a: Grafaiai
|-damage|p2a: Grafaiai|0 fnt
|faint|p2a: Grafaiai
|
|upkeep
|
|t:|1779605564
|switch|p2a: Vigoroth|Vigoroth, M|100/100
|turn|15
|
|t:|1779605575
|move|p1a: Dragonite|Extreme Speed|p2a: Vigoroth
|-damage|p2a: Vigoroth|71/100
|move|p2a: Vigoroth|Play Rough|p1a: Dragonite
|-supereffective|p1a: Dragonite
|-damage|p1a: Dragonite|74/100
|
|upkeep
|turn|16
|
|t:|1779605584
|-terastallize|p1a: Dragonite|Normal
|move|p1a: Dragonite|Extreme Speed|p2a: Vigoroth
|-damage|p2a: Vigoroth|30/100
|move|p2a: Vigoroth|Play Rough|p1a: Dragonite
|-damage|p1a: Dragonite|48/100
|
|-end|p1a: Dragonite|move: Taunt
|upkeep
|turn|17
|
|t:|1779605596
|move|p1a: Dragonite|Dragon Dance|p1a: Dragonite
|-boost|p1a: Dragonite|atk|1
|-boost|p1a: Dragonite|spe|1
|move|p2a: Vigoroth|Drain Punch|p1a: Dragonite
|-supereffective|p1a: Dragonite
|-damage|p1a: Dragonite|6/100
|-heal|p2a: Vigoroth|53/100|[from] drain|[of] p1a: Dragonite
|
|upkeep
|turn|18
|
|t:|1779605605
|move|p1a: Dragonite|Extreme Speed|p2a: Vigoroth
|-damage|p2a: Vigoroth|0 fnt
|faint|p2a: Vigoroth
|
|upkeep
|
|t:|1779605610
|switch|p2a: Infernape|Infernape, F|100/100
|turn|19
|
|t:|1779605624
|move|p2a: Infernape|Mach Punch|p1a: Dragonite
|-supereffective|p1a: Dragonite
|-damage|p1a: Dragonite|0 fnt
|faint|p1a: Dragonite
|
|upkeep
|
|t:|1779605631
|switch|p1a: Iron Valiant|Iron Valiant|57/100
|turn|20
|
|t:|1779605637
|move|p1a: Iron Valiant|Drain Punch|p2a: Infernape
|-damage|p2a: Infernape|70/100
|-heal|p1a: Iron Valiant|72/100|[from] drain|[of] p2a: Infernape
|move|p2a: Infernape|Fire Punch|p1a: Iron Valiant
|-damage|p1a: Iron Valiant|20/100
|-status|p1a: Iron Valiant|brn
|
|-damage|p1a: Iron Valiant|14/100 brn|[from] brn
|upkeep
|turn|21
|
|t:|1779605650
|move|p1a: Iron Valiant|Drain Punch|p2a: Infernape
|-damage|p2a: Infernape|54/100
|-heal|p1a: Iron Valiant|22/100 brn|[from] drain|[of] p2a: Infernape
|move|p2a: Infernape|Flame Charge|p1a: Iron Valiant
|-damage|p1a: Iron Valiant|0 fnt
|-boost|p2a: Infernape|spe|1
|faint|p1a: Iron Valiant
|-end|p1a: Iron Valiant|Quark Drive|[silent]
|
|upkeep
|
|t:|1779605661
|switch|p1a: Samurott|Samurott-Hisui, F|100/100
|turn|22
|
|t:|1779605670
|move|p2a: Infernape|Thunder Punch|p1a: Samurott
|-supereffective|p1a: Samurott
|-damage|p1a: Samurott|26/100
|move|p1a: Samurott|Razor Shell|p2a: Infernape
|-supereffective|p2a: Infernape
|-damage|p2a: Infernape|0 fnt
|faint|p2a: Infernape
|
|upkeep
|
|t:|1779605676
|switch|p2a: Rillaboom|Rillaboom, M|42/100
|-fieldstart|move: Grassy Terrain|[from] ability: Grassy Surge|[of] p2a: Rillaboom
|turn|23
|
|t:|1779605688
|move|p2a: Rillaboom|Grassy Glide|p1a: Samurott
|-supereffective|p1a: Samurott
|-damage|p1a: Samurott|0 fnt
|faint|p1a: Samurott
|
|win|dragonfist666
|raw|ykurryt's rating: 1076 &rarr; <strong>1060</strong><br />(-16 for losing)
|raw|dragonfist666's rating: 1172 &rarr; <strong>1190</strong><br />(+18 for winning)
|c|☆dragonfist666|gg
|l|☆dragonfist666
|player|p2|
|l|☆ykurryt
|player|p1|
