|j|☆FiiFiFoFum
|j|☆RobustLoki
|t:|1779686540
|gametype|singles
|player|p1|FiiFiFoFum|erika-gen1rb|1570
|player|p2|RobustLoki|lance|1629
|gen|9
|tier|[Gen 9] OU
|rated|
|rule|HP Percentage Mod: HP is shown in percentages
|rule|Endless Battle Clause: Forcing endless battles is banned
|rule|Species Clause: Limit one of each Pokémon
|rule|OHKO Clause: OHKO moves are banned
|rule|Evasion Items Clause: Evasion items are banned
|rule|Evasion Moves Clause: Evasion moves are banned
|rule|Evasion Abilities Clause: Evasion abilities are banned
|rule|Sleep Moves Clause: Sleep-inducing moves are banned
|clearpoke
|poke|p1|Scizor, F|
|poke|p1|Samurott-Hisui, F|
|poke|p1|Gholdengo|
|poke|p1|Landorus-Therian, M|
|poke|p1|Great Tusk|
|poke|p1|Raging Bolt|
|poke|p2|Ninetales-Alola, M|
|poke|p2|Ceruledge, F|
|poke|p2|Gliscor, M|
|poke|p2|Hatterene, F|
|poke|p2|Farigiraf, M|
|poke|p2|Ditto|
|teampreview
|inactive|Battle timer is ON: inactive players will automatically lose when time's up. (requested by FiiFiFoFum)
|
|t:|1779686565
|teamsize|p1|6
|teamsize|p2|6
|start
|switch|p1a: Gholdengo|Gholdengo|100/100
|switch|p2a: Ninetales|Ninetales-Alola, M|100/100
|-weather|Snowscape|[from] ability: Snow Warning|[of] p2a: Ninetales
|turn|1
|
|t:|1779686568
|switch|p2a: Ditto|Ditto|100/100
|-transform|p2a: Ditto|p1a: Gholdengo|[from] ability: Imposter
|move|p1a: Gholdengo|Make It Rain|p2a: Ditto
|-resisted|p2a: Ditto
|-damage|p2a: Ditto|61/100
|-unboost|p1a: Gholdengo|spa|1
|
|-weather|Snowscape|[upkeep]
|upkeep
|turn|2
|
|t:|1779686571
|switch|p1a: Samurott|Samurott-Hisui, F|100/100
|switch|p2a: Ninetales|Ninetales-Alola, M|100/100
|
|-weather|Snowscape|[upkeep]
|upkeep
|turn|3
|
|t:|1779686573
|move|p2a: Ninetales|Aurora Veil|p2a: Ninetales
|-sidestart|p2: RobustLoki|move: Aurora Veil
|move|p1a: Samurott|Knock Off|p2a: Ninetales
|-resisted|p2a: Ninetales
|-damage|p2a: Ninetales|92/100
|-enditem|p2a: Ninetales|Light Clay|[from] move: Knock Off|[of] p1a: Samurott
|
|-weather|Snowscape|[upkeep]
|upkeep
|turn|4
|
|t:|1779686580
|switch|p1a: Gholdengo|Gholdengo|100/100
|move|p2a: Ninetales|Encore|p1a: Gholdengo
|-immune|p1a: Gholdengo|[from] ability: Good as Gold
|
|-weather|Snowscape|[upkeep]
|upkeep
|turn|5
|
|t:|1779686585
|switch|p2a: Ditto|Ditto|61/100
|-transform|p2a: Ditto|p1a: Gholdengo|[from] ability: Imposter
|move|p1a: Gholdengo|Shadow Ball|p2a: Ditto
|-supereffective|p2a: Ditto
|-damage|p2a: Ditto|12/100
|
|-weather|none
|upkeep
|turn|6
|
|t:|1779686591
|switch|p1a: Samurott|Samurott-Hisui, F|100/100
|move|p2a: Ditto|Shadow Ball|p1a: Samurott
|-resisted|p1a: Samurott
|-damage|p1a: Samurott|85/100
|
|upkeep
|turn|7
|
|t:|1779686594
|move|p2a: Ditto|Focus Blast|p1a: Samurott|[miss]
|-miss|p2a: Ditto|p1a: Samurott
|move|p1a: Samurott|Ceaseless Edge|p2a: Ditto
|-supereffective|p2a: Ditto
|-damage|p2a: Ditto|0 fnt
|-sidestart|p2: RobustLoki|Spikes
|faint|p2a: Ditto
|
|upkeep
|
|t:|1779686603
|switch|p2a: Idle Death Gamble|Farigiraf, M|100/100
|-damage|p2a: Idle Death Gamble|88/100|[from] Spikes
|turn|8
|
|t:|1779686606
|move|p1a: Samurott|Knock Off|p2a: Idle Death Gamble
|-supereffective|p2a: Idle Death Gamble
|-damage|p2a: Idle Death Gamble|41/100
|-enditem|p2a: Idle Death Gamble|Weakness Policy
|-boost|p2a: Idle Death Gamble|atk|2|[from] item: Weakness Policy
|-boost|p2a: Idle Death Gamble|spa|2|[from] item: Weakness Policy
|move|p2a: Idle Death Gamble|Agility|p2a: Idle Death Gamble
|-boost|p2a: Idle Death Gamble|spe|2
|
|upkeep
|turn|9
|
|t:|1779686612
|-terastallize|p2a: Idle Death Gamble|Ground
|move|p1a: Samurott|Sucker Punch||[still]
|cant|p2a: Idle Death Gamble|ability: Armor Tail|Sucker Punch|[of] p1a: Samurott
|move|p2a: Idle Death Gamble|Nasty Plot|p2a: Idle Death Gamble
|-boost|p2a: Idle Death Gamble|spa|2
|
|upkeep
|turn|10
|
|t:|1779686617
|move|p2a: Idle Death Gamble|Dazzling Gleam|p1a: Samurott
|-supereffective|p1a: Samurott
|-damage|p1a: Samurott|0 fnt
|faint|p1a: Samurott
|
|-sideend|p2: RobustLoki|move: Aurora Veil
|upkeep
|
|t:|1779686626
|switch|p1a: Scizor|Scizor, F|100/100
|turn|11
|
|t:|1779686629
|move|p1a: Scizor|Bullet Punch||[still]
|cant|p2a: Idle Death Gamble|ability: Armor Tail|Bullet Punch|[of] p1a: Scizor
|move|p2a: Idle Death Gamble|Stored Power|p1a: Scizor
|-resisted|p1a: Scizor
|-damage|p1a: Scizor|0 fnt
|faint|p1a: Scizor
|
|upkeep
|
|t:|1779686631
|switch|p1a: Gholdengo|Gholdengo|100/100
|turn|12
|
|t:|1779686636
|move|p1a: Gholdengo|Shadow Ball|p2a: Idle Death Gamble
|-damage|p2a: Idle Death Gamble|0 fnt
|faint|p2a: Idle Death Gamble
|
|upkeep
|
|t:|1779686640
|switch|p2a: Ninetales|Ninetales-Alola, M|92/100
|-damage|p2a: Ninetales|80/100|[from] Spikes
|-weather|Snowscape|[from] ability: Snow Warning|[of] p2a: Ninetales
|turn|13
|
|t:|1779686644
|move|p1a: Gholdengo|Shadow Ball|p2a: Ninetales
|-damage|p2a: Ninetales|38/100
|move|p2a: Ninetales|Aurora Veil|p2a: Ninetales
|-sidestart|p2: RobustLoki|move: Aurora Veil
|
|-weather|Snowscape|[upkeep]
|upkeep
|turn|14
|
|t:|1779686650
|switch|p2a: Gliscor|Gliscor, M|100/100
|move|p1a: Gholdengo|Shadow Ball|p2a: Gliscor
|-damage|p2a: Gliscor|74/100
|
|-weather|Snowscape|[upkeep]
|-status|p2a: Gliscor|tox|[from] item: Toxic Orb
|upkeep
|turn|15
|
|t:|1779686655
|switch|p1a: Landorus|Landorus-Therian, M|100/100
|-ability|p1a: Landorus|Intimidate|boost
|-unboost|p2a: Gliscor|atk|1
|move|p2a: Gliscor|Agility|p2a: Gliscor
|-boost|p2a: Gliscor|spe|2
|
|-weather|Snowscape|[upkeep]
|-heal|p2a: Gliscor|86/100 tox|[from] ability: Poison Heal
|upkeep
|turn|16
|
|t:|1779686658
|move|p2a: Gliscor|Swords Dance|p2a: Gliscor
|-boost|p2a: Gliscor|atk|2
|move|p1a: Landorus|Taunt|p2a: Gliscor
|-start|p2a: Gliscor|move: Taunt
|
|-weather|Snowscape|[upkeep]
|-heal|p2a: Gliscor|99/100 tox|[from] ability: Poison Heal
|upkeep
|turn|17
|
|t:|1779686661
|move|p2a: Gliscor|Facade|p1a: Landorus
|-damage|p1a: Landorus|52/100
|-damage|p2a: Gliscor|82/100 tox|[from] item: Rocky Helmet|[of] p1a: Landorus
|move|p1a: Landorus|Stealth Rock|p2a: Gliscor
|-sidestart|p2: RobustLoki|move: Stealth Rock
|
|-weather|none
|-heal|p2a: Gliscor|95/100 tox|[from] ability: Poison Heal
|-sideend|p2: RobustLoki|move: Aurora Veil
|upkeep
|turn|18
|
|t:|1779686665
|move|p2a: Gliscor|Facade|p1a: Landorus
|-damage|p1a: Landorus|2/100
|-damage|p2a: Gliscor|78/100 tox|[from] item: Rocky Helmet|[of] p1a: Landorus
|move|p1a: Landorus|U-turn|p2a: Gliscor
|-resisted|p2a: Gliscor
|-damage|p2a: Gliscor|70/100 tox
|
|t:|1779686673
|switch|p1a: Great Tusk|Great Tusk|100/100|[from] U-turn
|-enditem|p1a: Great Tusk|Booster Energy
|-activate|p1a: Great Tusk|ability: Protosynthesis|[fromitem]
|-start|p1a: Great Tusk|protosynthesisspe
|
|-heal|p2a: Gliscor|83/100 tox|[from] ability: Poison Heal
|upkeep
|turn|19
|
|t:|1779686677
|move|p2a: Gliscor|Earthquake|p1a: Great Tusk
|-damage|p1a: Great Tusk|62/100
|move|p1a: Great Tusk|Ice Spinner|p2a: Gliscor
|-supereffective|p2a: Gliscor
|-damage|p2a: Gliscor|3/100 tox
|
|-heal|p2a: Gliscor|16/100 tox|[from] ability: Poison Heal
|-end|p2a: Gliscor|move: Taunt
|upkeep
|turn|20
|
|t:|1779686683
|move|p2a: Gliscor|Earthquake|p1a: Great Tusk
|-damage|p1a: Great Tusk|27/100
|move|p1a: Great Tusk|Rapid Spin|p2a: Gliscor
|-damage|p2a: Gliscor|5/100 tox
|-boost|p1a: Great Tusk|spe|1
|
|-heal|p2a: Gliscor|17/100 tox|[from] ability: Poison Heal
|upkeep
|turn|21
|
|t:|1779686697
|move|p1a: Great Tusk|Ice Spinner|p2a: Gliscor
|-supereffective|p2a: Gliscor
|-damage|p2a: Gliscor|0 fnt
|faint|p2a: Gliscor
|
|upkeep
|
|t:|1779686703
|switch|p2a: Hatterene|Hatterene, F|100/100
|-damage|p2a: Hatterene|88/100|[from] Spikes
|-damage|p2a: Hatterene|76/100|[from] Stealth Rock
|turn|22
|
|t:|1779686707
|move|p1a: Great Tusk|Headlong Rush|p2a: Hatterene
|-damage|p2a: Hatterene|31/100
|-unboost|p1a: Great Tusk|def|1
|-unboost|p1a: Great Tusk|spd|1
|move|p2a: Hatterene|Draining Kiss|p1a: Great Tusk
|-supereffective|p1a: Great Tusk
|-damage|p1a: Great Tusk|0 fnt
|-heal|p2a: Hatterene|58/100|[from] drain|[of] p1a: Great Tusk
|faint|p1a: Great Tusk
|-end|p1a: Great Tusk|Protosynthesis|[silent]
|
|-heal|p2a: Hatterene|64/100|[from] item: Leftovers
|upkeep
|
|t:|1779686711
|switch|p1a: Gholdengo|Gholdengo|100/100
|turn|23
|
|t:|1779686715
|move|p1a: Gholdengo|Shadow Ball|p2a: Hatterene
|-supereffective|p2a: Hatterene
|-damage|p2a: Hatterene|0 fnt
|faint|p2a: Hatterene
|
|upkeep
|
|t:|1779686719
|switch|p2a: Ceruledge|Ceruledge, F|100/100
|-damage|p2a: Ceruledge|88/100|[from] Spikes
|-damage|p2a: Ceruledge|63/100|[from] Stealth Rock
|turn|24
|
|t:|1779686721
|move|p1a: Gholdengo|Shadow Ball|p2a: Ceruledge
|-supereffective|p2a: Ceruledge
|-crit|p2a: Ceruledge
|-damage|p2a: Ceruledge|0 fnt
|faint|p2a: Ceruledge
|
|upkeep
|c|☆RobustLoki|gg
|-message|RobustLoki forfeited.
|
|win|FiiFiFoFum
|raw|FiiFiFoFum's rating: 1570 &rarr; <strong>1593</strong><br />(+23 for winning)
|raw|RobustLoki's rating: 1629 &rarr; <strong>1606</strong><br />(-23 for losing)
|l|☆RobustLoki
|player|p2|
|l|☆FiiFiFoFum
|player|p1|
