|j|☆Ruler of the Sand
|j|☆frigobarinox
|t:|1779559182
|gametype|singles
|player|p1|Ruler of the Sand|ghetsis-gen5bw|1169
|player|p2|frigobarinox|veteran|1154
|gen|9
|tier|[Gen 9] OU
|rated|
|rule|HP Percentage Mod: HP is shown in percentages
|rule|Endless Battle Clause: Forcing endless battles is banned
|rule|Species Clause: Limit one of each Pokémon
|rule|OHKO Clause: OHKO moves are banned
|rule|Evasion Items Clause: Evasion items are banned
|rule|Evasion Moves Clause: Evasion moves are banned
|rule|Evasion Abilities Clause: Evasion abilities are banned
|rule|Sleep Moves Clause: Sleep-inducing moves are banned
|clearpoke
|poke|p1|Gliscor, M|
|poke|p1|Ting-Lu|
|poke|p1|Great Tusk|
|poke|p1|Hippowdon, F|
|poke|p1|Landorus-Therian, M|
|poke|p1|Clodsire, F|
|poke|p2|Tyranitar, M|
|poke|p2|Amoonguss, F|
|poke|p2|Skeledirge, M|
|poke|p2|Corviknight, F|
|poke|p2|Great Tusk|
|poke|p2|Walking Wake|
|teampreview
|inactive|Battle timer is ON: inactive players will automatically lose when time's up. (requested by Ruler of the Sand)
|
|t:|1779559194
|teamsize|p1|6
|teamsize|p2|6
|start
|switch|p1a: Ting-Lu|Ting-Lu|100/100
|switch|p2a: Great Tusk|Great Tusk|100/100
|-ability|p1a: Ting-Lu|Vessel of Ruin
|turn|1
|
|t:|1779559203
|move|p2a: Great Tusk|Close Combat|p1a: Ting-Lu
|-supereffective|p1a: Ting-Lu
|-damage|p1a: Ting-Lu|41/100
|-unboost|p2a: Great Tusk|def|1
|-unboost|p2a: Great Tusk|spd|1
|-enditem|p1a: Ting-Lu|Red Card|[of] p2a: Great Tusk
|-end|p2a: Great Tusk|Protosynthesis|[silent]
|drag|p2a: Corviknight|Corviknight, F, shiny|100/100
|move|p1a: Ting-Lu|Stealth Rock|p2a: Corviknight
|-sidestart|p2: frigobarinox|move: Stealth Rock
|
|upkeep
|turn|2
|
|t:|1779559212
|move|p2a: Corviknight|U-turn|p1a: Ting-Lu
|-supereffective|p1a: Ting-Lu
|-damage|p1a: Ting-Lu|23/100
|
|t:|1779559215
|switch|p2a: Great Tusk|Great Tusk|100/100|[from] U-turn
|-damage|p2a: Great Tusk|98/100|[from] Stealth Rock
|move|p1a: Ting-Lu|Ruination|p2a: Great Tusk
|-damage|p2a: Great Tusk|49/100
|
|upkeep
|turn|3
|
|t:|1779559225
|move|p2a: Great Tusk|Close Combat|p1a: Ting-Lu
|-supereffective|p1a: Ting-Lu
|-damage|p1a: Ting-Lu|0 fnt
|-unboost|p2a: Great Tusk|def|1
|-unboost|p2a: Great Tusk|spd|1
|faint|p1a: Ting-Lu
|
|upkeep
|
|t:|1779559228
|switch|p1a: Landorus|Landorus-Therian, M|100/100
|-ability|p1a: Landorus|Intimidate|boost
|-unboost|p2a: Great Tusk|atk|1
|turn|4
|
|t:|1779559234
|move|p1a: Landorus|Earthquake|p2a: Great Tusk
|-damage|p2a: Great Tusk|0 fnt
|faint|p2a: Great Tusk
|-end|p2a: Great Tusk|Protosynthesis|[silent]
|
|upkeep
|
|t:|1779559238
|switch|p2a: Corviknight|Corviknight, F, shiny|100/100
|turn|5
|
|t:|1779559240
|move|p1a: Landorus|Taunt|p2a: Corviknight
|-start|p2a: Corviknight|move: Taunt
|cant|p2a: Corviknight|move: Taunt|Defog
|
|upkeep
|turn|6
|
|t:|1779559248
|move|p1a: Landorus|Smack Down|p2a: Corviknight
|-damage|p2a: Corviknight|84/100
|-start|p2a: Corviknight|Smack Down
|move|p2a: Corviknight|Drill Peck|p1a: Landorus
|-damage|p1a: Landorus|60/100
|-damage|p2a: Corviknight|68/100|[from] item: Rocky Helmet|[of] p1a: Landorus
|
|upkeep
|turn|7
|
|t:|1779559256
|move|p1a: Landorus|Earthquake|p2a: Corviknight
|-supereffective|p2a: Corviknight
|-damage|p2a: Corviknight|0 fnt
|faint|p2a: Corviknight
|
|upkeep
|
|t:|1779559263
|switch|p2a: Tyranitar|Tyranitar, M, shiny|100/100
|-damage|p2a: Tyranitar|88/100|[from] Stealth Rock
|-weather|Sandstorm|[from] ability: Sand Stream|[of] p2a: Tyranitar
|turn|8
|
|t:|1779559274
|move|p2a: Tyranitar|Ice Punch|p1a: Landorus
|-supereffective|p1a: Landorus
|-damage|p1a: Landorus|0 fnt
|-damage|p2a: Tyranitar|72/100|[from] item: Rocky Helmet|[of] p1a: Landorus
|faint|p1a: Landorus
|
|-weather|Sandstorm|[upkeep]
|upkeep
|c|☆Ruler of the Sand|Oh??
|c|☆Ruler of the Sand|Alright then
|
|t:|1779559298
|switch|p1a: Great Tusk|Great Tusk|100/100
|-enditem|p1a: Great Tusk|Booster Energy
|-activate|p1a: Great Tusk|ability: Protosynthesis|[fromitem]
|-start|p1a: Great Tusk|protosynthesisatk
|turn|9
|
|t:|1779559307
|-terastallize|p2a: Tyranitar|Flying
|-terastallize|p1a: Great Tusk|Ice
|move|p2a: Tyranitar|Ice Punch|p1a: Great Tusk
|-resisted|p1a: Great Tusk
|-damage|p1a: Great Tusk|90/100
|move|p1a: Great Tusk|Rapid Spin|p2a: Tyranitar
|-damage|p2a: Tyranitar|52/100
|-boost|p1a: Great Tusk|spe|1
|
|-weather|Sandstorm|[upkeep]
|-damage|p1a: Great Tusk|84/100|[from] Sandstorm
|-damage|p2a: Tyranitar|46/100|[from] Sandstorm
|upkeep
|turn|10
|
|t:|1779559326
|switch|p2a: Amoonguss|Amoonguss, F|100/100
|-damage|p2a: Amoonguss|88/100|[from] Stealth Rock
|move|p1a: Great Tusk|Ice Spinner|p2a: Amoonguss
|-supereffective|p2a: Amoonguss
|-damage|p2a: Amoonguss|0 fnt
|faint|p2a: Amoonguss
|
|-weather|Sandstorm|[upkeep]
|-damage|p1a: Great Tusk|78/100|[from] Sandstorm
|upkeep
|
|t:|1779559335
|switch|p2a: Walking Wake|Walking Wake|100/100
|-damage|p2a: Walking Wake|88/100|[from] Stealth Rock
|-enditem|p2a: Walking Wake|Booster Energy
|-activate|p2a: Walking Wake|ability: Protosynthesis|[fromitem]
|-start|p2a: Walking Wake|protosynthesisspa
|turn|11
|
|t:|1779559340
|move|p1a: Great Tusk|Ice Spinner|p2a: Walking Wake
|-damage|p2a: Walking Wake|28/100
|move|p2a: Walking Wake|Flamethrower|p1a: Great Tusk
|-supereffective|p1a: Great Tusk
|-crit|p1a: Great Tusk
|-damage|p1a: Great Tusk|0 fnt
|faint|p1a: Great Tusk
|-end|p1a: Great Tusk|Protosynthesis|[silent]
|
|-weather|Sandstorm|[upkeep]
|-damage|p2a: Walking Wake|21/100|[from] Sandstorm
|upkeep
|
|t:|1779559346
|switch|p1a: Clodsire|Clodsire, F|100/100
|turn|12
|
|t:|1779559357
|move|p2a: Walking Wake|Draco Meteor|p1a: Clodsire
|-damage|p1a: Clodsire|58/100
|-unboost|p2a: Walking Wake|spa|2
|move|p1a: Clodsire|Stockpile|p1a: Clodsire
|-start|p1a: Clodsire|stockpile1
|-boost|p1a: Clodsire|def|1
|-boost|p1a: Clodsire|spd|1
|
|-weather|none
|-heal|p1a: Clodsire|64/100|[from] item: Leftovers
|upkeep
|turn|13
|
|t:|1779559366
|move|p2a: Walking Wake|Draco Meteor|p1a: Clodsire
|-crit|p1a: Clodsire
|-damage|p1a: Clodsire|0 fnt
|-unboost|p2a: Walking Wake|spa|2
|faint|p1a: Clodsire
|
|upkeep
|
|t:|1779559374
|switch|p1a: Hippowdon|Hippowdon, F|100/100
|-weather|Sandstorm|[from] ability: Sand Stream|[of] p1a: Hippowdon
|turn|14
|
|t:|1779559379
|move|p2a: Walking Wake|Hydro Pump|p1a: Hippowdon
|-supereffective|p1a: Hippowdon
|-damage|p1a: Hippowdon|50/100
|move|p1a: Hippowdon|Sand Tomb|p2a: Walking Wake
|-damage|p2a: Walking Wake|6/100
|-activate|p2a: Walking Wake|move: Sand Tomb|[of] p1a: Hippowdon
|
|-weather|Sandstorm|[upkeep]
|-damage|p2a: Walking Wake|0 fnt|[from] Sandstorm
|faint|p2a: Walking Wake
|-end|p2a: Walking Wake|Protosynthesis|[silent]
|upkeep
|
|t:|1779559388
|switch|p2a: Tyranitar|Tyranitar, M, shiny, tera:Flying|46/100
|-damage|p2a: Tyranitar|21/100|[from] Stealth Rock
|turn|15
|
|t:|1779559394
|move|p2a: Tyranitar|Ice Punch|p1a: Hippowdon
|-supereffective|p1a: Hippowdon
|-damage|p1a: Hippowdon|19/100
|move|p1a: Hippowdon|Body Slam|p2a: Tyranitar
|-damage|p2a: Tyranitar|0 fnt
|faint|p2a: Tyranitar
|
|-weather|Sandstorm|[upkeep]
|upkeep
|
|t:|1779559401
|switch|p2a: Skeledirge|Skeledirge, M|100/100
|-damage|p2a: Skeledirge|76/100|[from] Stealth Rock
|turn|16
|
|t:|1779559417
|move|p2a: Skeledirge|Shadow Ball|p1a: Hippowdon
|-damage|p1a: Hippowdon|0 fnt
|faint|p1a: Hippowdon
|
|-weather|Sandstorm|[upkeep]
|-damage|p2a: Skeledirge|70/100|[from] Sandstorm
|upkeep
|
|t:|1779559418
|switch|p1a: Gliscor|Gliscor, M|100/100
|turn|17
|
|t:|1779559425
|move|p1a: Gliscor|Toxic|p2a: Skeledirge|[miss]
|-miss|p1a: Gliscor|p2a: Skeledirge
|move|p2a: Skeledirge|Shadow Ball|p1a: Gliscor
|-damage|p1a: Gliscor|50/100
|
|-weather|Sandstorm|[upkeep]
|-damage|p2a: Skeledirge|64/100|[from] Sandstorm
|-status|p1a: Gliscor|tox|[from] item: Toxic Orb
|upkeep
|turn|18
|
|t:|1779559433
|move|p1a: Gliscor|Protect|p1a: Gliscor
|-singleturn|p1a: Gliscor|Protect
|move|p2a: Skeledirge|Shadow Ball|p1a: Gliscor
|-activate|p1a: Gliscor|move: Protect
|
|-weather|Sandstorm|[upkeep]
|-damage|p2a: Skeledirge|57/100|[from] Sandstorm
|-heal|p1a: Gliscor|62/100 tox|[from] ability: Poison Heal
|upkeep
|turn|19
|l|☆Ruler of the Sand
|inactive|Ruler of the Sand disconnected and has a minute to reconnect!
|player|p1|
|c|☆frigobarinox|lololololol
|c|☆frigobarinox|such a baby
|inactive|Ruler of the Sand has 30 seconds to reconnect!
|j|☆Ruler of the Sand
|inactive|Ruler of the Sand reconnected and has 115 seconds left.
|player|p1|Ruler of the Sand|ghetsis-gen5bw|
|
|t:|1779559480
|move|p1a: Gliscor|Knock Off|p2a: Skeledirge
|-supereffective|p2a: Skeledirge
|-damage|p2a: Skeledirge|22/100
|-enditem|p2a: Skeledirge|Assault Vest|[from] move: Knock Off|[of] p1a: Gliscor
|move|p2a: Skeledirge|Hex|p1a: Gliscor
|-damage|p1a: Gliscor|0 fnt
|faint|p1a: Gliscor
|
|win|frigobarinox
|raw|Ruler of the Sand's rating: 1169 &rarr; <strong>1143</strong><br />(-26 for losing)
|raw|frigobarinox's rating: 1154 &rarr; <strong>1180</strong><br />(+26 for winning)
|c|☆frigobarinox|gg
|l|☆Ruler of the Sand
|player|p1|
