|j|☆Dracosweepsyou
|j|☆ohko by scald
|t:|1779638962
|gametype|singles
|player|p1|Dracosweepsyou|gardenia|1238
|player|p2|ohko by scald|roxie-masters|1347
|gen|9
|tier|[Gen 9] OU
|rated|
|rule|HP Percentage Mod: HP is shown in percentages
|rule|Endless Battle Clause: Forcing endless battles is banned
|rule|Species Clause: Limit one of each Pokémon
|rule|OHKO Clause: OHKO moves are banned
|rule|Evasion Items Clause: Evasion items are banned
|rule|Evasion Moves Clause: Evasion moves are banned
|rule|Evasion Abilities Clause: Evasion abilities are banned
|rule|Sleep Moves Clause: Sleep-inducing moves are banned
|clearpoke
|poke|p1|Kingambit, M|
|poke|p1|Slowking-Galar, M|
|poke|p1|Landorus-Therian, M|
|poke|p1|Heatran, M|
|poke|p1|Dragapult, F|
|poke|p1|Great Tusk|
|poke|p2|Cloyster, M|
|poke|p2|Toxtricity, F|
|poke|p2|Dragapult, M|
|poke|p2|Hawlucha, F|
|poke|p2|Rillaboom, F|
|poke|p2|Heatran, M|
|teampreview
|inactive|Battle timer is ON: inactive players will automatically lose when time's up. (requested by ohko by scald)
|
|t:|1779638965
|teamsize|p1|6
|teamsize|p2|6
|start
|switch|p1a: Brazil|Dragapult, F|100/100
|switch|p2a: Cloist Mritical|Cloyster, M|100/100
|turn|1
|
|t:|1779638969
|move|p1a: Brazil|Shadow Ball|p2a: Cloist Mritical
|-enditem|p2a: Cloist Mritical|Focus Sash
|-damage|p2a: Cloist Mritical|1/100
|move|p2a: Cloist Mritical|Shell Smash|p2a: Cloist Mritical
|-unboost|p2a: Cloist Mritical|def|1
|-unboost|p2a: Cloist Mritical|spd|1
|-boost|p2a: Cloist Mritical|atk|2
|-boost|p2a: Cloist Mritical|spa|2
|-boost|p2a: Cloist Mritical|spe|2
|
|upkeep
|turn|2
|
|t:|1779638983
|switch|p1a: Activists|Heatran, M, shiny|100/100
|move|p2a: Cloist Mritical|Hydro Pump|p1a: Activists
|-supereffective|p1a: Activists
|-damage|p1a: Activists|6/100
|
|-heal|p1a: Activists|12/100|[from] item: Leftovers
|upkeep
|turn|3
|
|t:|1779638990
|move|p2a: Cloist Mritical|Icicle Spear|p1a: Activists
|-resisted|p1a: Activists
|-damage|p1a: Activists|7/100
|-resisted|p1a: Activists
|-damage|p1a: Activists|2/100
|-resisted|p1a: Activists
|-damage|p1a: Activists|0 fnt
|faint|p1a: Activists
|-hitcount|p1: Activists|3
|
|upkeep
|
|t:|1779638994
|switch|p1a: #1 galar dr|Slowking-Galar, M|100/100
|turn|4
|
|t:|1779638999
|move|p2a: Cloist Mritical|Icicle Spear|p1a: #1 galar dr
|-damage|p1a: #1 galar dr|75/100
|-damage|p1a: #1 galar dr|53/100
|-damage|p1a: #1 galar dr|31/100
|-damage|p1a: #1 galar dr|7/100
|-damage|p1a: #1 galar dr|0 fnt
|faint|p1a: #1 galar dr
|-hitcount|p1: #1 galar dr|5
|
|upkeep
|
|t:|1779639016
|switch|p1a: the worst leader|Kingambit, M, shiny|100/100
|-activate|p1a: the worst leader|ability: Supreme Overlord
|-start|p1a: the worst leader|fallen2|[silent]
|turn|5
|
|t:|1779639020
|move|p1a: the worst leader|Sucker Punch||[still]
|-fail|p1a: the worst leader
|move|p2a: Cloist Mritical|Spikes|p1a: the worst leader
|-sidestart|p1: Dracosweepsyou|Spikes
|
|upkeep
|turn|6
|
|t:|1779639025
|move|p1a: the worst leader|Sucker Punch||[still]
|-fail|p1a: the worst leader
|move|p2a: Cloist Mritical|Spikes|p1a: the worst leader
|-sidestart|p1: Dracosweepsyou|Spikes
|
|upkeep
|turn|7
|
|t:|1779639027
|move|p1a: the worst leader|Sucker Punch|p2a: Cloist Mritical
|-damage|p2a: Cloist Mritical|0 fnt
|faint|p2a: Cloist Mritical
|
|upkeep
|
|t:|1779639033
|switch|p2a: 700°C iron ball|Heatran, M, shiny|100/100
|turn|8
|
|t:|1779639037
|-end|p1a: the worst leader|fallen2|[silent]
|switch|p1a: Temu vaccum|Great Tusk|100/100
|move|p2a: 700°C iron ball|Magma Storm|p1a: Temu vaccum
|-damage|p1a: Temu vaccum|23/100
|-activate|p1a: Temu vaccum|move: Magma Storm|[of] p2a: 700°C iron ball
|
|-damage|p1a: Temu vaccum|10/100|[from] move: Magma Storm|[partiallytrapped]
|upkeep
|turn|9
|
|t:|1779639043
|switch|p2a: Dragapult|Dragapult, M|100/100
|move|p1a: Temu vaccum|Rapid Spin|p2a: Dragapult
|-immune|p2a: Dragapult
|
|-end|p1a: Temu vaccum|Magma Storm|[partiallytrapped]|[silent]
|upkeep
|turn|10
|
|t:|1779639052
|-end|p1a: Temu vaccum|Protosynthesis|[silent]
|switch|p1a: I’m intimidating|Landorus-Therian, M|100/100
|-ability|p1a: I’m intimidating|Intimidate|boost
|-unboost|p2a: Dragapult|atk|1
|move|p2a: Dragapult|Hex|p1a: I’m intimidating
|-damage|p1a: I’m intimidating|61/100
|
|upkeep
|turn|11
|
|t:|1779639058
|move|p2a: Dragapult|Will-O-Wisp|p1a: I’m intimidating
|-status|p1a: I’m intimidating|brn
|move|p1a: I’m intimidating|Earthquake|p2a: Dragapult
|-damage|p2a: Dragapult|59/100
|
|-damage|p1a: I’m intimidating|55/100 brn|[from] brn
|upkeep
|turn|12
|
|t:|1779639064
|move|p2a: Dragapult|Hex|p1a: I’m intimidating
|-damage|p1a: I’m intimidating|0 fnt
|faint|p1a: I’m intimidating
|
|upkeep
|
|t:|1779639067
|switch|p1a: Brazil|Dragapult, F|100/100
|-damage|p1a: Brazil|84/100|[from] Spikes
|turn|13
|
|t:|1779639074
|switch|p2a: 700°C iron ball|Heatran, M, shiny|100/100
|move|p1a: Brazil|Shadow Ball|p2a: 700°C iron ball
|-damage|p2a: 700°C iron ball|51/100
|
|-heal|p2a: 700°C iron ball|57/100|[from] item: Leftovers
|upkeep
|turn|14
|
|t:|1779639092
|-terastallize|p1a: Brazil|Ghost
|move|p1a: Brazil|Shadow Ball|p2a: 700°C iron ball
|-damage|p2a: 700°C iron ball|0 fnt
|faint|p2a: 700°C iron ball
|
|upkeep
|
|t:|1779639099
|switch|p2a: MF BOOM|Rillaboom, F|100/100
|-fieldstart|move: Grassy Terrain|[from] ability: Grassy Surge|[of] p2a: MF BOOM
|turn|15
|
|t:|1779639103
|move|p2a: MF BOOM|Grassy Glide|p1a: Brazil
|-damage|p1a: Brazil|0 fnt
|faint|p1a: Brazil
|
|upkeep
|
|t:|1779639105
|switch|p1a: Temu vaccum|Great Tusk|10/100
|turn|16
|
|t:|1779639109
|move|p2a: MF BOOM|Grassy Glide|p1a: Temu vaccum
|-supereffective|p1a: Temu vaccum
|-damage|p1a: Temu vaccum|0 fnt
|faint|p1a: Temu vaccum
|-end|p1a: Temu vaccum|Protosynthesis|[silent]
|
|upkeep
|
|t:|1779639110
|switch|p1a: the worst leader|Kingambit, M, shiny|100/100
|-damage|p1a: the worst leader|84/100|[from] Spikes
|-activate|p1a: the worst leader|ability: Supreme Overlord
|-start|p1a: the worst leader|fallen5|[silent]
|turn|17
|
|t:|1779639114
|switch|p2a: John Cena|Hawlucha, F|100/100
|-enditem|p2a: John Cena|Grassy Seed
|-boost|p2a: John Cena|def|1|[from] item: Grassy Seed
|move|p1a: the worst leader|Kowtow Cleave|p2a: John Cena
|-resisted|p2a: John Cena
|-damage|p2a: John Cena|68/100
|
|-heal|p1a: the worst leader|90/100|[from] Grassy Terrain
|-heal|p1a: the worst leader|96/100|[from] item: Leftovers
|upkeep
|turn|18
|
|t:|1779639120
|move|p2a: John Cena|Close Combat|p1a: the worst leader
|-supereffective|p1a: the worst leader
|-damage|p1a: the worst leader|0 fnt
|-unboost|p2a: John Cena|def|1
|-unboost|p2a: John Cena|spd|1
|faint|p1a: the worst leader
|-end|p1a: the worst leader|fallen5|[silent]
|
|win|ohko by scald
|raw|Dracosweepsyou's rating: 1238 &rarr; <strong>1222</strong><br />(-16 for losing)
|raw|ohko by scald's rating: 1367 &rarr; <strong>1380</strong><br />(+13 for winning)
