|j|☆just._.muffins
|j|☆JayPortable
|t:|1779557669
|gametype|singles
|player|p1|just._.muffins|lida|1044
|player|p2|JayPortable|youngster-gen4dp|1000
|gen|9
|tier|[Gen 9] OU
|rated|
|rule|HP Percentage Mod: HP is shown in percentages
|rule|Endless Battle Clause: Forcing endless battles is banned
|rule|Species Clause: Limit one of each Pokémon
|rule|OHKO Clause: OHKO moves are banned
|rule|Evasion Items Clause: Evasion items are banned
|rule|Evasion Moves Clause: Evasion moves are banned
|rule|Evasion Abilities Clause: Evasion abilities are banned
|rule|Sleep Moves Clause: Sleep-inducing moves are banned
|clearpoke
|poke|p1|Ribombee, M|
|poke|p1|Cramorant, F|
|poke|p1|Kingambit, M|
|poke|p1|Sinistcha|
|poke|p1|Iron Valiant|
|poke|p1|Ogerpon-Wellspring, F|
|poke|p2|Iron Moth|
|poke|p2|Iron Leaves|
|poke|p2|Ting-Lu|
|poke|p2|Zamazenta-*|
|poke|p2|Hoopa-Unbound|
|poke|p2|Dondozo, F|
|teampreview
|inactive|Battle timer is ON: inactive players will automatically lose when time's up. (requested by just._.muffins)
|
|t:|1779557677
|teamsize|p1|6
|teamsize|p2|6
|start
|switch|p1a: Ribombee|Ribombee, M|100/100
|switch|p2a: Ting-Lu|Ting-Lu|100/100
|-ability|p2a: Ting-Lu|Vessel of Ruin
|turn|1
|
|t:|1779557686
|move|p1a: Ribombee|Sticky Web|p2a: Ting-Lu
|-sidestart|p2: JayPortable|move: Sticky Web
|move|p2a: Ting-Lu|Stealth Rock|p1a: Ribombee
|-sidestart|p1: just._.muffins|move: Stealth Rock
|
|upkeep
|turn|2
|
|t:|1779557697
|move|p1a: Ribombee|Skill Swap|p2a: Ting-Lu
|-activate|p1a: Ribombee|Skill Swap|Vessel of Ruin|Shield Dust|[of] p2a: Ting-Lu
|-ability|p1a: Ribombee|Vessel of Ruin
|move|p2a: Ting-Lu|Substitute|p2a: Ting-Lu
|-start|p2a: Ting-Lu|Substitute
|-damage|p2a: Ting-Lu|75/100
|
|upkeep
|turn|3
|
|t:|1779557707
|move|p1a: Ribombee|Moonblast|p2a: Ting-Lu
|-supereffective|p2a: Ting-Lu
|-end|p2a: Ting-Lu|Substitute
|move|p2a: Ting-Lu|Heavy Slam|p1a: Ribombee
|-supereffective|p1a: Ribombee
|-enditem|p1a: Ribombee|Focus Sash
|-damage|p1a: Ribombee|1/100
|
|upkeep
|turn|4
|
|t:|1779557717
|move|p1a: Ribombee|Moonblast|p2a: Ting-Lu
|-supereffective|p2a: Ting-Lu
|-damage|p2a: Ting-Lu|16/100
|move|p2a: Ting-Lu|Substitute|p2a: Ting-Lu
|-fail|p2a: Ting-Lu|move: Substitute|[weak]
|
|upkeep
|turn|5
|
|t:|1779557722
|move|p1a: Ribombee|Moonblast|p2a: Ting-Lu
|-supereffective|p2a: Ting-Lu
|-damage|p2a: Ting-Lu|0 fnt
|faint|p2a: Ting-Lu
|
|upkeep
|
|t:|1779557726
|switch|p2a: Zamazenta|Zamazenta|100/100
|-activate|p2a: Zamazenta|move: Sticky Web
|-unboost|p2a: Zamazenta|spe|1
|-ability|p2a: Zamazenta|Dauntless Shield|boost
|-boost|p2a: Zamazenta|def|1
|turn|6
|
|t:|1779557734
|move|p1a: Ribombee|Moonblast|p2a: Zamazenta
|-supereffective|p2a: Zamazenta
|-damage|p2a: Zamazenta|32/100
|move|p2a: Zamazenta|Iron Defense|p2a: Zamazenta
|-boost|p2a: Zamazenta|def|2
|
|upkeep
|turn|7
|
|t:|1779557740
|move|p1a: Ribombee|Moonblast|p2a: Zamazenta
|-supereffective|p2a: Zamazenta
|-damage|p2a: Zamazenta|0 fnt
|faint|p2a: Zamazenta
|
|upkeep
|
|t:|1779557745
|switch|p2a: Dondozo|Dondozo, F|100/100
|-activate|p2a: Dondozo|move: Sticky Web
|-unboost|p2a: Dondozo|spe|1
|turn|8
|
|t:|1779557748
|move|p1a: Ribombee|Skill Swap|p2a: Dondozo
|-activate|p1a: Ribombee|Skill Swap|Unaware|Vessel of Ruin|[of] p2a: Dondozo
|-ability|p2a: Dondozo|Vessel of Ruin
|move|p2a: Dondozo|Rest|p2a: Dondozo
|-fail|p2a: Dondozo|heal
|
|upkeep
|turn|9
|
|t:|1779557759
|move|p1a: Ribombee|Stun Spore|p2a: Dondozo|[miss]
|-miss|p1a: Ribombee|p2a: Dondozo
|move|p2a: Dondozo|Rest|p2a: Dondozo
|-fail|p2a: Dondozo|heal
|
|upkeep
|turn|10
|
|t:|1779557764
|move|p1a: Ribombee|Stun Spore|p2a: Dondozo
|-status|p2a: Dondozo|par
|move|p2a: Dondozo|Rest|p2a: Dondozo
|-fail|p2a: Dondozo|heal
|
|upkeep
|turn|11
|
|t:|1779557769
|move|p1a: Ribombee|Moonblast|p2a: Dondozo
|-damage|p2a: Dondozo|72/100 par
|move|p2a: Dondozo|Rest|p2a: Dondozo
|-status|p2a: Dondozo|slp|[from] move: Rest
|-heal|p2a: Dondozo|100/100 slp|[silent]
|
|upkeep
|turn|12
|
|t:|1779557774
|move|p1a: Ribombee|Moonblast|p2a: Dondozo
|-damage|p2a: Dondozo|72/100 slp
|cant|p2a: Dondozo|slp
|move|p2a: Dondozo|Sleep Talk|p2a: Dondozo
|move|p2a: Dondozo|Rest||[from] move: Sleep Talk|[still]
|-fail|p2a: Dondozo
|
|upkeep
|turn|13
|
|t:|1779557781
|move|p1a: Ribombee|Moonblast|p2a: Dondozo
|-crit|p2a: Dondozo
|-damage|p2a: Dondozo|31/100 slp
|-unboost|p2a: Dondozo|spa|1
|cant|p2a: Dondozo|slp
|move|p2a: Dondozo|Sleep Talk|p2a: Dondozo
|move|p2a: Dondozo|Earthquake|p1a: Ribombee|[from] move: Sleep Talk
|-resisted|p1a: Ribombee
|-damage|p1a: Ribombee|0 fnt
|faint|p1a: Ribombee
|
|upkeep
|
|t:|1779557793
|switch|p1a: Ogerpon|Ogerpon-Wellspring, F|100/100
|-damage|p1a: Ogerpon|88/100|[from] Stealth Rock
|turn|14
|
|t:|1779557796
|move|p1a: Ogerpon|Swords Dance|p1a: Ogerpon
|-boost|p1a: Ogerpon|atk|2
|-curestatus|p2a: Dondozo|slp|[msg]
|move|p2a: Dondozo|Rest|p2a: Dondozo
|-status|p2a: Dondozo|slp|[from] move: Rest
|-heal|p2a: Dondozo|100/100 slp|[silent]
|
|upkeep
|turn|15
|
|t:|1779557801
|move|p1a: Ogerpon|Swords Dance|p1a: Ogerpon
|-boost|p1a: Ogerpon|atk|2
|cant|p2a: Dondozo|slp
|move|p2a: Dondozo|Sleep Talk|p2a: Dondozo
|move|p2a: Dondozo|Outrage|p1a: Ogerpon|[from] move: Sleep Talk
|-damage|p1a: Ogerpon|52/100
|
|upkeep
|turn|16
|
|t:|1779557810
|move|p1a: Ogerpon|Power Whip|p2a: Dondozo
|-supereffective|p2a: Dondozo
|-damage|p2a: Dondozo|0 fnt
|-damage|p1a: Ogerpon|36/100|[from] item: Rocky Helmet|[of] p2a: Dondozo
|faint|p2a: Dondozo
|
|upkeep
|
|t:|1779557815
|switch|p2a: Hoopa|Hoopa-Unbound|100/100
|turn|17
|
|t:|1779557821
|-terastallize|p1a: Ogerpon|Water
|detailschange|p1a: Ogerpon|Ogerpon-Wellspring-Tera, F, tera:Water
|-ability|p1a: Ogerpon|Embody Aspect (Wellspring)|boost
|-boost|p1a: Ogerpon|spd|1
|move|p1a: Ogerpon|Ivy Cudgel|p2a: Hoopa|[anim] Ivy Cudgel Water
|-damage|p2a: Hoopa|0 fnt
|faint|p2a: Hoopa
|
|upkeep
|
|t:|1779557825
|switch|p2a: Iron Moth|Iron Moth|100/100
|-activate|p2a: Iron Moth|move: Sticky Web
|-unboost|p2a: Iron Moth|spe|1
|-enditem|p2a: Iron Moth|Booster Energy
|-activate|p2a: Iron Moth|ability: Quark Drive|[fromitem]
|-start|p2a: Iron Moth|quarkdrivespa
|turn|18
|
|t:|1779557836
|move|p1a: Ogerpon|Ivy Cudgel|p2a: Iron Moth|[anim] Ivy Cudgel Water
|-supereffective|p2a: Iron Moth
|-damage|p2a: Iron Moth|0 fnt
|faint|p2a: Iron Moth
|-end|p2a: Iron Moth|Quark Drive|[silent]
|
|upkeep
|
|t:|1779557838
|switch|p2a: Iron Leaves|Iron Leaves|100/100
|-activate|p2a: Iron Leaves|move: Sticky Web
|-unboost|p2a: Iron Leaves|spe|1
|-enditem|p2a: Iron Leaves|Booster Energy
|-activate|p2a: Iron Leaves|ability: Quark Drive|[fromitem]
|-start|p2a: Iron Leaves|quarkdriveatk
|turn|19
|
|t:|1779557844
|move|p1a: Ogerpon|Ivy Cudgel|p2a: Iron Leaves|[anim] Ivy Cudgel Water
|-resisted|p2a: Iron Leaves
|-damage|p2a: Iron Leaves|0 fnt
|faint|p2a: Iron Leaves
|-end|p2a: Iron Leaves|Quark Drive|[silent]
|
|win|just._.muffins
|raw|just._.muffins's rating: 1044 &rarr; <strong>1073</strong><br />(+29 for winning)
|raw|JayPortable's rating: 1000 &rarr; <strong>1000</strong><br />(+0 for losing)
