|j|☆Sae No Kami
|j|☆gggJESUSggg
|t:|1779703400
|gametype|singles
|player|p1|Sae No Kami|ghetsis-gen5bw|1140
|player|p2|gggJESUSggg|policeman-gen4|1088
|gen|9
|tier|[Gen 9] OU
|rated|
|rule|HP Percentage Mod: HP is shown in percentages
|rule|Endless Battle Clause: Forcing endless battles is banned
|rule|Species Clause: Limit one of each Pokémon
|rule|OHKO Clause: OHKO moves are banned
|rule|Evasion Items Clause: Evasion items are banned
|rule|Evasion Moves Clause: Evasion moves are banned
|rule|Evasion Abilities Clause: Evasion abilities are banned
|rule|Sleep Moves Clause: Sleep-inducing moves are banned
|clearpoke
|poke|p1|Trevenant, M|
|poke|p1|Shellos-East, M|
|poke|p1|Gliscor, M|
|poke|p1|Blissey, F|
|poke|p1|Zapdos|
|poke|p1|Clodsire, M|
|poke|p2|Rotom-Wash|
|poke|p2|Iron Valiant|
|poke|p2|Corviknight, F|
|poke|p2|Landorus-Therian, M|
|poke|p2|Slowking-Galar, F|
|poke|p2|Dragapult, F|
|teampreview
|inactive|Battle timer is ON: inactive players will automatically lose when time's up. (requested by Sae No Kami)
|
|t:|1779703429
|teamsize|p1|6
|teamsize|p2|6
|start
|switch|p1a: Trevenant|Trevenant, M|100/100
|switch|p2a: Landorus|Landorus-Therian, M|100/100
|-ability|p2a: Landorus|Intimidate|boost
|-unboost|p1a: Trevenant|atk|1
|turn|1
|c|☆gggJESUSggg|cancer
|
|t:|1779703445
|move|p2a: Landorus|Stealth Rock|p1a: Trevenant
|-sidestart|p1: Sae No Kami|move: Stealth Rock
|move|p1a: Trevenant|Substitute|p1a: Trevenant
|-start|p1a: Trevenant|Substitute
|-damage|p1a: Trevenant|75/100
|
|upkeep
|turn|2
|c|☆Sae No Kami|my grand mother has cancer
|
|t:|1779703453
|switch|p2a: Dragapult|Dragapult, F|100/100
|move|p1a: Trevenant|Leech Seed|p2a: Dragapult
|-start|p2a: Dragapult|move: Leech Seed
|
|-damage|p2a: Dragapult|88/100|[from] Leech Seed|[of] p1a: Trevenant
|-heal|p1a: Trevenant|88/100|[silent]
|upkeep
|turn|3
|
|t:|1779703471
|move|p2a: Dragapult|Shadow Ball|p1a: Trevenant
|-supereffective|p1a: Trevenant
|-damage|p1a: Trevenant|0 fnt
|faint|p1a: Trevenant
|
|upkeep
|
|t:|1779703482
|switch|p1a: Gliscor|Gliscor, M|100/100
|-damage|p1a: Gliscor|88/100|[from] Stealth Rock
|turn|4
|
|t:|1779703492
|switch|p2a: Landorus|Landorus-Therian, M|100/100
|-ability|p2a: Landorus|Intimidate|boost
|-unboost|p1a: Gliscor|atk|1
|move|p1a: Gliscor|Toxic|p2a: Landorus
|-status|p2a: Landorus|tox
|
|-damage|p2a: Landorus|94/100 tox|[from] psn
|-status|p1a: Gliscor|tox|[from] item: Toxic Orb
|upkeep
|turn|5
|
|t:|1779703506
|move|p1a: Gliscor|Protect|p1a: Gliscor
|-singleturn|p1a: Gliscor|Protect
|move|p2a: Landorus|Earthquake|p1a: Gliscor
|-activate|p1a: Gliscor|move: Protect
|
|-heal|p1a: Gliscor|100/100 tox|[from] ability: Poison Heal
|-damage|p2a: Landorus|82/100 tox|[from] psn
|upkeep
|turn|6
|
|t:|1779703518
|move|p1a: Gliscor|Substitute|p1a: Gliscor
|-start|p1a: Gliscor|Substitute
|-damage|p1a: Gliscor|76/100 tox
|move|p2a: Landorus|Taunt|p1a: Gliscor
|-start|p1a: Gliscor|move: Taunt
|
|-heal|p1a: Gliscor|88/100 tox|[from] ability: Poison Heal
|-damage|p2a: Landorus|64/100 tox|[from] psn
|upkeep
|turn|7
|
|t:|1779703528
|move|p1a: Gliscor|Earthquake|p2a: Landorus
|-immune|p2a: Landorus
|move|p2a: Landorus|U-turn|p1a: Gliscor
|-resisted|p1a: Gliscor
|-activate|p1a: Gliscor|move: Substitute|[damage]
|
|t:|1779703534
|switch|p2a: Dragapult|Dragapult, F|88/100|[from] U-turn
|
|-heal|p1a: Gliscor|100/100 tox|[from] ability: Poison Heal
|upkeep
|turn|8
|
|t:|1779703541
|switch|p1a: Blissey|Blissey, F, shiny|100/100
|-damage|p1a: Blissey|88/100|[from] Stealth Rock
|move|p2a: Dragapult|Draco Meteor|p1a: Blissey
|-damage|p1a: Blissey|63/100
|-unboost|p2a: Dragapult|spa|2
|
|-heal|p1a: Blissey|69/100|[from] item: Leftovers
|upkeep
|turn|9
|
|t:|1779703558
|switch|p2a: Corviknight|Corviknight, F|100/100
|move|p1a: Blissey|Stealth Rock|p2a: Corviknight
|-sidestart|p2: gggJESUSggg|move: Stealth Rock
|
|-heal|p1a: Blissey|75/100|[from] item: Leftovers
|upkeep
|turn|10
|
|t:|1779703564
|move|p2a: Corviknight|Defog|p1a: Blissey
|-unboost|p1a: Blissey|evasion|1
|-sideend|p1: Sae No Kami|Stealth Rock|[from] move: Defog|[of] p2a: Corviknight
|-sideend|p2: gggJESUSggg|Stealth Rock|[from] move: Defog|[of] p2a: Corviknight
|move|p1a: Blissey|Thunder Wave|p2a: Corviknight
|-status|p2a: Corviknight|par
|
|-heal|p1a: Blissey|81/100|[from] item: Leftovers
|upkeep
|turn|11
|
|t:|1779703575
|move|p1a: Blissey|Seismic Toss|p2a: Corviknight
|-damage|p2a: Corviknight|75/100 par
|-damage|p1a: Blissey|65/100|[from] item: Rocky Helmet|[of] p2a: Corviknight
|cant|p2a: Corviknight|par
|
|-heal|p1a: Blissey|71/100|[from] item: Leftovers
|upkeep
|turn|12
|
|t:|1779703583
|move|p1a: Blissey|Stealth Rock|p2a: Corviknight
|-sidestart|p2: gggJESUSggg|move: Stealth Rock
|cant|p2a: Corviknight|par
|
|-heal|p1a: Blissey|77/100|[from] item: Leftovers
|upkeep
|turn|13
|
|t:|1779703590
|move|p1a: Blissey|Soft-Boiled|p1a: Blissey
|-heal|p1a: Blissey|100/100
|move|p2a: Corviknight|Brave Bird|p1a: Blissey
|-damage|p1a: Blissey|26/100
|-damage|p2a: Corviknight|32/100 par|[from] Recoil
|
|-heal|p1a: Blissey|32/100|[from] item: Leftovers
|upkeep
|turn|14
|
|t:|1779703600
|move|p1a: Blissey|Seismic Toss|p2a: Corviknight
|-damage|p2a: Corviknight|7/100 par
|-damage|p1a: Blissey|16/100|[from] item: Rocky Helmet|[of] p2a: Corviknight
|move|p2a: Corviknight|Roost|p2a: Corviknight
|-heal|p2a: Corviknight|57/100 par
|-singleturn|p2a: Corviknight|move: Roost
|
|-heal|p1a: Blissey|22/100|[from] item: Leftovers
|upkeep
|turn|15
|
|t:|1779703610
|move|p1a: Blissey|Soft-Boiled|p1a: Blissey
|-heal|p1a: Blissey|72/100
|cant|p2a: Corviknight|par
|
|-heal|p1a: Blissey|78/100|[from] item: Leftovers
|upkeep
|turn|16
|
|t:|1779703617
|move|p1a: Blissey|Soft-Boiled|p1a: Blissey
|-heal|p1a: Blissey|100/100
|move|p2a: Corviknight|Roost|p2a: Corviknight
|-heal|p2a: Corviknight|100/100 par
|-singleturn|p2a: Corviknight|move: Roost
|
|upkeep
|turn|17
|
|t:|1779703631
|switch|p1a: Zapdos|Zapdos|100/100
|move|p2a: Corviknight|Brave Bird|p1a: Zapdos
|-resisted|p1a: Zapdos
|-damage|p1a: Zapdos|77/100
|-damage|p2a: Corviknight|94/100 par|[from] Recoil
|
|upkeep
|turn|18
|
|t:|1779703644
|switch|p2a: Landorus|Landorus-Therian, M|64/100 tox
|-damage|p2a: Landorus|52/100 tox|[from] Stealth Rock
|-ability|p2a: Landorus|Intimidate|boost
|-unboost|p1a: Zapdos|atk|1
|move|p1a: Zapdos|Volt Switch|p2a: Landorus
|-immune|p2a: Landorus
|
|-damage|p2a: Landorus|46/100 tox|[from] psn
|upkeep
|turn|19
|
|t:|1779703657
|move|p1a: Zapdos|Hurricane|p2a: Landorus
|-damage|p2a: Landorus|0 fnt
|faint|p2a: Landorus
|
|upkeep
|
|t:|1779703665
|switch|p2a: Dragapult|Dragapult, F|88/100
|-damage|p2a: Dragapult|76/100|[from] Stealth Rock
|turn|20
|
|t:|1779703672
|move|p2a: Dragapult|Shadow Ball|p1a: Zapdos
|-damage|p1a: Zapdos|22/100
|move|p1a: Zapdos|Volt Switch|p2a: Dragapult
|-resisted|p2a: Dragapult
|-damage|p2a: Dragapult|53/100
|
|t:|1779703684
|switch|p1a: Shellos|Shellos-East, M|100/100|[from] Volt Switch
|
|upkeep
|turn|21
|
|t:|1779703691
|switch|p2a: Slowking|Slowking-Galar, F|100/100
|move|p1a: Shellos|Mirror Coat||[still]
|-fail|p1a: Shellos
|
|upkeep
|turn|22
|
|t:|1779703704
|switch|p1a: Gliscor|Gliscor, M|100/100 tox
|move|p2a: Slowking|Future Sight|p1a: Gliscor
|-start|p2a: Slowking|move: Future Sight
|
|upkeep
|turn|23
|
|t:|1779703719
|switch|p2a: Corviknight|Corviknight, F|94/100 par
|-damage|p2a: Corviknight|82/100 par|[from] Stealth Rock
|move|p1a: Gliscor|Substitute|p1a: Gliscor
|-start|p1a: Gliscor|Substitute
|-damage|p1a: Gliscor|76/100 tox
|
|-heal|p1a: Gliscor|88/100 tox|[from] ability: Poison Heal
|upkeep
|turn|24
|
|t:|1779703730
|move|p1a: Gliscor|Protect|p1a: Gliscor
|-singleturn|p1a: Gliscor|Protect
|move|p2a: Corviknight|Defog|p1a: Gliscor
|-activate|p1a: Gliscor|move: Protect
|
|-end|p1a: Gliscor|move: Future Sight
|-end|p1a: Gliscor|Substitute
|-heal|p1a: Gliscor|100/100 tox|[from] ability: Poison Heal
|upkeep
|turn|25
|
|t:|1779703754
|switch|p1a: Zapdos|Zapdos|22/100
|move|p2a: Corviknight|Defog|p1a: Zapdos
|-unboost|p1a: Zapdos|evasion|1
|-sideend|p2: gggJESUSggg|Stealth Rock|[from] move: Defog|[of] p2a: Corviknight
|
|upkeep
|turn|26
|
|t:|1779703761
|move|p1a: Zapdos|Thunderbolt|p2a: Corviknight
|-supereffective|p2a: Corviknight
|-damage|p2a: Corviknight|0 fnt
|faint|p2a: Corviknight
|
|upkeep
|
|t:|1779703766
|switch|p2a: Dragapult|Dragapult, F|53/100
|turn|27
|
|t:|1779703776
|switch|p1a: Blissey|Blissey, F, shiny|100/100
|move|p2a: Dragapult|Shadow Ball|p1a: Blissey
|-immune|p1a: Blissey
|
|upkeep
|turn|28
|
|t:|1779703784
|switch|p2a: Iron Valiant|Iron Valiant|100/100
|-enditem|p2a: Iron Valiant|Booster Energy
|-activate|p2a: Iron Valiant|ability: Quark Drive|[fromitem]
|-start|p2a: Iron Valiant|quarkdrivespe
|move|p1a: Blissey|Thunder Wave|p2a: Iron Valiant|[miss]
|-miss|p1a: Blissey|p2a: Iron Valiant
|
|upkeep
|turn|29
|
|t:|1779703793
|move|p2a: Iron Valiant|Close Combat|p1a: Blissey
|-supereffective|p1a: Blissey
|-damage|p1a: Blissey|0 fnt
|-unboost|p2a: Iron Valiant|def|1
|-unboost|p2a: Iron Valiant|spd|1
|faint|p1a: Blissey
|
|upkeep
|
|t:|1779703800
|switch|p1a: Shellos|Shellos-East, M|100/100
|turn|30
|
|t:|1779703806
|move|p2a: Iron Valiant|Moonblast|p1a: Shellos
|-damage|p1a: Shellos|36/100
|move|p1a: Shellos|Counter||[still]
|-fail|p1a: Shellos
|
|upkeep
|turn|31
|
|t:|1779703820
|switch|p1a: Clodsire|Clodsire, M, shiny|100/100
|move|p2a: Iron Valiant|Moonblast|p1a: Clodsire
|-resisted|p1a: Clodsire
|-damage|p1a: Clodsire|82/100
|
|-heal|p1a: Clodsire|88/100|[from] item: Black Sludge
|upkeep
|turn|32
|
|t:|1779703833
|-end|p2a: Iron Valiant|Quark Drive|[silent]
|switch|p2a: Rotom|Rotom-Wash|100/100
|move|p1a: Clodsire|Gunk Shot|p2a: Rotom|[miss]
|-miss|p1a: Clodsire|p2a: Rotom
|
|-heal|p1a: Clodsire|94/100|[from] item: Black Sludge
|upkeep
|turn|33
|
|t:|1779703842
|move|p2a: Rotom|Will-O-Wisp|p1a: Clodsire
|-status|p1a: Clodsire|brn
|move|p1a: Clodsire|Toxic|p2a: Rotom
|-status|p2a: Rotom|tox
|
|-heal|p1a: Clodsire|100/100 brn|[from] item: Black Sludge
|-damage|p2a: Rotom|94/100 tox|[from] psn
|-damage|p1a: Clodsire|94/100 brn|[from] brn
|upkeep
|turn|34
|
|t:|1779703856
|switch|p1a: Shellos|Shellos-East, M|36/100
|move|p2a: Rotom|Hydro Pump|p1a: Shellos
|-ability|p1a: Shellos|Storm Drain|boost
|-boost|p1a: Shellos|spa|1
|
|-heal|p2a: Rotom|100/100 tox|[from] item: Leftovers
|-damage|p2a: Rotom|88/100 tox|[from] psn
|upkeep
|turn|35
|
|t:|1779703866
|switch|p1a: Gliscor|Gliscor, M|100/100 tox
|move|p2a: Rotom|Volt Switch|p1a: Gliscor
|-immune|p1a: Gliscor
|
|-heal|p2a: Rotom|94/100 tox|[from] item: Leftovers
|-damage|p2a: Rotom|75/100 tox|[from] psn
|upkeep
|turn|36
|
|t:|1779703875
|move|p1a: Gliscor|Protect|p1a: Gliscor
|-singleturn|p1a: Gliscor|Protect
|move|p2a: Rotom|Hydro Pump|p1a: Gliscor
|-activate|p1a: Gliscor|move: Protect
|
|-heal|p2a: Rotom|82/100 tox|[from] item: Leftovers
|-damage|p2a: Rotom|57/100 tox|[from] psn
|upkeep
|turn|37
|
|t:|1779703886
|move|p1a: Gliscor|Substitute|p1a: Gliscor
|-start|p1a: Gliscor|Substitute
|-damage|p1a: Gliscor|76/100 tox
|move|p2a: Rotom|Will-O-Wisp||[still]
|-fail|p2a: Rotom
|
|-heal|p2a: Rotom|63/100 tox|[from] item: Leftovers
|-heal|p1a: Gliscor|88/100 tox|[from] ability: Poison Heal
|-damage|p2a: Rotom|32/100 tox|[from] psn
|upkeep
|turn|38
|
|t:|1779703896
|move|p1a: Gliscor|Protect|p1a: Gliscor
|-singleturn|p1a: Gliscor|Protect
|move|p2a: Rotom|Hydro Pump|p1a: Gliscor
|-activate|p1a: Gliscor|move: Protect
|
|-heal|p2a: Rotom|38/100 tox|[from] item: Leftovers
|-heal|p1a: Gliscor|100/100 tox|[from] ability: Poison Heal
|-damage|p2a: Rotom|0 fnt|[from] psn
|faint|p2a: Rotom
|upkeep
|
|t:|1779703907
|switch|p2a: Dragapult|Dragapult, F|53/100
|turn|39
|
|t:|1779703913
|-terastallize|p2a: Dragapult|Dragon
|move|p2a: Dragapult|Draco Meteor|p1a: Gliscor
|-damage|p1a: Gliscor|0 fnt
|-unboost|p2a: Dragapult|spa|2
|faint|p1a: Gliscor
|
|upkeep
|
|t:|1779703922
|switch|p1a: Clodsire|Clodsire, M, shiny|94/100 brn
|turn|40
|
|t:|1779703928
|switch|p2a: Slowking|Slowking-Galar, F|100/100
|move|p1a: Clodsire|Toxic|p2a: Slowking
|-immune|p2a: Slowking
|
|-heal|p1a: Clodsire|100/100 brn|[from] item: Black Sludge
|-damage|p1a: Clodsire|94/100 brn|[from] brn
|upkeep
|turn|41
|
|t:|1779703937
|move|p2a: Slowking|Future Sight|p1a: Clodsire
|-start|p2a: Slowking|move: Future Sight
|move|p1a: Clodsire|Earthquake|p2a: Slowking
|-supereffective|p2a: Slowking
|-damage|p2a: Slowking|75/100
|
|-heal|p1a: Clodsire|100/100 brn|[from] item: Black Sludge
|-damage|p1a: Clodsire|94/100 brn|[from] brn
|upkeep
|turn|42
|
|t:|1779703948
|move|p2a: Slowking|Sludge Bomb|p1a: Clodsire
|-resisted|p1a: Clodsire
|-damage|p1a: Clodsire|88/100 brn
|move|p1a: Clodsire|Earthquake|p2a: Slowking
|-supereffective|p2a: Slowking
|-damage|p2a: Slowking|48/100
|
|-heal|p1a: Clodsire|95/100 brn|[from] item: Black Sludge
|-damage|p1a: Clodsire|88/100 brn|[from] brn
|upkeep
|turn|43
|
|t:|1779703964
|move|p2a: Slowking|Flamethrower|p1a: Clodsire
|-damage|p1a: Clodsire|71/100 brn
|move|p1a: Clodsire|Earthquake|p2a: Slowking
|-supereffective|p2a: Slowking
|-damage|p2a: Slowking|19/100
|
|-end|p1a: Clodsire|move: Future Sight
|-supereffective|p1a: Clodsire
|-damage|p1a: Clodsire|5/100 brn
|-heal|p1a: Clodsire|11/100 brn|[from] item: Black Sludge
|-damage|p1a: Clodsire|5/100 brn|[from] brn
|upkeep
|turn|44
|
|t:|1779703976
|move|p2a: Slowking|Future Sight|p1a: Clodsire
|-start|p2a: Slowking|move: Future Sight
|move|p1a: Clodsire|Recover|p1a: Clodsire
|-heal|p1a: Clodsire|55/100 brn
|
|-heal|p1a: Clodsire|61/100 brn|[from] item: Black Sludge
|-damage|p1a: Clodsire|55/100 brn|[from] brn
|upkeep
|turn|45
|
|t:|1779703984
|move|p2a: Slowking|Flamethrower|p1a: Clodsire
|-damage|p1a: Clodsire|38/100 brn
|move|p1a: Clodsire|Recover|p1a: Clodsire
|-heal|p1a: Clodsire|88/100 brn
|
|-heal|p1a: Clodsire|94/100 brn|[from] item: Black Sludge
|-damage|p1a: Clodsire|88/100 brn|[from] brn
|upkeep
|turn|46
|
|t:|1779703993
|move|p2a: Slowking|Future Sight||[still]
|-fail|p2a: Slowking
|move|p1a: Clodsire|Recover|p1a: Clodsire
|-heal|p1a: Clodsire|100/100 brn
|
|-end|p1a: Clodsire|move: Future Sight
|-supereffective|p1a: Clodsire
|-damage|p1a: Clodsire|36/100 brn
|-heal|p1a: Clodsire|42/100 brn|[from] item: Black Sludge
|-damage|p1a: Clodsire|36/100 brn|[from] brn
|upkeep
|turn|47
|
|t:|1779704006
|switch|p2a: Iron Valiant|Iron Valiant|100/100
|move|p1a: Clodsire|Earthquake|p2a: Iron Valiant
|-damage|p2a: Iron Valiant|83/100
|
|-heal|p1a: Clodsire|42/100 brn|[from] item: Black Sludge
|-damage|p1a: Clodsire|36/100 brn|[from] brn
|upkeep
|turn|48
|
|t:|1779704025
|move|p2a: Iron Valiant|Moonblast|p1a: Clodsire
|-resisted|p1a: Clodsire
|-damage|p1a: Clodsire|20/100 brn
|move|p1a: Clodsire|Toxic|p2a: Iron Valiant
|-status|p2a: Iron Valiant|tox
|
|-heal|p1a: Clodsire|26/100 brn|[from] item: Black Sludge
|-damage|p2a: Iron Valiant|76/100 tox|[from] psn
|-damage|p1a: Clodsire|20/100 brn|[from] brn
|upkeep
|turn|49
|
|t:|1779704035
|-end|p2a: Iron Valiant|Quark Drive|[silent]
|switch|p2a: Slowking|Slowking-Galar, F|53/100
|move|p1a: Clodsire|Recover|p1a: Clodsire
|-heal|p1a: Clodsire|70/100 brn
|
|-heal|p1a: Clodsire|76/100 brn|[from] item: Black Sludge
|-damage|p1a: Clodsire|70/100 brn|[from] brn
|upkeep
|turn|50
|
|t:|1779704044
|move|p2a: Slowking|Future Sight|p1a: Clodsire
|-start|p2a: Slowking|move: Future Sight
|move|p1a: Clodsire|Earthquake|p2a: Slowking
|-supereffective|p2a: Slowking
|-damage|p2a: Slowking|25/100
|
|-heal|p1a: Clodsire|76/100 brn|[from] item: Black Sludge
|-damage|p1a: Clodsire|70/100 brn|[from] brn
|upkeep
|turn|51
|
|t:|1779704056
|switch|p2a: Iron Valiant|Iron Valiant|76/100 tox
|move|p1a: Clodsire|Earthquake|p2a: Iron Valiant
|-damage|p2a: Iron Valiant|60/100 tox
|
|-heal|p1a: Clodsire|76/100 brn|[from] item: Black Sludge
|-damage|p2a: Iron Valiant|53/100 tox|[from] psn
|-damage|p1a: Clodsire|70/100 brn|[from] brn
|upkeep
|turn|52
|
|t:|1779704066
|move|p2a: Iron Valiant|Close Combat|p1a: Clodsire
|-resisted|p1a: Clodsire
|-damage|p1a: Clodsire|52/100 brn
|-unboost|p2a: Iron Valiant|def|1
|-unboost|p2a: Iron Valiant|spd|1
|move|p1a: Clodsire|Recover|p1a: Clodsire
|-heal|p1a: Clodsire|100/100 brn
|
|-end|p1a: Clodsire|move: Future Sight
|-supereffective|p1a: Clodsire
|-damage|p1a: Clodsire|35/100 brn
|-heal|p1a: Clodsire|41/100 brn|[from] item: Black Sludge
|-damage|p2a: Iron Valiant|41/100 tox|[from] psn
|-damage|p1a: Clodsire|35/100 brn|[from] brn
|upkeep
|turn|53
|
|t:|1779704081
|-end|p2a: Iron Valiant|Quark Drive|[silent]
|switch|p2a: Slowking|Slowking-Galar, F|58/100
|move|p1a: Clodsire|Recover|p1a: Clodsire
|-heal|p1a: Clodsire|85/100 brn
|
|-heal|p1a: Clodsire|91/100 brn|[from] item: Black Sludge
|-damage|p1a: Clodsire|85/100 brn|[from] brn
|upkeep
|turn|54
|
|t:|1779704090
|-prepare|p2a: Slowking|Chilly Reception|[premajor]
|move|p2a: Slowking|Chilly Reception|p2a: Slowking
|-weather|Snowscape
|
|t:|1779704095
|switch|p2a: Dragapult|Dragapult, F, tera:Dragon|53/100|[from] Chilly Reception
|move|p1a: Clodsire|Earthquake|p2a: Dragapult
|-damage|p2a: Dragapult|33/100
|
|-weather|Snowscape|[upkeep]
|-heal|p1a: Clodsire|91/100 brn|[from] item: Black Sludge
|-damage|p1a: Clodsire|85/100 brn|[from] brn
|upkeep
|turn|55
|
|t:|1779704106
|switch|p2a: Slowking|Slowking-Galar, F|92/100
|switch|p1a: Shellos|Shellos-East, M|36/100
|
|-weather|Snowscape|[upkeep]
|upkeep
|turn|56
|
|t:|1779704115
|move|p1a: Shellos|Recover|p1a: Shellos
|-heal|p1a: Shellos|86/100
|move|p2a: Slowking|Future Sight|p1a: Shellos
|-start|p2a: Slowking|move: Future Sight
|
|-weather|Snowscape|[upkeep]
|upkeep
|turn|57
|
|t:|1779704121
|move|p1a: Shellos|Recover|p1a: Shellos
|-heal|p1a: Shellos|100/100
|move|p2a: Slowking|Sludge Bomb|p1a: Shellos
|-damage|p1a: Shellos|50/100
|-status|p1a: Shellos|psn
|
|-weather|Snowscape|[upkeep]
|-damage|p1a: Shellos|38/100 psn|[from] psn
|upkeep
|turn|58
|
|t:|1779704131
|move|p1a: Shellos|Recover|p1a: Shellos
|-heal|p1a: Shellos|88/100 psn
|move|p2a: Slowking|Sludge Bomb|p1a: Shellos
|-damage|p1a: Shellos|44/100 psn
|
|-weather|none
|-end|p1a: Shellos|move: Future Sight
|-damage|p1a: Shellos|0 fnt
|faint|p1a: Shellos
|upkeep
|
|t:|1779704140
|switch|p1a: Zapdos|Zapdos|22/100
|turn|59
|
|t:|1779704149
|move|p1a: Zapdos|Roost|p1a: Zapdos
|-heal|p1a: Zapdos|72/100
|-singleturn|p1a: Zapdos|move: Roost
|move|p2a: Slowking|Sludge Bomb|p1a: Zapdos
|-damage|p1a: Zapdos|36/100
|
|upkeep
|turn|60
|j| Amphi n enjoyer
|
|t:|1779704158
|move|p1a: Zapdos|Thunderbolt|p2a: Slowking
|-damage|p2a: Slowking|64/100
|move|p2a: Slowking|Future Sight|p1a: Zapdos
|-start|p2a: Slowking|move: Future Sight
|
|upkeep
|turn|61
|
|t:|1779704163
|move|p1a: Zapdos|Roost|p1a: Zapdos
|-heal|p1a: Zapdos|86/100
|-singleturn|p1a: Zapdos|move: Roost
|move|p2a: Slowking|Sludge Bomb|p1a: Zapdos
|-damage|p1a: Zapdos|48/100
|
|upkeep
|turn|62
|
|t:|1779704173
|move|p1a: Zapdos|Hurricane|p2a: Slowking
|-damage|p2a: Slowking|32/100
|move|p2a: Slowking|Sludge Bomb|p1a: Zapdos
|-damage|p1a: Zapdos|12/100
|-status|p1a: Zapdos|psn
|
|-end|p1a: Zapdos|move: Future Sight
|-damage|p1a: Zapdos|0 fnt
|faint|p1a: Zapdos
|upkeep
|
|t:|1779704183
|switch|p1a: Clodsire|Clodsire, M, shiny|85/100 brn
|turn|63
|
|t:|1779704192
|switch|p2a: Iron Valiant|Iron Valiant|41/100 tox
|move|p1a: Clodsire|Gunk Shot|p2a: Iron Valiant
|-supereffective|p2a: Iron Valiant
|-damage|p2a: Iron Valiant|1/100 tox
|
|-heal|p1a: Clodsire|91/100 brn|[from] item: Black Sludge
|-damage|p2a: Iron Valiant|0 fnt|[from] psn
|faint|p2a: Iron Valiant
|-end|p2a: Iron Valiant|Quark Drive|[silent]
|-damage|p1a: Clodsire|85/100 brn|[from] brn
|upkeep
|
|t:|1779704202
|switch|p2a: Dragapult|Dragapult, F, tera:Dragon|33/100
|turn|64
|
|t:|1779704209
|move|p2a: Dragapult|Draco Meteor|p1a: Clodsire
|-crit|p1a: Clodsire
|-damage|p1a: Clodsire|0 fnt
|-unboost|p2a: Dragapult|spa|2
|faint|p1a: Clodsire
|
|win|gggJESUSggg
|raw|Sae No Kami's rating: 1140 &rarr; <strong>1111</strong><br />(-29 for losing)
|raw|gggJESUSggg's rating: 1088 &rarr; <strong>1119</strong><br />(+31 for winning)
|l|☆Sae No Kami
|player|p1|
|l|☆gggJESUSggg
|player|p2|
