|j|☆Just_Seele
|j|☆xlbxrt
|t:|1779631499
|gametype|singles
|player|p1|Just_Seele|elesa|
|player|p2|xlbxrt|2|
|gen|9
|tier|[Gen 9] OU
|rule|HP Percentage Mod: HP is shown in percentages
|rule|Endless Battle Clause: Forcing endless battles is banned
|rule|Species Clause: Limit one of each Pokémon
|rule|OHKO Clause: OHKO moves are banned
|rule|Evasion Items Clause: Evasion items are banned
|rule|Evasion Moves Clause: Evasion moves are banned
|rule|Evasion Abilities Clause: Evasion abilities are banned
|rule|Sleep Moves Clause: Sleep-inducing moves are banned
|clearpoke
|poke|p1|Kommo-o, M|
|poke|p1|Swampert, M|
|poke|p1|Vaporeon, F|
|poke|p1|Meowscarada, F|
|poke|p1|Sylveon, F|
|poke|p1|Delphox, F|
|poke|p2|Deoxys-Speed|
|poke|p2|Heracross, F|
|poke|p2|Iron Thorns|
|poke|p2|Suicune|
|poke|p2|Mandibuzz, F|
|poke|p2|Entei|
|teampreview
|j| PrestigeCivilian
|c|☆Just_Seele|Terra kammao
|c|☆Just_Seele|steal
|j| firstle
|j| Vinkun9746
|c| PrestigeCivilian|Ayden - Terra Heracross (Steel)
|j| ItsMeFiery
|c| Vinkun9746|siuuuucuine
|c| Vinkun9746|oh nooo
|
|t:|1779631622
|teamsize|p1|6
|teamsize|p2|6
|start
|switch|p1a: Furry-con|Meowscarada, F|100/100
|switch|p2a: Deoxys|Deoxys-Speed|100/100
|-ability|p2a: Deoxys|Pressure
|turn|1
|c| Vinkun9746|giga impact
|
|t:|1779631671
|move|p2a: Deoxys|Stealth Rock|p1a: Furry-con
|-sidestart|p1: Just_Seele|move: Stealth Rock
|move|p1a: Furry-con|Knock Off|p2a: Deoxys
|-start|p1a: Furry-con|typechange|Dark|[from] ability: Protean
|-supereffective|p2a: Deoxys
|-enditem|p2a: Deoxys|Focus Sash
|-damage|p2a: Deoxys|1/100
|
|upkeep
|turn|2
|c| Vinkun9746|yooooo
|c| Vinkun9746|sasha
|c| PrestigeCivilian|sashabu sila
|
|t:|1779631707
|move|p2a: Deoxys|Spikes|p1a: Furry-con
|-sidestart|p1: Just_Seele|Spikes
|move|p1a: Furry-con|Knock Off|p2a: Deoxys
|-supereffective|p2a: Deoxys
|-damage|p2a: Deoxys|0 fnt
|faint|p2a: Deoxys
|
|upkeep
|
|t:|1779631722
|switch|p2a: Dark Ho-Oh|Mandibuzz, F, shiny|100/100
|turn|3
|c| Vinkun9746|sheer cold
|j| nanchalant
|
|t:|1779631745
|switch|p1a: FleshTube|Sylveon, F|100/100
|-damage|p1a: FleshTube|88/100|[from] Stealth Rock
|-damage|p1a: FleshTube|76/100|[from] Spikes
|move|p2a: Dark Ho-Oh|U-turn|p1a: FleshTube
|-resisted|p1a: FleshTube
|-damage|p1a: FleshTube|71/100
|c| Vinkun9746|di ka naka HIRAC
|
|t:|1779631768
|switch|p2a: ground type to|Entei, shiny|100/100|[from] U-turn
|-ability|p2a: ground type to|Pressure
|
|-heal|p1a: FleshTube|77/100|[from] item: Leftovers
|upkeep
|turn|4
|c| PrestigeCivilian|ground kaya talaga?
|c| Vinkun9746|mukhang ground naman
|
|t:|1779631795
|move|p2a: ground type to|Sacred Fire|p1a: FleshTube
|-damage|p1a: FleshTube|16/100
|move|p1a: FleshTube|Wish|p1a: FleshTube
|
|-heal|p1a: FleshTube|22/100|[from] item: Leftovers
|upkeep
|turn|5
|c| Vinkun9746|wow
|
|t:|1779631820
|switch|p1a: White Acid Armor|Vaporeon, F|100/100
|-damage|p1a: White Acid Armor|88/100|[from] Stealth Rock
|-damage|p1a: White Acid Armor|75/100|[from] Spikes
|move|p2a: ground type to|Sacred Fire|p1a: White Acid Armor
|-resisted|p1a: White Acid Armor
|-damage|p1a: White Acid Armor|49/100
|
|-heal|p1a: White Acid Armor|91/100|[from] move: Wish|[wisher] FleshTube
|-heal|p1a: White Acid Armor|98/100|[from] item: Leftovers
|upkeep
|turn|6
|c| Vinkun9746|wish parade
|c| PrestigeCivilian|when i was
|c| Vinkun9746|67
|
|t:|1779631847
|switch|p2a: eto na|Suicune, shiny|100/100
|-ability|p2a: eto na|Pressure
|move|p1a: White Acid Armor|Wish|p1a: White Acid Armor
|
|-heal|p1a: White Acid Armor|100/100|[from] item: Leftovers
|upkeep
|turn|7
|c| PrestigeCivilian|wocheinuinely
|c| Vinkun9746|omg
|c| Vinkun9746|bro appeared
|
|t:|1779631872
|switch|p1a: Furry-con|Meowscarada, F|100/100
|-damage|p1a: Furry-con|88/100|[from] Stealth Rock
|-damage|p1a: Furry-con|76/100|[from] Spikes
|move|p2a: eto na|Substitute|p2a: eto na
|-start|p2a: eto na|Substitute
|-damage|p2a: eto na|75/100
|
|-heal|p1a: Furry-con|100/100|[from] move: Wish|[wisher] White Acid Armor
|-heal|p2a: eto na|82/100|[from] item: Leftovers
|upkeep
|turn|8
|c| Vinkun9746|waaaat
|c| Vinkun9746|bawal yan boss according sa RA 6769666 establishments without proper safety management implemented are subjected to the following:
|
|t:|1779631938
|move|p1a: Furry-con|Flower Trick|p2a: eto na
|-start|p1a: Furry-con|typechange|Grass|[from] ability: Protean
|-supereffective|p2a: eto na
|-crit|p2a: eto na
|-end|p2a: eto na|Substitute
|move|p2a: eto na|Scald|p1a: Furry-con
|-resisted|p1a: Furry-con
|-damage|p1a: Furry-con|80/100
|-status|p1a: Furry-con|brn
|
|-heal|p2a: eto na|88/100|[from] item: Leftovers
|-damage|p1a: Furry-con|74/100 brn|[from] brn
|upkeep
|turn|9
|c| Vinkun9746|NTR
|
|t:|1779631956
|switch|p2a: Dark Ho-Oh|Mandibuzz, F, shiny|100/100
|move|p1a: Furry-con|Flower Trick|p2a: Dark Ho-Oh
|-resisted|p2a: Dark Ho-Oh
|-crit|p2a: Dark Ho-Oh
|-damage|p2a: Dark Ho-Oh|91/100
|
|-damage|p1a: Furry-con|68/100 brn|[from] brn
|upkeep
|turn|10
|c| Vinkun9746|burned ahh
|
|t:|1779632025
|switch|p1a: KamaO|Kommo-o, M, shiny|100/100
|-damage|p1a: KamaO|94/100|[from] Stealth Rock
|-damage|p1a: KamaO|82/100|[from] Spikes
|move|p2a: Dark Ho-Oh|U-turn|p1a: KamaO
|-resisted|p1a: KamaO
|-damage|p1a: KamaO|76/100
|c| Vinkun9746|bkt ganyan kulay ni kommo o
|j| pikapikachewie
|c| Vinkun9746|parang bellosom
|c| PrestigeCivilian|what if
|c| Vinkun9746|batakab
|
|t:|1779632097
|switch|p2a: ground type to|Entei, shiny|100/100|[from] U-turn
|-ability|p2a: ground type to|Pressure
|
|upkeep
|turn|11
|c| Vinkun9746|solar beam
|
|t:|1779632127
|move|p2a: ground type to|Sacred Fire|p1a: KamaO
|-resisted|p1a: KamaO
|-damage|p1a: KamaO|36/100
|move|p1a: KamaO|Clangorous Soul|p1a: KamaO
|-boost|p1a: KamaO|atk|1
|-boost|p1a: KamaO|def|1
|-boost|p1a: KamaO|spa|1
|-boost|p1a: KamaO|spd|1
|-boost|p1a: KamaO|spe|1
|-damage|p1a: KamaO|3/100
|-enditem|p1a: KamaO|Throat Spray
|-boost|p1a: KamaO|spa|1|[from] item: Throat Spray
|
|upkeep
|turn|12
|c| Vinkun9746|sakit
|
|t:|1779632151
|-terastallize|p1a: KamaO|Steel
|move|p1a: KamaO|Clanging Scales|p2a: ground type to
|-damage|p2a: ground type to|0 fnt
|faint|p2a: ground type to
|-unboost|p1a: KamaO|def|1
|
|upkeep
|c| Vinkun9746|omg
|c| Vinkun9746|yoooo
|c| Vinkun9746|clanjorus soul
|c| PrestigeCivilian|clangalingling
|c| Vinkun9746|choice band victini v create
|
|t:|1779632215
|switch|p2a: mama mo pink|Heracross, F, shiny|100/100
|turn|13
|
|t:|1779632243
|-terastallize|p2a: mama mo pink|Steel
|move|p1a: KamaO|Flamethrower|p2a: mama mo pink
|-supereffective|p2a: mama mo pink
|-damage|p2a: mama mo pink|0 fnt
|faint|p2a: mama mo pink
|
|upkeep
|c| Vinkun9746|so skiry
|c| nanchalant|read like a book
|
|t:|1779632286
|switch|p2a: eto na|Suicune, shiny|88/100
|-ability|p2a: eto na|Pressure
|turn|14
|
|t:|1779632296
|move|p2a: eto na|Protect|p2a: eto na
|-singleturn|p2a: eto na|Protect
|move|p1a: KamaO|Clanging Scales|p2a: eto na
|-activate|p2a: eto na|move: Protect
|
|-heal|p2a: eto na|94/100|[from] item: Leftovers
|upkeep
|turn|15
|
|t:|1779632333
|move|p1a: KamaO|Clanging Scales|p2a: eto na
|-damage|p2a: eto na|27/100
|-unboost|p1a: KamaO|def|1
|move|p2a: eto na|Scald|p1a: KamaO
|-crit|p1a: KamaO
|-damage|p1a: KamaO|0 fnt
|faint|p1a: KamaO
|
|-heal|p2a: eto na|33/100|[from] item: Leftovers
|upkeep
|c| Vinkun9746|omg nag crit
|
|t:|1779632343
|switch|p1a: Furry-con|Meowscarada, F|68/100 brn
|-damage|p1a: Furry-con|55/100 brn|[from] Stealth Rock
|-damage|p1a: Furry-con|43/100 brn|[from] Spikes
|turn|16
|c| Vinkun9746|skt
|c| Vinkun9746|brn :'((
|
|t:|1779632368
|move|p2a: eto na|Protect|p2a: eto na
|-singleturn|p2a: eto na|Protect
|move|p1a: Furry-con|Flower Trick|p2a: eto na
|-start|p1a: Furry-con|typechange|Grass|[from] ability: Protean
|-activate|p2a: eto na|move: Protect
|
|-heal|p2a: eto na|39/100|[from] item: Leftovers
|-damage|p1a: Furry-con|37/100 brn|[from] brn
|upkeep
|turn|17
|c| PrestigeCivilian|barnyard
|
|t:|1779632390
|switch|p2a: Dark Ho-Oh|Mandibuzz, F, shiny|91/100
|move|p1a: Furry-con|Flower Trick|p2a: Dark Ho-Oh
|-resisted|p2a: Dark Ho-Oh
|-crit|p2a: Dark Ho-Oh
|-damage|p2a: Dark Ho-Oh|79/100
|
|-damage|p1a: Furry-con|31/100 brn|[from] brn
|upkeep
|turn|18
|l| ItsMeFiery
|c| Vinkun9746|amazing
|
|t:|1779632405
|switch|p1a: White Acid Armor|Vaporeon, F|100/100
|-damage|p1a: White Acid Armor|88/100|[from] Stealth Rock
|-damage|p1a: White Acid Armor|75/100|[from] Spikes
|move|p2a: Dark Ho-Oh|U-turn|p1a: White Acid Armor
|-damage|p1a: White Acid Armor|67/100
|
|t:|1779632412
|switch|p2a: eto na|Suicune, shiny|39/100|[from] U-turn
|-ability|p2a: eto na|Pressure
|
|-heal|p2a: eto na|46/100|[from] item: Leftovers
|-heal|p1a: White Acid Armor|74/100|[from] item: Leftovers
|upkeep
|turn|19
|j| ItsMeFiery
|l|☆xlbxrt
|player|p2|
|c| Vinkun9746|wat
|l| Vinkun9746
|j|☆xlbxrt
|player|p2|xlbxrt|2|
|j| Vinkun9746
|
|t:|1779632493
|move|p2a: eto na|Substitute|p2a: eto na
|-start|p2a: eto na|Substitute
|-damage|p2a: eto na|21/100
|move|p1a: White Acid Armor|Wish|p1a: White Acid Armor
|
|-heal|p2a: eto na|27/100|[from] item: Leftovers
|-heal|p1a: White Acid Armor|80/100|[from] item: Leftovers
|upkeep
|turn|20
|
|t:|1779632503
|move|p2a: eto na|Calm Mind|p2a: eto na
|-boost|p2a: eto na|spa|1
|-boost|p2a: eto na|spd|1
|move|p1a: White Acid Armor|Flip Turn|p2a: eto na
|-resisted|p2a: eto na
|-activate|p2a: eto na|move: Substitute|[damage]
|c| Vinkun9746|omg
|
|t:|1779632509
|switch|p1a: Furry-con|Meowscarada, F|31/100 brn|[from] Flip Turn
|-damage|p1a: Furry-con|19/100 brn|[from] Stealth Rock
|-damage|p1a: Furry-con|6/100 brn|[from] Spikes
|
|-heal|p1a: Furry-con|85/100 brn|[from] move: Wish|[wisher] White Acid Armor
|-heal|p2a: eto na|33/100|[from] item: Leftovers
|-damage|p1a: Furry-con|79/100 brn|[from] brn
|upkeep
|turn|21
|c| Vinkun9746|napanood ko na to
|
|t:|1779632527
|move|p1a: Furry-con|Flower Trick|p2a: eto na
|-start|p1a: Furry-con|typechange|Grass|[from] ability: Protean
|-supereffective|p2a: eto na
|-crit|p2a: eto na
|-end|p2a: eto na|Substitute
|move|p2a: eto na|Scald|p1a: Furry-con
|-resisted|p1a: Furry-con
|-damage|p1a: Furry-con|50/100 brn
|
|-heal|p2a: eto na|39/100|[from] item: Leftovers
|-damage|p1a: Furry-con|44/100 brn|[from] brn
|upkeep
|turn|22
|
|t:|1779632542
|move|p2a: eto na|Protect|p2a: eto na
|-singleturn|p2a: eto na|Protect
|move|p1a: Furry-con|Flower Trick|p2a: eto na
|-activate|p2a: eto na|move: Protect
|
|-heal|p2a: eto na|45/100|[from] item: Leftovers
|-damage|p1a: Furry-con|37/100 brn|[from] brn
|upkeep
|turn|23
|
|t:|1779632560
|switch|p2a: Dark Ho-Oh|Mandibuzz, F, shiny|79/100
|move|p1a: Furry-con|Flower Trick|p2a: Dark Ho-Oh
|-resisted|p2a: Dark Ho-Oh
|-crit|p2a: Dark Ho-Oh
|-damage|p2a: Dark Ho-Oh|68/100
|
|-damage|p1a: Furry-con|31/100 brn|[from] brn
|upkeep
|turn|24
|c| Vinkun9746|wala na
|
|t:|1779632577
|switch|p1a: Pass|Swampert, M, shiny|100/100
|-damage|p1a: Pass|94/100|[from] Stealth Rock
|-damage|p1a: Pass|82/100|[from] Spikes
|move|p2a: Dark Ho-Oh|Roost|p2a: Dark Ho-Oh
|-heal|p2a: Dark Ho-Oh|100/100
|-singleturn|p2a: Dark Ho-Oh|move: Roost
|
|-heal|p1a: Pass|88/100|[from] item: Leftovers
|upkeep
|turn|25
|c| Vinkun9746|bro malding
|c| Vinkun9746|swampuday
|c| Vinkun9746|baliktad na ho-oh, same lang amazing
|
|t:|1779632674
|move|p2a: Dark Ho-Oh|U-turn|p1a: Pass
|-damage|p1a: Pass|81/100
|
|t:|1779632686
|switch|p2a: eto na|Suicune, shiny|45/100|[from] U-turn
|-ability|p2a: eto na|Pressure
|move|p1a: Pass|Stealth Rock|p2a: eto na
|-sidestart|p2: xlbxrt|move: Stealth Rock
|
|-heal|p2a: eto na|51/100|[from] item: Leftovers
|-heal|p1a: Pass|87/100|[from] item: Leftovers
|upkeep
|turn|26
|
|t:|1779632713
|move|p2a: eto na|Substitute|p2a: eto na
|-start|p2a: eto na|Substitute
|-damage|p2a: eto na|26/100
|move|p1a: Pass|Liquidation|p2a: eto na
|-resisted|p2a: eto na
|-activate|p2a: eto na|move: Substitute|[damage]
|
|-heal|p2a: eto na|33/100|[from] item: Leftovers
|-heal|p1a: Pass|93/100|[from] item: Leftovers
|upkeep
|turn|27
|l| Vinkun9746
|l|☆xlbxrt
|player|p2|
|j| Vinkun9746
|j|☆xlbxrt
|player|p2|xlbxrt|2|
|
|t:|1779632821
|move|p2a: eto na|Calm Mind|p2a: eto na
|-boost|p2a: eto na|spa|1
|-boost|p2a: eto na|spd|1
|move|p1a: Pass|Earthquake|p2a: eto na
|-end|p2a: eto na|Substitute
|
|-heal|p2a: eto na|39/100|[from] item: Leftovers
|-heal|p1a: Pass|99/100|[from] item: Leftovers
|upkeep
|turn|28
|c| Vinkun9746|omg
|c| Vinkun9746|im faded
|
|t:|1779632844
|move|p2a: eto na|Substitute|p2a: eto na
|-start|p2a: eto na|Substitute
|-damage|p2a: eto na|14/100
|move|p1a: Pass|Earthquake|p2a: eto na
|-activate|p2a: eto na|move: Substitute|[damage]
|
|-heal|p2a: eto na|20/100|[from] item: Leftovers
|-heal|p1a: Pass|100/100|[from] item: Leftovers
|upkeep
|turn|29
|c| Vinkun9746|tenenewtenenenew
|
|t:|1779632854
|move|p2a: eto na|Scald|p1a: Pass
|-damage|p1a: Pass|68/100
|-status|p1a: Pass|brn
|move|p1a: Pass|Ice Beam|p2a: eto na
|-resisted|p2a: eto na
|-end|p2a: eto na|Substitute
|
|-heal|p2a: eto na|26/100|[from] item: Leftovers
|-heal|p1a: Pass|75/100 brn|[from] item: Leftovers
|-damage|p1a: Pass|68/100 brn|[from] brn
|upkeep
|turn|30
|c| Vinkun9746|burned din
|
|t:|1779632871
|move|p2a: eto na|Substitute|p2a: eto na
|-start|p2a: eto na|Substitute
|-damage|p2a: eto na|1/100
|move|p1a: Pass|Earthquake|p2a: eto na
|-activate|p2a: eto na|move: Substitute|[damage]
|
|-heal|p2a: eto na|7/100|[from] item: Leftovers
|-heal|p1a: Pass|75/100 brn|[from] item: Leftovers
|-damage|p1a: Pass|68/100 brn|[from] brn
|upkeep
|turn|31
|c| Vinkun9746|galing
|
|t:|1779632883
|move|p2a: eto na|Scald|p1a: Pass
|-damage|p1a: Pass|35/100 brn
|move|p1a: Pass|Earthquake|p2a: eto na
|-activate|p2a: eto na|move: Substitute|[damage]
|
|-heal|p2a: eto na|14/100|[from] item: Leftovers
|-heal|p1a: Pass|42/100 brn|[from] item: Leftovers
|-damage|p1a: Pass|35/100 brn|[from] brn
|upkeep
|turn|32
|
|t:|1779632896
|switch|p1a: White Acid Armor|Vaporeon, F|80/100
|-damage|p1a: White Acid Armor|67/100|[from] Stealth Rock
|-damage|p1a: White Acid Armor|55/100|[from] Spikes
|move|p2a: eto na|Scald|p1a: White Acid Armor
|-heal|p1a: White Acid Armor|80/100|[from] ability: Water Absorb|[of] p2a: eto na
|
|-heal|p2a: eto na|20/100|[from] item: Leftovers
|-heal|p1a: White Acid Armor|86/100|[from] item: Leftovers
|upkeep
|turn|33
|c| Vinkun9746|kek
|
|t:|1779632914
|move|p2a: eto na|Calm Mind|p2a: eto na
|-boost|p2a: eto na|spa|1
|-boost|p2a: eto na|spd|1
|move|p1a: White Acid Armor|Haze|p1a: White Acid Armor
|-clearallboost
|
|-heal|p2a: eto na|26/100|[from] item: Leftovers
|-heal|p1a: White Acid Armor|92/100|[from] item: Leftovers
|upkeep
|turn|34
|c| Vinkun9746|lmaooo
|
|t:|1779632934
|move|p2a: eto na|Calm Mind|p2a: eto na
|-boost|p2a: eto na|spa|1
|-boost|p2a: eto na|spd|1
|move|p1a: White Acid Armor|Wish|p1a: White Acid Armor
|
|-heal|p2a: eto na|32/100|[from] item: Leftovers
|-heal|p1a: White Acid Armor|99/100|[from] item: Leftovers
|upkeep
|turn|35
|c| Vinkun9746|where r u now
|c| Vinkun9746|tinataas ni ayden
|
|t:|1779632986
|switch|p2a: Shiny Godzilla|Iron Thorns, shiny|100/100
|-damage|p2a: Shiny Godzilla|88/100|[from] Stealth Rock
|move|p1a: White Acid Armor|Flip Turn|p2a: Shiny Godzilla
|-supereffective|p2a: Shiny Godzilla
|-damage|p2a: Shiny Godzilla|62/100
|c| Vinkun9746|skt
|
|t:|1779632999
|switch|p1a: Pass|Swampert, M, shiny|35/100 brn|[from] Flip Turn
|-damage|p1a: Pass|29/100 brn|[from] Stealth Rock
|-damage|p1a: Pass|17/100 brn|[from] Spikes
|
|-heal|p1a: Pass|74/100 brn|[from] move: Wish|[wisher] White Acid Armor
|-heal|p1a: Pass|80/100 brn|[from] item: Leftovers
|-damage|p1a: Pass|74/100 brn|[from] brn
|upkeep
|turn|36
|
|t:|1779633043
|move|p2a: Shiny Godzilla|Earthquake|p1a: Pass
|-damage|p1a: Pass|52/100 brn
|move|p1a: Pass|Liquidation|p2a: Shiny Godzilla
|-supereffective|p2a: Shiny Godzilla
|-damage|p2a: Shiny Godzilla|32/100
|
|-heal|p1a: Pass|58/100 brn|[from] item: Leftovers
|-damage|p1a: Pass|52/100 brn|[from] brn
|upkeep
|turn|37
|
|t:|1779633067
|switch|p1a: White Acid Armor|Vaporeon, F|99/100
|-damage|p1a: White Acid Armor|86/100|[from] Stealth Rock
|-damage|p1a: White Acid Armor|74/100|[from] Spikes
|move|p2a: Shiny Godzilla|Stone Edge|p1a: White Acid Armor
|-damage|p1a: White Acid Armor|36/100
|
|-heal|p1a: White Acid Armor|42/100|[from] item: Leftovers
|upkeep
|turn|38
|
|t:|1779633081
|move|p2a: Shiny Godzilla|Earthquake|p1a: White Acid Armor
|-damage|p1a: White Acid Armor|17/100
|move|p1a: White Acid Armor|Wish|p1a: White Acid Armor
|
|-heal|p1a: White Acid Armor|24/100|[from] item: Leftovers
|upkeep
|turn|39
|
|t:|1779633089
|move|p2a: Shiny Godzilla|Earthquake|p1a: White Acid Armor
|-damage|p1a: White Acid Armor|0 fnt
|faint|p1a: White Acid Armor
|
|upkeep
|c| Vinkun9746|oh no
|
|t:|1779633101
|switch|p1a: Furry-con|Meowscarada, F|31/100 brn
|-damage|p1a: Furry-con|19/100 brn|[from] Stealth Rock
|-damage|p1a: Furry-con|7/100 brn|[from] Spikes
|turn|40
|
|t:|1779633110
|-end|p2a: Shiny Godzilla|Quark Drive|[silent]
|switch|p2a: Dark Ho-Oh|Mandibuzz, F, shiny|100/100
|move|p1a: Furry-con|Flower Trick|p2a: Dark Ho-Oh
|-start|p1a: Furry-con|typechange|Grass|[from] ability: Protean
|-resisted|p2a: Dark Ho-Oh
|-crit|p2a: Dark Ho-Oh
|-damage|p2a: Dark Ho-Oh|89/100
|
|-damage|p1a: Furry-con|0 fnt|[from] brn
|faint|p1a: Furry-con
|upkeep
|c| Vinkun9746|:'((
|
|t:|1779633121
|switch|p1a: Firefox Premium|Delphox, F|100/100
|-damage|p1a: Firefox Premium|76/100|[from] Stealth Rock
|-damage|p1a: Firefox Premium|63/100|[from] Spikes
|turn|41
|
|t:|1779633132
|move|p1a: Firefox Premium|Psyshock|p2a: Dark Ho-Oh
|-immune|p2a: Dark Ho-Oh
|move|p2a: Dark Ho-Oh|Foul Play|p1a: Firefox Premium
|-supereffective|p1a: Firefox Premium
|-damage|p1a: Firefox Premium|0 fnt
|faint|p1a: Firefox Premium
|
|upkeep
|c| Vinkun9746|approved
|c| Vinkun9746|sakit nun
|
|t:|1779633144
|switch|p1a: FleshTube|Sylveon, F|22/100
|-damage|p1a: FleshTube|10/100|[from] Stealth Rock
|-damage|p1a: FleshTube|0 fnt|[from] Spikes
|faint|p1a: FleshTube
|
|t:|1779633149
|switch|p1a: Pass|Swampert, M, shiny|52/100 brn
|-damage|p1a: Pass|46/100 brn|[from] Stealth Rock
|-damage|p1a: Pass|33/100 brn|[from] Spikes
|turn|42
|c| Vinkun9746|bruh
|c| Vinkun9746|under the sea
|
|t:|1779633168
|move|p2a: Dark Ho-Oh|Foul Play|p1a: Pass
|-damage|p1a: Pass|10/100 brn
|move|p1a: Pass|Ice Beam|p2a: Dark Ho-Oh
|-supereffective|p2a: Dark Ho-Oh
|-damage|p2a: Dark Ho-Oh|61/100
|
|-heal|p1a: Pass|16/100 brn|[from] item: Leftovers
|-damage|p1a: Pass|10/100 brn|[from] brn
|upkeep
|turn|43
|
|t:|1779633179
|move|p2a: Dark Ho-Oh|Foul Play|p1a: Pass
|-damage|p1a: Pass|0 fnt
|faint|p1a: Pass
|
|win|xlbxrt
