|j|☆OP Earthquakes
|j|☆cloud and storm
|inactive|Battle timer is ON: inactive players will automatically lose when time's up.
|t:|1779597732
|gametype|singles
|player|p1|OP Earthquakes|giovanni-masters|
|player|p2|cloud and storm|wallace|
|gen|9
|tier|[Gen 9] OU
|rated|Tournament battle
|rule|HP Percentage Mod: HP is shown in percentages
|rule|Endless Battle Clause: Forcing endless battles is banned
|rule|Species Clause: Limit one of each Pokémon
|rule|OHKO Clause: OHKO moves are banned
|rule|Evasion Items Clause: Evasion items are banned
|rule|Evasion Moves Clause: Evasion moves are banned
|rule|Evasion Abilities Clause: Evasion abilities are banned
|rule|Sleep Moves Clause: Sleep-inducing moves are banned
|clearpoke
|poke|p1|Indeedee, M|
|poke|p1|Pawmot, F|
|poke|p1|Kyurem|
|poke|p1|Deoxys-Speed|
|poke|p1|Hawlucha, M|
|poke|p1|Ting-Lu|
|poke|p2|Darkrai|
|poke|p2|Enamorus, F|
|poke|p2|Iron Crown|
|poke|p2|Great Tusk|
|poke|p2|Raging Bolt|
|poke|p2|Landorus-Therian, M|
|teampreview
|inactive|OP Earthquakes also wants the timer to be on.
|inactive|cloud and storm also wants the timer to be on.
|j| Finkachu
|j| sylvr7070
|j| ANGEL ENGINE
|c|☆cloud and storm|Yo that's a cool team
|c|☆OP Earthquakes|its .. a team for now
|inactive|OP Earthquakes has 120 seconds left.
|inactive|cloud and storm has 120 seconds left.
|c|☆OP Earthquakes|Enjoy
|c|☆cloud and storm|This destroys me ngl
|c|☆OP Earthquakes|idk
|c|☆OP Earthquakes|I'm new to it
|c|☆cloud and storm|GL hf
|inactive|OP Earthquakes has 90 seconds left.
|
|t:|1779597804
|teamsize|p1|6
|teamsize|p2|6
|start
|switch|p1a: Indeedee|Indeedee, M|100/100
|switch|p2a: Raging Bolt|Raging Bolt|100/100
|-fieldstart|move: Psychic Terrain|[from] ability: Psychic Surge|[of] p1a: Indeedee
|-enditem|p2a: Raging Bolt|Booster Energy
|-activate|p2a: Raging Bolt|ability: Protosynthesis|[fromitem]
|-start|p2a: Raging Bolt|protosynthesisspa
|turn|1
|
|t:|1779597814
|move|p1a: Indeedee|Calm Mind|p1a: Indeedee
|-boost|p1a: Indeedee|spa|1
|-boost|p1a: Indeedee|spd|1
|move|p2a: Raging Bolt|Dragon Pulse|p1a: Indeedee
|-damage|p1a: Indeedee|56/100
|
|upkeep
|turn|2
|
|t:|1779597828
|move|p1a: Indeedee|Expanding Force|p2a: Raging Bolt
|-damage|p2a: Raging Bolt|19/100
|move|p2a: Raging Bolt|Thunderbolt|p1a: Indeedee
|-damage|p1a: Indeedee|5/100
|
|upkeep
|turn|3
|
|t:|1779597842
|move|p1a: Indeedee|Healing Wish|p1a: Indeedee
|faint|p1a: Indeedee
|move|p2a: Raging Bolt|Thunderbolt|p1: Indeedee|[notarget]
|-fail|p2a: Raging Bolt
|
|upkeep
|
|t:|1779597855
|switch|p1a: Deoxys|Deoxys-Speed|100/100
|-ability|p1a: Deoxys|Pressure
|turn|4
|
|t:|1779597860
|move|p1a: Deoxys|Expanding Force|p2a: Raging Bolt
|-damage|p2a: Raging Bolt|0 fnt
|faint|p2a: Raging Bolt
|-end|p2a: Raging Bolt|Protosynthesis|[silent]
|
|upkeep
|
|t:|1779597869
|switch|p2a: Darkrai|Darkrai|100/100
|turn|5
|
|t:|1779597877
|switch|p1a: OP|Ting-Lu|100/100
|-ability|p1a: OP|Vessel of Ruin
|-terastallize|p2a: Darkrai|Poison
|move|p2a: Darkrai|Dark Pulse|p1a: OP
|-resisted|p1a: OP
|-damage|p1a: OP|90/100
|
|upkeep
|turn|6
|c|☆cloud and storm|Eh what a waste of Tera
|inactive|OP Earthquakes has 120 seconds left.
|c|☆OP Earthquakes|it was a weird situation
|
|t:|1779597928
|switch|p2a: Enamorus|Enamorus, F|100/100
|switch|p1a: Deoxys|Deoxys-Speed|100/100
|-ability|p1a: Deoxys|Pressure
|
|upkeep
|turn|7
|c|☆cloud and storm|Yeah I thought deoxys was gonna superpower me
|
|t:|1779597941
|-terastallize|p1a: Deoxys|Psychic
|move|p2a: Enamorus|Moonblast|p1a: Deoxys
|-damage|p1a: Deoxys|15/100
|move|p1a: Deoxys|Expanding Force|p2a: Enamorus
|-damage|p2a: Enamorus|0 fnt
|faint|p2a: Enamorus
|
|upkeep
|
|t:|1779597951
|switch|p2a: Iron Crown|Iron Crown|100/100
|-enditem|p2a: Iron Crown|Booster Energy
|-activate|p2a: Iron Crown|ability: Quark Drive|[fromitem]
|-start|p2a: Iron Crown|quarkdrivespe
|turn|8
|
|t:|1779597956
|switch|p1a: Itachi|Hawlucha, M, shiny|100/100
|-ability|p1a: Itachi|Mold Breaker
|move|p2a: Iron Crown|Tachyon Cutter|p1a: Itachi
|-damage|p1a: Itachi|60/100
|-crit|p1a: Itachi
|-damage|p1a: Itachi|2/100
|-hitcount|p1a: Itachi|2
|-enditem|p1a: Itachi|Red Card|[of] p2a: Iron Crown
|-end|p2a: Iron Crown|Quark Drive|[silent]
|drag|p2a: Landorus|Landorus-Therian, M|100/100
|-ability|p2a: Landorus|Intimidate|boost
|-unboost|p1a: Itachi|atk|1
|
|-fieldend|move: Psychic Terrain
|upkeep
|turn|9
|
|t:|1779597963
|move|p1a: Itachi|Brave Bird|p2a: Landorus
|-damage|p2a: Landorus|71/100
|-damage|p1a: Itachi|0 fnt|[from] item: Rocky Helmet|[of] p2a: Landorus
|faint|p1a: Itachi
|move|p2a: Landorus|U-turn|p1: Itachi|[notarget]
|-fail|p2a: Landorus
|
|upkeep
|c|☆cloud and storm|Here comes Kyu
|inactive|OP Earthquakes has 90 seconds left.
|
|t:|1779598016
|switch|p1a: Toshiro|Kyurem, shiny|100/100
|-ability|p1a: Toshiro|Pressure
|turn|10
|
|t:|1779598024
|move|p2a: Landorus|Earthquake|p1a: Toshiro
|-damage|p1a: Toshiro|53/100
|move|p1a: Toshiro|Shadow Ball|p2a: Landorus
|-damage|p2a: Landorus|37/100
|
|upkeep
|turn|11
|j| mcccon314
|
|t:|1779598030
|move|p2a: Landorus|Earthquake|p1a: Toshiro
|-damage|p1a: Toshiro|8/100
|move|p1a: Toshiro|Freeze-Dry|p2a: Landorus
|-supereffective|p2a: Landorus
|-damage|p2a: Landorus|0 fnt
|faint|p2a: Landorus
|
|upkeep
|c| mcccon314|pokemon
|c|☆OP Earthquakes|indeed
|
|t:|1779598046
|switch|p2a: Iron Crown|Iron Crown|100/100
|turn|12
|inactive|OP Earthquakes has 90 seconds left.
|c| sylvr7070|i didnt know kyu had shadow ball
|
|t:|1779598061
|switch|p1a: Porunga|Pawmot, F|100/100
|move|p2a: Iron Crown|Tachyon Cutter|p1a: Porunga
|-resisted|p1a: Porunga
|-damage|p1a: Porunga|83/100
|-resisted|p1a: Porunga
|-damage|p1a: Porunga|64/100
|-hitcount|p1a: Porunga|2
|
|upkeep
|turn|13
|
|t:|1779598069
|move|p1a: Porunga|Revival Blessing|p1a: Porunga
|-enditem|p1a: Porunga|Leppa Berry|[eat]
|-activate|p1a: Porunga|item: Leppa Berry|Revival Blessing|[consumed]
|j| ehhehdbdd
|
|t:|1779598075
|-heal|p1: Indeedee|50/100|[from] move: Revival Blessing
|move|p2a: Iron Crown|Psyshock|p1a: Porunga
|-supereffective|p1a: Porunga
|-damage|p1a: Porunga|0 fnt
|faint|p1a: Porunga
|
|upkeep
|
|t:|1779598091
|switch|p1a: Toshiro|Kyurem, shiny|8/100
|-heal|p1a: Toshiro|100/100|[from] move: Healing Wish
|-ability|p1a: Toshiro|Pressure
|turn|14
|j| diancie The pearl
|
|t:|1779598110
|move|p2a: Iron Crown|Tachyon Cutter|p1a: Toshiro
|-supereffective|p1a: Toshiro
|-damage|p1a: Toshiro|57/100
|-supereffective|p1a: Toshiro
|-damage|p1a: Toshiro|15/100
|-hitcount|p1a: Toshiro|2
|move|p1a: Toshiro|Earth Power|p2a: Iron Crown
|-supereffective|p2a: Iron Crown
|-crit|p2a: Iron Crown
|-damage|p2a: Iron Crown|0 fnt
|faint|p2a: Iron Crown
|-end|p2a: Iron Crown|Quark Drive|[silent]
|
|upkeep
|
|t:|1779598118
|switch|p2a: Great Tusk|Great Tusk|100/100
|-enditem|p2a: Great Tusk|Booster Energy
|-activate|p2a: Great Tusk|ability: Protosynthesis|[fromitem]
|-start|p2a: Great Tusk|protosynthesisatk
|turn|15
|c|☆OP Earthquakes|mb
|l| mcccon314
|
|t:|1779598137
|move|p2a: Great Tusk|Rapid Spin|p1a: Toshiro
|-damage|p1a: Toshiro|0 fnt
|-boost|p2a: Great Tusk|spe|1
|faint|p1a: Toshiro
|
|upkeep
|c|☆cloud and storm|It's wraps ngl
|
|t:|1779598144
|switch|p1a: OP|Ting-Lu|90/100
|-ability|p1a: OP|Vessel of Ruin
|turn|16
|
|t:|1779598150
|move|p2a: Great Tusk|Headlong Rush|p1a: OP
|-damage|p1a: OP|36/100
|-unboost|p2a: Great Tusk|def|1
|-unboost|p2a: Great Tusk|spd|1
|move|p1a: OP|Whirlwind|p2a: Great Tusk
|-end|p2a: Great Tusk|Protosynthesis|[silent]
|drag|p2a: Darkrai|Darkrai, tera:Poison|100/100
|
|upkeep
|turn|17
|
|t:|1779598161
|switch|p1a: Indeedee|Indeedee, M|50/100
|-fieldstart|move: Psychic Terrain|[from] ability: Psychic Surge|[of] p1a: Indeedee
|move|p2a: Darkrai|Ice Beam|p1a: Indeedee
|-crit|p1a: Indeedee
|-damage|p1a: Indeedee|0 fnt
|faint|p1a: Indeedee
|
|upkeep
|
|t:|1779598163
|switch|p1a: Deoxys|Deoxys-Speed, tera:Psychic|15/100
|-ability|p1a: Deoxys|Pressure
|turn|18
|c|☆OP Earthquakes|ayee
|
|t:|1779598168
|move|p1a: Deoxys|Expanding Force|p2a: Darkrai
|-supereffective|p2a: Darkrai
|-damage|p2a: Darkrai|0 fnt
|faint|p2a: Darkrai
|
|upkeep
|
|t:|1779598170
|switch|p2a: Great Tusk|Great Tusk|100/100
|turn|19
|
|t:|1779598172
|move|p1a: Deoxys|Expanding Force|p2a: Great Tusk
|-supereffective|p2a: Great Tusk
|-damage|p2a: Great Tusk|0 fnt
|faint|p2a: Great Tusk
|-end|p2a: Great Tusk|Protosynthesis|[silent]
|
|win|OP Earthquakes
|n|☆OP Earthquakes|opearthquakes
|n|☆cloud and storm|cloudandstorm
|n| Finkachu|finkachu
|n| sylvr7070|sylvr7070
|n| ANGEL ENGINE|angelengine
|n| ehhehdbdd|ehhehdbdd
|n| diancie The pearl|dianciethepearl
|c|☆cloud and storm|Gg
|c|☆OP Earthquakes|gg
|l| sylvr7070
