|j|☆beentheredonepat
|j|☆unounosette
|t:|1779656446
|gametype|singles
|player|p1|beentheredonepat|spark-casual|1368
|player|p2|unounosette|palmer|1329
|gen|9
|tier|[Gen 9] OU
|rated|
|rule|HP Percentage Mod: HP is shown in percentages
|rule|Endless Battle Clause: Forcing endless battles is banned
|rule|Species Clause: Limit one of each Pokémon
|rule|OHKO Clause: OHKO moves are banned
|rule|Evasion Items Clause: Evasion items are banned
|rule|Evasion Moves Clause: Evasion moves are banned
|rule|Evasion Abilities Clause: Evasion abilities are banned
|rule|Sleep Moves Clause: Sleep-inducing moves are banned
|clearpoke
|poke|p1|Typhlosion, M|
|poke|p1|Ninetales, F|
|poke|p1|Torkoal, M|
|poke|p1|Shiftry, M|
|poke|p1|Hatterene, F|
|poke|p1|Blissey, F|
|poke|p2|Dragapult, M|
|poke|p2|Garganacl, M|
|poke|p2|Zapdos|
|poke|p2|Iron Valiant|
|poke|p2|Zoroark-Hisui, M|
|poke|p2|Kingambit, M|
|teampreview
|inactive|Battle timer is ON: inactive players will automatically lose when time's up. (requested by beentheredonepat)
|
|t:|1779656457
|teamsize|p1|6
|teamsize|p2|6
|start
|switch|p1a: Shiftry|Shiftry, M|100/100
|switch|p2a: Garganacl|Garganacl, M|100/100
|turn|1
|
|t:|1779656460
|-terastallize|p2a: Garganacl|Ghost
|move|p1a: Shiftry|Leaf Blade|p2a: Garganacl
|-damage|p2a: Garganacl|77/100
|move|p2a: Garganacl|Salt Cure|p1a: Shiftry
|-damage|p1a: Shiftry|78/100
|-start|p1a: Shiftry|Salt Cure
|
|-heal|p2a: Garganacl|83/100|[from] item: Leftovers
|-damage|p1a: Shiftry|66/100|[from] Salt Cure
|upkeep
|turn|2
|
|t:|1779656473
|move|p1a: Shiftry|Knock Off|p2a: Garganacl
|-supereffective|p2a: Garganacl
|-damage|p2a: Garganacl|32/100
|-enditem|p2a: Garganacl|Leftovers|[from] move: Knock Off|[of] p1a: Shiftry
|move|p2a: Garganacl|Salt Cure|p1a: Shiftry
|-damage|p1a: Shiftry|44/100
|
|-damage|p1a: Shiftry|32/100|[from] Salt Cure
|upkeep
|turn|3
|
|t:|1779656481
|move|p2a: Garganacl|Protect|p2a: Garganacl
|-singleturn|p2a: Garganacl|Protect
|move|p1a: Shiftry|Tailwind|p1a: Shiftry
|-sidestart|p1: beentheredonepat|move: Tailwind
|
|-damage|p1a: Shiftry|19/100|[from] Salt Cure
|upkeep
|turn|4
|
|t:|1779656503
|switch|p2a: Iron Valiant|Iron Valiant|100/100
|-enditem|p2a: Iron Valiant|Booster Energy
|-activate|p2a: Iron Valiant|ability: Quark Drive|[fromitem]
|-start|p2a: Iron Valiant|quarkdrivespe
|move|p1a: Shiftry|Knock Off|p2a: Iron Valiant
|-resisted|p2a: Iron Valiant
|-damage|p2a: Iron Valiant|92/100
|
|-damage|p1a: Shiftry|7/100|[from] Salt Cure
|upkeep
|turn|5
|
|t:|1779656515
|switch|p1a: Ninetales|Ninetales, F|100/100
|-weather|SunnyDay|[from] ability: Drought|[of] p1a: Ninetales
|move|p2a: Iron Valiant|Vacuum Wave|p1a: Ninetales
|-damage|p1a: Ninetales|85/100
|
|-weather|SunnyDay|[upkeep]
|upkeep
|turn|6
|
|t:|1779656522
|move|p2a: Iron Valiant|Close Combat|p1a: Ninetales
|-damage|p1a: Ninetales|17/100
|-unboost|p2a: Iron Valiant|def|1
|-unboost|p2a: Iron Valiant|spd|1
|move|p1a: Ninetales|Overheat|p2a: Iron Valiant
|-damage|p2a: Iron Valiant|0 fnt
|-unboost|p1a: Ninetales|spa|2
|faint|p2a: Iron Valiant
|-end|p2a: Iron Valiant|Quark Drive|[silent]
|-enditem|p1a: Ninetales|Eject Pack
|
|t:|1779656534
|switch|p1a: Typhlosion|Typhlosion, M|100/100
|
|-weather|SunnyDay|[upkeep]
|-sideend|p1: beentheredonepat|move: Tailwind
|upkeep
|
|t:|1779656540
|switch|p2a: Kingambit|Kingambit, M|100/100
|turn|7
|
|t:|1779656544
|switch|p1a: Ninetales|Ninetales, F|17/100
|move|p2a: Kingambit|Hyper Voice|p1a: Ninetales
|-damage|p1a: Ninetales|0 fnt
|faint|p1a: Ninetales
|-enditem|p2a: Kingambit|Throat Spray
|-boost|p2a: Kingambit|spa|1|[from] item: Throat Spray
|
|-weather|SunnyDay|[upkeep]
|upkeep
|
|t:|1779656551
|switch|p1a: Shiftry|Shiftry, M|7/100
|turn|8
|
|t:|1779656554
|move|p1a: Shiftry|Knock Off|p2a: Kingambit
|-supereffective|p2a: Kingambit
|-damage|p2a: Kingambit|0 fnt
|replace|p2a: Zoroark|Zoroark-Hisui, M
|-end|p2a: Zoroark|Illusion
|faint|p2a: Zoroark
|
|-weather|SunnyDay|[upkeep]
|upkeep
|
|t:|1779656564
|switch|p2a: Zapdos|Zapdos|100/100
|turn|9
|
|t:|1779656574
|move|p1a: Shiftry|Tailwind|p1a: Shiftry
|-sidestart|p1: beentheredonepat|move: Tailwind
|move|p2a: Zapdos|Discharge|p1a: Shiftry
|-resisted|p1a: Shiftry
|-damage|p1a: Shiftry|0 fnt
|faint|p1a: Shiftry
|
|-weather|none
|upkeep
|
|t:|1779656578
|switch|p1a: Torkoal|Torkoal, M|100/100
|-weather|SunnyDay|[from] ability: Drought|[of] p1a: Torkoal
|turn|10
|
|t:|1779656585
|move|p2a: Zapdos|Thunder Wave|p1a: Torkoal
|-status|p1a: Torkoal|par
|move|p1a: Torkoal|Stealth Rock|p2a: Zapdos
|-sidestart|p2: unounosette|move: Stealth Rock
|
|-weather|SunnyDay|[upkeep]
|upkeep
|turn|11
|
|t:|1779656598
|move|p2a: Zapdos|Discharge|p1a: Torkoal
|-damage|p1a: Torkoal|44/100 par
|cant|p1a: Torkoal|par
|
|-weather|SunnyDay|[upkeep]
|upkeep
|turn|12
|
|t:|1779656603
|move|p2a: Zapdos|Discharge|p1a: Torkoal
|-damage|p1a: Torkoal|0 fnt
|faint|p1a: Torkoal
|
|-weather|SunnyDay|[upkeep]
|-sideend|p1: beentheredonepat|move: Tailwind
|upkeep
|
|t:|1779656606
|switch|p1a: Typhlosion|Typhlosion, M|100/100
|turn|13
|
|t:|1779656609
|-terastallize|p1a: Typhlosion|Fire
|move|p1a: Typhlosion|Eruption|p2a: Zapdos
|-damage|p2a: Zapdos|0 fnt
|faint|p2a: Zapdos
|
|-weather|SunnyDay|[upkeep]
|upkeep
|
|t:|1779656616
|switch|p2a: Dragapult|Dragapult, M|100/100
|-damage|p2a: Dragapult|88/100|[from] Stealth Rock
|turn|14
|
|t:|1779656620
|move|p2a: Dragapult|Sucker Punch|p1a: Typhlosion
|-damage|p1a: Typhlosion|68/100
|move|p1a: Typhlosion|Eruption|p2a: Dragapult
|-resisted|p2a: Dragapult
|-damage|p2a: Dragapult|16/100
|
|-weather|SunnyDay|[upkeep]
|upkeep
|turn|15
|
|t:|1779656637
|switch|p1a: Hatterene|Hatterene, F|100/100
|switch|p2a: Garganacl|Garganacl, M, tera:Ghost|32/100
|-damage|p2a: Garganacl|20/100|[from] Stealth Rock
|
|-weather|SunnyDay|[upkeep]
|upkeep
|turn|16
|
|t:|1779656640
|move|p2a: Garganacl|Recover|p2a: Garganacl
|-heal|p2a: Garganacl|70/100
|move|p1a: Hatterene|Dazzling Gleam|p2a: Garganacl
|-damage|p2a: Garganacl|42/100
|
|-weather|SunnyDay|[upkeep]
|upkeep
|turn|17
|
|t:|1779656645
|move|p2a: Garganacl|Recover|p2a: Garganacl
|-heal|p2a: Garganacl|92/100
|move|p1a: Hatterene|Calm Mind|p1a: Hatterene
|-boost|p1a: Hatterene|spa|1
|-boost|p1a: Hatterene|spd|1
|
|-weather|none
|upkeep
|turn|18
|
|t:|1779656651
|move|p2a: Garganacl|Salt Cure|p1a: Hatterene
|-damage|p1a: Hatterene|88/100
|-start|p1a: Hatterene|Salt Cure
|move|p1a: Hatterene|Calm Mind|p1a: Hatterene
|-boost|p1a: Hatterene|spa|1
|-boost|p1a: Hatterene|spd|1
|
|-heal|p1a: Hatterene|94/100|[from] item: Leftovers
|-damage|p1a: Hatterene|82/100|[from] Salt Cure
|upkeep
|turn|19
|l|☆unounosette
|inactive|unounosette disconnected and has a minute to reconnect!
|player|p2|
|j|☆unounosette
|inactive|unounosette reconnected and has 140 seconds left.
|player|p2|unounosette|palmer|
|
|t:|1779656669
|move|p2a: Garganacl|Salt Cure|p1a: Hatterene
|-crit|p1a: Hatterene
|-damage|p1a: Hatterene|63/100
|move|p1a: Hatterene|Dazzling Gleam|p2a: Garganacl
|-damage|p2a: Garganacl|32/100
|
|-heal|p1a: Hatterene|69/100|[from] item: Leftovers
|-damage|p1a: Hatterene|57/100|[from] Salt Cure
|upkeep
|turn|20
|
|t:|1779656684
|move|p2a: Garganacl|Recover|p2a: Garganacl
|-heal|p2a: Garganacl|82/100
|move|p1a: Hatterene|Calm Mind|p1a: Hatterene
|-boost|p1a: Hatterene|spa|1
|-boost|p1a: Hatterene|spd|1
|
|-heal|p1a: Hatterene|63/100|[from] item: Leftovers
|-damage|p1a: Hatterene|51/100|[from] Salt Cure
|upkeep
|turn|21
|
|t:|1779656689
|move|p2a: Garganacl|Protect|p2a: Garganacl
|-singleturn|p2a: Garganacl|Protect
|move|p1a: Hatterene|Dazzling Gleam|p2a: Garganacl
|-activate|p2a: Garganacl|move: Protect
|
|-heal|p1a: Hatterene|57/100|[from] item: Leftovers
|-damage|p1a: Hatterene|45/100|[from] Salt Cure
|upkeep
|turn|22
|
|t:|1779656702
|move|p2a: Garganacl|Recover|p2a: Garganacl
|-heal|p2a: Garganacl|100/100
|move|p1a: Hatterene|Dazzling Gleam|p2a: Garganacl
|-damage|p2a: Garganacl|29/100
|
|-heal|p1a: Hatterene|50/100|[from] item: Leftovers
|-damage|p1a: Hatterene|38/100|[from] Salt Cure
|upkeep
|turn|23
|
|t:|1779656707
|move|p2a: Garganacl|Protect|p2a: Garganacl
|-singleturn|p2a: Garganacl|Protect
|move|p1a: Hatterene|Calm Mind|p1a: Hatterene
|-boost|p1a: Hatterene|spa|1
|-boost|p1a: Hatterene|spd|1
|
|-heal|p1a: Hatterene|44/100|[from] item: Leftovers
|-damage|p1a: Hatterene|32/100|[from] Salt Cure
|upkeep
|turn|24
|
|t:|1779656711
|move|p2a: Garganacl|Recover|p2a: Garganacl
|-heal|p2a: Garganacl|79/100
|move|p1a: Hatterene|Dazzling Gleam|p2a: Garganacl
|-damage|p2a: Garganacl|0 fnt
|faint|p2a: Garganacl
|
|-heal|p1a: Hatterene|38/100|[from] item: Leftovers
|-damage|p1a: Hatterene|26/100|[from] Salt Cure
|upkeep
|
|t:|1779656724
|switch|p2a: Dragapult|Dragapult, M|16/100
|-damage|p2a: Dragapult|4/100|[from] Stealth Rock
|turn|25
|
|t:|1779656731
|move|p2a: Dragapult|Phantom Force||[still]
|-prepare|p2a: Dragapult|Phantom Force
|-enditem|p2a: Dragapult|Power Herb
|-anim|p2a: Dragapult|Phantom Force|p1a: Hatterene
|-supereffective|p1a: Hatterene
|-damage|p1a: Hatterene|0 fnt
|faint|p1a: Hatterene
|
|upkeep
|
|t:|1779656734
|switch|p1a: Blissey|Blissey, F|100/100
|turn|26
|
|t:|1779656748
|move|p2a: Dragapult|Curse|p1a: Blissey
|-start|p1a: Blissey|Curse|[of] p2a: Dragapult
|-damage|p2a: Dragapult|0 fnt
|faint|p2a: Dragapult
|move|p1a: Blissey|Heal Bell||[still]
|-activate|p1a: Blissey|move: Heal Bell
|-fail|p1a: Blissey
|
|-damage|p1a: Blissey|76/100|[from] Curse
|upkeep
|
|t:|1779656756
|switch|p2a: Kingambit|Kingambit, M|100/100
|-damage|p2a: Kingambit|94/100|[from] Stealth Rock
|-activate|p2a: Kingambit|ability: Supreme Overlord
|-start|p2a: Kingambit|fallen5|[silent]
|turn|27
|
|t:|1779656763
|move|p2a: Kingambit|Swords Dance|p2a: Kingambit
|-boost|p2a: Kingambit|atk|2
|move|p1a: Blissey|Trick|p2a: Kingambit
|-activate|p1a: Blissey|move: Trick|[of] p2a: Kingambit
|-item|p2a: Kingambit|Lagging Tail|[from] move: Trick
|-item|p1a: Blissey|Black Belt|[from] move: Trick
|
|-damage|p1a: Blissey|51/100|[from] Curse
|upkeep
|turn|28
|
|t:|1779656774
|move|p2a: Kingambit|Sucker Punch|p1a: Blissey
|-damage|p1a: Blissey|0 fnt
|faint|p1a: Blissey
|
|upkeep
|
|t:|1779656777
|switch|p1a: Typhlosion|Typhlosion, M, tera:Fire|68/100
|turn|29
|
|t:|1779656780
|move|p2a: Kingambit|Sucker Punch|p1a: Typhlosion
|-damage|p1a: Typhlosion|0 fnt
|faint|p1a: Typhlosion
|
|win|unounosette
|raw|beentheredonepat's rating: 1368 &rarr; <strong>1346</strong><br />(-22 for losing)
|raw|unounosette's rating: 1329 &rarr; <strong>1351</strong><br />(+22 for winning)
|l|☆beentheredonepat
|player|p1|
|l|☆unounosette
|player|p2|
