|j|☆Boulesinus15
|j|☆socaselectah
|t:|1779657039
|gametype|singles
|player|p1|Boulesinus15|170|1410
|player|p2|socaselectah|102|1321
|gen|9
|tier|[Gen 9] OU
|rated|
|rule|HP Percentage Mod: HP is shown in percentages
|rule|Endless Battle Clause: Forcing endless battles is banned
|rule|Species Clause: Limit one of each Pokémon
|rule|OHKO Clause: OHKO moves are banned
|rule|Evasion Items Clause: Evasion items are banned
|rule|Evasion Moves Clause: Evasion moves are banned
|rule|Evasion Abilities Clause: Evasion abilities are banned
|rule|Sleep Moves Clause: Sleep-inducing moves are banned
|clearpoke
|poke|p1|Greninja-*, M|
|poke|p1|Corviknight, M|
|poke|p1|Ting-Lu|
|poke|p1|Latios, M|
|poke|p1|Skeledirge, F|
|poke|p1|Zapdos|
|poke|p2|Pelipper, M|
|poke|p2|Overqwil, M|
|poke|p2|Clefable, F|
|poke|p2|Ogerpon-Wellspring, F|
|poke|p2|Floatzel, M|
|poke|p2|Mandibuzz, F|
|teampreview
|inactive|Battle timer is ON: inactive players will automatically lose when time's up. (requested by socaselectah)
|
|t:|1779657061
|teamsize|p1|6
|teamsize|p2|6
|start
|switch|p1a: Zapdos|Zapdos|100/100
|switch|p2a: Floatzel|Floatzel, M|100/100
|turn|1
|
|t:|1779657067
|switch|p2a: Clefable|Clefable, F|100/100
|move|p1a: Zapdos|Thunder Wave|p2a: Clefable
|-status|p2a: Clefable|par
|
|upkeep
|turn|2
|
|t:|1779657072
|move|p1a: Zapdos|Hurricane|p2a: Clefable
|-damage|p2a: Clefable|61/100 par
|move|p2a: Clefable|Trick|p1a: Zapdos
|-activate|p2a: Clefable|move: Trick|[of] p1a: Zapdos
|-item|p1a: Zapdos|Choice Scarf|[from] move: Trick
|-item|p2a: Clefable|Heavy-Duty Boots|[from] move: Trick
|
|upkeep
|turn|3
|
|t:|1779657082
|move|p1a: Zapdos|Hurricane|p2a: Clefable
|-damage|p2a: Clefable|21/100 par
|-start|p2a: Clefable|confusion
|-activate|p2a: Clefable|confusion
|cant|p2a: Clefable|par
|
|upkeep
|turn|4
|
|t:|1779657096
|switch|p2a: Pelipper|Pelipper, M|100/100
|-weather|RainDance|[from] ability: Drizzle|[of] p2a: Pelipper
|move|p1a: Zapdos|Hurricane|p2a: Pelipper
|-damage|p2a: Pelipper|19/100
|
|-weather|RainDance|[upkeep]
|upkeep
|turn|5
|
|t:|1779657101
|switch|p2a: Clefable|Clefable, F|21/100 par
|move|p1a: Zapdos|Hurricane|p2a: Clefable
|-damage|p2a: Clefable|0 fnt
|faint|p2a: Clefable
|
|-weather|RainDance|[upkeep]
|upkeep
|
|t:|1779657121
|switch|p2a: Floatzel|Floatzel, M|100/100
|turn|6
|
|t:|1779657124
|move|p2a: Floatzel|Waterfall|p1a: Zapdos
|-damage|p1a: Zapdos|0 fnt
|faint|p1a: Zapdos
|
|-weather|RainDance|[upkeep]
|upkeep
|
|t:|1779657139
|switch|p1a: Skeledirge|Skeledirge, F|100/100
|turn|7
|
|t:|1779657143
|-terastallize|p1a: Skeledirge|Fairy
|move|p2a: Floatzel|Waterfall|p1a: Skeledirge
|-damage|p1a: Skeledirge|50/100
|cant|p1a: Skeledirge|flinch
|
|-weather|RainDance|[upkeep]
|upkeep
|turn|8
|
|t:|1779657151
|-terastallize|p2a: Floatzel|Water
|move|p2a: Floatzel|Waterfall|p1a: Skeledirge
|-damage|p1a: Skeledirge|0 fnt
|faint|p1a: Skeledirge
|
|-weather|RainDance|[upkeep]
|upkeep
|
|t:|1779657158
|switch|p1a: Corviknight|Corviknight, M|100/100
|-ability|p1a: Corviknight|Pressure
|turn|9
|
|t:|1779657162
|move|p2a: Floatzel|Waterfall|p1a: Corviknight
|-damage|p1a: Corviknight|24/100
|-damage|p2a: Floatzel|84/100|[from] item: Rocky Helmet|[of] p1a: Corviknight
|move|p1a: Corviknight|Roost|p1a: Corviknight
|-heal|p1a: Corviknight|74/100
|-singleturn|p1a: Corviknight|move: Roost
|
|-weather|RainDance|[upkeep]
|upkeep
|turn|10
|
|t:|1779657172
|move|p2a: Floatzel|Waterfall|p1a: Corviknight
|-damage|p1a: Corviknight|4/100
|-damage|p2a: Floatzel|67/100|[from] item: Rocky Helmet|[of] p1a: Corviknight
|move|p1a: Corviknight|Roost|p1a: Corviknight
|-heal|p1a: Corviknight|54/100
|-singleturn|p1a: Corviknight|move: Roost
|
|-weather|RainDance|[upkeep]
|upkeep
|turn|11
|
|t:|1779657181
|move|p2a: Floatzel|Waterfall|p1a: Corviknight
|-damage|p1a: Corviknight|0 fnt
|-damage|p2a: Floatzel|51/100|[from] item: Rocky Helmet|[of] p1a: Corviknight
|faint|p1a: Corviknight
|
|-weather|none
|upkeep
|
|t:|1779657183
|switch|p1a: Greninja|Greninja, M|100/100
|turn|12
|
|t:|1779657205
|switch|p2a: Mandibuzz|Mandibuzz, F|100/100
|move|p1a: Greninja|Dark Pulse|p2a: Mandibuzz
|-resisted|p2a: Mandibuzz
|-damage|p2a: Mandibuzz|81/100
|-damage|p1a: Greninja|91/100|[from] item: Life Orb
|
|-heal|p2a: Mandibuzz|88/100|[from] item: Leftovers
|upkeep
|turn|13
|
|t:|1779657210
|move|p1a: Greninja|Ice Beam|p2a: Mandibuzz
|-supereffective|p2a: Mandibuzz
|-damage|p2a: Mandibuzz|33/100
|-damage|p1a: Greninja|81/100|[from] item: Life Orb
|move|p2a: Mandibuzz|Foul Play|p1a: Greninja
|-resisted|p1a: Greninja
|-damage|p1a: Greninja|57/100
|
|-heal|p2a: Mandibuzz|39/100|[from] item: Leftovers
|upkeep
|turn|14
|
|t:|1779657222
|move|p1a: Greninja|Hydro Pump|p2a: Mandibuzz
|-damage|p2a: Mandibuzz|0 fnt
|faint|p2a: Mandibuzz
|-ability|p1a: Greninja|Battle Bond|boost
|-boost|p1a: Greninja|atk|1
|-boost|p1a: Greninja|spa|1
|-boost|p1a: Greninja|spe|1
|-activate|p1a: Greninja|ability: Battle Bond
|-damage|p1a: Greninja|47/100|[from] item: Life Orb
|
|upkeep
|
|t:|1779657230
|switch|p2a: Pelipper|Pelipper, M|19/100
|-weather|RainDance|[from] ability: Drizzle|[of] p2a: Pelipper
|turn|15
|
|t:|1779657234
|move|p1a: Greninja|Dark Pulse|p2a: Pelipper
|-damage|p2a: Pelipper|0 fnt
|faint|p2a: Pelipper
|-damage|p1a: Greninja|37/100|[from] item: Life Orb
|
|-weather|RainDance|[upkeep]
|upkeep
|
|t:|1779657237
|switch|p2a: Floatzel|Floatzel, M, tera:Water|51/100
|turn|16
|
|t:|1779657240
|move|p1a: Greninja|Water Shuriken|p2a: Floatzel
|-resisted|p2a: Floatzel
|-damage|p2a: Floatzel|35/100
|-resisted|p2a: Floatzel
|-damage|p2a: Floatzel|19/100
|-resisted|p2a: Floatzel
|-damage|p2a: Floatzel|2/100
|-hitcount|p2a: Floatzel|3
|-damage|p1a: Greninja|27/100|[from] item: Life Orb
|move|p2a: Floatzel|Waterfall|p1a: Greninja
|-resisted|p1a: Greninja
|-damage|p1a: Greninja|0 fnt
|faint|p1a: Greninja
|
|-weather|RainDance|[upkeep]
|upkeep
|
|t:|1779657258
|switch|p1a: Latios|Latios, M|100/100
|turn|17
|
|t:|1779657266
|move|p2a: Floatzel|Waterfall|p1a: Latios
|-resisted|p1a: Latios
|-damage|p1a: Latios|27/100
|move|p1a: Latios|Psychic Noise|p2a: Floatzel
|-damage|p2a: Floatzel|0 fnt
|faint|p2a: Floatzel
|
|-weather|RainDance|[upkeep]
|upkeep
|
|t:|1779657276
|switch|p2a: Overqwil|Overqwil, M|100/100
|turn|18
|
|t:|1779657280
|move|p2a: Overqwil|Crunch|p1a: Latios
|-supereffective|p1a: Latios
|-crit|p1a: Latios
|-damage|p1a: Latios|0 fnt
|faint|p1a: Latios
|
|-weather|RainDance|[upkeep]
|upkeep
|
|t:|1779657283
|switch|p1a: Ting-Lu|Ting-Lu|100/100
|-ability|p1a: Ting-Lu|Vessel of Ruin
|turn|19
|
|t:|1779657288
|move|p2a: Overqwil|Liquidation|p1a: Ting-Lu
|-supereffective|p1a: Ting-Lu
|-crit|p1a: Ting-Lu
|-damage|p1a: Ting-Lu|9/100
|move|p1a: Ting-Lu|Stealth Rock|p2a: Overqwil
|-sidestart|p2: socaselectah|move: Stealth Rock
|
|-weather|RainDance|[upkeep]
|-heal|p1a: Ting-Lu|15/100|[from] item: Leftovers
|upkeep
|turn|20
|
|t:|1779657292
|move|p2a: Overqwil|Liquidation|p1a: Ting-Lu
|-supereffective|p1a: Ting-Lu
|-damage|p1a: Ting-Lu|0 fnt
|faint|p1a: Ting-Lu
|
|win|socaselectah
|raw|Boulesinus15's rating: 1410 &rarr; <strong>1385</strong><br />(-25 for losing)
|raw|socaselectah's rating: 1321 &rarr; <strong>1346</strong><br />(+25 for winning)
|l|☆Boulesinus15
|player|p1|
|l|☆socaselectah
|player|p2|
|j|☆socaselectah
|player|p2|socaselectah|102|
|l|☆socaselectah
|player|p2|
