|j|☆amasawaichikamommy
|j|☆uncle brown
|t:|1779626856
|gametype|singles
|player|p1|amasawaichikamommy|winona|1476
|player|p2|uncle brown|102|1558
|gen|9
|tier|[Gen 9] OU
|rated|
|rule|HP Percentage Mod: HP is shown in percentages
|rule|Endless Battle Clause: Forcing endless battles is banned
|rule|Species Clause: Limit one of each Pokémon
|rule|OHKO Clause: OHKO moves are banned
|rule|Evasion Items Clause: Evasion items are banned
|rule|Evasion Moves Clause: Evasion moves are banned
|rule|Evasion Abilities Clause: Evasion abilities are banned
|rule|Sleep Moves Clause: Sleep-inducing moves are banned
|clearpoke
|poke|p1|Iron Moth|
|poke|p1|Gliscor, M|
|poke|p1|Hatterene, F|
|poke|p1|Ogerpon-Wellspring, F|
|poke|p1|Raging Bolt|
|poke|p1|Zamazenta-*|
|poke|p2|Regice|
|poke|p2|Great Tusk|
|poke|p2|Dragapult, M|
|poke|p2|Rotom-Wash|
|poke|p2|Garganacl, F|
|poke|p2|Weezing-Galar, M|
|teampreview
|inactive|Battle timer is ON: inactive players will automatically lose when time's up. (requested by amasawaichikamommy)
|inactive|amasawaichikamommy has 120 seconds left.
|
|t:|1779626896
|teamsize|p1|6
|teamsize|p2|6
|start
|switch|p1a: Zamazenta|Zamazenta|100/100
|switch|p2a: Regice|Regice|100/100
|-ability|p1a: Zamazenta|Dauntless Shield|boost
|-boost|p1a: Zamazenta|def|1
|turn|1
|
|t:|1779626903
|switch|p2a: Weezing|Weezing-Galar, M|100/100
|-ability|p2a: Weezing|Neutralizing Gas
|move|p1a: Zamazenta|Close Combat|p2a: Weezing
|-resisted|p2a: Weezing
|-damage|p2a: Weezing|92/100
|-unboost|p1a: Zamazenta|def|1
|-unboost|p1a: Zamazenta|spd|1
|
|upkeep
|turn|2
|
|t:|1779626910
|move|p1a: Zamazenta|Light Screen|p1a: Zamazenta
|-sidestart|p1: amasawaichikamommy|move: Light Screen
|move|p2a: Weezing|Will-O-Wisp|p1a: Zamazenta
|-status|p1a: Zamazenta|brn
|
|-damage|p1a: Zamazenta|94/100 brn|[from] brn
|upkeep
|turn|3
|
|t:|1779626914
|move|p1a: Zamazenta|Reflect|p1a: Zamazenta
|-sidestart|p1: amasawaichikamommy|Reflect
|move|p2a: Weezing|Defog|p1a: Zamazenta
|-unboost|p1a: Zamazenta|evasion|1
|-sideend|p1: amasawaichikamommy|Reflect
|-sideend|p1: amasawaichikamommy|move: Light Screen
|
|-damage|p1a: Zamazenta|88/100 brn|[from] brn
|upkeep
|turn|4
|
|t:|1779626917
|move|p1a: Zamazenta|Light Screen|p1a: Zamazenta
|-sidestart|p1: amasawaichikamommy|move: Light Screen
|move|p2a: Weezing|Will-O-Wisp|p1a: Zamazenta
|-fail|p1a: Zamazenta|brn
|
|-damage|p1a: Zamazenta|82/100 brn|[from] brn
|upkeep
|turn|5
|
|t:|1779626920
|switch|p1a: Gliscor|Gliscor, M|100/100
|move|p2a: Weezing|Defog|p1a: Gliscor
|-unboost|p1a: Gliscor|evasion|1
|-sideend|p1: amasawaichikamommy|move: Light Screen
|
|-status|p1a: Gliscor|tox|[from] item: Toxic Orb
|upkeep
|turn|6
|
|t:|1779626932
|-end|p2a: Weezing|ability: Neutralizing Gas
|switch|p2a: Rotom|Rotom-Wash|100/100
|move|p1a: Gliscor|Swords Dance|p1a: Gliscor
|-boost|p1a: Gliscor|atk|2
|
|upkeep
|turn|7
|
|t:|1779626940
|-terastallize|p1a: Gliscor|Normal
|move|p1a: Gliscor|Agility|p1a: Gliscor
|-boost|p1a: Gliscor|spe|2
|move|p2a: Rotom|Hydro Pump|p1a: Gliscor
|-damage|p1a: Gliscor|53/100 tox
|
|-heal|p1a: Gliscor|65/100 tox|[from] ability: Poison Heal
|upkeep
|turn|8
|
|t:|1779626948
|move|p1a: Gliscor|Facade|p2a: Rotom
|-damage|p2a: Rotom|8/100
|move|p2a: Rotom|Volt Switch|p1a: Gliscor
|-damage|p1a: Gliscor|32/100 tox
|
|t:|1779626952
|switch|p2a: Great Tusk|Great Tusk|100/100|[from] Volt Switch
|
|-heal|p1a: Gliscor|44/100 tox|[from] ability: Poison Heal
|upkeep
|turn|9
|
|t:|1779626958
|move|p1a: Gliscor|Facade|p2a: Great Tusk
|-damage|p2a: Great Tusk|4/100
|move|p2a: Great Tusk|Close Combat|p1a: Gliscor
|-supereffective|p1a: Gliscor
|-damage|p1a: Gliscor|0 fnt
|-unboost|p2a: Great Tusk|def|1
|-unboost|p2a: Great Tusk|spd|1
|faint|p1a: Gliscor
|
|upkeep
|
|t:|1779626976
|switch|p1a: Ogerpon|Ogerpon-Wellspring, F|100/100
|turn|10
|
|t:|1779626980
|-end|p2a: Great Tusk|Protosynthesis|[silent]
|switch|p2a: Weezing|Weezing-Galar, M|92/100
|-ability|p2a: Weezing|Neutralizing Gas
|move|p1a: Ogerpon|Trailblaze|p2a: Weezing
|-resisted|p2a: Weezing
|-damage|p2a: Weezing|81/100
|-boost|p1a: Ogerpon|spe|1
|
|upkeep
|turn|11
|
|t:|1779626985
|switch|p1a: Iron Moth|Iron Moth|100/100
|move|p2a: Weezing|Will-O-Wisp|p1a: Iron Moth
|-immune|p1a: Iron Moth
|
|upkeep
|turn|12
|
|t:|1779626998
|-end|p2a: Weezing|ability: Neutralizing Gas
|switch|p2a: Garganacl|Garganacl, F|100/100
|-enditem|p1a: Iron Moth|Booster Energy
|-activate|p1a: Iron Moth|ability: Quark Drive|[fromitem]
|-start|p1a: Iron Moth|quarkdrivespe
|move|p1a: Iron Moth|Fiery Dance|p2a: Garganacl
|-resisted|p2a: Garganacl
|-damage|p2a: Garganacl|86/100
|
|-heal|p2a: Garganacl|93/100|[from] item: Leftovers
|upkeep
|turn|13
|
|t:|1779627015
|move|p1a: Iron Moth|Fiery Dance|p2a: Garganacl
|-resisted|p2a: Garganacl
|-damage|p2a: Garganacl|79/100
|-boost|p1a: Iron Moth|spa|1
|move|p2a: Garganacl|Salt Cure|p1a: Iron Moth
|-supereffective|p1a: Iron Moth
|-damage|p1a: Iron Moth|60/100
|-start|p1a: Iron Moth|Salt Cure
|
|-heal|p2a: Garganacl|85/100|[from] item: Leftovers
|-damage|p1a: Iron Moth|48/100|[from] Salt Cure
|upkeep
|turn|14
|
|t:|1779627020
|move|p1a: Iron Moth|Sludge Wave|p2a: Garganacl
|-resisted|p2a: Garganacl
|-damage|p2a: Garganacl|58/100
|move|p2a: Garganacl|Stealth Rock|p1a: Iron Moth
|-sidestart|p1: amasawaichikamommy|move: Stealth Rock
|
|-heal|p2a: Garganacl|64/100|[from] item: Leftovers
|-damage|p1a: Iron Moth|35/100|[from] Salt Cure
|upkeep
|turn|15
|
|t:|1779627026
|move|p1a: Iron Moth|Toxic Spikes|p2a: Garganacl
|-sidestart|p2: uncle brown|move: Toxic Spikes
|move|p2a: Garganacl|Recover|p2a: Garganacl
|-heal|p2a: Garganacl|100/100
|
|-damage|p1a: Iron Moth|23/100|[from] Salt Cure
|upkeep
|turn|16
|
|t:|1779627032
|move|p1a: Iron Moth|Fiery Dance|p2a: Garganacl
|-resisted|p2a: Garganacl
|-damage|p2a: Garganacl|80/100
|-boost|p1a: Iron Moth|spa|1
|move|p2a: Garganacl|Salt Cure|p1a: Iron Moth
|-supereffective|p1a: Iron Moth
|-damage|p1a: Iron Moth|0 fnt
|faint|p1a: Iron Moth
|-end|p1a: Iron Moth|Quark Drive|[silent]
|
|-heal|p2a: Garganacl|86/100|[from] item: Leftovers
|upkeep
|
|t:|1779627037
|switch|p1a: Ogerpon|Ogerpon-Wellspring, F|100/100
|-damage|p1a: Ogerpon|88/100|[from] Stealth Rock
|turn|17
|
|t:|1779627043
|switch|p2a: Weezing|Weezing-Galar, M|81/100
|-ability|p2a: Weezing|Neutralizing Gas
|-sideend|p2: uncle brown|move: Toxic Spikes|[of] p2a: Weezing
|move|p1a: Ogerpon|Swords Dance|p1a: Ogerpon
|-boost|p1a: Ogerpon|atk|2
|
|upkeep
|turn|18
|
|t:|1779627047
|-terastallize|p2a: Weezing|Grass
|move|p1a: Ogerpon|Ivy Cudgel|p2a: Weezing|[anim] Ivy Cudgel Water
|-resisted|p2a: Weezing
|-damage|p2a: Weezing|41/100
|move|p2a: Weezing|Will-O-Wisp|p1a: Ogerpon
|-status|p1a: Ogerpon|brn
|
|-damage|p1a: Ogerpon|82/100 brn|[from] brn
|upkeep
|turn|19
|
|t:|1779627054
|move|p1a: Ogerpon|Encore|p2a: Weezing
|-start|p2a: Weezing|Encore
|move|p2a: Weezing|Will-O-Wisp|p1a: Ogerpon
|-fail|p1a: Ogerpon|brn
|
|-damage|p1a: Ogerpon|76/100 brn|[from] brn
|upkeep
|turn|20
|
|t:|1779627060
|-end|p2a: Weezing|ability: Neutralizing Gas
|switch|p2a: Rotom|Rotom-Wash|8/100
|move|p1a: Ogerpon|Swords Dance|p1a: Ogerpon
|-boost|p1a: Ogerpon|atk|2
|
|-heal|p2a: Rotom|15/100|[from] item: Leftovers
|-damage|p1a: Ogerpon|70/100 brn|[from] brn
|upkeep
|turn|21
|
|t:|1779627064
|move|p1a: Ogerpon|Trailblaze|p2a: Rotom
|-supereffective|p2a: Rotom
|-damage|p2a: Rotom|0 fnt
|-boost|p1a: Ogerpon|spe|1
|faint|p2a: Rotom
|
|-damage|p1a: Ogerpon|64/100 brn|[from] brn
|upkeep
|
|t:|1779627070
|switch|p2a: Regice|Regice|100/100
|turn|22
|
|t:|1779627074
|move|p1a: Ogerpon|Ivy Cudgel|p2a: Regice|[anim] Ivy Cudgel Water
|-damage|p2a: Regice|16/100
|move|p2a: Regice|Ice Beam|p1a: Ogerpon
|-damage|p1a: Ogerpon|14/100 brn
|
|-damage|p1a: Ogerpon|8/100 brn|[from] brn
|upkeep
|turn|23
|
|t:|1779627081
|switch|p2a: Weezing|Weezing-Galar, M, tera:Grass|41/100
|-ability|p2a: Weezing|Neutralizing Gas
|move|p1a: Ogerpon|Ivy Cudgel|p2a: Weezing|[anim] Ivy Cudgel Water
|-resisted|p2a: Weezing
|-damage|p2a: Weezing|9/100
|
|-damage|p1a: Ogerpon|2/100 brn|[from] brn
|upkeep
|turn|24
|
|t:|1779627092
|-end|p2a: Weezing|ability: Neutralizing Gas
|switch|p2a: Regice|Regice|16/100
|move|p1a: Ogerpon|Ivy Cudgel|p2a: Regice|[anim] Ivy Cudgel Water
|-damage|p2a: Regice|0 fnt
|faint|p2a: Regice
|
|-damage|p1a: Ogerpon|0 fnt|[from] brn
|faint|p1a: Ogerpon
|upkeep
|
|t:|1779627097
|switch|p1a: Zamazenta|Zamazenta|82/100 brn
|switch|p2a: Great Tusk|Great Tusk|4/100
|-damage|p1a: Zamazenta|76/100 brn|[from] Stealth Rock
|turn|25
|
|t:|1779627106
|-end|p2a: Great Tusk|Protosynthesis|[silent]
|switch|p2a: Weezing|Weezing-Galar, M, tera:Grass|9/100
|-ability|p2a: Weezing|Neutralizing Gas
|move|p1a: Zamazenta|Ice Fang|p2a: Weezing
|-supereffective|p2a: Weezing
|-damage|p2a: Weezing|0 fnt
|faint|p2a: Weezing
|-end|p2a: Weezing|ability: Neutralizing Gas
|
|-damage|p1a: Zamazenta|70/100 brn|[from] brn
|upkeep
|
|t:|1779627109
|switch|p2a: Dragapult|Dragapult, M|100/100
|turn|26
|
|t:|1779627114
|move|p2a: Dragapult|Hex|p1a: Zamazenta
|-damage|p1a: Zamazenta|19/100 brn
|move|p1a: Zamazenta|Light Screen|p1a: Zamazenta
|-sidestart|p1: amasawaichikamommy|move: Light Screen
|
|-damage|p1a: Zamazenta|13/100 brn|[from] brn
|upkeep
|turn|27
|
|t:|1779627120
|move|p2a: Dragapult|Hex|p1a: Zamazenta
|-damage|p1a: Zamazenta|0 fnt
|faint|p1a: Zamazenta
|
|upkeep
|
|t:|1779627130
|switch|p1a: Hatterene|Hatterene, F|100/100
|-damage|p1a: Hatterene|88/100|[from] Stealth Rock
|turn|28
|
|t:|1779627135
|move|p2a: Dragapult|U-turn|p1a: Hatterene
|-damage|p1a: Hatterene|72/100
|
|t:|1779627137
|switch|p2a: Garganacl|Garganacl, F|86/100|[from] U-turn
|move|p1a: Hatterene|Calm Mind|p1a: Hatterene
|-boost|p1a: Hatterene|spa|1
|-boost|p1a: Hatterene|spd|1
|
|-heal|p2a: Garganacl|92/100|[from] item: Leftovers
|-heal|p1a: Hatterene|78/100|[from] item: Leftovers
|upkeep
|turn|29
|
|t:|1779627146
|move|p2a: Garganacl|Salt Cure|p1a: Hatterene
|-damage|p1a: Hatterene|67/100
|-start|p1a: Hatterene|Salt Cure
|move|p1a: Hatterene|Calm Mind|p1a: Hatterene
|-boost|p1a: Hatterene|spa|1
|-boost|p1a: Hatterene|spd|1
|
|-heal|p2a: Garganacl|98/100|[from] item: Leftovers
|-heal|p1a: Hatterene|73/100|[from] item: Leftovers
|-damage|p1a: Hatterene|60/100|[from] Salt Cure
|upkeep
|turn|30
|
|t:|1779627154
|move|p2a: Garganacl|Salt Cure|p1a: Hatterene
|-damage|p1a: Hatterene|49/100
|move|p1a: Hatterene|Draining Kiss|p2a: Garganacl
|-damage|p2a: Garganacl|69/100
|-heal|p1a: Hatterene|77/100|[from] drain|[of] p2a: Garganacl
|
|-heal|p2a: Garganacl|75/100|[from] item: Leftovers
|-heal|p1a: Hatterene|83/100|[from] item: Leftovers
|-damage|p1a: Hatterene|71/100|[from] Salt Cure
|upkeep
|turn|31
|
|t:|1779627164
|move|p2a: Garganacl|Salt Cure|p1a: Hatterene
|-damage|p1a: Hatterene|59/100
|move|p1a: Hatterene|Calm Mind|p1a: Hatterene
|-boost|p1a: Hatterene|spa|1
|-boost|p1a: Hatterene|spd|1
|
|-heal|p2a: Garganacl|82/100|[from] item: Leftovers
|-heal|p1a: Hatterene|65/100|[from] item: Leftovers
|-damage|p1a: Hatterene|53/100|[from] Salt Cure
|upkeep
|turn|32
|
|t:|1779627168
|move|p2a: Garganacl|Salt Cure|p1a: Hatterene
|-damage|p1a: Hatterene|41/100
|move|p1a: Hatterene|Draining Kiss|p2a: Garganacl
|-damage|p2a: Garganacl|42/100
|-heal|p1a: Hatterene|79/100|[from] drain|[of] p2a: Garganacl
|
|-heal|p2a: Garganacl|48/100|[from] item: Leftovers
|-heal|p1a: Hatterene|85/100|[from] item: Leftovers
|-damage|p1a: Hatterene|73/100|[from] Salt Cure
|upkeep
|turn|33
|
|t:|1779627171
|move|p2a: Garganacl|Salt Cure|p1a: Hatterene
|-damage|p1a: Hatterene|61/100
|move|p1a: Hatterene|Draining Kiss|p2a: Garganacl
|-damage|p2a: Garganacl|7/100
|-heal|p1a: Hatterene|100/100|[from] drain|[of] p2a: Garganacl
|
|-heal|p2a: Garganacl|14/100|[from] item: Leftovers
|-damage|p1a: Hatterene|88/100|[from] Salt Cure
|-sideend|p1: amasawaichikamommy|move: Light Screen
|upkeep
|turn|34
|
|t:|1779627176
|move|p2a: Garganacl|Protect|p2a: Garganacl
|-singleturn|p2a: Garganacl|Protect
|move|p1a: Hatterene|Draining Kiss|p2a: Garganacl
|-activate|p2a: Garganacl|move: Protect
|
|-heal|p2a: Garganacl|20/100|[from] item: Leftovers
|-heal|p1a: Hatterene|94/100|[from] item: Leftovers
|-damage|p1a: Hatterene|82/100|[from] Salt Cure
|upkeep
|turn|35
|
|t:|1779627180
|move|p2a: Garganacl|Salt Cure|p1a: Hatterene
|-damage|p1a: Hatterene|70/100
|move|p1a: Hatterene|Draining Kiss|p2a: Garganacl
|-damage|p2a: Garganacl|0 fnt
|-heal|p1a: Hatterene|88/100|[from] drain|[of] p2a: Garganacl
|faint|p2a: Garganacl
|
|-heal|p1a: Hatterene|94/100|[from] item: Leftovers
|-damage|p1a: Hatterene|82/100|[from] Salt Cure
|upkeep
|
|t:|1779627183
|switch|p2a: Great Tusk|Great Tusk|4/100
|turn|36
|
|t:|1779627187
|move|p2a: Great Tusk|Headlong Rush|p1a: Hatterene
|-damage|p1a: Hatterene|29/100
|-unboost|p2a: Great Tusk|def|1
|-unboost|p2a: Great Tusk|spd|1
|move|p1a: Hatterene|Draining Kiss|p2a: Great Tusk
|-supereffective|p2a: Great Tusk
|-damage|p2a: Great Tusk|0 fnt
|-heal|p1a: Hatterene|32/100|[from] drain|[of] p2a: Great Tusk
|faint|p2a: Great Tusk
|-end|p2a: Great Tusk|Protosynthesis|[silent]
|
|-heal|p1a: Hatterene|38/100|[from] item: Leftovers
|-damage|p1a: Hatterene|26/100|[from] Salt Cure
|upkeep
|
|t:|1779627190
|switch|p2a: Dragapult|Dragapult, M|100/100
|turn|37
|
|t:|1779627193
|move|p2a: Dragapult|Hex|p1a: Hatterene
|-supereffective|p1a: Hatterene
|-damage|p1a: Hatterene|0 fnt
|faint|p1a: Hatterene
|
|upkeep
|
|t:|1779627197
|switch|p1a: Raging Bolt|Raging Bolt|100/100
|-damage|p1a: Raging Bolt|88/100|[from] Stealth Rock
|-enditem|p1a: Raging Bolt|Booster Energy
|-activate|p1a: Raging Bolt|ability: Protosynthesis|[fromitem]
|-start|p1a: Raging Bolt|protosynthesisspa
|turn|38
|
|t:|1779627200
|move|p2a: Dragapult|Dragon Darts|p1a: Raging Bolt
|-supereffective|p1a: Raging Bolt
|-damage|p1a: Raging Bolt|52/100
|-anim|p2a: Dragapult|Dragon Darts|p1a: Raging Bolt
|-supereffective|p1a: Raging Bolt
|-damage|p1a: Raging Bolt|13/100
|move|p1a: Raging Bolt|Dragon Pulse|p2a: Dragapult
|-supereffective|p2a: Dragapult
|-damage|p2a: Dragapult|0 fnt
|faint|p2a: Dragapult
|
|win|amasawaichikamommy
|raw|amasawaichikamommy's rating: 1476 &rarr; <strong>1501</strong><br />(+25 for winning)
|raw|uncle brown's rating: 1558 &rarr; <strong>1533</strong><br />(-25 for losing)
|l|☆uncle brown
|player|p2|
|l|☆amasawaichikamommy
|player|p1|
