|badge|p2|gold|gen9ubers|3-9
|uhtml|medal-msg|<div class="broadcast-blue">Curious what those medals under the avatar are? PS now has Ladder Seasons! For more information, check out the <a href="https://www.smogon.com/forums/threads/3740067/">thread on Smogon.</a></div>
|j|☆goodnightnite
|j|☆Thajester
|t:|1779692551
|gametype|singles
|player|p1|goodnightnite|miku-water|1668
|player|p2|Thajester|1|1644
|gen|9
|tier|[Gen 9] OU
|rated|
|rule|HP Percentage Mod: HP is shown in percentages
|rule|Endless Battle Clause: Forcing endless battles is banned
|rule|Species Clause: Limit one of each Pokémon
|rule|OHKO Clause: OHKO moves are banned
|rule|Evasion Items Clause: Evasion items are banned
|rule|Evasion Moves Clause: Evasion moves are banned
|rule|Evasion Abilities Clause: Evasion abilities are banned
|rule|Sleep Moves Clause: Sleep-inducing moves are banned
|clearpoke
|poke|p1|Gliscor, F|
|poke|p1|Gholdengo|
|poke|p1|Dragonite, M|
|poke|p1|Ting-Lu|
|poke|p1|Darkrai|
|poke|p1|Zamazenta-*|
|poke|p2|Kyurem|
|poke|p2|Landorus-Therian, M|
|poke|p2|Zamazenta-*|
|poke|p2|Hatterene, F|
|poke|p2|Gholdengo|
|poke|p2|Samurott-Hisui, M|
|teampreview
|inactive|Battle timer is ON: inactive players will automatically lose when time's up. (requested by goodnightnite)
|inactive|goodnightnite has 120 seconds left.
|
|t:|1779692585
|teamsize|p1|6
|teamsize|p2|6
|start
|switch|p1a: Zamazenta|Zamazenta|100/100
|switch|p2a: Samurott|Samurott-Hisui, M|100/100
|-ability|p1a: Zamazenta|Dauntless Shield|boost
|-boost|p1a: Zamazenta|def|1
|turn|1
|
|t:|1779692592
|switch|p2a: Landorus|Landorus-Therian, M|100/100
|-ability|p2a: Landorus|Intimidate|boost
|-unboost|p1a: Zamazenta|atk|1
|move|p1a: Zamazenta|Ice Fang|p2a: Landorus
|-supereffective|p2a: Landorus
|-damage|p2a: Landorus|60/100
|-damage|p1a: Zamazenta|84/100|[from] item: Rocky Helmet|[of] p2a: Landorus
|
|upkeep
|turn|2
|
|t:|1779692600
|move|p1a: Zamazenta|Ice Fang|p2a: Landorus
|-supereffective|p2a: Landorus
|-damage|p2a: Landorus|15/100
|-damage|p1a: Zamazenta|67/100|[from] item: Rocky Helmet|[of] p2a: Landorus
|move|p2a: Landorus|Stealth Rock|p1a: Zamazenta
|-sidestart|p1: goodnightnite|move: Stealth Rock
|
|upkeep
|turn|3
|
|t:|1779692609
|switch|p2a: Hatterene|Hatterene, F|100/100
|move|p1a: Zamazenta|Close Combat|p2a: Hatterene
|-resisted|p2a: Hatterene
|-damage|p2a: Hatterene|93/100
|-unboost|p1a: Zamazenta|def|1
|-unboost|p1a: Zamazenta|spd|1
|-damage|p1a: Zamazenta|51/100|[from] item: Rocky Helmet|[of] p2a: Hatterene
|
|upkeep
|turn|4
|
|t:|1779692615
|switch|p1a: Gliscor|Gliscor, F|100/100
|-damage|p1a: Gliscor|88/100|[from] Stealth Rock
|move|p2a: Hatterene|Draining Kiss|p1a: Gliscor
|-damage|p1a: Gliscor|61/100
|-heal|p2a: Hatterene|100/100|[from] drain|[of] p1a: Gliscor
|
|-status|p1a: Gliscor|tox|[from] item: Toxic Orb
|upkeep
|turn|5
|
|t:|1779692626
|move|p1a: Gliscor|Protect|p1a: Gliscor
|-singleturn|p1a: Gliscor|Protect
|move|p2a: Hatterene|Psychic Noise|p1a: Gliscor
|-activate|p1a: Gliscor|move: Protect
|
|-heal|p1a: Gliscor|74/100 tox|[from] ability: Poison Heal
|upkeep
|turn|6
|
|t:|1779692631
|move|p1a: Gliscor|Earthquake|p2a: Hatterene
|-damage|p2a: Hatterene|70/100
|move|p2a: Hatterene|Psychic Noise|p1a: Gliscor
|-damage|p1a: Gliscor|31/100 tox
|-start|p1a: Gliscor|move: Heal Block
|
|upkeep
|turn|7
|
|t:|1779692637
|move|p1a: Gliscor|Protect|p1a: Gliscor
|-singleturn|p1a: Gliscor|Protect
|move|p2a: Hatterene|Draining Kiss|p1a: Gliscor
|-activate|p1a: Gliscor|move: Protect
|
|-end|p1a: Gliscor|move: Heal Block
|upkeep
|turn|8
|
|t:|1779692641
|switch|p1a: Gholdengo|Gholdengo|100/100
|-damage|p1a: Gholdengo|94/100|[from] Stealth Rock
|move|p2a: Hatterene|Psychic Noise|p1a: Gholdengo
|-resisted|p1a: Gholdengo
|-damage|p1a: Gholdengo|74/100
|-start|p1a: Gholdengo|move: Heal Block
|
|upkeep
|turn|9
|
|t:|1779692649
|switch|p1a: Darkrai|Darkrai|100/100
|switch|p2a: Samurott|Samurott-Hisui, M|100/100
|
|upkeep
|turn|10
|
|t:|1779692655
|move|p1a: Darkrai|Will-O-Wisp|p2a: Samurott
|-status|p2a: Samurott|brn
|move|p2a: Samurott|Ceaseless Edge|p1a: Darkrai
|-resisted|p1a: Darkrai
|-damage|p1a: Darkrai|87/100
|-sidestart|p1: goodnightnite|Spikes
|
|-damage|p2a: Samurott|94/100 brn|[from] brn
|upkeep
|turn|11
|
|t:|1779692664
|switch|p1a: Ting-Lu|Ting-Lu|100/100
|-damage|p1a: Ting-Lu|94/100|[from] Stealth Rock
|-damage|p1a: Ting-Lu|82/100|[from] Spikes
|-ability|p1a: Ting-Lu|Vessel of Ruin
|move|p2a: Samurott|Ceaseless Edge|p1a: Ting-Lu
|-resisted|p1a: Ting-Lu
|-damage|p1a: Ting-Lu|76/100
|-sidestart|p1: goodnightnite|Spikes
|
|-heal|p1a: Ting-Lu|82/100|[from] item: Leftovers
|-damage|p2a: Samurott|88/100 brn|[from] brn
|upkeep
|turn|12
|
|t:|1779692669
|move|p2a: Samurott|Flip Turn|p1a: Ting-Lu
|-supereffective|p1a: Ting-Lu
|-damage|p1a: Ting-Lu|69/100
|
|t:|1779692673
|switch|p2a: Hatterene|Hatterene, F|70/100|[from] Flip Turn
|move|p1a: Ting-Lu|Stealth Rock|p2a: Hatterene
|move|p2a: Hatterene|Stealth Rock||[from] ability: Magic Bounce|[still]
|-fail|p2a: Hatterene
|
|-heal|p1a: Ting-Lu|75/100|[from] item: Leftovers
|upkeep
|turn|13
|
|t:|1779692681
|move|p1a: Ting-Lu|Earthquake|p2a: Hatterene
|-damage|p2a: Hatterene|42/100
|move|p2a: Hatterene|Draining Kiss|p1a: Ting-Lu
|-supereffective|p1a: Ting-Lu
|-damage|p1a: Ting-Lu|55/100
|-heal|p2a: Hatterene|66/100|[from] drain|[of] p1a: Ting-Lu
|
|-heal|p1a: Ting-Lu|61/100|[from] item: Leftovers
|upkeep
|turn|14
|
|t:|1779692686
|move|p1a: Ting-Lu|Ruination|p2a: Hatterene
|-damage|p2a: Hatterene|33/100
|move|p2a: Hatterene|Draining Kiss|p1a: Ting-Lu
|-supereffective|p1a: Ting-Lu
|-damage|p1a: Ting-Lu|43/100
|-heal|p2a: Hatterene|56/100|[from] drain|[of] p1a: Ting-Lu
|
|-heal|p1a: Ting-Lu|49/100|[from] item: Leftovers
|upkeep
|turn|15
|
|t:|1779692695
|move|p1a: Ting-Lu|Ruination|p2a: Hatterene
|-damage|p2a: Hatterene|28/100
|move|p2a: Hatterene|Draining Kiss|p1a: Ting-Lu
|-supereffective|p1a: Ting-Lu
|-crit|p1a: Ting-Lu
|-damage|p1a: Ting-Lu|22/100
|-heal|p2a: Hatterene|61/100|[from] drain|[of] p1a: Ting-Lu
|
|-heal|p1a: Ting-Lu|28/100|[from] item: Leftovers
|upkeep
|turn|16
|
|t:|1779692706
|switch|p1a: Gholdengo|Gholdengo|74/100
|-damage|p1a: Gholdengo|67/100|[from] Stealth Rock
|-damage|p1a: Gholdengo|51/100|[from] Spikes
|move|p2a: Hatterene|Draining Kiss|p1a: Gholdengo
|-resisted|p1a: Gholdengo
|-damage|p1a: Gholdengo|38/100
|-heal|p2a: Hatterene|71/100|[from] drain|[of] p1a: Gholdengo
|
|upkeep
|turn|17
|
|t:|1779692712
|switch|p2a: Samurott|Samurott-Hisui, M|88/100 brn
|move|p1a: Gholdengo|Recover|p1a: Gholdengo
|-heal|p1a: Gholdengo|88/100
|
|-damage|p2a: Samurott|82/100 brn|[from] brn
|upkeep
|turn|18
|
|t:|1779692717
|switch|p1a: Zamazenta|Zamazenta|51/100
|move|p2a: Samurott|Knock Off|p1a: Zamazenta
|-resisted|p1a: Zamazenta
|-damage|p1a: Zamazenta|40/100
|-enditem|p1a: Zamazenta|Heavy-Duty Boots|[from] move: Knock Off|[of] p2a: Samurott
|
|-damage|p2a: Samurott|76/100 brn|[from] brn
|upkeep
|turn|19
|
|t:|1779692723
|switch|p2a: Landorus|Landorus-Therian, M|15/100
|-ability|p2a: Landorus|Intimidate|boost
|-unboost|p1a: Zamazenta|atk|1
|move|p1a: Zamazenta|Heavy Slam|p2a: Landorus
|-damage|p2a: Landorus|3/100
|-damage|p1a: Zamazenta|24/100|[from] item: Rocky Helmet|[of] p2a: Landorus
|
|upkeep
|turn|20
|
|t:|1779692729
|move|p1a: Zamazenta|Ice Fang|p2a: Landorus
|-supereffective|p2a: Landorus
|-damage|p2a: Landorus|0 fnt
|-damage|p1a: Zamazenta|7/100|[from] item: Rocky Helmet|[of] p2a: Landorus
|faint|p2a: Landorus
|
|upkeep
|
|t:|1779692735
|switch|p2a: Gholdengo|Gholdengo|100/100
|turn|21
|
|t:|1779692739
|move|p2a: Gholdengo|Shadow Ball|p1a: Zamazenta
|-damage|p1a: Zamazenta|0 fnt
|faint|p1a: Zamazenta
|
|upkeep
|
|t:|1779692743
|switch|p1a: Darkrai|Darkrai|87/100
|turn|22
|
|t:|1779692747
|switch|p2a: Samurott|Samurott-Hisui, M|76/100 brn
|move|p1a: Darkrai|Dark Pulse|p2a: Samurott
|-resisted|p2a: Samurott
|-damage|p2a: Samurott|61/100 brn
|
|-damage|p2a: Samurott|55/100 brn|[from] brn
|upkeep
|turn|23
|
|t:|1779692751
|move|p1a: Darkrai|Knock Off|p2a: Samurott
|-resisted|p2a: Samurott
|-damage|p2a: Samurott|40/100 brn
|-enditem|p2a: Samurott|Assault Vest|[from] move: Knock Off|[of] p1a: Darkrai
|move|p2a: Samurott|Flip Turn|p1a: Darkrai
|-damage|p1a: Darkrai|71/100
|
|t:|1779692755
|switch|p2a: Gholdengo|Gholdengo|100/100|[from] Flip Turn
|
|upkeep
|turn|24
|
|t:|1779692760
|move|p2a: Gholdengo|Make It Rain|p1a: Darkrai
|-damage|p1a: Darkrai|0 fnt
|-unboost|p2a: Gholdengo|spa|1
|faint|p1a: Darkrai
|
|upkeep
|
|t:|1779692765
|switch|p1a: Dragonite|Dragonite, M|100/100
|turn|25
|
|t:|1779692769
|switch|p2a: Hatterene|Hatterene, F|71/100
|move|p1a: Dragonite|Dragon Dance|p1a: Dragonite
|-boost|p1a: Dragonite|atk|1
|-boost|p1a: Dragonite|spe|1
|
|upkeep
|turn|26
|
|t:|1779692780
|switch|p1a: Gholdengo|Gholdengo|88/100
|-damage|p1a: Gholdengo|82/100|[from] Stealth Rock
|-damage|p1a: Gholdengo|65/100|[from] Spikes
|move|p2a: Hatterene|Nuzzle|p1a: Gholdengo
|-damage|p1a: Gholdengo|61/100
|-status|p1a: Gholdengo|par
|
|upkeep
|turn|27
|
|t:|1779692787
|switch|p2a: Samurott|Samurott-Hisui, M|40/100 brn
|move|p1a: Gholdengo|Trick|p2a: Samurott
|-activate|p1a: Gholdengo|move: Trick|[of] p2a: Samurott
|-item|p2a: Samurott|Choice Scarf|[from] move: Trick
|-enditem|p1a: Gholdengo|Choice Scarf|[silent]|[from] move: Trick
|
|-damage|p2a: Samurott|34/100 brn|[from] brn
|upkeep
|turn|28
|
|t:|1779692794
|move|p2a: Samurott|Knock Off|p1a: Gholdengo
|-supereffective|p1a: Gholdengo
|-damage|p1a: Gholdengo|27/100 par
|cant|p1a: Gholdengo|par
|
|-damage|p2a: Samurott|28/100 brn|[from] brn
|upkeep
|turn|29
|
|t:|1779692801
|switch|p2a: Gholdengo|Gholdengo|100/100
|move|p1a: Gholdengo|Recover|p1a: Gholdengo
|-heal|p1a: Gholdengo|77/100 par
|
|upkeep
|turn|30
|
|t:|1779692805
|move|p2a: Gholdengo|Shadow Ball|p1a: Gholdengo
|-supereffective|p1a: Gholdengo
|-damage|p1a: Gholdengo|0 fnt
|faint|p1a: Gholdengo
|
|upkeep
|
|t:|1779692810
|switch|p1a: Dragonite|Dragonite, M|100/100
|turn|31
|
|t:|1779692814
|switch|p2a: Hatterene|Hatterene, F|71/100
|move|p1a: Dragonite|Earthquake|p2a: Hatterene
|-damage|p2a: Hatterene|40/100
|
|upkeep
|turn|32
|
|t:|1779692818
|switch|p1a: Gliscor|Gliscor, F|31/100 tox
|-damage|p1a: Gliscor|19/100 tox|[from] Stealth Rock
|move|p2a: Hatterene|Nuzzle|p1a: Gliscor
|-immune|p1a: Gliscor
|
|-heal|p1a: Gliscor|31/100 tox|[from] ability: Poison Heal
|upkeep
|turn|33
|
|t:|1779692823
|move|p1a: Gliscor|Protect|p1a: Gliscor
|-singleturn|p1a: Gliscor|Protect
|move|p2a: Hatterene|Draining Kiss|p1a: Gliscor
|-activate|p1a: Gliscor|move: Protect
|
|-heal|p1a: Gliscor|44/100 tox|[from] ability: Poison Heal
|upkeep
|turn|34
|
|t:|1779692827
|move|p1a: Gliscor|Earthquake|p2a: Hatterene
|-damage|p2a: Hatterene|14/100
|move|p2a: Hatterene|Draining Kiss|p1a: Gliscor
|-damage|p1a: Gliscor|16/100 tox
|-heal|p2a: Hatterene|37/100|[from] drain|[of] p1a: Gliscor
|
|-heal|p1a: Gliscor|29/100 tox|[from] ability: Poison Heal
|upkeep
|turn|35
|
|t:|1779692831
|switch|p2a: Kyurem|Kyurem|100/100
|-ability|p2a: Kyurem|Pressure
|move|p1a: Gliscor|Earthquake|p2a: Kyurem
|-damage|p2a: Kyurem|68/100
|
|-heal|p1a: Gliscor|41/100 tox|[from] ability: Poison Heal
|upkeep
|turn|36
|
|t:|1779692835
|move|p2a: Kyurem|Dragon Dance|p2a: Kyurem
|-boost|p2a: Kyurem|atk|1
|-boost|p2a: Kyurem|spe|1
|move|p1a: Gliscor|Earthquake|p2a: Kyurem
|-damage|p2a: Kyurem|35/100
|
|-heal|p1a: Gliscor|54/100 tox|[from] ability: Poison Heal
|upkeep
|turn|37
|
|t:|1779692842
|move|p2a: Kyurem|Icicle Spear|p1a: Gliscor
|-supereffective|p1a: Gliscor
|-damage|p1a: Gliscor|13/100 tox
|-supereffective|p1a: Gliscor
|-damage|p1a: Gliscor|0 fnt
|faint|p1a: Gliscor
|-hitcount|p1: Gliscor|2
|
|upkeep
|
|t:|1779692846
|switch|p1a: Dragonite|Dragonite, M|100/100
|turn|38
|
|t:|1779692850
|-terastallize|p2a: Kyurem|Ghost
|-terastallize|p1a: Dragonite|Normal
|move|p1a: Dragonite|Extreme Speed|p2a: Kyurem
|-immune|p2a: Kyurem
|move|p2a: Kyurem|Icicle Spear|p1a: Dragonite
|-damage|p1a: Dragonite|93/100
|-damage|p1a: Dragonite|78/100
|-damage|p1a: Dragonite|61/100
|-damage|p1a: Dragonite|46/100
|-hitcount|p1a: Dragonite|4
|
|upkeep
|turn|39
|-message|goodnightnite forfeited.
|
|win|Thajester
|raw|goodnightnite's rating: 1668 &rarr; <strong>1647</strong><br />(-21 for losing)
|raw|Thajester's rating: 1644 &rarr; <strong>1665</strong><br />(+21 for winning)
|l|☆goodnightnite
|player|p1|
|l|☆Thajester
|player|p2|
