|j|☆RealProblemSleuth
|j|☆gew___geww
|t:|1779703538
|gametype|singles
|player|p1|RealProblemSleuth|102|1103
|player|p2|gew___geww|lady-gen4|1150
|gen|9
|tier|[Gen 9] OU
|rated|
|rule|HP Percentage Mod: HP is shown in percentages
|rule|Endless Battle Clause: Forcing endless battles is banned
|rule|Species Clause: Limit one of each Pokémon
|rule|OHKO Clause: OHKO moves are banned
|rule|Evasion Items Clause: Evasion items are banned
|rule|Evasion Moves Clause: Evasion moves are banned
|rule|Evasion Abilities Clause: Evasion abilities are banned
|rule|Sleep Moves Clause: Sleep-inducing moves are banned
|clearpoke
|poke|p1|Clefairy, M|
|poke|p1|Darkrai|
|poke|p1|Samurott-Hisui, F|
|poke|p1|Lokix, F|
|poke|p1|Corviknight, M|
|poke|p1|Heatran, M|
|poke|p2|Vaporeon, F|
|poke|p2|Sylveon, F|
|poke|p2|Leavanny, F|
|poke|p2|Espeon, F|
|poke|p2|Shaymin|
|poke|p2|Glaceon, M|
|teampreview
|inactive|Battle timer is ON: inactive players will automatically lose when time's up. (requested by gew___geww)
|
|t:|1779703550
|teamsize|p1|6
|teamsize|p2|6
|start
|switch|p1a: Clefairy|Clefairy, M, shiny|100/100
|switch|p2a: Leavanny|Leavanny, F|100/100
|turn|1
|
|t:|1779703563
|move|p2a: Leavanny|Sticky Web|p1a: Clefairy
|-sidestart|p1: RealProblemSleuth|move: Sticky Web
|move|p1a: Clefairy|Knock Off|p2a: Leavanny
|-damage|p2a: Leavanny|84/100
|-enditem|p2a: Leavanny|Leftovers|[from] move: Knock Off|[of] p1a: Clefairy
|
|upkeep
|turn|2
|
|t:|1779703571
|move|p2a: Leavanny|Swords Dance|p2a: Leavanny
|-boost|p2a: Leavanny|atk|2
|move|p1a: Clefairy|Encore|p2a: Leavanny
|-start|p2a: Leavanny|Encore
|
|upkeep
|turn|3
|
|t:|1779703577
|move|p2a: Leavanny|Swords Dance|p2a: Leavanny
|-boost|p2a: Leavanny|atk|2
|move|p1a: Clefairy|Stealth Rock|p2a: Leavanny
|-sidestart|p2: gew___geww|move: Stealth Rock
|
|upkeep
|turn|4
|
|t:|1779703594
|switch|p1a: Lokix|Lokix, F|100/100
|move|p2a: Leavanny|Swords Dance|p2a: Leavanny
|-boost|p2a: Leavanny|atk|2
|
|upkeep
|turn|5
|
|t:|1779703623
|move|p1a: Lokix|U-turn|p2a: Leavanny
|-supereffective|p2a: Leavanny
|-damage|p2a: Leavanny|1/100
|
|t:|1779703629
|switch|p1a: Samurott|Samurott-Hisui, F|100/100|[from] U-turn
|-activate|p1a: Samurott|move: Sticky Web
|-unboost|p1a: Samurott|spe|1
|move|p2a: Leavanny|Swords Dance|p2a: Leavanny
|-boost|p2a: Leavanny|atk|0
|
|-end|p2a: Leavanny|Encore
|upkeep
|turn|6
|
|t:|1779703637
|move|p1a: Samurott|Aqua Jet|p2a: Leavanny
|-resisted|p2a: Leavanny
|-damage|p2a: Leavanny|0 fnt
|faint|p2a: Leavanny
|
|upkeep
|
|t:|1779703645
|switch|p2a: Shaymin|Shaymin|100/100
|-damage|p2a: Shaymin|88/100|[from] Stealth Rock
|turn|7
|
|t:|1779703654
|switch|p1a: Corviknight|Corviknight, M|100/100
|-ability|p1a: Corviknight|Pressure
|move|p2a: Shaymin|Leech Seed|p1a: Corviknight
|-start|p1a: Corviknight|move: Leech Seed
|
|-heal|p2a: Shaymin|94/100|[from] item: Leftovers
|-damage|p1a: Corviknight|88/100|[from] Leech Seed|[of] p2a: Shaymin
|-heal|p2a: Shaymin|100/100|[silent]
|upkeep
|turn|8
|
|t:|1779703667
|switch|p2a: Vaporeon|Vaporeon, F|100/100
|-damage|p2a: Vaporeon|88/100|[from] Stealth Rock
|move|p1a: Corviknight|Defog|p2a: Vaporeon
|-unboost|p2a: Vaporeon|evasion|1
|-sideend|p2: gew___geww|Stealth Rock|[from] move: Defog|[of] p1a: Corviknight
|-sideend|p1: RealProblemSleuth|Sticky Web|[from] move: Defog|[of] p1a: Corviknight
|
|-heal|p2a: Vaporeon|94/100|[from] item: Leftovers
|-damage|p1a: Corviknight|76/100|[from] Leech Seed|[of] p2a: Vaporeon
|-heal|p2a: Vaporeon|100/100|[silent]
|upkeep
|turn|9
|
|t:|1779703680
|move|p1a: Corviknight|U-turn|p2a: Vaporeon
|-damage|p2a: Vaporeon|85/100
|
|t:|1779703688
|switch|p1a: Clefairy|Clefairy, M, shiny|100/100|[from] U-turn
|move|p2a: Vaporeon|Wish|p2a: Vaporeon
|
|-heal|p2a: Vaporeon|91/100|[from] item: Leftovers
|upkeep
|turn|10
|
|t:|1779703698
|move|p2a: Vaporeon|Surf|p1a: Clefairy
|-damage|p1a: Clefairy|72/100
|move|p1a: Clefairy|Encore|p2a: Vaporeon
|-start|p2a: Vaporeon|Encore
|
|-heal|p2a: Vaporeon|100/100|[from] move: Wish|[wisher] Vaporeon
|upkeep
|turn|11
|
|t:|1779703709
|move|p2a: Vaporeon|Surf|p1a: Clefairy
|-damage|p1a: Clefairy|45/100
|move|p1a: Clefairy|Moonlight|p1a: Clefairy
|-heal|p1a: Clefairy|95/100
|
|upkeep
|turn|12
|-message|gew___geww forfeited.
|
|win|RealProblemSleuth
|raw|RealProblemSleuth's rating: 1103 &rarr; <strong>1131</strong><br />(+28 for winning)
|raw|gew___geww's rating: 1150 &rarr; <strong>1122</strong><br />(-28 for losing)
|l|☆gew___geww
|player|p2|
|l|☆RealProblemSleuth
|player|p1|
