|j|☆929Z
|j|☆Clueless Mann
|t:|1779725096
|gametype|singles
|player|p1|929Z|265|1436
|player|p2|Clueless Mann|psychic-gen4|1495
|gen|9
|tier|[Gen 9] OU
|rated|
|rule|HP Percentage Mod: HP is shown in percentages
|rule|Endless Battle Clause: Forcing endless battles is banned
|rule|Species Clause: Limit one of each Pokémon
|rule|OHKO Clause: OHKO moves are banned
|rule|Evasion Items Clause: Evasion items are banned
|rule|Evasion Moves Clause: Evasion moves are banned
|rule|Evasion Abilities Clause: Evasion abilities are banned
|rule|Sleep Moves Clause: Sleep-inducing moves are banned
|clearpoke
|poke|p1|Scyther, M|
|poke|p1|Kleavor, F|
|poke|p1|Scizor, F|
|poke|p1|Great Tusk|
|poke|p1|Kyurem|
|poke|p1|Gholdengo|
|poke|p2|Ogerpon-Wellspring, F|
|poke|p2|Great Tusk|
|poke|p2|Clefable, M|
|poke|p2|Pecharunt|
|poke|p2|Heatran, M|
|poke|p2|Samurott-Hisui, F|
|teampreview
|inactive|Battle timer is ON: inactive players will automatically lose when time's up. (requested by 929Z)
|
|t:|1779725110
|teamsize|p1|6
|teamsize|p2|6
|start
|switch|p1a: Scizor|Scizor, F|100/100
|switch|p2a: Samurott|Samurott-Hisui, F|100/100
|turn|1
|
|t:|1779725114
|move|p2a: Samurott|Ceaseless Edge|p1a: Scizor
|-damage|p1a: Scizor|49/100
|-sidestart|p1: 929Z|Spikes
|move|p1a: Scizor|U-turn|p2a: Samurott
|-supereffective|p2a: Samurott
|-enditem|p2a: Samurott|Focus Sash
|-damage|p2a: Samurott|1/100
|
|t:|1779725119
|switch|p1a: Kleavor|Kleavor, F|100/100|[from] U-turn
|-damage|p1a: Kleavor|88/100|[from] Spikes
|
|upkeep
|turn|2
|
|t:|1779725148
|move|p2a: Samurott|Aqua Jet|p1a: Kleavor
|-supereffective|p1a: Kleavor
|-crit|p1a: Kleavor
|-damage|p1a: Kleavor|15/100
|move|p1a: Kleavor|Stone Axe|p2a: Samurott|[miss]
|-miss|p1a: Kleavor|p2a: Samurott
|
|upkeep
|turn|3
|
|t:|1779725154
|move|p2a: Samurott|Aqua Jet|p1a: Kleavor
|-supereffective|p1a: Kleavor
|-damage|p1a: Kleavor|0 fnt
|faint|p1a: Kleavor
|
|upkeep
|
|t:|1779725157
|switch|p1a: Great Tusk|Great Tusk|100/100
|turn|4
|c|☆Clueless Mann|oof
|
|t:|1779725162
|switch|p2a: Pecharunt|Pecharunt|100/100
|move|p1a: Great Tusk|Headlong Rush|p2a: Pecharunt
|-supereffective|p2a: Pecharunt
|-damage|p2a: Pecharunt|17/100
|-unboost|p1a: Great Tusk|def|1
|-unboost|p1a: Great Tusk|spd|1
|
|upkeep
|turn|5
|c|☆929Z|rng is rng
|
|t:|1779725171
|move|p2a: Pecharunt|Shadow Ball|p1a: Great Tusk
|-damage|p1a: Great Tusk|20/100
|move|p1a: Great Tusk|Headlong Rush|p2a: Pecharunt
|-supereffective|p2a: Pecharunt
|-damage|p2a: Pecharunt|0 fnt
|-unboost|p1a: Great Tusk|def|1
|-unboost|p1a: Great Tusk|spd|1
|faint|p2a: Pecharunt
|
|upkeep
|c|☆929Z|(should have been removed from the game 30 years ago)
|inactive|Clueless Mann has 120 seconds left.
|
|t:|1779725204
|switch|p2a: Great Tusk|Great Tusk|100/100
|turn|6
|
|t:|1779725209
|move|p2a: Great Tusk|Ice Spinner|p1a: Great Tusk
|-supereffective|p1a: Great Tusk
|-damage|p1a: Great Tusk|0 fnt
|faint|p1a: Great Tusk
|-end|p1a: Great Tusk|Protosynthesis|[silent]
|
|upkeep
|
|t:|1779725213
|switch|p1a: Kyurem|Kyurem|100/100
|-damage|p1a: Kyurem|88/100|[from] Spikes
|-ability|p1a: Kyurem|Pressure
|turn|7
|c|☆Clueless Mann|at least they got rid of the gen 1 miss lol
|
|t:|1779725222
|-end|p2a: Great Tusk|Protosynthesis|[silent]
|switch|p2a: Samurott|Samurott-Hisui, F|1/100
|move|p1a: Kyurem|Freeze-Dry|p2a: Samurott
|-supereffective|p2a: Samurott
|-damage|p2a: Samurott|0 fnt
|faint|p2a: Samurott
|
|upkeep
|
|t:|1779725227
|switch|p2a: Clefable|Clefable, M|100/100
|turn|8
|c|☆929Z|all rng gotta go but yea
|
|t:|1779725236
|switch|p1a: Gholdengo|Gholdengo|100/100
|-item|p1a: Gholdengo|Air Balloon
|move|p2a: Clefable|Thunder Wave|p1a: Gholdengo
|-immune|p1a: Gholdengo|[from] ability: Good as Gold
|
|upkeep
|turn|9
|
|t:|1779725247
|switch|p2a: Heatran|Heatran, M|100/100
|move|p1a: Gholdengo|Nasty Plot|p1a: Gholdengo
|-boost|p1a: Gholdengo|spa|2
|
|upkeep
|turn|10
|
|t:|1779725252
|move|p1a: Gholdengo|Focus Blast|p2a: Heatran
|-supereffective|p2a: Heatran
|-damage|p2a: Heatran|0 fnt
|faint|p2a: Heatran
|
|upkeep
|c|☆Clueless Mann|you click a lot of moves that can miss for a guy who hates rng lol
|
|t:|1779725270
|switch|p2a: Ogerpon|Ogerpon-Wellspring, F|100/100
|turn|11
|c|☆929Z|if ghold learned aura sphere
|c|☆929Z|believe you me
|
|t:|1779725292
|-terastallize|p2a: Ogerpon|Water
|detailschange|p2a: Ogerpon|Ogerpon-Wellspring-Tera, F, tera:Water
|-ability|p2a: Ogerpon|Embody Aspect (Wellspring)|boost
|-boost|p2a: Ogerpon|spd|1
|move|p2a: Ogerpon|Knock Off|p1a: Gholdengo
|-supereffective|p1a: Gholdengo
|-damage|p1a: Gholdengo|15/100
|-enditem|p1a: Gholdengo|Air Balloon
|move|p1a: Gholdengo|Shadow Ball|p2a: Ogerpon
|-damage|p2a: Ogerpon|37/100
|
|upkeep
|turn|12
|
|t:|1779725299
|move|p2a: Ogerpon|Ivy Cudgel|p1a: Gholdengo|[anim] Ivy Cudgel Water
|-crit|p1a: Gholdengo
|-damage|p1a: Gholdengo|0 fnt
|faint|p1a: Gholdengo
|
|upkeep
|
|t:|1779725312
|switch|p1a: Scizor|Scizor, F|49/100
|-damage|p1a: Scizor|36/100|[from] Spikes
|turn|13
|
|t:|1779725316
|switch|p2a: Great Tusk|Great Tusk|100/100
|-terastallize|p1a: Scizor|Steel
|move|p1a: Scizor|Bullet Punch|p2a: Great Tusk
|-damage|p2a: Great Tusk|53/100
|
|upkeep
|turn|14
|
|t:|1779725330
|switch|p1a: Scyther|Scyther, M|100/100
|move|p2a: Great Tusk|Headlong Rush|p1a: Scyther
|-immune|p1a: Scyther
|
|upkeep
|turn|15
|
|t:|1779725341
|-end|p2a: Great Tusk|Protosynthesis|[silent]
|switch|p2a: Clefable|Clefable, M|100/100
|move|p1a: Scyther|Trailblaze|p2a: Clefable
|-damage|p2a: Clefable|84/100
|-boost|p1a: Scyther|spe|1
|
|upkeep
|turn|16
|
|t:|1779725348
|move|p1a: Scyther|Dual Wingbeat|p2a: Clefable
|-damage|p2a: Clefable|62/100
|-damage|p2a: Clefable|42/100
|-hitcount|p2a: Clefable|2
|move|p2a: Clefable|Thunder Wave|p1a: Scyther
|-status|p1a: Scyther|par
|
|upkeep
|turn|17
|
|t:|1779725355
|move|p1a: Scyther|Dual Wingbeat|p2a: Clefable
|-damage|p2a: Clefable|21/100
|-damage|p2a: Clefable|1/100
|-hitcount|p2a: Clefable|2
|move|p2a: Clefable|Moonlight|p2a: Clefable
|-heal|p2a: Clefable|51/100
|
|upkeep
|turn|18
|
|t:|1779725368
|switch|p1a: Scizor|Scizor, F, tera:Steel|36/100
|-damage|p1a: Scizor|24/100|[from] Spikes
|move|p2a: Clefable|Moonlight|p2a: Clefable
|-heal|p2a: Clefable|100/100
|
|upkeep
|turn|19
|
|t:|1779725375
|switch|p2a: Ogerpon|Ogerpon-Wellspring-Tera, F, tera:Water|37/100
|-ability|p2a: Ogerpon|Embody Aspect (Wellspring)|boost
|-boost|p2a: Ogerpon|spd|1
|move|p1a: Scizor|Bullet Punch|p2a: Ogerpon
|-resisted|p2a: Ogerpon
|-damage|p2a: Ogerpon|0 fnt
|faint|p2a: Ogerpon
|detailschange|p2: Ogerpon|Ogerpon-Wellspring, F|[silent]
|
|upkeep
|
|t:|1779725379
|switch|p2a: Great Tusk|Great Tusk|53/100
|turn|20
|
|t:|1779725393
|switch|p1a: Scyther|Scyther, M|100/100 par
|move|p2a: Great Tusk|Stone Edge|p1a: Scyther
|-supereffective|p1a: Scyther
|-damage|p1a: Scyther|0 fnt
|faint|p1a: Scyther
|
|upkeep
|
|t:|1779725397
|switch|p1a: Kyurem|Kyurem|88/100
|-damage|p1a: Kyurem|76/100|[from] Spikes
|-ability|p1a: Kyurem|Pressure
|turn|21
|
|t:|1779725400
|move|p2a: Great Tusk|Stone Edge|p1a: Kyurem
|-supereffective|p1a: Kyurem
|-damage|p1a: Kyurem|5/100
|move|p1a: Kyurem|Ice Beam|p2a: Great Tusk
|-supereffective|p2a: Great Tusk
|-damage|p2a: Great Tusk|0 fnt
|faint|p2a: Great Tusk
|-end|p2a: Great Tusk|Protosynthesis|[silent]
|
|upkeep
|
|t:|1779725403
|switch|p2a: Clefable|Clefable, M|100/100
|turn|22
|
|t:|1779725407
|move|p1a: Kyurem|Ice Beam|p2a: Clefable
|-damage|p2a: Clefable|39/100
|move|p2a: Clefable|Moonblast|p1a: Kyurem
|-supereffective|p1a: Kyurem
|-damage|p1a: Kyurem|0 fnt
|faint|p1a: Kyurem
|
|upkeep
|
|t:|1779725410
|switch|p1a: Scizor|Scizor, F, tera:Steel|24/100
|-damage|p1a: Scizor|12/100|[from] Spikes
|turn|23
|c|☆Clueless Mann|gg
|
|t:|1779725414
|move|p1a: Scizor|Bullet Punch|p2a: Clefable
|-supereffective|p2a: Clefable
|-damage|p2a: Clefable|0 fnt
|faint|p2a: Clefable
|
|win|929Z
|raw|929Z's rating: 1436 &rarr; <strong>1459</strong><br />(+23 for winning)
|raw|Clueless Mann's rating: 1495 &rarr; <strong>1472</strong><br />(-23 for losing)
|c|☆929Z|gg
|l|☆Clueless Mann
|player|p2|
|l|☆929Z
|player|p1|
