|j|☆lolkingston
|j|☆fallentitansss
|t:|1779591816
|gametype|singles
|player|p1|lolkingston|101|1328
|player|p2|fallentitansss|266|1297
|gen|9
|tier|[Gen 9] OU
|rated|
|rule|HP Percentage Mod: HP is shown in percentages
|rule|Endless Battle Clause: Forcing endless battles is banned
|rule|Species Clause: Limit one of each Pokémon
|rule|OHKO Clause: OHKO moves are banned
|rule|Evasion Items Clause: Evasion items are banned
|rule|Evasion Moves Clause: Evasion moves are banned
|rule|Evasion Abilities Clause: Evasion abilities are banned
|rule|Sleep Moves Clause: Sleep-inducing moves are banned
|clearpoke
|poke|p1|Regieleki|
|poke|p1|Raging Bolt|
|poke|p1|Overqwil, M|
|poke|p1|Greninja-*, M|
|poke|p1|Pelipper, M|
|poke|p1|Iron Treads|
|poke|p2|Corviknight, F|
|poke|p2|Deoxys-Speed|
|poke|p2|Moltres-Galar|
|poke|p2|Glastrier|
|poke|p2|Alomomola, F|
|poke|p2|Luxray, F|
|teampreview
|
|t:|1779591826
|teamsize|p1|6
|teamsize|p2|6
|start
|switch|p1a: Pelipper|Pelipper, M, shiny|100/100
|switch|p2a: Deoxys|Deoxys-Speed|100/100
|-ability|p2a: Deoxys|Pressure
|-weather|RainDance|[from] ability: Drizzle|[of] p1a: Pelipper
|turn|1
|
|t:|1779591837
|switch|p2a: Alomomola|Alomomola, F|100/100
|switch|p1a: Greninja|Greninja, M|100/100
|
|-weather|RainDance|[upkeep]
|upkeep
|turn|2
|
|t:|1779591843
|move|p1a: Greninja|Dark Pulse|p2a: Alomomola
|-damage|p2a: Alomomola|38/100
|-damage|p1a: Greninja|91/100|[from] item: Life Orb
|move|p2a: Alomomola|Flip Turn|p1a: Greninja
|-resisted|p1a: Greninja
|-damage|p1a: Greninja|69/100
|
|t:|1779591851
|switch|p2a: Moltres|Moltres-Galar|100/100|[from] Flip Turn
|
|-weather|RainDance|[upkeep]
|upkeep
|turn|3
|
|t:|1779591867
|switch|p1a: Overqwil|Overqwil, M, shiny|100/100
|move|p2a: Moltres|Nasty Plot|p2a: Moltres
|-boost|p2a: Moltres|spa|2
|
|-weather|RainDance|[upkeep]
|upkeep
|turn|4
|
|t:|1779591878
|move|p1a: Overqwil|Liquidation|p2a: Moltres
|-damage|p2a: Moltres|30/100
|-ability|p2a: Moltres|Berserk|boost
|-boost|p2a: Moltres|spa|1
|-damage|p1a: Overqwil|91/100|[from] item: Life Orb
|move|p2a: Moltres|Hurricane|p1a: Overqwil
|-damage|p1a: Overqwil|0 fnt
|faint|p1a: Overqwil
|
|-weather|RainDance|[upkeep]
|upkeep
|c|☆fallentitansss|why didd y ou not ice beam me
|
|t:|1779591889
|switch|p1a: Regieleki|Regieleki, shiny|100/100
|turn|5
|c|☆fallentitansss|you smart
|c|☆fallentitansss|intelligent
|c|☆lolkingston|im really dumb
|
|t:|1779591918
|move|p1a: Regieleki|Thunder|p2a: Moltres
|-supereffective|p2a: Moltres
|-damage|p2a: Moltres|0 fnt
|faint|p2a: Moltres
|
|-weather|RainDance|[upkeep]
|upkeep
|
|t:|1779591931
|switch|p2a: Glastrier|Glastrier|100/100
|turn|6
|
|t:|1779591957
|switch|p1a: Iron Treads|Iron Treads, shiny|100/100
|-enditem|p1a: Iron Treads|Booster Energy
|-activate|p1a: Iron Treads|ability: Quark Drive|[fromitem]
|-start|p1a: Iron Treads|quarkdrivespe
|move|p2a: Glastrier|High Horsepower|p1a: Iron Treads
|-supereffective|p1a: Iron Treads
|-damage|p1a: Iron Treads|29/100
|
|-weather|RainDance|[upkeep]
|upkeep
|turn|7
|
|t:|1779591964
|switch|p2a: Alomomola|Alomomola, F|71/100
|move|p1a: Iron Treads|Steel Beam|p2a: Alomomola
|-resisted|p2a: Alomomola
|-damage|p2a: Alomomola|45/100
|-damage|p1a: Iron Treads|0 fnt|[from] steelbeam
|faint|p1a: Iron Treads
|-end|p1a: Iron Treads|Quark Drive|[silent]
|
|-weather|RainDance|[upkeep]
|upkeep
|
|t:|1779591966
|switch|p1a: Regieleki|Regieleki, shiny|100/100
|turn|8
|
|t:|1779591980
|move|p1a: Regieleki|Volt Switch|p2a: Alomomola
|-supereffective|p2a: Alomomola
|-damage|p2a: Alomomola|0 fnt
|faint|p2a: Alomomola
|
|t:|1779591996
|switch|p1a: Raging Bolt|Raging Bolt|100/100|[from] Volt Switch
|-enditem|p1a: Raging Bolt|Booster Energy
|-activate|p1a: Raging Bolt|ability: Protosynthesis|[fromitem]
|-start|p1a: Raging Bolt|protosynthesisspa
|
|-weather|none
|upkeep
|
|t:|1779592007
|switch|p2a: Glastrier|Glastrier|100/100
|turn|9
|
|t:|1779592020
|move|p1a: Raging Bolt|Dragon Pulse|p2a: Glastrier
|-crit|p2a: Glastrier
|-damage|p2a: Glastrier|24/100
|move|p2a: Glastrier|Avalanche|p1a: Raging Bolt
|-supereffective|p1a: Raging Bolt
|-damage|p1a: Raging Bolt|0 fnt
|faint|p1a: Raging Bolt
|-end|p1a: Raging Bolt|Protosynthesis|[silent]
|-ability|p2a: Glastrier|Chilling Neigh|boost
|-boost|p2a: Glastrier|atk|1
|
|upkeep
|
|t:|1779592027
|switch|p1a: Regieleki|Regieleki, shiny|100/100
|turn|10
|
|t:|1779592029
|move|p1a: Regieleki|Volt Switch|p2a: Glastrier
|-damage|p2a: Glastrier|0 fnt
|faint|p2a: Glastrier
|inactive|Battle timer is ON: inactive players will automatically lose when time's up. (requested by lolkingston)
|
|t:|1779592034
|switch|p1a: Pelipper|Pelipper, M, shiny|100/100|[from] Volt Switch
|-weather|RainDance|[from] ability: Drizzle|[of] p1a: Pelipper
|
|-weather|RainDance|[upkeep]
|upkeep
|c|☆fallentitansss|lets get the party started
|
|t:|1779592041
|switch|p2a: Luxray|Luxray, F|100/100
|turn|11
|
|t:|1779592067
|-terastallize|p1a: Pelipper|Grass
|move|p2a: Luxray|Agility|p2a: Luxray
|-boost|p2a: Luxray|spe|2
|move|p1a: Pelipper|Weather Ball|p2a: Luxray
|-crit|p2a: Luxray
|-damage|p2a: Luxray|0 fnt
|faint|p2a: Luxray
|
|-weather|RainDance|[upkeep]
|upkeep
|
|t:|1779592074
|switch|p2a: Deoxys|Deoxys-Speed|100/100
|-ability|p2a: Deoxys|Pressure
|turn|12
|c|☆lolkingston|oh
|
|t:|1779592078
|move|p2a: Deoxys|Ice Beam|p1a: Pelipper
|-supereffective|p1a: Pelipper
|-damage|p1a: Pelipper|10/100
|move|p1a: Pelipper|U-turn|p2a: Deoxys
|-supereffective|p2a: Deoxys
|-damage|p2a: Deoxys|76/100
|-message|fallentitansss forfeited.
|
|win|lolkingston
|raw|lolkingston's rating: 1328 &rarr; <strong>1346</strong><br />(+18 for winning)
|raw|fallentitansss's rating: 1297 &rarr; <strong>1274</strong><br />(-23 for losing)
|l|☆fallentitansss
|player|p2|
