|j|☆whoaholy
|j|☆moizette
|t:|1779615768
|gametype|singles
|player|p1|whoaholy|veteran-gen4|1154
|player|p2|moizette|gentleman-gen4|1217
|gen|9
|tier|[Gen 9] OU
|rated|
|rule|HP Percentage Mod: HP is shown in percentages
|rule|Endless Battle Clause: Forcing endless battles is banned
|rule|Species Clause: Limit one of each Pokémon
|rule|OHKO Clause: OHKO moves are banned
|rule|Evasion Items Clause: Evasion items are banned
|rule|Evasion Moves Clause: Evasion moves are banned
|rule|Evasion Abilities Clause: Evasion abilities are banned
|rule|Sleep Moves Clause: Sleep-inducing moves are banned
|clearpoke
|poke|p1|Sandaconda, F|
|poke|p1|Tyranitar, M|
|poke|p1|Corviknight, F|
|poke|p1|Excadrill, F|
|poke|p1|Gholdengo|
|poke|p1|Rhyperior, M|
|poke|p2|Hatterene, F|
|poke|p2|Glastrier|
|poke|p2|Diancie|
|poke|p2|Hoopa-Unbound|
|poke|p2|Regieleki|
|poke|p2|Landorus-Therian, M|
|teampreview
|inactive|Battle timer is ON: inactive players will automatically lose when time's up. (requested by moizette)
|
|t:|1779615788
|teamsize|p1|6
|teamsize|p2|6
|start
|switch|p1a: Sandaconda|Sandaconda, F, shiny|100/100
|switch|p2a: Landorus|Landorus-Therian, M|100/100
|-ability|p2a: Landorus|Intimidate|boost
|-unboost|p1a: Sandaconda|atk|1
|turn|1
|
|t:|1779615796
|move|p2a: Landorus|Bulk Up|p2a: Landorus
|-boost|p2a: Landorus|atk|1
|-boost|p2a: Landorus|def|1
|move|p1a: Sandaconda|Stealth Rock|p2a: Landorus
|-sidestart|p2: moizette|move: Stealth Rock
|
|upkeep
|turn|2
|
|t:|1779615808
|move|p2a: Landorus|Earthquake|p1a: Sandaconda
|-damage|p1a: Sandaconda|30/100
|-weather|Sandstorm|[from] ability: Sand Spit|[of] p1a: Sandaconda
|move|p1a: Sandaconda|Outrage|p2a: Landorus
|-damage|p2a: Landorus|85/100
|
|-weather|Sandstorm|[upkeep]
|upkeep
|turn|3
|
|t:|1779615816
|move|p2a: Landorus|Bulk Up|p2a: Landorus
|-boost|p2a: Landorus|atk|1
|-boost|p2a: Landorus|def|1
|move|p1a: Sandaconda|Outrage|p2a: Landorus|[from] lockedmove
|-damage|p2a: Landorus|75/100
|-start|p1a: Sandaconda|confusion|[fatigue]
|
|-weather|Sandstorm|[upkeep]
|upkeep
|turn|4
|
|t:|1779615824
|move|p2a: Landorus|Bulk Up|p2a: Landorus
|-boost|p2a: Landorus|atk|1
|-boost|p2a: Landorus|def|1
|-activate|p1a: Sandaconda|confusion
|-damage|p1a: Sandaconda|24/100|[from] confusion
|
|-weather|Sandstorm|[upkeep]
|upkeep
|turn|5
|
|t:|1779615834
|move|p2a: Landorus|Bulk Up|p2a: Landorus
|-boost|p2a: Landorus|atk|1
|-boost|p2a: Landorus|def|1
|-activate|p1a: Sandaconda|confusion
|move|p1a: Sandaconda|Glare|p2a: Landorus
|-status|p2a: Landorus|par
|
|-weather|Sandstorm|[upkeep]
|upkeep
|turn|6
|
|t:|1779615847
|switch|p1a: Tyranitar|Tyranitar, M|100/100
|move|p2a: Landorus|Bulk Up|p2a: Landorus
|-boost|p2a: Landorus|atk|1
|-boost|p2a: Landorus|def|1
|
|-weather|Sandstorm|[upkeep]
|upkeep
|turn|7
|
|t:|1779615854
|-terastallize|p1a: Tyranitar|Flying
|move|p2a: Landorus|Earthquake|p1a: Tyranitar
|-immune|p1a: Tyranitar
|move|p1a: Tyranitar|Avalanche|p2a: Landorus
|-supereffective|p2a: Landorus
|-damage|p2a: Landorus|50/100 par
|
|-weather|Sandstorm|[upkeep]
|-damage|p1a: Tyranitar|94/100|[from] Sandstorm
|upkeep
|turn|8
|
|t:|1779615863
|move|p2a: Landorus|U-turn|p1a: Tyranitar
|-resisted|p1a: Tyranitar
|-damage|p1a: Tyranitar|69/100
|
|t:|1779615871
|switch|p2a: Hatterene|Hatterene, F|100/100|[from] U-turn
|-damage|p2a: Hatterene|88/100|[from] Stealth Rock
|move|p1a: Tyranitar|Avalanche|p2a: Hatterene
|-damage|p2a: Hatterene|68/100
|
|-weather|Sandstorm|[upkeep]
|-damage|p1a: Tyranitar|63/100|[from] Sandstorm
|-damage|p2a: Hatterene|62/100|[from] Sandstorm
|-heal|p2a: Hatterene|68/100|[from] item: Leftovers
|upkeep
|turn|9
|
|t:|1779615894
|switch|p1a: Gholdengo|Gholdengo|100/100
|move|p2a: Hatterene|Trick Room|p2a: Hatterene
|-fieldstart|move: Trick Room|[of] p2a: Hatterene
|
|-weather|none
|-heal|p2a: Hatterene|74/100|[from] item: Leftovers
|upkeep
|turn|10
|
|t:|1779615906
|move|p2a: Hatterene|Healing Wish|p2a: Hatterene
|faint|p2a: Hatterene
|move|p1a: Gholdengo|Shadow Ball|p2: Hatterene|[notarget]
|-fail|p1a: Gholdengo
|
|upkeep
|
|t:|1779615913
|switch|p2a: Hoopa|Hoopa-Unbound|100/100
|-damage|p2a: Hoopa|88/100|[from] Stealth Rock
|turn|11
|
|t:|1779615935
|switch|p1a: Sandaconda|Sandaconda, F, shiny|24/100
|move|p2a: Hoopa|Dark Pulse|p1a: Sandaconda
|-damage|p1a: Sandaconda|0 fnt
|-weather|Sandstorm|[from] ability: Sand Spit|[of] p1a: Sandaconda
|faint|p1a: Sandaconda
|
|-weather|Sandstorm|[upkeep]
|-damage|p2a: Hoopa|82/100|[from] Sandstorm
|upkeep
|inactive|whoaholy has 120 seconds left.
|
|t:|1779615947
|switch|p1a: Tyranitar|Tyranitar, M, tera:Flying|63/100
|turn|12
|
|t:|1779615954
|move|p1a: Tyranitar|Earthquake|p2a: Hoopa
|-damage|p2a: Hoopa|42/100
|move|p2a: Hoopa|Dark Pulse|p1a: Tyranitar
|-damage|p1a: Tyranitar|11/100
|
|-weather|Sandstorm|[upkeep]
|-damage|p1a: Tyranitar|5/100|[from] Sandstorm
|-damage|p2a: Hoopa|36/100|[from] Sandstorm
|upkeep
|turn|13
|
|t:|1779615962
|switch|p2a: Landorus|Landorus-Therian, M|50/100 par
|-heal|p2a: Landorus|100/100|[from] move: Healing Wish
|-ability|p2a: Landorus|Intimidate|boost
|-unboost|p1a: Tyranitar|atk|1
|move|p1a: Tyranitar|Earthquake|p2a: Landorus
|-immune|p2a: Landorus
|
|-weather|Sandstorm|[upkeep]
|-damage|p1a: Tyranitar|0 fnt|[from] Sandstorm
|faint|p1a: Tyranitar
|-fieldend|move: Trick Room
|upkeep
|
|t:|1779615973
|switch|p1a: Rhyperior|Rhyperior, M|100/100
|turn|14
|
|t:|1779615978
|-terastallize|p2a: Landorus|Ground
|move|p2a: Landorus|Bulk Up|p2a: Landorus
|-boost|p2a: Landorus|atk|1
|-boost|p2a: Landorus|def|1
|move|p1a: Rhyperior|Avalanche|p2a: Landorus
|-supereffective|p2a: Landorus
|-damage|p2a: Landorus|69/100
|
|-weather|Sandstorm|[upkeep]
|upkeep
|turn|15
|
|t:|1779615987
|move|p2a: Landorus|Bulk Up|p2a: Landorus
|-boost|p2a: Landorus|atk|1
|-boost|p2a: Landorus|def|1
|move|p1a: Rhyperior|Avalanche|p2a: Landorus
|-supereffective|p2a: Landorus
|-damage|p2a: Landorus|48/100
|
|-weather|Sandstorm|[upkeep]
|upkeep
|turn|16
|
|t:|1779615996
|move|p2a: Landorus|Earthquake|p1a: Rhyperior
|-supereffective|p1a: Rhyperior
|-damage|p1a: Rhyperior|0 fnt
|faint|p1a: Rhyperior
|
|-weather|Sandstorm|[upkeep]
|upkeep
|
|t:|1779616025
|switch|p1a: Excadrill|Excadrill, F|100/100
|turn|17
|
|t:|1779616028
|move|p1a: Excadrill|Iron Head|p2a: Landorus
|-damage|p2a: Landorus|11/100
|cant|p2a: Landorus|flinch
|
|-weather|Sandstorm|[upkeep]
|upkeep
|turn|18
|
|t:|1779616044
|move|p1a: Excadrill|Iron Head|p2a: Landorus
|-damage|p2a: Landorus|0 fnt
|faint|p2a: Landorus
|
|-weather|none
|upkeep
|
|t:|1779616052
|switch|p2a: Glastrier|Glastrier|100/100
|-damage|p2a: Glastrier|76/100|[from] Stealth Rock
|turn|19
|
|t:|1779616058
|move|p1a: Excadrill|Iron Head|p2a: Glastrier
|-supereffective|p2a: Glastrier
|-damage|p2a: Glastrier|0 fnt
|faint|p2a: Glastrier
|
|upkeep
|
|t:|1779616070
|switch|p2a: Diancie|Diancie|100/100
|-damage|p2a: Diancie|88/100|[from] Stealth Rock
|turn|20
|
|t:|1779616074
|move|p1a: Excadrill|Iron Head|p2a: Diancie
|-supereffective|p2a: Diancie
|-damage|p2a: Diancie|0 fnt
|faint|p2a: Diancie
|
|upkeep
|-message|moizette forfeited.
|
|win|whoaholy
|raw|whoaholy's rating: 1154 &rarr; <strong>1183</strong><br />(+29 for winning)
|raw|moizette's rating: 1217 &rarr; <strong>1188</strong><br />(-29 for losing)
|l|☆moizette
|player|p2|
|l|☆whoaholy
|player|p1|
