|j|☆vladick3333
|j|☆smore98
|t:|1779717855
|gametype|singles
|player|p1|vladick3333|unknown|1337
|player|p2|smore98|giovanni|1378
|gen|9
|tier|[Gen 9] OU
|rated|
|rule|HP Percentage Mod: HP is shown in percentages
|rule|Endless Battle Clause: Forcing endless battles is banned
|rule|Species Clause: Limit one of each Pokémon
|rule|OHKO Clause: OHKO moves are banned
|rule|Evasion Items Clause: Evasion items are banned
|rule|Evasion Moves Clause: Evasion moves are banned
|rule|Evasion Abilities Clause: Evasion abilities are banned
|rule|Sleep Moves Clause: Sleep-inducing moves are banned
|clearpoke
|poke|p1|Hawlucha, F|
|poke|p1|Samurott-Hisui, F|
|poke|p1|Rillaboom, F|
|poke|p1|Gholdengo|
|poke|p1|Kyurem|
|poke|p1|Landorus-Therian, M|
|poke|p2|Glimmora, M|
|poke|p2|Gliscor, F|
|poke|p2|Pecharunt|
|poke|p2|Gholdengo|
|poke|p2|Darkrai|
|poke|p2|Iron Valiant|
|teampreview
|
|t:|1779717862
|teamsize|p1|6
|teamsize|p2|6
|start
|switch|p1a: Samurott|Samurott-Hisui, F|100/100
|switch|p2a: Gliscor|Gliscor, F|100/100
|turn|1
|
|t:|1779717873
|move|p2a: Gliscor|Protect|p2a: Gliscor
|-singleturn|p2a: Gliscor|Protect
|move|p1a: Samurott|Knock Off|p2a: Gliscor
|-activate|p2a: Gliscor|move: Protect
|
|-status|p2a: Gliscor|tox|[from] item: Toxic Orb
|upkeep
|turn|2
|
|t:|1779717881
|move|p2a: Gliscor|Toxic|p1a: Samurott
|-status|p1a: Samurott|tox
|move|p1a: Samurott|Ceaseless Edge|p2a: Gliscor
|-damage|p2a: Gliscor|69/100 tox
|-sidestart|p2: smore98|Spikes
|
|-heal|p2a: Gliscor|81/100 tox|[from] ability: Poison Heal
|-damage|p1a: Samurott|94/100 tox|[from] psn
|upkeep
|turn|3
|
|t:|1779717890
|move|p2a: Gliscor|Protect|p2a: Gliscor
|-singleturn|p2a: Gliscor|Protect
|move|p1a: Samurott|Ceaseless Edge|p2a: Gliscor
|-activate|p2a: Gliscor|move: Protect
|
|-heal|p2a: Gliscor|94/100 tox|[from] ability: Poison Heal
|-damage|p1a: Samurott|82/100 tox|[from] psn
|upkeep
|turn|4
|
|t:|1779717897
|move|p2a: Gliscor|Substitute|p2a: Gliscor
|-start|p2a: Gliscor|Substitute
|-damage|p2a: Gliscor|69/100 tox
|move|p1a: Samurott|Ceaseless Edge|p2a: Gliscor|[miss]
|-miss|p1a: Samurott|p2a: Gliscor
|
|-heal|p2a: Gliscor|81/100 tox|[from] ability: Poison Heal
|-damage|p1a: Samurott|64/100 tox|[from] psn
|upkeep
|turn|5
|
|t:|1779717901
|move|p2a: Gliscor|Protect|p2a: Gliscor
|-singleturn|p2a: Gliscor|Protect
|move|p1a: Samurott|Ceaseless Edge|p2a: Gliscor
|-activate|p2a: Gliscor|move: Protect
|
|-heal|p2a: Gliscor|94/100 tox|[from] ability: Poison Heal
|-damage|p1a: Samurott|40/100 tox|[from] psn
|upkeep
|turn|6
|
|t:|1779717910
|move|p2a: Gliscor|Protect||[still]
|-fail|p2a: Gliscor
|move|p1a: Samurott|Ceaseless Edge|p2a: Gliscor
|-end|p2a: Gliscor|Substitute
|-sidestart|p2: smore98|Spikes
|
|-heal|p2a: Gliscor|100/100 tox|[from] ability: Poison Heal
|-damage|p1a: Samurott|9/100 tox|[from] psn
|upkeep
|turn|7
|
|t:|1779717915
|move|p2a: Gliscor|Knock Off|p1a: Samurott
|-resisted|p1a: Samurott
|-damage|p1a: Samurott|0 fnt
|-enditem|p1a: Samurott|Assault Vest|[from] move: Knock Off|[of] p2a: Gliscor
|faint|p1a: Samurott
|
|upkeep
|
|t:|1779717918
|switch|p1a: Rillaboom|Rillaboom, F|100/100
|-fieldstart|move: Grassy Terrain|[from] ability: Grassy Surge|[of] p1a: Rillaboom
|turn|8
|
|t:|1779717921
|move|p1a: Rillaboom|Wood Hammer|p2a: Gliscor
|-damage|p2a: Gliscor|36/100 tox
|-damage|p1a: Rillaboom|80/100|[from] Recoil
|move|p2a: Gliscor|Substitute|p2a: Gliscor
|-start|p2a: Gliscor|Substitute
|-damage|p2a: Gliscor|11/100 tox
|
|-heal|p1a: Rillaboom|86/100|[from] Grassy Terrain
|-heal|p2a: Gliscor|24/100 tox|[from] ability: Poison Heal
|upkeep
|turn|9
|
|t:|1779717929
|move|p2a: Gliscor|Protect|p2a: Gliscor
|-singleturn|p2a: Gliscor|Protect
|move|p1a: Rillaboom|Grassy Glide|p2a: Gliscor
|-activate|p2a: Gliscor|move: Protect
|
|-heal|p1a: Rillaboom|93/100|[from] Grassy Terrain
|-heal|p2a: Gliscor|36/100 tox|[from] ability: Poison Heal
|upkeep
|turn|10
|inactive|Battle timer is ON: inactive players will automatically lose when time's up. (requested by vladick3333)
|
|t:|1779717947
|move|p1a: Rillaboom|Grassy Glide|p2a: Gliscor
|-end|p2a: Gliscor|Substitute
|move|p2a: Gliscor|Toxic|p1a: Rillaboom
|-status|p1a: Rillaboom|tox
|-enditem|p1a: Rillaboom|Lum Berry|[eat]
|-curestatus|p1a: Rillaboom|tox|[msg]
|
|-heal|p1a: Rillaboom|99/100|[from] Grassy Terrain
|-heal|p2a: Gliscor|49/100 tox|[from] ability: Poison Heal
|upkeep
|turn|11
|
|t:|1779717954
|move|p2a: Gliscor|Protect|p2a: Gliscor
|-singleturn|p2a: Gliscor|Protect
|move|p1a: Rillaboom|Swords Dance|p1a: Rillaboom
|-boost|p1a: Rillaboom|atk|2
|
|-heal|p1a: Rillaboom|100/100|[from] Grassy Terrain
|-heal|p2a: Gliscor|61/100 tox|[from] ability: Poison Heal
|upkeep
|turn|12
|
|t:|1779717959
|switch|p2a: Pecharunt|Pecharunt|100/100
|move|p1a: Rillaboom|Wood Hammer|p2a: Pecharunt
|-resisted|p2a: Pecharunt
|-damage|p2a: Pecharunt|61/100
|-damage|p1a: Rillaboom|87/100|[from] Recoil
|
|-heal|p1a: Rillaboom|93/100|[from] Grassy Terrain
|-heal|p2a: Pecharunt|67/100|[from] Grassy Terrain
|-fieldend|move: Grassy Terrain
|upkeep
|turn|13
|
|t:|1779717965
|move|p1a: Rillaboom|Knock Off|p2a: Pecharunt
|-supereffective|p2a: Pecharunt
|-damage|p2a: Pecharunt|0 fnt
|-enditem|p2a: Pecharunt|Heavy-Duty Boots|[from] move: Knock Off|[of] p1a: Rillaboom
|faint|p2a: Pecharunt
|
|upkeep
|
|t:|1779717970
|switch|p2a: Darkrai|Darkrai|100/100
|-damage|p2a: Darkrai|84/100|[from] Spikes
|turn|14
|
|t:|1779717974
|move|p2a: Darkrai|Ice Beam|p1a: Rillaboom
|-supereffective|p1a: Rillaboom
|-damage|p1a: Rillaboom|14/100
|move|p1a: Rillaboom|Wood Hammer|p2a: Darkrai
|-damage|p2a: Darkrai|0 fnt
|faint|p2a: Darkrai
|-damage|p1a: Rillaboom|0 fnt|[from] Recoil
|faint|p1a: Rillaboom
|
|upkeep
|
|t:|1779717983
|switch|p2a: Glimmora|Glimmora, M, shiny|100/100
|switch|p1a: Gholdengo|Gholdengo|100/100
|-damage|p2a: Glimmora|84/100|[from] Spikes
|turn|15
|
|t:|1779717992
|move|p1a: Gholdengo|Make It Rain|p2a: Glimmora
|-supereffective|p2a: Glimmora
|-damage|p2a: Glimmora|0 fnt
|-unboost|p1a: Gholdengo|spa|1
|faint|p2a: Glimmora
|
|upkeep
|
|t:|1779718004
|switch|p2a: Iron Valiant|Iron Valiant|100/100
|-damage|p2a: Iron Valiant|84/100|[from] Spikes
|-enditem|p2a: Iron Valiant|Booster Energy
|-activate|p2a: Iron Valiant|ability: Quark Drive|[fromitem]
|-start|p2a: Iron Valiant|quarkdrivespe
|turn|16
|
|t:|1779718008
|switch|p1a: Landorus|Landorus-Therian, M|100/100
|-ability|p1a: Landorus|Intimidate|boost
|-unboost|p2a: Iron Valiant|atk|1
|-terastallize|p2a: Iron Valiant|Water
|move|p2a: Iron Valiant|Calm Mind|p2a: Iron Valiant
|-boost|p2a: Iron Valiant|spa|1
|-boost|p2a: Iron Valiant|spd|1
|
|upkeep
|turn|17
|
|t:|1779718018
|move|p2a: Iron Valiant|Calm Mind|p2a: Iron Valiant
|-boost|p2a: Iron Valiant|spa|1
|-boost|p2a: Iron Valiant|spd|1
|move|p1a: Landorus|Earth Power|p2a: Iron Valiant
|-damage|p2a: Iron Valiant|56/100
|-unboost|p2a: Iron Valiant|spd|1
|
|upkeep
|turn|18
|
|t:|1779718031
|move|p2a: Iron Valiant|Moonblast|p1a: Landorus
|-damage|p1a: Landorus|0 fnt
|faint|p1a: Landorus
|
|upkeep
|
|t:|1779718033
|switch|p1a: Kyurem|Kyurem|100/100
|-ability|p1a: Kyurem|Pressure
|turn|19
|
|t:|1779718036
|move|p2a: Iron Valiant|Moonblast|p1a: Kyurem
|-supereffective|p1a: Kyurem
|-damage|p1a: Kyurem|0 fnt
|faint|p1a: Kyurem
|
|upkeep
|
|t:|1779718040
|switch|p1a: Gholdengo|Gholdengo|100/100
|turn|20
|
|t:|1779718048
|-terastallize|p1a: Gholdengo|Steel
|move|p2a: Iron Valiant|Hex|p1a: Gholdengo
|-damage|p1a: Gholdengo|54/100
|move|p1a: Gholdengo|Shadow Ball|p2a: Iron Valiant
|-damage|p2a: Iron Valiant|2/100
|
|upkeep
|turn|21
|
|t:|1779718054
|move|p2a: Iron Valiant|Aura Sphere|p1a: Gholdengo
|-supereffective|p1a: Gholdengo
|-damage|p1a: Gholdengo|0 fnt
|faint|p1a: Gholdengo
|
|upkeep
|
|t:|1779718056
|switch|p1a: Hawlucha|Hawlucha, F|100/100
|turn|22
|
|t:|1779718060
|move|p2a: Iron Valiant|Moonblast|p1a: Hawlucha
|-supereffective|p1a: Hawlucha
|-damage|p1a: Hawlucha|0 fnt
|faint|p1a: Hawlucha
|
|win|smore98
|raw|vladick3333's rating: 1337 &rarr; <strong>1319</strong><br />(-18 for losing)
|raw|smore98's rating: 1378 &rarr; <strong>1396</strong><br />(+18 for winning)
|l|☆vladick3333
|player|p1|
