|j|☆Flari64
|j|☆klzr
|inactive|Battle timer is ON: inactive players will automatically lose when time's up.
|t:|1779676402
|gametype|singles
|player|p1|Flari64|miku-ghost|
|player|p2|klzr|karen|
|gen|9
|tier|[Gen 9] OU
|rated|Tournament battle
|rule|HP Percentage Mod: HP is shown in percentages
|rule|Endless Battle Clause: Forcing endless battles is banned
|rule|Species Clause: Limit one of each Pokémon
|rule|OHKO Clause: OHKO moves are banned
|rule|Evasion Items Clause: Evasion items are banned
|rule|Evasion Moves Clause: Evasion moves are banned
|rule|Evasion Abilities Clause: Evasion abilities are banned
|rule|Sleep Moves Clause: Sleep-inducing moves are banned
|raw|<div class="infobox"><details class="readmore" open><summary><strong>3 custom rules:</strong></summary> -blissey, -wailord, -wobbuffet</details></div>
|clearpoke
|poke|p1|Articuno|
|poke|p1|Pincurchin, F|
|poke|p1|Garchomp, F|
|poke|p1|Dewgong, M|
|poke|p1|Meloetta|
|poke|p1|Magcargo, F|
|poke|p2|Articuno|
|poke|p2|Pincurchin, M|
|poke|p2|Garchomp, M|
|poke|p2|Meloetta|
|poke|p2|Dewgong, M|
|poke|p2|Magcargo, M|
|teampreview
|j|*Lady Monita 
|c|☆Flari64|glhf
|c|☆klzr|u2 ^^
|
|t:|1779676412
|teamsize|p1|6
|teamsize|p2|6
|start
|switch|p1a: Magcargo|Magcargo, F, shiny|100/100
|switch|p2a: Garchomp|Garchomp, M|100/100
|-item|p1a: Magcargo|Air Balloon
|turn|1
|j| Btd6 theme team
|c|☆Flari64|:(
|j| Phasmyx
|inactive|Flari64 has 120 seconds left.
|j| Gamer237
|
|t:|1779676452
|move|p2a: Garchomp|Stealth Rock|p1a: Magcargo
|-sidestart|p1: Flari64|move: Stealth Rock
|move|p1a: Magcargo|Stealth Rock|p2a: Garchomp
|-sidestart|p2: klzr|move: Stealth Rock
|
|upkeep
|turn|2
|inactive|Flari64 has 120 seconds left.
|
|t:|1779676460
|move|p1a: Magcargo|Memento|p2a: Garchomp
|-unboost|p2a: Garchomp|atk|2
|-unboost|p2a: Garchomp|spa|2
|faint|p1a: Magcargo
|move|p2a: Garchomp|Dragon Tail|p1: Magcargo|[notarget]
|-fail|p2a: Garchomp
|
|upkeep
|inactive|Flari64 has 120 seconds left.
|
|t:|1779676474
|switch|p1a: Articuno|Articuno, shiny|100/100
|-damage|p1a: Articuno|51/100|[from] Stealth Rock
|-ability|p1a: Articuno|Pressure
|turn|3
|inactive|Flari64 has 120 seconds left.
|
|t:|1779676489
|switch|p2a: Articuno|Articuno|100/100
|-ability|p2a: Articuno|Pressure
|move|p1a: Articuno|Tailwind|p1a: Articuno
|-sidestart|p1: Flari64|move: Tailwind
|
|upkeep
|turn|4
|
|t:|1779676497
|move|p1a: Articuno|Ancient Power|p2a: Articuno
|-supereffective|p2a: Articuno
|-damage|p2a: Articuno|61/100
|move|p2a: Articuno|U-turn|p1a: Articuno
|-resisted|p1a: Articuno
|-damage|p1a: Articuno|43/100
|
|t:|1779676502
|switch|p2a: Meloetta|Meloetta|100/100|[from] U-turn
|-damage|p2a: Meloetta|88/100|[from] Stealth Rock
|
|-heal|p2a: Meloetta|94/100|[from] item: Leftovers
|upkeep
|turn|5
|
|t:|1779676515
|move|p1a: Articuno|Air Slash|p2a: Meloetta
|-damage|p2a: Meloetta|74/100
|cant|p2a: Meloetta|flinch
|
|-heal|p2a: Meloetta|80/100|[from] item: Leftovers
|upkeep
|turn|6
|j| rznt
|l| rznt
|
|t:|1779676521
|move|p1a: Articuno|Air Slash|p2a: Meloetta
|-damage|p2a: Meloetta|60/100
|move|p2a: Meloetta|Calm Mind|p2a: Meloetta
|-boost|p2a: Meloetta|spa|1
|-boost|p2a: Meloetta|spd|1
|
|-heal|p2a: Meloetta|66/100|[from] item: Leftovers
|-sideend|p1: Flari64|move: Tailwind
|upkeep
|turn|7
|
|t:|1779676528
|move|p1a: Articuno|Ancient Power|p2a: Meloetta
|-damage|p2a: Meloetta|58/100
|move|p2a: Meloetta|Calm Mind|p2a: Meloetta
|-boost|p2a: Meloetta|spa|1
|-boost|p2a: Meloetta|spd|1
|
|-heal|p2a: Meloetta|64/100|[from] item: Leftovers
|upkeep
|turn|8
|
|t:|1779676534
|move|p1a: Articuno|Ancient Power|p2a: Meloetta
|-damage|p2a: Meloetta|58/100
|move|p2a: Meloetta|Psychic|p1a: Articuno
|-damage|p1a: Articuno|0 fnt
|faint|p1a: Articuno
|
|-heal|p2a: Meloetta|64/100|[from] item: Leftovers
|upkeep
|l| Phasmyx
|
|t:|1779676539
|switch|p1a: Garchomp|Garchomp, F, shiny|100/100
|-damage|p1a: Garchomp|94/100|[from] Stealth Rock
|turn|9
|
|t:|1779676546
|move|p1a: Garchomp|Crunch|p2a: Meloetta
|-supereffective|p2a: Meloetta
|-damage|p2a: Meloetta|9/100
|-unboost|p2a: Meloetta|def|1
|move|p2a: Meloetta|Psychic|p1a: Garchomp
|-damage|p1a: Garchomp|0 fnt
|faint|p1a: Garchomp
|
|-heal|p2a: Meloetta|15/100|[from] item: Leftovers
|upkeep
|c|☆Flari64|huh
|c|☆Flari64|welp gg
|
|t:|1779676566
|switch|p1a: Dewgong|Dewgong, M|100/100
|-damage|p1a: Dewgong|76/100|[from] Stealth Rock
|turn|10
|
|t:|1779676570
|move|p1a: Dewgong|Aqua Jet|p2a: Meloetta
|-damage|p2a: Meloetta|0 fnt
|faint|p2a: Meloetta
|
|-heal|p1a: Dewgong|82/100|[from] item: Leftovers
|upkeep
|
|t:|1779676579
|switch|p2a: Pincurchin|Pincurchin, M|100/100
|-damage|p2a: Pincurchin|88/100|[from] Stealth Rock
|-fieldstart|move: Electric Terrain|[from] ability: Electric Surge|[of] p2a: Pincurchin
|turn|11
|
|t:|1779676585
|switch|p1a: Pincurchin|Pincurchin, F|100/100
|-damage|p1a: Pincurchin|88/100|[from] Stealth Rock
|move|p2a: Pincurchin|Discharge|p1a: Pincurchin
|-resisted|p1a: Pincurchin
|-damage|p1a: Pincurchin|74/100
|
|upkeep
|turn|12
|
|t:|1779676596
|switch|p2a: Garchomp|Garchomp, M|100/100
|-damage|p2a: Garchomp|94/100|[from] Stealth Rock
|move|p1a: Pincurchin|Scald|p2a: Garchomp
|-damage|p2a: Garchomp|74/100
|-damage|p1a: Pincurchin|64/100|[from] item: Life Orb
|
|upkeep
|turn|13
|
|t:|1779676626
|-terastallize|p1a: Pincurchin|Water
|move|p2a: Garchomp|Earthquake|p1a: Pincurchin
|-damage|p1a: Pincurchin|8/100
|move|p1a: Pincurchin|Scald|p2a: Garchomp
|-damage|p2a: Garchomp|40/100
|-damage|p1a: Pincurchin|0 fnt|[from] item: Life Orb
|faint|p1a: Pincurchin
|
|upkeep
|inactive|Flari64 has 120 seconds left.
|
|t:|1779676636
|switch|p1a: Miku|Meloetta|100/100
|-damage|p1a: Miku|88/100|[from] Stealth Rock
|turn|14
|
|t:|1779676645
|move|p1a: Miku|Alluring Voice|p2a: Garchomp
|-supereffective|p2a: Garchomp
|-damage|p2a: Garchomp|0 fnt
|faint|p2a: Garchomp
|
|upkeep
|
|t:|1779676671
|switch|p2a: Dewgong|Dewgong, M, shiny|100/100
|-damage|p2a: Dewgong|75/100|[from] Stealth Rock
|turn|15
|
|t:|1779676680
|switch|p1a: Dewgong|Dewgong, M|82/100
|-damage|p1a: Dewgong|57/100|[from] Stealth Rock
|move|p2a: Dewgong|Knock Off|p1a: Dewgong
|-damage|p1a: Dewgong|40/100
|-enditem|p1a: Dewgong|Leftovers|[from] move: Knock Off|[of] p2a: Dewgong
|
|-heal|p2a: Dewgong|82/100|[from] item: Leftovers
|upkeep
|turn|16
|
|t:|1779676694
|switch|p2a: Articuno|Articuno|61/100
|-ability|p2a: Articuno|Pressure
|move|p1a: Dewgong|Perish Song|p1a: Dewgong
|-start|p1a: Dewgong|perish3|[silent]
|-start|p2a: Articuno|perish3|[silent]
|-fieldactivate|move: Perish Song
|
|-start|p2a: Articuno|perish3
|-start|p1a: Dewgong|perish3
|upkeep
|turn|17
|
|t:|1779676705
|move|p1a: Dewgong|Protect|p1a: Dewgong
|-singleturn|p1a: Dewgong|Protect
|move|p2a: Articuno|Roost|p2a: Articuno
|-heal|p2a: Articuno|100/100
|-singleturn|p2a: Articuno|move: Roost
|
|-start|p2a: Articuno|perish2
|-start|p1a: Dewgong|perish2
|upkeep
|turn|18
|
|t:|1779676713
|move|p1a: Dewgong|Protect||[still]
|-fail|p1a: Dewgong
|move|p2a: Articuno|U-turn|p1a: Dewgong
|-damage|p1a: Dewgong|30/100
|
|t:|1779676724
|switch|p2a: Magcargo|Magcargo, M|100/100|[from] U-turn
|
|-start|p1a: Dewgong|perish1
|-fieldend|move: Electric Terrain
|upkeep
|turn|19
|
|t:|1779676731
|-terastallize|p2a: Magcargo|Water
|move|p1a: Dewgong|Aqua Jet|p2a: Magcargo
|-resisted|p2a: Magcargo
|-damage|p2a: Magcargo|94/100
|-ability|p2a: Magcargo|Weak Armor|boost
|-unboost|p2a: Magcargo|def|1
|-boost|p2a: Magcargo|spe|2
|move|p2a: Magcargo|Shell Smash|p2a: Magcargo
|-unboost|p2a: Magcargo|def|1
|-unboost|p2a: Magcargo|spd|1
|-boost|p2a: Magcargo|atk|2
|-boost|p2a: Magcargo|spa|2
|-boost|p2a: Magcargo|spe|2
|
|-start|p1a: Dewgong|perish0
|upkeep
|faint|p1a: Dewgong
|
|t:|1779676747
|switch|p1a: Miku|Meloetta|88/100
|-damage|p1a: Miku|76/100|[from] Stealth Rock
|turn|20
|j| rznt
|
|t:|1779676760
|move|p2a: Magcargo|Flamethrower|p1a: Miku
|-damage|p1a: Miku|13/100
|move|p1a: Miku|Thunderbolt|p2a: Magcargo
|-supereffective|p2a: Magcargo
|-damage|p2a: Magcargo|0 fnt
|faint|p2a: Magcargo
|
|upkeep
|l| rznt
|
|t:|1779676768
|switch|p2a: Pincurchin|Pincurchin, M|88/100
|-damage|p2a: Pincurchin|76/100|[from] Stealth Rock
|-fieldstart|move: Electric Terrain|[from] ability: Electric Surge|[of] p2a: Pincurchin
|turn|21
|
|t:|1779676773
|move|p1a: Miku|Thunderbolt|p2a: Pincurchin
|-resisted|p2a: Pincurchin
|-damage|p2a: Pincurchin|36/100
|move|p2a: Pincurchin|Discharge|p1a: Miku
|-damage|p1a: Miku|0 fnt
|faint|p1a: Miku
|
|win|klzr
|n|☆Flari64|flari64
|n|☆klzr|klzr
|n|*Lady Monita |ladymonita
|n| Btd6 theme team|btd6themeteam
|n| Gamer237|gamer237
