|j|☆secretcelery
|j|☆jawz_ate_cereal
|t:|1779653900
|gametype|singles
|player|p1|secretcelery|102|1367
|player|p2|jawz_ate_cereal|silver|1359
|gen|9
|tier|[Gen 9] OU
|rated|
|rule|HP Percentage Mod: HP is shown in percentages
|rule|Endless Battle Clause: Forcing endless battles is banned
|rule|Species Clause: Limit one of each Pokémon
|rule|OHKO Clause: OHKO moves are banned
|rule|Evasion Items Clause: Evasion items are banned
|rule|Evasion Moves Clause: Evasion moves are banned
|rule|Evasion Abilities Clause: Evasion abilities are banned
|rule|Sleep Moves Clause: Sleep-inducing moves are banned
|clearpoke
|poke|p1|Empoleon, F|
|poke|p1|Mandibuzz, F|
|poke|p1|Mamoswine, M|
|poke|p1|Ribombee, F|
|poke|p1|Kingambit, M|
|poke|p1|Weezing-Galar, F|
|poke|p2|Dragonite, F|
|poke|p2|Samurott-Hisui, M|
|poke|p2|Clefable, F|
|poke|p2|Gliscor, M|
|poke|p2|Gholdengo|
|poke|p2|Zamazenta-*|
|teampreview
|inactive|Battle timer is ON: inactive players will automatically lose when time's up. (requested by secretcelery)
|
|t:|1779653914
|teamsize|p1|6
|teamsize|p2|6
|start
|switch|p1a: Kyleigh|Ribombee, F, shiny|100/100
|switch|p2a: Samurott|Samurott-Hisui, M|100/100
|turn|1
|
|t:|1779653921
|move|p1a: Kyleigh|Sticky Web|p2a: Samurott
|-sidestart|p2: jawz_ate_cereal|move: Sticky Web
|move|p2a: Samurott|Ceaseless Edge|p1a: Kyleigh
|-resisted|p1a: Kyleigh
|-damage|p1a: Kyleigh|56/100
|-sidestart|p1: secretcelery|Spikes
|
|upkeep
|turn|2
|
|t:|1779653927
|move|p1a: Kyleigh|Moonblast|p2a: Samurott
|-supereffective|p2a: Samurott
|-damage|p2a: Samurott|14/100
|move|p2a: Samurott|Ceaseless Edge|p1a: Kyleigh
|-resisted|p1a: Kyleigh
|-damage|p1a: Kyleigh|15/100
|-sidestart|p1: secretcelery|Spikes
|
|upkeep
|turn|3
|
|t:|1779653930
|move|p2a: Samurott|Aqua Jet|p1a: Kyleigh
|-damage|p1a: Kyleigh|0 fnt
|faint|p1a: Kyleigh
|
|upkeep
|
|t:|1779653936
|switch|p1a: Doug Dimmadome|Weezing-Galar, F, shiny|100/100
|turn|4
|
|t:|1779653947
|move|p2a: Samurott|Razor Shell|p1a: Doug Dimmadome
|-damage|p1a: Doug Dimmadome|59/100
|-unboost|p1a: Doug Dimmadome|def|1
|move|p1a: Doug Dimmadome|Strange Steam|p2a: Samurott
|-supereffective|p2a: Samurott
|-damage|p2a: Samurott|0 fnt
|faint|p2a: Samurott
|
|-heal|p1a: Doug Dimmadome|65/100|[from] item: Black Sludge
|upkeep
|
|t:|1779653957
|switch|p2a: Gliscor|Gliscor, M|100/100
|turn|5
|
|t:|1779653967
|move|p2a: Gliscor|Swords Dance|p2a: Gliscor
|-boost|p2a: Gliscor|atk|2
|move|p1a: Doug Dimmadome|Defog|p2a: Gliscor
|-unboost|p2a: Gliscor|evasion|1
|-sideend|p2: jawz_ate_cereal|Sticky Web|[from] move: Defog|[of] p1a: Doug Dimmadome
|-sideend|p1: secretcelery|Spikes|[from] move: Defog|[of] p1a: Doug Dimmadome
|
|-heal|p1a: Doug Dimmadome|71/100|[from] item: Black Sludge
|-status|p2a: Gliscor|tox|[from] item: Toxic Orb
|upkeep
|turn|6
|
|t:|1779653976
|move|p2a: Gliscor|Facade|p1a: Doug Dimmadome
|-damage|p1a: Doug Dimmadome|0 fnt
|faint|p1a: Doug Dimmadome
|
|upkeep
|
|t:|1779653993
|switch|p1a: Amanda Bynes|Mandibuzz, F|100/100
|turn|7
|
|t:|1779653998
|switch|p2a: Clefable|Clefable, F|100/100
|move|p1a: Amanda Bynes|Foul Play|p2a: Clefable
|-resisted|p2a: Clefable
|-damage|p2a: Clefable|93/100
|-damage|p1a: Amanda Bynes|84/100|[from] item: Rocky Helmet|[of] p2a: Clefable
|
|upkeep
|turn|8
|
|t:|1779654003
|switch|p1a: Tricycle|Empoleon, F, shiny|100/100
|move|p2a: Clefable|Stealth Rock|p1a: Tricycle
|-sidestart|p1: secretcelery|move: Stealth Rock
|
|upkeep
|turn|9
|
|t:|1779654012
|switch|p2a: Zamazenta|Zamazenta|100/100
|-ability|p2a: Zamazenta|Dauntless Shield|boost
|-boost|p2a: Zamazenta|def|1
|move|p1a: Tricycle|Flash Cannon|p2a: Zamazenta
|-damage|p2a: Zamazenta|59/100
|
|-heal|p2a: Zamazenta|65/100|[from] item: Leftovers
|upkeep
|turn|10
|
|t:|1779654030
|switch|p1a: Amanda Bynes|Mandibuzz, F|84/100
|-damage|p1a: Amanda Bynes|59/100|[from] Stealth Rock
|move|p2a: Zamazenta|Body Press|p1a: Amanda Bynes
|-damage|p1a: Amanda Bynes|32/100
|-damage|p2a: Zamazenta|48/100|[from] item: Rocky Helmet|[of] p1a: Amanda Bynes
|
|-heal|p2a: Zamazenta|55/100|[from] item: Leftovers
|upkeep
|turn|11
|
|t:|1779654037
|move|p2a: Zamazenta|Body Press|p1a: Amanda Bynes
|-damage|p1a: Amanda Bynes|1/100
|-damage|p2a: Zamazenta|38/100|[from] item: Rocky Helmet|[of] p1a: Amanda Bynes
|move|p1a: Amanda Bynes|Roost|p1a: Amanda Bynes
|-heal|p1a: Amanda Bynes|52/100
|-singleturn|p1a: Amanda Bynes|move: Roost
|
|-heal|p2a: Zamazenta|44/100|[from] item: Leftovers
|upkeep
|turn|12
|
|t:|1779654044
|move|p2a: Zamazenta|Iron Defense|p2a: Zamazenta
|-boost|p2a: Zamazenta|def|2
|move|p1a: Amanda Bynes|Roost|p1a: Amanda Bynes
|-heal|p1a: Amanda Bynes|100/100
|-singleturn|p1a: Amanda Bynes|move: Roost
|
|-heal|p2a: Zamazenta|50/100|[from] item: Leftovers
|upkeep
|turn|13
|
|t:|1779654048
|move|p2a: Zamazenta|Iron Defense|p2a: Zamazenta
|-boost|p2a: Zamazenta|def|2
|move|p1a: Amanda Bynes|Toxic|p2a: Zamazenta
|-status|p2a: Zamazenta|tox
|
|-heal|p2a: Zamazenta|56/100 tox|[from] item: Leftovers
|-damage|p2a: Zamazenta|50/100 tox|[from] psn
|upkeep
|turn|14
|
|t:|1779654052
|move|p2a: Zamazenta|Iron Defense|p2a: Zamazenta
|-boost|p2a: Zamazenta|def|1
|move|p1a: Amanda Bynes|Roost||[still]
|-fail|p1a: Amanda Bynes|heal
|
|-heal|p2a: Zamazenta|56/100 tox|[from] item: Leftovers
|-damage|p2a: Zamazenta|44/100 tox|[from] psn
|upkeep
|turn|15
|
|t:|1779654056
|move|p2a: Zamazenta|Body Press|p1a: Amanda Bynes
|-damage|p1a: Amanda Bynes|22/100
|-damage|p2a: Zamazenta|28/100 tox|[from] item: Rocky Helmet|[of] p1a: Amanda Bynes
|move|p1a: Amanda Bynes|Roost|p1a: Amanda Bynes
|-heal|p1a: Amanda Bynes|72/100
|-singleturn|p1a: Amanda Bynes|move: Roost
|
|-heal|p2a: Zamazenta|34/100 tox|[from] item: Leftovers
|-damage|p2a: Zamazenta|15/100 tox|[from] psn
|upkeep
|turn|16
|
|t:|1779654063
|move|p2a: Zamazenta|Body Press|p1a: Amanda Bynes
|-damage|p1a: Amanda Bynes|0 fnt
|-damage|p2a: Zamazenta|0 fnt|[from] item: Rocky Helmet|[of] p1a: Amanda Bynes
|faint|p1a: Amanda Bynes
|faint|p2a: Zamazenta
|
|upkeep
|
|t:|1779654082
|switch|p2a: Dragonite|Dragonite, F|100/100
|switch|p1a: Tricycle|Empoleon, F, shiny|100/100
|-damage|p1a: Tricycle|94/100|[from] Stealth Rock
|turn|17
|
|t:|1779654090
|move|p2a: Dragonite|Dragon Dance|p2a: Dragonite
|-boost|p2a: Dragonite|atk|1
|-boost|p2a: Dragonite|spe|1
|move|p1a: Tricycle|Ice Beam|p2a: Dragonite
|-supereffective|p2a: Dragonite
|-damage|p2a: Dragonite|36/100
|
|-heal|p1a: Tricycle|100/100|[from] item: Leftovers
|upkeep
|turn|18
|
|t:|1779654101
|move|p2a: Dragonite|Earthquake|p1a: Tricycle
|-supereffective|p1a: Tricycle
|-damage|p1a: Tricycle|0 fnt
|faint|p1a: Tricycle
|
|upkeep
|
|t:|1779654106
|switch|p1a: Marty|Mamoswine, M|100/100
|-damage|p1a: Marty|88/100|[from] Stealth Rock
|turn|19
|
|t:|1779654110
|move|p2a: Dragonite|Extreme Speed|p1a: Marty
|-damage|p1a: Marty|33/100
|move|p1a: Marty|Ice Shard|p2a: Dragonite
|-supereffective|p2a: Dragonite
|-damage|p2a: Dragonite|0 fnt
|faint|p2a: Dragonite
|
|upkeep
|
|t:|1779654128
|switch|p2a: Gliscor|Gliscor, M|100/100 tox
|turn|20
|
|t:|1779654139
|move|p1a: Marty|Ice Shard|p2a: Gliscor
|-supereffective|p2a: Gliscor
|-damage|p2a: Gliscor|32/100 tox
|move|p2a: Gliscor|Facade|p1a: Marty
|-damage|p1a: Marty|0 fnt
|faint|p1a: Marty
|
|-heal|p2a: Gliscor|45/100 tox|[from] ability: Poison Heal
|upkeep
|
|t:|1779654142
|switch|p1a: Big Boy|Kingambit, M, shiny|100/100
|-damage|p1a: Big Boy|94/100|[from] Stealth Rock
|-activate|p1a: Big Boy|ability: Supreme Overlord
|-start|p1a: Big Boy|fallen5|[silent]
|turn|21
|
|t:|1779654154
|move|p2a: Gliscor|Swords Dance|p2a: Gliscor
|-boost|p2a: Gliscor|atk|2
|move|p1a: Big Boy|Kowtow Cleave|p2a: Gliscor
|-damage|p2a: Gliscor|0 fnt
|faint|p2a: Gliscor
|
|-heal|p1a: Big Boy|100/100|[from] item: Leftovers
|upkeep
|
|t:|1779654162
|switch|p2a: Gholdengo|Gholdengo|100/100
|turn|22
|
|t:|1779654165
|move|p1a: Big Boy|Sucker Punch||[still]
|-fail|p1a: Big Boy
|move|p2a: Gholdengo|Trick|p1a: Big Boy
|-activate|p2a: Gholdengo|move: Trick|[of] p1a: Big Boy
|-item|p1a: Big Boy|Choice Scarf|[from] move: Trick
|-item|p2a: Gholdengo|Leftovers|[from] move: Trick
|
|upkeep
|turn|23
|
|t:|1779654177
|move|p2a: Gholdengo|Recover||[still]
|-fail|p2a: Gholdengo|heal
|move|p1a: Big Boy|Kowtow Cleave|p2a: Gholdengo
|-supereffective|p2a: Gholdengo
|-damage|p2a: Gholdengo|0 fnt
|faint|p2a: Gholdengo
|
|upkeep
|
|t:|1779654186
|switch|p2a: Clefable|Clefable, F|93/100
|turn|24
|
|t:|1779654189
|move|p1a: Big Boy|Kowtow Cleave|p2a: Clefable
|-resisted|p2a: Clefable
|-damage|p2a: Clefable|65/100
|-damage|p1a: Big Boy|84/100|[from] item: Rocky Helmet|[of] p2a: Clefable
|move|p2a: Clefable|Moonblast|p1a: Big Boy
|-damage|p1a: Big Boy|52/100
|
|upkeep
|turn|25
|
|t:|1779654198
|move|p1a: Big Boy|Kowtow Cleave|p2a: Clefable
|-resisted|p2a: Clefable
|-damage|p2a: Clefable|39/100
|-damage|p1a: Big Boy|35/100|[from] item: Rocky Helmet|[of] p2a: Clefable
|move|p2a: Clefable|Moonblast|p1a: Big Boy
|-damage|p1a: Big Boy|2/100
|-unboost|p1a: Big Boy|spa|1
|
|upkeep
|turn|26
|
|t:|1779654201
|move|p1a: Big Boy|Kowtow Cleave|p2a: Clefable
|-resisted|p2a: Clefable
|-damage|p2a: Clefable|9/100
|-damage|p1a: Big Boy|0 fnt|[from] item: Rocky Helmet|[of] p2a: Clefable
|faint|p1a: Big Boy
|-end|p1a: Big Boy|fallen5|[silent]
|
|win|jawz_ate_cereal
|raw|secretcelery's rating: 1367 &rarr; <strong>1347</strong><br />(-20 for losing)
|raw|jawz_ate_cereal's rating: 1359 &rarr; <strong>1379</strong><br />(+20 for winning)
|l|☆secretcelery
|player|p1|
