|j|☆Luxcalum
|j|☆esta man oe
|t:|1779669942
|gametype|singles
|player|p1|Luxcalum|lucas|1411
|player|p2|esta man oe|preschooler|1414
|gen|9
|tier|[Gen 9] OU
|rated|
|rule|HP Percentage Mod: HP is shown in percentages
|rule|Endless Battle Clause: Forcing endless battles is banned
|rule|Species Clause: Limit one of each Pokémon
|rule|OHKO Clause: OHKO moves are banned
|rule|Evasion Items Clause: Evasion items are banned
|rule|Evasion Moves Clause: Evasion moves are banned
|rule|Evasion Abilities Clause: Evasion abilities are banned
|rule|Sleep Moves Clause: Sleep-inducing moves are banned
|clearpoke
|poke|p1|Kyurem|
|poke|p1|Slowking-Galar, F|
|poke|p1|Moltres|
|poke|p1|Great Tusk|
|poke|p1|Scizor, M|
|poke|p1|Primarina, F|
|poke|p2|Torkoal, M|
|poke|p2|Pelipper, M|
|poke|p2|Walking Wake|
|poke|p2|Hatterene, F|
|poke|p2|Raging Bolt|
|poke|p2|Alomomola, F|
|teampreview
|inactive|Battle timer is ON: inactive players will automatically lose when time's up. (requested by esta man oe)
|
|t:|1779669954
|teamsize|p1|6
|teamsize|p2|6
|start
|switch|p1a: Primarina|Primarina, F|100/100
|switch|p2a: Walking Wake|Walking Wake|100/100
|turn|1
|
|t:|1779669963
|-terastallize|p2a: Walking Wake|Water
|move|p2a: Walking Wake|Hydro Steam|p1a: Primarina
|-resisted|p1a: Primarina
|-damage|p1a: Primarina|67/100
|move|p1a: Primarina|Moonblast|p2a: Walking Wake
|-damage|p2a: Walking Wake|12/100
|-unboost|p2a: Walking Wake|spa|1
|
|upkeep
|turn|2
|
|t:|1779669972
|-end|p2a: Walking Wake|Protosynthesis|[silent]
|switch|p2a: Torkoal|Torkoal, M|100/100
|-weather|SunnyDay|[from] ability: Drought|[of] p2a: Torkoal
|move|p1a: Primarina|Moonblast|p2a: Torkoal
|-resisted|p2a: Torkoal
|-damage|p2a: Torkoal|46/100
|
|-weather|SunnyDay|[upkeep]
|upkeep
|turn|3
|
|t:|1779669981
|switch|p2a: Alomomola|Alomomola, F|100/100
|move|p1a: Primarina|Moonblast|p2a: Alomomola
|-damage|p2a: Alomomola|43/100
|
|-weather|SunnyDay|[upkeep]
|upkeep
|turn|4
|
|t:|1779670002
|move|p1a: Primarina|Moonblast|p2a: Alomomola
|-damage|p2a: Alomomola|0 fnt
|faint|p2a: Alomomola
|
|-weather|SunnyDay|[upkeep]
|upkeep
|
|t:|1779670007
|switch|p2a: Walking Wake|Walking Wake, tera:Water|12/100
|-activate|p2a: Walking Wake|ability: Protosynthesis
|-start|p2a: Walking Wake|protosynthesisspa
|turn|5
|
|t:|1779670011
|move|p2a: Walking Wake|Hydro Steam|p1a: Primarina
|-resisted|p1a: Primarina
|-damage|p1a: Primarina|0 fnt
|faint|p1a: Primarina
|
|-weather|SunnyDay|[upkeep]
|upkeep
|
|t:|1779670023
|switch|p1a: Scizor|Scizor, M|100/100
|turn|6
|
|t:|1779670030
|-end|p2a: Walking Wake|Protosynthesis|[silent]
|switch|p2a: Pelipper|Pelipper, M|100/100
|-weather|RainDance|[from] ability: Drizzle|[of] p2a: Pelipper
|move|p1a: Scizor|Bullet Punch|p2a: Pelipper
|-resisted|p2a: Pelipper
|-damage|p2a: Pelipper|85/100
|-damage|p1a: Scizor|91/100|[from] item: Life Orb
|
|-weather|RainDance|[upkeep]
|upkeep
|turn|7
|
|t:|1779670037
|switch|p1a: Slowking|Slowking-Galar, F|100/100
|move|p2a: Pelipper|U-turn|p1a: Slowking
|-damage|p1a: Slowking|93/100
|
|t:|1779670039
|switch|p2a: Walking Wake|Walking Wake, tera:Water|12/100|[from] U-turn
|
|-weather|RainDance|[upkeep]
|upkeep
|turn|8
|
|t:|1779670046
|move|p2a: Walking Wake|Hydro Steam|p1a: Slowking
|-damage|p1a: Slowking|4/100
|-prepare|p1a: Slowking|Chilly Reception|[premajor]
|move|p1a: Slowking|Chilly Reception|p1a: Slowking
|-weather|Snowscape
|
|t:|1779670058
|switch|p1a: Kyurem|Kyurem|100/100|[from] Chilly Reception
|-ability|p1a: Kyurem|Pressure
|
|-weather|Snowscape|[upkeep]
|upkeep
|turn|9
|
|t:|1779670072
|-end|p2a: Walking Wake|Protosynthesis|[silent]
|switch|p2a: Torkoal|Torkoal, M|46/100
|-weather|SunnyDay|[from] ability: Drought|[of] p2a: Torkoal
|move|p1a: Kyurem|Blizzard|p2a: Torkoal|[miss]
|-miss|p1a: Kyurem|p2a: Torkoal
|
|-weather|SunnyDay|[upkeep]
|upkeep
|turn|10
|
|t:|1779670081
|switch|p1a: Slowking|Slowking-Galar, F|37/100
|switch|p2a: Hatterene|Hatterene, F, shiny|100/100
|
|-weather|SunnyDay|[upkeep]
|upkeep
|turn|11
|
|t:|1779670088
|-prepare|p1a: Slowking|Chilly Reception|[premajor]
|move|p1a: Slowking|Chilly Reception|p1a: Slowking
|-weather|Snowscape
|
|t:|1779670093
|switch|p1a: Moltres|Moltres, shiny|100/100|[from] Chilly Reception
|move|p2a: Hatterene|Psychic Noise|p1a: Moltres
|-damage|p1a: Moltres|55/100
|-start|p1a: Moltres|move: Heal Block
|
|-weather|Snowscape|[upkeep]
|upkeep
|turn|12
|
|t:|1779670110
|switch|p2a: Raging Bolt|Raging Bolt|100/100
|move|p1a: Moltres|Flamethrower|p2a: Raging Bolt
|-resisted|p2a: Raging Bolt
|-damage|p2a: Raging Bolt|83/100
|
|-weather|Snowscape|[upkeep]
|-end|p1a: Moltres|move: Heal Block
|upkeep
|turn|13
|
|t:|1779670114
|move|p2a: Raging Bolt|Draco Meteor|p1a: Moltres
|-damage|p1a: Moltres|0 fnt
|-unboost|p2a: Raging Bolt|spa|2
|faint|p1a: Moltres
|
|-weather|Snowscape|[upkeep]
|upkeep
|
|t:|1779670130
|switch|p1a: Great Tusk|Great Tusk|100/100
|turn|14
|
|t:|1779670134
|-end|p2a: Raging Bolt|Protosynthesis|[silent]
|switch|p2a: Hatterene|Hatterene, F, shiny|100/100
|move|p1a: Great Tusk|Rapid Spin|p2a: Hatterene
|-damage|p2a: Hatterene|87/100
|-boost|p1a: Great Tusk|spe|1
|-enditem|p2a: Hatterene|Eject Button
|
|t:|1779670138
|switch|p2a: Pelipper|Pelipper, M|85/100
|-weather|RainDance|[from] ability: Drizzle|[of] p2a: Pelipper
|
|-weather|RainDance|[upkeep]
|upkeep
|turn|15
|
|t:|1779670143
|-end|p1a: Great Tusk|Protosynthesis|[silent]
|switch|p1a: Slowking|Slowking-Galar, F|70/100
|switch|p2a: Hatterene|Hatterene, F, shiny|87/100
|
|-weather|RainDance|[upkeep]
|upkeep
|turn|16
|
|t:|1779670150
|switch|p2a: Raging Bolt|Raging Bolt|83/100
|move|p1a: Slowking|Sludge Wave|p2a: Raging Bolt
|-damage|p2a: Raging Bolt|48/100
|
|-weather|RainDance|[upkeep]
|upkeep
|turn|17
|
|t:|1779670156
|move|p2a: Raging Bolt|Weather Ball|p1a: Slowking
|-damage|p1a: Slowking|34/100
|-prepare|p1a: Slowking|Chilly Reception|[premajor]
|move|p1a: Slowking|Chilly Reception|p1a: Slowking
|-weather|Snowscape
|
|t:|1779670164
|switch|p1a: Kyurem|Kyurem|100/100|[from] Chilly Reception
|-ability|p1a: Kyurem|Pressure
|
|-weather|Snowscape|[upkeep]
|upkeep
|turn|18
|
|t:|1779670168
|-end|p2a: Raging Bolt|Protosynthesis|[silent]
|switch|p2a: Torkoal|Torkoal, M|46/100
|-weather|SunnyDay|[from] ability: Drought|[of] p2a: Torkoal
|move|p1a: Kyurem|Draco Meteor|p2a: Torkoal
|-damage|p2a: Torkoal|0 fnt
|-unboost|p1a: Kyurem|spa|2
|faint|p2a: Torkoal
|
|-weather|SunnyDay|[upkeep]
|upkeep
|
|t:|1779670170
|switch|p2a: Hatterene|Hatterene, F, shiny|87/100
|turn|19
|
|t:|1779670174
|switch|p1a: Slowking|Slowking-Galar, F|67/100
|move|p2a: Hatterene|Healing Wish|p2a: Hatterene
|faint|p2a: Hatterene
|
|-weather|SunnyDay|[upkeep]
|upkeep
|
|t:|1779670176
|switch|p2a: Walking Wake|Walking Wake, tera:Water|12/100
|-heal|p2a: Walking Wake|100/100|[from] move: Healing Wish
|-activate|p2a: Walking Wake|ability: Protosynthesis
|-start|p2a: Walking Wake|protosynthesisspa
|turn|20
|
|t:|1779670202
|switch|p1a: Scizor|Scizor, M|91/100
|move|p2a: Walking Wake|Hydro Steam|p1a: Scizor
|-damage|p1a: Scizor|0 fnt
|faint|p1a: Scizor
|
|-weather|SunnyDay|[upkeep]
|upkeep
|inactive|Luxcalum has 120 seconds left.
|
|t:|1779670212
|switch|p1a: Slowking|Slowking-Galar, F|99/100
|turn|21
|
|t:|1779670217
|move|p2a: Walking Wake|Hydro Steam|p1a: Slowking
|-damage|p1a: Slowking|0 fnt
|faint|p1a: Slowking
|
|-weather|SunnyDay|[upkeep]
|upkeep
|
|t:|1779670221
|switch|p1a: Kyurem|Kyurem|100/100
|-ability|p1a: Kyurem|Pressure
|turn|22
|
|t:|1779670230
|-terastallize|p1a: Kyurem|Dragon
|move|p1a: Kyurem|Freeze-Dry|p2a: Walking Wake
|-supereffective|p2a: Walking Wake
|-damage|p2a: Walking Wake|8/100
|move|p2a: Walking Wake|Hydro Steam|p1a: Kyurem
|-resisted|p1a: Kyurem
|-damage|p1a: Kyurem|21/100
|
|-weather|SunnyDay|[upkeep]
|upkeep
|turn|23
|
|t:|1779670245
|move|p1a: Kyurem|Freeze-Dry|p2a: Walking Wake
|-supereffective|p2a: Walking Wake
|-damage|p2a: Walking Wake|0 fnt
|faint|p2a: Walking Wake
|-end|p2a: Walking Wake|Protosynthesis|[silent]
|
|-weather|SunnyDay|[upkeep]
|upkeep
|
|t:|1779670247
|switch|p2a: Raging Bolt|Raging Bolt|48/100
|-activate|p2a: Raging Bolt|ability: Protosynthesis
|-start|p2a: Raging Bolt|protosynthesisspa
|turn|24
|
|t:|1779670255
|switch|p1a: Great Tusk|Great Tusk|100/100
|-activate|p1a: Great Tusk|ability: Protosynthesis
|-start|p1a: Great Tusk|protosynthesisatk
|move|p2a: Raging Bolt|Weather Ball|p1a: Great Tusk
|-damage|p1a: Great Tusk|0 fnt
|faint|p1a: Great Tusk
|-end|p1a: Great Tusk|Protosynthesis|[silent]
|
|-weather|SunnyDay|[upkeep]
|upkeep
|-message|Luxcalum forfeited.
|
|win|esta man oe
|raw|Luxcalum's rating: 1411 &rarr; <strong>1391</strong><br />(-20 for losing)
|raw|esta man oe's rating: 1414 &rarr; <strong>1434</strong><br />(+20 for winning)
|l|☆Luxcalum
|player|p1|
