|j|☆semisemi33
|j|☆TsekaiAndIncognito
|t:|1779705554
|gametype|singles
|player|p1|semisemi33|170|1299
|player|p2|TsekaiAndIncognito|266|1350
|gen|9
|tier|[Gen 9] OU
|rated|
|rule|HP Percentage Mod: HP is shown in percentages
|rule|Endless Battle Clause: Forcing endless battles is banned
|rule|Species Clause: Limit one of each Pokémon
|rule|OHKO Clause: OHKO moves are banned
|rule|Evasion Items Clause: Evasion items are banned
|rule|Evasion Moves Clause: Evasion moves are banned
|rule|Evasion Abilities Clause: Evasion abilities are banned
|rule|Sleep Moves Clause: Sleep-inducing moves are banned
|clearpoke
|poke|p1|Gliscor, F|
|poke|p1|Chansey, F|
|poke|p1|Gholdengo|
|poke|p1|Ditto|
|poke|p1|Corviknight, F|
|poke|p1|Toxapex, F|
|poke|p2|Heatran, F|
|poke|p2|Iron Hands|
|poke|p2|Kingambit, F|
|poke|p2|Dragapult, M|
|poke|p2|Hoopa-Unbound|
|poke|p2|Zapdos|
|teampreview
|inactive|Battle timer is ON: inactive players will automatically lose when time's up. (requested by TsekaiAndIncognito)
|
|t:|1779705560
|teamsize|p1|6
|teamsize|p2|6
|start
|switch|p1a: Gliscor|Gliscor, F|100/100
|switch|p2a: Hoopa|Hoopa-Unbound|100/100
|turn|1
|
|t:|1779705565
|-terastallize|p2a: Hoopa|Dark
|move|p2a: Hoopa|Hyperspace Fury|p1a: Gliscor
|-damage|p1a: Gliscor|22/100
|-unboost|p2a: Hoopa|def|1
|move|p1a: Gliscor|Earthquake|p2a: Hoopa
|-damage|p2a: Hoopa|23/100
|
|-status|p1a: Gliscor|tox|[from] item: Toxic Orb
|upkeep
|turn|2
|
|t:|1779705580
|switch|p1a: Toxapex|Toxapex, F|100/100
|move|p2a: Hoopa|Hyperspace Fury|p1a: Toxapex
|-damage|p1a: Toxapex|14/100
|-unboost|p2a: Hoopa|def|1
|
|-heal|p1a: Toxapex|20/100|[from] item: Black Sludge
|upkeep
|turn|3
|
|t:|1779705597
|switch|p1a: Gliscor|Gliscor, F|22/100 tox
|move|p2a: Hoopa|Hyperspace Fury|p1a: Gliscor
|-damage|p1a: Gliscor|0 fnt
|-unboost|p2a: Hoopa|def|1
|faint|p1a: Gliscor
|
|upkeep
|
|t:|1779705605
|switch|p1a: Ditto|Ditto|100/100
|-transform|p1a: Ditto|p2a: Hoopa|[from] ability: Imposter
|-start|p1a: Ditto|typechange|Psychic/Dark|[silent]
|turn|4
|
|t:|1779705612
|switch|p2a: Iron Hands|Iron Hands|100/100
|-enditem|p2a: Iron Hands|Booster Energy
|-activate|p2a: Iron Hands|ability: Quark Drive|[fromitem]
|-start|p2a: Iron Hands|quarkdriveatk
|move|p1a: Ditto|Hyperspace Fury|p2a: Iron Hands
|-resisted|p2a: Iron Hands
|-damage|p2a: Iron Hands|82/100
|-unboost|p1a: Ditto|def|1
|
|upkeep
|turn|5
|
|t:|1779705626
|switch|p1a: Gholdengo|Gholdengo|100/100
|move|p2a: Iron Hands|Swords Dance|p2a: Iron Hands
|-boost|p2a: Iron Hands|atk|2
|
|upkeep
|turn|6
|
|t:|1779705632
|move|p1a: Gholdengo|Shadow Ball|p2a: Iron Hands
|-damage|p2a: Iron Hands|18/100
|move|p2a: Iron Hands|Supercell Slam|p1a: Gholdengo
|-damage|p1a: Gholdengo|0 fnt
|faint|p1a: Gholdengo
|
|upkeep
|
|t:|1779705642
|switch|p1a: Ditto|Ditto|100/100
|-transform|p1a: Ditto|p2a: Iron Hands|[from] ability: Imposter
|turn|7
|
|t:|1779705655
|move|p1a: Ditto|Drain Punch|p2a: Iron Hands
|-damage|p2a: Iron Hands|0 fnt
|faint|p2a: Iron Hands
|-end|p2a: Iron Hands|Quark Drive|[silent]
|
|upkeep
|
|t:|1779705668
|switch|p2a: Hoopa|Hoopa-Unbound, tera:Dark|23/100
|turn|8
|
|t:|1779705683
|-end|p1a: Ditto|Quark Drive|[silent]
|switch|p1a: Toxapex|Toxapex, F|53/100
|move|p2a: Hoopa|Hyperspace Fury|p1a: Toxapex
|-damage|p1a: Toxapex|0 fnt
|-unboost|p2a: Hoopa|def|1
|faint|p1a: Toxapex
|
|upkeep
|
|t:|1779705692
|switch|p1a: Ditto|Ditto|100/100
|-transform|p1a: Ditto|p2a: Hoopa|[from] ability: Imposter
|turn|9
|
|t:|1779705705
|switch|p2a: Zapdos|Zapdos|100/100
|move|p1a: Ditto|Hyperspace Fury|p2a: Zapdos
|-damage|p2a: Zapdos|53/100
|-unboost|p1a: Ditto|def|1
|
|upkeep
|turn|10
|
|t:|1779705714
|switch|p1a: Chansey|Chansey, F|100/100
|move|p2a: Zapdos|U-turn|p1a: Chansey
|-damage|p1a: Chansey|79/100
|inactive|TsekaiAndIncognito has 120 seconds left.
|inactive|TsekaiAndIncognito has 90 seconds left.
|inactive|TsekaiAndIncognito has 60 seconds left.
|inactive|TsekaiAndIncognito has 30 seconds left.
|inactive|TsekaiAndIncognito has 20 seconds left.
|inactive|TsekaiAndIncognito has 15 seconds left.
|inactive|TsekaiAndIncognito has 10 seconds left.
|inactive|TsekaiAndIncognito has 5 seconds left.
|
|t:|1779705863
|switch|p2a: Hoopa|Hoopa-Unbound, tera:Dark|23/100|[from] U-turn
|
|upkeep
|turn|11
|inactive|TsekaiAndIncognito has 20 seconds left this turn.
|inactive|TsekaiAndIncognito has 15 seconds left.
|
|t:|1779705870
|move|p2a: Hoopa|Hyperspace Fury|p1a: Chansey
|-damage|p1a: Chansey|0 fnt
|-unboost|p2a: Hoopa|def|1
|faint|p1a: Chansey
|
|upkeep
|
|t:|1779705876
|switch|p1a: Ditto|Ditto|100/100
|-transform|p1a: Ditto|p2a: Hoopa|[from] ability: Imposter
|turn|12
|inactive|TsekaiAndIncognito has 30 seconds left this turn.
|
|t:|1779705881
|switch|p2a: Zapdos|Zapdos|53/100
|move|p1a: Ditto|Hyperspace Fury|p2a: Zapdos
|-damage|p2a: Zapdos|2/100
|-unboost|p1a: Ditto|def|1
|
|upkeep
|turn|13
|
|t:|1779705888
|switch|p1a: Corviknight|Corviknight, F|100/100
|-ability|p1a: Corviknight|Unnerve
|move|p2a: Zapdos|U-turn|p1a: Corviknight
|-resisted|p1a: Corviknight
|-damage|p1a: Corviknight|98/100
|
|t:|1779705896
|switch|p2a: Hoopa|Hoopa-Unbound, tera:Dark|23/100|[from] U-turn
|
|-heal|p1a: Corviknight|100/100|[from] item: Leftovers
|upkeep
|turn|14
|
|t:|1779705901
|move|p2a: Hoopa|Hyperspace Fury|p1a: Corviknight
|-damage|p1a: Corviknight|25/100
|-unboost|p2a: Hoopa|def|1
|move|p1a: Corviknight|Body Press|p2a: Hoopa
|-supereffective|p2a: Hoopa
|-damage|p2a: Hoopa|0 fnt
|faint|p2a: Hoopa
|
|-heal|p1a: Corviknight|31/100|[from] item: Leftovers
|upkeep
|
|t:|1779705905
|switch|p2a: Kingambit|Kingambit, F|100/100
|-activate|p2a: Kingambit|ability: Supreme Overlord
|-start|p2a: Kingambit|fallen2|[silent]
|turn|15
|
|t:|1779705915
|-end|p2a: Kingambit|fallen2|[silent]
|switch|p2a: Zapdos|Zapdos|2/100
|move|p1a: Corviknight|Roost|p1a: Corviknight
|-heal|p1a: Corviknight|81/100
|-singleturn|p1a: Corviknight|move: Roost
|
|-heal|p1a: Corviknight|87/100|[from] item: Leftovers
|upkeep
|turn|16
|
|t:|1779705924
|move|p2a: Zapdos|Discharge|p1a: Corviknight
|-supereffective|p1a: Corviknight
|-damage|p1a: Corviknight|26/100
|move|p1a: Corviknight|Body Press|p2a: Zapdos
|-resisted|p2a: Zapdos
|-damage|p2a: Zapdos|0 fnt
|-damage|p1a: Corviknight|9/100|[from] item: Rocky Helmet|[of] p2a: Zapdos
|faint|p2a: Zapdos
|
|-heal|p1a: Corviknight|16/100|[from] item: Leftovers
|upkeep
|
|t:|1779705928
|switch|p2a: Dragapult|Dragapult, M|100/100
|turn|17
|
|t:|1779705937
|move|p2a: Dragapult|Draco Meteor|p1a: Corviknight
|-resisted|p1a: Corviknight
|-damage|p1a: Corviknight|0 fnt
|-unboost|p2a: Dragapult|spa|2
|faint|p1a: Corviknight
|
|upkeep
|
|t:|1779705943
|switch|p1a: Ditto|Ditto|100/100
|-transform|p1a: Ditto|p2a: Dragapult|[from] ability: Imposter
|turn|18
|inactive|TsekaiAndIncognito has 90 seconds left.
|
|t:|1779705951
|move|p1a: Ditto|Shadow Ball|p2a: Dragapult
|-supereffective|p2a: Dragapult
|-crit|p2a: Dragapult
|-damage|p2a: Dragapult|0 fnt
|faint|p2a: Dragapult
|
|upkeep
|
|t:|1779705955
|switch|p2a: Kingambit|Kingambit, F|100/100
|-activate|p2a: Kingambit|ability: Supreme Overlord
|-start|p2a: Kingambit|fallen4|[silent]
|turn|19
|
|t:|1779705959
|move|p1a: Ditto|Shadow Ball|p2a: Kingambit
|-resisted|p2a: Kingambit
|-damage|p2a: Kingambit|90/100
|move|p2a: Kingambit|Swords Dance|p2a: Kingambit
|-boost|p2a: Kingambit|atk|2
|
|upkeep
|turn|20
|-message|semisemi33 forfeited.
|
|win|TsekaiAndIncognito
|raw|semisemi33's rating: 1299 &rarr; <strong>1278</strong><br />(-21 for losing)
|raw|TsekaiAndIncognito's rating: 1350 &rarr; <strong>1367</strong><br />(+17 for winning)
|l|☆semisemi33
|player|p1|
|c|☆TsekaiAndIncognito|Noob
|c|☆TsekaiAndIncognito|staller
|l|☆TsekaiAndIncognito
|player|p2|
