|j|☆burritobrown
|j|☆shelllmeet
|inactive|Battle timer is ON: inactive players will automatically lose when time's up.
|t:|1779686940
|gametype|singles
|player|p1|burritobrown|steven-gen6|
|player|p2|shelllmeet|101|
|gen|9
|tier|[Gen 9] OU
|rated|Tournament battle
|rule|HP Percentage Mod: HP is shown in percentages
|rule|Endless Battle Clause: Forcing endless battles is banned
|rule|Species Clause: Limit one of each Pokémon
|rule|OHKO Clause: OHKO moves are banned
|rule|Evasion Items Clause: Evasion items are banned
|rule|Evasion Moves Clause: Evasion moves are banned
|rule|Evasion Abilities Clause: Evasion abilities are banned
|rule|Sleep Moves Clause: Sleep-inducing moves are banned
|raw|<div class="infobox"><details class="readmore"><summary><strong>15 custom rules:</strong></summary> -burmy, -caterpie, -combee, -kricketot, -magikarp, -scatterbug, -sunkern, -tynamo, -typenull, -weedle, -wurmple, -cosmog, -blipbug, -snom, -wynaut</details></div>
|clearpoke
|poke|p1|Weavile, F|
|poke|p1|Magnezone|
|poke|p1|Glimmora, F|
|poke|p1|Toxtricity, M|
|poke|p2|Ampharos, M|
|poke|p2|Crabominable, M|
|poke|p2|Polteageist|
|poke|p2|Swalot, M|
|teampreview
|inactive|burritobrown also wants the timer to be on.
|j|*Lady Monita 
|j| Ace_Legend07
|
|t:|1779686961
|teamsize|p1|4
|teamsize|p2|4
|start
|switch|p1a: Weavile|Weavile, F|100/100
|switch|p2a: Ampharos|Ampharos, M|100/100
|-ability|p1a: Weavile|Pressure
|turn|1
|
|t:|1779686971
|switch|p1a: Magnezone|Magnezone|100/100
|move|p2a: Ampharos|Dazzling Gleam|p1a: Magnezone
|-resisted|p1a: Magnezone
|-damage|p1a: Magnezone|89/100
|
|-heal|p1a: Magnezone|95/100|[from] item: Leftovers
|upkeep
|turn|2
|
|t:|1779686978
|move|p1a: Magnezone|Volt Switch|p2a: Ampharos
|-resisted|p2a: Ampharos
|-damage|p2a: Ampharos|90/100
|
|t:|1779686992
|switch|p1a: Toxtricity|Toxtricity, M|100/100|[from] Volt Switch
|move|p2a: Ampharos|Volt Switch|p1a: Toxtricity
|-resisted|p1a: Toxtricity
|-damage|p1a: Toxtricity|72/100
|
|t:|1779687020
|switch|p2a: Crabominable|Crabominable, M|100/100|[from] Volt Switch
|
|upkeep
|turn|3
|
|t:|1779687033
|move|p1a: Toxtricity|Thunderbolt|p2a: Crabominable
|-damage|p2a: Crabominable|44/100
|move|p2a: Crabominable|Ice Hammer|p1a: Toxtricity
|-damage|p1a: Toxtricity|0 fnt
|-unboost|p2a: Crabominable|spe|1
|faint|p1a: Toxtricity
|
|-heal|p2a: Crabominable|50/100|[from] item: Leftovers
|upkeep
|
|t:|1779687053
|switch|p1a: Magnezone|Magnezone|95/100
|turn|4
|
|t:|1779687060
|switch|p2a: Ampharos|Ampharos, M|90/100
|move|p1a: Magnezone|Flash Cannon|p2a: Ampharos
|-resisted|p2a: Ampharos
|-damage|p2a: Ampharos|78/100
|
|-heal|p1a: Magnezone|100/100|[from] item: Leftovers
|upkeep
|turn|5
|
|t:|1779687067
|move|p1a: Magnezone|Iron Defense|p1a: Magnezone
|-boost|p1a: Magnezone|def|2
|move|p2a: Ampharos|Volt Switch|p1a: Magnezone
|-resisted|p1a: Magnezone
|-damage|p1a: Magnezone|86/100
|
|t:|1779687076
|switch|p2a: Swalot|Swalot, M|100/100|[from] Volt Switch
|
|-heal|p1a: Magnezone|92/100|[from] item: Leftovers
|upkeep
|turn|6
|
|t:|1779687082
|move|p1a: Magnezone|Flash Cannon|p2a: Swalot
|-damage|p2a: Swalot|78/100
|move|p2a: Swalot|Toxic Spikes|p1a: Magnezone
|-sidestart|p1: burritobrown|move: Toxic Spikes
|
|-heal|p1a: Magnezone|98/100|[from] item: Leftovers
|-heal|p2a: Swalot|84/100|[from] item: Leftovers
|upkeep
|turn|7
|
|t:|1779687089
|move|p1a: Magnezone|Iron Defense|p1a: Magnezone
|-boost|p1a: Magnezone|def|2
|move|p2a: Swalot|Acid Armor|p2a: Swalot
|-boost|p2a: Swalot|def|2
|
|-heal|p1a: Magnezone|100/100|[from] item: Leftovers
|-heal|p2a: Swalot|91/100|[from] item: Leftovers
|upkeep
|turn|8
|j| Phasmyx
|
|t:|1779687095
|move|p1a: Magnezone|Volt Switch|p2a: Swalot
|-damage|p2a: Swalot|68/100
|
|t:|1779687098
|switch|p1a: Glimmora|Glimmora, F|100/100|[from] Volt Switch
|-sideend|p1: burritobrown|move: Toxic Spikes|[of] p1a: Glimmora
|move|p2a: Swalot|Acid Armor|p2a: Swalot
|-boost|p2a: Swalot|def|2
|
|-heal|p2a: Swalot|74/100|[from] item: Leftovers
|upkeep
|turn|9
|l| Phasmyx
|
|t:|1779687110
|move|p1a: Glimmora|Earth Power|p2a: Swalot
|-supereffective|p2a: Swalot
|-damage|p2a: Swalot|30/100
|move|p2a: Swalot|Body Press|p1a: Glimmora
|-damage|p1a: Glimmora|45/100
|-activate|p1a: Glimmora|ability: Toxic Debris
|-sidestart|p2: shelllmeet|move: Toxic Spikes
|
|-heal|p2a: Swalot|36/100|[from] item: Leftovers
|upkeep
|turn|10
|
|t:|1779687128
|switch|p2a: Ampharos|Ampharos, M|78/100
|-status|p2a: Ampharos|psn
|move|p1a: Glimmora|Earth Power|p2a: Ampharos
|-supereffective|p2a: Ampharos
|-damage|p2a: Ampharos|40/100 psn
|
|-damage|p2a: Ampharos|28/100 psn|[from] psn
|upkeep
|turn|11
|
|t:|1779687136
|move|p1a: Glimmora|Earth Power|p2a: Ampharos
|-supereffective|p2a: Ampharos
|-damage|p2a: Ampharos|0 fnt
|faint|p2a: Ampharos
|
|upkeep
|
|t:|1779687143
|switch|p2a: Swalot|Swalot, M|36/100
|-sideend|p2: shelllmeet|move: Toxic Spikes|[of] p2a: Swalot
|turn|12
|j|^Baddieprathikmon
|
|t:|1779687146
|move|p1a: Glimmora|Earth Power|p2a: Swalot
|-supereffective|p2a: Swalot
|-damage|p2a: Swalot|0 fnt
|faint|p2a: Swalot
|
|upkeep
|
|t:|1779687149
|switch|p2a: Polteageist|Polteageist|100/100
|turn|13
|
|t:|1779687160
|move|p1a: Glimmora|Power Gem|p2a: Polteageist
|-damage|p2a: Polteageist|50/100
|move|p2a: Polteageist|Shell Smash|p2a: Polteageist
|-unboost|p2a: Polteageist|def|1
|-unboost|p2a: Polteageist|spd|1
|-boost|p2a: Polteageist|atk|2
|-boost|p2a: Polteageist|spa|2
|-boost|p2a: Polteageist|spe|2
|
|upkeep
|turn|14
|l|^Baddieprathikmon
|
|t:|1779687170
|move|p2a: Polteageist|Giga Drain|p1a: Glimmora
|-damage|p1a: Glimmora|0 fnt
|-heal|p2a: Polteageist|76/100|[from] drain|[of] p1a: Glimmora
|faint|p1a: Glimmora
|
|upkeep
|
|t:|1779687179
|switch|p1a: Magnezone|Magnezone|100/100
|turn|15
|
|t:|1779687185
|move|p2a: Polteageist|Shadow Ball|p1a: Magnezone
|-damage|p1a: Magnezone|29/100
|move|p1a: Magnezone|Volt Switch|p2a: Polteageist
|-damage|p2a: Polteageist|19/100
|
|t:|1779687188
|switch|p1a: Weavile|Weavile, F|100/100|[from] Volt Switch
|-ability|p1a: Weavile|Pressure
|
|upkeep
|turn|16
|
|t:|1779687193
|move|p1a: Weavile|Ice Shard|p2a: Polteageist
|-damage|p2a: Polteageist|0 fnt
|faint|p2a: Polteageist
|
|upkeep
|
|t:|1779687196
|switch|p2a: Crabominable|Crabominable, M|50/100
|turn|17
|
|t:|1779687198
|switch|p1a: Magnezone|Magnezone|29/100
|move|p2a: Crabominable|Drain Punch|p1a: Magnezone
|-supereffective|p1a: Magnezone
|-damage|p1a: Magnezone|0 fnt
|-heal|p2a: Crabominable|62/100|[from] drain|[of] p1a: Magnezone
|faint|p1a: Magnezone
|
|-heal|p2a: Crabominable|68/100|[from] item: Leftovers
|upkeep
|
|t:|1779687200
|switch|p1a: Weavile|Weavile, F|100/100
|-ability|p1a: Weavile|Pressure
|turn|18
|c| Ace_Legend07|ggs
|c| Ace_Legend07|wp
|
|t:|1779687211
|-terastallize|p1a: Weavile|Ghost
|move|p1a: Weavile|Poison Jab|p2a: Crabominable
|-damage|p2a: Crabominable|20/100
|move|p2a: Crabominable|Drain Punch|p1a: Weavile
|-immune|p1a: Weavile
|
|-heal|p2a: Crabominable|26/100|[from] item: Leftovers
|upkeep
|turn|19
|c|☆shelllmeet|bruh
|
|t:|1779687221
|move|p1a: Weavile|Poison Jab|p2a: Crabominable
|-damage|p2a: Crabominable|0 fnt
|faint|p2a: Crabominable
|
|win|burritobrown
|n|☆burritobrown|burritobrown
|n|☆shelllmeet|shelllmeet
|n|*Lady Monita |ladymonita
|n| Ace_Legend07|acelegend07
