|j|☆BigT910
|j|☆Bonbi
|t:|1779642662
|gametype|singles
|player|p1|BigT910|pryce|1200
|player|p2|Bonbi|roughneck|1149
|gen|9
|tier|[Gen 9] OU
|rated|
|rule|HP Percentage Mod: HP is shown in percentages
|rule|Endless Battle Clause: Forcing endless battles is banned
|rule|Species Clause: Limit one of each Pokémon
|rule|OHKO Clause: OHKO moves are banned
|rule|Evasion Items Clause: Evasion items are banned
|rule|Evasion Moves Clause: Evasion moves are banned
|rule|Evasion Abilities Clause: Evasion abilities are banned
|rule|Sleep Moves Clause: Sleep-inducing moves are banned
|clearpoke
|poke|p1|Rillaboom, M|
|poke|p1|Ninetales, M|
|poke|p1|Lucario, M|
|poke|p1|Kyurem|
|poke|p1|Cyclizar, M|
|poke|p1|Wyrdeer, M|
|poke|p2|Gliscor, F|
|poke|p2|Tentacruel, F|
|poke|p2|Heatran, F|
|poke|p2|Darkrai|
|poke|p2|Corviknight, F|
|poke|p2|Sinistcha|
|teampreview
|inactive|Battle timer is ON: inactive players will automatically lose when time's up. (requested by BigT910)
|
|t:|1779642669
|teamsize|p1|6
|teamsize|p2|6
|start
|switch|p1a: Kyurem|Kyurem, shiny|100/100
|switch|p2a: Heatran|Heatran, F|100/100
|-ability|p1a: Kyurem|Pressure
|turn|1
|
|t:|1779642675
|move|p1a: Kyurem|Earth Power|p2a: Heatran
|-supereffective|p2a: Heatran
|-damage|p2a: Heatran|6/100
|move|p2a: Heatran|Magma Storm|p1a: Kyurem
|-damage|p1a: Kyurem|57/100
|-activate|p1a: Kyurem|move: Magma Storm|[of] p2a: Heatran
|
|-heal|p2a: Heatran|12/100|[from] item: Leftovers
|-damage|p1a: Kyurem|44/100|[from] move: Magma Storm|[partiallytrapped]
|upkeep
|turn|2
|
|t:|1779642694
|switch|p2a: Tentacruel|Tentacruel, F|100/100
|move|p1a: Kyurem|Ice Beam|p2a: Tentacruel
|-resisted|p2a: Tentacruel
|-damage|p2a: Tentacruel|77/100
|
|-end|p1a: Kyurem|Magma Storm|[partiallytrapped]|[silent]
|upkeep
|turn|3
|
|t:|1779642712
|move|p2a: Tentacruel|Surf|p1a: Kyurem
|-resisted|p1a: Kyurem
|-damage|p1a: Kyurem|24/100
|move|p1a: Kyurem|Freeze-Dry|p2a: Tentacruel
|-supereffective|p2a: Tentacruel
|-damage|p2a: Tentacruel|11/100
|
|upkeep
|turn|4
|
|t:|1779642724
|move|p2a: Tentacruel|Knock Off|p1a: Kyurem
|-damage|p1a: Kyurem|9/100
|-enditem|p1a: Kyurem|Wide Lens|[from] move: Knock Off|[of] p2a: Tentacruel
|move|p1a: Kyurem|Freeze-Dry|p2a: Tentacruel
|-supereffective|p2a: Tentacruel
|-damage|p2a: Tentacruel|0 fnt
|faint|p2a: Tentacruel
|
|upkeep
|
|t:|1779642734
|switch|p2a: Darkrai|Darkrai|100/100
|turn|5
|
|t:|1779642740
|move|p2a: Darkrai|Knock Off|p1a: Kyurem
|-damage|p1a: Kyurem|0 fnt
|faint|p1a: Kyurem
|
|upkeep
|
|t:|1779642746
|switch|p1a: Lucario|Lucario, M|100/100
|turn|6
|
|t:|1779642753
|switch|p2a: Sinistcha|Sinistcha, shiny|100/100
|move|p1a: Lucario|Aura Sphere|p2a: Sinistcha
|-immune|p2a: Sinistcha
|
|upkeep
|turn|7
|
|t:|1779642762
|move|p1a: Lucario|Flash Cannon|p2a: Sinistcha
|-damage|p2a: Sinistcha|57/100
|move|p2a: Sinistcha|Calm Mind|p2a: Sinistcha
|-boost|p2a: Sinistcha|spa|1
|-boost|p2a: Sinistcha|spd|1
|
|upkeep
|turn|8
|
|t:|1779642771
|switch|p1a: Wyrdeer|Wyrdeer, M|100/100
|-ability|p1a: Wyrdeer|Intimidate|boost
|-unboost|p2a: Sinistcha|atk|1
|move|p2a: Sinistcha|Strength Sap|p1a: Wyrdeer
|-unboost|p1a: Wyrdeer|atk|1
|-heal|p2a: Sinistcha|100/100
|
|upkeep
|turn|9
|
|t:|1779642783
|move|p1a: Wyrdeer|Zen Headbutt|p2a: Sinistcha
|-damage|p2a: Sinistcha|83/100
|move|p2a: Sinistcha|Matcha Gotcha|p1a: Wyrdeer
|-damage|p1a: Wyrdeer|61/100
|-heal|p2a: Sinistcha|100/100|[from] drain|[of] p1a: Wyrdeer
|
|upkeep
|turn|10
|inactive|BigT910 has 120 seconds left.
|
|t:|1779642817
|switch|p1a: Cyclizar|Cyclizar, M|100/100
|move|p2a: Sinistcha|Calm Mind|p2a: Sinistcha
|-boost|p2a: Sinistcha|spa|1
|-boost|p2a: Sinistcha|spd|1
|
|upkeep
|turn|11
|
|t:|1779642831
|move|p1a: Cyclizar|Knock Off|p2a: Sinistcha
|-supereffective|p2a: Sinistcha
|-damage|p2a: Sinistcha|63/100
|-enditem|p2a: Sinistcha|Heavy-Duty Boots|[from] move: Knock Off|[of] p1a: Cyclizar
|move|p2a: Sinistcha|Matcha Gotcha|p1a: Cyclizar
|-resisted|p1a: Cyclizar
|-damage|p1a: Cyclizar|49/100
|-heal|p2a: Sinistcha|84/100|[from] drain|[of] p1a: Cyclizar
|
|upkeep
|turn|12
|
|t:|1779642842
|move|p1a: Cyclizar|Knock Off|p2a: Sinistcha
|-supereffective|p2a: Sinistcha
|-damage|p2a: Sinistcha|59/100
|move|p2a: Sinistcha|Matcha Gotcha|p1a: Cyclizar
|-resisted|p1a: Cyclizar
|-damage|p1a: Cyclizar|0 fnt
|-heal|p2a: Sinistcha|79/100|[from] drain|[of] p1a: Cyclizar
|faint|p1a: Cyclizar
|
|upkeep
|
|t:|1779642850
|switch|p1a: Ninetales|Ninetales, M, shiny|100/100
|-weather|SunnyDay|[from] ability: Drought|[of] p1a: Ninetales
|turn|13
|
|t:|1779642857
|-terastallize|p2a: Sinistcha|Fairy
|move|p1a: Ninetales|Flamethrower|p2a: Sinistcha
|-damage|p2a: Sinistcha|63/100
|move|p2a: Sinistcha|Shadow Ball|p1a: Ninetales
|-damage|p1a: Ninetales|19/100
|
|-weather|SunnyDay|[upkeep]
|upkeep
|turn|14
|
|t:|1779642866
|move|p1a: Ninetales|Flamethrower|p2a: Sinistcha
|-damage|p2a: Sinistcha|48/100
|move|p2a: Sinistcha|Matcha Gotcha|p1a: Ninetales
|-resisted|p1a: Ninetales
|-damage|p1a: Ninetales|0 fnt
|-heal|p2a: Sinistcha|56/100|[from] drain|[of] p1a: Ninetales
|faint|p1a: Ninetales
|
|-weather|SunnyDay|[upkeep]
|upkeep
|
|t:|1779642882
|switch|p1a: Lucario|Lucario, M|100/100
|turn|15
|
|t:|1779642887
|move|p1a: Lucario|Flash Cannon|p2a: Sinistcha
|-supereffective|p2a: Sinistcha
|-damage|p2a: Sinistcha|12/100
|move|p2a: Sinistcha|Strength Sap|p1a: Lucario
|-unboost|p1a: Lucario|atk|1
|-heal|p2a: Sinistcha|86/100
|
|-weather|SunnyDay|[upkeep]
|upkeep
|turn|16
|
|t:|1779642896
|move|p1a: Lucario|Nasty Plot|p1a: Lucario
|-boost|p1a: Lucario|spa|2
|move|p2a: Sinistcha|Matcha Gotcha|p1a: Lucario
|-resisted|p1a: Lucario
|-damage|p1a: Lucario|50/100
|-heal|p2a: Sinistcha|100/100|[from] drain|[of] p1a: Lucario
|
|-weather|SunnyDay|[upkeep]
|upkeep
|turn|17
|
|t:|1779642916
|move|p1a: Lucario|Flash Cannon|p2a: Sinistcha
|-supereffective|p2a: Sinistcha
|-crit|p2a: Sinistcha
|-damage|p2a: Sinistcha|0 fnt
|faint|p2a: Sinistcha
|
|-weather|none
|upkeep
|
|t:|1779642923
|switch|p2a: Gliscor|Gliscor, F|100/100
|turn|18
|
|t:|1779642927
|move|p1a: Lucario|Nasty Plot|p1a: Lucario
|-boost|p1a: Lucario|spa|2
|move|p2a: Gliscor|Earthquake|p1a: Lucario
|-supereffective|p1a: Lucario
|-crit|p1a: Lucario
|-damage|p1a: Lucario|0 fnt
|faint|p1a: Lucario
|
|-status|p2a: Gliscor|tox|[from] item: Toxic Orb
|upkeep
|
|t:|1779642939
|switch|p1a: Wyrdeer|Wyrdeer, M|61/100
|-ability|p1a: Wyrdeer|Intimidate|boost
|-unboost|p2a: Gliscor|atk|1
|turn|19
|
|t:|1779642950
|move|p1a: Wyrdeer|Body Slam|p2a: Gliscor
|-damage|p2a: Gliscor|71/100 tox
|move|p2a: Gliscor|Knock Off|p1a: Wyrdeer
|-supereffective|p1a: Wyrdeer
|-crit|p1a: Wyrdeer
|-damage|p1a: Wyrdeer|0 fnt
|-enditem|p1a: Wyrdeer|Assault Vest|[from] move: Knock Off|[of] p2a: Gliscor
|faint|p1a: Wyrdeer
|
|-heal|p2a: Gliscor|83/100 tox|[from] ability: Poison Heal
|upkeep
|
|t:|1779642959
|switch|p1a: Rillaboom|Rillaboom, M|100/100
|-fieldstart|move: Grassy Terrain|[from] ability: Grassy Surge|[of] p1a: Rillaboom
|turn|20
|
|t:|1779642965
|-terastallize|p1a: Rillaboom|Grass
|move|p1a: Rillaboom|Drum Beating|p2a: Gliscor
|-damage|p2a: Gliscor|27/100 tox
|-unboost|p2a: Gliscor|spe|1
|move|p2a: Gliscor|Knock Off|p1a: Rillaboom
|-damage|p1a: Rillaboom|85/100
|-enditem|p1a: Rillaboom|Terrain Extender|[from] move: Knock Off|[of] p2a: Gliscor
|
|-heal|p1a: Rillaboom|91/100|[from] Grassy Terrain
|-heal|p2a: Gliscor|39/100 tox|[from] ability: Poison Heal
|upkeep
|turn|21
|
|t:|1779642976
|move|p1a: Rillaboom|Drum Beating|p2a: Gliscor
|-damage|p2a: Gliscor|0 fnt
|faint|p2a: Gliscor
|
|-heal|p1a: Rillaboom|98/100|[from] Grassy Terrain
|upkeep
|
|t:|1779642986
|switch|p2a: Heatran|Heatran, F|12/100
|turn|22
|
|t:|1779642991
|move|p1a: Rillaboom|Brick Break|p2a: Heatran
|-supereffective|p2a: Heatran
|-damage|p2a: Heatran|0 fnt
|faint|p2a: Heatran
|
|-heal|p1a: Rillaboom|100/100|[from] Grassy Terrain
|upkeep
|
|t:|1779642997
|switch|p2a: Corviknight|Corviknight, F|100/100
|-ability|p2a: Corviknight|Pressure
|turn|23
|
|t:|1779643001
|move|p1a: Rillaboom|Knock Off|p2a: Corviknight
|-damage|p2a: Corviknight|80/100
|-damage|p1a: Rillaboom|84/100|[from] item: Rocky Helmet|[of] p2a: Corviknight
|-enditem|p2a: Corviknight|Rocky Helmet|[from] move: Knock Off|[of] p1a: Rillaboom
|move|p2a: Corviknight|Brave Bird|p1a: Rillaboom
|-supereffective|p1a: Rillaboom
|-damage|p1a: Rillaboom|10/100
|-damage|p2a: Corviknight|59/100|[from] Recoil
|
|-heal|p1a: Rillaboom|16/100|[from] Grassy Terrain
|upkeep
|turn|24
|
|t:|1779643014
|move|p1a: Rillaboom|Brick Break|p2a: Corviknight
|-damage|p2a: Corviknight|43/100
|move|p2a: Corviknight|U-turn|p1a: Rillaboom
|-supereffective|p1a: Rillaboom
|-damage|p1a: Rillaboom|0 fnt
|faint|p1a: Rillaboom
|
|win|Bonbi
|raw|BigT910's rating: 1200 &rarr; <strong>1171</strong><br />(-29 for losing)
|raw|Bonbi's rating: 1149 &rarr; <strong>1178</strong><br />(+29 for winning)
|c|☆BigT910|g
|c|☆BigT910|g
|l|☆Bonbi
|player|p2|
|l|☆BigT910
|player|p1|
