|j|☆LeeHongJian1
|j|☆Megachamp100
|t:|1779707888
|gametype|singles
|player|p1|LeeHongJian1|101|1115
|player|p2|Megachamp100|marshal|1122
|gen|9
|tier|[Gen 9] OU
|rated|
|rule|HP Percentage Mod: HP is shown in percentages
|rule|Endless Battle Clause: Forcing endless battles is banned
|rule|Species Clause: Limit one of each Pokémon
|rule|OHKO Clause: OHKO moves are banned
|rule|Evasion Items Clause: Evasion items are banned
|rule|Evasion Moves Clause: Evasion moves are banned
|rule|Evasion Abilities Clause: Evasion abilities are banned
|rule|Sleep Moves Clause: Sleep-inducing moves are banned
|clearpoke
|poke|p1|Ursaluna, M|
|poke|p1|Diancie|
|poke|p1|Glastrier|
|poke|p1|Enamorus-Therian, F|
|poke|p1|Cresselia, F|
|poke|p1|Zamazenta-*|
|poke|p2|Forretress, M|
|poke|p2|Slowking-Galar, F|
|poke|p2|Clefable, F|
|poke|p2|Zapdos|
|poke|p2|Arcanine, M|
|poke|p2|Ursaluna, F|
|teampreview
|inactive|Battle timer is ON: inactive players will automatically lose when time's up. (requested by LeeHongJian1)
|inactive|Megachamp100 has 120 seconds left.
|
|t:|1779707960
|teamsize|p1|6
|teamsize|p2|6
|start
|switch|p1a: Cresselia|Cresselia, F, shiny|100/100
|switch|p2a: Ursaluna|Ursaluna, F|100/100
|turn|1
|
|t:|1779707971
|move|p1a: Cresselia|Reflect|p1a: Cresselia
|-sidestart|p1: LeeHongJian1|Reflect
|move|p2a: Ursaluna|Swords Dance|p2a: Ursaluna
|-boost|p2a: Ursaluna|atk|2
|
|-status|p2a: Ursaluna|brn|[from] item: Flame Orb
|upkeep
|turn|2
|
|t:|1779707992
|switch|p1a: Glastrier|Glastrier|100/100
|move|p2a: Ursaluna|Facade|p1a: Glastrier
|-damage|p1a: Glastrier|13/100
|
|-damage|p2a: Ursaluna|94/100 brn|[from] brn
|upkeep
|turn|3
|
|t:|1779708007
|switch|p1a: Diancie|Diancie, shiny|100/100
|move|p2a: Ursaluna|Fire Punch|p1a: Diancie
|-resisted|p1a: Diancie
|-damage|p1a: Diancie|84/100
|
|-heal|p1a: Diancie|91/100|[from] item: Leftovers
|-damage|p2a: Ursaluna|88/100 brn|[from] brn
|upkeep
|turn|4
|
|t:|1779708018
|move|p2a: Ursaluna|Headlong Rush|p1a: Diancie
|-supereffective|p1a: Diancie
|-damage|p1a: Diancie|0 fnt
|-unboost|p2a: Ursaluna|def|1
|-unboost|p2a: Ursaluna|spd|1
|faint|p1a: Diancie
|
|-damage|p2a: Ursaluna|82/100 brn|[from] brn
|upkeep
|
|t:|1779708028
|switch|p1a: Zamazenta|Zamazenta, shiny|100/100
|-ability|p1a: Zamazenta|Dauntless Shield|boost
|-boost|p1a: Zamazenta|def|1
|turn|5
|
|t:|1779708035
|switch|p2a: Zapdos|Zapdos|100/100
|move|p1a: Zamazenta|Body Press|p2a: Zapdos
|-resisted|p2a: Zapdos
|-damage|p2a: Zapdos|85/100
|
|upkeep
|turn|6
|
|t:|1779708044
|switch|p1a: Ursaluna|Ursaluna, M, shiny|100/100
|move|p2a: Zapdos|Hurricane|p1a: Ursaluna|[miss]
|-miss|p2a: Zapdos|p1a: Ursaluna
|
|-status|p1a: Ursaluna|brn|[from] item: Flame Orb
|upkeep
|turn|7
|
|t:|1779708053
|switch|p2a: Forretress|Forretress, M, shiny|100/100
|move|p1a: Ursaluna|Facade|p2a: Forretress
|-resisted|p2a: Forretress
|-damage|p2a: Forretress|65/100
|-damage|p1a: Ursaluna|84/100 brn|[from] item: Rocky Helmet|[of] p2a: Forretress
|
|-damage|p1a: Ursaluna|78/100 brn|[from] brn
|upkeep
|turn|8
|
|t:|1779708065
|move|p2a: Forretress|Body Press|p1a: Ursaluna
|-supereffective|p1a: Ursaluna
|-damage|p1a: Ursaluna|55/100 brn
|move|p1a: Ursaluna|Fire Punch|p2a: Forretress
|-supereffective|p2a: Forretress
|-damage|p2a: Forretress|0 fnt
|-damage|p1a: Ursaluna|39/100 brn|[from] item: Rocky Helmet|[of] p2a: Forretress
|faint|p2a: Forretress
|
|-damage|p1a: Ursaluna|33/100 brn|[from] brn
|-sideend|p1: LeeHongJian1|Reflect
|upkeep
|
|t:|1779708075
|switch|p2a: Arcanine|Arcanine, M, shiny|100/100
|-ability|p2a: Arcanine|Intimidate|boost
|-unboost|p1a: Ursaluna|atk|1
|turn|9
|
|t:|1779708093
|move|p2a: Arcanine|Raging Fury|p1a: Ursaluna
|-damage|p1a: Ursaluna|0 fnt
|faint|p1a: Ursaluna
|
|upkeep
|
|t:|1779708098
|switch|p1a: Cresselia|Cresselia, F, shiny|100/100
|turn|10
|
|t:|1779708102
|move|p2a: Arcanine|Raging Fury|p1a: Cresselia|[from] lockedmove
|-damage|p1a: Cresselia|36/100
|move|p1a: Cresselia|Trick Room|p1a: Cresselia
|-fieldstart|move: Trick Room|[of] p1a: Cresselia
|
|upkeep
|turn|11
|
|t:|1779708112
|switch|p1a: Enamorus|Enamorus-Therian, F|100/100
|move|p2a: Arcanine|Raging Fury|p1a: Enamorus|[from] lockedmove
|-damage|p1a: Enamorus|18/100
|-start|p2a: Arcanine|confusion|[fatigue]
|
|upkeep
|turn|12
|
|t:|1779708132
|move|p1a: Enamorus|Moonblast|p2a: Arcanine
|-resisted|p2a: Arcanine
|-damage|p2a: Arcanine|52/100
|-activate|p2a: Arcanine|confusion
|move|p2a: Arcanine|Raging Fury|p1a: Enamorus
|-damage|p1a: Enamorus|0 fnt
|faint|p1a: Enamorus
|
|upkeep
|
|t:|1779708141
|switch|p1a: Glastrier|Glastrier|13/100
|turn|13
|
|t:|1779708151
|move|p1a: Glastrier|High Horsepower|p2a: Arcanine
|-supereffective|p2a: Arcanine
|-damage|p2a: Arcanine|0 fnt
|faint|p2a: Arcanine
|-ability|p1a: Glastrier|Chilling Neigh|boost
|-boost|p1a: Glastrier|atk|1
|-damage|p1a: Glastrier|3/100|[from] item: Life Orb
|
|upkeep
|
|t:|1779708164
|switch|p2a: Clefable|Clefable, F|100/100
|turn|14
|
|t:|1779708174
|move|p1a: Glastrier|Icicle Crash|p2a: Clefable
|-damage|p2a: Clefable|22/100
|-damage|p1a: Glastrier|0 fnt|[from] item: Life Orb
|faint|p1a: Glastrier
|move|p2a: Clefable|Moonblast|p1: Glastrier|[notarget]
|-fail|p2a: Clefable
|
|-fieldend|move: Trick Room
|upkeep
|
|t:|1779708183
|switch|p1a: Zamazenta|Zamazenta, shiny|100/100
|turn|15
|
|t:|1779708199
|switch|p2a: Zapdos|Zapdos|85/100
|move|p1a: Zamazenta|Psychic Fangs|p2a: Zapdos
|-damage|p2a: Zapdos|65/100
|-status|p1a: Zamazenta|par|[from] ability: Static|[of] p2a: Zapdos
|
|upkeep
|turn|16
|
|t:|1779708212
|move|p2a: Zapdos|Hurricane|p1a: Zamazenta
|-supereffective|p1a: Zamazenta
|-damage|p1a: Zamazenta|43/100 par
|-start|p1a: Zamazenta|confusion
|-activate|p1a: Zamazenta|confusion
|move|p1a: Zamazenta|Psychic Fangs|p2a: Zapdos
|-damage|p2a: Zapdos|45/100
|
|upkeep
|turn|17
|-message|LeeHongJian1 forfeited.
|
|win|Megachamp100
|raw|LeeHongJian1's rating: 1115 &rarr; <strong>1091</strong><br />(-24 for losing)
|raw|Megachamp100's rating: 1122 &rarr; <strong>1146</strong><br />(+24 for winning)
|l|☆LeeHongJian1
|player|p1|
|l|☆Megachamp100
|player|p2|
