|j|☆baller salsa
|j|☆Luisowbro
|t:|1779708360
|gametype|singles
|player|p1|baller salsa|ingo|1494
|player|p2|Luisowbro|ingo|1425
|gen|9
|tier|[Gen 9] OU
|rated|
|rule|HP Percentage Mod: HP is shown in percentages
|rule|Endless Battle Clause: Forcing endless battles is banned
|rule|Species Clause: Limit one of each Pokémon
|rule|OHKO Clause: OHKO moves are banned
|rule|Evasion Items Clause: Evasion items are banned
|rule|Evasion Moves Clause: Evasion moves are banned
|rule|Evasion Abilities Clause: Evasion abilities are banned
|rule|Sleep Moves Clause: Sleep-inducing moves are banned
|clearpoke
|poke|p1|Glimmora, M|
|poke|p1|Ogerpon-Wellspring, F|
|poke|p1|Kingambit, M|
|poke|p1|Raging Bolt|
|poke|p1|Ceruledge, M|
|poke|p1|Iron Valiant|
|poke|p2|Haxorus, M|
|poke|p2|Moltres-Galar|
|poke|p2|Volcanion|
|poke|p2|Scizor, M|
|poke|p2|Enamorus, F|
|poke|p2|Ninetales-Alola, F|
|teampreview
|inactive|Battle timer is ON: inactive players will automatically lose when time's up. (requested by baller salsa)
|
|t:|1779708406
|teamsize|p1|6
|teamsize|p2|6
|start
|switch|p1a: Blade go brrrrrr|Ceruledge, M|100/100
|switch|p2a: Scizor|Scizor, M, shiny|100/100
|turn|1
|
|t:|1779708412
|switch|p2a: Volcanion|Volcanion|100/100
|move|p1a: Blade go brrrrrr|Bitter Blade|p2a: Volcanion
|-resisted|p2a: Volcanion
|-damage|p2a: Volcanion|90/100
|
|upkeep
|turn|2
|
|t:|1779708420
|move|p1a: Blade go brrrrrr|Swords Dance|p1a: Blade go brrrrrr
|-boost|p1a: Blade go brrrrrr|atk|2
|move|p2a: Volcanion|Earth Power|p1a: Blade go brrrrrr
|-supereffective|p1a: Blade go brrrrrr
|-damage|p1a: Blade go brrrrrr|25/100
|
|upkeep
|turn|3
|
|t:|1779708427
|move|p1a: Blade go brrrrrr|Poltergeist|p2a: Volcanion
|-activate|p2a: Volcanion|move: Poltergeist|Assault Vest
|-crit|p2a: Volcanion
|-damage|p2a: Volcanion|0 fnt
|faint|p2a: Volcanion
|
|upkeep
|c|☆baller salsa|volcanion  a BUM
|inactive|Luisowbro has 120 seconds left.
|
|t:|1779708461
|switch|p2a: Haxorus|Haxorus, M, shiny|100/100
|-ability|p2a: Haxorus|Mold Breaker
|turn|4
|
|t:|1779708467
|move|p1a: Blade go brrrrrr|Shadow Sneak|p2a: Haxorus
|-damage|p2a: Haxorus|47/100
|move|p2a: Haxorus|Scale Shot|p1a: Blade go brrrrrr
|-damage|p1a: Blade go brrrrrr|6/100
|-ability|p1a: Blade go brrrrrr|Weak Armor|boost
|-unboost|p1a: Blade go brrrrrr|def|1
|-boost|p1a: Blade go brrrrrr|spe|2
|-damage|p1a: Blade go brrrrrr|0 fnt
|faint|p1a: Blade go brrrrrr
|-hitcount|p1: Blade go brrrrrr|2
|-unboost|p2a: Haxorus|def|1
|-boost|p2a: Haxorus|spe|1
|
|upkeep
|
|t:|1779708472
|switch|p1a: Schrödinger|Iron Valiant|100/100
|turn|5
|
|t:|1779708482
|switch|p2a: Scizor|Scizor, M, shiny|100/100
|move|p1a: Schrödinger|Moonblast|p2a: Scizor
|-resisted|p2a: Scizor
|-damage|p2a: Scizor|71/100
|-unboost|p2a: Scizor|spa|1
|
|upkeep
|turn|6
|
|t:|1779708492
|-end|p1a: Schrödinger|Quark Drive|[silent]
|switch|p1a: Dilemma|Ogerpon-Wellspring, F|100/100
|move|p2a: Scizor|Bullet Punch|p1a: Dilemma
|-resisted|p1a: Dilemma
|-damage|p1a: Dilemma|71/100
|
|upkeep
|turn|7
|
|t:|1779708500
|switch|p2a: Ninetales|Ninetales-Alola, F, shiny|100/100
|-weather|Snowscape|[from] ability: Snow Warning|[of] p2a: Ninetales
|move|p1a: Dilemma|Ivy Cudgel|p2a: Ninetales|[anim] Ivy Cudgel Water
|-damage|p2a: Ninetales|62/100
|
|-weather|Snowscape|[upkeep]
|upkeep
|turn|8
|
|t:|1779708508
|move|p1a: Dilemma|Ivy Cudgel|p2a: Ninetales|[anim] Ivy Cudgel Water
|-damage|p2a: Ninetales|22/100
|move|p2a: Ninetales|Aurora Veil|p2a: Ninetales
|-sidestart|p2: Luisowbro|move: Aurora Veil
|
|-weather|Snowscape|[upkeep]
|upkeep
|turn|9
|
|t:|1779708513
|move|p1a: Dilemma|Ivy Cudgel|p2a: Ninetales|[anim] Ivy Cudgel Water
|-crit|p2a: Ninetales
|-damage|p2a: Ninetales|0 fnt
|faint|p2a: Ninetales
|
|-weather|Snowscape|[upkeep]
|upkeep
|
|t:|1779708521
|switch|p2a: Haxorus|Haxorus, M, shiny|47/100
|-ability|p2a: Haxorus|Mold Breaker
|turn|10
|
|t:|1779708525
|move|p2a: Haxorus|First Impression|p1a: Dilemma
|-supereffective|p1a: Dilemma
|-damage|p1a: Dilemma|0 fnt
|faint|p1a: Dilemma
|
|-weather|Snowscape|[upkeep]
|upkeep
|
|t:|1779708529
|switch|p1a: Schrödinger|Iron Valiant|100/100
|turn|11
|
|t:|1779708543
|-terastallize|p2a: Haxorus|Steel
|move|p1a: Schrödinger|Moonblast|p2a: Haxorus
|-resisted|p2a: Haxorus
|-damage|p2a: Haxorus|29/100
|-unboost|p2a: Haxorus|spa|1
|move|p2a: Haxorus|Iron Head|p1a: Schrödinger
|-supereffective|p1a: Schrödinger
|-damage|p1a: Schrödinger|0 fnt
|faint|p1a: Schrödinger
|-end|p1a: Schrödinger|Quark Drive|[silent]
|
|-weather|none
|upkeep
|
|t:|1779708558
|switch|p1a: Starting|Glimmora, M|100/100
|turn|12
|
|t:|1779708565
|move|p1a: Starting|Spiky Shield|p1a: Starting
|-singleturn|p1a: Starting|move: Protect
|move|p2a: Haxorus|Iron Head|p1a: Starting
|-activate|p1a: Starting|move: Protect
|-damage|p2a: Haxorus|16/100|[from] Spiky Shield|[of] p1a: Starting
|
|upkeep
|turn|13
|
|t:|1779708574
|move|p1a: Starting|Stealth Rock|p2a: Haxorus
|-sidestart|p2: Luisowbro|move: Stealth Rock
|move|p2a: Haxorus|Iron Head|p1a: Starting
|-supereffective|p1a: Starting
|-enditem|p1a: Starting|Focus Sash
|-damage|p1a: Starting|1/100
|-activate|p1a: Starting|ability: Toxic Debris
|-sidestart|p2: Luisowbro|move: Toxic Spikes
|
|upkeep
|turn|14
|
|t:|1779708584
|move|p1a: Starting|Earth Power|p2a: Haxorus
|-supereffective|p2a: Haxorus
|-damage|p2a: Haxorus|0 fnt
|faint|p2a: Haxorus
|
|upkeep
|inactive|Luisowbro has 120 seconds left.
|
|t:|1779708618
|switch|p2a: Enamorus|Enamorus, F|100/100
|-damage|p2a: Enamorus|76/100|[from] Stealth Rock
|turn|15
|
|t:|1779708625
|move|p2a: Enamorus|Earth Power|p1a: Starting
|-supereffective|p1a: Starting
|-damage|p1a: Starting|0 fnt
|faint|p1a: Starting
|
|-sideend|p2: Luisowbro|move: Aurora Veil
|upkeep
|
|t:|1779708634
|switch|p1a: Raging Boner|Raging Bolt|100/100
|turn|16
|
|t:|1779708640
|switch|p2a: Scizor|Scizor, M, shiny|71/100
|-damage|p2a: Scizor|59/100|[from] Stealth Rock
|-terastallize|p1a: Raging Boner|Electric
|move|p1a: Raging Boner|Thunderclap||[still]
|-fail|p1a: Raging Boner
|
|upkeep
|turn|17
|
|t:|1779708650
|move|p1a: Raging Boner|Thunderbolt|p2a: Scizor
|-damage|p2a: Scizor|0 fnt
|faint|p2a: Scizor
|
|upkeep
|
|t:|1779708667
|switch|p2a: Moltres|Moltres-Galar, shiny|100/100
|-damage|p2a: Moltres|75/100|[from] Stealth Rock
|turn|18
|
|t:|1779708671
|move|p2a: Moltres|Fiery Wrath|p1a: Raging Boner
|-damage|p1a: Raging Boner|80/100
|move|p1a: Raging Boner|Thunderbolt|p2a: Moltres
|-supereffective|p2a: Moltres
|-damage|p2a: Moltres|0 fnt
|faint|p2a: Moltres
|
|upkeep
|
|t:|1779708678
|switch|p2a: Enamorus|Enamorus, F|76/100
|-damage|p2a: Enamorus|51/100|[from] Stealth Rock
|turn|19
|
|t:|1779708685
|move|p1a: Raging Boner|Thunderclap|p2a: Enamorus
|-supereffective|p2a: Enamorus
|-damage|p2a: Enamorus|0 fnt
|faint|p2a: Enamorus
|
|win|baller salsa
|raw|baller salsa's rating: 1494 &rarr; <strong>1510</strong><br />(+16 for winning)
|raw|Luisowbro's rating: 1425 &rarr; <strong>1409</strong><br />(-16 for losing)
|l|☆Luisowbro
|player|p2|
|l|☆baller salsa
|player|p1|
