|j|☆wallahi brobini
|j|☆achbeet
|t:|1779663012
|gametype|singles
|player|p1|wallahi brobini|169|1343
|player|p2|achbeet|2|1377
|gen|9
|tier|[Gen 9] OU
|rated|
|rule|HP Percentage Mod: HP is shown in percentages
|rule|Endless Battle Clause: Forcing endless battles is banned
|rule|Species Clause: Limit one of each Pokémon
|rule|OHKO Clause: OHKO moves are banned
|rule|Evasion Items Clause: Evasion items are banned
|rule|Evasion Moves Clause: Evasion moves are banned
|rule|Evasion Abilities Clause: Evasion abilities are banned
|rule|Sleep Moves Clause: Sleep-inducing moves are banned
|clearpoke
|poke|p1|Tyranitar, F|
|poke|p1|Zapdos-Galar|
|poke|p1|Ogerpon-Wellspring, F|
|poke|p1|Dragapult, M|
|poke|p1|Forretress, M|
|poke|p1|Gholdengo|
|poke|p2|Glimmora, F|
|poke|p2|Darkrai|
|poke|p2|Iron Valiant|
|poke|p2|Ogerpon-Wellspring, F|
|poke|p2|Moltres|
|poke|p2|Great Tusk|
|teampreview
|inactive|Battle timer is ON: inactive players will automatically lose when time's up. (requested by wallahi brobini)
|
|t:|1779663019
|teamsize|p1|6
|teamsize|p2|6
|start
|switch|p1a: Dragapult|Dragapult, M|100/100
|switch|p2a: Glimmora|Glimmora, F|100/100
|turn|1
|
|t:|1779663023
|move|p1a: Dragapult|Draco Meteor|p2a: Glimmora
|-enditem|p2a: Glimmora|Focus Sash
|-damage|p2a: Glimmora|1/100
|-unboost|p1a: Dragapult|spa|2
|move|p2a: Glimmora|Stealth Rock|p1a: Dragapult
|-sidestart|p1: wallahi brobini|move: Stealth Rock
|
|upkeep
|turn|2
|
|t:|1779663032
|move|p1a: Dragapult|Draco Meteor|p2a: Glimmora
|-damage|p2a: Glimmora|0 fnt
|-unboost|p1a: Dragapult|spa|2
|faint|p2a: Glimmora
|
|upkeep
|c|☆wallahi brobini|iron valliant
|c|☆wallahi brobini|is free
|c|☆wallahi brobini|btw
|
|t:|1779663041
|switch|p2a: Iron Valiant|Iron Valiant|100/100
|-enditem|p2a: Iron Valiant|Booster Energy
|-activate|p2a: Iron Valiant|ability: Quark Drive|[fromitem]
|-start|p2a: Iron Valiant|quarkdrivespe
|turn|3
|
|t:|1779663046
|switch|p1a: Gholdengo|Gholdengo|100/100
|-damage|p1a: Gholdengo|94/100|[from] Stealth Rock
|-item|p1a: Gholdengo|Air Balloon
|move|p2a: Iron Valiant|Moonblast|p1a: Gholdengo
|-resisted|p1a: Gholdengo
|-damage|p1a: Gholdengo|79/100
|-enditem|p1a: Gholdengo|Air Balloon
|
|upkeep
|turn|4
|
|t:|1779663058
|move|p2a: Iron Valiant|Destiny Bond|p2a: Iron Valiant
|-singlemove|p2a: Iron Valiant|Destiny Bond
|move|p1a: Gholdengo|Thunder Wave|p2a: Iron Valiant
|-status|p2a: Iron Valiant|par
|
|upkeep
|turn|5
|
|t:|1779663064
|cant|p2a: Iron Valiant|par
|move|p1a: Gholdengo|Hex|p2a: Iron Valiant
|-damage|p2a: Iron Valiant|3/100 par
|
|upkeep
|turn|6
|
|t:|1779663068
|move|p2a: Iron Valiant|Shadow Ball|p1a: Gholdengo
|-supereffective|p1a: Gholdengo
|-crit|p1a: Gholdengo
|-damage|p1a: Gholdengo|24/100
|move|p1a: Gholdengo|Recover|p1a: Gholdengo
|-heal|p1a: Gholdengo|74/100
|
|upkeep
|turn|7
|
|t:|1779663072
|move|p2a: Iron Valiant|Shadow Ball|p1a: Gholdengo
|-supereffective|p1a: Gholdengo
|-damage|p1a: Gholdengo|36/100
|move|p1a: Gholdengo|Hex|p2a: Iron Valiant
|-damage|p2a: Iron Valiant|0 fnt
|faint|p2a: Iron Valiant
|-end|p2a: Iron Valiant|Quark Drive|[silent]
|
|upkeep
|
|t:|1779663079
|switch|p2a: Darkrai|Darkrai|100/100
|turn|8
|
|t:|1779663084
|switch|p1a: Tyranitar|Tyranitar, F|100/100
|-damage|p1a: Tyranitar|88/100|[from] Stealth Rock
|-weather|Sandstorm|[from] ability: Sand Stream|[of] p1a: Tyranitar
|move|p2a: Darkrai|Dark Pulse|p1a: Tyranitar
|-resisted|p1a: Tyranitar
|-damage|p1a: Tyranitar|78/100
|-damage|p2a: Darkrai|91/100|[from] item: Life Orb
|
|-weather|Sandstorm|[upkeep]
|-damage|p2a: Darkrai|85/100|[from] Sandstorm
|upkeep
|turn|9
|
|t:|1779663094
|move|p2a: Darkrai|Thunder|p1a: Tyranitar
|-damage|p1a: Tyranitar|60/100
|-damage|p2a: Darkrai|75/100|[from] item: Life Orb
|move|p1a: Tyranitar|Stone Edge|p2a: Darkrai|[miss]
|-miss|p1a: Tyranitar|p2a: Darkrai
|
|-weather|Sandstorm|[upkeep]
|-damage|p2a: Darkrai|69/100|[from] Sandstorm
|upkeep
|turn|10
|
|t:|1779663100
|move|p2a: Darkrai|Thunder|p1a: Tyranitar
|-damage|p1a: Tyranitar|41/100
|-status|p1a: Tyranitar|par
|-damage|p2a: Darkrai|59/100|[from] item: Life Orb
|move|p1a: Tyranitar|Stone Edge|p2a: Darkrai
|-damage|p2a: Darkrai|4/100
|
|-weather|Sandstorm|[upkeep]
|-damage|p2a: Darkrai|0 fnt|[from] Sandstorm
|faint|p2a: Darkrai
|upkeep
|
|t:|1779663109
|switch|p2a: Ogerpon|Ogerpon-Wellspring, F|100/100
|turn|11
|c|☆wallahi brobini|bros just doing sh
|
|t:|1779663114
|switch|p1a: Forretress|Forretress, M|100/100
|-damage|p1a: Forretress|88/100|[from] Stealth Rock
|move|p2a: Ogerpon|Ivy Cudgel|p1a: Forretress|[anim] Ivy Cudgel Water
|-damage|p1a: Forretress|56/100
|
|-weather|Sandstorm|[upkeep]
|-damage|p2a: Ogerpon|95/100|[from] Sandstorm
|-heal|p1a: Forretress|62/100|[from] item: Leftovers
|upkeep
|turn|12
|
|t:|1779663120
|move|p2a: Ogerpon|Ivy Cudgel|p1a: Forretress|[anim] Ivy Cudgel Water
|-damage|p1a: Forretress|28/100
|move|p1a: Forretress|Volt Switch|p2a: Ogerpon
|-damage|p2a: Ogerpon|82/100
|
|t:|1779663128
|switch|p1a: Dragapult|Dragapult, M|100/100|[from] Volt Switch
|-damage|p1a: Dragapult|88/100|[from] Stealth Rock
|
|-weather|none
|upkeep
|turn|13
|
|t:|1779663139
|move|p1a: Dragapult|Draco Meteor|p2a: Ogerpon
|-damage|p2a: Ogerpon|0 fnt
|-unboost|p1a: Dragapult|spa|2
|faint|p2a: Ogerpon
|
|upkeep
|
|t:|1779663145
|switch|p2a: Moltres|Moltres|100/100
|turn|14
|c|☆wallahi brobini|i shouldve MAYBE
|c|☆wallahi brobini|terraed
|
|t:|1779663154
|switch|p1a: Tyranitar|Tyranitar, F|41/100 par
|-damage|p1a: Tyranitar|29/100 par|[from] Stealth Rock
|-weather|Sandstorm|[from] ability: Sand Stream|[of] p1a: Tyranitar
|move|p2a: Moltres|Ancient Power|p1a: Tyranitar
|-damage|p1a: Tyranitar|21/100 par
|
|-weather|Sandstorm|[upkeep]
|-damage|p2a: Moltres|94/100|[from] Sandstorm
|upkeep
|turn|15
|
|t:|1779663164
|move|p2a: Moltres|Ancient Power|p1a: Tyranitar
|-damage|p1a: Tyranitar|13/100 par
|move|p1a: Tyranitar|Stone Edge|p2a: Moltres|[miss]
|-miss|p1a: Tyranitar|p2a: Moltres
|
|-weather|Sandstorm|[upkeep]
|-damage|p2a: Moltres|88/100|[from] Sandstorm
|upkeep
|turn|16
|
|t:|1779663168
|move|p2a: Moltres|Ancient Power|p1a: Tyranitar
|-damage|p1a: Tyranitar|6/100 par
|move|p1a: Tyranitar|Stone Edge|p2a: Moltres
|-supereffective|p2a: Moltres
|-damage|p2a: Moltres|0 fnt
|faint|p2a: Moltres
|
|-weather|Sandstorm|[upkeep]
|upkeep
|
|t:|1779663176
|switch|p2a: Great Tusk|Great Tusk|100/100
|-enditem|p2a: Great Tusk|Booster Energy
|-activate|p2a: Great Tusk|ability: Protosynthesis|[fromitem]
|-start|p2a: Great Tusk|protosynthesisatk
|turn|17
|
|t:|1779663182
|move|p2a: Great Tusk|Ice Spinner|p1a: Tyranitar
|-damage|p1a: Tyranitar|0 fnt
|faint|p1a: Tyranitar
|
|-weather|Sandstorm|[upkeep]
|upkeep
|
|t:|1779663190
|switch|p1a: Zapdos|Zapdos-Galar|100/100
|-damage|p1a: Zapdos|88/100|[from] Stealth Rock
|turn|18
|
|t:|1779663194
|move|p1a: Zapdos|Brave Bird|p2a: Great Tusk
|-supereffective|p2a: Great Tusk
|-damage|p2a: Great Tusk|0 fnt
|faint|p2a: Great Tusk
|-end|p2a: Great Tusk|Protosynthesis|[silent]
|-damage|p1a: Zapdos|50/100|[from] Recoil
|
|win|wallahi brobini
|raw|wallahi brobini's rating: 1343 &rarr; <strong>1365</strong><br />(+22 for winning)
|raw|achbeet's rating: 1377 &rarr; <strong>1355</strong><br />(-22 for losing)
|l|☆wallahi brobini
|player|p1|
|l|☆achbeet
|player|p2|
