|j|☆aceman2798
|j|‽p$ychopath
|t:|1779622084
|gametype|singles
|player|p1|aceman2798|sada-ai|1687
|player|p2|p$ychopath|volo-ginkgo|1722
|gen|9
|tier|[Gen 9] OU
|rated|
|rule|HP Percentage Mod: HP is shown in percentages
|rule|Endless Battle Clause: Forcing endless battles is banned
|rule|Species Clause: Limit one of each Pokémon
|rule|OHKO Clause: OHKO moves are banned
|rule|Evasion Items Clause: Evasion items are banned
|rule|Evasion Moves Clause: Evasion moves are banned
|rule|Evasion Abilities Clause: Evasion abilities are banned
|rule|Sleep Moves Clause: Sleep-inducing moves are banned
|clearpoke
|poke|p1|Slither Wing|
|poke|p1|Ninetales, F|
|poke|p1|Raging Bolt|
|poke|p1|Dragapult, F|
|poke|p1|Great Tusk|
|poke|p1|Fezandipiti, M|
|poke|p2|Sandy Shocks|
|poke|p2|Iron Moth|
|poke|p2|Iron Valiant|
|poke|p2|Raging Bolt|
|poke|p2|Great Tusk|
|poke|p2|Iron Jugulis|
|teampreview
|inactive|Battle timer is ON: inactive players will automatically lose when time's up. (requested by aceman2798)
|j| kanaete onegai
|
|t:|1779622119
|teamsize|p1|6
|teamsize|p2|6
|start
|switch|p1a: Great Tusk|Great Tusk|100/100
|switch|p2a: Iron Jugulis|Iron Jugulis|100/100
|-enditem|p2a: Iron Jugulis|Booster Energy
|-activate|p2a: Iron Jugulis|ability: Quark Drive|[fromitem]
|-start|p2a: Iron Jugulis|quarkdrivespe
|turn|1
|j| wyjmjl
|j| yuureisuisei
|
|t:|1779622143
|-end|p1a: Great Tusk|Protosynthesis|[silent]
|switch|p1a: Raging Bolt|Raging Bolt|100/100
|move|p2a: Iron Jugulis|Dark Pulse|p1a: Raging Bolt
|-damage|p1a: Raging Bolt|59/100
|
|upkeep
|turn|2
|
|t:|1779622158
|move|p2a: Iron Jugulis|Dark Pulse|p1a: Raging Bolt
|-damage|p1a: Raging Bolt|17/100
|move|p1a: Raging Bolt|Draco Meteor|p2a: Iron Jugulis
|-damage|p2a: Iron Jugulis|0 fnt
|-unboost|p1a: Raging Bolt|spa|2
|faint|p2a: Iron Jugulis
|-end|p2a: Iron Jugulis|Quark Drive|[silent]
|
|upkeep
|
|t:|1779622163
|switch|p2a: Sandy Shocks|Sandy Shocks|100/100
|-enditem|p2a: Sandy Shocks|Booster Energy
|-activate|p2a: Sandy Shocks|ability: Protosynthesis|[fromitem]
|-start|p2a: Sandy Shocks|protosynthesisspe
|turn|3
|
|t:|1779622165
|-end|p1a: Raging Bolt|Protosynthesis|[silent]
|switch|p1a: Great Tusk|Great Tusk|100/100
|move|p2a: Sandy Shocks|Stealth Rock|p1a: Great Tusk
|-sidestart|p1: aceman2798|move: Stealth Rock
|
|upkeep
|turn|4
|
|t:|1779622169
|-terastallize|p2a: Sandy Shocks|Ghost
|move|p2a: Sandy Shocks|Earth Power|p1a: Great Tusk
|-damage|p1a: Great Tusk|47/100
|move|p1a: Great Tusk|Rapid Spin|p2a: Sandy Shocks
|-immune|p2a: Sandy Shocks
|
|upkeep
|turn|5
|
|t:|1779622175
|-end|p1a: Great Tusk|Protosynthesis|[silent]
|switch|p1a: Raging Bolt|Raging Bolt|17/100
|-damage|p1a: Raging Bolt|5/100|[from] Stealth Rock
|move|p2a: Sandy Shocks|Earth Power|p1a: Raging Bolt
|-supereffective|p1a: Raging Bolt
|-damage|p1a: Raging Bolt|0 fnt
|faint|p1a: Raging Bolt
|-end|p1a: Raging Bolt|Protosynthesis|[silent]
|
|upkeep
|
|t:|1779622189
|switch|p1a: Dragapult|Dragapult, F|100/100
|-damage|p1a: Dragapult|88/100|[from] Stealth Rock
|turn|6
|
|t:|1779622199
|move|p2a: Sandy Shocks|Earth Power|p1a: Dragapult
|-damage|p1a: Dragapult|21/100
|move|p1a: Dragapult|Shadow Ball|p2a: Sandy Shocks
|-supereffective|p2a: Sandy Shocks
|-damage|p2a: Sandy Shocks|0 fnt
|faint|p2a: Sandy Shocks
|-end|p2a: Sandy Shocks|Protosynthesis|[silent]
|-damage|p1a: Dragapult|11/100|[from] item: Life Orb
|
|upkeep
|
|t:|1779622203
|switch|p2a: Iron Moth|Iron Moth|100/100
|-enditem|p2a: Iron Moth|Booster Energy
|-activate|p2a: Iron Moth|ability: Quark Drive|[fromitem]
|-start|p2a: Iron Moth|quarkdrivespe
|turn|7
|inactive|aceman2798 has 120 seconds left.
|
|t:|1779622258
|switch|p1a: Fezandipiti|Fezandipiti, M|100/100
|move|p2a: Iron Moth|Fiery Dance|p1a: Fezandipiti
|-damage|p1a: Fezandipiti|75/100
|
|upkeep
|turn|8
|l| yuureisuisei
|inactive|aceman2798 has 90 seconds left.
|
|t:|1779622273
|move|p2a: Iron Moth|Fiery Dance|p1a: Fezandipiti
|-crit|p1a: Fezandipiti
|-damage|p1a: Fezandipiti|33/100
|move|p1a: Fezandipiti|Beat Up|p2a: Iron Moth
|-damage|p2a: Iron Moth|95/100
|-damage|p2a: Iron Moth|91/100
|-damage|p2a: Iron Moth|84/100
|-damage|p2a: Iron Moth|77/100
|-damage|p2a: Iron Moth|72/100
|-hitcount|p2a: Iron Moth|5
|
|upkeep
|turn|9
|
|t:|1779622282
|move|p2a: Iron Moth|Fiery Dance|p1a: Fezandipiti
|-damage|p1a: Fezandipiti|5/100
|move|p1a: Fezandipiti|Roost|p1a: Fezandipiti
|-heal|p1a: Fezandipiti|55/100
|-singleturn|p1a: Fezandipiti|move: Roost
|
|upkeep
|turn|10
|j| yuureisuisei
|
|t:|1779622296
|move|p2a: Iron Moth|Fiery Dance|p1a: Fezandipiti
|-damage|p1a: Fezandipiti|31/100
|-boost|p2a: Iron Moth|spa|1
|move|p1a: Fezandipiti|Roost|p1a: Fezandipiti
|-heal|p1a: Fezandipiti|81/100
|-singleturn|p1a: Fezandipiti|move: Roost
|
|upkeep
|turn|11
|inactive|aceman2798 has 90 seconds left.
|
|t:|1779622315
|move|p2a: Iron Moth|Fiery Dance|p1a: Fezandipiti
|-damage|p1a: Fezandipiti|43/100
|-boost|p2a: Iron Moth|spa|1
|move|p1a: Fezandipiti|Beat Up|p2a: Iron Moth
|-damage|p2a: Iron Moth|66/100
|-damage|p2a: Iron Moth|62/100
|-damage|p2a: Iron Moth|55/100
|-damage|p2a: Iron Moth|48/100
|-damage|p2a: Iron Moth|42/100
|-hitcount|p2a: Iron Moth|5
|
|upkeep
|turn|12
|
|t:|1779622323
|switch|p1a: Ninetales|Ninetales, F|100/100
|-damage|p1a: Ninetales|76/100|[from] Stealth Rock
|-weather|SunnyDay|[from] ability: Drought|[of] p1a: Ninetales
|move|p2a: Iron Moth|Fiery Dance|p1a: Ninetales
|-resisted|p1a: Ninetales
|-damage|p1a: Ninetales|20/100
|
|-weather|SunnyDay|[upkeep]
|upkeep
|turn|13
|
|t:|1779622330
|move|p2a: Iron Moth|Fiery Dance|p1a: Ninetales
|-resisted|p1a: Ninetales
|-damage|p1a: Ninetales|0 fnt
|-boost|p2a: Iron Moth|spa|1
|faint|p1a: Ninetales
|
|-weather|SunnyDay|[upkeep]
|upkeep
|j| KIRAXX200
|
|t:|1779622339
|switch|p1a: Slither Wing|Slither Wing|100/100
|-damage|p1a: Slither Wing|88/100|[from] Stealth Rock
|-activate|p1a: Slither Wing|ability: Protosynthesis
|-start|p1a: Slither Wing|protosynthesisatk
|turn|14
|l| wyjmjl
|
|t:|1779622355
|-terastallize|p1a: Slither Wing|Fire
|move|p2a: Iron Moth|Fiery Dance|p1a: Slither Wing
|-resisted|p1a: Slither Wing
|-damage|p1a: Slither Wing|3/100
|-boost|p2a: Iron Moth|spa|1
|move|p1a: Slither Wing|Close Combat|p2a: Iron Moth
|-resisted|p2a: Iron Moth
|-crit|p2a: Iron Moth
|-damage|p2a: Iron Moth|0 fnt
|-unboost|p1a: Slither Wing|def|1
|-unboost|p1a: Slither Wing|spd|1
|faint|p2a: Iron Moth
|-end|p2a: Iron Moth|Quark Drive|[silent]
|
|-weather|SunnyDay|[upkeep]
|upkeep
|inactive|p$ychopath has 120 seconds left.
|
|t:|1779622385
|switch|p2a: Great Tusk|Great Tusk|100/100
|-activate|p2a: Great Tusk|ability: Protosynthesis
|-start|p2a: Great Tusk|protosynthesisspe
|turn|15
|
|t:|1779622392
|move|p2a: Great Tusk|Rapid Spin|p1a: Slither Wing
|-damage|p1a: Slither Wing|0 fnt
|-boost|p2a: Great Tusk|spe|1
|faint|p1a: Slither Wing
|-end|p1a: Slither Wing|Protosynthesis|[silent]
|
|-weather|SunnyDay|[upkeep]
|upkeep
|
|t:|1779622397
|switch|p1a: Great Tusk|Great Tusk|47/100
|-activate|p1a: Great Tusk|ability: Protosynthesis
|-start|p1a: Great Tusk|protosynthesisatk
|turn|16
|
|t:|1779622401
|move|p2a: Great Tusk|Bulk Up|p2a: Great Tusk
|-boost|p2a: Great Tusk|atk|1
|-boost|p2a: Great Tusk|def|1
|move|p1a: Great Tusk|Rapid Spin|p2a: Great Tusk
|-damage|p2a: Great Tusk|90/100
|-boost|p1a: Great Tusk|spe|1
|-sideend|p1: aceman2798|Stealth Rock|[from] move: Rapid Spin|[of] p1a: Great Tusk
|
|-weather|SunnyDay|[upkeep]
|upkeep
|turn|17
|
|t:|1779622408
|move|p2a: Great Tusk|Bulk Up|p2a: Great Tusk
|-boost|p2a: Great Tusk|atk|1
|-boost|p2a: Great Tusk|def|1
|move|p1a: Great Tusk|Knock Off|p2a: Great Tusk
|-resisted|p2a: Great Tusk
|-damage|p2a: Great Tusk|85/100
|
|-weather|SunnyDay|[upkeep]
|upkeep
|turn|18
|
|t:|1779622419
|move|p2a: Great Tusk|Ice Spinner|p1a: Great Tusk
|-supereffective|p1a: Great Tusk
|-damage|p1a: Great Tusk|0 fnt
|faint|p1a: Great Tusk
|-end|p1a: Great Tusk|Protosynthesis|[silent]
|
|-weather|SunnyDay|[upkeep]
|upkeep
|
|t:|1779622425
|switch|p1a: Fezandipiti|Fezandipiti, M|43/100
|turn|19
|
|t:|1779622428
|move|p2a: Great Tusk|Headlong Rush|p1a: Fezandipiti
|-supereffective|p1a: Fezandipiti
|-damage|p1a: Fezandipiti|0 fnt
|-unboost|p2a: Great Tusk|def|1
|-unboost|p2a: Great Tusk|spd|1
|faint|p1a: Fezandipiti
|
|-weather|none
|-end|p2a: Great Tusk|Protosynthesis
|upkeep
|-enditem|p2a: Great Tusk|Booster Energy
|-activate|p2a: Great Tusk|ability: Protosynthesis|[fromitem]
|-start|p2a: Great Tusk|protosynthesisatk
|
|t:|1779622430
|switch|p1a: Dragapult|Dragapult, F|11/100
|turn|20
|
|t:|1779622436
|move|p2a: Great Tusk|Ice Spinner|p1a: Dragapult
|-supereffective|p1a: Dragapult
|-damage|p1a: Dragapult|0 fnt
|faint|p1a: Dragapult
|
|win|p$ychopath
|raw|aceman2798's rating: 1687 &rarr; <strong>1669</strong><br />(-18 for losing)
|raw|p$ychopath's rating: 1722 &rarr; <strong>1740</strong><br />(+18 for winning)
|l| KIRAXX200
|l| yuureisuisei
|l|☆aceman2798
|player|p1|
