|j|☆TrainerTK100
|j|☆thebacchusbraviary
|t:|1779671826
|gametype|singles
|player|p1|TrainerTK100|ethan|1361
|player|p2|thebacchusbraviary|winona|1329
|gen|9
|tier|[Gen 9] OU
|rated|
|rule|HP Percentage Mod: HP is shown in percentages
|rule|Endless Battle Clause: Forcing endless battles is banned
|rule|Species Clause: Limit one of each Pokémon
|rule|OHKO Clause: OHKO moves are banned
|rule|Evasion Items Clause: Evasion items are banned
|rule|Evasion Moves Clause: Evasion moves are banned
|rule|Evasion Abilities Clause: Evasion abilities are banned
|rule|Sleep Moves Clause: Sleep-inducing moves are banned
|clearpoke
|poke|p1|Blaziken, M|
|poke|p1|Indeedee-F, F|
|poke|p1|Vikavolt, M|
|poke|p1|Noivern, M|
|poke|p1|Gastrodon, M|
|poke|p1|Kingambit, M|
|poke|p2|Talonflame, F|
|poke|p2|Tyranitar, F|
|poke|p2|Alcremie, F|
|poke|p2|Milotic, M|
|poke|p2|Tauros-Paldea-Aqua, M|
|poke|p2|Sinistcha|
|teampreview
|inactive|Battle timer is ON: inactive players will automatically lose when time's up. (requested by thebacchusbraviary)
|inactive|TrainerTK100 also wants the timer to be on.
|
|t:|1779671842
|teamsize|p1|6
|teamsize|p2|6
|start
|switch|p1a: Kingambit|Kingambit, M|100/100
|switch|p2a: Sinistcha|Sinistcha|100/100
|turn|1
|
|t:|1779671845
|switch|p2a: Tauros|Tauros-Paldea-Aqua, M|100/100
|-ability|p2a: Tauros|Intimidate|boost
|-unboost|p1a: Kingambit|atk|1
|move|p1a: Kingambit|Kowtow Cleave|p2a: Tauros
|-resisted|p2a: Tauros
|-damage|p2a: Tauros|81/100
|
|upkeep
|turn|2
|
|t:|1779671854
|-end|p1a: Kingambit|fallenundefined|[silent]
|switch|p1a: Noivern|Noivern, M|100/100
|move|p2a: Tauros|Close Combat|p1a: Noivern
|-resisted|p1a: Noivern
|-crit|p1a: Noivern
|-damage|p1a: Noivern|11/100
|-unboost|p2a: Tauros|def|1
|-unboost|p2a: Tauros|spd|1
|
|upkeep
|turn|3
|
|t:|1779671858
|switch|p2a: Tyranitar|Tyranitar, F|100/100
|-weather|Sandstorm|[from] ability: Sand Stream|[of] p2a: Tyranitar
|move|p1a: Noivern|Hurricane|p2a: Tyranitar
|-resisted|p2a: Tyranitar
|-crit|p2a: Tyranitar
|-damage|p2a: Tyranitar|88/100
|
|-weather|Sandstorm|[upkeep]
|-damage|p1a: Noivern|5/100|[from] Sandstorm
|upkeep
|turn|4
|
|t:|1779671864
|switch|p1a: Gastrodon|Gastrodon, M|100/100
|switch|p2a: Milotic|Milotic, M|100/100
|
|-weather|Sandstorm|[upkeep]
|-damage|p2a: Milotic|94/100|[from] Sandstorm
|-heal|p2a: Milotic|100/100|[from] item: Leftovers
|upkeep
|turn|5
|
|t:|1779671867
|move|p2a: Milotic|Ice Beam|p1a: Gastrodon
|-damage|p1a: Gastrodon|81/100
|-status|p1a: Gastrodon|frz
|cant|p1a: Gastrodon|frz
|
|-weather|Sandstorm|[upkeep]
|-damage|p2a: Milotic|94/100|[from] Sandstorm
|-heal|p2a: Milotic|100/100|[from] item: Leftovers
|-heal|p1a: Gastrodon|87/100 frz|[from] item: Leftovers
|upkeep
|turn|6
|
|t:|1779671873
|switch|p2a: Sinistcha|Sinistcha|100/100
|cant|p1a: Gastrodon|frz
|
|-weather|Sandstorm|[upkeep]
|-damage|p2a: Sinistcha|94/100|[from] Sandstorm
|-heal|p1a: Gastrodon|93/100 frz|[from] item: Leftovers
|upkeep
|turn|7
|
|t:|1779671876
|switch|p1a: Kingambit|Kingambit, M|100/100
|move|p2a: Sinistcha|Matcha Gotcha|p1a: Kingambit
|-resisted|p1a: Kingambit
|-damage|p1a: Kingambit|78/100
|-heal|p2a: Sinistcha|100/100|[from] drain|[of] p1a: Kingambit
|-status|p1a: Kingambit|brn
|
|-weather|none
|-heal|p1a: Kingambit|84/100 brn|[from] item: Leftovers
|-damage|p1a: Kingambit|78/100 brn|[from] brn
|upkeep
|turn|8
|
|t:|1779671882
|switch|p2a: Tauros|Tauros-Paldea-Aqua, M|81/100
|-ability|p2a: Tauros|Intimidate|boost
|-unboost|p1a: Kingambit|atk|1
|-end|p1a: Kingambit|fallenundefined|[silent]
|switch|p1a: Noivern|Noivern, M|5/100
|
|upkeep
|turn|9
|
|t:|1779671884
|move|p2a: Tauros|Aqua Jet|p1a: Noivern
|-resisted|p1a: Noivern
|-damage|p1a: Noivern|0 fnt
|faint|p1a: Noivern
|
|upkeep
|
|t:|1779671894
|switch|p1a: Vikavolt|Vikavolt, M|100/100
|turn|10
|
|t:|1779671900
|switch|p2a: Tyranitar|Tyranitar, F|88/100
|-weather|Sandstorm|[from] ability: Sand Stream|[of] p2a: Tyranitar
|move|p1a: Vikavolt|Sticky Web|p2a: Tyranitar
|-sidestart|p2: thebacchusbraviary|move: Sticky Web
|
|-weather|Sandstorm|[upkeep]
|-damage|p1a: Vikavolt|94/100|[from] Sandstorm
|upkeep
|turn|11
|
|t:|1779671905
|switch|p1a: Kingambit|Kingambit, M|78/100 brn
|-activate|p1a: Kingambit|ability: Supreme Overlord
|-start|p1a: Kingambit|fallen1|[silent]
|move|p2a: Tyranitar|Knock Off|p1a: Kingambit
|-resisted|p1a: Kingambit
|-damage|p1a: Kingambit|56/100 brn
|-enditem|p1a: Kingambit|Leftovers|[from] move: Knock Off|[of] p2a: Tyranitar
|
|-weather|Sandstorm|[upkeep]
|-damage|p1a: Kingambit|50/100 brn|[from] brn
|upkeep
|turn|12
|
|t:|1779671907
|move|p2a: Tyranitar|Low Kick|p1a: Kingambit
|-supereffective|p1a: Kingambit
|-damage|p1a: Kingambit|0 fnt
|faint|p1a: Kingambit
|-end|p1a: Kingambit|fallen1|[silent]
|
|-weather|Sandstorm|[upkeep]
|upkeep
|
|t:|1779671916
|switch|p1a: Blaziken|Blaziken, M|100/100
|turn|13
|
|t:|1779671922
|-terastallize|p2a: Tyranitar|Ghost
|move|p1a: Blaziken|Knock Off|p2a: Tyranitar
|-supereffective|p2a: Tyranitar
|-damage|p2a: Tyranitar|38/100
|-enditem|p2a: Tyranitar|Assault Vest|[from] move: Knock Off|[of] p1a: Blaziken
|move|p2a: Tyranitar|Earthquake|p1a: Blaziken
|-supereffective|p1a: Blaziken
|-damage|p1a: Blaziken|0 fnt
|faint|p1a: Blaziken
|
|-weather|Sandstorm|[upkeep]
|-damage|p2a: Tyranitar|31/100|[from] Sandstorm
|upkeep
|-message|TrainerTK100 forfeited.
|
|win|thebacchusbraviary
|raw|TrainerTK100's rating: 1361 &rarr; <strong>1339</strong><br />(-22 for losing)
|raw|thebacchusbraviary's rating: 1329 &rarr; <strong>1351</strong><br />(+22 for winning)
|l|☆TrainerTK100
|player|p1|
|l|☆thebacchusbraviary
|player|p2|
