|badge|p2|bronze|gen9ou|100-9
|uhtml|medal-msg|<div class="broadcast-blue">Curious what those medals under the avatar are? PS now has Ladder Seasons! For more information, check out the <a href="https://www.smogon.com/forums/threads/3740067/">thread on Smogon.</a></div>
|j|☆furkanbolukbasi
|j|☆Superhjkdetective
|t:|1779649106
|gametype|singles
|player|p1|furkanbolukbasi|101|1708
|player|p2|Superhjkdetective|265|1801
|gen|9
|tier|[Gen 9] OU
|rated|
|rule|HP Percentage Mod: HP is shown in percentages
|rule|Endless Battle Clause: Forcing endless battles is banned
|rule|Species Clause: Limit one of each Pokémon
|rule|OHKO Clause: OHKO moves are banned
|rule|Evasion Items Clause: Evasion items are banned
|rule|Evasion Moves Clause: Evasion moves are banned
|rule|Evasion Abilities Clause: Evasion abilities are banned
|rule|Sleep Moves Clause: Sleep-inducing moves are banned
|clearpoke
|poke|p1|Landorus-Therian, M|
|poke|p1|Gholdengo|
|poke|p1|Ting-Lu|
|poke|p1|Corviknight, M|
|poke|p1|Ogerpon-Wellspring, F|
|poke|p1|Zamazenta-*|
|poke|p2|Pecharunt|
|poke|p2|Samurott-Hisui, M|
|poke|p2|Hatterene, F|
|poke|p2|Great Tusk|
|poke|p2|Garganacl, M|
|poke|p2|Kyurem|
|teampreview
|inactive|Battle timer is ON: inactive players will automatically lose when time's up. (requested by Superhjkdetective)
|
|t:|1779649136
|teamsize|p1|6
|teamsize|p2|6
|start
|switch|p1a: Landorus|Landorus-Therian, M|100/100
|switch|p2a: Kyurem|Kyurem|100/100
|-ability|p1a: Landorus|Intimidate|boost
|-unboost|p2a: Kyurem|atk|1
|-ability|p2a: Kyurem|Pressure
|turn|1
|
|t:|1779649144
|move|p1a: Landorus|U-turn|p2a: Kyurem
|-damage|p2a: Kyurem|74/100
|
|t:|1779649154
|switch|p1a: Ting-Lu|Ting-Lu|100/100|[from] U-turn
|-ability|p1a: Ting-Lu|Vessel of Ruin
|move|p2a: Kyurem|Draco Meteor|p1a: Ting-Lu
|-damage|p1a: Ting-Lu|58/100
|-unboost|p2a: Kyurem|spa|2
|
|-heal|p1a: Ting-Lu|64/100|[from] item: Leftovers
|upkeep
|turn|2
|j| FaronAan
|
|t:|1779649160
|switch|p2a: Hatterene|Hatterene, F|100/100
|move|p1a: Ting-Lu|Ruination|p2a: Hatterene
|-damage|p2a: Hatterene|50/100
|
|-heal|p1a: Ting-Lu|70/100|[from] item: Leftovers
|upkeep
|turn|3
|j| BiscoitoXDBr
|
|t:|1779649165
|switch|p1a: Gholdengo|Gholdengo|100/100
|move|p2a: Hatterene|Draining Kiss|p1a: Gholdengo
|-resisted|p1a: Gholdengo
|-damage|p1a: Gholdengo|87/100
|-heal|p2a: Hatterene|60/100|[from] drain|[of] p1a: Gholdengo
|
|upkeep
|turn|4
|
|t:|1779649175
|switch|p2a: Samurott|Samurott-Hisui, M|100/100
|move|p1a: Gholdengo|Thunderbolt|p2a: Samurott
|-supereffective|p2a: Samurott
|-damage|p2a: Samurott|0 fnt
|faint|p2a: Samurott
|
|upkeep
|
|t:|1779649179
|switch|p2a: Great Tusk|Great Tusk|100/100
|turn|5
|
|t:|1779649183
|switch|p1a: Ogerpon|Ogerpon-Wellspring, F|100/100
|move|p2a: Great Tusk|Close Combat|p1a: Ogerpon
|-crit|p1a: Ogerpon
|-damage|p1a: Ogerpon|0 fnt
|-unboost|p2a: Great Tusk|def|1
|-unboost|p2a: Great Tusk|spd|1
|faint|p1a: Ogerpon
|
|upkeep
|c|☆furkanbolukbasi|ok
|
|t:|1779649206
|switch|p1a: Corviknight|Corviknight, M|100/100
|-ability|p1a: Corviknight|Pressure
|turn|6
|j| hattybatty304
|l| hattybatty304
|j| hattybatty304
|l| hattybatty304
|
|t:|1779649227
|-end|p2a: Great Tusk|Protosynthesis|[silent]
|switch|p2a: Pecharunt|Pecharunt|100/100
|move|p1a: Corviknight|Brave Bird|p2a: Pecharunt
|-damage|p2a: Pecharunt|83/100
|-damage|p1a: Corviknight|95/100|[from] Recoil
|
|-heal|p2a: Pecharunt|89/100|[from] item: Leftovers
|upkeep
|turn|7
|
|t:|1779649233
|move|p2a: Pecharunt|Foul Play|p1a: Corviknight
|-damage|p1a: Corviknight|83/100
|-damage|p2a: Pecharunt|72/100|[from] item: Rocky Helmet|[of] p1a: Corviknight
|move|p1a: Corviknight|U-turn|p2a: Pecharunt
|-resisted|p2a: Pecharunt
|-damage|p2a: Pecharunt|71/100
|
|t:|1779649246
|switch|p1a: Gholdengo|Gholdengo|87/100|[from] U-turn
|
|-heal|p2a: Pecharunt|77/100|[from] item: Leftovers
|upkeep
|turn|8
|j| Faye Asteria
|l| FaronAan
|
|t:|1779649264
|switch|p2a: Hatterene|Hatterene, F|60/100
|move|p1a: Gholdengo|Make It Rain|p2a: Hatterene
|-supereffective|p2a: Hatterene
|-damage|p2a: Hatterene|0 fnt
|-unboost|p1a: Gholdengo|spa|1
|faint|p2a: Hatterene
|
|upkeep
|inactive|Superhjkdetective has 120 seconds left.
|
|t:|1779649285
|switch|p2a: Kyurem|Kyurem|74/100
|-ability|p2a: Kyurem|Pressure
|turn|9
|
|t:|1779649293
|switch|p1a: Ting-Lu|Ting-Lu|70/100
|-ability|p1a: Ting-Lu|Vessel of Ruin
|move|p2a: Kyurem|Ice Beam|p1a: Ting-Lu
|-supereffective|p1a: Ting-Lu
|-damage|p1a: Ting-Lu|13/100
|
|-heal|p1a: Ting-Lu|19/100|[from] item: Leftovers
|upkeep
|turn|10
|
|t:|1779649296
|switch|p1a: Gholdengo|Gholdengo|87/100
|move|p2a: Kyurem|Ice Beam|p1a: Gholdengo
|-resisted|p1a: Gholdengo
|-damage|p1a: Gholdengo|47/100
|
|upkeep
|turn|11
|
|t:|1779649316
|-terastallize|p2a: Kyurem|Ice
|move|p2a: Kyurem|Ice Beam|p1a: Gholdengo
|-resisted|p1a: Gholdengo
|-damage|p1a: Gholdengo|0 fnt
|faint|p1a: Gholdengo
|
|upkeep
|j| yuureisuisei
|
|t:|1779649336
|switch|p1a: Zamazenta|Zamazenta, shiny|100/100
|-ability|p1a: Zamazenta|Dauntless Shield|boost
|-boost|p1a: Zamazenta|def|1
|turn|12
|
|t:|1779649345
|switch|p2a: Pecharunt|Pecharunt|77/100
|move|p1a: Zamazenta|Substitute|p1a: Zamazenta
|-start|p1a: Zamazenta|Substitute
|-damage|p1a: Zamazenta|76/100
|
|-heal|p1a: Zamazenta|82/100|[from] item: Leftovers
|-heal|p2a: Pecharunt|83/100|[from] item: Leftovers
|upkeep
|turn|13
|
|t:|1779649353
|move|p1a: Zamazenta|Iron Defense|p1a: Zamazenta
|-boost|p1a: Zamazenta|def|2
|move|p2a: Pecharunt|Parting Shot|p1a: Zamazenta
|-unboost|p1a: Zamazenta|atk|1
|-unboost|p1a: Zamazenta|spa|1
|j| broflopieopp
|
|t:|1779649361
|switch|p2a: Kyurem|Kyurem, tera:Ice|74/100|[from] Parting Shot
|-ability|p2a: Kyurem|Pressure
|
|-heal|p1a: Zamazenta|88/100|[from] item: Leftovers
|upkeep
|turn|14
|
|t:|1779649366
|switch|p2a: Pecharunt|Pecharunt|83/100
|move|p1a: Zamazenta|Crunch|p2a: Pecharunt
|-supereffective|p2a: Pecharunt
|-damage|p2a: Pecharunt|69/100
|
|-heal|p1a: Zamazenta|94/100|[from] item: Leftovers
|-heal|p2a: Pecharunt|75/100|[from] item: Leftovers
|upkeep
|turn|15
|
|t:|1779649373
|move|p1a: Zamazenta|Crunch|p2a: Pecharunt
|-supereffective|p2a: Pecharunt
|-damage|p2a: Pecharunt|61/100
|-unboost|p2a: Pecharunt|def|1
|move|p2a: Pecharunt|Foul Play|p1a: Zamazenta
|-resisted|p1a: Zamazenta
|-activate|p1a: Zamazenta|move: Substitute|[damage]
|
|-heal|p1a: Zamazenta|100/100|[from] item: Leftovers
|-heal|p2a: Pecharunt|67/100|[from] item: Leftovers
|upkeep
|turn|16
|l| Faye Asteria
|
|t:|1779649379
|move|p1a: Zamazenta|Body Press|p2a: Pecharunt
|-immune|p2a: Pecharunt
|move|p2a: Pecharunt|Parting Shot|p1a: Zamazenta
|-unboost|p1a: Zamazenta|atk|1
|-unboost|p1a: Zamazenta|spa|1
|
|t:|1779649387
|switch|p2a: Great Tusk|Great Tusk|100/100|[from] Parting Shot
|
|upkeep
|turn|17
|
|t:|1779649390
|move|p2a: Great Tusk|Headlong Rush|p1a: Zamazenta
|-end|p1a: Zamazenta|Substitute
|-unboost|p2a: Great Tusk|def|1
|-unboost|p2a: Great Tusk|spd|1
|move|p1a: Zamazenta|Body Press|p2a: Great Tusk
|-damage|p2a: Great Tusk|16/100
|
|upkeep
|turn|18
|
|t:|1779649399
|-end|p2a: Great Tusk|Protosynthesis|[silent]
|switch|p2a: Pecharunt|Pecharunt|67/100
|move|p1a: Zamazenta|Crunch|p2a: Pecharunt
|-supereffective|p2a: Pecharunt
|-damage|p2a: Pecharunt|56/100
|
|-heal|p2a: Pecharunt|62/100|[from] item: Leftovers
|upkeep
|turn|19
|j| hattybatty304
|
|t:|1779649408
|move|p1a: Zamazenta|Substitute|p1a: Zamazenta
|-start|p1a: Zamazenta|Substitute
|-damage|p1a: Zamazenta|76/100
|move|p2a: Pecharunt|Malignant Chain|p1a: Zamazenta
|-activate|p1a: Zamazenta|move: Substitute|[damage]
|
|-heal|p1a: Zamazenta|82/100|[from] item: Leftovers
|-heal|p2a: Pecharunt|68/100|[from] item: Leftovers
|upkeep
|turn|20
|
|t:|1779649411
|move|p1a: Zamazenta|Crunch|p2a: Pecharunt
|-supereffective|p2a: Pecharunt
|-damage|p2a: Pecharunt|58/100
|move|p2a: Pecharunt|Malignant Chain|p1a: Zamazenta
|-end|p1a: Zamazenta|Substitute
|
|-heal|p1a: Zamazenta|88/100|[from] item: Leftovers
|-heal|p2a: Pecharunt|64/100|[from] item: Leftovers
|upkeep
|turn|21
|
|t:|1779649414
|switch|p1a: Ting-Lu|Ting-Lu|19/100
|-ability|p1a: Ting-Lu|Vessel of Ruin
|move|p2a: Pecharunt|Foul Play|p1a: Ting-Lu
|-resisted|p1a: Ting-Lu
|-damage|p1a: Ting-Lu|13/100
|
|-heal|p2a: Pecharunt|70/100|[from] item: Leftovers
|-heal|p1a: Ting-Lu|19/100|[from] item: Leftovers
|upkeep
|turn|22
|
|t:|1779649420
|move|p2a: Pecharunt|Parting Shot|p1a: Ting-Lu
|-unboost|p1a: Ting-Lu|atk|1
|-unboost|p1a: Ting-Lu|spa|1
|
|t:|1779649430
|switch|p2a: Kyurem|Kyurem, tera:Ice|74/100|[from] Parting Shot
|-ability|p2a: Kyurem|Pressure
|move|p1a: Ting-Lu|Earthquake|p2a: Kyurem
|-damage|p2a: Kyurem|51/100
|
|-heal|p1a: Ting-Lu|25/100|[from] item: Leftovers
|upkeep
|turn|23
|j| brother iggins
|
|t:|1779649444
|move|p2a: Kyurem|Ice Beam|p1a: Ting-Lu
|-supereffective|p1a: Ting-Lu
|-damage|p1a: Ting-Lu|0 fnt
|faint|p1a: Ting-Lu
|
|upkeep
|
|t:|1779649449
|switch|p1a: Landorus|Landorus-Therian, M|100/100
|-ability|p1a: Landorus|Intimidate|boost
|-unboost|p2a: Kyurem|atk|1
|turn|24
|inactive|Superhjkdetective has 120 seconds left.
|
|t:|1779649485
|-terastallize|p1a: Landorus|Ground
|move|p1a: Landorus|Earthquake|p2a: Kyurem
|-damage|p2a: Kyurem|0 fnt
|faint|p2a: Kyurem
|
|upkeep
|
|t:|1779649488
|switch|p2a: Pecharunt|Pecharunt|70/100
|turn|25
|j| Azurionos
|
|t:|1779649494
|move|p1a: Landorus|Earthquake|p2a: Pecharunt
|-supereffective|p2a: Pecharunt
|-damage|p2a: Pecharunt|5/100
|move|p2a: Pecharunt|Foul Play|p1a: Landorus
|-damage|p1a: Landorus|57/100
|
|-heal|p2a: Pecharunt|11/100|[from] item: Leftovers
|upkeep
|turn|26
|
|t:|1779649498
|move|p1a: Landorus|Earthquake|p2a: Pecharunt
|-supereffective|p2a: Pecharunt
|-damage|p2a: Pecharunt|0 fnt
|faint|p2a: Pecharunt
|
|upkeep
|-message|Superhjkdetective forfeited.
|
|win|furkanbolukbasi
|raw|furkanbolukbasi's rating: 1708 &rarr; <strong>1733</strong><br />(+25 for winning)
|raw|Superhjkdetective's rating: 1801 &rarr; <strong>1776</strong><br />(-25 for losing)
|l| yuureisuisei
|l| hattybatty304
|l|☆furkanbolukbasi
|player|p1|
|l| BiscoitoXDBr
|l| broflopieopp
|l| brother iggins
|l| Azurionos
