|j|☆danger123456
|j|‽Margoullia
|t:|1779629830
|gametype|singles
|player|p1|danger123456|cyclist|1442
|player|p2|Margoullia|lance|1479
|gen|9
|tier|[Gen 9] OU
|rated|
|rule|HP Percentage Mod: HP is shown in percentages
|rule|Endless Battle Clause: Forcing endless battles is banned
|rule|Species Clause: Limit one of each Pokémon
|rule|OHKO Clause: OHKO moves are banned
|rule|Evasion Items Clause: Evasion items are banned
|rule|Evasion Moves Clause: Evasion moves are banned
|rule|Evasion Abilities Clause: Evasion abilities are banned
|rule|Sleep Moves Clause: Sleep-inducing moves are banned
|clearpoke
|poke|p1|Iron Treads|
|poke|p1|Cyclizar, M|
|poke|p1|Indeedee, M|
|poke|p1|Blaziken, M|
|poke|p1|Enamorus, F|
|poke|p1|Glimmora, M|
|poke|p2|Slowking-Galar, M|
|poke|p2|Great Tusk|
|poke|p2|Zapdos|
|poke|p2|Meowscarada, F|
|poke|p2|Garchomp, F|
|poke|p2|Greninja-*, M|
|teampreview
|inactive|Battle timer is ON: inactive players will automatically lose when time's up. (requested by danger123456)
|
|t:|1779629843
|teamsize|p1|6
|teamsize|p2|6
|start
|switch|p1a: Iron Treads|Iron Treads|100/100
|switch|p2a: Meowscarada|Meowscarada, F|100/100
|-enditem|p1a: Iron Treads|Booster Energy
|-activate|p1a: Iron Treads|ability: Quark Drive|[fromitem]
|-start|p1a: Iron Treads|quarkdrivespe
|turn|1
|
|t:|1779629853
|move|p2a: Meowscarada|Flower Trick|p1a: Iron Treads
|-start|p2a: Meowscarada|typechange|Grass|[from] ability: Protean
|-crit|p1a: Iron Treads
|-damage|p1a: Iron Treads|66/100
|move|p1a: Iron Treads|Stealth Rock|p2a: Meowscarada
|-sidestart|p2: Margoullia|move: Stealth Rock
|
|upkeep
|turn|2
|
|t:|1779629863
|move|p2a: Meowscarada|Flower Trick|p1a: Iron Treads
|-crit|p1a: Iron Treads
|-damage|p1a: Iron Treads|31/100
|move|p1a: Iron Treads|Iron Head|p2a: Meowscarada
|-damage|p2a: Meowscarada|50/100
|
|upkeep
|turn|3
|
|t:|1779629874
|switch|p2a: Great Tusk|Great Tusk|100/100
|-damage|p2a: Great Tusk|97/100|[from] Stealth Rock
|move|p1a: Iron Treads|Scary Face|p2a: Great Tusk
|-unboost|p2a: Great Tusk|spe|2
|
|upkeep
|turn|4
|
|t:|1779629887
|-end|p1a: Iron Treads|Quark Drive|[silent]
|switch|p1a: Enamorus|Enamorus, F|100/100
|move|p2a: Great Tusk|Rapid Spin|p1a: Enamorus
|-damage|p1a: Enamorus|75/100
|-boost|p2a: Great Tusk|spe|1
|-sideend|p2: Margoullia|Stealth Rock|[from] move: Rapid Spin|[of] p2a: Great Tusk
|
|upkeep
|turn|5
|
|t:|1779629906
|-end|p2a: Great Tusk|Protosynthesis|[silent]
|switch|p2a: Slowking|Slowking-Galar, M|100/100
|move|p1a: Enamorus|Moonblast|p2a: Slowking
|-resisted|p2a: Slowking
|-damage|p2a: Slowking|90/100
|
|upkeep
|turn|6
|
|t:|1779629919
|switch|p1a: Glimmora|Glimmora, M, shiny|100/100
|move|p2a: Slowking|Sludge Bomb|p1a: Glimmora
|-resisted|p1a: Glimmora
|-damage|p1a: Glimmora|86/100
|
|upkeep
|turn|7
|
|t:|1779629929
|move|p1a: Glimmora|Meteor Beam||[still]
|-prepare|p1a: Glimmora|Meteor Beam
|-boost|p1a: Glimmora|spa|1
|-enditem|p1a: Glimmora|Power Herb
|-anim|p1a: Glimmora|Meteor Beam|p2a: Slowking
|-damage|p2a: Slowking|36/100
|move|p2a: Slowking|Future Sight|p1a: Glimmora
|-start|p2a: Slowking|move: Future Sight
|
|upkeep
|turn|8
|
|t:|1779629942
|switch|p2a: Zapdos|Zapdos|100/100
|move|p1a: Glimmora|Power Gem|p2a: Zapdos
|-supereffective|p2a: Zapdos
|-crit|p2a: Zapdos
|-damage|p2a: Zapdos|0 fnt
|faint|p2a: Zapdos
|
|upkeep
|
|t:|1779629951
|switch|p2a: Garchomp|Garchomp, F|100/100
|turn|9
|
|t:|1779629966
|switch|p1a: Enamorus|Enamorus, F|75/100
|move|p2a: Garchomp|Stone Edge|p1a: Enamorus
|-supereffective|p1a: Enamorus
|-damage|p1a: Enamorus|0 fnt
|faint|p1a: Enamorus
|
|-hint|Future Sight did not hit because the target is fainted.
|upkeep
|
|t:|1779629986
|switch|p1a: Iron Treads|Iron Treads|31/100
|turn|10
|
|t:|1779629999
|-terastallize|p2a: Garchomp|Dragon
|move|p1a: Iron Treads|Stealth Rock|p2a: Garchomp
|-sidestart|p2: Margoullia|move: Stealth Rock
|move|p2a: Garchomp|Scale Shot|p1a: Iron Treads
|-resisted|p1a: Iron Treads
|-damage|p1a: Iron Treads|25/100
|-resisted|p1a: Iron Treads
|-damage|p1a: Iron Treads|18/100
|-resisted|p1a: Iron Treads
|-damage|p1a: Iron Treads|11/100
|-resisted|p1a: Iron Treads
|-damage|p1a: Iron Treads|4/100
|-hitcount|p1a: Iron Treads|4
|-unboost|p2a: Garchomp|def|1
|-boost|p2a: Garchomp|spe|1
|
|upkeep
|turn|11
|
|t:|1779630019
|move|p2a: Garchomp|Earthquake|p1a: Iron Treads
|-supereffective|p1a: Iron Treads
|-damage|p1a: Iron Treads|0 fnt
|faint|p1a: Iron Treads
|-end|p1a: Iron Treads|Quark Drive|[silent]
|
|upkeep
|inactive|danger123456 has 120 seconds left.
|inactive|danger123456 has 90 seconds left.
|
|t:|1779630070
|switch|p1a: Blaziken|Blaziken, M, shiny|100/100
|turn|12
|
|t:|1779630076
|move|p2a: Garchomp|Earthquake|p1a: Blaziken
|-supereffective|p1a: Blaziken
|-enditem|p1a: Blaziken|Focus Sash
|-damage|p1a: Blaziken|1/100
|move|p1a: Blaziken|Reversal|p2a: Garchomp
|-damage|p2a: Garchomp|0 fnt
|-damage|p1a: Blaziken|0 fnt|[from] ability: Rough Skin|[of] p2a: Garchomp
|faint|p2a: Garchomp
|faint|p1a: Blaziken
|
|upkeep
|inactive|danger123456 has 90 seconds left.
|
|t:|1779630093
|switch|p2a: Meowscarada|Meowscarada, F|50/100
|switch|p1a: Cyclizar|Cyclizar, M|100/100
|-damage|p2a: Meowscarada|38/100|[from] Stealth Rock
|turn|13
|inactive|danger123456 has 90 seconds left.
|
|t:|1779630111
|move|p2a: Meowscarada|Triple Axel|p1a: Cyclizar
|-start|p2a: Meowscarada|typechange|Ice|[from] ability: Protean
|-supereffective|p1a: Cyclizar
|-damage|p1a: Cyclizar|70/100
|-supereffective|p1a: Cyclizar
|-damage|p1a: Cyclizar|6/100
|-supereffective|p1a: Cyclizar
|-damage|p1a: Cyclizar|0 fnt
|faint|p1a: Cyclizar
|-hitcount|p1: Cyclizar|3
|
|upkeep
|
|t:|1779630132
|switch|p1a: Glimmora|Glimmora, M, shiny|86/100
|turn|14
|
|t:|1779630139
|switch|p2a: Slowking|Slowking-Galar, M|69/100
|-damage|p2a: Slowking|57/100|[from] Stealth Rock
|move|p1a: Glimmora|Rock Polish|p1a: Glimmora
|-boost|p1a: Glimmora|spe|2
|
|upkeep
|turn|15
|
|t:|1779630152
|move|p1a: Glimmora|Power Gem|p2a: Slowking
|-damage|p2a: Slowking|33/100
|move|p2a: Slowking|Psyshock|p1a: Glimmora
|-supereffective|p1a: Glimmora
|-damage|p1a: Glimmora|0 fnt
|faint|p1a: Glimmora
|
|upkeep
|
|t:|1779630160
|switch|p1a: Indeedee|Indeedee, M|100/100
|-fieldstart|move: Psychic Terrain|[from] ability: Psychic Surge|[of] p1a: Indeedee
|turn|16
|
|t:|1779630172
|move|p1a: Indeedee|Expanding Force|p2a: Slowking
|-damage|p2a: Slowking|0 fnt
|faint|p2a: Slowking
|
|upkeep
|
|t:|1779630177
|switch|p2a: Meowscarada|Meowscarada, F|38/100
|-damage|p2a: Meowscarada|25/100|[from] Stealth Rock
|turn|17
|
|t:|1779630184
|move|p2a: Meowscarada|Knock Off|p1a: Indeedee
|-start|p2a: Meowscarada|typechange|Dark|[from] ability: Protean
|-supereffective|p1a: Indeedee
|-damage|p1a: Indeedee|0 fnt
|-enditem|p1a: Indeedee|Terrain Extender|[from] move: Knock Off|[of] p2a: Meowscarada
|faint|p1a: Indeedee
|
|win|Margoullia
|raw|danger123456's rating: 1442 &rarr; <strong>1424</strong><br />(-18 for losing)
|raw|Margoullia's rating: 1479 &rarr; <strong>1497</strong><br />(+18 for winning)
|l|‽Margoullia
|player|p2|
|l|☆danger123456
|player|p1|
