|j|☆pavelight
|j|☆Uranium233
|t:|1779720071
|gametype|singles
|player|p1|pavelight|steven|1239
|player|p2|Uranium233|morty-masters|1205
|gen|9
|tier|[Gen 9] OU
|rated|
|rule|HP Percentage Mod: HP is shown in percentages
|rule|Endless Battle Clause: Forcing endless battles is banned
|rule|Species Clause: Limit one of each Pokémon
|rule|OHKO Clause: OHKO moves are banned
|rule|Evasion Items Clause: Evasion items are banned
|rule|Evasion Moves Clause: Evasion moves are banned
|rule|Evasion Abilities Clause: Evasion abilities are banned
|rule|Sleep Moves Clause: Sleep-inducing moves are banned
|clearpoke
|poke|p1|Pincurchin, M|
|poke|p1|Iron Jugulis|
|poke|p1|Hawlucha, M|
|poke|p1|Raging Bolt|
|poke|p1|Raichu-Alola, F|
|poke|p1|Iron Treads|
|poke|p2|Hatterene, F|
|poke|p2|Great Tusk|
|poke|p2|Tornadus-Therian, M|
|poke|p2|Kyurem|
|poke|p2|Slowking-Galar, F|
|poke|p2|Kingambit, M|
|teampreview
|inactive|Battle timer is ON: inactive players will automatically lose when time's up. (requested by pavelight)
|
|t:|1779720082
|teamsize|p1|6
|teamsize|p2|6
|start
|switch|p1a: Pincurchin|Pincurchin, M|100/100
|switch|p2a: Great Tusk|Great Tusk|100/100
|-fieldstart|move: Electric Terrain|[from] ability: Electric Surge|[of] p1a: Pincurchin
|turn|1
|
|t:|1779720090
|switch|p1a: Iron Jugulis|Iron Jugulis|100/100
|-activate|p1a: Iron Jugulis|ability: Quark Drive
|-start|p1a: Iron Jugulis|quarkdrivespe
|move|p2a: Great Tusk|Stealth Rock|p1a: Iron Jugulis
|-sidestart|p1: pavelight|move: Stealth Rock
|
|upkeep
|turn|2
|
|t:|1779720115
|-end|p2a: Great Tusk|Protosynthesis|[silent]
|switch|p2a: Tornadus|Tornadus-Therian, M|100/100
|move|p1a: Iron Jugulis|Air Slash|p2a: Tornadus
|-damage|p2a: Tornadus|69/100
|-damage|p1a: Iron Jugulis|91/100|[from] item: Life Orb
|
|upkeep
|turn|3
|
|t:|1779720130
|-end|p1a: Iron Jugulis|Quark Drive|[silent]
|switch|p1a: Iron Treads|Iron Treads|100/100
|-damage|p1a: Iron Treads|97/100|[from] Stealth Rock
|-item|p1a: Iron Treads|Air Balloon
|-activate|p1a: Iron Treads|ability: Quark Drive
|-start|p1a: Iron Treads|quarkdrivedef
|move|p2a: Tornadus|U-turn|p1a: Iron Treads
|-resisted|p1a: Iron Treads
|-damage|p1a: Iron Treads|94/100
|-enditem|p1a: Iron Treads|Air Balloon
|inactive|Uranium233 has 120 seconds left.
|
|t:|1779720152
|switch|p2a: Kyurem|Kyurem|100/100|[from] U-turn
|-ability|p2a: Kyurem|Pressure
|
|upkeep
|turn|4
|inactive|Uranium233 has 120 seconds left.
|
|t:|1779720159
|move|p2a: Kyurem|Earth Power|p1a: Iron Treads
|-supereffective|p1a: Iron Treads
|-damage|p1a: Iron Treads|0 fnt
|faint|p1a: Iron Treads
|-end|p1a: Iron Treads|Quark Drive|[silent]
|
|upkeep
|
|t:|1779720184
|switch|p1a: Iron Jugulis|Iron Jugulis|91/100
|-damage|p1a: Iron Jugulis|66/100|[from] Stealth Rock
|-activate|p1a: Iron Jugulis|ability: Quark Drive
|-start|p1a: Iron Jugulis|quarkdrivespe
|turn|5
|
|t:|1779720192
|switch|p2a: Tornadus|Tornadus-Therian, M|100/100
|-terastallize|p1a: Iron Jugulis|Dark
|move|p1a: Iron Jugulis|Dark Pulse|p2a: Tornadus
|-damage|p2a: Tornadus|56/100
|-damage|p1a: Iron Jugulis|56/100|[from] item: Life Orb
|
|upkeep
|turn|6
|
|t:|1779720202
|move|p1a: Iron Jugulis|Dark Pulse|p2a: Tornadus
|-damage|p2a: Tornadus|14/100
|-damage|p1a: Iron Jugulis|46/100|[from] item: Life Orb
|move|p2a: Tornadus|U-turn|p1a: Iron Jugulis
|-supereffective|p1a: Iron Jugulis
|-damage|p1a: Iron Jugulis|11/100
|inactive|Uranium233 has 120 seconds left.
|
|t:|1779720232
|switch|p2a: Kingambit|Kingambit, M|100/100|[from] U-turn
|
|upkeep
|turn|7
|
|t:|1779720241
|move|p2a: Kingambit|Sucker Punch|p1a: Iron Jugulis
|-resisted|p1a: Iron Jugulis
|-damage|p1a: Iron Jugulis|0 fnt
|faint|p1a: Iron Jugulis
|-end|p1a: Iron Jugulis|Quark Drive|[silent]
|
|upkeep
|
|t:|1779720247
|switch|p1a: Hawlucha|Hawlucha, M|100/100
|-damage|p1a: Hawlucha|88/100|[from] Stealth Rock
|-enditem|p1a: Hawlucha|Electric Seed
|-boost|p1a: Hawlucha|def|1|[from] item: Electric Seed
|turn|8
|
|t:|1779720257
|-end|p2a: Kingambit|fallenundefined|[silent]
|switch|p2a: Slowking|Slowking-Galar, F|100/100
|move|p1a: Hawlucha|Swords Dance|p1a: Hawlucha
|-boost|p1a: Hawlucha|atk|2
|
|-fieldend|move: Electric Terrain
|upkeep
|turn|9
|
|t:|1779720265
|move|p1a: Hawlucha|Acrobatics|p2a: Slowking
|-damage|p2a: Slowking|26/100
|move|p2a: Slowking|Trick|p1a: Hawlucha
|-activate|p2a: Slowking|move: Trick|[of] p1a: Hawlucha
|-item|p1a: Hawlucha|Black Sludge|[from] move: Trick
|-enditem|p2a: Slowking|Black Sludge|[silent]|[from] move: Trick
|
|-damage|p1a: Hawlucha|76/100|[from] item: Black Sludge
|upkeep
|turn|10
|
|t:|1779720280
|switch|p2a: Hatterene|Hatterene, F|100/100
|move|p1a: Hawlucha|Acrobatics|p2a: Hatterene
|-damage|p2a: Hatterene|59/100
|-damage|p1a: Hawlucha|59/100|[from] item: Rocky Helmet|[of] p2a: Hatterene
|
|-damage|p1a: Hawlucha|47/100|[from] item: Black Sludge
|upkeep
|turn|11
|
|t:|1779720294
|move|p1a: Hawlucha|Acrobatics|p2a: Hatterene
|-crit|p2a: Hatterene
|-damage|p2a: Hatterene|0 fnt
|-damage|p1a: Hawlucha|30/100|[from] item: Rocky Helmet|[of] p2a: Hatterene
|faint|p2a: Hatterene
|
|-damage|p1a: Hawlucha|18/100|[from] item: Black Sludge
|upkeep
|inactive|Uranium233 has 120 seconds left.
|
|t:|1779720323
|switch|p2a: Tornadus|Tornadus-Therian, M|47/100
|turn|12
|
|t:|1779720328
|move|p2a: Tornadus|U-turn|p1a: Hawlucha
|-resisted|p1a: Hawlucha
|-damage|p1a: Hawlucha|15/100
|
|t:|1779720333
|switch|p2a: Slowking|Slowking-Galar, F|60/100|[from] U-turn
|move|p1a: Hawlucha|Acrobatics|p2a: Slowking
|-damage|p2a: Slowking|23/100
|
|-damage|p1a: Hawlucha|2/100|[from] item: Black Sludge
|upkeep
|turn|13
|inactive|Uranium233 has 120 seconds left.
|
|t:|1779720349
|switch|p2a: Tornadus|Tornadus-Therian, M|80/100
|move|p1a: Hawlucha|Acrobatics|p2a: Tornadus
|-damage|p2a: Tornadus|20/100
|
|-damage|p1a: Hawlucha|0 fnt|[from] item: Black Sludge
|faint|p1a: Hawlucha
|upkeep
|
|t:|1779720359
|switch|p1a: Raging Bolt|Raging Bolt|100/100
|-damage|p1a: Raging Bolt|88/100|[from] Stealth Rock
|-enditem|p1a: Raging Bolt|Booster Energy
|-activate|p1a: Raging Bolt|ability: Protosynthesis|[fromitem]
|-start|p1a: Raging Bolt|protosynthesisspa
|turn|14
|
|t:|1779720370
|switch|p2a: Slowking|Slowking-Galar, F|56/100
|move|p1a: Raging Bolt|Dragon Pulse|p2a: Slowking
|-damage|p2a: Slowking|5/100
|
|upkeep
|turn|15
|inactive|Uranium233 has 120 seconds left.
|
|t:|1779720388
|move|p1a: Raging Bolt|Dragon Pulse|p2a: Slowking
|-damage|p2a: Slowking|0 fnt
|faint|p2a: Slowking
|
|upkeep
|
|t:|1779720391
|switch|p2a: Kyurem|Kyurem|100/100
|-ability|p2a: Kyurem|Pressure
|turn|16
|
|t:|1779720397
|-end|p1a: Raging Bolt|Protosynthesis|[silent]
|switch|p1a: Pincurchin|Pincurchin, M|100/100
|-damage|p1a: Pincurchin|88/100|[from] Stealth Rock
|-fieldstart|move: Electric Terrain|[from] ability: Electric Surge|[of] p1a: Pincurchin
|move|p2a: Kyurem|Ice Beam|p1a: Pincurchin
|-damage|p1a: Pincurchin|0 fnt
|faint|p1a: Pincurchin
|
|upkeep
|
|t:|1779720408
|switch|p1a: Raichu|Raichu-Alola, F|100/100
|-damage|p1a: Raichu|88/100|[from] Stealth Rock
|turn|17
|
|t:|1779720422
|switch|p2a: Tornadus|Tornadus-Therian, M|53/100
|move|p1a: Raichu|Calm Mind|p1a: Raichu
|-boost|p1a: Raichu|spa|1
|-boost|p1a: Raichu|spd|1
|
|upkeep
|turn|18
|
|t:|1779720429
|move|p1a: Raichu|Thunderbolt|p2a: Tornadus
|-supereffective|p2a: Tornadus
|-damage|p2a: Tornadus|0 fnt
|faint|p2a: Tornadus
|-damage|p1a: Raichu|78/100|[from] item: Life Orb
|
|upkeep
|
|t:|1779720442
|switch|p2a: Kyurem|Kyurem|100/100
|-ability|p2a: Kyurem|Pressure
|turn|19
|
|t:|1779720449
|move|p1a: Raichu|Psychic|p2a: Kyurem
|-damage|p2a: Kyurem|29/100
|-unboost|p2a: Kyurem|spd|1
|-damage|p1a: Raichu|68/100|[from] item: Life Orb
|move|p2a: Kyurem|Earth Power|p1a: Raichu
|-supereffective|p1a: Raichu
|-damage|p1a: Raichu|0 fnt
|faint|p1a: Raichu
|
|upkeep
|
|t:|1779720458
|switch|p1a: Raging Bolt|Raging Bolt|88/100
|-damage|p1a: Raging Bolt|76/100|[from] Stealth Rock
|turn|20
|
|t:|1779720479
|move|p2a: Kyurem|Earth Power|p1a: Raging Bolt
|-supereffective|p1a: Raging Bolt
|-damage|p1a: Raging Bolt|0 fnt
|faint|p1a: Raging Bolt
|-end|p1a: Raging Bolt|Protosynthesis|[silent]
|
|win|Uranium233
|raw|pavelight's rating: 1239 &rarr; <strong>1212</strong><br />(-27 for losing)
|raw|Uranium233's rating: 1205 &rarr; <strong>1232</strong><br />(+27 for winning)
|l|☆pavelight
|player|p1|
|l|☆Uranium233
|player|p2|
