|j|☆kishuu10
|j|☆Tgod33
|t:|1779613136
|gametype|singles
|player|p1|kishuu10|youngster-gen4dp|1131
|player|p2|Tgod33|266|1165
|gen|9
|tier|[Gen 9] OU
|rated|
|rule|HP Percentage Mod: HP is shown in percentages
|rule|Endless Battle Clause: Forcing endless battles is banned
|rule|Species Clause: Limit one of each Pokémon
|rule|OHKO Clause: OHKO moves are banned
|rule|Evasion Items Clause: Evasion items are banned
|rule|Evasion Moves Clause: Evasion moves are banned
|rule|Evasion Abilities Clause: Evasion abilities are banned
|rule|Sleep Moves Clause: Sleep-inducing moves are banned
|clearpoke
|poke|p1|Slowking-Galar, F|
|poke|p1|Great Tusk|
|poke|p1|Kyurem|
|poke|p1|Kingambit, M|
|poke|p1|Cinderace, F|
|poke|p1|Zapdos|
|poke|p2|Iron Jugulis|
|poke|p2|Politoed, F|
|poke|p2|Ogerpon, F|
|poke|p2|Tornadus-Therian, M|
|poke|p2|Excadrill, F|
|poke|p2|Uxie|
|teampreview
|inactive|Battle timer is ON: inactive players will automatically lose when time's up. (requested by kishuu10)
|
|t:|1779613162
|teamsize|p1|6
|teamsize|p2|6
|start
|switch|p1a: Kyurem|Kyurem|100/100
|switch|p2a: Tornadus|Tornadus-Therian, M|100/100
|-ability|p1a: Kyurem|Pressure
|turn|1
|
|t:|1779613170
|move|p2a: Tornadus|U-turn|p1a: Kyurem
|-damage|p1a: Kyurem|85/100
|
|t:|1779613175
|switch|p2a: Uxie|Uxie|100/100|[from] U-turn
|move|p1a: Kyurem|Freeze-Dry|p2a: Uxie
|-damage|p2a: Uxie|57/100
|
|upkeep
|turn|2
|
|t:|1779613184
|switch|p1a: Slowking|Slowking-Galar, F|100/100
|move|p2a: Uxie|Trick|p1a: Slowking
|-activate|p2a: Uxie|move: Trick|[of] p1a: Slowking
|-item|p1a: Slowking|Choice Scarf|[from] move: Trick
|-item|p2a: Uxie|Colbur Berry|[from] move: Trick
|
|upkeep
|turn|3
|
|t:|1779613193
|move|p2a: Uxie|Stealth Rock|p1a: Slowking
|-sidestart|p1: kishuu10|move: Stealth Rock
|move|p1a: Slowking|Sludge Bomb|p2a: Uxie
|-damage|p2a: Uxie|29/100
|
|upkeep
|turn|4
|
|t:|1779613199
|move|p2a: Uxie|Pain Split|p1a: Slowking
|-sethp|p1a: Slowking|63/100|[from] move: Pain Split|[silent]
|-sethp|p2a: Uxie|71/100|[from] move: Pain Split
|move|p1a: Slowking|Sludge Bomb|p2a: Uxie
|-damage|p2a: Uxie|44/100
|
|upkeep
|turn|5
|
|t:|1779613208
|move|p2a: Uxie|Pain Split|p1a: Slowking
|-sethp|p1a: Slowking|51/100|[from] move: Pain Split|[silent]
|-sethp|p2a: Uxie|57/100|[from] move: Pain Split
|move|p1a: Slowking|Sludge Bomb|p2a: Uxie
|-damage|p2a: Uxie|32/100
|
|upkeep
|turn|6
|
|t:|1779613216
|switch|p2a: Excadrill|Excadrill, F|100/100
|-ability|p2a: Excadrill|Mold Breaker
|move|p1a: Slowking|Sludge Bomb|p2a: Excadrill
|-immune|p2a: Excadrill
|
|upkeep
|turn|7
|
|t:|1779613228
|switch|p1a: Zapdos|Zapdos, shiny|100/100
|move|p2a: Excadrill|Earthquake|p1a: Zapdos
|-immune|p1a: Zapdos
|
|upkeep
|turn|8
|
|t:|1779613248
|switch|p2a: Uxie|Uxie|32/100
|move|p1a: Zapdos|Hurricane|p2a: Uxie
|-damage|p2a: Uxie|0 fnt
|faint|p2a: Uxie
|
|upkeep
|
|t:|1779613255
|switch|p2a: Ogerpon|Ogerpon, F|100/100
|turn|9
|
|t:|1779613260
|move|p2a: Ogerpon|Leech Seed|p1a: Zapdos
|-start|p1a: Zapdos|move: Leech Seed
|move|p1a: Zapdos|Hurricane|p2a: Ogerpon|[miss]
|-miss|p1a: Zapdos|p2a: Ogerpon
|
|-damage|p1a: Zapdos|88/100|[from] Leech Seed|[of] p2a: Ogerpon
|upkeep
|turn|10
|
|t:|1779613276
|switch|p2a: Iron Jugulis|Iron Jugulis|100/100
|-enditem|p2a: Iron Jugulis|Booster Energy
|-activate|p2a: Iron Jugulis|ability: Quark Drive|[fromitem]
|-start|p2a: Iron Jugulis|quarkdrivespe
|move|p1a: Zapdos|Hurricane|p2a: Iron Jugulis|[miss]
|-miss|p1a: Zapdos|p2a: Iron Jugulis
|
|-damage|p1a: Zapdos|76/100|[from] Leech Seed|[of] p2a: Iron Jugulis
|upkeep
|turn|11
|
|t:|1779613285
|move|p2a: Iron Jugulis|Hurricane|p1a: Zapdos
|-resisted|p1a: Zapdos
|-damage|p1a: Zapdos|52/100
|move|p1a: Zapdos|Volt Switch|p2a: Iron Jugulis
|-supereffective|p2a: Iron Jugulis
|-damage|p2a: Iron Jugulis|31/100
|
|t:|1779613300
|switch|p1a: Slowking|Slowking-Galar, F|84/100|[from] Volt Switch
|-damage|p1a: Slowking|72/100|[from] Stealth Rock
|
|upkeep
|turn|12
|
|t:|1779613305
|move|p2a: Iron Jugulis|Dark Pulse|p1a: Slowking
|-supereffective|p1a: Slowking
|-damage|p1a: Slowking|18/100
|move|p1a: Slowking|Sludge Bomb|p2a: Iron Jugulis
|-damage|p2a: Iron Jugulis|0 fnt
|faint|p2a: Iron Jugulis
|-end|p2a: Iron Jugulis|Quark Drive|[silent]
|
|upkeep
|
|t:|1779613311
|switch|p2a: Politoed|Politoed, F|100/100
|-weather|RainDance|[from] ability: Drizzle|[of] p2a: Politoed
|turn|13
|
|t:|1779613317
|switch|p1a: Zapdos|Zapdos, shiny|52/100
|move|p2a: Politoed|Weather Ball|p1a: Zapdos
|-damage|p1a: Zapdos|0 fnt
|faint|p1a: Zapdos
|
|-weather|RainDance|[upkeep]
|upkeep
|
|t:|1779613323
|switch|p1a: Kyurem|Kyurem|85/100
|-damage|p1a: Kyurem|61/100|[from] Stealth Rock
|-ability|p1a: Kyurem|Pressure
|turn|14
|
|t:|1779613331
|switch|p2a: Excadrill|Excadrill, F|100/100
|-ability|p2a: Excadrill|Mold Breaker
|move|p1a: Kyurem|Freeze-Dry|p2a: Excadrill
|-damage|p2a: Excadrill|30/100
|
|-weather|RainDance|[upkeep]
|upkeep
|turn|15
|
|t:|1779613340
|move|p1a: Kyurem|Freeze-Dry|p2a: Excadrill
|-damage|p2a: Excadrill|0 fnt
|faint|p2a: Excadrill
|
|-weather|RainDance|[upkeep]
|upkeep
|
|t:|1779613347
|switch|p2a: Ogerpon|Ogerpon, F|100/100
|turn|16
|
|t:|1779613352
|-terastallize|p1a: Kyurem|Ice
|move|p2a: Ogerpon|Play Rough|p1a: Kyurem|[miss]
|-miss|p2a: Ogerpon|p1a: Kyurem
|move|p1a: Kyurem|Freeze-Dry|p2a: Ogerpon
|-supereffective|p2a: Ogerpon
|-damage|p2a: Ogerpon|0 fnt
|faint|p2a: Ogerpon
|
|-weather|RainDance|[upkeep]
|upkeep
|
|t:|1779613360
|switch|p2a: Tornadus|Tornadus-Therian, M|100/100
|turn|17
|
|t:|1779613363
|move|p2a: Tornadus|Bleakwind Storm|p1a: Kyurem
|-damage|p1a: Kyurem|24/100
|move|p1a: Kyurem|Freeze-Dry|p2a: Tornadus
|-supereffective|p2a: Tornadus
|-damage|p2a: Tornadus|0 fnt
|faint|p2a: Tornadus
|
|-weather|none
|upkeep
|
|t:|1779613368
|switch|p2a: Politoed|Politoed, F|100/100
|-weather|RainDance|[from] ability: Drizzle|[of] p2a: Politoed
|turn|18
|
|t:|1779613371
|move|p1a: Kyurem|Freeze-Dry|p2a: Politoed
|-supereffective|p2a: Politoed
|-damage|p2a: Politoed|0 fnt
|faint|p2a: Politoed
|
|win|kishuu10
|raw|kishuu10's rating: 1131 &rarr; <strong>1158</strong><br />(+27 for winning)
|raw|Tgod33's rating: 1165 &rarr; <strong>1138</strong><br />(-27 for losing)
|l|☆Tgod33
|player|p2|
|l|☆kishuu10
|player|p1|
