|j|☆Acastillo631
|j|☆yoribori
|t:|1779557698
|gametype|singles
|player|p1|Acastillo631|silver|1556
|player|p2|yoribori|flannery|1728
|gen|9
|tier|[Gen 9] OU
|rated|
|rule|HP Percentage Mod: HP is shown in percentages
|rule|Endless Battle Clause: Forcing endless battles is banned
|rule|Species Clause: Limit one of each Pokémon
|rule|OHKO Clause: OHKO moves are banned
|rule|Evasion Items Clause: Evasion items are banned
|rule|Evasion Moves Clause: Evasion moves are banned
|rule|Evasion Abilities Clause: Evasion abilities are banned
|rule|Sleep Moves Clause: Sleep-inducing moves are banned
|clearpoke
|poke|p1|Iron Valiant|
|poke|p1|Sinistcha|
|poke|p1|Tyranitar, M|
|poke|p1|Klefki, F|
|poke|p1|Corviknight, M|
|poke|p1|Swampert, F|
|poke|p2|Tyranitar, F|
|poke|p2|Excadrill, F|
|poke|p2|Rotom-Wash|
|poke|p2|Hydrapple, F|
|poke|p2|Fezandipiti, M|
|poke|p2|Blaziken, F|
|teampreview
|inactive|Battle timer is ON: inactive players will automatically lose when time's up. (requested by yoribori)
|j| FaronAan
|inactive|yoribori has 120 seconds left.
|
|t:|1779557731
|teamsize|p1|6
|teamsize|p2|6
|start
|switch|p1a: Duff Mcwhalen|Swampert, F|100/100
|switch|p2a: Blaziken|Blaziken, F|100/100
|turn|1
|j| hattybatty304
|inactive|Acastillo631 has 120 seconds left.
|
|t:|1779557769
|switch|p2a: Hydrapple|Hydrapple, F|100/100
|move|p1a: Duff Mcwhalen|Earthquake|p2a: Hydrapple
|-resisted|p2a: Hydrapple
|-crit|p2a: Hydrapple
|-damage|p2a: Hydrapple|80/100
|
|upkeep
|turn|2
|inactive|Acastillo631 has 120 seconds left.
|inactive|Acastillo631 has 90 seconds left.
|inactive|yoribori has 120 seconds left.
|j| Faye Asteria
|
|t:|1779557826
|switch|p1a: Wind Crowrang|Corviknight, M|100/100
|move|p2a: Hydrapple|Leaf Storm|p1a: Wind Crowrang
|-resisted|p1a: Wind Crowrang
|-damage|p1a: Wind Crowrang|82/100
|-unboost|p2a: Hydrapple|spa|2
|
|upkeep
|turn|3
|
|t:|1779557848
|switch|p1a: Eregion|Tyranitar, M|100/100
|-weather|Sandstorm|[from] ability: Sand Stream|[of] p1a: Eregion
|switch|p2a: Rotom|Rotom-Wash|100/100
|
|-weather|Sandstorm|[upkeep]
|-damage|p2a: Rotom|94/100|[from] Sandstorm
|-heal|p2a: Rotom|100/100|[from] item: Leftovers
|upkeep
|turn|4
|inactive|yoribori has 120 seconds left.
|
|t:|1779557857
|move|p2a: Rotom|Will-O-Wisp|p1a: Eregion
|-status|p1a: Eregion|brn
|move|p1a: Eregion|Knock Off|p2a: Rotom
|-damage|p2a: Rotom|83/100
|-enditem|p2a: Rotom|Leftovers|[from] move: Knock Off|[of] p1a: Eregion
|
|-weather|Sandstorm|[upkeep]
|-damage|p2a: Rotom|76/100|[from] Sandstorm
|-damage|p1a: Eregion|94/100 brn|[from] brn
|upkeep
|turn|5
|l|☆Acastillo631
|inactive|Acastillo631 disconnected and has a minute to reconnect!
|player|p1|
|j|☆Acastillo631
|inactive|Acastillo631 reconnected and has 50 seconds left.
|player|p1|Acastillo631|silver|
|
|t:|1779557898
|switch|p1a: Duff Mcwhalen|Swampert, F|100/100
|move|p2a: Rotom|Hydro Pump|p1a: Duff Mcwhalen
|-damage|p1a: Duff Mcwhalen|75/100
|
|-weather|Sandstorm|[upkeep]
|-damage|p2a: Rotom|70/100|[from] Sandstorm
|-heal|p1a: Duff Mcwhalen|81/100|[from] item: Leftovers
|upkeep
|turn|6
|
|t:|1779557903
|move|p2a: Rotom|Will-O-Wisp|p1a: Duff Mcwhalen
|-status|p1a: Duff Mcwhalen|brn
|move|p1a: Duff Mcwhalen|Stealth Rock|p2a: Rotom
|-sidestart|p2: yoribori|move: Stealth Rock
|
|-weather|Sandstorm|[upkeep]
|-damage|p2a: Rotom|64/100|[from] Sandstorm
|-heal|p1a: Duff Mcwhalen|88/100 brn|[from] item: Leftovers
|-damage|p1a: Duff Mcwhalen|81/100 brn|[from] brn
|upkeep
|turn|7
|
|t:|1779557910
|move|p2a: Rotom|Hydro Pump|p1a: Duff Mcwhalen
|-damage|p1a: Duff Mcwhalen|54/100 brn
|move|p1a: Duff Mcwhalen|Flip Turn|p2a: Rotom
|-resisted|p2a: Rotom
|-damage|p2a: Rotom|59/100
|
|t:|1779557920
|switch|p1a: Wire Sponge|Sinistcha|100/100|[from] Flip Turn
|
|-weather|none
|upkeep
|turn|8
|
|t:|1779557931
|switch|p2a: Fezandipiti|Fezandipiti, M|100/100
|move|p1a: Wire Sponge|Shadow Ball|p2a: Fezandipiti
|-damage|p2a: Fezandipiti|78/100
|
|upkeep
|turn|9
|
|t:|1779557939
|switch|p1a: Redips|Klefki, F|100/100
|move|p2a: Fezandipiti|U-turn|p1a: Redips
|-resisted|p1a: Redips
|-damage|p1a: Redips|97/100
|-damage|p2a: Fezandipiti|61/100|[from] item: Rocky Helmet|[of] p1a: Redips
|
|t:|1779557945
|switch|p2a: Excadrill|Excadrill, F|100/100|[from] U-turn
|-damage|p2a: Excadrill|97/100|[from] Stealth Rock
|-item|p2a: Excadrill|Air Balloon
|
|upkeep
|turn|10
|
|t:|1779557950
|switch|p1a: Wire Sponge|Sinistcha|100/100
|move|p2a: Excadrill|Rapid Spin|p1a: Wire Sponge
|-immune|p1a: Wire Sponge
|
|upkeep
|turn|11
|
|t:|1779557954
|switch|p2a: Fezandipiti|Fezandipiti, M|61/100
|move|p1a: Wire Sponge|Shadow Ball|p2a: Fezandipiti
|-damage|p2a: Fezandipiti|42/100
|
|upkeep
|turn|12
|
|t:|1779557963
|switch|p1a: Redips|Klefki, F|97/100
|move|p2a: Fezandipiti|Roost|p2a: Fezandipiti
|-heal|p2a: Fezandipiti|92/100
|-singleturn|p2a: Fezandipiti|move: Roost
|
|upkeep
|turn|13
|
|t:|1779557967
|switch|p2a: Excadrill|Excadrill, F|97/100
|-damage|p2a: Excadrill|94/100|[from] Stealth Rock
|-item|p2a: Excadrill|Air Balloon
|move|p1a: Redips|Spikes|p2a: Excadrill
|-sidestart|p2: yoribori|Spikes
|
|upkeep
|turn|14
|l| Faye Asteria
|
|t:|1779557979
|switch|p1a: Wire Sponge|Sinistcha|100/100
|move|p2a: Excadrill|Earthquake|p1a: Wire Sponge
|-resisted|p1a: Wire Sponge
|-damage|p1a: Wire Sponge|79/100
|
|upkeep
|turn|15
|
|t:|1779557983
|switch|p2a: Fezandipiti|Fezandipiti, M|92/100
|move|p1a: Wire Sponge|Matcha Gotcha|p2a: Fezandipiti
|-resisted|p2a: Fezandipiti
|-damage|p2a: Fezandipiti|81/100
|-heal|p1a: Wire Sponge|85/100|[from] drain|[of] p2a: Fezandipiti
|-status|p2a: Fezandipiti|brn
|
|-damage|p2a: Fezandipiti|75/100 brn|[from] brn
|upkeep
|turn|16
|
|t:|1779557998
|switch|p1a: Redips|Klefki, F|97/100
|move|p2a: Fezandipiti|U-turn|p1a: Redips
|-resisted|p1a: Redips
|-damage|p1a: Redips|95/100
|-damage|p2a: Fezandipiti|59/100 brn|[from] item: Rocky Helmet|[of] p1a: Redips
|
|t:|1779558001
|switch|p2a: Blaziken|Blaziken, F|100/100|[from] U-turn
|-damage|p2a: Blaziken|88/100|[from] Stealth Rock
|-damage|p2a: Blaziken|76/100|[from] Spikes
|
|upkeep
|turn|17
|
|t:|1779558007
|move|p1a: Redips|Thunder Wave|p2a: Blaziken
|-status|p2a: Blaziken|par
|-enditem|p2a: Blaziken|Lum Berry|[eat]
|-curestatus|p2a: Blaziken|par|[msg]
|move|p2a: Blaziken|Flare Blitz|p1a: Redips
|-supereffective|p1a: Redips
|-damage|p1a: Redips|0 fnt
|-damage|p2a: Blaziken|59/100|[from] item: Rocky Helmet|[of] p1a: Redips
|faint|p1a: Redips
|-damage|p2a: Blaziken|26/100|[from] Recoil
|
|-ability|p2a: Blaziken|Speed Boost|boost
|-boost|p2a: Blaziken|spe|1
|upkeep
|inactive|Acastillo631 has 120 seconds left.
|
|t:|1779558041
|switch|p1a: Wind Crowrang|Corviknight, M|82/100
|turn|18
|
|t:|1779558045
|move|p2a: Blaziken|Flare Blitz|p1a: Wind Crowrang
|-supereffective|p1a: Wind Crowrang
|-damage|p1a: Wind Crowrang|0 fnt
|faint|p1a: Wind Crowrang
|-damage|p2a: Blaziken|0 fnt|[from] Recoil
|faint|p2a: Blaziken
|
|upkeep
|inactive|Acastillo631 has 120 seconds left.
|l| hattybatty304
|
|t:|1779558086
|switch|p2a: Hydrapple|Hydrapple, F|100/100
|switch|p1a: Eregion|Tyranitar, M|94/100 brn
|-weather|Sandstorm|[from] ability: Sand Stream|[of] p1a: Eregion
|-damage|p2a: Hydrapple|88/100|[from] Stealth Rock
|-damage|p2a: Hydrapple|75/100|[from] Spikes
|turn|19
|inactive|yoribori has 120 seconds left.
|j| Eternity o2
|inactive|yoribori has 90 seconds left.
|
|t:|1779558145
|switch|p2a: Rotom|Rotom-Wash|59/100
|-damage|p2a: Rotom|47/100|[from] Stealth Rock
|move|p1a: Eregion|Ice Beam|p2a: Rotom
|-resisted|p2a: Rotom
|-damage|p2a: Rotom|37/100
|
|-weather|Sandstorm|[upkeep]
|-damage|p2a: Rotom|31/100|[from] Sandstorm
|-heal|p1a: Eregion|100/100 brn|[from] item: Leftovers
|-damage|p1a: Eregion|94/100 brn|[from] brn
|upkeep
|turn|20
|
|t:|1779558153
|switch|p1a: Wire Sponge|Sinistcha|85/100
|move|p2a: Rotom|Pain Split|p1a: Wire Sponge
|-sethp|p1a: Wire Sponge|56/100|[from] move: Pain Split|[silent]
|-sethp|p2a: Rotom|63/100|[from] move: Pain Split
|
|-weather|Sandstorm|[upkeep]
|-damage|p2a: Rotom|57/100|[from] Sandstorm
|-damage|p1a: Wire Sponge|50/100|[from] Sandstorm
|upkeep
|turn|21
|
|t:|1779558159
|switch|p2a: Fezandipiti|Fezandipiti, M|59/100 brn
|move|p1a: Wire Sponge|Strength Sap|p2a: Fezandipiti
|-unboost|p2a: Fezandipiti|atk|1
|-heal|p1a: Wire Sponge|100/100
|
|-weather|Sandstorm|[upkeep]
|-damage|p2a: Fezandipiti|52/100 brn|[from] Sandstorm
|-damage|p1a: Wire Sponge|94/100|[from] Sandstorm
|-damage|p2a: Fezandipiti|46/100 brn|[from] brn
|upkeep
|turn|22
|
|t:|1779558164
|switch|p1a: Duff Mcwhalen|Swampert, F|54/100 brn
|move|p2a: Fezandipiti|Roost|p2a: Fezandipiti
|-heal|p2a: Fezandipiti|97/100 brn
|-singleturn|p2a: Fezandipiti|move: Roost
|
|-weather|Sandstorm|[upkeep]
|-damage|p2a: Fezandipiti|90/100 brn|[from] Sandstorm
|-heal|p1a: Duff Mcwhalen|60/100 brn|[from] item: Leftovers
|-damage|p2a: Fezandipiti|84/100 brn|[from] brn
|-damage|p1a: Duff Mcwhalen|54/100 brn|[from] brn
|upkeep
|turn|23
|
|t:|1779558171
|switch|p2a: Rotom|Rotom-Wash|57/100
|-damage|p2a: Rotom|45/100|[from] Stealth Rock
|move|p1a: Duff Mcwhalen|Flip Turn|p2a: Rotom
|-resisted|p2a: Rotom
|-damage|p2a: Rotom|40/100
|
|t:|1779558175
|switch|p1a: Wire Sponge|Sinistcha|94/100|[from] Flip Turn
|
|-weather|none
|upkeep
|turn|24
|inactive|Acastillo631 has 120 seconds left.
|inactive|yoribori has 120 seconds left.
|
|t:|1779558213
|switch|p2a: Hydrapple|Hydrapple, F|100/100
|-damage|p2a: Hydrapple|88/100|[from] Stealth Rock
|-damage|p2a: Hydrapple|75/100|[from] Spikes
|move|p1a: Wire Sponge|Shadow Ball|p2a: Hydrapple
|-damage|p2a: Hydrapple|42/100
|-unboost|p2a: Hydrapple|spd|1
|
|upkeep
|turn|25
|inactive|Acastillo631 has 120 seconds left.
|
|t:|1779558224
|switch|p2a: Fezandipiti|Fezandipiti, M|84/100 brn
|move|p1a: Wire Sponge|Shadow Ball|p2a: Fezandipiti
|-damage|p2a: Fezandipiti|64/100 brn
|
|-damage|p2a: Fezandipiti|58/100 brn|[from] brn
|upkeep
|turn|26
|
|t:|1779558232
|switch|p1a: Eregion|Tyranitar, M|94/100 brn
|-weather|Sandstorm|[from] ability: Sand Stream|[of] p1a: Eregion
|move|p2a: Fezandipiti|U-turn|p1a: Eregion
|-supereffective|p1a: Eregion
|-damage|p1a: Eregion|82/100 brn
|
|t:|1779558236
|switch|p2a: Excadrill|Excadrill, F|94/100|[from] U-turn
|-damage|p2a: Excadrill|91/100|[from] Stealth Rock
|-item|p2a: Excadrill|Air Balloon
|
|-weather|Sandstorm|[upkeep]
|-heal|p1a: Eregion|88/100 brn|[from] item: Leftovers
|-damage|p1a: Eregion|82/100 brn|[from] brn
|upkeep
|turn|27
|
|t:|1779558243
|switch|p1a: Wire Sponge|Sinistcha|94/100
|move|p2a: Excadrill|Swords Dance|p2a: Excadrill
|-boost|p2a: Excadrill|atk|2
|
|-weather|Sandstorm|[upkeep]
|-damage|p1a: Wire Sponge|88/100|[from] Sandstorm
|upkeep
|turn|28
|
|t:|1779558247
|move|p2a: Excadrill|Swords Dance|p2a: Excadrill
|-boost|p2a: Excadrill|atk|2
|move|p1a: Wire Sponge|Strength Sap|p2a: Excadrill
|-unboost|p2a: Excadrill|atk|1
|-heal|p1a: Wire Sponge|100/100
|
|-weather|Sandstorm|[upkeep]
|-damage|p1a: Wire Sponge|94/100|[from] Sandstorm
|upkeep
|turn|29
|
|t:|1779558252
|move|p2a: Excadrill|Rock Slide|p1a: Wire Sponge
|-damage|p1a: Wire Sponge|38/100
|move|p1a: Wire Sponge|Strength Sap|p2a: Excadrill
|-unboost|p2a: Excadrill|atk|1
|-heal|p1a: Wire Sponge|100/100
|
|-weather|Sandstorm|[upkeep]
|-damage|p1a: Wire Sponge|94/100|[from] Sandstorm
|upkeep
|turn|30
|
|t:|1779558264
|move|p2a: Excadrill|Swords Dance|p2a: Excadrill
|-boost|p2a: Excadrill|atk|2
|move|p1a: Wire Sponge|Matcha Gotcha|p2a: Excadrill
|-damage|p2a: Excadrill|46/100
|-heal|p1a: Wire Sponge|100/100|[from] drain|[of] p2a: Excadrill
|-enditem|p2a: Excadrill|Air Balloon
|
|-weather|none
|upkeep
|turn|31
|j| hattybatty304
|inactive|Acastillo631 has 120 seconds left.
|j| testingrainteam1
|inactive|Acastillo631 has 90 seconds left.
|
|t:|1779558333
|switch|p1a: Sage Harpuia|Iron Valiant|100/100
|-enditem|p1a: Sage Harpuia|Booster Energy
|-activate|p1a: Sage Harpuia|ability: Quark Drive|[fromitem]
|-start|p1a: Sage Harpuia|quarkdrivespe
|move|p2a: Excadrill|Swords Dance|p2a: Excadrill
|-boost|p2a: Excadrill|atk|2
|
|upkeep
|turn|32
|inactive|Acastillo631 has 90 seconds left.
|inactive|yoribori has 120 seconds left.
|
|t:|1779558377
|switch|p2a: Hydrapple|Hydrapple, F|75/100
|-damage|p2a: Hydrapple|63/100|[from] Stealth Rock
|-damage|p2a: Hydrapple|50/100|[from] Spikes
|move|p1a: Sage Harpuia|Encore||[still]
|-fail|p1a: Sage Harpuia
|
|upkeep
|turn|33
|inactive|Acastillo631 has 90 seconds left.
|
|t:|1779558406
|-terastallize|p2a: Hydrapple|Fairy
|move|p1a: Sage Harpuia|Moonblast|p2a: Hydrapple
|-damage|p2a: Hydrapple|2/100
|-unboost|p2a: Hydrapple|spa|1
|move|p2a: Hydrapple|Giga Drain|p1a: Sage Harpuia
|-damage|p1a: Sage Harpuia|17/100
|-heal|p2a: Hydrapple|31/100|[from] drain|[of] p1a: Sage Harpuia
|
|upkeep
|turn|34
|
|t:|1779558416
|switch|p2a: Tyranitar|Tyranitar, F|100/100
|-damage|p2a: Tyranitar|88/100|[from] Stealth Rock
|-damage|p2a: Tyranitar|76/100|[from] Spikes
|-weather|Sandstorm|[from] ability: Sand Stream|[of] p2a: Tyranitar
|move|p1a: Sage Harpuia|Moonblast|p2a: Tyranitar
|-supereffective|p2a: Tyranitar
|-damage|p2a: Tyranitar|35/100
|
|-weather|Sandstorm|[upkeep]
|-damage|p1a: Sage Harpuia|11/100|[from] Sandstorm
|-heal|p2a: Tyranitar|41/100|[from] item: Leftovers
|upkeep
|turn|35
|inactive|Acastillo631 has 90 seconds left.
|
|t:|1779558427
|move|p1a: Sage Harpuia|Moonblast|p2a: Tyranitar
|-supereffective|p2a: Tyranitar
|-damage|p2a: Tyranitar|1/100
|-unboost|p2a: Tyranitar|spa|1
|move|p2a: Tyranitar|Stealth Rock|p1a: Sage Harpuia
|-sidestart|p1: Acastillo631|move: Stealth Rock
|
|-weather|Sandstorm|[upkeep]
|-damage|p1a: Sage Harpuia|5/100|[from] Sandstorm
|-heal|p2a: Tyranitar|7/100|[from] item: Leftovers
|upkeep
|turn|36
|
|t:|1779558432
|move|p1a: Sage Harpuia|Moonblast|p2a: Tyranitar
|-supereffective|p2a: Tyranitar
|-damage|p2a: Tyranitar|0 fnt
|faint|p2a: Tyranitar
|
|-weather|Sandstorm|[upkeep]
|-damage|p1a: Sage Harpuia|0 fnt|[from] Sandstorm
|faint|p1a: Sage Harpuia
|-end|p1a: Sage Harpuia|Quark Drive|[silent]
|upkeep
|
|t:|1779558446
|switch|p1a: Wire Sponge|Sinistcha|100/100
|switch|p2a: Hydrapple|Hydrapple, F, tera:Fairy|64/100
|-damage|p2a: Hydrapple|52/100|[from] Stealth Rock
|-damage|p2a: Hydrapple|39/100|[from] Spikes
|turn|37
|
|t:|1779558458
|move|p1a: Wire Sponge|Calm Mind|p1a: Wire Sponge
|-boost|p1a: Wire Sponge|spa|1
|-boost|p1a: Wire Sponge|spd|1
|move|p2a: Hydrapple|Fickle Beam|p1a: Wire Sponge
|-damage|p1a: Wire Sponge|53/100
|
|-weather|Sandstorm|[upkeep]
|-damage|p1a: Wire Sponge|47/100|[from] Sandstorm
|-damage|p2a: Hydrapple|33/100|[from] Sandstorm
|upkeep
|turn|38
|inactive|yoribori has 120 seconds left.
|
|t:|1779558475
|switch|p2a: Fezandipiti|Fezandipiti, M|58/100 brn
|move|p1a: Wire Sponge|Strength Sap|p2a: Fezandipiti
|-unboost|p2a: Fezandipiti|atk|1
|-heal|p1a: Wire Sponge|100/100
|
|-weather|none
|-damage|p2a: Fezandipiti|52/100 brn|[from] brn
|upkeep
|turn|39
|
|t:|1779558494
|switch|p1a: Eregion|Tyranitar, M|82/100 brn
|-damage|p1a: Eregion|70/100 brn|[from] Stealth Rock
|-weather|Sandstorm|[from] ability: Sand Stream|[of] p1a: Eregion
|move|p2a: Fezandipiti|Roost|p2a: Fezandipiti
|-heal|p2a: Fezandipiti|100/100 brn
|-singleturn|p2a: Fezandipiti|move: Roost
|
|-weather|Sandstorm|[upkeep]
|-damage|p2a: Fezandipiti|94/100 brn|[from] Sandstorm
|-heal|p1a: Eregion|76/100 brn|[from] item: Leftovers
|-damage|p2a: Fezandipiti|88/100 brn|[from] brn
|-damage|p1a: Eregion|70/100 brn|[from] brn
|upkeep
|turn|40
|
|t:|1779558507
|switch|p2a: Rotom|Rotom-Wash|40/100
|-damage|p2a: Rotom|28/100|[from] Stealth Rock
|move|p1a: Eregion|Knock Off|p2a: Rotom
|-damage|p2a: Rotom|16/100
|
|-weather|Sandstorm|[upkeep]
|-damage|p2a: Rotom|10/100|[from] Sandstorm
|-heal|p1a: Eregion|76/100 brn|[from] item: Leftovers
|-damage|p1a: Eregion|70/100 brn|[from] brn
|upkeep
|turn|41
|
|t:|1779558519
|switch|p1a: Wire Sponge|Sinistcha|100/100
|move|p2a: Rotom|Pain Split|p1a: Wire Sponge
|-sethp|p1a: Wire Sponge|55/100|[from] move: Pain Split|[silent]
|-sethp|p2a: Rotom|62/100|[from] move: Pain Split
|
|-weather|Sandstorm|[upkeep]
|-damage|p2a: Rotom|56/100|[from] Sandstorm
|-damage|p1a: Wire Sponge|48/100|[from] Sandstorm
|upkeep
|turn|42
|inactive|yoribori has 120 seconds left.
|
|t:|1779558526
|move|p2a: Rotom|Will-O-Wisp|p1a: Wire Sponge|[miss]
|-miss|p2a: Rotom|p1a: Wire Sponge
|move|p1a: Wire Sponge|Calm Mind|p1a: Wire Sponge
|-boost|p1a: Wire Sponge|spa|1
|-boost|p1a: Wire Sponge|spd|1
|
|-weather|Sandstorm|[upkeep]
|-damage|p2a: Rotom|50/100|[from] Sandstorm
|-damage|p1a: Wire Sponge|42/100|[from] Sandstorm
|upkeep
|turn|43
|
|t:|1779558535
|move|p2a: Rotom|Volt Switch|p1a: Wire Sponge
|-resisted|p1a: Wire Sponge
|-damage|p1a: Wire Sponge|32/100
|
|t:|1779558537
|switch|p2a: Fezandipiti|Fezandipiti, M|88/100 brn|[from] Volt Switch
|move|p1a: Wire Sponge|Strength Sap|p2a: Fezandipiti
|-unboost|p2a: Fezandipiti|atk|1
|-heal|p1a: Wire Sponge|100/100
|
|-weather|none
|-damage|p2a: Fezandipiti|82/100 brn|[from] brn
|upkeep
|turn|44
|
|t:|1779558543
|move|p2a: Fezandipiti|Play Rough|p1a: Wire Sponge
|-damage|p1a: Wire Sponge|92/100
|move|p1a: Wire Sponge|Shadow Ball|p2a: Fezandipiti
|-damage|p2a: Fezandipiti|53/100 brn
|
|-damage|p2a: Fezandipiti|47/100 brn|[from] brn
|upkeep
|turn|45
|
|t:|1779558551
|move|p2a: Fezandipiti|Beat Up|p1a: Wire Sponge
|-supereffective|p1a: Wire Sponge
|-damage|p1a: Wire Sponge|90/100
|-supereffective|p1a: Wire Sponge
|-damage|p1a: Wire Sponge|88/100
|-supereffective|p1a: Wire Sponge
|-damage|p1a: Wire Sponge|85/100
|-supereffective|p1a: Wire Sponge
|-damage|p1a: Wire Sponge|84/100
|-hitcount|p1a: Wire Sponge|4
|move|p1a: Wire Sponge|Calm Mind|p1a: Wire Sponge
|-boost|p1a: Wire Sponge|spa|1
|-boost|p1a: Wire Sponge|spd|1
|
|-damage|p2a: Fezandipiti|41/100 brn|[from] brn
|upkeep
|turn|46
|
|t:|1779558558
|move|p2a: Fezandipiti|Beat Up|p1a: Wire Sponge
|-supereffective|p1a: Wire Sponge
|-damage|p1a: Wire Sponge|82/100
|-supereffective|p1a: Wire Sponge
|-damage|p1a: Wire Sponge|80/100
|-supereffective|p1a: Wire Sponge
|-damage|p1a: Wire Sponge|77/100
|-supereffective|p1a: Wire Sponge
|-damage|p1a: Wire Sponge|76/100
|-hitcount|p1a: Wire Sponge|4
|move|p1a: Wire Sponge|Shadow Ball|p2a: Fezandipiti
|-damage|p2a: Fezandipiti|0 fnt
|faint|p2a: Fezandipiti
|
|upkeep
|
|t:|1779558565
|switch|p2a: Excadrill|Excadrill, F|46/100
|-damage|p2a: Excadrill|43/100|[from] Stealth Rock
|-damage|p2a: Excadrill|31/100|[from] Spikes
|turn|47
|
|t:|1779558568
|move|p2a: Excadrill|Rock Slide|p1a: Wire Sponge|[miss]
|-miss|p2a: Excadrill|p1a: Wire Sponge
|move|p1a: Wire Sponge|Shadow Ball|p2a: Excadrill
|-damage|p2a: Excadrill|0 fnt
|faint|p2a: Excadrill
|
|upkeep
|-message|yoribori forfeited.
|
|win|Acastillo631
|raw|Acastillo631's rating: 1556 &rarr; <strong>1585</strong><br />(+29 for winning)
|raw|yoribori's rating: 1728 &rarr; <strong>1699</strong><br />(-29 for losing)
|l|☆yoribori
|player|p2|
|l|☆Acastillo631
|player|p1|
|l| hattybatty304
|l| testingrainteam1
