|j|☆Ratclaw
|j|☆goodnightnite
|t:|1779683403
|gametype|singles
|player|p1|Ratclaw|skyla|1558
|player|p2|goodnightnite|miku-water|1593
|gen|9
|tier|[Gen 9] OU
|rated|
|rule|HP Percentage Mod: HP is shown in percentages
|rule|Endless Battle Clause: Forcing endless battles is banned
|rule|Species Clause: Limit one of each Pokémon
|rule|OHKO Clause: OHKO moves are banned
|rule|Evasion Items Clause: Evasion items are banned
|rule|Evasion Moves Clause: Evasion moves are banned
|rule|Evasion Abilities Clause: Evasion abilities are banned
|rule|Sleep Moves Clause: Sleep-inducing moves are banned
|clearpoke
|poke|p1|Dragapult, M|
|poke|p1|Raging Bolt|
|poke|p1|Great Tusk|
|poke|p1|Hatterene, F|
|poke|p1|Moltres|
|poke|p1|Scizor, M|
|poke|p2|Ribombee, M|
|poke|p2|Lokix, M|
|poke|p2|Great Tusk|
|poke|p2|Raging Bolt|
|poke|p2|Gholdengo|
|poke|p2|Iron Moth|
|teampreview
|inactive|Battle timer is ON: inactive players will automatically lose when time's up. (requested by goodnightnite)
|
|t:|1779683419
|teamsize|p1|6
|teamsize|p2|6
|start
|switch|p1a: Scizor|Scizor, M|100/100
|switch|p2a: Ribombee|Ribombee, M, shiny|100/100
|turn|1
|
|t:|1779683425
|switch|p2a: Iron Moth|Iron Moth, shiny|100/100
|-enditem|p2a: Iron Moth|Booster Energy
|-activate|p2a: Iron Moth|ability: Quark Drive|[fromitem]
|-start|p2a: Iron Moth|quarkdrivespa
|move|p1a: Scizor|Bullet Punch|p2a: Iron Moth
|-resisted|p2a: Iron Moth
|-damage|p2a: Iron Moth|59/100
|
|upkeep
|turn|2
|
|t:|1779683436
|switch|p1a: Dragapult|Dragapult, M|100/100
|move|p2a: Iron Moth|Fiery Dance|p1a: Dragapult
|-resisted|p1a: Dragapult
|-damage|p1a: Dragapult|64/100
|
|upkeep
|turn|3
|j| fdsls
|
|t:|1779683442
|move|p1a: Dragapult|Shadow Ball|p2a: Iron Moth
|-damage|p2a: Iron Moth|23/100
|move|p2a: Iron Moth|Dazzling Gleam|p1a: Dragapult
|-supereffective|p1a: Dragapult
|-damage|p1a: Dragapult|0 fnt
|faint|p1a: Dragapult
|
|upkeep
|
|t:|1779683447
|switch|p1a: Scizor|Scizor, M|100/100
|turn|4
|
|t:|1779683454
|-end|p2a: Iron Moth|Quark Drive|[silent]
|switch|p2a: Raging Bolt|Raging Bolt|100/100
|-enditem|p2a: Raging Bolt|Booster Energy
|-activate|p2a: Raging Bolt|ability: Protosynthesis|[fromitem]
|-start|p2a: Raging Bolt|protosynthesisspa
|move|p1a: Scizor|Bullet Punch|p2a: Raging Bolt
|-resisted|p2a: Raging Bolt
|-damage|p2a: Raging Bolt|77/100
|
|upkeep
|turn|5
|
|t:|1779683458
|switch|p1a: Hatterene|Hatterene, F|100/100
|move|p2a: Raging Bolt|Calm Mind|p2a: Raging Bolt
|-boost|p2a: Raging Bolt|spa|1
|-boost|p2a: Raging Bolt|spd|1
|
|upkeep
|turn|6
|
|t:|1779683463
|move|p2a: Raging Bolt|Thunderbolt|p1a: Hatterene
|-damage|p1a: Hatterene|49/100
|move|p1a: Hatterene|Psyshock|p2a: Raging Bolt
|-damage|p2a: Raging Bolt|42/100
|
|upkeep
|turn|7
|j| testingrainteam1
|
|t:|1779683470
|move|p2a: Raging Bolt|Dragon Pulse|p1a: Hatterene
|-immune|p1a: Hatterene
|move|p1a: Hatterene|Psyshock|p2a: Raging Bolt
|-damage|p2a: Raging Bolt|5/100
|
|upkeep
|turn|8
|
|t:|1779683475
|switch|p1a: Great Tusk|Great Tusk|100/100
|move|p2a: Raging Bolt|Thunderbolt|p1a: Great Tusk
|-immune|p1a: Great Tusk
|
|upkeep
|turn|9
|
|t:|1779683479
|move|p1a: Great Tusk|Knock Off|p2a: Raging Bolt
|-damage|p2a: Raging Bolt|0 fnt
|faint|p2a: Raging Bolt
|-end|p2a: Raging Bolt|Protosynthesis|[silent]
|
|upkeep
|
|t:|1779683484
|switch|p2a: Ribombee|Ribombee, M, shiny|100/100
|turn|10
|
|t:|1779683490
|-end|p1a: Great Tusk|Protosynthesis|[silent]
|switch|p1a: Hatterene|Hatterene, F|49/100
|move|p2a: Ribombee|Moonblast|p1a: Hatterene
|-damage|p1a: Hatterene|31/100
|
|upkeep
|turn|11
|
|t:|1779683496
|move|p2a: Ribombee|Skill Swap|p1a: Hatterene
|-activate|p2a: Ribombee|Skill Swap|Magic Bounce|Shield Dust|[of] p1a: Hatterene
|move|p1a: Hatterene|Mystical Fire|p2a: Ribombee
|-supereffective|p2a: Ribombee
|-damage|p2a: Ribombee|26/100
|-unboost|p2a: Ribombee|spa|1
|
|upkeep
|turn|12
|
|t:|1779683503
|move|p2a: Ribombee|Sticky Web|p1a: Hatterene
|-sidestart|p1: Ratclaw|move: Sticky Web
|move|p1a: Hatterene|Nuzzle|p2a: Ribombee
|-damage|p2a: Ribombee|18/100
|-status|p2a: Ribombee|par
|
|upkeep
|turn|13
|
|t:|1779683507
|switch|p1a: Great Tusk|Great Tusk|100/100
|move|p2a: Ribombee|Stun Spore|p1a: Great Tusk
|-status|p1a: Great Tusk|par
|
|upkeep
|turn|14
|
|t:|1779683511
|switch|p2a: Gholdengo|Gholdengo, shiny|100/100
|-item|p2a: Gholdengo|Air Balloon
|move|p1a: Great Tusk|Knock Off|p2a: Gholdengo
|-supereffective|p2a: Gholdengo
|-damage|p2a: Gholdengo|18/100
|-enditem|p2a: Gholdengo|Air Balloon
|
|upkeep
|turn|15
|l| testingrainteam1
|
|t:|1779683524
|-end|p1a: Great Tusk|Protosynthesis|[silent]
|switch|p1a: Hatterene|Hatterene, F|31/100
|-activate|p1a: Hatterene|move: Sticky Web
|-unboost|p1a: Hatterene|spe|1
|move|p2a: Gholdengo|Dazzling Gleam|p1a: Hatterene
|-damage|p1a: Hatterene|16/100
|
|upkeep
|turn|16
|
|t:|1779683528
|move|p2a: Gholdengo|Shadow Ball|p1a: Hatterene
|-supereffective|p1a: Hatterene
|-damage|p1a: Hatterene|0 fnt
|faint|p1a: Hatterene
|
|upkeep
|
|t:|1779683529
|switch|p1a: Scizor|Scizor, M|100/100
|-activate|p1a: Scizor|move: Sticky Web
|-unboost|p1a: Scizor|spe|1
|turn|17
|
|t:|1779683537
|switch|p2a: Ribombee|Ribombee, M, shiny|18/100 par
|move|p1a: Scizor|Bullet Punch|p2a: Ribombee
|-supereffective|p2a: Ribombee
|-damage|p2a: Ribombee|0 fnt
|faint|p2a: Ribombee
|
|upkeep
|
|t:|1779683542
|switch|p2a: Great Tusk|Great Tusk, shiny|100/100
|-enditem|p2a: Great Tusk|Booster Energy
|-activate|p2a: Great Tusk|ability: Protosynthesis|[fromitem]
|-start|p2a: Great Tusk|protosynthesisatk
|turn|18
|
|t:|1779683553
|switch|p1a: Moltres|Moltres|100/100
|move|p2a: Great Tusk|Headlong Rush|p1a: Moltres
|-immune|p1a: Moltres
|
|upkeep
|turn|19
|
|t:|1779683560
|move|p2a: Great Tusk|Head Smash|p1a: Moltres|[miss]
|-miss|p2a: Great Tusk|p1a: Moltres
|move|p1a: Moltres|Air Slash|p2a: Great Tusk
|-supereffective|p2a: Great Tusk
|-damage|p2a: Great Tusk|12/100
|
|upkeep
|turn|20
|
|t:|1779683566
|move|p2a: Great Tusk|Head Smash|p1a: Moltres|[miss]
|-miss|p2a: Great Tusk|p1a: Moltres
|move|p1a: Moltres|Air Slash|p2a: Great Tusk
|-supereffective|p2a: Great Tusk
|-damage|p2a: Great Tusk|0 fnt
|faint|p2a: Great Tusk
|-end|p2a: Great Tusk|Protosynthesis|[silent]
|
|upkeep
|c|☆goodnightnite|okqy
|-message|goodnightnite forfeited.
|
|win|Ratclaw
|raw|Ratclaw's rating: 1558 &rarr; <strong>1580</strong><br />(+22 for winning)
|raw|goodnightnite's rating: 1593 &rarr; <strong>1571</strong><br />(-22 for losing)
|l|☆goodnightnite
|player|p2|
|l|☆Ratclaw
|player|p1|
