|j|☆Akinarie
|j|☆Regifunk12
|t:|1779642820
|gametype|singles
|player|p1|Akinarie|punkgirl-gen7|1308
|player|p2|Regifunk12|265|1342
|gen|9
|tier|[Gen 9] OU
|rated|
|rule|HP Percentage Mod: HP is shown in percentages
|rule|Endless Battle Clause: Forcing endless battles is banned
|rule|Species Clause: Limit one of each Pokémon
|rule|OHKO Clause: OHKO moves are banned
|rule|Evasion Items Clause: Evasion items are banned
|rule|Evasion Moves Clause: Evasion moves are banned
|rule|Evasion Abilities Clause: Evasion abilities are banned
|rule|Sleep Moves Clause: Sleep-inducing moves are banned
|clearpoke
|poke|p1|Lokix, M|
|poke|p1|Grimmsnarl, M|
|poke|p1|Dondozo, F|
|poke|p1|Gholdengo|
|poke|p1|Cramorant, F|
|poke|p1|Pikachu-World, M|
|poke|p2|Samurott-Hisui, M|
|poke|p2|Heatran, M|
|poke|p2|Great Tusk|
|poke|p2|Raging Bolt|
|poke|p2|Clefable, F|
|poke|p2|Ogerpon-Cornerstone, F|
|teampreview
|inactive|Battle timer is ON: inactive players will automatically lose when time's up. (requested by Akinarie)
|
|t:|1779642828
|teamsize|p1|6
|teamsize|p2|6
|start
|switch|p1a: Lokix|Lokix, M|100/100
|switch|p2a: Heatran|Heatran, M|100/100
|turn|1
|
|t:|1779642833
|move|p1a: Lokix|U-turn|p2a: Heatran
|-resisted|p2a: Heatran
|-damage|p2a: Heatran|80/100
|
|t:|1779642837
|switch|p1a: Cramorant|Cramorant, F|100/100|[from] U-turn
|move|p2a: Heatran|Lava Plume|p1a: Cramorant
|-resisted|p1a: Cramorant
|-damage|p1a: Cramorant|85/100
|-status|p1a: Cramorant|brn
|
|-heal|p2a: Heatran|87/100|[from] item: Leftovers
|-damage|p1a: Cramorant|79/100 brn|[from] brn
|upkeep
|turn|2
|
|t:|1779642850
|switch|p2a: Samurott|Samurott-Hisui, M|100/100
|move|p1a: Cramorant|Surf|p2a: Samurott
|-formechange|p1a: Cramorant|Cramorant-Gulping|
|-resisted|p2a: Samurott
|-damage|p2a: Samurott|82/100
|
|-damage|p1a: Cramorant|73/100 brn|[from] brn
|upkeep
|turn|3
|
|t:|1779642859
|move|p2a: Samurott|Ceaseless Edge|p1a: Cramorant
|-damage|p1a: Cramorant|0 fnt
|-damage|p2a: Samurott|57/100|[from] ability: Gulp Missile|[of] p1a: Cramorant
|-unboost|p2a: Samurott|def|1
|-formechange|p1a: Cramorant|Cramorant|
|-sidestart|p1: Akinarie|Spikes
|faint|p1a: Cramorant
|
|upkeep
|
|t:|1779642868
|switch|p1a: Lokix|Lokix, M|100/100
|-damage|p1a: Lokix|88/100|[from] Spikes
|turn|4
|
|t:|1779642871
|switch|p2a: Heatran|Heatran, M|87/100
|move|p1a: Lokix|U-turn|p2a: Heatran
|-resisted|p2a: Heatran
|-damage|p2a: Heatran|64/100
|
|t:|1779642874
|switch|p1a: Dondozo|Dondozo, F|100/100|[from] U-turn
|-damage|p1a: Dondozo|88/100|[from] Spikes
|
|-heal|p2a: Heatran|70/100|[from] item: Leftovers
|-heal|p1a: Dondozo|94/100|[from] item: Leftovers
|upkeep
|turn|5
|
|t:|1779642882
|move|p2a: Heatran|Stealth Rock|p1a: Dondozo
|-sidestart|p1: Akinarie|move: Stealth Rock
|move|p1a: Dondozo|Curse|p1a: Dondozo
|-unboost|p1a: Dondozo|spe|1
|-boost|p1a: Dondozo|atk|1
|-boost|p1a: Dondozo|def|1
|
|-heal|p2a: Heatran|76/100|[from] item: Leftovers
|-heal|p1a: Dondozo|99/100|[from] item: Leftovers
|upkeep
|turn|6
|
|t:|1779642885
|move|p2a: Heatran|Will-O-Wisp|p1a: Dondozo
|-status|p1a: Dondozo|brn
|move|p1a: Dondozo|Liquidation|p2a: Heatran
|-supereffective|p2a: Heatran
|-damage|p2a: Heatran|25/100
|
|-heal|p2a: Heatran|31/100|[from] item: Leftovers
|-heal|p1a: Dondozo|100/100 brn|[from] item: Leftovers
|-damage|p1a: Dondozo|94/100 brn|[from] brn
|upkeep
|turn|7
|
|t:|1779642898
|switch|p2a: Great Tusk|Great Tusk|100/100
|move|p1a: Dondozo|Liquidation|p2a: Great Tusk
|-supereffective|p2a: Great Tusk
|-damage|p2a: Great Tusk|66/100
|
|-heal|p2a: Great Tusk|72/100|[from] item: Leftovers
|-heal|p1a: Dondozo|100/100 brn|[from] item: Leftovers
|-damage|p1a: Dondozo|94/100 brn|[from] brn
|upkeep
|turn|8
|
|t:|1779642902
|move|p2a: Great Tusk|Knock Off|p1a: Dondozo
|-damage|p1a: Dondozo|83/100 brn
|-enditem|p1a: Dondozo|Leftovers|[from] move: Knock Off|[of] p2a: Great Tusk
|move|p1a: Dondozo|Curse|p1a: Dondozo
|-unboost|p1a: Dondozo|spe|1
|-boost|p1a: Dondozo|atk|1
|-boost|p1a: Dondozo|def|1
|
|-heal|p2a: Great Tusk|78/100|[from] item: Leftovers
|-damage|p1a: Dondozo|77/100 brn|[from] brn
|upkeep
|turn|9
|
|t:|1779642910
|-end|p2a: Great Tusk|Protosynthesis|[silent]
|switch|p2a: Ogerpon|Ogerpon-Cornerstone, F|100/100
|move|p1a: Dondozo|Rest|p1a: Dondozo
|-status|p1a: Dondozo|slp|[from] move: Rest
|-heal|p1a: Dondozo|100/100 slp|[silent]
|
|upkeep
|turn|10
|
|t:|1779642913
|move|p2a: Ogerpon|Encore|p1a: Dondozo
|-start|p1a: Dondozo|Encore
|cant|p1a: Dondozo|slp
|
|upkeep
|turn|11
|
|t:|1779642919
|move|p2a: Ogerpon|Horn Leech|p1a: Dondozo
|-supereffective|p1a: Dondozo
|-damage|p1a: Dondozo|75/100 slp
|cant|p1a: Dondozo|slp
|
|upkeep
|turn|12
|
|t:|1779642923
|move|p2a: Ogerpon|Horn Leech|p1a: Dondozo
|-supereffective|p1a: Dondozo
|-damage|p1a: Dondozo|50/100 slp
|-curestatus|p1a: Dondozo|slp|[msg]
|move|p1a: Dondozo|Rest|p1a: Dondozo
|-status|p1a: Dondozo|slp|[from] move: Rest
|-heal|p1a: Dondozo|100/100 slp|[silent]
|
|-end|p1a: Dondozo|Encore
|upkeep
|turn|13
|
|t:|1779642929
|move|p2a: Ogerpon|Encore|p1a: Dondozo
|-start|p1a: Dondozo|Encore
|cant|p1a: Dondozo|slp
|
|upkeep
|turn|14
|
|t:|1779642933
|switch|p1a: Lokix|Lokix, M|88/100
|-damage|p1a: Lokix|76/100|[from] Spikes
|-damage|p1a: Lokix|51/100|[from] Stealth Rock
|move|p2a: Ogerpon|Swords Dance|p2a: Ogerpon
|-boost|p2a: Ogerpon|atk|2
|
|upkeep
|turn|15
|
|t:|1779642939
|move|p1a: Lokix|First Impression|p2a: Ogerpon
|-supereffective|p2a: Ogerpon
|-ability|p2a: Ogerpon|Sturdy
|-damage|p2a: Ogerpon|1/100
|move|p2a: Ogerpon|Ivy Cudgel|p1a: Lokix|[anim] Ivy Cudgel Rock
|-supereffective|p1a: Lokix
|-damage|p1a: Lokix|0 fnt
|faint|p1a: Lokix
|
|upkeep
|
|t:|1779642944
|switch|p1a: Gholdengo|Gholdengo|100/100
|-damage|p1a: Gholdengo|88/100|[from] Spikes
|-damage|p1a: Gholdengo|82/100|[from] Stealth Rock
|turn|16
|
|t:|1779642962
|switch|p2a: Great Tusk|Great Tusk|78/100
|move|p1a: Gholdengo|Dazzling Gleam|p2a: Great Tusk
|-supereffective|p2a: Great Tusk
|-damage|p2a: Great Tusk|5/100
|
|-heal|p2a: Great Tusk|11/100|[from] item: Leftovers
|upkeep
|turn|17
|
|t:|1779642971
|move|p1a: Gholdengo|Dazzling Gleam|p2a: Great Tusk
|-supereffective|p2a: Great Tusk
|-damage|p2a: Great Tusk|0 fnt
|faint|p2a: Great Tusk
|-end|p2a: Great Tusk|Protosynthesis|[silent]
|
|upkeep
|
|t:|1779642977
|switch|p2a: Raging Bolt|Raging Bolt|100/100
|turn|18
|
|t:|1779642980
|switch|p1a: Pikachu|Pikachu-World, M|100/100
|-damage|p1a: Pikachu|88/100|[from] Spikes
|-damage|p1a: Pikachu|76/100|[from] Stealth Rock
|move|p2a: Raging Bolt|Volt Switch|p1a: Pikachu
|-ability|p1a: Pikachu|Lightning Rod|boost
|-boost|p1a: Pikachu|spa|1
|
|upkeep
|turn|19
|
|t:|1779642989
|-terastallize|p1a: Pikachu|Fairy
|move|p1a: Pikachu|Agility|p1a: Pikachu
|-boost|p1a: Pikachu|spe|2
|move|p2a: Raging Bolt|Draco Meteor|p1a: Pikachu
|-immune|p1a: Pikachu
|
|upkeep
|turn|20
|
|t:|1779642996
|-end|p2a: Raging Bolt|Protosynthesis|[silent]
|switch|p2a: Clefable|Clefable, F|100/100
|move|p1a: Pikachu|Nasty Plot|p1a: Pikachu
|-boost|p1a: Pikachu|spa|2
|
|upkeep
|turn|21
|
|t:|1779643000
|move|p1a: Pikachu|Thunderbolt|p2a: Clefable
|-damage|p2a: Clefable|0 fnt
|faint|p2a: Clefable
|
|upkeep
|
|t:|1779643007
|switch|p2a: Samurott|Samurott-Hisui, M|57/100
|turn|22
|
|t:|1779643009
|move|p2a: Samurott|Sucker Punch|p1a: Pikachu
|-resisted|p1a: Pikachu
|-damage|p1a: Pikachu|0 fnt
|faint|p1a: Pikachu
|
|upkeep
|
|t:|1779643014
|switch|p1a: Grimmsnarl|Grimmsnarl, M|100/100
|-damage|p1a: Grimmsnarl|88/100|[from] Spikes
|-damage|p1a: Grimmsnarl|76/100|[from] Stealth Rock
|turn|23
|
|t:|1779643021
|switch|p2a: Heatran|Heatran, M|31/100
|move|p1a: Grimmsnarl|Reflect|p1a: Grimmsnarl
|-sidestart|p1: Akinarie|Reflect
|
|-heal|p2a: Heatran|37/100|[from] item: Leftovers
|upkeep
|turn|24
|
|t:|1779643025
|move|p1a: Grimmsnarl|Light Screen|p1a: Grimmsnarl
|-sidestart|p1: Akinarie|move: Light Screen
|move|p2a: Heatran|Lava Plume|p1a: Grimmsnarl
|-damage|p1a: Grimmsnarl|60/100
|-status|p1a: Grimmsnarl|brn
|
|-heal|p2a: Heatran|43/100|[from] item: Leftovers
|-damage|p1a: Grimmsnarl|54/100 brn|[from] brn
|upkeep
|turn|25
|
|t:|1779643030
|move|p1a: Grimmsnarl|Parting Shot|p2a: Heatran
|-unboost|p2a: Heatran|atk|1
|-unboost|p2a: Heatran|spa|1
|
|t:|1779643032
|switch|p1a: Dondozo|Dondozo, F|100/100 slp|[from] Parting Shot
|-damage|p1a: Dondozo|88/100 slp|[from] Spikes
|-damage|p1a: Dondozo|75/100 slp|[from] Stealth Rock
|move|p2a: Heatran|Stealth Rock||[still]
|-fail|p2a: Heatran
|
|-heal|p2a: Heatran|49/100|[from] item: Leftovers
|upkeep
|turn|26
|
|t:|1779643037
|switch|p2a: Ogerpon|Ogerpon-Cornerstone, F|1/100
|cant|p1a: Dondozo|slp
|move|p1a: Dondozo|Sleep Talk|p1a: Dondozo
|move|p1a: Dondozo|Liquidation|p2a: Ogerpon|[from] move: Sleep Talk
|-damage|p2a: Ogerpon|0 fnt
|faint|p2a: Ogerpon
|
|upkeep
|
|t:|1779643041
|switch|p2a: Raging Bolt|Raging Bolt|100/100
|turn|27
|
|t:|1779643053
|move|p2a: Raging Bolt|Draco Meteor|p1a: Dondozo
|-damage|p1a: Dondozo|39/100 slp
|-unboost|p2a: Raging Bolt|spa|2
|-curestatus|p1a: Dondozo|slp|[msg]
|move|p1a: Dondozo|Sleep Talk||[still]
|-fail|p1a: Dondozo
|
|upkeep
|turn|28
|
|t:|1779643058
|move|p2a: Raging Bolt|Volt Switch|p1a: Dondozo
|-supereffective|p1a: Dondozo
|-damage|p1a: Dondozo|0 fnt
|faint|p1a: Dondozo
|
|t:|1779643063
|-end|p2a: Raging Bolt|Protosynthesis|[silent]
|switch|p2a: Heatran|Heatran, M|49/100|[from] Volt Switch
|
|-heal|p2a: Heatran|56/100|[from] item: Leftovers
|upkeep
|
|t:|1779643069
|switch|p1a: Grimmsnarl|Grimmsnarl, M|54/100 brn
|-damage|p1a: Grimmsnarl|41/100 brn|[from] Spikes
|-damage|p1a: Grimmsnarl|29/100 brn|[from] Stealth Rock
|turn|29
|
|t:|1779643075
|move|p1a: Grimmsnarl|Parting Shot|p2a: Heatran
|-unboost|p2a: Heatran|atk|1
|-unboost|p2a: Heatran|spa|1
|
|t:|1779643077
|switch|p1a: Gholdengo|Gholdengo|82/100|[from] Parting Shot
|-damage|p1a: Gholdengo|70/100|[from] Spikes
|-damage|p1a: Gholdengo|64/100|[from] Stealth Rock
|move|p2a: Heatran|Lava Plume|p1a: Gholdengo
|-supereffective|p1a: Gholdengo
|-crit|p1a: Gholdengo
|-damage|p1a: Gholdengo|0 fnt
|faint|p1a: Gholdengo
|
|-heal|p2a: Heatran|62/100|[from] item: Leftovers
|upkeep
|
|t:|1779643079
|switch|p1a: Grimmsnarl|Grimmsnarl, M|29/100 brn
|-damage|p1a: Grimmsnarl|16/100 brn|[from] Spikes
|-damage|p1a: Grimmsnarl|4/100 brn|[from] Stealth Rock
|turn|30
|-message|Akinarie forfeited.
|
|win|Regifunk12
|raw|Akinarie's rating: 1308 &rarr; <strong>1290</strong><br />(-18 for losing)
|raw|Regifunk12's rating: 1342 &rarr; <strong>1360</strong><br />(+18 for winning)
|l|☆Akinarie
|player|p1|
|l|☆Regifunk12
|player|p2|
