|j|☆ticktackplayz
|j|☆yttoshirib
|t:|1779559673
|gametype|singles
|player|p1|ticktackplayz|hexmaniac-gen6|
|player|p2|yttoshirib|picnicker|
|gen|9
|tier|[Gen 9] OU
|rule|HP Percentage Mod: HP is shown in percentages
|rule|Endless Battle Clause: Forcing endless battles is banned
|rule|Species Clause: Limit one of each Pokémon
|rule|OHKO Clause: OHKO moves are banned
|rule|Evasion Items Clause: Evasion items are banned
|rule|Evasion Moves Clause: Evasion moves are banned
|rule|Evasion Abilities Clause: Evasion abilities are banned
|rule|Sleep Moves Clause: Sleep-inducing moves are banned
|clearpoke
|poke|p1|Pecharunt|
|poke|p1|Hoopa-Unbound|
|poke|p1|Great Tusk|
|poke|p1|Dragonite, F|
|poke|p1|Deoxys-Speed|
|poke|p1|Kingambit, F|
|poke|p2|Cinderace, M|
|poke|p2|Dondozo, F|
|poke|p2|Iron Treads|
|poke|p2|Ogerpon-Wellspring, F|
|poke|p2|Necrozma|
|poke|p2|Gliscor, F|
|teampreview
|inactive|Battle timer is ON: inactive players will automatically lose when time's up. (requested by yttoshirib)
|c|☆yttoshirib|glhf
|c|☆ticktackplayz|glhf
|inactive|ticktackplayz has 270 seconds left.
|inactive|yttoshirib has 270 seconds left.
|j| Kyoto Drifting
|inactive|ticktackplayz has 240 seconds left.
|inactive|yttoshirib has 240 seconds left.
|
|t:|1779559759
|teamsize|p1|6
|teamsize|p2|6
|start
|switch|p1a: Pecharunt|Pecharunt|100/100
|switch|p2a: Cinderace|Cinderace, M|100/100
|turn|1
|
|t:|1779559770
|switch|p1a: Great Tusk|Great Tusk, shiny|100/100
|move|p2a: Cinderace|U-turn|p1a: Great Tusk
|-resisted|p1a: Great Tusk
|-damage|p1a: Great Tusk|95/100
|-damage|p2a: Cinderace|84/100|[from] item: Rocky Helmet|[of] p1a: Great Tusk
|
|t:|1779559787
|switch|p2a: Ogerpon|Ogerpon-Wellspring, F|100/100|[from] U-turn
|
|upkeep
|turn|2
|
|t:|1779559792
|-end|p1a: Great Tusk|Protosynthesis|[silent]
|switch|p1a: Pecharunt|Pecharunt|100/100
|move|p2a: Ogerpon|Knock Off|p1a: Pecharunt
|-supereffective|p1a: Pecharunt
|-damage|p1a: Pecharunt|52/100
|-enditem|p1a: Pecharunt|Heavy-Duty Boots|[from] move: Knock Off|[of] p2a: Ogerpon
|
|upkeep
|turn|3
|l| Kyoto Drifting
|inactive|yttoshirib has 270 seconds left.
|
|t:|1779559836
|move|p2a: Ogerpon|Ivy Cudgel|p1a: Pecharunt|[anim] Ivy Cudgel Water
|-damage|p1a: Pecharunt|18/100
|move|p1a: Pecharunt|Recover|p1a: Pecharunt
|-heal|p1a: Pecharunt|68/100
|
|upkeep
|turn|4
|
|t:|1779559842
|switch|p2a: Gliscor|Gliscor, F|100/100
|move|p1a: Pecharunt|Recover|p1a: Pecharunt
|-heal|p1a: Pecharunt|100/100
|
|-status|p2a: Gliscor|tox|[from] item: Toxic Orb
|upkeep
|turn|5
|inactive|yttoshirib has 270 seconds left.
|
|t:|1779559854
|switch|p1a: Great Tusk|Great Tusk, shiny|95/100
|move|p2a: Gliscor|Toxic|p1a: Great Tusk
|-status|p1a: Great Tusk|tox
|
|-damage|p1a: Great Tusk|89/100 tox|[from] psn
|upkeep
|turn|6
|inactive|yttoshirib has 270 seconds left.
|
|t:|1779559862
|move|p2a: Gliscor|Protect|p2a: Gliscor
|-singleturn|p2a: Gliscor|Protect
|move|p1a: Great Tusk|Stealth Rock|p2a: Gliscor
|-sidestart|p2: yttoshirib|move: Stealth Rock
|
|-damage|p1a: Great Tusk|76/100 tox|[from] psn
|upkeep
|turn|7
|inactive|yttoshirib has 270 seconds left.
|inactive|yttoshirib has 240 seconds left.
|inactive|ticktackplayz has 270 seconds left.
|
|t:|1779559919
|switch|p2a: Dondozo|Dondozo, F|100/100
|-damage|p2a: Dondozo|88/100|[from] Stealth Rock
|move|p1a: Great Tusk|Ice Spinner|p2a: Dondozo
|-resisted|p2a: Dondozo
|-crit|p2a: Dondozo
|-damage|p2a: Dondozo|80/100
|
|-heal|p2a: Dondozo|86/100|[from] item: Leftovers
|-damage|p1a: Great Tusk|58/100 tox|[from] psn
|upkeep
|turn|8
|inactive|yttoshirib has 240 seconds left.
|inactive|ticktackplayz has 270 seconds left.
|
|t:|1779559946
|-end|p1a: Great Tusk|Protosynthesis|[silent]
|switch|p1a: Hoopa|Hoopa-Unbound|100/100
|switch|p2a: Gliscor|Gliscor, F|100/100 tox
|-damage|p2a: Gliscor|88/100 tox|[from] Stealth Rock
|
|-heal|p2a: Gliscor|100/100 tox|[from] ability: Poison Heal
|upkeep
|turn|9
|inactive|ticktackplayz has 270 seconds left.
|inactive|yttoshirib has 210 seconds left.
|inactive|ticktackplayz has 240 seconds left.
|
|t:|1779559988
|switch|p1a: Pecharunt|Pecharunt|100/100
|move|p2a: Gliscor|Toxic|p1a: Pecharunt
|-immune|p1a: Pecharunt
|
|upkeep
|turn|10
|inactive|ticktackplayz has 240 seconds left.
|inactive|yttoshirib has 210 seconds left.
|
|t:|1779560001
|move|p1a: Pecharunt|Nasty Plot|p1a: Pecharunt
|-boost|p1a: Pecharunt|spa|2
|move|p2a: Gliscor|Earthquake|p1a: Pecharunt
|-supereffective|p1a: Pecharunt
|-damage|p1a: Pecharunt|64/100
|
|upkeep
|turn|11
|inactive|yttoshirib has 210 seconds left.
|
|t:|1779560016
|switch|p2a: Iron Treads|Iron Treads|100/100
|-damage|p2a: Iron Treads|97/100|[from] Stealth Rock
|move|p1a: Pecharunt|Shadow Ball|p2a: Iron Treads
|-damage|p2a: Iron Treads|32/100
|
|-heal|p2a: Iron Treads|38/100|[from] item: Leftovers
|upkeep
|turn|12
|inactive|ticktackplayz has 240 seconds left.
|
|t:|1779560032
|move|p2a: Iron Treads|Earthquake|p1a: Pecharunt
|-supereffective|p1a: Pecharunt
|-damage|p1a: Pecharunt|10/100
|move|p1a: Pecharunt|Shadow Ball|p2a: Iron Treads
|-damage|p2a: Iron Treads|0 fnt
|faint|p2a: Iron Treads
|-end|p2a: Iron Treads|Quark Drive|[silent]
|
|upkeep
|
|t:|1779560039
|switch|p2a: Ogerpon|Ogerpon-Wellspring, F|100/100
|-damage|p2a: Ogerpon|88/100|[from] Stealth Rock
|turn|13
|
|t:|1779560046
|switch|p1a: Great Tusk|Great Tusk, shiny|58/100 tox
|move|p2a: Ogerpon|Knock Off|p1a: Great Tusk
|-resisted|p1a: Great Tusk
|-damage|p1a: Great Tusk|45/100 tox
|-damage|p2a: Ogerpon|72/100|[from] item: Rocky Helmet|[of] p1a: Great Tusk
|-enditem|p1a: Great Tusk|Rocky Helmet|[from] move: Knock Off|[of] p2a: Ogerpon
|
|-damage|p1a: Great Tusk|39/100 tox|[from] psn
|upkeep
|turn|14
|
|t:|1779560061
|move|p2a: Ogerpon|Ivy Cudgel|p1a: Great Tusk|[anim] Ivy Cudgel Water
|-supereffective|p1a: Great Tusk
|-damage|p1a: Great Tusk|0 fnt
|faint|p1a: Great Tusk
|-end|p1a: Great Tusk|Protosynthesis|[silent]
|
|upkeep
|
|t:|1779560065
|switch|p1a: Dragonite|Dragonite, F, shiny|100/100
|turn|15
|inactive|yttoshirib has 240 seconds left.
|
|t:|1779560083
|switch|p2a: Dondozo|Dondozo, F|86/100
|-damage|p2a: Dondozo|73/100|[from] Stealth Rock
|move|p1a: Dragonite|Dragon Dance|p1a: Dragonite
|-boost|p1a: Dragonite|atk|1
|-boost|p1a: Dragonite|spe|1
|
|-heal|p2a: Dondozo|79/100|[from] item: Leftovers
|upkeep
|turn|16
|
|t:|1779560089
|move|p1a: Dragonite|Scale Shot|p2a: Dondozo
|-damage|p2a: Dondozo|72/100
|-crit|p2a: Dondozo
|-damage|p2a: Dondozo|63/100
|-damage|p2a: Dondozo|56/100
|-damage|p2a: Dondozo|49/100
|-hitcount|p2a: Dondozo|4
|-unboost|p1a: Dragonite|def|1
|-boost|p1a: Dragonite|spe|1
|move|p2a: Dondozo|Liquidation|p1a: Dragonite
|-resisted|p1a: Dragonite
|-damage|p1a: Dragonite|93/100
|-unboost|p1a: Dragonite|def|1
|
|-heal|p2a: Dondozo|55/100|[from] item: Leftovers
|upkeep
|turn|17
|inactive|yttoshirib has 240 seconds left.
|
|t:|1779560101
|move|p1a: Dragonite|Encore|p2a: Dondozo
|-start|p2a: Dondozo|Encore
|move|p2a: Dondozo|Liquidation|p1a: Dragonite
|-resisted|p1a: Dragonite
|-damage|p1a: Dragonite|78/100
|
|-heal|p2a: Dondozo|62/100|[from] item: Leftovers
|upkeep
|turn|18
|inactive|yttoshirib has 240 seconds left.
|
|t:|1779560119
|move|p1a: Dragonite|Scale Shot|p2a: Dondozo
|-damage|p2a: Dondozo|55/100
|-damage|p2a: Dondozo|48/100
|-damage|p2a: Dondozo|41/100
|-damage|p2a: Dondozo|35/100
|-hitcount|p2a: Dondozo|4
|-unboost|p1a: Dragonite|def|1
|-boost|p1a: Dragonite|spe|1
|move|p2a: Dondozo|Liquidation|p1a: Dragonite
|-resisted|p1a: Dragonite
|-damage|p1a: Dragonite|61/100
|-unboost|p1a: Dragonite|def|1
|
|-heal|p2a: Dondozo|41/100|[from] item: Leftovers
|upkeep
|turn|19
|inactive|yttoshirib has 240 seconds left.
|
|t:|1779560133
|switch|p2a: Gliscor|Gliscor, F|100/100 tox
|-damage|p2a: Gliscor|88/100 tox|[from] Stealth Rock
|move|p1a: Dragonite|Scale Shot|p2a: Gliscor
|-damage|p2a: Gliscor|72/100 tox
|-damage|p2a: Gliscor|54/100 tox
|-damage|p2a: Gliscor|37/100 tox
|-damage|p2a: Gliscor|19/100 tox
|-hitcount|p2a: Gliscor|4
|-unboost|p1a: Dragonite|def|1
|-boost|p1a: Dragonite|spe|1
|
|-heal|p2a: Gliscor|31/100 tox|[from] ability: Poison Heal
|upkeep
|turn|20
|
|t:|1779560143
|move|p2a: Gliscor|Protect|p2a: Gliscor
|-singleturn|p2a: Gliscor|Protect
|move|p1a: Dragonite|Fire Punch|p2a: Gliscor
|-activate|p2a: Gliscor|move: Protect
|
|-heal|p2a: Gliscor|44/100 tox|[from] ability: Poison Heal
|upkeep
|turn|21
|inactive|yttoshirib has 240 seconds left.
|
|t:|1779560161
|move|p1a: Dragonite|Scale Shot|p2a: Gliscor
|-damage|p2a: Gliscor|25/100 tox
|-damage|p2a: Gliscor|9/100 tox
|-damage|p2a: Gliscor|0 fnt
|faint|p2a: Gliscor
|-hitcount|p2: Gliscor|3
|-unboost|p1a: Dragonite|def|1
|-boost|p1a: Dragonite|spe|1
|
|upkeep
|inactive|yttoshirib has 240 seconds left.
|
|t:|1779560178
|switch|p2a: Necrozma|Necrozma|100/100
|-damage|p2a: Necrozma|88/100|[from] Stealth Rock
|turn|22
|
|t:|1779560181
|move|p1a: Dragonite|Scale Shot|p2a: Necrozma
|-damage|p2a: Necrozma|75/100
|-damage|p2a: Necrozma|61/100
|-damage|p2a: Necrozma|46/100
|-damage|p2a: Necrozma|32/100
|-damage|p2a: Necrozma|18/100
|-hitcount|p2a: Necrozma|5
|-boost|p1a: Dragonite|spe|1
|move|p2a: Necrozma|Photon Geyser|p1a: Dragonite
|-damage|p1a: Dragonite|12/100
|
|-heal|p2a: Necrozma|24/100|[from] item: Leftovers
|upkeep
|turn|23
|inactive|yttoshirib has 240 seconds left.
|
|t:|1779560192
|move|p1a: Dragonite|Fire Punch|p2a: Necrozma
|-damage|p2a: Necrozma|0 fnt
|faint|p2a: Necrozma
|
|upkeep
|
|t:|1779560194
|switch|p2a: Dondozo|Dondozo, F|41/100
|-damage|p2a: Dondozo|28/100|[from] Stealth Rock
|turn|24
|
|t:|1779560197
|move|p1a: Dragonite|Scale Shot|p2a: Dondozo
|-damage|p2a: Dondozo|22/100
|-damage|p2a: Dondozo|15/100
|-damage|p2a: Dondozo|8/100
|-damage|p2a: Dondozo|1/100
|-hitcount|p2a: Dondozo|4
|move|p2a: Dondozo|Liquidation|p1a: Dragonite
|-resisted|p1a: Dragonite
|-damage|p1a: Dragonite|0 fnt
|faint|p1a: Dragonite
|
|-heal|p2a: Dondozo|8/100|[from] item: Leftovers
|upkeep
|
|t:|1779560206
|switch|p1a: Deoxys|Deoxys-Speed, shiny|100/100
|-ability|p1a: Deoxys|Pressure
|turn|25
|
|t:|1779560216
|move|p1a: Deoxys|Ice Beam|p2a: Dondozo
|-resisted|p2a: Dondozo
|-damage|p2a: Dondozo|0 fnt
|faint|p2a: Dondozo
|
|upkeep
|
|t:|1779560221
|switch|p2a: Ogerpon|Ogerpon-Wellspring, F|72/100
|-damage|p2a: Ogerpon|59/100|[from] Stealth Rock
|turn|26
|inactive|yttoshirib has 270 seconds left.
|
|t:|1779560230
|-terastallize|p1a: Deoxys|Electric
|-terastallize|p2a: Ogerpon|Water
|detailschange|p2a: Ogerpon|Ogerpon-Wellspring-Tera, F, tera:Water
|-ability|p2a: Ogerpon|Embody Aspect (Wellspring)|boost
|-boost|p2a: Ogerpon|spd|1
|move|p1a: Deoxys|Thunderbolt|p2a: Ogerpon
|-supereffective|p2a: Ogerpon
|-damage|p2a: Ogerpon|0 fnt
|faint|p2a: Ogerpon
|detailschange|p2: Ogerpon|Ogerpon-Wellspring, F|[silent]
|
|upkeep
|inactive|yttoshirib has 270 seconds left.
|c|☆yttoshirib|gg
|
|t:|1779560239
|switch|p2a: Cinderace|Cinderace, M|84/100
|turn|27
|
|t:|1779560243
|move|p1a: Deoxys|Thunderbolt|p2a: Cinderace
|-damage|p2a: Cinderace|39/100
|move|p2a: Cinderace|Pyro Ball|p1a: Deoxys
|-damage|p1a: Deoxys|30/100
|
|upkeep
|turn|28
|c|☆ticktackplayz|gg
|
|t:|1779560249
|move|p1a: Deoxys|Thunderbolt|p2a: Cinderace
|-damage|p2a: Cinderace|0 fnt
|faint|p2a: Cinderace
|
|win|ticktackplayz
