|j|☆carborox360
|j|☆jarrah1z
|t:|1779667721
|gametype|singles
|player|p1|carborox360|cyrus|1262
|player|p2|jarrah1z|102|1265
|gen|9
|tier|[Gen 9] OU
|rated|
|rule|HP Percentage Mod: HP is shown in percentages
|rule|Endless Battle Clause: Forcing endless battles is banned
|rule|Species Clause: Limit one of each Pokémon
|rule|OHKO Clause: OHKO moves are banned
|rule|Evasion Items Clause: Evasion items are banned
|rule|Evasion Moves Clause: Evasion moves are banned
|rule|Evasion Abilities Clause: Evasion abilities are banned
|rule|Sleep Moves Clause: Sleep-inducing moves are banned
|clearpoke
|poke|p1|Slowking-Galar, M|
|poke|p1|Dragapult, F|
|poke|p1|Kingambit, M|
|poke|p1|Great Tusk|
|poke|p1|Corviknight, M|
|poke|p1|Samurott-Hisui, F|
|poke|p2|Cinderace, F|
|poke|p2|Dragapult, F|
|poke|p2|Ogerpon-Wellspring, F|
|poke|p2|Darkrai|
|poke|p2|Garchomp, M|
|poke|p2|Decidueye, M|
|teampreview
|
|t:|1779667747
|teamsize|p1|6
|teamsize|p2|6
|start
|switch|p1a: Dragapult|Dragapult, F|100/100
|switch|p2a: Garchomp|Garchomp, M|100/100
|turn|1
|
|t:|1779667759
|switch|p1a: Corviknight|Corviknight, M|100/100
|-ability|p1a: Corviknight|Pressure
|switch|p2a: Darkrai|Darkrai|100/100
|
|upkeep
|turn|2
|
|t:|1779667776
|move|p2a: Darkrai|Thunder Wave|p1a: Corviknight
|-status|p1a: Corviknight|par
|cant|p1a: Corviknight|par
|
|upkeep
|turn|3
|
|t:|1779667792
|move|p2a: Darkrai|Hex|p1a: Corviknight
|-crit|p1a: Corviknight
|-damage|p1a: Corviknight|44/100 par
|cant|p1a: Corviknight|par
|
|upkeep
|turn|4
|
|t:|1779667799
|switch|p1a: Samurott|Samurott-Hisui, F|100/100
|move|p2a: Darkrai|Hex|p1a: Samurott
|-resisted|p1a: Samurott
|-damage|p1a: Samurott|85/100
|
|upkeep
|turn|5
|
|t:|1779667815
|move|p1a: Samurott|Sacred Sword|p2a: Darkrai
|-supereffective|p2a: Darkrai
|-damage|p2a: Darkrai|6/100
|move|p2a: Darkrai|Will-O-Wisp|p1a: Samurott
|-status|p1a: Samurott|brn
|
|-damage|p1a: Samurott|78/100 brn|[from] brn
|upkeep
|turn|6
|
|t:|1779667831
|switch|p1a: Kingambit|Kingambit, M|100/100
|switch|p2a: Garchomp|Garchomp, M|100/100
|
|upkeep
|turn|7
|
|t:|1779667841
|-end|p1a: Kingambit|fallenundefined|[silent]
|switch|p1a: Corviknight|Corviknight, M|44/100 par
|-ability|p1a: Corviknight|Pressure
|move|p2a: Garchomp|Stealth Rock|p1a: Corviknight
|-sidestart|p1: carborox360|move: Stealth Rock
|
|upkeep
|turn|8
|
|t:|1779667854
|switch|p2a: Cinderace|Cinderace, F|100/100
|move|p1a: Corviknight|Roost|p1a: Corviknight
|-heal|p1a: Corviknight|94/100 par
|-singleturn|p1a: Corviknight|move: Roost
|
|upkeep
|turn|9
|
|t:|1779667863
|switch|p1a: Samurott|Samurott-Hisui, F|78/100 brn
|-damage|p1a: Samurott|66/100 brn|[from] Stealth Rock
|move|p2a: Cinderace|Pyro Ball|p1a: Samurott
|-resisted|p1a: Samurott
|-damage|p1a: Samurott|6/100 brn
|
|-damage|p1a: Samurott|0 fnt|[from] brn
|faint|p1a: Samurott
|upkeep
|
|t:|1779667873
|switch|p1a: Great Tusk|Great Tusk|100/100
|turn|10
|
|t:|1779667878
|switch|p2a: Garchomp|Garchomp, M|100/100
|move|p1a: Great Tusk|Stealth Rock|p2a: Garchomp
|-sidestart|p2: jarrah1z|move: Stealth Rock
|
|upkeep
|turn|11
|
|t:|1779667884
|move|p1a: Great Tusk|Ice Spinner|p2a: Garchomp
|-supereffective|p2a: Garchomp
|-damage|p2a: Garchomp|27/100
|-damage|p1a: Great Tusk|88/100|[from] ability: Rough Skin|[of] p2a: Garchomp
|-damage|p1a: Great Tusk|72/100|[from] item: Rocky Helmet|[of] p2a: Garchomp
|move|p2a: Garchomp|Dragon Tail|p1a: Great Tusk
|-damage|p1a: Great Tusk|52/100
|-end|p1a: Great Tusk|Protosynthesis|[silent]
|drag|p1a: Corviknight|Corviknight, M|94/100 par
|-damage|p1a: Corviknight|82/100 par|[from] Stealth Rock
|-ability|p1a: Corviknight|Pressure
|
|upkeep
|turn|12
|
|t:|1779667902
|switch|p2a: Decidueye|Decidueye, M|100/100
|move|p1a: Corviknight|Brave Bird|p2a: Decidueye
|-supereffective|p2a: Decidueye
|-damage|p2a: Decidueye|10/100
|-damage|p1a: Corviknight|55/100 par|[from] Recoil
|
|upkeep
|turn|13
|
|t:|1779667926
|move|p2a: Decidueye|Defog|p1a: Corviknight
|-unboost|p1a: Corviknight|evasion|1
|-sideend|p1: carborox360|Stealth Rock|[from] move: Defog|[of] p2a: Decidueye
|-sideend|p2: jarrah1z|Stealth Rock|[from] move: Defog|[of] p2a: Decidueye
|cant|p1a: Corviknight|par
|
|upkeep
|turn|14
|
|t:|1779667932
|switch|p2a: Garchomp|Garchomp, M|27/100
|move|p1a: Corviknight|Roost|p1a: Corviknight
|-heal|p1a: Corviknight|100/100 par
|-singleturn|p1a: Corviknight|move: Roost
|
|upkeep
|turn|15
|
|t:|1779667940
|move|p2a: Garchomp|Spikes|p1a: Corviknight
|-sidestart|p1: carborox360|Spikes
|cant|p1a: Corviknight|par
|
|upkeep
|turn|16
|
|t:|1779667950
|switch|p2a: Cinderace|Cinderace, F|100/100
|cant|p1a: Corviknight|par
|
|upkeep
|turn|17
|c|☆carborox360|broooo
|
|t:|1779667967
|switch|p1a: Dragapult|Dragapult, F|100/100
|-damage|p1a: Dragapult|88/100|[from] Spikes
|move|p2a: Cinderace|Pyro Ball|p1a: Dragapult
|-resisted|p1a: Dragapult
|-damage|p1a: Dragapult|24/100
|
|upkeep
|turn|18
|
|t:|1779667981
|switch|p2a: Darkrai|Darkrai|6/100
|move|p1a: Dragapult|Draco Meteor|p2a: Darkrai
|-damage|p2a: Darkrai|0 fnt
|-unboost|p1a: Dragapult|spa|2
|faint|p2a: Darkrai
|
|upkeep
|
|t:|1779667986
|switch|p2a: Decidueye|Decidueye, M|10/100
|turn|19
|
|t:|1779667996
|switch|p1a: Kingambit|Kingambit, M|100/100
|-damage|p1a: Kingambit|88/100|[from] Spikes
|-activate|p1a: Kingambit|ability: Supreme Overlord
|-start|p1a: Kingambit|fallen1|[silent]
|move|p2a: Decidueye|Shadow Sneak|p1a: Kingambit
|-resisted|p1a: Kingambit
|-damage|p1a: Kingambit|81/100
|
|upkeep
|turn|20
|
|t:|1779668024
|switch|p2a: Garchomp|Garchomp, M|27/100
|move|p1a: Kingambit|Sucker Punch||[still]
|-fail|p1a: Kingambit
|
|upkeep
|turn|21
|
|t:|1779668038
|-end|p1a: Kingambit|fallen1|[silent]
|switch|p1a: Corviknight|Corviknight, M|100/100 par
|-ability|p1a: Corviknight|Pressure
|move|p2a: Garchomp|Dragon Tail|p1a: Corviknight
|-resisted|p1a: Corviknight
|-damage|p1a: Corviknight|92/100 par
|-damage|p2a: Garchomp|10/100|[from] item: Rocky Helmet|[of] p1a: Corviknight
|drag|p1a: Kingambit|Kingambit, M|81/100
|-damage|p1a: Kingambit|69/100|[from] Spikes
|-activate|p1a: Kingambit|ability: Supreme Overlord
|-start|p1a: Kingambit|fallen1|[silent]
|
|upkeep
|turn|22
|
|t:|1779668051
|-end|p1a: Kingambit|fallen1|[silent]
|switch|p1a: Corviknight|Corviknight, M|92/100 par
|-ability|p1a: Corviknight|Pressure
|move|p2a: Garchomp|Earthquake|p1a: Corviknight
|-immune|p1a: Corviknight
|
|upkeep
|turn|23
|
|t:|1779668059
|switch|p2a: Dragapult|Dragapult, F|100/100
|cant|p1a: Corviknight|par
|
|upkeep
|turn|24
|c|☆carborox360|wth
|
|t:|1779668083
|switch|p1a: Slowking|Slowking-Galar, M|100/100
|move|p2a: Dragapult|Fire Blast|p1a: Slowking|[miss]
|-miss|p2a: Dragapult|p1a: Slowking
|
|upkeep
|turn|25
|
|t:|1779668095
|switch|p2a: Ogerpon|Ogerpon-Wellspring, F|100/100
|move|p1a: Slowking|Future Sight|p2a: Ogerpon
|-start|p1a: Slowking|move: Future Sight
|
|upkeep
|turn|26
|
|t:|1779668104
|-terastallize|p2a: Ogerpon|Water
|detailschange|p2a: Ogerpon|Ogerpon-Wellspring-Tera, F, tera:Water
|-ability|p2a: Ogerpon|Embody Aspect (Wellspring)|boost
|-boost|p2a: Ogerpon|spd|1
|move|p2a: Ogerpon|Ivy Cudgel|p1a: Slowking|[anim] Ivy Cudgel Water
|-damage|p1a: Slowking|18/100
|move|p1a: Slowking|Sludge Bomb|p2a: Ogerpon
|-damage|p2a: Ogerpon|75/100
|
|upkeep
|turn|27
|
|t:|1779668120
|switch|p1a: Corviknight|Corviknight, M|92/100 par
|-ability|p1a: Corviknight|Pressure
|move|p2a: Ogerpon|Ivy Cudgel|p1a: Corviknight|[anim] Ivy Cudgel Water
|-damage|p1a: Corviknight|49/100 par
|
|-end|p2a: Ogerpon|move: Future Sight
|-damage|p2a: Ogerpon|38/100
|upkeep
|turn|28
|
|t:|1779668139
|switch|p2a: Dragapult|Dragapult, F|100/100
|move|p1a: Corviknight|Roost|p1a: Corviknight
|-heal|p1a: Corviknight|99/100 par
|-singleturn|p1a: Corviknight|move: Roost
|
|upkeep
|turn|29
|
|t:|1779668162
|-terastallize|p1a: Corviknight|Water
|move|p2a: Dragapult|Fire Blast|p1a: Corviknight
|-resisted|p1a: Corviknight
|-damage|p1a: Corviknight|75/100 par
|move|p1a: Corviknight|U-turn|p2a: Dragapult
|-resisted|p2a: Dragapult
|-damage|p2a: Dragapult|90/100
|
|t:|1779668172
|switch|p1a: Kingambit|Kingambit, M|69/100|[from] U-turn
|-damage|p1a: Kingambit|57/100|[from] Spikes
|-activate|p1a: Kingambit|ability: Supreme Overlord
|-start|p1a: Kingambit|fallen1|[silent]
|
|upkeep
|turn|30
|
|t:|1779668190
|move|p2a: Dragapult|Fire Blast|p1a: Kingambit
|-supereffective|p1a: Kingambit
|-damage|p1a: Kingambit|0 fnt
|faint|p1a: Kingambit
|-end|p1a: Kingambit|fallen1|[silent]
|
|upkeep
|
|t:|1779668196
|switch|p1a: Corviknight|Corviknight, M, tera:Water|75/100 par
|-damage|p1a: Corviknight|63/100 par|[from] Spikes
|-ability|p1a: Corviknight|Pressure
|turn|31
|
|t:|1779668204
|switch|p2a: Garchomp|Garchomp, M|10/100
|move|p1a: Corviknight|Brave Bird|p2a: Garchomp
|-damage|p2a: Garchomp|0 fnt
|-damage|p1a: Corviknight|51/100 par|[from] ability: Rough Skin|[of] p2a: Garchomp
|-damage|p1a: Corviknight|34/100 par|[from] item: Rocky Helmet|[of] p2a: Garchomp
|faint|p2a: Garchomp
|-damage|p1a: Corviknight|31/100 par|[from] Recoil
|
|upkeep
|
|t:|1779668216
|switch|p2a: Ogerpon|Ogerpon-Wellspring-Tera, F, tera:Water|38/100
|-ability|p2a: Ogerpon|Embody Aspect (Wellspring)|boost
|-boost|p2a: Ogerpon|spd|1
|turn|32
|
|t:|1779668223
|move|p2a: Ogerpon|Horn Leech|p1a: Corviknight
|-supereffective|p1a: Corviknight
|-damage|p1a: Corviknight|0 fnt
|-heal|p2a: Ogerpon|58/100|[from] drain|[of] p1a: Corviknight
|-damage|p2a: Ogerpon|42/100|[from] item: Rocky Helmet|[of] p1a: Corviknight
|faint|p1a: Corviknight
|
|upkeep
|
|t:|1779668235
|switch|p1a: Dragapult|Dragapult, F|24/100
|-damage|p1a: Dragapult|12/100|[from] Spikes
|turn|33
|
|t:|1779668254
|move|p1a: Dragapult|Shadow Ball|p2a: Ogerpon
|-damage|p2a: Ogerpon|1/100
|move|p2a: Ogerpon|Ivy Cudgel|p1a: Dragapult|[anim] Ivy Cudgel Water
|-resisted|p1a: Dragapult
|-damage|p1a: Dragapult|0 fnt
|faint|p1a: Dragapult
|
|upkeep
|-message|carborox360 forfeited.
|
|win|jarrah1z
|raw|carborox360's rating: 1262 &rarr; <strong>1237</strong><br />(-25 for losing)
|raw|jarrah1z's rating: 1265 &rarr; <strong>1290</strong><br />(+25 for winning)
|l|☆carborox360
|player|p1|
|l|☆jarrah1z
|player|p2|
