|j|☆yule_fffffengbo
|j|☆shoeprano
|t:|1779624355
|gametype|singles
|player|p1|yule_fffffengbo|rika|1516
|player|p2|shoeprano|2|1488
|gen|9
|tier|[Gen 9] OU
|rated|
|rule|HP Percentage Mod: HP is shown in percentages
|rule|Endless Battle Clause: Forcing endless battles is banned
|rule|Species Clause: Limit one of each Pokémon
|rule|OHKO Clause: OHKO moves are banned
|rule|Evasion Items Clause: Evasion items are banned
|rule|Evasion Moves Clause: Evasion moves are banned
|rule|Evasion Abilities Clause: Evasion abilities are banned
|rule|Sleep Moves Clause: Sleep-inducing moves are banned
|clearpoke
|poke|p1|Pelipper, M|
|poke|p1|Zapdos|
|poke|p1|Corviknight, M|
|poke|p1|Clodsire, M|
|poke|p1|Incineroar, M|
|poke|p1|Barraskewda, M|
|poke|p2|Excadrill, M|
|poke|p2|Gholdengo|
|poke|p2|Tyranitar, M|
|poke|p2|Ogerpon-Wellspring, F|
|poke|p2|Zapdos|
|poke|p2|Iron Crown|
|teampreview
|inactive|Battle timer is ON: inactive players will automatically lose when time's up. (requested by yule_fffffengbo)
|
|t:|1779624370
|teamsize|p1|6
|teamsize|p2|6
|start
|switch|p1a: Pelipper|Pelipper, M, shiny|100/100
|switch|p2a: Ogerpon|Ogerpon-Wellspring, F|100/100
|-weather|RainDance|[from] ability: Drizzle|[of] p1a: Pelipper
|turn|1
|
|t:|1779624374
|move|p2a: Ogerpon|U-turn|p1a: Pelipper
|-resisted|p1a: Pelipper
|-damage|p1a: Pelipper|89/100
|
|t:|1779624378
|switch|p2a: Tyranitar|Tyranitar, M|100/100|[from] U-turn
|-weather|Sandstorm|[from] ability: Sand Stream|[of] p2a: Tyranitar
|move|p1a: Pelipper|Hurricane|p2a: Tyranitar|[miss]
|-miss|p1a: Pelipper|p2a: Tyranitar
|
|-weather|Sandstorm|[upkeep]
|-damage|p1a: Pelipper|83/100|[from] Sandstorm
|upkeep
|turn|2
|
|t:|1779624386
|switch|p1a: Corviknight|Corviknight, M, shiny|100/100
|-ability|p1a: Corviknight|Pressure
|move|p2a: Tyranitar|Stealth Rock|p1a: Corviknight
|-sidestart|p1: yule_fffffengbo|move: Stealth Rock
|
|-weather|Sandstorm|[upkeep]
|upkeep
|turn|3
|
|t:|1779624390
|switch|p2a: Gholdengo|Gholdengo|100/100
|-item|p2a: Gholdengo|Air Balloon
|move|p1a: Corviknight|Defog|p2a: Gholdengo
|-immune|p2a: Gholdengo|[from] ability: Good as Gold
|
|-weather|Sandstorm|[upkeep]
|upkeep
|turn|4
|
|t:|1779624398
|move|p2a: Gholdengo|Shadow Ball|p1a: Corviknight
|-damage|p1a: Corviknight|64/100
|move|p1a: Corviknight|U-turn|p2a: Gholdengo
|-resisted|p2a: Gholdengo
|-damage|p2a: Gholdengo|98/100
|-enditem|p2a: Gholdengo|Air Balloon
|
|t:|1779624409
|switch|p1a: Barraskewda|Barraskewda, M, shiny|100/100|[from] U-turn
|-damage|p1a: Barraskewda|88/100|[from] Stealth Rock
|
|-weather|Sandstorm|[upkeep]
|-damage|p1a: Barraskewda|82/100|[from] Sandstorm
|upkeep
|turn|5
|
|t:|1779624415
|switch|p1a: Incineroar|Incineroar, M, shiny|100/100
|-ability|p1a: Incineroar|Intimidate|boost
|-unboost|p2a: Gholdengo|atk|1
|switch|p2a: Zapdos|Zapdos|100/100
|
|-weather|Sandstorm|[upkeep]
|-damage|p2a: Zapdos|94/100|[from] Sandstorm
|-damage|p1a: Incineroar|94/100|[from] Sandstorm
|upkeep
|turn|6
|
|t:|1779624421
|move|p2a: Zapdos|U-turn|p1a: Incineroar
|-damage|p1a: Incineroar|86/100
|
|t:|1779624423
|switch|p2a: Ogerpon|Ogerpon-Wellspring, F|100/100|[from] U-turn
|move|p1a: Incineroar|Parting Shot|p2a: Ogerpon
|-unboost|p2a: Ogerpon|atk|1
|-unboost|p2a: Ogerpon|spa|1
|
|t:|1779624428
|switch|p1a: Zapdos|Zapdos, shiny|100/100|[from] Parting Shot
|
|-weather|Sandstorm|[upkeep]
|-damage|p2a: Ogerpon|95/100|[from] Sandstorm
|-damage|p1a: Zapdos|94/100|[from] Sandstorm
|upkeep
|turn|7
|
|t:|1779624436
|switch|p2a: Tyranitar|Tyranitar, M|100/100
|move|p1a: Zapdos|Volt Switch|p2a: Tyranitar
|-damage|p2a: Tyranitar|85/100
|
|t:|1779624439
|switch|p1a: Pelipper|Pelipper, M, shiny|83/100|[from] Volt Switch
|-damage|p1a: Pelipper|58/100|[from] Stealth Rock
|-weather|RainDance|[from] ability: Drizzle|[of] p1a: Pelipper
|
|-weather|RainDance|[upkeep]
|upkeep
|turn|8
|
|t:|1779624448
|switch|p2a: Zapdos|Zapdos|94/100
|switch|p1a: Corviknight|Corviknight, M, shiny|64/100
|-damage|p1a: Corviknight|51/100|[from] Stealth Rock
|-ability|p1a: Corviknight|Pressure
|
|-weather|RainDance|[upkeep]
|upkeep
|turn|9
|
|t:|1779624477
|switch|p1a: Clodsire|Clodsire, M, shiny|100/100
|-damage|p1a: Clodsire|94/100|[from] Stealth Rock
|move|p2a: Zapdos|U-turn|p1a: Clodsire
|-resisted|p1a: Clodsire
|-damage|p1a: Clodsire|87/100
|
|t:|1779624480
|switch|p2a: Ogerpon|Ogerpon-Wellspring, F|95/100|[from] U-turn
|
|-weather|RainDance|[upkeep]
|-heal|p1a: Clodsire|93/100|[from] item: Leftovers
|upkeep
|turn|10
|
|t:|1779624484
|move|p2a: Ogerpon|Ivy Cudgel|p1a: Clodsire|[anim] Ivy Cudgel Water
|-heal|p1a: Clodsire|100/100|[from] ability: Water Absorb|[of] p2a: Ogerpon
|move|p1a: Clodsire|Toxic|p2a: Ogerpon
|-status|p2a: Ogerpon|tox
|
|-weather|RainDance|[upkeep]
|-damage|p2a: Ogerpon|89/100 tox|[from] psn
|upkeep
|turn|11
|
|t:|1779624492
|move|p2a: Ogerpon|U-turn|p1a: Clodsire
|-resisted|p1a: Clodsire
|-damage|p1a: Clodsire|85/100
|
|t:|1779624495
|switch|p2a: Tyranitar|Tyranitar, M|85/100|[from] U-turn
|-weather|Sandstorm|[from] ability: Sand Stream|[of] p2a: Tyranitar
|move|p1a: Clodsire|Earthquake|p2a: Tyranitar
|-supereffective|p2a: Tyranitar
|-damage|p2a: Tyranitar|45/100
|
|-weather|Sandstorm|[upkeep]
|-heal|p1a: Clodsire|92/100|[from] item: Leftovers
|upkeep
|turn|12
|
|t:|1779624512
|switch|p2a: Ogerpon|Ogerpon-Wellspring, F|89/100 tox
|move|p1a: Clodsire|Toxic|p2a: Ogerpon
|-fail|p2a: Ogerpon|tox
|
|-weather|Sandstorm|[upkeep]
|-damage|p2a: Ogerpon|83/100 tox|[from] Sandstorm
|-heal|p1a: Clodsire|98/100|[from] item: Leftovers
|-damage|p2a: Ogerpon|77/100 tox|[from] psn
|upkeep
|turn|13
|
|t:|1779624517
|move|p2a: Ogerpon|Encore|p1a: Clodsire
|-start|p1a: Clodsire|Encore
|move|p1a: Clodsire|Toxic|p2a: Ogerpon
|-fail|p2a: Ogerpon|tox
|
|-weather|Sandstorm|[upkeep]
|-damage|p2a: Ogerpon|71/100 tox|[from] Sandstorm
|-heal|p1a: Clodsire|100/100|[from] item: Leftovers
|-damage|p2a: Ogerpon|59/100 tox|[from] psn
|upkeep
|turn|14
|
|t:|1779624527
|switch|p1a: Pelipper|Pelipper, M, shiny|58/100
|-damage|p1a: Pelipper|34/100|[from] Stealth Rock
|-weather|RainDance|[from] ability: Drizzle|[of] p1a: Pelipper
|move|p2a: Ogerpon|U-turn|p1a: Pelipper
|-resisted|p1a: Pelipper
|-damage|p1a: Pelipper|22/100
|
|t:|1779624537
|switch|p2a: Zapdos|Zapdos|94/100|[from] U-turn
|
|-weather|RainDance|[upkeep]
|upkeep
|turn|15
|
|t:|1779624543
|move|p2a: Zapdos|Hurricane|p1a: Pelipper
|-damage|p1a: Pelipper|0 fnt
|faint|p1a: Pelipper
|
|-weather|RainDance|[upkeep]
|upkeep
|
|t:|1779624546
|switch|p1a: Barraskewda|Barraskewda, M, shiny|82/100
|-damage|p1a: Barraskewda|70/100|[from] Stealth Rock
|turn|16
|
|t:|1779624551
|move|p1a: Barraskewda|Close Combat|p2a: Zapdos
|-resisted|p2a: Zapdos
|-damage|p2a: Zapdos|72/100
|-unboost|p1a: Barraskewda|def|1
|-unboost|p1a: Barraskewda|spd|1
|move|p2a: Zapdos|Discharge|p1a: Barraskewda
|-supereffective|p1a: Barraskewda
|-damage|p1a: Barraskewda|0 fnt
|faint|p1a: Barraskewda
|
|-weather|RainDance|[upkeep]
|upkeep
|-message|yule_fffffengbo forfeited.
|
|win|shoeprano
|raw|yule_fffffengbo's rating: 1516 &rarr; <strong>1494</strong><br />(-22 for losing)
|raw|shoeprano's rating: 1488 &rarr; <strong>1510</strong><br />(+22 for winning)
|l|☆yule_fffffengbo
|player|p1|
