|j|☆Saffedhschneizel
|j|☆BrutalisingBreaker
|inactive|Battle timer is ON: inactive players will automatically lose when time's up.
|t:|1779650553
|gametype|singles
|player|p1|Saffedhschneizel|101|
|player|p2|BrutalisingBreaker|169|
|gen|9
|tier|[Gen 9] OU
|rated|Tournament battle
|rule|HP Percentage Mod: HP is shown in percentages
|rule|Endless Battle Clause: Forcing endless battles is banned
|rule|Species Clause: Limit one of each Pokémon
|rule|OHKO Clause: OHKO moves are banned
|rule|Evasion Items Clause: Evasion items are banned
|rule|Evasion Moves Clause: Evasion moves are banned
|rule|Evasion Abilities Clause: Evasion abilities are banned
|rule|Sleep Moves Clause: Sleep-inducing moves are banned
|clearpoke
|poke|p1|Great Tusk|
|poke|p1|Heatran, F|
|poke|p1|Gholdengo|
|poke|p1|Ogerpon-Wellspring, F|
|poke|p1|Iron Valiant|
|poke|p1|Dragapult, M|
|poke|p2|Corviknight, M|
|poke|p2|Zamazenta-*|
|poke|p2|Slowking-Galar, F|
|poke|p2|Alomomola, F|
|poke|p2|Ting-Lu|
|poke|p2|Kyurem|
|teampreview
|j| Nyrkry
|j| diancie the pearl
|c|☆Saffedhschneizel|hf
|inactive|Saffedhschneizel has 120 seconds left.
|
|t:|1779650585
|teamsize|p1|6
|teamsize|p2|6
|start
|switch|p1a: Ogerpon|Ogerpon-Wellspring, F|100/100
|switch|p2a: Kyurem|Kyurem|100/100
|-ability|p2a: Kyurem|Pressure
|turn|1
|j| ATulk
|
|t:|1779650605
|move|p1a: Ogerpon|U-turn|p2a: Kyurem
|-damage|p2a: Kyurem|75/100
|l| ATulk
|
|t:|1779650609
|switch|p1a: Gholdengo|Gholdengo|100/100|[from] U-turn
|-item|p1a: Gholdengo|Air Balloon
|move|p2a: Kyurem|Freeze-Dry|p1a: Gholdengo
|-resisted|p1a: Gholdengo
|-damage|p1a: Gholdengo|74/100
|-enditem|p1a: Gholdengo|Air Balloon
|
|upkeep
|turn|2
|
|t:|1779650624
|switch|p2a: Dark Moose|Ting-Lu|100/100
|-ability|p2a: Dark Moose|Vessel of Ruin
|move|p1a: Gholdengo|Make It Rain|p2a: Dark Moose
|-damage|p2a: Dark Moose|70/100
|-unboost|p1a: Gholdengo|spa|1
|
|-heal|p2a: Dark Moose|76/100|[from] item: Leftovers
|upkeep
|turn|3
|
|t:|1779650631
|switch|p1a: Great Tusk|Great Tusk|100/100
|move|p2a: Dark Moose|Stealth Rock|p1a: Great Tusk
|-sidestart|p1: Saffedhschneizel|move: Stealth Rock
|
|-heal|p2a: Dark Moose|82/100|[from] item: Leftovers
|upkeep
|turn|4
|inactive|BrutalisingBreaker has 120 seconds left.
|
|t:|1779650683
|switch|p2a: Big Birb|Corviknight, M|100/100
|-ability|p2a: Big Birb|Pressure
|move|p1a: Great Tusk|Rapid Spin|p2a: Big Birb
|-resisted|p2a: Big Birb
|-crit|p2a: Big Birb
|-damage|p2a: Big Birb|94/100
|-boost|p1a: Great Tusk|spe|1
|-sideend|p1: Saffedhschneizel|Stealth Rock|[from] move: Rapid Spin|[of] p1a: Great Tusk
|
|-heal|p2a: Big Birb|99/100|[from] item: Leftovers
|upkeep
|turn|5
|
|t:|1779650699
|move|p1a: Great Tusk|Knock Off|p2a: Big Birb
|-damage|p2a: Big Birb|83/100
|-enditem|p2a: Big Birb|Leftovers|[from] move: Knock Off|[of] p1a: Great Tusk
|move|p2a: Big Birb|U-turn|p1a: Great Tusk
|-resisted|p1a: Great Tusk
|-damage|p1a: Great Tusk|96/100
|-damage|p2a: Big Birb|67/100|[from] item: Rocky Helmet|[of] p1a: Great Tusk
|
|t:|1779650712
|switch|p2a: Water Nurse Joy|Alomomola, F|100/100|[from] U-turn
|
|upkeep
|turn|6
|
|t:|1779650719
|move|p1a: Great Tusk|Knock Off|p2a: Water Nurse Joy
|-damage|p2a: Water Nurse Joy|84/100
|-enditem|p2a: Water Nurse Joy|Heavy-Duty Boots|[from] move: Knock Off|[of] p1a: Great Tusk
|move|p2a: Water Nurse Joy|Wish|p2a: Water Nurse Joy
|
|upkeep
|turn|7
|
|t:|1779650729
|-end|p1a: Great Tusk|Protosynthesis|[silent]
|switch|p1a: Ogerpon|Ogerpon-Wellspring, F|100/100
|switch|p2a: Big Birb|Corviknight, M|67/100
|-ability|p2a: Big Birb|Pressure
|
|-heal|p2a: Big Birb|100/100|[from] move: Wish|[wisher] Water Nurse Joy
|upkeep
|turn|8
|
|t:|1779650743
|move|p1a: Ogerpon|Spikes|p2a: Big Birb
|-sidestart|p2: BrutalisingBreaker|Spikes
|move|p2a: Big Birb|U-turn|p1a: Ogerpon
|-supereffective|p1a: Ogerpon
|-damage|p1a: Ogerpon|61/100
|
|t:|1779650748
|switch|p2a: Water Nurse Joy|Alomomola, F|100/100|[from] U-turn
|-damage|p2a: Water Nurse Joy|88/100|[from] Spikes
|
|upkeep
|turn|9
|
|t:|1779650752
|move|p1a: Ogerpon|U-turn|p2a: Water Nurse Joy
|-damage|p2a: Water Nurse Joy|71/100
|
|t:|1779650755
|switch|p1a: Heatran|Heatran, F|100/100|[from] U-turn
|move|p2a: Water Nurse Joy|Wish|p2a: Water Nurse Joy
|
|upkeep
|turn|10
|
|t:|1779650759
|move|p1a: Heatran|Magma Storm|p2a: Water Nurse Joy
|-resisted|p2a: Water Nurse Joy
|-damage|p2a: Water Nurse Joy|47/100
|-activate|p2a: Water Nurse Joy|move: Magma Storm|[of] p1a: Heatran
|move|p2a: Water Nurse Joy|Flip Turn|p1a: Heatran
|-supereffective|p1a: Heatran
|-damage|p1a: Heatran|74/100
|
|t:|1779650763
|switch|p2a: Kyurem|Kyurem|75/100|[from] Flip Turn
|-damage|p2a: Kyurem|63/100|[from] Spikes
|-ability|p2a: Kyurem|Pressure
|
|-heal|p2a: Kyurem|100/100|[from] move: Wish|[wisher] Water Nurse Joy
|-heal|p1a: Heatran|80/100|[from] item: Leftovers
|upkeep
|turn|11
|
|t:|1779650768
|switch|p1a: Ogerpon|Ogerpon-Wellspring, F|61/100
|move|p2a: Kyurem|Earth Power|p1a: Ogerpon
|-resisted|p1a: Ogerpon
|-damage|p1a: Ogerpon|34/100
|
|upkeep
|turn|12
|
|t:|1779650773
|switch|p2a: Water Nurse Joy|Alomomola, F|81/100
|-damage|p2a: Water Nurse Joy|68/100|[from] Spikes
|move|p1a: Ogerpon|Knock Off|p2a: Water Nurse Joy
|-damage|p2a: Water Nurse Joy|53/100
|
|upkeep
|turn|13
|
|t:|1779650777
|move|p1a: Ogerpon|Spikes|p2a: Water Nurse Joy
|-sidestart|p2: BrutalisingBreaker|Spikes
|move|p2a: Water Nurse Joy|Wish|p2a: Water Nurse Joy
|
|upkeep
|turn|14
|c|☆BrutalisingBreaker|I js realised I wall this set
|
|t:|1779650784
|move|p2a: Water Nurse Joy|Protect|p2a: Water Nurse Joy
|-singleturn|p2a: Water Nurse Joy|Protect
|move|p1a: Ogerpon|Ivy Cudgel|p2a: Water Nurse Joy|[anim] Ivy Cudgel Water
|-activate|p2a: Water Nurse Joy|move: Protect
|
|-heal|p2a: Water Nurse Joy|100/100|[from] move: Wish|[wisher] Water Nurse Joy
|upkeep
|turn|15
|
|t:|1779650807
|move|p1a: Ogerpon|Spikes|p2a: Water Nurse Joy
|-sidestart|p2: BrutalisingBreaker|Spikes
|move|p2a: Water Nurse Joy|Wish|p2a: Water Nurse Joy
|
|upkeep
|turn|16
|inactive|BrutalisingBreaker has 120 seconds left.
|l| diancie the pearl
|
|t:|1779650862
|switch|p2a: Dark Moose|Ting-Lu|82/100
|-damage|p2a: Dark Moose|57/100|[from] Spikes
|-ability|p2a: Dark Moose|Vessel of Ruin
|move|p1a: Ogerpon|U-turn|p2a: Dark Moose
|-supereffective|p2a: Dark Moose
|-crit|p2a: Dark Moose
|-damage|p2a: Dark Moose|14/100
|c|☆BrutalisingBreaker|holy dmg
|
|t:|1779650871
|switch|p1a: Dragapult|Dragapult, M|100/100|[from] U-turn
|
|-heal|p2a: Dark Moose|62/100|[from] move: Wish|[wisher] Water Nurse Joy
|-heal|p2a: Dark Moose|69/100|[from] item: Leftovers
|upkeep
|turn|17
|c|☆BrutalisingBreaker|I thought u'd js do some bs
|
|t:|1779650875
|move|p1a: Dragapult|U-turn|p2a: Dark Moose
|-supereffective|p2a: Dark Moose
|-damage|p2a: Dark Moose|51/100
|
|t:|1779650878
|switch|p1a: Ogerpon|Ogerpon-Wellspring, F|34/100|[from] U-turn
|move|p2a: Dark Moose|Stealth Rock|p1a: Ogerpon
|-sidestart|p1: Saffedhschneizel|move: Stealth Rock
|
|-heal|p2a: Dark Moose|58/100|[from] item: Leftovers
|upkeep
|turn|18
|
|t:|1779650882
|switch|p2a: Water Nurse Joy|Alomomola, F|100/100
|-damage|p2a: Water Nurse Joy|76/100|[from] Spikes
|move|p1a: Ogerpon|Ivy Cudgel|p2a: Water Nurse Joy|[anim] Ivy Cudgel Water
|-resisted|p2a: Water Nurse Joy
|-damage|p2a: Water Nurse Joy|59/100
|
|upkeep
|turn|19
|
|t:|1779650886
|move|p1a: Ogerpon|U-turn|p2a: Water Nurse Joy
|-damage|p2a: Water Nurse Joy|41/100
|
|t:|1779650892
|switch|p1a: Great Tusk|Great Tusk|96/100|[from] U-turn
|-damage|p1a: Great Tusk|93/100|[from] Stealth Rock
|move|p2a: Water Nurse Joy|Wish|p2a: Water Nurse Joy
|
|upkeep
|turn|20
|
|t:|1779650897
|move|p2a: Water Nurse Joy|Protect|p2a: Water Nurse Joy
|-singleturn|p2a: Water Nurse Joy|Protect
|move|p1a: Great Tusk|Rapid Spin|p2a: Water Nurse Joy
|-activate|p2a: Water Nurse Joy|move: Protect
|
|-heal|p2a: Water Nurse Joy|91/100|[from] move: Wish|[wisher] Water Nurse Joy
|upkeep
|turn|21
|
|t:|1779650917
|move|p1a: Great Tusk|Rapid Spin|p2a: Water Nurse Joy
|-damage|p2a: Water Nurse Joy|83/100
|-boost|p1a: Great Tusk|spe|1
|-sideend|p1: Saffedhschneizel|Stealth Rock|[from] move: Rapid Spin|[of] p1a: Great Tusk
|move|p2a: Water Nurse Joy|Wish|p2a: Water Nurse Joy
|
|upkeep
|turn|22
|
|t:|1779650926
|-end|p1a: Great Tusk|Protosynthesis|[silent]
|switch|p1a: Heatran|Heatran, F|80/100
|switch|p2a: Big Birb|Corviknight, M|100/100
|-ability|p2a: Big Birb|Pressure
|
|-heal|p1a: Heatran|86/100|[from] item: Leftovers
|upkeep
|turn|23
|
|t:|1779650938
|switch|p2a: Water Nurse Joy|Alomomola, F|100/100
|-damage|p2a: Water Nurse Joy|76/100|[from] Spikes
|move|p1a: Heatran|Magma Storm|p2a: Water Nurse Joy
|-resisted|p2a: Water Nurse Joy
|-damage|p2a: Water Nurse Joy|52/100
|-activate|p2a: Water Nurse Joy|move: Magma Storm|[of] p1a: Heatran
|
|-heal|p1a: Heatran|92/100|[from] item: Leftovers
|-damage|p2a: Water Nurse Joy|40/100|[from] move: Magma Storm|[partiallytrapped]
|upkeep
|turn|24
|
|t:|1779650941
|move|p1a: Heatran|Taunt|p2a: Water Nurse Joy
|-start|p2a: Water Nurse Joy|move: Taunt
|move|p2a: Water Nurse Joy|Flip Turn|p1a: Heatran
|-supereffective|p1a: Heatran
|-damage|p1a: Heatran|66/100
|inactive|BrutalisingBreaker has 120 seconds left.
|
|t:|1779650977
|switch|p2a: Dave Chapelle|Slowking-Galar, F|100/100|[from] Flip Turn
|-damage|p2a: Dave Chapelle|76/100|[from] Spikes
|
|-heal|p1a: Heatran|72/100|[from] item: Leftovers
|-heal|p2a: Dave Chapelle|82/100|[from] item: Black Sludge
|upkeep
|turn|25
|
|t:|1779650982
|move|p1a: Heatran|Stealth Rock|p2a: Dave Chapelle
|-sidestart|p2: BrutalisingBreaker|move: Stealth Rock
|-prepare|p2a: Dave Chapelle|Chilly Reception|[premajor]
|move|p2a: Dave Chapelle|Chilly Reception|p2a: Dave Chapelle
|-weather|Snowscape
|inactive|BrutalisingBreaker has 120 seconds left.
|inactive|BrutalisingBreaker has 90 seconds left.
|
|t:|1779651053
|switch|p2a: Water Nurse Joy|Alomomola, F|73/100|[from] Chilly Reception
|-damage|p2a: Water Nurse Joy|48/100|[from] Spikes
|-damage|p2a: Water Nurse Joy|36/100|[from] Stealth Rock
|
|-weather|Snowscape|[upkeep]
|-heal|p1a: Heatran|78/100|[from] item: Leftovers
|upkeep
|turn|26
|
|t:|1779651060
|move|p1a: Heatran|Taunt|p2a: Water Nurse Joy
|-start|p2a: Water Nurse Joy|move: Taunt
|move|p2a: Water Nurse Joy|Flip Turn|p1a: Heatran
|-supereffective|p1a: Heatran
|-damage|p1a: Heatran|49/100
|
|t:|1779651077
|switch|p2a: Good Doggo|Zamazenta|100/100|[from] Flip Turn
|-damage|p2a: Good Doggo|76/100|[from] Spikes
|-damage|p2a: Good Doggo|69/100|[from] Stealth Rock
|-ability|p2a: Good Doggo|Dauntless Shield|boost
|-boost|p2a: Good Doggo|def|1
|
|-weather|Snowscape|[upkeep]
|-heal|p1a: Heatran|55/100|[from] item: Leftovers
|upkeep
|turn|27
|
|t:|1779651093
|-terastallize|p1a: Heatran|Ghost
|move|p2a: Good Doggo|Crunch|p1a: Heatran
|-supereffective|p1a: Heatran
|-damage|p1a: Heatran|1/100
|-damage|p2a: Good Doggo|60/100|[from] item: Life Orb
|move|p1a: Heatran|Magma Storm|p2a: Good Doggo|[miss]
|-miss|p1a: Heatran|p2a: Good Doggo
|
|-weather|Snowscape|[upkeep]
|-heal|p1a: Heatran|7/100|[from] item: Leftovers
|upkeep
|turn|28
|c|☆Saffedhschneizel|dang
|
|t:|1779651104
|switch|p1a: Great Tusk|Great Tusk|93/100
|move|p2a: Good Doggo|Iron Head|p1a: Great Tusk
|-crit|p1a: Great Tusk
|-damage|p1a: Great Tusk|60/100
|-damage|p2a: Good Doggo|43/100|[from] item: Rocky Helmet|[of] p1a: Great Tusk
|-damage|p2a: Good Doggo|33/100|[from] item: Life Orb
|
|-weather|Snowscape|[upkeep]
|upkeep
|turn|29
|
|t:|1779651131
|switch|p2a: Big Birb|Corviknight, M|100/100
|-damage|p2a: Big Birb|88/100|[from] Stealth Rock
|-ability|p2a: Big Birb|Pressure
|-end|p1a: Great Tusk|Protosynthesis|[silent]
|switch|p1a: Heatran|Heatran, F, tera:Ghost|7/100
|
|-weather|none
|-heal|p1a: Heatran|13/100|[from] item: Leftovers
|upkeep
|turn|30
|
|t:|1779651137
|move|p1a: Heatran|Magma Storm|p2a: Big Birb
|-supereffective|p2a: Big Birb
|-damage|p2a: Big Birb|0 fnt
|faint|p2a: Big Birb
|
|-heal|p1a: Heatran|20/100|[from] item: Leftovers
|upkeep
|c|☆BrutalisingBreaker|fuck this game
|-message|BrutalisingBreaker forfeited.
|
|win|Saffedhschneizel
|n|☆Saffedhschneizel|saffedhschneizel
|n|☆BrutalisingBreaker|brutalisingbreaker
|n| Nyrkry|nyrkry
|l|☆BrutalisingBreaker
|player|p2|
