|j|☆volkron zz
|j|☆boltv10
|t:|1779634876
|gametype|singles
|player|p1|volkron zz|unknownf|1169
|player|p2|boltv10|lucas|1180
|gen|9
|tier|[Gen 9] OU
|rated|
|rule|HP Percentage Mod: HP is shown in percentages
|rule|Endless Battle Clause: Forcing endless battles is banned
|rule|Species Clause: Limit one of each Pokémon
|rule|OHKO Clause: OHKO moves are banned
|rule|Evasion Items Clause: Evasion items are banned
|rule|Evasion Moves Clause: Evasion moves are banned
|rule|Evasion Abilities Clause: Evasion abilities are banned
|rule|Sleep Moves Clause: Sleep-inducing moves are banned
|clearpoke
|poke|p1|Flapple, M|
|poke|p1|Meowstic, M|
|poke|p1|Ursaluna, F|
|poke|p1|Mew|
|poke|p1|Regieleki|
|poke|p1|Slowking-Galar, F|
|poke|p2|Porygon2|
|poke|p2|Dusclops, M|
|poke|p2|Ursaluna, F|
|poke|p2|Conkeldurr, F|
|poke|p2|Hoopa-Unbound|
|poke|p2|Glastrier|
|teampreview
|inactive|Battle timer is ON: inactive players will automatically lose when time's up. (requested by volkron zz)
|
|t:|1779634892
|teamsize|p1|6
|teamsize|p2|6
|start
|switch|p1a: Ursaluna|Ursaluna, F|100/100
|switch|p2a: Dusclops|Dusclops, M|100/100
|-ability|p2a: Dusclops|Pressure
|turn|1
|
|t:|1779634902
|move|p1a: Ursaluna|Headlong Rush|p2a: Dusclops
|-damage|p2a: Dusclops|52/100
|-unboost|p1a: Ursaluna|def|1
|-unboost|p1a: Ursaluna|spd|1
|move|p2a: Dusclops|Will-O-Wisp|p1a: Ursaluna
|-status|p1a: Ursaluna|brn
|
|-damage|p1a: Ursaluna|94/100 brn|[from] brn
|upkeep
|turn|2
|
|t:|1779634913
|move|p1a: Ursaluna|Headlong Rush|p2a: Dusclops
|-damage|p2a: Dusclops|0 fnt
|-unboost|p1a: Ursaluna|def|1
|-unboost|p1a: Ursaluna|spd|1
|faint|p2a: Dusclops
|
|-damage|p1a: Ursaluna|88/100 brn|[from] brn
|upkeep
|
|t:|1779634922
|switch|p2a: Porygon2|Porygon2|100/100
|-ability|p2a: Porygon2|Guts|Trace|[from] ability: Trace|[of] p1a: Ursaluna
|turn|3
|
|t:|1779634929
|move|p2a: Porygon2|Ice Beam|p1a: Ursaluna
|-supereffective|p1a: Ursaluna
|-damage|p1a: Ursaluna|16/100 brn
|move|p1a: Ursaluna|Facade|p2a: Porygon2
|-damage|p2a: Porygon2|19/100
|
|-damage|p1a: Ursaluna|10/100 brn|[from] brn
|upkeep
|turn|4
|
|t:|1779634938
|switch|p1a: Slowking|Slowking-Galar, F|100/100
|move|p2a: Porygon2|Ice Beam|p1a: Slowking
|-damage|p1a: Slowking|87/100
|
|upkeep
|turn|5
|
|t:|1779634948
|move|p1a: Slowking|Future Sight|p2a: Porygon2
|-start|p1a: Slowking|move: Future Sight
|move|p2a: Porygon2|Trick Room|p2a: Porygon2
|-fieldstart|move: Trick Room|[of] p2a: Porygon2
|
|upkeep
|turn|6
|
|t:|1779634955
|switch|p2a: Ursaluna|Ursaluna, F|100/100
|-prepare|p1a: Slowking|Chilly Reception|[premajor]
|move|p1a: Slowking|Chilly Reception|p1a: Slowking
|-weather|Snowscape
|
|t:|1779634957
|switch|p1a: Ursaluna|Ursaluna, F|10/100 brn|[from] Chilly Reception
|
|-weather|Snowscape|[upkeep]
|-damage|p1a: Ursaluna|4/100 brn|[from] brn
|-status|p2a: Ursaluna|brn|[from] item: Flame Orb
|upkeep
|turn|7
|
|t:|1779634975
|switch|p2a: Hoopa|Hoopa-Unbound|100/100
|move|p1a: Ursaluna|Facade|p2a: Hoopa
|-damage|p2a: Hoopa|0 fnt
|faint|p2a: Hoopa
|
|-weather|Snowscape|[upkeep]
|-hint|Future Sight did not hit because the target is fainted.
|-damage|p1a: Ursaluna|0 fnt|[from] brn
|faint|p1a: Ursaluna
|upkeep
|
|t:|1779634992
|switch|p1a: Mew|Mew|100/100
|switch|p2a: Ursaluna|Ursaluna, F|100/100 brn
|turn|8
|
|t:|1779634999
|move|p2a: Ursaluna|Facade|p1a: Mew
|-crit|p1a: Mew
|-damage|p1a: Mew|0 fnt
|faint|p1a: Mew
|
|-weather|Snowscape|[upkeep]
|-damage|p2a: Ursaluna|94/100 brn|[from] brn
|upkeep
|
|t:|1779635002
|switch|p1a: Meowstic|Meowstic, M|100/100
|turn|9
|
|t:|1779635014
|move|p1a: Meowstic|Gravity|p1a: Meowstic
|-fieldstart|move: Gravity
|move|p2a: Ursaluna|Facade|p1a: Meowstic
|-damage|p1a: Meowstic|0 fnt
|faint|p1a: Meowstic
|
|-weather|Snowscape|[upkeep]
|-damage|p2a: Ursaluna|88/100 brn|[from] brn
|-fieldend|move: Trick Room
|upkeep
|
|t:|1779635020
|switch|p1a: Flapple|Flapple, M|100/100
|turn|10
|
|t:|1779635026
|-terastallize|p1a: Flapple|Grass
|move|p1a: Flapple|Grav Apple|p2a: Ursaluna
|-supereffective|p2a: Ursaluna
|-damage|p2a: Ursaluna|0 fnt
|faint|p2a: Ursaluna
|
|-weather|none
|upkeep
|
|t:|1779635036
|switch|p2a: Porygon2|Porygon2|19/100
|-ability|p2a: Porygon2|Hustle|Trace|[from] ability: Trace|[of] p1a: Flapple
|turn|11
|
|t:|1779635046
|move|p1a: Flapple|Grav Apple|p2a: Porygon2
|-damage|p2a: Porygon2|0 fnt
|faint|p2a: Porygon2
|
|upkeep
|
|t:|1779635052
|switch|p2a: Glastrier|Glastrier|100/100
|turn|12
|
|t:|1779635055
|move|p1a: Flapple|Grav Apple|p2a: Glastrier
|-crit|p2a: Glastrier
|-damage|p2a: Glastrier|0 fnt
|faint|p2a: Glastrier
|
|upkeep
|
|t:|1779635061
|switch|p2a: Conkeldurr|Conkeldurr, F|100/100
|turn|13
|
|t:|1779635065
|move|p1a: Flapple|Grav Apple|p2a: Conkeldurr
|-damage|p2a: Conkeldurr|3/100
|-unboost|p2a: Conkeldurr|def|1
|move|p2a: Conkeldurr|Ice Punch|p1a: Flapple
|-supereffective|p1a: Flapple
|-damage|p1a: Flapple|8/100
|
|-fieldend|move: Gravity
|-status|p2a: Conkeldurr|brn|[from] item: Flame Orb
|upkeep
|turn|14
|-message|boltv10 forfeited.
|
|win|volkron zz
|raw|volkron zz's rating: 1169 &rarr; <strong>1195</strong><br />(+26 for winning)
|raw|boltv10's rating: 1180 &rarr; <strong>1154</strong><br />(-26 for losing)
|l|☆boltv10
|player|p2|
|l|☆volkron zz
|player|p1|
