|j|☆ttgorille
|j|☆haricane
|t:|1779625595
|gametype|singles
|player|p1|ttgorille|lucas|1326
|player|p2|haricane|hilbert|1251
|gen|9
|tier|[Gen 9] OU
|rated|
|rule|HP Percentage Mod: HP is shown in percentages
|rule|Endless Battle Clause: Forcing endless battles is banned
|rule|Species Clause: Limit one of each Pokémon
|rule|OHKO Clause: OHKO moves are banned
|rule|Evasion Items Clause: Evasion items are banned
|rule|Evasion Moves Clause: Evasion moves are banned
|rule|Evasion Abilities Clause: Evasion abilities are banned
|rule|Sleep Moves Clause: Sleep-inducing moves are banned
|clearpoke
|poke|p1|Iron Valiant|
|poke|p1|Greninja-*, M|
|poke|p1|Slowking-Galar, M|
|poke|p1|Zapdos|
|poke|p1|Great Tusk|
|poke|p1|Cinderace, M|
|poke|p2|Iron Thorns|
|poke|p2|Dragapult, M|
|poke|p2|Latias, F|
|poke|p2|Pawmot, M|
|poke|p2|Noivern, M|
|poke|p2|Armarouge, M|
|teampreview
|inactive|Battle timer is ON: inactive players will automatically lose when time's up. (requested by haricane)
|
|t:|1779625606
|teamsize|p1|6
|teamsize|p2|6
|start
|switch|p1a: Iron Valiant|Iron Valiant|100/100
|switch|p2a: Iron Thorns|Iron Thorns, shiny|100/100
|-enditem|p1a: Iron Valiant|Booster Energy
|-activate|p1a: Iron Valiant|ability: Quark Drive|[fromitem]
|-start|p1a: Iron Valiant|quarkdrivespe
|-enditem|p2a: Iron Thorns|Booster Energy
|-activate|p2a: Iron Thorns|ability: Quark Drive|[fromitem]
|-start|p2a: Iron Thorns|quarkdriveatk
|turn|1
|
|t:|1779625628
|-terastallize|p1a: Iron Valiant|Ghost
|-terastallize|p2a: Iron Thorns|Flying
|move|p1a: Iron Valiant|Shadow Ball|p2a: Iron Thorns
|-damage|p2a: Iron Thorns|53/100
|move|p2a: Iron Thorns|Dragon Dance|p2a: Iron Thorns
|-boost|p2a: Iron Thorns|atk|1
|-boost|p2a: Iron Thorns|spe|1
|
|upkeep
|turn|2
|
|t:|1779625650
|move|p1a: Iron Valiant|Shadow Ball|p2a: Iron Thorns
|-damage|p2a: Iron Thorns|8/100
|move|p2a: Iron Thorns|Supercell Slam|p1a: Iron Valiant
|-damage|p1a: Iron Valiant|0 fnt
|faint|p1a: Iron Valiant
|-end|p1a: Iron Valiant|Quark Drive|[silent]
|
|upkeep
|inactive|ttgorille has 120 seconds left.
|
|t:|1779625672
|switch|p1a: Greninja|Greninja, M|100/100
|turn|3
|inactive|ttgorille has 120 seconds left.
|
|t:|1779625682
|-end|p2a: Iron Thorns|Quark Drive|[silent]
|switch|p2a: Armarouge|Armarouge, M, shiny|100/100
|move|p1a: Greninja|Ice Beam|p2a: Armarouge
|-resisted|p2a: Armarouge
|-damage|p2a: Armarouge|80/100
|-damage|p1a: Greninja|91/100|[from] item: Life Orb
|
|upkeep
|turn|4
|
|t:|1779625705
|move|p2a: Armarouge|Endure|p2a: Armarouge
|-singleturn|p2a: Armarouge|move: Endure
|move|p1a: Greninja|Dark Pulse|p2a: Armarouge
|-supereffective|p2a: Armarouge
|-activate|p2a: Armarouge|move: Endure
|-damage|p2a: Armarouge|1/100
|-damage|p1a: Greninja|81/100|[from] item: Life Orb
|
|upkeep
|turn|5
|
|t:|1779625716
|switch|p2a: Iron Thorns|Iron Thorns, shiny, tera:Flying|8/100
|move|p1a: Greninja|Ice Beam|p2a: Iron Thorns
|-supereffective|p2a: Iron Thorns
|-damage|p2a: Iron Thorns|0 fnt
|faint|p2a: Iron Thorns
|-end|p2a: Iron Thorns|Quark Drive|[silent]
|-ability|p1a: Greninja|Battle Bond|boost
|-boost|p1a: Greninja|atk|1
|-boost|p1a: Greninja|spa|1
|-boost|p1a: Greninja|spe|1
|-activate|p1a: Greninja|ability: Battle Bond
|-damage|p1a: Greninja|71/100|[from] item: Life Orb
|
|upkeep
|
|t:|1779625728
|switch|p2a: Armarouge|Armarouge, M, shiny|1/100
|turn|6
|-enditem|p2a: Armarouge|Custap Berry|[eat]
|-activate|p2a: Armarouge|item: Custap Berry|[consumed]
|
|t:|1779625732
|move|p2a: Armarouge|Destiny Bond|p2a: Armarouge
|-singlemove|p2a: Armarouge|Destiny Bond
|move|p1a: Greninja|Ice Beam|p2a: Armarouge
|-resisted|p2a: Armarouge
|-damage|p2a: Armarouge|0 fnt
|faint|p2a: Armarouge
|-activate|p2a: Armarouge|move: Destiny Bond
|faint|p1a: Greninja
|
|upkeep
|
|t:|1779625760
|switch|p1a: Cinderace|Cinderace, M|100/100
|switch|p2a: Dragapult|Dragapult, M|100/100
|turn|7
|
|t:|1779625767
|move|p2a: Dragapult|Substitute|p2a: Dragapult
|-start|p2a: Dragapult|Substitute
|-damage|p2a: Dragapult|76/100
|move|p1a: Cinderace|U-turn|p2a: Dragapult
|-resisted|p2a: Dragapult
|-activate|p2a: Dragapult|move: Substitute|[damage]
|
|t:|1779625776
|switch|p1a: Great Tusk|Great Tusk|100/100|[from] U-turn
|
|upkeep
|turn|8
|
|t:|1779625783
|move|p2a: Dragapult|Dragon Dance|p2a: Dragapult
|-boost|p2a: Dragapult|atk|1
|-boost|p2a: Dragapult|spe|1
|move|p1a: Great Tusk|Knock Off|p2a: Dragapult
|-supereffective|p2a: Dragapult
|-end|p2a: Dragapult|Substitute
|
|upkeep
|turn|9
|
|t:|1779625791
|move|p2a: Dragapult|Dragon Darts|p1a: Great Tusk
|-damage|p1a: Great Tusk|76/100
|-anim|p2a: Dragapult|Dragon Darts|p1a: Great Tusk
|-damage|p1a: Great Tusk|52/100
|move|p1a: Great Tusk|Knock Off|p2a: Dragapult
|-supereffective|p2a: Dragapult
|-damage|p2a: Dragapult|0 fnt
|-enditem|p2a: Dragapult|Red Card|[from] move: Knock Off|[of] p1a: Great Tusk
|faint|p2a: Dragapult
|
|-heal|p1a: Great Tusk|58/100|[from] item: Leftovers
|upkeep
|
|t:|1779625801
|switch|p2a: Noivern|Noivern, M|100/100
|-item|p1a: Great Tusk|Leftovers|[from] ability: Frisk|[of] p2a: Noivern
|turn|10
|
|t:|1779625806
|move|p2a: Noivern|Switcheroo|p1a: Great Tusk
|-activate|p2a: Noivern|move: Trick|[of] p1a: Great Tusk
|-item|p1a: Great Tusk|Choice Specs|[from] move: Switcheroo
|-item|p2a: Noivern|Leftovers|[from] move: Switcheroo
|move|p1a: Great Tusk|Stealth Rock|p2a: Noivern
|-sidestart|p2: haricane|move: Stealth Rock
|
|upkeep
|turn|11
|
|t:|1779625813
|-end|p1a: Great Tusk|Protosynthesis|[silent]
|switch|p1a: Slowking|Slowking-Galar, M|100/100
|move|p2a: Noivern|Defog|p1a: Slowking
|-unboost|p1a: Slowking|evasion|1
|-sideend|p2: haricane|Stealth Rock|[from] move: Defog|[of] p2a: Noivern
|
|upkeep
|turn|12
|
|t:|1779625822
|switch|p2a: Latias|Latias, F|100/100
|move|p1a: Slowking|Toxic|p2a: Latias
|-status|p2a: Latias|tox
|
|-damage|p2a: Latias|95/100 tox|[from] psn
|upkeep
|turn|13
|
|t:|1779625840
|move|p2a: Latias|Agility|p2a: Latias
|-boost|p2a: Latias|spe|2
|move|p1a: Slowking|Future Sight|p2a: Latias
|-start|p1a: Slowking|move: Future Sight
|
|-damage|p2a: Latias|83/100 tox|[from] psn
|upkeep
|turn|14
|
|t:|1779625849
|move|p2a: Latias|Shadow Ball|p1a: Slowking
|-supereffective|p1a: Slowking
|-damage|p1a: Slowking|69/100
|move|p1a: Slowking|Sludge Bomb|p2a: Latias
|-damage|p2a: Latias|52/100 tox
|
|-damage|p2a: Latias|34/100 tox|[from] psn
|upkeep
|turn|15
|
|t:|1779625861
|move|p2a: Latias|Shadow Ball|p1a: Slowking
|-supereffective|p1a: Slowking
|-damage|p1a: Slowking|40/100
|-prepare|p1a: Slowking|Chilly Reception|[premajor]
|move|p1a: Slowking|Chilly Reception|p1a: Slowking
|-weather|Snowscape
|
|t:|1779625876
|switch|p1a: Zapdos|Zapdos|100/100|[from] Chilly Reception
|
|-weather|Snowscape|[upkeep]
|-end|p2a: Latias|move: Future Sight
|-resisted|p2a: Latias
|-damage|p2a: Latias|12/100 tox
|-damage|p2a: Latias|0 fnt|[from] psn
|faint|p2a: Latias
|upkeep
|
|t:|1779625885
|switch|p2a: Noivern|Noivern, M|100/100
|-item|p1a: Zapdos|Heavy-Duty Boots|[from] ability: Frisk|[of] p2a: Noivern
|turn|16
|
|t:|1779625897
|switch|p2a: Pawmot|Pawmot, M, shiny|100/100
|move|p1a: Zapdos|Discharge|p2a: Pawmot
|-resisted|p2a: Pawmot
|-damage|p2a: Pawmot|68/100
|
|-weather|Snowscape|[upkeep]
|upkeep
|turn|17
|
|t:|1779625904
|move|p2a: Pawmot|Revival Blessing|p2a: Pawmot
|-enditem|p2a: Pawmot|Leppa Berry|[eat]
|-activate|p2a: Pawmot|item: Leppa Berry|Revival Blessing|[consumed]
|
|t:|1779625918
|-heal|p2: Dragapult|50/100|[from] move: Revival Blessing
|move|p1a: Zapdos|Hurricane|p2a: Pawmot
|-damage|p2a: Pawmot|0 fnt
|faint|p2a: Pawmot
|
|-weather|Snowscape|[upkeep]
|upkeep
|
|t:|1779625926
|switch|p2a: Dragapult|Dragapult, M|50/100
|turn|18
|
|t:|1779625936
|move|p2a: Dragapult|Dragon Darts|p1a: Zapdos
|-damage|p1a: Zapdos|80/100
|-anim|p2a: Dragapult|Dragon Darts|p1a: Zapdos
|-damage|p1a: Zapdos|58/100
|move|p1a: Zapdos|U-turn|p2a: Dragapult
|-resisted|p2a: Dragapult
|-damage|p2a: Dragapult|41/100
|
|t:|1779625939
|switch|p1a: Great Tusk|Great Tusk|58/100|[from] U-turn
|
|-weather|Snowscape|[upkeep]
|upkeep
|turn|19
|
|t:|1779625946
|switch|p2a: Noivern|Noivern, M|100/100
|-item|p1a: Great Tusk|Choice Specs|[from] ability: Frisk|[of] p2a: Noivern
|move|p1a: Great Tusk|Knock Off|p2a: Noivern
|-damage|p2a: Noivern|67/100
|-enditem|p2a: Noivern|Leftovers|[from] move: Knock Off|[of] p1a: Great Tusk
|
|-weather|none
|upkeep
|turn|20
|
|t:|1779625961
|move|p2a: Noivern|Psychic|p1a: Great Tusk
|-supereffective|p1a: Great Tusk
|-damage|p1a: Great Tusk|8/100
|move|p1a: Great Tusk|Knock Off|p2a: Noivern
|-crit|p2a: Noivern
|-damage|p2a: Noivern|38/100
|
|upkeep
|turn|21
|
|t:|1779625967
|move|p2a: Noivern|Psychic|p1a: Great Tusk
|-supereffective|p1a: Great Tusk
|-damage|p1a: Great Tusk|0 fnt
|faint|p1a: Great Tusk
|-end|p1a: Great Tusk|Protosynthesis|[silent]
|
|upkeep
|
|t:|1779625974
|switch|p1a: Cinderace|Cinderace, M|100/100
|turn|22
|
|t:|1779625980
|move|p2a: Noivern|Psychic|p1a: Cinderace
|-damage|p1a: Cinderace|77/100
|move|p1a: Cinderace|Pyro Ball|p2a: Noivern
|-resisted|p2a: Noivern
|-damage|p2a: Noivern|10/100
|
|upkeep
|turn|23
|
|t:|1779625986
|move|p2a: Noivern|Psychic|p1a: Cinderace
|-damage|p1a: Cinderace|54/100
|move|p1a: Cinderace|Pyro Ball|p2a: Noivern|[miss]
|-miss|p1a: Cinderace|p2a: Noivern
|
|upkeep
|turn|24
|
|t:|1779625997
|move|p2a: Noivern|Psychic|p1a: Cinderace
|-damage|p1a: Cinderace|31/100
|move|p1a: Cinderace|Pyro Ball|p2a: Noivern
|-resisted|p2a: Noivern
|-damage|p2a: Noivern|0 fnt
|faint|p2a: Noivern
|
|upkeep
|
|t:|1779626003
|switch|p2a: Dragapult|Dragapult, M|41/100
|turn|25
|
|t:|1779626008
|move|p2a: Dragapult|Dragon Darts|p1a: Cinderace
|-damage|p1a: Cinderace|0 fnt
|faint|p1a: Cinderace
|
|upkeep
|
|t:|1779626015
|switch|p1a: Zapdos|Zapdos|58/100
|turn|26
|
|t:|1779626020
|move|p2a: Dragapult|Dragon Dance|p2a: Dragapult
|-boost|p2a: Dragapult|atk|1
|-boost|p2a: Dragapult|spe|1
|move|p1a: Zapdos|Roost|p1a: Zapdos
|-heal|p1a: Zapdos|100/100
|-singleturn|p1a: Zapdos|move: Roost
|
|upkeep
|turn|27
|
|t:|1779626030
|move|p2a: Dragapult|Dragon Darts|p1a: Zapdos
|-damage|p1a: Zapdos|64/100
|-anim|p2a: Dragapult|Dragon Darts|p1a: Zapdos
|-damage|p1a: Zapdos|28/100
|move|p1a: Zapdos|Hurricane|p2a: Dragapult|[miss]
|-miss|p1a: Zapdos|p2a: Dragapult
|
|upkeep
|turn|28
|inactive|ttgorille has 120 seconds left.
|
|t:|1779626063
|move|p2a: Dragapult|Dragon Darts|p1a: Zapdos
|-damage|p1a: Zapdos|0 fnt
|faint|p1a: Zapdos
|
|upkeep
|
|t:|1779626066
|switch|p1a: Slowking|Slowking-Galar, M|73/100
|turn|29
|
|t:|1779626069
|move|p2a: Dragapult|Phantom Force||[still]
|-prepare|p2a: Dragapult|Phantom Force
|move|p1a: Slowking|Sludge Bomb|p2a: Dragapult|[miss]
|-miss|p1a: Slowking|p2a: Dragapult
|
|upkeep
|turn|30
|
|t:|1779626073
|move|p2a: Dragapult|Phantom Force|p1a: Slowking|[from] lockedmove
|-supereffective|p1a: Slowking
|-damage|p1a: Slowking|0 fnt
|faint|p1a: Slowking
|
|win|haricane
|raw|ttgorille's rating: 1326 &rarr; <strong>1302</strong><br />(-24 for losing)
|raw|haricane's rating: 1251 &rarr; <strong>1281</strong><br />(+30 for winning)
|l|☆haricane
|player|p2|
