|j|☆blueThe12thman
|j|☆BROOMX4
|t:|1779683329
|gametype|singles
|player|p1|blueThe12thman|silver|1415
|player|p2|BROOMX4|steven|1465
|gen|9
|tier|[Gen 9] OU
|rated|
|rule|HP Percentage Mod: HP is shown in percentages
|rule|Endless Battle Clause: Forcing endless battles is banned
|rule|Species Clause: Limit one of each Pokémon
|rule|OHKO Clause: OHKO moves are banned
|rule|Evasion Items Clause: Evasion items are banned
|rule|Evasion Moves Clause: Evasion moves are banned
|rule|Evasion Abilities Clause: Evasion abilities are banned
|rule|Sleep Moves Clause: Sleep-inducing moves are banned
|clearpoke
|poke|p1|Kingambit, F|
|poke|p1|Ursaluna, F|
|poke|p1|Dragapult, M|
|poke|p1|Manaphy|
|poke|p1|Glimmora, M|
|poke|p1|Zamazenta-*|
|poke|p2|Kyurem|
|poke|p2|Slowking-Galar, M|
|poke|p2|Hatterene, F|
|poke|p2|Moltres|
|poke|p2|Great Tusk|
|poke|p2|Tyranitar, M|
|teampreview
|inactive|Battle timer is ON: inactive players will automatically lose when time's up. (requested by BROOMX4)
|c|☆blueThe12thman|hf
|c|☆BROOMX4|u2
|
|t:|1779683351
|teamsize|p1|6
|teamsize|p2|6
|start
|switch|p1a: Manaphy|Manaphy|100/100
|switch|p2a: Tyranitar|Tyranitar, M|100/100
|-weather|Sandstorm|[from] ability: Sand Stream|[of] p2a: Tyranitar
|turn|1
|
|t:|1779683373
|move|p1a: Manaphy|Substitute|p1a: Manaphy
|-start|p1a: Manaphy|Substitute
|-damage|p1a: Manaphy|76/100
|move|p2a: Tyranitar|Knock Off|p1a: Manaphy
|-end|p1a: Manaphy|Substitute
|
|-weather|Sandstorm|[upkeep]
|-damage|p1a: Manaphy|69/100|[from] Sandstorm
|-heal|p1a: Manaphy|76/100|[from] item: Leftovers
|upkeep
|turn|2
|
|t:|1779683386
|switch|p1a: Kingambit|Kingambit, F|100/100
|move|p2a: Tyranitar|Knock Off|p1a: Kingambit
|-resisted|p1a: Kingambit
|-damage|p1a: Kingambit|83/100
|-enditem|p1a: Kingambit|Leftovers|[from] move: Knock Off|[of] p2a: Tyranitar
|
|-weather|Sandstorm|[upkeep]
|upkeep
|turn|3
|
|t:|1779683397
|-end|p1a: Kingambit|fallenundefined|[silent]
|switch|p1a: Glimmora|Glimmora, M|100/100
|switch|p2a: Great Tusk|Great Tusk|100/100
|
|-weather|Sandstorm|[upkeep]
|upkeep
|turn|4
|
|t:|1779683404
|switch|p1a: Manaphy|Manaphy|76/100
|move|p2a: Great Tusk|Headlong Rush|p1a: Manaphy
|-damage|p1a: Manaphy|12/100
|-unboost|p2a: Great Tusk|def|1
|-unboost|p2a: Great Tusk|spd|1
|
|-weather|Sandstorm|[upkeep]
|-damage|p1a: Manaphy|6/100|[from] Sandstorm
|-heal|p1a: Manaphy|12/100|[from] item: Leftovers
|upkeep
|turn|5
|
|t:|1779683419
|move|p2a: Great Tusk|Headlong Rush|p1a: Manaphy
|-damage|p1a: Manaphy|0 fnt
|-unboost|p2a: Great Tusk|def|1
|-unboost|p2a: Great Tusk|spd|1
|faint|p1a: Manaphy
|
|-weather|none
|upkeep
|inactive|blueThe12thman has 120 seconds left.
|
|t:|1779683456
|switch|p1a: Zamazenta|Zamazenta|100/100
|-ability|p1a: Zamazenta|Dauntless Shield|boost
|-boost|p1a: Zamazenta|def|1
|turn|6
|
|t:|1779683470
|-end|p2a: Great Tusk|Protosynthesis|[silent]
|switch|p2a: Slowking|Slowking-Galar, M|100/100
|switch|p1a: Glimmora|Glimmora, M|100/100
|
|upkeep
|turn|7
|
|t:|1779683482
|switch|p1a: Kingambit|Kingambit, F|83/100
|-activate|p1a: Kingambit|ability: Supreme Overlord
|-start|p1a: Kingambit|fallen1|[silent]
|move|p2a: Slowking|Future Sight|p1a: Kingambit
|-start|p2a: Slowking|move: Future Sight
|
|upkeep
|turn|8
|
|t:|1779683498
|switch|p2a: Great Tusk|Great Tusk|100/100
|move|p1a: Kingambit|Iron Head|p2a: Great Tusk
|-damage|p2a: Great Tusk|61/100
|
|upkeep
|turn|9
|inactive|blueThe12thman has 90 seconds left.
|inactive|blueThe12thman has 60 seconds left.
|
|t:|1779683558
|-end|p2a: Great Tusk|Protosynthesis|[silent]
|switch|p2a: Moltres|Moltres|100/100
|move|p1a: Kingambit|Iron Head|p2a: Moltres
|-resisted|p2a: Moltres
|-damage|p2a: Moltres|82/100
|-status|p1a: Kingambit|brn|[from] ability: Flame Body|[of] p2a: Moltres
|
|-end|p1a: Kingambit|move: Future Sight
|-immune|p1a: Kingambit
|-damage|p1a: Kingambit|77/100 brn|[from] brn
|upkeep
|turn|10
|inactive|blueThe12thman has 60 seconds left.
|
|t:|1779683572
|-end|p1a: Kingambit|fallen1|[silent]
|switch|p1a: Ursaluna|Ursaluna, F|100/100
|move|p2a: Moltres|U-turn|p1a: Ursaluna
|-damage|p1a: Ursaluna|90/100
|
|t:|1779683575
|switch|p2a: Great Tusk|Great Tusk|61/100|[from] U-turn
|
|-status|p1a: Ursaluna|brn|[from] item: Flame Orb
|upkeep
|turn|11
|inactive|blueThe12thman has 60 seconds left.
|inactive|blueThe12thman has 30 seconds left.
|
|t:|1779683624
|switch|p1a: Dragapult|Dragapult, M|100/100
|move|p2a: Great Tusk|Close Combat|p1a: Dragapult
|-immune|p1a: Dragapult
|
|upkeep
|turn|12
|inactive|blueThe12thman has 30 seconds left.
|
|t:|1779683635
|switch|p1a: Ursaluna|Ursaluna, F|90/100 brn
|-end|p2a: Great Tusk|Protosynthesis|[silent]
|switch|p2a: Tyranitar|Tyranitar, M|100/100
|-weather|Sandstorm|[from] ability: Sand Stream|[of] p2a: Tyranitar
|
|-weather|Sandstorm|[upkeep]
|-damage|p1a: Ursaluna|83/100 brn|[from] brn
|upkeep
|turn|13
|inactive|blueThe12thman has 30 seconds left.
|
|t:|1779683647
|switch|p2a: Moltres|Moltres|82/100
|move|p1a: Ursaluna|Facade|p2a: Moltres
|-damage|p2a: Moltres|7/100
|
|-weather|Sandstorm|[upkeep]
|-damage|p2a: Moltres|1/100|[from] Sandstorm
|-damage|p1a: Ursaluna|77/100 brn|[from] brn
|upkeep
|turn|14
|inactive|blueThe12thman has 30 seconds left.
|
|t:|1779683662
|move|p2a: Moltres|U-turn|p1a: Ursaluna
|-damage|p1a: Ursaluna|65/100 brn
|
|t:|1779683680
|switch|p2a: Hatterene|Hatterene, F|100/100|[from] U-turn
|move|p1a: Ursaluna|Swords Dance|p1a: Ursaluna
|-boost|p1a: Ursaluna|atk|2
|
|-weather|Sandstorm|[upkeep]
|-damage|p2a: Hatterene|95/100|[from] Sandstorm
|-damage|p1a: Ursaluna|59/100 brn|[from] brn
|upkeep
|turn|15
|
|t:|1779683685
|switch|p2a: Moltres|Moltres|1/100
|move|p1a: Ursaluna|Facade|p2a: Moltres
|-damage|p2a: Moltres|0 fnt
|faint|p2a: Moltres
|
|-weather|Sandstorm|[upkeep]
|-damage|p1a: Ursaluna|52/100 brn|[from] brn
|upkeep
|
|t:|1779683687
|switch|p2a: Kyurem|Kyurem|100/100
|-ability|p2a: Kyurem|Pressure
|turn|16
|
|t:|1779683699
|switch|p1a: Kingambit|Kingambit, F|77/100 brn
|-activate|p1a: Kingambit|ability: Supreme Overlord
|-start|p1a: Kingambit|fallen1|[silent]
|move|p2a: Kyurem|Draco Meteor|p1a: Kingambit
|-resisted|p1a: Kingambit
|-damage|p1a: Kingambit|29/100 brn
|-unboost|p2a: Kyurem|spa|2
|
|-weather|none
|-damage|p1a: Kingambit|23/100 brn|[from] brn
|upkeep
|turn|17
|
|t:|1779683717
|move|p2a: Kyurem|Draco Meteor|p1a: Kingambit|[miss]
|-miss|p2a: Kyurem|p1a: Kingambit
|move|p1a: Kingambit|Iron Head|p2a: Kyurem
|-supereffective|p2a: Kyurem
|-damage|p2a: Kyurem|50/100
|
|-damage|p1a: Kingambit|17/100 brn|[from] brn
|upkeep
|turn|18
|
|t:|1779683724
|move|p1a: Kingambit|Sucker Punch|p2a: Kyurem
|-crit|p2a: Kyurem
|-damage|p2a: Kyurem|18/100
|move|p2a: Kyurem|Draco Meteor|p1a: Kingambit
|-resisted|p1a: Kingambit
|-damage|p1a: Kingambit|0 fnt
|-unboost|p2a: Kyurem|spa|2
|faint|p1a: Kingambit
|-end|p1a: Kingambit|fallen1|[silent]
|
|upkeep
|inactive|blueThe12thman has 30 seconds left.
|
|t:|1779683745
|switch|p1a: Dragapult|Dragapult, M|100/100
|turn|19
|
|t:|1779683752
|switch|p2a: Tyranitar|Tyranitar, M|100/100
|-weather|Sandstorm|[from] ability: Sand Stream|[of] p2a: Tyranitar
|move|p1a: Dragapult|Shadow Ball|p2a: Tyranitar
|-resisted|p2a: Tyranitar
|-damage|p2a: Tyranitar|95/100
|-damage|p1a: Dragapult|91/100|[from] item: Life Orb
|
|-weather|Sandstorm|[upkeep]
|-damage|p1a: Dragapult|85/100|[from] Sandstorm
|upkeep
|turn|20
|
|t:|1779683761
|switch|p1a: Ursaluna|Ursaluna, F|52/100 brn
|move|p2a: Tyranitar|Knock Off|p1a: Ursaluna
|-damage|p1a: Ursaluna|15/100 brn
|-enditem|p1a: Ursaluna|Flame Orb|[from] move: Knock Off|[of] p2a: Tyranitar
|
|-weather|Sandstorm|[upkeep]
|-damage|p1a: Ursaluna|9/100 brn|[from] brn
|upkeep
|turn|21
|
|t:|1779683776
|move|p1a: Ursaluna|Facade|p2a: Tyranitar
|-resisted|p2a: Tyranitar
|-damage|p2a: Tyranitar|53/100
|move|p2a: Tyranitar|Knock Off|p1a: Ursaluna
|-damage|p1a: Ursaluna|0 fnt
|faint|p1a: Ursaluna
|
|-weather|Sandstorm|[upkeep]
|upkeep
|
|t:|1779683786
|switch|p1a: Zamazenta|Zamazenta|100/100
|turn|22
|
|t:|1779683796
|switch|p2a: Slowking|Slowking-Galar, M|100/100
|move|p1a: Zamazenta|Reflect|p1a: Zamazenta
|-sidestart|p1: blueThe12thman|Reflect
|
|-weather|Sandstorm|[upkeep]
|-damage|p1a: Zamazenta|94/100|[from] Sandstorm
|-damage|p2a: Slowking|94/100|[from] Sandstorm
|upkeep
|turn|23
|
|t:|1779683803
|move|p1a: Zamazenta|Light Screen|p1a: Zamazenta
|-sidestart|p1: blueThe12thman|move: Light Screen
|move|p2a: Slowking|Thunder Wave|p1a: Zamazenta
|-status|p1a: Zamazenta|par
|
|-weather|none
|upkeep
|turn|24
|
|t:|1779683814
|switch|p1a: Dragapult|Dragapult, M|85/100
|move|p2a: Slowking|Future Sight|p1a: Dragapult
|-start|p2a: Slowking|move: Future Sight
|
|upkeep
|turn|25
|
|t:|1779683830
|switch|p2a: Tyranitar|Tyranitar, M|53/100
|-weather|Sandstorm|[from] ability: Sand Stream|[of] p2a: Tyranitar
|move|p1a: Dragapult|Dragon Darts|p2a: Tyranitar
|-damage|p2a: Tyranitar|32/100
|-anim|p1a: Dragapult|Dragon Darts|p2a: Tyranitar
|-damage|p2a: Tyranitar|13/100
|-damage|p1a: Dragapult|75/100|[from] item: Life Orb
|
|-weather|Sandstorm|[upkeep]
|-damage|p1a: Dragapult|69/100|[from] Sandstorm
|upkeep
|turn|26
|
|t:|1779683838
|switch|p2a: Hatterene|Hatterene, F|95/100
|move|p1a: Dragapult|Dragon Darts|p2a: Hatterene
|-immune|p2a: Hatterene
|
|-weather|Sandstorm|[upkeep]
|-damage|p1a: Dragapult|63/100|[from] Sandstorm
|-damage|p2a: Hatterene|89/100|[from] Sandstorm
|-end|p1a: Dragapult|move: Future Sight
|-damage|p1a: Dragapult|28/100
|upkeep
|turn|27
|
|t:|1779683846
|switch|p2a: Tyranitar|Tyranitar, M|13/100
|move|p1a: Dragapult|Shadow Ball|p2a: Tyranitar
|-resisted|p2a: Tyranitar
|-damage|p2a: Tyranitar|7/100
|-damage|p1a: Dragapult|18/100|[from] item: Life Orb
|
|-weather|Sandstorm|[upkeep]
|-damage|p1a: Dragapult|12/100|[from] Sandstorm
|upkeep
|turn|28
|inactive|blueThe12thman has 60 seconds left.
|
|t:|1779683855
|move|p1a: Dragapult|Shadow Ball|p2a: Tyranitar
|-resisted|p2a: Tyranitar
|-damage|p2a: Tyranitar|0 fnt
|faint|p2a: Tyranitar
|-damage|p1a: Dragapult|2/100|[from] item: Life Orb
|
|-weather|Sandstorm|[upkeep]
|-damage|p1a: Dragapult|0 fnt|[from] Sandstorm
|faint|p1a: Dragapult
|upkeep
|inactive|blueThe12thman has 60 seconds left.
|
|t:|1779683870
|switch|p1a: Glimmora|Glimmora, M|100/100
|switch|p2a: Great Tusk|Great Tusk|61/100
|turn|29
|inactive|blueThe12thman has 60 seconds left.
|
|t:|1779683880
|-terastallize|p1a: Glimmora|Ghost
|move|p2a: Great Tusk|Headlong Rush|p1a: Glimmora
|-damage|p1a: Glimmora|76/100
|-unboost|p2a: Great Tusk|def|1
|-unboost|p2a: Great Tusk|spd|1
|-activate|p1a: Glimmora|ability: Toxic Debris
|-sidestart|p2: BROOMX4|move: Toxic Spikes
|-enditem|p1a: Glimmora|Red Card|[of] p2a: Great Tusk
|-end|p2a: Great Tusk|Protosynthesis|[silent]
|drag|p2a: Hatterene|Hatterene, F|89/100
|-status|p2a: Hatterene|psn
|move|p1a: Glimmora|Earth Power|p2a: Hatterene
|-damage|p2a: Hatterene|62/100 psn
|-enditem|p2a: Hatterene|Eject Button
|
|t:|1779683891
|switch|p2a: Kyurem|Kyurem|18/100
|-status|p2a: Kyurem|psn
|-ability|p2a: Kyurem|Pressure
|
|-weather|none
|-damage|p2a: Kyurem|6/100 psn|[from] psn
|-sideend|p1: blueThe12thman|Reflect
|upkeep
|turn|30
|
|t:|1779683904
|switch|p1a: Zamazenta|Zamazenta|94/100 par
|move|p2a: Kyurem|Draco Meteor|p1a: Zamazenta|[miss]
|-miss|p2a: Kyurem|p1a: Zamazenta
|
|-damage|p2a: Kyurem|0 fnt|[from] psn
|faint|p2a: Kyurem
|-sideend|p1: blueThe12thman|move: Light Screen
|upkeep
|
|t:|1779683909
|switch|p2a: Hatterene|Hatterene, F|62/100 psn
|turn|31
|
|t:|1779683913
|move|p1a: Zamazenta|Light Screen|p1a: Zamazenta
|-sidestart|p1: blueThe12thman|move: Light Screen
|move|p2a: Hatterene|Psychic Noise|p1a: Zamazenta
|-supereffective|p1a: Zamazenta
|-damage|p1a: Zamazenta|64/100 par
|-start|p1a: Zamazenta|move: Heal Block
|
|-damage|p2a: Hatterene|50/100 psn|[from] psn
|upkeep
|turn|32
|
|t:|1779683919
|switch|p2a: Slowking|Slowking-Galar, M|100/100
|-sideend|p2: BROOMX4|move: Toxic Spikes|[of] p2a: Slowking
|cant|p1a: Zamazenta|par
|
|-end|p1a: Zamazenta|move: Heal Block
|upkeep
|turn|33
|
|t:|1779683924
|switch|p1a: Glimmora|Glimmora, M, tera:Ghost|76/100
|move|p2a: Slowking|Future Sight|p1a: Glimmora
|-start|p2a: Slowking|move: Future Sight
|
|upkeep
|turn|34
|
|t:|1779683934
|move|p1a: Glimmora|Earth Power|p2a: Slowking
|-supereffective|p2a: Slowking
|-damage|p2a: Slowking|56/100
|move|p2a: Slowking|Thunder Wave|p1a: Glimmora
|-status|p1a: Glimmora|par
|
|upkeep
|turn|35
|
|t:|1779683941
|move|p1a: Glimmora|Earth Power|p2a: Slowking
|-supereffective|p2a: Slowking
|-damage|p2a: Slowking|11/100
|-prepare|p2a: Slowking|Chilly Reception|[premajor]
|move|p2a: Slowking|Chilly Reception|p2a: Slowking
|-weather|Snowscape
|
|t:|1779683948
|switch|p2a: Great Tusk|Great Tusk|61/100|[from] Chilly Reception
|
|-weather|Snowscape|[upkeep]
|-end|p1a: Glimmora|move: Future Sight
|-damage|p1a: Glimmora|51/100 par
|upkeep
|turn|36
|
|t:|1779683956
|move|p2a: Great Tusk|Headlong Rush|p1a: Glimmora
|-damage|p1a: Glimmora|0 fnt
|-unboost|p2a: Great Tusk|def|1
|-unboost|p2a: Great Tusk|spd|1
|-activate|p1a: Glimmora|ability: Toxic Debris
|-sidestart|p2: BROOMX4|move: Toxic Spikes
|faint|p1a: Glimmora
|
|-weather|Snowscape|[upkeep]
|upkeep
|
|t:|1779683959
|switch|p1a: Zamazenta|Zamazenta|64/100 par
|turn|37
|
|t:|1779683966
|-terastallize|p2a: Great Tusk|Ground
|move|p2a: Great Tusk|Headlong Rush|p1a: Zamazenta
|-damage|p1a: Zamazenta|0 fnt
|-unboost|p2a: Great Tusk|def|1
|-unboost|p2a: Great Tusk|spd|1
|faint|p1a: Zamazenta
|
|win|BROOMX4
|raw|blueThe12thman's rating: 1415 &rarr; <strong>1398</strong><br />(-17 for losing)
|raw|BROOMX4's rating: 1465 &rarr; <strong>1482</strong><br />(+17 for winning)
|c|☆blueThe12thman|gg
|c|☆BROOMX4|gg
|l|☆BROOMX4
|player|p2|
|l|☆blueThe12thman
|player|p1|
