|j|☆mr_ender08
|j|☆diosobones
|t:|1779693686
|gametype|singles
|player|p1|mr_ender08|265|1222
|player|p2|diosobones|backersf|1322
|gen|9
|tier|[Gen 9] OU
|rated|
|rule|HP Percentage Mod: HP is shown in percentages
|rule|Endless Battle Clause: Forcing endless battles is banned
|rule|Species Clause: Limit one of each Pokémon
|rule|OHKO Clause: OHKO moves are banned
|rule|Evasion Items Clause: Evasion items are banned
|rule|Evasion Moves Clause: Evasion moves are banned
|rule|Evasion Abilities Clause: Evasion abilities are banned
|rule|Sleep Moves Clause: Sleep-inducing moves are banned
|clearpoke
|poke|p1|Goodra-Hisui, M|
|poke|p1|Pelipper, F|
|poke|p1|Iron Treads|
|poke|p1|Barraskewda, F|
|poke|p1|Kingdra, M|
|poke|p1|Iron Valiant|
|poke|p2|Gardevoir, F|
|poke|p2|Hydrapple, F|
|poke|p2|Heatran, M|
|poke|p2|Corviknight, F|
|poke|p2|Ting-Lu|
|poke|p2|Zamazenta-*|
|teampreview
|inactive|Battle timer is ON: inactive players will automatically lose when time's up. (requested by diosobones)
|inactive|mr_ender08 has 120 seconds left.
|
|t:|1779693721
|teamsize|p1|6
|teamsize|p2|6
|start
|switch|p1a: Pelipper|Pelipper, F|100/100
|switch|p2a: Corviknight|Corviknight, F|100/100
|-ability|p2a: Corviknight|Pressure
|-weather|RainDance|[from] ability: Drizzle|[of] p1a: Pelipper
|turn|1
|
|t:|1779693742
|move|p2a: Corviknight|U-turn|p1a: Pelipper
|-resisted|p1a: Pelipper
|-damage|p1a: Pelipper|95/100
|
|t:|1779693758
|switch|p2a: Ting-Lu|Ting-Lu|100/100|[from] U-turn
|-ability|p2a: Ting-Lu|Vessel of Ruin
|move|p1a: Pelipper|U-turn|p2a: Ting-Lu
|-supereffective|p2a: Ting-Lu
|-damage|p2a: Ting-Lu|91/100
|inactive|mr_ender08 has 120 seconds left.
|
|t:|1779693806
|switch|p1a: Kingdra|Kingdra, M|100/100|[from] U-turn
|
|-weather|RainDance|[upkeep]
|-heal|p2a: Ting-Lu|97/100|[from] item: Leftovers
|upkeep
|turn|2
|
|t:|1779693823
|-terastallize|p1a: Kingdra|Water
|move|p1a: Kingdra|Weather Ball|p2a: Ting-Lu
|-supereffective|p2a: Ting-Lu
|-damage|p2a: Ting-Lu|0 fnt
|faint|p2a: Ting-Lu
|
|-weather|RainDance|[upkeep]
|upkeep
|
|t:|1779693832
|switch|p2a: Hydrapple|Hydrapple, F|100/100
|turn|3
|inactive|mr_ender08 has 90 seconds left.
|
|t:|1779693853
|switch|p1a: Iron Valiant|Iron Valiant|100/100
|-enditem|p1a: Iron Valiant|Booster Energy
|-activate|p1a: Iron Valiant|ability: Quark Drive|[fromitem]
|-start|p1a: Iron Valiant|quarkdrivespe
|move|p2a: Hydrapple|Nasty Plot|p2a: Hydrapple
|-boost|p2a: Hydrapple|spa|2
|
|-weather|RainDance|[upkeep]
|upkeep
|turn|4
|inactive|mr_ender08 has 90 seconds left.
|
|t:|1779693867
|-terastallize|p2a: Hydrapple|Poison
|move|p1a: Iron Valiant|Moonblast|p2a: Hydrapple
|-resisted|p2a: Hydrapple
|-damage|p2a: Hydrapple|82/100
|-unboost|p2a: Hydrapple|spa|1
|move|p2a: Hydrapple|Giga Drain|p1a: Iron Valiant
|-damage|p1a: Iron Valiant|24/100
|-heal|p2a: Hydrapple|100/100|[from] drain|[of] p1a: Iron Valiant
|
|-weather|RainDance|[upkeep]
|upkeep
|turn|5
|inactive|mr_ender08 has 90 seconds left.
|
|t:|1779693891
|-end|p1a: Iron Valiant|Quark Drive|[silent]
|switch|p1a: Goodra|Goodra-Hisui, M|100/100
|move|p2a: Hydrapple|Nasty Plot|p2a: Hydrapple
|-boost|p2a: Hydrapple|spa|2
|
|-weather|RainDance|[upkeep]
|upkeep
|turn|6
|
|t:|1779693906
|move|p1a: Goodra|Earthquake|p2a: Hydrapple
|-supereffective|p2a: Hydrapple
|-damage|p2a: Hydrapple|71/100
|move|p2a: Hydrapple|Earth Power|p1a: Goodra
|-supereffective|p1a: Goodra
|-damage|p1a: Goodra|53/100
|
|-weather|RainDance|[upkeep]
|upkeep
|turn|7
|
|t:|1779693927
|move|p1a: Goodra|Flash Cannon|p2a: Hydrapple
|-damage|p2a: Hydrapple|40/100
|move|p2a: Hydrapple|Giga Drain|p1a: Goodra
|-ability|p1a: Goodra|Sap Sipper|boost
|-boost|p1a: Goodra|atk|1
|
|-weather|RainDance|[upkeep]
|upkeep
|turn|8
|
|t:|1779693942
|move|p1a: Goodra|Flash Cannon|p2a: Hydrapple
|-damage|p2a: Hydrapple|11/100
|move|p2a: Hydrapple|Earth Power|p1a: Goodra
|-supereffective|p1a: Goodra
|-damage|p1a: Goodra|8/100
|
|-weather|none
|upkeep
|turn|9
|
|t:|1779693956
|switch|p2a: Heatran|Heatran, M|100/100
|move|p1a: Goodra|Flash Cannon|p2a: Heatran
|-resisted|p2a: Heatran
|-damage|p2a: Heatran|96/100
|
|-heal|p2a: Heatran|100/100|[from] item: Leftovers
|upkeep
|turn|10
|
|t:|1779693967
|move|p2a: Heatran|Earth Power|p1a: Goodra
|-supereffective|p1a: Goodra
|-damage|p1a: Goodra|0 fnt
|faint|p1a: Goodra
|
|upkeep
|
|t:|1779693976
|switch|p1a: Pelipper|Pelipper, F|95/100
|-weather|RainDance|[from] ability: Drizzle|[of] p1a: Pelipper
|turn|11
|
|t:|1779693991
|switch|p2a: Corviknight|Corviknight, F|100/100
|-ability|p2a: Corviknight|Pressure
|move|p1a: Pelipper|U-turn|p2a: Corviknight
|-resisted|p2a: Corviknight
|-damage|p2a: Corviknight|99/100
|-damage|p1a: Pelipper|79/100|[from] item: Rocky Helmet|[of] p2a: Corviknight
|inactive|mr_ender08 has 60 seconds left.
|
|t:|1779694013
|switch|p1a: Kingdra|Kingdra, M, tera:Water|100/100|[from] U-turn
|
|-weather|RainDance|[upkeep]
|upkeep
|turn|12
|inactive|mr_ender08 has 60 seconds left.
|
|t:|1779694028
|move|p1a: Kingdra|Weather Ball|p2a: Corviknight
|-damage|p2a: Corviknight|0 fnt
|faint|p2a: Corviknight
|
|-weather|RainDance|[upkeep]
|upkeep
|
|t:|1779694039
|switch|p2a: WonderStar|Gardevoir, F|100/100
|-ability|p2a: WonderStar|Swift Swim|Trace|[from] ability: Trace|[of] p1a: Kingdra
|turn|13
|-message|diosobones forfeited.
|
|win|mr_ender08
|raw|mr_ender08's rating: 1222 &rarr; <strong>1254</strong><br />(+32 for winning)
|raw|diosobones's rating: 1322 &rarr; <strong>1296</strong><br />(-26 for losing)
|l|☆diosobones
|player|p2|
|l|☆mr_ender08
|player|p1|
