|j|☆Morthill
|j|☆SAURHEAD and PAIN
|t:|1779649168
|gametype|singles
|player|p1|Morthill|lucas|1470
|player|p2|SAURHEAD and PAIN|byron|1444
|gen|9
|tier|[Gen 9] OU
|rated|
|rule|HP Percentage Mod: HP is shown in percentages
|rule|Endless Battle Clause: Forcing endless battles is banned
|rule|Species Clause: Limit one of each Pokémon
|rule|OHKO Clause: OHKO moves are banned
|rule|Evasion Items Clause: Evasion items are banned
|rule|Evasion Moves Clause: Evasion moves are banned
|rule|Evasion Abilities Clause: Evasion abilities are banned
|rule|Sleep Moves Clause: Sleep-inducing moves are banned
|clearpoke
|poke|p1|Heatran, M|
|poke|p1|Cetitan, M|
|poke|p1|Ninetales-Alola, M|
|poke|p1|Kyurem|
|poke|p1|Avalugg, M|
|poke|p1|Zoroark-Hisui, M|
|poke|p2|Regieleki|
|poke|p2|Grafaiai, M|
|poke|p2|Corviknight, M|
|poke|p2|Zamazenta-*|
|poke|p2|Alomomola, F|
|poke|p2|Gliscor, F|
|teampreview
|inactive|Battle timer is ON: inactive players will automatically lose when time's up. (requested by SAURHEAD and PAIN)
|inactive|Morthill also wants the timer to be on.
|j| whatevadontcare
|
|t:|1779649188
|teamsize|p1|6
|teamsize|p2|6
|start
|switch|p1a: Ninetales|Ninetales-Alola, M, shiny|100/100
|switch|p2a: BLOOD AND THUNDER|Regieleki|100/100
|-weather|Snowscape|[from] ability: Snow Warning|[of] p1a: Ninetales
|turn|1
|
|t:|1779649193
|-terastallize|p2a: BLOOD AND THUNDER|Electric
|move|p2a: BLOOD AND THUNDER|Thunderbolt|p1a: Ninetales
|-damage|p1a: Ninetales|0 fnt
|faint|p1a: Ninetales
|
|-weather|Snowscape|[upkeep]
|upkeep
|
|t:|1779649198
|switch|p1a: Cetitan|Cetitan, M, shiny|100/100
|turn|2
|
|t:|1779649207
|switch|p2a: 78 BIRDS|Corviknight, M|100/100
|-ability|p2a: 78 BIRDS|Pressure
|-terastallize|p1a: Cetitan|Electric
|move|p1a: Cetitan|Belly Drum|p1a: Cetitan
|-damage|p1a: Cetitan|50/100
|-setboost|p1a: Cetitan|atk|6|[from] move: Belly Drum
|-enditem|p1a: Cetitan|Sitrus Berry|[eat]
|-heal|p1a: Cetitan|75/100|[from] item: Sitrus Berry
|
|-weather|Snowscape|[upkeep]
|upkeep
|turn|3
|
|t:|1779649214
|move|p1a: Cetitan|Superpower|p2a: 78 BIRDS
|-damage|p2a: 78 BIRDS|0 fnt
|-unboost|p1a: Cetitan|atk|1
|-unboost|p1a: Cetitan|def|1
|-damage|p1a: Cetitan|59/100|[from] item: Rocky Helmet|[of] p2a: 78 BIRDS
|faint|p2a: 78 BIRDS
|
|-weather|Snowscape|[upkeep]
|upkeep
|
|t:|1779649219
|switch|p2a: PROUDEST MONKEY|Grafaiai, M|100/100
|turn|4
|
|t:|1779649229
|move|p2a: PROUDEST MONKEY|Encore|p1a: Cetitan
|-start|p1a: Cetitan|Encore
|move|p1a: Cetitan|Superpower|p2a: PROUDEST MONKEY
|-damage|p2a: PROUDEST MONKEY|0 fnt
|-unboost|p1a: Cetitan|atk|1
|-unboost|p1a: Cetitan|def|1
|faint|p2a: PROUDEST MONKEY
|
|-weather|Snowscape|[upkeep]
|upkeep
|
|t:|1779649235
|switch|p2a: SOFA KING|Gliscor, F|100/100
|turn|5
|
|t:|1779649245
|switch|p1a: Kyurem|Kyurem|100/100
|-ability|p1a: Kyurem|Pressure
|move|p2a: SOFA KING|Protect||[still]
|-fail|p2a: SOFA KING
|
|-weather|none
|-status|p2a: SOFA KING|tox|[from] item: Toxic Orb
|upkeep
|turn|6
|
|t:|1779649248
|switch|p2a: THE FISH|Alomomola, F|100/100
|move|p1a: Kyurem|Freeze-Dry|p2a: THE FISH
|-supereffective|p2a: THE FISH
|-damage|p2a: THE FISH|62/100
|
|upkeep
|turn|7
|
|t:|1779649253
|move|p1a: Kyurem|Freeze-Dry|p2a: THE FISH
|-supereffective|p2a: THE FISH
|-damage|p2a: THE FISH|21/100
|move|p2a: THE FISH|Flip Turn|p1a: Kyurem
|-resisted|p1a: Kyurem
|-damage|p1a: Kyurem|92/100
|
|t:|1779649257
|switch|p2a: DOGTOOTH|Zamazenta|100/100|[from] Flip Turn
|-ability|p2a: DOGTOOTH|Dauntless Shield|boost
|-boost|p2a: DOGTOOTH|def|1
|
|upkeep
|turn|8
|
|t:|1779649265
|move|p1a: Kyurem|Freeze-Dry|p2a: DOGTOOTH
|-damage|p2a: DOGTOOTH|64/100
|move|p2a: DOGTOOTH|Stone Edge|p1a: Kyurem
|-supereffective|p1a: Kyurem
|-damage|p1a: Kyurem|0 fnt
|faint|p1a: Kyurem
|
|upkeep
|
|t:|1779649291
|switch|p1a: Heatran|Heatran, M|100/100
|turn|9
|
|t:|1779649298
|switch|p2a: SOFA KING|Gliscor, F|100/100 tox
|move|p1a: Heatran|Shadow Ball|p2a: SOFA KING
|-damage|p2a: SOFA KING|60/100 tox
|
|-heal|p2a: SOFA KING|73/100 tox|[from] ability: Poison Heal
|upkeep
|turn|10
|
|t:|1779649308
|switch|p1a: Avalugg|Avalugg, M|100/100
|move|p2a: SOFA KING|Earthquake|p1a: Avalugg
|-damage|p1a: Avalugg|87/100
|
|-heal|p2a: SOFA KING|85/100 tox|[from] ability: Poison Heal
|upkeep
|turn|11
|
|t:|1779649313
|switch|p2a: THE FISH|Alomomola, F|55/100
|move|p1a: Avalugg|Iron Defense|p1a: Avalugg
|-boost|p1a: Avalugg|def|2
|
|upkeep
|turn|12
|
|t:|1779649321
|switch|p2a: DOGTOOTH|Zamazenta|64/100
|move|p1a: Avalugg|Body Press|p2a: DOGTOOTH
|-damage|p2a: DOGTOOTH|0 fnt
|faint|p2a: DOGTOOTH
|
|upkeep
|
|t:|1779649324
|switch|p2a: BLOOD AND THUNDER|Regieleki, tera:Electric|100/100
|turn|13
|
|t:|1779649332
|move|p2a: BLOOD AND THUNDER|Thunderbolt|p1a: Avalugg
|-damage|p1a: Avalugg|0 fnt
|faint|p1a: Avalugg
|
|upkeep
|
|t:|1779649334
|switch|p1a: Cetitan|Cetitan, M, shiny, tera:Electric|59/100
|turn|14
|
|t:|1779649338
|move|p2a: BLOOD AND THUNDER|Thunderbolt|p1a: Cetitan
|-resisted|p1a: Cetitan
|-damage|p1a: Cetitan|0 fnt
|faint|p1a: Cetitan
|
|upkeep
|l| whatevadontcare
|
|t:|1779649343
|switch|p1a: Heatran|Heatran, M|100/100
|turn|15
|
|t:|1779649347
|switch|p2a: THE FISH|Alomomola, F|88/100
|move|p1a: Heatran|Shadow Ball|p2a: THE FISH
|-damage|p2a: THE FISH|69/100
|
|upkeep
|turn|16
|
|t:|1779649350
|move|p1a: Heatran|Nasty Plot|p1a: Heatran
|-boost|p1a: Heatran|spa|2
|move|p2a: THE FISH|Flip Turn|p1a: Heatran
|-damage|p1a: Heatran|65/100
|replace|p1a: Zoroark|Zoroark-Hisui, M
|-end|p1a: Zoroark|Illusion
|
|t:|1779649353
|switch|p2a: BLOOD AND THUNDER|Regieleki, tera:Electric|100/100|[from] Flip Turn
|
|upkeep
|turn|17
|
|t:|1779649358
|move|p2a: BLOOD AND THUNDER|Thunderbolt|p1a: Zoroark
|-damage|p1a: Zoroark|0 fnt
|faint|p1a: Zoroark
|
|upkeep
|
|t:|1779649359
|switch|p1a: Heatran|Heatran, M|100/100
|turn|18
|
|t:|1779649360
|move|p2a: BLOOD AND THUNDER|Thunderbolt|p1a: Heatran
|-damage|p1a: Heatran|0 fnt
|faint|p1a: Heatran
|
|win|SAURHEAD and PAIN
|raw|Morthill's rating: 1470 &rarr; <strong>1449</strong><br />(-21 for losing)
|raw|SAURHEAD and PAIN's rating: 1444 &rarr; <strong>1465</strong><br />(+21 for winning)
|l|☆Morthill
|player|p1|
|l|☆SAURHEAD and PAIN
|player|p2|
