|j|☆chillncurry
|j|☆jojosworld
|t:|1779718448
|gametype|singles
|player|p1|chillncurry|marley|1567
|player|p2|jojosworld|bellelba|1508
|gen|9
|tier|[Gen 9] OU
|rated|
|rule|HP Percentage Mod: HP is shown in percentages
|rule|Endless Battle Clause: Forcing endless battles is banned
|rule|Species Clause: Limit one of each Pokémon
|rule|OHKO Clause: OHKO moves are banned
|rule|Evasion Items Clause: Evasion items are banned
|rule|Evasion Moves Clause: Evasion moves are banned
|rule|Evasion Abilities Clause: Evasion abilities are banned
|rule|Sleep Moves Clause: Sleep-inducing moves are banned
|clearpoke
|poke|p1|Raging Bolt|
|poke|p1|Ogerpon, F|
|poke|p1|Gholdengo|
|poke|p1|Landorus-Therian, M|
|poke|p1|Great Tusk|
|poke|p1|Hatterene, F|
|poke|p2|Slowking-Galar, F|
|poke|p2|Dragapult, F|
|poke|p2|Hatterene, F|
|poke|p2|Fezandipiti, M|
|poke|p2|Corviknight, F|
|poke|p2|Keldeo-Resolute|
|teampreview
|inactive|Battle timer is ON: inactive players will automatically lose when time's up. (requested by jojosworld)
|
|t:|1779718458
|teamsize|p1|6
|teamsize|p2|6
|start
|switch|p1a: Ogerpon|Ogerpon, F|100/100
|switch|p2a: Keldeo|Keldeo-Resolute, shiny|100/100
|turn|1
|j| yuureisuisei
|
|t:|1779718468
|switch|p2a: Corviknight|Corviknight, F, shiny|100/100
|-ability|p2a: Corviknight|Pressure
|-terastallize|p1a: Ogerpon|Grass
|detailschange|p1a: Ogerpon|Ogerpon-Teal-Tera, F, tera:Grass
|-ability|p1a: Ogerpon|Embody Aspect (Teal)|boost
|-boost|p1a: Ogerpon|spe|1
|move|p1a: Ogerpon|Ivy Cudgel|p2a: Corviknight
|-resisted|p2a: Corviknight
|-damage|p2a: Corviknight|86/100
|
|upkeep
|turn|2
|
|t:|1779718474
|switch|p1a: Landorus|Landorus-Therian, M|100/100
|-ability|p1a: Landorus|Intimidate|boost
|-unboost|p2a: Corviknight|atk|1
|move|p2a: Corviknight|U-turn|p1a: Landorus
|-resisted|p1a: Landorus
|-damage|p1a: Landorus|95/100
|-damage|p2a: Corviknight|69/100|[from] item: Rocky Helmet|[of] p1a: Landorus
|
|t:|1779718476
|switch|p2a: Keldeo|Keldeo-Resolute, shiny|100/100|[from] U-turn
|
|upkeep
|turn|3
|
|t:|1779718480
|switch|p1a: Raging Bolt|Raging Bolt|100/100
|move|p2a: Keldeo|Surf|p1a: Raging Bolt
|-resisted|p1a: Raging Bolt
|-damage|p1a: Raging Bolt|69/100
|
|upkeep
|turn|4
|
|t:|1779718485
|switch|p2a: Slowking|Slowking-Galar, F, shiny|100/100
|move|p1a: Raging Bolt|Volt Switch|p2a: Slowking
|-damage|p2a: Slowking|77/100
|
|t:|1779718488
|-end|p1a: Raging Bolt|Protosynthesis|[silent]
|switch|p1a: Landorus|Landorus-Therian, M|95/100|[from] Volt Switch
|-ability|p1a: Landorus|Intimidate|boost
|-unboost|p2a: Slowking|atk|1
|
|upkeep
|turn|5
|
|t:|1779718492
|switch|p2a: Hatterene|Hatterene, F, shiny|100/100
|move|p1a: Landorus|Stealth Rock|p2a: Hatterene
|move|p2a: Hatterene|Stealth Rock|p1a: Landorus|[from] ability: Magic Bounce
|-sidestart|p1: chillncurry|move: Stealth Rock
|
|upkeep
|turn|6
|
|t:|1779718497
|move|p1a: Landorus|Earthquake|p2a: Hatterene
|-damage|p2a: Hatterene|53/100
|move|p2a: Hatterene|Psychic Noise|p1a: Landorus
|-damage|p1a: Landorus|55/100
|-start|p1a: Landorus|move: Heal Block
|
|upkeep
|turn|7
|
|t:|1779718503
|switch|p2a: Corviknight|Corviknight, F, shiny|69/100
|-ability|p2a: Corviknight|Pressure
|move|p1a: Landorus|Earthquake|p2a: Corviknight
|-immune|p2a: Corviknight
|
|-end|p1a: Landorus|move: Heal Block
|upkeep
|turn|8
|
|t:|1779718506
|switch|p2a: Hatterene|Hatterene, F, shiny|53/100
|move|p1a: Landorus|Stealth Rock|p2a: Hatterene
|move|p2a: Hatterene|Stealth Rock||[from] ability: Magic Bounce|[still]
|-fail|p2a: Hatterene
|
|upkeep
|turn|9
|
|t:|1779718509
|move|p1a: Landorus|Earthquake|p2a: Hatterene
|-damage|p2a: Hatterene|2/100
|move|p2a: Hatterene|Psychic Noise|p1a: Landorus
|-damage|p1a: Landorus|10/100
|-start|p1a: Landorus|move: Heal Block
|
|upkeep
|turn|10
|
|t:|1779718512
|move|p1a: Landorus|Earthquake|p2a: Hatterene
|-damage|p2a: Hatterene|0 fnt
|faint|p2a: Hatterene
|
|-end|p1a: Landorus|move: Heal Block
|upkeep
|
|t:|1779718514
|switch|p2a: Keldeo|Keldeo-Resolute, shiny|100/100
|turn|11
|
|t:|1779718519
|switch|p1a: Hatterene|Hatterene, F|100/100
|-damage|p1a: Hatterene|88/100|[from] Stealth Rock
|move|p2a: Keldeo|Surf|p1a: Hatterene
|-damage|p1a: Hatterene|46/100
|
|upkeep
|turn|12
|
|t:|1779718529
|-terastallize|p2a: Keldeo|Water
|move|p2a: Keldeo|Surf|p1a: Hatterene
|-damage|p1a: Hatterene|0 fnt
|faint|p1a: Hatterene
|
|upkeep
|
|t:|1779718535
|switch|p1a: Raging Bolt|Raging Bolt|69/100
|turn|13
|
|t:|1779718540
|switch|p2a: Slowking|Slowking-Galar, F, shiny|100/100
|move|p1a: Raging Bolt|Thunderbolt|p2a: Slowking
|-damage|p2a: Slowking|70/100
|
|upkeep
|turn|14
|
|t:|1779718545
|move|p1a: Raging Bolt|Volt Switch|p2a: Slowking
|-damage|p2a: Slowking|46/100
|
|t:|1779718547
|-end|p1a: Raging Bolt|Protosynthesis|[silent]
|switch|p1a: Great Tusk|Great Tusk|100/100|[from] Volt Switch
|-damage|p1a: Great Tusk|98/100|[from] Stealth Rock
|-enditem|p1a: Great Tusk|Booster Energy
|-activate|p1a: Great Tusk|ability: Protosynthesis|[fromitem]
|-start|p1a: Great Tusk|protosynthesisspe
|-prepare|p2a: Slowking|Chilly Reception|[premajor]
|move|p2a: Slowking|Chilly Reception|p2a: Slowking
|-weather|Snowscape
|
|t:|1779718558
|switch|p2a: Keldeo|Keldeo-Resolute, shiny, tera:Water|100/100|[from] Chilly Reception
|
|-weather|Snowscape|[upkeep]
|upkeep
|turn|15
|
|t:|1779718564
|move|p1a: Great Tusk|Rapid Spin|p2a: Keldeo
|-damage|p2a: Keldeo|83/100
|-boost|p1a: Great Tusk|spe|1
|-sideend|p1: chillncurry|Stealth Rock|[from] move: Rapid Spin|[of] p1a: Great Tusk
|move|p2a: Keldeo|Surf|p1a: Great Tusk
|-supereffective|p1a: Great Tusk
|-crit|p1a: Great Tusk
|-damage|p1a: Great Tusk|0 fnt
|faint|p1a: Great Tusk
|-end|p1a: Great Tusk|Protosynthesis|[silent]
|
|-weather|Snowscape|[upkeep]
|upkeep
|
|t:|1779718567
|switch|p1a: Raging Bolt|Raging Bolt|69/100
|turn|16
|
|t:|1779718571
|switch|p2a: Slowking|Slowking-Galar, F, shiny|79/100
|move|p1a: Raging Bolt|Volt Switch|p2a: Slowking
|-damage|p2a: Slowking|57/100
|
|t:|1779718575
|-end|p1a: Raging Bolt|Protosynthesis|[silent]
|switch|p1a: Landorus|Landorus-Therian, M|10/100|[from] Volt Switch
|-ability|p1a: Landorus|Intimidate|boost
|-unboost|p2a: Slowking|atk|1
|
|-weather|Snowscape|[upkeep]
|upkeep
|turn|17
|
|t:|1779718584
|switch|p2a: Corviknight|Corviknight, F, shiny|69/100
|-ability|p2a: Corviknight|Pressure
|move|p1a: Landorus|Stealth Rock|p2a: Corviknight
|-sidestart|p2: jojosworld|move: Stealth Rock
|
|-weather|Snowscape|[upkeep]
|upkeep
|turn|18
|l| yuureisuisei
|
|t:|1779718588
|switch|p1a: Gholdengo|Gholdengo|100/100
|-item|p1a: Gholdengo|Air Balloon
|move|p2a: Corviknight|Defog|p1a: Gholdengo
|-immune|p1a: Gholdengo|[from] ability: Good as Gold
|
|-weather|none
|upkeep
|turn|19
|
|t:|1779718594
|move|p1a: Gholdengo|Nasty Plot|p1a: Gholdengo
|-boost|p1a: Gholdengo|spa|2
|move|p2a: Corviknight|U-turn|p1a: Gholdengo
|-resisted|p1a: Gholdengo
|-damage|p1a: Gholdengo|98/100
|-enditem|p1a: Gholdengo|Air Balloon
|
|t:|1779718596
|switch|p2a: Dragapult|Dragapult, F, shiny|100/100|[from] U-turn
|-damage|p2a: Dragapult|88/100|[from] Stealth Rock
|
|upkeep
|turn|20
|
|t:|1779718599
|move|p2a: Dragapult|Shadow Ball|p1a: Gholdengo
|-supereffective|p1a: Gholdengo
|-damage|p1a: Gholdengo|0 fnt
|faint|p1a: Gholdengo
|
|upkeep
|
|t:|1779718603
|switch|p1a: Ogerpon|Ogerpon-Teal-Tera, F, tera:Grass|100/100
|-ability|p1a: Ogerpon|Embody Aspect (Teal)|boost
|-boost|p1a: Ogerpon|spe|1
|turn|21
|
|t:|1779718605
|switch|p2a: Corviknight|Corviknight, F, shiny|69/100
|-damage|p2a: Corviknight|57/100|[from] Stealth Rock
|-ability|p2a: Corviknight|Pressure
|move|p1a: Ogerpon|Knock Off|p2a: Corviknight
|-damage|p2a: Corviknight|28/100
|-damage|p1a: Ogerpon|84/100|[from] item: Rocky Helmet|[of] p2a: Corviknight
|-enditem|p2a: Corviknight|Rocky Helmet|[from] move: Knock Off|[of] p1a: Ogerpon
|
|upkeep
|turn|22
|
|t:|1779718610
|switch|p1a: Raging Bolt|Raging Bolt|69/100
|move|p2a: Corviknight|Roost|p2a: Corviknight
|-heal|p2a: Corviknight|78/100
|-singleturn|p2a: Corviknight|move: Roost
|
|upkeep
|turn|23
|
|t:|1779718615
|switch|p2a: Slowking|Slowking-Galar, F, shiny|90/100
|move|p1a: Raging Bolt|Thunderbolt|p2a: Slowking
|-damage|p2a: Slowking|59/100
|
|upkeep
|turn|24
|
|t:|1779718619
|move|p1a: Raging Bolt|Thunderbolt|p2a: Slowking
|-damage|p2a: Slowking|28/100
|-prepare|p2a: Slowking|Chilly Reception|[premajor]
|move|p2a: Slowking|Chilly Reception|p2a: Slowking
|-weather|Snowscape
|
|t:|1779718622
|switch|p2a: Fezandipiti|Fezandipiti, M|100/100|[from] Chilly Reception
|
|-weather|Snowscape|[upkeep]
|upkeep
|turn|25
|
|t:|1779718634
|move|p2a: Fezandipiti|Beat Up|p1a: Raging Bolt
|-damage|p1a: Raging Bolt|66/100
|-status|p1a: Raging Bolt|tox|[from] ability: Toxic Chain|[of] p2a: Fezandipiti
|-damage|p1a: Raging Bolt|63/100 tox
|-damage|p1a: Raging Bolt|60/100 tox
|-damage|p1a: Raging Bolt|57/100 tox
|-damage|p1a: Raging Bolt|54/100 tox
|-hitcount|p1a: Raging Bolt|5
|move|p1a: Raging Bolt|Thunderbolt|p2a: Fezandipiti
|-damage|p2a: Fezandipiti|68/100
|
|-weather|Snowscape|[upkeep]
|-damage|p1a: Raging Bolt|48/100 tox|[from] psn
|upkeep
|turn|26
|
|t:|1779718640
|move|p2a: Fezandipiti|Roost|p2a: Fezandipiti
|-heal|p2a: Fezandipiti|100/100
|-singleturn|p2a: Fezandipiti|move: Roost
|move|p1a: Raging Bolt|Volt Switch|p2a: Fezandipiti
|-damage|p2a: Fezandipiti|71/100
|
|t:|1779718642
|-end|p1a: Raging Bolt|Protosynthesis|[silent]
|switch|p1a: Landorus|Landorus-Therian, M|10/100|[from] Volt Switch
|-ability|p1a: Landorus|Intimidate|boost
|-unboost|p2a: Fezandipiti|atk|1
|
|-weather|Snowscape|[upkeep]
|upkeep
|turn|27
|
|t:|1779718646
|switch|p2a: Corviknight|Corviknight, F, shiny|78/100
|-damage|p2a: Corviknight|65/100|[from] Stealth Rock
|-ability|p2a: Corviknight|Pressure
|move|p1a: Landorus|Earthquake|p2a: Corviknight
|-immune|p2a: Corviknight
|
|-weather|Snowscape|[upkeep]
|upkeep
|turn|28
|
|t:|1779718649
|move|p1a: Landorus|Stone Edge|p2a: Corviknight
|-crit|p2a: Corviknight
|-damage|p2a: Corviknight|34/100
|move|p2a: Corviknight|Defog|p1a: Landorus
|-unboost|p1a: Landorus|evasion|1
|-sideend|p2: jojosworld|Stealth Rock|[from] move: Defog|[of] p2a: Corviknight
|
|-weather|none
|upkeep
|turn|29
|-message|chillncurry forfeited.
|
|win|jojosworld
|raw|chillncurry's rating: 1567 &rarr; <strong>1544</strong><br />(-23 for losing)
|raw|jojosworld's rating: 1508 &rarr; <strong>1531</strong><br />(+23 for winning)
|l|☆chillncurry
|player|p1|
