|j|☆wyldtype
|j|☆ChudleyDw1irks67
|t:|1779702492
|gametype|singles
|player|p1|wyldtype|1|1061
|player|p2|ChudleyDw1irks67|pokefan-gen4|1104
|gen|9
|tier|[Gen 9] OU
|rated|
|rule|HP Percentage Mod: HP is shown in percentages
|rule|Endless Battle Clause: Forcing endless battles is banned
|rule|Species Clause: Limit one of each Pokémon
|rule|OHKO Clause: OHKO moves are banned
|rule|Evasion Items Clause: Evasion items are banned
|rule|Evasion Moves Clause: Evasion moves are banned
|rule|Evasion Abilities Clause: Evasion abilities are banned
|rule|Sleep Moves Clause: Sleep-inducing moves are banned
|clearpoke
|poke|p1|Meowscarada, F|
|poke|p1|Cinderace, F|
|poke|p1|Scizor, F|
|poke|p1|Coalossal, F|
|poke|p1|Enamorus, F|
|poke|p1|Ting-Lu|
|poke|p2|Exeggutor-Alola, M|
|poke|p2|Slowking-Galar, F|
|poke|p2|Torkoal, F|
|poke|p2|Ursaluna, F|
|poke|p2|Hatterene, F|
|poke|p2|Great Tusk|
|teampreview
|c|☆ChudleyDw1irks67|cool coallasall
|c|☆ChudleyDw1irks67|coolasall
|
|t:|1779702531
|teamsize|p1|6
|teamsize|p2|6
|start
|switch|p1a: Meowscarada|Meowscarada, F|100/100
|switch|p2a: Slowking|Slowking-Galar, F|100/100
|turn|1
|
|t:|1779702544
|move|p1a: Meowscarada|U-turn|p2a: Slowking
|-start|p1a: Meowscarada|typechange|Bug|[from] ability: Protean
|-damage|p2a: Slowking|76/100
|c|☆ChudleyDw1irks67|is that banded?
|
|t:|1779702555
|switch|p1a: Ting-Lu|Ting-Lu|100/100|[from] U-turn
|-ability|p1a: Ting-Lu|Vessel of Ruin
|move|p2a: Slowking|Trick Room|p2a: Slowking
|-fieldstart|move: Trick Room|[of] p2a: Slowking
|
|-heal|p2a: Slowking|82/100|[from] item: Leftovers
|upkeep
|turn|2
|
|t:|1779702567
|switch|p2a: Ursaluna|Ursaluna, F|100/100
|move|p1a: Ting-Lu|Taunt|p2a: Ursaluna
|-start|p2a: Ursaluna|move: Taunt
|
|-status|p2a: Ursaluna|brn|[from] item: Flame Orb
|upkeep
|turn|3
|
|t:|1779702581
|move|p2a: Ursaluna|Facade|p1a: Ting-Lu
|-damage|p1a: Ting-Lu|44/100
|-damage|p2a: Ursaluna|84/100 brn|[from] item: Rocky Helmet|[of] p1a: Ting-Lu
|move|p1a: Ting-Lu|Stealth Rock|p2a: Ursaluna
|-sidestart|p2: ChudleyDw1irks67|move: Stealth Rock
|
|-damage|p2a: Ursaluna|78/100 brn|[from] brn
|upkeep
|turn|4
|inactive|Battle timer is ON: inactive players will automatically lose when time's up. (requested by ChudleyDw1irks67)
|inactive|wyldtype has 120 seconds left.
|
|t:|1779702676
|switch|p1a: Scizor|Scizor, F|100/100
|move|p2a: Ursaluna|Facade|p1a: Scizor
|-resisted|p1a: Scizor
|-damage|p1a: Scizor|37/100
|
|-damage|p2a: Ursaluna|71/100 brn|[from] brn
|-end|p2a: Ursaluna|move: Taunt
|upkeep
|turn|5
|inactive|ChudleyDw1irks67 has 120 seconds left.
|
|t:|1779702708
|move|p1a: Scizor|Bullet Punch|p2a: Ursaluna
|-damage|p2a: Ursaluna|46/100 brn
|move|p2a: Ursaluna|Facade|p1a: Scizor
|-resisted|p1a: Scizor
|-damage|p1a: Scizor|0 fnt
|faint|p1a: Scizor
|
|-damage|p2a: Ursaluna|40/100 brn|[from] brn
|-fieldend|move: Trick Room
|upkeep
|inactive|wyldtype has 120 seconds left.
|inactive|wyldtype has 90 seconds left.
|
|t:|1779702779
|switch|p1a: Ting-Lu|Ting-Lu|44/100
|-ability|p1a: Ting-Lu|Vessel of Ruin
|turn|6
|
|t:|1779702784
|move|p1a: Ting-Lu|Stealth Rock||[still]
|-fail|p1a: Ting-Lu
|move|p2a: Ursaluna|Facade|p1a: Ting-Lu
|-damage|p1a: Ting-Lu|0 fnt
|-damage|p2a: Ursaluna|23/100 brn|[from] item: Rocky Helmet|[of] p1a: Ting-Lu
|faint|p1a: Ting-Lu
|
|-damage|p2a: Ursaluna|17/100 brn|[from] brn
|upkeep
|c|☆ChudleyDw1irks67|vas?
|c|☆ChudleyDw1irks67|miss lick?
|
|t:|1779702795
|switch|p1a: Meowscarada|Meowscarada, F|100/100
|turn|7
|
|t:|1779702800
|move|p1a: Meowscarada|Flower Trick|p2a: Ursaluna
|-start|p1a: Meowscarada|typechange|Grass|[from] ability: Protean
|-supereffective|p2a: Ursaluna
|-crit|p2a: Ursaluna
|-damage|p2a: Ursaluna|0 fnt
|faint|p2a: Ursaluna
|
|upkeep
|
|t:|1779702810
|switch|p2a: Slowking|Slowking-Galar, F|100/100
|-damage|p2a: Slowking|88/100|[from] Stealth Rock
|turn|8
|
|t:|1779702834
|move|p1a: Meowscarada|U-turn|p2a: Slowking
|-damage|p2a: Slowking|72/100
|
|t:|1779702839
|switch|p1a: Enamorus|Enamorus, F|100/100|[from] U-turn
|move|p2a: Slowking|Trick Room|p2a: Slowking
|-fieldstart|move: Trick Room|[of] p2a: Slowking
|
|-heal|p2a: Slowking|78/100|[from] item: Leftovers
|upkeep
|turn|9
|inactive|wyldtype has 60 seconds left.
|
|t:|1779702865
|-prepare|p2a: Slowking|Chilly Reception|[premajor]
|move|p2a: Slowking|Chilly Reception|p2a: Slowking
|-weather|Snowscape
|
|t:|1779702868
|switch|p2a: Torkoal|Torkoal, F|100/100|[from] Chilly Reception
|-damage|p2a: Torkoal|75/100|[from] Stealth Rock
|-weather|SunnyDay|[from] ability: Drought|[of] p2a: Torkoal
|move|p1a: Enamorus|Earth Power|p2a: Torkoal
|-supereffective|p2a: Torkoal
|-damage|p2a: Torkoal|0 fnt
|faint|p2a: Torkoal
|
|-weather|SunnyDay|[upkeep]
|upkeep
|
|t:|1779702871
|switch|p2a: Exeggutor|Exeggutor-Alola, M|100/100
|-damage|p2a: Exeggutor|88/100|[from] Stealth Rock
|turn|10
|inactive|wyldtype has 60 seconds left.
|
|t:|1779702896
|-terastallize|p2a: Exeggutor|Fire
|move|p2a: Exeggutor|Flamethrower|p1a: Enamorus
|-damage|p1a: Enamorus|15/100
|move|p1a: Enamorus|Mystical Fire|p2a: Exeggutor
|-resisted|p2a: Exeggutor
|-damage|p2a: Exeggutor|65/100
|-unboost|p2a: Exeggutor|spa|1
|
|-weather|SunnyDay|[upkeep]
|upkeep
|turn|11
|inactive|wyldtype has 60 seconds left.
|
|t:|1779702916
|move|p2a: Exeggutor|Flamethrower|p1a: Enamorus
|-damage|p1a: Enamorus|0 fnt
|faint|p1a: Enamorus
|
|-weather|SunnyDay|[upkeep]
|upkeep
|
|t:|1779702923
|switch|p1a: Meowscarada|Meowscarada, F|100/100
|turn|12
|
|t:|1779702929
|switch|p1a: Coalossal|Coalossal, F|100/100
|move|p2a: Exeggutor|Flamethrower|p1a: Coalossal
|-resisted|p1a: Coalossal
|-damage|p1a: Coalossal|90/100
|-ability|p1a: Coalossal|Steam Engine|boost
|-boost|p1a: Coalossal|spe|6
|
|-weather|SunnyDay|[upkeep]
|-fieldend|move: Trick Room
|upkeep
|turn|13
|
|t:|1779702941
|move|p1a: Coalossal|Meteor Beam||[still]
|-prepare|p1a: Coalossal|Meteor Beam
|-boost|p1a: Coalossal|spa|1
|-enditem|p1a: Coalossal|Power Herb
|-anim|p1a: Coalossal|Meteor Beam|p2a: Exeggutor
|-supereffective|p2a: Exeggutor
|-damage|p2a: Exeggutor|0 fnt
|faint|p2a: Exeggutor
|
|-weather|SunnyDay|[upkeep]
|upkeep
|
|t:|1779702951
|switch|p2a: Hatterene|Hatterene, F|100/100
|-damage|p2a: Hatterene|88/100|[from] Stealth Rock
|turn|14
|
|t:|1779702958
|move|p1a: Coalossal|Heat Wave|p2a: Hatterene
|-damage|p2a: Hatterene|25/100
|move|p2a: Hatterene|Trick Room|p2a: Hatterene
|-fieldstart|move: Trick Room|[of] p2a: Hatterene
|
|-weather|SunnyDay|[upkeep]
|-heal|p2a: Hatterene|31/100|[from] item: Leftovers
|upkeep
|turn|15
|
|t:|1779702966
|move|p2a: Hatterene|Nuzzle|p1a: Coalossal
|-damage|p1a: Coalossal|86/100
|-status|p1a: Coalossal|par
|move|p1a: Coalossal|Meteor Beam||[still]
|-prepare|p1a: Coalossal|Meteor Beam
|-boost|p1a: Coalossal|spa|1
|
|-weather|SunnyDay|[upkeep]
|-heal|p2a: Hatterene|37/100|[from] item: Leftovers
|upkeep
|turn|16
|
|t:|1779702976
|move|p2a: Hatterene|Healing Wish|p2a: Hatterene
|faint|p2a: Hatterene
|move|p1a: Coalossal|Meteor Beam|p2: Hatterene|[from] lockedmove|[notarget]
|-fail|p1a: Coalossal
|
|-weather|none
|upkeep
|
|t:|1779702981
|switch|p2a: Great Tusk|Great Tusk|100/100
|-damage|p2a: Great Tusk|97/100|[from] Stealth Rock
|turn|17
|inactive|wyldtype has 90 seconds left.
|
|t:|1779702995
|-terastallize|p1a: Coalossal|Rock
|move|p1a: Coalossal|Scald|p2a: Great Tusk
|-supereffective|p2a: Great Tusk
|-damage|p2a: Great Tusk|0 fnt
|faint|p2a: Great Tusk
|-end|p2a: Great Tusk|Protosynthesis|[silent]
|
|upkeep
|-message|ChudleyDw1irks67 forfeited.
|
|win|wyldtype
|raw|wyldtype's rating: 1061 &rarr; <strong>1096</strong><br />(+35 for winning)
|raw|ChudleyDw1irks67's rating: 1104 &rarr; <strong>1076</strong><br />(-28 for losing)
|l|☆ChudleyDw1irks67
|player|p2|
|l|☆wyldtype
|player|p1|
