|j|☆vavlen
|j|☆gen3rand0mizerking
|t:|1779721411
|gametype|singles
|player|p1|vavlen|170|1118
|player|p2|gen3rand0mizerking|palmer|1110
|gen|9
|tier|[Gen 9] OU
|rated|
|rule|HP Percentage Mod: HP is shown in percentages
|rule|Endless Battle Clause: Forcing endless battles is banned
|rule|Species Clause: Limit one of each Pokémon
|rule|OHKO Clause: OHKO moves are banned
|rule|Evasion Items Clause: Evasion items are banned
|rule|Evasion Moves Clause: Evasion moves are banned
|rule|Evasion Abilities Clause: Evasion abilities are banned
|rule|Sleep Moves Clause: Sleep-inducing moves are banned
|clearpoke
|poke|p1|Polteageist|
|poke|p1|Uxie|
|poke|p1|Iron Valiant|
|poke|p1|Cloyster, F|
|poke|p1|Scizor, F|
|poke|p1|Moltres-Galar|
|poke|p2|Gliscor, F|
|poke|p2|Blissey, F|
|poke|p2|Clodsire, F|
|poke|p2|Incineroar, F|
|poke|p2|Moltres-Galar|
|poke|p2|Chesnaught, F|
|teampreview
|inactive|Battle timer is ON: inactive players will automatically lose when time's up. (requested by gen3rand0mizerking)
|
|t:|1779721424
|teamsize|p1|6
|teamsize|p2|6
|start
|switch|p1a: Uxie|Uxie|100/100
|switch|p2a: Incineroar|Incineroar, F|100/100
|-ability|p2a: Incineroar|Intimidate|boost
|-unboost|p1a: Uxie|atk|1
|turn|1
|
|t:|1779721437
|move|p2a: Incineroar|Knock Off|p1a: Uxie
|-supereffective|p1a: Uxie
|-damage|p1a: Uxie|51/100
|-enditem|p1a: Uxie|Light Clay|[from] move: Knock Off|[of] p2a: Incineroar
|move|p1a: Uxie|Reflect|p1a: Uxie
|-sidestart|p1: vavlen|Reflect
|
|upkeep
|turn|2
|
|t:|1779721446
|move|p2a: Incineroar|Taunt|p1a: Uxie
|-start|p1a: Uxie|move: Taunt
|cant|p1a: Uxie|move: Taunt|Stealth Rock
|
|upkeep
|turn|3
|
|t:|1779721454
|switch|p1a: Iron Valiant|Iron Valiant|100/100
|-enditem|p1a: Iron Valiant|Booster Energy
|-activate|p1a: Iron Valiant|ability: Quark Drive|[fromitem]
|-start|p1a: Iron Valiant|quarkdrivespe
|move|p2a: Incineroar|Parting Shot|p1a: Iron Valiant
|-unboost|p1a: Iron Valiant|atk|1
|-unboost|p1a: Iron Valiant|spa|1
|
|t:|1779721462
|switch|p2a: Chesnaught|Chesnaught, F|100/100|[from] Parting Shot
|
|upkeep
|turn|4
|
|t:|1779721480
|-end|p1a: Iron Valiant|Quark Drive|[silent]
|switch|p1a: Uxie|Uxie|51/100
|-terastallize|p2a: Chesnaught|Normal
|move|p2a: Chesnaught|Leech Seed|p1a: Uxie
|-start|p1a: Uxie|move: Leech Seed
|
|-damage|p1a: Uxie|38/100|[from] Leech Seed|[of] p2a: Chesnaught
|upkeep
|turn|5
|
|t:|1779721491
|switch|p2a: Moltres|Moltres-Galar|100/100
|move|p1a: Uxie|Stealth Rock|p2a: Moltres
|-sidestart|p2: gen3rand0mizerking|move: Stealth Rock
|
|-damage|p1a: Uxie|26/100|[from] Leech Seed|[of] p2a: Moltres
|-sideend|p1: vavlen|Reflect
|upkeep
|turn|6
|
|t:|1779721503
|move|p2a: Moltres|Nasty Plot|p2a: Moltres
|-boost|p2a: Moltres|spa|2
|move|p1a: Uxie|Memento|p2a: Moltres
|-unboost|p2a: Moltres|atk|2
|-unboost|p2a: Moltres|spa|2
|faint|p1a: Uxie
|
|upkeep
|
|t:|1779721511
|switch|p1a: Cloyster|Cloyster, F|100/100
|turn|7
|
|t:|1779721518
|switch|p2a: Incineroar|Incineroar, F|100/100
|-ability|p2a: Incineroar|Intimidate|boost
|-unboost|p1a: Cloyster|atk|1
|-enditem|p1a: Cloyster|White Herb
|-clearnegativeboost|p1a: Cloyster|[silent]
|move|p1a: Cloyster|Shell Smash|p1a: Cloyster
|-unboost|p1a: Cloyster|def|1
|-unboost|p1a: Cloyster|spd|1
|-boost|p1a: Cloyster|atk|2
|-boost|p1a: Cloyster|spa|2
|-boost|p1a: Cloyster|spe|2
|
|upkeep
|turn|8
|
|t:|1779721532
|move|p1a: Cloyster|Rock Blast|p2a: Incineroar
|-supereffective|p2a: Incineroar
|-damage|p2a: Incineroar|73/100
|-supereffective|p2a: Incineroar
|-damage|p2a: Incineroar|48/100
|-supereffective|p2a: Incineroar
|-damage|p2a: Incineroar|21/100
|-supereffective|p2a: Incineroar
|-damage|p2a: Incineroar|0 fnt
|faint|p2a: Incineroar
|-hitcount|p2: Incineroar|4
|
|upkeep
|
|t:|1779721538
|switch|p2a: Clodsire|Clodsire, F|100/100
|turn|9
|
|t:|1779721547
|move|p1a: Cloyster|Icicle Spear|p2a: Clodsire
|-supereffective|p2a: Clodsire
|-damage|p2a: Clodsire|78/100
|-supereffective|p2a: Clodsire
|-damage|p2a: Clodsire|54/100
|-supereffective|p2a: Clodsire
|-damage|p2a: Clodsire|32/100
|-supereffective|p2a: Clodsire
|-damage|p2a: Clodsire|10/100
|-supereffective|p2a: Clodsire
|-damage|p2a: Clodsire|0 fnt
|faint|p2a: Clodsire
|-hitcount|p2: Clodsire|5
|
|upkeep
|
|t:|1779721558
|switch|p2a: Blissey|Blissey, F|100/100
|turn|10
|
|t:|1779721563
|move|p1a: Cloyster|Icicle Spear|p2a: Blissey
|-damage|p2a: Blissey|83/100
|-damage|p2a: Blissey|64/100
|-damage|p2a: Blissey|45/100
|-damage|p2a: Blissey|28/100
|-damage|p2a: Blissey|11/100
|-hitcount|p2a: Blissey|5
|move|p2a: Blissey|Calm Mind|p2a: Blissey
|-boost|p2a: Blissey|spa|1
|-boost|p2a: Blissey|spd|1
|
|upkeep
|turn|11
|-message|gen3rand0mizerking forfeited.
|
|win|vavlen
|raw|vavlen's rating: 1118 &rarr; <strong>1142</strong><br />(+24 for winning)
|raw|gen3rand0mizerking's rating: 1110 &rarr; <strong>1086</strong><br />(-24 for losing)
|l|☆gen3rand0mizerking
|player|p2|
|l|☆vavlen
|player|p1|
