|j|☆cally the trainer
|j|☆zarkky
|t:|1779705216
|gametype|singles
|player|p1|cally the trainer|unknown|1056
|player|p2|zarkky|1|1102
|gen|9
|tier|[Gen 9] OU
|rated|
|rule|HP Percentage Mod: HP is shown in percentages
|rule|Endless Battle Clause: Forcing endless battles is banned
|rule|Species Clause: Limit one of each Pokémon
|rule|OHKO Clause: OHKO moves are banned
|rule|Evasion Items Clause: Evasion items are banned
|rule|Evasion Moves Clause: Evasion moves are banned
|rule|Evasion Abilities Clause: Evasion abilities are banned
|rule|Sleep Moves Clause: Sleep-inducing moves are banned
|clearpoke
|poke|p1|Glimmora, F|
|poke|p1|Garganacl, F|
|poke|p1|Iron Boulder|
|poke|p1|Ogerpon-Wellspring, F|
|poke|p1|Gliscor, F|
|poke|p1|Darkrai|
|poke|p2|Blissey, F|
|poke|p2|Klawf, M|
|poke|p2|Corviknight, F|
|poke|p2|Toxapex, F|
|poke|p2|Dondozo, F|
|poke|p2|Gliscor, F|
|teampreview
|inactive|Battle timer is ON: inactive players will automatically lose when time's up. (requested by cally the trainer)
|
|t:|1779705221
|teamsize|p1|6
|teamsize|p2|6
|start
|switch|p1a: Glimmora|Glimmora, F|100/100
|switch|p2a: Toxapex|Toxapex, F|100/100
|turn|1
|
|t:|1779705231
|move|p1a: Glimmora|Meteor Beam||[still]
|-prepare|p1a: Glimmora|Meteor Beam
|-boost|p1a: Glimmora|spa|1
|-enditem|p1a: Glimmora|Power Herb
|-anim|p1a: Glimmora|Meteor Beam|p2a: Toxapex
|-damage|p2a: Toxapex|20/100
|move|p2a: Toxapex|Toxic Spikes|p1a: Glimmora
|-sidestart|p1: cally the trainer|move: Toxic Spikes
|
|upkeep
|turn|2
|
|t:|1779705242
|move|p1a: Glimmora|Mortal Spin|p2a: Toxapex
|-resisted|p2a: Toxapex
|-damage|p2a: Toxapex|18/100
|-sideend|p1: cally the trainer|Toxic Spikes|[from] move: Mortal Spin|[of] p1a: Glimmora
|move|p2a: Toxapex|Recover|p2a: Toxapex
|-heal|p2a: Toxapex|68/100
|
|upkeep
|turn|3
|
|t:|1779705249
|move|p1a: Glimmora|Rock Polish|p1a: Glimmora
|-boost|p1a: Glimmora|spe|2
|move|p2a: Toxapex|Toxic Spikes|p1a: Glimmora
|-sidestart|p1: cally the trainer|move: Toxic Spikes
|
|upkeep
|turn|4
|
|t:|1779705254
|move|p1a: Glimmora|Meteor Beam||[still]
|-prepare|p1a: Glimmora|Meteor Beam
|-boost|p1a: Glimmora|spa|1
|move|p2a: Toxapex|Haze|p2a: Toxapex
|-clearallboost
|
|upkeep
|turn|5
|
|t:|1779705259
|move|p1a: Glimmora|Meteor Beam|p2a: Toxapex|[from] lockedmove
|-damage|p2a: Toxapex|13/100
|move|p2a: Toxapex|Toxic Spikes|p1a: Glimmora
|-sidestart|p1: cally the trainer|move: Toxic Spikes
|
|upkeep
|turn|6
|
|t:|1779705269
|move|p1a: Glimmora|Meteor Beam||[still]
|-prepare|p1a: Glimmora|Meteor Beam
|-boost|p1a: Glimmora|spa|1
|move|p2a: Toxapex|Recover|p2a: Toxapex
|-heal|p2a: Toxapex|63/100
|
|upkeep
|turn|7
|
|t:|1779705288
|move|p1a: Glimmora|Meteor Beam|p2a: Toxapex|[from] lockedmove
|-damage|p2a: Toxapex|0 fnt
|faint|p2a: Toxapex
|
|upkeep
|
|t:|1779705291
|switch|p2a: Dondozo|Dondozo, F|100/100
|turn|8
|
|t:|1779705296
|move|p1a: Glimmora|Mortal Spin|p2a: Dondozo
|-damage|p2a: Dondozo|98/100
|-status|p2a: Dondozo|psn
|-sideend|p1: cally the trainer|Toxic Spikes|[from] move: Mortal Spin|[of] p1a: Glimmora
|move|p2a: Dondozo|Body Press|p1a: Glimmora
|-damage|p1a: Glimmora|65/100
|-activate|p1a: Glimmora|ability: Toxic Debris
|-sidestart|p2: zarkky|move: Toxic Spikes
|
|-damage|p2a: Dondozo|85/100 psn|[from] psn
|upkeep
|turn|9
|
|t:|1779705312
|move|p1a: Glimmora|Meteor Beam||[still]
|-prepare|p1a: Glimmora|Meteor Beam
|-boost|p1a: Glimmora|spa|1
|move|p2a: Dondozo|Body Press|p1a: Glimmora
|-damage|p1a: Glimmora|30/100
|-activate|p1a: Glimmora|ability: Toxic Debris
|-sidestart|p2: zarkky|move: Toxic Spikes
|
|-damage|p2a: Dondozo|73/100 psn|[from] psn
|upkeep
|turn|10
|
|t:|1779705317
|move|p1a: Glimmora|Meteor Beam|p2a: Dondozo|[from] lockedmove
|-damage|p2a: Dondozo|18/100 psn
|move|p2a: Dondozo|Body Press|p1a: Glimmora
|-damage|p1a: Glimmora|0 fnt
|faint|p1a: Glimmora
|
|-damage|p2a: Dondozo|5/100 psn|[from] psn
|upkeep
|
|t:|1779705329
|switch|p1a: Garganacl|Garganacl, F|100/100
|turn|11
|
|t:|1779705338
|move|p1a: Garganacl|Stealth Rock|p2a: Dondozo
|-sidestart|p2: zarkky|move: Stealth Rock
|move|p2a: Dondozo|Rest|p2a: Dondozo
|-status|p2a: Dondozo|slp|[from] move: Rest
|-heal|p2a: Dondozo|100/100 slp|[silent]
|
|upkeep
|turn|12
|
|t:|1779705345
|move|p1a: Garganacl|Salt Cure|p2a: Dondozo
|-damage|p2a: Dondozo|93/100 slp
|-start|p2a: Dondozo|Salt Cure
|cant|p2a: Dondozo|slp
|move|p2a: Dondozo|Sleep Talk|p2a: Dondozo
|move|p2a: Dondozo|Avalanche|p1a: Garganacl|[from] move: Sleep Talk
|-damage|p1a: Garganacl|80/100
|
|-heal|p1a: Garganacl|86/100|[from] item: Leftovers
|-damage|p2a: Dondozo|68/100 slp|[from] Salt Cure
|upkeep
|turn|13
|
|t:|1779705357
|cant|p2a: Dondozo|slp
|move|p2a: Dondozo|Sleep Talk|p2a: Dondozo
|move|p2a: Dondozo|Rest||[from] move: Sleep Talk|[still]
|-fail|p2a: Dondozo
|move|p1a: Garganacl|Earthquake|p2a: Dondozo
|-damage|p2a: Dondozo|54/100 slp
|
|-heal|p1a: Garganacl|92/100|[from] item: Leftovers
|-damage|p2a: Dondozo|29/100 slp|[from] Salt Cure
|upkeep
|turn|14
|
|t:|1779705378
|move|p1a: Garganacl|Earthquake|p2a: Dondozo
|-damage|p2a: Dondozo|17/100 slp
|-curestatus|p2a: Dondozo|slp|[msg]
|move|p2a: Dondozo|Sleep Talk||[still]
|-fail|p2a: Dondozo
|
|-heal|p1a: Garganacl|98/100|[from] item: Leftovers
|-damage|p2a: Dondozo|0 fnt|[from] Salt Cure
|faint|p2a: Dondozo
|upkeep
|
|t:|1779705385
|switch|p2a: Klawf|Klawf, M|100/100
|-status|p2a: Klawf|tox
|-damage|p2a: Klawf|88/100 tox|[from] Stealth Rock
|turn|15
|
|t:|1779705396
|move|p2a: Klawf|Crabhammer|p1a: Garganacl
|-supereffective|p1a: Garganacl
|-damage|p1a: Garganacl|61/100
|move|p1a: Garganacl|Earthquake|p2a: Klawf
|-supereffective|p2a: Klawf
|-damage|p2a: Klawf|50/100 tox
|
|-heal|p1a: Garganacl|67/100|[from] item: Leftovers
|-damage|p2a: Klawf|44/100 tox|[from] psn
|upkeep
|turn|16
|
|t:|1779705407
|move|p2a: Klawf|Crabhammer|p1a: Garganacl
|-supereffective|p1a: Garganacl
|-damage|p1a: Garganacl|27/100
|move|p1a: Garganacl|Earthquake|p2a: Klawf
|-supereffective|p2a: Klawf
|-damage|p2a: Klawf|0 fnt
|faint|p2a: Klawf
|
|-heal|p1a: Garganacl|33/100|[from] item: Leftovers
|upkeep
|-message|zarkky forfeited.
|
|win|cally the trainer
|raw|cally the trainer's rating: 1056 &rarr; <strong>1092</strong><br />(+36 for winning)
|raw|zarkky's rating: 1102 &rarr; <strong>1074</strong><br />(-28 for losing)
|l|☆zarkky
|player|p2|
|l|☆cally the trainer
|player|p1|
