|j|☆claudechamp
|j|☆Curbs
|t:|1779725036
|gametype|singles
|player|p1|claudechamp|265|1274
|player|p2|Curbs|n|1301
|gen|9
|tier|[Gen 9] OU
|rated|
|rule|HP Percentage Mod: HP is shown in percentages
|rule|Endless Battle Clause: Forcing endless battles is banned
|rule|Species Clause: Limit one of each Pokémon
|rule|OHKO Clause: OHKO moves are banned
|rule|Evasion Items Clause: Evasion items are banned
|rule|Evasion Moves Clause: Evasion moves are banned
|rule|Evasion Abilities Clause: Evasion abilities are banned
|rule|Sleep Moves Clause: Sleep-inducing moves are banned
|clearpoke
|poke|p1|Gliscor, M|
|poke|p1|Gholdengo|
|poke|p1|Zamazenta-*|
|poke|p1|Blissey, F|
|poke|p1|Skarmory, M|
|poke|p1|Pecharunt|
|poke|p2|Iron Moth|
|poke|p2|Gliscor, M|
|poke|p2|Hatterene, F|
|poke|p2|Ogerpon-Wellspring, F|
|poke|p2|Raging Bolt|
|poke|p2|Zamazenta-*|
|teampreview
|inactive|Battle timer is ON: inactive players will automatically lose when time's up. (requested by Curbs)
|c|☆claudechamp|hf
|inactive|claudechamp also wants the timer to be on.
|inactive|Curbs has 120 seconds left.
|
|t:|1779725088
|teamsize|p1|6
|teamsize|p2|6
|start
|switch|p1a: Skarmory|Skarmory, M|100/100
|switch|p2a: Zamazenta|Zamazenta|100/100
|-ability|p2a: Zamazenta|Dauntless Shield|boost
|-boost|p2a: Zamazenta|def|1
|turn|1
|
|t:|1779725093
|move|p2a: Zamazenta|Reflect|p2a: Zamazenta
|-sidestart|p2: Curbs|Reflect
|move|p1a: Skarmory|Spikes|p2a: Zamazenta
|-sidestart|p2: Curbs|Spikes
|
|upkeep
|turn|2
|
|t:|1779725097
|switch|p2a: Hatterene|Hatterene, F|100/100
|-damage|p2a: Hatterene|88/100|[from] Spikes
|move|p1a: Skarmory|Spikes|p2a: Hatterene
|move|p2a: Hatterene|Spikes|p1a: Skarmory|[from] ability: Magic Bounce
|-sidestart|p1: claudechamp|Spikes
|
|-heal|p2a: Hatterene|94/100|[from] item: Leftovers
|upkeep
|turn|3
|
|t:|1779725104
|switch|p1a: Gliscor|Gliscor, M|100/100
|move|p2a: Hatterene|Mystical Fire|p1a: Gliscor
|-damage|p1a: Gliscor|80/100
|-unboost|p1a: Gliscor|spa|1
|
|-heal|p2a: Hatterene|99/100|[from] item: Leftovers
|-status|p1a: Gliscor|tox|[from] item: Toxic Orb
|upkeep
|turn|4
|
|t:|1779725110
|move|p1a: Gliscor|Swords Dance|p1a: Gliscor
|-boost|p1a: Gliscor|atk|2
|move|p2a: Hatterene|Calm Mind|p2a: Hatterene
|-boost|p2a: Hatterene|spa|1
|-boost|p2a: Hatterene|spd|1
|
|-heal|p2a: Hatterene|100/100|[from] item: Leftovers
|-heal|p1a: Gliscor|92/100 tox|[from] ability: Poison Heal
|upkeep
|turn|5
|
|t:|1779725114
|-terastallize|p1a: Gliscor|Dark
|move|p1a: Gliscor|Knock Off|p2a: Hatterene
|-damage|p2a: Hatterene|71/100
|-enditem|p2a: Hatterene|Leftovers|[from] move: Knock Off|[of] p1a: Gliscor
|move|p2a: Hatterene|Calm Mind|p2a: Hatterene
|-boost|p2a: Hatterene|spa|1
|-boost|p2a: Hatterene|spd|1
|
|-heal|p1a: Gliscor|100/100 tox|[from] ability: Poison Heal
|upkeep
|turn|6
|
|t:|1779725118
|switch|p1a: Blissey|Blissey, F|100/100
|move|p2a: Hatterene|Draining Kiss|p1a: Blissey
|-damage|p1a: Blissey|87/100
|-heal|p2a: Hatterene|92/100|[from] drain|[of] p1a: Blissey
|
|upkeep
|turn|7
|
|t:|1779725131
|move|p1a: Blissey|Shadow Ball|p2a: Hatterene
|-supereffective|p2a: Hatterene
|-damage|p2a: Hatterene|77/100
|move|p2a: Hatterene|Calm Mind|p2a: Hatterene
|-boost|p2a: Hatterene|spa|1
|-boost|p2a: Hatterene|spd|1
|
|upkeep
|turn|8
|
|t:|1779725134
|move|p1a: Blissey|Shadow Ball|p2a: Hatterene
|-supereffective|p2a: Hatterene
|-damage|p2a: Hatterene|64/100
|move|p2a: Hatterene|Calm Mind|p2a: Hatterene
|-boost|p2a: Hatterene|spa|1
|-boost|p2a: Hatterene|spd|1
|
|-sideend|p2: Curbs|Reflect
|upkeep
|turn|9
|
|t:|1779725137
|move|p1a: Blissey|Shadow Ball|p2a: Hatterene
|-supereffective|p2a: Hatterene
|-damage|p2a: Hatterene|53/100
|-unboost|p2a: Hatterene|spd|1
|move|p2a: Hatterene|Draining Kiss|p1a: Blissey
|-damage|p1a: Blissey|68/100
|-heal|p2a: Hatterene|83/100|[from] drain|[of] p1a: Blissey
|
|upkeep
|turn|10
|
|t:|1779725142
|switch|p1a: Skarmory|Skarmory, M|100/100
|move|p2a: Hatterene|Calm Mind|p2a: Hatterene
|-boost|p2a: Hatterene|spa|1
|-boost|p2a: Hatterene|spd|1
|
|upkeep
|turn|11
|
|t:|1779725146
|move|p2a: Hatterene|Draining Kiss|p1a: Skarmory
|-resisted|p1a: Skarmory
|-damage|p1a: Skarmory|45/100
|-heal|p2a: Hatterene|100/100|[from] drain|[of] p1a: Skarmory
|move|p1a: Skarmory|Whirlwind|p2a: Hatterene
|move|p2a: Hatterene|Whirlwind|p1a: Skarmory|[from] ability: Magic Bounce
|drag|p1a: Pecharunt|Pecharunt|100/100
|
|upkeep
|turn|12
|
|t:|1779725151
|switch|p1a: Blissey|Blissey, F|68/100
|move|p2a: Hatterene|Stored Power|p1a: Blissey
|-damage|p1a: Blissey|0 fnt
|faint|p1a: Blissey
|
|upkeep
|
|t:|1779725154
|switch|p1a: Skarmory|Skarmory, M|45/100
|turn|13
|
|t:|1779725157
|move|p2a: Hatterene|Draining Kiss|p1a: Skarmory
|-resisted|p1a: Skarmory
|-damage|p1a: Skarmory|0 fnt
|faint|p1a: Skarmory
|
|upkeep
|
|t:|1779725163
|switch|p1a: Pecharunt|Pecharunt|100/100
|turn|14
|
|t:|1779725166
|move|p1a: Pecharunt|Shadow Ball|p2a: Hatterene
|-supereffective|p2a: Hatterene
|-damage|p2a: Hatterene|83/100
|move|p2a: Hatterene|Stored Power|p1a: Pecharunt
|-supereffective|p1a: Pecharunt
|-damage|p1a: Pecharunt|0 fnt
|faint|p1a: Pecharunt
|
|upkeep
|
|t:|1779725172
|switch|p1a: Gholdengo|Gholdengo|100/100
|-damage|p1a: Gholdengo|88/100|[from] Spikes
|turn|15
|c|☆Curbs|really quick
|c|☆Curbs|i would've gone for the malignant first to get the toxic chance i think that was the only way
|
|t:|1779725189
|move|p1a: Gholdengo|Hex|p2a: Hatterene
|-supereffective|p2a: Hatterene
|-damage|p2a: Hatterene|64/100
|move|p2a: Hatterene|Mystical Fire|p1a: Gholdengo
|-supereffective|p1a: Gholdengo
|-damage|p1a: Gholdengo|0 fnt
|faint|p1a: Gholdengo
|
|upkeep
|
|t:|1779725193
|switch|p1a: Zamazenta|Zamazenta|100/100
|-ability|p1a: Zamazenta|Dauntless Shield|boost
|-boost|p1a: Zamazenta|def|1
|turn|16
|
|t:|1779725197
|move|p1a: Zamazenta|Ice Fang|p2a: Hatterene
|-damage|p2a: Hatterene|46/100
|-status|p2a: Hatterene|frz
|cant|p2a: Hatterene|frz
|
|upkeep
|turn|17
|
|t:|1779725202
|move|p1a: Zamazenta|Close Combat|p2a: Hatterene
|-resisted|p2a: Hatterene
|-damage|p2a: Hatterene|33/100 frz
|-unboost|p1a: Zamazenta|def|1
|-unboost|p1a: Zamazenta|spd|1
|-curestatus|p2a: Hatterene|frz|[msg]
|move|p2a: Hatterene|Stored Power|p1a: Zamazenta
|-supereffective|p1a: Zamazenta
|-damage|p1a: Zamazenta|0 fnt
|faint|p1a: Zamazenta
|
|upkeep
|
|t:|1779725208
|switch|p1a: Gliscor|Gliscor, M, tera:Dark|100/100 tox
|-damage|p1a: Gliscor|88/100 tox|[from] Spikes
|turn|18
|
|t:|1779725214
|move|p1a: Gliscor|Earthquake|p2a: Hatterene
|-damage|p2a: Hatterene|5/100
|move|p2a: Hatterene|Draining Kiss|p1a: Gliscor
|-supereffective|p1a: Gliscor
|-damage|p1a: Gliscor|0 fnt
|-heal|p2a: Hatterene|78/100|[from] drain|[of] p1a: Gliscor
|faint|p1a: Gliscor
|
|win|Curbs
|raw|claudechamp's rating: 1298 &rarr; <strong>1273</strong><br />(-25 for losing)
|raw|Curbs's rating: 1301 &rarr; <strong>1321</strong><br />(+20 for winning)
|c|☆claudechamp|gg
|c|☆Curbs|gg
|l|☆Curbs
|player|p2|
