|j|☆aboutbean
|j|☆ae12345
|t:|1779648232
|gametype|singles
|player|p1|aboutbean|n|1190
|player|p2|ae12345|ghetsis|1266
|gen|9
|tier|[Gen 9] OU
|rated|
|rule|HP Percentage Mod: HP is shown in percentages
|rule|Endless Battle Clause: Forcing endless battles is banned
|rule|Species Clause: Limit one of each Pokémon
|rule|OHKO Clause: OHKO moves are banned
|rule|Evasion Items Clause: Evasion items are banned
|rule|Evasion Moves Clause: Evasion moves are banned
|rule|Evasion Abilities Clause: Evasion abilities are banned
|rule|Sleep Moves Clause: Sleep-inducing moves are banned
|clearpoke
|poke|p1|Kleavor, M|
|poke|p1|Landorus-Therian, M|
|poke|p1|Gholdengo|
|poke|p1|Dragonite, F|
|poke|p1|Hatterene, F|
|poke|p1|Darkrai|
|poke|p2|Great Tusk|
|poke|p2|Gholdengo|
|poke|p2|Kingambit, F|
|poke|p2|Iron Valiant|
|poke|p2|Corviknight, M|
|poke|p2|Ogerpon-Wellspring, F|
|teampreview
|inactive|Battle timer is ON: inactive players will automatically lose when time's up. (requested by aboutbean)
|
|t:|1779648258
|teamsize|p1|6
|teamsize|p2|6
|start
|switch|p1a: Landorus|Landorus-Therian, M|100/100
|switch|p2a: Gholdengo|Gholdengo|100/100
|-ability|p1a: Landorus|Intimidate|boost
|-unboost|p2a: Gholdengo|atk|1
|-item|p2a: Gholdengo|Air Balloon
|turn|1
|
|t:|1779648267
|move|p1a: Landorus|U-turn|p2a: Gholdengo
|-resisted|p2a: Gholdengo
|-damage|p2a: Gholdengo|96/100
|-enditem|p2a: Gholdengo|Air Balloon
|
|t:|1779648271
|switch|p1a: Alba|Dragonite, F, shiny|100/100|[from] U-turn
|move|p2a: Gholdengo|Shadow Ball|p1a: Alba
|-damage|p1a: Alba|78/100
|
|upkeep
|turn|2
|
|t:|1779648278
|move|p1a: Alba|Earthquake|p2a: Gholdengo
|-supereffective|p2a: Gholdengo
|-damage|p2a: Gholdengo|34/100
|move|p2a: Gholdengo|Make It Rain|p1a: Alba
|-damage|p1a: Alba|9/100
|-unboost|p2a: Gholdengo|spa|1
|
|upkeep
|turn|3
|
|t:|1779648302
|switch|p2a: Corviknight|Corviknight, M|100/100
|-ability|p2a: Corviknight|Pressure
|move|p1a: Alba|Roost|p1a: Alba
|-heal|p1a: Alba|59/100
|-singleturn|p1a: Alba|move: Roost
|
|upkeep
|turn|4
|
|t:|1779648306
|move|p1a: Alba|Roost|p1a: Alba
|-heal|p1a: Alba|100/100
|-singleturn|p1a: Alba|move: Roost
|move|p2a: Corviknight|Reflect|p2a: Corviknight
|-sidestart|p2: ae12345|Reflect
|
|upkeep
|turn|5
|
|t:|1779648313
|switch|p1a: Filo Señorial|Kleavor, M|100/100
|move|p2a: Corviknight|U-turn|p1a: Filo Señorial
|-damage|p1a: Filo Señorial|83/100
|
|t:|1779648320
|switch|p2a: Ogerpon|Ogerpon-Wellspring, F|100/100|[from] U-turn
|
|upkeep
|turn|6
|
|t:|1779648326
|move|p1a: Filo Señorial|U-turn|p2a: Ogerpon
|-supereffective|p2a: Ogerpon
|-damage|p2a: Ogerpon|53/100
|
|t:|1779648338
|switch|p1a: Duke|Darkrai, shiny|100/100|[from] U-turn
|move|p2a: Ogerpon|Ivy Cudgel|p1a: Duke|[anim] Ivy Cudgel Water
|-damage|p1a: Duke|19/100
|
|upkeep
|turn|7
|
|t:|1779648343
|-terastallize|p2a: Ogerpon|Water
|detailschange|p2a: Ogerpon|Ogerpon-Wellspring-Tera, F, tera:Water
|-ability|p2a: Ogerpon|Embody Aspect (Wellspring)|boost
|-boost|p2a: Ogerpon|spd|1
|move|p1a: Duke|Dark Pulse|p2a: Ogerpon
|-damage|p2a: Ogerpon|20/100
|move|p2a: Ogerpon|Horn Leech|p1a: Duke
|-damage|p1a: Duke|0 fnt
|-heal|p2a: Ogerpon|29/100|[from] drain|[of] p1a: Duke
|faint|p1a: Duke
|
|upkeep
|
|t:|1779648359
|switch|p1a: Landorus|Landorus-Therian, M|100/100
|-ability|p1a: Landorus|Intimidate|boost
|-unboost|p2a: Ogerpon|atk|1
|turn|8
|
|t:|1779648365
|switch|p2a: Corviknight|Corviknight, M|100/100
|-ability|p2a: Corviknight|Pressure
|move|p1a: Landorus|U-turn|p2a: Corviknight
|-resisted|p2a: Corviknight
|-damage|p2a: Corviknight|99/100
|
|t:|1779648372
|switch|p1a: A Penny|Gholdengo|100/100|[from] U-turn
|-item|p1a: A Penny|Air Balloon
|
|upkeep
|turn|9
|
|t:|1779648377
|move|p1a: A Penny|Nasty Plot|p1a: A Penny
|-boost|p1a: A Penny|spa|2
|move|p2a: Corviknight|Light Screen|p2a: Corviknight
|-sidestart|p2: ae12345|move: Light Screen
|
|upkeep
|turn|10
|
|t:|1779648379
|move|p1a: A Penny|Nasty Plot|p1a: A Penny
|-boost|p1a: A Penny|spa|2
|move|p2a: Corviknight|U-turn|p1a: A Penny
|-resisted|p1a: A Penny
|-damage|p1a: A Penny|96/100
|-enditem|p1a: A Penny|Air Balloon
|
|t:|1779648392
|switch|p2a: Kingambit|Kingambit, F|100/100|[from] U-turn
|-item|p2a: Kingambit|Air Balloon
|
|upkeep
|turn|11
|
|t:|1779648410
|move|p2a: Kingambit|Sucker Punch|p1a: A Penny
|-supereffective|p1a: A Penny
|-damage|p1a: A Penny|2/100
|move|p1a: A Penny|Shadow Ball|p2a: Kingambit
|-resisted|p2a: Kingambit
|-damage|p2a: Kingambit|69/100
|-enditem|p2a: Kingambit|Air Balloon
|
|-sideend|p2: ae12345|Reflect
|upkeep
|turn|12
|
|t:|1779648414
|move|p1a: A Penny|Recover|p1a: A Penny
|-heal|p1a: A Penny|53/100
|move|p2a: Kingambit|Kowtow Cleave|p1a: A Penny
|-supereffective|p1a: A Penny
|-damage|p1a: A Penny|0 fnt
|faint|p1a: A Penny
|
|upkeep
|
|t:|1779648418
|switch|p1a: Landorus|Landorus-Therian, M|100/100
|-ability|p1a: Landorus|Intimidate|boost
|-unboost|p2a: Kingambit|atk|1
|turn|13
|
|t:|1779648423
|-end|p2a: Kingambit|fallenundefined|[silent]
|switch|p2a: Corviknight|Corviknight, M|99/100
|-ability|p2a: Corviknight|Pressure
|move|p1a: Landorus|Taunt|p2a: Corviknight
|-start|p2a: Corviknight|move: Taunt
|
|upkeep
|turn|14
|
|t:|1779648425
|move|p1a: Landorus|U-turn|p2a: Corviknight
|-resisted|p2a: Corviknight
|-damage|p2a: Corviknight|96/100
|
|t:|1779648432
|switch|p1a: Filo Señorial|Kleavor, M|83/100|[from] U-turn
|move|p2a: Corviknight|U-turn|p1a: Filo Señorial
|-damage|p1a: Filo Señorial|64/100
|
|t:|1779648446
|switch|p2a: Iron Valiant|Iron Valiant, shiny|100/100|[from] U-turn
|-enditem|p2a: Iron Valiant|Booster Energy
|-activate|p2a: Iron Valiant|ability: Quark Drive|[fromitem]
|-start|p2a: Iron Valiant|quarkdrivespe
|
|upkeep
|turn|15
|
|t:|1779648456
|move|p2a: Iron Valiant|Moonblast|p1a: Filo Señorial
|-damage|p1a: Filo Señorial|0 fnt
|faint|p1a: Filo Señorial
|
|upkeep
|
|t:|1779648470
|switch|p1a: Hattie|Hatterene, F|100/100
|turn|16
|
|t:|1779648486
|move|p2a: Iron Valiant|Knock Off|p1a: Hattie
|-damage|p1a: Hattie|70/100
|-enditem|p1a: Hattie|Assault Vest|[from] move: Knock Off|[of] p2a: Iron Valiant
|move|p1a: Hattie|Nuzzle|p2a: Iron Valiant
|-damage|p2a: Iron Valiant|96/100
|-status|p2a: Iron Valiant|par
|
|-sideend|p2: ae12345|move: Light Screen
|upkeep
|turn|17
|
|t:|1779648490
|cant|p2a: Iron Valiant|par
|move|p1a: Hattie|Draining Kiss|p2a: Iron Valiant
|-supereffective|p2a: Iron Valiant
|-damage|p2a: Iron Valiant|0 fnt
|-heal|p1a: Hattie|100/100|[from] drain|[of] p2a: Iron Valiant
|faint|p2a: Iron Valiant
|-end|p2a: Iron Valiant|Quark Drive|[silent]
|
|upkeep
|
|t:|1779648493
|switch|p2a: Gholdengo|Gholdengo|34/100
|turn|18
|
|t:|1779648495
|move|p2a: Gholdengo|Recover|p2a: Gholdengo
|-heal|p2a: Gholdengo|84/100
|move|p1a: Hattie|Mystical Fire|p2a: Gholdengo
|-supereffective|p2a: Gholdengo
|-damage|p2a: Gholdengo|27/100
|-unboost|p2a: Gholdengo|spa|1
|
|upkeep
|turn|19
|
|t:|1779648499
|move|p2a: Gholdengo|Make It Rain|p1a: Hattie
|-supereffective|p1a: Hattie
|-damage|p1a: Hattie|10/100
|-unboost|p2a: Gholdengo|spa|1
|move|p1a: Hattie|Mystical Fire|p2a: Gholdengo
|-supereffective|p2a: Gholdengo
|-damage|p2a: Gholdengo|0 fnt
|faint|p2a: Gholdengo
|
|upkeep
|
|t:|1779648513
|switch|p2a: Ogerpon|Ogerpon-Wellspring-Tera, F, tera:Water|29/100
|-ability|p2a: Ogerpon|Embody Aspect (Wellspring)|boost
|-boost|p2a: Ogerpon|spd|1
|turn|20
|
|t:|1779648516
|move|p2a: Ogerpon|Horn Leech|p1a: Hattie
|-damage|p1a: Hattie|0 fnt
|-heal|p2a: Ogerpon|34/100|[from] drain|[of] p1a: Hattie
|faint|p1a: Hattie
|
|upkeep
|
|t:|1779648520
|switch|p1a: Landorus|Landorus-Therian, M|100/100
|-ability|p1a: Landorus|Intimidate|boost
|-unboost|p2a: Ogerpon|atk|1
|turn|21
|
|t:|1779648525
|switch|p2a: Great Tusk|Great Tusk|100/100
|move|p1a: Landorus|U-turn|p2a: Great Tusk
|-resisted|p2a: Great Tusk
|-damage|p2a: Great Tusk|94/100
|
|t:|1779648527
|switch|p1a: Alba|Dragonite, F, shiny|100/100|[from] U-turn
|
|upkeep
|turn|22
|
|t:|1779648531
|switch|p1a: Landorus|Landorus-Therian, M|100/100
|-ability|p1a: Landorus|Intimidate|boost
|-unboost|p2a: Great Tusk|atk|1
|move|p2a: Great Tusk|Ice Spinner|p1a: Landorus
|-supereffective|p1a: Landorus
|-damage|p1a: Landorus|14/100
|-damage|p2a: Great Tusk|77/100|[from] item: Rocky Helmet|[of] p1a: Landorus
|
|upkeep
|turn|23
|
|t:|1779648537
|move|p1a: Landorus|Earthquake|p2a: Great Tusk
|-damage|p2a: Great Tusk|48/100
|move|p2a: Great Tusk|Ice Spinner|p1a: Landorus
|-supereffective|p1a: Landorus
|-damage|p1a: Landorus|0 fnt
|-damage|p2a: Great Tusk|31/100|[from] item: Rocky Helmet|[of] p1a: Landorus
|faint|p1a: Landorus
|
|upkeep
|
|t:|1779648539
|switch|p1a: Alba|Dragonite, F, shiny|100/100
|turn|24
|
|t:|1779648541
|-end|p2a: Great Tusk|Protosynthesis|[silent]
|switch|p2a: Corviknight|Corviknight, M|96/100
|-ability|p2a: Corviknight|Pressure
|move|p1a: Alba|Dragon Dance|p1a: Alba
|-boost|p1a: Alba|atk|1
|-boost|p1a: Alba|spe|1
|
|upkeep
|turn|25
|
|t:|1779648543
|move|p1a: Alba|Dragon Dance|p1a: Alba
|-boost|p1a: Alba|atk|1
|-boost|p1a: Alba|spe|1
|move|p2a: Corviknight|Reflect|p2a: Corviknight
|-sidestart|p2: ae12345|Reflect
|
|upkeep
|turn|26
|
|t:|1779648545
|move|p1a: Alba|Dragon Dance|p1a: Alba
|-boost|p1a: Alba|atk|1
|-boost|p1a: Alba|spe|1
|move|p2a: Corviknight|U-turn|p1a: Alba
|-resisted|p1a: Alba
|-damage|p1a: Alba|97/100
|
|t:|1779648549
|switch|p2a: Kingambit|Kingambit, F|69/100|[from] U-turn
|-activate|p2a: Kingambit|ability: Supreme Overlord
|-start|p2a: Kingambit|fallen2|[silent]
|
|upkeep
|turn|27
|
|t:|1779648556
|-terastallize|p1a: Alba|Fairy
|move|p2a: Kingambit|Sucker Punch||[still]
|-fail|p2a: Kingambit
|move|p1a: Alba|Dragon Dance|p1a: Alba
|-boost|p1a: Alba|atk|1
|-boost|p1a: Alba|spe|1
|
|upkeep
|turn|28
|
|t:|1779648559
|move|p1a: Alba|Roost|p1a: Alba
|-heal|p1a: Alba|100/100
|move|p2a: Kingambit|Iron Head|p1a: Alba
|-supereffective|p1a: Alba
|-damage|p1a: Alba|35/100
|
|upkeep
|turn|29
|
|t:|1779648562
|move|p1a: Alba|Earthquake|p2a: Kingambit
|-supereffective|p2a: Kingambit
|-damage|p2a: Kingambit|0 fnt
|faint|p2a: Kingambit
|-end|p2a: Kingambit|fallen2|[silent]
|
|upkeep
|
|t:|1779648566
|switch|p2a: Corviknight|Corviknight, M|96/100
|-ability|p2a: Corviknight|Pressure
|turn|30
|
|t:|1779648569
|move|p1a: Alba|Roost|p1a: Alba
|-heal|p1a: Alba|85/100
|move|p2a: Corviknight|U-turn|p1a: Alba
|-resisted|p1a: Alba
|-damage|p1a: Alba|77/100
|
|t:|1779648572
|switch|p2a: Ogerpon|Ogerpon-Wellspring-Tera, F, tera:Water|34/100|[from] U-turn
|-ability|p2a: Ogerpon|Embody Aspect (Wellspring)|boost
|-boost|p2a: Ogerpon|spd|1
|
|upkeep
|turn|31
|
|t:|1779648574
|move|p1a: Alba|Extreme Speed|p2a: Ogerpon
|-damage|p2a: Ogerpon|0 fnt
|faint|p2a: Ogerpon
|detailschange|p2: Ogerpon|Ogerpon-Wellspring, F|[silent]
|
|upkeep
|
|t:|1779648576
|switch|p2a: Great Tusk|Great Tusk|31/100
|turn|32
|
|t:|1779648579
|move|p1a: Alba|Earthquake|p2a: Great Tusk
|-damage|p2a: Great Tusk|0 fnt
|faint|p2a: Great Tusk
|-end|p2a: Great Tusk|Protosynthesis|[silent]
|
|-sideend|p2: ae12345|Reflect
|upkeep
|
|t:|1779648581
|switch|p2a: Corviknight|Corviknight, M|96/100
|-ability|p2a: Corviknight|Pressure
|turn|33
|
|t:|1779648583
|move|p1a: Alba|Dragon Dance|p1a: Alba
|-boost|p1a: Alba|atk|1
|-boost|p1a: Alba|spe|1
|move|p2a: Corviknight|U-turn|p1a: Alba
|-resisted|p1a: Alba
|-damage|p1a: Alba|70/100
|
|upkeep
|turn|34
|
|t:|1779648585
|move|p1a: Alba|Dragon Dance|p1a: Alba
|-boost|p1a: Alba|atk|1
|-boost|p1a: Alba|spe|1
|move|p2a: Corviknight|Reflect|p2a: Corviknight
|-sidestart|p2: ae12345|Reflect
|
|upkeep
|turn|35
|
|t:|1779648590
|move|p1a: Alba|Extreme Speed|p2a: Corviknight
|-resisted|p2a: Corviknight
|-damage|p2a: Corviknight|77/100
|move|p2a: Corviknight|U-turn|p1a: Alba
|-resisted|p1a: Alba
|-damage|p1a: Alba|62/100
|
|upkeep
|turn|36
|
|t:|1779648593
|move|p1a: Alba|Extreme Speed|p2a: Corviknight
|-resisted|p2a: Corviknight
|-damage|p2a: Corviknight|61/100
|move|p2a: Corviknight|U-turn|p1a: Alba
|-resisted|p1a: Alba
|-damage|p1a: Alba|54/100
|
|upkeep
|turn|37
|
|t:|1779648596
|move|p1a: Alba|Roost|p1a: Alba
|-heal|p1a: Alba|100/100
|move|p2a: Corviknight|Roost|p2a: Corviknight
|-heal|p2a: Corviknight|100/100
|-singleturn|p2a: Corviknight|move: Roost
|
|upkeep
|turn|38
|
|t:|1779648599
|move|p1a: Alba|Dragon Dance|p1a: Alba
|-boost|p1a: Alba|atk|0
|-boost|p1a: Alba|spe|0
|move|p2a: Corviknight|Light Screen|p2a: Corviknight
|-sidestart|p2: ae12345|move: Light Screen
|
|upkeep
|turn|39
|
|t:|1779648601
|move|p1a: Alba|Dragon Dance|p1a: Alba
|-boost|p1a: Alba|atk|0
|-boost|p1a: Alba|spe|0
|move|p2a: Corviknight|Reflect||[still]
|-fail|p2a: Corviknight
|
|upkeep
|turn|40
|
|t:|1779648604
|move|p1a: Alba|Dragon Dance|p1a: Alba
|-boost|p1a: Alba|atk|0
|-boost|p1a: Alba|spe|0
|move|p2a: Corviknight|Reflect||[still]
|-fail|p2a: Corviknight
|
|upkeep
|turn|41
|
|t:|1779648606
|move|p1a: Alba|Dragon Dance|p1a: Alba
|-boost|p1a: Alba|atk|0
|-boost|p1a: Alba|spe|0
|move|p2a: Corviknight|Reflect||[still]
|-fail|p2a: Corviknight
|
|-sideend|p2: ae12345|Reflect
|upkeep
|turn|42
|
|t:|1779648608
|move|p1a: Alba|Dragon Dance|p1a: Alba
|-boost|p1a: Alba|atk|0
|-boost|p1a: Alba|spe|0
|move|p2a: Corviknight|Reflect|p2a: Corviknight
|-sidestart|p2: ae12345|Reflect
|
|upkeep
|turn|43
|
|t:|1779648609
|move|p1a: Alba|Dragon Dance|p1a: Alba
|-boost|p1a: Alba|atk|0
|-boost|p1a: Alba|spe|0
|move|p2a: Corviknight|Reflect||[still]
|-fail|p2a: Corviknight
|
|upkeep
|turn|44
|
|t:|1779648612
|move|p1a: Alba|Dragon Dance|p1a: Alba
|-boost|p1a: Alba|atk|0
|-boost|p1a: Alba|spe|0
|move|p2a: Corviknight|Reflect||[still]
|-fail|p2a: Corviknight
|
|upkeep
|turn|45
|
|t:|1779648615
|move|p1a: Alba|Dragon Dance|p1a: Alba
|-boost|p1a: Alba|atk|0
|-boost|p1a: Alba|spe|0
|move|p2a: Corviknight|Reflect||[still]
|-fail|p2a: Corviknight
|
|-sideend|p2: ae12345|move: Light Screen
|upkeep
|turn|46
|
|t:|1779648618
|move|p1a: Alba|Dragon Dance|p1a: Alba
|-boost|p1a: Alba|atk|0
|-boost|p1a: Alba|spe|0
|move|p2a: Corviknight|Light Screen|p2a: Corviknight
|-sidestart|p2: ae12345|move: Light Screen
|
|upkeep
|turn|47
|
|t:|1779648623
|move|p1a: Alba|Dragon Dance|p1a: Alba
|-boost|p1a: Alba|atk|0
|-boost|p1a: Alba|spe|0
|move|p2a: Corviknight|Light Screen||[still]
|-fail|p2a: Corviknight
|
|upkeep
|turn|48
|
|t:|1779648626
|move|p1a: Alba|Earthquake|p2a: Corviknight
|-immune|p2a: Corviknight
|move|p2a: Corviknight|Light Screen||[still]
|-fail|p2a: Corviknight
|
|upkeep
|turn|49
|
|t:|1779648633
|move|p1a: Alba|Dragon Dance|p1a: Alba
|-boost|p1a: Alba|atk|0
|-boost|p1a: Alba|spe|0
|move|p2a: Corviknight|Light Screen||[still]
|-fail|p2a: Corviknight
|
|-sideend|p2: ae12345|Reflect
|upkeep
|turn|50
|
|t:|1779648635
|move|p1a: Alba|Extreme Speed|p2a: Corviknight
|-resisted|p2a: Corviknight
|-damage|p2a: Corviknight|67/100
|move|p2a: Corviknight|Reflect|p2a: Corviknight
|-sidestart|p2: ae12345|Reflect
|
|upkeep
|turn|51
|
|t:|1779648640
|move|p1a: Alba|Extreme Speed|p2a: Corviknight
|-resisted|p2a: Corviknight
|-damage|p2a: Corviknight|50/100
|move|p2a: Corviknight|Light Screen||[still]
|-fail|p2a: Corviknight
|
|upkeep
|turn|52
|
|t:|1779648644
|move|p1a: Alba|Earthquake|p2a: Corviknight
|-immune|p2a: Corviknight
|move|p2a: Corviknight|Reflect||[still]
|-fail|p2a: Corviknight
|
|upkeep
|turn|53
|
|t:|1779648646
|move|p1a: Alba|Dragon Dance|p1a: Alba
|-boost|p1a: Alba|atk|0
|-boost|p1a: Alba|spe|0
|move|p2a: Corviknight|Roost|p2a: Corviknight
|-heal|p2a: Corviknight|100/100
|-singleturn|p2a: Corviknight|move: Roost
|
|-sideend|p2: ae12345|move: Light Screen
|upkeep
|turn|54
|
|t:|1779648649
|move|p1a: Alba|Earthquake|p2a: Corviknight
|-immune|p2a: Corviknight
|move|p2a: Corviknight|Light Screen|p2a: Corviknight
|-sidestart|p2: ae12345|move: Light Screen
|
|upkeep
|turn|55
|
|t:|1779648657
|move|p1a: Alba|Dragon Dance|p1a: Alba
|-boost|p1a: Alba|atk|0
|-boost|p1a: Alba|spe|0
|move|p2a: Corviknight|U-turn|p1a: Alba
|-resisted|p1a: Alba
|-damage|p1a: Alba|96/100
|
|upkeep
|turn|56
|
|t:|1779648658
|move|p1a: Alba|Dragon Dance|p1a: Alba
|-boost|p1a: Alba|atk|0
|-boost|p1a: Alba|spe|0
|move|p2a: Corviknight|U-turn|p1a: Alba
|-resisted|p1a: Alba
|-damage|p1a: Alba|89/100
|
|upkeep
|turn|57
|
|t:|1779648659
|move|p1a: Alba|Dragon Dance|p1a: Alba
|-boost|p1a: Alba|atk|0
|-boost|p1a: Alba|spe|0
|move|p2a: Corviknight|U-turn|p1a: Alba
|-resisted|p1a: Alba
|-damage|p1a: Alba|82/100
|
|-sideend|p2: ae12345|Reflect
|upkeep
|turn|58
|
|t:|1779648660
|move|p1a: Alba|Dragon Dance|p1a: Alba
|-boost|p1a: Alba|atk|0
|-boost|p1a: Alba|spe|0
|move|p2a: Corviknight|U-turn|p1a: Alba
|-resisted|p1a: Alba
|-damage|p1a: Alba|74/100
|
|upkeep
|turn|59
|
|t:|1779648661
|move|p1a: Alba|Dragon Dance|p1a: Alba
|-boost|p1a: Alba|atk|0
|-boost|p1a: Alba|spe|0
|move|p2a: Corviknight|U-turn|p1a: Alba
|-resisted|p1a: Alba
|-damage|p1a: Alba|66/100
|
|upkeep
|turn|60
|
|t:|1779648662
|move|p1a: Alba|Dragon Dance|p1a: Alba
|-boost|p1a: Alba|atk|0
|-boost|p1a: Alba|spe|0
|move|p2a: Corviknight|U-turn|p1a: Alba
|-resisted|p1a: Alba
|-damage|p1a: Alba|58/100
|
|upkeep
|turn|61
|
|t:|1779648663
|move|p1a: Alba|Dragon Dance|p1a: Alba
|-boost|p1a: Alba|atk|0
|-boost|p1a: Alba|spe|0
|move|p2a: Corviknight|U-turn|p1a: Alba
|-resisted|p1a: Alba
|-damage|p1a: Alba|50/100
|
|-sideend|p2: ae12345|move: Light Screen
|upkeep
|turn|62
|
|t:|1779648664
|move|p1a: Alba|Dragon Dance|p1a: Alba
|-boost|p1a: Alba|atk|0
|-boost|p1a: Alba|spe|0
|move|p2a: Corviknight|U-turn|p1a: Alba
|-resisted|p1a: Alba
|-damage|p1a: Alba|41/100
|
|upkeep
|turn|63
|
|t:|1779648665
|move|p1a: Alba|Dragon Dance|p1a: Alba
|-boost|p1a: Alba|atk|0
|-boost|p1a: Alba|spe|0
|move|p2a: Corviknight|U-turn|p1a: Alba
|-resisted|p1a: Alba
|-damage|p1a: Alba|33/100
|
|upkeep
|turn|64
|
|t:|1779648666
|move|p1a: Alba|Dragon Dance|p1a: Alba
|-boost|p1a: Alba|atk|0
|-boost|p1a: Alba|spe|0
|move|p2a: Corviknight|U-turn|p1a: Alba
|-resisted|p1a: Alba
|-damage|p1a: Alba|26/100
|
|upkeep
|turn|65
|
|t:|1779648667
|move|p1a: Alba|Dragon Dance|p1a: Alba
|-boost|p1a: Alba|atk|0
|-boost|p1a: Alba|spe|0
|move|p2a: Corviknight|U-turn|p1a: Alba
|-resisted|p1a: Alba
|-damage|p1a: Alba|18/100
|
|upkeep
|turn|66
|
|t:|1779648668
|move|p1a: Alba|Dragon Dance|p1a: Alba
|-boost|p1a: Alba|atk|0
|-boost|p1a: Alba|spe|0
|move|p2a: Corviknight|U-turn|p1a: Alba
|-resisted|p1a: Alba
|-damage|p1a: Alba|10/100
|
|upkeep
|turn|67
|
|t:|1779648669
|move|p1a: Alba|Dragon Dance|p1a: Alba
|-boost|p1a: Alba|atk|0
|-boost|p1a: Alba|spe|0
|move|p2a: Corviknight|U-turn|p1a: Alba
|-resisted|p1a: Alba
|-damage|p1a: Alba|3/100
|
|upkeep
|turn|68
|
|t:|1779648671
|move|p1a: Alba|Dragon Dance|p1a: Alba
|-boost|p1a: Alba|atk|0
|-boost|p1a: Alba|spe|0
|move|p2a: Corviknight|U-turn|p1a: Alba
|-resisted|p1a: Alba
|-damage|p1a: Alba|0 fnt
|faint|p1a: Alba
|
|win|ae12345
|raw|aboutbean's rating: 1190 &rarr; <strong>1170</strong><br />(-20 for losing)
|raw|ae12345's rating: 1266 &rarr; <strong>1286</strong><br />(+20 for winning)
