|j|☆Zach✔️smd
|j|☆brtarr
|t:|1779567370
|gametype|singles
|player|p1|Zach✔️smd|2|1407
|player|p2|brtarr|nate|1495
|gen|9
|tier|[Gen 9] OU
|rated|
|rule|HP Percentage Mod: HP is shown in percentages
|rule|Endless Battle Clause: Forcing endless battles is banned
|rule|Species Clause: Limit one of each Pokémon
|rule|OHKO Clause: OHKO moves are banned
|rule|Evasion Items Clause: Evasion items are banned
|rule|Evasion Moves Clause: Evasion moves are banned
|rule|Evasion Abilities Clause: Evasion abilities are banned
|rule|Sleep Moves Clause: Sleep-inducing moves are banned
|clearpoke
|poke|p1|Dragapult, F|
|poke|p1|Entei|
|poke|p1|Alomomola, F|
|poke|p1|Kingambit, F|
|poke|p1|Zamazenta-*|
|poke|p1|Great Tusk|
|poke|p2|Darkrai|
|poke|p2|Great Tusk|
|poke|p2|Alomomola, F|
|poke|p2|Corviknight, M|
|poke|p2|Weezing-Galar, M|
|poke|p2|Ogerpon, F|
|teampreview
|inactive|Battle timer is ON: inactive players will automatically lose when time's up. (requested by Zach✔️smd)
|
|t:|1779567426
|teamsize|p1|6
|teamsize|p2|6
|start
|switch|p1a: Great Tusk|Great Tusk|100/100
|switch|p2a: Green Giant|Ogerpon, F|100/100
|-enditem|p1a: Great Tusk|Booster Energy
|-activate|p1a: Great Tusk|ability: Protosynthesis|[fromitem]
|-start|p1a: Great Tusk|protosynthesisspe
|turn|1
|
|t:|1779567440
|move|p1a: Great Tusk|Stealth Rock|p2a: Green Giant
|-sidestart|p2: brtarr|move: Stealth Rock
|move|p2a: Green Giant|Ivy Cudgel|p1a: Great Tusk
|-supereffective|p1a: Great Tusk
|-crit|p1a: Great Tusk
|-damage|p1a: Great Tusk|5/100
|
|upkeep
|turn|2
|
|t:|1779567449
|switch|p2a: Aura Knight|Corviknight, M|100/100
|-damage|p2a: Aura Knight|88/100|[from] Stealth Rock
|-ability|p2a: Aura Knight|Pressure
|move|p1a: Great Tusk|Close Combat|p2a: Aura Knight
|-damage|p2a: Aura Knight|44/100
|-unboost|p1a: Great Tusk|def|1
|-unboost|p1a: Great Tusk|spd|1
|
|-heal|p2a: Aura Knight|50/100|[from] item: Leftovers
|upkeep
|turn|3
|
|t:|1779567461
|move|p1a: Great Tusk|Close Combat|p2a: Aura Knight
|-damage|p2a: Aura Knight|5/100
|-unboost|p1a: Great Tusk|def|1
|-unboost|p1a: Great Tusk|spd|1
|move|p2a: Aura Knight|Roost|p2a: Aura Knight
|-heal|p2a: Aura Knight|55/100
|-singleturn|p2a: Aura Knight|move: Roost
|
|-heal|p2a: Aura Knight|62/100|[from] item: Leftovers
|upkeep
|turn|4
|
|t:|1779567470
|move|p1a: Great Tusk|Close Combat|p2a: Aura Knight
|-damage|p2a: Aura Knight|20/100
|-unboost|p1a: Great Tusk|def|1
|-unboost|p1a: Great Tusk|spd|1
|move|p2a: Aura Knight|Roost|p2a: Aura Knight
|-heal|p2a: Aura Knight|70/100
|-singleturn|p2a: Aura Knight|move: Roost
|
|-heal|p2a: Aura Knight|76/100|[from] item: Leftovers
|upkeep
|turn|5
|
|t:|1779567479
|move|p1a: Great Tusk|Close Combat|p2a: Aura Knight
|-damage|p2a: Aura Knight|32/100
|-unboost|p1a: Great Tusk|def|1
|-unboost|p1a: Great Tusk|spd|1
|move|p2a: Aura Knight|Defog|p1a: Great Tusk
|-unboost|p1a: Great Tusk|evasion|1
|-sideend|p2: brtarr|Stealth Rock|[from] move: Defog|[of] p2a: Aura Knight
|
|-heal|p2a: Aura Knight|39/100|[from] item: Leftovers
|upkeep
|turn|6
|
|t:|1779567487
|move|p1a: Great Tusk|Stealth Rock|p2a: Aura Knight
|-sidestart|p2: brtarr|move: Stealth Rock
|move|p2a: Aura Knight|U-turn|p1a: Great Tusk
|-resisted|p1a: Great Tusk
|-damage|p1a: Great Tusk|0 fnt
|faint|p1a: Great Tusk
|-end|p1a: Great Tusk|Protosynthesis|[silent]
|
|t:|1779567505
|switch|p2a: Edge Lord|Darkrai|100/100|[from] U-turn
|-damage|p2a: Edge Lord|88/100|[from] Stealth Rock
|
|upkeep
|
|t:|1779567524
|switch|p1a: Entei|Entei|100/100
|turn|7
|
|t:|1779567542
|switch|p2a: Fat fish|Alomomola, F|100/100
|-damage|p2a: Fat fish|88/100|[from] Stealth Rock
|move|p1a: Entei|Sacred Fire|p2a: Fat fish
|-resisted|p2a: Fat fish
|-damage|p2a: Fat fish|60/100
|-status|p2a: Fat fish|brn
|
|-damage|p2a: Fat fish|53/100 brn|[from] brn
|upkeep
|turn|8
|inactive|Zach✔️smd has 120 seconds left.
|
|t:|1779567577
|move|p1a: Entei|Sacred Fire|p2a: Fat fish
|-resisted|p2a: Fat fish
|-damage|p2a: Fat fish|25/100 brn
|move|p2a: Fat fish|Flip Turn|p1a: Entei
|-supereffective|p1a: Entei
|-damage|p1a: Entei|82/100
|
|t:|1779567591
|switch|p2a: Chomp|Great Tusk|100/100|[from] Flip Turn
|-damage|p2a: Chomp|98/100|[from] Stealth Rock
|
|upkeep
|turn|9
|
|t:|1779567596
|switch|p1a: Alomomola|Alomomola, F|100/100
|move|p2a: Chomp|Stealth Rock|p1a: Alomomola
|-sidestart|p1: Zach✔️smd|move: Stealth Rock
|
|upkeep
|turn|10
|
|t:|1779567600
|-end|p2a: Chomp|Protosynthesis|[silent]
|switch|p2a: Fat fish|Alomomola, F|58/100 brn
|-damage|p2a: Fat fish|46/100 brn|[from] Stealth Rock
|move|p1a: Alomomola|Play Rough|p2a: Fat fish
|-crit|p2a: Fat fish
|-damage|p2a: Fat fish|26/100 brn
|-unboost|p2a: Fat fish|atk|1
|
|-damage|p2a: Fat fish|19/100 brn|[from] brn
|upkeep
|turn|11
|
|t:|1779567607
|switch|p2a: Aura Knight|Corviknight, M|39/100
|-damage|p2a: Aura Knight|26/100|[from] Stealth Rock
|-ability|p2a: Aura Knight|Pressure
|move|p1a: Alomomola|Flip Turn|p2a: Aura Knight
|-damage|p2a: Aura Knight|14/100
|
|t:|1779567622
|switch|p1a: Dragapult|Dragapult, F|100/100|[from] Flip Turn
|-damage|p1a: Dragapult|88/100|[from] Stealth Rock
|
|-heal|p2a: Aura Knight|20/100|[from] item: Leftovers
|upkeep
|turn|12
|
|t:|1779567639
|move|p1a: Dragapult|Shadow Ball|p2a: Aura Knight
|-damage|p2a: Aura Knight|0 fnt
|faint|p2a: Aura Knight
|
|upkeep
|inactive|brtarr has 120 seconds left.
|
|t:|1779567660
|switch|p2a: Fat fish|Alomomola, F|53/100 brn
|-damage|p2a: Fat fish|40/100 brn|[from] Stealth Rock
|turn|13
|
|t:|1779567665
|switch|p2a: Cought' Chought'|Weezing-Galar, M|100/100
|-ability|p2a: Cought' Chought'|Neutralizing Gas
|-damage|p2a: Cought' Chought'|88/100|[from] Stealth Rock
|move|p1a: Dragapult|Shadow Ball|p2a: Cought' Chought'
|-damage|p2a: Cought' Chought'|11/100
|-unboost|p2a: Cought' Chought'|spd|1
|
|-heal|p2a: Cought' Chought'|17/100|[from] item: Leftovers
|upkeep
|turn|14
|
|t:|1779567677
|move|p1a: Dragapult|Shadow Ball|p2a: Cought' Chought'
|-damage|p2a: Cought' Chought'|0 fnt
|faint|p2a: Cought' Chought'
|-end|p2a: Cought' Chought'|ability: Neutralizing Gas
|
|upkeep
|
|t:|1779567687
|switch|p2a: Fat fish|Alomomola, F|74/100 brn
|-damage|p2a: Fat fish|61/100 brn|[from] Stealth Rock
|turn|15
|
|t:|1779567691
|move|p1a: Dragapult|Shadow Ball|p2a: Fat fish
|-damage|p2a: Fat fish|35/100 brn
|-unboost|p2a: Fat fish|spd|1
|move|p2a: Fat fish|Mirror Coat|p1a: Dragapult
|-damage|p1a: Dragapult|0 fnt
|faint|p1a: Dragapult
|
|-damage|p2a: Fat fish|28/100 brn|[from] brn
|upkeep
|
|t:|1779567707
|switch|p1a: Kingambit|Kingambit, F|100/100
|-damage|p1a: Kingambit|94/100|[from] Stealth Rock
|-activate|p1a: Kingambit|ability: Supreme Overlord
|-start|p1a: Kingambit|fallen2|[silent]
|turn|16
|
|t:|1779567715
|switch|p2a: Chomp|Great Tusk|98/100
|-damage|p2a: Chomp|95/100|[from] Stealth Rock
|move|p1a: Kingambit|Iron Head|p2a: Chomp
|-damage|p2a: Chomp|63/100
|-damage|p1a: Kingambit|78/100|[from] item: Rocky Helmet|[of] p2a: Chomp
|
|-heal|p1a: Kingambit|84/100|[from] item: Leftovers
|upkeep
|turn|17
|
|t:|1779567725
|-end|p1a: Kingambit|fallen2|[silent]
|switch|p1a: Alomomola|Alomomola, F|100/100
|-damage|p1a: Alomomola|88/100|[from] Stealth Rock
|move|p2a: Chomp|Headlong Rush|p1a: Alomomola
|-damage|p1a: Alomomola|49/100
|-unboost|p2a: Chomp|def|1
|-unboost|p2a: Chomp|spd|1
|
|upkeep
|turn|18
|
|t:|1779567736
|-end|p2a: Chomp|Protosynthesis|[silent]
|switch|p2a: Fat fish|Alomomola, F|62/100 brn
|-damage|p2a: Fat fish|49/100 brn|[from] Stealth Rock
|move|p1a: Alomomola|Play Rough|p2a: Fat fish
|-damage|p2a: Fat fish|37/100 brn
|-unboost|p2a: Fat fish|atk|1
|
|-damage|p2a: Fat fish|31/100 brn|[from] brn
|upkeep
|turn|19
|
|t:|1779567743
|switch|p2a: Edge Lord|Darkrai|88/100
|-damage|p2a: Edge Lord|76/100|[from] Stealth Rock
|move|p1a: Alomomola|Flip Turn|p2a: Edge Lord
|-damage|p2a: Edge Lord|52/100
|
|t:|1779567755
|switch|p1a: Entei|Entei|82/100|[from] Flip Turn
|-damage|p1a: Entei|58/100|[from] Stealth Rock
|
|upkeep
|turn|20
|
|t:|1779567763
|move|p1a: Entei|Extreme Speed|p2a: Edge Lord
|-damage|p2a: Edge Lord|0 fnt
|faint|p2a: Edge Lord
|
|upkeep
|
|t:|1779567774
|switch|p2a: Chomp|Great Tusk|63/100
|-damage|p2a: Chomp|60/100|[from] Stealth Rock
|turn|21
|
|t:|1779567786
|switch|p1a: Alomomola|Alomomola, F|83/100
|-damage|p1a: Alomomola|70/100|[from] Stealth Rock
|-end|p2a: Chomp|Protosynthesis|[silent]
|switch|p2a: Fat fish|Alomomola, F|64/100 brn
|-damage|p2a: Fat fish|51/100 brn|[from] Stealth Rock
|
|-damage|p2a: Fat fish|45/100 brn|[from] brn
|upkeep
|turn|22
|
|t:|1779567791
|move|p1a: Alomomola|Flip Turn|p2a: Fat fish
|-resisted|p2a: Fat fish
|-damage|p2a: Fat fish|38/100 brn
|
|t:|1779567805
|switch|p1a: Zamazenta|Zamazenta|100/100|[from] Flip Turn
|-damage|p1a: Zamazenta|94/100|[from] Stealth Rock
|-ability|p1a: Zamazenta|Dauntless Shield|boost
|-boost|p1a: Zamazenta|def|1
|move|p2a: Fat fish|Body Slam|p1a: Zamazenta
|-damage|p1a: Zamazenta|90/100
|
|-heal|p1a: Zamazenta|97/100|[from] item: Leftovers
|-damage|p2a: Fat fish|32/100 brn|[from] brn
|upkeep
|turn|23
|
|t:|1779567820
|move|p2a: Fat fish|Aqua Jet|p1a: Zamazenta
|-damage|p1a: Zamazenta|94/100
|move|p1a: Zamazenta|Iron Defense|p1a: Zamazenta
|-boost|p1a: Zamazenta|def|2
|
|-heal|p1a: Zamazenta|99/100|[from] item: Leftovers
|-damage|p2a: Fat fish|26/100 brn|[from] brn
|upkeep
|turn|24
|
|t:|1779567828
|move|p2a: Fat fish|Aqua Jet|p1a: Zamazenta
|-damage|p1a: Zamazenta|98/100
|move|p1a: Zamazenta|Body Press|p2a: Fat fish
|-damage|p2a: Fat fish|0 fnt
|faint|p2a: Fat fish
|
|-heal|p1a: Zamazenta|100/100|[from] item: Leftovers
|upkeep
|
|t:|1779567845
|switch|p2a: Green Giant|Ogerpon, F|100/100
|-damage|p2a: Green Giant|88/100|[from] Stealth Rock
|turn|25
|
|t:|1779567864
|-terastallize|p2a: Green Giant|Grass
|detailschange|p2a: Green Giant|Ogerpon-Teal-Tera, F, tera:Grass
|-ability|p2a: Green Giant|Embody Aspect (Teal)|boost
|-boost|p2a: Green Giant|spe|1
|move|p2a: Green Giant|Swords Dance|p2a: Green Giant
|-boost|p2a: Green Giant|atk|2
|move|p1a: Zamazenta|Body Press|p2a: Green Giant
|-damage|p2a: Green Giant|0 fnt
|faint|p2a: Green Giant
|detailschange|p2: Green Giant|Ogerpon, F|[silent]
|
|upkeep
|inactive|brtarr has 120 seconds left.
|-message|brtarr forfeited.
|
|win|Zach✔️smd
|raw|Zach✔️smd's rating: 1407 &rarr; <strong>1432</strong><br />(+25 for winning)
|raw|brtarr's rating: 1495 &rarr; <strong>1470</strong><br />(-25 for losing)
|l|☆brtarr
|player|p2|
|l|☆Zach✔️smd
|player|p1|
