|j|☆Itadori_san
|j|☆Lambdadelta34
|t:|1779586346
|gametype|singles
|player|p1|Itadori_san|2|1289
|player|p2|Lambdadelta34|grimsley|1291
|gen|9
|tier|[Gen 9] OU
|rated|
|rule|HP Percentage Mod: HP is shown in percentages
|rule|Endless Battle Clause: Forcing endless battles is banned
|rule|Species Clause: Limit one of each Pokémon
|rule|OHKO Clause: OHKO moves are banned
|rule|Evasion Items Clause: Evasion items are banned
|rule|Evasion Moves Clause: Evasion moves are banned
|rule|Evasion Abilities Clause: Evasion abilities are banned
|rule|Sleep Moves Clause: Sleep-inducing moves are banned
|clearpoke
|poke|p1|Hoopa-Unbound|
|poke|p1|Landorus-Therian, M|
|poke|p1|Regieleki|
|poke|p1|Meowscarada, F|
|poke|p1|Ogerpon-Cornerstone, F|
|poke|p1|Gholdengo|
|poke|p2|Pelipper, F|
|poke|p2|Beartic, M|
|poke|p2|Barraskewda, M|
|poke|p2|Ogerpon-Wellspring, F|
|poke|p2|Zapdos|
|poke|p2|Hatterene, F|
|teampreview
|inactive|Battle timer is ON: inactive players will automatically lose when time's up. (requested by Itadori_san)
|
|t:|1779586360
|teamsize|p1|6
|teamsize|p2|6
|start
|switch|p1a: Regieleki|Regieleki|100/100
|switch|p2a: Pelipper|Pelipper, F|100/100
|-weather|RainDance|[from] ability: Drizzle|[of] p2a: Pelipper
|turn|1
|
|t:|1779586379
|switch|p2a: Hatterene|Hatterene, F|100/100
|move|p1a: Regieleki|Volt Switch|p2a: Hatterene
|-damage|p2a: Hatterene|50/100
|-enditem|p2a: Hatterene|Eject Button
|-damage|p1a: Regieleki|91/100|[from] item: Life Orb
|
|t:|1779586385
|switch|p2a: Beartic|Beartic, M|100/100
|
|-weather|RainDance|[upkeep]
|upkeep
|turn|2
|
|t:|1779586393
|-terastallize|p2a: Beartic|Ground
|move|p1a: Regieleki|Volt Switch|p2a: Beartic
|-immune|p2a: Beartic
|move|p2a: Beartic|Substitute|p2a: Beartic
|-start|p2a: Beartic|Substitute
|-damage|p2a: Beartic|76/100
|
|-weather|RainDance|[upkeep]
|upkeep
|turn|3
|
|t:|1779586404
|move|p1a: Regieleki|Rapid Spin|p2a: Beartic
|-activate|p2a: Beartic|move: Substitute|[damage]
|-boost|p1a: Regieleki|spe|1
|-damage|p1a: Regieleki|81/100|[from] item: Life Orb
|move|p2a: Beartic|Swords Dance|p2a: Beartic
|-boost|p2a: Beartic|atk|2
|
|-weather|RainDance|[upkeep]
|upkeep
|turn|4
|
|t:|1779586412
|move|p1a: Regieleki|Rapid Spin|p2a: Beartic
|-end|p2a: Beartic|Substitute
|-boost|p1a: Regieleki|spe|1
|-damage|p1a: Regieleki|71/100|[from] item: Life Orb
|move|p2a: Beartic|Icicle Spear|p1a: Regieleki
|-damage|p1a: Regieleki|19/100
|-damage|p1a: Regieleki|0 fnt
|faint|p1a: Regieleki
|-hitcount|p1: Regieleki|2
|
|-weather|RainDance|[upkeep]
|upkeep
|
|t:|1779586418
|switch|p1a: Ogerpon|Ogerpon-Cornerstone, F|100/100
|turn|5
|
|t:|1779586423
|move|p2a: Beartic|Icicle Spear|p1a: Ogerpon
|-supereffective|p1a: Ogerpon
|-damage|p1a: Ogerpon|31/100
|-supereffective|p1a: Ogerpon
|-damage|p1a: Ogerpon|0 fnt
|faint|p1a: Ogerpon
|-hitcount|p1: Ogerpon|2
|
|-weather|RainDance|[upkeep]
|upkeep
|
|t:|1779586427
|switch|p1a: Landorus|Landorus-Therian, M|100/100
|-ability|p1a: Landorus|Intimidate|boost
|-unboost|p2a: Beartic|atk|1
|turn|6
|
|t:|1779586432
|switch|p1a: Gholdengo|Gholdengo|100/100
|move|p2a: Beartic|Icicle Spear|p1a: Gholdengo
|-resisted|p1a: Gholdengo
|-damage|p1a: Gholdengo|90/100
|-resisted|p1a: Gholdengo
|-damage|p1a: Gholdengo|80/100
|-resisted|p1a: Gholdengo
|-damage|p1a: Gholdengo|68/100
|-resisted|p1a: Gholdengo
|-damage|p1a: Gholdengo|58/100
|-resisted|p1a: Gholdengo
|-damage|p1a: Gholdengo|48/100
|-hitcount|p1a: Gholdengo|5
|
|-weather|RainDance|[upkeep]
|upkeep
|turn|7
|
|t:|1779586444
|switch|p1a: Landorus|Landorus-Therian, M|100/100
|-ability|p1a: Landorus|Intimidate|boost
|-unboost|p2a: Beartic|atk|1
|move|p2a: Beartic|Icicle Spear|p1a: Landorus
|-supereffective|p1a: Landorus
|-damage|p1a: Landorus|43/100
|-supereffective|p1a: Landorus
|-damage|p1a: Landorus|0 fnt
|faint|p1a: Landorus
|-hitcount|p1: Landorus|2
|
|-weather|RainDance|[upkeep]
|upkeep
|
|t:|1779586447
|switch|p1a: Meowscarada|Meowscarada, F|100/100
|turn|8
|
|t:|1779586456
|switch|p1a: Gholdengo|Gholdengo|48/100
|move|p2a: Beartic|Icicle Spear|p1a: Gholdengo
|-resisted|p1a: Gholdengo
|-crit|p1a: Gholdengo
|-damage|p1a: Gholdengo|36/100
|-resisted|p1a: Gholdengo
|-damage|p1a: Gholdengo|29/100
|-resisted|p1a: Gholdengo
|-damage|p1a: Gholdengo|21/100
|-resisted|p1a: Gholdengo
|-damage|p1a: Gholdengo|14/100
|-hitcount|p1a: Gholdengo|4
|
|-weather|none
|upkeep
|turn|9
|
|t:|1779586469
|switch|p2a: Pelipper|Pelipper, F|100/100
|-weather|RainDance|[from] ability: Drizzle|[of] p2a: Pelipper
|move|p1a: Gholdengo|Trick|p2a: Pelipper
|-activate|p1a: Gholdengo|move: Trick|[of] p2a: Pelipper
|-item|p2a: Pelipper|Choice Scarf|[from] move: Trick
|-item|p1a: Gholdengo|Damp Rock|[from] move: Trick
|
|-weather|RainDance|[upkeep]
|upkeep
|turn|10
|
|t:|1779586478
|move|p1a: Gholdengo|Shadow Ball|p2a: Pelipper
|-damage|p2a: Pelipper|38/100
|move|p2a: Pelipper|Hurricane|p1a: Gholdengo
|-resisted|p1a: Gholdengo
|-damage|p1a: Gholdengo|0 fnt
|faint|p1a: Gholdengo
|
|-weather|RainDance|[upkeep]
|upkeep
|
|t:|1779586481
|switch|p1a: Meowscarada|Meowscarada, F|100/100
|turn|11
|
|t:|1779586489
|switch|p2a: Hatterene|Hatterene, F|50/100
|move|p1a: Meowscarada|Knock Off|p2a: Hatterene
|-start|p1a: Meowscarada|typechange|Dark|[from] ability: Protean
|-damage|p2a: Hatterene|14/100
|
|-weather|RainDance|[upkeep]
|upkeep
|turn|12
|
|t:|1779586498
|move|p1a: Meowscarada|Knock Off|p2a: Hatterene
|-damage|p2a: Hatterene|0 fnt
|faint|p2a: Hatterene
|
|-weather|RainDance|[upkeep]
|upkeep
|
|t:|1779586503
|switch|p2a: Barraskewda|Barraskewda, M|100/100
|turn|13
|
|t:|1779586509
|switch|p1a: Hoopa|Hoopa-Unbound|100/100
|move|p2a: Barraskewda|Flip Turn|p1a: Hoopa
|-damage|p1a: Hoopa|40/100
|
|t:|1779586514
|switch|p2a: Beartic|Beartic, M, tera:Ground|76/100|[from] Flip Turn
|
|-weather|RainDance|[upkeep]
|upkeep
|turn|14
|
|t:|1779586518
|move|p2a: Beartic|Icicle Spear|p1a: Hoopa
|-damage|p1a: Hoopa|25/100
|-damage|p1a: Hoopa|10/100
|-damage|p1a: Hoopa|0 fnt
|faint|p1a: Hoopa
|-hitcount|p1: Hoopa|3
|
|-weather|RainDance|[upkeep]
|upkeep
|
|t:|1779586519
|switch|p1a: Meowscarada|Meowscarada, F|100/100
|turn|15
|
|t:|1779586527
|move|p2a: Beartic|Icicle Spear|p1a: Meowscarada
|-supereffective|p1a: Meowscarada
|-damage|p1a: Meowscarada|57/100
|-supereffective|p1a: Meowscarada
|-damage|p1a: Meowscarada|19/100
|-supereffective|p1a: Meowscarada
|-damage|p1a: Meowscarada|0 fnt
|faint|p1a: Meowscarada
|-hitcount|p1: Meowscarada|3
|
|win|Lambdadelta34
|raw|Itadori_san's rating: 1289 &rarr; <strong>1264</strong><br />(-25 for losing)
|raw|Lambdadelta34's rating: 1291 &rarr; <strong>1316</strong><br />(+25 for winning)
|l|☆Itadori_san
|player|p1|
|l|☆Lambdadelta34
|player|p2|
