|j|☆SiguWay
|j|☆fregene97
|t:|1779620208
|gametype|singles
|player|p1|SiguWay|265|1236
|player|p2|fregene97|cyclist-gen4|1317
|gen|9
|tier|[Gen 9] OU
|rated|
|rule|HP Percentage Mod: HP is shown in percentages
|rule|Endless Battle Clause: Forcing endless battles is banned
|rule|Species Clause: Limit one of each Pokémon
|rule|OHKO Clause: OHKO moves are banned
|rule|Evasion Items Clause: Evasion items are banned
|rule|Evasion Moves Clause: Evasion moves are banned
|rule|Evasion Abilities Clause: Evasion abilities are banned
|rule|Sleep Moves Clause: Sleep-inducing moves are banned
|clearpoke
|poke|p1|Samurott-Hisui, F|
|poke|p1|Rillaboom, F|
|poke|p1|Landorus-Therian, M|
|poke|p1|Gholdengo|
|poke|p1|Weavile, F|
|poke|p1|Slowking-Galar, F|
|poke|p2|Metagross|
|poke|p2|Iron Valiant|
|poke|p2|Glimmora, F|
|poke|p2|Raging Bolt|
|poke|p2|Magmortar, M|
|poke|p2|Cloyster, F|
|teampreview
|inactive|Battle timer is ON: inactive players will automatically lose when time's up. (requested by fregene97)
|
|t:|1779620222
|teamsize|p1|6
|teamsize|p2|6
|start
|switch|p1a: Landorus|Landorus-Therian, M|100/100
|switch|p2a: Glimmora|Glimmora, F|100/100
|-ability|p1a: Landorus|Intimidate|boost
|-unboost|p2a: Glimmora|atk|1
|turn|1
|
|t:|1779620241
|-terastallize|p2a: Glimmora|Ghost
|move|p1a: Landorus|Taunt|p2a: Glimmora
|-start|p2a: Glimmora|move: Taunt
|move|p2a: Glimmora|Meteor Beam||[still]
|-prepare|p2a: Glimmora|Meteor Beam
|-boost|p2a: Glimmora|spa|1
|-enditem|p2a: Glimmora|Power Herb
|-anim|p2a: Glimmora|Meteor Beam|p1a: Landorus
|-damage|p1a: Landorus|0 fnt
|faint|p1a: Landorus
|
|upkeep
|
|t:|1779620260
|switch|p1a: Gholdengo|Gholdengo|100/100
|-item|p1a: Gholdengo|Air Balloon
|turn|2
|inactive|fregene97 has 120 seconds left.
|
|t:|1779620299
|move|p2a: Glimmora|Meteor Beam||[still]
|-prepare|p2a: Glimmora|Meteor Beam
|-boost|p2a: Glimmora|spa|1
|move|p1a: Gholdengo|Shadow Ball|p2a: Glimmora
|-supereffective|p2a: Glimmora
|-damage|p2a: Glimmora|9/100
|
|upkeep
|turn|3
|
|t:|1779620315
|move|p2a: Glimmora|Meteor Beam|p1a: Gholdengo|[from] lockedmove
|-resisted|p1a: Gholdengo
|-damage|p1a: Gholdengo|38/100
|-enditem|p1a: Gholdengo|Air Balloon
|move|p1a: Gholdengo|Shadow Ball|p2a: Glimmora
|-supereffective|p2a: Glimmora
|-damage|p2a: Glimmora|0 fnt
|faint|p2a: Glimmora
|
|upkeep
|
|t:|1779620323
|switch|p2a: Iron Valiant|Iron Valiant|100/100
|-enditem|p2a: Iron Valiant|Booster Energy
|-activate|p2a: Iron Valiant|ability: Quark Drive|[fromitem]
|-start|p2a: Iron Valiant|quarkdrivespe
|turn|4
|
|t:|1779620331
|move|p2a: Iron Valiant|Shadow Ball|p1a: Gholdengo
|-supereffective|p1a: Gholdengo
|-damage|p1a: Gholdengo|0 fnt
|faint|p1a: Gholdengo
|
|upkeep
|
|t:|1779620333
|switch|p1a: Weavile|Weavile, F|100/100
|-ability|p1a: Weavile|Pressure
|turn|5
|
|t:|1779620343
|switch|p1a: Slowking|Slowking-Galar, F|100/100
|move|p2a: Iron Valiant|Moonblast|p1a: Slowking
|-resisted|p1a: Slowking
|-damage|p1a: Slowking|86/100
|-unboost|p1a: Slowking|spa|1
|
|upkeep
|turn|6
|
|t:|1779620350
|-end|p2a: Iron Valiant|Quark Drive|[silent]
|switch|p2a: Metagross|Metagross|100/100
|-terastallize|p1a: Slowking|Water
|move|p1a: Slowking|Future Sight|p2a: Metagross
|-start|p1a: Slowking|move: Future Sight
|
|upkeep
|turn|7
|
|t:|1779620354
|move|p2a: Metagross|Earthquake|p1a: Slowking
|-damage|p1a: Slowking|26/100
|-prepare|p1a: Slowking|Chilly Reception|[premajor]
|move|p1a: Slowking|Chilly Reception|p1a: Slowking
|-weather|Snowscape
|
|t:|1779620361
|switch|p1a: Samurott|Samurott-Hisui, F|100/100|[from] Chilly Reception
|
|-weather|Snowscape|[upkeep]
|upkeep
|turn|8
|
|t:|1779620363
|move|p1a: Samurott|Ceaseless Edge|p2a: Metagross|[miss]
|-miss|p1a: Samurott|p2a: Metagross
|move|p2a: Metagross|Earthquake|p1a: Samurott
|-damage|p1a: Samurott|37/100
|
|-weather|Snowscape|[upkeep]
|-end|p2a: Metagross|move: Future Sight
|-resisted|p2a: Metagross
|-damage|p2a: Metagross|86/100
|upkeep
|turn|9
|
|t:|1779620368
|move|p1a: Samurott|Ceaseless Edge|p2a: Metagross
|-supereffective|p2a: Metagross
|-damage|p2a: Metagross|14/100
|-sidestart|p2: fregene97|Spikes
|move|p2a: Metagross|Earthquake|p1a: Samurott
|-damage|p1a: Samurott|0 fnt
|faint|p1a: Samurott
|
|-weather|Snowscape|[upkeep]
|upkeep
|
|t:|1779620379
|switch|p1a: Weavile|Weavile, F|100/100
|-ability|p1a: Weavile|Pressure
|turn|10
|
|t:|1779620383
|move|p1a: Weavile|Knock Off|p2a: Metagross
|-supereffective|p2a: Metagross
|-crit|p2a: Metagross
|-damage|p2a: Metagross|0 fnt
|-enditem|p2a: Metagross|Choice Band|[from] move: Knock Off|[of] p1a: Weavile
|faint|p2a: Metagross
|
|-weather|Snowscape|[upkeep]
|upkeep
|
|t:|1779620386
|switch|p2a: Magmortar|Magmortar, M|100/100
|-damage|p2a: Magmortar|88/100|[from] Spikes
|turn|11
|
|t:|1779620395
|switch|p1a: Slowking|Slowking-Galar, F, tera:Water|60/100
|move|p2a: Magmortar|Fire Blast|p1a: Slowking|[miss]
|-miss|p2a: Magmortar|p1a: Slowking
|
|-weather|none
|upkeep
|turn|12
|
|t:|1779620404
|switch|p2a: Raging Bolt|Raging Bolt|100/100
|-damage|p2a: Raging Bolt|88/100|[from] Spikes
|-enditem|p2a: Raging Bolt|Booster Energy
|-activate|p2a: Raging Bolt|ability: Protosynthesis|[fromitem]
|-start|p2a: Raging Bolt|protosynthesisspa
|move|p1a: Slowking|Future Sight|p2a: Raging Bolt
|-start|p1a: Slowking|move: Future Sight
|
|upkeep
|turn|13
|
|t:|1779620411
|switch|p1a: Rillaboom|Rillaboom, F|100/100
|-fieldstart|move: Grassy Terrain|[from] ability: Grassy Surge|[of] p1a: Rillaboom
|move|p2a: Raging Bolt|Thunderbolt|p1a: Rillaboom
|-resisted|p1a: Rillaboom
|-damage|p1a: Rillaboom|55/100
|
|-heal|p2a: Raging Bolt|94/100|[from] Grassy Terrain
|-heal|p1a: Rillaboom|61/100|[from] Grassy Terrain
|upkeep
|turn|14
|
|t:|1779620422
|move|p2a: Raging Bolt|Dragon Pulse|p1a: Rillaboom
|-damage|p1a: Rillaboom|0 fnt
|faint|p1a: Rillaboom
|
|-end|p2a: Raging Bolt|move: Future Sight
|-damage|p2a: Raging Bolt|48/100
|-heal|p2a: Raging Bolt|54/100|[from] Grassy Terrain
|upkeep
|
|t:|1779620425
|switch|p1a: Weavile|Weavile, F|100/100
|-ability|p1a: Weavile|Pressure
|turn|15
|
|t:|1779620434
|move|p2a: Raging Bolt|Thunderclap|p1a: Weavile
|-damage|p1a: Weavile|26/100
|move|p1a: Weavile|Triple Axel|p2a: Raging Bolt
|-supereffective|p2a: Raging Bolt
|-damage|p2a: Raging Bolt|34/100
|-hitcount|p2a: Raging Bolt|1
|
|-heal|p1a: Weavile|32/100|[from] Grassy Terrain
|-heal|p2a: Raging Bolt|40/100|[from] Grassy Terrain
|upkeep
|turn|16
|
|t:|1779620443
|move|p1a: Weavile|Ice Shard|p2a: Raging Bolt
|-supereffective|p2a: Raging Bolt
|-damage|p2a: Raging Bolt|6/100
|move|p2a: Raging Bolt|Thunderclap||[still]
|-fail|p2a: Raging Bolt
|
|-heal|p1a: Weavile|38/100|[from] Grassy Terrain
|-heal|p2a: Raging Bolt|12/100|[from] Grassy Terrain
|upkeep
|turn|17
|
|t:|1779620454
|-end|p2a: Raging Bolt|Protosynthesis|[silent]
|switch|p2a: Cloyster|Cloyster, F, shiny|100/100
|-damage|p2a: Cloyster|88/100|[from] Spikes
|move|p1a: Weavile|Ice Shard|p2a: Cloyster
|-resisted|p2a: Cloyster
|-damage|p2a: Cloyster|84/100
|
|-heal|p1a: Weavile|44/100|[from] Grassy Terrain
|-heal|p2a: Cloyster|91/100|[from] Grassy Terrain
|-fieldend|move: Grassy Terrain
|upkeep
|turn|18
|
|t:|1779620461
|move|p1a: Weavile|Low Kick|p2a: Cloyster
|-supereffective|p2a: Cloyster
|-damage|p2a: Cloyster|37/100
|move|p2a: Cloyster|Rock Blast|p1a: Weavile
|-supereffective|p1a: Weavile
|-damage|p1a: Weavile|13/100
|-supereffective|p1a: Weavile
|-damage|p1a: Weavile|0 fnt
|faint|p1a: Weavile
|-hitcount|p1: Weavile|2
|-damage|p2a: Cloyster|27/100|[from] item: Life Orb
|
|upkeep
|
|t:|1779620466
|switch|p1a: Slowking|Slowking-Galar, F, tera:Water|93/100
|turn|19
|
|t:|1779620475
|move|p2a: Cloyster|Rock Blast|p1a: Slowking
|-damage|p1a: Slowking|84/100
|-damage|p1a: Slowking|74/100
|-damage|p1a: Slowking|65/100
|-damage|p1a: Slowking|55/100
|-damage|p1a: Slowking|46/100
|-hitcount|p1a: Slowking|5
|-damage|p2a: Cloyster|17/100|[from] item: Life Orb
|move|p1a: Slowking|Future Sight|p2a: Cloyster
|-start|p1a: Slowking|move: Future Sight
|
|upkeep
|turn|20
|
|t:|1779620480
|move|p2a: Cloyster|Rock Blast|p1a: Slowking|[miss]
|-miss|p2a: Cloyster|p1a: Slowking
|move|p1a: Slowking|Slack Off|p1a: Slowking
|-heal|p1a: Slowking|96/100
|
|upkeep
|turn|21
|
|t:|1779620491
|move|p2a: Cloyster|Shell Smash|p2a: Cloyster
|-unboost|p2a: Cloyster|def|1
|-unboost|p2a: Cloyster|spd|1
|-boost|p2a: Cloyster|atk|2
|-boost|p2a: Cloyster|spa|2
|-boost|p2a: Cloyster|spe|2
|move|p1a: Slowking|Slack Off|p1a: Slowking
|-heal|p1a: Slowking|100/100
|
|-end|p2a: Cloyster|move: Future Sight
|-damage|p2a: Cloyster|0 fnt
|faint|p2a: Cloyster
|upkeep
|
|t:|1779620493
|switch|p2a: Iron Valiant|Iron Valiant|100/100
|-damage|p2a: Iron Valiant|88/100|[from] Spikes
|turn|22
|
|t:|1779620504
|move|p2a: Iron Valiant|Encore|p1a: Slowking
|-start|p1a: Slowking|Encore
|move|p1a: Slowking|Slack Off||[still]
|-fail|p1a: Slowking|heal
|
|upkeep
|turn|23
|-message|SiguWay forfeited.
|
|win|fregene97
|raw|SiguWay's rating: 1236 &rarr; <strong>1218</strong><br />(-18 for losing)
|raw|fregene97's rating: 1334 &rarr; <strong>1349</strong><br />(+15 for winning)
|l|☆SiguWay
|player|p1|
|l|☆fregene97
|player|p2|
