|j|☆Wikdchikn
|j|☆Untethered13
|t:|1779625017
|gametype|singles
|player|p1|Wikdchikn|cameraman|1120
|player|p2|Untethered13|gambler|1121
|gen|9
|tier|[Gen 9] OU
|rated|
|rule|HP Percentage Mod: HP is shown in percentages
|rule|Endless Battle Clause: Forcing endless battles is banned
|rule|Species Clause: Limit one of each Pokémon
|rule|OHKO Clause: OHKO moves are banned
|rule|Evasion Items Clause: Evasion items are banned
|rule|Evasion Moves Clause: Evasion moves are banned
|rule|Evasion Abilities Clause: Evasion abilities are banned
|rule|Sleep Moves Clause: Sleep-inducing moves are banned
|clearpoke
|poke|p1|Clodsire, M|
|poke|p1|Cryogonal|
|poke|p1|Zebstrika, F|
|poke|p1|Deoxys-Speed|
|poke|p1|Golem-Alola, M|
|poke|p1|Alomomola, M|
|poke|p2|Samurott-Hisui, M|
|poke|p2|Incineroar, F|
|poke|p2|Scizor, M|
|poke|p2|Grimmsnarl, M|
|poke|p2|Glimmora, F|
|poke|p2|Tyranitar, F|
|teampreview
|inactive|Battle timer is ON: inactive players will automatically lose when time's up. (requested by Wikdchikn)
|
|t:|1779625028
|teamsize|p1|6
|teamsize|p2|6
|start
|switch|p1a: Cryogonal|Cryogonal|100/100
|switch|p2a: Grimmsnarl|Grimmsnarl, M|100/100
|turn|1
|
|t:|1779625046
|move|p2a: Grimmsnarl|Reflect|p2a: Grimmsnarl
|-sidestart|p2: Untethered13|Reflect
|move|p1a: Cryogonal|Flash Cannon|p2a: Grimmsnarl
|-supereffective|p2a: Grimmsnarl
|-damage|p2a: Grimmsnarl|68/100
|
|upkeep
|turn|2
|
|t:|1779625052
|move|p2a: Grimmsnarl|Light Screen|p2a: Grimmsnarl
|-sidestart|p2: Untethered13|move: Light Screen
|move|p1a: Cryogonal|Flash Cannon|p2a: Grimmsnarl
|-supereffective|p2a: Grimmsnarl
|-damage|p2a: Grimmsnarl|49/100
|
|upkeep
|turn|3
|
|t:|1779625057
|move|p1a: Cryogonal|Flash Cannon|p2a: Grimmsnarl
|-supereffective|p2a: Grimmsnarl
|-damage|p2a: Grimmsnarl|31/100
|move|p2a: Grimmsnarl|Play Rough|p1a: Cryogonal
|-damage|p1a: Cryogonal|55/100
|
|upkeep
|turn|4
|
|t:|1779625065
|switch|p2a: Glimmora|Glimmora, F|100/100
|move|p1a: Cryogonal|Flash Cannon|p2a: Glimmora
|-supereffective|p2a: Glimmora
|-damage|p2a: Glimmora|83/100
|
|-heal|p2a: Glimmora|89/100|[from] item: Leftovers
|upkeep
|turn|5
|
|t:|1779625078
|switch|p1a: Clodsire|Clodsire, M|100/100
|move|p2a: Glimmora|Stealth Rock|p1a: Clodsire
|-sidestart|p1: Wikdchikn|move: Stealth Rock
|
|-heal|p2a: Glimmora|96/100|[from] item: Leftovers
|upkeep
|turn|6
|
|t:|1779625086
|move|p2a: Glimmora|Toxic Spikes|p1a: Clodsire
|-sidestart|p1: Wikdchikn|move: Toxic Spikes
|move|p1a: Clodsire|Curse|p1a: Clodsire
|-unboost|p1a: Clodsire|spe|1
|-boost|p1a: Clodsire|atk|1
|-boost|p1a: Clodsire|def|1
|
|-heal|p2a: Glimmora|100/100|[from] item: Leftovers
|upkeep
|turn|7
|
|t:|1779625094
|move|p2a: Glimmora|Toxic Spikes|p1a: Clodsire
|-sidestart|p1: Wikdchikn|move: Toxic Spikes
|move|p1a: Clodsire|Curse|p1a: Clodsire
|-unboost|p1a: Clodsire|spe|1
|-boost|p1a: Clodsire|atk|1
|-boost|p1a: Clodsire|def|1
|
|upkeep
|turn|8
|
|t:|1779625102
|switch|p2a: Tyranitar|Tyranitar, F|100/100
|-weather|Sandstorm|[from] ability: Sand Stream|[of] p2a: Tyranitar
|move|p1a: Clodsire|Curse|p1a: Clodsire
|-unboost|p1a: Clodsire|spe|1
|-boost|p1a: Clodsire|atk|1
|-boost|p1a: Clodsire|def|1
|
|-weather|Sandstorm|[upkeep]
|-sideend|p2: Untethered13|Reflect
|upkeep
|turn|9
|
|t:|1779625112
|move|p1a: Clodsire|Toxic|p2a: Tyranitar
|-status|p2a: Tyranitar|tox
|move|p2a: Tyranitar|Dragon Tail|p1a: Clodsire|[miss]
|-miss|p2a: Tyranitar|p1a: Clodsire
|
|-weather|Sandstorm|[upkeep]
|-damage|p2a: Tyranitar|94/100 tox|[from] psn
|-sideend|p2: Untethered13|move: Light Screen
|upkeep
|turn|10
|
|t:|1779625126
|move|p1a: Clodsire|Bulldoze|p2a: Tyranitar
|-supereffective|p2a: Tyranitar
|-damage|p2a: Tyranitar|50/100 tox
|-unboost|p2a: Tyranitar|spe|1
|move|p2a: Tyranitar|Dragon Tail|p1a: Clodsire
|-damage|p1a: Clodsire|93/100
|drag|p1a: Golem|Golem-Alola, M|100/100
|-damage|p1a: Golem|88/100|[from] Stealth Rock
|-status|p1a: Golem|tox
|
|-weather|Sandstorm|[upkeep]
|-heal|p1a: Golem|94/100 tox|[from] item: Leftovers
|-damage|p1a: Golem|88/100 tox|[from] psn
|-damage|p2a: Tyranitar|37/100 tox|[from] psn
|upkeep
|turn|11
|
|t:|1779625143
|move|p1a: Golem|Earthquake|p2a: Tyranitar
|-supereffective|p2a: Tyranitar
|-damage|p2a: Tyranitar|3/100 tox
|move|p2a: Tyranitar|Body Press|p1a: Golem
|-supereffective|p1a: Golem
|-damage|p1a: Golem|46/100 tox
|
|-weather|Sandstorm|[upkeep]
|-heal|p1a: Golem|52/100 tox|[from] item: Leftovers
|-damage|p1a: Golem|40/100 tox|[from] psn
|-damage|p2a: Tyranitar|0 fnt|[from] psn
|faint|p2a: Tyranitar
|upkeep
|
|t:|1779625158
|switch|p2a: Incineroar|Incineroar, F|100/100
|-ability|p2a: Incineroar|Intimidate|boost
|-unboost|p1a: Golem|atk|1
|turn|12
|
|t:|1779625163
|move|p2a: Incineroar|Parting Shot|p1a: Golem
|-unboost|p1a: Golem|atk|1
|-unboost|p1a: Golem|spa|1
|
|t:|1779625172
|switch|p2a: Samurott|Samurott-Hisui, M|100/100|[from] Parting Shot
|move|p1a: Golem|Stone Edge|p2a: Samurott
|-damage|p2a: Samurott|70/100
|
|-weather|none
|-heal|p1a: Golem|46/100 tox|[from] item: Leftovers
|-damage|p1a: Golem|28/100 tox|[from] psn
|upkeep
|turn|13
|
|t:|1779625187
|move|p2a: Samurott|Ceaseless Edge|p1a: Golem
|-damage|p1a: Golem|0 fnt
|-sidestart|p1: Wikdchikn|Spikes
|faint|p1a: Golem
|-damage|p2a: Samurott|60/100|[from] item: Life Orb
|
|upkeep
|
|t:|1779625191
|switch|p1a: Cryogonal|Cryogonal|55/100
|turn|14
|
|t:|1779625196
|move|p1a: Cryogonal|Rapid Spin|p2a: Samurott
|-damage|p2a: Samurott|52/100
|-boost|p1a: Cryogonal|spe|1
|-sideend|p1: Wikdchikn|Spikes|[from] move: Rapid Spin|[of] p1a: Cryogonal
|-sideend|p1: Wikdchikn|Toxic Spikes|[from] move: Rapid Spin|[of] p1a: Cryogonal
|-sideend|p1: Wikdchikn|Stealth Rock|[from] move: Rapid Spin|[of] p1a: Cryogonal
|move|p2a: Samurott|Sacred Sword|p1a: Cryogonal
|-supereffective|p1a: Cryogonal
|-crit|p1a: Cryogonal
|-damage|p1a: Cryogonal|0 fnt
|faint|p1a: Cryogonal
|-damage|p2a: Samurott|42/100|[from] item: Life Orb
|
|upkeep
|
|t:|1779625212
|switch|p1a: Zebstrika|Zebstrika, F|100/100
|turn|15
|
|t:|1779625219
|switch|p2a: Glimmora|Glimmora, F|100/100
|move|p1a: Zebstrika|Volt Switch|p2a: Glimmora
|-damage|p2a: Glimmora|81/100
|
|t:|1779625225
|switch|p1a: Deoxys|Deoxys-Speed|100/100|[from] Volt Switch
|-ability|p1a: Deoxys|Pressure
|
|-heal|p2a: Glimmora|87/100|[from] item: Leftovers
|upkeep
|turn|16
|
|t:|1779625234
|move|p1a: Deoxys|Trick|p2a: Glimmora
|-activate|p1a: Deoxys|move: Trick|[of] p2a: Glimmora
|-item|p2a: Glimmora|Choice Specs|[from] move: Trick
|-item|p1a: Deoxys|Leftovers|[from] move: Trick
|move|p2a: Glimmora|Toxic Spikes|p1a: Deoxys
|-sidestart|p1: Wikdchikn|move: Toxic Spikes
|
|upkeep
|turn|17
|
|t:|1779625239
|move|p1a: Deoxys|Psychic|p2a: Glimmora
|-supereffective|p2a: Glimmora
|-damage|p2a: Glimmora|13/100
|move|p2a: Glimmora|Toxic Spikes|p1a: Deoxys
|-sidestart|p1: Wikdchikn|move: Toxic Spikes
|
|upkeep
|turn|18
|
|t:|1779625248
|move|p1a: Deoxys|Ice Beam|p2a: Glimmora
|-damage|p2a: Glimmora|0 fnt
|faint|p2a: Glimmora
|
|upkeep
|
|t:|1779625265
|switch|p2a: Incineroar|Incineroar, F|100/100
|-ability|p2a: Incineroar|Intimidate|boost
|-unboost|p1a: Deoxys|atk|1
|turn|19
|
|t:|1779625273
|switch|p1a: Clodsire|Clodsire, M|93/100
|-sideend|p1: Wikdchikn|move: Toxic Spikes|[of] p1a: Clodsire
|move|p2a: Incineroar|Fake Out|p1a: Clodsire
|-damage|p1a: Clodsire|82/100
|
|-heal|p1a: Clodsire|88/100|[from] item: Black Sludge
|upkeep
|turn|20
|
|t:|1779625288
|move|p2a: Incineroar|Knock Off|p1a: Clodsire
|-damage|p1a: Clodsire|48/100
|-enditem|p1a: Clodsire|Black Sludge|[from] move: Knock Off|[of] p2a: Incineroar
|move|p1a: Clodsire|Curse|p1a: Clodsire
|-unboost|p1a: Clodsire|spe|1
|-boost|p1a: Clodsire|atk|1
|-boost|p1a: Clodsire|def|1
|
|upkeep
|turn|21
|
|t:|1779625295
|move|p2a: Incineroar|Parting Shot|p1a: Clodsire
|-unboost|p1a: Clodsire|atk|1
|-unboost|p1a: Clodsire|spa|1
|
|t:|1779625302
|switch|p2a: Grimmsnarl|Grimmsnarl, M|31/100|[from] Parting Shot
|move|p1a: Clodsire|Recover|p1a: Clodsire
|-heal|p1a: Clodsire|98/100
|
|upkeep
|turn|22
|
|t:|1779625316
|move|p2a: Grimmsnarl|Reflect|p2a: Grimmsnarl
|-sidestart|p2: Untethered13|Reflect
|move|p1a: Clodsire|Curse|p1a: Clodsire
|-unboost|p1a: Clodsire|spe|1
|-boost|p1a: Clodsire|atk|1
|-boost|p1a: Clodsire|def|1
|
|upkeep
|turn|23
|
|t:|1779625322
|move|p2a: Grimmsnarl|Light Screen|p2a: Grimmsnarl
|-sidestart|p2: Untethered13|move: Light Screen
|move|p1a: Clodsire|Curse|p1a: Clodsire
|-unboost|p1a: Clodsire|spe|1
|-boost|p1a: Clodsire|atk|1
|-boost|p1a: Clodsire|def|1
|
|upkeep
|turn|24
|
|t:|1779625339
|switch|p2a: Samurott|Samurott-Hisui, M|42/100
|move|p1a: Clodsire|Toxic|p2a: Samurott
|-status|p2a: Samurott|tox
|
|-damage|p2a: Samurott|36/100 tox|[from] psn
|upkeep
|turn|25
|
|t:|1779625348
|move|p2a: Samurott|Aqua Cutter|p1a: Clodsire
|-supereffective|p1a: Clodsire
|-damage|p1a: Clodsire|42/100
|-damage|p2a: Samurott|26/100 tox|[from] item: Life Orb
|move|p1a: Clodsire|Bulldoze|p2a: Samurott
|-damage|p2a: Samurott|6/100 tox
|-unboost|p2a: Samurott|spe|1
|
|-damage|p2a: Samurott|0 fnt|[from] psn
|faint|p2a: Samurott
|upkeep
|inactive|Untethered13 has 120 seconds left.
|
|t:|1779625374
|switch|p2a: Incineroar|Incineroar, F|100/100
|-ability|p2a: Incineroar|Intimidate|boost
|-unboost|p1a: Clodsire|atk|1
|turn|26
|
|t:|1779625379
|move|p2a: Incineroar|Fake Out|p1a: Clodsire
|-damage|p1a: Clodsire|37/100
|cant|p1a: Clodsire|flinch
|
|upkeep
|turn|27
|
|t:|1779625386
|move|p2a: Incineroar|Darkest Lariat|p1a: Clodsire
|-damage|p1a: Clodsire|0 fnt
|faint|p1a: Clodsire
|
|upkeep
|
|t:|1779625393
|switch|p1a: Alomomola|Alomomola, M|100/100
|turn|28
|
|t:|1779625399
|move|p2a: Incineroar|Parting Shot|p1a: Alomomola
|-unboost|p1a: Alomomola|atk|1
|-unboost|p1a: Alomomola|spa|1
|
|t:|1779625403
|switch|p2a: Grimmsnarl|Grimmsnarl, M|31/100|[from] Parting Shot
|move|p1a: Alomomola|Scald|p2a: Grimmsnarl
|-damage|p2a: Grimmsnarl|26/100
|
|upkeep
|turn|29
|
|t:|1779625416
|move|p1a: Alomomola|Flip Turn|p2a: Grimmsnarl
|-damage|p2a: Grimmsnarl|20/100
|
|t:|1779625419
|switch|p1a: Zebstrika|Zebstrika, F|100/100|[from] Flip Turn
|move|p2a: Grimmsnarl|Play Rough|p1a: Zebstrika
|-damage|p1a: Zebstrika|30/100
|
|-sideend|p2: Untethered13|Reflect
|upkeep
|turn|30
|
|t:|1779625428
|move|p2a: Grimmsnarl|Reflect|p2a: Grimmsnarl
|-sidestart|p2: Untethered13|Reflect
|move|p1a: Zebstrika|Supercell Slam|p2a: Grimmsnarl
|-damage|p2a: Grimmsnarl|0 fnt
|faint|p2a: Grimmsnarl
|
|-sideend|p2: Untethered13|move: Light Screen
|upkeep
|
|t:|1779625439
|switch|p2a: Scizor|Scizor, M|100/100
|turn|31
|
|t:|1779625447
|move|p1a: Zebstrika|Overheat|p2a: Scizor
|-supereffective|p2a: Scizor
|-crit|p2a: Scizor
|-damage|p2a: Scizor|0 fnt
|-unboost|p1a: Zebstrika|spa|2
|faint|p2a: Scizor
|
|upkeep
|
|t:|1779625454
|switch|p2a: Incineroar|Incineroar, F|100/100
|-ability|p2a: Incineroar|Intimidate|boost
|-unboost|p1a: Zebstrika|atk|1
|turn|32
|
|t:|1779625466
|move|p1a: Zebstrika|Volt Switch|p2a: Incineroar
|-damage|p2a: Incineroar|91/100
|
|t:|1779625468
|switch|p1a: Alomomola|Alomomola, M|100/100|[from] Volt Switch
|move|p2a: Incineroar|Knock Off|p1a: Alomomola
|-damage|p1a: Alomomola|73/100
|-enditem|p1a: Alomomola|Leftovers|[from] move: Knock Off|[of] p2a: Incineroar
|
|upkeep
|turn|33
|-message|Untethered13 forfeited.
|
|win|Wikdchikn
|raw|Wikdchikn's rating: 1120 &rarr; <strong>1145</strong><br />(+25 for winning)
|raw|Untethered13's rating: 1121 &rarr; <strong>1096</strong><br />(-25 for losing)
|l|☆Untethered13
|player|p2|
|l|☆Wikdchikn
|player|p1|
