|inactive|Battle timer is ON: inactive players will automatically lose when time's up.
|badge|p1|bronze|gen9doublesou|100-9
|uhtml|medal-msg|<div class="broadcast-blue">Curious what those medals under the avatar are? PS now has Ladder Seasons! For more information, check out the <a href="https://www.smogon.com/forums/threads/3740067/">thread on Smogon.</a></div>
|t:|1779570725
|gametype|singles
|player|p1|luisin|#wcop2026mexico|
|player|p2|Micciu|#wcop2026france2|
|gen|9
|tier|[Gen 9] OU
|rule|HP Percentage Mod: HP is shown in percentages
|rule|Endless Battle Clause: Forcing endless battles is banned
|rule|Species Clause: Limit one of each Pokémon
|rule|OHKO Clause: OHKO moves are banned
|rule|Evasion Items Clause: Evasion items are banned
|rule|Evasion Moves Clause: Evasion moves are banned
|rule|Evasion Abilities Clause: Evasion abilities are banned
|rule|Sleep Moves Clause: Sleep-inducing moves are banned
|clearpoke
|poke|p1|Dragonite, M|
|poke|p1|Garganacl, F|
|poke|p1|Moltres|
|poke|p1|Darkrai|
|poke|p1|Great Tusk|
|poke|p1|Gholdengo|
|poke|p2|Zamazenta-*|
|poke|p2|Kyurem|
|poke|p2|Iron Treads|
|poke|p2|Hatterene, F|
|poke|p2|Tornadus-Therian, M|
|poke|p2|Kingambit, F|
|teampreview
|c|☆Micciu|hf
|c|☆luisin|hf
|inactive|luisin has 270 seconds left.
|inactive|Micciu has 270 seconds left.
|inactive|Micciu has 240 seconds left.
|inactive|Micciu has 210 seconds left.
|
|t:|1779570830
|teamsize|p1|6
|teamsize|p2|6
|start
|switch|p1a: Darkrai|Darkrai|100/100
|switch|p2a: Kyurem|Kyurem|100/100
|-ability|p2a: Kyurem|Pressure
|turn|1
|
|t:|1779570836
|move|p1a: Darkrai|Dark Pulse|p2a: Kyurem
|-damage|p2a: Kyurem|76/100
|cant|p2a: Kyurem|flinch
|
|upkeep
|turn|2
|inactive|Micciu has 270 seconds left.
|
|t:|1779570842
|switch|p1a: Moltres|Moltres|100/100
|move|p2a: Kyurem|Ice Beam|p1a: Moltres
|-damage|p1a: Moltres|50/100
|
|upkeep
|turn|3
|
|t:|1779570848
|switch|p1a: Garganacl|Garganacl, F|100/100
|move|p2a: Kyurem|Ancient Power|p1a: Garganacl
|-damage|p1a: Garganacl|86/100
|
|-heal|p1a: Garganacl|92/100|[from] item: Leftovers
|upkeep
|turn|4
|
|t:|1779570856
|switch|p2a: Hatterene|Hatterene, F|100/100
|move|p1a: Garganacl|Salt Cure|p2a: Hatterene
|-damage|p2a: Hatterene|88/100
|-start|p2a: Hatterene|Salt Cure
|
|-heal|p1a: Garganacl|98/100|[from] item: Leftovers
|-damage|p2a: Hatterene|76/100|[from] Salt Cure
|upkeep
|turn|5
|
|t:|1779570861
|switch|p1a: Moltres|Moltres|50/100
|move|p2a: Hatterene|Nuzzle|p1a: Moltres
|-supereffective|p1a: Moltres
|-damage|p1a: Moltres|45/100
|-status|p1a: Moltres|par
|
|-damage|p2a: Hatterene|64/100|[from] Salt Cure
|upkeep
|turn|6
|
|t:|1779570878
|switch|p2a: Kyurem|Kyurem|76/100
|-ability|p2a: Kyurem|Pressure
|move|p1a: Moltres|Roost|p1a: Moltres
|-heal|p1a: Moltres|95/100 par
|-singleturn|p1a: Moltres|move: Roost
|
|upkeep
|turn|7
|
|t:|1779570888
|switch|p1a: Garganacl|Garganacl, F|98/100
|move|p2a: Kyurem|Earth Power|p1a: Garganacl
|-supereffective|p1a: Garganacl
|-damage|p1a: Garganacl|53/100
|
|-heal|p1a: Garganacl|59/100|[from] item: Leftovers
|upkeep
|turn|8
|
|t:|1779570893
|move|p2a: Kyurem|Earth Power|p1a: Garganacl
|-supereffective|p1a: Garganacl
|-damage|p1a: Garganacl|12/100
|move|p1a: Garganacl|Recover|p1a: Garganacl
|-heal|p1a: Garganacl|62/100
|
|-heal|p1a: Garganacl|68/100|[from] item: Leftovers
|upkeep
|turn|9
|
|t:|1779570898
|move|p2a: Kyurem|Earth Power|p1a: Garganacl
|-supereffective|p1a: Garganacl
|-damage|p1a: Garganacl|25/100
|move|p1a: Garganacl|Recover|p1a: Garganacl
|-heal|p1a: Garganacl|75/100
|
|-heal|p1a: Garganacl|81/100|[from] item: Leftovers
|upkeep
|turn|10
|
|t:|1779570904
|move|p2a: Kyurem|Earth Power|p1a: Garganacl
|-supereffective|p1a: Garganacl
|-damage|p1a: Garganacl|37/100
|move|p1a: Garganacl|Salt Cure|p2a: Kyurem
|-supereffective|p2a: Kyurem
|-damage|p2a: Kyurem|50/100
|-start|p2a: Kyurem|Salt Cure
|
|-heal|p1a: Garganacl|44/100|[from] item: Leftovers
|-damage|p2a: Kyurem|38/100|[from] Salt Cure
|upkeep
|turn|11
|
|t:|1779570910
|move|p2a: Kyurem|Ice Beam|p1a: Garganacl
|-crit|p1a: Garganacl
|-damage|p1a: Garganacl|0 fnt
|faint|p1a: Garganacl
|
|-damage|p2a: Kyurem|26/100|[from] Salt Cure
|upkeep
|
|t:|1779570912
|switch|p1a: Darkrai|Darkrai|100/100
|turn|12
|
|t:|1779570923
|switch|p2a: Zamazenta|Zamazenta|100/100
|-ability|p2a: Zamazenta|Dauntless Shield|boost
|-boost|p2a: Zamazenta|def|1
|move|p1a: Darkrai|Will-O-Wisp|p2a: Zamazenta
|-status|p2a: Zamazenta|brn
|
|-damage|p2a: Zamazenta|94/100 brn|[from] brn
|upkeep
|turn|13
|
|t:|1779570930
|switch|p2a: Iron Treads|Iron Treads|100/100
|switch|p1a: Great Tusk|Great Tusk|100/100
|
|upkeep
|turn|14
|
|t:|1779570938
|-end|p2a: Iron Treads|Quark Drive|[silent]
|switch|p2a: Hatterene|Hatterene, F|64/100
|move|p1a: Great Tusk|Stealth Rock|p2a: Hatterene
|move|p2a: Hatterene|Stealth Rock|p1a: Great Tusk|[from] ability: Magic Bounce
|-sidestart|p1: luisin|move: Stealth Rock
|
|upkeep
|turn|15
|
|t:|1779570945
|-end|p1a: Great Tusk|Protosynthesis|[silent]
|switch|p1a: Moltres|Moltres|95/100 par
|move|p2a: Hatterene|Draining Kiss|p1a: Moltres
|-resisted|p1a: Moltres
|-damage|p1a: Moltres|85/100 par
|-heal|p2a: Hatterene|73/100|[from] drain|[of] p1a: Moltres
|-status|p2a: Hatterene|brn|[from] ability: Flame Body|[of] p1a: Moltres
|
|-damage|p2a: Hatterene|67/100 brn|[from] brn
|upkeep
|turn|16
|
|t:|1779570950
|switch|p1a: Gholdengo|Gholdengo|100/100
|-damage|p1a: Gholdengo|94/100|[from] Stealth Rock
|switch|p2a: Kyurem|Kyurem|26/100
|-ability|p2a: Kyurem|Pressure
|
|upkeep
|turn|17
|
|t:|1779570954
|move|p2a: Kyurem|Earth Power|p1a: Gholdengo
|-supereffective|p1a: Gholdengo
|-damage|p1a: Gholdengo|25/100
|move|p1a: Gholdengo|Make It Rain|p2a: Kyurem
|-supereffective|p2a: Kyurem
|-damage|p2a: Kyurem|0 fnt
|-unboost|p1a: Gholdengo|spa|1
|faint|p2a: Kyurem
|
|upkeep
|
|t:|1779570962
|switch|p2a: Tornadus|Tornadus-Therian, M|100/100
|turn|18
|
|t:|1779570976
|move|p2a: Tornadus|Dark Pulse|p1a: Gholdengo
|-supereffective|p1a: Gholdengo
|-damage|p1a: Gholdengo|0 fnt
|faint|p1a: Gholdengo
|-damage|p2a: Tornadus|91/100|[from] item: Life Orb
|
|upkeep
|
|t:|1779570979
|switch|p1a: Darkrai|Darkrai|100/100
|turn|19
|
|t:|1779570985
|move|p1a: Darkrai|Ice Beam|p2a: Tornadus
|-supereffective|p2a: Tornadus
|-damage|p2a: Tornadus|15/100
|move|p2a: Tornadus|Focus Blast|p1a: Darkrai
|-supereffective|p1a: Darkrai
|-damage|p1a: Darkrai|0 fnt
|faint|p1a: Darkrai
|-damage|p2a: Tornadus|6/100|[from] item: Life Orb
|
|upkeep
|
|t:|1779570988
|switch|p1a: Dragonite|Dragonite, M|100/100
|turn|20
|
|t:|1779570992
|switch|p2a: Hatterene|Hatterene, F|67/100 brn
|switch|p1a: Great Tusk|Great Tusk|100/100
|-damage|p1a: Great Tusk|98/100|[from] Stealth Rock
|
|-damage|p2a: Hatterene|61/100 brn|[from] brn
|upkeep
|turn|21
|
|t:|1779570998
|-terastallize|p1a: Great Tusk|Steel
|move|p1a: Great Tusk|Rapid Spin|p2a: Hatterene
|-damage|p2a: Hatterene|46/100 brn
|-boost|p1a: Great Tusk|spe|1
|-damage|p1a: Great Tusk|81/100|[from] item: Rocky Helmet|[of] p2a: Hatterene
|-sideend|p1: luisin|Stealth Rock|[from] move: Rapid Spin|[of] p1a: Great Tusk
|move|p2a: Hatterene|Draining Kiss|p1a: Great Tusk
|-resisted|p1a: Great Tusk
|-damage|p1a: Great Tusk|65/100
|-heal|p2a: Hatterene|61/100 brn|[from] drain|[of] p1a: Great Tusk
|-damage|p2a: Hatterene|44/100 brn|[from] item: Rocky Helmet|[of] p1a: Great Tusk
|
|-damage|p2a: Hatterene|38/100 brn|[from] brn
|upkeep
|turn|22
|
|t:|1779571004
|move|p1a: Great Tusk|Headlong Rush|p2a: Hatterene
|-damage|p2a: Hatterene|0 fnt
|-unboost|p1a: Great Tusk|def|1
|-unboost|p1a: Great Tusk|spd|1
|-damage|p1a: Great Tusk|48/100|[from] item: Rocky Helmet|[of] p2a: Hatterene
|faint|p2a: Hatterene
|
|upkeep
|
|t:|1779571007
|switch|p2a: Zamazenta|Zamazenta|94/100 brn
|turn|23
|
|t:|1779571015
|-end|p1a: Great Tusk|Protosynthesis|[silent]
|switch|p1a: Moltres|Moltres|85/100 par
|move|p2a: Zamazenta|Iron Defense|p2a: Zamazenta
|-boost|p2a: Zamazenta|def|2
|
|-heal|p2a: Zamazenta|100/100 brn|[from] item: Leftovers
|-damage|p2a: Zamazenta|94/100 brn|[from] brn
|upkeep
|turn|24
|
|t:|1779571024
|move|p2a: Zamazenta|Iron Defense|p2a: Zamazenta
|-boost|p2a: Zamazenta|def|2
|move|p1a: Moltres|Flamethrower|p2a: Zamazenta
|-damage|p2a: Zamazenta|62/100 brn
|
|-heal|p2a: Zamazenta|68/100 brn|[from] item: Leftovers
|-damage|p2a: Zamazenta|62/100 brn|[from] brn
|upkeep
|turn|25
|
|t:|1779571042
|move|p2a: Zamazenta|Body Press|p1a: Moltres
|-resisted|p1a: Moltres
|-damage|p1a: Moltres|65/100 par
|move|p1a: Moltres|Flamethrower|p2a: Zamazenta
|-damage|p2a: Zamazenta|24/100 brn
|
|-heal|p2a: Zamazenta|30/100 brn|[from] item: Leftovers
|-damage|p2a: Zamazenta|24/100 brn|[from] brn
|upkeep
|turn|26
|
|t:|1779571047
|move|p2a: Zamazenta|Body Press|p1a: Moltres
|-resisted|p1a: Moltres
|-damage|p1a: Moltres|45/100 par
|cant|p1a: Moltres|par
|
|-heal|p2a: Zamazenta|30/100 brn|[from] item: Leftovers
|-damage|p2a: Zamazenta|24/100 brn|[from] brn
|upkeep
|turn|27
|
|t:|1779571051
|switch|p2a: Tornadus|Tornadus-Therian, M|39/100
|cant|p1a: Moltres|par
|
|upkeep
|turn|28
|
|t:|1779571056
|switch|p1a: Dragonite|Dragonite, M|100/100
|move|p2a: Tornadus|Bleakwind Storm|p1a: Dragonite
|-damage|p1a: Dragonite|73/100
|-damage|p2a: Tornadus|29/100|[from] item: Life Orb
|
|upkeep
|turn|29
|
|t:|1779571060
|move|p2a: Tornadus|Bleakwind Storm|p1a: Dragonite
|-damage|p1a: Dragonite|21/100
|-unboost|p1a: Dragonite|spe|1
|-damage|p2a: Tornadus|19/100|[from] item: Life Orb
|move|p1a: Dragonite|Roost|p1a: Dragonite
|-heal|p1a: Dragonite|71/100
|-singleturn|p1a: Dragonite|move: Roost
|
|upkeep
|turn|30
|
|t:|1779571068
|move|p2a: Tornadus|Bleakwind Storm|p1a: Dragonite|[miss]
|-miss|p2a: Tornadus|p1a: Dragonite
|move|p1a: Dragonite|Roost|p1a: Dragonite
|-heal|p1a: Dragonite|100/100
|-singleturn|p1a: Dragonite|move: Roost
|
|upkeep
|turn|31
|
|t:|1779571070
|move|p1a: Dragonite|Extreme Speed|p2a: Tornadus
|-damage|p2a: Tornadus|0 fnt
|faint|p2a: Tornadus
|
|upkeep
|
|t:|1779571073
|switch|p2a: Iron Treads|Iron Treads|100/100
|turn|32
|
|t:|1779571077
|switch|p1a: Great Tusk|Great Tusk, tera:Steel|48/100
|move|p2a: Iron Treads|Rapid Spin|p1a: Great Tusk
|-resisted|p1a: Great Tusk
|-damage|p1a: Great Tusk|43/100
|-boost|p2a: Iron Treads|spe|1
|-damage|p2a: Iron Treads|84/100|[from] item: Rocky Helmet|[of] p1a: Great Tusk
|
|-heal|p2a: Iron Treads|90/100|[from] item: Leftovers
|upkeep
|turn|33
|
|t:|1779571083
|-end|p1a: Great Tusk|Protosynthesis|[silent]
|switch|p1a: Moltres|Moltres|45/100 par
|move|p2a: Iron Treads|Earthquake|p1a: Moltres
|-immune|p1a: Moltres
|
|-heal|p2a: Iron Treads|96/100|[from] item: Leftovers
|upkeep
|turn|34
|
|t:|1779571088
|move|p2a: Iron Treads|Stealth Rock|p1a: Moltres
|-sidestart|p1: luisin|move: Stealth Rock
|move|p1a: Moltres|Roost|p1a: Moltres
|-heal|p1a: Moltres|95/100 par
|-singleturn|p1a: Moltres|move: Roost
|
|-heal|p2a: Iron Treads|100/100|[from] item: Leftovers
|upkeep
|turn|35
|
|t:|1779571093
|move|p2a: Iron Treads|Knock Off|p1a: Moltres
|-damage|p1a: Moltres|71/100 par
|-status|p2a: Iron Treads|brn|[from] ability: Flame Body|[of] p1a: Moltres
|-enditem|p1a: Moltres|Heavy-Duty Boots|[from] move: Knock Off|[of] p2a: Iron Treads
|move|p1a: Moltres|Flamethrower|p2a: Iron Treads
|-supereffective|p2a: Iron Treads
|-damage|p2a: Iron Treads|0 fnt
|faint|p2a: Iron Treads
|-end|p2a: Iron Treads|Quark Drive|[silent]
|
|upkeep
|
|t:|1779571095
|switch|p2a: Zamazenta|Zamazenta|24/100 brn
|turn|36
|
|t:|1779571097
|move|p2a: Zamazenta|Iron Defense|p2a: Zamazenta
|-boost|p2a: Zamazenta|def|2
|move|p1a: Moltres|Roost|p1a: Moltres
|-heal|p1a: Moltres|100/100 par
|-singleturn|p1a: Moltres|move: Roost
|
|-heal|p2a: Zamazenta|30/100 brn|[from] item: Leftovers
|-damage|p2a: Zamazenta|24/100 brn|[from] brn
|upkeep
|turn|37
|
|t:|1779571100
|move|p2a: Zamazenta|Body Press|p1a: Moltres
|-resisted|p1a: Moltres
|-damage|p1a: Moltres|87/100 par
|cant|p1a: Moltres|par
|
|-heal|p2a: Zamazenta|30/100 brn|[from] item: Leftovers
|-damage|p2a: Zamazenta|24/100 brn|[from] brn
|upkeep
|turn|38
|
|t:|1779571105
|move|p2a: Zamazenta|Body Press|p1a: Moltres
|-resisted|p1a: Moltres
|-damage|p1a: Moltres|72/100 par
|cant|p1a: Moltres|par
|
|-heal|p2a: Zamazenta|30/100 brn|[from] item: Leftovers
|-damage|p2a: Zamazenta|24/100 brn|[from] brn
|upkeep
|turn|39
|
|t:|1779571107
|move|p2a: Zamazenta|Iron Defense|p2a: Zamazenta
|-boost|p2a: Zamazenta|def|2
|move|p1a: Moltres|Roost|p1a: Moltres
|-heal|p1a: Moltres|100/100 par
|-singleturn|p1a: Moltres|move: Roost
|
|-heal|p2a: Zamazenta|30/100 brn|[from] item: Leftovers
|-damage|p2a: Zamazenta|24/100 brn|[from] brn
|upkeep
|turn|40
|
|t:|1779571110
|move|p2a: Zamazenta|Body Press|p1a: Moltres
|-resisted|p1a: Moltres
|-damage|p1a: Moltres|79/100 par
|move|p1a: Moltres|Roar|p2a: Zamazenta
|drag|p2a: Kingambit|Kingambit, F|100/100
|-activate|p2a: Kingambit|ability: Supreme Overlord
|-start|p2a: Kingambit|fallen4|[silent]
|-item|p2a: Kingambit|Air Balloon
|
|upkeep
|turn|41
|
|t:|1779571123
|-end|p2a: Kingambit|fallen4|[silent]
|switch|p2a: Zamazenta|Zamazenta|24/100 brn
|move|p1a: Moltres|Will-O-Wisp|p2a: Zamazenta
|-fail|p2a: Zamazenta|brn
|
|-heal|p2a: Zamazenta|30/100 brn|[from] item: Leftovers
|-damage|p2a: Zamazenta|24/100 brn|[from] brn
|upkeep
|turn|42
|
|t:|1779571127
|move|p2a: Zamazenta|Iron Defense|p2a: Zamazenta
|-boost|p2a: Zamazenta|def|2
|move|p1a: Moltres|Roost|p1a: Moltres
|-heal|p1a: Moltres|100/100 par
|-singleturn|p1a: Moltres|move: Roost
|
|-heal|p2a: Zamazenta|30/100 brn|[from] item: Leftovers
|-damage|p2a: Zamazenta|24/100 brn|[from] brn
|upkeep
|turn|43
|
|t:|1779571129
|move|p2a: Zamazenta|Crunch|p1a: Moltres
|-damage|p1a: Moltres|92/100 par
|-unboost|p1a: Moltres|def|1
|move|p1a: Moltres|Roar|p2a: Zamazenta
|drag|p2a: Kingambit|Kingambit, F|100/100
|-activate|p2a: Kingambit|ability: Supreme Overlord
|-start|p2a: Kingambit|fallen4|[silent]
|-item|p2a: Kingambit|Air Balloon
|
|upkeep
|turn|44
|
|t:|1779571135
|-terastallize|p2a: Kingambit|Fire
|move|p2a: Kingambit|Swords Dance|p2a: Kingambit
|-boost|p2a: Kingambit|atk|2
|move|p1a: Moltres|Will-O-Wisp|p2a: Kingambit
|-immune|p2a: Kingambit
|
|upkeep
|turn|45
|
|t:|1779571141
|move|p2a: Kingambit|Kowtow Cleave|p1a: Moltres
|-damage|p1a: Moltres|0 fnt
|faint|p1a: Moltres
|
|upkeep
|
|t:|1779571144
|switch|p1a: Dragonite|Dragonite, M|100/100
|turn|46
|
|t:|1779571147
|move|p2a: Kingambit|Kowtow Cleave|p1a: Dragonite
|-crit|p1a: Dragonite
|-damage|p1a: Dragonite|15/100
|move|p1a: Dragonite|Dragon Tail|p2a: Kingambit|[miss]
|-miss|p1a: Dragonite|p2a: Kingambit
|
|upkeep
|turn|47
|c|☆luisin|ok
|c|☆luisin|gg
|-message|luisin forfeited.
|
|win|Micciu
|c|☆Micciu|gg
