|j|☆aria4games
|j|☆serpico XD
|t:|1779615212
|gametype|singles
|player|p1|aria4games|baker|1407
|player|p2|serpico XD|blue|1426
|gen|9
|tier|[Gen 9] OU
|rated|
|rule|HP Percentage Mod: HP is shown in percentages
|rule|Endless Battle Clause: Forcing endless battles is banned
|rule|Species Clause: Limit one of each Pokémon
|rule|OHKO Clause: OHKO moves are banned
|rule|Evasion Items Clause: Evasion items are banned
|rule|Evasion Moves Clause: Evasion moves are banned
|rule|Evasion Abilities Clause: Evasion abilities are banned
|rule|Sleep Moves Clause: Sleep-inducing moves are banned
|clearpoke
|poke|p1|Cinderace, M|
|poke|p1|Reuniclus, F|
|poke|p1|Kyurem|
|poke|p1|Raging Bolt|
|poke|p1|Darkrai|
|poke|p1|Keldeo-Resolute|
|poke|p2|Regieleki|
|poke|p2|Cinderace, M|
|poke|p2|Meowscarada, F|
|poke|p2|Primarina, F|
|poke|p2|Corviknight, F|
|poke|p2|Iron Valiant|
|teampreview
|inactive|Battle timer is ON: inactive players will automatically lose when time's up. (requested by serpico XD)
|c|☆serpico XD|glhf
|c|☆aria4games|glhf
|
|t:|1779615225
|teamsize|p1|6
|teamsize|p2|6
|start
|switch|p1a: NU's finest|Reuniclus, F, shiny|100/100
|switch|p2a: Meowscarada|Meowscarada, F|100/100
|turn|1
|
|t:|1779615229
|move|p2a: Meowscarada|U-turn|p1a: NU's finest
|-start|p2a: Meowscarada|typechange|Bug|[from] ability: Protean
|-supereffective|p1a: NU's finest
|-damage|p1a: NU's finest|29/100
|-damage|p2a: Meowscarada|84/100|[from] item: Rocky Helmet|[of] p1a: NU's finest
|
|t:|1779615236
|switch|p2a: Corviknight|Corviknight, F, shiny|100/100|[from] U-turn
|move|p1a: NU's finest|Recover|p1a: NU's finest
|-heal|p1a: NU's finest|79/100
|
|upkeep
|turn|2
|
|t:|1779615239
|move|p2a: Corviknight|U-turn|p1a: NU's finest
|-supereffective|p1a: NU's finest
|-damage|p1a: NU's finest|58/100
|-damage|p2a: Corviknight|84/100|[from] item: Rocky Helmet|[of] p1a: NU's finest
|
|t:|1779615241
|switch|p2a: Meowscarada|Meowscarada, F|84/100|[from] U-turn
|move|p1a: NU's finest|Thunder Wave|p2a: Meowscarada
|-status|p2a: Meowscarada|par
|
|upkeep
|turn|3
|
|t:|1779615247
|switch|p1a: raging goat|Raging Bolt|100/100
|-enditem|p1a: raging goat|Booster Energy
|-activate|p1a: raging goat|ability: Protosynthesis|[fromitem]
|-start|p1a: raging goat|protosynthesisspa
|move|p2a: Meowscarada|Knock Off|p1a: raging goat
|-start|p2a: Meowscarada|typechange|Dark|[from] ability: Protean
|-damage|p1a: raging goat|61/100
|
|upkeep
|turn|4
|
|t:|1779615253
|switch|p2a: Regieleki|Regieleki, shiny|100/100
|move|p1a: raging goat|Calm Mind|p1a: raging goat
|-boost|p1a: raging goat|spa|1
|-boost|p1a: raging goat|spd|1
|
|upkeep
|turn|5
|
|t:|1779615260
|move|p2a: Regieleki|Volt Switch|p1a: raging goat
|-resisted|p1a: raging goat
|-damage|p1a: raging goat|56/100
|
|t:|1779615263
|switch|p2a: Meowscarada|Meowscarada, F|84/100 par|[from] Volt Switch
|move|p1a: raging goat|Dragon Pulse|p2a: Meowscarada
|-damage|p2a: Meowscarada|0 fnt
|faint|p2a: Meowscarada
|
|upkeep
|
|t:|1779615267
|switch|p2a: Primarina|Primarina, F|100/100
|turn|6
|
|t:|1779615271
|-terastallize|p2a: Primarina|Grass
|move|p1a: raging goat|Thunderbolt|p2a: Primarina
|-resisted|p2a: Primarina
|-crit|p2a: Primarina
|-damage|p2a: Primarina|32/100
|move|p2a: Primarina|Calm Mind|p2a: Primarina
|-boost|p2a: Primarina|spa|1
|-boost|p2a: Primarina|spd|1
|
|-heal|p2a: Primarina|38/100|[from] item: Leftovers
|upkeep
|turn|7
|
|t:|1779615276
|move|p1a: raging goat|Dragon Pulse|p2a: Primarina
|-damage|p2a: Primarina|0 fnt
|faint|p2a: Primarina
|
|upkeep
|
|t:|1779615282
|switch|p2a: Cinderace|Cinderace, M|100/100
|turn|8
|
|t:|1779615286
|move|p2a: Cinderace|Sucker Punch|p1a: raging goat
|-start|p2a: Cinderace|typechange|Dark|[from] ability: Libero
|-damage|p1a: raging goat|27/100
|move|p1a: raging goat|Thunderclap||[still]
|-fail|p1a: raging goat
|
|upkeep
|turn|9
|
|t:|1779615291
|move|p2a: Cinderace|Gunk Shot|p1a: raging goat
|-damage|p1a: raging goat|0 fnt
|faint|p1a: raging goat
|-end|p1a: raging goat|Protosynthesis|[silent]
|
|upkeep
|
|t:|1779615294
|switch|p1a: lil trooper|Keldeo-Resolute|100/100
|turn|10
|
|t:|1779615298
|switch|p2a: Corviknight|Corviknight, F, shiny|84/100
|move|p1a: lil trooper|Secret Sword|p2a: Corviknight
|-damage|p2a: Corviknight|55/100
|
|upkeep
|turn|11
|
|t:|1779615301
|switch|p1a: NU's finest|Reuniclus, F, shiny|58/100
|move|p2a: Corviknight|Roost|p2a: Corviknight
|-heal|p2a: Corviknight|100/100
|-singleturn|p2a: Corviknight|move: Roost
|
|upkeep
|turn|12
|
|t:|1779615304
|move|p2a: Corviknight|U-turn|p1a: NU's finest
|-supereffective|p1a: NU's finest
|-damage|p1a: NU's finest|36/100
|-damage|p2a: Corviknight|84/100|[from] item: Rocky Helmet|[of] p1a: NU's finest
|
|t:|1779615308
|switch|p2a: Regieleki|Regieleki, shiny|100/100|[from] U-turn
|move|p1a: NU's finest|Recover|p1a: NU's finest
|-heal|p1a: NU's finest|86/100
|
|upkeep
|turn|13
|inactive|aria4games has 120 seconds left.
|
|t:|1779615342
|move|p2a: Regieleki|Thunderbolt|p1a: NU's finest
|-damage|p1a: NU's finest|43/100
|move|p1a: NU's finest|Future Sight|p2a: Regieleki
|-start|p1a: NU's finest|move: Future Sight
|
|upkeep
|turn|14
|
|t:|1779615347
|move|p2a: Regieleki|Thunderbolt|p1a: NU's finest
|-damage|p1a: NU's finest|0 fnt
|faint|p1a: NU's finest
|
|upkeep
|
|t:|1779615352
|switch|p1a: '06 wayne rooney|Cinderace, M|100/100
|turn|15
|
|t:|1779615355
|move|p2a: Regieleki|Volt Switch|p1a: '06 wayne rooney
|-damage|p1a: '06 wayne rooney|43/100
|
|t:|1779615358
|switch|p2a: Cinderace|Cinderace, M|100/100|[from] Volt Switch
|move|p1a: '06 wayne rooney|Pyro Ball|p2a: Cinderace
|-resisted|p2a: Cinderace
|-damage|p2a: Cinderace|59/100
|
|-end|p2a: Cinderace|move: Future Sight
|-damage|p2a: Cinderace|0 fnt
|faint|p2a: Cinderace
|upkeep
|
|t:|1779615360
|switch|p2a: Regieleki|Regieleki, shiny|100/100
|turn|16
|
|t:|1779615365
|move|p1a: '06 wayne rooney|Sucker Punch|p2a: Regieleki
|-start|p1a: '06 wayne rooney|typechange|Dark|[from] ability: Libero
|-damage|p2a: Regieleki|29/100
|move|p2a: Regieleki|Thunderbolt|p1a: '06 wayne rooney
|-damage|p1a: '06 wayne rooney|0 fnt
|faint|p1a: '06 wayne rooney
|
|upkeep
|
|t:|1779615372
|switch|p1a: super mario|Kyurem, shiny|100/100
|-ability|p1a: super mario|Pressure
|turn|17
|
|t:|1779615375
|move|p2a: Regieleki|Volt Switch|p1a: super mario
|-resisted|p1a: super mario
|-damage|p1a: super mario|92/100
|
|t:|1779615378
|switch|p2a: Corviknight|Corviknight, F, shiny|84/100|[from] Volt Switch
|move|p1a: super mario|Freeze-Dry|p2a: Corviknight
|-damage|p2a: Corviknight|52/100
|
|upkeep
|turn|18
|
|t:|1779615387
|-terastallize|p1a: super mario|Ground
|move|p1a: super mario|Freeze-Dry|p2a: Corviknight
|-damage|p2a: Corviknight|25/100
|move|p2a: Corviknight|Brave Bird|p1a: super mario
|-damage|p1a: super mario|62/100
|-damage|p2a: Corviknight|14/100|[from] Recoil
|
|upkeep
|turn|19
|
|t:|1779615393
|move|p1a: super mario|Freeze-Dry|p2a: Corviknight
|-damage|p2a: Corviknight|0 fnt
|faint|p2a: Corviknight
|
|upkeep
|
|t:|1779615398
|switch|p2a: Regieleki|Regieleki, shiny|29/100
|turn|20
|
|t:|1779615400
|move|p2a: Regieleki|Extreme Speed|p1a: super mario
|-damage|p1a: super mario|48/100
|move|p1a: super mario|Earth Power|p2a: Regieleki
|-supereffective|p2a: Regieleki
|-damage|p2a: Regieleki|0 fnt
|faint|p2a: Regieleki
|
|upkeep
|
|t:|1779615404
|switch|p2a: Iron Valiant|Iron Valiant, shiny|100/100
|-enditem|p2a: Iron Valiant|Booster Energy
|-activate|p2a: Iron Valiant|ability: Quark Drive|[fromitem]
|-start|p2a: Iron Valiant|quarkdrivespe
|turn|21
|
|t:|1779615408
|move|p2a: Iron Valiant|Calm Mind|p2a: Iron Valiant
|-boost|p2a: Iron Valiant|spa|1
|-boost|p2a: Iron Valiant|spd|1
|move|p1a: super mario|Earth Power|p2a: Iron Valiant
|-damage|p2a: Iron Valiant|53/100
|
|upkeep
|turn|22
|
|t:|1779615411
|move|p2a: Iron Valiant|Moonblast|p1a: super mario
|-damage|p1a: super mario|18/100
|move|p1a: super mario|Earth Power|p2a: Iron Valiant
|-damage|p2a: Iron Valiant|6/100
|
|upkeep
|turn|23
|
|t:|1779615416
|move|p2a: Iron Valiant|Moonblast|p1a: super mario
|-crit|p1a: super mario
|-damage|p1a: super mario|0 fnt
|faint|p1a: super mario
|
|upkeep
|c|☆aria4games|uh oh
|
|t:|1779615434
|switch|p1a: lil trooper|Keldeo-Resolute|100/100
|turn|24
|
|t:|1779615439
|move|p2a: Iron Valiant|Moonblast|p1a: lil trooper
|-supereffective|p1a: lil trooper
|-damage|p1a: lil trooper|0 fnt
|faint|p1a: lil trooper
|
|upkeep
|
|t:|1779615441
|switch|p1a: freddie gibbs|Darkrai|100/100
|turn|25
|c|☆aria4games|gulps nervously
|
|t:|1779615449
|move|p2a: Iron Valiant|Moonblast|p1a: freddie gibbs
|-supereffective|p1a: freddie gibbs
|-damage|p1a: freddie gibbs|0 fnt
|faint|p1a: freddie gibbs
|
|win|serpico XD
|raw|aria4games's rating: 1407 &rarr; <strong>1388</strong><br />(-19 for losing)
|raw|serpico XD's rating: 1426 &rarr; <strong>1445</strong><br />(+19 for winning)
|c|☆aria4games|ggwp
|c|☆serpico XD|gg wp
|l|☆serpico XD
|player|p2|
|l|☆aria4games
|player|p1|
