|j|☆icebrrg
|j|☆night law
|t:|1779647680
|gametype|singles
|player|p1|icebrrg|clerk|1267
|player|p2|night law|169|1258
|gen|9
|tier|[Gen 9] OU
|rated|
|rule|HP Percentage Mod: HP is shown in percentages
|rule|Endless Battle Clause: Forcing endless battles is banned
|rule|Species Clause: Limit one of each Pokémon
|rule|OHKO Clause: OHKO moves are banned
|rule|Evasion Items Clause: Evasion items are banned
|rule|Evasion Moves Clause: Evasion moves are banned
|rule|Evasion Abilities Clause: Evasion abilities are banned
|rule|Sleep Moves Clause: Sleep-inducing moves are banned
|clearpoke
|poke|p1|Ogerpon-Wellspring, F|
|poke|p1|Kingambit, F|
|poke|p1|Landorus-Therian, M|
|poke|p1|Glimmora, F|
|poke|p1|Dragapult, M|
|poke|p1|Iron Valiant|
|poke|p2|Mamoswine, M|
|poke|p2|Skarmory, M|
|poke|p2|Salamence, F|
|poke|p2|Lanturn, F|
|poke|p2|Medicham, M|
|poke|p2|Clefable, M|
|teampreview
|inactive|Battle timer is ON: inactive players will automatically lose when time's up. (requested by icebrrg)
|
|t:|1779647694
|teamsize|p1|6
|teamsize|p2|6
|start
|switch|p1a: Glimmora|Glimmora, F|100/100
|switch|p2a: Lanturn|Lanturn, F|100/100
|turn|1
|
|t:|1779647703
|switch|p1a: Ogerpon|Ogerpon-Wellspring, F|100/100
|move|p2a: Lanturn|Scald|p1a: Ogerpon
|-immune|p1a: Ogerpon|[from] ability: Water Absorb
|
|upkeep
|turn|2
|
|t:|1779647711
|switch|p2a: Skarmory|Skarmory, M|100/100
|move|p1a: Ogerpon|Horn Leech|p2a: Skarmory
|-resisted|p2a: Skarmory
|-damage|p2a: Skarmory|95/100
|-damage|p1a: Ogerpon|84/100|[from] item: Rocky Helmet|[of] p2a: Skarmory
|
|upkeep
|turn|3
|
|t:|1779647721
|move|p1a: Ogerpon|Taunt|p2a: Skarmory
|-start|p2a: Skarmory|move: Taunt
|cant|p2a: Skarmory|move: Taunt|Stealth Rock
|
|upkeep
|turn|4
|
|t:|1779647724
|switch|p1a: Glimmora|Glimmora, F|100/100
|move|p2a: Skarmory|Brave Bird|p1a: Glimmora
|-resisted|p1a: Glimmora
|-damage|p1a: Glimmora|80/100
|-activate|p1a: Glimmora|ability: Toxic Debris
|-sidestart|p2: night law|move: Toxic Spikes
|-damage|p2a: Skarmory|88/100|[from] Recoil
|
|upkeep
|turn|5
|
|t:|1779647737
|switch|p2a: Medicham|Medicham, M|100/100
|-status|p2a: Medicham|psn
|move|p1a: Glimmora|Meteor Beam||[still]
|-prepare|p1a: Glimmora|Meteor Beam
|-boost|p1a: Glimmora|spa|1
|-enditem|p1a: Glimmora|Power Herb
|-anim|p1a: Glimmora|Meteor Beam|p2a: Medicham
|-resisted|p2a: Medicham
|-damage|p2a: Medicham|13/100 psn
|
|-damage|p2a: Medicham|0 fnt|[from] psn
|faint|p2a: Medicham
|upkeep
|
|t:|1779647760
|switch|p2a: Lanturn|Lanturn, F|100/100
|-status|p2a: Lanturn|psn
|turn|6
|
|t:|1779647778
|move|p1a: Glimmora|Earth Power|p2a: Lanturn
|-supereffective|p2a: Lanturn
|-damage|p2a: Lanturn|38/100 psn
|move|p2a: Lanturn|Volt Switch|p1a: Glimmora
|-damage|p1a: Glimmora|41/100
|
|t:|1779647796
|switch|p2a: Salamence|Salamence, F|100/100|[from] Volt Switch
|-ability|p2a: Salamence|Intimidate|boost
|-unboost|p1a: Glimmora|atk|1
|
|upkeep
|turn|7
|
|t:|1779647800
|move|p2a: Salamence|Draco Meteor|p1a: Glimmora
|-crit|p1a: Glimmora
|-damage|p1a: Glimmora|0 fnt
|-unboost|p2a: Salamence|spa|2
|faint|p1a: Glimmora
|
|upkeep
|
|t:|1779647817
|switch|p1a: Landorus|Landorus-Therian, M|100/100
|-ability|p1a: Landorus|Intimidate|boost
|-unboost|p2a: Salamence|atk|1
|turn|8
|
|t:|1779647822
|move|p2a: Salamence|Substitute|p2a: Salamence
|-start|p2a: Salamence|Substitute
|-damage|p2a: Salamence|76/100
|move|p1a: Landorus|Stealth Rock|p2a: Salamence
|-sidestart|p2: night law|move: Stealth Rock
|
|upkeep
|turn|9
|
|t:|1779647827
|move|p2a: Salamence|Air Slash|p1a: Landorus
|-damage|p1a: Landorus|82/100
|cant|p1a: Landorus|flinch
|
|upkeep
|turn|10
|
|t:|1779647832
|move|p2a: Salamence|Air Slash|p1a: Landorus
|-damage|p1a: Landorus|62/100
|move|p1a: Landorus|Taunt|p2a: Salamence
|-start|p2a: Salamence|move: Taunt
|
|upkeep
|turn|11
|
|t:|1779647840
|switch|p1a: Kingambit|Kingambit, F|100/100
|-activate|p1a: Kingambit|ability: Supreme Overlord
|-start|p1a: Kingambit|fallen1|[silent]
|move|p2a: Salamence|Air Slash|p1a: Kingambit
|-resisted|p1a: Kingambit
|-damage|p1a: Kingambit|92/100
|
|-heal|p1a: Kingambit|98/100|[from] item: Leftovers
|upkeep
|turn|12
|
|t:|1779647847
|move|p2a: Salamence|Flamethrower|p1a: Kingambit
|-supereffective|p1a: Kingambit
|-damage|p1a: Kingambit|71/100
|move|p1a: Kingambit|Iron Head|p2a: Salamence
|-crit|p2a: Salamence
|-end|p2a: Salamence|Substitute
|
|-heal|p1a: Kingambit|77/100|[from] item: Leftovers
|upkeep
|turn|13
|
|t:|1779647864
|switch|p2a: Skarmory|Skarmory, M|88/100
|-damage|p2a: Skarmory|76/100|[from] Stealth Rock
|-end|p1a: Kingambit|fallen1|[silent]
|switch|p1a: Dragapult|Dragapult, M|100/100
|
|upkeep
|turn|14
|
|t:|1779647870
|move|p1a: Dragapult|Flamethrower|p2a: Skarmory
|-supereffective|p2a: Skarmory
|-damage|p2a: Skarmory|0 fnt
|faint|p2a: Skarmory
|
|upkeep
|l|☆night law
|inactive|night law disconnected and has a minute to reconnect!
|player|p2|
|inactive|night law has 30 seconds to reconnect!
|inactive|night law has 20 seconds to reconnect!
|inactive|night law has 15 seconds to reconnect!
|inactive|night law has 10 seconds to reconnect!
|inactive|night law has 5 seconds to reconnect!
|-message|night law lost due to inactivity.
|
|win|icebrrg
|raw|icebrrg's rating: 1267 &rarr; <strong>1291</strong><br />(+24 for winning)
|raw|night law's rating: 1258 &rarr; <strong>1234</strong><br />(-24 for losing)
|l|☆icebrrg
|player|p1|
