|j|☆Senpako
|j|☆rblt ryo
|t:|1779603371
|gametype|singles
|player|p1|Senpako|koga|1564
|player|p2|rblt ryo|grimsley-gen7|1572
|gen|9
|tier|[Gen 9] OU
|rated|
|rule|HP Percentage Mod: HP is shown in percentages
|rule|Endless Battle Clause: Forcing endless battles is banned
|rule|Species Clause: Limit one of each Pokémon
|rule|OHKO Clause: OHKO moves are banned
|rule|Evasion Items Clause: Evasion items are banned
|rule|Evasion Moves Clause: Evasion moves are banned
|rule|Evasion Abilities Clause: Evasion abilities are banned
|rule|Sleep Moves Clause: Sleep-inducing moves are banned
|clearpoke
|poke|p1|Ceruledge, M|
|poke|p1|Garchomp, M|
|poke|p1|Moltres-Galar|
|poke|p1|Iron Valiant|
|poke|p1|Walking Wake|
|poke|p1|Gholdengo|
|poke|p2|Slowking-Galar, M|
|poke|p2|Zamazenta-*|
|poke|p2|Ting-Lu|
|poke|p2|Corviknight, M|
|poke|p2|Lokix, M|
|poke|p2|Alomomola, F|
|teampreview
|inactive|Battle timer is ON: inactive players will automatically lose when time's up. (requested by Senpako)
|inactive|rblt ryo has 120 seconds left.
|
|t:|1779603407
|teamsize|p1|6
|teamsize|p2|6
|start
|switch|p1a: Ceruledge|Ceruledge, M|100/100
|switch|p2a: Alomomola|Alomomola, F|100/100
|turn|1
|
|t:|1779603416
|move|p1a: Ceruledge|Swords Dance|p1a: Ceruledge
|-boost|p1a: Ceruledge|atk|2
|move|p2a: Alomomola|Scald|p1a: Ceruledge
|-supereffective|p1a: Ceruledge
|-damage|p1a: Ceruledge|68/100
|
|upkeep
|turn|2
|j| Narwhale37
|inactive|rblt ryo has 120 seconds left.
|
|t:|1779603448
|move|p1a: Ceruledge|Bitter Blade|p2a: Alomomola
|-resisted|p2a: Alomomola
|-damage|p2a: Alomomola|66/100
|-heal|p1a: Ceruledge|99/100|[from] drain|[of] p2a: Alomomola
|move|p2a: Alomomola|Flip Turn|p1a: Ceruledge
|-supereffective|p1a: Ceruledge
|-damage|p1a: Ceruledge|56/100
|-ability|p1a: Ceruledge|Weak Armor|boost
|-unboost|p1a: Ceruledge|def|1
|-boost|p1a: Ceruledge|spe|2
|inactive|rblt ryo has 120 seconds left.
|
|t:|1779603463
|switch|p2a: Lokix|Lokix, M|100/100|[from] Flip Turn
|
|upkeep
|turn|3
|
|t:|1779603474
|switch|p1a: Garchomp|Garchomp, M|100/100
|-terastallize|p2a: Lokix|Bug
|move|p2a: Lokix|First Impression|p1a: Garchomp
|-damage|p1a: Garchomp|38/100
|-damage|p2a: Lokix|88/100|[from] ability: Rough Skin|[of] p1a: Garchomp
|
|upkeep
|turn|4
|inactive|rblt ryo has 120 seconds left.
|
|t:|1779603495
|move|p2a: Lokix|Sucker Punch|p1a: Garchomp
|-damage|p1a: Garchomp|6/100
|-damage|p2a: Lokix|76/100|[from] ability: Rough Skin|[of] p1a: Garchomp
|move|p1a: Garchomp|Scale Shot|p2a: Lokix
|-damage|p2a: Lokix|52/100
|-damage|p2a: Lokix|31/100
|-damage|p2a: Lokix|12/100
|-hitcount|p2a: Lokix|3
|-unboost|p1a: Garchomp|def|1
|-boost|p1a: Garchomp|spe|1
|
|upkeep
|turn|5
|inactive|rblt ryo has 120 seconds left.
|inactive|rblt ryo has 90 seconds left.
|
|t:|1779603539
|switch|p2a: Alomomola|Alomomola, F|99/100
|move|p1a: Garchomp|Scale Shot|p2a: Alomomola
|-damage|p2a: Alomomola|87/100
|-damage|p2a: Alomomola|75/100
|-hitcount|p2a: Alomomola|2
|-unboost|p1a: Garchomp|def|1
|-boost|p1a: Garchomp|spe|1
|
|upkeep
|turn|6
|inactive|rblt ryo has 90 seconds left.
|
|t:|1779603547
|move|p1a: Garchomp|Earthquake|p2a: Alomomola
|-damage|p2a: Alomomola|29/100
|move|p2a: Alomomola|Scald|p1a: Garchomp
|-damage|p1a: Garchomp|0 fnt
|faint|p1a: Garchomp
|
|upkeep
|
|t:|1779603562
|switch|p1a: Ceruledge|Ceruledge, M|56/100
|turn|7
|
|t:|1779603567
|switch|p2a: Zamazenta|Zamazenta|100/100
|-ability|p2a: Zamazenta|Dauntless Shield|boost
|-boost|p2a: Zamazenta|def|1
|move|p1a: Ceruledge|Close Combat|p2a: Zamazenta
|-damage|p2a: Zamazenta|71/100
|-unboost|p1a: Ceruledge|def|1
|-unboost|p1a: Ceruledge|spd|1
|
|upkeep
|turn|8
|
|t:|1779603581
|move|p2a: Zamazenta|Crunch|p1a: Ceruledge
|-supereffective|p1a: Ceruledge
|-damage|p1a: Ceruledge|0 fnt
|faint|p1a: Ceruledge
|
|upkeep
|
|t:|1779603586
|switch|p1a: Moltres|Moltres-Galar, shiny|100/100
|turn|9
|
|t:|1779603608
|move|p2a: Zamazenta|Close Combat|p1a: Moltres
|-damage|p1a: Moltres|26/100
|-unboost|p2a: Zamazenta|def|1
|-unboost|p2a: Zamazenta|spd|1
|-ability|p1a: Moltres|Berserk|boost
|-boost|p1a: Moltres|spa|1
|-enditem|p1a: Moltres|Sitrus Berry|[eat]
|-heal|p1a: Moltres|51/100|[from] item: Sitrus Berry
|move|p1a: Moltres|Agility|p1a: Moltres
|-boost|p1a: Moltres|spe|2
|
|upkeep
|turn|10
|
|t:|1779603622
|move|p1a: Moltres|Air Slash|p2a: Zamazenta
|-supereffective|p2a: Zamazenta
|-damage|p2a: Zamazenta|0 fnt
|faint|p2a: Zamazenta
|
|upkeep
|
|t:|1779603629
|switch|p2a: Lokix|Lokix, M, tera:Bug|12/100
|turn|11
|
|t:|1779603633
|move|p2a: Lokix|First Impression|p1a: Moltres
|-damage|p1a: Moltres|0 fnt
|faint|p1a: Moltres
|
|upkeep
|
|t:|1779603638
|switch|p1a: Walking Wake|Walking Wake|100/100
|-enditem|p1a: Walking Wake|Booster Energy
|-activate|p1a: Walking Wake|ability: Protosynthesis|[fromitem]
|-start|p1a: Walking Wake|protosynthesisspa
|turn|12
|
|t:|1779603650
|switch|p2a: Corviknight|Corviknight, M|100/100
|-ability|p2a: Corviknight|Pressure
|move|p1a: Walking Wake|Surf|p2a: Corviknight
|-damage|p2a: Corviknight|36/100
|
|-heal|p2a: Corviknight|42/100|[from] item: Leftovers
|upkeep
|turn|13
|
|t:|1779603654
|move|p1a: Walking Wake|Surf|p2a: Corviknight
|-damage|p2a: Corviknight|0 fnt
|faint|p2a: Corviknight
|
|upkeep
|
|t:|1779603656
|switch|p2a: Alomomola|Alomomola, F|62/100
|turn|14
|
|t:|1779603665
|switch|p2a: Slowking|Slowking-Galar, M|100/100
|move|p1a: Walking Wake|Draco Meteor|p2a: Slowking
|-damage|p2a: Slowking|46/100
|-unboost|p1a: Walking Wake|spa|2
|
|upkeep
|turn|15
|
|t:|1779603674
|-end|p1a: Walking Wake|Protosynthesis|[silent]
|switch|p1a: Gholdengo|Gholdengo|100/100
|switch|p2a: Ting-Lu|Ting-Lu|100/100
|-ability|p2a: Ting-Lu|Vessel of Ruin
|
|upkeep
|turn|16
|
|t:|1779603679
|move|p1a: Gholdengo|Trick|p2a: Ting-Lu
|-activate|p1a: Gholdengo|move: Trick|[of] p2a: Ting-Lu
|-item|p2a: Ting-Lu|Choice Scarf|[from] move: Trick
|-item|p1a: Gholdengo|Leftovers|[from] move: Trick
|move|p2a: Ting-Lu|Earthquake|p1a: Gholdengo
|-supereffective|p1a: Gholdengo
|-crit|p1a: Gholdengo
|-damage|p1a: Gholdengo|0 fnt
|faint|p1a: Gholdengo
|
|upkeep
|
|t:|1779603686
|switch|p1a: Walking Wake|Walking Wake|100/100
|turn|17
|
|t:|1779603690
|switch|p2a: Alomomola|Alomomola, F|95/100
|move|p1a: Walking Wake|Surf|p2a: Alomomola
|-resisted|p2a: Alomomola
|-damage|p2a: Alomomola|83/100
|
|upkeep
|turn|18
|
|t:|1779603698
|move|p1a: Walking Wake|Draco Meteor|p2a: Alomomola
|-damage|p2a: Alomomola|46/100
|-unboost|p1a: Walking Wake|spa|2
|move|p2a: Alomomola|Play Rough|p1a: Walking Wake
|-supereffective|p1a: Walking Wake
|-damage|p1a: Walking Wake|64/100
|
|upkeep
|turn|19
|
|t:|1779603704
|-end|p1a: Walking Wake|Protosynthesis|[silent]
|switch|p1a: Iron Valiant|Iron Valiant|100/100
|-enditem|p1a: Iron Valiant|Booster Energy
|-activate|p1a: Iron Valiant|ability: Quark Drive|[fromitem]
|-start|p1a: Iron Valiant|quarkdrivespe
|switch|p2a: Slowking|Slowking-Galar, M|79/100
|
|upkeep
|turn|20
|
|t:|1779603726
|-terastallize|p1a: Iron Valiant|Fighting
|move|p1a: Iron Valiant|Thunderbolt|p2a: Slowking
|-damage|p2a: Slowking|61/100
|move|p2a: Slowking|Future Sight|p1a: Iron Valiant
|-start|p2a: Slowking|move: Future Sight
|
|upkeep
|turn|21
|
|t:|1779603735
|switch|p2a: Ting-Lu|Ting-Lu|100/100
|-ability|p2a: Ting-Lu|Vessel of Ruin
|move|p1a: Iron Valiant|Encore||[still]
|-fail|p1a: Iron Valiant
|
|upkeep
|turn|22
|
|t:|1779603739
|move|p1a: Iron Valiant|Aura Sphere|p2a: Ting-Lu
|-supereffective|p2a: Ting-Lu
|-damage|p2a: Ting-Lu|54/100
|move|p2a: Ting-Lu|Stealth Rock|p1a: Iron Valiant
|-sidestart|p1: Senpako|move: Stealth Rock
|
|-end|p1a: Iron Valiant|move: Future Sight
|-supereffective|p1a: Iron Valiant
|-damage|p1a: Iron Valiant|0 fnt
|faint|p1a: Iron Valiant
|-end|p1a: Iron Valiant|Quark Drive|[silent]
|upkeep
|
|t:|1779603743
|switch|p1a: Walking Wake|Walking Wake|64/100
|-damage|p1a: Walking Wake|52/100|[from] Stealth Rock
|turn|23
|-message|Senpako forfeited.
|
|win|rblt ryo
|raw|Senpako's rating: 1564 &rarr; <strong>1544</strong><br />(-20 for losing)
|raw|rblt ryo's rating: 1572 &rarr; <strong>1592</strong><br />(+20 for winning)
|l|☆Senpako
|player|p1|
