|j|☆Acetrainernate90
|j|☆BROOMX4
|t:|1779682391
|gametype|singles
|player|p1|Acetrainernate90|brycen|1438
|player|p2|BROOMX4|steven|1463
|gen|9
|tier|[Gen 9] OU
|rated|
|rule|HP Percentage Mod: HP is shown in percentages
|rule|Endless Battle Clause: Forcing endless battles is banned
|rule|Species Clause: Limit one of each Pokémon
|rule|OHKO Clause: OHKO moves are banned
|rule|Evasion Items Clause: Evasion items are banned
|rule|Evasion Moves Clause: Evasion moves are banned
|rule|Evasion Abilities Clause: Evasion abilities are banned
|rule|Sleep Moves Clause: Sleep-inducing moves are banned
|clearpoke
|poke|p1|Ting-Lu|
|poke|p1|Iron Moth|
|poke|p1|Corviknight, M|
|poke|p1|Reuniclus, M|
|poke|p1|Kyurem|
|poke|p1|Rillaboom, M|
|poke|p2|Kyurem|
|poke|p2|Slowking-Galar, M|
|poke|p2|Hatterene, F|
|poke|p2|Moltres|
|poke|p2|Great Tusk|
|poke|p2|Tyranitar, M|
|teampreview
|inactive|Battle timer is ON: inactive players will automatically lose when time's up. (requested by BROOMX4)
|inactive|Acetrainernate90 also wants the timer to be on.
|
|t:|1779682418
|teamsize|p1|6
|teamsize|p2|6
|start
|switch|p1a: Keldeo #1 Opp|Kyurem|100/100
|switch|p2a: Kyurem|Kyurem|100/100
|-ability|p1a: Keldeo #1 Opp|Pressure
|-ability|p2a: Kyurem|Pressure
|turn|1
|
|t:|1779682435
|switch|p2a: Slowking|Slowking-Galar, M|100/100
|switch|p1a: An IQ too low?|Corviknight, M|100/100
|-ability|p1a: An IQ too low?|Pressure
|
|upkeep
|turn|2
|
|t:|1779682440
|move|p1a: An IQ too low?|Brave Bird|p2a: Slowking
|-damage|p2a: Slowking|72/100
|-damage|p1a: An IQ too low?|91/100|[from] Recoil
|move|p2a: Slowking|Thunder Wave|p1a: An IQ too low?
|-status|p1a: An IQ too low?|par
|
|upkeep
|turn|3
|
|t:|1779682445
|switch|p1a: Harry Pottery|Ting-Lu|100/100
|-ability|p1a: Harry Pottery|Vessel of Ruin
|-prepare|p2a: Slowking|Chilly Reception|[premajor]
|move|p2a: Slowking|Chilly Reception|p2a: Slowking
|-weather|Snowscape
|
|t:|1779682450
|switch|p2a: Kyurem|Kyurem|100/100|[from] Chilly Reception
|-ability|p2a: Kyurem|Pressure
|
|-weather|Snowscape|[upkeep]
|upkeep
|turn|4
|
|t:|1779682455
|-terastallize|p1a: Harry Pottery|Water
|move|p2a: Kyurem|Blizzard|p1a: Harry Pottery
|-resisted|p1a: Harry Pottery
|-damage|p1a: Harry Pottery|79/100
|move|p1a: Harry Pottery|Stealth Rock|p2a: Kyurem
|-sidestart|p2: BROOMX4|move: Stealth Rock
|
|-weather|Snowscape|[upkeep]
|-heal|p1a: Harry Pottery|86/100|[from] item: Leftovers
|upkeep
|turn|5
|
|t:|1779682459
|switch|p2a: Great Tusk|Great Tusk|100/100
|-damage|p2a: Great Tusk|98/100|[from] Stealth Rock
|move|p1a: Harry Pottery|Whirlwind|p2a: Great Tusk
|-end|p2a: Great Tusk|Protosynthesis|[silent]
|drag|p2a: Slowking|Slowking-Galar, M|100/100
|
|-weather|Snowscape|[upkeep]
|-heal|p1a: Harry Pottery|92/100|[from] item: Leftovers
|upkeep
|turn|6
|j| mono_8427109
|
|t:|1779682465
|move|p1a: Harry Pottery|Ruination|p2a: Slowking
|-damage|p2a: Slowking|50/100
|-prepare|p2a: Slowking|Chilly Reception|[premajor]
|move|p2a: Slowking|Chilly Reception|p2a: Slowking
|
|t:|1779682473
|switch|p2a: Great Tusk|Great Tusk|98/100|[from] Chilly Reception
|-damage|p2a: Great Tusk|95/100|[from] Stealth Rock
|
|-weather|Snowscape|[upkeep]
|-heal|p1a: Harry Pottery|98/100|[from] item: Leftovers
|upkeep
|turn|7
|
|t:|1779682480
|switch|p1a: An IQ too low?|Corviknight, M|91/100 par
|-ability|p1a: An IQ too low?|Pressure
|move|p2a: Great Tusk|Rapid Spin|p1a: An IQ too low?
|-resisted|p1a: An IQ too low?
|-damage|p1a: An IQ too low?|86/100 par
|-boost|p2a: Great Tusk|spe|1
|-damage|p2a: Great Tusk|78/100|[from] item: Rocky Helmet|[of] p1a: An IQ too low?
|-sideend|p2: BROOMX4|Stealth Rock|[from] move: Rapid Spin|[of] p2a: Great Tusk
|
|-weather|none
|upkeep
|turn|8
|
|t:|1779682483
|-end|p2a: Great Tusk|Protosynthesis|[silent]
|switch|p2a: Moltres|Moltres|100/100
|move|p1a: An IQ too low?|U-turn|p2a: Moltres
|-resisted|p2a: Moltres
|-damage|p2a: Moltres|98/100
|
|t:|1779682485
|switch|p1a: Keldeo #1 Opp|Kyurem|100/100|[from] U-turn
|-ability|p1a: Keldeo #1 Opp|Pressure
|
|upkeep
|turn|9
|
|t:|1779682494
|switch|p2a: Tyranitar|Tyranitar, M|100/100
|-weather|Sandstorm|[from] ability: Sand Stream|[of] p2a: Tyranitar
|move|p1a: Keldeo #1 Opp|Ice Beam|p2a: Tyranitar
|-damage|p2a: Tyranitar|69/100
|
|-weather|Sandstorm|[upkeep]
|-damage|p1a: Keldeo #1 Opp|94/100|[from] Sandstorm
|-heal|p2a: Tyranitar|75/100|[from] item: Leftovers
|upkeep
|turn|10
|
|t:|1779682502
|switch|p1a: An IQ too low?|Corviknight, M|86/100 par
|-ability|p1a: An IQ too low?|Pressure
|move|p2a: Tyranitar|Knock Off|p1a: An IQ too low?
|-damage|p1a: An IQ too low?|61/100 par
|-damage|p2a: Tyranitar|59/100|[from] item: Rocky Helmet|[of] p1a: An IQ too low?
|-enditem|p1a: An IQ too low?|Rocky Helmet|[from] move: Knock Off|[of] p2a: Tyranitar
|
|-weather|Sandstorm|[upkeep]
|-heal|p2a: Tyranitar|65/100|[from] item: Leftovers
|upkeep
|turn|11
|
|t:|1779682506
|move|p2a: Tyranitar|Stealth Rock|p1a: An IQ too low?
|-sidestart|p1: Acetrainernate90|move: Stealth Rock
|move|p1a: An IQ too low?|Roost|p1a: An IQ too low?
|-heal|p1a: An IQ too low?|100/100 par
|-singleturn|p1a: An IQ too low?|move: Roost
|
|-weather|Sandstorm|[upkeep]
|-heal|p2a: Tyranitar|71/100|[from] item: Leftovers
|upkeep
|turn|12
|
|t:|1779682511
|switch|p2a: Moltres|Moltres|98/100
|move|p1a: An IQ too low?|Defog|p2a: Moltres
|-unboost|p2a: Moltres|evasion|1
|-sideend|p1: Acetrainernate90|Stealth Rock|[from] move: Defog|[of] p1a: An IQ too low?
|
|-weather|Sandstorm|[upkeep]
|-damage|p2a: Moltres|92/100|[from] Sandstorm
|upkeep
|turn|13
|
|t:|1779682514
|switch|p1a: Harry Pottery|Ting-Lu, tera:Water|98/100
|-ability|p1a: Harry Pottery|Vessel of Ruin
|move|p2a: Moltres|Flamethrower|p1a: Harry Pottery
|-resisted|p1a: Harry Pottery
|-damage|p1a: Harry Pottery|90/100
|
|-weather|none
|-heal|p1a: Harry Pottery|96/100|[from] item: Leftovers
|upkeep
|turn|14
|
|t:|1779682523
|move|p2a: Moltres|U-turn|p1a: Harry Pottery
|-damage|p1a: Harry Pottery|88/100
|
|t:|1779682525
|switch|p2a: Hatterene|Hatterene, F|100/100|[from] U-turn
|move|p1a: Harry Pottery|Earthquake|p2a: Hatterene
|-damage|p2a: Hatterene|71/100
|-enditem|p2a: Hatterene|Eject Button
|
|t:|1779682542
|switch|p2a: Tyranitar|Tyranitar, M|71/100
|-weather|Sandstorm|[from] ability: Sand Stream|[of] p2a: Tyranitar
|
|-weather|Sandstorm|[upkeep]
|-damage|p1a: Harry Pottery|82/100|[from] Sandstorm
|-heal|p2a: Tyranitar|77/100|[from] item: Leftovers
|-heal|p1a: Harry Pottery|88/100|[from] item: Leftovers
|upkeep
|turn|15
|
|t:|1779682548
|move|p2a: Tyranitar|Knock Off|p1a: Harry Pottery
|-damage|p1a: Harry Pottery|68/100
|-enditem|p1a: Harry Pottery|Leftovers|[from] move: Knock Off|[of] p2a: Tyranitar
|move|p1a: Harry Pottery|Earthquake|p2a: Tyranitar
|-supereffective|p2a: Tyranitar
|-damage|p2a: Tyranitar|15/100
|
|-weather|Sandstorm|[upkeep]
|-damage|p1a: Harry Pottery|62/100|[from] Sandstorm
|-heal|p2a: Tyranitar|21/100|[from] item: Leftovers
|upkeep
|turn|16
|
|t:|1779682555
|switch|p2a: Moltres|Moltres|92/100
|move|p1a: Harry Pottery|Earthquake|p2a: Moltres
|-immune|p2a: Moltres
|
|-weather|Sandstorm|[upkeep]
|-damage|p2a: Moltres|86/100|[from] Sandstorm
|-damage|p1a: Harry Pottery|56/100|[from] Sandstorm
|upkeep
|turn|17
|
|t:|1779682557
|move|p2a: Moltres|U-turn|p1a: Harry Pottery
|-damage|p1a: Harry Pottery|48/100
|
|t:|1779682559
|switch|p2a: Great Tusk|Great Tusk|78/100|[from] U-turn
|move|p1a: Harry Pottery|Stealth Rock|p2a: Great Tusk
|-sidestart|p2: BROOMX4|move: Stealth Rock
|
|-weather|Sandstorm|[upkeep]
|-damage|p1a: Harry Pottery|42/100|[from] Sandstorm
|upkeep
|turn|18
|
|t:|1779682571
|switch|p1a: Lost to Godzilla|Rillaboom, M|100/100
|-fieldstart|move: Grassy Terrain|[from] ability: Grassy Surge|[of] p1a: Lost to Godzilla
|move|p2a: Great Tusk|Rapid Spin|p1a: Lost to Godzilla
|-damage|p1a: Lost to Godzilla|81/100
|-boost|p2a: Great Tusk|spe|1
|-sideend|p2: BROOMX4|Stealth Rock|[from] move: Rapid Spin|[of] p2a: Great Tusk
|
|-weather|none
|-heal|p2a: Great Tusk|84/100|[from] Grassy Terrain
|-heal|p1a: Lost to Godzilla|87/100|[from] Grassy Terrain
|upkeep
|turn|19
|
|t:|1779682577
|-end|p2a: Great Tusk|Protosynthesis|[silent]
|switch|p2a: Moltres|Moltres|86/100
|move|p1a: Lost to Godzilla|Knock Off|p2a: Moltres
|-damage|p2a: Moltres|60/100
|-enditem|p2a: Moltres|Heavy-Duty Boots|[from] move: Knock Off|[of] p1a: Lost to Godzilla
|
|-heal|p1a: Lost to Godzilla|93/100|[from] Grassy Terrain
|upkeep
|turn|20
|
|t:|1779682588
|switch|p1a: An IQ too low?|Corviknight, M|100/100 par
|-ability|p1a: An IQ too low?|Pressure
|move|p2a: Moltres|Roost|p2a: Moltres
|-heal|p2a: Moltres|100/100
|-singleturn|p2a: Moltres|move: Roost
|
|upkeep
|turn|21
|
|t:|1779682597
|move|p2a: Moltres|Flamethrower|p1a: An IQ too low?
|-supereffective|p1a: An IQ too low?
|-damage|p1a: An IQ too low?|29/100 par
|cant|p1a: An IQ too low?|par
|
|upkeep
|turn|22
|
|t:|1779682601
|switch|p1a: Harry Pottery|Ting-Lu, tera:Water|42/100
|-ability|p1a: Harry Pottery|Vessel of Ruin
|move|p2a: Moltres|Flamethrower|p1a: Harry Pottery
|-resisted|p1a: Harry Pottery
|-damage|p1a: Harry Pottery|34/100
|
|-heal|p1a: Harry Pottery|40/100|[from] Grassy Terrain
|upkeep
|turn|23
|
|t:|1779682607
|move|p2a: Moltres|U-turn|p1a: Harry Pottery
|-damage|p1a: Harry Pottery|32/100
|
|t:|1779682610
|switch|p2a: Hatterene|Hatterene, F|71/100|[from] U-turn
|move|p1a: Harry Pottery|Stealth Rock|p2a: Hatterene
|move|p2a: Hatterene|Stealth Rock|p1a: Harry Pottery|[from] ability: Magic Bounce
|-sidestart|p1: Acetrainernate90|move: Stealth Rock
|
|-heal|p1a: Harry Pottery|39/100|[from] Grassy Terrain
|-heal|p2a: Hatterene|77/100|[from] Grassy Terrain
|upkeep
|turn|24
|
|t:|1779682639
|move|p1a: Harry Pottery|Earthquake|p2a: Hatterene
|-damage|p2a: Hatterene|62/100
|move|p2a: Hatterene|Psychic Noise|p1a: Harry Pottery
|-damage|p1a: Harry Pottery|24/100
|-start|p1a: Harry Pottery|move: Heal Block
|
|-heal|p2a: Hatterene|68/100|[from] Grassy Terrain
|upkeep
|turn|25
|
|t:|1779682644
|move|p1a: Harry Pottery|Ruination|p2a: Hatterene
|-damage|p2a: Hatterene|34/100
|move|p2a: Hatterene|Nuzzle|p1a: Harry Pottery
|-supereffective|p1a: Harry Pottery
|-crit|p1a: Harry Pottery
|-damage|p1a: Harry Pottery|18/100
|-status|p1a: Harry Pottery|par
|
|-heal|p2a: Hatterene|40/100|[from] Grassy Terrain
|-end|p1a: Harry Pottery|move: Heal Block
|-fieldend|move: Grassy Terrain
|upkeep
|turn|26
|
|t:|1779682652
|switch|p1a: Ventricosa|Reuniclus, M, shiny|100/100
|move|p2a: Hatterene|Psychic Noise|p1a: Ventricosa
|-resisted|p1a: Ventricosa
|-damage|p1a: Ventricosa|86/100
|-start|p1a: Ventricosa|move: Heal Block
|
|upkeep
|turn|27
|
|t:|1779682654
|move|p1a: Ventricosa|Knock Off|p2a: Hatterene
|-damage|p2a: Hatterene|30/100
|move|p2a: Hatterene|Nuzzle|p1a: Ventricosa
|-damage|p1a: Ventricosa|82/100
|-status|p1a: Ventricosa|par
|
|-end|p1a: Ventricosa|move: Heal Block
|upkeep
|turn|28
|inactive|Acetrainernate90 has 120 seconds left.
|
|t:|1779682687
|switch|p2a: Tyranitar|Tyranitar, M|21/100
|-weather|Sandstorm|[from] ability: Sand Stream|[of] p2a: Tyranitar
|cant|p1a: Ventricosa|par
|
|-weather|Sandstorm|[upkeep]
|-heal|p2a: Tyranitar|27/100|[from] item: Leftovers
|upkeep
|turn|29
|
|t:|1779682695
|move|p2a: Tyranitar|Knock Off|p1a: Ventricosa
|-supereffective|p1a: Ventricosa
|-damage|p1a: Ventricosa|0 fnt
|-enditem|p1a: Ventricosa|Life Orb|[from] move: Knock Off|[of] p2a: Tyranitar
|faint|p1a: Ventricosa
|
|-weather|Sandstorm|[upkeep]
|-heal|p2a: Tyranitar|34/100|[from] item: Leftovers
|upkeep
|
|t:|1779682698
|switch|p1a: Lost to Godzilla|Rillaboom, M|93/100
|-damage|p1a: Lost to Godzilla|80/100|[from] Stealth Rock
|-fieldstart|move: Grassy Terrain|[from] ability: Grassy Surge|[of] p1a: Lost to Godzilla
|turn|30
|
|t:|1779682705
|switch|p2a: Moltres|Moltres|100/100
|move|p1a: Lost to Godzilla|U-turn|p2a: Moltres
|-resisted|p2a: Moltres
|-damage|p2a: Moltres|96/100
|-status|p1a: Lost to Godzilla|brn|[from] ability: Flame Body|[of] p2a: Moltres
|
|t:|1779682707
|switch|p1a: Keldeo #1 Opp|Kyurem|94/100|[from] U-turn
|-damage|p1a: Keldeo #1 Opp|70/100|[from] Stealth Rock
|-ability|p1a: Keldeo #1 Opp|Pressure
|
|-weather|Sandstorm|[upkeep]
|-damage|p1a: Keldeo #1 Opp|63/100|[from] Sandstorm
|-damage|p2a: Moltres|90/100|[from] Sandstorm
|-heal|p1a: Keldeo #1 Opp|70/100|[from] Grassy Terrain
|upkeep
|turn|31
|
|t:|1779682721
|switch|p2a: Tyranitar|Tyranitar, M|34/100
|move|p1a: Keldeo #1 Opp|Ice Beam|p2a: Tyranitar
|-damage|p2a: Tyranitar|4/100
|
|-weather|Sandstorm|[upkeep]
|-damage|p1a: Keldeo #1 Opp|63/100|[from] Sandstorm
|-heal|p1a: Keldeo #1 Opp|70/100|[from] Grassy Terrain
|-heal|p2a: Tyranitar|11/100|[from] Grassy Terrain
|-heal|p2a: Tyranitar|17/100|[from] item: Leftovers
|upkeep
|turn|32
|
|t:|1779682727
|move|p1a: Keldeo #1 Opp|Ice Beam|p2a: Tyranitar
|-damage|p2a: Tyranitar|0 fnt
|faint|p2a: Tyranitar
|
|-weather|none
|-heal|p1a: Keldeo #1 Opp|76/100|[from] Grassy Terrain
|upkeep
|
|t:|1779682729
|switch|p2a: Slowking|Slowking-Galar, M|84/100
|turn|33
|
|t:|1779682731
|move|p1a: Keldeo #1 Opp|Ice Beam|p2a: Slowking
|-damage|p2a: Slowking|25/100
|move|p2a: Slowking|Thunder Wave|p1a: Keldeo #1 Opp
|-status|p1a: Keldeo #1 Opp|par
|
|-heal|p1a: Keldeo #1 Opp|82/100 par|[from] Grassy Terrain
|-heal|p2a: Slowking|31/100|[from] Grassy Terrain
|upkeep
|turn|34
|
|t:|1779682744
|switch|p2a: Kyurem|Kyurem|100/100
|-ability|p2a: Kyurem|Pressure
|move|p1a: Keldeo #1 Opp|Ice Beam|p2a: Kyurem
|-damage|p2a: Kyurem|35/100
|
|-heal|p2a: Kyurem|41/100|[from] Grassy Terrain
|-heal|p1a: Keldeo #1 Opp|88/100 par|[from] Grassy Terrain
|upkeep
|turn|35
|
|t:|1779682747
|move|p2a: Kyurem|Draco Meteor|p1a: Keldeo #1 Opp
|-supereffective|p1a: Keldeo #1 Opp
|-damage|p1a: Keldeo #1 Opp|0 fnt
|-unboost|p2a: Kyurem|spa|2
|faint|p1a: Keldeo #1 Opp
|
|-heal|p2a: Kyurem|48/100|[from] Grassy Terrain
|upkeep
|
|t:|1779682749
|switch|p1a: Can't Dance|Iron Moth|100/100
|-damage|p1a: Can't Dance|76/100|[from] Stealth Rock
|-enditem|p1a: Can't Dance|Booster Energy
|-activate|p1a: Can't Dance|ability: Quark Drive|[fromitem]
|-start|p1a: Can't Dance|quarkdrivespe
|turn|36
|
|t:|1779682754
|switch|p2a: Slowking|Slowking-Galar, M|64/100
|move|p1a: Can't Dance|Substitute|p1a: Can't Dance
|-start|p1a: Can't Dance|Substitute
|-damage|p1a: Can't Dance|51/100
|
|-heal|p1a: Can't Dance|57/100|[from] Grassy Terrain
|-heal|p2a: Slowking|70/100|[from] Grassy Terrain
|upkeep
|turn|37
|
|t:|1779682776
|move|p1a: Can't Dance|Fiery Dance|p2a: Slowking
|-damage|p2a: Slowking|38/100
|move|p2a: Slowking|Future Sight|p1a: Can't Dance
|-start|p2a: Slowking|move: Future Sight
|
|-heal|p1a: Can't Dance|63/100|[from] Grassy Terrain
|-heal|p2a: Slowking|44/100|[from] Grassy Terrain
|-fieldend|move: Grassy Terrain
|upkeep
|turn|38
|
|t:|1779682799
|move|p1a: Can't Dance|Sludge Wave|p2a: Slowking
|-resisted|p2a: Slowking
|-damage|p2a: Slowking|24/100
|-prepare|p2a: Slowking|Chilly Reception|[premajor]
|move|p2a: Slowking|Chilly Reception|p2a: Slowking
|-weather|Snowscape
|
|t:|1779682809
|switch|p2a: Great Tusk|Great Tusk|84/100|[from] Chilly Reception
|
|-weather|Snowscape|[upkeep]
|upkeep
|turn|39
|
|t:|1779682814
|move|p1a: Can't Dance|Fiery Dance|p2a: Great Tusk
|-damage|p2a: Great Tusk|20/100
|move|p2a: Great Tusk|Rapid Spin|p1a: Can't Dance
|-end|p1a: Can't Dance|Substitute
|-boost|p2a: Great Tusk|spe|1
|
|-weather|Snowscape|[upkeep]
|-end|p1a: Can't Dance|move: Future Sight
|-supereffective|p1a: Can't Dance
|-damage|p1a: Can't Dance|0 fnt
|faint|p1a: Can't Dance
|-end|p1a: Can't Dance|Quark Drive|[silent]
|upkeep
|-message|Acetrainernate90 forfeited.
|
|win|BROOMX4
|raw|Acetrainernate90's rating: 1438 &rarr; <strong>1419</strong><br />(-19 for losing)
|raw|BROOMX4's rating: 1463 &rarr; <strong>1482</strong><br />(+19 for winning)
|l|☆Acetrainernate90
|player|p1|
|l|☆BROOMX4
|player|p2|
|l| mono_8427109
