|j|☆garganaclfan1738
|j|☆sdkid
|t:|1779724789
|gametype|singles
|player|p1|garganaclfan1738|lady-gen4|1283
|player|p2|sdkid|burglar|1289
|gen|9
|tier|[Gen 9] OU
|rated|
|rule|HP Percentage Mod: HP is shown in percentages
|rule|Endless Battle Clause: Forcing endless battles is banned
|rule|Species Clause: Limit one of each Pokémon
|rule|OHKO Clause: OHKO moves are banned
|rule|Evasion Items Clause: Evasion items are banned
|rule|Evasion Moves Clause: Evasion moves are banned
|rule|Evasion Abilities Clause: Evasion abilities are banned
|rule|Sleep Moves Clause: Sleep-inducing moves are banned
|clearpoke
|poke|p1|Darkrai|
|poke|p1|Garchomp, M|
|poke|p1|Alomomola, F|
|poke|p1|Corviknight, F|
|poke|p1|Weezing-Galar, M|
|poke|p1|Ogerpon, F|
|poke|p2|Gholdengo|
|poke|p2|Ting-Lu|
|poke|p2|Dragonite, M|
|poke|p2|Ogerpon-Wellspring, F|
|poke|p2|Kingambit, F|
|poke|p2|Iron Moth|
|teampreview
|inactive|Battle timer is ON: inactive players will automatically lose when time's up. (requested by sdkid)
|j| Hero24
|
|t:|1779724799
|teamsize|p1|6
|teamsize|p2|6
|start
|switch|p1a: Darkrai|Darkrai|100/100
|switch|p2a: Gholdengo|Gholdengo|100/100
|turn|1
|
|t:|1779724803
|switch|p2a: Ting-Lu|Ting-Lu|100/100
|-ability|p2a: Ting-Lu|Vessel of Ruin
|move|p1a: Darkrai|Dark Pulse|p2a: Ting-Lu
|-resisted|p2a: Ting-Lu
|-damage|p2a: Ting-Lu|86/100
|
|upkeep
|turn|2
|
|t:|1779724808
|switch|p1a: Ogerpon|Ogerpon, F|100/100
|move|p2a: Ting-Lu|Stealth Rock|p1a: Ogerpon
|-sidestart|p1: garganaclfan1738|move: Stealth Rock
|
|upkeep
|turn|3
|
|t:|1779724825
|switch|p2a: Iron Moth|Iron Moth|100/100
|-enditem|p2a: Iron Moth|Booster Energy
|-activate|p2a: Iron Moth|ability: Quark Drive|[fromitem]
|-start|p2a: Iron Moth|quarkdrivespe
|move|p1a: Ogerpon|Encore||[still]
|-fail|p1a: Ogerpon
|
|upkeep
|turn|4
|
|t:|1779724844
|switch|p1a: Alomomola|Alomomola, F|100/100
|-damage|p1a: Alomomola|88/100|[from] Stealth Rock
|move|p2a: Iron Moth|Fiery Dance|p1a: Alomomola
|-resisted|p1a: Alomomola
|-damage|p1a: Alomomola|77/100
|-boost|p2a: Iron Moth|spa|1
|
|upkeep
|turn|5
|
|t:|1779724851
|move|p2a: Iron Moth|Energy Ball|p1a: Alomomola
|-supereffective|p1a: Alomomola
|-damage|p1a: Alomomola|32/100
|-unboost|p1a: Alomomola|spd|1
|move|p1a: Alomomola|Flip Turn|p2a: Iron Moth
|-supereffective|p2a: Iron Moth
|-damage|p2a: Iron Moth|50/100
|
|t:|1779724868
|switch|p1a: Garchomp|Garchomp, M|100/100|[from] Flip Turn
|-damage|p1a: Garchomp|94/100|[from] Stealth Rock
|
|upkeep
|turn|6
|
|t:|1779724876
|move|p2a: Iron Moth|Energy Ball|p1a: Garchomp
|-crit|p1a: Garchomp
|-damage|p1a: Garchomp|26/100
|move|p1a: Garchomp|Earthquake|p2a: Iron Moth
|-supereffective|p2a: Iron Moth
|-damage|p2a: Iron Moth|0 fnt
|faint|p2a: Iron Moth
|-end|p2a: Iron Moth|Quark Drive|[silent]
|
|upkeep
|
|t:|1779724884
|switch|p2a: Ogerpon|Ogerpon-Wellspring, F|100/100
|turn|7
|
|t:|1779724898
|switch|p1a: Weezing|Weezing-Galar, M|100/100
|-ability|p1a: Weezing|Neutralizing Gas
|-damage|p1a: Weezing|88/100|[from] Stealth Rock
|move|p2a: Ogerpon|Ivy Cudgel|p1a: Weezing|[anim] Ivy Cudgel Water
|-damage|p1a: Weezing|53/100
|
|-heal|p1a: Weezing|59/100|[from] item: Leftovers
|upkeep
|turn|8
|
|t:|1779724908
|switch|p2a: Gholdengo|Gholdengo|100/100
|move|p1a: Weezing|Will-O-Wisp|p2a: Gholdengo
|-status|p2a: Gholdengo|brn
|
|-heal|p1a: Weezing|65/100|[from] item: Leftovers
|-damage|p2a: Gholdengo|94/100 brn|[from] brn
|upkeep
|turn|9
|
|t:|1779724914
|-end|p1a: Weezing|ability: Neutralizing Gas
|switch|p1a: Alomomola|Alomomola, F|65/100
|-damage|p1a: Alomomola|53/100|[from] Stealth Rock
|move|p2a: Gholdengo|Make It Rain|p1a: Alomomola
|-resisted|p1a: Alomomola
|-damage|p1a: Alomomola|38/100
|-unboost|p2a: Gholdengo|spa|1
|
|-damage|p2a: Gholdengo|88/100 brn|[from] brn
|upkeep
|turn|10
|
|t:|1779724927
|switch|p2a: Ogerpon|Ogerpon-Wellspring, F|100/100
|move|p1a: Alomomola|Flip Turn|p2a: Ogerpon
|-immune|p2a: Ogerpon|[from] ability: Water Absorb
|
|upkeep
|turn|11
|
|t:|1779724933
|switch|p1a: Corviknight|Corviknight, F|100/100
|-damage|p1a: Corviknight|88/100|[from] Stealth Rock
|-ability|p1a: Corviknight|Pressure
|move|p2a: Ogerpon|Swords Dance|p2a: Ogerpon
|-boost|p2a: Ogerpon|atk|2
|
|-heal|p1a: Corviknight|94/100|[from] item: Leftovers
|upkeep
|turn|12
|inactive|sdkid has 120 seconds left.
|inactive|sdkid has 90 seconds left.
|
|t:|1779725020
|move|p2a: Ogerpon|Ivy Cudgel|p1a: Corviknight|[anim] Ivy Cudgel Water
|-damage|p1a: Corviknight|2/100
|move|p1a: Corviknight|Brave Bird|p2a: Ogerpon
|-supereffective|p2a: Ogerpon
|-damage|p2a: Ogerpon|4/100
|-damage|p1a: Corviknight|0 fnt|[from] Recoil
|faint|p1a: Corviknight
|
|upkeep
|
|t:|1779725028
|switch|p1a: Ogerpon|Ogerpon, F|100/100
|-damage|p1a: Ogerpon|88/100|[from] Stealth Rock
|turn|13
|
|t:|1779725038
|-terastallize|p1a: Ogerpon|Grass
|detailschange|p1a: Ogerpon|Ogerpon-Teal-Tera, F, tera:Grass
|-ability|p1a: Ogerpon|Embody Aspect (Teal)|boost
|-boost|p1a: Ogerpon|spe|1
|move|p1a: Ogerpon|Ivy Cudgel|p2a: Ogerpon
|-damage|p2a: Ogerpon|0 fnt
|faint|p2a: Ogerpon
|
|upkeep
|
|t:|1779725049
|switch|p2a: Gholdengo|Gholdengo|88/100 brn
|turn|14
|
|t:|1779725065
|switch|p1a: Alomomola|Alomomola, F|71/100
|-damage|p1a: Alomomola|59/100|[from] Stealth Rock
|move|p2a: Gholdengo|Make It Rain|p1a: Alomomola
|-resisted|p1a: Alomomola
|-damage|p1a: Alomomola|45/100
|-unboost|p2a: Gholdengo|spa|1
|
|-damage|p2a: Gholdengo|82/100 brn|[from] brn
|upkeep
|turn|15
|
|t:|1779725071
|switch|p2a: Kingambit|Kingambit, F|100/100
|-activate|p2a: Kingambit|ability: Supreme Overlord
|-start|p2a: Kingambit|fallen2|[silent]
|move|p1a: Alomomola|Mirror Coat||[still]
|-fail|p1a: Alomomola
|
|upkeep
|turn|16
|
|t:|1779725092
|-end|p2a: Kingambit|fallen2|[silent]
|switch|p2a: Gholdengo|Gholdengo|82/100 brn
|switch|p1a: Garchomp|Garchomp, M|26/100
|-damage|p1a: Garchomp|20/100|[from] Stealth Rock
|
|-damage|p2a: Gholdengo|76/100 brn|[from] brn
|upkeep
|turn|17
|
|t:|1779725099
|move|p2a: Gholdengo|Shadow Ball|p1a: Garchomp
|-damage|p1a: Garchomp|0 fnt
|faint|p1a: Garchomp
|
|-damage|p2a: Gholdengo|70/100 brn|[from] brn
|upkeep
|
|t:|1779725103
|switch|p1a: Darkrai|Darkrai|100/100
|-damage|p1a: Darkrai|88/100|[from] Stealth Rock
|turn|18
|
|t:|1779725111
|switch|p2a: Ting-Lu|Ting-Lu|86/100
|-ability|p2a: Ting-Lu|Vessel of Ruin
|move|p1a: Darkrai|Trick|p2a: Ting-Lu
|-activate|p1a: Darkrai|move: Trick|[of] p2a: Ting-Lu
|-item|p2a: Ting-Lu|Choice Specs|[from] move: Trick
|-item|p1a: Darkrai|Rocky Helmet|[from] move: Trick
|
|upkeep
|turn|19
|inactive|sdkid has 90 seconds left.
|
|t:|1779725116
|move|p1a: Darkrai|Focus Blast|p2a: Ting-Lu
|-supereffective|p2a: Ting-Lu
|-damage|p2a: Ting-Lu|50/100
|move|p2a: Ting-Lu|Earthquake|p1a: Darkrai
|-damage|p1a: Darkrai|38/100
|
|upkeep
|turn|20
|inactive|sdkid has 90 seconds left.
|
|t:|1779725157
|switch|p1a: Alomomola|Alomomola, F|78/100
|-damage|p1a: Alomomola|66/100|[from] Stealth Rock
|move|p2a: Ting-Lu|Earthquake|p1a: Alomomola
|-damage|p1a: Alomomola|37/100
|
|upkeep
|turn|21
|
|t:|1779725169
|switch|p2a: Kingambit|Kingambit, F|100/100
|-activate|p2a: Kingambit|ability: Supreme Overlord
|-start|p2a: Kingambit|fallen2|[silent]
|move|p1a: Alomomola|Flip Turn|p2a: Kingambit
|-damage|p2a: Kingambit|86/100
|
|t:|1779725189
|switch|p1a: Weezing|Weezing-Galar, M|65/100|[from] Flip Turn
|-ability|p1a: Weezing|Neutralizing Gas
|-damage|p1a: Weezing|52/100|[from] Stealth Rock
|
|-heal|p1a: Weezing|58/100|[from] item: Leftovers
|upkeep
|turn|22
|
|t:|1779725206
|-end|p2a: Kingambit|fallen2|[silent]
|switch|p2a: Gholdengo|Gholdengo|70/100 brn
|move|p1a: Weezing|Will-O-Wisp|p2a: Gholdengo
|-fail|p2a: Gholdengo|brn
|
|-heal|p1a: Weezing|64/100|[from] item: Leftovers
|-damage|p2a: Gholdengo|64/100 brn|[from] brn
|upkeep
|turn|23
|
|t:|1779725213
|-end|p1a: Weezing|ability: Neutralizing Gas
|switch|p1a: Alomomola|Alomomola, F|70/100
|-damage|p1a: Alomomola|58/100|[from] Stealth Rock
|move|p2a: Gholdengo|Shadow Ball|p1a: Alomomola
|-damage|p1a: Alomomola|36/100
|
|-damage|p2a: Gholdengo|58/100 brn|[from] brn
|upkeep
|turn|24
|
|t:|1779725225
|switch|p2a: Kingambit|Kingambit, F|86/100
|-activate|p2a: Kingambit|ability: Supreme Overlord
|-start|p2a: Kingambit|fallen2|[silent]
|move|p1a: Alomomola|Flip Turn|p2a: Kingambit
|-damage|p2a: Kingambit|72/100
|
|t:|1779725232
|switch|p1a: Weezing|Weezing-Galar, M|64/100|[from] Flip Turn
|-ability|p1a: Weezing|Neutralizing Gas
|-damage|p1a: Weezing|52/100|[from] Stealth Rock
|
|-heal|p1a: Weezing|58/100|[from] item: Leftovers
|upkeep
|turn|25
|
|t:|1779725251
|-end|p2a: Kingambit|fallen2|[silent]
|switch|p2a: Ting-Lu|Ting-Lu|50/100
|move|p1a: Weezing|Pain Split|p2a: Ting-Lu
|-sethp|p2a: Ting-Lu|44/100|[from] move: Pain Split|[silent]
|-sethp|p1a: Weezing|68/100|[from] move: Pain Split
|
|-heal|p1a: Weezing|74/100|[from] item: Leftovers
|upkeep
|turn|26
|
|t:|1779725260
|-end|p1a: Weezing|ability: Neutralizing Gas
|-ability|p2a: Ting-Lu|Vessel of Ruin
|switch|p1a: Alomomola|Alomomola, F|69/100
|-damage|p1a: Alomomola|57/100|[from] Stealth Rock
|move|p2a: Ting-Lu|Spikes|p1a: Alomomola
|-sidestart|p1: garganaclfan1738|Spikes
|
|upkeep
|turn|27
|
|t:|1779725269
|move|p2a: Ting-Lu|Spikes|p1a: Alomomola
|-sidestart|p1: garganaclfan1738|Spikes
|move|p1a: Alomomola|Body Slam|p2a: Ting-Lu
|-damage|p2a: Ting-Lu|36/100
|-status|p2a: Ting-Lu|par
|
|upkeep
|turn|28
|
|t:|1779725274
|switch|p1a: Weezing|Weezing-Galar, M|74/100
|-ability|p1a: Weezing|Neutralizing Gas
|-damage|p1a: Weezing|61/100|[from] Stealth Rock
|-damage|p1a: Weezing|45/100|[from] Spikes
|cant|p2a: Ting-Lu|par
|
|-heal|p1a: Weezing|51/100|[from] item: Leftovers
|upkeep
|turn|29
|inactive|sdkid has 90 seconds left.
|
|t:|1779725285
|switch|p2a: Gholdengo|Gholdengo|58/100 brn
|move|p1a: Weezing|Defog|p2a: Gholdengo
|-unboost|p2a: Gholdengo|evasion|1
|-sideend|p1: garganaclfan1738|Spikes|[from] move: Defog|[of] p1a: Weezing
|-sideend|p1: garganaclfan1738|Stealth Rock|[from] move: Defog|[of] p1a: Weezing
|
|-heal|p1a: Weezing|57/100|[from] item: Leftovers
|-damage|p2a: Gholdengo|52/100 brn|[from] brn
|upkeep
|turn|30
|inactive|sdkid has 90 seconds left.
|
|t:|1779725300
|-end|p1a: Weezing|ability: Neutralizing Gas
|switch|p1a: Alomomola|Alomomola, F|90/100
|move|p2a: Gholdengo|Trick|p1a: Alomomola
|-activate|p2a: Gholdengo|move: Trick|[of] p1a: Alomomola
|-item|p1a: Alomomola|Choice Scarf|[from] move: Trick
|-item|p2a: Gholdengo|Assault Vest|[from] move: Trick
|
|-damage|p2a: Gholdengo|46/100 brn|[from] brn
|upkeep
|turn|31
|inactive|sdkid has 90 seconds left.
|
|t:|1779725329
|switch|p2a: Ting-Lu|Ting-Lu|36/100 par
|-ability|p2a: Ting-Lu|Vessel of Ruin
|move|p1a: Alomomola|Mirror Coat||[still]
|-fail|p1a: Alomomola
|
|upkeep
|turn|32
|
|t:|1779725337
|switch|p1a: Ogerpon|Ogerpon-Teal-Tera, F, tera:Grass|88/100
|-ability|p1a: Ogerpon|Embody Aspect (Teal)|boost
|-boost|p1a: Ogerpon|spe|1
|cant|p2a: Ting-Lu|par
|
|upkeep
|turn|33
|
|t:|1779725353
|move|p1a: Ogerpon|Swords Dance|p1a: Ogerpon
|-boost|p1a: Ogerpon|atk|2
|move|p2a: Ting-Lu|Ruination|p1a: Ogerpon
|-damage|p1a: Ogerpon|44/100
|
|upkeep
|turn|34
|
|t:|1779725360
|move|p1a: Ogerpon|Ivy Cudgel|p2a: Ting-Lu
|-supereffective|p2a: Ting-Lu
|-crit|p2a: Ting-Lu
|-damage|p2a: Ting-Lu|0 fnt
|faint|p2a: Ting-Lu
|
|upkeep
|
|t:|1779725364
|switch|p2a: Dragonite|Dragonite, M|100/100
|turn|35
|
|t:|1779725384
|move|p2a: Dragonite|Extreme Speed|p1a: Ogerpon
|-damage|p1a: Ogerpon|6/100
|move|p1a: Ogerpon|Knock Off|p2a: Dragonite
|-damage|p2a: Dragonite|69/100
|-enditem|p2a: Dragonite|Heavy-Duty Boots|[from] move: Knock Off|[of] p1a: Ogerpon
|
|upkeep
|turn|36
|
|t:|1779725397
|switch|p1a: Weezing|Weezing-Galar, M|57/100
|-ability|p1a: Weezing|Neutralizing Gas
|move|p2a: Dragonite|Extreme Speed|p1a: Weezing
|-damage|p1a: Weezing|35/100
|
|-heal|p1a: Weezing|41/100|[from] item: Leftovers
|upkeep
|turn|37
|
|t:|1779725405
|move|p2a: Dragonite|Earthquake|p1a: Weezing
|-supereffective|p1a: Weezing
|-damage|p1a: Weezing|0 fnt
|faint|p1a: Weezing
|-end|p1a: Weezing|ability: Neutralizing Gas
|
|upkeep
|
|t:|1779725407
|switch|p1a: Alomomola|Alomomola, F|100/100
|turn|38
|inactive|sdkid has 90 seconds left.
|
|t:|1779725419
|move|p2a: Dragonite|Roost|p2a: Dragonite
|-heal|p2a: Dragonite|100/100
|-singleturn|p2a: Dragonite|move: Roost
|move|p1a: Alomomola|Flip Turn|p2a: Dragonite
|-resisted|p2a: Dragonite
|-damage|p2a: Dragonite|97/100
|
|t:|1779725421
|switch|p1a: Darkrai|Darkrai|38/100|[from] Flip Turn
|
|upkeep
|turn|39
|
|t:|1779725427
|-terastallize|p2a: Dragonite|Normal
|move|p2a: Dragonite|Extreme Speed|p1a: Darkrai
|-damage|p1a: Darkrai|0 fnt
|-damage|p2a: Dragonite|80/100|[from] item: Rocky Helmet|[of] p1a: Darkrai
|faint|p1a: Darkrai
|
|upkeep
|
|t:|1779725431
|switch|p1a: Alomomola|Alomomola, F|100/100
|turn|40
|
|t:|1779725436
|move|p2a: Dragonite|Roost|p2a: Dragonite
|-heal|p2a: Dragonite|100/100
|move|p1a: Alomomola|Scald|p2a: Dragonite
|-damage|p2a: Dragonite|94/100
|-status|p2a: Dragonite|brn
|
|-damage|p2a: Dragonite|88/100 brn|[from] brn
|upkeep
|turn|41
|
|t:|1779725439
|move|p2a: Dragonite|Dragon Dance|p2a: Dragonite
|-boost|p2a: Dragonite|atk|1
|-boost|p2a: Dragonite|spe|1
|move|p1a: Alomomola|Scald|p2a: Dragonite
|-damage|p2a: Dragonite|74/100 brn
|
|-damage|p2a: Dragonite|68/100 brn|[from] brn
|upkeep
|turn|42
|
|t:|1779725440
|move|p2a: Dragonite|Dragon Dance|p2a: Dragonite
|-boost|p2a: Dragonite|atk|1
|-boost|p2a: Dragonite|spe|1
|move|p1a: Alomomola|Scald|p2a: Dragonite
|-damage|p2a: Dragonite|54/100 brn
|
|-damage|p2a: Dragonite|48/100 brn|[from] brn
|upkeep
|turn|43
|
|t:|1779725442
|move|p2a: Dragonite|Roost|p2a: Dragonite
|-heal|p2a: Dragonite|98/100 brn
|move|p1a: Alomomola|Scald|p2a: Dragonite
|-damage|p2a: Dragonite|84/100 brn
|
|-damage|p2a: Dragonite|78/100 brn|[from] brn
|upkeep
|turn|44
|
|t:|1779725443
|move|p2a: Dragonite|Dragon Dance|p2a: Dragonite
|-boost|p2a: Dragonite|atk|1
|-boost|p2a: Dragonite|spe|1
|move|p1a: Alomomola|Scald|p2a: Dragonite
|-damage|p2a: Dragonite|65/100 brn
|
|-damage|p2a: Dragonite|59/100 brn|[from] brn
|upkeep
|turn|45
|
|t:|1779725446
|move|p2a: Dragonite|Dragon Dance|p2a: Dragonite
|-boost|p2a: Dragonite|atk|1
|-boost|p2a: Dragonite|spe|1
|move|p1a: Alomomola|Scald|p2a: Dragonite
|-damage|p2a: Dragonite|45/100 brn
|
|-damage|p2a: Dragonite|39/100 brn|[from] brn
|upkeep
|turn|46
|
|t:|1779725447
|move|p2a: Dragonite|Roost|p2a: Dragonite
|-heal|p2a: Dragonite|89/100 brn
|move|p1a: Alomomola|Scald|p2a: Dragonite
|-damage|p2a: Dragonite|76/100 brn
|
|-damage|p2a: Dragonite|70/100 brn|[from] brn
|upkeep
|turn|47
|
|t:|1779725449
|move|p2a: Dragonite|Dragon Dance|p2a: Dragonite
|-boost|p2a: Dragonite|atk|1
|-boost|p2a: Dragonite|spe|1
|move|p1a: Alomomola|Scald|p2a: Dragonite
|-damage|p2a: Dragonite|56/100 brn
|
|-damage|p2a: Dragonite|50/100 brn|[from] brn
|upkeep
|turn|48
|
|t:|1779725452
|switch|p1a: Ogerpon|Ogerpon-Teal-Tera, F, tera:Grass|6/100
|-ability|p1a: Ogerpon|Embody Aspect (Teal)|boost
|-boost|p1a: Ogerpon|spe|1
|move|p2a: Dragonite|Roost|p2a: Dragonite
|-heal|p2a: Dragonite|100/100 brn
|
|-damage|p2a: Dragonite|94/100 brn|[from] brn
|upkeep
|turn|49
|
|t:|1779725461
|switch|p1a: Alomomola|Alomomola, F|100/100
|move|p2a: Dragonite|Extreme Speed|p1a: Alomomola
|-crit|p1a: Alomomola
|-damage|p1a: Alomomola|4/100
|
|-damage|p2a: Dragonite|88/100 brn|[from] brn
|upkeep
|turn|50
|
|t:|1779725465
|switch|p1a: Ogerpon|Ogerpon-Teal-Tera, F, tera:Grass|6/100
|-ability|p1a: Ogerpon|Embody Aspect (Teal)|boost
|-boost|p1a: Ogerpon|spe|1
|move|p2a: Dragonite|Extreme Speed|p1a: Ogerpon
|-damage|p1a: Ogerpon|0 fnt
|faint|p1a: Ogerpon
|detailschange|p1: Ogerpon|Ogerpon, F|[silent]
|
|-damage|p2a: Dragonite|82/100 brn|[from] brn
|upkeep
|
|t:|1779725467
|switch|p1a: Alomomola|Alomomola, F|37/100
|turn|51
|
|t:|1779725469
|move|p2a: Dragonite|Extreme Speed|p1a: Alomomola
|-damage|p1a: Alomomola|0 fnt
|faint|p1a: Alomomola
|
|win|sdkid
|raw|garganaclfan1738's rating: 1283 &rarr; <strong>1258</strong><br />(-25 for losing)
|raw|sdkid's rating: 1289 &rarr; <strong>1314</strong><br />(+25 for winning)
|l|☆garganaclfan1738
|player|p1|
|l| Hero24
