|j|☆ghostoftheranch
|j|☆kopv
|t:|1779649888
|gametype|singles
|player|p1|ghostoftheranch|medium|1576
|player|p2|kopv|bugcatcher-gen4dp|1597
|gen|9
|tier|[Gen 9] OU
|rated|
|rule|HP Percentage Mod: HP is shown in percentages
|rule|Endless Battle Clause: Forcing endless battles is banned
|rule|Species Clause: Limit one of each Pokémon
|rule|OHKO Clause: OHKO moves are banned
|rule|Evasion Items Clause: Evasion items are banned
|rule|Evasion Moves Clause: Evasion moves are banned
|rule|Evasion Abilities Clause: Evasion abilities are banned
|rule|Sleep Moves Clause: Sleep-inducing moves are banned
|clearpoke
|poke|p1|Cramorant, M|
|poke|p1|Gallade, M|
|poke|p1|Kingambit, F|
|poke|p1|Iron Moth|
|poke|p1|Enamorus, F|
|poke|p1|Ogerpon-Cornerstone, F|
|poke|p2|Pelipper, F|
|poke|p2|Barraskewda, M|
|poke|p2|Iron Treads|
|poke|p2|Bruxish, F|
|poke|p2|Raging Bolt|
|poke|p2|Enamorus, F|
|teampreview
|
|t:|1779649931
|teamsize|p1|6
|teamsize|p2|6
|start
|switch|p1a: Cramorant|Cramorant, M|100/100
|switch|p2a: Barraskewda|Barraskewda, M|100/100
|turn|1
|
|t:|1779649937
|move|p2a: Barraskewda|Flip Turn|p1a: Cramorant
|-resisted|p1a: Cramorant
|-damage|p1a: Cramorant|58/100
|-damage|p2a: Barraskewda|91/100|[from] item: Life Orb
|
|t:|1779649940
|switch|p2a: Raging Bolt|Raging Bolt|100/100|[from] Flip Turn
|move|p1a: Cramorant|Tailwind|p1a: Cramorant
|-sidestart|p1: ghostoftheranch|move: Tailwind
|
|upkeep
|turn|2
|inactive|Battle timer is ON: inactive players will automatically lose when time's up. (requested by ghostoftheranch)
|inactive|ghostoftheranch has 120 seconds left.
|
|t:|1779649973
|-terastallize|p1a: Cramorant|Ground
|move|p1a: Cramorant|Surf|p2a: Raging Bolt
|-formechange|p1a: Cramorant|Cramorant-Gulping|
|-resisted|p2a: Raging Bolt
|-damage|p2a: Raging Bolt|83/100
|move|p2a: Raging Bolt|Thunder|p1a: Cramorant
|-immune|p1a: Cramorant
|
|-heal|p2a: Raging Bolt|89/100|[from] item: Leftovers
|upkeep
|turn|3
|
|t:|1779649978
|move|p1a: Cramorant|Hurricane|p2a: Raging Bolt|[miss]
|-miss|p1a: Cramorant|p2a: Raging Bolt
|move|p2a: Raging Bolt|Draco Meteor|p1a: Cramorant|[miss]
|-miss|p2a: Raging Bolt|p1a: Cramorant
|
|-heal|p2a: Raging Bolt|95/100|[from] item: Leftovers
|upkeep
|turn|4
|j| FranzLisztTesting
|
|t:|1779649992
|switch|p1a: Enamorus|Enamorus, F|100/100
|move|p2a: Raging Bolt|Draco Meteor|p1a: Enamorus
|-immune|p1a: Enamorus
|
|-heal|p2a: Raging Bolt|100/100|[from] item: Leftovers
|-sideend|p1: ghostoftheranch|move: Tailwind
|upkeep
|turn|5
|
|t:|1779650002
|move|p2a: Raging Bolt|Thunderclap|p1a: Enamorus
|-supereffective|p1a: Enamorus
|-enditem|p1a: Enamorus|Focus Sash
|-damage|p1a: Enamorus|1/100
|move|p1a: Enamorus|Moonblast|p2a: Raging Bolt
|-supereffective|p2a: Raging Bolt
|-damage|p2a: Raging Bolt|10/100
|
|-heal|p2a: Raging Bolt|16/100|[from] item: Leftovers
|upkeep
|turn|6
|
|t:|1779650013
|move|p2a: Raging Bolt|Thunderclap||[still]
|-fail|p2a: Raging Bolt
|move|p1a: Enamorus|Healing Wish|p1a: Enamorus
|faint|p1a: Enamorus
|
|-heal|p2a: Raging Bolt|22/100|[from] item: Leftovers
|upkeep
|l| FranzLisztTesting
|inactive|ghostoftheranch has 120 seconds left.
|
|t:|1779650048
|switch|p1a: Iron Moth|Iron Moth|100/100
|-enditem|p1a: Iron Moth|Booster Energy
|-activate|p1a: Iron Moth|ability: Quark Drive|[fromitem]
|-start|p1a: Iron Moth|quarkdrivespe
|turn|7
|inactive|ghostoftheranch has 120 seconds left.
|
|t:|1779650059
|-end|p2a: Raging Bolt|Protosynthesis|[silent]
|switch|p2a: Pelipper|Pelipper, F|100/100
|-weather|RainDance|[from] ability: Drizzle|[of] p2a: Pelipper
|move|p1a: Iron Moth|Sludge Wave|p2a: Pelipper
|-damage|p2a: Pelipper|32/100
|
|-weather|RainDance|[upkeep]
|upkeep
|turn|8
|inactive|ghostoftheranch has 120 seconds left.
|
|t:|1779650080
|switch|p2a: Raging Bolt|Raging Bolt|22/100
|move|p1a: Iron Moth|Fiery Dance|p2a: Raging Bolt
|-resisted|p2a: Raging Bolt
|-damage|p2a: Raging Bolt|14/100
|
|-weather|RainDance|[upkeep]
|-heal|p2a: Raging Bolt|20/100|[from] item: Leftovers
|upkeep
|turn|9
|inactive|ghostoftheranch has 120 seconds left.
|
|t:|1779650091
|move|p1a: Iron Moth|Dazzling Gleam|p2a: Raging Bolt
|-supereffective|p2a: Raging Bolt
|-damage|p2a: Raging Bolt|0 fnt
|faint|p2a: Raging Bolt
|-end|p2a: Raging Bolt|Protosynthesis|[silent]
|
|-weather|RainDance|[upkeep]
|upkeep
|
|t:|1779650093
|switch|p2a: Iron Treads|Iron Treads|100/100
|turn|10
|
|t:|1779650102
|-end|p1a: Iron Moth|Quark Drive|[silent]
|switch|p1a: Cramorant|Cramorant, M, tera:Ground|58/100
|-heal|p1a: Cramorant|100/100|[from] move: Healing Wish
|move|p2a: Iron Treads|Stealth Rock|p1a: Cramorant
|-sidestart|p1: ghostoftheranch|move: Stealth Rock
|
|-weather|RainDance|[upkeep]
|upkeep
|turn|11
|j| hattybatty304
|
|t:|1779650121
|move|p2a: Iron Treads|Iron Head|p1a: Cramorant
|-damage|p1a: Cramorant|46/100
|cant|p1a: Cramorant|flinch
|
|-weather|RainDance|[upkeep]
|upkeep
|turn|12
|
|t:|1779650137
|move|p2a: Iron Treads|Iron Head|p1a: Cramorant
|-damage|p1a: Cramorant|0 fnt
|faint|p1a: Cramorant
|
|-weather|RainDance|[upkeep]
|upkeep
|inactive|ghostoftheranch has 120 seconds left.
|
|t:|1779650169
|switch|p1a: Gallade|Gallade, M|100/100
|-damage|p1a: Gallade|94/100|[from] Stealth Rock
|turn|13
|
|t:|1779650178
|-end|p2a: Iron Treads|Quark Drive|[silent]
|switch|p2a: Enamorus|Enamorus, F|100/100
|move|p1a: Gallade|Sacred Sword|p2a: Enamorus
|-resisted|p2a: Enamorus
|-damage|p2a: Enamorus|74/100
|
|-weather|RainDance|[upkeep]
|upkeep
|turn|14
|
|t:|1779650190
|switch|p1a: Iron Moth|Iron Moth|100/100
|-damage|p1a: Iron Moth|76/100|[from] Stealth Rock
|move|p2a: Enamorus|Weather Ball|p1a: Iron Moth
|-supereffective|p1a: Iron Moth
|-damage|p1a: Iron Moth|0 fnt
|faint|p1a: Iron Moth
|-end|p1a: Iron Moth|Quark Drive|[silent]
|
|-weather|none
|upkeep
|
|t:|1779650217
|switch|p1a: Kingambit|Kingambit, F|100/100
|-damage|p1a: Kingambit|94/100|[from] Stealth Rock
|-activate|p1a: Kingambit|ability: Supreme Overlord
|-start|p1a: Kingambit|fallen3|[silent]
|turn|15
|
|t:|1779650221
|switch|p2a: Pelipper|Pelipper, F|32/100
|-weather|RainDance|[from] ability: Drizzle|[of] p2a: Pelipper
|move|p1a: Kingambit|Swords Dance|p1a: Kingambit
|-boost|p1a: Kingambit|atk|2
|
|-weather|RainDance|[upkeep]
|upkeep
|turn|16
|
|t:|1779650227
|move|p1a: Kingambit|Iron Head|p2a: Pelipper
|-resisted|p2a: Pelipper
|-damage|p2a: Pelipper|0 fnt
|faint|p2a: Pelipper
|-damage|p1a: Kingambit|84/100|[from] item: Life Orb
|
|-weather|RainDance|[upkeep]
|upkeep
|
|t:|1779650232
|switch|p2a: 'Ello gov'na|Bruxish, F|100/100
|turn|17
|inactive|ghostoftheranch has 120 seconds left.
|
|t:|1779650245
|move|p2a: 'Ello gov'na|Wave Crash|p1a: Kingambit
|-damage|p1a: Kingambit|0 fnt
|faint|p1a: Kingambit
|-end|p1a: Kingambit|fallen3|[silent]
|-damage|p2a: 'Ello gov'na|67/100|[from] Recoil
|
|-weather|RainDance|[upkeep]
|upkeep
|
|t:|1779650252
|switch|p1a: Gallade|Gallade, M|94/100
|-damage|p1a: Gallade|88/100|[from] Stealth Rock
|turn|18
|inactive|ghostoftheranch has 120 seconds left.
|
|t:|1779650259
|move|p1a: Gallade|Psycho Cut|p2a: 'Ello gov'na
|-resisted|p2a: 'Ello gov'na
|-crit|p2a: 'Ello gov'na
|-damage|p2a: 'Ello gov'na|7/100
|move|p2a: 'Ello gov'na|Wave Crash|p1a: Gallade
|-damage|p1a: Gallade|0 fnt
|faint|p1a: Gallade
|-damage|p2a: 'Ello gov'na|0 fnt|[from] Recoil
|faint|p2a: 'Ello gov'na
|
|-weather|RainDance|[upkeep]
|upkeep
|inactive|ghostoftheranch has 120 seconds left.
|
|t:|1779650266
|switch|p1a: Ogerpon|Ogerpon-Cornerstone, F|100/100
|switch|p2a: Barraskewda|Barraskewda, M|91/100
|-damage|p1a: Ogerpon|88/100|[from] Stealth Rock
|turn|19
|
|t:|1779650283
|move|p2a: Barraskewda|Close Combat|p1a: Ogerpon
|-supereffective|p1a: Ogerpon
|-damage|p1a: Ogerpon|0 fnt
|-unboost|p2a: Barraskewda|def|1
|-unboost|p2a: Barraskewda|spd|1
|faint|p1a: Ogerpon
|-damage|p2a: Barraskewda|81/100|[from] item: Life Orb
|
|win|kopv
|raw|ghostoftheranch's rating: 1576 &rarr; <strong>1557</strong><br />(-19 for losing)
|raw|kopv's rating: 1597 &rarr; <strong>1616</strong><br />(+19 for winning)
|l| hattybatty304
|l|☆kopv
|player|p2|
|l|☆ghostoftheranch
|player|p1|
