|j|☆wuxianta
|j|☆nerdy_head
|t:|1779603373
|gametype|singles
|player|p1|wuxianta|1|1500
|player|p2|nerdy_head|101|1456
|gen|9
|tier|[Gen 9] OU
|rated|
|rule|HP Percentage Mod: HP is shown in percentages
|rule|Endless Battle Clause: Forcing endless battles is banned
|rule|Species Clause: Limit one of each Pokémon
|rule|OHKO Clause: OHKO moves are banned
|rule|Evasion Items Clause: Evasion items are banned
|rule|Evasion Moves Clause: Evasion moves are banned
|rule|Evasion Abilities Clause: Evasion abilities are banned
|rule|Sleep Moves Clause: Sleep-inducing moves are banned
|clearpoke
|poke|p1|Latias, F|
|poke|p1|Cinderace, F|
|poke|p1|Kyurem|
|poke|p1|Garganacl, M|
|poke|p1|Slither Wing|
|poke|p1|Ting-Lu|
|poke|p2|Slowking-Galar, M|
|poke|p2|Great Tusk|
|poke|p2|Arcanine-Hisui, F|
|poke|p2|Corviknight, M|
|poke|p2|Dragapult, F|
|poke|p2|Kingambit, M|
|teampreview
|inactive|Battle timer is ON: inactive players will automatically lose when time's up. (requested by wuxianta)
|l|☆wuxianta
|inactive|wuxianta disconnected and has a minute to reconnect!
|player|p1|
|j|☆wuxianta
|inactive|wuxianta reconnected and has 130 seconds left.
|player|p1|wuxianta|1|
|inactive|wuxianta has 120 seconds left.
|
|t:|1779603411
|teamsize|p1|6
|teamsize|p2|6
|start
|switch|p1a: Garganacl|Garganacl, M|100/100
|switch|p2a: Dragapult|Dragapult, F|100/100
|turn|1
|inactive|nerdy_head has 120 seconds left.
|
|t:|1779603450
|move|p2a: Dragapult|Draco Meteor|p1a: Garganacl|[miss]
|-miss|p2a: Dragapult|p1a: Garganacl
|move|p1a: Garganacl|Iron Defense|p1a: Garganacl
|-boost|p1a: Garganacl|def|2
|
|upkeep
|turn|2
|inactive|nerdy_head has 120 seconds left.
|
|t:|1779603456
|move|p2a: Dragapult|Draco Meteor|p1a: Garganacl
|-damage|p1a: Garganacl|25/100
|-unboost|p2a: Dragapult|spa|2
|move|p1a: Garganacl|Recover|p1a: Garganacl
|-heal|p1a: Garganacl|75/100
|
|-heal|p1a: Garganacl|81/100|[from] item: Leftovers
|upkeep
|turn|3
|
|t:|1779603465
|switch|p2a: Slowking|Slowking-Galar, M|100/100
|move|p1a: Garganacl|Salt Cure|p2a: Slowking
|-damage|p2a: Slowking|86/100
|-start|p2a: Slowking|Salt Cure
|
|-heal|p1a: Garganacl|88/100|[from] item: Leftovers
|-damage|p2a: Slowking|74/100|[from] Salt Cure
|upkeep
|turn|4
|
|t:|1779603476
|move|p1a: Garganacl|Body Press|p2a: Slowking
|-resisted|p2a: Slowking
|-damage|p2a: Slowking|59/100
|move|p2a: Slowking|Future Sight|p1a: Garganacl
|-start|p2a: Slowking|move: Future Sight
|
|-heal|p1a: Garganacl|94/100|[from] item: Leftovers
|-damage|p2a: Slowking|47/100|[from] Salt Cure
|upkeep
|turn|5
|
|t:|1779603487
|move|p1a: Garganacl|Salt Cure|p2a: Slowking
|-damage|p2a: Slowking|33/100
|-prepare|p2a: Slowking|Chilly Reception|[premajor]
|move|p2a: Slowking|Chilly Reception|p2a: Slowking
|-weather|Snowscape
|
|t:|1779603495
|switch|p2a: Dragapult|Dragapult, F|100/100|[from] Chilly Reception
|
|-weather|Snowscape|[upkeep]
|-heal|p1a: Garganacl|99/100|[from] item: Leftovers
|upkeep
|turn|6
|
|t:|1779603514
|switch|p1a: Ting-Lu|Ting-Lu|100/100
|-ability|p1a: Ting-Lu|Vessel of Ruin
|move|p2a: Dragapult|Draco Meteor|p1a: Ting-Lu
|-damage|p1a: Ting-Lu|69/100
|-unboost|p2a: Dragapult|spa|2
|
|-weather|Snowscape|[upkeep]
|-end|p1a: Ting-Lu|move: Future Sight
|-immune|p1a: Ting-Lu
|upkeep
|turn|7
|
|t:|1779603525
|switch|p2a: Corviknight|Corviknight, M|100/100
|-ability|p2a: Corviknight|Pressure
|switch|p1a: Garganacl|Garganacl, M|99/100
|
|-weather|Snowscape|[upkeep]
|-heal|p1a: Garganacl|100/100|[from] item: Leftovers
|upkeep
|turn|8
|
|t:|1779603534
|move|p2a: Corviknight|U-turn|p1a: Garganacl
|-damage|p1a: Garganacl|92/100
|
|t:|1779603537
|switch|p2a: Slowking|Slowking-Galar, M|66/100|[from] U-turn
|move|p1a: Garganacl|Salt Cure|p2a: Slowking
|-damage|p2a: Slowking|52/100
|-start|p2a: Slowking|Salt Cure
|
|-weather|Snowscape|[upkeep]
|-heal|p1a: Garganacl|98/100|[from] item: Leftovers
|-damage|p2a: Slowking|40/100|[from] Salt Cure
|upkeep
|turn|9
|inactive|wuxianta has 120 seconds left.
|
|t:|1779603571
|move|p1a: Garganacl|Iron Defense|p1a: Garganacl
|-boost|p1a: Garganacl|def|2
|move|p2a: Slowking|Future Sight|p1a: Garganacl
|-start|p2a: Slowking|move: Future Sight
|
|-weather|none
|-heal|p1a: Garganacl|100/100|[from] item: Leftovers
|-damage|p2a: Slowking|27/100|[from] Salt Cure
|upkeep
|turn|10
|
|t:|1779603580
|switch|p2a: Dragapult|Dragapult, F|100/100
|move|p1a: Garganacl|Salt Cure|p2a: Dragapult
|-damage|p2a: Dragapult|81/100
|-start|p2a: Dragapult|Salt Cure
|
|-damage|p2a: Dragapult|69/100|[from] Salt Cure
|upkeep
|turn|11
|inactive|wuxianta has 120 seconds left.
|
|t:|1779603595
|switch|p1a: Ting-Lu|Ting-Lu|69/100
|-ability|p1a: Ting-Lu|Vessel of Ruin
|move|p2a: Dragapult|Draco Meteor|p1a: Ting-Lu
|-damage|p1a: Ting-Lu|38/100
|-unboost|p2a: Dragapult|spa|2
|
|-end|p1a: Ting-Lu|move: Future Sight
|-immune|p1a: Ting-Lu
|-damage|p2a: Dragapult|57/100|[from] Salt Cure
|upkeep
|turn|12
|inactive|wuxianta has 120 seconds left.
|
|t:|1779603629
|switch|p2a: Kingambit|Kingambit, M|100/100
|move|p1a: Ting-Lu|Ruination|p2a: Kingambit
|-damage|p2a: Kingambit|50/100
|
|-heal|p2a: Kingambit|57/100|[from] item: Leftovers
|upkeep
|turn|13
|
|t:|1779603638
|switch|p1a: Slither Wing|Slither Wing|100/100
|move|p2a: Kingambit|Low Kick|p1a: Slither Wing
|-resisted|p1a: Slither Wing
|-damage|p1a: Slither Wing|88/100
|
|-heal|p2a: Kingambit|63/100|[from] item: Leftovers
|upkeep
|turn|14
|
|t:|1779603652
|-end|p2a: Kingambit|fallenundefined|[silent]
|switch|p2a: Corviknight|Corviknight, M|100/100
|-ability|p2a: Corviknight|Pressure
|move|p1a: Slither Wing|Low Kick|p2a: Corviknight
|-damage|p2a: Corviknight|79/100
|-damage|p1a: Slither Wing|71/100|[from] item: Rocky Helmet|[of] p2a: Corviknight
|
|upkeep
|turn|15
|
|t:|1779603660
|move|p1a: Slither Wing|Will-O-Wisp|p2a: Corviknight|[miss]
|-miss|p1a: Slither Wing|p2a: Corviknight
|move|p2a: Corviknight|U-turn|p1a: Slither Wing
|-resisted|p1a: Slither Wing
|-crit|p1a: Slither Wing
|-damage|p1a: Slither Wing|63/100
|
|t:|1779603666
|switch|p2a: Arcanine|Arcanine-Hisui, F|100/100|[from] U-turn
|
|upkeep
|turn|16
|
|t:|1779603674
|-end|p1a: Slither Wing|Protosynthesis|[silent]
|switch|p1a: Garganacl|Garganacl, M|100/100
|move|p2a: Arcanine|Flare Blitz|p1a: Garganacl
|-resisted|p1a: Garganacl
|-damage|p1a: Garganacl|71/100
|
|-heal|p1a: Garganacl|78/100|[from] item: Leftovers
|upkeep
|turn|17
|
|t:|1779603682
|switch|p2a: Slowking|Slowking-Galar, M|61/100
|move|p1a: Garganacl|Salt Cure|p2a: Slowking
|-damage|p2a: Slowking|45/100
|-start|p2a: Slowking|Salt Cure
|
|-heal|p1a: Garganacl|84/100|[from] item: Leftovers
|-damage|p2a: Slowking|32/100|[from] Salt Cure
|upkeep
|turn|18
|
|t:|1779603691
|move|p1a: Garganacl|Salt Cure|p2a: Slowking
|-damage|p2a: Slowking|19/100
|move|p2a: Slowking|Future Sight|p1a: Garganacl
|-start|p2a: Slowking|move: Future Sight
|
|-heal|p1a: Garganacl|90/100|[from] item: Leftovers
|-damage|p2a: Slowking|6/100|[from] Salt Cure
|upkeep
|turn|19
|
|t:|1779603700
|switch|p2a: Corviknight|Corviknight, M|79/100
|-ability|p2a: Corviknight|Pressure
|move|p1a: Garganacl|Salt Cure|p2a: Corviknight
|-damage|p2a: Corviknight|70/100
|-start|p2a: Corviknight|Salt Cure
|
|-heal|p1a: Garganacl|96/100|[from] item: Leftovers
|-damage|p2a: Corviknight|45/100|[from] Salt Cure
|upkeep
|turn|20
|
|t:|1779603723
|switch|p1a: Latias|Latias, F|100/100
|move|p2a: Corviknight|Body Press|p1a: Latias
|-resisted|p1a: Latias
|-damage|p1a: Latias|88/100
|-enditem|p1a: Latias|Kee Berry|[eat]
|-boost|p1a: Latias|def|1|[from] item: Kee Berry
|
|-end|p1a: Latias|move: Future Sight
|-resisted|p1a: Latias
|-damage|p1a: Latias|72/100
|-damage|p2a: Corviknight|21/100|[from] Salt Cure
|upkeep
|turn|21
|
|t:|1779603736
|switch|p2a: Slowking|Slowking-Galar, M|39/100
|move|p1a: Latias|Calm Mind|p1a: Latias
|-boost|p1a: Latias|spa|1
|-boost|p1a: Latias|spd|1
|
|upkeep
|turn|22
|
|t:|1779603747
|switch|p2a: Dragapult|Dragapult, F|57/100
|move|p1a: Latias|Calm Mind|p1a: Latias
|-boost|p1a: Latias|spa|1
|-boost|p1a: Latias|spd|1
|
|upkeep
|turn|23
|
|t:|1779603761
|-terastallize|p1a: Latias|Poison
|move|p2a: Dragapult|Draco Meteor|p1a: Latias
|-damage|p1a: Latias|42/100
|-unboost|p2a: Dragapult|spa|2
|move|p1a: Latias|Draining Kiss|p2a: Dragapult
|-supereffective|p2a: Dragapult
|-damage|p2a: Dragapult|0 fnt
|-heal|p1a: Latias|80/100|[from] drain|[of] p2a: Dragapult
|faint|p2a: Dragapult
|
|upkeep
|
|t:|1779603780
|switch|p2a: Slowking|Slowking-Galar, M|73/100
|turn|24
|
|t:|1779603788
|move|p1a: Latias|Stored Power|p2a: Slowking
|-damage|p2a: Slowking|12/100
|move|p2a: Slowking|Psychic Noise|p1a: Latias
|-supereffective|p1a: Latias
|-damage|p1a: Latias|59/100
|-start|p1a: Latias|move: Heal Block
|
|upkeep
|turn|25
|
|t:|1779603799
|switch|p2a: Kingambit|Kingambit, M|63/100
|-activate|p2a: Kingambit|ability: Supreme Overlord
|-start|p2a: Kingambit|fallen1|[silent]
|move|p1a: Latias|Stored Power|p2a: Kingambit
|-immune|p2a: Kingambit
|
|-heal|p2a: Kingambit|69/100|[from] item: Leftovers
|-end|p1a: Latias|move: Heal Block
|upkeep
|turn|26
|
|t:|1779603811
|move|p1a: Latias|Draining Kiss|p2a: Kingambit
|-damage|p2a: Kingambit|41/100
|-heal|p1a: Latias|83/100|[from] drain|[of] p2a: Kingambit
|move|p2a: Kingambit|Kowtow Cleave|p1a: Latias
|-damage|p1a: Latias|49/100
|
|-heal|p2a: Kingambit|47/100|[from] item: Leftovers
|upkeep
|turn|27
|
|t:|1779603821
|move|p2a: Kingambit|Sucker Punch|p1a: Latias
|-damage|p1a: Latias|22/100
|move|p1a: Latias|Draining Kiss|p2a: Kingambit
|-damage|p2a: Kingambit|19/100
|-heal|p1a: Latias|46/100|[from] drain|[of] p2a: Kingambit
|
|-heal|p2a: Kingambit|25/100|[from] item: Leftovers
|upkeep
|turn|28
|
|t:|1779603829
|move|p2a: Kingambit|Sucker Punch||[still]
|-fail|p2a: Kingambit
|move|p1a: Latias|Recover|p1a: Latias
|-heal|p1a: Latias|96/100
|
|-heal|p2a: Kingambit|31/100|[from] item: Leftovers
|upkeep
|turn|29
|
|t:|1779603835
|move|p1a: Latias|Draining Kiss|p2a: Kingambit
|-damage|p2a: Kingambit|4/100
|-heal|p1a: Latias|100/100|[from] drain|[of] p2a: Kingambit
|move|p2a: Kingambit|Kowtow Cleave|p1a: Latias
|-damage|p1a: Latias|70/100
|
|-heal|p2a: Kingambit|11/100|[from] item: Leftovers
|upkeep
|turn|30
|
|t:|1779603844
|move|p2a: Kingambit|Sucker Punch||[still]
|-fail|p2a: Kingambit
|move|p1a: Latias|Recover|p1a: Latias
|-heal|p1a: Latias|100/100
|
|-heal|p2a: Kingambit|17/100|[from] item: Leftovers
|upkeep
|turn|31
|-message|nerdy_head forfeited.
|
|win|wuxianta
|raw|wuxianta's rating: 1500 &rarr; <strong>1517</strong><br />(+17 for winning)
|raw|nerdy_head's rating: 1456 &rarr; <strong>1439</strong><br />(-17 for losing)
|l|☆wuxianta
|player|p1|
