|j|☆ZineZine
|j|☆gym by
|t:|1779567049
|gametype|singles
|player|p1|ZineZine|elesa-gen5bw2|1102
|player|p2|gym by|benga|1059
|gen|9
|tier|[Gen 9] OU
|rated|
|rule|HP Percentage Mod: HP is shown in percentages
|rule|Endless Battle Clause: Forcing endless battles is banned
|rule|Species Clause: Limit one of each Pokémon
|rule|OHKO Clause: OHKO moves are banned
|rule|Evasion Items Clause: Evasion items are banned
|rule|Evasion Moves Clause: Evasion moves are banned
|rule|Evasion Abilities Clause: Evasion abilities are banned
|rule|Sleep Moves Clause: Sleep-inducing moves are banned
|clearpoke
|poke|p1|Gliscor, F|
|poke|p1|Dragonite, M|
|poke|p1|Hatterene, F|
|poke|p1|Glimmora, M|
|poke|p1|Samurott-Hisui, F|
|poke|p1|Kommo-o, M|
|poke|p2|Reuniclus, M|
|poke|p2|Hawlucha, F|
|poke|p2|Sylveon, F|
|poke|p2|Garchomp, F|
|poke|p2|Greninja-*, M|
|poke|p2|Cramorant, M|
|teampreview
|inactive|Battle timer is ON: inactive players will automatically lose when time's up. (requested by gym by)
|inactive|gym by has 120 seconds left.
|
|t:|1779567086
|teamsize|p1|6
|teamsize|p2|6
|start
|switch|p1a: Glimmora|Glimmora, M, shiny|100/100
|switch|p2a: Cramorant|Cramorant, M, shiny|100/100
|turn|1
|
|t:|1779567096
|move|p1a: Glimmora|Stealth Rock|p2a: Cramorant
|-sidestart|p2: gym by|move: Stealth Rock
|move|p2a: Cramorant|Surf|p1a: Glimmora
|-formechange|p2a: Cramorant|Cramorant-Gulping|
|-supereffective|p1a: Glimmora
|-damage|p1a: Glimmora|34/100
|
|upkeep
|turn|2
|
|t:|1779567106
|move|p1a: Glimmora|Spikes|p2a: Cramorant
|-sidestart|p2: gym by|Spikes
|move|p2a: Cramorant|Defog|p1a: Glimmora
|-unboost|p1a: Glimmora|evasion|1
|-sideend|p2: gym by|Spikes|[from] move: Defog|[of] p2a: Cramorant
|-sideend|p2: gym by|Stealth Rock|[from] move: Defog|[of] p2a: Cramorant
|
|upkeep
|turn|3
|
|t:|1779567114
|move|p1a: Glimmora|Mortal Spin|p2a: Cramorant
|-damage|p2a: Cramorant|94/100
|-status|p2a: Cramorant|psn
|-damage|p1a: Glimmora|9/100|[from] ability: Gulp Missile|[of] p2a: Cramorant
|-unboost|p1a: Glimmora|def|1
|-formechange|p2a: Cramorant|Cramorant|
|move|p2a: Cramorant|Surf|p1a: Glimmora
|-formechange|p2a: Cramorant|Cramorant-Gulping|
|-supereffective|p1a: Glimmora
|-damage|p1a: Glimmora|0 fnt
|faint|p1a: Glimmora
|
|-damage|p2a: Cramorant|82/100 psn|[from] psn
|upkeep
|
|t:|1779567127
|switch|p1a: Kommo-o|Kommo-o, M|100/100
|turn|4
|
|t:|1779567148
|-terastallize|p1a: Kommo-o|Normal
|move|p1a: Kommo-o|Clangorous Soul|p1a: Kommo-o
|-boost|p1a: Kommo-o|atk|1
|-boost|p1a: Kommo-o|def|1
|-boost|p1a: Kommo-o|spa|1
|-boost|p1a: Kommo-o|spd|1
|-boost|p1a: Kommo-o|spe|1
|-damage|p1a: Kommo-o|68/100
|-enditem|p1a: Kommo-o|Throat Spray
|-boost|p1a: Kommo-o|spa|1|[from] item: Throat Spray
|move|p2a: Cramorant|Surf|p1a: Kommo-o
|-damage|p1a: Kommo-o|46/100
|
|-damage|p2a: Cramorant|70/100 psn|[from] psn
|upkeep
|turn|5
|
|t:|1779567168
|move|p1a: Kommo-o|Boomburst|p2a: Cramorant
|-damage|p2a: Cramorant|0 fnt
|-damage|p1a: Kommo-o|21/100|[from] ability: Gulp Missile|[of] p2a: Cramorant
|-unboost|p1a: Kommo-o|def|1
|-formechange|p2a: Cramorant|Cramorant|
|faint|p2a: Cramorant
|
|upkeep
|inactive|gym by has 120 seconds left.
|
|t:|1779567187
|switch|p2a: Hawlucha|Hawlucha, F|100/100
|turn|6
|inactive|gym by has 120 seconds left.
|
|t:|1779567202
|move|p1a: Kommo-o|Boomburst|p2a: Hawlucha
|-damage|p2a: Hawlucha|0 fnt
|faint|p2a: Hawlucha
|
|upkeep
|
|t:|1779567207
|switch|p2a: Sylveon|Sylveon, F|100/100
|turn|7
|
|t:|1779567212
|move|p1a: Kommo-o|Boomburst|p2a: Sylveon
|-damage|p2a: Sylveon|14/100
|move|p2a: Sylveon|Draining Kiss|p1a: Kommo-o
|-damage|p1a: Kommo-o|0 fnt
|-heal|p2a: Sylveon|26/100|[from] drain|[of] p1a: Kommo-o
|faint|p1a: Kommo-o
|
|upkeep
|
|t:|1779567224
|switch|p1a: Yumeno|Hatterene, F, shiny|100/100
|turn|8
|
|t:|1779567235
|switch|p2a: Greninja|Greninja, M|100/100
|move|p1a: Yumeno|Psychic|p2a: Greninja
|-immune|p2a: Greninja
|
|upkeep
|turn|9
|
|t:|1779567251
|switch|p2a: Reuniclus|Reuniclus, M|100/100
|move|p1a: Yumeno|Dazzling Gleam|p2a: Reuniclus
|-damage|p2a: Reuniclus|70/100
|
|upkeep
|turn|10
|
|t:|1779567264
|move|p1a: Yumeno|Nuzzle|p2a: Reuniclus
|-damage|p2a: Reuniclus|66/100
|-status|p2a: Reuniclus|par
|move|p2a: Reuniclus|Knock Off|p1a: Yumeno
|-damage|p1a: Yumeno|84/100
|-enditem|p1a: Yumeno|Leftovers|[from] move: Knock Off|[of] p2a: Reuniclus
|
|upkeep
|turn|11
|inactive|gym by has 120 seconds left.
|
|t:|1779567279
|move|p1a: Yumeno|Dazzling Gleam|p2a: Reuniclus
|-damage|p2a: Reuniclus|35/100 par
|move|p2a: Reuniclus|Focus Blast|p1a: Yumeno|[miss]
|-miss|p2a: Reuniclus|p1a: Yumeno
|
|upkeep
|turn|12
|inactive|gym by has 120 seconds left.
|
|t:|1779567302
|move|p1a: Yumeno|Dazzling Gleam|p2a: Reuniclus
|-damage|p2a: Reuniclus|4/100 par
|move|p2a: Reuniclus|Psychic Noise|p1a: Yumeno
|-resisted|p1a: Yumeno
|-crit|p1a: Yumeno
|-damage|p1a: Yumeno|45/100
|-start|p1a: Yumeno|move: Heal Block
|
|upkeep
|turn|13
|
|t:|1779567323
|move|p1a: Yumeno|Dazzling Gleam|p2a: Reuniclus
|-damage|p2a: Reuniclus|0 fnt
|faint|p2a: Reuniclus
|
|-end|p1a: Yumeno|move: Heal Block
|upkeep
|inactive|gym by has 90 seconds left.
|
|t:|1779567340
|switch|p2a: Garchomp|Garchomp, F|100/100
|turn|14
|
|t:|1779567349
|move|p1a: Yumeno|Dazzling Gleam|p2a: Garchomp
|-supereffective|p2a: Garchomp
|-damage|p2a: Garchomp|38/100
|move|p2a: Garchomp|Dragon Tail|p1a: Yumeno
|-immune|p1a: Yumeno
|
|upkeep
|turn|15
|
|t:|1779567357
|move|p2a: Garchomp|Earthquake|p1a: Yumeno
|-damage|p1a: Yumeno|8/100
|move|p1a: Yumeno|Dazzling Gleam|p2a: Garchomp
|-supereffective|p2a: Garchomp
|-damage|p2a: Garchomp|0 fnt
|faint|p2a: Garchomp
|
|upkeep
|inactive|gym by has 90 seconds left.
|inactive|gym by has 60 seconds left.
|
|t:|1779567413
|switch|p2a: Greninja|Greninja, M|100/100
|turn|16
|
|t:|1779567422
|move|p2a: Greninja|Ice Beam|p1a: Yumeno
|-damage|p1a: Yumeno|0 fnt
|faint|p1a: Yumeno
|-ability|p2a: Greninja|Battle Bond|boost
|-boost|p2a: Greninja|atk|1
|-boost|p2a: Greninja|spa|1
|-boost|p2a: Greninja|spe|1
|-activate|p2a: Greninja|ability: Battle Bond
|-damage|p2a: Greninja|91/100|[from] item: Life Orb
|
|upkeep
|
|t:|1779567433
|switch|p1a: Samurott|Samurott-Hisui, F, shiny|100/100
|turn|17
|inactive|gym by has 60 seconds left.
|
|t:|1779567446
|switch|p2a: Sylveon|Sylveon, F|26/100
|move|p1a: Samurott|Knock Off|p2a: Sylveon
|-resisted|p2a: Sylveon
|-damage|p2a: Sylveon|0 fnt
|-enditem|p2a: Sylveon|Choice Specs|[from] move: Knock Off|[of] p1a: Samurott
|faint|p2a: Sylveon
|
|upkeep
|inactive|gym by has 60 seconds left.
|
|t:|1779567463
|switch|p2a: Greninja|Greninja, M|91/100
|turn|18
|
|t:|1779567468
|move|p2a: Greninja|Dark Pulse|p1a: Samurott
|-resisted|p1a: Samurott
|-damage|p1a: Samurott|64/100
|-damage|p2a: Greninja|81/100|[from] item: Life Orb
|move|p1a: Samurott|Sacred Sword|p2a: Greninja
|-supereffective|p2a: Greninja
|-damage|p2a: Greninja|0 fnt
|faint|p2a: Greninja
|
|win|ZineZine
|raw|ZineZine's rating: 1102 &rarr; <strong>1124</strong><br />(+22 for winning)
|raw|gym by's rating: 1059 &rarr; <strong>1042</strong><br />(-17 for losing)
