|j|☆Naiwrath
|j|☆yoki
|t:|1779682386
|gametype|singles
|player|p1|Naiwrath|266|1371
|player|p2|yoki|2|1330
|gen|9
|tier|[Gen 9] OU
|rated|
|rule|HP Percentage Mod: HP is shown in percentages
|rule|Endless Battle Clause: Forcing endless battles is banned
|rule|Species Clause: Limit one of each Pokémon
|rule|OHKO Clause: OHKO moves are banned
|rule|Evasion Items Clause: Evasion items are banned
|rule|Evasion Moves Clause: Evasion moves are banned
|rule|Evasion Abilities Clause: Evasion abilities are banned
|rule|Sleep Moves Clause: Sleep-inducing moves are banned
|clearpoke
|poke|p1|Cramorant, F|
|poke|p1|Gallade, M|
|poke|p1|Kingambit, F|
|poke|p1|Iron Moth|
|poke|p1|Enamorus, F|
|poke|p1|Great Tusk|
|poke|p2|Slowking-Galar, M|
|poke|p2|Great Tusk|
|poke|p2|Kyurem|
|poke|p2|Iron Hands|
|poke|p2|Darkrai|
|poke|p2|Zapdos|
|teampreview
|inactive|Battle timer is ON: inactive players will automatically lose when time's up. (requested by Naiwrath)
|
|t:|1779682404
|teamsize|p1|6
|teamsize|p2|6
|start
|switch|p1a: Cramorant|Cramorant, F, shiny|100/100
|switch|p2a: Iron Hands|Iron Hands|100/100
|turn|1
|
|t:|1779682412
|-end|p2a: Iron Hands|Quark Drive|[silent]
|switch|p2a: Slowking|Slowking-Galar, M|100/100
|move|p1a: Cramorant|Surf|p2a: Slowking
|-formechange|p1a: Cramorant|Cramorant-Gulping|
|-damage|p2a: Slowking|76/100
|
|upkeep
|turn|2
|
|t:|1779682415
|move|p1a: Cramorant|Tailwind|p1a: Cramorant
|-sidestart|p1: Naiwrath|move: Tailwind
|move|p2a: Slowking|Thunder Wave|p1a: Cramorant
|-status|p1a: Cramorant|par
|
|upkeep
|turn|3
|
|t:|1779682423
|cant|p1a: Cramorant|par
|move|p2a: Slowking|Future Sight|p1a: Cramorant
|-start|p2a: Slowking|move: Future Sight
|
|upkeep
|turn|4
|
|t:|1779682428
|move|p1a: Cramorant|Surf|p2a: Slowking
|-damage|p2a: Slowking|54/100
|-prepare|p2a: Slowking|Chilly Reception|[premajor]
|move|p2a: Slowking|Chilly Reception|p2a: Slowking
|-weather|Snowscape
|
|t:|1779682435
|switch|p2a: Zapdos|Zapdos, shiny|100/100|[from] Chilly Reception
|
|-weather|Snowscape|[upkeep]
|upkeep
|turn|5
|
|t:|1779682448
|switch|p2a: Slowking|Slowking-Galar, M|87/100
|cant|p1a: Cramorant|par
|
|-weather|Snowscape|[upkeep]
|-end|p1a: Cramorant|move: Future Sight
|-damage|p1a: Cramorant|42/100 par
|-damage|p2a: Slowking|62/100|[from] ability: Gulp Missile|[of] p1a: Cramorant
|-unboost|p2a: Slowking|def|1
|-formechange|p1a: Cramorant|Cramorant|
|-sideend|p1: Naiwrath|move: Tailwind
|upkeep
|turn|6
|
|t:|1779682478
|switch|p2a: Zapdos|Zapdos, shiny|100/100
|move|p1a: Cramorant|Surf|p2a: Zapdos
|-formechange|p1a: Cramorant|Cramorant-Gorging|
|-damage|p2a: Zapdos|60/100
|
|-weather|Snowscape|[upkeep]
|upkeep
|turn|7
|
|t:|1779682487
|move|p2a: Zapdos|Roost|p2a: Zapdos
|-heal|p2a: Zapdos|100/100
|-singleturn|p2a: Zapdos|move: Roost
|move|p1a: Cramorant|Surf|p2a: Zapdos
|-crit|p2a: Zapdos
|-damage|p2a: Zapdos|45/100
|
|-weather|Snowscape|[upkeep]
|upkeep
|turn|8
|
|t:|1779682490
|move|p2a: Zapdos|Roost|p2a: Zapdos
|-heal|p2a: Zapdos|96/100
|-singleturn|p2a: Zapdos|move: Roost
|move|p1a: Cramorant|Surf|p2a: Zapdos
|-damage|p2a: Zapdos|59/100
|
|-weather|none
|upkeep
|turn|9
|
|t:|1779682495
|move|p2a: Zapdos|Volt Switch|p1a: Cramorant
|-supereffective|p1a: Cramorant
|-damage|p1a: Cramorant|0 fnt
|-damage|p2a: Zapdos|34/100|[from] ability: Gulp Missile|[of] p1a: Cramorant
|-formechange|p1a: Cramorant|Cramorant|
|faint|p1a: Cramorant
|
|t:|1779682507
|switch|p2a: Darkrai|Darkrai|100/100|[from] Volt Switch
|
|upkeep
|
|t:|1779682509
|switch|p1a: Enamorus|Enamorus, F|100/100
|turn|10
|
|t:|1779682511
|switch|p2a: Slowking|Slowking-Galar, M|95/100
|move|p1a: Enamorus|Moonblast|p2a: Slowking
|-resisted|p2a: Slowking
|-damage|p2a: Slowking|81/100
|
|upkeep
|turn|11
|
|t:|1779682517
|switch|p1a: Gallade|Gallade, M|100/100
|-prepare|p2a: Slowking|Chilly Reception|[premajor]
|move|p2a: Slowking|Chilly Reception|p2a: Slowking
|-weather|Snowscape
|
|t:|1779682526
|switch|p2a: Iron Hands|Iron Hands|100/100|[from] Chilly Reception
|
|-weather|Snowscape|[upkeep]
|upkeep
|turn|12
|
|t:|1779682532
|move|p1a: Gallade|Psycho Cut|p2a: Iron Hands
|-supereffective|p2a: Iron Hands
|-damage|p2a: Iron Hands|24/100
|move|p2a: Iron Hands|Earthquake|p1a: Gallade
|-damage|p1a: Gallade|27/100
|
|-weather|Snowscape|[upkeep]
|upkeep
|turn|13
|
|t:|1779682537
|move|p1a: Gallade|Psycho Cut|p2a: Iron Hands
|-supereffective|p2a: Iron Hands
|-damage|p2a: Iron Hands|0 fnt
|faint|p2a: Iron Hands
|-end|p2a: Iron Hands|Quark Drive|[silent]
|
|-weather|Snowscape|[upkeep]
|upkeep
|
|t:|1779682545
|switch|p2a: Darkrai|Darkrai|100/100
|turn|14
|
|t:|1779682550
|move|p1a: Gallade|Shadow Sneak|p2a: Darkrai
|-resisted|p2a: Darkrai
|-damage|p2a: Darkrai|91/100
|move|p2a: Darkrai|Dark Pulse|p1a: Gallade
|-damage|p1a: Gallade|0 fnt
|faint|p1a: Gallade
|
|-weather|Snowscape|[upkeep]
|upkeep
|
|t:|1779682555
|switch|p1a: Enamorus|Enamorus, F|100/100
|turn|15
|
|t:|1779682559
|switch|p2a: Slowking|Slowking-Galar, M|100/100
|move|p1a: Enamorus|Moonblast|p2a: Slowking
|-resisted|p2a: Slowking
|-damage|p2a: Slowking|85/100
|-unboost|p2a: Slowking|spa|1
|
|-weather|none
|upkeep
|turn|16
|
|t:|1779682562
|move|p1a: Enamorus|Earth Power|p2a: Slowking
|-supereffective|p2a: Slowking
|-damage|p2a: Slowking|46/100
|-prepare|p2a: Slowking|Chilly Reception|[premajor]
|move|p2a: Slowking|Chilly Reception|p2a: Slowking
|-weather|Snowscape
|
|t:|1779682573
|switch|p2a: Kyurem|Kyurem|100/100|[from] Chilly Reception
|-ability|p2a: Kyurem|Pressure
|
|-weather|Snowscape|[upkeep]
|upkeep
|turn|17
|
|t:|1779682577
|-terastallize|p2a: Kyurem|Ice
|move|p1a: Enamorus|Moonblast|p2a: Kyurem
|-damage|p2a: Kyurem|56/100
|-unboost|p2a: Kyurem|spa|1
|move|p2a: Kyurem|Blizzard|p1a: Enamorus
|-supereffective|p1a: Enamorus
|-enditem|p1a: Enamorus|Focus Sash
|-damage|p1a: Enamorus|1/100
|
|-weather|Snowscape|[upkeep]
|upkeep
|turn|18
|
|t:|1779682587
|switch|p2a: Slowking|Slowking-Galar, M|80/100
|move|p1a: Enamorus|Superpower|p2a: Slowking
|-resisted|p2a: Slowking
|-damage|p2a: Slowking|73/100
|-boost|p1a: Enamorus|atk|1
|-boost|p1a: Enamorus|def|1
|
|-weather|Snowscape|[upkeep]
|upkeep
|turn|19
|
|t:|1779682595
|move|p1a: Enamorus|Healing Wish|p1a: Enamorus
|faint|p1a: Enamorus
|move|p2a: Slowking|Sludge Bomb|p1: Enamorus|[notarget]
|-fail|p2a: Slowking
|
|-weather|Snowscape|[upkeep]
|upkeep
|
|t:|1779682602
|switch|p1a: Great Tusk|Great Tusk, shiny|100/100
|-enditem|p1a: Great Tusk|Booster Energy
|-activate|p1a: Great Tusk|ability: Protosynthesis|[fromitem]
|-start|p1a: Great Tusk|protosynthesisatk
|turn|20
|
|t:|1779682611
|switch|p2a: Zapdos|Zapdos, shiny|34/100
|move|p1a: Great Tusk|Rapid Spin|p2a: Zapdos
|-damage|p2a: Zapdos|17/100
|-boost|p1a: Great Tusk|spe|1
|
|-weather|none
|upkeep
|turn|21
|
|t:|1779682619
|move|p1a: Great Tusk|Rapid Spin|p2a: Zapdos
|-damage|p2a: Zapdos|0 fnt
|-boost|p1a: Great Tusk|spe|1
|-status|p1a: Great Tusk|par|[from] ability: Static|[of] p2a: Zapdos
|faint|p2a: Zapdos
|
|upkeep
|
|t:|1779682621
|switch|p2a: Kyurem|Kyurem, tera:Ice|56/100
|-ability|p2a: Kyurem|Pressure
|turn|22
|
|t:|1779682646
|-end|p1a: Great Tusk|Protosynthesis|[silent]
|switch|p1a: Iron Moth|Iron Moth|100/100
|-enditem|p1a: Iron Moth|Booster Energy
|-activate|p1a: Iron Moth|ability: Quark Drive|[fromitem]
|-start|p1a: Iron Moth|quarkdrivespe
|move|p2a: Kyurem|Ice Beam|p1a: Iron Moth
|-resisted|p1a: Iron Moth
|-damage|p1a: Iron Moth|57/100
|-status|p1a: Iron Moth|frz
|
|upkeep
|turn|23
|inactive|yoki has 120 seconds left.
|
|t:|1779682681
|switch|p2a: Slowking|Slowking-Galar, M|100/100
|cant|p1a: Iron Moth|frz
|
|upkeep
|turn|24
|
|t:|1779682685
|-curestatus|p1a: Iron Moth|frz|[msg]
|move|p1a: Iron Moth|Fiery Dance|p2a: Slowking
|-damage|p2a: Slowking|76/100
|move|p2a: Slowking|Future Sight|p1a: Iron Moth
|-start|p2a: Slowking|move: Future Sight
|
|upkeep
|turn|25
|inactive|yoki has 120 seconds left.
|inactive|yoki has 90 seconds left.
|
|t:|1779682741
|move|p1a: Iron Moth|Fiery Dance|p2a: Slowking
|-damage|p2a: Slowking|52/100
|move|p2a: Slowking|Thunder Wave|p1a: Iron Moth
|-status|p1a: Iron Moth|par
|
|upkeep
|turn|26
|
|t:|1779682758
|-end|p1a: Iron Moth|Quark Drive|[silent]
|switch|p1a: Kingambit|Kingambit, F|100/100
|-activate|p1a: Kingambit|ability: Supreme Overlord
|-start|p1a: Kingambit|fallen3|[silent]
|-prepare|p2a: Slowking|Chilly Reception|[premajor]
|move|p2a: Slowking|Chilly Reception|p2a: Slowking
|-weather|Snowscape
|inactive|yoki has 90 seconds left.
|
|t:|1779682794
|switch|p2a: Great Tusk|Great Tusk|100/100|[from] Chilly Reception
|
|-weather|Snowscape|[upkeep]
|-end|p1a: Kingambit|move: Future Sight
|-immune|p1a: Kingambit
|upkeep
|turn|27
|
|t:|1779682798
|-end|p1a: Kingambit|fallen3|[silent]
|switch|p1a: Great Tusk|Great Tusk, shiny|100/100 par
|-heal|p1a: Great Tusk|100/100|[from] move: Healing Wish
|move|p2a: Great Tusk|Close Combat|p1a: Great Tusk
|-damage|p1a: Great Tusk|53/100
|-unboost|p2a: Great Tusk|def|1
|-unboost|p2a: Great Tusk|spd|1
|
|-weather|Snowscape|[upkeep]
|upkeep
|turn|28
|inactive|yoki has 60 seconds left.
|inactive|yoki has 30 seconds left.
|
|t:|1779682858
|move|p2a: Great Tusk|Ice Spinner|p1a: Great Tusk
|-supereffective|p1a: Great Tusk
|-damage|p1a: Great Tusk|16/100
|move|p1a: Great Tusk|Headlong Rush|p2a: Great Tusk
|-damage|p2a: Great Tusk|30/100
|-unboost|p1a: Great Tusk|def|1
|-unboost|p1a: Great Tusk|spd|1
|
|-weather|Snowscape|[upkeep]
|-heal|p2a: Great Tusk|36/100|[from] item: Leftovers
|upkeep
|turn|29
|inactive|yoki has 30 seconds left.
|
|t:|1779682866
|move|p1a: Great Tusk|Headlong Rush|p2a: Great Tusk
|-damage|p2a: Great Tusk|0 fnt
|-unboost|p1a: Great Tusk|def|1
|-unboost|p1a: Great Tusk|spd|1
|faint|p2a: Great Tusk
|-end|p2a: Great Tusk|Protosynthesis|[silent]
|
|-weather|Snowscape|[upkeep]
|upkeep
|inactive|yoki has 30 seconds left.
|
|t:|1779682874
|switch|p2a: Kyurem|Kyurem, tera:Ice|56/100
|-ability|p2a: Kyurem|Pressure
|turn|30
|
|t:|1779682882
|-end|p1a: Great Tusk|Protosynthesis|[silent]
|switch|p1a: Kingambit|Kingambit, F|100/100
|-activate|p1a: Kingambit|ability: Supreme Overlord
|-start|p1a: Kingambit|fallen3|[silent]
|move|p2a: Kyurem|Earth Power|p1a: Kingambit
|-supereffective|p1a: Kingambit
|-damage|p1a: Kingambit|0 fnt
|faint|p1a: Kingambit
|-end|p1a: Kingambit|fallen3|[silent]
|
|-weather|none
|upkeep
|
|t:|1779682890
|switch|p1a: Great Tusk|Great Tusk, shiny|16/100
|turn|31
|-message|Naiwrath forfeited.
|
|win|yoki
|raw|Naiwrath's rating: 1371 &rarr; <strong>1349</strong><br />(-22 for losing)
|raw|yoki's rating: 1330 &rarr; <strong>1352</strong><br />(+22 for winning)
|l|☆Naiwrath
|player|p1|
|l|☆yoki
|player|p2|
