|j|☆frigobarinox
|j|☆hat40
|t:|1779558943
|gametype|singles
|player|p1|frigobarinox|veteran|1175
|player|p2|hat40|1|1228
|gen|9
|tier|[Gen 9] OU
|rated|
|rule|HP Percentage Mod: HP is shown in percentages
|rule|Endless Battle Clause: Forcing endless battles is banned
|rule|Species Clause: Limit one of each Pokémon
|rule|OHKO Clause: OHKO moves are banned
|rule|Evasion Items Clause: Evasion items are banned
|rule|Evasion Moves Clause: Evasion moves are banned
|rule|Evasion Abilities Clause: Evasion abilities are banned
|rule|Sleep Moves Clause: Sleep-inducing moves are banned
|clearpoke
|poke|p1|Tyranitar, M|
|poke|p1|Amoonguss, M|
|poke|p1|Skeledirge, M|
|poke|p1|Corviknight, M|
|poke|p1|Great Tusk|
|poke|p1|Walking Wake|
|poke|p2|Pelipper, F|
|poke|p2|Manaphy|
|poke|p2|Bruxish, M|
|poke|p2|Overqwil, F|
|poke|p2|Iron Treads|
|poke|p2|Raging Bolt|
|teampreview
|
|t:|1779558954
|teamsize|p1|6
|teamsize|p2|6
|start
|switch|p1a: Tyranitar|Tyranitar, M, shiny|100/100
|switch|p2a: Bruxish|Bruxish, M|100/100
|-weather|Sandstorm|[from] ability: Sand Stream|[of] p1a: Tyranitar
|turn|1
|
|t:|1779558963
|move|p2a: Bruxish|Flip Turn|p1a: Tyranitar
|-supereffective|p1a: Tyranitar
|-damage|p1a: Tyranitar|46/100
|
|t:|1779558966
|switch|p2a: Iron Treads|Iron Treads|100/100|[from] Flip Turn
|-enditem|p2a: Iron Treads|Booster Energy
|-activate|p2a: Iron Treads|ability: Quark Drive|[fromitem]
|-start|p2a: Iron Treads|quarkdrivespe
|move|p1a: Tyranitar|Knock Off|p2a: Iron Treads
|-damage|p2a: Iron Treads|72/100
|
|-weather|Sandstorm|[upkeep]
|upkeep
|turn|2
|
|t:|1779558984
|switch|p1a: Amoonguss|Amoonguss, M|100/100
|move|p2a: Iron Treads|Stealth Rock|p1a: Amoonguss
|-sidestart|p1: frigobarinox|move: Stealth Rock
|
|-weather|Sandstorm|[upkeep]
|-damage|p1a: Amoonguss|94/100|[from] Sandstorm
|-heal|p1a: Amoonguss|100/100|[from] item: Leftovers
|upkeep
|turn|3
|
|t:|1779558993
|move|p2a: Iron Treads|Knock Off|p1a: Amoonguss
|-damage|p1a: Amoonguss|74/100
|-enditem|p1a: Amoonguss|Leftovers|[from] move: Knock Off|[of] p2a: Iron Treads
|move|p1a: Amoonguss|Energy Ball|p2a: Iron Treads
|-damage|p2a: Iron Treads|34/100
|
|-weather|Sandstorm|[upkeep]
|-damage|p1a: Amoonguss|68/100|[from] Sandstorm
|upkeep
|turn|4
|
|t:|1779559005
|move|p2a: Iron Treads|Earthquake|p1a: Amoonguss
|-damage|p1a: Amoonguss|30/100
|move|p1a: Amoonguss|Giga Drain|p2a: Iron Treads
|-damage|p2a: Iron Treads|3/100
|-heal|p1a: Amoonguss|44/100|[from] drain|[of] p2a: Iron Treads
|
|-weather|Sandstorm|[upkeep]
|-damage|p1a: Amoonguss|38/100|[from] Sandstorm
|upkeep
|turn|5
|
|t:|1779559014
|move|p2a: Iron Treads|Earthquake|p1a: Amoonguss
|-damage|p1a: Amoonguss|0 fnt
|faint|p1a: Amoonguss
|
|-weather|none
|upkeep
|
|t:|1779559019
|switch|p1a: Corviknight|Corviknight, M, shiny|100/100
|turn|6
|
|t:|1779559025
|move|p2a: Iron Treads|Knock Off|p1a: Corviknight
|-damage|p1a: Corviknight|79/100
|-enditem|p1a: Corviknight|Heavy-Duty Boots|[from] move: Knock Off|[of] p2a: Iron Treads
|move|p1a: Corviknight|Iron Head|p2a: Iron Treads
|-resisted|p2a: Iron Treads
|-damage|p2a: Iron Treads|0 fnt
|faint|p2a: Iron Treads
|-end|p2a: Iron Treads|Quark Drive|[silent]
|
|upkeep
|
|t:|1779559036
|switch|p2a: Pelipper|Pelipper, F|100/100
|-weather|RainDance|[from] ability: Drizzle|[of] p2a: Pelipper
|turn|7
|
|t:|1779559041
|move|p1a: Corviknight|Defog|p2a: Pelipper
|-unboost|p2a: Pelipper|evasion|1
|-sideend|p1: frigobarinox|Stealth Rock|[from] move: Defog|[of] p1a: Corviknight
|move|p2a: Pelipper|U-turn|p1a: Corviknight
|-resisted|p1a: Corviknight
|-damage|p1a: Corviknight|77/100
|
|t:|1779559053
|switch|p2a: Manaphy|Manaphy|100/100|[from] U-turn
|
|-weather|RainDance|[upkeep]
|upkeep
|turn|8
|
|t:|1779559063
|move|p2a: Manaphy|Surf|p1a: Corviknight
|-damage|p1a: Corviknight|9/100
|move|p1a: Corviknight|Drill Peck|p2a: Manaphy
|-damage|p2a: Manaphy|65/100
|
|-weather|RainDance|[upkeep]
|upkeep
|turn|9
|
|t:|1779559071
|move|p2a: Manaphy|Ice Beam|p1a: Corviknight
|-damage|p1a: Corviknight|0 fnt
|faint|p1a: Corviknight
|
|-weather|RainDance|[upkeep]
|upkeep
|
|t:|1779559080
|switch|p1a: Tyranitar|Tyranitar, M, shiny|46/100
|-weather|Sandstorm|[from] ability: Sand Stream|[of] p1a: Tyranitar
|turn|10
|
|t:|1779559086
|move|p1a: Tyranitar|Knock Off|p2a: Manaphy
|-damage|p2a: Manaphy|6/100
|-enditem|p2a: Manaphy|Mystic Water|[from] move: Knock Off|[of] p1a: Tyranitar
|move|p2a: Manaphy|Surf|p1a: Tyranitar
|-supereffective|p1a: Tyranitar
|-damage|p1a: Tyranitar|0 fnt
|faint|p1a: Tyranitar
|
|-weather|Sandstorm|[upkeep]
|-damage|p2a: Manaphy|0 fnt|[from] Sandstorm
|faint|p2a: Manaphy
|upkeep
|
|t:|1779559097
|switch|p2a: Pelipper|Pelipper, F|100/100
|switch|p1a: Great Tusk|Great Tusk|100/100
|-weather|RainDance|[from] ability: Drizzle|[of] p2a: Pelipper
|turn|11
|
|t:|1779559105
|move|p1a: Great Tusk|Rock Slide|p2a: Pelipper
|-supereffective|p2a: Pelipper
|-damage|p2a: Pelipper|52/100
|move|p2a: Pelipper|Hurricane|p1a: Great Tusk
|-supereffective|p1a: Great Tusk
|-damage|p1a: Great Tusk|0 fnt
|faint|p1a: Great Tusk
|-end|p1a: Great Tusk|Protosynthesis|[silent]
|
|-weather|RainDance|[upkeep]
|upkeep
|
|t:|1779559113
|switch|p1a: Walking Wake|Walking Wake|100/100
|-enditem|p1a: Walking Wake|Booster Energy
|-activate|p1a: Walking Wake|ability: Protosynthesis|[fromitem]
|-start|p1a: Walking Wake|protosynthesisspa
|turn|12
|
|t:|1779559118
|move|p1a: Walking Wake|Draco Meteor|p2a: Pelipper
|-damage|p2a: Pelipper|0 fnt
|-unboost|p1a: Walking Wake|spa|2
|faint|p2a: Pelipper
|
|-weather|RainDance|[upkeep]
|upkeep
|
|t:|1779559126
|switch|p2a: Raging Bolt|Raging Bolt|100/100
|-enditem|p2a: Raging Bolt|Booster Energy
|-activate|p2a: Raging Bolt|ability: Protosynthesis|[fromitem]
|-start|p2a: Raging Bolt|protosynthesisspa
|turn|13
|
|t:|1779559132
|move|p1a: Walking Wake|Draco Meteor|p2a: Raging Bolt
|-supereffective|p2a: Raging Bolt
|-damage|p2a: Raging Bolt|26/100
|-unboost|p1a: Walking Wake|spa|2
|move|p2a: Raging Bolt|Dragon Pulse|p1a: Walking Wake
|-supereffective|p1a: Walking Wake
|-damage|p1a: Walking Wake|0 fnt
|faint|p1a: Walking Wake
|-end|p1a: Walking Wake|Protosynthesis|[silent]
|
|-weather|RainDance|[upkeep]
|upkeep
|
|t:|1779559144
|switch|p1a: Skeledirge|Skeledirge, M|100/100
|turn|14
|
|t:|1779559153
|-terastallize|p1a: Skeledirge|Fairy
|move|p2a: Raging Bolt|Weather Ball|p1a: Skeledirge
|-damage|p1a: Skeledirge|48/100
|move|p1a: Skeledirge|Torch Song|p2a: Raging Bolt
|-resisted|p2a: Raging Bolt
|-damage|p2a: Raging Bolt|18/100
|-boost|p1a: Skeledirge|spa|1
|
|-weather|RainDance|[upkeep]
|upkeep
|turn|15
|-message|frigobarinox forfeited.
|
|win|hat40
|raw|frigobarinox's rating: 1175 &rarr; <strong>1154</strong><br />(-21 for losing)
|raw|hat40's rating: 1228 &rarr; <strong>1249</strong><br />(+21 for winning)
|l|☆frigobarinox
|player|p1|
|l|☆hat40
|player|p2|
