|j|☆Mr Tpen
|j|☆redsnow0
|t:|1779629364
|gametype|singles
|player|p1|Mr Tpen|102|1557
|player|p2|redsnow0|101|1509
|gen|9
|tier|[Gen 9] OU
|rated|
|rule|HP Percentage Mod: HP is shown in percentages
|rule|Endless Battle Clause: Forcing endless battles is banned
|rule|Species Clause: Limit one of each Pokémon
|rule|OHKO Clause: OHKO moves are banned
|rule|Evasion Items Clause: Evasion items are banned
|rule|Evasion Moves Clause: Evasion moves are banned
|rule|Evasion Abilities Clause: Evasion abilities are banned
|rule|Sleep Moves Clause: Sleep-inducing moves are banned
|clearpoke
|poke|p1|Kyurem|
|poke|p1|Hatterene, F|
|poke|p1|Darkrai|
|poke|p1|Great Tusk|
|poke|p1|Dragonite, F|
|poke|p1|Gholdengo|
|poke|p2|Dragapult, M|
|poke|p2|Zapdos|
|poke|p2|Zamazenta-*|
|poke|p2|Ogerpon-Wellspring, F|
|poke|p2|Garganacl, M|
|poke|p2|Conkeldurr, M|
|teampreview
|inactive|Battle timer is ON: inactive players will automatically lose when time's up. (requested by Mr Tpen)
|j| margival
|
|t:|1779629395
|teamsize|p1|6
|teamsize|p2|6
|start
|switch|p1a: Darkrai|Darkrai|100/100
|switch|p2a: Garganacl|Garganacl, M|100/100
|turn|1
|
|t:|1779629407
|move|p1a: Darkrai|Trick|p2a: Garganacl
|-activate|p1a: Darkrai|move: Trick|[of] p2a: Garganacl
|-item|p2a: Garganacl|Choice Scarf|[from] move: Trick
|-item|p1a: Darkrai|Leftovers|[from] move: Trick
|move|p2a: Garganacl|Stealth Rock|p1a: Darkrai
|-sidestart|p1: Mr Tpen|move: Stealth Rock
|
|upkeep
|turn|2
|
|t:|1779629415
|switch|p2a: Zapdos|Zapdos|100/100
|move|p1a: Darkrai|Ice Beam|p2a: Zapdos
|-supereffective|p2a: Zapdos
|-damage|p2a: Zapdos|56/100
|
|upkeep
|turn|3
|
|t:|1779629424
|switch|p2a: Garganacl|Garganacl, M|100/100
|move|p1a: Darkrai|Ice Beam|p2a: Garganacl
|-damage|p2a: Garganacl|78/100
|
|upkeep
|turn|4
|
|t:|1779629433
|move|p1a: Darkrai|Dark Pulse|p2a: Garganacl
|-damage|p2a: Garganacl|49/100
|move|p2a: Garganacl|Salt Cure|p1a: Darkrai
|-damage|p1a: Darkrai|81/100
|-start|p1a: Darkrai|Salt Cure
|
|-heal|p1a: Darkrai|87/100|[from] item: Leftovers
|-damage|p1a: Darkrai|75/100|[from] Salt Cure
|upkeep
|turn|5
|
|t:|1779629443
|switch|p2a: Conkeldurr|Conkeldurr, M|100/100
|move|p1a: Darkrai|Will-O-Wisp|p2a: Conkeldurr
|-status|p2a: Conkeldurr|brn
|
|-heal|p1a: Darkrai|81/100|[from] item: Leftovers
|-damage|p2a: Conkeldurr|94/100 brn|[from] brn
|-damage|p1a: Darkrai|68/100|[from] Salt Cure
|upkeep
|turn|6
|
|t:|1779629458
|switch|p1a: Great Tusk|Great Tusk|100/100
|-damage|p1a: Great Tusk|97/100|[from] Stealth Rock
|move|p2a: Conkeldurr|Drain Punch|p1a: Great Tusk
|-damage|p1a: Great Tusk|69/100
|-heal|p2a: Conkeldurr|100/100 brn|[from] drain|[of] p1a: Great Tusk
|
|-heal|p1a: Great Tusk|76/100|[from] item: Leftovers
|-damage|p2a: Conkeldurr|94/100 brn|[from] brn
|upkeep
|turn|7
|
|t:|1779629468
|move|p1a: Great Tusk|Stealth Rock|p2a: Conkeldurr
|-sidestart|p2: redsnow0|move: Stealth Rock
|move|p2a: Conkeldurr|Ice Punch|p1a: Great Tusk
|-supereffective|p1a: Great Tusk
|-damage|p1a: Great Tusk|32/100
|-status|p1a: Great Tusk|frz
|
|-heal|p1a: Great Tusk|38/100 frz|[from] item: Leftovers
|-damage|p2a: Conkeldurr|88/100 brn|[from] brn
|upkeep
|turn|8
|
|t:|1779629481
|cant|p1a: Great Tusk|frz
|move|p2a: Conkeldurr|Defog|p1a: Great Tusk
|-unboost|p1a: Great Tusk|evasion|1
|-sideend|p1: Mr Tpen|Stealth Rock|[from] move: Defog|[of] p2a: Conkeldurr
|-sideend|p2: redsnow0|Stealth Rock|[from] move: Defog|[of] p2a: Conkeldurr
|
|-heal|p1a: Great Tusk|44/100 frz|[from] item: Leftovers
|-damage|p2a: Conkeldurr|82/100 brn|[from] brn
|upkeep
|turn|9
|
|t:|1779629485
|cant|p1a: Great Tusk|frz
|move|p2a: Conkeldurr|Ice Punch|p1a: Great Tusk
|-supereffective|p1a: Great Tusk
|-damage|p1a: Great Tusk|7/100 frz
|
|-heal|p1a: Great Tusk|13/100 frz|[from] item: Leftovers
|-damage|p2a: Conkeldurr|76/100 brn|[from] brn
|upkeep
|turn|10
|
|t:|1779629491
|-curestatus|p1a: Great Tusk|frz|[msg]
|move|p1a: Great Tusk|Stealth Rock|p2a: Conkeldurr
|-sidestart|p2: redsnow0|move: Stealth Rock
|move|p2a: Conkeldurr|Drain Punch|p1a: Great Tusk
|-damage|p1a: Great Tusk|0 fnt
|-heal|p2a: Conkeldurr|83/100 brn|[from] drain|[of] p1a: Great Tusk
|faint|p1a: Great Tusk
|-end|p1a: Great Tusk|Protosynthesis|[silent]
|
|-damage|p2a: Conkeldurr|77/100 brn|[from] brn
|upkeep
|
|t:|1779629498
|switch|p1a: Gholdengo|Gholdengo|100/100
|turn|11
|
|t:|1779629504
|switch|p2a: Zapdos|Zapdos|56/100
|move|p1a: Gholdengo|Psyshock|p2a: Zapdos
|-damage|p2a: Zapdos|23/100
|
|upkeep
|turn|12
|
|t:|1779629510
|move|p1a: Gholdengo|Psyshock|p2a: Zapdos
|-damage|p2a: Zapdos|0 fnt
|faint|p2a: Zapdos
|
|upkeep
|
|t:|1779629526
|switch|p2a: Dragapult|Dragapult, M|100/100
|-damage|p2a: Dragapult|88/100|[from] Stealth Rock
|turn|13
|
|t:|1779629531
|switch|p1a: Darkrai|Darkrai|68/100
|move|p2a: Dragapult|Shadow Ball|p1a: Darkrai
|-resisted|p1a: Darkrai
|-damage|p1a: Darkrai|35/100
|
|-heal|p1a: Darkrai|41/100|[from] item: Leftovers
|upkeep
|turn|14
|
|t:|1779629542
|switch|p2a: Conkeldurr|Conkeldurr, M|77/100 brn
|-damage|p2a: Conkeldurr|71/100 brn|[from] Stealth Rock
|move|p1a: Darkrai|Ice Beam|p2a: Conkeldurr
|-damage|p2a: Conkeldurr|41/100 brn
|
|-heal|p1a: Darkrai|47/100|[from] item: Leftovers
|-damage|p2a: Conkeldurr|35/100 brn|[from] brn
|upkeep
|turn|15
|
|t:|1779629551
|switch|p1a: Gholdengo|Gholdengo|100/100
|move|p2a: Conkeldurr|Mach Punch|p1a: Gholdengo
|-immune|p1a: Gholdengo
|
|-damage|p2a: Conkeldurr|29/100 brn|[from] brn
|upkeep
|turn|16
|
|t:|1779629557
|switch|p2a: Garganacl|Garganacl, M|49/100
|-damage|p2a: Garganacl|37/100|[from] Stealth Rock
|move|p1a: Gholdengo|Psyshock|p2a: Garganacl
|-damage|p2a: Garganacl|18/100
|
|upkeep
|turn|17
|
|t:|1779629563
|move|p1a: Gholdengo|Psyshock|p2a: Garganacl
|-damage|p2a: Garganacl|0 fnt
|faint|p2a: Garganacl
|
|upkeep
|
|t:|1779629574
|switch|p2a: Dragapult|Dragapult, M|88/100
|-damage|p2a: Dragapult|76/100|[from] Stealth Rock
|turn|18
|
|t:|1779629577
|switch|p1a: Darkrai|Darkrai|47/100
|move|p2a: Dragapult|Shadow Ball|p1a: Darkrai
|-resisted|p1a: Darkrai
|-damage|p1a: Darkrai|15/100
|
|-heal|p1a: Darkrai|21/100|[from] item: Leftovers
|upkeep
|turn|19
|
|t:|1779629581
|move|p2a: Dragapult|Shadow Ball|p1a: Darkrai
|-resisted|p1a: Darkrai
|-damage|p1a: Darkrai|0 fnt
|faint|p1a: Darkrai
|
|upkeep
|
|t:|1779629583
|switch|p1a: Kyurem|Kyurem|100/100
|-ability|p1a: Kyurem|Pressure
|turn|20
|
|t:|1779629601
|move|p2a: Dragapult|Shadow Ball|p1a: Kyurem
|-damage|p1a: Kyurem|66/100
|move|p1a: Kyurem|Ice Beam|p2a: Dragapult
|-supereffective|p2a: Dragapult
|-damage|p2a: Dragapult|0 fnt
|faint|p2a: Dragapult
|
|upkeep
|inactive|redsnow0 has 120 seconds left.
|
|t:|1779629626
|switch|p2a: Ogerpon|Ogerpon-Wellspring, F|100/100
|-damage|p2a: Ogerpon|88/100|[from] Stealth Rock
|turn|21
|
|t:|1779629631
|-terastallize|p2a: Ogerpon|Water
|detailschange|p2a: Ogerpon|Ogerpon-Wellspring-Tera, F, tera:Water
|-ability|p2a: Ogerpon|Embody Aspect (Wellspring)|boost
|-boost|p2a: Ogerpon|spd|1
|move|p2a: Ogerpon|Swords Dance|p2a: Ogerpon
|-boost|p2a: Ogerpon|atk|2
|move|p1a: Kyurem|Freeze-Dry|p2a: Ogerpon
|-supereffective|p2a: Ogerpon
|-damage|p2a: Ogerpon|34/100
|
|upkeep
|turn|22
|
|t:|1779629641
|move|p2a: Ogerpon|Ivy Cudgel|p1a: Kyurem|[anim] Ivy Cudgel Water
|-resisted|p1a: Kyurem
|-crit|p1a: Kyurem
|-damage|p1a: Kyurem|0 fnt
|faint|p1a: Kyurem
|
|upkeep
|
|t:|1779629646
|switch|p1a: Dragonite|Dragonite, F|100/100
|turn|23
|
|t:|1779629648
|move|p2a: Ogerpon|Ivy Cudgel|p1a: Dragonite|[anim] Ivy Cudgel Water
|-resisted|p1a: Dragonite
|-damage|p1a: Dragonite|65/100
|move|p1a: Dragonite|Dragon Dance|p1a: Dragonite
|-boost|p1a: Dragonite|atk|1
|-boost|p1a: Dragonite|spe|1
|
|upkeep
|turn|24
|
|t:|1779629655
|move|p1a: Dragonite|Extreme Speed|p2a: Ogerpon
|-damage|p2a: Ogerpon|0 fnt
|faint|p2a: Ogerpon
|detailschange|p2: Ogerpon|Ogerpon-Wellspring, F|[silent]
|
|upkeep
|
|t:|1779629662
|switch|p2a: Zamazenta|Zamazenta|100/100
|-damage|p2a: Zamazenta|94/100|[from] Stealth Rock
|-ability|p2a: Zamazenta|Dauntless Shield|boost
|-boost|p2a: Zamazenta|def|1
|turn|25
|
|t:|1779629669
|switch|p1a: Hatterene|Hatterene, F|100/100
|move|p2a: Zamazenta|Iron Defense|p2a: Zamazenta
|-boost|p2a: Zamazenta|def|2
|
|-heal|p2a: Zamazenta|100/100|[from] item: Leftovers
|upkeep
|turn|26
|
|t:|1779629676
|move|p2a: Zamazenta|Substitute|p2a: Zamazenta
|-start|p2a: Zamazenta|Substitute
|-damage|p2a: Zamazenta|76/100
|move|p1a: Hatterene|Nuzzle|p2a: Zamazenta
|-activate|p2a: Zamazenta|move: Substitute|[damage]
|
|-heal|p2a: Zamazenta|82/100|[from] item: Leftovers
|upkeep
|turn|27
|
|t:|1779629687
|move|p2a: Zamazenta|Iron Defense|p2a: Zamazenta
|-boost|p2a: Zamazenta|def|2
|move|p1a: Hatterene|Psychic Noise|p2a: Zamazenta
|-supereffective|p2a: Zamazenta
|-damage|p2a: Zamazenta|15/100
|-start|p2a: Zamazenta|move: Heal Block
|
|upkeep
|turn|28
|
|t:|1779629692
|move|p2a: Zamazenta|Body Press|p1a: Hatterene
|-resisted|p1a: Hatterene
|-damage|p1a: Hatterene|73/100
|-damage|p2a: Zamazenta|0 fnt|[from] item: Rocky Helmet|[of] p1a: Hatterene
|faint|p2a: Zamazenta
|move|p1a: Hatterene|Psychic Noise|p2: Zamazenta|[notarget]
|-fail|p1a: Hatterene
|
|upkeep
|
|t:|1779629698
|switch|p2a: Conkeldurr|Conkeldurr, M|29/100 brn
|-damage|p2a: Conkeldurr|23/100 brn|[from] Stealth Rock
|turn|29
|
|t:|1779629702
|move|p2a: Conkeldurr|Drain Punch|p1a: Hatterene
|-resisted|p1a: Hatterene
|-damage|p1a: Hatterene|60/100
|-heal|p2a: Conkeldurr|28/100 brn|[from] drain|[of] p1a: Hatterene
|-damage|p2a: Conkeldurr|11/100 brn|[from] item: Rocky Helmet|[of] p1a: Hatterene
|move|p1a: Hatterene|Draining Kiss|p2a: Conkeldurr
|-supereffective|p2a: Conkeldurr
|-damage|p2a: Conkeldurr|0 fnt
|-heal|p1a: Hatterene|71/100|[from] drain|[of] p2a: Conkeldurr
|faint|p2a: Conkeldurr
|
|win|Mr Tpen
|raw|Mr Tpen's rating: 1557 &rarr; <strong>1574</strong><br />(+17 for winning)
|raw|redsnow0's rating: 1509 &rarr; <strong>1492</strong><br />(-17 for losing)
|l|☆redsnow0
|player|p2|
|l|☆Mr Tpen
|player|p1|
|l| margival
