|j|☆dudemf33
|j|☆Leader Alastor
|t:|1779556470
|gametype|singles
|player|p1|dudemf33|scientist-gen4dp|1321
|player|p2|Leader Alastor|blue|1393
|gen|9
|tier|[Gen 9] OU
|rated|
|rule|HP Percentage Mod: HP is shown in percentages
|rule|Endless Battle Clause: Forcing endless battles is banned
|rule|Species Clause: Limit one of each Pokémon
|rule|OHKO Clause: OHKO moves are banned
|rule|Evasion Items Clause: Evasion items are banned
|rule|Evasion Moves Clause: Evasion moves are banned
|rule|Evasion Abilities Clause: Evasion abilities are banned
|rule|Sleep Moves Clause: Sleep-inducing moves are banned
|clearpoke
|poke|p1|Electivire, F|
|poke|p1|Rillaboom, F|
|poke|p1|Kingambit, F|
|poke|p1|Alomomola, M|
|poke|p1|Moltres|
|poke|p1|Iron Treads|
|poke|p2|Ceruledge, F|
|poke|p2|Iron Valiant|
|poke|p2|Lilligant, F|
|poke|p2|Cloyster, M|
|poke|p2|Noivern, M|
|poke|p2|Malamar, F|
|teampreview
|inactive|Battle timer is ON: inactive players will automatically lose when time's up. (requested by Leader Alastor)
|
|t:|1779556479
|teamsize|p1|6
|teamsize|p2|6
|start
|switch|p1a: Rillaboom|Rillaboom, F|100/100
|switch|p2a: Trident|Cloyster, M|100/100
|-fieldstart|move: Grassy Terrain|[from] ability: Grassy Surge|[of] p1a: Rillaboom
|turn|1
|
|t:|1779556487
|move|p1a: Rillaboom|U-turn|p2a: Trident
|-damage|p2a: Trident|64/100
|
|t:|1779556492
|switch|p1a: Electivire|Electivire, F|100/100|[from] U-turn
|move|p2a: Trident|Icicle Spear|p1a: Electivire
|-damage|p1a: Electivire|82/100
|-damage|p1a: Electivire|63/100
|-damage|p1a: Electivire|43/100
|-damage|p1a: Electivire|25/100
|-damage|p1a: Electivire|4/100
|-hitcount|p1a: Electivire|5
|
|-heal|p1a: Electivire|10/100|[from] Grassy Terrain
|-heal|p2a: Trident|71/100|[from] Grassy Terrain
|upkeep
|turn|2
|
|t:|1779556517
|move|p1a: Electivire|Supercell Slam|p2a: Trident
|-supereffective|p2a: Trident
|-damage|p2a: Trident|0 fnt
|faint|p2a: Trident
|
|-heal|p1a: Electivire|17/100|[from] Grassy Terrain
|upkeep
|
|t:|1779556520
|switch|p2a: Flamberge|Ceruledge, F|100/100
|turn|3
|
|t:|1779556529
|move|p1a: Electivire|Supercell Slam|p2a: Flamberge
|-damage|p2a: Flamberge|25/100
|-ability|p2a: Flamberge|Weak Armor|boost
|-unboost|p2a: Flamberge|def|1
|-boost|p2a: Flamberge|spe|2
|move|p2a: Flamberge|Swords Dance|p2a: Flamberge
|-boost|p2a: Flamberge|atk|2
|
|-heal|p2a: Flamberge|31/100|[from] Grassy Terrain
|-heal|p1a: Electivire|23/100|[from] Grassy Terrain
|upkeep
|turn|4
|
|t:|1779556534
|move|p2a: Flamberge|Shadow Sneak|p1a: Electivire
|-damage|p1a: Electivire|0 fnt
|faint|p1a: Electivire
|
|-heal|p2a: Flamberge|37/100|[from] Grassy Terrain
|upkeep
|
|t:|1779556538
|switch|p1a: Rillaboom|Rillaboom, F|100/100
|turn|5
|
|t:|1779556543
|move|p2a: Flamberge|Shadow Sneak|p1a: Rillaboom
|-damage|p1a: Rillaboom|52/100
|move|p1a: Rillaboom|Knock Off|p2a: Flamberge
|-supereffective|p2a: Flamberge
|-damage|p2a: Flamberge|0 fnt
|-enditem|p2a: Flamberge|Focus Sash|[from] move: Knock Off|[of] p1a: Rillaboom
|faint|p2a: Flamberge
|
|-heal|p1a: Rillaboom|58/100|[from] Grassy Terrain
|-fieldend|move: Grassy Terrain
|upkeep
|
|t:|1779556550
|switch|p2a: Scimitar|Noivern, M|100/100
|turn|6
|
|t:|1779556554
|switch|p1a: Alomomola|Alomomola, M|100/100
|move|p2a: Scimitar|Air Slash|p1a: Alomomola
|-damage|p1a: Alomomola|66/100
|
|upkeep
|turn|7
|
|t:|1779556558
|move|p2a: Scimitar|Boomburst|p1a: Alomomola
|-damage|p1a: Alomomola|20/100
|-enditem|p2a: Scimitar|Throat Spray
|-boost|p2a: Scimitar|spa|1|[from] item: Throat Spray
|move|p1a: Alomomola|Flip Turn|p2a: Scimitar
|-resisted|p2a: Scimitar
|-damage|p2a: Scimitar|90/100
|
|t:|1779556563
|switch|p1a: Iron Treads|Iron Treads|100/100|[from] Flip Turn
|
|upkeep
|turn|8
|
|t:|1779556566
|move|p2a: Scimitar|Flamethrower|p1a: Iron Treads
|-supereffective|p1a: Iron Treads
|-damage|p1a: Iron Treads|41/100
|move|p1a: Iron Treads|Ice Spinner|p2a: Scimitar
|-supereffective|p2a: Scimitar
|-crit|p2a: Scimitar
|-damage|p2a: Scimitar|0 fnt
|faint|p2a: Scimitar
|
|upkeep
|
|t:|1779556573
|switch|p2a: Partisan|Malamar, F|100/100
|turn|9
|
|t:|1779556577
|move|p1a: Iron Treads|Volt Switch|p2a: Partisan
|-damage|p2a: Partisan|87/100
|
|t:|1779556580
|-end|p1a: Iron Treads|Quark Drive|[silent]
|switch|p1a: Alomomola|Alomomola, M|53/100|[from] Volt Switch
|move|p2a: Partisan|Superpower|p1a: Alomomola
|-damage|p1a: Alomomola|33/100
|-boost|p2a: Partisan|atk|1
|-boost|p2a: Partisan|def|1
|
|upkeep
|turn|10
|
|t:|1779556585
|move|p2a: Partisan|Superpower|p1a: Alomomola
|-damage|p1a: Alomomola|3/100
|-boost|p2a: Partisan|atk|1
|-boost|p2a: Partisan|def|1
|move|p1a: Alomomola|Wish|p1a: Alomomola
|
|upkeep
|turn|11
|-activate|p2a: Partisan|item: Quick Claw
|
|t:|1779556596
|switch|p1a: Moltres|Moltres|100/100
|move|p2a: Partisan|Superpower|p1a: Moltres
|-resisted|p1a: Moltres
|-damage|p1a: Moltres|76/100
|-boost|p2a: Partisan|atk|1
|-boost|p2a: Partisan|def|1
|
|-heal|p1a: Moltres|100/100|[from] move: Wish|[wisher] Alomomola
|upkeep
|turn|12
|
|t:|1779556609
|move|p1a: Moltres|Flamethrower|p2a: Partisan
|-damage|p2a: Partisan|48/100
|-status|p2a: Partisan|brn
|move|p2a: Partisan|Throat Chop|p1a: Moltres
|-damage|p1a: Moltres|70/100
|-start|p1a: Moltres|Throat Chop|[silent]
|
|-damage|p2a: Partisan|42/100 brn|[from] brn
|upkeep
|turn|13
|
|t:|1779556617
|move|p1a: Moltres|Flamethrower|p2a: Partisan
|-damage|p2a: Partisan|0 fnt
|faint|p2a: Partisan
|
|-end|p1a: Moltres|Throat Chop|[silent]
|upkeep
|c|☆Leader Alastor|10% cnahce
|c|☆Leader Alastor|*Chance
|c|☆Leader Alastor|Crazy
|
|t:|1779556638
|switch|p2a: Glaive|Iron Valiant|100/100
|-enditem|p2a: Glaive|Booster Energy
|-activate|p2a: Glaive|ability: Quark Drive|[fromitem]
|-start|p2a: Glaive|quarkdrivespe
|turn|14
|
|t:|1779556645
|move|p2a: Glaive|Spirit Break|p1a: Moltres
|-resisted|p1a: Moltres
|-damage|p1a: Moltres|56/100
|-unboost|p1a: Moltres|spa|1
|move|p1a: Moltres|Roost|p1a: Moltres
|-heal|p1a: Moltres|100/100
|-singleturn|p1a: Moltres|move: Roost
|
|upkeep
|turn|15
|
|t:|1779556670
|move|p2a: Glaive|Spirit Break|p1a: Moltres
|-resisted|p1a: Moltres
|-damage|p1a: Moltres|86/100
|-unboost|p1a: Moltres|spa|1
|-status|p2a: Glaive|brn|[from] ability: Flame Body|[of] p1a: Moltres
|move|p1a: Moltres|Flamethrower|p2a: Glaive
|-damage|p2a: Glaive|67/100 brn
|
|-damage|p2a: Glaive|61/100 brn|[from] brn
|upkeep
|turn|16
|
|t:|1779556687
|move|p2a: Glaive|Spirit Break|p1a: Moltres
|-resisted|p1a: Moltres
|-damage|p1a: Moltres|79/100
|-unboost|p1a: Moltres|spa|1
|move|p1a: Moltres|Flamethrower|p2a: Glaive
|-damage|p2a: Glaive|34/100 brn
|
|-damage|p2a: Glaive|27/100 brn|[from] brn
|upkeep
|turn|17
|
|t:|1779556697
|move|p2a: Glaive|Swords Dance|p2a: Glaive
|-boost|p2a: Glaive|atk|2
|move|p1a: Moltres|Flamethrower|p2a: Glaive
|-damage|p2a: Glaive|3/100 brn
|
|-damage|p2a: Glaive|0 fnt|[from] brn
|faint|p2a: Glaive
|-end|p2a: Glaive|Quark Drive|[silent]
|upkeep
|
|t:|1779556698
|switch|p2a: Gladius|Lilligant, F|100/100
|turn|18
|
|t:|1779556700
|move|p2a: Gladius|Quiver Dance|p2a: Gladius
|-boost|p2a: Gladius|spa|1
|-boost|p2a: Gladius|spd|1
|-boost|p2a: Gladius|spe|1
|move|p1a: Moltres|Flamethrower|p2a: Gladius
|-supereffective|p2a: Gladius
|-damage|p2a: Gladius|70/100
|-enditem|p2a: Gladius|Weakness Policy
|-boost|p2a: Gladius|atk|2|[from] item: Weakness Policy
|-boost|p2a: Gladius|spa|2|[from] item: Weakness Policy
|
|upkeep
|turn|19
|
|t:|1779556705
|move|p2a: Gladius|Quiver Dance|p2a: Gladius
|-boost|p2a: Gladius|spa|1
|-boost|p2a: Gladius|spd|1
|-boost|p2a: Gladius|spe|1
|move|p1a: Moltres|Flamethrower|p2a: Gladius
|-supereffective|p2a: Gladius
|-crit|p2a: Gladius
|-damage|p2a: Gladius|0 fnt
|faint|p2a: Gladius
|
|win|dudemf33
|raw|dudemf33's rating: 1321 &rarr; <strong>1345</strong><br />(+24 for winning)
|raw|Leader Alastor's rating: 1393 &rarr; <strong>1369</strong><br />(-24 for losing)
|c|☆Leader Alastor|Bro
|l|☆Leader Alastor
|player|p2|
|c|☆dudemf33|What?
|l|☆dudemf33
|player|p1|
