|j|☆BigKobeBEEF
|j|☆motorbike
|t:|1779700633
|gametype|singles
|player|p1|BigKobeBEEF|clay|1317
|player|p2|motorbike|biker-gen4|1295
|gen|9
|tier|[Gen 9] OU
|rated|
|rule|HP Percentage Mod: HP is shown in percentages
|rule|Endless Battle Clause: Forcing endless battles is banned
|rule|Species Clause: Limit one of each Pokémon
|rule|OHKO Clause: OHKO moves are banned
|rule|Evasion Items Clause: Evasion items are banned
|rule|Evasion Moves Clause: Evasion moves are banned
|rule|Evasion Abilities Clause: Evasion abilities are banned
|rule|Sleep Moves Clause: Sleep-inducing moves are banned
|clearpoke
|poke|p1|Zarude|
|poke|p1|Fezandipiti, M|
|poke|p1|Heatran, F|
|poke|p1|Ninetales, F|
|poke|p1|Great Tusk|
|poke|p1|Walking Wake|
|poke|p2|Skarmory, F|
|poke|p2|Tyranitar, F|
|poke|p2|Excadrill, M|
|poke|p2|Haxorus, F|
|poke|p2|Dragapult, M|
|poke|p2|Enamorus, F|
|teampreview
|inactive|Battle timer is ON: inactive players will automatically lose when time's up. (requested by motorbike)
|
|t:|1779700657
|teamsize|p1|6
|teamsize|p2|6
|start
|switch|p1a: Heatran|Heatran, F|100/100
|switch|p2a: Skarmory|Skarmory, F|100/100
|-item|p1a: Heatran|Air Balloon
|turn|1
|
|t:|1779700665
|move|p2a: Skarmory|Stealth Rock|p1a: Heatran
|-sidestart|p1: BigKobeBEEF|move: Stealth Rock
|move|p1a: Heatran|Magma Storm|p2a: Skarmory|[miss]
|-miss|p1a: Heatran|p2a: Skarmory
|
|upkeep
|turn|2
|
|t:|1779700671
|move|p2a: Skarmory|Spikes|p1a: Heatran
|-sidestart|p1: BigKobeBEEF|Spikes
|move|p1a: Heatran|Magma Storm|p2a: Skarmory
|-supereffective|p2a: Skarmory
|-ability|p2a: Skarmory|Sturdy
|-damage|p2a: Skarmory|1/100
|-activate|p2a: Skarmory|move: Magma Storm|[of] p1a: Heatran
|
|-damage|p2a: Skarmory|0 fnt|[from] move: Magma Storm|[partiallytrapped]
|faint|p2a: Skarmory
|upkeep
|
|t:|1779700686
|switch|p2a: Haxorus|Haxorus, F|100/100
|-ability|p2a: Haxorus|Mold Breaker
|turn|3
|
|t:|1779700693
|move|p2a: Haxorus|Swords Dance|p2a: Haxorus
|-boost|p2a: Haxorus|atk|2
|move|p1a: Heatran|Will-O-Wisp|p2a: Haxorus
|-status|p2a: Haxorus|brn
|-enditem|p2a: Haxorus|Lum Berry|[eat]
|-curestatus|p2a: Haxorus|brn|[msg]
|
|upkeep
|turn|4
|
|t:|1779700705
|move|p2a: Haxorus|Swords Dance|p2a: Haxorus
|-boost|p2a: Haxorus|atk|2
|move|p1a: Heatran|Will-O-Wisp|p2a: Haxorus
|-status|p2a: Haxorus|brn
|
|-damage|p2a: Haxorus|94/100 brn|[from] brn
|upkeep
|turn|5
|
|t:|1779700714
|switch|p1a: Fezandipiti|Fezandipiti, M|100/100
|-damage|p1a: Fezandipiti|88/100|[from] Stealth Rock
|-damage|p1a: Fezandipiti|76/100|[from] Spikes
|move|p2a: Haxorus|Scale Shot|p1a: Fezandipiti
|-immune|p1a: Fezandipiti
|
|-damage|p2a: Haxorus|88/100 brn|[from] brn
|upkeep
|turn|6
|
|t:|1779700725
|-terastallize|p2a: Haxorus|Steel
|move|p2a: Haxorus|Iron Head|p1a: Fezandipiti
|-supereffective|p1a: Fezandipiti
|-damage|p1a: Fezandipiti|0 fnt
|-damage|p2a: Haxorus|72/100 brn|[from] item: Rocky Helmet|[of] p1a: Fezandipiti
|faint|p1a: Fezandipiti
|
|-damage|p2a: Haxorus|66/100 brn|[from] brn
|upkeep
|
|t:|1779700736
|switch|p1a: Ninetales|Ninetales, F|100/100
|-damage|p1a: Ninetales|76/100|[from] Stealth Rock
|-damage|p1a: Ninetales|63/100|[from] Spikes
|-weather|SunnyDay|[from] ability: Drought|[of] p1a: Ninetales
|turn|7
|
|t:|1779700749
|move|p1a: Ninetales|Weather Ball|p2a: Haxorus
|-supereffective|p2a: Haxorus
|-damage|p2a: Haxorus|0 fnt
|faint|p2a: Haxorus
|
|-weather|SunnyDay|[upkeep]
|upkeep
|
|t:|1779700756
|switch|p2a: Enamorus|Enamorus, F|100/100
|turn|8
|
|t:|1779700762
|move|p2a: Enamorus|Earth Power|p1a: Ninetales
|-supereffective|p1a: Ninetales
|-damage|p1a: Ninetales|0 fnt
|faint|p1a: Ninetales
|
|-weather|SunnyDay|[upkeep]
|upkeep
|
|t:|1779700769
|switch|p1a: Heatran|Heatran, F|100/100
|-damage|p1a: Heatran|88/100|[from] Stealth Rock
|-item|p1a: Heatran|Air Balloon
|turn|9
|
|t:|1779700777
|switch|p2a: Tyranitar|Tyranitar, F|100/100
|-weather|Sandstorm|[from] ability: Sand Stream|[of] p2a: Tyranitar
|move|p1a: Heatran|Magma Storm|p2a: Tyranitar|[miss]
|-miss|p1a: Heatran|p2a: Tyranitar
|
|-weather|Sandstorm|[upkeep]
|upkeep
|turn|10
|
|t:|1779700786
|move|p2a: Tyranitar|Knock Off|p1a: Heatran
|-damage|p1a: Heatran|46/100
|-enditem|p1a: Heatran|Air Balloon
|move|p1a: Heatran|Will-O-Wisp|p2a: Tyranitar
|-status|p2a: Tyranitar|brn
|
|-weather|Sandstorm|[upkeep]
|-damage|p2a: Tyranitar|94/100 brn|[from] brn
|upkeep
|turn|11
|
|t:|1779700801
|switch|p2a: Dragapult|Dragapult, M|100/100
|move|p1a: Heatran|Stealth Rock|p2a: Dragapult
|-sidestart|p2: motorbike|move: Stealth Rock
|
|-weather|Sandstorm|[upkeep]
|-damage|p2a: Dragapult|94/100|[from] Sandstorm
|upkeep
|turn|12
|
|t:|1779700809
|move|p2a: Dragapult|Substitute|p2a: Dragapult
|-start|p2a: Dragapult|Substitute
|-damage|p2a: Dragapult|70/100
|move|p1a: Heatran|Will-O-Wisp||[still]
|-fail|p1a: Heatran
|
|-weather|Sandstorm|[upkeep]
|-damage|p2a: Dragapult|64/100|[from] Sandstorm
|upkeep
|turn|13
|
|t:|1779700818
|move|p1a: Heatran|Earth Power|p2a: Dragapult
|-end|p2a: Dragapult|Substitute
|move|p2a: Dragapult|Dragon Tail|p1a: Heatran
|-resisted|p1a: Heatran
|-damage|p1a: Heatran|38/100
|drag|p1a: Walking W|Walking Wake|100/100
|-damage|p1a: Walking W|88/100|[from] Stealth Rock
|-damage|p1a: Walking W|76/100|[from] Spikes
|
|-weather|Sandstorm|[upkeep]
|-damage|p2a: Dragapult|57/100|[from] Sandstorm
|-damage|p1a: Walking W|69/100|[from] Sandstorm
|upkeep
|turn|14
|
|t:|1779700843
|move|p2a: Dragapult|Hex|p1a: Walking W
|-damage|p1a: Walking W|55/100
|move|p1a: Walking W|Flip Turn|p2a: Dragapult
|-resisted|p2a: Dragapult
|-damage|p2a: Dragapult|49/100
|
|t:|1779700849
|-end|p1a: Walking W|Protosynthesis|[silent]
|switch|p1a: Zarude|Zarude|100/100|[from] Flip Turn
|-damage|p1a: Zarude|88/100|[from] Stealth Rock
|-damage|p1a: Zarude|76/100|[from] Spikes
|
|-weather|Sandstorm|[upkeep]
|-damage|p2a: Dragapult|43/100|[from] Sandstorm
|-damage|p1a: Zarude|70/100|[from] Sandstorm
|upkeep
|turn|15
|
|t:|1779700858
|move|p2a: Dragapult|Will-O-Wisp|p1a: Zarude
|-status|p1a: Zarude|brn
|move|p1a: Zarude|Knock Off|p2a: Dragapult
|-supereffective|p2a: Dragapult
|-damage|p2a: Dragapult|0 fnt
|-enditem|p2a: Dragapult|Heavy-Duty Boots|[from] move: Knock Off|[of] p1a: Zarude
|faint|p2a: Dragapult
|-damage|p1a: Zarude|60/100 brn|[from] item: Life Orb
|
|-weather|Sandstorm|[upkeep]
|-damage|p1a: Zarude|54/100 brn|[from] Sandstorm
|-damage|p1a: Zarude|48/100 brn|[from] brn
|upkeep
|
|t:|1779700873
|switch|p2a: Enamorus|Enamorus, F|100/100
|-damage|p2a: Enamorus|76/100|[from] Stealth Rock
|turn|16
|
|t:|1779700879
|move|p2a: Enamorus|Moonblast|p1a: Zarude
|-supereffective|p1a: Zarude
|-damage|p1a: Zarude|0 fnt
|faint|p1a: Zarude
|
|-weather|none
|upkeep
|
|t:|1779700888
|switch|p1a: Great Tusk|Great Tusk|100/100
|-damage|p1a: Great Tusk|98/100|[from] Stealth Rock
|-damage|p1a: Great Tusk|85/100|[from] Spikes
|turn|17
|
|t:|1779700896
|-terastallize|p1a: Great Tusk|Ice
|move|p2a: Enamorus|Moonblast|p1a: Great Tusk
|-damage|p1a: Great Tusk|0 fnt
|faint|p1a: Great Tusk
|-end|p1a: Great Tusk|Protosynthesis|[silent]
|
|upkeep
|-message|BigKobeBEEF forfeited.
|
|win|motorbike
|raw|BigKobeBEEF's rating: 1317 &rarr; <strong>1296</strong><br />(-21 for losing)
|raw|motorbike's rating: 1295 &rarr; <strong>1322</strong><br />(+27 for winning)
|l|☆BigKobeBEEF
|player|p1|
|l|☆motorbike
|player|p2|
