|j|☆baakrisht
|j|☆bradfish1761
|t:|1779649813
|gametype|singles
|player|p1|baakrisht|266|1161
|player|p2|bradfish1761|elesa|1176
|gen|9
|tier|[Gen 9] OU
|rated|
|rule|HP Percentage Mod: HP is shown in percentages
|rule|Endless Battle Clause: Forcing endless battles is banned
|rule|Species Clause: Limit one of each Pokémon
|rule|OHKO Clause: OHKO moves are banned
|rule|Evasion Items Clause: Evasion items are banned
|rule|Evasion Moves Clause: Evasion moves are banned
|rule|Evasion Abilities Clause: Evasion abilities are banned
|rule|Sleep Moves Clause: Sleep-inducing moves are banned
|clearpoke
|poke|p1|Espeon, F|
|poke|p1|Goodra, F|
|poke|p1|Weezing-Galar, F|
|poke|p1|Orthworm, F|
|poke|p1|Suicune|
|poke|p1|Munkidori, M|
|poke|p2|Electrode-Hisui|
|poke|p2|Pelipper, F|
|poke|p2|Gholdengo|
|poke|p2|Cinderace, F|
|poke|p2|Great Tusk|
|poke|p2|Darkrai|
|teampreview
|inactive|Battle timer is ON: inactive players will automatically lose when time's up. (requested by bradfish1761)
|
|t:|1779649821
|teamsize|p1|6
|teamsize|p2|6
|start
|switch|p1a: लसलस|Goodra, F|100/100
|switch|p2a: Pelipper|Pelipper, F|100/100
|-weather|RainDance|[from] ability: Drizzle|[of] p2a: Pelipper
|turn|1
|
|t:|1779649832
|move|p1a: लसलस|Thunder|p2a: Pelipper
|-supereffective|p2a: Pelipper
|-damage|p2a: Pelipper|0 fnt
|faint|p2a: Pelipper
|
|-weather|RainDance|[upkeep]
|upkeep
|
|t:|1779649839
|switch|p2a: Great Tusk|Great Tusk|100/100
|-enditem|p2a: Great Tusk|Booster Energy
|-activate|p2a: Great Tusk|ability: Protosynthesis|[fromitem]
|-start|p2a: Great Tusk|protosynthesisatk
|turn|2
|
|t:|1779649842
|switch|p1a: लाठ साहब|Weezing-Galar, F|100/100
|move|p2a: Great Tusk|Stealth Rock|p1a: लाठ साहब
|-sidestart|p1: baakrisht|move: Stealth Rock
|
|-weather|RainDance|[upkeep]
|upkeep
|turn|3
|
|t:|1779649864
|-end|p2a: Great Tusk|Protosynthesis|[silent]
|switch|p2a: Gholdengo|Gholdengo|100/100
|move|p1a: लाठ साहब|Toxic Spikes|p2a: Gholdengo
|-sidestart|p2: bradfish1761|move: Toxic Spikes
|
|-weather|RainDance|[upkeep]
|upkeep
|turn|4
|
|t:|1779649873
|move|p2a: Gholdengo|Make It Rain|p1a: लाठ साहब
|-supereffective|p1a: लाठ साहब
|-damage|p1a: लाठ साहब|0 fnt
|-unboost|p2a: Gholdengo|spa|1
|faint|p1a: लाठ साहब
|
|-weather|RainDance|[upkeep]
|upkeep
|
|t:|1779649876
|switch|p1a: बिलाई मौसी|Espeon, F|100/100
|-damage|p1a: बिलाई मौसी|88/100|[from] Stealth Rock
|turn|5
|
|t:|1779649885
|move|p2a: Gholdengo|Make It Rain|p1a: बिलाई मौसी
|-damage|p1a: बिलाई मौसी|52/100
|-unboost|p2a: Gholdengo|spa|1
|move|p1a: बिलाई मौसी|Shadow Ball|p2a: Gholdengo
|-supereffective|p2a: Gholdengo
|-damage|p2a: Gholdengo|51/100
|
|-weather|RainDance|[upkeep]
|upkeep
|turn|6
|
|t:|1779649891
|switch|p2a: Great Tusk|Great Tusk|100/100
|-status|p2a: Great Tusk|psn
|move|p1a: बिलाई मौसी|Shadow Ball|p2a: Great Tusk
|-damage|p2a: Great Tusk|66/100 psn
|
|-weather|RainDance|[upkeep]
|-damage|p2a: Great Tusk|53/100 psn|[from] psn
|upkeep
|turn|7
|
|t:|1779649898
|switch|p1a: Suicune|Suicune|100/100
|-damage|p1a: Suicune|88/100|[from] Stealth Rock
|-ability|p1a: Suicune|Pressure
|move|p2a: Great Tusk|Knock Off|p1a: Suicune
|-damage|p1a: Suicune|70/100
|-enditem|p1a: Suicune|Leftovers|[from] move: Knock Off|[of] p2a: Great Tusk
|
|-weather|RainDance|[upkeep]
|-damage|p2a: Great Tusk|41/100 psn|[from] psn
|upkeep
|turn|8
|
|t:|1779649907
|move|p2a: Great Tusk|Close Combat|p1a: Suicune
|-crit|p1a: Suicune
|-damage|p1a: Suicune|21/100
|-unboost|p2a: Great Tusk|def|1
|-unboost|p2a: Great Tusk|spd|1
|move|p1a: Suicune|Substitute|p1a: Suicune
|-fail|p1a: Suicune|move: Substitute|[weak]
|
|-weather|none
|-damage|p2a: Great Tusk|29/100 psn|[from] psn
|upkeep
|turn|9
|
|t:|1779649915
|move|p2a: Great Tusk|Close Combat|p1a: Suicune
|-damage|p1a: Suicune|0 fnt
|-unboost|p2a: Great Tusk|def|1
|-unboost|p2a: Great Tusk|spd|1
|faint|p1a: Suicune
|
|-damage|p2a: Great Tusk|16/100 psn|[from] psn
|upkeep
|
|t:|1779649926
|switch|p1a: Munkidori|Munkidori, M|100/100
|-damage|p1a: Munkidori|88/100|[from] Stealth Rock
|turn|10
|
|t:|1779649930
|switch|p1a: दील दो 💖|Orthworm, F|100/100
|-damage|p1a: दील दो 💖|94/100|[from] Stealth Rock
|move|p2a: Great Tusk|Headlong Rush|p1a: दील दो 💖
|-heal|p1a: दील दो 💖|100/100|[from] ability: Earth Eater|[of] p2a: Great Tusk
|
|-damage|p2a: Great Tusk|4/100 psn|[from] psn
|upkeep
|turn|11
|
|t:|1779649937
|switch|p1a: Munkidori|Munkidori, M|88/100
|-damage|p1a: Munkidori|76/100|[from] Stealth Rock
|move|p2a: Great Tusk|Close Combat|p1a: Munkidori
|-resisted|p1a: Munkidori
|-damage|p1a: Munkidori|55/100
|-unboost|p2a: Great Tusk|def|1
|-unboost|p2a: Great Tusk|spd|1
|
|-heal|p1a: Munkidori|61/100|[from] item: Black Sludge
|-damage|p2a: Great Tusk|0 fnt|[from] psn
|faint|p2a: Great Tusk
|-end|p2a: Great Tusk|Protosynthesis|[silent]
|upkeep
|
|t:|1779649945
|switch|p2a: Darkrai|Darkrai|100/100
|-status|p2a: Darkrai|psn
|turn|12
|
|t:|1779649951
|-terastallize|p2a: Darkrai|Poison
|-terastallize|p1a: Munkidori|Normal
|move|p2a: Darkrai|Dark Pulse|p1a: Munkidori
|-damage|p1a: Munkidori|31/100
|move|p1a: Munkidori|Trick|p2a: Darkrai
|-activate|p1a: Munkidori|move: Trick|[of] p2a: Darkrai
|-item|p2a: Darkrai|Black Sludge|[from] move: Trick
|-item|p1a: Munkidori|Choice Scarf|[from] move: Trick
|
|-damage|p2a: Darkrai|88/100 psn|[from] psn
|upkeep
|turn|13
|
|t:|1779649974
|move|p1a: Munkidori|Parting Shot|p2a: Darkrai
|-unboost|p2a: Darkrai|atk|1
|-unboost|p2a: Darkrai|spa|1
|
|t:|1779649977
|switch|p1a: लसलस|Goodra, F|100/100|[from] Parting Shot
|-damage|p1a: लसलस|88/100|[from] Stealth Rock
|move|p2a: Darkrai|Sludge Bomb|p1a: लसलस
|-damage|p1a: लसलस|67/100
|-status|p1a: लसलस|psn
|
|-heal|p2a: Darkrai|94/100 psn|[from] item: Black Sludge
|-damage|p2a: Darkrai|82/100 psn|[from] psn
|-damage|p1a: लसलस|54/100 psn|[from] psn
|upkeep
|turn|14
|
|t:|1779649988
|switch|p2a: Gholdengo|Gholdengo|51/100
|move|p1a: लसलस|Rain Dance|p1a: लसलस
|-weather|RainDance
|
|-weather|RainDance|[upkeep]
|-activate|p1a: लसलस|ability: Hydration
|-curestatus|p1a: लसलस|psn|[msg]
|upkeep
|turn|15
|
|t:|1779649994
|move|p2a: Gholdengo|Dazzling Gleam|p1a: लसलस
|-supereffective|p1a: लसलस
|-damage|p1a: लसलस|15/100
|move|p1a: लसलस|Thunder|p2a: Gholdengo
|-damage|p2a: Gholdengo|19/100
|
|-weather|RainDance|[upkeep]
|upkeep
|turn|16
|
|t:|1779650001
|move|p2a: Gholdengo|Dazzling Gleam|p1a: लसलस
|-supereffective|p1a: लसलस
|-damage|p1a: लसलस|0 fnt
|faint|p1a: लसलस
|
|-weather|RainDance|[upkeep]
|upkeep
|
|t:|1779650006
|switch|p1a: बिलाई मौसी|Espeon, F|52/100
|-damage|p1a: बिलाई मौसी|40/100|[from] Stealth Rock
|turn|17
|
|t:|1779650009
|move|p2a: Gholdengo|Dazzling Gleam|p1a: बिलाई मौसी
|-damage|p1a: बिलाई मौसी|14/100
|move|p1a: बिलाई मौसी|Shadow Ball|p2a: Gholdengo
|-supereffective|p2a: Gholdengo
|-damage|p2a: Gholdengo|0 fnt
|faint|p2a: Gholdengo
|
|-weather|RainDance|[upkeep]
|upkeep
|
|t:|1779650013
|switch|p2a: Darkrai|Darkrai, tera:Poison|82/100 psn
|-sideend|p2: bradfish1761|move: Toxic Spikes|[of] p2a: Darkrai
|turn|18
|
|t:|1779650018
|switch|p1a: Munkidori|Munkidori, M, tera:Normal|31/100
|-damage|p1a: Munkidori|18/100|[from] Stealth Rock
|move|p2a: Darkrai|Dark Pulse|p1a: Munkidori
|-damage|p1a: Munkidori|0 fnt
|faint|p1a: Munkidori
|
|-weather|RainDance|[upkeep]
|-heal|p2a: Darkrai|88/100 psn|[from] item: Black Sludge
|-damage|p2a: Darkrai|75/100 psn|[from] psn
|upkeep
|
|t:|1779650021
|switch|p1a: बिलाई मौसी|Espeon, F|14/100
|-damage|p1a: बिलाई मौसी|2/100|[from] Stealth Rock
|turn|19
|
|t:|1779650023
|move|p1a: बिलाई मौसी|Psychic|p2a: Darkrai
|-supereffective|p2a: Darkrai
|-damage|p2a: Darkrai|0 fnt
|faint|p2a: Darkrai
|
|-weather|RainDance|[upkeep]
|upkeep
|
|t:|1779650027
|switch|p2a: Electrode|Electrode-Hisui|100/100
|turn|20
|
|t:|1779650029
|move|p1a: बिलाई मौसी|Psychic|p2a: Electrode
|-damage|p2a: Electrode|41/100
|move|p2a: Electrode|Thunder|p1a: बिलाई मौसी
|-crit|p1a: बिलाई मौसी
|-damage|p1a: बिलाई मौसी|0 fnt
|faint|p1a: बिलाई मौसी
|
|-weather|RainDance|[upkeep]
|upkeep
|
|t:|1779650034
|switch|p1a: दील दो 💖|Orthworm, F|100/100
|-damage|p1a: दील दो 💖|94/100|[from] Stealth Rock
|turn|21
|
|t:|1779650036
|move|p2a: Electrode|Thunder|p1a: दील दो 💖
|-damage|p1a: दील दो 💖|0 fnt
|faint|p1a: दील दो 💖
|
|win|bradfish1761
|raw|baakrisht's rating: 1161 &rarr; <strong>1137</strong><br />(-24 for losing)
|raw|bradfish1761's rating: 1176 &rarr; <strong>1200</strong><br />(+24 for winning)
|l|☆baakrisht
|player|p1|
|c|☆bradfish1761|Gg
