|inactive|Battle timer is ON: inactive players will automatically lose when time's up.
|t:|1779648062
|gametype|singles
|player|p1|Spitfire|#spitfire|
|player|p2|schwipper|#mplxmeloettas|
|gen|9
|tier|[Gen 9] OU
|rule|HP Percentage Mod: HP is shown in percentages
|rule|Endless Battle Clause: Forcing endless battles is banned
|rule|Species Clause: Limit one of each Pokémon
|rule|OHKO Clause: OHKO moves are banned
|rule|Evasion Items Clause: Evasion items are banned
|rule|Evasion Moves Clause: Evasion moves are banned
|rule|Evasion Abilities Clause: Evasion abilities are banned
|rule|Sleep Moves Clause: Sleep-inducing moves are banned
|clearpoke
|poke|p1|Walking Wake|
|poke|p1|Great Tusk|
|poke|p1|Ninetales, M|
|poke|p1|Cresselia, F|
|poke|p1|Zarude|
|poke|p1|Ceruledge, F|
|poke|p2|Dragonite, F|
|poke|p2|Gholdengo|
|poke|p2|Ogerpon-Wellspring, F|
|poke|p2|Great Tusk|
|poke|p2|Iron Valiant|
|poke|p2|Darkrai|
|teampreview
|c|☆Spitfire|hf
|inactive|Spitfire has 270 seconds left.
|inactive|schwipper has 270 seconds left.
|c|☆schwipper|u2 mate
|inactive|Spitfire has 240 seconds left.
|c|+GOAT im_M0rtal.|GO SPITFIRE
|
|t:|1779648137
|teamsize|p1|6
|teamsize|p2|6
|start
|switch|p1a: Ninetales|Ninetales, M|100/100
|switch|p2a: Ogerpon|Ogerpon-Wellspring, F|100/100
|-weather|SunnyDay|[from] ability: Drought|[of] p1a: Ninetales
|turn|1
|inactive|Spitfire has 270 seconds left.
|inactive|schwipper has 270 seconds left.
|
|t:|1779648182
|switch|p2a: Darkrai|Darkrai|100/100
|switch|p1a: Zarude|Zarude|100/100
|
|-weather|SunnyDay|[upkeep]
|upkeep
|turn|2
|inactive|Spitfire has 270 seconds left.
|
|t:|1779648201
|switch|p1a: Ceruledge|Ceruledge, F|100/100
|move|p2a: Darkrai|Sludge Bomb|p1a: Ceruledge
|-resisted|p1a: Ceruledge
|-damage|p1a: Ceruledge|73/100
|
|-weather|SunnyDay|[upkeep]
|upkeep
|turn|3
|inactive|Spitfire has 270 seconds left.
|
|t:|1779648207
|switch|p2a: Great Tusk|Great Tusk|100/100
|-activate|p2a: Great Tusk|ability: Protosynthesis
|-start|p2a: Great Tusk|protosynthesisspe
|switch|p1a: Great Tusk|Great Tusk|100/100
|-activate|p1a: Great Tusk|ability: Protosynthesis
|-start|p1a: Great Tusk|protosynthesisatk
|
|-weather|SunnyDay|[upkeep]
|upkeep
|turn|4
|inactive|schwipper has 270 seconds left.
|
|t:|1779648213
|move|p2a: Great Tusk|Stealth Rock|p1a: Great Tusk
|-sidestart|p1: Spitfire|move: Stealth Rock
|move|p1a: Great Tusk|Ice Spinner|p2a: Great Tusk
|-supereffective|p2a: Great Tusk
|-damage|p2a: Great Tusk|49/100
|-damage|p1a: Great Tusk|84/100|[from] item: Rocky Helmet|[of] p2a: Great Tusk
|
|-weather|SunnyDay|[upkeep]
|upkeep
|turn|5
|
|t:|1779648220
|move|p2a: Great Tusk|Ice Spinner|p1a: Great Tusk
|-supereffective|p1a: Great Tusk
|-damage|p1a: Great Tusk|50/100
|move|p1a: Great Tusk|Rapid Spin|p2a: Great Tusk
|-damage|p2a: Great Tusk|34/100
|-boost|p1a: Great Tusk|spe|1
|-damage|p1a: Great Tusk|34/100|[from] item: Rocky Helmet|[of] p2a: Great Tusk
|-sideend|p1: Spitfire|Stealth Rock|[from] move: Rapid Spin|[of] p1a: Great Tusk
|
|-weather|SunnyDay|[upkeep]
|upkeep
|turn|6
|
|t:|1779648231
|-end|p1a: Great Tusk|Protosynthesis|[silent]
|switch|p1a: Walking Wake|Walking Wake|100/100
|-activate|p1a: Walking Wake|ability: Protosynthesis
|-start|p1a: Walking Wake|protosynthesisspe
|move|p2a: Great Tusk|Rapid Spin|p1a: Walking Wake
|-damage|p1a: Walking Wake|84/100
|-boost|p2a: Great Tusk|spe|1
|
|-weather|SunnyDay|[upkeep]
|upkeep
|turn|7
|inactive|schwipper has 270 seconds left.
|
|t:|1779648252
|-end|p2a: Great Tusk|Protosynthesis|[silent]
|switch|p2a: Iron Valiant|Iron Valiant|100/100
|-enditem|p2a: Iron Valiant|Booster Energy
|-activate|p2a: Iron Valiant|ability: Quark Drive|[fromitem]
|-start|p2a: Iron Valiant|quarkdrivespe
|move|p1a: Walking Wake|Weather Ball|p2a: Iron Valiant
|-damage|p2a: Iron Valiant|2/100
|
|-weather|SunnyDay|[upkeep]
|upkeep
|turn|8
|inactive|schwipper has 270 seconds left.
|
|t:|1779648262
|-end|p1a: Walking Wake|Protosynthesis|[silent]
|switch|p1a: Ceruledge|Ceruledge, F|73/100
|move|p2a: Iron Valiant|Moonblast|p1a: Ceruledge
|-resisted|p1a: Ceruledge
|-damage|p1a: Ceruledge|44/100
|-unboost|p1a: Ceruledge|spa|1
|
|-weather|none
|upkeep
|turn|9
|
|t:|1779648272
|move|p2a: Iron Valiant|Shadow Ball|p1a: Ceruledge
|-supereffective|p1a: Ceruledge
|-damage|p1a: Ceruledge|0 fnt
|faint|p1a: Ceruledge
|
|upkeep
|
|t:|1779648276
|switch|p1a: Ninetales|Ninetales, M|100/100
|-weather|SunnyDay|[from] ability: Drought|[of] p1a: Ninetales
|turn|10
|
|t:|1779648284
|-end|p2a: Iron Valiant|Quark Drive|[silent]
|switch|p2a: Darkrai|Darkrai|100/100
|move|p1a: Ninetales|Will-O-Wisp|p2a: Darkrai
|-status|p2a: Darkrai|brn
|
|-weather|SunnyDay|[upkeep]
|-damage|p2a: Darkrai|94/100 brn|[from] brn
|upkeep
|turn|11
|
|t:|1779648295
|move|p2a: Darkrai|Dark Pulse|p1a: Ninetales
|-damage|p1a: Ninetales|40/100
|cant|p1a: Ninetales|flinch
|
|-weather|SunnyDay|[upkeep]
|-damage|p2a: Darkrai|88/100 brn|[from] brn
|upkeep
|turn|12
|
|t:|1779648302
|switch|p2a: Iron Valiant|Iron Valiant|2/100
|switch|p1a: Zarude|Zarude|100/100
|
|-weather|SunnyDay|[upkeep]
|upkeep
|turn|13
|
|t:|1779648309
|switch|p1a: Cresselia|Cresselia, F|100/100
|move|p2a: Iron Valiant|Moonblast|p1a: Cresselia
|-damage|p1a: Cresselia|75/100
|-enditem|p1a: Cresselia|Eject Button
|
|t:|1779648310
|switch|p1a: Walking Wake|Walking Wake|84/100
|-activate|p1a: Walking Wake|ability: Protosynthesis
|-start|p1a: Walking Wake|protosynthesisspe
|
|-weather|SunnyDay|[upkeep]
|upkeep
|turn|14
|
|t:|1779648318
|move|p1a: Walking Wake|Hydro Steam|p2a: Iron Valiant
|-damage|p2a: Iron Valiant|0 fnt
|faint|p2a: Iron Valiant
|-end|p2a: Iron Valiant|Quark Drive|[silent]
|
|-weather|SunnyDay|[upkeep]
|upkeep
|
|t:|1779648320
|switch|p2a: Dragonite|Dragonite, F|100/100
|turn|15
|
|t:|1779648324
|move|p2a: Dragonite|Dragon Dance|p2a: Dragonite
|-boost|p2a: Dragonite|atk|1
|-boost|p2a: Dragonite|spe|1
|move|p1a: Walking Wake|Dragon Tail|p2a: Dragonite
|-supereffective|p2a: Dragonite
|-damage|p2a: Dragonite|82/100
|drag|p2a: Gholdengo|Gholdengo|100/100
|-item|p2a: Gholdengo|Air Balloon
|
|-weather|SunnyDay|[upkeep]
|upkeep
|turn|16
|
|t:|1779648329
|move|p1a: Walking Wake|Weather Ball|p2a: Gholdengo
|-supereffective|p2a: Gholdengo
|-damage|p2a: Gholdengo|0 fnt
|-enditem|p2a: Gholdengo|Air Balloon
|faint|p2a: Gholdengo
|
|-weather|SunnyDay|[upkeep]
|upkeep
|
|t:|1779648343
|switch|p2a: Dragonite|Dragonite, F|82/100
|turn|17
|
|t:|1779648367
|switch|p2a: Great Tusk|Great Tusk|34/100
|-activate|p2a: Great Tusk|ability: Protosynthesis
|-start|p2a: Great Tusk|protosynthesisspe
|move|p1a: Walking Wake|Draco Meteor|p2a: Great Tusk
|-damage|p2a: Great Tusk|0 fnt
|-unboost|p1a: Walking Wake|spa|2
|faint|p2a: Great Tusk
|-end|p2a: Great Tusk|Protosynthesis|[silent]
|
|-weather|none
|-end|p1a: Walking Wake|Protosynthesis
|upkeep
|c|☆schwipper|ngl, insane that its tail non specs
|
|t:|1779648385
|switch|p2a: Darkrai|Darkrai|88/100 brn
|turn|18
|inactive|Spitfire has 270 seconds left.
|inactive|Spitfire has 240 seconds left.
|inactive|Spitfire has 210 seconds left.
|
|t:|1779648475
|-end|p1a: Walking Wake|Protosynthesis|[silent]
|switch|p1a: Ninetales|Ninetales, M|40/100
|-weather|SunnyDay|[from] ability: Drought|[of] p1a: Ninetales
|move|p2a: Darkrai|Dark Pulse|p1a: Ninetales
|-damage|p1a: Ninetales|0 fnt
|faint|p1a: Ninetales
|
|-weather|SunnyDay|[upkeep]
|-damage|p2a: Darkrai|82/100 brn|[from] brn
|upkeep
|inactive|Spitfire has 210 seconds left.
|inactive|Spitfire has 180 seconds left.
|
|t:|1779648531
|switch|p1a: Walking Wake|Walking Wake|84/100
|-activate|p1a: Walking Wake|ability: Protosynthesis
|-start|p1a: Walking Wake|protosynthesisspe
|turn|19
|inactive|Spitfire has 150 seconds left.
|inactive|schwipper has 270 seconds left.
|inactive|schwipper has 240 seconds left.
|inactive|Spitfire has 120 seconds left.
|
|t:|1779648598
|move|p1a: Walking Wake|Hydro Steam|p2a: Darkrai
|-damage|p2a: Darkrai|0 fnt
|faint|p2a: Darkrai
|
|-weather|SunnyDay|[upkeep]
|upkeep
|
|t:|1779648601
|switch|p2a: Ogerpon|Ogerpon-Wellspring, F|100/100
|turn|20
|inactive|schwipper has 240 seconds left.
|
|t:|1779648623
|move|p1a: Walking Wake|Weather Ball|p2a: Ogerpon
|-damage|p2a: Ogerpon|33/100
|move|p2a: Ogerpon|Play Rough|p1a: Walking Wake
|-supereffective|p1a: Walking Wake
|-damage|p1a: Walking Wake|11/100
|
|-weather|SunnyDay|[upkeep]
|upkeep
|turn|21
|
|t:|1779648635
|move|p2a: Ogerpon|Power Whip|p1a: Walking Wake|[miss]
|-miss|p2a: Ogerpon|p1a: Walking Wake
|move|p1a: Walking Wake|Dragon Tail|p2a: Ogerpon
|-damage|p2a: Ogerpon|13/100
|drag|p2a: Dragonite|Dragonite, F|82/100
|
|-weather|SunnyDay|[upkeep]
|upkeep
|turn|22
|
|t:|1779648640
|move|p2a: Dragonite|Extreme Speed|p1a: Walking Wake
|-damage|p1a: Walking Wake|0 fnt
|faint|p1a: Walking Wake
|-end|p1a: Walking Wake|Protosynthesis|[silent]
|
|-weather|SunnyDay|[upkeep]
|upkeep
|
|t:|1779648642
|switch|p1a: Cresselia|Cresselia, F|75/100
|turn|23
|
|t:|1779648647
|move|p2a: Dragonite|Dragon Dance|p2a: Dragonite
|-boost|p2a: Dragonite|atk|1
|-boost|p2a: Dragonite|spe|1
|move|p1a: Cresselia|Thunder Wave|p2a: Dragonite|[miss]
|-miss|p1a: Cresselia|p2a: Dragonite
|
|-weather|SunnyDay|[upkeep]
|upkeep
|turn|24
|inactive|schwipper has 270 seconds left.
|
|t:|1779648652
|move|p2a: Dragonite|Dragon Dance|p2a: Dragonite
|-boost|p2a: Dragonite|atk|1
|-boost|p2a: Dragonite|spe|1
|move|p1a: Cresselia|Thunder Wave|p2a: Dragonite
|-status|p2a: Dragonite|par
|
|-weather|SunnyDay|[upkeep]
|upkeep
|turn|25
|
|t:|1779648657
|cant|p2a: Dragonite|par
|move|p1a: Cresselia|Lunar Dance|p1a: Cresselia
|faint|p1a: Cresselia
|
|-weather|none
|upkeep
|
|t:|1779648658
|switch|p1a: Great Tusk|Great Tusk|34/100
|-heal|p1a: Great Tusk|100/100|[from] move: Lunar Dance
|turn|26
|
|t:|1779648667
|-terastallize|p2a: Dragonite|Normal
|cant|p2a: Dragonite|par
|move|p1a: Great Tusk|Ice Spinner|p2a: Dragonite
|-damage|p2a: Dragonite|48/100 par
|
|upkeep
|turn|27
|
|t:|1779648672
|-terastallize|p1a: Great Tusk|Steel
|move|p2a: Dragonite|Extreme Speed|p1a: Great Tusk
|-resisted|p1a: Great Tusk
|-damage|p1a: Great Tusk|70/100
|move|p1a: Great Tusk|Close Combat|p2a: Dragonite
|-supereffective|p2a: Dragonite
|-damage|p2a: Dragonite|0 fnt
|-unboost|p1a: Great Tusk|def|1
|-unboost|p1a: Great Tusk|spd|1
|faint|p2a: Dragonite
|
|upkeep
|
|t:|1779648676
|switch|p2a: Ogerpon|Ogerpon-Wellspring, F|13/100
|turn|28
|
|t:|1779648681
|move|p2a: Ogerpon|Ivy Cudgel|p1a: Great Tusk|[anim] Ivy Cudgel Water
|-damage|p1a: Great Tusk|11/100
|move|p1a: Great Tusk|Close Combat|p2a: Ogerpon
|-damage|p2a: Ogerpon|0 fnt
|-unboost|p1a: Great Tusk|def|1
|-unboost|p1a: Great Tusk|spd|1
|faint|p2a: Ogerpon
|
|win|Spitfire
|c|☆schwipper|gg
|c|☆Spitfire|gg
|player|p2|
