|j|☆marrafiku
|j|☆BaiAnt
|t:|1779715445
|gametype|singles
|player|p1|marrafiku|blue|1135
|player|p2|BaiAnt|hilbert|1102
|gen|9
|tier|[Gen 9] OU
|rated|
|rule|HP Percentage Mod: HP is shown in percentages
|rule|Endless Battle Clause: Forcing endless battles is banned
|rule|Species Clause: Limit one of each Pokémon
|rule|OHKO Clause: OHKO moves are banned
|rule|Evasion Items Clause: Evasion items are banned
|rule|Evasion Moves Clause: Evasion moves are banned
|rule|Evasion Abilities Clause: Evasion abilities are banned
|rule|Sleep Moves Clause: Sleep-inducing moves are banned
|clearpoke
|poke|p1|Cloyster, F|
|poke|p1|Ceruledge, F|
|poke|p1|Great Tusk|
|poke|p1|Walking Wake|
|poke|p1|Corviknight, M|
|poke|p1|Toxapex, M|
|poke|p2|Talonflame, F|
|poke|p2|Sceptile, M|
|poke|p2|Walking Wake|
|poke|p2|Iron Valiant|
|poke|p2|Venusaur, F|
|poke|p2|Torkoal, F|
|teampreview
|
|t:|1779715473
|teamsize|p1|6
|teamsize|p2|6
|start
|switch|p1a: Idu|Walking Wake|100/100
|switch|p2a: Torkoal|Torkoal, F|100/100
|-weather|SunnyDay|[from] ability: Drought|[of] p2a: Torkoal
|-activate|p1a: Idu|ability: Protosynthesis
|-start|p1a: Idu|protosynthesisspa
|turn|1
|
|t:|1779715485
|switch|p2a: Miaowa|Venusaur, F|100/100
|-terastallize|p1a: Idu|Water
|move|p1a: Idu|Hydro Steam|p2a: Miaowa
|-resisted|p2a: Miaowa
|-damage|p2a: Miaowa|35/100
|
|-weather|SunnyDay|[upkeep]
|-heal|p2a: Miaowa|41/100|[from] item: Leftovers
|upkeep
|turn|2
|
|t:|1779715501
|-end|p1a: Idu|Protosynthesis|[silent]
|switch|p1a: Sinti|Ceruledge, F|100/100
|move|p2a: Miaowa|Synthesis|p2a: Miaowa
|-heal|p2a: Miaowa|100/100
|
|-weather|SunnyDay|[upkeep]
|upkeep
|turn|3
|
|t:|1779715509
|move|p2a: Miaowa|Protect|p2a: Miaowa
|-singleturn|p2a: Miaowa|Protect
|move|p1a: Sinti|Bitter Blade|p2a: Miaowa
|-activate|p2a: Miaowa|move: Protect
|
|-weather|SunnyDay|[upkeep]
|upkeep
|turn|4
|
|t:|1779715517
|switch|p2a: Walking Wake|Walking Wake|100/100
|-activate|p2a: Walking Wake|ability: Protosynthesis
|-start|p2a: Walking Wake|protosynthesisspa
|move|p1a: Sinti|Swords Dance|p1a: Sinti
|-boost|p1a: Sinti|atk|2
|
|-weather|SunnyDay|[upkeep]
|upkeep
|turn|5
|
|t:|1779715528
|move|p1a: Sinti|Shadow Sneak|p2a: Walking Wake
|-damage|p2a: Walking Wake|59/100
|move|p2a: Walking Wake|Hydro Steam|p1a: Sinti
|-supereffective|p1a: Sinti
|-damage|p1a: Sinti|0 fnt
|faint|p1a: Sinti
|
|-weather|SunnyDay|[upkeep]
|upkeep
|
|t:|1779715539
|switch|p1a: Idu|Walking Wake, tera:Water|100/100
|-activate|p1a: Idu|ability: Protosynthesis
|-start|p1a: Idu|protosynthesisspa
|turn|6
|
|t:|1779715547
|-terastallize|p2a: Walking Wake|Fairy
|move|p1a: Idu|Draco Meteor|p2a: Walking Wake
|-immune|p2a: Walking Wake
|move|p2a: Walking Wake|Draco Meteor|p1a: Idu
|-damage|p1a: Idu|0 fnt
|-unboost|p2a: Walking Wake|spa|2
|faint|p1a: Idu
|-end|p1a: Idu|Protosynthesis|[silent]
|
|-weather|SunnyDay|[upkeep]
|upkeep
|
|t:|1779715559
|switch|p1a: Tripas|Corviknight, M|100/100
|-ability|p1a: Tripas|Pressure
|turn|7
|
|t:|1779715565
|move|p2a: Walking Wake|Flamethrower|p1a: Tripas
|-supereffective|p1a: Tripas
|-damage|p1a: Tripas|52/100
|move|p1a: Tripas|Brave Bird|p2a: Walking Wake
|-damage|p2a: Walking Wake|16/100
|-enditem|p2a: Walking Wake|Sitrus Berry|[eat]
|-heal|p2a: Walking Wake|40/100|[from] item: Sitrus Berry
|-damage|p1a: Tripas|40/100|[from] Recoil
|
|-weather|SunnyDay|[upkeep]
|-heal|p1a: Tripas|46/100|[from] item: Leftovers
|upkeep
|turn|8
|
|t:|1779715579
|-end|p2a: Walking Wake|Protosynthesis|[silent]
|switch|p2a: Torkoal|Torkoal, F|100/100
|move|p1a: Tripas|Brave Bird|p2a: Torkoal
|-damage|p2a: Torkoal|72/100
|-damage|p1a: Tripas|38/100|[from] Recoil
|
|-weather|none
|-heal|p1a: Tripas|45/100|[from] item: Leftovers
|upkeep
|turn|9
|
|t:|1779715590
|move|p1a: Tripas|Roost|p1a: Tripas
|-heal|p1a: Tripas|95/100
|-singleturn|p1a: Tripas|move: Roost
|move|p2a: Torkoal|Lava Plume|p1a: Tripas
|-supereffective|p1a: Tripas
|-damage|p1a: Tripas|49/100
|
|-heal|p1a: Tripas|55/100|[from] item: Leftovers
|upkeep
|turn|10
|
|t:|1779715609
|switch|p2a: JIAN|Talonflame, F|100/100
|move|p1a: Tripas|Bulk Up|p1a: Tripas
|-boost|p1a: Tripas|atk|1
|-boost|p1a: Tripas|def|1
|
|-heal|p1a: Tripas|62/100|[from] item: Leftovers
|upkeep
|turn|11
|
|t:|1779715620
|switch|p2a: Torkoal|Torkoal, F|72/100
|-weather|SunnyDay|[from] ability: Drought|[of] p2a: Torkoal
|switch|p1a: Lif|Toxapex, M|100/100
|
|-weather|SunnyDay|[upkeep]
|upkeep
|turn|12
|
|t:|1779715636
|switch|p2a: Treeck|Sceptile, M|100/100
|move|p1a: Lif|Toxic|p2a: Treeck
|-status|p2a: Treeck|tox
|
|-weather|SunnyDay|[upkeep]
|-damage|p2a: Treeck|94/100 tox|[from] psn
|upkeep
|turn|13
|
|t:|1779715651
|switch|p1a: Tripas|Corviknight, M|62/100
|-ability|p1a: Tripas|Pressure
|move|p2a: Treeck|Dragon Dance|p2a: Treeck
|-boost|p2a: Treeck|atk|1
|-boost|p2a: Treeck|spe|1
|
|-weather|SunnyDay|[upkeep]
|-heal|p1a: Tripas|68/100|[from] item: Leftovers
|-damage|p2a: Treeck|82/100 tox|[from] psn
|upkeep
|turn|14
|
|t:|1779715666
|switch|p2a: Torkoal|Torkoal, F|72/100
|switch|p1a: Lif|Toxapex, M|100/100
|
|-weather|SunnyDay|[upkeep]
|upkeep
|turn|15
|
|t:|1779715675
|switch|p2a: Miaowa|Venusaur, F|100/100
|move|p1a: Lif|Hydro Pump|p2a: Miaowa|[miss]
|-miss|p1a: Lif|p2a: Miaowa
|
|-weather|SunnyDay|[upkeep]
|upkeep
|turn|16
|
|t:|1779715684
|switch|p1a: Tripas|Corviknight, M|68/100
|-ability|p1a: Tripas|Pressure
|move|p2a: Miaowa|Leech Seed|p1a: Tripas
|-start|p1a: Tripas|move: Leech Seed
|
|-weather|SunnyDay|[upkeep]
|-heal|p1a: Tripas|74/100|[from] item: Leftovers
|-damage|p1a: Tripas|62/100|[from] Leech Seed|[of] p2a: Miaowa
|upkeep
|turn|17
|
|t:|1779715696
|switch|p1a: Robert|Great Tusk|100/100
|-activate|p1a: Robert|ability: Protosynthesis
|-start|p1a: Robert|protosynthesisdef
|move|p2a: Miaowa|Protect||[still]
|-fail|p2a: Miaowa
|
|-weather|SunnyDay|[upkeep]
|upkeep
|turn|18
|
|t:|1779715705
|move|p2a: Miaowa|Toxic|p1a: Robert
|-status|p1a: Robert|tox
|move|p1a: Robert|Stealth Rock|p2a: Miaowa
|-sidestart|p2: BaiAnt|move: Stealth Rock
|
|-weather|none
|-end|p1a: Robert|Protosynthesis
|-damage|p1a: Robert|94/100 tox|[from] psn
|upkeep
|turn|19
|
|t:|1779715714
|-end|p1a: Robert|Protosynthesis|[silent]
|switch|p1a: Lif|Toxapex, M|100/100
|move|p2a: Miaowa|Leech Seed|p1a: Lif
|-start|p1a: Lif|move: Leech Seed
|
|-damage|p1a: Lif|88/100|[from] Leech Seed|[of] p2a: Miaowa
|upkeep
|turn|20
|
|t:|1779715723
|switch|p1a: Rami|Cloyster, F|100/100
|move|p2a: Miaowa|Protect||[still]
|-fail|p2a: Miaowa
|
|upkeep
|turn|21
|
|t:|1779715729
|move|p1a: Rami|Shell Smash|p1a: Rami
|-unboost|p1a: Rami|def|1
|-unboost|p1a: Rami|spd|1
|-boost|p1a: Rami|atk|2
|-boost|p1a: Rami|spa|2
|-boost|p1a: Rami|spe|2
|-enditem|p1a: Rami|White Herb
|-clearnegativeboost|p1a: Rami|[silent]
|move|p2a: Miaowa|Toxic|p1a: Rami
|-status|p1a: Rami|tox
|
|-damage|p1a: Rami|94/100 tox|[from] psn
|upkeep
|turn|22
|
|t:|1779715742
|move|p2a: Miaowa|Protect|p2a: Miaowa
|-singleturn|p2a: Miaowa|Protect
|move|p1a: Rami|Icicle Spear|p2a: Miaowa
|-activate|p2a: Miaowa|move: Protect
|
|-damage|p1a: Rami|82/100 tox|[from] psn
|upkeep
|turn|23
|
|t:|1779715754
|switch|p2a: Torkoal|Torkoal, F|72/100
|-damage|p2a: Torkoal|47/100|[from] Stealth Rock
|-weather|SunnyDay|[from] ability: Drought|[of] p2a: Torkoal
|move|p1a: Rami|Icicle Spear|p2a: Torkoal
|-resisted|p2a: Torkoal
|-damage|p2a: Torkoal|39/100
|-resisted|p2a: Torkoal
|-damage|p2a: Torkoal|31/100
|-resisted|p2a: Torkoal
|-damage|p2a: Torkoal|24/100
|-resisted|p2a: Torkoal
|-damage|p2a: Torkoal|16/100
|-resisted|p2a: Torkoal
|-crit|p2a: Torkoal
|-damage|p2a: Torkoal|4/100
|-hitcount|p2a: Torkoal|5
|
|-weather|SunnyDay|[upkeep]
|-damage|p1a: Rami|63/100 tox|[from] psn
|upkeep
|turn|24
|
|t:|1779715772
|move|p1a: Rami|Rock Blast|p2a: Torkoal
|-supereffective|p2a: Torkoal
|-damage|p2a: Torkoal|0 fnt
|faint|p2a: Torkoal
|-hitcount|p2: Torkoal|1
|
|-weather|SunnyDay|[upkeep]
|-damage|p1a: Rami|39/100 tox|[from] psn
|upkeep
|
|t:|1779715800
|switch|p2a: Iron Valiant|Iron Valiant|100/100
|-damage|p2a: Iron Valiant|94/100|[from] Stealth Rock
|-enditem|p2a: Iron Valiant|Booster Energy
|-activate|p2a: Iron Valiant|ability: Quark Drive|[fromitem]
|-start|p2a: Iron Valiant|quarkdrivespe
|turn|25
|
|t:|1779715809
|move|p2a: Iron Valiant|Thunder Punch|p1a: Rami
|-supereffective|p1a: Rami
|-damage|p1a: Rami|0 fnt
|faint|p1a: Rami
|
|-weather|SunnyDay|[upkeep]
|upkeep
|
|t:|1779715816
|switch|p1a: Tripas|Corviknight, M|62/100
|-ability|p1a: Tripas|Pressure
|turn|26
|
|t:|1779715825
|move|p2a: Iron Valiant|Thunder Punch|p1a: Tripas
|-supereffective|p1a: Tripas
|-damage|p1a: Tripas|24/100
|move|p1a: Tripas|Brave Bird|p2a: Iron Valiant
|-supereffective|p2a: Iron Valiant
|-damage|p2a: Iron Valiant|7/100
|-damage|p1a: Tripas|3/100|[from] Recoil
|
|-weather|SunnyDay|[upkeep]
|-heal|p1a: Tripas|9/100|[from] item: Leftovers
|upkeep
|turn|27
|
|t:|1779715836
|move|p2a: Iron Valiant|Thunder Punch|p1a: Tripas
|-supereffective|p1a: Tripas
|-damage|p1a: Tripas|0 fnt
|faint|p1a: Tripas
|
|-weather|SunnyDay|[upkeep]
|upkeep
|
|t:|1779715843
|switch|p1a: Robert|Great Tusk|94/100 tox
|-activate|p1a: Robert|ability: Protosynthesis
|-start|p1a: Robert|protosynthesisdef
|turn|28
|
|t:|1779715850
|move|p2a: Iron Valiant|Spirit Break|p1a: Robert
|-supereffective|p1a: Robert
|-damage|p1a: Robert|62/100 tox
|-unboost|p1a: Robert|spa|1
|move|p1a: Robert|Rapid Spin|p2a: Iron Valiant
|-damage|p2a: Iron Valiant|0 fnt
|-boost|p1a: Robert|spe|1
|faint|p2a: Iron Valiant
|-end|p2a: Iron Valiant|Quark Drive|[silent]
|
|-weather|SunnyDay|[upkeep]
|-heal|p1a: Robert|68/100 tox|[from] item: Leftovers
|-damage|p1a: Robert|62/100 tox|[from] psn
|upkeep
|
|t:|1779715864
|switch|p2a: JIAN|Talonflame, F|100/100
|turn|29
|
|t:|1779715868
|move|p2a: JIAN|Swords Dance|p2a: JIAN
|-boost|p2a: JIAN|atk|2
|move|p1a: Robert|Stone Edge|p2a: JIAN|[miss]
|-miss|p1a: Robert|p2a: JIAN
|
|-weather|SunnyDay|[upkeep]
|-heal|p1a: Robert|68/100 tox|[from] item: Leftovers
|-damage|p1a: Robert|56/100 tox|[from] psn
|upkeep
|turn|30
|
|t:|1779715880
|move|p2a: JIAN|Brave Bird|p1a: Robert
|-supereffective|p1a: Robert
|-damage|p1a: Robert|0 fnt
|faint|p1a: Robert
|-end|p1a: Robert|Protosynthesis|[silent]
|-damage|p2a: JIAN|76/100|[from] Recoil
|
|-weather|none
|upkeep
|-message|marrafiku forfeited.
|
|win|BaiAnt
|raw|marrafiku's rating: 1135 &rarr; <strong>1108</strong><br />(-27 for losing)
|raw|BaiAnt's rating: 1102 &rarr; <strong>1129</strong><br />(+27 for winning)
|l|☆marrafiku
|player|p1|
