|j|☆lunarfae
|j|☆Literally Trish
|t:|1779676112
|gametype|singles
|player|p1|lunarfae|doubleteam|1120
|player|p2|Literally Trish|bianca|1104
|gen|9
|tier|[Gen 9] OU
|rated|
|rule|HP Percentage Mod: HP is shown in percentages
|rule|Endless Battle Clause: Forcing endless battles is banned
|rule|Species Clause: Limit one of each Pokémon
|rule|OHKO Clause: OHKO moves are banned
|rule|Evasion Items Clause: Evasion items are banned
|rule|Evasion Moves Clause: Evasion moves are banned
|rule|Evasion Abilities Clause: Evasion abilities are banned
|rule|Sleep Moves Clause: Sleep-inducing moves are banned
|clearpoke
|poke|p1|Mandibuzz, F|
|poke|p1|Goodra-Hisui, M|
|poke|p1|Registeel|
|poke|p1|Jumpluff, F|
|poke|p1|Vaporeon, F|
|poke|p1|Mudsdale, F|
|poke|p2|Iron Valiant|
|poke|p2|Fezandipiti, M|
|poke|p2|Empoleon, M|
|poke|p2|Infernape, M|
|poke|p2|Bronzong|
|poke|p2|Rotom-Fan|
|teampreview
|inactive|Battle timer is ON: inactive players will automatically lose when time's up. (requested by Literally Trish)
|
|t:|1779676131
|teamsize|p1|6
|teamsize|p2|6
|start
|switch|p1a: Vaporeon|Vaporeon, F|100/100
|switch|p2a: Abbacchio|Bronzong|100/100
|turn|1
|
|t:|1779676138
|move|p1a: Vaporeon|Flip Turn|p2a: Abbacchio
|-damage|p2a: Abbacchio|86/100
|
|t:|1779676143
|switch|p1a: Goodra|Goodra-Hisui, M|100/100|[from] Flip Turn
|move|p2a: Abbacchio|Stealth Rock|p1a: Goodra
|-sidestart|p1: lunarfae|move: Stealth Rock
|
|-heal|p2a: Abbacchio|92/100|[from] item: Leftovers
|upkeep
|turn|2
|
|t:|1779676152
|move|p1a: Goodra|Fire Blast|p2a: Abbacchio
|-supereffective|p2a: Abbacchio
|-damage|p2a: Abbacchio|43/100
|-status|p2a: Abbacchio|brn
|move|p2a: Abbacchio|Psychic Noise|p1a: Goodra
|-resisted|p1a: Goodra
|-damage|p1a: Goodra|96/100
|-start|p1a: Goodra|move: Heal Block
|
|-heal|p2a: Abbacchio|49/100 brn|[from] item: Leftovers
|-damage|p2a: Abbacchio|43/100 brn|[from] brn
|upkeep
|turn|3
|
|t:|1779676165
|switch|p1a: Mandibuzz|Mandibuzz, F|100/100
|move|p2a: Abbacchio|Ice Spinner|p1a: Mandibuzz
|-supereffective|p1a: Mandibuzz
|-damage|p1a: Mandibuzz|91/100
|
|-heal|p2a: Abbacchio|49/100 brn|[from] item: Leftovers
|-damage|p2a: Abbacchio|43/100 brn|[from] brn
|upkeep
|turn|4
|
|t:|1779676171
|move|p1a: Mandibuzz|Defog|p2a: Abbacchio
|-unboost|p2a: Abbacchio|evasion|1
|-sideend|p1: lunarfae|Stealth Rock|[from] move: Defog|[of] p1a: Mandibuzz
|move|p2a: Abbacchio|Ice Spinner|p1a: Mandibuzz
|-supereffective|p1a: Mandibuzz
|-damage|p1a: Mandibuzz|82/100
|
|-heal|p2a: Abbacchio|49/100 brn|[from] item: Leftovers
|-damage|p2a: Abbacchio|43/100 brn|[from] brn
|upkeep
|turn|5
|
|t:|1779676177
|move|p1a: Mandibuzz|Foul Play|p2a: Abbacchio
|-supereffective|p2a: Abbacchio
|-damage|p2a: Abbacchio|0 fnt
|faint|p2a: Abbacchio
|
|upkeep
|
|t:|1779676186
|switch|p2a: Bucciarati|Empoleon, M, shiny|100/100
|turn|6
|
|t:|1779676191
|switch|p1a: Jumpluff|Jumpluff, F, shiny|100/100
|move|p2a: Bucciarati|Ice Beam|p1a: Jumpluff
|-supereffective|p1a: Jumpluff
|-damage|p1a: Jumpluff|4/100
|
|upkeep
|turn|7
|
|t:|1779676199
|-terastallize|p1a: Jumpluff|Fairy
|move|p1a: Jumpluff|Strength Sap|p2a: Bucciarati
|-unboost|p2a: Bucciarati|atk|1
|-ability|p2a: Bucciarati|Competitive|boost
|-boost|p2a: Bucciarati|spa|2
|-heal|p1a: Jumpluff|52/100
|move|p2a: Bucciarati|Ice Beam|p1a: Jumpluff
|-damage|p1a: Jumpluff|0 fnt
|faint|p1a: Jumpluff
|
|upkeep
|
|t:|1779676211
|switch|p1a: Goodra|Goodra-Hisui, M|96/100
|turn|8
|
|t:|1779676225
|move|p1a: Goodra|Fire Blast|p2a: Bucciarati|[miss]
|-miss|p1a: Goodra|p2a: Bucciarati
|move|p2a: Bucciarati|Ice Beam|p1a: Goodra
|-damage|p1a: Goodra|68/100
|
|upkeep
|turn|9
|
|t:|1779676232
|move|p1a: Goodra|Fire Blast|p2a: Bucciarati
|-damage|p2a: Bucciarati|66/100
|move|p2a: Bucciarati|Ice Beam|p1a: Goodra
|-damage|p1a: Goodra|41/100
|
|-heal|p2a: Bucciarati|72/100|[from] item: Leftovers
|upkeep
|turn|10
|
|t:|1779676239
|switch|p1a: Vaporeon|Vaporeon, F|100/100
|move|p2a: Bucciarati|Roost|p2a: Bucciarati
|-heal|p2a: Bucciarati|100/100
|-singleturn|p2a: Bucciarati|move: Roost
|
|upkeep
|turn|11
|
|t:|1779676243
|move|p1a: Vaporeon|Wish|p1a: Vaporeon
|move|p2a: Bucciarati|Grass Knot|p1a: Vaporeon
|-supereffective|p1a: Vaporeon
|-damage|p1a: Vaporeon|55/100
|
|-heal|p1a: Vaporeon|61/100|[from] item: Leftovers
|upkeep
|turn|12
|
|t:|1779676250
|move|p1a: Vaporeon|Flip Turn|p2a: Bucciarati
|-resisted|p2a: Bucciarati
|-damage|p2a: Bucciarati|93/100
|
|t:|1779676252
|switch|p1a: Goodra|Goodra-Hisui, M|41/100|[from] Flip Turn
|move|p2a: Bucciarati|Grass Knot|p1a: Goodra
|-ability|p1a: Goodra|Sap Sipper|boost
|-boost|p1a: Goodra|atk|1
|
|-heal|p1a: Goodra|100/100|[from] move: Wish|[wisher] Vaporeon
|-heal|p2a: Bucciarati|99/100|[from] item: Leftovers
|upkeep
|turn|13
|
|t:|1779676261
|move|p2a: Bucciarati|Ice Beam|p1a: Goodra
|-damage|p1a: Goodra|74/100
|move|p1a: Goodra|Fire Blast|p2a: Bucciarati|[miss]
|-miss|p1a: Goodra|p2a: Bucciarati
|
|-heal|p2a: Bucciarati|100/100|[from] item: Leftovers
|upkeep
|turn|14
|
|t:|1779676267
|move|p2a: Bucciarati|Ice Beam|p1a: Goodra
|-crit|p1a: Goodra
|-damage|p1a: Goodra|32/100
|move|p1a: Goodra|Fire Blast|p2a: Bucciarati
|-damage|p2a: Bucciarati|65/100
|
|-heal|p2a: Bucciarati|71/100|[from] item: Leftovers
|upkeep
|turn|15
|
|t:|1779676275
|switch|p1a: Vaporeon|Vaporeon, F|61/100
|move|p2a: Bucciarati|Roost|p2a: Bucciarati
|-heal|p2a: Bucciarati|100/100
|-singleturn|p2a: Bucciarati|move: Roost
|
|-heal|p1a: Vaporeon|67/100|[from] item: Leftovers
|upkeep
|turn|16
|
|t:|1779676279
|move|p1a: Vaporeon|Wish|p1a: Vaporeon
|move|p2a: Bucciarati|Grass Knot|p1a: Vaporeon
|-supereffective|p1a: Vaporeon
|-damage|p1a: Vaporeon|21/100
|
|-heal|p1a: Vaporeon|27/100|[from] item: Leftovers
|upkeep
|turn|17
|
|t:|1779676283
|move|p1a: Vaporeon|Protect|p1a: Vaporeon
|-singleturn|p1a: Vaporeon|Protect
|move|p2a: Bucciarati|Ice Beam|p1a: Vaporeon
|-activate|p1a: Vaporeon|move: Protect
|
|-heal|p1a: Vaporeon|77/100|[from] move: Wish|[wisher] Vaporeon
|-heal|p1a: Vaporeon|83/100|[from] item: Leftovers
|upkeep
|turn|18
|
|t:|1779676288
|move|p1a: Vaporeon|Wish|p1a: Vaporeon
|move|p2a: Bucciarati|Grass Knot|p1a: Vaporeon
|-supereffective|p1a: Vaporeon
|-damage|p1a: Vaporeon|34/100
|
|-heal|p1a: Vaporeon|40/100|[from] item: Leftovers
|upkeep
|turn|19
|
|t:|1779676291
|move|p1a: Vaporeon|Protect|p1a: Vaporeon
|-singleturn|p1a: Vaporeon|Protect
|move|p2a: Bucciarati|Ice Beam|p1a: Vaporeon
|-activate|p1a: Vaporeon|move: Protect
|
|-heal|p1a: Vaporeon|90/100|[from] move: Wish|[wisher] Vaporeon
|-heal|p1a: Vaporeon|96/100|[from] item: Leftovers
|upkeep
|turn|20
|
|t:|1779676295
|move|p1a: Vaporeon|Wish|p1a: Vaporeon
|move|p2a: Bucciarati|Grass Knot|p1a: Vaporeon
|-supereffective|p1a: Vaporeon
|-crit|p1a: Vaporeon
|-damage|p1a: Vaporeon|26/100
|
|-heal|p1a: Vaporeon|32/100|[from] item: Leftovers
|upkeep
|turn|21
|
|t:|1779676298
|move|p1a: Vaporeon|Protect|p1a: Vaporeon
|-singleturn|p1a: Vaporeon|Protect
|move|p2a: Bucciarati|Grass Knot|p1a: Vaporeon
|-activate|p1a: Vaporeon|move: Protect
|
|-heal|p1a: Vaporeon|82/100|[from] move: Wish|[wisher] Vaporeon
|-heal|p1a: Vaporeon|88/100|[from] item: Leftovers
|upkeep
|turn|22
|
|t:|1779676303
|switch|p1a: Goodra|Goodra-Hisui, M|32/100
|move|p2a: Bucciarati|Grass Knot|p1a: Goodra
|-ability|p1a: Goodra|Sap Sipper|boost
|-boost|p1a: Goodra|atk|1
|
|upkeep
|turn|23
|
|t:|1779676308
|switch|p1a: Vaporeon|Vaporeon, F|88/100
|move|p2a: Bucciarati|Ice Beam|p1a: Vaporeon
|-resisted|p1a: Vaporeon
|-damage|p1a: Vaporeon|70/100
|-status|p1a: Vaporeon|frz
|
|-heal|p1a: Vaporeon|76/100 frz|[from] item: Leftovers
|upkeep
|turn|24
|
|t:|1779676313
|switch|p1a: Registeel|Registeel, shiny|100/100
|move|p2a: Bucciarati|Grass Knot|p1a: Registeel
|-resisted|p1a: Registeel
|-damage|p1a: Registeel|79/100
|
|upkeep
|turn|25
|
|t:|1779676318
|move|p2a: Bucciarati|Surf|p1a: Registeel
|-damage|p1a: Registeel|35/100
|move|p1a: Registeel|Thunder Wave|p2a: Bucciarati
|-status|p2a: Bucciarati|par
|
|upkeep
|turn|26
|
|t:|1779676327
|move|p1a: Registeel|Rest|p1a: Registeel
|-status|p1a: Registeel|slp|[from] move: Rest
|-heal|p1a: Registeel|100/100 slp|[silent]
|-enditem|p1a: Registeel|Chesto Berry|[eat]
|-curestatus|p1a: Registeel|slp|[msg]
|move|p2a: Bucciarati|Grass Knot|p1a: Registeel
|-resisted|p1a: Registeel
|-damage|p1a: Registeel|78/100
|
|upkeep
|turn|27
|
|t:|1779676333
|switch|p1a: Vaporeon|Vaporeon, F|76/100 frz
|move|p2a: Bucciarati|Grass Knot|p1a: Vaporeon
|-supereffective|p1a: Vaporeon
|-damage|p1a: Vaporeon|30/100 frz
|
|-heal|p1a: Vaporeon|36/100 frz|[from] item: Leftovers
|upkeep
|turn|28
|
|t:|1779676338
|cant|p1a: Vaporeon|frz
|move|p2a: Bucciarati|Grass Knot|p1a: Vaporeon
|-supereffective|p1a: Vaporeon
|-damage|p1a: Vaporeon|0 fnt
|faint|p1a: Vaporeon
|
|upkeep
|
|t:|1779676344
|switch|p1a: Mudsdale|Mudsdale, F|100/100
|turn|29
|
|t:|1779676351
|move|p1a: Mudsdale|Body Press|p2a: Bucciarati
|-supereffective|p2a: Bucciarati
|-damage|p2a: Bucciarati|50/100 par
|move|p2a: Bucciarati|Grass Knot|p1a: Mudsdale
|-supereffective|p1a: Mudsdale
|-damage|p1a: Mudsdale|0 fnt
|-damage|p2a: Bucciarati|34/100 par|[from] item: Rocky Helmet|[of] p1a: Mudsdale
|faint|p1a: Mudsdale
|
|-heal|p2a: Bucciarati|40/100 par|[from] item: Leftovers
|upkeep
|-message|lunarfae forfeited.
|
|win|Literally Trish
|raw|lunarfae's rating: 1120 &rarr; <strong>1094</strong><br />(-26 for losing)
|raw|Literally Trish's rating: 1104 &rarr; <strong>1130</strong><br />(+26 for winning)
|l|☆lunarfae
|player|p1|
