|j|☆aceryo011
|j|☆smashthehedgehog
|t:|1779684089
|gametype|singles
|player|p1|aceryo011|2|1112
|player|p2|smashthehedgehog|1|1106
|gen|9
|tier|[Gen 9] OU
|rated|
|rule|HP Percentage Mod: HP is shown in percentages
|rule|Endless Battle Clause: Forcing endless battles is banned
|rule|Species Clause: Limit one of each Pokémon
|rule|OHKO Clause: OHKO moves are banned
|rule|Evasion Items Clause: Evasion items are banned
|rule|Evasion Moves Clause: Evasion moves are banned
|rule|Evasion Abilities Clause: Evasion abilities are banned
|rule|Sleep Moves Clause: Sleep-inducing moves are banned
|clearpoke
|poke|p1|Hatterene, F|
|poke|p1|Ursaluna, M|
|poke|p1|Porygon2|
|poke|p1|Cresselia, F|
|poke|p1|Iron Hands|
|poke|p1|Volcanion|
|poke|p2|Infernape, M|
|poke|p2|Tyranitar, M|
|poke|p2|Enamorus, F|
|poke|p2|Gliscor, M|
|poke|p2|Kingambit, M|
|poke|p2|Greninja-*, M|
|teampreview
|inactive|Battle timer is ON: inactive players will automatically lose when time's up. (requested by aceryo011)
|inactive|aceryo011 has 120 seconds left.
|
|t:|1779684124
|teamsize|p1|6
|teamsize|p2|6
|start
|switch|p1a: Hatterene|Hatterene, F, shiny|100/100
|switch|p2a: KOWTOW QUEVEE|Kingambit, M|100/100
|turn|1
|c|☆smashthehedgehog|can I survive 5 turns in trick room?
|
|t:|1779684136
|move|p2a: KOWTOW QUEVEE|Shadow Claw|p1a: Hatterene
|-supereffective|p1a: Hatterene
|-damage|p1a: Hatterene|5/100
|move|p1a: Hatterene|Trick Room|p1a: Hatterene
|-fieldstart|move: Trick Room|[of] p1a: Hatterene
|
|upkeep
|turn|2
|
|t:|1779684157
|-end|p2a: KOWTOW QUEVEE|fallenundefined|[silent]
|switch|p2a: Tyranitar|Tyranitar, M|100/100
|-weather|Sandstorm|[from] ability: Sand Stream|[of] p2a: Tyranitar
|move|p1a: Hatterene|Healing Wish|p1a: Hatterene
|faint|p1a: Hatterene
|
|-weather|Sandstorm|[upkeep]
|upkeep
|
|t:|1779684165
|switch|p1a: Ursaluna|Ursaluna, M|100/100
|turn|3
|
|t:|1779684175
|move|p1a: Ursaluna|Headlong Rush|p2a: Tyranitar
|-supereffective|p2a: Tyranitar
|-damage|p2a: Tyranitar|0 fnt
|-unboost|p1a: Ursaluna|def|1
|-unboost|p1a: Ursaluna|spd|1
|faint|p2a: Tyranitar
|
|-weather|Sandstorm|[upkeep]
|-status|p1a: Ursaluna|brn|[from] item: Flame Orb
|upkeep
|
|t:|1779684186
|switch|p2a: Infernape|Infernape, M|100/100
|-item|p2a: Infernape|Air Balloon
|turn|4
|
|t:|1779684191
|move|p2a: Infernape|Fake Out|p1a: Ursaluna
|-damage|p1a: Ursaluna|87/100 brn
|cant|p1a: Ursaluna|flinch
|
|-weather|Sandstorm|[upkeep]
|-damage|p2a: Infernape|94/100|[from] Sandstorm
|-damage|p1a: Ursaluna|81/100 brn|[from] brn
|upkeep
|turn|5
|
|t:|1779684198
|switch|p2a: Gliscor|Gliscor, M|100/100
|move|p1a: Ursaluna|Facade|p2a: Gliscor
|-damage|p2a: Gliscor|0 fnt
|faint|p2a: Gliscor
|
|-weather|Sandstorm|[upkeep]
|-damage|p1a: Ursaluna|75/100 brn|[from] brn
|-fieldend|move: Trick Room
|upkeep
|
|t:|1779684207
|switch|p2a: Greninja|Greninja, M|100/100
|turn|6
|
|t:|1779684218
|switch|p1a: Porygon2|Porygon2|100/100
|-ability|p1a: Porygon2|Download|boost
|-boost|p1a: Porygon2|atk|1
|move|p2a: Greninja|Grass Knot|p1a: Porygon2
|-damage|p1a: Porygon2|88/100
|
|-weather|none
|upkeep
|turn|7
|
|t:|1779684231
|move|p2a: Greninja|Ice Beam|p1a: Porygon2
|-damage|p1a: Porygon2|72/100
|move|p1a: Porygon2|Trick Room|p1a: Porygon2
|-fieldstart|move: Trick Room|[of] p1a: Porygon2
|
|upkeep
|turn|8
|c|☆smashthehedgehog|CAN I SURVIVE 5 MORE TURNS IN TRICK ROOM???
|
|t:|1779684261
|switch|p1a: Iron Hands|Iron Hands|100/100
|move|p2a: Greninja|Hydro Pump|p1a: Iron Hands
|-damage|p1a: Iron Hands|60/100
|
|upkeep
|turn|9
|
|t:|1779684272
|switch|p2a: Infernape|Infernape, M|94/100
|-item|p2a: Infernape|Air Balloon
|move|p1a: Iron Hands|Drain Punch|p2a: Infernape
|-damage|p2a: Infernape|0 fnt
|-heal|p1a: Iron Hands|87/100|[from] drain|[of] p2a: Infernape
|-enditem|p2a: Infernape|Air Balloon
|faint|p2a: Infernape
|-damage|p1a: Iron Hands|77/100|[from] item: Life Orb
|
|upkeep
|
|t:|1779684280
|switch|p2a: KOWTOW QUEVEE|Kingambit, M|100/100
|-activate|p2a: KOWTOW QUEVEE|ability: Supreme Overlord
|-start|p2a: KOWTOW QUEVEE|fallen3|[silent]
|turn|10
|
|t:|1779684285
|move|p1a: Iron Hands|Drain Punch|p2a: KOWTOW QUEVEE
|-supereffective|p2a: KOWTOW QUEVEE
|-damage|p2a: KOWTOW QUEVEE|0 fnt
|-heal|p1a: Iron Hands|100/100|[from] drain|[of] p2a: KOWTOW QUEVEE
|faint|p2a: KOWTOW QUEVEE
|-end|p2a: KOWTOW QUEVEE|fallen3|[silent]
|-damage|p1a: Iron Hands|91/100|[from] item: Life Orb
|
|upkeep
|
|t:|1779684289
|switch|p2a: Enamorus|Enamorus, F|100/100
|turn|11
|
|t:|1779684296
|-terastallize|p2a: Enamorus|Fairy
|move|p1a: Iron Hands|Wild Charge|p2a: Enamorus
|-damage|p2a: Enamorus|0 fnt
|faint|p2a: Enamorus
|-damage|p1a: Iron Hands|76/100|[from] Recoil
|-damage|p1a: Iron Hands|66/100|[from] item: Life Orb
|
|-fieldend|move: Trick Room
|upkeep
|
|t:|1779684301
|switch|p2a: Greninja|Greninja, M|100/100
|turn|12
|
|t:|1779684308
|move|p2a: Greninja|Taunt|p1a: Iron Hands
|-start|p1a: Iron Hands|move: Taunt
|move|p1a: Iron Hands|Drain Punch|p2a: Greninja
|-supereffective|p2a: Greninja
|-damage|p2a: Greninja|0 fnt
|-heal|p1a: Iron Hands|94/100|[from] drain|[of] p2a: Greninja
|faint|p2a: Greninja
|-damage|p1a: Iron Hands|84/100|[from] item: Life Orb
|
|win|aceryo011
|raw|aceryo011's rating: 1112 &rarr; <strong>1137</strong><br />(+25 for winning)
|raw|smashthehedgehog's rating: 1106 &rarr; <strong>1081</strong><br />(-25 for losing)
|l|☆aceryo011
|player|p1|
|c|☆smashthehedgehog|gg
|l|☆smashthehedgehog
|player|p2|
