|j|☆the 2nd clawming
|j|☆Dicosirio
|t:|1779623690
|gametype|singles
|player|p1|the 2nd clawming|#omclihearttakers|1526
|player|p2|Dicosirio|lucas|1450
|gen|9
|tier|[Gen 9] OU
|rated|
|rule|HP Percentage Mod: HP is shown in percentages
|rule|Endless Battle Clause: Forcing endless battles is banned
|rule|Species Clause: Limit one of each Pokémon
|rule|OHKO Clause: OHKO moves are banned
|rule|Evasion Items Clause: Evasion items are banned
|rule|Evasion Moves Clause: Evasion moves are banned
|rule|Evasion Abilities Clause: Evasion abilities are banned
|rule|Sleep Moves Clause: Sleep-inducing moves are banned
|clearpoke
|poke|p1|Ninetales, F|
|poke|p1|Great Tusk|
|poke|p1|Walking Wake|
|poke|p1|Brute Bonnet|
|poke|p1|Talonflame, M|
|poke|p1|Hatterene, F|
|poke|p2|Zamazenta-*|
|poke|p2|Dragapult, M|
|poke|p2|Pecharunt|
|poke|p2|Ogerpon-Wellspring, F|
|poke|p2|Iron Treads|
|poke|p2|Kingambit, M|
|teampreview
|inactive|Battle timer is ON: inactive players will automatically lose when time's up. (requested by the 2nd clawming)
|c|☆Dicosirio|glhf
|c|☆the 2nd clawming|glhf
|c|☆Dicosirio|ty
|inactive|Dicosirio has 120 seconds left.
|
|t:|1779623721
|teamsize|p1|6
|teamsize|p2|6
|start
|switch|p1a: Ninetales|Ninetales, F|100/100
|switch|p2a: Pecharunt|Pecharunt|100/100
|-weather|SunnyDay|[from] ability: Drought|[of] p1a: Ninetales
|turn|1
|
|t:|1779623734
|move|p1a: Ninetales|Overheat|p2a: Pecharunt
|-damage|p2a: Pecharunt|46/100
|-unboost|p1a: Ninetales|spa|2
|move|p2a: Pecharunt|Nasty Plot|p2a: Pecharunt
|-boost|p2a: Pecharunt|spa|2
|
|-weather|SunnyDay|[upkeep]
|-heal|p2a: Pecharunt|52/100|[from] item: Leftovers
|upkeep
|turn|2
|
|t:|1779623743
|move|p1a: Ninetales|Encore|p2a: Pecharunt
|-start|p2a: Pecharunt|Encore
|move|p2a: Pecharunt|Nasty Plot|p2a: Pecharunt
|-boost|p2a: Pecharunt|spa|2
|
|-weather|SunnyDay|[upkeep]
|-heal|p2a: Pecharunt|58/100|[from] item: Leftovers
|upkeep
|turn|3
|
|t:|1779623759
|switch|p2a: Zamazenta|Zamazenta|100/100
|-ability|p2a: Zamazenta|Dauntless Shield|boost
|-boost|p2a: Zamazenta|def|1
|move|p1a: Ninetales|Will-O-Wisp|p2a: Zamazenta|[miss]
|-miss|p1a: Ninetales|p2a: Zamazenta
|
|-weather|SunnyDay|[upkeep]
|upkeep
|turn|4
|
|t:|1779623781
|move|p2a: Zamazenta|Close Combat|p1a: Ninetales
|-damage|p1a: Ninetales|43/100
|-unboost|p2a: Zamazenta|def|1
|-unboost|p2a: Zamazenta|spd|1
|move|p1a: Ninetales|Will-O-Wisp|p2a: Zamazenta|[miss]
|-miss|p1a: Ninetales|p2a: Zamazenta
|
|-weather|SunnyDay|[upkeep]
|upkeep
|turn|5
|c|☆Dicosirio|I'm sorry
|
|t:|1779623794
|switch|p1a: Hatterene|Hatterene, F|100/100
|move|p2a: Zamazenta|Close Combat|p1a: Hatterene
|-resisted|p1a: Hatterene
|-damage|p1a: Hatterene|91/100
|-unboost|p2a: Zamazenta|def|1
|-unboost|p2a: Zamazenta|spd|1
|-enditem|p1a: Hatterene|Eject Button
|
|t:|1779623800
|switch|p1a: Walking Wake|Walking Wake|100/100
|-activate|p1a: Walking Wake|ability: Protosynthesis
|-start|p1a: Walking Wake|protosynthesisspe
|
|-weather|SunnyDay|[upkeep]
|upkeep
|turn|6
|
|t:|1779623808
|switch|p2a: Ogerpon|Ogerpon-Wellspring, F|100/100
|move|p1a: Walking Wake|Flamethrower|p2a: Ogerpon
|-damage|p2a: Ogerpon|35/100
|-damage|p1a: Walking Wake|91/100|[from] item: Life Orb
|
|-weather|SunnyDay|[upkeep]
|upkeep
|turn|7
|
|t:|1779623831
|-terastallize|p2a: Ogerpon|Water
|detailschange|p2a: Ogerpon|Ogerpon-Wellspring-Tera, F, tera:Water
|-ability|p2a: Ogerpon|Embody Aspect (Wellspring)|boost
|-boost|p2a: Ogerpon|spd|1
|move|p1a: Walking Wake|Flamethrower|p2a: Ogerpon
|-resisted|p2a: Ogerpon
|-damage|p2a: Ogerpon|10/100
|-damage|p1a: Walking Wake|81/100|[from] item: Life Orb
|move|p2a: Ogerpon|Horn Leech|p1a: Walking Wake
|-damage|p1a: Walking Wake|32/100
|-heal|p2a: Ogerpon|38/100|[from] drain|[of] p1a: Walking Wake
|
|-weather|SunnyDay|[upkeep]
|upkeep
|turn|8
|
|t:|1779623850
|switch|p2a: Zamazenta|Zamazenta|100/100
|-terastallize|p1a: Walking Wake|Water
|move|p1a: Walking Wake|Hydro Steam|p2a: Zamazenta
|-damage|p2a: Zamazenta|14/100
|-damage|p1a: Walking Wake|22/100|[from] item: Life Orb
|
|-weather|none
|-end|p1a: Walking Wake|Protosynthesis
|upkeep
|turn|9
|
|t:|1779623860
|-end|p1a: Walking Wake|Protosynthesis|[silent]
|switch|p1a: Hatterene|Hatterene, F|91/100
|move|p2a: Zamazenta|Light Screen|p2a: Zamazenta
|-sidestart|p2: Dicosirio|move: Light Screen
|
|upkeep
|turn|10
|
|t:|1779623882
|switch|p2a: Iron Treads|Iron Treads|100/100
|-enditem|p2a: Iron Treads|Booster Energy
|-activate|p2a: Iron Treads|ability: Quark Drive|[fromitem]
|-start|p2a: Iron Treads|quarkdrivespe
|move|p1a: Hatterene|Healing Wish|p1a: Hatterene
|faint|p1a: Hatterene
|
|upkeep
|
|t:|1779623890
|switch|p1a: Great Tusk|Great Tusk|100/100
|turn|11
|
|t:|1779623910
|move|p2a: Iron Treads|Stealth Rock|p1a: Great Tusk
|-sidestart|p1: the 2nd clawming|move: Stealth Rock
|move|p1a: Great Tusk|Headlong Rush|p2a: Iron Treads
|-supereffective|p2a: Iron Treads
|-damage|p2a: Iron Treads|0 fnt
|-unboost|p1a: Great Tusk|def|1
|-unboost|p1a: Great Tusk|spd|1
|faint|p2a: Iron Treads
|-end|p2a: Iron Treads|Quark Drive|[silent]
|-damage|p1a: Great Tusk|91/100|[from] item: Life Orb
|
|upkeep
|
|t:|1779623919
|switch|p2a: Dragapult|Dragapult, M|100/100
|turn|12
|inactive|the 2nd clawming has 120 seconds left.
|
|t:|1779623969
|-end|p1a: Great Tusk|Protosynthesis|[silent]
|switch|p1a: Talonflame|Talonflame, M|100/100
|move|p2a: Dragapult|Dragon Dance|p2a: Dragapult
|-boost|p2a: Dragapult|atk|1
|-boost|p2a: Dragapult|spe|1
|
|upkeep
|turn|13
|
|t:|1779623984
|move|p2a: Dragapult|Substitute|p2a: Dragapult
|-start|p2a: Dragapult|Substitute
|-damage|p2a: Dragapult|76/100
|move|p1a: Talonflame|Defog|p2a: Dragapult
|-sideend|p2: Dicosirio|move: Light Screen
|-sideend|p1: the 2nd clawming|Stealth Rock|[from] move: Defog|[of] p1a: Talonflame
|
|-heal|p2a: Dragapult|82/100|[from] item: Leftovers
|upkeep
|turn|14
|
|t:|1779623990
|move|p2a: Dragapult|Dragon Dance|p2a: Dragapult
|-boost|p2a: Dragapult|atk|1
|-boost|p2a: Dragapult|spe|1
|move|p1a: Talonflame|Brave Bird|p2a: Dragapult
|-end|p2a: Dragapult|Substitute
|-damage|p1a: Talonflame|91/100|[from] Recoil|[of] p2a: Dragapult
|
|-heal|p2a: Dragapult|88/100|[from] item: Leftovers
|upkeep
|turn|15
|
|t:|1779624002
|move|p2a: Dragapult|Dragon Dance|p2a: Dragapult
|-boost|p2a: Dragapult|atk|1
|-boost|p2a: Dragapult|spe|1
|move|p1a: Talonflame|Brave Bird|p2a: Dragapult
|-damage|p2a: Dragapult|30/100
|-damage|p1a: Talonflame|69/100|[from] Recoil
|
|-heal|p2a: Dragapult|36/100|[from] item: Leftovers
|upkeep
|turn|16
|
|t:|1779624010
|move|p2a: Dragapult|Dragon Darts|p1a: Talonflame
|-crit|p1a: Talonflame
|-damage|p1a: Talonflame|0 fnt
|faint|p1a: Talonflame
|
|-heal|p2a: Dragapult|42/100|[from] item: Leftovers
|upkeep
|inactive|the 2nd clawming has 120 seconds left.
|inactive|the 2nd clawming has 90 seconds left.
|
|t:|1779624054
|switch|p1a: Brute Bonnet|Brute Bonnet|100/100
|turn|17
|inactive|the 2nd clawming has 90 seconds left.
|
|t:|1779624070
|move|p2a: Dragapult|Substitute|p2a: Dragapult
|-start|p2a: Dragapult|Substitute
|-damage|p2a: Dragapult|17/100
|move|p1a: Brute Bonnet|Crunch|p2a: Dragapult
|-supereffective|p2a: Dragapult
|-end|p2a: Dragapult|Substitute
|
|-heal|p2a: Dragapult|23/100|[from] item: Leftovers
|upkeep
|turn|18
|
|t:|1779624078
|move|p1a: Brute Bonnet|Sucker Punch|p2a: Dragapult
|-supereffective|p2a: Dragapult
|-damage|p2a: Dragapult|0 fnt
|faint|p2a: Dragapult
|
|upkeep
|c|☆Dicosirio|wp
|c|☆the 2nd clawming|ty
|
|t:|1779624093
|switch|p2a: Zamazenta|Zamazenta|14/100
|turn|19
|
|t:|1779624098
|move|p2a: Zamazenta|Reflect|p2a: Zamazenta
|-sidestart|p2: Dicosirio|Reflect
|move|p1a: Brute Bonnet|Seed Bomb|p2a: Zamazenta
|-damage|p2a: Zamazenta|0 fnt
|faint|p2a: Zamazenta
|
|upkeep
|
|t:|1779624109
|switch|p2a: Pecharunt|Pecharunt|58/100
|turn|20
|
|t:|1779624125
|-end|p1a: Brute Bonnet|Protosynthesis|[silent]
|switch|p1a: Ninetales|Ninetales, F|43/100
|-heal|p1a: Ninetales|100/100|[from] move: Healing Wish
|-weather|SunnyDay|[from] ability: Drought|[of] p1a: Ninetales
|move|p2a: Pecharunt|Malignant Chain|p1a: Ninetales
|-damage|p1a: Ninetales|72/100
|
|-weather|SunnyDay|[upkeep]
|-heal|p2a: Pecharunt|64/100|[from] item: Leftovers
|upkeep
|turn|21
|inactive|the 2nd clawming has 90 seconds left.
|
|t:|1779624147
|move|p1a: Ninetales|Overheat|p2a: Pecharunt
|-damage|p2a: Pecharunt|11/100
|-unboost|p1a: Ninetales|spa|2
|move|p2a: Pecharunt|Recover|p2a: Pecharunt
|-heal|p2a: Pecharunt|61/100
|
|-weather|SunnyDay|[upkeep]
|-heal|p2a: Pecharunt|68/100|[from] item: Leftovers
|upkeep
|turn|22
|
|t:|1779624156
|switch|p2a: Ogerpon|Ogerpon-Wellspring-Tera, F, tera:Water|38/100
|-ability|p2a: Ogerpon|Embody Aspect (Wellspring)|boost
|-boost|p2a: Ogerpon|spd|1
|move|p1a: Ninetales|Encore||[still]
|-fail|p1a: Ninetales
|
|-weather|SunnyDay|[upkeep]
|upkeep
|turn|23
|
|t:|1779624166
|switch|p1a: Brute Bonnet|Brute Bonnet|100/100
|-activate|p1a: Brute Bonnet|ability: Protosynthesis
|-start|p1a: Brute Bonnet|protosynthesisatk
|move|p2a: Ogerpon|Substitute|p2a: Ogerpon
|-start|p2a: Ogerpon|Substitute
|-damage|p2a: Ogerpon|13/100
|
|-weather|SunnyDay|[upkeep]
|upkeep
|turn|24
|
|t:|1779624195
|move|p2a: Ogerpon|Swords Dance|p2a: Ogerpon
|-boost|p2a: Ogerpon|atk|2
|move|p1a: Brute Bonnet|Crunch|p2a: Ogerpon
|-end|p2a: Ogerpon|Substitute
|
|-weather|SunnyDay|[upkeep]
|upkeep
|turn|25
|
|t:|1779624204
|move|p2a: Ogerpon|Horn Leech|p1a: Brute Bonnet
|-resisted|p1a: Brute Bonnet
|-damage|p1a: Brute Bonnet|62/100
|-heal|p2a: Ogerpon|41/100|[from] drain|[of] p1a: Brute Bonnet
|move|p1a: Brute Bonnet|Seed Bomb|p2a: Ogerpon
|-supereffective|p2a: Ogerpon
|-damage|p2a: Ogerpon|0 fnt
|faint|p2a: Ogerpon
|detailschange|p2: Ogerpon|Ogerpon-Wellspring, F|[silent]
|
|-weather|SunnyDay|[upkeep]
|-heal|p1a: Brute Bonnet|68/100|[from] item: Leftovers
|upkeep
|
|t:|1779624222
|switch|p2a: Pecharunt|Pecharunt|68/100
|turn|26
|
|t:|1779624227
|move|p2a: Pecharunt|Malignant Chain|p1a: Brute Bonnet
|-supereffective|p1a: Brute Bonnet
|-damage|p1a: Brute Bonnet|16/100
|move|p1a: Brute Bonnet|Crunch|p2a: Pecharunt
|-supereffective|p2a: Pecharunt
|-damage|p2a: Pecharunt|33/100
|-unboost|p2a: Pecharunt|def|1
|
|-weather|SunnyDay|[upkeep]
|-heal|p2a: Pecharunt|39/100|[from] item: Leftovers
|-heal|p1a: Brute Bonnet|22/100|[from] item: Leftovers
|-sideend|p2: Dicosirio|Reflect
|upkeep
|turn|27
|inactive|the 2nd clawming has 120 seconds left.
|
|t:|1779624244
|move|p2a: Pecharunt|Malignant Chain|p1a: Brute Bonnet
|-supereffective|p1a: Brute Bonnet
|-damage|p1a: Brute Bonnet|0 fnt
|faint|p1a: Brute Bonnet
|-end|p1a: Brute Bonnet|Protosynthesis|[silent]
|
|-weather|none
|-heal|p2a: Pecharunt|45/100|[from] item: Leftovers
|upkeep
|
|t:|1779624252
|switch|p1a: Ninetales|Ninetales, F|72/100
|-weather|SunnyDay|[from] ability: Drought|[of] p1a: Ninetales
|turn|28
|
|t:|1779624257
|move|p1a: Ninetales|Overheat|p2a: Pecharunt|[miss]
|-miss|p1a: Ninetales|p2a: Pecharunt
|move|p2a: Pecharunt|Recover|p2a: Pecharunt
|-heal|p2a: Pecharunt|95/100
|
|-weather|SunnyDay|[upkeep]
|-heal|p2a: Pecharunt|100/100|[from] item: Leftovers
|upkeep
|turn|29
|c|☆Dicosirio|luckyest dodge of my life
|c|☆Dicosirio|mb
|
|t:|1779624276
|move|p1a: Ninetales|Encore|p2a: Pecharunt
|-start|p2a: Pecharunt|Encore
|move|p2a: Pecharunt|Recover||[still]
|-fail|p2a: Pecharunt|heal
|
|-weather|SunnyDay|[upkeep]
|upkeep
|turn|30
|
|t:|1779624281
|move|p1a: Ninetales|Will-O-Wisp|p2a: Pecharunt
|-status|p2a: Pecharunt|brn
|move|p2a: Pecharunt|Recover||[still]
|-fail|p2a: Pecharunt|heal
|
|-weather|SunnyDay|[upkeep]
|-damage|p2a: Pecharunt|94/100 brn|[from] brn
|upkeep
|turn|31
|
|t:|1779624291
|switch|p1a: Walking Wake|Walking Wake, tera:Water|22/100
|-activate|p1a: Walking Wake|ability: Protosynthesis
|-start|p1a: Walking Wake|protosynthesisspe
|move|p2a: Pecharunt|Recover|p2a: Pecharunt
|-heal|p2a: Pecharunt|100/100 brn
|
|-weather|SunnyDay|[upkeep]
|-damage|p2a: Pecharunt|94/100 brn|[from] brn
|-end|p2a: Pecharunt|Encore
|upkeep
|turn|32
|
|t:|1779624301
|move|p1a: Walking Wake|Hydro Steam|p2a: Pecharunt
|-damage|p2a: Pecharunt|0 fnt
|faint|p2a: Pecharunt
|-damage|p1a: Walking Wake|12/100|[from] item: Life Orb
|
|-weather|SunnyDay|[upkeep]
|upkeep
|
|t:|1779624307
|switch|p2a: Kingambit|Kingambit, M|100/100
|-activate|p2a: Kingambit|ability: Supreme Overlord
|-start|p2a: Kingambit|fallen5|[silent]
|turn|33
|
|t:|1779624312
|move|p2a: Kingambit|Sucker Punch|p1a: Walking Wake
|-damage|p1a: Walking Wake|0 fnt
|faint|p1a: Walking Wake
|-end|p1a: Walking Wake|Protosynthesis|[silent]
|
|-weather|SunnyDay|[upkeep]
|upkeep
|
|t:|1779624316
|switch|p1a: Great Tusk|Great Tusk|91/100
|-activate|p1a: Great Tusk|ability: Protosynthesis
|-start|p1a: Great Tusk|protosynthesisspe
|turn|34
|
|t:|1779624321
|move|p1a: Great Tusk|Close Combat|p2a: Kingambit
|-supereffective|p2a: Kingambit
|-crit|p2a: Kingambit
|-damage|p2a: Kingambit|0 fnt
|-unboost|p1a: Great Tusk|def|1
|-unboost|p1a: Great Tusk|spd|1
|faint|p2a: Kingambit
|-end|p2a: Kingambit|fallen5|[silent]
|-damage|p1a: Great Tusk|81/100|[from] item: Life Orb
|
|win|the 2nd clawming
|raw|the 2nd clawming's rating: 1526 &rarr; <strong>1542</strong><br />(+16 for winning)
|raw|Dicosirio's rating: 1450 &rarr; <strong>1434</strong><br />(-16 for losing)
|c|☆the 2nd clawming|gg
|c|☆Dicosirio|gg
|c|☆Dicosirio|wp
|l|☆the 2nd clawming
|player|p1|
|l|☆Dicosirio
|player|p2|
