|j|☆Rafnaqi
|j|☆Spetzen01
|t:|1779710287
|gametype|singles
|player|p1|Rafnaqi|skyla|1061
|player|p2|Spetzen01|2|1000
|gen|9
|tier|[Gen 9] OU
|rated|
|rule|HP Percentage Mod: HP is shown in percentages
|rule|Endless Battle Clause: Forcing endless battles is banned
|rule|Species Clause: Limit one of each Pokémon
|rule|OHKO Clause: OHKO moves are banned
|rule|Evasion Items Clause: Evasion items are banned
|rule|Evasion Moves Clause: Evasion moves are banned
|rule|Evasion Abilities Clause: Evasion abilities are banned
|rule|Sleep Moves Clause: Sleep-inducing moves are banned
|clearpoke
|poke|p1|Tsareena, F|
|poke|p1|Glimmora, M|
|poke|p1|Blastoise, F|
|poke|p1|Gliscor, M|
|poke|p1|Dragapult, F|
|poke|p1|Scizor, M|
|poke|p2|Forretress, F|
|poke|p2|Goodra-Hisui, M|
|poke|p2|Dragonite, M|
|poke|p2|Azumarill, F|
|poke|p2|Corviknight, F|
|poke|p2|Incineroar, M|
|teampreview
|
|t:|1779710335
|teamsize|p1|6
|teamsize|p2|6
|start
|switch|p1a: Tsareena|Tsareena, F|100/100
|switch|p2a: bomb|Forretress, F|100/100
|turn|1
|inactive|Battle timer is ON: inactive players will automatically lose when time's up. (requested by Rafnaqi)
|
|t:|1779710350
|move|p1a: Tsareena|Low Kick|p2a: bomb
|-damage|p2a: bomb|73/100
|move|p2a: bomb|Stealth Rock|p1a: Tsareena
|-sidestart|p1: Rafnaqi|move: Stealth Rock
|
|-heal|p2a: bomb|79/100|[from] item: Leftovers
|upkeep
|turn|2
|
|t:|1779710361
|switch|p1a: Dragapult|Dragapult, F|100/100
|-damage|p1a: Dragapult|88/100|[from] Stealth Rock
|move|p2a: bomb|Toxic Spikes|p1a: Dragapult
|-sidestart|p1: Rafnaqi|move: Toxic Spikes
|
|-heal|p1a: Dragapult|94/100|[from] item: Leftovers
|-heal|p2a: bomb|85/100|[from] item: Leftovers
|upkeep
|turn|3
|
|t:|1779710383
|move|p2a: bomb|Toxic Spikes|p1a: Dragapult
|-sidestart|p1: Rafnaqi|move: Toxic Spikes
|move|p1a: Dragapult|Dragon Tail|p2a: bomb
|-resisted|p2a: bomb
|-damage|p2a: bomb|78/100
|drag|p2a: Wrassle|Incineroar, M|100/100
|-ability|p2a: Wrassle|Intimidate|boost
|-unboost|p1a: Dragapult|atk|1
|
|-heal|p1a: Dragapult|99/100|[from] item: Leftovers
|upkeep
|turn|4
|inactive|Spetzen01 has 120 seconds left.
|
|t:|1779710408
|switch|p1a: Glimmora|Glimmora, M|100/100
|-damage|p1a: Glimmora|88/100|[from] Stealth Rock
|-sideend|p1: Rafnaqi|move: Toxic Spikes|[of] p1a: Glimmora
|move|p2a: Wrassle|Knock Off|p1a: Glimmora
|-damage|p1a: Glimmora|42/100
|-activate|p1a: Glimmora|ability: Toxic Debris
|-sidestart|p2: Spetzen01|move: Toxic Spikes
|-enditem|p1a: Glimmora|Focus Sash|[from] move: Knock Off|[of] p2a: Wrassle
|
|upkeep
|turn|5
|inactive|Spetzen01 has 120 seconds left.
|
|t:|1779710421
|move|p1a: Glimmora|Mortal Spin|p2a: Wrassle
|-damage|p2a: Wrassle|95/100
|-status|p2a: Wrassle|psn
|-sideend|p1: Rafnaqi|Stealth Rock|[from] move: Mortal Spin|[of] p1a: Glimmora
|move|p2a: Wrassle|Knock Off|p1a: Glimmora
|-damage|p1a: Glimmora|8/100
|-activate|p1a: Glimmora|ability: Toxic Debris
|-sidestart|p2: Spetzen01|move: Toxic Spikes
|
|-damage|p2a: Wrassle|82/100 psn|[from] psn
|upkeep
|turn|6
|inactive|Spetzen01 has 120 seconds left.
|
|t:|1779710440
|move|p1a: Glimmora|Stealth Rock|p2a: Wrassle
|-sidestart|p2: Spetzen01|move: Stealth Rock
|move|p2a: Wrassle|Knock Off|p1a: Glimmora
|-damage|p1a: Glimmora|0 fnt
|faint|p1a: Glimmora
|
|-damage|p2a: Wrassle|70/100 psn|[from] psn
|upkeep
|
|t:|1779710448
|switch|p1a: Gliscor|Gliscor, M|100/100
|turn|7
|
|t:|1779710453
|move|p1a: Gliscor|Swords Dance|p1a: Gliscor
|-boost|p1a: Gliscor|atk|2
|move|p2a: Wrassle|Parting Shot|p1a: Gliscor
|-unboost|p1a: Gliscor|atk|1
|-unboost|p1a: Gliscor|spa|1
|
|t:|1779710464
|switch|p2a: bomb|Forretress, F|78/100|[from] Parting Shot
|-damage|p2a: bomb|66/100|[from] Stealth Rock
|
|-heal|p2a: bomb|72/100|[from] item: Leftovers
|-status|p1a: Gliscor|tox|[from] item: Toxic Orb
|upkeep
|turn|8
|
|t:|1779710474
|switch|p1a: Dragapult|Dragapult, F|99/100
|move|p2a: bomb|Rapid Spin|p1a: Dragapult
|-immune|p1a: Dragapult
|
|-heal|p1a: Dragapult|100/100|[from] item: Leftovers
|-heal|p2a: bomb|78/100|[from] item: Leftovers
|upkeep
|turn|9
|inactive|Rafnaqi has 120 seconds left.
|
|t:|1779710518
|switch|p1a: Scizor|Scizor, M|100/100
|move|p2a: bomb|Stealth Rock|p1a: Scizor
|-sidestart|p1: Rafnaqi|move: Stealth Rock
|
|-heal|p2a: bomb|85/100|[from] item: Leftovers
|upkeep
|turn|10
|inactive|Rafnaqi has 120 seconds left.
|inactive|Spetzen01 has 120 seconds left.
|
|t:|1779710536
|switch|p1a: Blastoise|Blastoise, F|100/100
|-damage|p1a: Blastoise|88/100|[from] Stealth Rock
|move|p2a: bomb|Rapid Spin|p1a: Blastoise
|-damage|p1a: Blastoise|80/100
|-boost|p2a: bomb|spe|1
|-sideend|p2: Spetzen01|Toxic Spikes|[from] move: Rapid Spin|[of] p2a: bomb
|-sideend|p2: Spetzen01|Stealth Rock|[from] move: Rapid Spin|[of] p2a: bomb
|
|-heal|p2a: bomb|91/100|[from] item: Leftovers
|upkeep
|turn|11
|inactive|Rafnaqi has 120 seconds left.
|
|t:|1779710550
|move|p1a: Blastoise|Rapid Spin|p2a: bomb
|-resisted|p2a: bomb
|-damage|p2a: bomb|88/100
|-boost|p1a: Blastoise|spe|1
|-sideend|p1: Rafnaqi|Stealth Rock|[from] move: Rapid Spin|[of] p1a: Blastoise
|move|p2a: bomb|Toxic Spikes|p1a: Blastoise
|-sidestart|p1: Rafnaqi|move: Toxic Spikes
|
|-heal|p2a: bomb|95/100|[from] item: Leftovers
|upkeep
|turn|12
|inactive|Rafnaqi has 120 seconds left.
|
|t:|1779710559
|move|p1a: Blastoise|Rapid Spin|p2a: bomb
|-resisted|p2a: bomb
|-damage|p2a: bomb|92/100
|-boost|p1a: Blastoise|spe|1
|-sideend|p1: Rafnaqi|Toxic Spikes|[from] move: Rapid Spin|[of] p1a: Blastoise
|move|p2a: bomb|Gyro Ball|p1a: Blastoise
|-resisted|p1a: Blastoise
|-damage|p1a: Blastoise|74/100
|
|-heal|p2a: bomb|99/100|[from] item: Leftovers
|upkeep
|turn|13
|
|t:|1779710569
|move|p1a: Blastoise|Rapid Spin|p2a: bomb
|-resisted|p2a: bomb
|-damage|p2a: bomb|96/100
|-boost|p1a: Blastoise|spe|1
|move|p2a: bomb|Rapid Spin|p1a: Blastoise
|-damage|p1a: Blastoise|65/100
|-boost|p2a: bomb|spe|1
|
|-heal|p2a: bomb|100/100|[from] item: Leftovers
|upkeep
|turn|14
|
|t:|1779710582
|move|p1a: Blastoise|Surf|p2a: bomb
|-crit|p2a: bomb
|-damage|p2a: bomb|27/100
|move|p2a: bomb|Stealth Rock|p1a: Blastoise
|-sidestart|p1: Rafnaqi|move: Stealth Rock
|
|-heal|p2a: bomb|33/100|[from] item: Leftovers
|upkeep
|turn|15
|
|t:|1779710592
|move|p1a: Blastoise|Rapid Spin|p2a: bomb
|-resisted|p2a: bomb
|-damage|p2a: bomb|30/100
|-boost|p1a: Blastoise|spe|1
|-sideend|p1: Rafnaqi|Stealth Rock|[from] move: Rapid Spin|[of] p1a: Blastoise
|move|p2a: bomb|Toxic Spikes|p1a: Blastoise
|-sidestart|p1: Rafnaqi|move: Toxic Spikes
|
|-heal|p2a: bomb|37/100|[from] item: Leftovers
|upkeep
|turn|16
|inactive|Rafnaqi has 120 seconds left.
|
|t:|1779710609
|move|p1a: Blastoise|Rapid Spin|p2a: bomb
|-resisted|p2a: bomb
|-damage|p2a: bomb|34/100
|-boost|p1a: Blastoise|spe|1
|-sideend|p1: Rafnaqi|Toxic Spikes|[from] move: Rapid Spin|[of] p1a: Blastoise
|move|p2a: bomb|Rapid Spin|p1a: Blastoise
|-damage|p1a: Blastoise|56/100
|-boost|p2a: bomb|spe|1
|
|-heal|p2a: bomb|40/100|[from] item: Leftovers
|upkeep
|turn|17
|inactive|Rafnaqi has 120 seconds left.
|
|t:|1779710623
|move|p1a: Blastoise|Surf|p2a: bomb
|-crit|p2a: bomb
|-damage|p2a: bomb|0 fnt
|faint|p2a: bomb
|
|upkeep
|
|t:|1779710651
|switch|p2a: Gogogaga|Goodra-Hisui, M|100/100
|turn|18
|
|t:|1779710657
|move|p1a: Blastoise|Aura Sphere|p2a: Gogogaga
|-supereffective|p2a: Gogogaga
|-damage|p2a: Gogogaga|88/100
|move|p2a: Gogogaga|Dragon Pulse|p1a: Blastoise
|-damage|p1a: Blastoise|37/100
|
|upkeep
|turn|19
|
|t:|1779710669
|move|p1a: Blastoise|Flip Turn|p2a: Gogogaga
|-resisted|p2a: Gogogaga
|-damage|p2a: Gogogaga|81/100
|-ability|p2a: Gogogaga|Gooey
|-unboost|p1a: Blastoise|spe|1
|inactive|Rafnaqi has 120 seconds left.
|
|t:|1779710692
|switch|p1a: Tsareena|Tsareena, F|100/100|[from] Flip Turn
|move|p2a: Gogogaga|Dragon Pulse|p1a: Tsareena
|-damage|p1a: Tsareena|61/100
|
|upkeep
|turn|20
|inactive|Rafnaqi has 120 seconds left.
|
|t:|1779710700
|move|p1a: Tsareena|Low Kick|p2a: Gogogaga
|-supereffective|p2a: Gogogaga
|-damage|p2a: Gogogaga|0 fnt
|-ability|p2a: Gogogaga|Gooey
|-unboost|p1a: Tsareena|spe|1
|faint|p2a: Gogogaga
|
|upkeep
|
|t:|1779710720
|switch|p2a: Mystery dragon|Dragonite, M|100/100
|turn|21
|inactive|Rafnaqi has 120 seconds left.
|
|t:|1779710738
|switch|p1a: Dragapult|Dragapult, F|100/100
|move|p2a: Mystery dragon|Extreme Speed|p1a: Dragapult
|-immune|p1a: Dragapult
|
|upkeep
|turn|22
|
|t:|1779710747
|switch|p2a: :)|Azumarill, F|100/100
|move|p1a: Dragapult|Will-O-Wisp|p2a: :)
|-status|p2a: :)|brn
|
|-damage|p2a: :)|94/100 brn|[from] brn
|upkeep
|turn|23
|inactive|Rafnaqi has 120 seconds left.
|
|t:|1779710781
|move|p1a: Dragapult|U-turn|p2a: :)
|-resisted|p2a: :)
|-damage|p2a: :)|85/100 brn
|
|t:|1779710784
|switch|p1a: Tsareena|Tsareena, F|61/100|[from] U-turn
|move|p2a: :)|Play Rough|p1a: Tsareena
|-damage|p1a: Tsareena|29/100
|
|-damage|p2a: :)|79/100 brn|[from] brn
|upkeep
|turn|24
|
|t:|1779710799
|-terastallize|p2a: :)|Water
|move|p2a: :)|Aqua Jet||[still]
|cant|p1a: Tsareena|ability: Queenly Majesty|Aqua Jet|[of] p2a: :)
|move|p1a: Tsareena|Power Whip|p2a: :)|[miss]
|-miss|p1a: Tsareena|p2a: :)
|
|-damage|p2a: :)|73/100 brn|[from] brn
|upkeep
|turn|25
|
|t:|1779710812
|move|p1a: Tsareena|Power Whip|p2a: :)|[miss]
|-miss|p1a: Tsareena|p2a: :)
|move|p2a: :)|Play Rough|p1a: Tsareena
|-damage|p1a: Tsareena|0 fnt
|faint|p1a: Tsareena
|
|-damage|p2a: :)|67/100 brn|[from] brn
|upkeep
|
|t:|1779710837
|switch|p1a: Dragapult|Dragapult, F|100/100
|turn|26
|
|t:|1779710850
|switch|p1a: Scizor|Scizor, M|100/100
|move|p2a: :)|Aqua Jet|p1a: Scizor
|-damage|p1a: Scizor|87/100
|
|-damage|p2a: :)|60/100 brn|[from] brn
|upkeep
|turn|27
|
|t:|1779710862
|move|p1a: Scizor|Swords Dance|p1a: Scizor
|-boost|p1a: Scizor|atk|2
|move|p2a: :)|Belly Drum|p2a: :)
|-damage|p2a: :)|10/100 brn
|-setboost|p2a: :)|atk|6|[from] move: Belly Drum
|-enditem|p2a: :)|Sitrus Berry|[eat]
|-heal|p2a: :)|35/100 brn|[from] item: Sitrus Berry
|
|-damage|p2a: :)|29/100 brn|[from] brn
|upkeep
|turn|28
|
|t:|1779710879
|-terastallize|p1a: Scizor|Steel
|move|p1a: Scizor|Bullet Punch|p2a: :)
|-resisted|p2a: :)
|-damage|p2a: :)|0 fnt
|faint|p2a: :)
|
|upkeep
|
|t:|1779710901
|switch|p2a: Mystery dragon|Dragonite, M|100/100
|turn|29
|
|t:|1779710906
|switch|p1a: Dragapult|Dragapult, F|100/100
|move|p2a: Mystery dragon|Earthquake|p1a: Dragapult
|-damage|p1a: Dragapult|62/100
|
|-heal|p1a: Dragapult|68/100|[from] item: Leftovers
|upkeep
|turn|30
|
|t:|1779710914
|switch|p2a: Taxi driver|Corviknight, F|100/100
|move|p1a: Dragapult|Will-O-Wisp|p2a: Taxi driver
|-status|p2a: Taxi driver|brn
|
|-heal|p1a: Dragapult|74/100|[from] item: Leftovers
|-damage|p2a: Taxi driver|94/100 brn|[from] brn
|upkeep
|turn|31
|inactive|Rafnaqi has 120 seconds left.
|
|t:|1779710949
|move|p2a: Taxi driver|U-turn|p1a: Dragapult
|-resisted|p1a: Dragapult
|-damage|p1a: Dragapult|71/100
|
|t:|1779710955
|switch|p2a: Wrassle|Incineroar, M|70/100 psn|[from] U-turn
|-ability|p2a: Wrassle|Intimidate|boost
|-unboost|p1a: Dragapult|atk|1
|move|p1a: Dragapult|Dragon Tail|p2a: Wrassle
|-damage|p2a: Wrassle|54/100 psn
|drag|p2a: Mystery dragon|Dragonite, M|100/100
|
|-heal|p1a: Dragapult|77/100|[from] item: Leftovers
|upkeep
|turn|32
|
|t:|1779710970
|move|p1a: Dragapult|Will-O-Wisp|p2a: Mystery dragon
|-status|p2a: Mystery dragon|brn
|move|p2a: Mystery dragon|Dragon Dance|p2a: Mystery dragon
|-boost|p2a: Mystery dragon|atk|1
|-boost|p2a: Mystery dragon|spe|1
|
|-heal|p1a: Dragapult|83/100|[from] item: Leftovers
|-damage|p2a: Mystery dragon|94/100 brn|[from] brn
|upkeep
|turn|33
|
|t:|1779710980
|move|p2a: Mystery dragon|Earthquake|p1a: Dragapult
|-damage|p1a: Dragapult|54/100
|move|p1a: Dragapult|Dragon Tail|p2a: Mystery dragon
|-supereffective|p2a: Mystery dragon
|-damage|p2a: Mystery dragon|55/100 brn
|drag|p2a: Wrassle|Incineroar, M|54/100 psn
|-ability|p2a: Wrassle|Intimidate|boost
|-unboost|p1a: Dragapult|atk|1
|
|-heal|p1a: Dragapult|60/100|[from] item: Leftovers
|-damage|p2a: Wrassle|41/100 psn|[from] psn
|upkeep
|turn|34
|
|t:|1779710995
|switch|p1a: Blastoise|Blastoise, F|37/100
|move|p2a: Wrassle|Knock Off|p1a: Blastoise
|-damage|p1a: Blastoise|5/100
|-enditem|p1a: Blastoise|Assault Vest|[from] move: Knock Off|[of] p2a: Wrassle
|
|-damage|p2a: Wrassle|29/100 psn|[from] psn
|upkeep
|turn|35
|inactive|Spetzen01 has 120 seconds left.
|
|t:|1779711015
|move|p2a: Wrassle|Knock Off|p1a: Blastoise
|-damage|p1a: Blastoise|0 fnt
|faint|p1a: Blastoise
|
|-damage|p2a: Wrassle|16/100 psn|[from] psn
|upkeep
|
|t:|1779711038
|switch|p1a: Gliscor|Gliscor, M|100/100 tox
|turn|36
|inactive|Spetzen01 has 120 seconds left.
|
|t:|1779711056
|move|p1a: Gliscor|Dual Wingbeat|p2a: Wrassle
|-damage|p2a: Wrassle|3/100 psn
|-damage|p2a: Wrassle|0 fnt
|faint|p2a: Wrassle
|-hitcount|p2: Wrassle|2
|
|upkeep
|inactive|Spetzen01 has 120 seconds left.
|
|t:|1779711070
|switch|p2a: Mystery dragon|Dragonite, M|55/100 brn
|turn|37
|inactive|Spetzen01 has 120 seconds left.
|inactive|Rafnaqi has 90 seconds left.
|
|t:|1779711105
|move|p1a: Gliscor|Swords Dance|p1a: Gliscor
|-boost|p1a: Gliscor|atk|2
|move|p2a: Mystery dragon|Roost|p2a: Mystery dragon
|-heal|p2a: Mystery dragon|100/100 brn
|-singleturn|p2a: Mystery dragon|move: Roost
|
|-damage|p2a: Mystery dragon|94/100 brn|[from] brn
|upkeep
|turn|38
|
|t:|1779711115
|move|p2a: Mystery dragon|Extreme Speed|p1a: Gliscor
|-damage|p1a: Gliscor|88/100 tox
|move|p1a: Gliscor|Swords Dance|p1a: Gliscor
|-boost|p1a: Gliscor|atk|2
|
|-heal|p1a: Gliscor|99/100 tox|[from] ability: Poison Heal
|-damage|p2a: Mystery dragon|88/100 brn|[from] brn
|upkeep
|turn|39
|
|t:|1779711127
|move|p2a: Mystery dragon|Extreme Speed|p1a: Gliscor
|-damage|p1a: Gliscor|87/100 tox
|move|p1a: Gliscor|Swords Dance|p1a: Gliscor
|-boost|p1a: Gliscor|atk|2
|
|-heal|p1a: Gliscor|99/100 tox|[from] ability: Poison Heal
|-damage|p2a: Mystery dragon|82/100 brn|[from] brn
|upkeep
|turn|40
|inactive|Rafnaqi has 90 seconds left.
|
|t:|1779711137
|move|p2a: Mystery dragon|Extreme Speed|p1a: Gliscor
|-damage|p1a: Gliscor|86/100 tox
|move|p1a: Gliscor|Dual Wingbeat|p2a: Mystery dragon
|-damage|p2a: Mystery dragon|17/100 brn
|-damage|p2a: Mystery dragon|0 fnt
|faint|p2a: Mystery dragon
|-hitcount|p2: Mystery dragon|2
|
|-heal|p1a: Gliscor|98/100 tox|[from] ability: Poison Heal
|upkeep
|
|t:|1779711147
|switch|p2a: Taxi driver|Corviknight, F|94/100 brn
|turn|41
|
|t:|1779711150
|move|p1a: Gliscor|Dual Wingbeat|p2a: Taxi driver
|-resisted|p2a: Taxi driver
|-damage|p2a: Taxi driver|72/100 brn
|-resisted|p2a: Taxi driver
|-damage|p2a: Taxi driver|47/100 brn
|-hitcount|p2a: Taxi driver|2
|move|p2a: Taxi driver|Brave Bird|p1a: Gliscor
|-damage|p1a: Gliscor|81/100 tox
|-damage|p2a: Taxi driver|43/100 brn|[from] Recoil
|
|-heal|p2a: Taxi driver|49/100 brn|[from] item: Leftovers
|-heal|p1a: Gliscor|94/100 tox|[from] ability: Poison Heal
|-damage|p2a: Taxi driver|43/100 brn|[from] brn
|upkeep
|turn|42
|
|t:|1779711164
|move|p1a: Gliscor|Dual Wingbeat|p2a: Taxi driver
|-resisted|p2a: Taxi driver
|-damage|p2a: Taxi driver|20/100 brn
|-resisted|p2a: Taxi driver
|-damage|p2a: Taxi driver|0 fnt
|faint|p2a: Taxi driver
|-hitcount|p2: Taxi driver|2
|
|win|Rafnaqi
|raw|Rafnaqi's rating: 1061 &rarr; <strong>1086</strong><br />(+25 for winning)
|raw|Spetzen01's rating: 1000 &rarr; <strong>1000</strong><br />(+0 for losing)
|c|☆Spetzen01|gg
|c|☆Rafnaqi|Ggs
|l|☆Spetzen01
|player|p2|
