|j|☆qw2360713096
|j|☆30delta
|t:|1779595379
|gametype|singles
|player|p1|qw2360713096|steven|1307
|player|p2|30delta|rocketgrunt|1330
|gen|9
|tier|[Gen 9] OU
|rated|
|rule|HP Percentage Mod: HP is shown in percentages
|rule|Endless Battle Clause: Forcing endless battles is banned
|rule|Species Clause: Limit one of each Pokémon
|rule|OHKO Clause: OHKO moves are banned
|rule|Evasion Items Clause: Evasion items are banned
|rule|Evasion Moves Clause: Evasion moves are banned
|rule|Evasion Abilities Clause: Evasion abilities are banned
|rule|Sleep Moves Clause: Sleep-inducing moves are banned
|clearpoke
|poke|p1|Hatterene, F|
|poke|p1|Farigiraf, F|
|poke|p1|Mimikyu, F|
|poke|p1|Slither Wing|
|poke|p1|Ursaluna, M|
|poke|p1|Torkoal, F|
|poke|p2|Garchomp, F|
|poke|p2|Azumarill, M|
|poke|p2|Hoopa-Unbound|
|poke|p2|Weavile, F|
|poke|p2|Gyarados, M|
|poke|p2|Serperior, F|
|teampreview
|inactive|Battle timer is ON: inactive players will automatically lose when time's up. (requested by 30delta)
|
|t:|1779595389
|teamsize|p1|6
|teamsize|p2|6
|start
|switch|p1a: Hatterene|Hatterene, F|100/100
|switch|p2a: Garchomp|Garchomp, F|100/100
|turn|1
|
|t:|1779595394
|move|p2a: Garchomp|Earthquake|p1a: Hatterene
|-crit|p1a: Hatterene
|-damage|p1a: Hatterene|25/100
|move|p1a: Hatterene|Trick Room|p1a: Hatterene
|-fieldstart|move: Trick Room|[of] p1a: Hatterene
|
|upkeep
|turn|2
|inactive|30delta has 120 seconds left.
|
|t:|1779595429
|move|p1a: Hatterene|Misty Explosion|p2a: Garchomp
|-supereffective|p2a: Garchomp
|-damage|p2a: Garchomp|0 fnt
|faint|p1a: Hatterene
|faint|p2a: Garchomp
|
|upkeep
|inactive|30delta has 120 seconds left.
|
|t:|1779595459
|switch|p1a: Torkoal|Torkoal, F|100/100
|switch|p2a: Gyarados|Gyarados, M|100/100
|-weather|SunnyDay|[from] ability: Drought|[of] p1a: Torkoal
|turn|3
|
|t:|1779595463
|-terastallize|p1a: Torkoal|Fire
|-terastallize|p2a: Gyarados|Dragon
|move|p1a: Torkoal|Eruption|p2a: Gyarados
|-resisted|p2a: Gyarados
|-damage|p2a: Gyarados|8/100
|move|p2a: Gyarados|Dragon Dance|p2a: Gyarados
|-boost|p2a: Gyarados|atk|1
|-boost|p2a: Gyarados|spe|1
|
|-weather|SunnyDay|[upkeep]
|upkeep
|turn|4
|
|t:|1779595472
|move|p1a: Torkoal|Eruption|p2a: Gyarados
|-resisted|p2a: Gyarados
|-damage|p2a: Gyarados|0 fnt
|faint|p2a: Gyarados
|
|-weather|SunnyDay|[upkeep]
|upkeep
|
|t:|1779595494
|switch|p2a: Azumarill|Azumarill, M|100/100
|turn|5
|
|t:|1779595502
|switch|p1a: Mimikyu|Mimikyu, F|100/100
|move|p2a: Azumarill|Belly Drum|p2a: Azumarill
|-damage|p2a: Azumarill|50/100
|-setboost|p2a: Azumarill|atk|6|[from] move: Belly Drum
|-enditem|p2a: Azumarill|Sitrus Berry|[eat]
|-heal|p2a: Azumarill|75/100|[from] item: Sitrus Berry
|
|-weather|SunnyDay|[upkeep]
|-fieldend|move: Trick Room
|upkeep
|turn|6
|
|t:|1779595514
|move|p2a: Azumarill|Play Rough|p1a: Mimikyu
|-activate|p1a: Mimikyu|ability: Disguise
|-damage|p1a: Mimikyu|100/100
|-unboost|p1a: Mimikyu|atk|1
|detailschange|p1a: Mimikyu|Mimikyu-Busted, F
|-damage|p1a: Mimikyu|88/100|[from] pokemon: Mimikyu-Busted
|move|p1a: Mimikyu|Trick Room|p1a: Mimikyu
|-fieldstart|move: Trick Room|[of] p1a: Mimikyu
|
|-weather|SunnyDay|[upkeep]
|upkeep
|turn|7
|
|t:|1779595535
|move|p2a: Azumarill|Aqua Jet|p1a: Mimikyu
|-damage|p1a: Mimikyu|26/100
|move|p1a: Mimikyu|Curse|p2a: Azumarill
|-start|p2a: Azumarill|Curse|[of] p1a: Mimikyu
|-damage|p1a: Mimikyu|0 fnt
|faint|p1a: Mimikyu
|
|-weather|none
|-damage|p2a: Azumarill|50/100|[from] Curse
|upkeep
|
|t:|1779595558
|switch|p1a: Torkoal|Torkoal, F, tera:Fire|100/100
|-weather|SunnyDay|[from] ability: Drought|[of] p1a: Torkoal
|turn|8
|
|t:|1779595564
|move|p2a: Azumarill|Aqua Jet|p1a: Torkoal
|-supereffective|p1a: Torkoal
|-damage|p1a: Torkoal|29/100
|move|p1a: Torkoal|Solar Beam||[still]
|-prepare|p1a: Torkoal|Solar Beam
|-anim|p1a: Torkoal|Solar Beam|p2a: Azumarill
|-supereffective|p2a: Azumarill
|-damage|p2a: Azumarill|0 fnt
|faint|p2a: Azumarill
|
|-weather|SunnyDay|[upkeep]
|upkeep
|
|t:|1779595572
|switch|p2a: Weavile|Weavile, F|100/100
|-ability|p2a: Weavile|Pressure
|turn|9
|
|t:|1779595576
|move|p1a: Torkoal|Solar Beam||[still]
|-prepare|p1a: Torkoal|Solar Beam
|-anim|p1a: Torkoal|Solar Beam|p2a: Weavile
|-damage|p2a: Weavile|26/100
|move|p2a: Weavile|Low Kick|p1a: Torkoal
|-damage|p1a: Torkoal|0 fnt
|faint|p1a: Torkoal
|
|-weather|SunnyDay|[upkeep]
|upkeep
|
|t:|1779595584
|switch|p1a: Slither Wing|Slither Wing|100/100
|-activate|p1a: Slither Wing|ability: Protosynthesis
|-start|p1a: Slither Wing|protosynthesisatk
|turn|10
|
|t:|1779595599
|switch|p2a: Hoopa|Hoopa-Unbound|100/100
|move|p1a: Slither Wing|First Impression|p2a: Hoopa
|-supereffective|p2a: Hoopa
|-damage|p2a: Hoopa|0 fnt
|faint|p2a: Hoopa
|
|-weather|SunnyDay|[upkeep]
|-fieldend|move: Trick Room
|upkeep
|
|t:|1779595605
|switch|p2a: Serperior|Serperior, F|100/100
|turn|11
|
|t:|1779595609
|-end|p1a: Slither Wing|Protosynthesis|[silent]
|switch|p1a: Ursaluna|Ursaluna, M|100/100
|move|p2a: Serperior|Glare|p1a: Ursaluna
|-status|p1a: Ursaluna|par
|
|-weather|SunnyDay|[upkeep]
|upkeep
|turn|12
|
|t:|1779595617
|switch|p2a: Weavile|Weavile, F|26/100
|-ability|p2a: Weavile|Pressure
|move|p1a: Ursaluna|Swords Dance|p1a: Ursaluna
|-boost|p1a: Ursaluna|atk|2
|
|-weather|none
|upkeep
|turn|13
|
|t:|1779595621
|move|p2a: Weavile|Triple Axel|p1a: Ursaluna
|-supereffective|p1a: Ursaluna
|-damage|p1a: Ursaluna|79/100 par
|-supereffective|p1a: Ursaluna
|-damage|p1a: Ursaluna|36/100 par
|-supereffective|p1a: Ursaluna
|-damage|p1a: Ursaluna|0 fnt
|faint|p1a: Ursaluna
|-hitcount|p1: Ursaluna|3
|
|upkeep
|
|t:|1779595625
|switch|p1a: Slither Wing|Slither Wing|100/100
|turn|14
|
|t:|1779595635
|move|p1a: Slither Wing|First Impression|p2a: Weavile
|-supereffective|p2a: Weavile
|-damage|p2a: Weavile|0 fnt
|faint|p2a: Weavile
|
|upkeep
|
|t:|1779595638
|switch|p2a: Serperior|Serperior, F|100/100
|turn|15
|
|t:|1779595644
|-end|p1a: Slither Wing|Protosynthesis|[silent]
|switch|p1a: Farigiraf|Farigiraf, F|100/100
|move|p2a: Serperior|Glare|p1a: Farigiraf
|-status|p1a: Farigiraf|par
|
|upkeep
|turn|16
|-message|30delta forfeited.
|
|win|qw2360713096
|raw|qw2360713096's rating: 1307 &rarr; <strong>1328</strong><br />(+21 for winning)
|raw|30delta's rating: 1330 &rarr; <strong>1309</strong><br />(-21 for losing)
|l|☆30delta
|player|p2|
|l|☆qw2360713096
|player|p1|
