|j|☆deutschitokk
|j|☆Megachamp100
|t:|1779581956
|gametype|singles
|player|p1|deutschitokk|palmer|1038
|player|p2|Megachamp100|marshal|1093
|gen|9
|tier|[Gen 9] OU
|rated|
|rule|HP Percentage Mod: HP is shown in percentages
|rule|Endless Battle Clause: Forcing endless battles is banned
|rule|Species Clause: Limit one of each Pokémon
|rule|OHKO Clause: OHKO moves are banned
|rule|Evasion Items Clause: Evasion items are banned
|rule|Evasion Moves Clause: Evasion moves are banned
|rule|Evasion Abilities Clause: Evasion abilities are banned
|rule|Sleep Moves Clause: Sleep-inducing moves are banned
|clearpoke
|poke|p1|Snorlax, M|
|poke|p1|Glimmora, M|
|poke|p1|Dragapult, M|
|poke|p1|Hatterene, F|
|poke|p1|Rotom-Wash|
|poke|p1|Gliscor, M|
|poke|p2|Arcanine, M|
|poke|p2|Forretress, M|
|poke|p2|Slowking-Galar, M|
|poke|p2|Clefable, F|
|poke|p2|Keldeo-Resolute|
|poke|p2|Ursaluna, M|
|teampreview
|
|t:|1779581968
|teamsize|p1|6
|teamsize|p2|6
|start
|switch|p1a: Gliscor|Gliscor, M|100/100
|switch|p2a: Keldeo|Keldeo-Resolute|100/100
|turn|1
|
|t:|1779581987
|move|p1a: Gliscor|Protect|p1a: Gliscor
|-singleturn|p1a: Gliscor|Protect
|move|p2a: Keldeo|Surf|p1a: Gliscor
|-activate|p1a: Gliscor|move: Protect
|
|-status|p1a: Gliscor|tox|[from] item: Toxic Orb
|upkeep
|turn|2
|
|t:|1779581998
|switch|p1a: Rotom|Rotom-Wash|100/100
|move|p2a: Keldeo|Surf|p1a: Rotom
|-resisted|p1a: Rotom
|-damage|p1a: Rotom|62/100
|
|-heal|p1a: Rotom|68/100|[from] item: Leftovers
|upkeep
|turn|3
|
|t:|1779582012
|switch|p2a: Slowking|Slowking-Galar, M, shiny|100/100
|move|p1a: Rotom|Will-O-Wisp|p2a: Slowking
|-status|p2a: Slowking|brn
|
|-heal|p1a: Rotom|74/100|[from] item: Leftovers
|-damage|p2a: Slowking|94/100 brn|[from] brn
|upkeep
|turn|4
|
|t:|1779582027
|move|p1a: Rotom|Hydro Pump|p2a: Slowking
|-damage|p2a: Slowking|70/100 brn
|move|p2a: Slowking|Trick Room|p2a: Slowking
|-fieldstart|move: Trick Room|[of] p2a: Slowking
|
|-heal|p1a: Rotom|80/100|[from] item: Leftovers
|-damage|p2a: Slowking|64/100 brn|[from] brn
|upkeep
|turn|5
|
|t:|1779582040
|switch|p1a: Snorlax|Snorlax, M|100/100
|-prepare|p2a: Slowking|Chilly Reception|[premajor]
|move|p2a: Slowking|Chilly Reception|p2a: Slowking
|-weather|Snowscape
|
|t:|1779582046
|switch|p2a: Ursaluna|Ursaluna, M|100/100|[from] Chilly Reception
|
|-weather|Snowscape|[upkeep]
|-status|p2a: Ursaluna|brn|[from] item: Flame Orb
|upkeep
|turn|6
|
|t:|1779582054
|move|p1a: Snorlax|Curse|p1a: Snorlax
|-unboost|p1a: Snorlax|spe|1
|-boost|p1a: Snorlax|atk|1
|-boost|p1a: Snorlax|def|1
|move|p2a: Ursaluna|Swords Dance|p2a: Ursaluna
|-boost|p2a: Ursaluna|atk|2
|
|-weather|Snowscape|[upkeep]
|-damage|p2a: Ursaluna|94/100 brn|[from] brn
|upkeep
|turn|7
|
|t:|1779582063
|move|p1a: Snorlax|Curse|p1a: Snorlax
|-unboost|p1a: Snorlax|spe|1
|-boost|p1a: Snorlax|atk|1
|-boost|p1a: Snorlax|def|1
|move|p2a: Ursaluna|Facade|p1a: Snorlax
|-damage|p1a: Snorlax|0 fnt
|faint|p1a: Snorlax
|
|-weather|Snowscape|[upkeep]
|-damage|p2a: Ursaluna|88/100 brn|[from] brn
|upkeep
|
|t:|1779582079
|switch|p1a: Rotom|Rotom-Wash|80/100
|turn|8
|
|t:|1779582082
|move|p2a: Ursaluna|Facade|p1a: Rotom
|-damage|p1a: Rotom|0 fnt
|faint|p1a: Rotom
|
|-weather|Snowscape|[upkeep]
|-damage|p2a: Ursaluna|82/100 brn|[from] brn
|-fieldend|move: Trick Room
|upkeep
|
|t:|1779582105
|switch|p1a: Hatterene|Hatterene, F|100/100
|turn|9
|
|t:|1779582112
|-terastallize|p1a: Hatterene|Water
|move|p2a: Ursaluna|Facade|p1a: Hatterene
|-damage|p1a: Hatterene|0 fnt
|faint|p1a: Hatterene
|
|-weather|none
|-damage|p2a: Ursaluna|75/100 brn|[from] brn
|upkeep
|
|t:|1779582124
|switch|p1a: Glimmora|Glimmora, M|100/100
|turn|10
|
|t:|1779582129
|move|p1a: Glimmora|Earth Power|p2a: Ursaluna
|-damage|p2a: Ursaluna|50/100 brn
|move|p2a: Ursaluna|Facade|p1a: Glimmora
|-resisted|p1a: Glimmora
|-enditem|p1a: Glimmora|Focus Sash
|-damage|p1a: Glimmora|1/100
|-activate|p1a: Glimmora|ability: Toxic Debris
|-sidestart|p2: Megachamp100|move: Toxic Spikes
|
|-damage|p2a: Ursaluna|44/100 brn|[from] brn
|upkeep
|turn|11
|
|t:|1779582141
|move|p1a: Glimmora|Stealth Rock|p2a: Ursaluna
|-sidestart|p2: Megachamp100|move: Stealth Rock
|move|p2a: Ursaluna|Fire Punch|p1a: Glimmora
|-resisted|p1a: Glimmora
|-damage|p1a: Glimmora|0 fnt
|-activate|p1a: Glimmora|ability: Toxic Debris
|-sidestart|p2: Megachamp100|move: Toxic Spikes
|faint|p1a: Glimmora
|
|-damage|p2a: Ursaluna|38/100 brn|[from] brn
|upkeep
|
|t:|1779582152
|switch|p1a: Gliscor|Gliscor, M|100/100 tox
|turn|12
|
|t:|1779582158
|move|p1a: Gliscor|Earthquake|p2a: Ursaluna
|-damage|p2a: Ursaluna|12/100 brn
|move|p2a: Ursaluna|Facade|p1a: Gliscor
|-damage|p1a: Gliscor|0 fnt
|faint|p1a: Gliscor
|
|-damage|p2a: Ursaluna|6/100 brn|[from] brn
|upkeep
|
|t:|1779582165
|switch|p1a: Dragapult|Dragapult, M|100/100
|turn|13
|
|t:|1779582173
|switch|p2a: Clefable|Clefable, F, shiny|100/100
|move|p1a: Dragapult|Draco Meteor|p2a: Clefable
|-immune|p2a: Clefable
|
|upkeep
|turn|14
|
|t:|1779582181
|move|p1a: Dragapult|Will-O-Wisp|p2a: Clefable
|-status|p2a: Clefable|brn
|move|p2a: Clefable|Thunder Wave|p1a: Dragapult
|-status|p1a: Dragapult|par
|
|-damage|p2a: Clefable|94/100 brn|[from] brn
|upkeep
|turn|15
|
|t:|1779582189
|move|p1a: Dragapult|Hex|p2a: Clefable
|-damage|p2a: Clefable|58/100 brn
|move|p2a: Clefable|Moonblast|p1a: Dragapult
|-supereffective|p1a: Dragapult
|-damage|p1a: Dragapult|17/100 par
|
|-damage|p2a: Clefable|52/100 brn|[from] brn
|upkeep
|turn|16
|
|t:|1779582199
|move|p1a: Dragapult|Hex|p2a: Clefable
|-damage|p2a: Clefable|15/100 brn
|move|p2a: Clefable|Moonblast|p1a: Dragapult
|-supereffective|p1a: Dragapult
|-damage|p1a: Dragapult|0 fnt
|faint|p1a: Dragapult
|
|win|Megachamp100
|raw|deutschitokk's rating: 1038 &rarr; <strong>1025</strong><br />(-13 for losing)
|raw|Megachamp100's rating: 1093 &rarr; <strong>1115</strong><br />(+22 for winning)
|c|☆deutschitokk|marik
|l|☆deutschitokk
|player|p1|
