|j|☆Aethersome
|j|☆Young $lug
|t:|1779612807
|gametype|singles
|player|p1|Aethersome|nate|1141
|player|p2|Young $lug|riley|1160
|gen|9
|tier|[Gen 9] OU
|rated|
|rule|HP Percentage Mod: HP is shown in percentages
|rule|Endless Battle Clause: Forcing endless battles is banned
|rule|Species Clause: Limit one of each Pokémon
|rule|OHKO Clause: OHKO moves are banned
|rule|Evasion Items Clause: Evasion items are banned
|rule|Evasion Moves Clause: Evasion moves are banned
|rule|Evasion Abilities Clause: Evasion abilities are banned
|rule|Sleep Moves Clause: Sleep-inducing moves are banned
|clearpoke
|poke|p1|Ninetales, F|
|poke|p1|Great Tusk|
|poke|p1|Walking Wake|
|poke|p1|Hatterene, F|
|poke|p1|Ceruledge, M|
|poke|p1|Meowscarada, M|
|poke|p2|Manaphy|
|poke|p2|Veluza, F|
|poke|p2|Pelipper, F|
|poke|p2|Grimmsnarl, M|
|poke|p2|Walking Wake|
|poke|p2|Kingambit, F|
|teampreview
|inactive|Battle timer is ON: inactive players will automatically lose when time's up. (requested by Aethersome)
|
|t:|1779612814
|teamsize|p1|6
|teamsize|p2|6
|start
|switch|p1a: Meowscarada|Meowscarada, M, shiny|100/100
|switch|p2a: Grimmsnarl|Grimmsnarl, M|100/100
|turn|1
|
|t:|1779612824
|move|p2a: Grimmsnarl|Light Screen|p2a: Grimmsnarl
|-sidestart|p2: Young $lug|move: Light Screen
|move|p1a: Meowscarada|Trick|p2a: Grimmsnarl
|-start|p1a: Meowscarada|typechange|Psychic|[from] ability: Protean
|-activate|p1a: Meowscarada|move: Trick|[of] p2a: Grimmsnarl
|-item|p2a: Grimmsnarl|Choice Scarf|[from] move: Trick
|-item|p1a: Meowscarada|Light Clay|[from] move: Trick
|
|upkeep
|turn|2
|
|t:|1779612837
|switch|p1a: Hatterene|Hatterene, F, shiny|100/100
|move|p2a: Grimmsnarl|Reflect|p2a: Grimmsnarl
|-sidestart|p2: Young $lug|Reflect
|
|upkeep
|turn|3
|
|t:|1779612851
|switch|p2a: Pelipper|Pelipper, F|100/100
|-weather|RainDance|[from] ability: Drizzle|[of] p2a: Pelipper
|move|p1a: Hatterene|Calm Mind|p1a: Hatterene
|-boost|p1a: Hatterene|spa|1
|-boost|p1a: Hatterene|spd|1
|
|-weather|RainDance|[upkeep]
|upkeep
|turn|4
|
|t:|1779612861
|move|p2a: Pelipper|U-turn|p1a: Hatterene
|-damage|p1a: Hatterene|91/100
|
|t:|1779612864
|switch|p2a: Manaphy|Manaphy|100/100|[from] U-turn
|move|p1a: Hatterene|Draining Kiss|p2a: Manaphy
|-damage|p2a: Manaphy|83/100
|-heal|p1a: Hatterene|100/100|[from] drain|[of] p2a: Manaphy
|
|-weather|RainDance|[upkeep]
|-heal|p2a: Manaphy|90/100|[from] item: Leftovers
|upkeep
|turn|5
|
|t:|1779612875
|move|p2a: Manaphy|Tail Glow|p2a: Manaphy
|-boost|p2a: Manaphy|spa|3
|move|p1a: Hatterene|Mystical Fire|p2a: Manaphy
|-resisted|p2a: Manaphy
|-damage|p2a: Manaphy|85/100
|-unboost|p2a: Manaphy|spa|1
|
|-weather|RainDance|[upkeep]
|-heal|p2a: Manaphy|91/100|[from] item: Leftovers
|upkeep
|turn|6
|
|t:|1779612885
|switch|p1a: Ninetales|Ninetales, F, shiny|100/100
|-weather|SunnyDay|[from] ability: Drought|[of] p1a: Ninetales
|move|p2a: Manaphy|Tail Glow|p2a: Manaphy
|-boost|p2a: Manaphy|spa|3
|
|-weather|SunnyDay|[upkeep]
|-heal|p2a: Manaphy|98/100|[from] item: Leftovers
|-sideend|p2: Young $lug|Reflect
|upkeep
|turn|7
|
|t:|1779612906
|move|p1a: Ninetales|Encore|p2a: Manaphy
|-start|p2a: Manaphy|Encore
|move|p2a: Manaphy|Tail Glow|p2a: Manaphy
|-boost|p2a: Manaphy|spa|1
|
|-weather|SunnyDay|[upkeep]
|-heal|p2a: Manaphy|100/100|[from] item: Leftovers
|upkeep
|turn|8
|
|t:|1779612915
|move|p1a: Ninetales|Will-O-Wisp|p2a: Manaphy
|-status|p2a: Manaphy|brn
|move|p2a: Manaphy|Tail Glow|p2a: Manaphy
|-boost|p2a: Manaphy|spa|0
|
|-weather|SunnyDay|[upkeep]
|-damage|p2a: Manaphy|94/100 brn|[from] brn
|-sideend|p2: Young $lug|move: Light Screen
|upkeep
|turn|9
|
|t:|1779612925
|move|p1a: Ninetales|Overheat|p2a: Manaphy
|-resisted|p2a: Manaphy
|-crit|p2a: Manaphy
|-damage|p2a: Manaphy|45/100 brn
|-unboost|p1a: Ninetales|spa|2
|move|p2a: Manaphy|Tail Glow|p2a: Manaphy
|-boost|p2a: Manaphy|spa|0
|
|-weather|SunnyDay|[upkeep]
|-heal|p2a: Manaphy|51/100 brn|[from] item: Leftovers
|-damage|p2a: Manaphy|45/100 brn|[from] brn
|-end|p2a: Manaphy|Encore
|upkeep
|turn|10
|
|t:|1779612940
|move|p1a: Ninetales|Encore|p2a: Manaphy
|-start|p2a: Manaphy|Encore
|move|p2a: Manaphy|Tail Glow|p2a: Manaphy
|-boost|p2a: Manaphy|spa|0
|
|-weather|SunnyDay|[upkeep]
|-heal|p2a: Manaphy|51/100 brn|[from] item: Leftovers
|-damage|p2a: Manaphy|45/100 brn|[from] brn
|upkeep
|turn|11
|c|☆Young $lug|🫩
|inactive|Young $lug has 120 seconds left.
|
|t:|1779612968
|switch|p1a: Meowscarada|Meowscarada, M, shiny|100/100
|switch|p2a: Pelipper|Pelipper, F|100/100
|-weather|RainDance|[from] ability: Drizzle|[of] p2a: Pelipper
|
|-weather|RainDance|[upkeep]
|upkeep
|turn|12
|inactive|Young $lug has 120 seconds left.
|
|t:|1779612980
|move|p1a: Meowscarada|Knock Off|p2a: Pelipper
|-start|p1a: Meowscarada|typechange|Dark|[from] ability: Protean
|-damage|p2a: Pelipper|64/100
|-enditem|p2a: Pelipper|Damp Rock|[from] move: Knock Off|[of] p1a: Meowscarada
|move|p2a: Pelipper|Hurricane|p1a: Meowscarada
|-damage|p1a: Meowscarada|46/100
|
|-weather|RainDance|[upkeep]
|upkeep
|turn|13
|inactive|Young $lug has 120 seconds left.
|
|t:|1779612994
|move|p1a: Meowscarada|U-turn|p2a: Pelipper
|-resisted|p2a: Pelipper
|-damage|p2a: Pelipper|55/100
|
|t:|1779612995
|switch|p1a: Ninetales|Ninetales, F, shiny|100/100|[from] U-turn
|-weather|SunnyDay|[from] ability: Drought|[of] p1a: Ninetales
|move|p2a: Pelipper|U-turn|p1a: Ninetales
|-resisted|p1a: Ninetales
|-damage|p1a: Ninetales|93/100
|inactive|Young $lug has 120 seconds left.
|
|t:|1779613009
|switch|p2a: Walking Wake|Walking Wake|100/100|[from] U-turn
|-activate|p2a: Walking Wake|ability: Protosynthesis
|-start|p2a: Walking Wake|protosynthesisspe
|
|-weather|SunnyDay|[upkeep]
|upkeep
|turn|14
|
|t:|1779613019
|switch|p1a: Hatterene|Hatterene, F, shiny|100/100
|move|p2a: Walking Wake|Hydro Steam|p1a: Hatterene
|-crit|p1a: Hatterene
|-damage|p1a: Hatterene|0 fnt
|faint|p1a: Hatterene
|
|-weather|SunnyDay|[upkeep]
|upkeep
|
|t:|1779613026
|switch|p1a: Walking Wake|Walking Wake|100/100
|-activate|p1a: Walking Wake|ability: Protosynthesis
|-start|p1a: Walking Wake|protosynthesisspe
|turn|15
|inactive|Young $lug has 120 seconds left.
|
|t:|1779613054
|move|p1a: Walking Wake|Hydro Steam|p2a: Walking Wake
|-resisted|p2a: Walking Wake
|-damage|p2a: Walking Wake|78/100
|move|p2a: Walking Wake|Hydro Steam|p1a: Walking Wake
|-resisted|p1a: Walking Wake
|-damage|p1a: Walking Wake|74/100
|
|-weather|SunnyDay|[upkeep]
|upkeep
|turn|16
|inactive|Young $lug has 120 seconds left.
|
|t:|1779613063
|move|p2a: Walking Wake|Hydro Steam|p1a: Walking Wake
|-resisted|p1a: Walking Wake
|-damage|p1a: Walking Wake|48/100
|move|p1a: Walking Wake|Draco Meteor|p2a: Walking Wake
|-supereffective|p2a: Walking Wake
|-damage|p2a: Walking Wake|0 fnt
|-unboost|p1a: Walking Wake|spa|2
|faint|p2a: Walking Wake
|-end|p2a: Walking Wake|Protosynthesis|[silent]
|
|-weather|SunnyDay|[upkeep]
|upkeep
|inactive|Young $lug has 120 seconds left.
|
|t:|1779613090
|switch|p2a: Grimmsnarl|Grimmsnarl, M|100/100
|turn|17
|
|t:|1779613097
|-end|p1a: Walking Wake|Protosynthesis|[silent]
|switch|p1a: Ceruledge|Ceruledge, M, shiny|100/100
|move|p2a: Grimmsnarl|Thunder Wave|p1a: Ceruledge
|-status|p1a: Ceruledge|par
|
|-weather|SunnyDay|[upkeep]
|upkeep
|turn|18
|
|t:|1779613111
|switch|p2a: Pelipper|Pelipper, F|55/100
|-weather|RainDance|[from] ability: Drizzle|[of] p2a: Pelipper
|move|p1a: Ceruledge|Swords Dance|p1a: Ceruledge
|-boost|p1a: Ceruledge|atk|2
|
|-weather|RainDance|[upkeep]
|upkeep
|turn|19
|
|t:|1779613121
|switch|p2a: Veluza|Veluza, F|100/100
|move|p1a: Ceruledge|Shadow Sneak|p2a: Veluza
|-supereffective|p2a: Veluza
|-damage|p2a: Veluza|0 fnt
|faint|p2a: Veluza
|
|-weather|RainDance|[upkeep]
|upkeep
|
|t:|1779613134
|switch|p2a: Manaphy|Manaphy|45/100 brn
|turn|20
|
|t:|1779613140
|move|p1a: Ceruledge|Shadow Sneak|p2a: Manaphy
|-damage|p2a: Manaphy|21/100 brn
|move|p2a: Manaphy|Rest|p2a: Manaphy
|-status|p2a: Manaphy|slp|[from] move: Rest
|-heal|p2a: Manaphy|100/100 slp|[silent]
|
|-weather|RainDance|[upkeep]
|-activate|p2a: Manaphy|ability: Hydration
|-curestatus|p2a: Manaphy|slp|[msg]
|upkeep
|turn|21
|
|t:|1779613151
|switch|p1a: Ninetales|Ninetales, F, shiny|93/100
|-weather|SunnyDay|[from] ability: Drought|[of] p1a: Ninetales
|move|p2a: Manaphy|Tail Glow|p2a: Manaphy
|-boost|p2a: Manaphy|spa|3
|
|-weather|SunnyDay|[upkeep]
|upkeep
|turn|22
|
|t:|1779613162
|move|p1a: Ninetales|Encore|p2a: Manaphy
|-start|p2a: Manaphy|Encore
|move|p2a: Manaphy|Tail Glow|p2a: Manaphy
|-boost|p2a: Manaphy|spa|3
|
|-weather|SunnyDay|[upkeep]
|upkeep
|turn|23
|
|t:|1779613186
|switch|p2a: Grimmsnarl|Grimmsnarl, M|100/100
|move|p1a: Ninetales|Will-O-Wisp|p2a: Grimmsnarl
|-status|p2a: Grimmsnarl|brn
|
|-weather|SunnyDay|[upkeep]
|-damage|p2a: Grimmsnarl|94/100 brn|[from] brn
|upkeep
|turn|24
|inactive|Young $lug has 90 seconds left.
|
|t:|1779613201
|switch|p1a: Great Tusk|Great Tusk|100/100
|-activate|p1a: Great Tusk|ability: Protosynthesis
|-start|p1a: Great Tusk|protosynthesisspe
|move|p2a: Grimmsnarl|Thunder Wave|p1a: Great Tusk
|-immune|p1a: Great Tusk
|
|-weather|SunnyDay|[upkeep]
|-damage|p2a: Grimmsnarl|88/100 brn|[from] brn
|upkeep
|turn|25
|inactive|Young $lug has 90 seconds left.
|
|t:|1779613237
|switch|p2a: Pelipper|Pelipper, F|55/100
|-weather|RainDance|[from] ability: Drizzle|[of] p2a: Pelipper
|-end|p1a: Great Tusk|Protosynthesis
|move|p1a: Great Tusk|Ice Spinner|p2a: Pelipper
|-damage|p2a: Pelipper|36/100
|
|-weather|RainDance|[upkeep]
|upkeep
|turn|26
|inactive|Young $lug has 60 seconds left.
|
|t:|1779613253
|move|p1a: Great Tusk|Ice Spinner|p2a: Pelipper
|-damage|p2a: Pelipper|17/100
|move|p2a: Pelipper|Hurricane|p1a: Great Tusk
|-supereffective|p1a: Great Tusk
|-damage|p1a: Great Tusk|2/100
|
|-weather|RainDance|[upkeep]
|upkeep
|turn|27
|
|t:|1779613268
|move|p1a: Great Tusk|Ice Spinner|p2a: Pelipper
|-damage|p2a: Pelipper|0 fnt
|faint|p2a: Pelipper
|
|-weather|RainDance|[upkeep]
|upkeep
|inactive|Young $lug has 60 seconds left.
|
|t:|1779613278
|switch|p2a: Grimmsnarl|Grimmsnarl, M|88/100 brn
|turn|28
|
|t:|1779613285
|-end|p1a: Great Tusk|Protosynthesis|[silent]
|switch|p1a: Ninetales|Ninetales, F, shiny|93/100
|-weather|SunnyDay|[from] ability: Drought|[of] p1a: Ninetales
|move|p2a: Grimmsnarl|Light Screen|p2a: Grimmsnarl
|-sidestart|p2: Young $lug|move: Light Screen
|
|-weather|SunnyDay|[upkeep]
|-damage|p2a: Grimmsnarl|82/100 brn|[from] brn
|upkeep
|turn|29
|
|t:|1779613304
|switch|p2a: Kingambit|Kingambit, F|100/100
|-activate|p2a: Kingambit|ability: Supreme Overlord
|-start|p2a: Kingambit|fallen3|[silent]
|move|p1a: Ninetales|Will-O-Wisp|p2a: Kingambit
|-status|p2a: Kingambit|brn
|-enditem|p2a: Kingambit|Lum Berry|[eat]
|-curestatus|p2a: Kingambit|brn|[msg]
|
|-weather|SunnyDay|[upkeep]
|upkeep
|turn|30
|inactive|Young $lug has 60 seconds left.
|
|t:|1779613319
|move|p1a: Ninetales|Will-O-Wisp|p2a: Kingambit
|-status|p2a: Kingambit|brn
|move|p2a: Kingambit|Kowtow Cleave|p1a: Ninetales
|-damage|p1a: Ninetales|47/100
|
|-weather|SunnyDay|[upkeep]
|-damage|p2a: Kingambit|94/100 brn|[from] brn
|upkeep
|turn|31
|
|t:|1779613337
|move|p1a: Ninetales|Healing Wish|p1a: Ninetales
|faint|p1a: Ninetales
|move|p2a: Kingambit|Swords Dance|p2a: Kingambit
|-boost|p2a: Kingambit|atk|2
|
|-weather|SunnyDay|[upkeep]
|-damage|p2a: Kingambit|88/100 brn|[from] brn
|upkeep
|
|t:|1779613339
|switch|p1a: Great Tusk|Great Tusk|2/100
|-heal|p1a: Great Tusk|100/100|[from] move: Healing Wish
|-activate|p1a: Great Tusk|ability: Protosynthesis
|-start|p1a: Great Tusk|protosynthesisspe
|turn|32
|inactive|Young $lug has 60 seconds left.
|
|t:|1779613360
|move|p1a: Great Tusk|Bulk Up|p1a: Great Tusk
|-boost|p1a: Great Tusk|atk|1
|-boost|p1a: Great Tusk|def|1
|move|p2a: Kingambit|Iron Head|p1a: Great Tusk
|-damage|p1a: Great Tusk|74/100
|
|-weather|SunnyDay|[upkeep]
|-damage|p2a: Kingambit|82/100 brn|[from] brn
|-sideend|p2: Young $lug|move: Light Screen
|upkeep
|turn|33
|-message|Young $lug forfeited.
|
|win|Aethersome
|raw|Aethersome's rating: 1141 &rarr; <strong>1167</strong><br />(+26 for winning)
|raw|Young $lug's rating: 1160 &rarr; <strong>1134</strong><br />(-26 for losing)
|l|☆Young $lug
|player|p2|
|l|☆Aethersome
|player|p1|
