|j|☆Hyuyu
|j|☆Loverer
|t:|1779648058
|gametype|singles
|player|p1|Hyuyu|2|1386
|player|p2|Loverer|koga-lgpe|1314
|gen|9
|tier|[Gen 9] OU
|rated|
|rule|HP Percentage Mod: HP is shown in percentages
|rule|Endless Battle Clause: Forcing endless battles is banned
|rule|Species Clause: Limit one of each Pokémon
|rule|OHKO Clause: OHKO moves are banned
|rule|Evasion Items Clause: Evasion items are banned
|rule|Evasion Moves Clause: Evasion moves are banned
|rule|Evasion Abilities Clause: Evasion abilities are banned
|rule|Sleep Moves Clause: Sleep-inducing moves are banned
|clearpoke
|poke|p1|Seviper, F|
|poke|p1|Corviknight, M|
|poke|p1|Meloetta|
|poke|p1|Cinderace, F|
|poke|p1|Ogerpon-Wellspring, F|
|poke|p1|Great Tusk|
|poke|p2|Ninetales, F|
|poke|p2|Ceruledge, M|
|poke|p2|Walking Wake|
|poke|p2|Great Tusk|
|poke|p2|Whimsicott, F|
|poke|p2|Iron Moth|
|teampreview
|
|t:|1779648093
|teamsize|p1|6
|teamsize|p2|6
|start
|switch|p1a: Great Tusk|Great Tusk|100/100
|switch|p2a: Ninetales|Ninetales, F|100/100
|-weather|SunnyDay|[from] ability: Drought|[of] p2a: Ninetales
|-activate|p1a: Great Tusk|ability: Protosynthesis
|-start|p1a: Great Tusk|protosynthesisatk
|turn|1
|
|t:|1779648123
|switch|p2a: Great Tusk|Great Tusk|100/100
|-activate|p2a: Great Tusk|ability: Protosynthesis
|-start|p2a: Great Tusk|protosynthesisspe
|move|p1a: Great Tusk|Headlong Rush|p2a: Great Tusk
|-damage|p2a: Great Tusk|45/100
|-unboost|p1a: Great Tusk|def|1
|-unboost|p1a: Great Tusk|spd|1
|-damage|p1a: Great Tusk|84/100|[from] item: Rocky Helmet|[of] p2a: Great Tusk
|
|-weather|SunnyDay|[upkeep]
|upkeep
|turn|2
|
|t:|1779648174
|-end|p2a: Great Tusk|Protosynthesis|[silent]
|switch|p2a: Whimsicott|Whimsicott, F|100/100
|-end|p1a: Great Tusk|Protosynthesis|[silent]
|switch|p1a: Seviper|Seviper, F, shiny|100/100
|-item|p1a: Seviper|Air Balloon
|
|-weather|SunnyDay|[upkeep]
|upkeep
|turn|3
|inactive|Battle timer is ON: inactive players will automatically lose when time's up. (requested by Loverer)
|
|t:|1779648202
|switch|p2a: Great Tusk|Great Tusk|45/100
|-activate|p2a: Great Tusk|ability: Protosynthesis
|-start|p2a: Great Tusk|protosynthesisspe
|move|p1a: Seviper|Glare|p2a: Great Tusk
|-status|p2a: Great Tusk|par
|
|-weather|SunnyDay|[upkeep]
|upkeep
|turn|4
|
|t:|1779648214
|move|p1a: Seviper|Flamethrower|p2a: Great Tusk
|-damage|p2a: Great Tusk|1/100 par
|cant|p2a: Great Tusk|par
|
|-weather|SunnyDay|[upkeep]
|upkeep
|turn|5
|
|t:|1779648228
|move|p1a: Seviper|Flamethrower|p2a: Great Tusk
|-damage|p2a: Great Tusk|0 fnt
|faint|p2a: Great Tusk
|-end|p2a: Great Tusk|Protosynthesis|[silent]
|
|-weather|SunnyDay|[upkeep]
|upkeep
|
|t:|1779648231
|switch|p2a: Ninetales|Ninetales, F|100/100
|turn|6
|
|t:|1779648248
|switch|p1a: Ogerpon|Ogerpon-Wellspring, F|100/100
|move|p2a: Ninetales|Encore||[still]
|-fail|p2a: Ninetales
|
|-weather|SunnyDay|[upkeep]
|upkeep
|turn|7
|
|t:|1779648277
|switch|p1a: Seviper|Seviper, F, shiny|100/100
|-item|p1a: Seviper|Air Balloon
|switch|p2a: Whimsicott|Whimsicott, F|100/100
|
|-weather|SunnyDay|[upkeep]
|upkeep
|turn|8
|inactive|Hyuyu has 120 seconds left.
|
|t:|1779648302
|move|p2a: Whimsicott|Moonblast|p1a: Seviper
|-resisted|p1a: Seviper
|-damage|p1a: Seviper|62/100
|-unboost|p1a: Seviper|spa|1
|-enditem|p1a: Seviper|Air Balloon
|-damage|p2a: Whimsicott|91/100|[from] item: Life Orb
|move|p1a: Seviper|Glare|p2a: Whimsicott
|-status|p2a: Whimsicott|par
|
|-weather|none
|upkeep
|turn|9
|inactive|Hyuyu has 120 seconds left.
|
|t:|1779648321
|switch|p2a: Ninetales|Ninetales, F|100/100
|-weather|SunnyDay|[from] ability: Drought|[of] p2a: Ninetales
|move|p1a: Seviper|Flamethrower|p2a: Ninetales
|-resisted|p2a: Ninetales
|-damage|p2a: Ninetales|87/100
|
|-weather|SunnyDay|[upkeep]
|upkeep
|turn|10
|inactive|Hyuyu has 120 seconds left.
|
|t:|1779648336
|switch|p1a: Cinderace|Cinderace, F|100/100
|move|p2a: Ninetales|Scorching Sands|p1a: Cinderace
|-supereffective|p1a: Cinderace
|-damage|p1a: Cinderace|58/100
|
|-weather|SunnyDay|[upkeep]
|upkeep
|turn|11
|inactive|Hyuyu has 120 seconds left.
|
|t:|1779648347
|move|p1a: Cinderace|Pyro Ball|p2a: Ninetales
|-resisted|p2a: Ninetales
|-damage|p2a: Ninetales|33/100
|move|p2a: Ninetales|Scorching Sands|p1a: Cinderace
|-supereffective|p1a: Cinderace
|-damage|p1a: Cinderace|15/100
|
|-weather|SunnyDay|[upkeep]
|upkeep
|turn|12
|inactive|Hyuyu has 120 seconds left.
|
|t:|1779648361
|switch|p2a: Ceruledge|Ceruledge, M|100/100
|move|p1a: Cinderace|U-turn|p2a: Ceruledge
|-resisted|p2a: Ceruledge
|-damage|p2a: Ceruledge|94/100
|-ability|p2a: Ceruledge|Weak Armor|boost
|-unboost|p2a: Ceruledge|def|1
|-boost|p2a: Ceruledge|spe|2
|inactive|Hyuyu has 120 seconds left.
|inactive|Hyuyu has 90 seconds left.
|inactive|Hyuyu has 60 seconds left.
|
|t:|1779648437
|switch|p1a: Great Tusk|Great Tusk|84/100|[from] U-turn
|-activate|p1a: Great Tusk|ability: Protosynthesis
|-start|p1a: Great Tusk|protosynthesisatk
|
|-weather|SunnyDay|[upkeep]
|upkeep
|turn|13
|
|t:|1779648466
|-end|p1a: Great Tusk|Protosynthesis|[silent]
|switch|p1a: Corviknight|Corviknight, M|100/100
|-ability|p1a: Corviknight|Pressure
|move|p2a: Ceruledge|Bitter Blade|p1a: Corviknight
|-supereffective|p1a: Corviknight
|-damage|p1a: Corviknight|0 fnt
|-heal|p2a: Ceruledge|100/100|[from] drain|[of] p1a: Corviknight
|-damage|p2a: Ceruledge|84/100|[from] item: Rocky Helmet|[of] p1a: Corviknight
|faint|p1a: Corviknight
|-damage|p2a: Ceruledge|74/100|[from] item: Life Orb
|
|-weather|SunnyDay|[upkeep]
|upkeep
|inactive|Hyuyu has 30 seconds left.
|inactive|Hyuyu has 20 seconds left.
|inactive|Hyuyu has 15 seconds left.
|
|t:|1779648493
|switch|p1a: Ogerpon|Ogerpon-Wellspring, F|100/100
|turn|14
|inactive|Hyuyu has 25 seconds left this turn.
|inactive|Hyuyu has 20 seconds left.
|inactive|Hyuyu has 15 seconds left.
|
|t:|1779648506
|-terastallize|p1a: Ogerpon|Water
|detailschange|p1a: Ogerpon|Ogerpon-Wellspring-Tera, F, tera:Water
|-ability|p1a: Ogerpon|Embody Aspect (Wellspring)|boost
|-boost|p1a: Ogerpon|spd|1
|move|p2a: Ceruledge|Poltergeist|p1a: Ogerpon
|-activate|p1a: Ogerpon|move: Poltergeist|Wellspring Mask
|-damage|p1a: Ogerpon|11/100
|-damage|p2a: Ceruledge|64/100|[from] item: Life Orb
|move|p1a: Ogerpon|Ivy Cudgel|p2a: Ceruledge|[anim] Ivy Cudgel Water
|-supereffective|p2a: Ceruledge
|-damage|p2a: Ceruledge|0 fnt
|faint|p2a: Ceruledge
|
|-weather|SunnyDay|[upkeep]
|upkeep
|
|t:|1779648520
|switch|p2a: Walking Wake|Walking Wake|100/100
|-activate|p2a: Walking Wake|ability: Protosynthesis
|-start|p2a: Walking Wake|protosynthesisspe
|turn|15
|inactive|Hyuyu has 30 seconds left this turn.
|inactive|Hyuyu has 20 seconds left.
|
|t:|1779648531
|switch|p1a: Cinderace|Cinderace, F|15/100
|move|p2a: Walking Wake|Knock Off|p1a: Cinderace
|-damage|p1a: Cinderace|0 fnt
|-enditem|p1a: Cinderace|Heavy-Duty Boots|[from] move: Knock Off|[of] p2a: Walking Wake
|faint|p1a: Cinderace
|
|-weather|SunnyDay|[upkeep]
|upkeep
|inactive|Hyuyu has 25 seconds left this turn.
|inactive|Hyuyu has 20 seconds left.
|
|t:|1779648541
|switch|p1a: Great Tusk|Great Tusk|84/100
|-activate|p1a: Great Tusk|ability: Protosynthesis
|-start|p1a: Great Tusk|protosynthesisatk
|turn|16
|inactive|Hyuyu has 30 seconds left this turn.
|
|t:|1779648551
|-end|p1a: Great Tusk|Protosynthesis|[silent]
|switch|p1a: Ogerpon|Ogerpon-Wellspring-Tera, F, tera:Water|11/100
|-ability|p1a: Ogerpon|Embody Aspect (Wellspring)|boost
|-boost|p1a: Ogerpon|spd|1
|move|p2a: Walking Wake|Draco Meteor|p1a: Ogerpon
|-damage|p1a: Ogerpon|0 fnt
|-unboost|p2a: Walking Wake|spa|2
|faint|p1a: Ogerpon
|detailschange|p1: Ogerpon|Ogerpon-Wellspring, F|[silent]
|
|-weather|none
|-end|p2a: Walking Wake|Protosynthesis
|upkeep
|inactive|Hyuyu has 30 seconds left.
|
|t:|1779648560
|switch|p1a: Great Tusk|Great Tusk|84/100
|turn|17
|inactive|Hyuyu has 30 seconds left.
|
|t:|1779648570
|-end|p2a: Walking Wake|Protosynthesis|[silent]
|switch|p2a: Ninetales|Ninetales, F|33/100
|-weather|SunnyDay|[from] ability: Drought|[of] p2a: Ninetales
|-activate|p1a: Great Tusk|ability: Protosynthesis
|-start|p1a: Great Tusk|protosynthesisatk
|move|p1a: Great Tusk|Headlong Rush|p2a: Ninetales
|-supereffective|p2a: Ninetales
|-damage|p2a: Ninetales|0 fnt
|-unboost|p1a: Great Tusk|def|1
|-unboost|p1a: Great Tusk|spd|1
|faint|p2a: Ninetales
|
|-weather|SunnyDay|[upkeep]
|upkeep
|
|t:|1779648585
|switch|p2a: Walking Wake|Walking Wake|100/100
|-activate|p2a: Walking Wake|ability: Protosynthesis
|-start|p2a: Walking Wake|protosynthesisspe
|turn|18
|
|t:|1779648590
|-end|p1a: Great Tusk|Protosynthesis|[silent]
|switch|p1a: Seviper|Seviper, F, shiny|62/100
|move|p2a: Walking Wake|Hydro Steam|p1a: Seviper
|-damage|p1a: Seviper|0 fnt
|faint|p1a: Seviper
|
|-weather|SunnyDay|[upkeep]
|upkeep
|
|t:|1779648593
|switch|p1a: Meloetta|Meloetta|100/100
|turn|19
|
|t:|1779648601
|move|p2a: Walking Wake|Knock Off|p1a: Meloetta
|-supereffective|p1a: Meloetta
|-damage|p1a: Meloetta|61/100
|-enditem|p1a: Meloetta|Assault Vest|[from] move: Knock Off|[of] p2a: Walking Wake
|move|p1a: Meloetta|Thunder|p2a: Walking Wake
|-damage|p2a: Walking Wake|73/100
|-status|p2a: Walking Wake|par
|
|-weather|SunnyDay|[upkeep]
|upkeep
|turn|20
|
|t:|1779648613
|move|p1a: Meloetta|Psychic|p2a: Walking Wake
|-damage|p2a: Walking Wake|45/100 par
|-unboost|p2a: Walking Wake|spd|1
|move|p2a: Walking Wake|Hydro Steam|p1a: Meloetta
|-damage|p1a: Meloetta|15/100
|
|-weather|SunnyDay|[upkeep]
|upkeep
|turn|21
|
|t:|1779648622
|move|p1a: Meloetta|Psychic|p2a: Walking Wake
|-damage|p2a: Walking Wake|0 fnt
|faint|p2a: Walking Wake
|-end|p2a: Walking Wake|Protosynthesis|[silent]
|
|-weather|SunnyDay|[upkeep]
|upkeep
|
|t:|1779648625
|switch|p2a: Whimsicott|Whimsicott, F|91/100 par
|turn|22
|
|t:|1779648631
|move|p1a: Meloetta|Psychic|p2a: Whimsicott
|-damage|p2a: Whimsicott|29/100 par
|move|p2a: Whimsicott|Moonblast|p1a: Meloetta
|-damage|p1a: Meloetta|0 fnt
|faint|p1a: Meloetta
|-damage|p2a: Whimsicott|19/100 par|[from] item: Life Orb
|
|-weather|SunnyDay|[upkeep]
|upkeep
|
|t:|1779648636
|switch|p1a: Great Tusk|Great Tusk|84/100
|-activate|p1a: Great Tusk|ability: Protosynthesis
|-start|p1a: Great Tusk|protosynthesisatk
|turn|23
|
|t:|1779648638
|move|p1a: Great Tusk|Headlong Rush|p2a: Whimsicott
|-resisted|p2a: Whimsicott
|-damage|p2a: Whimsicott|0 fnt
|-unboost|p1a: Great Tusk|def|1
|-unboost|p1a: Great Tusk|spd|1
|faint|p2a: Whimsicott
|
|-weather|SunnyDay|[upkeep]
|upkeep
|
|t:|1779648640
|switch|p2a: Iron Moth|Iron Moth|100/100
|-enditem|p2a: Iron Moth|Booster Energy
|-activate|p2a: Iron Moth|ability: Quark Drive|[fromitem]
|-start|p2a: Iron Moth|quarkdrivespe
|turn|24
|
|t:|1779648643
|-terastallize|p2a: Iron Moth|Fairy
|move|p2a: Iron Moth|Dazzling Gleam|p1a: Great Tusk
|-supereffective|p1a: Great Tusk
|-damage|p1a: Great Tusk|0 fnt
|faint|p1a: Great Tusk
|-end|p1a: Great Tusk|Protosynthesis|[silent]
|
|win|Loverer
|raw|Hyuyu's rating: 1386 &rarr; <strong>1362</strong><br />(-24 for losing)
|raw|Loverer's rating: 1314 &rarr; <strong>1338</strong><br />(+24 for winning)
|l|☆Hyuyu
|player|p1|
|l|☆Loverer
|player|p2|
