|j|☆Shinydragonzord6
|j|☆lokixftw
|t:|1779722355
|gametype|singles
|player|p1|Shinydragonzord6|byron|1375
|player|p2|lokixftw|lusamine-nihilego|1392
|gen|9
|tier|[Gen 9] OU
|rated|
|rule|HP Percentage Mod: HP is shown in percentages
|rule|Endless Battle Clause: Forcing endless battles is banned
|rule|Species Clause: Limit one of each Pokémon
|rule|OHKO Clause: OHKO moves are banned
|rule|Evasion Items Clause: Evasion items are banned
|rule|Evasion Moves Clause: Evasion moves are banned
|rule|Evasion Abilities Clause: Evasion abilities are banned
|rule|Sleep Moves Clause: Sleep-inducing moves are banned
|clearpoke
|poke|p1|Pelipper, M|
|poke|p1|Barraskewda, M|
|poke|p1|Kingdra, M|
|poke|p1|Rillaboom, M|
|poke|p1|Iron Treads|
|poke|p1|Raging Bolt|
|poke|p2|Lokix, M|
|poke|p2|Iron Crown|
|poke|p2|Dragapult, F|
|poke|p2|Great Tusk|
|poke|p2|Slowking-Galar, F|
|poke|p2|Corviknight, M|
|teampreview
|inactive|Battle timer is ON: inactive players will automatically lose when time's up. (requested by lokixftw)
|
|t:|1779722367
|teamsize|p1|6
|teamsize|p2|6
|start
|switch|p1a: Iron Treads|Iron Treads, shiny|100/100
|switch|p2a: Slowking|Slowking-Galar, F|100/100
|-enditem|p1a: Iron Treads|Booster Energy
|-activate|p1a: Iron Treads|ability: Quark Drive|[fromitem]
|-start|p1a: Iron Treads|quarkdrivespe
|turn|1
|
|t:|1779722376
|switch|p2a: Corviknight|Corviknight, M|100/100
|-ability|p2a: Corviknight|Pressure
|move|p1a: Iron Treads|Knock Off|p2a: Corviknight
|-damage|p2a: Corviknight|81/100
|-enditem|p2a: Corviknight|Leftovers|[from] move: Knock Off|[of] p1a: Iron Treads
|
|upkeep
|turn|2
|
|t:|1779722385
|-end|p1a: Iron Treads|Quark Drive|[silent]
|switch|p1a: Pelipper|Pelipper, M, shiny|100/100
|-weather|RainDance|[from] ability: Drizzle|[of] p1a: Pelipper
|move|p2a: Corviknight|Body Press|p1a: Pelipper
|-resisted|p1a: Pelipper
|-damage|p1a: Pelipper|91/100
|
|-weather|RainDance|[upkeep]
|upkeep
|turn|3
|
|t:|1779722394
|move|p2a: Corviknight|U-turn|p1a: Pelipper
|-resisted|p1a: Pelipper
|-damage|p1a: Pelipper|85/100
|
|t:|1779722399
|switch|p2a: Slowking|Slowking-Galar, F|100/100|[from] U-turn
|move|p1a: Pelipper|U-turn|p2a: Slowking
|-damage|p2a: Slowking|92/100
|
|t:|1779722419
|switch|p1a: Kingdra|Kingdra, M, shiny|100/100|[from] U-turn
|
|-weather|RainDance|[upkeep]
|upkeep
|turn|4
|
|t:|1779722429
|-terastallize|p1a: Kingdra|Water
|move|p1a: Kingdra|Weather Ball|p2a: Slowking
|-damage|p2a: Slowking|8/100
|-prepare|p2a: Slowking|Chilly Reception|[premajor]
|move|p2a: Slowking|Chilly Reception|p2a: Slowking
|-weather|Snowscape
|
|t:|1779722445
|switch|p2a: Dragapult|Dragapult, F|100/100|[from] Chilly Reception
|
|-weather|Snowscape|[upkeep]
|upkeep
|turn|5
|
|t:|1779722456
|switch|p1a: Iron Treads|Iron Treads, shiny|100/100
|move|p2a: Dragapult|Draco Meteor|p1a: Iron Treads
|-resisted|p1a: Iron Treads
|-damage|p1a: Iron Treads|38/100
|-unboost|p2a: Dragapult|spa|2
|
|-weather|Snowscape|[upkeep]
|upkeep
|turn|6
|
|t:|1779722466
|switch|p2a: Corviknight|Corviknight, M|81/100
|-ability|p2a: Corviknight|Pressure
|move|p1a: Iron Treads|Stealth Rock|p2a: Corviknight
|-sidestart|p2: lokixftw|move: Stealth Rock
|
|-weather|Snowscape|[upkeep]
|upkeep
|turn|7
|
|t:|1779722475
|-end|p1a: Iron Treads|Quark Drive|[silent]
|switch|p1a: Pelipper|Pelipper, M, shiny|85/100
|-weather|RainDance|[from] ability: Drizzle|[of] p1a: Pelipper
|move|p2a: Corviknight|U-turn|p1a: Pelipper
|-resisted|p1a: Pelipper
|-damage|p1a: Pelipper|80/100
|
|t:|1779722479
|switch|p2a: Slowking|Slowking-Galar, F|41/100|[from] U-turn
|
|-weather|RainDance|[upkeep]
|upkeep
|turn|8
|
|t:|1779722486
|move|p1a: Pelipper|Hurricane|p2a: Slowking
|-damage|p2a: Slowking|19/100
|-prepare|p2a: Slowking|Chilly Reception|[premajor]
|move|p2a: Slowking|Chilly Reception|p2a: Slowking
|-weather|Snowscape
|
|t:|1779722493
|switch|p2a: Iron Crown|Iron Crown|100/100|[from] Chilly Reception
|-damage|p2a: Iron Crown|94/100|[from] Stealth Rock
|
|-weather|Snowscape|[upkeep]
|upkeep
|turn|9
|
|t:|1779722500
|switch|p1a: Iron Treads|Iron Treads, shiny|38/100
|move|p2a: Iron Crown|Volt Switch|p1a: Iron Treads
|-immune|p1a: Iron Treads
|
|-weather|Snowscape|[upkeep]
|upkeep
|turn|10
|
|t:|1779722508
|-end|p1a: Iron Treads|Quark Drive|[silent]
|switch|p1a: Pelipper|Pelipper, M, shiny|80/100
|-weather|RainDance|[from] ability: Drizzle|[of] p1a: Pelipper
|-end|p2a: Iron Crown|Quark Drive|[silent]
|switch|p2a: Great Tusk|Great Tusk|100/100
|
|-weather|RainDance|[upkeep]
|upkeep
|turn|11
|
|t:|1779722516
|move|p2a: Great Tusk|Rapid Spin|p1a: Pelipper
|-damage|p1a: Pelipper|67/100
|-boost|p2a: Great Tusk|spe|1
|-sideend|p2: lokixftw|Stealth Rock|[from] move: Rapid Spin|[of] p2a: Great Tusk
|move|p1a: Pelipper|U-turn|p2a: Great Tusk
|-resisted|p2a: Great Tusk
|-damage|p2a: Great Tusk|98/100
|
|t:|1779722523
|switch|p1a: Kingdra|Kingdra, M, shiny, tera:Water|100/100|[from] U-turn
|
|-weather|RainDance|[upkeep]
|upkeep
|turn|12
|
|t:|1779722534
|move|p1a: Kingdra|Weather Ball|p2a: Great Tusk
|-supereffective|p2a: Great Tusk
|-damage|p2a: Great Tusk|0 fnt
|faint|p2a: Great Tusk
|-end|p2a: Great Tusk|Protosynthesis|[silent]
|
|-weather|RainDance|[upkeep]
|upkeep
|
|t:|1779722544
|switch|p2a: Iron Crown|Iron Crown|94/100
|turn|13
|
|t:|1779722550
|move|p1a: Kingdra|Weather Ball|p2a: Iron Crown
|-damage|p2a: Iron Crown|8/100
|move|p2a: Iron Crown|Volt Switch|p1a: Kingdra
|-supereffective|p1a: Kingdra
|-damage|p1a: Kingdra|46/100
|
|t:|1779722557
|-end|p2a: Iron Crown|Quark Drive|[silent]
|switch|p2a: Lokix|Lokix, M|100/100|[from] Volt Switch
|
|-weather|RainDance|[upkeep]
|upkeep
|turn|14
|
|t:|1779722569
|switch|p1a: Iron Treads|Iron Treads, shiny|38/100
|move|p2a: Lokix|First Impression|p1a: Iron Treads
|-resisted|p1a: Iron Treads
|-crit|p1a: Iron Treads
|-damage|p1a: Iron Treads|0 fnt
|faint|p1a: Iron Treads
|-end|p1a: Iron Treads|Quark Drive|[silent]
|
|-weather|RainDance|[upkeep]
|upkeep
|
|t:|1779722579
|switch|p1a: Barraskewda|Barraskewda, M|100/100
|turn|15
|
|t:|1779722591
|switch|p2a: Corviknight|Corviknight, M|81/100
|-ability|p2a: Corviknight|Pressure
|move|p1a: Barraskewda|Flip Turn|p2a: Corviknight
|-damage|p2a: Corviknight|49/100
|
|t:|1779722599
|switch|p1a: Kingdra|Kingdra, M, shiny, tera:Water|46/100|[from] Flip Turn
|
|-weather|RainDance|[upkeep]
|upkeep
|turn|16
|
|t:|1779722628
|switch|p2a: Iron Crown|Iron Crown|8/100
|move|p1a: Kingdra|Weather Ball|p2a: Iron Crown
|-damage|p2a: Iron Crown|0 fnt
|faint|p2a: Iron Crown
|-end|p2a: Iron Crown|Quark Drive|[silent]
|
|-weather|RainDance|[upkeep]
|upkeep
|
|t:|1779722635
|switch|p2a: Lokix|Lokix, M|100/100
|turn|17
|
|t:|1779722649
|switch|p1a: Rillaboom|Rillaboom, M, shiny|100/100
|move|p2a: Lokix|U-turn|p1a: Rillaboom
|-supereffective|p1a: Rillaboom
|-damage|p1a: Rillaboom|0 fnt
|faint|p1a: Rillaboom
|inactive|lokixftw has 120 seconds left.
|
|t:|1779722661
|switch|p2a: Dragapult|Dragapult, F|100/100|[from] U-turn
|
|-weather|none
|upkeep
|
|t:|1779722670
|switch|p1a: Pelipper|Pelipper, M, shiny|67/100
|-weather|RainDance|[from] ability: Drizzle|[of] p1a: Pelipper
|turn|18
|
|t:|1779722677
|move|p2a: Dragapult|Draco Meteor|p1a: Pelipper
|-damage|p1a: Pelipper|0 fnt
|-unboost|p2a: Dragapult|spa|2
|faint|p1a: Pelipper
|
|-weather|RainDance|[upkeep]
|upkeep
|
|t:|1779722686
|switch|p1a: Barraskewda|Barraskewda, M|100/100
|turn|19
|
|t:|1779722698
|switch|p2a: Corviknight|Corviknight, M|49/100
|-ability|p2a: Corviknight|Pressure
|move|p1a: Barraskewda|Liquidation|p2a: Corviknight
|-damage|p2a: Corviknight|8/100
|
|-weather|RainDance|[upkeep]
|upkeep
|turn|20
|
|t:|1779722710
|move|p1a: Barraskewda|Liquidation|p2a: Corviknight
|-damage|p2a: Corviknight|0 fnt
|faint|p2a: Corviknight
|
|-weather|RainDance|[upkeep]
|upkeep
|
|t:|1779722713
|switch|p2a: Lokix|Lokix, M|100/100
|turn|21
|
|t:|1779722718
|-terastallize|p2a: Lokix|Bug
|move|p2a: Lokix|First Impression|p1a: Barraskewda
|-damage|p1a: Barraskewda|0 fnt
|faint|p1a: Barraskewda
|
|-weather|RainDance|[upkeep]
|upkeep
|
|t:|1779722726
|switch|p1a: Kingdra|Kingdra, M, shiny, tera:Water|46/100
|turn|22
|
|t:|1779722733
|switch|p2a: Slowking|Slowking-Galar, F|53/100
|move|p1a: Kingdra|Weather Ball|p2a: Slowking
|-damage|p2a: Slowking|0 fnt
|faint|p2a: Slowking
|
|-weather|RainDance|[upkeep]
|upkeep
|
|t:|1779722741
|switch|p2a: Dragapult|Dragapult, F|100/100
|turn|23
|
|t:|1779722748
|move|p1a: Kingdra|Weather Ball|p2a: Dragapult
|-resisted|p2a: Dragapult
|-damage|p2a: Dragapult|11/100
|move|p2a: Dragapult|Shadow Ball|p1a: Kingdra
|-damage|p1a: Kingdra|0 fnt
|faint|p1a: Kingdra
|
|-weather|RainDance|[upkeep]
|upkeep
|
|t:|1779722758
|switch|p1a: Raging Bolt|Raging Bolt|100/100
|-enditem|p1a: Raging Bolt|Booster Energy
|-activate|p1a: Raging Bolt|ability: Protosynthesis|[fromitem]
|-start|p1a: Raging Bolt|protosynthesisspa
|turn|24
|
|t:|1779722763
|move|p1a: Raging Bolt|Thunderclap|p2a: Dragapult
|-resisted|p2a: Dragapult
|-damage|p2a: Dragapult|0 fnt
|faint|p2a: Dragapult
|
|-weather|RainDance|[upkeep]
|upkeep
|
|t:|1779722765
|switch|p2a: Lokix|Lokix, M, tera:Bug|100/100
|turn|25
|
|t:|1779722771
|move|p2a: Lokix|First Impression|p1a: Raging Bolt
|-damage|p1a: Raging Bolt|33/100
|move|p1a: Raging Bolt|Thunder|p2a: Lokix
|-crit|p2a: Lokix
|-damage|p2a: Lokix|0 fnt
|faint|p2a: Lokix
|
|win|Shinydragonzord6
|raw|Shinydragonzord6's rating: 1375 &rarr; <strong>1396</strong><br />(+21 for winning)
|raw|lokixftw's rating: 1392 &rarr; <strong>1371</strong><br />(-21 for losing)
|c|☆lokixftw|Gg
|c|☆Shinydragonzord6|Gg
|l|☆Shinydragonzord6
|player|p1|
|l|☆lokixftw
|player|p2|
|j|☆lokixftw
|player|p2|lokixftw|lusamine-nihilego|
