|j|☆beentheredonepat
|j|☆NotreDamedelaMer
|t:|1779631412
|gametype|singles
|player|p1|beentheredonepat|spark-casual|1349
|player|p2|NotreDamedelaMer|veteranf|1329
|gen|9
|tier|[Gen 9] OU
|rated|
|rule|HP Percentage Mod: HP is shown in percentages
|rule|Endless Battle Clause: Forcing endless battles is banned
|rule|Species Clause: Limit one of each Pokémon
|rule|OHKO Clause: OHKO moves are banned
|rule|Evasion Items Clause: Evasion items are banned
|rule|Evasion Moves Clause: Evasion moves are banned
|rule|Evasion Abilities Clause: Evasion abilities are banned
|rule|Sleep Moves Clause: Sleep-inducing moves are banned
|clearpoke
|poke|p1|Typhlosion, M|
|poke|p1|Ninetales, F|
|poke|p1|Torkoal, M|
|poke|p1|Shiftry, M|
|poke|p1|Hatterene, F|
|poke|p1|Blissey, F|
|poke|p2|Ribombee, M|
|poke|p2|Lokix, F|
|poke|p2|Great Tusk|
|poke|p2|Raging Bolt|
|poke|p2|Gholdengo|
|poke|p2|Iron Moth|
|teampreview
|inactive|Battle timer is ON: inactive players will automatically lose when time's up. (requested by NotreDamedelaMer)
|inactive|beentheredonepat also wants the timer to be on.
|inactive|NotreDamedelaMer has 120 seconds left.
|
|t:|1779631446
|teamsize|p1|6
|teamsize|p2|6
|start
|switch|p1a: Torkoal|Torkoal, M|100/100
|switch|p2a: Great Tusk|Great Tusk, shiny|100/100
|-weather|SunnyDay|[from] ability: Drought|[of] p1a: Torkoal
|-activate|p2a: Great Tusk|ability: Protosynthesis
|-start|p2a: Great Tusk|protosynthesisatk
|turn|1
|
|t:|1779631452
|switch|p1a: Hatterene|Hatterene, F|100/100
|move|p2a: Great Tusk|Headlong Rush|p1a: Hatterene
|-crit|p1a: Hatterene
|-damage|p1a: Hatterene|0 fnt
|-unboost|p2a: Great Tusk|def|1
|-unboost|p2a: Great Tusk|spd|1
|faint|p1a: Hatterene
|
|-weather|SunnyDay|[upkeep]
|upkeep
|
|t:|1779631457
|switch|p1a: Typhlosion|Typhlosion, M|100/100
|turn|2
|
|t:|1779631462
|-end|p2a: Great Tusk|Protosynthesis|[silent]
|switch|p2a: Raging Bolt|Raging Bolt|100/100
|-activate|p2a: Raging Bolt|ability: Protosynthesis
|-start|p2a: Raging Bolt|protosynthesisspa
|-terastallize|p1a: Typhlosion|Fire
|move|p1a: Typhlosion|Eruption|p2a: Raging Bolt
|-resisted|p2a: Raging Bolt
|-damage|p2a: Raging Bolt|26/100
|
|-weather|SunnyDay|[upkeep]
|upkeep
|turn|3
|
|t:|1779631466
|switch|p1a: Blissey|Blissey, F|100/100
|move|p2a: Raging Bolt|Thunderclap||[still]
|-fail|p2a: Raging Bolt
|
|-weather|SunnyDay|[upkeep]
|upkeep
|turn|4
|
|t:|1779631471
|move|p2a: Raging Bolt|Thunderbolt|p1a: Blissey
|-damage|p1a: Blissey|80/100
|move|p1a: Blissey|Trick|p2a: Raging Bolt
|-activate|p1a: Blissey|move: Trick|[of] p2a: Raging Bolt
|-item|p2a: Raging Bolt|Lagging Tail|[from] move: Trick
|-item|p1a: Blissey|Booster Energy|[from] move: Trick
|
|-weather|SunnyDay|[upkeep]
|upkeep
|turn|5
|
|t:|1779631479
|move|p1a: Blissey|Seismic Toss|p2a: Raging Bolt
|-damage|p2a: Raging Bolt|1/100
|move|p2a: Raging Bolt|Thunderbolt|p1a: Blissey
|-damage|p1a: Blissey|58/100
|
|-weather|SunnyDay|[upkeep]
|upkeep
|turn|6
|
|t:|1779631486
|move|p1a: Blissey|Seismic Toss|p2a: Raging Bolt
|-damage|p2a: Raging Bolt|0 fnt
|faint|p2a: Raging Bolt
|-end|p2a: Raging Bolt|Protosynthesis|[silent]
|
|-weather|SunnyDay|[upkeep]
|upkeep
|
|t:|1779631490
|switch|p2a: Ribombee|Ribombee, M, shiny|100/100
|turn|7
|
|t:|1779631496
|switch|p1a: Torkoal|Torkoal, M|100/100
|move|p2a: Ribombee|Sticky Web|p1a: Torkoal
|-sidestart|p1: beentheredonepat|move: Sticky Web
|
|-weather|SunnyDay|[upkeep]
|upkeep
|turn|8
|
|t:|1779631500
|move|p2a: Ribombee|Stun Spore|p1a: Torkoal
|-status|p1a: Torkoal|par
|move|p1a: Torkoal|Rapid Spin|p2a: Ribombee
|-damage|p2a: Ribombee|80/100
|-boost|p1a: Torkoal|spe|1
|-sideend|p1: beentheredonepat|Sticky Web|[from] move: Rapid Spin|[of] p1a: Torkoal
|
|-weather|none
|upkeep
|turn|9
|
|t:|1779631508
|move|p2a: Ribombee|Sticky Web|p1a: Torkoal
|-sidestart|p1: beentheredonepat|move: Sticky Web
|move|p1a: Torkoal|Flare Blitz|p2a: Ribombee
|-supereffective|p2a: Ribombee
|-damage|p2a: Ribombee|0 fnt
|faint|p2a: Ribombee
|-damage|p1a: Torkoal|81/100 par|[from] Recoil
|
|upkeep
|
|t:|1779631513
|switch|p2a: Great Tusk|Great Tusk, shiny|100/100
|-enditem|p2a: Great Tusk|Booster Energy
|-activate|p2a: Great Tusk|ability: Protosynthesis|[fromitem]
|-start|p2a: Great Tusk|protosynthesisatk
|turn|10
|
|t:|1779631521
|move|p2a: Great Tusk|Headlong Rush|p1a: Torkoal
|-supereffective|p1a: Torkoal
|-damage|p1a: Torkoal|0 fnt
|-unboost|p2a: Great Tusk|def|1
|-unboost|p2a: Great Tusk|spd|1
|faint|p1a: Torkoal
|
|upkeep
|
|t:|1779631528
|switch|p1a: Ninetales|Ninetales, F|100/100
|-activate|p1a: Ninetales|move: Sticky Web
|-unboost|p1a: Ninetales|spe|1
|-weather|SunnyDay|[from] ability: Drought|[of] p1a: Ninetales
|-enditem|p1a: Ninetales|Eject Pack
|
|t:|1779631532
|switch|p1a: Shiftry|Shiftry, M|100/100
|-activate|p1a: Shiftry|move: Sticky Web
|-unboost|p1a: Shiftry|spe|1
|turn|11
|
|t:|1779631538
|-terastallize|p2a: Great Tusk|Fighting
|move|p1a: Shiftry|Tailwind|p1a: Shiftry
|-sidestart|p1: beentheredonepat|move: Tailwind
|move|p2a: Great Tusk|Close Combat|p1a: Shiftry
|-supereffective|p1a: Shiftry
|-enditem|p1a: Shiftry|Focus Sash
|-damage|p1a: Shiftry|1/100
|-unboost|p2a: Great Tusk|def|1
|-unboost|p2a: Great Tusk|spd|1
|
|-weather|SunnyDay|[upkeep]
|upkeep
|turn|12
|
|t:|1779631543
|move|p1a: Shiftry|Explosion|p2a: Great Tusk
|-damage|p2a: Great Tusk|0 fnt
|faint|p1a: Shiftry
|faint|p2a: Great Tusk
|-end|p2a: Great Tusk|Protosynthesis|[silent]
|
|-weather|SunnyDay|[upkeep]
|upkeep
|
|t:|1779631552
|switch|p2a: Lokix|Lokix, F, shiny|100/100
|switch|p1a: Typhlosion|Typhlosion, M, tera:Fire|100/100
|-activate|p1a: Typhlosion|move: Sticky Web
|-unboost|p1a: Typhlosion|spe|1
|turn|13
|
|t:|1779631556
|move|p2a: Lokix|Sucker Punch|p1a: Typhlosion
|-damage|p1a: Typhlosion|41/100
|-damage|p2a: Lokix|91/100|[from] item: Life Orb
|move|p1a: Typhlosion|Flamethrower|p2a: Lokix
|-supereffective|p2a: Lokix
|-damage|p2a: Lokix|0 fnt
|faint|p2a: Lokix
|
|-weather|SunnyDay|[upkeep]
|upkeep
|
|t:|1779631561
|switch|p2a: Iron Moth|Iron Moth, shiny|100/100
|-enditem|p2a: Iron Moth|Booster Energy
|-activate|p2a: Iron Moth|ability: Quark Drive|[fromitem]
|-start|p2a: Iron Moth|quarkdrivespa
|turn|14
|
|t:|1779631567
|move|p1a: Typhlosion|Flamethrower|p2a: Iron Moth
|-resisted|p2a: Iron Moth
|-damage|p2a: Iron Moth|50/100
|move|p2a: Iron Moth|Sludge Wave|p1a: Typhlosion
|-damage|p1a: Typhlosion|0 fnt
|faint|p1a: Typhlosion
|
|-weather|SunnyDay|[upkeep]
|-sideend|p1: beentheredonepat|move: Tailwind
|upkeep
|
|t:|1779631571
|switch|p1a: Blissey|Blissey, F|58/100
|-activate|p1a: Blissey|move: Sticky Web
|-unboost|p1a: Blissey|spe|1
|turn|15
|
|t:|1779631576
|move|p2a: Iron Moth|Fiery Dance|p1a: Blissey
|-damage|p1a: Blissey|30/100
|move|p1a: Blissey|Soft-Boiled|p1a: Blissey
|-heal|p1a: Blissey|80/100
|
|-weather|none
|upkeep
|turn|16
|
|t:|1779631581
|move|p2a: Iron Moth|Fiery Dance|p1a: Blissey
|-crit|p1a: Blissey
|-damage|p1a: Blissey|53/100
|-boost|p2a: Iron Moth|spa|1
|move|p1a: Blissey|Seismic Toss|p2a: Iron Moth
|-damage|p2a: Iron Moth|17/100
|
|upkeep
|turn|17
|
|t:|1779631587
|move|p2a: Iron Moth|Sludge Wave|p1a: Blissey
|-damage|p1a: Blissey|25/100
|move|p1a: Blissey|Soft-Boiled|p1a: Blissey
|-heal|p1a: Blissey|75/100
|
|upkeep
|turn|18
|
|t:|1779631590
|move|p2a: Iron Moth|Fiery Dance|p1a: Blissey
|-damage|p1a: Blissey|49/100
|-boost|p2a: Iron Moth|spa|1
|move|p1a: Blissey|Seismic Toss|p2a: Iron Moth
|-damage|p2a: Iron Moth|0 fnt
|faint|p2a: Iron Moth
|-end|p2a: Iron Moth|Quark Drive|[silent]
|
|upkeep
|
|t:|1779631593
|switch|p2a: Gholdengo|Gholdengo, shiny|100/100
|-item|p2a: Gholdengo|Air Balloon
|turn|19
|
|t:|1779631597
|switch|p1a: Ninetales|Ninetales, F|100/100
|-activate|p1a: Ninetales|move: Sticky Web
|-unboost|p1a: Ninetales|spe|1
|-weather|SunnyDay|[from] ability: Drought|[of] p1a: Ninetales
|move|p2a: Gholdengo|Nasty Plot|p2a: Gholdengo
|-boost|p2a: Gholdengo|spa|2
|
|-weather|SunnyDay|[upkeep]
|upkeep
|turn|20
|
|t:|1779631612
|move|p2a: Gholdengo|Psyshock|p1a: Ninetales
|-damage|p1a: Ninetales|28/100
|move|p1a: Ninetales|Overheat|p2a: Gholdengo
|-supereffective|p2a: Gholdengo
|-damage|p2a: Gholdengo|0 fnt
|-unboost|p1a: Ninetales|spa|2
|-enditem|p2a: Gholdengo|Air Balloon
|faint|p2a: Gholdengo
|
|win|beentheredonepat
|raw|beentheredonepat's rating: 1349 &rarr; <strong>1368</strong><br />(+19 for winning)
|raw|NotreDamedelaMer's rating: 1329 &rarr; <strong>1310</strong><br />(-19 for losing)
|l|☆NotreDamedelaMer
|player|p2|
|l|☆beentheredonepat
|player|p1|
