|j|☆sylvr7070
|j|☆superstar
|t:|1779655328
|gametype|singles
|player|p1|sylvr7070|fairytalegirl|1600
|player|p2|superstar|169|1677
|gen|9
|tier|[Gen 9] OU
|rated|
|rule|HP Percentage Mod: HP is shown in percentages
|rule|Endless Battle Clause: Forcing endless battles is banned
|rule|Species Clause: Limit one of each Pokémon
|rule|OHKO Clause: OHKO moves are banned
|rule|Evasion Items Clause: Evasion items are banned
|rule|Evasion Moves Clause: Evasion moves are banned
|rule|Evasion Abilities Clause: Evasion abilities are banned
|rule|Sleep Moves Clause: Sleep-inducing moves are banned
|clearpoke
|poke|p1|Hoopa-Unbound|
|poke|p1|Zamazenta-*|
|poke|p1|Great Tusk|
|poke|p1|Pecharunt|
|poke|p1|Primarina, F|
|poke|p1|Dragonite, F|
|poke|p2|Araquanid, M|
|poke|p2|Pecharunt|
|poke|p2|Enamorus, F|
|poke|p2|Ogerpon-Wellspring, F|
|poke|p2|Raging Bolt|
|poke|p2|Kingambit, M|
|teampreview
|
|t:|1779655340
|teamsize|p1|6
|teamsize|p2|6
|start
|switch|p1a: Primarina|Primarina, F, shiny|100/100
|switch|p2a: Araquanid|Araquanid, M|100/100
|turn|1
|
|t:|1779655346
|move|p1a: Primarina|Moonblast|p2a: Araquanid
|-damage|p2a: Araquanid|56/100
|move|p2a: Araquanid|Sticky Web|p1a: Primarina
|-sidestart|p1: sylvr7070|move: Sticky Web
|
|upkeep
|turn|2
|
|t:|1779655376
|move|p1a: Primarina|Moonblast|p2a: Araquanid
|-damage|p2a: Araquanid|13/100
|move|p2a: Araquanid|Surf|p1a: Primarina
|-resisted|p1a: Primarina
|-damage|p1a: Primarina|86/100
|
|upkeep
|turn|3
|-enditem|p2a: Araquanid|Custap Berry|[eat]
|-activate|p2a: Araquanid|item: Custap Berry|[consumed]
|
|t:|1779655383
|move|p2a: Araquanid|Surf|p1a: Primarina
|-resisted|p1a: Primarina
|-crit|p1a: Primarina
|-damage|p1a: Primarina|63/100
|move|p1a: Primarina|Psychic Noise|p2a: Araquanid
|-damage|p2a: Araquanid|0 fnt
|faint|p2a: Araquanid
|
|upkeep
|
|t:|1779655397
|switch|p2a: Ogerpon|Ogerpon-Wellspring, F|100/100
|turn|4
|
|t:|1779655400
|move|p2a: Ogerpon|Swords Dance|p2a: Ogerpon
|-boost|p2a: Ogerpon|atk|2
|move|p1a: Primarina|Moonblast|p2a: Ogerpon
|-damage|p2a: Ogerpon|38/100
|
|upkeep
|turn|5
|
|t:|1779655403
|move|p2a: Ogerpon|Horn Leech|p1a: Primarina
|-supereffective|p1a: Primarina
|-damage|p1a: Primarina|0 fnt
|-heal|p2a: Ogerpon|74/100|[from] drain|[of] p1a: Primarina
|faint|p1a: Primarina
|
|upkeep
|
|t:|1779655406
|switch|p1a: Pecharunt|Pecharunt|100/100
|turn|6
|
|t:|1779655411
|-terastallize|p2a: Ogerpon|Water
|detailschange|p2a: Ogerpon|Ogerpon-Wellspring-Tera, F, tera:Water
|-ability|p2a: Ogerpon|Embody Aspect (Wellspring)|boost
|-boost|p2a: Ogerpon|spd|1
|move|p2a: Ogerpon|Ivy Cudgel|p1a: Pecharunt|[anim] Ivy Cudgel Water
|-damage|p1a: Pecharunt|5/100
|move|p1a: Pecharunt|Malignant Chain|p2a: Ogerpon
|-damage|p2a: Ogerpon|52/100
|-status|p2a: Ogerpon|tox
|-start|p2a: Ogerpon|confusion|[from] ability: Poison Puppeteer|[of] p1a: Pecharunt
|
|-damage|p2a: Ogerpon|46/100 tox|[from] psn
|upkeep
|turn|7
|
|t:|1779655423
|-activate|p2a: Ogerpon|confusion
|move|p2a: Ogerpon|Horn Leech|p1a: Pecharunt
|-resisted|p1a: Pecharunt
|-damage|p1a: Pecharunt|0 fnt
|-heal|p2a: Ogerpon|49/100 tox|[from] drain|[of] p1a: Pecharunt
|faint|p1a: Pecharunt
|
|-damage|p2a: Ogerpon|37/100 tox|[from] psn
|upkeep
|
|t:|1779655425
|switch|p1a: Dragonite|Dragonite, F, shiny|100/100
|turn|8
|
|t:|1779655428
|move|p1a: Dragonite|Extreme Speed|p2a: Ogerpon
|-damage|p2a: Ogerpon|0 fnt
|faint|p2a: Ogerpon
|detailschange|p2: Ogerpon|Ogerpon-Wellspring, F|[silent]
|
|upkeep
|
|t:|1779655432
|switch|p2a: Pecharunt|Pecharunt|100/100
|turn|9
|
|t:|1779655442
|move|p2a: Pecharunt|Malignant Chain|p1a: Dragonite
|-crit|p1a: Dragonite
|-damage|p1a: Dragonite|70/100
|-status|p1a: Dragonite|tox
|-start|p1a: Dragonite|confusion|[from] ability: Poison Puppeteer|[of] p2a: Pecharunt
|-activate|p1a: Dragonite|confusion
|-damage|p1a: Dragonite|53/100 tox|[from] confusion
|
|-damage|p1a: Dragonite|47/100 tox|[from] psn
|upkeep
|turn|10
|
|t:|1779655446
|move|p2a: Pecharunt|Malignant Chain|p1a: Dragonite
|-damage|p1a: Dragonite|1/100 tox
|-activate|p1a: Dragonite|confusion
|move|p1a: Dragonite|Earthquake|p2a: Pecharunt
|-supereffective|p2a: Pecharunt
|-damage|p2a: Pecharunt|43/100
|
|-damage|p1a: Dragonite|0 fnt|[from] psn
|faint|p1a: Dragonite
|upkeep
|
|t:|1779655456
|switch|p1a: Great Tusk|Great Tusk|100/100
|turn|11
|
|t:|1779655512
|move|p2a: Pecharunt|Shadow Ball|p1a: Great Tusk
|-damage|p1a: Great Tusk|55/100
|move|p1a: Great Tusk|Ice Spinner|p2a: Pecharunt
|-damage|p2a: Pecharunt|24/100
|
|upkeep
|turn|12
|
|t:|1779655519
|move|p2a: Pecharunt|Shadow Ball|p1a: Great Tusk
|-damage|p1a: Great Tusk|6/100
|move|p1a: Great Tusk|Headlong Rush|p2a: Pecharunt
|-supereffective|p2a: Pecharunt
|-damage|p2a: Pecharunt|0 fnt
|-unboost|p1a: Great Tusk|def|1
|-unboost|p1a: Great Tusk|spd|1
|faint|p2a: Pecharunt
|
|upkeep
|
|t:|1779655524
|switch|p2a: Enamorus|Enamorus, F|100/100
|turn|13
|
|t:|1779655527
|move|p2a: Enamorus|Moonblast|p1a: Great Tusk
|-supereffective|p1a: Great Tusk
|-damage|p1a: Great Tusk|0 fnt
|faint|p1a: Great Tusk
|-end|p1a: Great Tusk|Protosynthesis|[silent]
|
|upkeep
|
|t:|1779655529
|switch|p1a: Hoopa-Band|Hoopa-Unbound|100/100
|-activate|p1a: Hoopa-Band|move: Sticky Web
|-unboost|p1a: Hoopa-Band|spe|1
|turn|14
|
|t:|1779655539
|switch|p2a: Kingambit|Kingambit, M|100/100
|-activate|p2a: Kingambit|ability: Supreme Overlord
|-start|p2a: Kingambit|fallen3|[silent]
|move|p1a: Hoopa-Band|Thunderbolt|p2a: Kingambit
|-damage|p2a: Kingambit|34/100
|
|upkeep
|turn|15
|
|t:|1779655543
|move|p2a: Kingambit|Sucker Punch|p1a: Hoopa-Band
|-damage|p1a: Hoopa-Band|0 fnt
|faint|p1a: Hoopa-Band
|
|upkeep
|
|t:|1779655545
|switch|p1a: Zamazenta|Zamazenta|100/100
|-activate|p1a: Zamazenta|move: Sticky Web
|-unboost|p1a: Zamazenta|spe|1
|-ability|p1a: Zamazenta|Dauntless Shield|boost
|-boost|p1a: Zamazenta|def|1
|turn|16
|
|t:|1779655549
|-end|p2a: Kingambit|fallen3|[silent]
|switch|p2a: Enamorus|Enamorus, F|100/100
|move|p1a: Zamazenta|Iron Defense|p1a: Zamazenta
|-boost|p1a: Zamazenta|def|2
|
|upkeep
|turn|17
|
|t:|1779655552
|-terastallize|p1a: Zamazenta|Electric
|move|p2a: Enamorus|Moonblast|p1a: Zamazenta
|-damage|p1a: Zamazenta|43/100
|-unboost|p1a: Zamazenta|spa|1
|move|p1a: Zamazenta|Body Press|p2a: Enamorus
|-resisted|p2a: Enamorus
|-damage|p2a: Enamorus|67/100
|
|-heal|p1a: Zamazenta|49/100|[from] item: Leftovers
|upkeep
|turn|18
|
|t:|1779655558
|move|p2a: Enamorus|Moonblast|p1a: Zamazenta
|-damage|p1a: Zamazenta|0 fnt
|faint|p1a: Zamazenta
|
|win|superstar
|raw|sylvr7070's rating: 1600 &rarr; <strong>1584</strong><br />(-16 for losing)
|raw|superstar's rating: 1677 &rarr; <strong>1693</strong><br />(+16 for winning)
|l|☆sylvr7070
|player|p1|
|l|☆superstar
|player|p2|
