|j|☆Gffhvfhbduv
|j|☆adub0330
|t:|1779638873
|gametype|singles
|player|p1|Gffhvfhbduv|266|1131
|player|p2|adub0330|170|1088
|gen|9
|tier|[Gen 9] OU
|rated|
|rule|HP Percentage Mod: HP is shown in percentages
|rule|Endless Battle Clause: Forcing endless battles is banned
|rule|Species Clause: Limit one of each Pokémon
|rule|OHKO Clause: OHKO moves are banned
|rule|Evasion Items Clause: Evasion items are banned
|rule|Evasion Moves Clause: Evasion moves are banned
|rule|Evasion Abilities Clause: Evasion abilities are banned
|rule|Sleep Moves Clause: Sleep-inducing moves are banned
|clearpoke
|poke|p1|Dragapult, F|
|poke|p1|Gliscor, M|
|poke|p1|Ogerpon-Wellspring, F|
|poke|p1|Iron Crown|
|poke|p1|Ting-Lu|
|poke|p1|Kingambit, M|
|poke|p2|Regieleki|
|poke|p2|Araquanid, F|
|poke|p2|Hatterene, F|
|poke|p2|Kilowattrel, M|
|poke|p2|Servine, F|
|poke|p2|Zoroark-Hisui, M|
|teampreview
|inactive|Battle timer is ON: inactive players will automatically lose when time's up. (requested by adub0330)
|
|t:|1779638886
|teamsize|p1|6
|teamsize|p2|6
|start
|switch|p1a: Ting-Lu|Ting-Lu|100/100
|switch|p2a: Araquanid|Araquanid, F|100/100
|-ability|p1a: Ting-Lu|Vessel of Ruin
|turn|1
|
|t:|1779638893
|move|p1a: Ting-Lu|Stealth Rock|p2a: Araquanid
|-sidestart|p2: adub0330|move: Stealth Rock
|move|p2a: Araquanid|Sticky Web|p1a: Ting-Lu
|-sidestart|p1: Gffhvfhbduv|move: Sticky Web
|
|upkeep
|turn|2
|
|t:|1779638897
|move|p1a: Ting-Lu|Ruination|p2a: Araquanid
|-damage|p2a: Araquanid|51/100
|move|p2a: Araquanid|Liquidation|p1a: Ting-Lu
|-supereffective|p1a: Ting-Lu
|-damage|p1a: Ting-Lu|18/100
|-damage|p2a: Araquanid|34/100|[from] item: Rocky Helmet|[of] p1a: Ting-Lu
|
|upkeep
|turn|3
|
|t:|1779638910
|move|p1a: Ting-Lu|Ruination|p2a: Araquanid|[miss]
|-miss|p1a: Ting-Lu|p2a: Araquanid
|move|p2a: Araquanid|Leech Life|p1a: Ting-Lu
|-supereffective|p1a: Ting-Lu
|-damage|p1a: Ting-Lu|0 fnt
|-heal|p2a: Araquanid|46/100|[from] drain|[of] p1a: Ting-Lu
|-damage|p2a: Araquanid|29/100|[from] item: Rocky Helmet|[of] p1a: Ting-Lu
|faint|p1a: Ting-Lu
|
|upkeep
|
|t:|1779638916
|switch|p1a: Dragapult|Dragapult, F|100/100
|turn|4
|
|t:|1779638925
|move|p1a: Dragapult|Dragon Darts|p2a: Araquanid
|-damage|p2a: Araquanid|8/100
|-anim|p1a: Dragapult|Dragon Darts|p2a: Araquanid
|-damage|p2a: Araquanid|0 fnt
|faint|p2a: Araquanid
|
|upkeep
|
|t:|1779638934
|switch|p2a: Hatterene|Hatterene, F|100/100
|-damage|p2a: Hatterene|88/100|[from] Stealth Rock
|turn|5
|
|t:|1779638943
|move|p1a: Dragapult|U-turn|p2a: Hatterene
|-damage|p2a: Hatterene|73/100
|
|t:|1779638944
|switch|p1a: Iron Crown|Iron Crown|100/100|[from] U-turn
|-activate|p1a: Iron Crown|move: Sticky Web
|-unboost|p1a: Iron Crown|spe|1
|-enditem|p1a: Iron Crown|Booster Energy
|-activate|p1a: Iron Crown|ability: Quark Drive|[fromitem]
|-start|p1a: Iron Crown|quarkdrivespa
|move|p2a: Hatterene|Nuzzle|p1a: Iron Crown
|-damage|p1a: Iron Crown|97/100
|-status|p1a: Iron Crown|par
|
|-heal|p2a: Hatterene|79/100|[from] item: Leftovers
|upkeep
|turn|6
|
|t:|1779638958
|-terastallize|p2a: Hatterene|Steel
|cant|p1a: Iron Crown|par
|move|p2a: Hatterene|Reflect|p2a: Hatterene
|-sidestart|p2: adub0330|Reflect
|
|-heal|p2a: Hatterene|85/100|[from] item: Leftovers
|upkeep
|turn|7
|
|t:|1779638965
|move|p1a: Iron Crown|Focus Blast|p2a: Hatterene|[miss]
|-miss|p1a: Iron Crown|p2a: Hatterene
|move|p2a: Hatterene|Calm Mind|p2a: Hatterene
|-boost|p2a: Hatterene|spa|1
|-boost|p2a: Hatterene|spd|1
|
|-heal|p2a: Hatterene|91/100|[from] item: Leftovers
|upkeep
|turn|8
|
|t:|1779638972
|cant|p1a: Iron Crown|par
|move|p2a: Hatterene|Calm Mind|p2a: Hatterene
|-boost|p2a: Hatterene|spa|1
|-boost|p2a: Hatterene|spd|1
|
|-heal|p2a: Hatterene|97/100|[from] item: Leftovers
|upkeep
|turn|9
|
|t:|1779638982
|move|p1a: Iron Crown|Focus Blast|p2a: Hatterene
|-supereffective|p2a: Hatterene
|-damage|p2a: Hatterene|45/100
|move|p2a: Hatterene|Calm Mind|p2a: Hatterene
|-boost|p2a: Hatterene|spa|1
|-boost|p2a: Hatterene|spd|1
|
|-heal|p2a: Hatterene|50/100|[from] item: Leftovers
|upkeep
|turn|10
|
|t:|1779638990
|move|p1a: Iron Crown|Focus Blast|p2a: Hatterene
|-supereffective|p2a: Hatterene
|-damage|p2a: Hatterene|11/100
|move|p2a: Hatterene|Calm Mind|p2a: Hatterene
|-boost|p2a: Hatterene|spa|1
|-boost|p2a: Hatterene|spd|1
|
|-heal|p2a: Hatterene|17/100|[from] item: Leftovers
|-sideend|p2: adub0330|Reflect
|upkeep
|turn|11
|
|t:|1779639001
|move|p1a: Iron Crown|Tachyon Cutter|p2a: Hatterene
|-resisted|p2a: Hatterene
|-damage|p2a: Hatterene|11/100
|-resisted|p2a: Hatterene
|-damage|p2a: Hatterene|6/100
|-hitcount|p2a: Hatterene|2
|move|p2a: Hatterene|Draining Kiss|p1a: Iron Crown
|-resisted|p1a: Iron Crown
|-damage|p1a: Iron Crown|64/100 par
|-heal|p2a: Hatterene|32/100|[from] drain|[of] p1a: Iron Crown
|
|-heal|p2a: Hatterene|38/100|[from] item: Leftovers
|upkeep
|turn|12
|
|t:|1779639012
|cant|p1a: Iron Crown|par
|move|p2a: Hatterene|Reflect|p2a: Hatterene
|-sidestart|p2: adub0330|Reflect
|
|-heal|p2a: Hatterene|44/100|[from] item: Leftovers
|upkeep
|turn|13
|
|t:|1779639017
|move|p1a: Iron Crown|Focus Blast|p2a: Hatterene
|-supereffective|p2a: Hatterene
|-damage|p2a: Hatterene|8/100
|move|p2a: Hatterene|Draining Kiss|p1a: Iron Crown
|-resisted|p1a: Iron Crown
|-damage|p1a: Iron Crown|29/100 par
|-heal|p2a: Hatterene|36/100|[from] drain|[of] p1a: Iron Crown
|
|-heal|p2a: Hatterene|42/100|[from] item: Leftovers
|upkeep
|turn|14
|
|t:|1779639025
|move|p1a: Iron Crown|Focus Blast|p2a: Hatterene
|-supereffective|p2a: Hatterene
|-damage|p2a: Hatterene|5/100
|move|p2a: Hatterene|Draining Kiss|p1a: Iron Crown
|-resisted|p1a: Iron Crown
|-crit|p1a: Iron Crown
|-damage|p1a: Iron Crown|0 fnt
|-heal|p2a: Hatterene|28/100|[from] drain|[of] p1a: Iron Crown
|faint|p1a: Iron Crown
|-end|p1a: Iron Crown|Quark Drive|[silent]
|
|-heal|p2a: Hatterene|34/100|[from] item: Leftovers
|upkeep
|
|t:|1779639032
|switch|p1a: Gliscor|Gliscor, M|100/100
|turn|15
|
|t:|1779639039
|move|p1a: Gliscor|Protect|p1a: Gliscor
|-singleturn|p1a: Gliscor|Protect
|move|p2a: Hatterene|Draining Kiss|p1a: Gliscor
|-activate|p1a: Gliscor|move: Protect
|
|-heal|p2a: Hatterene|40/100|[from] item: Leftovers
|-status|p1a: Gliscor|tox|[from] item: Toxic Orb
|upkeep
|turn|16
|
|t:|1779639046
|move|p1a: Gliscor|Earthquake|p2a: Hatterene
|-supereffective|p2a: Hatterene
|-damage|p2a: Hatterene|14/100
|move|p2a: Hatterene|Draining Kiss|p1a: Gliscor
|-damage|p1a: Gliscor|35/100 tox
|-heal|p2a: Hatterene|69/100|[from] drain|[of] p1a: Gliscor
|
|-heal|p2a: Hatterene|75/100|[from] item: Leftovers
|-heal|p1a: Gliscor|47/100 tox|[from] ability: Poison Heal
|-sideend|p2: adub0330|Reflect
|upkeep
|turn|17
|
|t:|1779639056
|move|p1a: Gliscor|Earthquake|p2a: Hatterene
|-supereffective|p2a: Hatterene
|-damage|p2a: Hatterene|22/100
|move|p2a: Hatterene|Calm Mind|p2a: Hatterene
|-boost|p2a: Hatterene|spa|1
|-boost|p2a: Hatterene|spd|1
|
|-heal|p2a: Hatterene|28/100|[from] item: Leftovers
|-heal|p1a: Gliscor|60/100 tox|[from] ability: Poison Heal
|upkeep
|turn|18
|
|t:|1779639066
|move|p1a: Gliscor|Earthquake|p2a: Hatterene
|-supereffective|p2a: Hatterene
|-damage|p2a: Hatterene|0 fnt
|faint|p2a: Hatterene
|
|-heal|p1a: Gliscor|72/100 tox|[from] ability: Poison Heal
|upkeep
|
|t:|1779639086
|switch|p2a: Regieleki|Regieleki|100/100
|-damage|p2a: Regieleki|88/100|[from] Stealth Rock
|turn|19
|
|t:|1779639115
|move|p1a: Gliscor|Protect|p1a: Gliscor
|-singleturn|p1a: Gliscor|Protect
|move|p2a: Regieleki|Icy Wind|p1a: Gliscor
|-activate|p1a: Gliscor|move: Protect
|
|-heal|p1a: Gliscor|85/100 tox|[from] ability: Poison Heal
|upkeep
|turn|20
|
|t:|1779639123
|switch|p1a: Kingambit|Kingambit, M|100/100
|-activate|p1a: Kingambit|ability: Supreme Overlord
|-start|p1a: Kingambit|fallen2|[silent]
|-item|p1a: Kingambit|Air Balloon
|move|p2a: Regieleki|Icy Wind|p1a: Kingambit
|-resisted|p1a: Kingambit
|-damage|p1a: Kingambit|90/100
|-unboost|p1a: Kingambit|spe|1
|-enditem|p1a: Kingambit|Air Balloon
|
|upkeep
|turn|21
|
|t:|1779639137
|switch|p2a: Servine|Servine, F|100/100
|-damage|p2a: Servine|88/100|[from] Stealth Rock
|move|p1a: Kingambit|Sucker Punch||[still]
|-fail|p1a: Kingambit
|
|upkeep
|turn|22
|
|t:|1779639145
|move|p2a: Servine|Glare|p1a: Kingambit
|-status|p1a: Kingambit|par
|cant|p1a: Kingambit|par
|
|upkeep
|turn|23
|
|t:|1779639150
|move|p2a: Servine|Substitute|p2a: Servine
|-start|p2a: Servine|Substitute
|-damage|p2a: Servine|63/100
|move|p1a: Kingambit|Kowtow Cleave|p2a: Servine
|-end|p2a: Servine|Substitute
|
|upkeep
|turn|24
|
|t:|1779639170
|move|p2a: Servine|Substitute|p2a: Servine
|-start|p2a: Servine|Substitute
|-damage|p2a: Servine|39/100
|cant|p1a: Kingambit|par
|
|upkeep
|turn|25
|
|t:|1779639177
|move|p2a: Servine|Leaf Storm|p1a: Kingambit
|-resisted|p1a: Kingambit
|-damage|p1a: Kingambit|74/100 par
|-boost|p2a: Servine|spa|2
|cant|p1a: Kingambit|par
|
|upkeep
|turn|26
|
|t:|1779639184
|move|p2a: Servine|Leaf Storm|p1a: Kingambit|[miss]
|-miss|p2a: Servine|p1a: Kingambit
|cant|p1a: Kingambit|par
|
|upkeep
|turn|27
|
|t:|1779639189
|move|p2a: Servine|Leaf Storm|p1a: Kingambit
|-resisted|p1a: Kingambit
|-damage|p1a: Kingambit|37/100 par
|-boost|p2a: Servine|spa|2
|move|p1a: Kingambit|Kowtow Cleave|p2a: Servine
|-end|p2a: Servine|Substitute
|
|upkeep
|turn|28
|
|t:|1779639198
|move|p2a: Servine|Giga Drain|p1a: Kingambit
|-resisted|p1a: Kingambit
|-damage|p1a: Kingambit|7/100 par
|-heal|p2a: Servine|59/100|[from] drain|[of] p1a: Kingambit
|move|p1a: Kingambit|Kowtow Cleave|p2a: Servine
|-damage|p2a: Servine|13/100
|
|upkeep
|turn|29
|
|t:|1779639211
|move|p1a: Kingambit|Sucker Punch|p2a: Servine
|-damage|p2a: Servine|0 fnt
|faint|p2a: Servine
|
|upkeep
|
|t:|1779639216
|switch|p2a: Regieleki|Regieleki|100/100
|-damage|p2a: Regieleki|88/100|[from] Stealth Rock
|turn|30
|
|t:|1779639222
|move|p1a: Kingambit|Sucker Punch|p2a: Regieleki
|-damage|p2a: Regieleki|0 fnt
|faint|p2a: Regieleki
|
|upkeep
|
|t:|1779639227
|switch|p2a: Kilowattrel|Kilowattrel, M|100/100
|turn|31
|
|t:|1779639230
|cant|p1a: Kingambit|par
|move|p2a: Kilowattrel|Tailwind|p2a: Kilowattrel
|-sidestart|p2: adub0330|move: Tailwind
|-start|p2a: Kilowattrel|Charge|Tailwind|[from] ability: Wind Power
|
|upkeep
|turn|32
|
|t:|1779639235
|move|p1a: Kingambit|Sucker Punch|p2a: Kilowattrel
|-damage|p2a: Kilowattrel|15/100
|move|p2a: Kilowattrel|Air Slash|p1a: Kingambit
|-resisted|p1a: Kingambit
|-damage|p1a: Kingambit|0 fnt
|faint|p1a: Kingambit
|-end|p1a: Kingambit|fallen2|[silent]
|
|upkeep
|
|t:|1779639257
|switch|p1a: Gliscor|Gliscor, M|85/100 tox
|turn|33
|-message|adub0330 forfeited.
|
|win|Gffhvfhbduv
|raw|Gffhvfhbduv's rating: 1155 &rarr; <strong>1175</strong><br />(+20 for winning)
|raw|adub0330's rating: 1088 &rarr; <strong>1069</strong><br />(-19 for losing)
|l|☆adub0330
|player|p2|
|l|☆Gffhvfhbduv
|player|p1|
