|j|☆erjuanzas
|j|☆arma590
|t:|1779703014
|gametype|singles
|player|p1|erjuanzas|linebacker|1402
|player|p2|arma590|pokemaniac|1403
|gen|9
|tier|[Gen 9] OU
|rated|
|rule|HP Percentage Mod: HP is shown in percentages
|rule|Endless Battle Clause: Forcing endless battles is banned
|rule|Species Clause: Limit one of each Pokémon
|rule|OHKO Clause: OHKO moves are banned
|rule|Evasion Items Clause: Evasion items are banned
|rule|Evasion Moves Clause: Evasion moves are banned
|rule|Evasion Abilities Clause: Evasion abilities are banned
|rule|Sleep Moves Clause: Sleep-inducing moves are banned
|clearpoke
|poke|p1|Pelipper, M|
|poke|p1|Ludicolo, M|
|poke|p1|Iron Treads|
|poke|p1|Landorus-Therian, M|
|poke|p1|Barraskewda, M|
|poke|p1|Basculegion-F, F|
|poke|p2|Clefable, F|
|poke|p2|Ogerpon-Wellspring, F|
|poke|p2|Gholdengo|
|poke|p2|Dragonite, F|
|poke|p2|Landorus-Therian, M|
|poke|p2|Cinderace, M|
|teampreview
|inactive|Battle timer is ON: inactive players will automatically lose when time's up. (requested by erjuanzas)
|
|t:|1779703028
|teamsize|p1|6
|teamsize|p2|6
|start
|switch|p1a: Pelipas|Pelipper, M, shiny|100/100
|switch|p2a: Landorus|Landorus-Therian, M|100/100
|-ability|p2a: Landorus|Intimidate|boost
|-unboost|p1a: Pelipas|atk|1
|-weather|RainDance|[from] ability: Drizzle|[of] p1a: Pelipas
|turn|1
|
|t:|1779703045
|switch|p1a: Perro Mojao|Landorus-Therian, M|100/100
|-ability|p1a: Perro Mojao|Intimidate|boost
|-unboost|p2a: Landorus|atk|1
|move|p2a: Landorus|Stone Edge|p1a: Perro Mojao
|-damage|p1a: Perro Mojao|71/100
|
|-weather|RainDance|[upkeep]
|upkeep
|turn|2
|
|t:|1779703060
|move|p2a: Landorus|Stone Edge|p1a: Perro Mojao
|-damage|p1a: Perro Mojao|42/100
|move|p1a: Perro Mojao|U-turn|p2a: Landorus
|-resisted|p2a: Landorus
|-damage|p2a: Landorus|90/100
|
|t:|1779703065
|switch|p1a: Loco|Ludicolo, M, shiny|100/100|[from] U-turn
|
|-weather|RainDance|[upkeep]
|upkeep
|turn|3
|
|t:|1779703073
|switch|p2a: Clefable|Clefable, F|100/100
|move|p1a: Loco|Ice Beam|p2a: Clefable
|-damage|p2a: Clefable|71/100
|-damage|p1a: Loco|91/100|[from] item: Life Orb
|
|-weather|RainDance|[upkeep]
|-heal|p2a: Clefable|77/100|[from] item: Leftovers
|upkeep
|turn|4
|
|t:|1779703081
|switch|p1a: Chanao|Iron Treads, shiny|100/100
|move|p2a: Clefable|Cosmic Power|p2a: Clefable
|-boost|p2a: Clefable|def|1
|-boost|p2a: Clefable|spd|1
|
|-weather|RainDance|[upkeep]
|-heal|p2a: Clefable|83/100|[from] item: Leftovers
|upkeep
|turn|5
|
|t:|1779703088
|move|p1a: Chanao|Iron Head|p2a: Clefable
|-supereffective|p2a: Clefable
|-damage|p2a: Clefable|34/100
|move|p2a: Clefable|Cosmic Power|p2a: Clefable
|-boost|p2a: Clefable|def|1
|-boost|p2a: Clefable|spd|1
|
|-weather|RainDance|[upkeep]
|-heal|p2a: Clefable|40/100|[from] item: Leftovers
|upkeep
|turn|6
|
|t:|1779703102
|move|p1a: Chanao|Iron Head|p2a: Clefable
|-supereffective|p2a: Clefable
|-damage|p2a: Clefable|3/100
|move|p2a: Clefable|Moonlight|p2a: Clefable
|-heal|p2a: Clefable|28/100
|
|-weather|RainDance|[upkeep]
|-heal|p2a: Clefable|34/100|[from] item: Leftovers
|upkeep
|turn|7
|
|t:|1779703116
|move|p1a: Chanao|Iron Head|p2a: Clefable
|-supereffective|p2a: Clefable
|-damage|p2a: Clefable|2/100
|move|p2a: Clefable|Moonlight|p2a: Clefable
|-heal|p2a: Clefable|26/100
|
|-weather|RainDance|[upkeep]
|-heal|p2a: Clefable|32/100|[from] item: Leftovers
|upkeep
|turn|8
|inactive|arma590 has 120 seconds left.
|
|t:|1779703148
|move|p1a: Chanao|Iron Head|p2a: Clefable
|-supereffective|p2a: Clefable
|-damage|p2a: Clefable|0 fnt
|faint|p2a: Clefable
|
|-weather|none
|upkeep
|
|t:|1779703152
|switch|p2a: Ogerpon|Ogerpon-Wellspring, F|100/100
|turn|9
|
|t:|1779703160
|-end|p1a: Chanao|Quark Drive|[silent]
|switch|p1a: Loco|Ludicolo, M, shiny|91/100
|move|p2a: Ogerpon|Swords Dance|p2a: Ogerpon
|-boost|p2a: Ogerpon|atk|2
|
|upkeep
|turn|10
|
|t:|1779703175
|move|p2a: Ogerpon|Trailblaze|p1a: Loco
|-damage|p1a: Loco|2/100
|-boost|p2a: Ogerpon|spe|1
|move|p1a: Loco|Giga Drain|p2a: Ogerpon
|-damage|p2a: Ogerpon|48/100
|-heal|p1a: Loco|28/100|[from] drain|[of] p2a: Ogerpon
|-damage|p1a: Loco|18/100|[from] item: Life Orb
|
|upkeep
|turn|11
|
|t:|1779703183
|move|p2a: Ogerpon|Trailblaze|p1a: Loco
|-damage|p1a: Loco|0 fnt
|-boost|p2a: Ogerpon|spe|1
|faint|p1a: Loco
|
|upkeep
|
|t:|1779703186
|switch|p1a: Pelipas|Pelipper, M, shiny|100/100
|-weather|RainDance|[from] ability: Drizzle|[of] p1a: Pelipas
|turn|12
|
|t:|1779703209
|-terastallize|p2a: Ogerpon|Water
|detailschange|p2a: Ogerpon|Ogerpon-Wellspring-Tera, F, tera:Water
|-ability|p2a: Ogerpon|Embody Aspect (Wellspring)|boost
|-boost|p2a: Ogerpon|spd|1
|move|p2a: Ogerpon|Ivy Cudgel|p1a: Pelipas|[anim] Ivy Cudgel Water
|-resisted|p1a: Pelipas
|-damage|p1a: Pelipas|15/100
|move|p1a: Pelipas|Hurricane|p2a: Ogerpon
|-damage|p2a: Ogerpon|17/100
|
|-weather|RainDance|[upkeep]
|upkeep
|turn|13
|
|t:|1779703227
|move|p2a: Ogerpon|Ivy Cudgel|p1a: Pelipas|[anim] Ivy Cudgel Water
|-resisted|p1a: Pelipas
|-damage|p1a: Pelipas|0 fnt
|faint|p1a: Pelipas
|
|-weather|RainDance|[upkeep]
|upkeep
|
|t:|1779703229
|switch|p1a: La cabra|Barraskewda, M|100/100
|turn|14
|
|t:|1779703238
|-terastallize|p1a: La cabra|Water
|move|p1a: La cabra|Flip Turn|p2a: Ogerpon
|-resisted|p2a: Ogerpon
|-damage|p2a: Ogerpon|0 fnt
|faint|p2a: Ogerpon
|detailschange|p2: Ogerpon|Ogerpon-Wellspring, F|[silent]
|c|☆erjuanzas|should have trail blaze there my man
|
|t:|1779703248
|switch|p1a: Miauni|Basculegion-F, F, shiny|100/100|[from] Flip Turn
|
|-weather|RainDance|[upkeep]
|upkeep
|inactive|arma590 has 120 seconds left.
|
|t:|1779703285
|switch|p2a: Landorus|Landorus-Therian, M|90/100
|-ability|p2a: Landorus|Intimidate|boost
|-unboost|p1a: Miauni|atk|1
|turn|15
|inactive|arma590 has 120 seconds left.
|
|t:|1779703299
|move|p1a: Miauni|Surf|p2a: Landorus
|-supereffective|p2a: Landorus
|-damage|p2a: Landorus|0 fnt
|faint|p2a: Landorus
|-damage|p1a: Miauni|91/100|[from] item: Life Orb
|
|-weather|RainDance|[upkeep]
|upkeep
|inactive|arma590 has 120 seconds left.
|
|t:|1779703308
|switch|p2a: Dragonite|Dragonite, F|100/100
|turn|16
|
|t:|1779703310
|switch|p2a: Cinderace|Cinderace, M|100/100
|move|p1a: Miauni|Ice Beam|p2a: Cinderace
|-resisted|p2a: Cinderace
|-damage|p2a: Cinderace|76/100
|-damage|p1a: Miauni|81/100|[from] item: Life Orb
|
|-weather|RainDance|[upkeep]
|upkeep
|turn|17
|inactive|arma590 has 120 seconds left.
|
|t:|1779703341
|move|p1a: Miauni|Surf|p2a: Cinderace
|-supereffective|p2a: Cinderace
|-damage|p2a: Cinderace|0 fnt
|faint|p2a: Cinderace
|-damage|p1a: Miauni|71/100|[from] item: Life Orb
|
|-weather|RainDance|[upkeep]
|upkeep
|
|t:|1779703352
|switch|p2a: Gholdengo|Gholdengo|100/100
|-item|p2a: Gholdengo|Air Balloon
|turn|18
|
|t:|1779703359
|move|p1a: Miauni|Shadow Ball|p2a: Gholdengo
|-supereffective|p2a: Gholdengo
|-damage|p2a: Gholdengo|0 fnt
|-enditem|p2a: Gholdengo|Air Balloon
|faint|p2a: Gholdengo
|-damage|p1a: Miauni|61/100|[from] item: Life Orb
|
|-weather|RainDance|[upkeep]
|upkeep
|
|t:|1779703362
|switch|p2a: Dragonite|Dragonite, F|100/100
|turn|19
|inactive|arma590 has 120 seconds left.
|
|t:|1779703382
|move|p1a: Miauni|Ice Beam|p2a: Dragonite
|-supereffective|p2a: Dragonite
|-damage|p2a: Dragonite|26/100
|-damage|p1a: Miauni|51/100|[from] item: Life Orb
|move|p2a: Dragonite|Dragon Dance|p2a: Dragonite
|-boost|p2a: Dragonite|atk|1
|-boost|p2a: Dragonite|spe|1
|
|-weather|none
|upkeep
|turn|20
|
|t:|1779703388
|move|p2a: Dragonite|Scale Shot|p1a: Miauni
|-damage|p1a: Miauni|23/100
|-damage|p1a: Miauni|0 fnt
|faint|p1a: Miauni
|-hitcount|p1: Miauni|2
|-unboost|p2a: Dragonite|def|1
|-boost|p2a: Dragonite|spe|1
|
|upkeep
|
|t:|1779703392
|switch|p1a: Perro Mojao|Landorus-Therian, M|42/100
|-ability|p1a: Perro Mojao|Intimidate|boost
|-unboost|p2a: Dragonite|atk|1
|turn|21
|
|t:|1779703400
|move|p2a: Dragonite|Scale Shot|p1a: Perro Mojao
|-damage|p1a: Perro Mojao|26/100
|-damage|p1a: Perro Mojao|8/100
|-damage|p1a: Perro Mojao|0 fnt
|faint|p1a: Perro Mojao
|-hitcount|p1: Perro Mojao|3
|-unboost|p2a: Dragonite|def|1
|-boost|p2a: Dragonite|spe|1
|
|upkeep
|
|t:|1779703403
|switch|p1a: Chanao|Iron Treads, shiny|100/100
|turn|22
|
|t:|1779703407
|move|p2a: Dragonite|Earthquake|p1a: Chanao
|-supereffective|p1a: Chanao
|-damage|p1a: Chanao|41/100
|move|p1a: Chanao|Iron Head|p2a: Dragonite
|-damage|p2a: Dragonite|0 fnt
|faint|p2a: Dragonite
|
|win|erjuanzas
|raw|erjuanzas's rating: 1402 &rarr; <strong>1422</strong><br />(+20 for winning)
|raw|arma590's rating: 1403 &rarr; <strong>1383</strong><br />(-20 for losing)
|l|☆arma590
|player|p2|
|l|☆erjuanzas
|player|p1|
