|j|☆TeaPause
|j|☆welovevaporeon
|t:|1779663652
|gametype|singles
|player|p1|TeaPause|waiter|1358
|player|p2|welovevaporeon|zinnia|1454
|gen|9
|tier|[Gen 9] OU
|rated|
|rule|HP Percentage Mod: HP is shown in percentages
|rule|Endless Battle Clause: Forcing endless battles is banned
|rule|Species Clause: Limit one of each Pokémon
|rule|OHKO Clause: OHKO moves are banned
|rule|Evasion Items Clause: Evasion items are banned
|rule|Evasion Moves Clause: Evasion moves are banned
|rule|Evasion Abilities Clause: Evasion abilities are banned
|rule|Sleep Moves Clause: Sleep-inducing moves are banned
|clearpoke
|poke|p1|Decidueye-Hisui, M|
|poke|p1|Heatran, M|
|poke|p1|Dragapult, M|
|poke|p1|Muk-Alola, F|
|poke|p1|Hatterene, F|
|poke|p1|Oricorio-Pom-Pom, M|
|poke|p2|Iron Valiant|
|poke|p2|Slowking-Galar, F|
|poke|p2|Regieleki|
|poke|p2|Meowscarada, M|
|poke|p2|Moltres|
|poke|p2|Great Tusk|
|teampreview
|inactive|Battle timer is ON: inactive players will automatically lose when time's up. (requested by TeaPause)
|
|t:|1779663680
|teamsize|p1|6
|teamsize|p2|6
|start
|switch|p1a: Hatterene|Hatterene, F|100/100
|switch|p2a: Honored1|Regieleki, shiny|100/100
|turn|1
|
|t:|1779663692
|move|p2a: Honored1|Electro Ball|p1a: Hatterene
|-damage|p1a: Hatterene|0 fnt
|faint|p1a: Hatterene
|
|upkeep
|
|t:|1779663700
|switch|p1a: Decidueye|Decidueye-Hisui, M|100/100
|turn|2
|
|t:|1779663710
|switch|p2a: Moltres|Moltres|100/100
|move|p1a: Decidueye|Rock Tomb|p2a: Moltres
|-supereffective|p2a: Moltres
|-damage|p2a: Moltres|13/100
|-unboost|p2a: Moltres|spe|1
|
|upkeep
|turn|3
|
|t:|1779663720
|switch|p2a: Great Tusk|Great Tusk|100/100
|move|p1a: Decidueye|Rock Tomb|p2a: Great Tusk
|-resisted|p2a: Great Tusk
|-damage|p2a: Great Tusk|96/100
|-unboost|p2a: Great Tusk|spe|1
|
|upkeep
|turn|4
|
|t:|1779663731
|switch|p1a: Oricorio|Oricorio-Pom-Pom, M|100/100
|move|p2a: Great Tusk|Stealth Rock|p1a: Oricorio
|-sidestart|p1: TeaPause|move: Stealth Rock
|
|upkeep
|turn|5
|
|t:|1779663737
|-end|p2a: Great Tusk|Protosynthesis|[silent]
|switch|p2a: Slowking|Slowking-Galar, F|100/100
|move|p1a: Oricorio|Quiver Dance|p1a: Oricorio
|-boost|p1a: Oricorio|spa|1
|-boost|p1a: Oricorio|spd|1
|-boost|p1a: Oricorio|spe|1
|
|upkeep
|turn|6
|
|t:|1779663745
|move|p1a: Oricorio|Defog|p2a: Slowking
|-unboost|p2a: Slowking|evasion|1
|-sideend|p1: TeaPause|Stealth Rock|[from] move: Defog|[of] p1a: Oricorio
|move|p2a: Slowking|Future Sight|p1a: Oricorio
|-start|p2a: Slowking|move: Future Sight
|
|upkeep
|turn|7
|
|t:|1779663751
|move|p1a: Oricorio|Quiver Dance|p1a: Oricorio
|-boost|p1a: Oricorio|spa|1
|-boost|p1a: Oricorio|spd|1
|-boost|p1a: Oricorio|spe|1
|-prepare|p2a: Slowking|Chilly Reception|[premajor]
|move|p2a: Slowking|Chilly Reception|p2a: Slowking
|-weather|Snowscape
|
|t:|1779663776
|switch|p2a: Moltres|Moltres|13/100|[from] Chilly Reception
|
|-weather|Snowscape|[upkeep]
|upkeep
|turn|8
|
|t:|1779663787
|move|p1a: Oricorio|Revelation Dance|p2a: Moltres
|-supereffective|p2a: Moltres
|-damage|p2a: Moltres|0 fnt
|faint|p2a: Moltres
|
|-weather|Snowscape|[upkeep]
|-end|p1a: Oricorio|move: Future Sight
|-damage|p1a: Oricorio|71/100
|upkeep
|
|t:|1779663799
|switch|p2a: Slowking|Slowking-Galar, F|100/100
|turn|9
|
|t:|1779663805
|-terastallize|p2a: Slowking|Ice
|move|p1a: Oricorio|Quiver Dance|p1a: Oricorio
|-boost|p1a: Oricorio|spa|1
|-boost|p1a: Oricorio|spd|1
|-boost|p1a: Oricorio|spe|1
|move|p2a: Slowking|Blizzard|p1a: Oricorio
|-supereffective|p1a: Oricorio
|-damage|p1a: Oricorio|28/100
|
|-weather|Snowscape|[upkeep]
|upkeep
|turn|10
|
|t:|1779663816
|move|p1a: Oricorio|Roost|p1a: Oricorio
|-heal|p1a: Oricorio|78/100
|-singleturn|p1a: Oricorio|move: Roost
|move|p2a: Slowking|Blizzard|p1a: Oricorio
|-damage|p1a: Oricorio|57/100
|-status|p1a: Oricorio|frz
|
|-weather|Snowscape|[upkeep]
|upkeep
|turn|11
|
|t:|1779663825
|-curestatus|p1a: Oricorio|frz|[msg]
|move|p1a: Oricorio|Revelation Dance|p2a: Slowking
|-damage|p2a: Slowking|55/100
|move|p2a: Slowking|Blizzard|p1a: Oricorio
|-supereffective|p1a: Oricorio
|-damage|p1a: Oricorio|17/100
|
|-weather|none
|upkeep
|turn|12
|
|t:|1779663835
|switch|p2a: Iron Valiant|Iron Valiant|100/100
|-enditem|p2a: Iron Valiant|Booster Energy
|-activate|p2a: Iron Valiant|ability: Quark Drive|[fromitem]
|-start|p2a: Iron Valiant|quarkdrivespe
|move|p1a: Oricorio|Roost|p1a: Oricorio
|-heal|p1a: Oricorio|67/100
|-singleturn|p1a: Oricorio|move: Roost
|
|upkeep
|turn|13
|
|t:|1779663844
|move|p1a: Oricorio|Revelation Dance|p2a: Iron Valiant
|-damage|p2a: Iron Valiant|0 fnt
|faint|p2a: Iron Valiant
|-end|p2a: Iron Valiant|Quark Drive|[silent]
|
|upkeep
|-message|welovevaporeon forfeited.
|
|win|TeaPause
|raw|TeaPause's rating: 1358 &rarr; <strong>1383</strong><br />(+25 for winning)
|raw|welovevaporeon's rating: 1454 &rarr; <strong>1429</strong><br />(-25 for losing)
|l|☆welovevaporeon
|player|p2|
|l|☆TeaPause
|player|p1|
