|j|☆Kwazy Kupcakes
|j|☆Nickthenickthenick
|t:|1779717599
|gametype|singles
|player|p1|Kwazy Kupcakes|266|1363
|player|p2|Nickthenickthenick|101|1382
|gen|9
|tier|[Gen 9] OU
|rated|
|rule|HP Percentage Mod: HP is shown in percentages
|rule|Endless Battle Clause: Forcing endless battles is banned
|rule|Species Clause: Limit one of each Pokémon
|rule|OHKO Clause: OHKO moves are banned
|rule|Evasion Items Clause: Evasion items are banned
|rule|Evasion Moves Clause: Evasion moves are banned
|rule|Evasion Abilities Clause: Evasion abilities are banned
|rule|Sleep Moves Clause: Sleep-inducing moves are banned
|clearpoke
|poke|p1|Glimmora, F|
|poke|p1|Great Tusk|
|poke|p1|Raging Bolt|
|poke|p1|Walking Wake|
|poke|p1|Skeledirge, F|
|poke|p1|Gallade, M|
|poke|p2|Raikou|
|poke|p2|Entei|
|poke|p2|Suicune|
|poke|p2|Tyranitar, M|
|poke|p2|Porygon2|
|poke|p2|Hatterene, F|
|teampreview
|inactive|Battle timer is ON: inactive players will automatically lose when time's up. (requested by Kwazy Kupcakes)
|
|t:|1779717610
|teamsize|p1|6
|teamsize|p2|6
|start
|switch|p1a: Glimmora|Glimmora, F|100/100
|switch|p2a: Hatterene|Hatterene, F|100/100
|turn|1
|
|t:|1779717614
|move|p1a: Glimmora|Mortal Spin|p2a: Hatterene
|-supereffective|p2a: Hatterene
|-damage|p2a: Hatterene|90/100
|-status|p2a: Hatterene|psn
|move|p2a: Hatterene|Psychic Noise|p1a: Glimmora
|-supereffective|p1a: Glimmora
|-damage|p1a: Glimmora|17/100
|-start|p1a: Glimmora|move: Heal Block
|
|-heal|p2a: Hatterene|96/100 psn|[from] item: Leftovers
|-damage|p2a: Hatterene|84/100 psn|[from] psn
|upkeep
|turn|2
|
|t:|1779717625
|switch|p1a: Skeledirge|Skeledirge, F|100/100
|move|p2a: Hatterene|Psychic Noise|p1a: Skeledirge
|-damage|p1a: Skeledirge|76/100
|-start|p1a: Skeledirge|move: Heal Block
|
|-heal|p2a: Hatterene|90/100 psn|[from] item: Leftovers
|-damage|p2a: Hatterene|78/100 psn|[from] psn
|upkeep
|turn|3
|
|t:|1779717635
|move|p1a: Skeledirge|Sunny Day|p1a: Skeledirge
|-weather|SunnyDay
|move|p2a: Hatterene|Nuzzle|p1a: Skeledirge
|-damage|p1a: Skeledirge|73/100
|-status|p1a: Skeledirge|par
|
|-weather|SunnyDay|[upkeep]
|-heal|p2a: Hatterene|84/100 psn|[from] item: Leftovers
|-damage|p2a: Hatterene|71/100 psn|[from] psn
|-end|p1a: Skeledirge|move: Heal Block
|upkeep
|turn|4
|
|t:|1779717649
|switch|p2a: Tyranitar|Tyranitar, M|100/100
|-weather|Sandstorm|[from] ability: Sand Stream|[of] p2a: Tyranitar
|move|p1a: Skeledirge|Torch Song|p2a: Tyranitar
|-resisted|p2a: Tyranitar
|-damage|p2a: Tyranitar|94/100
|-boost|p1a: Skeledirge|spa|1
|
|-weather|Sandstorm|[upkeep]
|-damage|p1a: Skeledirge|67/100 par|[from] Sandstorm
|-heal|p2a: Tyranitar|100/100|[from] item: Leftovers
|upkeep
|turn|5
|
|t:|1779717665
|move|p2a: Tyranitar|Knock Off|p1a: Skeledirge
|-supereffective|p1a: Skeledirge
|-damage|p1a: Skeledirge|1/100 par
|-enditem|p1a: Skeledirge|Heat Rock|[from] move: Knock Off|[of] p2a: Tyranitar
|move|p1a: Skeledirge|Will-O-Wisp|p2a: Tyranitar
|-status|p2a: Tyranitar|brn
|
|-weather|Sandstorm|[upkeep]
|-damage|p1a: Skeledirge|0 fnt|[from] Sandstorm
|faint|p1a: Skeledirge
|-damage|p2a: Tyranitar|94/100 brn|[from] brn
|upkeep
|
|t:|1779717675
|switch|p1a: Great Tusk|Great Tusk|100/100
|turn|6
|
|t:|1779717681
|switch|p2a: Porygon2|Porygon2|100/100
|move|p1a: Great Tusk|Sunny Day|p1a: Great Tusk
|-weather|SunnyDay
|-activate|p1a: Great Tusk|ability: Protosynthesis
|-start|p1a: Great Tusk|protosynthesisdef
|
|-weather|SunnyDay|[upkeep]
|upkeep
|turn|7
|
|t:|1779717689
|move|p1a: Great Tusk|Body Press|p2a: Porygon2
|-supereffective|p2a: Porygon2
|-damage|p2a: Porygon2|64/100
|move|p2a: Porygon2|Ice Beam|p1a: Great Tusk
|-supereffective|p1a: Great Tusk
|-damage|p1a: Great Tusk|31/100
|
|-weather|SunnyDay|[upkeep]
|upkeep
|turn|8
|
|t:|1779717700
|-end|p1a: Great Tusk|Protosynthesis|[silent]
|switch|p1a: Gallade|Gallade, M|100/100
|-ability|p2a: Porygon2|Sharpness|Trace|[from] ability: Trace|[of] p1a: Gallade
|move|p2a: Porygon2|Ice Beam|p1a: Gallade
|-damage|p1a: Gallade|76/100
|
|-weather|SunnyDay|[upkeep]
|upkeep
|turn|9
|
|t:|1779717714
|-terastallize|p2a: Porygon2|Ghost
|move|p1a: Gallade|Solar Blade||[still]
|-prepare|p1a: Gallade|Solar Blade
|-anim|p1a: Gallade|Solar Blade|p2a: Porygon2
|-damage|p2a: Porygon2|31/100
|move|p2a: Porygon2|Thunder Wave|p1a: Gallade
|-status|p1a: Gallade|par
|
|-weather|SunnyDay|[upkeep]
|upkeep
|turn|10
|
|t:|1779717727
|switch|p1a: Great Tusk|Great Tusk|31/100
|-activate|p1a: Great Tusk|ability: Protosynthesis
|-start|p1a: Great Tusk|protosynthesisdef
|move|p2a: Porygon2|Recover|p2a: Porygon2
|-heal|p2a: Porygon2|81/100
|
|-weather|none
|-end|p1a: Great Tusk|Protosynthesis
|upkeep
|turn|11
|
|t:|1779717734
|move|p1a: Great Tusk|Knock Off|p2a: Porygon2
|-supereffective|p2a: Porygon2
|-damage|p2a: Porygon2|56/100
|-enditem|p2a: Porygon2|Eviolite|[from] move: Knock Off|[of] p1a: Great Tusk
|move|p2a: Porygon2|Ice Beam|p1a: Great Tusk
|-supereffective|p1a: Great Tusk
|-damage|p1a: Great Tusk|0 fnt
|faint|p1a: Great Tusk
|-end|p1a: Great Tusk|Protosynthesis|[silent]
|
|upkeep
|
|t:|1779717751
|switch|p1a: Glimmora|Glimmora, F|17/100
|turn|12
|
|t:|1779717757
|switch|p2a: Hatterene|Hatterene, F|71/100 psn
|move|p1a: Glimmora|Stealth Rock|p2a: Hatterene
|move|p2a: Hatterene|Stealth Rock|p1a: Glimmora|[from] ability: Magic Bounce
|-sidestart|p1: Kwazy Kupcakes|move: Stealth Rock
|
|-heal|p2a: Hatterene|77/100 psn|[from] item: Leftovers
|-damage|p2a: Hatterene|65/100 psn|[from] psn
|upkeep
|turn|13
|
|t:|1779717766
|move|p1a: Glimmora|Mortal Spin|p2a: Hatterene
|-supereffective|p2a: Hatterene
|-damage|p2a: Hatterene|55/100 psn
|-sideend|p1: Kwazy Kupcakes|Stealth Rock|[from] move: Mortal Spin|[of] p1a: Glimmora
|move|p2a: Hatterene|Psychic Noise|p1a: Glimmora
|-supereffective|p1a: Glimmora
|-damage|p1a: Glimmora|0 fnt
|faint|p1a: Glimmora
|
|-heal|p2a: Hatterene|61/100 psn|[from] item: Leftovers
|-damage|p2a: Hatterene|49/100 psn|[from] psn
|upkeep
|
|t:|1779717781
|switch|p1a: Gallade|Gallade, M|76/100 par
|turn|14
|
|t:|1779717802
|move|p1a: Gallade|Trick|p2a: Hatterene
|-activate|p1a: Gallade|move: Trick|[of] p2a: Hatterene
|-item|p2a: Hatterene|Choice Scarf|[from] move: Trick
|-item|p1a: Gallade|Leftovers|[from] move: Trick
|move|p2a: Hatterene|Draining Kiss|p1a: Gallade
|-supereffective|p1a: Gallade
|-damage|p1a: Gallade|29/100 par
|-heal|p2a: Hatterene|79/100 psn|[from] drain|[of] p1a: Gallade
|
|-heal|p1a: Gallade|36/100 par|[from] item: Leftovers
|-damage|p2a: Hatterene|67/100 psn|[from] psn
|upkeep
|turn|15
|inactive|Kwazy Kupcakes has 120 seconds left.
|
|t:|1779717822
|switch|p1a: Raging Bolt|Raging Bolt|100/100
|-item|p1a: Raging Bolt|Air Balloon
|move|p2a: Hatterene|Draining Kiss|p1a: Raging Bolt
|-supereffective|p1a: Raging Bolt
|-damage|p1a: Raging Bolt|60/100
|-heal|p2a: Hatterene|100/100 psn|[from] drain|[of] p1a: Raging Bolt
|-enditem|p1a: Raging Bolt|Air Balloon
|
|-damage|p2a: Hatterene|88/100 psn|[from] psn
|upkeep
|turn|16
|inactive|Kwazy Kupcakes has 120 seconds left.
|
|t:|1779717838
|move|p1a: Raging Bolt|Sunny Day|p1a: Raging Bolt
|-weather|SunnyDay
|-activate|p1a: Raging Bolt|ability: Protosynthesis
|-start|p1a: Raging Bolt|protosynthesisspa
|move|p2a: Hatterene|Draining Kiss|p1a: Raging Bolt
|-supereffective|p1a: Raging Bolt
|-damage|p1a: Raging Bolt|24/100
|-heal|p2a: Hatterene|100/100 psn|[from] drain|[of] p1a: Raging Bolt
|
|-weather|SunnyDay|[upkeep]
|-damage|p2a: Hatterene|88/100 psn|[from] psn
|upkeep
|turn|17
|
|t:|1779717852
|move|p1a: Raging Bolt|Thunderclap|p2a: Hatterene
|-damage|p2a: Hatterene|36/100 psn
|move|p2a: Hatterene|Draining Kiss|p1a: Raging Bolt
|-supereffective|p1a: Raging Bolt
|-damage|p1a: Raging Bolt|0 fnt
|-heal|p2a: Hatterene|62/100 psn|[from] drain|[of] p1a: Raging Bolt
|faint|p1a: Raging Bolt
|-end|p1a: Raging Bolt|Protosynthesis|[silent]
|
|-weather|SunnyDay|[upkeep]
|-damage|p2a: Hatterene|49/100 psn|[from] psn
|upkeep
|
|t:|1779717862
|switch|p1a: Walking Wake|Walking Wake|100/100
|-activate|p1a: Walking Wake|ability: Protosynthesis
|-start|p1a: Walking Wake|protosynthesisspe
|turn|18
|
|t:|1779717868
|move|p1a: Walking Wake|Hydro Steam|p2a: Hatterene
|-damage|p2a: Hatterene|0 fnt
|faint|p2a: Hatterene
|
|-weather|SunnyDay|[upkeep]
|upkeep
|
|t:|1779717874
|switch|p2a: Tyranitar|Tyranitar, M|94/100 brn
|-weather|Sandstorm|[from] ability: Sand Stream|[of] p2a: Tyranitar
|-end|p1a: Walking Wake|Protosynthesis
|turn|19
|inactive|Kwazy Kupcakes has 120 seconds left.
|
|t:|1779717886
|-terastallize|p1a: Walking Wake|Water
|move|p1a: Walking Wake|Hydro Steam|p2a: Tyranitar
|-supereffective|p2a: Tyranitar
|-damage|p2a: Tyranitar|29/100 brn
|move|p2a: Tyranitar|Knock Off|p1a: Walking Wake
|-damage|p1a: Walking Wake|77/100
|-enditem|p1a: Walking Wake|Choice Specs|[from] move: Knock Off|[of] p2a: Tyranitar
|
|-weather|Sandstorm|[upkeep]
|-damage|p1a: Walking Wake|71/100|[from] Sandstorm
|-heal|p2a: Tyranitar|35/100 brn|[from] item: Leftovers
|-damage|p2a: Tyranitar|29/100 brn|[from] brn
|upkeep
|turn|20
|inactive|Kwazy Kupcakes has 120 seconds left.
|
|t:|1779717899
|move|p1a: Walking Wake|Hydro Steam|p2a: Tyranitar
|-supereffective|p2a: Tyranitar
|-damage|p2a: Tyranitar|0 fnt
|faint|p2a: Tyranitar
|
|-weather|Sandstorm|[upkeep]
|-damage|p1a: Walking Wake|65/100|[from] Sandstorm
|upkeep
|
|t:|1779717903
|switch|p2a: Raikou|Raikou|100/100
|-ability|p2a: Raikou|Pressure
|turn|21
|
|t:|1779717916
|move|p2a: Raikou|Discharge|p1a: Walking Wake
|-supereffective|p1a: Walking Wake
|-damage|p1a: Walking Wake|0 fnt
|faint|p1a: Walking Wake
|-end|p1a: Walking Wake|Protosynthesis|[silent]
|
|-weather|Sandstorm|[upkeep]
|-damage|p2a: Raikou|94/100|[from] Sandstorm
|-heal|p2a: Raikou|100/100|[from] item: Leftovers
|upkeep
|
|t:|1779717923
|switch|p1a: Gallade|Gallade, M|36/100 par
|turn|22
|
|t:|1779717930
|move|p2a: Raikou|Discharge|p1a: Gallade
|-damage|p1a: Gallade|0 fnt
|faint|p1a: Gallade
|
|win|Nickthenickthenick
|raw|Kwazy Kupcakes's rating: 1363 &rarr; <strong>1344</strong><br />(-19 for losing)
|raw|Nickthenickthenick's rating: 1382 &rarr; <strong>1401</strong><br />(+19 for winning)
|l|☆Kwazy Kupcakes
|player|p1|
