|j|☆KenjiShiguma
|j|☆ajax inferno
|t:|1779632261
|gametype|singles
|player|p1|KenjiShiguma|pokemonbreeder-gen4|1216
|player|p2|ajax inferno|clay|1171
|gen|9
|tier|[Gen 9] OU
|rated|
|rule|HP Percentage Mod: HP is shown in percentages
|rule|Endless Battle Clause: Forcing endless battles is banned
|rule|Species Clause: Limit one of each Pokémon
|rule|OHKO Clause: OHKO moves are banned
|rule|Evasion Items Clause: Evasion items are banned
|rule|Evasion Moves Clause: Evasion moves are banned
|rule|Evasion Abilities Clause: Evasion abilities are banned
|rule|Sleep Moves Clause: Sleep-inducing moves are banned
|clearpoke
|poke|p1|Drednaw, F|
|poke|p1|Golem, M|
|poke|p1|Snorlax, F|
|poke|p1|Clefable, F|
|poke|p1|Oricorio-Sensu, M|
|poke|p1|Infernape, F|
|poke|p2|Metagross|
|poke|p2|Ceruledge, M|
|poke|p2|Great Tusk|
|poke|p2|Alomomola, M|
|poke|p2|Glimmora, M|
|poke|p2|Electivire, F|
|teampreview
|
|t:|1779632279
|teamsize|p1|6
|teamsize|p2|6
|start
|switch|p1a: Infernape|Infernape, F|100/100
|switch|p2a: Great Tusk|Great Tusk|100/100
|-enditem|p2a: Great Tusk|Booster Energy
|-activate|p2a: Great Tusk|ability: Protosynthesis|[fromitem]
|-start|p2a: Great Tusk|protosynthesisatk
|turn|1
|
|t:|1779632291
|switch|p1a: Clefable|Clefable, F|100/100
|move|p2a: Great Tusk|Rapid Spin|p1a: Clefable
|-damage|p1a: Clefable|74/100
|-boost|p2a: Great Tusk|spe|1
|
|upkeep
|turn|2
|
|t:|1779632298
|move|p2a: Great Tusk|Headlong Rush|p1a: Clefable
|-damage|p1a: Clefable|0 fnt
|-unboost|p2a: Great Tusk|def|1
|-unboost|p2a: Great Tusk|spd|1
|faint|p1a: Clefable
|
|upkeep
|
|t:|1779632305
|switch|p1a: Golem|Golem, M|100/100
|turn|3
|
|t:|1779632316
|move|p2a: Great Tusk|Rapid Spin|p1a: Golem
|-resisted|p1a: Golem
|-damage|p1a: Golem|93/100
|-boost|p2a: Great Tusk|spe|1
|move|p1a: Golem|Earthquake|p2a: Great Tusk
|-damage|p2a: Great Tusk|43/100
|
|upkeep
|turn|4
|
|t:|1779632336
|-terastallize|p1a: Golem|Ground
|move|p2a: Great Tusk|Headlong Rush|p1a: Golem
|-damage|p1a: Golem|32/100
|-unboost|p2a: Great Tusk|def|1
|-unboost|p2a: Great Tusk|spd|1
|move|p1a: Golem|Earthquake|p2a: Great Tusk
|-damage|p2a: Great Tusk|0 fnt
|faint|p2a: Great Tusk
|-end|p2a: Great Tusk|Protosynthesis|[silent]
|
|upkeep
|
|t:|1779632344
|switch|p2a: Alomomola|Alomomola, M|100/100
|turn|5
|
|t:|1779632350
|switch|p1a: Snorlax|Snorlax, F|100/100
|move|p2a: Alomomola|Flip Turn|p1a: Snorlax
|-damage|p1a: Snorlax|88/100
|
|t:|1779632370
|switch|p2a: Ceruledge|Ceruledge, M|100/100|[from] Flip Turn
|
|upkeep
|turn|6
|
|t:|1779632374
|move|p2a: Ceruledge|Swords Dance|p2a: Ceruledge
|-boost|p2a: Ceruledge|atk|2
|move|p1a: Snorlax|Encore|p2a: Ceruledge
|-start|p2a: Ceruledge|Encore
|
|upkeep
|turn|7
|
|t:|1779632380
|switch|p2a: Electivire|Electivire, F|100/100
|switch|p1a: Oricorio|Oricorio-Sensu, M|100/100
|
|upkeep
|turn|8
|
|t:|1779632386
|switch|p1a: Golem|Golem, M, tera:Ground|32/100
|move|p2a: Electivire|Knock Off|p1a: Golem
|-damage|p1a: Golem|3/100
|-enditem|p1a: Golem|Custap Berry|[from] move: Knock Off|[of] p2a: Electivire
|
|upkeep
|turn|9
|
|t:|1779632395
|move|p2a: Electivire|Knock Off|p1a: Golem
|-damage|p1a: Golem|0 fnt
|faint|p1a: Golem
|
|upkeep
|
|t:|1779632400
|switch|p1a: Infernape|Infernape, F|100/100
|turn|10
|
|t:|1779632408
|move|p1a: Infernape|Fire Punch|p2a: Electivire
|-damage|p2a: Electivire|33/100
|move|p2a: Electivire|Earthquake|p1a: Infernape
|-supereffective|p1a: Infernape
|-damage|p1a: Infernape|0 fnt
|faint|p1a: Infernape
|
|upkeep
|
|t:|1779632426
|switch|p1a: Snorlax|Snorlax, F|88/100
|turn|11
|
|t:|1779632429
|move|p2a: Electivire|Knock Off|p1a: Snorlax
|-damage|p1a: Snorlax|58/100
|-enditem|p1a: Snorlax|Sitrus Berry|[from] move: Knock Off|[of] p2a: Electivire
|move|p1a: Snorlax|Earthquake|p2a: Electivire
|-supereffective|p2a: Electivire
|-damage|p2a: Electivire|0 fnt
|faint|p2a: Electivire
|
|upkeep
|
|t:|1779632447
|switch|p2a: Metagross|Metagross, shiny|100/100
|-item|p2a: Metagross|Air Balloon
|turn|12
|
|t:|1779632456
|move|p2a: Metagross|Iron Head|p1a: Snorlax
|-damage|p1a: Snorlax|16/100
|cant|p1a: Snorlax|flinch
|
|upkeep
|turn|13
|
|t:|1779632461
|move|p2a: Metagross|Iron Head|p1a: Snorlax
|-damage|p1a: Snorlax|0 fnt
|faint|p1a: Snorlax
|
|upkeep
|
|t:|1779632466
|switch|p1a: Drednaw|Drednaw, F|100/100
|turn|14
|
|t:|1779632473
|move|p1a: Drednaw|Shell Smash|p1a: Drednaw
|-unboost|p1a: Drednaw|def|1
|-unboost|p1a: Drednaw|spd|1
|-boost|p1a: Drednaw|atk|2
|-boost|p1a: Drednaw|spa|2
|-boost|p1a: Drednaw|spe|2
|-enditem|p1a: Drednaw|White Herb
|-clearnegativeboost|p1a: Drednaw|[silent]
|move|p2a: Metagross|Iron Head|p1a: Drednaw
|-damage|p1a: Drednaw|49/100
|
|upkeep
|turn|15
|
|t:|1779632482
|switch|p2a: Alomomola|Alomomola, M|100/100
|move|p1a: Drednaw|Jaw Lock|p2a: Alomomola
|-damage|p2a: Alomomola|56/100
|-activate|p1a: Drednaw|trapped
|-activate|p2a: Alomomola|trapped
|
|upkeep
|turn|16
|
|t:|1779632490
|move|p1a: Drednaw|Shell Smash|p1a: Drednaw
|-unboost|p1a: Drednaw|def|1
|-unboost|p1a: Drednaw|spd|1
|-boost|p1a: Drednaw|atk|2
|-boost|p1a: Drednaw|spa|2
|-boost|p1a: Drednaw|spe|2
|move|p2a: Alomomola|Wish|p2a: Alomomola
|
|upkeep
|turn|17
|
|t:|1779632496
|move|p1a: Drednaw|Jaw Lock|p2a: Alomomola
|-damage|p2a: Alomomola|0 fnt
|faint|p2a: Alomomola
|
|upkeep
|
|t:|1779632498
|switch|p2a: Glimmora|Glimmora, M|100/100
|turn|18
|
|t:|1779632506
|move|p1a: Drednaw|Liquidation|p2a: Glimmora
|-supereffective|p2a: Glimmora
|-enditem|p2a: Glimmora|Focus Sash
|-damage|p2a: Glimmora|1/100
|-activate|p2a: Glimmora|ability: Toxic Debris
|-sidestart|p1: KenjiShiguma|move: Toxic Spikes
|move|p2a: Glimmora|Earth Power|p1a: Drednaw
|-supereffective|p1a: Drednaw
|-damage|p1a: Drednaw|0 fnt
|faint|p1a: Drednaw
|
|upkeep
|
|t:|1779632517
|switch|p1a: Oricorio|Oricorio-Sensu, M|100/100
|turn|19
|
|t:|1779632521
|move|p2a: Glimmora|Power Gem|p1a: Oricorio
|-supereffective|p1a: Oricorio
|-damage|p1a: Oricorio|0 fnt
|faint|p1a: Oricorio
|
|win|ajax inferno
|raw|KenjiShiguma's rating: 1216 &rarr; <strong>1188</strong><br />(-28 for losing)
|raw|ajax inferno's rating: 1171 &rarr; <strong>1199</strong><br />(+28 for winning)
|l|☆ajax inferno
|player|p2|
|l|☆KenjiShiguma
|player|p1|
