|j|☆Usual Used?
|j|☆frostedcatcookie
|t:|1779610340
|gametype|singles
|player|p1|Usual Used?|waitress-gen4|1269
|player|p2|frostedcatcookie|2|1310
|gen|9
|tier|[Gen 9] OU
|rated|
|rule|HP Percentage Mod: HP is shown in percentages
|rule|Endless Battle Clause: Forcing endless battles is banned
|rule|Species Clause: Limit one of each Pokémon
|rule|OHKO Clause: OHKO moves are banned
|rule|Evasion Items Clause: Evasion items are banned
|rule|Evasion Moves Clause: Evasion moves are banned
|rule|Evasion Abilities Clause: Evasion abilities are banned
|rule|Sleep Moves Clause: Sleep-inducing moves are banned
|clearpoke
|poke|p1|Scizor, F|
|poke|p1|Latios, M|
|poke|p1|Sandy Shocks|
|poke|p1|Manaphy|
|poke|p1|Iron Valiant|
|poke|p1|Ogerpon, F|
|poke|p2|Kingambit, F|
|poke|p2|Hatterene, F|
|poke|p2|Garchomp, F|
|poke|p2|Dragonite, M|
|poke|p2|Cinderace, F|
|poke|p2|Scizor, M|
|teampreview
|inactive|Battle timer is ON: inactive players will automatically lose when time's up. (requested by Usual Used?)
|
|t:|1779610374
|teamsize|p1|6
|teamsize|p2|6
|start
|switch|p1a: Sandy Shocks|Sandy Shocks|100/100
|switch|p2a: Garchomp|Garchomp, F, shiny|100/100
|-enditem|p1a: Sandy Shocks|Booster Energy
|-activate|p1a: Sandy Shocks|ability: Protosynthesis|[fromitem]
|-start|p1a: Sandy Shocks|protosynthesisspe
|turn|1
|
|t:|1779610389
|move|p1a: Sandy Shocks|Earth Power|p2a: Garchomp
|-damage|p2a: Garchomp|50/100
|move|p2a: Garchomp|Stealth Rock|p1a: Sandy Shocks
|-sidestart|p1: Usual Used?|move: Stealth Rock
|
|upkeep
|turn|2
|
|t:|1779610399
|switch|p2a: Dragonite|Dragonite, M, shiny|100/100
|move|p1a: Sandy Shocks|Earth Power|p2a: Dragonite
|-immune|p2a: Dragonite
|
|upkeep
|turn|3
|
|t:|1779610408
|move|p2a: Dragonite|Extreme Speed|p1a: Sandy Shocks
|-damage|p1a: Sandy Shocks|52/100
|move|p1a: Sandy Shocks|Discharge|p2a: Dragonite
|-damage|p2a: Dragonite|80/100
|
|upkeep
|turn|4
|
|t:|1779610417
|move|p2a: Dragonite|Extreme Speed|p1a: Sandy Shocks
|-damage|p1a: Sandy Shocks|3/100
|move|p1a: Sandy Shocks|Discharge|p2a: Dragonite
|-damage|p2a: Dragonite|39/100
|-status|p2a: Dragonite|par
|
|upkeep
|turn|5
|
|t:|1779610426
|move|p2a: Dragonite|Extreme Speed|p1a: Sandy Shocks
|-damage|p1a: Sandy Shocks|0 fnt
|faint|p1a: Sandy Shocks
|-end|p1a: Sandy Shocks|Protosynthesis|[silent]
|
|upkeep
|
|t:|1779610449
|switch|p1a: Scizor|Scizor, F|100/100
|-damage|p1a: Scizor|88/100|[from] Stealth Rock
|turn|6
|
|t:|1779610457
|switch|p2a: Garchomp|Garchomp, F, shiny|50/100
|move|p1a: Scizor|Swords Dance|p1a: Scizor
|-boost|p1a: Scizor|atk|2
|
|upkeep
|turn|7
|
|t:|1779610468
|move|p1a: Scizor|Bullet Punch|p2a: Garchomp
|-damage|p2a: Garchomp|0 fnt
|-damage|p1a: Scizor|76/100|[from] ability: Rough Skin|[of] p2a: Garchomp
|faint|p2a: Garchomp
|
|upkeep
|
|t:|1779610477
|switch|p2a: ace|Cinderace, F, shiny|100/100
|turn|8
|
|t:|1779610485
|-terastallize|p1a: Scizor|Fire
|move|p2a: ace|Pyro Ball|p1a: Scizor
|-resisted|p1a: Scizor
|-damage|p1a: Scizor|49/100
|-enditem|p1a: Scizor|Sitrus Berry|[eat]
|-heal|p1a: Scizor|74/100|[from] item: Sitrus Berry
|move|p1a: Scizor|Close Combat|p2a: ace
|-damage|p2a: ace|0 fnt
|-unboost|p1a: Scizor|def|1
|-unboost|p1a: Scizor|spd|1
|faint|p2a: ace
|
|upkeep
|
|t:|1779610499
|switch|p2a: Dragonite|Dragonite, M, shiny|39/100 par
|turn|9
|
|t:|1779610505
|cant|p2a: Dragonite|par
|move|p1a: Scizor|Bullet Punch|p2a: Dragonite
|-damage|p2a: Dragonite|0 fnt
|faint|p2a: Dragonite
|
|upkeep
|
|t:|1779610512
|switch|p2a: Scizor|Scizor, M, shiny|100/100
|turn|10
|
|t:|1779610525
|move|p2a: Scizor|Close Combat|p1a: Scizor
|-damage|p1a: Scizor|15/100
|-unboost|p2a: Scizor|def|1
|-unboost|p2a: Scizor|spd|1
|move|p1a: Scizor|Close Combat|p2a: Scizor
|-damage|p2a: Scizor|0 fnt
|-unboost|p1a: Scizor|def|1
|-unboost|p1a: Scizor|spd|1
|faint|p2a: Scizor
|
|upkeep
|
|t:|1779610539
|switch|p2a: Hatterene|Hatterene, F, shiny|100/100
|turn|11
|
|t:|1779610559
|-terastallize|p2a: Hatterene|Water
|move|p1a: Scizor|Knock Off|p2a: Hatterene
|-damage|p2a: Hatterene|42/100
|-enditem|p2a: Hatterene|Leftovers|[from] move: Knock Off|[of] p1a: Scizor
|move|p2a: Hatterene|Mystical Fire|p1a: Scizor
|-resisted|p1a: Scizor
|-damage|p1a: Scizor|0 fnt
|faint|p1a: Scizor
|
|upkeep
|
|t:|1779610582
|switch|p1a: Ogerpon|Ogerpon, F|100/100
|-damage|p1a: Ogerpon|88/100|[from] Stealth Rock
|turn|12
|
|t:|1779610599
|move|p1a: Ogerpon|Ivy Cudgel|p2a: Hatterene
|-supereffective|p2a: Hatterene
|-damage|p2a: Hatterene|0 fnt
|faint|p2a: Hatterene
|-damage|p1a: Ogerpon|78/100|[from] item: Life Orb
|
|upkeep
|
|t:|1779610606
|switch|p2a: bisharp pro max|Kingambit, F, shiny|100/100
|-activate|p2a: bisharp pro max|ability: Supreme Overlord
|-start|p2a: bisharp pro max|fallen5|[silent]
|turn|13
|
|t:|1779610612
|move|p2a: bisharp pro max|Sucker Punch||[still]
|-fail|p2a: bisharp pro max
|move|p1a: Ogerpon|Swords Dance|p1a: Ogerpon
|-boost|p1a: Ogerpon|atk|2
|
|upkeep
|turn|14
|
|t:|1779610618
|move|p2a: bisharp pro max|Sucker Punch||[still]
|-fail|p2a: bisharp pro max
|move|p1a: Ogerpon|Encore|p2a: bisharp pro max
|-start|p2a: bisharp pro max|Encore
|
|upkeep
|turn|15
|
|t:|1779610630
|move|p2a: bisharp pro max|Sucker Punch||[still]
|-fail|p2a: bisharp pro max
|move|p1a: Ogerpon|Swords Dance|p1a: Ogerpon
|-boost|p1a: Ogerpon|atk|2
|
|upkeep
|turn|16
|
|t:|1779610636
|move|p2a: bisharp pro max|Sucker Punch||[still]
|-fail|p2a: bisharp pro max
|move|p1a: Ogerpon|Swords Dance|p1a: Ogerpon
|-boost|p1a: Ogerpon|atk|2
|
|upkeep
|turn|17
|
|t:|1779610644
|move|p2a: bisharp pro max|Sucker Punch||[still]
|-fail|p2a: bisharp pro max
|move|p1a: Ogerpon|Swords Dance|p1a: Ogerpon
|-boost|p1a: Ogerpon|atk|0
|
|-end|p2a: bisharp pro max|Encore
|upkeep
|turn|18
|
|t:|1779610660
|move|p2a: bisharp pro max|Sucker Punch||[still]
|-fail|p2a: bisharp pro max
|move|p1a: Ogerpon|Encore|p2a: bisharp pro max
|-start|p2a: bisharp pro max|Encore
|
|upkeep
|turn|19
|
|t:|1779610666
|move|p2a: bisharp pro max|Sucker Punch||[still]
|-fail|p2a: bisharp pro max
|move|p1a: Ogerpon|Swords Dance|p1a: Ogerpon
|-boost|p1a: Ogerpon|atk|0
|
|upkeep
|turn|20
|
|t:|1779610673
|move|p2a: bisharp pro max|Sucker Punch||[still]
|-fail|p2a: bisharp pro max
|move|p1a: Ogerpon|Swords Dance|p1a: Ogerpon
|-boost|p1a: Ogerpon|atk|0
|
|-end|p2a: bisharp pro max|Encore
|upkeep
|turn|21
|
|t:|1779610684
|move|p1a: Ogerpon|Ivy Cudgel|p2a: bisharp pro max
|-resisted|p2a: bisharp pro max
|-damage|p2a: bisharp pro max|5/100
|-damage|p1a: Ogerpon|68/100|[from] item: Life Orb
|move|p2a: bisharp pro max|Kowtow Cleave|p1a: Ogerpon
|-damage|p1a: Ogerpon|0 fnt
|faint|p1a: Ogerpon
|
|upkeep
|
|t:|1779610692
|switch|p1a: Iron Valiant|Iron Valiant|100/100
|-damage|p1a: Iron Valiant|94/100|[from] Stealth Rock
|-enditem|p1a: Iron Valiant|Booster Energy
|-activate|p1a: Iron Valiant|ability: Quark Drive|[fromitem]
|-start|p1a: Iron Valiant|quarkdrivespe
|turn|22
|
|t:|1779610699
|move|p1a: Iron Valiant|Moonblast|p2a: bisharp pro max
|-damage|p2a: bisharp pro max|0 fnt
|faint|p2a: bisharp pro max
|-end|p2a: bisharp pro max|fallen5|[silent]
|
|win|Usual Used?
|raw|Usual Used?'s rating: 1269 &rarr; <strong>1297</strong><br />(+28 for winning)
|raw|frostedcatcookie's rating: 1310 &rarr; <strong>1288</strong><br />(-22 for losing)
