|j|☆storklo
|j|☆Jewgi_moto
|t:|1779682665
|gametype|singles
|player|p1|storklo|102|1536
|player|p2|Jewgi_moto|266|1431
|gen|9
|tier|[Gen 9] OU
|rated|
|rule|HP Percentage Mod: HP is shown in percentages
|rule|Endless Battle Clause: Forcing endless battles is banned
|rule|Species Clause: Limit one of each Pokémon
|rule|OHKO Clause: OHKO moves are banned
|rule|Evasion Items Clause: Evasion items are banned
|rule|Evasion Moves Clause: Evasion moves are banned
|rule|Evasion Abilities Clause: Evasion abilities are banned
|rule|Sleep Moves Clause: Sleep-inducing moves are banned
|clearpoke
|poke|p1|Dragapult, F|
|poke|p1|Gliscor, M|
|poke|p1|Ogerpon-Wellspring, F|
|poke|p1|Iron Crown|
|poke|p1|Ting-Lu|
|poke|p1|Kingambit, F|
|poke|p2|Volcanion|
|poke|p2|Moltres|
|poke|p2|Cinderace, M|
|poke|p2|Zamazenta-*|
|poke|p2|Dragonite, M|
|poke|p2|Hoopa-Unbound|
|teampreview
|inactive|Battle timer is ON: inactive players will automatically lose when time's up. (requested by storklo)
|
|t:|1779682671
|teamsize|p1|6
|teamsize|p2|6
|start
|switch|p1a: Dragapult|Dragapult, F|100/100
|switch|p2a: Hoopa|Hoopa-Unbound|100/100
|turn|1
|
|t:|1779682676
|switch|p1a: Ting-Lu|Ting-Lu|100/100
|-ability|p1a: Ting-Lu|Vessel of Ruin
|move|p2a: Hoopa|Knock Off|p1a: Ting-Lu
|-resisted|p1a: Ting-Lu
|-damage|p1a: Ting-Lu|86/100
|-damage|p2a: Hoopa|84/100|[from] item: Rocky Helmet|[of] p1a: Ting-Lu
|-enditem|p1a: Ting-Lu|Rocky Helmet|[from] move: Knock Off|[of] p2a: Hoopa
|
|upkeep
|turn|2
|
|t:|1779682687
|switch|p2a: Moltres|Moltres|100/100
|move|p1a: Ting-Lu|Ruination|p2a: Moltres
|-damage|p2a: Moltres|51/100
|
|upkeep
|turn|3
|
|t:|1779682698
|switch|p1a: Gliscor|Gliscor, M|100/100
|move|p2a: Moltres|Will-O-Wisp|p1a: Gliscor
|-status|p1a: Gliscor|brn
|
|-damage|p1a: Gliscor|94/100 brn|[from] brn
|upkeep
|turn|4
|
|t:|1779682705
|move|p1a: Gliscor|Toxic|p2a: Moltres
|-status|p2a: Moltres|tox
|move|p2a: Moltres|Hurricane|p1a: Gliscor
|-damage|p1a: Gliscor|55/100 brn
|
|-damage|p2a: Moltres|45/100 tox|[from] psn
|-damage|p1a: Gliscor|49/100 brn|[from] brn
|upkeep
|turn|5
|
|t:|1779682720
|switch|p1a: Ting-Lu|Ting-Lu|86/100
|-ability|p1a: Ting-Lu|Vessel of Ruin
|move|p2a: Moltres|Roost|p2a: Moltres
|-heal|p2a: Moltres|95/100 tox
|-singleturn|p2a: Moltres|move: Roost
|
|-damage|p2a: Moltres|83/100 tox|[from] psn
|upkeep
|turn|6
|
|t:|1779682728
|switch|p1a: Gliscor|Gliscor, M|49/100 brn
|move|p2a: Moltres|Will-O-Wisp|p1a: Gliscor
|-fail|p1a: Gliscor|brn
|
|-damage|p2a: Moltres|65/100 tox|[from] psn
|-damage|p1a: Gliscor|43/100 brn|[from] brn
|upkeep
|turn|7
|
|t:|1779682730
|move|p1a: Gliscor|Toxic Spikes|p2a: Moltres
|-sidestart|p2: Jewgi_moto|move: Toxic Spikes
|move|p2a: Moltres|Roost|p2a: Moltres
|-heal|p2a: Moltres|100/100 tox
|-singleturn|p2a: Moltres|move: Roost
|
|-damage|p2a: Moltres|76/100 tox|[from] psn
|-damage|p1a: Gliscor|36/100 brn|[from] brn
|upkeep
|turn|8
|
|t:|1779682737
|move|p1a: Gliscor|Toxic Spikes|p2a: Moltres
|-sidestart|p2: Jewgi_moto|move: Toxic Spikes
|move|p2a: Moltres|Hurricane|p1a: Gliscor
|-damage|p1a: Gliscor|0 fnt
|faint|p1a: Gliscor
|
|-damage|p2a: Moltres|46/100 tox|[from] psn
|upkeep
|
|t:|1779682740
|switch|p1a: Ogerpon|Ogerpon-Wellspring, F|100/100
|turn|9
|
|t:|1779682747
|move|p1a: Ogerpon|Ivy Cudgel|p2a: Moltres|[anim] Ivy Cudgel Water
|-supereffective|p2a: Moltres
|-damage|p2a: Moltres|0 fnt
|faint|p2a: Moltres
|
|upkeep
|
|t:|1779682753
|switch|p2a: Cinderace|Cinderace, M, shiny|100/100
|turn|10
|
|t:|1779682757
|move|p2a: Cinderace|Court Change|p2a: Cinderace
|-start|p2a: Cinderace|typechange|Normal|[from] ability: Libero
|-swapsideconditions
|-activate|p2a: Cinderace|move: Court Change
|move|p1a: Ogerpon|Ivy Cudgel|p2a: Cinderace|[anim] Ivy Cudgel Water
|-damage|p2a: Cinderace|15/100
|
|upkeep
|turn|11
|
|t:|1779682767
|move|p2a: Cinderace|U-turn|p1a: Ogerpon
|-supereffective|p1a: Ogerpon
|-damage|p1a: Ogerpon|38/100
|
|t:|1779682769
|switch|p2a: Volcanion|Volcanion|100/100|[from] U-turn
|move|p1a: Ogerpon|U-turn|p2a: Volcanion
|-resisted|p2a: Volcanion
|-damage|p2a: Volcanion|89/100
|
|t:|1779682777
|switch|p1a: Ting-Lu|Ting-Lu|86/100|[from] U-turn
|-status|p1a: Ting-Lu|tox
|-ability|p1a: Ting-Lu|Vessel of Ruin
|
|-damage|p1a: Ting-Lu|80/100 tox|[from] psn
|upkeep
|turn|12
|
|t:|1779682782
|move|p1a: Ting-Lu|Stealth Rock|p2a: Volcanion
|-sidestart|p2: Jewgi_moto|move: Stealth Rock
|move|p2a: Volcanion|Steam Eruption|p1a: Ting-Lu
|-supereffective|p1a: Ting-Lu
|-damage|p1a: Ting-Lu|14/100 tox
|
|-damage|p1a: Ting-Lu|2/100 tox|[from] psn
|upkeep
|turn|13
|
|t:|1779682792
|switch|p2a: Zamazenta|Zamazenta|100/100
|-damage|p2a: Zamazenta|94/100|[from] Stealth Rock
|-ability|p2a: Zamazenta|Dauntless Shield|boost
|-boost|p2a: Zamazenta|def|1
|move|p1a: Ting-Lu|Ruination|p2a: Zamazenta
|-damage|p2a: Zamazenta|48/100
|
|-heal|p2a: Zamazenta|54/100|[from] item: Leftovers
|-damage|p1a: Ting-Lu|0 fnt|[from] psn
|faint|p1a: Ting-Lu
|upkeep
|
|t:|1779682813
|switch|p1a: Dragapult|Dragapult, F|100/100
|turn|14
|
|t:|1779682820
|move|p1a: Dragapult|Will-O-Wisp|p2a: Zamazenta
|-status|p2a: Zamazenta|brn
|move|p2a: Zamazenta|Light Screen|p2a: Zamazenta
|-sidestart|p2: Jewgi_moto|move: Light Screen
|
|-heal|p2a: Zamazenta|60/100 brn|[from] item: Leftovers
|-damage|p2a: Zamazenta|54/100 brn|[from] brn
|upkeep
|turn|15
|
|t:|1779682827
|switch|p2a: Hoopa|Hoopa-Unbound|84/100
|-damage|p2a: Hoopa|72/100|[from] Stealth Rock
|move|p1a: Dragapult|Hex|p2a: Hoopa
|-damage|p2a: Hoopa|47/100
|
|upkeep
|turn|16
|
|t:|1779682833
|switch|p1a: Kingambit|Kingambit, F|100/100
|-activate|p1a: Kingambit|ability: Supreme Overlord
|-start|p1a: Kingambit|fallen2|[silent]
|move|p2a: Hoopa|Trick|p1a: Kingambit
|-activate|p2a: Hoopa|move: Trick|[of] p1a: Kingambit
|-item|p1a: Kingambit|Choice Scarf|[from] move: Trick
|-item|p2a: Hoopa|Leftovers|[from] move: Trick
|
|-heal|p2a: Hoopa|53/100|[from] item: Leftovers
|upkeep
|turn|17
|
|t:|1779682843
|switch|p2a: Zamazenta|Zamazenta|54/100 brn
|-damage|p2a: Zamazenta|48/100 brn|[from] Stealth Rock
|-end|p1a: Kingambit|fallen2|[silent]
|switch|p1a: Dragapult|Dragapult, F|100/100
|
|-heal|p2a: Zamazenta|54/100 brn|[from] item: Leftovers
|-damage|p2a: Zamazenta|48/100 brn|[from] brn
|upkeep
|turn|18
|
|t:|1779682855
|move|p1a: Dragapult|Hex|p2a: Zamazenta
|-damage|p2a: Zamazenta|2/100 brn
|move|p2a: Zamazenta|Substitute|p2a: Zamazenta
|-fail|p2a: Zamazenta|move: Substitute|[weak]
|
|-heal|p2a: Zamazenta|8/100 brn|[from] item: Leftovers
|-damage|p2a: Zamazenta|2/100 brn|[from] brn
|-sideend|p2: Jewgi_moto|move: Light Screen
|upkeep
|turn|19
|
|t:|1779682860
|move|p1a: Dragapult|Hex|p2a: Zamazenta
|-damage|p2a: Zamazenta|0 fnt
|faint|p2a: Zamazenta
|
|upkeep
|
|t:|1779682868
|switch|p2a: Hoopa|Hoopa-Unbound|53/100
|-damage|p2a: Hoopa|41/100|[from] Stealth Rock
|turn|20
|
|t:|1779682872
|move|p1a: Dragapult|U-turn|p2a: Hoopa
|-supereffective|p2a: Hoopa
|-damage|p2a: Hoopa|0 fnt
|faint|p2a: Hoopa
|
|t:|1779682880
|switch|p1a: Iron Crown|Iron Crown|100/100|[from] U-turn
|-enditem|p1a: Iron Crown|Booster Energy
|-activate|p1a: Iron Crown|ability: Quark Drive|[fromitem]
|-start|p1a: Iron Crown|quarkdrivespe
|
|upkeep
|
|t:|1779682886
|switch|p2a: Volcanion|Volcanion|89/100
|-damage|p2a: Volcanion|64/100|[from] Stealth Rock
|turn|21
|
|t:|1779682893
|move|p1a: Iron Crown|Calm Mind|p1a: Iron Crown
|-boost|p1a: Iron Crown|spa|1
|-boost|p1a: Iron Crown|spd|1
|move|p2a: Volcanion|Fire Blast|p1a: Iron Crown
|-supereffective|p1a: Iron Crown
|-damage|p1a: Iron Crown|25/100
|
|upkeep
|turn|22
|
|t:|1779682912
|move|p1a: Iron Crown|Psychic|p2a: Volcanion
|-damage|p2a: Volcanion|23/100
|move|p2a: Volcanion|Earth Power|p1a: Iron Crown
|-supereffective|p1a: Iron Crown
|-damage|p1a: Iron Crown|0 fnt
|faint|p1a: Iron Crown
|-end|p1a: Iron Crown|Quark Drive|[silent]
|
|upkeep
|
|t:|1779682919
|switch|p1a: Dragapult|Dragapult, F|100/100
|turn|23
|
|t:|1779682923
|move|p1a: Dragapult|Dragon Darts|p2a: Volcanion
|-crit|p2a: Volcanion
|-damage|p2a: Volcanion|0 fnt
|faint|p2a: Volcanion
|
|upkeep
|
|t:|1779682926
|switch|p2a: Dragonite|Dragonite, M, shiny|100/100
|turn|24
|
|t:|1779682929
|-terastallize|p2a: Dragonite|Normal
|move|p1a: Dragapult|Will-O-Wisp|p2a: Dragonite
|-status|p2a: Dragonite|brn
|move|p2a: Dragonite|Dragon Dance|p2a: Dragonite
|-boost|p2a: Dragonite|atk|1
|-boost|p2a: Dragonite|spe|1
|
|-damage|p2a: Dragonite|94/100 brn|[from] brn
|upkeep
|turn|25
|
|t:|1779682938
|move|p1a: Dragapult|Dragon Darts|p2a: Dragonite
|-damage|p2a: Dragonite|73/100 brn
|-anim|p1a: Dragapult|Dragon Darts|p2a: Dragonite
|-damage|p2a: Dragonite|52/100 brn
|move|p2a: Dragonite|Dragon Dance|p2a: Dragonite
|-boost|p2a: Dragonite|atk|1
|-boost|p2a: Dragonite|spe|1
|
|-damage|p2a: Dragonite|45/100 brn|[from] brn
|upkeep
|turn|26
|
|t:|1779682945
|move|p2a: Dragonite|Roost|p2a: Dragonite
|-heal|p2a: Dragonite|96/100 brn
|move|p1a: Dragapult|Dragon Darts|p2a: Dragonite
|-damage|p2a: Dragonite|74/100 brn
|-anim|p1a: Dragapult|Dragon Darts|p2a: Dragonite
|-damage|p2a: Dragonite|53/100 brn
|
|-damage|p2a: Dragonite|47/100 brn|[from] brn
|upkeep
|turn|27
|
|t:|1779682960
|move|p2a: Dragonite|Roost|p2a: Dragonite
|-heal|p2a: Dragonite|97/100 brn
|move|p1a: Dragapult|U-turn|p2a: Dragonite
|-damage|p2a: Dragonite|76/100 brn
|
|t:|1779682962
|switch|p1a: Kingambit|Kingambit, F|100/100|[from] U-turn
|-activate|p1a: Kingambit|ability: Supreme Overlord
|-start|p1a: Kingambit|fallen3|[silent]
|
|-damage|p2a: Dragonite|70/100 brn|[from] brn
|upkeep
|turn|28
|
|t:|1779682973
|move|p2a: Dragonite|Earthquake|p1a: Kingambit
|-supereffective|p1a: Kingambit
|-damage|p1a: Kingambit|45/100
|move|p1a: Kingambit|Low Kick|p2a: Dragonite
|-supereffective|p2a: Dragonite
|-damage|p2a: Dragonite|0 fnt
|faint|p2a: Dragonite
|
|upkeep
|
|t:|1779682975
|switch|p2a: Cinderace|Cinderace, M, shiny|15/100
|turn|29
|
|t:|1779682982
|move|p2a: Cinderace|Pyro Ball|p1a: Kingambit
|-supereffective|p1a: Kingambit
|-damage|p1a: Kingambit|0 fnt
|faint|p1a: Kingambit
|-end|p1a: Kingambit|fallen3|[silent]
|
|upkeep
|
|t:|1779682986
|switch|p1a: Dragapult|Dragapult, F|100/100
|turn|30
|
|t:|1779682990
|move|p1a: Dragapult|Dragon Darts|p2a: Cinderace
|-damage|p2a: Cinderace|0 fnt
|faint|p2a: Cinderace
|
|win|storklo
|raw|storklo's rating: 1536 &rarr; <strong>1551</strong><br />(+15 for winning)
|raw|Jewgi_moto's rating: 1453 &rarr; <strong>1438</strong><br />(-15 for losing)
|l|☆Jewgi_moto
|player|p2|
|l|☆storklo
|player|p1|
