|j|☆Fortune 0
|j|☆Orangsaltogu2
|t:|1779707234
|gametype|singles
|player|p1|Fortune 0|unknown|1117
|player|p2|Orangsaltogu2|backers|1174
|gen|9
|tier|[Gen 9] OU
|rated|
|rule|HP Percentage Mod: HP is shown in percentages
|rule|Endless Battle Clause: Forcing endless battles is banned
|rule|Species Clause: Limit one of each Pokémon
|rule|OHKO Clause: OHKO moves are banned
|rule|Evasion Items Clause: Evasion items are banned
|rule|Evasion Moves Clause: Evasion moves are banned
|rule|Evasion Abilities Clause: Evasion abilities are banned
|rule|Sleep Moves Clause: Sleep-inducing moves are banned
|clearpoke
|poke|p1|Wo-Chien|
|poke|p1|Lycanroc-Midnight, F|
|poke|p1|Deoxys-Speed|
|poke|p1|Zoroark-Hisui, M|
|poke|p1|Diancie|
|poke|p1|Garchomp, M|
|poke|p2|Samurott-Hisui, F|
|poke|p2|Dragapult, F|
|poke|p2|Iron Valiant|
|poke|p2|Kingambit, F|
|poke|p2|Great Tusk|
|poke|p2|Raging Bolt|
|teampreview
|inactive|Battle timer is ON: inactive players will automatically lose when time's up. (requested by Fortune 0)
|
|t:|1779707247
|teamsize|p1|6
|teamsize|p2|6
|start
|switch|p1a: Deoxys|Deoxys-Speed, shiny|100/100
|switch|p2a: Samurott|Samurott-Hisui, F|100/100
|-ability|p1a: Deoxys|Pressure
|turn|1
|
|t:|1779707260
|move|p1a: Deoxys|Stealth Rock|p2a: Samurott
|-sidestart|p2: Orangsaltogu2|move: Stealth Rock
|move|p2a: Samurott|Ceaseless Edge|p1a: Deoxys
|-supereffective|p1a: Deoxys
|-enditem|p1a: Deoxys|Focus Sash
|-damage|p1a: Deoxys|1/100
|-sidestart|p1: Fortune 0|Spikes
|
|upkeep
|turn|2
|
|t:|1779707266
|move|p2a: Samurott|Aqua Jet|p1a: Deoxys
|-damage|p1a: Deoxys|0 fnt
|faint|p1a: Deoxys
|
|upkeep
|
|t:|1779707280
|switch|p1a: Wo-Chien|Wo-Chien, shiny|100/100
|-damage|p1a: Wo-Chien|88/100|[from] Spikes
|-ability|p1a: Wo-Chien|Tablets of Ruin
|turn|3
|
|t:|1779707286
|move|p2a: Samurott|Ceaseless Edge|p1a: Wo-Chien
|-resisted|p1a: Wo-Chien
|-damage|p1a: Wo-Chien|75/100
|-sidestart|p1: Fortune 0|Spikes
|move|p1a: Wo-Chien|Leech Seed|p2a: Samurott
|-start|p2a: Samurott|move: Leech Seed
|
|-damage|p2a: Samurott|88/100|[from] Leech Seed|[of] p1a: Wo-Chien
|-heal|p1a: Wo-Chien|89/100|[silent]
|upkeep
|turn|4
|
|t:|1779707296
|switch|p2a: Great Tusk|Great Tusk|100/100
|-damage|p2a: Great Tusk|98/100|[from] Stealth Rock
|move|p1a: Wo-Chien|Ingrain|p1a: Wo-Chien
|-start|p1a: Wo-Chien|move: Ingrain
|
|-heal|p2a: Great Tusk|100/100|[from] item: Leftovers
|-heal|p1a: Wo-Chien|97/100|[from] Ingrain
|upkeep
|turn|5
|
|t:|1779707312
|move|p2a: Great Tusk|Rapid Spin|p1a: Wo-Chien
|-damage|p1a: Wo-Chien|87/100
|-boost|p2a: Great Tusk|spe|1
|-sideend|p2: Orangsaltogu2|Stealth Rock|[from] move: Rapid Spin|[of] p2a: Great Tusk
|move|p1a: Wo-Chien|Leech Seed|p2a: Great Tusk
|-start|p2a: Great Tusk|move: Leech Seed
|
|-heal|p1a: Wo-Chien|95/100|[from] Ingrain
|-damage|p2a: Great Tusk|88/100|[from] Leech Seed|[of] p1a: Wo-Chien
|-heal|p1a: Wo-Chien|100/100|[silent]
|upkeep
|turn|6
|
|t:|1779707323
|move|p2a: Great Tusk|Stealth Rock|p1a: Wo-Chien
|-sidestart|p1: Fortune 0|move: Stealth Rock
|move|p1a: Wo-Chien|Giga Drain|p2a: Great Tusk
|-supereffective|p2a: Great Tusk
|-damage|p2a: Great Tusk|18/100
|
|-heal|p2a: Great Tusk|24/100|[from] item: Leftovers
|-damage|p2a: Great Tusk|11/100|[from] Leech Seed|[of] p1a: Wo-Chien
|upkeep
|turn|7
|
|t:|1779707338
|-end|p2a: Great Tusk|Protosynthesis|[silent]
|switch|p2a: Dragapult|Dragapult, F|100/100
|move|p1a: Wo-Chien|Leech Seed|p2a: Dragapult
|-start|p2a: Dragapult|move: Leech Seed
|
|-damage|p2a: Dragapult|88/100|[from] Leech Seed|[of] p1a: Wo-Chien
|upkeep
|turn|8
|
|t:|1779707348
|move|p2a: Dragapult|Flamethrower|p1a: Wo-Chien
|-supereffective|p1a: Wo-Chien
|-damage|p1a: Wo-Chien|70/100
|move|p1a: Wo-Chien|Giga Drain|p2a: Dragapult
|-resisted|p2a: Dragapult
|-damage|p2a: Dragapult|72/100
|-heal|p1a: Wo-Chien|79/100|[from] drain|[of] p2a: Dragapult
|
|-heal|p2a: Dragapult|78/100|[from] item: Leftovers
|-heal|p1a: Wo-Chien|87/100|[from] Ingrain
|-damage|p2a: Dragapult|65/100|[from] Leech Seed|[of] p1a: Wo-Chien
|-heal|p1a: Wo-Chien|100/100|[silent]
|upkeep
|turn|9
|
|t:|1779707368
|move|p1a: Wo-Chien|Giga Drain|p2a: Dragapult
|-resisted|p2a: Dragapult
|-damage|p2a: Dragapult|50/100
|move|p2a: Dragapult|Dragon Tail|p1a: Wo-Chien
|-damage|p1a: Wo-Chien|87/100
|-activate|p1a: Wo-Chien|move: Ingrain
|
|-heal|p2a: Dragapult|56/100|[from] item: Leftovers
|-heal|p1a: Wo-Chien|95/100|[from] Ingrain
|-damage|p2a: Dragapult|43/100|[from] Leech Seed|[of] p1a: Wo-Chien
|-heal|p1a: Wo-Chien|100/100|[silent]
|upkeep
|turn|10
|c|☆Fortune 0|Believe it or not everybody who can, tries that
|
|t:|1779707391
|move|p2a: Dragapult|Flamethrower|p1a: Wo-Chien
|-supereffective|p1a: Wo-Chien
|-damage|p1a: Wo-Chien|70/100
|-status|p1a: Wo-Chien|brn
|move|p1a: Wo-Chien|Giga Drain|p2a: Dragapult
|-resisted|p2a: Dragapult
|-damage|p2a: Dragapult|27/100
|-heal|p1a: Wo-Chien|79/100 brn|[from] drain|[of] p2a: Dragapult
|
|-heal|p2a: Dragapult|33/100|[from] item: Leftovers
|-heal|p1a: Wo-Chien|87/100 brn|[from] Ingrain
|-damage|p2a: Dragapult|21/100|[from] Leech Seed|[of] p1a: Wo-Chien
|-heal|p1a: Wo-Chien|100/100 brn|[silent]
|-damage|p1a: Wo-Chien|94/100 brn|[from] brn
|upkeep
|turn|11
|inactive|Fortune 0 has 120 seconds left.
|
|t:|1779707410
|-terastallize|p2a: Dragapult|Ghost
|move|p2a: Dragapult|Shadow Ball|p1a: Wo-Chien
|-resisted|p1a: Wo-Chien
|-damage|p1a: Wo-Chien|82/100 brn
|-unboost|p1a: Wo-Chien|spd|1
|move|p1a: Wo-Chien|Grassy Terrain|p1a: Wo-Chien
|-fieldstart|move: Grassy Terrain
|
|-heal|p2a: Dragapult|27/100|[from] Grassy Terrain
|-heal|p2a: Dragapult|33/100|[from] item: Leftovers
|-heal|p1a: Wo-Chien|88/100 brn|[from] Grassy Terrain
|-heal|p1a: Wo-Chien|96/100 brn|[from] Ingrain
|-damage|p2a: Dragapult|21/100|[from] Leech Seed|[of] p1a: Wo-Chien
|-heal|p1a: Wo-Chien|100/100 brn|[silent]
|-damage|p1a: Wo-Chien|94/100 brn|[from] brn
|upkeep
|turn|12
|inactive|Fortune 0 has 120 seconds left.
|
|t:|1779707427
|move|p2a: Dragapult|Flamethrower|p1a: Wo-Chien
|-supereffective|p1a: Wo-Chien
|-damage|p1a: Wo-Chien|45/100 brn
|move|p1a: Wo-Chien|Giga Drain|p2a: Dragapult
|-damage|p2a: Dragapult|0 fnt
|-heal|p1a: Wo-Chien|56/100 brn|[from] drain|[of] p2a: Dragapult
|faint|p2a: Dragapult
|
|-heal|p1a: Wo-Chien|63/100 brn|[from] Grassy Terrain
|-heal|p1a: Wo-Chien|71/100 brn|[from] Ingrain
|-damage|p1a: Wo-Chien|64/100 brn|[from] brn
|upkeep
|
|t:|1779707434
|switch|p2a: Iron Valiant|Iron Valiant|100/100
|-enditem|p2a: Iron Valiant|Booster Energy
|-activate|p2a: Iron Valiant|ability: Quark Drive|[fromitem]
|-start|p2a: Iron Valiant|quarkdrivespe
|turn|13
|
|t:|1779707440
|move|p2a: Iron Valiant|Moonblast|p1a: Wo-Chien
|-supereffective|p1a: Wo-Chien
|-damage|p1a: Wo-Chien|0 fnt
|faint|p1a: Wo-Chien
|
|upkeep
|inactive|Fortune 0 has 120 seconds left.
|
|t:|1779707452
|switch|p1a: Lycanroc|Lycanroc-Midnight, F, shiny|100/100
|-damage|p1a: Lycanroc|84/100|[from] Spikes
|-damage|p1a: Lycanroc|71/100|[from] Stealth Rock
|turn|14
|
|t:|1779707459
|move|p2a: Iron Valiant|Close Combat|p1a: Lycanroc
|-immune|p1a: Lycanroc
|move|p1a: Lycanroc|Bitter Malice|p2a: Iron Valiant
|-damage|p2a: Iron Valiant|30/100
|-unboost|p2a: Iron Valiant|atk|1
|
|-heal|p2a: Iron Valiant|36/100|[from] Grassy Terrain
|-heal|p1a: Lycanroc|77/100|[from] Grassy Terrain
|upkeep
|turn|15
|
|t:|1779707475
|move|p2a: Iron Valiant|Moonblast|p1a: Lycanroc
|-damage|p1a: Lycanroc|0 fnt
|replace|p1a: Zoroark|Zoroark-Hisui, M, shiny
|-end|p1a: Zoroark|Illusion
|faint|p1a: Zoroark
|
|-heal|p2a: Iron Valiant|42/100|[from] Grassy Terrain
|-fieldend|move: Grassy Terrain
|upkeep
|
|t:|1779707482
|switch|p1a: Diancie|Diancie, shiny|100/100
|-damage|p1a: Diancie|84/100|[from] Spikes
|-damage|p1a: Diancie|72/100|[from] Stealth Rock
|turn|16
|
|t:|1779707492
|move|p2a: Iron Valiant|Moonblast|p1a: Diancie
|-damage|p1a: Diancie|36/100
|move|p1a: Diancie|Calm Mind|p1a: Diancie
|-boost|p1a: Diancie|spa|1
|-boost|p1a: Diancie|spd|1
|
|upkeep
|turn|17
|
|t:|1779707501
|move|p2a: Iron Valiant|Moonblast|p1a: Diancie
|-damage|p1a: Diancie|9/100
|move|p1a: Diancie|Draining Kiss|p2a: Iron Valiant
|-supereffective|p2a: Iron Valiant
|-damage|p2a: Iron Valiant|0 fnt
|-heal|p1a: Diancie|39/100|[from] drain|[of] p2a: Iron Valiant
|faint|p2a: Iron Valiant
|-end|p2a: Iron Valiant|Quark Drive|[silent]
|-heal|p1a: Diancie|44/100|[from] item: Shell Bell|[of] p2: Iron Valiant
|
|upkeep
|
|t:|1779707510
|switch|p2a: Samurott|Samurott-Hisui, F|88/100
|turn|18
|
|t:|1779707515
|move|p2a: Samurott|Aqua Cutter|p1a: Diancie
|-supereffective|p1a: Diancie
|-damage|p1a: Diancie|0 fnt
|faint|p1a: Diancie
|
|upkeep
|
|t:|1779707520
|switch|p1a: Lycanroc|Lycanroc-Midnight, F, shiny|100/100
|-damage|p1a: Lycanroc|84/100|[from] Spikes
|-damage|p1a: Lycanroc|71/100|[from] Stealth Rock
|turn|19
|
|t:|1779707529
|move|p2a: Samurott|Aqua Cutter|p1a: Lycanroc
|-supereffective|p1a: Lycanroc
|-damage|p1a: Lycanroc|0 fnt
|faint|p1a: Lycanroc
|
|upkeep
|
|t:|1779707532
|switch|p1a: Garchomp|Garchomp, M, shiny|100/100
|-damage|p1a: Garchomp|84/100|[from] Spikes
|-damage|p1a: Garchomp|78/100|[from] Stealth Rock
|turn|20
|
|t:|1779707541
|-terastallize|p1a: Garchomp|Dragon
|move|p2a: Samurott|Aqua Cutter|p1a: Garchomp
|-resisted|p1a: Garchomp
|-damage|p1a: Garchomp|59/100
|move|p1a: Garchomp|Dragon Claw|p2a: Samurott
|-damage|p2a: Samurott|15/100
|
|upkeep
|turn|21
|
|t:|1779707556
|move|p2a: Samurott|Knock Off|p1a: Garchomp
|-damage|p1a: Garchomp|27/100
|-damage|p2a: Samurott|2/100|[from] ability: Rough Skin|[of] p1a: Garchomp
|-damage|p2a: Samurott|0 fnt|[from] item: Rocky Helmet|[of] p1a: Garchomp
|faint|p2a: Samurott
|move|p1a: Garchomp|Earthquake|p2: Samurott|[notarget]
|-fail|p1a: Garchomp
|
|upkeep
|
|t:|1779707566
|switch|p2a: Great Tusk|Great Tusk|11/100
|turn|22
|
|t:|1779707571
|move|p1a: Garchomp|Protect|p1a: Garchomp
|-singleturn|p1a: Garchomp|Protect
|move|p2a: Great Tusk|Earthquake|p1a: Garchomp
|-activate|p1a: Garchomp|move: Protect
|
|-heal|p2a: Great Tusk|18/100|[from] item: Leftovers
|upkeep
|turn|23
|
|t:|1779707580
|move|p1a: Garchomp|Liquidation|p2a: Great Tusk
|-supereffective|p2a: Great Tusk
|-damage|p2a: Great Tusk|0 fnt
|faint|p2a: Great Tusk
|-end|p2a: Great Tusk|Protosynthesis|[silent]
|
|upkeep
|
|t:|1779707583
|switch|p2a: Raging Bolt|Raging Bolt|100/100
|turn|24
|
|t:|1779707594
|move|p2a: Raging Bolt|Thunderclap|p1a: Garchomp
|-resisted|p1a: Garchomp
|-damage|p1a: Garchomp|4/100
|move|p1a: Garchomp|Dragon Claw|p2a: Raging Bolt
|-supereffective|p2a: Raging Bolt
|-damage|p2a: Raging Bolt|7/100
|
|-heal|p2a: Raging Bolt|13/100|[from] item: Leftovers
|upkeep
|turn|25
|
|t:|1779707602
|move|p1a: Garchomp|Protect|p1a: Garchomp
|-singleturn|p1a: Garchomp|Protect
|move|p2a: Raging Bolt|Thunderclap||[still]
|-fail|p2a: Raging Bolt
|
|-heal|p2a: Raging Bolt|19/100|[from] item: Leftovers
|upkeep
|turn|26
|
|t:|1779707607
|move|p1a: Garchomp|Protect|p1a: Garchomp
|-singleturn|p1a: Garchomp|Protect
|move|p2a: Raging Bolt|Thunderclap||[still]
|-fail|p2a: Raging Bolt
|
|-heal|p2a: Raging Bolt|25/100|[from] item: Leftovers
|upkeep
|turn|27
|
|t:|1779707612
|move|p1a: Garchomp|Protect|p1a: Garchomp
|-singleturn|p1a: Garchomp|Protect
|move|p2a: Raging Bolt|Thunderbolt|p1a: Garchomp
|-activate|p1a: Garchomp|move: Protect
|
|-heal|p2a: Raging Bolt|32/100|[from] item: Leftovers
|upkeep
|turn|28
|
|t:|1779707619
|move|p1a: Garchomp|Liquidation|p2a: Raging Bolt
|-resisted|p2a: Raging Bolt
|-crit|p2a: Raging Bolt
|-damage|p2a: Raging Bolt|14/100
|move|p2a: Raging Bolt|Calm Mind|p2a: Raging Bolt
|-boost|p2a: Raging Bolt|spa|1
|-boost|p2a: Raging Bolt|spd|1
|
|-heal|p2a: Raging Bolt|20/100|[from] item: Leftovers
|upkeep
|turn|29
|
|t:|1779707628
|move|p1a: Garchomp|Protect|p1a: Garchomp
|-singleturn|p1a: Garchomp|Protect
|move|p2a: Raging Bolt|Thunderclap||[still]
|-fail|p2a: Raging Bolt
|
|-heal|p2a: Raging Bolt|26/100|[from] item: Leftovers
|upkeep
|turn|30
|c|☆Fortune 0|I just hit a triple protect
|c|☆Fortune 0|Thats insane
|inactive|Fortune 0 has 120 seconds left.
|c|☆Fortune 0|And then i threw with a mis click
|
|t:|1779707674
|move|p1a: Garchomp|Protect||[still]
|-fail|p1a: Garchomp
|move|p2a: Raging Bolt|Thunderbolt|p1a: Garchomp
|-resisted|p1a: Garchomp
|-damage|p1a: Garchomp|0 fnt
|faint|p1a: Garchomp
|
|win|Orangsaltogu2
|raw|Fortune 0's rating: 1117 &rarr; <strong>1096</strong><br />(-21 for losing)
|raw|Orangsaltogu2's rating: 1174 &rarr; <strong>1195</strong><br />(+21 for winning)
|c|☆Orangsaltogu2|Gg
|c|☆Fortune 0|Gg
|l|☆Orangsaltogu2
|player|p2|
|l|☆Fortune 0
|player|p1|
