|j|☆Histriman
|j|☆KOSEKlBIJOU
|t:|1779718714
|gametype|singles
|player|p1|Histriman|alder|1214
|player|p2|KOSEKlBIJOU|red|1280
|gen|9
|tier|[Gen 9] OU
|rated|
|rule|HP Percentage Mod: HP is shown in percentages
|rule|Endless Battle Clause: Forcing endless battles is banned
|rule|Species Clause: Limit one of each Pokémon
|rule|OHKO Clause: OHKO moves are banned
|rule|Evasion Items Clause: Evasion items are banned
|rule|Evasion Moves Clause: Evasion moves are banned
|rule|Evasion Abilities Clause: Evasion abilities are banned
|rule|Sleep Moves Clause: Sleep-inducing moves are banned
|clearpoke
|poke|p1|Meowscarada, M|
|poke|p1|Dragapult, F|
|poke|p1|Great Tusk|
|poke|p1|Moltres|
|poke|p1|Slowking-Galar, M|
|poke|p1|Iron Valiant|
|poke|p2|Ribombee, F|
|poke|p2|Meloetta|
|poke|p2|Gholdengo|
|poke|p2|Great Tusk|
|poke|p2|Kingambit, M|
|poke|p2|Raging Bolt|
|teampreview
|
|t:|1779718718
|teamsize|p1|6
|teamsize|p2|6
|start
|switch|p1a: Zetsu|Meowscarada, M|100/100
|switch|p2a: Ribombee|Ribombee, F|100/100
|turn|1
|
|t:|1779718725
|move|p1a: Zetsu|Triple Axel|p2a: Ribombee|[miss]
|-start|p1a: Zetsu|typechange|Ice|[from] ability: Protean
|-miss|p1a: Zetsu|p2a: Ribombee
|move|p2a: Ribombee|Moonblast|p1a: Zetsu
|-damage|p1a: Zetsu|43/100
|
|upkeep
|turn|2
|
|t:|1779718738
|move|p1a: Zetsu|Triple Axel|p2a: Ribombee
|-damage|p2a: Ribombee|81/100
|-damage|p2a: Ribombee|41/100
|-damage|p2a: Ribombee|0 fnt
|faint|p2a: Ribombee
|-hitcount|p2: Ribombee|3
|
|upkeep
|
|t:|1779718742
|switch|p2a: Kingambit|Kingambit, M|100/100
|-activate|p2a: Kingambit|ability: Supreme Overlord
|-start|p2a: Kingambit|fallen1|[silent]
|turn|3
|
|t:|1779718749
|switch|p1a: Deidara|Moltres|100/100
|move|p2a: Kingambit|Swords Dance|p2a: Kingambit
|-boost|p2a: Kingambit|atk|2
|
|upkeep
|turn|4
|
|t:|1779718761
|move|p2a: Kingambit|Sucker Punch|p1a: Deidara
|-damage|p1a: Deidara|0 fnt
|faint|p1a: Deidara
|
|upkeep
|
|t:|1779718769
|switch|p1a: Nagato|Great Tusk|100/100
|-enditem|p1a: Nagato|Booster Energy
|-activate|p1a: Nagato|ability: Protosynthesis|[fromitem]
|-start|p1a: Nagato|protosynthesisatk
|turn|5
|
|t:|1779718788
|-terastallize|p2a: Kingambit|Fairy
|move|p1a: Nagato|Earthquake|p2a: Kingambit
|-damage|p2a: Kingambit|40/100
|move|p2a: Kingambit|Iron Head|p1a: Nagato
|-damage|p1a: Nagato|31/100
|
|upkeep
|turn|6
|
|t:|1779718796
|move|p2a: Kingambit|Sucker Punch|p1a: Nagato
|-resisted|p1a: Nagato
|-damage|p1a: Nagato|0 fnt
|faint|p1a: Nagato
|-end|p1a: Nagato|Protosynthesis|[silent]
|
|upkeep
|
|t:|1779718815
|switch|p1a: Kaguya|Iron Valiant, shiny|100/100
|-enditem|p1a: Kaguya|Booster Energy
|-activate|p1a: Kaguya|ability: Quark Drive|[fromitem]
|-start|p1a: Kaguya|quarkdrivespe
|turn|7
|
|t:|1779718827
|-end|p2a: Kingambit|fallen1|[silent]
|switch|p2a: Raging Bolt|Raging Bolt|100/100
|-terastallize|p1a: Kaguya|Steel
|move|p1a: Kaguya|Swords Dance|p1a: Kaguya
|-boost|p1a: Kaguya|atk|2
|
|upkeep
|turn|8
|
|t:|1779718836
|move|p1a: Kaguya|Spirit Break|p2a: Raging Bolt
|-supereffective|p2a: Raging Bolt
|-damage|p2a: Raging Bolt|0 fnt
|faint|p2a: Raging Bolt
|-end|p2a: Raging Bolt|Protosynthesis|[silent]
|
|upkeep
|
|t:|1779718843
|switch|p2a: Meloetta|Meloetta|100/100
|turn|9
|
|t:|1779718862
|move|p1a: Kaguya|Spirit Break|p2a: Meloetta
|-damage|p2a: Meloetta|7/100
|-unboost|p2a: Meloetta|spa|1
|move|p2a: Meloetta|Focus Blast|p1a: Kaguya
|-supereffective|p1a: Kaguya
|-damage|p1a: Kaguya|0 fnt
|faint|p1a: Kaguya
|-end|p1a: Kaguya|Quark Drive|[silent]
|
|upkeep
|
|t:|1779718874
|switch|p1a: Zetsu|Meowscarada, M|43/100
|turn|10
|
|t:|1779718884
|switch|p2a: Gholdengo|Gholdengo|100/100
|-item|p2a: Gholdengo|Air Balloon
|move|p1a: Zetsu|U-turn|p2a: Gholdengo
|-start|p1a: Zetsu|typechange|Bug|[from] ability: Protean
|-resisted|p2a: Gholdengo
|-damage|p2a: Gholdengo|91/100
|-enditem|p2a: Gholdengo|Air Balloon
|
|t:|1779718893
|switch|p1a: Kisame|Dragapult, F|100/100|[from] U-turn
|
|upkeep
|turn|11
|
|t:|1779718900
|switch|p2a: Meloetta|Meloetta|7/100
|move|p1a: Kisame|Shadow Ball|p2a: Meloetta
|-immune|p2a: Meloetta
|
|upkeep
|turn|12
|
|t:|1779718913
|switch|p1a: Sasori|Slowking-Galar, M|100/100
|move|p2a: Meloetta|Shadow Ball|p1a: Sasori
|-supereffective|p1a: Sasori
|-damage|p1a: Sasori|38/100
|
|upkeep
|turn|13
|
|t:|1779718921
|move|p2a: Meloetta|Shadow Ball|p1a: Sasori
|-supereffective|p1a: Sasori
|-damage|p1a: Sasori|0 fnt
|faint|p1a: Sasori
|
|upkeep
|
|t:|1779718928
|switch|p1a: Zetsu|Meowscarada, M|43/100
|turn|14
|
|t:|1779718952
|switch|p2a: Kingambit|Kingambit, M, tera:Fairy|40/100
|-activate|p2a: Kingambit|ability: Supreme Overlord
|-start|p2a: Kingambit|fallen2|[silent]
|move|p1a: Zetsu|Triple Axel|p2a: Kingambit
|-start|p1a: Zetsu|typechange|Ice|[from] ability: Protean
|-crit|p2a: Kingambit
|-damage|p2a: Kingambit|27/100
|-damage|p2a: Kingambit|12/100
|-damage|p2a: Kingambit|0 fnt
|faint|p2a: Kingambit
|-end|p2a: Kingambit|fallen2|[silent]
|-hitcount|p2: Kingambit|3
|
|upkeep
|
|t:|1779718961
|switch|p2a: Gholdengo|Gholdengo|91/100
|turn|15
|
|t:|1779718987
|switch|p1a: Kisame|Dragapult, F|100/100
|move|p2a: Gholdengo|Shadow Ball|p1a: Kisame
|-supereffective|p1a: Kisame
|-damage|p1a: Kisame|0 fnt
|faint|p1a: Kisame
|
|upkeep
|-message|Histriman forfeited.
|
|win|KOSEKlBIJOU
|raw|Histriman's rating: 1214 &rarr; <strong>1194</strong><br />(-20 for losing)
|raw|KOSEKlBIJOU's rating: 1280 &rarr; <strong>1300</strong><br />(+20 for winning)
|l|☆Histriman
|player|p1|
|l|☆KOSEKlBIJOU
|player|p2|
