|j|☆Electrohlyte
|j|☆LeviPT
|t:|1779657867
|gametype|singles
|player|p1|Electrohlyte|pokemaniac|1145
|player|p2|LeviPT|266|1082
|gen|9
|tier|[Gen 9] OU
|rated|
|rule|HP Percentage Mod: HP is shown in percentages
|rule|Endless Battle Clause: Forcing endless battles is banned
|rule|Species Clause: Limit one of each Pokémon
|rule|OHKO Clause: OHKO moves are banned
|rule|Evasion Items Clause: Evasion items are banned
|rule|Evasion Moves Clause: Evasion moves are banned
|rule|Evasion Abilities Clause: Evasion abilities are banned
|rule|Sleep Moves Clause: Sleep-inducing moves are banned
|clearpoke
|poke|p1|Araquanid, F|
|poke|p1|Gholdengo|
|poke|p1|Raging Bolt|
|poke|p1|Iron Moth|
|poke|p1|Zamazenta-*|
|poke|p1|Ogerpon-Cornerstone, F|
|poke|p2|Pelipper, F|
|poke|p2|Rotom-Wash|
|poke|p2|Kingdra, F|
|poke|p2|Gholdengo|
|poke|p2|Iron Treads|
|poke|p2|Lilligant-Hisui, F|
|teampreview
|inactive|Battle timer is ON: inactive players will automatically lose when time's up. (requested by LeviPT)
|inactive|Electrohlyte has 120 seconds left.
|
|t:|1779657906
|teamsize|p1|6
|teamsize|p2|6
|start
|switch|p1a: Raging Bolt|Raging Bolt|100/100
|switch|p2a: Pelipper|Pelipper, F|100/100
|-weather|RainDance|[from] ability: Drizzle|[of] p2a: Pelipper
|-enditem|p1a: Raging Bolt|Booster Energy
|-activate|p1a: Raging Bolt|ability: Protosynthesis|[fromitem]
|-start|p1a: Raging Bolt|protosynthesisspa
|turn|1
|
|t:|1779657926
|move|p1a: Raging Bolt|Calm Mind|p1a: Raging Bolt
|-boost|p1a: Raging Bolt|spa|1
|-boost|p1a: Raging Bolt|spd|1
|move|p2a: Pelipper|Tailwind|p2a: Pelipper
|-sidestart|p2: LeviPT|move: Tailwind
|
|-weather|RainDance|[upkeep]
|upkeep
|turn|2
|inactive|Electrohlyte has 120 seconds left.
|
|t:|1779657956
|switch|p2a: Kingdra|Kingdra, F|100/100
|move|p1a: Raging Bolt|Calm Mind|p1a: Raging Bolt
|-boost|p1a: Raging Bolt|spa|1
|-boost|p1a: Raging Bolt|spd|1
|
|-weather|RainDance|[upkeep]
|upkeep
|turn|3
|
|t:|1779657968
|move|p2a: Kingdra|Draco Meteor|p1a: Raging Bolt
|-supereffective|p1a: Raging Bolt
|-damage|p1a: Raging Bolt|25/100
|-unboost|p2a: Kingdra|spa|2
|-damage|p2a: Kingdra|91/100|[from] item: Life Orb
|move|p1a: Raging Bolt|Dragon Pulse|p2a: Kingdra
|-supereffective|p2a: Kingdra
|-damage|p2a: Kingdra|0 fnt
|faint|p2a: Kingdra
|
|-weather|RainDance|[upkeep]
|upkeep
|
|t:|1779657982
|switch|p2a: Gholdengo|Gholdengo|100/100
|-item|p2a: Gholdengo|Air Balloon
|turn|4
|
|t:|1779657998
|move|p1a: Raging Bolt|Thunderclap|p2a: Gholdengo
|-damage|p2a: Gholdengo|0 fnt
|-enditem|p2a: Gholdengo|Air Balloon
|faint|p2a: Gholdengo
|
|-weather|RainDance|[upkeep]
|-sideend|p2: LeviPT|move: Tailwind
|upkeep
|
|t:|1779658006
|switch|p2a: Iron Treads|Iron Treads|100/100
|turn|5
|
|t:|1779658022
|-end|p1a: Raging Bolt|Protosynthesis|[silent]
|switch|p1a: Spiderman|Araquanid, F, shiny|100/100
|move|p2a: Iron Treads|Earthquake|p1a: Spiderman
|-resisted|p1a: Spiderman
|-damage|p1a: Spiderman|80/100
|
|-weather|RainDance|[upkeep]
|upkeep
|turn|6
|
|t:|1779658034
|move|p2a: Iron Treads|Volt Switch|p1a: Spiderman
|-supereffective|p1a: Spiderman
|-damage|p1a: Spiderman|65/100
|
|t:|1779658036
|-end|p2a: Iron Treads|Quark Drive|[silent]
|switch|p2a: Rotom|Rotom-Wash|100/100|[from] Volt Switch
|move|p1a: Spiderman|Sticky Web|p2a: Rotom
|-sidestart|p2: LeviPT|move: Sticky Web
|
|-weather|RainDance|[upkeep]
|upkeep
|turn|7
|
|t:|1779658042
|move|p2a: Rotom|Thunder|p1a: Spiderman
|-supereffective|p1a: Spiderman
|-crit|p1a: Spiderman
|-damage|p1a: Spiderman|0 fnt
|faint|p1a: Spiderman
|
|-weather|RainDance|[upkeep]
|upkeep
|
|t:|1779658047
|switch|p1a: Gholdengo|Gholdengo, shiny|100/100
|-item|p1a: Gholdengo|Air Balloon
|turn|8
|
|t:|1779658059
|move|p2a: Rotom|Hydro Pump|p1a: Gholdengo
|-damage|p1a: Gholdengo|17/100
|-enditem|p1a: Gholdengo|Air Balloon
|move|p1a: Gholdengo|Nasty Plot|p1a: Gholdengo
|-boost|p1a: Gholdengo|spa|2
|
|-weather|none
|upkeep
|turn|9
|inactive|Electrohlyte has 120 seconds left.
|
|t:|1779658100
|move|p2a: Rotom|Volt Switch|p1a: Gholdengo
|-damage|p1a: Gholdengo|0 fnt
|faint|p1a: Gholdengo
|
|t:|1779658105
|switch|p2a: Pelipper|Pelipper, F|100/100|[from] Volt Switch
|-weather|RainDance|[from] ability: Drizzle|[of] p2a: Pelipper
|
|-weather|RainDance|[upkeep]
|upkeep
|inactive|Electrohlyte has 90 seconds left.
|c|☆LeviPT|Bro just play
|
|t:|1779658147
|switch|p1a: Raging Bolt|Raging Bolt|25/100
|turn|10
|
|t:|1779658159
|switch|p2a: Iron Treads|Iron Treads|100/100
|move|p1a: Raging Bolt|Calm Mind|p1a: Raging Bolt
|-boost|p1a: Raging Bolt|spa|1
|-boost|p1a: Raging Bolt|spd|1
|
|-weather|RainDance|[upkeep]
|upkeep
|turn|11
|inactive|Electrohlyte has 90 seconds left.
|
|t:|1779658171
|move|p2a: Iron Treads|Earthquake|p1a: Raging Bolt
|-supereffective|p1a: Raging Bolt
|-damage|p1a: Raging Bolt|0 fnt
|faint|p1a: Raging Bolt
|-end|p1a: Raging Bolt|Protosynthesis|[silent]
|
|-weather|RainDance|[upkeep]
|upkeep
|
|t:|1779658174
|switch|p1a: Dog|Zamazenta|100/100
|-ability|p1a: Dog|Dauntless Shield|boost
|-boost|p1a: Dog|def|1
|turn|12
|
|t:|1779658185
|move|p1a: Dog|Close Combat|p2a: Iron Treads
|-supereffective|p2a: Iron Treads
|-damage|p2a: Iron Treads|0 fnt
|-unboost|p1a: Dog|def|1
|-unboost|p1a: Dog|spd|1
|faint|p2a: Iron Treads
|-end|p2a: Iron Treads|Quark Drive|[silent]
|
|-weather|RainDance|[upkeep]
|upkeep
|
|t:|1779658189
|switch|p2a: Rotom|Rotom-Wash|100/100
|turn|13
|inactive|Electrohlyte has 90 seconds left.
|
|t:|1779658230
|switch|p1a: Ogerpon|Ogerpon-Cornerstone, F|100/100
|move|p2a: Rotom|Thunder|p1a: Ogerpon
|-resisted|p1a: Ogerpon
|-damage|p1a: Ogerpon|74/100
|
|-weather|RainDance|[upkeep]
|upkeep
|turn|14
|
|t:|1779658245
|-terastallize|p2a: Rotom|Electric
|move|p1a: Ogerpon|Swords Dance|p1a: Ogerpon
|-boost|p1a: Ogerpon|atk|2
|move|p2a: Rotom|Volt Switch|p1a: Ogerpon
|-resisted|p1a: Ogerpon
|-damage|p1a: Ogerpon|50/100
|
|t:|1779658251
|switch|p2a: Hisuian Lilligant|Lilligant-Hisui, F, shiny|100/100|[from] Volt Switch
|-activate|p2a: Hisuian Lilligant|move: Sticky Web
|-unboost|p2a: Hisuian Lilligant|spe|1
|
|-weather|RainDance|[upkeep]
|upkeep
|turn|15
|inactive|Electrohlyte has 90 seconds left.
|
|t:|1779658272
|move|p1a: Ogerpon|Power Whip|p2a: Hisuian Lilligant
|-resisted|p2a: Hisuian Lilligant
|-damage|p2a: Hisuian Lilligant|0 fnt
|faint|p2a: Hisuian Lilligant
|
|-weather|RainDance|[upkeep]
|upkeep
|
|t:|1779658275
|switch|p2a: Rotom|Rotom-Wash, tera:Electric|100/100
|turn|16
|inactive|Electrohlyte has 90 seconds left.
|
|t:|1779658281
|move|p1a: Ogerpon|Power Whip|p2a: Rotom
|-damage|p2a: Rotom|0 fnt
|faint|p2a: Rotom
|
|-weather|none
|upkeep
|
|t:|1779658283
|switch|p2a: Pelipper|Pelipper, F|100/100
|-weather|RainDance|[from] ability: Drizzle|[of] p2a: Pelipper
|turn|17
|
|t:|1779658287
|move|p1a: Ogerpon|Ivy Cudgel|p2a: Pelipper|[anim] Ivy Cudgel Rock
|-supereffective|p2a: Pelipper
|-damage|p2a: Pelipper|0 fnt
|faint|p2a: Pelipper
|
|win|Electrohlyte
|raw|Electrohlyte's rating: 1145 &rarr; <strong>1166</strong><br />(+21 for winning)
|raw|LeviPT's rating: 1082 &rarr; <strong>1064</strong><br />(-18 for losing)
|c|☆LeviPT|Gg
