|j|☆gotok
|j|☆SnorlaxDude_143
|t:|1779577485
|gametype|singles
|player|p1|gotok|wattson|1112
|player|p2|SnorlaxDude_143|unknown|1126
|gen|9
|tier|[Gen 9] OU
|rated|
|rule|HP Percentage Mod: HP is shown in percentages
|rule|Endless Battle Clause: Forcing endless battles is banned
|rule|Species Clause: Limit one of each Pokémon
|rule|OHKO Clause: OHKO moves are banned
|rule|Evasion Items Clause: Evasion items are banned
|rule|Evasion Moves Clause: Evasion moves are banned
|rule|Evasion Abilities Clause: Evasion abilities are banned
|rule|Sleep Moves Clause: Sleep-inducing moves are banned
|clearpoke
|poke|p1|Hawlucha, M|
|poke|p1|Rillaboom, M|
|poke|p1|Great Tusk|
|poke|p1|Gholdengo|
|poke|p1|Dragapult, F|
|poke|p1|Latias, F|
|poke|p2|Electrode-Hisui|
|poke|p2|Glimmora, M|
|poke|p2|Metagross|
|poke|p2|Minior-Yellow|
|poke|p2|Primarina, F|
|poke|p2|Snorlax, M|
|teampreview
|inactive|Battle timer is ON: inactive players will automatically lose when time's up. (requested by SnorlaxDude_143)
|
|t:|1779577502
|teamsize|p1|6
|teamsize|p2|6
|start
|switch|p1a: Great Tusk|Great Tusk|100/100
|switch|p2a: LemonHead|Minior-Yellow|100/100
|-formechange|p2a: LemonHead|Minior-Meteor||[from] ability: Shields Down
|turn|1
|
|t:|1779577518
|move|p1a: Great Tusk|Ice Spinner|p2a: LemonHead
|-supereffective|p2a: LemonHead
|-damage|p2a: LemonHead|39/100
|move|p2a: LemonHead|Shell Smash|p2a: LemonHead
|-unboost|p2a: LemonHead|def|1
|-unboost|p2a: LemonHead|spd|1
|-boost|p2a: LemonHead|atk|2
|-boost|p2a: LemonHead|spa|2
|-boost|p2a: LemonHead|spe|2
|-enditem|p2a: LemonHead|White Herb
|-clearnegativeboost|p2a: LemonHead|[silent]
|
|-formechange|p2a: LemonHead|Minior-Yellow||[from] ability: Shields Down
|upkeep
|turn|2
|
|t:|1779577529
|move|p2a: LemonHead|Acrobatics|p1a: Great Tusk
|-supereffective|p1a: Great Tusk
|-damage|p1a: Great Tusk|0 fnt
|-damage|p2a: LemonHead|23/100|[from] item: Rocky Helmet|[of] p1a: Great Tusk
|faint|p1a: Great Tusk
|-end|p1a: Great Tusk|Protosynthesis|[silent]
|
|upkeep
|
|t:|1779577544
|switch|p1a: Rillaboom|Rillaboom, M|100/100
|-fieldstart|move: Grassy Terrain|[from] ability: Grassy Surge|[of] p1a: Rillaboom
|turn|3
|
|t:|1779577551
|move|p1a: Rillaboom|Grassy Glide|p2a: LemonHead
|-damage|p2a: LemonHead|0 fnt
|faint|p2a: LemonHead
|
|upkeep
|
|t:|1779577569
|switch|p2a: CrystalFlower|Glimmora, M|100/100
|turn|4
|
|t:|1779577590
|switch|p1a: Latias|Latias, F|100/100
|move|p2a: CrystalFlower|Rock Polish|p2a: CrystalFlower
|-boost|p2a: CrystalFlower|spe|2
|
|upkeep
|turn|5
|
|t:|1779577599
|move|p2a: CrystalFlower|Meteor Beam||[still]
|-prepare|p2a: CrystalFlower|Meteor Beam
|-boost|p2a: CrystalFlower|spa|1
|-enditem|p2a: CrystalFlower|Power Herb
|-anim|p2a: CrystalFlower|Meteor Beam|p1a: Latias
|-damage|p1a: Latias|29/100
|move|p1a: Latias|Calm Mind|p1a: Latias
|-boost|p1a: Latias|spa|1
|-boost|p1a: Latias|spd|1
|
|upkeep
|turn|6
|
|t:|1779577609
|move|p2a: CrystalFlower|Venoshock|p1a: Latias
|-damage|p1a: Latias|4/100
|move|p1a: Latias|Stored Power|p2a: CrystalFlower
|-supereffective|p2a: CrystalFlower
|-damage|p2a: CrystalFlower|18/100
|
|-heal|p2a: CrystalFlower|24/100|[from] Grassy Terrain
|upkeep
|turn|7
|
|t:|1779577619
|move|p2a: CrystalFlower|Venoshock|p1a: Latias
|-damage|p1a: Latias|0 fnt
|faint|p1a: Latias
|
|-heal|p2a: CrystalFlower|30/100|[from] Grassy Terrain
|upkeep
|
|t:|1779577627
|switch|p1a: Dragapult|Dragapult, F|100/100
|turn|8
|
|t:|1779577635
|move|p2a: CrystalFlower|Earth Power|p1a: Dragapult
|-crit|p1a: Dragapult
|-damage|p1a: Dragapult|0 fnt
|faint|p1a: Dragapult
|
|-heal|p2a: CrystalFlower|36/100|[from] Grassy Terrain
|upkeep
|
|t:|1779577644
|switch|p1a: Rillaboom|Rillaboom, M|100/100
|turn|9
|
|t:|1779577650
|move|p1a: Rillaboom|Grassy Glide|p2a: CrystalFlower
|-damage|p2a: CrystalFlower|0 fnt
|-activate|p2a: CrystalFlower|ability: Toxic Debris
|-sidestart|p1: gotok|move: Toxic Spikes
|faint|p2a: CrystalFlower
|
|upkeep
|
|t:|1779577673
|switch|p2a: Ariel|Primarina, F|100/100
|turn|10
|
|t:|1779577681
|-terastallize|p2a: Ariel|Steel
|move|p1a: Rillaboom|Grassy Glide|p2a: Ariel
|-resisted|p2a: Ariel
|-damage|p2a: Ariel|80/100
|move|p2a: Ariel|Substitute|p2a: Ariel
|-start|p2a: Ariel|Substitute
|-damage|p2a: Ariel|55/100
|
|-heal|p2a: Ariel|61/100|[from] Grassy Terrain
|-fieldend|move: Grassy Terrain
|upkeep
|turn|11
|
|t:|1779577692
|move|p1a: Rillaboom|Low Kick|p2a: Ariel
|-supereffective|p2a: Ariel
|-end|p2a: Ariel|Substitute
|move|p2a: Ariel|Calm Mind|p2a: Ariel
|-boost|p2a: Ariel|spa|1
|-boost|p2a: Ariel|spd|1
|
|upkeep
|turn|12
|
|t:|1779577700
|move|p1a: Rillaboom|Low Kick|p2a: Ariel
|-supereffective|p2a: Ariel
|-damage|p2a: Ariel|16/100
|move|p2a: Ariel|Draining Kiss|p1a: Rillaboom
|-damage|p1a: Rillaboom|44/100
|-heal|p2a: Ariel|72/100|[from] drain|[of] p1a: Rillaboom
|-damage|p2a: Ariel|62/100|[from] item: Life Orb
|
|upkeep
|turn|13
|
|t:|1779577715
|move|p1a: Rillaboom|Low Kick|p2a: Ariel
|-supereffective|p2a: Ariel
|-damage|p2a: Ariel|21/100
|move|p2a: Ariel|Draining Kiss|p1a: Rillaboom
|-crit|p1a: Rillaboom
|-damage|p1a: Rillaboom|0 fnt
|-heal|p2a: Ariel|63/100|[from] drain|[of] p1a: Rillaboom
|faint|p1a: Rillaboom
|-damage|p2a: Ariel|53/100|[from] item: Life Orb
|
|upkeep
|
|t:|1779577724
|switch|p1a: Hawlucha|Hawlucha, M|100/100
|turn|14
|
|t:|1779577730
|move|p1a: Hawlucha|Close Combat|p2a: Ariel
|-supereffective|p2a: Ariel
|-damage|p2a: Ariel|0 fnt
|-unboost|p1a: Hawlucha|def|1
|-unboost|p1a: Hawlucha|spd|1
|faint|p2a: Ariel
|
|upkeep
|
|t:|1779577736
|switch|p2a: Ballin'|Electrode-Hisui|100/100
|turn|15
|
|t:|1779577748
|move|p2a: Ballin'|Thunderbolt|p1a: Hawlucha
|-supereffective|p1a: Hawlucha
|-damage|p1a: Hawlucha|0 fnt
|faint|p1a: Hawlucha
|
|upkeep
|
|t:|1779577753
|switch|p1a: Gholdengo|Gholdengo|100/100
|turn|16
|
|t:|1779577763
|switch|p2a: RoadBlock|Snorlax, M|100/100
|move|p1a: Gholdengo|Focus Blast|p2a: RoadBlock|[miss]
|-miss|p1a: Gholdengo|p2a: RoadBlock
|
|upkeep
|turn|17
|
|t:|1779577778
|move|p1a: Gholdengo|Focus Blast|p2a: RoadBlock|[miss]
|-miss|p1a: Gholdengo|p2a: RoadBlock
|move|p2a: RoadBlock|Earthquake|p1a: Gholdengo
|-supereffective|p1a: Gholdengo
|-damage|p1a: Gholdengo|31/100
|
|upkeep
|turn|18
|-message|gotok forfeited.
|
|win|SnorlaxDude_143
|raw|gotok's rating: 1112 &rarr; <strong>1088</strong><br />(-24 for losing)
|raw|SnorlaxDude_143's rating: 1126 &rarr; <strong>1150</strong><br />(+24 for winning)
|l|☆gotok
|player|p1|
|l|☆SnorlaxDude_143
|player|p2|
