|j|☆A$AP PUCK
|j|☆harrolux
|t:|1779719795
|gametype|singles
|player|p1|A$AP PUCK|grimsley|1498
|player|p2|harrolux|steven|1454
|gen|9
|tier|[Gen 9] OU
|rated|
|rule|HP Percentage Mod: HP is shown in percentages
|rule|Endless Battle Clause: Forcing endless battles is banned
|rule|Species Clause: Limit one of each Pokémon
|rule|OHKO Clause: OHKO moves are banned
|rule|Evasion Items Clause: Evasion items are banned
|rule|Evasion Moves Clause: Evasion moves are banned
|rule|Evasion Abilities Clause: Evasion abilities are banned
|rule|Sleep Moves Clause: Sleep-inducing moves are banned
|clearpoke
|poke|p1|Tyranitar, F|
|poke|p1|Excadrill, M|
|poke|p1|Moltres|
|poke|p1|Houndstone, F|
|poke|p1|Weezing-Galar, F|
|poke|p1|Darkrai|
|poke|p2|Zamazenta-*|
|poke|p2|Mimikyu, F|
|poke|p2|Rotom-Wash|
|poke|p2|Kyurem|
|poke|p2|Araquanid, M|
|poke|p2|Hoopa-Unbound|
|teampreview
|
|t:|1779719819
|teamsize|p1|6
|teamsize|p2|6
|start
|switch|p1a: Tyranitar|Tyranitar, F|100/100
|switch|p2a: Red Hood|Rotom-Wash, shiny|100/100
|-weather|Sandstorm|[from] ability: Sand Stream|[of] p1a: Tyranitar
|turn|1
|
|t:|1779719828
|move|p1a: Tyranitar|Stealth Rock|p2a: Red Hood
|-sidestart|p2: harrolux|move: Stealth Rock
|move|p2a: Red Hood|Will-O-Wisp|p1a: Tyranitar|[miss]
|-miss|p2a: Red Hood|p1a: Tyranitar
|
|-weather|Sandstorm|[upkeep]
|-damage|p2a: Red Hood|94/100|[from] Sandstorm
|-heal|p2a: Red Hood|100/100|[from] item: Leftovers
|upkeep
|turn|2
|
|t:|1779719841
|switch|p1a: Darkrai|Darkrai|100/100
|move|p2a: Red Hood|Eerie Impulse|p1a: Darkrai
|-unboost|p1a: Darkrai|spa|2
|
|-weather|Sandstorm|[upkeep]
|-damage|p1a: Darkrai|94/100|[from] Sandstorm
|-damage|p2a: Red Hood|94/100|[from] Sandstorm
|-heal|p2a: Red Hood|100/100|[from] item: Leftovers
|upkeep
|turn|3
|
|t:|1779719850
|move|p1a: Darkrai|Nasty Plot|p1a: Darkrai
|-boost|p1a: Darkrai|spa|2
|move|p2a: Red Hood|Thunderbolt|p1a: Darkrai
|-damage|p1a: Darkrai|40/100
|
|-weather|Sandstorm|[upkeep]
|-damage|p1a: Darkrai|34/100|[from] Sandstorm
|-damage|p2a: Red Hood|94/100|[from] Sandstorm
|-heal|p2a: Red Hood|100/100|[from] item: Leftovers
|upkeep
|turn|4
|
|t:|1779719858
|move|p1a: Darkrai|Dark Pulse|p2a: Red Hood
|-damage|p2a: Red Hood|52/100
|move|p2a: Red Hood|Thunderbolt|p1a: Darkrai
|-damage|p1a: Darkrai|0 fnt
|faint|p1a: Darkrai
|
|-weather|Sandstorm|[upkeep]
|-damage|p2a: Red Hood|46/100|[from] Sandstorm
|-heal|p2a: Red Hood|52/100|[from] item: Leftovers
|upkeep
|
|t:|1779719863
|switch|p1a: Houndstone|Houndstone, F|100/100
|turn|5
|
|t:|1779719870
|move|p1a: Houndstone|Poltergeist|p2a: Red Hood
|-activate|p2a: Red Hood|move: Poltergeist|Leftovers
|-damage|p2a: Red Hood|0 fnt
|faint|p2a: Red Hood
|
|-weather|none
|upkeep
|
|t:|1779719879
|switch|p2a: Peter Parker|Araquanid, M|100/100
|-damage|p2a: Peter Parker|76/100|[from] Stealth Rock
|turn|6
|
|t:|1779719884
|move|p1a: Houndstone|Poltergeist|p2a: Peter Parker
|-activate|p2a: Peter Parker|move: Poltergeist|Mystic Water
|-damage|p2a: Peter Parker|0 fnt
|faint|p2a: Peter Parker
|
|upkeep
|
|t:|1779719892
|switch|p2a: Raven|Mimikyu, F, shiny|100/100
|-damage|p2a: Raven|88/100|[from] Stealth Rock
|turn|7
|
|t:|1779719896
|move|p1a: Houndstone|Poltergeist|p2a: Raven
|-activate|p2a: Raven|move: Poltergeist|Life Orb
|-activate|p2a: Raven|ability: Disguise
|-damage|p2a: Raven|88/100
|detailschange|p2a: Raven|Mimikyu-Busted, F, shiny
|-damage|p2a: Raven|76/100|[from] pokemon: Mimikyu-Busted
|move|p2a: Raven|Thunder Wave|p1a: Houndstone
|-status|p1a: Houndstone|par
|
|upkeep
|turn|8
|
|t:|1779719909
|switch|p1a: Moltres|Moltres|100/100
|move|p2a: Raven|Shadow Sneak|p1a: Moltres
|-damage|p1a: Moltres|83/100
|-damage|p2a: Raven|66/100|[from] item: Life Orb
|
|upkeep
|turn|9
|
|t:|1779719924
|switch|p2a: Hawk|Kyurem, shiny|100/100
|-damage|p2a: Hawk|75/100|[from] Stealth Rock
|-ability|p2a: Hawk|Pressure
|move|p1a: Moltres|Flamethrower|p2a: Hawk
|-damage|p2a: Hawk|50/100
|-status|p2a: Hawk|brn
|
|-damage|p2a: Hawk|44/100 brn|[from] brn
|upkeep
|turn|10
|
|t:|1779719937
|switch|p1a: Houndstone|Houndstone, F|100/100 par
|move|p2a: Hawk|Ice Beam|p1a: Houndstone
|-damage|p1a: Houndstone|40/100 par
|
|-damage|p2a: Hawk|38/100 brn|[from] brn
|upkeep
|turn|11
|
|t:|1779719943
|move|p1a: Houndstone|Shadow Sneak|p2a: Hawk
|-damage|p2a: Hawk|15/100 brn
|move|p2a: Hawk|Ice Beam|p1a: Houndstone
|-damage|p1a: Houndstone|0 fnt
|faint|p1a: Houndstone
|
|-damage|p2a: Hawk|8/100 brn|[from] brn
|upkeep
|
|t:|1779719952
|switch|p1a: Tyranitar|Tyranitar, F|100/100
|-weather|Sandstorm|[from] ability: Sand Stream|[of] p1a: Tyranitar
|turn|12
|
|t:|1779719959
|move|p2a: Hawk|Earth Power|p1a: Tyranitar
|-supereffective|p1a: Tyranitar
|-damage|p1a: Tyranitar|58/100
|move|p1a: Tyranitar|Knock Off|p2a: Hawk
|-damage|p2a: Hawk|0 fnt
|-enditem|p2a: Hawk|Assault Vest|[from] move: Knock Off|[of] p1a: Tyranitar
|faint|p2a: Hawk
|
|-weather|Sandstorm|[upkeep]
|upkeep
|
|t:|1779719968
|switch|p2a: Nightwing|Zamazenta|100/100
|-damage|p2a: Nightwing|94/100|[from] Stealth Rock
|-ability|p2a: Nightwing|Dauntless Shield|boost
|-boost|p2a: Nightwing|def|1
|turn|13
|
|t:|1779719975
|switch|p1a: Weezing|Weezing-Galar, F|100/100
|move|p2a: Nightwing|Stone Edge|p1a: Weezing
|-damage|p1a: Weezing|78/100
|
|-weather|Sandstorm|[upkeep]
|-damage|p2a: Nightwing|88/100|[from] Sandstorm
|-damage|p1a: Weezing|72/100|[from] Sandstorm
|-heal|p1a: Weezing|78/100|[from] item: Black Sludge
|upkeep
|turn|14
|
|t:|1779719984
|move|p2a: Nightwing|Heavy Slam|p1a: Weezing
|-supereffective|p1a: Weezing
|-damage|p1a: Weezing|27/100
|move|p1a: Weezing|Toxic|p2a: Nightwing
|-status|p2a: Nightwing|tox
|
|-weather|Sandstorm|[upkeep]
|-damage|p2a: Nightwing|82/100 tox|[from] Sandstorm
|-damage|p1a: Weezing|21/100|[from] Sandstorm
|-heal|p1a: Weezing|27/100|[from] item: Black Sludge
|-damage|p2a: Nightwing|76/100 tox|[from] psn
|upkeep
|turn|15
|
|t:|1779719996
|switch|p2a: Raven|Mimikyu-Busted, F, shiny|66/100
|-damage|p2a: Raven|53/100|[from] Stealth Rock
|move|p1a: Weezing|Strange Steam|p2a: Raven
|-damage|p2a: Raven|23/100
|-start|p2a: Raven|confusion
|
|-weather|Sandstorm|[upkeep]
|-damage|p2a: Raven|17/100|[from] Sandstorm
|-damage|p1a: Weezing|21/100|[from] Sandstorm
|-heal|p1a: Weezing|27/100|[from] item: Black Sludge
|upkeep
|turn|16
|
|t:|1779720011
|-activate|p2a: Raven|confusion
|move|p2a: Raven|Shadow Sneak|p1a: Weezing
|-damage|p1a: Weezing|10/100
|-damage|p2a: Raven|7/100|[from] item: Life Orb
|move|p1a: Weezing|Strange Steam|p2a: Raven
|-damage|p2a: Raven|0 fnt
|faint|p2a: Raven
|
|-weather|none
|-heal|p1a: Weezing|16/100|[from] item: Black Sludge
|upkeep
|
|t:|1779720033
|switch|p2a: Nightwing|Zamazenta|76/100 tox
|-damage|p2a: Nightwing|70/100 tox|[from] Stealth Rock
|turn|17
|
|t:|1779720059
|move|p2a: Nightwing|Heavy Slam|p1a: Weezing
|-supereffective|p1a: Weezing
|-damage|p1a: Weezing|0 fnt
|faint|p1a: Weezing
|
|-damage|p2a: Nightwing|64/100 tox|[from] psn
|upkeep
|
|t:|1779720063
|switch|p1a: Tyranitar|Tyranitar, F|58/100
|-weather|Sandstorm|[from] ability: Sand Stream|[of] p1a: Tyranitar
|turn|18
|
|t:|1779720072
|move|p2a: Nightwing|Body Press|p1a: Tyranitar
|-supereffective|p1a: Tyranitar
|-damage|p1a: Tyranitar|0 fnt
|faint|p1a: Tyranitar
|
|-weather|Sandstorm|[upkeep]
|-damage|p2a: Nightwing|57/100 tox|[from] Sandstorm
|-damage|p2a: Nightwing|45/100 tox|[from] psn
|upkeep
|
|t:|1779720075
|switch|p1a: Excadrill|Excadrill, M|100/100
|turn|19
|
|t:|1779720084
|-terastallize|p1a: Excadrill|Ground
|move|p1a: Excadrill|Earthquake|p2a: Nightwing
|-damage|p2a: Nightwing|0 fnt
|faint|p2a: Nightwing
|-damage|p1a: Excadrill|91/100|[from] item: Life Orb
|
|-weather|Sandstorm|[upkeep]
|upkeep
|
|t:|1779720095
|switch|p2a: Deathstroke|Hoopa-Unbound|100/100
|-damage|p2a: Deathstroke|88/100|[from] Stealth Rock
|turn|20
|
|t:|1779720099
|move|p1a: Excadrill|Earthquake|p2a: Deathstroke
|-damage|p2a: Deathstroke|0 fnt
|faint|p2a: Deathstroke
|-damage|p1a: Excadrill|81/100|[from] item: Life Orb
|
|win|A$AP PUCK
|raw|A$AP PUCK's rating: 1498 &rarr; <strong>1515</strong><br />(+17 for winning)
|raw|harrolux's rating: 1454 &rarr; <strong>1437</strong><br />(-17 for losing)
|l|☆harrolux
|player|p2|
|l|☆A$AP PUCK
|player|p1|
