|j|☆Sauce or smthn
|j|☆Evilgeordie
|t:|1779611632
|gametype|singles
|player|p1|Sauce or smthn|lance|1272
|player|p2|Evilgeordie|roughneck-gen4|1258
|gen|9
|tier|[Gen 9] OU
|rated|
|rule|HP Percentage Mod: HP is shown in percentages
|rule|Endless Battle Clause: Forcing endless battles is banned
|rule|Species Clause: Limit one of each Pokémon
|rule|OHKO Clause: OHKO moves are banned
|rule|Evasion Items Clause: Evasion items are banned
|rule|Evasion Moves Clause: Evasion moves are banned
|rule|Evasion Abilities Clause: Evasion abilities are banned
|rule|Sleep Moves Clause: Sleep-inducing moves are banned
|clearpoke
|poke|p1|Maushold|
|poke|p1|Dragapult, F|
|poke|p1|Kingambit, M|
|poke|p1|Meowscarada, F|
|poke|p1|Kyurem|
|poke|p1|Quaquaval, F|
|poke|p2|Ogerpon-Wellspring, F|
|poke|p2|Iron Moth|
|poke|p2|Dragapult, F|
|poke|p2|Garganacl, M|
|poke|p2|Kingambit, M|
|poke|p2|Ting-Lu|
|teampreview
|inactive|Battle timer is ON: inactive players will automatically lose when time's up. (requested by Evilgeordie)
|
|t:|1779611644
|teamsize|p1|6
|teamsize|p2|6
|start
|switch|p1a: Quaquaval|Quaquaval, F|100/100
|switch|p2a: Pay-2-Win|Ogerpon-Wellspring, F|100/100
|turn|1
|
|t:|1779611651
|move|p2a: Pay-2-Win|Power Whip|p1a: Quaquaval|[miss]
|-miss|p2a: Pay-2-Win|p1a: Quaquaval
|move|p1a: Quaquaval|Close Combat|p2a: Pay-2-Win
|-damage|p2a: Pay-2-Win|0 fnt
|-unboost|p1a: Quaquaval|def|1
|-unboost|p1a: Quaquaval|spd|1
|faint|p2a: Pay-2-Win
|-ability|p1a: Quaquaval|Moxie|boost
|-boost|p1a: Quaquaval|atk|1
|-damage|p1a: Quaquaval|91/100|[from] item: Life Orb
|
|upkeep
|inactive|Evilgeordie has 120 seconds left.
|
|t:|1779611688
|switch|p2a: I am inevitable|Garganacl, M|100/100
|turn|2
|
|t:|1779611701
|-terastallize|p2a: I am inevitable|Fairy
|move|p1a: Quaquaval|Knock Off|p2a: I am inevitable
|-resisted|p2a: I am inevitable
|-damage|p2a: I am inevitable|79/100
|-enditem|p2a: I am inevitable|Leftovers|[from] move: Knock Off|[of] p1a: Quaquaval
|-damage|p1a: Quaquaval|81/100|[from] item: Life Orb
|move|p2a: I am inevitable|Salt Cure|p1a: Quaquaval
|-resisted|p1a: Quaquaval
|-damage|p1a: Quaquaval|68/100
|-start|p1a: Quaquaval|Salt Cure
|
|-damage|p1a: Quaquaval|43/100|[from] Salt Cure
|upkeep
|turn|3
|
|t:|1779611714
|move|p2a: I am inevitable|Protect|p2a: I am inevitable
|-singleturn|p2a: I am inevitable|Protect
|move|p1a: Quaquaval|Aqua Step|p2a: I am inevitable
|-activate|p2a: I am inevitable|move: Protect
|
|-damage|p1a: Quaquaval|19/100|[from] Salt Cure
|upkeep
|turn|4
|
|t:|1779611726
|move|p1a: Quaquaval|Aqua Step|p2a: I am inevitable
|-damage|p2a: I am inevitable|24/100
|-boost|p1a: Quaquaval|spe|1
|-damage|p1a: Quaquaval|9/100|[from] item: Life Orb
|move|p2a: I am inevitable|Stealth Rock|p1a: Quaquaval
|-sidestart|p1: Sauce or smthn|move: Stealth Rock
|
|-damage|p1a: Quaquaval|0 fnt|[from] Salt Cure
|faint|p1a: Quaquaval
|upkeep
|
|t:|1779611736
|switch|p1a: Maushold|Maushold|100/100
|-damage|p1a: Maushold|88/100|[from] Stealth Rock
|turn|5
|
|t:|1779611744
|move|p1a: Maushold|Encore|p2a: I am inevitable
|-start|p2a: I am inevitable|Encore
|move|p2a: I am inevitable|Stealth Rock||[still]
|-fail|p2a: I am inevitable
|
|upkeep
|turn|6
|
|t:|1779611754
|switch|p2a: Kwik n Krispy|Dragapult, F|100/100
|move|p1a: Maushold|Tidy Up|p1a: Maushold
|-sideend|p1: Sauce or smthn|Stealth Rock
|-activate|p1a: Maushold|move: Tidy Up
|-boost|p1a: Maushold|atk|1
|-boost|p1a: Maushold|spe|1
|
|upkeep
|turn|7
|
|t:|1779611766
|switch|p1a: Kingambit|Kingambit, M|100/100
|-activate|p1a: Kingambit|ability: Supreme Overlord
|-start|p1a: Kingambit|fallen1|[silent]
|move|p2a: Kwik n Krispy|Will-O-Wisp|p1a: Kingambit
|-status|p1a: Kingambit|brn
|
|-damage|p1a: Kingambit|94/100 brn|[from] brn
|upkeep
|turn|8
|
|t:|1779611776
|move|p2a: Kwik n Krispy|U-turn|p1a: Kingambit
|-damage|p1a: Kingambit|79/100 brn
|
|t:|1779611779
|switch|p2a: Spicy Venomoth|Iron Moth, shiny|100/100|[from] U-turn
|-enditem|p2a: Spicy Venomoth|Booster Energy
|-activate|p2a: Spicy Venomoth|ability: Quark Drive|[fromitem]
|-start|p2a: Spicy Venomoth|quarkdrivespe
|move|p1a: Kingambit|Swords Dance|p1a: Kingambit
|-boost|p1a: Kingambit|atk|2
|
|-damage|p1a: Kingambit|73/100 brn|[from] brn
|upkeep
|turn|9
|
|t:|1779611789
|move|p1a: Kingambit|Sucker Punch|p2a: Spicy Venomoth
|-damage|p2a: Spicy Venomoth|22/100
|move|p2a: Spicy Venomoth|Fiery Dance|p1a: Kingambit
|-supereffective|p1a: Kingambit
|-damage|p1a: Kingambit|0 fnt
|-boost|p2a: Spicy Venomoth|spa|1
|faint|p1a: Kingambit
|-end|p1a: Kingambit|fallen1|[silent]
|
|upkeep
|
|t:|1779611806
|switch|p1a: Meowscarada|Meowscarada, F|100/100
|turn|10
|
|t:|1779611835
|move|p1a: Meowscarada|Sucker Punch|p2a: Spicy Venomoth
|-start|p1a: Meowscarada|typechange|Dark|[from] ability: Protean
|-damage|p2a: Spicy Venomoth|0 fnt
|faint|p2a: Spicy Venomoth
|-end|p2a: Spicy Venomoth|Quark Drive|[silent]
|
|upkeep
|
|t:|1779611845
|switch|p2a: I am inevitable|Garganacl, M, tera:Fairy|24/100
|turn|11
|
|t:|1779611854
|switch|p1a: Dragapult|Dragapult, F|100/100
|move|p2a: I am inevitable|Recover|p2a: I am inevitable
|-heal|p2a: I am inevitable|74/100
|
|upkeep
|turn|12
|
|t:|1779611862
|move|p1a: Dragapult|Shadow Ball|p2a: I am inevitable
|-damage|p2a: I am inevitable|58/100
|move|p2a: I am inevitable|Salt Cure|p1a: Dragapult
|-damage|p1a: Dragapult|81/100
|-start|p1a: Dragapult|Salt Cure
|
|-damage|p1a: Dragapult|68/100|[from] Salt Cure
|upkeep
|turn|13
|
|t:|1779611871
|switch|p1a: Meowscarada|Meowscarada, F|100/100
|move|p2a: I am inevitable|Protect||[still]
|-fail|p2a: I am inevitable
|
|upkeep
|turn|14
|
|t:|1779611878
|move|p1a: Meowscarada|Flower Trick|p2a: I am inevitable
|-start|p1a: Meowscarada|typechange|Grass|[from] ability: Protean
|-crit|p2a: I am inevitable
|-damage|p2a: I am inevitable|10/100
|move|p2a: I am inevitable|Salt Cure|p1a: Meowscarada
|-damage|p1a: Meowscarada|77/100
|-start|p1a: Meowscarada|Salt Cure
|
|-damage|p1a: Meowscarada|64/100|[from] Salt Cure
|upkeep
|turn|15
|
|t:|1779611887
|move|p2a: I am inevitable|Protect|p2a: I am inevitable
|-singleturn|p2a: I am inevitable|Protect
|move|p1a: Meowscarada|Flower Trick|p2a: I am inevitable
|-activate|p2a: I am inevitable|move: Protect
|
|-damage|p1a: Meowscarada|52/100|[from] Salt Cure
|upkeep
|turn|16
|
|t:|1779611894
|move|p2a: I am inevitable|Protect|p2a: I am inevitable
|-singleturn|p2a: I am inevitable|Protect
|move|p1a: Meowscarada|Flower Trick|p2a: I am inevitable
|-activate|p2a: I am inevitable|move: Protect
|
|-damage|p1a: Meowscarada|40/100|[from] Salt Cure
|upkeep
|turn|17
|
|t:|1779611902
|move|p1a: Meowscarada|Flower Trick|p2a: I am inevitable
|-crit|p2a: I am inevitable
|-damage|p2a: I am inevitable|0 fnt
|faint|p2a: I am inevitable
|
|-damage|p1a: Meowscarada|27/100|[from] Salt Cure
|upkeep
|
|t:|1779611907
|switch|p2a: Kwik n Krispy|Dragapult, F|100/100
|turn|18
|
|t:|1779611914
|switch|p1a: Dragapult|Dragapult, F|68/100
|move|p2a: Kwik n Krispy|Will-O-Wisp|p1a: Dragapult
|-status|p1a: Dragapult|brn
|
|-damage|p1a: Dragapult|62/100 brn|[from] brn
|upkeep
|turn|19
|
|t:|1779611925
|move|p1a: Dragapult|Dragon Pulse|p2a: Kwik n Krispy
|-supereffective|p2a: Kwik n Krispy
|-damage|p2a: Kwik n Krispy|0 fnt
|faint|p2a: Kwik n Krispy
|
|-damage|p1a: Dragapult|56/100 brn|[from] brn
|upkeep
|
|t:|1779611929
|switch|p2a: Entey Tax|Ting-Lu|100/100
|-ability|p2a: Entey Tax|Vessel of Ruin
|turn|20
|
|t:|1779611934
|move|p1a: Dragapult|Dragon Pulse|p2a: Entey Tax
|-damage|p2a: Entey Tax|79/100
|move|p2a: Entey Tax|Stealth Rock|p1a: Dragapult
|-sidestart|p1: Sauce or smthn|move: Stealth Rock
|
|-heal|p2a: Entey Tax|85/100|[from] item: Leftovers
|-damage|p1a: Dragapult|50/100 brn|[from] brn
|upkeep
|turn|21
|
|t:|1779611941
|move|p1a: Dragapult|Dragon Pulse|p2a: Entey Tax
|-damage|p2a: Entey Tax|62/100
|move|p2a: Entey Tax|Whirlwind|p1a: Dragapult
|drag|p1a: Kyurem|Kyurem|100/100
|-damage|p1a: Kyurem|76/100|[from] Stealth Rock
|-ability|p1a: Kyurem|Pressure
|
|-heal|p2a: Entey Tax|68/100|[from] item: Leftovers
|upkeep
|turn|22
|
|t:|1779611952
|move|p1a: Kyurem|Ice Beam|p2a: Entey Tax
|-supereffective|p2a: Entey Tax
|-damage|p2a: Entey Tax|12/100
|-status|p2a: Entey Tax|frz
|cant|p2a: Entey Tax|frz
|
|-heal|p2a: Entey Tax|18/100 frz|[from] item: Leftovers
|upkeep
|turn|23
|
|t:|1779611960
|move|p1a: Kyurem|Ice Beam|p2a: Entey Tax
|-supereffective|p2a: Entey Tax
|-crit|p2a: Entey Tax
|-damage|p2a: Entey Tax|0 fnt
|faint|p2a: Entey Tax
|
|upkeep
|
|t:|1779611962
|switch|p2a: Final Boss|Kingambit, M|100/100
|-activate|p2a: Final Boss|ability: Supreme Overlord
|-start|p2a: Final Boss|fallen5|[silent]
|-item|p2a: Final Boss|Air Balloon
|turn|24
|
|t:|1779611969
|move|p1a: Kyurem|Ice Beam|p2a: Final Boss
|-resisted|p2a: Final Boss
|-damage|p2a: Final Boss|62/100
|-enditem|p2a: Final Boss|Air Balloon
|move|p2a: Final Boss|Low Kick|p1a: Kyurem
|-supereffective|p1a: Kyurem
|-damage|p1a: Kyurem|0 fnt
|faint|p1a: Kyurem
|
|upkeep
|
|t:|1779611979
|switch|p1a: Meowscarada|Meowscarada, F|27/100
|-damage|p1a: Meowscarada|15/100|[from] Stealth Rock
|turn|25
|
|t:|1779611988
|move|p1a: Meowscarada|Sucker Punch|p2a: Final Boss
|-start|p1a: Meowscarada|typechange|Dark|[from] ability: Protean
|-resisted|p2a: Final Boss
|-damage|p2a: Final Boss|39/100
|move|p2a: Final Boss|Sucker Punch||[still]
|-fail|p2a: Final Boss
|
|upkeep
|turn|26
|
|t:|1779611996
|move|p1a: Meowscarada|Sucker Punch|p2a: Final Boss
|-resisted|p2a: Final Boss
|-damage|p2a: Final Boss|18/100
|move|p2a: Final Boss|Low Kick|p1a: Meowscarada
|-supereffective|p1a: Meowscarada
|-damage|p1a: Meowscarada|0 fnt
|faint|p1a: Meowscarada
|
|upkeep
|
|t:|1779612008
|switch|p1a: Maushold|Maushold|88/100
|-damage|p1a: Maushold|76/100|[from] Stealth Rock
|turn|27
|
|t:|1779612012
|move|p1a: Maushold|Tidy Up|p1a: Maushold
|-sideend|p1: Sauce or smthn|Stealth Rock
|-activate|p1a: Maushold|move: Tidy Up
|-boost|p1a: Maushold|atk|1
|-boost|p1a: Maushold|spe|1
|move|p2a: Final Boss|Low Kick|p1a: Maushold
|-supereffective|p1a: Maushold
|-damage|p1a: Maushold|38/100
|
|upkeep
|turn|28
|
|t:|1779612024
|move|p2a: Final Boss|Sucker Punch|p1a: Maushold
|-damage|p1a: Maushold|0 fnt
|faint|p1a: Maushold
|
|upkeep
|
|t:|1779612030
|switch|p1a: Dragapult|Dragapult, F|50/100 brn
|turn|29
|
|t:|1779612035
|-terastallize|p1a: Dragapult|Dragon
|move|p2a: Final Boss|Sucker Punch|p1a: Dragapult
|-damage|p1a: Dragapult|0 fnt
|faint|p1a: Dragapult
|
|win|Evilgeordie
|raw|Sauce or smthn's rating: 1272 &rarr; <strong>1246</strong><br />(-26 for losing)
|raw|Evilgeordie's rating: 1258 &rarr; <strong>1284</strong><br />(+26 for winning)
|l|☆Sauce or smthn
|player|p1|
|c|☆Evilgeordie|Ggwp
|l|☆Evilgeordie
|player|p2|
