|j|☆vvff2022
|j|☆otsuke
|t:|1779690522
|gametype|singles
|player|p1|vvff2022|170|1240
|player|p2|otsuke|shadowtriad|1296
|gen|9
|tier|[Gen 9] OU
|rated|
|rule|HP Percentage Mod: HP is shown in percentages
|rule|Endless Battle Clause: Forcing endless battles is banned
|rule|Species Clause: Limit one of each Pokémon
|rule|OHKO Clause: OHKO moves are banned
|rule|Evasion Items Clause: Evasion items are banned
|rule|Evasion Moves Clause: Evasion moves are banned
|rule|Evasion Abilities Clause: Evasion abilities are banned
|rule|Sleep Moves Clause: Sleep-inducing moves are banned
|clearpoke
|poke|p1|Blaziken, F|
|poke|p1|Iron Hands|
|poke|p1|Hatterene, F|
|poke|p1|Gliscor, F|
|poke|p1|Ogerpon-Wellspring, F|
|poke|p1|Deoxys-Speed|
|poke|p2|Kleavor, M|
|poke|p2|Torkoal, F|
|poke|p2|Trevenant, F|
|poke|p2|Glimmora, M|
|poke|p2|Greninja-*, M|
|poke|p2|Espeon, M|
|teampreview
|
|t:|1779690531
|teamsize|p1|6
|teamsize|p2|6
|start
|switch|p1a: Deoxys|Deoxys-Speed|100/100
|switch|p2a: Nitequil|Espeon, M|100/100
|-ability|p1a: Deoxys|Pressure
|turn|1
|inactive|Battle timer is ON: inactive players will automatically lose when time's up. (requested by vvff2022)
|
|t:|1779690542
|move|p1a: Deoxys|Light Screen|p1a: Deoxys
|-sidestart|p1: vvff2022|move: Light Screen
|move|p2a: Nitequil|Thunder Wave|p1a: Deoxys
|-status|p1a: Deoxys|par
|
|upkeep
|turn|2
|
|t:|1779690548
|move|p2a: Nitequil|Future Sight|p1a: Deoxys
|-start|p2a: Nitequil|move: Future Sight
|cant|p1a: Deoxys|par
|
|upkeep
|turn|3
|
|t:|1779690569
|move|p2a: Nitequil|Dazzling Gleam|p1a: Deoxys
|-damage|p1a: Deoxys|84/100 par
|move|p1a: Deoxys|Reflect|p1a: Deoxys
|-sidestart|p1: vvff2022|Reflect
|
|upkeep
|turn|4
|
|t:|1779690578
|switch|p1a: Hatterene|Hatterene, F|100/100
|move|p2a: Nitequil|Protect||[still]
|-fail|p2a: Nitequil
|
|-end|p1a: Hatterene|move: Future Sight
|-resisted|p1a: Hatterene
|-damage|p1a: Hatterene|85/100
|-heal|p1a: Hatterene|91/100|[from] item: Leftovers
|upkeep
|turn|5
|
|t:|1779690588
|move|p2a: Nitequil|Future Sight|p1a: Hatterene
|-start|p2a: Nitequil|move: Future Sight
|move|p1a: Hatterene|Calm Mind|p1a: Hatterene
|-boost|p1a: Hatterene|spa|1
|-boost|p1a: Hatterene|spd|1
|
|-heal|p1a: Hatterene|97/100|[from] item: Leftovers
|upkeep
|turn|6
|
|t:|1779690599
|switch|p2a: Kane|Kleavor, M|100/100
|move|p1a: Hatterene|Calm Mind|p1a: Hatterene
|-boost|p1a: Hatterene|spa|1
|-boost|p1a: Hatterene|spd|1
|
|-heal|p1a: Hatterene|100/100|[from] item: Leftovers
|upkeep
|turn|7
|
|t:|1779690611
|move|p2a: Kane|Stone Axe|p1a: Hatterene
|-damage|p1a: Hatterene|80/100
|-sidestart|p1: vvff2022|move: Stealth Rock
|move|p1a: Hatterene|Stored Power|p2a: Kane
|-damage|p2a: Kane|0 fnt
|faint|p2a: Kane
|
|-end|p1a: Hatterene|move: Future Sight
|-resisted|p1a: Hatterene
|-damage|p1a: Hatterene|73/100
|-heal|p1a: Hatterene|79/100|[from] item: Leftovers
|upkeep
|
|t:|1779690626
|switch|p2a: Glick|Glimmora, M|100/100
|turn|8
|
|t:|1779690634
|move|p2a: Glick|Mortal Spin|p1a: Hatterene
|-supereffective|p1a: Hatterene
|-crit|p1a: Hatterene
|-damage|p1a: Hatterene|64/100
|-status|p1a: Hatterene|psn
|move|p1a: Hatterene|Stored Power|p2a: Glick
|-supereffective|p2a: Glick
|-enditem|p2a: Glick|Focus Sash
|-damage|p2a: Glick|1/100
|
|-heal|p1a: Hatterene|70/100 psn|[from] item: Leftovers
|-damage|p1a: Hatterene|58/100 psn|[from] psn
|-sideend|p1: vvff2022|move: Light Screen
|upkeep
|turn|9
|
|t:|1779690648
|move|p2a: Glick|Power Gem|p1a: Hatterene
|-damage|p1a: Hatterene|36/100 psn
|move|p1a: Hatterene|Stored Power|p2a: Glick
|-supereffective|p2a: Glick
|-damage|p2a: Glick|0 fnt
|faint|p2a: Glick
|
|-heal|p1a: Hatterene|42/100 psn|[from] item: Leftovers
|-damage|p1a: Hatterene|29/100 psn|[from] psn
|upkeep
|
|t:|1779690660
|switch|p2a: Nitequil|Espeon, M|100/100
|turn|10
|
|t:|1779690672
|move|p2a: Nitequil|Protect|p2a: Nitequil
|-singleturn|p2a: Nitequil|Protect
|move|p1a: Hatterene|Draining Kiss|p2a: Nitequil
|-activate|p2a: Nitequil|move: Protect
|
|-heal|p1a: Hatterene|35/100 psn|[from] item: Leftovers
|-damage|p1a: Hatterene|23/100 psn|[from] psn
|-sideend|p1: vvff2022|Reflect
|upkeep
|turn|11
|
|t:|1779690683
|switch|p2a: Fire Storm|Torkoal, F|100/100
|-weather|SunnyDay|[from] ability: Drought|[of] p2a: Fire Storm
|move|p1a: Hatterene|Draining Kiss|p2a: Fire Storm
|-resisted|p2a: Fire Storm
|-damage|p2a: Fire Storm|69/100
|-heal|p1a: Hatterene|48/100 psn|[from] drain|[of] p2a: Fire Storm
|-damage|p1a: Hatterene|32/100 psn|[from] item: Rocky Helmet|[of] p2a: Fire Storm
|
|-weather|SunnyDay|[upkeep]
|-heal|p1a: Hatterene|38/100 psn|[from] item: Leftovers
|-damage|p1a: Hatterene|26/100 psn|[from] psn
|upkeep
|turn|12
|
|t:|1779690696
|move|p1a: Hatterene|Draining Kiss|p2a: Fire Storm
|-resisted|p2a: Fire Storm
|-damage|p2a: Fire Storm|40/100
|-heal|p1a: Hatterene|49/100 psn|[from] drain|[of] p2a: Fire Storm
|-damage|p1a: Hatterene|33/100 psn|[from] item: Rocky Helmet|[of] p2a: Fire Storm
|move|p2a: Fire Storm|Flamethrower|p1a: Hatterene
|-damage|p1a: Hatterene|4/100 psn
|
|-weather|SunnyDay|[upkeep]
|-heal|p1a: Hatterene|10/100 psn|[from] item: Leftovers
|-damage|p1a: Hatterene|0 fnt|[from] psn
|faint|p1a: Hatterene
|upkeep
|
|t:|1779690712
|switch|p1a: Gliscor|Gliscor, F|100/100
|-damage|p1a: Gliscor|88/100|[from] Stealth Rock
|turn|13
|
|t:|1779690720
|move|p1a: Gliscor|Agility|p1a: Gliscor
|-boost|p1a: Gliscor|spe|2
|move|p2a: Fire Storm|Flamethrower|p1a: Gliscor
|-damage|p1a: Gliscor|10/100
|
|-weather|SunnyDay|[upkeep]
|-status|p1a: Gliscor|tox|[from] item: Toxic Orb
|upkeep
|turn|14
|
|t:|1779690730
|move|p1a: Gliscor|Earthquake|p2a: Fire Storm
|-supereffective|p2a: Fire Storm
|-damage|p2a: Fire Storm|0 fnt
|faint|p2a: Fire Storm
|
|-weather|SunnyDay|[upkeep]
|-heal|p1a: Gliscor|23/100 tox|[from] ability: Poison Heal
|upkeep
|
|t:|1779690742
|switch|p2a: Nitequil|Espeon, M|100/100
|turn|15
|
|t:|1779690747
|move|p1a: Gliscor|Earthquake|p2a: Nitequil
|-damage|p2a: Nitequil|10/100
|move|p2a: Nitequil|Future Sight|p1a: Gliscor
|-start|p2a: Nitequil|move: Future Sight
|
|-weather|none
|-heal|p1a: Gliscor|35/100 tox|[from] ability: Poison Heal
|upkeep
|turn|16
|
|t:|1779690756
|move|p1a: Gliscor|Earthquake|p2a: Nitequil
|-damage|p2a: Nitequil|0 fnt
|faint|p2a: Nitequil
|
|-heal|p1a: Gliscor|47/100 tox|[from] ability: Poison Heal
|upkeep
|
|t:|1779690768
|switch|p2a: Cursed Roots|Trevenant, F|100/100
|turn|17
|
|t:|1779690775
|move|p1a: Gliscor|Earthquake|p2a: Cursed Roots
|-resisted|p2a: Cursed Roots
|-damage|p2a: Cursed Roots|74/100
|move|p2a: Cursed Roots|Substitute|p2a: Cursed Roots
|-start|p2a: Cursed Roots|Substitute
|-damage|p2a: Cursed Roots|49/100
|-enditem|p2a: Cursed Roots|Sitrus Berry|[eat]
|-heal|p2a: Cursed Roots|74/100|[from] item: Sitrus Berry
|
|-end|p1a: Gliscor|move: Future Sight
|-crit|p1a: Gliscor
|-damage|p1a: Gliscor|0 fnt
|faint|p1a: Gliscor
|-item|p2a: Cursed Roots|Sitrus Berry|[from] ability: Harvest
|upkeep
|
|t:|1779690792
|switch|p1a: Iron Hands|Iron Hands|100/100
|-damage|p1a: Iron Hands|94/100|[from] Stealth Rock
|-enditem|p1a: Iron Hands|Booster Energy
|-activate|p1a: Iron Hands|ability: Quark Drive|[fromitem]
|-start|p1a: Iron Hands|quarkdriveatk
|turn|18
|
|t:|1779690807
|-terastallize|p2a: Cursed Roots|Ghost
|move|p1a: Iron Hands|Ice Punch|p2a: Cursed Roots
|-end|p2a: Cursed Roots|Substitute
|move|p2a: Cursed Roots|Leech Seed|p1a: Iron Hands
|-start|p1a: Iron Hands|move: Leech Seed
|
|-damage|p1a: Iron Hands|82/100|[from] Leech Seed|[of] p2a: Cursed Roots
|-heal|p2a: Cursed Roots|89/100|[silent]
|upkeep
|turn|19
|
|t:|1779690820
|move|p1a: Iron Hands|Thunder Punch|p2a: Cursed Roots
|-damage|p2a: Cursed Roots|21/100
|-enditem|p2a: Cursed Roots|Sitrus Berry|[eat]
|-heal|p2a: Cursed Roots|46/100|[from] item: Sitrus Berry
|move|p2a: Cursed Roots|Curse|p1a: Iron Hands
|-start|p1a: Iron Hands|Curse|[of] p2a: Cursed Roots
|-damage|p2a: Cursed Roots|0 fnt
|faint|p2a: Cursed Roots
|
|-damage|p1a: Iron Hands|57/100|[from] Curse
|upkeep
|
|t:|1779690832
|switch|p2a: Gank|Greninja, M|100/100
|turn|20
|
|t:|1779690839
|-end|p1a: Iron Hands|Quark Drive|[silent]
|switch|p1a: Ogerpon|Ogerpon-Wellspring, F|100/100
|-damage|p1a: Ogerpon|88/100|[from] Stealth Rock
|move|p2a: Gank|Surf|p1a: Ogerpon
|-heal|p1a: Ogerpon|100/100|[from] ability: Water Absorb|[of] p2a: Gank
|
|upkeep
|turn|21
|
|t:|1779690850
|move|p2a: Gank|Sludge Wave|p1a: Ogerpon
|-supereffective|p1a: Ogerpon
|-damage|p1a: Ogerpon|18/100
|move|p1a: Ogerpon|Trailblaze|p2a: Gank
|-supereffective|p2a: Gank
|-damage|p2a: Gank|0 fnt
|-boost|p1a: Ogerpon|spe|1
|faint|p2a: Gank
|
|win|vvff2022
|raw|vvff2022's rating: 1240 &rarr; <strong>1269</strong><br />(+29 for winning)
|raw|otsuke's rating: 1296 &rarr; <strong>1267</strong><br />(-29 for losing)
|l|☆otsuke
|player|p2|
|l|☆vvff2022
|player|p1|
