|j|☆diddlediddle
|j|☆goon with spoon
|t:|1779582003
|gametype|singles
|player|p1|diddlediddle|swimmerf|1320
|player|p2|goon with spoon|palmer|1360
|gen|9
|tier|[Gen 9] OU
|rated|
|rule|HP Percentage Mod: HP is shown in percentages
|rule|Endless Battle Clause: Forcing endless battles is banned
|rule|Species Clause: Limit one of each Pokémon
|rule|OHKO Clause: OHKO moves are banned
|rule|Evasion Items Clause: Evasion items are banned
|rule|Evasion Moves Clause: Evasion moves are banned
|rule|Evasion Abilities Clause: Evasion abilities are banned
|rule|Sleep Moves Clause: Sleep-inducing moves are banned
|clearpoke
|poke|p1|Cacturne, M|
|poke|p1|Sandy Shocks|
|poke|p1|Jirachi|
|poke|p1|Zoroark-Hisui, F|
|poke|p1|Heatran, M|
|poke|p1|Maushold-Four|
|poke|p2|Zamazenta-*|
|poke|p2|Gliscor, M|
|poke|p2|Great Tusk|
|poke|p2|Kyurem|
|poke|p2|Gholdengo|
|poke|p2|Rillaboom, M|
|teampreview
|inactive|Battle timer is ON: inactive players will automatically lose when time's up. (requested by diddlediddle)
|
|t:|1779582021
|teamsize|p1|6
|teamsize|p2|6
|start
|switch|p1a: Maushold|Maushold-Four|100/100
|switch|p2a: THE DON|Kyurem|100/100
|-ability|p2a: THE DON|Pressure
|turn|1
|
|t:|1779582037
|-terastallize|p1a: Maushold|Fairy
|move|p1a: Maushold|Bitter Malice|p2a: THE DON
|-damage|p2a: THE DON|39/100
|-unboost|p2a: THE DON|atk|1
|move|p2a: THE DON|Draco Meteor|p1a: Maushold
|-immune|p1a: Maushold
|
|upkeep
|turn|2
|
|t:|1779582057
|switch|p2a: Zamazenta|Zamazenta|100/100
|-ability|p2a: Zamazenta|Dauntless Shield|boost
|-boost|p2a: Zamazenta|def|1
|move|p1a: Maushold|Bitter Malice|p2a: Zamazenta
|-damage|p2a: Zamazenta|50/100
|-unboost|p2a: Zamazenta|atk|1
|
|-heal|p2a: Zamazenta|56/100|[from] item: Leftovers
|upkeep
|turn|3
|
|t:|1779582071
|move|p2a: Zamazenta|Iron Defense|p2a: Zamazenta
|-boost|p2a: Zamazenta|def|2
|move|p1a: Maushold|Bitter Malice|p2a: Zamazenta
|-damage|p2a: Zamazenta|8/100
|-unboost|p2a: Zamazenta|atk|1
|
|-heal|p2a: Zamazenta|14/100|[from] item: Leftovers
|upkeep
|turn|4
|j| huuueehueeek
|
|t:|1779582086
|move|p2a: Zamazenta|Body Press|p1a: Maushold
|-resisted|p1a: Maushold
|-damage|p1a: Maushold|8/100
|replace|p1a: Zoroark|Zoroark-Hisui, F
|-end|p1a: Zoroark|Illusion
|move|p1a: Zoroark|Bitter Malice|p2a: Zamazenta
|-damage|p2a: Zamazenta|0 fnt
|faint|p2a: Zamazenta
|
|upkeep
|c|☆diddlediddle|Lmao the guy who just joined is someone I destroyed last game
|inactive|goon with spoon has 120 seconds left.
|c|☆diddlediddle|I got a stalker
|
|t:|1779582105
|switch|p2a: OO OO|Rillaboom, M|100/100
|-fieldstart|move: Grassy Terrain|[from] ability: Grassy Surge|[of] p2a: OO OO
|turn|5
|
|t:|1779582126
|switch|p1a: Heatran|Heatran, M|100/100
|move|p2a: OO OO|Grassy Glide|p1a: Heatran
|-resisted|p1a: Heatran
|-damage|p1a: Heatran|91/100
|
|-heal|p1a: Heatran|97/100|[from] Grassy Terrain
|upkeep
|turn|6
|inactive|goon with spoon has 120 seconds left.
|
|t:|1779582145
|switch|p1a: Maushold|Maushold-Four, tera:Fairy|8/100
|switch|p2a: ADDRESS ME|Great Tusk|100/100
|
|-heal|p1a: Maushold|14/100|[from] Grassy Terrain
|upkeep
|turn|7
|inactive|goon with spoon has 120 seconds left.
|inactive|diddlediddle has 120 seconds left.
|
|t:|1779582183
|move|p1a: Maushold|Bitter Malice|p2a: ADDRESS ME
|-damage|p2a: ADDRESS ME|12/100
|-unboost|p2a: ADDRESS ME|atk|1
|move|p2a: ADDRESS ME|Rapid Spin|p1a: Maushold
|-damage|p1a: Maushold|0 fnt
|-boost|p2a: ADDRESS ME|spe|1
|replace|p1a: Zoroark|Zoroark-Hisui, F
|-end|p1a: Zoroark|Illusion
|faint|p1a: Zoroark
|
|-heal|p2a: ADDRESS ME|18/100|[from] Grassy Terrain
|upkeep
|
|t:|1779582202
|switch|p1a: Sandy Shocks|Sandy Shocks|100/100
|-enditem|p1a: Sandy Shocks|Booster Energy
|-activate|p1a: Sandy Shocks|ability: Protosynthesis|[fromitem]
|-start|p1a: Sandy Shocks|protosynthesisspe
|turn|8
|
|t:|1779582215
|move|p1a: Sandy Shocks|Earth Power|p2a: ADDRESS ME
|-damage|p2a: ADDRESS ME|0 fnt
|faint|p2a: ADDRESS ME
|-end|p2a: ADDRESS ME|Protosynthesis|[silent]
|
|upkeep
|
|t:|1779582231
|switch|p2a: OO OO|Rillaboom, M|100/100
|turn|9
|
|t:|1779582237
|-end|p1a: Sandy Shocks|Protosynthesis|[silent]
|switch|p1a: Heatran|Heatran, M|97/100
|move|p2a: OO OO|Knock Off|p1a: Heatran
|-damage|p1a: Heatran|62/100
|-enditem|p1a: Heatran|Choice Scarf|[from] move: Knock Off|[of] p2a: OO OO
|
|-heal|p1a: Heatran|68/100|[from] Grassy Terrain
|-fieldend|move: Grassy Terrain
|upkeep
|turn|10
|inactive|diddlediddle has 120 seconds left.
|
|t:|1779582250
|move|p1a: Heatran|Will-O-Wisp|p2a: OO OO
|-status|p2a: OO OO|brn
|move|p2a: OO OO|Low Kick|p1a: Heatran
|-supereffective|p1a: Heatran
|-damage|p1a: Heatran|24/100
|
|-damage|p2a: OO OO|94/100 brn|[from] brn
|upkeep
|turn|11
|inactive|diddlediddle has 120 seconds left.
|
|t:|1779582267
|move|p1a: Heatran|Flamethrower|p2a: OO OO
|-supereffective|p2a: OO OO
|-damage|p2a: OO OO|20/100 brn
|move|p2a: OO OO|U-turn|p1a: Heatran
|-resisted|p1a: Heatran
|-damage|p1a: Heatran|21/100
|inactive|goon with spoon has 90 seconds left.
|
|t:|1779582286
|switch|p2a: HEDGE|Gliscor, M|100/100|[from] U-turn
|
|-status|p2a: HEDGE|tox|[from] item: Toxic Orb
|upkeep
|turn|12
|inactive|goon with spoon has 90 seconds left.
|
|t:|1779582300
|move|p1a: Heatran|Flamethrower|p2a: HEDGE
|-damage|p2a: HEDGE|58/100 tox
|move|p2a: HEDGE|Knock Off|p1a: Heatran
|-damage|p1a: Heatran|6/100
|
|-heal|p2a: HEDGE|70/100 tox|[from] ability: Poison Heal
|upkeep
|turn|13
|
|t:|1779582314
|move|p2a: HEDGE|Protect|p2a: HEDGE
|-singleturn|p2a: HEDGE|Protect
|move|p1a: Heatran|Flamethrower|p2a: HEDGE
|-activate|p2a: HEDGE|move: Protect
|
|-heal|p2a: HEDGE|83/100 tox|[from] ability: Poison Heal
|upkeep
|turn|14
|
|t:|1779582322
|move|p1a: Heatran|Flamethrower|p2a: HEDGE
|-damage|p2a: HEDGE|46/100 tox
|move|p2a: HEDGE|Knock Off|p1a: Heatran
|-damage|p1a: Heatran|0 fnt
|faint|p1a: Heatran
|
|-heal|p2a: HEDGE|58/100 tox|[from] ability: Poison Heal
|upkeep
|
|t:|1779582332
|switch|p1a: Maushold|Maushold-Four|100/100
|turn|15
|
|t:|1779582341
|move|p1a: Maushold|Tidy Up|p1a: Maushold
|-boost|p1a: Maushold|atk|1
|-boost|p1a: Maushold|spe|1
|move|p2a: HEDGE|Toxic|p1a: Maushold
|-status|p1a: Maushold|tox
|
|-damage|p1a: Maushold|94/100 tox|[from] psn
|-heal|p2a: HEDGE|71/100 tox|[from] ability: Poison Heal
|upkeep
|turn|16
|inactive|goon with spoon has 120 seconds left.
|
|t:|1779582351
|move|p1a: Maushold|Tidy Up|p1a: Maushold
|-boost|p1a: Maushold|atk|1
|-boost|p1a: Maushold|spe|1
|move|p2a: HEDGE|Spikes|p1a: Maushold
|-sidestart|p1: diddlediddle|Spikes
|
|-damage|p1a: Maushold|82/100 tox|[from] psn
|-heal|p2a: HEDGE|83/100 tox|[from] ability: Poison Heal
|upkeep
|turn|17
|inactive|goon with spoon has 120 seconds left.
|
|t:|1779582359
|move|p2a: HEDGE|Protect|p2a: HEDGE
|-singleturn|p2a: HEDGE|Protect
|move|p1a: Maushold|Population Bomb|p2a: HEDGE
|-activate|p2a: HEDGE|move: Protect
|
|-damage|p1a: Maushold|63/100 tox|[from] psn
|-heal|p2a: HEDGE|96/100 tox|[from] ability: Poison Heal
|upkeep
|turn|18
|inactive|goon with spoon has 120 seconds left.
|
|t:|1779582371
|move|p1a: Maushold|Bite|p2a: HEDGE
|-damage|p2a: HEDGE|62/100 tox
|move|p2a: HEDGE|Spikes|p1a: Maushold
|-sidestart|p1: diddlediddle|Spikes
|
|-damage|p1a: Maushold|38/100 tox|[from] psn
|-heal|p2a: HEDGE|74/100 tox|[from] ability: Poison Heal
|upkeep
|turn|19
|inactive|goon with spoon has 120 seconds left.
|
|t:|1779582383
|move|p2a: HEDGE|Protect|p2a: HEDGE
|-singleturn|p2a: HEDGE|Protect
|move|p1a: Maushold|Population Bomb|p2a: HEDGE
|-activate|p2a: HEDGE|move: Protect
|
|-damage|p1a: Maushold|7/100 tox|[from] psn
|-heal|p2a: HEDGE|87/100 tox|[from] ability: Poison Heal
|upkeep
|turn|20
|inactive|goon with spoon has 120 seconds left.
|
|t:|1779582396
|switch|p2a: THEY STAY UP|Gholdengo|100/100
|-item|p2a: THEY STAY UP|Air Balloon
|move|p1a: Maushold|Bite|p2a: THEY STAY UP
|-supereffective|p2a: THEY STAY UP
|-damage|p2a: THEY STAY UP|35/100
|-enditem|p2a: THEY STAY UP|Air Balloon
|
|-damage|p1a: Maushold|0 fnt|[from] psn
|faint|p1a: Maushold
|upkeep
|
|t:|1779582409
|switch|p1a: Cacturne|Cacturne, M|100/100
|-damage|p1a: Cacturne|84/100|[from] Spikes
|turn|21
|
|t:|1779582422
|move|p2a: THEY STAY UP|Make It Rain|p1a: Cacturne
|-damage|p1a: Cacturne|0 fnt
|-unboost|p2a: THEY STAY UP|spa|1
|faint|p1a: Cacturne
|
|upkeep
|
|t:|1779582429
|switch|p1a: Sandy Shocks|Sandy Shocks|100/100
|-damage|p1a: Sandy Shocks|84/100|[from] Spikes
|turn|22
|
|t:|1779582436
|-end|p1a: Sandy Shocks|Protosynthesis|[silent]
|switch|p1a: Live by the flinch|Jirachi|100/100
|-damage|p1a: Live by the flinch|84/100|[from] Spikes
|switch|p2a: HEDGE|Gliscor, M|87/100 tox
|
|-heal|p2a: HEDGE|99/100 tox|[from] ability: Poison Heal
|upkeep
|turn|23
|
|t:|1779582445
|move|p1a: Live by the flinch|Trick|p2a: HEDGE
|-activate|p1a: Live by the flinch|move: Trick|[of] p2a: HEDGE
|-item|p2a: HEDGE|Choice Scarf|[from] move: Trick
|-item|p1a: Live by the flinch|Toxic Orb|[from] move: Trick
|move|p2a: HEDGE|Knock Off|p1a: Live by the flinch
|-supereffective|p1a: Live by the flinch
|-damage|p1a: Live by the flinch|41/100
|-enditem|p1a: Live by the flinch|Toxic Orb|[from] move: Knock Off|[of] p2a: HEDGE
|
|-heal|p2a: HEDGE|100/100 tox|[from] ability: Poison Heal
|upkeep
|turn|24
|
|t:|1779582456
|move|p2a: HEDGE|Knock Off|p1a: Live by the flinch
|-supereffective|p1a: Live by the flinch
|-damage|p1a: Live by the flinch|10/100
|move|p1a: Live by the flinch|Iron Head|p2a: HEDGE
|-damage|p2a: HEDGE|73/100 tox
|
|-heal|p2a: HEDGE|85/100 tox|[from] ability: Poison Heal
|upkeep
|turn|25
|
|t:|1779582465
|move|p2a: HEDGE|Knock Off|p1a: Live by the flinch
|-supereffective|p1a: Live by the flinch
|-damage|p1a: Live by the flinch|0 fnt
|faint|p1a: Live by the flinch
|
|-heal|p2a: HEDGE|98/100 tox|[from] ability: Poison Heal
|upkeep
|c|☆diddlediddle|GG broski
|c|☆goon with spoon|yea
|c|☆goon with spoon|cool team
|c|☆diddlediddle|You're way better than that huehue guy
|c|☆diddlediddle|Ty man, you too
|c|☆goon with spoon|refreshing not seeing sun spam
|c|☆goon with spoon|with walking wake
|inactive|diddlediddle has 120 seconds left.
|c|☆goon with spoon|hahaha tyty
|c|☆diddlediddle|Ikr, shame cacturne got destroyed as it's fun when it works but situational
|
|t:|1779582508
|switch|p1a: Sandy Shocks|Sandy Shocks|84/100
|-damage|p1a: Sandy Shocks|68/100|[from] Spikes
|turn|26
|
|t:|1779582520
|move|p2a: HEDGE|Knock Off|p1a: Sandy Shocks
|-damage|p1a: Sandy Shocks|52/100
|move|p1a: Sandy Shocks|Flash Cannon|p2a: HEDGE
|-damage|p2a: HEDGE|76/100 tox
|
|-heal|p2a: HEDGE|89/100 tox|[from] ability: Poison Heal
|upkeep
|turn|27
|inactive|diddlediddle has 120 seconds left.
|
|t:|1779582531
|move|p2a: HEDGE|Knock Off|p1a: Sandy Shocks
|-damage|p1a: Sandy Shocks|36/100
|move|p1a: Sandy Shocks|Flash Cannon|p2a: HEDGE
|-damage|p2a: HEDGE|68/100 tox
|
|-heal|p2a: HEDGE|81/100 tox|[from] ability: Poison Heal
|upkeep
|turn|28
|inactive|diddlediddle has 120 seconds left.
|c|☆diddlediddle|Wonder if my stalker will follow me again lmao
|
|t:|1779582548
|move|p2a: HEDGE|Knock Off|p1a: Sandy Shocks
|-damage|p1a: Sandy Shocks|19/100
|move|p1a: Sandy Shocks|Flash Cannon|p2a: HEDGE
|-damage|p2a: HEDGE|57/100 tox
|
|-heal|p2a: HEDGE|69/100 tox|[from] ability: Poison Heal
|upkeep
|turn|29
|c|☆goon with spoon|xD
|c|☆goon with spoon|did you beat him that bad?
|
|t:|1779582558
|move|p2a: HEDGE|Knock Off|p1a: Sandy Shocks
|-damage|p1a: Sandy Shocks|3/100
|move|p1a: Sandy Shocks|Flash Cannon|p2a: HEDGE
|-damage|p2a: HEDGE|46/100 tox
|
|-heal|p2a: HEDGE|58/100 tox|[from] ability: Poison Heal
|upkeep
|turn|30
|c|☆diddlediddle|Yeah man he's so butthurt lmao
|c|☆goon with spoon|lol
|inactive|diddlediddle has 120 seconds left.
|c|☆diddlediddle|Legit following from game to game
|c|☆goon with spoon|dont tell me jirachi flinch
|c|☆diddlediddle|Not even that lmao just straight up outplayed
|c|☆goon with spoon|damn
|c|☆diddlediddle|I'm not even good he's just awful
|inactive|diddlediddle has 90 seconds left.
|c|☆goon with spoon|huehue youre ass bro
|
|t:|1779582602
|move|p2a: HEDGE|Knock Off|p1a: Sandy Shocks
|-damage|p1a: Sandy Shocks|0 fnt
|faint|p1a: Sandy Shocks
|-end|p1a: Sandy Shocks|Protosynthesis|[silent]
|
|win|goon with spoon
|raw|diddlediddle's rating: 1320 &rarr; <strong>1302</strong><br />(-18 for losing)
|raw|goon with spoon's rating: 1360 &rarr; <strong>1378</strong><br />(+18 for winning)
|c|☆diddlediddle|Lmaooooo
|c|☆goon with spoon|ggs diddle
|c|☆diddlediddle|Gg goon Ty
|c|☆goon with spoon|peca
|c|☆goon with spoon|peace!!
|l|☆diddlediddle
|player|p1|
