|j|☆Quadfxther
|j|☆A$AP PUCK
|t:|1779720748
|gametype|singles
|player|p1|Quadfxther|miku-water|1547
|player|p2|A$AP PUCK|grimsley|1550
|gen|9
|tier|[Gen 9] OU
|rated|
|rule|HP Percentage Mod: HP is shown in percentages
|rule|Endless Battle Clause: Forcing endless battles is banned
|rule|Species Clause: Limit one of each Pokémon
|rule|OHKO Clause: OHKO moves are banned
|rule|Evasion Items Clause: Evasion items are banned
|rule|Evasion Moves Clause: Evasion moves are banned
|rule|Evasion Abilities Clause: Evasion abilities are banned
|rule|Sleep Moves Clause: Sleep-inducing moves are banned
|clearpoke
|poke|p1|Araquanid, M|
|poke|p1|Gholdengo|
|poke|p1|Raging Bolt|
|poke|p1|Iron Valiant|
|poke|p1|Ceruledge, M|
|poke|p1|Deoxys-Speed|
|poke|p2|Tyranitar, M|
|poke|p2|Excadrill, M|
|poke|p2|Moltres|
|poke|p2|Houndstone, F|
|poke|p2|Weezing-Galar, M|
|poke|p2|Darkrai|
|teampreview
|inactive|Battle timer is ON: inactive players will automatically lose when time's up. (requested by Quadfxther)
|
|t:|1779720763
|teamsize|p1|6
|teamsize|p2|6
|start
|switch|p1a: Araquanid|Araquanid, M|100/100
|switch|p2a: Tyranitar|Tyranitar, M|100/100
|-weather|Sandstorm|[from] ability: Sand Stream|[of] p2a: Tyranitar
|turn|1
|
|t:|1779720777
|move|p1a: Araquanid|Endure|p1a: Araquanid
|-singleturn|p1a: Araquanid|move: Endure
|move|p2a: Tyranitar|Knock Off|p1a: Araquanid
|-damage|p1a: Araquanid|43/100
|-enditem|p1a: Araquanid|Custap Berry|[from] move: Knock Off|[of] p2a: Tyranitar
|
|-weather|Sandstorm|[upkeep]
|-damage|p1a: Araquanid|37/100|[from] Sandstorm
|upkeep
|turn|2
|
|t:|1779720782
|move|p2a: Tyranitar|Knock Off|p1a: Araquanid
|-damage|p1a: Araquanid|0 fnt
|faint|p1a: Araquanid
|
|-weather|Sandstorm|[upkeep]
|upkeep
|
|t:|1779720788
|switch|p1a: Ceruledge|Ceruledge, M|100/100
|turn|3
|
|t:|1779720797
|switch|p2a: Moltres|Moltres|100/100
|move|p1a: Ceruledge|Close Combat|p2a: Moltres
|-resisted|p2a: Moltres
|-damage|p2a: Moltres|86/100
|-unboost|p1a: Ceruledge|def|1
|-unboost|p1a: Ceruledge|spd|1
|
|-weather|Sandstorm|[upkeep]
|-damage|p1a: Ceruledge|94/100|[from] Sandstorm
|-damage|p2a: Moltres|80/100|[from] Sandstorm
|upkeep
|turn|4
|
|t:|1779720801
|move|p1a: Ceruledge|Swords Dance|p1a: Ceruledge
|-boost|p1a: Ceruledge|atk|2
|move|p2a: Moltres|Roar|p1a: Ceruledge
|drag|p1a: Gholdengo|Gholdengo|100/100
|-item|p1a: Gholdengo|Air Balloon
|
|-weather|Sandstorm|[upkeep]
|-damage|p2a: Moltres|74/100|[from] Sandstorm
|upkeep
|turn|5
|
|t:|1779720807
|move|p1a: Gholdengo|Shadow Ball|p2a: Moltres
|-damage|p2a: Moltres|23/100
|move|p2a: Moltres|Flamethrower|p1a: Gholdengo
|-supereffective|p1a: Gholdengo
|-damage|p1a: Gholdengo|9/100
|-enditem|p1a: Gholdengo|Air Balloon
|
|-weather|none
|upkeep
|turn|6
|
|t:|1779720812
|move|p1a: Gholdengo|Make It Rain|p2a: Moltres
|-resisted|p2a: Moltres
|-damage|p2a: Moltres|0 fnt
|-unboost|p1a: Gholdengo|spa|1
|faint|p2a: Moltres
|
|upkeep
|
|t:|1779720819
|switch|p2a: Darkrai|Darkrai|100/100
|turn|7
|
|t:|1779720822
|move|p2a: Darkrai|Dark Pulse|p1a: Gholdengo
|-supereffective|p1a: Gholdengo
|-damage|p1a: Gholdengo|0 fnt
|faint|p1a: Gholdengo
|
|upkeep
|
|t:|1779720827
|switch|p1a: Deoxys|Deoxys-Speed|100/100
|-ability|p1a: Deoxys|Pressure
|turn|8
|
|t:|1779720834
|switch|p2a: Houndstone|Houndstone, F|100/100
|move|p1a: Deoxys|Focus Blast|p2a: Houndstone
|-immune|p2a: Houndstone
|
|upkeep
|turn|9
|
|t:|1779720839
|move|p2a: Houndstone|Shadow Sneak|p1a: Deoxys
|-supereffective|p1a: Deoxys
|-damage|p1a: Deoxys|25/100
|move|p1a: Deoxys|Psycho Boost|p2a: Houndstone|[miss]
|-miss|p1a: Deoxys|p2a: Houndstone
|
|upkeep
|turn|10
|-message|Quadfxther forfeited.
|
|win|A$AP PUCK
|raw|Quadfxther's rating: 1547 &rarr; <strong>1527</strong><br />(-20 for losing)
|raw|A$AP PUCK's rating: 1550 &rarr; <strong>1570</strong><br />(+20 for winning)
|l|☆Quadfxther
|player|p1|
|l|☆A$AP PUCK
|player|p2|
