|j|☆hillbilly z
|j|☆toptentilts
|t:|1779600322
|gametype|singles
|player|p1|hillbilly z|266|1515
|player|p2|toptentilts|madame-gen4|1466
|gen|9
|tier|[Gen 9] OU
|rated|
|rule|HP Percentage Mod: HP is shown in percentages
|rule|Endless Battle Clause: Forcing endless battles is banned
|rule|Species Clause: Limit one of each Pokémon
|rule|OHKO Clause: OHKO moves are banned
|rule|Evasion Items Clause: Evasion items are banned
|rule|Evasion Moves Clause: Evasion moves are banned
|rule|Evasion Abilities Clause: Evasion abilities are banned
|rule|Sleep Moves Clause: Sleep-inducing moves are banned
|clearpoke
|poke|p1|Torkoal, F|
|poke|p1|Scovillain, F|
|poke|p1|Walking Wake|
|poke|p1|Hatterene, F|
|poke|p1|Great Tusk|
|poke|p1|Ceruledge, F|
|poke|p2|Gholdengo|
|poke|p2|Sinistcha|
|poke|p2|Ting-Lu|
|poke|p2|Darkrai|
|poke|p2|Ogerpon-Wellspring, F|
|poke|p2|Iron Treads|
|teampreview
|inactive|Battle timer is ON: inactive players will automatically lose when time's up. (requested by toptentilts)
|
|t:|1779600326
|teamsize|p1|6
|teamsize|p2|6
|start
|switch|p1a: Torkoal|Torkoal, F|100/100
|switch|p2a: ting luminous|Ting-Lu, shiny|100/100
|-ability|p2a: ting luminous|Vessel of Ruin
|-weather|SunnyDay|[from] ability: Drought|[of] p1a: Torkoal
|turn|1
|
|t:|1779600329
|switch|p1a: Hatterene|Hatterene, F|100/100
|move|p2a: ting luminous|Stealth Rock|p1a: Hatterene
|move|p1a: Hatterene|Stealth Rock|p2a: ting luminous|[from] ability: Magic Bounce
|-sidestart|p2: toptentilts|move: Stealth Rock
|
|-weather|SunnyDay|[upkeep]
|upkeep
|turn|2
|
|t:|1779600331
|switch|p1a: Walking Wake|Walking Wake|100/100
|-activate|p1a: Walking Wake|ability: Protosynthesis
|-start|p1a: Walking Wake|protosynthesisspa
|move|p2a: ting luminous|Heavy Slam|p1a: Walking Wake
|-resisted|p1a: Walking Wake
|-damage|p1a: Walking Wake|92/100
|
|-weather|SunnyDay|[upkeep]
|upkeep
|turn|3
|
|t:|1779600339
|-terastallize|p2a: ting luminous|Ghost
|move|p1a: Walking Wake|Draco Meteor|p2a: ting luminous|[miss]
|-miss|p1a: Walking Wake|p2a: ting luminous
|move|p2a: ting luminous|Stealth Rock|p1a: Walking Wake
|-sidestart|p1: hillbilly z|move: Stealth Rock
|
|-weather|SunnyDay|[upkeep]
|upkeep
|turn|4
|
|t:|1779600343
|move|p1a: Walking Wake|Draco Meteor|p2a: ting luminous
|-damage|p2a: ting luminous|32/100
|-unboost|p1a: Walking Wake|spa|2
|move|p2a: ting luminous|Spikes|p1a: Walking Wake
|-sidestart|p1: hillbilly z|Spikes
|
|-weather|SunnyDay|[upkeep]
|-heal|p2a: ting luminous|38/100|[from] item: Leftovers
|upkeep
|turn|5
|
|t:|1779600352
|switch|p2a: Iron Treads|Iron Treads|100/100
|-damage|p2a: Iron Treads|97/100|[from] Stealth Rock
|move|p1a: Walking Wake|Draco Meteor|p2a: Iron Treads
|-resisted|p2a: Iron Treads
|-damage|p2a: Iron Treads|75/100
|-unboost|p1a: Walking Wake|spa|2
|
|-weather|SunnyDay|[upkeep]
|upkeep
|turn|6
|
|t:|1779600358
|-end|p1a: Walking Wake|Protosynthesis|[silent]
|switch|p1a: Hatterene|Hatterene, F|100/100
|-damage|p1a: Hatterene|88/100|[from] Stealth Rock
|-damage|p1a: Hatterene|76/100|[from] Spikes
|move|p2a: Iron Treads|Earthquake|p1a: Hatterene
|-damage|p1a: Hatterene|40/100
|-enditem|p1a: Hatterene|Eject Button
|
|t:|1779600363
|switch|p1a: Scovillain|Scovillain, F|100/100
|-damage|p1a: Scovillain|76/100|[from] Stealth Rock
|-damage|p1a: Scovillain|64/100|[from] Spikes
|
|-weather|SunnyDay|[upkeep]
|upkeep
|turn|7
|
|t:|1779600378
|move|p1a: Scovillain|Flamethrower|p2a: Iron Treads
|-supereffective|p2a: Iron Treads
|-damage|p2a: Iron Treads|0 fnt
|faint|p2a: Iron Treads
|-end|p2a: Iron Treads|Quark Drive|[silent]
|-damage|p1a: Scovillain|54/100|[from] item: Life Orb
|
|-weather|SunnyDay|[upkeep]
|upkeep
|
|t:|1779600383
|switch|p2a: Darkrai|Darkrai|100/100
|turn|8
|
|t:|1779600396
|move|p1a: Scovillain|Overheat|p2a: Darkrai
|-damage|p2a: Darkrai|0 fnt
|-unboost|p1a: Scovillain|spa|2
|faint|p2a: Darkrai
|-damage|p1a: Scovillain|44/100|[from] item: Life Orb
|
|-weather|none
|upkeep
|-message|toptentilts forfeited.
|
|win|hillbilly z
|raw|hillbilly z's rating: 1515 &rarr; <strong>1532</strong><br />(+17 for winning)
|raw|toptentilts's rating: 1466 &rarr; <strong>1449</strong><br />(-17 for losing)
|l|☆toptentilts
|player|p2|
|l|☆hillbilly z
|player|p1|
