|j|☆Sooswillbebeat
|j|☆linosRed
|t:|1779596081
|gametype|singles
|player|p1|Sooswillbebeat|cynthia|1356
|player|p2|linosRed|flannery|1391
|gen|9
|tier|[Gen 9] OU
|rated|
|rule|HP Percentage Mod: HP is shown in percentages
|rule|Endless Battle Clause: Forcing endless battles is banned
|rule|Species Clause: Limit one of each Pokémon
|rule|OHKO Clause: OHKO moves are banned
|rule|Evasion Items Clause: Evasion items are banned
|rule|Evasion Moves Clause: Evasion moves are banned
|rule|Evasion Abilities Clause: Evasion abilities are banned
|rule|Sleep Moves Clause: Sleep-inducing moves are banned
|clearpoke
|poke|p1|Kyurem|
|poke|p1|Gholdengo|
|poke|p1|Ceruledge, F|
|poke|p1|Pecharunt|
|poke|p1|Regieleki|
|poke|p1|Iron Valiant|
|poke|p2|Great Tusk|
|poke|p2|Walking Wake|
|poke|p2|Kingambit, F|
|poke|p2|Venusaur, M|
|poke|p2|Ninetales, F|
|poke|p2|Raging Bolt|
|teampreview
|inactive|Battle timer is ON: inactive players will automatically lose when time's up. (requested by Sooswillbebeat)
|
|t:|1779596097
|teamsize|p1|6
|teamsize|p2|6
|start
|switch|p1a: Regieleki|Regieleki|100/100
|switch|p2a: Ninetales|Ninetales, F|100/100
|-weather|SunnyDay|[from] ability: Drought|[of] p2a: Ninetales
|turn|1
|
|t:|1779596106
|switch|p2a: Venusaur|Venusaur, M|100/100
|move|p1a: Regieleki|Volt Switch|p2a: Venusaur
|-resisted|p2a: Venusaur
|-damage|p2a: Venusaur|84/100
|
|t:|1779596113
|switch|p1a: Ceruledge|Ceruledge, F|100/100|[from] Volt Switch
|
|-weather|SunnyDay|[upkeep]
|upkeep
|turn|2
|
|t:|1779596119
|-terastallize|p2a: Venusaur|Fire
|move|p2a: Venusaur|Growth|p2a: Venusaur
|-boost|p2a: Venusaur|atk|2
|-boost|p2a: Venusaur|spa|2
|move|p1a: Ceruledge|Bitter Blade|p2a: Venusaur
|-resisted|p2a: Venusaur
|-damage|p2a: Venusaur|35/100
|
|-weather|SunnyDay|[upkeep]
|upkeep
|turn|3
|
|t:|1779596130
|move|p1a: Ceruledge|Shadow Sneak|p2a: Venusaur
|-damage|p2a: Venusaur|7/100
|move|p2a: Venusaur|Weather Ball|p1a: Ceruledge
|-resisted|p1a: Ceruledge
|-damage|p1a: Ceruledge|9/100
|-damage|p2a: Venusaur|0 fnt|[from] item: Life Orb
|faint|p2a: Venusaur
|
|-weather|SunnyDay|[upkeep]
|upkeep
|inactive|linosRed has 120 seconds left.
|
|t:|1779596168
|switch|p2a: Kingambit|Kingambit, F|100/100
|-activate|p2a: Kingambit|ability: Supreme Overlord
|-start|p2a: Kingambit|fallen1|[silent]
|-item|p2a: Kingambit|Air Balloon
|turn|4
|inactive|linosRed has 120 seconds left.
|
|t:|1779596176
|move|p2a: Kingambit|Sucker Punch|p1a: Ceruledge
|-supereffective|p1a: Ceruledge
|-damage|p1a: Ceruledge|0 fnt
|faint|p1a: Ceruledge
|
|-weather|SunnyDay|[upkeep]
|upkeep
|
|t:|1779596187
|switch|p1a: Iron Valiant|Iron Valiant|100/100
|-enditem|p1a: Iron Valiant|Booster Energy
|-activate|p1a: Iron Valiant|ability: Quark Drive|[fromitem]
|-start|p1a: Iron Valiant|quarkdrivespe
|turn|5
|
|t:|1779596195
|move|p1a: Iron Valiant|Aura Sphere|p2a: Kingambit
|-supereffective|p2a: Kingambit
|-damage|p2a: Kingambit|0 fnt
|-enditem|p2a: Kingambit|Air Balloon
|faint|p2a: Kingambit
|-end|p2a: Kingambit|fallen1|[silent]
|
|-weather|SunnyDay|[upkeep]
|upkeep
|
|t:|1779596204
|switch|p2a: Walking Wake|Walking Wake|100/100
|-activate|p2a: Walking Wake|ability: Protosynthesis
|-start|p2a: Walking Wake|protosynthesisspe
|turn|6
|
|t:|1779596207
|move|p1a: Iron Valiant|Moonblast|p2a: Walking Wake
|-supereffective|p2a: Walking Wake
|-damage|p2a: Walking Wake|0 fnt
|faint|p2a: Walking Wake
|-end|p2a: Walking Wake|Protosynthesis|[silent]
|
|-weather|SunnyDay|[upkeep]
|upkeep
|inactive|linosRed has 120 seconds left.
|
|t:|1779596235
|switch|p2a: Ninetales|Ninetales, F|100/100
|turn|7
|
|t:|1779596246
|move|p1a: Iron Valiant|Aura Sphere|p2a: Ninetales
|-damage|p2a: Ninetales|62/100
|move|p2a: Ninetales|Weather Ball|p1a: Iron Valiant
|-damage|p1a: Iron Valiant|26/100
|
|-weather|SunnyDay|[upkeep]
|upkeep
|turn|8
|
|t:|1779596266
|-end|p1a: Iron Valiant|Quark Drive|[silent]
|switch|p1a: Gholdengo|Gholdengo|100/100
|move|p2a: Ninetales|Weather Ball|p1a: Gholdengo
|-supereffective|p1a: Gholdengo
|-damage|p1a: Gholdengo|1/100
|
|-weather|none
|upkeep
|turn|9
|
|t:|1779596281
|switch|p2a: Raging Bolt|Raging Bolt|100/100
|-item|p2a: Raging Bolt|Air Balloon
|move|p1a: Gholdengo|Shadow Ball|p2a: Raging Bolt
|-damage|p2a: Raging Bolt|57/100
|-enditem|p2a: Raging Bolt|Air Balloon
|
|upkeep
|turn|10
|
|t:|1779596289
|move|p1a: Gholdengo|Shadow Ball|p2a: Raging Bolt
|-damage|p2a: Raging Bolt|15/100
|move|p2a: Raging Bolt|Calm Mind|p2a: Raging Bolt
|-boost|p2a: Raging Bolt|spa|1
|-boost|p2a: Raging Bolt|spd|1
|
|upkeep
|turn|11
|
|t:|1779596293
|move|p2a: Raging Bolt|Thunderclap|p1a: Gholdengo
|-damage|p1a: Gholdengo|0 fnt
|faint|p1a: Gholdengo
|
|upkeep
|
|t:|1779596300
|switch|p1a: Kyurem|Kyurem|100/100
|-ability|p1a: Kyurem|Pressure
|turn|12
|
|t:|1779596307
|move|p1a: Kyurem|Ice Beam|p2a: Raging Bolt
|-supereffective|p2a: Raging Bolt
|-damage|p2a: Raging Bolt|0 fnt
|faint|p2a: Raging Bolt
|-end|p2a: Raging Bolt|Protosynthesis|[silent]
|
|upkeep
|
|t:|1779596310
|switch|p2a: Ninetales|Ninetales, F|62/100
|-weather|SunnyDay|[from] ability: Drought|[of] p2a: Ninetales
|turn|13
|
|t:|1779596315
|-terastallize|p1a: Kyurem|Ground
|move|p2a: Ninetales|Weather Ball|p1a: Kyurem
|-damage|p1a: Kyurem|57/100
|move|p1a: Kyurem|Earth Power|p2a: Ninetales
|-supereffective|p2a: Ninetales
|-damage|p2a: Ninetales|0 fnt
|faint|p2a: Ninetales
|
|-weather|SunnyDay|[upkeep]
|upkeep
|
|t:|1779596322
|switch|p2a: Great Tusk|Great Tusk|100/100
|-activate|p2a: Great Tusk|ability: Protosynthesis
|-start|p2a: Great Tusk|protosynthesisatk
|turn|14
|
|t:|1779596328
|move|p1a: Kyurem|Ice Beam|p2a: Great Tusk
|-supereffective|p2a: Great Tusk
|-damage|p2a: Great Tusk|20/100
|move|p2a: Great Tusk|Rapid Spin|p1a: Kyurem
|-damage|p1a: Kyurem|36/100
|-boost|p2a: Great Tusk|spe|1
|
|-weather|SunnyDay|[upkeep]
|upkeep
|turn|15
|
|t:|1779596337
|move|p2a: Great Tusk|Ice Spinner|p1a: Kyurem
|-supereffective|p1a: Kyurem
|-damage|p1a: Kyurem|0 fnt
|faint|p1a: Kyurem
|
|-weather|SunnyDay|[upkeep]
|upkeep
|
|t:|1779596339
|switch|p1a: Regieleki|Regieleki|100/100
|turn|16
|
|t:|1779596343
|move|p1a: Regieleki|Explosion|p2a: Great Tusk
|-crit|p2a: Great Tusk
|-damage|p2a: Great Tusk|0 fnt
|faint|p1a: Regieleki
|faint|p2a: Great Tusk
|-end|p2a: Great Tusk|Protosynthesis|[silent]
|
|win|Sooswillbebeat
|raw|Sooswillbebeat's rating: 1356 &rarr; <strong>1378</strong><br />(+22 for winning)
|raw|linosRed's rating: 1391 &rarr; <strong>1369</strong><br />(-22 for losing)
|l|☆linosRed
|player|p2|
