|j|☆Nat889
|j|☆owl_with_scarf
|t:|1779601093
|gametype|singles
|player|p1|Nat889|miku-ghost|1585
|player|p2|owl_with_scarf|#owlwithscarf|1528
|gen|9
|tier|[Gen 9] OU
|rated|
|rule|HP Percentage Mod: HP is shown in percentages
|rule|Endless Battle Clause: Forcing endless battles is banned
|rule|Species Clause: Limit one of each Pokémon
|rule|OHKO Clause: OHKO moves are banned
|rule|Evasion Items Clause: Evasion items are banned
|rule|Evasion Moves Clause: Evasion moves are banned
|rule|Evasion Abilities Clause: Evasion abilities are banned
|rule|Sleep Moves Clause: Sleep-inducing moves are banned
|clearpoke
|poke|p1|Hoopa|
|poke|p1|Cinderace, M|
|poke|p1|Mandibuzz, F|
|poke|p1|Kyurem|
|poke|p1|Ting-Lu|
|poke|p1|Manaphy|
|poke|p2|Diancie|
|poke|p2|Blaziken, F|
|poke|p2|Oricorio-Pom-Pom, M|
|poke|p2|Cinderace, M|
|poke|p2|Regidrago|
|poke|p2|Ursaluna, M|
|teampreview
|inactive|Battle timer is ON: inactive players will automatically lose when time's up. (requested by owl_with_scarf)
|
|t:|1779601106
|teamsize|p1|6
|teamsize|p2|6
|start
|switch|p1a: Ting-Lucifer|Ting-Lu|100/100
|switch|p2a: Blaziken|Blaziken, F|100/100
|-ability|p1a: Ting-Lucifer|Vessel of Ruin
|turn|1
|
|t:|1779601115
|-terastallize|p2a: Blaziken|Flying
|move|p2a: Blaziken|Swords Dance|p2a: Blaziken
|-boost|p2a: Blaziken|atk|2
|move|p1a: Ting-Lucifer|Earthquake|p2a: Blaziken
|-immune|p2a: Blaziken
|
|-ability|p2a: Blaziken|Speed Boost|boost
|-boost|p2a: Blaziken|spe|1
|upkeep
|turn|2
|
|t:|1779601124
|move|p2a: Blaziken|Close Combat|p1a: Ting-Lucifer
|-supereffective|p1a: Ting-Lucifer
|-damage|p1a: Ting-Lucifer|0 fnt
|-unboost|p2a: Blaziken|def|1
|-unboost|p2a: Blaziken|spd|1
|faint|p1a: Ting-Lucifer
|
|-ability|p2a: Blaziken|Speed Boost|boost
|-boost|p2a: Blaziken|spe|1
|upkeep
|
|t:|1779601133
|switch|p1a: Mandibuzz|Mandibuzz, F, shiny|100/100
|turn|3
|
|t:|1779601138
|switch|p2a: Regidrago|Regidrago|100/100
|move|p1a: Mandibuzz|Foul Play|p2a: Regidrago
|-damage|p2a: Regidrago|61/100
|
|upkeep
|turn|4
|
|t:|1779601165
|-terastallize|p1a: Mandibuzz|Fairy
|move|p2a: Regidrago|Dragon Energy|p1a: Mandibuzz
|-immune|p1a: Mandibuzz
|move|p1a: Mandibuzz|Foul Play|p2a: Regidrago
|-damage|p2a: Regidrago|18/100
|
|upkeep
|turn|5
|
|t:|1779601174
|move|p2a: Regidrago|Draco Meteor|p1a: Mandibuzz
|-immune|p1a: Mandibuzz
|move|p1a: Mandibuzz|Foul Play|p2a: Regidrago
|-damage|p2a: Regidrago|0 fnt
|faint|p2a: Regidrago
|
|upkeep
|
|t:|1779601199
|switch|p2a: Cinderace|Cinderace, M|100/100
|turn|6
|inactive|Nat889 has 120 seconds left.
|
|t:|1779601231
|switch|p1a: Cinderace|Cinderace, M|100/100
|move|p2a: Cinderace|Gunk Shot|p1a: Cinderace
|-start|p2a: Cinderace|typechange|Poison|[from] ability: Libero
|-damage|p1a: Cinderace|21/100
|
|upkeep
|turn|7
|l|☆owl_with_scarf
|inactive|owl_with_scarf disconnected and has a minute to reconnect!
|player|p2|
|inactive|Nat889 has 120 seconds left.
|j|☆owl_with_scarf
|inactive|owl_with_scarf reconnected and has 135 seconds left.
|player|p2|owl_with_scarf|#owlwithscarf|
|
|t:|1779601251
|move|p1a: Cinderace|Pyro Ball|p2a: Cinderace
|-damage|p2a: Cinderace|7/100
|move|p2a: Cinderace|Gunk Shot|p1a: Cinderace
|-crit|p1a: Cinderace
|-damage|p1a: Cinderace|0 fnt
|faint|p1a: Cinderace
|
|upkeep
|inactive|Nat889 has 120 seconds left.
|
|t:|1779601258
|switch|p1a: Kyurem|Kyurem|100/100
|-ability|p1a: Kyurem|Pressure
|turn|8
|
|t:|1779601262
|move|p1a: Kyurem|Ice Beam|p2a: Cinderace
|-damage|p2a: Cinderace|0 fnt
|faint|p2a: Cinderace
|
|upkeep
|
|t:|1779601265
|switch|p2a: Blaziken|Blaziken, F, tera:Flying|100/100
|turn|9
|
|t:|1779601269
|move|p1a: Kyurem|Ice Beam|p2a: Blaziken
|-supereffective|p2a: Blaziken
|-damage|p2a: Blaziken|0 fnt
|faint|p2a: Blaziken
|
|upkeep
|
|t:|1779601270
|switch|p2a: Diancie|Diancie|100/100
|turn|10
|
|t:|1779601282
|switch|p1a: Hoopa|Hoopa|100/100
|move|p2a: Diancie|Trick Room|p2a: Diancie
|-fieldstart|move: Trick Room|[of] p2a: Diancie
|
|upkeep
|turn|11
|j| Electronno
|
|t:|1779601293
|move|p2a: Diancie|Meteor Beam||[still]
|-prepare|p2a: Diancie|Meteor Beam
|-boost|p2a: Diancie|spa|1
|-enditem|p2a: Diancie|Power Herb
|-anim|p2a: Diancie|Meteor Beam|p1a: Hoopa
|-damage|p1a: Hoopa|29/100
|move|p1a: Hoopa|Calm Mind|p1a: Hoopa
|-boost|p1a: Hoopa|spa|1
|-boost|p1a: Hoopa|spd|1
|
|upkeep
|turn|12
|
|t:|1779601304
|move|p2a: Diancie|Moonblast|p1a: Hoopa
|-damage|p1a: Hoopa|0 fnt
|faint|p1a: Hoopa
|
|upkeep
|
|t:|1779601319
|switch|p1a: Manaphy|Manaphy|100/100
|turn|13
|
|t:|1779601325
|move|p2a: Diancie|Moonblast|p1a: Manaphy
|-damage|p1a: Manaphy|42/100
|move|p1a: Manaphy|Take Heart|p1a: Manaphy
|-boost|p1a: Manaphy|spa|1
|-boost|p1a: Manaphy|spd|1
|
|-heal|p1a: Manaphy|48/100|[from] item: Leftovers
|upkeep
|turn|14
|l| Electronno
|
|t:|1779601338
|move|p2a: Diancie|Moonblast|p1a: Manaphy
|-damage|p1a: Manaphy|9/100
|move|p1a: Manaphy|Tail Glow|p1a: Manaphy
|-boost|p1a: Manaphy|spa|3
|
|-heal|p1a: Manaphy|15/100|[from] item: Leftovers
|-fieldend|move: Trick Room
|upkeep
|turn|15
|
|t:|1779601345
|move|p1a: Manaphy|Scald|p2a: Diancie
|-supereffective|p2a: Diancie
|-damage|p2a: Diancie|0 fnt
|faint|p2a: Diancie
|
|-heal|p1a: Manaphy|22/100|[from] item: Leftovers
|upkeep
|-message|owl_with_scarf forfeited.
|
|win|Nat889
|raw|Nat889's rating: 1585 &rarr; <strong>1603</strong><br />(+18 for winning)
|raw|owl_with_scarf's rating: 1546 &rarr; <strong>1528</strong><br />(-18 for losing)
|l|☆owl_with_scarf
|player|p2|
|c|☆Nat889|gg
|l|☆Nat889
|player|p1|
