|j|☆Billythekid95
|j|☆sirlsalot
|t:|1779725260
|gametype|singles
|player|p1|Billythekid95|102|1541
|player|p2|sirlsalot|2|1507
|gen|9
|tier|[Gen 9] OU
|rated|
|rule|HP Percentage Mod: HP is shown in percentages
|rule|Endless Battle Clause: Forcing endless battles is banned
|rule|Species Clause: Limit one of each Pokémon
|rule|OHKO Clause: OHKO moves are banned
|rule|Evasion Items Clause: Evasion items are banned
|rule|Evasion Moves Clause: Evasion moves are banned
|rule|Evasion Abilities Clause: Evasion abilities are banned
|rule|Sleep Moves Clause: Sleep-inducing moves are banned
|clearpoke
|poke|p1|Glimmora, F|
|poke|p1|Gholdengo|
|poke|p1|Great Tusk|
|poke|p1|Ogerpon-Wellspring, F|
|poke|p1|Zamazenta-*|
|poke|p1|Garchomp, M|
|poke|p2|Gholdengo|
|poke|p2|Iron Treads|
|poke|p2|Moltres|
|poke|p2|Zamazenta-*|
|poke|p2|Samurott-Hisui, M|
|poke|p2|Garganacl, M|
|teampreview
|inactive|Battle timer is ON: inactive players will automatically lose when time's up. (requested by sirlsalot)
|inactive|Billythekid95 has 120 seconds left.
|
|t:|1779725297
|teamsize|p1|6
|teamsize|p2|6
|start
|switch|p1a: Ogerpon|Ogerpon-Wellspring, F|100/100
|switch|p2a: Gholdengo|Gholdengo|100/100
|-item|p2a: Gholdengo|Air Balloon
|turn|1
|
|t:|1779725305
|move|p1a: Ogerpon|Ivy Cudgel|p2a: Gholdengo|[anim] Ivy Cudgel Water
|-crit|p2a: Gholdengo
|-damage|p2a: Gholdengo|9/100
|-enditem|p2a: Gholdengo|Air Balloon
|move|p2a: Gholdengo|Make It Rain|p1a: Ogerpon
|-resisted|p1a: Ogerpon
|-damage|p1a: Ogerpon|59/100
|-unboost|p2a: Gholdengo|spa|1
|
|upkeep
|turn|2
|
|t:|1779725314
|switch|p2a: Zamazenta|Zamazenta|100/100
|-ability|p2a: Zamazenta|Dauntless Shield|boost
|-boost|p2a: Zamazenta|def|1
|move|p1a: Ogerpon|Ivy Cudgel|p2a: Zamazenta|[anim] Ivy Cudgel Water
|-damage|p2a: Zamazenta|66/100
|
|upkeep
|turn|3
|
|t:|1779725322
|switch|p1a: Glimmora|Glimmora, F|100/100
|move|p2a: Zamazenta|Crunch|p1a: Glimmora
|-damage|p1a: Glimmora|74/100
|-activate|p1a: Glimmora|ability: Toxic Debris
|-sidestart|p2: sirlsalot|move: Toxic Spikes
|
|upkeep
|turn|4
|
|t:|1779725329
|move|p2a: Zamazenta|Close Combat|p1a: Glimmora
|-damage|p1a: Glimmora|10/100
|-unboost|p2a: Zamazenta|def|1
|-unboost|p2a: Zamazenta|spd|1
|-activate|p1a: Glimmora|ability: Toxic Debris
|-sidestart|p2: sirlsalot|move: Toxic Spikes
|move|p1a: Glimmora|Stealth Rock|p2a: Zamazenta
|-sidestart|p2: sirlsalot|move: Stealth Rock
|
|upkeep
|turn|5
|
|t:|1779725337
|move|p2a: Zamazenta|Crunch|p1a: Glimmora
|-damage|p1a: Glimmora|0 fnt
|faint|p1a: Glimmora
|
|upkeep
|
|t:|1779725342
|switch|p1a: Gholdengo|Gholdengo|100/100
|turn|6
|
|t:|1779725350
|move|p1a: Gholdengo|Shadow Ball|p2a: Zamazenta
|-damage|p2a: Zamazenta|3/100
|move|p2a: Zamazenta|Crunch|p1a: Gholdengo
|-supereffective|p1a: Gholdengo
|-damage|p1a: Gholdengo|34/100
|
|upkeep
|turn|7
|
|t:|1779725363
|switch|p2a: Garganacl|Garganacl, M|100/100
|-damage|p2a: Garganacl|88/100|[from] Stealth Rock
|move|p1a: Gholdengo|Shadow Ball|p2a: Garganacl
|-damage|p2a: Garganacl|75/100
|
|-heal|p2a: Garganacl|81/100|[from] item: Leftovers
|upkeep
|turn|8
|
|t:|1779725373
|switch|p1a: Garchomp|Garchomp, M|100/100
|move|p2a: Garganacl|Ice Punch|p1a: Garchomp
|-supereffective|p1a: Garchomp
|-damage|p1a: Garchomp|57/100
|-damage|p2a: Garganacl|69/100|[from] ability: Rough Skin|[of] p1a: Garchomp
|-damage|p2a: Garganacl|52/100|[from] item: Rocky Helmet|[of] p1a: Garchomp
|
|-heal|p2a: Garganacl|59/100|[from] item: Leftovers
|upkeep
|turn|9
|
|t:|1779725397
|move|p1a: Garchomp|Spikes|p2a: Garganacl
|-sidestart|p2: sirlsalot|Spikes
|move|p2a: Garganacl|Ice Punch|p1a: Garchomp
|-supereffective|p1a: Garchomp
|-damage|p1a: Garchomp|14/100
|-damage|p2a: Garganacl|46/100|[from] ability: Rough Skin|[of] p1a: Garchomp
|-damage|p2a: Garganacl|30/100|[from] item: Rocky Helmet|[of] p1a: Garchomp
|
|-heal|p2a: Garganacl|36/100|[from] item: Leftovers
|upkeep
|turn|10
|
|t:|1779725407
|switch|p2a: Moltres|Moltres|100/100
|move|p1a: Garchomp|Earthquake|p2a: Moltres
|-immune|p2a: Moltres
|
|upkeep
|turn|11
|
|t:|1779725412
|move|p1a: Garchomp|Spikes|p2a: Moltres
|-sidestart|p2: sirlsalot|Spikes
|move|p2a: Moltres|Flamethrower|p1a: Garchomp
|-resisted|p1a: Garchomp
|-damage|p1a: Garchomp|0 fnt
|faint|p1a: Garchomp
|
|upkeep
|
|t:|1779725418
|switch|p1a: Ogerpon|Ogerpon-Wellspring, F|59/100
|turn|12
|
|t:|1779725432
|-terastallize|p2a: Moltres|Grass
|move|p1a: Ogerpon|Ivy Cudgel|p2a: Moltres|[anim] Ivy Cudgel Water
|-resisted|p2a: Moltres
|-damage|p2a: Moltres|80/100
|move|p2a: Moltres|U-turn|p1a: Ogerpon
|-supereffective|p1a: Ogerpon
|-damage|p1a: Ogerpon|17/100
|
|t:|1779725447
|switch|p2a: Samurott|Samurott-Hisui, M|100/100|[from] U-turn
|-status|p2a: Samurott|tox
|-damage|p2a: Samurott|88/100 tox|[from] Stealth Rock
|-damage|p2a: Samurott|72/100 tox|[from] Spikes
|
|-damage|p2a: Samurott|65/100 tox|[from] psn
|upkeep
|turn|13
|
|t:|1779725455
|move|p2a: Samurott|Ceaseless Edge|p1a: Ogerpon
|-damage|p1a: Ogerpon|0 fnt
|-sidestart|p1: Billythekid95|Spikes
|faint|p1a: Ogerpon
|
|-damage|p2a: Samurott|53/100 tox|[from] psn
|upkeep
|
|t:|1779725462
|switch|p1a: Great Tusk|Great Tusk|100/100
|-damage|p1a: Great Tusk|88/100|[from] Spikes
|turn|14
|
|t:|1779725469
|switch|p2a: Moltres|Moltres, tera:Grass|80/100
|move|p1a: Great Tusk|Rapid Spin|p2a: Moltres
|-damage|p2a: Moltres|69/100
|-boost|p1a: Great Tusk|spe|1
|-sideend|p1: Billythekid95|Spikes|[from] move: Rapid Spin|[of] p1a: Great Tusk
|
|upkeep
|turn|15
|
|t:|1779725475
|move|p1a: Great Tusk|Knock Off|p2a: Moltres
|-damage|p2a: Moltres|49/100
|-enditem|p2a: Moltres|Heavy-Duty Boots|[from] move: Knock Off|[of] p1a: Great Tusk
|move|p2a: Moltres|Roost|p2a: Moltres
|-heal|p2a: Moltres|99/100
|
|upkeep
|turn|16
|
|t:|1779725482
|-end|p1a: Great Tusk|Protosynthesis|[silent]
|switch|p1a: Zamazenta|Zamazenta|100/100
|-ability|p1a: Zamazenta|Dauntless Shield|boost
|-boost|p1a: Zamazenta|def|1
|move|p2a: Moltres|Flamethrower|p1a: Zamazenta
|-crit|p1a: Zamazenta
|-damage|p1a: Zamazenta|58/100
|
|upkeep
|turn|17
|
|t:|1779725490
|move|p1a: Zamazenta|Light Screen|p1a: Zamazenta
|-sidestart|p1: Billythekid95|move: Light Screen
|move|p2a: Moltres|Flamethrower|p1a: Zamazenta
|-damage|p1a: Zamazenta|43/100
|
|upkeep
|turn|18
|
|t:|1779725498
|move|p2a: Moltres|Flamethrower|p1a: Zamazenta
|-damage|p1a: Zamazenta|27/100
|move|p1a: Zamazenta|Roar|p2a: Moltres
|drag|p2a: Garganacl|Garganacl, M|36/100
|-damage|p2a: Garganacl|24/100|[from] Stealth Rock
|-damage|p2a: Garganacl|7/100|[from] Spikes
|
|-heal|p2a: Garganacl|13/100|[from] item: Leftovers
|upkeep
|turn|19
|
|t:|1779725507
|move|p1a: Zamazenta|Body Press|p2a: Garganacl
|-supereffective|p2a: Garganacl
|-damage|p2a: Garganacl|0 fnt
|faint|p2a: Garganacl
|
|upkeep
|inactive|sirlsalot has 120 seconds left.
|
|t:|1779725539
|switch|p2a: Iron Treads|Iron Treads|100/100
|-damage|p2a: Iron Treads|98/100|[from] Stealth Rock
|-damage|p2a: Iron Treads|81/100|[from] Spikes
|turn|20
|
|t:|1779725547
|-end|p2a: Iron Treads|Quark Drive|[silent]
|switch|p2a: Gholdengo|Gholdengo|9/100
|-damage|p2a: Gholdengo|3/100|[from] Stealth Rock
|-damage|p2a: Gholdengo|0 fnt|[from] Spikes
|faint|p2a: Gholdengo
|-terastallize|p1a: Zamazenta|Ghost
|move|p1a: Zamazenta|Body Press|p2: Gholdengo|[notarget]
|-fail|p1a: Zamazenta
|
|upkeep
|inactive|sirlsalot has 120 seconds left.
|
|t:|1779725561
|switch|p2a: Samurott|Samurott-Hisui, M|53/100 tox
|-damage|p2a: Samurott|40/100 tox|[from] Stealth Rock
|-damage|p2a: Samurott|24/100 tox|[from] Spikes
|turn|21
|
|t:|1779725566
|switch|p1a: Great Tusk|Great Tusk|88/100
|move|p2a: Samurott|Ceaseless Edge|p1a: Great Tusk
|-resisted|p1a: Great Tusk
|-damage|p1a: Great Tusk|75/100
|-sidestart|p1: Billythekid95|Spikes
|
|-damage|p2a: Samurott|18/100 tox|[from] psn
|upkeep
|turn|22
|
|t:|1779725574
|move|p2a: Samurott|Ceaseless Edge|p1a: Great Tusk
|-resisted|p1a: Great Tusk
|-damage|p1a: Great Tusk|62/100
|-sidestart|p1: Billythekid95|Spikes
|move|p1a: Great Tusk|Rapid Spin|p2a: Samurott
|-damage|p2a: Samurott|0 fnt
|-boost|p1a: Great Tusk|spe|1
|-sideend|p1: Billythekid95|Spikes|[from] move: Rapid Spin|[of] p1a: Great Tusk
|faint|p2a: Samurott
|
|upkeep
|
|t:|1779725578
|switch|p2a: Moltres|Moltres, tera:Grass|99/100
|-status|p2a: Moltres|tox
|-damage|p2a: Moltres|87/100 tox|[from] Stealth Rock
|-damage|p2a: Moltres|70/100 tox|[from] Spikes
|turn|23
|
|t:|1779725588
|move|p1a: Great Tusk|Close Combat|p2a: Moltres
|-damage|p2a: Moltres|36/100 tox
|-unboost|p1a: Great Tusk|def|1
|-unboost|p1a: Great Tusk|spd|1
|move|p2a: Moltres|Flamethrower|p1a: Great Tusk
|-damage|p1a: Great Tusk|45/100
|
|-damage|p2a: Moltres|30/100 tox|[from] psn
|upkeep
|turn|24
|
|t:|1779725597
|move|p1a: Great Tusk|Close Combat|p2a: Moltres
|-damage|p2a: Moltres|0 fnt
|-unboost|p1a: Great Tusk|def|1
|-unboost|p1a: Great Tusk|spd|1
|-status|p1a: Great Tusk|brn|[from] ability: Flame Body|[of] p2a: Moltres
|faint|p2a: Moltres
|
|-damage|p1a: Great Tusk|39/100 brn|[from] brn
|-sideend|p1: Billythekid95|move: Light Screen
|upkeep
|
|t:|1779725602
|switch|p2a: Iron Treads|Iron Treads|81/100
|-damage|p2a: Iron Treads|78/100|[from] Stealth Rock
|-damage|p2a: Iron Treads|62/100|[from] Spikes
|turn|25
|
|t:|1779725612
|-end|p1a: Great Tusk|Protosynthesis|[silent]
|switch|p1a: Zamazenta|Zamazenta, tera:Ghost|27/100
|move|p2a: Iron Treads|Earthquake|p1a: Zamazenta
|-damage|p1a: Zamazenta|0 fnt
|faint|p1a: Zamazenta
|
|upkeep
|
|t:|1779725618
|switch|p1a: Gholdengo|Gholdengo|34/100
|turn|26
|
|t:|1779725632
|move|p1a: Gholdengo|Shadow Ball|p2a: Iron Treads
|-damage|p2a: Iron Treads|10/100
|move|p2a: Iron Treads|Earthquake|p1a: Gholdengo
|-supereffective|p1a: Gholdengo
|-damage|p1a: Gholdengo|0 fnt
|faint|p1a: Gholdengo
|
|upkeep
|
|t:|1779725639
|switch|p1a: Great Tusk|Great Tusk|39/100 brn
|turn|27
|
|t:|1779725643
|move|p2a: Iron Treads|Rapid Spin|p1a: Great Tusk
|-damage|p1a: Great Tusk|31/100 brn
|-boost|p2a: Iron Treads|spe|1
|-sideend|p2: sirlsalot|Spikes|[from] move: Rapid Spin|[of] p2a: Iron Treads
|-sideend|p2: sirlsalot|Toxic Spikes|[from] move: Rapid Spin|[of] p2a: Iron Treads
|-sideend|p2: sirlsalot|Stealth Rock|[from] move: Rapid Spin|[of] p2a: Iron Treads
|move|p1a: Great Tusk|Earthquake|p2a: Iron Treads
|-supereffective|p2a: Iron Treads
|-damage|p2a: Iron Treads|0 fnt
|faint|p2a: Iron Treads
|-end|p2a: Iron Treads|Quark Drive|[silent]
|
|-damage|p1a: Great Tusk|25/100 brn|[from] brn
|upkeep
|
|t:|1779725645
|switch|p2a: Zamazenta|Zamazenta|3/100
|turn|28
|
|t:|1779725654
|move|p2a: Zamazenta|Close Combat|p1a: Great Tusk
|-damage|p1a: Great Tusk|0 fnt
|-unboost|p2a: Zamazenta|def|1
|-unboost|p2a: Zamazenta|spd|1
|faint|p1a: Great Tusk
|-end|p1a: Great Tusk|Protosynthesis|[silent]
|
|win|sirlsalot
|raw|Billythekid95's rating: 1541 &rarr; <strong>1519</strong><br />(-22 for losing)
|raw|sirlsalot's rating: 1507 &rarr; <strong>1529</strong><br />(+22 for winning)
|l|☆Billythekid95
|player|p1|
