|j|☆929Z
|j|☆jojothesavage666
|t:|1779714877
|gametype|singles
|player|p1|929Z|265|1453
|player|p2|jojothesavage666|102|1435
|gen|9
|tier|[Gen 9] OU
|rated|
|rule|HP Percentage Mod: HP is shown in percentages
|rule|Endless Battle Clause: Forcing endless battles is banned
|rule|Species Clause: Limit one of each Pokémon
|rule|OHKO Clause: OHKO moves are banned
|rule|Evasion Items Clause: Evasion items are banned
|rule|Evasion Moves Clause: Evasion moves are banned
|rule|Evasion Abilities Clause: Evasion abilities are banned
|rule|Sleep Moves Clause: Sleep-inducing moves are banned
|clearpoke
|poke|p1|Ogerpon, F|
|poke|p1|Landorus-Therian, M|
|poke|p1|Pecharunt|
|poke|p1|Gholdengo|
|poke|p1|Iron Moth|
|poke|p1|Kyurem|
|poke|p2|Zapdos|
|poke|p2|Iron Treads|
|poke|p2|Samurott-Hisui, F|
|poke|p2|Ceruledge, M|
|poke|p2|Gholdengo|
|poke|p2|Kingambit, M|
|teampreview
|inactive|Battle timer is ON: inactive players will automatically lose when time's up. (requested by 929Z)
|
|t:|1779714899
|teamsize|p1|6
|teamsize|p2|6
|start
|switch|p1a: Ogerpon|Ogerpon, F|100/100
|switch|p2a: Samurott|Samurott-Hisui, F|100/100
|turn|1
|
|t:|1779714904
|switch|p2a: Zapdos|Zapdos|100/100
|move|p1a: Ogerpon|Ivy Cudgel|p2a: Zapdos
|-resisted|p2a: Zapdos
|-damage|p2a: Zapdos|84/100
|
|upkeep
|turn|2
|
|t:|1779714911
|switch|p1a: Kyurem|Kyurem, shiny|100/100
|-ability|p1a: Kyurem|Pressure
|move|p2a: Zapdos|Thunder Wave|p1a: Kyurem
|-status|p1a: Kyurem|par
|
|upkeep
|turn|3
|
|t:|1779714933
|move|p2a: Zapdos|Volt Switch|p1a: Kyurem
|-resisted|p1a: Kyurem
|-damage|p1a: Kyurem|92/100 par
|
|t:|1779714939
|switch|p2a: Samurott|Samurott-Hisui, F|100/100|[from] Volt Switch
|cant|p1a: Kyurem|par
|
|upkeep
|turn|4
|
|t:|1779714957
|move|p2a: Samurott|Knock Off|p1a: Kyurem
|-damage|p1a: Kyurem|49/100 par
|-enditem|p1a: Kyurem|Assault Vest|[from] move: Knock Off|[of] p2a: Samurott
|move|p1a: Kyurem|Freeze-Dry|p2a: Samurott
|-supereffective|p2a: Samurott
|-damage|p2a: Samurott|50/100
|
|upkeep
|turn|5
|
|t:|1779714971
|switch|p2a: Kingambit|Kingambit, M|100/100
|move|p1a: Kyurem|Freeze-Dry|p2a: Kingambit
|-resisted|p2a: Kingambit
|-damage|p2a: Kingambit|79/100
|
|-heal|p2a: Kingambit|86/100|[from] item: Leftovers
|upkeep
|turn|6
|
|t:|1779714985
|switch|p1a: Landorus|Landorus-Therian, M|100/100
|-ability|p1a: Landorus|Intimidate|boost
|-unboost|p2a: Kingambit|atk|1
|move|p2a: Kingambit|Iron Head|p1a: Landorus
|-damage|p1a: Landorus|75/100
|-damage|p2a: Kingambit|69/100|[from] item: Rocky Helmet|[of] p1a: Landorus
|
|-heal|p2a: Kingambit|75/100|[from] item: Leftovers
|upkeep
|turn|7
|
|t:|1779715003
|-end|p2a: Kingambit|fallenundefined|[silent]
|switch|p2a: Zapdos|Zapdos|84/100
|move|p1a: Landorus|Stealth Rock|p2a: Zapdos
|-sidestart|p2: jojothesavage666|move: Stealth Rock
|
|upkeep
|turn|8
|
|t:|1779715011
|move|p1a: Landorus|Taunt|p2a: Zapdos
|-start|p2a: Zapdos|move: Taunt
|move|p2a: Zapdos|Hurricane|p1a: Landorus
|-damage|p1a: Landorus|26/100
|-start|p1a: Landorus|confusion
|
|upkeep
|turn|9
|
|t:|1779715016
|switch|p1a: Kyurem|Kyurem, shiny|49/100 par
|-ability|p1a: Kyurem|Pressure
|move|p2a: Zapdos|Hurricane|p1a: Kyurem
|-damage|p1a: Kyurem|5/100 par
|-start|p1a: Kyurem|confusion
|
|upkeep
|turn|10
|
|t:|1779715026
|move|p2a: Zapdos|Volt Switch|p1a: Kyurem
|-resisted|p1a: Kyurem
|-damage|p1a: Kyurem|0 fnt
|faint|p1a: Kyurem
|
|t:|1779715036
|switch|p2a: Iron Treads|Iron Treads|100/100|[from] Volt Switch
|-damage|p2a: Iron Treads|97/100|[from] Stealth Rock
|
|-heal|p2a: Iron Treads|100/100|[from] item: Leftovers
|upkeep
|inactive|929Z has 120 seconds left.
|
|t:|1779715091
|switch|p1a: Iron Moth|Iron Moth, shiny|100/100
|-enditem|p1a: Iron Moth|Booster Energy
|-activate|p1a: Iron Moth|ability: Quark Drive|[fromitem]
|-start|p1a: Iron Moth|quarkdrivespe
|turn|11
|
|t:|1779715117
|-end|p2a: Iron Treads|Quark Drive|[silent]
|switch|p2a: Ceruledge|Ceruledge, M|100/100
|move|p1a: Iron Moth|Fiery Dance|p2a: Ceruledge
|-resisted|p2a: Ceruledge
|-damage|p2a: Ceruledge|81/100
|-boost|p1a: Iron Moth|spa|1
|
|upkeep
|turn|12
|inactive|929Z has 120 seconds left.
|
|t:|1779715126
|move|p1a: Iron Moth|Toxic Spikes|p2a: Ceruledge
|-sidestart|p2: jojothesavage666|move: Toxic Spikes
|move|p2a: Ceruledge|Bitter Blade|p1a: Iron Moth
|-resisted|p1a: Iron Moth
|-damage|p1a: Iron Moth|62/100
|-heal|p2a: Ceruledge|99/100|[from] drain|[of] p1a: Iron Moth
|
|upkeep
|turn|13
|
|t:|1779715137
|move|p2a: Ceruledge|Swords Dance|p2a: Ceruledge
|-boost|p2a: Ceruledge|atk|2
|move|p1a: Iron Moth|Whirlwind|p2a: Ceruledge
|drag|p2a: Kingambit|Kingambit, M|75/100
|-damage|p2a: Kingambit|69/100|[from] Stealth Rock
|
|-heal|p2a: Kingambit|75/100|[from] item: Leftovers
|upkeep
|turn|14
|
|t:|1779715147
|-end|p2a: Kingambit|fallenundefined|[silent]
|switch|p2a: Ceruledge|Ceruledge, M|99/100
|move|p1a: Iron Moth|Fiery Dance|p2a: Ceruledge
|-resisted|p2a: Ceruledge
|-damage|p2a: Ceruledge|70/100
|-boost|p1a: Iron Moth|spa|1
|
|upkeep
|turn|15
|
|t:|1779715151
|move|p1a: Iron Moth|Toxic Spikes|p2a: Ceruledge
|-sidestart|p2: jojothesavage666|move: Toxic Spikes
|move|p2a: Ceruledge|Bitter Blade|p1a: Iron Moth
|-resisted|p1a: Iron Moth
|-damage|p1a: Iron Moth|19/100
|-heal|p2a: Ceruledge|90/100|[from] drain|[of] p1a: Iron Moth
|
|upkeep
|turn|16
|
|t:|1779715161
|-end|p1a: Iron Moth|Quark Drive|[silent]
|switch|p1a: Landorus|Landorus-Therian, M|26/100
|-ability|p1a: Landorus|Intimidate|boost
|-unboost|p2a: Ceruledge|atk|1
|move|p2a: Ceruledge|Shadow Sneak|p1a: Landorus
|-damage|p1a: Landorus|11/100
|-damage|p2a: Ceruledge|74/100|[from] item: Rocky Helmet|[of] p1a: Landorus
|
|upkeep
|turn|17
|
|t:|1779715182
|switch|p2a: Zapdos|Zapdos|84/100
|move|p1a: Landorus|Earth Power|p2a: Zapdos
|-immune|p2a: Zapdos
|
|upkeep
|turn|18
|
|t:|1779715198
|move|p1a: Landorus|Taunt|p2a: Zapdos
|-start|p2a: Zapdos|move: Taunt
|move|p2a: Zapdos|Volt Switch|p1a: Landorus
|-immune|p1a: Landorus
|
|upkeep
|turn|19
|
|t:|1779715213
|move|p1a: Landorus|Earth Power|p2a: Zapdos
|-immune|p2a: Zapdos
|move|p2a: Zapdos|Volt Switch|p1a: Landorus
|-immune|p1a: Landorus
|
|upkeep
|turn|20
|
|t:|1779715218
|move|p1a: Landorus|Earth Power|p2a: Zapdos
|-immune|p2a: Zapdos
|move|p2a: Zapdos|Hurricane|p1a: Landorus|[miss]
|-miss|p2a: Zapdos|p1a: Landorus
|
|-end|p2a: Zapdos|move: Taunt
|upkeep
|turn|21
|
|t:|1779715230
|move|p1a: Landorus|Taunt|p2a: Zapdos
|-start|p2a: Zapdos|move: Taunt
|move|p2a: Zapdos|Volt Switch|p1a: Landorus
|-immune|p1a: Landorus
|
|upkeep
|turn|22
|
|t:|1779715232
|move|p1a: Landorus|Earth Power|p2a: Zapdos
|-immune|p2a: Zapdos
|move|p2a: Zapdos|Volt Switch|p1a: Landorus
|-immune|p1a: Landorus
|
|upkeep
|turn|23
|
|t:|1779715235
|move|p1a: Landorus|Earth Power|p2a: Zapdos
|-immune|p2a: Zapdos
|move|p2a: Zapdos|Hurricane|p1a: Landorus
|-damage|p1a: Landorus|0 fnt
|faint|p1a: Landorus
|
|-end|p2a: Zapdos|move: Taunt
|upkeep
|
|t:|1779715239
|switch|p1a: Pecharunt|Pecharunt|100/100
|turn|24
|inactive|jojothesavage666 has 120 seconds left.
|
|t:|1779715279
|switch|p2a: Kingambit|Kingambit, M|75/100
|-damage|p2a: Kingambit|69/100|[from] Stealth Rock
|move|p1a: Pecharunt|Parting Shot|p2a: Kingambit
|-unboost|p2a: Kingambit|atk|1
|-unboost|p2a: Kingambit|spa|1
|
|t:|1779715285
|switch|p1a: Gholdengo|Gholdengo|100/100|[from] Parting Shot
|
|-heal|p2a: Kingambit|75/100|[from] item: Leftovers
|upkeep
|turn|25
|inactive|jojothesavage666 has 120 seconds left.
|inactive|jojothesavage666 has 90 seconds left.
|inactive|jojothesavage666 has 60 seconds left.
|
|t:|1779715358
|move|p1a: Gholdengo|Trick|p2a: Kingambit
|-activate|p1a: Gholdengo|move: Trick|[of] p2a: Kingambit
|-item|p2a: Kingambit|Choice Scarf|[from] move: Trick
|-item|p1a: Gholdengo|Leftovers|[from] move: Trick
|move|p2a: Kingambit|Iron Head|p1a: Gholdengo
|-resisted|p1a: Gholdengo
|-damage|p1a: Gholdengo|83/100
|
|-heal|p1a: Gholdengo|89/100|[from] item: Leftovers
|upkeep
|turn|26
|inactive|jojothesavage666 has 60 seconds left.
|
|t:|1779715388
|move|p2a: Kingambit|Iron Head|p1a: Gholdengo
|-resisted|p1a: Gholdengo
|-damage|p1a: Gholdengo|74/100
|move|p1a: Gholdengo|Shadow Ball|p2a: Kingambit
|-resisted|p2a: Kingambit
|-damage|p2a: Kingambit|52/100
|
|-heal|p1a: Gholdengo|80/100|[from] item: Leftovers
|upkeep
|turn|27
|
|t:|1779715392
|move|p2a: Kingambit|Iron Head|p1a: Gholdengo
|-resisted|p1a: Gholdengo
|-damage|p1a: Gholdengo|65/100
|move|p1a: Gholdengo|Shadow Ball|p2a: Kingambit
|-resisted|p2a: Kingambit
|-damage|p2a: Kingambit|28/100
|
|-heal|p1a: Gholdengo|71/100|[from] item: Leftovers
|upkeep
|turn|28
|
|t:|1779715395
|move|p2a: Kingambit|Iron Head|p1a: Gholdengo
|-resisted|p1a: Gholdengo
|-damage|p1a: Gholdengo|54/100
|move|p1a: Gholdengo|Make It Rain|p2a: Kingambit
|-resisted|p2a: Kingambit
|-damage|p2a: Kingambit|0 fnt
|-unboost|p1a: Gholdengo|spa|1
|faint|p2a: Kingambit
|-end|p2a: Kingambit|fallenundefined|[silent]
|
|-heal|p1a: Gholdengo|60/100|[from] item: Leftovers
|upkeep
|inactive|jojothesavage666 has 60 seconds left.
|
|t:|1779715401
|switch|p2a: Samurott|Samurott-Hisui, F|50/100
|-damage|p2a: Samurott|38/100|[from] Stealth Rock
|-status|p2a: Samurott|tox
|turn|29
|
|t:|1779715428
|switch|p1a: Iron Moth|Iron Moth, shiny|19/100
|move|p2a: Samurott|Knock Off|p1a: Iron Moth
|-damage|p1a: Iron Moth|0 fnt
|faint|p1a: Iron Moth
|-end|p1a: Iron Moth|Quark Drive|[silent]
|
|-damage|p2a: Samurott|32/100 tox|[from] psn
|upkeep
|
|t:|1779715431
|switch|p1a: Ogerpon|Ogerpon, F|100/100
|turn|30
|
|t:|1779715439
|move|p1a: Ogerpon|Leech Seed|p2a: Samurott
|-start|p2a: Samurott|move: Leech Seed
|move|p2a: Samurott|Knock Off|p1a: Ogerpon
|-damage|p1a: Ogerpon|48/100
|-enditem|p1a: Ogerpon|Heavy-Duty Boots|[from] move: Knock Off|[of] p2a: Samurott
|
|-damage|p2a: Samurott|20/100 tox|[from] Leech Seed|[of] p1a: Ogerpon
|-heal|p1a: Ogerpon|63/100|[silent]
|-damage|p2a: Samurott|8/100 tox|[from] psn
|upkeep
|turn|31
|
|t:|1779715451
|move|p1a: Ogerpon|Encore|p2a: Samurott
|-start|p2a: Samurott|Encore
|move|p2a: Samurott|Knock Off|p1a: Ogerpon
|-damage|p1a: Ogerpon|28/100
|
|-damage|p2a: Samurott|0 fnt|[from] Leech Seed|[of] p1a: Ogerpon
|-heal|p1a: Ogerpon|38/100|[silent]
|faint|p2a: Samurott
|upkeep
|inactive|jojothesavage666 has 60 seconds left.
|
|t:|1779715494
|switch|p2a: Ceruledge|Ceruledge, M|74/100
|turn|32
|
|t:|1779715502
|-terastallize|p2a: Ceruledge|Fairy
|move|p1a: Ogerpon|Knock Off|p2a: Ceruledge
|-resisted|p2a: Ceruledge
|-damage|p2a: Ceruledge|54/100
|-ability|p2a: Ceruledge|Weak Armor|boost
|-unboost|p2a: Ceruledge|def|1
|-boost|p2a: Ceruledge|spe|2
|-enditem|p2a: Ceruledge|Heavy-Duty Boots|[from] move: Knock Off|[of] p1a: Ogerpon
|move|p2a: Ceruledge|Swords Dance|p2a: Ceruledge
|-boost|p2a: Ceruledge|atk|2
|
|upkeep
|turn|33
|
|t:|1779715514
|-terastallize|p1a: Ogerpon|Grass
|detailschange|p1a: Ogerpon|Ogerpon-Teal-Tera, F, tera:Grass
|-ability|p1a: Ogerpon|Embody Aspect (Teal)|boost
|-boost|p1a: Ogerpon|spe|1
|move|p2a: Ceruledge|Shadow Sneak|p1a: Ogerpon
|-damage|p1a: Ogerpon|0 fnt
|faint|p1a: Ogerpon
|detailschange|p1: Ogerpon|Ogerpon, F|[silent]
|
|upkeep
|
|t:|1779715518
|switch|p1a: Pecharunt|Pecharunt|100/100
|turn|34
|inactive|jojothesavage666 has 60 seconds left.
|
|t:|1779715532
|move|p2a: Ceruledge|Poltergeist|p1a: Pecharunt
|-activate|p1a: Pecharunt|move: Poltergeist|Heavy-Duty Boots
|-supereffective|p1a: Pecharunt
|-damage|p1a: Pecharunt|0 fnt
|faint|p1a: Pecharunt
|
|upkeep
|c|☆929Z|awww
|c|☆929Z|bad game, bud!
|c|☆929Z|sorry that it got ruined so severely
|c|☆929Z|bg!
|-message|929Z forfeited.
|
|win|jojothesavage666
|raw|929Z's rating: 1453 &rarr; <strong>1432</strong><br />(-21 for losing)
|raw|jojothesavage666's rating: 1435 &rarr; <strong>1456</strong><br />(+21 for winning)
|l|☆929Z
|player|p1|
|c|☆jojothesavage666|lol
