|j|☆Ai Turo Larping
|j|☆winornothing
|t:|1779671984
|gametype|singles
|player|p1|Ai Turo Larping|chuck|1121
|player|p2|winornothing|waiter-gen4|1198
|gen|9
|tier|[Gen 9] OU
|rated|
|rule|HP Percentage Mod: HP is shown in percentages
|rule|Endless Battle Clause: Forcing endless battles is banned
|rule|Species Clause: Limit one of each Pokémon
|rule|OHKO Clause: OHKO moves are banned
|rule|Evasion Items Clause: Evasion items are banned
|rule|Evasion Moves Clause: Evasion moves are banned
|rule|Evasion Abilities Clause: Evasion abilities are banned
|rule|Sleep Moves Clause: Sleep-inducing moves are banned
|clearpoke
|poke|p1|Iron Moth|
|poke|p1|Delibird, M|
|poke|p1|Iron Hands|
|poke|p1|Iron Jugulis|
|poke|p1|Iron Thorns|
|poke|p1|Iron Valiant|
|poke|p2|Dondozo, F|
|poke|p2|Clodsire, F|
|poke|p2|Corviknight, M|
|poke|p2|Blissey, F|
|poke|p2|Alomomola, M|
|poke|p2|Skeledirge, M|
|teampreview
|
|t:|1779671991
|teamsize|p1|6
|teamsize|p2|6
|start
|switch|p1a: iron bundle?|Delibird, M|100/100
|switch|p2a: Alomomola|Alomomola, M|100/100
|turn|1
|
|t:|1779671998
|move|p1a: iron bundle?|Spikes|p2a: Alomomola
|-sidestart|p2: winornothing|Spikes
|move|p2a: Alomomola|Scald|p1a: iron bundle?
|-damage|p1a: iron bundle?|64/100
|
|upkeep
|turn|2
|
|t:|1779672003
|move|p1a: iron bundle?|Spikes|p2a: Alomomola
|-sidestart|p2: winornothing|Spikes
|move|p2a: Alomomola|Flip Turn|p1a: iron bundle?
|-damage|p1a: iron bundle?|20/100
|
|t:|1779672020
|switch|p2a: Skeledirge|Skeledirge, M|100/100|[from] Flip Turn
|
|upkeep
|turn|3
|
|t:|1779672022
|move|p1a: iron bundle?|Memento|p2a: Skeledirge
|-unboost|p2a: Skeledirge|atk|2
|-unboost|p2a: Skeledirge|spa|2
|faint|p1a: iron bundle?
|move|p2a: Skeledirge|Torch Song|p1: iron bundle?|[notarget]
|-fail|p2a: Skeledirge
|
|upkeep
|
|t:|1779672025
|switch|p1a: Iron Thorns|Iron Thorns|100/100
|-enditem|p1a: Iron Thorns|Booster Energy
|-activate|p1a: Iron Thorns|ability: Quark Drive|[fromitem]
|-start|p1a: Iron Thorns|quarkdriveatk
|turn|4
|
|t:|1779672031
|-terastallize|p2a: Skeledirge|Fairy
|move|p1a: Iron Thorns|Dragon Dance|p1a: Iron Thorns
|-boost|p1a: Iron Thorns|atk|1
|-boost|p1a: Iron Thorns|spe|1
|move|p2a: Skeledirge|Will-O-Wisp|p1a: Iron Thorns
|-status|p1a: Iron Thorns|brn
|
|-damage|p1a: Iron Thorns|94/100 brn|[from] brn
|upkeep
|turn|5
|
|t:|1779672037
|move|p1a: Iron Thorns|Dragon Dance|p1a: Iron Thorns
|-boost|p1a: Iron Thorns|atk|1
|-boost|p1a: Iron Thorns|spe|1
|move|p2a: Skeledirge|Hex|p1a: Iron Thorns
|-damage|p1a: Iron Thorns|69/100 brn
|
|-damage|p1a: Iron Thorns|63/100 brn|[from] brn
|upkeep
|turn|6
|
|t:|1779672057
|move|p1a: Iron Thorns|Stone Edge|p2a: Skeledirge
|-damage|p2a: Skeledirge|83/100
|move|p2a: Skeledirge|Hex|p1a: Iron Thorns
|-damage|p1a: Iron Thorns|36/100 brn
|
|-damage|p1a: Iron Thorns|30/100 brn|[from] brn
|upkeep
|turn|7
|
|t:|1779672062
|move|p1a: Iron Thorns|Stone Edge|p2a: Skeledirge
|-damage|p2a: Skeledirge|63/100
|move|p2a: Skeledirge|Hex|p1a: Iron Thorns
|-damage|p1a: Iron Thorns|5/100 brn
|
|-damage|p1a: Iron Thorns|0 fnt|[from] brn
|faint|p1a: Iron Thorns
|-end|p1a: Iron Thorns|Quark Drive|[silent]
|upkeep
|
|t:|1779672074
|switch|p1a: Iron Moth|Iron Moth|100/100
|-enditem|p1a: Iron Moth|Booster Energy
|-activate|p1a: Iron Moth|ability: Quark Drive|[fromitem]
|-start|p1a: Iron Moth|quarkdrivespe
|turn|8
|
|t:|1779672085
|switch|p2a: Alomomola|Alomomola, M|100/100
|move|p1a: Iron Moth|Fiery Dance|p2a: Alomomola
|-resisted|p2a: Alomomola
|-damage|p2a: Alomomola|78/100
|
|upkeep
|turn|9
|
|t:|1779672110
|move|p1a: Iron Moth|Substitute|p1a: Iron Moth
|-start|p1a: Iron Moth|Substitute
|-damage|p1a: Iron Moth|75/100
|move|p2a: Alomomola|Wish|p2a: Alomomola
|
|upkeep
|turn|10
|
|t:|1779672113
|move|p1a: Iron Moth|Fiery Dance|p2a: Alomomola
|-resisted|p2a: Alomomola
|-damage|p2a: Alomomola|52/100
|move|p2a: Alomomola|Scald|p1a: Iron Moth
|-supereffective|p1a: Iron Moth
|-activate|p1a: Iron Moth|move: Substitute|[damage]
|
|-heal|p2a: Alomomola|100/100|[from] move: Wish|[wisher] Alomomola
|upkeep
|turn|11
|
|t:|1779672121
|move|p1a: Iron Moth|Fiery Dance|p2a: Alomomola
|-resisted|p2a: Alomomola
|-damage|p2a: Alomomola|75/100
|move|p2a: Alomomola|Scald|p1a: Iron Moth
|-supereffective|p1a: Iron Moth
|-crit|p1a: Iron Moth
|-end|p1a: Iron Moth|Substitute
|
|upkeep
|turn|12
|
|t:|1779672131
|-terastallize|p1a: Iron Moth|Grass
|move|p1a: Iron Moth|Substitute|p1a: Iron Moth
|-start|p1a: Iron Moth|Substitute
|-damage|p1a: Iron Moth|50/100
|move|p2a: Alomomola|Flip Turn|p1a: Iron Moth
|-resisted|p1a: Iron Moth
|-activate|p1a: Iron Moth|move: Substitute|[damage]
|
|t:|1779672160
|switch|p2a: Skeledirge|Skeledirge, M, tera:Fairy|63/100|[from] Flip Turn
|
|upkeep
|turn|13
|
|t:|1779672166
|move|p1a: Iron Moth|Sludge Wave|p2a: Skeledirge
|-supereffective|p2a: Skeledirge
|-damage|p2a: Skeledirge|0 fnt
|faint|p2a: Skeledirge
|
|upkeep
|
|t:|1779672202
|switch|p2a: Dondozo|Dondozo, F|100/100
|turn|14
|
|t:|1779672205
|move|p1a: Iron Moth|Energy Ball|p2a: Dondozo
|-supereffective|p2a: Dondozo
|-damage|p2a: Dondozo|17/100
|move|p2a: Dondozo|Body Press|p1a: Iron Moth
|-end|p1a: Iron Moth|Substitute
|
|upkeep
|turn|15
|
|t:|1779672219
|move|p1a: Iron Moth|Substitute|p1a: Iron Moth
|-start|p1a: Iron Moth|Substitute
|-damage|p1a: Iron Moth|25/100
|move|p2a: Dondozo|Wave Crash|p1a: Iron Moth
|-resisted|p1a: Iron Moth
|-end|p1a: Iron Moth|Substitute
|-damage|p2a: Dondozo|11/100|[from] Recoil|[of] p1a: Iron Moth
|
|upkeep
|turn|16
|
|t:|1779672226
|move|p1a: Iron Moth|Energy Ball|p2a: Dondozo
|-supereffective|p2a: Dondozo
|-damage|p2a: Dondozo|0 fnt
|faint|p2a: Dondozo
|
|upkeep
|
|t:|1779672230
|switch|p2a: Blissey|Blissey, F|100/100
|turn|17
|
|t:|1779672233
|move|p1a: Iron Moth|Substitute|p1a: Iron Moth
|-fail|p1a: Iron Moth|move: Substitute|[weak]
|move|p2a: Blissey|Seismic Toss|p1a: Iron Moth
|-damage|p1a: Iron Moth|0 fnt
|faint|p1a: Iron Moth
|-end|p1a: Iron Moth|Quark Drive|[silent]
|
|upkeep
|
|t:|1779672244
|switch|p1a: Iron Jugulis|Iron Jugulis|100/100
|-enditem|p1a: Iron Jugulis|Booster Energy
|-activate|p1a: Iron Jugulis|ability: Quark Drive|[fromitem]
|-start|p1a: Iron Jugulis|quarkdrivespe
|turn|18
|
|t:|1779672251
|move|p1a: Iron Jugulis|Knock Off|p2a: Blissey
|-damage|p2a: Blissey|67/100
|-enditem|p2a: Blissey|Heavy-Duty Boots|[from] move: Knock Off|[of] p1a: Iron Jugulis
|move|p2a: Blissey|Thunder Wave|p1a: Iron Jugulis|[miss]
|-miss|p2a: Blissey|p1a: Iron Jugulis
|
|upkeep
|turn|19
|
|t:|1779672257
|move|p2a: Blissey|Thunder Wave|p1a: Iron Jugulis
|-status|p1a: Iron Jugulis|par
|move|p1a: Iron Jugulis|Roar|p2a: Blissey
|drag|p2a: Alomomola|Alomomola, M|100/100
|
|upkeep
|turn|20
|
|t:|1779672263
|cant|p1a: Iron Jugulis|par
|move|p2a: Alomomola|Scald|p1a: Iron Jugulis
|-damage|p1a: Iron Jugulis|82/100 par
|
|upkeep
|turn|21
|
|t:|1779672266
|move|p1a: Iron Jugulis|Knock Off|p2a: Alomomola
|-damage|p2a: Alomomola|80/100
|-enditem|p2a: Alomomola|Heavy-Duty Boots|[from] move: Knock Off|[of] p1a: Iron Jugulis
|move|p2a: Alomomola|Scald|p1a: Iron Jugulis
|-damage|p1a: Iron Jugulis|66/100 par
|
|upkeep
|turn|22
|
|t:|1779672271
|move|p2a: Alomomola|Flip Turn|p1a: Iron Jugulis
|-damage|p1a: Iron Jugulis|49/100 par
|
|t:|1779672281
|switch|p2a: Corviknight|Corviknight, M|100/100|[from] Flip Turn
|-ability|p2a: Corviknight|Pressure
|move|p1a: Iron Jugulis|Roar|p2a: Corviknight
|drag|p2a: Blissey|Blissey, F|67/100
|-damage|p2a: Blissey|50/100|[from] Spikes
|
|upkeep
|turn|23
|
|t:|1779672284
|move|p1a: Iron Jugulis|Knock Off|p2a: Blissey
|-damage|p2a: Blissey|27/100
|move|p2a: Blissey|Soft-Boiled|p2a: Blissey
|-heal|p2a: Blissey|77/100
|
|upkeep
|turn|24
|
|t:|1779672288
|move|p2a: Blissey|Soft-Boiled|p2a: Blissey
|-heal|p2a: Blissey|100/100
|cant|p1a: Iron Jugulis|par
|
|upkeep
|turn|25
|
|t:|1779672290
|move|p2a: Blissey|Seismic Toss|p1a: Iron Jugulis
|-damage|p1a: Iron Jugulis|19/100 par
|move|p1a: Iron Jugulis|Roar|p2a: Blissey
|drag|p2a: Alomomola|Alomomola, M|100/100
|-damage|p2a: Alomomola|84/100|[from] Spikes
|
|upkeep
|turn|26
|
|t:|1779672294
|move|p1a: Iron Jugulis|Knock Off|p2a: Alomomola
|-damage|p2a: Alomomola|71/100
|move|p2a: Alomomola|Scald|p1a: Iron Jugulis
|-damage|p1a: Iron Jugulis|1/100 par
|
|upkeep
|turn|27
|
|t:|1779672299
|move|p1a: Iron Jugulis|Sunny Day|p1a: Iron Jugulis
|-weather|SunnyDay
|move|p2a: Alomomola|Flip Turn|p1a: Iron Jugulis
|-damage|p1a: Iron Jugulis|0 fnt
|faint|p1a: Iron Jugulis
|-end|p1a: Iron Jugulis|Quark Drive|[silent]
|
|t:|1779672307
|switch|p2a: Clodsire|Clodsire, F|100/100|[from] Flip Turn
|-damage|p2a: Clodsire|84/100|[from] Spikes
|
|-weather|SunnyDay|[upkeep]
|-heal|p2a: Clodsire|90/100|[from] item: Leftovers
|upkeep
|
|t:|1779672314
|switch|p1a: Iron Valiant|Iron Valiant|100/100
|-enditem|p1a: Iron Valiant|Booster Energy
|-activate|p1a: Iron Valiant|ability: Quark Drive|[fromitem]
|-start|p1a: Iron Valiant|quarkdrivespe
|turn|28
|
|t:|1779672333
|move|p1a: Iron Valiant|Swords Dance|p1a: Iron Valiant
|-boost|p1a: Iron Valiant|atk|2
|move|p2a: Clodsire|Toxic|p1a: Iron Valiant
|-status|p1a: Iron Valiant|tox
|
|-weather|SunnyDay|[upkeep]
|-heal|p2a: Clodsire|96/100|[from] item: Leftovers
|-damage|p1a: Iron Valiant|94/100 tox|[from] psn
|upkeep
|turn|29
|
|t:|1779672337
|move|p1a: Iron Valiant|Swords Dance|p1a: Iron Valiant
|-boost|p1a: Iron Valiant|atk|2
|move|p2a: Clodsire|Earthquake|p1a: Iron Valiant
|-damage|p1a: Iron Valiant|60/100 tox
|
|-weather|SunnyDay|[upkeep]
|-heal|p2a: Clodsire|100/100|[from] item: Leftovers
|-damage|p1a: Iron Valiant|47/100 tox|[from] psn
|upkeep
|turn|30
|
|t:|1779672343
|move|p1a: Iron Valiant|Close Combat|p2a: Clodsire
|-resisted|p2a: Clodsire
|-damage|p2a: Clodsire|65/100
|-unboost|p1a: Iron Valiant|def|1
|-unboost|p1a: Iron Valiant|spd|1
|move|p2a: Clodsire|Recover|p2a: Clodsire
|-heal|p2a: Clodsire|100/100
|
|-weather|SunnyDay|[upkeep]
|-damage|p1a: Iron Valiant|29/100 tox|[from] psn
|upkeep
|turn|31
|
|t:|1779672346
|move|p1a: Iron Valiant|Close Combat|p2a: Clodsire
|-resisted|p2a: Clodsire
|-damage|p2a: Clodsire|68/100
|-unboost|p1a: Iron Valiant|def|1
|-unboost|p1a: Iron Valiant|spd|1
|move|p2a: Clodsire|Earthquake|p1a: Iron Valiant
|-damage|p1a: Iron Valiant|0 fnt
|faint|p1a: Iron Valiant
|-end|p1a: Iron Valiant|Quark Drive|[silent]
|
|-weather|none
|-heal|p2a: Clodsire|74/100|[from] item: Leftovers
|upkeep
|
|t:|1779672349
|switch|p1a: Iron Hands|Iron Hands|100/100
|turn|32
|
|t:|1779672351
|move|p1a: Iron Hands|Substitute|p1a: Iron Hands
|-start|p1a: Iron Hands|Substitute
|-damage|p1a: Iron Hands|76/100
|move|p2a: Clodsire|Earthquake|p1a: Iron Hands
|-supereffective|p1a: Iron Hands
|-end|p1a: Iron Hands|Substitute
|
|-heal|p1a: Iron Hands|82/100|[from] item: Leftovers
|-heal|p2a: Clodsire|80/100|[from] item: Leftovers
|upkeep
|turn|33
|
|t:|1779672357
|move|p1a: Iron Hands|Substitute|p1a: Iron Hands
|-start|p1a: Iron Hands|Substitute
|-damage|p1a: Iron Hands|57/100
|move|p2a: Clodsire|Earthquake|p1a: Iron Hands
|-supereffective|p1a: Iron Hands
|-end|p1a: Iron Hands|Substitute
|
|-heal|p1a: Iron Hands|63/100|[from] item: Leftovers
|-heal|p2a: Clodsire|86/100|[from] item: Leftovers
|upkeep
|turn|34
|c|☆winornothing|W stall
|
|t:|1779672363
|move|p1a: Iron Hands|Drain Punch|p2a: Clodsire
|-resisted|p2a: Clodsire
|-damage|p2a: Clodsire|64/100
|-heal|p1a: Iron Hands|74/100|[from] drain|[of] p2a: Clodsire
|move|p2a: Clodsire|Earthquake|p1a: Iron Hands
|-supereffective|p1a: Iron Hands
|-damage|p1a: Iron Hands|49/100
|
|-heal|p1a: Iron Hands|55/100|[from] item: Leftovers
|-heal|p2a: Clodsire|71/100|[from] item: Leftovers
|upkeep
|turn|35
|c|☆Ai Turo Larping|gg
|
|t:|1779672371
|move|p1a: Iron Hands|Drain Punch|p2a: Clodsire
|-resisted|p2a: Clodsire
|-damage|p2a: Clodsire|51/100
|-heal|p1a: Iron Hands|65/100|[from] drain|[of] p2a: Clodsire
|move|p2a: Clodsire|Earthquake|p1a: Iron Hands
|-supereffective|p1a: Iron Hands
|-damage|p1a: Iron Hands|38/100
|
|-heal|p1a: Iron Hands|44/100|[from] item: Leftovers
|-heal|p2a: Clodsire|58/100|[from] item: Leftovers
|upkeep
|turn|36
|
|t:|1779672376
|move|p1a: Iron Hands|Drain Punch|p2a: Clodsire
|-resisted|p2a: Clodsire
|-damage|p2a: Clodsire|36/100
|-heal|p1a: Iron Hands|55/100|[from] drain|[of] p2a: Clodsire
|move|p2a: Clodsire|Toxic|p1a: Iron Hands
|-status|p1a: Iron Hands|tox
|
|-heal|p1a: Iron Hands|62/100 tox|[from] item: Leftovers
|-heal|p2a: Clodsire|43/100|[from] item: Leftovers
|-damage|p1a: Iron Hands|55/100 tox|[from] psn
|upkeep
|turn|37
|
|t:|1779672379
|move|p1a: Iron Hands|Drain Punch|p2a: Clodsire
|-resisted|p2a: Clodsire
|-damage|p2a: Clodsire|21/100
|-heal|p1a: Iron Hands|66/100 tox|[from] drain|[of] p2a: Clodsire
|move|p2a: Clodsire|Recover|p2a: Clodsire
|-heal|p2a: Clodsire|71/100
|
|-heal|p1a: Iron Hands|73/100 tox|[from] item: Leftovers
|-heal|p2a: Clodsire|77/100|[from] item: Leftovers
|-damage|p1a: Iron Hands|60/100 tox|[from] psn
|upkeep
|turn|38
|
|t:|1779672382
|move|p1a: Iron Hands|Drain Punch|p2a: Clodsire
|-resisted|p2a: Clodsire
|-damage|p2a: Clodsire|55/100
|-heal|p1a: Iron Hands|72/100 tox|[from] drain|[of] p2a: Clodsire
|move|p2a: Clodsire|Earthquake|p1a: Iron Hands
|-supereffective|p1a: Iron Hands
|-damage|p1a: Iron Hands|43/100 tox
|
|-heal|p1a: Iron Hands|49/100 tox|[from] item: Leftovers
|-heal|p2a: Clodsire|62/100|[from] item: Leftovers
|-damage|p1a: Iron Hands|31/100 tox|[from] psn
|upkeep
|turn|39
|
|t:|1779672387
|move|p1a: Iron Hands|Drain Punch|p2a: Clodsire
|-resisted|p2a: Clodsire
|-damage|p2a: Clodsire|43/100
|-heal|p1a: Iron Hands|41/100 tox|[from] drain|[of] p2a: Clodsire
|move|p2a: Clodsire|Recover|p2a: Clodsire
|-heal|p2a: Clodsire|93/100
|
|-heal|p1a: Iron Hands|47/100 tox|[from] item: Leftovers
|-heal|p2a: Clodsire|99/100|[from] item: Leftovers
|-damage|p1a: Iron Hands|22/100 tox|[from] psn
|upkeep
|turn|40
|
|t:|1779672390
|move|p1a: Iron Hands|Drain Punch|p2a: Clodsire
|-resisted|p2a: Clodsire
|-damage|p2a: Clodsire|79/100
|-heal|p1a: Iron Hands|32/100 tox|[from] drain|[of] p2a: Clodsire
|move|p2a: Clodsire|Earthquake|p1a: Iron Hands
|-supereffective|p1a: Iron Hands
|-damage|p1a: Iron Hands|3/100 tox
|
|-heal|p1a: Iron Hands|9/100 tox|[from] item: Leftovers
|-heal|p2a: Clodsire|85/100|[from] item: Leftovers
|-damage|p1a: Iron Hands|0 fnt|[from] psn
|faint|p1a: Iron Hands
|-end|p1a: Iron Hands|Quark Drive|[silent]
|
|win|winornothing
|raw|Ai Turo Larping's rating: 1121 &rarr; <strong>1100</strong><br />(-21 for losing)
|raw|winornothing's rating: 1170 &rarr; <strong>1191</strong><br />(+21 for winning)
|l|☆winornothing
|player|p2|
|l|☆Ai Turo Larping
|player|p1|
