|j|☆chuchu77
|j|☆Avv2121
|t:|1779686837
|gametype|singles
|player|p1|chuchu77|backersf|1355
|player|p2|Avv2121|janine|1411
|gen|9
|tier|[Gen 9] OU
|rated|
|rule|HP Percentage Mod: HP is shown in percentages
|rule|Endless Battle Clause: Forcing endless battles is banned
|rule|Species Clause: Limit one of each Pokémon
|rule|OHKO Clause: OHKO moves are banned
|rule|Evasion Items Clause: Evasion items are banned
|rule|Evasion Moves Clause: Evasion moves are banned
|rule|Evasion Abilities Clause: Evasion abilities are banned
|rule|Sleep Moves Clause: Sleep-inducing moves are banned
|clearpoke
|poke|p1|Landorus-Therian, M|
|poke|p1|Kingambit, F|
|poke|p1|Iron Valiant|
|poke|p1|Kyurem|
|poke|p1|Slowking-Galar, M|
|poke|p1|Cinderace, M|
|poke|p2|Garganacl, M|
|poke|p2|Dragapult, F|
|poke|p2|Kingambit, M|
|poke|p2|Iron Moth|
|poke|p2|Corviknight, F|
|poke|p2|Mew|
|teampreview
|inactive|Battle timer is ON: inactive players will automatically lose when time's up. (requested by Avv2121)
|inactive|chuchu77 also wants the timer to be on.
|
|t:|1779686855
|teamsize|p1|6
|teamsize|p2|6
|start
|switch|p1a: Landorus|Landorus-Therian, M, shiny|100/100
|switch|p2a: Mew|Mew|100/100
|-ability|p1a: Landorus|Intimidate|boost
|-unboost|p2a: Mew|atk|1
|turn|1
|
|t:|1779686860
|move|p2a: Mew|Dragon Dance|p2a: Mew
|-boost|p2a: Mew|atk|1
|-boost|p2a: Mew|spe|1
|move|p1a: Landorus|Taunt|p2a: Mew
|-start|p2a: Mew|move: Taunt
|
|upkeep
|turn|2
|
|t:|1779686863
|move|p2a: Mew|Ice Spinner|p1a: Landorus
|-supereffective|p1a: Landorus
|-damage|p1a: Landorus|0 fnt
|-damage|p2a: Mew|84/100|[from] item: Rocky Helmet|[of] p1a: Landorus
|faint|p1a: Landorus
|
|upkeep
|
|t:|1779686868
|switch|p1a: Slowking|Slowking-Galar, M, shiny|100/100
|turn|3
|
|t:|1779686871
|move|p2a: Mew|Earthquake|p1a: Slowking
|-supereffective|p1a: Slowking
|-damage|p1a: Slowking|36/100
|move|p1a: Slowking|Thunder Wave|p2a: Mew
|-status|p2a: Mew|par
|-activate|p2a: Mew|ability: Synchronize
|-status|p1a: Slowking|par
|
|upkeep
|turn|4
|
|t:|1779686875
|switch|p1a: Kyurem|Kyurem, shiny|100/100
|-ability|p1a: Kyurem|Pressure
|move|p2a: Mew|Earthquake|p1a: Kyurem
|-damage|p1a: Kyurem|70/100
|
|-heal|p1a: Kyurem|77/100|[from] item: Leftovers
|-end|p2a: Mew|move: Taunt
|upkeep
|turn|5
|
|t:|1779686882
|move|p1a: Kyurem|Freeze-Dry|p2a: Mew
|-damage|p2a: Mew|46/100 par
|move|p2a: Mew|U-turn|p1a: Kyurem
|-damage|p1a: Kyurem|58/100
|
|t:|1779686893
|switch|p2a: Dragapult|Dragapult, F|100/100|[from] U-turn
|
|-heal|p1a: Kyurem|64/100|[from] item: Leftovers
|upkeep
|turn|6
|
|t:|1779686900
|move|p1a: Kyurem|Protect|p1a: Kyurem
|-singleturn|p1a: Kyurem|Protect
|move|p2a: Dragapult|U-turn|p1a: Kyurem
|-activate|p1a: Kyurem|move: Protect
|
|-heal|p1a: Kyurem|70/100|[from] item: Leftovers
|upkeep
|turn|7
|
|t:|1779686903
|move|p2a: Dragapult|Will-O-Wisp|p1a: Kyurem
|-status|p1a: Kyurem|brn
|move|p1a: Kyurem|Freeze-Dry|p2a: Dragapult
|-supereffective|p2a: Dragapult
|-damage|p2a: Dragapult|0 fnt
|faint|p2a: Dragapult
|
|-heal|p1a: Kyurem|77/100 brn|[from] item: Leftovers
|-damage|p1a: Kyurem|70/100 brn|[from] brn
|upkeep
|
|t:|1779686908
|switch|p2a: Garganacl|Garganacl, M|100/100
|turn|8
|
|t:|1779686911
|-terastallize|p1a: Kyurem|Ground
|move|p1a: Kyurem|Substitute|p1a: Kyurem
|-start|p1a: Kyurem|Substitute
|-damage|p1a: Kyurem|45/100 brn
|move|p2a: Garganacl|Curse|p2a: Garganacl
|-unboost|p2a: Garganacl|spe|1
|-boost|p2a: Garganacl|atk|1
|-boost|p2a: Garganacl|def|1
|
|-heal|p1a: Kyurem|52/100 brn|[from] item: Leftovers
|-damage|p1a: Kyurem|45/100 brn|[from] brn
|upkeep
|turn|9
|
|t:|1779686917
|-terastallize|p2a: Garganacl|Ghost
|move|p1a: Kyurem|Earth Power|p2a: Garganacl
|-damage|p2a: Garganacl|65/100
|move|p2a: Garganacl|Curse|p1a: Kyurem
|-start|p1a: Kyurem|Curse|[of] p2a: Garganacl
|-damage|p2a: Garganacl|15/100
|
|-heal|p1a: Kyurem|52/100 brn|[from] item: Leftovers
|-heal|p2a: Garganacl|22/100|[from] item: Leftovers
|-damage|p1a: Kyurem|45/100 brn|[from] brn
|-damage|p1a: Kyurem|20/100 brn|[from] Curse
|upkeep
|turn|10
|
|t:|1779686922
|move|p2a: Garganacl|Protect|p2a: Garganacl
|-singleturn|p2a: Garganacl|Protect
|move|p1a: Kyurem|Earth Power|p2a: Garganacl
|-activate|p2a: Garganacl|move: Protect
|
|-heal|p1a: Kyurem|27/100 brn|[from] item: Leftovers
|-heal|p2a: Garganacl|28/100|[from] item: Leftovers
|-damage|p1a: Kyurem|20/100 brn|[from] brn
|-damage|p1a: Kyurem|0 fnt|[from] Curse
|faint|p1a: Kyurem
|upkeep
|
|t:|1779686938
|switch|p1a: Iron Valiant|Iron Valiant, shiny|100/100
|-enditem|p1a: Iron Valiant|Booster Energy
|-activate|p1a: Iron Valiant|ability: Quark Drive|[fromitem]
|-start|p1a: Iron Valiant|quarkdrivespe
|turn|11
|
|t:|1779686943
|switch|p2a: Corviknight|Corviknight, F|100/100
|move|p1a: Iron Valiant|Shadow Ball|p2a: Corviknight
|-damage|p2a: Corviknight|83/100
|
|upkeep
|turn|12
|
|t:|1779686948
|-end|p1a: Iron Valiant|Quark Drive|[silent]
|switch|p1a: Cinderace|Cinderace, M|100/100
|move|p2a: Corviknight|Brave Bird|p1a: Cinderace
|-damage|p1a: Cinderace|60/100
|-damage|p2a: Corviknight|70/100|[from] Recoil
|
|upkeep
|turn|13
|
|t:|1779686953
|switch|p2a: Iron Moth|Iron Moth|100/100
|-enditem|p2a: Iron Moth|Booster Energy
|-activate|p2a: Iron Moth|ability: Quark Drive|[fromitem]
|-start|p2a: Iron Moth|quarkdrivespe
|move|p1a: Cinderace|U-turn|p2a: Iron Moth
|-resisted|p2a: Iron Moth
|-damage|p2a: Iron Moth|93/100
|
|t:|1779686959
|switch|p1a: Kingambit|Kingambit, F, shiny|100/100|[from] U-turn
|-activate|p1a: Kingambit|ability: Supreme Overlord
|-start|p1a: Kingambit|fallen2|[silent]
|
|upkeep
|turn|14
|
|t:|1779686964
|-end|p2a: Iron Moth|Quark Drive|[silent]
|switch|p2a: Corviknight|Corviknight, F|70/100
|move|p1a: Kingambit|Kowtow Cleave|p2a: Corviknight
|-damage|p2a: Corviknight|25/100
|-damage|p1a: Kingambit|84/100|[from] item: Rocky Helmet|[of] p2a: Corviknight
|
|-heal|p1a: Kingambit|90/100|[from] item: Leftovers
|upkeep
|turn|15
|
|t:|1779686969
|move|p2a: Corviknight|Roost|p2a: Corviknight
|-heal|p2a: Corviknight|75/100
|-singleturn|p2a: Corviknight|move: Roost
|move|p1a: Kingambit|Kowtow Cleave|p2a: Corviknight
|-damage|p2a: Corviknight|29/100
|-damage|p1a: Kingambit|74/100|[from] item: Rocky Helmet|[of] p2a: Corviknight
|
|-heal|p1a: Kingambit|80/100|[from] item: Leftovers
|upkeep
|turn|16
|
|t:|1779686973
|move|p2a: Corviknight|Roost|p2a: Corviknight
|-heal|p2a: Corviknight|79/100
|-singleturn|p2a: Corviknight|move: Roost
|move|p1a: Kingambit|Swords Dance|p1a: Kingambit
|-boost|p1a: Kingambit|atk|2
|
|-heal|p1a: Kingambit|86/100|[from] item: Leftovers
|upkeep
|turn|17
|
|t:|1779686977
|move|p2a: Corviknight|Brave Bird|p1a: Kingambit
|-resisted|p1a: Kingambit
|-damage|p1a: Kingambit|73/100
|-damage|p2a: Corviknight|75/100|[from] Recoil
|move|p1a: Kingambit|Kowtow Cleave|p2a: Corviknight
|-damage|p2a: Corviknight|0 fnt
|-damage|p1a: Kingambit|57/100|[from] item: Rocky Helmet|[of] p2a: Corviknight
|faint|p2a: Corviknight
|
|-heal|p1a: Kingambit|63/100|[from] item: Leftovers
|upkeep
|
|t:|1779686984
|switch|p2a: Iron Moth|Iron Moth|93/100
|turn|18
|
|t:|1779686988
|move|p1a: Kingambit|Sucker Punch|p2a: Iron Moth
|-damage|p2a: Iron Moth|0 fnt
|faint|p2a: Iron Moth
|-end|p2a: Iron Moth|Quark Drive|[silent]
|
|-heal|p1a: Kingambit|69/100|[from] item: Leftovers
|upkeep
|
|t:|1779686990
|switch|p2a: Kingambit|Kingambit, M|100/100
|-activate|p2a: Kingambit|ability: Supreme Overlord
|-start|p2a: Kingambit|fallen3|[silent]
|turn|19
|
|t:|1779686998
|-end|p1a: Kingambit|fallen2|[silent]
|switch|p1a: Cinderace|Cinderace, M|60/100
|move|p2a: Kingambit|Sucker Punch||[still]
|-fail|p2a: Kingambit
|
|upkeep
|turn|20
|
|t:|1779687000
|move|p2a: Kingambit|Sucker Punch||[still]
|-fail|p2a: Kingambit
|move|p1a: Cinderace|Will-O-Wisp|p2a: Kingambit
|-status|p2a: Kingambit|brn
|
|-damage|p2a: Kingambit|94/100 brn|[from] brn
|upkeep
|turn|21
|
|t:|1779687004
|move|p1a: Cinderace|Pyro Ball|p2a: Kingambit
|-supereffective|p2a: Kingambit
|-damage|p2a: Kingambit|15/100 brn
|move|p2a: Kingambit|Swords Dance|p2a: Kingambit
|-boost|p2a: Kingambit|atk|2
|
|-damage|p2a: Kingambit|9/100 brn|[from] brn
|upkeep
|turn|22
|
|t:|1779687011
|switch|p1a: Slowking|Slowking-Galar, M, shiny|69/100 par
|move|p2a: Kingambit|Sucker Punch||[still]
|-fail|p2a: Kingambit
|
|-damage|p2a: Kingambit|3/100 brn|[from] brn
|upkeep
|turn|23
|
|t:|1779687017
|switch|p1a: Kingambit|Kingambit, F, shiny|69/100
|-activate|p1a: Kingambit|ability: Supreme Overlord
|-start|p1a: Kingambit|fallen2|[silent]
|move|p2a: Kingambit|Kowtow Cleave|p1a: Kingambit
|-resisted|p1a: Kingambit
|-damage|p1a: Kingambit|43/100
|
|-heal|p1a: Kingambit|50/100|[from] item: Leftovers
|-damage|p2a: Kingambit|0 fnt|[from] brn
|faint|p2a: Kingambit
|-end|p2a: Kingambit|fallen3|[silent]
|upkeep
|
|t:|1779687021
|switch|p2a: Garganacl|Garganacl, M, tera:Ghost|28/100
|turn|24
|
|t:|1779687023
|move|p2a: Garganacl|Protect|p2a: Garganacl
|-singleturn|p2a: Garganacl|Protect
|move|p1a: Kingambit|Kowtow Cleave|p2a: Garganacl
|-activate|p2a: Garganacl|move: Protect
|
|-heal|p1a: Kingambit|56/100|[from] item: Leftovers
|-heal|p2a: Garganacl|34/100|[from] item: Leftovers
|upkeep
|turn|25
|
|t:|1779687026
|move|p1a: Kingambit|Kowtow Cleave|p2a: Garganacl
|-supereffective|p2a: Garganacl
|-damage|p2a: Garganacl|0 fnt
|faint|p2a: Garganacl
|
|-heal|p1a: Kingambit|62/100|[from] item: Leftovers
|upkeep
|
|t:|1779687028
|switch|p2a: Mew|Mew|46/100 par
|turn|26
|
|t:|1779687031
|move|p2a: Mew|Earthquake|p1a: Kingambit
|-supereffective|p1a: Kingambit
|-damage|p1a: Kingambit|20/100
|move|p1a: Kingambit|Kowtow Cleave|p2a: Mew
|-supereffective|p2a: Mew
|-damage|p2a: Mew|0 fnt
|faint|p2a: Mew
|
|win|chuchu77
|raw|chuchu77's rating: 1355 &rarr; <strong>1378</strong><br />(+23 for winning)
|raw|Avv2121's rating: 1411 &rarr; <strong>1388</strong><br />(-23 for losing)
|l|☆Avv2121
|player|p2|
|l|☆chuchu77
|player|p1|
