|j|☆dooming
|j|☆KachoFugetsu
|inactive|Battle timer is ON: inactive players will automatically lose when time's up.
|t:|1779720471
|gametype|singles
|player|p1|dooming|marshal|
|player|p2|KachoFugetsu|dawn-masters2|
|gen|9
|tier|[Gen 9] OU
|rated|Tournament battle
|rule|HP Percentage Mod: HP is shown in percentages
|rule|Endless Battle Clause: Forcing endless battles is banned
|rule|OHKO Clause: OHKO moves are banned
|rule|Evasion Items Clause: Evasion items are banned
|rule|Evasion Moves Clause: Evasion moves are banned
|rule|Evasion Abilities Clause: Evasion abilities are banned
|rule|Sleep Moves Clause: Sleep-inducing moves are banned
|raw|<div class="infobox"><details class="readmore" open><summary><strong>3 custom rules:</strong></summary> !Species Clause, -All Pokemon, +Rotom</details></div>
|clearpoke
|poke|p1|Rotom-Fan|
|poke|p1|Rotom-Frost|
|poke|p1|Rotom-Heat|
|poke|p1|Rotom-Mow|
|poke|p1|Rotom-Wash|
|poke|p1|Rotom|
|poke|p2|Rotom-Wash|
|poke|p2|Rotom-Fan|
|poke|p2|Rotom-Mow|
|poke|p2|Rotom|
|poke|p2|Rotom-Heat|
|poke|p2|Rotom|
|teampreview
|j|*Lady Monita 
|c|☆dooming|gl
|
|t:|1779720482
|teamsize|p1|6
|teamsize|p2|6
|start
|switch|p1a: Rotom|Rotom|100/100
|switch|p2a: Fan|Rotom-Fan, shiny|100/100
|turn|1
|c|☆KachoFugetsu|u2
|
|t:|1779720492
|switch|p2a: Lawnmower|Rotom-Mow, shiny|100/100
|move|p1a: Rotom|Trick|p2a: Lawnmower
|-activate|p1a: Rotom|move: Trick|[of] p2a: Lawnmower
|-item|p2a: Lawnmower|Sticky Barb|[from] move: Trick
|-item|p1a: Rotom|Salac Berry|[from] move: Trick
|
|-damage|p2a: Lawnmower|88/100|[from] item: Sticky Barb
|upkeep
|turn|2
|
|t:|1779720504
|move|p1a: Rotom|Volt Switch|p2a: Lawnmower
|-resisted|p2a: Lawnmower
|-damage|p2a: Lawnmower|80/100
|
|t:|1779720511
|switch|p1a: Rotom|Rotom-Heat|100/100|[from] Volt Switch
|move|p2a: Lawnmower|Dark Pulse|p1a: Rotom
|-damage|p1a: Rotom|66/100
|
|-damage|p2a: Lawnmower|67/100|[from] item: Sticky Barb
|upkeep
|turn|3
|
|t:|1779720521
|switch|p2a: Oven|Rotom-Heat, shiny|100/100
|move|p1a: Rotom|Overheat|p2a: Oven
|-resisted|p2a: Oven
|-damage|p2a: Oven|72/100
|-unboost|p1a: Rotom|spa|2
|
|upkeep
|turn|4
|
|t:|1779720530
|move|p2a: Oven|Dark Pulse|p1a: Rotom
|-damage|p1a: Rotom|31/100
|move|p1a: Rotom|Volt Switch|p2a: Oven
|-resisted|p2a: Oven
|-damage|p2a: Oven|65/100
|j| Antoine2028
|
|t:|1779720549
|switch|p1a: Rotom|Rotom-Wash|100/100|[from] Volt Switch
|
|upkeep
|turn|5
|
|t:|1779720579
|move|p2a: Oven|Discharge|p1a: Rotom
|-damage|p1a: Rotom|71/100
|move|p1a: Rotom|Will-O-Wisp|p2a: Oven|[miss]
|-miss|p1a: Rotom|p2a: Oven
|
|-heal|p1a: Rotom|77/100|[from] item: Leftovers
|upkeep
|turn|6
|
|t:|1779720590
|switch|p2a: Lawnmower|Rotom-Mow, shiny|67/100
|move|p1a: Rotom|Protect||[still]
|-fail|p1a: Rotom
|
|-heal|p1a: Rotom|83/100|[from] item: Leftovers
|-damage|p2a: Lawnmower|55/100|[from] item: Sticky Barb
|upkeep
|turn|7
|
|t:|1779720601
|switch|p1a: Rotom|Rotom|100/100
|move|p2a: Lawnmower|Leaf Storm|p1a: Rotom
|-damage|p1a: Rotom|20/100
|-unboost|p2a: Lawnmower|spa|2
|-enditem|p1a: Rotom|Salac Berry|[eat]
|-boost|p1a: Rotom|spe|1|[from] item: Salac Berry
|
|-damage|p2a: Lawnmower|42/100|[from] item: Sticky Barb
|upkeep
|turn|8
|
|t:|1779720610
|move|p1a: Rotom|Shadow Ball|p2a: Lawnmower
|-damage|p2a: Lawnmower|6/100
|move|p2a: Lawnmower|Dark Pulse|p1a: Rotom
|-supereffective|p1a: Rotom
|-damage|p1a: Rotom|0 fnt
|faint|p1a: Rotom
|
|-damage|p2a: Lawnmower|0 fnt|[from] item: Sticky Barb
|faint|p2a: Lawnmower
|upkeep
|
|t:|1779720621
|switch|p1a: Rotom|Rotom-Mow|100/100
|switch|p2a: Rotom|Rotom|100/100
|turn|9
|
|t:|1779720628
|move|p1a: Rotom|Shadow Ball|p2a: Rotom
|-supereffective|p2a: Rotom
|-damage|p2a: Rotom|25/100
|move|p2a: Rotom|Will-O-Wisp|p1a: Rotom
|-status|p1a: Rotom|brn
|
|-damage|p1a: Rotom|94/100 brn|[from] brn
|upkeep
|turn|10
|
|t:|1779720640
|switch|p2a: Oven|Rotom-Heat, shiny|65/100
|move|p1a: Rotom|Shadow Ball|p2a: Oven
|-damage|p2a: Oven|45/100
|
|-damage|p1a: Rotom|88/100 brn|[from] brn
|upkeep
|turn|11
|
|t:|1779720649
|switch|p1a: Rotom|Rotom-Wash|83/100
|move|p2a: Oven|Overheat|p1a: Rotom
|-resisted|p1a: Rotom
|-damage|p1a: Rotom|57/100
|-unboost|p2a: Oven|spa|2
|
|-heal|p1a: Rotom|64/100|[from] item: Leftovers
|upkeep
|turn|12
|
|t:|1779720660
|switch|p2a: Rotom|Rotom-Wash|100/100
|move|p1a: Rotom|Will-O-Wisp|p2a: Rotom
|-status|p2a: Rotom|brn
|
|-heal|p1a: Rotom|70/100|[from] item: Leftovers
|-damage|p2a: Rotom|94/100 brn|[from] brn
|upkeep
|turn|13
|
|t:|1779720673
|move|p1a: Rotom|Protect|p1a: Rotom
|-singleturn|p1a: Rotom|Protect
|move|p2a: Rotom|Volt Switch|p1a: Rotom
|-activate|p1a: Rotom|move: Protect
|
|-heal|p1a: Rotom|76/100|[from] item: Leftovers
|-damage|p2a: Rotom|88/100 brn|[from] brn
|upkeep
|turn|14
|
|t:|1779720681
|move|p2a: Rotom|Volt Switch|p1a: Rotom
|-damage|p1a: Rotom|49/100
|
|t:|1779720688
|switch|p2a: Fan|Rotom-Fan, shiny|100/100|[from] Volt Switch
|move|p1a: Rotom|Hydro Pump|p2a: Fan
|-damage|p2a: Fan|61/100
|
|-heal|p1a: Rotom|55/100|[from] item: Leftovers
|upkeep
|turn|15
|
|t:|1779720700
|move|p1a: Rotom|Protect|p1a: Rotom
|-singleturn|p1a: Rotom|Protect
|move|p2a: Fan|Nasty Plot|p2a: Fan
|-boost|p2a: Fan|spa|2
|
|-heal|p1a: Rotom|61/100|[from] item: Leftovers
|upkeep
|turn|16
|
|t:|1779720715
|move|p2a: Fan|Air Slash|p1a: Rotom
|-resisted|p1a: Rotom
|-damage|p1a: Rotom|33/100
|move|p1a: Rotom|Volt Switch|p2a: Fan
|-damage|p2a: Fan|37/100
|-enditem|p2a: Fan|Sitrus Berry|[eat]
|-heal|p2a: Fan|62/100|[from] item: Sitrus Berry
|
|t:|1779720721
|switch|p1a: Rotom|Rotom-Mow|88/100 brn|[from] Volt Switch
|
|-damage|p1a: Rotom|82/100 brn|[from] brn
|upkeep
|turn|17
|
|t:|1779720738
|move|p1a: Rotom|Volt Switch|p2a: Fan
|-damage|p2a: Fan|38/100
|
|t:|1779720741
|switch|p1a: Rotom|Rotom-Fan|100/100|[from] Volt Switch
|move|p2a: Fan|Air Slash|p1a: Rotom
|-resisted|p1a: Rotom
|-damage|p1a: Rotom|84/100
|
|upkeep
|turn|18
|
|t:|1779720754
|switch|p2a: Rotom|Rotom, shiny|100/100
|move|p1a: Rotom|Hex|p2a: Rotom
|-supereffective|p2a: Rotom
|-damage|p2a: Rotom|43/100
|
|upkeep
|turn|19
|
|t:|1779720763
|-terastallize|p2a: Rotom|Dark
|move|p2a: Rotom|Nasty Plot|p2a: Rotom
|-boost|p2a: Rotom|spa|2
|move|p1a: Rotom|Hex|p2a: Rotom
|-resisted|p2a: Rotom
|-damage|p2a: Rotom|29/100
|
|upkeep
|turn|20
|
|t:|1779720776
|move|p2a: Rotom|Dark Pulse|p1a: Rotom
|-damage|p1a: Rotom|50/100
|move|p1a: Rotom|Hex|p2a: Rotom
|-resisted|p2a: Rotom
|-damage|p2a: Rotom|15/100
|
|upkeep
|turn|21
|j| Sun and Moon Rock
|
|t:|1779720790
|move|p2a: Rotom|Shadow Ball|p1a: Rotom
|-damage|p1a: Rotom|14/100
|move|p1a: Rotom|Hex|p2a: Rotom
|-resisted|p2a: Rotom
|-damage|p2a: Rotom|0 fnt
|faint|p2a: Rotom
|
|upkeep
|
|t:|1779720798
|switch|p2a: Rotom|Rotom-Wash|88/100 brn
|turn|22
|
|t:|1779720812
|move|p2a: Rotom|Volt Switch|p1a: Rotom
|-damage|p1a: Rotom|0 fnt
|faint|p1a: Rotom
|
|t:|1779720816
|switch|p2a: Rotom|Rotom|25/100|[from] Volt Switch
|
|upkeep
|
|t:|1779720823
|switch|p1a: Rotom|Rotom-Frost|100/100
|turn|23
|
|t:|1779720832
|move|p2a: Rotom|Shadow Ball|p1a: Rotom
|-damage|p1a: Rotom|46/100
|move|p1a: Rotom|Substitute|p1a: Rotom
|-start|p1a: Rotom|Substitute
|-damage|p1a: Rotom|21/100
|
|upkeep
|turn|24
|
|t:|1779720837
|move|p2a: Rotom|Shadow Ball|p1a: Rotom
|-end|p1a: Rotom|Substitute
|move|p1a: Rotom|Blizzard|p2a: Rotom|[miss]
|-miss|p1a: Rotom|p2a: Rotom
|
|upkeep
|turn|25
|
|t:|1779720844
|move|p2a: Rotom|Shadow Ball|p1a: Rotom
|-damage|p1a: Rotom|0 fnt
|faint|p1a: Rotom
|
|upkeep
|
|t:|1779720849
|switch|p1a: Rotom|Rotom-Mow|82/100 brn
|turn|26
|
|t:|1779720851
|move|p1a: Rotom|Shadow Ball|p2a: Rotom
|-supereffective|p2a: Rotom
|-damage|p2a: Rotom|0 fnt
|faint|p2a: Rotom
|
|-damage|p1a: Rotom|76/100 brn|[from] brn
|upkeep
|
|t:|1779720859
|switch|p2a: Oven|Rotom-Heat, shiny|45/100
|turn|27
|
|t:|1779720862
|switch|p1a: Rotom|Rotom-Heat|31/100
|move|p2a: Oven|Overheat|p1a: Rotom
|-resisted|p1a: Rotom
|-damage|p1a: Rotom|0 fnt
|-unboost|p2a: Oven|spa|2
|faint|p1a: Rotom
|
|upkeep
|
|t:|1779720867
|switch|p1a: Rotom|Rotom-Wash|33/100
|turn|28
|
|t:|1779720874
|switch|p2a: Rotom|Rotom-Wash|88/100 brn
|move|p1a: Rotom|Protect||[still]
|-fail|p1a: Rotom
|
|-heal|p1a: Rotom|40/100|[from] item: Leftovers
|-damage|p2a: Rotom|82/100 brn|[from] brn
|upkeep
|turn|29
|
|t:|1779720885
|move|p2a: Rotom|Volt Switch|p1a: Rotom
|-damage|p1a: Rotom|13/100
|
|t:|1779720888
|switch|p2a: Fan|Rotom-Fan, shiny|38/100|[from] Volt Switch
|move|p1a: Rotom|Volt Switch|p2a: Fan
|-damage|p2a: Fan|12/100
|
|t:|1779720894
|switch|p1a: Rotom|Rotom-Mow|76/100 brn|[from] Volt Switch
|
|-damage|p1a: Rotom|69/100 brn|[from] brn
|upkeep
|turn|30
|
|t:|1779720910
|move|p1a: Rotom|Volt Switch|p2a: Fan
|-damage|p2a: Fan|0 fnt
|faint|p2a: Fan
|
|t:|1779720912
|switch|p1a: Rotom|Rotom-Wash|13/100|[from] Volt Switch
|
|-heal|p1a: Rotom|19/100|[from] item: Leftovers
|upkeep
|j| senlim
|
|t:|1779720918
|switch|p2a: Rotom|Rotom-Wash|82/100 brn
|turn|31
|l| senlim
|
|t:|1779720938
|move|p2a: Rotom|Volt Switch|p1a: Rotom
|-damage|p1a: Rotom|0 fnt
|faint|p1a: Rotom
|
|t:|1779720942
|switch|p2a: Oven|Rotom-Heat, shiny|45/100|[from] Volt Switch
|
|upkeep
|
|t:|1779720944
|switch|p1a: Rotom|Rotom-Mow|69/100 brn
|turn|32
|
|t:|1779720961
|-terastallize|p1a: Rotom|Electric
|move|p1a: Rotom|Volt Switch|p2a: Oven
|-resisted|p2a: Oven
|-damage|p2a: Oven|28/100
|move|p2a: Oven|Overheat|p1a: Rotom
|-damage|p1a: Rotom|6/100 brn
|-unboost|p2a: Oven|spa|2
|
|-damage|p1a: Rotom|0 fnt|[from] brn
|faint|p1a: Rotom
|
|win|KachoFugetsu
|n|☆dooming|dooming
|n|☆KachoFugetsu|kachofugetsu
|n|*Lady Monita |ladymonita
|n| Antoine2028|antoine2028
|n| Sun and Moon Rock|sunandmoonrock
