|j|☆Yung.mateo
|j|☆Marceliscool172010
|t:|1779683553
|gametype|singles
|player|p1|Yung.mateo|170|1345
|player|p2|Marceliscool172010|170|1321
|gen|9
|tier|[Gen 9] OU
|rated|
|rule|HP Percentage Mod: HP is shown in percentages
|rule|Endless Battle Clause: Forcing endless battles is banned
|rule|Species Clause: Limit one of each Pokémon
|rule|OHKO Clause: OHKO moves are banned
|rule|Evasion Items Clause: Evasion items are banned
|rule|Evasion Moves Clause: Evasion moves are banned
|rule|Evasion Abilities Clause: Evasion abilities are banned
|rule|Sleep Moves Clause: Sleep-inducing moves are banned
|clearpoke
|poke|p1|Regieleki|
|poke|p1|Zamazenta-*|
|poke|p1|Skarmory, M|
|poke|p1|Primarina, M|
|poke|p1|Pecharunt|
|poke|p1|Ting-Lu|
|poke|p2|Raging Bolt|
|poke|p2|Dragonite, F|
|poke|p2|Kingambit, M|
|poke|p2|Great Tusk|
|poke|p2|Latias, F|
|poke|p2|Ceruledge, M|
|teampreview
|
|t:|1779683561
|teamsize|p1|6
|teamsize|p2|6
|start
|switch|p1a: Primarina|Primarina, M, shiny|100/100
|switch|p2a: Latias|Latias, F|100/100
|turn|1
|j| testingrainteam1
|
|t:|1779683567
|move|p2a: Latias|Agility|p2a: Latias
|-boost|p2a: Latias|spe|2
|move|p1a: Primarina|Moonblast|p2a: Latias
|-supereffective|p2a: Latias
|-damage|p2a: Latias|20/100
|-unboost|p2a: Latias|spa|1
|-enditem|p2a: Latias|Weakness Policy
|-boost|p2a: Latias|atk|2|[from] item: Weakness Policy
|-boost|p2a: Latias|spa|2|[from] item: Weakness Policy
|
|upkeep
|turn|2
|l| testingrainteam1
|
|t:|1779683583
|-terastallize|p2a: Latias|Steel
|move|p2a: Latias|Stored Power|p1a: Primarina
|-damage|p1a: Primarina|64/100
|move|p1a: Primarina|Moonblast|p2a: Latias
|-resisted|p2a: Latias
|-damage|p2a: Latias|0 fnt
|faint|p2a: Latias
|
|upkeep
|
|t:|1779683593
|switch|p2a: Ceruledge|Ceruledge, M|100/100
|turn|3
|
|t:|1779683599
|switch|p1a: Zamazenta|Zamazenta, shiny|100/100
|-ability|p1a: Zamazenta|Dauntless Shield|boost
|-boost|p1a: Zamazenta|def|1
|move|p2a: Ceruledge|Swords Dance|p2a: Ceruledge
|-boost|p2a: Ceruledge|atk|2
|
|upkeep
|turn|4
|
|t:|1779683608
|move|p1a: Zamazenta|Crunch|p2a: Ceruledge
|-supereffective|p2a: Ceruledge
|-enditem|p2a: Ceruledge|Focus Sash
|-damage|p2a: Ceruledge|1/100
|-ability|p2a: Ceruledge|Weak Armor|boost
|-unboost|p2a: Ceruledge|def|1
|-boost|p2a: Ceruledge|spe|2
|move|p2a: Ceruledge|Poltergeist|p1a: Zamazenta
|-activate|p1a: Zamazenta|move: Poltergeist|Choice Band
|-damage|p1a: Zamazenta|33/100
|
|upkeep
|turn|5
|
|t:|1779683618
|move|p2a: Ceruledge|Bitter Blade|p1a: Zamazenta
|-damage|p1a: Zamazenta|0 fnt
|-heal|p2a: Ceruledge|19/100|[from] drain|[of] p1a: Zamazenta
|faint|p1a: Zamazenta
|
|upkeep
|
|t:|1779683621
|switch|p1a: Pecharunt|Pecharunt|100/100
|turn|6
|
|t:|1779683627
|move|p2a: Ceruledge|Poltergeist|p1a: Pecharunt
|-activate|p1a: Pecharunt|move: Poltergeist|Covert Cloak
|-supereffective|p1a: Pecharunt
|-damage|p1a: Pecharunt|0 fnt
|faint|p1a: Pecharunt
|
|upkeep
|
|t:|1779683634
|switch|p1a: Skarmory|Skarmory, M, shiny|100/100
|turn|7
|
|t:|1779683645
|switch|p1a: Ting-Lu|Ting-Lu, shiny|100/100
|-ability|p1a: Ting-Lu|Vessel of Ruin
|move|p2a: Ceruledge|Bitter Blade|p1a: Ting-Lu
|-damage|p1a: Ting-Lu|58/100
|-heal|p2a: Ceruledge|56/100|[from] drain|[of] p1a: Ting-Lu
|
|-heal|p1a: Ting-Lu|65/100|[from] item: Leftovers
|upkeep
|turn|8
|
|t:|1779683653
|move|p2a: Ceruledge|Bitter Blade|p1a: Ting-Lu
|-damage|p1a: Ting-Lu|19/100
|-heal|p2a: Ceruledge|97/100|[from] drain|[of] p1a: Ting-Lu
|move|p1a: Ting-Lu|Earthquake|p2a: Ceruledge
|-supereffective|p2a: Ceruledge
|-damage|p2a: Ceruledge|0 fnt
|faint|p2a: Ceruledge
|
|-heal|p1a: Ting-Lu|25/100|[from] item: Leftovers
|upkeep
|
|t:|1779683663
|switch|p2a: Dragonite|Dragonite, F|100/100
|turn|9
|
|t:|1779683670
|move|p2a: Dragonite|Dragon Dance|p2a: Dragonite
|-boost|p2a: Dragonite|atk|1
|-boost|p2a: Dragonite|spe|1
|move|p1a: Ting-Lu|Whirlwind|p2a: Dragonite
|drag|p2a: Kingambit|Kingambit, M, shiny|100/100
|-activate|p2a: Kingambit|ability: Supreme Overlord
|-start|p2a: Kingambit|fallen2|[silent]
|
|-heal|p1a: Ting-Lu|31/100|[from] item: Leftovers
|upkeep
|turn|10
|
|t:|1779683678
|-end|p2a: Kingambit|fallen2|[silent]
|switch|p2a: Dragonite|Dragonite, F|100/100
|move|p1a: Ting-Lu|Ruination|p2a: Dragonite
|-damage|p2a: Dragonite|51/100
|
|-heal|p1a: Ting-Lu|38/100|[from] item: Leftovers
|upkeep
|turn|11
|
|t:|1779683685
|move|p2a: Dragonite|Earthquake|p1a: Ting-Lu
|-damage|p1a: Ting-Lu|18/100
|move|p1a: Ting-Lu|Whirlwind|p2a: Dragonite
|drag|p2a: Raging Bolt|Raging Bolt|100/100
|-enditem|p2a: Raging Bolt|Booster Energy
|-activate|p2a: Raging Bolt|ability: Protosynthesis|[fromitem]
|-start|p2a: Raging Bolt|protosynthesisspa
|
|-heal|p1a: Ting-Lu|24/100|[from] item: Leftovers
|upkeep
|turn|12
|
|t:|1779683690
|move|p2a: Raging Bolt|Draco Meteor|p1a: Ting-Lu
|-damage|p1a: Ting-Lu|0 fnt
|-unboost|p2a: Raging Bolt|spa|2
|faint|p1a: Ting-Lu
|
|upkeep
|
|t:|1779683694
|switch|p1a: Primarina|Primarina, M, shiny|64/100
|turn|13
|
|t:|1779683701
|move|p2a: Raging Bolt|Thunderbolt|p1a: Primarina
|-supereffective|p1a: Primarina
|-damage|p1a: Primarina|27/100
|move|p1a: Primarina|Moonblast|p2a: Raging Bolt
|-supereffective|p2a: Raging Bolt
|-damage|p2a: Raging Bolt|14/100
|
|upkeep
|turn|14
|
|t:|1779683708
|-terastallize|p1a: Primarina|Poison
|move|p2a: Raging Bolt|Thunderclap|p1a: Primarina
|-damage|p1a: Primarina|12/100
|move|p1a: Primarina|Moonblast|p2a: Raging Bolt
|-supereffective|p2a: Raging Bolt
|-damage|p2a: Raging Bolt|0 fnt
|faint|p2a: Raging Bolt
|-end|p2a: Raging Bolt|Protosynthesis|[silent]
|
|upkeep
|
|t:|1779683712
|switch|p2a: Dragonite|Dragonite, F|51/100
|turn|15
|
|t:|1779683716
|move|p2a: Dragonite|Extreme Speed|p1a: Primarina
|-damage|p1a: Primarina|0 fnt
|faint|p1a: Primarina
|
|upkeep
|
|t:|1779683719
|switch|p1a: Skarmory|Skarmory, M, shiny|100/100
|turn|16
|
|t:|1779683723
|move|p2a: Dragonite|Fire Punch|p1a: Skarmory
|-supereffective|p1a: Skarmory
|-damage|p1a: Skarmory|57/100
|-damage|p2a: Dragonite|34/100|[from] item: Rocky Helmet|[of] p1a: Skarmory
|move|p1a: Skarmory|Taunt|p2a: Dragonite
|-start|p2a: Dragonite|move: Taunt
|
|upkeep
|turn|17
|
|t:|1779683734
|switch|p1a: Regieleki|Regieleki, shiny|100/100
|move|p2a: Dragonite|Fire Punch|p1a: Regieleki
|-damage|p1a: Regieleki|43/100
|
|upkeep
|turn|18
|
|t:|1779683744
|switch|p2a: Great Tusk|Great Tusk|100/100
|move|p1a: Regieleki|Swift|p2a: Great Tusk
|-damage|p2a: Great Tusk|79/100
|
|upkeep
|turn|19
|
|t:|1779683753
|switch|p1a: Skarmory|Skarmory, M, shiny|57/100
|move|p2a: Great Tusk|Rapid Spin|p1a: Skarmory
|-resisted|p1a: Skarmory
|-damage|p1a: Skarmory|53/100
|-boost|p2a: Great Tusk|spe|1
|-damage|p2a: Great Tusk|62/100|[from] item: Rocky Helmet|[of] p1a: Skarmory
|
|upkeep
|turn|20
|
|t:|1779683760
|move|p2a: Great Tusk|Ice Spinner|p1a: Skarmory
|-damage|p1a: Skarmory|37/100
|-damage|p2a: Great Tusk|46/100|[from] item: Rocky Helmet|[of] p1a: Skarmory
|move|p1a: Skarmory|Body Press|p2a: Great Tusk
|-damage|p2a: Great Tusk|27/100
|
|upkeep
|turn|21
|
|t:|1779683766
|move|p2a: Great Tusk|Stealth Rock|p1a: Skarmory
|-sidestart|p1: Yung.mateo|move: Stealth Rock
|move|p1a: Skarmory|Roost|p1a: Skarmory
|-heal|p1a: Skarmory|87/100
|-singleturn|p1a: Skarmory|move: Roost
|
|upkeep
|turn|22
|
|t:|1779683770
|-end|p2a: Great Tusk|Protosynthesis|[silent]
|switch|p2a: Dragonite|Dragonite, F|34/100
|move|p1a: Skarmory|Body Press|p2a: Dragonite
|-resisted|p2a: Dragonite
|-damage|p2a: Dragonite|18/100
|
|upkeep
|turn|23
|
|t:|1779683776
|move|p2a: Dragonite|Fire Punch|p1a: Skarmory
|-supereffective|p1a: Skarmory
|-damage|p1a: Skarmory|51/100
|-damage|p2a: Dragonite|1/100|[from] item: Rocky Helmet|[of] p1a: Skarmory
|move|p1a: Skarmory|Body Press|p2a: Dragonite
|-resisted|p2a: Dragonite
|-damage|p2a: Dragonite|0 fnt
|faint|p2a: Dragonite
|
|upkeep
|
|t:|1779683779
|switch|p2a: Kingambit|Kingambit, M, shiny|100/100
|-activate|p2a: Kingambit|ability: Supreme Overlord
|-start|p2a: Kingambit|fallen4|[silent]
|turn|24
|
|t:|1779683784
|move|p1a: Skarmory|Roost|p1a: Skarmory
|-heal|p1a: Skarmory|100/100
|-singleturn|p1a: Skarmory|move: Roost
|move|p2a: Kingambit|Swords Dance|p2a: Kingambit
|-boost|p2a: Kingambit|atk|2
|
|upkeep
|turn|25
|
|t:|1779683789
|move|p2a: Kingambit|Sucker Punch|p1a: Skarmory
|-damage|p1a: Skarmory|8/100
|-damage|p2a: Kingambit|84/100|[from] item: Rocky Helmet|[of] p1a: Skarmory
|move|p1a: Skarmory|Body Press|p2a: Kingambit
|-supereffective|p2a: Kingambit
|-damage|p2a: Kingambit|0 fnt
|faint|p2a: Kingambit
|-end|p2a: Kingambit|fallen4|[silent]
|
|upkeep
|
|t:|1779683795
|switch|p2a: Great Tusk|Great Tusk|27/100
|turn|26
|
|t:|1779683800
|move|p2a: Great Tusk|Ice Spinner|p1a: Skarmory
|-damage|p1a: Skarmory|0 fnt
|-damage|p2a: Great Tusk|10/100|[from] item: Rocky Helmet|[of] p1a: Skarmory
|faint|p1a: Skarmory
|
|upkeep
|
|t:|1779683802
|switch|p1a: Regieleki|Regieleki, shiny|43/100
|turn|27
|
|t:|1779683804
|move|p1a: Regieleki|Swift|p2a: Great Tusk
|-damage|p2a: Great Tusk|0 fnt
|faint|p2a: Great Tusk
|-end|p2a: Great Tusk|Protosynthesis|[silent]
|
|win|Yung.mateo
|raw|Yung.mateo's rating: 1345 &rarr; <strong>1364</strong><br />(+19 for winning)
|raw|Marceliscool172010's rating: 1321 &rarr; <strong>1302</strong><br />(-19 for losing)
|l|☆Yung.mateo
|player|p1|
