|j|☆drstone420
|j|☆vanzman74
|t:|1779715060
|gametype|singles
|player|p1|drstone420|lucas|1350
|player|p2|vanzman74|265|1338
|gen|9
|tier|[Gen 9] OU
|rated|
|rule|HP Percentage Mod: HP is shown in percentages
|rule|Endless Battle Clause: Forcing endless battles is banned
|rule|Species Clause: Limit one of each Pokémon
|rule|OHKO Clause: OHKO moves are banned
|rule|Evasion Items Clause: Evasion items are banned
|rule|Evasion Moves Clause: Evasion moves are banned
|rule|Evasion Abilities Clause: Evasion abilities are banned
|rule|Sleep Moves Clause: Sleep-inducing moves are banned
|clearpoke
|poke|p1|Dragonite, M|
|poke|p1|Serperior, F|
|poke|p1|Tyranitar, M|
|poke|p1|Excadrill, F|
|poke|p1|Skeledirge, M|
|poke|p1|Zapdos|
|poke|p2|Tornadus-Therian, M|
|poke|p2|Rillaboom, M|
|poke|p2|Latios, M|
|poke|p2|Heatran, F|
|poke|p2|Meowscarada, F|
|poke|p2|Swampert, M|
|teampreview
|inactive|Battle timer is ON: inactive players will automatically lose when time's up. (requested by vanzman74)
|
|t:|1779715072
|teamsize|p1|6
|teamsize|p2|6
|start
|switch|p1a: Zapdos|Zapdos|100/100
|switch|p2a: Swampert|Swampert, M|100/100
|turn|1
|
|t:|1779715079
|switch|p1a: Serperior|Serperior, F, shiny|100/100
|move|p2a: Swampert|Stealth Rock|p1a: Serperior
|-sidestart|p1: drstone420|move: Stealth Rock
|
|upkeep
|turn|2
|
|t:|1779715086
|switch|p2a: Heatran|Heatran, F|100/100
|move|p1a: Serperior|Glare|p2a: Heatran
|-status|p2a: Heatran|par
|
|upkeep
|turn|3
|
|t:|1779715111
|switch|p1a: Tyranitar|Tyranitar, M, shiny|100/100
|-damage|p1a: Tyranitar|88/100|[from] Stealth Rock
|-weather|Sandstorm|[from] ability: Sand Stream|[of] p1a: Tyranitar
|move|p2a: Heatran|Lava Plume|p1a: Tyranitar
|-resisted|p1a: Tyranitar
|-damage|p1a: Tyranitar|81/100
|
|-weather|Sandstorm|[upkeep]
|-heal|p1a: Tyranitar|88/100|[from] item: Leftovers
|upkeep
|turn|4
|l|☆drstone420
|inactive|drstone420 disconnected and has a minute to reconnect!
|player|p1|
|j|☆drstone420
|inactive|drstone420 reconnected and has 140 seconds left.
|player|p1|drstone420|lucas|
|
|t:|1779715128
|switch|p2a: Meowscarada|Meowscarada, F|100/100
|move|p1a: Tyranitar|Stealth Rock|p2a: Meowscarada
|-sidestart|p2: vanzman74|move: Stealth Rock
|
|-weather|Sandstorm|[upkeep]
|-damage|p2a: Meowscarada|94/100|[from] Sandstorm
|-heal|p1a: Tyranitar|94/100|[from] item: Leftovers
|upkeep
|turn|5
|
|t:|1779715141
|switch|p1a: Zapdos|Zapdos|100/100
|move|p2a: Meowscarada|U-turn|p1a: Zapdos
|-start|p2a: Meowscarada|typechange|Bug|[from] ability: Protean
|-resisted|p1a: Zapdos
|-damage|p1a: Zapdos|76/100
|
|t:|1779715158
|switch|p2a: Swampert|Swampert, M|100/100|[from] U-turn
|-damage|p2a: Swampert|94/100|[from] Stealth Rock
|
|-weather|Sandstorm|[upkeep]
|-damage|p1a: Zapdos|70/100|[from] Sandstorm
|-heal|p2a: Swampert|100/100|[from] item: Leftovers
|upkeep
|turn|6
|
|t:|1779715165
|move|p1a: Zapdos|U-turn|p2a: Swampert
|-damage|p2a: Swampert|88/100
|
|t:|1779715172
|switch|p1a: Serperior|Serperior, F, shiny|100/100|[from] U-turn
|-damage|p1a: Serperior|88/100|[from] Stealth Rock
|move|p2a: Swampert|Ice Beam|p1a: Serperior
|-supereffective|p1a: Serperior
|-damage|p1a: Serperior|24/100
|
|-weather|Sandstorm|[upkeep]
|-damage|p1a: Serperior|18/100|[from] Sandstorm
|-heal|p1a: Serperior|24/100|[from] item: Leftovers
|-heal|p2a: Swampert|94/100|[from] item: Leftovers
|upkeep
|turn|7
|
|t:|1779715182
|switch|p2a: Heatran|Heatran, F|100/100 par
|-damage|p2a: Heatran|88/100 par|[from] Stealth Rock
|move|p1a: Serperior|Leaf Storm|p2a: Heatran|[miss]
|-miss|p1a: Serperior|p2a: Heatran
|
|-weather|none
|-heal|p1a: Serperior|30/100|[from] item: Leftovers
|-heal|p2a: Heatran|94/100 par|[from] item: Leftovers
|upkeep
|turn|8
|
|t:|1779715192
|move|p1a: Serperior|Substitute|p1a: Serperior
|-start|p1a: Serperior|Substitute
|-damage|p1a: Serperior|5/100
|cant|p2a: Heatran|par
|
|-heal|p1a: Serperior|11/100|[from] item: Leftovers
|-heal|p2a: Heatran|100/100 par|[from] item: Leftovers
|upkeep
|turn|9
|
|t:|1779715196
|move|p1a: Serperior|Leech Seed|p2a: Heatran
|-start|p2a: Heatran|move: Leech Seed
|cant|p2a: Heatran|par
|
|-heal|p1a: Serperior|17/100|[from] item: Leftovers
|-damage|p2a: Heatran|88/100 par|[from] Leech Seed|[of] p1a: Serperior
|-heal|p1a: Serperior|34/100|[silent]
|upkeep
|turn|10
|
|t:|1779715208
|switch|p2a: Meowscarada|Meowscarada, F|94/100
|-damage|p2a: Meowscarada|82/100|[from] Stealth Rock
|move|p1a: Serperior|Leaf Storm|p2a: Meowscarada
|-resisted|p2a: Meowscarada
|-damage|p2a: Meowscarada|44/100
|-boost|p1a: Serperior|spa|2
|
|-heal|p1a: Serperior|40/100|[from] item: Leftovers
|upkeep
|turn|11
|
|t:|1779715215
|move|p2a: Meowscarada|Triple Axel|p1a: Serperior
|-start|p2a: Meowscarada|typechange|Ice|[from] ability: Protean
|-supereffective|p1a: Serperior
|-end|p1a: Serperior|Substitute
|-supereffective|p1a: Serperior
|-damage|p1a: Serperior|0 fnt
|faint|p1a: Serperior
|-hitcount|p1: Serperior|2
|
|upkeep
|
|t:|1779715220
|switch|p1a: Skeledirge|Skeledirge, M|100/100
|turn|12
|
|t:|1779715231
|switch|p2a: Latios|Latios, M|100/100
|-damage|p2a: Latios|88/100|[from] Stealth Rock
|move|p1a: Skeledirge|Hex|p2a: Latios
|-supereffective|p2a: Latios
|-damage|p2a: Latios|38/100
|
|upkeep
|turn|13
|
|t:|1779715236
|move|p2a: Latios|Draco Meteor|p1a: Skeledirge
|-damage|p1a: Skeledirge|8/100
|-unboost|p2a: Latios|spa|2
|move|p1a: Skeledirge|Hex|p2a: Latios
|-supereffective|p2a: Latios
|-damage|p2a: Latios|0 fnt
|faint|p2a: Latios
|
|upkeep
|
|t:|1779715255
|switch|p2a: Tornadus|Tornadus-Therian, M, shiny|100/100
|-damage|p2a: Tornadus|76/100|[from] Stealth Rock
|turn|14
|
|t:|1779715263
|switch|p1a: Zapdos|Zapdos|70/100
|move|p2a: Tornadus|Knock Off|p1a: Zapdos
|-damage|p1a: Zapdos|50/100
|-enditem|p1a: Zapdos|Heavy-Duty Boots|[from] move: Knock Off|[of] p2a: Tornadus
|
|upkeep
|turn|15
|
|t:|1779715271
|switch|p2a: Heatran|Heatran, F|88/100 par
|-damage|p2a: Heatran|76/100 par|[from] Stealth Rock
|move|p1a: Zapdos|Roost|p1a: Zapdos
|-heal|p1a: Zapdos|99/100
|-singleturn|p1a: Zapdos|move: Roost
|
|-heal|p2a: Heatran|82/100 par|[from] item: Leftovers
|upkeep
|turn|16
|
|t:|1779715278
|move|p1a: Zapdos|Discharge|p2a: Heatran
|-damage|p2a: Heatran|42/100 par
|move|p2a: Heatran|Lava Plume|p1a: Zapdos
|-damage|p1a: Zapdos|69/100
|
|-heal|p2a: Heatran|48/100 par|[from] item: Leftovers
|upkeep
|turn|17
|
|t:|1779715285
|move|p1a: Zapdos|Discharge|p2a: Heatran
|-damage|p2a: Heatran|7/100 par
|move|p2a: Heatran|Ancient Power|p1a: Zapdos
|-supereffective|p1a: Zapdos
|-crit|p1a: Zapdos
|-damage|p1a: Zapdos|19/100
|
|-heal|p2a: Heatran|14/100 par|[from] item: Leftovers
|upkeep
|turn|18
|
|t:|1779715292
|move|p1a: Zapdos|Discharge|p2a: Heatran
|-damage|p2a: Heatran|0 fnt
|faint|p2a: Heatran
|
|upkeep
|
|t:|1779715296
|switch|p2a: Swampert|Swampert, M|94/100
|-damage|p2a: Swampert|88/100|[from] Stealth Rock
|turn|19
|
|t:|1779715301
|move|p1a: Zapdos|U-turn|p2a: Swampert
|-crit|p2a: Swampert
|-damage|p2a: Swampert|70/100
|
|t:|1779715305
|switch|p1a: Tyranitar|Tyranitar, M, shiny|94/100|[from] U-turn
|-damage|p1a: Tyranitar|81/100|[from] Stealth Rock
|-weather|Sandstorm|[from] ability: Sand Stream|[of] p1a: Tyranitar
|move|p2a: Swampert|Ice Beam|p1a: Tyranitar
|-damage|p1a: Tyranitar|71/100
|
|-weather|Sandstorm|[upkeep]
|-heal|p1a: Tyranitar|77/100|[from] item: Leftovers
|-heal|p2a: Swampert|76/100|[from] item: Leftovers
|upkeep
|turn|20
|
|t:|1779715321
|move|p1a: Tyranitar|Knock Off|p2a: Swampert
|-crit|p2a: Swampert
|-damage|p2a: Swampert|11/100
|-enditem|p2a: Swampert|Leftovers|[from] move: Knock Off|[of] p1a: Tyranitar
|move|p2a: Swampert|Flip Turn|p1a: Tyranitar
|-supereffective|p1a: Tyranitar
|-damage|p1a: Tyranitar|29/100
|
|t:|1779715343
|switch|p2a: Rillaboom|Rillaboom, M|100/100|[from] Flip Turn
|-damage|p2a: Rillaboom|88/100|[from] Stealth Rock
|-fieldstart|move: Grassy Terrain|[from] ability: Grassy Surge|[of] p2a: Rillaboom
|
|-weather|Sandstorm|[upkeep]
|-damage|p2a: Rillaboom|82/100|[from] Sandstorm
|-heal|p2a: Rillaboom|88/100|[from] Grassy Terrain
|-heal|p1a: Tyranitar|35/100|[from] Grassy Terrain
|-heal|p1a: Tyranitar|42/100|[from] item: Leftovers
|upkeep
|turn|21
|
|t:|1779715351
|switch|p1a: Skeledirge|Skeledirge, M|8/100
|move|p2a: Rillaboom|U-turn|p1a: Skeledirge
|-resisted|p1a: Skeledirge
|-damage|p1a: Skeledirge|4/100
|-damage|p2a: Rillaboom|78/100|[from] item: Life Orb
|
|t:|1779715359
|switch|p2a: Tornadus|Tornadus-Therian, M, shiny|100/100|[from] U-turn
|-damage|p2a: Tornadus|76/100|[from] Stealth Rock
|
|-weather|Sandstorm|[upkeep]
|-damage|p2a: Tornadus|70/100|[from] Sandstorm
|-damage|p1a: Skeledirge|0 fnt|[from] Sandstorm
|faint|p1a: Skeledirge
|upkeep
|
|t:|1779715375
|switch|p1a: Zapdos|Zapdos|19/100
|-damage|p1a: Zapdos|0 fnt|[from] Stealth Rock
|faint|p1a: Zapdos
|
|t:|1779715384
|switch|p1a: Excadrill|Excadrill, F|100/100
|-damage|p1a: Excadrill|97/100|[from] Stealth Rock
|turn|22
|
|t:|1779715388
|move|p1a: Excadrill|Iron Head|p2a: Tornadus
|-damage|p2a: Tornadus|18/100
|cant|p2a: Tornadus|flinch
|
|-weather|Sandstorm|[upkeep]
|-damage|p2a: Tornadus|12/100|[from] Sandstorm
|-heal|p1a: Excadrill|100/100|[from] Grassy Terrain
|upkeep
|turn|23
|
|t:|1779715393
|move|p1a: Excadrill|Rapid Spin|p2a: Tornadus
|-damage|p2a: Tornadus|0 fnt
|-boost|p1a: Excadrill|spe|1
|-sideend|p1: drstone420|Stealth Rock|[from] move: Rapid Spin|[of] p1a: Excadrill
|faint|p2a: Tornadus
|
|-weather|none
|upkeep
|
|t:|1779715397
|switch|p2a: Rillaboom|Rillaboom, M|78/100
|-damage|p2a: Rillaboom|66/100|[from] Stealth Rock
|turn|24
|
|t:|1779715407
|move|p2a: Rillaboom|Grassy Glide|p1a: Excadrill
|-damage|p1a: Excadrill|32/100
|-damage|p2a: Rillaboom|56/100|[from] item: Life Orb
|move|p1a: Excadrill|Iron Head|p2a: Rillaboom
|-damage|p2a: Rillaboom|8/100
|
|-heal|p1a: Excadrill|38/100|[from] Grassy Terrain
|-heal|p2a: Rillaboom|14/100|[from] Grassy Terrain
|-fieldend|move: Grassy Terrain
|upkeep
|turn|25
|
|t:|1779715414
|move|p1a: Excadrill|Iron Head|p2a: Rillaboom
|-damage|p2a: Rillaboom|0 fnt
|faint|p2a: Rillaboom
|
|upkeep
|
|t:|1779715418
|switch|p2a: Meowscarada|Meowscarada, F|44/100
|-damage|p2a: Meowscarada|32/100|[from] Stealth Rock
|turn|26
|
|t:|1779715422
|move|p1a: Excadrill|Iron Head|p2a: Meowscarada
|-damage|p2a: Meowscarada|0 fnt
|faint|p2a: Meowscarada
|
|upkeep
|
|t:|1779715423
|switch|p2a: Swampert|Swampert, M|11/100
|-damage|p2a: Swampert|5/100|[from] Stealth Rock
|turn|27
|
|t:|1779715426
|-terastallize|p2a: Swampert|Steel
|move|p1a: Excadrill|Rapid Spin|p2a: Swampert
|-resisted|p2a: Swampert
|-damage|p2a: Swampert|0 fnt
|-boost|p1a: Excadrill|spe|1
|faint|p2a: Swampert
|
|win|drstone420
|raw|drstone420's rating: 1350 &rarr; <strong>1369</strong><br />(+19 for winning)
|raw|vanzman74's rating: 1338 &rarr; <strong>1319</strong><br />(-19 for losing)
|l|☆vanzman74
|player|p2|
|l|☆drstone420
|player|p1|
