|j|☆DuckyBro
|j|☆CosmicMD
|t:|1779616205
|gametype|singles
|player|p1|DuckyBro|dragontamer|1682
|player|p2|CosmicMD|colress|1606
|gen|9
|tier|[Gen 9] OU
|rated|
|rule|HP Percentage Mod: HP is shown in percentages
|rule|Endless Battle Clause: Forcing endless battles is banned
|rule|Species Clause: Limit one of each Pokémon
|rule|OHKO Clause: OHKO moves are banned
|rule|Evasion Items Clause: Evasion items are banned
|rule|Evasion Moves Clause: Evasion moves are banned
|rule|Evasion Abilities Clause: Evasion abilities are banned
|rule|Sleep Moves Clause: Sleep-inducing moves are banned
|clearpoke
|poke|p1|Cinderace, F|
|poke|p1|Dondozo, M|
|poke|p1|Zapdos|
|poke|p1|Garchomp, F|
|poke|p1|Kyurem|
|poke|p1|Volcanion|
|poke|p2|Moltres|
|poke|p2|Great Tusk|
|poke|p2|Meowscarada, M|
|poke|p2|Empoleon, M|
|poke|p2|Ting-Lu|
|poke|p2|Hydrapple, M|
|teampreview
|inactive|Battle timer is ON: inactive players will automatically lose when time's up. (requested by CosmicMD)
|
|t:|1779616217
|teamsize|p1|6
|teamsize|p2|6
|start
|switch|p1a: Zapdos|Zapdos|100/100
|switch|p2a: Meowscarada|Meowscarada, M|100/100
|turn|1
|
|t:|1779616230
|switch|p2a: Ting-Lu|Ting-Lu|100/100
|-ability|p2a: Ting-Lu|Vessel of Ruin
|switch|p1a: Dondozo|Dondozo, M|100/100
|
|upkeep
|turn|2
|
|t:|1779616237
|switch|p2a: HydrapGOAT|Hydrapple, M|100/100
|switch|p1a: Zapdos|Zapdos|100/100
|
|upkeep
|turn|3
|
|t:|1779616240
|switch|p2a: Ting-Lu|Ting-Lu|100/100
|-ability|p2a: Ting-Lu|Vessel of Ruin
|move|p1a: Zapdos|Hurricane|p2a: Ting-Lu|[miss]
|-miss|p1a: Zapdos|p2a: Ting-Lu
|
|upkeep
|turn|4
|
|t:|1779616245
|move|p1a: Zapdos|Hurricane|p2a: Ting-Lu
|-damage|p2a: Ting-Lu|62/100
|-start|p2a: Ting-Lu|confusion
|-activate|p2a: Ting-Lu|confusion
|move|p2a: Ting-Lu|Spikes|p1a: Zapdos
|-sidestart|p1: DuckyBro|Spikes
|
|-heal|p2a: Ting-Lu|68/100|[from] item: Leftovers
|upkeep
|turn|5
|
|t:|1779616247
|move|p1a: Zapdos|Hurricane|p2a: Ting-Lu
|-damage|p2a: Ting-Lu|32/100
|-activate|p2a: Ting-Lu|confusion
|move|p2a: Ting-Lu|Spikes|p1a: Zapdos
|-sidestart|p1: DuckyBro|Spikes
|
|-heal|p2a: Ting-Lu|39/100|[from] item: Leftovers
|upkeep
|turn|6
|
|t:|1779616250
|move|p1a: Zapdos|Hurricane|p2a: Ting-Lu|[miss]
|-miss|p1a: Zapdos|p2a: Ting-Lu
|-end|p2a: Ting-Lu|confusion
|move|p2a: Ting-Lu|Spikes|p1a: Zapdos
|-sidestart|p1: DuckyBro|Spikes
|
|-heal|p2a: Ting-Lu|45/100|[from] item: Leftovers
|upkeep
|turn|7
|
|t:|1779616253
|move|p1a: Zapdos|Hurricane|p2a: Ting-Lu|[miss]
|-miss|p1a: Zapdos|p2a: Ting-Lu
|move|p2a: Ting-Lu|Ruination|p1a: Zapdos|[miss]
|-miss|p2a: Ting-Lu|p1a: Zapdos
|
|-heal|p2a: Ting-Lu|51/100|[from] item: Leftovers
|upkeep
|turn|8
|
|t:|1779616256
|move|p1a: Zapdos|Hurricane|p2a: Ting-Lu
|-damage|p2a: Ting-Lu|15/100
|move|p2a: Ting-Lu|Ruination|p1a: Zapdos
|-damage|p1a: Zapdos|51/100
|
|-heal|p2a: Ting-Lu|21/100|[from] item: Leftovers
|upkeep
|turn|9
|
|t:|1779616259
|switch|p2a: Empoleon|Empoleon, M|100/100
|move|p1a: Zapdos|Hurricane|p2a: Empoleon|[miss]
|-miss|p1a: Zapdos|p2a: Empoleon
|
|upkeep
|turn|10
|
|t:|1779616265
|switch|p1a: Volcanion|Volcanion|100/100
|-damage|p1a: Volcanion|76/100|[from] Spikes
|move|p2a: Empoleon|Surf|p1a: Volcanion
|-heal|p1a: Volcanion|100/100|[from] ability: Water Absorb|[of] p2a: Empoleon
|
|upkeep
|turn|11
|
|t:|1779616269
|switch|p2a: HydrapGOAT|Hydrapple, M|100/100
|move|p1a: Volcanion|Fire Blast|p2a: HydrapGOAT
|-crit|p2a: HydrapGOAT
|-damage|p2a: HydrapGOAT|43/100
|
|upkeep
|turn|12
|
|t:|1779616275
|move|p1a: Volcanion|Sludge Bomb|p2a: HydrapGOAT
|-supereffective|p2a: HydrapGOAT
|-damage|p2a: HydrapGOAT|0 fnt
|faint|p2a: HydrapGOAT
|
|upkeep
|
|t:|1779616280
|switch|p2a: Great Tusk|Great Tusk|100/100
|turn|13
|
|t:|1779616291
|-terastallize|p1a: Volcanion|Ground
|move|p2a: Great Tusk|Headlong Rush|p1a: Volcanion
|-damage|p1a: Volcanion|48/100
|-unboost|p2a: Great Tusk|def|1
|-unboost|p2a: Great Tusk|spd|1
|move|p1a: Volcanion|Steam Eruption|p2a: Great Tusk
|-supereffective|p2a: Great Tusk
|-damage|p2a: Great Tusk|0 fnt
|faint|p2a: Great Tusk
|-end|p2a: Great Tusk|Protosynthesis|[silent]
|
|upkeep
|
|t:|1779616296
|switch|p2a: Meowscarada|Meowscarada, M|100/100
|turn|14
|
|t:|1779616303
|move|p2a: Meowscarada|Flower Trick|p1a: Volcanion
|-start|p2a: Meowscarada|typechange|Grass|[from] ability: Protean
|-supereffective|p1a: Volcanion
|-crit|p1a: Volcanion
|-damage|p1a: Volcanion|0 fnt
|faint|p1a: Volcanion
|
|upkeep
|
|t:|1779616306
|switch|p1a: Cinderace|Cinderace, F|100/100
|turn|15
|
|t:|1779616315
|move|p2a: Meowscarada|Flower Trick|p1a: Cinderace
|-resisted|p1a: Cinderace
|-crit|p1a: Cinderace
|-damage|p1a: Cinderace|67/100
|move|p1a: Cinderace|Court Change|p1a: Cinderace
|-start|p1a: Cinderace|typechange|Normal|[from] ability: Libero
|-swapsideconditions
|-activate|p1a: Cinderace|move: Court Change
|
|upkeep
|turn|16
|
|t:|1779616321
|switch|p1a: Zapdos|Zapdos|51/100
|move|p2a: Meowscarada|Flower Trick|p1a: Zapdos
|-resisted|p1a: Zapdos
|-crit|p1a: Zapdos
|-damage|p1a: Zapdos|19/100
|
|upkeep
|turn|17
|
|t:|1779616324
|move|p2a: Meowscarada|Flower Trick|p1a: Zapdos
|-resisted|p1a: Zapdos
|-crit|p1a: Zapdos
|-damage|p1a: Zapdos|0 fnt
|faint|p1a: Zapdos
|
|upkeep
|
|t:|1779616325
|switch|p1a: Cinderace|Cinderace, F|67/100
|turn|18
|
|t:|1779616330
|switch|p2a: Rubber Chicken|Moltres|100/100
|move|p1a: Cinderace|Pyro Ball|p2a: Rubber Chicken
|-resisted|p2a: Rubber Chicken
|-damage|p2a: Rubber Chicken|81/100
|
|upkeep
|turn|19
|
|t:|1779616334
|switch|p1a: Garchomp|Garchomp, F|100/100
|move|p2a: Rubber Chicken|U-turn|p1a: Garchomp
|-damage|p1a: Garchomp|83/100
|-damage|p2a: Rubber Chicken|69/100|[from] ability: Rough Skin|[of] p1a: Garchomp
|
|t:|1779616337
|switch|p2a: Meowscarada|Meowscarada, M|100/100|[from] U-turn
|-damage|p2a: Meowscarada|76/100|[from] Spikes
|
|upkeep
|turn|20
|
|t:|1779616341
|move|p2a: Meowscarada|Triple Axel|p1a: Garchomp
|-start|p2a: Meowscarada|typechange|Ice|[from] ability: Protean
|-supereffective|p1a: Garchomp
|-damage|p1a: Garchomp|42/100
|-damage|p2a: Meowscarada|63/100|[from] ability: Rough Skin|[of] p1a: Garchomp
|-supereffective|p1a: Garchomp
|-damage|p1a: Garchomp|0 fnt
|-damage|p2a: Meowscarada|51/100|[from] ability: Rough Skin|[of] p1a: Garchomp
|faint|p1a: Garchomp
|-hitcount|p1: Garchomp|2
|
|upkeep
|
|t:|1779616345
|switch|p1a: Kyurem|Kyurem|100/100
|-ability|p1a: Kyurem|Pressure
|turn|21
|
|t:|1779616352
|switch|p2a: Empoleon|Empoleon, M|100/100
|-damage|p2a: Empoleon|75/100|[from] Spikes
|move|p1a: Kyurem|Draco Meteor|p2a: Empoleon
|-resisted|p2a: Empoleon
|-damage|p2a: Empoleon|44/100
|-unboost|p1a: Kyurem|spa|2
|
|-heal|p2a: Empoleon|50/100|[from] item: Leftovers
|upkeep
|turn|22
|
|t:|1779616355
|switch|p1a: Dondozo|Dondozo, M|100/100
|move|p2a: Empoleon|Roost|p2a: Empoleon
|-heal|p2a: Empoleon|99/100
|-singleturn|p2a: Empoleon|move: Roost
|
|-heal|p2a: Empoleon|100/100|[from] item: Leftovers
|upkeep
|turn|23
|
|t:|1779616363
|switch|p2a: Meowscarada|Meowscarada, M|51/100
|-damage|p2a: Meowscarada|26/100|[from] Spikes
|move|p1a: Dondozo|Liquidation|p2a: Meowscarada
|-resisted|p2a: Meowscarada
|-damage|p2a: Meowscarada|2/100
|
|upkeep
|turn|24
|
|t:|1779616380
|switch|p1a: Cinderace|Cinderace, F|67/100
|move|p2a: Meowscarada|Flower Trick|p1a: Cinderace
|-start|p2a: Meowscarada|typechange|Grass|[from] ability: Protean
|-resisted|p1a: Cinderace
|-crit|p1a: Cinderace
|-damage|p1a: Cinderace|30/100
|
|upkeep
|turn|25
|
|t:|1779616388
|move|p1a: Cinderace|Sucker Punch|p2a: Meowscarada
|-start|p1a: Cinderace|typechange|Dark|[from] ability: Libero
|-damage|p2a: Meowscarada|0 fnt
|faint|p2a: Meowscarada
|
|upkeep
|-message|CosmicMD forfeited.
|
|win|DuckyBro
|raw|DuckyBro's rating: 1682 &rarr; <strong>1698</strong><br />(+16 for winning)
|raw|CosmicMD's rating: 1606 &rarr; <strong>1590</strong><br />(-16 for losing)
|l|☆CosmicMD
|player|p2|
|l|☆DuckyBro
|player|p1|
