|j|☆thaiido
|j|☆conwynaut
|t:|1779693794
|gametype|singles
|player|p1|thaiido|benga|1292
|player|p2|conwynaut|265|1351
|gen|9
|tier|[Gen 9] OU
|rated|
|rule|HP Percentage Mod: HP is shown in percentages
|rule|Endless Battle Clause: Forcing endless battles is banned
|rule|Species Clause: Limit one of each Pokémon
|rule|OHKO Clause: OHKO moves are banned
|rule|Evasion Items Clause: Evasion items are banned
|rule|Evasion Moves Clause: Evasion moves are banned
|rule|Evasion Abilities Clause: Evasion abilities are banned
|rule|Sleep Moves Clause: Sleep-inducing moves are banned
|clearpoke
|poke|p1|Torkoal, M|
|poke|p1|Raging Bolt|
|poke|p1|Great Tusk|
|poke|p1|Iron Moth|
|poke|p1|Scream Tail|
|poke|p1|Arcanine-Hisui, F|
|poke|p2|Darkrai|
|poke|p2|Garchomp, F|
|poke|p2|Alomomola, F|
|poke|p2|Corviknight, F|
|poke|p2|Weezing-Galar, M|
|poke|p2|Ogerpon, F|
|teampreview
|inactive|Battle timer is ON: inactive players will automatically lose when time's up. (requested by thaiido)
|
|t:|1779693812
|teamsize|p1|6
|teamsize|p2|6
|start
|switch|p1a: Torkoal|Torkoal, M, shiny|100/100
|switch|p2a: Garchomp|Garchomp, F|100/100
|-weather|SunnyDay|[from] ability: Drought|[of] p1a: Torkoal
|turn|1
|
|t:|1779693819
|move|p2a: Garchomp|Stealth Rock|p1a: Torkoal
|-sidestart|p1: thaiido|move: Stealth Rock
|move|p1a: Torkoal|Stealth Rock|p2a: Garchomp
|-sidestart|p2: conwynaut|move: Stealth Rock
|
|-weather|SunnyDay|[upkeep]
|upkeep
|turn|2
|
|t:|1779693832
|-terastallize|p1a: Torkoal|Grass
|move|p2a: Garchomp|Earthquake|p1a: Torkoal
|-resisted|p1a: Torkoal
|-damage|p1a: Torkoal|85/100
|move|p1a: Torkoal|Rapid Spin|p2a: Garchomp
|-damage|p2a: Garchomp|95/100
|-boost|p1a: Torkoal|spe|1
|-damage|p1a: Torkoal|73/100|[from] ability: Rough Skin|[of] p2a: Garchomp
|-damage|p1a: Torkoal|56/100|[from] item: Rocky Helmet|[of] p2a: Garchomp
|-sideend|p1: thaiido|Stealth Rock|[from] move: Rapid Spin|[of] p1a: Torkoal
|
|-weather|SunnyDay|[upkeep]
|upkeep
|turn|3
|
|t:|1779693843
|move|p2a: Garchomp|Stealth Rock|p1a: Torkoal
|-sidestart|p1: thaiido|move: Stealth Rock
|move|p1a: Torkoal|Lava Plume|p2a: Garchomp
|-resisted|p2a: Garchomp
|-damage|p2a: Garchomp|72/100
|-status|p2a: Garchomp|brn
|
|-weather|SunnyDay|[upkeep]
|-damage|p2a: Garchomp|65/100 brn|[from] brn
|upkeep
|turn|4
|
|t:|1779693851
|switch|p1a: Great Tusk|Great Tusk, shiny|100/100
|-activate|p1a: Great Tusk|ability: Protosynthesis
|-start|p1a: Great Tusk|protosynthesisatk
|move|p2a: Garchomp|Dragon Tail|p1a: Great Tusk
|-damage|p1a: Great Tusk|90/100
|-end|p1a: Great Tusk|Protosynthesis|[silent]
|drag|p1a: Raging Bolt|Raging Bolt|100/100
|-damage|p1a: Raging Bolt|88/100|[from] Stealth Rock
|-item|p1a: Raging Bolt|Air Balloon
|-activate|p1a: Raging Bolt|ability: Protosynthesis
|-start|p1a: Raging Bolt|protosynthesisspa
|
|-weather|SunnyDay|[upkeep]
|-damage|p2a: Garchomp|59/100 brn|[from] brn
|upkeep
|turn|5
|
|t:|1779693868
|-end|p1a: Raging Bolt|Protosynthesis|[silent]
|switch|p1a: Scream Tail|Scream Tail, shiny|100/100
|-damage|p1a: Scream Tail|88/100|[from] Stealth Rock
|-activate|p1a: Scream Tail|ability: Protosynthesis
|-start|p1a: Scream Tail|protosynthesisspd
|move|p2a: Garchomp|Dragon Tail|p1a: Scream Tail
|-immune|p1a: Scream Tail
|
|-weather|none
|-end|p1a: Scream Tail|Protosynthesis
|-heal|p1a: Scream Tail|94/100|[from] item: Leftovers
|-damage|p2a: Garchomp|53/100 brn|[from] brn
|upkeep
|turn|6
|
|t:|1779693879
|move|p1a: Scream Tail|Dazzling Gleam|p2a: Garchomp
|-supereffective|p2a: Garchomp
|-damage|p2a: Garchomp|18/100 brn
|move|p2a: Garchomp|Spikes|p1a: Scream Tail
|-sidestart|p1: thaiido|Spikes
|
|-heal|p1a: Scream Tail|100/100|[from] item: Leftovers
|-damage|p2a: Garchomp|12/100 brn|[from] brn
|upkeep
|turn|7
|
|t:|1779693888
|move|p1a: Scream Tail|Dazzling Gleam|p2a: Garchomp
|-supereffective|p2a: Garchomp
|-damage|p2a: Garchomp|0 fnt
|faint|p2a: Garchomp
|
|upkeep
|
|t:|1779693893
|switch|p2a: Alomomola|Alomomola, F|100/100
|-damage|p2a: Alomomola|88/100|[from] Stealth Rock
|turn|8
|
|t:|1779693898
|move|p1a: Scream Tail|Sunny Day|p1a: Scream Tail
|-weather|SunnyDay
|-activate|p1a: Scream Tail|ability: Protosynthesis
|-start|p1a: Scream Tail|protosynthesisspd
|move|p2a: Alomomola|Body Slam|p1a: Scream Tail
|-damage|p1a: Scream Tail|90/100
|
|-weather|SunnyDay|[upkeep]
|-heal|p1a: Scream Tail|96/100|[from] item: Leftovers
|upkeep
|turn|9
|
|t:|1779693905
|move|p1a: Scream Tail|Thunder Wave|p2a: Alomomola|[miss]
|-miss|p1a: Scream Tail|p2a: Alomomola
|move|p2a: Alomomola|Mirror Coat||[still]
|-fail|p2a: Alomomola
|
|-weather|SunnyDay|[upkeep]
|-heal|p1a: Scream Tail|100/100|[from] item: Leftovers
|upkeep
|turn|10
|
|t:|1779693909
|move|p1a: Scream Tail|Thunder Wave|p2a: Alomomola
|-status|p2a: Alomomola|par
|cant|p2a: Alomomola|par
|
|-weather|SunnyDay|[upkeep]
|upkeep
|turn|11
|
|t:|1779693914
|move|p1a: Scream Tail|Dazzling Gleam|p2a: Alomomola
|-damage|p2a: Alomomola|79/100 par
|move|p2a: Alomomola|Body Slam|p1a: Scream Tail
|-damage|p1a: Scream Tail|90/100
|
|-weather|SunnyDay|[upkeep]
|-heal|p1a: Scream Tail|96/100|[from] item: Leftovers
|upkeep
|turn|12
|
|t:|1779693923
|move|p1a: Scream Tail|Psyshock|p2a: Alomomola
|-damage|p2a: Alomomola|63/100 par
|move|p2a: Alomomola|Body Slam|p1a: Scream Tail
|-damage|p1a: Scream Tail|86/100
|-status|p1a: Scream Tail|par
|
|-weather|none
|-end|p1a: Scream Tail|Protosynthesis
|-heal|p1a: Scream Tail|92/100 par|[from] item: Leftovers
|upkeep
|turn|13
|
|t:|1779693951
|move|p1a: Scream Tail|Sunny Day|p1a: Scream Tail
|-weather|SunnyDay
|-activate|p1a: Scream Tail|ability: Protosynthesis
|-start|p1a: Scream Tail|protosynthesisspd
|move|p2a: Alomomola|Mirror Coat||[still]
|-fail|p2a: Alomomola
|
|-weather|SunnyDay|[upkeep]
|-heal|p1a: Scream Tail|98/100 par|[from] item: Leftovers
|upkeep
|turn|14
|inactive|thaiido has 120 seconds left.
|
|t:|1779693967
|move|p1a: Scream Tail|Psyshock|p2a: Alomomola
|-damage|p2a: Alomomola|47/100 par
|move|p2a: Alomomola|Flip Turn|p1a: Scream Tail
|-damage|p1a: Scream Tail|93/100 par
|
|t:|1779693976
|switch|p2a: Weezing|Weezing-Galar, M|100/100|[from] Flip Turn
|-ability|p2a: Weezing|Neutralizing Gas
|-damage|p2a: Weezing|88/100|[from] Stealth Rock
|
|-weather|SunnyDay|[upkeep]
|-heal|p2a: Weezing|94/100|[from] item: Leftovers
|-heal|p1a: Scream Tail|99/100 par|[from] item: Leftovers
|upkeep
|turn|15
|
|t:|1779693989
|-end|p1a: Scream Tail|Protosynthesis|[silent]
|switch|p1a: Torkoal|Torkoal, M, shiny, tera:Grass|56/100
|move|p2a: Weezing|Sludge Bomb|p1a: Torkoal
|-supereffective|p1a: Torkoal
|-damage|p1a: Torkoal|0 fnt
|faint|p1a: Torkoal
|
|-weather|SunnyDay|[upkeep]
|-heal|p2a: Weezing|99/100|[from] item: Leftovers
|upkeep
|
|t:|1779693997
|switch|p1a: Great Tusk|Great Tusk, shiny|90/100
|turn|16
|
|t:|1779694004
|move|p1a: Great Tusk|Rapid Spin|p2a: Weezing
|-damage|p2a: Weezing|89/100
|-boost|p1a: Great Tusk|spe|1
|-sideend|p1: thaiido|Spikes|[from] move: Rapid Spin|[of] p1a: Great Tusk
|-sideend|p1: thaiido|Stealth Rock|[from] move: Rapid Spin|[of] p1a: Great Tusk
|move|p2a: Weezing|Will-O-Wisp|p1a: Great Tusk
|-status|p1a: Great Tusk|brn
|
|-weather|SunnyDay|[upkeep]
|-heal|p2a: Weezing|95/100|[from] item: Leftovers
|-damage|p1a: Great Tusk|84/100 brn|[from] brn
|upkeep
|turn|17
|
|t:|1779694021
|move|p1a: Great Tusk|Knock Off|p2a: Weezing
|-resisted|p2a: Weezing
|-damage|p2a: Weezing|90/100
|-enditem|p2a: Weezing|Leftovers|[from] move: Knock Off|[of] p1a: Great Tusk
|move|p2a: Weezing|Defog|p1a: Great Tusk
|-unboost|p1a: Great Tusk|evasion|1
|-sideend|p2: conwynaut|Stealth Rock|[from] move: Defog|[of] p2a: Weezing
|
|-weather|none
|-damage|p1a: Great Tusk|78/100 brn|[from] brn
|upkeep
|turn|18
|
|t:|1779694035
|-end|p2a: Weezing|ability: Neutralizing Gas
|switch|p2a: Ogerpon|Ogerpon, F|100/100
|move|p1a: Great Tusk|Headlong Rush|p2a: Ogerpon
|-resisted|p2a: Ogerpon
|-damage|p2a: Ogerpon|79/100
|-unboost|p1a: Great Tusk|def|1
|-unboost|p1a: Great Tusk|spd|1
|
|-damage|p1a: Great Tusk|71/100 brn|[from] brn
|upkeep
|turn|19
|
|t:|1779694042
|move|p1a: Great Tusk|Knock Off|p2a: Ogerpon
|-damage|p2a: Ogerpon|56/100
|-enditem|p2a: Ogerpon|Scope Lens|[from] move: Knock Off|[of] p1a: Great Tusk
|move|p2a: Ogerpon|Ivy Cudgel|p1a: Great Tusk
|-supereffective|p1a: Great Tusk
|-damage|p1a: Great Tusk|0 fnt
|faint|p1a: Great Tusk
|-end|p1a: Great Tusk|Protosynthesis|[silent]
|
|upkeep
|
|t:|1779694050
|switch|p1a: Arcanine|Arcanine-Hisui, F, shiny|100/100
|turn|20
|
|t:|1779694066
|move|p2a: Ogerpon|Ivy Cudgel|p1a: Arcanine
|-damage|p1a: Arcanine|34/100
|move|p1a: Arcanine|Flare Blitz|p2a: Ogerpon
|-supereffective|p2a: Ogerpon
|-damage|p2a: Ogerpon|0 fnt
|faint|p2a: Ogerpon
|-damage|p1a: Arcanine|24/100|[from] item: Life Orb
|
|upkeep
|
|t:|1779694071
|switch|p2a: Alomomola|Alomomola, F|80/100 par
|turn|21
|
|t:|1779694081
|switch|p1a: Scream Tail|Scream Tail, shiny|99/100 par
|move|p2a: Alomomola|Aqua Jet|p1a: Scream Tail
|-damage|p1a: Scream Tail|92/100 par
|
|-heal|p1a: Scream Tail|99/100 par|[from] item: Leftovers
|upkeep
|turn|22
|
|t:|1779694090
|switch|p2a: Weezing|Weezing-Galar, M|90/100
|-ability|p2a: Weezing|Neutralizing Gas
|move|p1a: Scream Tail|Sunny Day|p1a: Scream Tail
|-weather|SunnyDay
|
|-weather|SunnyDay|[upkeep]
|-heal|p1a: Scream Tail|100/100 par|[from] item: Leftovers
|upkeep
|turn|23
|
|t:|1779694101
|-end|p1a: Scream Tail|Protosynthesis|[silent]
|switch|p1a: Arcanine|Arcanine-Hisui, F, shiny|24/100
|move|p2a: Weezing|Sludge Bomb|p1a: Arcanine
|-resisted|p1a: Arcanine
|-damage|p1a: Arcanine|6/100
|
|-weather|SunnyDay|[upkeep]
|upkeep
|turn|24
|
|t:|1779694112
|move|p1a: Arcanine|Flare Blitz|p2a: Weezing
|-damage|p2a: Weezing|11/100
|-damage|p1a: Arcanine|0 fnt|[from] Recoil
|faint|p1a: Arcanine
|move|p2a: Weezing|Sludge Bomb|p1: Arcanine|[notarget]
|-fail|p2a: Weezing
|
|-weather|SunnyDay|[upkeep]
|upkeep
|
|t:|1779694123
|switch|p1a: Raging Bolt|Raging Bolt|88/100
|-item|p1a: Raging Bolt|Air Balloon
|turn|25
|
|t:|1779694130
|move|p1a: Raging Bolt|Thunderclap||[still]
|-fail|p1a: Raging Bolt
|move|p2a: Weezing|Pain Split|p1a: Raging Bolt
|-sethp|p1a: Raging Bolt|48/100|[from] move: Pain Split|[silent]
|-sethp|p2a: Weezing|66/100|[from] move: Pain Split
|
|-weather|SunnyDay|[upkeep]
|upkeep
|turn|26
|
|t:|1779694139
|-end|p1a: Raging Bolt|Protosynthesis|[silent]
|switch|p1a: Scream Tail|Scream Tail, shiny|100/100 par
|move|p2a: Weezing|Will-O-Wisp||[still]
|-fail|p2a: Weezing
|
|-weather|none
|upkeep
|turn|27
|
|t:|1779694145
|move|p2a: Weezing|Sludge Bomb|p1a: Scream Tail
|-supereffective|p1a: Scream Tail
|-damage|p1a: Scream Tail|67/100 par
|move|p1a: Scream Tail|Thunder Wave|p2a: Weezing
|-status|p2a: Weezing|par
|
|-heal|p1a: Scream Tail|74/100 par|[from] item: Leftovers
|upkeep
|turn|28
|
|t:|1779694150
|cant|p1a: Scream Tail|par
|move|p2a: Weezing|Sludge Bomb|p1a: Scream Tail
|-supereffective|p1a: Scream Tail
|-damage|p1a: Scream Tail|42/100 par
|
|-heal|p1a: Scream Tail|48/100 par|[from] item: Leftovers
|upkeep
|turn|29
|
|t:|1779694155
|move|p1a: Scream Tail|Sunny Day|p1a: Scream Tail
|-weather|SunnyDay
|move|p2a: Weezing|Sludge Bomb|p1a: Scream Tail
|-supereffective|p1a: Scream Tail
|-damage|p1a: Scream Tail|12/100 par
|
|-weather|SunnyDay|[upkeep]
|-heal|p1a: Scream Tail|18/100 par|[from] item: Leftovers
|upkeep
|turn|30
|
|t:|1779694159
|move|p1a: Scream Tail|Psyshock|p2a: Weezing
|-supereffective|p2a: Weezing
|-damage|p2a: Weezing|40/100 par
|move|p2a: Weezing|Sludge Bomb|p1a: Scream Tail
|-supereffective|p1a: Scream Tail
|-damage|p1a: Scream Tail|0 fnt
|faint|p1a: Scream Tail
|-end|p1a: Scream Tail|Protosynthesis|[silent]
|
|-weather|SunnyDay|[upkeep]
|upkeep
|
|t:|1779694162
|switch|p1a: Iron Moth|Iron Moth, shiny|100/100
|turn|31
|
|t:|1779694167
|move|p1a: Iron Moth|Fiery Dance|p2a: Weezing
|-damage|p2a: Weezing|0 fnt
|-boost|p1a: Iron Moth|spa|1
|faint|p2a: Weezing
|-end|p2a: Weezing|ability: Neutralizing Gas
|-enditem|p1a: Iron Moth|Booster Energy
|-activate|p1a: Iron Moth|ability: Quark Drive|[fromitem]
|-start|p1a: Iron Moth|quarkdrivespa
|
|-weather|SunnyDay|[upkeep]
|upkeep
|
|t:|1779694176
|switch|p2a: Alomomola|Alomomola, F|100/100 par
|turn|32
|
|t:|1779694179
|move|p1a: Iron Moth|Energy Ball|p2a: Alomomola
|-supereffective|p2a: Alomomola
|-damage|p2a: Alomomola|45/100 par
|move|p2a: Alomomola|Mirror Coat|p1a: Iron Moth
|-damage|p1a: Iron Moth|0 fnt
|faint|p1a: Iron Moth
|-end|p1a: Iron Moth|Quark Drive|[silent]
|
|-weather|SunnyDay|[upkeep]
|upkeep
|
|t:|1779694183
|switch|p1a: Raging Bolt|Raging Bolt|48/100
|-item|p1a: Raging Bolt|Air Balloon
|-activate|p1a: Raging Bolt|ability: Protosynthesis
|-start|p1a: Raging Bolt|protosynthesisspa
|turn|33
|
|t:|1779694196
|switch|p2a: Corviknight|Corviknight, F|100/100
|-ability|p2a: Corviknight|Pressure
|move|p1a: Raging Bolt|Thunderclap||[still]
|-fail|p1a: Raging Bolt
|
|-weather|none
|-end|p1a: Raging Bolt|Protosynthesis
|upkeep
|turn|34
|
|t:|1779694205
|move|p1a: Raging Bolt|Thunderbolt|p2a: Corviknight
|-supereffective|p2a: Corviknight
|-damage|p2a: Corviknight|22/100
|move|p2a: Corviknight|U-turn|p1a: Raging Bolt
|-damage|p1a: Raging Bolt|36/100
|-enditem|p1a: Raging Bolt|Air Balloon
|
|t:|1779694211
|switch|p2a: Darkrai|Darkrai|100/100|[from] U-turn
|
|upkeep
|turn|35
|
|t:|1779694216
|move|p1a: Raging Bolt|Thunderclap|p2a: Darkrai
|-damage|p2a: Darkrai|49/100
|move|p2a: Darkrai|Ice Beam|p1a: Raging Bolt
|-supereffective|p1a: Raging Bolt
|-damage|p1a: Raging Bolt|0 fnt
|faint|p1a: Raging Bolt
|-end|p1a: Raging Bolt|Protosynthesis|[silent]
|
|win|conwynaut
|raw|thaiido's rating: 1292 &rarr; <strong>1271</strong><br />(-21 for losing)
|raw|conwynaut's rating: 1351 &rarr; <strong>1368</strong><br />(+17 for winning)
|l|☆thaiido
|player|p1|
|l|☆conwynaut
|player|p2|
