|j|☆pixel_dragon9
|j|☆armando estasilla
|t:|1779619825
|gametype|singles
|player|p1|pixel_dragon9|170|1246
|player|p2|armando estasilla|backpacker|1225
|gen|9
|tier|[Gen 9] OU
|rated|
|rule|HP Percentage Mod: HP is shown in percentages
|rule|Endless Battle Clause: Forcing endless battles is banned
|rule|Species Clause: Limit one of each Pokémon
|rule|OHKO Clause: OHKO moves are banned
|rule|Evasion Items Clause: Evasion items are banned
|rule|Evasion Moves Clause: Evasion moves are banned
|rule|Evasion Abilities Clause: Evasion abilities are banned
|rule|Sleep Moves Clause: Sleep-inducing moves are banned
|clearpoke
|poke|p1|Talonflame, F|
|poke|p1|Iron Valiant|
|poke|p1|Raging Bolt|
|poke|p1|Great Tusk|
|poke|p1|Hatterene, F|
|poke|p1|Ogerpon-Wellspring, F|
|poke|p2|Hoopa|
|poke|p2|Wo-Chien|
|poke|p2|Mandibuzz, F|
|poke|p2|Cinderace, F|
|poke|p2|Kyurem|
|poke|p2|Manaphy|
|teampreview
|inactive|Battle timer is ON: inactive players will automatically lose when time's up. (requested by pixel_dragon9)
|
|t:|1779619828
|teamsize|p1|6
|teamsize|p2|6
|start
|switch|p1a: Talonflame|Talonflame, F|100/100
|switch|p2a: Wo-Chien|Wo-Chien|100/100
|-ability|p2a: Wo-Chien|Tablets of Ruin
|turn|1
|
|t:|1779619832
|switch|p2a: Mandibuzz|Mandibuzz, F|100/100
|move|p1a: Talonflame|U-turn|p2a: Mandibuzz
|-damage|p2a: Mandibuzz|84/100
|-damage|p1a: Talonflame|84/100|[from] item: Rocky Helmet|[of] p2a: Mandibuzz
|
|t:|1779619842
|switch|p1a: Ogerpon|Ogerpon-Wellspring, F|100/100|[from] U-turn
|
|upkeep
|turn|2
|
|t:|1779619845
|move|p1a: Ogerpon|Knock Off|p2a: Mandibuzz
|-resisted|p2a: Mandibuzz
|-damage|p2a: Mandibuzz|73/100
|-damage|p1a: Ogerpon|84/100|[from] item: Rocky Helmet|[of] p2a: Mandibuzz
|-enditem|p2a: Mandibuzz|Rocky Helmet|[from] move: Knock Off|[of] p1a: Ogerpon
|move|p2a: Mandibuzz|Foul Play|p1a: Ogerpon
|-damage|p1a: Ogerpon|25/100
|
|upkeep
|turn|3
|
|t:|1779619849
|move|p1a: Ogerpon|Ivy Cudgel|p2a: Mandibuzz|[anim] Ivy Cudgel Water
|-damage|p2a: Mandibuzz|42/100
|move|p2a: Mandibuzz|Roost|p2a: Mandibuzz
|-heal|p2a: Mandibuzz|92/100
|-singleturn|p2a: Mandibuzz|move: Roost
|
|upkeep
|turn|4
|
|t:|1779619852
|move|p1a: Ogerpon|U-turn|p2a: Mandibuzz
|-damage|p2a: Mandibuzz|76/100
|
|t:|1779619855
|switch|p1a: Hatterene|Hatterene, F|100/100|[from] U-turn
|move|p2a: Mandibuzz|Foul Play|p1a: Hatterene
|-damage|p1a: Hatterene|67/100
|-enditem|p1a: Hatterene|Eject Button
|
|t:|1779619856
|switch|p1a: Raging Bolt|Raging Bolt|100/100
|
|upkeep
|turn|5
|
|t:|1779619864
|switch|p2a: Wo-Chien|Wo-Chien|100/100
|-ability|p2a: Wo-Chien|Tablets of Ruin
|move|p1a: Raging Bolt|Volt Switch|p2a: Wo-Chien
|-resisted|p2a: Wo-Chien
|-damage|p2a: Wo-Chien|85/100
|
|t:|1779619867
|-end|p1a: Raging Bolt|Protosynthesis|[silent]
|switch|p1a: Talonflame|Talonflame, F|84/100|[from] Volt Switch
|
|-heal|p2a: Wo-Chien|91/100|[from] item: Leftovers
|upkeep
|turn|6
|
|t:|1779619873
|move|p1a: Talonflame|U-turn|p2a: Wo-Chien
|-supereffective|p2a: Wo-Chien
|-damage|p2a: Wo-Chien|36/100
|
|t:|1779619879
|switch|p1a: Hatterene|Hatterene, F|67/100|[from] U-turn
|move|p2a: Wo-Chien|Leech Seed|p1a: Hatterene
|move|p1a: Hatterene|Leech Seed|p2a: Wo-Chien|[from] ability: Magic Bounce
|-immune|p2a: Wo-Chien
|
|-heal|p2a: Wo-Chien|42/100|[from] item: Leftovers
|upkeep
|turn|7
|
|t:|1779619885
|switch|p2a: Hoopa|Hoopa|100/100
|move|p1a: Hatterene|Dazzling Gleam|p2a: Hoopa
|-damage|p2a: Hoopa|61/100
|
|upkeep
|turn|8
|
|t:|1779619892
|move|p2a: Hoopa|Substitute|p2a: Hoopa
|-start|p2a: Hoopa|Substitute
|-damage|p2a: Hoopa|36/100
|-enditem|p2a: Hoopa|Sitrus Berry|[eat]
|-heal|p2a: Hoopa|61/100|[from] item: Sitrus Berry
|move|p1a: Hatterene|Nuzzle|p2a: Hoopa
|-activate|p2a: Hoopa|move: Substitute|[damage]
|
|upkeep
|turn|9
|
|t:|1779619895
|move|p2a: Hoopa|Shadow Ball|p1a: Hatterene
|-supereffective|p1a: Hatterene
|-damage|p1a: Hatterene|0 fnt
|faint|p1a: Hatterene
|
|upkeep
|
|t:|1779619899
|switch|p1a: Talonflame|Talonflame, F|84/100
|turn|10
|
|t:|1779619902
|move|p1a: Talonflame|Dual Wingbeat|p2a: Hoopa
|-end|p2a: Hoopa|Substitute
|-damage|p2a: Hoopa|28/100
|-hitcount|p2a: Hoopa|2
|move|p2a: Hoopa|Shadow Ball|p1a: Talonflame
|-damage|p1a: Talonflame|8/100
|-item|p2a: Hoopa|Choice Band|[from] ability: Magician|[of] p1a: Talonflame
|
|upkeep
|turn|11
|
|t:|1779619914
|move|p1a: Talonflame|Dual Wingbeat|p2a: Hoopa
|-damage|p2a: Hoopa|6/100
|-damage|p2a: Hoopa|0 fnt
|faint|p2a: Hoopa
|-hitcount|p2: Hoopa|2
|
|upkeep
|
|t:|1779619919
|switch|p2a: Manaphy|Manaphy|100/100
|turn|12
|
|t:|1779619923
|move|p1a: Talonflame|U-turn|p2a: Manaphy
|-damage|p2a: Manaphy|86/100
|
|t:|1779619927
|switch|p1a: Raging Bolt|Raging Bolt|100/100|[from] U-turn
|move|p2a: Manaphy|Tail Glow|p2a: Manaphy
|-boost|p2a: Manaphy|spa|3
|
|-heal|p2a: Manaphy|92/100|[from] item: Leftovers
|upkeep
|turn|13
|
|t:|1779619933
|move|p1a: Raging Bolt|Thunderclap|p2a: Manaphy
|-supereffective|p2a: Manaphy
|-damage|p2a: Manaphy|15/100
|move|p2a: Manaphy|Alluring Voice|p1a: Raging Bolt
|-supereffective|p1a: Raging Bolt
|-damage|p1a: Raging Bolt|48/100
|
|-heal|p2a: Manaphy|21/100|[from] item: Leftovers
|upkeep
|turn|14
|
|t:|1779619938
|move|p1a: Raging Bolt|Thunderclap||[still]
|-fail|p1a: Raging Bolt
|move|p2a: Manaphy|Take Heart|p2a: Manaphy
|-boost|p2a: Manaphy|spa|1
|-boost|p2a: Manaphy|spd|1
|
|-heal|p2a: Manaphy|27/100|[from] item: Leftovers
|upkeep
|turn|15
|
|t:|1779619941
|move|p2a: Manaphy|Take Heart|p2a: Manaphy
|-boost|p2a: Manaphy|spa|1
|-boost|p2a: Manaphy|spd|1
|move|p1a: Raging Bolt|Volt Switch|p2a: Manaphy
|-supereffective|p2a: Manaphy
|-damage|p2a: Manaphy|0 fnt
|faint|p2a: Manaphy
|
|t:|1779619946
|-end|p1a: Raging Bolt|Protosynthesis|[silent]
|switch|p1a: Talonflame|Talonflame, F|8/100|[from] Volt Switch
|
|upkeep
|
|t:|1779619949
|switch|p2a: Mandibuzz|Mandibuzz, F|76/100
|turn|16
|
|t:|1779619956
|move|p1a: Talonflame|U-turn|p2a: Mandibuzz
|-damage|p2a: Mandibuzz|66/100
|
|t:|1779619961
|switch|p1a: Great Tusk|Great Tusk|100/100|[from] U-turn
|move|p2a: Mandibuzz|Roost|p2a: Mandibuzz
|-heal|p2a: Mandibuzz|100/100
|-singleturn|p2a: Mandibuzz|move: Roost
|
|upkeep
|turn|17
|
|t:|1779619966
|move|p1a: Great Tusk|Ice Spinner|p2a: Mandibuzz
|-supereffective|p2a: Mandibuzz
|-damage|p2a: Mandibuzz|69/100
|move|p2a: Mandibuzz|Toxic|p1a: Great Tusk
|-status|p1a: Great Tusk|tox
|
|-damage|p1a: Great Tusk|94/100 tox|[from] psn
|upkeep
|turn|18
|
|t:|1779619971
|move|p1a: Great Tusk|Ice Spinner|p2a: Mandibuzz
|-supereffective|p2a: Mandibuzz
|-damage|p2a: Mandibuzz|38/100
|move|p2a: Mandibuzz|Roost|p2a: Mandibuzz
|-heal|p2a: Mandibuzz|88/100
|-singleturn|p2a: Mandibuzz|move: Roost
|
|-damage|p1a: Great Tusk|82/100 tox|[from] psn
|upkeep
|turn|19
|
|t:|1779619978
|move|p1a: Great Tusk|Ice Spinner|p2a: Mandibuzz
|-supereffective|p2a: Mandibuzz
|-damage|p2a: Mandibuzz|55/100
|move|p2a: Mandibuzz|Foul Play|p1a: Great Tusk
|-resisted|p1a: Great Tusk
|-damage|p1a: Great Tusk|64/100 tox
|
|-damage|p1a: Great Tusk|46/100 tox|[from] psn
|upkeep
|turn|20
|
|t:|1779619983
|move|p1a: Great Tusk|Close Combat|p2a: Mandibuzz
|-damage|p2a: Mandibuzz|18/100
|-unboost|p1a: Great Tusk|def|1
|-unboost|p1a: Great Tusk|spd|1
|move|p2a: Mandibuzz|Roost|p2a: Mandibuzz
|-heal|p2a: Mandibuzz|68/100
|-singleturn|p2a: Mandibuzz|move: Roost
|
|-damage|p1a: Great Tusk|21/100 tox|[from] psn
|upkeep
|turn|21
|
|t:|1779619988
|move|p1a: Great Tusk|Close Combat|p2a: Mandibuzz
|-damage|p2a: Mandibuzz|30/100
|-unboost|p1a: Great Tusk|def|1
|-unboost|p1a: Great Tusk|spd|1
|move|p2a: Mandibuzz|Roost|p2a: Mandibuzz
|-heal|p2a: Mandibuzz|80/100
|-singleturn|p2a: Mandibuzz|move: Roost
|
|-damage|p1a: Great Tusk|0 fnt|[from] psn
|faint|p1a: Great Tusk
|-end|p1a: Great Tusk|Protosynthesis|[silent]
|upkeep
|
|t:|1779619990
|switch|p1a: Iron Valiant|Iron Valiant|100/100
|-enditem|p1a: Iron Valiant|Booster Energy
|-activate|p1a: Iron Valiant|ability: Quark Drive|[fromitem]
|-start|p1a: Iron Valiant|quarkdrivespe
|turn|22
|
|t:|1779619997
|-terastallize|p1a: Iron Valiant|Steel
|move|p1a: Iron Valiant|Calm Mind|p1a: Iron Valiant
|-boost|p1a: Iron Valiant|spa|1
|-boost|p1a: Iron Valiant|spd|1
|move|p2a: Mandibuzz|Toxic|p1a: Iron Valiant
|-immune|p1a: Iron Valiant
|
|upkeep
|turn|23
|
|t:|1779620001
|move|p1a: Iron Valiant|Calm Mind|p1a: Iron Valiant
|-boost|p1a: Iron Valiant|spa|1
|-boost|p1a: Iron Valiant|spd|1
|move|p2a: Mandibuzz|Foul Play|p1a: Iron Valiant
|-damage|p1a: Iron Valiant|49/100
|
|upkeep
|turn|24
|
|t:|1779620007
|move|p1a: Iron Valiant|Moonblast|p2a: Mandibuzz
|-supereffective|p2a: Mandibuzz
|-damage|p2a: Mandibuzz|0 fnt
|faint|p2a: Mandibuzz
|
|upkeep
|
|t:|1779620011
|switch|p2a: Cinderace|Cinderace, F|100/100
|turn|25
|
|t:|1779620013
|move|p1a: Iron Valiant|Shadow Ball|p2a: Cinderace
|-damage|p2a: Cinderace|30/100
|move|p2a: Cinderace|Pyro Ball|p1a: Iron Valiant|[miss]
|-miss|p2a: Cinderace|p1a: Iron Valiant
|
|upkeep
|turn|26
|-message|armando estasilla forfeited.
|
|win|pixel_dragon9
|raw|pixel_dragon9's rating: 1246 &rarr; <strong>1269</strong><br />(+23 for winning)
|raw|armando estasilla's rating: 1225 &rarr; <strong>1202</strong><br />(-23 for losing)
|l|☆armando estasilla
|player|p2|
