|j|☆nomsprime320argt
|j|☆wadawadawew
|t:|1779703700
|gametype|singles
|player|p1|nomsprime320argt|cynthia|1186
|player|p2|wadawadawew|101|1172
|gen|9
|tier|[Gen 9] OU
|rated|
|rule|HP Percentage Mod: HP is shown in percentages
|rule|Endless Battle Clause: Forcing endless battles is banned
|rule|Species Clause: Limit one of each Pokémon
|rule|OHKO Clause: OHKO moves are banned
|rule|Evasion Items Clause: Evasion items are banned
|rule|Evasion Moves Clause: Evasion moves are banned
|rule|Evasion Abilities Clause: Evasion abilities are banned
|rule|Sleep Moves Clause: Sleep-inducing moves are banned
|clearpoke
|poke|p1|Rillaboom, F|
|poke|p1|Garganacl, M|
|poke|p1|Iron Crown|
|poke|p1|Iron Treads|
|poke|p1|Pecharunt|
|poke|p1|Clefable, M|
|poke|p2|Cinderace, F|
|poke|p2|Araquanid, M|
|poke|p2|Mimikyu, M|
|poke|p2|Ogerpon, F|
|poke|p2|Empoleon, M|
|poke|p2|Hatterene, F|
|teampreview
|inactive|Battle timer is ON: inactive players will automatically lose when time's up. (requested by nomsprime320argt)
|
|t:|1779703712
|teamsize|p1|6
|teamsize|p2|6
|start
|switch|p1a: Iron Treads|Iron Treads|100/100
|switch|p2a: Araquanid|Araquanid, M, shiny|100/100
|-enditem|p1a: Iron Treads|Booster Energy
|-activate|p1a: Iron Treads|ability: Quark Drive|[fromitem]
|-start|p1a: Iron Treads|quarkdrivespe
|turn|1
|
|t:|1779703722
|move|p1a: Iron Treads|Earthquake|p2a: Araquanid
|-resisted|p2a: Araquanid
|-damage|p2a: Araquanid|76/100
|move|p2a: Araquanid|Surf|p1a: Iron Treads
|-supereffective|p1a: Iron Treads
|-damage|p1a: Iron Treads|0 fnt
|faint|p1a: Iron Treads
|-end|p1a: Iron Treads|Quark Drive|[silent]
|
|upkeep
|
|t:|1779703726
|switch|p1a: Clefable|Clefable, M|100/100
|turn|2
|
|t:|1779703740
|move|p1a: Clefable|Calm Mind|p1a: Clefable
|-boost|p1a: Clefable|spa|1
|-boost|p1a: Clefable|spd|1
|move|p2a: Araquanid|Surf|p1a: Clefable
|-crit|p1a: Clefable
|-damage|p1a: Clefable|31/100
|
|-heal|p1a: Clefable|37/100|[from] item: Leftovers
|upkeep
|turn|3
|
|t:|1779703746
|move|p1a: Clefable|Moonblast|p2a: Araquanid
|-damage|p2a: Araquanid|40/100
|-unboost|p2a: Araquanid|spa|1
|move|p2a: Araquanid|Surf|p1a: Clefable
|-damage|p1a: Clefable|13/100
|
|-heal|p1a: Clefable|19/100|[from] item: Leftovers
|upkeep
|turn|4
|
|t:|1779703759
|switch|p2a: Cinderace|Cinderace, F, shiny|100/100
|move|p1a: Clefable|Calm Mind|p1a: Clefable
|-boost|p1a: Clefable|spa|1
|-boost|p1a: Clefable|spd|1
|
|-heal|p1a: Clefable|25/100|[from] item: Leftovers
|upkeep
|turn|5
|
|t:|1779703765
|move|p2a: Cinderace|Pyro Ball|p1a: Clefable
|-damage|p1a: Clefable|0 fnt
|faint|p1a: Clefable
|
|upkeep
|
|t:|1779703773
|switch|p1a: Garganacl|Garganacl, M, shiny|100/100
|turn|6
|
|t:|1779703781
|move|p2a: Cinderace|Will-O-Wisp|p1a: Garganacl
|-immune|p1a: Garganacl|[from] ability: Purifying Salt
|move|p1a: Garganacl|Iron Defense|p1a: Garganacl
|-boost|p1a: Garganacl|def|2
|
|upkeep
|turn|7
|
|t:|1779703788
|switch|p2a: Araquanid|Araquanid, M, shiny|40/100
|move|p1a: Garganacl|Iron Defense|p1a: Garganacl
|-boost|p1a: Garganacl|def|2
|
|upkeep
|turn|8
|
|t:|1779703794
|move|p2a: Araquanid|Sticky Web|p1a: Garganacl
|-sidestart|p1: nomsprime320argt|move: Sticky Web
|move|p1a: Garganacl|Body Press|p2a: Araquanid
|-resisted|p2a: Araquanid
|-damage|p2a: Araquanid|1/100
|
|upkeep
|turn|9
|-enditem|p2a: Araquanid|Custap Berry|[eat]
|-activate|p2a: Araquanid|item: Custap Berry|[consumed]
|
|t:|1779703801
|move|p2a: Araquanid|Surf|p1a: Garganacl
|-supereffective|p1a: Garganacl
|-damage|p1a: Garganacl|32/100
|move|p1a: Garganacl|Salt Cure|p2a: Araquanid
|-supereffective|p2a: Araquanid
|-damage|p2a: Araquanid|0 fnt
|faint|p2a: Araquanid
|
|-heal|p1a: Garganacl|38/100|[from] item: Leftovers
|upkeep
|
|t:|1779703806
|switch|p2a: Cinderace|Cinderace, F, shiny|100/100
|turn|10
|
|t:|1779703813
|move|p2a: Cinderace|Court Change|p2a: Cinderace
|-swapsideconditions
|-activate|p2a: Cinderace|move: Court Change
|move|p1a: Garganacl|Recover|p1a: Garganacl
|-heal|p1a: Garganacl|88/100
|
|-heal|p1a: Garganacl|95/100|[from] item: Leftovers
|upkeep
|turn|11
|
|t:|1779703841
|switch|p2a: Mimikyu|Mimikyu, M|100/100
|-activate|p2a: Mimikyu|move: Sticky Web
|-unboost|p2a: Mimikyu|spe|1
|move|p1a: Garganacl|Salt Cure|p2a: Mimikyu
|-activate|p2a: Mimikyu|ability: Disguise
|-damage|p2a: Mimikyu|100/100
|-start|p2a: Mimikyu|Salt Cure
|detailschange|p2a: Mimikyu|Mimikyu-Busted, M
|-damage|p2a: Mimikyu|88/100|[from] pokemon: Mimikyu-Busted
|
|-heal|p1a: Garganacl|100/100|[from] item: Leftovers
|-damage|p2a: Mimikyu|76/100|[from] Salt Cure
|upkeep
|turn|12
|
|t:|1779703851
|move|p1a: Garganacl|Iron Defense|p1a: Garganacl
|-boost|p1a: Garganacl|def|2
|move|p2a: Mimikyu|Trick Room|p2a: Mimikyu
|-fieldstart|move: Trick Room|[of] p2a: Mimikyu
|
|-damage|p2a: Mimikyu|63/100|[from] Salt Cure
|upkeep
|turn|13
|
|t:|1779703870
|move|p1a: Garganacl|Salt Cure|p2a: Mimikyu
|-damage|p2a: Mimikyu|45/100
|move|p2a: Mimikyu|Drain Punch|p1a: Garganacl
|-supereffective|p1a: Garganacl
|-damage|p1a: Garganacl|93/100
|-heal|p2a: Mimikyu|50/100|[from] drain|[of] p1a: Garganacl
|
|-heal|p1a: Garganacl|99/100|[from] item: Leftovers
|-damage|p2a: Mimikyu|37/100|[from] Salt Cure
|upkeep
|turn|14
|
|t:|1779703885
|switch|p2a: Empoleon|Empoleon, M|100/100
|-activate|p2a: Empoleon|move: Sticky Web
|-unboost|p2a: Empoleon|spe|1
|-ability|p2a: Empoleon|Competitive|boost
|-boost|p2a: Empoleon|spa|2
|move|p1a: Garganacl|Salt Cure|p2a: Empoleon
|-resisted|p2a: Empoleon
|-damage|p2a: Empoleon|94/100
|-start|p2a: Empoleon|Salt Cure
|
|-heal|p1a: Garganacl|100/100|[from] item: Leftovers
|-damage|p2a: Empoleon|69/100|[from] Salt Cure
|upkeep
|turn|15
|
|t:|1779703889
|move|p2a: Empoleon|Surf|p1a: Garganacl
|-supereffective|p1a: Garganacl
|-damage|p1a: Garganacl|0 fnt
|faint|p1a: Garganacl
|
|-damage|p2a: Empoleon|44/100|[from] Salt Cure
|upkeep
|
|t:|1779703893
|switch|p1a: Rillaboom|Rillaboom, F|100/100
|-fieldstart|move: Grassy Terrain|[from] ability: Grassy Surge|[of] p1a: Rillaboom
|turn|16
|
|t:|1779703898
|switch|p2a: Mimikyu|Mimikyu-Busted, M|37/100
|-activate|p2a: Mimikyu|move: Sticky Web
|-unboost|p2a: Mimikyu|spe|1
|move|p1a: Rillaboom|Leech Seed|p2a: Mimikyu
|-start|p2a: Mimikyu|move: Leech Seed
|
|-heal|p2a: Mimikyu|43/100|[from] Grassy Terrain
|-damage|p2a: Mimikyu|31/100|[from] Leech Seed|[of] p1a: Rillaboom
|-fieldend|move: Trick Room
|upkeep
|turn|17
|
|t:|1779703920
|move|p1a: Rillaboom|Knock Off|p2a: Mimikyu
|-damage|p2a: Mimikyu|0 fnt
|-damage|p1a: Rillaboom|84/100|[from] item: Rocky Helmet|[of] p2a: Mimikyu
|-enditem|p2a: Mimikyu|Rocky Helmet|[from] move: Knock Off|[of] p1a: Rillaboom
|faint|p2a: Mimikyu
|
|-heal|p1a: Rillaboom|90/100|[from] Grassy Terrain
|-heal|p1a: Rillaboom|96/100|[from] item: Leftovers
|upkeep
|
|t:|1779703935
|switch|p2a: Cinderace|Cinderace, F, shiny|100/100
|turn|18
|
|t:|1779703944
|move|p2a: Cinderace|Pyro Ball|p1a: Rillaboom
|-supereffective|p1a: Rillaboom
|-damage|p1a: Rillaboom|25/100
|-status|p1a: Rillaboom|brn
|move|p1a: Rillaboom|Leech Seed|p2a: Cinderace
|-start|p2a: Cinderace|move: Leech Seed
|
|-heal|p1a: Rillaboom|31/100 brn|[from] Grassy Terrain
|-heal|p1a: Rillaboom|37/100 brn|[from] item: Leftovers
|-damage|p2a: Cinderace|88/100|[from] Leech Seed|[of] p1a: Rillaboom
|-heal|p1a: Rillaboom|46/100 brn|[silent]
|-damage|p1a: Rillaboom|40/100 brn|[from] brn
|upkeep
|turn|19
|
|t:|1779703954
|switch|p2a: Hatterene|Hatterene, F|100/100
|-activate|p2a: Hatterene|move: Sticky Web
|-unboost|p2a: Hatterene|spe|1
|switch|p1a: Pecharunt|Pecharunt|100/100
|-item|p1a: Pecharunt|Air Balloon
|
|upkeep
|turn|20
|
|t:|1779703960
|move|p1a: Pecharunt|Malignant Chain|p2a: Hatterene
|-supereffective|p2a: Hatterene
|-damage|p2a: Hatterene|15/100
|move|p2a: Hatterene|Trick Room|p2a: Hatterene
|-fieldstart|move: Trick Room|[of] p2a: Hatterene
|
|-heal|p2a: Hatterene|21/100|[from] Grassy Terrain
|-fieldend|move: Grassy Terrain
|upkeep
|turn|21
|
|t:|1779703966
|move|p2a: Hatterene|Misty Explosion|p1a: Pecharunt
|-resisted|p1a: Pecharunt
|-damage|p1a: Pecharunt|69/100
|-enditem|p1a: Pecharunt|Air Balloon
|faint|p2a: Hatterene
|move|p1a: Pecharunt|Shadow Ball|p2: Hatterene|[notarget]
|-fail|p1a: Pecharunt
|
|upkeep
|
|t:|1779703970
|switch|p2a: Ogerpon|Ogerpon, F|100/100
|-activate|p2a: Ogerpon|move: Sticky Web
|-unboost|p2a: Ogerpon|spe|1
|-ability|p2a: Ogerpon|Defiant|boost
|-boost|p2a: Ogerpon|atk|2
|turn|22
|
|t:|1779703976
|move|p2a: Ogerpon|Knock Off|p1a: Pecharunt
|-supereffective|p1a: Pecharunt
|-damage|p1a: Pecharunt|0 fnt
|faint|p1a: Pecharunt
|
|upkeep
|
|t:|1779703978
|switch|p1a: Iron Crown|Iron Crown|100/100
|-enditem|p1a: Iron Crown|Booster Energy
|-activate|p1a: Iron Crown|ability: Quark Drive|[fromitem]
|-start|p1a: Iron Crown|quarkdrivespa
|turn|23
|
|t:|1779703988
|-terastallize|p1a: Iron Crown|Fighting
|move|p2a: Ogerpon|Knock Off|p1a: Iron Crown
|-resisted|p1a: Iron Crown
|-damage|p1a: Iron Crown|61/100
|move|p1a: Iron Crown|Psychic|p2a: Ogerpon
|-damage|p2a: Ogerpon|47/100
|
|upkeep
|turn|24
|
|t:|1779704005
|switch|p2a: Cinderace|Cinderace, F, shiny|88/100
|move|p1a: Iron Crown|Psychic|p2a: Cinderace
|-damage|p2a: Cinderace|7/100
|
|-fieldend|move: Trick Room
|upkeep
|turn|25
|
|t:|1779704010
|move|p2a: Cinderace|Pyro Ball|p1a: Iron Crown
|-damage|p1a: Iron Crown|0 fnt
|faint|p1a: Iron Crown
|-end|p1a: Iron Crown|Quark Drive|[silent]
|
|upkeep
|
|t:|1779704013
|switch|p1a: Rillaboom|Rillaboom, F|40/100 brn
|-fieldstart|move: Grassy Terrain|[from] ability: Grassy Surge|[of] p1a: Rillaboom
|turn|26
|
|t:|1779704015
|move|p1a: Rillaboom|Fake Out|p2a: Cinderace
|-damage|p2a: Cinderace|0 fnt
|faint|p2a: Cinderace
|
|-heal|p1a: Rillaboom|46/100 brn|[from] Grassy Terrain
|-heal|p1a: Rillaboom|52/100 brn|[from] item: Leftovers
|-damage|p1a: Rillaboom|46/100 brn|[from] brn
|upkeep
|
|t:|1779704024
|switch|p2a: Ogerpon|Ogerpon, F|47/100
|-activate|p2a: Ogerpon|move: Sticky Web
|-unboost|p2a: Ogerpon|spe|1
|-ability|p2a: Ogerpon|Defiant|boost
|-boost|p2a: Ogerpon|atk|2
|turn|27
|
|t:|1779704028
|move|p1a: Rillaboom|Knock Off|p2a: Ogerpon
|-damage|p2a: Ogerpon|33/100
|-enditem|p2a: Ogerpon|Choice Band|[from] move: Knock Off|[of] p1a: Rillaboom
|move|p2a: Ogerpon|U-turn|p1a: Rillaboom
|-supereffective|p1a: Rillaboom
|-damage|p1a: Rillaboom|0 fnt
|faint|p1a: Rillaboom
|
|win|wadawadawew
|raw|nomsprime320argt's rating: 1186 &rarr; <strong>1160</strong><br />(-26 for losing)
|raw|wadawadawew's rating: 1172 &rarr; <strong>1198</strong><br />(+26 for winning)
|l|☆nomsprime320argt
|player|p1|
|l|☆wadawadawew
|player|p2|
