|j|☆overheat xyz
|j|☆Darth Toran
|t:|1779590724
|gametype|singles
|player|p1|overheat xyz|265|1639
|player|p2|Darth Toran|doubleteam|1609
|gen|9
|tier|[Gen 9] OU
|rated|
|rule|HP Percentage Mod: HP is shown in percentages
|rule|Endless Battle Clause: Forcing endless battles is banned
|rule|Species Clause: Limit one of each Pokémon
|rule|OHKO Clause: OHKO moves are banned
|rule|Evasion Items Clause: Evasion items are banned
|rule|Evasion Moves Clause: Evasion moves are banned
|rule|Evasion Abilities Clause: Evasion abilities are banned
|rule|Sleep Moves Clause: Sleep-inducing moves are banned
|clearpoke
|poke|p1|Dragapult, M|
|poke|p1|Garganacl, M|
|poke|p1|Rillaboom, F|
|poke|p1|Slowking-Galar, F|
|poke|p1|Kingambit, F|
|poke|p1|Corviknight, M|
|poke|p2|Zamazenta-*|
|poke|p2|Iron Hands|
|poke|p2|Ceruledge, F|
|poke|p2|Great Tusk|
|poke|p2|Deoxys-Speed|
|poke|p2|Samurott-Hisui, M|
|teampreview
|j| asdff112
|
|t:|1779590738
|teamsize|p1|6
|teamsize|p2|6
|start
|switch|p1a: Rillaboom|Rillaboom, F|100/100
|switch|p2a: Deoxys|Deoxys-Speed|100/100
|-ability|p2a: Deoxys|Pressure
|-fieldstart|move: Grassy Terrain|[from] ability: Grassy Surge|[of] p1a: Rillaboom
|turn|1
|
|t:|1779590741
|move|p2a: Deoxys|Reflect|p2a: Deoxys
|-sidestart|p2: Darth Toran|Reflect
|move|p1a: Rillaboom|U-turn|p2a: Deoxys
|-supereffective|p2a: Deoxys
|-damage|p2a: Deoxys|55/100
|
|t:|1779590751
|switch|p1a: Corviknight|Corviknight, M|100/100|[from] U-turn
|-ability|p1a: Corviknight|Pressure
|
|-heal|p2a: Deoxys|61/100|[from] Grassy Terrain
|upkeep
|turn|2
|j| FaronAan
|
|t:|1779590771
|move|p2a: Deoxys|Taunt|p1a: Corviknight
|-start|p1a: Corviknight|move: Taunt
|cant|p1a: Corviknight|move: Taunt|Defog
|
|-heal|p2a: Deoxys|67/100|[from] Grassy Terrain
|upkeep
|turn|3
|
|t:|1779590783
|switch|p1a: Garganacl|Garganacl, M|100/100
|move|p2a: Deoxys|Stealth Rock|p1a: Garganacl
|-sidestart|p1: overheat xyz|move: Stealth Rock
|
|-heal|p2a: Deoxys|73/100|[from] Grassy Terrain
|upkeep
|turn|4
|
|t:|1779590793
|move|p2a: Deoxys|Taunt|p1a: Garganacl
|-start|p1a: Garganacl|move: Taunt
|cant|p1a: Garganacl|move: Taunt|Stealth Rock
|
|-heal|p2a: Deoxys|79/100|[from] Grassy Terrain
|upkeep
|turn|5
|j| Easontom
|
|t:|1779590810
|switch|p2a: Zamazenta|Zamazenta|100/100
|-ability|p2a: Zamazenta|Dauntless Shield|boost
|-boost|p2a: Zamazenta|def|1
|move|p1a: Garganacl|Salt Cure|p2a: Zamazenta
|-resisted|p2a: Zamazenta
|-damage|p2a: Zamazenta|99/100
|-start|p2a: Zamazenta|Salt Cure
|
|-heal|p2a: Zamazenta|100/100|[from] Grassy Terrain
|-damage|p2a: Zamazenta|88/100|[from] Salt Cure
|-fieldend|move: Grassy Terrain
|upkeep
|turn|6
|
|t:|1779590829
|switch|p1a: Corviknight|Corviknight, M|100/100
|-damage|p1a: Corviknight|88/100|[from] Stealth Rock
|-ability|p1a: Corviknight|Pressure
|move|p2a: Zamazenta|Iron Defense|p2a: Zamazenta
|-boost|p2a: Zamazenta|def|2
|
|-heal|p2a: Zamazenta|94/100|[from] item: Leftovers
|-damage|p2a: Zamazenta|82/100|[from] Salt Cure
|upkeep
|turn|7
|
|t:|1779590842
|move|p2a: Zamazenta|Body Press|p1a: Corviknight
|-damage|p1a: Corviknight|27/100
|-damage|p2a: Zamazenta|65/100|[from] item: Rocky Helmet|[of] p1a: Corviknight
|move|p1a: Corviknight|Defog|p2a: Zamazenta
|-unboost|p2a: Zamazenta|evasion|1
|-sideend|p2: Darth Toran|Reflect
|-sideend|p1: overheat xyz|Stealth Rock|[from] move: Defog|[of] p1a: Corviknight
|
|-heal|p2a: Zamazenta|72/100|[from] item: Leftovers
|-damage|p2a: Zamazenta|59/100|[from] Salt Cure
|upkeep
|turn|8
|
|t:|1779590853
|move|p2a: Zamazenta|Crunch|p1a: Corviknight
|-damage|p1a: Corviknight|15/100
|-unboost|p1a: Corviknight|def|1
|-damage|p2a: Zamazenta|43/100|[from] item: Rocky Helmet|[of] p1a: Corviknight
|move|p1a: Corviknight|Roost|p1a: Corviknight
|-heal|p1a: Corviknight|65/100
|-singleturn|p1a: Corviknight|move: Roost
|
|-heal|p2a: Zamazenta|49/100|[from] item: Leftovers
|-damage|p2a: Zamazenta|36/100|[from] Salt Cure
|upkeep
|turn|9
|
|t:|1779590865
|move|p2a: Zamazenta|Body Press|p1a: Corviknight
|-damage|p1a: Corviknight|0 fnt
|-damage|p2a: Zamazenta|20/100|[from] item: Rocky Helmet|[of] p1a: Corviknight
|faint|p1a: Corviknight
|
|-heal|p2a: Zamazenta|26/100|[from] item: Leftovers
|-damage|p2a: Zamazenta|14/100|[from] Salt Cure
|upkeep
|
|t:|1779590876
|switch|p1a: Dragapult|Dragapult, M|100/100
|turn|10
|
|t:|1779590878
|move|p1a: Dragapult|Shadow Ball|p2a: Zamazenta
|-damage|p2a: Zamazenta|0 fnt
|faint|p2a: Zamazenta
|
|upkeep
|
|t:|1779590882
|switch|p2a: Samurott|Samurott-Hisui, M|100/100
|turn|11
|
|t:|1779590894
|switch|p1a: Garganacl|Garganacl, M|100/100
|move|p2a: Samurott|Ceaseless Edge|p1a: Garganacl
|-crit|p1a: Garganacl
|-damage|p1a: Garganacl|50/100
|-sidestart|p1: overheat xyz|Spikes
|
|-heal|p1a: Garganacl|57/100|[from] item: Leftovers
|upkeep
|turn|12
|
|t:|1779590907
|move|p1a: Garganacl|Protect|p1a: Garganacl
|-singleturn|p1a: Garganacl|Protect
|move|p2a: Samurott|Ceaseless Edge|p1a: Garganacl
|-activate|p1a: Garganacl|move: Protect
|
|-heal|p1a: Garganacl|63/100|[from] item: Leftovers
|upkeep
|turn|13
|
|t:|1779590919
|move|p2a: Samurott|Ceaseless Edge|p1a: Garganacl
|-damage|p1a: Garganacl|31/100
|-sidestart|p1: overheat xyz|Spikes
|move|p1a: Garganacl|Salt Cure|p2a: Samurott
|-damage|p2a: Samurott|85/100
|-start|p2a: Samurott|Salt Cure
|
|-heal|p1a: Garganacl|38/100|[from] item: Leftovers
|-damage|p2a: Samurott|60/100|[from] Salt Cure
|upkeep
|turn|14
|
|t:|1779590928
|switch|p2a: Deoxys|Deoxys-Speed|79/100
|-ability|p2a: Deoxys|Pressure
|move|p1a: Garganacl|Recover|p1a: Garganacl
|-heal|p1a: Garganacl|88/100
|
|-heal|p1a: Garganacl|94/100|[from] item: Leftovers
|upkeep
|turn|15
|j| HonchkrowLover27
|
|t:|1779590935
|move|p2a: Deoxys|Taunt|p1a: Garganacl
|-start|p1a: Garganacl|move: Taunt
|move|p1a: Garganacl|Salt Cure|p2a: Deoxys
|-damage|p2a: Deoxys|61/100
|-start|p2a: Deoxys|Salt Cure
|
|-heal|p1a: Garganacl|99/100|[from] item: Leftovers
|-damage|p2a: Deoxys|49/100|[from] Salt Cure
|upkeep
|turn|16
|
|t:|1779590942
|move|p2a: Deoxys|Reflect|p2a: Deoxys
|-sidestart|p2: Darth Toran|Reflect
|move|p1a: Garganacl|Salt Cure|p2a: Deoxys
|-damage|p2a: Deoxys|41/100
|
|-heal|p1a: Garganacl|100/100|[from] item: Leftovers
|-damage|p2a: Deoxys|29/100|[from] Salt Cure
|upkeep
|turn|17
|
|t:|1779590949
|switch|p1a: Slowking|Slowking-Galar, F|100/100
|-damage|p1a: Slowking|84/100|[from] Spikes
|move|p2a: Deoxys|Stealth Rock|p1a: Slowking
|-sidestart|p1: overheat xyz|move: Stealth Rock
|
|-damage|p2a: Deoxys|16/100|[from] Salt Cure
|upkeep
|turn|18
|
|t:|1779590957
|move|p2a: Deoxys|Taunt|p1a: Slowking
|-start|p1a: Slowking|move: Taunt
|move|p1a: Slowking|Future Sight|p2a: Deoxys
|-start|p1a: Slowking|move: Future Sight
|
|-damage|p2a: Deoxys|4/100|[from] Salt Cure
|upkeep
|turn|19
|
|t:|1779590969
|move|p2a: Deoxys|Light Screen|p2a: Deoxys
|-sidestart|p2: Darth Toran|move: Light Screen
|move|p1a: Slowking|Sludge Bomb|p2a: Deoxys
|-damage|p2a: Deoxys|0 fnt
|faint|p2a: Deoxys
|
|upkeep
|
|t:|1779590972
|switch|p2a: Samurott|Samurott-Hisui, M|60/100
|turn|20
|
|t:|1779590989
|-terastallize|p1a: Slowking|Fairy
|move|p2a: Samurott|Ceaseless Edge|p1a: Slowking
|-resisted|p1a: Slowking
|-damage|p1a: Slowking|57/100
|-sidestart|p1: overheat xyz|Spikes
|move|p1a: Slowking|Sludge Bomb|p2a: Samurott
|-damage|p2a: Samurott|27/100
|
|-end|p2a: Samurott|move: Future Sight
|-immune|p2a: Samurott
|-end|p1a: Slowking|move: Taunt
|upkeep
|turn|21
|
|t:|1779591008
|move|p2a: Samurott|Ceaseless Edge|p1a: Slowking
|-resisted|p1a: Slowking
|-damage|p1a: Slowking|33/100
|move|p1a: Slowking|Sludge Bomb|p2a: Samurott
|-damage|p2a: Samurott|0 fnt
|faint|p2a: Samurott
|
|upkeep
|
|t:|1779591014
|switch|p2a: Ceruledge|Ceruledge, F|100/100
|turn|22
|
|t:|1779591021
|move|p2a: Ceruledge|Swords Dance|p2a: Ceruledge
|-boost|p2a: Ceruledge|atk|2
|move|p1a: Slowking|Future Sight|p2a: Ceruledge
|-start|p1a: Slowking|move: Future Sight
|
|upkeep
|turn|23
|
|t:|1779591037
|move|p2a: Ceruledge|Shadow Sneak|p1a: Slowking
|-damage|p1a: Slowking|0 fnt
|faint|p1a: Slowking
|-damage|p2a: Ceruledge|91/100|[from] item: Life Orb
|
|-sideend|p2: Darth Toran|Reflect
|upkeep
|
|t:|1779591050
|switch|p1a: Garganacl|Garganacl, M|100/100
|-damage|p1a: Garganacl|75/100|[from] Spikes
|-damage|p1a: Garganacl|63/100|[from] Stealth Rock
|turn|24
|
|t:|1779591093
|-terastallize|p2a: Ceruledge|Ghost
|move|p2a: Ceruledge|Poltergeist|p1a: Garganacl
|-activate|p1a: Garganacl|move: Poltergeist|Leftovers
|-damage|p1a: Garganacl|0 fnt
|faint|p1a: Garganacl
|-damage|p2a: Ceruledge|81/100|[from] item: Life Orb
|
|-end|p2a: Ceruledge|move: Future Sight
|-crit|p2a: Ceruledge
|-damage|p2a: Ceruledge|0 fnt
|faint|p2a: Ceruledge
|upkeep
|c|☆Darth Toran|crit is brutal
|
|t:|1779591119
|switch|p2a: Iron Hands|Iron Hands|100/100
|switch|p1a: Rillaboom|Rillaboom, F|100/100
|-damage|p1a: Rillaboom|76/100|[from] Spikes
|-damage|p1a: Rillaboom|63/100|[from] Stealth Rock
|-fieldstart|move: Grassy Terrain|[from] ability: Grassy Surge|[of] p1a: Rillaboom
|-enditem|p2a: Iron Hands|Booster Energy
|-activate|p2a: Iron Hands|ability: Quark Drive|[fromitem]
|-start|p2a: Iron Hands|quarkdriveatk
|turn|25
|
|t:|1779591134
|move|p1a: Rillaboom|Wood Hammer|p2a: Iron Hands
|-damage|p2a: Iron Hands|3/100
|-damage|p1a: Rillaboom|21/100|[from] Recoil
|move|p2a: Iron Hands|Close Combat|p1a: Rillaboom
|-damage|p1a: Rillaboom|0 fnt
|-unboost|p2a: Iron Hands|def|1
|-unboost|p2a: Iron Hands|spd|1
|faint|p1a: Rillaboom
|
|-heal|p2a: Iron Hands|10/100|[from] Grassy Terrain
|upkeep
|
|t:|1779591148
|switch|p1a: Dragapult|Dragapult, M|100/100
|-damage|p1a: Dragapult|76/100|[from] Spikes
|-damage|p1a: Dragapult|63/100|[from] Stealth Rock
|turn|26
|
|t:|1779591170
|move|p1a: Dragapult|Shadow Ball|p2a: Iron Hands
|-damage|p2a: Iron Hands|0 fnt
|faint|p2a: Iron Hands
|-end|p2a: Iron Hands|Quark Drive|[silent]
|
|-heal|p1a: Dragapult|69/100|[from] Grassy Terrain
|-sideend|p2: Darth Toran|move: Light Screen
|upkeep
|
|t:|1779591173
|switch|p2a: Great Tusk|Great Tusk|100/100
|-enditem|p2a: Great Tusk|Booster Energy
|-activate|p2a: Great Tusk|ability: Protosynthesis|[fromitem]
|-start|p2a: Great Tusk|protosynthesisatk
|turn|27
|
|t:|1779591181
|move|p1a: Dragapult|Shadow Ball|p2a: Great Tusk
|-damage|p2a: Great Tusk|21/100
|move|p2a: Great Tusk|Ice Spinner|p1a: Dragapult
|-supereffective|p1a: Dragapult
|-damage|p1a: Dragapult|0 fnt
|-fieldend|move: Grassy Terrain
|faint|p1a: Dragapult
|
|upkeep
|
|t:|1779591186
|switch|p1a: Kingambit|Kingambit, F|100/100
|-damage|p1a: Kingambit|75/100|[from] Spikes
|-damage|p1a: Kingambit|69/100|[from] Stealth Rock
|-activate|p1a: Kingambit|ability: Supreme Overlord
|-start|p1a: Kingambit|fallen5|[silent]
|turn|28
|l| HonchkrowLover27
|
|t:|1779591202
|move|p1a: Kingambit|Sucker Punch||[still]
|-fail|p1a: Kingambit
|move|p2a: Great Tusk|Bulk Up|p2a: Great Tusk
|-boost|p2a: Great Tusk|atk|1
|-boost|p2a: Great Tusk|def|1
|
|upkeep
|turn|29
|
|t:|1779591228
|move|p1a: Kingambit|Sucker Punch|p2a: Great Tusk
|-resisted|p2a: Great Tusk
|-damage|p2a: Great Tusk|7/100
|move|p2a: Great Tusk|Headlong Rush|p1a: Kingambit
|-supereffective|p1a: Kingambit
|-crit|p1a: Kingambit
|-damage|p1a: Kingambit|0 fnt
|-unboost|p2a: Great Tusk|def|1
|-unboost|p2a: Great Tusk|spd|1
|faint|p1a: Kingambit
|-end|p1a: Kingambit|fallen5|[silent]
|
|win|Darth Toran
|raw|overheat xyz's rating: 1639 &rarr; <strong>1617</strong><br />(-22 for losing)
|raw|Darth Toran's rating: 1609 &rarr; <strong>1631</strong><br />(+22 for winning)
|l|☆Darth Toran
|player|p2|
|l| FaronAan
|l| Easontom
|l|☆overheat xyz
|player|p1|
