|j|☆valtrin
|j|☆Hunter Rome
|t:|1779689634
|gametype|singles
|player|p1|valtrin|266|1060
|player|p2|Hunter Rome|gentleman-gen4|1127
|gen|9
|tier|[Gen 9] OU
|rated|
|rule|HP Percentage Mod: HP is shown in percentages
|rule|Endless Battle Clause: Forcing endless battles is banned
|rule|Species Clause: Limit one of each Pokémon
|rule|OHKO Clause: OHKO moves are banned
|rule|Evasion Items Clause: Evasion items are banned
|rule|Evasion Moves Clause: Evasion moves are banned
|rule|Evasion Abilities Clause: Evasion abilities are banned
|rule|Sleep Moves Clause: Sleep-inducing moves are banned
|clearpoke
|poke|p1|Bisharp, F|
|poke|p1|Kingambit, F|
|poke|p1|Minior|
|poke|p1|Maushold-Four|
|poke|p1|Vileplume, F|
|poke|p1|Cetitan, M|
|poke|p2|Gliscor, F|
|poke|p2|Grimmsnarl, M|
|poke|p2|Garganacl, F|
|poke|p2|Dragonite, F|
|poke|p2|Darkrai|
|poke|p2|Okidogi, M|
|teampreview
|
|t:|1779689637
|teamsize|p1|6
|teamsize|p2|6
|start
|switch|p1a: Bisharp|Bisharp, F|100/100
|switch|p2a: Grimmsnarl|Grimmsnarl, M|100/100
|turn|1
|
|t:|1779689645
|switch|p2a: Garganacl|Garganacl, F|100/100
|-terastallize|p1a: Bisharp|Flying
|move|p1a: Bisharp|Swords Dance|p1a: Bisharp
|-boost|p1a: Bisharp|atk|2
|
|upkeep
|turn|2
|
|t:|1779689663
|move|p1a: Bisharp|Iron Head|p2a: Garganacl
|-supereffective|p2a: Garganacl
|-damage|p2a: Garganacl|23/100
|cant|p2a: Garganacl|flinch
|
|-heal|p2a: Garganacl|29/100|[from] item: Leftovers
|upkeep
|turn|3
|
|t:|1779689677
|move|p2a: Garganacl|Protect|p2a: Garganacl
|-singleturn|p2a: Garganacl|Protect
|move|p1a: Bisharp|Iron Head|p2a: Garganacl
|-activate|p2a: Garganacl|move: Protect
|
|-heal|p2a: Garganacl|35/100|[from] item: Leftovers
|upkeep
|turn|4
|
|t:|1779689684
|move|p1a: Bisharp|Iron Head|p2a: Garganacl
|-supereffective|p2a: Garganacl
|-damage|p2a: Garganacl|0 fnt
|faint|p2a: Garganacl
|
|upkeep
|
|t:|1779689686
|switch|p2a: Grimmsnarl|Grimmsnarl, M|100/100
|turn|5
|
|t:|1779689693
|move|p2a: Grimmsnarl|Thunder Wave|p1a: Bisharp
|-status|p1a: Bisharp|par
|cant|p1a: Bisharp|par
|
|upkeep
|turn|6
|
|t:|1779689698
|move|p2a: Grimmsnarl|Trick|p1a: Bisharp
|-activate|p2a: Grimmsnarl|move: Trick|[of] p1a: Bisharp
|-item|p1a: Bisharp|Lagging Tail|[from] move: Trick
|-item|p2a: Grimmsnarl|Eviolite|[from] move: Trick
|cant|p1a: Bisharp|par
|
|upkeep
|turn|7
|
|t:|1779689708
|move|p2a: Grimmsnarl|False Surrender|p1a: Bisharp
|-damage|p1a: Bisharp|64/100 par
|move|p1a: Bisharp|Swords Dance|p1a: Bisharp
|-boost|p1a: Bisharp|atk|2
|
|upkeep
|turn|8
|
|t:|1779689715
|switch|p2a: Dragonite|Dragonite, F|100/100
|move|p1a: Bisharp|Iron Head|p2a: Dragonite
|-damage|p2a: Dragonite|39/100
|
|upkeep
|turn|9
|
|t:|1779689724
|move|p2a: Dragonite|Extreme Speed|p1a: Bisharp
|-damage|p1a: Bisharp|28/100 par
|move|p1a: Bisharp|Sucker Punch||[still]
|-fail|p1a: Bisharp
|
|upkeep
|turn|10
|
|t:|1779689737
|move|p2a: Dragonite|Extreme Speed|p1a: Bisharp
|-damage|p1a: Bisharp|0 fnt
|faint|p1a: Bisharp
|
|upkeep
|
|t:|1779689746
|switch|p1a: Cetitan|Cetitan, M|100/100
|turn|11
|
|t:|1779689753
|move|p2a: Dragonite|Dragon Dance|p2a: Dragonite
|-boost|p2a: Dragonite|atk|1
|-boost|p2a: Dragonite|spe|1
|move|p1a: Cetitan|Icicle Crash|p2a: Dragonite
|-supereffective|p2a: Dragonite
|-damage|p2a: Dragonite|0 fnt
|faint|p2a: Dragonite
|
|upkeep
|
|t:|1779689760
|switch|p2a: Grimmsnarl|Grimmsnarl, M|100/100
|turn|12
|
|t:|1779689765
|move|p2a: Grimmsnarl|Thunder Wave|p1a: Cetitan
|-status|p1a: Cetitan|par
|move|p1a: Cetitan|Heavy Slam|p2a: Grimmsnarl
|-supereffective|p2a: Grimmsnarl
|-damage|p2a: Grimmsnarl|9/100
|
|upkeep
|turn|13
|
|t:|1779689772
|move|p2a: Grimmsnarl|Foul Play|p1a: Cetitan
|-damage|p1a: Cetitan|64/100 par
|move|p1a: Cetitan|Heavy Slam|p2a: Grimmsnarl
|-supereffective|p2a: Grimmsnarl
|-damage|p2a: Grimmsnarl|0 fnt
|faint|p2a: Grimmsnarl
|
|upkeep
|
|t:|1779689779
|switch|p2a: Darkrai|Darkrai|100/100
|turn|14
|
|t:|1779689787
|move|p2a: Darkrai|Nasty Plot|p2a: Darkrai
|-boost|p2a: Darkrai|spa|2
|cant|p1a: Cetitan|par
|
|upkeep
|turn|15
|
|t:|1779689794
|move|p2a: Darkrai|Focus Blast|p1a: Cetitan
|-supereffective|p1a: Cetitan
|-damage|p1a: Cetitan|0 fnt
|faint|p1a: Cetitan
|
|upkeep
|
|t:|1779689800
|switch|p1a: Vileplume|Vileplume, F|100/100
|turn|16
|
|t:|1779689808
|move|p2a: Darkrai|Dark Pulse|p1a: Vileplume
|-damage|p1a: Vileplume|19/100
|cant|p1a: Vileplume|flinch
|
|upkeep
|turn|17
|
|t:|1779689814
|move|p1a: Vileplume|Protect|p1a: Vileplume
|-singleturn|p1a: Vileplume|Protect
|move|p2a: Darkrai|Dark Pulse|p1a: Vileplume
|-activate|p1a: Vileplume|move: Protect
|
|upkeep
|turn|18
|
|t:|1779689820
|move|p2a: Darkrai|Dark Pulse|p1a: Vileplume
|-damage|p1a: Vileplume|0 fnt
|faint|p1a: Vileplume
|
|upkeep
|
|t:|1779689828
|switch|p1a: Minior|Minior|100/100
|-formechange|p1a: Minior|Minior-Meteor||[from] ability: Shields Down
|turn|19
|
|t:|1779689839
|move|p2a: Darkrai|Dark Pulse|p1a: Minior
|-crit|p1a: Minior
|-damage|p1a: Minior|0 fnt
|faint|p1a: Minior
|
|upkeep
|
|t:|1779689844
|switch|p1a: Maushold|Maushold-Four|100/100
|turn|20
|
|t:|1779689852
|move|p2a: Darkrai|Dark Pulse|p1a: Maushold
|-damage|p1a: Maushold|0 fnt
|faint|p1a: Maushold
|
|upkeep
|
|t:|1779689856
|switch|p1a: Kingambit|Kingambit, F|100/100
|-activate|p1a: Kingambit|ability: Supreme Overlord
|-start|p1a: Kingambit|fallen5|[silent]
|-item|p1a: Kingambit|Air Balloon
|turn|21
|
|t:|1779689862
|move|p2a: Darkrai|Focus Blast|p1a: Kingambit
|-supereffective|p1a: Kingambit
|-damage|p1a: Kingambit|0 fnt
|-enditem|p1a: Kingambit|Air Balloon
|faint|p1a: Kingambit
|-end|p1a: Kingambit|fallen5|[silent]
|
|win|Hunter Rome
|raw|valtrin's rating: 1060 &rarr; <strong>1045</strong><br />(-15 for losing)
|raw|Hunter Rome's rating: 1127 &rarr; <strong>1147</strong><br />(+20 for winning)
|l|☆valtrin
|player|p1|
|l|☆Hunter Rome
|player|p2|
