|j|☆lethalwolf
|j|☆emeryns88
|t:|1779645242
|gametype|singles
|player|p1|lethalwolf|101|1336
|player|p2|emeryns88|hilbert|1298
|gen|9
|tier|[Gen 9] OU
|rated|
|rule|HP Percentage Mod: HP is shown in percentages
|rule|Endless Battle Clause: Forcing endless battles is banned
|rule|Species Clause: Limit one of each Pokémon
|rule|OHKO Clause: OHKO moves are banned
|rule|Evasion Items Clause: Evasion items are banned
|rule|Evasion Moves Clause: Evasion moves are banned
|rule|Evasion Abilities Clause: Evasion abilities are banned
|rule|Sleep Moves Clause: Sleep-inducing moves are banned
|clearpoke
|poke|p1|Regirock|
|poke|p1|Hydrapple, F|
|poke|p1|Scizor, F|
|poke|p1|Deoxys-Speed|
|poke|p1|Mismagius, F|
|poke|p1|Corviknight, F|
|poke|p2|Dragonite, M|
|poke|p2|Iron Treads|
|poke|p2|Gholdengo|
|poke|p2|Zapdos|
|poke|p2|Primarina, F|
|poke|p2|Ting-Lu|
|teampreview
|inactive|Battle timer is ON: inactive players will automatically lose when time's up. (requested by lethalwolf)
|
|t:|1779645263
|teamsize|p1|6
|teamsize|p2|6
|start
|switch|p1a: Mismagius|Mismagius, F|100/100
|switch|p2a: Human monies|Gholdengo|100/100
|turn|1
|
|t:|1779645271
|switch|p1a: Corviknight|Corviknight, F|100/100
|-ability|p1a: Corviknight|Pressure
|move|p2a: Human monies|Shadow Ball|p1a: Corviknight
|-damage|p1a: Corviknight|72/100
|
|upkeep
|turn|2
|
|t:|1779645278
|switch|p2a: Lou - thing|Ting-Lu|100/100
|-ability|p2a: Lou - thing|Vessel of Ruin
|move|p1a: Corviknight|U-turn|p2a: Lou - thing
|-supereffective|p2a: Lou - thing
|-damage|p2a: Lou - thing|88/100
|
|t:|1779645287
|switch|p1a: Regirock|Regirock|100/100|[from] U-turn
|
|-heal|p2a: Lou - thing|94/100|[from] item: Leftovers
|upkeep
|turn|3
|
|t:|1779645290
|move|p1a: Regirock|Body Press|p2a: Lou - thing
|-supereffective|p2a: Lou - thing
|-damage|p2a: Lou - thing|60/100
|move|p2a: Lou - thing|Stealth Rock|p1a: Regirock
|-sidestart|p1: lethalwolf|move: Stealth Rock
|
|-heal|p2a: Lou - thing|66/100|[from] item: Leftovers
|upkeep
|turn|4
|
|t:|1779645295
|move|p1a: Regirock|Stealth Rock|p2a: Lou - thing
|-sidestart|p2: emeryns88|move: Stealth Rock
|move|p2a: Lou - thing|Spikes|p1a: Regirock
|-sidestart|p1: lethalwolf|Spikes
|
|-heal|p2a: Lou - thing|72/100|[from] item: Leftovers
|upkeep
|turn|5
|
|t:|1779645300
|switch|p1a: Corviknight|Corviknight, F|72/100
|-damage|p1a: Corviknight|59/100|[from] Stealth Rock
|-ability|p1a: Corviknight|Pressure
|move|p2a: Lou - thing|Whirlwind|p1a: Corviknight
|drag|p1a: Scizor|Scizor, F|100/100
|-damage|p1a: Scizor|88/100|[from] Stealth Rock
|-damage|p1a: Scizor|76/100|[from] Spikes
|
|-heal|p2a: Lou - thing|78/100|[from] item: Leftovers
|upkeep
|turn|6
|
|t:|1779645308
|move|p1a: Scizor|Close Combat|p2a: Lou - thing
|-supereffective|p2a: Lou - thing
|-damage|p2a: Lou - thing|33/100
|-unboost|p1a: Scizor|def|1
|-unboost|p1a: Scizor|spd|1
|-damage|p1a: Scizor|66/100|[from] item: Life Orb
|move|p2a: Lou - thing|Spikes|p1a: Scizor
|-sidestart|p1: lethalwolf|Spikes
|
|-heal|p2a: Lou - thing|40/100|[from] item: Leftovers
|upkeep
|turn|7
|
|t:|1779645317
|switch|p2a: Hurricanhausen|Zapdos|100/100
|-damage|p2a: Hurricanhausen|76/100|[from] Stealth Rock
|move|p1a: Scizor|Close Combat|p2a: Hurricanhausen
|-resisted|p2a: Hurricanhausen
|-damage|p2a: Hurricanhausen|49/100
|-unboost|p1a: Scizor|def|1
|-unboost|p1a: Scizor|spd|1
|-damage|p1a: Scizor|49/100|[from] item: Rocky Helmet|[of] p2a: Hurricanhausen
|-damage|p1a: Scizor|39/100|[from] item: Life Orb
|
|upkeep
|turn|8
|
|t:|1779645330
|move|p1a: Scizor|Bullet Punch|p2a: Hurricanhausen
|-resisted|p2a: Hurricanhausen
|-damage|p2a: Hurricanhausen|28/100
|-damage|p1a: Scizor|23/100|[from] item: Rocky Helmet|[of] p2a: Hurricanhausen
|-status|p1a: Scizor|par|[from] ability: Static|[of] p2a: Hurricanhausen
|-damage|p1a: Scizor|13/100 par|[from] item: Life Orb
|move|p2a: Hurricanhausen|Roost|p2a: Hurricanhausen
|-heal|p2a: Hurricanhausen|79/100
|-singleturn|p2a: Hurricanhausen|move: Roost
|
|upkeep
|turn|9
|
|t:|1779645338
|move|p2a: Hurricanhausen|Volt Switch|p1a: Scizor
|-damage|p1a: Scizor|0 fnt
|faint|p1a: Scizor
|
|t:|1779645344
|switch|p2a: Lou - thing|Ting-Lu|40/100|[from] Volt Switch
|-damage|p2a: Lou - thing|33/100|[from] Stealth Rock
|-ability|p2a: Lou - thing|Vessel of Ruin
|
|-heal|p2a: Lou - thing|40/100|[from] item: Leftovers
|upkeep
|
|t:|1779645347
|switch|p1a: Corviknight|Corviknight, F|59/100
|-damage|p1a: Corviknight|47/100|[from] Stealth Rock
|-ability|p1a: Corviknight|Pressure
|turn|10
|
|t:|1779645352
|switch|p2a: Human monies|Gholdengo|100/100
|-damage|p2a: Human monies|94/100|[from] Stealth Rock
|move|p1a: Corviknight|Roost|p1a: Corviknight
|-heal|p1a: Corviknight|97/100
|-singleturn|p1a: Corviknight|move: Roost
|
|upkeep
|turn|11
|
|t:|1779645357
|move|p2a: Human monies|Trick|p1a: Corviknight
|-activate|p2a: Human monies|move: Trick|[of] p1a: Corviknight
|-item|p1a: Corviknight|Choice Scarf|[from] move: Trick
|-item|p2a: Human monies|Rocky Helmet|[from] move: Trick
|move|p1a: Corviknight|U-turn|p2a: Human monies
|-resisted|p2a: Human monies
|-damage|p2a: Human monies|90/100
|-damage|p1a: Corviknight|80/100|[from] item: Rocky Helmet|[of] p2a: Human monies
|
|t:|1779645379
|switch|p1a: Mismagius|Mismagius, F|100/100|[from] U-turn
|-damage|p1a: Mismagius|88/100|[from] Stealth Rock
|
|-heal|p1a: Mismagius|94/100|[from] item: Leftovers
|upkeep
|turn|12
|
|t:|1779645385
|switch|p2a: Lou - thing|Ting-Lu|40/100
|-damage|p2a: Lou - thing|33/100|[from] Stealth Rock
|-ability|p2a: Lou - thing|Vessel of Ruin
|move|p1a: Mismagius|Substitute|p1a: Mismagius
|-start|p1a: Mismagius|Substitute
|-damage|p1a: Mismagius|69/100
|
|-heal|p1a: Mismagius|76/100|[from] item: Leftovers
|-heal|p2a: Lou - thing|40/100|[from] item: Leftovers
|upkeep
|turn|13
|
|t:|1779645387
|move|p1a: Mismagius|Will-O-Wisp|p2a: Lou - thing
|-status|p2a: Lou - thing|brn
|move|p2a: Lou - thing|Whirlwind|p1a: Mismagius
|drag|p1a: Deoxys|Deoxys-Speed|100/100
|-damage|p1a: Deoxys|88/100|[from] Stealth Rock
|-damage|p1a: Deoxys|72/100|[from] Spikes
|-ability|p1a: Deoxys|Pressure
|
|-heal|p1a: Deoxys|78/100|[from] item: Leftovers
|-heal|p2a: Lou - thing|46/100 brn|[from] item: Leftovers
|-damage|p2a: Lou - thing|40/100 brn|[from] brn
|upkeep
|turn|14
|
|t:|1779645396
|move|p1a: Deoxys|Focus Blast|p2a: Lou - thing
|-supereffective|p2a: Lou - thing
|-damage|p2a: Lou - thing|6/100 brn
|move|p2a: Lou - thing|Spikes|p1a: Deoxys
|-sidestart|p1: lethalwolf|Spikes
|
|-heal|p1a: Deoxys|84/100|[from] item: Leftovers
|-heal|p2a: Lou - thing|12/100 brn|[from] item: Leftovers
|-damage|p2a: Lou - thing|6/100 brn|[from] brn
|upkeep
|turn|15
|
|t:|1779645404
|move|p1a: Deoxys|Focus Blast|p2a: Lou - thing
|-supereffective|p2a: Lou - thing
|-damage|p2a: Lou - thing|0 fnt
|faint|p2a: Lou - thing
|
|-heal|p1a: Deoxys|90/100|[from] item: Leftovers
|upkeep
|
|t:|1779645406
|switch|p2a: VeryNiceVeryEvil|Primarina, F|100/100
|-damage|p2a: VeryNiceVeryEvil|88/100|[from] Stealth Rock
|turn|16
|
|t:|1779645411
|move|p1a: Deoxys|Cosmic Power|p1a: Deoxys
|-boost|p1a: Deoxys|def|1
|-boost|p1a: Deoxys|spd|1
|move|p2a: VeryNiceVeryEvil|Sparkling Aria|p1a: Deoxys
|-damage|p1a: Deoxys|51/100
|
|-heal|p1a: Deoxys|57/100|[from] item: Leftovers
|upkeep
|turn|17
|
|t:|1779645415
|move|p1a: Deoxys|Cosmic Power|p1a: Deoxys
|-boost|p1a: Deoxys|def|1
|-boost|p1a: Deoxys|spd|1
|move|p2a: VeryNiceVeryEvil|Moonblast|p1a: Deoxys
|-damage|p1a: Deoxys|22/100
|
|-heal|p1a: Deoxys|28/100|[from] item: Leftovers
|upkeep
|turn|18
|
|t:|1779645417
|move|p1a: Deoxys|Recover|p1a: Deoxys
|-heal|p1a: Deoxys|78/100
|move|p2a: VeryNiceVeryEvil|Moonblast|p1a: Deoxys
|-damage|p1a: Deoxys|43/100
|
|-heal|p1a: Deoxys|49/100|[from] item: Leftovers
|upkeep
|turn|19
|
|t:|1779645420
|move|p1a: Deoxys|Recover|p1a: Deoxys
|-heal|p1a: Deoxys|99/100
|move|p2a: VeryNiceVeryEvil|Psychic Noise|p1a: Deoxys
|-resisted|p1a: Deoxys
|-damage|p1a: Deoxys|90/100
|-start|p1a: Deoxys|move: Heal Block
|
|upkeep
|turn|20
|
|t:|1779645422
|move|p1a: Deoxys|Cosmic Power|p1a: Deoxys
|-boost|p1a: Deoxys|def|1
|-boost|p1a: Deoxys|spd|1
|move|p2a: VeryNiceVeryEvil|Moonblast|p1a: Deoxys
|-damage|p1a: Deoxys|66/100
|-unboost|p1a: Deoxys|spa|1
|
|-end|p1a: Deoxys|move: Heal Block
|upkeep
|turn|21
|
|t:|1779645425
|move|p1a: Deoxys|Cosmic Power|p1a: Deoxys
|-boost|p1a: Deoxys|def|1
|-boost|p1a: Deoxys|spd|1
|move|p2a: VeryNiceVeryEvil|Moonblast|p1a: Deoxys
|-damage|p1a: Deoxys|45/100
|-unboost|p1a: Deoxys|spa|1
|
|-heal|p1a: Deoxys|51/100|[from] item: Leftovers
|upkeep
|turn|22
|
|t:|1779645427
|move|p1a: Deoxys|Cosmic Power|p1a: Deoxys
|-boost|p1a: Deoxys|def|1
|-boost|p1a: Deoxys|spd|1
|move|p2a: VeryNiceVeryEvil|Psychic Noise|p1a: Deoxys
|-resisted|p1a: Deoxys
|-damage|p1a: Deoxys|46/100
|-start|p1a: Deoxys|move: Heal Block
|
|upkeep
|turn|23
|
|t:|1779645429
|move|p1a: Deoxys|Cosmic Power|p1a: Deoxys
|-boost|p1a: Deoxys|def|1
|-boost|p1a: Deoxys|spd|1
|move|p2a: VeryNiceVeryEvil|Moonblast|p1a: Deoxys
|-damage|p1a: Deoxys|31/100
|
|-end|p1a: Deoxys|move: Heal Block
|upkeep
|turn|24
|
|t:|1779645434
|move|p1a: Deoxys|Recover|p1a: Deoxys
|-heal|p1a: Deoxys|81/100
|move|p2a: VeryNiceVeryEvil|Psychic Noise|p1a: Deoxys
|-resisted|p1a: Deoxys
|-damage|p1a: Deoxys|76/100
|-start|p1a: Deoxys|move: Heal Block
|
|upkeep
|turn|25
|
|t:|1779645450
|move|p1a: Deoxys|Stored Power|p2a: VeryNiceVeryEvil
|-damage|p2a: VeryNiceVeryEvil|66/100
|move|p2a: VeryNiceVeryEvil|Moonblast|p1a: Deoxys
|-damage|p1a: Deoxys|60/100
|
|-end|p1a: Deoxys|move: Heal Block
|upkeep
|turn|26
|
|t:|1779645457
|move|p1a: Deoxys|Stored Power|p2a: VeryNiceVeryEvil
|-damage|p2a: VeryNiceVeryEvil|41/100
|move|p2a: VeryNiceVeryEvil|Psychic Noise|p1a: Deoxys
|-resisted|p1a: Deoxys
|-damage|p1a: Deoxys|55/100
|-start|p1a: Deoxys|move: Heal Block
|
|upkeep
|turn|27
|
|t:|1779645459
|move|p1a: Deoxys|Stored Power|p2a: VeryNiceVeryEvil
|-damage|p2a: VeryNiceVeryEvil|19/100
|move|p2a: VeryNiceVeryEvil|Draining Kiss|p1a: Deoxys
|-crit|p1a: Deoxys
|-damage|p1a: Deoxys|7/100
|-heal|p2a: VeryNiceVeryEvil|49/100|[from] drain|[of] p1a: Deoxys
|
|-end|p1a: Deoxys|move: Heal Block
|upkeep
|turn|28
|
|t:|1779645461
|move|p1a: Deoxys|Recover|p1a: Deoxys
|-heal|p1a: Deoxys|57/100
|move|p2a: VeryNiceVeryEvil|Draining Kiss|p1a: Deoxys
|-damage|p1a: Deoxys|48/100
|-heal|p2a: VeryNiceVeryEvil|55/100|[from] drain|[of] p1a: Deoxys
|
|-heal|p1a: Deoxys|54/100|[from] item: Leftovers
|upkeep
|turn|29
|
|t:|1779645463
|move|p1a: Deoxys|Stored Power|p2a: VeryNiceVeryEvil
|-damage|p2a: VeryNiceVeryEvil|33/100
|move|p2a: VeryNiceVeryEvil|Moonblast|p1a: Deoxys
|-damage|p1a: Deoxys|36/100
|-unboost|p1a: Deoxys|spa|1
|
|-heal|p1a: Deoxys|42/100|[from] item: Leftovers
|upkeep
|turn|30
|
|t:|1779645467
|move|p1a: Deoxys|Recover|p1a: Deoxys
|-heal|p1a: Deoxys|92/100
|move|p2a: VeryNiceVeryEvil|Draining Kiss|p1a: Deoxys
|-damage|p1a: Deoxys|83/100
|-heal|p2a: VeryNiceVeryEvil|39/100|[from] drain|[of] p1a: Deoxys
|
|-heal|p1a: Deoxys|90/100|[from] item: Leftovers
|upkeep
|turn|31
|
|t:|1779645470
|move|p1a: Deoxys|Stored Power|p2a: VeryNiceVeryEvil
|-damage|p2a: VeryNiceVeryEvil|18/100
|move|p2a: VeryNiceVeryEvil|Draining Kiss|p1a: Deoxys
|-damage|p1a: Deoxys|80/100
|-heal|p2a: VeryNiceVeryEvil|24/100|[from] drain|[of] p1a: Deoxys
|
|-heal|p1a: Deoxys|87/100|[from] item: Leftovers
|upkeep
|turn|32
|
|t:|1779645473
|move|p1a: Deoxys|Stored Power|p2a: VeryNiceVeryEvil
|-damage|p2a: VeryNiceVeryEvil|5/100
|move|p2a: VeryNiceVeryEvil|Draining Kiss|p1a: Deoxys
|-damage|p1a: Deoxys|78/100
|-heal|p2a: VeryNiceVeryEvil|10/100|[from] drain|[of] p1a: Deoxys
|
|-heal|p1a: Deoxys|84/100|[from] item: Leftovers
|upkeep
|turn|33
|
|t:|1779645476
|move|p1a: Deoxys|Stored Power|p2a: VeryNiceVeryEvil
|-damage|p2a: VeryNiceVeryEvil|0 fnt
|faint|p2a: VeryNiceVeryEvil
|
|-heal|p1a: Deoxys|90/100|[from] item: Leftovers
|upkeep
|
|t:|1779645479
|switch|p2a: Spinnerhausen|Iron Treads|100/100
|turn|34
|
|t:|1779645481
|move|p1a: Deoxys|Focus Blast|p2a: Spinnerhausen|[miss]
|-miss|p1a: Deoxys|p2a: Spinnerhausen
|move|p2a: Spinnerhausen|Knock Off|p1a: Deoxys
|-supereffective|p1a: Deoxys
|-damage|p1a: Deoxys|72/100
|-enditem|p1a: Deoxys|Leftovers|[from] move: Knock Off|[of] p2a: Spinnerhausen
|
|upkeep
|turn|35
|
|t:|1779645490
|move|p1a: Deoxys|Focus Blast|p2a: Spinnerhausen
|-supereffective|p2a: Spinnerhausen
|-damage|p2a: Spinnerhausen|72/100
|move|p2a: Spinnerhausen|Megahorn|p1a: Deoxys
|-supereffective|p1a: Deoxys
|-crit|p1a: Deoxys
|-damage|p1a: Deoxys|0 fnt
|faint|p1a: Deoxys
|
|upkeep
|
|t:|1779645500
|switch|p1a: Corviknight|Corviknight, F|80/100
|-damage|p1a: Corviknight|68/100|[from] Stealth Rock
|-ability|p1a: Corviknight|Pressure
|turn|36
|
|t:|1779645505
|-end|p2a: Spinnerhausen|Quark Drive|[silent]
|switch|p2a: Human monies|Gholdengo|90/100
|-damage|p2a: Human monies|84/100|[from] Stealth Rock
|move|p1a: Corviknight|U-turn|p2a: Human monies
|-resisted|p2a: Human monies
|-damage|p2a: Human monies|80/100
|-damage|p1a: Corviknight|51/100|[from] item: Rocky Helmet|[of] p2a: Human monies
|
|t:|1779645509
|switch|p1a: Hydrapple|Hydrapple, F|100/100|[from] U-turn
|-damage|p1a: Hydrapple|88/100|[from] Stealth Rock
|-damage|p1a: Hydrapple|63/100|[from] Spikes
|
|upkeep
|turn|37
|
|t:|1779645515
|move|p2a: Human monies|Make It Rain|p1a: Hydrapple
|-damage|p1a: Hydrapple|18/100
|-unboost|p2a: Human monies|spa|1
|move|p1a: Hydrapple|Earth Power|p2a: Human monies
|-supereffective|p2a: Human monies
|-damage|p2a: Human monies|10/100
|
|upkeep
|turn|38
|
|t:|1779645523
|move|p2a: Human monies|Make It Rain|p1a: Hydrapple
|-crit|p1a: Hydrapple
|-damage|p1a: Hydrapple|0 fnt
|-unboost|p2a: Human monies|spa|1
|faint|p1a: Hydrapple
|
|upkeep
|
|t:|1779645525
|switch|p1a: Mismagius|Mismagius, F|76/100
|-damage|p1a: Mismagius|63/100|[from] Stealth Rock
|turn|39
|
|t:|1779645528
|switch|p2a: Hurricanhausen|Zapdos|79/100
|-damage|p2a: Hurricanhausen|54/100|[from] Stealth Rock
|move|p1a: Mismagius|Hex|p2a: Hurricanhausen
|-damage|p2a: Hurricanhausen|30/100
|
|-heal|p1a: Mismagius|69/100|[from] item: Leftovers
|upkeep
|turn|40
|
|t:|1779645531
|move|p1a: Mismagius|Hex|p2a: Hurricanhausen
|-damage|p2a: Hurricanhausen|5/100
|move|p2a: Hurricanhausen|Hurricane|p1a: Mismagius|[miss]
|-miss|p2a: Hurricanhausen|p1a: Mismagius
|
|-heal|p1a: Mismagius|76/100|[from] item: Leftovers
|upkeep
|turn|41
|
|t:|1779645536
|move|p1a: Mismagius|Hex|p2a: Hurricanhausen
|-damage|p2a: Hurricanhausen|0 fnt
|faint|p2a: Hurricanhausen
|
|-heal|p1a: Mismagius|82/100|[from] item: Leftovers
|upkeep
|
|t:|1779645540
|switch|p2a: Spinnerhausen|Iron Treads|72/100
|turn|42
|
|t:|1779645544
|switch|p1a: Corviknight|Corviknight, F|51/100
|-damage|p1a: Corviknight|39/100|[from] Stealth Rock
|-ability|p1a: Corviknight|Pressure
|move|p2a: Spinnerhausen|Knock Off|p1a: Corviknight
|-damage|p1a: Corviknight|16/100
|-enditem|p1a: Corviknight|Choice Scarf|[from] move: Knock Off|[of] p2a: Spinnerhausen
|
|upkeep
|turn|43
|
|t:|1779645553
|move|p2a: Spinnerhausen|Rapid Spin|p1a: Corviknight
|-resisted|p1a: Corviknight
|-damage|p1a: Corviknight|9/100
|-boost|p2a: Spinnerhausen|spe|1
|-sideend|p2: emeryns88|Stealth Rock|[from] move: Rapid Spin|[of] p2a: Spinnerhausen
|move|p1a: Corviknight|Roost|p1a: Corviknight
|-heal|p1a: Corviknight|59/100
|-singleturn|p1a: Corviknight|move: Roost
|
|upkeep
|turn|44
|
|t:|1779645560
|-end|p2a: Spinnerhausen|Quark Drive|[silent]
|switch|p2a: Human monies|Gholdengo|10/100
|move|p1a: Corviknight|Brave Bird|p2a: Human monies
|-resisted|p2a: Human monies
|-damage|p2a: Human monies|0 fnt
|-damage|p1a: Corviknight|43/100|[from] item: Rocky Helmet|[of] p2a: Human monies
|faint|p2a: Human monies
|-damage|p1a: Corviknight|40/100|[from] Recoil
|
|upkeep
|
|t:|1779645566
|switch|p2a: Dancehausen|Dragonite, M|100/100
|turn|45
|
|t:|1779645569
|move|p2a: Dancehausen|Dragon Dance|p2a: Dancehausen
|-boost|p2a: Dancehausen|atk|1
|-boost|p2a: Dancehausen|spe|1
|move|p1a: Corviknight|Defog|p2a: Dancehausen
|-unboost|p2a: Dancehausen|evasion|1
|-sideend|p1: lethalwolf|Spikes|[from] move: Defog|[of] p1a: Corviknight
|-sideend|p1: lethalwolf|Stealth Rock|[from] move: Defog|[of] p1a: Corviknight
|
|upkeep
|turn|46
|
|t:|1779645572
|move|p2a: Dancehausen|Dragon Dance|p2a: Dancehausen
|-boost|p2a: Dancehausen|atk|1
|-boost|p2a: Dancehausen|spe|1
|move|p1a: Corviknight|Brave Bird|p2a: Dancehausen
|-damage|p2a: Dancehausen|81/100
|-damage|p1a: Corviknight|35/100|[from] Recoil
|
|upkeep
|turn|47
|
|t:|1779645580
|-terastallize|p2a: Dancehausen|Normal
|move|p2a: Dancehausen|Ice Spinner|p1a: Corviknight
|-crit|p1a: Corviknight
|-damage|p1a: Corviknight|0 fnt
|faint|p1a: Corviknight
|
|upkeep
|
|t:|1779645582
|switch|p1a: Mismagius|Mismagius, F|82/100
|turn|48
|
|t:|1779645587
|move|p2a: Dancehausen|Earthquake|p1a: Mismagius
|-immune|p1a: Mismagius|[from] ability: Levitate
|move|p1a: Mismagius|Will-O-Wisp|p2a: Dancehausen
|-status|p2a: Dancehausen|brn
|
|-heal|p1a: Mismagius|88/100|[from] item: Leftovers
|-damage|p2a: Dancehausen|75/100 brn|[from] brn
|upkeep
|turn|49
|
|t:|1779645598
|move|p2a: Dancehausen|Dragon Dance|p2a: Dancehausen
|-boost|p2a: Dancehausen|atk|1
|-boost|p2a: Dancehausen|spe|1
|move|p1a: Mismagius|Substitute|p1a: Mismagius
|-start|p1a: Mismagius|Substitute
|-damage|p1a: Mismagius|63/100
|
|-heal|p1a: Mismagius|69/100|[from] item: Leftovers
|-damage|p2a: Dancehausen|68/100 brn|[from] brn
|upkeep
|turn|50
|
|t:|1779645605
|move|p2a: Dancehausen|Ice Spinner|p1a: Mismagius
|-end|p1a: Mismagius|Substitute
|move|p1a: Mismagius|Pain Split|p2a: Dancehausen
|-sethp|p2a: Dancehausen|62/100 brn|[from] move: Pain Split|[silent]
|-sethp|p1a: Mismagius|77/100|[from] move: Pain Split
|
|-heal|p1a: Mismagius|83/100|[from] item: Leftovers
|-damage|p2a: Dancehausen|56/100 brn|[from] brn
|upkeep
|turn|51
|
|t:|1779645610
|switch|p1a: Regirock|Regirock|100/100
|move|p2a: Dancehausen|Ice Spinner|p1a: Regirock
|-damage|p1a: Regirock|86/100
|
|-heal|p1a: Regirock|92/100|[from] item: Leftovers
|-damage|p2a: Dancehausen|50/100 brn|[from] brn
|upkeep
|turn|52
|
|t:|1779645613
|move|p2a: Dancehausen|Earthquake|p1a: Regirock
|-supereffective|p1a: Regirock
|-damage|p1a: Regirock|51/100
|move|p1a: Regirock|Body Press|p2a: Dancehausen
|-supereffective|p2a: Dancehausen
|-damage|p2a: Dancehausen|0 fnt
|faint|p2a: Dancehausen
|
|-heal|p1a: Regirock|57/100|[from] item: Leftovers
|upkeep
|
|t:|1779645616
|switch|p2a: Spinnerhausen|Iron Treads|72/100
|turn|53
|
|t:|1779645622
|move|p2a: Spinnerhausen|Earthquake|p1a: Regirock
|-supereffective|p1a: Regirock
|-damage|p1a: Regirock|20/100
|move|p1a: Regirock|Body Press|p2a: Spinnerhausen
|-supereffective|p2a: Spinnerhausen
|-damage|p2a: Spinnerhausen|0 fnt
|faint|p2a: Spinnerhausen
|-end|p2a: Spinnerhausen|Quark Drive|[silent]
|
|win|lethalwolf
|raw|lethalwolf's rating: 1336 &rarr; <strong>1354</strong><br />(+18 for winning)
|raw|emeryns88's rating: 1298 &rarr; <strong>1276</strong><br />(-22 for losing)
|l|☆emeryns88
|player|p2|
