|j|☆bacon+banana
|j|☆ethereallovefr
|t:|1779650544
|gametype|singles
|player|p1|bacon+banana|volkner|1373
|player|p2|ethereallovefr|265|1405
|gen|9
|tier|[Gen 9] OU
|rated|
|rule|HP Percentage Mod: HP is shown in percentages
|rule|Endless Battle Clause: Forcing endless battles is banned
|rule|Species Clause: Limit one of each Pokémon
|rule|OHKO Clause: OHKO moves are banned
|rule|Evasion Items Clause: Evasion items are banned
|rule|Evasion Moves Clause: Evasion moves are banned
|rule|Evasion Abilities Clause: Evasion abilities are banned
|rule|Sleep Moves Clause: Sleep-inducing moves are banned
|clearpoke
|poke|p1|Deoxys-Speed|
|poke|p1|Magnezone|
|poke|p1|Gliscor, M|
|poke|p1|Azelf|
|poke|p1|Alomomola, F|
|poke|p1|Mandibuzz, F|
|poke|p2|Iron Moth|
|poke|p2|Enamorus, F|
|poke|p2|Samurott-Hisui, M|
|poke|p2|Great Tusk|
|poke|p2|Regieleki|
|poke|p2|Gholdengo|
|teampreview
|inactive|Battle timer is ON: inactive players will automatically lose when time's up. (requested by bacon+banana)
|
|t:|1779650558
|teamsize|p1|6
|teamsize|p2|6
|start
|switch|p1a: Azelf|Azelf|100/100
|switch|p2a: Kami|Samurott-Hisui, M|100/100
|turn|1
|
|t:|1779650563
|-terastallize|p1a: Azelf|Fighting
|move|p2a: Kami|Ceaseless Edge|p1a: Azelf
|-resisted|p1a: Azelf
|-damage|p1a: Azelf|59/100
|-sidestart|p1: bacon+banana|Spikes
|move|p1a: Azelf|Drain Punch|p2a: Kami
|-supereffective|p2a: Kami
|-damage|p2a: Kami|5/100
|-heal|p1a: Azelf|100/100|[from] drain|[of] p2a: Kami
|
|upkeep
|turn|2
|
|t:|1779650576
|switch|p2a: Tenjin|Gholdengo|100/100
|-item|p2a: Tenjin|Air Balloon
|move|p1a: Azelf|Stealth Rock|p2a: Tenjin
|-sidestart|p2: ethereallovefr|move: Stealth Rock
|
|upkeep
|turn|3
|
|t:|1779650584
|switch|p1a: Alomomola|Alomomola, F|100/100
|-damage|p1a: Alomomola|88/100|[from] Spikes
|move|p2a: Tenjin|Nasty Plot|p2a: Tenjin
|-boost|p2a: Tenjin|spa|2
|
|upkeep
|turn|4
|
|t:|1779650588
|move|p2a: Tenjin|Shadow Ball|p1a: Alomomola
|-damage|p1a: Alomomola|50/100
|move|p1a: Alomomola|Flip Turn|p2a: Tenjin
|-damage|p2a: Tenjin|83/100
|-enditem|p2a: Tenjin|Air Balloon
|
|t:|1779650615
|switch|p1a: Gliscor|Gliscor, M|100/100|[from] Flip Turn
|
|-status|p1a: Gliscor|tox|[from] item: Toxic Orb
|upkeep
|turn|5
|
|t:|1779650624
|move|p2a: Tenjin|Make It Rain|p1a: Gliscor
|-damage|p1a: Gliscor|0 fnt
|-unboost|p2a: Tenjin|spa|1
|faint|p1a: Gliscor
|
|upkeep
|
|t:|1779650630
|switch|p1a: Magnezone|Magnezone|100/100
|-damage|p1a: Magnezone|88/100|[from] Spikes
|turn|6
|
|t:|1779650635
|move|p1a: Magnezone|Volt Switch|p2a: Tenjin
|-damage|p2a: Tenjin|39/100
|
|t:|1779650639
|switch|p1a: Alomomola|Alomomola, F|83/100|[from] Volt Switch
|-damage|p1a: Alomomola|71/100|[from] Spikes
|move|p2a: Tenjin|Shadow Ball|p1a: Alomomola
|-damage|p1a: Alomomola|42/100
|-unboost|p1a: Alomomola|spd|1
|
|upkeep
|turn|7
|
|t:|1779650644
|move|p2a: Tenjin|Shadow Ball|p1a: Alomomola
|-crit|p1a: Alomomola
|-damage|p1a: Alomomola|0 fnt
|faint|p1a: Alomomola
|
|upkeep
|
|t:|1779650648
|switch|p1a: Magnezone|Magnezone|88/100
|-damage|p1a: Magnezone|76/100|[from] Spikes
|turn|8
|
|t:|1779650653
|move|p1a: Magnezone|Thunderbolt|p2a: Tenjin
|-damage|p2a: Tenjin|0 fnt
|faint|p2a: Tenjin
|
|upkeep
|
|t:|1779650659
|switch|p2a: Great Tusk|Great Tusk|100/100
|-damage|p2a: Great Tusk|98/100|[from] Stealth Rock
|turn|9
|
|t:|1779650664
|switch|p1a: Azelf|Azelf, tera:Fighting|100/100
|move|p2a: Great Tusk|Rapid Spin|p1a: Azelf
|-damage|p1a: Azelf|69/100
|-boost|p2a: Great Tusk|spe|1
|-sideend|p2: ethereallovefr|Stealth Rock|[from] move: Rapid Spin|[of] p2a: Great Tusk
|
|upkeep
|turn|10
|
|t:|1779650672
|move|p1a: Azelf|Psychic|p2a: Great Tusk
|-supereffective|p2a: Great Tusk
|-damage|p2a: Great Tusk|43/100
|move|p2a: Great Tusk|Close Combat|p1a: Azelf
|-damage|p1a: Azelf|0 fnt
|-unboost|p2a: Great Tusk|def|1
|-unboost|p2a: Great Tusk|spd|1
|faint|p1a: Azelf
|
|upkeep
|
|t:|1779650684
|switch|p1a: Deoxys|Deoxys-Speed|100/100
|-damage|p1a: Deoxys|88/100|[from] Spikes
|-ability|p1a: Deoxys|Pressure
|turn|11
|
|t:|1779650714
|switch|p1a: Mandibuzz|Mandibuzz, F|100/100
|move|p2a: Great Tusk|Rapid Spin|p1a: Mandibuzz
|-damage|p1a: Mandibuzz|89/100
|-boost|p2a: Great Tusk|spe|1
|
|upkeep
|turn|12
|
|t:|1779650721
|move|p2a: Great Tusk|Close Combat|p1a: Mandibuzz
|-damage|p1a: Mandibuzz|52/100
|-unboost|p2a: Great Tusk|def|1
|-unboost|p2a: Great Tusk|spd|1
|move|p1a: Mandibuzz|Foul Play|p2a: Great Tusk
|-resisted|p2a: Great Tusk
|-damage|p2a: Great Tusk|5/100
|
|upkeep
|turn|13
|
|t:|1779650734
|move|p2a: Great Tusk|Close Combat|p1a: Mandibuzz
|-damage|p1a: Mandibuzz|15/100
|-unboost|p2a: Great Tusk|def|1
|-unboost|p2a: Great Tusk|spd|1
|move|p1a: Mandibuzz|Roost|p1a: Mandibuzz
|-heal|p1a: Mandibuzz|65/100
|-singleturn|p1a: Mandibuzz|move: Roost
|
|upkeep
|turn|14
|
|t:|1779650739
|move|p2a: Great Tusk|Close Combat|p1a: Mandibuzz
|-damage|p1a: Mandibuzz|27/100
|-unboost|p2a: Great Tusk|def|1
|-unboost|p2a: Great Tusk|spd|1
|move|p1a: Mandibuzz|Roost|p1a: Mandibuzz
|-heal|p1a: Mandibuzz|77/100
|-singleturn|p1a: Mandibuzz|move: Roost
|
|upkeep
|turn|15
|
|t:|1779650749
|move|p2a: Great Tusk|Close Combat|p1a: Mandibuzz
|-damage|p1a: Mandibuzz|38/100
|-unboost|p2a: Great Tusk|def|1
|-unboost|p2a: Great Tusk|spd|1
|move|p1a: Mandibuzz|Roost|p1a: Mandibuzz
|-heal|p1a: Mandibuzz|88/100
|-singleturn|p1a: Mandibuzz|move: Roost
|
|upkeep
|turn|16
|
|t:|1779650753
|move|p2a: Great Tusk|Close Combat|p1a: Mandibuzz
|-damage|p1a: Mandibuzz|50/100
|-unboost|p2a: Great Tusk|def|1
|-unboost|p2a: Great Tusk|spd|1
|move|p1a: Mandibuzz|U-turn|p2a: Great Tusk
|-resisted|p2a: Great Tusk
|-damage|p2a: Great Tusk|0 fnt
|faint|p2a: Great Tusk
|-end|p2a: Great Tusk|Protosynthesis|[silent]
|
|t:|1779650757
|switch|p1a: Magnezone|Magnezone|76/100|[from] U-turn
|-damage|p1a: Magnezone|63/100|[from] Spikes
|
|upkeep
|
|t:|1779650761
|switch|p2a: Iron Moth|Iron Moth, shiny|100/100
|-enditem|p2a: Iron Moth|Booster Energy
|-activate|p2a: Iron Moth|ability: Quark Drive|[fromitem]
|-start|p2a: Iron Moth|quarkdrivespa
|turn|17
|
|t:|1779650771
|move|p1a: Magnezone|Volt Switch|p2a: Iron Moth
|-damage|p2a: Iron Moth|62/100
|
|t:|1779650776
|switch|p1a: Mandibuzz|Mandibuzz, F|50/100|[from] Volt Switch
|move|p2a: Iron Moth|Fiery Dance|p1a: Mandibuzz
|-damage|p1a: Mandibuzz|0 fnt
|-boost|p2a: Iron Moth|spa|1
|faint|p1a: Mandibuzz
|
|upkeep
|
|t:|1779650784
|switch|p1a: Magnezone|Magnezone|63/100
|-damage|p1a: Magnezone|51/100|[from] Spikes
|turn|18
|
|t:|1779650789
|move|p1a: Magnezone|Thunderbolt|p2a: Iron Moth
|-damage|p2a: Iron Moth|14/100
|move|p2a: Iron Moth|Fiery Dance|p1a: Magnezone
|-supereffective|p1a: Magnezone
|-damage|p1a: Magnezone|0 fnt
|-boost|p2a: Iron Moth|spa|1
|faint|p1a: Magnezone
|
|upkeep
|
|t:|1779650792
|switch|p1a: Deoxys|Deoxys-Speed|88/100
|-damage|p1a: Deoxys|76/100|[from] Spikes
|-ability|p1a: Deoxys|Pressure
|turn|19
|
|t:|1779650799
|move|p1a: Deoxys|Cosmic Power|p1a: Deoxys
|-boost|p1a: Deoxys|def|1
|-boost|p1a: Deoxys|spd|1
|move|p2a: Iron Moth|Fiery Dance|p1a: Deoxys
|-damage|p1a: Deoxys|0 fnt
|-boost|p2a: Iron Moth|spa|1
|faint|p1a: Deoxys
|
|win|ethereallovefr
|raw|bacon+banana's rating: 1373 &rarr; <strong>1355</strong><br />(-18 for losing)
|raw|ethereallovefr's rating: 1405 &rarr; <strong>1423</strong><br />(+18 for winning)
|l|☆bacon+banana
|player|p1|
