|j|☆beastmode200
|j|☆NotreDamedelaMer
|t:|1779723778
|gametype|singles
|player|p1|beastmode200|pokemaniac|1393
|player|p2|NotreDamedelaMer|veteranf|1375
|gen|9
|tier|[Gen 9] OU
|rated|
|rule|HP Percentage Mod: HP is shown in percentages
|rule|Endless Battle Clause: Forcing endless battles is banned
|rule|Species Clause: Limit one of each Pokémon
|rule|OHKO Clause: OHKO moves are banned
|rule|Evasion Items Clause: Evasion items are banned
|rule|Evasion Moves Clause: Evasion moves are banned
|rule|Evasion Abilities Clause: Evasion abilities are banned
|rule|Sleep Moves Clause: Sleep-inducing moves are banned
|clearpoke
|poke|p1|Rillaboom, M|
|poke|p1|Ninetales, M|
|poke|p1|Heatran, F|
|poke|p1|Walking Wake|
|poke|p1|Great Tusk|
|poke|p1|Venusaur, M|
|poke|p2|Hoopa|
|poke|p2|Cinderace, F|
|poke|p2|Mandibuzz, F|
|poke|p2|Kyurem|
|poke|p2|Ting-Lu|
|poke|p2|Manaphy|
|teampreview
|inactive|Battle timer is ON: inactive players will automatically lose when time's up. (requested by NotreDamedelaMer)
|inactive|beastmode200 has 120 seconds left.
|inactive|NotreDamedelaMer has 120 seconds left.
|
|t:|1779723835
|teamsize|p1|6
|teamsize|p2|6
|start
|switch|p1a: Rillaboom|Rillaboom, M|100/100
|switch|p2a: Hoopa|Hoopa|100/100
|-fieldstart|move: Grassy Terrain|[from] ability: Grassy Surge|[of] p1a: Rillaboom
|turn|1
|
|t:|1779723852
|move|p1a: Rillaboom|Knock Off|p2a: Hoopa
|-supereffective|p2a: Hoopa
|-damage|p2a: Hoopa|0 fnt
|-enditem|p2a: Hoopa|Aguav Berry|[from] move: Knock Off|[of] p1a: Rillaboom
|faint|p2a: Hoopa
|
|upkeep
|
|t:|1779723859
|switch|p2a: Kyurem|Kyurem|100/100
|-ability|p2a: Kyurem|Pressure
|turn|2
|
|t:|1779723870
|switch|p1a: Ninetales|Ninetales, M|100/100
|-weather|SunnyDay|[from] ability: Drought|[of] p1a: Ninetales
|move|p2a: Kyurem|Earth Power|p1a: Ninetales
|-supereffective|p1a: Ninetales
|-damage|p1a: Ninetales|38/100
|
|-weather|SunnyDay|[upkeep]
|-heal|p1a: Ninetales|44/100|[from] Grassy Terrain
|upkeep
|turn|3
|
|t:|1779723890
|switch|p1a: Walking Wake|Walking Wake|100/100
|-activate|p1a: Walking Wake|ability: Protosynthesis
|-start|p1a: Walking Wake|protosynthesisspe
|move|p2a: Kyurem|Earth Power|p1a: Walking Wake
|-damage|p1a: Walking Wake|67/100
|
|-weather|SunnyDay|[upkeep]
|-heal|p1a: Walking Wake|73/100|[from] Grassy Terrain
|upkeep
|turn|4
|
|t:|1779723899
|switch|p2a: Manaphy|Manaphy|100/100
|move|p1a: Walking Wake|Draco Meteor|p2a: Manaphy|[miss]
|-miss|p1a: Walking Wake|p2a: Manaphy
|
|-weather|SunnyDay|[upkeep]
|-heal|p1a: Walking Wake|79/100|[from] Grassy Terrain
|upkeep
|turn|5
|
|t:|1779723909
|move|p1a: Walking Wake|Draco Meteor|p2a: Manaphy
|-damage|p2a: Manaphy|18/100
|-unboost|p1a: Walking Wake|spa|2
|move|p2a: Manaphy|Alluring Voice|p1a: Walking Wake
|-supereffective|p1a: Walking Wake
|-damage|p1a: Walking Wake|31/100
|
|-weather|SunnyDay|[upkeep]
|-heal|p1a: Walking Wake|38/100|[from] Grassy Terrain
|-heal|p2a: Manaphy|24/100|[from] Grassy Terrain
|-heal|p2a: Manaphy|30/100|[from] item: Leftovers
|upkeep
|turn|6
|
|t:|1779723917
|move|p1a: Walking Wake|Draco Meteor|p2a: Manaphy
|-damage|p2a: Manaphy|0 fnt
|-unboost|p1a: Walking Wake|spa|2
|faint|p2a: Manaphy
|
|-weather|SunnyDay|[upkeep]
|-heal|p1a: Walking Wake|44/100|[from] Grassy Terrain
|upkeep
|
|t:|1779723924
|switch|p2a: Cinderace|Cinderace, F|100/100
|turn|7
|
|t:|1779723933
|-end|p1a: Walking Wake|Protosynthesis|[silent]
|switch|p1a: Heatran|Heatran, F|100/100
|move|p2a: Cinderace|High Jump Kick|p1a: Heatran
|-start|p2a: Cinderace|typechange|Fighting|[from] ability: Libero
|-supereffective|p1a: Heatran
|-damage|p1a: Heatran|0 fnt
|faint|p1a: Heatran
|
|-weather|SunnyDay|[upkeep]
|upkeep
|
|t:|1779723944
|switch|p1a: Great Tusk|Great Tusk|100/100
|-activate|p1a: Great Tusk|ability: Protosynthesis
|-start|p1a: Great Tusk|protosynthesisatk
|turn|8
|
|t:|1779723954
|move|p2a: Cinderace|U-turn|p1a: Great Tusk
|-resisted|p1a: Great Tusk
|-damage|p1a: Great Tusk|92/100
|-damage|p2a: Cinderace|84/100|[from] item: Rocky Helmet|[of] p1a: Great Tusk
|
|t:|1779723957
|switch|p2a: Mandibuzz|Mandibuzz, F, shiny|100/100|[from] U-turn
|move|p1a: Great Tusk|Stealth Rock|p2a: Mandibuzz
|-sidestart|p2: NotreDamedelaMer|move: Stealth Rock
|
|-weather|SunnyDay|[upkeep]
|-heal|p1a: Great Tusk|98/100|[from] Grassy Terrain
|-fieldend|move: Grassy Terrain
|upkeep
|turn|9
|
|t:|1779723978
|-end|p1a: Great Tusk|Protosynthesis|[silent]
|switch|p1a: Rillaboom|Rillaboom, M|100/100
|-fieldstart|move: Grassy Terrain|[from] ability: Grassy Surge|[of] p1a: Rillaboom
|move|p2a: Mandibuzz|Defog|p1a: Rillaboom
|-unboost|p1a: Rillaboom|evasion|1
|-sideend|p2: NotreDamedelaMer|Stealth Rock|[from] move: Defog|[of] p2a: Mandibuzz
|-fieldend|move: Grassy Terrain
|
|-weather|none
|upkeep
|turn|10
|
|t:|1779723998
|switch|p1a: Great Tusk|Great Tusk|98/100
|move|p2a: Mandibuzz|Foul Play|p1a: Great Tusk
|-resisted|p1a: Great Tusk
|-damage|p1a: Great Tusk|79/100
|-damage|p2a: Mandibuzz|84/100|[from] item: Rocky Helmet|[of] p1a: Great Tusk
|
|upkeep
|turn|11
|
|t:|1779724011
|move|p1a: Great Tusk|Stealth Rock|p2a: Mandibuzz
|-sidestart|p2: NotreDamedelaMer|move: Stealth Rock
|move|p2a: Mandibuzz|Toxic|p1a: Great Tusk
|-status|p1a: Great Tusk|tox
|
|-damage|p1a: Great Tusk|73/100 tox|[from] psn
|upkeep
|turn|12
|inactive|beastmode200 has 120 seconds left.
|
|t:|1779724031
|move|p1a: Great Tusk|Temper Flare|p2a: Mandibuzz
|-damage|p2a: Mandibuzz|67/100
|-damage|p1a: Great Tusk|56/100 tox|[from] item: Rocky Helmet|[of] p2a: Mandibuzz
|move|p2a: Mandibuzz|Defog|p1a: Great Tusk
|-unboost|p1a: Great Tusk|evasion|1
|-sideend|p2: NotreDamedelaMer|Stealth Rock|[from] move: Defog|[of] p2a: Mandibuzz
|
|-damage|p1a: Great Tusk|44/100 tox|[from] psn
|upkeep
|turn|13
|inactive|beastmode200 has 120 seconds left.
|inactive|NotreDamedelaMer has 120 seconds left.
|inactive|beastmode200 has 90 seconds left.
|inactive|NotreDamedelaMer has 90 seconds left.
|inactive|beastmode200 has 60 seconds left.
|inactive|NotreDamedelaMer has 60 seconds left.
|inactive|NotreDamedelaMer has 30 seconds left.
|inactive|NotreDamedelaMer has 20 seconds left.
|inactive|NotreDamedelaMer has 15 seconds left.
|
|t:|1779724170
|-end|p1a: Great Tusk|Protosynthesis|[silent]
|switch|p1a: Rillaboom|Rillaboom, M|100/100
|-fieldstart|move: Grassy Terrain|[from] ability: Grassy Surge|[of] p1a: Rillaboom
|move|p2a: Mandibuzz|Roost|p2a: Mandibuzz
|-heal|p2a: Mandibuzz|100/100
|-singleturn|p2a: Mandibuzz|move: Roost
|
|upkeep
|turn|14
|inactive|NotreDamedelaMer has 25 seconds left this turn.
|inactive|NotreDamedelaMer has 20 seconds left.
|
|t:|1779724187
|move|p1a: Rillaboom|Knock Off|p2a: Mandibuzz
|-resisted|p2a: Mandibuzz
|-damage|p2a: Mandibuzz|90/100
|-damage|p1a: Rillaboom|84/100|[from] item: Rocky Helmet|[of] p2a: Mandibuzz
|-enditem|p2a: Mandibuzz|Rocky Helmet|[from] move: Knock Off|[of] p1a: Rillaboom
|move|p2a: Mandibuzz|Foul Play|p1a: Rillaboom
|-damage|p1a: Rillaboom|30/100
|
|-heal|p1a: Rillaboom|36/100|[from] Grassy Terrain
|upkeep
|turn|15
|inactive|NotreDamedelaMer has 30 seconds left this turn.
|
|t:|1779724197
|move|p1a: Rillaboom|U-turn|p2a: Mandibuzz
|-damage|p2a: Mandibuzz|75/100
|
|t:|1779724199
|switch|p1a: Ninetales|Ninetales, M|44/100|[from] U-turn
|-weather|SunnyDay|[from] ability: Drought|[of] p1a: Ninetales
|move|p2a: Mandibuzz|Foul Play|p1a: Ninetales
|-damage|p1a: Ninetales|17/100
|
|-weather|SunnyDay|[upkeep]
|-heal|p1a: Ninetales|23/100|[from] Grassy Terrain
|upkeep
|turn|16
|inactive|beastmode200 has 30 seconds left.
|
|t:|1779724230
|move|p1a: Ninetales|Encore|p2a: Mandibuzz
|-start|p2a: Mandibuzz|Encore
|move|p2a: Mandibuzz|Foul Play|p1a: Ninetales
|-damage|p1a: Ninetales|0 fnt
|faint|p1a: Ninetales
|
|-weather|SunnyDay|[upkeep]
|upkeep
|inactive|beastmode200 has 30 seconds left this turn.
|
|t:|1779724235
|switch|p1a: Venusaur|Venusaur, M|100/100
|turn|17
|inactive|beastmode200 has 30 seconds left.
|
|t:|1779724245
|switch|p2a: Cinderace|Cinderace, F|84/100
|move|p1a: Venusaur|Growth|p1a: Venusaur
|-boost|p1a: Venusaur|atk|2
|-boost|p1a: Venusaur|spa|2
|
|-weather|SunnyDay|[upkeep]
|-heal|p2a: Cinderace|90/100|[from] Grassy Terrain
|upkeep
|turn|18
|
|t:|1779724253
|switch|p2a: Mandibuzz|Mandibuzz, F, shiny|75/100
|-terastallize|p1a: Venusaur|Stellar
|move|p1a: Venusaur|Solar Beam||[still]
|-prepare|p1a: Venusaur|Solar Beam
|-anim|p1a: Venusaur|Solar Beam|p2a: Mandibuzz
|-resisted|p2a: Mandibuzz
|-damage|p2a: Mandibuzz|0 fnt
|faint|p2a: Mandibuzz
|-damage|p1a: Venusaur|91/100|[from] item: Life Orb
|
|-weather|SunnyDay|[upkeep]
|-heal|p1a: Venusaur|97/100|[from] Grassy Terrain
|upkeep
|inactive|NotreDamedelaMer has 60 seconds left.
|
|t:|1779724266
|switch|p2a: Ting-Lucifer|Ting-Lu|100/100
|-ability|p2a: Ting-Lucifer|Vessel of Ruin
|turn|19
|inactive|NotreDamedelaMer has 60 seconds left.
|
|t:|1779724277
|move|p1a: Venusaur|Solar Beam||[still]
|-prepare|p1a: Venusaur|Solar Beam
|-anim|p1a: Venusaur|Solar Beam|p2a: Ting-Lucifer
|-supereffective|p2a: Ting-Lucifer
|-damage|p2a: Ting-Lucifer|0 fnt
|faint|p2a: Ting-Lucifer
|-damage|p1a: Venusaur|87/100|[from] item: Life Orb
|
|-weather|SunnyDay|[upkeep]
|-heal|p1a: Venusaur|93/100|[from] Grassy Terrain
|upkeep
|inactive|NotreDamedelaMer has 60 seconds left.
|
|t:|1779724286
|switch|p2a: Kyurem|Kyurem|100/100
|-ability|p2a: Kyurem|Pressure
|turn|20
|
|t:|1779724306
|move|p1a: Venusaur|Sludge Bomb|p2a: Kyurem
|-damage|p2a: Kyurem|0 fnt
|faint|p2a: Kyurem
|-damage|p1a: Venusaur|83/100|[from] item: Life Orb
|
|-weather|SunnyDay|[upkeep]
|-heal|p1a: Venusaur|89/100|[from] Grassy Terrain
|-fieldend|move: Grassy Terrain
|upkeep
|
|t:|1779724310
|switch|p2a: Cinderace|Cinderace, F|90/100
|turn|21
|-message|NotreDamedelaMer forfeited.
|
|win|beastmode200
|raw|beastmode200's rating: 1393 &rarr; <strong>1412</strong><br />(+19 for winning)
|raw|NotreDamedelaMer's rating: 1375 &rarr; <strong>1356</strong><br />(-19 for losing)
|l|☆NotreDamedelaMer
|player|p2|
|l|☆beastmode200
|player|p1|
|j|☆beastmode200
|player|p1|beastmode200|pokemaniac|
