|j|☆0c3an m4n
|j|☆louwilliamzz
|t:|1779644488
|gametype|singles
|player|p1|0c3an m4n|marlon|1444
|player|p2|louwilliamzz|101|1504
|gen|9
|tier|[Gen 9] OU
|rated|
|rule|HP Percentage Mod: HP is shown in percentages
|rule|Endless Battle Clause: Forcing endless battles is banned
|rule|Species Clause: Limit one of each Pokémon
|rule|OHKO Clause: OHKO moves are banned
|rule|Evasion Items Clause: Evasion items are banned
|rule|Evasion Moves Clause: Evasion moves are banned
|rule|Evasion Abilities Clause: Evasion abilities are banned
|rule|Sleep Moves Clause: Sleep-inducing moves are banned
|clearpoke
|poke|p1|Quaquaval, M|
|poke|p1|Barraskewda, M|
|poke|p1|Pelipper, M|
|poke|p1|Slither Wing|
|poke|p1|Hatterene, F|
|poke|p1|Crawdaunt, M|
|poke|p2|Cinderace, M|
|poke|p2|Chesnaught, M|
|poke|p2|Gholdengo|
|poke|p2|Primarina, F|
|poke|p2|Ting-Lu|
|poke|p2|Salamence, M|
|teampreview
|
|t:|1779644516
|teamsize|p1|6
|teamsize|p2|6
|start
|switch|p1a: El papu|Slither Wing, shiny|100/100
|switch|p2a: Gholdengo|Gholdengo|100/100
|turn|1
|inactive|Battle timer is ON: inactive players will automatically lose when time's up. (requested by louwilliamzz)
|
|t:|1779644541
|switch|p2a: Salamence|Salamence, M|100/100
|-ability|p2a: Salamence|Intimidate|boost
|-unboost|p1a: El papu|atk|1
|move|p1a: El papu|U-turn|p2a: Salamence
|-resisted|p2a: Salamence
|-damage|p2a: Salamence|74/100
|
|t:|1779644546
|-end|p1a: El papu|Protosynthesis|[silent]
|switch|p1a: Si|Hatterene, F, shiny|100/100|[from] U-turn
|
|upkeep
|turn|2
|
|t:|1779644555
|switch|p2a: Gholdengo|Gholdengo|100/100
|move|p1a: Si|Nuzzle|p2a: Gholdengo
|-damage|p2a: Gholdengo|95/100
|-status|p2a: Gholdengo|par
|
|upkeep
|turn|3
|
|t:|1779644560
|move|p2a: Gholdengo|Trick|p1a: Si
|-activate|p2a: Gholdengo|move: Trick|[of] p1a: Si
|-item|p1a: Si|Choice Scarf|[from] move: Trick
|-item|p2a: Gholdengo|Assault Vest|[from] move: Trick
|move|p1a: Si|Mystical Fire|p2a: Gholdengo
|-supereffective|p2a: Gholdengo
|-damage|p2a: Gholdengo|48/100 par
|-unboost|p2a: Gholdengo|spa|1
|
|upkeep
|turn|4
|
|t:|1779644568
|move|p2a: Gholdengo|Make It Rain|p1a: Si
|-supereffective|p1a: Si
|-damage|p1a: Si|15/100
|-unboost|p2a: Gholdengo|spa|1
|move|p1a: Si|Mystical Fire|p2a: Gholdengo
|-supereffective|p2a: Gholdengo
|-damage|p2a: Gholdengo|0 fnt
|faint|p2a: Gholdengo
|
|upkeep
|
|t:|1779644579
|switch|p2a: Primarina|Primarina, F, shiny|100/100
|turn|5
|
|t:|1779644589
|move|p2a: Primarina|Moonblast|p1a: Si
|-damage|p1a: Si|0 fnt
|faint|p1a: Si
|
|upkeep
|
|t:|1779644594
|switch|p1a: Sphyraena (Fih) 🐟|Barraskewda, M, shiny|100/100
|turn|6
|
|t:|1779644598
|switch|p2a: Chesnaught|Chesnaught, M, shiny|100/100
|move|p1a: Sphyraena (Fih) 🐟|Flip Turn|p2a: Chesnaught
|-resisted|p2a: Chesnaught
|-damage|p2a: Chesnaught|87/100
|-damage|p1a: Sphyraena (Fih) 🐟|84/100|[from] item: Rocky Helmet|[of] p2a: Chesnaught
|
|t:|1779644604
|switch|p1a: Risk of what?|Pelipper, M, shiny|100/100|[from] Flip Turn
|-weather|RainDance|[from] ability: Drizzle|[of] p1a: Risk of what?
|
|-weather|RainDance|[upkeep]
|upkeep
|turn|7
|
|t:|1779644613
|switch|p2a: Primarina|Primarina, F, shiny|100/100
|move|p1a: Risk of what?|U-turn|p2a: Primarina
|-resisted|p2a: Primarina
|-damage|p2a: Primarina|95/100
|
|t:|1779644616
|switch|p1a: Sphyraena (Fih) 🐟|Barraskewda, M, shiny|84/100|[from] U-turn
|
|-weather|RainDance|[upkeep]
|upkeep
|turn|8
|
|t:|1779644620
|switch|p2a: Chesnaught|Chesnaught, M, shiny|87/100
|move|p1a: Sphyraena (Fih) 🐟|Poison Jab|p2a: Chesnaught
|-supereffective|p2a: Chesnaught
|-damage|p2a: Chesnaught|36/100
|-status|p2a: Chesnaught|psn
|-damage|p1a: Sphyraena (Fih) 🐟|68/100|[from] item: Rocky Helmet|[of] p2a: Chesnaught
|
|-weather|RainDance|[upkeep]
|-damage|p2a: Chesnaught|24/100 psn|[from] psn
|upkeep
|turn|9
|
|t:|1779644629
|switch|p1a: El papu|Slither Wing, shiny|100/100
|-terastallize|p2a: Chesnaught|Ghost
|move|p2a: Chesnaught|Wood Hammer|p1a: El papu
|-resisted|p1a: El papu
|-damage|p1a: El papu|73/100
|-damage|p2a: Chesnaught|16/100 psn|[from] Recoil
|
|-weather|RainDance|[upkeep]
|-damage|p2a: Chesnaught|3/100 psn|[from] psn
|upkeep
|turn|10
|
|t:|1779644637
|move|p1a: El papu|U-turn|p2a: Chesnaught
|-resisted|p2a: Chesnaught
|-damage|p2a: Chesnaught|0 fnt
|-damage|p1a: El papu|56/100|[from] item: Rocky Helmet|[of] p2a: Chesnaught
|faint|p2a: Chesnaught
|
|t:|1779644642
|-end|p1a: El papu|Protosynthesis|[silent]
|switch|p1a: Apernao 🔥|Crawdaunt, M, shiny|100/100|[from] U-turn
|
|-weather|RainDance|[upkeep]
|upkeep
|
|t:|1779644652
|switch|p2a: Primarina|Primarina, F, shiny|95/100
|turn|11
|
|t:|1779644658
|move|p1a: Apernao 🔥|Crabhammer|p2a: Primarina
|-resisted|p2a: Primarina
|-damage|p2a: Primarina|21/100
|move|p2a: Primarina|Moonblast|p1a: Apernao 🔥
|-supereffective|p1a: Apernao 🔥
|-enditem|p1a: Apernao 🔥|Focus Sash
|-damage|p1a: Apernao 🔥|1/100
|
|-weather|RainDance|[upkeep]
|upkeep
|turn|12
|
|t:|1779644672
|move|p1a: Apernao 🔥|Knock Off|p2a: Primarina
|-resisted|p2a: Primarina
|-crit|p2a: Primarina
|-damage|p2a: Primarina|0 fnt
|-enditem|p2a: Primarina|Assault Vest|[from] move: Knock Off|[of] p1a: Apernao 🔥
|faint|p2a: Primarina
|
|-weather|RainDance|[upkeep]
|upkeep
|
|t:|1779644679
|switch|p2a: Salamence|Salamence, M|74/100
|-ability|p2a: Salamence|Intimidate|boost
|-unboost|p1a: Apernao 🔥|atk|1
|turn|13
|
|t:|1779644690
|move|p2a: Salamence|Dual Wingbeat|p1a: Apernao 🔥
|-damage|p1a: Apernao 🔥|0 fnt
|faint|p1a: Apernao 🔥
|-hitcount|p1: Apernao 🔥|1
|
|-weather|none
|upkeep
|
|t:|1779644693
|switch|p1a: Risk of what?|Pelipper, M, shiny|100/100
|-weather|RainDance|[from] ability: Drizzle|[of] p1a: Risk of what?
|turn|14
|
|t:|1779644705
|switch|p2a: Ting-Lu|Ting-Lu, shiny|100/100
|-ability|p2a: Ting-Lu|Vessel of Ruin
|move|p1a: Risk of what?|Icy Wind|p2a: Ting-Lu
|-supereffective|p2a: Ting-Lu
|-damage|p2a: Ting-Lu|90/100
|-unboost|p2a: Ting-Lu|spe|1
|
|-weather|RainDance|[upkeep]
|-heal|p2a: Ting-Lu|96/100|[from] item: Leftovers
|upkeep
|turn|15
|
|t:|1779644722
|move|p1a: Risk of what?|U-turn|p2a: Ting-Lu
|-supereffective|p2a: Ting-Lu
|-damage|p2a: Ting-Lu|85/100
|
|t:|1779644724
|switch|p1a: Berdly|Quaquaval, M, shiny|100/100|[from] U-turn
|move|p2a: Ting-Lu|Ruination|p1a: Berdly
|-damage|p1a: Berdly|51/100
|
|-weather|RainDance|[upkeep]
|-heal|p2a: Ting-Lu|92/100|[from] item: Leftovers
|upkeep
|turn|16
|
|t:|1779644752
|move|p1a: Berdly|Aqua Step|p2a: Ting-Lu
|-supereffective|p2a: Ting-Lu
|-damage|p2a: Ting-Lu|30/100
|-boost|p1a: Berdly|spe|1
|move|p2a: Ting-Lu|Earthquake|p1a: Berdly
|-damage|p1a: Berdly|5/100
|
|-weather|RainDance|[upkeep]
|-heal|p2a: Ting-Lu|37/100|[from] item: Leftovers
|upkeep
|turn|17
|inactive|louwilliamzz has 120 seconds left.
|
|t:|1779644773
|move|p1a: Berdly|Aqua Step|p2a: Ting-Lu
|-supereffective|p2a: Ting-Lu
|-damage|p2a: Ting-Lu|0 fnt
|-boost|p1a: Berdly|spe|1
|faint|p2a: Ting-Lu
|-ability|p1a: Berdly|Moxie|boost
|-boost|p1a: Berdly|atk|1
|
|-weather|RainDance|[upkeep]
|upkeep
|
|t:|1779644776
|switch|p2a: Salamence|Salamence, M|74/100
|-ability|p2a: Salamence|Intimidate|boost
|-unboost|p1a: Berdly|atk|1
|turn|18
|inactive|louwilliamzz has 120 seconds left.
|inactive|0c3an m4n has 120 seconds left.
|
|t:|1779644821
|move|p1a: Berdly|Aqua Step|p2a: Salamence
|-resisted|p2a: Salamence
|-damage|p2a: Salamence|36/100
|-boost|p1a: Berdly|spe|1
|move|p2a: Salamence|Earthquake|p1a: Berdly
|-damage|p1a: Berdly|0 fnt
|faint|p1a: Berdly
|
|-weather|RainDance|[upkeep]
|upkeep
|
|t:|1779644829
|switch|p1a: Sphyraena (Fih) 🐟|Barraskewda, M, shiny|68/100
|turn|19
|
|t:|1779644841
|-terastallize|p1a: Sphyraena (Fih) 🐟|Water
|move|p1a: Sphyraena (Fih) 🐟|Liquidation|p2a: Salamence
|-resisted|p2a: Salamence
|-damage|p2a: Salamence|0 fnt
|faint|p2a: Salamence
|
|-weather|RainDance|[upkeep]
|upkeep
|
|t:|1779644845
|switch|p2a: Cinderace|Cinderace, M|100/100
|turn|20
|
|t:|1779644852
|move|p1a: Sphyraena (Fih) 🐟|Liquidation|p2a: Cinderace
|-supereffective|p2a: Cinderace
|-damage|p2a: Cinderace|0 fnt
|faint|p2a: Cinderace
|
|win|0c3an m4n
|raw|0c3an m4n's rating: 1444 &rarr; <strong>1467</strong><br />(+23 for winning)
|raw|louwilliamzz's rating: 1504 &rarr; <strong>1481</strong><br />(-23 for losing)
|l|☆louwilliamzz
|player|p2|
