|j|☆FavoriteElectivire
|j|☆hirovhs
|t:|1779715116
|gametype|singles
|player|p1|FavoriteElectivire|volkner|1099
|player|p2|hirovhs|2|1000
|gen|9
|tier|[Gen 9] OU
|rated|
|rule|HP Percentage Mod: HP is shown in percentages
|rule|Endless Battle Clause: Forcing endless battles is banned
|rule|Species Clause: Limit one of each Pokémon
|rule|OHKO Clause: OHKO moves are banned
|rule|Evasion Items Clause: Evasion items are banned
|rule|Evasion Moves Clause: Evasion moves are banned
|rule|Evasion Abilities Clause: Evasion abilities are banned
|rule|Sleep Moves Clause: Sleep-inducing moves are banned
|clearpoke
|poke|p1|Electivire, M|
|poke|p1|Infernape, M|
|poke|p1|Greninja-*, M|
|poke|p1|Iron Valiant|
|poke|p1|Garchomp, M|
|poke|p1|Lucario, M|
|poke|p2|Serperior, M|
|poke|p2|Gliscor, M|
|poke|p2|Conkeldurr, M|
|poke|p2|Raikou|
|poke|p2|Scizor, M|
|poke|p2|Ceruledge, M|
|teampreview
|inactive|Battle timer is ON: inactive players will automatically lose when time's up. (requested by FavoriteElectivire)
|
|t:|1779715126
|teamsize|p1|6
|teamsize|p2|6
|start
|switch|p1a: Aura Cario|Lucario, M|100/100
|switch|p2a: ¡¡ YORUICHI !!|Raikou|100/100
|-ability|p2a: ¡¡ YORUICHI !!|Pressure
|turn|1
|
|t:|1779715142
|move|p2a: ¡¡ YORUICHI !!|Aura Sphere|p1a: Aura Cario
|-supereffective|p1a: Aura Cario
|-damage|p1a: Aura Cario|0 fnt
|faint|p1a: Aura Cario
|
|upkeep
|
|t:|1779715148
|switch|p1a: Draco Rage|Garchomp, M|100/100
|turn|2
|inactive|hirovhs has 120 seconds left.
|
|t:|1779715185
|switch|p2a: ¿¿ RAYQUAZA ??|Serperior, M, shiny|100/100
|move|p1a: Draco Rage|Swords Dance|p1a: Draco Rage
|-boost|p1a: Draco Rage|atk|2
|
|upkeep
|turn|3
|inactive|hirovhs has 120 seconds left.
|
|t:|1779715195
|move|p1a: Draco Rage|Scale Shot|p2a: ¿¿ RAYQUAZA ??
|-damage|p2a: ¿¿ RAYQUAZA ??|61/100
|-damage|p2a: ¿¿ RAYQUAZA ??|18/100
|-hitcount|p2a: ¿¿ RAYQUAZA ??|2
|-unboost|p1a: Draco Rage|def|1
|-boost|p1a: Draco Rage|spe|1
|-damage|p1a: Draco Rage|91/100|[from] item: Life Orb
|move|p2a: ¿¿ RAYQUAZA ??|Dragon Pulse|p1a: Draco Rage
|-supereffective|p1a: Draco Rage
|-damage|p1a: Draco Rage|44/100
|
|-heal|p2a: ¿¿ RAYQUAZA ??|24/100|[from] item: Leftovers
|upkeep
|turn|4
|inactive|hirovhs has 120 seconds left.
|
|t:|1779715210
|-terastallize|p2a: ¿¿ RAYQUAZA ??|Ice
|move|p1a: Draco Rage|Earthquake|p2a: ¿¿ RAYQUAZA ??
|-damage|p2a: ¿¿ RAYQUAZA ??|0 fnt
|faint|p2a: ¿¿ RAYQUAZA ??
|-damage|p1a: Draco Rage|34/100|[from] item: Life Orb
|
|upkeep
|
|t:|1779715222
|switch|p2a: ¡¡ YORUICHI !!|Raikou|100/100
|-ability|p2a: ¡¡ YORUICHI !!|Pressure
|turn|5
|
|t:|1779715227
|move|p1a: Draco Rage|Earthquake|p2a: ¡¡ YORUICHI !!
|-supereffective|p2a: ¡¡ YORUICHI !!
|-damage|p2a: ¡¡ YORUICHI !!|0 fnt
|faint|p2a: ¡¡ YORUICHI !!
|-damage|p1a: Draco Rage|24/100|[from] item: Life Orb
|
|upkeep
|
|t:|1779715231
|switch|p2a: " NUE "|Gliscor, M|100/100
|turn|6
|
|t:|1779715236
|move|p1a: Draco Rage|Scale Shot|p2a: " NUE "
|-damage|p2a: " NUE "|74/100
|-damage|p2a: " NUE "|47/100
|-hitcount|p2a: " NUE "|2
|-unboost|p1a: Draco Rage|def|1
|-boost|p1a: Draco Rage|spe|1
|-damage|p1a: Draco Rage|14/100|[from] item: Life Orb
|move|p2a: " NUE "|Earthquake|p1a: Draco Rage
|-damage|p1a: Draco Rage|0 fnt
|faint|p1a: Draco Rage
|
|-status|p2a: " NUE "|tox|[from] item: Toxic Orb
|upkeep
|
|t:|1779715248
|switch|p1a: Electro Bolt|Electivire, M|100/100
|turn|7
|
|t:|1779715272
|-terastallize|p1a: Electro Bolt|Flying
|move|p1a: Electro Bolt|Bulk Up|p1a: Electro Bolt
|-boost|p1a: Electro Bolt|atk|1
|-boost|p1a: Electro Bolt|def|1
|move|p2a: " NUE "|Earthquake|p1a: Electro Bolt
|-immune|p1a: Electro Bolt
|
|-heal|p2a: " NUE "|60/100 tox|[from] ability: Poison Heal
|upkeep
|turn|8
|
|t:|1779715278
|move|p1a: Electro Bolt|Ice Punch|p2a: " NUE "
|-supereffective|p2a: " NUE "
|-damage|p2a: " NUE "|0 fnt
|faint|p2a: " NUE "
|-damage|p1a: Electro Bolt|91/100|[from] item: Life Orb
|
|upkeep
|
|t:|1779715293
|switch|p2a: - MOSQUITO -|Scizor, M|100/100
|turn|9
|
|t:|1779715297
|move|p2a: - MOSQUITO -|Bullet Punch|p1a: Electro Bolt
|-damage|p1a: Electro Bolt|53/100
|move|p1a: Electro Bolt|Wild Charge|p2a: - MOSQUITO -
|-damage|p2a: - MOSQUITO -|13/100
|-damage|p1a: Electro Bolt|29/100|[from] Recoil
|-damage|p1a: Electro Bolt|19/100|[from] item: Life Orb
|
|-heal|p2a: - MOSQUITO -|19/100|[from] item: Leftovers
|upkeep
|turn|10
|
|t:|1779715308
|move|p2a: - MOSQUITO -|Bullet Punch|p1a: Electro Bolt
|-damage|p1a: Electro Bolt|0 fnt
|faint|p1a: Electro Bolt
|
|-heal|p2a: - MOSQUITO -|25/100|[from] item: Leftovers
|upkeep
|
|t:|1779715312
|switch|p1a: Inferno Blitz|Infernape, M|100/100
|turn|11
|
|t:|1779715316
|move|p1a: Inferno Blitz|Swords Dance|p1a: Inferno Blitz
|-boost|p1a: Inferno Blitz|atk|2
|move|p2a: - MOSQUITO -|Close Combat|p1a: Inferno Blitz
|-damage|p1a: Inferno Blitz|35/100
|-unboost|p2a: - MOSQUITO -|def|1
|-unboost|p2a: - MOSQUITO -|spd|1
|
|-heal|p2a: - MOSQUITO -|31/100|[from] item: Leftovers
|upkeep
|turn|12
|
|t:|1779715331
|switch|p2a: • NAOYA •|Ceruledge, M, shiny|100/100
|move|p1a: Inferno Blitz|Close Combat|p2a: • NAOYA •
|-immune|p2a: • NAOYA •
|
|upkeep
|turn|13
|
|t:|1779715342
|move|p2a: • NAOYA •|Shadow Sneak|p1a: Inferno Blitz
|-damage|p1a: Inferno Blitz|4/100
|move|p1a: Inferno Blitz|Thunder Punch|p2a: • NAOYA •
|-damage|p2a: • NAOYA •|22/100
|-ability|p2a: • NAOYA •|Weak Armor|boost
|-unboost|p2a: • NAOYA •|def|1
|-boost|p2a: • NAOYA •|spe|2
|-damage|p1a: Inferno Blitz|0 fnt|[from] item: Life Orb
|faint|p1a: Inferno Blitz
|
|upkeep
|
|t:|1779715349
|switch|p1a: Hydro Shuriken|Greninja, M|100/100
|turn|14
|
|t:|1779715360
|move|p1a: Hydro Shuriken|Water Shuriken|p2a: • NAOYA •
|-supereffective|p2a: • NAOYA •
|-damage|p2a: • NAOYA •|5/100
|-supereffective|p2a: • NAOYA •
|-damage|p2a: • NAOYA •|0 fnt
|faint|p2a: • NAOYA •
|-ability|p1a: Hydro Shuriken|Battle Bond|boost
|-boost|p1a: Hydro Shuriken|atk|1
|-boost|p1a: Hydro Shuriken|spa|1
|-boost|p1a: Hydro Shuriken|spe|1
|-activate|p1a: Hydro Shuriken|ability: Battle Bond
|-hitcount|p2: • NAOYA •|2
|-damage|p1a: Hydro Shuriken|91/100|[from] item: Life Orb
|
|upkeep
|
|t:|1779715376
|switch|p2a: - MOSQUITO -|Scizor, M|31/100
|turn|15
|
|t:|1779715380
|move|p1a: Hydro Shuriken|Water Shuriken|p2a: - MOSQUITO -
|-damage|p2a: - MOSQUITO -|15/100
|-damage|p2a: - MOSQUITO -|0 fnt
|faint|p2a: - MOSQUITO -
|-hitcount|p2: - MOSQUITO -|2
|-damage|p1a: Hydro Shuriken|81/100|[from] item: Life Orb
|
|upkeep
|
|t:|1779715382
|switch|p2a: ¡¿ MAHORAGA !?|Conkeldurr, M|100/100
|turn|16
|
|t:|1779715387
|move|p1a: Hydro Shuriken|Water Shuriken|p2a: ¡¿ MAHORAGA !?
|-damage|p2a: ¡¿ MAHORAGA !?|88/100
|-damage|p2a: ¡¿ MAHORAGA !?|76/100
|-damage|p2a: ¡¿ MAHORAGA !?|63/100
|-hitcount|p2a: ¡¿ MAHORAGA !?|3
|-damage|p1a: Hydro Shuriken|71/100|[from] item: Life Orb
|move|p2a: ¡¿ MAHORAGA !?|Hammer Arm|p1a: Hydro Shuriken
|-supereffective|p1a: Hydro Shuriken
|-crit|p1a: Hydro Shuriken
|-damage|p1a: Hydro Shuriken|0 fnt
|-unboost|p2a: ¡¿ MAHORAGA !?|spe|1
|faint|p1a: Hydro Shuriken
|
|-status|p2a: ¡¿ MAHORAGA !?|brn|[from] item: Flame Orb
|upkeep
|
|t:|1779715391
|switch|p1a: Aura Blade|Iron Valiant|100/100
|-enditem|p1a: Aura Blade|Booster Energy
|-activate|p1a: Aura Blade|ability: Quark Drive|[fromitem]
|-start|p1a: Aura Blade|quarkdrivespe
|turn|17
|
|t:|1779715400
|move|p1a: Aura Blade|Spirit Break|p2a: ¡¿ MAHORAGA !?
|-supereffective|p2a: ¡¿ MAHORAGA !?
|-damage|p2a: ¡¿ MAHORAGA !?|0 fnt
|faint|p2a: ¡¿ MAHORAGA !?
|
|win|FavoriteElectivire
|raw|FavoriteElectivire's rating: 1099 &rarr; <strong>1117</strong><br />(+18 for winning)
|raw|hirovhs's rating: 1000 &rarr; <strong>1000</strong><br />(+0 for losing)
|l|☆hirovhs
|player|p2|
