|j|☆otsuke
|j|☆greynolabar
|t:|1779556566
|gametype|singles
|player|p1|otsuke|shadowtriad|1315
|player|p2|greynolabar|brock|1343
|gen|9
|tier|[Gen 9] OU
|rated|
|rule|HP Percentage Mod: HP is shown in percentages
|rule|Endless Battle Clause: Forcing endless battles is banned
|rule|Species Clause: Limit one of each Pokémon
|rule|OHKO Clause: OHKO moves are banned
|rule|Evasion Items Clause: Evasion items are banned
|rule|Evasion Moves Clause: Evasion moves are banned
|rule|Evasion Abilities Clause: Evasion abilities are banned
|rule|Sleep Moves Clause: Sleep-inducing moves are banned
|clearpoke
|poke|p1|Kleavor, F|
|poke|p1|Torkoal, F|
|poke|p1|Trevenant, F|
|poke|p1|Glimmora, F|
|poke|p1|Greninja-*, M|
|poke|p1|Espeon, M|
|poke|p2|Skeledirge, M|
|poke|p2|Serperior, F|
|poke|p2|Ditto|
|poke|p2|Malamar, F|
|poke|p2|Azumarill, F|
|poke|p2|Corviknight, M|
|teampreview
|inactive|Battle timer is ON: inactive players will automatically lose when time's up. (requested by greynolabar)
|
|t:|1779556574
|teamsize|p1|6
|teamsize|p2|6
|start
|switch|p1a: Glick|Glimmora, F|100/100
|switch|p2a: Serperior|Serperior, F|100/100
|turn|1
|
|t:|1779556581
|switch|p2a: Corviknight|Corviknight, M|100/100
|move|p1a: Glick|Mortal Spin|p2a: Corviknight
|-immune|p2a: Corviknight
|
|upkeep
|turn|2
|
|t:|1779556592
|switch|p1a: Fire Storm|Torkoal, F|100/100
|-weather|SunnyDay|[from] ability: Drought|[of] p1a: Fire Storm
|move|p2a: Corviknight|Nasty Plot|p2a: Corviknight
|-boost|p2a: Corviknight|spa|2
|
|-weather|SunnyDay|[upkeep]
|upkeep
|turn|3
|
|t:|1779556605
|-terastallize|p2a: Corviknight|Flying
|move|p2a: Corviknight|Air Slash|p1a: Fire Storm
|-damage|p1a: Fire Storm|0 fnt
|faint|p1a: Fire Storm
|
|-weather|SunnyDay|[upkeep]
|upkeep
|
|t:|1779556617
|switch|p1a: Kane|Kleavor, F|100/100
|turn|4
|
|t:|1779556631
|move|p1a: Kane|Stone Axe|p2a: Corviknight
|-supereffective|p2a: Corviknight
|-damage|p2a: Corviknight|3/100
|-sidestart|p2: greynolabar|move: Stealth Rock
|move|p2a: Corviknight|Air Slash|p1a: Kane
|-crit|p1a: Kane
|-damage|p1a: Kane|0 fnt
|faint|p1a: Kane
|
|-weather|SunnyDay|[upkeep]
|upkeep
|
|t:|1779556644
|switch|p1a: Gank|Greninja, M|100/100
|turn|5
|
|t:|1779556652
|move|p1a: Gank|Ice Beam|p2a: Corviknight
|-supereffective|p2a: Corviknight
|-damage|p2a: Corviknight|0 fnt
|faint|p2a: Corviknight
|-ability|p1a: Gank|Battle Bond|boost
|-boost|p1a: Gank|atk|1
|-boost|p1a: Gank|spa|1
|-boost|p1a: Gank|spe|1
|-activate|p1a: Gank|ability: Battle Bond
|
|-weather|SunnyDay|[upkeep]
|upkeep
|
|t:|1779556664
|switch|p2a: Ditto|Ditto|100/100
|-damage|p2a: Ditto|88/100|[from] Stealth Rock
|-transform|p2a: Ditto|p1a: Gank|[from] ability: Imposter
|turn|6
|
|t:|1779556685
|move|p2a: Ditto|Sludge Wave|p1a: Gank
|-damage|p1a: Gank|39/100
|move|p1a: Gank|Sludge Wave|p2a: Ditto
|-damage|p2a: Ditto|24/100
|
|-weather|none
|upkeep
|turn|7
|
|t:|1779556697
|move|p2a: Ditto|Sludge Wave|p1a: Gank
|-damage|p1a: Gank|0 fnt
|faint|p1a: Gank
|
|upkeep
|
|t:|1779556707
|switch|p1a: Nitequil|Espeon, M|100/100
|turn|8
|
|t:|1779556737
|move|p2a: Ditto|Sludge Wave|p1a: Nitequil
|-damage|p1a: Nitequil|41/100
|move|p1a: Nitequil|Dazzling Gleam|p2a: Ditto
|-supereffective|p2a: Ditto
|-damage|p2a: Ditto|0 fnt
|faint|p2a: Ditto
|
|upkeep
|inactive|greynolabar has 120 seconds left.
|
|t:|1779556757
|switch|p2a: Serperior|Serperior, F|100/100
|-damage|p2a: Serperior|88/100|[from] Stealth Rock
|turn|9
|
|t:|1779556771
|move|p1a: Nitequil|Future Sight|p2a: Serperior
|-start|p1a: Nitequil|move: Future Sight
|move|p2a: Serperior|Light Screen|p2a: Serperior
|-sidestart|p2: greynolabar|move: Light Screen
|
|upkeep
|turn|10
|
|t:|1779556778
|move|p1a: Nitequil|Thunder Wave|p2a: Serperior
|-status|p2a: Serperior|par
|move|p2a: Serperior|Reflect|p2a: Serperior
|-sidestart|p2: greynolabar|Reflect
|
|upkeep
|turn|11
|
|t:|1779556786
|switch|p2a: Ursula|Malamar, F|100/100
|-damage|p2a: Ursula|88/100|[from] Stealth Rock
|move|p1a: Nitequil|Dazzling Gleam|p2a: Ursula
|-supereffective|p2a: Ursula
|-damage|p2a: Ursula|65/100
|
|-end|p2a: Ursula|move: Future Sight
|-immune|p2a: Ursula
|-heal|p2a: Ursula|72/100|[from] item: Leftovers
|upkeep
|turn|12
|
|t:|1779556798
|switch|p1a: Glick|Glimmora, F|100/100
|move|p2a: Ursula|Knock Off|p1a: Glick
|-damage|p1a: Glick|62/100
|-activate|p1a: Glick|ability: Toxic Debris
|-sidestart|p2: greynolabar|move: Toxic Spikes
|-enditem|p1a: Glick|Focus Sash|[from] move: Knock Off|[of] p2a: Ursula
|
|-heal|p2a: Ursula|78/100|[from] item: Leftovers
|upkeep
|turn|13
|
|t:|1779556812
|move|p1a: Glick|Mortal Spin|p2a: Ursula
|-damage|p2a: Ursula|74/100
|-status|p2a: Ursula|psn
|move|p2a: Ursula|Superpower|p1a: Glick
|-damage|p1a: Glick|31/100
|-boost|p2a: Ursula|atk|1
|-boost|p2a: Ursula|def|1
|-activate|p1a: Glick|ability: Toxic Debris
|-sidestart|p2: greynolabar|move: Toxic Spikes
|
|-heal|p2a: Ursula|81/100 psn|[from] item: Leftovers
|-damage|p2a: Ursula|68/100 psn|[from] psn
|upkeep
|turn|14
|
|t:|1779556826
|move|p1a: Glick|Earth Power|p2a: Ursula
|-damage|p2a: Ursula|56/100 psn
|move|p2a: Ursula|Rest|p2a: Ursula
|-status|p2a: Ursula|slp|[from] move: Rest
|-heal|p2a: Ursula|100/100 slp|[silent]
|
|upkeep
|turn|15
|
|t:|1779556843
|switch|p1a: Cursed Roots|Trevenant, F|100/100
|cant|p2a: Ursula|slp
|move|p2a: Ursula|Sleep Talk|p2a: Ursula
|move|p2a: Ursula|Superpower|p1a: Cursed Roots|[from] move: Sleep Talk
|-immune|p1a: Cursed Roots
|
|upkeep
|turn|16
|
|t:|1779556852
|cant|p2a: Ursula|slp
|move|p2a: Ursula|Sleep Talk|p2a: Ursula
|move|p2a: Ursula|Knock Off|p1a: Cursed Roots|[from] move: Sleep Talk
|-supereffective|p1a: Cursed Roots
|-damage|p1a: Cursed Roots|0 fnt
|-enditem|p1a: Cursed Roots|Sitrus Berry|[from] move: Knock Off|[of] p2a: Ursula
|faint|p1a: Cursed Roots
|
|-sideend|p2: greynolabar|move: Light Screen
|upkeep
|
|t:|1779556865
|switch|p1a: Nitequil|Espeon, M|41/100
|turn|17
|
|t:|1779556869
|move|p1a: Nitequil|Dazzling Gleam|p2a: Ursula
|-supereffective|p2a: Ursula
|-damage|p2a: Ursula|56/100 slp
|-curestatus|p2a: Ursula|slp|[msg]
|move|p2a: Ursula|Knock Off|p1a: Nitequil
|-supereffective|p1a: Nitequil
|-damage|p1a: Nitequil|0 fnt
|-enditem|p1a: Nitequil|Focus Sash|[from] move: Knock Off|[of] p2a: Ursula
|faint|p1a: Nitequil
|
|-heal|p2a: Ursula|62/100|[from] item: Leftovers
|-sideend|p2: greynolabar|Reflect
|upkeep
|
|t:|1779556882
|switch|p1a: Glick|Glimmora, F|31/100
|turn|18
|
|t:|1779556887
|-terastallize|p1a: Glick|Rock
|move|p1a: Glick|Power Gem|p2a: Ursula
|-damage|p2a: Ursula|21/100
|move|p2a: Ursula|Superpower|p1a: Glick
|-supereffective|p1a: Glick
|-damage|p1a: Glick|0 fnt
|-boost|p2a: Ursula|atk|1
|-boost|p2a: Ursula|def|1
|faint|p1a: Glick
|
|win|greynolabar
|raw|otsuke's rating: 1315 &rarr; <strong>1297</strong><br />(-18 for losing)
|raw|greynolabar's rating: 1343 &rarr; <strong>1361</strong><br />(+18 for winning)
|l|☆otsuke
|player|p1|
|l|☆greynolabar
|player|p2|
