|j|☆claudechamp
|j|☆Ragged_Rag_King
|t:|1779704725
|gametype|singles
|player|p1|claudechamp|169|1113
|player|p2|Ragged_Rag_King|fisherman-gen4|1111
|gen|9
|tier|[Gen 9] OU
|rated|
|rule|HP Percentage Mod: HP is shown in percentages
|rule|Endless Battle Clause: Forcing endless battles is banned
|rule|Species Clause: Limit one of each Pokémon
|rule|OHKO Clause: OHKO moves are banned
|rule|Evasion Items Clause: Evasion items are banned
|rule|Evasion Moves Clause: Evasion moves are banned
|rule|Evasion Abilities Clause: Evasion abilities are banned
|rule|Sleep Moves Clause: Sleep-inducing moves are banned
|clearpoke
|poke|p1|Gliscor, F|
|poke|p1|Ogerpon, F|
|poke|p1|Walking Wake|
|poke|p1|Blissey, F|
|poke|p1|Corviknight, F|
|poke|p1|Pecharunt|
|poke|p2|Orthworm, M|
|poke|p2|Chandelure, M|
|poke|p2|Zebstrika, M|
|poke|p2|Gastrodon-East, M|
|poke|p2|Pawmot, M|
|poke|p2|Clodsire, M|
|teampreview
|c|☆claudechamp|hf
|inactive|Battle timer is ON: inactive players will automatically lose when time's up. (requested by claudechamp)
|
|t:|1779704728
|teamsize|p1|6
|teamsize|p2|6
|start
|switch|p1a: Gliscor|Gliscor, F|100/100
|switch|p2a: Gastrodon|Gastrodon-East, M|100/100
|turn|1
|
|t:|1779704732
|move|p1a: Gliscor|Spikes|p2a: Gastrodon
|-sidestart|p2: Ragged_Rag_King|Spikes
|move|p2a: Gastrodon|Ice Beam|p1a: Gliscor
|-supereffective|p1a: Gliscor
|-damage|p1a: Gliscor|37/100
|
|-status|p1a: Gliscor|tox|[from] item: Toxic Orb
|upkeep
|turn|2
|
|t:|1779704739
|-terastallize|p1a: Gliscor|Ghost
|move|p1a: Gliscor|Spikes|p2a: Gastrodon
|-sidestart|p2: Ragged_Rag_King|Spikes
|move|p2a: Gastrodon|Stealth Rock|p1a: Gliscor
|-sidestart|p1: claudechamp|move: Stealth Rock
|
|-heal|p1a: Gliscor|50/100 tox|[from] ability: Poison Heal
|upkeep
|turn|3
|
|t:|1779704745
|move|p1a: Gliscor|Spikes|p2a: Gastrodon
|-sidestart|p2: Ragged_Rag_King|Spikes
|move|p2a: Gastrodon|Earthquake|p1a: Gliscor
|-damage|p1a: Gliscor|30/100 tox
|
|-heal|p1a: Gliscor|43/100 tox|[from] ability: Poison Heal
|upkeep
|turn|4
|
|t:|1779704760
|move|p1a: Gliscor|Toxic|p2a: Gastrodon
|-status|p2a: Gastrodon|tox
|move|p2a: Gastrodon|Ice Beam|p1a: Gliscor
|-damage|p1a: Gliscor|26/100 tox
|
|-heal|p1a: Gliscor|39/100 tox|[from] ability: Poison Heal
|-damage|p2a: Gastrodon|94/100 tox|[from] psn
|upkeep
|turn|5
|
|t:|1779704776
|move|p1a: Gliscor|Earthquake|p2a: Gastrodon
|-damage|p2a: Gastrodon|70/100 tox
|move|p2a: Gastrodon|Recover|p2a: Gastrodon
|-heal|p2a: Gastrodon|100/100 tox
|
|-heal|p1a: Gliscor|51/100 tox|[from] ability: Poison Heal
|-damage|p2a: Gastrodon|88/100 tox|[from] psn
|upkeep
|turn|6
|
|t:|1779704784
|switch|p2a: Orthworm|Orthworm, M|100/100
|-damage|p2a: Orthworm|76/100|[from] Spikes
|move|p1a: Gliscor|Earthquake|p2a: Orthworm
|-heal|p2a: Orthworm|100/100|[from] ability: Earth Eater|[of] p1a: Gliscor
|
|-heal|p1a: Gliscor|63/100 tox|[from] ability: Poison Heal
|upkeep
|turn|7
|
|t:|1779704793
|move|p1a: Gliscor|Protect|p1a: Gliscor
|-singleturn|p1a: Gliscor|Protect
|move|p2a: Orthworm|Heavy Slam|p1a: Gliscor
|-activate|p1a: Gliscor|move: Protect
|
|-heal|p1a: Gliscor|76/100 tox|[from] ability: Poison Heal
|upkeep
|turn|8
|
|t:|1779704800
|switch|p1a: Walking Wake|Walking Wake|100/100
|move|p2a: Orthworm|Heavy Slam|p1a: Walking Wake
|-resisted|p1a: Walking Wake
|-damage|p1a: Walking Wake|94/100
|
|upkeep
|turn|9
|
|t:|1779704810
|switch|p2a: Clodsire|Clodsire, M|100/100
|-damage|p2a: Clodsire|76/100|[from] Spikes
|move|p1a: Walking Wake|Surf|p2a: Clodsire
|-heal|p2a: Clodsire|100/100|[from] ability: Water Absorb|[of] p1a: Walking Wake
|
|upkeep
|turn|10
|
|t:|1779704835
|move|p1a: Walking Wake|Surf|p2a: Clodsire
|-immune|p2a: Clodsire|[from] ability: Water Absorb
|move|p2a: Clodsire|Earthquake|p1a: Walking Wake
|-damage|p1a: Walking Wake|65/100
|
|upkeep
|turn|11
|
|t:|1779704841
|-end|p1a: Walking Wake|Protosynthesis|[silent]
|switch|p1a: Blissey|Blissey, F|100/100
|move|p2a: Clodsire|Poison Jab|p1a: Blissey
|-damage|p1a: Blissey|77/100
|-status|p1a: Blissey|psn
|
|-damage|p1a: Blissey|64/100 psn|[from] psn
|upkeep
|turn|12
|
|t:|1779704848
|move|p1a: Blissey|Stealth Rock|p2a: Clodsire
|-sidestart|p2: Ragged_Rag_King|move: Stealth Rock
|move|p2a: Clodsire|Earthquake|p1a: Blissey
|-damage|p1a: Blissey|37/100 psn
|
|-damage|p1a: Blissey|25/100 psn|[from] psn
|upkeep
|turn|13
|
|t:|1779704863
|-curestatus|p1a: Blissey|psn|[from] ability: Natural Cure|[silent]
|switch|p1a: Gliscor|Gliscor, F, tera:Ghost|76/100 tox
|-damage|p1a: Gliscor|63/100 tox|[from] Stealth Rock
|switch|p2a: Chandelure|Chandelure, M|100/100
|-damage|p2a: Chandelure|76/100|[from] Spikes
|-damage|p2a: Chandelure|51/100|[from] Stealth Rock
|
|-heal|p1a: Gliscor|76/100 tox|[from] ability: Poison Heal
|upkeep
|turn|14
|
|t:|1779704878
|-terastallize|p2a: Chandelure|Ghost
|move|p2a: Chandelure|Shadow Ball|p1a: Gliscor
|-supereffective|p1a: Gliscor
|-damage|p1a: Gliscor|0 fnt
|faint|p1a: Gliscor
|
|upkeep
|
|t:|1779704882
|switch|p1a: Ogerpon|Ogerpon, F|100/100
|turn|15
|
|t:|1779704887
|switch|p2a: Zebstrika|Zebstrika, M|100/100
|-damage|p2a: Zebstrika|76/100|[from] Spikes
|-damage|p2a: Zebstrika|63/100|[from] Stealth Rock
|move|p1a: Ogerpon|Ivy Cudgel|p2a: Zebstrika
|-ability|p2a: Zebstrika|Sap Sipper|boost
|-boost|p2a: Zebstrika|atk|1
|
|upkeep
|turn|16
|
|t:|1779704895
|move|p2a: Zebstrika|Flame Charge|p1a: Ogerpon
|-supereffective|p1a: Ogerpon
|-damage|p1a: Ogerpon|48/100
|-boost|p2a: Zebstrika|spe|1
|move|p1a: Ogerpon|Knock Off|p2a: Zebstrika
|-damage|p2a: Zebstrika|7/100
|-enditem|p2a: Zebstrika|Mirror Herb|[from] move: Knock Off|[of] p1a: Ogerpon
|
|upkeep
|turn|17
|
|t:|1779704906
|switch|p1a: Walking Wake|Walking Wake|65/100
|move|p2a: Zebstrika|Flame Charge|p1a: Walking Wake
|-resisted|p1a: Walking Wake
|-damage|p1a: Walking Wake|58/100
|-boost|p2a: Zebstrika|spe|1
|
|upkeep
|turn|18
|
|t:|1779704920
|move|p2a: Zebstrika|Supercell Slam|p1a: Walking Wake
|-damage|p1a: Walking Wake|0 fnt
|faint|p1a: Walking Wake
|-end|p1a: Walking Wake|Protosynthesis|[silent]
|
|upkeep
|
|t:|1779704925
|switch|p1a: Pecharunt|Pecharunt|100/100
|turn|19
|
|t:|1779704931
|move|p2a: Zebstrika|High Horsepower|p1a: Pecharunt
|-supereffective|p1a: Pecharunt
|-damage|p1a: Pecharunt|58/100
|move|p1a: Pecharunt|Foul Play|p2a: Zebstrika
|-damage|p2a: Zebstrika|0 fnt
|faint|p2a: Zebstrika
|
|upkeep
|
|t:|1779704944
|switch|p2a: Clodsire|Clodsire, M|100/100
|-damage|p2a: Clodsire|76/100|[from] Spikes
|-damage|p2a: Clodsire|70/100|[from] Stealth Rock
|turn|20
|
|t:|1779704950
|move|p1a: Pecharunt|Recover|p1a: Pecharunt
|-heal|p1a: Pecharunt|100/100
|move|p2a: Clodsire|Recover|p2a: Clodsire
|-heal|p2a: Clodsire|100/100
|
|upkeep
|turn|21
|
|t:|1779704956
|move|p1a: Pecharunt|Parting Shot|p2a: Clodsire
|-unboost|p2a: Clodsire|atk|1
|-unboost|p2a: Clodsire|spa|1
|
|t:|1779704960
|switch|p1a: Blissey|Blissey, F|25/100|[from] Parting Shot
|move|p2a: Clodsire|Earthquake|p1a: Blissey
|-damage|p1a: Blissey|4/100
|
|upkeep
|turn|22
|
|t:|1779704965
|move|p1a: Blissey|Soft-Boiled|p1a: Blissey
|-heal|p1a: Blissey|54/100
|move|p2a: Clodsire|Poison Jab|p1a: Blissey
|-damage|p1a: Blissey|39/100
|
|upkeep
|turn|23
|
|t:|1779704971
|move|p1a: Blissey|Soft-Boiled|p1a: Blissey
|-heal|p1a: Blissey|89/100
|move|p2a: Clodsire|Poison Jab|p1a: Blissey
|-damage|p1a: Blissey|73/100
|-status|p1a: Blissey|psn
|
|-damage|p1a: Blissey|60/100 psn|[from] psn
|upkeep
|turn|24
|
|t:|1779704979
|move|p1a: Blissey|Soft-Boiled|p1a: Blissey
|-heal|p1a: Blissey|100/100 psn
|move|p2a: Clodsire|Earthquake|p1a: Blissey
|-damage|p1a: Blissey|81/100 psn
|
|-damage|p1a: Blissey|69/100 psn|[from] psn
|upkeep
|turn|25
|
|t:|1779704986
|move|p1a: Blissey|Calm Mind|p1a: Blissey
|-boost|p1a: Blissey|spa|1
|-boost|p1a: Blissey|spd|1
|move|p2a: Clodsire|Earthquake|p1a: Blissey
|-damage|p1a: Blissey|49/100 psn
|
|-damage|p1a: Blissey|36/100 psn|[from] psn
|upkeep
|turn|26
|
|t:|1779704999
|switch|p2a: Orthworm|Orthworm, M|100/100
|-damage|p2a: Orthworm|76/100|[from] Spikes
|-damage|p2a: Orthworm|70/100|[from] Stealth Rock
|move|p1a: Blissey|Soft-Boiled|p1a: Blissey
|-heal|p1a: Blissey|86/100 psn
|
|-heal|p2a: Orthworm|76/100|[from] item: Leftovers
|-damage|p1a: Blissey|74/100 psn|[from] psn
|upkeep
|turn|27
|
|t:|1779705008
|move|p2a: Orthworm|Body Press|p1a: Blissey
|-supereffective|p1a: Blissey
|-damage|p1a: Blissey|3/100 psn
|move|p1a: Blissey|Seismic Toss|p2a: Orthworm
|-damage|p2a: Orthworm|47/100
|
|-heal|p2a: Orthworm|53/100|[from] item: Leftovers
|-damage|p1a: Blissey|0 fnt|[from] psn
|faint|p1a: Blissey
|upkeep
|
|t:|1779705016
|switch|p1a: Pecharunt|Pecharunt|100/100
|turn|28
|
|t:|1779705025
|move|p1a: Pecharunt|Parting Shot|p2a: Orthworm
|-unboost|p2a: Orthworm|atk|1
|-unboost|p2a: Orthworm|spa|1
|
|t:|1779705034
|switch|p1a: Corviknight|Corviknight, F|100/100|[from] Parting Shot
|-ability|p1a: Corviknight|Pressure
|move|p2a: Orthworm|Heavy Slam|p1a: Corviknight
|-resisted|p1a: Corviknight
|-damage|p1a: Corviknight|94/100
|
|-heal|p2a: Orthworm|59/100|[from] item: Leftovers
|upkeep
|turn|29
|
|t:|1779705043
|move|p1a: Corviknight|Body Press|p2a: Orthworm
|-supereffective|p2a: Orthworm
|-damage|p2a: Orthworm|32/100
|move|p2a: Orthworm|Body Slam|p1a: Corviknight
|-resisted|p1a: Corviknight
|-damage|p1a: Corviknight|91/100
|
|-heal|p2a: Orthworm|38/100|[from] item: Leftovers
|upkeep
|turn|30
|
|t:|1779705052
|move|p1a: Corviknight|Body Press|p2a: Orthworm
|-supereffective|p2a: Orthworm
|-crit|p2a: Orthworm
|-damage|p2a: Orthworm|0 fnt
|faint|p2a: Orthworm
|
|upkeep
|
|t:|1779705063
|switch|p2a: Pawmot|Pawmot, M|100/100
|-damage|p2a: Pawmot|76/100|[from] Spikes
|-damage|p2a: Pawmot|70/100|[from] Stealth Rock
|turn|31
|
|t:|1779705069
|move|p2a: Pawmot|Double Shock|p1a: Corviknight
|-supereffective|p1a: Corviknight
|-damage|p1a: Corviknight|0 fnt
|-start|p2a: Pawmot|typechange|???/Fighting|[from] move: Double Shock
|faint|p1a: Corviknight
|-damage|p2a: Pawmot|60/100|[from] item: Life Orb
|
|upkeep
|
|t:|1779705080
|switch|p1a: Pecharunt|Pecharunt|100/100
|turn|32
|
|t:|1779705094
|move|p2a: Pawmot|Knock Off|p1a: Pecharunt
|-supereffective|p1a: Pecharunt
|-damage|p1a: Pecharunt|62/100
|-enditem|p1a: Pecharunt|Heavy-Duty Boots|[from] move: Knock Off|[of] p2a: Pawmot
|-damage|p2a: Pawmot|50/100|[from] item: Life Orb
|move|p1a: Pecharunt|Parting Shot|p2a: Pawmot
|-unboost|p2a: Pawmot|atk|1
|-unboost|p2a: Pawmot|spa|1
|
|t:|1779705099
|switch|p1a: Ogerpon|Ogerpon, F|48/100|[from] Parting Shot
|
|upkeep
|turn|33
|
|t:|1779705105
|move|p1a: Ogerpon|Ivy Cudgel|p2a: Pawmot
|-damage|p2a: Pawmot|0 fnt
|faint|p2a: Pawmot
|
|upkeep
|
|t:|1779705112
|switch|p2a: Chandelure|Chandelure, M, tera:Ghost|51/100
|-damage|p2a: Chandelure|26/100|[from] Spikes
|-damage|p2a: Chandelure|14/100|[from] Stealth Rock
|turn|34
|
|t:|1779705117
|move|p2a: Chandelure|Shadow Ball|p1a: Ogerpon
|-damage|p1a: Ogerpon|0 fnt
|faint|p1a: Ogerpon
|
|upkeep
|
|t:|1779705122
|switch|p1a: Pecharunt|Pecharunt|62/100
|-damage|p1a: Pecharunt|49/100|[from] Stealth Rock
|turn|35
|
|t:|1779705125
|move|p2a: Chandelure|Shadow Ball|p1a: Pecharunt
|-supereffective|p1a: Pecharunt
|-damage|p1a: Pecharunt|0 fnt
|faint|p1a: Pecharunt
|
|win|Ragged_Rag_King
|raw|claudechamp's rating: 1115 &rarr; <strong>1090</strong><br />(-25 for losing)
|raw|Ragged_Rag_King's rating: 1111 &rarr; <strong>1136</strong><br />(+25 for winning)
|c|☆claudechamp|gg
|l|☆Ragged_Rag_King
|player|p2|
