|j|☆Heeya1234
|j|☆huevo saurio
|t:|1779639525
|gametype|singles
|player|p1|Heeya1234|lucas|1158
|player|p2|huevo saurio|102|1219
|gen|9
|tier|[Gen 9] OU
|rated|
|rule|HP Percentage Mod: HP is shown in percentages
|rule|Endless Battle Clause: Forcing endless battles is banned
|rule|Species Clause: Limit one of each Pokémon
|rule|OHKO Clause: OHKO moves are banned
|rule|Evasion Items Clause: Evasion items are banned
|rule|Evasion Moves Clause: Evasion moves are banned
|rule|Evasion Abilities Clause: Evasion abilities are banned
|rule|Sleep Moves Clause: Sleep-inducing moves are banned
|clearpoke
|poke|p1|Tyranitar, F|
|poke|p1|Excadrill, M|
|poke|p1|Ogerpon-Cornerstone, F|
|poke|p1|Dragapult, M|
|poke|p1|Moltres|
|poke|p1|Corviknight, F|
|poke|p2|Eelektross, M|
|poke|p2|Primarina, F|
|poke|p2|Dragapult, M|
|poke|p2|Great Tusk|
|poke|p2|Iron Moth|
|poke|p2|Ogerpon-Wellspring, F|
|teampreview
|inactive|Battle timer is ON: inactive players will automatically lose when time's up. (requested by huevo saurio)
|
|t:|1779639547
|teamsize|p1|6
|teamsize|p2|6
|start
|switch|p1a: Tyranitar|Tyranitar, F|100/100
|switch|p2a: Iron Moth|Iron Moth|100/100
|-weather|Sandstorm|[from] ability: Sand Stream|[of] p1a: Tyranitar
|-enditem|p2a: Iron Moth|Booster Energy
|-activate|p2a: Iron Moth|ability: Quark Drive|[fromitem]
|-start|p2a: Iron Moth|quarkdrivespe
|turn|1
|
|t:|1779639564
|-terastallize|p2a: Iron Moth|Grass
|move|p2a: Iron Moth|Energy Ball|p1a: Tyranitar
|-supereffective|p1a: Tyranitar
|-crit|p1a: Tyranitar
|-damage|p1a: Tyranitar|47/100
|move|p1a: Tyranitar|Stealth Rock|p2a: Iron Moth
|-sidestart|p2: huevo saurio|move: Stealth Rock
|
|-weather|Sandstorm|[upkeep]
|-damage|p2a: Iron Moth|95/100|[from] Sandstorm
|upkeep
|turn|2
|
|t:|1779639574
|switch|p1a: Moltres|Moltres|100/100
|move|p2a: Iron Moth|Energy Ball|p1a: Moltres
|-resisted|p1a: Moltres
|-damage|p1a: Moltres|89/100
|
|-weather|Sandstorm|[upkeep]
|-damage|p2a: Iron Moth|89/100|[from] Sandstorm
|-damage|p1a: Moltres|83/100|[from] Sandstorm
|upkeep
|turn|3
|
|t:|1779639584
|move|p2a: Iron Moth|Discharge|p1a: Moltres
|-supereffective|p1a: Moltres
|-crit|p1a: Moltres
|-damage|p1a: Moltres|0 fnt
|faint|p1a: Moltres
|
|-weather|Sandstorm|[upkeep]
|-damage|p2a: Iron Moth|83/100|[from] Sandstorm
|upkeep
|
|t:|1779639591
|switch|p1a: Dragapult|Dragapult, M|100/100
|turn|4
|
|t:|1779639599
|-end|p2a: Iron Moth|Quark Drive|[silent]
|switch|p2a: Primarina|Primarina, F|100/100
|-damage|p2a: Primarina|88/100|[from] Stealth Rock
|move|p1a: Dragapult|U-turn|p2a: Primarina
|-resisted|p2a: Primarina
|-damage|p2a: Primarina|78/100
|
|t:|1779639615
|switch|p1a: Ogerpon|Ogerpon-Cornerstone, F|100/100|[from] U-turn
|
|-weather|Sandstorm|[upkeep]
|-damage|p2a: Primarina|72/100|[from] Sandstorm
|upkeep
|turn|5
|
|t:|1779639628
|switch|p2a: Great Tusk|Great Tusk|100/100
|-damage|p2a: Great Tusk|97/100|[from] Stealth Rock
|move|p1a: Ogerpon|Swords Dance|p1a: Ogerpon
|-boost|p1a: Ogerpon|atk|2
|
|-weather|Sandstorm|[upkeep]
|upkeep
|turn|6
|
|t:|1779639641
|move|p1a: Ogerpon|Power Whip|p2a: Great Tusk
|-supereffective|p2a: Great Tusk
|-damage|p2a: Great Tusk|0 fnt
|-damage|p1a: Ogerpon|84/100|[from] item: Rocky Helmet|[of] p2a: Great Tusk
|faint|p2a: Great Tusk
|-end|p2a: Great Tusk|Protosynthesis|[silent]
|
|-weather|Sandstorm|[upkeep]
|upkeep
|
|t:|1779639657
|switch|p2a: Dragapult|Dragapult, M|100/100
|-damage|p2a: Dragapult|88/100|[from] Stealth Rock
|turn|7
|
|t:|1779639666
|-terastallize|p1a: Ogerpon|Rock
|detailschange|p1a: Ogerpon|Ogerpon-Cornerstone-Tera, F, tera:Rock
|-ability|p1a: Ogerpon|Embody Aspect (Cornerstone)|boost
|-boost|p1a: Ogerpon|def|1
|move|p2a: Dragapult|Shadow Ball|p1a: Ogerpon
|-damage|p1a: Ogerpon|45/100
|-damage|p2a: Dragapult|78/100|[from] item: Life Orb
|move|p1a: Ogerpon|Ivy Cudgel|p2a: Dragapult|[anim] Ivy Cudgel Rock
|-damage|p2a: Dragapult|0 fnt
|faint|p2a: Dragapult
|
|-weather|Sandstorm|[upkeep]
|upkeep
|
|t:|1779639679
|switch|p2a: Eelektross|Eelektross, M|100/100
|-damage|p2a: Eelektross|88/100|[from] Stealth Rock
|turn|8
|
|t:|1779639689
|move|p1a: Ogerpon|Ivy Cudgel|p2a: Eelektross|[anim] Ivy Cudgel Rock
|-damage|p2a: Eelektross|0 fnt
|faint|p2a: Eelektross
|
|-weather|none
|upkeep
|
|t:|1779639697
|switch|p2a: Iron Moth|Iron Moth, tera:Grass|83/100
|-damage|p2a: Iron Moth|70/100|[from] Stealth Rock
|turn|9
|
|t:|1779639702
|move|p2a: Iron Moth|Energy Ball|p1a: Ogerpon
|-supereffective|p1a: Ogerpon
|-damage|p1a: Ogerpon|0 fnt
|faint|p1a: Ogerpon
|detailschange|p1: Ogerpon|Ogerpon-Cornerstone, F|[silent]
|
|upkeep
|
|t:|1779639707
|switch|p1a: Tyranitar|Tyranitar, F|47/100
|-weather|Sandstorm|[from] ability: Sand Stream|[of] p1a: Tyranitar
|turn|10
|
|t:|1779639716
|switch|p1a: Corviknight|Corviknight, F|100/100
|-ability|p1a: Corviknight|Pressure
|move|p2a: Iron Moth|Energy Ball|p1a: Corviknight
|-resisted|p1a: Corviknight
|-damage|p1a: Corviknight|93/100
|
|-weather|Sandstorm|[upkeep]
|-damage|p2a: Iron Moth|64/100|[from] Sandstorm
|-heal|p1a: Corviknight|99/100|[from] item: Leftovers
|upkeep
|turn|11
|
|t:|1779639727
|move|p2a: Iron Moth|Fiery Dance|p1a: Corviknight
|-supereffective|p1a: Corviknight
|-damage|p1a: Corviknight|39/100
|-boost|p2a: Iron Moth|spa|1
|move|p1a: Corviknight|Brave Bird|p2a: Iron Moth
|-supereffective|p2a: Iron Moth
|-damage|p2a: Iron Moth|0 fnt
|faint|p2a: Iron Moth
|-end|p2a: Iron Moth|Quark Drive|[silent]
|-damage|p1a: Corviknight|23/100|[from] Recoil
|
|-weather|Sandstorm|[upkeep]
|-heal|p1a: Corviknight|29/100|[from] item: Leftovers
|upkeep
|
|t:|1779639742
|switch|p2a: Ogerpon|Ogerpon-Wellspring, F|100/100
|-damage|p2a: Ogerpon|88/100|[from] Stealth Rock
|turn|12
|
|t:|1779639749
|move|p2a: Ogerpon|Ivy Cudgel|p1a: Corviknight|[anim] Ivy Cudgel Water
|-damage|p1a: Corviknight|0 fnt
|faint|p1a: Corviknight
|
|-weather|Sandstorm|[upkeep]
|-damage|p2a: Ogerpon|82/100|[from] Sandstorm
|upkeep
|
|t:|1779639755
|switch|p1a: Excadrill|Excadrill, M|100/100
|turn|13
|
|t:|1779639760
|switch|p1a: Dragapult|Dragapult, M|100/100
|move|p2a: Ogerpon|Ivy Cudgel|p1a: Dragapult|[anim] Ivy Cudgel Water
|-resisted|p1a: Dragapult
|-damage|p1a: Dragapult|63/100
|
|-weather|Sandstorm|[upkeep]
|-damage|p1a: Dragapult|57/100|[from] Sandstorm
|-damage|p2a: Ogerpon|76/100|[from] Sandstorm
|upkeep
|turn|14
|
|t:|1779639775
|switch|p2a: Primarina|Primarina, F|72/100
|-damage|p2a: Primarina|60/100|[from] Stealth Rock
|move|p1a: Dragapult|Shadow Ball|p2a: Primarina
|-damage|p2a: Primarina|30/100
|
|-weather|Sandstorm|[upkeep]
|-damage|p1a: Dragapult|51/100|[from] Sandstorm
|-damage|p2a: Primarina|24/100|[from] Sandstorm
|upkeep
|turn|15
|
|t:|1779639785
|move|p1a: Dragapult|Shadow Ball|p2a: Primarina
|-damage|p2a: Primarina|0 fnt
|faint|p2a: Primarina
|
|-weather|Sandstorm|[upkeep]
|-damage|p1a: Dragapult|45/100|[from] Sandstorm
|upkeep
|
|t:|1779639791
|switch|p2a: Ogerpon|Ogerpon-Wellspring, F|76/100
|-damage|p2a: Ogerpon|64/100|[from] Stealth Rock
|turn|16
|
|t:|1779639795
|move|p1a: Dragapult|Shadow Ball|p2a: Ogerpon
|-damage|p2a: Ogerpon|0 fnt
|faint|p2a: Ogerpon
|
|win|Heeya1234
|raw|Heeya1234's rating: 1158 &rarr; <strong>1187</strong><br />(+29 for winning)
|raw|huevo saurio's rating: 1219 &rarr; <strong>1190</strong><br />(-29 for losing)
|l|☆huevo saurio
|player|p2|
|l|☆Heeya1234
|player|p1|
