|j|☆athrel
|j|☆evccx
|t:|1779684928
|gametype|singles
|player|p1|athrel|102|1407
|player|p2|evccx|palmer|1421
|gen|9
|tier|[Gen 9] OU
|rated|
|rule|HP Percentage Mod: HP is shown in percentages
|rule|Endless Battle Clause: Forcing endless battles is banned
|rule|Species Clause: Limit one of each Pokémon
|rule|OHKO Clause: OHKO moves are banned
|rule|Evasion Items Clause: Evasion items are banned
|rule|Evasion Moves Clause: Evasion moves are banned
|rule|Evasion Abilities Clause: Evasion abilities are banned
|rule|Sleep Moves Clause: Sleep-inducing moves are banned
|clearpoke
|poke|p1|Kyurem|
|poke|p1|Araquanid, F|
|poke|p1|Ceruledge, M|
|poke|p1|Rillaboom, F|
|poke|p1|Gholdengo|
|poke|p1|Iron Treads|
|poke|p2|Weezing-Galar, M|
|poke|p2|Ogerpon, F|
|poke|p2|Skarmory, M|
|poke|p2|Alomomola, M|
|poke|p2|Clodsire, M|
|poke|p2|Hydreigon, M|
|teampreview
|
|t:|1779684968
|teamsize|p1|6
|teamsize|p2|6
|start
|switch|p1a: Ceruledge|Ceruledge, M|100/100
|switch|p2a: Ogerpon|Ogerpon, F|100/100
|turn|1
|
|t:|1779684978
|switch|p1a: Iron Treads|Iron Treads|100/100
|move|p2a: Ogerpon|U-turn|p1a: Iron Treads
|-resisted|p1a: Iron Treads
|-damage|p1a: Iron Treads|87/100
|
|t:|1779684992
|switch|p2a: Hydreigon|Hydreigon, M, shiny|100/100|[from] U-turn
|
|-heal|p1a: Iron Treads|94/100|[from] item: Leftovers
|upkeep
|turn|2
|
|t:|1779685004
|move|p1a: Iron Treads|Stealth Rock|p2a: Hydreigon
|-sidestart|p2: evccx|move: Stealth Rock
|move|p2a: Hydreigon|Earth Power|p1a: Iron Treads
|-supereffective|p1a: Iron Treads
|-damage|p1a: Iron Treads|0 fnt
|faint|p1a: Iron Treads
|-end|p1a: Iron Treads|Quark Drive|[silent]
|
|upkeep
|
|t:|1779685013
|switch|p1a: Araquanid|Araquanid, F|100/100
|turn|3
|
|t:|1779685017
|switch|p2a: Skarmory|Skarmory, M, shiny|100/100
|-damage|p2a: Skarmory|88/100|[from] Stealth Rock
|move|p1a: Araquanid|Liquidation|p2a: Skarmory
|-crit|p2a: Skarmory
|-damage|p2a: Skarmory|29/100
|-damage|p1a: Araquanid|84/100|[from] item: Rocky Helmet|[of] p2a: Skarmory
|
|upkeep
|turn|4
|
|t:|1779685029
|switch|p1a: Gholdengo|Gholdengo|100/100
|move|p2a: Skarmory|Roost|p2a: Skarmory
|-heal|p2a: Skarmory|79/100
|-singleturn|p2a: Skarmory|move: Roost
|
|upkeep
|turn|5
|
|t:|1779685039
|switch|p2a: Alomomola|Alomomola, M, shiny|100/100
|-damage|p2a: Alomomola|88/100|[from] Stealth Rock
|move|p1a: Gholdengo|Make It Rain|p2a: Alomomola
|-resisted|p2a: Alomomola
|-damage|p2a: Alomomola|72/100
|-unboost|p1a: Gholdengo|spa|1
|
|upkeep
|turn|6
|
|t:|1779685051
|switch|p1a: Rillaboom|Rillaboom, F|100/100
|-fieldstart|move: Grassy Terrain|[from] ability: Grassy Surge|[of] p1a: Rillaboom
|move|p2a: Alomomola|Flip Turn|p1a: Rillaboom
|-resisted|p1a: Rillaboom
|-damage|p1a: Rillaboom|93/100
|
|t:|1779685065
|switch|p2a: Hydreigon|Hydreigon, M, shiny|100/100|[from] Flip Turn
|-damage|p2a: Hydreigon|88/100|[from] Stealth Rock
|
|-heal|p1a: Rillaboom|99/100|[from] Grassy Terrain
|upkeep
|turn|7
|
|t:|1779685070
|move|p2a: Hydreigon|Draco Meteor|p1a: Rillaboom
|-damage|p1a: Rillaboom|30/100
|-unboost|p2a: Hydreigon|spa|2
|move|p1a: Rillaboom|U-turn|p2a: Hydreigon
|-supereffective|p2a: Hydreigon
|-damage|p2a: Hydreigon|24/100
|
|t:|1779685080
|switch|p1a: Gholdengo|Gholdengo|100/100|[from] U-turn
|
|upkeep
|turn|8
|
|t:|1779685098
|switch|p2a: Alomomola|Alomomola, M, shiny|100/100
|-damage|p2a: Alomomola|88/100|[from] Stealth Rock
|move|p1a: Gholdengo|Trick|p2a: Alomomola
|-activate|p1a: Gholdengo|move: Trick|[of] p2a: Alomomola
|-item|p2a: Alomomola|Choice Scarf|[from] move: Trick
|-item|p1a: Gholdengo|Assault Vest|[from] move: Trick
|
|-heal|p2a: Alomomola|94/100|[from] Grassy Terrain
|upkeep
|turn|9
|
|t:|1779685127
|move|p1a: Gholdengo|Thunderbolt|p2a: Alomomola
|-supereffective|p2a: Alomomola
|-damage|p2a: Alomomola|51/100
|move|p2a: Alomomola|Flip Turn|p1a: Gholdengo
|-damage|p1a: Gholdengo|82/100
|
|t:|1779685145
|switch|p2a: Hydreigon|Hydreigon, M, shiny|24/100|[from] Flip Turn
|-damage|p2a: Hydreigon|12/100|[from] Stealth Rock
|
|-heal|p1a: Gholdengo|88/100|[from] Grassy Terrain
|upkeep
|turn|10
|
|t:|1779685157
|switch|p1a: Araquanid|Araquanid, F|84/100
|move|p2a: Hydreigon|Dark Pulse|p1a: Araquanid
|-damage|p1a: Araquanid|36/100
|
|-heal|p1a: Araquanid|42/100|[from] Grassy Terrain
|-fieldend|move: Grassy Terrain
|upkeep
|turn|11
|
|t:|1779685167
|move|p2a: Hydreigon|Dark Pulse|p1a: Araquanid
|-crit|p1a: Araquanid
|-damage|p1a: Araquanid|0 fnt
|faint|p1a: Araquanid
|
|upkeep
|
|t:|1779685169
|switch|p1a: Rillaboom|Rillaboom, F|30/100
|-fieldstart|move: Grassy Terrain|[from] ability: Grassy Surge|[of] p1a: Rillaboom
|turn|12
|
|t:|1779685172
|move|p1a: Rillaboom|Grassy Glide|p2a: Hydreigon
|-resisted|p2a: Hydreigon
|-damage|p2a: Hydreigon|0 fnt
|faint|p2a: Hydreigon
|
|-heal|p1a: Rillaboom|37/100|[from] Grassy Terrain
|upkeep
|
|t:|1779685189
|switch|p2a: Ogerpon|Ogerpon, F|100/100
|-damage|p2a: Ogerpon|88/100|[from] Stealth Rock
|turn|13
|
|t:|1779685200
|move|p2a: Ogerpon|U-turn|p1a: Rillaboom
|-supereffective|p1a: Rillaboom
|-damage|p1a: Rillaboom|0 fnt
|faint|p1a: Rillaboom
|
|t:|1779685207
|switch|p2a: Weezing|Weezing-Galar, M, shiny|100/100|[from] U-turn
|-ability|p2a: Weezing|Neutralizing Gas
|
|upkeep
|
|t:|1779685218
|switch|p1a: Ceruledge|Ceruledge, M|100/100
|turn|14
|
|t:|1779685223
|move|p1a: Ceruledge|Swords Dance|p1a: Ceruledge
|-boost|p1a: Ceruledge|atk|2
|move|p2a: Weezing|Sludge Bomb|p1a: Ceruledge
|-resisted|p1a: Ceruledge
|-damage|p1a: Ceruledge|86/100
|-status|p1a: Ceruledge|psn
|
|-heal|p1a: Ceruledge|92/100 psn|[from] Grassy Terrain
|-damage|p1a: Ceruledge|80/100 psn|[from] psn
|upkeep
|turn|15
|
|t:|1779685238
|move|p1a: Ceruledge|Bitter Blade|p2a: Weezing
|-damage|p2a: Weezing|22/100
|-heal|p1a: Ceruledge|100/100 psn|[from] drain|[of] p2a: Weezing
|-damage|p1a: Ceruledge|91/100 psn|[from] item: Life Orb
|move|p2a: Weezing|Pain Split|p1a: Ceruledge
|-sethp|p1a: Ceruledge|58/100 psn|[from] move: Pain Split|[silent]
|-sethp|p2a: Weezing|51/100|[from] move: Pain Split
|
|-heal|p1a: Ceruledge|64/100 psn|[from] Grassy Terrain
|-heal|p2a: Weezing|57/100|[from] Grassy Terrain
|-damage|p1a: Ceruledge|52/100 psn|[from] psn
|upkeep
|turn|16
|
|t:|1779685266
|move|p1a: Ceruledge|Bitter Blade|p2a: Weezing
|-damage|p2a: Weezing|0 fnt
|-heal|p1a: Ceruledge|84/100 psn|[from] drain|[of] p2a: Weezing
|faint|p2a: Weezing
|-end|p2a: Weezing|ability: Neutralizing Gas
|-damage|p1a: Ceruledge|74/100 psn|[from] item: Life Orb
|
|-heal|p1a: Ceruledge|80/100 psn|[from] Grassy Terrain
|-damage|p1a: Ceruledge|68/100 psn|[from] psn
|-fieldend|move: Grassy Terrain
|upkeep
|
|t:|1779685268
|switch|p2a: Ogerpon|Ogerpon, F|88/100
|-damage|p2a: Ogerpon|76/100|[from] Stealth Rock
|turn|17
|
|t:|1779685275
|move|p1a: Ceruledge|Shadow Sneak|p2a: Ogerpon
|-damage|p2a: Ogerpon|7/100
|-damage|p1a: Ceruledge|58/100 psn|[from] item: Life Orb
|move|p2a: Ogerpon|Knock Off|p1a: Ceruledge
|-supereffective|p1a: Ceruledge
|-damage|p1a: Ceruledge|0 fnt
|-enditem|p1a: Ceruledge|Life Orb|[from] move: Knock Off|[of] p2a: Ogerpon
|faint|p1a: Ceruledge
|
|upkeep
|
|t:|1779685280
|switch|p1a: Gholdengo|Gholdengo|88/100
|turn|18
|
|t:|1779685286
|move|p2a: Ogerpon|Knock Off|p1a: Gholdengo
|-supereffective|p1a: Gholdengo
|-damage|p1a: Gholdengo|0 fnt
|-enditem|p1a: Gholdengo|Assault Vest|[from] move: Knock Off|[of] p2a: Ogerpon
|faint|p1a: Gholdengo
|
|upkeep
|
|t:|1779685289
|switch|p1a: Kyurem|Kyurem|100/100
|-ability|p1a: Kyurem|Pressure
|turn|19
|
|t:|1779685298
|move|p2a: Ogerpon|Knock Off|p1a: Kyurem
|-damage|p1a: Kyurem|55/100
|-enditem|p1a: Kyurem|Choice Specs|[from] move: Knock Off|[of] p2a: Ogerpon
|move|p1a: Kyurem|Ice Beam|p2a: Ogerpon
|-supereffective|p2a: Ogerpon
|-damage|p2a: Ogerpon|0 fnt
|faint|p2a: Ogerpon
|
|upkeep
|
|t:|1779685308
|switch|p2a: Clodsire|Clodsire, M, shiny|100/100
|-damage|p2a: Clodsire|94/100|[from] Stealth Rock
|turn|20
|
|t:|1779685311
|move|p1a: Kyurem|Ice Beam|p2a: Clodsire
|-supereffective|p2a: Clodsire
|-damage|p2a: Clodsire|40/100
|move|p2a: Clodsire|Toxic|p1a: Kyurem
|-status|p1a: Kyurem|tox
|
|-heal|p2a: Clodsire|46/100|[from] item: Leftovers
|-damage|p1a: Kyurem|49/100 tox|[from] psn
|upkeep
|turn|21
|
|t:|1779685320
|-terastallize|p2a: Clodsire|Steel
|move|p1a: Kyurem|Ice Beam|p2a: Clodsire
|-resisted|p2a: Clodsire
|-damage|p2a: Clodsire|31/100
|move|p2a: Clodsire|Recover|p2a: Clodsire
|-heal|p2a: Clodsire|81/100
|
|-heal|p2a: Clodsire|88/100|[from] item: Leftovers
|-damage|p1a: Kyurem|36/100 tox|[from] psn
|upkeep
|turn|22
|
|t:|1779685324
|move|p1a: Kyurem|Earth Power|p2a: Clodsire
|-supereffective|p2a: Clodsire
|-damage|p2a: Clodsire|54/100
|move|p2a: Clodsire|Earthquake|p1a: Kyurem
|-crit|p1a: Kyurem
|-damage|p1a: Kyurem|0 fnt
|faint|p1a: Kyurem
|
|win|evccx
|raw|athrel's rating: 1407 &rarr; <strong>1388</strong><br />(-19 for losing)
|raw|evccx's rating: 1421 &rarr; <strong>1440</strong><br />(+19 for winning)
|l|☆athrel
|player|p1|
|l|☆evccx
|player|p2|
