|j|☆beentheredonepat
|j|☆draconotmeteor
|t:|1779696593
|gametype|singles
|player|p1|beentheredonepat|spark-casual|1307
|player|p2|draconotmeteor|shauntal|1267
|gen|9
|tier|[Gen 9] OU
|rated|
|rule|HP Percentage Mod: HP is shown in percentages
|rule|Endless Battle Clause: Forcing endless battles is banned
|rule|Species Clause: Limit one of each Pokémon
|rule|OHKO Clause: OHKO moves are banned
|rule|Evasion Items Clause: Evasion items are banned
|rule|Evasion Moves Clause: Evasion moves are banned
|rule|Evasion Abilities Clause: Evasion abilities are banned
|rule|Sleep Moves Clause: Sleep-inducing moves are banned
|clearpoke
|poke|p1|Typhlosion, M|
|poke|p1|Ninetales, F|
|poke|p1|Torkoal, M|
|poke|p1|Shiftry, M|
|poke|p1|Hatterene, F|
|poke|p1|Blissey, F|
|poke|p2|Cyclizar, M|
|poke|p2|Corviknight, M|
|poke|p2|Ting-Lu|
|poke|p2|Slowking-Galar, M|
|poke|p2|Kyurem|
|poke|p2|Garganacl, M|
|teampreview
|inactive|Battle timer is ON: inactive players will automatically lose when time's up. (requested by beentheredonepat)
|
|t:|1779696606
|teamsize|p1|6
|teamsize|p2|6
|start
|switch|p1a: Ninetales|Ninetales, F|100/100
|switch|p2a: Kyurem|Kyurem|100/100
|-ability|p2a: Kyurem|Pressure
|-weather|SunnyDay|[from] ability: Drought|[of] p1a: Ninetales
|turn|1
|
|t:|1779696610
|move|p2a: Kyurem|Protect|p2a: Kyurem
|-singleturn|p2a: Kyurem|Protect
|move|p1a: Ninetales|Overheat|p2a: Kyurem
|-activate|p2a: Kyurem|move: Protect
|
|-weather|SunnyDay|[upkeep]
|upkeep
|turn|2
|
|t:|1779696614
|switch|p2a: Garganacl|Garganacl, M|100/100
|move|p1a: Ninetales|Overheat|p2a: Garganacl
|-resisted|p2a: Garganacl
|-damage|p2a: Garganacl|80/100
|-unboost|p1a: Ninetales|spa|2
|-enditem|p1a: Ninetales|Eject Pack
|
|t:|1779696617
|switch|p1a: Shiftry|Shiftry, M|100/100
|
|-weather|SunnyDay|[upkeep]
|-heal|p2a: Garganacl|86/100|[from] item: Leftovers
|upkeep
|turn|3
|
|t:|1779696624
|switch|p2a: Corviknight|Corviknight, M|100/100
|-ability|p2a: Corviknight|Pressure
|move|p1a: Shiftry|Leaf Blade|p2a: Corviknight
|-resisted|p2a: Corviknight
|-damage|p2a: Corviknight|95/100
|-damage|p1a: Shiftry|84/100|[from] item: Rocky Helmet|[of] p2a: Corviknight
|
|-weather|SunnyDay|[upkeep]
|upkeep
|turn|4
|
|t:|1779696627
|switch|p1a: Torkoal|Torkoal, M|100/100
|move|p2a: Corviknight|U-turn|p1a: Torkoal
|-resisted|p1a: Torkoal
|-damage|p1a: Torkoal|96/100
|
|t:|1779696634
|switch|p2a: Kyurem|Kyurem|100/100|[from] U-turn
|-ability|p2a: Kyurem|Pressure
|
|-weather|SunnyDay|[upkeep]
|upkeep
|turn|5
|
|t:|1779696640
|move|p2a: Kyurem|Substitute|p2a: Kyurem
|-start|p2a: Kyurem|Substitute
|-damage|p2a: Kyurem|75/100
|move|p1a: Torkoal|Stealth Rock|p2a: Kyurem
|-sidestart|p2: draconotmeteor|move: Stealth Rock
|
|-weather|none
|-heal|p2a: Kyurem|82/100|[from] item: Leftovers
|upkeep
|turn|6
|
|t:|1779696645
|move|p2a: Kyurem|Protect|p2a: Kyurem
|-singleturn|p2a: Kyurem|Protect
|move|p1a: Torkoal|Flare Blitz|p2a: Kyurem
|-activate|p2a: Kyurem|move: Protect
|
|-heal|p2a: Kyurem|88/100|[from] item: Leftovers
|upkeep
|turn|7
|
|t:|1779696648
|-terastallize|p2a: Kyurem|Ground
|move|p2a: Kyurem|Earth Power|p1a: Torkoal
|-supereffective|p1a: Torkoal
|-damage|p1a: Torkoal|0 fnt
|faint|p1a: Torkoal
|
|-heal|p2a: Kyurem|94/100|[from] item: Leftovers
|upkeep
|
|t:|1779696659
|switch|p1a: Blissey|Blissey, F|100/100
|turn|8
|
|t:|1779696661
|move|p2a: Kyurem|Protect|p2a: Kyurem
|-singleturn|p2a: Kyurem|Protect
|move|p1a: Blissey|Seismic Toss|p2a: Kyurem
|-activate|p2a: Kyurem|move: Protect
|
|-heal|p2a: Kyurem|99/100|[from] item: Leftovers
|upkeep
|turn|9
|
|t:|1779696665
|move|p2a: Kyurem|Freeze-Dry|p1a: Blissey
|-damage|p1a: Blissey|89/100
|move|p1a: Blissey|Seismic Toss|p2a: Kyurem
|-activate|p2a: Kyurem|move: Substitute|[damage]
|
|-heal|p2a: Kyurem|100/100|[from] item: Leftovers
|upkeep
|turn|10
|
|t:|1779696672
|switch|p1a: Ninetales|Ninetales, F|100/100
|-weather|SunnyDay|[from] ability: Drought|[of] p1a: Ninetales
|move|p2a: Kyurem|Freeze-Dry|p1a: Ninetales
|-resisted|p1a: Ninetales
|-damage|p1a: Ninetales|86/100
|
|-weather|SunnyDay|[upkeep]
|upkeep
|turn|11
|
|t:|1779696675
|move|p2a: Kyurem|Earth Power|p1a: Ninetales
|-supereffective|p1a: Ninetales
|-damage|p1a: Ninetales|17/100
|move|p1a: Ninetales|Overheat|p2a: Kyurem
|-end|p2a: Kyurem|Substitute
|-unboost|p1a: Ninetales|spa|2
|
|-weather|SunnyDay|[upkeep]
|upkeep
|turn|12
|
|t:|1779696682
|move|p2a: Kyurem|Substitute|p2a: Kyurem
|-start|p2a: Kyurem|Substitute
|-damage|p2a: Kyurem|75/100
|move|p1a: Ninetales|Encore|p2a: Kyurem
|-start|p2a: Kyurem|Encore
|
|-weather|SunnyDay|[upkeep]
|-heal|p2a: Kyurem|82/100|[from] item: Leftovers
|upkeep
|turn|13
|
|t:|1779696687
|switch|p2a: Garganacl|Garganacl, M|86/100
|-damage|p2a: Garganacl|74/100|[from] Stealth Rock
|switch|p1a: Typhlosion|Typhlosion, M|100/100
|
|-weather|SunnyDay|[upkeep]
|-heal|p2a: Garganacl|80/100|[from] item: Leftovers
|upkeep
|turn|14
|
|t:|1779696691
|-terastallize|p1a: Typhlosion|Fire
|move|p2a: Garganacl|Protect|p2a: Garganacl
|-singleturn|p2a: Garganacl|Protect
|move|p1a: Typhlosion|Eruption|p2a: Garganacl
|-activate|p2a: Garganacl|move: Protect
|
|-weather|none
|-heal|p2a: Garganacl|86/100|[from] item: Leftovers
|upkeep
|turn|15
|
|t:|1779696698
|switch|p1a: Ninetales|Ninetales, F|17/100
|-weather|SunnyDay|[from] ability: Drought|[of] p1a: Ninetales
|move|p2a: Garganacl|Recover|p2a: Garganacl
|-heal|p2a: Garganacl|100/100
|
|-weather|SunnyDay|[upkeep]
|upkeep
|turn|16
|
|t:|1779696705
|switch|p2a: Slowking|Slowking-Galar, M|100/100
|-damage|p2a: Slowking|88/100|[from] Stealth Rock
|move|p1a: Ninetales|Solar Beam||[still]
|-prepare|p1a: Ninetales|Solar Beam
|-anim|p1a: Ninetales|Solar Beam|p2a: Slowking
|-resisted|p2a: Slowking
|-damage|p2a: Slowking|80/100
|
|-weather|SunnyDay|[upkeep]
|upkeep
|turn|17
|
|t:|1779696712
|move|p1a: Ninetales|Overheat|p2a: Slowking
|-damage|p2a: Slowking|44/100
|-unboost|p1a: Ninetales|spa|2
|-prepare|p2a: Slowking|Chilly Reception|[premajor]
|move|p2a: Slowking|Chilly Reception|p2a: Slowking
|-weather|Snowscape
|
|t:|1779696715
|switch|p2a: Kyurem|Kyurem, tera:Ground|82/100|[from] Chilly Reception
|-damage|p2a: Kyurem|75/100|[from] Stealth Rock
|-ability|p2a: Kyurem|Pressure
|
|-weather|Snowscape|[upkeep]
|-heal|p2a: Kyurem|82/100|[from] item: Leftovers
|upkeep
|turn|18
|
|t:|1779696720
|move|p2a: Kyurem|Earth Power|p1a: Ninetales
|-supereffective|p1a: Ninetales
|-damage|p1a: Ninetales|0 fnt
|faint|p1a: Ninetales
|
|-weather|Snowscape|[upkeep]
|-heal|p2a: Kyurem|88/100|[from] item: Leftovers
|upkeep
|
|t:|1779696724
|switch|p1a: Typhlosion|Typhlosion, M, tera:Fire|100/100
|turn|19
|
|t:|1779696727
|move|p2a: Kyurem|Protect|p2a: Kyurem
|-singleturn|p2a: Kyurem|Protect
|move|p1a: Typhlosion|Eruption|p2a: Kyurem
|-activate|p2a: Kyurem|move: Protect
|
|-weather|Snowscape|[upkeep]
|-heal|p2a: Kyurem|94/100|[from] item: Leftovers
|upkeep
|turn|20
|
|t:|1779696732
|switch|p2a: Ting-Lu|Ting-Lu|100/100
|-damage|p2a: Ting-Lu|94/100|[from] Stealth Rock
|-ability|p2a: Ting-Lu|Vessel of Ruin
|move|p1a: Typhlosion|Eruption|p2a: Ting-Lu
|-damage|p2a: Ting-Lu|54/100
|
|-weather|Snowscape|[upkeep]
|-heal|p2a: Ting-Lu|60/100|[from] item: Leftovers
|upkeep
|turn|21
|
|t:|1779696738
|switch|p1a: Hatterene|Hatterene, F|100/100
|move|p2a: Ting-Lu|Stealth Rock|p1a: Hatterene
|move|p1a: Hatterene|Stealth Rock||[from] ability: Magic Bounce|[still]
|-fail|p1a: Hatterene
|
|-weather|none
|-heal|p2a: Ting-Lu|66/100|[from] item: Leftovers
|upkeep
|turn|22
|
|t:|1779696743
|switch|p2a: Slowking|Slowking-Galar, M|77/100
|-damage|p2a: Slowking|65/100|[from] Stealth Rock
|move|p1a: Hatterene|Dazzling Gleam|p2a: Slowking
|-resisted|p2a: Slowking
|-damage|p2a: Slowking|53/100
|
|upkeep
|turn|23
|
|t:|1779696746
|move|p1a: Hatterene|Calm Mind|p1a: Hatterene
|-boost|p1a: Hatterene|spa|1
|-boost|p1a: Hatterene|spd|1
|move|p2a: Slowking|Sludge Bomb|p1a: Hatterene
|-supereffective|p1a: Hatterene
|-damage|p1a: Hatterene|53/100
|-status|p1a: Hatterene|psn
|
|-heal|p1a: Hatterene|59/100 psn|[from] item: Leftovers
|-damage|p1a: Hatterene|46/100 psn|[from] psn
|upkeep
|turn|24
|
|t:|1779696749
|move|p1a: Hatterene|Psyshock|p2a: Slowking
|-damage|p2a: Slowking|0 fnt
|faint|p2a: Slowking
|
|-heal|p1a: Hatterene|52/100 psn|[from] item: Leftovers
|-damage|p1a: Hatterene|40/100 psn|[from] psn
|upkeep
|
|t:|1779696752
|switch|p2a: Kyurem|Kyurem, tera:Ground|94/100
|-damage|p2a: Kyurem|88/100|[from] Stealth Rock
|-ability|p2a: Kyurem|Pressure
|turn|25
|
|t:|1779696757
|move|p2a: Kyurem|Protect|p2a: Kyurem
|-singleturn|p2a: Kyurem|Protect
|move|p1a: Hatterene|Dazzling Gleam|p2a: Kyurem
|-activate|p2a: Kyurem|move: Protect
|
|-heal|p2a: Kyurem|94/100|[from] item: Leftovers
|-heal|p1a: Hatterene|46/100 psn|[from] item: Leftovers
|-damage|p1a: Hatterene|34/100 psn|[from] psn
|upkeep
|turn|26
|
|t:|1779696760
|move|p2a: Kyurem|Substitute|p2a: Kyurem
|-start|p2a: Kyurem|Substitute
|-damage|p2a: Kyurem|69/100
|move|p1a: Hatterene|Dazzling Gleam|p2a: Kyurem
|-end|p2a: Kyurem|Substitute
|
|-heal|p2a: Kyurem|75/100|[from] item: Leftovers
|-heal|p1a: Hatterene|40/100 psn|[from] item: Leftovers
|-damage|p1a: Hatterene|28/100 psn|[from] psn
|upkeep
|turn|27
|
|t:|1779696766
|move|p2a: Kyurem|Protect|p2a: Kyurem
|-singleturn|p2a: Kyurem|Protect
|move|p1a: Hatterene|Dazzling Gleam|p2a: Kyurem
|-activate|p2a: Kyurem|move: Protect
|
|-heal|p2a: Kyurem|81/100|[from] item: Leftovers
|-heal|p1a: Hatterene|34/100 psn|[from] item: Leftovers
|-damage|p1a: Hatterene|21/100 psn|[from] psn
|upkeep
|turn|28
|
|t:|1779696770
|move|p2a: Kyurem|Substitute|p2a: Kyurem
|-start|p2a: Kyurem|Substitute
|-damage|p2a: Kyurem|56/100
|move|p1a: Hatterene|Dazzling Gleam|p2a: Kyurem
|-end|p2a: Kyurem|Substitute
|
|-heal|p2a: Kyurem|63/100|[from] item: Leftovers
|-heal|p1a: Hatterene|27/100 psn|[from] item: Leftovers
|-damage|p1a: Hatterene|15/100 psn|[from] psn
|upkeep
|turn|29
|
|t:|1779696777
|move|p2a: Kyurem|Protect|p2a: Kyurem
|-singleturn|p2a: Kyurem|Protect
|move|p1a: Hatterene|Dazzling Gleam|p2a: Kyurem
|-activate|p2a: Kyurem|move: Protect
|
|-heal|p2a: Kyurem|69/100|[from] item: Leftovers
|-heal|p1a: Hatterene|21/100 psn|[from] item: Leftovers
|-damage|p1a: Hatterene|9/100 psn|[from] psn
|upkeep
|turn|30
|
|t:|1779696779
|move|p2a: Kyurem|Substitute|p2a: Kyurem
|-start|p2a: Kyurem|Substitute
|-damage|p2a: Kyurem|44/100
|move|p1a: Hatterene|Dazzling Gleam|p2a: Kyurem
|-end|p2a: Kyurem|Substitute
|
|-heal|p2a: Kyurem|50/100|[from] item: Leftovers
|-heal|p1a: Hatterene|15/100 psn|[from] item: Leftovers
|-damage|p1a: Hatterene|2/100 psn|[from] psn
|upkeep
|turn|31
|
|t:|1779696784
|switch|p1a: Typhlosion|Typhlosion, M, tera:Fire|100/100
|move|p2a: Kyurem|Protect||[still]
|-fail|p2a: Kyurem
|
|-heal|p2a: Kyurem|56/100|[from] item: Leftovers
|upkeep
|turn|32
|
|t:|1779696788
|move|p2a: Kyurem|Protect|p2a: Kyurem
|-singleturn|p2a: Kyurem|Protect
|move|p1a: Typhlosion|Eruption|p2a: Kyurem
|-activate|p2a: Kyurem|move: Protect
|
|-heal|p2a: Kyurem|62/100|[from] item: Leftovers
|upkeep
|turn|33
|
|t:|1779696794
|switch|p2a: Ting-Lu|Ting-Lu|66/100
|-damage|p2a: Ting-Lu|60/100|[from] Stealth Rock
|-ability|p2a: Ting-Lu|Vessel of Ruin
|move|p1a: Typhlosion|Eruption|p2a: Ting-Lu
|-damage|p2a: Ting-Lu|19/100
|
|-heal|p2a: Ting-Lu|25/100|[from] item: Leftovers
|upkeep
|turn|34
|
|t:|1779696799
|move|p1a: Typhlosion|Eruption|p2a: Ting-Lu
|-damage|p2a: Ting-Lu|0 fnt
|faint|p2a: Ting-Lu
|
|upkeep
|
|t:|1779696805
|switch|p2a: Kyurem|Kyurem, tera:Ground|62/100
|-damage|p2a: Kyurem|56/100|[from] Stealth Rock
|-ability|p2a: Kyurem|Pressure
|turn|35
|
|t:|1779696809
|switch|p1a: Shiftry|Shiftry, M|84/100
|move|p2a: Kyurem|Protect||[still]
|-fail|p2a: Kyurem
|
|-heal|p2a: Kyurem|62/100|[from] item: Leftovers
|upkeep
|turn|36
|
|t:|1779696814
|move|p2a: Kyurem|Protect|p2a: Kyurem
|-singleturn|p2a: Kyurem|Protect
|move|p1a: Shiftry|Leaf Blade|p2a: Kyurem
|-activate|p2a: Kyurem|move: Protect
|
|-heal|p2a: Kyurem|69/100|[from] item: Leftovers
|upkeep
|turn|37
|
|t:|1779696818
|switch|p2a: Corviknight|Corviknight, M|95/100
|-damage|p2a: Corviknight|83/100|[from] Stealth Rock
|-ability|p2a: Corviknight|Pressure
|move|p1a: Shiftry|Leaf Blade|p2a: Corviknight
|-resisted|p2a: Corviknight
|-damage|p2a: Corviknight|77/100
|-damage|p1a: Shiftry|68/100|[from] item: Rocky Helmet|[of] p2a: Corviknight
|
|upkeep
|turn|38
|
|t:|1779696820
|move|p1a: Shiftry|Knock Off|p2a: Corviknight
|-damage|p2a: Corviknight|50/100
|-damage|p1a: Shiftry|51/100|[from] item: Rocky Helmet|[of] p2a: Corviknight
|-enditem|p2a: Corviknight|Rocky Helmet|[from] move: Knock Off|[of] p1a: Shiftry
|move|p2a: Corviknight|U-turn|p1a: Shiftry
|-supereffective|p1a: Shiftry
|-damage|p1a: Shiftry|0 fnt
|faint|p1a: Shiftry
|
|t:|1779696823
|switch|p2a: Kyurem|Kyurem, tera:Ground|69/100|[from] U-turn
|-damage|p2a: Kyurem|62/100|[from] Stealth Rock
|-ability|p2a: Kyurem|Pressure
|
|-heal|p2a: Kyurem|69/100|[from] item: Leftovers
|upkeep
|
|t:|1779696827
|switch|p1a: Typhlosion|Typhlosion, M, tera:Fire|100/100
|turn|39
|
|t:|1779696829
|move|p2a: Kyurem|Protect|p2a: Kyurem
|-singleturn|p2a: Kyurem|Protect
|move|p1a: Typhlosion|Flamethrower|p2a: Kyurem
|-activate|p2a: Kyurem|move: Protect
|
|-heal|p2a: Kyurem|75/100|[from] item: Leftovers
|upkeep
|turn|40
|
|t:|1779696834
|switch|p2a: Garganacl|Garganacl, M|100/100
|-damage|p2a: Garganacl|88/100|[from] Stealth Rock
|move|p1a: Typhlosion|Flamethrower|p2a: Garganacl
|-resisted|p2a: Garganacl
|-damage|p2a: Garganacl|69/100
|
|-heal|p2a: Garganacl|75/100|[from] item: Leftovers
|upkeep
|turn|41
|
|t:|1779696843
|switch|p1a: Hatterene|Hatterene, F|2/100 psn
|move|p2a: Garganacl|Stealth Rock|p1a: Hatterene
|move|p1a: Hatterene|Stealth Rock||[from] ability: Magic Bounce|[still]
|-fail|p1a: Hatterene
|
|-heal|p2a: Garganacl|81/100|[from] item: Leftovers
|-heal|p1a: Hatterene|8/100 psn|[from] item: Leftovers
|-damage|p1a: Hatterene|0 fnt|[from] psn
|faint|p1a: Hatterene
|upkeep
|
|t:|1779696845
|switch|p1a: Blissey|Blissey, F|89/100
|turn|42
|
|t:|1779696847
|move|p2a: Garganacl|Stealth Rock|p1a: Blissey
|-sidestart|p1: beentheredonepat|move: Stealth Rock
|move|p1a: Blissey|Seismic Toss|p2a: Garganacl
|-damage|p2a: Garganacl|56/100
|
|-heal|p2a: Garganacl|62/100|[from] item: Leftovers
|upkeep
|turn|43
|
|t:|1779696850
|move|p2a: Garganacl|Salt Cure|p1a: Blissey
|-damage|p1a: Blissey|60/100
|-start|p1a: Blissey|Salt Cure
|move|p1a: Blissey|Seismic Toss|p2a: Garganacl
|-damage|p2a: Garganacl|38/100
|
|-heal|p2a: Garganacl|44/100|[from] item: Leftovers
|-damage|p1a: Blissey|48/100|[from] Salt Cure
|upkeep
|turn|44
|
|t:|1779696854
|move|p2a: Garganacl|Recover|p2a: Garganacl
|-heal|p2a: Garganacl|94/100
|move|p1a: Blissey|Soft-Boiled|p1a: Blissey
|-heal|p1a: Blissey|98/100
|
|-heal|p2a: Garganacl|99/100|[from] item: Leftovers
|-damage|p1a: Blissey|86/100|[from] Salt Cure
|upkeep
|turn|45
|
|t:|1779696857
|switch|p2a: Cyclizar|Cyclizar, M|100/100
|move|p1a: Blissey|Seismic Toss|p2a: Cyclizar
|-damage|p2a: Cyclizar|65/100
|
|-damage|p1a: Blissey|73/100|[from] Salt Cure
|upkeep
|turn|46
|
|t:|1779696861
|switch|p1a: Typhlosion|Typhlosion, M, tera:Fire|100/100
|-damage|p1a: Typhlosion|76/100|[from] Stealth Rock
|move|p2a: Cyclizar|Knock Off|p1a: Typhlosion
|-damage|p1a: Typhlosion|51/100
|-enditem|p1a: Typhlosion|Choice Scarf|[from] move: Knock Off|[of] p2a: Cyclizar
|
|upkeep
|turn|47
|
|t:|1779696866
|move|p2a: Cyclizar|U-turn|p1a: Typhlosion
|-resisted|p1a: Typhlosion
|-damage|p1a: Typhlosion|41/100
|
|t:|1779696867
|switch|p2a: Garganacl|Garganacl, M|99/100|[from] U-turn
|-damage|p2a: Garganacl|88/100|[from] Stealth Rock
|move|p1a: Typhlosion|Flamethrower|p2a: Garganacl
|-resisted|p2a: Garganacl
|-damage|p2a: Garganacl|66/100
|
|-heal|p2a: Garganacl|73/100|[from] item: Leftovers
|upkeep
|turn|48
|-message|beentheredonepat forfeited.
|
|win|draconotmeteor
|raw|beentheredonepat's rating: 1307 &rarr; <strong>1285</strong><br />(-22 for losing)
|raw|draconotmeteor's rating: 1267 &rarr; <strong>1295</strong><br />(+28 for winning)
|l|☆beentheredonepat
|player|p1|
