|j|☆mrbungleberry
|j|☆austin90
|t:|1779663623
|gametype|singles
|player|p1|mrbungleberry|plasmagrunt|1131
|player|p2|austin90|volkner|1163
|gen|9
|tier|[Gen 9] OU
|rated|
|rule|HP Percentage Mod: HP is shown in percentages
|rule|Endless Battle Clause: Forcing endless battles is banned
|rule|Species Clause: Limit one of each Pokémon
|rule|OHKO Clause: OHKO moves are banned
|rule|Evasion Items Clause: Evasion items are banned
|rule|Evasion Moves Clause: Evasion moves are banned
|rule|Evasion Abilities Clause: Evasion abilities are banned
|rule|Sleep Moves Clause: Sleep-inducing moves are banned
|clearpoke
|poke|p1|Ninetales-Alola, M|
|poke|p1|Cetitan, M|
|poke|p1|Gholdengo|
|poke|p1|Great Tusk|
|poke|p1|Iron Valiant|
|poke|p1|Rotom-Wash|
|poke|p2|Pelipper, M|
|poke|p2|Floatzel, F|
|poke|p2|Clodsire, F|
|poke|p2|Walking Wake|
|poke|p2|Ogerpon, F|
|poke|p2|Heatran, F|
|teampreview
|inactive|Battle timer is ON: inactive players will automatically lose when time's up. (requested by austin90)
|
|t:|1779663647
|teamsize|p1|6
|teamsize|p2|6
|start
|switch|p1a: Rotom|Rotom-Wash|100/100
|switch|p2a: Joe Bob Billy|Walking Wake|100/100
|turn|1
|
|t:|1779663659
|move|p2a: Joe Bob Billy|Flip Turn|p1a: Rotom
|-resisted|p1a: Rotom
|-damage|p1a: Rotom|92/100
|
|t:|1779663662
|-end|p2a: Joe Bob Billy|Protosynthesis|[silent]
|switch|p2a: Amber Turd|Heatran, F|100/100|[from] Flip Turn
|move|p1a: Rotom|Will-O-Wisp|p2a: Amber Turd
|-start|p2a: Amber Turd|ability: Flash Fire
|
|-heal|p1a: Rotom|98/100|[from] item: Leftovers
|upkeep
|turn|2
|
|t:|1779663678
|-terastallize|p2a: Amber Turd|Grass
|move|p1a: Rotom|Hydro Pump|p2a: Amber Turd
|-resisted|p2a: Amber Turd
|-crit|p2a: Amber Turd
|-damage|p2a: Amber Turd|77/100
|move|p2a: Amber Turd|Overheat|p1a: Rotom
|-resisted|p1a: Rotom
|-damage|p1a: Rotom|8/100
|-unboost|p2a: Amber Turd|spa|2
|
|-heal|p1a: Rotom|14/100|[from] item: Leftovers
|upkeep
|turn|3
|
|t:|1779663694
|move|p1a: Rotom|Pain Split|p2a: Amber Turd
|-sethp|p2a: Amber Turd|44/100|[from] move: Pain Split|[silent]
|-sethp|p1a: Rotom|56/100|[from] move: Pain Split
|move|p2a: Amber Turd|Overheat|p1a: Rotom
|-resisted|p1a: Rotom
|-damage|p1a: Rotom|12/100
|-unboost|p2a: Amber Turd|spa|2
|
|-heal|p1a: Rotom|18/100|[from] item: Leftovers
|upkeep
|turn|4
|
|t:|1779663707
|-end|p2a: Amber Turd|ability: Flash Fire|[silent]
|switch|p2a: Joe Bob Billy|Walking Wake|100/100
|move|p1a: Rotom|Pain Split|p2a: Joe Bob Billy
|-sethp|p2a: Joe Bob Billy|58/100|[from] move: Pain Split|[silent]
|-sethp|p1a: Rotom|65/100|[from] move: Pain Split
|
|-heal|p1a: Rotom|71/100|[from] item: Leftovers
|upkeep
|turn|5
|
|t:|1779663716
|move|p2a: Joe Bob Billy|Draco Meteor|p1a: Rotom
|-damage|p1a: Rotom|3/100
|-unboost|p2a: Joe Bob Billy|spa|2
|move|p1a: Rotom|Volt Switch|p2a: Joe Bob Billy
|-damage|p2a: Joe Bob Billy|28/100
|
|t:|1779663724
|switch|p1a: Iron Valiant|Iron Valiant|100/100|[from] Volt Switch
|
|upkeep
|turn|6
|
|t:|1779663733
|-end|p2a: Joe Bob Billy|Protosynthesis|[silent]
|switch|p2a: Flappy Boi|Pelipper, M, shiny|100/100
|move|p1a: Iron Valiant|Trick|p2a: Flappy Boi
|-activate|p1a: Iron Valiant|move: Trick|[of] p2a: Flappy Boi
|-item|p2a: Flappy Boi|Choice Scarf|[from] move: Trick
|-item|p1a: Iron Valiant|Heavy-Duty Boots|[from] move: Trick
|
|upkeep
|turn|7
|c|☆mrbungleberry|NO DRIZZLE?!?!?!?!
|c|☆austin90|Darn i put the wrong ability on it
|c|☆austin90|Dang
|c|☆mrbungleberry|LOL
|c|☆mrbungleberry|sorry
|c|☆austin90|My bad
|c|☆mrbungleberry|thats just funny
|inactive|mrbungleberry has 120 seconds left.
|inactive|austin90 has 120 seconds left.
|c|☆austin90|Yeah lol
|c|☆austin90|Well hope it works out
|
|t:|1779663781
|move|p1a: Iron Valiant|Moonblast|p2a: Flappy Boi
|-damage|p2a: Flappy Boi|47/100
|move|p2a: Flappy Boi|Hurricane|p1a: Iron Valiant|[miss]
|-miss|p2a: Flappy Boi|p1a: Iron Valiant
|
|upkeep
|turn|8
|
|t:|1779663794
|move|p1a: Iron Valiant|Moonblast|p2a: Flappy Boi
|-damage|p2a: Flappy Boi|0 fnt
|faint|p2a: Flappy Boi
|
|upkeep
|
|t:|1779663801
|switch|p2a: Freddy|Floatzel, F, shiny|100/100
|turn|9
|
|t:|1779663807
|move|p1a: Iron Valiant|Close Combat|p2a: Freddy
|-damage|p2a: Freddy|0 fnt
|-unboost|p1a: Iron Valiant|def|1
|-unboost|p1a: Iron Valiant|spd|1
|faint|p2a: Freddy
|
|upkeep
|
|t:|1779663810
|switch|p2a: Jimbo|Clodsire, F, shiny|100/100
|turn|10
|
|t:|1779663821
|-end|p1a: Iron Valiant|Quark Drive|[silent]
|switch|p1a: Ninetales|Ninetales-Alola, M|100/100
|-weather|Snowscape|[from] ability: Snow Warning|[of] p1a: Ninetales
|move|p2a: Jimbo|Substitute|p2a: Jimbo
|-start|p2a: Jimbo|Substitute
|-damage|p2a: Jimbo|76/100
|
|-weather|Snowscape|[upkeep]
|-heal|p2a: Jimbo|82/100|[from] item: Black Sludge
|upkeep
|turn|11
|
|t:|1779663832
|move|p1a: Ninetales|Aurora Veil|p1a: Ninetales
|-sidestart|p1: mrbungleberry|move: Aurora Veil
|move|p2a: Jimbo|Poison Jab|p1a: Ninetales
|-supereffective|p1a: Ninetales
|-damage|p1a: Ninetales|81/100
|-status|p1a: Ninetales|psn
|
|-weather|Snowscape|[upkeep]
|-heal|p2a: Jimbo|88/100|[from] item: Black Sludge
|-damage|p1a: Ninetales|68/100 psn|[from] psn
|upkeep
|turn|12
|
|t:|1779663863
|move|p1a: Ninetales|Freeze-Dry|p2a: Jimbo
|-supereffective|p2a: Jimbo
|-activate|p2a: Jimbo|move: Substitute|[damage]
|move|p2a: Jimbo|Earthquake|p1a: Ninetales
|-damage|p1a: Ninetales|57/100 psn
|
|-weather|Snowscape|[upkeep]
|-heal|p2a: Jimbo|94/100|[from] item: Black Sludge
|-damage|p1a: Ninetales|45/100 psn|[from] psn
|upkeep
|turn|13
|
|t:|1779663876
|switch|p1a: Cetitan|Cetitan, M|100/100
|move|p2a: Jimbo|Poison Jab|p1a: Cetitan
|-damage|p1a: Cetitan|93/100
|
|-weather|Snowscape|[upkeep]
|-heal|p2a: Jimbo|99/100|[from] item: Black Sludge
|upkeep
|turn|14
|
|t:|1779663887
|move|p1a: Cetitan|Belly Drum|p1a: Cetitan
|-damage|p1a: Cetitan|43/100
|-setboost|p1a: Cetitan|atk|6|[from] move: Belly Drum
|move|p2a: Jimbo|Poison Jab|p1a: Cetitan
|-crit|p1a: Cetitan
|-damage|p1a: Cetitan|21/100
|
|-weather|none
|-heal|p2a: Jimbo|100/100|[from] item: Black Sludge
|upkeep
|turn|15
|
|t:|1779663900
|move|p1a: Cetitan|Ice Shard|p2a: Jimbo
|-supereffective|p2a: Jimbo
|-end|p2a: Jimbo|Substitute
|move|p2a: Jimbo|Poison Jab|p1a: Cetitan
|-damage|p1a: Cetitan|9/100
|
|upkeep
|turn|16
|
|t:|1779663914
|switch|p2a: Joe Bob Billy|Walking Wake|28/100
|move|p1a: Cetitan|Ice Spinner|p2a: Joe Bob Billy
|-damage|p2a: Joe Bob Billy|0 fnt
|faint|p2a: Joe Bob Billy
|-end|p2a: Joe Bob Billy|Protosynthesis|[silent]
|
|upkeep
|c|☆austin90|Well gg buddy i shot myself in the foot lol
|
|t:|1779663928
|switch|p2a: Jared Fogle|Ogerpon, F|100/100
|turn|17
|
|t:|1779663935
|move|p1a: Cetitan|Ice Shard|p2a: Jared Fogle
|-supereffective|p2a: Jared Fogle
|-damage|p2a: Jared Fogle|0 fnt
|faint|p2a: Jared Fogle
|
|upkeep
|
|t:|1779663939
|switch|p2a: Jimbo|Clodsire, F, shiny|100/100
|turn|18
|-message|austin90 forfeited.
|
|win|mrbungleberry
|raw|mrbungleberry's rating: 1131 &rarr; <strong>1158</strong><br />(+27 for winning)
|raw|austin90's rating: 1163 &rarr; <strong>1136</strong><br />(-27 for losing)
|l|☆austin90
|player|p2|
