|j|☆KenjiShiguma
|j|☆untoxablepex
|t:|1779706390
|gametype|singles
|player|p1|KenjiShiguma|pokemonbreeder-gen4|1164
|player|p2|untoxablepex|volkner|1188
|gen|9
|tier|[Gen 9] OU
|rated|
|rule|HP Percentage Mod: HP is shown in percentages
|rule|Endless Battle Clause: Forcing endless battles is banned
|rule|Species Clause: Limit one of each Pokémon
|rule|OHKO Clause: OHKO moves are banned
|rule|Evasion Items Clause: Evasion items are banned
|rule|Evasion Moves Clause: Evasion moves are banned
|rule|Evasion Abilities Clause: Evasion abilities are banned
|rule|Sleep Moves Clause: Sleep-inducing moves are banned
|clearpoke
|poke|p1|Golduck, F|
|poke|p1|Porygon2|
|poke|p1|Gardevoir, F|
|poke|p1|Grumpig, M|
|poke|p1|Toxapex, M|
|poke|p1|Hatterene, F|
|poke|p2|Ceruledge, M|
|poke|p2|Samurott-Hisui, M|
|poke|p2|Dragapult, M|
|poke|p2|Great Tusk|
|poke|p2|Raging Bolt|
|poke|p2|Iron Valiant|
|teampreview
|inactive|Battle timer is ON: inactive players will automatically lose when time's up. (requested by untoxablepex)
|
|t:|1779706408
|teamsize|p1|6
|teamsize|p2|6
|start
|switch|p1a: Hatterene|Hatterene, F|100/100
|switch|p2a: Nick Fuentes|Samurott-Hisui, M|100/100
|turn|1
|
|t:|1779706423
|move|p2a: Nick Fuentes|Ceaseless Edge|p1a: Hatterene
|-damage|p1a: Hatterene|55/100
|-sidestart|p1: KenjiShiguma|Spikes
|move|p1a: Hatterene|Reflect|p1a: Hatterene
|-sidestart|p1: KenjiShiguma|Reflect
|
|upkeep
|turn|2
|
|t:|1779706431
|move|p2a: Nick Fuentes|Ceaseless Edge|p1a: Hatterene
|-damage|p1a: Hatterene|30/100
|-sidestart|p1: KenjiShiguma|Spikes
|move|p1a: Hatterene|Charm|p2a: Nick Fuentes
|-unboost|p2a: Nick Fuentes|atk|2
|
|upkeep
|turn|3
|
|t:|1779706449
|switch|p2a: Charlie Kirk|Dragapult, M, shiny|100/100
|move|p1a: Hatterene|Skill Swap|p2a: Charlie Kirk
|-activate|p1a: Hatterene|Skill Swap|Infiltrator|Magic Bounce|[of] p2a: Charlie Kirk
|
|upkeep
|turn|4
|
|t:|1779706458
|move|p2a: Charlie Kirk|Shadow Ball|p1a: Hatterene
|-supereffective|p1a: Hatterene
|-damage|p1a: Hatterene|0 fnt
|faint|p1a: Hatterene
|
|upkeep
|
|t:|1779706465
|switch|p1a: Grumpig|Grumpig, M|100/100
|-damage|p1a: Grumpig|84/100|[from] Spikes
|turn|5
|
|t:|1779706471
|-terastallize|p1a: Grumpig|Poison
|move|p2a: Charlie Kirk|Shadow Ball|p1a: Grumpig
|-damage|p1a: Grumpig|48/100
|-unboost|p1a: Grumpig|spd|1
|-enditem|p1a: Grumpig|Sitrus Berry|[eat]
|-heal|p1a: Grumpig|73/100|[from] item: Sitrus Berry
|move|p1a: Grumpig|Simple Beam|p2a: Charlie Kirk
|move|p2a: Charlie Kirk|Simple Beam|p1a: Grumpig|[from] ability: Magic Bounce
|-ability|p1a: Grumpig|Simple|Gluttony|[from] move: Simple Beam
|
|upkeep
|turn|6
|
|t:|1779706485
|move|p2a: Charlie Kirk|Shadow Ball|p1a: Grumpig
|-damage|p1a: Grumpig|13/100
|move|p1a: Grumpig|Calm Mind|p1a: Grumpig
|-boost|p1a: Grumpig|spa|2
|-boost|p1a: Grumpig|spd|2
|
|upkeep
|turn|7
|-message|KenjiShiguma forfeited.
|
|win|untoxablepex
|raw|KenjiShiguma's rating: 1164 &rarr; <strong>1141</strong><br />(-23 for losing)
|raw|untoxablepex's rating: 1188 &rarr; <strong>1211</strong><br />(+23 for winning)
|l|☆KenjiShiguma
|player|p1|
|l|☆untoxablepex
|player|p2|
