|j|☆1331798aaa0
|j|☆AminitraboTTT
|t:|1779606636
|gametype|singles
|player|p1|1331798aaa0|dawn|
|player|p2|AminitraboTTT|supernerd|
|gen|9
|tier|[Gen 9] OU
|rule|HP Percentage Mod: HP is shown in percentages
|rule|Endless Battle Clause: Forcing endless battles is banned
|rule|Species Clause: Limit one of each Pokémon
|rule|OHKO Clause: OHKO moves are banned
|rule|Evasion Items Clause: Evasion items are banned
|rule|Evasion Moves Clause: Evasion moves are banned
|rule|Evasion Abilities Clause: Evasion abilities are banned
|rule|Sleep Moves Clause: Sleep-inducing moves are banned
|clearpoke
|poke|p1|Tyranitar, F|
|poke|p1|Great Tusk|
|poke|p1|Excadrill, M|
|poke|p1|Hippowdon, M|
|poke|p1|Garchomp, M|
|poke|p1|Ursaluna, M|
|poke|p2|Gliscor, M|
|poke|p2|Alomomola, M|
|poke|p2|Gholdengo|
|poke|p2|Hoopa-Unbound|
|poke|p2|Cinderace, F|
|poke|p2|Zamazenta-*|
|teampreview
|c|☆AminitraboTTT|Hola, soy AminitraboTTT, el bot de la sala Español. gl hf
|inactive|Battle timer is ON: inactive players will automatically lose when time's up. (requested by AminitraboTTT)
|inactive|1331798aaa0 also wants the timer to be on.
|
|t:|1779606639
|teamsize|p1|6
|teamsize|p2|6
|start
|switch|p1a: Hippowdon|Hippowdon, M|100/100
|switch|p2a: Alomomola|Alomomola, M|100/100
|-weather|Sandstorm|[from] ability: Sand Stream|[of] p1a: Hippowdon
|turn|1
|
|t:|1779606644
|switch|p2a: Gliscor|Gliscor, M|100/100
|move|p1a: Hippowdon|Stealth Rock|p2a: Gliscor
|-sidestart|p2: AminitraboTTT|move: Stealth Rock
|
|-weather|Sandstorm|[upkeep]
|-status|p2a: Gliscor|tox|[from] item: Toxic Orb
|upkeep
|turn|2
|
|t:|1779606647
|-terastallize|p2a: Gliscor|Normal
|move|p2a: Gliscor|Protect|p2a: Gliscor
|-singleturn|p2a: Gliscor|Protect
|move|p1a: Hippowdon|Whirlwind|p2a: Gliscor
|drag|p2a: Cinderace|Cinderace, F|100/100
|
|-weather|Sandstorm|[upkeep]
|-damage|p2a: Cinderace|95/100|[from] Sandstorm
|upkeep
|turn|3
|
|t:|1779606655
|switch|p2a: Gliscor|Gliscor, M, tera:Normal|100/100 tox
|-damage|p2a: Gliscor|88/100 tox|[from] Stealth Rock
|switch|p1a: Ursaluna|Ursaluna, M|100/100
|
|-weather|Sandstorm|[upkeep]
|-damage|p2a: Gliscor|82/100 tox|[from] Sandstorm
|-heal|p2a: Gliscor|94/100 tox|[from] ability: Poison Heal
|-status|p1a: Ursaluna|brn|[from] item: Flame Orb
|upkeep
|turn|4
|
|t:|1779606661
|switch|p2a: Gholdengo|Gholdengo|100/100
|-damage|p2a: Gholdengo|94/100|[from] Stealth Rock
|move|p1a: Ursaluna|Close Combat|p2a: Gholdengo
|-immune|p2a: Gholdengo
|
|-weather|Sandstorm|[upkeep]
|-damage|p1a: Ursaluna|94/100 brn|[from] brn
|upkeep
|turn|5
|
|t:|1779606669
|switch|p1a: Great Tusk|Great Tusk|100/100
|-enditem|p1a: Great Tusk|Booster Energy
|-activate|p1a: Great Tusk|ability: Protosynthesis|[fromitem]
|-start|p1a: Great Tusk|protosynthesisatk
|move|p2a: Gholdengo|Trick|p1a: Great Tusk
|-activate|p2a: Gholdengo|move: Trick|[of] p1a: Great Tusk
|-item|p1a: Great Tusk|Choice Scarf|[from] move: Trick
|-enditem|p2a: Gholdengo|Choice Scarf|[silent]|[from] move: Trick
|
|-weather|Sandstorm|[upkeep]
|upkeep
|turn|6
|
|t:|1779606674
|switch|p2a: Hoopa|Hoopa-Unbound|100/100
|-damage|p2a: Hoopa|88/100|[from] Stealth Rock
|move|p1a: Great Tusk|Earthquake|p2a: Hoopa
|-damage|p2a: Hoopa|11/100
|
|-weather|Sandstorm|[upkeep]
|-damage|p2a: Hoopa|5/100|[from] Sandstorm
|upkeep
|turn|7
|
|t:|1779606682
|move|p1a: Great Tusk|Earthquake|p2a: Hoopa
|-damage|p2a: Hoopa|0 fnt
|faint|p2a: Hoopa
|
|-weather|Sandstorm|[upkeep]
|upkeep
|
|t:|1779606682
|switch|p2a: Gholdengo|Gholdengo|94/100
|-damage|p2a: Gholdengo|88/100|[from] Stealth Rock
|turn|8
|
|t:|1779606688
|move|p1a: Great Tusk|Earthquake|p2a: Gholdengo
|-supereffective|p2a: Gholdengo
|-damage|p2a: Gholdengo|0 fnt
|faint|p2a: Gholdengo
|
|-weather|none
|upkeep
|
|t:|1779606688
|switch|p2a: Alomomola|Alomomola, M|100/100
|-damage|p2a: Alomomola|88/100|[from] Stealth Rock
|turn|9
|
|t:|1779606691
|move|p1a: Great Tusk|Earthquake|p2a: Alomomola
|-damage|p2a: Alomomola|51/100
|-enditem|p2a: Alomomola|Red Card|[of] p1a: Great Tusk
|-end|p1a: Great Tusk|Protosynthesis|[silent]
|drag|p1a: Excadrill|Excadrill, M|100/100
|move|p2a: Alomomola|Wish|p2a: Alomomola
|
|upkeep
|turn|10
|
|t:|1779606697
|switch|p1a: Hippowdon|Hippowdon, M|100/100
|-weather|Sandstorm|[from] ability: Sand Stream|[of] p1a: Hippowdon
|move|p2a: Alomomola|Acrobatics|p1a: Hippowdon
|-damage|p1a: Hippowdon|86/100
|
|-weather|Sandstorm|[upkeep]
|-damage|p2a: Alomomola|45/100|[from] Sandstorm
|-heal|p2a: Alomomola|94/100|[from] move: Wish|[wisher] Alomomola
|upkeep
|turn|11
|
|t:|1779606700
|switch|p2a: Gliscor|Gliscor, M, tera:Normal|94/100 tox
|-damage|p2a: Gliscor|82/100 tox|[from] Stealth Rock
|move|p1a: Hippowdon|Whirlwind|p2a: Gliscor
|drag|p2a: Zamazenta|Zamazenta|100/100
|-damage|p2a: Zamazenta|95/100|[from] Stealth Rock
|-ability|p2a: Zamazenta|Dauntless Shield|boost
|-boost|p2a: Zamazenta|def|1
|
|-weather|Sandstorm|[upkeep]
|-damage|p2a: Zamazenta|89/100|[from] Sandstorm
|-heal|p2a: Zamazenta|95/100|[from] item: Leftovers
|upkeep
|turn|12
|
|t:|1779606711
|switch|p2a: Gliscor|Gliscor, M, tera:Normal|82/100 tox
|-damage|p2a: Gliscor|69/100 tox|[from] Stealth Rock
|switch|p1a: Excadrill|Excadrill, M|100/100
|
|-weather|Sandstorm|[upkeep]
|-damage|p2a: Gliscor|63/100 tox|[from] Sandstorm
|-heal|p2a: Gliscor|75/100 tox|[from] ability: Poison Heal
|upkeep
|turn|13
|
|t:|1779606715
|move|p1a: Excadrill|Brick Break|p2a: Gliscor
|-supereffective|p2a: Gliscor
|-damage|p2a: Gliscor|10/100 tox
|-damage|p1a: Excadrill|91/100|[from] item: Life Orb
|move|p2a: Gliscor|Swords Dance|p2a: Gliscor
|-boost|p2a: Gliscor|atk|2
|
|-weather|Sandstorm|[upkeep]
|-damage|p2a: Gliscor|4/100 tox|[from] Sandstorm
|-heal|p2a: Gliscor|16/100 tox|[from] ability: Poison Heal
|upkeep
|turn|14
|
|t:|1779606718
|move|p1a: Excadrill|Brick Break|p2a: Gliscor
|-supereffective|p2a: Gliscor
|-damage|p2a: Gliscor|0 fnt
|faint|p2a: Gliscor
|-damage|p1a: Excadrill|81/100|[from] item: Life Orb
|
|-weather|Sandstorm|[upkeep]
|upkeep
|
|t:|1779606719
|switch|p2a: Alomomola|Alomomola, M|100/100
|-damage|p2a: Alomomola|88/100|[from] Stealth Rock
|turn|15
|
|t:|1779606722
|switch|p1a: Hippowdon|Hippowdon, M|86/100
|move|p2a: Alomomola|Protect||[still]
|-fail|p2a: Alomomola
|
|-weather|Sandstorm|[upkeep]
|-damage|p2a: Alomomola|82/100|[from] Sandstorm
|upkeep
|turn|16
|
|t:|1779606726
|move|p2a: Alomomola|Wish|p2a: Alomomola
|move|p1a: Hippowdon|Whirlwind|p2a: Alomomola
|drag|p2a: Cinderace|Cinderace, F|95/100
|
|-weather|Sandstorm|[upkeep]
|-damage|p2a: Cinderace|89/100|[from] Sandstorm
|upkeep
|turn|17
|
|t:|1779606732
|move|p2a: Cinderace|Pyro Ball|p1a: Hippowdon
|-damage|p1a: Hippowdon|43/100
|move|p1a: Hippowdon|Earthquake|p2a: Cinderace
|-supereffective|p2a: Cinderace
|-damage|p2a: Cinderace|0 fnt
|faint|p2a: Cinderace
|
|-weather|none
|upkeep
|
|t:|1779606732
|switch|p2a: Alomomola|Alomomola, M|100/100
|-damage|p2a: Alomomola|88/100|[from] Stealth Rock
|turn|18
|
|t:|1779606740
|switch|p1a: Great Tusk|Great Tusk|100/100
|move|p2a: Alomomola|Protect||[still]
|-fail|p2a: Alomomola
|
|upkeep
|turn|19
|
|t:|1779606746
|-end|p1a: Great Tusk|Protosynthesis|[silent]
|switch|p1a: Hippowdon|Hippowdon, M|43/100
|-weather|Sandstorm|[from] ability: Sand Stream|[of] p1a: Hippowdon
|move|p2a: Alomomola|Wish|p2a: Alomomola
|
|-weather|Sandstorm|[upkeep]
|-damage|p2a: Alomomola|82/100|[from] Sandstorm
|upkeep
|turn|20
|
|t:|1779606751
|switch|p1a: Garchomp|Garchomp, M|100/100
|move|p2a: Alomomola|Protect||[still]
|-fail|p2a: Alomomola
|
|-weather|Sandstorm|[upkeep]
|-damage|p2a: Alomomola|76/100|[from] Sandstorm
|-heal|p2a: Alomomola|100/100|[from] move: Wish|[wisher] Alomomola
|upkeep
|turn|21
|
|t:|1779606753
|switch|p2a: Zamazenta|Zamazenta|95/100
|-damage|p2a: Zamazenta|89/100|[from] Stealth Rock
|move|p1a: Garchomp|Swords Dance|p1a: Garchomp
|-boost|p1a: Garchomp|atk|2
|
|-weather|Sandstorm|[upkeep]
|-damage|p2a: Zamazenta|83/100|[from] Sandstorm
|-heal|p2a: Zamazenta|89/100|[from] item: Leftovers
|upkeep
|turn|22
|
|t:|1779606760
|move|p1a: Garchomp|Earthquake|p2a: Zamazenta
|-damage|p2a: Zamazenta|16/100
|move|p2a: Zamazenta|Roar|p1a: Garchomp
|drag|p1a: Great Tusk|Great Tusk|100/100
|
|-weather|Sandstorm|[upkeep]
|-damage|p2a: Zamazenta|10/100|[from] Sandstorm
|-heal|p2a: Zamazenta|16/100|[from] item: Leftovers
|upkeep
|turn|23
|
|t:|1779606766
|switch|p2a: Alomomola|Alomomola, M|100/100
|-damage|p2a: Alomomola|88/100|[from] Stealth Rock
|move|p1a: Great Tusk|Earthquake|p2a: Alomomola
|-damage|p2a: Alomomola|59/100
|
|-weather|Sandstorm|[upkeep]
|-damage|p2a: Alomomola|53/100|[from] Sandstorm
|upkeep
|turn|24
|
|t:|1779606769
|move|p1a: Great Tusk|Earthquake|p2a: Alomomola
|-damage|p2a: Alomomola|22/100
|move|p2a: Alomomola|Flip Turn|p1a: Great Tusk
|-supereffective|p1a: Great Tusk
|-damage|p1a: Great Tusk|81/100
|
|t:|1779606769
|switch|p2a: Zamazenta|Zamazenta|16/100|[from] Flip Turn
|-damage|p2a: Zamazenta|10/100|[from] Stealth Rock
|
|-weather|Sandstorm|[upkeep]
|-damage|p2a: Zamazenta|4/100|[from] Sandstorm
|-heal|p2a: Zamazenta|10/100|[from] item: Leftovers
|upkeep
|turn|25
|
|t:|1779606772
|switch|p2a: Alomomola|Alomomola, M|55/100
|-damage|p2a: Alomomola|42/100|[from] Stealth Rock
|move|p1a: Great Tusk|Earthquake|p2a: Alomomola
|-damage|p2a: Alomomola|11/100
|
|-weather|Sandstorm|[upkeep]
|-damage|p2a: Alomomola|4/100|[from] Sandstorm
|upkeep
|turn|26
|
|t:|1779606775
|move|p1a: Great Tusk|Earthquake|p2a: Alomomola
|-damage|p2a: Alomomola|0 fnt
|faint|p2a: Alomomola
|
|-weather|none
|upkeep
|
|t:|1779606775
|switch|p2a: Zamazenta|Zamazenta|10/100
|-damage|p2a: Zamazenta|4/100|[from] Stealth Rock
|turn|27
|
|t:|1779606778
|move|p2a: Zamazenta|Body Press|p1a: Great Tusk
|-damage|p1a: Great Tusk|56/100
|move|p1a: Great Tusk|Earthquake|p2a: Zamazenta
|-damage|p2a: Zamazenta|0 fnt
|faint|p2a: Zamazenta
|
|win|1331798aaa0
|c|☆AminitraboTTT|hax c:
|l|☆AminitraboTTT
|player|p2|
