|j|☆jucoxdeluxe
|j|☆pointymetagross
|t:|1779661240
|gametype|singles
|player|p1|jucoxdeluxe|rocketgrunt|1098
|player|p2|pointymetagross|101|1060
|gen|9
|tier|[Gen 9] OU
|rated|
|rule|HP Percentage Mod: HP is shown in percentages
|rule|Endless Battle Clause: Forcing endless battles is banned
|rule|Species Clause: Limit one of each Pokémon
|rule|OHKO Clause: OHKO moves are banned
|rule|Evasion Items Clause: Evasion items are banned
|rule|Evasion Moves Clause: Evasion moves are banned
|rule|Evasion Abilities Clause: Evasion abilities are banned
|rule|Sleep Moves Clause: Sleep-inducing moves are banned
|clearpoke
|poke|p1|Blastoise, F|
|poke|p1|Dodrio, F|
|poke|p1|Arcanine, M|
|poke|p1|Rhydon, M|
|poke|p1|Hitmonlee, M|
|poke|p1|Raichu, F|
|poke|p2|Inteleon, F|
|poke|p2|Blaziken, M|
|poke|p2|Iron Valiant|
|poke|p2|Electrode-Hisui|
|poke|p2|Gholdengo|
|poke|p2|Darkrai|
|teampreview
|inactive|Battle timer is ON: inactive players will automatically lose when time's up. (requested by pointymetagross)
|
|t:|1779661263
|teamsize|p1|6
|teamsize|p2|6
|start
|switch|p1a: Arcanine|Arcanine, M|100/100
|switch|p2a: FukEverything|Inteleon, F, shiny|100/100
|-ability|p1a: Arcanine|Intimidate|boost
|-unboost|p2a: FukEverything|atk|1
|turn|1
|
|t:|1779661274
|-terastallize|p1a: Arcanine|Normal
|move|p2a: FukEverything|Snipe Shot|p1a: Arcanine
|-damage|p1a: Arcanine|45/100
|move|p1a: Arcanine|Curse|p1a: Arcanine
|-unboost|p1a: Arcanine|spe|1
|-boost|p1a: Arcanine|atk|1
|-boost|p1a: Arcanine|def|1
|
|-heal|p1a: Arcanine|52/100|[from] item: Leftovers
|upkeep
|turn|2
|
|t:|1779661285
|move|p1a: Arcanine|Extreme Speed|p2a: FukEverything
|-crit|p2a: FukEverything
|-damage|p2a: FukEverything|0 fnt
|faint|p2a: FukEverything
|
|-heal|p1a: Arcanine|58/100|[from] item: Leftovers
|upkeep
|
|t:|1779661288
|switch|p2a: FukDarkrai|Gholdengo|100/100
|turn|3
|
|t:|1779661296
|switch|p2a: FukKingambit|Blaziken, M|100/100
|move|p1a: Arcanine|Raging Fury|p2a: FukKingambit
|-resisted|p2a: FukKingambit
|-damage|p2a: FukKingambit|30/100
|
|-heal|p1a: Arcanine|64/100|[from] item: Leftovers
|upkeep
|turn|4
|
|t:|1779661306
|move|p2a: FukKingambit|Swords Dance|p2a: FukKingambit
|-boost|p2a: FukKingambit|atk|2
|move|p1a: Arcanine|Raging Fury|p2a: FukKingambit|[from] lockedmove
|-resisted|p2a: FukKingambit
|-damage|p2a: FukKingambit|0 fnt
|faint|p2a: FukKingambit
|-start|p1a: Arcanine|confusion|[fatigue]
|
|-heal|p1a: Arcanine|70/100|[from] item: Leftovers
|upkeep
|
|t:|1779661316
|switch|p2a: FukYaChiknStrips|Electrode-Hisui|100/100
|turn|5
|
|t:|1779661321
|switch|p1a: Rhydon|Rhydon, M|100/100
|-terastallize|p2a: FukYaChiknStrips|Normal
|move|p2a: FukYaChiknStrips|Explosion|p1a: Rhydon
|-resisted|p1a: Rhydon
|-damage|p1a: Rhydon|83/100
|faint|p2a: FukYaChiknStrips
|
|upkeep
|inactive|pointymetagross has 120 seconds left.
|-message|pointymetagross forfeited.
|
|win|jucoxdeluxe
|raw|jucoxdeluxe's rating: 1098 &rarr; <strong>1121</strong><br />(+23 for winning)
|raw|pointymetagross's rating: 1060 &rarr; <strong>1043</strong><br />(-17 for losing)
|l|☆pointymetagross
|player|p2|
|l|☆jucoxdeluxe
|player|p1|
