|j|☆zTal
|j|☆Ak444me
|t:|1779647729
|gametype|singles
|player|p1|zTal|265|1200
|player|p2|Ak444me|elesa|1142
|gen|9
|tier|[Gen 9] OU
|rated|
|rule|HP Percentage Mod: HP is shown in percentages
|rule|Endless Battle Clause: Forcing endless battles is banned
|rule|Species Clause: Limit one of each Pokémon
|rule|OHKO Clause: OHKO moves are banned
|rule|Evasion Items Clause: Evasion items are banned
|rule|Evasion Moves Clause: Evasion moves are banned
|rule|Evasion Abilities Clause: Evasion abilities are banned
|rule|Sleep Moves Clause: Sleep-inducing moves are banned
|clearpoke
|poke|p1|Ribombee, M|
|poke|p1|Kingambit, F|
|poke|p1|Iron Valiant|
|poke|p1|Dragapult, F|
|poke|p1|Dragonite, F|
|poke|p1|Great Tusk|
|poke|p2|Walking Wake|
|poke|p2|Ninetales, F|
|poke|p2|Comfey, M|
|poke|p2|Hatterene, F|
|poke|p2|Whimsicott, F|
|poke|p2|Appletun, F|
|teampreview
|inactive|Battle timer is ON: inactive players will automatically lose when time's up. (requested by Ak444me)
|
|t:|1779647746
|teamsize|p1|6
|teamsize|p2|6
|start
|switch|p1a: Ribombee|Ribombee, M|100/100
|switch|p2a: Ninetales|Ninetales, F|100/100
|-weather|SunnyDay|[from] ability: Drought|[of] p2a: Ninetales
|turn|1
|
|t:|1779647753
|switch|p2a: Hatterene|Hatterene, F|100/100
|move|p1a: Ribombee|Sticky Web|p2a: Hatterene
|move|p2a: Hatterene|Sticky Web|p1a: Ribombee|[from] ability: Magic Bounce
|-sidestart|p1: zTal|move: Sticky Web
|
|-weather|SunnyDay|[upkeep]
|upkeep
|turn|2
|inactive|zTal has 120 seconds left.
|
|t:|1779647797
|move|p1a: Ribombee|Moonblast|p2a: Hatterene
|-damage|p2a: Hatterene|62/100
|move|p2a: Hatterene|Light Screen|p2a: Hatterene
|-sidestart|p2: Ak444me|move: Light Screen
|
|-weather|SunnyDay|[upkeep]
|upkeep
|turn|3
|c|☆Ak444me|Bro?
|
|t:|1779647825
|switch|p1a: Kingambit|Kingambit, F|100/100
|-activate|p1a: Kingambit|move: Sticky Web
|-unboost|p1a: Kingambit|spe|1
|move|p2a: Hatterene|Draining Kiss|p1a: Kingambit
|-damage|p1a: Kingambit|76/100
|-heal|p2a: Hatterene|87/100|[from] drain|[of] p1a: Kingambit
|
|-weather|SunnyDay|[upkeep]
|upkeep
|turn|4
|
|t:|1779647837
|move|p1a: Kingambit|Iron Head|p2a: Hatterene
|-supereffective|p2a: Hatterene
|-damage|p2a: Hatterene|0 fnt
|faint|p2a: Hatterene
|
|-weather|SunnyDay|[upkeep]
|upkeep
|
|t:|1779647842
|switch|p2a: Appletun|Appletun, F|100/100
|turn|5
|
|t:|1779647853
|move|p1a: Kingambit|Swords Dance|p1a: Kingambit
|-boost|p1a: Kingambit|atk|2
|move|p2a: Appletun|Iron Defense|p2a: Appletun
|-boost|p2a: Appletun|def|2
|
|-weather|SunnyDay|[upkeep]
|upkeep
|turn|6
|inactive|zTal has 90 seconds left.
|
|t:|1779647874
|-end|p1a: Kingambit|fallenundefined|[silent]
|switch|p1a: Ribombee|Ribombee, M|100/100
|-activate|p1a: Ribombee|move: Sticky Web
|-unboost|p1a: Ribombee|spe|1
|move|p2a: Appletun|Body Press|p1a: Ribombee
|-resisted|p1a: Ribombee
|-damage|p1a: Ribombee|86/100
|
|-weather|SunnyDay|[upkeep]
|upkeep
|turn|7
|inactive|zTal has 90 seconds left.
|
|t:|1779647885
|move|p1a: Ribombee|Sticky Web|p2a: Appletun
|-sidestart|p2: Ak444me|move: Sticky Web
|move|p2a: Appletun|Iron Defense|p2a: Appletun
|-boost|p2a: Appletun|def|2
|
|-weather|SunnyDay|[upkeep]
|upkeep
|turn|8
|inactive|zTal has 90 seconds left.
|
|t:|1779647896
|move|p1a: Ribombee|Moonblast|p2a: Appletun
|-supereffective|p2a: Appletun
|-damage|p2a: Appletun|75/100
|move|p2a: Appletun|Leech Seed|p1a: Ribombee
|-start|p1a: Ribombee|move: Leech Seed
|
|-weather|none
|-heal|p2a: Appletun|81/100|[from] item: Leftovers
|-damage|p1a: Ribombee|73/100|[from] Leech Seed|[of] p2a: Appletun
|-heal|p2a: Appletun|89/100|[silent]
|upkeep
|turn|9
|inactive|zTal has 90 seconds left.
|
|t:|1779647911
|move|p1a: Ribombee|Moonblast|p2a: Appletun
|-supereffective|p2a: Appletun
|-damage|p2a: Appletun|62/100
|move|p2a: Appletun|Apple Acid|p1a: Ribombee
|-resisted|p1a: Ribombee
|-crit|p1a: Ribombee
|-damage|p1a: Ribombee|38/100
|
|-heal|p2a: Appletun|68/100|[from] item: Leftovers
|-damage|p1a: Ribombee|26/100|[from] Leech Seed|[of] p2a: Appletun
|-heal|p2a: Appletun|76/100|[silent]
|-sideend|p2: Ak444me|move: Light Screen
|upkeep
|turn|10
|inactive|zTal has 90 seconds left.
|
|t:|1779647925
|move|p1a: Ribombee|Moonblast|p2a: Appletun
|-supereffective|p2a: Appletun
|-damage|p2a: Appletun|24/100
|-unboost|p2a: Appletun|spa|1
|move|p2a: Appletun|Apple Acid|p1a: Ribombee
|-resisted|p1a: Ribombee
|-damage|p1a: Ribombee|10/100
|
|-heal|p2a: Appletun|31/100|[from] item: Leftovers
|-damage|p1a: Ribombee|0 fnt|[from] Leech Seed|[of] p2a: Appletun
|-heal|p2a: Appletun|37/100|[silent]
|faint|p1a: Ribombee
|upkeep
|
|t:|1779647943
|switch|p1a: Dragapult|Dragapult, F|100/100
|-activate|p1a: Dragapult|move: Sticky Web
|-unboost|p1a: Dragapult|spe|1
|turn|11
|
|t:|1779647955
|move|p1a: Dragapult|Draco Meteor|p2a: Appletun|[miss]
|-miss|p1a: Dragapult|p2a: Appletun
|move|p2a: Appletun|Apple Acid|p1a: Dragapult
|-resisted|p1a: Dragapult
|-damage|p1a: Dragapult|87/100
|-unboost|p1a: Dragapult|spd|1
|
|-heal|p2a: Appletun|43/100|[from] item: Leftovers
|upkeep
|turn|12
|
|t:|1779647964
|move|p1a: Dragapult|Draco Meteor|p2a: Appletun
|-supereffective|p2a: Appletun
|-damage|p2a: Appletun|0 fnt
|-unboost|p1a: Dragapult|spa|2
|faint|p2a: Appletun
|
|upkeep
|
|t:|1779647969
|switch|p2a: Ninetales|Ninetales, F|100/100
|-activate|p2a: Ninetales|move: Sticky Web
|-unboost|p2a: Ninetales|spe|1
|-weather|SunnyDay|[from] ability: Drought|[of] p2a: Ninetales
|turn|13
|inactive|zTal has 90 seconds left.
|
|t:|1779647977
|switch|p1a: Dragonite|Dragonite, F|100/100
|switch|p2a: Comfey|Comfey, M|100/100
|-activate|p2a: Comfey|move: Sticky Web
|-unboost|p2a: Comfey|spe|1
|
|-weather|SunnyDay|[upkeep]
|upkeep
|turn|14
|inactive|zTal has 90 seconds left.
|
|t:|1779647993
|switch|p1a: Kingambit|Kingambit, F|76/100
|-activate|p1a: Kingambit|move: Sticky Web
|-unboost|p1a: Kingambit|spe|1
|-activate|p1a: Kingambit|ability: Supreme Overlord
|-start|p1a: Kingambit|fallen1|[silent]
|move|p2a: Comfey|Growth|p2a: Comfey
|-boost|p2a: Comfey|atk|2
|-boost|p2a: Comfey|spa|2
|
|-weather|SunnyDay|[upkeep]
|upkeep
|turn|15
|inactive|zTal has 90 seconds left.
|
|t:|1779648005
|-terastallize|p2a: Comfey|Steel
|move|p2a: Comfey|Growth|p2a: Comfey
|-boost|p2a: Comfey|atk|2
|-boost|p2a: Comfey|spa|2
|move|p1a: Kingambit|Iron Head|p2a: Comfey
|-resisted|p2a: Comfey
|-damage|p2a: Comfey|61/100
|
|-weather|SunnyDay|[upkeep]
|upkeep
|turn|16
|inactive|zTal has 90 seconds left.
|
|t:|1779648020
|-end|p1a: Kingambit|fallen1|[silent]
|switch|p1a: Great Tusk|Great Tusk|100/100
|-activate|p1a: Great Tusk|move: Sticky Web
|-unboost|p1a: Great Tusk|spe|1
|-activate|p1a: Great Tusk|ability: Protosynthesis
|-start|p1a: Great Tusk|protosynthesisatk
|move|p2a: Comfey|Draining Kiss|p1a: Great Tusk
|-supereffective|p1a: Great Tusk
|-damage|p1a: Great Tusk|0 fnt
|-heal|p2a: Comfey|100/100|[from] drain|[of] p1a: Great Tusk
|faint|p1a: Great Tusk
|-end|p1a: Great Tusk|Protosynthesis|[silent]
|
|-weather|SunnyDay|[upkeep]
|upkeep
|inactive|zTal has 60 seconds left.
|
|t:|1779648047
|switch|p1a: Iron Valiant|Iron Valiant|100/100
|-activate|p1a: Iron Valiant|move: Sticky Web
|-unboost|p1a: Iron Valiant|spe|1
|-enditem|p1a: Iron Valiant|Booster Energy
|-activate|p1a: Iron Valiant|ability: Quark Drive|[fromitem]
|-start|p1a: Iron Valiant|quarkdriveatk
|turn|17
|inactive|zTal has 60 seconds left.
|c|☆Ak444me|Bro c mon
|inactive|zTal has 30 seconds left.
|
|t:|1779648089
|-end|p1a: Iron Valiant|Quark Drive|[silent]
|switch|p1a: Kingambit|Kingambit, F|76/100
|-activate|p1a: Kingambit|move: Sticky Web
|-unboost|p1a: Kingambit|spe|1
|-activate|p1a: Kingambit|ability: Supreme Overlord
|-start|p1a: Kingambit|fallen2|[silent]
|move|p2a: Comfey|Draining Kiss|p1a: Kingambit
|-damage|p1a: Kingambit|10/100
|
|-weather|SunnyDay|[upkeep]
|upkeep
|turn|18
|inactive|zTal has 30 seconds left.
|
|t:|1779648103
|move|p1a: Kingambit|Sucker Punch||[still]
|-fail|p1a: Kingambit
|move|p2a: Comfey|Growth|p2a: Comfey
|-boost|p2a: Comfey|atk|2
|-boost|p2a: Comfey|spa|2
|
|-weather|SunnyDay|[upkeep]
|upkeep
|turn|19
|
|t:|1779648110
|move|p1a: Kingambit|Sucker Punch|p2a: Comfey
|-damage|p2a: Comfey|16/100
|-enditem|p2a: Comfey|Salac Berry|[eat]
|-boost|p2a: Comfey|spe|1|[from] item: Salac Berry
|move|p2a: Comfey|Stored Power|p1a: Kingambit
|-immune|p1a: Kingambit
|
|-weather|SunnyDay|[upkeep]
|upkeep
|turn|20
|
|t:|1779648118
|move|p2a: Comfey|Draining Kiss|p1a: Kingambit
|-damage|p1a: Kingambit|0 fnt
|-heal|p2a: Comfey|27/100|[from] drain|[of] p1a: Kingambit
|faint|p1a: Kingambit
|-end|p1a: Kingambit|fallen2|[silent]
|
|-weather|none
|upkeep
|
|t:|1779648131
|switch|p1a: Dragonite|Dragonite, F|100/100
|turn|21
|
|t:|1779648142
|move|p2a: Comfey|Draining Kiss|p1a: Dragonite
|-supereffective|p1a: Dragonite
|-damage|p1a: Dragonite|14/100
|-heal|p2a: Comfey|100/100|[from] drain|[of] p1a: Dragonite
|move|p1a: Dragonite|Fire Punch|p2a: Comfey
|-supereffective|p2a: Comfey
|-damage|p2a: Comfey|12/100
|-status|p2a: Comfey|brn
|
|-damage|p2a: Comfey|5/100 brn|[from] brn
|upkeep
|turn|22
|
|t:|1779648154
|move|p2a: Comfey|Draining Kiss|p1a: Dragonite
|-supereffective|p1a: Dragonite
|-damage|p1a: Dragonite|0 fnt
|-heal|p2a: Comfey|19/100 brn|[from] drain|[of] p1a: Dragonite
|faint|p1a: Dragonite
|
|-damage|p2a: Comfey|12/100 brn|[from] brn
|upkeep
|
|t:|1779648163
|switch|p1a: Iron Valiant|Iron Valiant|100/100
|-activate|p1a: Iron Valiant|move: Sticky Web
|-unboost|p1a: Iron Valiant|spe|1
|turn|23
|
|t:|1779648172
|move|p2a: Comfey|Draining Kiss|p1a: Iron Valiant
|-supereffective|p1a: Iron Valiant
|-damage|p1a: Iron Valiant|0 fnt
|-heal|p2a: Comfey|100/100 brn|[from] drain|[of] p1a: Iron Valiant
|faint|p1a: Iron Valiant
|-end|p1a: Iron Valiant|Quark Drive|[silent]
|
|-damage|p2a: Comfey|94/100 brn|[from] brn
|upkeep
|c|☆Ak444me|Ez
|
|t:|1779648180
|switch|p1a: Dragapult|Dragapult, F|87/100
|-activate|p1a: Dragapult|move: Sticky Web
|-unboost|p1a: Dragapult|spe|1
|turn|24
|
|t:|1779648184
|move|p2a: Comfey|Draining Kiss|p1a: Dragapult
|-supereffective|p1a: Dragapult
|-damage|p1a: Dragapult|0 fnt
|-heal|p2a: Comfey|100/100 brn|[from] drain|[of] p1a: Dragapult
|faint|p1a: Dragapult
|
|win|Ak444me
|raw|zTal's rating: 1200 &rarr; <strong>1171</strong><br />(-29 for losing)
|raw|Ak444me's rating: 1142 &rarr; <strong>1171</strong><br />(+29 for winning)
|l|☆Ak444me
|player|p2|
|l|☆zTal
|player|p1|
