|j|☆vitaoalve
|j|☆capitalist duck
|t:|1779625802
|gametype|singles
|player|p1|vitaoalve|170|1416
|player|p2|capitalist duck|cyclist|1481
|gen|9
|tier|[Gen 9] OU
|rated|
|rule|HP Percentage Mod: HP is shown in percentages
|rule|Endless Battle Clause: Forcing endless battles is banned
|rule|Species Clause: Limit one of each Pokémon
|rule|OHKO Clause: OHKO moves are banned
|rule|Evasion Items Clause: Evasion items are banned
|rule|Evasion Moves Clause: Evasion moves are banned
|rule|Evasion Abilities Clause: Evasion abilities are banned
|rule|Sleep Moves Clause: Sleep-inducing moves are banned
|clearpoke
|poke|p1|Great Tusk|
|poke|p1|Gholdengo|
|poke|p1|Kingambit, F|
|poke|p1|Raging Bolt|
|poke|p1|Ogerpon-Wellspring, F|
|poke|p1|Dragonite, M|
|poke|p2|Pecharunt|
|poke|p2|Mabosstiff, M|
|poke|p2|Volcanion|
|poke|p2|Iron Valiant|
|poke|p2|Landorus-Therian, M|
|poke|p2|Deoxys-Speed|
|teampreview
|inactive|Battle timer is ON: inactive players will automatically lose when time's up. (requested by capitalist duck)
|
|t:|1779625829
|teamsize|p1|6
|teamsize|p2|6
|start
|switch|p1a: Ogerpon|Ogerpon-Wellspring, F|100/100
|switch|p2a: Mabosstiff|Mabosstiff, M, shiny|100/100
|-ability|p2a: Mabosstiff|Intimidate|boost
|-unboost|p1a: Ogerpon|atk|1
|turn|1
|
|t:|1779625846
|switch|p2a: Volcanion|Volcanion|100/100
|move|p1a: Ogerpon|U-turn|p2a: Volcanion
|-resisted|p2a: Volcanion
|-damage|p2a: Volcanion|94/100
|
|t:|1779625853
|switch|p1a: Raging Bolt|Raging Bolt|100/100|[from] U-turn
|-enditem|p1a: Raging Bolt|Booster Energy
|-activate|p1a: Raging Bolt|ability: Protosynthesis|[fromitem]
|-start|p1a: Raging Bolt|protosynthesisspa
|
|-heal|p2a: Volcanion|99/100|[from] item: Leftovers
|upkeep
|turn|2
|
|t:|1779625861
|switch|p2a: Iron Valiant|Iron Valiant|100/100
|-enditem|p2a: Iron Valiant|Booster Energy
|-activate|p2a: Iron Valiant|ability: Quark Drive|[fromitem]
|-start|p2a: Iron Valiant|quarkdrivespe
|move|p1a: Raging Bolt|Calm Mind|p1a: Raging Bolt
|-boost|p1a: Raging Bolt|spa|1
|-boost|p1a: Raging Bolt|spd|1
|
|upkeep
|turn|3
|
|t:|1779625869
|move|p1a: Raging Bolt|Thunderclap||[still]
|-fail|p1a: Raging Bolt
|move|p2a: Iron Valiant|Encore|p1a: Raging Bolt
|-start|p1a: Raging Bolt|Encore
|
|upkeep
|turn|4
|
|t:|1779625877
|-end|p2a: Iron Valiant|Quark Drive|[silent]
|switch|p2a: Landorus|Landorus-Therian, M|100/100
|-ability|p2a: Landorus|Intimidate|boost
|-unboost|p1a: Raging Bolt|atk|1
|move|p1a: Raging Bolt|Thunderclap||[still]
|-fail|p1a: Raging Bolt
|
|upkeep
|turn|5
|
|t:|1779625883
|-end|p1a: Raging Bolt|Protosynthesis|[silent]
|switch|p1a: Gholdengo|Gholdengo|100/100
|-item|p1a: Gholdengo|Air Balloon
|move|p2a: Landorus|Stealth Rock|p1a: Gholdengo
|-sidestart|p1: vitaoalve|move: Stealth Rock
|
|upkeep
|turn|6
|
|t:|1779625888
|move|p2a: Landorus|U-turn|p1a: Gholdengo
|-resisted|p1a: Gholdengo
|-damage|p1a: Gholdengo|94/100
|-enditem|p1a: Gholdengo|Air Balloon
|
|t:|1779625895
|switch|p2a: Volcanion|Volcanion|99/100|[from] U-turn
|move|p1a: Gholdengo|Make It Rain|p2a: Volcanion
|-resisted|p2a: Volcanion
|-damage|p2a: Volcanion|82/100
|-unboost|p1a: Gholdengo|spa|1
|
|-heal|p2a: Volcanion|88/100|[from] item: Leftovers
|upkeep
|turn|7
|inactive|vitaoalve has 120 seconds left.
|
|t:|1779625937
|switch|p1a: Raging Bolt|Raging Bolt|100/100
|-damage|p1a: Raging Bolt|88/100|[from] Stealth Rock
|move|p2a: Volcanion|Flamethrower|p1a: Raging Bolt
|-resisted|p1a: Raging Bolt
|-damage|p1a: Raging Bolt|69/100
|
|-heal|p2a: Volcanion|94/100|[from] item: Leftovers
|upkeep
|turn|8
|
|t:|1779625944
|switch|p2a: Landorus|Landorus-Therian, M|100/100
|-ability|p2a: Landorus|Intimidate|boost
|-unboost|p1a: Raging Bolt|atk|1
|move|p1a: Raging Bolt|Thunderbolt|p2a: Landorus
|-immune|p2a: Landorus
|
|upkeep
|turn|9
|
|t:|1779625951
|move|p2a: Landorus|Earthquake|p1a: Raging Bolt
|-supereffective|p1a: Raging Bolt
|-damage|p1a: Raging Bolt|0 fnt
|faint|p1a: Raging Bolt
|-end|p1a: Raging Bolt|Protosynthesis|[silent]
|
|upkeep
|
|t:|1779625956
|switch|p1a: Dragonite|Dragonite, M|100/100
|turn|10
|
|t:|1779625960
|move|p2a: Landorus|Taunt|p1a: Dragonite
|-start|p1a: Dragonite|move: Taunt
|cant|p1a: Dragonite|move: Taunt|Dragon Dance
|
|upkeep
|turn|11
|
|t:|1779625966
|switch|p1a: Gholdengo|Gholdengo|94/100
|-damage|p1a: Gholdengo|88/100|[from] Stealth Rock
|move|p2a: Landorus|U-turn|p1a: Gholdengo
|-resisted|p1a: Gholdengo
|-damage|p1a: Gholdengo|83/100
|
|t:|1779625973
|switch|p2a: Volcanion|Volcanion|94/100|[from] U-turn
|
|-heal|p2a: Volcanion|100/100|[from] item: Leftovers
|upkeep
|turn|12
|
|t:|1779625981
|switch|p1a: Ogerpon|Ogerpon-Wellspring, F|100/100
|-damage|p1a: Ogerpon|88/100|[from] Stealth Rock
|move|p2a: Volcanion|Flamethrower|p1a: Ogerpon
|-damage|p1a: Ogerpon|36/100
|
|upkeep
|turn|13
|
|t:|1779625985
|move|p1a: Ogerpon|Power Whip|p2a: Volcanion
|-damage|p2a: Volcanion|43/100
|move|p2a: Volcanion|Flamethrower|p1a: Ogerpon
|-damage|p1a: Ogerpon|0 fnt
|faint|p1a: Ogerpon
|
|-heal|p2a: Volcanion|50/100|[from] item: Leftovers
|upkeep
|
|t:|1779625989
|switch|p1a: Dragonite|Dragonite, M|100/100
|turn|14
|
|t:|1779625993
|move|p1a: Dragonite|Dragon Dance|p1a: Dragonite
|-boost|p1a: Dragonite|atk|1
|-boost|p1a: Dragonite|spe|1
|move|p2a: Volcanion|Will-O-Wisp|p1a: Dragonite
|-status|p1a: Dragonite|brn
|
|-heal|p2a: Volcanion|56/100|[from] item: Leftovers
|-damage|p1a: Dragonite|94/100 brn|[from] brn
|upkeep
|turn|15
|
|t:|1779625996
|move|p1a: Dragonite|Dragon Dance|p1a: Dragonite
|-boost|p1a: Dragonite|atk|1
|-boost|p1a: Dragonite|spe|1
|move|p2a: Volcanion|Taunt|p1a: Dragonite
|-start|p1a: Dragonite|move: Taunt
|
|-heal|p2a: Volcanion|62/100|[from] item: Leftovers
|-damage|p1a: Dragonite|88/100 brn|[from] brn
|upkeep
|turn|16
|
|t:|1779626004
|switch|p2a: Landorus|Landorus-Therian, M|100/100
|-ability|p2a: Landorus|Intimidate|boost
|-unboost|p1a: Dragonite|atk|1
|move|p1a: Dragonite|Ice Spinner|p2a: Landorus
|-supereffective|p2a: Landorus
|-damage|p2a: Landorus|4/100
|-damage|p1a: Dragonite|72/100 brn|[from] item: Rocky Helmet|[of] p2a: Landorus
|
|-damage|p1a: Dragonite|66/100 brn|[from] brn
|upkeep
|turn|17
|
|t:|1779626016
|switch|p2a: Mabosstiff|Mabosstiff, M, shiny|100/100
|-ability|p2a: Mabosstiff|Intimidate|boost
|-unboost|p1a: Dragonite|atk|1
|move|p1a: Dragonite|Earthquake|p2a: Mabosstiff
|-damage|p2a: Mabosstiff|80/100
|-enditem|p2a: Mabosstiff|Kee Berry|[eat]
|-boost|p2a: Mabosstiff|def|1|[from] item: Kee Berry
|
|-damage|p1a: Dragonite|59/100 brn|[from] brn
|upkeep
|turn|18
|
|t:|1779626029
|switch|p1a: Great Tusk|Great Tusk|100/100
|-damage|p1a: Great Tusk|98/100|[from] Stealth Rock
|move|p2a: Mabosstiff|Hone Claws|p2a: Mabosstiff
|-boost|p2a: Mabosstiff|atk|1
|-boost|p2a: Mabosstiff|accuracy|1
|
|-heal|p1a: Great Tusk|100/100|[from] item: Leftovers
|upkeep
|turn|19
|
|t:|1779626034
|move|p1a: Great Tusk|Earthquake|p2a: Mabosstiff
|-damage|p2a: Mabosstiff|49/100
|move|p2a: Mabosstiff|Trailblaze|p1a: Great Tusk
|-supereffective|p1a: Great Tusk
|-damage|p1a: Great Tusk|75/100
|-boost|p2a: Mabosstiff|spe|1
|
|-heal|p1a: Great Tusk|81/100|[from] item: Leftovers
|upkeep
|turn|20
|
|t:|1779626042
|-terastallize|p2a: Mabosstiff|Bug
|move|p2a: Mabosstiff|Jaw Lock|p1a: Great Tusk
|-resisted|p1a: Great Tusk
|-damage|p1a: Great Tusk|65/100
|-activate|p2a: Mabosstiff|trapped
|-activate|p1a: Great Tusk|trapped
|move|p1a: Great Tusk|Rapid Spin|p2a: Mabosstiff
|-damage|p2a: Mabosstiff|39/100
|-boost|p1a: Great Tusk|spe|1
|-sideend|p1: vitaoalve|Stealth Rock|[from] move: Rapid Spin|[of] p1a: Great Tusk
|
|-heal|p1a: Great Tusk|71/100|[from] item: Leftovers
|upkeep
|turn|21
|
|t:|1779626055
|move|p1a: Great Tusk|Earthquake|p2a: Mabosstiff
|-resisted|p2a: Mabosstiff
|-damage|p2a: Mabosstiff|24/100
|move|p2a: Mabosstiff|Trailblaze|p1a: Great Tusk
|-supereffective|p1a: Great Tusk
|-damage|p1a: Great Tusk|44/100
|-boost|p2a: Mabosstiff|spe|1
|
|-heal|p1a: Great Tusk|50/100|[from] item: Leftovers
|upkeep
|turn|22
|
|t:|1779626070
|move|p2a: Mabosstiff|Rest|p2a: Mabosstiff
|-status|p2a: Mabosstiff|slp|[from] move: Rest
|-heal|p2a: Mabosstiff|100/100 slp|[silent]
|move|p1a: Great Tusk|Earthquake|p2a: Mabosstiff
|-resisted|p2a: Mabosstiff
|-damage|p2a: Mabosstiff|85/100 slp
|
|-heal|p1a: Great Tusk|56/100|[from] item: Leftovers
|upkeep
|turn|23
|
|t:|1779626077
|cant|p2a: Mabosstiff|slp
|move|p1a: Great Tusk|Earthquake|p2a: Mabosstiff
|-resisted|p2a: Mabosstiff
|-damage|p2a: Mabosstiff|71/100 slp
|
|-heal|p1a: Great Tusk|63/100|[from] item: Leftovers
|upkeep
|turn|24
|
|t:|1779626091
|cant|p2a: Mabosstiff|slp
|move|p1a: Great Tusk|Earthquake|p2a: Mabosstiff
|-resisted|p2a: Mabosstiff
|-damage|p2a: Mabosstiff|56/100 slp
|
|-heal|p1a: Great Tusk|69/100|[from] item: Leftovers
|upkeep
|turn|25
|
|t:|1779626095
|-curestatus|p2a: Mabosstiff|slp|[msg]
|move|p2a: Mabosstiff|Hone Claws|p2a: Mabosstiff
|-boost|p2a: Mabosstiff|atk|1
|-boost|p2a: Mabosstiff|accuracy|1
|move|p1a: Great Tusk|Rapid Spin|p2a: Mabosstiff
|-crit|p2a: Mabosstiff
|-damage|p2a: Mabosstiff|31/100
|-boost|p1a: Great Tusk|spe|1
|
|-heal|p1a: Great Tusk|75/100|[from] item: Leftovers
|upkeep
|turn|26
|
|t:|1779626100
|move|p1a: Great Tusk|Earthquake|p2a: Mabosstiff
|-resisted|p2a: Mabosstiff
|-damage|p2a: Mabosstiff|16/100
|move|p2a: Mabosstiff|Rest|p2a: Mabosstiff
|-status|p2a: Mabosstiff|slp|[from] move: Rest
|-heal|p2a: Mabosstiff|100/100 slp|[silent]
|
|-heal|p1a: Great Tusk|81/100|[from] item: Leftovers
|upkeep
|turn|27
|
|t:|1779626108
|move|p1a: Great Tusk|Knock Off|p2a: Mabosstiff
|-damage|p2a: Mabosstiff|86/100 slp
|cant|p2a: Mabosstiff|slp
|
|-heal|p1a: Great Tusk|88/100|[from] item: Leftovers
|upkeep
|turn|28
|
|t:|1779626115
|move|p1a: Great Tusk|Rapid Spin|p2a: Mabosstiff
|-damage|p2a: Mabosstiff|74/100 slp
|-boost|p1a: Great Tusk|spe|1
|cant|p2a: Mabosstiff|slp
|
|-heal|p1a: Great Tusk|94/100|[from] item: Leftovers
|upkeep
|turn|29
|
|t:|1779626119
|move|p1a: Great Tusk|Earthquake|p2a: Mabosstiff
|-resisted|p2a: Mabosstiff
|-damage|p2a: Mabosstiff|60/100 slp
|-curestatus|p2a: Mabosstiff|slp|[msg]
|move|p2a: Mabosstiff|Hone Claws|p2a: Mabosstiff
|-boost|p2a: Mabosstiff|atk|1
|-boost|p2a: Mabosstiff|accuracy|1
|
|-heal|p1a: Great Tusk|99/100|[from] item: Leftovers
|upkeep
|turn|30
|
|t:|1779626130
|move|p1a: Great Tusk|Rapid Spin|p2a: Mabosstiff
|-damage|p2a: Mabosstiff|49/100
|-boost|p1a: Great Tusk|spe|1
|move|p2a: Mabosstiff|Hone Claws|p2a: Mabosstiff
|-boost|p2a: Mabosstiff|atk|1
|-boost|p2a: Mabosstiff|accuracy|1
|
|-heal|p1a: Great Tusk|100/100|[from] item: Leftovers
|upkeep
|turn|31
|
|t:|1779626143
|move|p1a: Great Tusk|Earthquake|p2a: Mabosstiff
|-resisted|p2a: Mabosstiff
|-damage|p2a: Mabosstiff|35/100
|move|p2a: Mabosstiff|Hone Claws|p2a: Mabosstiff
|-boost|p2a: Mabosstiff|atk|1
|-boost|p2a: Mabosstiff|accuracy|1
|
|upkeep
|turn|32
|
|t:|1779626147
|move|p1a: Great Tusk|Earthquake|p2a: Mabosstiff
|-resisted|p2a: Mabosstiff
|-damage|p2a: Mabosstiff|18/100
|move|p2a: Mabosstiff|Rest|p2a: Mabosstiff
|-status|p2a: Mabosstiff|slp|[from] move: Rest
|-heal|p2a: Mabosstiff|100/100 slp|[silent]
|
|upkeep
|turn|33
|-message|vitaoalve forfeited.
|
|win|capitalist duck
|raw|vitaoalve's rating: 1416 &rarr; <strong>1400</strong><br />(-16 for losing)
|raw|capitalist duck's rating: 1481 &rarr; <strong>1497</strong><br />(+16 for winning)
|l|☆vitaoalve
|player|p1|
|j| uncle brown
|j| Heavenly Heroic
|j| Wobet (◕‿‿◕)
|l| Heavenly Heroic
|l| Wobet (◕‿‿◕)
|j| invmenot
|l| invmenot
