|j|☆FitzyLegend
|j|☆YumeKasumi76
|t:|1779693820
|gametype|singles
|player|p1|FitzyLegend|hilbert|1381
|player|p2|YumeKasumi76|101|1409
|gen|9
|tier|[Gen 9] OU
|rated|
|rule|HP Percentage Mod: HP is shown in percentages
|rule|Endless Battle Clause: Forcing endless battles is banned
|rule|Species Clause: Limit one of each Pokémon
|rule|OHKO Clause: OHKO moves are banned
|rule|Evasion Items Clause: Evasion items are banned
|rule|Evasion Moves Clause: Evasion moves are banned
|rule|Evasion Abilities Clause: Evasion abilities are banned
|rule|Sleep Moves Clause: Sleep-inducing moves are banned
|clearpoke
|poke|p1|Hawlucha, M|
|poke|p1|Maushold-Four|
|poke|p1|Iron Valiant|
|poke|p1|Samurott-Hisui, M|
|poke|p1|Serperior, M|
|poke|p1|Gliscor, M|
|poke|p2|Dragapult, M|
|poke|p2|Bisharp, F|
|poke|p2|Glimmora, F|
|poke|p2|Entei|
|poke|p2|Braviary-Hisui, M|
|poke|p2|Cloyster, F|
|teampreview
|inactive|Battle timer is ON: inactive players will automatically lose when time's up. (requested by FitzyLegend)
|
|t:|1779693828
|teamsize|p1|6
|teamsize|p2|6
|start
|switch|p1a: Samurott|Samurott-Hisui, M|100/100
|switch|p2a: Hikari|Glimmora, F|100/100
|turn|1
|
|t:|1779693835
|move|p2a: Hikari|Meteor Beam||[still]
|-prepare|p2a: Hikari|Meteor Beam
|-boost|p2a: Hikari|spa|1
|-enditem|p2a: Hikari|Power Herb
|-anim|p2a: Hikari|Meteor Beam|p1a: Samurott
|-enditem|p1a: Samurott|Focus Sash
|-damage|p1a: Samurott|1/100
|move|p1a: Samurott|Aqua Cutter|p2a: Hikari
|-supereffective|p2a: Hikari
|-damage|p2a: Hikari|0 fnt
|-activate|p2a: Hikari|ability: Toxic Debris
|-sidestart|p1: FitzyLegend|move: Toxic Spikes
|faint|p2a: Hikari
|
|upkeep
|
|t:|1779693840
|switch|p2a: Bellator|Bisharp, F, shiny|100/100
|turn|2
|
|t:|1779693859
|move|p2a: Bellator|Sucker Punch|p1a: Samurott
|-resisted|p1a: Samurott
|-damage|p1a: Samurott|0 fnt
|faint|p1a: Samurott
|
|upkeep
|
|t:|1779693872
|switch|p1a: Gliscor|Gliscor, M|100/100
|turn|3
|
|t:|1779693887
|move|p1a: Gliscor|Swords Dance|p1a: Gliscor
|-boost|p1a: Gliscor|atk|2
|move|p2a: Bellator|Stealth Rock|p1a: Gliscor
|-sidestart|p1: FitzyLegend|move: Stealth Rock
|
|-status|p1a: Gliscor|tox|[from] item: Toxic Orb
|upkeep
|turn|4
|
|t:|1779693894
|move|p1a: Gliscor|Earthquake|p2a: Bellator
|-supereffective|p2a: Bellator
|-damage|p2a: Bellator|18/100
|move|p2a: Bellator|Swords Dance|p2a: Bellator
|-boost|p2a: Bellator|atk|2
|
|upkeep
|turn|5
|
|t:|1779693904
|move|p2a: Bellator|Sucker Punch|p1a: Gliscor
|-damage|p1a: Gliscor|47/100 tox
|move|p1a: Gliscor|Facade|p2a: Bellator
|-resisted|p2a: Bellator
|-damage|p2a: Bellator|0 fnt
|faint|p2a: Bellator
|
|-heal|p1a: Gliscor|59/100 tox|[from] ability: Poison Heal
|upkeep
|
|t:|1779693907
|switch|p2a: Railgun|Dragapult, M|100/100
|turn|6
|
|t:|1779693916
|-terastallize|p1a: Gliscor|Normal
|move|p2a: Railgun|Reflect|p2a: Railgun
|-sidestart|p2: YumeKasumi76|Reflect
|move|p1a: Gliscor|Earthquake|p2a: Railgun
|-damage|p2a: Railgun|63/100
|
|-heal|p1a: Gliscor|72/100 tox|[from] ability: Poison Heal
|upkeep
|turn|7
|
|t:|1779693928
|move|p1a: Gliscor|Protect|p1a: Gliscor
|-singleturn|p1a: Gliscor|Protect
|move|p2a: Railgun|Light Screen|p2a: Railgun
|-sidestart|p2: YumeKasumi76|move: Light Screen
|
|-heal|p1a: Gliscor|84/100 tox|[from] ability: Poison Heal
|upkeep
|turn|8
|
|t:|1779693935
|move|p2a: Railgun|Dragon Darts|p1a: Gliscor
|-damage|p1a: Gliscor|67/100 tox
|-anim|p2a: Railgun|Dragon Darts|p1a: Gliscor
|-damage|p1a: Gliscor|52/100 tox
|move|p1a: Gliscor|Swords Dance|p1a: Gliscor
|-boost|p1a: Gliscor|atk|2
|
|-heal|p1a: Gliscor|64/100 tox|[from] ability: Poison Heal
|upkeep
|turn|9
|
|t:|1779693945
|move|p1a: Gliscor|Protect|p1a: Gliscor
|-singleturn|p1a: Gliscor|Protect
|move|p2a: Railgun|Curse|p1a: Gliscor
|-start|p1a: Gliscor|Curse|[of] p2a: Railgun
|-damage|p2a: Railgun|13/100
|
|-heal|p1a: Gliscor|77/100 tox|[from] ability: Poison Heal
|-damage|p1a: Gliscor|52/100 tox|[from] Curse
|upkeep
|turn|10
|
|t:|1779693960
|move|p2a: Railgun|Dragon Darts|p1a: Gliscor
|-damage|p1a: Gliscor|36/100 tox
|-anim|p2a: Railgun|Dragon Darts|p1a: Gliscor
|-damage|p1a: Gliscor|21/100 tox
|move|p1a: Gliscor|Earthquake|p2a: Railgun
|-damage|p2a: Railgun|0 fnt
|faint|p2a: Railgun
|
|-heal|p1a: Gliscor|33/100 tox|[from] ability: Poison Heal
|-damage|p1a: Gliscor|8/100 tox|[from] Curse
|upkeep
|
|t:|1779693966
|switch|p2a: Shellussy|Cloyster, F|100/100
|turn|11
|
|t:|1779693982
|move|p2a: Shellussy|Shell Smash|p2a: Shellussy
|-unboost|p2a: Shellussy|def|1
|-unboost|p2a: Shellussy|spd|1
|-boost|p2a: Shellussy|atk|2
|-boost|p2a: Shellussy|spa|2
|-boost|p2a: Shellussy|spe|2
|-enditem|p2a: Shellussy|White Herb
|-clearnegativeboost|p2a: Shellussy|[silent]
|move|p1a: Gliscor|Facade|p2a: Shellussy
|-damage|p2a: Shellussy|42/100
|
|-heal|p1a: Gliscor|21/100 tox|[from] ability: Poison Heal
|-damage|p1a: Gliscor|0 fnt|[from] Curse
|faint|p1a: Gliscor
|upkeep
|
|t:|1779693997
|switch|p1a: Iron Valiant|Iron Valiant|100/100
|-status|p1a: Iron Valiant|psn
|-damage|p1a: Iron Valiant|94/100 psn|[from] Stealth Rock
|-enditem|p1a: Iron Valiant|Booster Energy
|-activate|p1a: Iron Valiant|ability: Quark Drive|[fromitem]
|-start|p1a: Iron Valiant|quarkdrivespe
|turn|12
|
|t:|1779694010
|switch|p2a: Mentalist|Braviary-Hisui, M|100/100
|move|p1a: Iron Valiant|Close Combat|p2a: Mentalist
|-resisted|p2a: Mentalist
|-damage|p2a: Mentalist|92/100
|-unboost|p1a: Iron Valiant|def|1
|-unboost|p1a: Iron Valiant|spd|1
|
|-damage|p1a: Iron Valiant|82/100 psn|[from] psn
|upkeep
|turn|13
|
|t:|1779694020
|move|p1a: Iron Valiant|Knock Off|p2a: Mentalist
|-supereffective|p2a: Mentalist
|-damage|p2a: Mentalist|58/100
|-enditem|p2a: Mentalist|Weakness Policy
|-boost|p2a: Mentalist|atk|2|[from] item: Weakness Policy
|-boost|p2a: Mentalist|spa|2|[from] item: Weakness Policy
|move|p2a: Mentalist|Esper Wing|p1a: Iron Valiant
|-supereffective|p1a: Iron Valiant
|-damage|p1a: Iron Valiant|0 fnt
|-boost|p2a: Mentalist|spe|1
|faint|p1a: Iron Valiant
|-end|p1a: Iron Valiant|Quark Drive|[silent]
|
|-sideend|p2: YumeKasumi76|Reflect
|upkeep
|inactive|FitzyLegend has 120 seconds left.
|
|t:|1779694046
|switch|p1a: Maushold|Maushold-Four|100/100
|-status|p1a: Maushold|psn
|-damage|p1a: Maushold|88/100 psn|[from] Stealth Rock
|turn|14
|
|t:|1779694051
|move|p1a: Maushold|Tidy Up|p1a: Maushold
|-sideend|p1: FitzyLegend|Toxic Spikes
|-sideend|p1: FitzyLegend|Stealth Rock
|-activate|p1a: Maushold|move: Tidy Up
|-boost|p1a: Maushold|atk|1
|-boost|p1a: Maushold|spe|1
|move|p2a: Mentalist|Esper Wing|p1a: Maushold
|-damage|p1a: Maushold|0 fnt
|-boost|p2a: Mentalist|spe|1
|faint|p1a: Maushold
|
|-sideend|p2: YumeKasumi76|move: Light Screen
|upkeep
|
|t:|1779694077
|switch|p1a: Hawlucha|Hawlucha, M|100/100
|turn|15
|
|t:|1779694080
|move|p2a: Mentalist|Esper Wing|p1a: Hawlucha
|-supereffective|p1a: Hawlucha
|-crit|p1a: Hawlucha
|-damage|p1a: Hawlucha|0 fnt
|-boost|p2a: Mentalist|spe|1
|faint|p1a: Hawlucha
|
|upkeep
|
|t:|1779694087
|switch|p1a: Serperior|Serperior, M|100/100
|turn|16
|
|t:|1779694091
|move|p2a: Mentalist|Esper Wing|p1a: Serperior
|-damage|p1a: Serperior|13/100
|-boost|p2a: Mentalist|spe|1
|move|p1a: Serperior|Glare|p2a: Mentalist
|-status|p2a: Mentalist|par
|
|-heal|p1a: Serperior|19/100|[from] item: Leftovers
|upkeep
|turn|17
|inactive|FitzyLegend has 120 seconds left.
|
|t:|1779694103
|move|p1a: Serperior|Leaf Storm|p2a: Mentalist
|-resisted|p2a: Mentalist
|-damage|p2a: Mentalist|25/100 par
|-boost|p1a: Serperior|spa|2
|cant|p2a: Mentalist|par
|
|-heal|p1a: Serperior|25/100|[from] item: Leftovers
|upkeep
|turn|18
|inactive|FitzyLegend has 120 seconds left.
|
|t:|1779694113
|move|p1a: Serperior|Leaf Storm|p2a: Mentalist
|-resisted|p2a: Mentalist
|-damage|p2a: Mentalist|0 fnt
|-boost|p1a: Serperior|spa|2
|faint|p2a: Mentalist
|
|-heal|p1a: Serperior|32/100|[from] item: Leftovers
|upkeep
|
|t:|1779694116
|switch|p2a: Sovereign|Entei|100/100
|turn|19
|inactive|FitzyLegend has 120 seconds left.
|
|t:|1779694128
|move|p1a: Serperior|Dragon Pulse|p2a: Sovereign
|-damage|p2a: Sovereign|33/100
|move|p2a: Sovereign|Sacred Fire|p1a: Serperior
|-supereffective|p1a: Serperior
|-damage|p1a: Serperior|0 fnt
|faint|p1a: Serperior
|
|win|YumeKasumi76
|raw|FitzyLegend's rating: 1381 &rarr; <strong>1363</strong><br />(-18 for losing)
|raw|YumeKasumi76's rating: 1409 &rarr; <strong>1427</strong><br />(+18 for winning)
|l|☆YumeKasumi76
|player|p2|
|l|☆FitzyLegend
|player|p1|
