|j|☆JustMatMan
|j|☆Eduardo3321
|t:|1779573644
|gametype|singles
|player|p1|JustMatMan|cheren|1360
|player|p2|Eduardo3321|volkner|1325
|gen|9
|tier|[Gen 9] OU
|rated|
|rule|HP Percentage Mod: HP is shown in percentages
|rule|Endless Battle Clause: Forcing endless battles is banned
|rule|Species Clause: Limit one of each Pokémon
|rule|OHKO Clause: OHKO moves are banned
|rule|Evasion Items Clause: Evasion items are banned
|rule|Evasion Moves Clause: Evasion moves are banned
|rule|Evasion Abilities Clause: Evasion abilities are banned
|rule|Sleep Moves Clause: Sleep-inducing moves are banned
|clearpoke
|poke|p1|Dragonite, M|
|poke|p1|Metagross|
|poke|p1|Krookodile, F|
|poke|p1|Vaporeon, M|
|poke|p1|Magmar, F|
|poke|p1|Torterra, M|
|poke|p2|Grimmsnarl, M|
|poke|p2|Dragapult, F|
|poke|p2|Kingambit, M|
|poke|p2|Great Tusk|
|poke|p2|Zamazenta-*|
|poke|p2|Rillaboom, M|
|teampreview
|
|t:|1779573657
|teamsize|p1|6
|teamsize|p2|6
|start
|switch|p1a: Metagross|Metagross|100/100
|switch|p2a: Great Tusk|Great Tusk|100/100
|-enditem|p2a: Great Tusk|Booster Energy
|-activate|p2a: Great Tusk|ability: Protosynthesis|[fromitem]
|-start|p2a: Great Tusk|protosynthesisspe
|turn|1
|
|t:|1779573672
|switch|p1a: Vaporeon|Vaporeon, M|100/100
|move|p2a: Great Tusk|Headlong Rush|p1a: Vaporeon
|-crit|p1a: Vaporeon
|-damage|p1a: Vaporeon|46/100
|-unboost|p2a: Great Tusk|def|1
|-unboost|p2a: Great Tusk|spd|1
|
|-heal|p1a: Vaporeon|52/100|[from] item: Leftovers
|upkeep
|turn|2
|
|t:|1779573682
|move|p2a: Great Tusk|Headlong Rush|p1a: Vaporeon
|-damage|p1a: Vaporeon|13/100
|-unboost|p2a: Great Tusk|def|1
|-unboost|p2a: Great Tusk|spd|1
|move|p1a: Vaporeon|Wish|p1a: Vaporeon
|
|-heal|p1a: Vaporeon|19/100|[from] item: Leftovers
|upkeep
|turn|3
|
|t:|1779573693
|-end|p2a: Great Tusk|Protosynthesis|[silent]
|switch|p2a: Rillaboom|Rillaboom, M|100/100
|-fieldstart|move: Grassy Terrain|[from] ability: Grassy Surge|[of] p2a: Rillaboom
|move|p1a: Vaporeon|Protect||[still]
|-fail|p1a: Vaporeon
|
|-heal|p1a: Vaporeon|69/100|[from] move: Wish|[wisher] Vaporeon
|-heal|p1a: Vaporeon|76/100|[from] Grassy Terrain
|-heal|p1a: Vaporeon|82/100|[from] item: Leftovers
|upkeep
|turn|4
|
|t:|1779573704
|switch|p1a: Magmar|Magmar, F|100/100
|move|p2a: Rillaboom|U-turn|p1a: Magmar
|-resisted|p1a: Magmar
|-damage|p1a: Magmar|76/100
|
|t:|1779573711
|switch|p2a: Dragapult|Dragapult, F|100/100|[from] U-turn
|
|-heal|p1a: Magmar|82/100|[from] Grassy Terrain
|upkeep
|turn|5
|
|t:|1779573720
|-terastallize|p2a: Dragapult|Dragon
|move|p2a: Dragapult|Dragon Darts|p1a: Magmar
|-damage|p1a: Magmar|23/100
|-anim|p2a: Dragapult|Dragon Darts|p1a: Magmar
|-damage|p1a: Magmar|0 fnt
|faint|p1a: Magmar
|
|upkeep
|
|t:|1779573744
|switch|p1a: Vaporeon|Vaporeon, M|82/100
|turn|6
|
|t:|1779573749
|move|p1a: Vaporeon|Protect|p1a: Vaporeon
|-singleturn|p1a: Vaporeon|Protect
|move|p2a: Dragapult|Dragon Darts|p1a: Vaporeon
|-activate|p1a: Vaporeon|move: Protect
|
|-heal|p1a: Vaporeon|88/100|[from] Grassy Terrain
|-heal|p1a: Vaporeon|94/100|[from] item: Leftovers
|upkeep
|turn|7
|
|t:|1779573757
|move|p2a: Dragapult|Dragon Darts|p1a: Vaporeon
|-damage|p1a: Vaporeon|61/100
|-anim|p2a: Dragapult|Dragon Darts|p1a: Vaporeon
|-damage|p1a: Vaporeon|28/100
|move|p1a: Vaporeon|Scald|p2a: Dragapult
|-resisted|p2a: Dragapult
|-damage|p2a: Dragapult|80/100
|
|-heal|p2a: Dragapult|86/100|[from] Grassy Terrain
|-heal|p1a: Vaporeon|34/100|[from] Grassy Terrain
|-heal|p1a: Vaporeon|41/100|[from] item: Leftovers
|-fieldend|move: Grassy Terrain
|upkeep
|turn|8
|
|t:|1779573767
|move|p1a: Vaporeon|Protect|p1a: Vaporeon
|-singleturn|p1a: Vaporeon|Protect
|move|p2a: Dragapult|Dragon Darts|p1a: Vaporeon
|-activate|p1a: Vaporeon|move: Protect
|
|-heal|p1a: Vaporeon|47/100|[from] item: Leftovers
|upkeep
|turn|9
|
|t:|1779573791
|switch|p1a: Metagross|Metagross|100/100
|move|p2a: Dragapult|Dragon Darts|p1a: Metagross
|-resisted|p1a: Metagross
|-damage|p1a: Metagross|83/100
|-anim|p2a: Dragapult|Dragon Darts|p1a: Metagross
|-resisted|p1a: Metagross
|-damage|p1a: Metagross|63/100
|
|upkeep
|turn|10
|
|t:|1779573828
|switch|p2a: Great Tusk|Great Tusk|100/100
|move|p1a: Metagross|Ice Punch|p2a: Great Tusk
|-supereffective|p2a: Great Tusk
|-damage|p2a: Great Tusk|65/100
|
|upkeep
|turn|11
|
|t:|1779573839
|switch|p1a: Dragonite|Dragonite, M|100/100
|move|p2a: Great Tusk|Headlong Rush|p1a: Dragonite
|-immune|p1a: Dragonite
|
|upkeep
|turn|12
|
|t:|1779573866
|-terastallize|p1a: Dragonite|Normal
|move|p2a: Great Tusk|Ice Spinner|p1a: Dragonite
|-damage|p1a: Dragonite|88/100
|move|p1a: Dragonite|Dragon Dance|p1a: Dragonite
|-boost|p1a: Dragonite|atk|1
|-boost|p1a: Dragonite|spe|1
|
|upkeep
|turn|13
|
|t:|1779573877
|move|p1a: Dragonite|Dragon Dance|p1a: Dragonite
|-boost|p1a: Dragonite|atk|1
|-boost|p1a: Dragonite|spe|1
|move|p2a: Great Tusk|Close Combat|p1a: Dragonite
|-supereffective|p1a: Dragonite
|-damage|p1a: Dragonite|0 fnt
|-unboost|p2a: Great Tusk|def|1
|-unboost|p2a: Great Tusk|spd|1
|faint|p1a: Dragonite
|
|upkeep
|
|t:|1779573901
|switch|p1a: Vaporeon|Vaporeon, M|47/100
|turn|14
|
|t:|1779573906
|move|p2a: Great Tusk|Headlong Rush|p1a: Vaporeon
|-damage|p1a: Vaporeon|8/100
|-unboost|p2a: Great Tusk|def|1
|-unboost|p2a: Great Tusk|spd|1
|move|p1a: Vaporeon|Wish|p1a: Vaporeon
|
|-heal|p1a: Vaporeon|14/100|[from] item: Leftovers
|upkeep
|turn|15
|
|t:|1779573915
|-end|p2a: Great Tusk|Protosynthesis|[silent]
|switch|p2a: Rillaboom|Rillaboom, M|100/100
|-fieldstart|move: Grassy Terrain|[from] ability: Grassy Surge|[of] p2a: Rillaboom
|move|p1a: Vaporeon|Protect||[still]
|-fail|p1a: Vaporeon
|
|-heal|p1a: Vaporeon|64/100|[from] move: Wish|[wisher] Vaporeon
|-heal|p1a: Vaporeon|70/100|[from] Grassy Terrain
|-heal|p1a: Vaporeon|77/100|[from] item: Leftovers
|upkeep
|turn|16
|
|t:|1779573937
|move|p2a: Rillaboom|U-turn|p1a: Vaporeon
|-damage|p1a: Vaporeon|48/100
|
|t:|1779573950
|switch|p2a: Grimmsnarl|Grimmsnarl, M|100/100|[from] U-turn
|move|p1a: Vaporeon|Wish|p1a: Vaporeon
|
|-heal|p1a: Vaporeon|54/100|[from] Grassy Terrain
|-heal|p1a: Vaporeon|60/100|[from] item: Leftovers
|upkeep
|turn|17
|
|t:|1779573957
|move|p2a: Grimmsnarl|Reflect|p2a: Grimmsnarl
|-sidestart|p2: Eduardo3321|Reflect
|move|p1a: Vaporeon|Flip Turn|p2a: Grimmsnarl
|-damage|p2a: Grimmsnarl|93/100
|
|t:|1779573962
|switch|p1a: Metagross|Metagross|63/100|[from] Flip Turn
|
|-heal|p1a: Metagross|100/100|[from] move: Wish|[wisher] Vaporeon
|-heal|p2a: Grimmsnarl|99/100|[from] Grassy Terrain
|upkeep
|turn|18
|
|t:|1779573975
|switch|p2a: Zamazenta|Zamazenta|100/100
|-ability|p2a: Zamazenta|Dauntless Shield|boost
|-boost|p2a: Zamazenta|def|1
|move|p1a: Metagross|Meteor Mash|p2a: Zamazenta
|-damage|p2a: Zamazenta|88/100
|
|-heal|p2a: Zamazenta|94/100|[from] Grassy Terrain
|-heal|p2a: Zamazenta|100/100|[from] item: Leftovers
|upkeep
|turn|19
|
|t:|1779573985
|switch|p1a: Vaporeon|Vaporeon, M|60/100
|move|p2a: Zamazenta|Iron Defense|p2a: Zamazenta
|-boost|p2a: Zamazenta|def|2
|
|-heal|p1a: Vaporeon|67/100|[from] Grassy Terrain
|-heal|p1a: Vaporeon|73/100|[from] item: Leftovers
|-fieldend|move: Grassy Terrain
|upkeep
|turn|20
|
|t:|1779573994
|move|p2a: Zamazenta|Substitute|p2a: Zamazenta
|-start|p2a: Zamazenta|Substitute
|-damage|p2a: Zamazenta|75/100
|move|p1a: Vaporeon|Scald|p2a: Zamazenta
|-activate|p2a: Zamazenta|move: Substitute|[damage]
|
|-heal|p2a: Zamazenta|82/100|[from] item: Leftovers
|-heal|p1a: Vaporeon|79/100|[from] item: Leftovers
|upkeep
|turn|21
|
|t:|1779574014
|move|p2a: Zamazenta|Iron Defense|p2a: Zamazenta
|-boost|p2a: Zamazenta|def|2
|move|p1a: Vaporeon|Flip Turn|p2a: Zamazenta
|-end|p2a: Zamazenta|Substitute
|
|t:|1779574019
|switch|p1a: Metagross|Metagross|100/100|[from] Flip Turn
|
|-heal|p2a: Zamazenta|88/100|[from] item: Leftovers
|upkeep
|turn|22
|
|t:|1779574027
|move|p2a: Zamazenta|Substitute|p2a: Zamazenta
|-start|p2a: Zamazenta|Substitute
|-damage|p2a: Zamazenta|63/100
|move|p1a: Metagross|Psychic Fangs|p2a: Zamazenta
|-sideend|p2: Eduardo3321|Reflect
|-supereffective|p2a: Zamazenta
|-activate|p2a: Zamazenta|move: Substitute|[damage]
|
|-heal|p2a: Zamazenta|69/100|[from] item: Leftovers
|upkeep
|turn|23
|
|t:|1779574045
|switch|p1a: Krookodile|Krookodile, F|100/100
|-ability|p1a: Krookodile|Intimidate|boost
|-immune|p2a: Zamazenta
|move|p2a: Zamazenta|Crunch|p1a: Krookodile
|-resisted|p1a: Krookodile
|-damage|p1a: Krookodile|87/100
|-unboost|p1a: Krookodile|def|1
|
|-heal|p2a: Zamazenta|75/100|[from] item: Leftovers
|upkeep
|turn|24
|
|t:|1779574076
|move|p1a: Krookodile|Earthquake|p2a: Zamazenta
|-end|p2a: Zamazenta|Substitute
|move|p2a: Zamazenta|Body Press|p1a: Krookodile
|-supereffective|p1a: Krookodile
|-damage|p1a: Krookodile|0 fnt
|faint|p1a: Krookodile
|
|-heal|p2a: Zamazenta|81/100|[from] item: Leftovers
|upkeep
|
|t:|1779574084
|switch|p1a: Metagross|Metagross|100/100
|turn|25
|
|t:|1779574087
|move|p2a: Zamazenta|Substitute|p2a: Zamazenta
|-start|p2a: Zamazenta|Substitute
|-damage|p2a: Zamazenta|56/100
|move|p1a: Metagross|Psychic Fangs|p2a: Zamazenta
|-supereffective|p2a: Zamazenta
|-activate|p2a: Zamazenta|move: Substitute|[damage]
|
|-heal|p2a: Zamazenta|63/100|[from] item: Leftovers
|upkeep
|turn|26
|
|t:|1779574101
|move|p1a: Metagross|Bullet Punch|p2a: Zamazenta
|-activate|p2a: Zamazenta|move: Substitute|[damage]
|move|p2a: Zamazenta|Crunch|p1a: Metagross
|-supereffective|p1a: Metagross
|-damage|p1a: Metagross|69/100
|
|-heal|p2a: Zamazenta|69/100|[from] item: Leftovers
|upkeep
|turn|27
|
|t:|1779574110
|move|p1a: Metagross|Bullet Punch|p2a: Zamazenta
|-end|p2a: Zamazenta|Substitute
|move|p2a: Zamazenta|Body Press|p1a: Metagross
|-damage|p1a: Metagross|0 fnt
|faint|p1a: Metagross
|
|-heal|p2a: Zamazenta|75/100|[from] item: Leftovers
|upkeep
|
|t:|1779574118
|switch|p1a: Torterra|Torterra, M|100/100
|turn|28
|
|t:|1779574123
|move|p2a: Zamazenta|Body Press|p1a: Torterra
|-damage|p1a: Torterra|0 fnt
|faint|p1a: Torterra
|
|-heal|p2a: Zamazenta|81/100|[from] item: Leftovers
|upkeep
|
|t:|1779574129
|switch|p1a: Vaporeon|Vaporeon, M|79/100
|turn|29
|
|t:|1779574132
|move|p2a: Zamazenta|Body Press|p1a: Vaporeon
|-crit|p1a: Vaporeon
|-damage|p1a: Vaporeon|0 fnt
|faint|p1a: Vaporeon
|
|win|Eduardo3321
|raw|JustMatMan's rating: 1360 &rarr; <strong>1338</strong><br />(-22 for losing)
|raw|Eduardo3321's rating: 1325 &rarr; <strong>1347</strong><br />(+22 for winning)
|c|☆JustMatMan|gg
|l|☆Eduardo3321
|player|p2|
|l|☆JustMatMan
|player|p1|
