|j|☆A05236
|j|☆Abyssal Bot
|t:|1779654711
|gametype|singles
|player|p1|A05236|265|
|player|p2|Abyssal Bot|supernerd|
|teamsize|p1|6
|teamsize|p2|6
|gen|9
|tier|[Gen 9] OU
|rule|Species Clause: Limit one of each Pokémon
|rule|OHKO Clause: OHKO moves are banned
|rule|Evasion Items Clause: Evasion items are banned
|rule|Evasion Moves Clause: Evasion moves are banned
|rule|Endless Battle Clause: Forcing endless battles is banned
|rule|HP Percentage Mod: HP is shown in percentages
|rule|Sleep Moves Clause: Sleep-inducing moves are banned
|clearpoke
|poke|p1|Greninja-*, M|
|poke|p1|Kilowattrel, F|
|poke|p1|Pelipper, F|
|poke|p1|Iron Treads|
|poke|p1|Pincurchin, F|
|poke|p1|Iron Valiant|
|poke|p2|Gliscor, M|
|poke|p2|Alomomola, F|
|poke|p2|Gholdengo|
|poke|p2|Hoopa-Unbound|
|poke|p2|Cinderace, F|
|poke|p2|Zamazenta-*|
|teampreview
|c|☆Abyssal Bot|**WARNING**: Expect much hax.
|inactive|Battle timer is ON: inactive players will automatically lose when time's up. (requested by Abyssal Bot)
|j|*Turbo Bottttt
|
|t:|1779654715
|start
|switch|p1a: Greninja|Greninja, M|100/100
|switch|p2a: Cinderace|Cinderace, F|100/100
|turn|1
|
|t:|1779654719
|switch|p2a: Zamazenta|Zamazenta|100/100
|-ability|p2a: Zamazenta|Dauntless Shield|boost
|-boost|p2a: Zamazenta|def|1
|move|p1a: Greninja|U-turn||[still]
|-start|p1a: Greninja|typechange|Bug|[from] ability: Protean
|-anim|p1a: Greninja|U-turn|p2a: Zamazenta
|-resisted|p2a: Zamazenta
|-damage|p2a: Zamazenta|90/100
|
|t:|1779654726
|switch|p1a: Iron Valiant|Iron Valiant|100/100|[from] U-turn
|
|-heal|p2a: Zamazenta|96/100|[from] item: Leftovers
|upkeep
|turn|2
|
|t:|1779654727
|switch|p2a: Gholdengo|Gholdengo|100/100
|move|p1a: Iron Valiant|Moonblast|p2a: Gholdengo
|-resisted|p2a: Gholdengo
|-damage|p2a: Gholdengo|67/100
|-damage|p1a: Iron Valiant|91/100|[from] item: Life Orb
|
|upkeep
|turn|3
|
|t:|1779654732
|-end|p1a: Iron Valiant|Quark Drive|[silent]
|switch|p1a: Iron Treads|Iron Treads|100/100
|move|p2a: Gholdengo|Make It Rain|p1a: Iron Treads
|-resisted|p1a: Iron Treads
|-damage|p1a: Iron Treads|55/100
|-unboost|p2a: Gholdengo|spa|1
|
|upkeep
|turn|4
|
|t:|1779654735
|switch|p2a: Gliscor|Gliscor, M|100/100
|move|p1a: Iron Treads|Earthquake|p2a: Gliscor
|-immune|p2a: Gliscor
|
|-status|p2a: Gliscor|tox|[from] item: Toxic Orb
|upkeep
|turn|5
|
|t:|1779654740
|-end|p1a: Iron Treads|Quark Drive|[silent]
|switch|p1a: Pelipper|Pelipper, F|100/100
|-weather|Rain Dance|[from] ability: Drizzle|[of] p1a: Pelipper
|move|p2a: Gliscor|Earthquake|p1a: Pelipper
|-immune|p1a: Pelipper
|
|-weather|Rain Dance|[upkeep]
|upkeep
|turn|6
|
|t:|1779654742
|switch|p2a: Gholdengo|Gholdengo|67/100
|move|p1a: Pelipper|U-turn|p2a: Gholdengo
|-resisted|p2a: Gholdengo
|-damage|p2a: Gholdengo|65/100
|
|t:|1779654756
|switch|p1a: Kilowattrel|Kilowattrel, F|100/100|[from] U-turn
|
|-weather|Rain Dance|[upkeep]
|upkeep
|turn|7
|
|t:|1779654758
|move|p2a: Gholdengo|Shadow Ball|p1a: Kilowattrel
|-damage|p1a: Kilowattrel|20/100
|-unboost|p1a: Kilowattrel|spd|1
|-ability|p1a: Kilowattrel|Competitive|boost
|-boost|p1a: Kilowattrel|spa|2
|move|p1a: Kilowattrel|Substitute|p1a: Kilowattrel
|-fail|p1a: Kilowattrel|move: Substitute|[weak]
|
|-weather|Rain Dance|[upkeep]
|upkeep
|turn|8
|
|t:|1779654765
|switch|p1a: Greninja|Greninja, M|100/100
|move|p2a: Gholdengo|Shadow Ball|p1a: Greninja
|-resisted|p1a: Greninja
|-damage|p1a: Greninja|68/100
|
|-weather|Rain Dance|[upkeep]
|upkeep
|turn|9
|
|t:|1779654768
|switch|p2a: Zamazenta|Zamazenta|96/100
|move|p1a: Greninja|Waterfall||[still]
|-start|p1a: Greninja|typechange|Water|[from] ability: Protean
|-anim|p1a: Greninja|Waterfall|p2a: Zamazenta
|-damage|p2a: Zamazenta|46/100
|
|-weather|Rain Dance|[upkeep]
|-heal|p2a: Zamazenta|51/100|[from] item: Leftovers
|upkeep
|turn|10
|
|t:|1779654778
|switch|p1a: Pelipper|Pelipper, F|100/100
|move|p2a: Zamazenta|Body Press|p1a: Pelipper
|-resisted|p1a: Pelipper
|-damage|p1a: Pelipper|85/100
|
|-weather|Rain Dance|[upkeep]
|-heal|p2a: Zamazenta|57/100|[from] item: Leftovers
|upkeep
|turn|11
|
|t:|1779654782
|switch|p2a: Gholdengo|Gholdengo|65/100
|move|p1a: Pelipper|Hurricane|p2a: Gholdengo
|-resisted|p2a: Gholdengo
|-crit|p2a: Gholdengo
|-damage|p2a: Gholdengo|34/100
|
|-weather|Rain Dance|[upkeep]
|upkeep
|turn|12
|c|☆Abyssal Bot|I should be the one who gets hax ;-;
|
|t:|1779654798
|switch|p1a: Kilowattrel|Kilowattrel, F|20/100
|move|p2a: Gholdengo|Shadow Ball|p1a: Kilowattrel
|-damage|p1a: Kilowattrel|0
|faint|p1a: Kilowattrel
|
|-weather|none
|upkeep
|
|t:|1779654806
|switch|p1a: Pincurchin|Pincurchin, F|100/100
|-fieldstart|move: Electric Terrain|[from] ability: Electric Surge|[of] p1a: Pincurchin
|turn|13
|
|t:|1779654814
|move|p2a: Gholdengo|Shadow Ball|p1a: Pincurchin
|-damage|p1a: Pincurchin|43/100
|move|p1a: Pincurchin|Thunder|p2a: Gholdengo
|-damage|p2a: Gholdengo|0
|faint|p2a: Gholdengo
|
|upkeep
|
|t:|1779654814
|switch|p2a: Gliscor|Gliscor, M|100/100 tox
|turn|14
|
|t:|1779654821
|switch|p1a: Pelipper|Pelipper, F|85/100
|-weather|Rain Dance|[from] ability: Drizzle|[of] p1a: Pelipper
|move|p2a: Gliscor|Earthquake|p1a: Pelipper
|-immune|p1a: Pelipper
|
|-weather|Rain Dance|[upkeep]
|upkeep
|turn|15
|
|t:|1779654824
|switch|p2a: Alomomola|Alomomola, F|100/100
|move|p1a: Pelipper|U-turn|p2a: Alomomola
|-damage|p2a: Alomomola|96/100
|-enditem|p2a: Alomomola|Red Card|[of] p1a: Pelipper
|drag|p1a: Greninja|Greninja, M|68/100
|
|-weather|Rain Dance|[upkeep]
|upkeep
|turn|16
|
|t:|1779654829
|switch|p2a: Zamazenta|Zamazenta|57/100
|move|p1a: Greninja|U-turn||[still]
|-start|p1a: Greninja|typechange|Bug|[from] ability: Protean
|-anim|p1a: Greninja|U-turn|p2a: Zamazenta
|-resisted|p2a: Zamazenta
|-damage|p2a: Zamazenta|42/100
|
|t:|1779654833
|switch|p1a: Pincurchin|Pincurchin, F|43/100|[from] U-turn
|
|-weather|Rain Dance|[upkeep]
|-heal|p2a: Zamazenta|48/100|[from] item: Leftovers
|upkeep
|turn|17
|
|t:|1779654836
|move|p2a: Zamazenta|Body Press|p1a: Pincurchin
|-damage|p1a: Pincurchin|14/100
|move|p1a: Pincurchin|Thunder|p2a: Zamazenta
|-damage|p2a: Zamazenta|10/100
|
|-weather|Rain Dance|[upkeep]
|-heal|p2a: Zamazenta|16/100|[from] item: Leftovers
|upkeep
|turn|18
|
|t:|1779654842
|switch|p1a: Pelipper|Pelipper, F|85/100
|move|p2a: Zamazenta|Body Press|p1a: Pelipper
|-resisted|p1a: Pelipper
|-damage|p1a: Pelipper|71/100
|
|-weather|Rain Dance|[upkeep]
|-heal|p2a: Zamazenta|22/100|[from] item: Leftovers
|upkeep
|turn|19
|
|t:|1779654844
|switch|p2a: Alomomola|Alomomola, F|100/100
|move|p1a: Pelipper|U-turn|p2a: Alomomola
|-damage|p2a: Alomomola|96/100
|
|t:|1779654850
|switch|p1a: Iron Treads|Iron Treads|55/100|[from] U-turn
|-activate|p1a: Iron Treads|ability: Quark Drive
|-start|p1a: Iron Treads|quarkdrivespe
|
|-weather|Rain Dance|[upkeep]
|upkeep
|turn|20
|
|t:|1779654852
|move|p1a: Iron Treads|Supercell Slam|p2a: Alomomola
|-supereffective|p2a: Alomomola
|-damage|p2a: Alomomola|38/100
|-damage|p1a: Iron Treads|45/100|[from] item: Life Orb
|move|p2a: Alomomola|Flip Turn|p1a: Iron Treads
|-supereffective|p1a: Iron Treads
|-damage|p1a: Iron Treads|0
|faint|p1a: Iron Treads
|-end|p1a: Iron Treads|Quark Drive|[silent]
|
|t:|1779654852
|switch|p2a: Hoopa|Hoopa-Unbound|100/100|[from] Flip Turn
|
|-weather|Rain Dance|[upkeep]
|-fieldend|move: Electric Terrain
|upkeep
|
|t:|1779654864
|switch|p1a: Greninja|Greninja, M|68/100
|turn|21
|
|t:|1779654866
|move|p1a: Greninja|U-turn||[still]
|-start|p1a: Greninja|typechange|Bug|[from] ability: Protean
|-anim|p1a: Greninja|U-turn|p2a: Hoopa
|-supereffective|p2a: Hoopa
|-damage|p2a: Hoopa|0
|faint|p2a: Hoopa
|
|t:|1779654870
|switch|p1a: Pincurchin|Pincurchin, F|14/100|[from] U-turn
|-fieldstart|move: Electric Terrain|[from] ability: Electric Surge|[of] p1a: Pincurchin
|
|-weather|none
|upkeep
|
|t:|1779654870
|switch|p2a: Gliscor|Gliscor, M|100/100 tox
|turn|22
|
|t:|1779654872
|move|p2a: Gliscor|Earthquake|p1a: Pincurchin
|-supereffective|p1a: Pincurchin
|-damage|p1a: Pincurchin|0
|faint|p1a: Pincurchin
|
|upkeep
|
|t:|1779654881
|switch|p1a: Pelipper|Pelipper, F|71/100
|-weather|Rain Dance|[from] ability: Drizzle|[of] p1a: Pelipper
|turn|23
|
|t:|1779654884
|move|p2a: Gliscor|Facade|p1a: Pelipper
|-damage|p1a: Pelipper|48/100
|move|p1a: Pelipper|Surf|p2a: Gliscor
|-supereffective|p2a: Gliscor
|-damage|p2a: Gliscor|28/100 tox
|
|-weather|Rain Dance|[upkeep]
|-heal|p2a: Gliscor|41/100 tox|[from] ability: Poison Heal
|upkeep
|turn|24
|
|t:|1779654889
|move|p2a: Gliscor|Protect|p2a: Gliscor
|-singleturn|p2a: Gliscor|Protect
|move|p1a: Pelipper|Roost|p1a: Pelipper
|-heal|p1a: Pelipper|98/100
|-singleturn|p1a: Pelipper|move: Roost
|
|-weather|Rain Dance|[upkeep]
|-heal|p2a: Gliscor|53/100 tox|[from] ability: Poison Heal
|upkeep
|turn|25
|
|t:|1779654891
|switch|p2a: Alomomola|Alomomola, F|71/100
|move|p1a: Pelipper|Surf|p2a: Alomomola
|-resisted|p2a: Alomomola
|-damage|p2a: Alomomola|46/100
|
|-weather|Rain Dance|[upkeep]
|upkeep
|turn|26
|
|t:|1779654894
|move|p1a: Pelipper|Hurricane|p2a: Alomomola
|-damage|p2a: Alomomola|0
|faint|p2a: Alomomola
|
|-weather|Rain Dance|[upkeep]
|upkeep
|
|t:|1779654894
|switch|p2a: Cinderace|Cinderace, F|100/100
|turn|27
|
|t:|1779654898
|move|p2a: Cinderace|Pyro Ball|p1a: Pelipper
|-resisted|p1a: Pelipper
|-damage|p1a: Pelipper|88/100
|move|p1a: Pelipper|Surf|p2a: Cinderace
|-supereffective|p2a: Cinderace
|-damage|p2a: Cinderace|0
|faint|p2a: Cinderace
|
|-weather|Rain Dance|[upkeep]
|upkeep
|
|t:|1779654899
|switch|p2a: Gliscor|Gliscor, M|53/100 tox
|turn|28
|
|t:|1779654902
|move|p2a: Gliscor|Facade|p1a: Pelipper
|-damage|p1a: Pelipper|62/100
|move|p1a: Pelipper|Surf|p2a: Gliscor
|-supereffective|p2a: Gliscor
|-damage|p2a: Gliscor|0 tox
|faint|p2a: Gliscor
|
|-weather|Rain Dance|[upkeep]
|-fieldend|move: Electric Terrain
|upkeep
|
|t:|1779654902
|switch|p2a: Zamazenta|Zamazenta|22/100
|turn|29
|
|t:|1779654907
|move|p2a: Zamazenta|Crunch|p1a: Pelipper
|-damage|p1a: Pelipper|45/100
|move|p1a: Pelipper|Hurricane|p2a: Zamazenta
|-supereffective|p2a: Zamazenta
|-damage|p2a: Zamazenta|0
|faint|p2a: Zamazenta
|
|win|A05236
|c|☆Abyssal Bot|This loss doesn't matter, because I'm just a bot.
|l|☆Abyssal Bot
|player|p2|
|l|*Turbo Bottttt
