|j|☆Nez_Otanura
|j|☆magnsu
|t:|1779712924
|gametype|singles
|player|p1|Nez_Otanura|169|1166
|player|p2|magnsu|2|1113
|gen|9
|tier|[Gen 9] OU
|rated|
|rule|HP Percentage Mod: HP is shown in percentages
|rule|Endless Battle Clause: Forcing endless battles is banned
|rule|Species Clause: Limit one of each Pokémon
|rule|OHKO Clause: OHKO moves are banned
|rule|Evasion Items Clause: Evasion items are banned
|rule|Evasion Moves Clause: Evasion moves are banned
|rule|Evasion Abilities Clause: Evasion abilities are banned
|rule|Sleep Moves Clause: Sleep-inducing moves are banned
|clearpoke
|poke|p1|Kingambit, M|
|poke|p1|Raging Bolt|
|poke|p1|Gholdengo|
|poke|p1|Great Tusk|
|poke|p1|Ogerpon-Wellspring, F|
|poke|p1|Skarmory, F|
|poke|p2|Oinkologne, M|
|poke|p2|Gliscor, M|
|poke|p2|Iron Valiant|
|poke|p2|Ogerpon-Wellspring, F|
|poke|p2|Raging Bolt|
|poke|p2|Heatran, M|
|teampreview
|inactive|Battle timer is ON: inactive players will automatically lose when time's up. (requested by magnsu)
|
|t:|1779712931
|teamsize|p1|6
|teamsize|p2|6
|start
|switch|p1a: Ogerpon|Ogerpon-Wellspring, F|100/100
|switch|p2a: Gliscor|Gliscor, M|100/100
|turn|1
|
|t:|1779712941
|switch|p2a: Ogerpon|Ogerpon-Wellspring, F|100/100
|move|p1a: Ogerpon|Ivy Cudgel|p2a: Ogerpon|[anim] Ivy Cudgel Water
|-immune|p2a: Ogerpon|[from] ability: Water Absorb
|
|upkeep
|turn|2
|
|t:|1779712952
|move|p1a: Ogerpon|U-turn|p2a: Ogerpon
|-supereffective|p2a: Ogerpon
|-damage|p2a: Ogerpon|33/100
|
|t:|1779712958
|switch|p1a: Skarmory|Skarmory, F|100/100|[from] U-turn
|move|p2a: Ogerpon|Swords Dance|p2a: Ogerpon
|-boost|p2a: Ogerpon|atk|2
|
|upkeep
|turn|3
|
|t:|1779712964
|move|p2a: Ogerpon|Ivy Cudgel|p1a: Skarmory|[anim] Ivy Cudgel Water
|-damage|p1a: Skarmory|4/100
|move|p1a: Skarmory|Stealth Rock|p2a: Ogerpon
|-sidestart|p2: magnsu|move: Stealth Rock
|
|-heal|p1a: Skarmory|10/100|[from] item: Leftovers
|upkeep
|turn|4
|
|t:|1779712968
|move|p2a: Ogerpon|Ivy Cudgel|p1a: Skarmory|[anim] Ivy Cudgel Water
|-damage|p1a: Skarmory|0 fnt
|faint|p1a: Skarmory
|
|upkeep
|
|t:|1779712972
|switch|p1a: Raging Bolt|Raging Bolt|100/100
|-enditem|p1a: Raging Bolt|Booster Energy
|-activate|p1a: Raging Bolt|ability: Protosynthesis|[fromitem]
|-start|p1a: Raging Bolt|protosynthesisspa
|turn|5
|
|t:|1779712978
|switch|p2a: Gliscor|Gliscor, M|100/100
|-damage|p2a: Gliscor|88/100|[from] Stealth Rock
|move|p1a: Raging Bolt|Thunderclap||[still]
|-fail|p1a: Raging Bolt
|
|-status|p2a: Gliscor|tox|[from] item: Toxic Orb
|upkeep
|turn|6
|
|t:|1779712985
|move|p2a: Gliscor|Toxic|p1a: Raging Bolt
|-status|p1a: Raging Bolt|tox
|move|p1a: Raging Bolt|Dragon Pulse|p2a: Gliscor
|-damage|p2a: Gliscor|27/100 tox
|
|-heal|p2a: Gliscor|40/100 tox|[from] ability: Poison Heal
|-damage|p1a: Raging Bolt|94/100 tox|[from] psn
|upkeep
|turn|7
|
|t:|1779712992
|switch|p2a: Iron Valiant|Iron Valiant|100/100
|-damage|p2a: Iron Valiant|94/100|[from] Stealth Rock
|-enditem|p2a: Iron Valiant|Booster Energy
|-activate|p2a: Iron Valiant|ability: Quark Drive|[fromitem]
|-start|p2a: Iron Valiant|quarkdrivespe
|move|p1a: Raging Bolt|Calm Mind|p1a: Raging Bolt
|-boost|p1a: Raging Bolt|spa|1
|-boost|p1a: Raging Bolt|spd|1
|
|-damage|p1a: Raging Bolt|82/100 tox|[from] psn
|upkeep
|turn|8
|
|t:|1779713002
|move|p1a: Raging Bolt|Thunderclap||[still]
|-fail|p1a: Raging Bolt
|move|p2a: Iron Valiant|Calm Mind|p2a: Iron Valiant
|-boost|p2a: Iron Valiant|spa|1
|-boost|p2a: Iron Valiant|spd|1
|
|-damage|p1a: Raging Bolt|63/100 tox|[from] psn
|upkeep
|turn|9
|
|t:|1779713006
|move|p1a: Raging Bolt|Thunderclap|p2a: Iron Valiant
|-damage|p2a: Iron Valiant|0 fnt
|faint|p2a: Iron Valiant
|-end|p2a: Iron Valiant|Quark Drive|[silent]
|
|-damage|p1a: Raging Bolt|39/100 tox|[from] psn
|upkeep
|
|t:|1779713015
|switch|p2a: Gliscor|Gliscor, M|40/100 tox
|-damage|p2a: Gliscor|27/100 tox|[from] Stealth Rock
|turn|10
|
|t:|1779713021
|move|p2a: Gliscor|Protect|p2a: Gliscor
|-singleturn|p2a: Gliscor|Protect
|move|p1a: Raging Bolt|Dragon Pulse|p2a: Gliscor
|-activate|p2a: Gliscor|move: Protect
|
|-heal|p2a: Gliscor|40/100 tox|[from] ability: Poison Heal
|-damage|p1a: Raging Bolt|8/100 tox|[from] psn
|upkeep
|turn|11
|
|t:|1779713027
|move|p2a: Gliscor|Knock Off|p1a: Raging Bolt
|-damage|p1a: Raging Bolt|0 fnt
|faint|p1a: Raging Bolt
|-end|p1a: Raging Bolt|Protosynthesis|[silent]
|
|-heal|p2a: Gliscor|52/100 tox|[from] ability: Poison Heal
|upkeep
|
|t:|1779713030
|switch|p1a: Ogerpon|Ogerpon-Wellspring, F|100/100
|turn|12
|
|t:|1779713034
|switch|p2a: Ogerpon|Ogerpon-Wellspring, F|33/100
|-damage|p2a: Ogerpon|20/100|[from] Stealth Rock
|move|p1a: Ogerpon|Ivy Cudgel|p2a: Ogerpon|[anim] Ivy Cudgel Water
|-heal|p2a: Ogerpon|45/100|[from] ability: Water Absorb|[of] p1a: Ogerpon
|
|upkeep
|turn|13
|
|t:|1779713042
|switch|p2a: Gliscor|Gliscor, M|52/100 tox
|-damage|p2a: Gliscor|40/100 tox|[from] Stealth Rock
|move|p1a: Ogerpon|U-turn|p2a: Gliscor
|-resisted|p2a: Gliscor
|-damage|p2a: Gliscor|29/100 tox
|
|t:|1779713048
|switch|p1a: Great Tusk|Great Tusk|100/100|[from] U-turn
|
|-heal|p2a: Gliscor|41/100 tox|[from] ability: Poison Heal
|upkeep
|turn|14
|
|t:|1779713051
|move|p1a: Great Tusk|Ice Spinner|p2a: Gliscor
|-supereffective|p2a: Gliscor
|-damage|p2a: Gliscor|0 fnt
|faint|p2a: Gliscor
|
|upkeep
|
|t:|1779713054
|switch|p2a: Ogerpon|Ogerpon-Wellspring, F|45/100
|-damage|p2a: Ogerpon|33/100|[from] Stealth Rock
|turn|15
|
|t:|1779713058
|-end|p1a: Great Tusk|Protosynthesis|[silent]
|switch|p1a: Gholdengo|Gholdengo|100/100
|move|p2a: Ogerpon|Horn Leech|p1a: Gholdengo
|-resisted|p1a: Gholdengo
|-damage|p1a: Gholdengo|76/100
|-heal|p2a: Ogerpon|46/100|[from] drain|[of] p1a: Gholdengo
|
|upkeep
|turn|16
|
|t:|1779713068
|move|p2a: Ogerpon|Ivy Cudgel|p1a: Gholdengo|[anim] Ivy Cudgel Water
|-damage|p1a: Gholdengo|11/100
|move|p1a: Gholdengo|Thunderbolt|p2a: Ogerpon
|-crit|p2a: Ogerpon
|-damage|p2a: Ogerpon|0 fnt
|faint|p2a: Ogerpon
|
|upkeep
|
|t:|1779713077
|switch|p2a: Raging Bolt|Raging Bolt|100/100
|-damage|p2a: Raging Bolt|88/100|[from] Stealth Rock
|-enditem|p2a: Raging Bolt|Booster Energy
|-activate|p2a: Raging Bolt|ability: Protosynthesis|[fromitem]
|-start|p2a: Raging Bolt|protosynthesisspa
|turn|17
|
|t:|1779713080
|move|p1a: Gholdengo|Thunderbolt|p2a: Raging Bolt
|-resisted|p2a: Raging Bolt
|-damage|p2a: Raging Bolt|80/100
|move|p2a: Raging Bolt|Thunderbolt|p1a: Gholdengo
|-damage|p1a: Gholdengo|0 fnt
|faint|p1a: Gholdengo
|
|upkeep
|
|t:|1779713084
|switch|p1a: Great Tusk|Great Tusk|100/100
|turn|18
|
|t:|1779713088
|-end|p2a: Raging Bolt|Protosynthesis|[silent]
|switch|p2a: Wilbur|Oinkologne, M|100/100
|-damage|p2a: Wilbur|88/100|[from] Stealth Rock
|move|p1a: Great Tusk|Earthquake|p2a: Wilbur
|-damage|p2a: Wilbur|35/100
|
|-heal|p2a: Wilbur|41/100|[from] item: Leftovers
|upkeep
|turn|19
|
|t:|1779713095
|move|p1a: Great Tusk|Earthquake|p2a: Wilbur
|-damage|p2a: Wilbur|0 fnt
|faint|p2a: Wilbur
|
|upkeep
|
|t:|1779713101
|switch|p2a: Heatran|Heatran, M|100/100
|-damage|p2a: Heatran|88/100|[from] Stealth Rock
|-item|p2a: Heatran|Air Balloon
|turn|20
|
|t:|1779713105
|-terastallize|p2a: Heatran|Ghost
|move|p1a: Great Tusk|Close Combat|p2a: Heatran
|-immune|p2a: Heatran
|move|p2a: Heatran|Magma Storm|p1a: Great Tusk
|-damage|p1a: Great Tusk|38/100
|-activate|p1a: Great Tusk|move: Magma Storm|[of] p2a: Heatran
|
|-heal|p1a: Great Tusk|44/100|[from] item: Leftovers
|-damage|p1a: Great Tusk|32/100|[from] move: Magma Storm|[partiallytrapped]
|upkeep
|turn|21
|
|t:|1779713113
|move|p1a: Great Tusk|Ice Spinner|p2a: Heatran
|-damage|p2a: Heatran|65/100
|-enditem|p2a: Heatran|Air Balloon
|move|p2a: Heatran|Magma Storm|p1a: Great Tusk|[miss]
|-miss|p2a: Heatran|p1a: Great Tusk
|
|-heal|p1a: Great Tusk|38/100|[from] item: Leftovers
|-damage|p1a: Great Tusk|26/100|[from] move: Magma Storm|[partiallytrapped]
|upkeep
|turn|22
|
|t:|1779713116
|move|p1a: Great Tusk|Earthquake|p2a: Heatran
|-damage|p2a: Heatran|20/100
|move|p2a: Heatran|Magma Storm|p1a: Great Tusk
|-damage|p1a: Great Tusk|0 fnt
|faint|p1a: Great Tusk
|-end|p1a: Great Tusk|Protosynthesis|[silent]
|
|upkeep
|
|t:|1779713120
|switch|p1a: Kingambit|Kingambit, M|100/100
|-activate|p1a: Kingambit|ability: Supreme Overlord
|-start|p1a: Kingambit|fallen4|[silent]
|turn|23
|
|t:|1779713123
|move|p1a: Kingambit|Sucker Punch|p2a: Heatran
|-supereffective|p2a: Heatran
|-damage|p2a: Heatran|0 fnt
|faint|p2a: Heatran
|
|upkeep
|
|t:|1779713125
|switch|p2a: Raging Bolt|Raging Bolt|80/100
|-damage|p2a: Raging Bolt|68/100|[from] Stealth Rock
|turn|24
|
|t:|1779713130
|move|p2a: Raging Bolt|Calm Mind|p2a: Raging Bolt
|-boost|p2a: Raging Bolt|spa|1
|-boost|p2a: Raging Bolt|spd|1
|move|p1a: Kingambit|Kowtow Cleave|p2a: Raging Bolt
|-damage|p2a: Raging Bolt|6/100
|
|upkeep
|turn|25
|
|t:|1779713135
|move|p2a: Raging Bolt|Thunderclap|p1a: Kingambit
|-damage|p1a: Kingambit|40/100
|move|p1a: Kingambit|Iron Head|p2a: Raging Bolt
|-resisted|p2a: Raging Bolt
|-damage|p2a: Raging Bolt|0 fnt
|faint|p2a: Raging Bolt
|-end|p2a: Raging Bolt|Protosynthesis|[silent]
|
|win|Nez_Otanura
|raw|Nez_Otanura's rating: 1166 &rarr; <strong>1187</strong><br />(+21 for winning)
|raw|magnsu's rating: 1113 &rarr; <strong>1092</strong><br />(-21 for losing)
|l|☆magnsu
|player|p2|
|l|☆Nez_Otanura
|player|p1|
