|j|☆Oweiner95
|j|☆samohi0
|t:|1779672762
|gametype|singles
|player|p1|Oweiner95|2|1675
|player|p2|samohi0|hoopster|1674
|gen|9
|tier|[Gen 9] OU
|rated|
|rule|HP Percentage Mod: HP is shown in percentages
|rule|Endless Battle Clause: Forcing endless battles is banned
|rule|Species Clause: Limit one of each Pokémon
|rule|OHKO Clause: OHKO moves are banned
|rule|Evasion Items Clause: Evasion items are banned
|rule|Evasion Moves Clause: Evasion moves are banned
|rule|Evasion Abilities Clause: Evasion abilities are banned
|rule|Sleep Moves Clause: Sleep-inducing moves are banned
|clearpoke
|poke|p1|Hawlucha, M|
|poke|p1|Samurott-Hisui, F|
|poke|p1|Rillaboom, F|
|poke|p1|Gholdengo|
|poke|p1|Kyurem|
|poke|p1|Landorus-Therian, M|
|poke|p2|Mamoswine, M|
|poke|p2|Glimmora, M|
|poke|p2|Iron Crown|
|poke|p2|Zamazenta-*|
|poke|p2|Sinistcha|
|poke|p2|Samurott-Hisui, M|
|teampreview
|
|t:|1779672783
|teamsize|p1|6
|teamsize|p2|6
|start
|switch|p1a: Kyurem|Kyurem|100/100
|switch|p2a: Braveheart|Iron Crown|100/100
|-ability|p1a: Kyurem|Pressure
|turn|1
|inactive|Battle timer is ON: inactive players will automatically lose when time's up. (requested by Oweiner95)
|c|☆Oweiner95|test
|
|t:|1779672846
|switch|p1a: Samurott|Samurott-Hisui, F|100/100
|move|p2a: Braveheart|Tachyon Cutter|p1a: Samurott
|-resisted|p1a: Samurott
|-damage|p1a: Samurott|87/100
|-resisted|p1a: Samurott
|-damage|p1a: Samurott|76/100
|-hitcount|p1a: Samurott|2
|
|upkeep
|turn|2
|
|t:|1779672865
|-end|p2a: Braveheart|Quark Drive|[silent]
|switch|p2a: Bullet|Glimmora, M, shiny|100/100
|move|p1a: Samurott|Ceaseless Edge|p2a: Bullet
|-damage|p2a: Bullet|64/100
|-activate|p2a: Bullet|ability: Toxic Debris
|-sidestart|p1: Oweiner95|move: Toxic Spikes
|-sidestart|p2: samohi0|Spikes
|-enditem|p2a: Bullet|Red Card|[of] p1a: Samurott
|drag|p1a: Rillaboom|Rillaboom, F|100/100
|-status|p1a: Rillaboom|psn
|-enditem|p1a: Rillaboom|Lum Berry|[eat]
|-curestatus|p1a: Rillaboom|psn|[msg]
|-fieldstart|move: Grassy Terrain|[from] ability: Grassy Surge|[of] p1a: Rillaboom
|
|-heal|p2a: Bullet|70/100|[from] Grassy Terrain
|upkeep
|turn|3
|
|t:|1779672876
|move|p1a: Rillaboom|Wood Hammer|p2a: Bullet
|-damage|p2a: Bullet|0 fnt
|-activate|p2a: Bullet|ability: Toxic Debris
|-sidestart|p1: Oweiner95|move: Toxic Spikes
|faint|p2a: Bullet
|-damage|p1a: Rillaboom|77/100|[from] Recoil
|
|-heal|p1a: Rillaboom|84/100|[from] Grassy Terrain
|upkeep
|
|t:|1779672880
|switch|p2a: Behemoth|Mamoswine, M, shiny|100/100
|-damage|p2a: Behemoth|88/100|[from] Spikes
|turn|4
|
|t:|1779672900
|switch|p1a: Gholdengo|Gholdengo|100/100
|move|p2a: Behemoth|Knock Off|p1a: Gholdengo
|-supereffective|p1a: Gholdengo
|-damage|p1a: Gholdengo|0 fnt
|-enditem|p1a: Gholdengo|Choice Scarf|[from] move: Knock Off|[of] p2a: Behemoth
|faint|p1a: Gholdengo
|
|-heal|p2a: Behemoth|94/100|[from] Grassy Terrain
|upkeep
|inactive|Oweiner95 has 120 seconds left.
|
|t:|1779672923
|switch|p1a: Hawlucha|Hawlucha, M|100/100
|-enditem|p1a: Hawlucha|Grassy Seed
|-boost|p1a: Hawlucha|def|1|[from] item: Grassy Seed
|turn|5
|
|t:|1779672933
|switch|p2a: Trojan|Zamazenta, shiny|100/100
|-damage|p2a: Trojan|88/100|[from] Spikes
|-ability|p2a: Trojan|Dauntless Shield|boost
|-boost|p2a: Trojan|def|1
|move|p1a: Hawlucha|Swords Dance|p1a: Hawlucha
|-boost|p1a: Hawlucha|atk|2
|
|-heal|p2a: Trojan|94/100|[from] Grassy Terrain
|upkeep
|turn|6
|
|t:|1779672937
|-terastallize|p2a: Trojan|Fairy
|move|p1a: Hawlucha|Acrobatics|p2a: Trojan
|-damage|p2a: Trojan|33/100
|move|p2a: Trojan|Play Rough|p1a: Hawlucha
|-supereffective|p1a: Hawlucha
|-damage|p1a: Hawlucha|0 fnt
|faint|p1a: Hawlucha
|
|-heal|p2a: Trojan|39/100|[from] Grassy Terrain
|-fieldend|move: Grassy Terrain
|upkeep
|
|t:|1779672950
|switch|p1a: Landorus|Landorus-Therian, M|100/100
|-ability|p1a: Landorus|Intimidate|boost
|-unboost|p2a: Trojan|atk|1
|turn|7
|
|t:|1779672954
|switch|p2a: Sagittarius|Sinistcha, shiny|100/100
|move|p1a: Landorus|Stealth Rock|p2a: Sagittarius
|-sidestart|p2: samohi0|move: Stealth Rock
|
|upkeep
|turn|8
|
|t:|1779672959
|move|p1a: Landorus|Taunt|p2a: Sagittarius
|-start|p2a: Sagittarius|move: Taunt
|cant|p2a: Sagittarius|move: Taunt|Calm Mind
|
|upkeep
|turn|9
|
|t:|1779672961
|move|p1a: Landorus|U-turn|p2a: Sagittarius
|-damage|p2a: Sagittarius|86/100
|
|t:|1779672966
|switch|p1a: Kyurem|Kyurem|100/100|[from] U-turn
|-status|p1a: Kyurem|tox
|-ability|p1a: Kyurem|Pressure
|move|p2a: Sagittarius|Matcha Gotcha|p1a: Kyurem
|-resisted|p1a: Kyurem
|-crit|p1a: Kyurem
|-damage|p1a: Kyurem|85/100 tox
|-heal|p2a: Sagittarius|95/100|[from] drain|[of] p1a: Kyurem
|
|-damage|p1a: Kyurem|79/100 tox|[from] psn
|upkeep
|turn|10
|
|t:|1779672978
|switch|p2a: Braveheart|Iron Crown|100/100
|-damage|p2a: Braveheart|88/100|[from] Spikes
|-damage|p2a: Braveheart|82/100|[from] Stealth Rock
|move|p1a: Kyurem|Earth Power|p2a: Braveheart
|-supereffective|p2a: Braveheart
|-damage|p2a: Braveheart|24/100
|
|-damage|p1a: Kyurem|66/100 tox|[from] psn
|upkeep
|turn|11
|
|t:|1779672987
|switch|p1a: Samurott|Samurott-Hisui, F|76/100
|-status|p1a: Samurott|tox
|move|p2a: Braveheart|Tachyon Cutter|p1a: Samurott
|-resisted|p1a: Samurott
|-damage|p1a: Samurott|64/100 tox
|-resisted|p1a: Samurott
|-damage|p1a: Samurott|51/100 tox
|-hitcount|p1a: Samurott|2
|
|-damage|p1a: Samurott|45/100 tox|[from] psn
|upkeep
|turn|12
|
|t:|1779672997
|move|p2a: Braveheart|Tachyon Cutter|p1a: Samurott
|-resisted|p1a: Samurott
|-damage|p1a: Samurott|32/100 tox
|-resisted|p1a: Samurott
|-damage|p1a: Samurott|20/100 tox
|-hitcount|p1a: Samurott|2
|move|p1a: Samurott|Knock Off|p2a: Braveheart
|-supereffective|p2a: Braveheart
|-damage|p2a: Braveheart|0 fnt
|-enditem|p2a: Braveheart|Choice Specs|[from] move: Knock Off|[of] p1a: Samurott
|faint|p2a: Braveheart
|-end|p2a: Braveheart|Quark Drive|[silent]
|
|-damage|p1a: Samurott|8/100 tox|[from] psn
|upkeep
|
|t:|1779673012
|switch|p2a: Trojan|Zamazenta, shiny, tera:Fairy|39/100
|-damage|p2a: Trojan|27/100|[from] Spikes
|-damage|p2a: Trojan|15/100|[from] Stealth Rock
|turn|13
|
|t:|1779673016
|move|p1a: Samurott|Sucker Punch|p2a: Trojan
|-resisted|p2a: Trojan
|-damage|p2a: Trojan|1/100
|move|p2a: Trojan|Play Rough|p1a: Samurott
|-supereffective|p1a: Samurott
|-damage|p1a: Samurott|0 fnt
|faint|p1a: Samurott
|
|upkeep
|
|t:|1779673023
|switch|p1a: Landorus|Landorus-Therian, M|100/100
|-ability|p1a: Landorus|Intimidate|boost
|-unboost|p2a: Trojan|atk|1
|turn|14
|
|t:|1779673027
|move|p2a: Trojan|Play Rough|p1a: Landorus
|-damage|p1a: Landorus|57/100
|-damage|p2a: Trojan|0 fnt|[from] item: Rocky Helmet|[of] p1a: Landorus
|faint|p2a: Trojan
|move|p1a: Landorus|Earth Power|p2: Trojan|[notarget]
|-fail|p1a: Landorus
|
|upkeep
|
|t:|1779673031
|switch|p2a: Behemoth|Mamoswine, M, shiny|94/100
|-damage|p2a: Behemoth|82/100|[from] Spikes
|-damage|p2a: Behemoth|70/100|[from] Stealth Rock
|turn|15
|
|t:|1779673036
|move|p2a: Behemoth|Ice Shard|p1a: Landorus
|-supereffective|p1a: Landorus
|-damage|p1a: Landorus|0 fnt
|faint|p1a: Landorus
|
|upkeep
|
|t:|1779673044
|switch|p1a: Kyurem|Kyurem|66/100 tox
|-ability|p1a: Kyurem|Pressure
|turn|16
|
|t:|1779673053
|move|p2a: Behemoth|Ice Shard|p1a: Kyurem
|-damage|p1a: Kyurem|35/100 tox
|move|p1a: Kyurem|Focus Blast|p2a: Behemoth|[miss]
|-miss|p1a: Kyurem|p2a: Behemoth
|
|-damage|p1a: Kyurem|29/100 tox|[from] psn
|upkeep
|turn|17
|
|t:|1779673057
|move|p2a: Behemoth|Ice Shard|p1a: Kyurem
|-damage|p1a: Kyurem|0 fnt
|faint|p1a: Kyurem
|
|upkeep
|
|t:|1779673059
|switch|p1a: Rillaboom|Rillaboom, F|84/100
|-status|p1a: Rillaboom|tox
|-fieldstart|move: Grassy Terrain|[from] ability: Grassy Surge|[of] p1a: Rillaboom
|turn|18
|
|t:|1779673065
|move|p2a: Behemoth|Ice Shard|p1a: Rillaboom
|-supereffective|p1a: Rillaboom
|-damage|p1a: Rillaboom|19/100 tox
|move|p1a: Rillaboom|Grassy Glide|p2a: Behemoth
|-supereffective|p2a: Behemoth
|-damage|p2a: Behemoth|0 fnt
|faint|p2a: Behemoth
|
|-heal|p1a: Rillaboom|25/100 tox|[from] Grassy Terrain
|-damage|p1a: Rillaboom|19/100 tox|[from] psn
|upkeep
|
|t:|1779673069
|switch|p2a: Jack Sparrow|Samurott-Hisui, M, shiny|100/100
|-damage|p2a: Jack Sparrow|88/100|[from] Spikes
|-damage|p2a: Jack Sparrow|76/100|[from] Stealth Rock
|turn|19
|
|t:|1779673071
|-terastallize|p1a: Rillaboom|Grass
|move|p2a: Jack Sparrow|Sucker Punch|p1a: Rillaboom
|-damage|p1a: Rillaboom|0 fnt
|faint|p1a: Rillaboom
|
|win|samohi0
|raw|Oweiner95's rating: 1675 &rarr; <strong>1655</strong><br />(-20 for losing)
|raw|samohi0's rating: 1674 &rarr; <strong>1694</strong><br />(+20 for winning)
|l|☆Oweiner95
|player|p1|
|l|☆samohi0
|player|p2|
