|j|☆Relish Toast
|j|☆maizhelun111
|t:|1779711822
|gametype|singles
|player|p1|Relish Toast|kieran-festival|1190
|player|p2|maizhelun111|169|1243
|gen|9
|tier|[Gen 9] OU
|rated|
|rule|HP Percentage Mod: HP is shown in percentages
|rule|Endless Battle Clause: Forcing endless battles is banned
|rule|Species Clause: Limit one of each Pokémon
|rule|OHKO Clause: OHKO moves are banned
|rule|Evasion Items Clause: Evasion items are banned
|rule|Evasion Moves Clause: Evasion moves are banned
|rule|Evasion Abilities Clause: Evasion abilities are banned
|rule|Sleep Moves Clause: Sleep-inducing moves are banned
|clearpoke
|poke|p1|Torkoal, M|
|poke|p1|Trevenant, M|
|poke|p1|Great Tusk|
|poke|p1|Vileplume, M|
|poke|p1|Leavanny, F|
|poke|p1|Raging Bolt|
|poke|p2|Alcremie-Rainbow-Swirl, F|
|poke|p2|Alomomola, M|
|poke|p2|Corviknight, M|
|poke|p2|Hoopa-Unbound|
|poke|p2|Ogerpon, F|
|poke|p2|Clodsire, F|
|teampreview
|inactive|Battle timer is ON: inactive players will automatically lose when time's up. (requested by Relish Toast)
|
|t:|1779711846
|teamsize|p1|6
|teamsize|p2|6
|start
|switch|p1a: Leavanny|Leavanny, F, shiny|100/100
|switch|p2a: Ogerpon|Ogerpon, F|100/100
|turn|1
|
|t:|1779711852
|move|p2a: Ogerpon|U-turn|p1a: Leavanny
|-supereffective|p1a: Leavanny
|-damage|p1a: Leavanny|34/100
|
|t:|1779711861
|switch|p2a: Corviknight|Corviknight, M|100/100|[from] U-turn
|-ability|p2a: Corviknight|Pressure
|move|p1a: Leavanny|Lunge|p2a: Corviknight
|-resisted|p2a: Corviknight
|-damage|p2a: Corviknight|95/100
|-unboost|p2a: Corviknight|atk|1
|-damage|p1a: Leavanny|17/100|[from] item: Rocky Helmet|[of] p2a: Corviknight
|
|upkeep
|turn|2
|
|t:|1779711865
|move|p1a: Leavanny|Sticky Web|p2a: Corviknight
|-sidestart|p2: maizhelun111|move: Sticky Web
|move|p2a: Corviknight|U-turn|p1a: Leavanny
|-supereffective|p1a: Leavanny
|-damage|p1a: Leavanny|0 fnt
|faint|p1a: Leavanny
|inactive|maizhelun111 has 120 seconds left.
|
|t:|1779711896
|switch|p2a: Alcremie|Alcremie-Rainbow-Swirl, F|100/100|[from] U-turn
|-activate|p2a: Alcremie|move: Sticky Web
|-unboost|p2a: Alcremie|spe|1
|
|upkeep
|
|t:|1779711905
|switch|p1a: Vileplume|Vileplume, M, shiny|100/100
|turn|3
|
|t:|1779711918
|switch|p2a: Corviknight|Corviknight, M|95/100
|-ability|p2a: Corviknight|Pressure
|move|p1a: Vileplume|Sludge Bomb|p2a: Corviknight
|-immune|p2a: Corviknight
|
|upkeep
|turn|4
|
|t:|1779711925
|switch|p1a: Torkoal|Torkoal, M|100/100
|-weather|SunnyDay|[from] ability: Drought|[of] p1a: Torkoal
|move|p2a: Corviknight|Defog|p1a: Torkoal
|-unboost|p1a: Torkoal|evasion|1
|-sideend|p2: maizhelun111|Sticky Web|[from] move: Defog|[of] p2a: Corviknight
|
|-weather|SunnyDay|[upkeep]
|upkeep
|turn|5
|inactive|maizhelun111 has 120 seconds left.
|
|t:|1779711954
|switch|p2a: Alomomola|Alomomola, M|100/100
|move|p1a: Torkoal|Stealth Rock|p2a: Alomomola
|-sidestart|p2: maizhelun111|move: Stealth Rock
|
|-weather|SunnyDay|[upkeep]
|upkeep
|turn|6
|inactive|maizhelun111 has 120 seconds left.
|
|t:|1779711964
|switch|p1a: Vileplume|Vileplume, M, shiny|100/100
|move|p2a: Alomomola|Wish|p2a: Alomomola
|
|-weather|SunnyDay|[upkeep]
|upkeep
|turn|7
|
|t:|1779711970
|switch|p2a: Clodsire|Clodsire, F|100/100
|move|p1a: Vileplume|Growth|p1a: Vileplume
|-boost|p1a: Vileplume|atk|2
|-boost|p1a: Vileplume|spa|2
|
|-weather|SunnyDay|[upkeep]
|upkeep
|turn|8
|
|t:|1779711979
|move|p1a: Vileplume|Giga Drain|p2a: Clodsire
|-crit|p2a: Clodsire
|-damage|p2a: Clodsire|68/100
|-damage|p1a: Vileplume|91/100|[from] item: Life Orb
|move|p2a: Clodsire|Stealth Rock|p1a: Vileplume
|-sidestart|p1: Relish Toast|move: Stealth Rock
|
|-weather|SunnyDay|[upkeep]
|upkeep
|turn|9
|
|t:|1779711987
|switch|p1a: Great Tusk|Great Tusk|100/100
|-damage|p1a: Great Tusk|98/100|[from] Stealth Rock
|-activate|p1a: Great Tusk|ability: Protosynthesis
|-start|p1a: Great Tusk|protosynthesisatk
|move|p2a: Clodsire|Recover|p2a: Clodsire
|-heal|p2a: Clodsire|100/100
|
|-weather|SunnyDay|[upkeep]
|upkeep
|turn|10
|
|t:|1779711997
|switch|p2a: Alomomola|Alomomola, M|100/100
|-damage|p2a: Alomomola|88/100|[from] Stealth Rock
|move|p1a: Great Tusk|Rapid Spin|p2a: Alomomola
|-damage|p2a: Alomomola|72/100
|-boost|p1a: Great Tusk|spe|1
|-damage|p1a: Great Tusk|81/100|[from] item: Rocky Helmet|[of] p2a: Alomomola
|-sideend|p1: Relish Toast|Stealth Rock|[from] move: Rapid Spin|[of] p1a: Great Tusk
|-damage|p1a: Great Tusk|71/100|[from] item: Life Orb
|
|-weather|SunnyDay|[upkeep]
|upkeep
|turn|11
|
|t:|1779712010
|move|p1a: Great Tusk|Knock Off|p2a: Alomomola
|-damage|p2a: Alomomola|43/100
|-damage|p1a: Great Tusk|54/100|[from] item: Rocky Helmet|[of] p2a: Alomomola
|-enditem|p2a: Alomomola|Rocky Helmet|[from] move: Knock Off|[of] p1a: Great Tusk
|-damage|p1a: Great Tusk|45/100|[from] item: Life Orb
|move|p2a: Alomomola|Wish|p2a: Alomomola
|
|-weather|none
|-end|p1a: Great Tusk|Protosynthesis
|upkeep
|turn|12
|inactive|maizhelun111 has 120 seconds left.
|
|t:|1779712059
|-end|p1a: Great Tusk|Protosynthesis|[silent]
|switch|p1a: Torkoal|Torkoal, M|100/100
|-weather|SunnyDay|[from] ability: Drought|[of] p1a: Torkoal
|move|p2a: Alomomola|Tickle|p1a: Torkoal
|-unboost|p1a: Torkoal|atk|1
|-unboost|p1a: Torkoal|def|1
|
|-weather|SunnyDay|[upkeep]
|-heal|p2a: Alomomola|93/100|[from] move: Wish|[wisher] Alomomola
|upkeep
|turn|13
|
|t:|1779712075
|switch|p1a: Raging Bolt|Raging Bolt|100/100
|-activate|p1a: Raging Bolt|ability: Protosynthesis
|-start|p1a: Raging Bolt|protosynthesisspa
|move|p2a: Alomomola|Flip Turn|p1a: Raging Bolt
|-resisted|p1a: Raging Bolt
|-damage|p1a: Raging Bolt|98/100
|
|t:|1779712104
|switch|p2a: Clodsire|Clodsire, F|100/100|[from] Flip Turn
|
|-weather|SunnyDay|[upkeep]
|upkeep
|turn|14
|
|t:|1779712116
|-end|p1a: Raging Bolt|Protosynthesis|[silent]
|switch|p1a: Great Tusk|Great Tusk|45/100
|-activate|p1a: Great Tusk|ability: Protosynthesis
|-start|p1a: Great Tusk|protosynthesisatk
|move|p2a: Clodsire|Recover||[still]
|-fail|p2a: Clodsire|heal
|
|-weather|SunnyDay|[upkeep]
|upkeep
|turn|15
|
|t:|1779712127
|switch|p2a: Alomomola|Alomomola, M|100/100
|-damage|p2a: Alomomola|88/100|[from] Stealth Rock
|move|p1a: Great Tusk|Bulk Up|p1a: Great Tusk
|-boost|p1a: Great Tusk|atk|1
|-boost|p1a: Great Tusk|def|1
|
|-weather|SunnyDay|[upkeep]
|upkeep
|turn|16
|
|t:|1779712137
|move|p1a: Great Tusk|Headlong Rush|p2a: Alomomola
|-damage|p2a: Alomomola|1/100
|-unboost|p1a: Great Tusk|def|1
|-unboost|p1a: Great Tusk|spd|1
|-damage|p1a: Great Tusk|35/100|[from] item: Life Orb
|move|p2a: Alomomola|Tickle|p1a: Great Tusk
|-unboost|p1a: Great Tusk|atk|1
|-unboost|p1a: Great Tusk|def|1
|
|-weather|SunnyDay|[upkeep]
|upkeep
|turn|17
|
|t:|1779712159
|-end|p1a: Great Tusk|Protosynthesis|[silent]
|switch|p1a: Raging Bolt|Raging Bolt|98/100
|-activate|p1a: Raging Bolt|ability: Protosynthesis
|-start|p1a: Raging Bolt|protosynthesisspa
|move|p2a: Alomomola|Protect||[still]
|-fail|p2a: Alomomola
|
|-weather|SunnyDay|[upkeep]
|upkeep
|turn|18
|
|t:|1779712171
|move|p1a: Raging Bolt|Weather Ball|p2a: Alomomola
|-resisted|p2a: Alomomola
|-damage|p2a: Alomomola|0 fnt
|faint|p2a: Alomomola
|
|-weather|SunnyDay|[upkeep]
|upkeep
|
|t:|1779712178
|switch|p2a: Clodsire|Clodsire, F|100/100
|turn|19
|
|t:|1779712183
|-end|p1a: Raging Bolt|Protosynthesis|[silent]
|switch|p1a: Great Tusk|Great Tusk|35/100
|-activate|p1a: Great Tusk|ability: Protosynthesis
|-start|p1a: Great Tusk|protosynthesisatk
|move|p2a: Clodsire|Poison Jab|p1a: Great Tusk
|-resisted|p1a: Great Tusk
|-damage|p1a: Great Tusk|28/100
|
|-weather|none
|-end|p1a: Great Tusk|Protosynthesis
|upkeep
|turn|20
|inactive|maizhelun111 has 120 seconds left.
|
|t:|1779712191
|switch|p2a: Ogerpon|Ogerpon, F|100/100
|move|p1a: Great Tusk|Knock Off|p2a: Ogerpon
|-damage|p2a: Ogerpon|39/100
|-enditem|p2a: Ogerpon|Heavy-Duty Boots|[from] move: Knock Off|[of] p1a: Great Tusk
|-damage|p1a: Great Tusk|18/100|[from] item: Life Orb
|
|upkeep
|turn|21
|
|t:|1779712200
|-end|p1a: Great Tusk|Protosynthesis|[silent]
|switch|p1a: Torkoal|Torkoal, M|100/100
|-weather|SunnyDay|[from] ability: Drought|[of] p1a: Torkoal
|move|p2a: Ogerpon|U-turn|p1a: Torkoal
|-resisted|p1a: Torkoal
|-damage|p1a: Torkoal|93/100
|
|t:|1779712208
|switch|p2a: Alcremie|Alcremie-Rainbow-Swirl, F|100/100|[from] U-turn
|-damage|p2a: Alcremie|88/100|[from] Stealth Rock
|
|-weather|SunnyDay|[upkeep]
|-heal|p2a: Alcremie|94/100|[from] item: Leftovers
|upkeep
|turn|22
|
|t:|1779712217
|switch|p1a: Vileplume|Vileplume, M, shiny|91/100
|move|p2a: Alcremie|Calm Mind|p2a: Alcremie
|-boost|p2a: Alcremie|spa|1
|-boost|p2a: Alcremie|spd|1
|
|-weather|SunnyDay|[upkeep]
|-heal|p2a: Alcremie|99/100|[from] item: Leftovers
|upkeep
|turn|23
|
|t:|1779712224
|-terastallize|p2a: Alcremie|Poison
|move|p1a: Vileplume|Growth|p1a: Vileplume
|-boost|p1a: Vileplume|atk|2
|-boost|p1a: Vileplume|spa|2
|move|p2a: Alcremie|Calm Mind|p2a: Alcremie
|-boost|p2a: Alcremie|spa|1
|-boost|p2a: Alcremie|spd|1
|
|-weather|SunnyDay|[upkeep]
|-heal|p2a: Alcremie|100/100|[from] item: Leftovers
|upkeep
|turn|24
|
|t:|1779712233
|move|p1a: Vileplume|Growth|p1a: Vileplume
|-boost|p1a: Vileplume|atk|2
|-boost|p1a: Vileplume|spa|2
|move|p2a: Alcremie|Calm Mind|p2a: Alcremie
|-boost|p2a: Alcremie|spa|1
|-boost|p2a: Alcremie|spd|1
|
|-weather|SunnyDay|[upkeep]
|upkeep
|turn|25
|
|t:|1779712237
|move|p1a: Vileplume|Giga Drain|p2a: Alcremie
|-resisted|p2a: Alcremie
|-damage|p2a: Alcremie|81/100
|-heal|p1a: Vileplume|99/100|[from] drain|[of] p2a: Alcremie
|-damage|p1a: Vileplume|90/100|[from] item: Life Orb
|move|p2a: Alcremie|Calm Mind|p2a: Alcremie
|-boost|p2a: Alcremie|spa|1
|-boost|p2a: Alcremie|spd|1
|
|-weather|SunnyDay|[upkeep]
|-heal|p2a: Alcremie|87/100|[from] item: Leftovers
|upkeep
|turn|26
|
|t:|1779712242
|move|p1a: Vileplume|Giga Drain|p2a: Alcremie
|-resisted|p2a: Alcremie
|-damage|p2a: Alcremie|68/100
|-heal|p1a: Vileplume|99/100|[from] drain|[of] p2a: Alcremie
|-damage|p1a: Vileplume|89/100|[from] item: Life Orb
|move|p2a: Alcremie|Calm Mind|p2a: Alcremie
|-boost|p2a: Alcremie|spa|1
|-boost|p2a: Alcremie|spd|1
|
|-weather|SunnyDay|[upkeep]
|-heal|p2a: Alcremie|74/100|[from] item: Leftovers
|upkeep
|turn|27
|
|t:|1779712247
|move|p1a: Vileplume|Moonblast|p2a: Alcremie
|-resisted|p2a: Alcremie
|-damage|p2a: Alcremie|63/100
|-damage|p1a: Vileplume|79/100|[from] item: Life Orb
|move|p2a: Alcremie|Acid Armor|p2a: Alcremie
|-boost|p2a: Alcremie|def|2
|
|-weather|SunnyDay|[upkeep]
|-heal|p2a: Alcremie|69/100|[from] item: Leftovers
|upkeep
|turn|28
|-message|Relish Toast forfeited.
|
|win|maizhelun111
|raw|Relish Toast's rating: 1190 &rarr; <strong>1169</strong><br />(-21 for losing)
|raw|maizhelun111's rating: 1243 &rarr; <strong>1264</strong><br />(+21 for winning)
|l|☆Relish Toast
|player|p1|
|l|☆maizhelun111
|player|p2|
