|badge|p1|bronze|gen9ou|100-9
|uhtml|medal-msg|<div class="broadcast-blue">Curious what those medals under the avatar are? PS now has Ladder Seasons! For more information, check out the <a href="https://www.smogon.com/forums/threads/3740067/">thread on Smogon.</a></div>
|badge|p2|silver|gen9ou|30-9
|uhtml|medal-msg|<div class="broadcast-blue">Curious what those medals under the avatar are? PS now has Ladder Seasons! For more information, check out the <a href="https://www.smogon.com/forums/threads/3740067/">thread on Smogon.</a></div>
|j|☆Superhjkdetective
|j|☆Trainer #39
|t:|1779556409
|gametype|singles
|player|p1|Superhjkdetective|169|1814
|player|p2|Trainer #39|bugsy|1936
|gen|9
|tier|[Gen 9] OU
|rated|
|rule|HP Percentage Mod: HP is shown in percentages
|rule|Endless Battle Clause: Forcing endless battles is banned
|rule|Species Clause: Limit one of each Pokémon
|rule|OHKO Clause: OHKO moves are banned
|rule|Evasion Items Clause: Evasion items are banned
|rule|Evasion Moves Clause: Evasion moves are banned
|rule|Evasion Abilities Clause: Evasion abilities are banned
|rule|Sleep Moves Clause: Sleep-inducing moves are banned
|clearpoke
|poke|p1|Pecharunt|
|poke|p1|Samurott-Hisui, M|
|poke|p1|Hatterene, F|
|poke|p1|Great Tusk|
|poke|p1|Garganacl, F|
|poke|p1|Kyurem|
|poke|p2|Blissey, F|
|poke|p2|Corviknight, M|
|poke|p2|Dondozo, M|
|poke|p2|Gliscor, M|
|poke|p2|Clefable, M|
|poke|p2|Slowking-Galar, M|
|teampreview
|inactive|Battle timer is ON: inactive players will automatically lose when time's up. (requested by Superhjkdetective)
|
|t:|1779556425
|teamsize|p1|6
|teamsize|p2|6
|start
|switch|p1a: Samurott|Samurott-Hisui, M|100/100
|switch|p2a: Free Palestine|Gliscor, M|100/100
|turn|1
|
|t:|1779556429
|move|p2a: Free Palestine|Protect|p2a: Free Palestine
|-singleturn|p2a: Free Palestine|Protect
|move|p1a: Samurott|Swords Dance|p1a: Samurott
|-boost|p1a: Samurott|atk|2
|
|-status|p2a: Free Palestine|tox|[from] item: Toxic Orb
|upkeep
|turn|2
|inactive|Trainer #39 has 120 seconds left.
|
|t:|1779556462
|switch|p2a: 808 and curses|Dondozo, M|100/100
|move|p1a: Samurott|Ceaseless Edge|p2a: 808 and curses|[miss]
|-miss|p1a: Samurott|p2a: 808 and curses
|
|upkeep
|turn|3
|
|t:|1779556468
|move|p1a: Samurott|Ceaseless Edge|p2a: 808 and curses|[miss]
|-miss|p1a: Samurott|p2a: 808 and curses
|move|p2a: 808 and curses|Curse|p2a: 808 and curses
|-unboost|p2a: 808 and curses|spe|1
|-boost|p2a: 808 and curses|atk|1
|-boost|p2a: 808 and curses|def|1
|
|upkeep
|turn|4
|
|t:|1779556499
|switch|p1a: Pecharunt|Pecharunt|100/100
|move|p2a: 808 and curses|Waterfall|p1a: Pecharunt
|-damage|p1a: Pecharunt|81/100
|
|-heal|p1a: Pecharunt|87/100|[from] item: Leftovers
|upkeep
|turn|5
|
|t:|1779556510
|move|p1a: Pecharunt|Parting Shot|p2a: 808 and curses
|-unboost|p2a: 808 and curses|atk|1
|-unboost|p2a: 808 and curses|spa|1
|j| KangkongNation
|
|t:|1779556514
|switch|p1a: Kyurem|Kyurem|100/100|[from] Parting Shot
|-ability|p1a: Kyurem|Pressure
|move|p2a: 808 and curses|Waterfall|p1a: Kyurem
|-resisted|p1a: Kyurem
|-damage|p1a: Kyurem|88/100
|
|upkeep
|turn|6
|
|t:|1779556530
|switch|p1a: Samurott|Samurott-Hisui, M|100/100
|switch|p2a: brat|Blissey, F|100/100
|
|upkeep
|turn|7
|
|t:|1779556533
|switch|p2a: Free Palestine|Gliscor, M|100/100 tox
|move|p1a: Samurott|Ceaseless Edge|p2a: Free Palestine
|-damage|p2a: Free Palestine|70/100 tox
|-sidestart|p2: Trainer #39|Spikes
|
|-heal|p2a: Free Palestine|82/100 tox|[from] ability: Poison Heal
|upkeep
|turn|8
|
|t:|1779556537
|move|p1a: Samurott|Razor Shell|p2a: Free Palestine
|-supereffective|p2a: Free Palestine
|-damage|p2a: Free Palestine|21/100 tox
|-unboost|p2a: Free Palestine|def|1
|move|p2a: Free Palestine|Toxic|p1a: Samurott
|-status|p1a: Samurott|tox
|
|-damage|p1a: Samurott|94/100 tox|[from] psn
|-heal|p2a: Free Palestine|33/100 tox|[from] ability: Poison Heal
|upkeep
|turn|9
|
|t:|1779556541
|move|p2a: Free Palestine|Protect|p2a: Free Palestine
|-singleturn|p2a: Free Palestine|Protect
|move|p1a: Samurott|Swords Dance|p1a: Samurott
|-boost|p1a: Samurott|atk|2
|
|-damage|p1a: Samurott|82/100 tox|[from] psn
|-heal|p2a: Free Palestine|45/100 tox|[from] ability: Poison Heal
|upkeep
|turn|10
|
|t:|1779556549
|switch|p2a: 808 and curses|Dondozo, M|100/100
|-damage|p2a: 808 and curses|88/100|[from] Spikes
|move|p1a: Samurott|Ceaseless Edge|p2a: 808 and curses
|-damage|p2a: 808 and curses|65/100
|-sidestart|p2: Trainer #39|Spikes
|
|-heal|p2a: 808 and curses|71/100|[from] item: Leftovers
|-damage|p1a: Samurott|63/100 tox|[from] psn
|upkeep
|turn|11
|
|t:|1779556553
|move|p1a: Samurott|Ceaseless Edge|p2a: 808 and curses
|-damage|p2a: 808 and curses|48/100
|-sidestart|p2: Trainer #39|Spikes
|move|p2a: 808 and curses|Curse|p2a: 808 and curses
|-unboost|p2a: 808 and curses|spe|1
|-boost|p2a: 808 and curses|atk|1
|-boost|p2a: 808 and curses|def|1
|
|-heal|p2a: 808 and curses|54/100|[from] item: Leftovers
|-damage|p1a: Samurott|38/100 tox|[from] psn
|upkeep
|turn|12
|
|t:|1779556562
|switch|p1a: Pecharunt|Pecharunt|87/100
|move|p2a: 808 and curses|Waterfall|p1a: Pecharunt
|-damage|p1a: Pecharunt|67/100
|
|-heal|p1a: Pecharunt|73/100|[from] item: Leftovers
|-heal|p2a: 808 and curses|61/100|[from] item: Leftovers
|upkeep
|turn|13
|
|t:|1779556568
|switch|p2a: Trump is low IQ|Corviknight, M|100/100
|-ability|p2a: Trump is low IQ|Pressure
|move|p1a: Pecharunt|Parting Shot|p2a: Trump is low IQ
|-unboost|p2a: Trump is low IQ|atk|1
|-unboost|p2a: Trump is low IQ|spa|1
|
|t:|1779556571
|switch|p1a: Kyurem|Kyurem|88/100|[from] Parting Shot
|-ability|p1a: Kyurem|Pressure
|
|upkeep
|turn|14
|j| Moistwarmpie
|
|t:|1779556575
|switch|p2a: brat|Blissey, F|100/100
|move|p1a: Kyurem|Ice Beam|p2a: brat
|-crit|p2a: brat
|-damage|p2a: brat|65/100
|
|upkeep
|turn|15
|l| KangkongNation
|
|t:|1779556601
|switch|p1a: Samurott|Samurott-Hisui, M|38/100 tox
|move|p2a: brat|Calm Mind|p2a: brat
|-boost|p2a: brat|spa|1
|-boost|p2a: brat|spd|1
|
|-damage|p1a: Samurott|32/100 tox|[from] psn
|upkeep
|turn|16
|
|t:|1779556616
|switch|p2a: Trump is low IQ|Corviknight, M|100/100
|-ability|p2a: Trump is low IQ|Pressure
|move|p1a: Samurott|Swords Dance|p1a: Samurott
|-boost|p1a: Samurott|atk|2
|
|-damage|p1a: Samurott|20/100 tox|[from] psn
|upkeep
|turn|17
|
|t:|1779556619
|move|p1a: Samurott|Ceaseless Edge|p2a: Trump is low IQ
|-crit|p2a: Trump is low IQ
|-damage|p2a: Trump is low IQ|0 fnt
|-damage|p1a: Samurott|3/100 tox|[from] item: Rocky Helmet|[of] p2a: Trump is low IQ
|faint|p2a: Trump is low IQ
|
|-damage|p1a: Samurott|0 fnt|[from] psn
|faint|p1a: Samurott
|upkeep
|inactive|Superhjkdetective has 120 seconds left.
|
|t:|1779556657
|switch|p1a: Kyurem|Kyurem|88/100
|switch|p2a: Free Palestine|Gliscor, M|45/100 tox
|-ability|p1a: Kyurem|Pressure
|turn|18
|
|t:|1779556660
|move|p2a: Free Palestine|Protect|p2a: Free Palestine
|-singleturn|p2a: Free Palestine|Protect
|move|p1a: Kyurem|Ice Beam|p2a: Free Palestine
|-activate|p2a: Free Palestine|move: Protect
|
|-heal|p2a: Free Palestine|58/100 tox|[from] ability: Poison Heal
|upkeep
|turn|19
|
|t:|1779556665
|switch|p1a: Great Tusk|Great Tusk|100/100
|switch|p2a: brat|Blissey, F|65/100
|
|upkeep
|turn|20
|
|t:|1779556682
|switch|p2a: Free Palestine|Gliscor, M|58/100 tox
|move|p1a: Great Tusk|Headlong Rush|p2a: Free Palestine
|-immune|p2a: Free Palestine
|
|-heal|p2a: Free Palestine|70/100 tox|[from] ability: Poison Heal
|upkeep
|turn|21
|
|t:|1779556685
|-end|p1a: Great Tusk|Protosynthesis|[silent]
|switch|p1a: Hatterene|Hatterene, F|100/100
|move|p2a: Free Palestine|Protect||[still]
|-fail|p2a: Free Palestine
|
|-heal|p2a: Free Palestine|83/100 tox|[from] ability: Poison Heal
|upkeep
|turn|22
|
|t:|1779556689
|move|p2a: Free Palestine|Protect|p2a: Free Palestine
|-singleturn|p2a: Free Palestine|Protect
|move|p1a: Hatterene|Psychic Noise|p2a: Free Palestine
|-activate|p2a: Free Palestine|move: Protect
|
|-heal|p2a: Free Palestine|95/100 tox|[from] ability: Poison Heal
|upkeep
|turn|23
|
|t:|1779556692
|switch|p2a: Save Sudan|Slowking-Galar, M|100/100
|-damage|p2a: Save Sudan|76/100|[from] Spikes
|move|p1a: Hatterene|Psychic Noise|p2a: Save Sudan
|-damage|p2a: Save Sudan|51/100
|-start|p2a: Save Sudan|move: Heal Block
|
|upkeep
|turn|24
|
|t:|1779556700
|switch|p1a: Pecharunt|Pecharunt|73/100
|move|p2a: Save Sudan|Sludge Bomb|p1a: Pecharunt
|-resisted|p1a: Pecharunt
|-damage|p1a: Pecharunt|64/100
|
|-heal|p1a: Pecharunt|70/100|[from] item: Leftovers
|-end|p2a: Save Sudan|move: Heal Block
|upkeep
|turn|25
|
|t:|1779556707
|switch|p2a: Free Palestine|Gliscor, M|95/100 tox
|move|p1a: Pecharunt|Foul Play|p2a: Free Palestine
|-damage|p2a: Free Palestine|82/100 tox
|
|-heal|p1a: Pecharunt|77/100|[from] item: Leftovers
|-heal|p2a: Free Palestine|95/100 tox|[from] ability: Poison Heal
|upkeep
|turn|26
|
|t:|1779556712
|move|p2a: Free Palestine|Substitute|p2a: Free Palestine
|-start|p2a: Free Palestine|Substitute
|-damage|p2a: Free Palestine|70/100 tox
|move|p1a: Pecharunt|Parting Shot|p2a: Free Palestine
|-unboost|p2a: Free Palestine|atk|1
|-unboost|p2a: Free Palestine|spa|1
|
|t:|1779556719
|switch|p1a: Hatterene|Hatterene, F|100/100|[from] Parting Shot
|
|-heal|p2a: Free Palestine|82/100 tox|[from] ability: Poison Heal
|upkeep
|turn|27
|
|t:|1779556722
|switch|p2a: Save Sudan|Slowking-Galar, M|84/100
|-damage|p2a: Save Sudan|59/100|[from] Spikes
|move|p1a: Hatterene|Draining Kiss|p2a: Save Sudan
|-resisted|p2a: Save Sudan
|-damage|p2a: Save Sudan|50/100
|
|upkeep
|turn|28
|
|t:|1779556730
|switch|p1a: Garganacl|Garganacl, F|100/100
|move|p2a: Save Sudan|Future Sight|p1a: Garganacl
|-start|p2a: Save Sudan|move: Future Sight
|
|upkeep
|turn|29
|
|t:|1779556736
|switch|p2a: Free Palestine|Gliscor, M|82/100 tox
|move|p1a: Garganacl|Earthquake|p2a: Free Palestine
|-immune|p2a: Free Palestine
|
|-heal|p2a: Free Palestine|95/100 tox|[from] ability: Poison Heal
|upkeep
|turn|30
|
|t:|1779556748
|switch|p1a: Hatterene|Hatterene, F|100/100
|move|p2a: Free Palestine|Earthquake|p1a: Hatterene
|-damage|p1a: Hatterene|74/100
|
|-end|p1a: Hatterene|move: Future Sight
|-resisted|p1a: Hatterene
|-damage|p1a: Hatterene|50/100
|-heal|p2a: Free Palestine|100/100 tox|[from] ability: Poison Heal
|upkeep
|turn|31
|
|t:|1779556755
|switch|p2a: Save Sudan|Slowking-Galar, M|83/100
|-damage|p2a: Save Sudan|59/100|[from] Spikes
|move|p1a: Hatterene|Psychic Noise|p2a: Save Sudan
|-damage|p2a: Save Sudan|34/100
|-start|p2a: Save Sudan|move: Heal Block
|
|upkeep
|turn|32
|
|t:|1779556775
|switch|p1a: Garganacl|Garganacl, F|100/100
|move|p2a: Save Sudan|Sludge Bomb|p1a: Garganacl
|-resisted|p1a: Garganacl
|-damage|p1a: Garganacl|89/100
|
|-heal|p1a: Garganacl|95/100|[from] item: Leftovers
|-end|p2a: Save Sudan|move: Heal Block
|upkeep
|turn|33
|
|t:|1779556781
|switch|p2a: Free Palestine|Gliscor, M|100/100 tox
|move|p1a: Garganacl|Salt Cure|p2a: Free Palestine
|-damage|p2a: Free Palestine|92/100 tox
|-start|p2a: Free Palestine|Salt Cure
|
|-heal|p1a: Garganacl|100/100|[from] item: Leftovers
|-heal|p2a: Free Palestine|100/100 tox|[from] ability: Poison Heal
|-damage|p2a: Free Palestine|88/100 tox|[from] Salt Cure
|upkeep
|turn|34
|
|t:|1779556784
|switch|p2a: Save Sudan|Slowking-Galar, M|67/100
|-damage|p2a: Save Sudan|42/100|[from] Spikes
|move|p1a: Garganacl|Curse|p1a: Garganacl
|-unboost|p1a: Garganacl|spe|1
|-boost|p1a: Garganacl|atk|1
|-boost|p1a: Garganacl|def|1
|
|upkeep
|turn|35
|
|t:|1779556787
|move|p2a: Save Sudan|Trick|p1a: Garganacl
|-activate|p2a: Save Sudan|move: Trick|[of] p1a: Garganacl
|-item|p1a: Garganacl|Choice Scarf|[from] move: Trick
|-item|p2a: Save Sudan|Leftovers|[from] move: Trick
|move|p1a: Garganacl|Salt Cure|p2a: Save Sudan
|-damage|p2a: Save Sudan|20/100
|-start|p2a: Save Sudan|Salt Cure
|
|-heal|p2a: Save Sudan|26/100|[from] item: Leftovers
|-damage|p2a: Save Sudan|13/100|[from] Salt Cure
|upkeep
|turn|36
|
|t:|1779556800
|switch|p2a: Free Palestine|Gliscor, M|88/100 tox
|switch|p1a: Hatterene|Hatterene, F|50/100
|
|-heal|p2a: Free Palestine|100/100 tox|[from] ability: Poison Heal
|upkeep
|turn|37
|
|t:|1779556807
|switch|p2a: Save Sudan|Slowking-Galar, M|46/100
|-damage|p2a: Save Sudan|22/100|[from] Spikes
|move|p1a: Hatterene|Draining Kiss|p2a: Save Sudan
|-resisted|p2a: Save Sudan
|-damage|p2a: Save Sudan|13/100
|-heal|p1a: Hatterene|57/100|[from] drain|[of] p2a: Save Sudan
|
|-heal|p2a: Save Sudan|20/100|[from] item: Leftovers
|upkeep
|turn|38
|
|t:|1779556809
|move|p2a: Save Sudan|Sludge Bomb|p1a: Hatterene
|-supereffective|p1a: Hatterene
|-damage|p1a: Hatterene|0 fnt
|faint|p1a: Hatterene
|
|-heal|p2a: Save Sudan|26/100|[from] item: Leftovers
|upkeep
|
|t:|1779556816
|switch|p1a: Kyurem|Kyurem|88/100
|-ability|p1a: Kyurem|Pressure
|turn|39
|
|t:|1779556821
|switch|p2a: brat|Blissey, F|65/100
|move|p1a: Kyurem|Ice Beam|p2a: brat
|-damage|p2a: brat|40/100
|
|upkeep
|turn|40
|
|t:|1779556831
|switch|p1a: Great Tusk|Great Tusk|100/100
|move|p2a: brat|Soft-Boiled|p2a: brat
|-heal|p2a: brat|90/100
|
|upkeep
|turn|41
|
|t:|1779556835
|switch|p2a: Free Palestine|Gliscor, M|100/100 tox
|move|p1a: Great Tusk|Ice Spinner|p2a: Free Palestine
|-supereffective|p2a: Free Palestine
|-damage|p2a: Free Palestine|21/100 tox
|
|-heal|p2a: Free Palestine|34/100 tox|[from] ability: Poison Heal
|upkeep
|turn|42
|
|t:|1779556837
|move|p2a: Free Palestine|Protect|p2a: Free Palestine
|-singleturn|p2a: Free Palestine|Protect
|move|p1a: Great Tusk|Ice Spinner|p2a: Free Palestine
|-activate|p2a: Free Palestine|move: Protect
|
|-heal|p2a: Free Palestine|46/100 tox|[from] ability: Poison Heal
|upkeep
|turn|43
|
|t:|1779556842
|-end|p1a: Great Tusk|Protosynthesis|[silent]
|switch|p1a: Kyurem|Kyurem|88/100
|-ability|p1a: Kyurem|Pressure
|switch|p2a: Free Lebanon|Clefable, M|100/100
|
|upkeep
|turn|44
|
|t:|1779556847
|-terastallize|p1a: Kyurem|Ice
|move|p1a: Kyurem|Ice Beam|p2a: Free Lebanon
|-damage|p2a: Free Lebanon|37/100
|move|p2a: Free Lebanon|Wish|p2a: Free Lebanon
|
|upkeep
|turn|45
|
|t:|1779556853
|switch|p1a: Great Tusk|Great Tusk|100/100
|move|p2a: Free Lebanon|Protect||[still]
|-fail|p2a: Free Lebanon
|
|-heal|p2a: Free Lebanon|87/100|[from] move: Wish|[wisher] Free Lebanon
|upkeep
|turn|46
|
|t:|1779556858
|-end|p1a: Great Tusk|Protosynthesis|[silent]
|switch|p1a: Garganacl|Garganacl, F|100/100
|move|p2a: Free Lebanon|Protect||[still]
|-fail|p2a: Free Lebanon
|
|upkeep
|turn|47
|
|t:|1779556862
|move|p1a: Garganacl|Salt Cure|p2a: Free Lebanon
|-damage|p2a: Free Lebanon|70/100
|-start|p2a: Free Lebanon|Salt Cure
|move|p2a: Free Lebanon|Wish|p2a: Free Lebanon
|
|-damage|p2a: Free Lebanon|58/100|[from] Salt Cure
|upkeep
|turn|48
|
|t:|1779556880
|switch|p1a: Kyurem|Kyurem, tera:Ice|88/100
|-ability|p1a: Kyurem|Pressure
|switch|p2a: Free Palestine|Gliscor, M|46/100 tox
|
|-heal|p2a: Free Palestine|100/100 tox|[from] move: Wish|[wisher] Free Lebanon
|upkeep
|turn|49
|
|t:|1779556884
|move|p2a: Free Palestine|Protect|p2a: Free Palestine
|-singleturn|p2a: Free Palestine|Protect
|move|p1a: Kyurem|Ice Beam|p2a: Free Palestine
|-activate|p2a: Free Palestine|move: Protect
|
|upkeep
|turn|50
|j| Faye Asteria
|
|t:|1779556887
|switch|p2a: brat|Blissey, F|90/100
|move|p1a: Kyurem|Ice Beam|p2a: brat
|-damage|p2a: brat|56/100
|
|upkeep
|turn|51
|
|t:|1779556891
|move|p1a: Kyurem|Ice Beam|p2a: brat
|-damage|p2a: brat|26/100
|move|p2a: brat|Soft-Boiled|p2a: brat
|-heal|p2a: brat|76/100
|
|upkeep
|turn|52
|
|t:|1779556898
|switch|p1a: Great Tusk|Great Tusk|100/100
|move|p2a: brat|Stealth Rock|p1a: Great Tusk
|-sidestart|p1: Superhjkdetective|move: Stealth Rock
|
|upkeep
|turn|53
|
|t:|1779556908
|switch|p2a: Free Palestine|Gliscor, M|100/100 tox
|move|p1a: Great Tusk|Ice Spinner|p2a: Free Palestine
|-supereffective|p2a: Free Palestine
|-damage|p2a: Free Palestine|16/100 tox
|
|-heal|p2a: Free Palestine|28/100 tox|[from] ability: Poison Heal
|upkeep
|turn|54
|
|t:|1779556910
|move|p2a: Free Palestine|Protect|p2a: Free Palestine
|-singleturn|p2a: Free Palestine|Protect
|move|p1a: Great Tusk|Ice Spinner|p2a: Free Palestine
|-activate|p2a: Free Palestine|move: Protect
|
|-heal|p2a: Free Palestine|41/100 tox|[from] ability: Poison Heal
|upkeep
|turn|55
|
|t:|1779556914
|-end|p1a: Great Tusk|Protosynthesis|[silent]
|switch|p1a: Kyurem|Kyurem, tera:Ice|88/100
|-damage|p1a: Kyurem|64/100|[from] Stealth Rock
|-ability|p1a: Kyurem|Pressure
|-terastallize|p2a: Free Palestine|Water
|move|p2a: Free Palestine|Toxic|p1a: Kyurem
|-status|p1a: Kyurem|tox
|
|-damage|p1a: Kyurem|58/100 tox|[from] psn
|-heal|p2a: Free Palestine|53/100 tox|[from] ability: Poison Heal
|upkeep
|turn|56
|
|t:|1779556917
|move|p2a: Free Palestine|Protect|p2a: Free Palestine
|-singleturn|p2a: Free Palestine|Protect
|move|p1a: Kyurem|Freeze-Dry|p2a: Free Palestine
|-activate|p2a: Free Palestine|move: Protect
|
|-damage|p1a: Kyurem|45/100 tox|[from] psn
|-heal|p2a: Free Palestine|65/100 tox|[from] ability: Poison Heal
|upkeep
|turn|57
|j| yuureisuisei
|
|t:|1779556921
|switch|p2a: brat|Blissey, F|76/100
|move|p1a: Kyurem|Freeze-Dry|p2a: brat
|-damage|p2a: brat|52/100
|
|-damage|p1a: Kyurem|27/100 tox|[from] psn
|upkeep
|turn|58
|j| hattybatty304
|
|t:|1779556923
|move|p1a: Kyurem|Freeze-Dry|p2a: brat
|-damage|p2a: brat|29/100
|move|p2a: brat|Soft-Boiled|p2a: brat
|-heal|p2a: brat|79/100
|
|-damage|p1a: Kyurem|2/100 tox|[from] psn
|upkeep
|turn|59
|
|t:|1779556925
|move|p1a: Kyurem|Freeze-Dry|p2a: brat
|-damage|p2a: brat|54/100
|move|p2a: brat|Soft-Boiled|p2a: brat
|-heal|p2a: brat|100/100
|
|-damage|p1a: Kyurem|0 fnt|[from] psn
|faint|p1a: Kyurem
|upkeep
|
|t:|1779556927
|switch|p1a: Great Tusk|Great Tusk|100/100
|-damage|p1a: Great Tusk|98/100|[from] Stealth Rock
|turn|60
|
|t:|1779556930
|switch|p2a: Free Palestine|Gliscor, M, tera:Water|65/100 tox
|-damage|p2a: Free Palestine|41/100 tox|[from] Spikes
|move|p1a: Great Tusk|Close Combat|p2a: Free Palestine
|-damage|p2a: Free Palestine|0 fnt
|-unboost|p1a: Great Tusk|def|1
|-unboost|p1a: Great Tusk|spd|1
|faint|p2a: Free Palestine
|
|upkeep
|l| hattybatty304
|
|t:|1779556937
|switch|p2a: 808 and curses|Dondozo, M|61/100
|-damage|p2a: 808 and curses|36/100|[from] Spikes
|turn|61
|
|t:|1779556939
|move|p1a: Great Tusk|Close Combat|p2a: 808 and curses
|-crit|p2a: 808 and curses
|-damage|p2a: 808 and curses|0 fnt
|-unboost|p1a: Great Tusk|def|1
|-unboost|p1a: Great Tusk|spd|1
|faint|p2a: 808 and curses
|
|upkeep
|
|t:|1779556954
|switch|p2a: Free Lebanon|Clefable, M|58/100
|turn|62
|
|t:|1779556958
|-end|p1a: Great Tusk|Protosynthesis|[silent]
|switch|p1a: Garganacl|Garganacl, F|100/100
|-damage|p1a: Garganacl|88/100|[from] Stealth Rock
|move|p2a: Free Lebanon|Protect||[still]
|-fail|p2a: Free Lebanon
|
|upkeep
|turn|63
|
|t:|1779556963
|move|p1a: Garganacl|Earthquake|p2a: Free Lebanon
|-damage|p2a: Free Lebanon|34/100
|move|p2a: Free Lebanon|Wish|p2a: Free Lebanon
|
|upkeep
|turn|64
|
|t:|1779556972
|switch|p1a: Pecharunt|Pecharunt|77/100
|-damage|p1a: Pecharunt|64/100|[from] Stealth Rock
|move|p2a: Free Lebanon|Moonblast|p1a: Pecharunt
|-resisted|p1a: Pecharunt
|-damage|p1a: Pecharunt|48/100
|
|-heal|p2a: Free Lebanon|84/100|[from] move: Wish|[wisher] Free Lebanon
|-heal|p1a: Pecharunt|54/100|[from] item: Leftovers
|upkeep
|turn|65
|
|t:|1779556976
|switch|p2a: Save Sudan|Slowking-Galar, M|59/100
|-damage|p2a: Save Sudan|34/100|[from] Spikes
|move|p1a: Pecharunt|Foul Play|p2a: Save Sudan
|-supereffective|p2a: Save Sudan
|-damage|p2a: Save Sudan|6/100
|
|-heal|p1a: Pecharunt|60/100|[from] item: Leftovers
|-heal|p2a: Save Sudan|12/100|[from] item: Leftovers
|upkeep
|turn|66
|
|t:|1779556982
|switch|p2a: brat|Blissey, F|100/100
|move|p1a: Pecharunt|Malignant Chain|p2a: brat
|-damage|p2a: brat|89/100
|-status|p2a: brat|tox
|-start|p2a: brat|confusion|[from] ability: Poison Puppeteer|[of] p1a: Pecharunt
|
|-heal|p1a: Pecharunt|66/100|[from] item: Leftovers
|-damage|p2a: brat|83/100 tox|[from] psn
|upkeep
|turn|67
|
|t:|1779556994
|-curestatus|p2a: brat|tox|[from] ability: Natural Cure|[silent]
|switch|p2a: Free Lebanon|Clefable, M|84/100
|move|p1a: Pecharunt|Foul Play|p2a: Free Lebanon
|-resisted|p2a: Free Lebanon
|-damage|p2a: Free Lebanon|75/100
|
|-heal|p1a: Pecharunt|72/100|[from] item: Leftovers
|upkeep
|turn|68
|
|t:|1779556997
|switch|p2a: brat|Blissey, F|83/100
|move|p1a: Pecharunt|Malignant Chain|p2a: brat
|-damage|p2a: brat|72/100
|-status|p2a: brat|tox
|-start|p2a: brat|confusion|[from] ability: Poison Puppeteer|[of] p1a: Pecharunt
|
|-heal|p1a: Pecharunt|78/100|[from] item: Leftovers
|-damage|p2a: brat|66/100 tox|[from] psn
|upkeep
|turn|69
|
|t:|1779557001
|-curestatus|p2a: brat|tox|[from] ability: Natural Cure|[silent]
|switch|p2a: Free Lebanon|Clefable, M|75/100
|move|p1a: Pecharunt|Foul Play|p2a: Free Lebanon
|-resisted|p2a: Free Lebanon
|-damage|p2a: Free Lebanon|66/100
|
|-heal|p1a: Pecharunt|84/100|[from] item: Leftovers
|upkeep
|turn|70
|
|t:|1779557005
|move|p2a: Free Lebanon|Protect|p2a: Free Lebanon
|-singleturn|p2a: Free Lebanon|Protect
|move|p1a: Pecharunt|Parting Shot|p2a: Free Lebanon
|-activate|p2a: Free Lebanon|move: Protect
|
|-heal|p1a: Pecharunt|90/100|[from] item: Leftovers
|upkeep
|turn|71
|
|t:|1779557009
|move|p1a: Pecharunt|Foul Play|p2a: Free Lebanon
|-resisted|p2a: Free Lebanon
|-damage|p2a: Free Lebanon|57/100
|move|p2a: Free Lebanon|Wish|p2a: Free Lebanon
|
|-heal|p1a: Pecharunt|96/100|[from] item: Leftovers
|upkeep
|turn|72
|
|t:|1779557019
|move|p1a: Pecharunt|Foul Play|p2a: Free Lebanon
|-resisted|p2a: Free Lebanon
|-damage|p2a: Free Lebanon|48/100
|move|p2a: Free Lebanon|Knock Off|p1a: Pecharunt
|-supereffective|p1a: Pecharunt
|-damage|p1a: Pecharunt|80/100
|-enditem|p1a: Pecharunt|Leftovers|[from] move: Knock Off|[of] p2a: Free Lebanon
|
|-heal|p2a: Free Lebanon|98/100|[from] move: Wish|[wisher] Free Lebanon
|upkeep
|turn|73
|
|t:|1779557023
|move|p2a: Free Lebanon|Protect|p2a: Free Lebanon
|-singleturn|p2a: Free Lebanon|Protect
|move|p1a: Pecharunt|Malignant Chain|p2a: Free Lebanon
|-activate|p2a: Free Lebanon|move: Protect
|
|upkeep
|turn|74
|
|t:|1779557028
|switch|p2a: brat|Blissey, F|66/100
|move|p1a: Pecharunt|Parting Shot|p2a: brat
|-unboost|p2a: brat|atk|1
|-unboost|p2a: brat|spa|1
|
|t:|1779557031
|switch|p1a: Great Tusk|Great Tusk|98/100|[from] Parting Shot
|-damage|p1a: Great Tusk|95/100|[from] Stealth Rock
|
|upkeep
|turn|75
|
|t:|1779557036
|switch|p2a: Save Sudan|Slowking-Galar, M|45/100
|-damage|p2a: Save Sudan|21/100|[from] Spikes
|move|p1a: Great Tusk|Headlong Rush|p2a: Save Sudan
|-supereffective|p2a: Save Sudan
|-damage|p2a: Save Sudan|0 fnt
|-unboost|p1a: Great Tusk|def|1
|-unboost|p1a: Great Tusk|spd|1
|faint|p2a: Save Sudan
|
|upkeep
|
|t:|1779557038
|switch|p2a: Free Lebanon|Clefable, M|98/100
|turn|76
|
|t:|1779557045
|-end|p1a: Great Tusk|Protosynthesis|[silent]
|switch|p1a: Garganacl|Garganacl, F|88/100
|-damage|p1a: Garganacl|76/100|[from] Stealth Rock
|move|p2a: Free Lebanon|Moonblast|p1a: Garganacl
|-damage|p1a: Garganacl|55/100
|
|upkeep
|turn|77
|
|t:|1779557052
|move|p1a: Garganacl|Recover|p1a: Garganacl
|-heal|p1a: Garganacl|100/100
|move|p2a: Free Lebanon|Wish|p2a: Free Lebanon
|
|upkeep
|turn|78
|
|t:|1779557060
|switch|p1a: Pecharunt|Pecharunt|80/100
|-damage|p1a: Pecharunt|68/100|[from] Stealth Rock
|switch|p2a: brat|Blissey, F|66/100
|
|-heal|p2a: brat|93/100|[from] move: Wish|[wisher] Free Lebanon
|upkeep
|turn|79
|
|t:|1779557064
|switch|p2a: Free Lebanon|Clefable, M|98/100
|move|p1a: Pecharunt|Parting Shot|p2a: Free Lebanon
|-unboost|p2a: Free Lebanon|atk|1
|-unboost|p2a: Free Lebanon|spa|1
|
|t:|1779557066
|switch|p1a: Garganacl|Garganacl, F|100/100|[from] Parting Shot
|-damage|p1a: Garganacl|88/100|[from] Stealth Rock
|
|upkeep
|turn|80
|
|t:|1779557069
|move|p2a: Free Lebanon|Protect|p2a: Free Lebanon
|-singleturn|p2a: Free Lebanon|Protect
|move|p1a: Garganacl|Salt Cure|p2a: Free Lebanon
|-activate|p2a: Free Lebanon|move: Protect
|
|upkeep
|turn|81
|
|t:|1779557072
|switch|p2a: brat|Blissey, F|93/100
|move|p1a: Garganacl|Salt Cure|p2a: brat
|-damage|p2a: brat|79/100
|-start|p2a: brat|Salt Cure
|
|-damage|p2a: brat|66/100|[from] Salt Cure
|upkeep
|turn|82
|
|t:|1779557075
|switch|p2a: Free Lebanon|Clefable, M|98/100
|move|p1a: Garganacl|Salt Cure|p2a: Free Lebanon
|-damage|p2a: Free Lebanon|84/100
|-start|p2a: Free Lebanon|Salt Cure
|
|-damage|p2a: Free Lebanon|72/100|[from] Salt Cure
|upkeep
|turn|83
|
|t:|1779557081
|move|p1a: Garganacl|Salt Cure|p2a: Free Lebanon
|-crit|p2a: Free Lebanon
|-damage|p2a: Free Lebanon|48/100
|move|p2a: Free Lebanon|Wish|p2a: Free Lebanon
|
|-damage|p2a: Free Lebanon|36/100|[from] Salt Cure
|upkeep
|turn|84
|
|t:|1779557091
|switch|p1a: Pecharunt|Pecharunt|68/100
|-damage|p1a: Pecharunt|55/100|[from] Stealth Rock
|move|p2a: Free Lebanon|Moonblast|p1a: Pecharunt
|-resisted|p1a: Pecharunt
|-damage|p1a: Pecharunt|40/100
|-unboost|p1a: Pecharunt|spa|1
|
|-heal|p2a: Free Lebanon|86/100|[from] move: Wish|[wisher] Free Lebanon
|-damage|p2a: Free Lebanon|73/100|[from] Salt Cure
|upkeep
|turn|85
|
|t:|1779557094
|move|p1a: Pecharunt|Recover|p1a: Pecharunt
|-heal|p1a: Pecharunt|90/100
|move|p2a: Free Lebanon|Wish|p2a: Free Lebanon
|
|-damage|p2a: Free Lebanon|61/100|[from] Salt Cure
|upkeep
|turn|86
|
|t:|1779557098
|move|p2a: Free Lebanon|Protect|p2a: Free Lebanon
|-singleturn|p2a: Free Lebanon|Protect
|move|p1a: Pecharunt|Parting Shot|p2a: Free Lebanon
|-activate|p2a: Free Lebanon|move: Protect
|
|-heal|p2a: Free Lebanon|100/100|[from] move: Wish|[wisher] Free Lebanon
|-damage|p2a: Free Lebanon|88/100|[from] Salt Cure
|upkeep
|turn|87
|
|t:|1779557102
|switch|p2a: brat|Blissey, F|66/100
|move|p1a: Pecharunt|Parting Shot|p2a: brat
|-unboost|p2a: brat|atk|1
|-unboost|p2a: brat|spa|1
|
|t:|1779557104
|switch|p1a: Great Tusk|Great Tusk|95/100|[from] Parting Shot
|-damage|p1a: Great Tusk|92/100|[from] Stealth Rock
|
|upkeep
|turn|88
|-message|Trainer #39 forfeited.
|
|win|Superhjkdetective
|raw|Superhjkdetective's rating: 1814 &rarr; <strong>1841</strong><br />(+27 for winning)
|raw|Trainer #39's rating: 1936 &rarr; <strong>1909</strong><br />(-27 for losing)
|l|☆Trainer #39
|player|p2|
|l| yuureisuisei
|l|☆Superhjkdetective
|player|p1|
|j|☆Superhjkdetective
|player|p1|Superhjkdetective|169|
|l| Faye Asteria
