|j|☆panzershock
|j|☆rattrapz
|t:|1779633811
|gametype|singles
|player|p1|panzershock|266|1163
|player|p2|rattrapz|fantina|1147
|gen|9
|tier|[Gen 9] OU
|rated|
|rule|HP Percentage Mod: HP is shown in percentages
|rule|Endless Battle Clause: Forcing endless battles is banned
|rule|Species Clause: Limit one of each Pokémon
|rule|OHKO Clause: OHKO moves are banned
|rule|Evasion Items Clause: Evasion items are banned
|rule|Evasion Moves Clause: Evasion moves are banned
|rule|Evasion Abilities Clause: Evasion abilities are banned
|rule|Sleep Moves Clause: Sleep-inducing moves are banned
|clearpoke
|poke|p1|Hippowdon, F|
|poke|p1|Meowscarada, F|
|poke|p1|Lokix, F|
|poke|p1|Tsareena, F|
|poke|p1|Arcanine, M|
|poke|p1|Vaporeon, M|
|poke|p2|Corviknight, M|
|poke|p2|Slowking-Galar, F|
|poke|p2|Ting-Lu|
|poke|p2|Cresselia, F|
|poke|p2|Ogerpon-Wellspring, F|
|poke|p2|Gholdengo|
|teampreview
|
|t:|1779633829
|teamsize|p1|6
|teamsize|p2|6
|start
|switch|p1a: Meowscarada|Meowscarada, F|100/100
|switch|p2a: Slowking|Slowking-Galar, F|100/100
|turn|1
|
|t:|1779633861
|switch|p2a: Corviknight|Corviknight, M|100/100
|move|p1a: Meowscarada|Knock Off|p2a: Corviknight
|-start|p1a: Meowscarada|typechange|Dark|[from] ability: Protean
|-damage|p2a: Corviknight|73/100
|-damage|p1a: Meowscarada|84/100|[from] item: Rocky Helmet|[of] p2a: Corviknight
|-enditem|p2a: Corviknight|Rocky Helmet|[from] move: Knock Off|[of] p1a: Meowscarada
|
|upkeep
|turn|2
|
|t:|1779633875
|switch|p1a: Arcanine|Arcanine, M|100/100
|move|p2a: Corviknight|Bulk Up|p2a: Corviknight
|-boost|p2a: Corviknight|atk|1
|-boost|p2a: Corviknight|def|1
|
|upkeep
|turn|3
|
|t:|1779633890
|switch|p2a: Ting-Lu|Ting-Lu|100/100
|-ability|p2a: Ting-Lu|Vessel of Ruin
|move|p1a: Arcanine|Flare Blitz|p2a: Ting-Lu
|-damage|p2a: Ting-Lu|76/100
|-damage|p1a: Arcanine|90/100|[from] Recoil
|
|-heal|p2a: Ting-Lu|82/100|[from] item: Leftovers
|upkeep
|turn|4
|
|t:|1779633904
|switch|p1a: Meowscarada|Meowscarada, F|84/100
|move|p2a: Ting-Lu|Stealth Rock|p1a: Meowscarada
|-sidestart|p1: panzershock|move: Stealth Rock
|
|-heal|p2a: Ting-Lu|88/100|[from] item: Leftovers
|upkeep
|turn|5
|inactive|Battle timer is ON: inactive players will automatically lose when time's up. (requested by panzershock)
|
|t:|1779633946
|switch|p2a: Gholdengo|Gholdengo|100/100
|move|p1a: Meowscarada|Copycat|p1a: Meowscarada
|move|p1a: Meowscarada|Stealth Rock|p2a: Gholdengo|[from] move: Copycat
|-start|p1a: Meowscarada|typechange|Rock|[from] ability: Protean
|-sidestart|p2: rattrapz|move: Stealth Rock
|
|upkeep
|turn|6
|
|t:|1779633968
|switch|p1a: Vaporeon|Vaporeon, M|100/100
|-damage|p1a: Vaporeon|88/100|[from] Stealth Rock
|move|p2a: Gholdengo|Make It Rain|p1a: Vaporeon
|-resisted|p1a: Vaporeon
|-damage|p1a: Vaporeon|69/100
|-unboost|p2a: Gholdengo|spa|1
|
|-heal|p1a: Vaporeon|75/100|[from] item: Leftovers
|upkeep
|turn|7
|
|t:|1779633983
|switch|p2a: Ogerpon|Ogerpon-Wellspring, F|100/100
|-damage|p2a: Ogerpon|88/100|[from] Stealth Rock
|switch|p1a: Meowscarada|Meowscarada, F|84/100
|-damage|p1a: Meowscarada|72/100|[from] Stealth Rock
|
|upkeep
|turn|8
|
|t:|1779633992
|move|p1a: Meowscarada|U-turn|p2a: Ogerpon
|-start|p1a: Meowscarada|typechange|Bug|[from] ability: Protean
|-supereffective|p2a: Ogerpon
|-damage|p2a: Ogerpon|0 fnt
|faint|p2a: Ogerpon
|
|t:|1779634007
|switch|p1a: Vaporeon|Vaporeon, M|75/100|[from] U-turn
|-damage|p1a: Vaporeon|63/100|[from] Stealth Rock
|
|-heal|p1a: Vaporeon|69/100|[from] item: Leftovers
|upkeep
|
|t:|1779634023
|switch|p2a: Slowking|Slowking-Galar, F|100/100
|turn|9
|
|t:|1779634030
|move|p1a: Vaporeon|Wish|p1a: Vaporeon
|move|p2a: Slowking|Toxic|p1a: Vaporeon
|-status|p1a: Vaporeon|tox
|
|-heal|p1a: Vaporeon|75/100 tox|[from] item: Leftovers
|-damage|p1a: Vaporeon|69/100 tox|[from] psn
|upkeep
|turn|10
|
|t:|1779634040
|move|p1a: Vaporeon|Rain Dance|p1a: Vaporeon
|-weather|RainDance
|-prepare|p2a: Slowking|Chilly Reception|[premajor]
|move|p2a: Slowking|Chilly Reception|p2a: Slowking
|-weather|Snowscape
|
|t:|1779634059
|switch|p2a: Ting-Lu|Ting-Lu|88/100|[from] Chilly Reception
|-damage|p2a: Ting-Lu|82/100|[from] Stealth Rock
|-ability|p2a: Ting-Lu|Vessel of Ruin
|
|-weather|Snowscape|[upkeep]
|-heal|p1a: Vaporeon|100/100 tox|[from] move: Wish|[wisher] Vaporeon
|-heal|p2a: Ting-Lu|88/100|[from] item: Leftovers
|-damage|p1a: Vaporeon|88/100 tox|[from] psn
|upkeep
|turn|11
|
|t:|1779634070
|-terastallize|p2a: Ting-Lu|Fairy
|move|p1a: Vaporeon|Rain Dance|p1a: Vaporeon
|-weather|RainDance
|move|p2a: Ting-Lu|Taunt|p1a: Vaporeon
|-start|p1a: Vaporeon|move: Taunt
|
|-weather|RainDance|[upkeep]
|-activate|p1a: Vaporeon|ability: Hydration
|-curestatus|p1a: Vaporeon|tox|[msg]
|-heal|p1a: Vaporeon|94/100|[from] item: Leftovers
|-heal|p2a: Ting-Lu|94/100|[from] item: Leftovers
|upkeep
|turn|12
|
|t:|1779634083
|move|p1a: Vaporeon|Surf|p2a: Ting-Lu
|-damage|p2a: Ting-Lu|66/100
|move|p2a: Ting-Lu|Earthquake|p1a: Vaporeon
|-damage|p1a: Vaporeon|50/100
|
|-weather|RainDance|[upkeep]
|-heal|p1a: Vaporeon|56/100|[from] item: Leftovers
|-heal|p2a: Ting-Lu|72/100|[from] item: Leftovers
|upkeep
|turn|13
|
|t:|1779634092
|move|p1a: Vaporeon|Chilling Water|p2a: Ting-Lu
|-damage|p2a: Ting-Lu|55/100
|-unboost|p2a: Ting-Lu|atk|1
|move|p2a: Ting-Lu|Earthquake|p1a: Vaporeon
|-damage|p1a: Vaporeon|29/100
|
|-weather|RainDance|[upkeep]
|-heal|p1a: Vaporeon|35/100|[from] item: Leftovers
|-heal|p2a: Ting-Lu|61/100|[from] item: Leftovers
|upkeep
|turn|14
|
|t:|1779634104
|switch|p1a: Hippowdon|Hippowdon, F|100/100
|-damage|p1a: Hippowdon|94/100|[from] Stealth Rock
|-weather|Sandstorm|[from] ability: Sand Stream|[of] p1a: Hippowdon
|move|p2a: Ting-Lu|Earthquake|p1a: Hippowdon
|-damage|p1a: Hippowdon|76/100
|
|-weather|Sandstorm|[upkeep]
|-damage|p2a: Ting-Lu|55/100|[from] Sandstorm
|-heal|p1a: Hippowdon|83/100|[from] item: Leftovers
|-heal|p2a: Ting-Lu|61/100|[from] item: Leftovers
|upkeep
|turn|15
|
|t:|1779634123
|switch|p2a: Cresselia|Cresselia, F, shiny|100/100
|-damage|p2a: Cresselia|88/100|[from] Stealth Rock
|move|p1a: Hippowdon|Roar|p2a: Cresselia
|drag|p2a: Slowking|Slowking-Galar, F|100/100
|
|-weather|Sandstorm|[upkeep]
|-damage|p2a: Slowking|94/100|[from] Sandstorm
|-heal|p1a: Hippowdon|89/100|[from] item: Leftovers
|upkeep
|turn|16
|
|t:|1779634138
|switch|p1a: Lokix|Lokix, F|100/100
|switch|p2a: Corviknight|Corviknight, M|73/100
|-damage|p2a: Corviknight|61/100|[from] Stealth Rock
|
|-weather|Sandstorm|[upkeep]
|-damage|p1a: Lokix|94/100|[from] Sandstorm
|upkeep
|turn|17
|
|t:|1779634146
|move|p1a: Lokix|U-turn|p2a: Corviknight
|-resisted|p2a: Corviknight
|-damage|p2a: Corviknight|51/100
|
|t:|1779634150
|switch|p1a: Arcanine|Arcanine, M|90/100|[from] U-turn
|-damage|p1a: Arcanine|65/100|[from] Stealth Rock
|move|p2a: Corviknight|Roost|p2a: Corviknight
|-heal|p2a: Corviknight|100/100
|-singleturn|p2a: Corviknight|move: Roost
|
|-weather|Sandstorm|[upkeep]
|-damage|p1a: Arcanine|58/100|[from] Sandstorm
|upkeep
|turn|18
|
|t:|1779634172
|switch|p2a: Ting-Lu|Ting-Lu, tera:Fairy|61/100
|-damage|p2a: Ting-Lu|48/100|[from] Stealth Rock
|-ability|p2a: Ting-Lu|Vessel of Ruin
|move|p1a: Arcanine|Flare Blitz|p2a: Ting-Lu
|-damage|p2a: Ting-Lu|22/100
|-damage|p1a: Arcanine|46/100|[from] Recoil
|
|-weather|none
|-heal|p2a: Ting-Lu|28/100|[from] item: Leftovers
|upkeep
|turn|19
|inactive|rattrapz has 120 seconds left.
|
|t:|1779634196
|switch|p1a: Lokix|Lokix, F|94/100
|move|p2a: Ting-Lu|Earthquake|p1a: Lokix
|-resisted|p1a: Lokix
|-damage|p1a: Lokix|66/100
|
|-heal|p2a: Ting-Lu|34/100|[from] item: Leftovers
|upkeep
|turn|20
|inactive|rattrapz has 120 seconds left.
|
|t:|1779634210
|switch|p2a: Corviknight|Corviknight, M|100/100
|-damage|p2a: Corviknight|88/100|[from] Stealth Rock
|move|p1a: Lokix|First Impression|p2a: Corviknight
|-resisted|p2a: Corviknight
|-damage|p2a: Corviknight|77/100
|
|upkeep
|turn|21
|
|t:|1779634219
|move|p1a: Lokix|U-turn|p2a: Corviknight
|-resisted|p2a: Corviknight
|-damage|p2a: Corviknight|67/100
|
|t:|1779634225
|switch|p1a: Hippowdon|Hippowdon, F|89/100|[from] U-turn
|-damage|p1a: Hippowdon|83/100|[from] Stealth Rock
|-weather|Sandstorm|[from] ability: Sand Stream|[of] p1a: Hippowdon
|move|p2a: Corviknight|Bulk Up|p2a: Corviknight
|-boost|p2a: Corviknight|atk|1
|-boost|p2a: Corviknight|def|1
|
|-weather|Sandstorm|[upkeep]
|-heal|p1a: Hippowdon|89/100|[from] item: Leftovers
|upkeep
|turn|22
|
|t:|1779634239
|move|p2a: Corviknight|Brave Bird|p1a: Hippowdon
|-damage|p1a: Hippowdon|48/100
|-damage|p2a: Corviknight|53/100|[from] Recoil
|move|p1a: Hippowdon|Roar|p2a: Corviknight
|drag|p2a: Ting-Lu|Ting-Lu, tera:Fairy|34/100
|-damage|p2a: Ting-Lu|22/100|[from] Stealth Rock
|-ability|p2a: Ting-Lu|Vessel of Ruin
|
|-weather|Sandstorm|[upkeep]
|-damage|p2a: Ting-Lu|15/100|[from] Sandstorm
|-heal|p1a: Hippowdon|54/100|[from] item: Leftovers
|-heal|p2a: Ting-Lu|22/100|[from] item: Leftovers
|upkeep
|turn|23
|
|t:|1779634256
|move|p1a: Hippowdon|Body Press|p2a: Ting-Lu
|-resisted|p2a: Ting-Lu
|-damage|p2a: Ting-Lu|17/100
|move|p2a: Ting-Lu|Earthquake|p1a: Hippowdon
|-damage|p1a: Hippowdon|27/100
|
|-weather|Sandstorm|[upkeep]
|-damage|p2a: Ting-Lu|11/100|[from] Sandstorm
|-heal|p1a: Hippowdon|33/100|[from] item: Leftovers
|-heal|p2a: Ting-Lu|17/100|[from] item: Leftovers
|upkeep
|turn|24
|
|t:|1779634265
|move|p1a: Hippowdon|Slack Off|p1a: Hippowdon
|-heal|p1a: Hippowdon|83/100
|move|p2a: Ting-Lu|Earthquake|p1a: Hippowdon
|-damage|p1a: Hippowdon|56/100
|
|-weather|Sandstorm|[upkeep]
|-damage|p2a: Ting-Lu|11/100|[from] Sandstorm
|-heal|p1a: Hippowdon|62/100|[from] item: Leftovers
|-heal|p2a: Ting-Lu|17/100|[from] item: Leftovers
|upkeep
|turn|25
|
|t:|1779634278
|move|p2a: Ting-Lu|Ruination|p1a: Hippowdon
|-damage|p1a: Hippowdon|31/100
|move|p1a: Hippowdon|Roar|p2a: Ting-Lu
|drag|p2a: Cresselia|Cresselia, F, shiny|88/100
|-damage|p2a: Cresselia|76/100|[from] Stealth Rock
|
|-weather|none
|-heal|p2a: Cresselia|82/100|[from] item: Leftovers
|-heal|p1a: Hippowdon|37/100|[from] item: Leftovers
|upkeep
|turn|26
|
|t:|1779634289
|move|p2a: Cresselia|Psyshock|p1a: Hippowdon
|-damage|p1a: Hippowdon|21/100
|move|p1a: Hippowdon|Slack Off|p1a: Hippowdon
|-heal|p1a: Hippowdon|71/100
|
|-heal|p2a: Cresselia|88/100|[from] item: Leftovers
|-heal|p1a: Hippowdon|77/100|[from] item: Leftovers
|upkeep
|turn|27
|
|t:|1779634297
|switch|p1a: Tsareena|Tsareena, F|100/100
|-damage|p1a: Tsareena|88/100|[from] Stealth Rock
|move|p2a: Cresselia|Ice Beam|p1a: Tsareena
|-supereffective|p1a: Tsareena
|-crit|p1a: Tsareena
|-damage|p1a: Tsareena|63/100
|-status|p1a: Tsareena|frz
|
|-heal|p2a: Cresselia|94/100|[from] item: Leftovers
|upkeep
|turn|28
|
|t:|1779634308
|move|p2a: Cresselia|Psyshock|p1a: Tsareena
|-damage|p1a: Tsareena|40/100 frz
|-curestatus|p1a: Tsareena|frz|[msg]
|move|p1a: Tsareena|Rapid Spin|p2a: Cresselia
|-damage|p2a: Cresselia|85/100
|-boost|p1a: Tsareena|spe|1
|-sideend|p1: panzershock|Stealth Rock|[from] move: Rapid Spin|[of] p1a: Tsareena
|
|-heal|p2a: Cresselia|91/100|[from] item: Leftovers
|upkeep
|turn|29
|
|t:|1779634320
|move|p1a: Tsareena|U-turn|p2a: Cresselia
|-supereffective|p2a: Cresselia
|-damage|p2a: Cresselia|62/100
|
|t:|1779634323
|switch|p1a: Lokix|Lokix, F|66/100|[from] U-turn
|move|p2a: Cresselia|Thunder Wave|p1a: Lokix
|-status|p1a: Lokix|par
|
|-heal|p2a: Cresselia|69/100|[from] item: Leftovers
|upkeep
|turn|30
|
|t:|1779634351
|switch|p2a: Corviknight|Corviknight, M|53/100
|-damage|p2a: Corviknight|41/100|[from] Stealth Rock
|-terastallize|p1a: Lokix|Normal
|cant|p1a: Lokix|par
|
|upkeep
|turn|31
|
|t:|1779634359
|move|p2a: Corviknight|Roost|p2a: Corviknight
|-heal|p2a: Corviknight|91/100
|-singleturn|p2a: Corviknight|move: Roost
|move|p1a: Lokix|Facade|p2a: Corviknight
|-resisted|p2a: Corviknight
|-damage|p2a: Corviknight|56/100
|
|upkeep
|turn|32
|
|t:|1779634370
|move|p2a: Corviknight|Roost|p2a: Corviknight
|-heal|p2a: Corviknight|100/100
|-singleturn|p2a: Corviknight|move: Roost
|move|p1a: Lokix|U-turn|p2a: Corviknight
|-resisted|p2a: Corviknight
|-crit|p2a: Corviknight
|-damage|p2a: Corviknight|73/100
|
|t:|1779634378
|switch|p1a: Arcanine|Arcanine, M|46/100|[from] U-turn
|
|upkeep
|turn|33
|
|t:|1779634396
|switch|p2a: Ting-Lu|Ting-Lu, tera:Fairy|17/100
|-damage|p2a: Ting-Lu|4/100|[from] Stealth Rock
|-ability|p2a: Ting-Lu|Vessel of Ruin
|move|p1a: Arcanine|Morning Sun|p1a: Arcanine
|-heal|p1a: Arcanine|96/100
|
|-heal|p2a: Ting-Lu|11/100|[from] item: Leftovers
|upkeep
|turn|34
|
|t:|1779634408
|move|p1a: Arcanine|Flare Blitz|p2a: Ting-Lu
|-damage|p2a: Ting-Lu|0 fnt
|faint|p2a: Ting-Lu
|-damage|p1a: Arcanine|92/100|[from] Recoil
|
|upkeep
|inactive|rattrapz has 120 seconds left.
|
|t:|1779634430
|switch|p2a: Cresselia|Cresselia, F, shiny|69/100
|-damage|p2a: Cresselia|56/100|[from] Stealth Rock
|turn|35
|
|t:|1779634448
|switch|p1a: Lokix|Lokix, F, tera:Normal|66/100 par
|move|p2a: Cresselia|Thunder Wave|p1a: Lokix
|-fail|p1a: Lokix|par
|
|-heal|p2a: Cresselia|62/100|[from] item: Leftovers
|upkeep
|turn|36
|inactive|rattrapz has 120 seconds left.
|
|t:|1779634464
|cant|p1a: Lokix|par
|move|p2a: Cresselia|Psyshock|p1a: Lokix
|-damage|p1a: Lokix|28/100 par
|
|-heal|p2a: Cresselia|68/100|[from] item: Leftovers
|upkeep
|turn|37
|
|t:|1779634471
|switch|p1a: Meowscarada|Meowscarada, F|72/100
|move|p2a: Cresselia|Psyshock|p1a: Meowscarada
|-immune|p1a: Meowscarada
|
|-heal|p2a: Cresselia|74/100|[from] item: Leftovers
|upkeep
|turn|38
|
|t:|1779634477
|move|p1a: Meowscarada|U-turn|p2a: Cresselia
|-start|p1a: Meowscarada|typechange|Bug|[from] ability: Protean
|-supereffective|p2a: Cresselia
|-damage|p2a: Cresselia|27/100
|
|t:|1779634482
|switch|p1a: Lokix|Lokix, F, tera:Normal|28/100 par|[from] U-turn
|move|p2a: Cresselia|Ice Beam|p1a: Lokix
|-damage|p1a: Lokix|0 fnt
|faint|p1a: Lokix
|
|-heal|p2a: Cresselia|33/100|[from] item: Leftovers
|upkeep
|
|t:|1779634485
|switch|p1a: Meowscarada|Meowscarada, F|72/100
|turn|39
|
|t:|1779634494
|switch|p2a: Corviknight|Corviknight, M|73/100
|-damage|p2a: Corviknight|61/100|[from] Stealth Rock
|move|p1a: Meowscarada|Knock Off|p2a: Corviknight
|-start|p1a: Meowscarada|typechange|Dark|[from] ability: Protean
|-damage|p2a: Corviknight|42/100
|
|upkeep
|turn|40
|
|t:|1779634505
|switch|p1a: Arcanine|Arcanine, M|92/100
|move|p2a: Corviknight|Roost|p2a: Corviknight
|-heal|p2a: Corviknight|92/100
|-singleturn|p2a: Corviknight|move: Roost
|
|upkeep
|turn|41
|
|t:|1779634529
|switch|p2a: Cresselia|Cresselia, F, shiny|33/100
|-damage|p2a: Cresselia|21/100|[from] Stealth Rock
|move|p1a: Arcanine|Flare Blitz|p2a: Cresselia
|-damage|p2a: Cresselia|0 fnt
|faint|p2a: Cresselia
|-damage|p1a: Arcanine|84/100|[from] Recoil
|
|upkeep
|inactive|rattrapz has 120 seconds left.
|
|t:|1779634551
|switch|p2a: Slowking|Slowking-Galar, F|100/100
|turn|42
|
|t:|1779634559
|switch|p1a: Vaporeon|Vaporeon, M|35/100
|move|p2a: Slowking|Sludge Bomb|p1a: Vaporeon
|-damage|p1a: Vaporeon|18/100
|
|-heal|p1a: Vaporeon|24/100|[from] item: Leftovers
|upkeep
|turn|43
|inactive|rattrapz has 120 seconds left.
|
|t:|1779634576
|move|p1a: Vaporeon|Wish|p1a: Vaporeon
|move|p2a: Slowking|Sludge Bomb|p1a: Vaporeon
|-damage|p1a: Vaporeon|4/100
|
|-heal|p1a: Vaporeon|10/100|[from] item: Leftovers
|upkeep
|turn|44
|inactive|rattrapz has 120 seconds left.
|
|t:|1779634588
|switch|p1a: Hippowdon|Hippowdon, F|77/100
|-weather|Sandstorm|[from] ability: Sand Stream|[of] p1a: Hippowdon
|switch|p2a: Gholdengo|Gholdengo|100/100
|-damage|p2a: Gholdengo|94/100|[from] Stealth Rock
|
|-weather|Sandstorm|[upkeep]
|-heal|p1a: Hippowdon|100/100|[from] move: Wish|[wisher] Vaporeon
|upkeep
|turn|45
|inactive|rattrapz has 120 seconds left.
|
|t:|1779634605
|switch|p2a: Corviknight|Corviknight, M|92/100
|-damage|p2a: Corviknight|79/100|[from] Stealth Rock
|switch|p1a: Vaporeon|Vaporeon, M|10/100
|
|-weather|Sandstorm|[upkeep]
|-damage|p1a: Vaporeon|4/100|[from] Sandstorm
|-heal|p1a: Vaporeon|10/100|[from] item: Leftovers
|upkeep
|turn|46
|inactive|rattrapz has 120 seconds left.
|
|t:|1779634616
|move|p2a: Corviknight|Brave Bird|p1a: Vaporeon
|-damage|p1a: Vaporeon|0 fnt
|faint|p1a: Vaporeon
|-damage|p2a: Corviknight|76/100|[from] Recoil
|
|-weather|Sandstorm|[upkeep]
|upkeep
|
|t:|1779634620
|switch|p1a: Arcanine|Arcanine, M|84/100
|turn|47
|inactive|rattrapz has 120 seconds left.
|
|t:|1779634637
|move|p1a: Arcanine|Flare Blitz|p2a: Corviknight
|-supereffective|p2a: Corviknight
|-crit|p2a: Corviknight
|-damage|p2a: Corviknight|0 fnt
|faint|p2a: Corviknight
|-damage|p1a: Arcanine|58/100|[from] Recoil
|
|-weather|Sandstorm|[upkeep]
|-damage|p1a: Arcanine|52/100|[from] Sandstorm
|upkeep
|
|t:|1779634645
|switch|p2a: Gholdengo|Gholdengo|94/100
|-damage|p2a: Gholdengo|88/100|[from] Stealth Rock
|turn|48
|inactive|rattrapz has 120 seconds left.
|
|t:|1779634654
|move|p2a: Gholdengo|Shadow Ball|p1a: Arcanine
|-damage|p1a: Arcanine|10/100
|move|p1a: Arcanine|Flare Blitz|p2a: Gholdengo
|-supereffective|p2a: Gholdengo
|-damage|p2a: Gholdengo|0 fnt
|faint|p2a: Gholdengo
|-damage|p1a: Arcanine|0 fnt|[from] Recoil
|faint|p1a: Arcanine
|
|-weather|none
|upkeep
|inactive|rattrapz has 120 seconds left.
|
|t:|1779634664
|switch|p2a: Slowking|Slowking-Galar, F|100/100
|switch|p1a: Meowscarada|Meowscarada, F|72/100
|turn|49
|inactive|rattrapz has 120 seconds left.
|
|t:|1779634674
|move|p1a: Meowscarada|U-turn|p2a: Slowking
|-start|p1a: Meowscarada|typechange|Bug|[from] ability: Protean
|-damage|p2a: Slowking|75/100
|
|t:|1779634681
|switch|p1a: Tsareena|Tsareena, F|40/100|[from] U-turn
|move|p2a: Slowking|Toxic|p1a: Tsareena
|-status|p1a: Tsareena|tox
|
|-damage|p1a: Tsareena|34/100 tox|[from] psn
|upkeep
|turn|50
|
|t:|1779634692
|move|p1a: Tsareena|Rapid Spin|p2a: Slowking
|-damage|p2a: Slowking|64/100
|-boost|p1a: Tsareena|spe|1
|move|p2a: Slowking|Sludge Bomb|p1a: Tsareena
|-supereffective|p1a: Tsareena
|-damage|p1a: Tsareena|0 fnt
|faint|p1a: Tsareena
|
|upkeep
|
|t:|1779634698
|switch|p1a: Meowscarada|Meowscarada, F|72/100
|turn|51
|
|t:|1779634701
|move|p1a: Meowscarada|U-turn|p2a: Slowking
|-start|p1a: Meowscarada|typechange|Bug|[from] ability: Protean
|-damage|p2a: Slowking|39/100
|
|t:|1779634705
|switch|p1a: Hippowdon|Hippowdon, F|100/100|[from] U-turn
|-weather|Sandstorm|[from] ability: Sand Stream|[of] p1a: Hippowdon
|move|p2a: Slowking|Sludge Bomb|p1a: Hippowdon
|-resisted|p1a: Hippowdon
|-damage|p1a: Hippowdon|88/100
|
|-weather|Sandstorm|[upkeep]
|-damage|p2a: Slowking|32/100|[from] Sandstorm
|-heal|p1a: Hippowdon|95/100|[from] item: Leftovers
|upkeep
|turn|52
|
|t:|1779634720
|move|p1a: Hippowdon|Body Press|p2a: Slowking
|-resisted|p2a: Slowking
|-damage|p2a: Slowking|29/100
|move|p2a: Slowking|Psychic|p1a: Hippowdon
|-damage|p1a: Hippowdon|70/100
|
|-weather|Sandstorm|[upkeep]
|-damage|p2a: Slowking|23/100|[from] Sandstorm
|-heal|p1a: Hippowdon|76/100|[from] item: Leftovers
|upkeep
|turn|53
|
|t:|1779634730
|move|p1a: Hippowdon|Body Press|p2a: Slowking
|-resisted|p2a: Slowking
|-damage|p2a: Slowking|19/100
|move|p2a: Slowking|Toxic|p1a: Hippowdon
|-status|p1a: Hippowdon|tox
|
|-weather|Sandstorm|[upkeep]
|-damage|p2a: Slowking|13/100|[from] Sandstorm
|-heal|p1a: Hippowdon|83/100 tox|[from] item: Leftovers
|-damage|p1a: Hippowdon|76/100 tox|[from] psn
|upkeep
|turn|54
|
|t:|1779634741
|move|p1a: Hippowdon|Body Press|p2a: Slowking
|-resisted|p2a: Slowking
|-damage|p2a: Slowking|9/100
|-prepare|p2a: Slowking|Chilly Reception|[premajor]
|move|p2a: Slowking|Chilly Reception|p2a: Slowking
|-weather|Snowscape
|
|-weather|Snowscape|[upkeep]
|-heal|p1a: Hippowdon|83/100 tox|[from] item: Leftovers
|-damage|p1a: Hippowdon|70/100 tox|[from] psn
|upkeep
|turn|55
|
|t:|1779634752
|move|p1a: Hippowdon|Body Press|p2a: Slowking
|-resisted|p2a: Slowking
|-damage|p2a: Slowking|5/100
|move|p2a: Slowking|Psychic|p1a: Hippowdon
|-damage|p1a: Hippowdon|44/100 tox
|
|-weather|Snowscape|[upkeep]
|-heal|p1a: Hippowdon|51/100 tox|[from] item: Leftovers
|-damage|p1a: Hippowdon|32/100 tox|[from] psn
|upkeep
|turn|56
|
|t:|1779634762
|move|p1a: Hippowdon|Body Press|p2a: Slowking
|-resisted|p2a: Slowking
|-damage|p2a: Slowking|2/100
|move|p2a: Slowking|Psychic|p1a: Hippowdon
|-damage|p1a: Hippowdon|4/100 tox
|
|-weather|Snowscape|[upkeep]
|-heal|p1a: Hippowdon|10/100 tox|[from] item: Leftovers
|-damage|p1a: Hippowdon|0 fnt|[from] psn
|faint|p1a: Hippowdon
|upkeep
|
|t:|1779634768
|switch|p1a: Meowscarada|Meowscarada, F|72/100
|turn|57
|
|t:|1779634778
|move|p1a: Meowscarada|Knock Off|p2a: Slowking
|-start|p1a: Meowscarada|typechange|Dark|[from] ability: Protean
|-supereffective|p2a: Slowking
|-damage|p2a: Slowking|0 fnt
|-enditem|p2a: Slowking|Heavy-Duty Boots|[from] move: Knock Off|[of] p1a: Meowscarada
|faint|p2a: Slowking
|
|win|panzershock
|raw|panzershock's rating: 1163 &rarr; <strong>1187</strong><br />(+24 for winning)
|raw|rattrapz's rating: 1147 &rarr; <strong>1123</strong><br />(-24 for losing)
|l|☆panzershock
|player|p1|
|l|☆rattrapz
|player|p2|
