|j|☆Shubway
|j|‽JihoonLee
|t:|1779701879
|gametype|singles
|player|p1|Shubway|266|1418
|player|p2|JihoonLee|red|1358
|gen|9
|tier|[Gen 9] OU
|rated|
|rule|HP Percentage Mod: HP is shown in percentages
|rule|Endless Battle Clause: Forcing endless battles is banned
|rule|Species Clause: Limit one of each Pokémon
|rule|OHKO Clause: OHKO moves are banned
|rule|Evasion Items Clause: Evasion items are banned
|rule|Evasion Moves Clause: Evasion moves are banned
|rule|Evasion Abilities Clause: Evasion abilities are banned
|rule|Sleep Moves Clause: Sleep-inducing moves are banned
|clearpoke
|poke|p1|Incineroar, M|
|poke|p1|Garchomp, F|
|poke|p1|Pecharunt|
|poke|p1|Ogerpon-Cornerstone, F|
|poke|p1|Alomomola, F|
|poke|p1|Galvantula, F|
|poke|p2|Cinderace, M|
|poke|p2|Ogerpon-Wellspring, F|
|poke|p2|Clefable, F|
|poke|p2|Toxapex, M|
|poke|p2|Corviknight, M|
|poke|p2|Darkrai|
|teampreview
|inactive|Battle timer is ON: inactive players will automatically lose when time's up. (requested by JihoonLee)
|
|t:|1779701891
|teamsize|p1|6
|teamsize|p2|6
|start
|switch|p1a: Galvantula|Galvantula, F|100/100
|switch|p2a: Cinderace|Cinderace, M|100/100
|turn|1
|
|t:|1779701901
|move|p2a: Cinderace|Pyro Ball|p1a: Galvantula
|-supereffective|p1a: Galvantula
|-enditem|p1a: Galvantula|Focus Sash
|-damage|p1a: Galvantula|1/100
|move|p1a: Galvantula|Thunder|p2a: Cinderace
|-damage|p2a: Cinderace|37/100
|
|upkeep
|turn|2
|
|t:|1779701906
|switch|p1a: Alomomola|Alomomola, F|100/100
|move|p2a: Cinderace|U-turn|p1a: Alomomola
|-start|p2a: Cinderace|typechange|Bug|[from] ability: Libero
|-damage|p1a: Alomomola|75/100
|-damage|p2a: Cinderace|20/100|[from] item: Rocky Helmet|[of] p1a: Alomomola
|
|t:|1779701914
|switch|p2a: Ogerpon|Ogerpon-Wellspring, F|100/100|[from] U-turn
|
|upkeep
|turn|3
|
|t:|1779701941
|switch|p1a: Pecharunt|Pecharunt|100/100
|move|p2a: Ogerpon|Swords Dance|p2a: Ogerpon
|-boost|p2a: Ogerpon|atk|2
|
|upkeep
|turn|4
|
|t:|1779701951
|move|p2a: Ogerpon|U-turn|p1a: Pecharunt
|-resisted|p1a: Pecharunt
|-crit|p1a: Pecharunt
|-damage|p1a: Pecharunt|90/100
|
|t:|1779701954
|switch|p2a: Corviknight|Corviknight, M|100/100|[from] U-turn
|-ability|p2a: Corviknight|Pressure
|move|p1a: Pecharunt|Malignant Chain|p2a: Corviknight
|-immune|p2a: Corviknight
|
|-heal|p1a: Pecharunt|97/100|[from] item: Leftovers
|upkeep
|turn|5
|
|t:|1779701959
|switch|p2a: Darkrai|Darkrai|100/100
|move|p1a: Pecharunt|Mean Look|p2a: Darkrai
|-activate|p2a: Darkrai|trapped
|
|-heal|p1a: Pecharunt|100/100|[from] item: Leftovers
|upkeep
|turn|6
|
|t:|1779701962
|switch|p1a: Incineroar|Incineroar, M|100/100
|-ability|p1a: Incineroar|Intimidate|boost
|-unboost|p2a: Darkrai|atk|1
|move|p2a: Darkrai|Trick|p1a: Incineroar
|-activate|p2a: Darkrai|move: Trick|[of] p1a: Incineroar
|-item|p1a: Incineroar|Choice Scarf|[from] move: Trick
|-item|p2a: Darkrai|Leftovers|[from] move: Trick
|
|upkeep
|turn|7
|
|t:|1779701971
|switch|p2a: Toxapex|Toxapex, M|100/100
|move|p1a: Incineroar|Parting Shot|p2a: Toxapex
|-unboost|p2a: Toxapex|atk|1
|-unboost|p2a: Toxapex|spa|1
|
|t:|1779701974
|switch|p1a: Galvantula|Galvantula, F|1/100|[from] Parting Shot
|
|upkeep
|turn|8
|
|t:|1779701977
|move|p1a: Galvantula|Sticky Web|p2a: Toxapex
|-sidestart|p2: JihoonLee|move: Sticky Web
|move|p2a: Toxapex|Chilling Water|p1a: Galvantula
|-damage|p1a: Galvantula|0 fnt
|faint|p1a: Galvantula
|
|upkeep
|
|t:|1779701981
|switch|p1a: Garchomp|Garchomp, F|100/100
|turn|9
|
|t:|1779701984
|move|p1a: Garchomp|Swords Dance|p1a: Garchomp
|-boost|p1a: Garchomp|atk|2
|move|p2a: Toxapex|Toxic|p1a: Garchomp
|-status|p1a: Garchomp|tox
|
|-damage|p1a: Garchomp|94/100 tox|[from] psn
|upkeep
|turn|10
|
|t:|1779701987
|switch|p2a: Corviknight|Corviknight, M|100/100
|-ability|p2a: Corviknight|Pressure
|move|p1a: Garchomp|Swords Dance|p1a: Garchomp
|-boost|p1a: Garchomp|atk|2
|
|-damage|p1a: Garchomp|82/100 tox|[from] psn
|upkeep
|turn|11
|
|t:|1779701989
|move|p1a: Garchomp|Fire Fang|p2a: Corviknight
|-supereffective|p2a: Corviknight
|-damage|p2a: Corviknight|16/100
|-damage|p1a: Garchomp|65/100 tox|[from] item: Rocky Helmet|[of] p2a: Corviknight
|move|p2a: Corviknight|Iron Defense|p2a: Corviknight
|-boost|p2a: Corviknight|def|2
|
|-damage|p1a: Garchomp|47/100 tox|[from] psn
|upkeep
|turn|12
|
|t:|1779701994
|move|p1a: Garchomp|Scale Shot|p2a: Corviknight
|-resisted|p2a: Corviknight
|-damage|p2a: Corviknight|10/100
|-resisted|p2a: Corviknight
|-damage|p2a: Corviknight|4/100
|-resisted|p2a: Corviknight
|-damage|p2a: Corviknight|0 fnt
|faint|p2a: Corviknight
|-hitcount|p2: Corviknight|3
|-unboost|p1a: Garchomp|def|1
|-boost|p1a: Garchomp|spe|1
|
|-damage|p1a: Garchomp|22/100 tox|[from] psn
|upkeep
|
|t:|1779702001
|switch|p2a: Toxapex|Toxapex, M|100/100
|-activate|p2a: Toxapex|move: Sticky Web
|-unboost|p2a: Toxapex|spe|1
|turn|13
|
|t:|1779702004
|move|p2a: Toxapex|Baneful Bunker|p2a: Toxapex
|-singleturn|p2a: Toxapex|move: Protect
|move|p1a: Garchomp|Earthquake|p2a: Toxapex
|-activate|p2a: Toxapex|move: Protect
|
|-damage|p1a: Garchomp|0 fnt|[from] psn
|faint|p1a: Garchomp
|upkeep
|
|t:|1779702008
|switch|p1a: Pecharunt|Pecharunt|100/100
|turn|14
|
|t:|1779702015
|switch|p2a: Cinderace|Cinderace, M|20/100
|move|p1a: Pecharunt|Mean Look|p2a: Cinderace
|-activate|p2a: Cinderace|trapped
|
|upkeep
|turn|15
|
|t:|1779702018
|move|p2a: Cinderace|Court Change|p2a: Cinderace
|-start|p2a: Cinderace|typechange|Normal|[from] ability: Libero
|-swapsideconditions
|-activate|p2a: Cinderace|move: Court Change
|move|p1a: Pecharunt|Mean Look||[still]
|-fail|p1a: Pecharunt
|
|upkeep
|turn|16
|
|t:|1779702022
|move|p2a: Cinderace|U-turn|p1a: Pecharunt
|-resisted|p1a: Pecharunt
|-damage|p1a: Pecharunt|98/100
|
|t:|1779702031
|switch|p2a: Toxapex|Toxapex, M|100/100|[from] U-turn
|move|p1a: Pecharunt|Malignant Chain|p2a: Toxapex
|-resisted|p2a: Toxapex
|-damage|p2a: Toxapex|88/100
|
|-heal|p1a: Pecharunt|100/100|[from] item: Leftovers
|-heal|p2a: Toxapex|94/100|[from] item: Leftovers
|upkeep
|turn|17
|
|t:|1779702034
|move|p2a: Toxapex|Baneful Bunker|p2a: Toxapex
|-singleturn|p2a: Toxapex|move: Protect
|move|p1a: Pecharunt|Mean Look|p2a: Toxapex
|-activate|p2a: Toxapex|trapped
|
|-heal|p2a: Toxapex|100/100|[from] item: Leftovers
|upkeep
|turn|18
|
|t:|1779702044
|move|p1a: Pecharunt|Curse|p2a: Toxapex
|-start|p2a: Toxapex|Curse|[of] p1a: Pecharunt
|-damage|p1a: Pecharunt|50/100
|move|p2a: Toxapex|Chilling Water|p1a: Pecharunt
|-damage|p1a: Pecharunt|39/100
|-unboost|p1a: Pecharunt|atk|1
|
|-heal|p1a: Pecharunt|45/100|[from] item: Leftovers
|-damage|p2a: Toxapex|76/100|[from] Curse
|upkeep
|turn|19
|
|t:|1779702047
|move|p1a: Pecharunt|Recover|p1a: Pecharunt
|-heal|p1a: Pecharunt|95/100
|move|p2a: Toxapex|Chilling Water|p1a: Pecharunt
|-damage|p1a: Pecharunt|86/100
|-unboost|p1a: Pecharunt|atk|1
|
|-heal|p1a: Pecharunt|92/100|[from] item: Leftovers
|-heal|p2a: Toxapex|82/100|[from] item: Leftovers
|-damage|p2a: Toxapex|57/100|[from] Curse
|upkeep
|turn|20
|
|t:|1779702054
|move|p1a: Pecharunt|Curse||[still]
|-fail|p1a: Pecharunt
|move|p2a: Toxapex|Recover|p2a: Toxapex
|-heal|p2a: Toxapex|100/100
|
|-heal|p1a: Pecharunt|98/100|[from] item: Leftovers
|-damage|p2a: Toxapex|76/100|[from] Curse
|upkeep
|turn|21
|
|t:|1779702061
|move|p1a: Pecharunt|Curse||[still]
|-fail|p1a: Pecharunt
|move|p2a: Toxapex|Chilling Water|p1a: Pecharunt
|-damage|p1a: Pecharunt|88/100
|-unboost|p1a: Pecharunt|atk|1
|
|-heal|p1a: Pecharunt|94/100|[from] item: Leftovers
|-heal|p2a: Toxapex|82/100|[from] item: Leftovers
|-damage|p2a: Toxapex|57/100|[from] Curse
|upkeep
|turn|22
|
|t:|1779702071
|move|p1a: Pecharunt|Curse||[still]
|-fail|p1a: Pecharunt
|move|p2a: Toxapex|Recover|p2a: Toxapex
|-heal|p2a: Toxapex|100/100
|
|-heal|p1a: Pecharunt|99/100|[from] item: Leftovers
|-damage|p2a: Toxapex|76/100|[from] Curse
|upkeep
|turn|23
|
|t:|1779702095
|move|p1a: Pecharunt|Curse||[still]
|-fail|p1a: Pecharunt
|move|p2a: Toxapex|Chilling Water|p1a: Pecharunt
|-damage|p1a: Pecharunt|88/100
|-unboost|p1a: Pecharunt|atk|1
|
|-heal|p1a: Pecharunt|94/100|[from] item: Leftovers
|-heal|p2a: Toxapex|82/100|[from] item: Leftovers
|-damage|p2a: Toxapex|57/100|[from] Curse
|upkeep
|turn|24
|
|t:|1779702105
|move|p1a: Pecharunt|Mean Look||[still]
|-fail|p1a: Pecharunt
|move|p2a: Toxapex|Chilling Water|p1a: Pecharunt
|-damage|p1a: Pecharunt|83/100
|-unboost|p1a: Pecharunt|atk|1
|
|-heal|p1a: Pecharunt|89/100|[from] item: Leftovers
|-heal|p2a: Toxapex|63/100|[from] item: Leftovers
|-damage|p2a: Toxapex|39/100|[from] Curse
|upkeep
|turn|25
|
|t:|1779702110
|move|p1a: Pecharunt|Malignant Chain|p2a: Toxapex
|-resisted|p2a: Toxapex
|-damage|p2a: Toxapex|25/100
|move|p2a: Toxapex|Recover|p2a: Toxapex
|-heal|p2a: Toxapex|75/100
|
|-heal|p1a: Pecharunt|95/100|[from] item: Leftovers
|-heal|p2a: Toxapex|81/100|[from] item: Leftovers
|-damage|p2a: Toxapex|56/100|[from] Curse
|upkeep
|turn|26
|
|t:|1779702113
|move|p1a: Pecharunt|Curse||[still]
|-fail|p1a: Pecharunt
|move|p2a: Toxapex|Recover|p2a: Toxapex
|-heal|p2a: Toxapex|100/100
|
|-heal|p1a: Pecharunt|100/100|[from] item: Leftovers
|-damage|p2a: Toxapex|76/100|[from] Curse
|upkeep
|turn|27
|
|t:|1779702117
|move|p1a: Pecharunt|Curse||[still]
|-fail|p1a: Pecharunt
|move|p2a: Toxapex|Chilling Water|p1a: Pecharunt
|-damage|p1a: Pecharunt|90/100
|-unboost|p1a: Pecharunt|atk|1
|
|-heal|p1a: Pecharunt|96/100|[from] item: Leftovers
|-heal|p2a: Toxapex|82/100|[from] item: Leftovers
|-damage|p2a: Toxapex|57/100|[from] Curse
|upkeep
|turn|28
|
|t:|1779702124
|move|p1a: Pecharunt|Curse||[still]
|-fail|p1a: Pecharunt
|move|p2a: Toxapex|Chilling Water|p1a: Pecharunt
|-crit|p1a: Pecharunt
|-damage|p1a: Pecharunt|80/100
|
|-heal|p1a: Pecharunt|86/100|[from] item: Leftovers
|-heal|p2a: Toxapex|63/100|[from] item: Leftovers
|-damage|p2a: Toxapex|39/100|[from] Curse
|upkeep
|turn|29
|
|t:|1779702135
|move|p1a: Pecharunt|Mean Look||[still]
|-fail|p1a: Pecharunt
|move|p2a: Toxapex|Recover|p2a: Toxapex
|-heal|p2a: Toxapex|89/100
|
|-heal|p1a: Pecharunt|92/100|[from] item: Leftovers
|-heal|p2a: Toxapex|95/100|[from] item: Leftovers
|-damage|p2a: Toxapex|70/100|[from] Curse
|upkeep
|turn|30
|inactive|JihoonLee has 120 seconds left.
|
|t:|1779702168
|move|p1a: Pecharunt|Curse||[still]
|-fail|p1a: Pecharunt
|move|p2a: Toxapex|Chilling Water|p1a: Pecharunt
|-damage|p1a: Pecharunt|81/100
|
|-heal|p1a: Pecharunt|87/100|[from] item: Leftovers
|-heal|p2a: Toxapex|76/100|[from] item: Leftovers
|-damage|p2a: Toxapex|51/100|[from] Curse
|upkeep
|turn|31
|
|t:|1779702174
|move|p1a: Pecharunt|Recover|p1a: Pecharunt
|-heal|p1a: Pecharunt|100/100
|move|p2a: Toxapex|Recover|p2a: Toxapex
|-heal|p2a: Toxapex|100/100
|
|-damage|p2a: Toxapex|76/100|[from] Curse
|upkeep
|turn|32
|
|t:|1779702179
|move|p1a: Pecharunt|Curse||[still]
|-fail|p1a: Pecharunt
|move|p2a: Toxapex|Chilling Water|p1a: Pecharunt
|-damage|p1a: Pecharunt|91/100
|
|-heal|p1a: Pecharunt|97/100|[from] item: Leftovers
|-heal|p2a: Toxapex|82/100|[from] item: Leftovers
|-damage|p2a: Toxapex|57/100|[from] Curse
|upkeep
|turn|33
|
|t:|1779702183
|move|p1a: Pecharunt|Curse||[still]
|-fail|p1a: Pecharunt
|move|p2a: Toxapex|Chilling Water|p1a: Pecharunt
|-damage|p1a: Pecharunt|86/100
|
|-heal|p1a: Pecharunt|92/100|[from] item: Leftovers
|-heal|p2a: Toxapex|63/100|[from] item: Leftovers
|-damage|p2a: Toxapex|39/100|[from] Curse
|upkeep
|turn|34
|
|t:|1779702187
|move|p1a: Pecharunt|Recover|p1a: Pecharunt
|-heal|p1a: Pecharunt|100/100
|move|p2a: Toxapex|Recover|p2a: Toxapex
|-heal|p2a: Toxapex|89/100
|
|-heal|p2a: Toxapex|95/100|[from] item: Leftovers
|-damage|p2a: Toxapex|70/100|[from] Curse
|upkeep
|turn|35
|
|t:|1779702196
|move|p1a: Pecharunt|Curse||[still]
|-fail|p1a: Pecharunt
|move|p2a: Toxapex|Chilling Water|p1a: Pecharunt
|-damage|p1a: Pecharunt|89/100
|
|-heal|p1a: Pecharunt|95/100|[from] item: Leftovers
|-heal|p2a: Toxapex|76/100|[from] item: Leftovers
|-damage|p2a: Toxapex|51/100|[from] Curse
|upkeep
|turn|36
|
|t:|1779702201
|move|p1a: Pecharunt|Curse||[still]
|-fail|p1a: Pecharunt
|move|p2a: Toxapex|Chilling Water|p1a: Pecharunt
|-damage|p1a: Pecharunt|84/100
|
|-heal|p1a: Pecharunt|90/100|[from] item: Leftovers
|-heal|p2a: Toxapex|58/100|[from] item: Leftovers
|-damage|p2a: Toxapex|33/100|[from] Curse
|upkeep
|turn|37
|
|t:|1779702204
|move|p1a: Pecharunt|Mean Look||[still]
|-fail|p1a: Pecharunt
|move|p2a: Toxapex|Recover|p2a: Toxapex
|-heal|p2a: Toxapex|83/100
|
|-heal|p1a: Pecharunt|96/100|[from] item: Leftovers
|-heal|p2a: Toxapex|89/100|[from] item: Leftovers
|-damage|p2a: Toxapex|64/100|[from] Curse
|upkeep
|turn|38
|
|t:|1779702207
|move|p1a: Pecharunt|Curse||[still]
|-fail|p1a: Pecharunt
|move|p2a: Toxapex|Chilling Water|p1a: Pecharunt
|-damage|p1a: Pecharunt|85/100
|
|-heal|p1a: Pecharunt|91/100|[from] item: Leftovers
|-heal|p2a: Toxapex|70/100|[from] item: Leftovers
|-damage|p2a: Toxapex|46/100|[from] Curse
|upkeep
|turn|39
|
|t:|1779702211
|move|p1a: Pecharunt|Recover|p1a: Pecharunt
|-heal|p1a: Pecharunt|100/100
|move|p2a: Toxapex|Chilling Water|p1a: Pecharunt
|-damage|p1a: Pecharunt|91/100
|
|-heal|p1a: Pecharunt|97/100|[from] item: Leftovers
|-heal|p2a: Toxapex|52/100|[from] item: Leftovers
|-damage|p2a: Toxapex|27/100|[from] Curse
|upkeep
|turn|40
|
|t:|1779702216
|move|p1a: Pecharunt|Curse||[still]
|-fail|p1a: Pecharunt
|move|p2a: Toxapex|Chilling Water|p1a: Pecharunt
|-damage|p1a: Pecharunt|85/100
|
|-heal|p1a: Pecharunt|91/100|[from] item: Leftovers
|-heal|p2a: Toxapex|33/100|[from] item: Leftovers
|-damage|p2a: Toxapex|8/100|[from] Curse
|upkeep
|turn|41
|
|t:|1779702222
|switch|p1a: Alomomola|Alomomola, F|100/100
|-activate|p1a: Alomomola|move: Sticky Web
|-unboost|p1a: Alomomola|spe|1
|move|p2a: Toxapex|Chilling Water|p1a: Alomomola
|-resisted|p1a: Alomomola
|-damage|p1a: Alomomola|97/100
|-unboost|p1a: Alomomola|atk|1
|
|-heal|p2a: Toxapex|15/100|[from] item: Leftovers
|-damage|p2a: Toxapex|0 fnt|[from] Curse
|faint|p2a: Toxapex
|upkeep
|
|t:|1779702229
|switch|p2a: Ogerpon|Ogerpon-Wellspring, F|100/100
|turn|42
|
|t:|1779702230
|switch|p1a: Pecharunt|Pecharunt|91/100
|-activate|p1a: Pecharunt|move: Sticky Web
|-unboost|p1a: Pecharunt|spe|1
|move|p2a: Ogerpon|Swords Dance|p2a: Ogerpon
|-boost|p2a: Ogerpon|atk|2
|
|-heal|p1a: Pecharunt|97/100|[from] item: Leftovers
|upkeep
|turn|43
|
|t:|1779702233
|-terastallize|p2a: Ogerpon|Water
|detailschange|p2a: Ogerpon|Ogerpon-Wellspring-Tera, F, tera:Water
|-ability|p2a: Ogerpon|Embody Aspect (Wellspring)|boost
|-boost|p2a: Ogerpon|spd|1
|move|p2a: Ogerpon|Ivy Cudgel|p1a: Pecharunt|[anim] Ivy Cudgel Water
|-damage|p1a: Pecharunt|21/100
|move|p1a: Pecharunt|Malignant Chain|p2a: Ogerpon
|-damage|p2a: Ogerpon|75/100
|
|-heal|p1a: Pecharunt|27/100|[from] item: Leftovers
|upkeep
|turn|44
|
|t:|1779702245
|move|p2a: Ogerpon|Ivy Cudgel|p1a: Pecharunt|[anim] Ivy Cudgel Water
|-damage|p1a: Pecharunt|0 fnt
|faint|p1a: Pecharunt
|
|upkeep
|
|t:|1779702247
|switch|p1a: Ogerpon|Ogerpon-Cornerstone, F|100/100
|-activate|p1a: Ogerpon|move: Sticky Web
|-unboost|p1a: Ogerpon|spe|1
|turn|45
|
|t:|1779702254
|move|p2a: Ogerpon|U-turn|p1a: Ogerpon
|-supereffective|p1a: Ogerpon
|-ability|p1a: Ogerpon|Sturdy
|-damage|p1a: Ogerpon|1/100
|
|t:|1779702260
|switch|p2a: Cinderace|Cinderace, M|20/100|[from] U-turn
|move|p1a: Ogerpon|Horn Leech|p2a: Cinderace
|-resisted|p2a: Cinderace
|-damage|p2a: Cinderace|0 fnt
|-heal|p1a: Ogerpon|11/100|[from] drain|[of] p2a: Cinderace
|faint|p2a: Cinderace
|
|upkeep
|
|t:|1779702262
|switch|p2a: Ogerpon|Ogerpon-Wellspring-Tera, F, tera:Water|75/100
|-ability|p2a: Ogerpon|Embody Aspect (Wellspring)|boost
|-boost|p2a: Ogerpon|spd|1
|turn|46
|
|t:|1779702270
|move|p2a: Ogerpon|Horn Leech|p1a: Ogerpon
|-damage|p1a: Ogerpon|0 fnt
|-heal|p2a: Ogerpon|80/100|[from] drain|[of] p1a: Ogerpon
|faint|p1a: Ogerpon
|
|upkeep
|
|t:|1779702272
|switch|p1a: Incineroar|Incineroar, M|100/100
|-activate|p1a: Incineroar|move: Sticky Web
|-unboost|p1a: Incineroar|spe|1
|-ability|p1a: Incineroar|Intimidate|boost
|-unboost|p2a: Ogerpon|atk|1
|turn|47
|
|t:|1779702277
|-terastallize|p1a: Incineroar|Fairy
|move|p2a: Ogerpon|U-turn|p1a: Incineroar
|-resisted|p1a: Incineroar
|-damage|p1a: Incineroar|92/100
|
|t:|1779702280
|switch|p2a: Clefable|Clefable, F|100/100|[from] U-turn
|move|p1a: Incineroar|Will-O-Wisp|p2a: Clefable
|-status|p2a: Clefable|brn
|
|upkeep
|turn|48
|
|t:|1779702288
|switch|p1a: Alomomola|Alomomola, F|100/100
|-activate|p1a: Alomomola|move: Sticky Web
|-unboost|p1a: Alomomola|spe|1
|move|p2a: Clefable|Wish|p2a: Clefable
|
|upkeep
|turn|49
|
|t:|1779702293
|switch|p2a: Ogerpon|Ogerpon-Wellspring-Tera, F, tera:Water|80/100
|-ability|p2a: Ogerpon|Embody Aspect (Wellspring)|boost
|-boost|p2a: Ogerpon|spd|1
|move|p1a: Alomomola|Wish|p1a: Alomomola
|
|-heal|p2a: Ogerpon|100/100|[from] move: Wish|[wisher] Clefable
|upkeep
|turn|50
|
|t:|1779702297
|switch|p1a: Incineroar|Incineroar, M, tera:Fairy|92/100
|-activate|p1a: Incineroar|move: Sticky Web
|-unboost|p1a: Incineroar|spe|1
|-ability|p1a: Incineroar|Intimidate|boost
|-unboost|p2a: Ogerpon|atk|1
|move|p2a: Ogerpon|Ivy Cudgel|p1a: Incineroar|[anim] Ivy Cudgel Water
|-crit|p1a: Incineroar
|-damage|p1a: Incineroar|0 fnt
|faint|p1a: Incineroar
|
|upkeep
|-message|Shubway forfeited.
|
|win|JihoonLee
|raw|Shubway's rating: 1418 &rarr; <strong>1395</strong><br />(-23 for losing)
|raw|JihoonLee's rating: 1358 &rarr; <strong>1381</strong><br />(+23 for winning)
|l|☆Shubway
|player|p1|
|l|‽JihoonLee
|player|p2|
