|j|☆huuuehuueekk
|j|☆Spongenoodles
|t:|1779604066
|gametype|singles
|player|p1|huuuehuueekk|steven|1360
|player|p2|Spongenoodles|red|1354
|gen|9
|tier|[Gen 9] OU
|rated|
|rule|HP Percentage Mod: HP is shown in percentages
|rule|Endless Battle Clause: Forcing endless battles is banned
|rule|Species Clause: Limit one of each Pokémon
|rule|OHKO Clause: OHKO moves are banned
|rule|Evasion Items Clause: Evasion items are banned
|rule|Evasion Moves Clause: Evasion moves are banned
|rule|Evasion Abilities Clause: Evasion abilities are banned
|rule|Sleep Moves Clause: Sleep-inducing moves are banned
|clearpoke
|poke|p1|Suicune|
|poke|p1|Dragonite, M|
|poke|p1|Cinderace, M|
|poke|p1|Zamazenta-*|
|poke|p1|Zapdos-Galar|
|poke|p1|Hydrapple, M|
|poke|p2|Clefable, M|
|poke|p2|Torkoal, F|
|poke|p2|Walking Wake|
|poke|p2|Alomomola, M|
|poke|p2|Arcanine-Hisui, M|
|poke|p2|Corviknight, F|
|teampreview
|inactive|Battle timer is ON: inactive players will automatically lose when time's up. (requested by huuuehuueekk)
|
|t:|1779604086
|teamsize|p1|6
|teamsize|p2|6
|start
|switch|p1a: Zapdos|Zapdos-Galar|100/100
|switch|p2a: Torkoal|Torkoal, F|100/100
|-weather|SunnyDay|[from] ability: Drought|[of] p2a: Torkoal
|turn|1
|
|t:|1779604092
|move|p1a: Zapdos|Substitute|p1a: Zapdos
|-start|p1a: Zapdos|Substitute
|-damage|p1a: Zapdos|76/100
|move|p2a: Torkoal|Will-O-Wisp||[still]
|-fail|p2a: Torkoal
|
|-weather|SunnyDay|[upkeep]
|-heal|p1a: Zapdos|82/100|[from] item: Leftovers
|upkeep
|turn|2
|
|t:|1779604098
|switch|p2a: Corviknight|Corviknight, F|100/100
|move|p1a: Zapdos|Thunderous Kick|p2a: Corviknight
|-damage|p2a: Corviknight|74/100
|-ability|p2a: Corviknight|Mirror Armor
|-unboost|p1a: Zapdos|def|1
|-ability|p1a: Zapdos|Defiant|boost
|-boost|p1a: Zapdos|atk|2
|-damage|p1a: Zapdos|65/100|[from] item: Rocky Helmet|[of] p2a: Corviknight
|
|-weather|SunnyDay|[upkeep]
|-heal|p1a: Zapdos|72/100|[from] item: Leftovers
|upkeep
|turn|3
|
|t:|1779604108
|move|p1a: Zapdos|Thunderous Kick|p2a: Corviknight
|-damage|p2a: Corviknight|18/100
|-ability|p2a: Corviknight|Mirror Armor
|-unboost|p1a: Zapdos|def|1
|-ability|p1a: Zapdos|Defiant|boost
|-boost|p1a: Zapdos|atk|2
|-damage|p1a: Zapdos|55/100|[from] item: Rocky Helmet|[of] p2a: Corviknight
|move|p2a: Corviknight|Brave Bird|p1a: Zapdos
|-supereffective|p1a: Zapdos
|-end|p1a: Zapdos|Substitute
|-damage|p2a: Corviknight|11/100|[from] Recoil|[of] p1a: Zapdos
|
|-weather|SunnyDay|[upkeep]
|-heal|p1a: Zapdos|61/100|[from] item: Leftovers
|upkeep
|turn|4
|
|t:|1779604118
|move|p1a: Zapdos|Knock Off|p2a: Corviknight
|-damage|p2a: Corviknight|0 fnt
|-damage|p1a: Zapdos|45/100|[from] item: Rocky Helmet|[of] p2a: Corviknight
|-enditem|p2a: Corviknight|Rocky Helmet|[from] move: Knock Off|[of] p1a: Zapdos
|faint|p2a: Corviknight
|
|-weather|SunnyDay|[upkeep]
|-heal|p1a: Zapdos|51/100|[from] item: Leftovers
|upkeep
|
|t:|1779604120
|switch|p2a: Clefable|Clefable, M|100/100
|turn|5
|
|t:|1779604131
|switch|p1a: Cinderace|Cinderace, M|100/100
|move|p2a: Clefable|Draining Kiss|p1a: Cinderace
|-resisted|p1a: Cinderace
|-damage|p1a: Cinderace|89/100
|
|-weather|SunnyDay|[upkeep]
|upkeep
|turn|6
|
|t:|1779604137
|switch|p2a: Alomomola|Alomomola, M|100/100
|move|p1a: Cinderace|Pyro Ball|p2a: Alomomola
|-resisted|p2a: Alomomola
|-damage|p2a: Alomomola|68/100
|
|-weather|SunnyDay|[upkeep]
|upkeep
|turn|7
|
|t:|1779604142
|move|p1a: Cinderace|U-turn|p2a: Alomomola
|-start|p1a: Cinderace|typechange|Bug|[from] ability: Libero
|-damage|p2a: Alomomola|42/100
|
|t:|1779604147
|switch|p1a: Hydrapple|Hydrapple, M|100/100|[from] U-turn
|move|p2a: Alomomola|Flip Turn|p1a: Hydrapple
|-resisted|p1a: Hydrapple
|-damage|p1a: Hydrapple|99/100
|-damage|p2a: Alomomola|25/100|[from] item: Rocky Helmet|[of] p1a: Hydrapple
|
|t:|1779604152
|switch|p2a: Arcanine|Arcanine-Hisui, M|100/100|[from] Flip Turn
|
|-weather|SunnyDay|[upkeep]
|upkeep
|turn|8
|
|t:|1779604160
|move|p2a: Arcanine|Flare Blitz|p1a: Hydrapple
|-damage|p1a: Hydrapple|41/100
|-damage|p2a: Arcanine|84/100|[from] item: Rocky Helmet|[of] p1a: Hydrapple
|-damage|p2a: Arcanine|74/100|[from] item: Life Orb
|move|p1a: Hydrapple|Earth Power|p2a: Arcanine
|-supereffective|p2a: Arcanine
|-damage|p2a: Arcanine|0 fnt
|faint|p2a: Arcanine
|
|-weather|none
|upkeep
|
|t:|1779604171
|switch|p2a: Walking Wake|Walking Wake|100/100
|turn|9
|
|t:|1779604177
|-end|p2a: Walking Wake|Protosynthesis|[silent]
|switch|p2a: Torkoal|Torkoal, F|100/100
|-weather|SunnyDay|[from] ability: Drought|[of] p2a: Torkoal
|switch|p1a: Suicune|Suicune, shiny|100/100
|-ability|p1a: Suicune|Pressure
|
|-weather|SunnyDay|[upkeep]
|upkeep
|turn|10
|
|t:|1779604188
|move|p1a: Suicune|Calm Mind|p1a: Suicune
|-boost|p1a: Suicune|spa|1
|-boost|p1a: Suicune|spd|1
|move|p2a: Torkoal|Body Press|p1a: Suicune
|-damage|p1a: Suicune|85/100
|
|-weather|SunnyDay|[upkeep]
|-heal|p1a: Suicune|91/100|[from] item: Leftovers
|upkeep
|turn|11
|
|t:|1779604192
|switch|p2a: Clefable|Clefable, M|100/100
|move|p1a: Suicune|Scald|p2a: Clefable
|-damage|p2a: Clefable|89/100
|-status|p2a: Clefable|brn
|
|-weather|SunnyDay|[upkeep]
|-heal|p1a: Suicune|98/100|[from] item: Leftovers
|-heal|p2a: Clefable|95/100 brn|[from] item: Leftovers
|-damage|p2a: Clefable|89/100 brn|[from] brn
|upkeep
|turn|12
|
|t:|1779604198
|switch|p1a: Cinderace|Cinderace, M|89/100
|move|p2a: Clefable|Calm Mind|p2a: Clefable
|-boost|p2a: Clefable|spa|1
|-boost|p2a: Clefable|spd|1
|
|-weather|SunnyDay|[upkeep]
|-heal|p2a: Clefable|95/100 brn|[from] item: Leftovers
|-damage|p2a: Clefable|89/100 brn|[from] brn
|upkeep
|turn|13
|
|t:|1779604203
|move|p1a: Cinderace|Pyro Ball|p2a: Clefable
|-damage|p2a: Clefable|23/100 brn
|move|p2a: Clefable|Calm Mind|p2a: Clefable
|-boost|p2a: Clefable|spa|1
|-boost|p2a: Clefable|spd|1
|
|-weather|SunnyDay|[upkeep]
|-heal|p2a: Clefable|29/100 brn|[from] item: Leftovers
|-damage|p2a: Clefable|23/100 brn|[from] brn
|upkeep
|turn|14
|
|t:|1779604206
|move|p1a: Cinderace|Pyro Ball|p2a: Clefable
|-damage|p2a: Clefable|0 fnt
|faint|p2a: Clefable
|
|-weather|SunnyDay|[upkeep]
|upkeep
|
|t:|1779604208
|switch|p2a: Walking Wake|Walking Wake|100/100
|-activate|p2a: Walking Wake|ability: Protosynthesis
|-start|p2a: Walking Wake|protosynthesisspa
|turn|15
|
|t:|1779604211
|-terastallize|p2a: Walking Wake|Water
|move|p1a: Cinderace|U-turn|p2a: Walking Wake
|-start|p1a: Cinderace|typechange|Bug|[from] ability: Libero
|-damage|p2a: Walking Wake|57/100
|
|t:|1779604217
|switch|p1a: Hydrapple|Hydrapple, M|74/100|[from] U-turn
|move|p2a: Walking Wake|Hydro Steam|p1a: Hydrapple
|-resisted|p1a: Hydrapple
|-damage|p1a: Hydrapple|37/100
|
|-weather|SunnyDay|[upkeep]
|upkeep
|turn|16
|
|t:|1779604225
|move|p2a: Walking Wake|Hydro Steam|p1a: Hydrapple
|-resisted|p1a: Hydrapple
|-damage|p1a: Hydrapple|0 fnt
|faint|p1a: Hydrapple
|
|-weather|none
|-end|p2a: Walking Wake|Protosynthesis
|upkeep
|
|t:|1779604236
|switch|p1a: Dragonite|Dragonite, M, shiny|100/100
|turn|17
|
|t:|1779604238
|-end|p2a: Walking Wake|Protosynthesis|[silent]
|switch|p2a: Torkoal|Torkoal, F|100/100
|-weather|SunnyDay|[from] ability: Drought|[of] p2a: Torkoal
|move|p1a: Dragonite|Dragon Dance|p1a: Dragonite
|-boost|p1a: Dragonite|atk|1
|-boost|p1a: Dragonite|spe|1
|
|-weather|SunnyDay|[upkeep]
|upkeep
|turn|18
|
|t:|1779604243
|move|p1a: Dragonite|Earthquake|p2a: Torkoal
|-supereffective|p2a: Torkoal
|-damage|p2a: Torkoal|23/100
|move|p2a: Torkoal|Will-O-Wisp|p1a: Dragonite
|-status|p1a: Dragonite|brn
|
|-weather|SunnyDay|[upkeep]
|-damage|p1a: Dragonite|94/100 brn|[from] brn
|upkeep
|turn|19
|
|t:|1779604248
|move|p1a: Dragonite|Dragon Claw|p2a: Torkoal
|-damage|p2a: Torkoal|1/100
|move|p2a: Torkoal|Overheat|p1a: Dragonite
|-resisted|p1a: Dragonite
|-damage|p1a: Dragonite|58/100 brn
|-unboost|p2a: Torkoal|spa|2
|
|-weather|SunnyDay|[upkeep]
|-damage|p1a: Dragonite|52/100 brn|[from] brn
|upkeep
|turn|20
|
|t:|1779604252
|move|p1a: Dragonite|Dragon Claw|p2a: Torkoal
|-damage|p2a: Torkoal|0 fnt
|faint|p2a: Torkoal
|
|-weather|SunnyDay|[upkeep]
|-damage|p1a: Dragonite|45/100 brn|[from] brn
|upkeep
|
|t:|1779604258
|switch|p2a: Alomomola|Alomomola, M|59/100
|turn|21
|
|t:|1779604263
|move|p1a: Dragonite|Dragon Dance|p1a: Dragonite
|-boost|p1a: Dragonite|atk|1
|-boost|p1a: Dragonite|spe|1
|move|p2a: Alomomola|Blizzard|p1a: Dragonite
|-supereffective|p1a: Dragonite
|-damage|p1a: Dragonite|0 fnt
|faint|p1a: Dragonite
|
|-weather|SunnyDay|[upkeep]
|upkeep
|
|t:|1779604269
|switch|p1a: Suicune|Suicune, shiny|98/100
|-ability|p1a: Suicune|Pressure
|turn|22
|
|t:|1779604274
|move|p1a: Suicune|Calm Mind|p1a: Suicune
|-boost|p1a: Suicune|spa|1
|-boost|p1a: Suicune|spd|1
|move|p2a: Alomomola|Flip Turn|p1a: Suicune
|-resisted|p1a: Suicune
|-damage|p1a: Suicune|96/100
|
|t:|1779604276
|switch|p2a: Walking Wake|Walking Wake, tera:Water|57/100|[from] Flip Turn
|-activate|p2a: Walking Wake|ability: Protosynthesis
|-start|p2a: Walking Wake|protosynthesisspa
|
|-weather|SunnyDay|[upkeep]
|-heal|p1a: Suicune|100/100|[from] item: Leftovers
|upkeep
|turn|23
|
|t:|1779604280
|-terastallize|p1a: Suicune|Fairy
|move|p2a: Walking Wake|Hydro Steam|p1a: Suicune
|-damage|p1a: Suicune|19/100
|move|p1a: Suicune|Scald|p2a: Walking Wake
|-resisted|p2a: Walking Wake
|-damage|p2a: Walking Wake|45/100
|
|-weather|SunnyDay|[upkeep]
|-heal|p1a: Suicune|25/100|[from] item: Leftovers
|upkeep
|turn|24
|
|t:|1779604286
|move|p2a: Walking Wake|Hydro Steam|p1a: Suicune
|-damage|p1a: Suicune|0 fnt
|faint|p1a: Suicune
|
|-weather|none
|-end|p2a: Walking Wake|Protosynthesis
|upkeep
|
|t:|1779604290
|switch|p1a: Zamazenta|Zamazenta|100/100
|-ability|p1a: Zamazenta|Dauntless Shield|boost
|-boost|p1a: Zamazenta|def|1
|turn|25
|
|t:|1779604293
|-end|p2a: Walking Wake|Protosynthesis|[silent]
|switch|p2a: Alomomola|Alomomola, M|92/100
|move|p1a: Zamazenta|Body Press|p2a: Alomomola
|-damage|p2a: Alomomola|54/100
|
|upkeep
|turn|26
|
|t:|1779604300
|move|p1a: Zamazenta|Substitute|p1a: Zamazenta
|-start|p1a: Zamazenta|Substitute
|-damage|p1a: Zamazenta|76/100
|move|p2a: Alomomola|Scald|p1a: Zamazenta
|-activate|p1a: Zamazenta|move: Substitute|[damage]
|
|-heal|p1a: Zamazenta|82/100|[from] item: Leftovers
|upkeep
|turn|27
|
|t:|1779604302
|move|p1a: Zamazenta|Iron Defense|p1a: Zamazenta
|-boost|p1a: Zamazenta|def|2
|move|p2a: Alomomola|Scald|p1a: Zamazenta
|-activate|p1a: Zamazenta|move: Substitute|[damage]
|
|-heal|p1a: Zamazenta|88/100|[from] item: Leftovers
|upkeep
|turn|28
|-message|Spongenoodles forfeited.
|
|win|huuuehuueekk
|raw|huuuehuueekk's rating: 1360 &rarr; <strong>1380</strong><br />(+20 for winning)
|raw|Spongenoodles's rating: 1354 &rarr; <strong>1334</strong><br />(-20 for losing)
|l|☆Spongenoodles
|player|p2|
|l|☆huuuehuueekk
|player|p1|
