|j|☆MisterL47
|j|☆Speedrunit9
|t:|1779620674
|gametype|singles
|player|p1|MisterL47|veteran|1079
|player|p2|Speedrunit9|1|1111
|gen|9
|tier|[Gen 9] OU
|rated|
|rule|HP Percentage Mod: HP is shown in percentages
|rule|Endless Battle Clause: Forcing endless battles is banned
|rule|Species Clause: Limit one of each Pokémon
|rule|OHKO Clause: OHKO moves are banned
|rule|Evasion Items Clause: Evasion items are banned
|rule|Evasion Moves Clause: Evasion moves are banned
|rule|Evasion Abilities Clause: Evasion abilities are banned
|rule|Sleep Moves Clause: Sleep-inducing moves are banned
|clearpoke
|poke|p1|Garganacl, M|
|poke|p1|Gliscor, M|
|poke|p1|Mabosstiff, M|
|poke|p1|Serperior, F|
|poke|p1|Ceruledge, F|
|poke|p1|Lokix, F|
|poke|p2|Tauros-Paldea-Aqua, M|
|poke|p2|Meowscarada, F|
|poke|p2|Pecharunt|
|poke|p2|Ursaluna, F|
|poke|p2|Arcanine-Hisui, F|
|poke|p2|Excadrill, F|
|teampreview
|inactive|Battle timer is ON: inactive players will automatically lose when time's up. (requested by Speedrunit9)
|
|t:|1779620680
|teamsize|p1|6
|teamsize|p2|6
|start
|switch|p1a: Big boss|Mabosstiff, M|100/100
|switch|p2a: Tauros|Tauros-Paldea-Aqua, M|100/100
|turn|1
|
|t:|1779620697
|move|p2a: Tauros|Trailblaze|p1a: Big boss
|-damage|p1a: Big boss|84/100
|-boost|p2a: Tauros|spe|1
|move|p1a: Big boss|Psychic Fangs|p2a: Tauros
|-supereffective|p2a: Tauros
|-damage|p2a: Tauros|37/100
|
|upkeep
|turn|2
|
|t:|1779620709
|move|p2a: Tauros|Endure|p2a: Tauros
|-singleturn|p2a: Tauros|move: Endure
|move|p1a: Big boss|Comeuppance||[still]
|-fail|p1a: Big boss
|
|upkeep
|turn|3
|
|t:|1779620717
|move|p2a: Tauros|Reversal|p1a: Big boss
|-supereffective|p1a: Big boss
|-damage|p1a: Big boss|43/100
|move|p1a: Big boss|Psychic Fangs|p2a: Tauros
|-supereffective|p2a: Tauros
|-damage|p2a: Tauros|0 fnt
|faint|p2a: Tauros
|
|upkeep
|
|t:|1779620726
|switch|p2a: Excadrill|Excadrill, F|100/100
|-ability|p2a: Excadrill|Mold Breaker
|-item|p2a: Excadrill|Air Balloon
|turn|4
|
|t:|1779620733
|move|p2a: Excadrill|Swords Dance|p2a: Excadrill
|-boost|p2a: Excadrill|atk|2
|move|p1a: Big boss|Comeuppance||[still]
|-fail|p1a: Big boss
|
|upkeep
|turn|5
|
|t:|1779620739
|move|p2a: Excadrill|Swords Dance|p2a: Excadrill
|-boost|p2a: Excadrill|atk|2
|move|p1a: Big boss|Comeuppance||[still]
|-fail|p1a: Big boss
|
|upkeep
|turn|6
|
|t:|1779620747
|move|p2a: Excadrill|Drill Run|p1a: Big boss
|-damage|p1a: Big boss|0 fnt
|faint|p1a: Big boss
|
|upkeep
|
|t:|1779620756
|switch|p1a: Gliscor|Gliscor, M|100/100
|turn|7
|
|t:|1779620765
|move|p1a: Gliscor|Protect|p1a: Gliscor
|-singleturn|p1a: Gliscor|Protect
|move|p2a: Excadrill|Poison Jab|p1a: Gliscor
|-activate|p1a: Gliscor|move: Protect
|
|-status|p1a: Gliscor|tox|[from] item: Toxic Orb
|upkeep
|turn|8
|
|t:|1779620774
|move|p2a: Excadrill|Rapid Spin|p1a: Gliscor
|-damage|p1a: Gliscor|54/100 tox
|-boost|p2a: Excadrill|spe|1
|move|p1a: Gliscor|Knock Off|p2a: Excadrill
|-damage|p2a: Excadrill|66/100
|-enditem|p2a: Excadrill|Air Balloon
|
|-heal|p1a: Gliscor|66/100 tox|[from] ability: Poison Heal
|upkeep
|turn|9
|
|t:|1779620785
|move|p2a: Excadrill|Poison Jab|p1a: Gliscor
|-resisted|p1a: Gliscor
|-damage|p1a: Gliscor|30/100 tox
|move|p1a: Gliscor|Earthquake|p2a: Excadrill
|-supereffective|p2a: Excadrill
|-damage|p2a: Excadrill|0 fnt
|faint|p2a: Excadrill
|
|-heal|p1a: Gliscor|43/100 tox|[from] ability: Poison Heal
|upkeep
|
|t:|1779620790
|switch|p2a: Meowscarada|Meowscarada, F|100/100
|turn|10
|l|☆MisterL47
|inactive|MisterL47 disconnected and has a minute to reconnect!
|player|p1|
|j|☆MisterL47
|inactive|MisterL47 reconnected and has 120 seconds left.
|player|p1|MisterL47|veteran|
|
|t:|1779620824
|move|p1a: Gliscor|Protect|p1a: Gliscor
|-singleturn|p1a: Gliscor|Protect
|move|p2a: Meowscarada|Triple Axel|p1a: Gliscor
|-start|p2a: Meowscarada|typechange|Ice|[from] ability: Protean
|-activate|p1a: Gliscor|move: Protect
|
|-heal|p1a: Gliscor|55/100 tox|[from] ability: Poison Heal
|upkeep
|turn|11
|inactive|MisterL47 has 120 seconds left.
|
|t:|1779620858
|switch|p1a: Lokix|Lokix, F|100/100
|move|p2a: Meowscarada|Triple Axel|p1a: Lokix
|-damage|p1a: Lokix|85/100
|-damage|p1a: Lokix|50/100
|-damage|p1a: Lokix|0 fnt
|faint|p1a: Lokix
|-hitcount|p1: Lokix|3
|-damage|p2a: Meowscarada|91/100|[from] item: Life Orb
|
|upkeep
|inactive|MisterL47 has 90 seconds left.
|
|t:|1779620875
|switch|p1a: Garganacl|Garganacl, M|100/100
|turn|12
|
|t:|1779620884
|move|p2a: Meowscarada|Flower Trick|p1a: Garganacl
|-supereffective|p1a: Garganacl
|-crit|p1a: Garganacl
|-damage|p1a: Garganacl|50/100
|-damage|p2a: Meowscarada|81/100|[from] item: Life Orb
|move|p1a: Garganacl|Body Press|p2a: Meowscarada
|-supereffective|p2a: Meowscarada
|-damage|p2a: Meowscarada|0 fnt
|faint|p2a: Meowscarada
|
|upkeep
|
|t:|1779620894
|switch|p2a: Arcanine|Arcanine-Hisui, F|100/100
|turn|13
|
|t:|1779620909
|move|p2a: Arcanine|Head Smash|p1a: Garganacl
|-crit|p1a: Garganacl
|-damage|p1a: Garganacl|0 fnt
|faint|p1a: Garganacl
|
|upkeep
|
|t:|1779620915
|switch|p1a: Gliscor|Gliscor, M|55/100 tox
|turn|14
|
|t:|1779620921
|move|p2a: Arcanine|Head Smash|p1a: Gliscor
|-damage|p1a: Gliscor|0 fnt
|faint|p1a: Gliscor
|
|upkeep
|
|t:|1779620926
|switch|p1a: Serperior|Serperior, F|100/100
|turn|15
|
|t:|1779620930
|switch|p2a: Pecharunt|Pecharunt|100/100
|-terastallize|p1a: Serperior|Grass
|move|p1a: Serperior|Leaf Storm|p2a: Pecharunt
|-resisted|p2a: Pecharunt
|-damage|p2a: Pecharunt|58/100
|-boost|p1a: Serperior|spa|2
|
|-heal|p2a: Pecharunt|64/100|[from] item: Black Sludge
|upkeep
|turn|16
|inactive|MisterL47 has 120 seconds left.
|
|t:|1779620942
|move|p1a: Serperior|Leaf Storm|p2a: Pecharunt
|-resisted|p2a: Pecharunt
|-damage|p2a: Pecharunt|0 fnt
|-boost|p1a: Serperior|spa|2
|faint|p2a: Pecharunt
|
|upkeep
|
|t:|1779620948
|switch|p2a: Ursaluna|Ursaluna, F|100/100
|turn|17
|
|t:|1779620953
|move|p1a: Serperior|Leaf Storm|p2a: Ursaluna
|-supereffective|p2a: Ursaluna
|-damage|p2a: Ursaluna|0 fnt
|-boost|p1a: Serperior|spa|2
|faint|p2a: Ursaluna
|
|upkeep
|
|t:|1779620955
|switch|p2a: Arcanine|Arcanine-Hisui, F|100/100
|turn|18
|
|t:|1779620963
|-terastallize|p2a: Arcanine|Fire
|move|p2a: Arcanine|Head Smash|p1a: Serperior
|-damage|p1a: Serperior|0 fnt
|faint|p1a: Serperior
|
|upkeep
|
|t:|1779620969
|switch|p1a: Ceruledge|Ceruledge, F|100/100
|turn|19
|
|t:|1779620974
|move|p2a: Arcanine|Head Smash|p1a: Ceruledge
|-supereffective|p1a: Ceruledge
|-damage|p1a: Ceruledge|0 fnt
|faint|p1a: Ceruledge
|
|win|Speedrunit9
|raw|MisterL47's rating: 1079 &rarr; <strong>1059</strong><br />(-20 for losing)
|raw|Speedrunit9's rating: 1111 &rarr; <strong>1134</strong><br />(+23 for winning)
|l|☆Speedrunit9
|player|p2|
|l|☆MisterL47
|player|p1|
