|j|☆megablizou
|j|☆itkenreiza
|t:|1779674648
|gametype|singles
|player|p1|megablizou|steven|1237
|player|p2|itkenreiza|101|1234
|gen|9
|tier|[Gen 9] OU
|rated|
|rule|HP Percentage Mod: HP is shown in percentages
|rule|Endless Battle Clause: Forcing endless battles is banned
|rule|Species Clause: Limit one of each Pokémon
|rule|OHKO Clause: OHKO moves are banned
|rule|Evasion Items Clause: Evasion items are banned
|rule|Evasion Moves Clause: Evasion moves are banned
|rule|Evasion Abilities Clause: Evasion abilities are banned
|rule|Sleep Moves Clause: Sleep-inducing moves are banned
|clearpoke
|poke|p1|Darkrai|
|poke|p1|Alomomola, M|
|poke|p1|Ogerpon-Wellspring, F|
|poke|p1|Iron Valiant|
|poke|p1|Glimmora, F|
|poke|p1|Great Tusk|
|poke|p2|Cryogonal|
|poke|p2|Darkrai|
|poke|p2|Ogerpon, F|
|poke|p2|Iron Crown|
|poke|p2|Dragapult, F|
|poke|p2|Araquanid, F|
|teampreview
|inactive|Battle timer is ON: inactive players will automatically lose when time's up. (requested by itkenreiza)
|
|t:|1779674656
|teamsize|p1|6
|teamsize|p2|6
|start
|switch|p1a: Glimmora|Glimmora, F|100/100
|switch|p2a: Araquanid|Araquanid, F|100/100
|-item|p1a: Glimmora|Air Balloon
|turn|1
|
|t:|1779674663
|move|p1a: Glimmora|Mortal Spin|p2a: Araquanid
|-damage|p2a: Araquanid|95/100
|-status|p2a: Araquanid|psn
|move|p2a: Araquanid|Liquidation|p1a: Glimmora
|-supereffective|p1a: Glimmora
|-damage|p1a: Glimmora|0 fnt
|-activate|p1a: Glimmora|ability: Toxic Debris
|-sidestart|p2: itkenreiza|move: Toxic Spikes
|-enditem|p1a: Glimmora|Air Balloon
|faint|p1a: Glimmora
|
|-damage|p2a: Araquanid|83/100 psn|[from] psn
|upkeep
|
|t:|1779674682
|switch|p1a: Ogerpon|Ogerpon-Wellspring, F|100/100
|turn|2
|
|t:|1779674686
|-terastallize|p1a: Ogerpon|Water
|detailschange|p1a: Ogerpon|Ogerpon-Wellspring-Tera, F, tera:Water
|-ability|p1a: Ogerpon|Embody Aspect (Wellspring)|boost
|-boost|p1a: Ogerpon|spd|1
|move|p1a: Ogerpon|Knock Off|p2a: Araquanid
|-damage|p2a: Araquanid|40/100 psn
|-enditem|p2a: Araquanid|Custap Berry|[from] move: Knock Off|[of] p1a: Ogerpon
|move|p2a: Araquanid|Lunge|p1a: Ogerpon
|-damage|p1a: Ogerpon|64/100
|-unboost|p1a: Ogerpon|atk|1
|
|-damage|p2a: Araquanid|28/100 psn|[from] psn
|upkeep
|turn|3
|
|t:|1779674699
|move|p1a: Ogerpon|U-turn|p2a: Araquanid
|-damage|p2a: Araquanid|8/100 psn
|
|t:|1779674702
|switch|p1a: Alomomola|Alomomola, M|100/100|[from] U-turn
|move|p2a: Araquanid|Lunge|p1a: Alomomola
|-damage|p1a: Alomomola|75/100
|-unboost|p1a: Alomomola|atk|1
|
|-damage|p2a: Araquanid|0 fnt|[from] psn
|faint|p2a: Araquanid
|upkeep
|
|t:|1779674705
|switch|p2a: Cry or Mog|Cryogonal|100/100
|turn|4
|
|t:|1779674715
|move|p2a: Cry or Mog|Rapid Spin|p1a: Alomomola
|-damage|p1a: Alomomola|71/100
|-boost|p2a: Cry or Mog|spe|1
|-sideend|p2: itkenreiza|Toxic Spikes|[from] move: Rapid Spin|[of] p2a: Cry or Mog
|move|p1a: Alomomola|Flip Turn|p2a: Cry or Mog
|-damage|p2a: Cry or Mog|83/100
|
|t:|1779674729
|switch|p1a: Iron Valiant|Iron Valiant|100/100|[from] Flip Turn
|
|upkeep
|turn|5
|
|t:|1779674735
|switch|p2a: Dragapult|Dragapult, F|100/100
|move|p1a: Iron Valiant|Aura Sphere|p2a: Dragapult
|-immune|p2a: Dragapult
|
|upkeep
|turn|6
|
|t:|1779674741
|-end|p1a: Iron Valiant|Quark Drive|[silent]
|switch|p1a: Alomomola|Alomomola, M|100/100
|move|p2a: Dragapult|U-turn|p1a: Alomomola
|-damage|p1a: Alomomola|74/100
|
|t:|1779674744
|switch|p2a: Ogerpon|Ogerpon, F|100/100|[from] U-turn
|
|upkeep
|turn|7
|
|t:|1779674753
|move|p2a: Ogerpon|Ivy Cudgel|p1a: Alomomola
|-supereffective|p1a: Alomomola
|-crit|p1a: Alomomola
|-damage|p1a: Alomomola|0 fnt
|faint|p1a: Alomomola
|
|upkeep
|
|t:|1779674763
|switch|p1a: Darkrai|Darkrai|100/100
|turn|8
|
|t:|1779674770
|switch|p2a: Cry or Mog|Cryogonal|83/100
|move|p1a: Darkrai|Ice Beam|p2a: Cry or Mog
|-resisted|p2a: Cry or Mog
|-damage|p2a: Cry or Mog|70/100
|-damage|p1a: Darkrai|91/100|[from] item: Life Orb
|
|upkeep
|turn|9
|
|t:|1779674780
|move|p1a: Darkrai|Dark Pulse|p2a: Cry or Mog
|-damage|p2a: Cry or Mog|36/100
|-damage|p1a: Darkrai|81/100|[from] item: Life Orb
|move|p2a: Cry or Mog|Recover|p2a: Cry or Mog
|-heal|p2a: Cry or Mog|86/100
|
|upkeep
|turn|10
|
|t:|1779674787
|move|p1a: Darkrai|Nasty Plot|p1a: Darkrai
|-boost|p1a: Darkrai|spa|2
|move|p2a: Cry or Mog|Freeze-Dry|p1a: Darkrai
|-damage|p1a: Darkrai|48/100
|
|upkeep
|turn|11
|
|t:|1779674794
|move|p1a: Darkrai|Dark Pulse|p2a: Cry or Mog
|-damage|p2a: Cry or Mog|17/100
|-damage|p1a: Darkrai|38/100|[from] item: Life Orb
|move|p2a: Cry or Mog|Haze|p2a: Cry or Mog
|-clearallboost
|
|upkeep
|turn|12
|
|t:|1779674801
|move|p1a: Darkrai|Dark Pulse|p2a: Cry or Mog
|-damage|p2a: Cry or Mog|0 fnt
|faint|p2a: Cry or Mog
|-damage|p1a: Darkrai|29/100|[from] item: Life Orb
|
|upkeep
|
|t:|1779674804
|switch|p2a: Dragapult|Dragapult, F|100/100
|turn|13
|
|t:|1779674809
|move|p2a: Dragapult|U-turn|p1a: Darkrai
|-supereffective|p1a: Darkrai
|-damage|p1a: Darkrai|0 fnt
|faint|p1a: Darkrai
|
|t:|1779674812
|switch|p2a: Ogerpon|Ogerpon, F|100/100|[from] U-turn
|
|upkeep
|
|t:|1779674819
|switch|p1a: Great Tusk|Great Tusk|100/100
|turn|14
|
|t:|1779674826
|-terastallize|p2a: Ogerpon|Grass
|detailschange|p2a: Ogerpon|Ogerpon-Teal-Tera, F, tera:Grass
|-ability|p2a: Ogerpon|Embody Aspect (Teal)|boost
|-boost|p2a: Ogerpon|spe|1
|move|p2a: Ogerpon|Ivy Cudgel|p1a: Great Tusk
|-supereffective|p1a: Great Tusk
|-damage|p1a: Great Tusk|0 fnt
|faint|p1a: Great Tusk
|-end|p1a: Great Tusk|Protosynthesis|[silent]
|
|upkeep
|
|t:|1779674837
|switch|p1a: Iron Valiant|Iron Valiant|100/100
|turn|15
|
|t:|1779674844
|move|p2a: Ogerpon|Ivy Cudgel|p1a: Iron Valiant
|-damage|p1a: Iron Valiant|0 fnt
|faint|p1a: Iron Valiant
|-end|p1a: Iron Valiant|Quark Drive|[silent]
|
|upkeep
|
|t:|1779674849
|switch|p1a: Ogerpon|Ogerpon-Wellspring-Tera, F, tera:Water|64/100
|-ability|p1a: Ogerpon|Embody Aspect (Wellspring)|boost
|-boost|p1a: Ogerpon|spd|1
|turn|16
|
|t:|1779674855
|move|p2a: Ogerpon|Ivy Cudgel|p1a: Ogerpon
|-supereffective|p1a: Ogerpon
|-damage|p1a: Ogerpon|0 fnt
|faint|p1a: Ogerpon
|detailschange|p1: Ogerpon|Ogerpon-Wellspring, F|[silent]
|
|win|itkenreiza
|raw|megablizou's rating: 1237 &rarr; <strong>1212</strong><br />(-25 for losing)
|raw|itkenreiza's rating: 1234 &rarr; <strong>1259</strong><br />(+25 for winning)
|l|☆itkenreiza
|player|p2|
|l|☆megablizou
|player|p1|
