|j|☆ArchStanton47
|j|☆hyfen
|t:|1779598999
|gametype|singles
|player|p1|ArchStanton47|ethan-pokeathlon|1323
|player|p2|hyfen|2|1313
|gen|9
|tier|[Gen 9] OU
|rated|
|rule|HP Percentage Mod: HP is shown in percentages
|rule|Endless Battle Clause: Forcing endless battles is banned
|rule|Species Clause: Limit one of each Pokémon
|rule|OHKO Clause: OHKO moves are banned
|rule|Evasion Items Clause: Evasion items are banned
|rule|Evasion Moves Clause: Evasion moves are banned
|rule|Evasion Abilities Clause: Evasion abilities are banned
|rule|Sleep Moves Clause: Sleep-inducing moves are banned
|clearpoke
|poke|p1|Weezing-Galar, F|
|poke|p1|Hitmonlee, M|
|poke|p1|Hydrapple, M|
|poke|p1|Landorus-Therian, M|
|poke|p1|Hatterene, F|
|poke|p1|Kyurem|
|poke|p2|Raging Bolt|
|poke|p2|Landorus-Therian, M|
|poke|p2|Iron Valiant|
|poke|p2|Iron Moth|
|poke|p2|Meowscarada, F|
|poke|p2|Kyurem|
|teampreview
|inactive|Battle timer is ON: inactive players will automatically lose when time's up. (requested by hyfen)
|
|t:|1779599011
|teamsize|p1|6
|teamsize|p2|6
|start
|switch|p1a: Weezing|Weezing-Galar, F|100/100
|switch|p2a: Meowscarada|Meowscarada, F|100/100
|-fieldstart|move: Misty Terrain|[from] ability: Misty Surge|[of] p1a: Weezing
|turn|1
|
|t:|1779599023
|move|p2a: Meowscarada|U-turn|p1a: Weezing
|-start|p2a: Meowscarada|typechange|Bug|[from] ability: Protean
|-resisted|p1a: Weezing
|-damage|p1a: Weezing|95/100
|
|t:|1779599034
|switch|p2a: Kyurem|Kyurem|100/100|[from] U-turn
|-ability|p2a: Kyurem|Pressure
|move|p1a: Weezing|Clear Smog|p2a: Kyurem
|-damage|p2a: Kyurem|87/100
|-clearboost|p2a: Kyurem
|
|upkeep
|turn|2
|
|t:|1779599050
|switch|p1a: Hitmonlee|Hitmonlee, M|100/100
|-enditem|p1a: Hitmonlee|Misty Seed
|-boost|p1a: Hitmonlee|spd|1|[from] item: Misty Seed
|move|p2a: Kyurem|Dragon Dance|p2a: Kyurem
|-boost|p2a: Kyurem|atk|1
|-boost|p2a: Kyurem|spe|1
|
|upkeep
|turn|3
|
|t:|1779599058
|move|p1a: Hitmonlee|High Jump Kick|p2a: Kyurem
|-supereffective|p2a: Kyurem
|-damage|p2a: Kyurem|0 fnt
|faint|p2a: Kyurem
|
|upkeep
|
|t:|1779599073
|switch|p2a: Raging Bolt|Raging Bolt|100/100
|-enditem|p2a: Raging Bolt|Booster Energy
|-activate|p2a: Raging Bolt|ability: Protosynthesis|[fromitem]
|-start|p2a: Raging Bolt|protosynthesisspa
|turn|4
|
|t:|1779599079
|move|p1a: Hitmonlee|High Jump Kick|p2a: Raging Bolt
|-damage|p2a: Raging Bolt|30/100
|move|p2a: Raging Bolt|Thunderbolt|p1a: Hitmonlee
|-damage|p1a: Hitmonlee|44/100
|
|upkeep
|turn|5
|
|t:|1779599085
|move|p1a: Hitmonlee|High Jump Kick|p2a: Raging Bolt
|-damage|p2a: Raging Bolt|0 fnt
|faint|p2a: Raging Bolt
|-end|p2a: Raging Bolt|Protosynthesis|[silent]
|
|upkeep
|-message|hyfen forfeited.
|
|win|ArchStanton47
|raw|ArchStanton47's rating: 1323 &rarr; <strong>1342</strong><br />(+19 for winning)
|raw|hyfen's rating: 1313 &rarr; <strong>1294</strong><br />(-19 for losing)
|l|☆hyfen
|player|p2|
|l|☆ArchStanton47
|player|p1|
