|j|☆ieoapn
|j|☆Hawesome
|t:|1779564343
|gametype|singles
|player|p1|ieoapn|266|1138
|player|p2|Hawesome|2|1176
|gen|9
|tier|[Gen 9] OU
|rated|
|rule|HP Percentage Mod: HP is shown in percentages
|rule|Endless Battle Clause: Forcing endless battles is banned
|rule|Species Clause: Limit one of each Pokémon
|rule|OHKO Clause: OHKO moves are banned
|rule|Evasion Items Clause: Evasion items are banned
|rule|Evasion Moves Clause: Evasion moves are banned
|rule|Evasion Abilities Clause: Evasion abilities are banned
|rule|Sleep Moves Clause: Sleep-inducing moves are banned
|clearpoke
|poke|p1|Toucannon, M|
|poke|p1|Pecharunt|
|poke|p1|Ting-Lu|
|poke|p1|Raging Bolt|
|poke|p1|Zamazenta-*|
|poke|p1|Primarina, F|
|poke|p2|Milotic, M|
|poke|p2|Zapdos-Galar|
|poke|p2|Pecharunt|
|poke|p2|Ting-Lu|
|poke|p2|Great Tusk|
|poke|p2|Dragapult, F|
|teampreview
|
|t:|1779564362
|teamsize|p1|6
|teamsize|p2|6
|start
|switch|p1a: Primarina|Primarina, F|100/100
|switch|p2a: Ting-Lu|Ting-Lu|100/100
|-ability|p2a: Ting-Lu|Vessel of Ruin
|turn|1
|
|t:|1779564367
|-terastallize|p2a: Ting-Lu|Ghost
|move|p1a: Primarina|Surf|p2a: Ting-Lu
|-damage|p2a: Ting-Lu|76/100
|move|p2a: Ting-Lu|Stealth Rock|p1a: Primarina
|-sidestart|p1: ieoapn|move: Stealth Rock
|
|-heal|p2a: Ting-Lu|83/100|[from] item: Leftovers
|upkeep
|turn|2
|
|t:|1779564373
|move|p1a: Primarina|Flip Turn|p2a: Ting-Lu
|-damage|p2a: Ting-Lu|76/100
|
|t:|1779564383
|switch|p1a: Ting-Lu|Ting-Lu|100/100|[from] Flip Turn
|-damage|p1a: Ting-Lu|94/100|[from] Stealth Rock
|-ability|p1a: Ting-Lu|Vessel of Ruin
|move|p2a: Ting-Lu|Spikes|p1a: Ting-Lu
|-sidestart|p1: ieoapn|Spikes
|
|-heal|p2a: Ting-Lu|82/100|[from] item: Leftovers
|-heal|p1a: Ting-Lu|100/100|[from] item: Leftovers
|upkeep
|turn|3
|
|t:|1779564389
|move|p1a: Ting-Lu|Stealth Rock|p2a: Ting-Lu
|-sidestart|p2: Hawesome|move: Stealth Rock
|move|p2a: Ting-Lu|Spikes|p1a: Ting-Lu
|-sidestart|p1: ieoapn|Spikes
|
|-heal|p2a: Ting-Lu|88/100|[from] item: Leftovers
|upkeep
|turn|4
|
|t:|1779564392
|move|p2a: Ting-Lu|Spikes|p1a: Ting-Lu
|-sidestart|p1: ieoapn|Spikes
|move|p1a: Ting-Lu|Ruination|p2a: Ting-Lu
|-damage|p2a: Ting-Lu|44/100
|
|-heal|p2a: Ting-Lu|50/100|[from] item: Leftovers
|upkeep
|turn|5
|
|t:|1779564396
|move|p1a: Ting-Lu|Earthquake|p2a: Ting-Lu
|-damage|p2a: Ting-Lu|31/100
|move|p2a: Ting-Lu|Whirlwind|p1a: Ting-Lu
|drag|p1a: Primarina|Primarina, F|100/100
|-damage|p1a: Primarina|88/100|[from] Stealth Rock
|-damage|p1a: Primarina|63/100|[from] Spikes
|
|-heal|p2a: Ting-Lu|37/100|[from] item: Leftovers
|upkeep
|turn|6
|
|t:|1779564414
|switch|p2a: Pecharunt|Pecharunt|100/100
|move|p1a: Primarina|Moonblast|p2a: Pecharunt
|-resisted|p2a: Pecharunt
|-damage|p2a: Pecharunt|73/100
|-unboost|p2a: Pecharunt|spa|1
|
|upkeep
|turn|7
|
|t:|1779564420
|move|p2a: Pecharunt|Malignant Chain|p1a: Primarina
|-supereffective|p1a: Primarina
|-damage|p1a: Primarina|35/100
|-status|p1a: Primarina|tox
|-start|p1a: Primarina|confusion|[from] ability: Poison Puppeteer|[of] p2a: Pecharunt
|-activate|p1a: Primarina|confusion
|move|p1a: Primarina|Psychic Noise|p2a: Pecharunt
|-supereffective|p2a: Pecharunt
|-damage|p2a: Pecharunt|14/100
|-start|p2a: Pecharunt|move: Heal Block
|
|-damage|p1a: Primarina|29/100 tox|[from] psn
|upkeep
|turn|8
|
|t:|1779564434
|move|p2a: Pecharunt|Malignant Chain|p1a: Primarina
|-supereffective|p1a: Primarina
|-damage|p1a: Primarina|5/100 tox
|-activate|p1a: Primarina|confusion
|-damage|p1a: Primarina|0 fnt|[from] confusion
|faint|p1a: Primarina
|
|-end|p2a: Pecharunt|move: Heal Block
|upkeep
|
|t:|1779564441
|switch|p1a: Raging Bolt|Raging Bolt|100/100
|turn|9
|
|t:|1779564451
|move|p1a: Raging Bolt|Dragon Pulse|p2a: Pecharunt
|-damage|p2a: Pecharunt|0 fnt
|faint|p2a: Pecharunt
|
|upkeep
|
|t:|1779564470
|switch|p2a: Great Tusk|Great Tusk|100/100
|turn|10
|
|t:|1779564491
|-terastallize|p1a: Raging Bolt|Fairy
|move|p2a: Great Tusk|Headlong Rush|p1a: Raging Bolt
|-damage|p1a: Raging Bolt|40/100
|-unboost|p2a: Great Tusk|def|1
|-unboost|p2a: Great Tusk|spd|1
|move|p1a: Raging Bolt|Dragon Pulse|p2a: Great Tusk
|-damage|p2a: Great Tusk|0 fnt
|faint|p2a: Great Tusk
|-end|p2a: Great Tusk|Protosynthesis|[silent]
|
|upkeep
|
|t:|1779564503
|switch|p2a: Dragapult|Dragapult, F|100/100
|-damage|p2a: Dragapult|88/100|[from] Stealth Rock
|turn|11
|
|t:|1779564519
|-end|p1a: Raging Bolt|Protosynthesis|[silent]
|switch|p1a: Ting-Lu|Ting-Lu|100/100
|-damage|p1a: Ting-Lu|94/100|[from] Stealth Rock
|-damage|p1a: Ting-Lu|69/100|[from] Spikes
|-ability|p1a: Ting-Lu|Vessel of Ruin
|move|p2a: Dragapult|Shadow Ball|p1a: Ting-Lu
|-resisted|p1a: Ting-Lu
|-damage|p1a: Ting-Lu|59/100
|
|-heal|p1a: Ting-Lu|65/100|[from] item: Leftovers
|upkeep
|turn|12
|
|t:|1779564529
|switch|p2a: Ting-Lu|Ting-Lu, tera:Ghost|37/100
|-damage|p2a: Ting-Lu|25/100|[from] Stealth Rock
|-ability|p2a: Ting-Lu|Vessel of Ruin
|move|p1a: Ting-Lu|Ruination|p2a: Ting-Lu
|-damage|p2a: Ting-Lu|13/100
|
|-heal|p1a: Ting-Lu|71/100|[from] item: Leftovers
|-heal|p2a: Ting-Lu|19/100|[from] item: Leftovers
|upkeep
|turn|13
|
|t:|1779564541
|move|p1a: Ting-Lu|Earthquake|p2a: Ting-Lu
|-damage|p2a: Ting-Lu|0 fnt
|faint|p2a: Ting-Lu
|
|-heal|p1a: Ting-Lu|78/100|[from] item: Leftovers
|upkeep
|
|t:|1779564554
|switch|p2a: Zapdos|Zapdos-Galar|100/100
|-damage|p2a: Zapdos|88/100|[from] Stealth Rock
|turn|14
|
|t:|1779564561
|switch|p1a: Pecharunt|Pecharunt|100/100
|move|p2a: Zapdos|Thunderous Kick|p1a: Pecharunt
|-immune|p1a: Pecharunt
|
|upkeep
|turn|15
|
|t:|1779564566
|switch|p2a: Milotic|Milotic, M|100/100
|move|p1a: Pecharunt|Malignant Chain|p2a: Milotic
|-damage|p2a: Milotic|83/100
|
|upkeep
|turn|16
|
|t:|1779564572
|move|p1a: Pecharunt|Malignant Chain|p2a: Milotic
|-damage|p2a: Milotic|68/100
|move|p2a: Milotic|Dragon Tail|p1a: Pecharunt
|-damage|p1a: Pecharunt|97/100
|drag|p1a: Zamazenta|Zamazenta|100/100
|-damage|p1a: Zamazenta|94/100|[from] Stealth Rock
|-damage|p1a: Zamazenta|69/100|[from] Spikes
|-ability|p1a: Zamazenta|Dauntless Shield|boost
|-boost|p1a: Zamazenta|def|1
|
|-heal|p1a: Zamazenta|76/100|[from] item: Leftovers
|upkeep
|turn|17
|
|t:|1779564586
|move|p1a: Zamazenta|Body Press|p2a: Milotic
|-damage|p2a: Milotic|6/100
|move|p2a: Milotic|Alluring Voice|p1a: Zamazenta
|-supereffective|p1a: Zamazenta
|-damage|p1a: Zamazenta|41/100
|
|-heal|p1a: Zamazenta|47/100|[from] item: Leftovers
|upkeep
|turn|18
|
|t:|1779564596
|switch|p2a: Dragapult|Dragapult, F|88/100
|-damage|p2a: Dragapult|76/100|[from] Stealth Rock
|move|p1a: Zamazenta|Crunch|p2a: Dragapult
|-supereffective|p2a: Dragapult
|-damage|p2a: Dragapult|19/100
|
|-heal|p1a: Zamazenta|53/100|[from] item: Leftovers
|upkeep
|turn|19
|
|t:|1779564603
|move|p2a: Dragapult|Draco Meteor|p1a: Zamazenta
|-damage|p1a: Zamazenta|0 fnt
|-unboost|p2a: Dragapult|spa|2
|faint|p1a: Zamazenta
|
|upkeep
|
|t:|1779564606
|switch|p1a: Toucannon|Toucannon, M|100/100
|turn|20
|
|t:|1779564615
|move|p2a: Dragapult|Draco Meteor|p1a: Toucannon
|-crit|p1a: Toucannon
|-damage|p1a: Toucannon|0 fnt
|-unboost|p2a: Dragapult|spa|2
|faint|p1a: Toucannon
|
|upkeep
|
|t:|1779564621
|switch|p1a: Raging Bolt|Raging Bolt, tera:Fairy|40/100
|turn|21
|
|t:|1779564625
|switch|p2a: Milotic|Milotic, M|6/100
|move|p1a: Raging Bolt|Thunderclap||[still]
|-fail|p1a: Raging Bolt
|
|upkeep
|turn|22
|
|t:|1779564632
|move|p1a: Raging Bolt|Thunderbolt|p2a: Milotic
|-supereffective|p2a: Milotic
|-damage|p2a: Milotic|0 fnt
|faint|p2a: Milotic
|
|upkeep
|
|t:|1779564642
|switch|p2a: Zapdos|Zapdos-Galar|88/100
|-damage|p2a: Zapdos|76/100|[from] Stealth Rock
|turn|23
|
|t:|1779564647
|move|p1a: Raging Bolt|Thunderclap|p2a: Zapdos
|-supereffective|p2a: Zapdos
|-damage|p2a: Zapdos|0 fnt
|faint|p2a: Zapdos
|
|upkeep
|
|t:|1779564649
|switch|p2a: Dragapult|Dragapult, F|19/100
|-damage|p2a: Dragapult|7/100|[from] Stealth Rock
|turn|24
|
|t:|1779564651
|move|p1a: Raging Bolt|Thunderclap|p2a: Dragapult
|-resisted|p2a: Dragapult
|-damage|p2a: Dragapult|0 fnt
|faint|p2a: Dragapult
|
|win|ieoapn
|raw|ieoapn's rating: 1138 &rarr; <strong>1166</strong><br />(+28 for winning)
|raw|Hawesome's rating: 1176 &rarr; <strong>1148</strong><br />(-28 for losing)
|l|☆Hawesome
|player|p2|
