|j|☆Huboy
|j|☆Yullei
|t:|1779559084
|gametype|singles
|player|p1|Huboy|dawn|1428
|player|p2|Yullei|zinnia|1479
|gen|9
|tier|[Gen 9] OU
|rated|
|rule|HP Percentage Mod: HP is shown in percentages
|rule|Endless Battle Clause: Forcing endless battles is banned
|rule|Species Clause: Limit one of each Pokémon
|rule|OHKO Clause: OHKO moves are banned
|rule|Evasion Items Clause: Evasion items are banned
|rule|Evasion Moves Clause: Evasion moves are banned
|rule|Evasion Abilities Clause: Evasion abilities are banned
|rule|Sleep Moves Clause: Sleep-inducing moves are banned
|clearpoke
|poke|p1|Great Tusk|
|poke|p1|Dondozo, M|
|poke|p1|Ribombee, M|
|poke|p1|Milotic, F|
|poke|p1|Goodra-Hisui, F|
|poke|p1|Cinccino, F|
|poke|p2|Pelipper, M|
|poke|p2|Raging Bolt|
|poke|p2|Overqwil, M|
|poke|p2|Barraskewda, M|
|poke|p2|Iron Treads|
|poke|p2|Kingambit, M|
|teampreview
|inactive|Battle timer is ON: inactive players will automatically lose when time's up. (requested by Huboy)
|
|t:|1779559103
|teamsize|p1|6
|teamsize|p2|6
|start
|switch|p1a: Milotic|Milotic, F|100/100
|switch|p2a: man|Iron Treads|100/100
|-enditem|p2a: man|Booster Energy
|-activate|p2a: man|ability: Quark Drive|[fromitem]
|-start|p2a: man|quarkdrivespe
|turn|1
|
|t:|1779559106
|move|p2a: man|Stealth Rock|p1a: Milotic
|-sidestart|p1: Huboy|move: Stealth Rock
|move|p1a: Milotic|Scald|p2a: man
|-supereffective|p2a: man
|-damage|p2a: man|0 fnt
|faint|p2a: man
|-end|p2a: man|Quark Drive|[silent]
|
|upkeep
|
|t:|1779559111
|switch|p2a: cat|Pelipper, M|100/100
|-weather|RainDance|[from] ability: Drizzle|[of] p2a: cat
|turn|2
|
|t:|1779559119
|move|p1a: Milotic|Scald|p2a: cat
|-resisted|p2a: cat
|-damage|p2a: cat|63/100
|move|p2a: cat|U-turn|p1a: Milotic
|-damage|p1a: Milotic|89/100
|
|t:|1779559130
|switch|p2a: rabbit|Raging Bolt|100/100|[from] U-turn
|-enditem|p2a: rabbit|Booster Energy
|-activate|p2a: rabbit|ability: Protosynthesis|[fromitem]
|-start|p2a: rabbit|protosynthesisspa
|
|-weather|RainDance|[upkeep]
|upkeep
|turn|3
|
|t:|1779559142
|-terastallize|p1a: Milotic|Fairy
|move|p1a: Milotic|Alluring Voice|p2a: rabbit
|-supereffective|p2a: rabbit
|-damage|p2a: rabbit|32/100
|move|p2a: rabbit|Weather Ball|p1a: Milotic
|-damage|p1a: Milotic|27/100
|
|-weather|RainDance|[upkeep]
|upkeep
|turn|4
|
|t:|1779559155
|move|p2a: rabbit|Thunderclap||[still]
|-fail|p2a: rabbit
|move|p1a: Milotic|Recover|p1a: Milotic
|-heal|p1a: Milotic|78/100
|
|-weather|RainDance|[upkeep]
|upkeep
|turn|5
|
|t:|1779559160
|move|p2a: rabbit|Thunderclap|p1a: Milotic
|-damage|p1a: Milotic|35/100
|move|p1a: Milotic|Alluring Voice|p2a: rabbit
|-supereffective|p2a: rabbit
|-damage|p2a: rabbit|0 fnt
|faint|p2a: rabbit
|-end|p2a: rabbit|Protosynthesis|[silent]
|
|-weather|RainDance|[upkeep]
|upkeep
|
|t:|1779559163
|switch|p2a: dog|Overqwil, M|100/100
|turn|6
|
|t:|1779559169
|switch|p1a: Goodra|Goodra-Hisui, F|100/100
|-damage|p1a: Goodra|95/100|[from] Stealth Rock
|move|p2a: dog|Swords Dance|p2a: dog
|-boost|p2a: dog|atk|2
|
|-weather|RainDance|[upkeep]
|upkeep
|turn|7
|
|t:|1779559178
|move|p2a: dog|Crunch|p1a: Goodra
|-damage|p1a: Goodra|0 fnt
|faint|p1a: Goodra
|-damage|p2a: dog|91/100|[from] item: Life Orb
|
|-weather|RainDance|[upkeep]
|upkeep
|
|t:|1779559183
|switch|p1a: Dondozo|Dondozo, M|100/100
|-damage|p1a: Dondozo|88/100|[from] Stealth Rock
|turn|8
|
|t:|1779559186
|move|p2a: dog|Gunk Shot|p1a: Dondozo
|-damage|p1a: Dondozo|45/100
|-damage|p2a: dog|81/100|[from] item: Life Orb
|move|p1a: Dondozo|Earthquake|p2a: dog
|-supereffective|p2a: dog
|-damage|p2a: dog|21/100
|
|-weather|RainDance|[upkeep]
|-heal|p1a: Dondozo|51/100|[from] item: Leftovers
|upkeep
|turn|9
|
|t:|1779559191
|move|p1a: Dondozo|Protect|p1a: Dondozo
|-singleturn|p1a: Dondozo|Protect
|move|p2a: dog|Gunk Shot|p1a: Dondozo
|-activate|p1a: Dondozo|move: Protect
|
|-weather|none
|-heal|p1a: Dondozo|57/100|[from] item: Leftovers
|upkeep
|turn|10
|
|t:|1779559220
|move|p2a: dog|Gunk Shot|p1a: Dondozo
|-damage|p1a: Dondozo|14/100
|-damage|p2a: dog|12/100|[from] item: Life Orb
|move|p1a: Dondozo|Earthquake|p2a: dog
|-supereffective|p2a: dog
|-damage|p2a: dog|0 fnt
|faint|p2a: dog
|
|-heal|p1a: Dondozo|20/100|[from] item: Leftovers
|upkeep
|
|t:|1779559245
|switch|p2a: woman|Kingambit, M, shiny|100/100
|-activate|p2a: woman|ability: Supreme Overlord
|-start|p2a: woman|fallen3|[silent]
|turn|11
|
|t:|1779559249
|move|p1a: Dondozo|Protect|p1a: Dondozo
|-singleturn|p1a: Dondozo|Protect
|move|p2a: woman|Kowtow Cleave|p1a: Dondozo
|-activate|p1a: Dondozo|move: Protect
|
|-heal|p1a: Dondozo|26/100|[from] item: Leftovers
|upkeep
|turn|12
|
|t:|1779559251
|switch|p1a: Great Tusk|Great Tusk|100/100
|-damage|p1a: Great Tusk|98/100|[from] Stealth Rock
|move|p2a: woman|Kowtow Cleave|p1a: Great Tusk
|-resisted|p1a: Great Tusk
|-damage|p1a: Great Tusk|76/100
|
|upkeep
|turn|13
|
|t:|1779559258
|move|p1a: Great Tusk|Rapid Spin|p2a: woman
|-resisted|p2a: woman
|-damage|p2a: woman|94/100
|-boost|p1a: Great Tusk|spe|1
|-sideend|p1: Huboy|Stealth Rock|[from] move: Rapid Spin|[of] p1a: Great Tusk
|move|p2a: woman|Iron Head|p1a: Great Tusk
|-damage|p1a: Great Tusk|30/100
|
|-heal|p2a: woman|99/100|[from] item: Leftovers
|upkeep
|turn|14
|
|t:|1779559263
|move|p2a: woman|Sucker Punch|p1a: Great Tusk
|-resisted|p1a: Great Tusk
|-damage|p1a: Great Tusk|10/100
|move|p1a: Great Tusk|Close Combat|p2a: woman
|-supereffective|p2a: woman
|-damage|p2a: woman|0 fnt
|-unboost|p1a: Great Tusk|def|1
|-unboost|p1a: Great Tusk|spd|1
|faint|p2a: woman
|-end|p2a: woman|fallen3|[silent]
|
|upkeep
|
|t:|1779559265
|switch|p2a: cat|Pelipper, M|63/100
|-weather|RainDance|[from] ability: Drizzle|[of] p2a: cat
|turn|15
|
|t:|1779559270
|move|p1a: Great Tusk|Smack Down|p2a: cat
|-supereffective|p2a: cat
|-damage|p2a: cat|39/100
|-start|p2a: cat|Smack Down
|move|p2a: cat|U-turn|p1a: Great Tusk
|-resisted|p1a: Great Tusk
|-damage|p1a: Great Tusk|5/100
|
|t:|1779559273
|switch|p2a: e e|Barraskewda, M|100/100|[from] U-turn
|
|-weather|RainDance|[upkeep]
|upkeep
|turn|16
|
|t:|1779559276
|-terastallize|p2a: e e|Water
|move|p2a: e e|Liquidation|p1a: Great Tusk
|-supereffective|p1a: Great Tusk
|-damage|p1a: Great Tusk|0 fnt
|faint|p1a: Great Tusk
|-end|p1a: Great Tusk|Protosynthesis|[silent]
|
|-weather|RainDance|[upkeep]
|upkeep
|
|t:|1779559285
|switch|p1a: Dondozo|Dondozo, M|26/100
|turn|17
|
|t:|1779559288
|move|p1a: Dondozo|Protect|p1a: Dondozo
|-singleturn|p1a: Dondozo|Protect
|move|p2a: e e|Liquidation|p1a: Dondozo
|-activate|p1a: Dondozo|move: Protect
|
|-weather|RainDance|[upkeep]
|-heal|p1a: Dondozo|32/100|[from] item: Leftovers
|upkeep
|turn|18
|
|t:|1779559291
|switch|p1a: Milotic|Milotic, F, tera:Fairy|35/100
|move|p2a: e e|Liquidation|p1a: Milotic
|-damage|p1a: Milotic|0 fnt
|faint|p1a: Milotic
|
|-weather|RainDance|[upkeep]
|upkeep
|
|t:|1779559296
|switch|p1a: Ribombee|Ribombee, M|100/100
|turn|19
|
|t:|1779559301
|move|p2a: e e|Liquidation|p1a: Ribombee
|-damage|p1a: Ribombee|0 fnt
|faint|p1a: Ribombee
|
|-weather|RainDance|[upkeep]
|upkeep
|
|t:|1779559305
|switch|p1a: Dondozo|Dondozo, M|32/100
|turn|20
|
|t:|1779559309
|move|p2a: e e|Liquidation|p1a: Dondozo
|-resisted|p1a: Dondozo
|-damage|p1a: Dondozo|0 fnt
|faint|p1a: Dondozo
|
|-weather|RainDance|[upkeep]
|upkeep
|-message|Huboy forfeited.
|
|win|Yullei
|raw|Huboy's rating: 1428 &rarr; <strong>1411</strong><br />(-17 for losing)
|raw|Yullei's rating: 1479 &rarr; <strong>1496</strong><br />(+17 for winning)
|l|☆Huboy
|player|p1|
|c|☆Yullei|lol noob
|l|☆Yullei
|player|p2|
