|j|☆chiggybiggys
|j|☆I am naz
|t:|1779597101
|gametype|singles
|player|p1|chiggybiggys|170|1116
|player|p2|I am naz|pokemaniac|1177
|gen|9
|tier|[Gen 9] OU
|rated|
|rule|HP Percentage Mod: HP is shown in percentages
|rule|Endless Battle Clause: Forcing endless battles is banned
|rule|Species Clause: Limit one of each Pokémon
|rule|OHKO Clause: OHKO moves are banned
|rule|Evasion Items Clause: Evasion items are banned
|rule|Evasion Moves Clause: Evasion moves are banned
|rule|Evasion Abilities Clause: Evasion abilities are banned
|rule|Sleep Moves Clause: Sleep-inducing moves are banned
|clearpoke
|poke|p1|Gyarados, M|
|poke|p1|Corviknight, F|
|poke|p1|Zamazenta-*|
|poke|p1|Ceruledge, M|
|poke|p1|Gliscor, M|
|poke|p1|Kingambit, M|
|poke|p2|Toxtricity, F|
|poke|p2|Gholdengo|
|poke|p2|Samurott-Hisui, F|
|poke|p2|Smeargle, F|
|poke|p2|Zamazenta-*|
|poke|p2|Deoxys-Speed|
|teampreview
|c|☆I am naz|Gl again
|c|☆chiggybiggys|didint wanna que up against you D:
|c|☆chiggybiggys|you made me a bit angy
|
|t:|1779597143
|teamsize|p1|6
|teamsize|p2|6
|start
|switch|p1a: Corviknight|Corviknight, F|100/100
|switch|p2a: Samurott|Samurott-Hisui, F|100/100
|-ability|p1a: Corviknight|Pressure
|turn|1
|c|☆I am naz|Haha all good
|c|☆chiggybiggys|but at the end of the day i gotta realize its just a game
|
|t:|1779597165
|move|p2a: Samurott|Ceaseless Edge|p1a: Corviknight
|-damage|p1a: Corviknight|75/100
|-sidestart|p1: chiggybiggys|Spikes
|move|p1a: Corviknight|U-turn|p2a: Samurott
|-supereffective|p2a: Samurott
|-damage|p2a: Samurott|62/100
|c|☆I am naz|Fax
|
|t:|1779597177
|switch|p1a: Gyarados|Gyarados, M|100/100|[from] U-turn
|-ability|p1a: Gyarados|Intimidate|boost
|-unboost|p2a: Samurott|atk|1
|
|upkeep
|turn|2
|
|t:|1779597183
|move|p2a: Samurott|Encore||[still]
|-fail|p2a: Samurott
|move|p1a: Gyarados|Dragon Dance|p1a: Gyarados
|-boost|p1a: Gyarados|atk|1
|-boost|p1a: Gyarados|spe|1
|
|upkeep
|turn|3
|
|t:|1779597187
|move|p1a: Gyarados|Earthquake|p2a: Samurott
|-damage|p2a: Samurott|0 fnt
|faint|p2a: Samurott
|
|upkeep
|
|t:|1779597193
|switch|p2a: Gholdengo|Gholdengo|100/100
|turn|4
|
|t:|1779597200
|move|p2a: Gholdengo|Trick|p1a: Gyarados
|-activate|p2a: Gholdengo|move: Trick|[of] p1a: Gyarados
|-item|p1a: Gyarados|Choice Scarf|[from] move: Trick
|-item|p2a: Gholdengo|Leftovers|[from] move: Trick
|move|p1a: Gyarados|Crunch|p2a: Gholdengo
|-supereffective|p2a: Gholdengo
|-damage|p2a: Gholdengo|15/100
|-unboost|p2a: Gholdengo|def|1
|
|-heal|p2a: Gholdengo|21/100|[from] item: Leftovers
|upkeep
|turn|5
|
|t:|1779597207
|switch|p2a: Zamazenta|Zamazenta|100/100
|-ability|p2a: Zamazenta|Dauntless Shield|boost
|-boost|p2a: Zamazenta|def|1
|move|p1a: Gyarados|Crunch|p2a: Zamazenta
|-resisted|p2a: Zamazenta
|-damage|p2a: Zamazenta|91/100
|
|-heal|p2a: Zamazenta|97/100|[from] item: Leftovers
|upkeep
|turn|6
|
|t:|1779597222
|switch|p1a: Corviknight|Corviknight, F|75/100
|-ability|p1a: Corviknight|Pressure
|move|p2a: Zamazenta|Body Press|p1a: Corviknight
|-damage|p1a: Corviknight|39/100
|
|-heal|p2a: Zamazenta|100/100|[from] item: Leftovers
|-heal|p1a: Corviknight|45/100|[from] item: Leftovers
|upkeep
|turn|7
|
|t:|1779597231
|switch|p2a: Toxtricity|Toxtricity, F|100/100
|move|p1a: Corviknight|Defog|p2a: Toxtricity
|-unboost|p2a: Toxtricity|evasion|1
|-sideend|p1: chiggybiggys|Spikes|[from] move: Defog|[of] p1a: Corviknight
|
|-heal|p1a: Corviknight|51/100|[from] item: Leftovers
|upkeep
|turn|8
|
|t:|1779597237
|switch|p1a: Gliscor|Gliscor, M|100/100
|move|p2a: Toxtricity|Overdrive|p1a: Gliscor
|-immune|p1a: Gliscor
|
|-status|p1a: Gliscor|tox|[from] item: Toxic Orb
|upkeep
|turn|9
|
|t:|1779597246
|switch|p2a: Deoxys|Deoxys-Speed|100/100
|-ability|p2a: Deoxys|Pressure
|move|p1a: Gliscor|Toxic Spikes|p2a: Deoxys
|-sidestart|p2: I am naz|move: Toxic Spikes
|
|upkeep
|turn|10
|
|t:|1779597248
|move|p2a: Deoxys|Taunt|p1a: Gliscor
|-start|p1a: Gliscor|move: Taunt
|move|p1a: Gliscor|Knock Off|p2a: Deoxys
|-supereffective|p2a: Deoxys
|-damage|p2a: Deoxys|46/100
|-enditem|p2a: Deoxys|Light Clay|[from] move: Knock Off|[of] p1a: Gliscor
|
|upkeep
|turn|11
|
|t:|1779597253
|move|p2a: Deoxys|Reflect|p2a: Deoxys
|-sidestart|p2: I am naz|Reflect
|move|p1a: Gliscor|Knock Off|p2a: Deoxys
|-supereffective|p2a: Deoxys
|-damage|p2a: Deoxys|27/100
|
|upkeep
|turn|12
|
|t:|1779597259
|move|p2a: Deoxys|Light Screen|p2a: Deoxys
|-sidestart|p2: I am naz|move: Light Screen
|move|p1a: Gliscor|Earthquake|p2a: Deoxys
|-damage|p2a: Deoxys|6/100
|
|-end|p1a: Gliscor|move: Taunt
|upkeep
|turn|13
|
|t:|1779597263
|move|p1a: Gliscor|Protect|p1a: Gliscor
|-singleturn|p1a: Gliscor|Protect
|move|p2a: Deoxys|Psycho Boost|p1a: Gliscor
|-activate|p1a: Gliscor|move: Protect
|
|upkeep
|turn|14
|
|t:|1779597273
|move|p1a: Gliscor|Protect||[still]
|-fail|p1a: Gliscor
|move|p2a: Deoxys|Taunt|p1a: Gliscor
|-start|p1a: Gliscor|move: Taunt
|
|upkeep
|turn|15
|
|t:|1779597288
|move|p2a: Deoxys|Psycho Boost|p1a: Gliscor
|-damage|p1a: Gliscor|46/100 tox
|-unboost|p2a: Deoxys|spa|2
|move|p1a: Gliscor|Knock Off|p2a: Deoxys
|-supereffective|p2a: Deoxys
|-damage|p2a: Deoxys|0 fnt
|faint|p2a: Deoxys
|
|-heal|p1a: Gliscor|58/100 tox|[from] ability: Poison Heal
|-sideend|p2: I am naz|Reflect
|upkeep
|
|t:|1779597297
|switch|p2a: Toxtricity|Toxtricity, F|100/100
|-sideend|p2: I am naz|move: Toxic Spikes|[of] p2a: Toxtricity
|turn|16
|
|t:|1779597301
|move|p1a: Gliscor|Earthquake|p2a: Toxtricity
|-supereffective|p2a: Toxtricity
|-damage|p2a: Toxtricity|0 fnt
|faint|p2a: Toxtricity
|
|-heal|p1a: Gliscor|71/100 tox|[from] ability: Poison Heal
|-sideend|p2: I am naz|move: Light Screen
|upkeep
|
|t:|1779597308
|switch|p2a: Sticky webs?|Smeargle, F, shiny|100/100
|turn|17
|
|t:|1779597312
|-terastallize|p2a: Sticky webs?|Flying
|move|p1a: Gliscor|Knock Off|p2a: Sticky webs?
|-damage|p2a: Sticky webs?|50/100
|-enditem|p2a: Sticky webs?|Wide Lens|[from] move: Knock Off|[of] p1a: Gliscor
|move|p2a: Sticky webs?|Jaw Lock|p1a: Gliscor
|-damage|p1a: Gliscor|64/100 tox
|-activate|p2a: Sticky webs?|trapped
|-activate|p1a: Gliscor|trapped
|
|-heal|p1a: Gliscor|76/100 tox|[from] ability: Poison Heal
|-end|p1a: Gliscor|move: Taunt
|upkeep
|turn|18
|
|t:|1779597319
|move|p1a: Gliscor|Knock Off|p2a: Sticky webs?
|-damage|p2a: Sticky webs?|17/100
|move|p2a: Sticky webs?|No Retreat|p2a: Sticky webs?
|-boost|p2a: Sticky webs?|atk|1
|-boost|p2a: Sticky webs?|def|1
|-boost|p2a: Sticky webs?|spa|1
|-boost|p2a: Sticky webs?|spd|1
|-boost|p2a: Sticky webs?|spe|1
|
|-heal|p1a: Gliscor|89/100 tox|[from] ability: Poison Heal
|upkeep
|turn|19
|
|t:|1779597328
|move|p1a: Gliscor|Protect|p1a: Gliscor
|-singleturn|p1a: Gliscor|Protect
|move|p2a: Sticky webs?|Population Bomb|p1a: Gliscor
|-activate|p1a: Gliscor|move: Protect
|
|-heal|p1a: Gliscor|100/100 tox|[from] ability: Poison Heal
|upkeep
|turn|20
|
|t:|1779597349
|move|p2a: Sticky webs?|No Retreat|p2a: Sticky webs?
|-boost|p2a: Sticky webs?|atk|1
|-boost|p2a: Sticky webs?|def|1
|-boost|p2a: Sticky webs?|spa|1
|-boost|p2a: Sticky webs?|spd|1
|-boost|p2a: Sticky webs?|spe|1
|move|p1a: Gliscor|Knock Off|p2a: Sticky webs?
|-damage|p2a: Sticky webs?|0 fnt
|faint|p2a: Sticky webs?
|
|upkeep
|
|t:|1779597351
|switch|p2a: Zamazenta|Zamazenta|100/100
|turn|21
|
|t:|1779597358
|move|p2a: Zamazenta|Iron Defense|p2a: Zamazenta
|-boost|p2a: Zamazenta|def|2
|move|p1a: Gliscor|Knock Off|p2a: Zamazenta
|-resisted|p2a: Zamazenta
|-damage|p2a: Zamazenta|96/100
|-enditem|p2a: Zamazenta|Leftovers|[from] move: Knock Off|[of] p1a: Gliscor
|
|upkeep
|turn|22
|
|t:|1779597363
|move|p2a: Zamazenta|Iron Defense|p2a: Zamazenta
|-boost|p2a: Zamazenta|def|2
|move|p1a: Gliscor|Earthquake|p2a: Zamazenta
|-crit|p2a: Zamazenta
|-damage|p2a: Zamazenta|59/100
|
|upkeep
|turn|23
|
|t:|1779597367
|move|p2a: Zamazenta|Iron Defense|p2a: Zamazenta
|-boost|p2a: Zamazenta|def|2
|move|p1a: Gliscor|Earthquake|p2a: Zamazenta
|-damage|p2a: Zamazenta|52/100
|
|upkeep
|turn|24
|
|t:|1779597372
|move|p2a: Zamazenta|Body Press|p1a: Gliscor
|-resisted|p1a: Gliscor
|-damage|p1a: Gliscor|59/100 tox
|move|p1a: Gliscor|Earthquake|p2a: Zamazenta
|-damage|p2a: Zamazenta|46/100
|
|-heal|p1a: Gliscor|71/100 tox|[from] ability: Poison Heal
|upkeep
|turn|25
|
|t:|1779597376
|move|p1a: Gliscor|Protect|p1a: Gliscor
|-singleturn|p1a: Gliscor|Protect
|move|p2a: Zamazenta|Body Press|p1a: Gliscor
|-activate|p1a: Gliscor|move: Protect
|
|-heal|p1a: Gliscor|84/100 tox|[from] ability: Poison Heal
|upkeep
|turn|26
|
|t:|1779597380
|move|p2a: Zamazenta|Body Press|p1a: Gliscor
|-resisted|p1a: Gliscor
|-damage|p1a: Gliscor|38/100 tox
|move|p1a: Gliscor|Earthquake|p2a: Zamazenta
|-damage|p2a: Zamazenta|40/100
|
|-heal|p1a: Gliscor|50/100 tox|[from] ability: Poison Heal
|upkeep
|turn|27
|
|t:|1779597390
|move|p1a: Gliscor|Protect|p1a: Gliscor
|-singleturn|p1a: Gliscor|Protect
|move|p2a: Zamazenta|Body Press|p1a: Gliscor
|-activate|p1a: Gliscor|move: Protect
|
|-heal|p1a: Gliscor|63/100 tox|[from] ability: Poison Heal
|upkeep
|turn|28
|
|t:|1779597394
|move|p2a: Zamazenta|Body Press|p1a: Gliscor
|-resisted|p1a: Gliscor
|-damage|p1a: Gliscor|19/100 tox
|move|p1a: Gliscor|Earthquake|p2a: Zamazenta
|-damage|p2a: Zamazenta|33/100
|
|-heal|p1a: Gliscor|31/100 tox|[from] ability: Poison Heal
|upkeep
|turn|29
|
|t:|1779597403
|move|p1a: Gliscor|Protect|p1a: Gliscor
|-singleturn|p1a: Gliscor|Protect
|move|p2a: Zamazenta|Roar|p1a: Gliscor
|drag|p1a: Ceruledge|Ceruledge, M|100/100
|
|upkeep
|turn|30
|
|t:|1779597412
|move|p1a: Ceruledge|Shadow Sneak|p2a: Zamazenta
|-damage|p2a: Zamazenta|28/100
|-damage|p1a: Ceruledge|91/100|[from] item: Life Orb
|move|p2a: Zamazenta|Heavy Slam|p1a: Ceruledge
|-resisted|p1a: Ceruledge
|-damage|p1a: Ceruledge|76/100
|
|upkeep
|turn|31
|
|t:|1779597419
|move|p2a: Zamazenta|Heavy Slam|p1a: Ceruledge
|-resisted|p1a: Ceruledge
|-damage|p1a: Ceruledge|61/100
|move|p1a: Ceruledge|Swords Dance|p1a: Ceruledge
|-boost|p1a: Ceruledge|atk|2
|
|upkeep
|turn|32
|
|t:|1779597425
|move|p1a: Ceruledge|Swords Dance|p1a: Ceruledge
|-boost|p1a: Ceruledge|atk|2
|move|p2a: Zamazenta|Roar|p1a: Ceruledge
|drag|p1a: Corviknight|Corviknight, F|51/100
|-ability|p1a: Corviknight|Pressure
|
|-heal|p1a: Corviknight|57/100|[from] item: Leftovers
|upkeep
|turn|33
|
|t:|1779597432
|move|p2a: Zamazenta|Body Press|p1a: Corviknight
|-damage|p1a: Corviknight|0 fnt
|faint|p1a: Corviknight
|
|upkeep
|
|t:|1779597435
|switch|p1a: Ceruledge|Ceruledge, M|61/100
|turn|34
|
|t:|1779597438
|move|p1a: Ceruledge|Bitter Blade|p2a: Zamazenta
|-damage|p2a: Zamazenta|16/100
|-heal|p1a: Ceruledge|68/100|[from] drain|[of] p2a: Zamazenta
|-damage|p1a: Ceruledge|58/100|[from] item: Life Orb
|move|p2a: Zamazenta|Roar|p1a: Ceruledge
|drag|p1a: Zamazenta|Zamazenta|100/100
|-ability|p1a: Zamazenta|Dauntless Shield|boost
|-boost|p1a: Zamazenta|def|1
|
|upkeep
|turn|35
|
|t:|1779597446
|move|p1a: Zamazenta|Psychic Fangs|p2a: Zamazenta
|-supereffective|p2a: Zamazenta
|-damage|p2a: Zamazenta|7/100
|move|p2a: Zamazenta|Body Press|p1a: Zamazenta
|-damage|p1a: Zamazenta|28/100
|
|upkeep
|turn|36
|
|t:|1779597453
|move|p1a: Zamazenta|Psychic Fangs|p2a: Zamazenta
|-supereffective|p2a: Zamazenta
|-damage|p2a: Zamazenta|0 fnt
|faint|p2a: Zamazenta
|
|upkeep
|
|t:|1779597455
|switch|p2a: Gholdengo|Gholdengo|21/100
|turn|37
|
|t:|1779597461
|switch|p1a: Gliscor|Gliscor, M|31/100 tox
|move|p2a: Gholdengo|Shadow Ball|p1a: Gliscor
|-damage|p1a: Gliscor|0 fnt
|faint|p1a: Gliscor
|
|-heal|p2a: Gholdengo|27/100|[from] item: Leftovers
|upkeep
|c|☆I am naz|Ggs
|
|t:|1779597466
|switch|p1a: Ceruledge|Ceruledge, M|58/100
|turn|38
|
|t:|1779597470
|move|p1a: Ceruledge|Shadow Sneak|p2a: Gholdengo
|-supereffective|p2a: Gholdengo
|-damage|p2a: Gholdengo|0 fnt
|faint|p2a: Gholdengo
|-damage|p1a: Ceruledge|48/100|[from] item: Life Orb
|
|win|chiggybiggys
|raw|chiggybiggys's rating: 1116 &rarr; <strong>1145</strong><br />(+29 for winning)
|raw|I am naz's rating: 1177 &rarr; <strong>1148</strong><br />(-29 for losing)
|c|☆chiggybiggys|ggs man
|l|☆I am naz
|player|p2|
|l|☆chiggybiggys
|player|p1|
