|j|☆diddlediddle
|j|☆vryfast
|t:|1779582656
|gametype|singles
|player|p1|diddlediddle|swimmerf|1302
|player|p2|vryfast|169|1258
|gen|9
|tier|[Gen 9] OU
|rated|
|rule|HP Percentage Mod: HP is shown in percentages
|rule|Endless Battle Clause: Forcing endless battles is banned
|rule|Species Clause: Limit one of each Pokémon
|rule|OHKO Clause: OHKO moves are banned
|rule|Evasion Items Clause: Evasion items are banned
|rule|Evasion Moves Clause: Evasion moves are banned
|rule|Evasion Abilities Clause: Evasion abilities are banned
|rule|Sleep Moves Clause: Sleep-inducing moves are banned
|clearpoke
|poke|p1|Cacturne, F|
|poke|p1|Sandy Shocks|
|poke|p1|Jirachi|
|poke|p1|Zoroark-Hisui, F|
|poke|p1|Heatran, M|
|poke|p1|Maushold-Four|
|poke|p2|Dragonite, M|
|poke|p2|Sableye, F|
|poke|p2|Ogerpon-Wellspring, F|
|poke|p2|Deoxys-Speed|
|poke|p2|Gholdengo|
|poke|p2|Great Tusk|
|teampreview
|j| huuueehueeek
|inactive|Battle timer is ON: inactive players will automatically lose when time's up. (requested by diddlediddle)
|c|☆diddlediddle|Hahahahaha huuueehueeek is my stalker
|c|☆diddlediddle|Got destroyed so badly a few games ago he follows me around now
|
|t:|1779582704
|teamsize|p1|6
|teamsize|p2|6
|start
|switch|p1a: Heatran|Heatran, M|100/100
|switch|p2a: Deoxys|Deoxys-Speed|100/100
|-ability|p2a: Deoxys|Pressure
|turn|1
|
|t:|1779582715
|switch|p2a: Sableye|Sableye, F|100/100
|move|p1a: Heatran|Bitter Malice|p2a: Sableye
|-damage|p2a: Sableye|31/100
|-unboost|p2a: Sableye|atk|1
|
|upkeep
|turn|2
|
|t:|1779582724
|move|p2a: Sableye|Disable|p1a: Heatran
|-start|p1a: Heatran|Disable|Bitter Malice
|cant|p1a: Heatran|Disable|Bitter Malice
|
|upkeep
|turn|3
|
|t:|1779582734
|switch|p1a: Cacturne|Cacturne, F|100/100
|move|p2a: Sableye|Thunder Wave|p1a: Cacturne
|-hint|Since gen 7, Dark is immune to Prankster moves.
|-immune|p1a: Cacturne
|
|upkeep
|turn|4
|
|t:|1779582746
|switch|p2a: Great Tusk|Great Tusk|100/100
|move|p1a: Cacturne|Swords Dance|p1a: Cacturne
|-boost|p1a: Cacturne|atk|2
|
|upkeep
|turn|5
|
|t:|1779582753
|move|p2a: Great Tusk|Body Press|p1a: Cacturne
|-supereffective|p1a: Cacturne
|-enditem|p1a: Cacturne|Focus Sash
|-damage|p1a: Cacturne|1/100
|move|p1a: Cacturne|Seed Bomb|p2a: Great Tusk
|-supereffective|p2a: Great Tusk
|-damage|p2a: Great Tusk|24/100
|
|upkeep
|turn|6
|
|t:|1779582762
|move|p1a: Cacturne|Sucker Punch|p2a: Great Tusk
|-resisted|p2a: Great Tusk
|-damage|p2a: Great Tusk|8/100
|-damage|p1a: Cacturne|0 fnt|[from] item: Rocky Helmet|[of] p2a: Great Tusk
|faint|p1a: Cacturne
|move|p2a: Great Tusk|Rapid Spin|p1: Cacturne|[notarget]
|-fail|p2a: Great Tusk
|
|upkeep
|
|t:|1779582774
|switch|p1a: Heatran|Heatran, M|100/100
|turn|7
|c|☆diddlediddle|huuueehueeek is my trainee
|inactive|vryfast has 120 seconds left.
|
|t:|1779582813
|move|p1a: Heatran|Bitter Malice|p2a: Great Tusk
|-damage|p2a: Great Tusk|0 fnt
|faint|p2a: Great Tusk
|-end|p2a: Great Tusk|Protosynthesis|[silent]
|
|upkeep
|
|t:|1779582822
|switch|p2a: Sableye|Sableye, F|31/100
|turn|8
|
|t:|1779582826
|move|p2a: Sableye|Thunder Wave|p1a: Heatran
|-status|p1a: Heatran|par
|move|p1a: Heatran|Bitter Malice|p2a: Sableye
|-damage|p2a: Sableye|0 fnt
|faint|p2a: Sableye
|
|upkeep
|
|t:|1779582832
|switch|p2a: Ogerpon|Ogerpon-Wellspring, F|100/100
|turn|9
|
|t:|1779582837
|-terastallize|p2a: Ogerpon|Water
|detailschange|p2a: Ogerpon|Ogerpon-Wellspring-Tera, F, tera:Water
|-ability|p2a: Ogerpon|Embody Aspect (Wellspring)|boost
|-boost|p2a: Ogerpon|spd|1
|move|p2a: Ogerpon|Ivy Cudgel|p1a: Heatran|[anim] Ivy Cudgel Water
|-damage|p1a: Heatran|0 fnt
|replace|p1a: Zoroark|Zoroark-Hisui, F
|-end|p1a: Zoroark|Illusion
|faint|p1a: Zoroark
|
|upkeep
|
|t:|1779582843
|switch|p1a: Maushold|Maushold-Four|100/100
|turn|10
|
|t:|1779582847
|switch|p2a: Gholdengo|Gholdengo|100/100
|-item|p2a: Gholdengo|Air Balloon
|move|p1a: Maushold|Population Bomb|p2a: Gholdengo
|-immune|p2a: Gholdengo
|
|upkeep
|turn|11
|
|t:|1779582857
|switch|p1a: Heatran|Heatran, M|100/100
|move|p2a: Gholdengo|Make It Rain|p1a: Heatran
|-resisted|p1a: Heatran
|-crit|p1a: Heatran
|-damage|p1a: Heatran|74/100
|-unboost|p2a: Gholdengo|spa|1
|
|upkeep
|turn|12
|
|t:|1779582865
|switch|p2a: Ogerpon|Ogerpon-Wellspring-Tera, F, tera:Water|100/100
|-ability|p2a: Ogerpon|Embody Aspect (Wellspring)|boost
|-boost|p2a: Ogerpon|spd|1
|move|p1a: Heatran|Will-O-Wisp|p2a: Ogerpon
|-status|p2a: Ogerpon|brn
|
|-damage|p2a: Ogerpon|95/100 brn|[from] brn
|upkeep
|turn|13
|
|t:|1779582873
|switch|p1a: Live by the flinch|Jirachi|100/100
|move|p2a: Ogerpon|Ivy Cudgel|p1a: Live by the flinch|[anim] Ivy Cudgel Water
|-damage|p1a: Live by the flinch|54/100
|
|-damage|p2a: Ogerpon|89/100 brn|[from] brn
|upkeep
|turn|14
|
|t:|1779582882
|move|p1a: Live by the flinch|Iron Head|p2a: Ogerpon
|-resisted|p2a: Ogerpon
|-damage|p2a: Ogerpon|67/100 brn
|cant|p2a: Ogerpon|flinch
|
|-damage|p2a: Ogerpon|61/100 brn|[from] brn
|upkeep
|turn|15
|
|t:|1779582886
|move|p1a: Live by the flinch|Iron Head|p2a: Ogerpon
|-resisted|p2a: Ogerpon
|-damage|p2a: Ogerpon|37/100 brn
|cant|p2a: Ogerpon|flinch
|
|-damage|p2a: Ogerpon|31/100 brn|[from] brn
|upkeep
|turn|16
|
|t:|1779582891
|move|p1a: Live by the flinch|Iron Head|p2a: Ogerpon
|-resisted|p2a: Ogerpon
|-damage|p2a: Ogerpon|8/100 brn
|cant|p2a: Ogerpon|flinch
|
|-damage|p2a: Ogerpon|2/100 brn|[from] brn
|upkeep
|turn|17
|
|t:|1779582895
|move|p1a: Live by the flinch|Iron Head|p2a: Ogerpon
|-resisted|p2a: Ogerpon
|-damage|p2a: Ogerpon|0 fnt
|faint|p2a: Ogerpon
|detailschange|p2: Ogerpon|Ogerpon-Wellspring, F|[silent]
|
|upkeep
|
|t:|1779582899
|switch|p2a: Gholdengo|Gholdengo|100/100
|-item|p2a: Gholdengo|Air Balloon
|turn|18
|
|t:|1779582904
|move|p1a: Live by the flinch|Iron Head|p2a: Gholdengo
|-resisted|p2a: Gholdengo
|-damage|p2a: Gholdengo|81/100
|-enditem|p2a: Gholdengo|Air Balloon
|cant|p2a: Gholdengo|flinch
|
|upkeep
|turn|19
|
|t:|1779582909
|move|p1a: Live by the flinch|Iron Head|p2a: Gholdengo
|-resisted|p2a: Gholdengo
|-damage|p2a: Gholdengo|61/100
|cant|p2a: Gholdengo|flinch
|
|upkeep
|turn|20
|
|t:|1779582915
|move|p1a: Live by the flinch|Iron Head|p2a: Gholdengo
|-resisted|p2a: Gholdengo
|-damage|p2a: Gholdengo|42/100
|move|p2a: Gholdengo|Shadow Ball|p1a: Live by the flinch
|-supereffective|p1a: Live by the flinch
|-damage|p1a: Live by the flinch|0 fnt
|faint|p1a: Live by the flinch
|
|upkeep
|
|t:|1779582919
|switch|p1a: Sandy Shocks|Sandy Shocks|100/100
|-enditem|p1a: Sandy Shocks|Booster Energy
|-activate|p1a: Sandy Shocks|ability: Protosynthesis|[fromitem]
|-start|p1a: Sandy Shocks|protosynthesisspe
|turn|21
|
|t:|1779582924
|move|p1a: Sandy Shocks|Thunderbolt|p2a: Gholdengo
|-damage|p2a: Gholdengo|0 fnt
|faint|p2a: Gholdengo
|
|upkeep
|
|t:|1779582930
|switch|p2a: Dragonite|Dragonite, M|100/100
|turn|22
|
|t:|1779582939
|-end|p1a: Sandy Shocks|Protosynthesis|[silent]
|switch|p1a: Maushold|Maushold-Four|100/100
|move|p2a: Dragonite|Dragon Tail|p1a: Maushold
|-damage|p1a: Maushold|60/100
|drag|p1a: Heatran|Heatran, M|74/100
|
|upkeep
|turn|23
|
|t:|1779582951
|move|p1a: Heatran|Will-O-Wisp|p2a: Dragonite
|-status|p2a: Dragonite|brn
|move|p2a: Dragonite|Substitute|p2a: Dragonite
|-start|p2a: Dragonite|Substitute
|-damage|p2a: Dragonite|76/100 brn
|
|-heal|p2a: Dragonite|82/100 brn|[from] item: Leftovers
|-damage|p2a: Dragonite|76/100 brn|[from] brn
|upkeep
|turn|24
|c|☆diddlediddle|Hope you've learned from this huuueehueeek stalker
|
|t:|1779582966
|switch|p1a: Maushold|Maushold-Four|60/100
|move|p2a: Dragonite|Thunder Wave|p1a: Maushold
|-status|p1a: Maushold|par
|
|-heal|p2a: Dragonite|82/100 brn|[from] item: Leftovers
|-damage|p2a: Dragonite|76/100 brn|[from] brn
|upkeep
|turn|25
|
|t:|1779582975
|move|p2a: Dragonite|Roost|p2a: Dragonite
|-heal|p2a: Dragonite|100/100 brn
|-singleturn|p2a: Dragonite|move: Roost
|cant|p1a: Maushold|par
|
|-damage|p2a: Dragonite|94/100 brn|[from] brn
|upkeep
|turn|26
|
|t:|1779582982
|move|p1a: Maushold|Encore|p2a: Dragonite
|-start|p2a: Dragonite|Encore
|move|p2a: Dragonite|Roost|p2a: Dragonite
|-heal|p2a: Dragonite|100/100 brn
|-singleturn|p2a: Dragonite|move: Roost
|
|-damage|p2a: Dragonite|94/100 brn|[from] brn
|upkeep
|turn|27
|
|t:|1779582984
|switch|p2a: Deoxys|Deoxys-Speed|100/100
|-ability|p2a: Deoxys|Pressure
|move|p1a: Maushold|Tidy Up|p1a: Maushold
|-boost|p1a: Maushold|atk|1
|-boost|p1a: Maushold|spe|1
|
|upkeep
|turn|28
|
|t:|1779582991
|-terastallize|p1a: Maushold|Ghost
|move|p2a: Deoxys|Psychic|p1a: Maushold
|-damage|p1a: Maushold|3/100 par
|move|p1a: Maushold|Population Bomb|p2a: Deoxys
|-damage|p2a: Deoxys|77/100
|-damage|p2a: Deoxys|53/100
|-damage|p2a: Deoxys|26/100
|-hitcount|p2a: Deoxys|3
|
|upkeep
|turn|29
|
|t:|1779582997
|move|p2a: Deoxys|Psychic|p1a: Maushold
|-damage|p1a: Maushold|0 fnt
|faint|p1a: Maushold
|
|upkeep
|
|t:|1779583000
|switch|p1a: Heatran|Heatran, M|74/100
|turn|30
|
|t:|1779583003
|switch|p2a: Dragonite|Dragonite, M|94/100 brn
|move|p1a: Heatran|Flash Cannon|p2a: Dragonite
|-damage|p2a: Dragonite|68/100 brn
|
|-heal|p2a: Dragonite|74/100 brn|[from] item: Leftovers
|-damage|p2a: Dragonite|68/100 brn|[from] brn
|upkeep
|turn|31
|
|t:|1779583008
|move|p1a: Heatran|Flash Cannon|p2a: Dragonite
|-damage|p2a: Dragonite|40/100 brn
|move|p2a: Dragonite|Dragon Tail|p1a: Heatran
|-resisted|p1a: Heatran
|-damage|p1a: Heatran|68/100
|drag|p1a: Sandy Shocks|Sandy Shocks|100/100
|
|-heal|p2a: Dragonite|46/100 brn|[from] item: Leftovers
|-damage|p2a: Dragonite|40/100 brn|[from] brn
|upkeep
|turn|32
|
|t:|1779583015
|move|p1a: Sandy Shocks|Thunderbolt|p2a: Dragonite
|-damage|p2a: Dragonite|13/100 brn
|move|p2a: Dragonite|Dragon Tail|p1a: Sandy Shocks
|-damage|p1a: Sandy Shocks|87/100
|-end|p1a: Sandy Shocks|Protosynthesis|[silent]
|drag|p1a: Heatran|Heatran, M|68/100
|
|-heal|p2a: Dragonite|19/100 brn|[from] item: Leftovers
|-damage|p2a: Dragonite|13/100 brn|[from] brn
|upkeep
|turn|33
|
|t:|1779583020
|move|p1a: Heatran|Flash Cannon|p2a: Dragonite
|-damage|p2a: Dragonite|0 fnt
|faint|p2a: Dragonite
|
|upkeep
|
|t:|1779583022
|switch|p2a: Deoxys|Deoxys-Speed|26/100
|-ability|p2a: Deoxys|Pressure
|turn|34
|
|t:|1779583027
|move|p2a: Deoxys|Nasty Plot|p2a: Deoxys
|-boost|p2a: Deoxys|spa|2
|move|p1a: Heatran|Flash Cannon|p2a: Deoxys
|-damage|p2a: Deoxys|0 fnt
|faint|p2a: Deoxys
|
|win|diddlediddle
|raw|diddlediddle's rating: 1302 &rarr; <strong>1319</strong><br />(+17 for winning)
|raw|vryfast's rating: 1258 &rarr; <strong>1236</strong><br />(-22 for losing)
|l|☆vryfast
|player|p2|
|c|☆diddlediddle|GG
|c|☆diddlediddle|Is this helping your education huuueehueeek?
|l|☆diddlediddle
|player|p1|
|l| huuueehueeek
