|j|☆testdwe
|j|☆NojaKalm
|t:|1779693810
|gametype|singles
|player|p1|testdwe|169|1602
|player|p2|NojaKalm|266|1617
|gen|9
|tier|[Gen 9] OU
|rated|
|rule|HP Percentage Mod: HP is shown in percentages
|rule|Endless Battle Clause: Forcing endless battles is banned
|rule|Species Clause: Limit one of each Pokémon
|rule|OHKO Clause: OHKO moves are banned
|rule|Evasion Items Clause: Evasion items are banned
|rule|Evasion Moves Clause: Evasion moves are banned
|rule|Evasion Abilities Clause: Evasion abilities are banned
|rule|Sleep Moves Clause: Sleep-inducing moves are banned
|clearpoke
|poke|p1|Alomomola, M|
|poke|p1|Garganacl, F|
|poke|p1|Tyranitar, M|
|poke|p1|Excadrill, M|
|poke|p1|Hydrapple, M|
|poke|p1|Enamorus, F|
|poke|p2|Comfey, F|
|poke|p2|Whimsicott, M|
|poke|p2|Iron Moth|
|poke|p2|Walking Wake|
|poke|p2|Great Tusk|
|poke|p2|Ninetales, F|
|teampreview
|inactive|Battle timer is ON: inactive players will automatically lose when time's up. (requested by NojaKalm)
|j| bhybhdd
|inactive|NojaKalm has 120 seconds left.
|inactive|NojaKalm has 90 seconds left.
|
|t:|1779693877
|teamsize|p1|6
|teamsize|p2|6
|start
|switch|p1a: Tyranitar|Tyranitar, M|100/100
|switch|p2a: Ninetales|Ninetales, F|100/100
|-weather|SunnyDay|[from] ability: Drought|[of] p2a: Ninetales
|-weather|Sandstorm|[from] ability: Sand Stream|[of] p1a: Tyranitar
|turn|1
|
|t:|1779693903
|switch|p1a: Garganacl|Garganacl, F|100/100
|move|p2a: Ninetales|Will-O-Wisp|p1a: Garganacl
|-immune|p1a: Garganacl|[from] ability: Purifying Salt
|
|-weather|Sandstorm|[upkeep]
|-damage|p2a: Ninetales|94/100|[from] Sandstorm
|upkeep
|turn|2
|
|t:|1779693923
|switch|p2a: Great Tusk|Great Tusk|100/100
|switch|p1a: Enamorus|Enamorus, F|100/100
|
|-weather|Sandstorm|[upkeep]
|-damage|p1a: Enamorus|94/100|[from] Sandstorm
|upkeep
|turn|3
|l| bhybhdd
|inactive|NojaKalm has 120 seconds left.
|
|t:|1779693958
|move|p1a: Enamorus|Moonblast|p2a: Great Tusk
|-supereffective|p2a: Great Tusk
|-damage|p2a: Great Tusk|0 fnt
|faint|p2a: Great Tusk
|-end|p2a: Great Tusk|Protosynthesis|[silent]
|
|-weather|Sandstorm|[upkeep]
|-damage|p1a: Enamorus|88/100|[from] Sandstorm
|upkeep
|
|t:|1779693962
|switch|p2a: Ninetales|Ninetales, F|94/100
|-weather|SunnyDay|[from] ability: Drought|[of] p2a: Ninetales
|turn|4
|
|t:|1779693972
|switch|p1a: Garganacl|Garganacl, F|100/100
|switch|p2a: Iron Moth|Iron Moth|100/100
|-enditem|p2a: Iron Moth|Booster Energy
|-activate|p2a: Iron Moth|ability: Quark Drive|[fromitem]
|-start|p2a: Iron Moth|quarkdrivespa
|
|-weather|SunnyDay|[upkeep]
|upkeep
|turn|5
|
|t:|1779693982
|move|p1a: Garganacl|Protect|p1a: Garganacl
|-singleturn|p1a: Garganacl|Protect
|move|p2a: Iron Moth|Solar Beam||[still]
|-prepare|p2a: Iron Moth|Solar Beam
|-anim|p2a: Iron Moth|Solar Beam|p1a: Garganacl
|-activate|p1a: Garganacl|move: Protect
|
|-weather|SunnyDay|[upkeep]
|upkeep
|turn|6
|
|t:|1779693991
|switch|p1a: Tyranitar|Tyranitar, M|100/100
|-weather|Sandstorm|[from] ability: Sand Stream|[of] p1a: Tyranitar
|move|p2a: Iron Moth|Fiery Dance|p1a: Tyranitar
|-resisted|p1a: Tyranitar
|-damage|p1a: Tyranitar|83/100
|-boost|p2a: Iron Moth|spa|1
|
|-weather|Sandstorm|[upkeep]
|-damage|p2a: Iron Moth|95/100|[from] Sandstorm
|upkeep
|turn|7
|
|t:|1779694002
|move|p2a: Iron Moth|Sludge Wave|p1a: Tyranitar
|-resisted|p1a: Tyranitar
|-damage|p1a: Tyranitar|50/100
|move|p1a: Tyranitar|Knock Off|p2a: Iron Moth
|-damage|p2a: Iron Moth|0 fnt
|faint|p2a: Iron Moth
|-end|p2a: Iron Moth|Quark Drive|[silent]
|
|-weather|Sandstorm|[upkeep]
|upkeep
|
|t:|1779694009
|switch|p2a: Walking Wake|Walking Wake|100/100
|turn|8
|
|t:|1779694013
|switch|p1a: Alomomola|Alomomola, M|100/100
|move|p2a: Walking Wake|Knock Off|p1a: Alomomola
|-damage|p1a: Alomomola|88/100
|-enditem|p1a: Alomomola|Assault Vest|[from] move: Knock Off|[of] p2a: Walking Wake
|
|-weather|Sandstorm|[upkeep]
|-damage|p2a: Walking Wake|94/100|[from] Sandstorm
|-damage|p1a: Alomomola|81/100|[from] Sandstorm
|upkeep
|turn|9
|
|t:|1779694021
|move|p2a: Walking Wake|Flip Turn|p1a: Alomomola
|-resisted|p1a: Alomomola
|-damage|p1a: Alomomola|75/100
|
|t:|1779694041
|-end|p2a: Walking Wake|Protosynthesis|[silent]
|switch|p2a: Whimsicott|Whimsicott, M|100/100|[from] Flip Turn
|move|p1a: Alomomola|Flip Turn|p2a: Whimsicott
|-resisted|p2a: Whimsicott
|-damage|p2a: Whimsicott|91/100
|-message|NojaKalm forfeited.
|
|win|testdwe
|raw|testdwe's rating: 1602 &rarr; <strong>1623</strong><br />(+21 for winning)
|raw|NojaKalm's rating: 1617 &rarr; <strong>1596</strong><br />(-21 for losing)
|l|☆NojaKalm
|player|p2|
|l|☆testdwe
|player|p1|
