|j|☆Brooklyn Cafe
|j|☆a2533540231
|t:|1779560725
|gametype|singles
|player|p1|Brooklyn Cafe|liko|1362
|player|p2|a2533540231|101|1286
|gen|9
|tier|[Gen 9] OU
|rated|
|rule|HP Percentage Mod: HP is shown in percentages
|rule|Endless Battle Clause: Forcing endless battles is banned
|rule|Species Clause: Limit one of each Pokémon
|rule|OHKO Clause: OHKO moves are banned
|rule|Evasion Items Clause: Evasion items are banned
|rule|Evasion Moves Clause: Evasion moves are banned
|rule|Evasion Abilities Clause: Evasion abilities are banned
|rule|Sleep Moves Clause: Sleep-inducing moves are banned
|clearpoke
|poke|p1|Dragonite, M|
|poke|p1|Samurott-Hisui, M|
|poke|p1|Clefable, F|
|poke|p1|Gliscor, M|
|poke|p1|Gholdengo|
|poke|p1|Zamazenta-*|
|poke|p2|Garganacl, M|
|poke|p2|Gliscor, F|
|poke|p2|Corviknight, F|
|poke|p2|Clodsire, M|
|poke|p2|Dondozo, F|
|poke|p2|Blissey, F|
|teampreview
|inactive|Battle timer is ON: inactive players will automatically lose when time's up. (requested by Brooklyn Cafe)
|
|t:|1779560736
|teamsize|p1|6
|teamsize|p2|6
|start
|switch|p1a: Gholdengo|Gholdengo|100/100
|switch|p2a: Garganacl|Garganacl, M|100/100
|turn|1
|
|t:|1779560747
|switch|p2a: Clodsire|Clodsire, M|100/100
|move|p1a: Gholdengo|Trick|p2a: Clodsire
|-activate|p1a: Gholdengo|move: Trick|[of] p2a: Clodsire
|-item|p2a: Clodsire|Choice Scarf|[from] move: Trick
|-item|p1a: Gholdengo|Black Sludge|[from] move: Trick
|
|-damage|p1a: Gholdengo|88/100|[from] item: Black Sludge
|upkeep
|turn|2
|
|t:|1779560757
|switch|p1a: Gliscor|Gliscor, M|100/100
|move|p2a: Clodsire|Earthquake|p1a: Gliscor
|-immune|p1a: Gliscor
|
|-status|p1a: Gliscor|tox|[from] item: Toxic Orb
|upkeep
|turn|3
|
|t:|1779560762
|switch|p2a: Garganacl|Garganacl, M|100/100
|move|p1a: Gliscor|Knock Off|p2a: Garganacl
|-damage|p2a: Garganacl|91/100
|-enditem|p2a: Garganacl|Leftovers|[from] move: Knock Off|[of] p1a: Gliscor
|
|upkeep
|turn|4
|
|t:|1779560771
|switch|p1a: Clefable|Clefable, F|100/100
|move|p2a: Garganacl|Salt Cure|p1a: Clefable
|-damage|p1a: Clefable|90/100
|-start|p1a: Clefable|Salt Cure
|
|upkeep
|turn|5
|
|t:|1779560775
|move|p1a: Clefable|Stealth Rock|p2a: Garganacl
|-sidestart|p2: a2533540231|move: Stealth Rock
|move|p2a: Garganacl|Substitute|p2a: Garganacl
|-start|p2a: Garganacl|Substitute
|-damage|p2a: Garganacl|66/100
|
|upkeep
|turn|6
|
|t:|1779560780
|move|p2a: Garganacl|Protect|p2a: Garganacl
|-singleturn|p2a: Garganacl|Protect
|move|p1a: Clefable|Moonblast|p2a: Garganacl
|-activate|p2a: Garganacl|move: Protect
|
|upkeep
|turn|7
|
|t:|1779560785
|move|p1a: Clefable|Moonblast|p2a: Garganacl
|-end|p2a: Garganacl|Substitute
|move|p2a: Garganacl|Recover|p2a: Garganacl
|-heal|p2a: Garganacl|100/100
|
|upkeep
|turn|8
|
|t:|1779560791
|move|p2a: Garganacl|Protect|p2a: Garganacl
|-singleturn|p2a: Garganacl|Protect
|move|p1a: Clefable|Moonblast|p2a: Garganacl
|-activate|p2a: Garganacl|move: Protect
|
|upkeep
|turn|9
|
|t:|1779560795
|move|p1a: Clefable|Moonblast|p2a: Garganacl
|-damage|p2a: Garganacl|71/100
|move|p2a: Garganacl|Substitute|p2a: Garganacl
|-start|p2a: Garganacl|Substitute
|-damage|p2a: Garganacl|46/100
|
|upkeep
|turn|10
|
|t:|1779560801
|move|p2a: Garganacl|Protect|p2a: Garganacl
|-singleturn|p2a: Garganacl|Protect
|move|p1a: Clefable|Stealth Rock||[still]
|-fail|p1a: Clefable
|
|upkeep
|turn|11
|
|t:|1779560807
|move|p1a: Clefable|Moonblast|p2a: Garganacl
|-end|p2a: Garganacl|Substitute
|move|p2a: Garganacl|Recover|p2a: Garganacl
|-heal|p2a: Garganacl|96/100
|
|upkeep
|turn|12
|
|t:|1779560816
|switch|p2a: Blissey|Blissey, F|100/100
|-damage|p2a: Blissey|88/100|[from] Stealth Rock
|move|p1a: Clefable|Moonblast|p2a: Blissey
|-damage|p2a: Blissey|76/100
|
|-heal|p2a: Blissey|82/100|[from] item: Leftovers
|upkeep
|turn|13
|
|t:|1779560822
|switch|p1a: Gholdengo|Gholdengo|88/100
|move|p2a: Blissey|Calm Mind|p2a: Blissey
|-boost|p2a: Blissey|spa|1
|-boost|p2a: Blissey|spd|1
|
|-damage|p1a: Gholdengo|76/100|[from] item: Black Sludge
|-heal|p2a: Blissey|88/100|[from] item: Leftovers
|upkeep
|turn|14
|
|t:|1779560827
|move|p1a: Gholdengo|Trick|p2a: Blissey
|-activate|p1a: Gholdengo|move: Trick|[of] p2a: Blissey
|-item|p2a: Blissey|Black Sludge|[from] move: Trick
|-item|p1a: Gholdengo|Leftovers|[from] move: Trick
|move|p2a: Blissey|Calm Mind|p2a: Blissey
|-boost|p2a: Blissey|spa|1
|-boost|p2a: Blissey|spd|1
|
|-heal|p1a: Gholdengo|82/100|[from] item: Leftovers
|-damage|p2a: Blissey|76/100|[from] item: Black Sludge
|upkeep
|turn|15
|
|t:|1779560840
|switch|p1a: Samurott|Samurott-Hisui, M|100/100
|move|p2a: Blissey|Stored Power|p1a: Samurott
|-immune|p1a: Samurott
|
|-damage|p2a: Blissey|64/100|[from] item: Black Sludge
|upkeep
|turn|16
|
|t:|1779560846
|switch|p2a: Garganacl|Garganacl, M|96/100
|-damage|p2a: Garganacl|83/100|[from] Stealth Rock
|move|p1a: Samurott|Ceaseless Edge|p2a: Garganacl
|-damage|p2a: Garganacl|60/100
|-sidestart|p2: a2533540231|Spikes
|
|upkeep
|turn|17
|
|t:|1779560850
|move|p1a: Samurott|Razor Shell|p2a: Garganacl
|-supereffective|p2a: Garganacl
|-damage|p2a: Garganacl|6/100
|move|p2a: Garganacl|Salt Cure|p1a: Samurott
|-crit|p1a: Samurott
|-damage|p1a: Samurott|79/100
|-start|p1a: Samurott|Salt Cure
|
|-damage|p1a: Samurott|54/100|[from] Salt Cure
|upkeep
|turn|18
|
|t:|1779560857
|switch|p1a: Clefable|Clefable, F|90/100
|switch|p2a: Corviknight|Corviknight, F|100/100
|-damage|p2a: Corviknight|88/100|[from] Stealth Rock
|-ability|p2a: Corviknight|Pressure
|
|upkeep
|turn|19
|
|t:|1779560862
|move|p2a: Corviknight|Defog|p1a: Clefable
|-unboost|p1a: Clefable|evasion|1
|-sideend|p2: a2533540231|Spikes|[from] move: Defog|[of] p2a: Corviknight
|-sideend|p2: a2533540231|Stealth Rock|[from] move: Defog|[of] p2a: Corviknight
|move|p1a: Clefable|Knock Off|p2a: Corviknight
|-damage|p2a: Corviknight|80/100
|-enditem|p2a: Corviknight|Rocky Helmet|[from] move: Knock Off|[of] p1a: Clefable
|
|upkeep
|turn|20
|
|t:|1779560877
|switch|p2a: Dondozo|Dondozo, F|100/100
|move|p1a: Clefable|Stealth Rock|p2a: Dondozo
|-sidestart|p2: a2533540231|move: Stealth Rock
|
|upkeep
|turn|21
|
|t:|1779560888
|move|p1a: Clefable|Knock Off|p2a: Dondozo
|-damage|p2a: Dondozo|94/100
|-enditem|p2a: Dondozo|Leftovers|[from] move: Knock Off|[of] p1a: Clefable
|move|p2a: Dondozo|Curse|p2a: Dondozo
|-unboost|p2a: Dondozo|spe|1
|-boost|p2a: Dondozo|atk|1
|-boost|p2a: Dondozo|def|1
|
|upkeep
|turn|22
|
|t:|1779560904
|switch|p1a: Samurott|Samurott-Hisui, M|54/100
|move|p2a: Dondozo|Wave Crash|p1a: Samurott
|-resisted|p1a: Samurott
|-damage|p1a: Samurott|18/100
|-damage|p2a: Dondozo|85/100|[from] Recoil
|
|upkeep
|turn|23
|
|t:|1779560909
|move|p1a: Samurott|Ceaseless Edge|p2a: Dondozo
|-damage|p2a: Dondozo|72/100
|-sidestart|p2: a2533540231|Spikes
|move|p2a: Dondozo|Body Press|p1a: Samurott
|-supereffective|p1a: Samurott
|-damage|p1a: Samurott|0 fnt
|faint|p1a: Samurott
|
|upkeep
|
|t:|1779560914
|switch|p1a: Zamazenta|Zamazenta|100/100
|-ability|p1a: Zamazenta|Dauntless Shield|boost
|-boost|p1a: Zamazenta|def|1
|turn|24
|
|t:|1779560921
|move|p2a: Dondozo|Curse|p2a: Dondozo
|-unboost|p2a: Dondozo|spe|1
|-boost|p2a: Dondozo|atk|1
|-boost|p2a: Dondozo|def|1
|move|p1a: Zamazenta|Roar|p2a: Dondozo
|drag|p2a: Clodsire|Clodsire, M|100/100
|-damage|p2a: Clodsire|94/100|[from] Stealth Rock
|-damage|p2a: Clodsire|82/100|[from] Spikes
|
|upkeep
|turn|25
|
|t:|1779560934
|switch|p1a: Gliscor|Gliscor, M|100/100 tox
|switch|p2a: Gliscor|Gliscor, F|100/100
|-damage|p2a: Gliscor|88/100|[from] Stealth Rock
|
|-status|p2a: Gliscor|tox|[from] item: Toxic Orb
|upkeep
|turn|26
|
|t:|1779560942
|move|p1a: Gliscor|Swords Dance|p1a: Gliscor
|-boost|p1a: Gliscor|atk|2
|move|p2a: Gliscor|U-turn|p1a: Gliscor
|-resisted|p1a: Gliscor
|-damage|p1a: Gliscor|95/100 tox
|
|t:|1779560945
|switch|p2a: Dondozo|Dondozo, F|72/100|[from] U-turn
|-damage|p2a: Dondozo|60/100|[from] Stealth Rock
|-damage|p2a: Dondozo|47/100|[from] Spikes
|
|-heal|p1a: Gliscor|100/100 tox|[from] ability: Poison Heal
|upkeep
|turn|27
|
|t:|1779560952
|move|p1a: Gliscor|Facade|p2a: Dondozo
|-damage|p2a: Dondozo|35/100
|move|p2a: Dondozo|Curse|p2a: Dondozo
|-unboost|p2a: Dondozo|spe|1
|-boost|p2a: Dondozo|atk|1
|-boost|p2a: Dondozo|def|1
|
|upkeep
|turn|28
|
|t:|1779560960
|switch|p1a: Clefable|Clefable, F|90/100
|move|p2a: Dondozo|Curse|p2a: Dondozo
|-unboost|p2a: Dondozo|spe|1
|-boost|p2a: Dondozo|atk|1
|-boost|p2a: Dondozo|def|1
|
|upkeep
|turn|29
|
|t:|1779560967
|move|p1a: Clefable|Moonblast|p2a: Dondozo
|-damage|p2a: Dondozo|7/100
|move|p2a: Dondozo|Wave Crash|p1a: Clefable
|-damage|p1a: Clefable|27/100
|-damage|p2a: Dondozo|0 fnt|[from] item: Rocky Helmet|[of] p1a: Clefable
|faint|p2a: Dondozo
|
|upkeep
|
|t:|1779560980
|switch|p2a: Blissey|Blissey, F|64/100
|-damage|p2a: Blissey|51/100|[from] Stealth Rock
|-damage|p2a: Blissey|39/100|[from] Spikes
|turn|30
|
|t:|1779560985
|move|p1a: Clefable|Moonlight|p1a: Clefable
|-heal|p1a: Clefable|77/100
|move|p2a: Blissey|Soft-Boiled|p2a: Blissey
|-heal|p2a: Blissey|89/100
|
|-damage|p2a: Blissey|76/100|[from] item: Black Sludge
|upkeep
|turn|31
|
|t:|1779560993
|switch|p1a: Zamazenta|Zamazenta|100/100
|move|p2a: Blissey|Calm Mind|p2a: Blissey
|-boost|p2a: Blissey|spa|1
|-boost|p2a: Blissey|spd|1
|
|-damage|p2a: Blissey|64/100|[from] item: Black Sludge
|upkeep
|turn|32
|
|t:|1779561004
|-terastallize|p2a: Blissey|Ghost
|move|p1a: Zamazenta|Body Press|p2a: Blissey
|-immune|p2a: Blissey
|move|p2a: Blissey|Stored Power|p1a: Zamazenta
|-supereffective|p1a: Zamazenta
|-damage|p1a: Zamazenta|72/100
|
|-heal|p1a: Zamazenta|78/100|[from] item: Leftovers
|-damage|p2a: Blissey|51/100|[from] item: Black Sludge
|upkeep
|turn|33
|
|t:|1779561014
|move|p1a: Zamazenta|Crunch|p2a: Blissey
|-supereffective|p2a: Blissey
|-damage|p2a: Blissey|13/100
|move|p2a: Blissey|Soft-Boiled|p2a: Blissey
|-heal|p2a: Blissey|63/100
|
|-heal|p1a: Zamazenta|84/100|[from] item: Leftovers
|-damage|p2a: Blissey|50/100|[from] item: Black Sludge
|upkeep
|turn|34
|
|t:|1779561022
|switch|p2a: Gliscor|Gliscor, F|88/100 tox
|-damage|p2a: Gliscor|76/100 tox|[from] Stealth Rock
|move|p1a: Zamazenta|Crunch|p2a: Gliscor
|-damage|p2a: Gliscor|61/100 tox
|
|-heal|p1a: Zamazenta|91/100|[from] item: Leftovers
|-heal|p2a: Gliscor|73/100 tox|[from] ability: Poison Heal
|upkeep
|turn|35
|
|t:|1779561035
|switch|p1a: Clefable|Clefable, F|77/100
|move|p2a: Gliscor|Knock Off|p1a: Clefable
|-resisted|p1a: Clefable
|-crit|p1a: Clefable
|-damage|p1a: Clefable|65/100
|-damage|p2a: Gliscor|57/100 tox|[from] item: Rocky Helmet|[of] p1a: Clefable
|-enditem|p1a: Clefable|Rocky Helmet|[from] move: Knock Off|[of] p2a: Gliscor
|
|-heal|p2a: Gliscor|69/100 tox|[from] ability: Poison Heal
|upkeep
|turn|36
|
|t:|1779561046
|move|p2a: Gliscor|Protect|p2a: Gliscor
|-singleturn|p2a: Gliscor|Protect
|move|p1a: Clefable|Moonblast|p2a: Gliscor
|-activate|p2a: Gliscor|move: Protect
|
|-heal|p2a: Gliscor|82/100 tox|[from] ability: Poison Heal
|upkeep
|turn|37
|
|t:|1779561064
|switch|p2a: Blissey|Blissey, F, tera:Ghost|50/100
|-damage|p2a: Blissey|38/100|[from] Stealth Rock
|-damage|p2a: Blissey|25/100|[from] Spikes
|move|p1a: Clefable|Moonblast|p2a: Blissey
|-damage|p2a: Blissey|13/100
|
|-damage|p2a: Blissey|0 fnt|[from] item: Black Sludge
|faint|p2a: Blissey
|upkeep
|-message|a2533540231 forfeited.
|
|win|Brooklyn Cafe
|raw|Brooklyn Cafe's rating: 1362 &rarr; <strong>1378</strong><br />(+16 for winning)
|raw|a2533540231's rating: 1286 &rarr; <strong>1266</strong><br />(-20 for losing)
|l|☆a2533540231
|player|p2|
