|j|☆chip wittley
|j|☆summerenaissance
|t:|1779581573
|gametype|singles
|player|p1|chip wittley|lance|1642
|player|p2|summerenaissance|iris-gen5bw2|1687
|gen|9
|tier|[Gen 9] OU
|rated|
|rule|HP Percentage Mod: HP is shown in percentages
|rule|Endless Battle Clause: Forcing endless battles is banned
|rule|Species Clause: Limit one of each Pokémon
|rule|OHKO Clause: OHKO moves are banned
|rule|Evasion Items Clause: Evasion items are banned
|rule|Evasion Moves Clause: Evasion moves are banned
|rule|Evasion Abilities Clause: Evasion abilities are banned
|rule|Sleep Moves Clause: Sleep-inducing moves are banned
|clearpoke
|poke|p1|Rhydon, M|
|poke|p1|Tyranitar, F|
|poke|p1|Salamence, M|
|poke|p1|Clefable, M|
|poke|p1|Excadrill, F|
|poke|p1|Volcanion|
|poke|p2|Gliscor, M|
|poke|p2|Alomomola, F|
|poke|p2|Amoonguss, M|
|poke|p2|Blissey, F|
|poke|p2|Dondozo, M|
|poke|p2|Weezing-Galar, F|
|teampreview
|
|t:|1779581584
|teamsize|p1|6
|teamsize|p2|6
|start
|switch|p1a: Tyranitar|Tyranitar, F|100/100
|switch|p2a: Gliscor|Gliscor, M|100/100
|-weather|Sandstorm|[from] ability: Sand Stream|[of] p1a: Tyranitar
|turn|1
|
|t:|1779581592
|move|p2a: Gliscor|Protect|p2a: Gliscor
|-singleturn|p2a: Gliscor|Protect
|move|p1a: Tyranitar|Knock Off|p2a: Gliscor
|-activate|p2a: Gliscor|move: Protect
|
|-weather|Sandstorm|[upkeep]
|-status|p2a: Gliscor|tox|[from] item: Toxic Orb
|upkeep
|turn|2
|
|t:|1779581598
|move|p2a: Gliscor|Knock Off|p1a: Tyranitar
|-resisted|p1a: Tyranitar
|-damage|p1a: Tyranitar|91/100
|-enditem|p1a: Tyranitar|Smooth Rock|[from] move: Knock Off|[of] p2a: Gliscor
|move|p1a: Tyranitar|Ice Beam|p2a: Gliscor
|-supereffective|p2a: Gliscor
|-damage|p2a: Gliscor|25/100 tox
|
|-weather|Sandstorm|[upkeep]
|-heal|p2a: Gliscor|38/100 tox|[from] ability: Poison Heal
|upkeep
|turn|3
|
|t:|1779581605
|move|p2a: Gliscor|Protect|p2a: Gliscor
|-singleturn|p2a: Gliscor|Protect
|move|p1a: Tyranitar|Ice Beam|p2a: Gliscor
|-activate|p2a: Gliscor|move: Protect
|
|-weather|Sandstorm|[upkeep]
|-heal|p2a: Gliscor|50/100 tox|[from] ability: Poison Heal
|upkeep
|turn|4
|
|t:|1779581608
|switch|p2a: Alomomola|Alomomola, F|100/100
|move|p1a: Tyranitar|Knock Off|p2a: Alomomola
|-damage|p2a: Alomomola|77/100
|-damage|p1a: Tyranitar|75/100|[from] item: Rocky Helmet|[of] p2a: Alomomola
|-enditem|p2a: Alomomola|Rocky Helmet|[from] move: Knock Off|[of] p1a: Tyranitar
|
|-weather|Sandstorm|[upkeep]
|-damage|p2a: Alomomola|71/100|[from] Sandstorm
|upkeep
|turn|5
|
|t:|1779581613
|move|p1a: Tyranitar|Thunderbolt|p2a: Alomomola
|-supereffective|p2a: Alomomola
|-damage|p2a: Alomomola|19/100
|move|p2a: Alomomola|Wish|p2a: Alomomola
|
|-weather|Sandstorm|[upkeep]
|-damage|p2a: Alomomola|13/100|[from] Sandstorm
|upkeep
|turn|6
|
|t:|1779581620
|move|p2a: Alomomola|Protect|p2a: Alomomola
|-singleturn|p2a: Alomomola|Protect
|move|p1a: Tyranitar|Knock Off|p2a: Alomomola
|-activate|p2a: Alomomola|move: Protect
|
|-weather|Sandstorm|[upkeep]
|-damage|p2a: Alomomola|7/100|[from] Sandstorm
|-heal|p2a: Alomomola|57/100|[from] move: Wish|[wisher] Alomomola
|upkeep
|turn|7
|
|t:|1779581625
|switch|p2a: Amoonguss|Amoonguss, M|100/100
|move|p1a: Tyranitar|Thunderbolt|p2a: Amoonguss
|-resisted|p2a: Amoonguss
|-damage|p2a: Amoonguss|90/100
|-status|p2a: Amoonguss|par
|
|-weather|Sandstorm|[upkeep]
|-damage|p2a: Amoonguss|84/100 par|[from] Sandstorm
|-heal|p2a: Amoonguss|90/100 par|[from] item: Black Sludge
|upkeep
|turn|8
|
|t:|1779581631
|switch|p1a: Clefable|Clefable, M|100/100
|move|p2a: Amoonguss|Toxic|p1a: Clefable
|-status|p1a: Clefable|tox
|
|-weather|none
|-heal|p2a: Amoonguss|96/100 par|[from] item: Black Sludge
|upkeep
|turn|9
|j| Inothtunothtino
|
|t:|1779581638
|switch|p1a: Tyranitar|Tyranitar, F|75/100
|-weather|Sandstorm|[from] ability: Sand Stream|[of] p1a: Tyranitar
|switch|p2a: Gliscor|Gliscor, M|50/100 tox
|
|-weather|Sandstorm|[upkeep]
|-heal|p2a: Gliscor|63/100 tox|[from] ability: Poison Heal
|upkeep
|turn|10
|
|t:|1779581643
|move|p2a: Gliscor|Protect|p2a: Gliscor
|-singleturn|p2a: Gliscor|Protect
|move|p1a: Tyranitar|Ice Beam|p2a: Gliscor
|-activate|p2a: Gliscor|move: Protect
|
|-weather|Sandstorm|[upkeep]
|-heal|p2a: Gliscor|75/100 tox|[from] ability: Poison Heal
|upkeep
|turn|11
|j| vkkgcjjg
|
|t:|1779581651
|-terastallize|p2a: Gliscor|Water
|move|p2a: Gliscor|Earthquake|p1a: Tyranitar
|-supereffective|p1a: Tyranitar
|-damage|p1a: Tyranitar|19/100
|move|p1a: Tyranitar|Thunderbolt|p2a: Gliscor
|-supereffective|p2a: Gliscor
|-damage|p2a: Gliscor|36/100 tox
|
|-weather|Sandstorm|[upkeep]
|-damage|p2a: Gliscor|30/100 tox|[from] Sandstorm
|-heal|p2a: Gliscor|43/100 tox|[from] ability: Poison Heal
|upkeep
|turn|12
|
|t:|1779581660
|switch|p1a: Clefable|Clefable, M|100/100 tox
|move|p2a: Gliscor|Earthquake|p1a: Clefable
|-damage|p1a: Clefable|75/100 tox
|
|-weather|Sandstorm|[upkeep]
|-damage|p2a: Gliscor|36/100 tox|[from] Sandstorm
|-heal|p1a: Clefable|81/100 tox|[from] item: Leftovers
|-heal|p2a: Gliscor|49/100 tox|[from] ability: Poison Heal
|upkeep
|turn|13
|
|t:|1779581663
|move|p2a: Gliscor|Knock Off|p1a: Clefable
|-resisted|p1a: Clefable
|-damage|p1a: Clefable|73/100 tox
|-enditem|p1a: Clefable|Leftovers|[from] move: Knock Off|[of] p2a: Gliscor
|move|p1a: Clefable|Wish|p1a: Clefable
|
|-weather|none
|-heal|p2a: Gliscor|61/100 tox|[from] ability: Poison Heal
|upkeep
|turn|14
|
|t:|1779581672
|move|p2a: Gliscor|Earthquake|p1a: Clefable
|-damage|p1a: Clefable|47/100 tox
|move|p1a: Clefable|Moonblast|p2a: Gliscor
|-damage|p2a: Gliscor|34/100 tox
|
|-heal|p1a: Clefable|97/100 tox|[from] move: Wish|[wisher] Clefable
|-heal|p2a: Gliscor|46/100 tox|[from] ability: Poison Heal
|upkeep
|turn|15
|
|t:|1779581708
|move|p2a: Gliscor|Protect|p2a: Gliscor
|-singleturn|p2a: Gliscor|Protect
|move|p1a: Clefable|Wish|p1a: Clefable
|
|-heal|p2a: Gliscor|59/100 tox|[from] ability: Poison Heal
|upkeep
|turn|16
|
|t:|1779581741
|move|p2a: Gliscor|Earthquake|p1a: Clefable
|-damage|p1a: Clefable|71/100 tox
|move|p1a: Clefable|Moonblast|p2a: Gliscor
|-damage|p2a: Gliscor|31/100 tox
|-unboost|p2a: Gliscor|spa|1
|
|-heal|p1a: Clefable|100/100 tox|[from] move: Wish|[wisher] Clefable
|-heal|p2a: Gliscor|43/100 tox|[from] ability: Poison Heal
|upkeep
|turn|17
|
|t:|1779581746
|switch|p1a: Salamence|Salamence, M|100/100
|-ability|p1a: Salamence|Intimidate|boost
|-unboost|p2a: Gliscor|atk|1
|move|p2a: Gliscor|Protect||[still]
|-fail|p2a: Gliscor
|
|-heal|p2a: Gliscor|56/100 tox|[from] ability: Poison Heal
|upkeep
|turn|18
|j| NoirSoumission
|
|t:|1779581752
|switch|p1a: Clefable|Clefable, M|100/100 tox
|switch|p2a: Alomomola|Alomomola, F|90/100
|
|upkeep
|turn|19
|
|t:|1779581762
|move|p1a: Clefable|Wish|p1a: Clefable
|move|p2a: Alomomola|Wish|p2a: Alomomola
|
|upkeep
|turn|20
|
|t:|1779581767
|switch|p1a: Volcanion|Volcanion|100/100
|switch|p2a: Gliscor|Gliscor, M, tera:Water|56/100 tox
|
|-heal|p2a: Gliscor|100/100 tox|[from] move: Wish|[wisher] Alomomola
|upkeep
|turn|21
|
|t:|1779581773
|switch|p1a: Clefable|Clefable, M|100/100 tox
|move|p2a: Gliscor|Knock Off|p1a: Clefable
|-resisted|p1a: Clefable
|-damage|p1a: Clefable|95/100 tox
|
|upkeep
|turn|22
|
|t:|1779581777
|move|p1a: Clefable|Protect|p1a: Clefable
|-singleturn|p1a: Clefable|Protect
|move|p2a: Gliscor|Spikes|p1a: Clefable
|-sidestart|p1: chip wittley|Spikes
|
|upkeep
|turn|23
|
|t:|1779581784
|switch|p1a: Salamence|Salamence, M|100/100
|-ability|p1a: Salamence|Intimidate|boost
|-unboost|p2a: Gliscor|atk|1
|move|p2a: Gliscor|Spikes|p1a: Salamence
|-sidestart|p1: chip wittley|Spikes
|
|upkeep
|turn|24
|
|t:|1779581791
|move|p1a: Salamence|Dual Wingbeat|p2a: Gliscor
|-damage|p2a: Gliscor|77/100 tox
|-damage|p2a: Gliscor|57/100 tox
|-hitcount|p2a: Gliscor|2
|-damage|p1a: Salamence|91/100|[from] item: Life Orb
|move|p2a: Gliscor|Spikes|p1a: Salamence
|-sidestart|p1: chip wittley|Spikes
|
|-heal|p2a: Gliscor|70/100 tox|[from] ability: Poison Heal
|upkeep
|turn|25
|
|t:|1779581798
|move|p1a: Salamence|Dual Wingbeat|p2a: Gliscor
|-damage|p2a: Gliscor|47/100 tox
|-damage|p2a: Gliscor|27/100 tox
|-hitcount|p2a: Gliscor|2
|-damage|p1a: Salamence|81/100|[from] item: Life Orb
|move|p2a: Gliscor|Knock Off|p1a: Salamence
|-damage|p1a: Salamence|62/100
|-enditem|p1a: Salamence|Life Orb|[from] move: Knock Off|[of] p2a: Gliscor
|
|-heal|p2a: Gliscor|39/100 tox|[from] ability: Poison Heal
|upkeep
|turn|26
|
|t:|1779581806
|switch|p1a: Volcanion|Volcanion|100/100
|move|p2a: Gliscor|Protect||[still]
|-fail|p2a: Gliscor
|
|-heal|p2a: Gliscor|52/100 tox|[from] ability: Poison Heal
|upkeep
|turn|27
|
|t:|1779581809
|switch|p1a: Salamence|Salamence, M|62/100
|-ability|p1a: Salamence|Intimidate|boost
|-unboost|p2a: Gliscor|atk|1
|move|p2a: Gliscor|Protect||[still]
|-fail|p2a: Gliscor
|
|-heal|p2a: Gliscor|64/100 tox|[from] ability: Poison Heal
|upkeep
|turn|28
|
|t:|1779581817
|switch|p1a: Clefable|Clefable, M|95/100 tox
|switch|p2a: Alomomola|Alomomola, F|100/100
|
|upkeep
|turn|29
|
|t:|1779581824
|move|p1a: Clefable|Wish|p1a: Clefable
|move|p2a: Alomomola|Flip Turn|p1a: Clefable
|-damage|p1a: Clefable|82/100 tox
|
|t:|1779581826
|switch|p2a: Gliscor|Gliscor, M, tera:Water|64/100 tox|[from] Flip Turn
|
|-heal|p2a: Gliscor|77/100 tox|[from] ability: Poison Heal
|upkeep
|turn|30
|
|t:|1779581833
|switch|p1a: Salamence|Salamence, M|62/100
|-ability|p1a: Salamence|Intimidate|boost
|-unboost|p2a: Gliscor|atk|1
|move|p2a: Gliscor|Earthquake|p1a: Salamence
|-immune|p1a: Salamence
|
|-heal|p1a: Salamence|100/100|[from] move: Wish|[wisher] Clefable
|-heal|p2a: Gliscor|89/100 tox|[from] ability: Poison Heal
|upkeep
|turn|31
|
|t:|1779581843
|switch|p1a: Clefable|Clefable, M|82/100 tox
|switch|p2a: Alomomola|Alomomola, F|100/100
|
|upkeep
|turn|32
|
|t:|1779581855
|switch|p1a: Volcanion|Volcanion|100/100
|move|p2a: Alomomola|Flip Turn|p1a: Volcanion
|-immune|p1a: Volcanion|[from] ability: Water Absorb
|
|upkeep
|turn|33
|
|t:|1779581859
|switch|p1a: Clefable|Clefable, M|82/100 tox
|switch|p2a: Gliscor|Gliscor, M, tera:Water|89/100 tox
|
|-heal|p2a: Gliscor|100/100 tox|[from] ability: Poison Heal
|upkeep
|turn|34
|
|t:|1779581865
|switch|p2a: Blissey|Blissey, F|100/100
|switch|p1a: Salamence|Salamence, M|100/100
|-ability|p1a: Salamence|Intimidate|boost
|-unboost|p2a: Blissey|atk|1
|
|upkeep
|turn|35
|
|t:|1779581874
|switch|p1a: Excadrill|Excadrill, F|100/100
|-item|p1a: Excadrill|Air Balloon
|switch|p2a: Gliscor|Gliscor, M, tera:Water|100/100 tox
|
|upkeep
|turn|36
|
|t:|1779581877
|switch|p1a: Clefable|Clefable, M|82/100 tox
|move|p2a: Gliscor|Knock Off|p1a: Clefable
|-resisted|p1a: Clefable
|-damage|p1a: Clefable|76/100 tox
|
|upkeep
|turn|37
|
|t:|1779581882
|switch|p2a: Weezing|Weezing-Galar, F|100/100
|-ability|p2a: Weezing|Neutralizing Gas
|move|p1a: Clefable|Wish|p1a: Clefable
|
|-damage|p1a: Clefable|64/100 tox|[from] psn
|upkeep
|turn|38
|
|t:|1779581890
|move|p1a: Clefable|Protect|p1a: Clefable
|-singleturn|p1a: Clefable|Protect
|move|p2a: Weezing|Will-O-Wisp|p1a: Clefable
|-activate|p1a: Clefable|move: Protect
|
|-heal|p1a: Clefable|100/100 tox|[from] move: Wish|[wisher] Clefable
|-damage|p1a: Clefable|82/100 tox|[from] psn
|upkeep
|turn|39
|
|t:|1779581893
|switch|p1a: Volcanion|Volcanion|100/100
|move|p2a: Weezing|Sludge Bomb|p1a: Volcanion
|-damage|p1a: Volcanion|71/100
|-status|p1a: Volcanion|psn
|
|-damage|p1a: Volcanion|58/100 psn|[from] psn
|upkeep
|turn|40
|
|t:|1779581907
|-end|p2a: Weezing|ability: Neutralizing Gas
|switch|p2a: Gliscor|Gliscor, M, tera:Water|100/100 tox
|move|p1a: Volcanion|Steam Eruption|p2a: Gliscor
|-resisted|p2a: Gliscor
|-damage|p2a: Gliscor|73/100 tox
|
|-heal|p2a: Gliscor|85/100 tox|[from] ability: Poison Heal
|-damage|p1a: Volcanion|46/100 psn|[from] psn
|upkeep
|turn|41
|
|t:|1779581918
|switch|p1a: Clefable|Clefable, M|82/100 tox
|move|p2a: Gliscor|Earthquake|p1a: Clefable
|-damage|p1a: Clefable|56/100 tox
|
|-heal|p2a: Gliscor|98/100 tox|[from] ability: Poison Heal
|upkeep
|turn|42
|
|t:|1779581931
|switch|p2a: Weezing|Weezing-Galar, F|100/100
|-ability|p2a: Weezing|Neutralizing Gas
|move|p1a: Clefable|Wish|p1a: Clefable
|
|-damage|p1a: Clefable|44/100 tox|[from] psn
|upkeep
|turn|43
|
|t:|1779581938
|move|p1a: Clefable|Protect|p1a: Clefable
|-singleturn|p1a: Clefable|Protect
|move|p2a: Weezing|Sludge Bomb|p1a: Clefable
|-activate|p1a: Clefable|move: Protect
|
|-heal|p1a: Clefable|94/100 tox|[from] move: Wish|[wisher] Clefable
|-damage|p1a: Clefable|76/100 tox|[from] psn
|upkeep
|turn|44
|
|t:|1779581986
|switch|p1a: Rhydon|Rhydon, M|100/100
|-damage|p1a: Rhydon|76/100|[from] Spikes
|move|p2a: Weezing|Will-O-Wisp|p1a: Rhydon
|-status|p1a: Rhydon|brn
|
|-damage|p1a: Rhydon|70/100 brn|[from] brn
|upkeep
|turn|45
|
|t:|1779581996
|-end|p2a: Weezing|ability: Neutralizing Gas
|switch|p2a: Gliscor|Gliscor, M, tera:Water|98/100 tox
|move|p1a: Rhydon|Stealth Rock|p2a: Gliscor
|-sidestart|p2: summerenaissance|move: Stealth Rock
|
|-heal|p2a: Gliscor|100/100 tox|[from] ability: Poison Heal
|-damage|p1a: Rhydon|64/100 brn|[from] brn
|upkeep
|turn|46
|
|t:|1779582003
|switch|p1a: Salamence|Salamence, M|100/100
|-ability|p1a: Salamence|Intimidate|boost
|-unboost|p2a: Gliscor|atk|1
|move|p2a: Gliscor|Knock Off|p1a: Salamence
|-damage|p1a: Salamence|88/100
|
|upkeep
|turn|47
|
|t:|1779582009
|switch|p2a: Alomomola|Alomomola, F|100/100
|-damage|p2a: Alomomola|88/100|[from] Stealth Rock
|move|p1a: Salamence|Dual Wingbeat|p2a: Alomomola
|-damage|p2a: Alomomola|76/100
|-damage|p2a: Alomomola|65/100
|-hitcount|p2a: Alomomola|2
|
|upkeep
|turn|48
|
|t:|1779582019
|move|p1a: Salamence|Dual Wingbeat|p2a: Alomomola|[miss]
|-miss|p1a: Salamence|p2a: Alomomola
|move|p2a: Alomomola|Scald|p1a: Salamence
|-resisted|p1a: Salamence
|-damage|p1a: Salamence|80/100
|
|upkeep
|turn|49
|
|t:|1779582023
|switch|p1a: Volcanion|Volcanion|46/100 psn
|move|p2a: Alomomola|Wish|p2a: Alomomola
|
|-damage|p1a: Volcanion|34/100 psn|[from] psn
|upkeep
|turn|50
|
|t:|1779582026
|switch|p2a: Gliscor|Gliscor, M, tera:Water|100/100 tox
|-damage|p2a: Gliscor|88/100 tox|[from] Stealth Rock
|move|p1a: Volcanion|Steam Eruption|p2a: Gliscor
|-resisted|p2a: Gliscor
|-damage|p2a: Gliscor|63/100 tox
|
|-heal|p2a: Gliscor|100/100 tox|[from] move: Wish|[wisher] Alomomola
|-damage|p1a: Volcanion|21/100 psn|[from] psn
|upkeep
|turn|51
|
|t:|1779582048
|switch|p1a: Clefable|Clefable, M|76/100 tox
|move|p2a: Gliscor|Knock Off|p1a: Clefable
|-resisted|p1a: Clefable
|-damage|p1a: Clefable|70/100 tox
|
|upkeep
|turn|52
|
|t:|1779582069
|move|p2a: Gliscor|Earthquake|p1a: Clefable
|-damage|p1a: Clefable|45/100 tox
|move|p1a: Clefable|Thunder Wave||[still]
|-fail|p1a: Clefable
|
|upkeep
|turn|53
|
|t:|1779582076
|switch|p2a: Weezing|Weezing-Galar, F|100/100
|-ability|p2a: Weezing|Neutralizing Gas
|switch|p1a: Salamence|Salamence, M|80/100
|
|upkeep
|turn|54
|
|t:|1779582084
|switch|p1a: Rhydon|Rhydon, M|64/100 brn
|-damage|p1a: Rhydon|39/100 brn|[from] Spikes
|move|p2a: Weezing|Will-O-Wisp|p1a: Rhydon|[miss]
|-miss|p2a: Weezing|p1a: Rhydon
|
|-damage|p1a: Rhydon|33/100 brn|[from] brn
|upkeep
|turn|55
|
|t:|1779582088
|-end|p2a: Weezing|ability: Neutralizing Gas
|switch|p2a: Gliscor|Gliscor, M, tera:Water|100/100 tox
|-damage|p2a: Gliscor|88/100 tox|[from] Stealth Rock
|move|p1a: Rhydon|Earthquake|p2a: Gliscor
|-crit|p2a: Gliscor
|-damage|p2a: Gliscor|58/100 tox
|
|-heal|p2a: Gliscor|71/100 tox|[from] ability: Poison Heal
|-damage|p1a: Rhydon|27/100 brn|[from] brn
|upkeep
|turn|56
|
|t:|1779582101
|switch|p1a: Salamence|Salamence, M|80/100
|-ability|p1a: Salamence|Intimidate|boost
|-unboost|p2a: Gliscor|atk|1
|move|p2a: Gliscor|Knock Off|p1a: Salamence
|-damage|p1a: Salamence|68/100
|
|-heal|p2a: Gliscor|83/100 tox|[from] ability: Poison Heal
|upkeep
|turn|57
|
|t:|1779582110
|switch|p1a: Clefable|Clefable, M|45/100 tox
|move|p2a: Gliscor|Knock Off|p1a: Clefable
|-resisted|p1a: Clefable
|-damage|p1a: Clefable|42/100 tox
|
|-heal|p2a: Gliscor|96/100 tox|[from] ability: Poison Heal
|upkeep
|turn|58
|
|t:|1779582123
|move|p2a: Gliscor|Earthquake|p1a: Clefable
|-damage|p1a: Clefable|25/100 tox
|move|p1a: Clefable|Wish|p1a: Clefable
|
|-heal|p2a: Gliscor|100/100 tox|[from] ability: Poison Heal
|upkeep
|turn|59
|
|t:|1779582129
|move|p2a: Gliscor|Earthquake|p1a: Clefable
|-damage|p1a: Clefable|8/100 tox
|move|p1a: Clefable|Moonblast|p2a: Gliscor
|-damage|p2a: Gliscor|74/100 tox
|
|-heal|p1a: Clefable|58/100 tox|[from] move: Wish|[wisher] Clefable
|-heal|p2a: Gliscor|87/100 tox|[from] ability: Poison Heal
|upkeep
|turn|60
|l| NoirSoumission
|
|t:|1779582141
|switch|p2a: Weezing|Weezing-Galar, F|100/100
|-ability|p2a: Weezing|Neutralizing Gas
|switch|p1a: Salamence|Salamence, M|68/100
|
|upkeep
|turn|61
|
|t:|1779582164
|switch|p1a: Volcanion|Volcanion|21/100 psn
|move|p2a: Weezing|Will-O-Wisp||[still]
|-fail|p2a: Weezing
|
|-damage|p1a: Volcanion|9/100 psn|[from] psn
|upkeep
|turn|62
|
|t:|1779582170
|switch|p1a: Clefable|Clefable, M|58/100 tox
|-damage|p1a: Clefable|33/100 tox|[from] Spikes
|-end|p2a: Weezing|ability: Neutralizing Gas
|switch|p2a: Gliscor|Gliscor, M, tera:Water|87/100 tox
|-damage|p2a: Gliscor|74/100 tox|[from] Stealth Rock
|
|-heal|p2a: Gliscor|87/100 tox|[from] ability: Poison Heal
|upkeep
|turn|63
|
|t:|1779582176
|move|p2a: Gliscor|Earthquake|p1a: Clefable
|-damage|p1a: Clefable|10/100 tox
|move|p1a: Clefable|Wish|p1a: Clefable
|
|-heal|p2a: Gliscor|99/100 tox|[from] ability: Poison Heal
|upkeep
|turn|64
|
|t:|1779582182
|move|p1a: Clefable|Protect|p1a: Clefable
|-singleturn|p1a: Clefable|Protect
|move|p2a: Gliscor|Knock Off|p1a: Clefable
|-activate|p1a: Clefable|move: Protect
|
|-heal|p1a: Clefable|60/100 tox|[from] move: Wish|[wisher] Clefable
|-heal|p2a: Gliscor|100/100 tox|[from] ability: Poison Heal
|upkeep
|turn|65
|
|t:|1779582188
|switch|p2a: Weezing|Weezing-Galar, F|100/100
|-ability|p2a: Weezing|Neutralizing Gas
|move|p1a: Clefable|Wish|p1a: Clefable
|
|-damage|p1a: Clefable|36/100 tox|[from] psn
|upkeep
|turn|66
|
|t:|1779582197
|move|p1a: Clefable|Protect|p1a: Clefable
|-singleturn|p1a: Clefable|Protect
|move|p2a: Weezing|Sludge Bomb|p1a: Clefable
|-activate|p1a: Clefable|move: Protect
|
|-heal|p1a: Clefable|86/100 tox|[from] move: Wish|[wisher] Clefable
|-damage|p1a: Clefable|55/100 tox|[from] psn
|upkeep
|turn|67
|j| NoirSoumission
|l| vkkgcjjg
|
|t:|1779582204
|switch|p1a: Rhydon|Rhydon, M|27/100 brn
|-damage|p1a: Rhydon|2/100 brn|[from] Spikes
|move|p2a: Weezing|Sludge Bomb|p1a: Rhydon
|-resisted|p1a: Rhydon
|-damage|p1a: Rhydon|0 fnt
|faint|p1a: Rhydon
|
|upkeep
|
|t:|1779582209
|switch|p1a: Excadrill|Excadrill, F|100/100
|-item|p1a: Excadrill|Air Balloon
|turn|68
|
|t:|1779582222
|switch|p1a: Volcanion|Volcanion|9/100 psn
|move|p2a: Weezing|Will-O-Wisp||[still]
|-fail|p2a: Weezing
|
|-damage|p1a: Volcanion|0 fnt|[from] psn
|faint|p1a: Volcanion
|upkeep
|j| nesnot
|
|t:|1779582231
|switch|p1a: Salamence|Salamence, M|68/100
|turn|69
|
|t:|1779582237
|-terastallize|p1a: Salamence|Fire
|move|p1a: Salamence|Dual Wingbeat|p2a: Weezing
|-damage|p2a: Weezing|86/100
|-damage|p2a: Weezing|71/100
|-hitcount|p2a: Weezing|2
|move|p2a: Weezing|Will-O-Wisp|p1a: Salamence|[miss]
|-miss|p2a: Weezing|p1a: Salamence
|
|upkeep
|turn|70
|
|t:|1779582244
|switch|p1a: Excadrill|Excadrill, F|100/100
|-item|p1a: Excadrill|Air Balloon
|-end|p2a: Weezing|ability: Neutralizing Gas
|switch|p2a: Gliscor|Gliscor, M, tera:Water|100/100 tox
|-damage|p2a: Gliscor|88/100 tox|[from] Stealth Rock
|
|-heal|p2a: Gliscor|100/100 tox|[from] ability: Poison Heal
|upkeep
|turn|71
|
|t:|1779582247
|switch|p1a: Clefable|Clefable, M|55/100 tox
|move|p2a: Gliscor|Knock Off|p1a: Clefable
|-resisted|p1a: Clefable
|-crit|p1a: Clefable
|-damage|p1a: Clefable|46/100 tox
|
|upkeep
|turn|72
|
|t:|1779582250
|move|p2a: Gliscor|Earthquake|p1a: Clefable
|-damage|p1a: Clefable|21/100 tox
|move|p1a: Clefable|Wish|p1a: Clefable
|
|upkeep
|turn|73
|j| kanaete onegai
|
|t:|1779582257
|switch|p2a: Weezing|Weezing-Galar, F|71/100
|-ability|p2a: Weezing|Neutralizing Gas
|move|p1a: Clefable|Protect||[still]
|-fail|p1a: Clefable
|
|-heal|p1a: Clefable|71/100 tox|[from] move: Wish|[wisher] Clefable
|-damage|p1a: Clefable|52/100 tox|[from] psn
|upkeep
|turn|74
|
|t:|1779582270
|switch|p1a: Salamence|Salamence, M, tera:Fire|68/100
|-damage|p1a: Salamence|43/100|[from] Spikes
|move|p2a: Weezing|Sludge Bomb|p1a: Salamence
|-damage|p1a: Salamence|8/100
|
|upkeep
|turn|75
|
|t:|1779582279
|move|p1a: Salamence|Dual Wingbeat|p2a: Weezing
|-damage|p2a: Weezing|57/100
|-crit|p2a: Weezing
|-damage|p2a: Weezing|37/100
|-hitcount|p2a: Weezing|2
|move|p2a: Weezing|Sludge Bomb|p1a: Salamence
|-damage|p1a: Salamence|0 fnt
|faint|p1a: Salamence
|
|upkeep
|
|t:|1779582281
|switch|p1a: Excadrill|Excadrill, F|100/100
|-item|p1a: Excadrill|Air Balloon
|turn|76
|
|t:|1779582289
|-end|p2a: Weezing|ability: Neutralizing Gas
|switch|p2a: Gliscor|Gliscor, M, tera:Water|100/100 tox
|-damage|p2a: Gliscor|88/100 tox|[from] Stealth Rock
|move|p1a: Excadrill|Earthquake|p2a: Gliscor
|-damage|p2a: Gliscor|43/100 tox
|
|-heal|p2a: Gliscor|56/100 tox|[from] ability: Poison Heal
|upkeep
|turn|77
|
|t:|1779582299
|switch|p1a: Clefable|Clefable, M|52/100 tox
|move|p2a: Gliscor|Protect||[still]
|-fail|p2a: Gliscor
|
|-heal|p2a: Gliscor|68/100 tox|[from] ability: Poison Heal
|upkeep
|turn|78
|
|t:|1779582311
|switch|p1a: Excadrill|Excadrill, F|100/100
|-item|p1a: Excadrill|Air Balloon
|move|p2a: Gliscor|Earthquake|p1a: Excadrill
|-immune|p1a: Excadrill
|
|-heal|p2a: Gliscor|81/100 tox|[from] ability: Poison Heal
|upkeep
|turn|79
|
|t:|1779582316
|switch|p1a: Clefable|Clefable, M|52/100 tox
|move|p2a: Gliscor|Knock Off|p1a: Clefable
|-resisted|p1a: Clefable
|-damage|p1a: Clefable|47/100 tox
|
|-heal|p2a: Gliscor|93/100 tox|[from] ability: Poison Heal
|upkeep
|turn|80
|
|t:|1779582320
|switch|p2a: Alomomola|Alomomola, F|98/100
|-damage|p2a: Alomomola|86/100|[from] Stealth Rock
|move|p1a: Clefable|Wish|p1a: Clefable
|
|upkeep
|turn|81
|
|t:|1779582326
|move|p1a: Clefable|Moonblast|p2a: Alomomola
|-damage|p2a: Alomomola|51/100
|move|p2a: Alomomola|Wish|p2a: Alomomola
|
|-heal|p1a: Clefable|97/100 tox|[from] move: Wish|[wisher] Clefable
|upkeep
|turn|82
|
|t:|1779582330
|switch|p2a: Weezing|Weezing-Galar, F|37/100
|-ability|p2a: Weezing|Neutralizing Gas
|move|p1a: Clefable|Thunder Wave|p2a: Weezing
|-status|p2a: Weezing|par
|
|-heal|p2a: Weezing|100/100 par|[from] move: Wish|[wisher] Alomomola
|-damage|p1a: Clefable|73/100 tox|[from] psn
|upkeep
|turn|83
|
|t:|1779582341
|switch|p1a: Tyranitar|Tyranitar, F|19/100
|-damage|p1a: Tyranitar|0 fnt|[from] Spikes
|faint|p1a: Tyranitar
|cant|p2a: Weezing|par
|
|upkeep
|
|t:|1779582343
|switch|p1a: Excadrill|Excadrill, F|100/100
|-item|p1a: Excadrill|Air Balloon
|turn|84
|
|t:|1779582348
|-end|p2a: Weezing|ability: Neutralizing Gas
|switch|p2a: Gliscor|Gliscor, M, tera:Water|93/100 tox
|-damage|p2a: Gliscor|81/100 tox|[from] Stealth Rock
|move|p1a: Excadrill|Earthquake|p2a: Gliscor
|-damage|p2a: Gliscor|36/100 tox
|
|-heal|p2a: Gliscor|49/100 tox|[from] ability: Poison Heal
|upkeep
|turn|85
|
|t:|1779582359
|move|p2a: Gliscor|Protect|p2a: Gliscor
|-singleturn|p2a: Gliscor|Protect
|move|p1a: Excadrill|Swords Dance|p1a: Excadrill
|-boost|p1a: Excadrill|atk|2
|
|-heal|p2a: Gliscor|61/100 tox|[from] ability: Poison Heal
|upkeep
|turn|86
|
|t:|1779582376
|move|p1a: Excadrill|Earthquake|p2a: Gliscor
|-damage|p2a: Gliscor|0 fnt
|faint|p2a: Gliscor
|
|upkeep
|
|t:|1779582378
|switch|p2a: Dondozo|Dondozo, M|100/100
|-damage|p2a: Dondozo|88/100|[from] Stealth Rock
|turn|87
|
|t:|1779582382
|switch|p1a: Clefable|Clefable, M|73/100 tox
|move|p2a: Dondozo|Body Press|p1a: Clefable
|-resisted|p1a: Clefable
|-damage|p1a: Clefable|61/100 tox
|
|-heal|p2a: Dondozo|94/100|[from] item: Leftovers
|upkeep
|turn|88
|
|t:|1779582385
|switch|p2a: Alomomola|Alomomola, F|84/100
|-damage|p2a: Alomomola|72/100|[from] Stealth Rock
|move|p1a: Clefable|Moonblast|p2a: Alomomola
|-damage|p2a: Alomomola|34/100
|-unboost|p2a: Alomomola|spa|1
|
|upkeep
|turn|89
|
|t:|1779582393
|switch|p1a: Excadrill|Excadrill, F|100/100
|-item|p1a: Excadrill|Air Balloon
|switch|p2a: Amoonguss|Amoonguss, M|100/100 par
|-damage|p2a: Amoonguss|88/100 par|[from] Stealth Rock
|
|-heal|p2a: Amoonguss|94/100 par|[from] item: Black Sludge
|upkeep
|turn|90
|
|t:|1779582397
|move|p1a: Excadrill|Earthquake|p2a: Amoonguss
|-damage|p2a: Amoonguss|52/100 par
|move|p2a: Amoonguss|Foul Play|p1a: Excadrill
|-damage|p1a: Excadrill|49/100
|-enditem|p1a: Excadrill|Air Balloon
|
|-heal|p2a: Amoonguss|58/100 par|[from] item: Black Sludge
|upkeep
|turn|91
|
|t:|1779582401
|move|p1a: Excadrill|Rock Slide|p2a: Amoonguss|[miss]
|-miss|p1a: Excadrill|p2a: Amoonguss
|move|p2a: Amoonguss|Foul Play|p1a: Excadrill
|-damage|p1a: Excadrill|0 fnt
|faint|p1a: Excadrill
|
|-heal|p2a: Amoonguss|64/100 par|[from] item: Black Sludge
|upkeep
|-message|chip wittley forfeited.
|
|win|summerenaissance
|raw|chip wittley's rating: 1642 &rarr; <strong>1625</strong><br />(-17 for losing)
|raw|summerenaissance's rating: 1687 &rarr; <strong>1704</strong><br />(+17 for winning)
|l|☆chip wittley
|player|p1|
|l| nesnot
|l| Inothtunothtino
|l|☆summerenaissance
|player|p2|
