|j|☆eevee1995
|j|‽tfuylyig7y9y
|t:|1779564492
|gametype|singles
|player|p1|eevee1995|2|1063
|player|p2|tfuylyig7y9y|2|1038
|gen|9
|tier|[Gen 9] OU
|rated|
|rule|HP Percentage Mod: HP is shown in percentages
|rule|Endless Battle Clause: Forcing endless battles is banned
|rule|Species Clause: Limit one of each Pokémon
|rule|OHKO Clause: OHKO moves are banned
|rule|Evasion Items Clause: Evasion items are banned
|rule|Evasion Moves Clause: Evasion moves are banned
|rule|Evasion Abilities Clause: Evasion abilities are banned
|rule|Sleep Moves Clause: Sleep-inducing moves are banned
|clearpoke
|poke|p1|Mandibuzz, F|
|poke|p1|Porygon-Z|
|poke|p1|Staraptor, M|
|poke|p1|Zoroark-Hisui, M|
|poke|p1|Greedent, M|
|poke|p1|Ting-Lu|
|poke|p2|Cinderace, M|
|poke|p2|Kingambit, F|
|poke|p2|Landorus-Therian, M|
|poke|p2|Iron Valiant|
|poke|p2|Kyurem|
|poke|p2|Slowking-Galar, M|
|teampreview
|
|t:|1779564515
|teamsize|p1|6
|teamsize|p2|6
|start
|switch|p1a: OU Slave|Mandibuzz, F, shiny|100/100
|switch|p2a: Kyurem|Kyurem|100/100
|-ability|p2a: Kyurem|Pressure
|turn|1
|
|t:|1779564521
|move|p2a: Kyurem|Substitute|p2a: Kyurem
|-start|p2a: Kyurem|Substitute
|-damage|p2a: Kyurem|76/100
|move|p1a: OU Slave|Knock Off|p2a: Kyurem
|-end|p2a: Kyurem|Substitute
|
|-heal|p2a: Kyurem|82/100|[from] item: Leftovers
|upkeep
|turn|2
|
|t:|1779564527
|move|p2a: Kyurem|Protect|p2a: Kyurem
|-singleturn|p2a: Kyurem|Protect
|move|p1a: OU Slave|Knock Off|p2a: Kyurem
|-activate|p2a: Kyurem|move: Protect
|
|-heal|p2a: Kyurem|88/100|[from] item: Leftovers
|upkeep
|turn|3
|
|t:|1779564534
|switch|p2a: Cinderace|Cinderace, M|100/100
|move|p1a: OU Slave|Tailwind|p1a: OU Slave
|-sidestart|p1: eevee1995|move: Tailwind
|
|upkeep
|turn|4
|
|t:|1779564540
|move|p1a: OU Slave|Knock Off|p2a: Cinderace
|-damage|p2a: Cinderace|60/100
|-enditem|p2a: Cinderace|Heavy-Duty Boots|[from] move: Knock Off|[of] p1a: OU Slave
|move|p2a: Cinderace|Court Change|p2a: Cinderace
|-swapsideconditions
|-activate|p2a: Cinderace|move: Court Change
|
|upkeep
|turn|5
|
|t:|1779564546
|move|p2a: Cinderace|U-turn|p1a: OU Slave
|-crit|p1a: OU Slave
|-damage|p1a: OU Slave|77/100
|-damage|p2a: Cinderace|43/100|[from] item: Rocky Helmet|[of] p1a: OU Slave
|-ability|p1a: OU Slave|Weak Armor|boost
|-unboost|p1a: OU Slave|def|1
|-boost|p1a: OU Slave|spe|2
|
|t:|1779564553
|switch|p2a: Landorus|Landorus-Therian, M|100/100|[from] U-turn
|-ability|p2a: Landorus|Intimidate|boost
|-unboost|p1a: OU Slave|atk|1
|move|p1a: OU Slave|Tailwind|p1a: OU Slave
|-sidestart|p1: eevee1995|move: Tailwind
|
|upkeep
|turn|6
|
|t:|1779564561
|move|p1a: OU Slave|Dual Wingbeat|p2a: Landorus
|-damage|p2a: Landorus|92/100
|-damage|p1a: OU Slave|60/100|[from] item: Rocky Helmet|[of] p2a: Landorus
|-damage|p2a: Landorus|83/100
|-damage|p1a: OU Slave|43/100|[from] item: Rocky Helmet|[of] p2a: Landorus
|-hitcount|p2a: Landorus|2
|move|p2a: Landorus|Rock Tomb|p1a: OU Slave
|-supereffective|p1a: OU Slave
|-damage|p1a: OU Slave|0 fnt
|faint|p1a: OU Slave
|
|-sideend|p2: tfuylyig7y9y|move: Tailwind
|upkeep
|
|t:|1779564575
|switch|p1a: The Neck Breaker|Staraptor, M, shiny|100/100
|turn|7
|
|t:|1779564579
|switch|p2a: Slowking|Slowking-Galar, M|100/100
|move|p1a: The Neck Breaker|Double-Edge|p2a: Slowking
|-damage|p2a: Slowking|0 fnt
|faint|p2a: Slowking
|-damage|p1a: The Neck Breaker|59/100|[from] Recoil
|
|upkeep
|
|t:|1779564587
|switch|p2a: Landorus|Landorus-Therian, M|83/100
|-ability|p2a: Landorus|Intimidate|boost
|-unboost|p1a: The Neck Breaker|atk|1
|turn|8
|
|t:|1779564598
|switch|p1a: Deer Cauldron|Ting-Lu, shiny|100/100
|-ability|p1a: Deer Cauldron|Vessel of Ruin
|move|p2a: Landorus|Rock Tomb|p1a: Deer Cauldron
|-resisted|p1a: Deer Cauldron
|-damage|p1a: Deer Cauldron|95/100
|-unboost|p1a: Deer Cauldron|spe|1
|
|-heal|p1a: Deer Cauldron|100/100|[from] item: Leftovers
|-sideend|p1: eevee1995|move: Tailwind
|upkeep
|turn|9
|
|t:|1779564607
|move|p2a: Landorus|Taunt|p1a: Deer Cauldron
|-start|p1a: Deer Cauldron|move: Taunt
|cant|p1a: Deer Cauldron|move: Taunt|Stealth Rock
|
|upkeep
|turn|10
|
|t:|1779564613
|move|p2a: Landorus|U-turn|p1a: Deer Cauldron
|-supereffective|p1a: Deer Cauldron
|-damage|p1a: Deer Cauldron|75/100
|
|t:|1779564616
|switch|p2a: Cinderace|Cinderace, M|43/100|[from] U-turn
|move|p1a: Deer Cauldron|Ruination|p2a: Cinderace
|-damage|p2a: Cinderace|22/100
|
|-heal|p1a: Deer Cauldron|81/100|[from] item: Leftovers
|upkeep
|turn|11
|
|t:|1779564623
|move|p2a: Cinderace|Will-O-Wisp|p1a: Deer Cauldron
|-status|p1a: Deer Cauldron|brn
|move|p1a: Deer Cauldron|Earthquake|p2a: Cinderace
|-supereffective|p2a: Cinderace
|-damage|p2a: Cinderace|0 fnt
|faint|p2a: Cinderace
|
|-heal|p1a: Deer Cauldron|88/100 brn|[from] item: Leftovers
|-damage|p1a: Deer Cauldron|81/100 brn|[from] brn
|-end|p1a: Deer Cauldron|move: Taunt
|upkeep
|inactive|Battle timer is ON: inactive players will automatically lose when time's up. (requested by eevee1995)
|
|t:|1779564636
|switch|p2a: Landorus|Landorus-Therian, M|83/100
|-ability|p2a: Landorus|Intimidate|boost
|-unboost|p1a: Deer Cauldron|atk|1
|turn|12
|
|t:|1779564641
|move|p2a: Landorus|Taunt|p1a: Deer Cauldron
|-start|p1a: Deer Cauldron|move: Taunt
|move|p1a: Deer Cauldron|Ruination|p2a: Landorus
|-damage|p2a: Landorus|42/100
|
|-heal|p1a: Deer Cauldron|88/100 brn|[from] item: Leftovers
|-damage|p1a: Deer Cauldron|81/100 brn|[from] brn
|upkeep
|turn|13
|
|t:|1779564649
|move|p2a: Landorus|U-turn|p1a: Deer Cauldron
|-supereffective|p1a: Deer Cauldron
|-damage|p1a: Deer Cauldron|56/100 brn
|
|t:|1779564652
|switch|p2a: Kyurem|Kyurem|88/100|[from] U-turn
|-ability|p2a: Kyurem|Pressure
|move|p1a: Deer Cauldron|Ruination|p2a: Kyurem|[miss]
|-miss|p1a: Deer Cauldron|p2a: Kyurem
|
|-heal|p2a: Kyurem|94/100|[from] item: Leftovers
|-heal|p1a: Deer Cauldron|62/100 brn|[from] item: Leftovers
|-damage|p1a: Deer Cauldron|56/100 brn|[from] brn
|upkeep
|turn|14
|
|t:|1779564662
|move|p2a: Kyurem|Freeze-Dry|p1a: Deer Cauldron
|-supereffective|p1a: Deer Cauldron
|-damage|p1a: Deer Cauldron|27/100 brn
|move|p1a: Deer Cauldron|Ruination|p2a: Kyurem
|-damage|p2a: Kyurem|47/100
|
|-heal|p2a: Kyurem|54/100|[from] item: Leftovers
|-heal|p1a: Deer Cauldron|33/100 brn|[from] item: Leftovers
|-damage|p1a: Deer Cauldron|27/100 brn|[from] brn
|-end|p1a: Deer Cauldron|move: Taunt
|upkeep
|turn|15
|
|t:|1779564672
|move|p2a: Kyurem|Freeze-Dry|p1a: Deer Cauldron
|-supereffective|p1a: Deer Cauldron
|-damage|p1a: Deer Cauldron|0 fnt
|faint|p1a: Deer Cauldron
|
|-heal|p2a: Kyurem|60/100|[from] item: Leftovers
|upkeep
|
|t:|1779564685
|switch|p1a: Mmph~ Sitwus bewy|Greedent, M, shiny|100/100
|turn|16
|
|t:|1779564695
|move|p2a: Kyurem|Earth Power|p1a: Mmph~ Sitwus bewy
|-damage|p1a: Mmph~ Sitwus bewy|70/100
|move|p1a: Mmph~ Sitwus bewy|Body Slam|p2a: Kyurem
|-damage|p2a: Kyurem|25/100
|
|-heal|p2a: Kyurem|31/100|[from] item: Leftovers
|upkeep
|turn|17
|
|t:|1779564705
|move|p2a: Kyurem|Protect|p2a: Kyurem
|-singleturn|p2a: Kyurem|Protect
|move|p1a: Mmph~ Sitwus bewy|Swords Dance|p1a: Mmph~ Sitwus bewy
|-boost|p1a: Mmph~ Sitwus bewy|atk|2
|
|-heal|p2a: Kyurem|37/100|[from] item: Leftovers
|upkeep
|turn|18
|
|t:|1779564712
|switch|p2a: Landorus|Landorus-Therian, M|42/100
|-ability|p2a: Landorus|Intimidate|boost
|-unboost|p1a: Mmph~ Sitwus bewy|atk|1
|move|p1a: Mmph~ Sitwus bewy|Body Slam|p2a: Landorus
|-damage|p2a: Landorus|0 fnt
|-damage|p1a: Mmph~ Sitwus bewy|53/100|[from] item: Rocky Helmet|[of] p2a: Landorus
|faint|p2a: Landorus
|
|upkeep
|
|t:|1779564729
|switch|p2a: Iron Valiant|Iron Valiant|100/100
|-enditem|p2a: Iron Valiant|Booster Energy
|-activate|p2a: Iron Valiant|ability: Quark Drive|[fromitem]
|-start|p2a: Iron Valiant|quarkdrivespe
|turn|19
|
|t:|1779564737
|-terastallize|p2a: Iron Valiant|Ghost
|-terastallize|p1a: Mmph~ Sitwus bewy|Ground
|move|p2a: Iron Valiant|Moonblast|p1a: Mmph~ Sitwus bewy
|-damage|p1a: Mmph~ Sitwus bewy|8/100
|-enditem|p1a: Mmph~ Sitwus bewy|Sitrus Berry|[eat]
|-heal|p1a: Mmph~ Sitwus bewy|33/100|[from] item: Sitrus Berry
|-heal|p1a: Mmph~ Sitwus bewy|66/100|[from] ability: Cheek Pouch
|move|p1a: Mmph~ Sitwus bewy|Earthquake|p2a: Iron Valiant
|-damage|p2a: Iron Valiant|15/100
|
|upkeep
|turn|20
|
|t:|1779564752
|move|p2a: Iron Valiant|Moonblast|p1a: Mmph~ Sitwus bewy
|-damage|p1a: Mmph~ Sitwus bewy|18/100
|move|p1a: Mmph~ Sitwus bewy|Earthquake|p2a: Iron Valiant
|-damage|p2a: Iron Valiant|0 fnt
|faint|p2a: Iron Valiant
|-end|p2a: Iron Valiant|Quark Drive|[silent]
|
|upkeep
|
|t:|1779564758
|switch|p2a: Kyurem|Kyurem|37/100
|-ability|p2a: Kyurem|Pressure
|turn|21
|
|t:|1779564763
|move|p2a: Kyurem|Freeze-Dry|p1a: Mmph~ Sitwus bewy
|-supereffective|p1a: Mmph~ Sitwus bewy
|-damage|p1a: Mmph~ Sitwus bewy|0 fnt
|faint|p1a: Mmph~ Sitwus bewy
|
|-heal|p2a: Kyurem|43/100|[from] item: Leftovers
|upkeep
|
|t:|1779564777
|switch|p1a: Dragon Ball Z|Porygon-Z, shiny|100/100
|turn|22
|
|t:|1779564786
|move|p2a: Kyurem|Protect|p2a: Kyurem
|-singleturn|p2a: Kyurem|Protect
|move|p1a: Dragon Ball Z|Nasty Plot|p1a: Dragon Ball Z
|-boost|p1a: Dragon Ball Z|spa|2
|
|-heal|p2a: Kyurem|50/100|[from] item: Leftovers
|upkeep
|turn|23
|-message|tfuylyig7y9y forfeited.
|
|win|eevee1995
|raw|eevee1995's rating: 1063 &rarr; <strong>1091</strong><br />(+28 for winning)
|raw|tfuylyig7y9y's rating: 1038 &rarr; <strong>1023</strong><br />(-15 for losing)
|l|‽tfuylyig7y9y
|player|p2|
