|j|☆spectorfake
|j|☆claudechamp
|t:|1779578197
|gametype|singles
|player|p1|spectorfake|cynthia|1248
|player|p2|claudechamp|101|1238
|gen|9
|tier|[Gen 9] OU
|rated|
|rule|HP Percentage Mod: HP is shown in percentages
|rule|Endless Battle Clause: Forcing endless battles is banned
|rule|Species Clause: Limit one of each Pokémon
|rule|OHKO Clause: OHKO moves are banned
|rule|Evasion Items Clause: Evasion items are banned
|rule|Evasion Moves Clause: Evasion moves are banned
|rule|Evasion Abilities Clause: Evasion abilities are banned
|rule|Sleep Moves Clause: Sleep-inducing moves are banned
|clearpoke
|poke|p1|Zamazenta-*|
|poke|p1|Gliscor, M|
|poke|p1|Great Tusk|
|poke|p1|Slowking-Galar, F|
|poke|p1|Gholdengo|
|poke|p1|Iron Moth|
|poke|p2|Gliscor, M|
|poke|p2|Gholdengo|
|poke|p2|Zamazenta-*|
|poke|p2|Blissey, F|
|poke|p2|Skarmory, M|
|poke|p2|Pecharunt|
|teampreview
|c|☆claudechamp|hf
|inactive|Battle timer is ON: inactive players will automatically lose when time's up. (requested by claudechamp)
|
|t:|1779578201
|teamsize|p1|6
|teamsize|p2|6
|start
|switch|p1a: Gliscor|Gliscor, M|100/100
|switch|p2a: Skarmory|Skarmory, M|100/100
|turn|1
|
|t:|1779578206
|move|p1a: Gliscor|Spikes|p2a: Skarmory
|-sidestart|p2: claudechamp|Spikes
|move|p2a: Skarmory|Spikes|p1a: Gliscor
|-sidestart|p1: spectorfake|Spikes
|
|-status|p1a: Gliscor|tox|[from] item: Toxic Orb
|upkeep
|turn|2
|
|t:|1779578212
|move|p1a: Gliscor|Spikes|p2a: Skarmory
|-sidestart|p2: claudechamp|Spikes
|move|p2a: Skarmory|Spikes|p1a: Gliscor
|-sidestart|p1: spectorfake|Spikes
|
|upkeep
|turn|3
|
|t:|1779578215
|move|p1a: Gliscor|Spikes|p2a: Skarmory
|-sidestart|p2: claudechamp|Spikes
|move|p2a: Skarmory|Spikes|p1a: Gliscor
|-sidestart|p1: spectorfake|Spikes
|
|upkeep
|turn|4
|
|t:|1779578219
|move|p1a: Gliscor|Knock Off|p2a: Skarmory
|-damage|p2a: Skarmory|88/100
|-enditem|p2a: Skarmory|Heavy-Duty Boots|[from] move: Knock Off|[of] p1a: Gliscor
|move|p2a: Skarmory|Whirlwind|p1a: Gliscor
|drag|p1a: Great Tusk|Great Tusk|100/100
|-damage|p1a: Great Tusk|76/100|[from] Spikes
|-enditem|p1a: Great Tusk|Booster Energy
|-activate|p1a: Great Tusk|ability: Protosynthesis|[fromitem]
|-start|p1a: Great Tusk|protosynthesisspe
|
|upkeep
|turn|5
|
|t:|1779578230
|switch|p2a: Pecharunt|Pecharunt|100/100
|move|p1a: Great Tusk|Rapid Spin|p2a: Pecharunt
|-immune|p2a: Pecharunt
|
|upkeep
|turn|6
|
|t:|1779578238
|move|p1a: Great Tusk|Headlong Rush|p2a: Pecharunt
|-supereffective|p2a: Pecharunt
|-damage|p2a: Pecharunt|49/100
|-unboost|p1a: Great Tusk|def|1
|-unboost|p1a: Great Tusk|spd|1
|move|p2a: Pecharunt|Shadow Ball|p1a: Great Tusk
|-damage|p1a: Great Tusk|30/100
|
|upkeep
|turn|7
|
|t:|1779578246
|-terastallize|p2a: Pecharunt|Fairy
|move|p1a: Great Tusk|Headlong Rush|p2a: Pecharunt
|-damage|p2a: Pecharunt|26/100
|-unboost|p1a: Great Tusk|def|1
|-unboost|p1a: Great Tusk|spd|1
|move|p2a: Pecharunt|Shadow Ball|p1a: Great Tusk
|-damage|p1a: Great Tusk|0 fnt
|faint|p1a: Great Tusk
|-end|p1a: Great Tusk|Protosynthesis|[silent]
|
|upkeep
|
|t:|1779578256
|switch|p1a: Gholdengo|Gholdengo|100/100
|-damage|p1a: Gholdengo|76/100|[from] Spikes
|turn|8
|
|t:|1779578260
|move|p1a: Gholdengo|Shadow Ball|p2a: Pecharunt
|-damage|p2a: Pecharunt|0 fnt
|faint|p2a: Pecharunt
|
|upkeep
|
|t:|1779578262
|switch|p2a: Blissey|Blissey, F|100/100
|turn|9
|
|t:|1779578266
|switch|p1a: Gliscor|Gliscor, M|100/100 tox
|move|p2a: Blissey|Stealth Rock|p1a: Gliscor
|-sidestart|p1: spectorfake|move: Stealth Rock
|
|upkeep
|turn|10
|
|t:|1779578272
|switch|p2a: Skarmory|Skarmory, M|88/100
|move|p1a: Gliscor|Knock Off|p2a: Skarmory
|-damage|p2a: Skarmory|79/100
|
|upkeep
|turn|11
|
|t:|1779578277
|switch|p1a: Iron Moth|Iron Moth|100/100
|-damage|p1a: Iron Moth|76/100|[from] Spikes
|-damage|p1a: Iron Moth|51/100|[from] Stealth Rock
|-enditem|p1a: Iron Moth|Booster Energy
|-activate|p1a: Iron Moth|ability: Quark Drive|[fromitem]
|-start|p1a: Iron Moth|quarkdrivespe
|move|p2a: Skarmory|Roost|p2a: Skarmory
|-heal|p2a: Skarmory|100/100
|-singleturn|p2a: Skarmory|move: Roost
|
|upkeep
|turn|12
|
|t:|1779578288
|switch|p2a: Gliscor|Gliscor, M|100/100
|move|p1a: Iron Moth|Fiery Dance|p2a: Gliscor
|-damage|p2a: Gliscor|63/100
|-boost|p1a: Iron Moth|spa|1
|
|-status|p2a: Gliscor|tox|[from] item: Toxic Orb
|upkeep
|turn|13
|
|t:|1779578298
|-terastallize|p1a: Iron Moth|Fairy
|move|p1a: Iron Moth|Fiery Dance|p2a: Gliscor
|-damage|p2a: Gliscor|4/100 tox
|move|p2a: Gliscor|Earthquake|p1a: Iron Moth
|-damage|p1a: Iron Moth|5/100
|
|-heal|p2a: Gliscor|16/100 tox|[from] ability: Poison Heal
|upkeep
|turn|14
|
|t:|1779578306
|switch|p2a: Blissey|Blissey, F|100/100
|move|p1a: Iron Moth|Fiery Dance|p2a: Blissey
|-damage|p2a: Blissey|82/100
|
|upkeep
|turn|15
|
|t:|1779578312
|move|p1a: Iron Moth|Sludge Wave|p2a: Blissey
|-damage|p2a: Blissey|61/100
|move|p2a: Blissey|Shadow Ball|p1a: Iron Moth
|-damage|p1a: Iron Moth|0 fnt
|faint|p1a: Iron Moth
|-end|p1a: Iron Moth|Quark Drive|[silent]
|
|upkeep
|
|t:|1779578319
|switch|p1a: Zamazenta|Zamazenta|100/100
|-damage|p1a: Zamazenta|76/100|[from] Spikes
|-damage|p1a: Zamazenta|69/100|[from] Stealth Rock
|-ability|p1a: Zamazenta|Dauntless Shield|boost
|-boost|p1a: Zamazenta|def|1
|turn|16
|
|t:|1779578325
|switch|p2a: Gliscor|Gliscor, M|16/100 tox
|move|p1a: Zamazenta|Crunch|p2a: Gliscor
|-crit|p2a: Gliscor
|-damage|p2a: Gliscor|0 fnt
|faint|p2a: Gliscor
|-damage|p1a: Zamazenta|60/100|[from] item: Life Orb
|
|upkeep
|
|t:|1779578328
|switch|p2a: Skarmory|Skarmory, M|100/100
|turn|17
|
|t:|1779578335
|move|p1a: Zamazenta|Close Combat|p2a: Skarmory
|-damage|p2a: Skarmory|55/100
|-unboost|p1a: Zamazenta|def|1
|-unboost|p1a: Zamazenta|spd|1
|-damage|p1a: Zamazenta|50/100|[from] item: Life Orb
|move|p2a: Skarmory|Whirlwind|p1a: Zamazenta
|drag|p1a: Gliscor|Gliscor, M|100/100 tox
|-damage|p1a: Gliscor|88/100 tox|[from] Stealth Rock
|
|-heal|p1a: Gliscor|100/100 tox|[from] ability: Poison Heal
|upkeep
|turn|18
|
|t:|1779578346
|move|p1a: Gliscor|Spikes||[still]
|-fail|p1a: Gliscor
|move|p2a: Skarmory|Roost|p2a: Skarmory
|-heal|p2a: Skarmory|100/100
|-singleturn|p2a: Skarmory|move: Roost
|
|upkeep
|turn|19
|
|t:|1779578356
|switch|p1a: Gholdengo|Gholdengo|76/100
|-damage|p1a: Gholdengo|51/100|[from] Spikes
|-damage|p1a: Gholdengo|45/100|[from] Stealth Rock
|move|p2a: Skarmory|Whirlwind|p1a: Gholdengo
|-immune|p1a: Gholdengo|[from] ability: Good as Gold
|
|upkeep
|turn|20
|
|t:|1779578365
|switch|p2a: Blissey|Blissey, F|61/100
|move|p1a: Gholdengo|Trick|p2a: Blissey
|-activate|p1a: Gholdengo|move: Trick|[of] p2a: Blissey
|-item|p2a: Blissey|Choice Scarf|[from] move: Trick
|-item|p1a: Gholdengo|Heavy-Duty Boots|[from] move: Trick
|
|upkeep
|turn|21
|
|t:|1779578371
|move|p1a: Gholdengo|Focus Blast|p2a: Blissey
|-supereffective|p2a: Blissey
|-damage|p2a: Blissey|33/100
|move|p2a: Blissey|Shadow Ball|p1a: Gholdengo
|-supereffective|p1a: Gholdengo
|-damage|p1a: Gholdengo|10/100
|
|upkeep
|turn|22
|
|t:|1779578380
|move|p1a: Gholdengo|Focus Blast|p2a: Blissey|[miss]
|-miss|p1a: Gholdengo|p2a: Blissey
|move|p2a: Blissey|Shadow Ball|p1a: Gholdengo
|-supereffective|p1a: Gholdengo
|-damage|p1a: Gholdengo|0 fnt
|faint|p1a: Gholdengo
|
|upkeep
|
|t:|1779578388
|switch|p1a: Zamazenta|Zamazenta|50/100
|-damage|p1a: Zamazenta|25/100|[from] Spikes
|-damage|p1a: Zamazenta|19/100|[from] Stealth Rock
|turn|23
|
|t:|1779578392
|switch|p2a: Skarmory|Skarmory, M|100/100
|move|p1a: Zamazenta|Close Combat|p2a: Skarmory
|-damage|p2a: Skarmory|55/100
|-unboost|p1a: Zamazenta|def|1
|-unboost|p1a: Zamazenta|spd|1
|-damage|p1a: Zamazenta|9/100|[from] item: Life Orb
|
|upkeep
|turn|24
|
|t:|1779578400
|move|p1a: Zamazenta|Close Combat|p2a: Skarmory
|-damage|p2a: Skarmory|3/100
|-unboost|p1a: Zamazenta|def|1
|-unboost|p1a: Zamazenta|spd|1
|-damage|p1a: Zamazenta|0 fnt|[from] item: Life Orb
|faint|p1a: Zamazenta
|move|p2a: Skarmory|Roost|p2a: Skarmory
|-heal|p2a: Skarmory|53/100
|-singleturn|p2a: Skarmory|move: Roost
|
|upkeep
|
|t:|1779578409
|switch|p1a: Slowking|Slowking-Galar, F|100/100
|-damage|p1a: Slowking|76/100|[from] Spikes
|-damage|p1a: Slowking|63/100|[from] Stealth Rock
|turn|25
|
|t:|1779578414
|move|p1a: Slowking|Flamethrower|p2a: Skarmory
|-supereffective|p2a: Skarmory
|-damage|p2a: Skarmory|0 fnt
|faint|p2a: Skarmory
|
|upkeep
|
|t:|1779578420
|switch|p2a: Gholdengo|Gholdengo|100/100
|-damage|p2a: Gholdengo|76/100|[from] Spikes
|turn|26
|
|t:|1779578424
|switch|p1a: Gliscor|Gliscor, M|100/100 tox
|-damage|p1a: Gliscor|88/100 tox|[from] Stealth Rock
|move|p2a: Gholdengo|Nasty Plot|p2a: Gholdengo
|-boost|p2a: Gholdengo|spa|2
|
|-heal|p1a: Gliscor|100/100 tox|[from] ability: Poison Heal
|upkeep
|turn|27
|
|t:|1779578433
|move|p2a: Gholdengo|Hex|p1a: Gliscor
|-damage|p1a: Gliscor|0 fnt
|faint|p1a: Gliscor
|
|upkeep
|-message|spectorfake forfeited.
|
|win|claudechamp
|raw|spectorfake's rating: 1248 &rarr; <strong>1225</strong><br />(-23 for losing)
|raw|claudechamp's rating: 1270 &rarr; <strong>1293</strong><br />(+23 for winning)
|c|☆claudechamp|gg
|l|☆spectorfake
|player|p1|
