|j|☆Kogasscarf
|j|☆InDaHouseSun
|t:|1779712970
|gametype|singles
|player|p1|Kogasscarf|koga|1408
|player|p2|InDaHouseSun|biker-gen4|1387
|gen|9
|tier|[Gen 9] OU
|rated|
|rule|HP Percentage Mod: HP is shown in percentages
|rule|Endless Battle Clause: Forcing endless battles is banned
|rule|Species Clause: Limit one of each Pokémon
|rule|OHKO Clause: OHKO moves are banned
|rule|Evasion Items Clause: Evasion items are banned
|rule|Evasion Moves Clause: Evasion moves are banned
|rule|Evasion Abilities Clause: Evasion abilities are banned
|rule|Sleep Moves Clause: Sleep-inducing moves are banned
|clearpoke
|poke|p1|Enamorus, F|
|poke|p1|Cinderace, M|
|poke|p1|Mandibuzz, F|
|poke|p1|Kyurem|
|poke|p1|Ting-Lu|
|poke|p1|Inteleon, M|
|poke|p2|Great Tusk|
|poke|p2|Ogerpon-Wellspring, F|
|poke|p2|Gholdengo|
|poke|p2|Kingambit, F|
|poke|p2|Moltres|
|poke|p2|Raging Bolt|
|teampreview
|inactive|Battle timer is ON: inactive players will automatically lose when time's up. (requested by Kogasscarf)
|inactive|Kogasscarf has 120 seconds left.
|
|t:|1779713008
|teamsize|p1|6
|teamsize|p2|6
|start
|switch|p1a: Enamorus|Enamorus, F|100/100
|switch|p2a: Gholdengo|Gholdengo|100/100
|turn|1
|
|t:|1779713024
|switch|p2a: Moltres|Moltres|100/100
|move|p1a: Enamorus|Substitute|p1a: Enamorus
|-start|p1a: Enamorus|Substitute
|-damage|p1a: Enamorus|76/100
|
|upkeep
|turn|2
|
|t:|1779713030
|move|p1a: Enamorus|Calm Mind|p1a: Enamorus
|-boost|p1a: Enamorus|spa|1
|-boost|p1a: Enamorus|spd|1
|move|p2a: Moltres|Flamethrower|p1a: Enamorus
|-end|p1a: Enamorus|Substitute
|
|upkeep
|turn|3
|
|t:|1779713037
|move|p1a: Enamorus|Calm Mind|p1a: Enamorus
|-boost|p1a: Enamorus|spa|1
|-boost|p1a: Enamorus|spd|1
|move|p2a: Moltres|Roar|p1a: Enamorus
|drag|p1a: Kyurem|Kyurem, shiny|100/100
|-ability|p1a: Kyurem|Pressure
|
|upkeep
|turn|4
|
|t:|1779713046
|switch|p2a: Gholdengo|Gholdengo|100/100
|move|p1a: Kyurem|Ice Beam|p2a: Gholdengo
|-resisted|p2a: Gholdengo
|-damage|p2a: Gholdengo|69/100
|-status|p2a: Gholdengo|frz
|
|upkeep
|turn|5
|
|t:|1779713060
|switch|p2a: Kingambit|Kingambit, F|100/100
|switch|p1a: Inteleon|Inteleon, M|100/100
|
|upkeep
|turn|6
|
|t:|1779713067
|-end|p2a: Kingambit|fallenundefined|[silent]
|switch|p2a: Ogerpon|Ogerpon-Wellspring, F|100/100
|move|p1a: Inteleon|Ice Beam|p2a: Ogerpon
|-damage|p2a: Ogerpon|59/100
|
|upkeep
|turn|7
|
|t:|1779713089
|move|p2a: Ogerpon|Power Whip|p1a: Inteleon
|-supereffective|p1a: Inteleon
|-damage|p1a: Inteleon|0 fnt
|faint|p1a: Inteleon
|
|upkeep
|
|t:|1779713098
|switch|p1a: Enamorus|Enamorus, F|76/100
|turn|8
|
|t:|1779713109
|switch|p2a: Moltres|Moltres|100/100
|move|p1a: Enamorus|Moonblast|p2a: Moltres
|-resisted|p2a: Moltres
|-damage|p2a: Moltres|73/100
|
|upkeep
|turn|9
|
|t:|1779713117
|move|p1a: Enamorus|Calm Mind|p1a: Enamorus
|-boost|p1a: Enamorus|spa|1
|-boost|p1a: Enamorus|spd|1
|move|p2a: Moltres|U-turn|p1a: Enamorus
|-resisted|p1a: Enamorus
|-damage|p1a: Enamorus|70/100
|
|t:|1779713132
|switch|p2a: Raging Bolt|Raging Bolt|100/100|[from] U-turn
|
|upkeep
|turn|10
|
|t:|1779713136
|switch|p1a: Ting-Lu|Ting-Lu, shiny|100/100
|-ability|p1a: Ting-Lu|Vessel of Ruin
|-end|p2a: Raging Bolt|Protosynthesis|[silent]
|switch|p2a: Moltres|Moltres|73/100
|
|upkeep
|turn|11
|
|t:|1779713144
|move|p2a: Moltres|U-turn|p1a: Ting-Lu
|-supereffective|p1a: Ting-Lu
|-damage|p1a: Ting-Lu|82/100
|-enditem|p1a: Ting-Lu|Weakness Policy
|-boost|p1a: Ting-Lu|atk|2|[from] item: Weakness Policy
|-boost|p1a: Ting-Lu|spa|2|[from] item: Weakness Policy
|
|t:|1779713153
|switch|p2a: Great Tusk|Great Tusk, shiny|100/100|[from] U-turn
|move|p1a: Ting-Lu|Stone Edge|p2a: Great Tusk
|-resisted|p2a: Great Tusk
|-damage|p2a: Great Tusk|88/100
|
|upkeep
|turn|12
|
|t:|1779713171
|move|p2a: Great Tusk|Stealth Rock|p1a: Ting-Lu
|-sidestart|p1: Kogasscarf|move: Stealth Rock
|move|p1a: Ting-Lu|Earthquake|p2a: Great Tusk
|-damage|p2a: Great Tusk|13/100
|
|upkeep
|turn|13
|
|t:|1779713190
|-end|p2a: Great Tusk|Protosynthesis|[silent]
|switch|p2a: Moltres|Moltres|73/100
|move|p1a: Ting-Lu|Earthquake|p2a: Moltres
|-immune|p2a: Moltres
|
|upkeep
|turn|14
|
|t:|1779713197
|switch|p2a: Gholdengo|Gholdengo|69/100 frz
|move|p1a: Ting-Lu|Stone Edge|p2a: Gholdengo|[miss]
|-miss|p1a: Ting-Lu|p2a: Gholdengo
|
|upkeep
|turn|15
|
|t:|1779713204
|-curestatus|p2a: Gholdengo|frz|[msg]
|move|p2a: Gholdengo|Trick|p1a: Ting-Lu
|-activate|p2a: Gholdengo|move: Trick|[of] p1a: Ting-Lu
|-item|p1a: Ting-Lu|Choice Scarf|[from] move: Trick
|-enditem|p2a: Gholdengo|Choice Scarf|[silent]|[from] move: Trick
|move|p1a: Ting-Lu|Earthquake|p2a: Gholdengo
|-supereffective|p2a: Gholdengo
|-damage|p2a: Gholdengo|0 fnt
|faint|p2a: Gholdengo
|
|upkeep
|
|t:|1779713214
|switch|p2a: Moltres|Moltres|73/100
|turn|16
|
|t:|1779713222
|switch|p1a: Cinderace|Cinderace, M, shiny|100/100
|-damage|p1a: Cinderace|76/100|[from] Stealth Rock
|move|p2a: Moltres|Flamethrower|p1a: Cinderace
|-resisted|p1a: Cinderace
|-damage|p1a: Cinderace|49/100
|
|upkeep
|turn|17
|
|t:|1779713232
|move|p1a: Cinderace|Court Change|p1a: Cinderace
|-start|p1a: Cinderace|typechange|Normal|[from] ability: Libero
|-swapsideconditions
|-activate|p1a: Cinderace|move: Court Change
|move|p2a: Moltres|Flamethrower|p1a: Cinderace
|-damage|p1a: Cinderace|0 fnt
|faint|p1a: Cinderace
|
|upkeep
|
|t:|1779713253
|switch|p1a: Kyurem|Kyurem, shiny|100/100
|-ability|p1a: Kyurem|Pressure
|turn|18
|
|t:|1779713268
|switch|p2a: Kingambit|Kingambit, F|100/100
|-damage|p2a: Kingambit|94/100|[from] Stealth Rock
|-activate|p2a: Kingambit|ability: Supreme Overlord
|-start|p2a: Kingambit|fallen1|[silent]
|move|p1a: Kyurem|Draco Meteor|p2a: Kingambit|[miss]
|-miss|p1a: Kyurem|p2a: Kingambit
|
|upkeep
|turn|19
|
|t:|1779713278
|switch|p1a: Mandibuzz|Mandibuzz, F, shiny|100/100
|move|p2a: Kingambit|Iron Head|p1a: Mandibuzz
|-crit|p1a: Mandibuzz
|-damage|p1a: Mandibuzz|52/100
|-damage|p2a: Kingambit|78/100|[from] item: Rocky Helmet|[of] p1a: Mandibuzz
|
|upkeep
|turn|20
|
|t:|1779713295
|-end|p2a: Kingambit|fallen1|[silent]
|switch|p2a: Raging Bolt|Raging Bolt|100/100
|-damage|p2a: Raging Bolt|88/100|[from] Stealth Rock
|move|p1a: Mandibuzz|Roost|p1a: Mandibuzz
|-heal|p1a: Mandibuzz|100/100
|-singleturn|p1a: Mandibuzz|move: Roost
|
|-heal|p2a: Raging Bolt|94/100|[from] item: Leftovers
|upkeep
|turn|21
|
|t:|1779713307
|move|p2a: Raging Bolt|Dragon Pulse|p1a: Mandibuzz
|-damage|p1a: Mandibuzz|56/100
|move|p1a: Mandibuzz|Toxic|p2a: Raging Bolt
|-status|p2a: Raging Bolt|tox
|
|-heal|p2a: Raging Bolt|100/100 tox|[from] item: Leftovers
|-damage|p2a: Raging Bolt|94/100 tox|[from] psn
|upkeep
|turn|22
|
|t:|1779713313
|move|p2a: Raging Bolt|Dragon Pulse|p1a: Mandibuzz
|-damage|p1a: Mandibuzz|12/100
|move|p1a: Mandibuzz|Roost|p1a: Mandibuzz
|-heal|p1a: Mandibuzz|62/100
|-singleturn|p1a: Mandibuzz|move: Roost
|
|-heal|p2a: Raging Bolt|100/100 tox|[from] item: Leftovers
|-damage|p2a: Raging Bolt|88/100 tox|[from] psn
|upkeep
|turn|23
|
|t:|1779713319
|move|p2a: Raging Bolt|Thunderbolt|p1a: Mandibuzz
|-supereffective|p1a: Mandibuzz
|-damage|p1a: Mandibuzz|0 fnt
|faint|p1a: Mandibuzz
|
|-heal|p2a: Raging Bolt|94/100 tox|[from] item: Leftovers
|-damage|p2a: Raging Bolt|76/100 tox|[from] psn
|upkeep
|
|t:|1779713336
|switch|p1a: Kyurem|Kyurem, shiny|100/100
|-ability|p1a: Kyurem|Pressure
|turn|24
|
|t:|1779713347
|-terastallize|p2a: Raging Bolt|Fairy
|move|p1a: Kyurem|Earth Power|p2a: Raging Bolt
|-damage|p2a: Raging Bolt|42/100 tox
|move|p2a: Raging Bolt|Dragon Pulse|p1a: Kyurem
|-supereffective|p1a: Kyurem
|-damage|p1a: Kyurem|0 fnt
|faint|p1a: Kyurem
|
|-heal|p2a: Raging Bolt|48/100 tox|[from] item: Leftovers
|-damage|p2a: Raging Bolt|23/100 tox|[from] psn
|upkeep
|
|t:|1779713353
|switch|p1a: Enamorus|Enamorus, F|70/100
|turn|25
|
|t:|1779713370
|-terastallize|p1a: Enamorus|Ground
|move|p1a: Enamorus|Calm Mind|p1a: Enamorus
|-boost|p1a: Enamorus|spa|1
|-boost|p1a: Enamorus|spd|1
|move|p2a: Raging Bolt|Volt Switch|p1a: Enamorus
|-immune|p1a: Enamorus
|
|-heal|p2a: Raging Bolt|29/100 tox|[from] item: Leftovers
|-damage|p2a: Raging Bolt|0 fnt|[from] psn
|faint|p2a: Raging Bolt
|-end|p2a: Raging Bolt|Protosynthesis|[silent]
|upkeep
|
|t:|1779713381
|switch|p2a: Moltres|Moltres|73/100
|turn|26
|
|t:|1779713387
|move|p1a: Enamorus|Moonblast|p2a: Moltres
|-resisted|p2a: Moltres
|-damage|p2a: Moltres|32/100
|-unboost|p2a: Moltres|spa|1
|move|p2a: Moltres|Roost|p2a: Moltres
|-heal|p2a: Moltres|82/100
|-singleturn|p2a: Moltres|move: Roost
|
|upkeep
|turn|27
|
|t:|1779713396
|move|p1a: Enamorus|Moonblast|p2a: Moltres
|-resisted|p2a: Moltres
|-damage|p2a: Moltres|46/100
|move|p2a: Moltres|Roar|p1a: Enamorus
|drag|p1a: Ting-Lu|Ting-Lu, shiny|82/100
|-ability|p1a: Ting-Lu|Vessel of Ruin
|
|upkeep
|turn|28
|
|t:|1779713413
|switch|p2a: Kingambit|Kingambit, F|78/100
|-damage|p2a: Kingambit|72/100|[from] Stealth Rock
|-activate|p2a: Kingambit|ability: Supreme Overlord
|-start|p2a: Kingambit|fallen2|[silent]
|move|p1a: Ting-Lu|Earthquake|p2a: Kingambit
|-supereffective|p2a: Kingambit
|-damage|p2a: Kingambit|4/100
|
|upkeep
|turn|29
|
|t:|1779713430
|switch|p1a: Enamorus|Enamorus, F, tera:Ground|70/100
|-end|p2a: Kingambit|fallen2|[silent]
|switch|p2a: Moltres|Moltres|46/100
|
|upkeep
|turn|30
|
|t:|1779713437
|move|p1a: Enamorus|Moonblast|p2a: Moltres
|-resisted|p2a: Moltres
|-damage|p2a: Moltres|18/100
|move|p2a: Moltres|Roost|p2a: Moltres
|-heal|p2a: Moltres|68/100
|-singleturn|p2a: Moltres|move: Roost
|
|upkeep
|turn|31
|
|t:|1779713448
|move|p1a: Enamorus|Moonblast|p2a: Moltres
|-resisted|p2a: Moltres
|-damage|p2a: Moltres|41/100
|move|p2a: Moltres|Roost|p2a: Moltres
|-heal|p2a: Moltres|91/100
|-singleturn|p2a: Moltres|move: Roost
|
|upkeep
|turn|32
|
|t:|1779713457
|move|p1a: Enamorus|Moonblast|p2a: Moltres
|-resisted|p2a: Moltres
|-damage|p2a: Moltres|64/100
|move|p2a: Moltres|Flamethrower|p1a: Enamorus
|-damage|p1a: Enamorus|17/100
|
|upkeep
|turn|33
|
|t:|1779713466
|move|p1a: Enamorus|Moonblast|p2a: Moltres
|-resisted|p2a: Moltres
|-damage|p2a: Moltres|40/100
|move|p2a: Moltres|Flamethrower|p1a: Enamorus
|-damage|p1a: Enamorus|0 fnt
|faint|p1a: Enamorus
|
|upkeep
|
|t:|1779713470
|switch|p1a: Ting-Lu|Ting-Lu, shiny|82/100
|-ability|p1a: Ting-Lu|Vessel of Ruin
|turn|34
|
|t:|1779713478
|switch|p2a: Kingambit|Kingambit, F|4/100
|-damage|p2a: Kingambit|0 fnt|[from] Stealth Rock
|faint|p2a: Kingambit
|-end|p2a: Kingambit|fallenundefined|[silent]
|move|p1a: Ting-Lu|Stone Edge|p2: Kingambit|[notarget]
|-fail|p1a: Ting-Lu
|
|upkeep
|
|t:|1779713487
|switch|p2a: Great Tusk|Great Tusk, shiny|13/100
|turn|35
|
|t:|1779713495
|move|p2a: Great Tusk|Ice Spinner|p1a: Ting-Lu
|-supereffective|p1a: Ting-Lu
|-damage|p1a: Ting-Lu|48/100
|move|p1a: Ting-Lu|Stone Edge|p2a: Great Tusk|[miss]
|-miss|p1a: Ting-Lu|p2a: Great Tusk
|
|upkeep
|turn|36
|-message|Kogasscarf forfeited.
|
|win|InDaHouseSun
|raw|Kogasscarf's rating: 1408 &rarr; <strong>1387</strong><br />(-21 for losing)
|raw|InDaHouseSun's rating: 1387 &rarr; <strong>1408</strong><br />(+21 for winning)
|l|☆Kogasscarf
|player|p1|
|l|☆InDaHouseSun
|player|p2|
