|j|☆smithwick1
|j|‽aaagislash
|t:|1779624226
|gametype|singles
|player|p1|smithwick1|169|1547
|player|p2|aaagislash|102|1563
|gen|9
|tier|[Gen 9] OU
|rated|
|rule|HP Percentage Mod: HP is shown in percentages
|rule|Endless Battle Clause: Forcing endless battles is banned
|rule|Species Clause: Limit one of each Pokémon
|rule|OHKO Clause: OHKO moves are banned
|rule|Evasion Items Clause: Evasion items are banned
|rule|Evasion Moves Clause: Evasion moves are banned
|rule|Evasion Abilities Clause: Evasion abilities are banned
|rule|Sleep Moves Clause: Sleep-inducing moves are banned
|clearpoke
|poke|p1|Zamazenta-*|
|poke|p1|Dragapult, F|
|poke|p1|Pecharunt|
|poke|p1|Ogerpon-Wellspring, F|
|poke|p1|Iron Treads|
|poke|p1|Kingambit, F|
|poke|p2|Venomoth, M|
|poke|p2|Ribombee, F|
|poke|p2|Pelipper, F|
|poke|p2|Vivillon, F|
|poke|p2|Talonflame, M|
|poke|p2|Espeon, F|
|teampreview
|
|t:|1779624237
|teamsize|p1|6
|teamsize|p2|6
|start
|switch|p1a: Iron Treads|Iron Treads|100/100
|switch|p2a: Pelipper|Pelipper, F|100/100
|-weather|RainDance|[from] ability: Drizzle|[of] p2a: Pelipper
|-enditem|p1a: Iron Treads|Booster Energy
|-activate|p1a: Iron Treads|ability: Quark Drive|[fromitem]
|-start|p1a: Iron Treads|quarkdrivespe
|turn|1
|c|☆smithwick1|Cool team
|
|t:|1779624245
|switch|p2a: Espeon|Espeon, F|100/100
|move|p1a: Iron Treads|Knock Off|p2a: Espeon
|-supereffective|p2a: Espeon
|-damage|p2a: Espeon|0 fnt
|-enditem|p2a: Espeon|Choice Specs|[from] move: Knock Off|[of] p1a: Iron Treads
|faint|p2a: Espeon
|
|-weather|RainDance|[upkeep]
|upkeep
|
|t:|1779624257
|switch|p2a: Ribombee|Ribombee, F|100/100
|turn|2
|
|t:|1779624262
|move|p1a: Iron Treads|Stealth Rock|p2a: Ribombee
|-sidestart|p2: aaagislash|move: Stealth Rock
|move|p2a: Ribombee|Quiver Dance|p2a: Ribombee
|-boost|p2a: Ribombee|spa|1
|-boost|p2a: Ribombee|spd|1
|-boost|p2a: Ribombee|spe|1
|
|-weather|RainDance|[upkeep]
|upkeep
|turn|3
|
|t:|1779624264
|move|p2a: Ribombee|Quiver Dance|p2a: Ribombee
|-boost|p2a: Ribombee|spa|1
|-boost|p2a: Ribombee|spd|1
|-boost|p2a: Ribombee|spe|1
|move|p1a: Iron Treads|Knock Off|p2a: Ribombee
|-resisted|p2a: Ribombee
|-damage|p2a: Ribombee|73/100
|-enditem|p2a: Ribombee|Leftovers|[from] move: Knock Off|[of] p1a: Iron Treads
|
|-weather|RainDance|[upkeep]
|upkeep
|turn|4
|
|t:|1779624270
|move|p2a: Ribombee|Quiver Dance|p2a: Ribombee
|-boost|p2a: Ribombee|spa|1
|-boost|p2a: Ribombee|spd|1
|-boost|p2a: Ribombee|spe|1
|move|p1a: Iron Treads|Rapid Spin|p2a: Ribombee
|-damage|p2a: Ribombee|44/100
|-boost|p1a: Iron Treads|spe|1
|
|-weather|RainDance|[upkeep]
|upkeep
|turn|5
|
|t:|1779624274
|move|p2a: Ribombee|Draining Kiss|p1a: Iron Treads
|-resisted|p1a: Iron Treads
|-damage|p1a: Iron Treads|58/100
|-heal|p2a: Ribombee|83/100|[from] drain|[of] p1a: Iron Treads
|move|p1a: Iron Treads|Earthquake|p2a: Ribombee
|-resisted|p2a: Ribombee
|-damage|p2a: Ribombee|38/100
|
|-weather|RainDance|[upkeep]
|upkeep
|turn|6
|
|t:|1779624281
|-terastallize|p2a: Ribombee|Fairy
|move|p2a: Ribombee|Draining Kiss|p1a: Iron Treads
|-resisted|p1a: Iron Treads
|-damage|p1a: Iron Treads|0 fnt
|-heal|p2a: Ribombee|92/100|[from] drain|[of] p1a: Iron Treads
|faint|p1a: Iron Treads
|-end|p1a: Iron Treads|Quark Drive|[silent]
|
|-weather|RainDance|[upkeep]
|upkeep
|
|t:|1779624289
|switch|p1a: Zamazenta|Zamazenta|100/100
|-ability|p1a: Zamazenta|Dauntless Shield|boost
|-boost|p1a: Zamazenta|def|1
|turn|7
|
|t:|1779624293
|-terastallize|p1a: Zamazenta|Steel
|move|p2a: Ribombee|Moonblast|p1a: Zamazenta
|-resisted|p1a: Zamazenta
|-damage|p1a: Zamazenta|47/100
|-unboost|p1a: Zamazenta|spa|1
|move|p1a: Zamazenta|Roar|p2a: Ribombee
|drag|p2a: Talonflame|Talonflame, M|100/100
|-damage|p2a: Talonflame|51/100|[from] Stealth Rock
|
|-weather|RainDance|[upkeep]
|upkeep
|turn|8
|
|t:|1779624303
|switch|p1a: Pecharunt|Pecharunt|100/100
|move|p2a: Talonflame|Will-O-Wisp|p1a: Pecharunt
|-status|p1a: Pecharunt|brn
|
|-weather|none
|-damage|p1a: Pecharunt|94/100 brn|[from] brn
|upkeep
|turn|9
|
|t:|1779624306
|switch|p2a: Pelipper|Pelipper, F|100/100
|-damage|p2a: Pelipper|75/100|[from] Stealth Rock
|-weather|RainDance|[from] ability: Drizzle|[of] p2a: Pelipper
|move|p1a: Pecharunt|Malignant Chain|p2a: Pelipper
|-damage|p2a: Pelipper|28/100
|
|-weather|RainDance|[upkeep]
|-heal|p1a: Pecharunt|100/100 brn|[from] item: Leftovers
|-damage|p1a: Pecharunt|94/100 brn|[from] brn
|upkeep
|turn|10
|
|t:|1779624317
|switch|p1a: Zamazenta|Zamazenta, tera:Steel|47/100
|move|p2a: Pelipper|U-turn|p1a: Zamazenta
|-resisted|p1a: Zamazenta
|-damage|p1a: Zamazenta|44/100
|
|t:|1779624324
|switch|p2a: Ribombee|Ribombee, F, tera:Fairy|92/100|[from] U-turn
|-damage|p2a: Ribombee|79/100|[from] Stealth Rock
|
|-weather|RainDance|[upkeep]
|upkeep
|turn|11
|
|t:|1779624327
|move|p2a: Ribombee|Sticky Web|p1a: Zamazenta
|-sidestart|p1: smithwick1|move: Sticky Web
|move|p1a: Zamazenta|Roar|p2a: Ribombee
|drag|p2a: Venomoth|Venomoth, M|100/100
|-damage|p2a: Venomoth|76/100|[from] Stealth Rock
|
|-weather|RainDance|[upkeep]
|upkeep
|turn|12
|
|t:|1779624330
|move|p1a: Zamazenta|Light Screen|p1a: Zamazenta
|-sidestart|p1: smithwick1|move: Light Screen
|move|p2a: Venomoth|Stun Spore|p1a: Zamazenta
|-status|p1a: Zamazenta|par
|
|-weather|RainDance|[upkeep]
|upkeep
|turn|13
|
|t:|1779624335
|move|p2a: Venomoth|Quiver Dance|p2a: Venomoth
|-boost|p2a: Venomoth|spa|1
|-boost|p2a: Venomoth|spd|1
|-boost|p2a: Venomoth|spe|1
|cant|p1a: Zamazenta|par
|
|-weather|RainDance|[upkeep]
|upkeep
|turn|14
|
|t:|1779624337
|move|p2a: Venomoth|Giga Drain|p1a: Zamazenta
|-resisted|p1a: Zamazenta
|-damage|p1a: Zamazenta|32/100 par
|-heal|p2a: Venomoth|83/100|[from] drain|[of] p1a: Zamazenta
|move|p1a: Zamazenta|Roar|p2a: Venomoth
|drag|p2a: Ribombee|Ribombee, F, tera:Fairy|79/100
|-damage|p2a: Ribombee|67/100|[from] Stealth Rock
|
|-weather|RainDance|[upkeep]
|upkeep
|turn|15
|
|t:|1779624343
|move|p2a: Ribombee|Quiver Dance|p2a: Ribombee
|-boost|p2a: Ribombee|spa|1
|-boost|p2a: Ribombee|spd|1
|-boost|p2a: Ribombee|spe|1
|move|p1a: Zamazenta|Roar|p2a: Ribombee
|drag|p2a: Venomoth|Venomoth, M|83/100
|-damage|p2a: Venomoth|58/100|[from] Stealth Rock
|
|-weather|RainDance|[upkeep]
|upkeep
|turn|16
|
|t:|1779624347
|move|p2a: Venomoth|Quiver Dance|p2a: Venomoth
|-boost|p2a: Venomoth|spa|1
|-boost|p2a: Venomoth|spd|1
|-boost|p2a: Venomoth|spe|1
|move|p1a: Zamazenta|Roar|p2a: Venomoth
|drag|p2a: Vivillon|Vivillon, F|100/100
|-damage|p2a: Vivillon|51/100|[from] Stealth Rock
|
|-weather|none
|upkeep
|turn|17
|
|t:|1779624350
|move|p2a: Vivillon|Hurricane|p1a: Zamazenta
|-resisted|p1a: Zamazenta
|-crit|p1a: Zamazenta
|-damage|p1a: Zamazenta|8/100 par
|-start|p1a: Zamazenta|confusion
|-activate|p1a: Zamazenta|confusion
|-damage|p1a: Zamazenta|0 fnt|[from] confusion
|faint|p1a: Zamazenta
|
|upkeep
|
|t:|1779624356
|switch|p1a: Dragapult|Dragapult, F|100/100
|-activate|p1a: Dragapult|move: Sticky Web
|-fail|p1a: Dragapult|unboost|[from] ability: Clear Body|[of] p1a: Dragapult
|turn|18
|
|t:|1779624361
|move|p1a: Dragapult|Dragon Darts|p2a: Vivillon
|-damage|p2a: Vivillon|0 fnt
|faint|p2a: Vivillon
|
|upkeep
|
|t:|1779624368
|switch|p2a: Ribombee|Ribombee, F, tera:Fairy|67/100
|-damage|p2a: Ribombee|55/100|[from] Stealth Rock
|turn|19
|
|t:|1779624376
|switch|p2a: Pelipper|Pelipper, F|28/100
|-damage|p2a: Pelipper|3/100|[from] Stealth Rock
|-weather|RainDance|[from] ability: Drizzle|[of] p2a: Pelipper
|move|p1a: Dragapult|Phantom Force||[still]
|-prepare|p1a: Dragapult|Phantom Force
|
|-weather|RainDance|[upkeep]
|-sideend|p1: smithwick1|move: Light Screen
|upkeep
|turn|20
|
|t:|1779624379
|move|p1a: Dragapult|Phantom Force|p2a: Pelipper|[from] lockedmove
|-damage|p2a: Pelipper|0 fnt
|faint|p2a: Pelipper
|
|-weather|RainDance|[upkeep]
|upkeep
|
|t:|1779624382
|switch|p2a: Ribombee|Ribombee, F, tera:Fairy|55/100
|-damage|p2a: Ribombee|43/100|[from] Stealth Rock
|turn|21
|
|t:|1779624387
|switch|p1a: Pecharunt|Pecharunt|94/100 brn
|-activate|p1a: Pecharunt|move: Sticky Web
|-unboost|p1a: Pecharunt|spe|1
|move|p2a: Ribombee|Moonblast|p1a: Pecharunt
|-resisted|p1a: Pecharunt
|-damage|p1a: Pecharunt|66/100 brn
|
|-weather|RainDance|[upkeep]
|-heal|p1a: Pecharunt|72/100 brn|[from] item: Leftovers
|-damage|p1a: Pecharunt|66/100 brn|[from] brn
|upkeep
|turn|22
|
|t:|1779624391
|move|p2a: Ribombee|Quiver Dance|p2a: Ribombee
|-boost|p2a: Ribombee|spa|1
|-boost|p2a: Ribombee|spd|1
|-boost|p2a: Ribombee|spe|1
|move|p1a: Pecharunt|Malignant Chain|p2a: Ribombee
|-supereffective|p2a: Ribombee
|-damage|p2a: Ribombee|0 fnt
|faint|p2a: Ribombee
|
|-weather|RainDance|[upkeep]
|-heal|p1a: Pecharunt|72/100 brn|[from] item: Leftovers
|-damage|p1a: Pecharunt|66/100 brn|[from] brn
|upkeep
|
|t:|1779624393
|switch|p2a: Venomoth|Venomoth, M|58/100
|-damage|p2a: Venomoth|34/100|[from] Stealth Rock
|turn|23
|
|t:|1779624404
|switch|p1a: Kingambit|Kingambit, F|100/100
|-activate|p1a: Kingambit|move: Sticky Web
|-unboost|p1a: Kingambit|spe|1
|-activate|p1a: Kingambit|ability: Supreme Overlord
|-start|p1a: Kingambit|fallen2|[silent]
|move|p2a: Venomoth|Quiver Dance|p2a: Venomoth
|-boost|p2a: Venomoth|spa|1
|-boost|p2a: Venomoth|spd|1
|-boost|p2a: Venomoth|spe|1
|
|-weather|RainDance|[upkeep]
|upkeep
|turn|24
|
|t:|1779624408
|move|p2a: Venomoth|Stun Spore|p1a: Kingambit
|-status|p1a: Kingambit|par
|cant|p1a: Kingambit|par
|
|-weather|RainDance|[upkeep]
|upkeep
|turn|25
|
|t:|1779624411
|move|p2a: Venomoth|Giga Drain|p1a: Kingambit
|-resisted|p1a: Kingambit
|-damage|p1a: Kingambit|68/100 par
|-heal|p2a: Venomoth|52/100|[from] drain|[of] p1a: Kingambit
|move|p1a: Kingambit|Kowtow Cleave|p2a: Venomoth
|-damage|p2a: Venomoth|0 fnt
|faint|p2a: Venomoth
|
|-weather|RainDance|[upkeep]
|-heal|p1a: Kingambit|74/100 par|[from] item: Leftovers
|upkeep
|
|t:|1779624417
|switch|p2a: Talonflame|Talonflame, M|51/100
|-damage|p2a: Talonflame|1/100|[from] Stealth Rock
|turn|26
|
|t:|1779624419
|move|p2a: Talonflame|Air Slash|p1a: Kingambit
|-resisted|p1a: Kingambit
|-damage|p1a: Kingambit|49/100 par
|cant|p1a: Kingambit|par
|
|-weather|none
|-heal|p1a: Kingambit|55/100 par|[from] item: Leftovers
|upkeep
|turn|27
|
|t:|1779624421
|move|p2a: Talonflame|Air Slash|p1a: Kingambit
|-resisted|p1a: Kingambit
|-damage|p1a: Kingambit|30/100 par
|cant|p1a: Kingambit|flinch
|
|-heal|p1a: Kingambit|36/100 par|[from] item: Leftovers
|upkeep
|turn|28
|
|t:|1779624427
|move|p2a: Talonflame|Air Slash|p1a: Kingambit
|-resisted|p1a: Kingambit
|-damage|p1a: Kingambit|10/100 par
|move|p1a: Kingambit|Kowtow Cleave|p2a: Talonflame
|-damage|p2a: Talonflame|0 fnt
|faint|p2a: Talonflame
|
|win|smithwick1
|raw|smithwick1's rating: 1547 &rarr; <strong>1568</strong><br />(+21 for winning)
|raw|aaagislash's rating: 1563 &rarr; <strong>1542</strong><br />(-21 for losing)
|l|☆smithwick1
|player|p1|
|l|‽aaagislash
|player|p2|
