|j|☆Muckles3
|j|☆newgaem
|t:|1779698120
|gametype|singles
|player|p1|Muckles3|2|1296
|player|p2|newgaem|blue|1320
|gen|9
|tier|[Gen 9] OU
|rated|
|rule|HP Percentage Mod: HP is shown in percentages
|rule|Endless Battle Clause: Forcing endless battles is banned
|rule|Species Clause: Limit one of each Pokémon
|rule|OHKO Clause: OHKO moves are banned
|rule|Evasion Items Clause: Evasion items are banned
|rule|Evasion Moves Clause: Evasion moves are banned
|rule|Evasion Abilities Clause: Evasion abilities are banned
|rule|Sleep Moves Clause: Sleep-inducing moves are banned
|clearpoke
|poke|p1|Weezing-Galar, M|
|poke|p1|Gliscor, M|
|poke|p1|Blissey, F|
|poke|p1|Dondozo, M|
|poke|p1|Toxapex, F|
|poke|p1|Glimmora, M|
|poke|p2|Armarouge, F|
|poke|p2|Kingambit, M|
|poke|p2|Iron Valiant|
|poke|p2|Ceruledge, F|
|poke|p2|Mimikyu, F|
|poke|p2|Cyclizar, F|
|teampreview
|inactive|Battle timer is ON: inactive players will automatically lose when time's up. (requested by Muckles3)
|
|t:|1779698144
|teamsize|p1|6
|teamsize|p2|6
|start
|switch|p1a: Weezing|Weezing-Galar, M|100/100
|switch|p2a: Fefnir|Armarouge, F, shiny|100/100
|-ability|p1a: Weezing|Neutralizing Gas
|turn|1
|
|t:|1779698153
|move|p2a: Fefnir|Armor Cannon|p1a: Weezing
|-damage|p1a: Weezing|12/100
|-unboost|p2a: Fefnir|def|1
|-unboost|p2a: Fefnir|spd|1
|move|p1a: Weezing|Toxic Spikes|p2a: Fefnir
|-sidestart|p2: newgaem|move: Toxic Spikes
|
|upkeep
|turn|2
|
|t:|1779698167
|-end|p1a: Weezing|ability: Neutralizing Gas
|switch|p1a: Toxapex|Toxapex, F|100/100
|move|p2a: Fefnir|Armor Cannon|p1a: Toxapex
|-resisted|p1a: Toxapex
|-damage|p1a: Toxapex|76/100
|-unboost|p2a: Fefnir|def|1
|-unboost|p2a: Fefnir|spd|1
|
|upkeep
|turn|3
|
|t:|1779698181
|switch|p1a: Gliscor|Gliscor, M|100/100
|move|p2a: Fefnir|Armor Cannon|p1a: Gliscor
|-damage|p1a: Gliscor|49/100
|-unboost|p2a: Fefnir|def|1
|-unboost|p2a: Fefnir|spd|1
|
|-status|p1a: Gliscor|tox|[from] item: Toxic Orb
|upkeep
|turn|4
|
|t:|1779698192
|move|p1a: Gliscor|Protect|p1a: Gliscor
|-singleturn|p1a: Gliscor|Protect
|move|p2a: Fefnir|Armor Cannon|p1a: Gliscor
|-activate|p1a: Gliscor|move: Protect
|
|-heal|p1a: Gliscor|62/100 tox|[from] ability: Poison Heal
|upkeep
|turn|5
|
|t:|1779698202
|move|p2a: Fefnir|Armor Cannon|p1a: Gliscor
|-damage|p1a: Gliscor|10/100 tox
|-unboost|p2a: Fefnir|def|1
|-unboost|p2a: Fefnir|spd|1
|move|p1a: Gliscor|Knock Off|p2a: Fefnir
|-supereffective|p2a: Fefnir
|-enditem|p2a: Fefnir|Focus Sash
|-damage|p2a: Fefnir|1/100
|-ability|p2a: Fefnir|Weak Armor|boost
|-unboost|p2a: Fefnir|def|1
|-boost|p2a: Fefnir|spe|2
|
|-heal|p1a: Gliscor|23/100 tox|[from] ability: Poison Heal
|upkeep
|turn|6
|
|t:|1779698215
|move|p1a: Gliscor|Protect|p1a: Gliscor
|-singleturn|p1a: Gliscor|Protect
|move|p2a: Fefnir|Armor Cannon|p1a: Gliscor
|-activate|p1a: Gliscor|move: Protect
|
|-heal|p1a: Gliscor|35/100 tox|[from] ability: Poison Heal
|upkeep
|turn|7
|
|t:|1779698225
|switch|p1a: Toxapex|Toxapex, F|100/100
|move|p2a: Fefnir|Armor Cannon|p1a: Toxapex
|-resisted|p1a: Toxapex
|-damage|p1a: Toxapex|79/100
|-unboost|p2a: Fefnir|def|1
|-unboost|p2a: Fefnir|spd|1
|
|upkeep
|turn|8
|
|t:|1779698243
|move|p2a: Fefnir|Destiny Bond|p2a: Fefnir
|-singlemove|p2a: Fefnir|Destiny Bond
|move|p1a: Toxapex|Recover|p1a: Toxapex
|-heal|p1a: Toxapex|100/100
|
|upkeep
|turn|9
|
|t:|1779698251
|move|p2a: Fefnir|Endure|p2a: Fefnir
|-singleturn|p2a: Fefnir|move: Endure
|move|p1a: Toxapex|Toxic|p2a: Fefnir
|-status|p2a: Fefnir|tox
|
|-damage|p2a: Fefnir|0 fnt|[from] psn
|faint|p2a: Fefnir
|upkeep
|
|t:|1779698260
|switch|p2a: Leviathan|Mimikyu, F|100/100
|-status|p2a: Leviathan|psn
|turn|10
|
|t:|1779698267
|switch|p1a: Blissey|Blissey, F|100/100
|move|p2a: Leviathan|Curse|p1a: Blissey
|-start|p1a: Blissey|Curse|[of] p2a: Leviathan
|-damage|p2a: Leviathan|50/100 psn
|
|-heal|p2a: Leviathan|57/100 psn|[from] item: Leftovers
|-damage|p2a: Leviathan|44/100 psn|[from] psn
|-damage|p1a: Blissey|75/100|[from] Curse
|upkeep
|turn|11
|
|t:|1779698279
|move|p2a: Leviathan|Pain Split|p1a: Blissey
|-sethp|p1a: Blissey|48/100|[from] move: Pain Split|[silent]
|-sethp|p2a: Leviathan|100/100 psn|[from] move: Pain Split
|move|p1a: Blissey|Stealth Rock|p2a: Leviathan
|-sidestart|p2: newgaem|move: Stealth Rock
|
|-heal|p1a: Blissey|55/100|[from] item: Leftovers
|-damage|p2a: Leviathan|88/100 psn|[from] psn
|-damage|p1a: Blissey|30/100|[from] Curse
|upkeep
|turn|12
|
|t:|1779698290
|switch|p1a: Weezing|Weezing-Galar, M|12/100
|-ability|p1a: Weezing|Neutralizing Gas
|move|p2a: Leviathan|Taunt|p1a: Weezing
|-start|p1a: Weezing|move: Taunt
|
|-heal|p2a: Leviathan|94/100 psn|[from] item: Leftovers
|-damage|p2a: Leviathan|82/100 psn|[from] psn
|upkeep
|turn|13
|
|t:|1779698302
|-end|p1a: Weezing|ability: Neutralizing Gas
|switch|p1a: Toxapex|Toxapex, F|100/100
|move|p2a: Leviathan|Curse|p1a: Toxapex
|-start|p1a: Toxapex|Curse|[of] p2a: Leviathan
|-damage|p2a: Leviathan|32/100 psn
|
|-heal|p2a: Leviathan|38/100 psn|[from] item: Leftovers
|-damage|p2a: Leviathan|25/100 psn|[from] psn
|-damage|p1a: Toxapex|76/100|[from] Curse
|upkeep
|turn|14
|
|t:|1779698319
|switch|p1a: Blissey|Blissey, F|30/100
|move|p2a: Leviathan|Pain Split|p1a: Blissey
|-sethp|p1a: Blissey|21/100|[from] move: Pain Split|[silent]
|-sethp|p2a: Leviathan|43/100 psn|[from] move: Pain Split
|
|-heal|p2a: Leviathan|49/100 psn|[from] item: Leftovers
|-heal|p1a: Blissey|27/100|[from] item: Leftovers
|-damage|p2a: Leviathan|37/100 psn|[from] psn
|upkeep
|turn|15
|
|t:|1779698330
|move|p2a: Leviathan|Curse|p1a: Blissey
|-start|p1a: Blissey|Curse|[of] p2a: Leviathan
|-damage|p2a: Leviathan|0 fnt
|faint|p2a: Leviathan
|move|p1a: Blissey|Soft-Boiled|p1a: Blissey
|-heal|p1a: Blissey|77/100
|
|-heal|p1a: Blissey|83/100|[from] item: Leftovers
|-damage|p1a: Blissey|58/100|[from] Curse
|upkeep
|
|t:|1779698341
|switch|p2a: Harpuia|Cyclizar, F|100/100
|turn|16
|
|t:|1779698353
|switch|p1a: Weezing|Weezing-Galar, M|12/100
|-ability|p1a: Weezing|Neutralizing Gas
|move|p2a: Harpuia|Rapid Spin|p1a: Weezing
|-damage|p1a: Weezing|0 fnt
|-boost|p2a: Harpuia|spe|1
|-sideend|p2: newgaem|Toxic Spikes|[from] move: Rapid Spin|[of] p2a: Harpuia
|-sideend|p2: newgaem|Stealth Rock|[from] move: Rapid Spin|[of] p2a: Harpuia
|faint|p1a: Weezing
|-end|p1a: Weezing|ability: Neutralizing Gas
|
|upkeep
|
|t:|1779698362
|switch|p1a: Gliscor|Gliscor, M|35/100 tox
|turn|17
|
|t:|1779698366
|move|p1a: Gliscor|Protect|p1a: Gliscor
|-singleturn|p1a: Gliscor|Protect
|move|p2a: Harpuia|Draco Meteor|p1a: Gliscor
|-activate|p1a: Gliscor|move: Protect
|
|-heal|p1a: Gliscor|48/100 tox|[from] ability: Poison Heal
|upkeep
|turn|18
|
|t:|1779698384
|move|p2a: Harpuia|Draco Meteor|p1a: Gliscor
|-damage|p1a: Gliscor|5/100 tox
|-unboost|p2a: Harpuia|spa|2
|move|p1a: Gliscor|Knock Off|p2a: Harpuia
|-damage|p2a: Harpuia|65/100
|-enditem|p2a: Harpuia|Heavy-Duty Boots|[from] move: Knock Off|[of] p1a: Gliscor
|
|-heal|p1a: Gliscor|17/100 tox|[from] ability: Poison Heal
|upkeep
|turn|19
|
|t:|1779698395
|switch|p2a: Omega|Iron Valiant|100/100
|-enditem|p2a: Omega|Booster Energy
|-activate|p2a: Omega|ability: Quark Drive|[fromitem]
|-start|p2a: Omega|quarkdrivespe
|move|p1a: Gliscor|Protect||[still]
|-fail|p1a: Gliscor
|
|-heal|p1a: Gliscor|30/100 tox|[from] ability: Poison Heal
|upkeep
|turn|20
|
|t:|1779698407
|switch|p1a: Glimmora|Glimmora, M|100/100
|move|p2a: Omega|Spirit Break|p1a: Glimmora
|-resisted|p1a: Glimmora
|-damage|p1a: Glimmora|77/100
|-unboost|p1a: Glimmora|spa|1
|-activate|p1a: Glimmora|ability: Toxic Debris
|-sidestart|p2: newgaem|move: Toxic Spikes
|
|upkeep
|turn|21
|
|t:|1779698418
|move|p1a: Glimmora|Spiky Shield|p1a: Glimmora
|-singleturn|p1a: Glimmora|move: Protect
|move|p2a: Omega|Close Combat|p1a: Glimmora
|-activate|p1a: Glimmora|move: Protect
|-damage|p2a: Omega|88/100|[from] Spiky Shield|[of] p1a: Glimmora
|
|upkeep
|turn|22
|
|t:|1779698430
|switch|p1a: Toxapex|Toxapex, F|100/100
|move|p2a: Omega|Swords Dance|p2a: Omega
|-boost|p2a: Omega|atk|2
|
|upkeep
|turn|23
|
|t:|1779698437
|move|p2a: Omega|Close Combat|p1a: Toxapex
|-resisted|p1a: Toxapex
|-damage|p1a: Toxapex|60/100
|-unboost|p2a: Omega|def|1
|-unboost|p2a: Omega|spd|1
|move|p1a: Toxapex|Haze|p1a: Toxapex
|-clearallboost
|
|upkeep
|turn|24
|
|t:|1779698448
|move|p2a: Omega|Spirit Break|p1a: Toxapex
|-resisted|p1a: Toxapex
|-damage|p1a: Toxapex|47/100
|move|p1a: Toxapex|Toxic|p2a: Omega
|-status|p2a: Omega|tox
|
|-damage|p2a: Omega|82/100 tox|[from] psn
|upkeep
|turn|25
|-message|newgaem forfeited.
|
|win|Muckles3
|raw|Muckles3's rating: 1296 &rarr; <strong>1323</strong><br />(+27 for winning)
|raw|newgaem's rating: 1320 &rarr; <strong>1299</strong><br />(-21 for losing)
|l|☆newgaem
|player|p2|
|l|☆Muckles3
|player|p1|
