|j|☆ihymyly
|j|☆FiiFiFoFum
|t:|1779686224
|gametype|singles
|player|p1|ihymyly|266|1537
|player|p2|FiiFiFoFum|erika-gen1rb|1593
|gen|9
|tier|[Gen 9] OU
|rated|
|rule|HP Percentage Mod: HP is shown in percentages
|rule|Endless Battle Clause: Forcing endless battles is banned
|rule|Species Clause: Limit one of each Pokémon
|rule|OHKO Clause: OHKO moves are banned
|rule|Evasion Items Clause: Evasion items are banned
|rule|Evasion Moves Clause: Evasion moves are banned
|rule|Evasion Abilities Clause: Evasion abilities are banned
|rule|Sleep Moves Clause: Sleep-inducing moves are banned
|clearpoke
|poke|p1|Darkrai|
|poke|p1|Skarmory, M|
|poke|p1|Great Tusk|
|poke|p1|Latios, M|
|poke|p1|Weavile, M|
|poke|p1|Ogerpon-Wellspring, F|
|poke|p2|Scizor, F|
|poke|p2|Samurott-Hisui, F|
|poke|p2|Gholdengo|
|poke|p2|Landorus-Therian, M|
|poke|p2|Great Tusk|
|poke|p2|Raging Bolt|
|teampreview
|
|t:|1779686234
|teamsize|p1|6
|teamsize|p2|6
|start
|switch|p1a: Ogerpon|Ogerpon-Wellspring, F|100/100
|switch|p2a: Gholdengo|Gholdengo|100/100
|turn|1
|j| euphoricpoptarts
|
|t:|1779686240
|move|p2a: Gholdengo|Shadow Ball|p1a: Ogerpon
|-damage|p1a: Ogerpon|49/100
|-unboost|p1a: Ogerpon|spd|1
|move|p1a: Ogerpon|Knock Off|p2a: Gholdengo
|-supereffective|p2a: Gholdengo
|-crit|p2a: Gholdengo
|-damage|p2a: Gholdengo|0 fnt
|-enditem|p2a: Gholdengo|Choice Scarf|[from] move: Knock Off|[of] p1a: Ogerpon
|faint|p2a: Gholdengo
|
|upkeep
|
|t:|1779686251
|switch|p2a: Raging Bolt|Raging Bolt|100/100
|turn|2
|j| oophyte
|l| oophyte
|
|t:|1779686258
|move|p1a: Ogerpon|Knock Off|p2a: Raging Bolt
|-damage|p2a: Raging Bolt|67/100
|-enditem|p2a: Raging Bolt|Magnet|[from] move: Knock Off|[of] p1a: Ogerpon
|move|p2a: Raging Bolt|Draco Meteor|p1a: Ogerpon
|-damage|p1a: Ogerpon|0 fnt
|-unboost|p2a: Raging Bolt|spa|2
|faint|p1a: Ogerpon
|
|upkeep
|
|t:|1779686271
|switch|p1a: Mr. -ice Guy|Weavile, M|100/100
|-ability|p1a: Mr. -ice Guy|Pressure
|turn|3
|
|t:|1779686276
|-end|p2a: Raging Bolt|Protosynthesis|[silent]
|switch|p2a: Samurott|Samurott-Hisui, F|100/100
|move|p1a: Mr. -ice Guy|Triple Axel|p2a: Samurott
|-resisted|p2a: Samurott
|-damage|p2a: Samurott|95/100
|-resisted|p2a: Samurott
|-damage|p2a: Samurott|84/100
|-resisted|p2a: Samurott
|-damage|p2a: Samurott|69/100
|-hitcount|p2a: Samurott|3
|
|upkeep
|turn|4
|
|t:|1779686286
|switch|p1a: Red Bull|Skarmory, M|100/100
|move|p2a: Samurott|Aqua Cutter|p1a: Red Bull
|-damage|p1a: Red Bull|72/100
|
|upkeep
|turn|5
|
|t:|1779686292
|move|p2a: Samurott|Ceaseless Edge|p1a: Red Bull
|-damage|p1a: Red Bull|44/100
|-damage|p2a: Samurott|53/100|[from] item: Rocky Helmet|[of] p1a: Red Bull
|-sidestart|p1: ihymyly|Spikes
|move|p1a: Red Bull|Spikes|p2a: Samurott
|-sidestart|p2: FiiFiFoFum|Spikes
|
|upkeep
|turn|6
|
|t:|1779686301
|switch|p2a: Raging Bolt|Raging Bolt|67/100
|-damage|p2a: Raging Bolt|54/100|[from] Spikes
|move|p1a: Red Bull|Roost|p1a: Red Bull
|-heal|p1a: Red Bull|94/100
|-singleturn|p1a: Red Bull|move: Roost
|
|upkeep
|turn|7
|
|t:|1779686319
|switch|p1a: almost*evil*jordan|Darkrai, shiny|100/100
|-damage|p1a: almost*evil*jordan|88/100|[from] Spikes
|move|p2a: Raging Bolt|Volt Switch|p1a: almost*evil*jordan
|-crit|p1a: almost*evil*jordan
|-damage|p1a: almost*evil*jordan|8/100
|
|t:|1779686340
|-end|p2a: Raging Bolt|Protosynthesis|[silent]
|switch|p2a: Scizor|Scizor, F|100/100|[from] Volt Switch
|-damage|p2a: Scizor|88/100|[from] Spikes
|
|-heal|p1a: almost*evil*jordan|14/100|[from] item: Leftovers
|upkeep
|turn|8
|
|t:|1779686348
|switch|p1a: Red Bull|Skarmory, M|94/100
|move|p2a: Scizor|Bullet Punch|p1a: Red Bull
|-resisted|p1a: Red Bull
|-damage|p1a: Red Bull|79/100
|-damage|p2a: Scizor|72/100|[from] item: Rocky Helmet|[of] p1a: Red Bull
|
|upkeep
|turn|9
|
|t:|1779686355
|switch|p2a: Landorus|Landorus-Therian, M|100/100
|-ability|p2a: Landorus|Intimidate|boost
|-unboost|p1a: Red Bull|atk|1
|move|p1a: Red Bull|Body Press|p2a: Landorus
|-resisted|p2a: Landorus
|-damage|p2a: Landorus|86/100
|-damage|p1a: Red Bull|63/100|[from] item: Rocky Helmet|[of] p2a: Landorus
|
|upkeep
|turn|10
|
|t:|1779686362
|switch|p1a: almost*evil*jordan|Darkrai, shiny|14/100
|-damage|p1a: almost*evil*jordan|1/100|[from] Spikes
|move|p2a: Landorus|Taunt|p1a: almost*evil*jordan
|-start|p1a: almost*evil*jordan|move: Taunt
|
|-heal|p1a: almost*evil*jordan|8/100|[from] item: Leftovers
|upkeep
|turn|11
|
|t:|1779686369
|switch|p2a: Samurott|Samurott-Hisui, F|53/100
|-damage|p2a: Samurott|40/100|[from] Spikes
|move|p1a: almost*evil*jordan|Ice Beam|p2a: Samurott
|-resisted|p2a: Samurott
|-damage|p2a: Samurott|29/100
|
|-heal|p1a: almost*evil*jordan|14/100|[from] item: Leftovers
|upkeep
|turn|12
|
|t:|1779686376
|switch|p1a: Red Bull|Skarmory, M|63/100
|move|p2a: Samurott|Sucker Punch||[still]
|-fail|p2a: Samurott
|
|upkeep
|turn|13
|
|t:|1779686381
|move|p2a: Samurott|Knock Off|p1a: Red Bull
|-damage|p1a: Red Bull|35/100
|-damage|p2a: Samurott|13/100|[from] item: Rocky Helmet|[of] p1a: Red Bull
|-enditem|p1a: Red Bull|Rocky Helmet|[from] move: Knock Off|[of] p2a: Samurott
|move|p1a: Red Bull|Roost|p1a: Red Bull
|-heal|p1a: Red Bull|85/100
|-singleturn|p1a: Red Bull|move: Roost
|
|upkeep
|turn|14
|
|t:|1779686388
|move|p2a: Samurott|Ceaseless Edge|p1a: Red Bull
|-damage|p1a: Red Bull|60/100
|-sidestart|p1: ihymyly|Spikes
|move|p1a: Red Bull|Body Press|p2a: Samurott
|-supereffective|p2a: Samurott
|-damage|p2a: Samurott|0 fnt
|faint|p2a: Samurott
|
|upkeep
|
|t:|1779686403
|switch|p2a: Landorus|Landorus-Therian, M|86/100
|-ability|p2a: Landorus|Intimidate|boost
|-unboost|p1a: Red Bull|atk|1
|turn|15
|
|t:|1779686412
|switch|p1a: Primal Schnoz|Great Tusk|100/100
|move|p2a: Landorus|Taunt|p1a: Primal Schnoz
|-start|p1a: Primal Schnoz|move: Taunt
|
|upkeep
|turn|16
|
|t:|1779686418
|move|p2a: Landorus|Earth Power|p1a: Primal Schnoz
|-damage|p1a: Primal Schnoz|59/100
|-unboost|p1a: Primal Schnoz|spd|1
|move|p1a: Primal Schnoz|Rapid Spin|p2a: Landorus
|-damage|p2a: Landorus|72/100
|-boost|p1a: Primal Schnoz|spe|1
|-damage|p1a: Primal Schnoz|42/100|[from] item: Rocky Helmet|[of] p2a: Landorus
|-sideend|p1: ihymyly|Spikes|[from] move: Rapid Spin|[of] p1a: Primal Schnoz
|
|upkeep
|turn|17
|
|t:|1779686423
|move|p1a: Primal Schnoz|Ice Spinner|p2a: Landorus
|-supereffective|p2a: Landorus
|-damage|p2a: Landorus|0 fnt
|-damage|p1a: Primal Schnoz|26/100|[from] item: Rocky Helmet|[of] p2a: Landorus
|faint|p2a: Landorus
|
|-end|p1a: Primal Schnoz|move: Taunt
|upkeep
|
|t:|1779686427
|switch|p2a: Scizor|Scizor, F|72/100
|-damage|p2a: Scizor|60/100|[from] Spikes
|turn|18
|
|t:|1779686431
|-end|p1a: Primal Schnoz|Protosynthesis|[silent]
|switch|p1a: Red Bull|Skarmory, M|60/100
|move|p2a: Scizor|U-turn|p1a: Red Bull
|-resisted|p1a: Red Bull
|-damage|p1a: Red Bull|51/100
|
|t:|1779686432
|switch|p2a: Great Tusk|Great Tusk|100/100|[from] U-turn
|-damage|p2a: Great Tusk|88/100|[from] Spikes
|-enditem|p2a: Great Tusk|Booster Energy
|-activate|p2a: Great Tusk|ability: Protosynthesis|[fromitem]
|-start|p2a: Great Tusk|protosynthesisspe
|
|upkeep
|turn|19
|
|t:|1779686436
|move|p2a: Great Tusk|Bulk Up|p2a: Great Tusk
|-boost|p2a: Great Tusk|atk|1
|-boost|p2a: Great Tusk|def|1
|move|p1a: Red Bull|Roost|p1a: Red Bull
|-heal|p1a: Red Bull|100/100
|-singleturn|p1a: Red Bull|move: Roost
|
|upkeep
|turn|20
|
|t:|1779686442
|move|p2a: Great Tusk|Rapid Spin|p1a: Red Bull
|-resisted|p1a: Red Bull
|-damage|p1a: Red Bull|94/100
|-boost|p2a: Great Tusk|spe|1
|-sideend|p2: FiiFiFoFum|Spikes|[from] move: Rapid Spin|[of] p2a: Great Tusk
|move|p1a: Red Bull|Brave Bird|p2a: Great Tusk
|-supereffective|p2a: Great Tusk
|-damage|p2a: Great Tusk|60/100
|-damage|p1a: Red Bull|82/100|[from] Recoil
|
|upkeep
|turn|21
|
|t:|1779686450
|move|p2a: Great Tusk|Bulk Up|p2a: Great Tusk
|-boost|p2a: Great Tusk|atk|1
|-boost|p2a: Great Tusk|def|1
|move|p1a: Red Bull|Brave Bird|p2a: Great Tusk
|-supereffective|p2a: Great Tusk
|-damage|p2a: Great Tusk|40/100
|-damage|p1a: Red Bull|74/100|[from] Recoil
|
|upkeep
|turn|22
|
|t:|1779686456
|move|p2a: Great Tusk|Ice Spinner|p1a: Red Bull
|-damage|p1a: Red Bull|46/100
|move|p1a: Red Bull|Brave Bird|p2a: Great Tusk
|-supereffective|p2a: Great Tusk
|-damage|p2a: Great Tusk|19/100
|-damage|p1a: Red Bull|37/100|[from] Recoil
|
|upkeep
|turn|23
|
|t:|1779686474
|move|p2a: Great Tusk|Bulk Up|p2a: Great Tusk
|-boost|p2a: Great Tusk|atk|1
|-boost|p2a: Great Tusk|def|1
|move|p1a: Red Bull|Brave Bird|p2a: Great Tusk
|-supereffective|p2a: Great Tusk
|-damage|p2a: Great Tusk|2/100
|-damage|p1a: Red Bull|30/100|[from] Recoil
|
|upkeep
|turn|24
|
|t:|1779686482
|move|p2a: Great Tusk|Ice Spinner|p1a: Red Bull
|-damage|p1a: Red Bull|0 fnt
|faint|p1a: Red Bull
|
|upkeep
|
|t:|1779686485
|switch|p1a: Mr. -ice Guy|Weavile, M|100/100
|-ability|p1a: Mr. -ice Guy|Pressure
|turn|25
|
|t:|1779686489
|move|p1a: Mr. -ice Guy|Ice Shard|p2a: Great Tusk
|-supereffective|p2a: Great Tusk
|-damage|p2a: Great Tusk|0 fnt
|faint|p2a: Great Tusk
|-end|p2a: Great Tusk|Protosynthesis|[silent]
|
|upkeep
|
|t:|1779686491
|switch|p2a: Scizor|Scizor, F|60/100
|turn|26
|
|t:|1779686494
|move|p1a: Mr. -ice Guy|Knock Off|p2a: Scizor
|-damage|p2a: Scizor|6/100
|-enditem|p2a: Scizor|Choice Band|[from] move: Knock Off|[of] p1a: Mr. -ice Guy
|move|p2a: Scizor|U-turn|p1a: Mr. -ice Guy
|-supereffective|p1a: Mr. -ice Guy
|-damage|p1a: Mr. -ice Guy|0 fnt
|faint|p1a: Mr. -ice Guy
|
|t:|1779686500
|switch|p2a: Raging Bolt|Raging Bolt|54/100|[from] U-turn
|
|upkeep
|
|t:|1779686507
|switch|p1a: Latios|Latios, M|100/100
|turn|27
|
|t:|1779686516
|-terastallize|p1a: Latios|Steel
|move|p2a: Raging Bolt|Thunderclap||[still]
|-fail|p2a: Raging Bolt
|move|p1a: Latios|Calm Mind|p1a: Latios
|-boost|p1a: Latios|spa|1
|-boost|p1a: Latios|spd|1
|
|upkeep
|turn|28
|
|t:|1779686521
|move|p2a: Raging Bolt|Thunderclap||[still]
|-fail|p2a: Raging Bolt
|move|p1a: Latios|Calm Mind|p1a: Latios
|-boost|p1a: Latios|spa|1
|-boost|p1a: Latios|spd|1
|
|upkeep
|turn|29
|
|t:|1779686526
|move|p2a: Raging Bolt|Thunderclap||[still]
|-fail|p2a: Raging Bolt
|move|p1a: Latios|Calm Mind|p1a: Latios
|-boost|p1a: Latios|spa|1
|-boost|p1a: Latios|spd|1
|
|upkeep
|turn|30
|
|t:|1779686529
|move|p1a: Latios|Luster Purge|p2a: Raging Bolt
|-damage|p2a: Raging Bolt|0 fnt
|faint|p2a: Raging Bolt
|-end|p2a: Raging Bolt|Protosynthesis|[silent]
|
|upkeep
|
|t:|1779686531
|switch|p2a: Scizor|Scizor, F|6/100
|turn|31
|
|t:|1779686533
|-terastallize|p2a: Scizor|Steel
|move|p2a: Scizor|Bullet Punch|p1a: Latios
|-resisted|p1a: Latios
|-damage|p1a: Latios|69/100
|move|p1a: Latios|Luster Purge|p2a: Scizor
|-resisted|p2a: Scizor
|-damage|p2a: Scizor|0 fnt
|faint|p2a: Scizor
|
|win|ihymyly
|raw|ihymyly's rating: 1537 &rarr; <strong>1560</strong><br />(+23 for winning)
|raw|FiiFiFoFum's rating: 1593 &rarr; <strong>1570</strong><br />(-23 for losing)
|l|☆ihymyly
|player|p1|
|l|☆FiiFiFoFum
|player|p2|
|l| euphoricpoptarts
