|j|☆TERNAL
|j|☆magicsalt
|t:|1779613181
|gametype|singles
|player|p1|TERNAL|swimmerf-gen4|1089
|player|p2|magicsalt|clair|1130
|gen|9
|tier|[Gen 9] OU
|rated|
|rule|HP Percentage Mod: HP is shown in percentages
|rule|Endless Battle Clause: Forcing endless battles is banned
|rule|Species Clause: Limit one of each Pokémon
|rule|OHKO Clause: OHKO moves are banned
|rule|Evasion Items Clause: Evasion items are banned
|rule|Evasion Moves Clause: Evasion moves are banned
|rule|Evasion Abilities Clause: Evasion abilities are banned
|rule|Sleep Moves Clause: Sleep-inducing moves are banned
|clearpoke
|poke|p1|Glimmora, F|
|poke|p1|Gholdengo|
|poke|p1|Amoonguss, F|
|poke|p1|Iron Moth|
|poke|p1|Hatterene, F|
|poke|p1|Tyranitar, F|
|poke|p2|Salazzle, F|
|poke|p2|Glimmora, F|
|poke|p2|Weezing-Galar, M|
|poke|p2|Toxapex, M|
|poke|p2|Iron Valiant|
|poke|p2|Blissey, F|
|teampreview
|
|t:|1779613196
|teamsize|p1|6
|teamsize|p2|6
|start
|switch|p1a: Glimmora|Glimmora, F|100/100
|switch|p2a: Glimmora|Glimmora, F, shiny|100/100
|turn|1
|
|t:|1779613203
|move|p2a: Glimmora|Toxic|p1a: Glimmora
|-status|p1a: Glimmora|tox
|move|p1a: Glimmora|Stealth Rock|p2a: Glimmora
|-sidestart|p2: magicsalt|move: Stealth Rock
|
|-damage|p1a: Glimmora|94/100 tox|[from] psn
|upkeep
|turn|2
|
|t:|1779613215
|move|p1a: Glimmora|Earth Power|p2a: Glimmora
|-supereffective|p2a: Glimmora
|-enditem|p2a: Glimmora|Focus Sash
|-damage|p2a: Glimmora|1/100
|move|p2a: Glimmora|Mortal Spin|p1a: Glimmora
|-resisted|p1a: Glimmora
|-damage|p1a: Glimmora|92/100 tox
|-activate|p1a: Glimmora|ability: Toxic Debris
|-sidestart|p2: magicsalt|move: Toxic Spikes
|-sideend|p2: magicsalt|Toxic Spikes|[from] move: Mortal Spin|[of] p2a: Glimmora
|-sideend|p2: magicsalt|Stealth Rock|[from] move: Mortal Spin|[of] p2a: Glimmora
|
|-damage|p1a: Glimmora|80/100 tox|[from] psn
|upkeep
|turn|3
|
|t:|1779613232
|move|p2a: Glimmora|Spiky Shield|p2a: Glimmora
|-singleturn|p2a: Glimmora|move: Protect
|move|p1a: Glimmora|Stealth Rock|p2a: Glimmora
|-sidestart|p2: magicsalt|move: Stealth Rock
|
|-damage|p1a: Glimmora|61/100 tox|[from] psn
|upkeep
|turn|4
|
|t:|1779613249
|move|p2a: Glimmora|Mortal Spin|p1a: Glimmora
|-resisted|p1a: Glimmora
|-damage|p1a: Glimmora|59/100 tox
|-activate|p1a: Glimmora|ability: Toxic Debris
|-sidestart|p2: magicsalt|move: Toxic Spikes
|-sideend|p2: magicsalt|Toxic Spikes|[from] move: Mortal Spin|[of] p2a: Glimmora
|-sideend|p2: magicsalt|Stealth Rock|[from] move: Mortal Spin|[of] p2a: Glimmora
|move|p1a: Glimmora|Mortal Spin|p2a: Glimmora
|-resisted|p2a: Glimmora
|-damage|p2a: Glimmora|0 fnt
|faint|p2a: Glimmora
|
|-damage|p1a: Glimmora|35/100 tox|[from] psn
|upkeep
|
|t:|1779613264
|switch|p2a: Iron Valiant|Iron Valiant|100/100
|-enditem|p2a: Iron Valiant|Booster Energy
|-activate|p2a: Iron Valiant|ability: Quark Drive|[fromitem]
|-start|p2a: Iron Valiant|quarkdrivespe
|turn|5
|
|t:|1779613269
|move|p2a: Iron Valiant|Vacuum Wave|p1a: Glimmora
|-damage|p1a: Glimmora|9/100 tox
|move|p1a: Glimmora|Stealth Rock|p2a: Iron Valiant
|-sidestart|p2: magicsalt|move: Stealth Rock
|
|-damage|p1a: Glimmora|0 fnt|[from] psn
|faint|p1a: Glimmora
|upkeep
|
|t:|1779613282
|switch|p1a: Hatterene|Hatterene, F, shiny|100/100
|turn|6
|
|t:|1779613295
|move|p2a: Iron Valiant|Calm Mind|p2a: Iron Valiant
|-boost|p2a: Iron Valiant|spa|1
|-boost|p2a: Iron Valiant|spd|1
|move|p1a: Hatterene|Psychic|p2a: Iron Valiant
|-supereffective|p2a: Iron Valiant
|-damage|p2a: Iron Valiant|3/100
|
|upkeep
|turn|7
|
|t:|1779613306
|move|p2a: Iron Valiant|Destiny Bond|p2a: Iron Valiant
|-singlemove|p2a: Iron Valiant|Destiny Bond
|move|p1a: Hatterene|Psychic|p2a: Iron Valiant
|-supereffective|p2a: Iron Valiant
|-damage|p2a: Iron Valiant|0 fnt
|faint|p2a: Iron Valiant
|-activate|p2a: Iron Valiant|move: Destiny Bond
|-end|p2a: Iron Valiant|Quark Drive|[silent]
|faint|p1a: Hatterene
|
|upkeep
|
|t:|1779613322
|switch|p2a: Weezing|Weezing-Galar, M|100/100
|switch|p1a: Tyranitar|Tyranitar, F|100/100
|-weather|Sandstorm|[from] ability: Sand Stream|[of] p1a: Tyranitar
|-damage|p2a: Weezing|88/100|[from] Stealth Rock
|turn|8
|j| FRUlinzx
|
|t:|1779613362
|move|p1a: Tyranitar|Stone Edge|p2a: Weezing
|-damage|p2a: Weezing|29/100
|move|p2a: Weezing|Defog|p1a: Tyranitar
|-unboost|p1a: Tyranitar|evasion|1
|-sideend|p2: magicsalt|Stealth Rock|[from] move: Defog|[of] p2a: Weezing
|
|-weather|Sandstorm|[upkeep]
|-damage|p2a: Weezing|23/100|[from] Sandstorm
|upkeep
|turn|9
|
|t:|1779613372
|move|p2a: Weezing|Protect|p2a: Weezing
|-singleturn|p2a: Weezing|Protect
|move|p1a: Tyranitar|Stone Edge|p2a: Weezing
|-activate|p2a: Weezing|move: Protect
|
|-weather|Sandstorm|[upkeep]
|-damage|p2a: Weezing|17/100|[from] Sandstorm
|upkeep
|turn|10
|
|t:|1779613387
|switch|p2a: Blissey|Blissey, F|100/100
|move|p1a: Tyranitar|Stone Edge|p2a: Blissey
|-damage|p2a: Blissey|30/100
|
|-weather|Sandstorm|[upkeep]
|-damage|p2a: Blissey|24/100|[from] Sandstorm
|upkeep
|turn|11
|
|t:|1779613407
|switch|p2a: Weezing|Weezing-Galar, M|17/100
|move|p1a: Tyranitar|Stone Edge|p2a: Weezing
|-damage|p2a: Weezing|0 fnt
|faint|p2a: Weezing
|
|-weather|Sandstorm|[upkeep]
|upkeep
|
|t:|1779613416
|switch|p2a: Toxapex|Toxapex, M|100/100
|turn|12
|
|t:|1779613428
|switch|p1a: Amoonguss|Amoonguss, F, shiny|100/100
|-terastallize|p2a: Toxapex|Ghost
|move|p2a: Toxapex|Infestation|p1a: Amoonguss
|-crit|p1a: Amoonguss
|-damage|p1a: Amoonguss|95/100
|-activate|p1a: Amoonguss|move: Infestation|[of] p2a: Toxapex
|
|-weather|none
|-heal|p1a: Amoonguss|100/100|[from] item: Black Sludge
|-damage|p1a: Amoonguss|88/100|[from] move: Infestation|[partiallytrapped]
|upkeep
|turn|13
|
|t:|1779613440
|move|p2a: Toxapex|Baneful Bunker|p2a: Toxapex
|-singleturn|p2a: Toxapex|move: Protect
|move|p1a: Amoonguss|Giga Drain|p2a: Toxapex
|-activate|p2a: Toxapex|move: Protect
|
|-heal|p1a: Amoonguss|94/100|[from] item: Black Sludge
|-damage|p1a: Amoonguss|82/100|[from] move: Infestation|[partiallytrapped]
|upkeep
|turn|14
|
|t:|1779613453
|-terastallize|p1a: Amoonguss|Steel
|move|p2a: Toxapex|Infestation|p1a: Amoonguss
|-resisted|p1a: Amoonguss
|-damage|p1a: Amoonguss|80/100
|move|p1a: Amoonguss|Giga Drain|p2a: Toxapex
|-damage|p2a: Toxapex|81/100
|-heal|p1a: Amoonguss|86/100|[from] drain|[of] p2a: Toxapex
|
|-heal|p2a: Toxapex|87/100|[from] item: Leftovers
|-damage|p1a: Amoonguss|73/100|[from] item: Black Sludge
|-damage|p1a: Amoonguss|61/100|[from] move: Infestation|[partiallytrapped]
|upkeep
|turn|15
|
|t:|1779613476
|move|p2a: Toxapex|Hex|p1a: Amoonguss
|-damage|p1a: Amoonguss|44/100
|move|p1a: Amoonguss|Toxic|p2a: Toxapex
|-status|p2a: Toxapex|tox
|
|-heal|p2a: Toxapex|93/100 tox|[from] item: Leftovers
|-damage|p1a: Amoonguss|31/100|[from] item: Black Sludge
|-damage|p2a: Toxapex|87/100 tox|[from] psn
|-damage|p1a: Amoonguss|19/100|[from] move: Infestation|[partiallytrapped]
|upkeep
|turn|16
|
|t:|1779613494
|move|p2a: Toxapex|Hex|p1a: Amoonguss
|-damage|p1a: Amoonguss|0 fnt
|faint|p1a: Amoonguss
|
|-heal|p2a: Toxapex|93/100 tox|[from] item: Leftovers
|-damage|p2a: Toxapex|81/100 tox|[from] psn
|upkeep
|
|t:|1779613505
|switch|p1a: Gholdengo|Gholdengo|100/100
|turn|17
|
|t:|1779613514
|move|p2a: Toxapex|Baneful Bunker|p2a: Toxapex
|-singleturn|p2a: Toxapex|move: Protect
|move|p1a: Gholdengo|Nasty Plot|p1a: Gholdengo
|-boost|p1a: Gholdengo|spa|2
|
|-heal|p2a: Toxapex|87/100 tox|[from] item: Leftovers
|-damage|p2a: Toxapex|69/100 tox|[from] psn
|upkeep
|turn|18
|
|t:|1779613523
|switch|p2a: Salazzle|Salazzle, F|100/100
|move|p1a: Gholdengo|Shadow Ball|p2a: Salazzle
|-enditem|p2a: Salazzle|Focus Sash
|-damage|p2a: Salazzle|1/100
|
|upkeep
|turn|19
|
|t:|1779613536
|move|p2a: Salazzle|Overheat|p1a: Gholdengo
|-supereffective|p1a: Gholdengo
|-damage|p1a: Gholdengo|0 fnt
|-unboost|p2a: Salazzle|spa|2
|faint|p1a: Gholdengo
|
|upkeep
|
|t:|1779613542
|switch|p1a: Tyranitar|Tyranitar, F|100/100
|-weather|Sandstorm|[from] ability: Sand Stream|[of] p1a: Tyranitar
|turn|20
|
|t:|1779613550
|move|p2a: Salazzle|Endeavor|p1a: Tyranitar
|-damage|p1a: Tyranitar|1/100
|move|p1a: Tyranitar|Low Kick|p2a: Salazzle
|-resisted|p2a: Salazzle
|-damage|p2a: Salazzle|0 fnt
|faint|p2a: Salazzle
|
|-weather|Sandstorm|[upkeep]
|upkeep
|
|t:|1779613560
|switch|p2a: Toxapex|Toxapex, M, tera:Ghost|100/100 tox
|turn|21
|
|t:|1779613573
|switch|p1a: Iron Moth|Iron Moth, shiny|100/100
|-enditem|p1a: Iron Moth|Booster Energy
|-activate|p1a: Iron Moth|ability: Quark Drive|[fromitem]
|-start|p1a: Iron Moth|quarkdrivespe
|move|p2a: Toxapex|Infestation|p1a: Iron Moth
|-resisted|p1a: Iron Moth
|-damage|p1a: Iron Moth|99/100
|-activate|p1a: Iron Moth|move: Infestation|[of] p2a: Toxapex
|
|-weather|Sandstorm|[upkeep]
|-damage|p1a: Iron Moth|94/100|[from] Sandstorm
|-damage|p2a: Toxapex|94/100 tox|[from] Sandstorm
|-heal|p2a: Toxapex|100/100 tox|[from] item: Leftovers
|-damage|p2a: Toxapex|94/100 tox|[from] psn
|-damage|p1a: Iron Moth|81/100|[from] move: Infestation|[partiallytrapped]
|upkeep
|turn|22
|
|t:|1779613588
|switch|p2a: Blissey|Blissey, F|24/100
|move|p1a: Iron Moth|Fiery Dance|p2a: Blissey
|-damage|p2a: Blissey|8/100
|-boost|p1a: Iron Moth|spa|1
|
|-weather|Sandstorm|[upkeep]
|-damage|p1a: Iron Moth|75/100|[from] Sandstorm
|-damage|p2a: Blissey|2/100|[from] Sandstorm
|-end|p1a: Iron Moth|Infestation|[partiallytrapped]|[silent]
|upkeep
|turn|23
|
|t:|1779613599
|move|p1a: Iron Moth|Fiery Dance|p2a: Blissey
|-damage|p2a: Blissey|0 fnt
|-boost|p1a: Iron Moth|spa|1
|faint|p2a: Blissey
|
|-weather|Sandstorm|[upkeep]
|-damage|p1a: Iron Moth|69/100|[from] Sandstorm
|upkeep
|
|t:|1779613608
|switch|p2a: Toxapex|Toxapex, M, tera:Ghost|100/100 tox
|turn|24
|
|t:|1779613618
|move|p1a: Iron Moth|Fiery Dance|p2a: Toxapex
|-damage|p2a: Toxapex|31/100 tox
|-boost|p1a: Iron Moth|spa|1
|move|p2a: Toxapex|Infestation|p1a: Iron Moth
|-resisted|p1a: Iron Moth
|-damage|p1a: Iron Moth|68/100
|-activate|p1a: Iron Moth|move: Infestation|[of] p2a: Toxapex
|
|-weather|none
|-heal|p2a: Toxapex|37/100 tox|[from] item: Leftovers
|-damage|p2a: Toxapex|31/100 tox|[from] psn
|-damage|p1a: Iron Moth|56/100|[from] move: Infestation|[partiallytrapped]
|upkeep
|turn|25
|-message|magicsalt forfeited.
|
|win|TERNAL
|raw|TERNAL's rating: 1089 &rarr; <strong>1119</strong><br />(+30 for winning)
|raw|magicsalt's rating: 1130 &rarr; <strong>1102</strong><br />(-28 for losing)
