|j|☆KalosToHighElo
|j|☆Sofaniyas
|t:|1779698700
|gametype|singles
|player|p1|KalosToHighElo|preschooler|1121
|player|p2|Sofaniyas|clerk-boss|1080
|gen|9
|tier|[Gen 9] OU
|rated|
|rule|HP Percentage Mod: HP is shown in percentages
|rule|Endless Battle Clause: Forcing endless battles is banned
|rule|Species Clause: Limit one of each Pokémon
|rule|OHKO Clause: OHKO moves are banned
|rule|Evasion Items Clause: Evasion items are banned
|rule|Evasion Moves Clause: Evasion moves are banned
|rule|Evasion Abilities Clause: Evasion abilities are banned
|rule|Sleep Moves Clause: Sleep-inducing moves are banned
|clearpoke
|poke|p1|Hawlucha, M|
|poke|p1|Noivern, F|
|poke|p1|Klefki, M|
|poke|p1|Goodra, F|
|poke|p1|Chesnaught, F|
|poke|p1|Florges-Orange, F|
|poke|p2|Garchomp, M|
|poke|p2|Darkrai|
|poke|p2|Gholdengo|
|poke|p2|Ogerpon-Wellspring, F|
|poke|p2|Iron Valiant|
|poke|p2|Iron Treads|
|teampreview
|c|☆Sofaniyas|ngg
|
|t:|1779698708
|teamsize|p1|6
|teamsize|p2|6
|start
|switch|p1a: Cha-ching|Klefki, M|100/100
|switch|p2a: Garchomp|Garchomp, M|100/100
|turn|1
|
|t:|1779698716
|move|p1a: Cha-ching|Magnet Rise|p1a: Cha-ching
|-start|p1a: Cha-ching|Magnet Rise
|move|p2a: Garchomp|Spikes|p1a: Cha-ching
|-sidestart|p1: KalosToHighElo|Spikes
|
|upkeep
|turn|2
|c|☆KalosToHighElo|fym ngg
|
|t:|1779698722
|move|p2a: Garchomp|Spikes|p1a: Cha-ching
|-sidestart|p1: KalosToHighElo|Spikes
|move|p1a: Cha-ching|Foul Play|p2a: Garchomp
|-damage|p2a: Garchomp|84/100
|-damage|p1a: Cha-ching|88/100|[from] ability: Rough Skin|[of] p2a: Garchomp
|-damage|p1a: Cha-ching|72/100|[from] item: Rocky Helmet|[of] p2a: Garchomp
|
|-heal|p1a: Cha-ching|78/100|[from] item: Leftovers
|upkeep
|turn|3
|
|t:|1779698731
|move|p1a: Cha-ching|Spikes|p2a: Garchomp
|-sidestart|p2: Sofaniyas|Spikes
|move|p2a: Garchomp|Stealth Rock|p1a: Cha-ching
|-sidestart|p1: KalosToHighElo|move: Stealth Rock
|
|-heal|p1a: Cha-ching|84/100|[from] item: Leftovers
|upkeep
|turn|4
|
|t:|1779698737
|move|p1a: Cha-ching|Spikes|p2a: Garchomp
|-sidestart|p2: Sofaniyas|Spikes
|move|p2a: Garchomp|Spikes|p1a: Cha-ching
|-sidestart|p1: KalosToHighElo|Spikes
|
|-heal|p1a: Cha-ching|89/100|[from] item: Leftovers
|upkeep
|turn|5
|
|t:|1779698742
|move|p1a: Cha-ching|Spikes|p2a: Garchomp
|-sidestart|p2: Sofaniyas|Spikes
|move|p2a: Garchomp|Stealth Rock||[still]
|-fail|p2a: Garchomp
|
|-heal|p1a: Cha-ching|95/100|[from] item: Leftovers
|-end|p1a: Cha-ching|Magnet Rise
|upkeep
|turn|6
|
|t:|1779698749
|move|p1a: Cha-ching|Magnet Rise|p1a: Cha-ching
|-start|p1a: Cha-ching|Magnet Rise
|move|p2a: Garchomp|Spikes||[still]
|-fail|p2a: Garchomp
|
|-heal|p1a: Cha-ching|100/100|[from] item: Leftovers
|upkeep
|turn|7
|
|t:|1779698756
|switch|p2a: Iron Treads|Iron Treads|100/100
|-damage|p2a: Iron Treads|76/100|[from] Spikes
|move|p1a: Cha-ching|Foul Play|p2a: Iron Treads
|-damage|p2a: Iron Treads|56/100
|
|-heal|p2a: Iron Treads|62/100|[from] item: Leftovers
|upkeep
|turn|8
|
|t:|1779698765
|move|p2a: Iron Treads|Rapid Spin|p1a: Cha-ching
|-resisted|p1a: Cha-ching
|-damage|p1a: Cha-ching|94/100
|-boost|p2a: Iron Treads|spe|1
|-sideend|p2: Sofaniyas|Spikes|[from] move: Rapid Spin|[of] p2a: Iron Treads
|move|p1a: Cha-ching|Foul Play|p2a: Iron Treads
|-damage|p2a: Iron Treads|42/100
|
|-heal|p2a: Iron Treads|48/100|[from] item: Leftovers
|-heal|p1a: Cha-ching|99/100|[from] item: Leftovers
|upkeep
|turn|9
|
|t:|1779698777
|-end|p2a: Iron Treads|Quark Drive|[silent]
|switch|p2a: Gholdengo|Gholdengo|100/100
|-item|p2a: Gholdengo|Air Balloon
|move|p1a: Cha-ching|Foul Play|p2a: Gholdengo
|-supereffective|p2a: Gholdengo
|-damage|p2a: Gholdengo|85/100
|-enditem|p2a: Gholdengo|Air Balloon
|
|-heal|p1a: Cha-ching|100/100|[from] item: Leftovers
|upkeep
|turn|10
|
|t:|1779698803
|move|p2a: Gholdengo|Thunder Wave|p1a: Cha-ching
|-status|p1a: Cha-ching|par
|move|p1a: Cha-ching|Foul Play|p2a: Gholdengo
|-supereffective|p2a: Gholdengo
|-damage|p2a: Gholdengo|71/100
|
|-end|p1a: Cha-ching|Magnet Rise
|upkeep
|turn|11
|
|t:|1779698814
|switch|p1a: My MAN|Chesnaught, F|100/100
|-damage|p1a: My MAN|76/100|[from] Spikes
|-damage|p1a: My MAN|69/100|[from] Stealth Rock
|-terastallize|p2a: Gholdengo|Fairy
|move|p2a: Gholdengo|Hex|p1a: My MAN
|-damage|p1a: My MAN|37/100
|
|upkeep
|turn|12
|
|t:|1779698826
|move|p2a: Gholdengo|Make It Rain|p1a: My MAN
|-damage|p1a: My MAN|0 fnt
|-unboost|p2a: Gholdengo|spa|1
|faint|p1a: My MAN
|
|upkeep
|
|t:|1779698835
|switch|p1a: #StopSlander|Goodra, F|100/100
|-damage|p1a: #StopSlander|76/100|[from] Spikes
|-damage|p1a: #StopSlander|63/100|[from] Stealth Rock
|turn|13
|
|t:|1779698844
|move|p2a: Gholdengo|Make It Rain|p1a: #StopSlander
|-damage|p1a: #StopSlander|46/100
|-unboost|p2a: Gholdengo|spa|1
|move|p1a: #StopSlander|Earthquake|p2a: Gholdengo
|-damage|p2a: Gholdengo|50/100
|
|upkeep
|turn|14
|
|t:|1779698852
|move|p2a: Gholdengo|Hex|p1a: #StopSlander
|-damage|p1a: #StopSlander|40/100
|move|p1a: #StopSlander|Aqua Tail|p2a: Gholdengo
|-damage|p2a: Gholdengo|29/100
|
|upkeep
|turn|15
|
|t:|1779698859
|switch|p2a: Garchomp|Garchomp, M|84/100
|move|p1a: #StopSlander|Aqua Tail|p2a: Garchomp
|-damage|p2a: Garchomp|66/100
|-damage|p1a: #StopSlander|27/100|[from] ability: Rough Skin|[of] p2a: Garchomp
|-damage|p1a: #StopSlander|11/100|[from] item: Rocky Helmet|[of] p2a: Garchomp
|
|upkeep
|turn|16
|
|t:|1779698868
|move|p1a: #StopSlander|Dragon Claw|p2a: Garchomp
|-supereffective|p2a: Garchomp
|-damage|p2a: Garchomp|22/100
|-damage|p1a: #StopSlander|0 fnt|[from] ability: Rough Skin|[of] p2a: Garchomp
|faint|p1a: #StopSlander
|move|p2a: Garchomp|Dragon Tail|p1: #StopSlander|[notarget]
|-fail|p2a: Garchomp
|
|upkeep
|
|t:|1779698877
|switch|p1a: THE GOAT!|Noivern, F|100/100
|-damage|p1a: THE GOAT!|75/100|[from] Stealth Rock
|-item|p2a: Garchomp|Rocky Helmet|[from] ability: Frisk|[of] p1a: THE GOAT!
|turn|17
|
|t:|1779698884
|switch|p2a: Darkrai|Darkrai|100/100
|move|p1a: THE GOAT!|Boomburst|p2a: Darkrai
|-damage|p2a: Darkrai|38/100
|
|upkeep
|turn|18
|
|t:|1779698894
|move|p2a: Darkrai|Ice Beam|p1a: THE GOAT!
|-supereffective|p1a: THE GOAT!
|-damage|p1a: THE GOAT!|0 fnt
|faint|p1a: THE GOAT!
|
|upkeep
|inactive|Battle timer is ON: inactive players will automatically lose when time's up. (requested by Sofaniyas)
|
|t:|1779698920
|switch|p1a: His girl|Florges-Orange, F|100/100
|-damage|p1a: His girl|75/100|[from] Spikes
|-damage|p1a: His girl|63/100|[from] Stealth Rock
|turn|19
|
|t:|1779698933
|move|p2a: Darkrai|Sludge Bomb|p1a: His girl
|-supereffective|p1a: His girl
|-damage|p1a: His girl|27/100
|move|p1a: His girl|Moonblast|p2a: Darkrai
|-supereffective|p2a: Darkrai
|-damage|p2a: Darkrai|0 fnt
|faint|p2a: Darkrai
|
|-heal|p1a: His girl|33/100|[from] item: Leftovers
|upkeep
|
|t:|1779698944
|switch|p2a: Iron Valiant|Iron Valiant|100/100
|-enditem|p2a: Iron Valiant|Booster Energy
|-activate|p2a: Iron Valiant|ability: Quark Drive|[fromitem]
|-start|p2a: Iron Valiant|quarkdrivespe
|turn|20
|
|t:|1779698962
|move|p2a: Iron Valiant|Moonblast|p1a: His girl
|-damage|p1a: His girl|7/100
|move|p1a: His girl|Moonblast|p2a: Iron Valiant
|-supereffective|p2a: Iron Valiant
|-damage|p2a: Iron Valiant|0 fnt
|faint|p2a: Iron Valiant
|-end|p2a: Iron Valiant|Quark Drive|[silent]
|
|-heal|p1a: His girl|13/100|[from] item: Leftovers
|upkeep
|
|t:|1779698970
|switch|p2a: Gholdengo|Gholdengo, tera:Fairy|29/100
|turn|21
|
|t:|1779698979
|switch|p1a: El Luchador|Hawlucha, M, shiny|100/100
|-damage|p1a: El Luchador|88/100|[from] Stealth Rock
|move|p2a: Gholdengo|Make It Rain|p1a: El Luchador
|-damage|p1a: El Luchador|18/100
|-unboost|p2a: Gholdengo|spa|1
|-enditem|p1a: El Luchador|Sitrus Berry|[eat]
|-heal|p1a: El Luchador|43/100|[from] item: Sitrus Berry
|
|upkeep
|turn|22
|
|t:|1779698990
|move|p1a: El Luchador|Acrobatics|p2a: Gholdengo
|-damage|p2a: Gholdengo|0 fnt
|faint|p2a: Gholdengo
|
|upkeep
|
|t:|1779698997
|switch|p2a: Iron Treads|Iron Treads|48/100
|turn|23
|
|t:|1779699004
|move|p1a: El Luchador|High Jump Kick|p2a: Iron Treads
|-supereffective|p2a: Iron Treads
|-damage|p2a: Iron Treads|0 fnt
|faint|p2a: Iron Treads
|-end|p2a: Iron Treads|Quark Drive|[silent]
|
|upkeep
|
|t:|1779699009
|switch|p2a: Garchomp|Garchomp, M|22/100
|turn|24
|
|t:|1779699020
|move|p1a: El Luchador|Acrobatics|p2a: Garchomp
|-damage|p2a: Garchomp|0 fnt
|-damage|p1a: El Luchador|31/100|[from] ability: Rough Skin|[of] p2a: Garchomp
|-damage|p1a: El Luchador|14/100|[from] item: Rocky Helmet|[of] p2a: Garchomp
|faint|p2a: Garchomp
|
|upkeep
|
|t:|1779699026
|switch|p2a: Ogerpon|Ogerpon-Wellspring, F|100/100
|turn|25
|
|t:|1779699033
|move|p1a: El Luchador|Acrobatics|p2a: Ogerpon
|-supereffective|p2a: Ogerpon
|-damage|p2a: Ogerpon|0 fnt
|faint|p2a: Ogerpon
|
|win|KalosToHighElo
|raw|KalosToHighElo's rating: 1121 &rarr; <strong>1143</strong><br />(+22 for winning)
|raw|Sofaniyas's rating: 1080 &rarr; <strong>1061</strong><br />(-19 for losing)
|l|☆Sofaniyas
|player|p2|
|c|☆KalosToHighElo|gg
|l|☆KalosToHighElo
|player|p1|
|j|☆Sofaniyas
|player|p2|Sofaniyas|clerk-boss|
