|j|☆KalosToHighElo
|j|☆Ghostshade
|t:|1779701415
|gametype|singles
|player|p1|KalosToHighElo|preschooler|1114
|player|p2|Ghostshade|iris-gen5bw2|1124
|gen|9
|tier|[Gen 9] OU
|rated|
|rule|HP Percentage Mod: HP is shown in percentages
|rule|Endless Battle Clause: Forcing endless battles is banned
|rule|Species Clause: Limit one of each Pokémon
|rule|OHKO Clause: OHKO moves are banned
|rule|Evasion Items Clause: Evasion items are banned
|rule|Evasion Moves Clause: Evasion moves are banned
|rule|Evasion Abilities Clause: Evasion abilities are banned
|rule|Sleep Moves Clause: Sleep-inducing moves are banned
|clearpoke
|poke|p1|Ambipom, M|
|poke|p1|Scizor, M|
|poke|p1|Breloom, F|
|poke|p1|Fezandipiti, M|
|poke|p1|Scyther, M|
|poke|p1|Toxtricity-Low-Key, F|
|poke|p2|Hatterene, F|
|poke|p2|Great Tusk|
|poke|p2|Tornadus-Therian, M|
|poke|p2|Kyurem|
|poke|p2|Slowking-Galar, F|
|poke|p2|Kingambit, M|
|teampreview
|inactive|Battle timer is ON: inactive players will automatically lose when time's up. (requested by KalosToHighElo)
|inactiveoff|Battle timer is now OFF.
|
|t:|1779701446
|teamsize|p1|6
|teamsize|p2|6
|start
|switch|p1a: Sett|Ambipom, M|100/100
|switch|p2a: Tornadus|Tornadus-Therian, M|100/100
|turn|1
|
|t:|1779701455
|move|p1a: Sett|Fake Out|p2a: Tornadus
|-damage|p2a: Tornadus|60/100
|cant|p2a: Tornadus|flinch
|
|upkeep
|turn|2
|
|t:|1779701459
|move|p2a: Tornadus|U-turn|p1a: Sett
|-damage|p1a: Sett|78/100
|
|t:|1779701461
|switch|p2a: Great Tusk|Great Tusk|100/100|[from] U-turn
|move|p1a: Sett|Triple Axel|p2a: Great Tusk|[miss]
|-miss|p1a: Sett|p2a: Great Tusk
|
|upkeep
|turn|3
|
|t:|1779701476
|-end|p2a: Great Tusk|Protosynthesis|[silent]
|switch|p2a: Hatterene|Hatterene, F|100/100
|-terastallize|p1a: Sett|Ghost
|move|p1a: Sett|Triple Axel|p2a: Hatterene
|-damage|p2a: Hatterene|93/100
|-damage|p1a: Sett|61/100|[from] item: Rocky Helmet|[of] p2a: Hatterene
|-crit|p2a: Hatterene
|-damage|p2a: Hatterene|67/100
|-damage|p1a: Sett|45/100|[from] item: Rocky Helmet|[of] p2a: Hatterene
|-damage|p2a: Hatterene|45/100
|-damage|p1a: Sett|29/100|[from] item: Rocky Helmet|[of] p2a: Hatterene
|-hitcount|p2a: Hatterene|3
|
|upkeep
|turn|4
|c|☆KalosToHighElo|gosh
|
|t:|1779701492
|switch|p1a: Anivia|Fezandipiti, M|100/100
|move|p2a: Hatterene|Draining Kiss|p1a: Anivia
|-resisted|p1a: Anivia
|-damage|p1a: Anivia|90/100
|-heal|p2a: Hatterene|53/100|[from] drain|[of] p1a: Anivia
|
|upkeep
|turn|5
|
|t:|1779701500
|move|p1a: Anivia|Swords Dance|p1a: Anivia
|-boost|p1a: Anivia|atk|2
|move|p2a: Hatterene|Psychic Noise|p1a: Anivia
|-supereffective|p1a: Anivia
|-damage|p1a: Anivia|36/100
|-start|p1a: Anivia|move: Heal Block
|
|upkeep
|turn|6
|
|t:|1779701517
|move|p1a: Anivia|Dual Wingbeat|p2a: Hatterene
|-damage|p2a: Hatterene|25/100
|-damage|p1a: Anivia|20/100|[from] item: Rocky Helmet|[of] p2a: Hatterene
|-damage|p2a: Hatterene|0 fnt
|-damage|p1a: Anivia|4/100|[from] item: Rocky Helmet|[of] p2a: Hatterene
|faint|p2a: Hatterene
|-hitcount|p2: Hatterene|2
|
|-end|p1a: Anivia|move: Heal Block
|upkeep
|
|t:|1779701524
|switch|p2a: Tornadus|Tornadus-Therian, M|93/100
|turn|7
|
|t:|1779701531
|switch|p1a: Volibear|Toxtricity-Low-Key, F|100/100
|move|p2a: Tornadus|U-turn|p1a: Volibear
|-resisted|p1a: Volibear
|-damage|p1a: Volibear|90/100
|
|t:|1779701542
|switch|p2a: Slowking|Slowking-Galar, F|100/100|[from] U-turn
|
|upkeep
|turn|8
|
|t:|1779701553
|move|p1a: Volibear|Thief|p2a: Slowking
|-supereffective|p2a: Slowking
|-damage|p2a: Slowking|64/100
|-enditem|p2a: Slowking|Black Sludge|[silent]|[from] move: Thief|[of] p1a: Volibear
|-item|p1a: Volibear|Black Sludge|[from] move: Thief|[of] p2a: Slowking
|-prepare|p2a: Slowking|Chilly Reception|[premajor]
|move|p2a: Slowking|Chilly Reception|p2a: Slowking
|-weather|Snowscape
|c|☆KalosToHighElo|ouch ouch take it back
|
|t:|1779701562
|switch|p2a: Kyurem|Kyurem|100/100|[from] Chilly Reception
|-ability|p2a: Kyurem|Pressure
|
|-weather|Snowscape|[upkeep]
|-heal|p1a: Volibear|96/100|[from] item: Black Sludge
|upkeep
|turn|9
|c|☆KalosToHighElo|wait nvm
|c|☆KalosToHighElo|how could  i forgot
|
|t:|1779701599
|move|p2a: Kyurem|Earth Power|p1a: Volibear
|-supereffective|p1a: Volibear
|-damage|p1a: Volibear|0 fnt
|faint|p1a: Volibear
|
|-weather|Snowscape|[upkeep]
|upkeep
|
|t:|1779701627
|switch|p1a: Sett|Ambipom, M, tera:Ghost|29/100
|turn|10
|
|t:|1779701637
|switch|p2a: Great Tusk|Great Tusk|100/100
|move|p1a: Sett|Fake Out|p2a: Great Tusk
|-damage|p2a: Great Tusk|78/100
|-damage|p1a: Sett|12/100|[from] item: Rocky Helmet|[of] p2a: Great Tusk
|
|-weather|Snowscape|[upkeep]
|upkeep
|turn|11
|
|t:|1779701648
|switch|p1a: Cho'Gath|Scyther, M|100/100
|move|p2a: Great Tusk|Stealth Rock|p1a: Cho'Gath
|-sidestart|p1: KalosToHighElo|move: Stealth Rock
|
|-weather|Snowscape|[upkeep]
|upkeep
|turn|12
|
|t:|1779701661
|move|p1a: Cho'Gath|Swords Dance|p1a: Cho'Gath
|-boost|p1a: Cho'Gath|atk|2
|move|p2a: Great Tusk|Ice Spinner|p1a: Cho'Gath
|-supereffective|p1a: Cho'Gath
|-damage|p1a: Cho'Gath|45/100
|
|-weather|none
|upkeep
|turn|13
|
|t:|1779701674
|move|p1a: Cho'Gath|Trailblaze|p2a: Great Tusk
|-supereffective|p2a: Great Tusk
|-damage|p2a: Great Tusk|15/100
|-boost|p1a: Cho'Gath|spe|1
|-damage|p1a: Cho'Gath|29/100|[from] item: Rocky Helmet|[of] p2a: Great Tusk
|move|p2a: Great Tusk|Ice Spinner|p1a: Cho'Gath
|-supereffective|p1a: Cho'Gath
|-damage|p1a: Cho'Gath|0 fnt
|faint|p1a: Cho'Gath
|
|upkeep
|
|t:|1779701685
|switch|p1a: Ivern|Breloom, F, shiny|100/100
|-damage|p1a: Ivern|94/100|[from] Stealth Rock
|turn|14
|
|t:|1779701694
|move|p1a: Ivern|Bullet Seed|p2a: Great Tusk
|-supereffective|p2a: Great Tusk
|-damage|p2a: Great Tusk|0 fnt
|faint|p2a: Great Tusk
|-end|p2a: Great Tusk|Protosynthesis|[silent]
|-hitcount|p2: Great Tusk|1
|
|upkeep
|inactive|Battle timer is ON: inactive players will automatically lose when time's up. (requested by KalosToHighElo)
|
|t:|1779701715
|switch|p2a: Kingambit|Kingambit, M|100/100
|-activate|p2a: Kingambit|ability: Supreme Overlord
|-start|p2a: Kingambit|fallen2|[silent]
|turn|15
|
|t:|1779701742
|switch|p1a: Udyr|Scizor, M, shiny|100/100
|-damage|p1a: Udyr|88/100|[from] Stealth Rock
|move|p2a: Kingambit|Swords Dance|p2a: Kingambit
|-boost|p2a: Kingambit|atk|2
|
|upkeep
|turn|16
|
|t:|1779701752
|-terastallize|p2a: Kingambit|Ghost
|move|p1a: Udyr|U-turn|p2a: Kingambit
|-resisted|p2a: Kingambit
|-damage|p2a: Kingambit|80/100
|-damage|p1a: Udyr|78/100|[from] item: Life Orb
|
|t:|1779701760
|switch|p1a: Sett|Ambipom, M, tera:Ghost|12/100|[from] U-turn
|-damage|p1a: Sett|0 fnt|[from] Stealth Rock
|faint|p1a: Sett
|move|p2a: Kingambit|Kowtow Cleave|p1: Sett|[notarget]
|-fail|p2a: Kingambit
|
|-heal|p2a: Kingambit|86/100|[from] item: Leftovers
|upkeep
|
|t:|1779701770
|switch|p1a: Anivia|Fezandipiti, M|4/100
|turn|17
|
|t:|1779701777
|move|p2a: Kingambit|Sucker Punch|p1a: Anivia
|-resisted|p1a: Anivia
|-damage|p1a: Anivia|0 fnt
|faint|p1a: Anivia
|
|-heal|p2a: Kingambit|93/100|[from] item: Leftovers
|upkeep
|
|t:|1779701784
|switch|p1a: Ivern|Breloom, F, shiny|94/100
|-damage|p1a: Ivern|88/100|[from] Stealth Rock
|turn|18
|
|t:|1779701795
|move|p1a: Ivern|Bullet Seed|p2a: Kingambit
|-damage|p2a: Kingambit|77/100
|-damage|p2a: Kingambit|62/100
|-damage|p2a: Kingambit|47/100
|-damage|p2a: Kingambit|31/100
|-hitcount|p2a: Kingambit|4
|move|p2a: Kingambit|Iron Head|p1a: Ivern
|-damage|p1a: Ivern|0 fnt
|faint|p1a: Ivern
|
|-heal|p2a: Kingambit|37/100|[from] item: Leftovers
|upkeep
|
|t:|1779701806
|switch|p1a: Udyr|Scizor, M, shiny|78/100
|-damage|p1a: Udyr|66/100|[from] Stealth Rock
|turn|19
|
|t:|1779701816
|move|p1a: Udyr|Bullet Punch|p2a: Kingambit
|-damage|p2a: Kingambit|7/100
|-damage|p1a: Udyr|56/100|[from] item: Life Orb
|move|p2a: Kingambit|Kowtow Cleave|p1a: Udyr
|-damage|p1a: Udyr|0 fnt
|faint|p1a: Udyr
|
|win|Ghostshade
|raw|KalosToHighElo's rating: 1114 &rarr; <strong>1090</strong><br />(-24 for losing)
|raw|Ghostshade's rating: 1124 &rarr; <strong>1148</strong><br />(+24 for winning)
|l|☆KalosToHighElo
|player|p1|
|c|☆Ghostshade|Gg
|l|☆Ghostshade
|player|p2|
