|j|☆A1vinZenith
|j|☆Slyki
|t:|1779611061
|gametype|singles
|player|p1|A1vinZenith|alder|1121
|player|p2|Slyki|sightseerf|1133
|gen|9
|tier|[Gen 9] OU
|rated|
|rule|HP Percentage Mod: HP is shown in percentages
|rule|Endless Battle Clause: Forcing endless battles is banned
|rule|Species Clause: Limit one of each Pokémon
|rule|OHKO Clause: OHKO moves are banned
|rule|Evasion Items Clause: Evasion items are banned
|rule|Evasion Moves Clause: Evasion moves are banned
|rule|Evasion Abilities Clause: Evasion abilities are banned
|rule|Sleep Moves Clause: Sleep-inducing moves are banned
|clearpoke
|poke|p1|Greninja-*, M|
|poke|p1|Venusaur, F|
|poke|p1|Metagross|
|poke|p1|Blaziken, M|
|poke|p1|Latios, M|
|poke|p1|Kingambit, M|
|poke|p2|Goodra-Hisui, F|
|poke|p2|Dragapult, M|
|poke|p2|Mew|
|poke|p2|Tsareena, F|
|poke|p2|Corviknight, M|
|poke|p2|Flygon, F|
|teampreview
|
|t:|1779611067
|teamsize|p1|6
|teamsize|p2|6
|start
|switch|p1a: Latios|Latios, M, shiny|100/100
|switch|p2a: Petite|Mew|100/100
|turn|1
|
|t:|1779611077
|move|p1a: Latios|Shadow Ball|p2a: Petite
|-supereffective|p2a: Petite
|-damage|p2a: Petite|62/100
|move|p2a: Petite|Toxic|p1a: Latios
|-status|p1a: Latios|tox
|
|-damage|p1a: Latios|95/100 tox|[from] psn
|upkeep
|turn|2
|
|t:|1779611087
|move|p1a: Latios|Shadow Ball|p2a: Petite
|-supereffective|p2a: Petite
|-damage|p2a: Petite|26/100
|move|p2a: Petite|Light Screen|p2a: Petite
|-sidestart|p2: Slyki|move: Light Screen
|
|-damage|p1a: Latios|83/100 tox|[from] psn
|upkeep
|turn|3
|
|t:|1779611097
|move|p1a: Latios|Shadow Ball|p2a: Petite
|-supereffective|p2a: Petite
|-damage|p2a: Petite|7/100
|move|p2a: Petite|Reflect|p2a: Petite
|-sidestart|p2: Slyki|Reflect
|
|-damage|p1a: Latios|65/100 tox|[from] psn
|upkeep
|turn|4
|
|t:|1779611116
|move|p1a: Latios|Luster Purge|p2a: Petite
|-resisted|p2a: Petite
|-damage|p2a: Petite|0 fnt
|faint|p2a: Petite
|
|-damage|p1a: Latios|41/100 tox|[from] psn
|upkeep
|
|t:|1779611123
|switch|p2a: In Memoriam|Flygon, F|100/100
|turn|5
|
|t:|1779611127
|move|p1a: Latios|Draco Meteor|p2a: In Memoriam
|-supereffective|p2a: In Memoriam
|-damage|p2a: In Memoriam|0 fnt
|-unboost|p1a: Latios|spa|2
|faint|p2a: In Memoriam
|
|-damage|p1a: Latios|11/100 tox|[from] psn
|upkeep
|
|t:|1779611150
|switch|p2a: Dragapult|Dragapult, M|100/100
|turn|6
|
|t:|1779611153
|move|p2a: Dragapult|Dragon Dance|p2a: Dragapult
|-boost|p2a: Dragapult|atk|1
|-boost|p2a: Dragapult|spe|1
|move|p1a: Latios|Draco Meteor|p2a: Dragapult
|-supereffective|p2a: Dragapult
|-damage|p2a: Dragapult|36/100
|-unboost|p1a: Latios|spa|2
|
|-damage|p1a: Latios|0 fnt|[from] psn
|faint|p1a: Latios
|upkeep
|
|t:|1779611169
|switch|p1a: Greninja|Greninja, M, shiny|100/100
|turn|7
|
|t:|1779611178
|move|p2a: Dragapult|Dragon Darts|p1a: Greninja
|-damage|p1a: Greninja|44/100
|-anim|p2a: Dragapult|Dragon Darts|p1a: Greninja
|-damage|p1a: Greninja|0 fnt
|faint|p1a: Greninja
|
|upkeep
|
|t:|1779611188
|switch|p1a: Venusaur|Venusaur, F|100/100
|turn|8
|
|t:|1779611208
|-terastallize|p2a: Dragapult|Ghost
|move|p2a: Dragapult|Phantom Force||[still]
|-prepare|p2a: Dragapult|Phantom Force
|move|p1a: Venusaur|Sludge Bomb|p2a: Dragapult|[miss]
|-miss|p1a: Venusaur|p2a: Dragapult
|
|upkeep
|turn|9
|
|t:|1779611218
|move|p2a: Dragapult|Phantom Force|p1a: Venusaur|[from] lockedmove
|-damage|p1a: Venusaur|0 fnt
|faint|p1a: Venusaur
|
|-sideend|p2: Slyki|move: Light Screen
|upkeep
|
|t:|1779611226
|switch|p1a: Metagross|Metagross|100/100
|turn|10
|
|t:|1779611233
|move|p2a: Dragapult|Phantom Force||[still]
|-prepare|p2a: Dragapult|Phantom Force
|move|p1a: Metagross|Zen Headbutt|p2a: Dragapult|[miss]
|-miss|p1a: Metagross|p2a: Dragapult
|
|-sideend|p2: Slyki|Reflect
|upkeep
|turn|11
|
|t:|1779611241
|move|p1a: Metagross|Bullet Punch|p2a: Dragapult|[miss]
|-miss|p1a: Metagross|p2a: Dragapult
|move|p2a: Dragapult|Phantom Force|p1a: Metagross|[from] lockedmove
|-supereffective|p1a: Metagross
|-damage|p1a: Metagross|0 fnt
|faint|p1a: Metagross
|
|upkeep
|
|t:|1779611249
|switch|p1a: Blaziken|Blaziken, M|100/100
|turn|12
|
|t:|1779611260
|move|p2a: Dragapult|Dragon Darts|p1a: Blaziken
|-damage|p1a: Blaziken|40/100
|-anim|p2a: Dragapult|Dragon Darts|p1a: Blaziken
|-damage|p1a: Blaziken|0 fnt
|faint|p1a: Blaziken
|
|upkeep
|
|t:|1779611266
|switch|p1a: Kingambit|Kingambit, M|100/100
|-activate|p1a: Kingambit|ability: Supreme Overlord
|-start|p1a: Kingambit|fallen5|[silent]
|turn|13
|
|t:|1779611275
|-terastallize|p1a: Kingambit|Dark
|move|p1a: Kingambit|Sucker Punch||[still]
|-fail|p1a: Kingambit
|move|p2a: Dragapult|Dragon Dance|p2a: Dragapult
|-boost|p2a: Dragapult|atk|1
|-boost|p2a: Dragapult|spe|1
|
|upkeep
|turn|14
|
|t:|1779611283
|move|p1a: Kingambit|Sucker Punch||[still]
|-fail|p1a: Kingambit
|move|p2a: Dragapult|Dragon Dance|p2a: Dragapult
|-boost|p2a: Dragapult|atk|1
|-boost|p2a: Dragapult|spe|1
|
|upkeep
|turn|15
|
|t:|1779611293
|move|p1a: Kingambit|Sucker Punch|p2a: Dragapult
|-supereffective|p2a: Dragapult
|-damage|p2a: Dragapult|0 fnt
|faint|p2a: Dragapult
|
|upkeep
|
|t:|1779611299
|switch|p2a: Chud|Corviknight, M|100/100
|-ability|p2a: Chud|Pressure
|turn|16
|
|t:|1779611306
|move|p1a: Kingambit|Kowtow Cleave|p2a: Chud
|-damage|p2a: Chud|29/100
|-damage|p1a: Kingambit|84/100|[from] item: Rocky Helmet|[of] p2a: Chud
|move|p2a: Chud|U-turn|p1a: Kingambit
|-supereffective|p1a: Kingambit
|-damage|p1a: Kingambit|62/100
|
|t:|1779611311
|switch|p2a: Raiden|Tsareena, F, shiny|100/100|[from] U-turn
|
|upkeep
|turn|17
|
|t:|1779611319
|move|p1a: Kingambit|Sucker Punch||[still]
|cant|p2a: Raiden|ability: Queenly Majesty|Sucker Punch|[of] p1a: Kingambit
|move|p2a: Raiden|U-turn|p1a: Kingambit
|-supereffective|p1a: Kingambit
|-damage|p1a: Kingambit|23/100
|
|t:|1779611324
|switch|p2a: Goodra|Goodra-Hisui, F|100/100|[from] U-turn
|
|upkeep
|turn|18
|
|t:|1779611331
|move|p1a: Kingambit|Kowtow Cleave|p2a: Goodra
|-damage|p2a: Goodra|0 fnt
|faint|p2a: Goodra
|
|upkeep
|
|t:|1779611334
|switch|p2a: Raiden|Tsareena, F, shiny|100/100
|turn|19
|
|t:|1779611339
|move|p2a: Raiden|U-turn|p1a: Kingambit
|-supereffective|p1a: Kingambit
|-damage|p1a: Kingambit|0 fnt
|faint|p1a: Kingambit
|-end|p1a: Kingambit|fallen5|[silent]
|
|win|Slyki
|raw|A1vinZenith's rating: 1121 &rarr; <strong>1097</strong><br />(-24 for losing)
|raw|Slyki's rating: 1133 &rarr; <strong>1157</strong><br />(+24 for winning)
|l|☆Slyki
|player|p2|
|l|☆A1vinZenith
|player|p1|
