|j|☆Yukinoshitafan1234
|j|☆Chino_Gmr
|t:|1779631780
|gametype|singles
|player|p1|Yukinoshitafan1234|ghetsis|1176
|player|p2|Chino_Gmr|cynthia|1133
|gen|9
|tier|[Gen 9] OU
|rated|
|rule|HP Percentage Mod: HP is shown in percentages
|rule|Endless Battle Clause: Forcing endless battles is banned
|rule|Species Clause: Limit one of each Pokémon
|rule|OHKO Clause: OHKO moves are banned
|rule|Evasion Items Clause: Evasion items are banned
|rule|Evasion Moves Clause: Evasion moves are banned
|rule|Evasion Abilities Clause: Evasion abilities are banned
|rule|Sleep Moves Clause: Sleep-inducing moves are banned
|clearpoke
|poke|p1|Pelipper, F|
|poke|p1|Regieleki|
|poke|p1|Dragonite, M|
|poke|p1|Thundurus-Therian, M|
|poke|p1|Araquanid, F|
|poke|p1|Barraskewda, M|
|poke|p2|Garchomp, M|
|poke|p2|Milotic, F|
|poke|p2|Spiritomb, M|
|poke|p2|Lucario, M|
|poke|p2|Eelektross, M|
|poke|p2|Braviary-Hisui, M|
|teampreview
|
|t:|1779631788
|teamsize|p1|6
|teamsize|p2|6
|start
|switch|p1a: Barraskewda|Barraskewda, M|100/100
|switch|p2a: Eelektross|Eelektross, M|100/100
|turn|1
|
|t:|1779631801
|move|p1a: Barraskewda|Flip Turn|p2a: Eelektross
|-damage|p2a: Eelektross|44/100
|
|t:|1779631804
|switch|p1a: Thundurus|Thundurus-Therian, M|100/100|[from] Flip Turn
|move|p2a: Eelektross|Volt Switch|p1a: Thundurus
|-immune|p1a: Thundurus|[from] ability: Volt Absorb
|
|upkeep
|turn|2
|
|t:|1779631811
|move|p1a: Thundurus|Nasty Plot|p1a: Thundurus
|-boost|p1a: Thundurus|spa|2
|move|p2a: Eelektross|Knock Off|p1a: Thundurus
|-damage|p1a: Thundurus|61/100
|-enditem|p1a: Thundurus|Heavy-Duty Boots|[from] move: Knock Off|[of] p2a: Eelektross
|
|upkeep
|turn|3
|
|t:|1779631817
|move|p1a: Thundurus|Psychic|p2a: Eelektross
|-damage|p2a: Eelektross|6/100
|-unboost|p2a: Eelektross|spd|1
|move|p2a: Eelektross|Acid Spray|p1a: Thundurus
|-damage|p1a: Thundurus|48/100
|-unboost|p1a: Thundurus|spd|2
|
|upkeep
|turn|4
|
|t:|1779631828
|move|p1a: Thundurus|Volt Switch|p2a: Eelektross
|-resisted|p2a: Eelektross
|-damage|p2a: Eelektross|0 fnt
|faint|p2a: Eelektross
|
|t:|1779631832
|switch|p1a: Pelipper|Pelipper, F|100/100|[from] Volt Switch
|-weather|RainDance|[from] ability: Drizzle|[of] p1a: Pelipper
|
|-weather|RainDance|[upkeep]
|upkeep
|
|t:|1779631839
|switch|p2a: Garchomp|Garchomp, M|100/100
|turn|5
|
|t:|1779631846
|move|p2a: Garchomp|Swords Dance|p2a: Garchomp
|-boost|p2a: Garchomp|atk|2
|move|p1a: Pelipper|Weather Ball|p2a: Garchomp
|-damage|p2a: Garchomp|37/100
|
|-weather|RainDance|[upkeep]
|upkeep
|turn|6
|
|t:|1779631849
|switch|p1a: Thundurus|Thundurus-Therian, M|48/100
|move|p2a: Garchomp|Scale Shot|p1a: Thundurus|[miss]
|-miss|p2a: Garchomp|p1a: Thundurus
|
|-weather|RainDance|[upkeep]
|upkeep
|turn|7
|
|t:|1779631856
|move|p2a: Garchomp|Scale Shot|p1a: Thundurus
|-damage|p1a: Thundurus|7/100
|-damage|p1a: Thundurus|0 fnt
|faint|p1a: Thundurus
|-hitcount|p1: Thundurus|2
|-unboost|p2a: Garchomp|def|1
|-boost|p2a: Garchomp|spe|1
|
|-weather|RainDance|[upkeep]
|upkeep
|
|t:|1779631861
|switch|p1a: Barraskewda|Barraskewda, M|100/100
|turn|8
|
|t:|1779631865
|move|p1a: Barraskewda|Ice Fang|p2a: Garchomp
|-supereffective|p2a: Garchomp
|-damage|p2a: Garchomp|0 fnt
|-damage|p1a: Barraskewda|88/100|[from] ability: Rough Skin|[of] p2a: Garchomp
|faint|p2a: Garchomp
|
|-weather|none
|upkeep
|
|t:|1779631869
|switch|p2a: Lucario|Lucario, M|100/100
|turn|9
|
|t:|1779631872
|switch|p1a: Pelipper|Pelipper, F|100/100
|-weather|RainDance|[from] ability: Drizzle|[of] p1a: Pelipper
|move|p2a: Lucario|Swords Dance|p2a: Lucario
|-boost|p2a: Lucario|atk|2
|
|-weather|RainDance|[upkeep]
|upkeep
|turn|10
|
|t:|1779631887
|-terastallize|p2a: Lucario|Normal
|move|p2a: Lucario|Extreme Speed|p1a: Pelipper
|-damage|p1a: Pelipper|10/100
|-damage|p2a: Lucario|91/100|[from] item: Life Orb
|move|p1a: Pelipper|Hurricane|p2a: Lucario
|-damage|p2a: Lucario|23/100
|
|-weather|RainDance|[upkeep]
|upkeep
|turn|11
|
|t:|1779631896
|move|p2a: Lucario|Extreme Speed|p1a: Pelipper
|-damage|p1a: Pelipper|0 fnt
|faint|p1a: Pelipper
|-damage|p2a: Lucario|13/100|[from] item: Life Orb
|
|-weather|RainDance|[upkeep]
|upkeep
|
|t:|1779631900
|switch|p1a: Dragonite|Dragonite, M|100/100
|turn|12
|
|t:|1779631907
|move|p1a: Dragonite|Extreme Speed|p2a: Lucario
|-damage|p2a: Lucario|0 fnt
|faint|p2a: Lucario
|
|-weather|RainDance|[upkeep]
|upkeep
|
|t:|1779631914
|switch|p2a: Spiritomb|Spiritomb, M, shiny|100/100
|turn|13
|
|t:|1779631919
|move|p2a: Spiritomb|Will-O-Wisp|p1a: Dragonite|[miss]
|-miss|p2a: Spiritomb|p1a: Dragonite
|move|p1a: Dragonite|Dragon Tail|p2a: Spiritomb
|-damage|p2a: Spiritomb|75/100
|drag|p2a: Braviary|Braviary-Hisui, M, shiny|100/100
|
|-weather|none
|upkeep
|turn|14
|
|t:|1779631926
|switch|p1a: Araquanid|Araquanid, F|100/100
|move|p2a: Braviary|Esper Wing|p1a: Araquanid
|-damage|p1a: Araquanid|53/100
|-boost|p2a: Braviary|spe|1
|
|upkeep
|turn|15
|
|t:|1779631934
|move|p2a: Braviary|Esper Wing|p1a: Araquanid
|-damage|p1a: Araquanid|10/100
|-boost|p2a: Braviary|spe|1
|move|p1a: Araquanid|Sticky Web|p2a: Braviary
|-sidestart|p2: Chino_Gmr|move: Sticky Web
|
|upkeep
|turn|16
|
|t:|1779631938
|move|p2a: Braviary|Esper Wing|p1a: Araquanid
|-damage|p1a: Araquanid|0 fnt
|-boost|p2a: Braviary|spe|1
|faint|p1a: Araquanid
|
|upkeep
|
|t:|1779631945
|switch|p1a: Dragonite|Dragonite, M|100/100
|turn|17
|
|t:|1779631948
|move|p1a: Dragonite|Extreme Speed|p2a: Braviary
|-damage|p2a: Braviary|64/100
|move|p2a: Braviary|Esper Wing|p1a: Dragonite
|-damage|p1a: Dragonite|76/100
|-boost|p2a: Braviary|spe|1
|
|upkeep
|turn|18
|
|t:|1779631958
|move|p2a: Braviary|Esper Wing|p1a: Dragonite
|-damage|p1a: Dragonite|24/100
|-boost|p2a: Braviary|spe|1
|move|p1a: Dragonite|Dragon Tail|p2a: Braviary
|-damage|p2a: Braviary|22/100
|drag|p2a: Spiritomb|Spiritomb, M, shiny|75/100
|-activate|p2a: Spiritomb|move: Sticky Web
|-unboost|p2a: Spiritomb|spe|1
|
|-heal|p2a: Spiritomb|82/100|[from] item: Leftovers
|upkeep
|turn|19
|
|t:|1779631965
|move|p1a: Dragonite|Hurricane|p2a: Spiritomb
|-damage|p2a: Spiritomb|38/100
|-start|p2a: Spiritomb|confusion
|-activate|p2a: Spiritomb|confusion
|move|p2a: Spiritomb|Will-O-Wisp|p1a: Dragonite
|-status|p1a: Dragonite|brn
|
|-heal|p2a: Spiritomb|45/100|[from] item: Leftovers
|-damage|p1a: Dragonite|18/100 brn|[from] brn
|upkeep
|turn|20
|
|t:|1779631977
|-activate|p2a: Spiritomb|confusion
|move|p2a: Spiritomb|Hex|p1a: Dragonite
|-damage|p1a: Dragonite|0 fnt
|faint|p1a: Dragonite
|
|-heal|p2a: Spiritomb|51/100|[from] item: Leftovers
|upkeep
|
|t:|1779631981
|switch|p1a: Regieleki|Regieleki|100/100
|turn|21
|
|t:|1779631988
|move|p1a: Regieleki|Thunder Cage|p2a: Spiritomb
|-damage|p2a: Spiritomb|0 fnt
|faint|p2a: Spiritomb
|
|upkeep
|
|t:|1779631996
|switch|p2a: Milotic|Milotic, F|100/100
|-activate|p2a: Milotic|move: Sticky Web
|-unboost|p2a: Milotic|spe|1
|-ability|p2a: Milotic|Competitive|boost
|-boost|p2a: Milotic|spa|2
|turn|22
|
|t:|1779632007
|move|p1a: Regieleki|Volt Switch|p2a: Milotic
|-supereffective|p2a: Milotic
|-damage|p2a: Milotic|36/100
|
|t:|1779632009
|switch|p1a: Barraskewda|Barraskewda, M|88/100|[from] Volt Switch
|move|p2a: Milotic|Scald|p1a: Barraskewda
|-resisted|p1a: Barraskewda
|-damage|p1a: Barraskewda|22/100
|-status|p1a: Barraskewda|brn
|
|-heal|p2a: Milotic|42/100|[from] item: Leftovers
|-damage|p1a: Barraskewda|16/100 brn|[from] brn
|upkeep
|turn|23
|
|t:|1779632018
|move|p1a: Barraskewda|Close Combat|p2a: Milotic
|-damage|p2a: Milotic|19/100
|-unboost|p1a: Barraskewda|def|1
|-unboost|p1a: Barraskewda|spd|1
|move|p2a: Milotic|Recover|p2a: Milotic
|-heal|p2a: Milotic|69/100
|
|-heal|p2a: Milotic|75/100|[from] item: Leftovers
|-damage|p1a: Barraskewda|10/100 brn|[from] brn
|upkeep
|turn|24
|
|t:|1779632025
|move|p1a: Barraskewda|Close Combat|p2a: Milotic
|-damage|p2a: Milotic|51/100
|-unboost|p1a: Barraskewda|def|1
|-unboost|p1a: Barraskewda|spd|1
|move|p2a: Milotic|Recover|p2a: Milotic
|-heal|p2a: Milotic|100/100
|
|-damage|p1a: Barraskewda|4/100 brn|[from] brn
|upkeep
|turn|25
|
|t:|1779632033
|move|p1a: Barraskewda|Close Combat|p2a: Milotic
|-damage|p2a: Milotic|78/100
|-unboost|p1a: Barraskewda|def|1
|-unboost|p1a: Barraskewda|spd|1
|move|p2a: Milotic|Scald|p1a: Barraskewda
|-resisted|p1a: Barraskewda
|-damage|p1a: Barraskewda|0 fnt
|faint|p1a: Barraskewda
|
|-heal|p2a: Milotic|84/100|[from] item: Leftovers
|upkeep
|
|t:|1779632039
|switch|p1a: Regieleki|Regieleki|100/100
|turn|26
|
|t:|1779632045
|move|p1a: Regieleki|Thunder Cage|p2a: Milotic|[miss]
|-miss|p1a: Regieleki|p2a: Milotic
|move|p2a: Milotic|Scald|p1a: Regieleki
|-damage|p1a: Regieleki|0 fnt
|faint|p1a: Regieleki
|
|win|Chino_Gmr
|raw|Yukinoshitafan1234's rating: 1176 &rarr; <strong>1148</strong><br />(-28 for losing)
|raw|Chino_Gmr's rating: 1133 &rarr; <strong>1161</strong><br />(+28 for winning)
|l|☆Yukinoshitafan1234
|player|p1|
|l|☆Chino_Gmr
|player|p2|
