|j|☆charasganja119
|j|☆back2backbongrips
|t:|1779612667
|gametype|singles
|player|p1|charasganja119|102|1082
|player|p2|back2backbongrips|265|1080
|gen|9
|tier|[Gen 9] OU
|rated|
|rule|HP Percentage Mod: HP is shown in percentages
|rule|Endless Battle Clause: Forcing endless battles is banned
|rule|Species Clause: Limit one of each Pokémon
|rule|OHKO Clause: OHKO moves are banned
|rule|Evasion Items Clause: Evasion items are banned
|rule|Evasion Moves Clause: Evasion moves are banned
|rule|Evasion Abilities Clause: Evasion abilities are banned
|rule|Sleep Moves Clause: Sleep-inducing moves are banned
|clearpoke
|poke|p1|Gardevoir, M|
|poke|p1|Ogerpon, F|
|poke|p1|Iron Treads|
|poke|p1|Rotom-Wash|
|poke|p1|Moltres-Galar|
|poke|p1|Dragapult, M|
|poke|p2|Yanmega, F|
|poke|p2|Lokix, F|
|poke|p2|Vileplume, M|
|poke|p2|Sinistcha|
|poke|p2|Heracross, F|
|poke|p2|Hydrapple, M|
|teampreview
|inactive|Battle timer is ON: inactive players will automatically lose when time's up. (requested by charasganja119)
|
|t:|1779612672
|teamsize|p1|6
|teamsize|p2|6
|start
|switch|p1a: Gardevoir|Gardevoir, M, shiny|100/100
|switch|p2a: Yanmega|Yanmega, F|100/100
|-ability|p1a: Gardevoir|Speed Boost|Trace|[from] ability: Trace|[of] p2a: Yanmega
|turn|1
|
|t:|1779612681
|move|p2a: Yanmega|Protect|p2a: Yanmega
|-singleturn|p2a: Yanmega|Protect
|move|p1a: Gardevoir|Thunder Wave|p2a: Yanmega
|-activate|p2a: Yanmega|move: Protect
|
|-ability|p2a: Yanmega|Speed Boost|boost
|-boost|p2a: Yanmega|spe|1
|-ability|p1a: Gardevoir|Speed Boost|boost
|-boost|p1a: Gardevoir|spe|1
|upkeep
|turn|2
|
|t:|1779612693
|move|p2a: Yanmega|Air Slash|p1a: Gardevoir
|-crit|p1a: Gardevoir
|-damage|p1a: Gardevoir|36/100
|move|p1a: Gardevoir|Mystical Fire|p2a: Yanmega
|-supereffective|p2a: Yanmega
|-damage|p2a: Yanmega|3/100
|-unboost|p2a: Yanmega|spa|1
|
|-heal|p2a: Yanmega|9/100|[from] item: Leftovers
|-heal|p1a: Gardevoir|42/100|[from] item: Leftovers
|-ability|p2a: Yanmega|Speed Boost|boost
|-boost|p2a: Yanmega|spe|1
|-ability|p1a: Gardevoir|Speed Boost|boost
|-boost|p1a: Gardevoir|spe|1
|upkeep
|turn|3
|
|t:|1779612705
|move|p2a: Yanmega|Air Slash|p1a: Gardevoir
|-damage|p1a: Gardevoir|11/100
|cant|p1a: Gardevoir|flinch
|
|-heal|p2a: Yanmega|15/100|[from] item: Leftovers
|-heal|p1a: Gardevoir|17/100|[from] item: Leftovers
|-ability|p2a: Yanmega|Speed Boost|boost
|-boost|p2a: Yanmega|spe|1
|-ability|p1a: Gardevoir|Speed Boost|boost
|-boost|p1a: Gardevoir|spe|1
|upkeep
|turn|4
|
|t:|1779612715
|switch|p1a: Iron Treads|Iron Treads, shiny|100/100
|move|p2a: Yanmega|Air Slash|p1a: Iron Treads
|-resisted|p1a: Iron Treads
|-damage|p1a: Iron Treads|87/100
|
|-heal|p2a: Yanmega|20/100|[from] item: Leftovers
|-ability|p2a: Yanmega|Speed Boost|boost
|-boost|p2a: Yanmega|spe|1
|upkeep
|turn|5
|
|t:|1779612725
|move|p2a: Yanmega|Giga Drain|p1a: Iron Treads
|-crit|p1a: Iron Treads
|-damage|p1a: Iron Treads|48/100
|-heal|p2a: Yanmega|39/100|[from] drain|[of] p1a: Iron Treads
|move|p1a: Iron Treads|Rapid Spin|p2a: Yanmega
|-damage|p2a: Yanmega|17/100
|-boost|p1a: Iron Treads|spe|1
|
|-heal|p2a: Yanmega|23/100|[from] item: Leftovers
|-ability|p2a: Yanmega|Speed Boost|boost
|-boost|p2a: Yanmega|spe|1
|upkeep
|turn|6
|
|t:|1779612735
|move|p2a: Yanmega|Giga Drain|p1a: Iron Treads
|-damage|p1a: Iron Treads|30/100
|-heal|p2a: Yanmega|32/100|[from] drain|[of] p1a: Iron Treads
|move|p1a: Iron Treads|Volt Switch|p2a: Yanmega
|-supereffective|p2a: Yanmega
|-damage|p2a: Yanmega|0 fnt
|faint|p2a: Yanmega
|
|t:|1779612745
|-end|p1a: Iron Treads|Quark Drive|[silent]
|switch|p1a: Rotom|Rotom-Wash, shiny|100/100|[from] Volt Switch
|
|upkeep
|
|t:|1779612751
|switch|p2a: Heracross|Heracross, F|100/100
|turn|7
|
|t:|1779612758
|move|p1a: Rotom|Trick|p2a: Heracross
|-activate|p1a: Rotom|move: Trick|[of] p2a: Heracross
|-item|p2a: Heracross|Choice Scarf|[from] move: Trick
|-item|p1a: Rotom|Loaded Dice|[from] move: Trick
|move|p2a: Heracross|Rock Blast|p1a: Rotom
|-damage|p1a: Rotom|88/100
|-damage|p1a: Rotom|77/100
|-damage|p1a: Rotom|66/100
|-hitcount|p1a: Rotom|3
|
|upkeep
|turn|8
|
|t:|1779612768
|move|p2a: Heracross|Rock Blast|p1a: Rotom
|-damage|p1a: Rotom|55/100
|-damage|p1a: Rotom|44/100
|-damage|p1a: Rotom|33/100
|-damage|p1a: Rotom|20/100
|-damage|p1a: Rotom|8/100
|-hitcount|p1a: Rotom|5
|move|p1a: Rotom|Hydro Pump|p2a: Heracross
|-damage|p2a: Heracross|43/100
|
|upkeep
|turn|9
|
|t:|1779612779
|move|p2a: Heracross|Rock Blast|p1a: Rotom
|-damage|p1a: Rotom|0 fnt
|faint|p1a: Rotom
|-ability|p2a: Heracross|Moxie|boost
|-boost|p2a: Heracross|atk|1
|-hitcount|p1: Rotom|1
|
|upkeep
|
|t:|1779612786
|switch|p1a: Moltres|Moltres-Galar, shiny|100/100
|turn|10
|
|t:|1779612789
|move|p2a: Heracross|Rock Blast|p1a: Moltres
|-supereffective|p1a: Moltres
|-damage|p1a: Moltres|69/100
|-supereffective|p1a: Moltres
|-damage|p1a: Moltres|37/100
|-enditem|p1a: Moltres|Sitrus Berry|[eat]
|-heal|p1a: Moltres|62/100|[from] item: Sitrus Berry
|-hitcount|p1a: Moltres|2
|move|p1a: Moltres|Air Slash|p2a: Heracross
|-supereffective|p2a: Heracross
|-damage|p2a: Heracross|0 fnt
|faint|p2a: Heracross
|
|upkeep
|
|t:|1779612799
|switch|p2a: Lokix|Lokix, F|100/100
|turn|11
|
|t:|1779612803
|move|p2a: Lokix|First Impression|p1a: Moltres
|-damage|p1a: Moltres|0 fnt
|faint|p1a: Moltres
|-damage|p2a: Lokix|91/100|[from] item: Life Orb
|
|upkeep
|
|t:|1779612810
|switch|p1a: Dragapult|Dragapult, M, shiny|100/100
|turn|12
|
|t:|1779612814
|switch|p2a: Vileplume|Vileplume, M|100/100
|move|p1a: Dragapult|Fire Blast|p2a: Vileplume
|-supereffective|p2a: Vileplume
|-damage|p2a: Vileplume|16/100
|
|-heal|p2a: Vileplume|22/100|[from] item: Leftovers
|upkeep
|turn|13
|
|t:|1779612823
|switch|p1a: Gardevoir|Gardevoir, M, shiny|17/100
|-ability|p1a: Gardevoir|Effect Spore|Trace|[from] ability: Trace|[of] p2a: Vileplume
|move|p2a: Vileplume|Leech Seed|p1a: Gardevoir
|-start|p1a: Gardevoir|move: Leech Seed
|
|-heal|p1a: Gardevoir|23/100|[from] item: Leftovers
|-heal|p2a: Vileplume|28/100|[from] item: Leftovers
|-damage|p1a: Gardevoir|11/100|[from] Leech Seed|[of] p2a: Vileplume
|-heal|p2a: Vileplume|38/100|[silent]
|upkeep
|turn|14
|
|t:|1779612836
|move|p2a: Vileplume|Protect|p2a: Vileplume
|-singleturn|p2a: Vileplume|Protect
|move|p1a: Gardevoir|Mystical Fire|p2a: Vileplume
|-activate|p2a: Vileplume|move: Protect
|
|-heal|p1a: Gardevoir|17/100|[from] item: Leftovers
|-heal|p2a: Vileplume|44/100|[from] item: Leftovers
|-damage|p1a: Gardevoir|5/100|[from] Leech Seed|[of] p2a: Vileplume
|-heal|p2a: Vileplume|55/100|[silent]
|upkeep
|turn|15
|
|t:|1779612845
|move|p2a: Vileplume|Protect||[still]
|-fail|p2a: Vileplume
|move|p1a: Gardevoir|Psychic|p2a: Vileplume
|-supereffective|p2a: Vileplume
|-damage|p2a: Vileplume|0 fnt
|faint|p2a: Vileplume
|
|-heal|p1a: Gardevoir|11/100|[from] item: Leftovers
|upkeep
|
|t:|1779612854
|switch|p2a: Lokix|Lokix, F|91/100
|turn|16
|
|t:|1779612858
|move|p2a: Lokix|First Impression|p1a: Gardevoir
|-damage|p1a: Gardevoir|0 fnt
|-status|p2a: Lokix|par|[from] ability: Effect Spore|[of] p1a: Gardevoir
|faint|p1a: Gardevoir
|-damage|p2a: Lokix|81/100 par|[from] item: Life Orb
|
|upkeep
|
|t:|1779612863
|switch|p1a: Iron Treads|Iron Treads, shiny|30/100
|turn|17
|
|t:|1779612867
|move|p2a: Lokix|Sucker Punch|p1a: Iron Treads
|-damage|p1a: Iron Treads|0 fnt
|faint|p1a: Iron Treads
|-end|p1a: Iron Treads|Quark Drive|[silent]
|-damage|p2a: Lokix|71/100 par|[from] item: Life Orb
|
|upkeep
|
|t:|1779612871
|switch|p1a: Ogerpon|Ogerpon, F|100/100
|turn|18
|
|t:|1779612874
|move|p1a: Ogerpon|Play Rough|p2a: Lokix
|-supereffective|p2a: Lokix
|-crit|p2a: Lokix
|-damage|p2a: Lokix|0 fnt
|faint|p2a: Lokix
|
|upkeep
|
|t:|1779612880
|switch|p2a: Hydrapple|Hydrapple, M|100/100
|turn|19
|
|t:|1779612884
|move|p1a: Ogerpon|Play Rough|p2a: Hydrapple
|-supereffective|p2a: Hydrapple
|-damage|p2a: Hydrapple|42/100
|move|p2a: Hydrapple|Fickle Beam|p1a: Ogerpon|[anim] Fickle Beam All Out
|-activate|p2a: Hydrapple|move: Fickle Beam
|-damage|p1a: Ogerpon|28/100
|
|upkeep
|turn|20
|
|t:|1779612892
|move|p2a: Hydrapple|Sucker Punch|p1a: Ogerpon
|-damage|p1a: Ogerpon|9/100
|move|p1a: Ogerpon|Play Rough|p2a: Hydrapple|[miss]
|-miss|p1a: Ogerpon|p2a: Hydrapple
|
|upkeep
|turn|21
|
|t:|1779612898
|move|p2a: Hydrapple|Sucker Punch|p1a: Ogerpon
|-damage|p1a: Ogerpon|0 fnt
|faint|p1a: Ogerpon
|
|upkeep
|
|t:|1779612902
|switch|p1a: Dragapult|Dragapult, M, shiny|100/100
|turn|22
|
|t:|1779612906
|move|p1a: Dragapult|Shadow Ball|p2a: Hydrapple
|-damage|p2a: Hydrapple|11/100
|-unboost|p2a: Hydrapple|spd|1
|move|p2a: Hydrapple|Draco Meteor|p1a: Dragapult
|-supereffective|p1a: Dragapult
|-damage|p1a: Dragapult|0 fnt
|-unboost|p2a: Hydrapple|spa|2
|faint|p1a: Dragapult
|
|win|back2backbongrips
|raw|charasganja119's rating: 1082 &rarr; <strong>1060</strong><br />(-22 for losing)
|raw|back2backbongrips's rating: 1080 &rarr; <strong>1108</strong><br />(+28 for winning)
|l|☆back2backbongrips
|player|p2|
