|j|☆fregene97
|j|☆claudechamp
|t:|1779725227
|gametype|singles
|player|p1|fregene97|170|1250
|player|p2|claudechamp|265|1273
|gen|9
|tier|[Gen 9] OU
|rated|
|rule|HP Percentage Mod: HP is shown in percentages
|rule|Endless Battle Clause: Forcing endless battles is banned
|rule|Species Clause: Limit one of each Pokémon
|rule|OHKO Clause: OHKO moves are banned
|rule|Evasion Items Clause: Evasion items are banned
|rule|Evasion Moves Clause: Evasion moves are banned
|rule|Evasion Abilities Clause: Evasion abilities are banned
|rule|Sleep Moves Clause: Sleep-inducing moves are banned
|clearpoke
|poke|p1|Darkrai|
|poke|p1|Great Tusk|
|poke|p1|Raging Bolt|
|poke|p1|Heatran, M|
|poke|p1|Quaquaval, F|
|poke|p1|Ogerpon-Cornerstone, F|
|poke|p2|Gliscor, M|
|poke|p2|Gholdengo|
|poke|p2|Zamazenta-*|
|poke|p2|Blissey, F|
|poke|p2|Skarmory, F|
|poke|p2|Pecharunt|
|teampreview
|c|☆claudechamp|hf
|inactive|Battle timer is ON: inactive players will automatically lose when time's up. (requested by fregene97)
|
|t:|1779725232
|teamsize|p1|6
|teamsize|p2|6
|start
|switch|p1a: Heatran|Heatran, M|100/100
|switch|p2a: Skarmory|Skarmory, F|100/100
|turn|1
|inactive|claudechamp also wants the timer to be on.
|
|t:|1779725239
|move|p2a: Skarmory|Spikes|p1a: Heatran
|-sidestart|p1: fregene97|Spikes
|move|p1a: Heatran|Magma Storm|p2a: Skarmory
|-supereffective|p2a: Skarmory
|-ability|p2a: Skarmory|Sturdy
|-damage|p2a: Skarmory|1/100
|-activate|p2a: Skarmory|move: Magma Storm|[of] p1a: Heatran
|
|-damage|p2a: Skarmory|0 fnt|[from] move: Magma Storm|[partiallytrapped]
|faint|p2a: Skarmory
|upkeep
|
|t:|1779725242
|switch|p2a: Blissey|Blissey, F|100/100
|turn|2
|
|t:|1779725263
|move|p1a: Heatran|Magma Storm|p2a: Blissey
|-damage|p2a: Blissey|75/100
|-activate|p2a: Blissey|move: Magma Storm|[of] p1a: Heatran
|move|p2a: Blissey|Stealth Rock|p1a: Heatran
|-sidestart|p1: fregene97|move: Stealth Rock
|
|-damage|p2a: Blissey|63/100|[from] move: Magma Storm|[partiallytrapped]
|upkeep
|turn|3
|
|t:|1779725267
|move|p1a: Heatran|Magma Storm|p2a: Blissey
|-damage|p2a: Blissey|36/100
|move|p2a: Blissey|Calm Mind|p2a: Blissey
|-boost|p2a: Blissey|spa|1
|-boost|p2a: Blissey|spd|1
|
|-damage|p2a: Blissey|24/100|[from] move: Magma Storm|[partiallytrapped]
|upkeep
|turn|4
|
|t:|1779725270
|move|p1a: Heatran|Magma Storm|p2a: Blissey
|-damage|p2a: Blissey|6/100
|move|p2a: Blissey|Soft-Boiled|p2a: Blissey
|-heal|p2a: Blissey|56/100
|
|-damage|p2a: Blissey|44/100|[from] move: Magma Storm|[partiallytrapped]
|upkeep
|turn|5
|
|t:|1779725273
|move|p1a: Heatran|Magma Storm|p2a: Blissey
|-damage|p2a: Blissey|26/100
|move|p2a: Blissey|Soft-Boiled|p2a: Blissey
|-heal|p2a: Blissey|76/100
|
|-damage|p2a: Blissey|64/100|[from] move: Magma Storm|[partiallytrapped]
|upkeep
|turn|6
|
|t:|1779725277
|switch|p1a: Ogerpon|Ogerpon-Cornerstone, F|100/100
|-damage|p1a: Ogerpon|88/100|[from] Spikes
|-damage|p1a: Ogerpon|76/100|[from] Stealth Rock
|move|p2a: Blissey|Soft-Boiled|p2a: Blissey
|-heal|p2a: Blissey|100/100
|
|-end|p2a: Blissey|Magma Storm|[partiallytrapped]|[silent]
|upkeep
|turn|7
|
|t:|1779725282
|switch|p2a: Zamazenta|Zamazenta|100/100
|-ability|p2a: Zamazenta|Dauntless Shield|boost
|-boost|p2a: Zamazenta|def|1
|move|p1a: Ogerpon|Low Kick|p2a: Zamazenta
|-damage|p2a: Zamazenta|72/100
|
|upkeep
|turn|8
|
|t:|1779725285
|-terastallize|p1a: Ogerpon|Rock
|detailschange|p1a: Ogerpon|Ogerpon-Cornerstone-Tera, F, tera:Rock
|-ability|p1a: Ogerpon|Embody Aspect (Cornerstone)|boost
|-boost|p1a: Ogerpon|def|1
|move|p2a: Zamazenta|Close Combat|p1a: Ogerpon
|-supereffective|p1a: Ogerpon
|-damage|p1a: Ogerpon|0 fnt
|-unboost|p2a: Zamazenta|def|1
|-unboost|p2a: Zamazenta|spd|1
|faint|p1a: Ogerpon
|detailschange|p1: Ogerpon|Ogerpon-Cornerstone, F|[silent]
|
|upkeep
|
|t:|1779725295
|switch|p1a: Great Tusk|Great Tusk|100/100
|-damage|p1a: Great Tusk|88/100|[from] Spikes
|-damage|p1a: Great Tusk|85/100|[from] Stealth Rock
|-enditem|p1a: Great Tusk|Booster Energy
|-activate|p1a: Great Tusk|ability: Protosynthesis|[fromitem]
|-start|p1a: Great Tusk|protosynthesisspe
|turn|9
|
|t:|1779725297
|switch|p2a: Pecharunt|Pecharunt|100/100
|move|p1a: Great Tusk|Bulk Up|p1a: Great Tusk
|-boost|p1a: Great Tusk|atk|1
|-boost|p1a: Great Tusk|def|1
|
|upkeep
|turn|10
|
|t:|1779725301
|-terastallize|p2a: Pecharunt|Fairy
|move|p1a: Great Tusk|Headlong Rush|p2a: Pecharunt
|-crit|p2a: Pecharunt
|-damage|p2a: Pecharunt|48/100
|-unboost|p1a: Great Tusk|def|1
|-unboost|p1a: Great Tusk|spd|1
|move|p2a: Pecharunt|Shadow Ball|p1a: Great Tusk
|-damage|p1a: Great Tusk|35/100
|
|upkeep
|turn|11
|
|t:|1779725306
|move|p1a: Great Tusk|Headlong Rush|p2a: Pecharunt
|-damage|p2a: Pecharunt|10/100
|-unboost|p1a: Great Tusk|def|1
|-unboost|p1a: Great Tusk|spd|1
|move|p2a: Pecharunt|Shadow Ball|p1a: Great Tusk
|-damage|p1a: Great Tusk|0 fnt
|faint|p1a: Great Tusk
|-end|p1a: Great Tusk|Protosynthesis|[silent]
|
|upkeep
|
|t:|1779725310
|switch|p1a: Quaquaval|Quaquaval, F|100/100
|-damage|p1a: Quaquaval|88/100|[from] Spikes
|-damage|p1a: Quaquaval|82/100|[from] Stealth Rock
|turn|12
|
|t:|1779725312
|switch|p2a: Gliscor|Gliscor, M|100/100
|move|p1a: Quaquaval|Aqua Step|p2a: Gliscor
|-supereffective|p2a: Gliscor
|-damage|p2a: Gliscor|37/100
|-boost|p1a: Quaquaval|spe|1
|
|-heal|p1a: Quaquaval|88/100|[from] item: Leftovers
|-status|p2a: Gliscor|tox|[from] item: Toxic Orb
|upkeep
|turn|13
|
|t:|1779725315
|switch|p2a: Gholdengo|Gholdengo|100/100
|move|p1a: Quaquaval|Swords Dance|p1a: Quaquaval
|-boost|p1a: Quaquaval|atk|2
|
|-heal|p1a: Quaquaval|94/100|[from] item: Leftovers
|upkeep
|turn|14
|
|t:|1779725318
|move|p1a: Quaquaval|Aqua Step|p2a: Gholdengo
|-damage|p2a: Gholdengo|39/100
|-boost|p1a: Quaquaval|spe|1
|move|p2a: Gholdengo|Hex|p1a: Quaquaval
|-damage|p1a: Quaquaval|57/100
|
|-heal|p1a: Quaquaval|63/100|[from] item: Leftovers
|upkeep
|turn|15
|
|t:|1779725321
|switch|p2a: Zamazenta|Zamazenta|72/100
|move|p1a: Quaquaval|Aqua Step|p2a: Zamazenta
|-damage|p2a: Zamazenta|0 fnt
|-boost|p1a: Quaquaval|spe|1
|faint|p2a: Zamazenta
|-ability|p1a: Quaquaval|Moxie|boost
|-boost|p1a: Quaquaval|atk|1
|
|-heal|p1a: Quaquaval|69/100|[from] item: Leftovers
|upkeep
|
|t:|1779725324
|switch|p2a: Gholdengo|Gholdengo|39/100
|turn|16
|
|t:|1779725328
|move|p1a: Quaquaval|Aqua Step|p2a: Gholdengo
|-damage|p2a: Gholdengo|0 fnt
|-boost|p1a: Quaquaval|spe|1
|faint|p2a: Gholdengo
|-ability|p1a: Quaquaval|Moxie|boost
|-boost|p1a: Quaquaval|atk|1
|
|-heal|p1a: Quaquaval|75/100|[from] item: Leftovers
|upkeep
|
|t:|1779725331
|switch|p2a: Blissey|Blissey, F|100/100
|turn|17
|
|t:|1779725338
|move|p1a: Quaquaval|Close Combat|p2a: Blissey
|-supereffective|p2a: Blissey
|-crit|p2a: Blissey
|-damage|p2a: Blissey|0 fnt
|-unboost|p1a: Quaquaval|def|1
|-unboost|p1a: Quaquaval|spd|1
|faint|p2a: Blissey
|-ability|p1a: Quaquaval|Moxie|boost
|-boost|p1a: Quaquaval|atk|1
|
|-heal|p1a: Quaquaval|81/100|[from] item: Leftovers
|upkeep
|
|t:|1779725341
|switch|p2a: Pecharunt|Pecharunt, tera:Fairy|10/100
|turn|18
|
|t:|1779725344
|move|p1a: Quaquaval|Aqua Step|p2a: Pecharunt
|-damage|p2a: Pecharunt|0 fnt
|-boost|p1a: Quaquaval|spe|1
|faint|p2a: Pecharunt
|-ability|p1a: Quaquaval|Moxie|boost
|-boost|p1a: Quaquaval|atk|1
|
|-heal|p1a: Quaquaval|87/100|[from] item: Leftovers
|upkeep
|
|t:|1779725347
|switch|p2a: Gliscor|Gliscor, M|37/100 tox
|turn|19
|
|t:|1779725352
|move|p1a: Quaquaval|Ice Spinner|p2a: Gliscor
|-supereffective|p2a: Gliscor
|-damage|p2a: Gliscor|0 fnt
|faint|p2a: Gliscor
|
|win|fregene97
|raw|fregene97's rating: 1273 &rarr; <strong>1300</strong><br />(+27 for winning)
|raw|claudechamp's rating: 1295 &rarr; <strong>1268</strong><br />(-27 for losing)
|c|☆claudechamp|gg
