|j|☆fivetomatoes
|j|☆Oweiner95
|t:|1779669844
|gametype|singles
|player|p1|fivetomatoes|169|1677
|player|p2|Oweiner95|2|1647
|gen|9
|tier|[Gen 9] OU
|rated|
|rule|HP Percentage Mod: HP is shown in percentages
|rule|Endless Battle Clause: Forcing endless battles is banned
|rule|Species Clause: Limit one of each Pokémon
|rule|OHKO Clause: OHKO moves are banned
|rule|Evasion Items Clause: Evasion items are banned
|rule|Evasion Moves Clause: Evasion moves are banned
|rule|Evasion Abilities Clause: Evasion abilities are banned
|rule|Sleep Moves Clause: Sleep-inducing moves are banned
|clearpoke
|poke|p1|Rotom-Wash|
|poke|p1|Rillaboom, F|
|poke|p1|Glimmora, F|
|poke|p1|Garganacl, F|
|poke|p1|Dragapult, F|
|poke|p1|Gholdengo|
|poke|p2|Hawlucha, F|
|poke|p2|Samurott-Hisui, F|
|poke|p2|Rillaboom, F|
|poke|p2|Gholdengo|
|poke|p2|Kyurem|
|poke|p2|Landorus-Therian, M|
|teampreview
|inactive|Battle timer is ON: inactive players will automatically lose when time's up. (requested by fivetomatoes)
|inactive|Oweiner95 has 120 seconds left.
|
|t:|1779669880
|teamsize|p1|6
|teamsize|p2|6
|start
|switch|p1a: Gholdengo|Gholdengo|100/100
|switch|p2a: Landorus|Landorus-Therian, M|100/100
|-ability|p2a: Landorus|Intimidate|boost
|-unboost|p1a: Gholdengo|atk|1
|turn|1
|
|t:|1779669896
|move|p1a: Gholdengo|Make It Rain|p2a: Landorus
|-crit|p2a: Landorus
|-damage|p2a: Landorus|0 fnt
|-unboost|p1a: Gholdengo|spa|1
|faint|p2a: Landorus
|
|upkeep
|
|t:|1779669902
|switch|p2a: Samurott|Samurott-Hisui, F|100/100
|turn|2
|
|t:|1779669905
|switch|p1a: Rillaboom|Rillaboom, F|100/100
|-fieldstart|move: Grassy Terrain|[from] ability: Grassy Surge|[of] p1a: Rillaboom
|move|p2a: Samurott|Ceaseless Edge|p1a: Rillaboom|[miss]
|-miss|p2a: Samurott|p1a: Rillaboom
|
|upkeep
|turn|3
|
|t:|1779669916
|switch|p2a: Kyurem|Kyurem|100/100
|-ability|p2a: Kyurem|Pressure
|move|p1a: Rillaboom|Grassy Glide|p2a: Kyurem
|-resisted|p2a: Kyurem
|-damage|p2a: Kyurem|75/100
|-damage|p1a: Rillaboom|91/100|[from] item: Life Orb
|
|-heal|p2a: Kyurem|81/100|[from] Grassy Terrain
|-heal|p1a: Rillaboom|97/100|[from] Grassy Terrain
|upkeep
|turn|4
|
|t:|1779669926
|switch|p1a: Gholdengo|Gholdengo|100/100
|move|p2a: Kyurem|Ice Beam|p1a: Gholdengo
|-resisted|p1a: Gholdengo
|-damage|p1a: Gholdengo|74/100
|
|-heal|p1a: Gholdengo|80/100|[from] Grassy Terrain
|-heal|p2a: Kyurem|87/100|[from] Grassy Terrain
|upkeep
|turn|5
|
|t:|1779669932
|switch|p2a: Samurott|Samurott-Hisui, F|100/100
|move|p1a: Gholdengo|Dazzling Gleam|p2a: Samurott
|-supereffective|p2a: Samurott
|-damage|p2a: Samurott|66/100
|
|-heal|p1a: Gholdengo|87/100|[from] Grassy Terrain
|-heal|p2a: Samurott|72/100|[from] Grassy Terrain
|upkeep
|turn|6
|
|t:|1779669941
|switch|p1a: Rotom|Rotom-Wash|100/100
|move|p2a: Samurott|Ceaseless Edge|p1a: Rotom
|-damage|p1a: Rotom|44/100
|-sidestart|p1: fivetomatoes|Spikes
|
|-heal|p2a: Samurott|78/100|[from] Grassy Terrain
|-fieldend|move: Grassy Terrain
|upkeep
|turn|7
|
|t:|1779669948
|move|p1a: Rotom|Volt Switch|p2a: Samurott
|-supereffective|p2a: Samurott
|-crit|p2a: Samurott
|-damage|p2a: Samurott|16/100
|
|t:|1779669952
|switch|p1a: Rillaboom|Rillaboom, F|97/100|[from] Volt Switch
|-damage|p1a: Rillaboom|84/100|[from] Spikes
|-fieldstart|move: Grassy Terrain|[from] ability: Grassy Surge|[of] p1a: Rillaboom
|move|p2a: Samurott|Knock Off|p1a: Rillaboom
|-damage|p1a: Rillaboom|43/100
|-enditem|p1a: Rillaboom|Life Orb|[from] move: Knock Off|[of] p2a: Samurott
|
|-heal|p2a: Samurott|22/100|[from] Grassy Terrain
|-heal|p1a: Rillaboom|49/100|[from] Grassy Terrain
|upkeep
|turn|8
|
|t:|1779669957
|switch|p2a: Kyurem|Kyurem|87/100
|-ability|p2a: Kyurem|Pressure
|move|p1a: Rillaboom|Grassy Glide|p2a: Kyurem
|-resisted|p2a: Kyurem
|-damage|p2a: Kyurem|70/100
|
|-heal|p2a: Kyurem|76/100|[from] Grassy Terrain
|-heal|p1a: Rillaboom|55/100|[from] Grassy Terrain
|upkeep
|turn|9
|
|t:|1779669967
|move|p2a: Kyurem|Earth Power|p1a: Rillaboom
|-resisted|p1a: Rillaboom
|-damage|p1a: Rillaboom|37/100
|move|p1a: Rillaboom|Knock Off|p2a: Kyurem
|-damage|p2a: Kyurem|42/100
|-enditem|p2a: Kyurem|Assault Vest|[from] move: Knock Off|[of] p1a: Rillaboom
|
|-heal|p2a: Kyurem|49/100|[from] Grassy Terrain
|-heal|p1a: Rillaboom|43/100|[from] Grassy Terrain
|upkeep
|turn|10
|
|t:|1779669975
|switch|p1a: Rotom|Rotom-Wash|44/100
|move|p2a: Kyurem|Ice Beam|p1a: Rotom
|-resisted|p1a: Rotom
|-damage|p1a: Rotom|12/100
|
|-heal|p2a: Kyurem|55/100|[from] Grassy Terrain
|upkeep
|turn|11
|
|t:|1779669982
|move|p1a: Rotom|Trick|p2a: Kyurem
|-activate|p1a: Rotom|move: Trick|[of] p2a: Kyurem
|-item|p2a: Kyurem|Choice Scarf|[from] move: Trick
|-enditem|p1a: Rotom|Choice Scarf|[silent]|[from] move: Trick
|move|p2a: Kyurem|Ice Beam|p1a: Rotom
|-resisted|p1a: Rotom
|-damage|p1a: Rotom|0 fnt
|faint|p1a: Rotom
|
|-heal|p2a: Kyurem|61/100|[from] Grassy Terrain
|-fieldend|move: Grassy Terrain
|upkeep
|
|t:|1779669989
|switch|p1a: Gholdengo|Gholdengo|87/100
|-damage|p1a: Gholdengo|74/100|[from] Spikes
|turn|12
|
|t:|1779669994
|switch|p2a: Samurott|Samurott-Hisui, F|22/100
|move|p1a: Gholdengo|Shadow Ball|p2a: Samurott
|-resisted|p2a: Samurott
|-damage|p2a: Samurott|9/100
|
|upkeep
|turn|13
|
|t:|1779669996
|move|p2a: Samurott|Sucker Punch|p1a: Gholdengo
|-supereffective|p1a: Gholdengo
|-damage|p1a: Gholdengo|9/100
|move|p1a: Gholdengo|Shadow Ball|p2a: Samurott
|-resisted|p2a: Samurott
|-damage|p2a: Samurott|0 fnt
|faint|p2a: Samurott
|
|upkeep
|
|t:|1779670005
|switch|p2a: Kyurem|Kyurem|61/100
|-ability|p2a: Kyurem|Pressure
|turn|14
|
|t:|1779670011
|move|p2a: Kyurem|Ice Beam|p1a: Gholdengo
|-resisted|p1a: Gholdengo
|-damage|p1a: Gholdengo|0 fnt
|faint|p1a: Gholdengo
|
|upkeep
|
|t:|1779670015
|switch|p1a: Glimmora|Glimmora, F|100/100
|turn|15
|
|t:|1779670020
|switch|p2a: Gholdengo|Gholdengo|100/100
|move|p1a: Glimmora|Earth Power|p2a: Gholdengo
|-supereffective|p2a: Gholdengo
|-damage|p2a: Gholdengo|45/100
|
|upkeep
|turn|16
|
|t:|1779670036
|-terastallize|p1a: Glimmora|Flying
|move|p2a: Gholdengo|Make It Rain|p1a: Glimmora
|-damage|p1a: Glimmora|28/100
|-unboost|p2a: Gholdengo|spa|1
|move|p1a: Glimmora|Earth Power|p2a: Gholdengo
|-supereffective|p2a: Gholdengo
|-damage|p2a: Gholdengo|0 fnt
|faint|p2a: Gholdengo
|
|upkeep
|
|t:|1779670046
|switch|p2a: Kyurem|Kyurem|61/100
|-ability|p2a: Kyurem|Pressure
|turn|17
|l|☆fivetomatoes
|inactive|fivetomatoes disconnected and has a minute to reconnect!
|player|p1|
|j|☆fivetomatoes
|inactive|fivetomatoes reconnected and has 100 seconds left.
|player|p1|fivetomatoes|169|
|
|t:|1779670102
|move|p1a: Glimmora|Spiky Shield|p1a: Glimmora
|-singleturn|p1a: Glimmora|move: Protect
|move|p2a: Kyurem|Ice Beam|p1a: Glimmora
|-activate|p1a: Glimmora|move: Protect
|
|upkeep
|turn|18
|
|t:|1779670107
|switch|p1a: Garganacl|Garganacl, F|100/100
|-damage|p1a: Garganacl|88/100|[from] Spikes
|move|p2a: Kyurem|Ice Beam|p1a: Garganacl
|-damage|p1a: Garganacl|46/100
|
|-heal|p1a: Garganacl|52/100|[from] item: Leftovers
|upkeep
|turn|19
|
|t:|1779670114
|switch|p2a: Rillaboom|Rillaboom, F|100/100
|-fieldstart|move: Grassy Terrain|[from] ability: Grassy Surge|[of] p2a: Rillaboom
|move|p1a: Garganacl|Recover|p1a: Garganacl
|-heal|p1a: Garganacl|100/100
|
|upkeep
|turn|20
|
|t:|1779670128
|switch|p1a: Glimmora|Glimmora, F, tera:Flying|28/100
|move|p2a: Rillaboom|Swords Dance|p2a: Rillaboom
|-boost|p2a: Rillaboom|atk|2
|
|upkeep
|turn|21
|
|t:|1779670134
|move|p2a: Rillaboom|Grassy Glide|p1a: Glimmora
|-resisted|p1a: Glimmora
|-damage|p1a: Glimmora|0 fnt
|-activate|p1a: Glimmora|ability: Toxic Debris
|-sidestart|p2: Oweiner95|move: Toxic Spikes
|faint|p1a: Glimmora
|
|upkeep
|
|t:|1779670137
|switch|p1a: Dragapult|Dragapult, F|100/100
|-damage|p1a: Dragapult|88/100|[from] Spikes
|turn|22
|
|t:|1779670143
|move|p2a: Rillaboom|Grassy Glide|p1a: Dragapult
|-resisted|p1a: Dragapult
|-damage|p1a: Dragapult|33/100
|move|p1a: Dragapult|Substitute|p1a: Dragapult
|-start|p1a: Dragapult|Substitute
|-damage|p1a: Dragapult|9/100
|
|-heal|p1a: Dragapult|15/100|[from] Grassy Terrain
|-heal|p1a: Dragapult|21/100|[from] item: Leftovers
|upkeep
|turn|23
|
|t:|1779670150
|move|p2a: Rillaboom|Grassy Glide|p1a: Dragapult
|-resisted|p1a: Dragapult
|-end|p1a: Dragapult|Substitute
|move|p1a: Dragapult|Thunder Wave|p2a: Rillaboom
|-status|p2a: Rillaboom|par
|-enditem|p2a: Rillaboom|Lum Berry|[eat]
|-curestatus|p2a: Rillaboom|par|[msg]
|
|-heal|p1a: Dragapult|27/100|[from] Grassy Terrain
|-heal|p1a: Dragapult|33/100|[from] item: Leftovers
|-fieldend|move: Grassy Terrain
|upkeep
|turn|24
|
|t:|1779670162
|move|p1a: Dragapult|Thunder Wave|p2a: Rillaboom
|-status|p2a: Rillaboom|par
|move|p2a: Rillaboom|Knock Off|p1a: Dragapult
|-supereffective|p1a: Dragapult
|-damage|p1a: Dragapult|0 fnt
|-enditem|p1a: Dragapult|Leftovers|[from] move: Knock Off|[of] p2a: Rillaboom
|faint|p1a: Dragapult
|
|upkeep
|
|t:|1779670170
|switch|p1a: Garganacl|Garganacl, F|100/100
|-damage|p1a: Garganacl|88/100|[from] Spikes
|turn|25
|
|t:|1779670173
|cant|p2a: Rillaboom|par
|move|p1a: Garganacl|Curse|p1a: Garganacl
|-unboost|p1a: Garganacl|spe|1
|-boost|p1a: Garganacl|atk|1
|-boost|p1a: Garganacl|def|1
|
|-heal|p1a: Garganacl|94/100|[from] item: Leftovers
|upkeep
|turn|26
|
|t:|1779670177
|move|p1a: Garganacl|Protect|p1a: Garganacl
|-singleturn|p1a: Garganacl|Protect
|move|p2a: Rillaboom|Wood Hammer|p1a: Garganacl
|-activate|p1a: Garganacl|move: Protect
|
|-heal|p1a: Garganacl|100/100|[from] item: Leftovers
|upkeep
|turn|27
|
|t:|1779670183
|move|p2a: Rillaboom|Wood Hammer|p1a: Garganacl
|-supereffective|p1a: Garganacl
|-damage|p1a: Garganacl|11/100
|-damage|p2a: Rillaboom|68/100 par|[from] Recoil
|move|p1a: Garganacl|Recover|p1a: Garganacl
|-heal|p1a: Garganacl|61/100
|
|-heal|p1a: Garganacl|67/100|[from] item: Leftovers
|upkeep
|turn|28
|
|t:|1779670190
|move|p2a: Rillaboom|Wood Hammer|p1a: Garganacl
|-supereffective|p1a: Garganacl
|-damage|p1a: Garganacl|0 fnt
|faint|p1a: Garganacl
|-damage|p2a: Rillaboom|44/100 par|[from] Recoil
|
|upkeep
|-message|fivetomatoes forfeited.
|
|win|Oweiner95
|raw|fivetomatoes's rating: 1677 &rarr; <strong>1655</strong><br />(-22 for losing)
|raw|Oweiner95's rating: 1647 &rarr; <strong>1669</strong><br />(+22 for winning)
|l|☆fivetomatoes
|player|p1|
|l|☆Oweiner95
|player|p2|
