|j|☆Auburn Hills
|j|☆Muk enjoyer
|t:|1779687625
|gametype|singles
|player|p1|Auburn Hills|alder|1726
|player|p2|Muk enjoyer|blue-gen3champion|1799
|gen|9
|tier|[Gen 9] OU
|rated|
|rule|HP Percentage Mod: HP is shown in percentages
|rule|Endless Battle Clause: Forcing endless battles is banned
|rule|Species Clause: Limit one of each Pokémon
|rule|OHKO Clause: OHKO moves are banned
|rule|Evasion Items Clause: Evasion items are banned
|rule|Evasion Moves Clause: Evasion moves are banned
|rule|Evasion Abilities Clause: Evasion abilities are banned
|rule|Sleep Moves Clause: Sleep-inducing moves are banned
|clearpoke
|poke|p1|Iron Moth|
|poke|p1|Umbreon, M|
|poke|p1|Garchomp, F|
|poke|p1|Glimmora, F|
|poke|p1|Gholdengo|
|poke|p1|Dragonite, F|
|poke|p2|Pelipper, M|
|poke|p2|Raging Bolt|
|poke|p2|Overqwil, F|
|poke|p2|Barraskewda, F|
|poke|p2|Iron Treads|
|poke|p2|Kingambit, F|
|teampreview
|
|t:|1779687641
|teamsize|p1|6
|teamsize|p2|6
|start
|switch|p1a: Julia Jacklin|Glimmora, F|100/100
|switch|p2a: Iron Treads|Iron Treads|100/100
|-enditem|p2a: Iron Treads|Booster Energy
|-activate|p2a: Iron Treads|ability: Quark Drive|[fromitem]
|-start|p2a: Iron Treads|quarkdrivespe
|turn|1
|inactive|Battle timer is ON: inactive players will automatically lose when time's up. (requested by Auburn Hills)
|
|t:|1779687647
|move|p2a: Iron Treads|Stealth Rock|p1a: Julia Jacklin
|-sidestart|p1: Auburn Hills|move: Stealth Rock
|move|p1a: Julia Jacklin|Earth Power|p2a: Iron Treads
|-supereffective|p2a: Iron Treads
|-damage|p2a: Iron Treads|16/100
|
|upkeep
|turn|2
|
|t:|1779687653
|move|p2a: Iron Treads|Earth Power|p1a: Julia Jacklin
|-supereffective|p1a: Julia Jacklin
|-enditem|p1a: Julia Jacklin|Focus Sash
|-damage|p1a: Julia Jacklin|1/100
|-unboost|p1a: Julia Jacklin|spd|1
|move|p1a: Julia Jacklin|Earth Power|p2a: Iron Treads
|-supereffective|p2a: Iron Treads
|-damage|p2a: Iron Treads|0 fnt
|faint|p2a: Iron Treads
|-end|p2a: Iron Treads|Quark Drive|[silent]
|
|upkeep
|
|t:|1779687661
|switch|p2a: Barraskewda|Barraskewda, F|100/100
|turn|3
|
|t:|1779687664
|move|p2a: Barraskewda|Flip Turn|p1a: Julia Jacklin
|-supereffective|p1a: Julia Jacklin
|-damage|p1a: Julia Jacklin|0 fnt
|-activate|p1a: Julia Jacklin|ability: Toxic Debris
|-sidestart|p2: Muk enjoyer|move: Toxic Spikes
|faint|p1a: Julia Jacklin
|
|t:|1779687671
|switch|p2a: Pelipper|Pelipper, M|100/100|[from] Flip Turn
|-weather|RainDance|[from] ability: Drizzle|[of] p2a: Pelipper
|
|-weather|RainDance|[upkeep]
|upkeep
|
|t:|1779687675
|switch|p1a: Carly Rae|Iron Moth|100/100
|-damage|p1a: Carly Rae|76/100|[from] Stealth Rock
|-enditem|p1a: Carly Rae|Booster Energy
|-activate|p1a: Carly Rae|ability: Quark Drive|[fromitem]
|-start|p1a: Carly Rae|quarkdrivespe
|turn|4
|
|t:|1779687682
|switch|p2a: Overqwil|Overqwil, F|100/100
|-sideend|p2: Muk enjoyer|move: Toxic Spikes|[of] p2a: Overqwil
|move|p1a: Carly Rae|Discharge|p2a: Overqwil
|-damage|p2a: Overqwil|56/100
|
|-weather|RainDance|[upkeep]
|upkeep
|turn|5
|
|t:|1779687687
|move|p2a: Overqwil|Liquidation|p1a: Carly Rae
|-supereffective|p1a: Carly Rae
|-damage|p1a: Carly Rae|0 fnt
|faint|p1a: Carly Rae
|-end|p1a: Carly Rae|Quark Drive|[silent]
|-damage|p2a: Overqwil|46/100|[from] item: Life Orb
|
|-weather|RainDance|[upkeep]
|upkeep
|
|t:|1779687689
|switch|p1a: Elucid|Dragonite, F|100/100
|turn|6
|
|t:|1779687698
|move|p2a: Overqwil|Gunk Shot|p1a: Elucid
|-damage|p1a: Elucid|56/100
|-damage|p2a: Overqwil|36/100|[from] item: Life Orb
|move|p1a: Elucid|Dragon Dance|p1a: Elucid
|-boost|p1a: Elucid|atk|1
|-boost|p1a: Elucid|spe|1
|
|-weather|RainDance|[upkeep]
|upkeep
|turn|7
|
|t:|1779687705
|switch|p2a: Kingambit|Kingambit, F|100/100
|-activate|p2a: Kingambit|ability: Supreme Overlord
|-start|p2a: Kingambit|fallen1|[silent]
|move|p1a: Elucid|Extreme Speed|p2a: Kingambit
|-resisted|p2a: Kingambit
|-damage|p2a: Kingambit|83/100
|
|-weather|RainDance|[upkeep]
|upkeep
|turn|8
|
|t:|1779687713
|-terastallize|p2a: Kingambit|Dark
|move|p1a: Elucid|Earthquake|p2a: Kingambit
|-damage|p2a: Kingambit|43/100
|move|p2a: Kingambit|Kowtow Cleave|p1a: Elucid
|-damage|p1a: Elucid|0 fnt
|faint|p1a: Elucid
|
|-weather|RainDance|[upkeep]
|upkeep
|
|t:|1779687719
|switch|p1a: Rat Tally|Garchomp, F|100/100
|-damage|p1a: Rat Tally|94/100|[from] Stealth Rock
|turn|9
|
|t:|1779687728
|move|p1a: Rat Tally|Earthquake|p2a: Kingambit
|-damage|p2a: Kingambit|7/100
|move|p2a: Kingambit|Kowtow Cleave|p1a: Rat Tally
|-damage|p1a: Rat Tally|18/100
|-damage|p2a: Kingambit|0 fnt|[from] ability: Rough Skin|[of] p1a: Rat Tally
|faint|p2a: Kingambit
|-end|p2a: Kingambit|fallen1|[silent]
|
|-weather|RainDance|[upkeep]
|upkeep
|
|t:|1779687741
|switch|p2a: Overqwil|Overqwil, F|36/100
|turn|10
|
|t:|1779687748
|switch|p1a: Alvvays|Umbreon, M|100/100
|-damage|p1a: Alvvays|88/100|[from] Stealth Rock
|move|p2a: Overqwil|Liquidation|p1a: Alvvays
|-damage|p1a: Alvvays|40/100
|-unboost|p1a: Alvvays|def|1
|-damage|p2a: Overqwil|26/100|[from] item: Life Orb
|
|-weather|none
|-heal|p1a: Alvvays|46/100|[from] item: Leftovers
|upkeep
|turn|11
|j| Dan Nurry
|
|t:|1779687759
|switch|p1a: Smino|Gholdengo|100/100
|-damage|p1a: Smino|94/100|[from] Stealth Rock
|move|p2a: Overqwil|Gunk Shot|p1a: Smino
|-immune|p1a: Smino
|
|upkeep
|turn|12
|
|t:|1779687764
|switch|p2a: Pelipper|Pelipper, M|100/100
|-weather|RainDance|[from] ability: Drizzle|[of] p2a: Pelipper
|move|p1a: Smino|Shadow Ball|p2a: Pelipper
|-damage|p2a: Pelipper|43/100
|-unboost|p2a: Pelipper|spd|1
|
|-weather|RainDance|[upkeep]
|upkeep
|turn|13
|
|t:|1779687772
|move|p1a: Smino|Shadow Ball|p2a: Pelipper
|-damage|p2a: Pelipper|0 fnt
|faint|p2a: Pelipper
|
|-weather|RainDance|[upkeep]
|upkeep
|
|t:|1779687775
|switch|p2a: Overqwil|Overqwil, F|26/100
|turn|14
|
|t:|1779687778
|move|p2a: Overqwil|Crunch|p1a: Smino
|-supereffective|p1a: Smino
|-damage|p1a: Smino|0 fnt
|faint|p1a: Smino
|-damage|p2a: Overqwil|17/100|[from] item: Life Orb
|
|-weather|RainDance|[upkeep]
|upkeep
|
|t:|1779687781
|switch|p1a: Alvvays|Umbreon, M|46/100
|-damage|p1a: Alvvays|33/100|[from] Stealth Rock
|turn|15
|-message|Auburn Hills forfeited.
|
|win|Muk enjoyer
|raw|Auburn Hills's rating: 1726 &rarr; <strong>1710</strong><br />(-16 for losing)
|raw|Muk enjoyer's rating: 1799 &rarr; <strong>1815</strong><br />(+16 for winning)
|l|☆Auburn Hills
|player|p1|
|l|☆Muk enjoyer
|player|p2|
