|j|☆NEON DADA
|j|☆BananIsac
|t:|1779660667
|gametype|singles
|player|p1|NEON DADA|workerice|1204
|player|p2|BananIsac|caitlin|1209
|gen|9
|tier|[Gen 9] OU
|rated|
|rule|HP Percentage Mod: HP is shown in percentages
|rule|Endless Battle Clause: Forcing endless battles is banned
|rule|Species Clause: Limit one of each Pokémon
|rule|OHKO Clause: OHKO moves are banned
|rule|Evasion Items Clause: Evasion items are banned
|rule|Evasion Moves Clause: Evasion moves are banned
|rule|Evasion Abilities Clause: Evasion abilities are banned
|rule|Sleep Moves Clause: Sleep-inducing moves are banned
|clearpoke
|poke|p1|Grimmsnarl, M|
|poke|p1|Arcanine-Hisui, F|
|poke|p1|Tyranitar, F|
|poke|p1|Ursaluna, M|
|poke|p1|Charizard, M|
|poke|p1|Mudsdale, M|
|poke|p2|Great Tusk|
|poke|p2|Gholdengo|
|poke|p2|Raging Bolt|
|poke|p2|Sylveon, M|
|poke|p2|Kyurem|
|poke|p2|Slowking-Galar, F|
|teampreview
|inactive|Battle timer is ON: inactive players will automatically lose when time's up. (requested by NEON DADA)
|
|t:|1779660674
|teamsize|p1|6
|teamsize|p2|6
|start
|switch|p1a: C-1|Mudsdale, M|100/100
|switch|p2a: Great Tusk|Great Tusk|100/100
|turn|1
|
|t:|1779660680
|move|p2a: Great Tusk|Stealth Rock|p1a: C-1
|-sidestart|p1: NEON DADA|move: Stealth Rock
|move|p1a: C-1|Curse|p1a: C-1
|-unboost|p1a: C-1|spe|1
|-boost|p1a: C-1|atk|1
|-boost|p1a: C-1|def|1
|
|upkeep
|turn|2
|
|t:|1779660699
|-end|p2a: Great Tusk|Protosynthesis|[silent]
|switch|p2a: Kyurem|Kyurem|100/100
|-ability|p2a: Kyurem|Pressure
|move|p1a: C-1|Body Press|p2a: Kyurem
|-supereffective|p2a: Kyurem
|-damage|p2a: Kyurem|46/100
|
|upkeep
|turn|3
|
|t:|1779660711
|-terastallize|p1a: C-1|Fire
|move|p2a: Kyurem|Freeze-Dry|p1a: C-1
|-resisted|p1a: C-1
|-damage|p1a: C-1|76/100
|-ability|p1a: C-1|Stamina|boost
|-boost|p1a: C-1|def|1
|move|p1a: C-1|Heavy Slam|p2a: Kyurem
|-supereffective|p2a: Kyurem
|-damage|p2a: Kyurem|0 fnt
|faint|p2a: Kyurem
|
|upkeep
|
|t:|1779660733
|switch|p2a: Raging Bolt|Raging Bolt|100/100
|-enditem|p2a: Raging Bolt|Booster Energy
|-activate|p2a: Raging Bolt|ability: Protosynthesis|[fromitem]
|-start|p2a: Raging Bolt|protosynthesisspa
|turn|4
|
|t:|1779660742
|move|p2a: Raging Bolt|Draco Meteor|p1a: C-1
|-damage|p1a: C-1|0 fnt
|-unboost|p2a: Raging Bolt|spa|2
|faint|p1a: C-1
|
|upkeep
|
|t:|1779660745
|switch|p1a: Kakuzu|Grimmsnarl, M|100/100
|-damage|p1a: Kakuzu|88/100|[from] Stealth Rock
|turn|5
|
|t:|1779660756
|-end|p2a: Raging Bolt|Protosynthesis|[silent]
|switch|p2a: Slowking|Slowking-Galar, F|100/100
|move|p1a: Kakuzu|Spirit Break|p2a: Slowking
|-resisted|p2a: Slowking
|-damage|p2a: Slowking|90/100
|-unboost|p2a: Slowking|spa|1
|
|-heal|p2a: Slowking|96/100|[from] item: Black Sludge
|upkeep
|turn|6
|
|t:|1779660769
|switch|p1a: C-4 Karura|Tyranitar, F|100/100
|-damage|p1a: C-4 Karura|88/100|[from] Stealth Rock
|-weather|Sandstorm|[from] ability: Sand Stream|[of] p1a: C-4 Karura
|move|p2a: Slowking|Trick|p1a: C-4 Karura
|-activate|p2a: Slowking|move: Trick|[of] p1a: C-4 Karura
|-item|p1a: C-4 Karura|Black Sludge|[from] move: Trick
|-item|p2a: Slowking|Weakness Policy|[from] move: Trick
|
|-weather|Sandstorm|[upkeep]
|-damage|p2a: Slowking|90/100|[from] Sandstorm
|-damage|p1a: C-4 Karura|76/100|[from] item: Black Sludge
|upkeep
|turn|7
|inactive|NEON DADA has 120 seconds left.
|inactive|BananIsac has 120 seconds left.
|l|☆NEON DADA
|inactive|NEON DADA disconnected and has a minute to reconnect!
|player|p1|
|inactive|NEON DADA has 30 seconds to reconnect!
|inactive|NEON DADA has 20 seconds to reconnect!
|inactive|NEON DADA has 15 seconds to reconnect!
|inactive|NEON DADA has 10 seconds to reconnect!
|inactive|NEON DADA has 5 seconds to reconnect!
|-message|NEON DADA lost due to inactivity.
|
|win|BananIsac
|raw|NEON DADA's rating: 1204 &rarr; <strong>1179</strong><br />(-25 for losing)
|raw|BananIsac's rating: 1209 &rarr; <strong>1234</strong><br />(+25 for winning)
|l|☆BananIsac
|player|p2|
