|j|☆Gamer237
|j|☆v1c7oryy
|inactive|Battle timer is ON: inactive players will automatically lose when time's up.
|t:|1779595031
|gametype|singles
|player|p1|Gamer237|blue|
|player|p2|v1c7oryy|170|
|gen|9
|tier|[Gen 9] OU
|rated|Tournament battle
|rule|HP Percentage Mod: HP is shown in percentages
|rule|Endless Battle Clause: Forcing endless battles is banned
|rule|Species Clause: Limit one of each Pokémon
|rule|OHKO Clause: OHKO moves are banned
|rule|Evasion Items Clause: Evasion items are banned
|rule|Evasion Moves Clause: Evasion moves are banned
|rule|Evasion Abilities Clause: Evasion abilities are banned
|rule|Sleep Moves Clause: Sleep-inducing moves are banned
|raw|<div class="infobox"><details class="readmore" open><summary><strong>1 custom rule:</strong></summary> -wobbuffet</details></div>
|clearpoke
|poke|p1|Lycanroc-Dusk, F|
|poke|p1|Kingambit, M|
|poke|p1|Vulpix-Alola, M|
|poke|p2|Cinderace, M|
|poke|p2|Barraskewda, F|
|poke|p2|Shieldon, F|
|teampreview
|j|*Lady Monita 
|j| Flari64
|inactive|v1c7oryy has 120 seconds left.
|
|t:|1779595063
|teamsize|p1|3
|teamsize|p2|3
|start
|switch|p1a: Vulpix|Vulpix-Alola, M|100/100
|switch|p2a: Cinderace|Cinderace, M|100/100
|-weather|Snowscape|[from] ability: Snow Warning|[of] p1a: Vulpix
|turn|1
|
|t:|1779595079
|move|p2a: Cinderace|High Jump Kick|p1a: Vulpix
|-start|p2a: Cinderace|typechange|Fighting|[from] ability: Libero
|-supereffective|p1a: Vulpix
|-damage|p1a: Vulpix|0 fnt
|faint|p1a: Vulpix
|
|-weather|Snowscape|[upkeep]
|upkeep
|j| dron2008
|
|t:|1779595103
|switch|p1a: Kingambit|Kingambit, M|100/100
|-activate|p1a: Kingambit|ability: Supreme Overlord
|-start|p1a: Kingambit|fallen1|[silent]
|turn|2
|
|t:|1779595115
|switch|p2a: Shieldon|Shieldon, F|100/100
|move|p1a: Kingambit|Iron Head|p2a: Shieldon
|-damage|p2a: Shieldon|62/100
|
|-weather|Snowscape|[upkeep]
|upkeep
|turn|3
|
|t:|1779595130
|move|p1a: Kingambit|Iron Head|p2a: Shieldon
|-damage|p2a: Shieldon|26/100
|cant|p2a: Shieldon|flinch
|
|-weather|Snowscape|[upkeep]
|upkeep
|turn|4
|
|t:|1779595137
|move|p1a: Kingambit|Iron Head|p2a: Shieldon
|-damage|p2a: Shieldon|0 fnt
|faint|p2a: Shieldon
|
|-weather|Snowscape|[upkeep]
|upkeep
|
|t:|1779595154
|switch|p2a: Cinderace|Cinderace, M|100/100
|turn|5
|
|t:|1779595161
|move|p2a: Cinderace|Pyro Ball|p1a: Kingambit
|-supereffective|p1a: Kingambit
|-crit|p1a: Kingambit
|-enditem|p1a: Kingambit|Focus Sash
|-damage|p1a: Kingambit|1/100
|move|p1a: Kingambit|Kowtow Cleave|p2a: Cinderace
|-crit|p2a: Cinderace
|-damage|p2a: Cinderace|0 fnt
|faint|p2a: Cinderace
|
|-weather|none
|upkeep
|
|t:|1779595173
|switch|p2a: Barraskewda|Barraskewda, F|100/100
|turn|6
|inactive|v1c7oryy has 120 seconds left.
|
|t:|1779595205
|move|p1a: Kingambit|Sucker Punch|p2a: Barraskewda
|-damage|p2a: Barraskewda|4/100
|move|p2a: Barraskewda|Waterfall|p1a: Kingambit
|-damage|p1a: Kingambit|0 fnt
|faint|p1a: Kingambit
|-end|p1a: Kingambit|fallen1|[silent]
|
|upkeep
|
|t:|1779595210
|switch|p1a: Lycanroc|Lycanroc-Dusk, F|100/100
|turn|7
|
|t:|1779595215
|-terastallize|p2a: Barraskewda|Fighting
|move|p1a: Lycanroc|Accelerock|p2a: Barraskewda
|-resisted|p2a: Barraskewda
|-damage|p2a: Barraskewda|0 fnt
|faint|p2a: Barraskewda
|-damage|p1a: Lycanroc|91/100|[from] item: Life Orb
|
|win|Gamer237
|n|☆Gamer237|gamer237
|n|☆v1c7oryy|v1c7oryy
|n|*Lady Monita |ladymonita
|n| Flari64|flari64
|n| dron2008|dron2008
