|j|☆hugh12248
|j|☆nucleotyde
|t:|1779671569
|gametype|singles
|player|p1|hugh12248|swimmerf-gen4|1139
|player|p2|nucleotyde|waitress-gen4|1128
|gen|9
|tier|[Gen 9] OU
|rated|
|rule|HP Percentage Mod: HP is shown in percentages
|rule|Endless Battle Clause: Forcing endless battles is banned
|rule|Species Clause: Limit one of each Pokémon
|rule|OHKO Clause: OHKO moves are banned
|rule|Evasion Items Clause: Evasion items are banned
|rule|Evasion Moves Clause: Evasion moves are banned
|rule|Evasion Abilities Clause: Evasion abilities are banned
|rule|Sleep Moves Clause: Sleep-inducing moves are banned
|clearpoke
|poke|p1|Regieleki|
|poke|p1|Slowking-Galar, M|
|poke|p1|Incineroar, F|
|poke|p1|Corviknight, M|
|poke|p1|Barraskewda, F|
|poke|p1|Persian, M|
|poke|p2|Dragonite, M|
|poke|p2|Great Tusk|
|poke|p2|Gholdengo|
|poke|p2|Enamorus, F|
|poke|p2|Landorus-Therian, M|
|poke|p2|Darkrai|
|teampreview
|inactive|Battle timer is ON: inactive players will automatically lose when time's up. (requested by nucleotyde)
|
|t:|1779671577
|teamsize|p1|6
|teamsize|p2|6
|start
|switch|p1a: Barraskewda|Barraskewda, F|100/100
|switch|p2a: Landorus|Landorus-Therian, M|100/100
|-ability|p2a: Landorus|Intimidate|boost
|-unboost|p1a: Barraskewda|atk|1
|turn|1
|
|t:|1779671584
|move|p1a: Barraskewda|Flip Turn|p2a: Landorus
|-supereffective|p2a: Landorus
|-damage|p2a: Landorus|39/100
|-damage|p1a: Barraskewda|84/100|[from] item: Rocky Helmet|[of] p2a: Landorus
|
|t:|1779671590
|switch|p1a: Corviknight|Corviknight, M|100/100|[from] Flip Turn
|move|p2a: Landorus|Stealth Rock|p1a: Corviknight
|-sidestart|p1: hugh12248|move: Stealth Rock
|
|upkeep
|turn|2
|
|t:|1779671597
|move|p2a: Landorus|U-turn|p1a: Corviknight
|-resisted|p1a: Corviknight
|-damage|p1a: Corviknight|97/100
|-damage|p2a: Landorus|22/100|[from] item: Rocky Helmet|[of] p1a: Corviknight
|
|t:|1779671601
|switch|p2a: Dragonite|Dragonite, M|100/100|[from] U-turn
|move|p1a: Corviknight|Defog|p2a: Dragonite
|-unboost|p2a: Dragonite|evasion|1
|-sideend|p1: hugh12248|Stealth Rock|[from] move: Defog|[of] p1a: Corviknight
|
|upkeep
|turn|3
|
|t:|1779671608
|switch|p1a: Incineroar|Incineroar, F, shiny|100/100
|-ability|p1a: Incineroar|Intimidate|boost
|-unboost|p2a: Dragonite|atk|1
|move|p2a: Dragonite|Dragon Dance|p2a: Dragonite
|-boost|p2a: Dragonite|atk|1
|-boost|p2a: Dragonite|spe|1
|
|upkeep
|turn|4
|
|t:|1779671615
|move|p1a: Incineroar|Fake Out|p2a: Dragonite
|-damage|p2a: Dragonite|95/100
|cant|p2a: Dragonite|flinch
|
|upkeep
|turn|5
|
|t:|1779671619
|move|p2a: Dragonite|Scale Shot|p1a: Incineroar
|-damage|p1a: Incineroar|91/100
|-damage|p1a: Incineroar|80/100
|-damage|p1a: Incineroar|71/100
|-damage|p1a: Incineroar|61/100
|-damage|p1a: Incineroar|51/100
|-hitcount|p1a: Incineroar|5
|-unboost|p2a: Dragonite|def|1
|-boost|p2a: Dragonite|spe|1
|move|p1a: Incineroar|Parting Shot|p2a: Dragonite
|-unboost|p2a: Dragonite|atk|1
|-unboost|p2a: Dragonite|spa|1
|
|t:|1779671649
|switch|p1a: Slowking|Slowking-Galar, M, shiny|100/100|[from] Parting Shot
|
|upkeep
|turn|6
|
|t:|1779671665
|-terastallize|p2a: Dragonite|Fire
|move|p2a: Dragonite|Dragon Dance|p2a: Dragonite
|-boost|p2a: Dragonite|atk|1
|-boost|p2a: Dragonite|spe|1
|move|p1a: Slowking|Sludge Wave|p2a: Dragonite
|-damage|p2a: Dragonite|55/100
|
|upkeep
|turn|7
|
|t:|1779671672
|move|p2a: Dragonite|Scale Shot|p1a: Slowking
|-damage|p1a: Slowking|85/100
|-damage|p1a: Slowking|69/100
|-damage|p1a: Slowking|52/100
|-damage|p1a: Slowking|37/100
|-hitcount|p1a: Slowking|4
|-unboost|p2a: Dragonite|def|1
|-boost|p2a: Dragonite|spe|1
|move|p1a: Slowking|Trick Room|p1a: Slowking
|-fieldstart|move: Trick Room|[of] p1a: Slowking
|
|-heal|p1a: Slowking|43/100|[from] item: Leftovers
|upkeep
|turn|8
|
|t:|1779671685
|switch|p1a: Corviknight|Corviknight, M|97/100
|move|p2a: Dragonite|Encore||[still]
|-fail|p2a: Dragonite
|
|upkeep
|turn|9
|
|t:|1779671694
|move|p1a: Corviknight|U-turn|p2a: Dragonite
|-resisted|p2a: Dragonite
|-damage|p2a: Dragonite|39/100
|
|t:|1779671698
|switch|p1a: Slowking|Slowking-Galar, M, shiny|76/100|[from] U-turn
|move|p2a: Dragonite|Fire Punch|p1a: Slowking
|-crit|p1a: Slowking
|-damage|p1a: Slowking|11/100
|
|-heal|p1a: Slowking|18/100|[from] item: Leftovers
|upkeep
|turn|10
|
|t:|1779671706
|switch|p1a: Corviknight|Corviknight, M|97/100
|move|p2a: Dragonite|Scale Shot|p1a: Corviknight
|-resisted|p1a: Corviknight
|-damage|p1a: Corviknight|93/100
|-resisted|p1a: Corviknight
|-damage|p1a: Corviknight|89/100
|-resisted|p1a: Corviknight
|-damage|p1a: Corviknight|84/100
|-resisted|p1a: Corviknight
|-damage|p1a: Corviknight|80/100
|-hitcount|p1a: Corviknight|4
|-unboost|p2a: Dragonite|def|1
|-boost|p2a: Dragonite|spe|1
|
|upkeep
|turn|11
|
|t:|1779671718
|switch|p1a: Incineroar|Incineroar, F, shiny|51/100
|-ability|p1a: Incineroar|Intimidate|boost
|-unboost|p2a: Dragonite|atk|1
|move|p2a: Dragonite|Fire Punch|p1a: Incineroar
|-resisted|p1a: Incineroar
|-damage|p1a: Incineroar|42/100
|-enditem|p1a: Incineroar|Sitrus Berry|[eat]
|-heal|p1a: Incineroar|66/100|[from] item: Sitrus Berry
|
|-fieldend|move: Trick Room
|upkeep
|turn|12
|
|t:|1779671728
|move|p1a: Incineroar|Fake Out|p2a: Dragonite
|-damage|p2a: Dragonite|13/100
|cant|p2a: Dragonite|flinch
|
|upkeep
|turn|13
|
|t:|1779671735
|switch|p1a: Corviknight|Corviknight, M|80/100
|move|p2a: Dragonite|Encore||[still]
|-fail|p2a: Dragonite
|
|upkeep
|turn|14
|
|t:|1779671741
|switch|p1a: Incineroar|Incineroar, F, shiny|66/100
|-ability|p1a: Incineroar|Intimidate|boost
|-unboost|p2a: Dragonite|atk|1
|move|p2a: Dragonite|Fire Punch|p1a: Incineroar
|-resisted|p1a: Incineroar
|-damage|p1a: Incineroar|60/100
|
|upkeep
|turn|15
|
|t:|1779671748
|move|p1a: Incineroar|Fake Out|p2a: Dragonite
|-damage|p2a: Dragonite|0 fnt
|faint|p2a: Dragonite
|
|upkeep
|
|t:|1779671761
|switch|p2a: Enamorus|Enamorus, F|100/100
|turn|16
|
|t:|1779671771
|move|p2a: Enamorus|Mystical Fire|p1a: Incineroar
|-resisted|p1a: Incineroar
|-damage|p1a: Incineroar|48/100
|-unboost|p1a: Incineroar|spa|1
|move|p1a: Incineroar|Parting Shot|p2a: Enamorus
|-boost|p2a: Enamorus|atk|1
|-boost|p2a: Enamorus|spa|1
|
|t:|1779671778
|switch|p1a: Slowking|Slowking-Galar, M, shiny|51/100|[from] Parting Shot
|
|-heal|p1a: Slowking|57/100|[from] item: Leftovers
|upkeep
|turn|17
|
|t:|1779671788
|switch|p2a: Gholdengo|Gholdengo|100/100
|-item|p2a: Gholdengo|Air Balloon
|-prepare|p1a: Slowking|Chilly Reception|[premajor]
|move|p1a: Slowking|Chilly Reception|p1a: Slowking
|-weather|Snowscape
|
|t:|1779671796
|switch|p1a: Barraskewda|Barraskewda, F|84/100|[from] Chilly Reception
|
|-weather|Snowscape|[upkeep]
|upkeep
|turn|18
|
|t:|1779671805
|move|p1a: Barraskewda|Throat Chop|p2a: Gholdengo
|-supereffective|p2a: Gholdengo
|-damage|p2a: Gholdengo|11/100
|-start|p2a: Gholdengo|Throat Chop|[silent]
|-enditem|p2a: Gholdengo|Air Balloon
|move|p2a: Gholdengo|Shadow Ball|p1a: Barraskewda
|-damage|p1a: Barraskewda|3/100
|
|-weather|Snowscape|[upkeep]
|upkeep
|turn|19
|
|t:|1779671814
|switch|p2a: Landorus|Landorus-Therian, M|22/100
|-ability|p2a: Landorus|Intimidate|boost
|-unboost|p1a: Barraskewda|atk|1
|move|p1a: Barraskewda|Throat Chop|p2a: Landorus
|-damage|p2a: Landorus|0 fnt
|-damage|p1a: Barraskewda|0 fnt|[from] item: Rocky Helmet|[of] p2a: Landorus
|faint|p2a: Landorus
|faint|p1a: Barraskewda
|
|-weather|Snowscape|[upkeep]
|upkeep
|
|t:|1779671833
|switch|p1a: Persian|Persian, M|100/100
|switch|p2a: Great Tusk|Great Tusk|100/100
|-enditem|p2a: Great Tusk|Booster Energy
|-activate|p2a: Great Tusk|ability: Protosynthesis|[fromitem]
|-start|p2a: Great Tusk|protosynthesisatk
|turn|20
|
|t:|1779671840
|move|p1a: Persian|Fake Out|p2a: Great Tusk
|-damage|p2a: Great Tusk|83/100
|cant|p2a: Great Tusk|flinch
|
|-weather|Snowscape|[upkeep]
|upkeep
|turn|21
|
|t:|1779671847
|move|p1a: Persian|U-turn|p2a: Great Tusk
|-resisted|p2a: Great Tusk
|-damage|p2a: Great Tusk|77/100
|
|t:|1779671851
|switch|p1a: Corviknight|Corviknight, M|80/100|[from] U-turn
|move|p2a: Great Tusk|Close Combat|p1a: Corviknight
|-damage|p1a: Corviknight|31/100
|-unboost|p2a: Great Tusk|def|1
|-unboost|p2a: Great Tusk|spd|1
|-damage|p2a: Great Tusk|61/100|[from] item: Rocky Helmet|[of] p1a: Corviknight
|
|-weather|none
|upkeep
|turn|22
|
|t:|1779671863
|move|p2a: Great Tusk|Ice Spinner|p1a: Corviknight
|-damage|p1a: Corviknight|11/100
|-damage|p2a: Great Tusk|44/100|[from] item: Rocky Helmet|[of] p1a: Corviknight
|move|p1a: Corviknight|Roost|p1a: Corviknight
|-heal|p1a: Corviknight|61/100
|-singleturn|p1a: Corviknight|move: Roost
|
|upkeep
|turn|23
|
|t:|1779671875
|move|p2a: Great Tusk|Close Combat|p1a: Corviknight
|-damage|p1a: Corviknight|14/100
|-unboost|p2a: Great Tusk|def|1
|-unboost|p2a: Great Tusk|spd|1
|-damage|p2a: Great Tusk|28/100|[from] item: Rocky Helmet|[of] p1a: Corviknight
|move|p1a: Corviknight|Roost|p1a: Corviknight
|-heal|p1a: Corviknight|64/100
|-singleturn|p1a: Corviknight|move: Roost
|
|upkeep
|turn|24
|
|t:|1779671885
|move|p2a: Great Tusk|Close Combat|p1a: Corviknight
|-damage|p1a: Corviknight|14/100
|-unboost|p2a: Great Tusk|def|1
|-unboost|p2a: Great Tusk|spd|1
|-damage|p2a: Great Tusk|11/100|[from] item: Rocky Helmet|[of] p1a: Corviknight
|move|p1a: Corviknight|Tailwind|p1a: Corviknight
|-sidestart|p1: hugh12248|move: Tailwind
|
|upkeep
|turn|25
|
|t:|1779671893
|move|p1a: Corviknight|Roost|p1a: Corviknight
|-heal|p1a: Corviknight|64/100
|-singleturn|p1a: Corviknight|move: Roost
|move|p2a: Great Tusk|Rapid Spin|p1a: Corviknight
|-resisted|p1a: Corviknight
|-damage|p1a: Corviknight|58/100
|-boost|p2a: Great Tusk|spe|1
|-damage|p2a: Great Tusk|0 fnt|[from] item: Rocky Helmet|[of] p1a: Corviknight
|faint|p2a: Great Tusk
|-end|p2a: Great Tusk|Protosynthesis|[silent]
|
|upkeep
|
|t:|1779671902
|switch|p2a: Enamorus|Enamorus, F|100/100
|turn|26
|
|t:|1779671907
|move|p2a: Enamorus|Mystical Fire|p1a: Corviknight
|-supereffective|p1a: Corviknight
|-damage|p1a: Corviknight|9/100
|-ability|p1a: Corviknight|Mirror Armor
|-boost|p2a: Enamorus|spa|1
|move|p1a: Corviknight|U-turn|p2a: Enamorus
|-resisted|p2a: Enamorus
|-damage|p2a: Enamorus|95/100
|
|t:|1779671918
|switch|p1a: Slowking|Slowking-Galar, M, shiny|90/100|[from] U-turn
|
|-heal|p1a: Slowking|96/100|[from] item: Leftovers
|upkeep
|turn|27
|
|t:|1779671924
|switch|p2a: Darkrai|Darkrai|100/100
|move|p1a: Slowking|Sludge Wave|p2a: Darkrai
|-damage|p2a: Darkrai|55/100
|
|-heal|p1a: Slowking|100/100|[from] item: Leftovers
|-sideend|p1: hugh12248|move: Tailwind
|upkeep
|turn|28
|
|t:|1779671933
|switch|p1a: Incineroar|Incineroar, F, shiny|48/100
|-ability|p1a: Incineroar|Intimidate|boost
|-unboost|p2a: Darkrai|atk|1
|move|p2a: Darkrai|Dark Pulse|p1a: Incineroar
|-resisted|p1a: Incineroar
|-damage|p1a: Incineroar|28/100
|
|upkeep
|turn|29
|
|t:|1779671942
|move|p1a: Incineroar|Fake Out|p2a: Darkrai
|-damage|p2a: Darkrai|40/100
|cant|p2a: Darkrai|flinch
|
|upkeep
|turn|30
|
|t:|1779671947
|move|p2a: Darkrai|Sludge Bomb|p1a: Incineroar
|-damage|p1a: Incineroar|0 fnt
|faint|p1a: Incineroar
|
|upkeep
|
|t:|1779671952
|switch|p1a: Persian|Persian, M|100/100
|turn|31
|
|t:|1779671956
|move|p1a: Persian|Fake Out|p2a: Darkrai
|-damage|p2a: Darkrai|7/100
|cant|p2a: Darkrai|flinch
|
|upkeep
|turn|32
|
|t:|1779671963
|move|p2a: Darkrai|Ice Beam|p1a: Persian
|-damage|p1a: Persian|39/100
|move|p1a: Persian|U-turn|p2a: Darkrai
|-supereffective|p2a: Darkrai
|-damage|p2a: Darkrai|0 fnt
|faint|p2a: Darkrai
|
|t:|1779671969
|switch|p1a: Regieleki|Regieleki|100/100|[from] U-turn
|
|upkeep
|-message|nucleotyde forfeited.
|
|win|hugh12248
|raw|hugh12248's rating: 1139 &rarr; <strong>1163</strong><br />(+24 for winning)
|raw|nucleotyde's rating: 1128 &rarr; <strong>1104</strong><br />(-24 for losing)
|l|☆nucleotyde
|player|p2|
|l|☆hugh12248
|player|p1|
