|j|‽mk512
|j|☆exodusveritas
|t:|1779630143
|gametype|singles
|player|p1|mk512|hoopster|1205
|player|p2|exodusveritas|steven|1243
|gen|9
|tier|[Gen 9] OU
|rated|
|rule|HP Percentage Mod: HP is shown in percentages
|rule|Endless Battle Clause: Forcing endless battles is banned
|rule|Species Clause: Limit one of each Pokémon
|rule|OHKO Clause: OHKO moves are banned
|rule|Evasion Items Clause: Evasion items are banned
|rule|Evasion Moves Clause: Evasion moves are banned
|rule|Evasion Abilities Clause: Evasion abilities are banned
|rule|Sleep Moves Clause: Sleep-inducing moves are banned
|clearpoke
|poke|p1|Samurott-Hisui, M|
|poke|p1|Dipplin, M|
|poke|p1|Gholdengo|
|poke|p1|Clefable, M|
|poke|p1|Lokix, F|
|poke|p1|Iron Treads|
|poke|p2|Gliscor, F|
|poke|p2|Great Tusk|
|poke|p2|Gholdengo|
|poke|p2|Rillaboom, M|
|poke|p2|Kingambit, F|
|poke|p2|Slowking-Galar, F|
|teampreview
|inactive|Battle timer is ON: inactive players will automatically lose when time's up. (requested by exodusveritas)
|inactive|exodusveritas has 120 seconds left.
|inactive|exodusveritas has 90 seconds left.
|
|t:|1779630227
|teamsize|p1|6
|teamsize|p2|6
|start
|switch|p1a: Samurott|Samurott-Hisui, M|100/100
|switch|p2a: Zion|Gliscor, F|100/100
|turn|1
|
|t:|1779630232
|-terastallize|p2a: Zion|Water
|move|p1a: Samurott|Ceaseless Edge|p2a: Zion|[miss]
|-miss|p1a: Samurott|p2a: Zion
|move|p2a: Zion|Spikes|p1a: Samurott
|-sidestart|p1: mk512|Spikes
|
|-status|p2a: Zion|tox|[from] item: Toxic Orb
|upkeep
|turn|2
|
|t:|1779630237
|move|p1a: Samurott|Ceaseless Edge|p2a: Zion
|-damage|p2a: Zion|75/100 tox
|-sidestart|p2: exodusveritas|Spikes
|move|p2a: Zion|Knock Off|p1a: Samurott
|-resisted|p1a: Samurott
|-damage|p1a: Samurott|88/100
|-enditem|p1a: Samurott|Choice Scarf|[from] move: Knock Off|[of] p2a: Zion
|
|-heal|p2a: Zion|87/100 tox|[from] ability: Poison Heal
|upkeep
|turn|3
|
|t:|1779630242
|move|p1a: Samurott|Ceaseless Edge|p2a: Zion|[miss]
|-miss|p1a: Samurott|p2a: Zion
|move|p2a: Zion|Earthquake|p1a: Samurott
|-damage|p1a: Samurott|49/100
|
|-heal|p2a: Zion|99/100 tox|[from] ability: Poison Heal
|upkeep
|turn|4
|
|t:|1779630250
|move|p1a: Samurott|Ceaseless Edge|p2a: Zion
|-damage|p2a: Zion|70/100 tox
|-sidestart|p2: exodusveritas|Spikes
|move|p2a: Zion|Earthquake|p1a: Samurott
|-damage|p1a: Samurott|6/100
|
|-heal|p2a: Zion|82/100 tox|[from] ability: Poison Heal
|upkeep
|turn|5
|
|t:|1779630254
|move|p1a: Samurott|Ceaseless Edge|p2a: Zion
|-damage|p2a: Zion|54/100 tox
|-sidestart|p2: exodusveritas|Spikes
|move|p2a: Zion|Knock Off|p1a: Samurott
|-resisted|p1a: Samurott
|-damage|p1a: Samurott|0 fnt
|faint|p1a: Samurott
|
|-heal|p2a: Zion|66/100 tox|[from] ability: Poison Heal
|upkeep
|
|t:|1779630261
|switch|p1a: Gholdengo|Gholdengo|100/100
|-damage|p1a: Gholdengo|88/100|[from] Spikes
|turn|6
|
|t:|1779630265
|move|p2a: Zion|Protect|p2a: Zion
|-singleturn|p2a: Zion|Protect
|move|p1a: Gholdengo|Thunderbolt|p2a: Zion
|-activate|p2a: Zion|move: Protect
|
|-heal|p2a: Zion|79/100 tox|[from] ability: Poison Heal
|upkeep
|turn|7
|
|t:|1779630277
|move|p1a: Gholdengo|Thunderbolt|p2a: Zion
|-supereffective|p2a: Zion
|-damage|p2a: Zion|5/100 tox
|move|p2a: Zion|Earthquake|p1a: Gholdengo
|-supereffective|p1a: Gholdengo
|-damage|p1a: Gholdengo|12/100
|
|-heal|p2a: Zion|18/100 tox|[from] ability: Poison Heal
|upkeep
|turn|8
|
|t:|1779630282
|move|p1a: Gholdengo|Thunderbolt|p2a: Zion
|-supereffective|p2a: Zion
|-damage|p2a: Zion|0 fnt
|faint|p2a: Zion
|
|upkeep
|
|t:|1779630298
|switch|p2a: Giannis|Rillaboom, M|100/100
|-damage|p2a: Giannis|76/100|[from] Spikes
|-fieldstart|move: Grassy Terrain|[from] ability: Grassy Surge|[of] p2a: Giannis
|turn|9
|
|t:|1779630303
|switch|p1a: Dipplin|Dipplin, M|100/100
|-damage|p1a: Dipplin|88/100|[from] Spikes
|move|p2a: Giannis|Grassy Glide|p1a: Dipplin
|-resisted|p1a: Dipplin
|-damage|p1a: Dipplin|82/100
|
|-heal|p2a: Giannis|82/100|[from] Grassy Terrain
|-heal|p1a: Dipplin|88/100|[from] Grassy Terrain
|upkeep
|turn|10
|
|t:|1779630313
|switch|p2a: Shaq|Slowking-Galar, F|100/100
|-damage|p2a: Shaq|76/100|[from] Spikes
|move|p1a: Dipplin|Infestation|p2a: Shaq
|-damage|p2a: Shaq|74/100
|-activate|p2a: Shaq|move: Infestation|[of] p1a: Dipplin
|
|-heal|p2a: Shaq|80/100|[from] Grassy Terrain
|-heal|p1a: Dipplin|94/100|[from] Grassy Terrain
|-damage|p2a: Shaq|67/100|[from] move: Infestation|[partiallytrapped]
|upkeep
|turn|11
|
|t:|1779630334
|move|p2a: Shaq|Future Sight|p1a: Dipplin
|-start|p2a: Shaq|move: Future Sight
|move|p1a: Dipplin|Dragon Tail|p2a: Shaq
|-damage|p2a: Shaq|50/100
|drag|p2a: Wemby|Gholdengo|100/100
|-damage|p2a: Wemby|76/100|[from] Spikes
|
|-heal|p2a: Wemby|82/100|[from] Grassy Terrain
|-heal|p2a: Wemby|88/100|[from] item: Leftovers
|-heal|p1a: Dipplin|99/100|[from] Grassy Terrain
|upkeep
|turn|12
|
|t:|1779630355
|move|p2a: Wemby|Shadow Ball|p1a: Dipplin
|-damage|p1a: Dipplin|74/100
|move|p1a: Dipplin|Infestation|p2a: Wemby
|-resisted|p2a: Wemby
|-damage|p2a: Wemby|87/100
|-activate|p2a: Wemby|move: Infestation|[of] p1a: Dipplin
|
|-heal|p2a: Wemby|93/100|[from] Grassy Terrain
|-heal|p2a: Wemby|99/100|[from] item: Leftovers
|-heal|p1a: Dipplin|80/100|[from] Grassy Terrain
|-damage|p2a: Wemby|86/100|[from] move: Infestation|[partiallytrapped]
|upkeep
|turn|13
|
|t:|1779630362
|move|p2a: Wemby|Thunder Wave|p1a: Dipplin
|-status|p1a: Dipplin|par
|move|p1a: Dipplin|Recover|p1a: Dipplin
|-heal|p1a: Dipplin|100/100 par
|
|-end|p1a: Dipplin|move: Future Sight
|-crit|p1a: Dipplin
|-damage|p1a: Dipplin|50/100 par
|-heal|p2a: Wemby|93/100|[from] Grassy Terrain
|-heal|p2a: Wemby|99/100|[from] item: Leftovers
|-heal|p1a: Dipplin|56/100 par|[from] Grassy Terrain
|-damage|p2a: Wemby|86/100|[from] move: Infestation|[partiallytrapped]
|-fieldend|move: Grassy Terrain
|upkeep
|turn|14
|
|t:|1779630375
|move|p2a: Wemby|Shadow Ball|p1a: Dipplin
|-damage|p1a: Dipplin|28/100 par
|move|p1a: Dipplin|Recover|p1a: Dipplin
|-heal|p1a: Dipplin|78/100 par
|
|-heal|p2a: Wemby|92/100|[from] item: Leftovers
|-damage|p2a: Wemby|80/100|[from] move: Infestation|[partiallytrapped]
|upkeep
|turn|15
|l|‽mk512
|inactive|mk512 disconnected and has a minute to reconnect!
|player|p1|
|inactive|mk512 has 30 seconds to reconnect!
|inactive|mk512 has 20 seconds to reconnect!
|inactive|mk512 has 15 seconds to reconnect!
|inactive|mk512 has 10 seconds to reconnect!
|j|‽mk512
|inactive|mk512 reconnected and has 85 seconds left.
|player|p1|mk512|hoopster|
|n|‽mk512|mk512
|
|t:|1779630449
|move|p2a: Wemby|Shadow Ball|p1a: Dipplin
|-damage|p1a: Dipplin|50/100 par
|cant|p1a: Dipplin|par
|
|-heal|p2a: Wemby|86/100|[from] item: Leftovers
|-damage|p2a: Wemby|74/100|[from] move: Infestation|[partiallytrapped]
|upkeep
|turn|16
|
|t:|1779630459
|move|p2a: Wemby|Shadow Ball|p1a: Dipplin
|-damage|p1a: Dipplin|23/100 par
|move|p1a: Dipplin|Recover|p1a: Dipplin
|-heal|p1a: Dipplin|73/100 par
|
|-heal|p2a: Wemby|80/100|[from] item: Leftovers
|-damage|p2a: Wemby|67/100|[from] move: Infestation|[partiallytrapped]
|upkeep
|turn|17
|
|t:|1779630465
|move|p2a: Wemby|Shadow Ball|p1a: Dipplin
|-damage|p1a: Dipplin|48/100 par
|move|p1a: Dipplin|Dragon Tail|p2a: Wemby
|-resisted|p2a: Wemby
|-damage|p2a: Wemby|61/100
|drag|p2a: Giannis|Rillaboom, M|82/100
|-damage|p2a: Giannis|57/100|[from] Spikes
|-fieldstart|move: Grassy Terrain|[from] ability: Grassy Surge|[of] p2a: Giannis
|
|-heal|p2a: Giannis|63/100|[from] Grassy Terrain
|-heal|p1a: Dipplin|54/100 par|[from] Grassy Terrain
|upkeep
|turn|18
|
|t:|1779630472
|move|p2a: Giannis|U-turn|p1a: Dipplin
|-supereffective|p1a: Dipplin
|-damage|p1a: Dipplin|23/100 par
|
|t:|1779630475
|switch|p2a: Kawhi Leonard|Great Tusk|100/100|[from] U-turn
|move|p1a: Dipplin|Recover|p1a: Dipplin
|-heal|p1a: Dipplin|73/100 par
|
|-heal|p1a: Dipplin|79/100 par|[from] Grassy Terrain
|upkeep
|turn|19
|
|t:|1779630480
|switch|p1a: Gholdengo|Gholdengo|12/100
|-damage|p1a: Gholdengo|0 fnt|[from] Spikes
|faint|p1a: Gholdengo
|move|p2a: Kawhi Leonard|Rapid Spin|p1: Gholdengo|[notarget]
|-fail|p2a: Kawhi Leonard
|
|upkeep
|
|t:|1779630487
|switch|p1a: Clefable|Clefable, M|100/100
|-damage|p1a: Clefable|88/100|[from] Spikes
|turn|20
|
|t:|1779630493
|move|p2a: Kawhi Leonard|Rapid Spin|p1a: Clefable
|-damage|p1a: Clefable|76/100
|-boost|p2a: Kawhi Leonard|spe|1
|-sideend|p2: exodusveritas|Spikes|[from] move: Rapid Spin|[of] p2a: Kawhi Leonard
|move|p1a: Clefable|Calm Mind|p1a: Clefable
|-boost|p1a: Clefable|spa|1
|-boost|p1a: Clefable|spd|1
|
|-heal|p1a: Clefable|82/100|[from] Grassy Terrain
|-heal|p1a: Clefable|89/100|[from] item: Leftovers
|upkeep
|turn|21
|
|t:|1779630508
|move|p2a: Kawhi Leonard|Earthquake|p1a: Clefable
|-damage|p1a: Clefable|70/100
|move|p1a: Clefable|Calm Mind|p1a: Clefable
|-boost|p1a: Clefable|spa|1
|-boost|p1a: Clefable|spd|1
|
|-heal|p1a: Clefable|76/100|[from] Grassy Terrain
|-heal|p1a: Clefable|82/100|[from] item: Leftovers
|-fieldend|move: Grassy Terrain
|upkeep
|turn|22
|inactive|mk512 has 120 seconds left.
|
|t:|1779630540
|move|p2a: Kawhi Leonard|Earthquake|p1a: Clefable
|-damage|p1a: Clefable|48/100
|move|p1a: Clefable|Calm Mind|p1a: Clefable
|-boost|p1a: Clefable|spa|1
|-boost|p1a: Clefable|spd|1
|
|-heal|p1a: Clefable|54/100|[from] item: Leftovers
|upkeep
|turn|23
|inactive|exodusveritas has 120 seconds left.
|inactive|exodusveritas has 90 seconds left.
|inactive|mk512 has 120 seconds left.
|inactive|exodusveritas has 60 seconds left.
|l|‽mk512
|inactive|mk512 disconnected and has a minute to reconnect!
|player|p1|
|j|‽mk512
|inactive|mk512 reconnected.
|player|p1|mk512|hoopster|
|n|‽mk512|mk512
|inactive|exodusveritas has 30 seconds left.
|inactive|exodusveritas has 20 seconds left.
|
|t:|1779630675
|move|p2a: Kawhi Leonard|Earthquake|p1a: Clefable
|-damage|p1a: Clefable|22/100
|move|p1a: Clefable|Wish|p1a: Clefable
|
|-heal|p1a: Clefable|28/100|[from] item: Leftovers
|upkeep
|turn|24
|inactive|exodusveritas has 30 seconds left this turn.
|inactive|mk512 has 120 seconds left.
|inactive|exodusveritas has 20 seconds left.
|
|t:|1779630687
|move|p1a: Clefable|Protect|p1a: Clefable
|-singleturn|p1a: Clefable|Protect
|move|p2a: Kawhi Leonard|Earthquake|p1a: Clefable
|-activate|p1a: Clefable|move: Protect
|
|-heal|p1a: Clefable|78/100|[from] move: Wish|[wisher] Clefable
|-heal|p1a: Clefable|84/100|[from] item: Leftovers
|upkeep
|turn|25
|inactive|exodusveritas has 30 seconds left this turn.
|
|t:|1779630691
|move|p2a: Kawhi Leonard|Earthquake|p1a: Clefable
|-crit|p1a: Clefable
|-damage|p1a: Clefable|30/100
|move|p1a: Clefable|Calm Mind|p1a: Clefable
|-boost|p1a: Clefable|spa|1
|-boost|p1a: Clefable|spd|1
|
|-heal|p1a: Clefable|36/100|[from] item: Leftovers
|upkeep
|turn|26
|inactive|exodusveritas has 30 seconds left.
|inactive|exodusveritas has 20 seconds left.
|
|t:|1779630715
|-end|p2a: Kawhi Leonard|Protosynthesis|[silent]
|switch|p2a: Wemby|Gholdengo|61/100
|move|p1a: Clefable|Protect||[still]
|-fail|p1a: Clefable
|
|-heal|p2a: Wemby|67/100|[from] item: Leftovers
|-heal|p1a: Clefable|42/100|[from] item: Leftovers
|upkeep
|turn|27
|inactive|exodusveritas has 30 seconds left this turn.
|
|t:|1779630724
|move|p1a: Clefable|Protect|p1a: Clefable
|-singleturn|p1a: Clefable|Protect
|move|p2a: Wemby|Thunder Wave|p1a: Clefable
|-activate|p1a: Clefable|move: Protect
|
|-heal|p2a: Wemby|73/100|[from] item: Leftovers
|-heal|p1a: Clefable|48/100|[from] item: Leftovers
|upkeep
|turn|28
|inactive|exodusveritas has 30 seconds left.
|
|t:|1779630735
|move|p2a: Wemby|Thunder Wave|p1a: Clefable
|-status|p1a: Clefable|par
|move|p1a: Clefable|Wish|p1a: Clefable
|
|-heal|p2a: Wemby|79/100|[from] item: Leftovers
|-heal|p1a: Clefable|55/100 par|[from] item: Leftovers
|upkeep
|turn|29
|inactive|exodusveritas has 30 seconds left.
|
|t:|1779630744
|cant|p1a: Clefable|par
|move|p2a: Wemby|Make It Rain|p1a: Clefable
|-supereffective|p1a: Clefable
|-damage|p1a: Clefable|24/100 par
|-unboost|p2a: Wemby|spa|1
|
|-heal|p1a: Clefable|74/100 par|[from] move: Wish|[wisher] Clefable
|-heal|p2a: Wemby|85/100|[from] item: Leftovers
|-heal|p1a: Clefable|80/100 par|[from] item: Leftovers
|upkeep
|turn|30
|inactive|mk512 has 120 seconds left.
|
|t:|1779630786
|switch|p2a: Kawhi Leonard|Great Tusk|100/100
|move|p1a: Clefable|Calm Mind|p1a: Clefable
|-boost|p1a: Clefable|spa|1
|-boost|p1a: Clefable|spd|1
|
|-heal|p1a: Clefable|86/100 par|[from] item: Leftovers
|upkeep
|turn|31
|
|t:|1779630794
|move|p2a: Kawhi Leonard|Earthquake|p1a: Clefable
|-damage|p1a: Clefable|53/100 par
|move|p1a: Clefable|Moonblast|p2a: Kawhi Leonard
|-supereffective|p2a: Kawhi Leonard
|-damage|p2a: Kawhi Leonard|0 fnt
|faint|p2a: Kawhi Leonard
|-end|p2a: Kawhi Leonard|Protosynthesis|[silent]
|
|-heal|p1a: Clefable|59/100 par|[from] item: Leftovers
|upkeep
|
|t:|1779630802
|switch|p2a: Wemby|Gholdengo|85/100
|turn|32
|
|t:|1779630807
|move|p1a: Clefable|Protect|p1a: Clefable
|-singleturn|p1a: Clefable|Protect
|move|p2a: Wemby|Make It Rain|p1a: Clefable
|-activate|p1a: Clefable|move: Protect
|
|-heal|p2a: Wemby|92/100|[from] item: Leftovers
|-heal|p1a: Clefable|65/100 par|[from] item: Leftovers
|upkeep
|turn|33
|
|t:|1779630811
|move|p2a: Wemby|Make It Rain|p1a: Clefable
|-supereffective|p1a: Clefable
|-damage|p1a: Clefable|38/100 par
|-unboost|p2a: Wemby|spa|1
|move|p1a: Clefable|Wish|p1a: Clefable
|
|-heal|p2a: Wemby|98/100|[from] item: Leftovers
|-heal|p1a: Clefable|44/100 par|[from] item: Leftovers
|upkeep
|turn|34
|inactive|exodusveritas has 60 seconds left.
|
|t:|1779630821
|switch|p2a: Giannis|Rillaboom, M|63/100
|-fieldstart|move: Grassy Terrain|[from] ability: Grassy Surge|[of] p2a: Giannis
|move|p1a: Clefable|Moonblast|p2a: Giannis
|-crit|p2a: Giannis
|-damage|p2a: Giannis|0 fnt
|faint|p2a: Giannis
|
|-heal|p1a: Clefable|94/100 par|[from] move: Wish|[wisher] Clefable
|-heal|p1a: Clefable|99/100 par|[from] Grassy Terrain
|-heal|p1a: Clefable|100/100 par|[from] item: Leftovers
|upkeep
|inactive|exodusveritas has 60 seconds left.
|-message|exodusveritas forfeited.
|
|win|mk512
|raw|mk512's rating: 1205 &rarr; <strong>1233</strong><br />(+28 for winning)
|raw|exodusveritas's rating: 1243 &rarr; <strong>1215</strong><br />(-28 for losing)
|l|☆exodusveritas
|player|p2|
|l|‽mk512
|player|p1|
