|j|☆ulisesweon1
|j|☆Jules93
|t:|1779638746
|gametype|singles
|player|p1|ulisesweon1|clown|1137
|player|p2|Jules93|hilbert|1102
|gen|9
|tier|[Gen 9] OU
|rated|
|rule|HP Percentage Mod: HP is shown in percentages
|rule|Endless Battle Clause: Forcing endless battles is banned
|rule|Species Clause: Limit one of each Pokémon
|rule|OHKO Clause: OHKO moves are banned
|rule|Evasion Items Clause: Evasion items are banned
|rule|Evasion Moves Clause: Evasion moves are banned
|rule|Evasion Abilities Clause: Evasion abilities are banned
|rule|Sleep Moves Clause: Sleep-inducing moves are banned
|clearpoke
|poke|p1|Clodsire, M|
|poke|p1|Whimsicott, M|
|poke|p1|Kingdra, M|
|poke|p1|Galvantula, M|
|poke|p1|Kilowattrel, M|
|poke|p1|Politoed, M|
|poke|p2|Skuntank, M|
|poke|p2|Dusknoir, M|
|poke|p2|Torterra, M|
|poke|p2|Rhyperior, F|
|poke|p2|Empoleon, F|
|poke|p2|Porygon-Z|
|teampreview
|
|t:|1779638751
|teamsize|p1|6
|teamsize|p2|6
|start
|switch|p1a: Whimsicott|Whimsicott, M, shiny|100/100
|switch|p2a: Skuntank|Skuntank, M|100/100
|turn|1
|inactive|Battle timer is ON: inactive players will automatically lose when time's up. (requested by Jules93)
|
|t:|1779638759
|switch|p1a: Politoed|Politoed, M, shiny|100/100
|-weather|RainDance|[from] ability: Drizzle|[of] p1a: Politoed
|move|p2a: Skuntank|Toxic|p1a: Politoed
|-status|p1a: Politoed|tox
|
|-weather|RainDance|[upkeep]
|-damage|p1a: Politoed|94/100 tox|[from] psn
|upkeep
|turn|2
|
|t:|1779638773
|switch|p2a: Dusknoir|Dusknoir, M|100/100
|-item|p1a: Politoed|Damp Rock|[from] ability: Frisk|[of] p2a: Dusknoir
|move|p1a: Politoed|Earth Power|p2a: Dusknoir
|-damage|p2a: Dusknoir|74/100
|
|-weather|RainDance|[upkeep]
|-heal|p2a: Dusknoir|80/100|[from] item: Leftovers
|-damage|p1a: Politoed|82/100 tox|[from] psn
|upkeep
|turn|3
|
|t:|1779638785
|switch|p1a: Clodsire|Clodsire, M, shiny|100/100
|move|p2a: Dusknoir|Poltergeist|p1a: Clodsire
|-activate|p1a: Clodsire|move: Poltergeist|Black Sludge
|-damage|p1a: Clodsire|53/100
|
|-weather|RainDance|[upkeep]
|-heal|p2a: Dusknoir|87/100|[from] item: Leftovers
|-heal|p1a: Clodsire|59/100|[from] item: Black Sludge
|upkeep
|turn|4
|
|t:|1779638796
|move|p2a: Dusknoir|Poltergeist|p1a: Clodsire
|-activate|p1a: Clodsire|move: Poltergeist|Black Sludge
|-damage|p1a: Clodsire|10/100
|move|p1a: Clodsire|Toxic|p2a: Dusknoir
|-status|p2a: Dusknoir|tox
|
|-weather|RainDance|[upkeep]
|-heal|p2a: Dusknoir|93/100 tox|[from] item: Leftovers
|-heal|p1a: Clodsire|16/100|[from] item: Black Sludge
|-damage|p2a: Dusknoir|87/100 tox|[from] psn
|upkeep
|turn|5
|
|t:|1779638808
|move|p1a: Clodsire|Protect|p1a: Clodsire
|-singleturn|p1a: Clodsire|Protect
|move|p2a: Dusknoir|Poltergeist|p1a: Clodsire
|-activate|p1a: Clodsire|move: Protect
|
|-weather|RainDance|[upkeep]
|-heal|p2a: Dusknoir|93/100 tox|[from] item: Leftovers
|-heal|p1a: Clodsire|22/100|[from] item: Black Sludge
|-damage|p2a: Dusknoir|80/100 tox|[from] psn
|upkeep
|turn|6
|
|t:|1779638837
|switch|p1a: Whimsicott|Whimsicott, M, shiny|100/100
|move|p2a: Dusknoir|Poltergeist|p1a: Whimsicott
|-activate|p1a: Whimsicott|move: Poltergeist|Choice Scarf
|-damage|p1a: Whimsicott|63/100
|
|-weather|RainDance|[upkeep]
|-heal|p2a: Dusknoir|87/100 tox|[from] item: Leftovers
|-damage|p2a: Dusknoir|68/100 tox|[from] psn
|upkeep
|turn|7
|
|t:|1779638848
|switch|p1a: Clodsire|Clodsire, M, shiny|22/100
|move|p2a: Dusknoir|Poltergeist|p1a: Clodsire
|-activate|p1a: Clodsire|move: Poltergeist|Black Sludge
|-damage|p1a: Clodsire|0 fnt
|faint|p1a: Clodsire
|
|-weather|RainDance|[upkeep]
|-heal|p2a: Dusknoir|74/100 tox|[from] item: Leftovers
|-damage|p2a: Dusknoir|50/100 tox|[from] psn
|upkeep
|
|t:|1779638858
|switch|p1a: Kingdra|Kingdra, M, shiny|100/100
|turn|8
|
|t:|1779638863
|-terastallize|p1a: Kingdra|Flying
|move|p1a: Kingdra|Hurricane|p2a: Dusknoir
|-damage|p2a: Dusknoir|0 fnt
|faint|p2a: Dusknoir
|
|-weather|none
|upkeep
|
|t:|1779638882
|switch|p2a: Empoleon|Empoleon, F|100/100
|turn|9
|
|t:|1779638887
|switch|p1a: Politoed|Politoed, M, shiny|82/100 tox
|-weather|RainDance|[from] ability: Drizzle|[of] p1a: Politoed
|move|p2a: Empoleon|Agility|p2a: Empoleon
|-boost|p2a: Empoleon|spe|2
|
|-weather|RainDance|[upkeep]
|-damage|p1a: Politoed|76/100 tox|[from] psn
|upkeep
|turn|10
|inactive|Jules93 has 120 seconds left.
|
|t:|1779638940
|move|p2a: Empoleon|Agility|p2a: Empoleon
|-boost|p2a: Empoleon|spe|2
|move|p1a: Politoed|Earth Power|p2a: Empoleon
|-supereffective|p2a: Empoleon
|-damage|p2a: Empoleon|51/100
|
|-weather|RainDance|[upkeep]
|-heal|p2a: Empoleon|57/100|[from] item: Leftovers
|-damage|p1a: Politoed|64/100 tox|[from] psn
|upkeep
|turn|11
|
|t:|1779638951
|move|p2a: Empoleon|Roost|p2a: Empoleon
|-heal|p2a: Empoleon|100/100
|-singleturn|p2a: Empoleon|move: Roost
|move|p1a: Politoed|Earth Power|p2a: Empoleon
|-supereffective|p2a: Empoleon
|-damage|p2a: Empoleon|51/100
|
|-weather|RainDance|[upkeep]
|-heal|p2a: Empoleon|57/100|[from] item: Leftovers
|-damage|p1a: Politoed|46/100 tox|[from] psn
|upkeep
|turn|12
|
|t:|1779638961
|switch|p1a: Whimsicott|Whimsicott, M, shiny|63/100
|move|p2a: Empoleon|Roost|p2a: Empoleon
|-heal|p2a: Empoleon|100/100
|-singleturn|p2a: Empoleon|move: Roost
|
|-weather|RainDance|[upkeep]
|upkeep
|turn|13
|
|t:|1779638968
|move|p1a: Whimsicott|Stun Spore|p2a: Empoleon
|-status|p2a: Empoleon|par
|move|p2a: Empoleon|Flash Cannon|p1a: Whimsicott
|-supereffective|p1a: Whimsicott
|-damage|p1a: Whimsicott|0 fnt
|faint|p1a: Whimsicott
|
|-weather|RainDance|[upkeep]
|upkeep
|
|t:|1779638977
|switch|p1a: Kilowattrel|Kilowattrel, M, shiny|100/100
|turn|14
|inactive|Jules93 has 120 seconds left.
|
|t:|1779638983
|move|p1a: Kilowattrel|Thunder|p2a: Empoleon
|-supereffective|p2a: Empoleon
|-damage|p2a: Empoleon|0 fnt
|faint|p2a: Empoleon
|-damage|p1a: Kilowattrel|91/100|[from] item: Life Orb
|
|-weather|RainDance|[upkeep]
|upkeep
|inactive|Jules93 has 120 seconds left.
|
|t:|1779638996
|switch|p2a: Rhyperior|Rhyperior, F|100/100
|turn|15
|inactive|Jules93 has 120 seconds left.
|
|t:|1779639003
|move|p1a: Kilowattrel|Weather Ball|p2a: Rhyperior
|-supereffective|p2a: Rhyperior
|-damage|p2a: Rhyperior|0 fnt
|faint|p2a: Rhyperior
|-damage|p1a: Kilowattrel|81/100|[from] item: Life Orb
|
|-weather|RainDance|[upkeep]
|upkeep
|inactive|Jules93 has 120 seconds left.
|
|t:|1779639014
|switch|p2a: Torterra|Torterra, M|100/100
|turn|16
|
|t:|1779639019
|-terastallize|p2a: Torterra|Steel
|move|p1a: Kilowattrel|Hurricane|p2a: Torterra
|-resisted|p2a: Torterra
|-damage|p2a: Torterra|63/100
|-damage|p1a: Kilowattrel|71/100|[from] item: Life Orb
|move|p2a: Torterra|Shell Smash|p2a: Torterra
|-unboost|p2a: Torterra|def|1
|-unboost|p2a: Torterra|spd|1
|-boost|p2a: Torterra|atk|2
|-boost|p2a: Torterra|spa|2
|-boost|p2a: Torterra|spe|2
|-enditem|p2a: Torterra|White Herb
|-clearnegativeboost|p2a: Torterra|[silent]
|
|-weather|none
|upkeep
|turn|17
|inactive|Jules93 has 120 seconds left.
|
|t:|1779639040
|move|p2a: Torterra|Superpower|p1a: Kilowattrel
|-resisted|p1a: Kilowattrel
|-damage|p1a: Kilowattrel|0 fnt
|-unboost|p2a: Torterra|atk|1
|-unboost|p2a: Torterra|def|1
|faint|p1a: Kilowattrel
|
|upkeep
|
|t:|1779639045
|switch|p1a: Politoed|Politoed, M, shiny|46/100 tox
|-weather|RainDance|[from] ability: Drizzle|[of] p1a: Politoed
|turn|18
|
|t:|1779639050
|move|p2a: Torterra|Wood Hammer|p1a: Politoed
|-supereffective|p1a: Politoed
|-damage|p1a: Politoed|0 fnt
|faint|p1a: Politoed
|-damage|p2a: Torterra|45/100|[from] Recoil
|
|-weather|RainDance|[upkeep]
|upkeep
|
|t:|1779639060
|switch|p1a: Kingdra|Kingdra, M, shiny, tera:Flying|100/100
|turn|19
|
|t:|1779639079
|move|p1a: Kingdra|Surf|p2a: Torterra
|-damage|p2a: Torterra|0 fnt
|faint|p2a: Torterra
|
|-weather|RainDance|[upkeep]
|upkeep
|inactive|Jules93 has 120 seconds left.
|
|t:|1779639092
|switch|p2a: Skuntank|Skuntank, M|100/100
|turn|20
|
|t:|1779639099
|move|p1a: Kingdra|Surf|p2a: Skuntank
|-damage|p2a: Skuntank|0 fnt
|faint|p2a: Skuntank
|
|-weather|RainDance|[upkeep]
|upkeep
|
|t:|1779639105
|switch|p2a: Porygon-Z|Porygon-Z|100/100
|-ability|p2a: Porygon-Z|Download|boost
|-boost|p2a: Porygon-Z|atk|1
|turn|21
|
|t:|1779639110
|move|p1a: Kingdra|Surf|p2a: Porygon-Z
|-damage|p2a: Porygon-Z|0 fnt
|faint|p2a: Porygon-Z
|
|win|ulisesweon1
|raw|ulisesweon1's rating: 1137 &rarr; <strong>1159</strong><br />(+22 for winning)
|raw|Jules93's rating: 1102 &rarr; <strong>1080</strong><br />(-22 for losing)
|l|☆Jules93
|player|p2|
|l|☆ulisesweon1
|player|p1|
