|inactive|Battle timer is ON: inactive players will automatically lose when time's up.
|t:|1779567144
|gametype|singles
|player|p1|Uber45|unknown|
|player|p2|sand castle|swimmer|
|gen|9
|tier|[Gen 9] OU
|rule|HP Percentage Mod: HP is shown in percentages
|rule|Endless Battle Clause: Forcing endless battles is banned
|rule|Species Clause: Limit one of each Pokémon
|rule|OHKO Clause: OHKO moves are banned
|rule|Evasion Items Clause: Evasion items are banned
|rule|Evasion Moves Clause: Evasion moves are banned
|rule|Evasion Abilities Clause: Evasion abilities are banned
|rule|Sleep Moves Clause: Sleep-inducing moves are banned
|clearpoke
|poke|p1|Terrakion|
|poke|p1|Okidogi, M|
|poke|p1|Iron Valiant|
|poke|p1|Blaziken, F|
|poke|p1|Great Tusk|
|poke|p1|Zamazenta-*|
|poke|p2|Landorus-Therian, M|
|poke|p2|Iron Valiant|
|poke|p2|Kingambit, M|
|poke|p2|Pecharunt|
|poke|p2|Ogerpon-Wellspring, F|
|poke|p2|Kyurem|
|teampreview
|c|☆Uber45|Hf
|c|☆sand castle|hf
|
|t:|1779567173
|teamsize|p1|6
|teamsize|p2|6
|start
|switch|p1a: Terrakion|Terrakion|100/100
|switch|p2a: Ogerpon|Ogerpon-Wellspring, F|100/100
|turn|1
|
|t:|1779567190
|move|p2a: Ogerpon|Ivy Cudgel|p1a: Terrakion|[anim] Ivy Cudgel Water
|-supereffective|p1a: Terrakion
|-enditem|p1a: Terrakion|Focus Sash
|-damage|p1a: Terrakion|1/100
|move|p1a: Terrakion|Rock Tomb|p2a: Ogerpon
|-damage|p2a: Ogerpon|63/100
|-unboost|p2a: Ogerpon|spe|1
|
|upkeep
|turn|2
|
|t:|1779567201
|move|p1a: Terrakion|Stealth Rock|p2a: Ogerpon
|-sidestart|p2: sand castle|move: Stealth Rock
|move|p2a: Ogerpon|Spikes|p1a: Terrakion
|-sidestart|p1: Uber45|Spikes
|
|upkeep
|turn|3
|
|t:|1779567204
|switch|p2a: Landorus|Landorus-Therian, M|100/100
|-damage|p2a: Landorus|88/100|[from] Stealth Rock
|-ability|p2a: Landorus|Intimidate|boost
|-unboost|p1a: Terrakion|atk|1
|move|p1a: Terrakion|Close Combat|p2a: Landorus
|-resisted|p2a: Landorus
|-damage|p2a: Landorus|68/100
|-unboost|p1a: Terrakion|def|1
|-unboost|p1a: Terrakion|spd|1
|-damage|p1a: Terrakion|0 fnt|[from] item: Rocky Helmet|[of] p2a: Landorus
|faint|p1a: Terrakion
|
|upkeep
|
|t:|1779567217
|switch|p1a: Great Tusk|Great Tusk|100/100
|-damage|p1a: Great Tusk|88/100|[from] Spikes
|-enditem|p1a: Great Tusk|Booster Energy
|-activate|p1a: Great Tusk|ability: Protosynthesis|[fromitem]
|-start|p1a: Great Tusk|protosynthesisspe
|turn|4
|
|t:|1779567228
|switch|p2a: Pecharunt|Pecharunt|100/100
|move|p1a: Great Tusk|Bulk Up|p1a: Great Tusk
|-boost|p1a: Great Tusk|atk|1
|-boost|p1a: Great Tusk|def|1
|
|upkeep
|turn|5
|
|t:|1779567239
|switch|p2a: Landorus|Landorus-Therian, M|68/100
|-damage|p2a: Landorus|55/100|[from] Stealth Rock
|-ability|p2a: Landorus|Intimidate|boost
|-unboost|p1a: Great Tusk|atk|1
|move|p1a: Great Tusk|Headlong Rush|p2a: Landorus
|-immune|p2a: Landorus
|
|upkeep
|turn|6
|
|t:|1779567241
|move|p1a: Great Tusk|Bulk Up|p1a: Great Tusk
|-boost|p1a: Great Tusk|atk|1
|-boost|p1a: Great Tusk|def|1
|move|p2a: Landorus|Earth Power|p1a: Great Tusk
|-damage|p1a: Great Tusk|52/100
|-unboost|p1a: Great Tusk|spd|1
|
|upkeep
|turn|7
|
|t:|1779567246
|move|p1a: Great Tusk|Ice Spinner|p2a: Landorus
|-supereffective|p2a: Landorus
|-damage|p2a: Landorus|0 fnt
|-damage|p1a: Great Tusk|36/100|[from] item: Rocky Helmet|[of] p2a: Landorus
|faint|p2a: Landorus
|
|upkeep
|
|t:|1779567259
|switch|p2a: Iron Valiant|Iron Valiant|100/100
|-damage|p2a: Iron Valiant|94/100|[from] Stealth Rock
|-enditem|p2a: Iron Valiant|Booster Energy
|-activate|p2a: Iron Valiant|ability: Quark Drive|[fromitem]
|-start|p2a: Iron Valiant|quarkdrivespe
|turn|8
|
|t:|1779567262
|move|p2a: Iron Valiant|Shadow Ball|p1a: Great Tusk
|-damage|p1a: Great Tusk|0 fnt
|faint|p1a: Great Tusk
|-end|p1a: Great Tusk|Protosynthesis|[silent]
|
|upkeep
|
|t:|1779567270
|switch|p1a: Okidogi|Okidogi, M|100/100
|-damage|p1a: Okidogi|88/100|[from] Spikes
|turn|9
|inactive|sand castle has 270 seconds left.
|
|t:|1779567327
|-end|p2a: Iron Valiant|Quark Drive|[silent]
|switch|p2a: Pecharunt|Pecharunt|100/100
|move|p1a: Okidogi|Gunk Shot|p2a: Pecharunt
|-resisted|p2a: Pecharunt
|-damage|p2a: Pecharunt|93/100
|
|upkeep
|turn|10
|
|t:|1779567332
|move|p2a: Pecharunt|Parting Shot|p1a: Okidogi
|-unboost|p1a: Okidogi|atk|1
|-unboost|p1a: Okidogi|spa|1
|
|t:|1779567335
|switch|p2a: Iron Valiant|Iron Valiant|94/100|[from] Parting Shot
|-damage|p2a: Iron Valiant|88/100|[from] Stealth Rock
|move|p1a: Okidogi|Knock Off|p2a: Iron Valiant
|-resisted|p2a: Iron Valiant
|-damage|p2a: Iron Valiant|83/100
|-status|p2a: Iron Valiant|tox|[from] ability: Toxic Chain|[of] p1a: Okidogi
|
|-damage|p2a: Iron Valiant|77/100 tox|[from] psn
|upkeep
|turn|11
|
|t:|1779567338
|move|p2a: Iron Valiant|Encore|p1a: Okidogi
|-start|p1a: Okidogi|Encore
|move|p1a: Okidogi|Knock Off|p2a: Iron Valiant
|-resisted|p2a: Iron Valiant
|-damage|p2a: Iron Valiant|72/100 tox
|
|-damage|p2a: Iron Valiant|59/100 tox|[from] psn
|upkeep
|turn|12
|
|t:|1779567351
|move|p2a: Iron Valiant|Moonblast|p1a: Okidogi
|-damage|p1a: Okidogi|53/100
|move|p1a: Okidogi|Knock Off|p2a: Iron Valiant
|-resisted|p2a: Iron Valiant
|-damage|p2a: Iron Valiant|54/100 tox
|
|-damage|p2a: Iron Valiant|35/100 tox|[from] psn
|upkeep
|turn|13
|
|t:|1779567359
|move|p2a: Iron Valiant|Moonblast|p1a: Okidogi
|-damage|p1a: Okidogi|21/100
|move|p1a: Okidogi|Knock Off|p2a: Iron Valiant
|-resisted|p2a: Iron Valiant
|-damage|p2a: Iron Valiant|30/100 tox
|
|-damage|p2a: Iron Valiant|5/100 tox|[from] psn
|-end|p1a: Okidogi|Encore
|upkeep
|turn|14
|
|t:|1779567362
|move|p2a: Iron Valiant|Moonblast|p1a: Okidogi
|-damage|p1a: Okidogi|0 fnt
|faint|p1a: Okidogi
|
|-damage|p2a: Iron Valiant|0 fnt|[from] psn
|faint|p2a: Iron Valiant
|-end|p2a: Iron Valiant|Quark Drive|[silent]
|upkeep
|
|t:|1779567375
|switch|p2a: Pecharunt|Pecharunt|93/100
|switch|p1a: Blaziken|Blaziken, F|100/100
|-damage|p1a: Blaziken|88/100|[from] Spikes
|turn|15
|
|t:|1779567379
|move|p1a: Blaziken|Swords Dance|p1a: Blaziken
|-boost|p1a: Blaziken|atk|2
|move|p2a: Pecharunt|Malignant Chain|p1a: Blaziken
|-damage|p1a: Blaziken|40/100
|
|-ability|p1a: Blaziken|Speed Boost|boost
|-boost|p1a: Blaziken|spe|1
|upkeep
|turn|16
|
|t:|1779567405
|move|p1a: Blaziken|Flare Blitz|p2a: Pecharunt
|-damage|p2a: Pecharunt|8/100
|-damage|p1a: Blaziken|5/100|[from] Recoil
|-damage|p1a: Blaziken|0 fnt|[from] item: Life Orb
|faint|p1a: Blaziken
|move|p2a: Pecharunt|Recover|p2a: Pecharunt
|-heal|p2a: Pecharunt|58/100
|
|upkeep
|inactive|Uber45 has 270 seconds left.
|
|t:|1779567454
|switch|p1a: Iron Valiant|Iron Valiant|100/100
|-damage|p1a: Iron Valiant|88/100|[from] Spikes
|-enditem|p1a: Iron Valiant|Booster Energy
|-activate|p1a: Iron Valiant|ability: Quark Drive|[fromitem]
|-start|p1a: Iron Valiant|quarkdrivespe
|turn|17
|
|t:|1779567459
|switch|p2a: Ogerpon|Ogerpon-Wellspring, F|63/100
|-damage|p2a: Ogerpon|51/100|[from] Stealth Rock
|-terastallize|p1a: Iron Valiant|Ghost
|move|p1a: Iron Valiant|Shadow Ball|p2a: Ogerpon
|-damage|p2a: Ogerpon|8/100
|
|upkeep
|turn|18
|
|t:|1779567462
|move|p1a: Iron Valiant|Moonblast|p2a: Ogerpon
|-damage|p2a: Ogerpon|0 fnt
|faint|p2a: Ogerpon
|
|upkeep
|
|t:|1779567474
|switch|p2a: Kingambit|Kingambit, M|100/100
|-damage|p2a: Kingambit|94/100|[from] Stealth Rock
|-activate|p2a: Kingambit|ability: Supreme Overlord
|-start|p2a: Kingambit|fallen3|[silent]
|turn|19
|
|t:|1779567483
|-end|p1a: Iron Valiant|Quark Drive|[silent]
|switch|p1a: Zamazenta|Zamazenta|100/100
|-damage|p1a: Zamazenta|88/100|[from] Spikes
|-ability|p1a: Zamazenta|Dauntless Shield|boost
|-boost|p1a: Zamazenta|def|1
|-terastallize|p2a: Kingambit|Fire
|move|p2a: Kingambit|Iron Head|p1a: Zamazenta
|-damage|p1a: Zamazenta|50/100
|
|-heal|p2a: Kingambit|100/100|[from] item: Leftovers
|upkeep
|turn|20
|
|t:|1779567507
|-end|p2a: Kingambit|fallen3|[silent]
|switch|p2a: Kyurem|Kyurem|100/100
|-ability|p2a: Kyurem|Pressure
|move|p1a: Zamazenta|Stone Edge|p2a: Kyurem
|-supereffective|p2a: Kyurem
|-damage|p2a: Kyurem|12/100
|-damage|p1a: Zamazenta|40/100|[from] item: Life Orb
|
|upkeep
|turn|21
|
|t:|1779567511
|move|p1a: Zamazenta|Crunch|p2a: Kyurem
|-damage|p2a: Kyurem|0 fnt
|faint|p2a: Kyurem
|-damage|p1a: Zamazenta|31/100|[from] item: Life Orb
|
|upkeep
|
|t:|1779567513
|switch|p2a: Pecharunt|Pecharunt|58/100
|turn|22
|
|t:|1779567524
|move|p1a: Zamazenta|Crunch|p2a: Pecharunt
|-supereffective|p2a: Pecharunt
|-damage|p2a: Pecharunt|23/100
|-damage|p1a: Zamazenta|21/100|[from] item: Life Orb
|move|p2a: Pecharunt|Shadow Ball|p1a: Zamazenta
|-damage|p1a: Zamazenta|0 fnt
|faint|p1a: Zamazenta
|
|upkeep
|
|t:|1779567526
|switch|p1a: Iron Valiant|Iron Valiant, tera:Ghost|88/100
|-damage|p1a: Iron Valiant|76/100|[from] Spikes
|turn|23
|
|t:|1779567535
|move|p1a: Iron Valiant|Calm Mind|p1a: Iron Valiant
|-boost|p1a: Iron Valiant|spa|1
|-boost|p1a: Iron Valiant|spd|1
|move|p2a: Pecharunt|Shadow Ball|p1a: Iron Valiant
|-supereffective|p1a: Iron Valiant
|-damage|p1a: Iron Valiant|15/100
|
|upkeep
|turn|24
|
|t:|1779567537
|move|p1a: Iron Valiant|Shadow Ball|p2a: Pecharunt
|-supereffective|p2a: Pecharunt
|-damage|p2a: Pecharunt|0 fnt
|faint|p2a: Pecharunt
|
|upkeep
|
|t:|1779567540
|switch|p2a: Kingambit|Kingambit, M, tera:Fire|100/100
|-damage|p2a: Kingambit|76/100|[from] Stealth Rock
|-activate|p2a: Kingambit|ability: Supreme Overlord
|-start|p2a: Kingambit|fallen5|[silent]
|turn|25
|inactive|sand castle has 270 seconds left.
|inactive|Uber45 has 270 seconds left.
|
|t:|1779567582
|move|p1a: Iron Valiant|Encore||[still]
|-fail|p1a: Iron Valiant
|move|p2a: Kingambit|Iron Head|p1a: Iron Valiant
|-damage|p1a: Iron Valiant|0 fnt
|faint|p1a: Iron Valiant
|-end|p1a: Iron Valiant|Quark Drive|[silent]
|
|win|sand castle
